|j|☆Mongoolslayer
|j|☆cskdnkjsd
|html|Mongoolslayercskdnkjsd    
|uhtml|bestof|Game 3 of a best-of-3
|t:|1784980725
|gametype|doubles
|player|p1|Mongoolslayer|169|1104
|player|p2|cskdnkjsd|265|1000
|gen|9
|tier|[Gen 9 Champions] VGC 2026 Reg M-B (Bo3)
|rated|
|rule|Species Clause: Limit one of each Pokémon
|rule|Item Clause: Limit 1 of each item
|clearpoke
|poke|p1|Staraptor, L50, F|
|poke|p1|Tyranitar, L50, F|
|poke|p1|Excadrill, L50, F|
|poke|p1|Sinistcha, L50|
|poke|p1|Milotic, L50, F|
|poke|p1|Gholdengo, L50|
|poke|p2|Charizard, L50, M|
|poke|p2|Garchomp, L50, M|
|poke|p2|Sylveon, L50, M|
|poke|p2|Kingambit, L50, M|
|poke|p2|Aerodactyl, L50, F|
|poke|p2|Farigiraf, L50, F|
|teampreview|4
|showteam|p1|Staraptor||Staraptite|Intimidate|BraveBird,CloseCombat,Tailwind,Protect|Jolly||F|||50|]Tyranitar||Tyranitarite|SandStream|RockSlide,KnockOff,LowKick,Protect|Adamant||F|||50|]Excadrill||FocusSash|SandRush|HighHorsepower,IronHead,RockSlide,Protect|Adamant||F|||50|]Sinistcha||SitrusBerry|Hospitality|MatchaGotcha,RagePowder,StrengthSap,Protect|Bold|||||50|]Milotic||Leftovers|Competitive|Scald,IceBeam,IcyWind,Recover|Bold||F|||50|]Gholdengo||LifeOrb|GoodasGold|MakeItRain,ShadowBall,NastyPlot,Protect|Timid|||||50|
|showteam|p2|Charizard||CharizarditeY|Blaze|HeatWave,SolarBeam,WeatherBall,Protect|Modest||M|||50|]Garchomp||LifeOrb|RoughSkin|StompingTantrum,Earthquake,DragonClaw,Protect|Jolly||M|||50|]Sylveon||FairyFeather|Pixilate|Detect,HyperVoice,HyperBeam,QuickAttack|Modest||M|||50|]Kingambit||FocusSash|Defiant|SuckerPunch,KowtowCleave,LowKick,IronHead|Adamant||M|||50|]Aerodactyl||Aerodactylite|Unnerve|Tailwind,DualWingbeat,RockSlide,IceFang|Jolly||F|||50|]Farigiraf||SitrusBerry|ArmorTail|TwinBeam,Thunderbolt,Roar,TrickRoom|Bold||F|||50|
|
|t:|1784980759
|teamsize|p1|4
|teamsize|p2|4
|start
|switch|p1a: Milotic|Milotic, L50, F|100/100
|switch|p1b: Tyranitar|Tyranitar, L50, F|100/100
|switch|p2a: Aerodactyl|Aerodactyl, L50, F|100/100
|switch|p2b: Sylveon|Sylveon, L50, M|100/100
|-ability|p2a: Aerodactyl|Unnerve
|-weather|Sandstorm|[from] ability: Sand Stream|[of] p1b: Tyranitar
|turn|1
|
|t:|1784980776
|detailschange|p2a: Aerodactyl|Aerodactyl-Mega, L50, F
|-mega|p2a: Aerodactyl|Aerodactyl|Aerodactylite
|detailschange|p1b: Tyranitar|Tyranitar-Mega, L50, F
|-mega|p1b: Tyranitar|Tyranitar|Tyranitarite
|move|p2a: Aerodactyl|Tailwind|p2a: Aerodactyl
|-sidestart|p2: cskdnkjsd|move: Tailwind
|move|p2b: Sylveon|Hyper Voice|p1b: Tyranitar|[spread] p1a,p1b
|-crit|p1a: Milotic
|-supereffective|p1b: Tyranitar|1
|-damage|p1a: Milotic|48/100
|-damage|p1b: Tyranitar|53/100
|move|p1a: Milotic|Icy Wind|p2a: Aerodactyl|[spread] p2a,p2b
|-supereffective|p2a: Aerodactyl|1
|-damage|p2a: Aerodactyl|85/100
|-damage|p2b: Sylveon|91/100
|-unboost|p2a: Aerodactyl|spe|1
|-unboost|p2b: Sylveon|spe|1
|move|p1b: Tyranitar|Rock Slide|p2b: Sylveon|[spread] p2a,p2b
|-supereffective|p2a: Aerodactyl|1
|-damage|p2a: Aerodactyl|2/100
|-damage|p2b: Sylveon|50/100g
|
|-weather|Sandstorm|[upkeep]
|-damage|p2b: Sylveon|44/100|[from] Sandstorm
|-damage|p1a: Milotic|42/100|[from] Sandstorm
|-heal|p1a: Milotic|48/100|[from] item: Leftovers
|upkeep
|turn|2
|
|t:|1784980798
|move|p1b: Tyranitar|Protect|p1b: Tyranitar
|-singleturn|p1b: Tyranitar|Protect
|move|p2a: Aerodactyl|Rock Slide|p1a: Milotic|[spread] p1a
|-activate|p1b: Tyranitar|move: Protect
|-damage|p1a: Milotic|26/100
|move|p2b: Sylveon|Hyper Voice|p1a: Milotic|[spread] p1a
|-activate|p1b: Tyranitar|move: Protect
|-damage|p1a: Milotic|0 fnt
|faint|p1a: Milotic
|
|-weather|Sandstorm|[upkeep]
|-damage|p2b: Sylveon|37/100|[from] Sandstorm
|upkeep
|
|t:|1784980808
|switch|p1a: Excadrill|Excadrill, L50, F|100/100
|turn|3
|
|t:|1784980818
|move|p2b: Sylveon|Detect|p2b: Sylveon
|-singleturn|p2b: Sylveon|Protect
|move|p2a: Aerodactyl|Rock Slide|p1b: Tyranitar|[spread] p1a,p1b
|-resisted|p1a: Excadrill|2
|-damage|p1a: Excadrill|91/100
|-damage|p1b: Tyranitar|38/100
|move|p1a: Excadrill|Iron Head|p2b: Sylveon
|-activate|p2b: Sylveon|move: Protect
|cant|p1b: Tyranitar|flinch
|
|-weather|Sandstorm|[upkeep]
|-damage|p2b: Sylveon|31/100|[from] Sandstorm
|upkeep
|turn|4
|
|t:|1784980836
|move|p2b: Sylveon|Quick Attack|p1b: Tyranitar
|-supereffective|p1b: Tyranitar|1
|-damage|p1b: Tyranitar|20/100y
|move|p2a: Aerodactyl|Rock Slide|p1b: Tyranitar|[spread] p1b
|-miss|p2a: Aerodactyl|p1a: Excadrill
|-damage|p1b: Tyranitar|5/100
|move|p1a: Excadrill|Iron Head|p2a: Aerodactyl
|-supereffective|p2a: Aerodactyl|1
|-damage|p2a: Aerodactyl|0 fnt
|faint|p2a: Aerodactyl
|move|p1b: Tyranitar|Rock Slide|p2b: Sylveon
|-damage|p2b: Sylveon|0 fnt
|faint|p2b: Sylveon
|
|-weather|Sandstorm|[upkeep]
|-sideend|p2: cskdnkjsd|move: Tailwind
|upkeep
|
|t:|1784980852
|switch|p2a: Garchomp|Garchomp, L50, M|100/100
|switch|p2b: Kingambit|Kingambit, L50, M|100/100
|turn|5
|
|t:|1784980863
|move|p1b: Tyranitar|Protect|p1b: Tyranitar
|-singleturn|p1b: Tyranitar|Protect
|move|p2b: Kingambit|Sucker Punch||[still]
|-fail|p2b: Kingambit
|move|p1a: Excadrill|High Horsepower|p2b: Kingambit
|-supereffective|p2b: Kingambit|1
|-damage|p2b: Kingambit|4/100
|move|p2a: Garchomp|Stomping Tantrum|p1a: Excadrill
|-supereffective|p1a: Excadrill|1
|-crit|p1a: Excadrill
|-damage|p1a: Excadrill|0 fnt
|faint|p1a: Excadrill
|-damage|p2a: Garchomp|90/100|[from] item: Life Orb
|
|-weather|none
|upkeep
|
|t:|1784980871
|switch|p1a: Sinistcha|Sinistcha, L50|100/100
|-heal|p1b: Tyranitar|29/100|[from] ability: Hospitality|[of] p1a: Sinistcha
|turn|6
|
|t:|1784980887
|move|p1a: Sinistcha|Rage Powder|p1a: Sinistcha
|-singleturn|p1a: Sinistcha|move: Rage Powder
|move|p2a: Garchomp|Dragon Claw|p1a: Sinistcha
|-damage|p1a: Sinistcha|62/100
|-damage|p2a: Garchomp|80/100|[from] item: Life Orb
|move|p2b: Kingambit|Iron Head|p1a: Sinistcha
|-crit|p1a: Sinistcha
|-damage|p1a: Sinistcha|12/100
|-enditem|p1a: Sinistcha|Sitrus Berry|[eat]
|-heal|p1a: Sinistcha|37/100|[from] item: Sitrus Berry
|move|p1b: Tyranitar|Rock Slide|p2a: Garchomp|[spread] p2a,p2b
|-resisted|p2a: Garchomp|1
|-resisted|p2b: Kingambit|1
|-damage|p2a: Garchomp|60/100
|-damage|p2b: Kingambit|0 fnt
|faint|p2b: Kingambit
|
|upkeep
|turn|7
|
|t:|1784980906
|move|p1b: Tyranitar|Protect|p1b: Tyranitar
|-singleturn|p1b: Tyranitar|Protect
|move|p2a: Garchomp|Earthquake|p1a: Sinistcha|[spread] p1a
|-activate|p1b: Tyranitar|move: Protect
|-resisted|p1a: Sinistcha|1
|-damage|p1a: Sinistcha|19/100
|-damage|p2a: Garchomp|50/100g|[from] item: Life Orb
|move|p1a: Sinistcha|Strength Sap|p2a: Garchomp
|-unboost|p2a: Garchomp|atk|1
|-heal|p1a: Sinistcha|100/100
|
|upkeep
|turn|8
|-message|cskdnkjsd forfeited.
|raw|Mongoolslayer's rating: 1104 → 1122(+18 for winning)
|raw|cskdnkjsd's rating: 1000 → 1000(+0 for losing)
|
|win|Mongoolslayer
