|j|☆FrancoilCieco777
|j|☆the_foxdark
|html|FrancoilCieco777the_foxdark    
|uhtml|bestof|Game 2 of a best-of-3
|t:|1757006558
|gametype|doubles
|player|p1|FrancoilCieco777|baker|1087
|player|p2|the_foxdark|gambler|1076
|gen|9
|tier|[Gen 9] VGC 2025 Reg H (Bo3)
|rated|
|rule|Species Clause: Limit one of each Pokémon
|rule|Item Clause: Limit 1 of each item
|clearpoke
|poke|p1|Volcarona, L50, F|
|poke|p1|Electabuzz, L50, F|
|poke|p1|Sneasler, L50, M|
|poke|p1|Kingambit, L50, M|
|poke|p1|Dragonite, L50, M|
|poke|p1|Rillaboom, L50, F|
|poke|p2|Jolteon, L50, M|
|poke|p2|Corviknight, L50, M|
|poke|p2|Garchomp, L50, F|
|poke|p2|Volcarona, L50, M|
|poke|p2|Amoonguss, L50, M|
|poke|p2|Samurott-Hisui, L50, F|
|teampreview|4
|showteam|p1|Volcarona||CovertCloak|FlameBody|HeatWave,TeraBlast,QuiverDance,Protect|||F|||50|,,,,,Fairy]Electabuzz||Eviolite|VitalSpirit|Thunderbolt,FollowMe,Taunt,Protect|||F|||50|,,,,,Ghost]Sneasler||FocusSash|Unburden|FakeOut,CloseCombat,DireClaw,Coaching|||M|||50|,,,,,Stellar]Kingambit||BlackGlasses|Defiant|KowtowCleave,SuckerPunch,SwordsDance,Protect|||M|||50|,,,,,Dark]Dragonite||LoadedDice|Multiscale|ScaleShot,ExtremeSpeed,Haze,Protect|||M|||50|,,,,,Normal]Rillaboom||AssaultVest|GrassySurge|WoodHammer,GrassyGlide,HighHorsepower,FakeOut|||F|||50|,,,,,Fire
|showteam|p2|Jolteon||FocusSash|VoltAbsorb|Electroweb,VoltSwitch,TeraBlast,Protect|||M|||50|,,,,,Ice]Corviknight||RockyHelmet|MirrorArmor|BraveBird,BodyPress,Roost,Tailwind|||M|||50|,,,,,Dragon]Garchomp||LifeOrb|RoughSkin|DragonClaw,Earthquake,StompingTantrum,Protect|||F|||50|,,,,,Steel]Volcarona||Leftovers|FlameBody|Flamethrower,GigaDrain,QuiverDance,Protect|||M|||50|,,,,,Grass]Amoonguss||MentalHerb|Regenerator|ClearSmog,PollenPuff,RagePowder,Spore|||M|||50|,,,,,Water]Samurott-Hisui||AssaultVest|Sharpness|AquaCutter,NightSlash,SacredSword,SuckerPunch|||F|||50|,,,,,Poison
|inactive|Battle timer is ON: inactive players will automatically lose when time's up. (requested by FrancoilCieco777)
|
|t:|1757006569
|teamsize|p1|4
|teamsize|p2|4
|start
|switch|p1a: Volcarona|Volcarona, L50, F|100/100
|switch|p1b: Electabuzz|Electabuzz, L50, F|100/100
|switch|p2a: Jolteon|Jolteon, L50, M, shiny|100/100
|switch|p2b: Garchomp|Garchomp, L50, F, shiny|100/100
|turn|1
|
|t:|1757006588
|switch|p1b: Rillaboom|Rillaboom, L50, F|100/100
|-fieldstart|move: Grassy Terrain|[from] ability: Grassy Surge|[of] p1b: Rillaboom
|-terastallize|p1a: Volcarona|Fairy
|move|p2a: Jolteon|Protect|p2a: Jolteon
|-singleturn|p2a: Jolteon|Protect
|move|p2b: Garchomp|Earthquake|p1a: Volcarona|[spread] p1a,p1b
|-activate|p2a: Jolteon|move: Protect
|-resisted|p1b: Rillaboom
|-damage|p1a: Volcarona|73/100
|-damage|p1b: Rillaboom|89/100
|-damage|p2b: Garchomp|91/100|[from] item: Life Orb
|move|p1a: Volcarona|Quiver Dance|p1a: Volcarona
|-boost|p1a: Volcarona|spa|1
|-boost|p1a: Volcarona|spd|1
|-boost|p1a: Volcarona|spe|1
|
|-heal|p1a: Volcarona|79/100|[from] Grassy Terrain
|-heal|p2b: Garchomp|97/100|[from] Grassy Terrain
|-heal|p1b: Rillaboom|95/100|[from] Grassy Terrain
|upkeep
|turn|2
|
|t:|1757006607
|move|p2b: Garchomp|Protect|p2b: Garchomp
|-singleturn|p2b: Garchomp|Protect
|move|p1b: Rillaboom|Fake Out|p2a: Jolteon
|-damage|p2a: Jolteon|76/100
|move|p1a: Volcarona|Heat Wave|p2b: Garchomp|[spread] p2a
|-activate|p2b: Garchomp|move: Protect
|-damage|p2a: Jolteon|0 fnt
|faint|p2a: Jolteon
|
|-heal|p1a: Volcarona|85/100|[from] Grassy Terrain
|-heal|p2b: Garchomp|100/100|[from] Grassy Terrain
|-heal|p1b: Rillaboom|100/100|[from] Grassy Terrain
|upkeep
|
|t:|1757006619
|switch|p2a: Corviknight|Corviknight, L50, M, shiny|100/100
|turn|3
|
|t:|1757006649
|switch|p2b: Volcarona|Volcarona, L50, M, shiny|100/100
|move|p1a: Volcarona|Heat Wave|p2a: Corviknight|[spread] p2b
|-miss|p1a: Volcarona|p2a: Corviknight
|-damage|p2b: Volcarona|53/100
|move|p1b: Rillaboom|Wood Hammer|p2b: Volcarona
|-resisted|p2b: Volcarona
|-damage|p2b: Volcarona|32/100
|-status|p1b: Rillaboom|brn|[from] ability: Flame Body|[of] p2b: Volcarona
|-damage|p1b: Rillaboom|93/100 brn|[from] Recoil
|move|p2a: Corviknight|Tailwind|p2a: Corviknight
|-sidestart|p2: the_foxdark|move: Tailwind
|
|-heal|p2b: Volcarona|38/100|[from] Grassy Terrain
|-heal|p2b: Volcarona|44/100|[from] item: Leftovers
|-heal|p1a: Volcarona|91/100|[from] Grassy Terrain
|-heal|p1b: Rillaboom|99/100 brn|[from] Grassy Terrain
|-damage|p1b: Rillaboom|93/100 brn|[from] brn
|upkeep
|turn|4
|
|t:|1757006672
|switch|p1b: Electabuzz|Electabuzz, L50, F|100/100
|move|p2b: Volcarona|Quiver Dance|p2b: Volcarona
|-boost|p2b: Volcarona|spa|1
|-boost|p2b: Volcarona|spd|1
|-boost|p2b: Volcarona|spe|1
|move|p2a: Corviknight|Brave Bird|p1a: Volcarona
|-damage|p1a: Volcarona|42/100
|-damage|p2a: Corviknight|86/100|[from] Recoil
|move|p1a: Volcarona|Tera Blast|p2a: Corviknight|[anim] Tera Blast Fairy
|-resisted|p2a: Corviknight
|-damage|p2a: Corviknight|56/100
|
|-heal|p2b: Volcarona|50/100|[from] Grassy Terrain
|-heal|p2b: Volcarona|57/100|[from] item: Leftovers
|-heal|p1a: Volcarona|48/100|[from] Grassy Terrain
|upkeep
|turn|5
|
|t:|1757006692
|move|p1b: Electabuzz|Follow Me|p1b: Electabuzz
|-singleturn|p1b: Electabuzz|move: Follow Me
|move|p2b: Volcarona|Quiver Dance|p2b: Volcarona
|-boost|p2b: Volcarona|spa|1
|-boost|p2b: Volcarona|spd|1
|-boost|p2b: Volcarona|spe|1
|move|p2a: Corviknight|Brave Bird|p1b: Electabuzz
|-resisted|p1b: Electabuzz
|-damage|p1b: Electabuzz|82/100
|-damage|p2a: Corviknight|51/100|[from] Recoil
|move|p1a: Volcarona|Heat Wave|p2b: Volcarona|[spread] p2a,p2b
|-supereffective|p2a: Corviknight
|-damage|p2a: Corviknight|0 fnt
|-damage|p2b: Volcarona|32/100
|faint|p2a: Corviknight
|
|-heal|p2b: Volcarona|38/100|[from] Grassy Terrain
|-heal|p2b: Volcarona|44/100|[from] item: Leftovers
|-heal|p1a: Volcarona|54/100|[from] Grassy Terrain
|-heal|p1b: Electabuzz|88/100|[from] Grassy Terrain
|-fieldend|move: Grassy Terrain
|upkeep
|
|t:|1757006708
|switch|p2a: Garchomp|Garchomp, L50, F, shiny|100/100
|turn|6
|
|t:|1757006724
|switch|p1b: Rillaboom|Rillaboom, L50, F|93/100 brn
|-fieldstart|move: Grassy Terrain|[from] ability: Grassy Surge|[of] p1b: Rillaboom
|move|p2b: Volcarona|Protect|p2b: Volcarona
|-singleturn|p2b: Volcarona|Protect
|move|p1a: Volcarona|Protect|p1a: Volcarona
|-singleturn|p1a: Volcarona|Protect
|move|p2a: Garchomp|Earthquake|p1a: Volcarona|[spread] p1b
|-activate|p2b: Volcarona|move: Protect
|-activate|p1a: Volcarona|move: Protect
|-resisted|p1b: Rillaboom
|-damage|p1b: Rillaboom|82/100 brn
|-damage|p2a: Garchomp|91/100|[from] item: Life Orb
|
|-heal|p2b: Volcarona|50/100|[from] Grassy Terrain
|-heal|p2b: Volcarona|57/100|[from] item: Leftovers
|-heal|p2a: Garchomp|97/100|[from] Grassy Terrain
|-heal|p1a: Volcarona|60/100|[from] Grassy Terrain
|-heal|p1b: Rillaboom|88/100 brn|[from] Grassy Terrain
|-damage|p1b: Rillaboom|82/100 brn|[from] brn
|-sideend|p2: the_foxdark|move: Tailwind
|upkeep
|turn|7
|
|t:|1757006747
|move|p2a: Garchomp|Protect|p2a: Garchomp
|-singleturn|p2a: Garchomp|Protect
|move|p1b: Rillaboom|Fake Out|p2a: Garchomp
|-activate|p2a: Garchomp|move: Protect
|move|p2b: Volcarona|Quiver Dance|p2b: Volcarona
|-boost|p2b: Volcarona|spa|1
|-boost|p2b: Volcarona|spd|1
|-boost|p2b: Volcarona|spe|1
|move|p1a: Volcarona|Quiver Dance|p1a: Volcarona
|-boost|p1a: Volcarona|spa|1
|-boost|p1a: Volcarona|spd|1
|-boost|p1a: Volcarona|spe|1
|
|-heal|p2b: Volcarona|63/100|[from] Grassy Terrain
|-heal|p2b: Volcarona|69/100|[from] item: Leftovers
|-heal|p1a: Volcarona|66/100|[from] Grassy Terrain
|-heal|p2a: Garchomp|100/100|[from] Grassy Terrain
|-heal|p1b: Rillaboom|88/100 brn|[from] Grassy Terrain
|-damage|p1b: Rillaboom|82/100 brn|[from] brn
|upkeep
|turn|8
|
|t:|1757006767
|move|p1a: Volcarona|Protect|p1a: Volcarona
|-singleturn|p1a: Volcarona|Protect
|move|p2b: Volcarona|Flamethrower|p1b: Rillaboom
|-supereffective|p1b: Rillaboom
|-damage|p1b: Rillaboom|0 fnt
|faint|p1b: Rillaboom
|move|p2a: Garchomp|Stomping Tantrum|p1a: Volcarona
|-activate|p1a: Volcarona|move: Protect
|
|-heal|p2b: Volcarona|75/100|[from] Grassy Terrain
|-heal|p2b: Volcarona|82/100|[from] item: Leftovers
|-heal|p1a: Volcarona|72/100|[from] Grassy Terrain
|upkeep
|
|t:|1757006772
|switch|p1b: Sneasler|Sneasler, L50, M|100/100
|turn|9
|
|t:|1757006795
|-terastallize|p2a: Garchomp|Steel
|move|p2b: Volcarona|Protect|p2b: Volcarona
|-singleturn|p2b: Volcarona|Protect
|move|p1a: Volcarona|Tera Blast|p2a: Garchomp|[anim] Tera Blast Fairy
|-resisted|p2a: Garchomp
|-damage|p2a: Garchomp|52/100
|move|p1b: Sneasler|Dire Claw|p2b: Volcarona
|-activate|p2b: Volcarona|move: Protect
|move|p2a: Garchomp|Earthquake|p1a: Volcarona|[spread] p1a,p1b
|-activate|p2b: Volcarona|move: Protect
|-supereffective|p1b: Sneasler
|-damage|p1a: Volcarona|43/100
|-damage|p1b: Sneasler|19/100
|-damage|p2a: Garchomp|43/100|[from] item: Life Orb
|
|-heal|p2b: Volcarona|88/100|[from] Grassy Terrain
|-heal|p2b: Volcarona|94/100|[from] item: Leftovers
|-heal|p1a: Volcarona|49/100|[from] Grassy Terrain
|-heal|p1b: Sneasler|24/100|[from] Grassy Terrain
|-heal|p2a: Garchomp|49/100|[from] Grassy Terrain
|upkeep
|turn|10
|
|t:|1757006817
|move|p2b: Volcarona|Flamethrower|p1a: Volcarona
|-damage|p1a: Volcarona|0 fnt
|faint|p1a: Volcarona
|move|p1b: Sneasler|Close Combat|p2a: Garchomp
|-supereffective|p2a: Garchomp
|-damage|p2a: Garchomp|0 fnt
|-unboost|p1b: Sneasler|def|1
|-unboost|p1b: Sneasler|spd|1
|-damage|p1b: Sneasler|12/100|[from] ability: Rough Skin|[of] p2a: Garchomp
|faint|p2a: Garchomp
|
|-heal|p2b: Volcarona|100/100|[from] Grassy Terrain
|-heal|p1b: Sneasler|18/100|[from] Grassy Terrain
|-fieldend|move: Grassy Terrain
|upkeep
|
|t:|1757006823
|switch|p1a: Electabuzz|Electabuzz, L50, F|88/100
|turn|11
|
|t:|1757006837
|move|p1a: Electabuzz|Follow Me|p1a: Electabuzz
|-singleturn|p1a: Electabuzz|move: Follow Me
|move|p2b: Volcarona|Flamethrower|p1a: Electabuzz
|-damage|p1a: Electabuzz|0 fnt
|faint|p1a: Electabuzz
|move|p1b: Sneasler|Dire Claw|p2b: Volcarona
|-damage|p2b: Volcarona|48/100
|-status|p2b: Volcarona|par
|-status|p1b: Sneasler|brn|[from] ability: Flame Body|[of] p2b: Volcarona
|
|-heal|p2b: Volcarona|55/100 par|[from] item: Leftovers
|-damage|p1b: Sneasler|12/100 brn|[from] brn
|upkeep
|turn|12
|
|t:|1757006849
|move|p2b: Volcarona|Protect|p2b: Volcarona
|-singleturn|p2b: Volcarona|Protect
|move|p1b: Sneasler|Dire Claw|p2b: Volcarona
|-activate|p2b: Volcarona|move: Protect
|
|-heal|p2b: Volcarona|61/100 par|[from] item: Leftovers
|-damage|p1b: Sneasler|6/100 brn|[from] brn
|upkeep
|turn|13
|
|t:|1757006858
|move|p1b: Sneasler|Dire Claw|p2b: Volcarona
|-damage|p2b: Volcarona|36/100 par
|move|p2b: Volcarona|Giga Drain|p1b: Sneasler
|-resisted|p1b: Sneasler
|-damage|p1b: Sneasler|0 fnt
|-heal|p2b: Volcarona|39/100 par|[from] drain|[of] p1b: Sneasler
|faint|p1b: Sneasler
|
|win|the_foxdark
