|j|☆Helio list
|j|☆PikaTROD
|html|Helio listPikaTROD    
|uhtml|bestof|Game 2 of a best-of-3
|t:|1756914895
|gametype|doubles
|player|p1|Helio list|266|1350
|player|p2|PikaTROD|2|1487
|gen|9
|tier|[Gen 9] VGC 2025 Reg H (Bo3)
|rated|
|rule|Species Clause: Limit one of each Pokémon
|rule|Item Clause: Limit 1 of each item
|clearpoke
|poke|p1|Rillaboom, L50, F|
|poke|p1|Sneasler, L50, M|
|poke|p1|Dondozo, L50, F|
|poke|p1|Tatsugiri, L50, F|
|poke|p1|Ninetales-Alola, L50, M|
|poke|p1|Gholdengo, L50|
|poke|p2|Kingambit, L50, M|
|poke|p2|Primarina, L50, F|
|poke|p2|Sneasler, L50, F|
|poke|p2|Magmar, L50, M|
|poke|p2|Rillaboom, L50, M|
|poke|p2|Dragapult, L50, F|
|teampreview|4
|showteam|p1|Rillaboom||AssaultVest|GrassySurge|FakeOut,WoodHammer,GrassyGlide,HighHorsepower|||F|||50|,,,,,Water]Sneasler||GrassySeed|Unburden|CloseCombat,DireClaw,ThroatChop,Protect|||M|||50|,,,,,Dark]Dondozo||Leftovers|Unaware|OrderUp,Yawn,Protect,WaveCrash|||F|||50|,,,,,Steel]Tatsugiri||ChoiceScarf|Commander|MuddyWater,IcyWind,DracoMeteor,DragonPulse|||F|||50|,,,,,Stellar]Ninetales-Alola||ChoiceSpecs|SnowWarning|Blizzard,Moonblast,FreezeDry,TeraBlast|||M|||50|,,,,,Water]Gholdengo||LifeOrb|GoodasGold|MakeItRain,ShadowBall,Protect,NastyPlot||||||50|,,,,,Water
|showteam|p2|Kingambit||BlackGlasses|Defiant|KowtowCleave,SuckerPunch,SwordsDance,Protect|||M|||50|,,,,,Dark]Primarina||SitrusBerry|LiquidVoice|HyperVoice,Moonblast,Haze,Protect|||F|||50|,,,,,Water]Sneasler||FocusSash|Unburden|CloseCombat,DireClaw,FakeOut,Protect|||F|||50|,,,,,Stellar]Magmar||Eviolite|VitalSpirit|Overheat,WillOWisp,FollowMe,Protect|||M|||50|,,,,,Ghost]Rillaboom||AssaultVest|GrassySurge|WoodHammer,GrassyGlide,HighHorsepower,FakeOut|||M|||50|,,,,,Fire]Dragapult||ChoiceBand|ClearBody|DragonDarts,PhantomForce,Outrage,Uturn|||F|||50|,,,,,Dragon
|inactive|Battle timer is ON: inactive players will automatically lose when time's up. (requested by Helio list)
|inactive|PikaTROD has 60 seconds left.
|
|t:|1756914943
|teamsize|p1|4
|teamsize|p2|4
|start
|switch|p1a: Dondozo|Dondozo, L50, F|100/100
|switch|p1b: Rillaboom|Rillaboom, L50, F|100/100
|switch|p2a: Sneasler|Sneasler, L50, F|100/100
|switch|p2b: Dragapult|Dragapult, L50, F|100/100
|-fieldstart|move: Grassy Terrain|[from] ability: Grassy Surge|[of] p1b: Rillaboom
|turn|1
|
|t:|1756914960
|-terastallize|p2b: Dragapult|Dragon
|move|p1a: Dondozo|Protect|p1a: Dondozo
|-singleturn|p1a: Dondozo|Protect
|move|p2a: Sneasler|Fake Out|p1a: Dondozo
|-activate|p1a: Dondozo|move: Protect
|move|p2b: Dragapult|Dragon Darts|p1b: Rillaboom
|-damage|p1b: Rillaboom|46/100
|-anim|p2b: Dragapult|Dragon Darts|p1b: Rillaboom
|-damage|p1b: Rillaboom|0 fnt
|faint|p1b: Rillaboom
|
|upkeep
|
|t:|1756914964
|switch|p1b: Sneasler|Sneasler, L50, M|100/100
|-enditem|p1b: Sneasler|Grassy Seed
|-boost|p1b: Sneasler|def|1|[from] item: Grassy Seed
|turn|2
|inactive|PikaTROD has 30 seconds left.
|inactive|PikaTROD has 20 seconds left.
|inactive|PikaTROD has 15 seconds left.
|inactive|PikaTROD has 10 seconds left.
|
|t:|1756915014
|switch|p1b: Tatsugiri|Tatsugiri, L50, F|100/100
|-activate|p1b: Tatsugiri|ability: Commander|[of] p1a: Dondozo
|-boost|p1a: Dondozo|atk|2
|-boost|p1a: Dondozo|spa|2
|-boost|p1a: Dondozo|spe|2
|-boost|p1a: Dondozo|def|2
|-boost|p1a: Dondozo|spd|2
|move|p2b: Dragapult|Dragon Darts|p1a: Dondozo
|-damage|p1a: Dondozo|82/100
|-anim|p2b: Dragapult|Dragon Darts|p1a: Dondozo
|-damage|p1a: Dondozo|65/100
|move|p2a: Sneasler|Dire Claw|p1a: Dondozo
|-damage|p1a: Dondozo|51/100
|move|p1a: Dondozo|Order Up|p2b: Dragapult
|-supereffective|p2b: Dragapult
|-damage|p2b: Dragapult|0 fnt
|faint|p2b: Dragapult
|-boost|p1a: Dondozo|atk|1
|
|-heal|p1a: Dondozo|58/100|[from] Grassy Terrain
|-heal|p1a: Dondozo|64/100|[from] item: Leftovers
|upkeep
|
|t:|1756915028
|switch|p2b: Primarina|Primarina, L50, F|100/100
|turn|3
|
|t:|1756915043
|move|p2a: Sneasler|Protect|p2a: Sneasler
|-singleturn|p2a: Sneasler|Protect
|move|p1a: Dondozo|Yawn|p2b: Primarina
|-start|p2b: Primarina|move: Yawn|[of] p1a: Dondozo
|move|p2b: Primarina|Haze|p2b: Primarina
|-clearallboost
|
|-heal|p1a: Dondozo|70/100|[from] Grassy Terrain
|-heal|p1a: Dondozo|76/100|[from] item: Leftovers
|upkeep
|turn|4
|
|t:|1756915054
|switch|p2b: Kingambit|Kingambit, L50, M|100/100
|move|p2a: Sneasler|Dire Claw|p1a: Dondozo
|-crit|p1a: Dondozo
|-damage|p1a: Dondozo|33/100
|-status|p1a: Dondozo|psn
|move|p1a: Dondozo|Order Up|p2a: Sneasler
|-crit|p2a: Sneasler
|-damage|p2a: Sneasler|42/100
|-boost|p1a: Dondozo|atk|1
|
|-heal|p2a: Sneasler|48/100|[from] Grassy Terrain
|-heal|p1a: Dondozo|40/100 psn|[from] Grassy Terrain
|-heal|p1a: Dondozo|46/100 psn|[from] item: Leftovers
|-damage|p1a: Dondozo|33/100 psn|[from] psn
|upkeep
|turn|5
|inactive|PikaTROD has 30 seconds left.
|inactive|PikaTROD has 20 seconds left.
|inactive|PikaTROD has 15 seconds left.
|
|t:|1756915097
|switch|p2a: Primarina|Primarina, L50, F|100/100
|move|p1a: Dondozo|Yawn|p2b: Kingambit
|-start|p2b: Kingambit|move: Yawn|[of] p1a: Dondozo
|move|p2b: Kingambit|Swords Dance|p2b: Kingambit
|-boost|p2b: Kingambit|atk|2
|
|-heal|p1a: Dondozo|40/100 psn|[from] Grassy Terrain
|-heal|p1a: Dondozo|46/100 psn|[from] item: Leftovers
|-damage|p1a: Dondozo|33/100 psn|[from] psn
|-fieldend|move: Grassy Terrain
|upkeep
|turn|6
|inactive|PikaTROD has 30 seconds left.
|
|t:|1756915126
|move|p2a: Primarina|Haze|p2a: Primarina
|-clearallboost
|move|p1a: Dondozo|Wave Crash|p2b: Kingambit
|-damage|p2b: Kingambit|64/100
|-damage|p1a: Dondozo|23/100 psn|[from] Recoil
|move|p2b: Kingambit|Swords Dance|p2b: Kingambit
|-boost|p2b: Kingambit|atk|2
|
|-heal|p1a: Dondozo|29/100 psn|[from] item: Leftovers
|-damage|p1a: Dondozo|17/100 psn|[from] psn
|-end|p2b: Kingambit|move: Yawn|[silent]
|-status|p2b: Kingambit|slp
|upkeep
|turn|7
|
|t:|1756915138
|move|p2a: Primarina|Protect|p2a: Primarina
|-singleturn|p2a: Primarina|Protect
|cant|p2b: Kingambit|slp
|move|p1a: Dondozo|Wave Crash|p2b: Kingambit
|-damage|p2b: Kingambit|28/100 slp
|-damage|p1a: Dondozo|6/100 psn|[from] Recoil
|
|-heal|p1a: Dondozo|13/100 psn|[from] item: Leftovers
|-damage|p1a: Dondozo|0 fnt|[from] psn
|faint|p1a: Dondozo
|upkeep
|
|t:|1756915141
|switch|p1a: Sneasler|Sneasler, L50, M|100/100
|turn|8
|
|t:|1756915159
|-terastallize|p1b: Tatsugiri|Stellar
|-curestatus|p2b: Kingambit|slp|[msg]
|move|p2b: Kingambit|Sucker Punch|p1b: Tatsugiri
|-crit|p1b: Tatsugiri
|-damage|p1b: Tatsugiri|0 fnt
|faint|p1b: Tatsugiri
|move|p1a: Sneasler|Dire Claw|p2a: Primarina
|-supereffective|p2a: Primarina
|-damage|p2a: Primarina|15/100
|-status|p2a: Primarina|psn
|-enditem|p2a: Primarina|Sitrus Berry|[eat]
|-heal|p2a: Primarina|40/100 psn|[from] item: Sitrus Berry
|move|p2a: Primarina|Moonblast|p1a: Sneasler
|-damage|p1a: Sneasler|40/100
|-unboost|p1a: Sneasler|spa|1
|
|-damage|p2a: Primarina|27/100 psn|[from] psn
|upkeep
|turn|9
|-message|Helio list forfeited.
|
|win|PikaTROD
|raw|Helio list's rating: 1350 → 1338(-12 for losing)
|raw|PikaTROD's rating: 1487 → 1499(+12 for winning)
|l|☆Helio list
|player|p1|
