|j|☆x-demon18
|j|‽NicClassic
|html|x-demon18NicClassic    
|uhtml|bestof|Game 1 of a best-of-3
|t:|1784747066
|gametype|doubles
|player|p1|x-demon18|lucas|1031
|player|p2|NicClassic|102|1014
|gen|9
|tier|[Gen 9 Champions] VGC 2026 Reg M-B (Bo3)
|rated|
|rule|Species Clause: Limit one of each Pokémon
|rule|Item Clause: Limit 1 of each item
|clearpoke
|poke|p1|Incineroar, L50, M|
|poke|p1|Rotom-Wash, L50|
|poke|p1|Venusaur, L50, F|
|poke|p1|Corviknight, L50, M|
|poke|p1|Sylveon, L50, F|
|poke|p1|Garchomp, L50, M|
|poke|p2|Charizard, L50, F|
|poke|p2|Venusaur, L50, M|
|poke|p2|Incineroar, L50, M|
|poke|p2|Garchomp, L50, M|
|poke|p2|Whimsicott, L50, F|
|poke|p2|Kingambit, L50, F|
|teampreview|4
|showteam|p1|Incineroar||ExpertBelt|Intimidate|FakeOut,TemperFlare,ThroatChop,PartingShot|Adamant||M|||50|]Rotom-Wash||RindoBerry|Levitate|HydroPump,Electroweb,WillOWisp,VoltSwitch|Modest|||||50|]Venusaur||Venusaurite|Chlorophyll|GigaDrain,SludgeBomb,EarthPower,Protect|Modest||F|||50|]Corviknight||OccaBerry|MirrorArmor|Tailwind,DualWingbeat,IronHead,BodyPress|Adamant||M|||50|]Sylveon||FairyFeather|Pixilate|HyperVoice,QuickAttack,Yawn,Detect|Modest||F|||50|]Garchomp||LifeOrb|RoughSkin|RockSlide,DragonClaw,StompingTantrum,Protect|Jolly||M|||50|
|showteam|p2|Charizard||CharizarditeY|Blaze|HeatWave,SolarBeam,WeatherBall,Protect|Modest||F|||50|]Venusaur||MiracleSeed|Chlorophyll|SleepPowder,SludgeBomb,GigaDrain,Protect|Timid||M|||50|]Incineroar||SitrusBerry|Intimidate|FakeOut,PartingShot,FlareBlitz,DarkestLariat|Careful||M|||50|]Garchomp||LifeOrb|RoughSkin|StompingTantrum,DragonClaw,RockSlide,Protect|Jolly||M|||50|]Whimsicott||FocusSash|Prankster|Tailwind,Moonblast,Encore,Protect|Timid||F|||50|]Kingambit||BlackGlasses|Defiant|KowtowCleave,SuckerPunch,IronHead,Protect|Adamant||F|||50|
|
|t:|1784747114
|teamsize|p1|4
|teamsize|p2|4
|start
|switch|p1a: Griffith|Corviknight, L50, M|100/100
|switch|p1b: Berserk|Garchomp, L50, M|100/100
|switch|p2a: Whimsicott|Whimsicott, L50, F|100/100
|switch|p2b: Charizard|Charizard, L50, F|100/100
|turn|1
|
|t:|1784747153
|detailschange|p2b: Charizard|Charizard-Mega-Y, L50, F
|-mega|p2b: Charizard|Charizard|Charizardite Y
|-weather|SunnyDay|[from] ability: Drought|[of] p2b: Charizard
|move|p2a: Whimsicott|Tailwind|p2a: Whimsicott
|-sidestart|p2: NicClassic|move: Tailwind
|move|p2b: Charizard|Heat Wave|p1b: Berserk|[spread] p1a,p1b
|-supereffective|p1a: Griffith|1
|-enditem|p1a: Griffith|Occa Berry|[eat]
|-enditem|p1a: Griffith|Occa Berry|[weaken]
|-resisted|p1b: Berserk|1
|-damage|p1a: Griffith|49/100
|-damage|p1b: Berserk|68/100
|move|p1b: Berserk|Rock Slide|p2b: Charizard|[spread] p2a,p2b
|-supereffective|p2b: Charizard|2
|-damage|p2a: Whimsicott|62/100
|-damage|p2b: Charizard|0 fnt
|faint|p2b: Charizard
|-damage|p1b: Berserk|58/100|[from] item: Life Orb
|move|p1a: Griffith|Dual Wingbeat|p2a: Whimsicott
|-supereffective|p2a: Whimsicott|1
|-damage|p2a: Whimsicott|13/100
|-supereffective|p2a: Whimsicott|1
|-damage|p2a: Whimsicott|0 fnt
|faint|p2a: Whimsicott
|-hitcount|p2: Whimsicott|2
|
|-weather|SunnyDay|[upkeep]
|upkeep
|
|t:|1784747167
|switch|p2a: Incineroar|Incineroar, L50, M|100/100
|switch|p2b: Kingambit|Kingambit, L50, F|100/100
|-ability|p2a: Incineroar|Intimidate|boost
|-ability|p1a: Griffith|Mirror Armor
|-unboost|p2a: Incineroar|atk|1
|-unboost|p1b: Berserk|atk|1
|turn|2
|
|t:|1784747192
|move|p1b: Berserk|Protect|p1b: Berserk
|-singleturn|p1b: Berserk|Protect
|move|p2a: Incineroar|Fake Out|p1b: Berserk
|-activate|p1b: Berserk|move: Protect
|move|p2b: Kingambit|Kowtow Cleave|p1a: Griffith
|-damage|p1a: Griffith|10/100
|move|p1a: Griffith|Tailwind|p1a: Griffith
|-sidestart|p1: x-demon18|move: Tailwind
|
|-weather|SunnyDay|[upkeep]
|upkeep
|turn|3
|
|t:|1784747221
|switch|p1b: Yggdrasil|Venusaur, L50, F|100/100
|move|p2b: Kingambit|Sucker Punch|p1a: Griffith
|-damage|p1a: Griffith|0 fnt
|faint|p1a: Griffith
|move|p2a: Incineroar|Darkest Lariat|p1b: Yggdrasil
|-damage|p1b: Yggdrasil|75/100
|
|-weather|SunnyDay|[upkeep]
|upkeep
|
|t:|1784747232
|switch|p1a: Berserk|Garchomp, L50, M|58/100
|turn|4
|
|t:|1784747244
|detailschange|p1b: Yggdrasil|Venusaur-Mega, L50, F
|-mega|p1b: Yggdrasil|Venusaur|Venusaurite
|move|p2b: Kingambit|Protect|p2b: Kingambit
|-singleturn|p2b: Kingambit|Protect
|move|p1a: Berserk|Stomping Tantrum|p2a: Incineroar
|-supereffective|p2a: Incineroar|1
|-damage|p2a: Incineroar|0 fnt
|faint|p2a: Incineroar
|-damage|p1a: Berserk|49/100|[from] item: Life Orb
|move|p1b: Yggdrasil|Earth Power|p2b: Kingambit
|-activate|p2b: Kingambit|move: Protect
|
|-weather|SunnyDay|[upkeep]
|-sideend|p2: NicClassic|move: Tailwind
|upkeep
|turn|5
|
|t:|1784747262
|move|p2b: Kingambit|Sucker Punch|p1a: Berserk
|-damage|p1a: Berserk|10/100
|-damage|p2b: Kingambit|88/100|[from] ability: Rough Skin|[of] p1a: Berserk
|move|p1a: Berserk|Stomping Tantrum|p2b: Kingambit
|-supereffective|p2b: Kingambit|1
|-damage|p2b: Kingambit|3/100
|-damage|p1a: Berserk|1/100|[from] item: Life Orb
|move|p1b: Yggdrasil|Earth Power|p2b: Kingambit
|-supereffective|p2b: Kingambit|1
|-damage|p2b: Kingambit|0 fnt
|faint|p2b: Kingambit
|
|win|x-demon18
||NicClassic is ready for game 2.
|inactive|x-demon18 has 30 seconds to confirm battle start!
