|j|☆reuman
|j|☆new mental
|html|reumannew mental    
|uhtml|bestof|Game 1 of a best-of-3
|t:|1784882116
|gametype|doubles
|player|p1|reuman|lucas|1130
|player|p2|new mental|volkner|1293
|gen|9
|tier|[Gen 9 Champions] VGC 2026 Reg M-B (Bo3)
|rated|
|rule|Species Clause: Limit one of each Pokémon
|rule|Item Clause: Limit 1 of each item
|clearpoke
|poke|p1|Incineroar, L50, M|
|poke|p1|Gengar, L50, M, shiny|
|poke|p1|Milotic, L50, F|
|poke|p1|Whimsicott, L50, M|
|poke|p1|Metagross, L50, shiny|
|poke|p1|Rotom-Mow, L50|
|poke|p2|Charizard, L50, M|
|poke|p2|Garchomp, L50, F|
|poke|p2|Incineroar, L50, F|
|poke|p2|Venusaur, L50, M|
|poke|p2|Toxapex, L50, M|
|poke|p2|Sylveon, L50, F|
|teampreview|4
|showteam|p1|Incineroar||SitrusBerry|Intimidate|ThroatChop,FlareBlitz,FakeOut,CloseCombat|Careful||M|||50|]Gengar||Gengarite|CursedBody|ShadowBall,SludgeBomb,WillOWisp,Protect|Timid||M|||50|]Milotic||Leftovers|Competitive|AlluringVoice,MuddyWater,IcyWind,Protect|Calm||F|||50|]Whimsicott||FocusSash|Prankster|Tailwind,Encore,Protect,Moonblast|Bold||M|||50|]Metagross||Metagrossite|ClearBody|BodyPress,BulletPunch,Protect,PsychicFangs|Adamant|||||50|]Rotom-Mow||BrightPowder|Levitate|WillOWisp,Protect,LeafStorm,VoltSwitch|Calm|||||50|
|showteam|p2|Charizard||CharizarditeY|SolarPower|WeatherBall,HeatWave,AncientPower,Protect|Modest||M|||50|]Garchomp||ChoiceScarf|RoughSkin|RockSlide,DragonClaw,Earthquake,StompingTantrum|Adamant||F|||50|]Incineroar||SitrusBerry|Intimidate|FlareBlitz,FakeOut,DarkestLariat,PartingShot|Impish||F|||50|]Venusaur||LifeOrb|Chlorophyll|SludgeBomb,LeafStorm,EarthPower,Protect|Modest||M|||50|]Toxapex||Leftovers|Regenerator|Infestation,Toxic,WideGuard,BanefulBunker|Bold||M|||50|]Sylveon||FairyFeather|Pixilate|HyperVoice,QuickAttack,Yawn,Detect|Modest||F|||50|
|inactive|Battle timer is ON: inactive players will automatically lose when time's up. (requested by reuman)
|inactive|new mental has 60 seconds left.
|
|t:|1784882154
|teamsize|p1|4
|teamsize|p2|4
|start
|switch|p1a: Milotic|Milotic, L50, F|100/100
|switch|p1b: Whimsicott|Whimsicott, L50, M|100/100
|switch|p2a: Charizard|Charizard, L50, M|100/100
|switch|p2b: Venusaur|Venusaur, L50, M|100/100
|turn|1
|inactive|reuman has 30 seconds left.
|
|t:|1784882185
|detailschange|p2a: Charizard|Charizard-Mega-Y, L50, M
|-mega|p2a: Charizard|Charizard|Charizardite Y
|-weather|SunnyDay|[from] ability: Drought|[of] p2a: Charizard
|move|p1b: Whimsicott|Tailwind|p1b: Whimsicott
|-sidestart|p1: reuman|move: Tailwind
|move|p2b: Venusaur|Leaf Storm|p1a: Milotic
|-supereffective|p1a: Milotic|1
|-damage|p1a: Milotic|0 fnt
|-unboost|p2b: Venusaur|spa|2
|faint|p1a: Milotic
|-damage|p2b: Venusaur|90/100|[from] item: Life Orb
|move|p2a: Charizard|Heat Wave|p1b: Whimsicott
|-supereffective|p1b: Whimsicott|1
|-enditem|p1b: Whimsicott|Focus Sash
|-damage|p1b: Whimsicott|1/100
|-status|p1b: Whimsicott|brn
|
|-weather|SunnyDay|[upkeep]
|-damage|p1b: Whimsicott|0 fnt|[from] brn
|faint|p1b: Whimsicott
|upkeep
|
|t:|1784882194
|switch|p1b: Rotom|Rotom-Mow, L50|100/100
|switch|p1a: Metagross|Metagross, L50, shiny|100/100
|turn|2
|
|t:|1784882200
|switch|p2b: Garchomp|Garchomp, L50, F|100/100
|detailschange|p1a: Metagross|Metagross-Mega, L50, shiny
|-mega|p1a: Metagross|Metagross|Metagrossite
|move|p1a: Metagross|Psychic Fangs|p2a: Charizard
|-damage|p2a: Charizard|44/100
|move|p1b: Rotom|Will-O-Wisp|p2b: Garchomp|[miss]
|-miss|p1b: Rotom|p2b: Garchomp
|move|p2a: Charizard|Heat Wave|p1b: Rotom|[spread] p1b
|-miss|p2a: Charizard|p1a: Metagross
|-supereffective|p1b: Rotom|1
|-damage|p1b: Rotom|8/100
|
|-weather|SunnyDay|[upkeep]
|upkeep
|turn|3
|
|t:|1784882215
|move|p1a: Metagross|Psychic Fangs|p2a: Charizard
|-damage|p2a: Charizard|0 fnt
|faint|p2a: Charizard
|move|p2b: Garchomp|Earthquake|p1a: Metagross|[spread] p1a
|-immune|p1b: Rotom|[from] ability: Levitate
|-supereffective|p1a: Metagross|1
|-damage|p1a: Metagross|43/100
|move|p1b: Rotom|Will-O-Wisp|p2b: Garchomp
|-status|p2b: Garchomp|brn
|
|-weather|SunnyDay|[upkeep]
|-damage|p2b: Garchomp|93/100 brn|[from] brn
|upkeep
|
|t:|1784882223
|switch|p2a: Venusaur|Venusaur, L50, M|90/100
|turn|4
|inactive|reuman has 30 seconds left.
|inactive|reuman has 20 seconds left.
|inactive|reuman has 15 seconds left.
|
|t:|1784882267
|switch|p2b: Toxapex|Toxapex, L50, M|100/100
|move|p2a: Venusaur|Protect|p2a: Venusaur
|-singleturn|p2a: Venusaur|Protect
|move|p1a: Metagross|Psychic Fangs|p2b: Toxapex
|-supereffective|p2b: Toxapex|1
|-damage|p2b: Toxapex|10/100
|move|p1b: Rotom|Leaf Storm|p2b: Toxapex
|-damage|p2b: Toxapex|0 fnt
|-unboost|p1b: Rotom|spa|2
|faint|p2b: Toxapex
|
|-weather|SunnyDay|[upkeep]
|-sideend|p1: reuman|move: Tailwind
|upkeep
|
|t:|1784882277
|switch|p2b: Garchomp|Garchomp, L50, F|93/100 brn
|turn|5
|
|t:|1784882284
|move|p1a: Metagross|Protect|p1a: Metagross
|-singleturn|p1a: Metagross|Protect
|move|p1b: Rotom|Protect|p1b: Rotom
|-singleturn|p1b: Rotom|Protect
|move|p2a: Venusaur|Earth Power|p1a: Metagross
|-activate|p1a: Metagross|move: Protect
|move|p2b: Garchomp|Stomping Tantrum|p1a: Metagross
|-activate|p1a: Metagross|move: Protect
|
|-weather|none
|-damage|p2b: Garchomp|87/100 brn|[from] brn
|upkeep
|turn|6
|
|t:|1784882299
|move|p2a: Venusaur|Protect|p2a: Venusaur
|-singleturn|p2a: Venusaur|Protect
|move|p2b: Garchomp|Stomping Tantrum|p1a: Metagross
|-supereffective|p1a: Metagross|1
|-damage|p1a: Metagross|15/100
|move|p1a: Metagross|Psychic Fangs|p2a: Venusaur
|-activate|p2a: Venusaur|move: Protect
|move|p1b: Rotom|Leaf Storm|p2b: Garchomp|[miss]
|-miss|p1b: Rotom|p2b: Garchomp
|
|-damage|p2b: Garchomp|81/100 brn|[from] brn
|upkeep
|turn|7
|
|t:|1784882308
|move|p2b: Garchomp|Stomping Tantrum|p1a: Metagross
|-supereffective|p1a: Metagross|1
|-damage|p1a: Metagross|0 fnt
|faint|p1a: Metagross
|move|p2a: Venusaur|Earth Power|p1b: Rotom
|-immune|p1b: Rotom|[from] ability: Levitate
|move|p1b: Rotom|Leaf Storm|p2b: Garchomp
|-damage|p2b: Garchomp|53/100 brn
|-unboost|p1b: Rotom|spa|2
|
|-damage|p2b: Garchomp|47/100 brn|[from] brn
|upkeep
|turn|8
|
|t:|1784882313
|move|p2b: Garchomp|Stomping Tantrum|p1b: Rotom
|-immune|p1b: Rotom|[from] ability: Levitate
|move|p2a: Venusaur|Sludge Bomb|p1b: Rotom|[miss]
|-miss|p2a: Venusaur|p1b: Rotom
|move|p1b: Rotom|Leaf Storm|p2b: Garchomp|[miss]
|-miss|p1b: Rotom|p2b: Garchomp
|
|-damage|p2b: Garchomp|41/100 brn|[from] brn
|upkeep
|turn|9
|
|t:|1784882317
|move|p2b: Garchomp|Stomping Tantrum|p1b: Rotom
|-immune|p1b: Rotom|[from] ability: Levitate
|move|p2a: Venusaur|Sludge Bomb|p1b: Rotom
|-supereffective|p1b: Rotom|1
|-damage|p1b: Rotom|0 fnt
|faint|p1b: Rotom
|-damage|p2a: Venusaur|81/100|[from] item: Life Orb
|
|win|new mental
