|j|☆PenguimSAL
|j|☆dguerrera8
|html|PenguimSALdguerrera8    
|uhtml|bestof|Game 2 of a best-of-3
|t:|1783738975
|gametype|doubles
|player|p1|PenguimSAL|hugh|1180
|player|p2|dguerrera8|266|1104
|gen|9
|tier|[Gen 9 Champions] VGC 2026 Reg M-B (Bo3)
|rated|
|rule|Species Clause: Limit one of each Pokémon
|rule|Item Clause: Limit 1 of each item
|clearpoke
|poke|p1|Sneasler, L50, F|
|poke|p1|Blastoise, L50, M|
|poke|p1|Kingambit, L50, M|
|poke|p1|Incineroar, L50, F|
|poke|p1|Delphox, L50, M|
|poke|p1|Sinistcha, L50|
|poke|p2|Delphox, L50, M, shiny|
|poke|p2|Tinkaton, L50, F, shiny|
|poke|p2|Tsareena, L50, F, shiny|
|poke|p2|Ninetales-Alola, L50, F, shiny|
|poke|p2|Heliolisk, L50, M, shiny|
|poke|p2|Garchomp, L50, F, shiny|
|teampreview|4
|showteam|p1|Sneasler||FocusSash|PoisonTouch|DireClaw,CloseCombat,FakeOut,QuickGuard|Jolly||F|||50|]Blastoise||Blastoisinite|RainDish|DarkPulse,WaterSpout,ShellSmash,Protect|Modest||M|||50|]Kingambit||BlackGlasses|Defiant|KowtowCleave,SuckerPunch,SwordsDance,Protect|Adamant||M|||50|]Incineroar||SitrusBerry|Intimidate|FlareBlitz,HelpingHand,PartingShot,FakeOut|Careful||F|||50|]Delphox||Delphoxite|Blaze|HeatWave,NastyPlot,Psyshock,Protect|Modest||M|||50|]Sinistcha||KasibBerry|Hospitality|MatchaGotcha,RagePowder,TrickRoom,LifeDew|Bold|||||50|
|showteam|p2|Delphox||Delphoxite|Magician|HeatWave,Psychic,Protect,GrassKnot|Timid||M|||50|]Tinkaton||OccaBerry|MoldBreaker|PlayRough,GigatonHammer,Protect,FakeOut|Jolly||F|||50|]Tsareena||FocusSash|QueenlyMajesty|TropKick,TripleAxel,Protect,LowKick|Adamant||F|||50|]Ninetales-Alola||LightClay|SnowWarning|Blizzard,Moonblast,Protect,AuroraVeil|Timid||F|||50|]Heliolisk||LifeOrb|DrySkin|Thunderbolt,GrassKnot,Protect,AllySwitch|Timid||M|||50|]Garchomp||ChoiceScarf|RoughSkin|DragonClaw,Earthquake,RockSlide,PoisonJab|Jolly||F|||50|
|inactive|Battle timer is ON: inactive players will automatically lose when time's up. (requested by dguerrera8)
|inactive|PenguimSAL has 60 seconds left.
|
|t:|1783739008
|teamsize|p1|4
|teamsize|p2|4
|start
|switch|p1a: Incineroar|Incineroar, L50, F|100/100
|switch|p1b: Kingambit|Kingambit, L50, M|100/100
|switch|p2a: Delphox|Delphox, L50, M, shiny|100/100
|switch|p2b: Tinkaton|Tinkaton, L50, F, shiny|100/100
|-ability|p2b: Tinkaton|Mold Breaker
|-ability|p1a: Incineroar|Intimidate|boost
|-unboost|p2a: Delphox|atk|1
|-unboost|p2b: Tinkaton|atk|1
|turn|1
|
|t:|1783739024
|detailschange|p2a: Delphox|Delphox-Mega, L50, M, shiny
|-mega|p2a: Delphox|Delphox|Delphoxite
|move|p2b: Tinkaton|Fake Out|p1b: Kingambit
|-resisted|p1b: Kingambit|1
|-damage|p1b: Kingambit|97/100
|move|p1a: Incineroar|Fake Out|p2b: Tinkaton
|-resisted|p2b: Tinkaton|1
|-damage|p2b: Tinkaton|92/100
|move|p2a: Delphox|Heat Wave|p1b: Kingambit|[spread] p1a,p1b
|-resisted|p1a: Incineroar|1
|-supereffective|p1b: Kingambit|1
|-damage|p1a: Incineroar|83/100
|-damage|p1b: Kingambit|25/100
|-status|p1b: Kingambit|brn
|cant|p1b: Kingambit|flinch
|
|-damage|p1b: Kingambit|19/100 brn|[from] brn
|upkeep
|turn|2
|inactive|dguerrera8 has 30 seconds left.
|
|t:|1783739051
|switch|p2a: Tsareena|Tsareena, L50, F, shiny|100/100
|move|p1b: Kingambit|Sucker Punch||[still]
|cant|p2a: Tsareena|ability: Queenly Majesty|Sucker Punch|[of] p1b: Kingambit
|move|p2b: Tinkaton|Gigaton Hammer|p1a: Incineroar
|-resisted|p1a: Incineroar|1
|-damage|p1a: Incineroar|62/100
|move|p1a: Incineroar|Flare Blitz|p2b: Tinkaton
|-supereffective|p2b: Tinkaton|1
|-enditem|p2b: Tinkaton|Occa Berry|[eat]
|-enditem|p2b: Tinkaton|Occa Berry|[weaken]
|-damage|p2b: Tinkaton|28/100
|-status|p2b: Tinkaton|brn
|-damage|p1a: Incineroar|46/100|[from] Recoil
|-enditem|p1a: Incineroar|Sitrus Berry|[eat]
|-heal|p1a: Incineroar|70/100|[from] item: Sitrus Berry
|
|-damage|p2b: Tinkaton|22/100 brn|[from] brn
|-damage|p1b: Kingambit|13/100 brn|[from] brn
|upkeep
|turn|3
|inactive|dguerrera8 has 30 seconds left.
|inactive|dguerrera8 has 20 seconds left.
|
|t:|1783739090
|switch|p1b: Sinistcha|Sinistcha, L50|100/100
|-heal|p1a: Incineroar|95/100|[from] ability: Hospitality|[of] p1b: Sinistcha
|move|p2b: Tinkaton|Play Rough|p1a: Incineroar
|-damage|p1a: Incineroar|86/100
|move|p1a: Incineroar|Flare Blitz|p2a: Tsareena
|-supereffective|p2a: Tsareena|1
|-damage|p2a: Tsareena|12/100
|-damage|p1a: Incineroar|60/100|[from] Recoil
|move|p2a: Tsareena|Low Kick|p1a: Incineroar
|-supereffective|p1a: Incineroar|1
|-damage|p1a: Incineroar|8/100
|
|-damage|p2b: Tinkaton|16/100 brn|[from] brn
|upkeep
|turn|4
|inactive|PenguimSAL has 30 seconds left.
|inactive|PenguimSAL has 20 seconds left.
|inactive|PenguimSAL has 15 seconds left.
|
|t:|1783739132
|move|p2b: Tinkaton|Play Rough|p1a: Incineroar
|-damage|p1a: Incineroar|0 fnt
|faint|p1a: Incineroar
|move|p2a: Tsareena|Triple Axel|p1b: Sinistcha
|-supereffective|p1b: Sinistcha|1
|-damage|p1b: Sinistcha|87/100
|-supereffective|p1b: Sinistcha|1
|-damage|p1b: Sinistcha|60/100
|-supereffective|p1b: Sinistcha|1
|-damage|p1b: Sinistcha|26/100
|-hitcount|p1b: Sinistcha|3
|move|p1b: Sinistcha|Matcha Gotcha|p2a: Tsareena|[spread] p2a,p2b
|-resisted|p2a: Tsareena|1
|-resisted|p2b: Tinkaton|1
|-damage|p2a: Tsareena|1/100
|-heal|p1b: Sinistcha|33/100|[from] drain|[of] p2a: Tsareena
|-damage|p2b: Tinkaton|4/100 brn
|-heal|p1b: Sinistcha|38/100|[from] drain|[of] p2b: Tinkaton
|
|-damage|p2b: Tinkaton|0 fnt|[from] brn
|faint|p2b: Tinkaton
|upkeep
|
|t:|1783739148
|switch|p2b: Garchomp|Garchomp, L50, F, shiny|100/100
|switch|p1a: Delphox|Delphox, L50, M|100/100
|turn|5
|inactive|PenguimSAL has 30 seconds left.
|
|t:|1783739174
|detailschange|p1a: Delphox|Delphox-Mega, L50, M
|-mega|p1a: Delphox|Delphox|Delphoxite
|move|p2b: Garchomp|Rock Slide|p1a: Delphox|[spread] p1a,p1b
|-supereffective|p1a: Delphox|1
|-damage|p1a: Delphox|53/100
|-damage|p1b: Sinistcha|20/100y
|cant|p1a: Delphox|flinch
|move|p2a: Tsareena|Triple Axel|p1b: Sinistcha|[miss]
|-miss|p2a: Tsareena|p1b: Sinistcha
|cant|p1b: Sinistcha|flinch
|
|upkeep
|turn|6
|
|t:|1783739186
|move|p2b: Garchomp|Rock Slide|p1a: Delphox|[spread] p1a,p1b
|-supereffective|p1a: Delphox|1
|-damage|p1a: Delphox|7/100
|-damage|p1b: Sinistcha|5/100
|move|p1a: Delphox|Heat Wave|p2a: Tsareena|[spread] p2b
|-miss|p1a: Delphox|p2a: Tsareena
|-resisted|p2b: Garchomp|1
|-damage|p2b: Garchomp|77/100
|move|p2a: Tsareena|Triple Axel|p1b: Sinistcha
|-supereffective|p1b: Sinistcha|1
|-damage|p1b: Sinistcha|0 fnt
|faint|p1b: Sinistcha
|-hitcount|p1: Sinistcha|1
|
|upkeep
|
|t:|1783739197
|switch|p1b: Kingambit|Kingambit, L50, M|13/100 brn
|turn|7
|
|t:|1783739211
|move|p1b: Kingambit|Protect|p1b: Kingambit
|-singleturn|p1b: Kingambit|Protect
|move|p2b: Garchomp|Rock Slide|p1a: Delphox|[spread] p1a
|-activate|p1b: Kingambit|move: Protect
|-supereffective|p1a: Delphox|1
|-damage|p1a: Delphox|0 fnt
|faint|p1a: Delphox
|move|p2a: Tsareena|Low Kick|p1b: Kingambit
|-activate|p1b: Kingambit|move: Protect
|
|-damage|p1b: Kingambit|7/100 brn|[from] brn
|upkeep
|turn|8
|
|t:|1783739221
|move|p2b: Garchomp|Rock Slide|p1b: Kingambit|[miss]
|-miss|p2b: Garchomp|p1b: Kingambit
|move|p2a: Tsareena|Low Kick|p1b: Kingambit
|-supereffective|p1b: Kingambit|2
|-damage|p1b: Kingambit|0 fnt
|faint|p1b: Kingambit
|
|win|dguerrera8
