|j|☆Pumpkinman
|j|☆StarfleetEnsignAnt
|html|PumpkinmanStarfleetEnsignAnt    
|uhtml|bestof|Game 1 of a best-of-3
|t:|1756934155
|gametype|doubles
|player|p1|Pumpkinman|cyclist-gen4|1149
|player|p2|StarfleetEnsignAnt|swimmerf|1067
|gen|9
|tier|[Gen 9] VGC 2025 Reg H (Bo3)
|rated|
|rule|Species Clause: Limit one of each Pokémon
|rule|Item Clause: Limit 1 of each item
|clearpoke
|poke|p1|Charizard, L50, F|
|poke|p1|Torkoal, L50, F|
|poke|p1|Porygon2, L50|
|poke|p1|Incineroar, L50, M|
|poke|p1|Jumpluff, L50, M|
|poke|p1|Ursaluna, L50, M|
|poke|p2|Torkoal, L50, F|
|poke|p2|Lilligant-Hisui, L50, F|
|poke|p2|Ursaluna, L50, F|
|poke|p2|Bronzong, L50|
|poke|p2|Incineroar, L50, M|
|poke|p2|Indeedee-F, L50, F|
|teampreview|4
|showteam|p1|Charizard||ChoiceSpecs|SolarPower|HeatWave,Overheat,WeatherBall,AirSlash|||F|||50|,,,,,Ghost]Torkoal||EjectPack|Drought|Eruption,Overheat,HelpingHand,Protect|||F|||50|,,,,,Fire]Porygon2||Eviolite|Download|TeraBlast,IceBeam,Recover,TrickRoom||||||50|,,,,,Fighting]Incineroar||SitrusBerry|Intimidate|FlareBlitz,KnockOff,FakeOut,PartingShot|||M|||50|,,,,,Ghost]Jumpluff||CovertCloak|Chlorophyll|SleepPowder,SunnyDay,RagePowder,Tailwind|||M|||50|,,,,,Water]Ursaluna||FlameOrb|Guts|HeadlongRush,Facade,Earthquake,Protect|||M|||50|,,,,,Ghost
|showteam|p2|Torkoal||Charcoal|Drought|Eruption,HeatWave,EarthPower,Protect|||F|||50|,,,,,Fire]Lilligant-Hisui||FocusSash|Chlorophyll|CloseCombat,LeafBlade,SunnyDay,AfterYou|||F|||50|,,,,,Ghost]Ursaluna||FlameOrb|Guts|Facade,HeadlongRush,Roar,Protect|||F|||50|,,,,,Ghost]Bronzong||SitrusBerry|Levitate|BodyPress,TrickRoom,Safeguard,Protect||||||50|,,,,,Steel]Incineroar||SafetyGoggles|Intimidate|FakeOut,FlareBlitz,KnockOff,PartingShot|||M|||50|,,,,,Ghost]Indeedee-F||MentalHerb|PsychicSurge|Psychic,FollowMe,TrickRoom,HelpingHand|||F|||50|,,,,,Dark
|inactive|Battle timer is ON: inactive players will automatically lose when time's up. (requested by Pumpkinman)
|inactive|Pumpkinman has 60 seconds left.
|inactive|StarfleetEnsignAnt has 60 seconds left.
|
|t:|1756934215
|teamsize|p1|4
|teamsize|p2|4
|start
|switch|p1a: ourse|Ursaluna, L50, M|100/100
|switch|p1b: tortu|Torkoal, L50, F|100/100
|switch|p2a: Rellie|Lilligant-Hisui, L50, F|100/100
|switch|p2b: Ursaluna|Ursaluna, L50, F|100/100
|-weather|SunnyDay|[from] ability: Drought|[of] p1b: tortu
|turn|1
|inactive|Pumpkinman has 30 seconds left.
|inactive|StarfleetEnsignAnt has 30 seconds left.
|inactive|Pumpkinman has 20 seconds left.
|inactive|Pumpkinman has 15 seconds left.
|
|t:|1756934259
|-terastallize|p1a: ourse|Ghost
|move|p2a: Rellie|After You|p2b: Ursaluna
|-activate|p2b: Ursaluna|move: After You
|move|p2b: Ursaluna|Headlong Rush|p1b: tortu
|-supereffective|p1b: tortu
|-damage|p1b: tortu|0 fnt
|-unboost|p2b: Ursaluna|def|1
|-unboost|p2b: Ursaluna|spd|1
|faint|p1b: tortu
|move|p1a: ourse|Headlong Rush|p2a: Rellie
|-resisted|p2a: Rellie
|-damage|p2a: Rellie|44/100
|-unboost|p1a: ourse|def|1
|-unboost|p1a: ourse|spd|1
|
|-weather|SunnyDay|[upkeep]
|-status|p1a: ourse|brn|[from] item: Flame Orb
|-status|p2b: Ursaluna|brn|[from] item: Flame Orb
|upkeep
|
|t:|1756934283
|switch|p1b: grocha|Incineroar, L50, M|100/100
|-ability|p1b: grocha|Intimidate|boost
|-unboost|p2a: Rellie|atk|1
|-unboost|p2b: Ursaluna|atk|1
|turn|2
|inactive|Pumpkinman has 30 seconds left.
|inactive|StarfleetEnsignAnt has 30 seconds left.
|
|t:|1756934309
|switch|p2b: Bronzong|Bronzong, L50|100/100
|-terastallize|p2a: Rellie|Ghost
|move|p2a: Rellie|Close Combat|p1b: grocha
|-supereffective|p1b: grocha
|-damage|p1b: grocha|35/100
|-unboost|p2a: Rellie|def|1
|-unboost|p2a: Rellie|spd|1
|-enditem|p1b: grocha|Sitrus Berry|[eat]
|-heal|p1b: grocha|60/100|[from] item: Sitrus Berry
|move|p1b: grocha|Flare Blitz|p2a: Rellie
|-damage|p2a: Rellie|0 fnt
|faint|p2a: Rellie
|-damage|p1b: grocha|50/100|[from] Recoil
|move|p1a: ourse|Facade|p2b: Bronzong
|-resisted|p2b: Bronzong
|-damage|p2b: Bronzong|50/100
|-enditem|p2b: Bronzong|Sitrus Berry|[eat]
|-heal|p2b: Bronzong|75/100|[from] item: Sitrus Berry
|
|-weather|SunnyDay|[upkeep]
|-damage|p1a: ourse|95/100 brn|[from] brn
|upkeep
|
|t:|1756934330
|switch|p2a: Ursaluna|Ursaluna, L50, F|100/100 brn
|turn|3
|inactive|Pumpkinman has 30 seconds left.
|inactive|StarfleetEnsignAnt has 30 seconds left.
|inactive|Pumpkinman has 20 seconds left.
|inactive|Pumpkinman has 15 seconds left.
|
|t:|1756934374
|move|p2b: Bronzong|Protect|p2b: Bronzong
|-singleturn|p2b: Bronzong|Protect
|move|p1b: grocha|Flare Blitz|p2b: Bronzong
|-activate|p2b: Bronzong|move: Protect
|move|p1a: ourse|Facade|p2a: Ursaluna
|-damage|p2a: Ursaluna|6/100 brn
|move|p2a: Ursaluna|Headlong Rush|p1a: ourse
|-damage|p1a: ourse|0 fnt
|-unboost|p2a: Ursaluna|def|1
|-unboost|p2a: Ursaluna|spd|1
|faint|p1a: ourse
|
|-weather|SunnyDay|[upkeep]
|-damage|p2a: Ursaluna|0 fnt|[from] brn
|faint|p2a: Ursaluna
|upkeep
|
|t:|1756934389
|switch|p1a: canar|Porygon2, L50|100/100
|switch|p2a: Torkoal|Torkoal, L50, F|100/100
|-ability|p1a: canar|Download|boost
|-boost|p1a: canar|spa|1
|turn|4
|inactive|Pumpkinman has 30 seconds left.
|
|t:|1756934421
|move|p1b: grocha|Flare Blitz|p2b: Bronzong
|-supereffective|p2b: Bronzong
|-damage|p2b: Bronzong|0 fnt
|faint|p2b: Bronzong
|-damage|p1b: grocha|28/100|[from] Recoil
|move|p1a: canar|Tera Blast|p2a: Torkoal
|-damage|p2a: Torkoal|21/100
|move|p2a: Torkoal|Earth Power|p1b: grocha
|-supereffective|p1b: grocha
|-damage|p1b: grocha|0 fnt
|faint|p1b: grocha
|
|-weather|SunnyDay|[upkeep]
|upkeep
|turn|5
|c|☆StarfleetEnsignAnt|gg wp
|
|t:|1756934435
|move|p2a: Torkoal|Protect|p2a: Torkoal
|-singleturn|p2a: Torkoal|Protect
|move|p1a: canar|Tera Blast|p2a: Torkoal
|-activate|p2a: Torkoal|move: Protect
|
|-weather|none
|upkeep
|turn|6
|c|☆Pumpkinman|gg
|
|t:|1756934443
|move|p1a: canar|Tera Blast|p2a: Torkoal
|-damage|p2a: Torkoal|0 fnt
|faint|p2a: Torkoal
|
|win|Pumpkinman
||StarfleetEnsignAnt is ready for game 2.
|inactive|Pumpkinman has 30 seconds to confirm battle start!
||Pumpkinman is ready for game 2.
|uhtml|next|Next: Game 2 of 3
