|j|☆p1ch1pichi
|j|☆Medina is free
|html|p1ch1pichiMedina is free    
|uhtml|bestof|Game 2 of a best-of-3
|t:|1785168214
|gametype|doubles
|player|p1|p1ch1pichi|n|1140
|player|p2|Medina is free|169|1046
|gen|9
|tier|[Gen 9 Champions] VGC 2026 Reg M-B (Bo3)
|rated|
|rule|Species Clause: Limit one of each Pokémon
|rule|Item Clause: Limit 1 of each item
|clearpoke
|poke|p1|Raichu, L50, M, shiny|
|poke|p1|Meganium, L50, M, shiny|
|poke|p1|Pelipper, L50, M|
|poke|p1|Archaludon, L50, M|
|poke|p1|Sableye, L50, M|
|poke|p1|Basculegion, L50, M|
|poke|p2|Charizard, L50, M|
|poke|p2|Basculegion, L50, M|
|poke|p2|Gholdengo, L50|
|poke|p2|Garchomp, L50, F|
|poke|p2|Incineroar, L50, M|
|poke|p2|Whimsicott, L50, M|
|teampreview|4
|showteam|p1|Raichu||RaichuniteX|LightningRod|Protect,FakeOut,VoltSwitch,RisingVoltage|Timid||M|||50|]Meganium||Meganiumite|Overgrow|Protect,SolarBeam,WeatherBall,DazzlingGleam|Modest||M|||50|]Pelipper||FocusSash|Drizzle|Soak,Tailwind,Hurricane,WeatherBall|Timid||M|||50|]Archaludon||Leftovers|Stamina|ElectroShot,FlashCannon,DracoMeteor,Protect|Modest||M|||50|]Sableye||RoseliBerry|Prankster|Quash,Reflect,LightScreen,RainDance|Bold||M|||50|]Basculegion||ChoiceScarf|Adaptability|FlipTurn,WaveCrash,AquaJet,LastRespects|Jolly||M|||50|
|showteam|p2|Charizard||CharizarditeY|Blaze|WeatherBall,HeatWave,SolarBeam,Protect|Modest||M|||50|]Basculegion||ChoiceScarf|Adaptability|WaveCrash,LastRespects,FlipTurn,AquaJet|Jolly||M|||50|]Gholdengo||SpellTag|GoodasGold|MakeItRain,ShadowBall,NastyPlot,Protect|Modest|||||50|]Garchomp||LifeOrb|RoughSkin|Earthquake,DragonClaw,RockSlide,Protect|Jolly||F|||50|]Incineroar||SitrusBerry|Intimidate|FakeOut,FlareBlitz,ThroatChop,PartingShot|Careful||M|||50|]Whimsicott||FocusSash|Prankster|Moonblast,Tailwind,Encore,Protect|Timid||M|||50|
|inactive|Battle timer is ON: inactive players will automatically lose when time's up. (requested by p1ch1pichi)
|
|t:|1785168236
|teamsize|p1|4
|teamsize|p2|4
|start
|switch|p1a: G4MER67|Sableye, L50, M|100/100
|switch|p1b: High Tide|Basculegion, L50, M|100/100
|switch|p2a: Gholdengo|Gholdengo, L50|100/100
|switch|p2b: Incineroar|Incineroar, L50, M|100/100
|-ability|p2b: Incineroar|Intimidate|boost
|-unboost|p1a: G4MER67|atk|1
|-unboost|p1b: High Tide|atk|1
|turn|1
|
|t:|1785168250
|move|p2a: Gholdengo|Protect|p2a: Gholdengo
|-singleturn|p2a: Gholdengo|Protect
|move|p1a: G4MER67|Rain Dance|p1a: G4MER67
|-weather|RainDance
|move|p1b: High Tide|Wave Crash|p2a: Gholdengo
|-activate|p2a: Gholdengo|move: Protect
|move|p2b: Incineroar|Throat Chop|p1b: High Tide
|-supereffective|p1b: High Tide|1
|-damage|p1b: High Tide|26/100
|-start|p1b: High Tide|Throat Chop|[silent]
|
|-weather|RainDance|[upkeep]
|upkeep
|turn|2
|
|t:|1785168268
|switch|p2a: Basculegion|Basculegion, L50, M|100/100
|move|p1a: G4MER67|Light Screen|p1a: G4MER67
|-sidestart|p1: p1ch1pichi|move: Light Screen
|move|p1b: High Tide|Wave Crash|p2a: Basculegion
|-resisted|p2a: Basculegion|1
|-crit|p2a: Basculegion
|-damage|p2a: Basculegion|6/100
|-damage|p1b: High Tide|0 fnt|[from] Recoil
|faint|p1b: High Tide
|move|p2b: Incineroar|Throat Chop|p1a: G4MER67
|-damage|p1a: G4MER67|65/100
|-start|p1a: G4MER67|Throat Chop|[silent]
|
|-weather|RainDance|[upkeep]
|upkeep
|
|t:|1785168284
|switch|p1b: Inidoro|Pelipper, L50, M|100/100
|turn|3
|
|t:|1785168302
|move|p1a: G4MER67|Reflect|p1a: G4MER67
|-sidestart|p1: p1ch1pichi|Reflect
|move|p2a: Basculegion|Last Respects|p1b: Inidoro
|-damage|p1b: Inidoro|73/100
|move|p1b: Inidoro|Tailwind|p1b: Inidoro
|-sidestart|p1: p1ch1pichi|move: Tailwind
|move|p2b: Incineroar|Throat Chop|p1b: Inidoro
|-damage|p1b: Inidoro|47/100
|-start|p1b: Inidoro|Throat Chop|[silent]
|
|-weather|RainDance|[upkeep]
|-end|p1a: G4MER67|Throat Chop|[silent]
|upkeep
|turn|4
|
|t:|1785168318
|switch|p2a: Whimsicott|Whimsicott, L50, M|100/100
|move|p1a: G4MER67|Quash||[still]
|-fail|p1a: G4MER67
|move|p1b: Inidoro|Hurricane|p2a: Whimsicott
|-supereffective|p2a: Whimsicott|1
|-enditem|p2a: Whimsicott|Focus Sash
|-damage|p2a: Whimsicott|1/100
|move|p2b: Incineroar|Parting Shot|p1b: Inidoro
|-unboost|p1b: Inidoro|atk|1
|-unboost|p1b: Inidoro|spa|1
|
|t:|1785168332
|switch|p2b: Basculegion|Basculegion, L50, M|6/100|[from] Parting Shot
|
|-weather|RainDance|[upkeep]
|-end|p1b: Inidoro|Throat Chop|[silent]
|upkeep
|turn|5
|
|t:|1785168355
|move|p2a: Whimsicott|Tailwind|p2a: Whimsicott
|-sidestart|p2: Medina is free|move: Tailwind
|move|p1a: G4MER67|Quash|p2b: Basculegion
|-activate|p2b: Basculegion|move: Quash
|move|p1b: Inidoro|Hurricane|p2b: Basculegion
|-damage|p2b: Basculegion|0 fnt
|faint|p2b: Basculegion
|
|-weather|none
|upkeep
|
|t:|1785168369
|switch|p2b: Incineroar|Incineroar, L50, M|100/100
|-ability|p2b: Incineroar|Intimidate|boost
|-unboost|p1a: G4MER67|atk|1
|-unboost|p1b: Inidoro|atk|1
|turn|6
|
|t:|1785168381
|switch|p1b: Bougainville|Meganium, L50, M, shiny|100/100
|move|p2b: Incineroar|Fake Out|p1b: Bougainville
|-damage|p1b: Bougainville|93/100
|move|p1a: G4MER67|Rain Dance|p1a: G4MER67
|-weather|RainDance
|move|p2a: Whimsicott|Moonblast|p1a: G4MER67
|-supereffective|p1a: G4MER67|1
|-enditem|p1a: G4MER67|Roseli Berry|[eat]
|-enditem|p1a: G4MER67|Roseli Berry|[weaken]
|-damage|p1a: G4MER67|36/100
|
|-weather|RainDance|[upkeep]
|-sideend|p1: p1ch1pichi|move: Light Screen
|-sideend|p1: p1ch1pichi|move: Tailwind
|upkeep
|turn|7
|inactive|Medina is free has 30 seconds left.
|
|t:|1785168410
|move|p1b: Bougainville|Protect|p1b: Bougainville
|-singleturn|p1b: Bougainville|Protect
|move|p1a: G4MER67|Light Screen|p1a: G4MER67
|-sidestart|p1: p1ch1pichi|move: Light Screen
|move|p2a: Whimsicott|Moonblast|p1a: G4MER67
|-supereffective|p1a: G4MER67|1
|-damage|p1a: G4MER67|0 fnt
|faint|p1a: G4MER67
|move|p2b: Incineroar|Parting Shot|p1b: Bougainville
|-activate|p1b: Bougainville|move: Protect
|
|-weather|RainDance|[upkeep]
|-sideend|p1: p1ch1pichi|Reflect
|upkeep
|
|t:|1785168421
|switch|p1a: Inidoro|Pelipper, L50, M|47/100
|turn|8
|
|t:|1785168437
|detailschange|p1b: Bougainville|Meganium-Mega, L50, M, shiny
|-mega|p1b: Bougainville|Meganium|Meganiumite
|move|p2a: Whimsicott|Encore|p1b: Bougainville
|-start|p1b: Bougainville|Encore
|move|p1b: Bougainville|Protect||[still]
|-fail|p1b: Bougainville
|move|p2b: Incineroar|Parting Shot|p1b: Bougainville
|-unboost|p1b: Bougainville|atk|1
|-unboost|p1b: Bougainville|spa|1
|
|t:|1785168447
|switch|p2b: Gholdengo|Gholdengo, L50|100/100|[from] Parting Shot
|move|p1a: Inidoro|Tailwind|p1a: Inidoro
|-sidestart|p1: p1ch1pichi|move: Tailwind
|
|-weather|RainDance|[upkeep]
|-sideend|p2: Medina is free|move: Tailwind
|upkeep
|turn|9
|
|t:|1785168456
|move|p1b: Bougainville|Protect|p1b: Bougainville
|-singleturn|p1b: Bougainville|Protect
|move|p2a: Whimsicott|Tailwind|p2a: Whimsicott
|-sidestart|p2: Medina is free|move: Tailwind
|move|p1a: Inidoro|Hurricane|p2a: Whimsicott
|-supereffective|p2a: Whimsicott|1
|-damage|p2a: Whimsicott|0 fnt
|faint|p2a: Whimsicott
|move|p2b: Gholdengo|Shadow Ball|p1a: Inidoro
|-damage|p1a: Inidoro|0 fnt
|faint|p1a: Inidoro
|
|-weather|RainDance|[upkeep]
|upkeep
|
|t:|1785168467
|switch|p2a: Incineroar|Incineroar, L50, M|100/100
|-ability|p2a: Incineroar|Intimidate|boost
|-unboost|p1b: Bougainville|atk|1
|turn|10
|
|t:|1785168478
|move|p1b: Bougainville|Protect||[still]
|-fail|p1b: Bougainville
|move|p2a: Incineroar|Fake Out|p1b: Bougainville
|-damage|p1b: Bougainville|82/100
|move|p2b: Gholdengo|Nasty Plot|p2b: Gholdengo
|-boost|p2b: Gholdengo|spa|2
|
|-weather|none
|-end|p1b: Bougainville|Encore
|upkeep
|turn|11
|
|t:|1785168493
|move|p2b: Gholdengo|Protect|p2b: Gholdengo
|-singleturn|p2b: Gholdengo|Protect
|move|p1b: Bougainville|Weather Ball|p2b: Gholdengo
|-activate|p2b: Gholdengo|move: Protect
|move|p2a: Incineroar|Flare Blitz|p1b: Bougainville
|-supereffective|p1b: Bougainville|1
|-damage|p1b: Bougainville|1/100
|-damage|p2a: Incineroar|76/100|[from] Recoil
|
|-sideend|p1: p1ch1pichi|move: Light Screen
|-sideend|p1: p1ch1pichi|move: Tailwind
|upkeep
|turn|12
|
|t:|1785168505
|move|p1b: Bougainville|Protect|p1b: Bougainville
|-singleturn|p1b: Bougainville|Protect
|move|p2b: Gholdengo|Make It Rain|p1b: Bougainville
|-activate|p1b: Bougainville|move: Protect
|move|p2a: Incineroar|Throat Chop|p1b: Bougainville
|-activate|p1b: Bougainville|move: Protect
|
|-sideend|p2: Medina is free|move: Tailwind
|upkeep
|turn|13
|-message|p1ch1pichi forfeited.
|
|win|Medina is free
|raw|p1ch1pichi's rating: 1140 → 1108(-32 for losing)
|raw|Medina is free's rating: 1046 → 1088(+42 for winning)
|l|☆Medina is free
|player|p2|
