|j|☆PatmonVGC
|j|☆prod_axel
|html|PatmonVGCprod_axel    
|uhtml|bestof|Game 1 of a best-of-3
|t:|1757784634
|gametype|doubles
|player|p1|PatmonVGC|grusha|1226
|player|p2|prod_axel|unknown|1194
|gen|9
|tier|[Gen 9] VGC 2025 Reg H (Bo3)
|rated|
|rule|Species Clause: Limit one of each Pokémon
|rule|Item Clause: Limit 1 of each item
|clearpoke
|poke|p1|Torkoal, L50, F|
|poke|p1|Lilligant-Hisui, L50, F|
|poke|p1|Ursaluna, L50, M|
|poke|p1|Delphox, L50, F|
|poke|p1|Indeedee-F, L50, F|
|poke|p1|Zoroark-Hisui, L50, F|
|poke|p2|Basculegion, L50, M|
|poke|p2|Pelipper, L50, M|
|poke|p2|Archaludon, L50, F|
|poke|p2|Rillaboom, L50, M|
|poke|p2|Electabuzz, L50, M|
|poke|p2|Kingambit, L50, F|
|teampreview|4
|showteam|p1|Torkoal||Charcoal|Drought|Eruption,HeatWave,HelpingHand,Protect|||F|||50|,,,,,Fire]Lilligant-Hisui||FocusSash|Chlorophyll|SolarBlade,CloseCombat,SleepPowder,AfterYou|||F|||50|,,,,,Ghost]Ursaluna||FlameOrb|Guts|Facade,HeadlongRush,Earthquake,Protect|||M|||50|,,,,,Ghost]Delphox||LifeOrb|Blaze|Flamethrower,ExpandingForce,FocusBlast,Protect|||F|||50|,,,,,Fighting]Indeedee-F||PsychicSeed|PsychicSurge|Psychic,FollowMe,HelpingHand,TrickRoom|||F|||50|,,,,,Fairy]Zoroark-Hisui||ChoiceSpecs|Illusion|HyperVoice,ShadowBall,Flamethrower,HyperBeam|||F|||50|,,,,,Normal
|showteam|p2|Basculegion||ChoiceBand|SwiftSwim|WaveCrash,FlipTurn,AquaJet,LastRespects|||M|||50|,,,,,Water]Pelipper||FocusSash|Drizzle|Hurricane,WeatherBall,Protect,Tailwind|||M|||50|,,,,,Ghost]Archaludon||AssaultVest|Stamina|FlashCannon,DragonPulse,ElectroShot,BodyPress|||F|||50|,,,,,Grass]Rillaboom||LoadedDice|GrassySurge|BulletSeed,GrassyGlide,FakeOut,HighHorsepower|||M|||50|,,,,,Fire]Electabuzz||Eviolite|VitalSpirit|FollowMe,Taunt,VoltSwitch,Electroweb|||M|||50|,,,,,Ghost]Kingambit||BlackGlasses|Defiant|SuckerPunch,KowtowCleave,SwordsDance,Protect|||F|||50|,,,,,Dark
|inactive|Battle timer is ON: inactive players will automatically lose when time's up. (requested by prod_axel)
|inactive|PatmonVGC also wants the timer to be on.
|inactive|prod_axel has 60 seconds left.
|inactive|prod_axel has 30 seconds left.
|inactive|prod_axel has 20 seconds left.
|
|t:|1757784704
|teamsize|p1|4
|teamsize|p2|4
|start
|switch|p1a: Indeedee|Indeedee-F, L50, F|100/100
|switch|p1b: Delphox|Delphox, L50, F|100/100
|switch|p2a: Archaludon|Archaludon, L50, F|100/100
|switch|p2b: Electabuzz|Electabuzz, L50, M|100/100
|-fieldstart|move: Psychic Terrain|[from] ability: Psychic Surge|[of] p1a: Indeedee
|-enditem|p1a: Indeedee|Psychic Seed
|-boost|p1a: Indeedee|spd|1|[from] item: Psychic Seed
|turn|1
|inactive|prod_axel has 30 seconds left.
|inactive|prod_axel has 20 seconds left.
|inactive|prod_axel has 15 seconds left.
|
|t:|1757784748
|move|p1a: Indeedee|Helping Hand|p1b: Delphox
|-singleturn|p1b: Delphox|Helping Hand|[of] p1a: Indeedee
|move|p1b: Delphox|Hyper Voice|p2a: Archaludon|[spread] p2a,p2b
|-resisted|p2a: Archaludon
|-damage|p2a: Archaludon|70/100
|-damage|p2b: Electabuzz|48/100
|-ability|p2a: Archaludon|Stamina|boost
|-boost|p2a: Archaludon|def|1
|move|p2b: Electabuzz|Volt Switch|p1b: Delphox
|-damage|p1b: Delphox|54/100
|replace|p1b: Zoroark|Zoroark-Hisui, L50, F
|-end|p1b: Zoroark|Illusion
|
|t:|1757784761
|switch|p2b: Rillaboom|Rillaboom, L50, M|100/100|[from] Volt Switch
|-fieldstart|move: Grassy Terrain|[from] ability: Grassy Surge|[of] p2b: Rillaboom
|move|p2a: Archaludon|Dragon Pulse|p1a: Indeedee
|-damage|p1a: Indeedee|71/100
|
|-heal|p1b: Zoroark|60/100|[from] Grassy Terrain
|-heal|p2a: Archaludon|77/100|[from] Grassy Terrain
|-heal|p1a: Indeedee|77/100|[from] Grassy Terrain
|upkeep
|turn|2
|inactive|prod_axel has 30 seconds left.
|
|t:|1757784795
|switch|p1b: Torkoal|Torkoal, L50, F|100/100
|-weather|SunnyDay|[from] ability: Drought|[of] p1b: Torkoal
|move|p1a: Indeedee|Follow Me|p1a: Indeedee
|-singleturn|p1a: Indeedee|move: Follow Me
|move|p2b: Rillaboom|Bullet Seed|p1a: Indeedee
|-damage|p1a: Indeedee|59/100
|-damage|p1a: Indeedee|43/100
|-damage|p1a: Indeedee|27/100
|-damage|p1a: Indeedee|12/100
|-damage|p1a: Indeedee|0 fnt
|faint|p1a: Indeedee
|-hitcount|p1: Indeedee|5
|move|p2a: Archaludon|Dragon Pulse|p1b: Torkoal
|-damage|p1b: Torkoal|44/100
|
|-weather|SunnyDay|[upkeep]
|-heal|p2a: Archaludon|83/100|[from] Grassy Terrain
|-heal|p1b: Torkoal|50/100|[from] Grassy Terrain
|upkeep
|
|t:|1757784804
|switch|p1a: Delphox|Delphox, L50, F|100/100
|turn|3
|inactive|prod_axel has 30 seconds left.
|
|t:|1757784833
|switch|p2b: Pelipper|Pelipper, L50, M|100/100
|-weather|RainDance|[from] ability: Drizzle|[of] p2b: Pelipper
|-terastallize|p1a: Delphox|Fighting
|move|p1a: Delphox|Focus Blast|p2a: Archaludon|[miss]
|-miss|p1a: Delphox|p2a: Archaludon
|move|p2a: Archaludon|Electro Shot||[still]
|-prepare|p2a: Archaludon|Electro Shot
|-boost|p2a: Archaludon|spa|1
|-anim|p2a: Archaludon|Electro Shot|p1b: Torkoal
|-damage|p1b: Torkoal|0 fnt
|faint|p1b: Torkoal
|
|-weather|RainDance|[upkeep]
|-heal|p2a: Archaludon|89/100|[from] Grassy Terrain
|upkeep
|
|t:|1757784841
|switch|p1b: Zoroark|Zoroark-Hisui, L50, F|60/100
|turn|4
|
|t:|1757784858
|move|p1b: Zoroark|Hyper Voice|p2a: Archaludon|[spread] p2a,p2b
|-resisted|p2a: Archaludon
|-damage|p2a: Archaludon|67/100
|-damage|p2b: Pelipper|14/100
|-ability|p2a: Archaludon|Stamina|boost
|-boost|p2a: Archaludon|def|1
|move|p1a: Delphox|Focus Blast|p2a: Archaludon|[miss]
|-miss|p1a: Delphox|p2a: Archaludon
|move|p2b: Pelipper|Tailwind|p2b: Pelipper
|-sidestart|p2: prod_axel|move: Tailwind
|move|p2a: Archaludon|Electro Shot||[still]
|-prepare|p2a: Archaludon|Electro Shot
|-boost|p2a: Archaludon|spa|1
|-anim|p2a: Archaludon|Electro Shot|p1b: Zoroark
|-damage|p1b: Zoroark|0 fnt
|faint|p1b: Zoroark
|
|-weather|RainDance|[upkeep]
|-heal|p2a: Archaludon|73/100|[from] Grassy Terrain
|upkeep
|turn|5
|-message|PatmonVGC forfeited.
|
|win|prod_axel
|l|☆PatmonVGC
|player|p1|
|raw|PatmonVGC's rating: 1226 → 1199(-27 for losing)
|raw|prod_axel's rating: 1194 → 1221(+27 for winning)
