|j|☆AMediocreRobot
|j|☆Gabeeel
|html|AMediocreRobotGabeeel    
|uhtml|bestof|Game 1 of a best-of-3
|t:|1784979023
|gametype|doubles
|player|p1|AMediocreRobot|medium|
|player|p2|Gabeeel|iris|
|gen|9
|tier|[Gen 9 Champions] VGC 2026 Reg M-B (Bo3)
|rule|Species Clause: Limit one of each Pokémon
|rule|Item Clause: Limit 1 of each item
|clearpoke
|poke|p1|Corviknight, L50, M|
|poke|p1|Scizor, L50, F|
|poke|p1|Rotom-Wash, L50|
|poke|p1|Pyroar, L50, F|
|poke|p1|Aegislash, L50, M|
|poke|p1|Tsareena, L50, F|
|poke|p2|Scrafty, L50, M, shiny|
|poke|p2|Glimmora, L50, M|
|poke|p2|Talonflame, L50, F|
|poke|p2|Primarina, L50, F|
|poke|p2|Mamoswine, L50, M|
|poke|p2|Metagross, L50|
|teampreview|4
|showteam|p1|Corviknight||ExpertBelt|MirrorArmor|BraveBird,BodyPress,Tailwind,BulkUp|Impish||M|||50|]Scizor||LifeOrb|Technician|Assurance,BulletPunch,Uturn,Protect|Adamant||F|||50|]Rotom-Wash||ChoiceScarf|Levitate|HydroPump,Electroweb,VoltSwitch,Thunderbolt|Modest|||||50|]Pyroar||Pyroarite|Unnerve|HeatWave,Overheat,HyperVoice,Protect|Timid||F|||50|]Aegislash||SitrusBerry|StanceChange|Poltergeist,CloseCombat,KingsShield,SwordsDance|Adamant||M|||50|]Tsareena||WideLens|QueenlyMajesty|PowerWhip,TripleAxel,HighJumpKick,Protect|Adamant||F|||50|
|showteam|p2|Scrafty||Scraftinite|Intimidate|FakeOut,DrainPunch,KnockOff,HelpingHand|Adamant||M|||50|]Glimmora||Glimmoranite|ToxicDebris|SludgeBomb,PowerGem,EarthPower,SpikyShield|Modest||M|||50|]Talonflame||ExpertBelt|GaleWings|BraveBird,FlareBlitz,Tailwind,Protect|Jolly||F|||50|]Primarina||Leftovers|LiquidVoice|HyperVoice,Moonblast,CalmMind,Protect|Modest||F|||50|]Mamoswine||FocusSash|Oblivious|Earthquake,HighHorsepower,IceShard,Protect|Adamant||M|||50|]Metagross||ColburBerry|ClearBody|PsychicFangs,IronHead,BulletPunch,Protect|Adamant|||||50|
|c|☆Gabeeel|glhf
|c|☆AMediocreRobot|u2
|
|t:|1784979087
|teamsize|p1|4
|teamsize|p2|4
|start
|switch|p1a: Corviknight|Corviknight, L50, M|100/100
|switch|p1b: Rotom|Rotom-Wash, L50|100/100
|switch|p2a: Matuê|Glimmora, L50, M|100/100
|switch|p2b: Aviões do Forró|Talonflame, L50, F|100/100
|turn|1
|
|t:|1784979124
|move|p2a: Matuê|Spiky Shield|p2a: Matuê
|-singleturn|p2a: Matuê|move: Protect
|move|p2b: Aviões do Forró|Tailwind|p2b: Aviões do Forró
|-sidestart|p2: Gabeeel|move: Tailwind
|move|p1b: Rotom|Hydro Pump|p2b: Aviões do Forró|[miss]
|-miss|p1b: Rotom|p2b: Aviões do Forró
|move|p1a: Corviknight|Tailwind|p1a: Corviknight
|-sidestart|p1: AMediocreRobot|move: Tailwind
|
|upkeep
|turn|2
|
|t:|1784979155
|switch|p2a: Pabllo Vittar|Primarina, L50, F|100/100
|move|p1b: Rotom|Hydro Pump|p2a: Pabllo Vittar
|-resisted|p2a: Pabllo Vittar|1
|-damage|p2a: Pabllo Vittar|80/100
|move|p2b: Aviões do Forró|Flare Blitz|p1a: Corviknight
|-supereffective|p1a: Corviknight|1
|-damage|p1a: Corviknight|20/100y
|-damage|p2b: Aviões do Forró|69/100|[from] Recoil
|move|p1a: Corviknight|Body Press|p2a: Pabllo Vittar
|-resisted|p2a: Pabllo Vittar|1
|-damage|p2a: Pabllo Vittar|67/100
|
|-heal|p2a: Pabllo Vittar|73/100|[from] item: Leftovers
|upkeep
|turn|3
|
|t:|1784979189
|switch|p1a: Tsareena|Tsareena, L50, F|100/100
|move|p2b: Aviões do Forró|Protect|p2b: Aviões do Forró
|-singleturn|p2b: Aviões do Forró|Protect
|move|p1b: Rotom|Hydro Pump|p2b: Aviões do Forró
|-activate|p2b: Aviões do Forró|move: Protect
|move|p2a: Pabllo Vittar|Hyper Voice|p1b: Rotom|[spread] p1a,p1b
|-resisted|p1a: Tsareena|1
|-resisted|p1b: Rotom|1
|-damage|p1a: Tsareena|84/100
|-damage|p1b: Rotom|82/100
|
|-heal|p2a: Pabllo Vittar|79/100|[from] item: Leftovers
|upkeep
|turn|4
|
|t:|1784979221
|move|p1b: Rotom|Hydro Pump|p2b: Aviões do Forró|[miss]
|-miss|p1b: Rotom|p2b: Aviões do Forró
|move|p2b: Aviões do Forró|Flare Blitz|p1a: Tsareena
|-supereffective|p1a: Tsareena|1
|-damage|p1a: Tsareena|0 fnt
|faint|p1a: Tsareena
|-damage|p2b: Aviões do Forró|38/100|[from] Recoil
|move|p2a: Pabllo Vittar|Moonblast|p1b: Rotom
|-damage|p1b: Rotom|35/100
|
|-heal|p2a: Pabllo Vittar|85/100|[from] item: Leftovers
|-sideend|p1: AMediocreRobot|move: Tailwind
|-sideend|p2: Gabeeel|move: Tailwind
|upkeep
|
|t:|1784979233
|switch|p1a: Corviknight|Corviknight, L50, M|20/100y
|turn|5
|
|t:|1784979248
|move|p2b: Aviões do Forró|Protect|p2b: Aviões do Forró
|-singleturn|p2b: Aviões do Forró|Protect
|move|p1b: Rotom|Hydro Pump|p2b: Aviões do Forró
|-activate|p2b: Aviões do Forró|move: Protect
|move|p1a: Corviknight|Brave Bird|p2a: Pabllo Vittar
|-damage|p2a: Pabllo Vittar|39/100
|-damage|p1a: Corviknight|5/100|[from] Recoil
|move|p2a: Pabllo Vittar|Moonblast|p1b: Rotom
|-damage|p1b: Rotom|0 fnt
|faint|p1b: Rotom
|
|-heal|p2a: Pabllo Vittar|45/100|[from] item: Leftovers
|upkeep
|
|t:|1784979252
|switch|p1b: Pyroar|Pyroar, L50, F|100/100
|-ability|p1b: Pyroar|Unnerve
|turn|6
|
|t:|1784979267
|detailschange|p1b: Pyroar|Pyroar-Mega, L50, F
|-mega|p1b: Pyroar|Pyroar|Pyroarite
|move|p2b: Aviões do Forró|Tailwind|p2b: Aviões do Forró
|-sidestart|p2: Gabeeel|move: Tailwind
|move|p1b: Pyroar|Hyper Voice|p2b: Aviões do Forró|[spread] p2a,p2b
|-damage|p2a: Pabllo Vittar|17/100
|-damage|p2b: Aviões do Forró|0 fnt
|faint|p2b: Aviões do Forró
|move|p2a: Pabllo Vittar|Hyper Voice|p1a: Corviknight|[spread] p1a,p1b
|-supereffective|p1b: Pyroar|1
|-damage|p1a: Corviknight|0 fnt
|-damage|p1b: Pyroar|17/100
|faint|p1a: Corviknight
|
|-heal|p2a: Pabllo Vittar|23/100|[from] item: Leftovers
|upkeep
|-message|AMediocreRobot forfeited.
|
|win|Gabeeel
||AMediocreRobot is ready for game 2.
||Gabeeel is ready for game 2.
|uhtml|next|Next: Game 2 of 3
|l|☆AMediocreRobot
|player|p1|
