|j|☆Ossi1590
|j|☆Ian the blue fish
|html|Ossi1590Ian the blue fish    
|uhtml|bestof|Game 2 of a best-of-3
|t:|1783432237
|gametype|doubles
|player|p1|Ossi1590|colress|1278
|player|p2|Ian the blue fish|janitor|1344
|gen|9
|tier|[Gen 9 Champions] VGC 2026 Reg M-B (Bo3)
|rated|
|rule|Species Clause: Limit one of each Pokémon
|rule|Item Clause: Limit 1 of each item
|clearpoke
|poke|p1|Raichu, L50, F|
|poke|p1|Mawile, L50, F|
|poke|p1|Sinistcha, L50|
|poke|p1|Ceruledge, L50, F|
|poke|p1|Milotic, L50, F|
|poke|p1|Incineroar, L50, F|
|poke|p2|Charizard, L50, F|
|poke|p2|Farigiraf, L50, M|
|poke|p2|Sylveon, L50, F|
|poke|p2|Venusaur, L50, F|
|poke|p2|Hydreigon, L50, M|
|poke|p2|Incineroar, L50, F|
|teampreview|4
|showteam|p1|Raichu||RaichuniteY|LightningRod|ZapCannon,FocusBlast,FakeOut,Protect|Timid||F|||50|]Mawile||Mawilite|HyperCutter|PlayRough,SuckerPunch,SwordsDance,Protect|Adamant||F|||50|]Sinistcha||KasibBerry|Hospitality|MatchaGotcha,LifeDew,RagePowder,Protect|Relaxed|||||50|]Ceruledge||ColburBerry|FlashFire|BitterBlade,ShadowSneak,BulkUp,Protect|Adamant||F|||50|]Milotic||Leftovers|Competitive|MuddyWater,Coil,Hypnosis,Protect|Calm||F|||50|]Incineroar||SitrusBerry|Intimidate|FlareBlitz,ThroatChop,FakeOut,PartingShot|Impish||F|||50|
|showteam|p2|Charizard||CharizarditeY|SolarPower|AncientPower,HeatWave,WeatherBall,Protect|Modest||F|||50|]Farigiraf||ColburBerry|ArmorTail|Thunderbolt,Psychic,TrickRoom,HelpingHand|Relaxed||M|||50|]Sylveon||FairyFeather|Pixilate|HyperBeam,HyperVoice,QuickAttack,Detect|Modest||F|||50|]Venusaur||FocusSash|Chlorophyll|SleepPowder,LeafStorm,SludgeBomb,Protect|Modest||F|||50|]Hydreigon||ChoiceScarf|Levitate|EarthPower,DarkPulse,DracoMeteor,Snarl|Modest||M|||50|]Incineroar||SitrusBerry|Intimidate|FakeOut,FlareBlitz,ThroatChop,PartingShot|Careful||F|||50|
|inactive|Battle timer is ON: inactive players will automatically lose when time's up. (requested by Ossi1590)
|
|t:|1783432315
|teamsize|p1|4
|teamsize|p2|4
|start
|switch|p1a: Raichu|Raichu, L50, F|100/100
|switch|p1b: Milotic|Milotic, L50, F|100/100
|switch|p2a: Farigiraf|Farigiraf, L50, M|100/100
|switch|p2b: Hydreigon|Hydreigon, L50, M|100/100
|turn|1
|inactive|Ossi1590 has 30 seconds left.
|inactive|Ian the blue fish has 30 seconds left.
|inactive|Ian the blue fish has 20 seconds left.
|inactive|Ian the blue fish has 15 seconds left.
|inactive|Ian the blue fish has 10 seconds left.
|
|t:|1783432363
|switch|p1a: Incineroar|Incineroar, L50, F|100/100
|-ability|p1a: Incineroar|Intimidate|boost
|-unboost|p2a: Farigiraf|atk|1
|-unboost|p2b: Hydreigon|atk|1
|move|p2b: Hydreigon|Dark Pulse|p1a: Incineroar
|-resisted|p1a: Incineroar|1
|-damage|p1a: Incineroar|80/100
|move|p1b: Milotic|Coil|p1b: Milotic
|-boost|p1b: Milotic|atk|1
|-boost|p1b: Milotic|def|1
|-boost|p1b: Milotic|accuracy|1
|move|p2a: Farigiraf|Thunderbolt|p1b: Milotic
|-supereffective|p1b: Milotic|1
|-damage|p1b: Milotic|70/100
|
|-heal|p1b: Milotic|76/100|[from] item: Leftovers
|upkeep
|turn|2
|
|t:|1783432384
|move|p2b: Hydreigon|Dark Pulse|p1b: Milotic
|-damage|p1b: Milotic|48/100
|move|p1b: Milotic|Coil|p1b: Milotic
|-boost|p1b: Milotic|atk|1
|-boost|p1b: Milotic|def|1
|-boost|p1b: Milotic|accuracy|1
|move|p1a: Incineroar|Parting Shot|p2b: Hydreigon
|-unboost|p2b: Hydreigon|atk|1
|-unboost|p2b: Hydreigon|spa|1
|
|t:|1783432393
|switch|p1a: Raichu|Raichu, L50, F|100/100|[from] Parting Shot
|move|p2a: Farigiraf|Thunderbolt|p1a: Raichu
|-activate|p1a: Raichu|ability: Lightning Rod
|-ability|p1a: Raichu|Lightning Rod|boost
|-boost|p1a: Raichu|spa|1
|
|-heal|p1b: Milotic|53/100|[from] item: Leftovers
|upkeep
|turn|3
|inactive|Ian the blue fish has 30 seconds left.
|
|t:|1783432423
|detailschange|p1a: Raichu|Raichu-Mega-Y, L50, F
|-mega|p1a: Raichu|Raichu|Raichunite Y
|move|p2b: Hydreigon|Dark Pulse|p1a: Raichu
|-damage|p1a: Raichu|61/100
|move|p1a: Raichu|Focus Blast|p2b: Hydreigon
|-supereffective|p2b: Hydreigon|1
|-damage|p2b: Hydreigon|0 fnt
|faint|p2b: Hydreigon
|move|p1b: Milotic|Muddy Water|p2a: Farigiraf
|-damage|p2a: Farigiraf|73/100
|move|p2a: Farigiraf|Psychic|p1b: Milotic
|-damage|p1b: Milotic|31/100
|
|-heal|p1b: Milotic|37/100|[from] item: Leftovers
|upkeep
|
|t:|1783432432
|switch|p2b: Venusaur|Venusaur, L50, F|100/100
|turn|4
|
|t:|1783432440
|move|p1a: Raichu|Zap Cannon|p2a: Farigiraf
|-damage|p2a: Farigiraf|0 fnt
|faint|p2a: Farigiraf
|move|p2b: Venusaur|Leaf Storm|p1b: Milotic
|-supereffective|p1b: Milotic|1
|-damage|p1b: Milotic|0 fnt
|-unboost|p2b: Venusaur|spa|2
|faint|p1b: Milotic
|
|upkeep
|
|t:|1783432448
|switch|p1b: Ceruledge|Ceruledge, L50, F|100/100
|switch|p2a: Charizardz|Charizard, L50, F|100/100
|turn|5
|
|t:|1783432462
|switch|p1a: Incineroar|Incineroar, L50, F|80/100
|-ability|p1a: Incineroar|Intimidate|boost
|-unboost|p2a: Charizardz|atk|1
|-unboost|p2b: Venusaur|atk|1
|detailschange|p2a: Charizardz|Charizard-Mega-Y, L50, F
|-mega|p2a: Charizardz|Charizard|Charizardite Y
|-weather|SunnyDay|[from] ability: Drought|[of] p2a: Charizardz
|move|p1b: Ceruledge|Protect|p1b: Ceruledge
|-singleturn|p1b: Ceruledge|Protect
|move|p2b: Venusaur|Sleep Powder|p1b: Ceruledge
|-activate|p1b: Ceruledge|move: Protect
|move|p2a: Charizardz|Weather Ball|p1a: Incineroar
|-resisted|p1a: Incineroar|1
|-damage|p1a: Incineroar|38/100
|-enditem|p1a: Incineroar|Sitrus Berry|[eat]
|-heal|p1a: Incineroar|63/100|[from] item: Sitrus Berry
|
|-weather|SunnyDay|[upkeep]
|upkeep
|turn|6
|
|t:|1783432475
|switch|p1a: Raichu|Raichu-Mega-Y, L50, F|61/100
|move|p2b: Venusaur|Protect|p2b: Venusaur
|-singleturn|p2b: Venusaur|Protect
|move|p2a: Charizardz|Ancient Power|p1a: Raichu
|-damage|p1a: Raichu|29/100
|move|p1b: Ceruledge|Bulk Up|p1b: Ceruledge
|-boost|p1b: Ceruledge|atk|1
|-boost|p1b: Ceruledge|def|1
|
|-weather|SunnyDay|[upkeep]
|upkeep
|turn|7
|
|t:|1783432490
|move|p2b: Venusaur|Protect||[still]
|-fail|p2b: Venusaur
|move|p1a: Raichu|Fake Out|p2b: Venusaur
|-crit|p2b: Venusaur
|-damage|p2b: Venusaur|85/100
|move|p2a: Charizardz|Ancient Power|p1a: Raichu
|-damage|p1a: Raichu|0 fnt
|faint|p1a: Raichu
|move|p1b: Ceruledge|Bitter Blade|p2b: Venusaur
|-supereffective|p2b: Venusaur|1
|-damage|p2b: Venusaur|0 fnt
|faint|p2b: Venusaur
|
|-weather|SunnyDay|[upkeep]
|upkeep
|
|t:|1783432503
|switch|p1a: Incineroar|Incineroar, L50, F|63/100
|-ability|p1a: Incineroar|Intimidate|boost
|-unboost|p2a: Charizardz|atk|1
|turn|8
|
|t:|1783432509
|move|p2a: Charizardz|Protect|p2a: Charizardz
|-singleturn|p2a: Charizardz|Protect
|move|p1a: Incineroar|Fake Out|p2a: Charizardz
|-activate|p2a: Charizardz|move: Protect
|move|p1b: Ceruledge|Bulk Up|p1b: Ceruledge
|-boost|p1b: Ceruledge|atk|1
|-boost|p1b: Ceruledge|def|1
|
|-weather|SunnyDay|[upkeep]
|upkeep
|turn|9
|
|t:|1783432515
|move|p1b: Ceruledge|Shadow Sneak|p2a: Charizardz
|-damage|p2a: Charizardz|55/100
|move|p2a: Charizardz|Ancient Power|p1a: Incineroar
|-supereffective|p1a: Incineroar|1
|-damage|p1a: Incineroar|17/100
|move|p1a: Incineroar|Parting Shot|p2a: Charizardz
|-unboost|p2a: Charizardz|atk|1
|-unboost|p2a: Charizardz|spa|1
|
|-weather|none
|upkeep
|turn|10
|-message|Ian the blue fish forfeited.
|raw|Ossi1590's rating: 1278 → 1308(+30 for winning)
|raw|Ian the blue fish's rating: 1344 → 1320(-24 for losing)
|
|win|Ossi1590
|l|☆Ian the blue fish
|player|p2|
|c|☆Ossi1590|gg
|c|☆Ossi1590|No gg? You're not enterteined?
