|j|☆Alysonz
|j|☆cocobennyy
|html|Alysonzcocobennyy    
|uhtml|bestof|Game 1 of a best-of-3
|t:|1784815128
|gametype|doubles
|player|p1|Alysonz|steven|1126
|player|p2|cocobennyy|medium|1197
|gen|9
|tier|[Gen 9 Champions] VGC 2026 Reg M-B (Bo3)
|rated|
|rule|Species Clause: Limit one of each Pokémon
|rule|Item Clause: Limit 1 of each item
|clearpoke
|poke|p1|Gardevoir, L50, F, shiny|
|poke|p1|Garchomp, L50, M|
|poke|p1|Whimsicott, L50, F|
|poke|p1|Gholdengo, L50|
|poke|p1|Farigiraf, L50, F|
|poke|p1|Tyranitar, L50, M|
|poke|p2|Charizard, L50, M|
|poke|p2|Mimikyu, L50, F|
|poke|p2|Politoed, L50, M|
|poke|p2|Venusaur, L50, M|
|poke|p2|Archaludon, L50, M|
|poke|p2|Sableye, L50, F|
|teampreview|4
|showteam|p1|Gardevoir||Gardevoirite|Telepathy|HyperVoice,Psychic,VacuumWave,Protect|Modest||F|||50|]Garchomp||LifeOrb|RoughSkin|DragonTail,Earthquake,RockSlide,Protect|Adamant||M|||50|]Whimsicott||FocusSash|Prankster|EnergyBall,Encore,Tailwind,Protect|Timid||F|||50|]Gholdengo||Leftovers|GoodasGold|MakeItRain,NastyPlot,ShadowBall,Protect|Modest|||||50|]Farigiraf||SitrusBerry|ArmorTail|Psychic,Thunderbolt,Roar,Protect|Calm||F|||50|]Tyranitar||Tyranitarite|SandStream|KnockOff,RockSlide,Earthquake,Protect|Adamant||M|||50|
|showteam|p2|Charizard||CharizarditeY|Blaze|Protect,HeatWave,WeatherBall,SolarBeam|Modest||M|||50|]Mimikyu||LifeOrb|Disguise|Protect,PlayRough,ShadowClaw,TrickRoom|Adamant||F|||50|]Politoed||SitrusBerry|Drizzle|Protect,PerishSong,IceBeam,WeatherBall|Calm||M|||50|]Venusaur||Venusaurite|Chlorophyll|Protect,SludgeBomb,GigaDrain,EarthPower|Modest||M|||50|]Archaludon||Leftovers|Stamina|Protect,ElectroShot,FlashCannon,DragonPulse|Timid||M|||50|]Sableye||LightClay|Prankster|Quash,RainDance,LightScreen,Reflect|Careful||F|||50|
|inactive|Battle timer is ON: inactive players will automatically lose when time's up. (requested by Alysonz)
|inactive|Alysonz has 60 seconds left.
|inactive|cocobennyy has 60 seconds left.
|inactive|cocobennyy has 30 seconds left.
|inactive|cocobennyy has 20 seconds left.
|inactive|cocobennyy has 15 seconds left.
|inactive|cocobennyy has 10 seconds left.
|
|t:|1784815212
|teamsize|p1|4
|teamsize|p2|4
|start
|switch|p1a: Farigiraf|Farigiraf, L50, F|100/100
|switch|p1b: Tyranitar|Tyranitar, L50, M|100/100
|switch|p2a: Mimikyu|Mimikyu, L50, F|100/100
|switch|p2b: Archaludon|Archaludon, L50, M|100/100
|-weather|Sandstorm|[from] ability: Sand Stream|[of] p1b: Tyranitar
|turn|1
|inactive|Alysonz has 30 seconds left.
|inactive|cocobennyy has 30 seconds left.
|
|t:|1784815244
|move|p1b: Tyranitar|Protect|p1b: Tyranitar
|-singleturn|p1b: Tyranitar|Protect
|move|p2b: Archaludon|Flash Cannon|p1b: Tyranitar
|-activate|p1b: Tyranitar|move: Protect
|move|p2a: Mimikyu|Play Rough|p1b: Tyranitar
|-activate|p1b: Tyranitar|move: Protect
|move|p1a: Farigiraf|Roar|p2a: Mimikyu
|drag|p2a: Charizard|Charizard, L50, M|100/100
|
|-weather|Sandstorm|[upkeep]
|-damage|p2a: Charizard|93/100|[from] Sandstorm
|-damage|p1a: Farigiraf|94/100|[from] Sandstorm
|upkeep
|turn|2
|inactive|cocobennyy has 30 seconds left.
|
|t:|1784815278
|switch|p1b: Garchomp|Garchomp, L50, M|100/100
|move|p2a: Charizard|Protect|p2a: Charizard
|-singleturn|p2a: Charizard|Protect
|move|p1a: Farigiraf|Protect|p1a: Farigiraf
|-singleturn|p1a: Farigiraf|Protect
|move|p2b: Archaludon|Flash Cannon|p1b: Garchomp
|-damage|p1b: Garchomp|62/100
|
|-weather|Sandstorm|[upkeep]
|-damage|p2a: Charizard|87/100|[from] Sandstorm
|-damage|p1a: Farigiraf|88/100|[from] Sandstorm
|upkeep
|turn|3
|inactive|cocobennyy has 30 seconds left.
|inactive|cocobennyy has 20 seconds left.
|
|t:|1784815314
|switch|p2a: Mimikyu|Mimikyu, L50, F|100/100
|move|p2b: Archaludon|Protect|p2b: Archaludon
|-singleturn|p2b: Archaludon|Protect
|move|p1b: Garchomp|Rock Slide|p2a: Mimikyu|[spread] p2a
|-activate|p2b: Archaludon|move: Protect
|-activate|p2a: Mimikyu|ability: Disguise
|-damage|p2a: Mimikyu|100/100
|detailschange|p2a: Mimikyu|Mimikyu-Busted, L50, F
|-damage|p2a: Mimikyu|87/100|[from] pokemon: Mimikyu-Busted
|-damage|p1b: Garchomp|52/100|[from] item: Life Orb
|move|p1a: Farigiraf|Roar|p2b: Archaludon
|drag|p2b: Charizard|Charizard, L50, M|87/100
|
|-weather|Sandstorm|[upkeep]
|-damage|p2b: Charizard|81/100|[from] Sandstorm
|-damage|p2a: Mimikyu|81/100|[from] Sandstorm
|-damage|p1a: Farigiraf|82/100|[from] Sandstorm
|upkeep
|turn|4
|inactive|Alysonz has 30 seconds left.
|inactive|cocobennyy has 30 seconds left.
|inactive|cocobennyy has 20 seconds left.
|inactive|cocobennyy has 15 seconds left.
|inactive|cocobennyy has 10 seconds left.
|inactive|cocobennyy has 5 seconds left.
|
|t:|1784815366
|switch|p2b: Venusaur|Venusaur, L50, M|100/100
|move|p1b: Garchomp|Rock Slide|p2a: Mimikyu|[spread] p2a,p2b
|-damage|p2a: Mimikyu|42/100
|-damage|p2b: Venusaur|60/100
|-damage|p1b: Garchomp|43/100|[from] item: Life Orb
|move|p1a: Farigiraf|Psychic|p2a: Mimikyu
|-damage|p2a: Mimikyu|10/100
|move|p2a: Mimikyu|Trick Room|p2a: Mimikyu
|-fieldstart|move: Trick Room|[of] p2a: Mimikyu
|
|-weather|Sandstorm|[upkeep]
|-damage|p1a: Farigiraf|76/100|[from] Sandstorm
|-damage|p2a: Mimikyu|4/100|[from] Sandstorm
|-damage|p2b: Venusaur|54/100|[from] Sandstorm
|upkeep
|turn|5
|inactive|cocobennyy has 30 seconds left.
|
|t:|1784815398
|switch|p2a: Archaludon|Archaludon, L50, M|100/100
|switch|p2b: Charizard|Charizard, L50, M|81/100
|move|p1b: Garchomp|Protect|p1b: Garchomp
|-singleturn|p1b: Garchomp|Protect
|move|p1a: Farigiraf|Psychic|p2b: Charizard
|-damage|p2b: Charizard|40/100
|
|-weather|none
|upkeep
|turn|6
|inactive|Alysonz has 30 seconds left.
|inactive|cocobennyy has 30 seconds left.
|inactive|Alysonz has 20 seconds left.
|inactive|cocobennyy has 20 seconds left.
|
|t:|1784815437
|switch|p1b: Gardevoir|Gardevoir, L50, F, shiny|100/100
|detailschange|p2b: Charizard|Charizard-Mega-Y, L50, M
|-mega|p2b: Charizard|Charizard|Charizardite Y
|-weather|SunnyDay|[from] ability: Drought|[of] p2b: Charizard
|move|p1a: Farigiraf|Thunderbolt|p2b: Charizard
|-supereffective|p2b: Charizard|1
|-damage|p2b: Charizard|0 fnt
|faint|p2b: Charizard
|move|p2a: Archaludon|Flash Cannon|p1b: Gardevoir
|-supereffective|p1b: Gardevoir|1
|-damage|p1b: Gardevoir|24/100
|
|-weather|SunnyDay|[upkeep]
|upkeep
|
|t:|1784815450
|switch|p2b: Venusaur|Venusaur, L50, M|54/100
|turn|7
|
|t:|1784815469
|move|p1b: Gardevoir|Protect|p1b: Gardevoir
|-singleturn|p1b: Gardevoir|Protect
|move|p2b: Venusaur|Protect|p2b: Venusaur
|-singleturn|p2b: Venusaur|Protect
|move|p1a: Farigiraf|Psychic|p2b: Venusaur
|-activate|p2b: Venusaur|move: Protect
|move|p2a: Archaludon|Dragon Pulse|p1a: Farigiraf
|-damage|p1a: Farigiraf|47/100
|-enditem|p1a: Farigiraf|Sitrus Berry|[eat]
|-heal|p1a: Farigiraf|72/100|[from] item: Sitrus Berry
|
|-weather|SunnyDay|[upkeep]
|upkeep
|turn|8
|inactive|cocobennyy has 30 seconds left.
|inactive|Alysonz has 30 seconds left.
|
|t:|1784815505
|switch|p1b: Garchomp|Garchomp, L50, M|43/100
|move|p1a: Farigiraf|Psychic|p2b: Venusaur
|-supereffective|p2b: Venusaur|1
|-damage|p2b: Venusaur|0 fnt
|faint|p2b: Venusaur
|move|p2a: Archaludon|Dragon Pulse|p1a: Farigiraf
|-damage|p1a: Farigiraf|44/100
|
|-weather|SunnyDay|[upkeep]
|-fieldend|move: Trick Room
|upkeep
|
|t:|1784815515
|switch|p2b: Mimikyu|Mimikyu-Busted, L50, F|4/100
|turn|9
|
|t:|1784815523
|move|p1a: Farigiraf|Protect|p1a: Farigiraf
|-singleturn|p1a: Farigiraf|Protect
|move|p1b: Garchomp|Earthquake|p2a: Archaludon|[spread] p2a,p2b
|-activate|p1a: Farigiraf|move: Protect
|-supereffective|p2a: Archaludon|1
|-damage|p2a: Archaludon|23/100
|-damage|p2b: Mimikyu|0 fnt
|-ability|p2a: Archaludon|Stamina|boost
|-boost|p2a: Archaludon|def|1
|faint|p2b: Mimikyu
|-damage|p1b: Garchomp|33/100|[from] item: Life Orb
|move|p2a: Archaludon|Dragon Pulse|p1b: Garchomp
|-supereffective|p1b: Garchomp|1
|-damage|p1b: Garchomp|0 fnt
|faint|p1b: Garchomp
|
|-weather|SunnyDay|[upkeep]
|-heal|p2a: Archaludon|29/100|[from] item: Leftovers
|upkeep
|
|t:|1784815539
|switch|p1b: Tyranitar|Tyranitar, L50, M|100/100
|-weather|Sandstorm|[from] ability: Sand Stream|[of] p1b: Tyranitar
|turn|10
|
|t:|1784815549
|detailschange|p1b: Tyranitar|Tyranitar-Mega, L50, M
|-mega|p1b: Tyranitar|Tyranitar|Tyranitarite
|move|p2a: Archaludon|Flash Cannon|p1b: Tyranitar
|-supereffective|p1b: Tyranitar|1
|-damage|p1b: Tyranitar|61/100
|move|p1b: Tyranitar|Earthquake|p2a: Archaludon|[spread] p1a,p2a
|-supereffective|p2a: Archaludon|1
|-damage|p1a: Farigiraf|12/100
|-damage|p2a: Archaludon|0 fnt
|faint|p2a: Archaludon
|
|win|Alysonz
||cocobennyy is ready for game 2.
||Alysonz is ready for game 2.
|uhtml|next|Next: Game 2 of 3
|l|☆Alysonz
|player|p1|
|l|☆cocobennyy
|player|p2|
|j|☆cocobennyy
|player|p2|cocobennyy|medium|
