|j|☆Enriquelbebe
|j|☆EchoShadowYT
|html|EnriquelbebeEchoShadowYT    
|uhtml|bestof|Game 3 of a best-of-3
|t:|1786119963
|gametype|doubles
|player|p1|Enriquelbebe|170|1116
|player|p2|EchoShadowYT|skierf|1266
|gen|9
|tier|[Gen 9 Champions] VGC 2026 Reg M-B (Bo3)
|rated|
|rule|Species Clause: Limit one of each Pokémon
|rule|Item Clause: Limit 1 of each item
|clearpoke
|poke|p1|Charizard, L50, M|
|poke|p1|Garchomp, L50, F|
|poke|p1|Kingambit, L50, F|
|poke|p1|Sylveon, L50, F|
|poke|p1|Basculegion, L50, M|
|poke|p1|Whimsicott, L50, F|
|poke|p2|Gyarados, L50, M|
|poke|p2|Tyranitar, L50, F|
|poke|p2|Gholdengo, L50|
|poke|p2|Garchomp, L50, F|
|poke|p2|Sneasler, L50, F|
|poke|p2|Sinistcha, L50|
|teampreview|4
|showteam|p1|Charizard||CharizarditeY|Blaze|HeatWave,WeatherBall,Protect,SolarBeam|Modest||M|||50|]Garchomp||LifeOrb|RoughSkin|Earthquake,DragonClaw,RockSlide,Protect|Jolly||F|||50|]Kingambit||ChopleBerry|Defiant|SuckerPunch,KowtowCleave,IronHead,LowKick|Adamant||F|||50|]Sylveon||FairyFeather|Pixilate|HyperVoice,HyperBeam,QuickAttack,Detect|Modest||F|||50|]Basculegion||MysticWater|Adaptability|AquaJet,LastRespects,WaveCrash,Protect|Adamant||M|||50|]Whimsicott||FocusSash|Prankster|Tailwind,Encore,Moonblast,Protect|Serious||F|||50|
|showteam|p2|Gyarados||Gyaradosite|Intimidate|LashOut,DragonDance,Waterfall,Protect|Jolly||M|||50|]Tyranitar||ChoiceScarf|SandStream|RockSlide,KnockOff,IcePunch,LowKick|Jolly||F|||50|]Gholdengo||LifeOrb|GoodasGold|ShadowBall,MakeItRain,NastyPlot,Protect|Modest|||||50|]Garchomp||Garchompite|RoughSkin|DracoMeteor,EarthPower,PowerGem,Protect|Modest||F|||50|]Sneasler||WhiteHerb|Unburden|DireClaw,CloseCombat,FakeOut,Protect|Jolly||F|||50|]Sinistcha||SitrusBerry|Hospitality|MatchaGotcha,RagePowder,TrickRoom,Protect|Calm|||||50|
|inactive|Battle timer is ON: inactive players will automatically lose when time's up. (requested by EchoShadowYT)
|
|t:|1786119989
|teamsize|p1|4
|teamsize|p2|4
|start
|switch|p1a: Whimsicott|Whimsicott, L50, F|100/100
|switch|p1b: Garchomp|Garchomp, L50, F|100/100
|switch|p2a: Sneasler|Sneasler, L50, F|100/100
|switch|p2b: Gyarados|Gyarados, L50, M|100/100
|-ability|p2b: Gyarados|Intimidate|boost
|-unboost|p1a: Whimsicott|atk|1
|-unboost|p1b: Garchomp|atk|1
|turn|1
|inactive|Enriquelbebe has 30 seconds left.
|
|t:|1786120018
|switch|p1b: Basculegion|Basculegion, L50, M|100/100
|move|p1a: Whimsicott|Protect|p1a: Whimsicott
|-singleturn|p1a: Whimsicott|Protect
|move|p2a: Sneasler|Fake Out|p1a: Whimsicott
|-activate|p1a: Whimsicott|move: Protect
|move|p2b: Gyarados|Dragon Dance|p2b: Gyarados
|-boost|p2b: Gyarados|atk|1
|-boost|p2b: Gyarados|spe|1
|
|upkeep
|turn|2
|inactive|EchoShadowYT has 30 seconds left.
|
|t:|1786120047
|detailschange|p2b: Gyarados|Gyarados-Mega, L50, M
|-mega|p2b: Gyarados|Gyarados|Gyaradosite
|-ability|p2b: Gyarados|Mold Breaker
|move|p1a: Whimsicott|Encore|p2b: Gyarados
|-hint|Since gen 7, Dark is immune to Prankster moves.
|-immune|p2b: Gyarados
|move|p2b: Gyarados|Lash Out|p1b: Basculegion
|-supereffective|p1b: Basculegion|1
|-damage|p1b: Basculegion|0 fnt
|faint|p1b: Basculegion
|move|p2a: Sneasler|Dire Claw|p1a: Whimsicott
|-supereffective|p1a: Whimsicott|2
|-enditem|p1a: Whimsicott|Focus Sash
|-damage|p1a: Whimsicott|1/100
|-status|p1a: Whimsicott|par
|
|upkeep
|
|t:|1786120068
|switch|p1b: Garchomp|Garchomp, L50, F|100/100
|turn|3
|
|t:|1786120074
|switch|p2a: Tyranitar|Tyranitar, L50, F|100/100
|-weather|Sandstorm|[from] ability: Sand Stream|[of] p2a: Tyranitar
|move|p1a: Whimsicott|Tailwind|p1a: Whimsicott
|-sidestart|p1: Enriquelbebe|move: Tailwind
|move|p1b: Garchomp|Earthquake|p2a: Tyranitar|[spread] p1a,p2a,p2b
|-resisted|p1a: Whimsicott|1
|-supereffective|p2a: Tyranitar|1
|-damage|p1a: Whimsicott|0 fnt
|-damage|p2a: Tyranitar|0 fnt
|-damage|p2b: Gyarados|54/100
|faint|p1a: Whimsicott
|faint|p2a: Tyranitar
|-damage|p1b: Garchomp|90/100|[from] item: Life Orb
|move|p2b: Gyarados|Waterfall|p1b: Garchomp
|-damage|p1b: Garchomp|15/100
|-damage|p2b: Gyarados|42/100|[from] ability: Rough Skin|[of] p1b: Garchomp
|
|-weather|Sandstorm|[upkeep]
|-damage|p2b: Gyarados|36/100|[from] Sandstorm
|upkeep
|
|t:|1786120094
|switch|p1a: Charizard|Charizard, L50, M|100/100
|switch|p2a: Sneasler|Sneasler, L50, F|100/100
|turn|4
|
|t:|1786120118
|detailschange|p1a: Charizard|Charizard-Mega-Y, L50, M
|-mega|p1a: Charizard|Charizard|Charizardite Y
|-weather|SunnyDay|[from] ability: Drought|[of] p1a: Charizard
|move|p1b: Garchomp|Rock Slide|p2b: Gyarados|[spread] p2a,p2b
|-resisted|p2a: Sneasler|1
|-damage|p2a: Sneasler|80/100
|-damage|p2b: Gyarados|12/100
|-damage|p1b: Garchomp|6/100|[from] item: Life Orb
|move|p1a: Charizard|Heat Wave|p2b: Gyarados|[spread] p2a,p2b
|-resisted|p2b: Gyarados|1
|-damage|p2a: Sneasler|0 fnt
|-damage|p2b: Gyarados|0 fnt
|faint|p2a: Sneasler
|faint|p2b: Gyarados
|
|-weather|SunnyDay|[upkeep]
|upkeep
|
|t:|1786120131
|switch|p2b: Garchomp|Garchomp, L50, F|100/100
|turn|5
|
|t:|1786120141
|move|p1b: Garchomp|Dragon Claw|p2b: Garchomp
|-supereffective|p2b: Garchomp|1
|-damage|p2b: Garchomp|0 fnt
|-damage|p1b: Garchomp|0 fnt|[from] ability: Rough Skin|[of] p2b: Garchomp
|faint|p2b: Garchomp
|faint|p1b: Garchomp
|
|win|Enriquelbebe
|raw|Enriquelbebe's rating: 1116 → 1151(+35 for winning)
|raw|EchoShadowYT's rating: 1266 → 1231(-35 for losing)
|l|☆Enriquelbebe
|player|p1|
