|j|☆TrainerPoMa
|j|☆lolgz
|html|TrainerPoMalolgz    
|uhtml|bestof|Game 2 of a best-of-3
|t:|1783387104
|gametype|doubles
|player|p1|TrainerPoMa|unknown|1078
|player|p2|lolgz|170|1186
|gen|9
|tier|[Gen 9 Champions] VGC 2026 Reg M-B (Bo3)
|rated|
|rule|Species Clause: Limit one of each Pokémon
|rule|Item Clause: Limit 1 of each item
|clearpoke
|poke|p1|Hydreigon, L50, F|
|poke|p1|Garchomp, L50, M|
|poke|p1|Metagross, L50, shiny|
|poke|p1|Charizard, L50, F, shiny|
|poke|p1|Grimmsnarl, L50, M, shiny|
|poke|p1|Toxapex, L50, M, shiny|
|poke|p2|Scrafty, L50, F|
|poke|p2|Vivillon, L50, M|
|poke|p2|Incineroar, L50, F|
|poke|p2|Sinistcha, L50|
|poke|p2|Kingambit, L50, F|
|poke|p2|Delphox, L50, F|
|teampreview|4
|showteam|p1|Hydreigon||ChoiceScarf|Levitate|HeatWave,DarkPulse,DracoMeteor,Snarl|Modest||F|||50|]Garchomp||SitrusBerry|RoughSkin|Earthquake,RockSlide,DragonClaw,Protect|Adamant||M|||50|]Metagross||Metagrossite|ClearBody|IronHead,HammerArm,BulletPunch,Protect|Adamant|||||50|]Charizard||CharizarditeY|Blaze|Protect,HeatWave,SolarBeam,WeatherBall|Timid||F|||50|]Grimmsnarl||RoseliBerry|Prankster|FakeOut,FoulPlay,Reflect,PartingShot|Sassy||M|||50|]Toxapex||Leftovers|Regenerator|Infestation,Toxic,BanefulBunker,WideGuard|Bold||M|||50|
|showteam|p2|Scrafty||Scraftinite|Intimidate|DrainPunch,KnockOff,Protect,DragonDance|Jolly||F|||50|]Vivillon||ChoiceScarf|CompoundEyes|SleepPowder,Hurricane,RagePowder,Tailwind|Timid||M|||50|]Incineroar||PasshoBerry|Intimidate|PartingShot,FakeOut,ThroatChop,FlareBlitz|Careful||F|||50|]Sinistcha||KasibBerry|Hospitality|MatchaGotcha,RagePowder,TrickRoom,Protect|Serious|||||50|]Kingambit||BlackGlasses|Defiant|SuckerPunch,KowtowCleave,Protect,SwordsDance|Adamant||F|||50|]Delphox||Delphoxite|Blaze|HeatWave,Psychic,Protect,NastyPlot|Timid||F|||50|
|inactive|Battle timer is ON: inactive players will automatically lose when time's up. (requested by TrainerPoMa)
|inactive|lolgz also wants the timer to be on.
|
|t:|1783387119
|teamsize|p1|4
|teamsize|p2|4
|start
|switch|p1a: Hydreigon|Hydreigon, L50, F|100/100
|switch|p1b: Grimmsnarl|Grimmsnarl, L50, M, shiny|100/100
|switch|p2a: Vivillon|Vivillon, L50, M|100/100
|switch|p2b: Scrafty|Scrafty, L50, F|100/100
|-ability|p2b: Scrafty|Intimidate|boost
|-unboost|p1a: Hydreigon|atk|1
|-unboost|p1b: Grimmsnarl|atk|1
|turn|1
|
|t:|1783387131
|detailschange|p2b: Scrafty|Scrafty-Mega, L50, F
|-mega|p2b: Scrafty|Scrafty|Scraftinite
|-ability|p2b: Scrafty|Intimidate|boost
|-unboost|p1a: Hydreigon|atk|1
|-unboost|p1b: Grimmsnarl|atk|1
|move|p1b: Grimmsnarl|Fake Out|p2a: Vivillon
|-damage|p2a: Vivillon|91/100
|cant|p2a: Vivillon|flinch
|move|p1a: Hydreigon|Heat Wave|p2a: Vivillon|[spread] p2a,p2b
|-supereffective|p2a: Vivillon|1
|-damage|p2a: Vivillon|0 fnt
|-damage|p2b: Scrafty|77/100
|faint|p2a: Vivillon
|move|p2b: Scrafty|Dragon Dance|p2b: Scrafty
|-boost|p2b: Scrafty|atk|1
|-boost|p2b: Scrafty|spe|1
|
|upkeep
|
|t:|1783387150
|switch|p2a: Incineroar|Incineroar, L50, F|100/100
|-ability|p2a: Incineroar|Intimidate|boost
|-unboost|p1a: Hydreigon|atk|1
|-unboost|p1b: Grimmsnarl|atk|1
|turn|2
|
|t:|1783387164
|switch|p1a: Toxapex|Toxapex, L50, M, shiny|100/100
|move|p2a: Incineroar|Fake Out|p1b: Grimmsnarl
|-damage|p1b: Grimmsnarl|90/100
|cant|p1b: Grimmsnarl|flinch
|move|p2b: Scrafty|Dragon Dance|p2b: Scrafty
|-boost|p2b: Scrafty|atk|1
|-boost|p2b: Scrafty|spe|1
|
|upkeep
|turn|3
|
|t:|1783387177
|move|p1b: Grimmsnarl|Reflect|p1b: Grimmsnarl
|-sidestart|p1: TrainerPoMa|Reflect
|move|p2b: Scrafty|Knock Off|p1a: Toxapex
|-crit|p1a: Toxapex
|-damage|p1a: Toxapex|12/100
|-enditem|p1a: Toxapex|Leftovers|[from] move: Knock Off|[of] p2b: Scrafty
|move|p2a: Incineroar|Parting Shot|p1a: Toxapex
|-unboost|p1a: Toxapex|atk|1
|-unboost|p1a: Toxapex|spa|1
|
|t:|1783387181
|switch|p2a: Kingambit|Kingambit, L50, F|100/100|[from] Parting Shot
|move|p1a: Toxapex|Toxic|p2b: Scrafty
|-status|p2b: Scrafty|tox
|
|-damage|p2b: Scrafty|72/100 tox|[from] psn
|upkeep
|turn|4
|
|t:|1783387190
|move|p1a: Toxapex|Baneful Bunker|p1a: Toxapex
|-singleturn|p1a: Toxapex|move: Protect
|move|p2b: Scrafty|Dragon Dance|p2b: Scrafty
|-boost|p2b: Scrafty|atk|1
|-boost|p2b: Scrafty|spe|1
|move|p1b: Grimmsnarl|Foul Play|p2a: Kingambit
|-resisted|p2a: Kingambit|1
|-damage|p2a: Kingambit|79/100
|move|p2a: Kingambit|Swords Dance|p2a: Kingambit
|-boost|p2a: Kingambit|atk|2
|
|-damage|p2b: Scrafty|60/100 tox|[from] psn
|upkeep
|turn|5
|
|t:|1783387208
|switch|p1b: Hydreigon|Hydreigon, L50, F|100/100
|move|p2b: Scrafty|Drain Punch|p1b: Hydreigon
|-supereffective|p1b: Hydreigon|1
|-crit|p1b: Hydreigon
|-damage|p1b: Hydreigon|0 fnt
|-heal|p2b: Scrafty|100/100 tox|[from] drain|[of] p1b: Hydreigon
|faint|p1b: Hydreigon
|move|p2a: Kingambit|Swords Dance|p2a: Kingambit
|-boost|p2a: Kingambit|atk|2
|move|p1a: Toxapex|Infestation|p2b: Scrafty
|-damage|p2b: Scrafty|98/100 tox
|-activate|p2b: Scrafty|move: Infestation|[of] p1a: Toxapex
|
|-damage|p2b: Scrafty|80/100 tox|[from] psn
|-damage|p2b: Scrafty|67/100 tox|[from] move: Infestation|[partiallytrapped]
|upkeep
|
|t:|1783387216
|switch|p1b: Charizard|Charizard, L50, F, shiny|100/100
|turn|6
|
|t:|1783387224
|-heal|p1a: Toxapex|45/100|[from] ability: Regenerator|[silent]
|switch|p1a: Grimmsnarl|Grimmsnarl, L50, M, shiny|90/100
|detailschange|p1b: Charizard|Charizard-Mega-Y, L50, F, shiny
|-mega|p1b: Charizard|Charizard|Charizardite Y
|-weather|SunnyDay|[from] ability: Drought|[of] p1b: Charizard
|move|p2a: Kingambit|Sucker Punch|p1b: Charizard
|-damage|p1b: Charizard|1/100
|move|p2b: Scrafty|Knock Off|p1b: Charizard
|-damage|p1b: Charizard|0 fnt
|faint|p1b: Charizard
|
|-weather|SunnyDay|[upkeep]
|-damage|p2b: Scrafty|44/100 tox|[from] psn
|-end|p2b: Scrafty|Infestation|[partiallytrapped]|[silent]
|upkeep
|
|t:|1783387236
|switch|p1b: Toxapex|Toxapex, L50, M, shiny|45/100
|turn|7
|
|t:|1783387242
|move|p1a: Grimmsnarl|Fake Out|p2a: Kingambit
|-resisted|p2a: Kingambit|1
|-damage|p2a: Kingambit|75/100
|move|p2b: Scrafty|Drain Punch|p1a: Grimmsnarl
|-damage|p1a: Grimmsnarl|35/100
|-heal|p2b: Scrafty|76/100 tox|[from] drain|[of] p1a: Grimmsnarl
|cant|p2a: Kingambit|flinch
|move|p1b: Toxapex|Infestation|p2a: Kingambit
|-damage|p2a: Kingambit|72/100
|-activate|p2a: Kingambit|move: Infestation|[of] p1b: Toxapex
|
|-weather|SunnyDay|[upkeep]
|-damage|p2b: Scrafty|47/100 tox|[from] psn
|-damage|p2a: Kingambit|60/100|[from] move: Infestation|[partiallytrapped]
|-sideend|p1: TrainerPoMa|Reflect
|upkeep
|turn|8
|
|t:|1783387256
|move|p1a: Grimmsnarl|Reflect|p1a: Grimmsnarl
|-sidestart|p1: TrainerPoMa|Reflect
|move|p2b: Scrafty|Drain Punch|p1a: Grimmsnarl
|-damage|p1a: Grimmsnarl|0 fnt
|-heal|p2b: Scrafty|68/100 tox|[from] drain|[of] p1a: Grimmsnarl
|faint|p1a: Grimmsnarl
|move|p2a: Kingambit|Kowtow Cleave|p1b: Toxapex
|-damage|p1b: Toxapex|0 fnt
|faint|p1b: Toxapex
|
|win|lolgz
|raw|TrainerPoMa's rating: 1078 → 1063(-15 for losing)
|raw|lolgz's rating: 1186 → 1203(+17 for winning)
