|j|☆tryson69
|j|‽Sawadaburner
|html|tryson69Sawadaburner    
|uhtml|bestof|Game 1 of a best-of-3
|t:|1756729070
|gametype|doubles
|player|p1|tryson69|crasherwake|1226
|player|p2|Sawadaburner|266|1212
|gen|9
|tier|[Gen 9] VGC 2025 Reg H (Bo3)
|rated|
|rule|Species Clause: Limit one of each Pokémon
|rule|Item Clause: Limit 1 of each item
|clearpoke
|poke|p1|Typhlosion-Hisui, L50, F|
|poke|p1|Rillaboom, L50, M|
|poke|p1|Primarina, L50, F|
|poke|p1|Archaludon, L50, F|
|poke|p1|Whimsicott, L50, M|
|poke|p1|Pelipper, L50, F|
|poke|p2|Porygon2, L50|
|poke|p2|Incineroar, L50, M|
|poke|p2|Ursaluna, L50, F|
|poke|p2|Jumpluff, L50, M|
|poke|p2|Charizard, L50, M|
|poke|p2|Torkoal, L50, F|
|teampreview|4
|showteam|p1|Typhlosion-Hisui||ChoiceScarf|Blaze|Eruption,HeatWave,Overheat,ShadowBall|||F|||50|,,,,,Fire]Rillaboom||AssaultVest|GrassySurge|WoodHammer,GrassyGlide,HighHorsepower,FakeOut|||M|||50|,,,,,Fire]Primarina||ThroatSpray|LiquidVoice|HyperVoice,Moonblast,Haze,Protect|||F|||50|,,,,,Poison]Archaludon||Leftovers|Stamina|ElectroShot,BodyPress,Protect,DracoMeteor|||F|||50|,,,,,Grass]Whimsicott||CovertCloak|Prankster|Tailwind,Taunt,Moonblast,SunnyDay|||M|||50|,,,,,Water]Pelipper||FocusSash|Drizzle|WeatherBall,Hurricane,WideGuard,Protect|||F|||50|,,,,,Steel
|showteam|p2|Porygon2||Eviolite|Download|TeraBlast,IceBeam,TrickRoom,Recover||||||50|,,,,,Fighting]Incineroar||SitrusBerry|Intimidate|FakeOut,KnockOff,FlareBlitz,PartingShot|||M|||50|,,,,,Ghost]Ursaluna||FlameOrb|Guts|HeadlongRush,Facade,Earthquake,Protect|||F|||50|,,,,,Ghost]Jumpluff||CovertCloak|Chlorophyll|RagePowder,SunnyDay,Tailwind,SleepPowder|||M|||50|,,,,,Water]Charizard||ChoiceSpecs|SolarPower|HeatWave,Overheat,WeatherBall,AirSlash|||M|||50|,,,,,Ghost]Torkoal||EjectPack|Drought|Overheat,Eruption,HelpingHand,Protect|||F|||50|,,,,,Fire
|
|t:|1756729098
|teamsize|p1|4
|teamsize|p2|4
|start
|switch|p1a: Typhlosion|Typhlosion-Hisui, L50, F|100/100
|switch|p1b: Whimsicott|Whimsicott, L50, M|100/100
|switch|p2a: Jumpluff|Jumpluff, L50, M|100/100
|switch|p2b: Charizard|Charizard, L50, M|100/100
|turn|1
|
|t:|1756729122
|-terastallize|p1a: Typhlosion|Fire
|-terastallize|p2a: Jumpluff|Water
|move|p1b: Whimsicott|Tailwind|p1b: Whimsicott
|-sidestart|p1: tryson69|move: Tailwind
|move|p1a: Typhlosion|Eruption|p2a: Jumpluff|[spread] p2a,p2b
|-resisted|p2a: Jumpluff
|-resisted|p2b: Charizard
|-damage|p2a: Jumpluff|57/100
|-damage|p2b: Charizard|51/100
|move|p2a: Jumpluff|Sleep Powder|p1a: Typhlosion
|-status|p1a: Typhlosion|slp|[from] move: Sleep Powder
|move|p2b: Charizard|Heat Wave|p1b: Whimsicott|[spread] p1a,p1b
|-resisted|p1a: Typhlosion
|-supereffective|p1b: Whimsicott
|-damage|p1a: Typhlosion|64/100 slp
|-damage|p1b: Whimsicott|0 fnt
|faint|p1b: Whimsicott
|
|upkeep
|
|t:|1756729127
|switch|p1b: Pelipper|Pelipper, L50, F|100/100
|-weather|RainDance|[from] ability: Drizzle|[of] p1b: Pelipper
|turn|2
|
|t:|1756729174
|switch|p1a: Primarina|Primarina, L50, F|100/100
|switch|p2b: Porygon2|Porygon2, L50|100/100
|-ability|p2b: Porygon2|Download|boost
|-boost|p2b: Porygon2|atk|1
|move|p1b: Pelipper|Protect|p1b: Pelipper
|-singleturn|p1b: Pelipper|Protect
|move|p2a: Jumpluff|Sleep Powder|p1a: Primarina
|-status|p1a: Primarina|slp|[from] move: Sleep Powder
|
|-weather|RainDance|[upkeep]
|upkeep
|turn|3
|
|t:|1756729187
|move|p1b: Pelipper|Hurricane|p2a: Jumpluff
|-damage|p2a: Jumpluff|0 fnt
|faint|p2a: Jumpluff
|cant|p1a: Primarina|slp
|move|p2b: Porygon2|Trick Room|p2b: Porygon2
|-fieldstart|move: Trick Room|[of] p2b: Porygon2
|
|-weather|RainDance|[upkeep]
|upkeep
|
|t:|1756729191
|switch|p2a: Ursaluna|Ursaluna, L50, F|100/100
|turn|4
|
|t:|1756729209
|move|p2a: Ursaluna|Protect|p2a: Ursaluna
|-singleturn|p2a: Ursaluna|Protect
|move|p2b: Porygon2|Tera Blast|p1b: Pelipper
|-damage|p1b: Pelipper|33/100
|cant|p1a: Primarina|slp
|move|p1b: Pelipper|Weather Ball|p2a: Ursaluna
|-activate|p2a: Ursaluna|move: Protect
|
|-weather|RainDance|[upkeep]
|-sideend|p1: tryson69|move: Tailwind
|-status|p2a: Ursaluna|brn|[from] item: Flame Orb
|upkeep
|turn|5
|
|t:|1756729220
|move|p1b: Pelipper|Protect|p1b: Pelipper
|-singleturn|p1b: Pelipper|Protect
|move|p2b: Porygon2|Tera Blast|p1b: Pelipper
|-activate|p1b: Pelipper|move: Protect
|move|p2a: Ursaluna|Facade|p1a: Primarina
|-crit|p1a: Primarina
|-damage|p1a: Primarina|0 fnt
|faint|p1a: Primarina
|
|-weather|RainDance|[upkeep]
|-damage|p2a: Ursaluna|95/100 brn|[from] brn
|upkeep
|-message|tryson69 forfeited.
|
|win|Sawadaburner
||tryson69 is ready for game 2.
||Sawadaburner is ready for game 2.
|uhtml|next|Next: Game 2 of 3
|l|☆tryson69
|player|p1|
|j|☆tryson69
|player|p1|tryson69|crasherwake|
