|j|☆abtoty
|j|☆KarmaPoliceVGC
|html|abtotyKarmaPoliceVGC    
|uhtml|bestof|Game 3 of a best-of-3
|t:|1757813968
|gametype|doubles
|player|p1|abtoty|102|1067
|player|p2|KarmaPoliceVGC|scientist-gen4|1146
|gen|9
|tier|[Gen 9] VGC 2025 Reg H (Bo3)
|rated|
|rule|Species Clause: Limit one of each Pokémon
|rule|Item Clause: Limit 1 of each item
|clearpoke
|poke|p1|Gholdengo, L50|
|poke|p1|Dragonite, L50, F|
|poke|p1|Sneasler, L50, F|
|poke|p1|Rillaboom, L50, F|
|poke|p1|Ursaluna, L50, F|
|poke|p1|Porygon2, L50|
|poke|p2|Garchomp, L50, F|
|poke|p2|Murkrow, L50, M|
|poke|p2|Bellossom, L50, M|
|poke|p2|Oricorio-Pom-Pom, L50, M|
|poke|p2|Ninetales-Alola, L50, M|
|poke|p2|Volcarona, L50, F|
|teampreview|4
|showteam|p1|Gholdengo||MetalCoat|GoodasGold|MakeItRain,ShadowBall,NastyPlot,Protect||||||50|,,,,,Water]Dragonite||LoadedDice|Multiscale|ScaleShot,StompingTantrum,Tailwind,Protect|||F|||50|,,,,,Fairy]Sneasler||FocusSash|Unburden|DireClaw,CloseCombat,Coaching,Protect|||F|||50|,,,,,Ghost]Rillaboom||AssaultVest|GrassySurge|GrassyGlide,WoodHammer,FakeOut,HighHorsepower|||F|||50|,,,,,Fire]Ursaluna||FlameOrb|Guts|Facade,Protect,HeadlongRush,Earthquake|||F|||50|,,,,,Ground]Porygon2||Eviolite|Download|TeraBlast,IceBeam,TrickRoom,Recover||||||50|,,,,,Fighting
|showteam|p2|Garchomp||ChoiceScarf|RoughSkin|Earthquake,Outrage,RockSlide,StompingTantrum|||F|||50|,,,,,Ground]Murkrow||Eviolite|Prankster|Protect,Tailwind,FeatherDance,FoulPlay|||M|||50|,,,,,Ghost]Bellossom||KebiaBerry|Healer|Protect,SleepPowder,QuiverDance,PetalDance|||M|||50|,,,,,Ghost]Oricorio-Pom-Pom||SitrusBerry|Dancer|Protect,QuiverDance,RevelationDance,AirSlash|||M|||50|,,,,,Ghost]Ninetales-Alola||LightClay|SnowWarning|AuroraVeil,Encore,Blizzard,Moonblast|||M|||50|,,,,,Ice]Volcarona||Leftovers|FlameBody|Protect,QuiverDance,FieryDance,GigaDrain|||F|||50|,,,,,Grass
|inactive|Battle timer is ON: inactive players will automatically lose when time's up. (requested by abtoty)
|inactive|KarmaPoliceVGC has 60 seconds left.
|
|t:|1757814028
|teamsize|p1|4
|teamsize|p2|4
|start
|switch|p1a: Dragonite|Dragonite, L50, F|100/100
|switch|p1b: Sneasler|Sneasler, L50, F|100/100
|switch|p2a: Garchomp|Garchomp, L50, F|100/100
|switch|p2b: Murkrow|Murkrow, L50, M|100/100
|turn|1
|inactive|abtoty has 30 seconds left.
|
|t:|1757814056
|switch|p2a: Ninetales|Ninetales-Alola, L50, M|100/100
|-weather|Snowscape|[from] ability: Snow Warning|[of] p2a: Ninetales
|move|p2b: Murkrow|Tailwind|p2b: Murkrow
|-sidestart|p2: KarmaPoliceVGC|move: Tailwind
|move|p1b: Sneasler|Coaching|p1a: Dragonite
|-boost|p1a: Dragonite|atk|1
|-boost|p1a: Dragonite|def|1
|move|p1a: Dragonite|Tailwind|p1a: Dragonite
|-sidestart|p1: abtoty|move: Tailwind
|
|-weather|Snowscape|[upkeep]
|upkeep
|turn|2
|
|t:|1757814079
|move|p1b: Sneasler|Dire Claw|p2a: Ninetales
|-supereffective|p2a: Ninetales
|-damage|p2a: Ninetales|23/100
|move|p2a: Ninetales|Encore|p1a: Dragonite
|-start|p1a: Dragonite|Encore
|move|p1a: Dragonite|Tailwind||[still]
|-fail|p1a: Dragonite
|move|p2b: Murkrow|Foul Play|p1b: Sneasler
|-resisted|p1b: Sneasler
|-damage|p1b: Sneasler|57/100
|
|-weather|Snowscape|[upkeep]
|upkeep
|turn|3
|
|t:|1757814102
|switch|p2a: Garchomp|Garchomp, L50, F|100/100
|switch|p1a: Ursaluna|Ursaluna, L50, F|100/100
|move|p1b: Sneasler|Dire Claw|p2a: Garchomp
|-resisted|p2a: Garchomp
|-damage|p2a: Garchomp|82/100
|-status|p2a: Garchomp|psn
|-damage|p1b: Sneasler|45/100|[from] ability: Rough Skin|[of] p2a: Garchomp
|move|p2b: Murkrow|Foul Play|p1b: Sneasler
|-resisted|p1b: Sneasler
|-damage|p1b: Sneasler|6/100
|
|-weather|Snowscape|[upkeep]
|-damage|p2a: Garchomp|69/100 psn|[from] psn
|-status|p1a: Ursaluna|brn|[from] item: Flame Orb
|upkeep
|turn|4
|inactive|abtoty has 30 seconds left.
|inactive|KarmaPoliceVGC has 30 seconds left.
|inactive|abtoty has 20 seconds left.
|
|t:|1757814143
|move|p2a: Garchomp|Earthquake|p1b: Sneasler|[spread] p1a,p1b
|-immune|p2b: Murkrow
|-supereffective|p1b: Sneasler
|-damage|p1a: Ursaluna|65/100 brn
|-damage|p1b: Sneasler|0 fnt
|faint|p1b: Sneasler
|move|p2b: Murkrow|Foul Play|p1a: Ursaluna
|-damage|p1a: Ursaluna|22/100 brn
|move|p1a: Ursaluna|Facade|p2a: Garchomp
|-crit|p2a: Garchomp
|-damage|p2a: Garchomp|0 fnt
|-damage|p1a: Ursaluna|10/100 brn|[from] ability: Rough Skin|[of] p2a: Garchomp
|faint|p2a: Garchomp
|
|-weather|Snowscape|[upkeep]
|-damage|p1a: Ursaluna|4/100 brn|[from] brn
|-sideend|p1: abtoty|move: Tailwind
|-sideend|p2: KarmaPoliceVGC|move: Tailwind
|upkeep
|inactive|abtoty has 30 seconds left.
|
|t:|1757814172
|switch|p1b: Rillaboom|Rillaboom, L50, F|100/100
|switch|p2a: Bellossom|Bellossom, L50, M|100/100
|-fieldstart|move: Grassy Terrain|[from] ability: Grassy Surge|[of] p1b: Rillaboom
|turn|5
|
|t:|1757814197
|switch|p1a: Dragonite|Dragonite, L50, F|100/100
|move|p2b: Murkrow|Protect|p2b: Murkrow
|-singleturn|p2b: Murkrow|Protect
|move|p2a: Bellossom|Protect|p2a: Bellossom
|-singleturn|p2a: Bellossom|Protect
|move|p1b: Rillaboom|Wood Hammer|p2b: Murkrow
|-activate|p2b: Murkrow|move: Protect
|
|-weather|none
|upkeep
|turn|6
|
|t:|1757814212
|move|p2b: Murkrow|Tailwind|p2b: Murkrow
|-sidestart|p2: KarmaPoliceVGC|move: Tailwind
|move|p2a: Bellossom|Sleep Powder|p1a: Dragonite|[miss]
|-miss|p2a: Bellossom|p1a: Dragonite
|move|p1a: Dragonite|Scale Shot|p2b: Murkrow
|-damage|p2b: Murkrow|88/100
|-damage|p2b: Murkrow|75/100
|-damage|p2b: Murkrow|62/100
|-damage|p2b: Murkrow|50/100
|-damage|p2b: Murkrow|37/100
|-hitcount|p2b: Murkrow|5
|-unboost|p1a: Dragonite|def|1
|-boost|p1a: Dragonite|spe|1
|move|p1b: Rillaboom|Wood Hammer|p2b: Murkrow
|-resisted|p2b: Murkrow
|-damage|p2b: Murkrow|5/100
|-damage|p1b: Rillaboom|92/100|[from] Recoil
|
|-heal|p1b: Rillaboom|98/100|[from] Grassy Terrain
|upkeep
|turn|7
|
|t:|1757814234
|move|p2b: Murkrow|Protect|p2b: Murkrow
|-singleturn|p2b: Murkrow|Protect
|move|p1b: Rillaboom|Grassy Glide|p2b: Murkrow
|-activate|p2b: Murkrow|move: Protect
|move|p2a: Bellossom|Sleep Powder|p1a: Dragonite
|-status|p1a: Dragonite|slp|[from] move: Sleep Powder
|cant|p1a: Dragonite|slp
|
|-heal|p1b: Rillaboom|100/100|[from] Grassy Terrain
|upkeep
|turn|8
|
|t:|1757814246
|move|p1b: Rillaboom|Grassy Glide|p2b: Murkrow
|-resisted|p2b: Murkrow
|-damage|p2b: Murkrow|0 fnt
|faint|p2b: Murkrow
|move|p2a: Bellossom|Quiver Dance|p2a: Bellossom
|-boost|p2a: Bellossom|spa|1
|-boost|p2a: Bellossom|spd|1
|-boost|p2a: Bellossom|spe|1
|-curestatus|p1a: Dragonite|slp|[msg]
|move|p1a: Dragonite|Scale Shot|p2a: Bellossom
|-damage|p2a: Bellossom|87/100
|-damage|p2a: Bellossom|71/100
|-damage|p2a: Bellossom|57/100
|-damage|p2a: Bellossom|42/100
|-damage|p2a: Bellossom|28/100
|-hitcount|p2a: Bellossom|5
|-unboost|p1a: Dragonite|def|1
|-boost|p1a: Dragonite|spe|1
|
|-heal|p2a: Bellossom|34/100|[from] Grassy Terrain
|upkeep
|
|t:|1757814251
|switch|p2b: Ninetales|Ninetales-Alola, L50, M|23/100
|-weather|Snowscape|[from] ability: Snow Warning|[of] p2b: Ninetales
|turn|9
|inactive|abtoty has 30 seconds left.
|inactive|abtoty has 20 seconds left.
|inactive|abtoty has 15 seconds left.
|
|t:|1757814292
|switch|p1b: Ursaluna|Ursaluna, L50, F|4/100 brn
|-terastallize|p2b: Ninetales|Ice
|move|p1a: Dragonite|Protect|p1a: Dragonite
|-singleturn|p1a: Dragonite|Protect
|move|p2b: Ninetales|Blizzard|p1b: Ursaluna|[spread] p1b
|-activate|p1a: Dragonite|move: Protect
|-supereffective|p1b: Ursaluna
|-damage|p1b: Ursaluna|0 fnt
|faint|p1b: Ursaluna
|move|p2a: Bellossom|Sleep Powder|p1a: Dragonite
|-activate|p1a: Dragonite|move: Protect
|
|-weather|Snowscape|[upkeep]
|-heal|p2b: Ninetales|29/100|[from] Grassy Terrain
|-heal|p2a: Bellossom|40/100|[from] Grassy Terrain
|-sideend|p2: KarmaPoliceVGC|move: Tailwind
|-fieldend|move: Grassy Terrain
|upkeep
|
|t:|1757814304
|switch|p1b: Rillaboom|Rillaboom, L50, F|100/100
|-fieldstart|move: Grassy Terrain|[from] ability: Grassy Surge|[of] p1b: Rillaboom
|turn|10
|-message|KarmaPoliceVGC forfeited.
|
|win|abtoty
|raw|abtoty's rating: 1067 → 1104(+37 for winning)
|raw|KarmaPoliceVGC's rating: 1146 → 1115(-31 for losing)
|l|☆KarmaPoliceVGC
|player|p2|
