|j|☆SuperBoke
|j|☆Danidelaserna20
|html|SuperBokeDanidelaserna20    
|uhtml|bestof|Game 1 of a best-of-3
|t:|1757839084
|gametype|doubles
|player|p1|SuperBoke|steven|1205
|player|p2|Danidelaserna20|buck|1101
|gen|9
|tier|[Gen 9] VGC 2025 Reg H (Bo3)
|rated|
|rule|Species Clause: Limit one of each Pokémon
|rule|Item Clause: Limit 1 of each item
|clearpoke
|poke|p1|Weezing, L50, M|
|poke|p1|Incineroar, L50, F|
|poke|p1|Dondozo, L50, F|
|poke|p1|Garchomp, L50, F|
|poke|p1|Sneasler, L50, F|
|poke|p1|Gholdengo, L50|
|poke|p2|Rillaboom, L50, F|
|poke|p2|Volcarona, L50, M|
|poke|p2|Annihilape, L50, M|
|poke|p2|Murkrow, L50, F|
|poke|p2|Ninetales-Alola, L50, M|
|poke|p2|Baxcalibur, L50, F|
|teampreview|4
|showteam|p1|Weezing||SitrusBerry|NeutralizingGas|GunkShot,Protect,PoisonGas,Taunt|||M|||50|,,,,,Flying]Incineroar||AbilityShield|Intimidate|FlareBlitz,KnockOff,FakeOut,PartingShot|||F|||50|,,,,,Ghost]Dondozo||Leftovers|Unaware|WaveCrash,Protect,Fissure,Substitute|||F|||50|,,,,,Poison]Garchomp||LifeOrb|RoughSkin|StompingTantrum,Earthquake,Protect,DragonClaw|||F|||50|,,,,,Fire]Sneasler||FocusSash|PoisonTouch|CloseCombat,DireClaw,Protect,Coaching|||F|||50|,,,,,Flying]Gholdengo||MetalCoat|GoodasGold|MakeItRain,ShadowBall,Protect,NastyPlot||||||50|,,,,,Water
|showteam|p2|Rillaboom||AssaultVest|GrassySurge|FakeOut,DrumBeating,GrassyGlide,HighHorsepower|||F|||50|,,,,,Fire]Volcarona||GrassySeed|FlameBody|QuiverDance,GigaDrain,FieryDance,Protect|||M|||50|,,,,,Grass]Annihilape||Leftovers|Defiant|DrainPunch,RageFist,BulkUp,Protect|||M|||50|,,,,,Fire]Murkrow||Eviolite|Prankster|Tailwind,Haze,FoulPlay,Taunt|||F|||50|,,,,,Ghost]Ninetales-Alola||LightClay|SnowWarning|AuroraVeil,Protect,DazzlingGleam,Blizzard|||M|||50|,,,,,Fire]Baxcalibur||LoadedDice|ThermalExchange|IcicleCrash,ScaleShot,Protect,DragonDance|||F|||50|,,,,,Ghost
|inactive|Battle timer is ON: inactive players will automatically lose when time's up. (requested by SuperBoke)
|
|t:|1757839154
|teamsize|p1|4
|teamsize|p2|4
|start
|switch|p1a: Weezing|Weezing, L50, M|100/100
|switch|p1b: Incineroar|Incineroar, L50, F|100/100
|switch|p2a: Murkrow|Murkrow, L50, F|100/100
|switch|p2b: Volcarona|Volcarona, L50, M|100/100
|-ability|p1a: Weezing|Neutralizing Gas
|-block|p1b: Incineroar|item: Ability Shield
|-ability|p1b: Incineroar|Intimidate|boost
|-unboost|p2a: Murkrow|atk|1
|-unboost|p2b: Volcarona|atk|1
|turn|1
|
|t:|1757839163
|-terastallize|p2a: Murkrow|Ghost
|move|p1b: Incineroar|Fake Out|p2b: Volcarona
|-damage|p2b: Volcarona|84/100
|cant|p2b: Volcarona|flinch
|move|p2a: Murkrow|Taunt|p1a: Weezing
|-start|p1a: Weezing|move: Taunt
|cant|p1a: Weezing|move: Taunt|Poison Gas
|
|upkeep
|turn|2
|
|t:|1757839182
|move|p2b: Volcarona|Quiver Dance|p2b: Volcarona
|-boost|p2b: Volcarona|spa|1
|-boost|p2b: Volcarona|spd|1
|-boost|p2b: Volcarona|spe|1
|move|p2a: Murkrow|Taunt|p1b: Incineroar
|-start|p1b: Incineroar|move: Taunt
|move|p1b: Incineroar|Knock Off|p2a: Murkrow
|-supereffective|p2a: Murkrow
|-damage|p2a: Murkrow|0 fnt
|-enditem|p2a: Murkrow|Eviolite|[from] move: Knock Off|[of] p1b: Incineroar
|faint|p2a: Murkrow
|move|p1a: Weezing|Gunk Shot|p2b: Volcarona|[miss]
|-miss|p1a: Weezing|p2b: Volcarona
|
|upkeep
|
|t:|1757839198
|switch|p2a: Rillaboom|Rillaboom, L50, F|100/100
|turn|3
|
|t:|1757839207
|move|p2b: Volcarona|Quiver Dance|p2b: Volcarona
|-boost|p2b: Volcarona|spa|1
|-boost|p2b: Volcarona|spd|1
|-boost|p2b: Volcarona|spe|1
|move|p2a: Rillaboom|High Horsepower|p1a: Weezing
|-supereffective|p1a: Weezing
|-damage|p1a: Weezing|49/100
|-enditem|p1a: Weezing|Sitrus Berry|[eat]
|-heal|p1a: Weezing|74/100|[from] item: Sitrus Berry
|move|p1b: Incineroar|Flare Blitz|p2b: Volcarona
|-damage|p2b: Volcarona|19/100
|-damage|p1b: Incineroar|80/100|[from] Recoil
|move|p1a: Weezing|Gunk Shot|p2a: Rillaboom
|-supereffective|p2a: Rillaboom
|-damage|p2a: Rillaboom|25/100
|
|-end|p1a: Weezing|move: Taunt
|upkeep
|turn|4
|
|t:|1757839230
|move|p1a: Weezing|Protect|p1a: Weezing
|-singleturn|p1a: Weezing|Protect
|move|p2b: Volcarona|Giga Drain|p1b: Incineroar
|-resisted|p1b: Incineroar
|-damage|p1b: Incineroar|57/100
|-heal|p2b: Volcarona|31/100|[from] drain|[of] p1b: Incineroar
|move|p2a: Rillaboom|High Horsepower|p1b: Incineroar
|-supereffective|p1b: Incineroar
|-damage|p1b: Incineroar|0 fnt
|faint|p1b: Incineroar
|
|upkeep
|
|t:|1757839235
|switch|p1b: Sneasler|Sneasler, L50, F|100/100
|turn|5
|inactive|Danidelaserna20 has 30 seconds left.
|
|t:|1757839262
|move|p2b: Volcarona|Protect|p2b: Volcarona
|-singleturn|p2b: Volcarona|Protect
|move|p1b: Sneasler|Dire Claw|p2a: Rillaboom
|-supereffective|p2a: Rillaboom
|-damage|p2a: Rillaboom|0 fnt
|faint|p2a: Rillaboom
|move|p1a: Weezing|Gunk Shot|p2b: Volcarona
|-activate|p2b: Volcarona|move: Protect
|
|upkeep
|
|t:|1757839270
|switch|p2a: Annihilape|Annihilape, L50, M|100/100
|turn|6
|
|t:|1757839285
|move|p2b: Volcarona|Giga Drain|p1b: Sneasler
|-resisted|p1b: Sneasler
|-damage|p1b: Sneasler|65/100
|-heal|p2b: Volcarona|46/100|[from] drain|[of] p1b: Sneasler
|move|p1b: Sneasler|Dire Claw|p2b: Volcarona
|-damage|p2b: Volcarona|0 fnt
|faint|p2b: Volcarona
|move|p2a: Annihilape|Bulk Up|p2a: Annihilape
|-boost|p2a: Annihilape|atk|1
|-boost|p2a: Annihilape|def|1
|move|p1a: Weezing|Poison Gas|p2a: Annihilape
|-status|p2a: Annihilape|psn
|
|-damage|p2a: Annihilape|88/100 psn|[from] psn
|upkeep
|turn|7
|
|t:|1757839296
|move|p1b: Sneasler|Coaching|p1a: Weezing
|-boost|p1a: Weezing|atk|1
|-boost|p1a: Weezing|def|1
|move|p2a: Annihilape|Drain Punch|p1b: Sneasler
|-resisted|p1b: Sneasler
|-damage|p1b: Sneasler|27/100
|-heal|p2a: Annihilape|100/100 psn|[from] drain|[of] p1b: Sneasler
|move|p1a: Weezing|Gunk Shot|p2a: Annihilape
|-resisted|p2a: Annihilape
|-damage|p2a: Annihilape|80/100 psn
|
|-heal|p2a: Annihilape|86/100 psn|[from] item: Leftovers
|-damage|p2a: Annihilape|74/100 psn|[from] psn
|upkeep
|turn|8
|
|t:|1757839312
|move|p1a: Weezing|Protect|p1a: Weezing
|-singleturn|p1a: Weezing|Protect
|move|p1b: Sneasler|Coaching|p1a: Weezing
|-boost|p1a: Weezing|atk|1
|-boost|p1a: Weezing|def|1
|move|p2a: Annihilape|Drain Punch|p1b: Sneasler
|-resisted|p1b: Sneasler
|-crit|p1b: Sneasler
|-damage|p1b: Sneasler|0 fnt
|-heal|p2a: Annihilape|84/100 psn|[from] drain|[of] p1b: Sneasler
|faint|p1b: Sneasler
|
|-heal|p2a: Annihilape|90/100 psn|[from] item: Leftovers
|-damage|p2a: Annihilape|78/100 psn|[from] psn
|upkeep
|
|t:|1757839320
|switch|p1b: Dondozo|Dondozo, L50, F|100/100
|turn|9
|
|t:|1757839337
|move|p2a: Annihilape|Rage Fist|p1b: Dondozo
|-crit|p1b: Dondozo
|-damage|p1b: Dondozo|49/100
|move|p1a: Weezing|Gunk Shot|p2a: Annihilape
|-resisted|p2a: Annihilape
|-damage|p2a: Annihilape|52/100 psn
|move|p1b: Dondozo|Wave Crash|p2a: Annihilape
|-damage|p2a: Annihilape|23/100 psn
|-damage|p1b: Dondozo|41/100|[from] Recoil
|
|-heal|p2a: Annihilape|29/100 psn|[from] item: Leftovers
|-heal|p1b: Dondozo|48/100|[from] item: Leftovers
|-damage|p2a: Annihilape|17/100 psn|[from] psn
|upkeep
|turn|10
|
|t:|1757839350
|move|p2a: Annihilape|Bulk Up|p2a: Annihilape
|-boost|p2a: Annihilape|atk|1
|-boost|p2a: Annihilape|def|1
|move|p1a: Weezing|Gunk Shot|p2a: Annihilape|[miss]
|-miss|p1a: Weezing|p2a: Annihilape
|move|p1b: Dondozo|Wave Crash|p2a: Annihilape
|-damage|p2a: Annihilape|0 fnt
|faint|p2a: Annihilape
|-damage|p1b: Dondozo|43/100|[from] Recoil
|
|win|SuperBoke
||Danidelaserna20 is ready for game 2.
|inactive|SuperBoke has 30 seconds to confirm battle start!
||SuperBoke is ready for game 2.
|uhtml|next|Next: Game 2 of 3
