|j|☆forzaturinstorm
|j|☆marcel72
|html|forzaturinstormmarcel72    
|uhtml|bestof|Game 2 of a best-of-3
|t:|1756489230
|gametype|doubles
|player|p1|forzaturinstorm|nate|1129
|player|p2|marcel72|170|1095
|gen|9
|tier|[Gen 9] VGC 2025 Reg H (Bo3)
|rated|
|rule|Species Clause: Limit one of each Pokémon
|rule|Item Clause: Limit 1 of each item
|clearpoke
|poke|p1|Porygon2, L50|
|poke|p1|Primarina, L50, M|
|poke|p1|Archaludon, L50, M|
|poke|p1|Ursaluna, L50, F|
|poke|p1|Vivillon, L50, F|
|poke|p1|Incineroar, L50, F|
|poke|p2|Ursaluna, L50, F|
|poke|p2|Vivillon-Polar, L50, M|
|poke|p2|Porygon2, L50|
|poke|p2|Annihilape, L50, F|
|poke|p2|Tinkaton, L50, F|
|poke|p2|Dragonite, L50, M|
|teampreview|4
|showteam|p1|Porygon2||Eviolite|Download|TeraBlast,IceBeam,TrickRoom,Recover||||||50|,,,,,Fighting]Primarina||LifeOrb|LiquidVoice|HyperVoice,Moonblast,Haze,Protect|||M|||50|,,,,,Poison]Archaludon||PowerHerb|Stalwart|Protect,ElectroShot,DragonPulse,FlashCannon|||M|||50|,,,,,Grass]Ursaluna||FlameOrb|Guts|HeadlongRush,Facade,Earthquake,Protect|||F|||50|,,,,,Poison]Vivillon||FocusSash|CompoundEyes|Hurricane,SleepPowder,Tailwind,Protect|||F|||50|,,,,,Ghost]Incineroar||AssaultVest|Intimidate|FlareBlitz,KnockOff,Uturn,FakeOut|||F|||50|,,,,,Grass
|showteam|p2|Ursaluna||FlameOrb|Guts|Facade,Earthquake,HeadlongRush,Protect|||F|||50|,,,,,Ghost]Vivillon-Polar||FocusSash|CompoundEyes|Hurricane,SleepPowder,RagePowder,Tailwind|||M|||50|,,,,,Ghost]Porygon2||Eviolite|Download|TeraBlast,IceBeam,Recover,TrickRoom||||||50|,,,,,Fighting]Annihilape||ChestoBerry|Defiant|DrainPunch,RageFist,BulkUp,Protect|||F|||50|,,,,,Fire]Tinkaton||AssaultVest|OwnTempo|FakeOut,GigatonHammer,PlayRough,KnockOff|||F|||50|,,,,,Water]Dragonite||LoadedDice|InnerFocus|ScaleShot,Tailwind,IceSpinner,Protect|||M|||50|,,,,,Fairy
|
|t:|1756489254
|teamsize|p1|4
|teamsize|p2|4
|start
|switch|p1a: Ursaluna|Ursaluna, L50, F|100/100
|switch|p1b: Vivillon|Vivillon, L50, F|100/100
|switch|p2a: Porygon2|Porygon2, L50, shiny|100/100
|switch|p2b: Vivillon|Vivillon-Polar, L50, M, shiny|100/100
|-ability|p2a: Porygon2|Download|boost
|-boost|p2a: Porygon2|spa|1
|turn|1
|
|t:|1756489288
|move|p1b: Vivillon|Protect|p1b: Vivillon
|-singleturn|p1b: Vivillon|Protect
|move|p1a: Ursaluna|Protect|p1a: Ursaluna
|-singleturn|p1a: Ursaluna|Protect
|move|p2b: Vivillon|Sleep Powder|p1b: Vivillon
|-activate|p1b: Vivillon|move: Protect
|move|p2a: Porygon2|Trick Room|p2a: Porygon2
|-fieldstart|move: Trick Room|[of] p2a: Porygon2
|
|-status|p1a: Ursaluna|brn|[from] item: Flame Orb
|upkeep
|turn|2
|
|t:|1756489318
|switch|p2a: Annihilape|Annihilape, L50, F|100/100
|-terastallize|p1a: Ursaluna|Poison
|move|p1a: Ursaluna|Facade|p2b: Vivillon
|-enditem|p2b: Vivillon|Focus Sash
|-damage|p2b: Vivillon|1/100
|move|p2b: Vivillon|Sleep Powder|p1b: Vivillon
|-status|p1b: Vivillon|slp|[from] move: Sleep Powder
|cant|p1b: Vivillon|slp
|
|-damage|p1a: Ursaluna|95/100 brn|[from] brn
|upkeep
|turn|3
|
|t:|1756489351
|move|p1a: Ursaluna|Facade|p2b: Vivillon
|-damage|p2b: Vivillon|0 fnt
|faint|p2b: Vivillon
|move|p2a: Annihilape|Bulk Up|p2a: Annihilape
|-boost|p2a: Annihilape|atk|1
|-boost|p2a: Annihilape|def|1
|cant|p1b: Vivillon|slp
|
|-damage|p1a: Ursaluna|89/100 brn|[from] brn
|upkeep
|
|t:|1756489364
|switch|p2b: Ursaluna|Ursaluna, L50, F|100/100
|turn|4
|
|t:|1756489403
|move|p2b: Ursaluna|Protect|p2b: Ursaluna
|-singleturn|p2b: Ursaluna|Protect
|move|p1a: Ursaluna|Protect|p1a: Ursaluna
|-singleturn|p1a: Ursaluna|Protect
|move|p2a: Annihilape|Protect|p2a: Annihilape
|-singleturn|p2a: Annihilape|Protect
|-curestatus|p1b: Vivillon|slp|[msg]
|move|p1b: Vivillon|Sleep Powder|p2a: Annihilape
|-activate|p2a: Annihilape|move: Protect
|
|-damage|p1a: Ursaluna|83/100 brn|[from] brn
|-status|p2b: Ursaluna|brn|[from] item: Flame Orb
|upkeep
|turn|5
|
|t:|1756489448
|-terastallize|p2b: Ursaluna|Ghost
|move|p1b: Vivillon|Protect|p1b: Vivillon
|-singleturn|p1b: Vivillon|Protect
|move|p2b: Ursaluna|Facade|p1b: Vivillon
|-activate|p1b: Vivillon|move: Protect
|move|p1a: Ursaluna|Earthquake|p2a: Annihilape|[spread] p2a,p2b
|-activate|p1b: Vivillon|move: Protect
|-damage|p2a: Annihilape|63/100
|-damage|p2b: Ursaluna|58/100 brn
|move|p2a: Annihilape|Rage Fist|p1b: Vivillon
|-activate|p1b: Vivillon|move: Protect
|
|-damage|p2b: Ursaluna|52/100 brn|[from] brn
|-damage|p1a: Ursaluna|77/100 brn|[from] brn
|-fieldend|move: Trick Room
|upkeep
|turn|6
|
|t:|1756489514
|move|p2a: Annihilape|Protect|p2a: Annihilape
|-singleturn|p2a: Annihilape|Protect
|move|p1b: Vivillon|Tailwind|p1b: Vivillon
|-sidestart|p1: forzaturinstorm|move: Tailwind
|move|p1a: Ursaluna|Headlong Rush|p2b: Ursaluna
|-damage|p2b: Ursaluna|0 fnt
|-unboost|p1a: Ursaluna|def|1
|-unboost|p1a: Ursaluna|spd|1
|faint|p2b: Ursaluna
|
|-damage|p1a: Ursaluna|71/100 brn|[from] brn
|upkeep
|
|t:|1756489524
|switch|p2b: Porygon2|Porygon2, L50, shiny|100/100
|-ability|p2b: Porygon2|Download|boost
|-boost|p2b: Porygon2|spa|1
|turn|7
|
|t:|1756489541
|move|p1b: Vivillon|Sleep Powder|p2b: Porygon2
|-status|p2b: Porygon2|slp|[from] move: Sleep Powder
|move|p1a: Ursaluna|Headlong Rush|p2a: Annihilape
|-damage|p2a: Annihilape|0 fnt
|-unboost|p1a: Ursaluna|def|1
|-unboost|p1a: Ursaluna|spd|1
|faint|p2a: Annihilape
|cant|p2b: Porygon2|slp
|
|-damage|p1a: Ursaluna|65/100 brn|[from] brn
|upkeep
|turn|8
|
|t:|1756489553
|move|p1b: Vivillon|Hurricane|p2b: Porygon2
|-damage|p2b: Porygon2|72/100 slp
|move|p1a: Ursaluna|Facade|p2b: Porygon2
|-damage|p2b: Porygon2|9/100 slp
|cant|p2b: Porygon2|slp
|
|-damage|p1a: Ursaluna|59/100 brn|[from] brn
|upkeep
|turn|9
|
|t:|1756489563
|move|p1b: Vivillon|Hurricane|p2b: Porygon2
|-damage|p2b: Porygon2|0 fnt
|faint|p2b: Porygon2
|
|win|forzaturinstorm
||marcel72 is ready for game 3.
||forzaturinstorm is ready for game 3.
|uhtml|next|Next: Game 3 of 3
|l|☆marcel72
|player|p2|
|l|☆forzaturinstorm
|player|p1|
|j|☆marcel72
|player|p2|marcel72|170|
