|j|☆rugshaker
|j|☆detoxfilms
|html|rugshakerdetoxfilms    
|uhtml|bestof|Game 1 of a best-of-3
|t:|1757694393
|gametype|doubles
|player|p1|rugshaker|lillie-z|1171
|player|p2|detoxfilms|clerk|1155
|gen|9
|tier|[Gen 9] VGC 2025 Reg H (Bo3)
|rated|
|rule|Species Clause: Limit one of each Pokémon
|rule|Item Clause: Limit 1 of each item
|clearpoke
|poke|p1|Typhlosion-Hisui, L50, M|
|poke|p1|Whimsicott, L50, M|
|poke|p1|Tauros-Paldea-Aqua, L50, M|
|poke|p1|Ursaluna-Bloodmoon, L50, M|
|poke|p1|Kingambit, L50, F|
|poke|p1|Farigiraf, L50, M|
|poke|p2|Primarina, L50, F|
|poke|p2|Gothitelle, L50, F|
|poke|p2|Lapras, L50, M|
|poke|p2|Dragapult, L50, M|
|poke|p2|Incineroar, L50, F|
|poke|p2|Rillaboom, L50, F|
|teampreview|4
|showteam|p1|Typhlosion-Hisui||ChoiceSpecs|Blaze|Eruption,HeatWave,ShadowBall,Overheat|||M|||50|,,,,,Fire]Whimsicott||CovertCloak|Prankster|Tailwind,SunnyDay,Encore,Moonblast|||M|||50|,,,,,Water]Tauros-Paldea-Aqua||ClearAmulet|Intimidate|Protect,AquaJet,RagingBull,CloseCombat|||M|||50|,,,,,Grass]Ursaluna-Bloodmoon||LifeOrb|MindsEye|Protect,BloodMoon,HyperVoice,EarthPower|||M|||50|,,,,,Normal]Kingambit||BlackGlasses|Defiant|KowtowCleave,SuckerPunch,SwordsDance,LowKick|||F|||50|,,,,,Fairy]Farigiraf||SafetyGoggles|ArmorTail|TrickRoom,Psychic,Protect,DazzlingGleam|||M|||50|,,,,,Fairy
|showteam|p2|Primarina||ThroatSpray|LiquidVoice|Protect,HyperVoice,PerishSong,Encore|||F|||50|,,,,,Steel]Gothitelle||SitrusBerry|ShadowTag|Protect,FakeOut,Psychic,TrickRoom|||F|||50|,,,,,Psychic]Lapras||Leftovers|WaterAbsorb|Protect,MuddyWater,DragonCheer,PerishSong|||M|||50|,,,,,Grass]Dragapult||ChoiceBand|ClearBody|DragonDarts,TeraBlast,PhantomForce,Uturn|||M|||50|,,,,,Ghost]Incineroar||SafetyGoggles|Intimidate|FakeOut,FlareBlitz,PartingShot,Protect|||F|||50|,,,,,Bug]Rillaboom||AssaultVest|GrassySurge|FakeOut,GrassyGlide,HighHorsepower,Uturn|||F|||50|,,,,,Fire
|
|t:|1757694472
|teamsize|p1|4
|teamsize|p2|4
|start
|switch|p1a: Kingoonbit|Kingambit, L50, F, shiny|100/100
|switch|p1b: The real Whimsicot|Whimsicott, L50, M|100/100
|switch|p2a: Primarina|Primarina, L50, F|100/100
|switch|p2b: Rillaboom|Rillaboom, L50, F|100/100
|-fieldstart|move: Grassy Terrain|[from] ability: Grassy Surge|[of] p2b: Rillaboom
|turn|1
|
|t:|1757694492
|move|p1b: The real Whimsicot|Sunny Day|p1b: The real Whimsicot
|-weather|SunnyDay
|move|p2a: Primarina|Perish Song|p2a: Primarina
|-start|p1a: Kingoonbit|perish3|[silent]
|-start|p1b: The real Whimsicot|perish3|[silent]
|-start|p2a: Primarina|perish3|[silent]
|-start|p2b: Rillaboom|perish3|[silent]
|-fieldactivate|move: Perish Song
|-enditem|p2a: Primarina|Throat Spray
|-boost|p2a: Primarina|spa|1|[from] item: Throat Spray
|move|p2b: Rillaboom|U-turn|p1a: Kingoonbit
|-damage|p1a: Kingoonbit|86/100
|
|t:|1757694500
|switch|p2b: Gothitelle|Gothitelle, L50, F|100/100|[from] U-turn
|move|p1a: Kingoonbit|Swords Dance|p1a: Kingoonbit
|-boost|p1a: Kingoonbit|atk|2
|
|-weather|SunnyDay|[upkeep]
|-heal|p1a: Kingoonbit|92/100|[from] Grassy Terrain
|-start|p1b: The real Whimsicot|perish3
|-start|p2a: Primarina|perish3
|-start|p1a: Kingoonbit|perish3
|upkeep
|turn|2
|
|t:|1757694517
|move|p2b: Gothitelle|Fake Out|p1a: Kingoonbit
|-resisted|p1a: Kingoonbit
|-damage|p1a: Kingoonbit|89/100
|move|p1b: The real Whimsicot|Moonblast|p2a: Primarina
|-damage|p2a: Primarina|80/100
|move|p2a: Primarina|Encore|p1a: Kingoonbit
|-start|p1a: Kingoonbit|Encore
|cant|p1a: Kingoonbit|flinch
|
|-weather|SunnyDay|[upkeep]
|-heal|p2a: Primarina|86/100|[from] Grassy Terrain
|-heal|p1a: Kingoonbit|95/100|[from] Grassy Terrain
|-start|p1b: The real Whimsicot|perish2
|-start|p2a: Primarina|perish2
|-start|p1a: Kingoonbit|perish2
|upkeep
|turn|3
|
|t:|1757694541
|switch|p2a: Rillaboom|Rillaboom, L50, F|100/100
|move|p2b: Gothitelle|Protect|p2b: Gothitelle
|-singleturn|p2b: Gothitelle|Protect
|move|p1b: The real Whimsicot|Encore|p2b: Gothitelle
|-activate|p2b: Gothitelle|move: Protect
|move|p1a: Kingoonbit|Swords Dance|p1a: Kingoonbit
|-boost|p1a: Kingoonbit|atk|2
|
|-weather|SunnyDay|[upkeep]
|-heal|p1a: Kingoonbit|100/100|[from] Grassy Terrain
|-start|p1b: The real Whimsicot|perish1
|-start|p1a: Kingoonbit|perish1
|upkeep
|turn|4
|
|t:|1757694565
|switch|p2b: Primarina|Primarina, L50, F|86/100
|move|p1b: The real Whimsicot|Moonblast|p2b: Primarina
|-damage|p2b: Primarina|66/100
|move|p2a: Rillaboom|U-turn|p1b: The real Whimsicot
|-damage|p1b: The real Whimsicot|76/100
|
|t:|1757694573
|switch|p2a: Gothitelle|Gothitelle, L50, F|100/100|[from] U-turn
|move|p1a: Kingoonbit|Swords Dance|p1a: Kingoonbit
|-boost|p1a: Kingoonbit|atk|2
|
|-weather|SunnyDay|[upkeep]
|-heal|p1b: The real Whimsicot|82/100|[from] Grassy Terrain
|-heal|p2b: Primarina|72/100|[from] Grassy Terrain
|-end|p1a: Kingoonbit|Encore
|-start|p1b: The real Whimsicot|perish0
|-start|p1a: Kingoonbit|perish0
|faint|p1b: The real Whimsicot
|faint|p1a: Kingoonbit
|upkeep
|
|t:|1757694592
|switch|p1b: Sylveon'|Ursaluna-Bloodmoon, L50, M|100/100
|switch|p1a: Typhreaky|Typhlosion-Hisui, L50, M|100/100
|turn|5
|
|t:|1757694612
|move|p1b: Sylveon'|Protect|p1b: Sylveon'
|-singleturn|p1b: Sylveon'|Protect
|move|p2a: Gothitelle|Fake Out|p1b: Sylveon'
|-activate|p1b: Sylveon'|move: Protect
|move|p1a: Typhreaky|Eruption|p2b: Primarina|[spread] p2a,p2b
|-resisted|p2b: Primarina
|-damage|p2a: Gothitelle|19/100
|-damage|p2b: Primarina|30/100
|-enditem|p2a: Gothitelle|Sitrus Berry|[eat]
|-heal|p2a: Gothitelle|44/100|[from] item: Sitrus Berry
|move|p2b: Primarina|Perish Song|p2b: Primarina
|-start|p1a: Typhreaky|perish3|[silent]
|-start|p1b: Sylveon'|perish3|[silent]
|-start|p2a: Gothitelle|perish3|[silent]
|-start|p2b: Primarina|perish3|[silent]
|-fieldactivate|move: Perish Song
|
|-weather|none
|-heal|p2b: Primarina|36/100|[from] Grassy Terrain
|-heal|p2a: Gothitelle|50/100|[from] Grassy Terrain
|-start|p1a: Typhreaky|perish3
|-start|p1b: Sylveon'|perish3
|-start|p2b: Primarina|perish3
|-start|p2a: Gothitelle|perish3
|-fieldend|move: Grassy Terrain
|upkeep
|turn|6
|
|t:|1757694628
|-terastallize|p1a: Typhreaky|Fire
|move|p2b: Primarina|Protect|p2b: Primarina
|-singleturn|p2b: Primarina|Protect
|move|p2a: Gothitelle|Protect|p2a: Gothitelle
|-singleturn|p2a: Gothitelle|Protect
|move|p1a: Typhreaky|Eruption|p2b: Primarina|[spread] 
|-activate|p2a: Gothitelle|move: Protect
|-activate|p2b: Primarina|move: Protect
|move|p1b: Sylveon'|Hyper Voice|p2a: Gothitelle|[spread] 
|-activate|p2a: Gothitelle|move: Protect
|-activate|p2b: Primarina|move: Protect
|
|-start|p1a: Typhreaky|perish2
|-start|p1b: Sylveon'|perish2
|-start|p2b: Primarina|perish2
|-start|p2a: Gothitelle|perish2
|upkeep
|turn|7
|
|t:|1757694635
|switch|p2b: Rillaboom|Rillaboom, L50, F|100/100
|-fieldstart|move: Grassy Terrain|[from] ability: Grassy Surge|[of] p2b: Rillaboom
|switch|p2a: Lapras|Lapras, L50, M|100/100
|move|p1a: Typhreaky|Eruption|p2b: Rillaboom|[spread] p2a,p2b
|-supereffective|p2b: Rillaboom
|-damage|p2a: Lapras|37/100
|-damage|p2b: Rillaboom|0 fnt
|faint|p2b: Rillaboom
|move|p1b: Sylveon'|Hyper Voice|p2a: Lapras
|-damage|p2a: Lapras|0 fnt
|faint|p2a: Lapras
|-damage|p1b: Sylveon'|90/100|[from] item: Life Orb
|
|-heal|p1b: Sylveon'|96/100|[from] Grassy Terrain
|-start|p1a: Typhreaky|perish1
|-start|p1b: Sylveon'|perish1
|upkeep
|
|t:|1757694643
|switch|p2b: Primarina|Primarina, L50, F|36/100
|switch|p2a: Gothitelle|Gothitelle, L50, F|50/100
|turn|8
|-message|rugshaker forfeited.
|
|win|detoxfilms
|l|☆rugshaker
|player|p1|
||rugshaker is ready for game 2.
||detoxfilms is ready for game 2.
|uhtml|next|Next: Game 2 of 3
|l|☆detoxfilms
|player|p2|
