|j|☆Squ1dge_
|j|☆KirkGPT
|html|Squ1dge_KirkGPT    
|uhtml|bestof|Game 3 of a best-of-3
|t:|1786063849
|gametype|doubles
|player|p1|Squ1dge_|265|1493
|player|p2|KirkGPT|101|1378
|gen|9
|tier|[Gen 9 Champions] VGC 2026 Reg M-B (Bo3)
|rated|
|rule|Species Clause: Limit one of each Pokémon
|rule|Item Clause: Limit 1 of each item
|clearpoke
|poke|p1|Staraptor, L50, F|
|poke|p1|Delphox, L50, F|
|poke|p1|Whimsicott, L50, F|
|poke|p1|Glimmora, L50, M|
|poke|p1|Garchomp, L50, M|
|poke|p1|Kingambit, L50, F|
|poke|p2|Charizard, L50, M|
|poke|p2|Annihilape, L50, F, shiny|
|poke|p2|Toxapex, L50, M, shiny|
|poke|p2|Incineroar, L50, M|
|poke|p2|Venusaur, L50, M|
|poke|p2|Garchomp, L50, M|
|teampreview|4
|showteam|p1|Staraptor||Staraptite|Intimidate|CloseCombat,BraveBird,Roost,Protect|Jolly||F|||50|]Delphox||Delphoxite|Blaze|HeatWave,Psychic,Encore,Protect|Timid||F|||50|]Whimsicott||OccaBerry|Prankster|Tailwind,Moonblast,Charm,LightScreen|Timid||F|||50|]Glimmora||FocusSash|ToxicDebris|PowerGem,SludgeBomb,EarthPower,SpikyShield|Modest||M|||50|]Garchomp||ChoiceScarf|RoughSkin|DragonClaw,RockSlide,StompingTantrum,Earthquake|Adamant||M|||50|]Kingambit||ChopleBerry|Defiant|KowtowCleave,IronHead,LowKick,SuckerPunch|Adamant||F|||50|
|showteam|p2|Charizard||CharizarditeY|Blaze|WeatherBall,HeatWave,HelpingHand,Protect|Modest||M|||50|]Annihilape||FocusSash|Defiant|CloseCombat,PhantomForce,RockTomb,Protect|Jolly||F|||50|]Toxapex||Leftovers|Regenerator|Infestation,Toxic,WideGuard,BanefulBunker|Relaxed||M|||50|]Incineroar||SitrusBerry|Intimidate|FlareBlitz,ThroatChop,PartingShot,FakeOut|Impish||M|||50|]Venusaur||LifeOrb|Chlorophyll|LeafStorm,SludgeBomb,EarthPower,Protect|Modest||M|||50|]Garchomp||ChoiceScarf|RoughSkin|Earthquake,DragonClaw,StompingTantrum,RockSlide|Adamant||M|||50|
|j| HeartbreakSyndrome
|
|t:|1786063881
|teamsize|p1|4
|teamsize|p2|4
|start
|switch|p1a: Glimmora|Glimmora, L50, M|100/100
|switch|p1b: Whimsicott|Whimsicott, L50, F|100/100
|switch|p2a: Venusaur|Venusaur, L50, M|100/100
|switch|p2b: Charizard|Charizard, L50, M|100/100
|turn|1
|
|t:|1786063912
|detailschange|p2b: Charizard|Charizard-Mega-Y, L50, M
|-mega|p2b: Charizard|Charizard|Charizardite Y
|-weather|SunnyDay|[from] ability: Drought|[of] p2b: Charizard
|move|p1b: Whimsicott|Tailwind|p1b: Whimsicott
|-sidestart|p1: Squ1dge_|move: Tailwind
|move|p1a: Glimmora|Power Gem|p2b: Charizard
|-supereffective|p2b: Charizard|2
|-damage|p2b: Charizard|0 fnt
|faint|p2b: Charizard
|move|p2a: Venusaur|Earth Power|p1a: Glimmora
|-supereffective|p1a: Glimmora|2
|-enditem|p1a: Glimmora|Focus Sash
|-damage|p1a: Glimmora|1/100
|-damage|p2a: Venusaur|90/100|[from] item: Life Orb
|
|-weather|SunnyDay|[upkeep]
|upkeep
|
|t:|1786063943
|switch|p2b: Incineroar|Incineroar, L50, M|100/100
|-ability|p2b: Incineroar|Intimidate|boost
|-unboost|p1a: Glimmora|atk|1
|-unboost|p1b: Whimsicott|atk|1
|turn|2
|
|t:|1786063959
|switch|p1b: Garchomp|Garchomp, L50, M|100/100
|move|p1a: Glimmora|Spiky Shield|p1a: Glimmora
|-singleturn|p1a: Glimmora|move: Protect
|move|p2a: Venusaur|Sludge Bomb|p1b: Garchomp
|-resisted|p1b: Garchomp|1
|-damage|p1b: Garchomp|73/100
|-damage|p2a: Venusaur|80/100|[from] item: Life Orb
|move|p2b: Incineroar|Throat Chop|p1b: Garchomp
|-damage|p1b: Garchomp|41/100
|-start|p1b: Garchomp|Throat Chop|[silent]
|-damage|p2b: Incineroar|87/100|[from] ability: Rough Skin|[of] p1b: Garchomp
|
|-weather|SunnyDay|[upkeep]
|upkeep
|turn|3
|
|t:|1786064047
|switch|p2b: Garchomp|Garchomp, L50, M|100/100
|move|p1b: Garchomp|Dragon Claw|p2b: Garchomp
|-supereffective|p2b: Garchomp|1
|-damage|p2b: Garchomp|22/100
|-damage|p1b: Garchomp|29/100|[from] ability: Rough Skin|[of] p2b: Garchomp
|move|p1a: Glimmora|Power Gem|p2b: Garchomp
|-resisted|p2b: Garchomp|1
|-damage|p2b: Garchomp|0 fnt
|faint|p2b: Garchomp
|move|p2a: Venusaur|Sludge Bomb|p1a: Glimmora
|-resisted|p1a: Glimmora|2
|-damage|p1a: Glimmora|0 fnt
|faint|p1a: Glimmora
|-damage|p2a: Venusaur|71/100|[from] item: Life Orb
|
|-weather|SunnyDay|[upkeep]
|-end|p1b: Garchomp|Throat Chop|[silent]
|upkeep
|
|t:|1786064063
|switch|p2b: Incineroar|Incineroar, L50, M|87/100
|switch|p1a: Delphox|Delphox, L50, F|100/100
|-ability|p2b: Incineroar|Intimidate|boost
|-unboost|p1a: Delphox|atk|1
|-unboost|p1b: Garchomp|atk|1
|turn|4
|
|t:|1786064127
|detailschange|p1a: Delphox|Delphox-Mega, L50, F
|-mega|p1a: Delphox|Delphox|Delphoxite
|move|p2b: Incineroar|Fake Out|p1a: Delphox
|-damage|p1a: Delphox|82/100
|move|p1b: Garchomp|Dragon Claw|p2b: Incineroar
|-damage|p2b: Incineroar|65/100
|cant|p1a: Delphox|flinch
|move|p2a: Venusaur|Sludge Bomb|p1b: Garchomp
|-resisted|p1b: Garchomp|1
|-damage|p1b: Garchomp|1/100
|-damage|p2a: Venusaur|61/100|[from] item: Life Orb
|
|-weather|SunnyDay|[upkeep]
|-sideend|p1: Squ1dge_|move: Tailwind
|upkeep
|turn|5
|
|t:|1786064170
|move|p1a: Delphox|Protect|p1a: Delphox
|-singleturn|p1a: Delphox|Protect
|move|p2a: Venusaur|Sludge Bomb|p1a: Delphox
|-activate|p1a: Delphox|move: Protect
|move|p1b: Garchomp|Dragon Claw|p2b: Incineroar
|-damage|p2b: Incineroar|45/100
|-enditem|p2b: Incineroar|Sitrus Berry|[eat]
|-heal|p2b: Incineroar|70/100|[from] item: Sitrus Berry
|move|p2b: Incineroar|Throat Chop|p1b: Garchomp
|-damage|p1b: Garchomp|0 fnt
|-damage|p2b: Incineroar|57/100|[from] ability: Rough Skin|[of] p1b: Garchomp
|faint|p1b: Garchomp
|
|-weather|none
|upkeep
|
|t:|1786064182
|switch|p1b: Whimsicott|Whimsicott, L50, F|100/100
|turn|6
|
|t:|1786064198
|move|p2a: Venusaur|Protect|p2a: Venusaur
|-singleturn|p2a: Venusaur|Protect
|move|p1a: Delphox|Heat Wave|p2a: Venusaur|[spread] p2b
|-activate|p2a: Venusaur|move: Protect
|-resisted|p2b: Incineroar|1
|-damage|p2b: Incineroar|38/100
|move|p1b: Whimsicott|Moonblast|p2b: Incineroar
|-damage|p2b: Incineroar|10/100
|move|p2b: Incineroar|Throat Chop|p1a: Delphox
|-supereffective|p1a: Delphox|1
|-damage|p1a: Delphox|0 fnt
|faint|p1a: Delphox
|
|upkeep
|turn|7
|-message|Squ1dge_ forfeited.
|raw|Squ1dge_'s rating: 1493 → 1467(-26 for losing)
|raw|KirkGPT's rating: 1378 → 1404(+26 for winning)
|
|win|KirkGPT
|l|☆Squ1dge_
|player|p1|
|l| HeartbreakSyndrome
