|j|☆atahualpamaia
|j|☆zweeta
|html|atahualpamaiazweeta    
|uhtml|bestof|Game 2 of a best-of-3
|t:|1756658200
|gametype|doubles
|player|p1|atahualpamaia|lucas|1085
|player|p2|zweeta|pokekid|1173
|gen|9
|tier|[Gen 9] VGC 2025 Reg H (Bo3)
|rated|
|rule|Species Clause: Limit one of each Pokémon
|rule|Item Clause: Limit 1 of each item
|clearpoke
|poke|p1|Dragonite, L50, M|
|poke|p1|Sneasler, L50, M|
|poke|p1|Ursaluna-Bloodmoon, L50, M|
|poke|p1|Braviary, L50, M|
|poke|p1|Whimsicott, L50, M|
|poke|p1|Farigiraf, L50, F|
|poke|p2|Gholdengo, L50|
|poke|p2|Ursaluna, L50, F|
|poke|p2|Sinistcha, L50|
|poke|p2|Sneasler, L50, F|
|poke|p2|Dragonite, L50, M|
|poke|p2|Incineroar, L50, F|
|teampreview|4
|showteam|p1|Dragonite||LoadedDice|Multiscale|ScaleShot,ExtremeSpeed,StompingTantrum,Protect|||M|||50|,,,,,Steel]Sneasler||WhiteHerb|Unburden|CloseCombat,DireClaw,ThroatChop,Protect|||M|||50|,,,,,Ghost]Ursaluna-Bloodmoon||SitrusBerry|MindsEye|BloodMoon,EarthPower,HyperVoice,Protect|||M|||50|,,,,,Ghost]Braviary||LifeOrb|Defiant|BraveBird,CloseCombat,Tailwind,Protect|||M|||50|,,,,,Flying]Whimsicott||FocusSash|Prankster|DazzlingGleam,Endeavor,Tailwind,Protect|||M|||50|,,,,,Ghost]Farigiraf||ThroatSpray|ArmorTail|HyperVoice,HelpingHand,TrickRoom,Protect|||F|||50|,,,,,Water
|showteam|p2|Gholdengo||LifeOrb|GoodasGold|MakeItRain,ShadowBall,NastyPlot,Protect||||||50|,,,,,Water]Ursaluna||FlameOrb|Guts|Facade,HeadlongRush,Earthquake,Protect|||F|||50|,,,,,Ghost]Sinistcha||SitrusBerry|Hospitality|MatchaGotcha,LifeDew,RagePowder,TrickRoom||||||50|,,,,,Dark]Sneasler||FocusSash|PoisonTouch|DireClaw,CloseCombat,Coaching,Protect|||F|||50|,,,,,Flying]Dragonite||LoadedDice|Multiscale|ScaleShot,Haze,Tailwind,Protect|||M|||50|,,,,,Fairy]Incineroar||SafetyGoggles|Intimidate|FakeOut,FlareBlitz,KnockOff,PartingShot|||F|||50|,,,,,Ghost
|inactive|Battle timer is ON: inactive players will automatically lose when time's up. (requested by zweeta)
|inactive|atahualpamaia also wants the timer to be on.
|inactive|atahualpamaia has 60 seconds left.
|inactive|zweeta has 60 seconds left.
|
|t:|1756658255
|teamsize|p1|4
|teamsize|p2|4
|start
|switch|p1a: Whimsicott|Whimsicott, L50, M|100/100
|switch|p1b: Sneasler|Sneasler, L50, M|100/100
|switch|p2a: Sneasler|Sneasler, L50, F, shiny|100/100
|switch|p2b: Dragonite|Dragonite, L50, M, shiny|100/100
|turn|1
|
|t:|1756658280
|-terastallize|p1b: Sneasler|Ghost
|move|p1a: Whimsicott|Tailwind|p1a: Whimsicott
|-sidestart|p1: atahualpamaia|move: Tailwind
|move|p1b: Sneasler|Dire Claw|p2b: Dragonite
|-damage|p2b: Dragonite|77/100
|move|p2a: Sneasler|Coaching|p2b: Dragonite
|-boost|p2b: Dragonite|atk|1
|-boost|p2b: Dragonite|def|1
|move|p2b: Dragonite|Scale Shot|p1b: Sneasler
|-crit|p1b: Sneasler
|-damage|p1b: Sneasler|47/100
|-damage|p1b: Sneasler|8/100
|-damage|p1b: Sneasler|0 fnt
|faint|p1b: Sneasler
|-hitcount|p1: Sneasler|3
|-unboost|p2b: Dragonite|def|1
|-boost|p2b: Dragonite|spe|1
|
|upkeep
|
|t:|1756658299
|switch|p1b: Dragonite|Dragonite, L50, M|100/100
|turn|2
|inactive|atahualpamaia has 30 seconds left.
|
|t:|1756658325
|-terastallize|p2b: Dragonite|Fairy
|move|p2a: Sneasler|Protect|p2a: Sneasler
|-singleturn|p2a: Sneasler|Protect
|move|p1a: Whimsicott|Dazzling Gleam|p2b: Dragonite|[spread] p2b
|-activate|p2a: Sneasler|move: Protect
|-damage|p2b: Dragonite|52/100
|move|p1b: Dragonite|Scale Shot|p2a: Sneasler
|-activate|p2a: Sneasler|move: Protect
|move|p2b: Dragonite|Scale Shot|p1b: Dragonite|[miss]
|-miss|p2b: Dragonite|p1b: Dragonite
|
|upkeep
|turn|3
|inactive|atahualpamaia has 30 seconds left.
|inactive|atahualpamaia has 20 seconds left.
|inactive|atahualpamaia has 15 seconds left.
|inactive|atahualpamaia has 10 seconds left.
|
|t:|1756658370
|switch|p2a: Gholdengo|Gholdengo, L50, shiny|100/100
|move|p1a: Whimsicott|Protect|p1a: Whimsicott
|-singleturn|p1a: Whimsicott|Protect
|move|p1b: Dragonite|Scale Shot|p2a: Gholdengo
|-resisted|p2a: Gholdengo
|-damage|p2a: Gholdengo|92/100
|-resisted|p2a: Gholdengo
|-damage|p2a: Gholdengo|83/100
|-resisted|p2a: Gholdengo
|-damage|p2a: Gholdengo|75/100
|-resisted|p2a: Gholdengo
|-damage|p2a: Gholdengo|67/100
|-resisted|p2a: Gholdengo
|-damage|p2a: Gholdengo|58/100
|-hitcount|p2a: Gholdengo|5
|-unboost|p1b: Dragonite|def|1
|-boost|p1b: Dragonite|spe|1
|move|p2b: Dragonite|Tailwind|p2b: Dragonite
|-sidestart|p2: zweeta|move: Tailwind
|
|upkeep
|turn|4
|inactive|atahualpamaia has 30 seconds left.
|
|t:|1756658404
|move|p2b: Dragonite|Scale Shot|p1b: Dragonite|[miss]
|-miss|p2b: Dragonite|p1b: Dragonite
|move|p1b: Dragonite|Stomping Tantrum|p2b: Dragonite
|-damage|p2b: Dragonite|19/100
|move|p1a: Whimsicott|Dazzling Gleam|p2a: Gholdengo|[spread] p2a,p2b
|-resisted|p2a: Gholdengo
|-damage|p2a: Gholdengo|44/100
|-damage|p2b: Dragonite|0 fnt
|faint|p2b: Dragonite
|move|p2a: Gholdengo|Make It Rain|p1b: Dragonite|[spread] p1a,p1b
|-supereffective|p1a: Whimsicott
|-enditem|p1a: Whimsicott|Focus Sash
|-damage|p1a: Whimsicott|1/100
|-damage|p1b: Dragonite|71/100
|-unboost|p2a: Gholdengo|spa|1
|-damage|p2a: Gholdengo|34/100|[from] item: Life Orb
|
|-sideend|p1: atahualpamaia|move: Tailwind
|upkeep
|
|t:|1756658416
|switch|p2b: Ursaluna|Ursaluna, L50, F, shiny|100/100
|turn|5
|
|t:|1756658432
|move|p1a: Whimsicott|Protect|p1a: Whimsicott
|-singleturn|p1a: Whimsicott|Protect
|move|p1b: Dragonite|Protect|p1b: Dragonite
|-singleturn|p1b: Dragonite|Protect
|move|p2a: Gholdengo|Make It Rain|p1a: Whimsicott|[spread] 
|-activate|p1a: Whimsicott|move: Protect
|-activate|p1b: Dragonite|move: Protect
|move|p2b: Ursaluna|Facade|p1b: Dragonite
|-activate|p1b: Dragonite|move: Protect
|
|-status|p2b: Ursaluna|brn|[from] item: Flame Orb
|upkeep
|turn|6
|inactive|zweeta has 30 seconds left.
|
|t:|1756658460
|move|p1a: Whimsicott|Tailwind|p1a: Whimsicott
|-sidestart|p1: atahualpamaia|move: Tailwind
|move|p1b: Dragonite|Stomping Tantrum|p2a: Gholdengo
|-supereffective|p2a: Gholdengo
|-damage|p2a: Gholdengo|0 fnt
|faint|p2a: Gholdengo
|move|p2b: Ursaluna|Facade|p1b: Dragonite
|-crit|p1b: Dragonite
|-damage|p1b: Dragonite|0 fnt
|faint|p1b: Dragonite
|
|-damage|p2b: Ursaluna|94/100 brn|[from] brn
|-sideend|p2: zweeta|move: Tailwind
|upkeep
|
|t:|1756658471
|switch|p2a: Sneasler|Sneasler, L50, F, shiny|100/100
|switch|p1b: Ursaluna|Ursaluna-Bloodmoon, L50, M|100/100
|turn|7
|
|t:|1756658492
|move|p1a: Whimsicott|Protect|p1a: Whimsicott
|-singleturn|p1a: Whimsicott|Protect
|move|p2a: Sneasler|Protect|p2a: Sneasler
|-singleturn|p2a: Sneasler|Protect
|move|p1b: Ursaluna|Protect|p1b: Ursaluna
|-singleturn|p1b: Ursaluna|Protect
|move|p2b: Ursaluna|Facade|p1a: Whimsicott
|-activate|p1a: Whimsicott|move: Protect
|
|-damage|p2b: Ursaluna|88/100 brn|[from] brn
|upkeep
|turn|8
|
|t:|1756658509
|move|p2b: Ursaluna|Protect|p2b: Ursaluna
|-singleturn|p2b: Ursaluna|Protect
|move|p1a: Whimsicott|Endeavor|p2a: Sneasler
|-damage|p2a: Sneasler|1/100
|move|p2a: Sneasler|Dire Claw|p1a: Whimsicott
|-supereffective|p1a: Whimsicott
|-crit|p1a: Whimsicott
|-damage|p1a: Whimsicott|0 fnt
|faint|p1a: Whimsicott
|move|p1b: Ursaluna|Hyper Voice|p2b: Ursaluna|[spread] p2a
|-activate|p2b: Ursaluna|move: Protect
|-crit|p2a: Sneasler
|-damage|p2a: Sneasler|0 fnt
|faint|p2a: Sneasler
|
|-damage|p2b: Ursaluna|82/100 brn|[from] brn
|upkeep
|turn|9
|
|t:|1756658525
|move|p1b: Ursaluna|Blood Moon|p2b: Ursaluna
|-damage|p2b: Ursaluna|2/100 brn
|move|p2b: Ursaluna|Facade|p1b: Ursaluna
|-damage|p1b: Ursaluna|6/100
|-enditem|p1b: Ursaluna|Sitrus Berry|[eat]
|-heal|p1b: Ursaluna|31/100|[from] item: Sitrus Berry
|
|-damage|p2b: Ursaluna|0 fnt|[from] brn
|faint|p2b: Ursaluna
|
|win|atahualpamaia
||zweeta is ready for game 3.
|inactive|atahualpamaia has 30 seconds to confirm battle start!
||atahualpamaia is ready for game 3.
|uhtml|next|Next: Game 3 of 3
|l|☆atahualpamaia
|player|p1|
