|j|☆toxiccroc12
|j|☆JMangoes
|html|toxiccroc12JMangoes    
|uhtml|bestof|Game 1 of a best-of-3
|t:|1784343847
|gametype|doubles
|player|p1|toxiccroc12|101|1075
|player|p2|JMangoes|roxanne|1000
|gen|9
|tier|[Gen 9 Champions] VGC 2026 Reg M-B (Bo3)
|rated|
|rule|Species Clause: Limit one of each Pokémon
|rule|Item Clause: Limit 1 of each item
|clearpoke
|poke|p1|Floette-Eternal, L50, F|
|poke|p1|Incineroar, L50, M|
|poke|p1|Sinistcha, L50|
|poke|p1|Delphox, L50, M|
|poke|p1|Sneasler, L50, F|
|poke|p1|Kingambit, L50, M|
|poke|p2|Steelix, L50, F, shiny|
|poke|p2|Tyranitar, L50, M|
|poke|p2|Primarina, L50, F|
|poke|p2|Armarouge, L50, F|
|poke|p2|Meowstic, L50, M, shiny|
|poke|p2|Decidueye-Hisui, L50, F|
|teampreview|4
|showteam|p1|Floette-Eternal||Floettite|FlowerVeil|DazzlingGleam,DrainingKiss,CalmMind,Protect|Modest||F|||50|]Incineroar||SitrusBerry|Intimidate|FlareBlitz,FakeOut,PartingShot,HelpingHand|Impish||M|||50|]Sinistcha||OccaBerry|Hospitality|MatchaGotcha,RagePowder,TrickRoom,Protect|Relaxed|||||50|]Delphox||Delphoxite|Blaze|HeatWave,Psyshock,NastyPlot,Protect|Timid||M|||50|]Sneasler||FocusSash|PoisonTouch|PoisonJab,CloseCombat,FakeOut,QuickGuard|Jolly||F|||50|]Kingambit||BlackGlasses|Defiant|KowtowCleave,SuckerPunch,SwordsDance,Protect|Adamant||M|||50|
|showteam|p2|Steelix||Steelixite|Sturdy|BodyPress,IronDefense,DrillRun,IronHead|Relaxed||F|||50|]Tyranitar||FocusSash|SandStream|KnockOff,RockSlide,Protect,Sandstorm|Sassy||M|||50|]Primarina||Leftovers|LiquidVoice|HyperVoice,Protect,Moonblast,WeatherBall|Quiet||F|||50|]Armarouge||ExpertBelt|FlashFire|TrickRoom,ArmorCannon,Psychic,WeatherBall|Quiet||F|||50|]Meowstic||SitrusBerry|Prankster|SkillSwap,FakeOut,PsychicNoise,TrickRoom|Bold||M|||50|]Decidueye-Hisui||LifeOrb|Scrappy|SmackDown,LeafBlade,TripleArrows,Uturn|Brave||F|||50|
|inactive|Battle timer is ON: inactive players will automatically lose when time's up. (requested by JMangoes)
|inactive|toxiccroc12 has 60 seconds left.
|inactive|toxiccroc12 has 30 seconds left.
|inactive|toxiccroc12 has 20 seconds left.
|inactive|toxiccroc12 has 15 seconds left.
|
|t:|1784343925
|teamsize|p1|4
|teamsize|p2|4
|start
|switch|p1a: Incineroar|Incineroar, L50, M|100/100
|switch|p1b: Kingambit|Kingambit, L50, M|100/100
|switch|p2a: Armarouge|Armarouge, L50, F|100/100
|switch|p2b: Meowstic|Meowstic, L50, M, shiny|100/100
|-ability|p1a: Incineroar|Intimidate|boost
|-unboost|p2a: Armarouge|atk|1
|-unboost|p2b: Meowstic|atk|1
|turn|1
|inactive|toxiccroc12 has 30 seconds left.
|inactive|JMangoes has 30 seconds left.
|inactive|toxiccroc12 has 20 seconds left.
|
|t:|1784343962
|move|p2b: Meowstic|Fake Out|p1b: Kingambit
|-resisted|p1b: Kingambit|1
|-damage|p1b: Kingambit|98/100
|move|p1a: Incineroar|Parting Shot|p2a: Armarouge
|-unboost|p2a: Armarouge|atk|1
|-unboost|p2a: Armarouge|spa|1
|
|t:|1784343968
|switch|p1a: Sneasler|Sneasler, L50, F|100/100|[from] Parting Shot
|cant|p1b: Kingambit|flinch
|move|p2a: Armarouge|Trick Room|p2a: Armarouge
|-fieldstart|move: Trick Room|[of] p2a: Armarouge
|
|upkeep
|turn|2
|inactive|toxiccroc12 has 30 seconds left.
|inactive|toxiccroc12 has 20 seconds left.
|inactive|toxiccroc12 has 15 seconds left.
|
|t:|1784344009
|switch|p2a: Tyranitar|Tyranitar, L50, M|100/100
|-weather|Sandstorm|[from] ability: Sand Stream|[of] p2a: Tyranitar
|move|p1a: Sneasler|Fake Out|p2a: Tyranitar
|-resisted|p2a: Tyranitar|1
|-damage|p2a: Tyranitar|94/100
|move|p1b: Kingambit|Kowtow Cleave|p2a: Tyranitar
|-resisted|p2a: Tyranitar|1
|-damage|p2a: Tyranitar|69/100
|move|p2b: Meowstic|Psychic Noise|p1a: Sneasler
|-supereffective|p1a: Sneasler|2
|-enditem|p1a: Sneasler|Focus Sash
|-damage|p1a: Sneasler|1/100
|-start|p1a: Sneasler|move: Heal Block
|
|-weather|Sandstorm|[upkeep]
|-damage|p2b: Meowstic|93/100|[from] Sandstorm
|-damage|p1a: Sneasler|0 fnt|[from] Sandstorm
|faint|p1a: Sneasler
|upkeep
|
|t:|1784344025
|switch|p1a: Incineroar|Incineroar, L50, M|100/100
|-ability|p1a: Incineroar|Intimidate|boost
|-unboost|p2a: Tyranitar|atk|1
|-unboost|p2b: Meowstic|atk|1
|turn|3
|
|t:|1784344049
|switch|p2b: Armarouge|Armarouge, L50, F|100/100
|move|p1a: Incineroar|Fake Out|p2a: Tyranitar
|-resisted|p2a: Tyranitar|1
|-damage|p2a: Tyranitar|64/100
|cant|p2a: Tyranitar|flinch
|move|p1b: Kingambit|Swords Dance|p1b: Kingambit
|-boost|p1b: Kingambit|atk|2
|
|-weather|Sandstorm|[upkeep]
|-damage|p2b: Armarouge|94/100|[from] Sandstorm
|-damage|p1a: Incineroar|94/100|[from] Sandstorm
|upkeep
|turn|4
|inactive|toxiccroc12 has 30 seconds left.
|inactive|JMangoes has 30 seconds left.
|
|t:|1784344082
|switch|p2a: Steelix|Steelix, L50, F, shiny|100/100
|switch|p2b: Meowstic|Meowstic, L50, M, shiny|93/100
|move|p1b: Kingambit|Sucker Punch||[still]
|-fail|p1b: Kingambit
|move|p1a: Incineroar|Parting Shot|p2a: Steelix
|-unboost|p2a: Steelix|atk|1
|-unboost|p2a: Steelix|spa|1
|
|t:|1784344087
|switch|p1a: Sinistcha|Sinistcha, L50|100/100|[from] Parting Shot
|-heal|p1b: Kingambit|100/100|[from] ability: Hospitality|[of] p1a: Sinistcha
|
|-weather|Sandstorm|[upkeep]
|-damage|p1a: Sinistcha|93/100|[from] Sandstorm
|-damage|p2b: Meowstic|87/100|[from] Sandstorm
|upkeep
|turn|5
|inactive|toxiccroc12 has 30 seconds left.
|inactive|JMangoes has 30 seconds left.
|inactive|JMangoes has 20 seconds left.
|
|t:|1784344136
|detailschange|p2a: Steelix|Steelix-Mega, L50, F, shiny
|-mega|p2a: Steelix|Steelix|Steelixite
|move|p1a: Sinistcha|Rage Powder|p1a: Sinistcha
|-singleturn|p1a: Sinistcha|move: Rage Powder
|move|p2a: Steelix|Iron Defense|p2a: Steelix
|-boost|p2a: Steelix|def|2
|move|p1b: Kingambit|Kowtow Cleave|p2a: Steelix
|-damage|p2a: Steelix|76/100
|move|p2b: Meowstic|Psychic Noise|p1a: Sinistcha
|-damage|p1a: Sinistcha|73/100
|-start|p1a: Sinistcha|move: Heal Block
|
|-weather|Sandstorm|[upkeep]
|-damage|p1a: Sinistcha|66/100|[from] Sandstorm
|-damage|p2b: Meowstic|81/100|[from] Sandstorm
|-fieldend|move: Trick Room
|upkeep
|turn|6
|inactive|toxiccroc12 has 30 seconds left.
|inactive|toxiccroc12 has 20 seconds left.
|inactive|toxiccroc12 has 15 seconds left.
|
|t:|1784344180
|switch|p1a: Incineroar|Incineroar, L50, M|94/100
|-ability|p1a: Incineroar|Intimidate|boost
|-unboost|p2a: Steelix|atk|1
|-unboost|p2b: Meowstic|atk|1
|move|p2b: Meowstic|Skill Swap|p1a: Incineroar
|-hint|Since gen 7, Dark is immune to Prankster moves.
|-immune|p1a: Incineroar
|move|p1b: Kingambit|Kowtow Cleave|p2b: Meowstic
|-supereffective|p2b: Meowstic|1
|-damage|p2b: Meowstic|0 fnt
|faint|p2b: Meowstic
|move|p2a: Steelix|Iron Defense|p2a: Steelix
|-boost|p2a: Steelix|def|2
|
|-weather|none
|upkeep
|
|t:|1784344194
|switch|p2b: Tyranitar|Tyranitar, L50, M|64/100
|-weather|Sandstorm|[from] ability: Sand Stream|[of] p2b: Tyranitar
|turn|7
|
|t:|1784344202
|move|p1a: Incineroar|Fake Out|p2a: Steelix
|-resisted|p2a: Steelix|1
|-damage|p2a: Steelix|75/100
|move|p1b: Kingambit|Swords Dance|p1b: Kingambit
|-boost|p1b: Kingambit|atk|2
|move|p2b: Tyranitar|Knock Off|p1b: Kingambit
|-resisted|p1b: Kingambit|1
|-damage|p1b: Kingambit|83/100
|-enditem|p1b: Kingambit|Black Glasses|[from] move: Knock Off|[of] p2b: Tyranitar
|cant|p2a: Steelix|flinch
|
|-weather|Sandstorm|[upkeep]
|-damage|p1a: Incineroar|88/100|[from] Sandstorm
|upkeep
|turn|8
|inactive|toxiccroc12 has 30 seconds left.
|inactive|JMangoes has 30 seconds left.
|inactive|toxiccroc12 has 20 seconds left.
|inactive|toxiccroc12 has 15 seconds left.
|inactive|toxiccroc12 has 10 seconds left.
|inactive|toxiccroc12 has 5 seconds left.
|
|t:|1784344256
|move|p1a: Incineroar|Helping Hand|p1b: Kingambit
|-singleturn|p1b: Kingambit|Helping Hand|[of] p1a: Incineroar
|move|p1b: Kingambit|Kowtow Cleave|p2a: Steelix
|-damage|p2a: Steelix|46/100
|move|p2b: Tyranitar|Knock Off|p1a: Incineroar
|-resisted|p1a: Incineroar|1
|-damage|p1a: Incineroar|71/100
|-enditem|p1a: Incineroar|Sitrus Berry|[from] move: Knock Off|[of] p2b: Tyranitar
|move|p2a: Steelix|Iron Defense|p2a: Steelix
|-boost|p2a: Steelix|def|2
|
|-weather|Sandstorm|[upkeep]
|-damage|p1a: Incineroar|65/100|[from] Sandstorm
|upkeep
|turn|9
|inactive|toxiccroc12 has 30 seconds left.
|
|t:|1784344282
|move|p1a: Incineroar|Helping Hand|p1b: Kingambit
|-singleturn|p1b: Kingambit|Helping Hand|[of] p1a: Incineroar
|move|p1b: Kingambit|Kowtow Cleave|p2b: Tyranitar
|-resisted|p2b: Tyranitar|1
|-damage|p2b: Tyranitar|0 fnt
|faint|p2b: Tyranitar
|move|p2a: Steelix|Body Press|p1b: Kingambit
|-supereffective|p1b: Kingambit|2
|-damage|p1b: Kingambit|0 fnt
|faint|p1b: Kingambit
|
|-weather|Sandstorm|[upkeep]
|-damage|p1a: Incineroar|59/100|[from] Sandstorm
|upkeep
|
|t:|1784344290
|switch|p1b: Sinistcha|Sinistcha, L50|66/100
|switch|p2b: Armarouge|Armarouge, L50, F|94/100
|-heal|p1a: Incineroar|84/100|[from] ability: Hospitality|[of] p1b: Sinistcha
|turn|10
|
|t:|1784344305
|move|p1a: Incineroar|Helping Hand|p1b: Sinistcha
|-singleturn|p1b: Sinistcha|Helping Hand|[of] p1a: Incineroar
|move|p2b: Armarouge|Weather Ball|p1a: Incineroar
|-supereffective|p1a: Incineroar|1
|-damage|p1a: Incineroar|3/100
|move|p1b: Sinistcha|Matcha Gotcha|p2b: Armarouge|[spread] p2a,p2b
|-resisted|p2b: Armarouge|1
|-damage|p2a: Steelix|11/100
|-heal|p1b: Sinistcha|84/100|[from] drain|[of] p2a: Steelix
|-damage|p2b: Armarouge|75/100
|-heal|p1b: Sinistcha|94/100|[from] drain|[of] p2b: Armarouge
|move|p2a: Steelix|Drill Run|p1a: Incineroar
|-supereffective|p1a: Incineroar|1
|-damage|p1a: Incineroar|0 fnt
|faint|p1a: Incineroar
|
|-weather|Sandstorm|[upkeep]
|-damage|p2b: Armarouge|69/100|[from] Sandstorm
|-damage|p1b: Sinistcha|88/100|[from] Sandstorm
|upkeep
|turn|11
|
|t:|1784344317
|move|p2b: Armarouge|Armor Cannon|p1b: Sinistcha
|-supereffective|p1b: Sinistcha|1
|-enditem|p1b: Sinistcha|Occa Berry|[eat]
|-enditem|p1b: Sinistcha|Occa Berry|[weaken]
|-damage|p1b: Sinistcha|10/100
|-unboost|p2b: Armarouge|def|1
|-unboost|p2b: Armarouge|spd|1
|move|p1b: Sinistcha|Matcha Gotcha|p2b: Armarouge|[spread] p2a,p2b
|-resisted|p2b: Armarouge|1
|-damage|p2a: Steelix|0 fnt
|-heal|p1b: Sinistcha|16/100|[from] drain|[of] p2a: Steelix
|-damage|p2b: Armarouge|51/100
|-heal|p1b: Sinistcha|26/100|[from] drain|[of] p2b: Armarouge
|faint|p2a: Steelix
|
|-weather|none
|upkeep
|turn|12
|
|t:|1784344337
|move|p2b: Armarouge|Armor Cannon|p1b: Sinistcha
|-supereffective|p1b: Sinistcha|1
|-damage|p1b: Sinistcha|0 fnt
|-unboost|p2b: Armarouge|def|1
|-unboost|p2b: Armarouge|spd|1
|faint|p1b: Sinistcha
|
|win|JMangoes
