|j|☆wittraid
|j|☆Toslowbro30
|html|wittraidToslowbro30    
|uhtml|bestof|Game 1 of a best-of-3
|t:|1756631698
|gametype|doubles
|player|p1|wittraid|102|1257
|player|p2|Toslowbro30|170|1223
|gen|9
|tier|[Gen 9] VGC 2025 Reg H (Bo3)
|rated|
|rule|Species Clause: Limit one of each Pokémon
|rule|Item Clause: Limit 1 of each item
|clearpoke
|poke|p1|Pelipper, L50, F|
|poke|p1|Archaludon, L50, F|
|poke|p1|Basculegion, L50, M|
|poke|p1|Incineroar, L50, F|
|poke|p1|Sinistcha-Masterpiece, L50|
|poke|p1|Dragonite, L50, F|
|poke|p2|Tyranitar, L50, F|
|poke|p2|Lycanroc, L50, F|
|poke|p2|Indeedee, L50, M|
|poke|p2|Gastrodon-East, L50, F|
|poke|p2|Annihilape, L50, M|
|poke|p2|Gholdengo, L50|
|teampreview|4
|showteam|p1|Pelipper||FocusSash|Drizzle|Tailwind,WideGuard,Hurricane,Protect|||F|||50|,,,,,Ghost]Archaludon||AssaultVest|Stamina|ElectroShot,DragonPulse,BodyPress,Snarl|||F|||50|,,,,,Grass]Basculegion||ChoiceBand|SwiftSwim|WaveCrash,LastRespects,AquaJet,FlipTurn|||M|||50|,,,,,Grass]Incineroar||SafetyGoggles|Intimidate|FakeOut,KnockOff,Taunt,PartingShot|||F|||50|,,,,,Ghost]Sinistcha-Masterpiece||SitrusBerry|Hospitality|RagePowder,MatchaGotcha,TrickRoom,Protect||||||50|,,,,,Fairy]Dragonite||LoadedDice|InnerFocus|ScaleShot,ExtremeSpeed,Haze,Protect|||F|||50|,,,,,Normal
|showteam|p2|Tyranitar||AguavBerry|SandStream|RockSlide,KnockOff,TeraBlast,Protect|||F|||50|,,,,,Bug]Lycanroc||FocusSash|SandRush|RockSlide,CloseCombat,Taunt,Protect|||F|||50|,,,,,Fighting]Indeedee||ChoiceScarf|PsychicSurge|ExpandingForce,TeraBlast,Trick,Protect|||M|||50|,,,,,Psychic]Gastrodon-East||Leftovers|StormDrain|EarthPower,Yawn,ClearSmog,Protect|||F|||50|,,,,,Grass]Annihilape||PsychicSeed|Defiant|DrainPunch,RageFist,BulkUp,Protect|||M|||50|,,,,,Water]Gholdengo||LifeOrb|GoodasGold|MakeItRain,ShadowBall,NastyPlot,Protect||||||50|,,,,,Flying
|inactive|Battle timer is ON: inactive players will automatically lose when time's up. (requested by wittraid)
|inactive|wittraid has 60 seconds left.
|inactive|wittraid has 30 seconds left.
|inactive|wittraid has 20 seconds left.
|inactive|wittraid has 15 seconds left.
|
|t:|1756631774
|teamsize|p1|4
|teamsize|p2|4
|start
|switch|p1a: Pelipper|Pelipper, L50, F|100/100
|switch|p1b: Archaludon|Archaludon, L50, F|100/100
|switch|p2a: Annihilape|Annihilape, L50, M|100/100
|switch|p2b: Lycanroc|Lycanroc, L50, F|100/100
|-weather|RainDance|[from] ability: Drizzle|[of] p1a: Pelipper
|turn|1
|inactive|Toslowbro30 has 30 seconds left.
|
|t:|1756631805
|-terastallize|p1b: Archaludon|Grass
|move|p2b: Lycanroc|Taunt|p1a: Pelipper
|-start|p1a: Pelipper|move: Taunt
|move|p2a: Annihilape|Drain Punch|p1b: Archaludon
|-damage|p1b: Archaludon|78/100
|-ability|p1b: Archaludon|Stamina|boost
|-boost|p1b: Archaludon|def|1
|move|p1b: Archaludon|Electro Shot||[still]
|-prepare|p1b: Archaludon|Electro Shot
|-boost|p1b: Archaludon|spa|1
|-anim|p1b: Archaludon|Electro Shot|p2a: Annihilape
|-damage|p2a: Annihilape|47/100
|cant|p1a: Pelipper|move: Taunt|Tailwind
|
|-weather|RainDance|[upkeep]
|upkeep
|turn|2
|
|t:|1756631827
|switch|p2a: Tyranitar|Tyranitar, L50, F|100/100
|-weather|Sandstorm|[from] ability: Sand Stream|[of] p2a: Tyranitar
|move|p2b: Lycanroc|Rock Slide|p1b: Archaludon|[spread] p1a,p1b
|-supereffective|p1a: Pelipper
|-damage|p1a: Pelipper|45/100
|-damage|p1b: Archaludon|65/100
|-ability|p1b: Archaludon|Stamina|boost
|-boost|p1b: Archaludon|def|1
|move|p1b: Archaludon|Electro Shot||[still]
|-prepare|p1b: Archaludon|Electro Shot
|-boost|p1b: Archaludon|spa|1
|cant|p1a: Pelipper|flinch
|
|-weather|Sandstorm|[upkeep]
|-damage|p1b: Archaludon|59/100|[from] Sandstorm
|-damage|p1a: Pelipper|39/100|[from] Sandstorm
|upkeep
|turn|3
|
|t:|1756631847
|switch|p1a: Sinistcha|Sinistcha-Masterpiece, L50|100/100
|-heal|p1b: Archaludon|84/100|[from] ability: Hospitality|[of] p1a: Sinistcha
|move|p2b: Lycanroc|Rock Slide|p1b: Archaludon|[spread] p1a
|-miss|p2b: Lycanroc|p1b: Archaludon
|-damage|p1a: Sinistcha|78/100
|move|p1b: Archaludon|Electro Shot|p2b: Lycanroc|[from] lockedmove
|-damage|p2b: Lycanroc|20/100
|move|p2a: Tyranitar|Knock Off|p1b: Archaludon
|-damage|p1b: Archaludon|66/100
|-ability|p1b: Archaludon|Stamina|boost
|-boost|p1b: Archaludon|def|1
|-enditem|p1b: Archaludon|Assault Vest|[from] move: Knock Off|[of] p2a: Tyranitar
|
|-weather|Sandstorm|[upkeep]
|-damage|p1b: Archaludon|60/100|[from] Sandstorm
|-damage|p1a: Sinistcha|72/100|[from] Sandstorm
|upkeep
|turn|4
|
|t:|1756631870
|move|p2a: Tyranitar|Protect|p2a: Tyranitar
|-singleturn|p2a: Tyranitar|Protect
|move|p2b: Lycanroc|Taunt|p1a: Sinistcha
|-start|p1a: Sinistcha|move: Taunt
|move|p1b: Archaludon|Dragon Pulse|p2a: Tyranitar
|-activate|p2a: Tyranitar|move: Protect
|move|p1a: Sinistcha|Matcha Gotcha|p2b: Lycanroc|[spread] p2b
|-activate|p2a: Tyranitar|move: Protect
|-supereffective|p2b: Lycanroc
|-damage|p2b: Lycanroc|0 fnt
|-heal|p1a: Sinistcha|80/100|[from] drain|[of] p2b: Lycanroc
|faint|p2b: Lycanroc
|
|-weather|Sandstorm|[upkeep]
|-damage|p1b: Archaludon|54/100|[from] Sandstorm
|-damage|p1a: Sinistcha|74/100|[from] Sandstorm
|upkeep
|
|t:|1756631884
|switch|p2b: Gastrodon|Gastrodon-East, L50, F|100/100
|turn|5
|
|t:|1756631899
|move|p1b: Archaludon|Dragon Pulse|p2a: Tyranitar
|-damage|p2a: Tyranitar|59/100
|move|p2a: Tyranitar|Knock Off|p1a: Sinistcha
|-supereffective|p1a: Sinistcha
|-damage|p1a: Sinistcha|0 fnt
|-enditem|p1a: Sinistcha|Sitrus Berry|[from] move: Knock Off|[of] p2a: Tyranitar
|faint|p1a: Sinistcha
|move|p2b: Gastrodon|Clear Smog|p1b: Archaludon
|-supereffective|p1b: Archaludon
|-damage|p1b: Archaludon|30/100
|-clearboost|p1b: Archaludon
|-ability|p1b: Archaludon|Stamina|boost
|-boost|p1b: Archaludon|def|1
|
|-weather|Sandstorm|[upkeep]
|-damage|p1b: Archaludon|24/100|[from] Sandstorm
|upkeep
|
|t:|1756631914
|switch|p1a: Pelipper|Pelipper, L50, F|39/100
|-weather|RainDance|[from] ability: Drizzle|[of] p1a: Pelipper
|turn|6
|
|t:|1756631927
|move|p2a: Tyranitar|Protect|p2a: Tyranitar
|-singleturn|p2a: Tyranitar|Protect
|move|p1b: Archaludon|Body Press|p2a: Tyranitar
|-activate|p2a: Tyranitar|move: Protect
|move|p1a: Pelipper|Tailwind|p1a: Pelipper
|-sidestart|p1: wittraid|move: Tailwind
|move|p2b: Gastrodon|Clear Smog|p1b: Archaludon
|-supereffective|p1b: Archaludon
|-damage|p1b: Archaludon|3/100
|-clearboost|p1b: Archaludon
|-ability|p1b: Archaludon|Stamina|boost
|-boost|p1b: Archaludon|def|1
|
|-weather|RainDance|[upkeep]
|upkeep
|turn|7
|
|t:|1756631947
|switch|p2a: Annihilape|Annihilape, L50, M|47/100
|move|p1b: Archaludon|Electro Shot||[still]
|-prepare|p1b: Archaludon|Electro Shot
|-boost|p1b: Archaludon|spa|1
|-anim|p1b: Archaludon|Electro Shot|p2a: Annihilape
|-damage|p2a: Annihilape|0 fnt
|faint|p2a: Annihilape
|move|p1a: Pelipper|Hurricane|p2b: Gastrodon
|-damage|p2b: Gastrodon|57/100
|-start|p2b: Gastrodon|confusion
|-activate|p2b: Gastrodon|confusion
|move|p2b: Gastrodon|Yawn|p1a: Pelipper
|-start|p1a: Pelipper|move: Yawn|[of] p2b: Gastrodon
|
|-weather|RainDance|[upkeep]
|-heal|p2b: Gastrodon|63/100|[from] item: Leftovers
|upkeep
|
|t:|1756631955
|switch|p2a: Tyranitar|Tyranitar, L50, F|59/100
|-weather|Sandstorm|[from] ability: Sand Stream|[of] p2a: Tyranitar
|turn|8
|
|t:|1756631974
|switch|p1a: Basculegion|Basculegion, L50, M|100/100
|move|p2a: Tyranitar|Protect|p2a: Tyranitar
|-singleturn|p2a: Tyranitar|Protect
|move|p1b: Archaludon|Body Press|p2a: Tyranitar
|-activate|p2a: Tyranitar|move: Protect
|-activate|p2b: Gastrodon|confusion
|-damage|p2b: Gastrodon|59/100|[from] confusion
|
|-weather|Sandstorm|[upkeep]
|-damage|p1a: Basculegion|94/100|[from] Sandstorm
|-damage|p1b: Archaludon|0 fnt|[from] Sandstorm
|faint|p1b: Archaludon
|-heal|p2b: Gastrodon|65/100|[from] item: Leftovers
|upkeep
|
|t:|1756631988
|switch|p1b: Pelipper|Pelipper, L50, F|39/100
|-weather|RainDance|[from] ability: Drizzle|[of] p1b: Pelipper
|turn|9
|
|t:|1756631998
|-activate|p2b: Gastrodon|confusion
|move|p2b: Gastrodon|Protect|p2b: Gastrodon
|-singleturn|p2b: Gastrodon|Protect
|move|p1a: Basculegion|Last Respects|p2b: Gastrodon
|-activate|p2b: Gastrodon|move: Protect
|move|p1b: Pelipper|Hurricane|p2a: Tyranitar
|-resisted|p2a: Tyranitar
|-damage|p2a: Tyranitar|35/100
|move|p2a: Tyranitar|Rock Slide|p1b: Pelipper|[spread] p1a,p1b
|-supereffective|p1b: Pelipper
|-damage|p1a: Basculegion|57/100
|-damage|p1b: Pelipper|0 fnt
|faint|p1b: Pelipper
|
|-weather|RainDance|[upkeep]
|-heal|p2b: Gastrodon|71/100|[from] item: Leftovers
|-sideend|p1: wittraid|move: Tailwind
|upkeep
|turn|10
|
|t:|1756632020
|move|p1a: Basculegion|Last Respects|p2a: Tyranitar
|-resisted|p2a: Tyranitar
|-damage|p2a: Tyranitar|0 fnt
|faint|p2a: Tyranitar
|-end|p2b: Gastrodon|confusion
|move|p2b: Gastrodon|Yawn|p1a: Basculegion
|-start|p1a: Basculegion|move: Yawn|[of] p2b: Gastrodon
|
|-weather|RainDance|[upkeep]
|-heal|p2b: Gastrodon|77/100|[from] item: Leftovers
|upkeep
|turn|11
|
|t:|1756632031
|move|p2b: Gastrodon|Protect|p2b: Gastrodon
|-singleturn|p2b: Gastrodon|Protect
|move|p1a: Basculegion|Last Respects|p2b: Gastrodon
|-activate|p2b: Gastrodon|move: Protect
|
|-weather|RainDance|[upkeep]
|-heal|p2b: Gastrodon|84/100|[from] item: Leftovers
|-end|p1a: Basculegion|move: Yawn|[silent]
|-status|p1a: Basculegion|slp
|upkeep
|turn|12
|
|t:|1756632040
|cant|p1a: Basculegion|slp
|move|p2b: Gastrodon|Earth Power|p1a: Basculegion
|-damage|p1a: Basculegion|26/100 slp
|
|-weather|RainDance|[upkeep]
|-heal|p2b: Gastrodon|90/100|[from] item: Leftovers
|upkeep
|turn|13
|
|t:|1756632048
|cant|p1a: Basculegion|slp
|move|p2b: Gastrodon|Earth Power|p1a: Basculegion
|-damage|p1a: Basculegion|0 fnt
|faint|p1a: Basculegion
|
|win|Toslowbro30
|c|☆Toslowbro30|gg wp
||wittraid is ready for game 2.
|inactive|Toslowbro30 has 30 seconds to confirm battle start!
||Toslowbro30 is ready for game 2.
|uhtml|next|Next: Game 2 of 3
