|j|☆JusttestingforVGC
|j|☆MeteorMissKiss
|html|JusttestingforVGCMeteorMissKiss    
|uhtml|bestof|Game 2 of a best-of-3
|t:|1754834775
|gametype|doubles
|player|p1|JusttestingforVGC|steven|1175
|player|p2|MeteorMissKiss|harmony|1317
|gen|9
|tier|[Gen 9] VGC 2025 Reg H (Bo3)
|rated|
|rule|Species Clause: Limit one of each Pokémon
|rule|Item Clause: Limit 1 of each item
|clearpoke
|poke|p1|Farigiraf, L50, F|
|poke|p1|Rillaboom, L50, F|
|poke|p1|Incineroar, L50, F|
|poke|p1|Ursaluna-Bloodmoon, L50, M|
|poke|p1|Dusclops, L50, M|
|poke|p1|Primarina, L50, F|
|poke|p2|Incineroar, L50, M|
|poke|p2|Amoonguss, L50, F|
|poke|p2|Annihilape, L50, F|
|poke|p2|Ninetales-Alola, L50, M|
|poke|p2|Rillaboom, L50, F|
|poke|p2|Glimmora, L50, F|
|teampreview|4
|showteam|p1|Farigiraf||GrassySeed|SapSipper|Protect,CalmMind,DazzlingGleam,StoredPower|||F|||50|,,,,,Water]Rillaboom||AssaultVest|GrassySurge|FakeOut,WoodHammer,GrassyGlide,Uturn|||F|||50|,,,,,Grass]Incineroar||SafetyGoggles|Intimidate|KnockOff,FakeOut,FlareBlitz,PartingShot|||F|||50|,,,,,Bug]Ursaluna-Bloodmoon||LifeOrb|MindsEye|Protect,BloodMoon,HyperVoice,EarthPower|||M|||50|,,,,,Normal]Dusclops||Eviolite|Pressure|TrickRoom,Taunt,WillOWisp,NightShade|||M|||50|,,,,,Dark]Primarina||SitrusBerry|LiquidVoice|Protect,HyperVoice,Moonblast,Haze|||F|||50|,,,,,Grass
|showteam|p2|Incineroar||AssaultVest|Intimidate|FakeOut,KnockOff,FlareBlitz,Uturn|||M|||50|,,,,,Ghost]Amoonguss||RockyHelmet|Regenerator|PollenPuff,ClearSmog,RagePowder,Spore|||F|||50|,,,,,Fairy]Annihilape||Leftovers|Defiant|RageFist,DrainPunch,BulkUp,Protect|||F|||50|,,,,,Fire]Ninetales-Alola||CovertCloak|SnowWarning|Blizzard,Encore,Moonblast,AuroraVeil|||M|||50|,,,,,Fire]Rillaboom||MiracleSeed|GrassySurge|Uturn,WoodHammer,GrassyGlide,FakeOut|||F|||50|,,,,,Fire]Glimmora||PowerHerb|ToxicDebris|MeteorBeam,EarthPower,SludgeBomb,SpikyShield|||F|||50|,,,,,Grass
|inactive|Battle timer is ON: inactive players will automatically lose when time's up. (requested by MeteorMissKiss)
|inactive|JusttestingforVGC also wants the timer to be on.
|
|t:|1754834793
|teamsize|p1|4
|teamsize|p2|4
|start
|switch|p1a: Farigiraf|Farigiraf, L50, F|100/100
|switch|p1b: Rillaboom|Rillaboom, L50, F|100/100
|switch|p2a: Ninetales|Ninetales-Alola, L50, M|100/100
|switch|p2b: Annihilape|Annihilape, L50, F|100/100
|-weather|Snowscape|[from] ability: Snow Warning|[of] p2a: Ninetales
|-fieldstart|move: Grassy Terrain|[from] ability: Grassy Surge|[of] p1b: Rillaboom
|-enditem|p1a: Farigiraf|Grassy Seed
|-boost|p1a: Farigiraf|def|1|[from] item: Grassy Seed
|turn|1
|
|t:|1754834818
|-terastallize|p2b: Annihilape|Fire
|move|p2a: Ninetales|Blizzard|p1b: Rillaboom|[spread] p1a,p1b
|-supereffective|p1b: Rillaboom
|-damage|p1a: Farigiraf|69/100
|-damage|p1b: Rillaboom|48/100
|move|p1b: Rillaboom|U-turn|p2a: Ninetales
|-resisted|p2a: Ninetales
|-damage|p2a: Ninetales|88/100
|
|t:|1754834825
|switch|p1b: Primarina|Primarina, L50, F|100/100|[from] U-turn
|move|p2b: Annihilape|Bulk Up|p2b: Annihilape
|-boost|p2b: Annihilape|atk|1
|-boost|p2b: Annihilape|def|1
|move|p1a: Farigiraf|Calm Mind|p1a: Farigiraf
|-boost|p1a: Farigiraf|spa|1
|-boost|p1a: Farigiraf|spd|1
|
|-weather|Snowscape|[upkeep]
|-heal|p2a: Ninetales|94/100|[from] Grassy Terrain
|-heal|p1a: Farigiraf|75/100|[from] Grassy Terrain
|upkeep
|turn|2
|
|t:|1754834839
|move|p2a: Ninetales|Encore|p1a: Farigiraf
|-start|p1a: Farigiraf|Encore
|move|p2b: Annihilape|Bulk Up|p2b: Annihilape
|-boost|p2b: Annihilape|atk|1
|-boost|p2b: Annihilape|def|1
|move|p1a: Farigiraf|Calm Mind|p1a: Farigiraf
|-boost|p1a: Farigiraf|spa|1
|-boost|p1a: Farigiraf|spd|1
|move|p1b: Primarina|Hyper Voice|p2a: Ninetales|[spread] p2a,p2b
|-supereffective|p2b: Annihilape
|-damage|p2a: Ninetales|47/100
|-damage|p2b: Annihilape|35/100
|
|-weather|Snowscape|[upkeep]
|-heal|p2a: Ninetales|54/100|[from] Grassy Terrain
|-heal|p2b: Annihilape|41/100|[from] Grassy Terrain
|-heal|p2b: Annihilape|47/100|[from] item: Leftovers
|-heal|p1a: Farigiraf|81/100|[from] Grassy Terrain
|upkeep
|turn|3
|
|t:|1754834850
|move|p2a: Ninetales|Aurora Veil|p2a: Ninetales
|-sidestart|p2: MeteorMissKiss|move: Aurora Veil
|move|p2b: Annihilape|Rage Fist|p1b: Primarina
|-damage|p1b: Primarina|1/100
|-enditem|p1b: Primarina|Sitrus Berry|[eat]
|-heal|p1b: Primarina|26/100|[from] item: Sitrus Berry
|move|p1a: Farigiraf|Calm Mind|p1a: Farigiraf
|-boost|p1a: Farigiraf|spa|1
|-boost|p1a: Farigiraf|spd|1
|move|p1b: Primarina|Hyper Voice|p2b: Annihilape|[spread] p2a,p2b
|-supereffective|p2b: Annihilape
|-damage|p2a: Ninetales|23/100
|-damage|p2b: Annihilape|6/100
|
|-weather|Snowscape|[upkeep]
|-heal|p2a: Ninetales|29/100|[from] Grassy Terrain
|-heal|p2b: Annihilape|12/100|[from] Grassy Terrain
|-heal|p2b: Annihilape|18/100|[from] item: Leftovers
|-heal|p1a: Farigiraf|88/100|[from] Grassy Terrain
|-heal|p1b: Primarina|32/100|[from] Grassy Terrain
|upkeep
|turn|4
|
|t:|1754834867
|move|p2a: Ninetales|Moonblast|p1b: Primarina
|-damage|p1b: Primarina|2/100
|move|p2b: Annihilape|Drain Punch|p1a: Farigiraf
|-damage|p1a: Farigiraf|44/100
|-heal|p2b: Annihilape|42/100|[from] drain|[of] p1a: Farigiraf
|move|p1a: Farigiraf|Calm Mind|p1a: Farigiraf
|-boost|p1a: Farigiraf|spa|1
|-boost|p1a: Farigiraf|spd|1
|move|p1b: Primarina|Hyper Voice|p2a: Ninetales|[spread] p2a,p2b
|-supereffective|p2b: Annihilape
|-damage|p2a: Ninetales|0 fnt
|-damage|p2b: Annihilape|0 fnt
|faint|p2a: Ninetales
|faint|p2b: Annihilape
|
|-weather|Snowscape|[upkeep]
|-heal|p1a: Farigiraf|50/100|[from] Grassy Terrain
|-heal|p1b: Primarina|8/100|[from] Grassy Terrain
|-end|p1a: Farigiraf|Encore
|upkeep
|
|t:|1754834874
|switch|p2a: Rillaboom|Rillaboom, L50, F, shiny|100/100
|switch|p2b: Incineroar|Incineroar, L50, M, shiny|100/100
|-ability|p2b: Incineroar|Intimidate|boost
|-unboost|p1a: Farigiraf|atk|1
|-unboost|p1b: Primarina|atk|1
|turn|5
|
|t:|1754834883
|switch|p1b: Incineroar|Incineroar, L50, F|100/100
|-ability|p1b: Incineroar|Intimidate|boost
|-unboost|p2a: Rillaboom|atk|1
|-unboost|p2b: Incineroar|atk|1
|move|p1a: Farigiraf|Protect|p1a: Farigiraf
|-singleturn|p1a: Farigiraf|Protect
|move|p2a: Rillaboom|U-turn|p1b: Incineroar
|-damage|p1b: Incineroar|87/100
|move|p2b: Incineroar|Flare Blitz|p1b: Incineroar
|-resisted|p1b: Incineroar
|-damage|p1b: Incineroar|75/100
|-damage|p2b: Incineroar|96/100|[from] Recoil
|
|-weather|none
|-heal|p1b: Incineroar|81/100|[from] Grassy Terrain
|-heal|p2b: Incineroar|100/100|[from] Grassy Terrain
|-heal|p1a: Farigiraf|57/100|[from] Grassy Terrain
|-fieldend|move: Grassy Terrain
|upkeep
|turn|6
|-message|MeteorMissKiss forfeited.
|
|win|JusttestingforVGC
|raw|JusttestingforVGC's rating: 1175 → 1210(+35 for winning)
|raw|MeteorMissKiss's rating: 1317 → 1289(-28 for losing)
|l|☆MeteorMissKiss
|player|p2|
