|j|☆salmoncashew
|j|☆naibot2814
|html|salmoncashewnaibot2814    
|uhtml|bestof|Game 2 of a best-of-3
|t:|1783722391
|gametype|doubles
|player|p1|salmoncashew|caitlin|1230
|player|p2|naibot2814|ghetsis|1338
|gen|9
|tier|[Gen 9 Champions] VGC 2026 Reg M-B (Bo3)
|rated|
|rule|Species Clause: Limit one of each Pokémon
|rule|Item Clause: Limit 1 of each item
|clearpoke
|poke|p1|Whimsicott, L50, F|
|poke|p1|Sneasler, L50, F|
|poke|p1|Basculegion, L50, M|
|poke|p1|Incineroar, L50, M, shiny|
|poke|p1|Pyroar, L50, F, shiny|
|poke|p1|Garchomp, L50, M|
|poke|p2|Blastoise, L50, M|
|poke|p2|Incineroar, L50, M|
|poke|p2|Sneasler, L50, M|
|poke|p2|Sinistcha, L50|
|poke|p2|Kingambit, L50, M, shiny|
|poke|p2|Floette-Eternal, L50, F|
|teampreview|4
|showteam|p1|Whimsicott||FocusSash|Prankster|Protect,Tailwind,SunnyDay,Moonblast|Timid||F|||50|]Sneasler||WhiteHerb|Unburden|Protect,CloseCombat,ThroatChop,GunkShot|Adamant||F|||50|]Basculegion||ChoiceScarf|Adaptability|LastRespects,FlipTurn,WaveCrash,AquaJet|Jolly||M|||50|]Incineroar||SitrusBerry|Intimidate|FakeOut,PartingShot,ThroatChop,FlareBlitz|Adamant||M|||50|]Pyroar||Pyroarite|Unnerve|Protect,HeatWave,Overheat,SolarBeam|Timid||F|||50|]Garchomp||LifeOrb|RoughSkin|Earthquake,DragonClaw,StompingTantrum,Protect|Adamant||M|||50|
|showteam|p2|Blastoise||Blastoisinite|Torrent|WaterSpout,DarkPulse,ShellSmash,Protect|Modest||M|||50|]Incineroar||SitrusBerry|Intimidate|FakeOut,FlareBlitz,DarkestLariat,PartingShot|Careful||M|||50|]Sneasler||FocusSash|PoisonTouch|FakeOut,CloseCombat,PoisonJab,RockTomb|Jolly||M|||50|]Sinistcha||KasibBerry|Hospitality|MatchaGotcha,TrickRoom,RagePowder,Protect|Bold|||||50|]Kingambit||BlackGlasses|Defiant|KowtowCleave,SuckerPunch,SwordsDance,Protect|Adamant||M|||50|]Floette-Eternal||Floettite|FlowerVeil|DrainingKiss,DazzlingGleam,CalmMind,Protect|Modest||F|||50|
|inactive|Battle timer is ON: inactive players will automatically lose when time's up. (requested by salmoncashew)
|
|t:|1783722420
|teamsize|p1|4
|teamsize|p2|4
|start
|switch|p1a: Sneasler|Sneasler, L50, F|100/100
|switch|p1b: Garchomp|Garchomp, L50, M|100/100
|switch|p2a: Sneasler|Sneasler, L50, M|100/100
|switch|p2b: Blastoise|Blastoise, L50, M|100/100
|turn|1
|
|t:|1783722436
|detailschange|p2b: Blastoise|Blastoise-Mega, L50, M
|-mega|p2b: Blastoise|Blastoise|Blastoisinite
|move|p1a: Sneasler|Protect|p1a: Sneasler
|-singleturn|p1a: Sneasler|Protect
|move|p2a: Sneasler|Fake Out|p1a: Sneasler
|-activate|p1a: Sneasler|move: Protect
|move|p1b: Garchomp|Earthquake|p2a: Sneasler|[spread] p2a,p2b
|-activate|p1a: Sneasler|move: Protect
|-supereffective|p2a: Sneasler|1
|-enditem|p2a: Sneasler|Focus Sash
|-damage|p2a: Sneasler|1/100
|-damage|p2b: Blastoise|50/100y
|-damage|p1b: Garchomp|90/100|[from] item: Life Orb
|move|p2b: Blastoise|Shell Smash|p2b: Blastoise
|-unboost|p2b: Blastoise|def|1
|-unboost|p2b: Blastoise|spd|1
|-boost|p2b: Blastoise|atk|2
|-boost|p2b: Blastoise|spa|2
|-boost|p2b: Blastoise|spe|2
|
|upkeep
|turn|2
|j| creed revival tour
|
|t:|1783722458
|move|p2b: Blastoise|Protect|p2b: Blastoise
|-singleturn|p2b: Blastoise|Protect
|move|p2a: Sneasler|Close Combat|p1b: Garchomp
|-damage|p1b: Garchomp|26/100
|-unboost|p2a: Sneasler|def|1
|-unboost|p2a: Sneasler|spd|1
|-damage|p2a: Sneasler|0 fnt|[from] ability: Rough Skin|[of] p1b: Garchomp
|-status|p1b: Garchomp|psn|[from] ability: Poison Touch|[of] p2a: Sneasler
|faint|p2a: Sneasler
|move|p1a: Sneasler|Close Combat|p2b: Blastoise
|-activate|p2b: Blastoise|move: Protect
|move|p1b: Garchomp|Earthquake|p2b: Blastoise|[spread] p1a
|-activate|p2b: Blastoise|move: Protect
|-supereffective|p1a: Sneasler|1
|-damage|p1a: Sneasler|0 fnt
|faint|p1a: Sneasler
|-damage|p1b: Garchomp|16/100 psn|[from] item: Life Orb
|
|-damage|p1b: Garchomp|4/100 psn|[from] psn
|upkeep
|
|t:|1783722465
|switch|p2a: Sinistcha|Sinistcha, L50|100/100
|switch|p1a: Whimsicott|Whimsicott, L50, F|100/100
|-heal|p2b: Blastoise|75/100|[from] ability: Hospitality|[of] p2a: Sinistcha
|turn|3
|
|t:|1783722477
|switch|p2b: Incineroar|Incineroar, L50, M|100/100
|-ability|p2b: Incineroar|Intimidate|boost
|-unboost|p1a: Whimsicott|atk|1
|-unboost|p1b: Garchomp|atk|1
|move|p1a: Whimsicott|Sunny Day|p1a: Whimsicott
|-weather|SunnyDay
|move|p1b: Garchomp|Earthquake|p2a: Sinistcha|[spread] p1a,p2a,p2b
|-resisted|p1a: Whimsicott|1
|-resisted|p2a: Sinistcha|1
|-supereffective|p2b: Incineroar|1
|-damage|p1a: Whimsicott|77/100
|-damage|p2a: Sinistcha|84/100
|-damage|p2b: Incineroar|41/100
|-enditem|p2b: Incineroar|Sitrus Berry|[eat]
|-heal|p2b: Incineroar|66/100|[from] item: Sitrus Berry
|-damage|p1b: Garchomp|0 fnt|[from] item: Life Orb
|faint|p1b: Garchomp
|move|p2a: Sinistcha|Trick Room|p2a: Sinistcha
|-fieldstart|move: Trick Room|[of] p2a: Sinistcha
|
|-weather|SunnyDay|[upkeep]
|upkeep
|
|t:|1783722479
|switch|p1b: Pyroar|Pyroar, L50, F, shiny|100/100
|-ability|p1b: Pyroar|Unnerve
|turn|4
|
|t:|1783722493
|detailschange|p1b: Pyroar|Pyroar-Mega, L50, F, shiny
|-mega|p1b: Pyroar|Pyroar|Pyroarite
|move|p1a: Whimsicott|Protect|p1a: Whimsicott
|-singleturn|p1a: Whimsicott|Protect
|move|p2a: Sinistcha|Protect|p2a: Sinistcha
|-singleturn|p2a: Sinistcha|Protect
|move|p2b: Incineroar|Flare Blitz|p1a: Whimsicott
|-activate|p1a: Whimsicott|move: Protect
|move|p1b: Pyroar|Heat Wave|p2b: Incineroar|[spread] p2b
|-activate|p2a: Sinistcha|move: Protect
|-resisted|p2b: Incineroar|1
|-damage|p2b: Incineroar|30/100
|
|-weather|SunnyDay|[upkeep]
|upkeep
|turn|5
|
|t:|1783722506
|switch|p2a: Blastoise|Blastoise-Mega, L50, M|75/100
|move|p1a: Whimsicott|Protect||[still]
|-fail|p1a: Whimsicott
|move|p2b: Incineroar|Flare Blitz|p1a: Whimsicott
|-supereffective|p1a: Whimsicott|1
|-damage|p1a: Whimsicott|0 fnt
|faint|p1a: Whimsicott
|-damage|p2b: Incineroar|10/100|[from] Recoil
|move|p1b: Pyroar|Heat Wave|p2b: Incineroar|[spread] p2a,p2b
|-resisted|p2a: Blastoise|1
|-resisted|p2b: Incineroar|1
|-damage|p2a: Blastoise|36/100
|-damage|p2b: Incineroar|0 fnt
|faint|p2b: Incineroar
|
|-weather|SunnyDay|[upkeep]
|upkeep
|
|t:|1783722517
|switch|p2b: Sinistcha|Sinistcha, L50|84/100
|-heal|p2a: Blastoise|61/100|[from] ability: Hospitality|[of] p2b: Sinistcha
|turn|6
|
|t:|1783722523
|move|p2b: Sinistcha|Rage Powder|p2b: Sinistcha
|-singleturn|p2b: Sinistcha|move: Rage Powder
|move|p2a: Blastoise|Dark Pulse|p1b: Pyroar
|-damage|p1b: Pyroar|39/100
|move|p1b: Pyroar|Heat Wave|p2b: Sinistcha|[spread] p2a
|-miss|p1b: Pyroar|p2b: Sinistcha
|-resisted|p2a: Blastoise|1
|-damage|p2a: Blastoise|21/100
|
|-weather|SunnyDay|[upkeep]
|upkeep
|turn|7
|
|t:|1783722537
|move|p1b: Pyroar|Protect|p1b: Pyroar
|-singleturn|p1b: Pyroar|Protect
|move|p2b: Sinistcha|Rage Powder|p2b: Sinistcha
|-singleturn|p2b: Sinistcha|move: Rage Powder
|move|p2a: Blastoise|Shell Smash|p2a: Blastoise
|-unboost|p2a: Blastoise|def|1
|-unboost|p2a: Blastoise|spd|1
|-boost|p2a: Blastoise|atk|2
|-boost|p2a: Blastoise|spa|2
|-boost|p2a: Blastoise|spe|2
|
|-weather|none
|-fieldend|move: Trick Room
|upkeep
|turn|8
|
|t:|1783722541
|move|p2b: Sinistcha|Rage Powder|p2b: Sinistcha
|-singleturn|p2b: Sinistcha|move: Rage Powder
|move|p2a: Blastoise|Dark Pulse|p1b: Pyroar
|-damage|p1b: Pyroar|0 fnt
|faint|p1b: Pyroar
|
|win|naibot2814
|raw|salmoncashew's rating: 1230 → 1213(-17 for losing)
|raw|naibot2814's rating: 1338 → 1352(+14 for winning)
|l|☆salmoncashew
|player|p1|
