|j|☆KodeBeast0526
|j|☆CrazyComet37
|html|KodeBeast0526CrazyComet37    
|uhtml|bestof|Game 2 of a best-of-3
|t:|1783522253
|gametype|doubles
|player|p1|KodeBeast0526|hiker|1171
|player|p2|CrazyComet37|flint|1261
|gen|9
|tier|[Gen 9 Champions] VGC 2026 Reg M-B (Bo3)
|rated|
|rule|Species Clause: Limit one of each Pokémon
|rule|Item Clause: Limit 1 of each item
|clearpoke
|poke|p1|Gengar, L50, F|
|poke|p1|Swampert, L50, F|
|poke|p1|Incineroar, L50, F|
|poke|p1|Politoed, L50, M|
|poke|p1|Archaludon, L50, F|
|poke|p1|Vivillon-Ocean, L50, M|
|poke|p2|Whimsicott, L50, M|
|poke|p2|Garchomp, L50, F|
|poke|p2|Charizard, L50, M|
|poke|p2|Floette-Eternal, L50, F|
|poke|p2|Kingambit, L50, F|
|poke|p2|Basculegion, L50, M|
|teampreview|4
|showteam|p1|Gengar||Gengarite|CursedBody|ShadowBall,PerishSong,SludgeBomb,Protect|Timid||F|||50|]Swampert||Swampertite|Torrent|WaveCrash,Earthquake,IcePunch,Protect|Adamant||F|||50|]Incineroar||PasshoBerry|Intimidate|ThroatChop,PartingShot,FakeOut,Protect|Sassy||F|||50|]Politoed||SitrusBerry|Drizzle|WeatherBall,PerishSong,Encore,Protect|Calm||M|||50|]Archaludon||Leftovers|Stamina|DragonPulse,FlashCannon,ElectroShot,Protect|Bold||F|||50|]Vivillon-Ocean||FocusSash|CompoundEyes|Hurricane,SleepPowder,RagePowder,Protect|Timid||M|||50|
|showteam|p2|Whimsicott||FocusSash|Prankster|Protect,Tailwind,Moonblast,Encore|Timid||M|||50|]Garchomp||LifeOrb|RoughSkin|Protect,Earthquake,DragonClaw,RockSlide|Jolly||F|||50|]Charizard||CharizarditeY|Blaze|Protect,HeatWave,WeatherBall,SolarBeam|Modest||M|||50|]Floette-Eternal||Floettite|FlowerVeil|Protect,LightofRuin,DazzlingGleam,Moonblast|Modest||F|||50|]Kingambit||ChopleBerry|Defiant|IronHead,SuckerPunch,KowtowCleave,LowKick|Adamant||F|||50|]Basculegion||MysticWater|Adaptability|Protect,AquaJet,LastRespects,WaveCrash|Adamant||M|||50|
|
|t:|1783522293
|teamsize|p1|4
|teamsize|p2|4
|start
|switch|p1a: Vivillon|Vivillon-Ocean, L50, M|100/100
|switch|p1b: Swampert|Swampert, L50, F|100/100
|switch|p2a: Garchomp|Garchomp, L50, F|100/100
|switch|p2b: Charizard|Charizard, L50, M|100/100
|turn|1
|j| GoPlayCatch
|l| GoPlayCatch
|
|t:|1783522322
|switch|p2b: Whimsicott|Whimsicott, L50, M|100/100
|move|p1b: Swampert|Protect|p1b: Swampert
|-singleturn|p1b: Swampert|Protect
|move|p2a: Garchomp|Earthquake|p1a: Vivillon|[spread] p2b
|-activate|p1b: Swampert|move: Protect
|-immune|p1a: Vivillon
|-resisted|p2b: Whimsicott|1
|-damage|p2b: Whimsicott|64/100
|-damage|p2a: Garchomp|90/100|[from] item: Life Orb
|move|p1a: Vivillon|Sleep Powder|p2b: Whimsicott
|-immune|p2b: Whimsicott
|
|upkeep
|turn|2
|
|t:|1783522341
|detailschange|p1b: Swampert|Swampert-Mega, L50, F
|-mega|p1b: Swampert|Swampert|Swampertite
|move|p2b: Whimsicott|Moonblast|p1a: Vivillon
|-damage|p1a: Vivillon|28/100
|move|p2a: Garchomp|Rock Slide|p1a: Vivillon|[spread] p1a,p1b
|-supereffective|p1a: Vivillon|2
|-resisted|p1b: Swampert|1
|-damage|p1a: Vivillon|0 fnt
|-damage|p1b: Swampert|88/100
|faint|p1a: Vivillon
|-damage|p2a: Garchomp|80/100|[from] item: Life Orb
|move|p1b: Swampert|Ice Punch|p2a: Garchomp
|-supereffective|p2a: Garchomp|2
|-damage|p2a: Garchomp|0 fnt
|-damage|p1b: Swampert|76/100|[from] ability: Rough Skin|[of] p2a: Garchomp
|faint|p2a: Garchomp
|
|upkeep
|
|t:|1783522352
|switch|p2a: Basculegion|Basculegion, L50, M|100/100
|switch|p1a: Archaludon|Archaludon, L50, F|100/100
|turn|3
|
|t:|1783522363
|switch|p1b: Politoed|Politoed, L50, M|100/100
|-weather|RainDance|[from] ability: Drizzle|[of] p1b: Politoed
|move|p2b: Whimsicott|Tailwind|p2b: Whimsicott
|-sidestart|p2: CrazyComet37|move: Tailwind
|move|p2a: Basculegion|Wave Crash|p1b: Politoed
|-resisted|p1b: Politoed|1
|-damage|p1b: Politoed|37/100
|-enditem|p1b: Politoed|Sitrus Berry|[eat]
|-heal|p1b: Politoed|62/100|[from] item: Sitrus Berry
|-damage|p2a: Basculegion|78/100|[from] Recoil
|move|p1a: Archaludon|Electro Shot||[still]
|-prepare|p1a: Archaludon|Electro Shot
|-boost|p1a: Archaludon|spa|1
|-anim|p1a: Archaludon|Electro Shot|p2a: Basculegion
|-supereffective|p2a: Basculegion|1
|-damage|p2a: Basculegion|0 fnt
|faint|p2a: Basculegion
|
|-weather|RainDance|[upkeep]
|upkeep
|
|t:|1783522374
|switch|p2a: Charizard|Charizard, L50, M|100/100
|turn|4
|
|t:|1783522392
|switch|p1a: Swampert|Swampert-Mega, L50, F|76/100
|detailschange|p2a: Charizard|Charizard-Mega-Y, L50, M
|-mega|p2a: Charizard|Charizard|Charizardite Y
|-weather|SunnyDay|[from] ability: Drought|[of] p2a: Charizard
|move|p2b: Whimsicott|Encore||[still]
|-fail|p2b: Whimsicott
|move|p2a: Charizard|Solar Beam||[still]
|-prepare|p2a: Charizard|Solar Beam
|-anim|p2a: Charizard|Solar Beam|p1b: Politoed
|-supereffective|p1b: Politoed|1
|-damage|p1b: Politoed|0 fnt
|faint|p1b: Politoed
|
|-weather|SunnyDay|[upkeep]
|upkeep
|
|t:|1783522394
|switch|p1b: Archaludon|Archaludon, L50, F|100/100
|turn|5
|
|t:|1783522411
|move|p2b: Whimsicott|Moonblast|p1a: Swampert
|-damage|p1a: Swampert|41/100
|move|p2a: Charizard|Heat Wave|p1b: Archaludon|[spread] p1a,p1b
|-resisted|p1a: Swampert|1
|-damage|p1a: Swampert|10/100
|-damage|p1b: Archaludon|29/100
|-ability|p1b: Archaludon|Stamina|boost
|-boost|p1b: Archaludon|def|1
|move|p1b: Archaludon|Dragon Pulse|p2a: Charizard
|-crit|p2a: Charizard
|-damage|p2a: Charizard|49/100
|move|p1a: Swampert|Wave Crash|p2a: Charizard
|-supereffective|p2a: Charizard|1
|-damage|p2a: Charizard|0 fnt
|faint|p2a: Charizard
|-damage|p1a: Swampert|0 fnt|[from] Recoil
|faint|p1a: Swampert
|
|-weather|SunnyDay|[upkeep]
|-heal|p1b: Archaludon|36/100|[from] item: Leftovers
|upkeep
|turn|6
|
|t:|1783522427
|move|p2b: Whimsicott|Encore|p1b: Archaludon
|-start|p1b: Archaludon|Encore
|move|p1b: Archaludon|Dragon Pulse|p2b: Whimsicott
|-immune|p2b: Whimsicott
|
|-weather|SunnyDay|[upkeep]
|-heal|p1b: Archaludon|42/100|[from] item: Leftovers
|-sideend|p2: CrazyComet37|move: Tailwind
|upkeep
|turn|7
|
|t:|1783522433
|move|p2b: Whimsicott|Moonblast|p1b: Archaludon
|-crit|p1b: Archaludon
|-damage|p1b: Archaludon|0 fnt
|faint|p1b: Archaludon
|
|win|CrazyComet37
||CrazyComet37 is ready for game 3.
||KodeBeast0526 is ready for game 3.
|uhtml|next|Next: Game 3 of 3
|l|☆KodeBeast0526
|player|p1|
