|j|☆oriozz
|j|☆zaharba
|html|oriozzzaharba    
|uhtml|bestof|Game 3 of a best-of-3
|t:|1783985496
|gametype|doubles
|player|p1|oriozz|101|1179
|player|p2|zaharba|266|1149
|gen|9
|tier|[Gen 9 Champions] VGC 2026 Reg M-B (Bo3)
|rated|
|rule|Species Clause: Limit one of each Pokémon
|rule|Item Clause: Limit 1 of each item
|clearpoke
|poke|p1|Charizard, L50, F|
|poke|p1|Grimmsnarl, L50, M|
|poke|p1|Pelipper, L50, F|
|poke|p1|Archaludon, L50, F|
|poke|p1|Basculegion, L50, M|
|poke|p1|Venusaur, L50, F|
|poke|p2|Raichu, L50, M, shiny|
|poke|p2|Vivillon, L50, F|
|poke|p2|Ninetales-Alola, L50, F, shiny|
|poke|p2|Tyranitar, L50, M|
|poke|p2|Basculegion-F, L50, F|
|poke|p2|Talonflame, L50, F|
|teampreview|4
|showteam|p1|Charizard||CharizarditeY|Blaze|Protect,HeatWave,WeatherBall,SolarBeam|Timid||F|||50|]Grimmsnarl||LightClay|Prankster|SpiritBreak,Reflect,LightScreen,PartingShot|Careful||M|||50|]Pelipper||SitrusBerry|Drizzle|Hurricane,WeatherBall,Tailwind,WideGuard|Modest||F|||50|]Archaludon||Leftovers|Stamina|Protect,ElectroShot,DragonPulse,FlashCannon|Timid||F|||50|]Basculegion||ChoiceScarf|Adaptability|FlipTurn,WaveCrash,AquaJet,LastRespects|Jolly||M|||50|]Venusaur||FocusSash|Chlorophyll|Protect,SleepPowder,SludgeBomb,EarthPower|Modest||F|||50|
|showteam|p2|Raichu||RaichuniteY|LightningRod|FocusBlast,ZapCannon,UpperHand,FakeOut|Timid||M|||50|]Vivillon||ChoiceScarf|CompoundEyes|SleepPowder,RagePowder,Hurricane,StruggleBug|Timid||F|||50|]Ninetales-Alola||NeverMeltIce|SnowWarning|Protect,FreezeDry,Blizzard,Encore|Timid||F|||50|]Tyranitar||FocusSash|SandStream|RockSlide,LowKick,Protect,DragonDance|Jolly||M|||50|]Basculegion-F||SpellTag|Adaptability|Protect,Hex,HydroPump,MuddyWater|Modest||F|||50|]Talonflame||LifeOrb|GaleWings|Whirlwind,BraveBird,Overheat,Tailwind|Naive||F|||50|
|inactive|Battle timer is ON: inactive players will automatically lose when time's up. (requested by oriozz)
|inactive|zaharba also wants the timer to be on.
|inactive|oriozz has 60 seconds left.
|inactive|zaharba has 60 seconds left.
|
|t:|1783985534
|teamsize|p1|4
|teamsize|p2|4
|start
|switch|p1a: Pelipper|Pelipper, L50, F|100/100
|switch|p1b: Archaludon|Archaludon, L50, F|100/100
|switch|p2a: Raichu|Raichu, L50, M, shiny|100/100
|switch|p2b: Vivillon|Vivillon, L50, F|100/100
|-weather|RainDance|[from] ability: Drizzle|[of] p1a: Pelipper
|turn|1
|inactive|oriozz has 30 seconds left.
|
|t:|1783985563
|detailschange|p2a: Raichu|Raichu-Mega-Y, L50, M, shiny
|-mega|p2a: Raichu|Raichu|Raichunite Y
|move|p2b: Vivillon|Sleep Powder|p1a: Pelipper
|-status|p1a: Pelipper|slp|[from] move: Sleep Powder
|move|p2a: Raichu|Focus Blast|p1b: Archaludon
|-supereffective|p1b: Archaludon|1
|-damage|p1b: Archaludon|0 fnt
|faint|p1b: Archaludon
|cant|p1a: Pelipper|slp
|
|-weather|RainDance|[upkeep]
|upkeep
|
|t:|1783985574
|switch|p1b: Grimmsnarl|Grimmsnarl, L50, M|100/100
|turn|2
|
|t:|1783985599
|move|p1b: Grimmsnarl|Light Screen|p1b: Grimmsnarl
|-sidestart|p1: oriozz|move: Light Screen
|move|p2b: Vivillon|Sleep Powder|p1b: Grimmsnarl
|-status|p1b: Grimmsnarl|slp|[from] move: Sleep Powder
|move|p2a: Raichu|Zap Cannon|p1a: Pelipper
|-supereffective|p1a: Pelipper|2
|-damage|p1a: Pelipper|0 fnt
|faint|p1a: Pelipper
|
|-weather|RainDance|[upkeep]
|upkeep
|
|t:|1783985607
|switch|p1a: Basculegion|Basculegion, L50, M|100/100
|turn|3
|
|t:|1783985620
|switch|p2b: Ninetales|Ninetales-Alola, L50, F, shiny|100/100
|-weather|Snowscape|[from] ability: Snow Warning|[of] p2b: Ninetales
|cant|p1b: Grimmsnarl|slp
|move|p1a: Basculegion|Last Respects|p2a: Raichu
|-damage|p2a: Raichu|0 fnt
|faint|p2a: Raichu
|
|-weather|Snowscape|[upkeep]
|upkeep
|
|t:|1783985631
|switch|p2a: Vivillon|Vivillon, L50, F|100/100
|turn|4
|
|t:|1783985652
|-curestatus|p1b: Grimmsnarl|slp|[msg]
|move|p1b: Grimmsnarl|Parting Shot|p2b: Ninetales
|-unboost|p2b: Ninetales|atk|1
|-unboost|p2b: Ninetales|spa|1
|move|p2a: Vivillon|Sleep Powder|p1a: Basculegion
|-status|p1a: Basculegion|slp|[from] move: Sleep Powder
|cant|p1a: Basculegion|slp
|move|p2b: Ninetales|Freeze-Dry|p1a: Basculegion
|-supereffective|p1a: Basculegion|1
|-damage|p1a: Basculegion|69/100 slp
|
|-weather|Snowscape|[upkeep]
|upkeep
|turn|5
|
|t:|1783985670
|switch|p2b: Basculegion|Basculegion-F, L50, F|100/100
|move|p1b: Grimmsnarl|Parting Shot|p2b: Basculegion
|-unboost|p2b: Basculegion|atk|1
|-unboost|p2b: Basculegion|spa|1
|move|p2a: Vivillon|Sleep Powder|p1b: Grimmsnarl
|-status|p1b: Grimmsnarl|slp|[from] move: Sleep Powder
|cant|p1a: Basculegion|slp
|
|-weather|Snowscape|[upkeep]
|upkeep
|turn|6
|
|t:|1783985692
|switch|p2a: Ninetales|Ninetales-Alola, L50, F, shiny|100/100
|-curestatus|p1a: Basculegion|slp|[msg]
|move|p1a: Basculegion|Last Respects|p2b: Basculegion
|-supereffective|p2b: Basculegion|1
|-damage|p2b: Basculegion|0 fnt
|faint|p2b: Basculegion
|cant|p1b: Grimmsnarl|slp
|
|-weather|Snowscape|[upkeep]
|upkeep
|
|t:|1783985702
|switch|p2b: Vivillon|Vivillon, L50, F|100/100
|turn|7
|
|t:|1783985717
|cant|p1b: Grimmsnarl|slp
|move|p2b: Vivillon|Sleep Powder|p1a: Basculegion
|-status|p1a: Basculegion|slp|[from] move: Sleep Powder
|cant|p1a: Basculegion|slp
|move|p2a: Ninetales|Freeze-Dry|p1a: Basculegion
|-supereffective|p1a: Basculegion|1
|-damage|p1a: Basculegion|22/100 slp
|
|-weather|none
|upkeep
|turn|8
|
|t:|1783985733
|move|p2b: Vivillon|Sleep Powder|p1b: Grimmsnarl
|-fail|p1b: Grimmsnarl|slp
|cant|p1a: Basculegion|slp
|move|p2a: Ninetales|Freeze-Dry|p1a: Basculegion
|-supereffective|p1a: Basculegion|1
|-damage|p1a: Basculegion|0 fnt
|faint|p1a: Basculegion
|-curestatus|p1b: Grimmsnarl|slp|[msg]
|move|p1b: Grimmsnarl|Spirit Break|p2a: Ninetales
|-damage|p2a: Ninetales|51/100
|-unboost|p2a: Ninetales|spa|1
|
|upkeep
|turn|9
|
|t:|1783985753
|move|p2b: Vivillon|Sleep Powder|p1b: Grimmsnarl
|-status|p1b: Grimmsnarl|slp|[from] move: Sleep Powder
|move|p2a: Ninetales|Blizzard|p1b: Grimmsnarl
|-damage|p1b: Grimmsnarl|83/100 slp
|cant|p1b: Grimmsnarl|slp
|
|-sideend|p1: oriozz|move: Light Screen
|upkeep
|turn|10
|
|t:|1783985772
|move|p2b: Vivillon|Sleep Powder|p1b: Grimmsnarl
|-fail|p1b: Grimmsnarl|slp
|move|p2a: Ninetales|Encore|p1b: Grimmsnarl
|-start|p1b: Grimmsnarl|Encore
|cant|p1b: Grimmsnarl|slp
|
|upkeep
|turn|11
|
|t:|1783985784
|move|p2b: Vivillon|Sleep Powder|p1b: Grimmsnarl
|-fail|p1b: Grimmsnarl|slp
|move|p2a: Ninetales|Freeze-Dry|p1b: Grimmsnarl
|-damage|p1b: Grimmsnarl|68/100 slp
|-curestatus|p1b: Grimmsnarl|slp|[msg]
|move|p1b: Grimmsnarl|Spirit Break|p2a: Ninetales
|-damage|p2a: Ninetales|6/100
|-unboost|p2a: Ninetales|spa|1
|
|upkeep
|turn|12
|
|t:|1783985801
|move|p2b: Vivillon|Sleep Powder|p1b: Grimmsnarl
|-status|p1b: Grimmsnarl|slp|[from] move: Sleep Powder
|move|p2a: Ninetales|Freeze-Dry|p1b: Grimmsnarl
|-damage|p1b: Grimmsnarl|54/100 slp
|cant|p1b: Grimmsnarl|slp
|
|-end|p1b: Grimmsnarl|Encore
|upkeep
|turn|13
|
|t:|1783985814
|move|p2b: Vivillon|Sleep Powder|p1b: Grimmsnarl
|-fail|p1b: Grimmsnarl|slp
|move|p2a: Ninetales|Freeze-Dry|p1b: Grimmsnarl
|-damage|p1b: Grimmsnarl|41/100 slp
|cant|p1b: Grimmsnarl|slp
|
|upkeep
|turn|14
|
|t:|1783985827
|move|p2a: Ninetales|Protect|p2a: Ninetales
|-singleturn|p2a: Ninetales|Protect
|move|p2b: Vivillon|Sleep Powder|p1b: Grimmsnarl
|-fail|p1b: Grimmsnarl|slp
|-curestatus|p1b: Grimmsnarl|slp|[msg]
|move|p1b: Grimmsnarl|Spirit Break|p2a: Ninetales
|-activate|p2a: Ninetales|move: Protect
|
|upkeep
|turn|15
|
|t:|1783985840
|move|p2b: Vivillon|Sleep Powder|p1b: Grimmsnarl
|-status|p1b: Grimmsnarl|slp|[from] move: Sleep Powder
|move|p2a: Ninetales|Freeze-Dry|p1b: Grimmsnarl
|-damage|p1b: Grimmsnarl|29/100 slp
|cant|p1b: Grimmsnarl|slp
|
|upkeep
|turn|16
|
|t:|1783985852
|move|p2b: Vivillon|Sleep Powder|p1b: Grimmsnarl
|-fail|p1b: Grimmsnarl|slp
|move|p2a: Ninetales|Freeze-Dry|p1b: Grimmsnarl
|-damage|p1b: Grimmsnarl|15/100 slp
|cant|p1b: Grimmsnarl|slp
|
|upkeep
|turn|17
|
|t:|1783985876
|move|p2b: Vivillon|Sleep Powder|p1b: Grimmsnarl
|-fail|p1b: Grimmsnarl|slp
|move|p2a: Ninetales|Freeze-Dry|p1b: Grimmsnarl
|-damage|p1b: Grimmsnarl|3/100 slp
|-curestatus|p1b: Grimmsnarl|slp|[msg]
|move|p1b: Grimmsnarl|Spirit Break|p2a: Ninetales
|-damage|p2a: Ninetales|0 fnt
|faint|p2a: Ninetales
|
|upkeep
|turn|18
|
|t:|1783985888
|move|p2b: Vivillon|Sleep Powder|p1b: Grimmsnarl
|-status|p1b: Grimmsnarl|slp|[from] move: Sleep Powder
|cant|p1b: Grimmsnarl|slp
|
|upkeep
|turn|19
|
|t:|1783985893
|-activate|p2b: Vivillon|move: Struggle
|move|p2b: Vivillon|Struggle|p1b: Grimmsnarl
|-damage|p1b: Grimmsnarl|0 fnt
|faint|p1b: Grimmsnarl
|-damage|p2b: Vivillon|74/100|[from] recoil
|
|win|zaharba
|raw|oriozz's rating: 1179 → 1152(-27 for losing)
|raw|zaharba's rating: 1149 → 1176(+27 for winning)
