|j|☆namboyVGC
|j|☆Glaciaty
|html|namboyVGCGlaciaty    
|uhtml|bestof|Game 1 of a best-of-3
|t:|1784756190
|gametype|doubles
|player|p1|namboyVGC|pokemonranger-gen4|1157
|player|p2|Glaciaty|169|1097
|gen|9
|tier|[Gen 9 Champions] VGC 2026 Reg M-B (Bo3)
|rated|
|rule|Species Clause: Limit one of each Pokémon
|rule|Item Clause: Limit 1 of each item
|clearpoke
|poke|p1|Swampert, L50, M|
|poke|p1|Sinistcha-Masterpiece, L50|
|poke|p1|Archaludon, L50, F|
|poke|p1|Pelipper, L50, M|
|poke|p1|Maushold, L50|
|poke|p1|Grimmsnarl, L50, M|
|poke|p2|Malamar, L50, F|
|poke|p2|Charizard, L50, F|
|poke|p2|Whimsicott, L50, M|
|poke|p2|Glimmora, L50, M|
|poke|p2|Garchomp, L50, M|
|poke|p2|Sinistcha, L50|
|teampreview|4
|showteam|p1|Swampert||Swampertite|Damp|WaveCrash,HighHorsepower,IcePunch,Protect|Adamant||M|||50|]Sinistcha-Masterpiece||SitrusBerry|Hospitality|MatchaGotcha,LifeDew,TrickRoom,RagePowder|Bold|||||50|]Archaludon||Leftovers|Stamina|DragonPulse,ElectroShot,FlashCannon,Protect|Calm||F|||50|]Pelipper||FocusSash|Drizzle|WeatherBall,Hurricane,Protect,Tailwind|Modest||M|||50|]Maushold||WideLens|Technician|PopulationBomb,RainDance,FollowMe,Protect|Jolly|||||50|]Grimmsnarl||LightClay|Prankster|SpiritBreak,LightScreen,Reflect,PartingShot|Sassy||M|||50|
|showteam|p2|Malamar||Malamarite|Contrary|Superpower,KnockOff,PsychoCut,Protect|Adamant||F|||50|]Charizard||CharizarditeY|Blaze|HeatWave,SolarBeam,WeatherBall,Protect|Modest||F|||50|]Whimsicott||FairyFeather|Prankster|Moonblast,FakeTears,Encore,Tailwind|Timid||M|||50|]Glimmora||FocusSash|ToxicDebris|PowerGem,SludgeBomb,EarthPower,SpikyShield|Modest||M|||50|]Garchomp||ChoiceScarf|RoughSkin|Bulldoze,Earthquake,RockSlide,DragonClaw|Adamant||M|||50|]Sinistcha||SitrusBerry|Hospitality|MatchaGotcha,RagePowder,LifeDew,Protect|Bold|||||50|
|inactive|Battle timer is ON: inactive players will automatically lose when time's up. (requested by namboyVGC)
|inactive|Glaciaty also wants the timer to be on.
|
|t:|1784756203
|teamsize|p1|4
|teamsize|p2|4
|start
|switch|p1a: Swampert|Swampert, L50, M|100/100
|switch|p1b: Grimmsnarl|Grimmsnarl, L50, M|100/100
|switch|p2a: Malamar|Malamar, L50, F|100/100
|switch|p2b: Whimsicott|Whimsicott, L50, M|100/100
|turn|1
|
|t:|1784756218
|detailschange|p1a: Swampert|Swampert-Mega, L50, M
|-mega|p1a: Swampert|Swampert|Swampertite
|detailschange|p2a: Malamar|Malamar-Mega, L50, F
|-mega|p2a: Malamar|Malamar|Malamarite
|move|p1b: Grimmsnarl|Parting Shot|p2b: Whimsicott
|-unboost|p2b: Whimsicott|atk|1
|-unboost|p2b: Whimsicott|spa|1
|
|t:|1784756225
|switch|p1b: Pelipper|Pelipper, L50, M|100/100|[from] Parting Shot
|-weather|RainDance|[from] ability: Drizzle|[of] p1b: Pelipper
|move|p1a: Swampert|Wave Crash|p2a: Malamar
|-damage|p2a: Malamar|0 fnt
|faint|p2a: Malamar
|-damage|p1a: Swampert|64/100|[from] Recoil
|move|p2b: Whimsicott|Moonblast|p1b: Pelipper
|-damage|p1b: Pelipper|60/100
|
|-weather|RainDance|[upkeep]
|upkeep
|
|t:|1784756237
|switch|p2a: Sinistcha|Sinistcha, L50|100/100
|turn|2
|
|t:|1784756244
|move|p1a: Swampert|Protect|p1a: Swampert
|-singleturn|p1a: Swampert|Protect
|move|p2b: Whimsicott|Tailwind|p2b: Whimsicott
|-sidestart|p2: Glaciaty|move: Tailwind
|move|p2a: Sinistcha|Matcha Gotcha|p1b: Pelipper|[spread] p1b
|-activate|p1a: Swampert|move: Protect
|-damage|p1b: Pelipper|20/100y
|move|p1b: Pelipper|Hurricane|p2a: Sinistcha
|-supereffective|p2a: Sinistcha|1
|-damage|p2a: Sinistcha|4/100
|-enditem|p2a: Sinistcha|Sitrus Berry|[eat]
|-heal|p2a: Sinistcha|29/100|[from] item: Sitrus Berry
|
|-weather|RainDance|[upkeep]
|upkeep
|turn|3
|inactive|namboyVGC has 30 seconds left.
|
|t:|1784756271
|switch|p1a: Grimmsnarl|Grimmsnarl, L50, M|100/100
|move|p2b: Whimsicott|Moonblast|p1a: Grimmsnarl
|-supereffective|p1a: Grimmsnarl|1
|-damage|p1a: Grimmsnarl|60/100
|move|p2a: Sinistcha|Matcha Gotcha|p1b: Pelipper|[spread] p1a,p1b
|-damage|p1a: Grimmsnarl|38/100
|-heal|p2a: Sinistcha|42/100|[from] drain|[of] p1a: Grimmsnarl
|-damage|p1b: Pelipper|0 fnt
|-heal|p2a: Sinistcha|50/100y|[from] drain|[of] p1b: Pelipper
|-status|p1a: Grimmsnarl|brn
|faint|p1b: Pelipper
|
|-weather|RainDance|[upkeep]
|-damage|p1a: Grimmsnarl|32/100 brn|[from] brn
|upkeep
|
|t:|1784756290
|switch|p1b: Swampert|Swampert-Mega, L50, M|64/100
|turn|4
|
|t:|1784756296
|move|p1a: Grimmsnarl|Light Screen|p1a: Grimmsnarl
|-sidestart|p1: namboyVGC|move: Light Screen
|move|p2b: Whimsicott|Moonblast|p1b: Swampert
|-damage|p1b: Swampert|49/100
|move|p1b: Swampert|Ice Punch|p2a: Sinistcha
|-supereffective|p2a: Sinistcha|1
|-damage|p2a: Sinistcha|0 fnt
|faint|p2a: Sinistcha
|
|-weather|RainDance|[upkeep]
|-damage|p1a: Grimmsnarl|26/100 brn|[from] brn
|upkeep
|
|t:|1784756307
|switch|p2a: Garchomp|Garchomp, L50, M|100/100
|turn|5
|
|t:|1784756321
|move|p1b: Swampert|Protect|p1b: Swampert
|-singleturn|p1b: Swampert|Protect
|move|p1a: Grimmsnarl|Reflect|p1a: Grimmsnarl
|-sidestart|p1: namboyVGC|Reflect
|move|p2a: Garchomp|Dragon Claw|p1b: Swampert
|-activate|p1b: Swampert|move: Protect
|move|p2b: Whimsicott|Moonblast|p1b: Swampert
|-activate|p1b: Swampert|move: Protect
|
|-weather|none
|-damage|p1a: Grimmsnarl|20/100y brn|[from] brn
|-sideend|p2: Glaciaty|move: Tailwind
|upkeep
|turn|6
|
|t:|1784756345
|move|p1a: Grimmsnarl|Parting Shot|p2a: Garchomp
|-unboost|p2a: Garchomp|atk|1
|-unboost|p2a: Garchomp|spa|1
|
|t:|1784756348
|switch|p1a: Maushold|Maushold, L50|100/100|[from] Parting Shot
|move|p2a: Garchomp|Dragon Claw|p1b: Swampert
|-damage|p1b: Swampert|31/100
|move|p2b: Whimsicott|Moonblast|p1a: Maushold
|-damage|p1a: Maushold|76/100
|move|p1b: Swampert|Ice Punch|p2a: Garchomp
|-supereffective|p2a: Garchomp|2
|-damage|p2a: Garchomp|0 fnt
|-damage|p1b: Swampert|18/100|[from] ability: Rough Skin|[of] p2a: Garchomp
|faint|p2a: Garchomp
|
|upkeep
|turn|7
|-message|Glaciaty forfeited.
|
|win|namboyVGC
