|j|☆Majical Forest
|j|☆sandy ghost 5
|html|Majical Forestsandy ghost 5    
|uhtml|bestof|Game 2 of a best-of-3
|t:|1756989392
|gametype|doubles
|player|p1|Majical Forest|unknown|1183
|player|p2|sandy ghost 5|baker|1298
|gen|9
|tier|[Gen 9] VGC 2025 Reg H (Bo3)
|rated|
|rule|Species Clause: Limit one of each Pokémon
|rule|Item Clause: Limit 1 of each item
|clearpoke
|poke|p1|Archaludon, L50, M|
|poke|p1|Basculegion, L50, M|
|poke|p1|Pelipper, L50, M|
|poke|p1|Amoonguss, L50, F|
|poke|p1|Incineroar, L50, M|
|poke|p1|Maushold-Four, L50|
|poke|p2|Tyranitar, L50, F|
|poke|p2|Excadrill, L50, F|
|poke|p2|Sinistcha-Masterpiece, L50|
|poke|p2|Salamence, L50, F|
|poke|p2|Blaziken, L50, M|
|poke|p2|Bruxish, L50, M|
|teampreview|4
|showteam|p1|Archaludon||AssaultVest|Stamina|ElectroShot,DragonPulse,BodyPress,FlashCannon|||M|||50|,,,,,Grass]Basculegion||MysticWater|SwiftSwim|WaveCrash,AquaJet,LastRespects,Protect|||M|||50|,,,,,Water]Pelipper||FocusSash|Drizzle|Hurricane,WeatherBall,Tailwind,Protect|||M|||50|,,,,,Ghost]Amoonguss||SitrusBerry|Regenerator|Spore,ClearSmog,PollenPuff,RagePowder|||F|||50|,,,,,Water]Incineroar||SafetyGoggles|Intimidate|FakeOut,KnockOff,FlareBlitz,PartingShot|||M|||50|,,,,,Ghost]Maushold-Four||WideLens|Technician|PopulationBomb,Taunt,FollowMe,Protect||||||50|,,,,,Grass
|showteam|p2|Tyranitar||ClearAmulet|SandStream|RockSlide,KnockOff,DragonDance,Protect|||F|||50|,,,,,Grass]Excadrill||AssaultVest|SandRush|Earthquake,IronHead,HighHorsepower,RockSlide|||F|||50|,,,,,Ghost]Sinistcha-Masterpiece||SitrusBerry|Hospitality|ShadowBall,MatchaGotcha,RagePowder,Protect||||||50|,,,,,Dark]Salamence||LifeOrb|Intimidate|DracoMeteor,AirSlash,Protect,Tailwind|||F|||50|,,,,,Ghost]Blaziken||CovertCloak|SpeedBoost|AuraSphere,HeatWave,Coaching,WillOWisp|||M|||50|,,,,,Dragon]Bruxish||ChoiceScarf|Dazzling|PsychicFangs,FlipTurn,WaveCrash,SuperFang|||M|||50|,,,,,Water
|inactive|Battle timer is ON: inactive players will automatically lose when time's up. (requested by Majical Forest)
|inactive|Majical Forest has 60 seconds left.
|inactive|Majical Forest has 30 seconds left.
|
|t:|1756989461
|teamsize|p1|4
|teamsize|p2|4
|start
|switch|p1a: Amoonguss|Amoonguss, L50, F|100/100
|switch|p1b: Archaludon|Archaludon, L50, M|100/100
|switch|p2a: Salamence|Salamence, L50, F|100/100
|switch|p2b: Blaziken|Blaziken, L50, M|100/100
|-ability|p2a: Salamence|Intimidate|boost
|-unboost|p1a: Amoonguss|atk|1
|-unboost|p1b: Archaludon|atk|1
|turn|1
|
|t:|1756989486
|move|p2a: Salamence|Air Slash|p1a: Amoonguss
|-supereffective|p1a: Amoonguss
|-damage|p1a: Amoonguss|28/100
|-enditem|p1a: Amoonguss|Sitrus Berry|[eat]
|-heal|p1a: Amoonguss|53/100|[from] item: Sitrus Berry
|-damage|p2a: Salamence|91/100|[from] item: Life Orb
|move|p2b: Blaziken|Heat Wave|p1b: Archaludon|[spread] p1a,p1b
|-supereffective|p1a: Amoonguss
|-damage|p1a: Amoonguss|0 fnt
|-damage|p1b: Archaludon|74/100
|-ability|p1b: Archaludon|Stamina|boost
|-boost|p1b: Archaludon|def|1
|faint|p1a: Amoonguss
|move|p1b: Archaludon|Dragon Pulse|p2b: Blaziken
|-damage|p2b: Blaziken|40/100
|
|-ability|p2b: Blaziken|Speed Boost|boost
|-boost|p2b: Blaziken|spe|1
|upkeep
|
|t:|1756989497
|switch|p1a: Basculegion|Basculegion, L50, M|100/100
|turn|2
|
|t:|1756989519
|move|p2b: Blaziken|Will-O-Wisp|p1a: Basculegion
|-status|p1a: Basculegion|brn
|move|p2a: Salamence|Draco Meteor|p1b: Archaludon
|-damage|p1b: Archaludon|9/100
|-unboost|p2a: Salamence|spa|2
|-ability|p1b: Archaludon|Stamina|boost
|-boost|p1b: Archaludon|def|1
|-damage|p2a: Salamence|81/100|[from] item: Life Orb
|move|p1a: Basculegion|Last Respects|p2b: Blaziken
|-damage|p2b: Blaziken|3/100
|move|p1b: Archaludon|Dragon Pulse|p2a: Salamence
|-supereffective|p2a: Salamence
|-damage|p2a: Salamence|0 fnt
|faint|p2a: Salamence
|
|-damage|p1a: Basculegion|94/100 brn|[from] brn
|-ability|p2b: Blaziken|Speed Boost|boost
|-boost|p2b: Blaziken|spe|1
|upkeep
|
|t:|1756989536
|switch|p2a: Puppet|Sinistcha-Masterpiece, L50|100/100
|-heal|p2b: Blaziken|28/100|[from] ability: Hospitality|[of] p2a: Puppet
|turn|3
|
|t:|1756989546
|-terastallize|p2a: Puppet|Dark
|move|p1a: Basculegion|Aqua Jet|p2b: Blaziken
|-supereffective|p2b: Blaziken
|-damage|p2b: Blaziken|0 fnt
|faint|p2b: Blaziken
|move|p1b: Archaludon|Dragon Pulse|p2a: Puppet
|-damage|p2a: Puppet|57/100
|move|p2a: Puppet|Matcha Gotcha|p1b: Archaludon|[spread] p1a,p1b
|-supereffective|p1a: Basculegion
|-resisted|p1b: Archaludon
|-damage|p1a: Basculegion|35/100 brn
|-heal|p2a: Puppet|90/100|[from] drain|[of] p1a: Basculegion
|-damage|p1b: Archaludon|3/100
|-heal|p2a: Puppet|94/100|[from] drain|[of] p1b: Archaludon
|-ability|p1b: Archaludon|Stamina|boost
|-boost|p1b: Archaludon|def|1
|
|-damage|p1a: Basculegion|29/100 brn|[from] brn
|upkeep
|
|t:|1756989564
|switch|p2b: Tyranitar|Tyranitar, L50, F|100/100
|-weather|Sandstorm|[from] ability: Sand Stream|[of] p2b: Tyranitar
|turn|4
|
|t:|1756989576
|move|p1a: Basculegion|Protect|p1a: Basculegion
|-singleturn|p1a: Basculegion|Protect
|move|p2b: Tyranitar|Protect|p2b: Tyranitar
|-singleturn|p2b: Tyranitar|Protect
|move|p1b: Archaludon|Body Press|p2a: Puppet
|-supereffective|p2a: Puppet
|-damage|p2a: Puppet|0 fnt
|faint|p2a: Puppet
|
|-weather|Sandstorm|[upkeep]
|-damage|p1a: Basculegion|23/100 brn|[from] Sandstorm
|-damage|p1a: Basculegion|16/100 brn|[from] brn
|upkeep
|turn|5
|
|t:|1756989600
|switch|p1b: Pelipper|Pelipper, L50, M|100/100
|-weather|RainDance|[from] ability: Drizzle|[of] p1b: Pelipper
|-terastallize|p1a: Basculegion|Water
|move|p1a: Basculegion|Wave Crash|p2b: Tyranitar
|-supereffective|p2b: Tyranitar
|-damage|p2b: Tyranitar|0 fnt
|faint|p2b: Tyranitar
|-damage|p1a: Basculegion|0 fnt|[from] Recoil
|faint|p1a: Basculegion
|
|win|Majical Forest
||Majical Forest is ready for game 3.
||sandy ghost 5 is ready for game 3.
|uhtml|next|Next: Game 3 of 3
|l|☆Majical Forest
|player|p1|
