|j|☆282839393m
|j|☆viatles
|html|282839393mviatles    
|uhtml|bestof|Game 1 of a best-of-3
|t:|1783447976
|gametype|doubles
|player|p1|282839393m|265|1118
|player|p2|viatles|hiker|1147
|gen|9
|tier|[Gen 9 Champions] VGC 2026 Reg M-B (Bo3)
|rated|
|rule|Species Clause: Limit one of each Pokémon
|rule|Item Clause: Limit 1 of each item
|clearpoke
|poke|p1|Gengar, L50, F|
|poke|p1|Incineroar, L50, M|
|poke|p1|Politoed, L50, M|
|poke|p1|Vivillon-Pokeball, L50, F|
|poke|p1|Basculegion, L50, M|
|poke|p1|Archaludon, L50, F|
|poke|p2|Beedrill, L50, F, shiny|
|poke|p2|Milotic, L50, F, shiny|
|poke|p2|Farigiraf, L50, M|
|poke|p2|Sinistcha, L50|
|poke|p2|Kingambit, L50, M|
|poke|p2|Diggersby, L50, F|
|teampreview|4
|showteam|p1|Gengar||Gengarite|CursedBody|PerishSong,Protect,ShadowBall,Disable|Timid||F|||50|]Incineroar||PasshoBerry|Intimidate|FakeOut,Protect,PartingShot,ThroatChop|Impish||M|||50|]Politoed||Leftovers|Drizzle|Protect,PerishSong,WeatherBall,Encore|Bold||M|||50|]Vivillon-Pokeball||ChoiceScarf|CompoundEyes|Uturn,Tailwind,SleepPowder,PollenPuff|Jolly||F|||50|]Basculegion||MysticWater|SwiftSwim|Protect,LastRespects,WaveCrash,FlipTurn|Adamant||M|||50|]Archaludon||Magnet|Sturdy|ElectroShot,DragonPulse,FlashCannon,Protect|Modest||F|||50|
|showteam|p2|Beedrill||Beedrillite|Swarm|Uturn,DrillRun,PoisonJab,Protect|Jolly||F|||50|]Milotic||Leftovers|Competitive|Scald,IcyWind,Protect,LifeDew|Bold||F|||50|]Farigiraf||ColburBerry|ArmorTail|TrickRoom,Thunderbolt,TwinBeam,HelpingHand|Bold||M|||50|]Sinistcha||SitrusBerry|Hospitality|MatchaGotcha,RagePowder,Imprison,TrickRoom|Bold|||||50|]Kingambit||BlackGlasses|Defiant|SuckerPunch,Protect,KowtowCleave,LowKick|Adamant||M|||50|]Diggersby||LifeOrb|HugePower|RockSlide,Earthquake,Protect,QuickAttack|Adamant||F|||50|
|c|☆viatles|gl hf
|inactive|Battle timer is ON: inactive players will automatically lose when time's up. (requested by viatles)
|inactive|282839393m has 60 seconds left.
|inactive|viatles has 60 seconds left.
|
|t:|1783448023
|teamsize|p1|4
|teamsize|p2|4
|start
|switch|p1a: Gengar|Gengar, L50, F|100/100
|switch|p1b: Vivillon|Vivillon-Pokeball, L50, F|100/100
|switch|p2a: Farigiraf|Farigiraf, L50, M|100/100
|switch|p2b: Malsumas|Beedrill, L50, F, shiny|100/100
|turn|1
|
|t:|1783448042
|detailschange|p1a: Gengar|Gengar-Mega, L50, F
|-mega|p1a: Gengar|Gengar|Gengarite
|move|p2b: Malsumas|Protect|p2b: Malsumas
|-singleturn|p2b: Malsumas|Protect
|move|p1b: Vivillon|Sleep Powder|p2b: Malsumas
|-activate|p2b: Malsumas|move: Protect
|move|p1a: Gengar|Perish Song|p1a: Gengar
|-start|p1a: Gengar|perish3|[silent]
|-start|p1b: Vivillon|perish3|[silent]
|-start|p2a: Farigiraf|perish3|[silent]
|-start|p2b: Malsumas|perish3|[silent]
|-fieldactivate|move: Perish Song
|move|p2a: Farigiraf|Twin Beam|p1a: Gengar
|-supereffective|p1a: Gengar|1
|-damage|p1a: Gengar|70/100
|-supereffective|p1a: Gengar|1
|-damage|p1a: Gengar|36/100
|-hitcount|p1a: Gengar|2
|
|-start|p1b: Vivillon|perish3
|-start|p1a: Gengar|perish3
|-start|p2b: Malsumas|perish3
|-start|p2a: Farigiraf|perish3
|upkeep
|turn|2
|inactive|viatles has 30 seconds left.
|inactive|282839393m has 30 seconds left.
|
|t:|1783448090
|detailschange|p2b: Malsumas|Beedrill-Mega, L50, F, shiny
|-mega|p2b: Malsumas|Beedrill|Beedrillite
|move|p1a: Gengar|Protect|p1a: Gengar
|-singleturn|p1a: Gengar|Protect
|move|p1b: Vivillon|Sleep Powder|p2a: Farigiraf
|-status|p2a: Farigiraf|slp|[from] move: Sleep Powder
|move|p2b: Malsumas|U-turn|p1b: Vivillon
|-resisted|p1b: Vivillon|1
|-damage|p1b: Vivillon|58/100
|
|t:|1783448103
|switch|p2b: Diggersby|Diggersby, L50, F|100/100|[from] U-turn
|cant|p2a: Farigiraf|slp
|
|-start|p1b: Vivillon|perish2
|-start|p1a: Gengar|perish2
|-start|p2a: Farigiraf|perish2
|upkeep
|turn|3
|
|t:|1783448119
|move|p1b: Vivillon|Sleep Powder|p2b: Diggersby
|-status|p2b: Diggersby|slp|[from] move: Sleep Powder
|move|p1a: Gengar|Perish Song|p1a: Gengar
|-start|p2b: Diggersby|perish3|[silent]
|-fieldactivate|move: Perish Song
|cant|p2b: Diggersby|slp
|cant|p2a: Farigiraf|slp
|
|-start|p1b: Vivillon|perish1
|-start|p1a: Gengar|perish1
|-start|p2b: Diggersby|perish3
|-start|p2a: Farigiraf|perish1
|upkeep
|turn|4
|
|t:|1783448136
|switch|p1b: Archaludon|Archaludon, L50, F|100/100
|switch|p1a: Politoed|Politoed, L50, M|100/100
|-weather|RainDance|[from] ability: Drizzle|[of] p1a: Politoed
|cant|p2b: Diggersby|slp
|-curestatus|p2a: Farigiraf|slp|[msg]
|move|p2a: Farigiraf|Thunderbolt|p1b: Archaludon
|-resisted|p1b: Archaludon|1
|-damage|p1b: Archaludon|84/100
|
|-weather|RainDance|[upkeep]
|-start|p2b: Diggersby|perish2
|-start|p2a: Farigiraf|perish0
|upkeep
|faint|p2a: Farigiraf
|
|t:|1783448151
|switch|p2a: Malsumas|Beedrill-Mega, L50, F, shiny|100/100
|turn|5
|inactive|viatles has 30 seconds left.
|inactive|282839393m has 30 seconds left.
|
|t:|1783448185
|switch|p1a: Vivillon|Vivillon-Pokeball, L50, F|58/100
|move|p2a: Malsumas|Protect|p2a: Malsumas
|-singleturn|p2a: Malsumas|Protect
|move|p1b: Archaludon|Electro Shot||[still]
|-prepare|p1b: Archaludon|Electro Shot
|-boost|p1b: Archaludon|spa|1
|-anim|p1b: Archaludon|Electro Shot|p2b: Diggersby
|-immune|p2b: Diggersby
|-curestatus|p2b: Diggersby|slp|[msg]
|move|p2b: Diggersby|Earthquake|p1a: Vivillon|[spread] p1b
|-activate|p2a: Malsumas|move: Protect
|-immune|p1a: Vivillon
|-supereffective|p1b: Archaludon|1
|-damage|p1b: Archaludon|0 fnt
|faint|p1b: Archaludon
|-damage|p2b: Diggersby|90/100|[from] item: Life Orb
|
|-weather|RainDance|[upkeep]
|-start|p2b: Diggersby|perish1
|upkeep
|
|t:|1783448207
|switch|p1b: Gengar|Gengar-Mega, L50, F|36/100
|turn|6
|
|t:|1783448214
|move|p1b: Gengar|Protect|p1b: Gengar
|-singleturn|p1b: Gengar|Protect
|move|p1a: Vivillon|Sleep Powder|p2a: Malsumas
|-status|p2a: Malsumas|slp|[from] move: Sleep Powder
|cant|p2a: Malsumas|slp
|move|p2b: Diggersby|Rock Slide|p1a: Vivillon|[spread] p1a
|-activate|p1b: Gengar|move: Protect
|-supereffective|p1a: Vivillon|2
|-damage|p1a: Vivillon|0 fnt
|faint|p1a: Vivillon
|-damage|p2b: Diggersby|80/100|[from] item: Life Orb
|
|-weather|RainDance|[upkeep]
|-start|p2b: Diggersby|perish0
|faint|p2b: Diggersby
|upkeep
|
|t:|1783448228
|switch|p1a: Politoed|Politoed, L50, M|100/100
|switch|p2b: Kingambit|Kingambit, L50, M|100/100
|turn|7
|
|t:|1783448239
|move|p1b: Gengar|Protect|p1b: Gengar
|-singleturn|p1b: Gengar|Protect
|cant|p2a: Malsumas|slp
|move|p1a: Politoed|Perish Song|p1a: Politoed
|-start|p1a: Politoed|perish3|[silent]
|-start|p1b: Gengar|perish3|[silent]
|-start|p2a: Malsumas|perish3|[silent]
|-start|p2b: Kingambit|perish3|[silent]
|-fieldactivate|move: Perish Song
|move|p2b: Kingambit|Kowtow Cleave|p1b: Gengar
|-activate|p1b: Gengar|move: Protect
|
|-weather|RainDance|[upkeep]
|-start|p2a: Malsumas|perish3
|-start|p1b: Gengar|perish3
|-start|p1a: Politoed|perish3
|-start|p2b: Kingambit|perish3
|upkeep
|turn|8
|inactive|viatles has 30 seconds left.
|
|t:|1783448266
|move|p1a: Politoed|Protect|p1a: Politoed
|-singleturn|p1a: Politoed|Protect
|move|p2b: Kingambit|Sucker Punch||[still]
|-fail|p2b: Kingambit
|-curestatus|p2a: Malsumas|slp|[msg]
|move|p2a: Malsumas|Poison Jab|p1a: Politoed
|-activate|p1a: Politoed|move: Protect
|move|p1b: Gengar|Disable|p2b: Kingambit
|-start|p2b: Kingambit|Disable|Sucker Punch
|
|-weather|none
|-start|p2a: Malsumas|perish2
|-start|p1b: Gengar|perish2
|-start|p1a: Politoed|perish2
|-start|p2b: Kingambit|perish2
|upkeep
|turn|9
|inactive|282839393m has 30 seconds left.
|
|t:|1783448292
|move|p1a: Politoed|Protect|p1a: Politoed
|-singleturn|p1a: Politoed|Protect
|move|p2a: Malsumas|Poison Jab|p1a: Politoed
|-activate|p1a: Politoed|move: Protect
|move|p1b: Gengar|Disable|p2a: Malsumas
|-start|p2a: Malsumas|Disable|Poison Jab
|move|p2b: Kingambit|Kowtow Cleave|p1a: Politoed
|-activate|p1a: Politoed|move: Protect
|
|-start|p2a: Malsumas|perish1
|-start|p1b: Gengar|perish1
|-start|p1a: Politoed|perish1
|-start|p2b: Kingambit|perish1
|upkeep
|turn|10
|
|t:|1783448312
|move|p1b: Gengar|Protect|p1b: Gengar
|-singleturn|p1b: Gengar|Protect
|move|p1a: Politoed|Protect||[still]
|-fail|p1a: Politoed
|move|p2a: Malsumas|U-turn|p1a: Politoed
|-damage|p1a: Politoed|43/100
|move|p2b: Kingambit|Kowtow Cleave|p1a: Politoed
|-damage|p1a: Politoed|0 fnt
|faint|p1a: Politoed
|
|-start|p2a: Malsumas|perish0
|-start|p1b: Gengar|perish0
|-start|p2b: Kingambit|perish0
|faint|p2a: Malsumas
|faint|p1b: Gengar
|faint|p2b: Kingambit
|
|win|viatles
||282839393m is ready for game 2.
|inactive|viatles has 30 seconds to confirm battle start!
|l|☆282839393m
|player|p1|
