|j|☆SFmrmimers
|j|☆flannerystan
|html|SFmrmimersflannerystan    
|uhtml|bestof|Game 1 of a best-of-3
|t:|1757824148
|gametype|doubles
|player|p1|SFmrmimers|n|1074
|player|p2|flannerystan|skyla|1053
|gen|9
|tier|[Gen 9] VGC 2025 Reg H (Bo3)
|rated|
|rule|Species Clause: Limit one of each Pokémon
|rule|Item Clause: Limit 1 of each item
|clearpoke
|poke|p1|Tyranitar, L50, F|
|poke|p1|Excadrill, L50, M|
|poke|p1|Incineroar, L50, F|
|poke|p1|Amoonguss, L50, F|
|poke|p1|Basculegion, L50, M|
|poke|p1|Kommo-o, L50, F|
|poke|p2|Annihilape, L50, F|
|poke|p2|Maushold, L50|
|poke|p2|Gholdengo, L50|
|poke|p2|Whimsicott, L50, M|
|poke|p2|Weavile, L50, M|
|poke|p2|Salamence, L50, F|
|teampreview|4
|showteam|p1|Tyranitar||AssaultVest|SandStream|RockSlide,KnockOff,TeraBlast,LowKick|||F|||50|,,,,,Flying]Excadrill||FocusSash|SandRush|Earthquake,HighHorsepower,IronHead,Protect|||M|||50|,,,,,Ground]Incineroar||SafetyGoggles|Intimidate|FakeOut,PartingShot,KnockOff,FlareBlitz|||F|||50|,,,,,Ghost]Amoonguss||SitrusBerry|Regenerator|Spore,RagePowder,PollenPuff,ClearSmog|||F|||50|,,,,,Water]Basculegion||ChoiceScarf|Adaptability|WaveCrash,LastRespects,TeraBlast,FlipTurn|||M|||50|,,,,,Grass]Kommo-o||ThroatSpray|Overcoat|ClangorousSoul,ClangingScales,AuraSphere,Protect|||F|||50|,,,,,Steel
|showteam|p2|Annihilape||Leftovers|Defiant|RageFist,DrainPunch,BulkUp,Protect|||F|||50|,,,,,Fire]Maushold||SafetyGoggles|FriendGuard|BeatUp,SuperFang,FollowMe,Protect||||||50|,,,,,Ghost]Gholdengo||MetalCoat|GoodasGold|MakeItRain,ShadowBall,NastyPlot,Protect||||||50|,,,,,Steel]Whimsicott||FocusSash|Prankster|Tailwind,BeatUp,Moonblast,Endeavor|||M|||50|,,,,,Ghost]Weavile||WideLens|Pressure|TripleAxel,KnockOff,FakeOut,Taunt|||M|||50|,,,,,Poison]Salamence||LifeOrb|Intimidate|DracoMeteor,AirSlash,TeraBlast,Protect|||F|||50|,,,,,Fairy
|inactive|Battle timer is ON: inactive players will automatically lose when time's up. (requested by flannerystan)
|inactive|flannerystan has 60 seconds left.
|inactive|flannerystan has 30 seconds left.
|inactive|flannerystan has 20 seconds left.
|inactive|flannerystan has 15 seconds left.
|
|t:|1757824235
|teamsize|p1|4
|teamsize|p2|4
|start
|switch|p1a: Kommo-o|Kommo-o, L50, F|100/100
|switch|p1b: Incineroar|Incineroar, L50, F|100/100
|switch|p2a: Maushold|Maushold, L50|100/100
|switch|p2b: Annihilape|Annihilape, L50, F|100/100
|-ability|p1b: Incineroar|Intimidate|boost
|-unboost|p2a: Maushold|atk|1
|-unboost|p2b: Annihilape|atk|1
|-ability|p2b: Annihilape|Defiant|boost
|-boost|p2b: Annihilape|atk|2
|turn|1
|inactive|SFmrmimers has 30 seconds left.
|inactive|flannerystan has 30 seconds left.
|
|t:|1757824268
|-terastallize|p2a: Maushold|Ghost
|move|p1b: Incineroar|Fake Out|p2a: Maushold
|-immune|p2a: Maushold
|move|p2a: Maushold|Beat Up|p2b: Annihilape
|-damage|p2b: Annihilape|99/100
|-damage|p2b: Annihilape|98/100
|-damage|p2b: Annihilape|97/100
|-damage|p2b: Annihilape|96/100
|-hitcount|p2b: Annihilape|4
|move|p1a: Kommo-o|Clangorous Soul|p1a: Kommo-o
|-boost|p1a: Kommo-o|atk|1
|-boost|p1a: Kommo-o|def|1
|-boost|p1a: Kommo-o|spa|1
|-boost|p1a: Kommo-o|spd|1
|-boost|p1a: Kommo-o|spe|1
|-damage|p1a: Kommo-o|68/100
|-enditem|p1a: Kommo-o|Throat Spray
|-boost|p1a: Kommo-o|spa|1|[from] item: Throat Spray
|move|p2b: Annihilape|Rage Fist|p1a: Kommo-o
|-damage|p1a: Kommo-o|0 fnt
|faint|p1a: Kommo-o
|
|-heal|p2b: Annihilape|100/100|[from] item: Leftovers
|upkeep
|
|t:|1757824290
|switch|p1a: Tyranitar|Tyranitar, L50, F|100/100
|-weather|Sandstorm|[from] ability: Sand Stream|[of] p1a: Tyranitar
|turn|2
|
|t:|1757824309
|-terastallize|p1a: Tyranitar|Flying
|move|p2a: Maushold|Follow Me|p2a: Maushold
|-singleturn|p2a: Maushold|move: Follow Me
|move|p2b: Annihilape|Rage Fist|p1a: Tyranitar
|-damage|p1a: Tyranitar|0 fnt
|faint|p1a: Tyranitar
|move|p1b: Incineroar|Knock Off|p2a: Maushold
|-supereffective|p2a: Maushold
|-damage|p2a: Maushold|10/100
|-enditem|p2a: Maushold|Safety Goggles|[from] move: Knock Off|[of] p1b: Incineroar
|
|-weather|Sandstorm|[upkeep]
|-damage|p2a: Maushold|4/100|[from] Sandstorm
|-damage|p2b: Annihilape|95/100|[from] Sandstorm
|-heal|p2b: Annihilape|100/100|[from] item: Leftovers
|upkeep
|
|t:|1757824323
|switch|p1a: Excadrill|Excadrill, L50, M, shiny|100/100
|turn|3
|
|t:|1757824330
|move|p2b: Annihilape|Protect|p2b: Annihilape
|-singleturn|p2b: Annihilape|Protect
|move|p1a: Excadrill|Earthquake|p2a: Maushold|[spread] p1b,p2a
|-activate|p2b: Annihilape|move: Protect
|-supereffective|p1b: Incineroar
|-damage|p1b: Incineroar|25/100
|-damage|p2a: Maushold|0 fnt
|faint|p2a: Maushold
|move|p1b: Incineroar|Knock Off|p2b: Annihilape
|-activate|p2b: Annihilape|move: Protect
|
|-weather|Sandstorm|[upkeep]
|-damage|p2b: Annihilape|95/100|[from] Sandstorm
|-heal|p2b: Annihilape|100/100|[from] item: Leftovers
|upkeep
|
|t:|1757824337
|switch|p2a: Salamence|Salamence, L50, F|100/100
|-ability|p2a: Salamence|Intimidate|boost
|-unboost|p1a: Excadrill|atk|1
|-unboost|p1b: Incineroar|atk|1
|turn|4
|inactive|flannerystan has 30 seconds left.
|
|t:|1757824364
|move|p1a: Excadrill|Iron Head|p2a: Salamence
|-damage|p2a: Salamence|61/100
|cant|p2a: Salamence|flinch
|move|p2b: Annihilape|Drain Punch|p1a: Excadrill
|-supereffective|p1a: Excadrill
|-enditem|p1a: Excadrill|Focus Sash
|-damage|p1a: Excadrill|1/100
|move|p1b: Incineroar|Knock Off|p2b: Annihilape
|-crit|p2b: Annihilape
|-damage|p2b: Annihilape|52/100
|-enditem|p2b: Annihilape|Leftovers|[from] move: Knock Off|[of] p1b: Incineroar
|
|-weather|Sandstorm|[upkeep]
|-damage|p2a: Salamence|55/100|[from] Sandstorm
|-damage|p2b: Annihilape|46/100|[from] Sandstorm
|upkeep
|turn|5
|
|t:|1757824383
|move|p1a: Excadrill|Iron Head|p2a: Salamence
|-damage|p2a: Salamence|16/100
|cant|p2a: Salamence|flinch
|move|p2b: Annihilape|Drain Punch|p1b: Incineroar
|-supereffective|p1b: Incineroar
|-damage|p1b: Incineroar|0 fnt
|-heal|p2b: Annihilape|58/100|[from] drain|[of] p1b: Incineroar
|faint|p1b: Incineroar
|
|-weather|Sandstorm|[upkeep]
|-damage|p2a: Salamence|10/100|[from] Sandstorm
|-damage|p2b: Annihilape|53/100|[from] Sandstorm
|upkeep
|turn|6
|-message|SFmrmimers forfeited.
|raw|SFmrmimers's rating: 1074 → 1052(-22 for losing)
|raw|flannerystan's rating: 1053 → 1087(+34 for winning)
|
|win|flannerystan
|l|☆SFmrmimers
|player|p1|
