|j|☆ZaxbysSauce
|j|☆heatvw
|html|ZaxbysSauceheatvw    
|uhtml|bestof|Game 1 of a best-of-3
|t:|1756522604
|gametype|doubles
|player|p1|ZaxbysSauce|burgh|1109
|player|p2|heatvw|170|1018
|gen|9
|tier|[Gen 9] VGC 2025 Reg H (Bo3)
|rated|
|rule|Species Clause: Limit one of each Pokémon
|rule|Item Clause: Limit 1 of each item
|clearpoke
|poke|p1|Pelipper, L50, F|
|poke|p1|Basculegion, L50, M|
|poke|p1|Archaludon, L50, F|
|poke|p1|Dragonite, L50, M|
|poke|p1|Farigiraf, L50, M|
|poke|p1|Magmortar, L50, M|
|poke|p2|Flamigo, L50, F|
|poke|p2|Ninetales-Alola, L50, M|
|poke|p2|Garchomp, L50, M|
|poke|p2|Incineroar, L50, F|
|poke|p2|Amoonguss, L50, M|
|poke|p2|Kingambit, L50, F|
|teampreview|4
|showteam|p1|Pelipper||FocusSash|Drizzle|Hurricane,WeatherBall,Tailwind,Protect|||F|||50|,,,,,Ghost]Basculegion||MysticWater|SwiftSwim|Protect,WaveCrash,AquaJet,LastRespects|||M|||50|,,,,,Water]Archaludon||AssaultVest|Stamina|ElectroShot,DragonPulse,FlashCannon,BodyPress|||F|||50|,,,,,Grass]Dragonite||ChoiceBand|InnerFocus|ExtremeSpeed,DragonClaw,AquaJet,AirSlash|||M|||50|,,,,,Normal]Farigiraf||SitrusBerry|ArmorTail|FoulPlay,TrickRoom,HelpingHand,PsychicNoise|||M|||50|,,,,,Fairy]Magmortar||Charcoal|VitalSpirit|Flamethrower,ScorchingSands,FollowMe,Protect|||M|||50|,,,,,Ground
|showteam|p2|Flamigo||ChoiceBand|Scrappy|Uturn,CloseCombat,BraveBird,Facade|||F|||50|,,,,,Stellar]Ninetales-Alola||FocusSash|SnowWarning|Protect,Encore,IcyWind,Blizzard|||M|||50|,,,,,Ghost]Garchomp||LifeOrb|RoughSkin|DragonClaw,StompingTantrum,Earthquake,Protect|||M|||50|,,,,,Ground]Incineroar||SafetyGoggles|Intimidate|FakeOut,FlareBlitz,KnockOff,PartingShot|||F|||50|,,,,,Ghost]Amoonguss||SitrusBerry|Regenerator|Spore,RagePowder,PollenPuff,Protect|||M|||50|,,,,,Water]Kingambit||AssaultVest|Defiant|KowtowCleave,IronHead,LowKick,SuckerPunch|||F|||50|,,,,,Fire
|inactive|Battle timer is ON: inactive players will automatically lose when time's up. (requested by heatvw)
|inactive|ZaxbysSauce has 60 seconds left.
|inactive|heatvw has 60 seconds left.
|
|t:|1756522655
|teamsize|p1|4
|teamsize|p2|4
|start
|switch|p1a: Basculegion|Basculegion, L50, M|100/100
|switch|p1b: Magmortar|Magmortar, L50, M|100/100
|switch|p2a: Garchomp|Garchomp, L50, M, shiny|100/100
|switch|p2b: Kingambit|Kingambit, L50, F|100/100
|turn|1
|inactive|ZaxbysSauce has 30 seconds left.
|inactive|heatvw has 30 seconds left.
|inactive|ZaxbysSauce has 20 seconds left.
|inactive|heatvw has 20 seconds left.
|inactive|heatvw has 15 seconds left.
|
|t:|1756522698
|move|p1b: Magmortar|Protect|p1b: Magmortar
|-singleturn|p1b: Magmortar|Protect
|move|p1a: Basculegion|Protect|p1a: Basculegion
|-singleturn|p1a: Basculegion|Protect
|move|p2b: Kingambit|Sucker Punch||[still]
|-fail|p2b: Kingambit
|move|p2a: Garchomp|Stomping Tantrum|p1a: Basculegion
|-activate|p1a: Basculegion|move: Protect
|
|upkeep
|turn|2
|
|t:|1756522721
|switch|p2b: Amoonguss|Amoonguss, L50, M, shiny|100/100
|-terastallize|p1a: Basculegion|Water
|move|p2a: Garchomp|Protect|p2a: Garchomp
|-singleturn|p2a: Garchomp|Protect
|move|p1b: Magmortar|Flamethrower|p2b: Amoonguss
|-supereffective|p2b: Amoonguss
|-damage|p2b: Amoonguss|0 fnt
|faint|p2b: Amoonguss
|move|p1a: Basculegion|Wave Crash|p2a: Garchomp
|-activate|p2a: Garchomp|move: Protect
|
|upkeep
|
|t:|1756522735
|switch|p2b: Ninetales|Ninetales-Alola, L50, M|100/100
|-weather|Snowscape|[from] ability: Snow Warning|[of] p2b: Ninetales
|turn|3
|
|t:|1756522747
|switch|p1b: Pelipper|Pelipper, L50, F|100/100
|-weather|RainDance|[from] ability: Drizzle|[of] p1b: Pelipper
|-terastallize|p2a: Garchomp|Ground
|move|p2b: Ninetales|Protect|p2b: Ninetales
|-singleturn|p2b: Ninetales|Protect
|move|p1a: Basculegion|Wave Crash|p2a: Garchomp
|-supereffective|p2a: Garchomp
|-damage|p2a: Garchomp|0 fnt
|-damage|p1a: Basculegion|88/100|[from] ability: Rough Skin|[of] p2a: Garchomp
|faint|p2a: Garchomp
|-damage|p1a: Basculegion|57/100|[from] Recoil
|
|-weather|RainDance|[upkeep]
|upkeep
|
|t:|1756522756
|switch|p2a: Kingambit|Kingambit, L50, F|100/100
|turn|4
|
|t:|1756522777
|move|p1a: Basculegion|Aqua Jet|p2a: Kingambit
|-damage|p2a: Kingambit|63/100
|move|p2a: Kingambit|Sucker Punch||[still]
|-fail|p2a: Kingambit
|move|p2b: Ninetales|Icy Wind|p1a: Basculegion|[spread] p1a,p1b
|-resisted|p1a: Basculegion
|-damage|p1a: Basculegion|48/100
|-damage|p1b: Pelipper|73/100
|-unboost|p1a: Basculegion|spe|1
|-unboost|p1b: Pelipper|spe|1
|move|p1b: Pelipper|Weather Ball|p2a: Kingambit
|-damage|p2a: Kingambit|10/100
|
|-weather|RainDance|[upkeep]
|upkeep
|turn|5
|inactive|ZaxbysSauce has 30 seconds left.
|
|t:|1756522803
|switch|p1a: Magmortar|Magmortar, L50, M|100/100
|move|p2a: Kingambit|Sucker Punch|p1b: Pelipper
|-damage|p1b: Pelipper|15/100
|move|p2b: Ninetales|Icy Wind|p1b: Pelipper|[spread] p1a,p1b
|-resisted|p1a: Magmortar
|-damage|p1a: Magmortar|92/100
|-damage|p1b: Pelipper|0 fnt
|-unboost|p1a: Magmortar|spe|1
|faint|p1b: Pelipper
|
|-weather|RainDance|[upkeep]
|upkeep
|
|t:|1756522816
|switch|p1b: Basculegion|Basculegion, L50, M, tera:Water|48/100
|turn|6
|inactive|ZaxbysSauce has 30 seconds left.
|
|t:|1756522845
|move|p1b: Basculegion|Aqua Jet|p2a: Kingambit
|-damage|p2a: Kingambit|0 fnt
|faint|p2a: Kingambit
|move|p2b: Ninetales|Icy Wind|p1a: Magmortar|[spread] p1a,p1b
|-resisted|p1a: Magmortar
|-resisted|p1b: Basculegion
|-damage|p1a: Magmortar|83/100
|-damage|p1b: Basculegion|39/100
|-unboost|p1a: Magmortar|spe|1
|-unboost|p1b: Basculegion|spe|1
|move|p1a: Magmortar|Scorching Sands|p2b: Ninetales
|-damage|p2b: Ninetales|72/100
|-status|p2b: Ninetales|brn
|
|-weather|RainDance|[upkeep]
|-damage|p2b: Ninetales|66/100 brn|[from] brn
|upkeep
|turn|7
|
|t:|1756522863
|move|p2b: Ninetales|Protect|p2b: Ninetales
|-singleturn|p2b: Ninetales|Protect
|move|p1a: Magmortar|Follow Me|p1a: Magmortar
|-singleturn|p1a: Magmortar|move: Follow Me
|move|p1b: Basculegion|Wave Crash|p2b: Ninetales
|-activate|p2b: Ninetales|move: Protect
|
|-weather|none
|-damage|p2b: Ninetales|60/100 brn|[from] brn
|upkeep
|turn|8
|
|t:|1756522875
|move|p1a: Magmortar|Follow Me|p1a: Magmortar
|-singleturn|p1a: Magmortar|move: Follow Me
|move|p2b: Ninetales|Encore|p1a: Magmortar
|-start|p1a: Magmortar|Encore
|move|p1b: Basculegion|Wave Crash|p2b: Ninetales
|-damage|p2b: Ninetales|0 fnt
|faint|p2b: Ninetales
|-damage|p1b: Basculegion|24/100|[from] Recoil
|
|win|ZaxbysSauce
||heatvw is ready for game 2.
|inactive|ZaxbysSauce has 30 seconds to confirm battle start!
||ZaxbysSauce is ready for game 2.
|uhtml|next|Next: Game 2 of 3
|l|☆ZaxbysSauce
|player|p1|
