|j|☆jakattack626
|j|☆iLouca
|html|jakattack626iLouca    
|uhtml|bestof|Game 2 of a best-of-3
|t:|1756388303
|gametype|doubles
|player|p1|jakattack626|blaine|1048
|player|p2|iLouca|acetrainer|1091
|gen|9
|tier|[Gen 9] VGC 2025 Reg H (Bo3)
|rated|
|rule|Species Clause: Limit one of each Pokémon
|rule|Item Clause: Limit 1 of each item
|clearpoke
|poke|p1|Annihilape, L50, M|
|poke|p1|Ninetales-Alola, L50, M|
|poke|p1|Garchomp, L50, F|
|poke|p1|Dragonite, L50, M|
|poke|p1|Sneasler, L50, M|
|poke|p1|Incineroar, L50, F|
|poke|p2|Charizard, L50, M|
|poke|p2|Dragapult, L50, M|
|poke|p2|Ursaluna, L50, M|
|poke|p2|Incineroar, L50, M|
|poke|p2|Whimsicott, L50, F|
|poke|p2|Torkoal, L50, M|
|teampreview|4
|showteam|p1|Annihilape||AssaultVest|Defiant|RageFist,DrainPunch,RockTomb,FinalGambit|||M|||50|,,,,,Fire]Ninetales-Alola||ChoiceSpecs|SnowWarning|Blizzard,Moonblast,FreezeDry,IcyWind|||M|||50|,,,,,Ghost]Garchomp||LifeOrb|RoughSkin|Earthquake,StompingTantrum,DragonClaw,Protect|||F|||50|,,,,,Steel]Dragonite||LoadedDice|Multiscale|ScaleShot,Tailwind,Protect,Haze|||M|||50|,,,,,Fairy]Sneasler||FocusSash|Unburden|CloseCombat,DireClaw,FakeOut,Coaching|||M|||50|,,,,,Ghost]Incineroar||SafetyGoggles|Intimidate|KnockOff,Taunt,FakeOut,PartingShot|||F|||50|,,,,,Fairy
|showteam|p2|Charizard||ChoiceSpecs|SolarPower|HeatWave,Overheat,AirSlash,SolarBeam|||M|||50|,,,,,Ghost]Dragapult||ChoiceBand|ClearBody|DragonDarts,PhantomForce,SuckerPunch,Uturn|||M|||50|,,,,,Dragon]Ursaluna||FlameOrb|Guts|Facade,HeadlongRush,Earthquake,Protect|||M|||50|,,,,,Ghost]Incineroar||AssaultVest|Intimidate|FlareBlitz,KnockOff,FakeOut,Uturn|||M|||50|,,,,,Bug]Whimsicott||FocusSash|Prankster|Endeavor,SunnyDay,Tailwind,TrickRoom|||F|||50|,,,,,Ghost]Torkoal||EjectPack|Drought|Eruption,Overheat,HelpingHand,Protect|||M|||50|,,,,,Fire
|inactive|Battle timer is ON: inactive players will automatically lose when time's up. (requested by jakattack626)
|inactive|jakattack626 has 60 seconds left.
|inactive|jakattack626 has 30 seconds left.
|inactive|jakattack626 has 20 seconds left.
|inactive|jakattack626 has 15 seconds left.
|
|t:|1756388433
|teamsize|p1|4
|teamsize|p2|4
|start
|switch|p1a: Sneasler|Sneasler, L50, M, shiny|100/100
|switch|p1b: Ninetales|Ninetales-Alola, L50, M, shiny|100/100
|switch|p2a: Dragapult|Dragapult, L50, M, shiny|100/100
|switch|p2b: Whimsicott|Whimsicott, L50, F|100/100
|-weather|Snowscape|[from] ability: Snow Warning|[of] p1b: Ninetales
|turn|1
|inactive|jakattack626 has 30 seconds left.
|inactive|iLouca has 30 seconds left.
|inactive|jakattack626 has 20 seconds left.
|
|t:|1756388473
|-terastallize|p2b: Whimsicott|Ghost
|move|p1a: Sneasler|Fake Out|p2b: Whimsicott
|-immune|p2b: Whimsicott
|move|p2a: Dragapult|Dragon Darts|p1a: Sneasler
|-damage|p1a: Sneasler|42/100
|-anim|p2a: Dragapult|Dragon Darts|p1a: Sneasler
|-damage|p1a: Sneasler|0 fnt
|faint|p1a: Sneasler
|move|p1b: Ninetales|Blizzard|p2b: Whimsicott|[spread] p2a,p2b
|-supereffective|p2a: Dragapult
|-damage|p2a: Dragapult|0 fnt
|-damage|p2b: Whimsicott|41/100
|faint|p2a: Dragapult
|move|p2b: Whimsicott|Trick Room|p2b: Whimsicott
|-fieldstart|move: Trick Room|[of] p2b: Whimsicott
|
|-weather|Snowscape|[upkeep]
|upkeep
|inactive|jakattack626 has 30 seconds left.
|
|t:|1756388500
|switch|p1a: Dragonite|Dragonite, L50, M, shiny|100/100
|switch|p2a: Torkoal|Torkoal, L50, M|100/100
|-weather|SunnyDay|[from] ability: Drought|[of] p2a: Torkoal
|turn|2
|inactive|iLouca has 30 seconds left.
|
|t:|1756388529
|switch|p1b: Garchomp|Garchomp, L50, F|100/100
|switch|p2b: Ursaluna|Ursaluna, L50, M|100/100
|move|p2a: Torkoal|Eruption|p1a: Dragonite|[spread] p1a,p1b
|-resisted|p1a: Dragonite
|-resisted|p1b: Garchomp
|-damage|p1a: Dragonite|80/100
|-damage|p1b: Garchomp|65/100
|move|p1a: Dragonite|Scale Shot|p2a: Torkoal|[miss]
|-miss|p1a: Dragonite|p2a: Torkoal
|
|-weather|SunnyDay|[upkeep]
|-status|p2b: Ursaluna|brn|[from] item: Flame Orb
|upkeep
|turn|3
|inactive|jakattack626 has 30 seconds left.
|inactive|iLouca has 30 seconds left.
|inactive|iLouca has 20 seconds left.
|inactive|iLouca has 15 seconds left.
|inactive|iLouca has 10 seconds left.
|inactive|iLouca has 5 seconds left.
|
|t:|1756388581
|move|p1b: Garchomp|Protect|p1b: Garchomp
|-singleturn|p1b: Garchomp|Protect
|move|p2a: Torkoal|Eruption|p1a: Dragonite|[spread] p1a
|-activate|p1b: Garchomp|move: Protect
|-resisted|p1a: Dragonite
|-damage|p1a: Dragonite|41/100
|move|p2b: Ursaluna|Facade|p1b: Garchomp
|-activate|p1b: Garchomp|move: Protect
|move|p1a: Dragonite|Scale Shot|p2a: Torkoal
|-damage|p2a: Torkoal|88/100
|-damage|p2a: Torkoal|76/100
|-damage|p2a: Torkoal|64/100
|-damage|p2a: Torkoal|52/100
|-damage|p2a: Torkoal|41/100
|-hitcount|p2a: Torkoal|5
|-unboost|p1a: Dragonite|def|1
|-boost|p1a: Dragonite|spe|1
|
|-weather|SunnyDay|[upkeep]
|-damage|p2b: Ursaluna|95/100 brn|[from] brn
|upkeep
|turn|4
|inactive|jakattack626 has 30 seconds left.
|inactive|iLouca has 30 seconds left.
|inactive|jakattack626 has 20 seconds left.
|
|t:|1756388619
|move|p1a: Dragonite|Protect|p1a: Dragonite
|-singleturn|p1a: Dragonite|Protect
|move|p2a: Torkoal|Overheat|p1a: Dragonite
|-activate|p1a: Dragonite|move: Protect
|move|p2b: Ursaluna|Facade|p1b: Garchomp
|-crit|p1b: Garchomp
|-damage|p1b: Garchomp|0 fnt
|-damage|p2b: Ursaluna|82/100 brn|[from] ability: Rough Skin|[of] p1b: Garchomp
|faint|p1b: Garchomp
|
|-weather|SunnyDay|[upkeep]
|-damage|p2b: Ursaluna|76/100 brn|[from] brn
|upkeep
|
|t:|1756388626
|switch|p1b: Ninetales|Ninetales-Alola, L50, M, shiny|100/100
|-weather|Snowscape|[from] ability: Snow Warning|[of] p1b: Ninetales
|turn|5
|
|t:|1756388649
|-terastallize|p1b: Ninetales|Ghost
|move|p1a: Dragonite|Protect||[still]
|-fail|p1a: Dragonite
|move|p2a: Torkoal|Overheat|p1b: Ninetales
|-damage|p1b: Ninetales|31/100
|-unboost|p2a: Torkoal|spa|2
|-enditem|p2a: Torkoal|Eject Pack
|
|t:|1756388667
|switch|p2a: Whimsicott|Whimsicott, L50, F, tera:Ghost|41/100
|move|p2b: Ursaluna|Facade|p1a: Dragonite
|-damage|p1a: Dragonite|0 fnt
|faint|p1a: Dragonite
|move|p1b: Ninetales|Blizzard|p2a: Whimsicott|[spread] p2a,p2b
|-supereffective|p2b: Ursaluna
|-damage|p2a: Whimsicott|0 fnt
|-damage|p2b: Ursaluna|0 fnt
|faint|p2a: Whimsicott
|faint|p2b: Ursaluna
|
|-weather|Snowscape|[upkeep]
|-fieldend|move: Trick Room
|upkeep
|
|t:|1756388690
|switch|p2b: Torkoal|Torkoal, L50, M|41/100
|-weather|SunnyDay|[from] ability: Drought|[of] p2b: Torkoal
|turn|6
|
|t:|1756388696
|move|p1b: Ninetales|Blizzard|p2b: Torkoal
|-resisted|p2b: Torkoal
|-damage|p2b: Torkoal|0 fnt
|faint|p2b: Torkoal
|
|win|jakattack626
|raw|jakattack626's rating: 1048 → 1085(+37 for winning)
|raw|iLouca's rating: 1091 → 1064(-27 for losing)
|l|☆iLouca
|player|p2|
