|j|☆ncsha
|j|☆Gunkly
|html|ncshaGunkly    
|uhtml|bestof|Game 1 of a best-of-3
|t:|1784480626
|gametype|doubles
|player|p1|ncsha|wallace|
|player|p2|Gunkly|265|
|gen|9
|tier|[Gen 9 Champions] VGC 2026 Reg M-B (Bo3)
|rule|Species Clause: Limit one of each Pokémon
|rule|Item Clause: Limit 1 of each item
|clearpoke
|poke|p1|Charizard, L50, F|
|poke|p1|Vileplume, L50, F|
|poke|p1|Empoleon, L50, F|
|poke|p1|Rotom-Heat, L50|
|poke|p1|Excadrill, L50, M|
|poke|p1|Meowstic-F, L50, F|
|poke|p2|Starmie, L50|
|poke|p2|Grimmsnarl, L50, M|
|poke|p2|Golurk, L50|
|poke|p2|Drampa, L50, F|
|poke|p2|Zoroark-Hisui, L50, M|
|poke|p2|Sinistcha, L50|
|teampreview|4
|showteam|p1|Charizard||CharizarditeY|Blaze|HeatWave,SolarBeam,Protect,RockSlide|Hasty||F|||50|]Vileplume||FocusSash|Chlorophyll|StunSpore,SleepPowder,GigaDrain,Protect|Timid||F|||50|]Empoleon||ExpertBelt|Competitive|IceBeam,HydroPump,FlashCannon,ThroatChop|Sassy||F|||50|]Rotom-Heat||SitrusBerry|Levitate|DarkPulse,Thunderbolt,Overheat,VoltSwitch|Timid|||||50|]Excadrill||LifeOrb|MoldBreaker|Earthquake,EarthPower,RockSlide,Protect|Hasty||M|||50|]Meowstic-F||ChoiceScarf|Competitive|DarkPulse,Psychic,ShadowBall,AlluringVoice|Timid||F|||50|
|showteam|p2|Starmie||ExpertBelt|NaturalCure|Psychic,Thunderbolt,TrickRoom,RainDance|Calm|||||50|]Grimmsnarl||LightClay|Prankster|LightScreen,FakeOut,PartingShot,Crunch|Sassy||M|||50|]Golurk||Golurkite|IronFist|Protect,Poltergeist,RockSlide,Earthquake|Sassy|||||50|]Drampa||Drampanite|CloudNine|Protect,DragonPulse,Thunderbolt,HyperVoice|Quiet||F|||50|]Zoroark-Hisui||FocusSash|Illusion|Comeuppance,RainDance,HyperVoice,ShadowBall|Mild||M|||50|]Sinistcha||SitrusBerry|Hospitality|LifeDew,ShadowBall,TrickRoom,RagePowder|Calm|||||50|
|j| giby0520
|inactive|Battle timer is ON: inactive players will automatically lose when time's up. (requested by Gunkly)
|inactive|ncsha has 60 seconds left.
|
|t:|1784480764
|teamsize|p1|4
|teamsize|p2|4
|start
|switch|p1a: Charizard|Charizard, L50, F|100/100
|switch|p1b: Empoleon|Empoleon, L50, F|100/100
|switch|p2a: Starmie|Starmie, L50|100/100
|switch|p2b: Grimmsnarl|Grimmsnarl, L50, M|100/100
|turn|1
|inactive|ncsha has 30 seconds left.
|
|t:|1784480796
|detailschange|p1a: Charizard|Charizard-Mega-Y, L50, F
|-mega|p1a: Charizard|Charizard|Charizardite Y
|-weather|SunnyDay|[from] ability: Drought|[of] p1a: Charizard
|move|p2b: Grimmsnarl|Fake Out|p1a: Charizard
|-damage|p1a: Charizard|83/100
|cant|p1a: Charizard|flinch
|move|p1b: Empoleon|Flash Cannon|p2b: Grimmsnarl
|-supereffective|p2b: Grimmsnarl|1
|-damage|p2b: Grimmsnarl|43/100
|move|p2a: Starmie|Trick Room|p2a: Starmie
|-fieldstart|move: Trick Room|[of] p2a: Starmie
|
|-weather|SunnyDay|[upkeep]
|upkeep
|turn|2
|
|t:|1784480819
|move|p1a: Charizard|Protect|p1a: Charizard
|-singleturn|p1a: Charizard|Protect
|move|p2b: Grimmsnarl|Light Screen|p2b: Grimmsnarl
|-sidestart|p2: Gunkly|move: Light Screen
|move|p1b: Empoleon|Flash Cannon|p2b: Grimmsnarl
|-supereffective|p2b: Grimmsnarl|1
|-damage|p2b: Grimmsnarl|4/100
|move|p2a: Starmie|Rain Dance|p2a: Starmie
|-weather|RainDance
|
|-weather|RainDance|[upkeep]
|upkeep
|turn|3
|j| PinguNootxNoot
|
|t:|1784480838
|switch|p1a: Rotom|Rotom-Heat, L50|100/100
|move|p2b: Grimmsnarl|Parting Shot|p1b: Empoleon
|-unboost|p1b: Empoleon|atk|1
|-ability|p1b: Empoleon|Competitive|boost
|-boost|p1b: Empoleon|spa|2
|-unboost|p1b: Empoleon|spa|1
|-ability|p1b: Empoleon|Competitive|boost
|-boost|p1b: Empoleon|spa|2
|
|t:|1784480849
|switch|p2b: Golurk|Golurk, L50|100/100|[from] Parting Shot
|move|p1b: Empoleon|Flash Cannon|p2b: Golurk
|-damage|p2b: Golurk|54/100
|move|p2a: Starmie|Thunderbolt|p1a: Rotom
|-resisted|p1a: Rotom|1
|-damage|p1a: Rotom|86/100
|
|-weather|RainDance|[upkeep]
|upkeep
|turn|4
|inactive|ncsha has 30 seconds left.
|
|t:|1784480879
|detailschange|p2b: Golurk|Golurk-Mega, L50
|-mega|p2b: Golurk|Golurk|Golurkite
|move|p2b: Golurk|Protect|p2b: Golurk
|-singleturn|p2b: Golurk|Protect
|move|p1b: Empoleon|Hydro Pump|p2b: Golurk
|-activate|p2b: Golurk|move: Protect
|move|p2a: Starmie|Thunderbolt|p1b: Empoleon
|-supereffective|p1b: Empoleon|1
|-damage|p1b: Empoleon|63/100
|move|p1a: Rotom|Dark Pulse|p2a: Starmie
|-supereffective|p2a: Starmie|1
|-damage|p2a: Starmie|68/100
|
|-weather|RainDance|[upkeep]
|upkeep
|turn|5
|c| PinguNootxNoot|bruhhhhhh parting shot on emp is crazy
|inactive|ncsha has 30 seconds left.
|inactive|ncsha has 20 seconds left.
|inactive|ncsha has 15 seconds left.
|inactive|Gunkly has 30 seconds left.
|inactive|ncsha has 10 seconds left.
|inactive|ncsha has 5 seconds left.
|inactive|Gunkly has 20 seconds left.
|
|t:|1784480932
|switch|p2a: Sinistcha|Sinistcha, L50|100/100
|-heal|p2b: Golurk|79/100|[from] ability: Hospitality|[of] p2a: Sinistcha
|move|p1b: Empoleon|Hydro Pump|p2b: Golurk
|-supereffective|p2b: Golurk|1
|-damage|p2b: Golurk|0 fnt
|faint|p2b: Golurk
|move|p1a: Rotom|Volt Switch|p2a: Sinistcha
|-resisted|p2a: Sinistcha|1
|-damage|p2a: Sinistcha|90/100
|
|t:|1784480943
|switch|p1a: Charizard|Charizard-Mega-Y, L50, F|83/100|[from] Volt Switch
|-weather|SunnyDay|[from] ability: Drought|[of] p1a: Charizard
|
|-weather|SunnyDay|[upkeep]
|-fieldend|move: Trick Room
|upkeep
|
|t:|1784480950
|switch|p2b: Starmie|Starmie, L50|68/100
|turn|6
|inactive|Gunkly has 30 seconds left.
|
|t:|1784480982
|move|p1a: Charizard|Solar Beam||[still]
|-prepare|p1a: Charizard|Solar Beam
|-anim|p1a: Charizard|Solar Beam|p2b: Starmie
|-supereffective|p2b: Starmie|1
|-damage|p2b: Starmie|10/100
|move|p2b: Starmie|Thunderbolt|p1a: Charizard
|-supereffective|p1a: Charizard|1
|-damage|p1a: Charizard|30/100
|move|p1b: Empoleon|Throat Chop|p2a: Sinistcha
|-supereffective|p2a: Sinistcha|1
|-damage|p2a: Sinistcha|63/100
|-start|p2a: Sinistcha|Throat Chop|[silent]
|move|p2a: Sinistcha|Trick Room|p2a: Sinistcha
|-fieldstart|move: Trick Room|[of] p2a: Sinistcha
|
|-weather|SunnyDay|[upkeep]
|upkeep
|turn|7
|inactive|ncsha has 30 seconds left.
|
|t:|1784481010
|move|p1a: Charizard|Protect|p1a: Charizard
|-singleturn|p1a: Charizard|Protect
|move|p2a: Sinistcha|Rage Powder|p2a: Sinistcha
|-singleturn|p2a: Sinistcha|move: Rage Powder
|move|p1b: Empoleon|Throat Chop|p2a: Sinistcha
|-supereffective|p2a: Sinistcha|1
|-damage|p2a: Sinistcha|39/100
|-enditem|p2a: Sinistcha|Sitrus Berry|[eat]
|-heal|p2a: Sinistcha|64/100|[from] item: Sitrus Berry
|move|p2b: Starmie|Thunderbolt|p1a: Charizard
|-activate|p1a: Charizard|move: Protect
|
|-weather|SunnyDay|[upkeep]
|-end|p2a: Sinistcha|Throat Chop|[silent]
|upkeep
|turn|8
|
|t:|1784481028
|switch|p1a: Rotom|Rotom-Heat, L50|86/100
|move|p1b: Empoleon|Throat Chop|p2a: Sinistcha
|-supereffective|p2a: Sinistcha|1
|-damage|p2a: Sinistcha|38/100
|-start|p2a: Sinistcha|Throat Chop|[silent]
|move|p2a: Sinistcha|Life Dew|p2a: Sinistcha|[spread] p2a,p2b
|-heal|p2a: Sinistcha|63/100
|-heal|p2b: Starmie|35/100
|move|p2b: Starmie|Thunderbolt|p1a: Rotom
|-resisted|p1a: Rotom|1
|-damage|p1a: Rotom|74/100
|
|-weather|SunnyDay|[upkeep]
|upkeep
|turn|9
|inactive|Gunkly has 30 seconds left.
|
|t:|1784481061
|move|p2a: Sinistcha|Rage Powder|p2a: Sinistcha
|-singleturn|p2a: Sinistcha|move: Rage Powder
|move|p1b: Empoleon|Throat Chop|p2a: Sinistcha
|-supereffective|p2a: Sinistcha|1
|-damage|p2a: Sinistcha|36/100
|move|p2b: Starmie|Thunderbolt|p1b: Empoleon
|-supereffective|p1b: Empoleon|1
|-damage|p1b: Empoleon|29/100
|move|p1a: Rotom|Dark Pulse|p2a: Sinistcha
|-supereffective|p2a: Sinistcha|1
|-damage|p2a: Sinistcha|6/100
|
|-weather|none
|-end|p2a: Sinistcha|Throat Chop|[silent]
|-sideend|p2: Gunkly|move: Light Screen
|upkeep
|turn|10
|inactive|Gunkly has 30 seconds left.
|
|t:|1784481092
|switch|p1b: Excadrill|Excadrill, L50, M|100/100
|-ability|p1b: Excadrill|Mold Breaker
|move|p2a: Sinistcha|Life Dew|p2a: Sinistcha|[spread] p2a,p2b
|-heal|p2a: Sinistcha|32/100
|-heal|p2b: Starmie|61/100
|move|p2b: Starmie|Thunderbolt|p1b: Excadrill
|-immune|p1b: Excadrill
|move|p1a: Rotom|Dark Pulse|p2a: Sinistcha
|-supereffective|p2a: Sinistcha|1
|-damage|p2a: Sinistcha|0 fnt
|faint|p2a: Sinistcha
|
|-fieldend|move: Trick Room
|upkeep
|
|t:|1784481105
|switch|p2a: Grimmsnarl|Grimmsnarl, L50, M|4/100
|turn|11
|inactive|ncsha has 30 seconds left.
|
|t:|1784481135
|move|p2a: Grimmsnarl|Fake Out|p1a: Rotom
|-damage|p1a: Rotom|59/100
|move|p1b: Excadrill|Rock Slide|p2b: Starmie|[spread] p2a,p2b
|-damage|p2a: Grimmsnarl|0 fnt
|-damage|p2b: Starmie|28/100
|faint|p2a: Grimmsnarl
|-damage|p1b: Excadrill|90/100|[from] item: Life Orb
|cant|p1a: Rotom|flinch
|move|p2b: Starmie|Psychic|p1b: Excadrill
|-resisted|p1b: Excadrill|1
|-damage|p1b: Excadrill|67/100
|-unboost|p1b: Excadrill|spd|1
|
|upkeep
|turn|12
|
|t:|1784481150
|move|p1b: Excadrill|Rock Slide|p2b: Starmie
|-damage|p2b: Starmie|0 fnt
|faint|p2b: Starmie
|-damage|p1b: Excadrill|57/100|[from] item: Life Orb
|
|win|ncsha
||ncsha is ready for game 2.
|inactive|Gunkly has 30 seconds to confirm battle start!
||Gunkly is ready for game 2.
|uhtml|next|Next: Game 2 of 3
|l| PinguNootxNoot
|j| PinguNootxNoot
|l|☆Gunkly
|player|p2|
