|j|☆PTP_VGC
|j|☆furretusedpunch
|html|PTP_VGCfurretusedpunch    
|uhtml|bestof|Game 1 of a best-of-3
|t:|1756615182
|gametype|doubles
|player|p1|PTP_VGC|birdkeeper|1328
|player|p2|furretusedpunch|lacey|1262
|gen|9
|tier|[Gen 9] VGC 2025 Reg H (Bo3)
|rated|
|rule|Species Clause: Limit one of each Pokémon
|rule|Item Clause: Limit 1 of each item
|clearpoke
|poke|p1|Arcanine-Hisui, L50, F|
|poke|p1|Weezing, L50, M|
|poke|p1|Porygon2, L50|
|poke|p1|Weavile, L50, M|
|poke|p1|Pawmot, L50, F|
|poke|p1|Toedscruel, L50, M|
|poke|p2|Gholdengo, L50|
|poke|p2|Sneasler, L50, M|
|poke|p2|Rillaboom, L50, F|
|poke|p2|Dragonite, L50, M|
|poke|p2|Ninetales-Alola, L50, F|
|poke|p2|Arcanine-Hisui, L50, F|
|teampreview|4
|showteam|p1|Arcanine-Hisui||AbilityShield|Intimidate|FlareBlitz,RockSlide,ExtremeSpeed,Protect|||F|||50|,,,,,Ghost]Weezing||SitrusBerry|NeutralizingGas|SludgeBomb,WillOWisp,Taunt,Protect|||M|||50|,,,,,Grass]Porygon2||Eviolite|Download|TeraBlast,IceBeam,Recover,TrickRoom||||||50|,,,,,Water]Weavile||WideLens|Pressure|KnockOff,TripleAxel,FakeOut,Protect|||M|||50|,,,,,Stellar]Pawmot||FocusSash|NaturalCure|DoubleShock,CloseCombat,RevivalBlessing,Protect|||F|||50|,,,,,Stellar]Toedscruel||LifeOrb|MyceliumMight|EarthPower,EnergyBall,Spore,RagePowder|||M|||50|,,,,,Water
|showteam|p2|Gholdengo||GrassySeed|GoodasGold|NastyPlot,MakeItRain,ShadowBall,Protect||||||50|,,,,,Water]Sneasler||WhiteHerb|Unburden|CloseCombat,DireClaw,Coaching,Protect|||M|||50|,,,,,Ghost]Rillaboom||AssaultVest|GrassySurge|FakeOut,GrassyGlide,DrumBeating,HighHorsepower|||F|||50|,,,,,Fire]Dragonite||LoadedDice|Multiscale|ScaleShot,StompingTantrum,Tailwind,Protect|||M|||50|,,,,,Ground]Ninetales-Alola||FocusSash|SnowWarning|IcyWind,Moonblast,FreezeDry,AuroraVeil|||F|||50|,,,,,Ghost]Arcanine-Hisui||SafetyGoggles|Intimidate|RockSlide,FlareBlitz,Snarl,Protect|||F|||50|,,,,,Water
|inactive|Battle timer is ON: inactive players will automatically lose when time's up. (requested by PTP_VGC)
|inactive|PTP_VGC has 60 seconds left.
|inactive|furretusedpunch has 60 seconds left.
|
|t:|1756615242
|teamsize|p1|4
|teamsize|p2|4
|start
|switch|p1a: Vulfmon|Arcanine-Hisui, L50, F|100/100
|switch|p1b: Funky Duck|Porygon2, L50|100/100
|switch|p2a: Ninetales|Ninetales-Alola, L50, F|100/100
|switch|p2b: Gholdengo|Gholdengo, L50|100/100
|-weather|Snowscape|[from] ability: Snow Warning|[of] p2a: Ninetales
|-ability|p1a: Vulfmon|Intimidate|boost
|-unboost|p2a: Ninetales|atk|1
|-unboost|p2b: Gholdengo|atk|1
|-ability|p1b: Funky Duck|Download|boost
|-boost|p1b: Funky Duck|atk|1
|turn|1
|inactive|PTP_VGC has 30 seconds left.
|inactive|furretusedpunch has 30 seconds left.
|inactive|PTP_VGC has 20 seconds left.
|
|t:|1756615277
|-terastallize|p2b: Gholdengo|Water
|move|p2a: Ninetales|Aurora Veil|p2a: Ninetales
|-sidestart|p2: furretusedpunch|move: Aurora Veil
|move|p1a: Vulfmon|Rock Slide|p2b: Gholdengo|[spread] p2a,p2b
|-supereffective|p2a: Ninetales
|-damage|p2a: Ninetales|68/100
|-damage|p2b: Gholdengo|83/100
|move|p2b: Gholdengo|Nasty Plot|p2b: Gholdengo
|-boost|p2b: Gholdengo|spa|2
|move|p1b: Funky Duck|Trick Room|p1b: Funky Duck
|-fieldstart|move: Trick Room|[of] p1b: Funky Duck
|
|-weather|Snowscape|[upkeep]
|upkeep
|turn|2
|inactive|furretusedpunch has 30 seconds left.
|inactive|furretusedpunch has 20 seconds left.
|inactive|furretusedpunch has 15 seconds left.
|
|t:|1756615321
|switch|p2a: Rillaboom|Rillaboom, L50, F|100/100
|-fieldstart|move: Grassy Terrain|[from] ability: Grassy Surge|[of] p2a: Rillaboom
|-enditem|p2b: Gholdengo|Grassy Seed
|-boost|p2b: Gholdengo|def|1|[from] item: Grassy Seed
|move|p1a: Vulfmon|Protect|p1a: Vulfmon
|-singleturn|p1a: Vulfmon|Protect
|move|p1b: Funky Duck|Tera Blast|p2b: Gholdengo
|-damage|p2b: Gholdengo|57/100
|move|p2b: Gholdengo|Make It Rain|p1a: Vulfmon|[spread] p1b
|-activate|p1a: Vulfmon|move: Protect
|-damage|p1b: Funky Duck|42/100
|-unboost|p2b: Gholdengo|spa|1
|
|-weather|Snowscape|[upkeep]
|-heal|p1b: Funky Duck|48/100|[from] Grassy Terrain
|-heal|p2b: Gholdengo|64/100|[from] Grassy Terrain
|upkeep
|turn|3
|inactive|furretusedpunch has 30 seconds left.
|
|t:|1756615350
|move|p1b: Funky Duck|Recover|p1b: Funky Duck
|-heal|p1b: Funky Duck|98/100
|move|p2b: Gholdengo|Nasty Plot|p2b: Gholdengo
|-boost|p2b: Gholdengo|spa|2
|move|p1a: Vulfmon|Flare Blitz|p2a: Rillaboom
|-supereffective|p2a: Rillaboom
|-damage|p2a: Rillaboom|24/100
|-damage|p1a: Vulfmon|77/100|[from] Recoil
|move|p2a: Rillaboom|High Horsepower|p1a: Vulfmon
|-supereffective|p1a: Vulfmon
|-crit|p1a: Vulfmon
|-damage|p1a: Vulfmon|0 fnt
|faint|p1a: Vulfmon
|
|-weather|Snowscape|[upkeep]
|-heal|p1b: Funky Duck|100/100|[from] Grassy Terrain
|-heal|p2b: Gholdengo|70/100|[from] Grassy Terrain
|-heal|p2a: Rillaboom|30/100|[from] Grassy Terrain
|upkeep
|
|t:|1756615361
|switch|p1a: Speedwalker|Weavile, L50, M|100/100
|-ability|p1a: Speedwalker|Pressure
|turn|4
|
|t:|1756615383
|switch|p2a: Ninetales|Ninetales-Alola, L50, F|68/100
|move|p1a: Speedwalker|Fake Out|p2b: Gholdengo
|-damage|p2b: Gholdengo|64/100
|move|p1b: Funky Duck|Ice Beam|p2a: Ninetales
|-resisted|p2a: Ninetales
|-damage|p2a: Ninetales|58/100
|cant|p2b: Gholdengo|flinch
|
|-weather|Snowscape|[upkeep]
|-heal|p2b: Gholdengo|70/100|[from] Grassy Terrain
|-heal|p2a: Ninetales|64/100|[from] Grassy Terrain
|upkeep
|turn|5
|
|t:|1756615397
|move|p1a: Speedwalker|Protect|p1a: Speedwalker
|-singleturn|p1a: Speedwalker|Protect
|move|p1b: Funky Duck|Tera Blast|p2b: Gholdengo
|-damage|p2b: Gholdengo|46/100
|move|p2b: Gholdengo|Make It Rain|p1a: Speedwalker|[spread] p1b
|-activate|p1a: Speedwalker|move: Protect
|-damage|p1b: Funky Duck|33/100
|-unboost|p2b: Gholdengo|spa|1
|move|p2a: Ninetales|Moonblast|p1b: Funky Duck
|-damage|p1b: Funky Duck|10/100
|-unboost|p1b: Funky Duck|spa|1
|
|-weather|none
|-heal|p1b: Funky Duck|17/100|[from] Grassy Terrain
|-heal|p2b: Gholdengo|53/100|[from] Grassy Terrain
|-heal|p2a: Ninetales|70/100|[from] Grassy Terrain
|-sideend|p2: furretusedpunch|move: Aurora Veil
|-fieldend|move: Trick Room
|upkeep
|turn|6
|
|t:|1756615418
|move|p1a: Speedwalker|Triple Axel|p2a: Ninetales
|-resisted|p2a: Ninetales
|-damage|p2a: Ninetales|64/100
|-resisted|p2a: Ninetales
|-damage|p2a: Ninetales|49/100
|-resisted|p2a: Ninetales
|-damage|p2a: Ninetales|27/100
|-hitcount|p2a: Ninetales|3
|move|p2a: Ninetales|Moonblast|p1a: Speedwalker
|-supereffective|p1a: Speedwalker
|-damage|p1a: Speedwalker|0 fnt
|faint|p1a: Speedwalker
|move|p2b: Gholdengo|Make It Rain|p1b: Funky Duck
|-damage|p1b: Funky Duck|0 fnt
|-unboost|p2b: Gholdengo|spa|1
|faint|p1b: Funky Duck
|
|-heal|p2a: Ninetales|33/100|[from] Grassy Terrain
|-heal|p2b: Gholdengo|59/100|[from] Grassy Terrain
|-fieldend|move: Grassy Terrain
|upkeep
|
|t:|1756615422
|switch|p1b: Back Pocket|Pawmot, L50, F|100/100
|turn|7
|
|t:|1756615438
|move|p2a: Ninetales|Moonblast|p1b: Back Pocket
|-supereffective|p1b: Back Pocket
|-enditem|p1b: Back Pocket|Focus Sash
|-damage|p1b: Back Pocket|1/100
|move|p1b: Back Pocket|Revival Blessing|p1b: Back Pocket
|
|t:|1756615441
|-heal|p1: Speedwalker|50/100|[from] move: Revival Blessing
|switch|p1a: Speedwalker|Weavile, L50, M|50/100
|-ability|p1a: Speedwalker|Pressure
|move|p2b: Gholdengo|Shadow Ball|p1b: Back Pocket
|-damage|p1b: Back Pocket|0 fnt
|faint|p1b: Back Pocket
|
|upkeep
|turn|8
|-message|PTP_VGC forfeited.
|
|win|furretusedpunch
