|j|☆ilikemurkrow
|j|☆standardamerican
|html|ilikemurkrowstandardamerican    
|uhtml|bestof|Game 2 of a best-of-3
|t:|1784887798
|gametype|doubles
|player|p1|ilikemurkrow|unknown|1086
|player|p2|standardamerican|170|1297
|gen|9
|tier|[Gen 9 Champions] VGC 2026 Reg M-B (Bo3)
|rated|
|rule|Species Clause: Limit one of each Pokémon
|rule|Item Clause: Limit 1 of each item
|clearpoke
|poke|p1|Aerodactyl, L50, M|
|poke|p1|Gholdengo, L50|
|poke|p1|Whimsicott, L50, F|
|poke|p1|Staraptor, L50, F|
|poke|p1|Rotom-Wash, L50|
|poke|p1|Delphox, L50, M|
|poke|p2|Sinistcha, L50|
|poke|p2|Incineroar, L50, M|
|poke|p2|Milotic, L50, M|
|poke|p2|Raichu, L50, F|
|poke|p2|Gardevoir, L50, F|
|poke|p2|Ceruledge, L50, M|
|teampreview|4
|showteam|p1|Aerodactyl||HardStone|Pressure|RockSlide,DualWingbeat,Protect,Tailwind|Jolly||M|||50|]Gholdengo||MetalCoat|GoodasGold|MakeItRain,ShadowBall,NastyPlot,Protect|Timid|||||50|]Whimsicott||FocusSash|Prankster|Moonblast,Tailwind,Charm,Protect|Bold||F|||50|]Staraptor||Staraptite|Intimidate|BraveBird,CloseCombat,Roost,Protect|Adamant||F|||50|]Rotom-Wash||SitrusBerry|Levitate|Thunderbolt,VoltSwitch,HydroPump,WillOWisp|Timid|||||50|]Delphox||Delphoxite|Blaze|HeatWave,Psyshock,GrassKnot,Protect|Timid||M|||50|
|showteam|p2|Sinistcha||KasibBerry|Hospitality|MatchaGotcha,TrickRoom,RagePowder,Protect|Bold|||||50|]Incineroar||SitrusBerry|Intimidate|FlareBlitz,DarkestLariat,FakeOut,PartingShot|Careful||M|||50|]Milotic||Leftovers|Competitive|MuddyWater,Coil,Hypnosis,Protect|Calm||M|||50|]Raichu||RaichuniteY|LightningRod|ZapCannon,FocusBlast,FakeOut,Protect|Timid||F|||50|]Gardevoir||Gardevoirite|Trace|HyperVoice,Psyshock,TrickRoom,Protect|Modest||F|||50|]Ceruledge||ColburBerry|FlashFire|BitterBlade,ShadowSneak,BulkUp,Protect|Adamant||M|||50|
|
|t:|1784887829
|teamsize|p1|4
|teamsize|p2|4
|start
|switch|p1a: Aerodactyl|Aerodactyl, L50, M|100/100
|switch|p1b: Gholdengo|Gholdengo, L50|100/100
|switch|p2a: Incineroar|Incineroar, L50, M|100/100
|switch|p2b: Milotic|Milotic, L50, M|100/100
|-ability|p1a: Aerodactyl|Pressure
|-ability|p2a: Incineroar|Intimidate|boost
|-unboost|p1a: Aerodactyl|atk|1
|-unboost|p1b: Gholdengo|atk|1
|turn|1
|
|t:|1784887849
|switch|p1b: Rotom|Rotom-Wash, L50|100/100
|move|p1a: Aerodactyl|Tailwind|p1a: Aerodactyl
|-sidestart|p1: ilikemurkrow|move: Tailwind
|move|p2b: Milotic|Coil|p2b: Milotic
|-boost|p2b: Milotic|atk|1
|-boost|p2b: Milotic|def|1
|-boost|p2b: Milotic|accuracy|1
|move|p2a: Incineroar|Flare Blitz|p1b: Rotom
|-resisted|p1b: Rotom|1
|-damage|p1b: Rotom|71/100
|-damage|p2a: Incineroar|94/100|[from] Recoil
|
|upkeep
|turn|2
|
|t:|1784887882
|switch|p2a: Raichu|Raichu, L50, F|100/100
|move|p2b: Milotic|Protect|p2b: Milotic
|-singleturn|p2b: Milotic|Protect
|move|p1a: Aerodactyl|Rock Slide|p2b: Milotic|[spread] p2a
|-activate|p2b: Milotic|move: Protect
|-damage|p2a: Raichu|70/100
|move|p1b: Rotom|Thunderbolt|p2a: Raichu
|-activate|p2a: Raichu|ability: Lightning Rod
|-ability|p2a: Raichu|Lightning Rod|boost
|-boost|p2a: Raichu|spa|1
|
|upkeep
|turn|3
|
|t:|1784887911
|detailschange|p2a: Raichu|Raichu-Mega-Y, L50, F
|-mega|p2a: Raichu|Raichu|Raichunite Y
|move|p2a: Raichu|Fake Out|p1b: Rotom
|-damage|p1b: Rotom|59/100
|move|p1a: Aerodactyl|Rock Slide|p2a: Raichu|[spread] p2a,p2b
|-damage|p2a: Raichu|40/100
|-damage|p2b: Milotic|89/100
|cant|p1b: Rotom|flinch
|move|p2b: Milotic|Muddy Water|p1a: Aerodactyl|[spread] p1a,p1b
|-supereffective|p1a: Aerodactyl|1
|-resisted|p1b: Rotom|1
|-damage|p1a: Aerodactyl|31/100
|-damage|p1b: Rotom|44/100
|-enditem|p1b: Rotom|Sitrus Berry|[eat]
|-heal|p1b: Rotom|69/100|[from] item: Sitrus Berry
|
|-heal|p2b: Milotic|95/100|[from] item: Leftovers
|upkeep
|turn|4
|
|t:|1784887938
|move|p2a: Raichu|Protect|p2a: Raichu
|-singleturn|p2a: Raichu|Protect
|move|p1a: Aerodactyl|Rock Slide|p2a: Raichu|[spread] p2b
|-activate|p2a: Raichu|move: Protect
|-damage|p2b: Milotic|84/100
|move|p1b: Rotom|Hydro Pump|p2a: Raichu
|-activate|p2a: Raichu|move: Protect
|move|p2b: Milotic|Hypnosis|p1b: Rotom|[miss]
|-miss|p2b: Milotic|p1b: Rotom
|
|-heal|p2b: Milotic|90/100|[from] item: Leftovers
|-sideend|p1: ilikemurkrow|move: Tailwind
|upkeep
|turn|5
|
|t:|1784887963
|switch|p2a: Sinistcha|Sinistcha, L50|100/100
|-heal|p2b: Milotic|100/100|[from] ability: Hospitality|[of] p2a: Sinistcha
|move|p2b: Milotic|Protect|p2b: Milotic
|-singleturn|p2b: Milotic|Protect
|move|p1a: Aerodactyl|Tailwind|p1a: Aerodactyl
|-sidestart|p1: ilikemurkrow|move: Tailwind
|move|p1b: Rotom|Hydro Pump|p2a: Sinistcha
|-resisted|p2a: Sinistcha|1
|-crit|p2a: Sinistcha
|-damage|p2a: Sinistcha|65/100
|
|upkeep
|turn|6
|
|t:|1784887976
|move|p1a: Aerodactyl|Dual Wingbeat|p2a: Sinistcha
|-supereffective|p2a: Sinistcha|1
|-damage|p2a: Sinistcha|45/100
|-supereffective|p2a: Sinistcha|1
|-damage|p2a: Sinistcha|25/100
|-hitcount|p2a: Sinistcha|2
|move|p1b: Rotom|Volt Switch|p2b: Milotic
|-supereffective|p2b: Milotic|1
|-damage|p2b: Milotic|61/100
|
|t:|1784887987
|switch|p1b: Delphox|Delphox, L50, M|100/100|[from] Volt Switch
|move|p2b: Milotic|Coil|p2b: Milotic
|-boost|p2b: Milotic|atk|1
|-boost|p2b: Milotic|def|1
|-boost|p2b: Milotic|accuracy|1
|move|p2a: Sinistcha|Trick Room|p2a: Sinistcha
|-fieldstart|move: Trick Room|[of] p2a: Sinistcha
|
|-heal|p2b: Milotic|67/100|[from] item: Leftovers
|upkeep
|turn|7
|
|t:|1784888007
|switch|p2a: Incineroar|Incineroar, L50, M|94/100
|-ability|p2a: Incineroar|Intimidate|boost
|-unboost|p1a: Aerodactyl|atk|1
|-unboost|p1b: Delphox|atk|1
|move|p1b: Delphox|Protect|p1b: Delphox
|-singleturn|p1b: Delphox|Protect
|move|p1a: Aerodactyl|Protect|p1a: Aerodactyl
|-singleturn|p1a: Aerodactyl|Protect
|move|p2b: Milotic|Hypnosis|p1b: Delphox
|-activate|p1b: Delphox|move: Protect
|
|-heal|p2b: Milotic|73/100|[from] item: Leftovers
|upkeep
|turn|8
|
|t:|1784888028
|move|p1a: Aerodactyl|Protect||[still]
|-fail|p1a: Aerodactyl
|move|p2a: Incineroar|Darkest Lariat|p1b: Delphox
|-supereffective|p1b: Delphox|1
|-damage|p1b: Delphox|0 fnt
|faint|p1b: Delphox
|move|p2b: Milotic|Muddy Water|p1a: Aerodactyl
|-supereffective|p1a: Aerodactyl|1
|-damage|p1a: Aerodactyl|0 fnt
|faint|p1a: Aerodactyl
|
|-heal|p2b: Milotic|79/100|[from] item: Leftovers
|-sideend|p1: ilikemurkrow|move: Tailwind
|upkeep
|
|t:|1784888039
|switch|p1b: Rotom|Rotom-Wash, L50|69/100
|switch|p1a: Gholdengo|Gholdengo, L50|100/100
|turn|9
|
|t:|1784888051
|move|p1a: Gholdengo|Protect|p1a: Gholdengo
|-singleturn|p1a: Gholdengo|Protect
|move|p2a: Incineroar|Flare Blitz|p1a: Gholdengo
|-activate|p1a: Gholdengo|move: Protect
|move|p2b: Milotic|Hypnosis|p1b: Rotom
|-status|p1b: Rotom|slp|[from] move: Hypnosis
|cant|p1b: Rotom|slp
|
|-heal|p2b: Milotic|85/100|[from] item: Leftovers
|upkeep
|turn|10
|
|t:|1784888069
|move|p2a: Incineroar|Flare Blitz|p1a: Gholdengo
|-supereffective|p1a: Gholdengo|1
|-damage|p1a: Gholdengo|0 fnt
|faint|p1a: Gholdengo
|-damage|p2a: Incineroar|67/100|[from] Recoil
|move|p2b: Milotic|Muddy Water|p1b: Rotom
|-resisted|p1b: Rotom|1
|-damage|p1b: Rotom|46/100 slp
|cant|p1b: Rotom|slp
|
|-heal|p2b: Milotic|91/100|[from] item: Leftovers
|-fieldend|move: Trick Room
|upkeep
|turn|11
|
|t:|1784888105
|-curestatus|p1b: Rotom|slp|[msg]
|move|p1b: Rotom|Hydro Pump|p2a: Incineroar
|-supereffective|p2a: Incineroar|1
|-damage|p2a: Incineroar|0 fnt
|faint|p2a: Incineroar
|move|p2b: Milotic|Muddy Water|p1b: Rotom
|-resisted|p1b: Rotom|1
|-damage|p1b: Rotom|25/100
|
|-heal|p2b: Milotic|97/100|[from] item: Leftovers
|upkeep
|
|t:|1784888120
|switch|p2a: Raichu|Raichu-Mega-Y, L50, F|40/100
|turn|12
|
|t:|1784888130
|move|p2a: Raichu|Zap Cannon|p1b: Rotom
|-damage|p1b: Rotom|0 fnt
|faint|p1b: Rotom
|
|win|standardamerican
|raw|ilikemurkrow's rating: 1086 → 1076(-10 for losing)
|raw|standardamerican's rating: 1297 → 1308(+11 for winning)
|l|☆ilikemurkrow
|player|p1|
