|j|☆Troutlegs
|j|☆JuanGuerrero09
|html|TroutlegsJuanGuerrero09    
|uhtml|bestof|Game 3 of a best-of-3
|t:|1757184036
|gametype|doubles
|player|p1|Troutlegs|workerice|1073
|player|p2|JuanGuerrero09|169|1097
|gen|9
|tier|[Gen 9] VGC 2025 Reg H (Bo3)
|rated|
|rule|Species Clause: Limit one of each Pokémon
|rule|Item Clause: Limit 1 of each item
|clearpoke
|poke|p1|Volcarona, L50, F|
|poke|p1|Tyranitar, L50, M|
|poke|p1|Excadrill, L50, M|
|poke|p1|Clefairy, L50, M|
|poke|p1|Dragonite, L50, M|
|poke|p1|Gholdengo, L50|
|poke|p2|Tyranitar, L50, F|
|poke|p2|Talonflame, L50, M|
|poke|p2|Indeedee, L50, M|
|poke|p2|Sneasler, L50, F|
|poke|p2|Ursaluna-Bloodmoon, L50, M|
|poke|p2|Electabuzz, L50, M|
|teampreview|4
|showteam|p1|Volcarona||CovertCloak|FlameBody|Flamethrower,GigaDrain,QuiverDance,Protect|||F|||50|,,,,,Grass]Tyranitar||ChoiceBand|SandStream|Crunch,RockSlide,TeraBlast,LowKick|||M|||50|,,,,,Flying]Excadrill||ClearAmulet|SandRush|HighHorsepower,IronHead,RockSlide,Protect|||M|||50|,,,,,Ghost]Clefairy||Eviolite|FriendGuard|FollowMe,AfterYou,HelpingHand,Moonblast|||M|||50|,,,,,Water]Dragonite||LoadedDice|InnerFocus|Tailwind,ScaleShot,ExtremeSpeed,Haze|||M|||50|,,,,,Normal]Gholdengo||ChoiceScarf|GoodasGold|MakeItRain,ShadowBall,Thunderbolt,Trick||||||50|,,,,,Steel
|showteam|p2|Tyranitar||AssaultVest|SandStream|RockSlide,KnockOff,LowKick,TeraBlast|||F|||50|,,,,,Flying]Talonflame||CovertCloak|FlameBody|DualWingbeat,FlareBlitz,Tailwind,WillOWisp|||M|||50|,,,,,Fairy]Indeedee||ChoiceSpecs|PsychicSurge|ExpandingForce,TeraBlast,Trick,TrickRoom|||M|||50|,,,,,Psychic]Sneasler||PsychicSeed|Unburden|DireClaw,CloseCombat,ThroatChop,Protect|||F|||50|,,,,,Dark]Ursaluna-Bloodmoon||LifeOrb|MindsEye|HyperVoice,BloodMoon,EarthPower,Protect|||M|||50|,,,,,Normal]Electabuzz||Eviolite|VitalSpirit|FollowMe,Taunt,Electroweb,Protect|||M|||50|,,,,,Ghost
|inactive|Battle timer is ON: inactive players will automatically lose when time's up. (requested by Troutlegs)
|inactive|JuanGuerrero09 has 60 seconds left.
|
|t:|1757184068
|teamsize|p1|4
|teamsize|p2|4
|start
|switch|p1a: Volcarona|Volcarona, L50, F|100/100
|switch|p1b: Clefairy|Clefairy, L50, M|100/100
|switch|p2a: Talonflame|Talonflame, L50, M|100/100
|switch|p2b: Indeedee|Indeedee, L50, M|100/100
|-fieldstart|move: Psychic Terrain|[from] ability: Psychic Surge|[of] p2b: Indeedee
|turn|1
|inactive|JuanGuerrero09 has 30 seconds left.
|inactive|JuanGuerrero09 has 20 seconds left.
|inactive|JuanGuerrero09 has 15 seconds left.
|inactive|JuanGuerrero09 has 10 seconds left.
|
|t:|1757184114
|switch|p2b: Sneasler|Sneasler, L50, F|100/100
|-enditem|p2b: Sneasler|Psychic Seed
|-boost|p2b: Sneasler|spd|1|[from] item: Psychic Seed
|switch|p1a: Tyranitar|Tyranitar, L50, M|100/100
|-weather|Sandstorm|[from] ability: Sand Stream|[of] p1a: Tyranitar
|move|p2a: Talonflame|Tailwind|p2a: Talonflame
|-sidestart|p2: JuanGuerrero09|move: Tailwind
|move|p1b: Clefairy|Moonblast|p2a: Talonflame
|-resisted|p2a: Talonflame
|-damage|p2a: Talonflame|85/100
|
|-weather|Sandstorm|[upkeep]
|-damage|p2b: Sneasler|95/100|[from] Sandstorm
|-damage|p2a: Talonflame|79/100|[from] Sandstorm
|-damage|p1b: Clefairy|94/100|[from] Sandstorm
|upkeep
|turn|2
|
|t:|1757184135
|-terastallize|p1a: Tyranitar|Flying
|move|p1b: Clefairy|Follow Me|p1b: Clefairy
|-singleturn|p1b: Clefairy|move: Follow Me
|move|p2b: Sneasler|Dire Claw|p1b: Clefairy
|-supereffective|p1b: Clefairy
|-damage|p1b: Clefairy|22/100
|-status|p1b: Clefairy|par
|move|p2a: Talonflame|Will-O-Wisp||[still]
|-fail|p2a: Talonflame
|move|p1a: Tyranitar|Tera Blast|p2b: Sneasler|[anim] Tera Blast Flying
|-supereffective|p2b: Sneasler
|-damage|p2b: Sneasler|0 fnt
|faint|p2b: Sneasler
|
|-weather|Sandstorm|[upkeep]
|-damage|p2a: Talonflame|73/100|[from] Sandstorm
|-damage|p1a: Tyranitar|95/100|[from] Sandstorm
|-damage|p1b: Clefairy|16/100 par|[from] Sandstorm
|upkeep
|inactive|JuanGuerrero09 has 30 seconds left.
|
|t:|1757184161
|switch|p2b: Ursaluna|Ursaluna-Bloodmoon, L50, M|100/100
|turn|3
|inactive|JuanGuerrero09 has 30 seconds left.
|
|t:|1757184196
|switch|p2a: Indeedee|Indeedee, L50, M|100/100
|cant|p1b: Clefairy|par
|move|p2b: Ursaluna|Hyper Voice|p1a: Tyranitar|[spread] p1a,p1b
|-damage|p1a: Tyranitar|58/100
|-damage|p1b: Clefairy|0 fnt
|faint|p1b: Clefairy
|-damage|p2b: Ursaluna|91/100|[from] item: Life Orb
|move|p1a: Tyranitar|Tera Blast|p2a: Indeedee|[anim] Tera Blast Flying
|-damage|p2a: Indeedee|0 fnt
|faint|p2a: Indeedee
|
|-weather|Sandstorm|[upkeep]
|-damage|p1a: Tyranitar|52/100|[from] Sandstorm
|upkeep
|
|t:|1757184210
|switch|p2a: Talonflame|Talonflame, L50, M|73/100
|switch|p1b: Excadrill|Excadrill, L50, M|100/100
|turn|4
|
|t:|1757184225
|move|p1b: Excadrill|Protect|p1b: Excadrill
|-singleturn|p1b: Excadrill|Protect
|move|p2a: Talonflame|Will-O-Wisp|p1a: Tyranitar
|-status|p1a: Tyranitar|brn
|move|p2b: Ursaluna|Earth Power|p1b: Excadrill
|-activate|p1b: Excadrill|move: Protect
|move|p1a: Tyranitar|Tera Blast|p2a: Talonflame|[anim] Tera Blast Flying
|-damage|p2a: Talonflame|17/100
|
|-weather|Sandstorm|[upkeep]
|-damage|p2a: Talonflame|11/100|[from] Sandstorm
|-damage|p1a: Tyranitar|46/100 brn|[from] Sandstorm
|-damage|p1a: Tyranitar|40/100 brn|[from] brn
|-sideend|p2: JuanGuerrero09|move: Tailwind
|upkeep
|turn|5
|
|t:|1757184245
|move|p1b: Excadrill|Iron Head|p2a: Talonflame
|-resisted|p2a: Talonflame
|-damage|p2a: Talonflame|0 fnt
|faint|p2a: Talonflame
|move|p2b: Ursaluna|Earth Power|p1b: Excadrill
|-supereffective|p1b: Excadrill
|-damage|p1b: Excadrill|0 fnt
|faint|p1b: Excadrill
|-damage|p2b: Ursaluna|81/100|[from] item: Life Orb
|move|p1a: Tyranitar|Tera Blast|p2b: Ursaluna|[anim] Tera Blast Flying
|-crit|p2b: Ursaluna
|-damage|p2b: Ursaluna|40/100
|
|-weather|none
|-damage|p1a: Tyranitar|35/100 brn|[from] brn
|-fieldend|move: Psychic Terrain
|upkeep
|
|t:|1757184253
|switch|p1b: Volcarona|Volcarona, L50, F|100/100
|turn|6
|
|t:|1757184275
|-terastallize|p2b: Ursaluna|Normal
|move|p1b: Volcarona|Giga Drain|p2b: Ursaluna
|-damage|p2b: Ursaluna|11/100
|move|p2b: Ursaluna|Hyper Voice|p1a: Tyranitar|[spread] p1a,p1b
|-crit|p1a: Tyranitar
|-damage|p1a: Tyranitar|0 fnt
|-damage|p1b: Volcarona|34/100
|faint|p1a: Tyranitar
|-damage|p2b: Ursaluna|2/100|[from] item: Life Orb
|
|upkeep
|turn|7
|
|t:|1757184289
|move|p2b: Ursaluna|Protect|p2b: Ursaluna
|-singleturn|p2b: Ursaluna|Protect
|move|p1b: Volcarona|Flamethrower|p2b: Ursaluna
|-activate|p2b: Ursaluna|move: Protect
|
|upkeep
|turn|8
|c|☆Troutlegs|stop wasting my time
|
|t:|1757184301
|move|p1b: Volcarona|Flamethrower|p2b: Ursaluna
|-damage|p2b: Ursaluna|0 fnt
|faint|p2b: Ursaluna
|
|win|Troutlegs
|raw|Troutlegs's rating: 1073 → 1104(+31 for winning)
|raw|JuanGuerrero09's rating: 1097 → 1071(-26 for losing)
