|j|☆francoilforteprep
|j|☆Yubay Chocolate
|html|francoilforteprepYubay Chocolate    
|uhtml|bestof|Game 1 of a best-of-3
|t:|1756280438
|gametype|doubles
|player|p1|francoilforteprep|101|1110
|player|p2|Yubay Chocolate|kieran-champion|1095
|gen|9
|tier|[Gen 9] VGC 2025 Reg H (Bo3)
|rated|
|rule|Species Clause: Limit one of each Pokémon
|rule|Item Clause: Limit 1 of each item
|clearpoke
|poke|p1|Toxapex, L50, M|
|poke|p1|Chesnaught, L50, F|
|poke|p1|Grimmsnarl, L50, M|
|poke|p1|Incineroar, L50, F|
|poke|p1|Dondozo, L50, F|
|poke|p1|Tatsugiri-Droopy, L50, F|
|poke|p2|Dragonite, L50, M|
|poke|p2|Volcarona, L50, F|
|poke|p2|Sneasler, L50, M|
|poke|p2|Rillaboom, L50, M|
|poke|p2|Electabuzz, L50, M|
|poke|p2|Kingambit, L50, M|
|teampreview|4
|showteam|p1|Toxapex||BlackSludge|Regenerator|Toxic,BanefulBunker,Infestation,Recover|||M|||50|,,,,,Ghost]Chesnaught||Leftovers|Bulletproof|SpikyShield,LeechSeed,KnockOff,DrainPunch|||F|||50|,,,,,Water]Grimmsnarl||LightClay|Prankster|PartingShot,LightScreen,Reflect,SpiritBreak|||M|||50|,,,,,Ghost]Incineroar||SafetyGoggles|Intimidate|FlareBlitz,KnockOff,FakeOut,PartingShot|||F|||50|,,,,,Ghost]Dondozo||SitrusBerry|Unaware|OrderUp,Fissure,Rest,SleepTalk|||F|||50|,,,,,Poison]Tatsugiri-Droopy||FocusSash|Commander|DracoMeteor,MuddyWater,Taunt,Protect|||F|||50|,,,,,Stellar
|showteam|p2|Dragonite||LoadedDice|Multiscale|ScaleShot,ExtremeSpeed,Haze,Protect|||M|||50|,,,,,Fairy]Volcarona||CovertCloak|FlameBody|HeatWave,TeraBlast,QuiverDance,Protect|||F|||50|,,,,,Fairy]Sneasler||FocusSash|Unburden|CloseCombat,DireClaw,Coaching,Protect|||M|||50|,,,,,Stellar]Rillaboom||AssaultVest|GrassySurge|WoodHammer,GrassyGlide,HighHorsepower,FakeOut|||M|||50|,,,,,Water]Electabuzz||Eviolite|VitalSpirit|Electroweb,FollowMe,Taunt,Protect|||M|||50|,,,,,Ghost]Kingambit||BlackGlasses|Defiant|KowtowCleave,SuckerPunch,SwordsDance,Protect|||M|||50|,,,,,Dark
|inactive|Battle timer is ON: inactive players will automatically lose when time's up. (requested by Yubay Chocolate)
|inactive|Yubay Chocolate has 60 seconds left.
|
|t:|1756280493
|teamsize|p1|4
|teamsize|p2|4
|start
|switch|p1a: Grimmsnarl|Grimmsnarl, L50, M|100/100
|switch|p1b: Toxapex|Toxapex, L50, M|100/100
|switch|p2a: Sneasler|Sneasler, L50, M|100/100
|switch|p2b: Rillaboom|Rillaboom, L50, M|100/100
|-fieldstart|move: Grassy Terrain|[from] ability: Grassy Surge|[of] p2b: Rillaboom
|turn|1
|inactive|francoilforteprep has 30 seconds left.
|inactive|francoilforteprep has 20 seconds left.
|inactive|francoilforteprep has 15 seconds left.
|inactive|francoilforteprep has 10 seconds left.
|
|t:|1756280538
|switch|p1a: Incineroar|Incineroar, L50, F|100/100
|-ability|p1a: Incineroar|Intimidate|boost
|-unboost|p2a: Sneasler|atk|1
|-unboost|p2b: Rillaboom|atk|1
|move|p2b: Rillaboom|Fake Out|p1a: Incineroar
|-damage|p1a: Incineroar|91/100
|move|p2a: Sneasler|Dire Claw|p1a: Incineroar
|-damage|p1a: Incineroar|61/100
|-status|p1a: Incineroar|psn
|move|p1b: Toxapex|Toxic|p2b: Rillaboom
|-status|p2b: Rillaboom|tox
|
|-heal|p1a: Incineroar|67/100 psn|[from] Grassy Terrain
|-damage|p2b: Rillaboom|95/100 tox|[from] psn
|-damage|p1a: Incineroar|54/100 psn|[from] psn
|upkeep
|turn|2
|inactive|francoilforteprep has 30 seconds left.
|inactive|francoilforteprep has 20 seconds left.
|
|t:|1756280578
|switch|p2b: Dragonite|Dragonite, L50, M|100/100
|move|p1a: Incineroar|Fake Out|p2b: Dragonite
|-damage|p2b: Dragonite|93/100
|move|p2a: Sneasler|Coaching|p2b: Dragonite
|-boost|p2b: Dragonite|atk|1
|-boost|p2b: Dragonite|def|1
|move|p1b: Toxapex|Infestation|p2b: Dragonite
|-resisted|p2b: Dragonite
|-damage|p2b: Dragonite|92/100
|-activate|p2b: Dragonite|move: Infestation|[of] p1b: Toxapex
|
|-heal|p1a: Incineroar|60/100 psn|[from] Grassy Terrain
|-damage|p1a: Incineroar|48/100 psn|[from] psn
|-damage|p2b: Dragonite|80/100|[from] move: Infestation|[partiallytrapped]
|upkeep
|turn|3
|
|t:|1756280598
|switch|p1a: Grimmsnarl|Grimmsnarl, L50, M|100/100
|move|p2b: Dragonite|Protect|p2b: Dragonite
|-singleturn|p2b: Dragonite|Protect
|move|p2a: Sneasler|Coaching|p2b: Dragonite
|-boost|p2b: Dragonite|atk|1
|-boost|p2b: Dragonite|def|1
|move|p1b: Toxapex|Toxic|p2b: Dragonite
|-activate|p2b: Dragonite|move: Protect
|
|-damage|p2b: Dragonite|68/100|[from] move: Infestation|[partiallytrapped]
|upkeep
|turn|4
|inactive|Yubay Chocolate has 30 seconds left.
|
|t:|1756280627
|-terastallize|p2b: Dragonite|Fairy
|move|p2b: Dragonite|Extreme Speed|p1a: Grimmsnarl
|-damage|p1a: Grimmsnarl|37/100
|move|p1a: Grimmsnarl|Reflect|p1a: Grimmsnarl
|-sidestart|p1: francoilforteprep|Reflect
|move|p2a: Sneasler|Coaching|p2b: Dragonite
|-boost|p2b: Dragonite|atk|1
|-boost|p2b: Dragonite|def|1
|move|p1b: Toxapex|Toxic|p2b: Dragonite
|-status|p2b: Dragonite|tox
|
|-heal|p2b: Dragonite|74/100 tox|[from] Grassy Terrain
|-heal|p1a: Grimmsnarl|43/100|[from] Grassy Terrain
|-damage|p2b: Dragonite|68/100 tox|[from] psn
|-damage|p2b: Dragonite|56/100 tox|[from] move: Infestation|[partiallytrapped]
|upkeep
|turn|5
|inactive|francoilforteprep has 30 seconds left.
|
|t:|1756280660
|move|p1a: Grimmsnarl|Parting Shot|p2b: Dragonite
|-unboost|p2b: Dragonite|atk|1
|-unboost|p2b: Dragonite|spa|1
|
|t:|1756280664
|switch|p1a: Incineroar|Incineroar, L50, F|48/100 psn|[from] Parting Shot
|-ability|p1a: Incineroar|Intimidate|boost
|-unboost|p2a: Sneasler|atk|1
|-unboost|p2b: Dragonite|atk|1
|move|p2a: Sneasler|Coaching|p2b: Dragonite
|-boost|p2b: Dragonite|atk|1
|-boost|p2b: Dragonite|def|1
|move|p2b: Dragonite|Scale Shot|p1b: Toxapex
|-damage|p1b: Toxapex|86/100
|-damage|p1b: Toxapex|71/100
|-damage|p1b: Toxapex|57/100
|-damage|p1b: Toxapex|43/100
|-damage|p1b: Toxapex|28/100
|-hitcount|p1b: Toxapex|5
|-unboost|p2b: Dragonite|def|1
|-boost|p2b: Dragonite|spe|1
|move|p1b: Toxapex|Infestation|p2a: Sneasler
|-resisted|p2a: Sneasler
|-damage|p2a: Sneasler|99/100
|-activate|p2a: Sneasler|move: Infestation|[of] p1b: Toxapex
|
|-heal|p2b: Dragonite|62/100 tox|[from] Grassy Terrain
|-heal|p2a: Sneasler|100/100|[from] Grassy Terrain
|-heal|p1a: Incineroar|54/100 psn|[from] Grassy Terrain
|-heal|p1b: Toxapex|34/100|[from] Grassy Terrain
|-heal|p1b: Toxapex|39/100|[from] item: Black Sludge
|-damage|p2b: Dragonite|50/100 tox|[from] psn
|-damage|p1a: Incineroar|41/100 psn|[from] psn
|-damage|p2b: Dragonite|38/100 tox|[from] move: Infestation|[partiallytrapped]
|-damage|p2a: Sneasler|88/100|[from] move: Infestation|[partiallytrapped]
|-fieldend|move: Grassy Terrain
|upkeep
|turn|6
|inactive|francoilforteprep has 30 seconds left.
|inactive|Yubay Chocolate has 30 seconds left.
|inactive|francoilforteprep has 20 seconds left.
|inactive|Yubay Chocolate has 20 seconds left.
|inactive|Yubay Chocolate has 15 seconds left.
|
|t:|1756280704
|switch|p1b: Chesnaught|Chesnaught, L50, F|100/100
|move|p1a: Incineroar|Fake Out|p2b: Dragonite
|-damage|p2b: Dragonite|32/100 tox
|cant|p2b: Dragonite|flinch
|move|p2a: Sneasler|Dire Claw|p1b: Chesnaught
|-supereffective|p1b: Chesnaught
|-damage|p1b: Chesnaught|80/100
|
|-heal|p1b: Chesnaught|86/100|[from] item: Leftovers
|-damage|p2b: Dragonite|14/100 tox|[from] psn
|-damage|p1a: Incineroar|29/100 psn|[from] psn
|-end|p2b: Dragonite|Infestation|[partiallytrapped]
|-end|p2a: Sneasler|Infestation|[partiallytrapped]|[silent]
|upkeep
|turn|7
|inactive|francoilforteprep has 30 seconds left.
|
|t:|1756280734
|switch|p2a: Electabuzz|Electabuzz, L50, M|100/100
|switch|p1a: Toxapex|Toxapex, L50, M|72/100
|-terastallize|p1b: Chesnaught|Water
|move|p2b: Dragonite|Scale Shot|p1a: Toxapex
|-damage|p1a: Toxapex|58/100
|-damage|p1a: Toxapex|44/100
|-damage|p1a: Toxapex|28/100
|-damage|p1a: Toxapex|13/100
|-damage|p1a: Toxapex|0 fnt
|faint|p1a: Toxapex
|-hitcount|p1: Toxapex|5
|-unboost|p2b: Dragonite|def|1
|-boost|p2b: Dragonite|spe|1
|move|p1b: Chesnaught|Leech Seed|p2a: Electabuzz
|-start|p2a: Electabuzz|move: Leech Seed
|
|-heal|p1b: Chesnaught|92/100|[from] item: Leftovers
|-damage|p2a: Electabuzz|88/100|[from] Leech Seed|[of] p1b: Chesnaught
|-heal|p1b: Chesnaught|100/100|[silent]
|-damage|p2b: Dragonite|0 fnt|[from] psn
|faint|p2b: Dragonite
|upkeep
|inactive|francoilforteprep has 30 seconds left.
|
|t:|1756280760
|switch|p2b: Sneasler|Sneasler, L50, M|88/100
|switch|p1a: Incineroar|Incineroar, L50, F|29/100 psn
|-ability|p1a: Incineroar|Intimidate|boost
|-unboost|p2a: Electabuzz|atk|1
|-unboost|p2b: Sneasler|atk|1
|turn|8
|inactive|francoilforteprep has 30 seconds left.
|
|t:|1756280788
|switch|p2b: Rillaboom|Rillaboom, L50, M|95/100 tox
|-fieldstart|move: Grassy Terrain|[from] ability: Grassy Surge|[of] p2b: Rillaboom
|move|p1a: Incineroar|Fake Out|p2a: Electabuzz
|-damage|p2a: Electabuzz|78/100
|cant|p2a: Electabuzz|flinch
|move|p1b: Chesnaught|Leech Seed|p2b: Rillaboom
|-immune|p2b: Rillaboom
|
|-heal|p2a: Electabuzz|84/100|[from] Grassy Terrain
|-heal|p2b: Rillaboom|100/100 tox|[from] Grassy Terrain
|-heal|p1a: Incineroar|35/100 psn|[from] Grassy Terrain
|-damage|p2a: Electabuzz|72/100|[from] Leech Seed|[of] p1b: Chesnaught
|-damage|p2b: Rillaboom|95/100 tox|[from] psn
|-damage|p1a: Incineroar|22/100 psn|[from] psn
|upkeep
|turn|9
|
|t:|1756280805
|switch|p1a: Grimmsnarl|Grimmsnarl, L50, M|43/100
|move|p1b: Chesnaught|Spiky Shield|p1b: Chesnaught
|-singleturn|p1b: Chesnaught|move: Protect
|move|p2a: Electabuzz|Electroweb|p1a: Grimmsnarl|[spread] p1a
|-activate|p1b: Chesnaught|move: Protect
|-damage|p1a: Grimmsnarl|29/100
|-unboost|p1a: Grimmsnarl|spe|1
|move|p2b: Rillaboom|High Horsepower|p1a: Grimmsnarl
|-damage|p1a: Grimmsnarl|4/100
|
|-heal|p2a: Electabuzz|78/100|[from] Grassy Terrain
|-heal|p2b: Rillaboom|100/100 tox|[from] Grassy Terrain
|-heal|p1a: Grimmsnarl|10/100|[from] Grassy Terrain
|-damage|p2a: Electabuzz|66/100|[from] Leech Seed|[of] p1b: Chesnaught
|-damage|p2b: Rillaboom|89/100 tox|[from] psn
|upkeep
|turn|10
|inactive|francoilforteprep has 30 seconds left.
|inactive|Yubay Chocolate has 30 seconds left.
|
|t:|1756280836
|move|p1a: Grimmsnarl|Parting Shot|p2b: Rillaboom
|-unboost|p2b: Rillaboom|atk|1
|-unboost|p2b: Rillaboom|spa|1
|
|t:|1756280839
|switch|p1a: Incineroar|Incineroar, L50, F|22/100 psn|[from] Parting Shot
|-ability|p1a: Incineroar|Intimidate|boost
|-unboost|p2a: Electabuzz|atk|1
|-unboost|p2b: Rillaboom|atk|1
|move|p2a: Electabuzz|Electroweb|p1a: Incineroar|[spread] p1a,p1b
|-supereffective|p1b: Chesnaught
|-damage|p1a: Incineroar|10/100 psn
|-damage|p1b: Chesnaught|76/100
|-unboost|p1a: Incineroar|spe|1
|-unboost|p1b: Chesnaught|spe|1
|move|p2b: Rillaboom|Wood Hammer|p1b: Chesnaught
|-supereffective|p1b: Chesnaught
|-damage|p1b: Chesnaught|34/100
|-damage|p2b: Rillaboom|75/100 tox|[from] Recoil
|move|p1b: Chesnaught|Knock Off|p2b: Rillaboom
|-damage|p2b: Rillaboom|52/100 tox
|-enditem|p2b: Rillaboom|Assault Vest|[from] move: Knock Off|[of] p1b: Chesnaught
|
|-heal|p2a: Electabuzz|71/100|[from] Grassy Terrain
|-heal|p2b: Rillaboom|58/100 tox|[from] Grassy Terrain
|-heal|p1a: Incineroar|16/100 psn|[from] Grassy Terrain
|-heal|p1b: Chesnaught|40/100|[from] Grassy Terrain
|-heal|p1b: Chesnaught|47/100|[from] item: Leftovers
|-damage|p2a: Electabuzz|59/100|[from] Leech Seed|[of] p1b: Chesnaught
|-heal|p1b: Chesnaught|57/100|[silent]
|-damage|p2b: Rillaboom|40/100 tox|[from] psn
|-damage|p1a: Incineroar|3/100 psn|[from] psn
|upkeep
|turn|11
|l|☆Yubay Chocolate
|inactive|Yubay Chocolate disconnected and has a minute to reconnect!
|player|p2|
|inactive|francoilforteprep has 30 seconds left.
|inactive|Yubay Chocolate has 30 seconds left.
|j|☆Yubay Chocolate
|inactive|Yubay Chocolate reconnected and has 30 seconds left.
|player|p2|Yubay Chocolate|kieran-champion|
|inactive|francoilforteprep has 20 seconds left.
|
|t:|1756280875
|switch|p2b: Sneasler|Sneasler, L50, M|88/100
|move|p1a: Incineroar|Fake Out|p2b: Sneasler
|-damage|p2b: Sneasler|69/100
|move|p2a: Electabuzz|Electroweb|p1a: Incineroar|[spread] p1a,p1b
|-supereffective|p1b: Chesnaught
|-damage|p1a: Incineroar|0 fnt
|-damage|p1b: Chesnaught|35/100
|-unboost|p1b: Chesnaught|spe|1
|faint|p1a: Incineroar
|move|p1b: Chesnaught|Drain Punch|p2b: Sneasler
|-resisted|p2b: Sneasler
|-damage|p2b: Sneasler|44/100
|-heal|p1b: Chesnaught|45/100|[from] drain|[of] p2b: Sneasler
|
|-heal|p2b: Sneasler|50/100|[from] Grassy Terrain
|-heal|p2a: Electabuzz|65/100|[from] Grassy Terrain
|-heal|p1b: Chesnaught|51/100|[from] Grassy Terrain
|-heal|p1b: Chesnaught|57/100|[from] item: Leftovers
|-damage|p2a: Electabuzz|53/100|[from] Leech Seed|[of] p1b: Chesnaught
|-heal|p1b: Chesnaught|68/100|[silent]
|-sideend|p1: francoilforteprep|Reflect
|upkeep
|
|t:|1756280889
|switch|p1a: Grimmsnarl|Grimmsnarl, L50, M|10/100
|turn|12
|
|t:|1756280897
|move|p2b: Sneasler|Protect|p2b: Sneasler
|-singleturn|p2b: Sneasler|Protect
|move|p1b: Chesnaught|Spiky Shield|p1b: Chesnaught
|-singleturn|p1b: Chesnaught|move: Protect
|move|p1a: Grimmsnarl|Reflect|p1a: Grimmsnarl
|-sidestart|p1: francoilforteprep|Reflect
|move|p2a: Electabuzz|Electroweb|p1b: Chesnaught|[spread] p1a
|-activate|p1b: Chesnaught|move: Protect
|-damage|p1a: Grimmsnarl|0 fnt
|faint|p1a: Grimmsnarl
|
|-heal|p2b: Sneasler|56/100|[from] Grassy Terrain
|-heal|p2a: Electabuzz|59/100|[from] Grassy Terrain
|-heal|p1b: Chesnaught|74/100|[from] Grassy Terrain
|-heal|p1b: Chesnaught|80/100|[from] item: Leftovers
|-damage|p2a: Electabuzz|46/100|[from] Leech Seed|[of] p1b: Chesnaught
|-heal|p1b: Chesnaught|91/100|[silent]
|-fieldend|move: Grassy Terrain
|upkeep
|turn|13
|
|t:|1756280916
|switch|p2a: Rillaboom|Rillaboom, L50, M|40/100 tox
|-fieldstart|move: Grassy Terrain|[from] ability: Grassy Surge|[of] p2a: Rillaboom
|move|p2b: Sneasler|Dire Claw|p1b: Chesnaught
|-damage|p1b: Chesnaught|69/100
|move|p1b: Chesnaught|Drain Punch|p2a: Rillaboom
|-damage|p2a: Rillaboom|12/100 tox
|-heal|p1b: Chesnaught|84/100|[from] drain|[of] p2a: Rillaboom
|
|-heal|p2b: Sneasler|61/100|[from] Grassy Terrain
|-heal|p2a: Rillaboom|18/100 tox|[from] Grassy Terrain
|-heal|p1b: Chesnaught|90/100|[from] Grassy Terrain
|-heal|p1b: Chesnaught|96/100|[from] item: Leftovers
|-damage|p2a: Rillaboom|12/100 tox|[from] psn
|upkeep
|turn|14
|
|t:|1756280939
|move|p1b: Chesnaught|Spiky Shield|p1b: Chesnaught
|-singleturn|p1b: Chesnaught|move: Protect
|move|p2b: Sneasler|Dire Claw|p1b: Chesnaught
|-activate|p1b: Chesnaught|move: Protect
|-damage|p2b: Sneasler|49/100|[from] Spiky Shield|[of] p1b: Chesnaught
|move|p2a: Rillaboom|Wood Hammer|p1b: Chesnaught
|-activate|p1b: Chesnaught|move: Protect
|-damage|p2a: Rillaboom|0 fnt|[from] Spiky Shield|[of] p1b: Chesnaught
|faint|p2a: Rillaboom
|
|-heal|p2b: Sneasler|55/100|[from] Grassy Terrain
|-heal|p1b: Chesnaught|100/100|[from] Grassy Terrain
|upkeep
|
|t:|1756280940
|switch|p2a: Electabuzz|Electabuzz, L50, M|46/100
|turn|15
|
|t:|1756280964
|move|p2b: Sneasler|Dire Claw|p1b: Chesnaught
|-damage|p1b: Chesnaught|80/100
|move|p2a: Electabuzz|Taunt|p1b: Chesnaught
|-start|p1b: Chesnaught|move: Taunt
|move|p1b: Chesnaught|Drain Punch|p2a: Electabuzz
|-damage|p2a: Electabuzz|25/100
|-heal|p1b: Chesnaught|90/100|[from] drain|[of] p2a: Electabuzz
|
|-heal|p2b: Sneasler|61/100|[from] Grassy Terrain
|-heal|p2a: Electabuzz|31/100|[from] Grassy Terrain
|-heal|p1b: Chesnaught|96/100|[from] Grassy Terrain
|-heal|p1b: Chesnaught|100/100|[from] item: Leftovers
|upkeep
|turn|16
|inactive|francoilforteprep has 30 seconds left.
|
|t:|1756280975
|move|p2b: Sneasler|Dire Claw|p1b: Chesnaught
|-damage|p1b: Chesnaught|77/100
|-status|p1b: Chesnaught|psn
|move|p2a: Electabuzz|Electroweb|p1b: Chesnaught
|-supereffective|p1b: Chesnaught
|-damage|p1b: Chesnaught|47/100 psn
|-unboost|p1b: Chesnaught|spe|1
|move|p1b: Chesnaught|Drain Punch|p2a: Electabuzz
|-damage|p2a: Electabuzz|9/100
|-heal|p1b: Chesnaught|57/100 psn|[from] drain|[of] p2a: Electabuzz
|
|-heal|p2b: Sneasler|67/100|[from] Grassy Terrain
|-heal|p2a: Electabuzz|14/100|[from] Grassy Terrain
|-heal|p1b: Chesnaught|63/100 psn|[from] Grassy Terrain
|-heal|p1b: Chesnaught|69/100 psn|[from] item: Leftovers
|-damage|p1b: Chesnaught|57/100 psn|[from] psn
|upkeep
|turn|17
|inactive|francoilforteprep has 30 seconds left this turn.
|inactive|francoilforteprep has 20 seconds left.
|inactive|francoilforteprep has 15 seconds left.
|
|t:|1756280993
|move|p2b: Sneasler|Dire Claw|p1b: Chesnaught
|-crit|p1b: Chesnaught
|-damage|p1b: Chesnaught|10/100 psn
|move|p2a: Electabuzz|Electroweb|p1b: Chesnaught
|-supereffective|p1b: Chesnaught
|-damage|p1b: Chesnaught|0 fnt
|faint|p1b: Chesnaught
|
|win|Yubay Chocolate
