|j|☆Gworf
|j|☆patrulheirogeek
|html|Gworfpatrulheirogeek    
|uhtml|bestof|Game 1 of a best-of-3
|t:|1757908901
|gametype|doubles
|player|p1|Gworf|acetrainer-gen4dp|1047
|player|p2|patrulheirogeek|265|1013
|gen|9
|tier|[Gen 9] VGC 2025 Reg H (Bo3)
|rated|
|rule|Species Clause: Limit one of each Pokémon
|rule|Item Clause: Limit 1 of each item
|clearpoke
|poke|p1|Ninetales, L50, M|
|poke|p1|Scizor, L50, M|
|poke|p1|Charizard, L50, F|
|poke|p1|Jumpluff, L50, M|
|poke|p1|Rillaboom, L50, F|
|poke|p1|Dragapult, L50, F|
|poke|p2|Arcanine-Hisui, L50, M|
|poke|p2|Amoonguss, L50, M|
|poke|p2|Rhydon, L50, M|
|poke|p2|Hydreigon, L50, M|
|poke|p2|Pelipper, L50, M|
|poke|p2|Ribombee, L50, M|
|teampreview|4
|showteam|p1|Ninetales||Charcoal|Drought|HeatWave,NastyPlot,WillOWisp,Protect|||M|||50|,,,,,Grass]Scizor||ChoiceBand|Technician|BulletPunch,CloseCombat,Uturn,BugBite|||M|||50|,,,,,Steel]Charizard||ChoiceSpecs|SolarPower|HeatWave,FireBlast,ScorchingSands,Hurricane|||F|||50|,,,,,Ghost]Jumpluff||CovertCloak|Chlorophyll|Tailwind,RagePowder,LeafStorm,SleepPowder|||M|||50|,,,,,Steel]Rillaboom||AssaultVest|GrassySurge|FakeOut,GrassyGlide,WoodHammer,HighHorsepower|||F|||50|,,,,,Ghost]Dragapult||FocusSash|ClearBody|DragonDarts,Disable,Uturn,Protect|||F|||50|,,,,,Dragon
|showteam|p2|Arcanine-Hisui||AssaultVest|Intimidate|ExtremeSpeed,CloseCombat,FlareBlitz,IronHead|||M|||50|,,,,,Fire]Amoonguss||RockyHelmet|EffectSpore|RagePowder,PollenPuff,Spore,ClearSmog|||M|||50|,,,,,Grass]Rhydon||Eviolite|LightningRod|Earthquake,RockSlide,HelpingHand,SwordsDance|||M|||50|,,,,,Ghost]Hydreigon||CovertCloak|Levitate|Snarl,DracoMeteor,HeatWave,NastyPlot|||M|||50|,,,,,Fairy]Pelipper||FocusSash|Drizzle|Hurricane,Blizzard,WeatherBall,Protect|||M|||50|,,,,,Flying]Ribombee||ChoiceSpecs|SweetVeil|DazzlingGleam,EnergyBall,AlluringVoice,Moonblast|||M|||50|,,,,,Bug
|inactive|Battle timer is ON: inactive players will automatically lose when time's up. (requested by Gworf)
|inactive|Gworf has 60 seconds left.
|
|t:|1757908981
|teamsize|p1|4
|teamsize|p2|4
|start
|switch|p1a: Dragapult|Dragapult, L50, F|100/100
|switch|p1b: Charizard|Charizard, L50, F|100/100
|switch|p2a: Pelipper|Pelipper, L50, M|100/100
|switch|p2b: Hydreigon|Hydreigon, L50, M|100/100
|-weather|RainDance|[from] ability: Drizzle|[of] p2a: Pelipper
|turn|1
|inactive|patrulheirogeek has 30 seconds left.
|
|t:|1757909009
|move|p1a: Dragapult|U-turn|p2b: Hydreigon
|-supereffective|p2b: Hydreigon
|-damage|p2b: Hydreigon|56/100
|
|t:|1757909014
|switch|p1a: Ninetales|Ninetales, L50, M, shiny|100/100|[from] U-turn
|-weather|SunnyDay|[from] ability: Drought|[of] p1a: Ninetales
|move|p1b: Charizard|Heat Wave|p2b: Hydreigon|[spread] p2a
|-miss|p1b: Charizard|p2b: Hydreigon
|-resisted|p2a: Pelipper
|-crit|p2a: Pelipper
|-enditem|p2a: Pelipper|Focus Sash
|-damage|p2a: Pelipper|1/100
|move|p2a: Pelipper|Weather Ball|p1b: Charizard
|-resisted|p1b: Charizard
|-damage|p1b: Charizard|70/100
|move|p2b: Hydreigon|Nasty Plot|p2b: Hydreigon
|-boost|p2b: Hydreigon|spa|2
|
|-weather|SunnyDay|[upkeep]
|-damage|p1b: Charizard|58/100|[from] ability: Solar Power|[of] p1b: Charizard
|upkeep
|turn|2
|inactive|Gworf has 30 seconds left.
|inactive|patrulheirogeek has 30 seconds left.
|inactive|patrulheirogeek has 20 seconds left.
|inactive|patrulheirogeek has 15 seconds left.
|inactive|patrulheirogeek has 10 seconds left.
|
|t:|1757909060
|switch|p2a: Rhydon|Rhydon, L50, M|100/100
|move|p1a: Ninetales|Heat Wave|p2a: Rhydon|[spread] p2a,p2b
|-resisted|p2a: Rhydon
|-resisted|p2b: Hydreigon
|-damage|p2a: Rhydon|84/100
|-damage|p2b: Hydreigon|37/100
|move|p1b: Charizard|Heat Wave|p2a: Rhydon|[spread] p2a,p2b
|-resisted|p2a: Rhydon
|-resisted|p2b: Hydreigon
|-damage|p2a: Rhydon|46/100
|-damage|p2b: Hydreigon|0 fnt
|faint|p2b: Hydreigon
|
|-weather|SunnyDay|[upkeep]
|-damage|p1b: Charizard|46/100|[from] ability: Solar Power|[of] p1b: Charizard
|upkeep
|
|t:|1757909076
|switch|p2b: Pelipper|Pelipper, L50, M|1/100
|-weather|RainDance|[from] ability: Drizzle|[of] p2b: Pelipper
|turn|3
|
|t:|1757909091
|switch|p1a: Rillaboom|Rillaboom, L50, F|100/100
|-fieldstart|move: Grassy Terrain|[from] ability: Grassy Surge|[of] p1a: Rillaboom
|move|p2b: Pelipper|Protect|p2b: Pelipper
|-singleturn|p2b: Pelipper|Protect
|move|p1b: Charizard|Heat Wave|p2b: Pelipper|[spread] p2a
|-activate|p2b: Pelipper|move: Protect
|-resisted|p2a: Rhydon
|-damage|p2a: Rhydon|37/100
|move|p2a: Rhydon|Rock Slide|p1b: Charizard|[spread] p1a,p1b
|-supereffective|p1b: Charizard
|-damage|p1a: Rillaboom|74/100
|-damage|p1b: Charizard|0 fnt
|faint|p1b: Charizard
|
|-weather|RainDance|[upkeep]
|-heal|p1a: Rillaboom|80/100|[from] Grassy Terrain
|-heal|p2a: Rhydon|43/100|[from] Grassy Terrain
|upkeep
|
|t:|1757909111
|switch|p1b: Dragapult|Dragapult, L50, F|100/100
|turn|4
|
|t:|1757909126
|switch|p2b: Amoonguss|Amoonguss, L50, M|100/100
|-terastallize|p1b: Dragapult|Dragon
|move|p1a: Rillaboom|Fake Out|p2b: Amoonguss
|-damage|p2b: Amoonguss|86/100
|-damage|p1a: Rillaboom|63/100|[from] item: Rocky Helmet|[of] p2b: Amoonguss
|move|p1b: Dragapult|Dragon Darts|p2a: Rhydon
|-damage|p2a: Rhydon|24/100
|-anim|p1b: Dragapult|Dragon Darts|p2b: Amoonguss
|-damage|p2b: Amoonguss|54/100
|move|p2a: Rhydon|Earthquake|p1b: Dragapult|[spread] p2b,p1a,p1b
|-crit|p2b: Amoonguss
|-resisted|p1a: Rillaboom
|-damage|p2b: Amoonguss|27/100
|-damage|p1a: Rillaboom|54/100
|-damage|p1b: Dragapult|77/100
|
|-weather|RainDance|[upkeep]
|-heal|p1b: Dragapult|83/100|[from] Grassy Terrain
|-heal|p1a: Rillaboom|59/100|[from] Grassy Terrain
|-heal|p2a: Rhydon|30/100|[from] Grassy Terrain
|-heal|p2b: Amoonguss|33/100|[from] Grassy Terrain
|upkeep
|turn|5
|inactive|Gworf has 30 seconds left.
|inactive|patrulheirogeek has 30 seconds left.
|inactive|patrulheirogeek has 20 seconds left.
|inactive|patrulheirogeek has 15 seconds left.
|inactive|patrulheirogeek has 10 seconds left.
|
|t:|1757909175
|move|p2b: Amoonguss|Rage Powder|p2b: Amoonguss
|-singleturn|p2b: Amoonguss|move: Rage Powder
|move|p1a: Rillaboom|Grassy Glide|p2a: Rhydon
|-supereffective|p2a: Rhydon
|-damage|p2a: Rhydon|0 fnt
|faint|p2a: Rhydon
|move|p1b: Dragapult|Dragon Darts|p2b: Amoonguss
|-damage|p2b: Amoonguss|0 fnt
|faint|p2b: Amoonguss
|
|-weather|RainDance|[upkeep]
|-heal|p1b: Dragapult|89/100|[from] Grassy Terrain
|-heal|p1a: Rillaboom|65/100|[from] Grassy Terrain
|upkeep
|
|t:|1757909182
|switch|p2a: Pelipper|Pelipper, L50, M|1/100
|turn|6
|
|t:|1757909186
|move|p1a: Rillaboom|Grassy Glide|p2a: Pelipper
|-damage|p2a: Pelipper|0 fnt
|faint|p2a: Pelipper
|
|win|Gworf
|l|☆Gworf
|player|p1|
||Gworf is ready for game 2.
||patrulheirogeek is ready for game 2.
|uhtml|next|Next: Game 2 of 3
