|j|☆wade connects
|j|☆homerj71
|html|wade connectshomerj71    
|uhtml|bestof|Game 1 of a best-of-3
|t:|1783882314
|gametype|doubles
|player|p1|wade connects|266|1126
|player|p2|homerj71|169|1231
|gen|9
|tier|[Gen 9 Champions] VGC 2026 Reg M-B (Bo3)
|rated|
|rule|Species Clause: Limit one of each Pokémon
|rule|Item Clause: Limit 1 of each item
|clearpoke
|poke|p1|Malamar, L50, M|
|poke|p1|Mimikyu, L50, M, shiny|
|poke|p1|Pyroar, L50, M, shiny|
|poke|p1|Vileplume, L50, F, shiny|
|poke|p1|Aegislash, L50, M|
|poke|p1|Torkoal, L50, F|
|poke|p2|Sneasler, L50, F|
|poke|p2|Sinistcha, L50|
|poke|p2|Incineroar, L50, M|
|poke|p2|Kingambit, L50, M|
|poke|p2|Delphox, L50, M|
|poke|p2|Floette-Eternal, L50, F|
|teampreview|4
|showteam|p1|Malamar||Malamarite|Contrary|Protect,PsychoCut,KnockOff,Superpower|Brave||M|||50|]Mimikyu||MentalHerb|Disguise|Protect,TrickRoom,PlayRough,ShadowClaw|Brave||M|||50|]Pyroar||Pyroarite|Unnerve|Protect,Flamethrower,ScorchingSands,HeatWave|Timid||M|||50|]Vileplume||FocusSash|Chlorophyll|AfterYou,SleepPowder,SolarBeam,SludgeBomb|Timid||F|||50|]Aegislash||ColburBerry|StanceChange|KingsShield,IronHead,SacredSword,Poltergeist|Brave||M|||50|]Torkoal||LifeOrb|Drought|Protect,HelpingHand,Eruption,EarthPower|Quiet||F|||50|
|showteam|p2|Sneasler||FocusSash|PoisonTouch|QuickGuard,FakeOut,DireClaw,CloseCombat|Jolly||F|||50|]Sinistcha||OccaBerry|Hospitality|Protect,RagePowder,MatchaGotcha,TrickRoom|Relaxed|||||50|]Incineroar||SitrusBerry|Intimidate|FakeOut,FlareBlitz,ThroatChop,PartingShot|Careful||M|||50|]Kingambit||BlackGlasses|Defiant|KowtowCleave,SwordsDance,SuckerPunch,Protect|Adamant||M|||50|]Delphox||Delphoxite|Blaze|Protect,NastyPlot,HeatWave,Psyshock|Timid||M|||50|]Floette-Eternal||Floettite|FlowerVeil|Moonblast,CalmMind,Protect,DazzlingGleam|Bold||F|||50|
|inactive|Battle timer is ON: inactive players will automatically lose when time's up. (requested by homerj71)
|inactive|homerj71 has 60 seconds left.
|
|t:|1783882370
|teamsize|p1|4
|teamsize|p2|4
|start
|switch|p1a: Mimikyu|Mimikyu, L50, M, shiny|100/100
|switch|p1b: Malamar|Malamar, L50, M|100/100
|switch|p2a: Kingambit|Kingambit, L50, M|100/100
|switch|p2b: Sneasler|Sneasler, L50, F|100/100
|turn|1
|inactive|homerj71 has 30 seconds left.
|inactive|homerj71 has 20 seconds left.
|
|t:|1783882406
|detailschange|p1b: Malamar|Malamar-Mega, L50, M
|-mega|p1b: Malamar|Malamar|Malamarite
|move|p2b: Sneasler|Fake Out|p1b: Malamar
|-damage|p1b: Malamar|87/100
|cant|p1b: Malamar|flinch
|move|p2a: Kingambit|Swords Dance|p2a: Kingambit
|-boost|p2a: Kingambit|atk|2
|move|p1a: Mimikyu|Trick Room|p1a: Mimikyu
|-fieldstart|move: Trick Room|[of] p1a: Mimikyu
|
|upkeep
|turn|2
|inactive|homerj71 has 30 seconds left.
|inactive|homerj71 has 20 seconds left.
|
|t:|1783882445
|switch|p1a: Aegislash|Aegislash, L50, M|100/100
|move|p2a: Kingambit|Kowtow Cleave|p1b: Malamar
|-damage|p1b: Malamar|0 fnt
|faint|p1b: Malamar
|move|p2b: Sneasler|Dire Claw|p1a: Aegislash
|-immune|p1a: Aegislash
|
|upkeep
|
|t:|1783882456
|switch|p1b: Torkoal|Torkoal, L50, F|100/100
|-weather|SunnyDay|[from] ability: Drought|[of] p1b: Torkoal
|turn|3
|
|t:|1783882465
|switch|p2b: Incineroar|Incineroar, L50, M|100/100
|-ability|p2b: Incineroar|Intimidate|boost
|-unboost|p1a: Aegislash|atk|1
|-unboost|p1b: Torkoal|atk|1
|move|p2a: Kingambit|Sucker Punch|p1b: Torkoal
|-damage|p1b: Torkoal|22/100
|move|p1b: Torkoal|Eruption|p2a: Kingambit|[spread] p2a,p2b
|-supereffective|p2a: Kingambit|1
|-resisted|p2b: Incineroar|1
|-damage|p2a: Kingambit|62/100
|-damage|p2b: Incineroar|92/100
|-damage|p1b: Torkoal|12/100|[from] item: Life Orb
|-formechange|p1a: Aegislash|Aegislash-Blade|
|move|p1a: Aegislash|Sacred Sword|p2a: Kingambit
|-supereffective|p2a: Kingambit|2
|-crit|p2a: Kingambit
|-damage|p2a: Kingambit|0 fnt
|faint|p2a: Kingambit
|
|-weather|SunnyDay|[upkeep]
|upkeep
|
|t:|1783882480
|switch|p2a: Sinistcha|Sinistcha, L50|100/100
|-heal|p2b: Incineroar|100/100|[from] ability: Hospitality|[of] p2a: Sinistcha
|turn|4
|
|t:|1783882489
|switch|p1b: Mimikyu|Mimikyu, L50, M, shiny|100/100
|-formechange|p1a: Aegislash|Aegislash|
|move|p1a: Aegislash|King's Shield|p1a: Aegislash
|-singleturn|p1a: Aegislash|Protect
|move|p2b: Incineroar|Fake Out|p1b: Mimikyu
|-immune|p1b: Mimikyu
|move|p2a: Sinistcha|Matcha Gotcha|p1a: Aegislash|[spread] 
|-activate|p1a: Aegislash|move: Protect
|-miss|p2a: Sinistcha|p1b: Mimikyu
|
|-weather|SunnyDay|[upkeep]
|upkeep
|turn|5
|
|t:|1783882511
|-formechange|p1a: Aegislash|Aegislash-Blade|
|move|p1a: Aegislash|Poltergeist|p2a: Sinistcha
|-activate|p2a: Sinistcha|move: Poltergeist|Occa Berry
|-supereffective|p2a: Sinistcha|1
|-damage|p2a: Sinistcha|24/100
|move|p2a: Sinistcha|Matcha Gotcha|p1a: Aegislash|[spread] p1b
|-miss|p2a: Sinistcha|p1a: Aegislash
|-activate|p1b: Mimikyu|ability: Disguise
|-damage|p1b: Mimikyu|100/100
|detailschange|p1b: Mimikyu|Mimikyu-Busted, L50, M, shiny
|-damage|p1b: Mimikyu|87/100|[from] pokemon: Mimikyu-Busted
|move|p2b: Incineroar|Flare Blitz|p1a: Aegislash
|-supereffective|p1a: Aegislash|1
|-crit|p1a: Aegislash
|-damage|p1a: Aegislash|0 fnt
|faint|p1a: Aegislash
|-damage|p2b: Incineroar|72/100|[from] Recoil
|move|p1b: Mimikyu|Play Rough|p2a: Sinistcha
|-damage|p2a: Sinistcha|0 fnt
|faint|p2a: Sinistcha
|
|-weather|SunnyDay|[upkeep]
|-fieldend|move: Trick Room
|upkeep
|inactive|wade connects has 30 seconds left.
|
|t:|1783882537
|switch|p2a: Sneasler|Sneasler, L50, F|100/100
|switch|p1a: Torkoal|Torkoal, L50, F|12/100
|turn|6
|
|t:|1783882550
|move|p1a: Torkoal|Protect|p1a: Torkoal
|-singleturn|p1a: Torkoal|Protect
|move|p2a: Sneasler|Dire Claw|p1b: Mimikyu
|-damage|p1b: Mimikyu|33/100
|move|p2b: Incineroar|Flare Blitz|p1b: Mimikyu
|-damage|p1b: Mimikyu|0 fnt
|faint|p1b: Mimikyu
|-damage|p2b: Incineroar|63/100|[from] Recoil
|
|-weather|SunnyDay|[upkeep]
|upkeep
|turn|7
|-message|wade connects forfeited.
|
|win|homerj71
