|j|☆somecanadian
|j|☆KodeBeast0526
|html|somecanadianKodeBeast0526    
|uhtml|bestof|Game 1 of a best-of-3
|t:|1783404114
|gametype|doubles
|player|p1|somecanadian|yellow|1000
|player|p2|KodeBeast0526|sailor|1161
|gen|9
|tier|[Gen 9 Champions] VGC 2026 Reg M-B (Bo3)
|rated|
|rule|Species Clause: Limit one of each Pokémon
|rule|Item Clause: Limit 1 of each item
|clearpoke
|poke|p1|Mamoswine, L50, M|
|poke|p1|Talonflame, L50, F|
|poke|p1|Glimmora, L50, M|
|poke|p1|Heliolisk, L50, M|
|poke|p1|Tinkaton, L50, F|
|poke|p1|Tsareena, L50, F|
|poke|p2|Gengar, L50, F|
|poke|p2|Swampert, L50, F|
|poke|p2|Incineroar, L50, F|
|poke|p2|Politoed, L50, F|
|poke|p2|Archaludon, L50, F|
|poke|p2|Vivillon-Ocean, L50, F|
|teampreview|4
|showteam|p1|Mamoswine||FocusSash|Oblivious|Earthquake,IceShard,IcicleCrash,Protect|Adamant||M|||50|]Talonflame||ChartiBerry|FlameBody|Tailwind,BraveBird,FlareBlitz,QuickAttack|Jolly||F|||50|]Glimmora||Glimmoranite|ToxicDebris|PowerGem,SludgeBomb,EarthPower,Protect|Timid||M|||50|]Heliolisk||LifeOrb|DrySkin|Electroweb,HyperVoice,FocusBlast,AllySwitch|Timid||M|||50|]Tinkaton||SitrusBerry|MoldBreaker|FakeOut,GigatonHammer,Encore,Protect|Jolly||F|||50|]Tsareena||ChoiceScarf|QueenlyMajesty|HighJumpKick,TripleAxel,Uturn,PowerWhip|Jolly||F|||50|
|showteam|p2|Gengar||Gengarite|CursedBody|ShadowBall,PerishSong,SludgeBomb,Protect|Timid||F|||50|]Swampert||Swampertite|Torrent|WaveCrash,Earthquake,IcePunch,Protect|Adamant||F|||50|]Incineroar||PasshoBerry|Intimidate|ThroatChop,PartingShot,FakeOut,Protect|Sassy||F|||50|]Politoed||SitrusBerry|Drizzle|WeatherBall,PerishSong,Encore,Protect|Calm||F|||50|]Archaludon||Leftovers|Stamina|DragonPulse,FlashCannon,ElectroShot,Protect|Bold||F|||50|]Vivillon-Ocean||FocusSash|CompoundEyes|Hurricane,SleepPowder,RagePowder,Protect|Timid||F|||50|
|
|t:|1783404138
|teamsize|p1|4
|teamsize|p2|4
|start
|switch|p1a: Talonflame|Talonflame, L50, F|100/100
|switch|p1b: Tinkaton|Tinkaton, L50, F|100/100
|switch|p2a: Incineroar|Incineroar, L50, F|100/100
|switch|p2b: Gengar|Gengar, L50, F|100/100
|-ability|p1b: Tinkaton|Mold Breaker
|-ability|p2a: Incineroar|Intimidate|boost
|-unboost|p1a: Talonflame|atk|1
|-unboost|p1b: Tinkaton|atk|1
|turn|1
|inactive|Battle timer is ON: inactive players will automatically lose when time's up. (requested by somecanadian)
|
|t:|1783404147
|detailschange|p2b: Gengar|Gengar-Mega, L50, F
|-mega|p2b: Gengar|Gengar|Gengarite
|move|p1b: Tinkaton|Fake Out|p2a: Incineroar
|-damage|p2a: Incineroar|94/100
|cant|p2a: Incineroar|flinch
|move|p1a: Talonflame|Tailwind|p1a: Talonflame
|-sidestart|p1: somecanadian|move: Tailwind
|move|p2b: Gengar|Perish Song|p2b: Gengar
|-start|p1a: Talonflame|perish3|[silent]
|-start|p1b: Tinkaton|perish3|[silent]
|-start|p2a: Incineroar|perish3|[silent]
|-start|p2b: Gengar|perish3|[silent]
|-fieldactivate|move: Perish Song
|
|-start|p1a: Talonflame|perish3
|-start|p1b: Tinkaton|perish3
|-start|p2b: Gengar|perish3
|-start|p2a: Incineroar|perish3
|upkeep
|turn|2
|
|t:|1783404163
|move|p2b: Gengar|Protect|p2b: Gengar
|-singleturn|p2b: Gengar|Protect
|move|p2a: Incineroar|Protect|p2a: Incineroar
|-singleturn|p2a: Incineroar|Protect
|move|p1a: Talonflame|Brave Bird|p2b: Gengar
|-activate|p2b: Gengar|move: Protect
|move|p1b: Tinkaton|Encore|p2b: Gengar
|-activate|p2b: Gengar|move: Protect
|
|-start|p1a: Talonflame|perish2
|-start|p1b: Tinkaton|perish2
|-start|p2b: Gengar|perish2
|-start|p2a: Incineroar|perish2
|upkeep
|turn|3
|
|t:|1783404187
|switch|p2b: Politoed|Politoed, L50, F|100/100
|-weather|RainDance|[from] ability: Drizzle|[of] p2b: Politoed
|move|p1a: Talonflame|Brave Bird|p2b: Politoed
|-damage|p2b: Politoed|71/100
|-damage|p1a: Talonflame|88/100|[from] Recoil
|move|p1b: Tinkaton|Encore|p2a: Incineroar
|-start|p2a: Incineroar|Encore
|move|p2a: Incineroar|Protect||[still]
|-fail|p2a: Incineroar
|
|-weather|RainDance|[upkeep]
|-start|p1a: Talonflame|perish1
|-start|p1b: Tinkaton|perish1
|-start|p2a: Incineroar|perish1
|upkeep
|turn|4
|
|t:|1783404205
|switch|p1a: Tsareena|Tsareena, L50, F|100/100
|switch|p1b: Glimmora|Glimmora, L50, M|100/100
|switch|p2a: Gengar|Gengar-Mega, L50, F|100/100
|move|p2b: Politoed|Perish Song|p2b: Politoed
|-start|p1a: Tsareena|perish3|[silent]
|-start|p1b: Glimmora|perish3|[silent]
|-start|p2a: Gengar|perish3|[silent]
|-start|p2b: Politoed|perish3|[silent]
|-fieldactivate|move: Perish Song
|
|-weather|RainDance|[upkeep]
|-start|p1a: Tsareena|perish3
|-start|p1b: Glimmora|perish3
|-start|p2a: Gengar|perish3
|-start|p2b: Politoed|perish3
|-sideend|p1: somecanadian|move: Tailwind
|upkeep
|turn|5
|
|t:|1783404221
|switch|p2b: Incineroar|Incineroar, L50, F|94/100
|-ability|p2b: Incineroar|Intimidate|boost
|-unboost|p1a: Tsareena|atk|1
|-unboost|p1b: Glimmora|atk|1
|detailschange|p1b: Glimmora|Glimmora-Mega, L50, M
|-mega|p1b: Glimmora|Glimmora|Glimmoranite
|move|p2a: Gengar|Protect|p2a: Gengar
|-singleturn|p2a: Gengar|Protect
|move|p1a: Tsareena|U-turn|p2b: Incineroar
|-damage|p2b: Incineroar|81/100
|
|t:|1783404230
|switch|p1a: Tinkaton|Tinkaton, L50, F|100/100|[from] U-turn
|-ability|p1a: Tinkaton|Mold Breaker
|move|p1b: Glimmora|Earth Power|p2a: Gengar
|-activate|p2a: Gengar|move: Protect
|
|-weather|RainDance|[upkeep]
|-start|p2a: Gengar|perish2
|-start|p1b: Glimmora|perish2
|upkeep
|turn|6
|inactive|KodeBeast0526 has 30 seconds left.
|
|t:|1783404263
|switch|p2a: Politoed|Politoed, L50, F|71/100
|move|p1a: Tinkaton|Fake Out|p2b: Incineroar
|-damage|p2b: Incineroar|73/100
|move|p1b: Glimmora|Earth Power|p2a: Politoed
|-crit|p2a: Politoed
|-damage|p2a: Politoed|32/100
|-enditem|p2a: Politoed|Sitrus Berry|[eat]
|-heal|p2a: Politoed|57/100|[from] item: Sitrus Berry
|cant|p2b: Incineroar|flinch
|
|-weather|RainDance|[upkeep]
|-start|p1b: Glimmora|perish1
|upkeep
|turn|7
|
|t:|1783404278
|switch|p1b: Tsareena|Tsareena, L50, F|100/100
|switch|p2b: Gengar|Gengar-Mega, L50, F|100/100
|move|p1a: Tinkaton|Protect|p1a: Tinkaton
|-singleturn|p1a: Tinkaton|Protect
|move|p2a: Politoed|Perish Song|p2a: Politoed
|-start|p1a: Tinkaton|perish3|[silent]
|-start|p1b: Tsareena|perish3|[silent]
|-start|p2a: Politoed|perish3|[silent]
|-start|p2b: Gengar|perish3|[silent]
|-fieldactivate|move: Perish Song
|
|-weather|none
|-start|p1b: Tsareena|perish3
|-start|p2b: Gengar|perish3
|-start|p1a: Tinkaton|perish3
|-start|p2a: Politoed|perish3
|upkeep
|turn|8
|
|t:|1783404305
|switch|p2b: Archaludon|Archaludon, L50, F|100/100
|switch|p2a: Incineroar|Incineroar, L50, F|73/100
|-ability|p2a: Incineroar|Intimidate|boost
|-unboost|p1a: Tinkaton|atk|1
|-unboost|p1b: Tsareena|atk|1
|move|p1b: Tsareena|High Jump Kick|p2a: Incineroar
|-supereffective|p2a: Incineroar|1
|-damage|p2a: Incineroar|27/100
|move|p1a: Tinkaton|Gigaton Hammer|p2b: Archaludon
|-resisted|p2b: Archaludon|1
|-damage|p2b: Archaludon|87/100
|-ability|p2b: Archaludon|Stamina|boost
|-boost|p2b: Archaludon|def|1
|
|-heal|p2b: Archaludon|93/100|[from] item: Leftovers
|-start|p1b: Tsareena|perish2
|-start|p1a: Tinkaton|perish2
|upkeep
|turn|9
|inactive|KodeBeast0526 has 30 seconds left.
|
|t:|1783404333
|switch|p1b: Glimmora|Glimmora-Mega, L50, M|100/100
|switch|p1a: Talonflame|Talonflame, L50, F|88/100
|switch|p2a: Politoed|Politoed, L50, F|57/100
|-weather|RainDance|[from] ability: Drizzle|[of] p2a: Politoed
|move|p2b: Archaludon|Electro Shot||[still]
|-prepare|p2b: Archaludon|Electro Shot
|-boost|p2b: Archaludon|spa|1
|-anim|p2b: Archaludon|Electro Shot|p1a: Talonflame
|-supereffective|p1a: Talonflame|1
|-damage|p1a: Talonflame|0 fnt
|faint|p1a: Talonflame
|
|-weather|RainDance|[upkeep]
|-heal|p2b: Archaludon|100/100|[from] item: Leftovers
|upkeep
|
|t:|1783404344
|switch|p1a: Tsareena|Tsareena, L50, F|100/100
|turn|10
|
|t:|1783404352
|move|p1b: Glimmora|Protect|p1b: Glimmora
|-singleturn|p1b: Glimmora|Protect
|move|p1a: Tsareena|Power Whip|p2a: Politoed|[miss]
|-miss|p1a: Tsareena|p2a: Politoed
|move|p2b: Archaludon|Electro Shot||[still]
|-prepare|p2b: Archaludon|Electro Shot
|-boost|p2b: Archaludon|spa|1
|-anim|p2b: Archaludon|Electro Shot|p1a: Tsareena
|-resisted|p1a: Tsareena|1
|-damage|p1a: Tsareena|54/100
|move|p2a: Politoed|Weather Ball|p1b: Glimmora
|-activate|p1b: Glimmora|move: Protect
|
|-weather|RainDance|[upkeep]
|upkeep
|turn|11
|
|t:|1783404364
|move|p2b: Archaludon|Protect|p2b: Archaludon
|-singleturn|p2b: Archaludon|Protect
|move|p1a: Tsareena|Power Whip|p2a: Politoed
|-supereffective|p2a: Politoed|1
|-damage|p2a: Politoed|0 fnt
|faint|p2a: Politoed
|move|p1b: Glimmora|Earth Power|p2b: Archaludon
|-activate|p2b: Archaludon|move: Protect
|
|-weather|RainDance|[upkeep]
|upkeep
|
|t:|1783404370
|switch|p2a: Incineroar|Incineroar, L50, F|27/100
|-ability|p2a: Incineroar|Intimidate|boost
|-unboost|p1a: Tsareena|atk|1
|-unboost|p1b: Glimmora|atk|1
|turn|12
|
|t:|1783404382
|switch|p1a: Tinkaton|Tinkaton, L50, F|100/100
|-ability|p1a: Tinkaton|Mold Breaker
|move|p2a: Incineroar|Fake Out|p1b: Glimmora
|-resisted|p1b: Glimmora|1
|-damage|p1b: Glimmora|94/100
|cant|p1b: Glimmora|flinch
|move|p2b: Archaludon|Electro Shot||[still]
|-prepare|p2b: Archaludon|Electro Shot
|-boost|p2b: Archaludon|spa|1
|-anim|p2b: Archaludon|Electro Shot|p1a: Tinkaton
|-damage|p1a: Tinkaton|21/100
|-enditem|p1a: Tinkaton|Sitrus Berry|[eat]
|-heal|p1a: Tinkaton|46/100|[from] item: Sitrus Berry
|
|-weather|RainDance|[upkeep]
|upkeep
|turn|13
|
|t:|1783404401
|move|p2b: Archaludon|Protect|p2b: Archaludon
|-singleturn|p2b: Archaludon|Protect
|move|p1a: Tinkaton|Fake Out|p2a: Incineroar
|-damage|p2a: Incineroar|19/100
|move|p1b: Glimmora|Earth Power|p2b: Archaludon
|-activate|p2b: Archaludon|move: Protect
|cant|p2a: Incineroar|flinch
|
|-weather|none
|upkeep
|turn|14
|
|t:|1783404417
|move|p1a: Tinkaton|Protect|p1a: Tinkaton
|-singleturn|p1a: Tinkaton|Protect
|move|p1b: Glimmora|Earth Power|p2a: Incineroar
|-supereffective|p2a: Incineroar|1
|-damage|p2a: Incineroar|0 fnt
|faint|p2a: Incineroar
|move|p2b: Archaludon|Flash Cannon|p1b: Glimmora
|-supereffective|p1b: Glimmora|1
|-damage|p1b: Glimmora|0 fnt
|faint|p1b: Glimmora
|
|upkeep
|
|t:|1783404424
|switch|p1b: Tsareena|Tsareena, L50, F|54/100
|switch|p2a: Gengar|Gengar-Mega, L50, F|100/100
|turn|15
|
|t:|1783404435
|move|p1b: Tsareena|High Jump Kick|p2b: Archaludon
|-supereffective|p2b: Archaludon|1
|-damage|p2b: Archaludon|67/100
|-ability|p2b: Archaludon|Stamina|boost
|-boost|p2b: Archaludon|def|1
|move|p2a: Gengar|Sludge Bomb|p1b: Tsareena
|-supereffective|p1b: Tsareena|1
|-damage|p1b: Tsareena|0 fnt
|faint|p1b: Tsareena
|move|p1a: Tinkaton|Gigaton Hammer|p2a: Gengar
|-damage|p2a: Gengar|47/100
|move|p2b: Archaludon|Flash Cannon|p1a: Tinkaton
|-damage|p1a: Tinkaton|0 fnt
|faint|p1a: Tinkaton
|
|win|KodeBeast0526
||somecanadian is ready for game 2.
