|j|☆B1g b3luga
|j|☆Lorido
|html|B1g b3lugaLorido    
|uhtml|bestof|Game 3 of a best-of-3
|t:|1784653523
|gametype|doubles
|player|p1|B1g b3luga|265|1139
|player|p2|Lorido|101|1192
|gen|9
|tier|[Gen 9 Champions] VGC 2026 Reg M-B (Bo3)
|rated|
|rule|Species Clause: Limit one of each Pokémon
|rule|Item Clause: Limit 1 of each item
|clearpoke
|poke|p1|Sylveon, L50, F, shiny|
|poke|p1|Aerodactyl, L50, M|
|poke|p1|Farigiraf, L50, M|
|poke|p1|Charizard, L50, F, shiny|
|poke|p1|Kingambit, L50, M|
|poke|p1|Garchomp, L50, F|
|poke|p2|Aerodactyl, L50, F|
|poke|p2|Kingambit, L50, F|
|poke|p2|Sylveon, L50, F|
|poke|p2|Charizard, L50, M|
|poke|p2|Garchomp, L50, F|
|poke|p2|Farigiraf, L50, F|
|teampreview|4
|showteam|p1|Sylveon||FairyFeather|Pixilate|HyperBeam,HyperVoice,Detect,Yawn|Modest||F|||50|]Aerodactyl||Aerodactylite|RockHead|RockSlide,Protect,Tailwind,IceFang|Jolly||M|||50|]Farigiraf||SitrusBerry|ArmorTail|TrickRoom,TwinBeam,Thunderbolt,Protect|Relaxed||M|||50|]Charizard||CharizarditeY|Blaze|HeatWave,WeatherBall,Protect,SolarBeam|Timid||F|||50|]Kingambit||FocusSash|Defiant|LowKick,IronHead,SuckerPunch,KowtowCleave|Adamant||M|||50|]Garchomp||LifeOrb|RoughSkin|StompingTantrum,RockSlide,Protect,DragonClaw|Jolly||F|||50|
|showteam|p2|Aerodactyl||Aerodactylite|Unnerve|RockSlide,DualWingbeat,IceFang,Tailwind|Jolly||F|||50|]Kingambit||BlackGlasses|Defiant|KowtowCleave,IronHead,SuckerPunch,LowKick|Jolly||F|||50|]Sylveon||FairyFeather|Pixilate|HyperVoice,QuickAttack,HyperBeam,Detect|Modest||F|||50|]Charizard||CharizarditeY|Blaze|HeatWave,WeatherBall,SolarBeam,Protect|Modest||M|||50|]Garchomp||LifeOrb|RoughSkin|DragonClaw,Earthquake,RockSlide,Protect|Jolly||F|||50|]Farigiraf||SitrusBerry|ArmorTail|TwinBeam,Thunderbolt,TrickRoom,HelpingHand|Relaxed||F|||50|
|inactive|Battle timer is ON: inactive players will automatically lose when time's up. (requested by Lorido)
|
|t:|1784653551
|teamsize|p1|4
|teamsize|p2|4
|start
|switch|p1a: Aerodactyl|Aerodactyl, L50, M|100/100
|switch|p1b: Sylveon|Sylveon, L50, F, shiny|100/100
|switch|p2a: Kingambit|Kingambit, L50, F|100/100
|switch|p2b: Aerodactyl|Aerodactyl, L50, F|100/100
|-ability|p2b: Aerodactyl|Unnerve
|turn|1
|
|t:|1784653571
|detailschange|p1a: Aerodactyl|Aerodactyl-Mega, L50, M
|-mega|p1a: Aerodactyl|Aerodactyl|Aerodactylite
|move|p1a: Aerodactyl|Tailwind|p1a: Aerodactyl
|-sidestart|p1: B1g b3luga|move: Tailwind
|move|p2b: Aerodactyl|Tailwind|p2b: Aerodactyl
|-sidestart|p2: Lorido|move: Tailwind
|move|p2a: Kingambit|Iron Head|p1a: Aerodactyl
|-supereffective|p1a: Aerodactyl|1
|-damage|p1a: Aerodactyl|0 fnt
|faint|p1a: Aerodactyl
|move|p1b: Sylveon|Hyper Beam|p2a: Kingambit
|-damage|p2a: Kingambit|0 fnt
|-mustrecharge|p1b: Sylveon
|faint|p2a: Kingambit
|
|upkeep
|
|t:|1784653587
|switch|p1a: Farigiraf|Farigiraf, L50, M|100/100
|switch|p2a: Sylveon|Sylveon, L50, F|100/100
|turn|2
|inactive|Lorido has 30 seconds left.
|inactive|Lorido has 20 seconds left.
|
|t:|1784653624
|move|p2b: Aerodactyl|Dual Wingbeat|p1a: Farigiraf
|-damage|p1a: Farigiraf|86/100
|-damage|p1a: Farigiraf|73/100
|-hitcount|p1a: Farigiraf|2
|move|p2a: Sylveon|Hyper Beam|p1a: Farigiraf
|-damage|p1a: Farigiraf|0 fnt
|-mustrecharge|p2a: Sylveon
|faint|p1a: Farigiraf
|cant|p1b: Sylveon|recharge
|
|upkeep
|
|t:|1784653632
|switch|p1a: Kingambit|Kingambit, L50, M|100/100
|turn|3
|
|t:|1784653649
|move|p2b: Aerodactyl|Rock Slide|p1b: Sylveon|[spread] p1a,p1b
|-resisted|p1a: Kingambit|1
|-damage|p1a: Kingambit|91/100
|-damage|p1b: Sylveon|72/100
|cant|p2a: Sylveon|recharge
|cant|p1a: Kingambit|flinch
|move|p1b: Sylveon|Hyper Beam|p2b: Aerodactyl
|-damage|p2b: Aerodactyl|0 fnt
|-mustrecharge|p1b: Sylveon
|faint|p2b: Aerodactyl
|
|upkeep
|
|t:|1784653657
|switch|p2b: Charizard|Charizard, L50, M|100/100
|turn|4
|
|t:|1784653667
|detailschange|p2b: Charizard|Charizard-Mega-Y, L50, M
|-mega|p2b: Charizard|Charizard|Charizardite Y
|-weather|SunnyDay|[from] ability: Drought|[of] p2b: Charizard
|move|p1a: Kingambit|Sucker Punch|p2b: Charizard
|-damage|p2b: Charizard|61/100
|move|p2b: Charizard|Weather Ball|p1a: Kingambit
|-supereffective|p1a: Kingambit|1
|-damage|p1a: Kingambit|0 fnt
|faint|p1a: Kingambit
|move|p2a: Sylveon|Hyper Voice|p1b: Sylveon
|-damage|p1b: Sylveon|29/100
|cant|p1b: Sylveon|recharge
|
|-weather|SunnyDay|[upkeep]
|-sideend|p1: B1g b3luga|move: Tailwind
|-sideend|p2: Lorido|move: Tailwind
|upkeep
|turn|5
|-message|B1g b3luga forfeited.
|
|win|Lorido
|raw|B1g b3luga's rating: 1139 → 1118(-21 for losing)
|raw|Lorido's rating: 1192 → 1213(+21 for winning)
|l|☆B1g b3luga
|player|p1|
