|j|☆naibot2814
|j|☆Professor_J93
|html|naibot2814Professor_J93    
|uhtml|bestof|Game 2 of a best-of-3
|t:|1783529884
|gametype|doubles
|player|p1|naibot2814|ghetsis|1374
|player|p2|Professor_J93|n|1350
|gen|9
|tier|[Gen 9 Champions] VGC 2026 Reg M-B (Bo3)
|rated|
|rule|Species Clause: Limit one of each Pokémon
|rule|Item Clause: Limit 1 of each item
|clearpoke
|poke|p1|Blastoise, L50, M|
|poke|p1|Incineroar, L50, M|
|poke|p1|Sneasler, L50, M|
|poke|p1|Sinistcha, L50|
|poke|p1|Kingambit, L50, M, shiny|
|poke|p1|Floette-Eternal, L50, F|
|poke|p2|Raichu, L50, F, shiny|
|poke|p2|Vivillon-Ocean, L50, M, shiny|
|poke|p2|Infernape, L50, M|
|poke|p2|Farigiraf, L50, F, shiny|
|poke|p2|Meganium, L50, M|
|poke|p2|Dragapult, L50, M|
|teampreview|4
|showteam|p1|Blastoise||Blastoisinite|Torrent|WaterSpout,DarkPulse,ShellSmash,Protect|Modest||M|||50|]Incineroar||SitrusBerry|Intimidate|FakeOut,FlareBlitz,DarkestLariat,PartingShot|Careful||M|||50|]Sneasler||FocusSash|PoisonTouch|FakeOut,CloseCombat,PoisonJab,RockTomb|Jolly||M|||50|]Sinistcha||KasibBerry|Hospitality|MatchaGotcha,TrickRoom,RagePowder,Protect|Bold|||||50|]Kingambit||BlackGlasses|Defiant|KowtowCleave,SuckerPunch,SwordsDance,Protect|Adamant||M|||50|]Floette-Eternal||Floettite|FlowerVeil|DrainingKiss,DazzlingGleam,CalmMind,Protect|Modest||F|||50|
|showteam|p2|Raichu||RaichuniteY|LightningRod|ZapCannon,FocusBlast,FakeOut,Protect|Modest||F|||50|]Vivillon-Ocean||FocusSash|CompoundEyes|Hurricane,Tailwind,SleepPowder,Protect|Timid||M|||50|]Infernape||Charcoal|Blaze|Overheat,FakeOut,Encore,Protect|Timid||M|||50|]Farigiraf||SitrusBerry|ArmorTail|Psyshock,Roar,TrickRoom,HelpingHand|Relaxed||F|||50|]Meganium||Meganiumite|Overgrow|SolarBeam,DazzlingGleam,WeatherBall,Protect|Modest||M|||50|]Dragapult||LifeOrb|ClearBody|DragonDarts,WillOWisp,PhantomForce,Protect|Jolly||M|||50|
|
|t:|1783529910
|teamsize|p1|4
|teamsize|p2|4
|start
|switch|p1a: Blastoise|Blastoise, L50, M|100/100
|switch|p1b: Sneasler|Sneasler, L50, M|100/100
|switch|p2a: Raichu|Raichu, L50, F, shiny|100/100
|switch|p2b: Serper|Infernape, L50, M|100/100
|turn|1
|
|t:|1783529926
|switch|p1b: Sinistcha|Sinistcha, L50|100/100
|switch|p2b: Farigiraf|Farigiraf, L50, F, shiny|100/100
|detailschange|p2a: Raichu|Raichu-Mega-Y, L50, F, shiny
|-mega|p2a: Raichu|Raichu|Raichunite Y
|move|p1a: Blastoise|Protect|p1a: Blastoise
|-singleturn|p1a: Blastoise|Protect
|move|p2a: Raichu|Zap Cannon|p1a: Blastoise
|-activate|p1a: Blastoise|move: Protect
|
|upkeep
|turn|2
|
|t:|1783529938
|switch|p2a: Serper|Infernape, L50, M|100/100
|detailschange|p1a: Blastoise|Blastoise-Mega, L50, M
|-mega|p1a: Blastoise|Blastoise|Blastoisinite
|move|p1b: Sinistcha|Rage Powder|p1b: Sinistcha
|-singleturn|p1b: Sinistcha|move: Rage Powder
|move|p1a: Blastoise|Water Spout|p2b: Farigiraf|[spread] p2a,p2b
|-supereffective|p2a: Serper|1
|-damage|p2a: Serper|0 fnt
|-damage|p2b: Farigiraf|35/100
|-enditem|p2b: Farigiraf|Sitrus Berry|[eat]
|-heal|p2b: Farigiraf|60/100|[from] item: Sitrus Berry
|faint|p2a: Serper
|move|p2b: Farigiraf|Roar|p1b: Sinistcha
|drag|p1b: Sneasler|Sneasler, L50, M|100/100
|
|upkeep
|
|t:|1783529946
|switch|p2a: Raichu|Raichu-Mega-Y, L50, F, shiny|100/100
|turn|3
|
|t:|1783529955
|switch|p1b: Sinistcha|Sinistcha, L50|100/100
|move|p1a: Blastoise|Protect|p1a: Blastoise
|-singleturn|p1a: Blastoise|Protect
|move|p2a: Raichu|Zap Cannon|p1b: Sinistcha
|-resisted|p1b: Sinistcha|1
|-damage|p1b: Sinistcha|62/100
|-status|p1b: Sinistcha|par
|move|p2b: Farigiraf|Roar|p1a: Blastoise
|drag|p1a: Kingambit|Kingambit, L50, M, shiny|100/100
|
|upkeep
|turn|4
|
|t:|1783529982
|switch|p2b: Maui|Vivillon-Ocean, L50, M, shiny|100/100
|move|p2a: Raichu|Protect|p2a: Raichu
|-singleturn|p2a: Raichu|Protect
|move|p1b: Sinistcha|Rage Powder|p1b: Sinistcha
|-singleturn|p1b: Sinistcha|move: Rage Powder
|move|p1a: Kingambit|Kowtow Cleave|p2b: Maui
|-enditem|p2b: Maui|Focus Sash
|-damage|p2b: Maui|1/100
|
|upkeep
|turn|5
|
|t:|1783529999
|switch|p2a: Farigiraf|Farigiraf, L50, F, shiny|60/100
|move|p1b: Sinistcha|Rage Powder|p1b: Sinistcha
|-singleturn|p1b: Sinistcha|move: Rage Powder
|move|p2b: Maui|Hurricane|p1b: Sinistcha
|-supereffective|p1b: Sinistcha|1
|-damage|p1b: Sinistcha|0 fnt
|faint|p1b: Sinistcha
|move|p1a: Kingambit|Kowtow Cleave|p2b: Maui
|-damage|p2b: Maui|0 fnt
|faint|p2b: Maui
|
|upkeep
|
|t:|1783530008
|switch|p2b: Raichu|Raichu-Mega-Y, L50, F, shiny|100/100
|switch|p1b: Sneasler|Sneasler, L50, M|100/100
|turn|6
|
|t:|1783530022
|move|p2b: Raichu|Fake Out|p1b: Sneasler
|-damage|p1b: Sneasler|86/100
|cant|p1b: Sneasler|flinch
|move|p2a: Farigiraf|Psyshock|p1b: Sneasler
|-supereffective|p1b: Sneasler|2
|-damage|p1b: Sneasler|0 fnt
|faint|p1b: Sneasler
|move|p1a: Kingambit|Kowtow Cleave|p2a: Farigiraf
|-supereffective|p2a: Farigiraf|1
|-damage|p2a: Farigiraf|0 fnt
|faint|p2a: Farigiraf
|
|upkeep
|
|t:|1783530028
|switch|p1b: Blastoise|Blastoise-Mega, L50, M|100/100
|turn|7
|
|t:|1783530036
|move|p2b: Raichu|Focus Blast|p1a: Kingambit
|-supereffective|p1a: Kingambit|2
|-damage|p1a: Kingambit|0 fnt
|faint|p1a: Kingambit
|move|p1b: Blastoise|Water Spout|p2b: Raichu
|-damage|p2b: Raichu|0 fnt
|faint|p2b: Raichu
|
|win|naibot2814
||naibot2814 is ready for game 3.
||Professor_J93 is ready for game 3.
|uhtml|next|Next: Game 3 of 3
|l|☆Professor_J93
|player|p2|
