|j|☆Cotton999
|j|☆ZilverZurfer
|html|Cotton999ZilverZurfer    
|uhtml|bestof|Game 1 of a best-of-3
|t:|1757629336
|gametype|doubles
|player|p1|Cotton999|giovanni|1000
|player|p2|ZilverZurfer|2|1115
|gen|9
|tier|[Gen 9] VGC 2025 Reg H (Bo3)
|rated|
|rule|Species Clause: Limit one of each Pokémon
|rule|Item Clause: Limit 1 of each item
|clearpoke
|poke|p1|Tyranitar, L50, F|
|poke|p1|Bronzong, L50|
|poke|p1|Excadrill, L50, M|
|poke|p1|Sinistcha-Masterpiece, L50|
|poke|p1|Incineroar, L50, M|
|poke|p1|Ursaluna, L50, F|
|poke|p2|Torkoal, L50, F|
|poke|p2|Lilligant-Hisui, L50, F|
|poke|p2|Indeedee-F, L50, F|
|poke|p2|Hatterene, L50, F|
|poke|p2|Gallade, L50, M|
|poke|p2|Ursaluna, L50, F|
|teampreview|4
|showteam|p1|Tyranitar||AssaultVest|SandStream|KnockOff,RockSlide,LowKick,TeraBlast|||F|||50|,,,,,Flying]Bronzong||MentalHerb|Levitate|TrickRoom,Gravity,Hypnosis,Protect||||||50|,,,,,Dark]Excadrill||ChoiceBand|SandRush|BrickBreak,IronHead,HighHorsepower,XScissor|||M|||50|,,,,,Dragon]Sinistcha-Masterpiece||SitrusBerry|Hospitality|MatchaGotcha,Protect,LifeDew,RagePowder||||||50|,,,,,Water]Incineroar||SafetyGoggles|Intimidate|FakeOut,FlareBlitz,PartingShot,Protect|||M|||50|,,,,,Ghost]Ursaluna||FlameOrb|Guts|Earthquake,Facade,CloseCombat,Protect|||F|||50|,,,,,Water
|showteam|p2|Torkoal||ChoiceSpecs|Drought|Eruption,HeatWave,EarthPower,WeatherBall|||F|||50|,,,,,Fire]Lilligant-Hisui||FocusSash|Chlorophyll|Protect,AfterYou,CloseCombat,SolarBlade|||F|||50|,,,,,Ghost]Indeedee-F||PsychicSeed|PsychicSurge|Psychic,HelpingHand,TrickRoom,FollowMe|||F|||50|,,,,,Water]Hatterene||LifeOrb|MagicBounce|Protect,ExpandingForce,DazzlingGleam,TrickRoom|||F|||50|,,,,,Fire]Gallade||ClearAmulet|Sharpness|SacredSword,PsychoCut,TrickRoom,WideGuard|||M|||50|,,,,,Grass]Ursaluna||FlameOrb|Guts|Protect,HeadlongRush,Earthquake,Facade|||F|||50|,,,,,Ghost
|inactive|Battle timer is ON: inactive players will automatically lose when time's up. (requested by Cotton999)
|inactive|Cotton999 has 60 seconds left.
|inactive|ZilverZurfer has 60 seconds left.
|
|t:|1757629391
|teamsize|p1|4
|teamsize|p2|4
|start
|switch|p1a: Tyranitar|Tyranitar, L50, F|100/100
|switch|p1b: Excadrill|Excadrill, L50, M|100/100
|switch|p2a: Torkoal|Torkoal, L50, F|100/100
|switch|p2b: Lilligant|Lilligant-Hisui, L50, F|100/100
|-weather|Sandstorm|[from] ability: Sand Stream|[of] p1a: Tyranitar
|-weather|SunnyDay|[from] ability: Drought|[of] p2a: Torkoal
|turn|1
|
|t:|1757629415
|switch|p1b: Incineroar|Incineroar, L50, M|100/100
|-ability|p1b: Incineroar|Intimidate|boost
|-unboost|p2a: Torkoal|atk|1
|-unboost|p2b: Lilligant|atk|1
|-terastallize|p1a: Tyranitar|Flying
|move|p2b: Lilligant|After You|p2a: Torkoal
|-activate|p2a: Torkoal|move: After You
|move|p2a: Torkoal|Eruption|p1b: Incineroar|[spread] p1a,p1b
|-resisted|p1b: Incineroar
|-damage|p1a: Tyranitar|39/100
|-damage|p1b: Incineroar|66/100
|move|p1a: Tyranitar|Rock Slide|p2b: Lilligant|[spread] p2a,p2b
|-supereffective|p2a: Torkoal
|-resisted|p2b: Lilligant
|-damage|p2a: Torkoal|56/100
|-damage|p2b: Lilligant|79/100
|
|-weather|SunnyDay|[upkeep]
|upkeep
|turn|2
|inactive|ZilverZurfer has 30 seconds left.
|inactive|Cotton999 has 30 seconds left.
|
|t:|1757629451
|switch|p2a: Ursaluna|Ursaluna, L50, F|100/100
|move|p2b: Lilligant|Close Combat|p1b: Incineroar
|-supereffective|p1b: Incineroar
|-damage|p1b: Incineroar|0 fnt
|-unboost|p2b: Lilligant|def|1
|-unboost|p2b: Lilligant|spd|1
|faint|p1b: Incineroar
|move|p1a: Tyranitar|Rock Slide|p2b: Lilligant|[spread] p2a,p2b
|-resisted|p2a: Ursaluna
|-resisted|p2b: Lilligant
|-damage|p2a: Ursaluna|90/100
|-damage|p2b: Lilligant|47/100
|
|-weather|SunnyDay|[upkeep]
|-status|p2a: Ursaluna|brn|[from] item: Flame Orb
|upkeep
|
|t:|1757629463
|switch|p1b: Sinistcha|Sinistcha-Masterpiece, L50|100/100
|-heal|p1a: Tyranitar|64/100|[from] ability: Hospitality|[of] p1b: Sinistcha
|turn|3
|inactive|ZilverZurfer has 30 seconds left.
|inactive|ZilverZurfer has 20 seconds left.
|inactive|ZilverZurfer has 15 seconds left.
|inactive|ZilverZurfer has 10 seconds left.
|
|t:|1757629511
|switch|p2b: Gallade|Gallade, L50, M|100/100
|move|p1b: Sinistcha|Matcha Gotcha|p2b: Gallade|[spread] p2a,p2b
|-supereffective|p2a: Ursaluna
|-damage|p2a: Ursaluna|48/100 brn
|-damage|p2b: Gallade|78/100
|-status|p2b: Gallade|brn
|move|p1a: Tyranitar|Low Kick|p2a: Ursaluna
|-supereffective|p2a: Ursaluna
|-damage|p2a: Ursaluna|0 fnt
|faint|p2a: Ursaluna
|
|-weather|SunnyDay|[upkeep]
|-damage|p2b: Gallade|72/100 brn|[from] brn
|upkeep
|inactive|ZilverZurfer has 30 seconds left.
|
|t:|1757629542
|switch|p2a: Lilligant|Lilligant-Hisui, L50, F|47/100
|turn|4
|
|t:|1757629563
|move|p2a: Lilligant|Close Combat|p1a: Tyranitar
|-resisted|p1a: Tyranitar
|-damage|p1a: Tyranitar|43/100
|-unboost|p2a: Lilligant|def|1
|-unboost|p2a: Lilligant|spd|1
|move|p1b: Sinistcha|Life Dew||[still]|[spread] p1a,p1b
|-heal|p1a: Tyranitar|68/100
|-fail|p1b: Sinistcha|heal
|move|p1a: Tyranitar|Tera Blast|p2b: Gallade|[anim] Tera Blast Flying
|-supereffective|p2b: Gallade
|-damage|p2b: Gallade|0 fnt
|faint|p2b: Gallade
|
|-weather|SunnyDay|[upkeep]
|upkeep
|
|t:|1757629573
|switch|p2b: Torkoal|Torkoal, L50, F|56/100
|turn|5
|
|t:|1757629581
|-terastallize|p2b: Torkoal|Fire
|move|p2a: Lilligant|After You|p2b: Torkoal
|-activate|p2b: Torkoal|move: After You
|move|p2b: Torkoal|Heat Wave|p1a: Tyranitar|[spread] p1a,p1b
|-supereffective|p1b: Sinistcha
|-damage|p1a: Tyranitar|14/100
|-damage|p1b: Sinistcha|0 fnt
|faint|p1b: Sinistcha
|move|p1a: Tyranitar|Rock Slide|p2a: Lilligant|[spread] p2b
|-miss|p1a: Tyranitar|p2a: Lilligant
|-supereffective|p2b: Torkoal
|-damage|p2b: Torkoal|16/100
|
|-weather|none
|upkeep
|
|t:|1757629593
|switch|p1b: Excadrill|Excadrill, L50, M|100/100
|turn|6
|
|t:|1757629618
|move|p2a: Lilligant|After You|p2b: Torkoal
|-activate|p2b: Torkoal|move: After You
|move|p2b: Torkoal|Heat Wave|p1a: Tyranitar|[spread] p1a,p1b
|-supereffective|p1b: Excadrill
|-damage|p1a: Tyranitar|0 fnt
|-damage|p1b: Excadrill|0 fnt
|faint|p1a: Tyranitar
|faint|p1b: Excadrill
|
|win|ZilverZurfer
||ZilverZurfer is ready for game 2.
||Cotton999 is ready for game 2.
|uhtml|next|Next: Game 2 of 3
