|j|☆Sirox185
|j|☆Permasona
|html|Sirox185Permasona    
|uhtml|bestof|Game 1 of a best-of-3
|t:|1757630608
|gametype|doubles
|player|p1|Sirox185|2|1382
|player|p2|Permasona|sabrina|1303
|gen|9
|tier|[Gen 9] VGC 2025 Reg H (Bo3)
|rated|
|rule|Species Clause: Limit one of each Pokémon
|rule|Item Clause: Limit 1 of each item
|clearpoke
|poke|p1|Gholdengo, L50|
|poke|p1|Archaludon, L50, M|
|poke|p1|Sneasler, L50, F|
|poke|p1|Pelipper, L50, F|
|poke|p1|Rillaboom, L50, F|
|poke|p1|Incineroar, L50, F|
|poke|p2|Ursaluna, L50, M|
|poke|p2|Archaludon, L50, F|
|poke|p2|Pelipper, L50, M|
|poke|p2|Sinistcha-Masterpiece, L50|
|poke|p2|Incineroar, L50, F|
|poke|p2|Overqwil, L50, F|
|teampreview|4
|showteam|p1|Gholdengo||MetalCoat|GoodasGold|MakeItRain,ShadowBall,NastyPlot,Protect||||||50|,,,,,Fighting]Archaludon||PowerHerb|Sturdy|ElectroShot,DragonPulse,FlashCannon,Protect|||M|||50|,,,,,Electric]Sneasler||GrassySeed|Unburden|CloseCombat,DireClaw,ThroatChop,Protect|||F|||50|,,,,,Dark]Pelipper||ChoiceScarf|Drizzle|WeatherBall,Hurricane,MuddyWater,Tailwind|||F|||50|,,,,,Ghost]Rillaboom||AssaultVest|GrassySurge|FakeOut,WoodHammer,GrassyGlide,HighHorsepower|||F|||50|,,,,,Fire]Incineroar||SafetyGoggles|Intimidate|FakeOut,FlareBlitz,KnockOff,PartingShot|||F|||50|,,,,,Ghost
|showteam|p2|Ursaluna||FlameOrb|Guts|Earthquake,HeadlongRush,Facade,Protect|||M|||50|,,,,,Ghost]Archaludon||AssaultVest|Stamina|DragonPulse,ElectroShot,BodyPress,FlashCannon|||F|||50|,,,,,Fairy]Pelipper||FocusSash|Drizzle|Tailwind,Protect,Hurricane,WeatherBall|||M|||50|,,,,,Ghost]Sinistcha-Masterpiece||CovertCloak|Hospitality|MatchaGotcha,NastyPlot,TrickRoom,RagePowder||||||50|,,,,,Poison]Incineroar||SafetyGoggles|Intimidate|FlareBlitz,KnockOff,PartingShot,FakeOut|||F|||50|,,,,,Flying]Overqwil||LifeOrb|SwiftSwim|PoisonJab,Protect,Liquidation,ThroatChop|||F|||50|,,,,,Water
|inactive|Battle timer is ON: inactive players will automatically lose when time's up. (requested by Permasona)
|inactive|Sirox185 has 60 seconds left.
|inactive|Permasona has 60 seconds left.
|
|t:|1757630643
|teamsize|p1|4
|teamsize|p2|4
|start
|switch|p1a: Pelipper|Pelipper, L50, F|100/100
|switch|p1b: Archaludon|Archaludon, L50, M|100/100
|switch|p2a: Incineroar|Incineroar, L50, F|100/100
|switch|p2b: Sinistcha|Sinistcha-Masterpiece, L50|100/100
|-weather|RainDance|[from] ability: Drizzle|[of] p1a: Pelipper
|-ability|p2a: Incineroar|Intimidate|boost
|-unboost|p1a: Pelipper|atk|1
|-unboost|p1b: Archaludon|atk|1
|turn|1
|inactive|Sirox185 has 30 seconds left.
|inactive|Permasona has 30 seconds left.
|
|t:|1757630671
|move|p2a: Incineroar|Fake Out|p1b: Archaludon
|-resisted|p1b: Archaludon
|-damage|p1b: Archaludon|95/100
|move|p1a: Pelipper|Weather Ball|p2a: Incineroar
|-supereffective|p2a: Incineroar
|-damage|p2a: Incineroar|0 fnt
|faint|p2a: Incineroar
|cant|p1b: Archaludon|flinch
|move|p2b: Sinistcha|Trick Room|p2b: Sinistcha
|-fieldstart|move: Trick Room|[of] p2b: Sinistcha
|
|-weather|RainDance|[upkeep]
|upkeep
|
|t:|1757630674
|switch|p2a: Ursaluna|Ursaluna, L50, M|100/100
|turn|2
|
|t:|1757630698
|switch|p1a: Incineroar|Incineroar, L50, F|100/100
|-ability|p1a: Incineroar|Intimidate|boost
|-unboost|p2a: Ursaluna|atk|1
|-unboost|p2b: Sinistcha|atk|1
|move|p2a: Ursaluna|Protect|p2a: Ursaluna
|-singleturn|p2a: Ursaluna|Protect
|move|p1b: Archaludon|Protect|p1b: Archaludon
|-singleturn|p1b: Archaludon|Protect
|move|p2b: Sinistcha|Nasty Plot|p2b: Sinistcha
|-boost|p2b: Sinistcha|spa|2
|
|-weather|RainDance|[upkeep]
|-status|p2a: Ursaluna|brn|[from] item: Flame Orb
|upkeep
|turn|3
|inactive|Sirox185 has 30 seconds left.
|inactive|Sirox185 has 20 seconds left.
|inactive|Sirox185 has 15 seconds left.
|
|t:|1757630746
|switch|p1a: Rillaboom|Rillaboom, L50, F|100/100
|-fieldstart|move: Grassy Terrain|[from] ability: Grassy Surge|[of] p1a: Rillaboom
|-terastallize|p2a: Ursaluna|Ghost
|move|p2b: Sinistcha|Matcha Gotcha|p1b: Archaludon|[spread] p1b
|-miss|p2b: Sinistcha|p1a: Rillaboom
|-resisted|p1b: Archaludon
|-damage|p1b: Archaludon|70/100
|move|p2a: Ursaluna|Earthquake|p1b: Archaludon|[spread] p2b,p1a,p1b
|-resisted|p2b: Sinistcha
|-resisted|p1a: Rillaboom
|-supereffective|p1b: Archaludon
|-damage|p2b: Sinistcha|92/100
|-damage|p1a: Rillaboom|90/100
|-damage|p1b: Archaludon|33/100
|move|p1b: Archaludon|Dragon Pulse|p2a: Ursaluna
|-damage|p2a: Ursaluna|60/100 brn
|
|-weather|RainDance|[upkeep]
|-heal|p2b: Sinistcha|98/100|[from] Grassy Terrain
|-heal|p2a: Ursaluna|66/100 brn|[from] Grassy Terrain
|-heal|p1a: Rillaboom|96/100|[from] Grassy Terrain
|-heal|p1b: Archaludon|39/100|[from] Grassy Terrain
|-damage|p2a: Ursaluna|60/100 brn|[from] brn
|upkeep
|turn|4
|j| akabaki
|inactive|Sirox185 has 30 seconds left.
|
|t:|1757630773
|switch|p1b: Incineroar|Incineroar, L50, F|100/100
|-ability|p1b: Incineroar|Intimidate|boost
|-unboost|p2a: Ursaluna|atk|1
|-unboost|p2b: Sinistcha|atk|1
|move|p2b: Sinistcha|Matcha Gotcha|p1b: Incineroar|[spread] p1a
|-miss|p2b: Sinistcha|p1b: Incineroar
|-resisted|p1a: Rillaboom
|-damage|p1a: Rillaboom|74/100
|-heal|p2b: Sinistcha|100/100|[from] drain|[of] p1a: Rillaboom
|move|p2a: Ursaluna|Facade|p1a: Rillaboom
|-damage|p1a: Rillaboom|22/100
|move|p1a: Rillaboom|Wood Hammer|p2a: Ursaluna
|-damage|p2a: Ursaluna|2/100 brn
|-damage|p1a: Rillaboom|1/100|[from] Recoil
|
|-weather|RainDance|[upkeep]
|-heal|p2a: Ursaluna|8/100 brn|[from] Grassy Terrain
|-heal|p1a: Rillaboom|7/100|[from] Grassy Terrain
|-damage|p2a: Ursaluna|2/100 brn|[from] brn
|upkeep
|turn|5
|
|t:|1757630794
|move|p2a: Ursaluna|Protect|p2a: Ursaluna
|-singleturn|p2a: Ursaluna|Protect
|move|p1a: Rillaboom|Grassy Glide|p2a: Ursaluna
|-activate|p2a: Ursaluna|move: Protect
|move|p2b: Sinistcha|Matcha Gotcha|p1a: Rillaboom|[spread] p1a,p1b
|-resisted|p1a: Rillaboom
|-resisted|p1b: Incineroar
|-damage|p1a: Rillaboom|0 fnt
|-damage|p1b: Incineroar|67/100
|faint|p1a: Rillaboom
|move|p1b: Incineroar|Knock Off|p2b: Sinistcha
|-supereffective|p2b: Sinistcha
|-damage|p2b: Sinistcha|29/100
|-enditem|p2b: Sinistcha|Covert Cloak|[from] move: Knock Off|[of] p1b: Incineroar
|
|-weather|none
|-heal|p2b: Sinistcha|35/100|[from] Grassy Terrain
|-heal|p2a: Ursaluna|8/100 brn|[from] Grassy Terrain
|-heal|p1b: Incineroar|73/100|[from] Grassy Terrain
|-damage|p2a: Ursaluna|2/100 brn|[from] brn
|-fieldend|move: Trick Room
|upkeep
|
|t:|1757630812
|switch|p1a: Pelipper|Pelipper, L50, F|100/100
|-weather|RainDance|[from] ability: Drizzle|[of] p1a: Pelipper
|turn|6
|inactive|Sirox185 has 30 seconds left.
|
|t:|1757630842
|switch|p2b: Archaludon|Archaludon, L50, F|100/100
|move|p1a: Pelipper|Hurricane|p2b: Archaludon
|-resisted|p2b: Archaludon
|-damage|p2b: Archaludon|82/100
|-start|p2b: Archaludon|confusion
|-ability|p2b: Archaludon|Stamina|boost
|-boost|p2b: Archaludon|def|1
|move|p1b: Incineroar|Knock Off|p2a: Ursaluna
|-supereffective|p2a: Ursaluna
|-damage|p2a: Ursaluna|0 fnt
|-enditem|p2a: Ursaluna|Flame Orb|[from] move: Knock Off|[of] p1b: Incineroar
|faint|p2a: Ursaluna
|
|-weather|RainDance|[upkeep]
|-heal|p2b: Archaludon|88/100|[from] Grassy Terrain
|-heal|p1b: Incineroar|79/100|[from] Grassy Terrain
|upkeep
|
|t:|1757630853
|switch|p2a: Sinistcha|Sinistcha-Masterpiece, L50|35/100
|-heal|p2b: Archaludon|100/100|[from] ability: Hospitality|[of] p2a: Sinistcha
|turn|7
|inactive|Permasona has 30 seconds left.
|
|t:|1757630881
|-terastallize|p1a: Pelipper|Ghost
|move|p1a: Pelipper|Hurricane|p2a: Sinistcha
|-supereffective|p2a: Sinistcha
|-damage|p2a: Sinistcha|0 fnt
|faint|p2a: Sinistcha
|-activate|p2b: Archaludon|confusion
|move|p2b: Archaludon|Electro Shot||[still]
|-prepare|p2b: Archaludon|Electro Shot
|-boost|p2b: Archaludon|spa|1
|-anim|p2b: Archaludon|Electro Shot|p1a: Pelipper
|-crit|p1a: Pelipper
|-damage|p1a: Pelipper|0 fnt
|faint|p1a: Pelipper
|move|p1b: Incineroar|Parting Shot|p2b: Archaludon
|-unboost|p2b: Archaludon|atk|1
|-unboost|p2b: Archaludon|spa|1
|
|t:|1757630892
|switch|p1b: Archaludon|Archaludon, L50, M|39/100|[from] Parting Shot
|
|-weather|RainDance|[upkeep]
|-heal|p1b: Archaludon|45/100|[from] Grassy Terrain
|-fieldend|move: Grassy Terrain
|upkeep
|
|t:|1757630894
|switch|p1a: Incineroar|Incineroar, L50, F|79/100
|-ability|p1a: Incineroar|Intimidate|boost
|-unboost|p2b: Archaludon|atk|1
|turn|8
|
|t:|1757630900
|move|p1a: Incineroar|Fake Out|p2b: Archaludon
|-resisted|p2b: Archaludon
|-damage|p2b: Archaludon|98/100
|-ability|p2b: Archaludon|Stamina|boost
|-boost|p2b: Archaludon|def|1
|move|p1b: Archaludon|Dragon Pulse|p2b: Archaludon
|-damage|p2b: Archaludon|65/100
|-ability|p2b: Archaludon|Stamina|boost
|-boost|p2b: Archaludon|def|1
|cant|p2b: Archaludon|flinch
|
|-weather|RainDance|[upkeep]
|upkeep
|turn|9
|
|t:|1757630914
|move|p1b: Archaludon|Protect|p1b: Archaludon
|-singleturn|p1b: Archaludon|Protect
|-activate|p2b: Archaludon|confusion
|move|p2b: Archaludon|Body Press|p1b: Archaludon
|-activate|p1b: Archaludon|move: Protect
|move|p1a: Incineroar|Knock Off|p2b: Archaludon
|-damage|p2b: Archaludon|54/100
|-ability|p2b: Archaludon|Stamina|boost
|-boost|p2b: Archaludon|def|1
|-enditem|p2b: Archaludon|Assault Vest|[from] move: Knock Off|[of] p1a: Incineroar
|
|-weather|RainDance|[upkeep]
|upkeep
|turn|10
|
|t:|1757630924
|move|p1b: Archaludon|Dragon Pulse|p2b: Archaludon
|-damage|p2b: Archaludon|7/100
|-ability|p2b: Archaludon|Stamina|boost
|-boost|p2b: Archaludon|def|1
|-activate|p2b: Archaludon|confusion
|-damage|p2b: Archaludon|6/100|[from] confusion
|move|p1a: Incineroar|Flare Blitz|p2b: Archaludon
|-damage|p2b: Archaludon|2/100
|-ability|p2b: Archaludon|Stamina|boost
|-boost|p2b: Archaludon|def|1
|-damage|p1a: Incineroar|78/100|[from] Recoil
|
|-weather|none
|upkeep
|turn|11
|-message|Permasona forfeited.
|
|win|Sirox185
|l|☆Permasona
|player|p2|
||Permasona is ready for game 2.
||Sirox185 is ready for game 2.
|uhtml|next|Next: Game 2 of 3
