|j|☆LastHorzion
|j|☆Vuultur
|html|LastHorzionVuultur    
|uhtml|bestof|Game 2 of a best-of-3
|t:|1757018317
|gametype|doubles
|player|p1|LastHorzion|steven|1271
|player|p2|Vuultur|hilbert-wonderlauncher|1324
|gen|9
|tier|[Gen 9] VGC 2025 Reg H (Bo3)
|rated|
|rule|Species Clause: Limit one of each Pokémon
|rule|Item Clause: Limit 1 of each item
|clearpoke
|poke|p1|Sneasler, L50, F|
|poke|p1|Indeedee, L50, M|
|poke|p1|Ursaluna-Bloodmoon, L50, M|
|poke|p1|Electabuzz, L50, F|
|poke|p1|Tyranitar, L50, M|
|poke|p1|Talonflame, L50, M|
|poke|p2|Gholdengo, L50|
|poke|p2|Amoonguss, L50, F|
|poke|p2|Basculegion, L50, M|
|poke|p2|Pelipper, L50, M|
|poke|p2|Incineroar, L50, M|
|poke|p2|Archaludon, L50, M|
|teampreview|4
|showteam|p1|Sneasler||PsychicSeed|Unburden|CloseCombat,DireClaw,ThroatChop,Protect|||F|||50|,,,,,Dark]Indeedee||FocusSash|PsychicSurge|ExpandingForce,TrickRoom,Imprison,Protect|||M|||50|,,,,,Psychic]Ursaluna-Bloodmoon||LifeOrb|MindsEye|BloodMoon,HyperVoice,EarthPower,Protect|||M|||50|,,,,,Normal]Electabuzz||Eviolite|VitalSpirit|Electroweb,FollowMe,Taunt,Protect|||F|||50|,,,,,Dragon]Tyranitar||AssaultVest|SandStream|KnockOff,TeraBlast,RockSlide,LowKick|||M|||50|,,,,,Flying]Talonflame||CovertCloak|GaleWings|FlareBlitz,DualWingbeat,WillOWisp,Tailwind|||M|||50|,,,,,Fairy
|showteam|p2|Gholdengo||LifeOrb|GoodasGold|MakeItRain,ShadowBall,NastyPlot,Protect||||||50|,,,,,Water]Amoonguss||SitrusBerry|Regenerator|Spore,RagePowder,PollenPuff,ClearSmog|||F|||50|,,,,,Psychic]Basculegion||ChoiceBand|SwiftSwim|WaveCrash,FlipTurn,LastRespects,AquaJet|||M|||50|,,,,,Water]Pelipper||FocusSash|Drizzle|WeatherBall,Hurricane,Tailwind,Protect|||M|||50|,,,,,Ground]Incineroar||SafetyGoggles|Intimidate|FlareBlitz,KnockOff,PartingShot,FakeOut|||M|||50|,,,,,Ghost]Archaludon||AssaultVest|Stamina|ElectroShot,FlashCannon,DracoMeteor,BodyPress|||M|||50|,,,,,Bug
|inactive|Battle timer is ON: inactive players will automatically lose when time's up. (requested by LastHorzion)
|inactive|Vuultur has 60 seconds left.
|inactive|Vuultur has 30 seconds left.
|inactive|Vuultur has 20 seconds left.
|inactive|Vuultur has 15 seconds left.
|inactive|Vuultur has 10 seconds left.
|
|t:|1757018398
|teamsize|p1|4
|teamsize|p2|4
|start
|switch|p1a: Tyranitar|Tyranitar, L50, M|100/100
|switch|p1b: Electabuzz|Electabuzz, L50, F|100/100
|switch|p2a: Pelipper|Pelipper, L50, M|100/100
|switch|p2b: Basculegion|Basculegion, L50, M|100/100
|-weather|RainDance|[from] ability: Drizzle|[of] p2a: Pelipper
|-weather|Sandstorm|[from] ability: Sand Stream|[of] p1a: Tyranitar
|turn|1
|inactive|LastHorzion has 30 seconds left.
|
|t:|1757018425
|switch|p2b: Amoonguss|Amoonguss, L50, F|100/100
|switch|p2a: Archaludon|Archaludon, L50, M|100/100
|move|p1b: Electabuzz|Electroweb|p2b: Amoonguss|[spread] p2a,p2b
|-resisted|p2a: Archaludon
|-resisted|p2b: Amoonguss
|-damage|p2a: Archaludon|95/100
|-damage|p2b: Amoonguss|95/100
|-unboost|p2a: Archaludon|spe|1
|-unboost|p2b: Amoonguss|spe|1
|-ability|p2a: Archaludon|Stamina|boost
|-boost|p2a: Archaludon|def|1
|move|p1a: Tyranitar|Knock Off|p2b: Amoonguss
|-damage|p2b: Amoonguss|51/100
|-enditem|p2b: Amoonguss|Sitrus Berry|[from] move: Knock Off|[of] p1a: Tyranitar
|
|-weather|Sandstorm|[upkeep]
|-damage|p1b: Electabuzz|95/100|[from] Sandstorm
|-damage|p2b: Amoonguss|45/100|[from] Sandstorm
|upkeep
|turn|2
|inactive|LastHorzion has 30 seconds left.
|inactive|Vuultur has 30 seconds left.
|
|t:|1757018458
|switch|p1a: Indeedee|Indeedee, L50, M|100/100
|-fieldstart|move: Psychic Terrain|[from] ability: Psychic Surge|[of] p1a: Indeedee
|switch|p2b: Pelipper|Pelipper, L50, M|100/100
|-weather|RainDance|[from] ability: Drizzle|[of] p2b: Pelipper
|move|p1b: Electabuzz|Follow Me|p1b: Electabuzz
|-singleturn|p1b: Electabuzz|move: Follow Me
|move|p2a: Archaludon|Electro Shot||[still]
|-prepare|p2a: Archaludon|Electro Shot
|-boost|p2a: Archaludon|spa|1
|-anim|p2a: Archaludon|Electro Shot|p1b: Electabuzz
|-resisted|p1b: Electabuzz
|-damage|p1b: Electabuzz|69/100
|
|-weather|RainDance|[upkeep]
|upkeep
|turn|3
|inactive|LastHorzion has 30 seconds left.
|
|t:|1757018486
|switch|p2b: Amoonguss|Amoonguss, L50, F|79/100
|move|p1b: Electabuzz|Electroweb|p2a: Archaludon|[spread] p2a,p2b
|-resisted|p2a: Archaludon
|-resisted|p2b: Amoonguss
|-damage|p2a: Archaludon|90/100
|-damage|p2b: Amoonguss|73/100
|-unboost|p2a: Archaludon|spe|1
|-unboost|p2b: Amoonguss|spe|1
|-ability|p2a: Archaludon|Stamina|boost
|-boost|p2a: Archaludon|def|1
|move|p1a: Indeedee|Expanding Force|p2b: Amoonguss|[spread] p2a,p2b
|-resisted|p2a: Archaludon
|-supereffective|p2b: Amoonguss
|-damage|p2a: Archaludon|70/100
|-damage|p2b: Amoonguss|0 fnt
|-ability|p2a: Archaludon|Stamina|boost
|-boost|p2a: Archaludon|def|1
|faint|p2b: Amoonguss
|move|p2a: Archaludon|Body Press|p1a: Indeedee
|-enditem|p1a: Indeedee|Focus Sash
|-damage|p1a: Indeedee|1/100
|
|-weather|RainDance|[upkeep]
|upkeep
|inactive|Vuultur has 30 seconds left.
|
|t:|1757018519
|switch|p2b: Basculegion|Basculegion, L50, M|100/100
|turn|4
|inactive|LastHorzion has 30 seconds left.
|
|t:|1757018552
|-terastallize|p2b: Basculegion|Water
|move|p1b: Electabuzz|Follow Me|p1b: Electabuzz
|-singleturn|p1b: Electabuzz|move: Follow Me
|move|p2b: Basculegion|Flip Turn|p1b: Electabuzz
|-damage|p1b: Electabuzz|0 fnt
|faint|p1b: Electabuzz
|
|t:|1757018559
|switch|p2b: Pelipper|Pelipper, L50, M|100/100|[from] Flip Turn
|move|p1a: Indeedee|Expanding Force|p2a: Archaludon|[spread] p2a,p2b
|-resisted|p2a: Archaludon
|-damage|p2a: Archaludon|51/100
|-damage|p2b: Pelipper|1/100
|-ability|p2a: Archaludon|Stamina|boost
|-boost|p2a: Archaludon|def|1
|move|p2a: Archaludon|Body Press|p1a: Indeedee
|-damage|p1a: Indeedee|0 fnt
|faint|p1a: Indeedee
|
|-weather|RainDance|[upkeep]
|upkeep
|
|t:|1757018566
|switch|p1b: Tyranitar|Tyranitar, L50, M|100/100
|switch|p1a: Sneasler|Sneasler, L50, F|100/100
|-weather|Sandstorm|[from] ability: Sand Stream|[of] p1b: Tyranitar
|-enditem|p1a: Sneasler|Psychic Seed
|-boost|p1a: Sneasler|spd|1|[from] item: Psychic Seed
|turn|5
|inactive|LastHorzion has 30 seconds left.
|inactive|LastHorzion has 20 seconds left.
|inactive|LastHorzion has 15 seconds left.
|
|t:|1757018608
|switch|p2b: Basculegion|Basculegion, L50, M, tera:Water|100/100
|move|p1a: Sneasler|Protect|p1a: Sneasler
|-singleturn|p1a: Sneasler|Protect
|move|p1b: Tyranitar|Rock Slide|p2a: Archaludon|[spread] p2a,p2b
|-resisted|p2a: Archaludon
|-damage|p2a: Archaludon|47/100
|-damage|p2b: Basculegion|61/100
|-ability|p2a: Archaludon|Stamina|boost
|-boost|p2a: Archaludon|def|1
|move|p2a: Archaludon|Body Press|p1a: Sneasler
|-activate|p1a: Sneasler|move: Protect
|
|-weather|Sandstorm|[upkeep]
|-damage|p1a: Sneasler|95/100|[from] Sandstorm
|-damage|p2b: Basculegion|55/100|[from] Sandstorm
|upkeep
|turn|6
|inactive|LastHorzion has 30 seconds left.
|inactive|Vuultur has 30 seconds left.
|inactive|LastHorzion has 20 seconds left.
|inactive|LastHorzion has 15 seconds left.
|
|t:|1757018649
|switch|p2b: Pelipper|Pelipper, L50, M|1/100
|-weather|RainDance|[from] ability: Drizzle|[of] p2b: Pelipper
|move|p1a: Sneasler|Close Combat|p2b: Pelipper
|-resisted|p2b: Pelipper
|-damage|p2b: Pelipper|0 fnt
|-unboost|p1a: Sneasler|def|1
|-unboost|p1a: Sneasler|spd|1
|faint|p2b: Pelipper
|move|p1b: Tyranitar|Rock Slide|p2a: Archaludon
|-resisted|p2a: Archaludon
|-damage|p2a: Archaludon|43/100
|-ability|p2a: Archaludon|Stamina|boost
|-boost|p2a: Archaludon|def|1
|cant|p2a: Archaludon|flinch
|
|-weather|RainDance|[upkeep]
|-fieldend|move: Psychic Terrain
|upkeep
|
|t:|1757018665
|switch|p2b: Basculegion|Basculegion, L50, M, tera:Water|55/100
|turn|7
|
|t:|1757018685
|move|p1a: Sneasler|Protect|p1a: Sneasler
|-singleturn|p1a: Sneasler|Protect
|move|p2b: Basculegion|Aqua Jet|p1a: Sneasler
|-activate|p1a: Sneasler|move: Protect
|move|p1b: Tyranitar|Knock Off|p2b: Basculegion
|-damage|p2b: Basculegion|0 fnt
|-enditem|p2b: Basculegion|Choice Band|[from] move: Knock Off|[of] p1b: Tyranitar
|faint|p2b: Basculegion
|move|p2a: Archaludon|Body Press|p1b: Tyranitar
|-supereffective|p1b: Tyranitar
|-damage|p1b: Tyranitar|0 fnt
|faint|p1b: Tyranitar
|
|-weather|RainDance|[upkeep]
|upkeep
|turn|8
|
|t:|1757018705
|move|p1a: Sneasler|Close Combat|p2a: Archaludon
|-supereffective|p2a: Archaludon
|-damage|p2a: Archaludon|17/100
|-unboost|p1a: Sneasler|def|1
|-unboost|p1a: Sneasler|spd|1
|move|p2a: Archaludon|Body Press|p1a: Sneasler
|-resisted|p1a: Sneasler
|-damage|p1a: Sneasler|0 fnt
|faint|p1a: Sneasler
|
|win|Vuultur
|raw|LastHorzion's rating: 1271 → 1250(-21 for losing)
|raw|Vuultur's rating: 1324 → 1341(+17 for winning)
|l|☆Vuultur
|player|p2|
