|j|☆Clintoap
|j|☆luckstat10
|html|Clintoapluckstat10    
|uhtml|bestof|Game 1 of a best-of-3
|t:|1757851589
|gametype|doubles
|player|p1|Clintoap|265|1169
|player|p2|luckstat10|dawn|1174
|gen|9
|tier|[Gen 9] VGC 2025 Reg H (Bo3)
|rated|
|rule|Species Clause: Limit one of each Pokémon
|rule|Item Clause: Limit 1 of each item
|clearpoke
|poke|p1|Kleavor, L50, M|
|poke|p1|Tyranitar, L50, F|
|poke|p1|Corviknight, L50, F|
|poke|p1|Comfey, L50, F|
|poke|p1|Torterra, L50, M|
|poke|p1|Gholdengo, L50|
|poke|p2|Rillaboom, L50, M|
|poke|p2|Volcarona, L50, F|
|poke|p2|Incineroar, L50, M|
|poke|p2|Ninetales-Alola, L50, F|
|poke|p2|Annihilape, L50, M|
|poke|p2|Milotic, L50, F|
|teampreview|4
|showteam|p1|Kleavor||ChoiceScarf|Sharpness|XScissor,DualWingbeat,StoneAxe,Uturn|||M|||50|,,,,,Grass]Tyranitar||AssaultVest|SandStream|RockSlide,KnockOff,LowKick,TeraBlast|||F|||50|,,,,,Flying]Corviknight||SitrusBerry|MirrorArmor|BraveBird,Roost,Tailwind,BulkUp|||F|||50|,,,,,Fire]Comfey||RockyHelmet|Triage|DrainingKiss,GigaDrain,FloralHealing,Protect|||F|||50|,,,,,Steel]Torterra||Leftovers|ShellArmor|LeechSeed,Protect,Stockpile,BodyPress|||M|||50|,,,,,Water]Gholdengo||LifeOrb|GoodasGold|MakeItRain,ShadowBall,Protect,NastyPlot||||||50|,,,,,Water
|showteam|p2|Rillaboom||AssaultVest|GrassySurge|FakeOut,WoodHammer,GrassyGlide,HighHorsepower|||M|||50|,,,,,Fire]Volcarona||GrassySeed|FlameBody|QuiverDance,HeatWave,GigaDrain,Protect|||F|||50|,,,,,Grass]Incineroar||SafetyGoggles|Intimidate|FakeOut,KnockOff,PartingShot,Taunt|||M|||50|,,,,,Ghost]Ninetales-Alola||CovertCloak|SnowWarning|AuroraVeil,IcicleSpear,Moonblast,Protect|||F|||50|,,,,,Poison]Annihilape||Leftovers|Defiant|BulkUp,RageFist,DrainPunch,Protect|||M|||50|,,,,,Water]Milotic||FlameOrb|MarvelScale|Scald,IcyWind,Haze,Recover|||F|||50|,,,,,Dragon
|inactive|Battle timer is ON: inactive players will automatically lose when time's up. (requested by Clintoap)
|
|t:|1757851627
|teamsize|p1|4
|teamsize|p2|4
|start
|switch|p1a: Kleavor|Kleavor, L50, M|100/100
|switch|p1b: Torterra|Torterra, L50, M|100/100
|switch|p2a: Mittens|Incineroar, L50, M, shiny|100/100
|switch|p2b: Mothers|Volcarona, L50, F, shiny|100/100
|-ability|p2a: Mittens|Intimidate|boost
|-unboost|p1a: Kleavor|atk|1
|-unboost|p1b: Torterra|atk|1
|turn|1
|
|t:|1757851638
|move|p2a: Mittens|Fake Out|p1a: Kleavor
|-resisted|p1a: Kleavor
|-damage|p1a: Kleavor|93/100
|cant|p1a: Kleavor|flinch
|move|p2b: Mothers|Quiver Dance|p2b: Mothers
|-boost|p2b: Mothers|spa|1
|-boost|p2b: Mothers|spd|1
|-boost|p2b: Mothers|spe|1
|move|p1b: Torterra|Leech Seed|p2b: Mothers
|-start|p2b: Mothers|move: Leech Seed
|
|-damage|p2b: Mothers|88/100|[from] Leech Seed|[of] p1b: Torterra
|upkeep
|turn|2
|
|t:|1757851662
|switch|p2a: Koba|Rillaboom, L50, M, shiny|100/100
|-fieldstart|move: Grassy Terrain|[from] ability: Grassy Surge|[of] p2a: Koba
|-enditem|p2b: Mothers|Grassy Seed
|-boost|p2b: Mothers|def|1|[from] item: Grassy Seed
|-terastallize|p2b: Mothers|Grass
|-terastallize|p1b: Torterra|Water
|move|p1a: Kleavor|X-Scissor|p2b: Mothers
|-supereffective|p2b: Mothers
|-damage|p2b: Mothers|16/100
|move|p2b: Mothers|Heat Wave|p1b: Torterra|[spread] p1a
|-miss|p2b: Mothers|p1b: Torterra
|-crit|p1a: Kleavor
|-damage|p1a: Kleavor|0 fnt
|faint|p1a: Kleavor
|move|p1b: Torterra|Stockpile|p1b: Torterra
|-start|p1b: Torterra|stockpile1
|-boost|p1b: Torterra|def|1
|-boost|p1b: Torterra|spd|1
|
|-heal|p2b: Mothers|22/100|[from] Grassy Terrain
|-damage|p2b: Mothers|9/100|[from] Leech Seed|[of] p1b: Torterra
|upkeep
|inactive|Clintoap has 30 seconds left.
|
|t:|1757851689
|switch|p1a: Comfey|Comfey, L50, F, shiny|100/100
|turn|3
|
|t:|1757851700
|switch|p2a: Mittens|Incineroar, L50, M, shiny|100/100
|-ability|p2a: Mittens|Intimidate|boost
|-unboost|p1a: Comfey|atk|1
|-unboost|p1b: Torterra|atk|1
|move|p1a: Comfey|Protect|p1a: Comfey
|-singleturn|p1a: Comfey|Protect
|move|p1b: Torterra|Protect|p1b: Torterra
|-singleturn|p1b: Torterra|Protect
|move|p2b: Mothers|Giga Drain|p1b: Torterra
|-activate|p1b: Torterra|move: Protect
|
|-heal|p2b: Mothers|15/100|[from] Grassy Terrain
|-damage|p2b: Mothers|3/100|[from] Leech Seed|[of] p1b: Torterra
|upkeep
|turn|4
|
|t:|1757851719
|move|p1a: Comfey|Draining Kiss|p2b: Mothers
|-damage|p2b: Mothers|0 fnt
|faint|p2b: Mothers
|move|p2a: Mittens|Taunt|p1a: Comfey
|-start|p1a: Comfey|move: Taunt
|move|p1b: Torterra|Stockpile|p1b: Torterra
|-start|p1b: Torterra|stockpile2
|-boost|p1b: Torterra|def|1
|-boost|p1b: Torterra|spd|1
|
|upkeep
|
|t:|1757851724
|switch|p2b: Koba|Rillaboom, L50, M, shiny|100/100
|turn|5
|inactive|Clintoap has 30 seconds left.
|
|t:|1757851752
|move|p1a: Comfey|Draining Kiss|p2a: Mittens
|-damage|p2a: Mittens|84/100
|move|p2b: Koba|Wood Hammer|p1b: Torterra
|-supereffective|p1b: Torterra
|-damage|p1b: Torterra|36/100
|-damage|p2b: Koba|82/100|[from] Recoil
|move|p2a: Mittens|Knock Off|p1b: Torterra
|-damage|p1b: Torterra|22/100
|-enditem|p1b: Torterra|Leftovers|[from] move: Knock Off|[of] p2a: Mittens
|move|p1b: Torterra|Body Press|p2a: Mittens
|-supereffective|p2a: Mittens
|-damage|p2a: Mittens|8/100
|
|-heal|p2b: Koba|88/100|[from] Grassy Terrain
|-heal|p2a: Mittens|14/100|[from] Grassy Terrain
|-heal|p1b: Torterra|28/100|[from] Grassy Terrain
|upkeep
|turn|6
|
|t:|1757851775
|move|p1b: Torterra|Protect|p1b: Torterra
|-singleturn|p1b: Torterra|Protect
|move|p1a: Comfey|Draining Kiss|p2a: Mittens
|-damage|p2a: Mittens|0 fnt
|faint|p2a: Mittens
|move|p2b: Koba|Wood Hammer|p1a: Comfey
|-damage|p1a: Comfey|0 fnt
|-damage|p2b: Koba|72/100|[from] item: Rocky Helmet|[of] p1a: Comfey
|faint|p1a: Comfey
|-damage|p2b: Koba|51/100|[from] Recoil
|
|-heal|p2b: Koba|57/100|[from] Grassy Terrain
|-heal|p1b: Torterra|34/100|[from] Grassy Terrain
|-fieldend|move: Grassy Terrain
|upkeep
|
|t:|1757851783
|switch|p1a: Corviknight|Corviknight, L50, F|100/100
|switch|p2a: Annihilape|Annihilape, L50, M, shiny|100/100
|turn|7
|
|t:|1757851795
|move|p1b: Torterra|Protect||[still]
|-fail|p1b: Torterra
|move|p2a: Annihilape|Bulk Up|p2a: Annihilape
|-boost|p2a: Annihilape|atk|1
|-boost|p2a: Annihilape|def|1
|move|p2b: Koba|Wood Hammer|p1b: Torterra
|-supereffective|p1b: Torterra
|-damage|p1b: Torterra|0 fnt
|faint|p1b: Torterra
|-damage|p2b: Koba|47/100|[from] Recoil
|move|p1a: Corviknight|Tailwind|p1a: Corviknight
|-sidestart|p1: Clintoap|move: Tailwind
|
|upkeep
|turn|8
|
|t:|1757851809
|move|p1a: Corviknight|Bulk Up|p1a: Corviknight
|-boost|p1a: Corviknight|atk|1
|-boost|p1a: Corviknight|def|1
|move|p2a: Annihilape|Bulk Up|p2a: Annihilape
|-boost|p2a: Annihilape|atk|1
|-boost|p2a: Annihilape|def|1
|move|p2b: Koba|Grassy Glide|p1a: Corviknight
|-resisted|p1a: Corviknight
|-damage|p1a: Corviknight|97/100
|
|upkeep
|turn|9
|
|t:|1757851817
|move|p1a: Corviknight|Bulk Up|p1a: Corviknight
|-boost|p1a: Corviknight|atk|1
|-boost|p1a: Corviknight|def|1
|move|p2a: Annihilape|Bulk Up|p2a: Annihilape
|-boost|p2a: Annihilape|atk|1
|-boost|p2a: Annihilape|def|1
|move|p2b: Koba|Wood Hammer|p1a: Corviknight
|-resisted|p1a: Corviknight
|-damage|p1a: Corviknight|90/100
|-damage|p2b: Koba|45/100|[from] Recoil
|
|upkeep
|turn|10
|
|t:|1757851833
|move|p1a: Corviknight|Bulk Up|p1a: Corviknight
|-boost|p1a: Corviknight|atk|1
|-boost|p1a: Corviknight|def|1
|move|p2a: Annihilape|Bulk Up|p2a: Annihilape
|-boost|p2a: Annihilape|atk|1
|-boost|p2a: Annihilape|def|1
|move|p2b: Koba|Grassy Glide|p2a: Annihilape
|-damage|p2a: Annihilape|90/100
|
|-heal|p2a: Annihilape|97/100|[from] item: Leftovers
|-sideend|p1: Clintoap|move: Tailwind
|upkeep
|turn|11
|
|t:|1757851841
|move|p2a: Annihilape|Bulk Up|p2a: Annihilape
|-boost|p2a: Annihilape|atk|1
|-boost|p2a: Annihilape|def|1
|move|p2b: Koba|Grassy Glide|p2a: Annihilape
|-damage|p2a: Annihilape|88/100
|move|p1a: Corviknight|Bulk Up|p1a: Corviknight
|-boost|p1a: Corviknight|atk|1
|-boost|p1a: Corviknight|def|1
|
|-heal|p2a: Annihilape|94/100|[from] item: Leftovers
|upkeep
|turn|12
|
|t:|1757851855
|move|p2a: Annihilape|Rage Fist|p1a: Corviknight
|-damage|p1a: Corviknight|30/100
|-enditem|p1a: Corviknight|Sitrus Berry|[eat]
|-heal|p1a: Corviknight|55/100|[from] item: Sitrus Berry
|move|p2b: Koba|Grassy Glide|p1a: Corviknight
|-resisted|p1a: Corviknight
|-damage|p1a: Corviknight|53/100
|move|p1a: Corviknight|Tailwind|p1a: Corviknight
|-sidestart|p1: Clintoap|move: Tailwind
|
|-heal|p2a: Annihilape|99/100|[from] item: Leftovers
|upkeep
|turn|13
|
|t:|1757851868
|move|p1a: Corviknight|Roost|p1a: Corviknight
|-heal|p1a: Corviknight|100/100
|-singleturn|p1a: Corviknight|move: Roost
|move|p2a: Annihilape|Rage Fist|p1a: Corviknight
|-damage|p1a: Corviknight|46/100
|move|p2b: Koba|Grassy Glide|p2a: Annihilape
|-damage|p2a: Annihilape|91/100
|
|-heal|p2a: Annihilape|97/100|[from] item: Leftovers
|upkeep
|turn|14
|
|t:|1757851886
|move|p1a: Corviknight|Brave Bird|p2a: Annihilape
|-supereffective|p2a: Annihilape
|-damage|p2a: Annihilape|19/100
|-damage|p1a: Corviknight|20/100|[from] Recoil
|move|p2a: Annihilape|Bulk Up|p2a: Annihilape
|-boost|p2a: Annihilape|atk|1
|-boost|p2a: Annihilape|def|1
|move|p2b: Koba|Wood Hammer|p1a: Corviknight
|-resisted|p1a: Corviknight
|-damage|p1a: Corviknight|17/100
|-damage|p2b: Koba|44/100|[from] Recoil
|
|-heal|p2a: Annihilape|25/100|[from] item: Leftovers
|upkeep
|turn|15
|
|t:|1757851899
|move|p2a: Annihilape|Protect|p2a: Annihilape
|-singleturn|p2a: Annihilape|Protect
|move|p1a: Corviknight|Roost|p1a: Corviknight
|-heal|p1a: Corviknight|67/100
|-singleturn|p1a: Corviknight|move: Roost
|move|p2b: Koba|Wood Hammer|p1a: Corviknight
|-resisted|p1a: Corviknight
|-damage|p1a: Corviknight|59/100
|-damage|p2b: Koba|41/100|[from] Recoil
|
|-heal|p2a: Annihilape|32/100|[from] item: Leftovers
|-sideend|p1: Clintoap|move: Tailwind
|upkeep
|turn|16
|
|t:|1757851905
|move|p2a: Annihilape|Rage Fist|p1a: Corviknight
|-damage|p1a: Corviknight|0 fnt
|faint|p1a: Corviknight
|
|win|luckstat10
|l|☆Clintoap
|player|p1|
||Clintoap is ready for game 2.
||luckstat10 is ready for game 2.
|uhtml|next|Next: Game 2 of 3
