|j|☆FerKillerVGC
|j|☆Fell Blue
|html|FerKillerVGCFell Blue    
|uhtml|bestof|Game 1 of a best-of-3
|t:|1782185461
|gametype|doubles
|player|p1|FerKillerVGC|102|1077
|player|p2|Fell Blue|fantina|1170
|gen|9
|tier|[Gen 9 Champions] VGC 2026 Reg M-B (Bo3)
|rated|
|rule|Species Clause: Limit one of each Pokémon
|rule|Item Clause: Limit 1 of each item
|clearpoke
|poke|p1|Snorlax, L50, F|
|poke|p1|Sableye, L50, M|
|poke|p1|Armarouge, L50, M|
|poke|p1|Clefable, L50, F|
|poke|p1|Kingambit, L50, M|
|poke|p1|Venusaur, L50, F|
|poke|p2|Mawile, L50, M|
|poke|p2|Farigiraf, L50, M|
|poke|p2|Hatterene, L50, F|
|poke|p2|Ampharos, L50, M|
|poke|p2|Kangaskhan, L50, F|
|poke|p2|Torkoal, L50, F|
|teampreview|4
|showteam|p1|Snorlax||SitrusBerry|ThickFat|Facade,BodyPress,Stockpile,Recycle|Impish||F|||50|]Sableye||RoseliBerry|Prankster|FoulPlay,WillOWisp,Quash,FakeOut|Careful||M|||50|]Armarouge||FocusSash|FlashFire|HeatWave,Psychic,WideGuard,TrickRoom|Quiet||M|||50|]Clefable||Clefablite|Unaware|Moonblast,Flamethrower,FollowMe,Protect|Bold||F|||50|]Kingambit||BlackGlasses|Defiant|KowtowCleave,IronHead,SuckerPunch,Protect|Adamant||M|||50|]Venusaur||Venusaurite|Chlorophyll|SludgeBomb,GigaDrain,EarthPower,Protect|Modest||F|||50|
|showteam|p2|Mawile||Mawilite|Intimidate|IronHead,Protect,SuckerPunch,PlayRough|Brave||M|||50|]Farigiraf||ColburBerry|ArmorTail|Psychic,TrickRoom,SunnyDay,HelpingHand|Modest||M|||50|]Hatterene||LifeOrb|MagicBounce|DazzlingGleam,MysticalFire,Psychic,Protect|Quiet||F|||50|]Ampharos||Ampharosite|Static|PowerGem,Protect,DragonPulse,Thunderbolt|Quiet||M|||50|]Kangaskhan||SilkScarf|Scrappy|FakeOut,LastResort|Brave||F|||50|]Torkoal||Charcoal|Drought|SolarBeam,Eruption,HeatWave,Protect|Quiet||F|||50|
|inactive|Battle timer is ON: inactive players will automatically lose when time's up. (requested by FerKillerVGC)
|
|t:|1782185520
|teamsize|p1|4
|teamsize|p2|4
|start
|switch|p1a: Snorlax|Snorlax, L50, F|100/100
|switch|p1b: Sableye|Sableye, L50, M|100/100
|switch|p2a: Farigiraf|Farigiraf, L50, M|100/100
|switch|p2b: Mawile|Mawile, L50, M|100/100
|-ability|p2b: Mawile|Intimidate|boost
|-unboost|p1a: Snorlax|atk|1
|-unboost|p1b: Sableye|atk|1
|turn|1
|
|t:|1782185532
|detailschange|p2b: Mawile|Mawile-Mega, L50, M
|-mega|p2b: Mawile|Mawile|Mawilite
|move|p1b: Sableye|Will-O-Wisp||[still]
|cant|p2a: Farigiraf|ability: Armor Tail|Will-O-Wisp|[of] p1b: Sableye
|move|p2b: Mawile|Play Rough|p1b: Sableye
|-supereffective|p1b: Sableye|1
|-crit|p1b: Sableye
|-enditem|p1b: Sableye|Roseli Berry|[eat]
|-enditem|p1b: Sableye|Roseli Berry|[weaken]
|-damage|p1b: Sableye|0 fnt
|faint|p1b: Sableye
|move|p1a: Snorlax|Stockpile|p1a: Snorlax
|-start|p1a: Snorlax|stockpile1
|-boost|p1a: Snorlax|def|1
|-boost|p1a: Snorlax|spd|1
|move|p2a: Farigiraf|Trick Room|p2a: Farigiraf
|-fieldstart|move: Trick Room|[of] p2a: Farigiraf
|
|upkeep
|
|t:|1782185541
|switch|p1b: Armarouge|Armarouge, L50, M|100/100
|turn|2
|
|t:|1782185559
|move|p1a: Snorlax|Stockpile|p1a: Snorlax
|-start|p1a: Snorlax|stockpile2
|-boost|p1a: Snorlax|def|1
|-boost|p1a: Snorlax|spd|1
|move|p2b: Mawile|Play Rough|p1a: Snorlax
|-damage|p1a: Snorlax|70/100
|-unboost|p1a: Snorlax|atk|1
|move|p2a: Farigiraf|Psychic|p1a: Snorlax
|-damage|p1a: Snorlax|57/100
|move|p1b: Armarouge|Heat Wave|p2a: Farigiraf|[spread] p2a,p2b
|-supereffective|p2b: Mawile|1
|-damage|p2a: Farigiraf|62/100
|-damage|p2b: Mawile|14/100
|-status|p2b: Mawile|brn
|
|-damage|p2b: Mawile|8/100 brn|[from] brn
|upkeep
|turn|3
|
|t:|1782185576
|move|p2b: Mawile|Sucker Punch|p1b: Armarouge
|-supereffective|p1b: Armarouge|1
|-damage|p1b: Armarouge|57/100
|move|p1a: Snorlax|Stockpile|p1a: Snorlax
|-start|p1a: Snorlax|stockpile3
|-boost|p1a: Snorlax|def|1
|-boost|p1a: Snorlax|spd|1
|move|p2a: Farigiraf|Psychic|p1a: Snorlax
|-damage|p1a: Snorlax|46/100
|-enditem|p1a: Snorlax|Sitrus Berry|[eat]
|-heal|p1a: Snorlax|71/100|[from] item: Sitrus Berry
|move|p1b: Armarouge|Heat Wave|p2a: Farigiraf|[spread] p2a,p2b
|-supereffective|p2b: Mawile|1
|-damage|p2a: Farigiraf|28/100
|-damage|p2b: Mawile|0 fnt
|faint|p2b: Mawile
|
|upkeep
|
|t:|1782185585
|switch|p2b: Hatterene|Hatterene, L50, F|100/100
|turn|4
|
|t:|1782185591
|move|p2b: Hatterene|Dazzling Gleam|p1b: Armarouge|[spread] p1a,p1b
|-resisted|p1b: Armarouge|1
|-damage|p1a: Snorlax|59/100
|-damage|p1b: Armarouge|30/100
|-damage|p2b: Hatterene|90/100|[from] item: Life Orb
|move|p1a: Snorlax|Recycle|p1a: Snorlax
|-item|p1a: Snorlax|Sitrus Berry|[from] move: Recycle
|move|p2a: Farigiraf|Psychic|p1b: Armarouge
|-resisted|p1b: Armarouge|1
|-damage|p1b: Armarouge|7/100
|move|p1b: Armarouge|Heat Wave|p2a: Farigiraf|[spread] p2a,p2b
|-damage|p2a: Farigiraf|0 fnt
|-damage|p2b: Hatterene|51/100
|faint|p2a: Farigiraf
|
|upkeep
|
|t:|1782185597
|switch|p2a: Torkoal|Torkoal, L50, F|100/100
|-weather|SunnyDay|[from] ability: Drought|[of] p2a: Torkoal
|turn|5
|
|t:|1782185618
|move|p2a: Torkoal|Solar Beam||[still]
|-prepare|p2a: Torkoal|Solar Beam
|-anim|p2a: Torkoal|Solar Beam|p1a: Snorlax
|-damage|p1a: Snorlax|51/100
|move|p2b: Hatterene|Dazzling Gleam|p1b: Armarouge|[spread] p1a,p1b
|-resisted|p1b: Armarouge|1
|-damage|p1a: Snorlax|40/100
|-damage|p1b: Armarouge|0 fnt
|-enditem|p1a: Snorlax|Sitrus Berry|[eat]
|-heal|p1a: Snorlax|65/100|[from] item: Sitrus Berry
|faint|p1b: Armarouge
|-damage|p2b: Hatterene|41/100|[from] item: Life Orb
|move|p1a: Snorlax|Body Press|p2a: Torkoal
|-damage|p2a: Torkoal|64/100
|
|-weather|SunnyDay|[upkeep]
|-fieldend|move: Trick Room
|upkeep
|
|t:|1782185632
|switch|p1b: Venusaur|Venusaur, L50, F|100/100
|turn|6
|c|☆Fell Blue|what are you feeding arma lol
|
|t:|1782185643
|detailschange|p1b: Venusaur|Venusaur-Mega, L50, F
|-mega|p1b: Venusaur|Venusaur|Venusaurite
|move|p2b: Hatterene|Protect|p2b: Hatterene
|-singleturn|p2b: Hatterene|Protect
|move|p1b: Venusaur|Earth Power|p2a: Torkoal
|-supereffective|p2a: Torkoal|1
|-damage|p2a: Torkoal|0 fnt
|faint|p2a: Torkoal
|move|p1a: Snorlax|Recycle|p1a: Snorlax
|-item|p1a: Snorlax|Sitrus Berry|[from] move: Recycle
|
|-weather|SunnyDay|[upkeep]
|upkeep
|turn|7
|-message|Fell Blue forfeited.
|
|win|FerKillerVGC
|l|☆Fell Blue
|player|p2|
||FerKillerVGC is ready for game 2.
|j|☆Fell Blue
|player|p2|Fell Blue|fantina|
||Fell Blue is ready for game 2.
|uhtml|next|Next: Game 2 of 3
