|j|☆Itz_Invis
|j|☆silknotsong
|html|Itz_Invissilknotsong    
|uhtml|bestof|Game 2 of a best-of-3
|t:|1756217340
|gametype|doubles
|player|p1|Itz_Invis|morty|1096
|player|p2|silknotsong|infielder|1125
|gen|9
|tier|[Gen 9] VGC 2025 Reg H (Bo3)
|rated|
|rule|Species Clause: Limit one of each Pokémon
|rule|Item Clause: Limit 1 of each item
|clearpoke
|poke|p1|Whimsicott, L50, F|
|poke|p1|Charizard, L50, F|
|poke|p1|Archaludon, L50, M|
|poke|p1|Gallade, L50, M|
|poke|p1|Incineroar, L50, F|
|poke|p1|Ninetales, L50, F|
|poke|p2|Sneasler, L50, F|
|poke|p2|Indeedee, L50, M|
|poke|p2|Dragonite, L50, M|
|poke|p2|Meowscarada, L50, F|
|poke|p2|Pelipper, L50, F|
|poke|p2|Archaludon, L50, M|
|teampreview|4
|showteam|p1|Whimsicott||CovertCloak|Prankster|Tailwind,Moonblast,SunnyDay,Taunt|||F|||50|,,,,,Dark]Charizard||ChoiceScarf|SolarPower|HeatWave,WeatherBall,SolarBeam,AirSlash|||F|||50|,,,,,Fire]Archaludon||AssaultVest|Stamina|BodyPress,ElectroShot,FlashCannon,DragonPulse|||M|||50|,,,,,Flying]Gallade||ChoiceBand|Sharpness|SacredSword,PsychoCut,LeafBlade,AquaCutter|||M|||50|,,,,,Ghost]Incineroar||SafetyGoggles|Intimidate|FakeOut,FlareBlitz,KnockOff,Protect|||F|||50|,,,,,Ghost]Ninetales||ChoiceSpecs|Drought|DarkPulse,SolarBeam,HeatWave,Overheat|||F|||50|,,,,,Fire
|showteam|p2|Sneasler||PsychicSeed|Unburden|DireClaw,CloseCombat,ThroatChop,Protect|||F|||50|,,,,,Dark]Indeedee||ChoiceScarf|PsychicSurge|ExpandingForce,Psychic,TrickRoom,Trick|||M|||50|,,,,,Psychic]Dragonite||LoadedDice|Multiscale|ScaleShot,StompingTantrum,Haze,Protect|||M|||50|,,,,,Fairy]Meowscarada||LifeOrb|Protean|Protect,FlowerTrick,SuckerPunch,PollenPuff|||F|||50|,,,,,Stellar]Pelipper||FocusSash|Drizzle|WeatherBall,Hurricane,Tailwind,Protect|||F|||50|,,,,,Ground]Archaludon||AssaultVest|Stamina|DracoMeteor,ElectroShot,FlashCannon,BodyPress|||M|||50|,,,,,Grass
|inactive|Battle timer is ON: inactive players will automatically lose when time's up. (requested by Itz_Invis)
|
|t:|1756217360
|teamsize|p1|4
|teamsize|p2|4
|start
|switch|p1a: Whimsicott|Whimsicott, L50, F|100/100
|switch|p1b: Charizard|Charizard, L50, F|100/100
|switch|p2a: Indeedee|Indeedee, L50, M|100/100
|switch|p2b: Dragonite|Dragonite, L50, M|100/100
|-fieldstart|move: Psychic Terrain|[from] ability: Psychic Surge|[of] p2a: Indeedee
|turn|1
|
|t:|1756217377
|switch|p1b: Archaludon|Archaludon, L50, M|100/100
|switch|p2b: Pelipper|Pelipper, L50, F|100/100
|-weather|RainDance|[from] ability: Drizzle|[of] p2b: Pelipper
|-terastallize|p1a: Whimsicott|Dark
|move|p1a: Whimsicott|Tailwind|p1a: Whimsicott
|-sidestart|p1: Itz_Invis|move: Tailwind
|move|p2a: Indeedee|Expanding Force|p1b: Archaludon|[spread] p1b
|-immune|p1a: Whimsicott
|-resisted|p1b: Archaludon
|-damage|p1b: Archaludon|77/100
|-ability|p1b: Archaludon|Stamina|boost
|-boost|p1b: Archaludon|def|1
|
|-weather|RainDance|[upkeep]
|upkeep
|turn|2
|inactive|Itz_Invis has 30 seconds left.
|inactive|silknotsong has 30 seconds left.
|inactive|silknotsong has 20 seconds left.
|
|t:|1756217414
|switch|p2a: Sneasler|Sneasler, L50, F|100/100
|-enditem|p2a: Sneasler|Psychic Seed
|-boost|p2a: Sneasler|spd|1|[from] item: Psychic Seed
|-terastallize|p2b: Pelipper|Ground
|move|p1a: Whimsicott|Moonblast|p2b: Pelipper
|-damage|p2b: Pelipper|49/100
|-unboost|p2b: Pelipper|spa|1
|move|p1b: Archaludon|Electro Shot||[still]
|-prepare|p1b: Archaludon|Electro Shot
|-boost|p1b: Archaludon|spa|1
|-anim|p1b: Archaludon|Electro Shot|p2a: Sneasler
|-damage|p2a: Sneasler|32/100
|move|p2b: Pelipper|Tailwind|p2b: Pelipper
|-sidestart|p2: silknotsong|move: Tailwind
|
|-weather|RainDance|[upkeep]
|upkeep
|turn|3
|inactive|Itz_Invis has 30 seconds left.
|inactive|silknotsong has 30 seconds left.
|inactive|silknotsong has 20 seconds left.
|inactive|silknotsong has 15 seconds left.
|inactive|silknotsong has 10 seconds left.
|
|t:|1756217463
|switch|p2b: Indeedee|Indeedee, L50, M|100/100
|move|p2a: Sneasler|Close Combat|p1a: Whimsicott
|-supereffective|p1a: Whimsicott
|-damage|p1a: Whimsicott|0 fnt
|-unboost|p2a: Sneasler|def|1
|-unboost|p2a: Sneasler|spd|1
|faint|p1a: Whimsicott
|move|p1b: Archaludon|Dragon Pulse|p2b: Indeedee
|-damage|p2b: Indeedee|7/100
|
|-weather|RainDance|[upkeep]
|upkeep
|
|t:|1756217473
|switch|p1a: Incineroar|Incineroar, L50, F|100/100
|-ability|p1a: Incineroar|Intimidate|boost
|-unboost|p2a: Sneasler|atk|1
|-unboost|p2b: Indeedee|atk|1
|turn|4
|
|t:|1756217496
|move|p2a: Sneasler|Close Combat|p1b: Archaludon
|-supereffective|p1b: Archaludon
|-damage|p1b: Archaludon|38/100
|-unboost|p2a: Sneasler|def|1
|-unboost|p2a: Sneasler|spd|1
|-ability|p1b: Archaludon|Stamina|boost
|-boost|p1b: Archaludon|def|1
|move|p2b: Indeedee|Psychic|p1b: Archaludon
|-resisted|p1b: Archaludon
|-damage|p1b: Archaludon|14/100
|-ability|p1b: Archaludon|Stamina|boost
|-boost|p1b: Archaludon|def|1
|move|p1b: Archaludon|Dragon Pulse|p2a: Sneasler
|-damage|p2a: Sneasler|0 fnt
|faint|p2a: Sneasler
|move|p1a: Incineroar|Knock Off|p2b: Indeedee
|-supereffective|p2b: Indeedee
|-damage|p2b: Indeedee|0 fnt
|-enditem|p2b: Indeedee|Choice Scarf|[from] move: Knock Off|[of] p1a: Incineroar
|faint|p2b: Indeedee
|
|-weather|RainDance|[upkeep]
|-sideend|p1: Itz_Invis|move: Tailwind
|upkeep
|
|t:|1756217499
|switch|p2a: Pelipper|Pelipper, L50, F, tera:Ground|49/100
|switch|p2b: Dragonite|Dragonite, L50, M|100/100
|turn|5
|inactive|silknotsong has 30 seconds left.
|inactive|silknotsong has 20 seconds left.
|inactive|silknotsong has 15 seconds left.
|
|t:|1756217546
|move|p1a: Incineroar|Protect|p1a: Incineroar
|-singleturn|p1a: Incineroar|Protect
|move|p2b: Dragonite|Stomping Tantrum|p1b: Archaludon
|-supereffective|p1b: Archaludon
|-damage|p1b: Archaludon|0 fnt
|faint|p1b: Archaludon
|move|p2a: Pelipper|Weather Ball|p1a: Incineroar
|-activate|p1a: Incineroar|move: Protect
|
|-weather|none
|-sideend|p2: silknotsong|move: Tailwind
|-fieldend|move: Psychic Terrain
|upkeep
|
|t:|1756217554
|switch|p1b: Charizard|Charizard, L50, F|100/100
|turn|6
|
|t:|1756217563
|move|p2a: Pelipper|Protect|p2a: Pelipper
|-singleturn|p2a: Pelipper|Protect
|move|p1b: Charizard|Heat Wave|p2a: Pelipper|[spread] p2b
|-activate|p2a: Pelipper|move: Protect
|-resisted|p2b: Dragonite
|-damage|p2b: Dragonite|91/100
|move|p2b: Dragonite|Scale Shot|p1b: Charizard
|-damage|p1b: Charizard|82/100
|-damage|p1b: Charizard|63/100
|-damage|p1b: Charizard|44/100
|-damage|p1b: Charizard|27/100
|-damage|p1b: Charizard|9/100
|-hitcount|p1b: Charizard|5
|-unboost|p2b: Dragonite|def|1
|-boost|p2b: Dragonite|spe|1
|move|p1a: Incineroar|Knock Off|p2b: Dragonite
|-damage|p2b: Dragonite|0 fnt
|-enditem|p2b: Dragonite|Loaded Dice|[from] move: Knock Off|[of] p1a: Incineroar
|faint|p2b: Dragonite
|
|upkeep
|turn|7
|
|t:|1756217582
|move|p1b: Charizard|Heat Wave|p2a: Pelipper
|-damage|p2a: Pelipper|0 fnt
|faint|p2a: Pelipper
|
|win|Itz_Invis
