|j|☆xschulzyx
|j|☆Brolax
|html|xschulzyxBrolax    
|uhtml|bestof|Game 1 of a best-of-3
|t:|1784508310
|gametype|doubles
|player|p1|xschulzyx|266|
|player|p2|Brolax|265|
|gen|9
|tier|[Gen 9 Champions] VGC 2026 Reg M-B (Bo3)
|rule|Species Clause: Limit one of each Pokémon
|rule|Item Clause: Limit 1 of each item
|clearpoke
|poke|p1|Eelektross, L50, F, shiny|
|poke|p1|Delphox, L50, M, shiny|
|poke|p1|Meowstic, L50, M, shiny|
|poke|p1|Florges-White, L50, F, shiny|
|poke|p1|Basculegion, L50, M, shiny|
|poke|p1|Umbreon, L50, F, shiny|
|poke|p2|Bellibolt, L50, M, shiny|
|poke|p2|Meganium, L50, M, shiny|
|poke|p2|Politoed, L50, F, shiny|
|poke|p2|Metagross, L50, shiny|
|poke|p2|Dragonite, L50, F|
|poke|p2|Archaludon, L50, F, shiny|
|teampreview|4
|showteam|p1|Eelektross||Eelektrossite|Levitate|GigaDrain,Flamethrower,Thunderbolt,VoltSwitch|Timid||F|||50|]Delphox||Delphoxite|Blaze|GrassKnot,Flamethrower,DazzlingGleam,Psychic|Timid||M|||50|]Meowstic||LightClay|Prankster|LightScreen,Reflect,Psychic,ThunderWave|Timid||M|||50|]Florges-White||BabiriBerry|FlowerVeil|Wish,DrainingKiss,GigaDrain,Protect|Calm||F|||50|]Basculegion||SitrusBerry|SwiftSwim|IceFang,LastRespects,Waterfall,Substitute|Jolly||M|||50|]Umbreon||Leftovers|Synchronize|Wish,Yawn,Protect,FoulPlay|Impish||F|||50|
|showteam|p2|Bellibolt||ShellBell|Electromorphosis|Toxic,ParabolicCharge,VoltSwitch,Protect|Calm||M|||50|]Meganium||Meganiumite|Overgrow|Protect,SolarBeam,DazzlingGleam,Synthesis|Timid||M|||50|]Politoed||SitrusBerry|Drizzle|PerishSong,Protect,WeatherBall,Encore|Calm||F|||50|]Metagross||ExpertBelt|ClearBody|PsychicFangs,BodyPress,Protect,BulletPunch|Adamant|||||50|]Dragonite||DragonFang|InnerFocus|Tailwind,Protect,DragonClaw,IronHead|Jolly||F|||50|]Archaludon||Leftovers|Stamina|ElectroShot,Protect,FlashCannon,DragonPulse|Timid||F|||50|
|j| ataba
|j| AE_Elite07
|
|t:|1784508382
|teamsize|p1|4
|teamsize|p2|4
|start
|switch|p1a: Slinky|Eelektross, L50, F, shiny|100/100
|switch|p1b: Clayton|Meowstic, L50, M, shiny|100/100
|switch|p2a: Yoko Ono|Politoed, L50, F, shiny|100/100
|switch|p2b: Alter Bridge|Archaludon, L50, F, shiny|100/100
|-weather|RainDance|[from] ability: Drizzle|[of] p2a: Yoko Ono
|turn|1
|
|t:|1784508427
|detailschange|p1a: Slinky|Eelektross-Mega, L50, F, shiny
|-mega|p1a: Slinky|Eelektross|Eelektrossite
|move|p2a: Yoko Ono|Protect|p2a: Yoko Ono
|-singleturn|p2a: Yoko Ono|Protect
|move|p1b: Clayton|Light Screen|p1b: Clayton
|-sidestart|p1: xschulzyx|move: Light Screen
|move|p2b: Alter Bridge|Electro Shot||[still]
|-prepare|p2b: Alter Bridge|Electro Shot
|-boost|p2b: Alter Bridge|spa|1
|-anim|p2b: Alter Bridge|Electro Shot|p1b: Clayton
|-damage|p1b: Clayton|51/100
|move|p1a: Slinky|Volt Switch|p2a: Yoko Ono
|-activate|p2a: Yoko Ono|move: Protect
|
|-weather|RainDance|[upkeep]
|upkeep
|turn|2
|l| AE_Elite07
|j| AE_Elite07
|
|t:|1784508514
|move|p1b: Clayton|Thunder Wave|p2b: Alter Bridge
|-status|p2b: Alter Bridge|par
|move|p1a: Slinky|Flamethrower|p2b: Alter Bridge
|-damage|p2b: Alter Bridge|75/100 par
|-ability|p2b: Alter Bridge|Stamina|boost
|-boost|p2b: Alter Bridge|def|1
|move|p2a: Yoko Ono|Weather Ball|p1b: Clayton
|-damage|p1b: Clayton|8/100
|cant|p2b: Alter Bridge|par
|
|-weather|RainDance|[upkeep]
|-heal|p2b: Alter Bridge|81/100 par|[from] item: Leftovers
|upkeep
|turn|3
|j| bugcatcherjinsoul
|
|t:|1784508544
|switch|p1b: Umi|Umbreon, L50, F, shiny|100/100
|move|p1a: Slinky|Volt Switch|p2b: Alter Bridge
|-resisted|p2b: Alter Bridge|1
|-damage|p2b: Alter Bridge|53/100 par
|-ability|p2b: Alter Bridge|Stamina|boost
|-boost|p2b: Alter Bridge|def|1
|
|t:|1784508558
|switch|p1a: LMS|Basculegion, L50, M, shiny|100/100|[from] Volt Switch
|move|p2a: Yoko Ono|Weather Ball|p1b: Umi
|-damage|p1b: Umi|74/100
|move|p2b: Alter Bridge|Electro Shot||[still]
|-prepare|p2b: Alter Bridge|Electro Shot
|-boost|p2b: Alter Bridge|spa|1
|-anim|p2b: Alter Bridge|Electro Shot|p1a: LMS
|-supereffective|p1a: LMS|1
|-damage|p1a: LMS|0 fnt
|faint|p1a: LMS
|
|-weather|RainDance|[upkeep]
|-heal|p1b: Umi|80/100|[from] item: Leftovers
|-heal|p2b: Alter Bridge|59/100 par|[from] item: Leftovers
|upkeep
|c| ataba|lmao
|c|☆xschulzyx|ngl
|c|☆xschulzyx|i forgot i had 4 mons when i did volt switch
|c| AE_Elite07|lol
|c|☆Brolax|lmao
|
|t:|1784508604
|switch|p1a: Slinky|Eelektross-Mega, L50, F, shiny|100/100
|turn|4
|c| bugcatcherjinsoul|The basculegion play
|c| ataba|Could have just gone back to meowstic
|
|t:|1784508628
|move|p1b: Umi|Protect|p1b: Umi
|-singleturn|p1b: Umi|Protect
|move|p1a: Slinky|Giga Drain|p2a: Yoko Ono
|-supereffective|p2a: Yoko Ono|1
|-damage|p2a: Yoko Ono|61/100
|move|p2a: Yoko Ono|Weather Ball|p1a: Slinky
|-damage|p1a: Slinky|54/100
|move|p2b: Alter Bridge|Dragon Pulse|p1a: Slinky
|-damage|p1a: Slinky|0 fnt
|faint|p1a: Slinky
|
|-weather|RainDance|[upkeep]
|-heal|p1b: Umi|86/100|[from] item: Leftovers
|-heal|p2b: Alter Bridge|64/100 par|[from] item: Leftovers
|upkeep
|
|t:|1784508641
|switch|p1a: Clayton|Meowstic, L50, M, shiny|8/100
|turn|5
|c| ataba|Well at least Umbreon was safe
|
|t:|1784508655
|move|p1a: Clayton|Thunder Wave|p2a: Yoko Ono|[miss]
|-miss|p1a: Clayton|p2a: Yoko Ono
|move|p2a: Yoko Ono|Perish Song|p2a: Yoko Ono
|-start|p1a: Clayton|perish3|[silent]
|-start|p1b: Umi|perish3|[silent]
|-start|p2a: Yoko Ono|perish3|[silent]
|-start|p2b: Alter Bridge|perish3|[silent]
|-fieldactivate|move: Perish Song
|move|p1b: Umi|Foul Play|p2a: Yoko Ono
|-damage|p2a: Yoko Ono|35/100
|-enditem|p2a: Yoko Ono|Sitrus Berry|[eat]
|-heal|p2a: Yoko Ono|59/100|[from] item: Sitrus Berry
|move|p2b: Alter Bridge|Dragon Pulse|p1a: Clayton
|-damage|p1a: Clayton|0 fnt
|faint|p1a: Clayton
|
|-weather|none
|-heal|p1b: Umi|92/100|[from] item: Leftovers
|-heal|p2b: Alter Bridge|70/100 par|[from] item: Leftovers
|-start|p2a: Yoko Ono|perish3
|-start|p1b: Umi|perish3
|-start|p2b: Alter Bridge|perish3
|upkeep
|turn|6
|c|☆Brolax|Very important
|c|☆Brolax|eyes
|
|t:|1784508679
|move|p2a: Yoko Ono|Protect|p2a: Yoko Ono
|-singleturn|p2a: Yoko Ono|Protect
|move|p1b: Umi|Foul Play|p2b: Alter Bridge
|-damage|p2b: Alter Bridge|57/100 par
|-ability|p2b: Alter Bridge|Stamina|boost
|-boost|p2b: Alter Bridge|def|1
|move|p2b: Alter Bridge|Dragon Pulse|p1b: Umi
|-damage|p1b: Umi|50/100g
|
|-heal|p1b: Umi|56/100|[from] item: Leftovers
|-heal|p2b: Alter Bridge|63/100 par|[from] item: Leftovers
|-start|p2a: Yoko Ono|perish2
|-start|p1b: Umi|perish2
|-start|p2b: Alter Bridge|perish2
|upkeep
|turn|7
|c| bugcatcherjinsoul|This is the most value anyone has ever gotten from Politoed
|c|☆Brolax|He's too powerful
|
|t:|1784508701
|move|p2a: Yoko Ono|Weather Ball|p1b: Umi
|-damage|p1b: Umi|51/100
|move|p1b: Umi|Foul Play|p2b: Alter Bridge
|-damage|p2b: Alter Bridge|52/100 par
|-ability|p2b: Alter Bridge|Stamina|boost
|-boost|p2b: Alter Bridge|def|1
|move|p2b: Alter Bridge|Dragon Pulse|p1b: Umi
|-damage|p1b: Umi|12/100
|
|-heal|p1b: Umi|18/100|[from] item: Leftovers
|-heal|p2b: Alter Bridge|58/100 par|[from] item: Leftovers
|-start|p2a: Yoko Ono|perish1
|-start|p1b: Umi|perish1
|-start|p2b: Alter Bridge|perish1
|upkeep
|turn|8
|c| ataba|Politoed good
|
|t:|1784508718
|switch|p2a: Steel Panther|Metagross, L50, shiny|100/100
|switch|p2b: Guns N' Roses|Meganium, L50, M, shiny|100/100
|move|p1b: Umi|Protect||[still]
|-fail|p1b: Umi
|
|-heal|p1b: Umi|24/100|[from] item: Leftovers
|-start|p1b: Umi|perish0
|-sideend|p1: xschulzyx|move: Light Screen
|upkeep
|faint|p1b: Umi
|
|win|Brolax
|c| bugcatcherjinsoul|Top 10 mon
|inactive|xschulzyx has 30 seconds to confirm battle start!
|inactive|Brolax has 30 seconds to confirm battle start!
||Brolax is ready for game 2.
|c| ataba|1.01
|inactive|xschulzyx has 20 seconds to confirm battle start!
|c|☆Brolax|Living up to the hype
||xschulzyx is ready for game 2.
|uhtml|next|Next: Game 2 of 3
|l|☆xschulzyx
|player|p1|
|l| bugcatcherjinsoul
|l| AE_Elite07
