|j|☆Gi1796
|j|☆ossigt
|html|Gi1796ossigt    
|uhtml|bestof|Game 2 of a best-of-3
|t:|1756829236
|gametype|doubles
|player|p1|Gi1796|169|1112
|player|p2|ossigt|hilbert-wonderlauncher|1161
|gen|9
|tier|[Gen 9] VGC 2025 Reg H (Bo3)
|rated|
|rule|Species Clause: Limit one of each Pokémon
|rule|Item Clause: Limit 1 of each item
|clearpoke
|poke|p1|Sneasler, L50, M|
|poke|p1|Indeedee, L50, M|
|poke|p1|Annihilape, L50, F|
|poke|p1|Tyranitar, L50, M|
|poke|p1|Excadrill, L50, F|
|poke|p1|Corviknight, L50, F|
|poke|p2|Kingambit, L50, F|
|poke|p2|Rillaboom, L50, F|
|poke|p2|Electabuzz, L50, M|
|poke|p2|Dragapult, L50, M|
|poke|p2|Volcarona, L50, M|
|poke|p2|Tauros-Paldea-Aqua, L50, M|
|teampreview|4
|showteam|p1|Sneasler||PsychicSeed|Unburden|CloseCombat,DireClaw,ThroatChop,Protect|||M|||50|,,,,,Dark]Indeedee||ChoiceScarf|PsychicSurge|ExpandingForce,TeraBlast,Trick,DazzlingGleam|||M|||50|,,,,,Psychic]Annihilape||SafetyGoggles|Defiant|CloseCombat,RageFist,Taunt,FinalGambit|||F|||50|,,,,,Water]Tyranitar||AssaultVest|SandStream|RockSlide,KnockOff,TeraBlast,LowKick|||M|||50|,,,,,Flying]Excadrill||FocusSash|SandRush|HighHorsepower,Earthquake,IronHead,Protect|||F|||50|,,,,,Stellar]Corviknight||Leftovers|MirrorArmor|BraveBird,BulkUp,Tailwind,Roost|||F|||50|,,,,,Dragon
|showteam|p2|Kingambit||BlackGlasses|Defiant|Protect,KowtowCleave,SuckerPunch,SwordsDance|||F|||50|,,,,,Dark]Rillaboom||AssaultVest|GrassySurge|WoodHammer,GrassyGlide,Uturn,FakeOut|||F|||50|,,,,,Fire]Electabuzz||Eviolite|VitalSpirit|Protect,Thunderbolt,HelpingHand,FollowMe|||M|||50|,,,,,Ghost]Dragapult||ChoiceBand|ClearBody|DragonDarts,PhantomForce,Outrage,Uturn|||M|||50|,,,,,Ghost]Volcarona||CovertCloak|FlameBody|Protect,HeatWave,GigaDrain,QuiverDance|||M|||50|,,,,,Dragon]Tauros-Paldea-Aqua||MirrorHerb|Intimidate|Protect,WaveCrash,CloseCombat,AquaJet|||M|||50|,,,,,Water
|inactive|Battle timer is ON: inactive players will automatically lose when time's up. (requested by Gi1796)
|inactive|Gi1796 has 60 seconds left.
|inactive|Gi1796 has 30 seconds left.
|inactive|Gi1796 has 20 seconds left.
|inactive|Gi1796 has 15 seconds left.
|inactive|Gi1796 has 10 seconds left.
|
|t:|1756829323
|teamsize|p1|4
|teamsize|p2|4
|start
|switch|p1a: Annihilape|Annihilape, L50, F|100/100
|switch|p1b: Corviknight|Corviknight, L50, F|100/100
|switch|p2a: Electabuzz|Electabuzz, L50, M, shiny|100/100
|switch|p2b: Volcarona|Volcarona, L50, M, shiny|100/100
|turn|1
|inactive|Gi1796 has 30 seconds left.
|
|t:|1756829357
|-terastallize|p1b: Corviknight|Dragon
|move|p2a: Electabuzz|Follow Me|p2a: Electabuzz
|-singleturn|p2a: Electabuzz|move: Follow Me
|move|p1a: Annihilape|Taunt|p2a: Electabuzz
|-start|p2a: Electabuzz|move: Taunt
|move|p2b: Volcarona|Quiver Dance|p2b: Volcarona
|-boost|p2b: Volcarona|spa|1
|-boost|p2b: Volcarona|spd|1
|-boost|p2b: Volcarona|spe|1
|move|p1b: Corviknight|Bulk Up|p1b: Corviknight
|-boost|p1b: Corviknight|atk|1
|-boost|p1b: Corviknight|def|1
|
|upkeep
|turn|2
|inactive|Gi1796 has 30 seconds left.
|inactive|ossigt has 30 seconds left.
|inactive|Gi1796 has 20 seconds left.
|
|t:|1756829395
|switch|p2a: Rillaboom|Rillaboom, L50, F, shiny|100/100
|-fieldstart|move: Grassy Terrain|[from] ability: Grassy Surge|[of] p2a: Rillaboom
|move|p2b: Volcarona|Protect|p2b: Volcarona
|-singleturn|p2b: Volcarona|Protect
|move|p1a: Annihilape|Taunt|p2b: Volcarona
|-activate|p2b: Volcarona|move: Protect
|move|p1b: Corviknight|Tailwind|p1b: Corviknight
|-sidestart|p1: Gi1796|move: Tailwind
|
|upkeep
|turn|3
|
|t:|1756829419
|move|p2a: Rillaboom|Fake Out|p1b: Corviknight
|-damage|p1b: Corviknight|92/100
|move|p1a: Annihilape|Final Gambit|p2b: Volcarona
|-damage|p2b: Volcarona|0 fnt
|faint|p1a: Annihilape
|faint|p2b: Volcarona
|cant|p1b: Corviknight|flinch
|
|-heal|p1b: Corviknight|98/100|[from] Grassy Terrain
|-heal|p1b: Corviknight|100/100|[from] item: Leftovers
|upkeep
|
|t:|1756829431
|switch|p1a: Indeedee|Indeedee, L50, M|100/100
|switch|p2b: Tauros|Tauros-Paldea-Aqua, L50, M|100/100
|-fieldstart|move: Psychic Terrain|[from] ability: Psychic Surge|[of] p1a: Indeedee
|-ability|p2b: Tauros|Intimidate|boost
|-unboost|p1a: Indeedee|atk|1
|-ability|p1b: Corviknight|Mirror Armor
|-unboost|p2b: Tauros|atk|1
|turn|4
|
|t:|1756829446
|-terastallize|p2a: Rillaboom|Fire
|move|p2b: Tauros|Protect|p2b: Tauros
|-singleturn|p2b: Tauros|Protect
|move|p1a: Indeedee|Expanding Force|p2b: Tauros|[spread] p2a
|-activate|p2b: Tauros|move: Protect
|-damage|p2a: Rillaboom|60/100
|move|p1b: Corviknight|Bulk Up|p1b: Corviknight
|-boost|p1b: Corviknight|atk|1
|-boost|p1b: Corviknight|def|1
|-enditem|p2b: Tauros|Mirror Herb
|-boost|p2b: Tauros|atk|1|[from] item: Mirror Herb
|-boost|p2b: Tauros|def|1|[from] item: Mirror Herb
|move|p2a: Rillaboom|U-turn|p1a: Indeedee
|-supereffective|p1a: Indeedee
|-damage|p1a: Indeedee|3/100
|
|t:|1756829461
|switch|p2a: Electabuzz|Electabuzz, L50, M, shiny|100/100|[from] U-turn
|
|upkeep
|turn|5
|
|t:|1756829482
|switch|p2a: Rillaboom|Rillaboom, L50, F, shiny, tera:Fire|60/100
|-fieldstart|move: Grassy Terrain|[from] ability: Grassy Surge|[of] p2a: Rillaboom
|move|p2b: Tauros|Aqua Jet|p1a: Indeedee
|-damage|p1a: Indeedee|0 fnt
|faint|p1a: Indeedee
|move|p1b: Corviknight|Bulk Up|p1b: Corviknight
|-boost|p1b: Corviknight|atk|1
|-boost|p1b: Corviknight|def|1
|
|-heal|p2a: Rillaboom|66/100|[from] Grassy Terrain
|-sideend|p1: Gi1796|move: Tailwind
|upkeep
|
|t:|1756829494
|switch|p1a: Sneasler|Sneasler, L50, M|100/100
|turn|6
|
|t:|1756829518
|switch|p2a: Electabuzz|Electabuzz, L50, M, shiny|100/100
|move|p1a: Sneasler|Protect|p1a: Sneasler
|-singleturn|p1a: Sneasler|Protect
|move|p2b: Tauros|Protect|p2b: Tauros
|-singleturn|p2b: Tauros|Protect
|move|p1b: Corviknight|Brave Bird|p2b: Tauros
|-activate|p2b: Tauros|move: Protect
|
|upkeep
|turn|7
|inactive|Gi1796 has 30 seconds left.
|
|t:|1756829549
|move|p2a: Electabuzz|Follow Me|p2a: Electabuzz
|-singleturn|p2a: Electabuzz|move: Follow Me
|move|p1a: Sneasler|Dire Claw|p2a: Electabuzz
|-damage|p2a: Electabuzz|65/100
|move|p2b: Tauros|Wave Crash|p1a: Sneasler
|-damage|p1a: Sneasler|5/100
|-damage|p2b: Tauros|70/100|[from] Recoil
|move|p1b: Corviknight|Brave Bird|p2a: Electabuzz
|-resisted|p2a: Electabuzz
|-crit|p2a: Electabuzz
|-damage|p2a: Electabuzz|2/100
|-damage|p1b: Corviknight|83/100|[from] Recoil
|
|-heal|p1a: Sneasler|11/100|[from] Grassy Terrain
|-heal|p2b: Tauros|76/100|[from] Grassy Terrain
|-heal|p2a: Electabuzz|8/100|[from] Grassy Terrain
|-heal|p1b: Corviknight|89/100|[from] Grassy Terrain
|-heal|p1b: Corviknight|95/100|[from] item: Leftovers
|upkeep
|turn|8
|inactive|ossigt has 30 seconds left.
|inactive|Gi1796 has 30 seconds left.
|
|t:|1756829579
|move|p2b: Tauros|Protect|p2b: Tauros
|-singleturn|p2b: Tauros|Protect
|move|p1a: Sneasler|Dire Claw|p2a: Electabuzz
|-damage|p2a: Electabuzz|0 fnt
|faint|p2a: Electabuzz
|move|p1b: Corviknight|Brave Bird|p2b: Tauros
|-activate|p2b: Tauros|move: Protect
|
|-heal|p1a: Sneasler|17/100|[from] Grassy Terrain
|-heal|p2b: Tauros|83/100|[from] Grassy Terrain
|-heal|p1b: Corviknight|100/100|[from] Grassy Terrain
|upkeep
|inactive|ossigt has 30 seconds left.
|
|t:|1756829614
|switch|p2a: Rillaboom|Rillaboom, L50, F, shiny, tera:Fire|66/100
|turn|9
|
|t:|1756829626
|move|p2a: Rillaboom|Fake Out|p1a: Sneasler
|-damage|p1a: Sneasler|0 fnt
|faint|p1a: Sneasler
|move|p2b: Tauros|Close Combat|p1b: Corviknight
|-damage|p1b: Corviknight|81/100
|-unboost|p2b: Tauros|def|1
|-unboost|p2b: Tauros|spd|1
|move|p1b: Corviknight|Brave Bird|p2b: Tauros
|-supereffective|p2b: Tauros
|-damage|p2b: Tauros|0 fnt
|faint|p2b: Tauros
|-damage|p1b: Corviknight|59/100|[from] Recoil
|
|-heal|p2a: Rillaboom|72/100|[from] Grassy Terrain
|-heal|p1b: Corviknight|65/100|[from] Grassy Terrain
|-heal|p1b: Corviknight|71/100|[from] item: Leftovers
|-fieldend|move: Grassy Terrain
|upkeep
|turn|10
|
|t:|1756829645
|move|p2a: Rillaboom|Wood Hammer|p1b: Corviknight
|-resisted|p1b: Corviknight
|-damage|p1b: Corviknight|61/100
|-damage|p2a: Rillaboom|68/100|[from] Recoil
|move|p1b: Corviknight|Brave Bird|p2a: Rillaboom
|-damage|p2a: Rillaboom|0 fnt
|faint|p2a: Rillaboom
|-damage|p1b: Corviknight|38/100|[from] Recoil
|
|win|Gi1796
||ossigt is ready for game 3.
|inactive|Gi1796 has 30 seconds to confirm battle start!
