|j|☆miwabeast
|j|☆Lev001
|html|miwabeastLev001    
|uhtml|bestof|Game 2 of a best-of-3
|t:|1785365489
|gametype|doubles
|player|p1|miwabeast|170|1168
|player|p2|Lev001|170|1112
|gen|9
|tier|[Gen 9 Champions] VGC 2026 Reg M-B (Bo3)
|rated|
|rule|Species Clause: Limit one of each Pokémon
|rule|Item Clause: Limit 1 of each item
|clearpoke
|poke|p1|Toxapex, L50, F|
|poke|p1|Charizard, L50, F|
|poke|p1|Incineroar, L50, M|
|poke|p1|Hydreigon, L50, M|
|poke|p1|Metagross, L50|
|poke|p1|Garchomp, L50, F|
|poke|p2|Raichu, L50, F|
|poke|p2|Garchomp, L50, M|
|poke|p2|Tyranitar, L50, M|
|poke|p2|Charizard, L50, M|
|poke|p2|Sinistcha, L50|
|poke|p2|Corviknight, L50, M|
|teampreview|4
|showteam|p1|Toxapex||Leftovers|Regenerator|BanefulBunker,Infestation,Toxic,WideGuard|Bold||F|||50|]Charizard||CharizarditeY|Blaze|Protect,HeatWave,SolarBeam,WeatherBall|Timid||F|||50|]Incineroar||ExpertBelt|Intimidate|PartingShot,FakeOut,Protect,BrickBreak|Impish||M|||50|]Hydreigon||ChoiceScarf|Levitate|HeatWave,DarkPulse,DracoMeteor,Snarl|Modest||M|||50|]Metagross||Metagrossite|ClearBody|IronHead,HammerArm,BulletPunch,Protect|Adamant|||||50|]Garchomp||SitrusBerry|RoughSkin|Earthquake,RockSlide,DragonClaw,Protect|Adamant||F|||50|
|showteam|p2|Raichu||FocusSash|LightningRod|FakeOut,HelpingHand,BrickBreak,ThunderPunch|Jolly||F|||50|]Garchomp||LifeOrb|RoughSkin|Earthquake,StompingTantrum,DragonClaw,Protect|Jolly||M|||50|]Tyranitar||ChoiceScarf|SandStream|RockSlide,KnockOff,LowKick,IcePunch|Jolly||M|||50|]Charizard||CharizarditeY|Blaze|HeatWave,WeatherBall,SolarBeam,Protect|Modest||M|||50|]Sinistcha||KasibBerry|Hospitality|MatchaGotcha,RagePowder,ShadowBall,Protect|Modest|||||50|]Corviknight||Leftovers|MirrorArmor|IronHead,BraveBird,Roost,Tailwind|Adamant||M|||50|
|j| lastman13
|
|t:|1785365522
|teamsize|p1|4
|teamsize|p2|4
|start
|switch|p1a: Incineroar|Incineroar, L50, M|100/100
|switch|p1b: Garchomp|Garchomp, L50, F|100/100
|switch|p2a: Raichu|Raichu, L50, F|100/100
|switch|p2b: Charizard|Charizard, L50, M|100/100
|-ability|p1a: Incineroar|Intimidate|boost
|-unboost|p2a: Raichu|atk|1
|-unboost|p2b: Charizard|atk|1
|turn|1
|
|t:|1785365553
|switch|p2b: Tyranitar|Tyranitar, L50, M|100/100
|-weather|Sandstorm|[from] ability: Sand Stream|[of] p2b: Tyranitar
|move|p2a: Raichu|Fake Out|p1b: Garchomp
|-damage|p1b: Garchomp|93/100
|-damage|p2a: Raichu|87/100|[from] ability: Rough Skin|[of] p1b: Garchomp
|move|p1a: Incineroar|Fake Out|p2b: Tyranitar
|-resisted|p2b: Tyranitar|1
|-damage|p2b: Tyranitar|95/100
|cant|p1b: Garchomp|flinch
|
|-weather|Sandstorm|[upkeep]
|-damage|p2a: Raichu|81/100|[from] Sandstorm
|-damage|p1a: Incineroar|94/100|[from] Sandstorm
|upkeep
|turn|2
|
|t:|1785365585
|switch|p2a: Garchomp|Garchomp, L50, M|100/100
|move|p1a: Incineroar|Protect|p1a: Incineroar
|-singleturn|p1a: Incineroar|Protect
|move|p2b: Tyranitar|Ice Punch|p1b: Garchomp
|-supereffective|p1b: Garchomp|2
|-damage|p1b: Garchomp|2/100
|-damage|p2b: Tyranitar|82/100|[from] ability: Rough Skin|[of] p1b: Garchomp
|-enditem|p1b: Garchomp|Sitrus Berry|[eat]
|-heal|p1b: Garchomp|27/100|[from] item: Sitrus Berry
|move|p1b: Garchomp|Earthquake|p2b: Tyranitar|[spread] p2a,p2b
|-activate|p1a: Incineroar|move: Protect
|-crit|p2a: Garchomp
|-supereffective|p2b: Tyranitar|1
|-damage|p2a: Garchomp|37/100
|-damage|p2b: Tyranitar|8/100
|
|-weather|Sandstorm|[upkeep]
|-damage|p1a: Incineroar|88/100|[from] Sandstorm
|upkeep
|turn|3
|
|t:|1785365610
|move|p1b: Garchomp|Protect|p1b: Garchomp
|-singleturn|p1b: Garchomp|Protect
|move|p2b: Tyranitar|Ice Punch|p1b: Garchomp
|-activate|p1b: Garchomp|move: Protect
|move|p2a: Garchomp|Stomping Tantrum|p1a: Incineroar
|-supereffective|p1a: Incineroar|1
|-damage|p1a: Incineroar|2/100
|-damage|p2a: Garchomp|28/100|[from] item: Life Orb
|move|p1a: Incineroar|Parting Shot|p2a: Garchomp
|-unboost|p2a: Garchomp|atk|1
|-unboost|p2a: Garchomp|spa|1
|
|t:|1785365623
|switch|p1a: Toxapex|Toxapex, L50, F|100/100|[from] Parting Shot
|
|-weather|Sandstorm|[upkeep]
|-damage|p1a: Toxapex|94/100|[from] Sandstorm
|-heal|p1a: Toxapex|100/100|[from] item: Leftovers
|upkeep
|turn|4
|
|t:|1785365640
|move|p1a: Toxapex|Baneful Bunker|p1a: Toxapex
|-singleturn|p1a: Toxapex|move: Protect
|move|p2b: Tyranitar|Ice Punch|p1b: Garchomp
|-supereffective|p1b: Garchomp|2
|-damage|p1b: Garchomp|0 fnt
|-damage|p2b: Tyranitar|0 fnt|[from] ability: Rough Skin|[of] p1b: Garchomp
|faint|p1b: Garchomp
|faint|p2b: Tyranitar
|move|p2a: Garchomp|Stomping Tantrum|p1a: Toxapex
|-activate|p1a: Toxapex|move: Protect
|-status|p2a: Garchomp|psn
|
|-weather|Sandstorm|[upkeep]
|-damage|p1a: Toxapex|94/100|[from] Sandstorm
|-heal|p1a: Toxapex|100/100|[from] item: Leftovers
|-damage|p2a: Garchomp|15/100 psn|[from] psn
|upkeep
|
|t:|1785365660
|switch|p1b: Metagross|Metagross, L50|100/100
|switch|p2b: Raichu|Raichu, L50, F|81/100
|turn|5
|
|t:|1785365672
|move|p1b: Metagross|Bullet Punch|p2a: Garchomp
|-damage|p2a: Garchomp|0 fnt
|-damage|p1b: Metagross|87/100|[from] ability: Rough Skin|[of] p2a: Garchomp
|faint|p2a: Garchomp
|move|p2b: Raichu|Thunder Punch|p1a: Toxapex
|-supereffective|p1a: Toxapex|1
|-damage|p1a: Toxapex|56/100
|move|p1a: Toxapex|Toxic|p2b: Raichu
|-status|p2b: Raichu|tox
|
|-weather|none
|-heal|p1a: Toxapex|62/100|[from] item: Leftovers
|-damage|p2b: Raichu|75/100 tox|[from] psn
|upkeep
|
|t:|1785365686
|switch|p2a: Charizard|Charizard, L50, M|100/100
|turn|6
|
|t:|1785365708
|detailschange|p2a: Charizard|Charizard-Mega-Y, L50, M
|-mega|p2a: Charizard|Charizard|Charizardite Y
|-weather|SunnyDay|[from] ability: Drought|[of] p2a: Charizard
|detailschange|p1b: Metagross|Metagross-Mega, L50
|-mega|p1b: Metagross|Metagross|Metagrossite
|move|p2b: Raichu|Thunder Punch|p1a: Toxapex
|-supereffective|p1a: Toxapex|1
|-damage|p1a: Toxapex|19/100
|move|p2a: Charizard|Weather Ball|p1b: Metagross
|-supereffective|p1b: Metagross|1
|-damage|p1b: Metagross|0 fnt
|faint|p1b: Metagross
|move|p1a: Toxapex|Toxic|p2a: Charizard
|-status|p2a: Charizard|tox
|
|-weather|SunnyDay|[upkeep]
|-heal|p1a: Toxapex|24/100|[from] item: Leftovers
|-damage|p2b: Raichu|64/100 tox|[from] psn
|-damage|p2a: Charizard|93/100 tox|[from] psn
|upkeep
|l| lastman13
|
|t:|1785365725
|switch|p1b: Incineroar|Incineroar, L50, M|2/100
|-ability|p1b: Incineroar|Intimidate|boost
|-unboost|p2a: Charizard|atk|1
|-unboost|p2b: Raichu|atk|1
|turn|7
|
|t:|1785365742
|move|p1b: Incineroar|Protect|p1b: Incineroar
|-singleturn|p1b: Incineroar|Protect
|move|p1a: Toxapex|Baneful Bunker|p1a: Toxapex
|-singleturn|p1a: Toxapex|move: Protect
|move|p2b: Raichu|Thunder Punch|p1a: Toxapex
|-activate|p1a: Toxapex|move: Protect
|move|p2a: Charizard|Weather Ball|p1b: Incineroar
|-activate|p1b: Incineroar|move: Protect
|
|-weather|SunnyDay|[upkeep]
|-heal|p1a: Toxapex|30/100|[from] item: Leftovers
|-damage|p2b: Raichu|46/100 tox|[from] psn
|-damage|p2a: Charizard|81/100 tox|[from] psn
|upkeep
|turn|8
|
|t:|1785365785
|move|p1a: Toxapex|Baneful Bunker||[still]
|-fail|p1a: Toxapex
|move|p2b: Raichu|Thunder Punch|p1a: Toxapex
|-supereffective|p1a: Toxapex|1
|-damage|p1a: Toxapex|2/100
|move|p2a: Charizard|Weather Ball|p1b: Incineroar
|-resisted|p1b: Incineroar|1
|-damage|p1b: Incineroar|0 fnt
|faint|p1b: Incineroar
|
|-weather|SunnyDay|[upkeep]
|-heal|p1a: Toxapex|8/100|[from] item: Leftovers
|-damage|p2b: Raichu|23/100 tox|[from] psn
|-damage|p2a: Charizard|62/100 tox|[from] psn
|upkeep
|turn|9
|
|t:|1785365805
|move|p1a: Toxapex|Baneful Bunker|p1a: Toxapex
|-singleturn|p1a: Toxapex|move: Protect
|move|p2b: Raichu|Thunder Punch|p1a: Toxapex
|-activate|p1a: Toxapex|move: Protect
|move|p2a: Charizard|Weather Ball|p1a: Toxapex
|-activate|p1a: Toxapex|move: Protect
|
|-weather|SunnyDay|[upkeep]
|-heal|p1a: Toxapex|14/100|[from] item: Leftovers
|-damage|p2b: Raichu|0 fnt|[from] psn
|faint|p2b: Raichu
|-damage|p2a: Charizard|37/100 tox|[from] psn
|upkeep
|turn|10
|
|t:|1785365823
|move|p1a: Toxapex|Baneful Bunker||[still]
|-fail|p1a: Toxapex
|move|p2a: Charizard|Solar Beam||[still]
|-prepare|p2a: Charizard|Solar Beam
|-anim|p2a: Charizard|Solar Beam|p1a: Toxapex
|-damage|p1a: Toxapex|0 fnt
|faint|p1a: Toxapex
|
|win|Lev001
|raw|miwabeast's rating: 1168 → 1139(-29 for losing)
|raw|Lev001's rating: 1112 → 1141(+29 for winning)
|l|☆miwabeast
|player|p1|
