|j|☆Poe Jar
|j|☆404elephants
|html|Poe Jar404elephants    
|uhtml|bestof|Game 2 of a best-of-3
|t:|1783714053
|gametype|doubles
|player|p1|Poe Jar|169|
|player|p2|404elephants|dawn|
|gen|9
|tier|[Gen 9 Champions] VGC 2026 Reg M-B (Bo3)
|rule|Species Clause: Limit one of each Pokémon
|rule|Item Clause: Limit 1 of each item
|clearpoke
|poke|p1|Swampert, L50, M|
|poke|p1|Pelipper, L50, M|
|poke|p1|Archaludon, L50, F|
|poke|p1|Grimmsnarl, L50, M|
|poke|p1|Metagross, L50|
|poke|p1|Sneasler, L50, F|
|poke|p2|Whimsicott, L50, M|
|poke|p2|Floette-Eternal, L50, F|
|poke|p2|Farigiraf, L50, F|
|poke|p2|Garchomp, L50, F|
|poke|p2|Basculegion, L50, M|
|poke|p2|Delphox, L50, M|
|teampreview|4
|showteam|p1|Swampert||Swampertite|Torrent|WaveCrash,Earthquake,IcePunch,Protect|Adamant||M|||50|]Pelipper||SitrusBerry|Drizzle|WeatherBall,Hurricane,Tailwind,WideGuard|Bold||M|||50|]Archaludon||Leftovers|Stamina|FlashCannon,DragonPulse,ElectroShot,Protect|Modest||F|||50|]Grimmsnarl||LightClay|Prankster|LightScreen,Reflect,FoulPlay,PartingShot|Impish||M|||50|]Metagross||Metagrossite|ClearBody|MeteorMash,PsychicFangs,StompingTantrum,Protect|Adamant|||||50|]Sneasler||FocusSash|Unburden|FakeOut,CloseCombat,Coaching,DireClaw|Naive||F|||50|
|showteam|p2|Whimsicott||FocusSash|Prankster|Protect,Tailwind,Encore,Moonblast|Timid||M|||50|]Floette-Eternal||Floettite|FlowerVeil|Protect,DazzlingGleam,LightofRuin,Moonblast|Modest||F|||50|]Farigiraf||ColburBerry|ArmorTail|Psychic,Thunderbolt,HelpingHand,TrickRoom|Modest||F|||50|]Garchomp||LifeOrb|RoughSkin|Protect,RockSlide,DragonClaw,StompingTantrum|Jolly||F|||50|]Basculegion||ChoiceScarf|Adaptability|WaveCrash,LastRespects,FlipTurn,AquaJet|Jolly||M|||50|]Delphox||Delphoxite|Blaze|Protect,HeatWave,Psyshock,Substitute|Timid||M|||50|
|inactive|Battle timer is ON: inactive players will automatically lose when time's up. (requested by 404elephants)
|j| munchie2ff
|j| sugarfreeVGC
|j| Being Bees
|j| delucieous
|j| FBISurveillanceMan
|l| FBISurveillanceMan
|inactive|Poe Jar has 60 seconds left.
|
|t:|1783714088
|teamsize|p1|4
|teamsize|p2|4
|start
|switch|p1a: Sneasler|Sneasler, L50, F|100/100
|switch|p1b: Archaludon|Archaludon, L50, F|100/100
|switch|p2a: Whimsicott|Whimsicott, L50, M|100/100
|switch|p2b: Basculegion|Basculegion, L50, M|100/100
|turn|1
|j| FBISurveillanceMan
|
|t:|1783714107
|switch|p1a: Pelipper|Pelipper, L50, M|100/100
|-weather|RainDance|[from] ability: Drizzle|[of] p1a: Pelipper
|move|p2a: Whimsicott|Protect|p2a: Whimsicott
|-singleturn|p2a: Whimsicott|Protect
|move|p2b: Basculegion|Flip Turn|p1a: Pelipper
|-resisted|p1a: Pelipper|1
|-damage|p1a: Pelipper|68/100
|
|t:|1783714116
|switch|p2b: Garchomp|Garchomp, L50, F|100/100|[from] Flip Turn
|move|p1b: Archaludon|Electro Shot||[still]
|-prepare|p1b: Archaludon|Electro Shot
|-boost|p1b: Archaludon|spa|1
|-anim|p1b: Archaludon|Electro Shot|p2b: Garchomp
|-immune|p2b: Garchomp
|
|-weather|RainDance|[upkeep]
|upkeep
|turn|2
|
|t:|1783714130
|move|p1b: Archaludon|Protect|p1b: Archaludon
|-singleturn|p1b: Archaludon|Protect
|move|p2a: Whimsicott|Encore|p1b: Archaludon
|-activate|p1b: Archaludon|move: Protect
|move|p2b: Garchomp|Dragon Claw|p1a: Pelipper
|-crit|p1a: Pelipper
|-damage|p1a: Pelipper|0 fnt
|faint|p1a: Pelipper
|-damage|p2b: Garchomp|90/100|[from] item: Life Orb
|
|-weather|RainDance|[upkeep]
|upkeep
|
|t:|1783714146
|switch|p1a: Swampert|Swampert, L50, M|100/100
|turn|3
|inactive|Poe Jar has 30 seconds left.
|inactive|404elephants has 30 seconds left.
|inactive|Poe Jar has 20 seconds left.
|inactive|Poe Jar has 15 seconds left.
|
|t:|1783714188
|switch|p1b: Sneasler|Sneasler, L50, F|100/100
|detailschange|p1a: Swampert|Swampert-Mega, L50, M
|-mega|p1a: Swampert|Swampert|Swampertite
|move|p2a: Whimsicott|Tailwind|p2a: Whimsicott
|-sidestart|p2: 404elephants|move: Tailwind
|move|p2b: Garchomp|Dragon Claw|p1a: Swampert
|-damage|p1a: Swampert|52/100
|-damage|p2b: Garchomp|80/100|[from] item: Life Orb
|move|p1a: Swampert|Ice Punch|p2a: Whimsicott
|-supereffective|p2a: Whimsicott|1
|-damage|p2a: Whimsicott|6/100
|
|-weather|RainDance|[upkeep]
|upkeep
|turn|4
|inactive|Poe Jar has 30 seconds left.
|
|t:|1783714216
|switch|p2a: Basculegion|Basculegion, L50, M|100/100
|move|p2b: Garchomp|Protect|p2b: Garchomp
|-singleturn|p2b: Garchomp|Protect
|move|p1b: Sneasler|Fake Out|p2a: Basculegion
|-immune|p2a: Basculegion
|move|p1a: Swampert|Wave Crash|p2b: Garchomp
|-activate|p2b: Garchomp|move: Protect
|
|-weather|RainDance|[upkeep]
|upkeep
|turn|5
|inactive|Poe Jar has 30 seconds left.
|inactive|404elephants has 30 seconds left.
|inactive|Poe Jar has 20 seconds left.
|inactive|Poe Jar has 15 seconds left.
|inactive|Poe Jar has 10 seconds left.
|
|t:|1783714264
|move|p2a: Basculegion|Wave Crash|p1a: Swampert
|-damage|p1a: Swampert|0 fnt
|faint|p1a: Swampert
|-damage|p2a: Basculegion|82/100|[from] Recoil
|move|p2b: Garchomp|Dragon Claw|p1b: Sneasler
|-damage|p1b: Sneasler|3/100
|-damage|p2b: Garchomp|70/100|[from] item: Life Orb
|move|p1b: Sneasler|Coaching|p1: Swampert|[notarget]
|-fail|p1b: Sneasler
|
|-weather|none
|upkeep
|
|t:|1783714267
|switch|p1a: Archaludon|Archaludon, L50, F|100/100
|turn|6
|
|t:|1783714281
|move|p2a: Basculegion|Wave Crash|p1b: Sneasler
|-damage|p1b: Sneasler|0 fnt
|faint|p1b: Sneasler
|-damage|p2a: Basculegion|81/100|[from] Recoil
|move|p2b: Garchomp|Stomping Tantrum|p1a: Archaludon
|-supereffective|p1a: Archaludon|1
|-damage|p1a: Archaludon|21/100
|-ability|p1a: Archaludon|Stamina|boost
|-boost|p1a: Archaludon|def|1
|-damage|p2b: Garchomp|60/100|[from] item: Life Orb
|move|p1a: Archaludon|Dragon Pulse|p2b: Garchomp
|-supereffective|p2b: Garchomp|1
|-damage|p2b: Garchomp|0 fnt
|faint|p2b: Garchomp
|
|-heal|p1a: Archaludon|27/100|[from] item: Leftovers
|-sideend|p2: 404elephants|move: Tailwind
|upkeep
|
|t:|1783714295
|switch|p2b: Floette|Floette-Eternal, L50, F|100/100
|turn|7
|
|t:|1783714299
|switch|p2a: Whimsicott|Whimsicott, L50, M|6/100
|detailschange|p2b: Floette|Floette-Mega, L50, F
|-mega|p2b: Floette|Floette|Floettite
|-ability|p2b: Floette|Fairy Aura
|move|p2b: Floette|Moonblast|p1a: Archaludon
|-damage|p1a: Archaludon|0 fnt
|faint|p1a: Archaludon
|
|win|404elephants
|c|☆404elephants|gg
|l|☆Poe Jar
|player|p1|
|l| delucieous
|l| Being Bees
|l| FBISurveillanceMan
|l| sugarfreeVGC
|l| munchie2ff
|j| monsoonisbest
|l| monsoonisbest
