|j|☆Rennek
|j|☆GS Barnabe
|html|RennekGS Barnabe    
|uhtml|bestof|Game 1 of a best-of-3
|t:|1785629573
|gametype|doubles
|player|p1|Rennek|170|1054
|player|p2|GS Barnabe|1|1180
|gen|9
|tier|[Gen 9 Champions] VGC 2026 Reg M-B (Bo3)
|rated|
|rule|Species Clause: Limit one of each Pokémon
|rule|Item Clause: Limit 1 of each item
|clearpoke
|poke|p1|Malamar, L50, M|
|poke|p1|Whimsicott, L50, M|
|poke|p1|Serperior, L50, F|
|poke|p1|Talonflame, L50, M|
|poke|p1|Milotic, L50, M|
|poke|p1|Dragapult, L50, M|
|poke|p2|Meowstic, L50, M|
|poke|p2|Tyranitar, L50, F|
|poke|p2|Scovillain, L50, M|
|poke|p2|Houndstone, L50, M|
|poke|p2|Rotom-Wash, L50|
|poke|p2|Aerodactyl, L50, M|
|teampreview|4
|showteam|p1|Malamar||Malamarite|Contrary|Superpower,RockSlide,ThroatChop,Protect|Careful||M|||50|]Whimsicott||BrightPowder|Prankster|Moonblast,Charm,Tailwind,FakeTears|Calm||M|||50|]Serperior||BigRoot|Contrary|LeafStorm,DragonPulse,LeechSeed,Protect|Calm||F|||50|]Talonflame||FocusSash|GaleWings|DualWingbeat,FlareBlitz,FeatherDance,Protect|Adamant||M|||50|]Milotic||Leftovers|Competitive|Scald,IceBeam,Coil,LifeDew|Calm||M|||50|]Dragapult||LightClay|ClearBody|DragonDarts,PsychicFangs,LightScreen,Reflect|Jolly||M|||50|
|showteam|p2|Meowstic||LightClay|Prankster|FakeOut,Reflect,LightScreen,PsychicNoise|Bold||M|||50|]Tyranitar||ChoiceScarf|SandStream|RockSlide,KnockOff,IcePunch,Superpower|Jolly||F|||50|]Scovillain||Scovillainite|Moody|Overheat,LeechSeed,RagePowder,Protect|Calm||M|||50|]Houndstone||SitrusBerry|SandRush|LastRespects,Disable,AllySwitch,Protect|Adamant||M|||50|]Rotom-Wash||Leftovers|Levitate|HydroPump,VoltSwitch,WillOWisp,Protect|Calm|||||50|]Aerodactyl||Aerodactylite|RockHead|RockSlide,DualWingbeat,Tailwind,Protect|Jolly||M|||50|
|
|t:|1785629630
|teamsize|p1|4
|teamsize|p2|4
|start
|switch|p1a: Malamar|Malamar, L50, M|100/100
|switch|p1b: Talonflame|Talonflame, L50, M|100/100
|switch|p2a: Aerodactyl|Aerodactyl, L50, M|100/100
|switch|p2b: Tyranitar|Tyranitar, L50, F|100/100
|-weather|Sandstorm|[from] ability: Sand Stream|[of] p2b: Tyranitar
|turn|1
|
|t:|1785629670
|switch|p2b: Rotom|Rotom-Wash, L50|100/100
|detailschange|p2a: Aerodactyl|Aerodactyl-Mega, L50, M
|-mega|p2a: Aerodactyl|Aerodactyl|Aerodactylite
|detailschange|p1a: Malamar|Malamar-Mega, L50, M
|-mega|p1a: Malamar|Malamar|Malamarite
|move|p1b: Talonflame|Feather Dance|p2b: Rotom
|-unboost|p2b: Rotom|atk|2
|move|p2a: Aerodactyl|Rock Slide|p1b: Talonflame|[spread] p1a
|-miss|p2a: Aerodactyl|p1b: Talonflame
|-damage|p1a: Malamar|67/100
|move|p1a: Malamar|Superpower|p2b: Rotom
|-damage|p2b: Rotom|67/100
|-boost|p1a: Malamar|atk|1
|-boost|p1a: Malamar|def|1
|
|-weather|Sandstorm|[upkeep]
|-damage|p1b: Talonflame|94/100|[from] Sandstorm
|-damage|p2b: Rotom|61/100|[from] Sandstorm
|-damage|p1a: Malamar|61/100|[from] Sandstorm
|-heal|p2b: Rotom|67/100|[from] item: Leftovers
|upkeep
|turn|2
|
|t:|1785629713
|move|p1b: Talonflame|Protect|p1b: Talonflame
|-singleturn|p1b: Talonflame|Protect
|move|p1a: Malamar|Protect|p1a: Malamar
|-singleturn|p1a: Malamar|Protect
|move|p2a: Aerodactyl|Rock Slide|p1a: Malamar|[spread] 
|-activate|p1a: Malamar|move: Protect
|-activate|p1b: Talonflame|move: Protect
|move|p2b: Rotom|Will-O-Wisp|p1a: Malamar
|-activate|p1a: Malamar|move: Protect
|
|-weather|Sandstorm|[upkeep]
|-damage|p1b: Talonflame|88/100|[from] Sandstorm
|-damage|p2b: Rotom|61/100|[from] Sandstorm
|-damage|p1a: Malamar|54/100|[from] Sandstorm
|-heal|p2b: Rotom|67/100|[from] item: Leftovers
|upkeep
|turn|3
|
|t:|1785629738
|switch|p1a: Milotic|Milotic, L50, M|100/100
|move|p2a: Aerodactyl|Rock Slide|p1b: Talonflame|[spread] p1a,p1b
|-supereffective|p1b: Talonflame|2
|-damage|p1a: Milotic|72/100
|-damage|p1b: Talonflame|0 fnt
|faint|p1b: Talonflame
|move|p2b: Rotom|Will-O-Wisp|p1a: Milotic|[miss]
|-miss|p2b: Rotom|p1a: Milotic
|
|-weather|Sandstorm|[upkeep]
|-damage|p2b: Rotom|61/100|[from] Sandstorm
|-damage|p1a: Milotic|65/100|[from] Sandstorm
|-heal|p2b: Rotom|67/100|[from] item: Leftovers
|-heal|p1a: Milotic|72/100|[from] item: Leftovers
|upkeep
|
|t:|1785629750
|switch|p1b: Whimsicott|Whimsicott, L50, M|100/100
|turn|4
|
|t:|1785629764
|move|p1b: Whimsicott|Charm|p2a: Aerodactyl
|-unboost|p2a: Aerodactyl|atk|2
|move|p2a: Aerodactyl|Dual Wingbeat|p1b: Whimsicott
|-supereffective|p1b: Whimsicott|1
|-damage|p1b: Whimsicott|70/100
|-supereffective|p1b: Whimsicott|1
|-damage|p1b: Whimsicott|41/100
|-hitcount|p1b: Whimsicott|2
|move|p2b: Rotom|Volt Switch|p1a: Milotic
|-supereffective|p1a: Milotic|1
|-damage|p1a: Milotic|41/100
|
|t:|1785629777
|switch|p2b: Houndstone|Houndstone, L50, M|100/100|[from] Volt Switch
|move|p1a: Milotic|Coil|p1a: Milotic
|-boost|p1a: Milotic|atk|1
|-boost|p1a: Milotic|def|1
|-boost|p1a: Milotic|accuracy|1
|
|-weather|Sandstorm|[upkeep]
|-damage|p1b: Whimsicott|35/100|[from] Sandstorm
|-damage|p1a: Milotic|35/100|[from] Sandstorm
|-heal|p1a: Milotic|41/100|[from] item: Leftovers
|upkeep
|turn|5
|
|t:|1785629800
|switch|p2b: Rotom|Rotom-Wash, L50|67/100
|move|p1b: Whimsicott|Charm|p2b: Rotom
|-unboost|p2b: Rotom|atk|2
|move|p2a: Aerodactyl|Dual Wingbeat|p1b: Whimsicott
|-supereffective|p1b: Whimsicott|1
|-damage|p1b: Whimsicott|5/100
|-supereffective|p1b: Whimsicott|1
|-damage|p1b: Whimsicott|0 fnt
|faint|p1b: Whimsicott
|-hitcount|p1: Whimsicott|2
|move|p1a: Milotic|Life Dew|p1a: Milotic
|-heal|p1a: Milotic|66/100
|
|-weather|none
|-heal|p2b: Rotom|73/100|[from] item: Leftovers
|-heal|p1a: Milotic|72/100|[from] item: Leftovers
|upkeep
|
|t:|1785629815
|switch|p1b: Malamar|Malamar-Mega, L50, M|54/100
|turn|6
|
|t:|1785629833
|move|p2a: Aerodactyl|Rock Slide|p1b: Malamar|[spread] p1a,p1b
|-damage|p1a: Milotic|62/100
|-damage|p1b: Malamar|39/100
|move|p2b: Rotom|Will-O-Wisp|p1b: Malamar
|-status|p1b: Malamar|brn
|move|p1b: Malamar|Superpower|p2a: Aerodactyl
|-crit|p2a: Aerodactyl
|-damage|p2a: Aerodactyl|75/100
|-boost|p1b: Malamar|atk|1
|-boost|p1b: Malamar|def|1
|move|p1a: Milotic|Life Dew|p1a: Milotic|[spread] p1a,p1b
|-heal|p1a: Milotic|87/100
|-heal|p1b: Malamar|64/100 brn
|
|-heal|p2b: Rotom|78/100|[from] item: Leftovers
|-heal|p1a: Milotic|93/100|[from] item: Leftovers
|-damage|p1b: Malamar|58/100 brn|[from] brn
|upkeep
|turn|7
|
|t:|1785629858
|move|p2a: Aerodactyl|Rock Slide|p1b: Malamar|[spread] p1a,p1b
|-damage|p1a: Milotic|82/100
|-damage|p1b: Malamar|48/100 brn
|move|p2b: Rotom|Volt Switch|p1a: Milotic
|-supereffective|p1a: Milotic|1
|-damage|p1a: Milotic|52/100
|
|t:|1785629866
|switch|p2b: Tyranitar|Tyranitar, L50, F|100/100|[from] Volt Switch
|-weather|Sandstorm|[from] ability: Sand Stream|[of] p2b: Tyranitar
|move|p1b: Malamar|Superpower|p2a: Aerodactyl
|-crit|p2a: Aerodactyl
|-damage|p2a: Aerodactyl|38/100
|-boost|p1b: Malamar|atk|1
|-boost|p1b: Malamar|def|1
|move|p1a: Milotic|Life Dew|p1a: Milotic|[spread] p1a,p1b
|-heal|p1a: Milotic|77/100
|-heal|p1b: Malamar|73/100 brn
|
|-weather|Sandstorm|[upkeep]
|-damage|p1b: Malamar|66/100 brn|[from] Sandstorm
|-damage|p1a: Milotic|71/100|[from] Sandstorm
|-heal|p1a: Milotic|77/100|[from] item: Leftovers
|-damage|p1b: Malamar|60/100 brn|[from] brn
|upkeep
|turn|8
|
|t:|1785629886
|switch|p2a: Rotom|Rotom-Wash, L50|78/100
|move|p2b: Tyranitar|Rock Slide|p1b: Malamar|[spread] p1a,p1b
|-damage|p1a: Milotic|56/100
|-damage|p1b: Malamar|44/100 brn
|move|p1b: Malamar|Superpower|p2b: Tyranitar
|-supereffective|p2b: Tyranitar|2
|-damage|p2b: Tyranitar|0 fnt
|-boost|p1b: Malamar|atk|1
|-boost|p1b: Malamar|def|1
|faint|p2b: Tyranitar
|cant|p1a: Milotic|flinch
|
|-weather|Sandstorm|[upkeep]
|-damage|p2a: Rotom|73/100|[from] Sandstorm
|-damage|p1b: Malamar|38/100 brn|[from] Sandstorm
|-damage|p1a: Milotic|50/100g|[from] Sandstorm
|-heal|p2a: Rotom|78/100|[from] item: Leftovers
|-heal|p1a: Milotic|56/100|[from] item: Leftovers
|-damage|p1b: Malamar|32/100 brn|[from] brn
|upkeep
|
|t:|1785629899
|switch|p2b: Aerodactyl|Aerodactyl-Mega, L50, M|38/100
|turn|9
|
|t:|1785629913
|move|p1b: Malamar|Protect|p1b: Malamar
|-singleturn|p1b: Malamar|Protect
|move|p2b: Aerodactyl|Rock Slide|p1b: Malamar|[spread] p1a
|-activate|p1b: Malamar|move: Protect
|-damage|p1a: Milotic|39/100
|move|p2a: Rotom|Volt Switch|p1a: Milotic
|-supereffective|p1a: Milotic|1
|-damage|p1a: Milotic|7/100
|
|t:|1785629924
|switch|p2a: Houndstone|Houndstone, L50, M|100/100|[from] Volt Switch
|move|p1a: Milotic|Life Dew|p1a: Milotic|[spread] p1a,p1b
|-heal|p1a: Milotic|32/100
|-heal|p1b: Malamar|56/100 brn
|
|-weather|Sandstorm|[upkeep]
|-damage|p1b: Malamar|50/100g brn|[from] Sandstorm
|-damage|p1a: Milotic|26/100|[from] Sandstorm
|-heal|p1a: Milotic|32/100|[from] item: Leftovers
|-damage|p1b: Malamar|44/100 brn|[from] brn
|upkeep
|turn|10
|
|t:|1785629941
|switch|p2a: Rotom|Rotom-Wash, L50|78/100
|move|p2b: Aerodactyl|Rock Slide|p1b: Malamar|[spread] p1a,p1b
|-damage|p1a: Milotic|11/100
|-damage|p1b: Malamar|32/100 brn
|move|p1b: Malamar|Superpower|p2b: Aerodactyl
|-damage|p2b: Aerodactyl|0 fnt
|-boost|p1b: Malamar|atk|1
|-boost|p1b: Malamar|def|1
|faint|p2b: Aerodactyl
|cant|p1a: Milotic|flinch
|
|-weather|Sandstorm|[upkeep]
|-damage|p2a: Rotom|73/100|[from] Sandstorm
|-damage|p1b: Malamar|25/100 brn|[from] Sandstorm
|-damage|p1a: Milotic|5/100|[from] Sandstorm
|-heal|p2a: Rotom|78/100|[from] item: Leftovers
|-heal|p1a: Milotic|11/100|[from] item: Leftovers
|-damage|p1b: Malamar|19/100 brn|[from] brn
|upkeep
|
|t:|1785629960
|switch|p2b: Houndstone|Houndstone, L50, M|100/100
|turn|11
|
|t:|1785629970
|move|p2b: Houndstone|Last Respects|p1b: Malamar
|-damage|p1b: Malamar|0 fnt
|faint|p1b: Malamar
|move|p2a: Rotom|Volt Switch|p1a: Milotic
|-supereffective|p1a: Milotic|1
|-damage|p1a: Milotic|0 fnt
|faint|p1a: Milotic
|
|win|GS Barnabe
