|j|☆GokuVGC01
|j|☆Volanr
|html|GokuVGC01Volanr    
|uhtml|bestof|Game 1 of a best-of-3
|t:|1757711776
|gametype|doubles
|player|p1|GokuVGC01|102|1143
|player|p2|Volanr|cynthia-masters3|1402
|gen|9
|tier|[Gen 9] VGC 2025 Reg H (Bo3)
|rated|
|rule|Species Clause: Limit one of each Pokémon
|rule|Item Clause: Limit 1 of each item
|clearpoke
|poke|p1|Gholdengo, L50|
|poke|p1|Electabuzz, L50, M|
|poke|p1|Pelipper, L50, M|
|poke|p1|Basculegion, L50, M|
|poke|p1|Archaludon, L50, F|
|poke|p1|Incineroar, L50, F|
|poke|p2|Archaludon, L50, M|
|poke|p2|Sinistcha-Masterpiece, L50|
|poke|p2|Dragonite, L50, F|
|poke|p2|Pelipper, L50, M|
|poke|p2|Ursaluna, L50, M|
|poke|p2|Gholdengo, L50|
|teampreview|4
|showteam|p1|Gholdengo||LifeOrb|GoodasGold|MakeItRain,ShadowBall,NastyPlot,Protect||||||50|,,,,,Water]Electabuzz||Eviolite|VitalSpirit|Electroweb,Taunt,FollowMe,Protect|||M|||50|,,,,,Ghost]Pelipper||FocusSash|Drizzle|WeatherBall,Hurricane,Tailwind,Protect|||M|||50|,,,,,Ghost]Basculegion||ChoiceBand|SwiftSwim|WaveCrash,FlipTurn,LastRespects,AquaJet|||M|||50|,,,,,Water]Archaludon||AssaultVest|Stamina|ElectroShot,FlashCannon,DracoMeteor,BodyPress|||F|||50|,,,,,Grass]Incineroar||SafetyGoggles|Intimidate|KnockOff,PartingShot,Taunt,FakeOut|||F|||50|,,,,,Ghost
|showteam|p2|Archaludon||AssaultVest|Stamina|BodyPress,Snarl,ElectroShot,FlashCannon|||M|||50|,,,,,Fighting]Sinistcha-Masterpiece||SitrusBerry|Hospitality|MatchaGotcha,RagePowder,TrickRoom,LifeDew||||||50|,,,,,Dark]Dragonite||LoadedDice|Multiscale|ScaleShot,Protect,Tailwind,Haze|||F|||50|,,,,,Steel]Pelipper||FocusSash|Drizzle|MuddyWater,Hurricane,Tailwind,Protect|||M|||50|,,,,,Ghost]Ursaluna||FlameOrb|Guts|Facade,HeadlongRush,Earthquake,Protect|||M|||50|,,,,,Ghost]Gholdengo||ChoiceScarf|GoodasGold|MakeItRain,TeraBlast,ShadowBall,Trick||||||50|,,,,,Water
|inactive|Battle timer is ON: inactive players will automatically lose when time's up. (requested by Volanr)
|
|t:|1757711835
|teamsize|p1|4
|teamsize|p2|4
|start
|switch|p1a: Gholdengo|Gholdengo, L50|100/100
|switch|p1b: Electabuzz|Electabuzz, L50, M|100/100
|switch|p2a: Dragonite|Dragonite, L50, F|100/100
|switch|p2b: Archaludon|Archaludon, L50, M|100/100
|turn|1
|inactive|GokuVGC01 has 30 seconds left.
|
|t:|1757711863
|move|p1b: Electabuzz|Follow Me|p1b: Electabuzz
|-singleturn|p1b: Electabuzz|move: Follow Me
|move|p1a: Gholdengo|Shadow Ball|p2b: Archaludon
|-damage|p2b: Archaludon|63/100
|-ability|p2b: Archaludon|Stamina|boost
|-boost|p2b: Archaludon|def|1
|-damage|p1a: Gholdengo|91/100|[from] item: Life Orb
|move|p2a: Dragonite|Tailwind|p2a: Dragonite
|-sidestart|p2: Volanr|move: Tailwind
|move|p2b: Archaludon|Snarl|p1a: Gholdengo|[spread] p1a,p1b
|-supereffective|p1a: Gholdengo
|-damage|p1a: Gholdengo|63/100
|-damage|p1b: Electabuzz|90/100
|-unboost|p1a: Gholdengo|spa|1
|-unboost|p1b: Electabuzz|spa|1
|
|upkeep
|turn|2
|inactive|GokuVGC01 has 30 seconds left.
|inactive|GokuVGC01 has 20 seconds left.
|inactive|GokuVGC01 has 15 seconds left.
|inactive|GokuVGC01 has 10 seconds left.
|inactive|GokuVGC01 has 5 seconds left.
|
|t:|1757711914
|switch|p2a: Sinistcha|Sinistcha-Masterpiece, L50|100/100
|-heal|p2b: Archaludon|88/100|[from] ability: Hospitality|[of] p2a: Sinistcha
|move|p2b: Archaludon|Body Press|p1b: Electabuzz
|-damage|p1b: Electabuzz|61/100
|move|p1a: Gholdengo|Nasty Plot|p1a: Gholdengo
|-boost|p1a: Gholdengo|spa|2
|move|p1b: Electabuzz|Electroweb|p2a: Sinistcha|[spread] p2a,p2b
|-resisted|p2a: Sinistcha
|-resisted|p2b: Archaludon
|-damage|p2a: Sinistcha|97/100
|-damage|p2b: Archaludon|84/100
|-unboost|p2a: Sinistcha|spe|1
|-unboost|p2b: Archaludon|spe|1
|-ability|p2b: Archaludon|Stamina|boost
|-boost|p2b: Archaludon|def|1
|
|upkeep
|turn|3
|inactive|GokuVGC01 has 30 seconds left.
|inactive|GokuVGC01 has 20 seconds left.
|inactive|Volanr has 30 seconds left.
|inactive|GokuVGC01 has 15 seconds left.
|inactive|GokuVGC01 has 10 seconds left.
|
|t:|1757711961
|-terastallize|p2a: Sinistcha|Dark
|move|p1b: Electabuzz|Follow Me|p1b: Electabuzz
|-singleturn|p1b: Electabuzz|move: Follow Me
|move|p1a: Gholdengo|Make It Rain|p2b: Archaludon|[spread] p2a,p2b
|-resisted|p2b: Archaludon
|-damage|p2a: Sinistcha|11/100
|-damage|p2b: Archaludon|51/100
|-unboost|p1a: Gholdengo|spa|1
|-ability|p2b: Archaludon|Stamina|boost
|-boost|p2b: Archaludon|def|1
|-enditem|p2a: Sinistcha|Sitrus Berry|[eat]
|-heal|p2a: Sinistcha|35/100|[from] item: Sitrus Berry
|-damage|p1a: Gholdengo|53/100|[from] item: Life Orb
|move|p2b: Archaludon|Snarl|p1b: Electabuzz|[spread] p1a,p1b
|-supereffective|p1a: Gholdengo
|-damage|p1a: Gholdengo|25/100
|-damage|p1b: Electabuzz|51/100
|-unboost|p1a: Gholdengo|spa|1
|-unboost|p1b: Electabuzz|spa|1
|move|p2a: Sinistcha|Life Dew|p2a: Sinistcha|[spread] p2a,p2b
|-heal|p2a: Sinistcha|61/100
|-heal|p2b: Archaludon|76/100
|
|upkeep
|turn|4
|inactive|GokuVGC01 has 30 seconds left.
|inactive|Volanr has 30 seconds left.
|inactive|GokuVGC01 has 20 seconds left.
|
|t:|1757711998
|switch|p2a: Dragonite|Dragonite, L50, F|100/100
|move|p1a: Gholdengo|Make It Rain|p2b: Archaludon|[spread] p2a,p2b
|-resisted|p2b: Archaludon
|-damage|p2a: Dragonite|80/100
|-damage|p2b: Archaludon|62/100
|-unboost|p1a: Gholdengo|spa|1
|-ability|p2b: Archaludon|Stamina|boost
|-boost|p2b: Archaludon|def|1
|-damage|p1a: Gholdengo|15/100|[from] item: Life Orb
|move|p2b: Archaludon|Snarl|p1a: Gholdengo|[spread] p1a,p1b
|-supereffective|p1a: Gholdengo
|-damage|p1a: Gholdengo|0 fnt
|-damage|p1b: Electabuzz|43/100
|-unboost|p1b: Electabuzz|spa|1
|faint|p1a: Gholdengo
|move|p1b: Electabuzz|Taunt|p2a: Dragonite
|-start|p2a: Dragonite|move: Taunt
|
|-sideend|p2: Volanr|move: Tailwind
|upkeep
|
|t:|1757712019
|switch|p1a: Basculegion|Basculegion, L50, M|100/100
|turn|5
|
|t:|1757712033
|switch|p1b: Pelipper|Pelipper, L50, M|100/100
|-weather|RainDance|[from] ability: Drizzle|[of] p1b: Pelipper
|switch|p2a: Ursaluna|Ursaluna, L50, M|100/100
|move|p1a: Basculegion|Flip Turn|p2a: Ursaluna
|-supereffective|p2a: Ursaluna
|-damage|p2a: Ursaluna|0 fnt
|faint|p2a: Ursaluna
|
|t:|1757712042
|switch|p1a: Electabuzz|Electabuzz, L50, M|43/100|[from] Flip Turn
|move|p2b: Archaludon|Body Press|p1b: Pelipper
|-resisted|p1b: Pelipper
|-damage|p1b: Pelipper|46/100
|
|-weather|RainDance|[upkeep]
|upkeep
|
|t:|1757712051
|switch|p2a: Sinistcha|Sinistcha-Masterpiece, L50, tera:Dark|61/100
|-heal|p2b: Archaludon|87/100|[from] ability: Hospitality|[of] p2a: Sinistcha
|turn|6
|inactive|GokuVGC01 has 30 seconds left.
|
|t:|1757712079
|switch|p2a: Dragonite|Dragonite, L50, F|80/100
|move|p1a: Electabuzz|Taunt|p2a: Dragonite
|-start|p2a: Dragonite|move: Taunt
|move|p1b: Pelipper|Weather Ball|p2b: Archaludon
|-resisted|p2b: Archaludon
|-damage|p2b: Archaludon|66/100
|-ability|p2b: Archaludon|Stamina|boost
|-boost|p2b: Archaludon|def|1
|move|p2b: Archaludon|Electro Shot||[still]
|-prepare|p2b: Archaludon|Electro Shot
|-boost|p2b: Archaludon|spa|1
|-anim|p2b: Archaludon|Electro Shot|p1b: Pelipper
|-supereffective|p1b: Pelipper
|-crit|p1b: Pelipper
|-damage|p1b: Pelipper|0 fnt
|faint|p1b: Pelipper
|
|-weather|RainDance|[upkeep]
|upkeep
|
|t:|1757712093
|switch|p1b: Basculegion|Basculegion, L50, M|100/100
|turn|7
|inactive|Volanr has 30 seconds left.
|
|t:|1757712124
|move|p1a: Electabuzz|Follow Me|p1a: Electabuzz
|-singleturn|p1a: Electabuzz|move: Follow Me
|move|p1b: Basculegion|Last Respects|p2b: Archaludon
|-damage|p2b: Archaludon|45/100
|-ability|p2b: Archaludon|Stamina|boost
|-boost|p2b: Archaludon|def|1
|move|p2a: Dragonite|Scale Shot|p1a: Electabuzz
|-damage|p1a: Electabuzz|31/100
|-damage|p1a: Electabuzz|19/100
|-damage|p1a: Electabuzz|8/100
|-damage|p1a: Electabuzz|0 fnt
|faint|p1a: Electabuzz
|-hitcount|p1: Electabuzz|4
|-unboost|p2a: Dragonite|def|1
|-boost|p2a: Dragonite|spe|1
|move|p2b: Archaludon|Snarl|p1b: Basculegion
|-supereffective|p1b: Basculegion
|-damage|p1b: Basculegion|48/100
|-unboost|p1b: Basculegion|spa|1
|
|-weather|RainDance|[upkeep]
|upkeep
|turn|8
|
|t:|1757712147
|switch|p2a: Sinistcha|Sinistcha-Masterpiece, L50, tera:Dark|61/100
|-heal|p2b: Archaludon|70/100|[from] ability: Hospitality|[of] p2a: Sinistcha
|move|p1b: Basculegion|Last Respects|p2b: Archaludon
|-damage|p2b: Archaludon|44/100
|move|p2b: Archaludon|Electro Shot||[still]
|-prepare|p2b: Archaludon|Electro Shot
|-boost|p2b: Archaludon|spa|1
|-anim|p2b: Archaludon|Electro Shot|p1b: Basculegion
|-supereffective|p1b: Basculegion
|-damage|p1b: Basculegion|0 fnt
|faint|p1b: Basculegion
|
|win|Volanr
||Volanr is ready for game 2.
|inactive|GokuVGC01 has 30 seconds to confirm battle start!
