|j|☆IngeVGC
|j|☆helio list
|html|IngeVGChelio list    
|uhtml|bestof|Game 3 of a best-of-3
|t:|1755806341
|gametype|doubles
|player|p1|IngeVGC|fisherman-gen4|1262
|player|p2|helio list|pokemonbreederf|1404
|gen|9
|tier|[Gen 9] VGC 2025 Reg H (Bo3)
|rated|
|rule|Species Clause: Limit one of each Pokémon
|rule|Item Clause: Limit 1 of each item
|clearpoke
|poke|p1|Kingambit, L50, F|
|poke|p1|Rillaboom, L50, F|
|poke|p1|Electabuzz, L50, M|
|poke|p1|Volcarona, L50, F|
|poke|p1|Sneasler, L50, F|
|poke|p1|Dragonite, L50, F|
|poke|p2|Rillaboom, L50, F|
|poke|p2|Sneasler, L50, F|
|poke|p2|Gholdengo, L50|
|poke|p2|Tatsugiri, L50, F|
|poke|p2|Dondozo, L50, F|
|poke|p2|Ninetales-Alola, L50, F|
|teampreview|4
|showteam|p1|Kingambit||BlackGlasses|Defiant|Protect,KowtowCleave,SuckerPunch,SwordsDance|||F|||50|,,,,,Dark]Rillaboom||AssaultVest|GrassySurge|WoodHammer,GrassyGlide,HighHorsepower,FakeOut|||F|||50|,,,,,Fire]Electabuzz||Eviolite|VitalSpirit|Protect,Thunderbolt,HelpingHand,FollowMe|||M|||50|,,,,,Ghost]Volcarona||CovertCloak|FlameBody|Protect,HeatWave,TeraBlast,QuiverDance|||F|||50|,,,,,Fairy]Sneasler||FocusSash|Unburden|CloseCombat,DireClaw,Coaching,FakeOut|||F|||50|,,,,,Stellar]Dragonite||LoadedDice|Multiscale|ScaleShot,Haze,ExtremeSpeed,Protect|||F|||50|,,,,,Fairy
|showteam|p2|Rillaboom||AssaultVest|GrassySurge|FakeOut,WoodHammer,GrassyGlide,HighHorsepower|||F|||50|,,,,,Water]Sneasler||GrassySeed|Unburden|ThroatChop,DireClaw,CloseCombat,Protect|||F|||50|,,,,,Dark]Gholdengo||LifeOrb|GoodasGold|MakeItRain,ShadowBall,NastyPlot,Protect||||||50|,,,,,Water]Tatsugiri||ChoiceScarf|Commander|MuddyWater,IcyWind,DracoMeteor,DragonPulse|||F|||50|,,,,,Stellar]Dondozo||Leftovers|Unaware|OrderUp,Protect,Yawn,WaveCrash|||F|||50|,,,,,Fire]Ninetales-Alola||ChoiceSpecs|SnowWarning|Blizzard,DarkPulse,FreezeDry,Moonblast|||F|||50|,,,,,Water
|inactive|Battle timer is ON: inactive players will automatically lose when time's up. (requested by helio list)
|
|t:|1755806371
|teamsize|p1|4
|teamsize|p2|4
|start
|switch|p1a: Nobunaga|Kingambit, L50, F, shiny|100/100
|switch|p1b: Vanessa|Sneasler, L50, F|100/100
|switch|p2a: Dondozo|Dondozo, L50, F|100/100
|switch|p2b: Sneasler|Sneasler, L50, F|100/100
|turn|1
|
|t:|1755806384
|move|p1b: Vanessa|Fake Out|p2b: Sneasler
|-damage|p2b: Sneasler|77/100
|cant|p2b: Sneasler|flinch
|move|p2a: Dondozo|Yawn|p1a: Nobunaga
|-start|p1a: Nobunaga|move: Yawn|[of] p2a: Dondozo
|move|p1a: Nobunaga|Kowtow Cleave|p2b: Sneasler
|-resisted|p2b: Sneasler
|-damage|p2b: Sneasler|27/100
|
|upkeep
|turn|2
|
|t:|1755806404
|switch|p1a: Kerchak|Rillaboom, L50, F|100/100
|-fieldstart|move: Grassy Terrain|[from] ability: Grassy Surge|[of] p1a: Kerchak
|-enditem|p2b: Sneasler|Grassy Seed
|-boost|p2b: Sneasler|def|1|[from] item: Grassy Seed
|move|p2b: Sneasler|Dire Claw|p1b: Vanessa
|-resisted|p1b: Vanessa
|-damage|p1b: Vanessa|62/100
|move|p1b: Vanessa|Close Combat|p2b: Sneasler
|-resisted|p2b: Sneasler
|-damage|p2b: Sneasler|0 fnt
|-unboost|p1b: Vanessa|def|1
|-unboost|p1b: Vanessa|spd|1
|faint|p2b: Sneasler
|move|p2a: Dondozo|Order Up|p1b: Vanessa
|-damage|p1b: Vanessa|24/100
|
|-heal|p1b: Vanessa|30/100|[from] Grassy Terrain
|upkeep
|
|t:|1755806410
|switch|p2b: Ninetales|Ninetales-Alola, L50, F|100/100
|-weather|Snowscape|[from] ability: Snow Warning|[of] p2b: Ninetales
|turn|3
|
|t:|1755806434
|switch|p2b: Tatsugiri|Tatsugiri, L50, F|100/100
|-activate|p2b: Tatsugiri|ability: Commander|[of] p2a: Dondozo
|-boost|p2a: Dondozo|atk|2
|-boost|p2a: Dondozo|spa|2
|-boost|p2a: Dondozo|spe|2
|-boost|p2a: Dondozo|def|2
|-boost|p2a: Dondozo|spd|2
|move|p1a: Kerchak|Grassy Glide|p2b: Tatsugiri|[miss]
|-miss|p1a: Kerchak|p2b: Tatsugiri
|move|p1b: Vanessa|Dire Claw|p2b: Tatsugiri|[miss]
|-miss|p1b: Vanessa|p2b: Tatsugiri
|move|p2a: Dondozo|Order Up|p1b: Vanessa
|-damage|p1b: Vanessa|0 fnt
|faint|p1b: Vanessa
|-boost|p2a: Dondozo|atk|1
|
|-weather|Snowscape|[upkeep]
|upkeep
|
|t:|1755806442
|switch|p1b: Cassie|Dragonite, L50, F|100/100
|turn|4
|
|t:|1755806459
|-terastallize|p1b: Cassie|Fairy
|move|p2a: Dondozo|Order Up|p1a: Kerchak
|-crit|p1a: Kerchak
|-damage|p1a: Kerchak|17/100
|-boost|p2a: Dondozo|atk|1
|move|p1b: Cassie|Haze|p1b: Cassie
|-clearallboost
|move|p1a: Kerchak|Wood Hammer|p2a: Dondozo
|-supereffective|p2a: Dondozo
|-damage|p2a: Dondozo|0 fnt
|faint|p2a: Dondozo
|-damage|p1a: Kerchak|0 fnt|[from] Recoil
|faint|p1a: Kerchak
|
|-weather|Snowscape|[upkeep]
|upkeep
|
|t:|1755806466
|switch|p1a: Nobunaga|Kingambit, L50, F, shiny|100/100
|switch|p2a: Ninetales|Ninetales-Alola, L50, F|100/100
|turn|5
|
|t:|1755806484
|-terastallize|p2b: Tatsugiri|Stellar
|move|p2b: Tatsugiri|Muddy Water|p1a: Nobunaga|[spread] p1a,p1b
|-damage|p1a: Nobunaga|57/100
|-damage|p1b: Cassie|76/100
|move|p2a: Ninetales|Blizzard|p1b: Cassie|[spread] p1a,p1b
|-resisted|p1a: Nobunaga
|-damage|p1a: Nobunaga|33/100
|-damage|p1b: Cassie|28/100
|move|p1b: Cassie|Scale Shot|p2b: Tatsugiri
|-supereffective|p2b: Tatsugiri
|-damage|p2b: Tatsugiri|50/100
|-supereffective|p2b: Tatsugiri
|-damage|p2b: Tatsugiri|0 fnt
|faint|p2b: Tatsugiri
|-hitcount|p2: Tatsugiri|2
|-unboost|p1b: Cassie|def|1
|-boost|p1b: Cassie|spe|1
|move|p1a: Nobunaga|Swords Dance|p1a: Nobunaga
|-boost|p1a: Nobunaga|atk|2
|
|-weather|Snowscape|[upkeep]
|-heal|p1b: Cassie|34/100|[from] Grassy Terrain
|-heal|p1a: Nobunaga|39/100|[from] Grassy Terrain
|upkeep
|turn|6
|
|t:|1755806498
|move|p1b: Cassie|Extreme Speed|p2a: Ninetales
|-damage|p2a: Ninetales|66/100
|move|p1a: Nobunaga|Sucker Punch|p2a: Ninetales
|-resisted|p2a: Ninetales
|-damage|p2a: Ninetales|22/100
|move|p2a: Ninetales|Blizzard|p1a: Nobunaga|[spread] p1a,p1b
|-resisted|p1a: Nobunaga
|-damage|p1a: Nobunaga|16/100
|-damage|p1b: Cassie|0 fnt
|faint|p1b: Cassie
|
|-weather|Snowscape|[upkeep]
|-heal|p2a: Ninetales|27/100|[from] Grassy Terrain
|-heal|p1a: Nobunaga|22/100|[from] Grassy Terrain
|-fieldend|move: Grassy Terrain
|upkeep
|turn|7
|
|t:|1755806503
|move|p1a: Nobunaga|Sucker Punch|p2a: Ninetales
|-resisted|p2a: Ninetales
|-damage|p2a: Ninetales|0 fnt
|faint|p2a: Ninetales
|
|win|IngeVGC
|raw|IngeVGC's rating: 1262 → 1297(+35 for winning)
|raw|helio list's rating: 1404 → 1376(-28 for losing)
|l|☆helio list
|player|p2|
