|j|☆helio list
|j|☆dtcha
|html|helio listdtcha    
|uhtml|bestof|Game 1 of a best-of-3
|t:|1785351314
|gametype|doubles
|player|p1|helio list|266|1393
|player|p2|dtcha|170|1357
|gen|9
|tier|[Gen 9 Champions] VGC 2026 Reg M-B (Bo3)
|rated|
|rule|Species Clause: Limit one of each Pokémon
|rule|Item Clause: Limit 1 of each item
|clearpoke
|poke|p1|Garchomp, L50, M|
|poke|p1|Talonflame, L50, M|
|poke|p1|Floette-Eternal, L50, F|
|poke|p1|Vivillon-Pokeball, L50, F|
|poke|p1|Kingambit, L50, M|
|poke|p1|Sneasler, L50, M|
|poke|p2|Staraptor, L50, F|
|poke|p2|Tyranitar, L50, M|
|poke|p2|Excadrill, L50, M|
|poke|p2|Milotic, L50, F|
|poke|p2|Sinistcha, L50|
|poke|p2|Gholdengo, L50|
|teampreview|4
|showteam|p1|Garchomp||LifeOrb|RoughSkin|Earthquake,RockSlide,DragonClaw,Protect|Jolly||M|||50|]Talonflame||SharpBeak|GaleWings|DualWingbeat,FlareBlitz,Tailwind,Protect|Jolly||M|||50|]Floette-Eternal||Floettite|FlowerVeil|CalmMind,Protect,LightofRuin,DazzlingGleam|Modest||F|||50|]Vivillon-Pokeball||ChoiceScarf|CompoundEyes|SleepPowder,Tailwind,RagePowder,Hurricane|Timid||F|||50|]Kingambit||OccaBerry|Defiant|SuckerPunch,KowtowCleave,IronHead,Protect|Adamant||M|||50|]Sneasler||FocusSash|PoisonTouch|FakeOut,CloseCombat,GunkShot,Protect|Jolly||M|||50|
|showteam|p2|Staraptor||Staraptite|Intimidate|CloseCombat,BraveBird,Tailwind,Protect|Jolly||F|||50|]Tyranitar||Tyranitarite|SandStream|KnockOff,RockSlide,HighHorsepower,Protect|Jolly||M|||50|]Excadrill||FocusSash|SandRush|Earthquake,IronHead,RockSlide,Protect|Adamant||M|||50|]Milotic||SitrusBerry|Competitive|Scald,IcyWind,Haze,Protect|Calm||F|||50|]Sinistcha||ColburBerry|Hospitality|MatchaGotcha,ShadowBall,Protect,RagePowder|Bold|||||50|]Gholdengo||LifeOrb|GoodasGold|MakeItRain,ShadowBall,NastyPlot,Protect|Modest|||||50|
|inactive|Battle timer is ON: inactive players will automatically lose when time's up. (requested by helio list)
|inactive|dtcha has 60 seconds left.
|inactive|dtcha has 30 seconds left.
|
|t:|1785351376
|teamsize|p1|4
|teamsize|p2|4
|start
|switch|p1a: Talonflame|Talonflame, L50, M|100/100
|switch|p1b: Floette|Floette-Eternal, L50, F|100/100
|switch|p2a: Staraptor|Staraptor, L50, F|100/100
|switch|p2b: Gholdengo|Gholdengo, L50|100/100
|-ability|p2a: Staraptor|Intimidate|boost
|-unboost|p1a: Talonflame|atk|1
|-unboost|p1b: Floette|atk|1
|turn|1
|
|t:|1785351399
|detailschange|p1b: Floette|Floette-Mega, L50, F
|-mega|p1b: Floette|Floette|Floettite
|-ability|p1b: Floette|Fairy Aura
|move|p1a: Talonflame|Tailwind|p1a: Talonflame
|-sidestart|p1: helio list|move: Tailwind
|move|p1b: Floette|Dazzling Gleam|p2b: Gholdengo|[spread] p2a,p2b
|-resisted|p2b: Gholdengo|1
|-damage|p2a: Staraptor|34/100
|-damage|p2b: Gholdengo|79/100
|move|p2a: Staraptor|Tailwind|p2a: Staraptor
|-sidestart|p2: dtcha|move: Tailwind
|move|p2b: Gholdengo|Make It Rain|p1a: Talonflame|[spread] p1a,p1b
|-resisted|p1a: Talonflame|1
|-supereffective|p1b: Floette|1
|-damage|p1a: Talonflame|56/100
|-damage|p1b: Floette|15/100
|-unboost|p2b: Gholdengo|spa|2
|-damage|p2b: Gholdengo|70/100|[from] item: Life Orb
|
|upkeep
|turn|2
|inactive|dtcha has 30 seconds left.
|
|t:|1785351427
|move|p2b: Gholdengo|Protect|p2b: Gholdengo
|-singleturn|p2b: Gholdengo|Protect
|move|p1a: Talonflame|Flare Blitz|p2b: Gholdengo
|-activate|p2b: Gholdengo|move: Protect
|move|p2a: Staraptor|Brave Bird|p1a: Talonflame
|-damage|p1a: Talonflame|0 fnt
|faint|p1a: Talonflame
|-damage|p2a: Staraptor|19/100|[from] Recoil
|move|p1b: Floette|Dazzling Gleam|p2a: Staraptor|[spread] p2a
|-activate|p2b: Gholdengo|move: Protect
|-damage|p2a: Staraptor|0 fnt
|faint|p2a: Staraptor
|
|upkeep
|
|t:|1785351442
|switch|p1a: Garchomp|Garchomp, L50, M|100/100
|switch|p2a: Excadrill|Excadrill, L50, M|100/100
|turn|3
|
|t:|1785351456
|switch|p2b: Tyranitar|Tyranitar, L50, M|100/100
|-weather|Sandstorm|[from] ability: Sand Stream|[of] p2b: Tyranitar
|move|p1b: Floette|Protect|p1b: Floette
|-singleturn|p1b: Floette|Protect
|move|p2a: Excadrill|Rock Slide|p1b: Floette|[spread] p1a
|-activate|p1b: Floette|move: Protect
|-resisted|p1a: Garchomp|1
|-damage|p1a: Garchomp|89/100
|move|p1a: Garchomp|Earthquake|p2a: Excadrill|[spread] p2a,p2b
|-activate|p1b: Floette|move: Protect
|-supereffective|p2a: Excadrill|1
|-supereffective|p2b: Tyranitar|1
|-enditem|p2a: Excadrill|Focus Sash
|-damage|p2a: Excadrill|1/100
|-damage|p2b: Tyranitar|17/100
|-damage|p1a: Garchomp|79/100|[from] item: Life Orb
|
|-weather|Sandstorm|[upkeep]
|-damage|p1b: Floette|10/100|[from] Sandstorm
|upkeep
|turn|4
|inactive|dtcha has 30 seconds left.
|
|t:|1785351482
|move|p2b: Tyranitar|Protect|p2b: Tyranitar
|-singleturn|p2b: Tyranitar|Protect
|move|p2a: Excadrill|Rock Slide|p1a: Garchomp|[spread] p1a,p1b
|-resisted|p1a: Garchomp|1
|-damage|p1a: Garchomp|68/100
|-damage|p1b: Floette|0 fnt
|faint|p1b: Floette
|move|p1a: Garchomp|Earthquake|p2a: Excadrill|[spread] p2a
|-activate|p2b: Tyranitar|move: Protect
|-supereffective|p2a: Excadrill|1
|-damage|p2a: Excadrill|0 fnt
|faint|p2a: Excadrill
|-damage|p1a: Garchomp|58/100|[from] item: Life Orb
|
|-weather|Sandstorm|[upkeep]
|-sideend|p2: dtcha|move: Tailwind
|-sideend|p1: helio list|move: Tailwind
|upkeep
|
|t:|1785351494
|switch|p1b: Sneasler|Sneasler, L50, M|100/100
|switch|p2a: Gholdengo|Gholdengo, L50|70/100
|turn|5
|
|t:|1785351514
|detailschange|p2b: Tyranitar|Tyranitar-Mega, L50, M
|-mega|p2b: Tyranitar|Tyranitar|Tyranitarite
|move|p2b: Tyranitar|Protect||[still]
|-fail|p2b: Tyranitar
|move|p1b: Sneasler|Fake Out|p2b: Tyranitar
|-resisted|p2b: Tyranitar|1
|-damage|p2b: Tyranitar|12/100
|-status|p2b: Tyranitar|psn|[from] ability: Poison Touch|[of] p1b: Sneasler
|move|p1a: Garchomp|Earthquake|p2b: Tyranitar|[spread] p1b,p2a,p2b
|-supereffective|p1b: Sneasler|1
|-supereffective|p2a: Gholdengo|1
|-supereffective|p2b: Tyranitar|1
|-enditem|p1b: Sneasler|Focus Sash
|-damage|p1b: Sneasler|1/100
|-damage|p2a: Gholdengo|0 fnt
|-damage|p2b: Tyranitar|0 fnt
|faint|p2a: Gholdengo
|faint|p2b: Tyranitar
|-damage|p1a: Garchomp|48/100|[from] item: Life Orb
|
|win|helio list
|inactive|helio list has 30 seconds to confirm battle start!
|inactive|dtcha has 30 seconds to confirm battle start!
||helio list is ready for game 2.
||dtcha is ready for game 2.
|uhtml|next|Next: Game 2 of 3
|l|☆helio list
|player|p1|
