|j|☆iceshard00
|j|☆megalohgockex
|html|iceshard00megalohgockex    
|uhtml|bestof|Game 2 of a best-of-3
|t:|1756649277
|gametype|doubles
|player|p1|iceshard00|lucas|1108
|player|p2|megalohgockex|1|1041
|gen|9
|tier|[Gen 9] VGC 2025 Reg H (Bo3)
|rated|
|rule|Species Clause: Limit one of each Pokémon
|rule|Item Clause: Limit 1 of each item
|clearpoke
|poke|p1|Ninetales-Alola, L50, F|
|poke|p1|Baxcalibur, L50, F|
|poke|p1|Empoleon, L50, F|
|poke|p1|Volcarona, L50, F|
|poke|p1|Talonflame, L50, M|
|poke|p1|Rillaboom, L50, M|
|poke|p2|Pelipper, L50, F|
|poke|p2|Basculegion, L50, M|
|poke|p2|Archaludon, L50, F|
|poke|p2|Amoonguss, L50, F|
|poke|p2|Incineroar, L50, F|
|poke|p2|Kingambit, L50, F|
|teampreview|4
|showteam|p1|Ninetales-Alola||LightClay|SnowWarning|Blizzard,IcyWind,AuroraVeil,HelpingHand|||F|||50|,,,,,Water]Baxcalibur||ClearAmulet|ThermalExchange|IcicleCrash,GlaiveRush,HighHorsepower,Protect|||F|||50|,,,,,Fire]Empoleon||Leftovers|Competitive|WaterPledge,FlashCannon,Haze,Protect|||F|||50|,,,,,Fairy]Volcarona||SitrusBerry|FlameBody|HeatWave,GigaDrain,QuiverDance,Protect|||F|||50|,,,,,Grass]Talonflame||CovertCloak|GaleWings|DualWingbeat,FlareBlitz,Tailwind,Taunt|||M|||50|,,,,,Stellar]Rillaboom||AssaultVest|GrassySurge|WoodHammer,GrassyGlide,FakeOut,HighHorsepower|||M|||50|,,,,,Fire
|showteam|p2|Pelipper||FocusSash|Drizzle|Hurricane,WeatherBall,Tailwind,Protect|||F|||50|,,,,,Stellar]Basculegion||ChoiceBand|SwiftSwim|WaveCrash,FlipTurn,AquaJet,LastRespects|||M|||50|,,,,,Water]Archaludon||AssaultVest|Stamina|ElectroShot,DracoMeteor,FlashCannon,BodyPress|||F|||50|,,,,,Grass]Amoonguss||SitrusBerry|Regenerator|Spore,RagePowder,PollenPuff,Protect|||F|||50|,,,,,Fairy]Incineroar||SafetyGoggles|Intimidate|FakeOut,KnockOff,FlareBlitz,PartingShot|||F|||50|,,,,,Ghost]Kingambit||BlackGlasses|Defiant|KowtowCleave,SuckerPunch,SwordsDance,Protect|||F|||50|,,,,,Dark
|
|t:|1756649299
|teamsize|p1|4
|teamsize|p2|4
|start
|switch|p1a: Empoleon|Empoleon, L50, F, shiny|100/100
|switch|p1b: Talonflame|Talonflame, L50, M|100/100
|switch|p2a: Kingambit|Kingambit, L50, F|100/100
|switch|p2b: Amoonguss|Amoonguss, L50, F, shiny|100/100
|turn|1
|
|t:|1756649334
|move|p1a: Empoleon|Protect|p1a: Empoleon
|-singleturn|p1a: Empoleon|Protect
|move|p2b: Amoonguss|Rage Powder|p2b: Amoonguss
|-singleturn|p2b: Amoonguss|move: Rage Powder
|move|p1b: Talonflame|Dual Wingbeat|p2b: Amoonguss
|-supereffective|p2b: Amoonguss
|-damage|p2b: Amoonguss|75/100
|-supereffective|p2b: Amoonguss
|-damage|p2b: Amoonguss|50/100
|-enditem|p2b: Amoonguss|Sitrus Berry|[eat]
|-heal|p2b: Amoonguss|75/100|[from] item: Sitrus Berry
|-hitcount|p2b: Amoonguss|2
|move|p2a: Kingambit|Swords Dance|p2a: Kingambit
|-boost|p2a: Kingambit|atk|2
|
|upkeep
|turn|2
|
|t:|1756649368
|switch|p2b: Pelipper|Pelipper, L50, F|100/100
|-weather|RainDance|[from] ability: Drizzle|[of] p2b: Pelipper
|-terastallize|p2a: Kingambit|Dark
|move|p1b: Talonflame|Flare Blitz|p2b: Pelipper
|-resisted|p2b: Pelipper
|-damage|p2b: Pelipper|85/100
|-damage|p1b: Talonflame|96/100|[from] Recoil
|move|p1a: Empoleon|Flash Cannon|p2b: Pelipper
|-resisted|p2b: Pelipper
|-damage|p2b: Pelipper|49/100
|move|p2a: Kingambit|Kowtow Cleave|p1a: Empoleon
|-crit|p1a: Empoleon
|-damage|p1a: Empoleon|0 fnt
|faint|p1a: Empoleon
|
|-weather|RainDance|[upkeep]
|upkeep
|
|t:|1756649384
|switch|p1a: Ninetales|Ninetales-Alola, L50, F|100/100
|-weather|Snowscape|[from] ability: Snow Warning|[of] p1a: Ninetales
|turn|3
|
|t:|1756649409
|switch|p2b: Archaludon|Archaludon, L50, F, shiny|100/100
|-terastallize|p1b: Talonflame|Stellar
|move|p1b: Talonflame|Dual Wingbeat|p2b: Archaludon
|-resisted|p2b: Archaludon
|-damage|p2b: Archaludon|93/100
|-ability|p2b: Archaludon|Stamina|boost
|-boost|p2b: Archaludon|def|1
|-resisted|p2b: Archaludon
|-damage|p2b: Archaludon|88/100
|-ability|p2b: Archaludon|Stamina|boost
|-boost|p2b: Archaludon|def|1
|-hitcount|p2b: Archaludon|2
|move|p1a: Ninetales|Aurora Veil|p1a: Ninetales
|-sidestart|p1: iceshard00|move: Aurora Veil
|move|p2a: Kingambit|Kowtow Cleave|p1b: Talonflame
|-damage|p1b: Talonflame|0 fnt
|faint|p1b: Talonflame
|
|-weather|Snowscape|[upkeep]
|upkeep
|
|t:|1756649425
|switch|p1b: Volcarona|Volcarona, L50, F|100/100
|turn|4
|
|t:|1756649444
|switch|p2b: Pelipper|Pelipper, L50, F|49/100
|-weather|RainDance|[from] ability: Drizzle|[of] p2b: Pelipper
|move|p1a: Ninetales|Helping Hand|p1b: Volcarona
|-singleturn|p1b: Volcarona|Helping Hand|[of] p1a: Ninetales
|move|p1b: Volcarona|Heat Wave|p2a: Kingambit|[spread] p2a,p2b
|-resisted|p2b: Pelipper
|-damage|p2a: Kingambit|76/100
|-damage|p2b: Pelipper|28/100
|move|p2a: Kingambit|Kowtow Cleave|p1b: Volcarona
|-damage|p1b: Volcarona|0 fnt
|faint|p1b: Volcarona
|
|-weather|RainDance|[upkeep]
|upkeep
|turn|5
|
|t:|1756649459
|move|p1a: Ninetales|Blizzard|p2b: Pelipper|[spread] p2b
|-miss|p1a: Ninetales|p2a: Kingambit
|-damage|p2b: Pelipper|0 fnt
|faint|p2b: Pelipper
|move|p2a: Kingambit|Kowtow Cleave|p1a: Ninetales
|-resisted|p1a: Ninetales
|-damage|p1a: Ninetales|35/100
|
|-weather|RainDance|[upkeep]
|upkeep
|
|t:|1756649468
|switch|p2b: Archaludon|Archaludon, L50, F, shiny|88/100
|turn|6
|
|t:|1756649474
|move|p1a: Ninetales|Blizzard|p2b: Archaludon|[spread] p2a
|-miss|p1a: Ninetales|p2b: Archaludon
|-damage|p2a: Kingambit|51/100
|move|p2b: Archaludon|Flash Cannon|p1a: Ninetales
|-supereffective|p1a: Ninetales
|-damage|p1a: Ninetales|0 fnt
|faint|p1a: Ninetales
|
|win|megalohgockex
|raw|iceshard00's rating: 1108 → 1078(-30 for losing)
|raw|megalohgockex's rating: 1041 → 1081(+40 for winning)
|l|☆megalohgockex
|player|p2|
