|j|☆PippoVit01
|j|☆kokomiiiii
|html|PippoVit01kokomiiiii    
|uhtml|bestof|Game 1 of a best-of-3
|t:|1757715945
|gametype|doubles
|player|p1|PippoVit01|265|1039
|player|p2|kokomiiiii|lillie-masters|1114
|gen|9
|tier|[Gen 9] VGC 2025 Reg H (Bo3)
|rated|
|rule|Species Clause: Limit one of each Pokémon
|rule|Item Clause: Limit 1 of each item
|clearpoke
|poke|p1|Volcarona, L50, F|
|poke|p1|Golduck, L50, M|
|poke|p1|Dondozo, L50, F|
|poke|p1|Tatsugiri, L50, M|
|poke|p1|Kilowattrel, L50, F|
|poke|p1|Weezing, L50, F|
|poke|p2|Dragonite, L50, M|
|poke|p2|Sneasler, L50, M|
|poke|p2|Kingambit, L50, M|
|poke|p2|Rillaboom, L50, F|
|poke|p2|Volcarona, L50, F|
|poke|p2|Ninetales-Alola, L50, F|
|teampreview|4
|showteam|p1|Volcarona||ClearAmulet|FlameBody|QuiverDance,HeatWave,BugBuzz,GigaDrain|||F|||50|,,,,,Ghost]Golduck||CovertCloak|CloudNine|SimpleBeam,AquaJet,Encore,Disable|||M|||50|,,,,,Water]Dondozo||Leftovers|Unaware|Earthquake,WaveCrash,Protect,Substitute|||F|||50|,,,,,Ground]Tatsugiri||AssaultVest|Commander|DracoMeteor,MirrorCoat,IcyWind,MuddyWater|||M|||50|,,,,,Steel]Kilowattrel||ChoiceSpecs|Competitive|Discharge,AirSlash,Thunderbolt,VoltSwitch|||F|||50|,,,,,Ghost]Weezing||RockyHelmet|NeutralizingGas|SludgeBomb,WillOWisp,ToxicSpikes,Protect|||F|||50|,,,,,Fairy
|showteam|p2|Dragonite||LoadedDice|Multiscale|ScaleShot,StompingTantrum,Haze,Protect|||M|||50|,,,,,Fairy]Sneasler||FocusSash|Unburden|FakeOut,Coaching,CloseCombat,DireClaw|||M|||50|,,,,,Stellar]Kingambit||SafetyGoggles|Defiant|KowtowCleave,SwordsDance,SuckerPunch,Protect|||M|||50|,,,,,Fire]Rillaboom||AssaultVest|GrassySurge|FakeOut,WoodHammer,HighHorsepower,GrassyGlide|||F|||50|,,,,,Fire]Volcarona||Leftovers|FlameBody|HeatWave,TeraBlast,QuiverDance,Protect|||F|||50|,,,,,Fairy]Ninetales-Alola||CovertCloak|SnowWarning|IcyWind,AuroraVeil,Blizzard,Encore|||F|||50|,,,,,Water
|inactive|Battle timer is ON: inactive players will automatically lose when time's up. (requested by PippoVit01)
|inactive|kokomiiiii has 60 seconds left.
|
|t:|1757715997
|teamsize|p1|4
|teamsize|p2|4
|start
|switch|p1a: Volcarona|Volcarona, L50, F|100/100
|switch|p1b: Kilowattrel|Kilowattrel, L50, F|100/100
|switch|p2a: Rillaboom|Rillaboom, L50, F, shiny|100/100
|switch|p2b: Sneasler|Sneasler, L50, M, shiny|100/100
|-fieldstart|move: Grassy Terrain|[from] ability: Grassy Surge|[of] p2a: Rillaboom
|turn|1
|inactive|kokomiiiii has 30 seconds left.
|inactive|kokomiiiii has 20 seconds left.
|inactive|kokomiiiii has 15 seconds left.
|inactive|kokomiiiii has 10 seconds left.
|inactive|kokomiiiii has 5 seconds left.
|
|t:|1757716049
|-terastallize|p1a: Volcarona|Ghost
|move|p2a: Rillaboom|Fake Out|p1b: Kilowattrel
|-damage|p1b: Kilowattrel|74/100
|cant|p1b: Kilowattrel|flinch
|move|p2b: Sneasler|Dire Claw|p1a: Volcarona
|-resisted|p1a: Volcarona
|-damage|p1a: Volcarona|72/100
|-status|p2b: Sneasler|brn|[from] ability: Flame Body|[of] p1a: Volcarona
|move|p1a: Volcarona|Heat Wave|p2b: Sneasler|[spread] p2a,p2b
|-supereffective|p2a: Rillaboom
|-damage|p2a: Rillaboom|39/100
|-damage|p2b: Sneasler|48/100 brn
|
|-heal|p2b: Sneasler|53/100 brn|[from] Grassy Terrain
|-heal|p1a: Volcarona|78/100|[from] Grassy Terrain
|-heal|p2a: Rillaboom|44/100|[from] Grassy Terrain
|-damage|p2b: Sneasler|48/100 brn|[from] brn
|upkeep
|turn|2
|inactive|PippoVit01 has 30 seconds left.
|inactive|kokomiiiii has 30 seconds left.
|
|t:|1757716082
|-terastallize|p2a: Rillaboom|Fire
|move|p1b: Kilowattrel|Air Slash|p2b: Sneasler
|-supereffective|p2b: Sneasler
|-damage|p2b: Sneasler|0 fnt
|faint|p2b: Sneasler
|move|p1a: Volcarona|Heat Wave|p2a: Rillaboom
|-resisted|p2a: Rillaboom
|-damage|p2a: Rillaboom|26/100
|move|p2a: Rillaboom|Wood Hammer|p1a: Volcarona
|-damage|p1a: Volcarona|0 fnt
|faint|p1a: Volcarona
|-damage|p2a: Rillaboom|2/100|[from] Recoil
|
|-heal|p2a: Rillaboom|8/100|[from] Grassy Terrain
|upkeep
|
|t:|1757716103
|switch|p2b: Dragonite|Dragonite, L50, M, shiny|100/100
|switch|p1a: Golduck|Golduck, L50, M|100/100
|-ability|p1a: Golduck|Cloud Nine
|turn|3
|
|t:|1757716113
|move|p1a: Golduck|Aqua Jet|p2a: Rillaboom
|-supereffective|p2a: Rillaboom
|-damage|p2a: Rillaboom|0 fnt
|faint|p2a: Rillaboom
|move|p1b: Kilowattrel|Air Slash|p2b: Dragonite
|-damage|p2b: Dragonite|75/100
|move|p2b: Dragonite|Scale Shot|p1b: Kilowattrel
|-damage|p1b: Kilowattrel|47/100
|-damage|p1b: Kilowattrel|20/100
|-damage|p1b: Kilowattrel|0 fnt
|faint|p1b: Kilowattrel
|-hitcount|p1: Kilowattrel|3
|-unboost|p2b: Dragonite|def|1
|-boost|p2b: Dragonite|spe|1
|
|upkeep
|
|t:|1757716133
|switch|p1b: Weezing|Weezing, L50, F|100/100
|switch|p2a: Ninetales|Ninetales-Alola, L50, F, shiny|100/100
|-ability|p1b: Weezing|Neutralizing Gas
|turn|4
|
|t:|1757716152
|move|p1a: Golduck|Aqua Jet|p2a: Ninetales
|-crit|p2a: Ninetales
|-damage|p2a: Ninetales|74/100
|move|p2b: Dragonite|Stomping Tantrum|p1b: Weezing
|-supereffective|p1b: Weezing
|-damage|p1b: Weezing|52/100
|-damage|p2b: Dragonite|59/100|[from] item: Rocky Helmet|[of] p1b: Weezing
|move|p2a: Ninetales|Encore|p1a: Golduck
|-start|p1a: Golduck|Encore
|move|p1b: Weezing|Will-O-Wisp|p2b: Dragonite
|-status|p2b: Dragonite|brn
|
|-heal|p2a: Ninetales|80/100|[from] Grassy Terrain
|-heal|p1b: Weezing|57/100|[from] Grassy Terrain
|-damage|p2b: Dragonite|53/100 brn|[from] brn
|upkeep
|turn|5
|inactive|PippoVit01 has 30 seconds left.
|
|t:|1757716180
|move|p1a: Golduck|Aqua Jet|p2b: Dragonite
|-resisted|p2b: Dragonite
|-damage|p2b: Dragonite|41/100 brn
|move|p2b: Dragonite|Stomping Tantrum|p1b: Weezing
|-supereffective|p1b: Weezing
|-crit|p1b: Weezing
|-damage|p1b: Weezing|17/100
|-damage|p2b: Dragonite|25/100 brn|[from] item: Rocky Helmet|[of] p1b: Weezing
|move|p2a: Ninetales|Encore|p1b: Weezing
|-start|p1b: Weezing|Encore
|move|p1b: Weezing|Will-O-Wisp|p2a: Ninetales
|-status|p2a: Ninetales|brn
|
|-heal|p2a: Ninetales|86/100 brn|[from] Grassy Terrain
|-heal|p1b: Weezing|23/100|[from] Grassy Terrain
|-damage|p2b: Dragonite|19/100 brn|[from] brn
|-damage|p2a: Ninetales|80/100 brn|[from] brn
|-fieldend|move: Grassy Terrain
|upkeep
|turn|6
|
|t:|1757716201
|move|p1a: Golduck|Aqua Jet|p2b: Dragonite
|-resisted|p2b: Dragonite
|-damage|p2b: Dragonite|8/100 brn
|move|p2b: Dragonite|Scale Shot|p1b: Weezing
|-damage|p1b: Weezing|17/100
|-damage|p1b: Weezing|10/100
|-damage|p1b: Weezing|3/100
|-damage|p1b: Weezing|0 fnt
|faint|p1b: Weezing
|-end|p1b: Weezing|ability: Neutralizing Gas
|-weather|Snowscape|[from] ability: Snow Warning|[of] p2a: Ninetales
|-hitcount|p1: Weezing|4
|-unboost|p2b: Dragonite|def|1
|-boost|p2b: Dragonite|spe|1
|move|p2a: Ninetales|Icy Wind|p1a: Golduck|[miss]
|-miss|p2a: Ninetales|p1a: Golduck
|
|-weather|Snowscape|[upkeep]
|-damage|p2b: Dragonite|2/100 brn|[from] brn
|-damage|p2a: Ninetales|74/100 brn|[from] brn
|upkeep
|turn|7
|
|t:|1757716216
|move|p1a: Golduck|Aqua Jet|p2b: Dragonite
|-resisted|p2b: Dragonite
|-crit|p2b: Dragonite
|-damage|p2b: Dragonite|0 fnt
|faint|p2b: Dragonite
|move|p2a: Ninetales|Encore||[still]
|-fail|p2a: Ninetales
|
|-weather|Snowscape|[upkeep]
|-damage|p2a: Ninetales|68/100 brn|[from] brn
|-end|p1a: Golduck|Encore
|upkeep
|turn|8
|inactive|PippoVit01 has 30 seconds left.
|
|t:|1757716244
|move|p1a: Golduck|Aqua Jet|p2a: Ninetales
|-damage|p2a: Ninetales|52/100 brn
|move|p2a: Ninetales|Encore|p1a: Golduck
|-start|p1a: Golduck|Encore
|
|-weather|Snowscape|[upkeep]
|-damage|p2a: Ninetales|46/100 brn|[from] brn
|upkeep
|turn|9
|
|t:|1757716255
|move|p1a: Golduck|Aqua Jet|p2a: Ninetales
|-damage|p2a: Ninetales|29/100 brn
|move|p2a: Ninetales|Blizzard|p1a: Golduck|[miss]
|-miss|p2a: Ninetales|p1a: Golduck
|
|-weather|Snowscape|[upkeep]
|-damage|p2a: Ninetales|24/100 brn|[from] brn
|upkeep
|turn|10
|
|t:|1757716260
|move|p1a: Golduck|Aqua Jet|p2a: Ninetales
|-damage|p2a: Ninetales|6/100 brn
|move|p2a: Ninetales|Blizzard|p1a: Golduck|[miss]
|-miss|p2a: Ninetales|p1a: Golduck
|
|-weather|none
|-damage|p2a: Ninetales|0 fnt|[from] brn
|faint|p2a: Ninetales
|
|win|PippoVit01
