|j|ŌśåDragoMX
|j|Ōśåatealcoloredcat
|html|DragoMXatealcoloredcat    
|uhtml|bestof|Game 1 of a best-of-3
|t:|1785182163
|gametype|doubles
|player|p1|DragoMX|brock|
|player|p2|atealcoloredcat|psychic|
|gen|9
|tier|[Gen 9 Champions] VGC 2026 Reg M-B (Bo3)
|rule|Species Clause: Limit one of each Pok├®mon
|rule|Item Clause: Limit 1 of each item
|clearpoke
|poke|p1|Krookodile, L50, M|
|poke|p1|Whimsicott, L50, M|
|poke|p1|Staraptor, L50, F|
|poke|p1|Clawitzer, L50, F|
|poke|p1|Mimikyu, L50, F|
|poke|p1|Gallade, L50, M|
|poke|p2|Meowstic, L50, M|
|poke|p2|Farigiraf, L50, F, shiny|
|poke|p2|Delphox, L50, M, shiny|
|poke|p2|Incineroar, L50, M|
|poke|p2|Slowbro-Galar, L50, F|
|poke|p2|Espathra, L50, M|
|teampreview|4
|showteam|p1|Krookodile||ChoiceScarf|Moxie|Crunch,HighHorsepower,RockSlide,Earthquake|Adamant||M|||50|]Whimsicott||FocusSash|Prankster|Protect,LightScreen,Tailwind,FakeTears|Timid||M|||50|]Staraptor||Staraptite|Intimidate|BraveBird,Protect,Endure,CloseCombat|Jolly||F|||50|]Clawitzer||ExpertBelt|MegaLauncher|WaterPulse,DarkPulse,Protect,MuddyWater|Sassy||F|||50|]Mimikyu||MentalHerb|Disguise|TrickRoom,ShadowClaw,Protect,Curse|Sassy||F|||50|]Gallade||WhiteHerb|Sharpness|NightSlash,SacredSword,TrickRoom,Protect|Adamant||M|||50|
|showteam|p2|Meowstic||Meowsticite|Prankster|FakeOut,AlluringVoice,PsychicTerrain,ExpandingForce|Calm||M|||50|]Farigiraf||ColburBerry|ArmorTail|TrickRoom,HelpingHand,PsychicTerrain,ExpandingForce|Modest||F|||50|]Delphox||Delphoxite|Blaze|Protect,DazzlingGleam,RolePlay,ExpandingForce|Modest||M|||50|]Incineroar||MuscleBand|Intimidate|FakeOut,HelpingHand,DarkestLariat,BrickBreak|Adamant||M|||50|]Slowbro-Galar||QuickClaw|QuickDraw|TrickRoom,HelpingHand,IcyWind,AcidSpray|Calm||F|||50|]Espathra||FocusSash|SpeedBoost|Protect,DazzlingGleam,PsychicTerrain,SkillSwap|Modest||M|||50|
|c|Ōśåatealcoloredcat|okay
|c|Ōśåatealcoloredcat|remember not to look at team sheet
|
|t:|1785182234
|teamsize|p1|4
|teamsize|p2|4
|start
|switch|p1a: The Mimic|Mimikyu, L50, F|100/100
|switch|p1b: Mr Claw|Clawitzer, L50, F|100/100
|switch|p2a: Autism Creature|Meowstic, L50, M|100/100
|switch|p2b: Tricky Tony|Delphox, L50, M, shiny|100/100
|turn|1
|
|t:|1785182281
|detailschange|p2b: Tricky Tony|Delphox-Mega, L50, M, shiny
|-mega|p2b: Tricky Tony|Delphox|Delphoxite
|move|p1b: Mr Claw|Protect|p1b: Mr Claw
|-singleturn|p1b: Mr Claw|Protect
|move|p2a: Autism Creature|Fake Out|p1b: Mr Claw
|-activate|p1b: Mr Claw|move: Protect
|move|p2b: Tricky Tony|Role Play|p2a: Autism Creature
|-ability|p2b: Tricky Tony|Prankster|Levitate|[from] move: Role Play|[of] p2a: Autism Creature
|move|p1a: The Mimic|Trick Room|p1a: The Mimic
|-fieldstart|move: Trick Room|[of] p1a: The Mimic
|
|upkeep
|turn|2
|
|t:|1785182321
|move|p2a: Autism Creature|Psychic Terrain|p2a: Autism Creature
|-fieldstart|move: Psychic Terrain
|move|p1b: Mr Claw|Dark Pulse|p2b: Tricky Tony
|-supereffective|p2b: Tricky Tony|1
|-crit|p2b: Tricky Tony
|-damage|p2b: Tricky Tony|0 fnt
|faint|p2b: Tricky Tony
|move|p1a: The Mimic|Shadow Claw|p2a: Autism Creature
|-supereffective|p2a: Autism Creature|1
|-damage|p2a: Autism Creature|40/100
|
|upkeep
|c|Ōśåatealcoloredcat|THE CRIT MATTERED
|
|t:|1785182340
|switch|p2b: Candace Flynn|Farigiraf, L50, F, shiny|100/100
|turn|3
|c|ŌśåDragoMX|nuh huh
|
|t:|1785182382
|switch|p2a: 7/27 IncineroarDay|Incineroar, L50, M|100/100
|-ability|p2a: 7/27 IncineroarDay|Intimidate|boost
|-unboost|p1a: The Mimic|atk|1
|-unboost|p1b: Mr Claw|atk|1
|move|p1b: Mr Claw|Dark Pulse|p2b: Candace Flynn
|-supereffective|p2b: Candace Flynn|1
|-enditem|p2b: Candace Flynn|Colbur Berry|[eat]
|-enditem|p2b: Candace Flynn|Colbur Berry|[weaken]
|-damage|p2b: Candace Flynn|53/100
|move|p2b: Candace Flynn|Expanding Force|p1a: The Mimic|[spread] p1a,p1b
|-activate|p1a: The Mimic|ability: Disguise
|-damage|p1a: The Mimic|100/100
|-damage|p1b: Mr Claw|46/100
|detailschange|p1a: The Mimic|Mimikyu-Busted, L50, F
|-damage|p1a: The Mimic|87/100|[from] pokemon: Mimikyu-Busted
|move|p1a: The Mimic|Shadow Claw|p2a: 7/27 IncineroarDay
|-resisted|p2a: 7/27 IncineroarDay|1
|-damage|p2a: 7/27 IncineroarDay|92/100
|
|upkeep
|turn|4
|
|t:|1785182414
|move|p1b: Mr Claw|Protect|p1b: Mr Claw
|-singleturn|p1b: Mr Claw|Protect
|move|p2a: 7/27 IncineroarDay|Fake Out|p1b: Mr Claw
|-activate|p1b: Mr Claw|move: Psychic Terrain
|move|p2b: Candace Flynn|Expanding Force|p1a: The Mimic|[spread] p1a
|-activate|p1b: Mr Claw|move: Protect
|-damage|p1a: The Mimic|40/100
|move|p1a: The Mimic|Curse|p2a: 7/27 IncineroarDay
|-start|p2a: 7/27 IncineroarDay|Curse|[of] p1a: The Mimic
|-damage|p1a: The Mimic|0 fnt
|faint|p1a: The Mimic
|
|-damage|p2a: 7/27 IncineroarDay|67/100|[from] Curse
|upkeep
|
|t:|1785182425
|switch|p1a: Creature|Whimsicott, L50, M|100/100
|turn|5
|
|t:|1785182472
|switch|p2b: Autism Creature|Meowstic, L50, M|40/100
|move|p1a: Creature|Protect|p1a: Creature
|-singleturn|p1a: Creature|Protect
|move|p1b: Mr Claw|Muddy Water|p2b: Autism Creature|[spread] p2b
|-miss|p1b: Mr Claw|p2a: 7/27 IncineroarDay
|-damage|p2b: Autism Creature|7/100
|move|p2a: 7/27 IncineroarDay|Darkest Lariat|p1b: Mr Claw
|-damage|p1b: Mr Claw|0 fnt
|faint|p1b: Mr Claw
|
|-damage|p2a: 7/27 IncineroarDay|43/100|[from] Curse
|-fieldend|move: Trick Room
|upkeep
|
|t:|1785182481
|switch|p1b: Feature|Staraptor, L50, F|100/100
|-ability|p1b: Feature|Intimidate|boost
|-unboost|p2a: 7/27 IncineroarDay|atk|1
|-unboost|p2b: Autism Creature|atk|1
|turn|6
|
|t:|1785182507
|switch|p2a: Candace Flynn|Farigiraf, L50, F, shiny|53/100
|detailschange|p1b: Feature|Staraptor-Mega, L50, F
|-mega|p1b: Feature|Staraptor|Staraptite
|move|p2b: Autism Creature|Fake Out|p1a: Creature
|-activate|p1a: Creature|move: Psychic Terrain
|move|p1a: Creature|Tailwind|p1a: Creature
|-sidestart|p1: DragoMX|move: Tailwind
|move|p1b: Feature|Close Combat|p2b: Autism Creature
|-resisted|p2b: Autism Creature|1
|-damage|p2b: Autism Creature|0 fnt
|-boost|p1b: Feature|def|1
|-boost|p1b: Feature|spd|1
|faint|p2b: Autism Creature
|
|-fieldend|move: Psychic Terrain
|upkeep
|c|Ōśåatealcoloredcat|wait im silly
|
|t:|1785182523
|switch|p2b: 7/27 IncineroarDay|Incineroar, L50, M|43/100
|-ability|p2b: 7/27 IncineroarDay|Intimidate|boost
|-unboost|p1a: Creature|atk|1
|-boost|p1b: Feature|atk|1
|turn|7
|c|ŌśåDragoMX|happens
|
|t:|1785182548
|move|p1a: Creature|Protect|p1a: Creature
|-singleturn|p1a: Creature|Protect
|move|p1b: Feature|Protect|p1b: Feature
|-singleturn|p1b: Feature|Protect
|move|p2b: 7/27 IncineroarDay|Fake Out|p1b: Feature
|-activate|p1b: Feature|move: Protect
|move|p2a: Candace Flynn|Expanding Force|p1b: Feature
|-activate|p1b: Feature|move: Protect
|
|upkeep
|turn|8
|
|t:|1785182573
|move|p1a: Creature|Tailwind||[still]
|-fail|p1a: Creature
|move|p1b: Feature|Close Combat|p2b: 7/27 IncineroarDay
|-supereffective|p2b: 7/27 IncineroarDay|1
|-damage|p2b: 7/27 IncineroarDay|0 fnt
|-boost|p1b: Feature|def|1
|-boost|p1b: Feature|spd|1
|faint|p2b: 7/27 IncineroarDay
|move|p2a: Candace Flynn|Expanding Force|p1b: Feature
|-supereffective|p1b: Feature|1
|-damage|p1b: Feature|53/100
|
|upkeep
|turn|9
|
|t:|1785182589
|move|p1a: Creature|Tailwind||[still]
|-fail|p1a: Creature
|move|p1b: Feature|Close Combat|p2a: Candace Flynn
|-crit|p2a: Candace Flynn
|-damage|p2a: Candace Flynn|0 fnt
|-boost|p1b: Feature|def|1
|-boost|p1b: Feature|spd|1
|faint|p2a: Candace Flynn
|
|win|DragoMX
||DragoMX is ready for game 2.
||atealcoloredcat is ready for game 2.
|uhtml|next|Next: Game 2 of 3
|j| Tbigongue
|l| Tbigongue
