|j|☆mokuzz
|j|☆pependerland
|html|mokuzzpependerland    
|uhtml|bestof|Game 1 of a best-of-3
|t:|1784094238
|gametype|doubles
|player|p1|mokuzz|skierf|1040
|player|p2|pependerland|2|1114
|gen|9
|tier|[Gen 9 Champions] VGC 2026 Reg M-B (Bo3)
|rated|
|rule|Species Clause: Limit one of each Pokémon
|rule|Item Clause: Limit 1 of each item
|clearpoke
|poke|p1|Delphox, L50, M|
|poke|p1|Sylveon, L50, F|
|poke|p1|Incineroar, L50, F|
|poke|p1|Scovillain, L50, M|
|poke|p1|Sinistcha, L50|
|poke|p1|Garchomp, L50, M|
|poke|p2|Charizard, L50, M|
|poke|p2|Corviknight, L50, M|
|poke|p2|Sinistcha, L50|
|poke|p2|Sneasler, L50, M|
|poke|p2|Incineroar, L50, F|
|poke|p2|Floette-Eternal, L50, F|
|teampreview|4
|showteam|p1|Delphox||Delphoxite|Blaze|HeatWave,Psyshock,NastyPlot,Protect|Timid||M|||50|]Sylveon||Leftovers|Pixilate|HyperVoice,Moonblast,CalmMind,Protect|Bold||F|||50|]Incineroar||SitrusBerry|Intimidate|ThroatChop,FlareBlitz,PartingShot,FakeOut|Adamant||F|||50|]Scovillain||Scovillainite|Moody|GigaDrain,Flamethrower,RagePowder,Protect|Calm||M|||50|]Sinistcha||ColburBerry|Hospitality|MatchaGotcha,RagePowder,LifeDew,TrickRoom|Sassy|||||50|]Garchomp||LifeOrb|SandVeil|RockSlide,DragonClaw,StompingTantrum,Protect|Jolly||M|||50|
|showteam|p2|Charizard||CharizarditeX|Blaze|FlareBlitz,DragonClaw,DragonDance,Protect|Adamant||M|||50|]Corviknight||Leftovers|MirrorArmor|Tailwind,BraveBird,Roost,IronHead|Adamant||M|||50|]Sinistcha||KasibBerry|Hospitality|TrickRoom,RagePowder,MatchaGotcha,Protect|Calm|||||50|]Sneasler||FocusSash|Unburden|FakeOut,CloseCombat,DireClaw,Coaching|Jolly||M|||50|]Incineroar||SitrusBerry|Intimidate|FakeOut,FlareBlitz,ThroatChop,PartingShot|Adamant||F|||50|]Floette-Eternal||Floettite|Symbiosis|DazzlingGleam,Moonblast,Protect,CalmMind|Modest||F|||50|
|c|☆mokuzz|glhf
|inactive|Battle timer is ON: inactive players will automatically lose when time's up. (requested by pependerland)
|inactive|mokuzz has 60 seconds left.
|
|t:|1784094309
|teamsize|p1|4
|teamsize|p2|4
|start
|switch|p1a: Delphox|Delphox, L50, M|100/100
|switch|p1b: Sylveon|Sylveon, L50, F|100/100
|switch|p2a: Incineroar|Incineroar, L50, F|100/100
|switch|p2b: Charizard|Charizard, L50, M|100/100
|-ability|p2a: Incineroar|Intimidate|boost
|-unboost|p1a: Delphox|atk|1
|-unboost|p1b: Sylveon|atk|1
|turn|1
|inactive|pependerland has 30 seconds left.
|
|t:|1784094336
|detailschange|p1a: Delphox|Delphox-Mega, L50, M
|-mega|p1a: Delphox|Delphox|Delphoxite
|move|p1a: Delphox|Nasty Plot|p1a: Delphox
|-boost|p1a: Delphox|spa|2
|move|p2b: Charizard|Dragon Dance|p2b: Charizard
|-boost|p2b: Charizard|atk|1
|-boost|p2b: Charizard|spe|1
|move|p1b: Sylveon|Calm Mind|p1b: Sylveon
|-boost|p1b: Sylveon|spa|1
|-boost|p1b: Sylveon|spd|1
|move|p2a: Incineroar|Parting Shot|p1a: Delphox
|-unboost|p1a: Delphox|atk|1
|-unboost|p1a: Delphox|spa|1
|
|t:|1784094348
|switch|p2a: Sneasler|Sneasler, L50, M|100/100|[from] Parting Shot
|
|upkeep
|turn|2
|
|t:|1784094373
|switch|p1b: Incineroar|Incineroar, L50, F|100/100
|-ability|p1b: Incineroar|Intimidate|boost
|-unboost|p2a: Sneasler|atk|1
|-unboost|p2b: Charizard|atk|1
|detailschange|p2b: Charizard|Charizard-Mega-X, L50, M
|-mega|p2b: Charizard|Charizard|Charizardite X
|move|p1a: Delphox|Protect|p1a: Delphox
|-singleturn|p1a: Delphox|Protect
|move|p2b: Charizard|Dragon Claw|p1a: Delphox
|-activate|p1a: Delphox|move: Protect
|move|p2a: Sneasler|Dire Claw|p1b: Incineroar
|-damage|p1b: Incineroar|77/100
|
|upkeep
|turn|3
|inactive|mokuzz has 30 seconds left.
|
|t:|1784094399
|switch|p2a: Incineroar|Incineroar, L50, F|100/100
|-ability|p2a: Incineroar|Intimidate|boost
|-unboost|p1a: Delphox|atk|1
|-unboost|p1b: Incineroar|atk|1
|move|p1b: Incineroar|Fake Out|p2b: Charizard
|-damage|p2b: Charizard|92/100
|cant|p2b: Charizard|flinch
|move|p1a: Delphox|Psyshock|p2a: Incineroar
|-immune|p2a: Incineroar
|
|upkeep
|turn|4
|
|t:|1784094420
|move|p1a: Delphox|Protect|p1a: Delphox
|-singleturn|p1a: Delphox|Protect
|move|p2b: Charizard|Dragon Dance|p2b: Charizard
|-boost|p2b: Charizard|atk|1
|-boost|p2b: Charizard|spe|1
|move|p1b: Incineroar|Parting Shot|p2b: Charizard
|-unboost|p2b: Charizard|atk|1
|-unboost|p2b: Charizard|spa|1
|
|t:|1784094430
|switch|p1b: Sylveon|Sylveon, L50, F|100/100|[from] Parting Shot
|move|p2a: Incineroar|Parting Shot|p1a: Delphox
|-activate|p1a: Delphox|move: Protect
|
|upkeep
|turn|5
|
|t:|1784094447
|move|p2b: Charizard|Dragon Claw|p1a: Delphox
|-damage|p1a: Delphox|28/100
|move|p1a: Delphox|Heat Wave|p2b: Charizard|[spread] p2a
|-miss|p1a: Delphox|p2b: Charizard
|-resisted|p2a: Incineroar|1
|-damage|p2a: Incineroar|79/100
|move|p1b: Sylveon|Moonblast|p2b: Charizard
|-damage|p2b: Charizard|51/100
|move|p2a: Incineroar|Parting Shot|p1a: Delphox
|-unboost|p1a: Delphox|atk|1
|-unboost|p1a: Delphox|spa|1
|
|t:|1784094460
|switch|p2a: Sinistcha|Sinistcha, L50|100/100|[from] Parting Shot
|-heal|p2b: Charizard|76/100|[from] ability: Hospitality|[of] p2a: Sinistcha
|
|upkeep
|turn|6
|
|t:|1784094469
|switch|p2a: Incineroar|Incineroar, L50, F|79/100
|-ability|p2a: Incineroar|Intimidate|boost
|-unboost|p1a: Delphox|atk|1
|-unboost|p1b: Sylveon|atk|1
|move|p1a: Delphox|Protect|p1a: Delphox
|-singleturn|p1a: Delphox|Protect
|move|p2b: Charizard|Dragon Claw|p1a: Delphox
|-activate|p1a: Delphox|move: Protect
|move|p1b: Sylveon|Calm Mind|p1b: Sylveon
|-boost|p1b: Sylveon|spa|1
|-boost|p1b: Sylveon|spd|1
|
|upkeep
|turn|7
|inactive|mokuzz has 30 seconds left.
|
|t:|1784094495
|switch|p1a: Incineroar|Incineroar, L50, F|77/100
|-ability|p1a: Incineroar|Intimidate|boost
|-unboost|p2a: Incineroar|atk|1
|-unboost|p2b: Charizard|atk|1
|move|p2b: Charizard|Dragon Claw|p1a: Incineroar
|-damage|p1a: Incineroar|43/100
|-enditem|p1a: Incineroar|Sitrus Berry|[eat]
|-heal|p1a: Incineroar|67/100|[from] item: Sitrus Berry
|move|p1b: Sylveon|Calm Mind|p1b: Sylveon
|-boost|p1b: Sylveon|spa|1
|-boost|p1b: Sylveon|spd|1
|move|p2a: Incineroar|Parting Shot|p1b: Sylveon
|-unboost|p1b: Sylveon|atk|1
|-unboost|p1b: Sylveon|spa|1
|
|t:|1784094512
|switch|p2a: Sneasler|Sneasler, L50, M|100/100|[from] Parting Shot
|
|upkeep
|turn|8
|
|t:|1784094525
|switch|p2a: Sinistcha|Sinistcha, L50|100/100
|-heal|p2b: Charizard|100/100|[from] ability: Hospitality|[of] p2a: Sinistcha
|move|p1a: Incineroar|Fake Out|p2b: Charizard
|-damage|p2b: Charizard|88/100
|cant|p2b: Charizard|flinch
|move|p1b: Sylveon|Hyper Voice|p2b: Charizard|[spread] p2a,p2b
|-damage|p2a: Sinistcha|51/100
|-damage|p2b: Charizard|32/100
|
|upkeep
|turn|9
|
|t:|1784094541
|switch|p2a: Incineroar|Incineroar, L50, F|79/100
|-ability|p2a: Incineroar|Intimidate|boost
|-unboost|p1a: Incineroar|atk|1
|-unboost|p1b: Sylveon|atk|1
|move|p2b: Charizard|Flare Blitz|p1b: Sylveon
|-damage|p1b: Sylveon|50/100y
|-damage|p2b: Charizard|13/100|[from] Recoil
|move|p1b: Sylveon|Hyper Voice|p2b: Charizard|[spread] p2a,p2b
|-damage|p2a: Incineroar|40/100
|-damage|p2b: Charizard|0 fnt
|-enditem|p2a: Incineroar|Sitrus Berry|[eat]
|-heal|p2a: Incineroar|65/100|[from] item: Sitrus Berry
|faint|p2b: Charizard
|move|p1a: Incineroar|Flare Blitz|p2a: Incineroar
|-resisted|p2a: Incineroar|1
|-damage|p2a: Incineroar|50/100g
|-damage|p1a: Incineroar|62/100|[from] Recoil
|
|-heal|p1b: Sylveon|56/100|[from] item: Leftovers
|upkeep
|
|t:|1784094550
|switch|p2b: Sneasler|Sneasler, L50, M|100/100
|turn|10
|
|t:|1784094572
|move|p1b: Sylveon|Protect|p1b: Sylveon
|-singleturn|p1b: Sylveon|Protect
|move|p2b: Sneasler|Dire Claw|p1b: Sylveon
|-activate|p1b: Sylveon|move: Protect
|move|p1a: Incineroar|Parting Shot|p2b: Sneasler
|-unboost|p2b: Sneasler|atk|1
|-unboost|p2b: Sneasler|spa|1
|
|t:|1784094580
|switch|p1a: Sinistcha|Sinistcha, L50|100/100|[from] Parting Shot
|-heal|p1b: Sylveon|81/100|[from] ability: Hospitality|[of] p1a: Sinistcha
|move|p2a: Incineroar|Throat Chop|p1a: Sinistcha
|-supereffective|p1a: Sinistcha|1
|-enditem|p1a: Sinistcha|Colbur Berry|[eat]
|-enditem|p1a: Sinistcha|Colbur Berry|[weaken]
|-damage|p1a: Sinistcha|67/100
|-start|p1a: Sinistcha|Throat Chop|[silent]
|
|-heal|p1b: Sylveon|87/100|[from] item: Leftovers
|upkeep
|turn|11
|
|t:|1784094599
|switch|p2b: Sinistcha|Sinistcha, L50|51/100
|-heal|p2a: Incineroar|75/100|[from] ability: Hospitality|[of] p2b: Sinistcha
|move|p1a: Sinistcha|Rage Powder|p1a: Sinistcha
|-singleturn|p1a: Sinistcha|move: Rage Powder
|move|p1b: Sylveon|Hyper Voice|p2a: Incineroar|[spread] p2a,p2b
|-damage|p2a: Incineroar|37/100
|-damage|p2b: Sinistcha|5/100
|move|p2a: Incineroar|Throat Chop|p1a: Sinistcha
|-supereffective|p1a: Sinistcha|1
|-damage|p1a: Sinistcha|2/100
|
|-heal|p1b: Sylveon|93/100|[from] item: Leftovers
|-end|p1a: Sinistcha|Throat Chop|[silent]
|upkeep
|turn|12
|
|t:|1784094615
|move|p1a: Sinistcha|Rage Powder|p1a: Sinistcha
|-singleturn|p1a: Sinistcha|move: Rage Powder
|move|p1b: Sylveon|Hyper Voice|p2b: Sinistcha|[spread] p2a,p2b
|-damage|p2a: Incineroar|0 fnt
|-damage|p2b: Sinistcha|0 fnt
|faint|p2a: Incineroar
|faint|p2b: Sinistcha
|
|-heal|p1b: Sylveon|100/100|[from] item: Leftovers
|upkeep
|
|t:|1784094620
|switch|p2b: Sneasler|Sneasler, L50, M|100/100
|turn|13
|
|t:|1784094635
|move|p1a: Sinistcha|Rage Powder|p1a: Sinistcha
|-singleturn|p1a: Sinistcha|move: Rage Powder
|move|p2b: Sneasler|Dire Claw|p1a: Sinistcha
|-damage|p1a: Sinistcha|0 fnt
|faint|p1a: Sinistcha
|move|p1b: Sylveon|Moonblast|p2b: Sneasler
|-damage|p2b: Sneasler|22/100
|
|upkeep
|
|t:|1784094645
|switch|p1a: Delphox|Delphox-Mega, L50, M|28/100
|turn|14
|
|t:|1784094649
|move|p1a: Delphox|Psyshock|p2b: Sneasler
|-supereffective|p2b: Sneasler|2
|-damage|p2b: Sneasler|0 fnt
|faint|p2b: Sneasler
|
|win|mokuzz
||pependerland is ready for game 2.
