|j|☆peer+mol
|j|☆RickRollFace
|html|peer+molRickRollFace    
|uhtml|bestof|Game 2 of a best-of-3
|t:|1783858110
|gametype|doubles
|player|p1|peer+mol|101|
|player|p2|RickRollFace|cynthia-masters3|
|gen|9
|tier|[Gen 9 Champions] VGC 2026 Reg M-B (Bo3)
|rule|Species Clause: Limit one of each Pokémon
|rule|Item Clause: Limit 1 of each item
|clearpoke
|poke|p1|Mawile, L50, M|
|poke|p1|Golurk, L50|
|poke|p1|Farigiraf, L50, M|
|poke|p1|Gallade, L50, M|
|poke|p1|Incineroar, L50, M|
|poke|p1|Hydrapple, L50, F|
|poke|p2|Delphox, L50, M|
|poke|p2|Kingambit, L50, M, shiny|
|poke|p2|Tauros-Paldea-Aqua, L50, M, shiny|
|poke|p2|Sinistcha-Masterpiece, L50, shiny|
|poke|p2|Blastoise, L50, F, shiny|
|poke|p2|Sneasler, L50, F, shiny|
|teampreview|4
|showteam|p1|Mawile||Mawilite|Intimidate|PlayRough,IronHead,Protect,SuckerPunch|Brave||M|||50|]Golurk||Golurkite|NoGuard|PhantomForce,HeadlongRush,RockSlide,Protect|Brave|||||50|]Farigiraf||SitrusBerry|ArmorTail|Psychic,TrickRoom,HelpingHand,Protect|Calm||M|||50|]Gallade||FocusSash|Sharpness|SacredSword,PsychoCut,WideGuard,Protect|Adamant||M|||50|]Incineroar||Charcoal|Intimidate|FlareBlitz,DarkestLariat,FakeOut,PartingShot|Brave||M|||50|]Hydrapple||LifeOrb|Regenerator|FickleBeam,EarthPower,Protect,GigaDrain|Quiet||F|||50|
|showteam|p2|Delphox||Delphoxite|Blaze|HeatWave,Psyshock,NastyPlot,Protect|Timid||M|||50|]Kingambit||BlackGlasses|Defiant|KowtowCleave,SuckerPunch,SwordsDance,Protect|Adamant||M|||50|]Tauros-Paldea-Aqua||ChoiceScarf|Intimidate|CloseCombat,RagingBull,AquaJet,RockTomb|Jolly||M|||50|]Sinistcha-Masterpiece||KasibBerry|Hospitality|MatchaGotcha,RagePowder,LifeDew,TrickRoom|Relaxed|||||50|]Blastoise||Blastoisinite|RainDish|WaterSpout,DarkPulse,ShellSmash,Protect|Modest||F|||50|]Sneasler||FocusSash|PoisonTouch|DireClaw,CloseCombat,FakeOut,QuickGuard|Jolly||F|||50|
|inactive|Battle timer is ON: inactive players will automatically lose when time's up. (requested by RickRollFace)
|j| Dijkbewakerstudent
|j| KoonKyVGC
|j| Harry Koekenpan
|j| Lynnsane
|inactiveoff|Battle timer is now OFF.
|j| W3S05
|j| Bomduif
|c| Harry Koekenpan|🍞
|j| 000aj
|c|☆peer+mol|glhf
|c|☆RickRollFace|GLHF Ronde 2
|c| Dijkbewakerstudent|🍞
|c| Dijkbewakerstudent|R2 fight
|c| KoonKyVGC|Dijkbewaker is jarig zet hem op de pot
|j| LOS TiggelWiggel
|l| LOS TiggelWiggel
|c| Dijkbewakerstudent|Oh wat zou het stinken doe de deur op slot
|j| LOS TiggelWiggel
|l| LOS TiggelWiggel
|c|☆peer+mol|dijk moet bewaakt worden
|c| KoonKyVGC|Zeker
|c|☆peer+mol|no more watersnoodramp
|c| Dijkbewakerstudent|Mensen hebben deze week hun DIO diploma opgehaald
|c|☆peer+mol|Dijkbewaker In Opleiding?
|c| Lynnsane|snelle trivia check wanneer was watersnoodramp?
|c| Dijkbewakerstudent|Dus nieuwe dijkbewakers
|c|☆peer+mol|1953 toch
|c|☆peer+mol|uit mn hoofd
|j| LOS TiggelWiggel
|c| Lynnsane|is correct
|c|☆peer+mol|LFG
|c| Dijkbewakerstudent|DIO staat voor Dijkbewakers die in opleiding gaan om als vak Dijkbewaker te worden
|c| Dijkbewakerstudent|het is een heel moeilijk en leerzaam vak
|c|☆peer+mol|gezondheid
|c|☆peer+mol|boerenkool petje af
|c|☆peer+mol|naar hen
|c| Dijkbewakerstudent|Maar een prachtig beroep
|
|t:|1783858268
|teamsize|p1|4
|teamsize|p2|4
|start
|switch|p1a: Hydrapple|Hydrapple, L50, F|100/100
|switch|p1b: Farigiraf|Farigiraf, L50, M|100/100
|switch|p2a: Blastoise|Blastoise, L50, F, shiny|100/100
|switch|p2b: Sneasler|Sneasler, L50, F, shiny|100/100
|turn|1
|c| Dijkbewakerstudent|Petje af als compliment
|c| Harry Koekenpan|Kut MC donalds
|c| Dijkbewakerstudent|Ik rij vnv naar de MC voor een milkshake
|c|☆peer+mol|fuifes met duyvis
|c|☆peer+mol|in de polo zeker
|c| Dijkbewakerstudent|Marco Polo zit lekker te ontspannen in de zon
|
|t:|1783858328
|switch|p1a: Mawile|Mawile, L50, M|100/100
|-ability|p1a: Mawile|Intimidate|boost
|-unboost|p2a: Blastoise|atk|1
|-unboost|p2b: Sneasler|atk|1
|detailschange|p2a: Blastoise|Blastoise-Mega, L50, F, shiny
|-mega|p2a: Blastoise|Blastoise|Blastoisinite
|move|p2b: Sneasler|Dire Claw|p1a: Mawile
|-immune|p1a: Mawile
|move|p2a: Blastoise|Dark Pulse|p1a: Mawile
|-resisted|p1a: Mawile|1
|-damage|p1a: Mawile|59/100
|move|p1b: Farigiraf|Trick Room|p1b: Farigiraf
|-fieldstart|move: Trick Room|[of] p1b: Farigiraf
|
|upkeep
|turn|2
|c| Dijkbewakerstudent|Als een echt DIO gespeeld
|c| Dijkbewakerstudent|dat laat wel zien wie de vader van de groep is
|c| Dijkbewakerstudent|de Jonge bokken moeten nog veel leren
|c| Harry Koekenpan|🍞
|c|☆peer+mol|de vader van de buurt eskrrrt
|
|t:|1783858380
|switch|p2b: Kingambit|Kingambit, L50, M, shiny|100/100
|detailschange|p1a: Mawile|Mawile-Mega, L50, M
|-mega|p1a: Mawile|Mawile|Mawilite
|move|p1b: Farigiraf|Helping Hand|p1a: Mawile
|-singleturn|p1a: Mawile|Helping Hand|[of] p1b: Farigiraf
|move|p2a: Blastoise|Protect|p2a: Blastoise
|-singleturn|p2a: Blastoise|Protect
|move|p1a: Mawile|Play Rough|p2a: Blastoise
|-activate|p2a: Blastoise|move: Protect
|
|upkeep
|turn|3
|c| Dijkbewakerstudent|Dit wordt spannend
|
|t:|1783858426
|switch|p2a: Sinistcha|Sinistcha-Masterpiece, L50, shiny|100/100
|move|p1b: Farigiraf|Helping Hand|p1a: Mawile
|-singleturn|p1a: Mawile|Helping Hand|[of] p1b: Farigiraf
|move|p1a: Mawile|Play Rough|p2b: Kingambit
|-damage|p2b: Kingambit|3/100
|move|p2b: Kingambit|Kowtow Cleave|p1b: Farigiraf
|-supereffective|p1b: Farigiraf|1
|-damage|p1b: Farigiraf|0 fnt
|faint|p1b: Farigiraf
|
|upkeep
|
|t:|1783858435
|switch|p1b: Hydrapple|Hydrapple, L50, F|100/100
|turn|4
|
|t:|1783858447
|move|p2b: Kingambit|Protect|p2b: Kingambit
|-singleturn|p2b: Kingambit|Protect
|move|p1b: Hydrapple|Fickle Beam|p2b: Kingambit
|-activate|p2b: Kingambit|move: Protect
|move|p1a: Mawile|Play Rough|p2a: Sinistcha
|-damage|p2a: Sinistcha|41/100
|move|p2a: Sinistcha|Trick Room|p2a: Sinistcha
|-fieldend|move: Trick Room
|
|upkeep
|turn|5
|c| Dijkbewakerstudent|El Dijciso
|
|t:|1783858491
|move|p1a: Mawile|Protect|p1a: Mawile
|-singleturn|p1a: Mawile|Protect
|move|p2a: Sinistcha|Rage Powder|p2a: Sinistcha
|-singleturn|p2a: Sinistcha|move: Rage Powder
|move|p2b: Kingambit|Kowtow Cleave|p1b: Hydrapple
|-damage|p1b: Hydrapple|50/100g
|move|p1b: Hydrapple|Fickle Beam|p2b: Kingambit
|-resisted|p2b: Kingambit|1
|-damage|p2b: Kingambit|0 fnt
|faint|p2b: Kingambit
|-damage|p1b: Hydrapple|40/100|[from] item: Life Orb
|
|upkeep
|
|t:|1783858499
|switch|p2b: Sneasler|Sneasler, L50, F, shiny|100/100
|turn|6
|
|t:|1783858539
|-heal|p1b: Hydrapple|73/100|[from] ability: Regenerator|[silent]
|switch|p1b: Gallade|Gallade, L50, M|100/100
|move|p2b: Sneasler|Dire Claw|p1b: Gallade
|-damage|p1b: Gallade|28/100
|-status|p1b: Gallade|slp
|move|p2a: Sinistcha|Life Dew||[still]|[spread] p2a,p2b
|-heal|p2a: Sinistcha|66/100
|-fail|p2b: Sneasler|heal
|move|p1a: Mawile|Iron Head|p2b: Sneasler
|-enditem|p2b: Sneasler|Focus Sash
|-damage|p2b: Sneasler|1/100
|
|upkeep
|turn|7
|c| Dijkbewakerstudent|Oef
|c| Dijkbewakerstudent|Buff dire claw
|
|t:|1783858570
|move|p1a: Mawile|Protect|p1a: Mawile
|-singleturn|p1a: Mawile|Protect
|move|p2a: Sinistcha|Rage Powder|p2a: Sinistcha
|-singleturn|p2a: Sinistcha|move: Rage Powder
|move|p2b: Sneasler|Close Combat|p1a: Mawile
|-activate|p1a: Mawile|move: Protect
|cant|p1b: Gallade|slp
|
|upkeep
|turn|8
|
|t:|1783858580
|switch|p1a: Hydrapple|Hydrapple, L50, F|73/100
|move|p2a: Sinistcha|Rage Powder|p2a: Sinistcha
|-singleturn|p2a: Sinistcha|move: Rage Powder
|move|p2b: Sneasler|Dire Claw|p1b: Gallade
|-damage|p1b: Gallade|0 fnt
|faint|p1b: Gallade
|
|upkeep
|
|t:|1783858586
|switch|p1b: Mawile|Mawile-Mega, L50, M|59/100
|turn|9
|
|t:|1783858641
|move|p2a: Sinistcha|Rage Powder|p2a: Sinistcha
|-singleturn|p2a: Sinistcha|move: Rage Powder
|move|p2b: Sneasler|Dire Claw|p1a: Hydrapple
|-supereffective|p1a: Hydrapple|1
|-damage|p1a: Hydrapple|13/100
|-status|p1a: Hydrapple|psn|[from] ability: Poison Touch|[of] p2b: Sneasler
|move|p1b: Mawile|Play Rough|p2a: Sinistcha|[miss]
|-miss|p1b: Mawile|p2a: Sinistcha
|move|p1a: Hydrapple|Giga Drain|p2b: Sneasler
|-resisted|p2b: Sneasler|1
|-damage|p2b: Sneasler|0 fnt
|-heal|p1a: Hydrapple|14/100 psn|[from] drain|[of] p2b: Sneasler
|faint|p2b: Sneasler
|-damage|p1a: Hydrapple|4/100 psn|[from] item: Life Orb
|
|-damage|p1a: Hydrapple|0 fnt|[from] psn
|faint|p1a: Hydrapple
|upkeep
|
|t:|1783858654
|switch|p2b: Blastoise|Blastoise-Mega, L50, F, shiny|100/100
|turn|10
|
|t:|1783858660
|move|p2a: Sinistcha|Rage Powder|p2a: Sinistcha
|-singleturn|p2a: Sinistcha|move: Rage Powder
|move|p2b: Blastoise|Water Spout|p1b: Mawile
|-damage|p1b: Mawile|0 fnt
|faint|p1b: Mawile
|
|win|RickRollFace
||peer+mol is ready for game 3.
||RickRollFace is ready for game 3.
|uhtml|next|Next: Game 3 of 3
|l| 000aj
|l| KoonKyVGC
|l| LOS TiggelWiggel
|j| KoonKyVGC
|l| KoonKyVGC
