|j|☆Chochito Pelao
|j|☆cjvaldez
|html|Chochito Pelaocjvaldez    
|uhtml|bestof|Game 1 of a best-of-3
|t:|1785179417
|gametype|doubles
|player|p1|Chochito Pelao|striker|1206
|player|p2|cjvaldez|aaron|1090
|gen|9
|tier|[Gen 9 Champions] VGC 2026 Reg M-B (Bo3)
|rated|
|rule|Species Clause: Limit one of each Pokémon
|rule|Item Clause: Limit 1 of each item
|clearpoke
|poke|p1|Tyranitar, L50, F|
|poke|p1|Excadrill, L50, F|
|poke|p1|Milotic, L50, M|
|poke|p1|Sinistcha, L50|
|poke|p1|Staraptor, L50, M|
|poke|p1|Gholdengo, L50|
|poke|p2|Pelipper, L50, M|
|poke|p2|Archaludon, L50, F|
|poke|p2|Sableye, L50, F|
|poke|p2|Swampert, L50, M|
|poke|p2|Tsareena, L50, F|
|poke|p2|Hydreigon, L50, F|
|teampreview|4
|showteam|p1|Tyranitar||Tyranitarite|SandStream|KnockOff,RockSlide,HighHorsepower,Protect|Jolly||F|||50|]Excadrill||FocusSash|SandRush|Earthquake,IronHead,RockSlide,Protect|Adamant||F|||50|]Milotic||SitrusBerry|Competitive|Scald,IcyWind,Haze,Protect|Calm||M|||50|]Sinistcha||ColburBerry|Hospitality|MatchaGotcha,ShadowBall,Protect,RagePowder|Bold|||||50|]Staraptor||Staraptite|Intimidate|CloseCombat,BraveBird,Tailwind,Protect|Jolly||M|||50|]Gholdengo||LifeOrb|GoodasGold|MakeItRain,ShadowBall,NastyPlot,Protect|Modest|||||50|
|showteam|p2|Pelipper||DampRock|Drizzle|Hurricane,WeatherBall,Protect,Tailwind|Quiet||M|||50|]Archaludon||SitrusBerry|Stamina|ElectroShot,FlashCannon,Protect,Roar|Modest||F|||50|]Sableye||BlackGlasses|Prankster|RainDance,Encore,Quash,FoulPlay|Sassy||F|||50|]Swampert||Swampertite|Torrent|WaveCrash,Protect,IcePunch,Earthquake|Adamant||M|||50|]Tsareena||WideLens|QueenlyMajesty|HighJumpKick,PowerWhip,TripleAxel,Uturn|Adamant||F|||50|]Hydreigon||FocusSash|Levitate|Protect,DarkPulse,DracoMeteor,FlashCannon|Modest||F|||50|
|inactive|Battle timer is ON: inactive players will automatically lose when time's up. (requested by cjvaldez)
|inactive|Chochito Pelao has 60 seconds left.
|inactive|cjvaldez has 60 seconds left.
|
|t:|1785179477
|teamsize|p1|4
|teamsize|p2|4
|start
|switch|p1a: Staraptor|Staraptor, L50, M|100/100
|switch|p1b: Gholdengo|Gholdengo, L50|100/100
|switch|p2a: Sableye|Sableye, L50, F|100/100
|switch|p2b: Archaludon|Archaludon, L50, F|100/100
|-ability|p1a: Staraptor|Intimidate|boost
|-unboost|p2a: Sableye|atk|1
|-unboost|p2b: Archaludon|atk|1
|turn|1
|inactive|Chochito Pelao has 30 seconds left.
|inactive|cjvaldez has 30 seconds left.
|inactive|Chochito Pelao has 20 seconds left.
|inactive|cjvaldez has 20 seconds left.
|inactive|cjvaldez has 15 seconds left.
|inactive|cjvaldez has 10 seconds left.
|inactive|Chochito Pelao has 15 seconds left.
|
|t:|1785179529
|detailschange|p1a: Staraptor|Staraptor-Mega, L50, M
|-mega|p1a: Staraptor|Staraptor|Staraptite
|move|p2b: Archaludon|Protect|p2b: Archaludon
|-singleturn|p2b: Archaludon|Protect
|move|p1a: Staraptor|Close Combat|p2b: Archaludon
|-activate|p2b: Archaludon|move: Protect
|move|p1b: Gholdengo|Nasty Plot|p1b: Gholdengo
|-boost|p1b: Gholdengo|spa|2
|move|p2a: Sableye|Foul Play|p1b: Gholdengo
|-supereffective|p1b: Gholdengo|1
|-damage|p1b: Gholdengo|57/100
|
|upkeep
|turn|2
|inactive|cjvaldez has 30 seconds left.
|inactive|cjvaldez has 20 seconds left.
|inactive|cjvaldez has 15 seconds left.
|inactive|cjvaldez has 10 seconds left.
|inactive|cjvaldez has 5 seconds left.
|
|t:|1785179583
|switch|p2b: Pelipper|Pelipper, L50, M|100/100
|-weather|RainDance|[from] ability: Drizzle|[of] p2b: Pelipper
|move|p1a: Staraptor|Close Combat|p2b: Pelipper
|-resisted|p2b: Pelipper|1
|-damage|p2b: Pelipper|71/100
|-boost|p1a: Staraptor|def|1
|-boost|p1a: Staraptor|spd|1
|move|p1b: Gholdengo|Make It Rain|p2b: Pelipper|[spread] p2a,p2b
|-resisted|p2b: Pelipper|1
|-damage|p2a: Sableye|0 fnt
|-damage|p2b: Pelipper|0 fnt
|-unboost|p1b: Gholdengo|spa|2
|faint|p2a: Sableye
|faint|p2b: Pelipper
|-damage|p1b: Gholdengo|48/100|[from] item: Life Orb
|
|-weather|RainDance|[upkeep]
|upkeep
|
|t:|1785179596
|switch|p2b: Archaludon|Archaludon, L50, F|100/100
|switch|p2a: Swampert|Swampert, L50, M|100/100
|turn|3
|
|t:|1785179611
|switch|p1b: Tyranitar|Tyranitar, L50, F|100/100
|-weather|Sandstorm|[from] ability: Sand Stream|[of] p1b: Tyranitar
|detailschange|p2a: Swampert|Swampert-Mega, L50, M
|-mega|p2a: Swampert|Swampert|Swampertite
|move|p1a: Staraptor|Close Combat|p2b: Archaludon
|-supereffective|p2b: Archaludon|1
|-damage|p2b: Archaludon|26/100
|-boost|p1a: Staraptor|def|1
|-boost|p1a: Staraptor|spd|1
|-ability|p2b: Archaludon|Stamina|boost
|-boost|p2b: Archaludon|def|1
|-enditem|p2b: Archaludon|Sitrus Berry|[eat]
|-heal|p2b: Archaludon|51/100|[from] item: Sitrus Berry
|move|p2a: Swampert|Wave Crash|p1a: Staraptor
|-damage|p1a: Staraptor|63/100
|-damage|p2a: Swampert|86/100|[from] Recoil
|move|p2b: Archaludon|Electro Shot||[still]
|-prepare|p2b: Archaludon|Electro Shot
|-boost|p2b: Archaludon|spa|1
|
|-weather|Sandstorm|[upkeep]
|-damage|p1a: Staraptor|57/100|[from] Sandstorm
|upkeep
|turn|4
|
|t:|1785179631
|move|p1a: Staraptor|Close Combat|p2b: Archaludon
|-supereffective|p2b: Archaludon|1
|-damage|p2b: Archaludon|5/100
|-boost|p1a: Staraptor|def|1
|-boost|p1a: Staraptor|spd|1
|-ability|p2b: Archaludon|Stamina|boost
|-boost|p2b: Archaludon|def|1
|move|p1b: Tyranitar|High Horsepower|p2b: Archaludon
|-supereffective|p2b: Archaludon|1
|-damage|p2b: Archaludon|0 fnt
|faint|p2b: Archaludon
|move|p2a: Swampert|Wave Crash|p1b: Tyranitar
|-supereffective|p1b: Tyranitar|1
|-damage|p1b: Tyranitar|0 fnt
|faint|p1b: Tyranitar
|-damage|p2a: Swampert|50/100g|[from] Recoil
|
|-weather|Sandstorm|[upkeep]
|-damage|p1a: Staraptor|51/100|[from] Sandstorm
|upkeep
|
|t:|1785179637
|switch|p1b: Sinistcha|Sinistcha, L50|100/100
|-heal|p1a: Staraptor|76/100|[from] ability: Hospitality|[of] p1b: Sinistcha
|turn|5
|
|t:|1785179644
|move|p1a: Staraptor|Close Combat|p2a: Swampert
|-damage|p2a: Swampert|0 fnt
|-boost|p1a: Staraptor|def|1
|-boost|p1a: Staraptor|spd|1
|faint|p2a: Swampert
|
|win|Chochito Pelao
||Chochito Pelao is ready for game 2.
|l|☆cjvaldez
|player|p2|
||cjvaldez is ready for game 2.
|uhtml|next|Next: Game 2 of 3
