|j|☆nutbuster151
|j|☆RouletteRegional
|html|nutbuster151RouletteRegional    
|uhtml|bestof|Game 2 of a best-of-3
|t:|1785087013
|gametype|doubles
|player|p1|nutbuster151|acetrainer|1236
|player|p2|RouletteRegional|lance|1435
|gen|9
|tier|[Gen 9 Champions] VGC 2026 Reg M-B (Bo3)
|rated|
|rule|Species Clause: Limit one of each Pokémon
|rule|Item Clause: Limit 1 of each item
|clearpoke
|poke|p1|Tyranitar, L50, F|
|poke|p1|Excadrill, L50, M|
|poke|p1|Milotic, L50, M|
|poke|p1|Sinistcha, L50|
|poke|p1|Staraptor, L50, M|
|poke|p1|Gholdengo, L50|
|poke|p2|Charizard, L50, F|
|poke|p2|Floette-Eternal, L50, F|
|poke|p2|Dragonite, L50, F|
|poke|p2|Sneasler, L50, M|
|poke|p2|Kingambit, L50, F|
|poke|p2|Whimsicott, L50, M|
|teampreview|4
|showteam|p1|Tyranitar||Tyranitarite|SandStream|KnockOff,RockSlide,HighHorsepower,Protect|Jolly||F|||50|]Excadrill||FocusSash|SandRush|HighHorsepower,IronHead,RockSlide,Protect|Adamant||M|||50|]Milotic||SitrusBerry|Competitive|Scald,IcyWind,Haze,Protect|Calm||M|||50|]Sinistcha||ColburBerry|Hospitality|MatchaGotcha,ShadowBall,Protect,RagePowder|Bold|||||50|]Staraptor||Staraptite|Intimidate|CloseCombat,BraveBird,Tailwind,Protect|Jolly||M|||50|]Gholdengo||LifeOrb|GoodasGold|MakeItRain,ShadowBall,NastyPlot,Protect|Modest|||||50|
|showteam|p2|Charizard||CharizarditeY|Blaze|HeatWave,SolarBeam,WeatherBall,Protect|Modest||F|||50|]Floette-Eternal||Floettite|FlowerVeil|Moonblast,DazzlingGleam,LightofRuin,Protect|Modest||F|||50|]Dragonite||LifeOrb|InnerFocus|DragonCheer,ExtremeSpeed,LowKick,Protect|Adamant||F|||50|]Sneasler||WhiteHerb|Unburden|CloseCombat,DireClaw,FakeOut,Coaching|Jolly||M|||50|]Kingambit||BlackGlasses|Defiant|KowtowCleave,SuckerPunch,SwordsDance,Protect|Adamant||F|||50|]Whimsicott||FocusSash|Prankster|Moonblast,Tailwind,Encore,Protect|Timid||M|||50|
|inactive|Battle timer is ON: inactive players will automatically lose when time's up. (requested by RouletteRegional)
|inactive|nutbuster151 has 60 seconds left.
|
|t:|1785087078
|teamsize|p1|4
|teamsize|p2|4
|start
|switch|p1a: Excadrill|Excadrill, L50, M|100/100
|switch|p1b: Tyranitar|Tyranitar, L50, F|100/100
|switch|p2a: Floette|Floette-Eternal, L50, F|100/100
|switch|p2b: Kingambit|Kingambit, L50, F|100/100
|-weather|Sandstorm|[from] ability: Sand Stream|[of] p1b: Tyranitar
|turn|1
|inactive|nutbuster151 has 30 seconds left.
|inactive|nutbuster151 has 20 seconds left.
|inactive|nutbuster151 has 15 seconds left.
|
|t:|1785087121
|detailschange|p2a: Floette|Floette-Mega, L50, F
|-mega|p2a: Floette|Floette|Floettite
|-ability|p2a: Floette|Fairy Aura
|move|p2a: Floette|Protect|p2a: Floette
|-singleturn|p2a: Floette|Protect
|move|p2b: Kingambit|Sucker Punch|p1a: Excadrill
|-damage|p1a: Excadrill|33/100
|move|p1a: Excadrill|High Horsepower|p2b: Kingambit
|-supereffective|p2b: Kingambit|1
|-damage|p2b: Kingambit|12/100
|move|p1b: Tyranitar|High Horsepower|p2a: Floette
|-activate|p2a: Floette|move: Protect
|
|-weather|Sandstorm|[upkeep]
|-damage|p2a: Floette|94/100|[from] Sandstorm
|upkeep
|turn|2
|
|t:|1785087146
|switch|p1a: Gholdengo|Gholdengo, L50|100/100
|move|p2b: Kingambit|Sucker Punch||[still]
|-fail|p2b: Kingambit
|move|p2a: Floette|Light of Ruin|p1b: Tyranitar
|-supereffective|p1b: Tyranitar|1
|-damage|p1b: Tyranitar|0 fnt
|faint|p1b: Tyranitar
|-damage|p2a: Floette|30/100|[from] Recoil
|
|-weather|Sandstorm|[upkeep]
|-damage|p2a: Floette|24/100|[from] Sandstorm
|upkeep
|inactive|nutbuster151 has 30 seconds left.
|inactive|nutbuster151 has 20 seconds left.
|
|t:|1785087182
|switch|p1b: Excadrill|Excadrill, L50, M|33/100
|turn|3
|inactive|nutbuster151 has 30 seconds left.
|inactive|RouletteRegional has 30 seconds left.
|inactive|nutbuster151 has 20 seconds left.
|inactive|nutbuster151 has 15 seconds left.
|
|t:|1785087222
|move|p2b: Kingambit|Protect|p2b: Kingambit
|-singleturn|p2b: Kingambit|Protect
|move|p1b: Excadrill|High Horsepower|p2b: Kingambit
|-activate|p2b: Kingambit|move: Protect
|move|p2a: Floette|Moonblast|p1b: Excadrill
|-resisted|p1b: Excadrill|1
|-damage|p1b: Excadrill|0 fnt
|faint|p1b: Excadrill
|move|p1a: Gholdengo|Nasty Plot|p1a: Gholdengo
|-boost|p1a: Gholdengo|spa|2
|
|-weather|Sandstorm|[upkeep]
|-damage|p2a: Floette|18/100|[from] Sandstorm
|upkeep
|
|t:|1785087236
|switch|p1b: Staraptor|Staraptor, L50, M|100/100
|-ability|p1b: Staraptor|Intimidate|boost
|-unboost|p2a: Floette|atk|1
|-unboost|p2b: Kingambit|atk|1
|-ability|p2b: Kingambit|Defiant|boost
|-boost|p2b: Kingambit|atk|2
|turn|4
|inactive|nutbuster151 has 30 seconds left.
|inactive|RouletteRegional has 30 seconds left.
|inactive|nutbuster151 has 20 seconds left.
|inactive|RouletteRegional has 20 seconds left.
|inactive|nutbuster151 has 15 seconds left.
|inactive|RouletteRegional has 15 seconds left.
|inactive|nutbuster151 has 10 seconds left.
|inactive|RouletteRegional has 10 seconds left.
|inactive|nutbuster151 has 5 seconds left.
|inactive|RouletteRegional has 5 seconds left.
|
|t:|1785087290
|switch|p2b: Whimsicott|Whimsicott, L50, M|100/100
|detailschange|p1b: Staraptor|Staraptor-Mega, L50, M
|-mega|p1b: Staraptor|Staraptor|Staraptite
|move|p2a: Floette|Protect|p2a: Floette
|-singleturn|p2a: Floette|Protect
|move|p1b: Staraptor|Close Combat|p2a: Floette
|-activate|p2a: Floette|move: Protect
|move|p1a: Gholdengo|Make It Rain|p2a: Floette|[spread] p2b
|-activate|p2a: Floette|move: Protect
|-supereffective|p2b: Whimsicott|1
|-enditem|p2b: Whimsicott|Focus Sash
|-damage|p2b: Whimsicott|1/100
|-unboost|p1a: Gholdengo|spa|2
|-damage|p1a: Gholdengo|90/100|[from] item: Life Orb
|
|-weather|Sandstorm|[upkeep]
|-damage|p2b: Whimsicott|0 fnt|[from] Sandstorm
|-damage|p1b: Staraptor|94/100|[from] Sandstorm
|-damage|p2a: Floette|12/100|[from] Sandstorm
|faint|p2b: Whimsicott
|upkeep
|
|t:|1785087313
|switch|p2b: Kingambit|Kingambit, L50, F|12/100
|turn|5
|inactive|nutbuster151 has 30 seconds left.
|inactive|RouletteRegional has 30 seconds left.
|inactive|nutbuster151 has 20 seconds left.
|inactive|nutbuster151 has 15 seconds left.
|inactive|nutbuster151 has 10 seconds left.
|
|t:|1785087359
|switch|p2a: Sneasler|Sneasler, L50, M|100/100
|move|p1b: Staraptor|Close Combat|p2a: Sneasler
|-resisted|p2a: Sneasler|1
|-damage|p2a: Sneasler|67/100
|-boost|p1b: Staraptor|def|1
|-boost|p1b: Staraptor|spd|1
|move|p1a: Gholdengo|Nasty Plot|p1a: Gholdengo
|-boost|p1a: Gholdengo|spa|2
|move|p2b: Kingambit|Kowtow Cleave|p1a: Gholdengo
|-supereffective|p1a: Gholdengo|1
|-damage|p1a: Gholdengo|0 fnt
|faint|p1a: Gholdengo
|
|-weather|none
|upkeep
|turn|6
|
|t:|1785087378
|move|p1b: Staraptor|Protect|p1b: Staraptor
|-singleturn|p1b: Staraptor|Protect
|move|p2a: Sneasler|Fake Out|p1b: Staraptor
|-activate|p1b: Staraptor|move: Protect
|move|p2b: Kingambit|Swords Dance|p2b: Kingambit
|-boost|p2b: Kingambit|atk|2
|
|upkeep
|turn|7
|inactive|RouletteRegional has 30 seconds left.
|
|t:|1785087404
|move|p2b: Kingambit|Sucker Punch|p1b: Staraptor
|-resisted|p1b: Staraptor|1
|-damage|p1b: Staraptor|64/100
|move|p1b: Staraptor|Close Combat|p2b: Kingambit
|-supereffective|p2b: Kingambit|2
|-damage|p2b: Kingambit|0 fnt
|-boost|p1b: Staraptor|def|1
|-boost|p1b: Staraptor|spd|1
|faint|p2b: Kingambit
|move|p2a: Sneasler|Close Combat|p1b: Staraptor
|-resisted|p1b: Staraptor|1
|-damage|p1b: Staraptor|51/100
|-unboost|p2a: Sneasler|def|1
|-unboost|p2a: Sneasler|spd|1
|-enditem|p2a: Sneasler|White Herb
|-clearnegativeboost|p2a: Sneasler|[silent]
|
|upkeep
|
|t:|1785087416
|switch|p2b: Floette|Floette-Mega, L50, F|12/100
|-ability|p2b: Floette|Fairy Aura
|turn|8
|
|t:|1785087429
|move|p2b: Floette|Protect|p2b: Floette
|-singleturn|p2b: Floette|Protect
|move|p2a: Sneasler|Dire Claw|p1b: Staraptor
|-damage|p1b: Staraptor|33/100
|-status|p1b: Staraptor|slp
|cant|p1b: Staraptor|slp
|
|upkeep
|turn|9
|
|t:|1785087444
|move|p2a: Sneasler|Dire Claw|p1b: Staraptor
|-crit|p1b: Staraptor
|-damage|p1b: Staraptor|0 fnt
|faint|p1b: Staraptor
|
|win|RouletteRegional
|raw|nutbuster151's rating: 1236 → 1224(-12 for losing)
|raw|RouletteRegional's rating: 1435 → 1445(+10 for winning)
