|j|☆bcam1
|j|☆magicalarcher57
|html|bcam1magicalarcher57    
|uhtml|bestof|Game 2 of a best-of-3
|t:|1784558152
|gametype|doubles
|player|p1|bcam1|2|1176
|player|p2|magicalarcher57|diantha|1320
|gen|9
|tier|[Gen 9 Champions] VGC 2026 Reg M-B (Bo3)
|rated|
|rule|Species Clause: Limit one of each Pokémon
|rule|Item Clause: Limit 1 of each item
|clearpoke
|poke|p1|Staraptor, L50, F|
|poke|p1|Farigiraf, L50, F|
|poke|p1|Garchomp, L50, F|
|poke|p1|Metagross, L50|
|poke|p1|Whimsicott, L50, M|
|poke|p1|Ceruledge, L50, M|
|poke|p2|Delphox, L50, F|
|poke|p2|Sneasler, L50, M|
|poke|p2|Garchomp, L50, F|
|poke|p2|Maushold, L50|
|poke|p2|Kingambit, L50, F|
|poke|p2|Whimsicott, L50, F|
|teampreview|4
|showteam|p1|Staraptor||Staraptite|Intimidate|Protect,CloseCombat,BraveBird,Roost|Jolly||F|||50|]Farigiraf||SitrusBerry|ArmorTail|HelpingHand,Psychic,Thunderbolt,TrickRoom|Calm||F|||50|]Garchomp||LifeOrb|RoughSkin|Protect,StompingTantrum,RockSlide,DragonClaw|Jolly||F|||50|]Metagross||Metagrossite|ClearBody|Protect,IronHead,PsychicFangs,StompingTantrum|Adamant|||||50|]Whimsicott||FocusSash|Prankster|Moonblast,Tailwind,Charm,Encore|Timid||M|||50|]Ceruledge||ColburBerry|FlashFire|Protect,ShadowSneak,BitterBlade,BulkUp|Adamant||M|||50|
|showteam|p2|Delphox||Delphoxite|Blaze|HeatWave,Psyshock,NastyPlot,Protect|Timid||F|||50|]Sneasler||WhiteHerb|Unburden|FakeOut,DireClaw,CloseCombat,Protect|Adamant||M|||50|]Garchomp||LifeOrb|RoughSkin|Earthquake,DragonClaw,StompingTantrum,Protect|Jolly||F|||50|]Maushold||ChopleBerry|FriendGuard|FollowMe,Taunt,Feint,Protect|Jolly|||||50|]Kingambit||BlackGlasses|Defiant|IronHead,KowtowCleave,SuckerPunch,Protect|Adamant||F|||50|]Whimsicott||FocusSash|Prankster|Tailwind,Moonblast,Encore,Protect|Timid||F|||50|
|inactive|Battle timer is ON: inactive players will automatically lose when time's up. (requested by magicalarcher57)
|
|t:|1784558167
|teamsize|p1|4
|teamsize|p2|4
|start
|switch|p1a: Whimsicott|Whimsicott, L50, M|100/100
|switch|p1b: Garchomp|Garchomp, L50, F|100/100
|switch|p2a: Whimsicott|Whimsicott, L50, F|100/100
|switch|p2b: Delphox|Delphox, L50, F|100/100
|turn|1
|
|t:|1784558183
|detailschange|p2b: Delphox|Delphox-Mega, L50, F
|-mega|p2b: Delphox|Delphox|Delphoxite
|move|p1a: Whimsicott|Tailwind|p1a: Whimsicott
|-sidestart|p1: bcam1|move: Tailwind
|move|p1b: Garchomp|Rock Slide|p2a: Whimsicott|[spread] p2a,p2b
|-supereffective|p2b: Delphox|1
|-damage|p2a: Whimsicott|63/100
|-damage|p2b: Delphox|32/100
|-damage|p1b: Garchomp|90/100|[from] item: Life Orb
|move|p2b: Delphox|Heat Wave|p1b: Garchomp|[spread] p1a,p1b
|-supereffective|p1a: Whimsicott|1
|-resisted|p1b: Garchomp|1
|-enditem|p1a: Whimsicott|Focus Sash
|-damage|p1a: Whimsicott|1/100
|-damage|p1b: Garchomp|68/100
|move|p2a: Whimsicott|Moonblast|p1b: Garchomp
|-supereffective|p1b: Garchomp|1
|-damage|p1b: Garchomp|0 fnt
|faint|p1b: Garchomp
|
|upkeep
|
|t:|1784558192
|switch|p1b: Ceruledge|Ceruledge, L50, M|100/100
|turn|2
|
|t:|1784558201
|move|p2a: Whimsicott|Tailwind|p2a: Whimsicott
|-sidestart|p2: magicalarcher57|move: Tailwind
|move|p2b: Delphox|Psyshock|p1b: Ceruledge
|-damage|p1b: Ceruledge|47/100
|move|p1a: Whimsicott|Moonblast|p2a: Whimsicott
|-damage|p2a: Whimsicott|6/100
|move|p1b: Ceruledge|Bulk Up|p1b: Ceruledge
|-boost|p1b: Ceruledge|atk|1
|-boost|p1b: Ceruledge|def|1
|
|upkeep
|turn|3
|
|t:|1784558209
|move|p2a: Whimsicott|Encore|p1b: Ceruledge
|-start|p1b: Ceruledge|Encore
|move|p2b: Delphox|Psyshock|p1a: Whimsicott
|-damage|p1a: Whimsicott|0 fnt
|faint|p1a: Whimsicott
|move|p1b: Ceruledge|Bulk Up|p1b: Ceruledge
|-boost|p1b: Ceruledge|atk|1
|-boost|p1b: Ceruledge|def|1
|
|upkeep
|
|t:|1784558211
|switch|p1a: Metagross|Metagross, L50|100/100
|turn|4
|
|t:|1784558220
|detailschange|p1a: Metagross|Metagross-Mega, L50
|-mega|p1a: Metagross|Metagross|Metagrossite
|move|p2b: Delphox|Psyshock|p1b: Ceruledge
|-damage|p1b: Ceruledge|20/100y
|move|p2a: Whimsicott|Moonblast|p1b: Ceruledge
|-resisted|p1b: Ceruledge|1
|-damage|p1b: Ceruledge|4/100
|move|p1a: Metagross|Psychic Fangs|p2b: Delphox
|-resisted|p2b: Delphox|1
|-damage|p2b: Delphox|0 fnt
|faint|p2b: Delphox
|move|p1b: Ceruledge|Bulk Up|p1b: Ceruledge
|-boost|p1b: Ceruledge|atk|1
|-boost|p1b: Ceruledge|def|1
|
|-sideend|p1: bcam1|move: Tailwind
|upkeep
|
|t:|1784558226
|switch|p2b: Garchomp|Garchomp, L50, F|100/100
|turn|5
|
|t:|1784558237
|move|p2a: Whimsicott|Protect|p2a: Whimsicott
|-singleturn|p2a: Whimsicott|Protect
|move|p2b: Garchomp|Earthquake|p1a: Metagross|[spread] p1a,p1b
|-activate|p2a: Whimsicott|move: Protect
|-supereffective|p1a: Metagross|1
|-supereffective|p1b: Ceruledge|1
|-damage|p1a: Metagross|22/100
|-damage|p1b: Ceruledge|0 fnt
|faint|p1b: Ceruledge
|-damage|p2b: Garchomp|90/100|[from] item: Life Orb
|move|p1a: Metagross|Psychic Fangs|p2b: Garchomp
|-damage|p2b: Garchomp|17/100
|-damage|p1a: Metagross|9/100|[from] ability: Rough Skin|[of] p2b: Garchomp
|
|-sideend|p2: magicalarcher57|move: Tailwind
|upkeep
|turn|6
|inactive|magicalarcher57 has 30 seconds left.
|
|t:|1784558263
|move|p2a: Whimsicott|Tailwind|p2a: Whimsicott
|-sidestart|p2: magicalarcher57|move: Tailwind
|move|p2b: Garchomp|Stomping Tantrum|p1a: Metagross
|-supereffective|p1a: Metagross|1
|-damage|p1a: Metagross|0 fnt
|faint|p1a: Metagross
|-damage|p2b: Garchomp|7/100|[from] item: Life Orb
|
|win|magicalarcher57
