|j|☆EgoJJ
|j|☆Djogmacx
|html|EgoJJDjogmacx    
|uhtml|bestof|Game 1 of a best-of-3
|t:|1757196678
|gametype|doubles
|player|p1|EgoJJ|brock|1198
|player|p2|Djogmacx|veteran|1166
|gen|9
|tier|[Gen 9] VGC 2025 Reg H (Bo3)
|rated|
|rule|Species Clause: Limit one of each Pokémon
|rule|Item Clause: Limit 1 of each item
|clearpoke
|poke|p1|Zoroark-Hisui, L50, F|
|poke|p1|Indeedee-F, L50, F|
|poke|p1|Ursaluna, L50, F|
|poke|p1|Torkoal, L50, F|
|poke|p1|Exeggutor, L50, M|
|poke|p1|Gallade, L50, M|
|poke|p2|Dusclops, L50, M|
|poke|p2|Bronzong, L50|
|poke|p2|Rhyperior, L50, M|
|poke|p2|Tyranitar, L50, M|
|poke|p2|Farigiraf, L50, F|
|poke|p2|Archaludon, L50, M|
|teampreview|4
|showteam|p1|Zoroark-Hisui||ChoiceSpecs|Illusion|HyperBeam,HyperVoice,ShadowBall,FocusBlast|||F|||50|,,,,,Normal]Indeedee-F||RockyHelmet|PsychicSurge|Psychic,HelpingHand,FollowMe,TrickRoom|||F|||50|,,,,,Grass]Ursaluna||FlameOrb|Guts|Facade,HeadlongRush,Earthquake,Protect|||F|||50|,,,,,Ghost]Torkoal||Charcoal|Drought|Eruption,WeatherBall,ClearSmog,Protect|||F|||50|,,,,,Fire]Exeggutor||FocusSash|Chlorophyll|ExpandingForce,LeafStorm,SleepPowder,TrickRoom|||M|||50|,,,,,Psychic]Gallade||ScopeLens|Sharpness|SacredSword,PsychoCut,TrickRoom,WideGuard|||M|||50|,,,,,Grass
|showteam|p2|Dusclops||Eviolite|Pressure|TrickRoom,WillOWisp,PainSplit,Gravity|||M|||50|,,,,,Grass]Bronzong||CovertCloak|Levitate|Hypnosis,IronDefense,BodyPress,Protect||||||50|,,,,,Fighting]Rhyperior||AssaultVest|LightningRod|RockSlide,Earthquake,BreakingSwipe,HighHorsepower|||M|||50|,,,,,Grass]Tyranitar||ClearAmulet|SandStream|RockSlide,KnockOff,Protect,DragonDance|||M|||50|,,,,,Rock]Farigiraf||SitrusBerry|ArmorTail|TwinBeam,HelpingHand,Protect,TrickRoom|||F|||50|,,,,,Steel]Archaludon||PowerHerb|Stalwart|ElectroShot,DragonPulse,FlashCannon,Protect|||M|||50|,,,,,Electric
|inactive|Battle timer is ON: inactive players will automatically lose when time's up. (requested by EgoJJ)
|inactive|EgoJJ has 60 seconds left.
|inactive|Djogmacx has 60 seconds left.
|inactive|Djogmacx has 30 seconds left.
|inactive|EgoJJ has 30 seconds left.
|inactive|Djogmacx has 20 seconds left.
|inactive|Djogmacx has 15 seconds left.
|inactive|Djogmacx has 10 seconds left.
|inactive|Djogmacx has 5 seconds left.
|
|t:|1757196766
|teamsize|p1|4
|teamsize|p2|4
|start
|switch|p1a: Exeggutor|Exeggutor, L50, M|100/100
|switch|p1b: Indeedee|Indeedee-F, L50, F|100/100
|switch|p2a: Dusclops|Dusclops, L50, M|100/100
|switch|p2b: Bronzong|Bronzong, L50|100/100
|-fieldstart|move: Psychic Terrain|[from] ability: Psychic Surge|[of] p1b: Indeedee
|-ability|p2a: Dusclops|Pressure
|turn|1
|inactive|Djogmacx has 30 seconds left.
|
|t:|1757196791
|switch|p1b: Torkoal|Torkoal, L50, F|100/100
|-weather|SunnyDay|[from] ability: Drought|[of] p1b: Torkoal
|move|p2b: Bronzong|Protect|p2b: Bronzong
|-singleturn|p2b: Bronzong|Protect
|move|p1a: Exeggutor|Sleep Powder|p2b: Bronzong
|-activate|p2b: Bronzong|move: Protect
|move|p2a: Dusclops|Gravity|p2a: Dusclops
|-fieldstart|move: Gravity
|
|-weather|SunnyDay|[upkeep]
|upkeep
|turn|2
|inactive|EgoJJ has 30 seconds left.
|inactive|Djogmacx has 30 seconds left.
|inactive|Djogmacx has 20 seconds left.
|inactive|Djogmacx has 15 seconds left.
|inactive|Djogmacx has 10 seconds left.
|inactive|Djogmacx has 5 seconds left.
|
|t:|1757196843
|switch|p2b: Tyranitar|Tyranitar, L50, M|100/100
|-weather|Sandstorm|[from] ability: Sand Stream|[of] p2b: Tyranitar
|move|p1a: Exeggutor|Sleep Powder|p2a: Dusclops
|-status|p2a: Dusclops|slp|[from] move: Sleep Powder
|move|p1b: Torkoal|Eruption|p2a: Dusclops|[spread] p2a,p2b
|-resisted|p2b: Tyranitar
|-crit|p2b: Tyranitar
|-damage|p2a: Dusclops|65/100 slp
|-damage|p2b: Tyranitar|73/100
|cant|p2a: Dusclops|slp
|
|-weather|Sandstorm|[upkeep]
|-damage|p1a: Exeggutor|95/100|[from] Sandstorm
|-damage|p2a: Dusclops|59/100 slp|[from] Sandstorm
|-damage|p1b: Torkoal|94/100|[from] Sandstorm
|upkeep
|turn|3
|inactive|EgoJJ has 30 seconds left.
|inactive|Djogmacx has 30 seconds left.
|inactive|EgoJJ has 20 seconds left.
|inactive|Djogmacx has 20 seconds left.
|inactive|EgoJJ has 15 seconds left.
|inactive|Djogmacx has 15 seconds left.
|inactive|EgoJJ has 10 seconds left.
|inactive|EgoJJ has 5 seconds left.
|
|t:|1757196896
|switch|p1a: Ursaluna|Ursaluna, L50, F|100/100
|switch|p1b: Indeedee|Indeedee-F, L50, F|100/100
|move|p2b: Tyranitar|Knock Off|p1a: Ursaluna
|-damage|p1a: Ursaluna|60/100
|-enditem|p1a: Ursaluna|Flame Orb|[from] move: Knock Off|[of] p2b: Tyranitar
|cant|p2a: Dusclops|slp
|
|-weather|Sandstorm|[upkeep]
|-damage|p1b: Indeedee|94/100|[from] Sandstorm
|-damage|p2a: Dusclops|53/100 slp|[from] Sandstorm
|upkeep
|turn|4
|
|t:|1757196920
|move|p2b: Tyranitar|Knock Off|p1b: Indeedee
|-supereffective|p1b: Indeedee
|-damage|p1b: Indeedee|0 fnt
|-damage|p2b: Tyranitar|57/100|[from] item: Rocky Helmet|[of] p1b: Indeedee
|-enditem|p1b: Indeedee|Rocky Helmet|[from] move: Knock Off|[of] p2b: Tyranitar
|faint|p1b: Indeedee
|move|p1a: Ursaluna|Headlong Rush|p2b: Tyranitar
|-supereffective|p2b: Tyranitar
|-damage|p2b: Tyranitar|0 fnt
|-unboost|p1a: Ursaluna|def|1
|-unboost|p1a: Ursaluna|spd|1
|faint|p2b: Tyranitar
|-curestatus|p2a: Dusclops|slp|[msg]
|move|p2a: Dusclops|Trick Room|p2a: Dusclops
|-fieldstart|move: Trick Room|[of] p2a: Dusclops
|
|-weather|Sandstorm|[upkeep]
|-damage|p2a: Dusclops|47/100|[from] Sandstorm
|upkeep
|inactive|Djogmacx has 30 seconds left.
|inactive|Djogmacx has 20 seconds left.
|
|t:|1757196957
|switch|p1b: Torkoal|Torkoal, L50, F|94/100
|switch|p2b: Bronzong|Bronzong, L50|100/100
|-weather|SunnyDay|[from] ability: Drought|[of] p1b: Torkoal
|turn|5
|
|t:|1757196978
|-terastallize|p2b: Bronzong|Fighting
|-terastallize|p1a: Ursaluna|Ghost
|move|p1b: Torkoal|Eruption|p2b: Bronzong|[spread] p2a,p2b
|-damage|p2a: Dusclops|0 fnt
|-damage|p2b: Bronzong|38/100
|faint|p2a: Dusclops
|move|p2b: Bronzong|Hypnosis|p1a: Ursaluna
|-status|p1a: Ursaluna|slp|[from] move: Hypnosis
|cant|p1a: Ursaluna|slp
|
|-weather|SunnyDay|[upkeep]
|-fieldend|move: Gravity
|-fieldend|move: Psychic Terrain
|upkeep
|
|t:|1757196988
|switch|p2a: Rhyperior|Rhyperior, L50, M|100/100
|turn|6
|inactive|Djogmacx has 30 seconds left.
|
|t:|1757197017
|move|p1b: Torkoal|Protect|p1b: Torkoal
|-singleturn|p1b: Torkoal|Protect
|move|p2b: Bronzong|Protect|p2b: Bronzong
|-singleturn|p2b: Bronzong|Protect
|move|p2a: Rhyperior|Earthquake|p1b: Torkoal|[spread] p1a
|-activate|p2b: Bronzong|move: Protect
|-activate|p1b: Torkoal|move: Protect
|-damage|p1a: Ursaluna|9/100 slp
|cant|p1a: Ursaluna|slp
|
|-weather|SunnyDay|[upkeep]
|upkeep
|turn|7
|inactive|EgoJJ has 30 seconds left.
|
|t:|1757197047
|-curestatus|p1a: Ursaluna|slp|[msg]
|move|p1a: Ursaluna|Protect|p1a: Ursaluna
|-singleturn|p1a: Ursaluna|Protect
|move|p1b: Torkoal|Eruption|p2b: Bronzong|[spread] p2a,p2b
|-resisted|p2a: Rhyperior
|-damage|p2a: Rhyperior|73/100
|-damage|p2b: Bronzong|0 fnt
|faint|p2b: Bronzong
|move|p2a: Rhyperior|Earthquake|p1a: Ursaluna|[spread] p1b
|-activate|p1a: Ursaluna|move: Protect
|-supereffective|p1b: Torkoal
|-crit|p1b: Torkoal
|-damage|p1b: Torkoal|1/100
|
|-weather|SunnyDay|[upkeep]
|upkeep
|turn|8
|inactive|EgoJJ has 30 seconds left.
|
|t:|1757197074
|move|p1b: Torkoal|Weather Ball|p2a: Rhyperior
|-resisted|p2a: Rhyperior
|-damage|p2a: Rhyperior|47/100
|move|p2a: Rhyperior|Earthquake|p1b: Torkoal|[spread] p1a,p1b
|-supereffective|p1b: Torkoal
|-damage|p1a: Ursaluna|0 fnt
|-damage|p1b: Torkoal|0 fnt
|faint|p1a: Ursaluna
|faint|p1b: Torkoal
|
|-weather|SunnyDay|[upkeep]
|-fieldend|move: Trick Room
|upkeep
|
|t:|1757197079
|switch|p1b: Exeggutor|Exeggutor, L50, M|95/100
|turn|9
|
|t:|1757197098
|move|p1b: Exeggutor|Expanding Force|p2a: Rhyperior
|-damage|p2a: Rhyperior|16/100
|move|p2a: Rhyperior|Rock Slide|p1b: Exeggutor|[miss]
|-miss|p2a: Rhyperior|p1b: Exeggutor
|
|-weather|none
|upkeep
|turn|10
|
|t:|1757197105
|move|p1b: Exeggutor|Expanding Force|p2a: Rhyperior
|-damage|p2a: Rhyperior|0 fnt
|faint|p2a: Rhyperior
|
|win|EgoJJ
||Djogmacx is ready for game 2.
