|j|☆Cristante terabug
|j|☆SuperOinge22
|html|Cristante terabugSuperOinge22    
|uhtml|bestof|Game 3 of a best-of-3
|t:|1756126445
|gametype|doubles
|player|p1|Cristante terabug|kieran-champion|1251
|player|p2|SuperOinge22|mars|1349
|gen|9
|tier|[Gen 9] VGC 2025 Reg H (Bo3)
|rated|
|rule|Species Clause: Limit one of each Pokémon
|rule|Item Clause: Limit 1 of each item
|clearpoke
|poke|p1|Sneasler, L50, M|
|poke|p1|Volcarona, L50, M|
|poke|p1|Rillaboom, L50, F|
|poke|p1|Kommo-o, L50, M|
|poke|p1|Kingambit, L50, M|
|poke|p1|Basculegion, L50, M|
|poke|p2|Empoleon, L50, M|
|poke|p2|Salamence, L50, M|
|poke|p2|Meowscarada, L50, M|
|poke|p2|Garchomp, L50, F|
|poke|p2|Gholdengo, L50|
|poke|p2|Volcarona, L50, F|
|teampreview|4
|showteam|p1|Sneasler||GrassySeed|Unburden|CloseCombat,DireClaw,Coaching,Protect|||M|||50|,,,,,Stellar]Volcarona||CovertCloak|FlameBody|HeatWave,TeraBlast,QuiverDance,Protect|||M|||50|,,,,,Fairy]Rillaboom||AssaultVest|GrassySurge|FakeOut,GrassyGlide,DrumBeating,HighHorsepower|||F|||50|,,,,,Fire]Kommo-o||Leftovers|Overcoat|BodyPress,IronDefense,Flamethrower,Protect|||M|||50|,,,,,Fire]Kingambit||SafetyGoggles|Defiant|KowtowCleave,SuckerPunch,SwordsDance,Protect|||M|||50|,,,,,Dark]Basculegion||ChoiceScarf|Adaptability|WaveCrash,LastRespects,FlipTurn,TeraBlast|||M|||50|,,,,,Fighting
|showteam|p2|Empoleon||SitrusBerry|Competitive|WaterPledge,FlashCannon,Yawn,Protect|||M|||50|,,,,,Ghost]Salamence||EjectPack|Intimidate|DracoMeteor,AirSlash,Tailwind,Protect|||M|||50|,,,,,Fire]Meowscarada||FocusSash|Overgrow|FlowerTrick,KnockOff,GrassPledge,Protect|||M|||50|,,,,,Grass]Garchomp||LifeOrb|RoughSkin|DragonClaw,Earthquake,StompingTantrum,Protect|||F|||50|,,,,,Ground]Gholdengo||MetalCoat|GoodasGold|MakeItRain,ShadowBall,NastyPlot,Protect||||||50|,,,,,Water]Volcarona||CovertCloak|FlameBody|Overheat,HeatWave,RagePowder,Tailwind|||F|||50|,,,,,Grass
|inactive|Battle timer is ON: inactive players will automatically lose when time's up. (requested by SuperOinge22)
|inactive|Cristante terabug has 60 seconds left.
|inactive|Cristante terabug has 30 seconds left.
|inactive|Cristante terabug has 20 seconds left.
|inactive|Cristante terabug has 15 seconds left.
|
|t:|1756126523
|teamsize|p1|4
|teamsize|p2|4
|start
|switch|p1a: Sneasler|Sneasler, L50, M|100/100
|switch|p1b: Volcarona|Volcarona, L50, M|100/100
|switch|p2a: Empoleon|Empoleon, L50, M|100/100
|switch|p2b: Volcarona|Volcarona, L50, F|100/100
|turn|1
|
|t:|1756126540
|-terastallize|p2a: Empoleon|Ghost
|move|p1a: Sneasler|Dire Claw|p2b: Volcarona
|-crit|p2b: Volcarona
|-damage|p2b: Volcarona|35/100
|move|p1b: Volcarona|Heat Wave|p2a: Empoleon|[spread] p2a,p2b
|-damage|p2a: Empoleon|70/100
|-damage|p2b: Volcarona|5/100
|move|p2b: Volcarona|Heat Wave|p1b: Volcarona|[spread] p1a,p1b
|-damage|p1a: Sneasler|58/100
|-damage|p1b: Volcarona|68/100
|move|p2a: Empoleon|Yawn|p1b: Volcarona
|-start|p1b: Volcarona|move: Yawn|[of] p2a: Empoleon
|
|upkeep
|turn|2
|inactive|Cristante terabug has 30 seconds left.
|
|t:|1756126569
|switch|p1b: Kingambit|Kingambit, L50, M|100/100
|switch|p2b: Gholdengo|Gholdengo, L50|100/100
|move|p1a: Sneasler|Dire Claw|p2b: Gholdengo
|-immune|p2b: Gholdengo
|move|p2a: Empoleon|Yawn|p1b: Kingambit
|-start|p1b: Kingambit|move: Yawn|[of] p2a: Empoleon
|
|upkeep
|turn|3
|
|t:|1756126592
|switch|p2a: Garchomp|Garchomp, L50, F|100/100
|switch|p1b: Rillaboom|Rillaboom, L50, F|100/100
|-fieldstart|move: Grassy Terrain|[from] ability: Grassy Surge|[of] p1b: Rillaboom
|-enditem|p1a: Sneasler|Grassy Seed
|-boost|p1a: Sneasler|def|1|[from] item: Grassy Seed
|move|p2b: Gholdengo|Protect|p2b: Gholdengo
|-singleturn|p2b: Gholdengo|Protect
|move|p1a: Sneasler|Dire Claw|p2a: Garchomp
|-resisted|p2a: Garchomp
|-damage|p2a: Garchomp|79/100
|-status|p2a: Garchomp|slp
|-damage|p1a: Sneasler|45/100|[from] ability: Rough Skin|[of] p2a: Garchomp
|
|-heal|p1a: Sneasler|51/100|[from] Grassy Terrain
|-heal|p2a: Garchomp|85/100 slp|[from] Grassy Terrain
|upkeep
|turn|4
|
|t:|1756126614
|switch|p2b: Volcarona|Volcarona, L50, F|5/100
|move|p1a: Sneasler|Coaching|p1b: Rillaboom
|-boost|p1b: Rillaboom|atk|1
|-boost|p1b: Rillaboom|def|1
|cant|p2a: Garchomp|slp
|move|p1b: Rillaboom|High Horsepower|p2b: Volcarona
|-damage|p2b: Volcarona|0 fnt
|faint|p2b: Volcarona
|
|-heal|p1a: Sneasler|57/100|[from] Grassy Terrain
|-heal|p2a: Garchomp|91/100 slp|[from] Grassy Terrain
|upkeep
|
|t:|1756126624
|switch|p2b: Gholdengo|Gholdengo, L50|100/100
|turn|5
|
|t:|1756126638
|move|p1a: Sneasler|Close Combat|p2a: Garchomp
|-damage|p2a: Garchomp|22/100 slp
|-unboost|p1a: Sneasler|def|1
|-unboost|p1a: Sneasler|spd|1
|-damage|p1a: Sneasler|45/100|[from] ability: Rough Skin|[of] p2a: Garchomp
|-curestatus|p2a: Garchomp|slp|[msg]
|move|p2a: Garchomp|Dragon Claw|p1b: Rillaboom
|-damage|p1b: Rillaboom|61/100
|-damage|p2a: Garchomp|13/100|[from] item: Life Orb
|move|p1b: Rillaboom|Drum Beating|p2a: Garchomp
|-damage|p2a: Garchomp|0 fnt
|faint|p2a: Garchomp
|move|p2b: Gholdengo|Make It Rain|p1a: Sneasler|[spread] p1a,p1b
|-damage|p1a: Sneasler|0 fnt
|-damage|p1b: Rillaboom|13/100
|-unboost|p2b: Gholdengo|spa|1
|faint|p1a: Sneasler
|
|-heal|p1b: Rillaboom|19/100|[from] Grassy Terrain
|upkeep
|
|t:|1756126655
|switch|p2a: Empoleon|Empoleon, L50, M, tera:Ghost|70/100
|switch|p1a: Kingambit|Kingambit, L50, M|100/100
|turn|6
|inactive|Cristante terabug has 30 seconds left.
|
|t:|1756126688
|move|p1b: Rillaboom|Drum Beating|p2b: Gholdengo
|-resisted|p2b: Gholdengo
|-damage|p2b: Gholdengo|67/100
|-unboost|p2b: Gholdengo|spe|1
|move|p2b: Gholdengo|Shadow Ball|p1b: Rillaboom
|-damage|p1b: Rillaboom|0 fnt
|faint|p1b: Rillaboom
|move|p2a: Empoleon|Yawn|p1a: Kingambit
|-start|p1a: Kingambit|move: Yawn|[of] p2a: Empoleon
|move|p1a: Kingambit|Kowtow Cleave|p2a: Empoleon
|-supereffective|p2a: Empoleon
|-damage|p2a: Empoleon|0 fnt
|faint|p2a: Empoleon
|
|-heal|p2b: Gholdengo|73/100|[from] Grassy Terrain
|upkeep
|
|t:|1756126697
|switch|p1b: Volcarona|Volcarona, L50, M|68/100
|turn|7
|
|t:|1756126705
|move|p2b: Gholdengo|Protect|p2b: Gholdengo
|-singleturn|p2b: Gholdengo|Protect
|move|p1b: Volcarona|Quiver Dance|p1b: Volcarona
|-boost|p1b: Volcarona|spa|1
|-boost|p1b: Volcarona|spd|1
|-boost|p1b: Volcarona|spe|1
|move|p1a: Kingambit|Kowtow Cleave|p2b: Gholdengo
|-activate|p2b: Gholdengo|move: Protect
|
|-heal|p1b: Volcarona|74/100|[from] Grassy Terrain
|-heal|p2b: Gholdengo|79/100|[from] Grassy Terrain
|-end|p1a: Kingambit|move: Yawn|[silent]
|-status|p1a: Kingambit|slp
|-fieldend|move: Grassy Terrain
|upkeep
|turn|8
|
|t:|1756126711
|cant|p1a: Kingambit|slp
|move|p1b: Volcarona|Heat Wave|p2b: Gholdengo
|-supereffective|p2b: Gholdengo
|-damage|p2b: Gholdengo|0 fnt
|faint|p2b: Gholdengo
|
|win|Cristante terabug
|raw|Cristante terabug's rating: 1251 → 1283(+32 for winning)
|raw|SuperOinge22's rating: 1349 → 1324(-25 for losing)
