|j|â˜†ZeGaboVGC
|j|â˜†MizzleWaterCooler
|html|ZeGaboVGCMizzleWaterCooler    
|uhtml|bestof|Game 1 of a best-of-3
|t:|1756300705
|gametype|doubles
|player|p1|ZeGaboVGC|benga|1167
|player|p2|MizzleWaterCooler|brycen|1097
|gen|9
|tier|[Gen 9] VGC 2025 Reg H (Bo3)
|rated|
|rule|Species Clause: Limit one of each PokÃ©mon
|rule|Item Clause: Limit 1 of each item
|clearpoke
|poke|p1|Incineroar, L50, F|
|poke|p1|Amoonguss, L50, F|
|poke|p1|Ursaluna-Bloodmoon, L50, M|
|poke|p1|Sneasler, L50, F|
|poke|p1|Gholdengo, L50|
|poke|p1|Dragonite, L50, M|
|poke|p2|Ursaluna-Bloodmoon, L50, M|
|poke|p2|Indeedee, L50, M|
|poke|p2|Sneasler, L50, M|
|poke|p2|Talonflame, L50, M|
|poke|p2|Incineroar, L50, M|
|poke|p2|Electabuzz, L50, M|
|teampreview|4
|showteam|p1|Incineroar||SafetyGoggles|Intimidate|FlareBlitz,KnockOff,PartingShot,FakeOut|||F|||50|,,,,,Ghost]Amoonguss||SitrusBerry|Regenerator|Spore,RagePowder,PollenPuff,Protect|||F|||50|,,,,,Dark]Ursaluna-Bloodmoon||AssaultVest|MindsEye|HyperVoice,BloodMoon,EarthPower,VacuumWave|||M|||50|,,,,,Water]Sneasler||FocusSash|Unburden|CloseCombat,DireClaw,ThroatChop,Protect|||F|||50|,,,,,Stellar]Gholdengo||LifeOrb|GoodasGold|MakeItRain,ShadowBall,NastyPlot,Protect||||||50|,,,,,Water]Dragonite||LoadedDice|Multiscale|ScaleShot,Tailwind,Haze,Protect|||M|||50|,,,,,Fairy
|showteam|p2|Ursaluna-Bloodmoon||LifeOrb|MindsEye|BloodMoon,EarthPower,HyperVoice,Protect|||M|||50|,,,,,Normal]Indeedee||FocusSash|PsychicSurge|ExpandingForce,HelpingHand,TrickRoom,Protect|||M|||50|,,,,,Psychic]Sneasler||PsychicSeed|Unburden|CloseCombat,DireClaw,ThroatChop,Protect|||M|||50|,,,,,Dark]Talonflame||CovertCloak|GaleWings|FlareBlitz,DualWingbeat,WillOWisp,Tailwind|||M|||50|,,,,,Fairy]Incineroar||SafetyGoggles|Intimidate|FlareBlitz,KnockOff,PartingShot,FakeOut|||M|||50|,,,,,Ghost]Electabuzz||Eviolite|VitalSpirit|Electroweb,FollowMe,Taunt,Protect|||M|||50|,,,,,Dragon
|inactive|Battle timer is ON: inactive players will automatically lose when time's up. (requested by MizzleWaterCooler)
|inactive|ZeGaboVGC also wants the timer to be on.
|inactive|ZeGaboVGC has 60 seconds left.
|inactive|MizzleWaterCooler has 60 seconds left.
|inactive|MizzleWaterCooler has 30 seconds left.
|inactive|MizzleWaterCooler has 20 seconds left.
|
|t:|1756300777
|teamsize|p1|4
|teamsize|p2|4
|start
|switch|p1a: Dragonite|Dragonite, L50, M|100/100
|switch|p1b: Amoonguss|Amoonguss, L50, F|100/100
|switch|p2a: Talonflame|Talonflame, L50, M|100/100
|switch|p2b: Incineroar|Incineroar, L50, M|100/100
|-ability|p2b: Incineroar|Intimidate|boost
|-unboost|p1a: Dragonite|atk|1
|-unboost|p1b: Amoonguss|atk|1
|turn|1
|inactive|MizzleWaterCooler has 30 seconds left.
|inactive|ZeGaboVGC has 30 seconds left.
|inactive|MizzleWaterCooler has 20 seconds left.
|inactive|MizzleWaterCooler has 15 seconds left.
|inactive|MizzleWaterCooler has 10 seconds left.
|
|t:|1756300824
|move|p1a: Dragonite|Protect|p1a: Dragonite
|-singleturn|p1a: Dragonite|Protect
|move|p1b: Amoonguss|Protect|p1b: Amoonguss
|-singleturn|p1b: Amoonguss|Protect
|move|p2b: Incineroar|Fake Out|p1a: Dragonite
|-activate|p1a: Dragonite|move: Protect
|move|p2a: Talonflame|Tailwind|p2a: Talonflame
|-sidestart|p2: MizzleWaterCooler|move: Tailwind
|
|upkeep
|turn|2
|inactive|ZeGaboVGC has 30 seconds left.
|inactive|MizzleWaterCooler has 30 seconds left.
|inactive|ZeGaboVGC has 20 seconds left.
|inactive|MizzleWaterCooler has 20 seconds left.
|
|t:|1756300862
|-terastallize|p1b: Amoonguss|Dark
|move|p2a: Talonflame|Will-O-Wisp|p1a: Dragonite
|-status|p1a: Dragonite|brn
|move|p2b: Incineroar|Flare Blitz|p1b: Amoonguss
|-damage|p1b: Amoonguss|55/100
|-status|p1b: Amoonguss|brn
|-damage|p2b: Incineroar|83/100|[from] Recoil
|move|p1a: Dragonite|Tailwind|p1a: Dragonite
|-sidestart|p1: ZeGaboVGC|move: Tailwind
|move|p1b: Amoonguss|Spore|p2a: Talonflame
|-status|p2a: Talonflame|slp|[from] move: Spore
|
|-damage|p1a: Dragonite|95/100 brn|[from] brn
|-damage|p1b: Amoonguss|50/100 brn|[from] brn
|upkeep
|-enditem|p1b: Amoonguss|Sitrus Berry|[eat]
|-heal|p1b: Amoonguss|75/100 brn|[from] item: Sitrus Berry
|turn|3
|inactive|ZeGaboVGC has 30 seconds left.
|inactive|MizzleWaterCooler has 30 seconds left.
|
|t:|1756300896
|switch|p1b: Sneasler|Sneasler, L50, F|100/100
|cant|p2a: Talonflame|slp
|move|p1a: Dragonite|Scale Shot|p2a: Talonflame
|-damage|p2a: Talonflame|93/100 slp
|-damage|p2a: Talonflame|85/100 slp
|-damage|p2a: Talonflame|77/100 slp
|-damage|p2a: Talonflame|70/100 slp
|-damage|p2a: Talonflame|62/100 slp
|-hitcount|p2a: Talonflame|5
|-unboost|p1a: Dragonite|def|1
|-boost|p1a: Dragonite|spe|1
|move|p2b: Incineroar|Knock Off|p1a: Dragonite
|-damage|p1a: Dragonite|36/100 brn
|-enditem|p1a: Dragonite|Loaded Dice|[from] move: Knock Off|[of] p2b: Incineroar
|
|-damage|p1a: Dragonite|30/100 brn|[from] brn
|upkeep
|turn|4
|
|t:|1756300915
|move|p1a: Dragonite|Scale Shot|p2a: Talonflame
|-damage|p2a: Talonflame|54/100 slp
|-damage|p2a: Talonflame|47/100 slp
|-damage|p2a: Talonflame|39/100 slp
|-hitcount|p2a: Talonflame|3
|-unboost|p1a: Dragonite|def|1
|-boost|p1a: Dragonite|spe|1
|cant|p2a: Talonflame|slp
|move|p1b: Sneasler|Close Combat|p2b: Incineroar
|-supereffective|p2b: Incineroar
|-crit|p2b: Incineroar
|-damage|p2b: Incineroar|0 fnt
|-unboost|p1b: Sneasler|def|1
|-unboost|p1b: Sneasler|spd|1
|faint|p2b: Incineroar
|
|-damage|p1a: Dragonite|24/100 brn|[from] brn
|-sideend|p2: MizzleWaterCooler|move: Tailwind
|upkeep
|
|t:|1756300925
|switch|p2b: Indeedee|Indeedee, L50, M|100/100
|-fieldstart|move: Psychic Terrain|[from] ability: Psychic Surge|[of] p2b: Indeedee
|turn|5
|
|t:|1756300948
|move|p1a: Dragonite|Scale Shot|p2a: Talonflame
|-damage|p2a: Talonflame|31/100 slp
|-crit|p2a: Talonflame
|-damage|p2a: Talonflame|14/100 slp
|-damage|p2a: Talonflame|6/100 slp
|-damage|p2a: Talonflame|0 fnt
|faint|p2a: Talonflame
|-hitcount|p2: Talonflame|4
|-unboost|p1a: Dragonite|def|1
|-boost|p1a: Dragonite|spe|1
|move|p1b: Sneasler|Close Combat|p2b: Indeedee
|-enditem|p2b: Indeedee|Focus Sash
|-damage|p2b: Indeedee|1/100
|-unboost|p1b: Sneasler|def|1
|-unboost|p1b: Sneasler|spd|1
|move|p2b: Indeedee|Expanding Force|p1a: Dragonite|[spread] p1a,p1b
|-supereffective|p1b: Sneasler
|-damage|p1a: Dragonite|0 fnt
|-enditem|p1b: Sneasler|Focus Sash
|-damage|p1b: Sneasler|1/100
|faint|p1a: Dragonite
|
|-sideend|p1: ZeGaboVGC|move: Tailwind
|upkeep
|
|t:|1756300958
|switch|p2a: Ursaluna|Ursaluna-Bloodmoon, L50, M|100/100
|switch|p1a: Ursaluna|Ursaluna-Bloodmoon, L50, M|100/100
|turn|6
|inactive|MizzleWaterCooler has 30 seconds left.
|inactive|MizzleWaterCooler has 20 seconds left.
|inactive|MizzleWaterCooler has 15 seconds left.
|
|t:|1756301003
|switch|p1b: Amoonguss|Amoonguss, L50, F, tera:Dark|100/100 brn
|-terastallize|p2a: Ursaluna|Normal
|move|p2b: Indeedee|Protect|p2b: Indeedee
|-singleturn|p2b: Indeedee|Protect
|move|p2a: Ursaluna|Hyper Voice|p1a: Ursaluna|[spread] p1a,p1b
|-damage|p1a: Ursaluna|57/100
|-damage|p1b: Amoonguss|46/100 brn
|-damage|p2a: Ursaluna|91/100|[from] item: Life Orb
|move|p1a: Ursaluna|Hyper Voice|p2a: Ursaluna|[spread] p2a
|-activate|p2b: Indeedee|move: Protect
|-damage|p2a: Ursaluna|45/100
|
|-damage|p1b: Amoonguss|40/100 brn|[from] brn
|upkeep
|turn|7
|inactive|ZeGaboVGC has 30 seconds left.
|
|t:|1756301035
|move|p2b: Indeedee|Expanding Force|p1a: Ursaluna|[spread] p1a
|-immune|p1b: Amoonguss
|-damage|p1a: Ursaluna|25/100
|move|p2a: Ursaluna|Blood Moon|p1a: Ursaluna
|-damage|p1a: Ursaluna|0 fnt
|faint|p1a: Ursaluna
|-damage|p2a: Ursaluna|35/100|[from] item: Life Orb
|move|p1b: Amoonguss|Spore|p2a: Ursaluna
|-status|p2a: Ursaluna|slp|[from] move: Spore
|
|-damage|p1b: Amoonguss|34/100 brn|[from] brn
|upkeep
|
|t:|1756301038
|switch|p1a: Sneasler|Sneasler, L50, F|1/100
|turn|8
|inactive|ZeGaboVGC has 30 seconds left.
|
|t:|1756301064
|cant|p2a: Ursaluna|slp
|move|p1a: Sneasler|Close Combat|p2a: Ursaluna
|-supereffective|p2a: Ursaluna
|-damage|p2a: Ursaluna|0 fnt
|-unboost|p1a: Sneasler|def|1
|-unboost|p1a: Sneasler|spd|1
|faint|p2a: Ursaluna
|move|p2b: Indeedee|Expanding Force|p1b: Amoonguss|[spread] p1a
|-immune|p1b: Amoonguss
|-supereffective|p1a: Sneasler
|-damage|p1a: Sneasler|0 fnt
|faint|p1a: Sneasler
|move|p1b: Amoonguss|Pollen Puff|p2b: Indeedee
|-supereffective|p2b: Indeedee
|-damage|p2b: Indeedee|0 fnt
|faint|p2b: Indeedee
|
|win|ZeGaboVGC
||MizzleWaterCooler is ready for game 2.
|inactive|ZeGaboVGC has 30 seconds to confirm battle start!
||ZeGaboVGC is ready for game 2.
|uhtml|next|Next: Game 2 of 3
