|j|â˜†AleK97
|j|â˜†DubiousVGC
|html|AleK97DubiousVGC    
|uhtml|bestof|Game 1 of a best-of-3
|t:|1785153943
|gametype|doubles
|player|p1|AleK97|#smogonxnpa2026draftee2|
|player|p2|DubiousVGC|#umclisprigatitos|
|gen|9
|tier|[Gen 9 Champions] VGC 2026 Reg M-B (Bo3)
|rule|Species Clause: Limit one of each PokÃ©mon
|rule|Item Clause: Limit 1 of each item
|clearpoke
|poke|p1|Charizard, L50, F|
|poke|p1|Whimsicott, L50, F|
|poke|p1|Kingambit, L50, M|
|poke|p1|Basculegion, L50, M|
|poke|p1|Garchomp, L50, F|
|poke|p1|Floette-Eternal, L50, F|
|poke|p2|Garchomp, L50, M|
|poke|p2|Venusaur, L50, F|
|poke|p2|Incineroar, L50, F|
|poke|p2|Charizard, L50, M|
|poke|p2|Toxapex, L50, F|
|poke|p2|Annihilape, L50, F|
|teampreview|4
|showteam|p1|Charizard||CharizarditeY|Blaze|WeatherBall,Protect,HeatWave,SolarBeam|Modest||F|||50|]Whimsicott||FocusSash|Prankster|Moonblast,Tailwind,Encore,Protect|Timid||F|||50|]Kingambit||BlackGlasses|Defiant|KowtowCleave,SuckerPunch,Protect,LowKick|Adamant||M|||50|]Basculegion||MysticWater|Adaptability|WaveCrash,LastRespects,Protect,AquaJet|Adamant||M|||50|]Garchomp||LifeOrb|RoughSkin|Earthquake,Protect,DragonClaw,RockSlide|Jolly||F|||50|]Floette-Eternal||Floettite|FlowerVeil|Moonblast,DazzlingGleam,Protect,LightofRuin|Timid||F|||50|
|showteam|p2|Garchomp||ChoiceScarf|RoughSkin|Earthquake,DragonClaw,StompingTantrum,RockSlide|Adamant||M|||50|]Venusaur||LifeOrb|Chlorophyll|LeafStorm,SludgeBomb,EarthPower,Protect|Modest||F|||50|]Incineroar||SitrusBerry|Intimidate|FlareBlitz,PartingShot,Protect,FakeOut|Impish||F|||50|]Charizard||CharizarditeY|Blaze|HeatWave,WeatherBall,HelpingHand,Protect|Modest||M|||50|]Toxapex||Leftovers|Regenerator|Infestation,Toxic,WideGuard,BanefulBunker|Relaxed||F|||50|]Annihilape||FocusSash|Defiant|CloseCombat,PhantomForce,RockTomb,Protect|Jolly||F|||50|
|j| luca piscitelli
|j| Daneci
|c|â˜†DubiousVGC|luca piscitelli
|c|â˜†DubiousVGC|ho capito
|c|â˜†DubiousVGC|chi Ã¨ ahahahah
|c| luca piscitelli|cazzo vuoi capire
|c|â˜†DubiousVGC|luca cunel birillo
|c| Daneci|agamennone
|c|â˜†AleK97|Se non ti muovi metto il timer
|
|t:|1785154011
|teamsize|p1|4
|teamsize|p2|4
|start
|switch|p1a: Garchomp|Garchomp, L50, F|100/100
|switch|p1b: Kingambit|Kingambit, L50, M|100/100
|switch|p2a: Charizard|Charizard, L50, M|100/100
|switch|p2b: Toxapex|Toxapex, L50, F|100/100
|turn|1
|c|â˜†DubiousVGC|parte subito all'offensiva
|c|â˜†DubiousVGC|calmati
|c| Daneci|ricordiamo secondo la befana era a favore?
|
|t:|1785154038
|move|p2a: Charizard|Protect|p2a: Charizard
|-singleturn|p2a: Charizard|Protect
|move|p1b: Kingambit|Protect|p1b: Kingambit
|-singleturn|p1b: Kingambit|Protect
|move|p1a: Garchomp|Dragon Claw|p2a: Charizard
|-activate|p2a: Charizard|move: Protect
|move|p2b: Toxapex|Infestation|p1a: Garchomp
|-damage|p1a: Garchomp|96/100
|-activate|p1a: Garchomp|move: Infestation|[of] p2b: Toxapex
|-damage|p2b: Toxapex|87/100|[from] ability: Rough Skin|[of] p1a: Garchomp
|
|-heal|p2b: Toxapex|93/100|[from] item: Leftovers
|-damage|p1a: Garchomp|84/100|[from] move: Infestation|[partiallytrapped]
|upkeep
|turn|2
|j| GeniusVGC
|c| GeniusVGC|Ma basta con Kingambit Chomp
|c|â˜†DubiousVGC|eccolo
|c|â˜†DubiousVGC|Ã¨ arrivato il re
|c|â˜†DubiousVGC|se non ti muovi metto il timer...
|
|t:|1785154093
|detailschange|p2a: Charizard|Charizard-Mega-Y, L50, M
|-mega|p2a: Charizard|Charizard|Charizardite Y
|-weather|SunnyDay|[from] ability: Drought|[of] p2a: Charizard
|move|p2b: Toxapex|Wide Guard|p2b: Toxapex
|-singleturn|p2b: Toxapex|Wide Guard
|move|p1b: Kingambit|Sucker Punch|p2a: Charizard
|-damage|p2a: Charizard|57/100
|move|p1a: Garchomp|Dragon Claw|p2a: Charizard
|-damage|p2a: Charizard|12/100
|-damage|p1a: Garchomp|74/100|[from] item: Life Orb
|move|p2a: Charizard|Heat Wave|p1a: Garchomp|[spread] p1a,p1b
|-resisted|p1a: Garchomp|1
|-supereffective|p1b: Kingambit|1
|-damage|p1a: Garchomp|42/100
|-damage|p1b: Kingambit|0 fnt
|faint|p1b: Kingambit
|
|-weather|SunnyDay|[upkeep]
|-heal|p2b: Toxapex|99/100|[from] item: Leftovers
|-damage|p1a: Garchomp|30/100|[from] move: Infestation|[partiallytrapped]
|upkeep
|
|t:|1785154105
|switch|p1b: Basculegion|Basculegion, L50, M|100/100
|turn|3
|c| Daneci|the notorius
|c| Daneci|cooooonnor
|
|t:|1785154160
|move|p1a: Garchomp|Dragon Claw|p2a: Charizard
|-damage|p2a: Charizard|0 fnt
|faint|p2a: Charizard
|-damage|p1a: Garchomp|20/100y|[from] item: Life Orb
|move|p1b: Basculegion|Wave Crash|p2b: Toxapex
|-resisted|p2b: Toxapex|1
|-damage|p2b: Toxapex|84/100
|-damage|p1b: Basculegion|95/100|[from] Recoil
|move|p2b: Toxapex|Toxic|p1b: Basculegion
|-status|p1b: Basculegion|tox
|
|-weather|SunnyDay|[upkeep]
|-heal|p2b: Toxapex|90/100|[from] item: Leftovers
|-damage|p1b: Basculegion|89/100 tox|[from] psn
|-damage|p1a: Garchomp|8/100|[from] move: Infestation|[partiallytrapped]
|upkeep
|
|t:|1785154168
|switch|p2a: Incineroar|Incineroar, L50, F|100/100
|-ability|p2a: Incineroar|Intimidate|boost
|-unboost|p1a: Garchomp|atk|1
|-unboost|p1b: Basculegion|atk|1
|turn|4
|c| GeniusVGC|Alek ha perso
|
|t:|1785154178
|switch|p1b: Charizard|Charizard, L50, F|100/100
|move|p2a: Incineroar|Protect|p2a: Incineroar
|-singleturn|p2a: Incineroar|Protect
|move|p2b: Toxapex|Baneful Bunker|p2b: Toxapex
|-singleturn|p2b: Toxapex|move: Protect
|move|p1a: Garchomp|Earthquake|p2b: Toxapex|[spread] 
|-activate|p2a: Incineroar|move: Protect
|-activate|p2b: Toxapex|move: Protect
|-immune|p1b: Charizard
|
|-weather|SunnyDay|[upkeep]
|-heal|p2b: Toxapex|96/100|[from] item: Leftovers
|-damage|p1a: Garchomp|0 fnt|[from] move: Infestation|[partiallytrapped]
|faint|p1a: Garchomp
|upkeep
|
|t:|1785154185
|switch|p1a: Basculegion|Basculegion, L50, M|89/100 tox
|turn|5
|c| Daneci|grazie non ci eravamo arrivati
|c| GeniusVGC|Grande lead Kingambit Chomp
|c| GeniusVGC|Forza, ora porta Whimsicott e fammi vedere come vinci
|
|t:|1785154224
|detailschange|p1b: Charizard|Charizard-Mega-Y, L50, F
|-mega|p1b: Charizard|Charizard|Charizardite Y
|move|p1b: Charizard|Weather Ball|p2b: Toxapex
|-resisted|p2b: Toxapex|1
|-damage|p2b: Toxapex|63/100
|move|p1a: Basculegion|Last Respects|p2b: Toxapex
|-damage|p2b: Toxapex|2/100
|move|p2a: Incineroar|Parting Shot|p1b: Charizard
|-unboost|p1b: Charizard|atk|1
|-unboost|p1b: Charizard|spa|1
|
|t:|1785154233
|switch|p2a: Venusaur|Venusaur, L50, F|100/100|[from] Parting Shot
|move|p2b: Toxapex|Infestation|p1a: Basculegion
|-resisted|p1a: Basculegion|1
|-damage|p1a: Basculegion|88/100 tox
|-activate|p1a: Basculegion|move: Infestation|[of] p2b: Toxapex
|
|-weather|SunnyDay|[upkeep]
|-heal|p2b: Toxapex|8/100|[from] item: Leftovers
|-damage|p1a: Basculegion|82/100 tox|[from] psn
|-damage|p1a: Basculegion|69/100 tox|[from] move: Infestation|[partiallytrapped]
|upkeep
|turn|6
|c|â˜†DubiousVGC|LA PEC
|c| GeniusVGC|Solar Beam fa di piÃ¹ comunque
|c| GeniusVGC|In teoria
|c| GeniusVGC|Tipo 3/4% in piÃ¹
|c|â˜†DubiousVGC|con solar mi ammazzava
|c|â˜†DubiousVGC|ma avevo vinto uguale
|c| Daneci|entrava inci
|c|â˜†DubiousVGC|a meno di crit/miss di leaf storm
|c| Daneci|fakeout
|c| GeniusVGC|Si si chiaro
|c| Daneci|leafstorm
|
|t:|1785154282
|move|p2a: Venusaur|Protect|p2a: Venusaur
|-singleturn|p2a: Venusaur|Protect
|move|p1a: Basculegion|Protect|p1a: Basculegion
|-singleturn|p1a: Basculegion|Protect
|move|p2b: Toxapex|Baneful Bunker|p2b: Toxapex
|-singleturn|p2b: Toxapex|move: Protect
|move|p1b: Charizard|Heat Wave|p2b: Toxapex|[spread] 
|-activate|p2a: Venusaur|move: Protect
|-activate|p2b: Toxapex|move: Protect
|
|-weather|none
|-heal|p2b: Toxapex|14/100|[from] item: Leftovers
|-damage|p1a: Basculegion|57/100 tox|[from] psn
|-damage|p1a: Basculegion|45/100 tox|[from] move: Infestation|[partiallytrapped]
|upkeep
|turn|7
|c| GeniusVGC|Ma poi Leafstorm perchÃ© dovrebbe essere meglio di Sleep Powder
|c| GeniusVGC|CioÃ¨ buona solo in questo spot
|
|t:|1785154305
|-heal|p2b: Toxapex|47/100|[from] ability: Regenerator|[silent]
|switch|p2b: Incineroar|Incineroar, L50, F|100/100
|-ability|p2b: Incineroar|Intimidate|boost
|-unboost|p1a: Basculegion|atk|1
|-unboost|p1b: Charizard|atk|1
|move|p1a: Basculegion|Aqua Jet|p2b: Incineroar
|-supereffective|p2b: Incineroar|1
|-damage|p2b: Incineroar|68/100
|move|p2a: Venusaur|Earth Power|p1a: Basculegion
|-damage|p1a: Basculegion|5/100 tox
|-damage|p2a: Venusaur|90/100|[from] item: Life Orb
|move|p1b: Charizard|Weather Ball|p2b: Incineroar
|-crit|p2b: Incineroar
|-damage|p2b: Incineroar|42/100
|-enditem|p2b: Incineroar|Sitrus Berry|[eat]
|-heal|p2b: Incineroar|66/100|[from] item: Sitrus Berry
|
|-damage|p1a: Basculegion|0 fnt|[from] psn
|faint|p1a: Basculegion
|upkeep
|turn|8
|c| Daneci|perchÃ¨ shotta tutti i bulky water del formato
|-message|AleK97 forfeited.
|
|win|DubiousVGC
||AleK97 is ready for game 2.
||DubiousVGC is ready for game 2.
|uhtml|next|Next: Game 2 of 3
|c| Daneci|si va a g2
|j| Lorenzaooo
|l| luca piscitelli
|l| Daneci
|j| Jarona
|l| jarona
|j| Daneci
|l|â˜†AleK97
|player|p1|
|l| GeniusVGC
