|j|☆pokeopposition
|j|☆AguaDeVaso
|html|pokeoppositionAguaDeVaso    
|uhtml|bestof|Game 3 of a best-of-3
|t:|1783117626
|gametype|doubles
|player|p1|pokeopposition|silver|1116
|player|p2|AguaDeVaso|265|1055
|gen|9
|tier|[Gen 9 Champions] VGC 2026 Reg M-B (Bo3)
|rated|
|rule|Species Clause: Limit one of each Pokémon
|rule|Item Clause: Limit 1 of each item
|clearpoke
|poke|p1|Hatterene, L50, F, shiny|
|poke|p1|Hydrapple, L50, F, shiny|
|poke|p1|Incineroar, L50, M|
|poke|p1|Torkoal, L50, M, shiny|
|poke|p1|Farigiraf, L50, M, shiny|
|poke|p1|Camerupt, L50, F, shiny|
|poke|p2|Swampert, L50, M|
|poke|p2|Pelipper, L50, F|
|poke|p2|Sableye, L50, F|
|poke|p2|Metagross, L50|
|poke|p2|Rotom-Heat, L50|
|poke|p2|Sinistcha, L50|
|teampreview|4
|showteam|p1|Hatterene||LifeOrb|MagicBounce|DazzlingGleam,Psychic,TrickRoom,Protect|Quiet||F|||50|]Hydrapple||YacheBerry|Regenerator|FickleBeam,LeafStorm,EarthPower,Protect|Quiet||F|||50|]Incineroar||SitrusBerry|Intimidate|FakeOut,PartingShot,FlareBlitz,DarkestLariat|Relaxed||M|||50|]Torkoal||Charcoal|Drought|WeatherBall,Eruption,HelpingHand,Protect|Quiet||M|||50|]Farigiraf||MentalHerb|ArmorTail|Psychic,HelpingHand,TrickRoom,Protect|Relaxed||M|||50|]Camerupt||Cameruptite|SolidRock|AncientPower,FireBlast,Eruption,EarthPower|Quiet||F|||50|
|showteam|p2|Swampert||Swampertite|Torrent|WaveCrash,HighHorsepower,Protect,IcePunch|Jolly||M|||50|]Pelipper||FocusSash|Drizzle|Hurricane,Protect,Tailwind,WeatherBall|Serious||F|||50|]Sableye||RoseliBerry|Prankster|RainDance,Quash,Encore,WillOWisp|Careful||F|||50|]Metagross||Metagrossite|ClearBody|PsychicFangs,Protect,BulletPunch,MeteorMash|Jolly|||||50|]Rotom-Heat||ChoiceScarf|Levitate|VoltSwitch,Thunder,Overheat,Trick|Modest|||||50|]Sinistcha||SitrusBerry|Hospitality|TrickRoom,RagePowder,LifeDew,MatchaGotcha|Calm|||||50|
|inactive|Battle timer is ON: inactive players will automatically lose when time's up. (requested by AguaDeVaso)
|
|t:|1783117640
|teamsize|p1|4
|teamsize|p2|4
|start
|switch|p1a: Incineroar|Incineroar, L50, M|100/100
|switch|p1b: Farigiraf|Farigiraf, L50, M, shiny|100/100
|switch|p2a: Swampert|Swampert, L50, M|100/100
|switch|p2b: Pelipper|Pelipper, L50, F|100/100
|-weather|RainDance|[from] ability: Drizzle|[of] p2b: Pelipper
|-ability|p1a: Incineroar|Intimidate|boost
|-unboost|p2a: Swampert|atk|1
|-unboost|p2b: Pelipper|atk|1
|turn|1
|inactive|AguaDeVaso has 30 seconds left.
|inactive|AguaDeVaso has 20 seconds left.
|inactive|AguaDeVaso has 15 seconds left.
|inactive|AguaDeVaso has 10 seconds left.
|
|t:|1783117686
|detailschange|p2a: Swampert|Swampert-Mega, L50, M
|-mega|p2a: Swampert|Swampert|Swampertite
|move|p2a: Swampert|Ice Punch|p1a: Incineroar
|-resisted|p1a: Incineroar|1
|-damage|p1a: Incineroar|93/100
|move|p2b: Pelipper|Weather Ball|p1b: Farigiraf
|-damage|p1b: Farigiraf|37/100
|move|p1a: Incineroar|Parting Shot|p2a: Swampert
|-unboost|p2a: Swampert|atk|1
|-unboost|p2a: Swampert|spa|1
|
|t:|1783117694
|switch|p1a: Hydrapple|Hydrapple, L50, F, shiny|100/100|[from] Parting Shot
|move|p1b: Farigiraf|Trick Room|p1b: Farigiraf
|-fieldstart|move: Trick Room|[of] p1b: Farigiraf
|
|-weather|RainDance|[upkeep]
|upkeep
|turn|2
|
|t:|1783117713
|switch|p2a: Sinistcha|Sinistcha, L50|100/100
|move|p1a: Hydrapple|Fickle Beam|p2b: Pelipper
|-damage|p2b: Pelipper|34/100
|move|p1b: Farigiraf|Psychic|p2b: Pelipper
|-damage|p2b: Pelipper|0 fnt
|faint|p2b: Pelipper
|
|-weather|RainDance|[upkeep]
|upkeep
|
|t:|1783117723
|switch|p2b: Swampert|Swampert-Mega, L50, M|100/100
|turn|3
|
|t:|1783117743
|move|p2b: Swampert|Protect|p2b: Swampert
|-singleturn|p2b: Swampert|Protect
|move|p1a: Hydrapple|Fickle Beam|p2a: Sinistcha
|-damage|p2a: Sinistcha|67/100
|move|p1b: Farigiraf|Psychic|p2a: Sinistcha
|-damage|p2a: Sinistcha|31/100
|-enditem|p2a: Sinistcha|Sitrus Berry|[eat]
|-heal|p2a: Sinistcha|56/100|[from] item: Sitrus Berry
|move|p2a: Sinistcha|Trick Room|p2a: Sinistcha
|-fieldend|move: Trick Room
|
|-weather|RainDance|[upkeep]
|upkeep
|turn|4
|
|t:|1783117759
|move|p2b: Swampert|Wave Crash|p1b: Farigiraf
|-damage|p1b: Farigiraf|0 fnt
|faint|p1b: Farigiraf
|-damage|p2b: Swampert|84/100|[from] Recoil
|move|p2a: Sinistcha|Life Dew|p2a: Sinistcha|[spread] p2a,p2b
|-heal|p2a: Sinistcha|81/100
|-heal|p2b: Swampert|100/100
|move|p1a: Hydrapple|Leaf Storm|p2b: Swampert
|-supereffective|p2b: Swampert|2
|-damage|p2b: Swampert|0 fnt
|-unboost|p1a: Hydrapple|spa|2
|faint|p2b: Swampert
|
|-weather|RainDance|[upkeep]
|upkeep
|
|t:|1783117777
|switch|p2b: Rotom|Rotom-Heat, L50|100/100
|switch|p1b: Hatterene|Hatterene, L50, F, shiny|100/100
|turn|5
|
|t:|1783117786
|switch|p1a: Incineroar|Incineroar, L50, M|93/100
|-ability|p1a: Incineroar|Intimidate|boost
|-unboost|p2a: Sinistcha|atk|1
|-unboost|p2b: Rotom|atk|1
|move|p1b: Hatterene|Protect|p1b: Hatterene
|-singleturn|p1b: Hatterene|Protect
|move|p2a: Sinistcha|Rage Powder|p2a: Sinistcha
|-singleturn|p2a: Sinistcha|move: Rage Powder
|move|p2b: Rotom|Trick|p1b: Hatterene
|-activate|p1b: Hatterene|move: Protect
|
|-weather|none
|upkeep
|turn|6
|
|t:|1783117808
|switch|p1b: Hydrapple|Hydrapple, L50, F, shiny|100/100
|move|p1a: Incineroar|Fake Out|p2b: Rotom
|-damage|p2b: Rotom|84/100
|cant|p2b: Rotom|flinch
|move|p2a: Sinistcha|Trick Room|p2a: Sinistcha
|-fieldstart|move: Trick Room|[of] p2a: Sinistcha
|
|upkeep
|turn|7
|
|t:|1783117829
|move|p2a: Sinistcha|Rage Powder|p2a: Sinistcha
|-singleturn|p2a: Sinistcha|move: Rage Powder
|move|p1b: Hydrapple|Fickle Beam|p2b: Rotom
|-damage|p2b: Rotom|32/100
|move|p1a: Incineroar|Flare Blitz|p2a: Sinistcha
|-supereffective|p2a: Sinistcha|1
|-damage|p2a: Sinistcha|2/100
|-damage|p1a: Incineroar|70/100|[from] Recoil
|move|p2b: Rotom|Trick|p1b: Hydrapple
|-activate|p2b: Rotom|move: Trick|[of] p1b: Hydrapple
|-item|p1b: Hydrapple|Choice Scarf|[from] move: Trick
|-item|p2b: Rotom|Yache Berry|[from] move: Trick
|
|upkeep
|turn|8
|
|t:|1783117846
|move|p1a: Incineroar|Flare Blitz|p2a: Sinistcha
|-supereffective|p2a: Sinistcha|1
|-damage|p2a: Sinistcha|0 fnt
|faint|p2a: Sinistcha
|-damage|p1a: Incineroar|69/100|[from] Recoil
|move|p1b: Hydrapple|Fickle Beam|p2b: Rotom|[anim] Fickle Beam All Out
|-activate|p1b: Hydrapple|move: Fickle Beam
|-damage|p2b: Rotom|0 fnt
|faint|p2b: Rotom
|
|win|pokeopposition
|raw|pokeopposition's rating: 1116 → 1137(+21 for winning)
|raw|AguaDeVaso's rating: 1055 → 1040(-15 for losing)
|l|☆AguaDeVaso
|player|p2|
