|j|☆darkocin
|j|☆WowieKazowee
|html|darkocinWowieKazowee    
|uhtml|bestof|Game 2 of a best-of-3
|t:|1757148187
|gametype|doubles
|player|p1|darkocin|169|1131
|player|p2|WowieKazowee|idol|1133
|gen|9
|tier|[Gen 9] VGC 2025 Reg H (Bo3)
|rated|
|rule|Species Clause: Limit one of each Pokémon
|rule|Item Clause: Limit 1 of each item
|clearpoke
|poke|p1|Talonflame, L50, M|
|poke|p1|Gholdengo, L50|
|poke|p1|Dragonite, L50, M|
|poke|p1|Ursaluna-Bloodmoon, L50, M|
|poke|p1|Electabuzz, L50, M|
|poke|p1|Sinistcha, L50|
|poke|p2|Politoed, L50, F|
|poke|p2|Archaludon, L50, F|
|poke|p2|Basculegion, L50, M|
|poke|p2|Farigiraf, L50, M|
|poke|p2|Ursaluna, L50, F|
|poke|p2|Amoonguss, L50, M|
|teampreview|4
|showteam|p1|Talonflame||CovertCloak|GaleWings|DualWingbeat,FlareBlitz,WillOWisp,Tailwind|||M|||50|,,,,,Stellar]Gholdengo||MetalCoat|GoodasGold|MakeItRain,ShadowBall,NastyPlot,Protect||||||50|,,,,,Water]Dragonite||LoadedDice|Multiscale|ScaleShot,Tailwind,Haze,Protect|||M|||50|,,,,,Fairy]Ursaluna-Bloodmoon||LifeOrb|MindsEye|BloodMoon,HyperVoice,EarthPower,Protect|||M|||50|,,,,,Normal]Electabuzz||Eviolite|VitalSpirit|Electroweb,FollowMe,Taunt,Protect|||M|||50|,,,,,Ghost]Sinistcha||SitrusBerry|Hospitality|MatchaGotcha,RagePowder,StrengthSap,TrickRoom||||||50|,,,,,Water
|showteam|p2|Politoed||Leftovers|Drizzle|WeatherBall,HelpingHand,RainDance,Protect|||F|||50|,,,,,Grass]Archaludon||AssaultVest|Stamina|ElectroShot,DracoMeteor,FlashCannon,BodyPress|||F|||50|,,,,,Grass]Basculegion||MysticWater|SwiftSwim|WaveCrash,LastRespects,AquaJet,Protect|||M|||50|,,,,,Water]Farigiraf||MentalHerb|ArmorTail|FoulPlay,TrickRoom,HelpingHand,Protect|||M|||50|,,,,,Dark]Ursaluna||FlameOrb|Guts|Facade,HeadlongRush,SwordsDance,Protect|||F|||50|,,,,,Ghost]Amoonguss||RockyHelmet|Regenerator|Spore,RagePowder,PollenPuff,ClearSmog|||M|||50|,,,,,Water
|inactive|Battle timer is ON: inactive players will automatically lose when time's up. (requested by darkocin)
|
|t:|1757148213
|teamsize|p1|4
|teamsize|p2|4
|start
|switch|p1a: Ursaluna|Ursaluna-Bloodmoon, L50, M|100/100
|switch|p1b: Electabuzz|Electabuzz, L50, M|100/100
|switch|p2a: Politoed|Politoed, L50, F|100/100
|switch|p2b: Archaludon|Archaludon, L50, F|100/100
|-weather|RainDance|[from] ability: Drizzle|[of] p2a: Politoed
|turn|1
|
|t:|1757148235
|switch|p2a: Amoonguss|Amoonguss, L50, M|100/100
|move|p1b: Electabuzz|Follow Me|p1b: Electabuzz
|-singleturn|p1b: Electabuzz|move: Follow Me
|move|p2b: Archaludon|Draco Meteor|p1b: Electabuzz
|-damage|p1b: Electabuzz|45/100
|-unboost|p2b: Archaludon|spa|2
|move|p1a: Ursaluna|Earth Power|p2b: Archaludon
|-supereffective|p2b: Archaludon
|-damage|p2b: Archaludon|0 fnt
|faint|p2b: Archaludon
|-damage|p1a: Ursaluna|91/100|[from] item: Life Orb
|
|-weather|RainDance|[upkeep]
|upkeep
|
|t:|1757148248
|switch|p2b: Basculegion|Basculegion, L50, M|100/100
|turn|2
|
|t:|1757148259
|-terastallize|p1a: Ursaluna|Normal
|move|p1b: Electabuzz|Follow Me|p1b: Electabuzz
|-singleturn|p1b: Electabuzz|move: Follow Me
|move|p2a: Amoonguss|Rage Powder|p2a: Amoonguss
|-singleturn|p2a: Amoonguss|move: Rage Powder
|move|p2b: Basculegion|Wave Crash|p1b: Electabuzz
|-damage|p1b: Electabuzz|0 fnt
|faint|p1b: Electabuzz
|-damage|p2b: Basculegion|88/100|[from] Recoil
|move|p1a: Ursaluna|Blood Moon|p2a: Amoonguss
|-damage|p2a: Amoonguss|0 fnt
|faint|p2a: Amoonguss
|-damage|p1a: Ursaluna|81/100|[from] item: Life Orb
|
|-weather|RainDance|[upkeep]
|upkeep
|
|t:|1757148273
|switch|p1b: Sinistcha|Sinistcha, L50|100/100
|switch|p2a: Politoed|Politoed, L50, F|100/100
|-heal|p1a: Ursaluna|100/100|[from] ability: Hospitality|[of] p1b: Sinistcha
|turn|3
|
|t:|1757148288
|move|p1b: Sinistcha|Rage Powder|p1b: Sinistcha
|-singleturn|p1b: Sinistcha|move: Rage Powder
|move|p2b: Basculegion|Last Respects|p1b: Sinistcha
|-supereffective|p1b: Sinistcha
|-damage|p1b: Sinistcha|0 fnt
|faint|p1b: Sinistcha
|move|p1a: Ursaluna|Hyper Voice|p2b: Basculegion|[spread] p2a,p2b
|-damage|p2a: Politoed|30/100
|-damage|p2b: Basculegion|3/100
|-damage|p1a: Ursaluna|91/100|[from] item: Life Orb
|move|p2a: Politoed|Weather Ball|p1a: Ursaluna
|-damage|p1a: Ursaluna|25/100
|
|-weather|RainDance|[upkeep]
|-heal|p2a: Politoed|36/100|[from] item: Leftovers
|upkeep
|
|t:|1757148302
|switch|p1b: Gholdengo|Gholdengo, L50|100/100
|turn|4
|
|t:|1757148316
|move|p1b: Gholdengo|Protect|p1b: Gholdengo
|-singleturn|p1b: Gholdengo|Protect
|move|p1a: Ursaluna|Protect|p1a: Ursaluna
|-singleturn|p1a: Ursaluna|Protect
|move|p2b: Basculegion|Aqua Jet|p1a: Ursaluna
|-activate|p1a: Ursaluna|move: Protect
|move|p2a: Politoed|Weather Ball|p1b: Gholdengo
|-activate|p1b: Gholdengo|move: Protect
|
|-weather|RainDance|[upkeep]
|-heal|p2a: Politoed|43/100|[from] item: Leftovers
|upkeep
|turn|5
|
|t:|1757148334
|move|p2b: Basculegion|Wave Crash|p1b: Gholdengo
|-damage|p1b: Gholdengo|0 fnt
|faint|p1b: Gholdengo
|-damage|p2b: Basculegion|0 fnt|[from] Recoil
|faint|p2b: Basculegion
|move|p1a: Ursaluna|Hyper Voice|p2a: Politoed
|-damage|p2a: Politoed|0 fnt
|faint|p2a: Politoed
|-damage|p1a: Ursaluna|16/100|[from] item: Life Orb
|
|win|darkocin
|raw|darkocin's rating: 1131 → 1156(+25 for winning)
|raw|WowieKazowee's rating: 1133 → 1108(-25 for losing)
