|j|☆Vishalsankhla2205
|j|☆Rosarino
|html|Vishalsankhla2205Rosarino    
|uhtml|bestof|Game 1 of a best-of-3
|t:|1757794063
|gametype|doubles
|player|p1|Vishalsankhla2205|steven|1036
|player|p2|Rosarino|drayden|1015
|gen|9
|tier|[Gen 9] VGC 2025 Reg H (Bo3)
|rated|
|rule|Species Clause: Limit one of each Pokémon
|rule|Item Clause: Limit 1 of each item
|clearpoke
|poke|p1|Whimsicott, L50, M|
|poke|p1|Ursaluna, L50, M|
|poke|p1|Gardevoir, L50, M|
|poke|p1|Sneasler, L50, M|
|poke|p1|Amoonguss, L50, M|
|poke|p1|Indeedee-F, L50, F|
|poke|p2|Baxcalibur, L50, M|
|poke|p2|Magneton, L50|
|poke|p2|Indeedee-F, L50, F|
|poke|p2|Amoonguss, L50, F|
|poke|p2|Dragonite, L50, M|
|poke|p2|Ursaluna-Bloodmoon, L50, M|
|teampreview|4
|showteam|p1|Whimsicott||CovertCloak|Prankster|Taunt,Moonblast,Encore,Tailwind|||M|||50|,,,,,Grass]Ursaluna||FlameOrb|Guts|Protect,HeadlongRush,Earthquake,Facade|||M|||50|,,,,,Ground]Gardevoir||LifeOrb|Telepathy|Protect,DazzlingGleam,Moonblast,ExpandingForce|||M|||50|,,,,,Fairy]Sneasler||PsychicSeed|Unburden|DireClaw,CloseCombat,Protect,FakeOut|||M|||50|,,,,,Dark]Amoonguss||SitrusBerry|EffectSpore|Protect,PollenPuff,Spore,RagePowder|||M|||50|,,,,,Dark]Indeedee-F||SafetyGoggles|PsychicSurge|FollowMe,TrickRoom,PsychicTerrain,DazzlingGleam|||F|||50|,,,,,Psychic
|showteam|p2|Baxcalibur||AssaultVest|ThermalExchange|IceShard,GlaiveRush,HighHorsepower,AquaTail|||M|||50|,,,,,Water]Magneton||Eviolite|Sturdy|HelpingHand,Protect,Thunderbolt,FlashCannon||||||50|,,,,,Grass]Indeedee-F||SitrusBerry|PsychicSurge|TrickRoom,Psychic,Protect,FollowMe|||F|||50|,,,,,Fairy]Amoonguss||RockyHelmet|Regenerator|Spore,RagePowder,Protect,PollenPuff|||F|||50|,,,,,Fire]Dragonite||LoadedDice|InnerFocus|ExtremeSpeed,Protect,Haze,ScaleShot|||M|||50|,,,,,Normal]Ursaluna-Bloodmoon||ThroatSpray|MindsEye|HyperVoice,Protect,BloodMoon,EarthPower|||M|||50|,,,,,Normal
|inactive|Battle timer is ON: inactive players will automatically lose when time's up. (requested by Vishalsankhla2205)
|
|t:|1757794098
|teamsize|p1|4
|teamsize|p2|4
|start
|switch|p1a: Whimsicott|Whimsicott, L50, M|100/100
|switch|p1b: Gardevoir|Gardevoir, L50, M|100/100
|switch|p2a: Baxcalibur|Baxcalibur, L50, M|100/100
|switch|p2b: Amoonguss|Amoonguss, L50, F|100/100
|turn|1
|inactive|Vishalsankhla2205 has 30 seconds left.
|
|t:|1757794133
|-terastallize|p2a: Baxcalibur|Water
|move|p1b: Gardevoir|Protect|p1b: Gardevoir
|-singleturn|p1b: Gardevoir|Protect
|move|p2a: Baxcalibur|Ice Shard|p1a: Whimsicott
|-supereffective|p1a: Whimsicott
|-damage|p1a: Whimsicott|49/100
|move|p1a: Whimsicott|Taunt|p2b: Amoonguss
|-start|p2b: Amoonguss|move: Taunt
|cant|p2b: Amoonguss|move: Taunt|Spore
|
|upkeep
|turn|2
|inactive|Vishalsankhla2205 has 30 seconds left.
|inactive|Vishalsankhla2205 has 20 seconds left.
|
|t:|1757794171
|move|p2a: Baxcalibur|Aqua Tail|p1b: Gardevoir
|-damage|p1b: Gardevoir|3/100
|move|p1a: Whimsicott|Moonblast|p2a: Baxcalibur
|-damage|p2a: Baxcalibur|83/100
|-unboost|p2a: Baxcalibur|spa|1
|move|p1b: Gardevoir|Moonblast|p2a: Baxcalibur
|-damage|p2a: Baxcalibur|35/100
|-damage|p1b: Gardevoir|0 fnt|[from] item: Life Orb
|faint|p1b: Gardevoir
|move|p2b: Amoonguss|Pollen Puff|p1a: Whimsicott
|-damage|p1a: Whimsicott|24/100
|
|upkeep
|
|t:|1757794184
|switch|p1b: Sneasler|Sneasler, L50, M|100/100
|turn|3
|
|t:|1757794199
|switch|p1a: Amoonguss|Amoonguss, L50, M|100/100
|move|p1b: Sneasler|Dire Claw|p2a: Baxcalibur
|-damage|p2a: Baxcalibur|0 fnt
|faint|p2a: Baxcalibur
|move|p2b: Amoonguss|Pollen Puff|p2: Baxcalibur|[notarget]
|-fail|p2b: Amoonguss
|
|-end|p2b: Amoonguss|move: Taunt
|upkeep
|
|t:|1757794208
|switch|p2a: Dragonite|Dragonite, L50, M|100/100
|turn|4
|
|t:|1757794218
|move|p1b: Sneasler|Protect|p1b: Sneasler
|-singleturn|p1b: Sneasler|Protect
|move|p2a: Dragonite|Scale Shot|p1b: Sneasler
|-activate|p1b: Sneasler|move: Protect
|move|p2b: Amoonguss|Spore|p1b: Sneasler
|-activate|p1b: Sneasler|move: Protect
|move|p1a: Amoonguss|Spore|p2a: Dragonite
|-status|p2a: Dragonite|slp|[from] move: Spore
|
|upkeep
|turn|5
|
|t:|1757794243
|switch|p1b: Whimsicott|Whimsicott, L50, M|24/100
|cant|p2a: Dragonite|slp
|move|p2b: Amoonguss|Spore|p1b: Whimsicott
|-immune|p1b: Whimsicott
|move|p1a: Amoonguss|Pollen Puff|p1b: Whimsicott
|-heal|p1b: Whimsicott|74/100
|
|upkeep
|turn|6
|inactive|Rosarino has 30 seconds left.
|
|t:|1757794270
|move|p1b: Whimsicott|Taunt|p2b: Amoonguss
|-start|p2b: Amoonguss|move: Taunt
|-curestatus|p2a: Dragonite|slp|[msg]
|move|p2a: Dragonite|Scale Shot|p1a: Amoonguss
|-damage|p1a: Amoonguss|88/100
|-damage|p1a: Amoonguss|76/100
|-damage|p1a: Amoonguss|62/100
|-damage|p1a: Amoonguss|49/100
|-enditem|p1a: Amoonguss|Sitrus Berry|[eat]
|-heal|p1a: Amoonguss|74/100|[from] item: Sitrus Berry
|-hitcount|p1a: Amoonguss|4
|-unboost|p2a: Dragonite|def|1
|-boost|p2a: Dragonite|spe|1
|move|p1a: Amoonguss|Pollen Puff|p1b: Whimsicott
|-heal|p1b: Whimsicott|100/100
|move|p2b: Amoonguss|Pollen Puff|p1b: Whimsicott
|-damage|p1b: Whimsicott|78/100
|
|upkeep
|turn|7
|
|t:|1757794294
|move|p1b: Whimsicott|Tailwind|p1b: Whimsicott
|-sidestart|p1: Vishalsankhla2205|move: Tailwind
|move|p2a: Dragonite|Scale Shot|p1a: Amoonguss
|-crit|p1a: Amoonguss
|-damage|p1a: Amoonguss|55/100
|-damage|p1a: Amoonguss|43/100
|-damage|p1a: Amoonguss|30/100
|-crit|p1a: Amoonguss
|-damage|p1a: Amoonguss|11/100
|-hitcount|p1a: Amoonguss|4
|-unboost|p2a: Dragonite|def|1
|-boost|p2a: Dragonite|spe|1
|move|p1a: Amoonguss|Spore|p2a: Dragonite
|-status|p2a: Dragonite|slp|[from] move: Spore
|move|p2b: Amoonguss|Pollen Puff|p1a: Amoonguss
|-damage|p1a: Amoonguss|0 fnt
|faint|p1a: Amoonguss
|
|upkeep
|
|t:|1757794309
|switch|p1a: Sneasler|Sneasler, L50, M|100/100
|turn|8
|
|t:|1757794325
|move|p1a: Sneasler|Dire Claw|p2a: Dragonite
|-damage|p2a: Dragonite|0 fnt
|faint|p2a: Dragonite
|move|p1b: Whimsicott|Moonblast|p2b: Amoonguss
|-resisted|p2b: Amoonguss
|-damage|p2b: Amoonguss|90/100
|move|p2b: Amoonguss|Pollen Puff|p1b: Whimsicott
|-damage|p1b: Whimsicott|56/100
|
|-end|p2b: Amoonguss|move: Taunt
|upkeep
|
|t:|1757794339
|switch|p2a: Ursaluna|Ursaluna-Bloodmoon, L50, M|100/100
|turn|9
|
|t:|1757794351
|move|p1a: Sneasler|Protect|p1a: Sneasler
|-singleturn|p1a: Sneasler|Protect
|move|p2b: Amoonguss|Rage Powder|p2b: Amoonguss
|-singleturn|p2b: Amoonguss|move: Rage Powder
|move|p1b: Whimsicott|Taunt|p2b: Amoonguss
|-start|p2b: Amoonguss|move: Taunt
|move|p2a: Ursaluna|Hyper Voice|p1b: Whimsicott|[spread] p1b
|-activate|p1a: Sneasler|move: Protect
|-damage|p1b: Whimsicott|13/100
|-enditem|p2a: Ursaluna|Throat Spray
|-boost|p2a: Ursaluna|spa|1|[from] item: Throat Spray
|
|upkeep
|turn|10
|
|t:|1757794373
|move|p1b: Whimsicott|Encore|p2b: Amoonguss
|-start|p2b: Amoonguss|Encore
|move|p1a: Sneasler|Close Combat|p2a: Ursaluna
|-supereffective|p2a: Ursaluna
|-damage|p2a: Ursaluna|0 fnt
|-unboost|p1a: Sneasler|def|1
|-unboost|p1a: Sneasler|spd|1
|faint|p2a: Ursaluna
|cant|p2b: Amoonguss|move: Taunt|Rage Powder
|
|-sideend|p1: Vishalsankhla2205|move: Tailwind
|upkeep
|turn|11
|
|t:|1757794394
|move|p1a: Sneasler|Dire Claw|p2b: Amoonguss
|-damage|p2b: Amoonguss|47/100
|-damage|p1a: Sneasler|84/100|[from] item: Rocky Helmet|[of] p2b: Amoonguss
|move|p1b: Whimsicott|Moonblast|p2b: Amoonguss
|-resisted|p2b: Amoonguss
|-damage|p2b: Amoonguss|35/100
|-activate|p2b: Amoonguss|move: Struggle
|move|p2b: Amoonguss|Struggle|p1b: Whimsicott
|-damage|p1b: Whimsicott|6/100
|-damage|p2b: Amoonguss|11/100|[from] recoil
|
|upkeep
|turn|12
|
|t:|1757794407
|move|p1a: Sneasler|Dire Claw|p2b: Amoonguss
|-damage|p2b: Amoonguss|0 fnt
|-damage|p1a: Sneasler|68/100|[from] item: Rocky Helmet|[of] p2b: Amoonguss
|faint|p2b: Amoonguss
|
|win|Vishalsankhla2205
||Rosarino is ready for game 2.
||Vishalsankhla2205 is ready for game 2.
|uhtml|next|Next: Game 2 of 3
|l|☆Vishalsankhla2205
|player|p1|
