|j|☆masterhax3
|j|☆regalac3
|html|masterhax3regalac3    
|uhtml|bestof|Game 2 of a best-of-3
|t:|1757042594
|gametype|doubles
|player|p1|masterhax3|scientist-gen4dp|1090
|player|p2|regalac3|n|1183
|gen|9
|tier|[Gen 9] VGC 2025 Reg H (Bo3)
|rated|
|rule|Species Clause: Limit one of each Pokémon
|rule|Item Clause: Limit 1 of each item
|clearpoke
|poke|p1|Vivillon-Pokeball, L50, M|
|poke|p1|Garganacl, L50, F|
|poke|p1|Garchomp, L50, M|
|poke|p1|Gardevoir, L50, F|
|poke|p1|Dondozo, L50, M|
|poke|p1|Ninetales-Alola, L50, F|
|poke|p2|Pelipper, L50, F|
|poke|p2|Basculegion, L50, M|
|poke|p2|Archaludon, L50, M|
|poke|p2|Annihilape, L50, M|
|poke|p2|Rillaboom, L50, M|
|poke|p2|Maushold-Four, L50|
|teampreview|4
|showteam|p1|Vivillon-Pokeball||FocusSash|CompoundEyes|SleepPowder,Tailwind,Protect,Hurricane|||M|||50|,,,,,Ghost]Garganacl||MarangaBerry|PurifyingSalt|SaltCure,StealthRock,Protect,Recover|||F|||50|,,,,,Flying]Garchomp||LifeOrb|RoughSkin|Earthquake,DragonClaw,RockSlide,Protect|||M|||50|,,,,,Ground]Gardevoir||ChoiceScarf|Telepathy|Trick,Moonblast,Psychic,IcyWind|||F|||50|,,,,,Steel]Dondozo||Leftovers|Unaware|Liquidation,Yawn,Fissure,Protect|||M|||50|,,,,,Poison]Ninetales-Alola||NeverMeltIce|SnowWarning|Blizzard,FreezeDry,Protect,AuroraVeil|||F|||50|,,,,,Ice
|showteam|p2|Pelipper||FocusSash|Drizzle|Hurricane,WeatherBall,WideGuard,Protect|||F|||50|,,,,,Stellar]Basculegion||LifeOrb|SwiftSwim|WaveCrash,LastRespects,AquaJet,Protect|||M|||50|,,,,,Water]Archaludon||AssaultVest|Stamina|FlashCannon,DracoMeteor,ElectroShot,BodyPress|||M|||50|,,,,,Bug]Annihilape||Leftovers|Defiant|RageFist,DrainPunch,BulkUp,Protect|||M|||50|,,,,,Fire]Rillaboom||LoadedDice|GrassySurge|BulletSeed,GrassyGlide,HighHorsepower,FakeOut|||M|||50|,,,,,Water]Maushold-Four||SafetyGoggles|FriendGuard|BeatUp,FollowMe,Taunt,Protect||||||50|,,,,,Ghost
|inactive|Battle timer is ON: inactive players will automatically lose when time's up. (requested by regalac3)
|
|t:|1757042620
|teamsize|p1|4
|teamsize|p2|4
|start
|switch|p1a: Garchomp|Garchomp, L50, M|100/100
|switch|p1b: Gardevoir|Gardevoir, L50, F|100/100
|switch|p2a: Rillaboom|Rillaboom, L50, M|100/100
|switch|p2b: Archaludon|Archaludon, L50, M|100/100
|-fieldstart|move: Grassy Terrain|[from] ability: Grassy Surge|[of] p2a: Rillaboom
|turn|1
|
|t:|1757042639
|switch|p1a: Vivillon|Vivillon-Pokeball, L50, M|100/100
|-terastallize|p2b: Archaludon|Bug
|move|p2a: Rillaboom|Fake Out|p1b: Gardevoir
|-damage|p1b: Gardevoir|77/100
|cant|p1b: Gardevoir|flinch
|move|p2b: Archaludon|Draco Meteor|p1a: Vivillon|[miss]
|-miss|p2b: Archaludon|p1a: Vivillon
|
|-heal|p1b: Gardevoir|83/100|[from] Grassy Terrain
|upkeep
|turn|2
|inactive|regalac3 has 30 seconds left.
|
|t:|1757042668
|switch|p2b: Pelipper|Pelipper, L50, F|100/100
|-weather|RainDance|[from] ability: Drizzle|[of] p2b: Pelipper
|move|p1b: Gardevoir|Moonblast|p2a: Rillaboom
|-damage|p2a: Rillaboom|49/100
|-unboost|p2a: Rillaboom|spa|1
|move|p1a: Vivillon|Sleep Powder|p2b: Pelipper
|-status|p2b: Pelipper|slp|[from] move: Sleep Powder
|move|p2a: Rillaboom|Bullet Seed|p1b: Gardevoir
|-damage|p1b: Gardevoir|53/100
|-damage|p1b: Gardevoir|24/100
|-damage|p1b: Gardevoir|0 fnt
|faint|p1b: Gardevoir
|-hitcount|p1: Gardevoir|3
|
|-weather|RainDance|[upkeep]
|-heal|p2a: Rillaboom|55/100|[from] Grassy Terrain
|upkeep
|inactive|masterhax3 has 30 seconds left.
|
|t:|1757042695
|switch|p1b: Garchomp|Garchomp, L50, M|100/100
|turn|3
|
|t:|1757042714
|switch|p2a: Maushold|Maushold-Four, L50|100/100
|move|p1b: Garchomp|Rock Slide|p2b: Pelipper|[spread] p2a,p2b
|-supereffective|p2b: Pelipper
|-damage|p2a: Maushold|69/100
|-damage|p2b: Pelipper|50/100 slp
|-damage|p1b: Garchomp|91/100|[from] item: Life Orb
|move|p1a: Vivillon|Hurricane|p2a: Maushold
|-damage|p2a: Maushold|30/100
|cant|p2b: Pelipper|slp
|
|-weather|RainDance|[upkeep]
|-heal|p1b: Garchomp|97/100|[from] Grassy Terrain
|-heal|p2a: Maushold|36/100|[from] Grassy Terrain
|upkeep
|turn|4
|
|t:|1757042733
|move|p2a: Maushold|Protect|p2a: Maushold
|-singleturn|p2a: Maushold|Protect
|move|p1b: Garchomp|Rock Slide|p2b: Pelipper|[spread] p2b
|-activate|p2a: Maushold|move: Protect
|-supereffective|p2b: Pelipper
|-damage|p2b: Pelipper|0 fnt
|faint|p2b: Pelipper
|-damage|p1b: Garchomp|87/100|[from] item: Life Orb
|move|p1a: Vivillon|Tailwind|p1a: Vivillon
|-sidestart|p1: masterhax3|move: Tailwind
|
|-weather|RainDance|[upkeep]
|-heal|p1b: Garchomp|93/100|[from] Grassy Terrain
|-heal|p2a: Maushold|42/100|[from] Grassy Terrain
|upkeep
|
|t:|1757042740
|switch|p2b: Rillaboom|Rillaboom, L50, M|55/100
|turn|5
|
|t:|1757042765
|-terastallize|p1a: Vivillon|Ghost
|move|p1b: Garchomp|Protect|p1b: Garchomp
|-singleturn|p1b: Garchomp|Protect
|move|p2a: Maushold|Follow Me|p2a: Maushold
|-singleturn|p2a: Maushold|move: Follow Me
|move|p1a: Vivillon|Hurricane|p2a: Maushold
|-damage|p2a: Maushold|2/100
|move|p2b: Rillaboom|Bullet Seed|p1b: Garchomp
|-activate|p1b: Garchomp|move: Protect
|
|-weather|RainDance|[upkeep]
|-heal|p1b: Garchomp|99/100|[from] Grassy Terrain
|-heal|p2a: Maushold|8/100|[from] Grassy Terrain
|-heal|p2b: Rillaboom|61/100|[from] Grassy Terrain
|-fieldend|move: Grassy Terrain
|upkeep
|turn|6
|inactive|masterhax3 has 30 seconds left.
|inactive|masterhax3 has 20 seconds left.
|
|t:|1757042800
|switch|p2b: Archaludon|Archaludon, L50, M, tera:Bug|100/100
|move|p2a: Maushold|Protect|p2a: Maushold
|-singleturn|p2a: Maushold|Protect
|move|p1b: Garchomp|Rock Slide|p2b: Archaludon|[spread] p2b
|-activate|p2a: Maushold|move: Protect
|-supereffective|p2b: Archaludon
|-damage|p2b: Archaludon|72/100
|-ability|p2b: Archaludon|Stamina|boost
|-boost|p2b: Archaludon|def|1
|-damage|p1b: Garchomp|89/100|[from] item: Life Orb
|move|p1a: Vivillon|Hurricane|p2b: Archaludon
|-supereffective|p2b: Archaludon
|-damage|p2b: Archaludon|37/100
|-ability|p2b: Archaludon|Stamina|boost
|-boost|p2b: Archaludon|def|1
|
|-weather|none
|upkeep
|turn|7
|inactive|masterhax3 has 30 seconds left.
|
|t:|1757042831
|move|p2a: Maushold|Follow Me|p2a: Maushold
|-singleturn|p2a: Maushold|move: Follow Me
|move|p1b: Garchomp|Rock Slide|p2a: Maushold|[spread] p2a,p2b
|-supereffective|p2b: Archaludon
|-damage|p2a: Maushold|0 fnt
|-damage|p2b: Archaludon|22/100
|-ability|p2b: Archaludon|Stamina|boost
|-boost|p2b: Archaludon|def|1
|faint|p2a: Maushold
|-damage|p1b: Garchomp|79/100|[from] item: Life Orb
|move|p1a: Vivillon|Hurricane|p2b: Archaludon
|-supereffective|p2b: Archaludon
|-damage|p2b: Archaludon|0 fnt
|faint|p2b: Archaludon
|
|-sideend|p1: masterhax3|move: Tailwind
|upkeep
|-message|regalac3 forfeited.
|
|win|masterhax3
