|j|☆flubberbut
|j|☆takeshivgc-test
|html|flubberbuttakeshivgc-test    
|uhtml|bestof|Game 3 of a best-of-3
|t:|1754759359
|gametype|doubles
|player|p1|flubberbut|102|1227
|player|p2|takeshivgc-test|102|1233
|gen|9
|tier|[Gen 9] VGC 2025 Reg H (Bo3)
|rated|
|rule|Species Clause: Limit one of each Pokémon
|rule|Item Clause: Limit 1 of each item
|clearpoke
|poke|p1|Gholdengo, L50|
|poke|p1|Glimmora, L50, F|
|poke|p1|Talonflame, L50, M|
|poke|p1|Dragonite, L50, F|
|poke|p1|Dondozo, L50, M|
|poke|p1|Tatsugiri, L50, F|
|poke|p2|Armarouge, L50, M|
|poke|p2|Indeedee-F, L50, F|
|poke|p2|Torkoal, L50, M|
|poke|p2|Lilligant-Hisui, L50, F|
|poke|p2|Gallade, L50, M|
|poke|p2|Ursaluna, L50, M|
|teampreview|4
|showteam|p1|Gholdengo||ChoiceSpecs|GoodasGold|MakeItRain,ShadowBall,PowerGem,Thunderbolt||||||50|,,,,,Steel]Glimmora||PowerHerb|ToxicDebris|MeteorBeam,SludgeBomb,EarthPower,SpikyShield|||F|||50|,,,,,Grass]Talonflame||LifeOrb|GaleWings|BraveBird,FlareBlitz,Tailwind,Taunt|||M|||50|,,,,,Ghost]Dragonite||ChoiceBand|Multiscale|ExtremeSpeed,Outrage,AerialAce,Earthquake|||F|||50|,,,,,Normal]Dondozo||CovertCloak|Unaware|WaveCrash,Earthquake,OrderUp,Protect|||M|||50|,,,,,Dragon]Tatsugiri||FocusSash|Commander|DracoMeteor,MuddyWater,DragonPulse,Protect|||F|||50|,,,,,Stellar
|showteam|p2|Armarouge||PowerHerb|FlashFire|ArmorCannon,ExpandingForce,TrickRoom,MeteorBeam|||M|||50|,,,,,Grass]Indeedee-F||PsychicSeed|PsychicSurge|Psychic,HelpingHand,TrickRoom,FollowMe|||F|||50|,,,,,Fairy]Torkoal||Charcoal|Drought|Eruption,Protect,WeatherBall,HeatWave|||M|||50|,,,,,Fire]Lilligant-Hisui||FocusSash|Chlorophyll|CloseCombat,SolarBlade,SleepPowder,AfterYou|||F|||50|,,,,,Ghost]Gallade||ClearAmulet|Sharpness|PsychoCut,SacredSword,TrickRoom,WideGuard|||M|||50|,,,,,Fire]Ursaluna||FlameOrb|Guts|Facade,HeadlongRush,Earthquake,Protect|||M|||50|,,,,,Ghost
|inactive|Battle timer is ON: inactive players will automatically lose when time's up. (requested by flubberbut)
|
|t:|1754759382
|teamsize|p1|4
|teamsize|p2|4
|start
|switch|p1a: Gholdengo|Gholdengo, L50|100/100
|switch|p1b: Dondozo|Dondozo, L50, M|100/100
|switch|p2a: Torkoal|Torkoal, L50, M|100/100
|switch|p2b: Lilligant|Lilligant-Hisui, L50, F|100/100
|-weather|SunnyDay|[from] ability: Drought|[of] p2a: Torkoal
|turn|1
|inactive|flubberbut has 30 seconds left.
|inactive|takeshivgc-test has 30 seconds left.
|
|t:|1754759413
|switch|p2a: Indeedee|Indeedee-F, L50, F|100/100
|-fieldstart|move: Psychic Terrain|[from] ability: Psychic Surge|[of] p2a: Indeedee
|-enditem|p2a: Indeedee|Psychic Seed
|-boost|p2a: Indeedee|spd|1|[from] item: Psychic Seed
|move|p1b: Dondozo|Protect|p1b: Dondozo
|-singleturn|p1b: Dondozo|Protect
|move|p2b: Lilligant|Sleep Powder|p1b: Dondozo
|-activate|p1b: Dondozo|move: Protect
|move|p1a: Gholdengo|Make It Rain|p2a: Indeedee|[spread] p2a,p2b
|-crit|p2b: Lilligant
|-damage|p2a: Indeedee|53/100
|-enditem|p2b: Lilligant|Focus Sash
|-damage|p2b: Lilligant|1/100
|-unboost|p1a: Gholdengo|spa|1
|
|-weather|SunnyDay|[upkeep]
|upkeep
|turn|2
|inactive|flubberbut has 30 seconds left.
|inactive|takeshivgc-test has 30 seconds left.
|
|t:|1754759447
|-terastallize|p1b: Dondozo|Dragon
|move|p2b: Lilligant|After You|p2a: Indeedee
|-activate|p2a: Indeedee|move: After You
|move|p2a: Indeedee|Trick Room|p2a: Indeedee
|-fieldstart|move: Trick Room|[of] p2a: Indeedee
|move|p1b: Dondozo|Order Up|p2a: Indeedee
|-damage|p2a: Indeedee|17/100
|move|p1a: Gholdengo|Make It Rain|p2b: Lilligant|[spread] p2a,p2b
|-damage|p2a: Indeedee|0 fnt
|-damage|p2b: Lilligant|0 fnt
|-unboost|p1a: Gholdengo|spa|1
|faint|p2a: Indeedee
|faint|p2b: Lilligant
|
|-weather|SunnyDay|[upkeep]
|upkeep
|
|t:|1754759460
|switch|p2a: Torkoal|Torkoal, L50, M|100/100
|switch|p2b: Gallade|Gallade, L50, M|100/100
|turn|3
|
|t:|1754759472
|switch|p1a: Tatsugiri|Tatsugiri, L50, F|100/100
|-activate|p1a: Tatsugiri|ability: Commander|[of] p1b: Dondozo
|-boost|p1b: Dondozo|atk|2
|-boost|p1b: Dondozo|spa|2
|-boost|p1b: Dondozo|spe|2
|-boost|p1b: Dondozo|def|2
|-boost|p1b: Dondozo|spd|2
|-terastallize|p2a: Torkoal|Fire
|move|p1b: Dondozo|Protect|p1b: Dondozo
|-singleturn|p1b: Dondozo|Protect
|move|p2a: Torkoal|Eruption|p1a: Tatsugiri|[spread] 
|-miss|p2a: Torkoal|p1a: Tatsugiri
|-activate|p1b: Dondozo|move: Protect
|move|p2b: Gallade|Sacred Sword|p1b: Dondozo
|-activate|p1b: Dondozo|move: Protect
|
|-weather|SunnyDay|[upkeep]
|upkeep
|turn|4
|
|t:|1754759490
|move|p2a: Torkoal|Eruption|p1b: Dondozo|[spread] p1b
|-miss|p2a: Torkoal|p1a: Tatsugiri
|-resisted|p1b: Dondozo
|-damage|p1b: Dondozo|67/100
|move|p2b: Gallade|Sacred Sword|p1b: Dondozo
|-damage|p1b: Dondozo|11/100
|move|p1b: Dondozo|Order Up|p2b: Gallade
|-damage|p2b: Gallade|0 fnt
|faint|p2b: Gallade
|-boost|p1b: Dondozo|atk|1
|
|-weather|SunnyDay|[upkeep]
|upkeep
|turn|5
|c|☆flubberbut|gg
|
|t:|1754759502
|move|p1b: Dondozo|Protect|p1b: Dondozo
|-singleturn|p1b: Dondozo|Protect
|move|p2a: Torkoal|Eruption|p1b: Dondozo|[spread] 
|-miss|p2a: Torkoal|p1a: Tatsugiri
|-activate|p1b: Dondozo|move: Protect
|
|-weather|none
|-fieldend|move: Psychic Terrain
|upkeep
|turn|6
|c|☆takeshivgc-test|gg
|-message|takeshivgc-test forfeited.
|
|win|flubberbut
|raw|flubberbut's rating: 1227 → 1252(+25 for winning)
|raw|takeshivgc-test's rating: 1233 → 1208(-25 for losing)
|l|☆flubberbut
|player|p1|
