|j|☆Inkerious
|j|☆SabinoRaw
|html|InkeriousSabinoRaw    
|uhtml|bestof|Game 1 of a best-of-3
|t:|1786045212
|gametype|doubles
|player|p1|Inkerious|101|1187
|player|p2|SabinoRaw|noland-gen3|1114
|gen|9
|tier|[Gen 9 Champions] VGC 2026 Reg M-B (Bo3)
|rated|
|rule|Species Clause: Limit one of each Pokémon
|rule|Item Clause: Limit 1 of each item
|clearpoke
|poke|p1|Gholdengo, L50|
|poke|p1|Tyranitar, L50, M|
|poke|p1|Excadrill, L50, M|
|poke|p1|Milotic, L50, F|
|poke|p1|Staraptor, L50, M|
|poke|p1|Sinistcha, L50|
|poke|p2|Swampert, L50, M|
|poke|p2|Floette-Eternal, L50, F|
|poke|p2|Pelipper, L50, F|
|poke|p2|Grimmsnarl, L50, M|
|poke|p2|Sinistcha, L50|
|poke|p2|Archaludon, L50, F|
|teampreview|4
|showteam|p1|Gholdengo||LifeOrb|GoodasGold|MakeItRain,ShadowBall,NastyPlot,Protect|Modest|||||50|]Tyranitar||Tyranitarite|SandStream|RockSlide,KnockOff,HighHorsepower,Protect|Jolly||M|||50|]Excadrill||FocusSash|SandRush|IronHead,HighHorsepower,RockSlide,Protect|Jolly||M|||50|]Milotic||SitrusBerry|Competitive|Scald,IcyWind,Haze,Protect|Calm||F|||50|]Staraptor||Staraptite|Intimidate|CloseCombat,BraveBird,Tailwind,Protect|Jolly||M|||50|]Sinistcha||ColburBerry|Hospitality|MatchaGotcha,ShadowBall,RagePowder,Protect|Bold|||||50|
|showteam|p2|Swampert||Swampertite|Torrent|WaveCrash,Earthquake,IcePunch,Protect|Adamant||M|||50|]Floette-Eternal||Floettite|FlowerVeil|Moonblast,DazzlingGleam,CalmMind,Protect|Modest||F|||50|]Pelipper||SitrusBerry|Drizzle|Hurricane,WeatherBall,Tailwind,WideGuard|Modest||F|||50|]Grimmsnarl||LightClay|Prankster|LightScreen,Reflect,FoulPlay,PartingShot|Calm||M|||50|]Sinistcha||CobaBerry|Hospitality|MatchaGotcha,LifeDew,TrickRoom,RagePowder|Relaxed|||||50|]Archaludon||Leftovers|Stamina|ElectroShot,DragonPulse,FlashCannon,Protect|Modest||F|||50|
|inactive|Battle timer is ON: inactive players will automatically lose when time's up. (requested by Inkerious)
|inactive|Inkerious has 60 seconds left.
|inactive|SabinoRaw has 60 seconds left.
|inactive|Inkerious has 30 seconds left.
|
|t:|1786045277
|teamsize|p1|4
|teamsize|p2|4
|start
|switch|p1a: Sinistcha|Sinistcha, L50|100/100
|switch|p1b: Gholdengo|Gholdengo, L50|100/100
|switch|p2a: Floette|Floette-Eternal, L50, F|100/100
|switch|p2b: Grimmsnarl|Grimmsnarl, L50, M|100/100
|turn|1
|inactive|Inkerious has 30 seconds left.
|
|t:|1786045307
|detailschange|p2a: Floette|Floette-Mega, L50, F
|-mega|p2a: Floette|Floette|Floettite
|-ability|p2a: Floette|Fairy Aura
|move|p2b: Grimmsnarl|Light Screen|p2b: Grimmsnarl
|-sidestart|p2: SabinoRaw|move: Light Screen
|move|p2a: Floette|Calm Mind|p2a: Floette
|-boost|p2a: Floette|spa|1
|-boost|p2a: Floette|spd|1
|move|p1b: Gholdengo|Nasty Plot|p1b: Gholdengo
|-boost|p1b: Gholdengo|spa|2
|move|p1a: Sinistcha|Matcha Gotcha|p2b: Grimmsnarl|[spread] p2a,p2b
|-damage|p2a: Floette|90/100
|-damage|p2b: Grimmsnarl|86/100
|
|upkeep
|turn|2
|
|t:|1786045326
|switch|p2b: Pelipper|Pelipper, L50, F|100/100
|-weather|RainDance|[from] ability: Drizzle|[of] p2b: Pelipper
|move|p2a: Floette|Protect|p2a: Floette
|-singleturn|p2a: Floette|Protect
|move|p1b: Gholdengo|Make It Rain|p2b: Pelipper|[spread] p2b
|-activate|p2a: Floette|move: Protect
|-resisted|p2b: Pelipper|1
|-damage|p2b: Pelipper|54/100
|-unboost|p1b: Gholdengo|spa|2
|-damage|p1b: Gholdengo|90/100|[from] item: Life Orb
|move|p1a: Sinistcha|Matcha Gotcha|p2b: Pelipper|[spread] p2b
|-activate|p2a: Floette|move: Protect
|-damage|p2b: Pelipper|34/100
|-enditem|p2b: Pelipper|Sitrus Berry|[eat]
|-heal|p2b: Pelipper|59/100|[from] item: Sitrus Berry
|
|-weather|RainDance|[upkeep]
|upkeep
|turn|3
|
|t:|1786045348
|switch|p1a: Tyranitar|Tyranitar, L50, M|100/100
|-weather|Sandstorm|[from] ability: Sand Stream|[of] p1a: Tyranitar
|move|p2a: Floette|Dazzling Gleam|p1a: Tyranitar|[spread] p1a,p1b
|-supereffective|p1a: Tyranitar|1
|-resisted|p1b: Gholdengo|1
|-damage|p1a: Tyranitar|12/100
|-damage|p1b: Gholdengo|60/100
|move|p1b: Gholdengo|Nasty Plot|p1b: Gholdengo
|-boost|p1b: Gholdengo|spa|2
|move|p2b: Pelipper|Hurricane|p1a: Tyranitar
|-resisted|p1a: Tyranitar|1
|-damage|p1a: Tyranitar|0 fnt
|faint|p1a: Tyranitar
|
|-weather|Sandstorm|[upkeep]
|-damage|p2a: Floette|83/100|[from] Sandstorm
|-damage|p2b: Pelipper|53/100|[from] Sandstorm
|upkeep
|
|t:|1786045356
|switch|p1a: Staraptor|Staraptor, L50, M|100/100
|-ability|p1a: Staraptor|Intimidate|boost
|-unboost|p2a: Floette|atk|1
|-unboost|p2b: Pelipper|atk|1
|turn|4
|
|t:|1786045364
|switch|p2b: Grimmsnarl|Grimmsnarl, L50, M|86/100
|move|p2a: Floette|Protect|p2a: Floette
|-singleturn|p2a: Floette|Protect
|move|p1b: Gholdengo|Protect|p1b: Gholdengo
|-singleturn|p1b: Gholdengo|Protect
|move|p1a: Staraptor|Tailwind|p1a: Staraptor
|-sidestart|p1: Inkerious|move: Tailwind
|
|-weather|Sandstorm|[upkeep]
|-damage|p1a: Staraptor|94/100|[from] Sandstorm
|-damage|p2a: Floette|77/100|[from] Sandstorm
|-damage|p2b: Grimmsnarl|80/100|[from] Sandstorm
|upkeep
|turn|5
|
|t:|1786045382
|detailschange|p1a: Staraptor|Staraptor-Mega, L50, M
|-mega|p1a: Staraptor|Staraptor|Staraptite
|move|p1a: Staraptor|Close Combat|p2b: Grimmsnarl
|-damage|p2b: Grimmsnarl|16/100
|-boost|p1a: Staraptor|def|1
|-boost|p1a: Staraptor|spd|1
|move|p1b: Gholdengo|Make It Rain|p2b: Grimmsnarl|[spread] p2a,p2b
|-supereffective|p2a: Floette|1
|-supereffective|p2b: Grimmsnarl|1
|-damage|p2a: Floette|0 fnt
|-damage|p2b: Grimmsnarl|0 fnt
|-unboost|p1b: Gholdengo|spa|2
|faint|p2a: Floette
|faint|p2b: Grimmsnarl
|-damage|p1b: Gholdengo|51/100|[from] item: Life Orb
|
|-weather|Sandstorm|[upkeep]
|-damage|p1a: Staraptor|88/100|[from] Sandstorm
|upkeep
|
|t:|1786045398
|switch|p2a: Pelipper|Pelipper, L50, F|53/100
|switch|p2b: Archaludon|Archaludon, L50, F|100/100
|-weather|RainDance|[from] ability: Drizzle|[of] p2a: Pelipper
|turn|6
|
|t:|1786045406
|switch|p1b: Sinistcha|Sinistcha, L50|100/100
|-heal|p1a: Staraptor|100/100|[from] ability: Hospitality|[of] p1b: Sinistcha
|move|p2b: Archaludon|Protect|p2b: Archaludon
|-singleturn|p2b: Archaludon|Protect
|move|p1a: Staraptor|Close Combat|p2b: Archaludon
|-activate|p2b: Archaludon|move: Protect
|move|p2a: Pelipper|Hurricane|p1a: Staraptor
|-supereffective|p1a: Staraptor|1
|-damage|p1a: Staraptor|46/100
|-start|p1a: Staraptor|confusion
|
|-weather|RainDance|[upkeep]
|upkeep
|turn|7
|
|t:|1786045428
|move|p1b: Sinistcha|Rage Powder|p1b: Sinistcha
|-singleturn|p1b: Sinistcha|move: Rage Powder
|-activate|p1a: Staraptor|confusion
|move|p1a: Staraptor|Close Combat|p2b: Archaludon
|-supereffective|p2b: Archaludon|1
|-damage|p2b: Archaludon|25/100
|-boost|p1a: Staraptor|def|1
|-boost|p1a: Staraptor|spd|1
|-ability|p2b: Archaludon|Stamina|boost
|-boost|p2b: Archaludon|def|1
|move|p2b: Archaludon|Electro Shot||[still]
|-prepare|p2b: Archaludon|Electro Shot
|-boost|p2b: Archaludon|spa|1
|-anim|p2b: Archaludon|Electro Shot|p1b: Sinistcha
|-resisted|p1b: Sinistcha|1
|-damage|p1b: Sinistcha|66/100
|move|p2a: Pelipper|Hurricane|p1b: Sinistcha
|-supereffective|p1b: Sinistcha|1
|-damage|p1b: Sinistcha|0 fnt
|faint|p1b: Sinistcha
|
|-weather|RainDance|[upkeep]
|-heal|p2b: Archaludon|31/100|[from] item: Leftovers
|-sideend|p1: Inkerious|move: Tailwind
|upkeep
|
|t:|1786045436
|switch|p1b: Gholdengo|Gholdengo, L50|51/100
|turn|8
|
|t:|1786045453
|-activate|p1a: Staraptor|confusion
|-damage|p1a: Staraptor|40/100|[from] confusion
|move|p2b: Archaludon|Protect|p2b: Archaludon
|-singleturn|p2b: Archaludon|Protect
|move|p1b: Gholdengo|Shadow Ball|p2a: Pelipper
|-damage|p2a: Pelipper|12/100
|-unboost|p2a: Pelipper|spd|1
|-damage|p1b: Gholdengo|41/100|[from] item: Life Orb
|move|p2a: Pelipper|Hurricane|p1a: Staraptor
|-supereffective|p1a: Staraptor|1
|-crit|p1a: Staraptor
|-damage|p1a: Staraptor|0 fnt
|faint|p1a: Staraptor
|
|-weather|RainDance|[upkeep]
|-heal|p2b: Archaludon|38/100|[from] item: Leftovers
|-sideend|p2: SabinoRaw|move: Light Screen
|upkeep
|turn|9
|
|t:|1786045468
|move|p2a: Pelipper|Wide Guard|p2a: Pelipper
|-singleturn|p2a: Pelipper|Wide Guard
|move|p1b: Gholdengo|Make It Rain|p2a: Pelipper|[spread] 
|-activate|p2a: Pelipper|move: Wide Guard
|-activate|p2b: Archaludon|move: Wide Guard
|move|p2b: Archaludon|Electro Shot||[still]
|-prepare|p2b: Archaludon|Electro Shot
|-boost|p2b: Archaludon|spa|1
|-anim|p2b: Archaludon|Electro Shot|p1b: Gholdengo
|-damage|p1b: Gholdengo|0 fnt
|faint|p1b: Gholdengo
|
|win|SabinoRaw
||SabinoRaw is ready for game 2.
