|j|☆3rdPlaceTennis
|j|☆TREY_NJVGC
|html|3rdPlaceTennisTREY_NJVGC    
|uhtml|bestof|Game 3 of a best-of-3
|t:|1756612819
|gametype|doubles
|player|p1|3rdPlaceTennis|bugcatcher-gen4dp|1096
|player|p2|TREY_NJVGC|marlon|1021
|gen|9
|tier|[Gen 9] VGC 2025 Reg H (Bo3)
|rated|
|rule|Species Clause: Limit one of each Pokémon
|rule|Item Clause: Limit 1 of each item
|clearpoke
|poke|p1|Kommo-o, L50, M|
|poke|p1|Gothitelle, L50, M|
|poke|p1|Ninetales-Alola, L50, F|
|poke|p1|Incineroar, L50, F|
|poke|p1|Ursaluna, L50, F|
|poke|p1|Archaludon, L50, M|
|poke|p2|Golurk, L50|
|poke|p2|Torkoal, L50, M|
|poke|p2|Lilligant-Hisui, L50, F|
|poke|p2|Incineroar, L50, M|
|poke|p2|Indeedee-F, L50, F|
|poke|p2|Braviary-Hisui, L50, M|
|teampreview|4
|showteam|p1|Kommo-o||ThroatSpray|Soundproof|ClangingScales,Flamethrower,ClangorousSoul,Protect|||M|||50|,,,,,Fire]Gothitelle||Leftovers|ShadowTag|Protect,Psychic,TrickRoom,FakeOut|||M|||50|,,,,,Water]Ninetales-Alola||FocusSash|SnowWarning|Protect,Encore,Blizzard,IcyWind|||F|||50|,,,,,Ghost]Incineroar||SafetyGoggles|Intimidate|KnockOff,Taunt,FakeOut,PartingShot|||F|||50|,,,,,Ghost]Ursaluna||FlameOrb|Guts|Facade,HeadlongRush,Earthquake,Protect|||F|||50|,,,,,Fairy]Archaludon||PowerHerb|Sturdy|DracoMeteor,ElectroShot,Thunderbolt,Protect|||M|||50|,,,,,Electric
|showteam|p2|Golurk||IronBall|NoGuard|DynamicPunch,Protect,HeatCrash,Earthquake||||||50|,,,,,Fire]Torkoal||Charcoal|Drought|Eruption,Protect,HeatWave,EarthPower|||M|||50|,,,,,Fire]Lilligant-Hisui||FocusSash|Chlorophyll|IceSpinner,CloseCombat,LeafBlade,AfterYou|||F|||50|,,,,,Ghost]Incineroar||AssaultVest|Intimidate|FakeOut,KnockOff,Uturn,FlareBlitz|||M|||50|,,,,,Ghost]Indeedee-F||SafetyGoggles|PsychicSurge|FollowMe,TrickRoom,HelpingHand,Psychic|||F|||50|,,,,,Fairy]Braviary-Hisui||LifeOrb|SheerForce|Hurricane,ExpandingForce,Protect,HeatWave|||M|||50|,,,,,Psychic
|
|t:|1756612832
|teamsize|p1|4
|teamsize|p2|4
|start
|switch|p1a: Gothitelle|Gothitelle, L50, M|100/100
|switch|p1b: Incineroar|Incineroar, L50, F|100/100
|switch|p2a: Braviary|Braviary-Hisui, L50, M|100/100
|switch|p2b: Lilligant|Lilligant-Hisui, L50, F|100/100
|-ability|p1b: Incineroar|Intimidate|boost
|-unboost|p2a: Braviary|atk|1
|-unboost|p2b: Lilligant|atk|1
|turn|1
|
|t:|1756612873
|-terastallize|p2b: Lilligant|Ghost
|move|p2a: Braviary|Protect|p2a: Braviary
|-singleturn|p2a: Braviary|Protect
|move|p1b: Incineroar|Fake Out|p2b: Lilligant
|-immune|p2b: Lilligant
|move|p2b: Lilligant|Close Combat|p1b: Incineroar
|-supereffective|p1b: Incineroar
|-damage|p1b: Incineroar|31/100
|-unboost|p2b: Lilligant|def|1
|-unboost|p2b: Lilligant|spd|1
|move|p1a: Gothitelle|Psychic|p2b: Lilligant
|-damage|p2b: Lilligant|34/100
|
|upkeep
|turn|2
|
|t:|1756612974
|-terastallize|p1b: Incineroar|Ghost
|move|p2b: Lilligant|Ice Spinner|p1b: Incineroar
|-damage|p1b: Incineroar|15/100
|move|p1a: Gothitelle|Psychic|p2b: Lilligant
|-damage|p2b: Lilligant|0 fnt
|faint|p2b: Lilligant
|move|p1b: Incineroar|Knock Off|p2a: Braviary
|-supereffective|p2a: Braviary
|-damage|p2a: Braviary|1/100
|-enditem|p2a: Braviary|Life Orb|[from] move: Knock Off|[of] p1b: Incineroar
|move|p2a: Braviary|Hurricane|p1a: Gothitelle|[miss]
|-miss|p2a: Braviary|p1a: Gothitelle
|
|upkeep
|
|t:|1756612987
|switch|p2b: Indeedee|Indeedee-F, L50, F|100/100
|-fieldstart|move: Psychic Terrain|[from] ability: Psychic Surge|[of] p2b: Indeedee
|turn|3
|
|t:|1756612997
|move|p2b: Indeedee|Follow Me|p2b: Indeedee
|-singleturn|p2b: Indeedee|move: Follow Me
|move|p1a: Gothitelle|Psychic|p2b: Indeedee
|-resisted|p2b: Indeedee
|-damage|p2b: Indeedee|80/100
|move|p1b: Incineroar|Parting Shot|p2b: Indeedee
|-unboost|p2b: Indeedee|atk|1
|-unboost|p2b: Indeedee|spa|1
|
|t:|1756613002
|switch|p1b: Archaludon|Archaludon, L50, M|100/100|[from] Parting Shot
|move|p2a: Braviary|Expanding Force|p1b: Archaludon
|-resisted|p1b: Archaludon
|-damage|p1b: Archaludon|70/100
|
|upkeep
|turn|4
|
|t:|1756613025
|move|p2b: Indeedee|Follow Me|p2b: Indeedee
|-singleturn|p2b: Indeedee|move: Follow Me
|move|p1b: Archaludon|Electro Shot||[still]
|-prepare|p1b: Archaludon|Electro Shot
|-boost|p1b: Archaludon|spa|1
|-enditem|p1b: Archaludon|Power Herb
|-anim|p1b: Archaludon|Electro Shot|p2b: Indeedee
|-damage|p2b: Indeedee|20/100
|move|p1a: Gothitelle|Psychic|p2b: Indeedee
|-resisted|p2b: Indeedee
|-damage|p2b: Indeedee|1/100
|move|p2a: Braviary|Heat Wave|p1b: Archaludon|[spread] p1a,p1b
|-damage|p1a: Gothitelle|75/100
|-damage|p1b: Archaludon|25/100
|
|-heal|p1a: Gothitelle|82/100|[from] item: Leftovers
|upkeep
|turn|5
|
|t:|1756613042
|move|p2a: Braviary|Protect|p2a: Braviary
|-singleturn|p2a: Braviary|Protect
|move|p1b: Archaludon|Thunderbolt|p2b: Indeedee
|-damage|p2b: Indeedee|0 fnt
|faint|p2b: Indeedee
|move|p1a: Gothitelle|Psychic|p2a: Braviary
|-activate|p2a: Braviary|move: Protect
|
|-heal|p1a: Gothitelle|88/100|[from] item: Leftovers
|upkeep
|
|t:|1756613047
|switch|p2b: Torkoal|Torkoal, L50, M|100/100
|-weather|SunnyDay|[from] ability: Drought|[of] p2b: Torkoal
|turn|6
|
|t:|1756613054
|move|p1b: Archaludon|Draco Meteor|p2b: Torkoal
|-damage|p2b: Torkoal|0 fnt
|-unboost|p1b: Archaludon|spa|2
|faint|p2b: Torkoal
|move|p1a: Gothitelle|Psychic|p2a: Braviary
|-resisted|p2a: Braviary
|-damage|p2a: Braviary|0 fnt
|faint|p2a: Braviary
|
|win|3rdPlaceTennis
|raw|3rdPlaceTennis's rating: 1096 → 1116(+20 for winning)
|raw|TREY_NJVGC's rating: 1021 → 1011(-10 for losing)
