|j|☆Martzone
|j|☆MrGhost1724
|html|MartzoneMrGhost1724    
|uhtml|bestof|Game 1 of a best-of-3
|t:|1782207736
|gametype|doubles
|player|p1|Martzone|2|1096
|player|p2|MrGhost1724|hilbert|1188
|gen|9
|tier|[Gen 9 Champions] VGC 2026 Reg M-B (Bo3)
|rated|
|rule|Species Clause: Limit one of each Pokémon
|rule|Item Clause: Limit 1 of each item
|clearpoke
|poke|p1|Blaziken, L50, M|
|poke|p1|Metagross, L50|
|poke|p1|Whimsicott, L50, M|
|poke|p1|Hydreigon, L50, M|
|poke|p1|Farigiraf, L50, F|
|poke|p1|Basculegion, L50, M|
|poke|p2|Dragonite, L50, F|
|poke|p2|Sylveon, L50, F|
|poke|p2|Metagross, L50|
|poke|p2|Incineroar, L50, F|
|poke|p2|Farigiraf, L50, M|
|poke|p2|Basculegion, L50, M|
|teampreview|4
|showteam|p1|Blaziken||Blazikenite|SpeedBoost|CloseCombat,FlareBlitz,RockSlide,Protect|Adamant||M|||50|]Metagross||Metagrossite|ClearBody|PsychicFangs,IronHead,StompingTantrum,Protect|Jolly|||||50|]Whimsicott||FocusSash|Prankster|Moonblast,EnergyBall,Tailwind,Protect|Timid||M|||50|]Hydreigon||ChoiceScarf|Levitate|DracoMeteor,DarkPulse,Snarl,EarthPower|Modest||M|||50|]Farigiraf||SitrusBerry|ArmorTail|Psychic,Thunderbolt,Roar,TrickRoom|Bold||F|||50|]Basculegion||LifeOrb|Adaptability|LastRespects,WaveCrash,AquaJet,Protect|Adamant||M|||50|
|showteam|p2|Dragonite||Dragoninite|Multiscale|DragonPulse,Flamethrower,IceBeam,Protect|Modest||F|||50|]Sylveon||FairyFeather|Pixilate|HyperVoice,Protect,HyperBeam,Round|Modest||F|||50|]Metagross||Metagrossite|ClearBody|PsychicFangs,IronHead,StompingTantrum,Protect|Jolly|||||50|]Incineroar||SitrusBerry|Intimidate|FakeOut,PartingShot,ThroatChop,FlareBlitz|Careful||F|||50|]Farigiraf||LumBerry|ArmorTail|TrickRoom,Psychic,HelpingHand,Thunderbolt|Sassy||M|||50|]Basculegion||ChoiceScarf|SwiftSwim|FlipTurn,WaveCrash,LastRespects,AquaJet|Jolly||M|||50|
|inactive|Battle timer is ON: inactive players will automatically lose when time's up. (requested by MrGhost1724)
|inactive|Martzone has 60 seconds left.
|inactive|MrGhost1724 has 60 seconds left.
|
|t:|1782207774
|teamsize|p1|4
|teamsize|p2|4
|start
|switch|p1a: Metagross|Metagross, L50|100/100
|switch|p1b: Whimsicott|Whimsicott, L50, M|100/100
|switch|p2a: Sylveon|Sylveon, L50, F|100/100
|switch|p2b: Incineroar|Incineroar, L50, F|100/100
|-ability|p2b: Incineroar|Intimidate|boost
|-fail|p1a: Metagross|unboost|[from] ability: Clear Body|[of] p1a: Metagross
|-unboost|p1b: Whimsicott|atk|1
|turn|1
|
|t:|1782207795
|move|p1a: Metagross|Protect|p1a: Metagross
|-singleturn|p1a: Metagross|Protect
|move|p2b: Incineroar|Fake Out|p1b: Whimsicott
|-damage|p1b: Whimsicott|83/100
|cant|p1b: Whimsicott|flinch
|move|p2a: Sylveon|Hyper Voice|p1b: Whimsicott|[spread] p1b
|-activate|p1a: Metagross|move: Protect
|-damage|p1b: Whimsicott|0 fnt
|faint|p1b: Whimsicott
|
|upkeep
|
|t:|1782207802
|switch|p1b: Basculegion|Basculegion, L50, M|100/100
|turn|2
|inactive|MrGhost1724 has 30 seconds left.
|
|t:|1782207830
|switch|p2b: Dragonite|Dragonite, L50, F|100/100
|detailschange|p1a: Metagross|Metagross-Mega, L50
|-mega|p1a: Metagross|Metagross|Metagrossite
|move|p1a: Metagross|Iron Head|p2a: Sylveon
|-supereffective|p2a: Sylveon|1
|-damage|p2a: Sylveon|0 fnt
|faint|p2a: Sylveon
|move|p1b: Basculegion|Wave Crash|p2b: Dragonite
|-resisted|p2b: Dragonite|1
|-damage|p2b: Dragonite|71/100
|-damage|p1b: Basculegion|91/100|[from] Recoil
|-damage|p1b: Basculegion|81/100|[from] item: Life Orb
|
|upkeep
|
|t:|1782207838
|switch|p2a: Incineroar|Incineroar, L50, F|100/100
|-ability|p2a: Incineroar|Intimidate|boost
|-unboost|p1a: Metagross|atk|1
|-unboost|p1b: Basculegion|atk|1
|turn|3
|
|t:|1782207855
|switch|p2a: Basculegion|Basculegion, L50, M|100/100
|detailschange|p2b: Dragonite|Dragonite-Mega, L50, F
|-mega|p2b: Dragonite|Dragonite|Dragoninite
|move|p1a: Metagross|Protect|p1a: Metagross
|-singleturn|p1a: Metagross|Protect
|move|p2b: Dragonite|Dragon Pulse|p1b: Basculegion
|-damage|p1b: Basculegion|25/100
|move|p1b: Basculegion|Last Respects|p2b: Dragonite
|-damage|p2b: Dragonite|14/100
|-damage|p1b: Basculegion|16/100|[from] item: Life Orb
|
|upkeep
|turn|4
|
|t:|1782207876
|switch|p1a: Hydreigon|Hydreigon, L50, M|100/100
|move|p1b: Basculegion|Protect|p1b: Basculegion
|-singleturn|p1b: Basculegion|Protect
|move|p2a: Basculegion|Last Respects|p1b: Basculegion
|-activate|p1b: Basculegion|move: Protect
|move|p2b: Dragonite|Flamethrower|p1a: Hydreigon
|-resisted|p1a: Hydreigon|1
|-damage|p1a: Hydreigon|80/100
|
|upkeep
|turn|5
|
|t:|1782207893
|switch|p2a: Incineroar|Incineroar, L50, F|100/100
|-ability|p2a: Incineroar|Intimidate|boost
|-unboost|p1a: Hydreigon|atk|1
|-unboost|p1b: Basculegion|atk|1
|move|p1b: Basculegion|Aqua Jet|p2b: Dragonite
|-resisted|p2b: Dragonite|1
|-damage|p2b: Dragonite|6/100
|-damage|p1b: Basculegion|6/100|[from] item: Life Orb
|move|p1a: Hydreigon|Snarl|p2a: Incineroar|[spread] p2a,p2b
|-resisted|p2a: Incineroar|1
|-damage|p2a: Incineroar|91/100
|-damage|p2b: Dragonite|0 fnt
|-unboost|p2a: Incineroar|spa|1
|faint|p2b: Dragonite
|
|upkeep
|
|t:|1782207902
|switch|p2b: Basculegion|Basculegion, L50, M|100/100
|turn|6
|
|t:|1782207914
|switch|p1a: Metagross|Metagross-Mega, L50|100/100
|move|p2a: Incineroar|Fake Out|p1a: Metagross
|-resisted|p1a: Metagross|1
|-damage|p1a: Metagross|95/100
|move|p2b: Basculegion|Last Respects|p1a: Metagross
|-supereffective|p1a: Metagross|1
|-damage|p1a: Metagross|0 fnt
|faint|p1a: Metagross
|move|p1b: Basculegion|Wave Crash|p2a: Incineroar
|-supereffective|p2a: Incineroar|1
|-damage|p2a: Incineroar|0 fnt
|faint|p2a: Incineroar
|-damage|p1b: Basculegion|0 fnt|[from] Recoil
|faint|p1b: Basculegion
|
|upkeep
|
|t:|1782207924
|switch|p1a: Hydreigon|Hydreigon, L50, M|80/100
|turn|7
|
|t:|1782207927
|move|p1a: Hydreigon|Dark Pulse|p2b: Basculegion
|-supereffective|p2b: Basculegion|1
|-damage|p2b: Basculegion|1/100
|move|p2b: Basculegion|Last Respects|p1a: Hydreigon
|-resisted|p1a: Hydreigon|1
|-damage|p1a: Hydreigon|28/100
|
|upkeep
|turn|8
|
|t:|1782207932
|move|p1a: Hydreigon|Dark Pulse|p2b: Basculegion
|-supereffective|p2b: Basculegion|1
|-damage|p2b: Basculegion|0 fnt
|faint|p2b: Basculegion
|
|win|Martzone
||MrGhost1724 is ready for game 2.
||Martzone is ready for game 2.
|uhtml|next|Next: Game 2 of 3
|l|☆MrGhost1724
|player|p2|
