|j|☆cereales raton
|j|☆masterhax3
|html|cereales ratonmasterhax3    
|uhtml|bestof|Game 1 of a best-of-3
|t:|1756899587
|gametype|doubles
|player|p1|cereales raton|265|1120
|player|p2|masterhax3|scientist-gen4dp|1067
|gen|9
|tier|[Gen 9] VGC 2025 Reg H (Bo3)
|rated|
|rule|Species Clause: Limit one of each Pokémon
|rule|Item Clause: Limit 1 of each item
|clearpoke
|poke|p1|Dragonite, L50, M|
|poke|p1|Gholdengo, L50|
|poke|p1|Annihilape, L50, F|
|poke|p1|Ursaluna-Bloodmoon, L50, M|
|poke|p1|Maushold-Four, L50|
|poke|p1|Rillaboom, L50, M|
|poke|p2|Vivillon-Pokeball, L50, F|
|poke|p2|Garganacl, L50, F|
|poke|p2|Garchomp, L50, M|
|poke|p2|Gardevoir, L50, F|
|poke|p2|Dondozo, L50, M|
|poke|p2|Ninetales-Alola, L50, M|
|teampreview|4
|showteam|p1|Dragonite||LoadedDice|Multiscale|ScaleShot,Tailwind,Haze,Protect|||M|||50|,,,,,Fairy]Gholdengo||LifeOrb|GoodasGold|MakeItRain,ShadowBall,NastyPlot,Protect||||||50|,,,,,Water]Annihilape||SitrusBerry|Defiant|DrainPunch,RageFist,BulkUp,Protect|||F|||50|,,,,,Fire]Ursaluna-Bloodmoon||AssaultVest|MindsEye|BloodMoon,EarthPower,HyperVoice,VacuumWave|||M|||50|,,,,,Water]Maushold-Four||FocusSash|FriendGuard|SuperFang,BeatUp,FollowMe,Protect||||||50|,,,,,Ghost]Rillaboom||MiracleSeed|GrassySurge|WoodHammer,GrassyGlide,HighHorsepower,FakeOut|||M|||50|,,,,,Fire
|showteam|p2|Vivillon-Pokeball||FocusSash|CompoundEyes|SleepPowder,Tailwind,Protect,Hurricane|||F|||50|,,,,,Ghost]Garganacl||MarangaBerry|PurifyingSalt|SaltCure,StealthRock,Protect,Recover|||F|||50|,,,,,Flying]Garchomp||LifeOrb|RoughSkin|Earthquake,DragonClaw,RockSlide,Protect|||M|||50|,,,,,Ground]Gardevoir||ChoiceScarf|Telepathy|Trick,Moonblast,Psychic,IcyWind|||F|||50|,,,,,Steel]Dondozo||Leftovers|Unaware|Liquidation,Yawn,Fissure,Protect|||M|||50|,,,,,Poison]Ninetales-Alola||NeverMeltIce|SnowWarning|Blizzard,FreezeDry,Protect,AuroraVeil|||M|||50|,,,,,Ice
|inactive|Battle timer is ON: inactive players will automatically lose when time's up. (requested by cereales raton)
|
|t:|1756899614
|teamsize|p1|4
|teamsize|p2|4
|start
|switch|p1a: Annihilape|Annihilape, L50, F|100/100
|switch|p1b: Maushold|Maushold-Four, L50|100/100
|switch|p2a: Vivillon|Vivillon-Pokeball, L50, F|100/100
|switch|p2b: Ninetales|Ninetales-Alola, L50, M|100/100
|-weather|Snowscape|[from] ability: Snow Warning|[of] p2b: Ninetales
|turn|1
|
|t:|1756899638
|switch|p1a: Gholdengo|Gholdengo, L50|100/100
|move|p1b: Maushold|Protect|p1b: Maushold
|-singleturn|p1b: Maushold|Protect
|move|p2b: Ninetales|Blizzard|p1b: Maushold|[spread] p1a
|-activate|p1b: Maushold|move: Protect
|-resisted|p1a: Gholdengo
|-damage|p1a: Gholdengo|86/100
|move|p2a: Vivillon|Tailwind|p2a: Vivillon
|-sidestart|p2: masterhax3|move: Tailwind
|
|-weather|Snowscape|[upkeep]
|upkeep
|turn|2
|
|t:|1756899656
|switch|p1b: Rillaboom|Rillaboom, L50, M|100/100
|-fieldstart|move: Grassy Terrain|[from] ability: Grassy Surge|[of] p1b: Rillaboom
|move|p2b: Ninetales|Aurora Veil|p2b: Ninetales
|-sidestart|p2: masterhax3|move: Aurora Veil
|move|p2a: Vivillon|Sleep Powder|p1b: Rillaboom
|-immune|p1b: Rillaboom
|move|p1a: Gholdengo|Nasty Plot|p1a: Gholdengo
|-boost|p1a: Gholdengo|spa|2
|
|-weather|Snowscape|[upkeep]
|-heal|p1a: Gholdengo|93/100|[from] Grassy Terrain
|upkeep
|turn|3
|
|t:|1756899670
|switch|p1b: Maushold|Maushold-Four, L50|100/100
|move|p2b: Ninetales|Blizzard|p1a: Gholdengo|[spread] p1a,p1b
|-resisted|p1a: Gholdengo
|-damage|p1a: Gholdengo|79/100
|-damage|p1b: Maushold|58/100
|move|p2a: Vivillon|Hurricane|p1a: Gholdengo
|-resisted|p1a: Gholdengo
|-damage|p1a: Gholdengo|67/100
|move|p1a: Gholdengo|Make It Rain|p2b: Ninetales|[spread] p2a,p2b
|-supereffective|p2b: Ninetales
|-enditem|p2a: Vivillon|Focus Sash
|-damage|p2a: Vivillon|1/100
|-damage|p2b: Ninetales|0 fnt
|-unboost|p1a: Gholdengo|spa|1
|faint|p2b: Ninetales
|-damage|p1a: Gholdengo|57/100|[from] item: Life Orb
|
|-weather|Snowscape|[upkeep]
|-heal|p1b: Maushold|64/100|[from] Grassy Terrain
|-heal|p1a: Gholdengo|63/100|[from] Grassy Terrain
|upkeep
|
|t:|1756899684
|switch|p2b: Dondozo|Dondozo, L50, M|100/100
|turn|4
|
|t:|1756899690
|move|p1b: Maushold|Protect|p1b: Maushold
|-singleturn|p1b: Maushold|Protect
|move|p1a: Gholdengo|Protect|p1a: Gholdengo
|-singleturn|p1a: Gholdengo|Protect
|move|p2a: Vivillon|Hurricane|p1b: Maushold
|-activate|p1b: Maushold|move: Protect
|move|p2b: Dondozo|Fissure|p1a: Gholdengo
|-activate|p1a: Gholdengo|move: Protect
|
|-weather|Snowscape|[upkeep]
|-heal|p1b: Maushold|70/100|[from] Grassy Terrain
|-heal|p1a: Gholdengo|69/100|[from] Grassy Terrain
|-sideend|p2: masterhax3|move: Tailwind
|upkeep
|turn|5
|
|t:|1756899704
|move|p1b: Maushold|Super Fang|p2b: Dondozo|[miss]
|-miss|p1b: Maushold|p2b: Dondozo
|move|p2a: Vivillon|Hurricane|p1b: Maushold
|-damage|p1b: Maushold|26/100
|-start|p1b: Maushold|confusion
|move|p1a: Gholdengo|Shadow Ball|p2a: Vivillon
|-damage|p2a: Vivillon|0 fnt
|faint|p2a: Vivillon
|-damage|p1a: Gholdengo|60/100|[from] item: Life Orb
|move|p2b: Dondozo|Fissure|p1a: Gholdengo|[miss]
|-miss|p2b: Dondozo|p1a: Gholdengo
|
|-weather|none
|-heal|p1b: Maushold|32/100|[from] Grassy Terrain
|-heal|p1a: Gholdengo|66/100|[from] Grassy Terrain
|upkeep
|
|t:|1756899718
|switch|p2a: Gardevoir|Gardevoir, L50, F|100/100
|turn|6
|
|t:|1756899740
|-terastallize|p2a: Gardevoir|Steel
|move|p1a: Gholdengo|Protect|p1a: Gholdengo
|-singleturn|p1a: Gholdengo|Protect
|move|p2a: Gardevoir|Moonblast|p1b: Maushold
|-crit|p1b: Maushold
|-damage|p1b: Maushold|0 fnt
|faint|p1b: Maushold
|move|p2b: Dondozo|Fissure|p1a: Gholdengo
|-activate|p1a: Gholdengo|move: Protect
|
|-heal|p1a: Gholdengo|72/100|[from] Grassy Terrain
|-sideend|p2: masterhax3|move: Aurora Veil
|-fieldend|move: Grassy Terrain
|upkeep
|
|t:|1756899748
|switch|p1b: Rillaboom|Rillaboom, L50, M|100/100
|-fieldstart|move: Grassy Terrain|[from] ability: Grassy Surge|[of] p1b: Rillaboom
|turn|7
|
|t:|1756899766
|move|p1b: Rillaboom|Fake Out|p2b: Dondozo
|-damage|p2b: Dondozo|91/100
|move|p2a: Gardevoir|Moonblast|p1b: Rillaboom
|-damage|p1b: Rillaboom|40/100
|move|p1a: Gholdengo|Shadow Ball|p2a: Gardevoir
|-damage|p2a: Gardevoir|12/100
|-unboost|p2a: Gardevoir|spd|1
|-damage|p1a: Gholdengo|63/100|[from] item: Life Orb
|cant|p2b: Dondozo|flinch
|
|-heal|p2a: Gardevoir|18/100|[from] Grassy Terrain
|-heal|p1a: Gholdengo|69/100|[from] Grassy Terrain
|-heal|p1b: Rillaboom|46/100|[from] Grassy Terrain
|-heal|p2b: Dondozo|97/100|[from] Grassy Terrain
|-heal|p2b: Dondozo|100/100|[from] item: Leftovers
|upkeep
|turn|8
|
|t:|1756899790
|move|p1b: Rillaboom|Grassy Glide|p2a: Gardevoir
|-resisted|p2a: Gardevoir
|-damage|p2a: Gardevoir|0 fnt
|faint|p2a: Gardevoir
|move|p1a: Gholdengo|Shadow Ball|p2b: Dondozo
|-damage|p2b: Dondozo|60/100
|-unboost|p2b: Dondozo|spd|1
|-damage|p1a: Gholdengo|59/100|[from] item: Life Orb
|move|p2b: Dondozo|Fissure|p1a: Gholdengo|[miss]
|-miss|p2b: Dondozo|p1a: Gholdengo
|
|-heal|p1a: Gholdengo|65/100|[from] Grassy Terrain
|-heal|p1b: Rillaboom|52/100|[from] Grassy Terrain
|-heal|p2b: Dondozo|66/100|[from] Grassy Terrain
|-heal|p2b: Dondozo|72/100|[from] item: Leftovers
|upkeep
|turn|9
|
|t:|1756899799
|move|p1a: Gholdengo|Shadow Ball|p2b: Dondozo
|-damage|p2b: Dondozo|13/100
|-damage|p1a: Gholdengo|56/100|[from] item: Life Orb
|move|p1b: Rillaboom|Wood Hammer|p2b: Dondozo
|-supereffective|p2b: Dondozo
|-damage|p2b: Dondozo|0 fnt
|faint|p2b: Dondozo
|-damage|p1b: Rillaboom|47/100|[from] Recoil
|
|win|cereales raton
||cereales raton is ready for game 2.
||masterhax3 is ready for game 2.
|uhtml|next|Next: Game 2 of 3
