|j|☆Implosive Diarrhea
|j|☆PickledogVGC
|html|Implosive DiarrheaPickledogVGC    
|uhtml|bestof|Game 1 of a best-of-3
|t:|1756688428
|gametype|doubles
|player|p1|Implosive Diarrhea|roark|
|player|p2|PickledogVGC|roughneck|
|gen|9
|tier|[Gen 9] VGC 2025 Reg H (Bo3)
|rule|Species Clause: Limit one of each Pokémon
|rule|Item Clause: Limit 1 of each item
|clearpoke
|poke|p1|Sneasler, L50, F|
|poke|p1|Dragapult, L50, F|
|poke|p1|Primarina, L50, F|
|poke|p1|Rillaboom, L50, M|
|poke|p1|Kingambit, L50, F|
|poke|p1|Volcarona, L50, M|
|poke|p2|Gholdengo, L50|
|poke|p2|Amoonguss, L50, M|
|poke|p2|Incineroar, L50, F|
|poke|p2|Kommo-o, L50, F|
|poke|p2|Rillaboom, L50, M|
|poke|p2|Primarina, L50, M|
|teampreview|4
|showteam|p1|Sneasler||FocusSash|PoisonTouch|CloseCombat,DireClaw,FakeOut,Protect|||F|||50|,,,,,Stellar]Dragapult||ChoiceBand|ClearBody|DragonDarts,Outrage,PhantomForce,Uturn|||F|||50|,,,,,Dragon]Primarina||LifeOrb|LiquidVoice|HyperVoice,Moonblast,Haze,Protect|||F|||50|,,,,,Grass]Rillaboom||AssaultVest|GrassySurge|WoodHammer,GrassyGlide,HighHorsepower,FakeOut|||M|||50|,,,,,Fire]Kingambit||BlackGlasses|Defiant|KowtowCleave,SuckerPunch,SwordsDance,Protect|||F|||50|,,,,,Ghost]Volcarona||SafetyGoggles|FlameBody|Overheat,WillOWisp,RagePowder,Protect|||M|||50|,,,,,Ghost
|showteam|p2|Gholdengo||SitrusBerry|GoodasGold|MakeItRain,Protect,NastyPlot,ShadowBall||||||50|,,,,,Water]Amoonguss||MentalHerb|Regenerator|SludgeBomb,RagePowder,Spore,PollenPuff|||M|||50|,,,,,Water]Incineroar||SafetyGoggles|Intimidate|KnockOff,FakeOut,PartingShot,FlareBlitz|||F|||50|,,,,,Ghost]Kommo-o||Leftovers|Overcoat|ClangorousSoul,Protect,ClangingScales,Flamethrower|||F|||50|,,,,,Fire]Rillaboom||AssaultVest|GrassySurge|GrassyGlide,WoodHammer,FakeOut,Uturn|||M|||50|,,,,,Fire]Primarina||ThroatSpray|LiquidVoice|HyperVoice,Moonblast,Protect,CalmMind|||M|||50|,,,,,Steel
|inactive|Battle timer is ON: inactive players will automatically lose when time's up. (requested by PickledogVGC)
|inactive|Implosive Diarrhea has 60 seconds left.
|inactive|PickledogVGC has 60 seconds left.
|inactive|PickledogVGC has 30 seconds left.
|
|t:|1756688490
|teamsize|p1|4
|teamsize|p2|4
|start
|switch|p1a: Slayyy|Primarina, L50, F|100/100
|switch|p1b: My Sun|Volcarona, L50, M|100/100
|switch|p2a: Tang Gang|Kommo-o, L50, F|100/100
|switch|p2b: AAAAAAAAAAAA|Primarina, L50, M|100/100
|turn|1
|inactive|Implosive Diarrhea has 30 seconds left.
|inactive|PickledogVGC has 30 seconds left.
|
|t:|1756688530
|switch|p1b: Grassy Kong|Rillaboom, L50, M|100/100
|-fieldstart|move: Grassy Terrain|[from] ability: Grassy Surge|[of] p1b: Grassy Kong
|move|p2a: Tang Gang|Protect|p2a: Tang Gang
|-singleturn|p2a: Tang Gang|Protect
|move|p1a: Slayyy|Hyper Voice|p2b: AAAAAAAAAAAA|[spread] p2b
|-activate|p2a: Tang Gang|move: Protect
|-resisted|p2b: AAAAAAAAAAAA
|-damage|p2b: AAAAAAAAAAAA|85/100
|-damage|p1a: Slayyy|91/100|[from] item: Life Orb
|move|p2b: AAAAAAAAAAAA|Hyper Voice|p1a: Slayyy|[spread] p1a,p1b
|-resisted|p1a: Slayyy
|-resisted|p1b: Grassy Kong
|-damage|p1a: Slayyy|78/100
|-damage|p1b: Grassy Kong|88/100
|-enditem|p2b: AAAAAAAAAAAA|Throat Spray
|-boost|p2b: AAAAAAAAAAAA|spa|1|[from] item: Throat Spray
|
|-heal|p1b: Grassy Kong|94/100|[from] Grassy Terrain
|-heal|p1a: Slayyy|84/100|[from] Grassy Terrain
|-heal|p2b: AAAAAAAAAAAA|91/100|[from] Grassy Terrain
|upkeep
|turn|2
|inactive|Implosive Diarrhea has 30 seconds left.
|inactive|PickledogVGC has 30 seconds left.
|inactive|Implosive Diarrhea has 20 seconds left.
|inactive|PickledogVGC has 20 seconds left.
|
|t:|1756688566
|switch|p2a: Amoongussy|Amoonguss, L50, M|100/100
|-terastallize|p2b: AAAAAAAAAAAA|Steel
|move|p1b: Grassy Kong|Fake Out|p2a: Amoongussy
|-damage|p2a: Amoongussy|85/100
|move|p1a: Slayyy|Hyper Voice|p2a: Amoongussy|[spread] p2a,p2b
|-resisted|p2a: Amoongussy
|-damage|p2a: Amoongussy|69/100
|-damage|p2b: AAAAAAAAAAAA|57/100
|-damage|p1a: Slayyy|74/100|[from] item: Life Orb
|move|p2b: AAAAAAAAAAAA|Moonblast|p1b: Grassy Kong
|-damage|p1b: Grassy Kong|42/100
|
|-heal|p1b: Grassy Kong|48/100|[from] Grassy Terrain
|-heal|p1a: Slayyy|80/100|[from] Grassy Terrain
|-heal|p2b: AAAAAAAAAAAA|63/100|[from] Grassy Terrain
|-heal|p2a: Amoongussy|75/100|[from] Grassy Terrain
|upkeep
|turn|3
|inactive|Implosive Diarrhea has 30 seconds left.
|inactive|PickledogVGC has 30 seconds left.
|
|t:|1756688604
|switch|p1a: My Sun|Volcarona, L50, M|100/100
|move|p1b: Grassy Kong|High Horsepower|p2b: AAAAAAAAAAAA
|-supereffective|p2b: AAAAAAAAAAAA
|-damage|p2b: AAAAAAAAAAAA|0 fnt
|faint|p2b: AAAAAAAAAAAA
|move|p2a: Amoongussy|Sludge Bomb|p1b: Grassy Kong
|-supereffective|p1b: Grassy Kong
|-damage|p1b: Grassy Kong|3/100
|-status|p1b: Grassy Kong|psn
|
|-heal|p1b: Grassy Kong|9/100 psn|[from] Grassy Terrain
|-heal|p2a: Amoongussy|81/100|[from] Grassy Terrain
|-damage|p1b: Grassy Kong|0 fnt|[from] psn
|faint|p1b: Grassy Kong
|upkeep
|inactive|Implosive Diarrhea has 30 seconds left.
|
|t:|1756688629
|switch|p1b: 777|Sneasler, L50, F|100/100
|switch|p2b: Tang Gang|Kommo-o, L50, F|100/100
|turn|4
|
|t:|1756688651
|switch|p2a: Tyrese|Incineroar, L50, F, shiny|100/100
|-ability|p2a: Tyrese|Intimidate|boost
|-unboost|p1a: My Sun|atk|1
|-unboost|p1b: 777|atk|1
|move|p1b: 777|Fake Out|p2b: Tang Gang
|-damage|p2b: Tang Gang|92/100
|move|p1a: My Sun|Overheat|p2a: Tyrese
|-resisted|p2a: Tyrese
|-damage|p2a: Tyrese|77/100
|-unboost|p1a: My Sun|spa|2
|cant|p2b: Tang Gang|flinch
|
|-heal|p2b: Tang Gang|98/100|[from] Grassy Terrain
|-heal|p2b: Tang Gang|100/100|[from] item: Leftovers
|-heal|p2a: Tyrese|83/100|[from] Grassy Terrain
|upkeep
|turn|5
|
|t:|1756688673
|switch|p1a: Slayyy|Primarina, L50, F|80/100
|move|p1b: 777|Protect|p1b: 777
|-singleturn|p1b: 777|Protect
|move|p2b: Tang Gang|Clangorous Soul|p2b: Tang Gang
|-boost|p2b: Tang Gang|atk|1
|-boost|p2b: Tang Gang|def|1
|-boost|p2b: Tang Gang|spa|1
|-boost|p2b: Tang Gang|spd|1
|-boost|p2b: Tang Gang|spe|1
|-damage|p2b: Tang Gang|68/100
|move|p2a: Tyrese|Parting Shot|p1b: 777
|-activate|p1b: 777|move: Protect
|
|-heal|p2b: Tang Gang|74/100|[from] Grassy Terrain
|-heal|p2b: Tang Gang|79/100|[from] item: Leftovers
|-heal|p1a: Slayyy|86/100|[from] Grassy Terrain
|-heal|p2a: Tyrese|89/100|[from] Grassy Terrain
|-fieldend|move: Grassy Terrain
|upkeep
|turn|6
|inactive|Implosive Diarrhea has 30 seconds left.
|inactive|Implosive Diarrhea has 20 seconds left.
|inactive|Implosive Diarrhea has 15 seconds left.
|
|t:|1756688716
|move|p2b: Tang Gang|Protect|p2b: Tang Gang
|-singleturn|p2b: Tang Gang|Protect
|move|p1b: 777|Close Combat|p2a: Tyrese
|-supereffective|p2a: Tyrese
|-damage|p2a: Tyrese|12/100
|-unboost|p1b: 777|def|1
|-unboost|p1b: 777|spd|1
|-status|p2a: Tyrese|psn|[from] ability: Poison Touch|[of] p1b: 777
|move|p1a: Slayyy|Haze|p1a: Slayyy
|-clearallboost
|move|p2a: Tyrese|Parting Shot|p1a: Slayyy
|-unboost|p1a: Slayyy|atk|1
|-unboost|p1a: Slayyy|spa|1
|
|t:|1756688730
|switch|p2a: Amoongussy|Amoonguss, L50, M|100/100|[from] Parting Shot
|
|-heal|p2b: Tang Gang|85/100|[from] item: Leftovers
|upkeep
|turn|7
|inactive|Implosive Diarrhea has 30 seconds left.
|inactive|Implosive Diarrhea has 20 seconds left.
|inactive|Implosive Diarrhea has 15 seconds left.
|inactive|Implosive Diarrhea has 10 seconds left.
|
|t:|1756688780
|switch|p1a: My Sun|Volcarona, L50, M|100/100
|move|p1b: 777|Protect|p1b: 777
|-singleturn|p1b: 777|Protect
|move|p2a: Amoongussy|Rage Powder|p2a: Amoongussy
|-singleturn|p2a: Amoongussy|move: Rage Powder
|move|p2b: Tang Gang|Clanging Scales|p1a: My Sun|[spread] p1a
|-activate|p1b: 777|move: Protect
|-damage|p1a: My Sun|75/100
|-unboost|p2b: Tang Gang|def|1
|
|-heal|p2b: Tang Gang|91/100|[from] item: Leftovers
|upkeep
|turn|8
|inactive|Implosive Diarrhea has 30 seconds left.
|
|t:|1756688812
|switch|p1b: Slayyy|Primarina, L50, F|86/100
|switch|p2a: Tyrese|Incineroar, L50, F, shiny|12/100 psn
|-ability|p2a: Tyrese|Intimidate|boost
|-unboost|p1a: My Sun|atk|1
|-unboost|p1b: Slayyy|atk|1
|move|p1a: My Sun|Overheat|p2a: Tyrese
|-resisted|p2a: Tyrese
|-damage|p2a: Tyrese|0 fnt
|-unboost|p1a: My Sun|spa|2
|faint|p2a: Tyrese
|move|p2b: Tang Gang|Clangorous Soul|p2b: Tang Gang
|-boost|p2b: Tang Gang|atk|1
|-boost|p2b: Tang Gang|def|1
|-boost|p2b: Tang Gang|spa|1
|-boost|p2b: Tang Gang|spd|1
|-boost|p2b: Tang Gang|spe|1
|-damage|p2b: Tang Gang|58/100
|
|-heal|p2b: Tang Gang|64/100|[from] item: Leftovers
|upkeep
|
|t:|1756688821
|switch|p2a: Amoongussy|Amoonguss, L50, M|100/100
|turn|9
|
|t:|1756688839
|switch|p1a: 777|Sneasler, L50, F|100/100
|move|p1b: Slayyy|Protect|p1b: Slayyy
|-singleturn|p1b: Slayyy|Protect
|move|p2b: Tang Gang|Clanging Scales|p1b: Slayyy|[spread] p1a
|-activate|p1b: Slayyy|move: Protect
|-damage|p1a: 777|38/100
|-unboost|p2b: Tang Gang|def|1
|move|p2a: Amoongussy|Spore|p1b: Slayyy
|-activate|p1b: Slayyy|move: Protect
|
|-heal|p2b: Tang Gang|70/100|[from] item: Leftovers
|upkeep
|turn|10
|inactive|Implosive Diarrhea has 30 seconds left.
|inactive|Implosive Diarrhea has 20 seconds left.
|inactive|Implosive Diarrhea has 15 seconds left.
|inactive|Implosive Diarrhea has 10 seconds left.
|inactive|Implosive Diarrhea has 5 seconds left.
|
|t:|1756688889
|move|p1a: 777|Fake Out|p2a: Amoongussy
|-damage|p2a: Amoongussy|86/100
|move|p2b: Tang Gang|Clanging Scales|p1a: 777|[spread] p1a
|-immune|p1b: Slayyy
|-damage|p1a: 777|0 fnt
|faint|p1a: 777
|-unboost|p2b: Tang Gang|def|1
|move|p1b: Slayyy|Moonblast|p2b: Tang Gang
|-supereffective|p2b: Tang Gang
|-damage|p2b: Tang Gang|0 fnt
|faint|p2b: Tang Gang
|-damage|p1b: Slayyy|77/100|[from] item: Life Orb
|cant|p2a: Amoongussy|flinch
|
|upkeep
|
|t:|1756688898
|switch|p1a: My Sun|Volcarona, L50, M|75/100
|turn|11
|
|t:|1756688908
|move|p1a: My Sun|Overheat|p2a: Amoongussy
|-supereffective|p2a: Amoongussy
|-damage|p2a: Amoongussy|0 fnt
|-unboost|p1a: My Sun|spa|2
|faint|p2a: Amoongussy
|
|win|Implosive Diarrhea
||PickledogVGC is ready for game 2.
||Implosive Diarrhea is ready for game 2.
|uhtml|next|Next: Game 2 of 3
|l|☆PickledogVGC
|player|p2|
