|j|☆HumanPlaysVGC
|j|☆MrGreen3432
|html|HumanPlaysVGCMrGreen3432    
|uhtml|bestof|Game 2 of a best-of-3
|t:|1756507843
|gametype|doubles
|player|p1|HumanPlaysVGC|n-masters3|1054
|player|p2|MrGreen3432|266|1103
|gen|9
|tier|[Gen 9] VGC 2025 Reg H (Bo3)
|rated|
|rule|Species Clause: Limit one of each Pokémon
|rule|Item Clause: Limit 1 of each item
|clearpoke
|poke|p1|Weezing-Galar, L50, M|
|poke|p1|Toedscruel, L50, M|
|poke|p1|Corviknight, L50, F|
|poke|p1|Incineroar, L50, M|
|poke|p1|Garchomp, L50, F|
|poke|p1|Indeedee, L50, M|
|poke|p2|Politoed, L50, M|
|poke|p2|Gothitelle, L50, F|
|poke|p2|Kingdra, L50, F|
|poke|p2|Archaludon, L50, M|
|poke|p2|Amoonguss, L50, F|
|poke|p2|Incineroar, L50, F|
|teampreview|4
|showteam|p1|Weezing-Galar||SitrusBerry|NeutralizingGas|DazzlingGleam,SludgeBomb,Protect,Taunt|||M|||50|,,,,,Grass]Toedscruel||CovertCloak|MyceliumMight|Spore,RagePowder,EarthPower,AcidSpray|||M|||50|,,,,,Water]Corviknight||RockyHelmet|MirrorArmor|Tailwind,BraveBird,Protect,Roost|||F|||50|,,,,,Dragon]Incineroar||AbilityShield|Intimidate|FakeOut,KnockOff,PartingShot,Taunt|||M|||50|,,,,,Ghost]Garchomp||LifeOrb|RoughSkin|DragonClaw,Earthquake,Protect,StompingTantrum|||F|||50|,,,,,Ground]Indeedee||FocusSash|PsychicSurge|ExpandingForce,DazzlingGleam,Protect,TrickRoom|||M|||50|,,,,,Psychic
|showteam|p2|Politoed||Leftovers|Drizzle|Protect,PerishSong,WeatherBall,Encore|||M|||50|,,,,,Grass]Gothitelle||SitrusBerry|ShadowTag|Protect,FakeOut,TrickRoom,Psychic|||F|||50|,,,,,Dark]Kingdra||LifeOrb|SwiftSwim|Protect,DracoMeteor,MuddyWater,WeatherBall|||F|||50|,,,,,Stellar]Archaludon||PowerHerb|Sturdy|Protect,ElectroShot,FlashCannon,DragonPulse|||M|||50|,,,,,Electric]Amoonguss||EjectButton|Regenerator|Protect,RagePowder,Spore,PollenPuff|||F|||50|,,,,,Fairy]Incineroar||SafetyGoggles|Intimidate|Protect,FakeOut,PartingShot,KnockOff|||F|||50|,,,,,Ghost
|inactive|Battle timer is ON: inactive players will automatically lose when time's up. (requested by MrGreen3432)
|
|t:|1756507869
|teamsize|p1|4
|teamsize|p2|4
|start
|switch|p1a: Weezing|Weezing-Galar, L50, M|100/100
|switch|p1b: Toedscruel|Toedscruel, L50, M|100/100
|switch|p2a: Incineroar|Incineroar, L50, F|100/100
|switch|p2b: Politoed|Politoed, L50, M|100/100
|-ability|p1a: Weezing|Neutralizing Gas
|turn|1
|
|t:|1756507887
|move|p2b: Politoed|Protect|p2b: Politoed
|-singleturn|p2b: Politoed|Protect
|move|p1b: Toedscruel|Acid Spray|p2b: Politoed
|-activate|p2b: Politoed|move: Protect
|move|p1a: Weezing|Taunt|p2b: Politoed
|-activate|p2b: Politoed|move: Protect
|move|p2a: Incineroar|Knock Off|p1b: Toedscruel
|-damage|p1b: Toedscruel|52/100
|-enditem|p1b: Toedscruel|Covert Cloak|[from] move: Knock Off|[of] p2a: Incineroar
|
|upkeep
|turn|2
|inactive|HumanPlaysVGC has 30 seconds left.
|inactive|MrGreen3432 has 30 seconds left.
|inactive|HumanPlaysVGC has 20 seconds left.
|inactive|MrGreen3432 has 20 seconds left.
|inactive|HumanPlaysVGC has 15 seconds left.
|inactive|MrGreen3432 has 15 seconds left.
|inactive|HumanPlaysVGC has 10 seconds left.
|inactive|MrGreen3432 has 10 seconds left.
|
|t:|1756507933
|switch|p1b: Corviknight|Corviknight, L50, F|100/100
|switch|p2b: Gothitelle|Gothitelle, L50, F|100/100
|move|p1a: Weezing|Taunt|p2b: Gothitelle
|-start|p2b: Gothitelle|move: Taunt
|move|p2a: Incineroar|Parting Shot|p1b: Corviknight
|-unboost|p1b: Corviknight|atk|1
|-unboost|p1b: Corviknight|spa|1
|
|t:|1756507948
|switch|p2a: Politoed|Politoed, L50, M|100/100|[from] Parting Shot
|
|upkeep
|turn|3
|inactive|HumanPlaysVGC has 30 seconds left.
|
|t:|1756507979
|switch|p1b: Toedscruel|Toedscruel, L50, M|52/100
|move|p2b: Gothitelle|Fake Out|p1b: Toedscruel
|-damage|p1b: Toedscruel|43/100
|move|p2a: Politoed|Perish Song|p2a: Politoed
|-start|p1a: Weezing|perish3|[silent]
|-start|p1b: Toedscruel|perish3|[silent]
|-start|p2a: Politoed|perish3|[silent]
|-start|p2b: Gothitelle|perish3|[silent]
|-fieldactivate|move: Perish Song
|move|p1a: Weezing|Taunt|p2a: Politoed
|-start|p2a: Politoed|move: Taunt
|
|-start|p1b: Toedscruel|perish3
|-start|p2a: Politoed|perish3
|-start|p1a: Weezing|perish3
|-start|p2b: Gothitelle|perish3
|upkeep
|turn|4
|inactive|HumanPlaysVGC has 30 seconds left.
|inactive|MrGreen3432 has 30 seconds left.
|inactive|HumanPlaysVGC has 20 seconds left.
|
|t:|1756508015
|switch|p2a: Amoonguss|Amoonguss, L50, F|100/100
|move|p1b: Toedscruel|Spore|p2b: Gothitelle
|-status|p2b: Gothitelle|slp|[from] move: Spore
|move|p1a: Weezing|Dazzling Gleam|p2b: Gothitelle|[spread] p2a,p2b
|-resisted|p2a: Amoonguss
|-damage|p2a: Amoonguss|92/100
|-damage|p2b: Gothitelle|86/100 slp
|-enditem|p2a: Amoonguss|Eject Button
|
|t:|1756508025
|switch|p2a: Politoed|Politoed, L50, M|100/100
|cant|p2b: Gothitelle|slp
|
|-end|p2b: Gothitelle|move: Taunt
|-start|p1b: Toedscruel|perish2
|-start|p1a: Weezing|perish2
|-start|p2b: Gothitelle|perish2
|upkeep
|turn|5
|inactive|HumanPlaysVGC has 30 seconds left.
|
|t:|1756508053
|switch|p1b: Garchomp|Garchomp, L50, F|100/100
|switch|p2b: Incineroar|Incineroar, L50, F|100/100
|move|p2a: Politoed|Protect|p2a: Politoed
|-singleturn|p2a: Politoed|Protect
|move|p1a: Weezing|Taunt|p2a: Politoed
|-activate|p2a: Politoed|move: Protect
|
|-start|p1a: Weezing|perish1
|upkeep
|turn|6
|inactive|HumanPlaysVGC has 30 seconds left.
|
|t:|1756508085
|-end|p1a: Weezing|ability: Neutralizing Gas
|-weather|RainDance|[from] ability: Drizzle|[of] p2a: Politoed
|-ability|p2b: Incineroar|Intimidate|boost
|-unboost|p1a: Weezing|atk|1
|-unboost|p1b: Garchomp|atk|1
|switch|p1a: Toedscruel|Toedscruel, L50, M|43/100
|move|p1b: Garchomp|Protect|p1b: Garchomp
|-singleturn|p1b: Garchomp|Protect
|move|p2a: Politoed|Perish Song|p2a: Politoed
|-start|p1a: Toedscruel|perish3|[silent]
|-start|p1b: Garchomp|perish3|[silent]
|-start|p2a: Politoed|perish3|[silent]
|-start|p2b: Incineroar|perish3|[silent]
|-fieldactivate|move: Perish Song
|move|p2b: Incineroar|Parting Shot|p1a: Toedscruel
|-unboost|p1a: Toedscruel|atk|1
|-unboost|p1a: Toedscruel|spa|1
|
|t:|1756508099
|switch|p2b: Gothitelle|Gothitelle, L50, F|86/100 slp|[from] Parting Shot
|
|-weather|RainDance|[upkeep]
|-start|p1a: Toedscruel|perish3
|-start|p1b: Garchomp|perish3
|-start|p2a: Politoed|perish3
|upkeep
|turn|7
|
|t:|1756508123
|switch|p2a: Incineroar|Incineroar, L50, F|100/100
|-ability|p2a: Incineroar|Intimidate|boost
|-unboost|p1a: Toedscruel|atk|1
|-unboost|p1b: Garchomp|atk|1
|cant|p2b: Gothitelle|slp
|move|p1a: Toedscruel|Rage Powder|p1a: Toedscruel
|-singleturn|p1a: Toedscruel|move: Rage Powder
|move|p1b: Garchomp|Earthquake|p2a: Incineroar|[spread] p1a,p2a,p2b
|-resisted|p1a: Toedscruel
|-supereffective|p2a: Incineroar
|-damage|p1a: Toedscruel|27/100
|-damage|p2a: Incineroar|45/100
|-damage|p2b: Gothitelle|62/100 slp
|-damage|p1b: Garchomp|91/100|[from] item: Life Orb
|
|-weather|RainDance|[upkeep]
|-start|p1a: Toedscruel|perish2
|-start|p1b: Garchomp|perish2
|upkeep
|turn|8
|
|t:|1756508146
|move|p2a: Incineroar|Fake Out|p1b: Garchomp
|-damage|p1b: Garchomp|81/100
|-damage|p2a: Incineroar|33/100|[from] ability: Rough Skin|[of] p1b: Garchomp
|move|p1a: Toedscruel|Earth Power|p2a: Incineroar
|-supereffective|p2a: Incineroar
|-damage|p2a: Incineroar|9/100
|cant|p1b: Garchomp|flinch
|-curestatus|p2b: Gothitelle|slp|[msg]
|move|p2b: Gothitelle|Psychic|p1a: Toedscruel
|-damage|p1a: Toedscruel|0 fnt
|faint|p1a: Toedscruel
|
|-weather|RainDance|[upkeep]
|-start|p1b: Garchomp|perish1
|upkeep
|
|t:|1756508160
|switch|p1a: Weezing|Weezing-Galar, L50, M|100/100
|-ability|p1a: Weezing|Neutralizing Gas
|turn|9
|
|t:|1756508180
|switch|p1b: Corviknight|Corviknight, L50, F|100/100
|-terastallize|p1a: Weezing|Grass
|move|p1a: Weezing|Dazzling Gleam|p2a: Incineroar|[spread] p2a,p2b
|-damage|p2a: Incineroar|0 fnt
|-damage|p2b: Gothitelle|46/100
|-enditem|p2b: Gothitelle|Sitrus Berry|[eat]
|-heal|p2b: Gothitelle|71/100|[from] item: Sitrus Berry
|faint|p2a: Incineroar
|move|p2b: Gothitelle|Trick Room|p2b: Gothitelle
|-fieldstart|move: Trick Room|[of] p2b: Gothitelle
|
|-weather|RainDance|[upkeep]
|upkeep
|
|t:|1756508192
|switch|p2a: Amoonguss|Amoonguss, L50, F|92/100
|turn|10
|
|t:|1756508199
|move|p1b: Corviknight|Protect|p1b: Corviknight
|-singleturn|p1b: Corviknight|Protect
|move|p2a: Amoonguss|Spore|p1b: Corviknight
|-activate|p1b: Corviknight|move: Protect
|move|p2b: Gothitelle|Psychic|p1a: Weezing
|-damage|p1a: Weezing|67/100
|move|p1a: Weezing|Taunt|p2a: Amoonguss
|-start|p2a: Amoonguss|move: Taunt
|
|-weather|none
|upkeep
|turn|11
|inactive|HumanPlaysVGC has 30 seconds left.
|
|t:|1756508225
|move|p2a: Amoonguss|Pollen Puff|p2b: Gothitelle
|-heal|p2b: Gothitelle|100/100
|move|p2b: Gothitelle|Psychic|p1a: Weezing
|-damage|p1a: Weezing|35/100
|-enditem|p1a: Weezing|Sitrus Berry|[eat]
|-heal|p1a: Weezing|60/100|[from] item: Sitrus Berry
|move|p1a: Weezing|Dazzling Gleam|p2a: Amoonguss|[spread] p2a,p2b
|-resisted|p2a: Amoonguss
|-damage|p2a: Amoonguss|84/100
|-damage|p2b: Gothitelle|86/100
|move|p1b: Corviknight|Brave Bird|p2a: Amoonguss
|-supereffective|p2a: Amoonguss
|-crit|p2a: Amoonguss
|-damage|p2a: Amoonguss|0 fnt
|faint|p2a: Amoonguss
|-damage|p1b: Corviknight|71/100|[from] Recoil
|
|upkeep
|
|t:|1756508239
|switch|p2a: Politoed|Politoed, L50, M|100/100
|turn|12
|inactive|HumanPlaysVGC has 30 seconds left.
|inactive|HumanPlaysVGC has 20 seconds left.
|inactive|HumanPlaysVGC has 15 seconds left.
|
|t:|1756508281
|move|p2a: Politoed|Protect|p2a: Politoed
|-singleturn|p2a: Politoed|Protect
|move|p1a: Weezing|Taunt|p2a: Politoed
|-activate|p2a: Politoed|move: Protect
|move|p1b: Corviknight|Brave Bird|p2b: Gothitelle
|-damage|p2b: Gothitelle|47/100
|-damage|p1b: Corviknight|60/100|[from] Recoil
|move|p2b: Gothitelle|Trick Room|p2b: Gothitelle
|-fieldend|move: Trick Room
|
|upkeep
|turn|13
|inactive|HumanPlaysVGC has 30 seconds left.
|inactive|HumanPlaysVGC has 20 seconds left.
|
|t:|1756508316
|move|p2a: Politoed|Encore|p1a: Weezing
|-start|p1a: Weezing|Encore
|move|p1b: Corviknight|Brave Bird|p2b: Gothitelle
|-damage|p2b: Gothitelle|4/100
|-damage|p1b: Corviknight|48/100|[from] Recoil
|move|p1a: Weezing|Taunt|p2b: Gothitelle
|-start|p2b: Gothitelle|move: Taunt
|move|p2b: Gothitelle|Psychic|p1a: Weezing
|-damage|p1a: Weezing|28/100
|
|upkeep
|turn|14
|inactive|HumanPlaysVGC has 30 seconds left.
|
|t:|1756508342
|move|p2a: Politoed|Weather Ball|p1a: Weezing
|-damage|p1a: Weezing|17/100
|move|p1b: Corviknight|Roost|p1b: Corviknight
|-heal|p1b: Corviknight|98/100
|-singleturn|p1b: Corviknight|move: Roost
|move|p1a: Weezing|Taunt|p2a: Politoed
|-start|p2a: Politoed|move: Taunt
|move|p2b: Gothitelle|Psychic|p1a: Weezing
|-damage|p1a: Weezing|0 fnt
|faint|p1a: Weezing
|-end|p1a: Weezing|ability: Neutralizing Gas
|-weather|RainDance|[from] ability: Drizzle|[of] p2a: Politoed
|
|-weather|RainDance|[upkeep]
|upkeep
|
|t:|1756508356
|switch|p1a: Garchomp|Garchomp, L50, F|81/100
|turn|15
|inactive|HumanPlaysVGC has 30 seconds left.
|
|t:|1756508367
|move|p1a: Garchomp|Earthquake|p2b: Gothitelle|[spread] p2a,p2b
|-immune|p1b: Corviknight
|-damage|p2a: Politoed|37/100
|-damage|p2b: Gothitelle|0 fnt
|faint|p2b: Gothitelle
|-damage|p1a: Garchomp|72/100|[from] item: Life Orb
|move|p2a: Politoed|Weather Ball|p1a: Garchomp
|-damage|p1a: Garchomp|23/100
|move|p1b: Corviknight|Brave Bird|p2a: Politoed
|-damage|p2a: Politoed|0 fnt
|faint|p2a: Politoed
|-damage|p1b: Corviknight|86/100|[from] Recoil
|
|win|HumanPlaysVGC
|l|☆MrGreen3432
|player|p2|
||MrGreen3432 is ready for game 3.
|inactive|HumanPlaysVGC has 30 seconds to confirm battle start!
||HumanPlaysVGC is ready for game 3.
|uhtml|next|Next: Game 3 of 3
