|j|☆LeonardPlayz
|j|☆sturmkitten69
|html|LeonardPlayzsturmkitten69    
|uhtml|bestof|Game 2 of a best-of-3
|t:|1783664845
|gametype|doubles
|player|p1|LeonardPlayz|hilbert-wonderlauncher|1138
|player|p2|sturmkitten69|fisherman-gen4|1051
|gen|9
|tier|[Gen 9 Champions] VGC 2026 Reg M-B (Bo3)
|rated|
|rule|Species Clause: Limit one of each Pokémon
|rule|Item Clause: Limit 1 of each item
|clearpoke
|poke|p1|Froslass, L50, F|
|poke|p1|Excadrill, L50, M|
|poke|p1|Kleavor, L50, F|
|poke|p1|Vivillon, L50, F|
|poke|p1|Incineroar, L50, F|
|poke|p1|Maushold-Four, L50|
|poke|p2|Gengar, L50, F|
|poke|p2|Aerodactyl, L50, F|
|poke|p2|Meganium, L50, M|
|poke|p2|Politoed, L50, M|
|poke|p2|Archaludon, L50, F|
|poke|p2|Sableye, L50, F|
|teampreview|4
|showteam|p1|Froslass||Froslassite|CursedBody|NastyPlot,Blizzard,ShadowBall,Protect|Timid||F|||50|]Excadrill||Excadrite|MoldBreaker|IronHead,HighHorsepower,RockSlide,Protect|Jolly||M|||50|]Kleavor||WhiteHerb|Sharpness|StoneAxe,XScissor,CloseCombat,Protect|Adamant||F|||50|]Vivillon||FocusSash|CompoundEyes|Tailwind,Hurricane,SleepPowder,Protect|Timid||F|||50|]Incineroar||SitrusBerry|Intimidate|FakeOut,ThroatChop,FlareBlitz,PartingShot|Careful||F|||50|]Maushold-Four||WideLens|Technician|FollowMe,PopulationBomb,Taunt,Protect|Jolly|||||50|
|showteam|p2|Gengar||Gengarite|CursedBody|ShadowBall,PerishSong,Taunt,Protect|Timid||F|||50|]Aerodactyl||FocusSash|Unnerve|Tailwind,Protect,RockSlide,IceFang|Jolly||F|||50|]Meganium||Meganiumite|LeafGuard|WeatherBall,SolarBeam,DazzlingGleam,Protect|Modest||M|||50|]Politoed||SitrusBerry|Drizzle|Protect,WeatherBall,PerishSong,Surf|Bold||M|||50|]Archaludon||Leftovers|Stamina|ElectroShot,DragonPulse,AuraSphere,Protect|Calm||F|||50|]Sableye||LightClay|Prankster|LightScreen,Reflect,RainDance,Encore|Calm||F|||50|
|inactive|Battle timer is ON: inactive players will automatically lose when time's up. (requested by LeonardPlayz)
|inactive|sturmkitten69 has 60 seconds left.
|
|t:|1783664877
|teamsize|p1|4
|teamsize|p2|4
|start
|switch|p1a: Tom|Incineroar, L50, F|100/100
|switch|p1b: Vivillon|Vivillon, L50, F|100/100
|switch|p2a: Aerodactyl|Aerodactyl, L50, F|100/100
|switch|p2b: Gengar|Gengar, L50, F|100/100
|-ability|p2a: Aerodactyl|Unnerve
|-ability|p1a: Tom|Intimidate|boost
|-unboost|p2a: Aerodactyl|atk|1
|-unboost|p2b: Gengar|atk|1
|turn|1
|
|t:|1783664891
|detailschange|p2b: Gengar|Gengar-Mega, L50, F
|-mega|p2b: Gengar|Gengar|Gengarite
|move|p2a: Aerodactyl|Protect|p2a: Aerodactyl
|-singleturn|p2a: Aerodactyl|Protect
|move|p1a: Tom|Fake Out|p2a: Aerodactyl
|-activate|p2a: Aerodactyl|move: Protect
|move|p2b: Gengar|Perish Song|p2b: Gengar
|-start|p1a: Tom|perish3|[silent]
|-start|p1b: Vivillon|perish3|[silent]
|-start|p2a: Aerodactyl|perish3|[silent]
|-start|p2b: Gengar|perish3|[silent]
|-fieldactivate|move: Perish Song
|move|p1b: Vivillon|Sleep Powder|p2b: Gengar
|-status|p2b: Gengar|slp|[from] move: Sleep Powder
|
|-start|p2b: Gengar|perish3
|-start|p2a: Aerodactyl|perish3
|-start|p1b: Vivillon|perish3
|-start|p1a: Tom|perish3
|upkeep
|turn|2
|
|t:|1783664910
|cant|p2b: Gengar|slp
|move|p2a: Aerodactyl|Rock Slide|p1a: Tom|[spread] p1a,p1b
|-supereffective|p1a: Tom|1
|-supereffective|p1b: Vivillon|2
|-damage|p1a: Tom|70/100
|-enditem|p1b: Vivillon|Focus Sash
|-damage|p1b: Vivillon|1/100
|cant|p1b: Vivillon|flinch
|cant|p1a: Tom|flinch
|
|-start|p2a: Aerodactyl|perish2
|-start|p2b: Gengar|perish2
|-start|p1b: Vivillon|perish2
|-start|p1a: Tom|perish2
|upkeep
|turn|3
|
|t:|1783664933
|move|p2a: Aerodactyl|Rock Slide|p1b: Vivillon|[spread] p1a,p1b
|-supereffective|p1a: Tom|1
|-supereffective|p1b: Vivillon|2
|-damage|p1a: Tom|40/100
|-damage|p1b: Vivillon|0 fnt
|faint|p1b: Vivillon
|cant|p2b: Gengar|slp
|cant|p1a: Tom|flinch
|
|-start|p2a: Aerodactyl|perish1
|-start|p2b: Gengar|perish1
|-start|p1a: Tom|perish1
|upkeep
|
|t:|1783664942
|switch|p1b: Froslass|Froslass, L50, F|100/100
|turn|4
|
|t:|1783664964
|switch|p2b: Politoed|Politoed, L50, M|100/100
|-weather|RainDance|[from] ability: Drizzle|[of] p2b: Politoed
|detailschange|p1b: Froslass|Froslass-Mega, L50, F
|-mega|p1b: Froslass|Froslass|Froslassite
|-weather|Snowscape|[from] ability: Snow Warning|[of] p1b: Froslass
|move|p2a: Aerodactyl|Protect|p2a: Aerodactyl
|-singleturn|p2a: Aerodactyl|Protect
|move|p1b: Froslass|Nasty Plot|p1b: Froslass
|-boost|p1b: Froslass|spa|2
|move|p1a: Tom|Parting Shot|p1b: Froslass
|-unboost|p1b: Froslass|atk|1
|-unboost|p1b: Froslass|spa|1
|
|t:|1783664974
|switch|p1a: Excadrill|Excadrill, L50, M|100/100|[from] Parting Shot
|-ability|p1a: Excadrill|Mold Breaker
|
|-weather|Snowscape|[upkeep]
|-start|p2a: Aerodactyl|perish0
|faint|p2a: Aerodactyl
|upkeep
|
|t:|1783664985
|switch|p2a: Gengar|Gengar-Mega, L50, F|100/100 slp
|turn|5
|
|t:|1783665005
|-curestatus|p2a: Gengar|slp|[msg]
|move|p2a: Gengar|Protect|p2a: Gengar
|-singleturn|p2a: Gengar|Protect
|move|p1b: Froslass|Shadow Ball|p2b: Politoed
|-damage|p2b: Politoed|41/100
|-enditem|p2b: Politoed|Sitrus Berry|[eat]
|-heal|p2b: Politoed|66/100|[from] item: Sitrus Berry
|move|p1a: Excadrill|High Horsepower|p2a: Gengar
|-activate|p2a: Gengar|move: Protect
|move|p2b: Politoed|Surf|p1b: Froslass|[spread] p1a,p1b
|-activate|p2a: Gengar|move: Protect
|-supereffective|p1a: Excadrill|1
|-damage|p1a: Excadrill|39/100
|-damage|p1b: Froslass|71/100
|
|-weather|Snowscape|[upkeep]
|upkeep
|turn|6
|
|t:|1783665030
|move|p1a: Excadrill|Protect|p1a: Excadrill
|-singleturn|p1a: Excadrill|Protect
|move|p2b: Politoed|Protect|p2b: Politoed
|-singleturn|p2b: Politoed|Protect
|move|p2a: Gengar|Shadow Ball|p1b: Froslass
|-supereffective|p1b: Froslass|1
|-damage|p1b: Froslass|0 fnt
|faint|p1b: Froslass
|
|-weather|Snowscape|[upkeep]
|upkeep
|
|t:|1783665036
|switch|p1b: Tom|Incineroar, L50, F|40/100
|-enditem|p1b: Tom|Sitrus Berry|[eat]
|-heal|p1b: Tom|65/100|[from] item: Sitrus Berry
|-ability|p1b: Tom|Intimidate|boost
|-unboost|p2a: Gengar|atk|1
|-unboost|p2b: Politoed|atk|1
|turn|7
|
|t:|1783665050
|move|p2b: Politoed|Protect||[still]
|-fail|p2b: Politoed
|move|p1b: Tom|Fake Out|p2b: Politoed
|-damage|p2b: Politoed|57/100
|move|p2a: Gengar|Perish Song|p2a: Gengar
|-start|p1a: Excadrill|perish3|[silent]
|-start|p1b: Tom|perish3|[silent]
|-start|p2a: Gengar|perish3|[silent]
|-start|p2b: Politoed|perish3|[silent]
|-fieldactivate|move: Perish Song
|move|p1a: Excadrill|High Horsepower|p2a: Gengar
|-supereffective|p2a: Gengar|1
|-damage|p2a: Gengar|0 fnt
|faint|p2a: Gengar
|
|-weather|Snowscape|[upkeep]
|-start|p1a: Excadrill|perish3
|-start|p2b: Politoed|perish3
|-start|p1b: Tom|perish3
|upkeep
|
|t:|1783665063
|switch|p2a: Archaludon|Archaludon, L50, F|100/100
|turn|8
|
|t:|1783665083
|move|p1a: Excadrill|Protect|p1a: Excadrill
|-singleturn|p1a: Excadrill|Protect
|move|p2a: Archaludon|Protect|p2a: Archaludon
|-singleturn|p2a: Archaludon|Protect
|move|p2b: Politoed|Surf|p1a: Excadrill|[spread] p1b
|-activate|p2a: Archaludon|move: Protect
|-activate|p1a: Excadrill|move: Protect
|-supereffective|p1b: Tom|1
|-damage|p1b: Tom|31/100
|move|p1b: Tom|Parting Shot|p2b: Politoed
|-unboost|p2b: Politoed|atk|1
|-unboost|p2b: Politoed|spa|1
|
|-weather|none
|-start|p1a: Excadrill|perish2
|-start|p2b: Politoed|perish2
|-start|p1b: Tom|perish2
|upkeep
|turn|9
|inactive|sturmkitten69 has 30 seconds left.
|
|t:|1783665116
|move|p2b: Politoed|Protect|p2b: Politoed
|-singleturn|p2b: Politoed|Protect
|move|p1a: Excadrill|High Horsepower|p2a: Archaludon
|-supereffective|p2a: Archaludon|1
|-damage|p2a: Archaludon|30/100
|-ability|p2a: Archaludon|Stamina|boost
|-boost|p2a: Archaludon|def|1
|move|p2a: Archaludon|Aura Sphere|p1a: Excadrill
|-supereffective|p1a: Excadrill|1
|-damage|p1a: Excadrill|0 fnt
|faint|p1a: Excadrill
|move|p1b: Tom|Parting Shot|p2b: Politoed
|-activate|p2b: Politoed|move: Protect
|
|-heal|p2a: Archaludon|36/100|[from] item: Leftovers
|-start|p2b: Politoed|perish1
|-start|p1b: Tom|perish1
|upkeep
|turn|10
|
|t:|1783665134
|move|p2a: Archaludon|Protect|p2a: Archaludon
|-singleturn|p2a: Archaludon|Protect
|move|p2b: Politoed|Surf|p1b: Tom|[spread] p1b
|-activate|p2a: Archaludon|move: Protect
|-supereffective|p1b: Tom|1
|-damage|p1b: Tom|9/100
|move|p1b: Tom|Flare Blitz|p2a: Archaludon
|-activate|p2a: Archaludon|move: Protect
|
|-heal|p2a: Archaludon|42/100|[from] item: Leftovers
|-start|p2b: Politoed|perish0
|-start|p1b: Tom|perish0
|faint|p2b: Politoed
|faint|p1b: Tom
|
|win|sturmkitten69
||LeonardPlayz is ready for game 3.
|inactive|sturmkitten69 has 30 seconds to confirm battle start!
||sturmkitten69 is ready for game 3.
|uhtml|next|Next: Game 3 of 3
