|j|☆Maybe ALTcom
|j|☆crudo de fava
|html|Maybe ALTcomcrudo de fava    
|uhtml|bestof|Game 2 of a best-of-3
|t:|1757769760
|gametype|doubles
|player|p1|Maybe ALTcom|266|1320
|player|p2|crudo de fava|ingo|1454
|gen|9
|tier|[Gen 9] VGC 2025 Reg H (Bo3)
|rated|
|rule|Species Clause: Limit one of each Pokémon
|rule|Item Clause: Limit 1 of each item
|clearpoke
|poke|p1|Dragapult, L50, M|
|poke|p1|Volcarona, L50, F|
|poke|p1|Palafin, L50, M|
|poke|p1|Rillaboom, L50, F|
|poke|p1|Kingambit, L50, M|
|poke|p1|Electabuzz, L50, F|
|poke|p2|Dragonite, L50, M|
|poke|p2|Gholdengo, L50|
|poke|p2|Archaludon, L50, F|
|poke|p2|Pelipper, L50, M|
|poke|p2|Ursaluna, L50, M|
|poke|p2|Sinistcha, L50|
|teampreview|4
|showteam|p1|Dragapult||ChoiceBand|ClearBody|DragonDarts,Uturn,PhantomForce,TeraBlast|||M|||50|,,,,,Fairy]Volcarona||GrassySeed|FlameBody|Flamethrower,QuiverDance,Protect,TeraBlast|||F|||50|,,,,,Water]Palafin||MysticWater|ZerotoHero|WaveCrash,JetPunch,Protect,CloseCombat|||M|||50|,,,,,Fighting]Rillaboom||AssaultVest|GrassySurge|WoodHammer,GrassyGlide,FakeOut,HighHorsepower|||F|||50|,,,,,Fire]Kingambit||BlackGlasses|Defiant|KowtowCleave,SuckerPunch,SwordsDance,Protect|||M|||50|,,,,,Ghost]Electabuzz||Eviolite|VitalSpirit|FollowMe,HelpingHand,Electroweb,Protect|||F|||50|,,,,,Water
|showteam|p2|Dragonite||LoadedDice|Multiscale|ScaleShot,Tailwind,Haze,Protect|||M|||50|,,,,,Fairy]Gholdengo||ChoiceScarf|GoodasGold|MakeItRain,ShadowBall,Trick,PowerGem||||||50|,,,,,Flying]Archaludon||AssaultVest|Stamina|ElectroShot,FlashCannon,BodyPress,Snarl|||F|||50|,,,,,Bug]Pelipper||SafetyGoggles|Drizzle|MuddyWater,Hurricane,Tailwind,Protect|||M|||50|,,,,,Ground]Ursaluna||FlameOrb|Guts|Earthquake,Facade,HeadlongRush,Protect|||M|||50|,,,,,Ghost]Sinistcha||SitrusBerry|Hospitality|MatchaGotcha,RagePowder,TrickRoom,LifeDew||||||50|,,,,,Dark
|
|t:|1757769813
|teamsize|p1|4
|teamsize|p2|4
|start
|switch|p1a: Rillaboom|Rillaboom, L50, F|100/100
|switch|p1b: Kingambit|Kingambit, L50, M|100/100
|switch|p2a: Dragonite|Dragonite, L50, M|100/100
|switch|p2b: Ursaluna|Ursaluna, L50, M|100/100
|-fieldstart|move: Grassy Terrain|[from] ability: Grassy Surge|[of] p1a: Rillaboom
|turn|1
|
|t:|1757769850
|move|p1a: Rillaboom|Wood Hammer|p2b: Ursaluna
|-supereffective|p2b: Ursaluna
|-damage|p2b: Ursaluna|0 fnt
|faint|p2b: Ursaluna
|-damage|p1a: Rillaboom|62/100|[from] Recoil
|move|p2a: Dragonite|Scale Shot|p1a: Rillaboom
|-crit|p1a: Rillaboom
|-damage|p1a: Rillaboom|42/100
|-crit|p1a: Rillaboom
|-damage|p1a: Rillaboom|23/100
|-damage|p1a: Rillaboom|10/100
|-damage|p1a: Rillaboom|0 fnt
|faint|p1a: Rillaboom
|-hitcount|p1: Rillaboom|4
|-unboost|p2a: Dragonite|def|1
|-boost|p2a: Dragonite|spe|1
|move|p1b: Kingambit|Swords Dance|p1b: Kingambit
|-boost|p1b: Kingambit|atk|2
|
|upkeep
|c|☆Maybe ALTcom|yea makes sense with my luck for that to happen
|
|t:|1757769867
|switch|p1a: Dragapult|Dragapult, L50, M|100/100
|switch|p2b: Gholdengo|Gholdengo, L50|100/100
|turn|2
|inactive|Battle timer is ON: inactive players will automatically lose when time's up. (requested by Maybe ALTcom)
|
|t:|1757769933
|-terastallize|p1a: Dragapult|Fairy
|move|p1b: Kingambit|Sucker Punch||[still]
|-fail|p1b: Kingambit
|move|p2b: Gholdengo|Trick|p1b: Kingambit
|-activate|p2b: Gholdengo|move: Trick|[of] p1b: Kingambit
|-item|p1b: Kingambit|Choice Scarf|[from] move: Trick
|-item|p2b: Gholdengo|Black Glasses|[from] move: Trick
|move|p1a: Dragapult|Phantom Force||[still]
|-prepare|p1a: Dragapult|Phantom Force
|move|p2a: Dragonite|Scale Shot|p1a: Dragapult|[miss]
|-miss|p2a: Dragonite|p1a: Dragapult
|
|upkeep
|turn|3
|inactive|crudo de fava has 30 seconds left.
|inactive|crudo de fava has 20 seconds left.
|inactive|crudo de fava has 15 seconds left.
|inactive|crudo de fava has 10 seconds left.
|inactive|crudo de fava has 5 seconds left.
|
|t:|1757769985
|-terastallize|p2b: Gholdengo|Flying
|move|p1b: Kingambit|Sucker Punch|p2b: Gholdengo
|-damage|p2b: Gholdengo|13/100
|move|p1a: Dragapult|Phantom Force|p2a: Dragonite|[from] lockedmove
|-damage|p2a: Dragonite|55/100
|move|p2a: Dragonite|Haze|p2a: Dragonite
|-clearallboost
|move|p2b: Gholdengo|Make It Rain|p1a: Dragapult|[spread] p1a,p1b
|-supereffective|p1a: Dragapult
|-resisted|p1b: Kingambit
|-damage|p1a: Dragapult|0 fnt
|-damage|p1b: Kingambit|75/100
|-unboost|p2b: Gholdengo|spa|1
|faint|p1a: Dragapult
|
|-heal|p1b: Kingambit|81/100|[from] Grassy Terrain
|upkeep
|c|☆Maybe ALTcom|dumbshit
|
|t:|1757769994
|switch|p1a: Electabuzz|Electabuzz, L50, F|100/100
|turn|4
|c|☆Maybe ALTcom|I hate u dnite
|
|t:|1757770017
|switch|p2b: Sinistcha|Sinistcha, L50|100/100
|-heal|p2a: Dragonite|79/100|[from] ability: Hospitality|[of] p2b: Sinistcha
|move|p2a: Dragonite|Protect|p2a: Dragonite
|-singleturn|p2a: Dragonite|Protect
|move|p1b: Kingambit|Sucker Punch||[still]
|-fail|p1b: Kingambit
|move|p1a: Electabuzz|Electroweb|p2b: Sinistcha|[spread] p2b
|-activate|p2a: Dragonite|move: Protect
|-resisted|p2b: Sinistcha
|-damage|p2b: Sinistcha|95/100
|-unboost|p2b: Sinistcha|spe|1
|
|-heal|p1b: Kingambit|86/100|[from] Grassy Terrain
|-heal|p2b: Sinistcha|100/100|[from] Grassy Terrain
|upkeep
|turn|5
|-message|Maybe ALTcom forfeited.
|
|win|crudo de fava
|raw|Maybe ALTcom's rating: 1320 → 1307(-13 for losing)
|raw|crudo de fava's rating: 1454 → 1467(+13 for winning)
|l|☆Maybe ALTcom
|player|p1|
