|j|☆UbeYMatcha
|j|☆noka47
|html|UbeYMatchanoka47    
|uhtml|bestof|Game 3 of a best-of-3
|t:|1782235219
|gametype|doubles
|player|p1|UbeYMatcha|drayden|1233
|player|p2|noka47|101|1164
|gen|9
|tier|[Gen 9 Champions] VGC 2026 Reg M-B (Bo3)
|rated|
|rule|Species Clause: Limit one of each Pokémon
|rule|Item Clause: Limit 1 of each item
|clearpoke
|poke|p1|Garchomp, L50, F|
|poke|p1|Tyranitar, L50, F|
|poke|p1|Klefki, L50, F|
|poke|p1|Rotom-Wash, L50|
|poke|p1|Incineroar, L50, F|
|poke|p1|Froslass, L50, F|
|poke|p2|Mawile, L50, F|
|poke|p2|Incineroar, L50, M|
|poke|p2|Sneasler, L50, M|
|poke|p2|Pelipper, L50, F|
|poke|p2|Farigiraf, L50, M|
|poke|p2|Sinistcha, L50|
|teampreview|4
|showteam|p1|Garchomp||Garchompite|RoughSkin|Earthquake,Protect,DragonClaw,RockSlide|Adamant||F|||50|]Tyranitar||FocusSash|SandStream|RockSlide,KnockOff,LowKick,Protect|Adamant||F|||50|]Klefki||MetalCoat|Prankster|Sandstorm,TrickRoom,MagnetRise,SteelBeam|Bold||F|||50|]Rotom-Wash||Magnet|Levitate|Thunderbolt,HydroPump,WillOWisp,Protect|Modest|||||50|]Incineroar||Charcoal|Intimidate|FlareBlitz,ThroatChop,FakeOut,PartingShot|Adamant||F|||50|]Froslass||Froslassite|SnowCloak|Blizzard,WeatherBall,ShadowBall,Protect|Timid||F|||50|
|showteam|p2|Mawile||Mawilite|Intimidate|IronHead,PlayRough,SuckerPunch,Protect|Adamant||F|||50|]Incineroar||PasshoBerry|Intimidate|FlareBlitz,DarkestLariat,FakeOut,PartingShot|Adamant||M|||50|]Sneasler||WhiteHerb|Unburden|CloseCombat,DireClaw,FakeOut,Protect|Adamant||M|||50|]Pelipper||LifeOrb|Drizzle|Hurricane,WeatherBall,IceBeam,Protect|Modest||F|||50|]Farigiraf||ColburBerry|ArmorTail|Psychic,Thunderbolt,TrickRoom,Protect|Quiet||M|||50|]Sinistcha||SitrusBerry|Hospitality|MatchaGotcha,RagePowder,TrickRoom,ShadowBall|Relaxed|||||50|
|inactive|Battle timer is ON: inactive players will automatically lose when time's up. (requested by UbeYMatcha)
|inactive|UbeYMatcha has 60 seconds left.
|
|t:|1782235266
|teamsize|p1|4
|teamsize|p2|4
|start
|switch|p1a: Tyranitar|Tyranitar, L50, F|100/100
|switch|p1b: Incineroar|Incineroar, L50, F|100/100
|switch|p2a: Sinistcha|Sinistcha, L50|100/100
|switch|p2b: Sneasler|Sneasler, L50, M|100/100
|-weather|Sandstorm|[from] ability: Sand Stream|[of] p1a: Tyranitar
|-ability|p1b: Incineroar|Intimidate|boost
|-unboost|p2a: Sinistcha|atk|1
|-unboost|p2b: Sneasler|atk|1
|-enditem|p2b: Sneasler|White Herb
|-clearnegativeboost|p2b: Sneasler|[silent]
|turn|1
|inactive|noka47 has 30 seconds left.
|inactive|noka47 has 20 seconds left.
|inactive|noka47 has 15 seconds left.
|
|t:|1782235309
|switch|p2a: Incineroar|Incineroar, L50, M|100/100
|-ability|p2a: Incineroar|Intimidate|boost
|-unboost|p1a: Tyranitar|atk|1
|-unboost|p1b: Incineroar|atk|1
|move|p2b: Sneasler|Fake Out|p1a: Tyranitar
|-resisted|p1a: Tyranitar|1
|-damage|p1a: Tyranitar|92/100
|cant|p1a: Tyranitar|flinch
|move|p1b: Incineroar|Flare Blitz|p2a: Incineroar
|-resisted|p2a: Incineroar|1
|-damage|p2a: Incineroar|78/100
|-damage|p1b: Incineroar|92/100|[from] Recoil
|
|-weather|Sandstorm|[upkeep]
|-damage|p2b: Sneasler|94/100|[from] Sandstorm
|-damage|p1b: Incineroar|86/100|[from] Sandstorm
|-damage|p2a: Incineroar|72/100|[from] Sandstorm
|upkeep
|turn|2
|inactive|noka47 has 30 seconds left.
|
|t:|1782235336
|switch|p1b: Klefki|Klefki, L50, F|100/100
|move|p2b: Sneasler|Close Combat|p1b: Klefki
|-damage|p1b: Klefki|22/100
|-unboost|p2b: Sneasler|def|1
|-unboost|p2b: Sneasler|spd|1
|move|p1a: Tyranitar|Rock Slide|p2a: Incineroar|[spread] p2a,p2b
|-supereffective|p2a: Incineroar|1
|-resisted|p2b: Sneasler|1
|-damage|p2a: Incineroar|32/100
|-damage|p2b: Sneasler|67/100
|move|p2a: Incineroar|Flare Blitz|p1b: Klefki
|-supereffective|p1b: Klefki|1
|-damage|p1b: Klefki|0 fnt
|faint|p1b: Klefki
|-damage|p2a: Incineroar|26/100|[from] Recoil
|
|-weather|Sandstorm|[upkeep]
|-damage|p2b: Sneasler|61/100|[from] Sandstorm
|-damage|p2a: Incineroar|20/100y|[from] Sandstorm
|upkeep
|
|t:|1782235345
|switch|p1b: Mr. Cuddles|Garchomp, L50, F|100/100
|turn|3
|
|t:|1782235362
|detailschange|p1b: Mr. Cuddles|Garchomp-Mega, L50, F
|-mega|p1b: Mr. Cuddles|Garchomp|Garchompite
|move|p2b: Sneasler|Protect|p2b: Sneasler
|-singleturn|p2b: Sneasler|Protect
|move|p1a: Tyranitar|Knock Off|p2a: Incineroar
|-resisted|p2a: Incineroar|1
|-damage|p2a: Incineroar|1/100
|-enditem|p2a: Incineroar|Passho Berry|[from] move: Knock Off|[of] p1a: Tyranitar
|move|p1b: Mr. Cuddles|Rock Slide|p2a: Incineroar|[spread] 
|-activate|p2b: Sneasler|move: Protect
|-miss|p1b: Mr. Cuddles|p2a: Incineroar
|move|p2a: Incineroar|Parting Shot|p1b: Mr. Cuddles
|-unboost|p1b: Mr. Cuddles|atk|1
|-unboost|p1b: Mr. Cuddles|spa|1
|
|t:|1782235375
|switch|p2a: Sinistcha|Sinistcha, L50|100/100|[from] Parting Shot
|-heal|p2b: Sneasler|86/100|[from] ability: Hospitality|[of] p2a: Sinistcha
|
|-weather|Sandstorm|[upkeep]
|-damage|p2b: Sneasler|80/100|[from] Sandstorm
|-damage|p2a: Sinistcha|93/100|[from] Sandstorm
|upkeep
|turn|4
|
|t:|1782235394
|switch|p2b: Incineroar|Incineroar, L50, M|1/100
|-ability|p2b: Incineroar|Intimidate|boost
|-unboost|p1a: Tyranitar|atk|1
|-unboost|p1b: Mr. Cuddles|atk|1
|move|p1a: Tyranitar|Protect|p1a: Tyranitar
|-singleturn|p1a: Tyranitar|Protect
|move|p1b: Mr. Cuddles|Earthquake|p2b: Incineroar|[spread] p2a,p2b
|-activate|p1a: Tyranitar|move: Protect
|-resisted|p2a: Sinistcha|1
|-crit|p2a: Sinistcha
|-supereffective|p2b: Incineroar|1
|-damage|p2a: Sinistcha|58/100
|-damage|p2b: Incineroar|0 fnt
|faint|p2b: Incineroar
|move|p2a: Sinistcha|Trick Room|p2a: Sinistcha
|-fieldstart|move: Trick Room|[of] p2a: Sinistcha
|
|-weather|Sandstorm|[upkeep]
|-damage|p2a: Sinistcha|52/100|[from] Sandstorm
|upkeep
|
|t:|1782235408
|switch|p2b: Mawile|Mawile, L50, F|100/100
|-ability|p2b: Mawile|Intimidate|boost
|-unboost|p1a: Tyranitar|atk|1
|-unboost|p1b: Mr. Cuddles|atk|1
|turn|5
|
|t:|1782235419
|switch|p1a: Incineroar|Incineroar, L50, F|86/100
|-ability|p1a: Incineroar|Intimidate|boost
|-unboost|p2a: Sinistcha|atk|1
|-unboost|p2b: Mawile|atk|1
|detailschange|p2b: Mawile|Mawile-Mega, L50, F
|-mega|p2b: Mawile|Mawile|Mawilite
|move|p1b: Mr. Cuddles|Protect|p1b: Mr. Cuddles
|-singleturn|p1b: Mr. Cuddles|Protect
|move|p2b: Mawile|Play Rough|p1a: Incineroar
|-damage|p1a: Incineroar|36/100
|move|p2a: Sinistcha|Matcha Gotcha|p1a: Incineroar|[spread] p1a
|-activate|p1b: Mr. Cuddles|move: Protect
|-resisted|p1a: Incineroar|1
|-damage|p1a: Incineroar|25/100
|-heal|p2a: Sinistcha|58/100|[from] drain|[of] p1a: Incineroar
|
|-weather|none
|upkeep
|turn|6
|inactive|noka47 has 30 seconds left.
|
|t:|1782235450
|switch|p1b: Tyranitar|Tyranitar, L50, F|92/100
|-weather|Sandstorm|[from] ability: Sand Stream|[of] p1b: Tyranitar
|move|p1a: Incineroar|Fake Out|p2b: Mawile
|-resisted|p2b: Mawile|1
|-damage|p2b: Mawile|94/100
|cant|p2b: Mawile|flinch
|move|p2a: Sinistcha|Matcha Gotcha|p1b: Tyranitar|[spread] p1a
|-miss|p2a: Sinistcha|p1b: Tyranitar
|-resisted|p1a: Incineroar|1
|-damage|p1a: Incineroar|14/100
|-heal|p2a: Sinistcha|64/100|[from] drain|[of] p1a: Incineroar
|
|-weather|Sandstorm|[upkeep]
|-damage|p1a: Incineroar|8/100|[from] Sandstorm
|-damage|p2a: Sinistcha|58/100|[from] Sandstorm
|upkeep
|turn|7
|
|t:|1782235469
|move|p1b: Tyranitar|Protect|p1b: Tyranitar
|-singleturn|p1b: Tyranitar|Protect
|move|p2b: Mawile|Iron Head|p1a: Incineroar
|-resisted|p1a: Incineroar|1
|-damage|p1a: Incineroar|0 fnt
|faint|p1a: Incineroar
|move|p2a: Sinistcha|Matcha Gotcha|p1b: Tyranitar
|-activate|p1b: Tyranitar|move: Protect
|
|-weather|Sandstorm|[upkeep]
|-damage|p2a: Sinistcha|52/100|[from] Sandstorm
|upkeep
|
|t:|1782235471
|switch|p1a: Mr. Cuddles|Garchomp-Mega, L50, F|100/100
|turn|8
|inactive|noka47 has 30 seconds left.
|
|t:|1782235501
|move|p2b: Mawile|Iron Head|p1b: Tyranitar
|-supereffective|p1b: Tyranitar|1
|-damage|p1b: Tyranitar|0 fnt
|faint|p1b: Tyranitar
|move|p2a: Sinistcha|Matcha Gotcha|p1a: Mr. Cuddles
|-damage|p1a: Mr. Cuddles|71/100
|-heal|p2a: Sinistcha|69/100|[from] drain|[of] p1a: Mr. Cuddles
|-status|p1a: Mr. Cuddles|brn
|move|p1a: Mr. Cuddles|Earthquake|p2a: Sinistcha|[spread] p2a,p2b
|-resisted|p2a: Sinistcha|1
|-supereffective|p2b: Mawile|1
|-damage|p2a: Sinistcha|58/100
|-damage|p2b: Mawile|30/100
|
|-weather|Sandstorm|[upkeep]
|-damage|p2a: Sinistcha|52/100|[from] Sandstorm
|-damage|p1a: Mr. Cuddles|64/100 brn|[from] brn
|-fieldend|move: Trick Room
|upkeep
|turn|9
|-message|UbeYMatcha forfeited.
|
|win|noka47
|raw|UbeYMatcha's rating: 1233 → 1203(-30 for losing)
|raw|noka47's rating: 1164 → 1194(+30 for winning)
|c|☆UbeYMatcha|Gg
|c|☆noka47|gg
|l|☆UbeYMatcha
|player|p1|
|l|☆noka47
|player|p2|
|j|☆noka47
|player|p2|noka47|101|
