|j|☆atmospherevgc
|j|☆LogIce
|html|atmospherevgcLogIce    
|uhtml|bestof|Game 2 of a best-of-3
|t:|1783174641
|gametype|doubles
|player|p1|atmospherevgc|nate|
|player|p2|LogIce|#rbtt9travelers|
|gen|9
|tier|[Gen 9 Champions] VGC 2026 Reg M-B (Bo3)
|rule|Species Clause: Limit one of each Pokémon
|rule|Item Clause: Limit 1 of each item
|clearpoke
|poke|p1|Volcarona, L50, M|
|poke|p1|Metagross, L50|
|poke|p1|Hydreigon, L50, F|
|poke|p1|Staraptor, L50, M|
|poke|p1|Vileplume, L50, M|
|poke|p1|Grimmsnarl, L50, M|
|poke|p2|Floette-Eternal, L50, F|
|poke|p2|Charizard, L50, F|
|poke|p2|Whimsicott, L50, M|
|poke|p2|Garchomp, L50, F|
|poke|p2|Basculegion, L50, M|
|poke|p2|Kingambit, L50, M|
|teampreview|4
|showteam|p1|Volcarona||Leftovers|FlameBody|HeatWave,QuiverDance,GigaDrain,Protect|Modest||M|||50|]Metagross||Metagrossite|ClearBody|MeteorMash,IcePunch,StompingTantrum,Protect|Adamant|||||50|]Hydreigon||ChoiceScarf|Levitate|Snarl,DracoMeteor,EarthPower,HeadSmash|Timid||F|||50|]Staraptor||Staraptite|Intimidate|BraveBird,CloseCombat,Roost,Tailwind|Jolly||M|||50|]Vileplume||OccaBerry|Chlorophyll|GigaDrain,SludgeBomb,StrengthSap,SleepPowder|Bold||M|||50|]Grimmsnarl||RoseliBerry|Prankster|FakeOut,PartingShot,SpiritBreak,Reflect|Careful||M|||50|
|showteam|p2|Floette-Eternal||Floettite|FlowerVeil|Moonblast,DazzlingGleam,LightofRuin,Protect|Timid||F|||50|]Charizard||CharizarditeY|Blaze|HeatWave,WeatherBall,SolarBeam,Protect|Modest||F|||50|]Whimsicott||FocusSash|Prankster|Moonblast,Encore,Tailwind,Protect|Timid||M|||50|]Garchomp||LifeOrb|RoughSkin|DragonClaw,StompingTantrum,RockSlide,Protect|Jolly||F|||50|]Basculegion||MysticWater|Adaptability|WaveCrash,LastRespects,AquaJet,Protect|Adamant||M|||50|]Kingambit||BlackGlasses|Defiant|KowtowCleave,IronHead,SuckerPunch,Protect|Adamant||M|||50|
|j| Ayabe0119
|j| Feyette
|
|t:|1783174696
|teamsize|p1|4
|teamsize|p2|4
|start
|switch|p1a: Vileplume|Vileplume, L50, M|100/100
|switch|p1b: Grimmsnarl|Grimmsnarl, L50, M|100/100
|switch|p2a: Whimsicott|Whimsicott, L50, M|100/100
|switch|p2b: Garchomp|Garchomp, L50, F|100/100
|turn|1
|
|t:|1783174753
|move|p2a: Whimsicott|Protect|p2a: Whimsicott
|-singleturn|p2a: Whimsicott|Protect
|move|p2b: Garchomp|Protect|p2b: Garchomp
|-singleturn|p2b: Garchomp|Protect
|move|p1b: Grimmsnarl|Reflect|p1b: Grimmsnarl
|-sidestart|p1: atmospherevgc|Reflect
|move|p1a: Vileplume|Sleep Powder|p2b: Garchomp
|-activate|p2b: Garchomp|move: Protect
|
|upkeep
|turn|2
|
|t:|1783174771
|move|p2a: Whimsicott|Encore|p1a: Vileplume
|-start|p1a: Vileplume|Encore
|move|p1b: Grimmsnarl|Parting Shot|p2b: Garchomp
|-unboost|p2b: Garchomp|atk|1
|-unboost|p2b: Garchomp|spa|1
|
|t:|1783174777
|switch|p1b: Volcarona|Volcarona, L50, M|100/100|[from] Parting Shot
|move|p2b: Garchomp|Dragon Claw|p1a: Vileplume
|-damage|p1a: Vileplume|78/100
|-damage|p2b: Garchomp|90/100|[from] item: Life Orb
|move|p1a: Vileplume|Sleep Powder|p2b: Garchomp
|-status|p2b: Garchomp|slp|[from] move: Sleep Powder
|
|upkeep
|turn|3
|
|t:|1783174794
|switch|p2b: Charizard|Charizard, L50, F|100/100
|switch|p1a: Grimmsnarl|Grimmsnarl, L50, M|100/100
|move|p2a: Whimsicott|Tailwind|p2a: Whimsicott
|-sidestart|p2: LogIce|move: Tailwind
|move|p1b: Volcarona|Quiver Dance|p1b: Volcarona
|-boost|p1b: Volcarona|spa|1
|-boost|p1b: Volcarona|spd|1
|-boost|p1b: Volcarona|spe|1
|
|upkeep
|turn|4
|
|t:|1783174808
|detailschange|p2b: Charizard|Charizard-Mega-Y, L50, F
|-mega|p2b: Charizard|Charizard|Charizardite Y
|-weather|SunnyDay|[from] ability: Drought|[of] p2b: Charizard
|move|p2a: Whimsicott|Protect|p2a: Whimsicott
|-singleturn|p2a: Whimsicott|Protect
|move|p1a: Grimmsnarl|Fake Out|p2a: Whimsicott
|-activate|p2a: Whimsicott|move: Protect
|move|p2b: Charizard|Weather Ball|p1a: Grimmsnarl
|-crit|p1a: Grimmsnarl
|-damage|p1a: Grimmsnarl|0 fnt
|faint|p1a: Grimmsnarl
|move|p1b: Volcarona|Heat Wave|p2b: Charizard|[spread] p2b
|-activate|p2a: Whimsicott|move: Protect
|-resisted|p2b: Charizard|1
|-damage|p2b: Charizard|64/100
|
|-weather|SunnyDay|[upkeep]
|upkeep
|
|t:|1783174827
|switch|p1a: Vileplume|Vileplume, L50, M|78/100
|turn|5
|j| gretchen grundler
|
|t:|1783174853
|switch|p1a: Hydreigon|Hydreigon, L50, F|100/100
|move|p2a: Whimsicott|Encore|p1b: Volcarona
|-start|p1b: Volcarona|Encore
|move|p2b: Charizard|Weather Ball|p1a: Hydreigon
|-resisted|p1a: Hydreigon|1
|-crit|p1a: Hydreigon
|-damage|p1a: Hydreigon|15/100
|move|p1b: Volcarona|Heat Wave|p2b: Charizard|[spread] p2a,p2b
|-supereffective|p2a: Whimsicott|1
|-crit|p2a: Whimsicott
|-resisted|p2b: Charizard|1
|-enditem|p2a: Whimsicott|Focus Sash
|-damage|p2a: Whimsicott|1/100
|-damage|p2b: Charizard|24/100
|
|-weather|SunnyDay|[upkeep]
|-sideend|p1: atmospherevgc|Reflect
|upkeep
|turn|6
|
|t:|1783174871
|switch|p1a: Vileplume|Vileplume, L50, M|78/100
|move|p2a: Whimsicott|Protect|p2a: Whimsicott
|-singleturn|p2a: Whimsicott|Protect
|move|p2b: Charizard|Heat Wave|p1a: Vileplume|[spread] p1a,p1b
|-supereffective|p1a: Vileplume|1
|-enditem|p1a: Vileplume|Occa Berry|[eat]
|-enditem|p1a: Vileplume|Occa Berry|[weaken]
|-damage|p1a: Vileplume|14/100
|-damage|p1b: Volcarona|65/100
|move|p1b: Volcarona|Heat Wave|p2a: Whimsicott|[spread] 
|-activate|p2a: Whimsicott|move: Protect
|-miss|p1b: Volcarona|p2b: Charizard
|
|-weather|SunnyDay|[upkeep]
|-heal|p1b: Volcarona|71/100|[from] item: Leftovers
|-sideend|p2: LogIce|move: Tailwind
|upkeep
|turn|7
|
|t:|1783174898
|move|p2a: Whimsicott|Tailwind|p2a: Whimsicott
|-sidestart|p2: LogIce|move: Tailwind
|move|p2b: Charizard|Heat Wave|p1b: Volcarona|[spread] p1a,p1b
|-supereffective|p1a: Vileplume|1
|-damage|p1a: Vileplume|0 fnt
|-damage|p1b: Volcarona|33/100
|faint|p1a: Vileplume
|move|p1b: Volcarona|Heat Wave|p2a: Whimsicott|[spread] p2a,p2b
|-supereffective|p2a: Whimsicott|1
|-resisted|p2b: Charizard|1
|-damage|p2a: Whimsicott|0 fnt
|-damage|p2b: Charizard|0 fnt
|faint|p2a: Whimsicott
|faint|p2b: Charizard
|
|-weather|SunnyDay|[upkeep]
|-heal|p1b: Volcarona|40/100|[from] item: Leftovers
|-end|p1b: Volcarona|Encore
|upkeep
|
|t:|1783174903
|switch|p2a: Kingambit|Kingambit, L50, M|100/100
|switch|p2b: Garchomp|Garchomp, L50, F|90/100 slp
|switch|p1a: Hydreigon|Hydreigon, L50, F|15/100
|turn|8
|l| gretchen grundler
|
|t:|1783174913
|move|p2a: Kingambit|Sucker Punch|p1b: Volcarona
|-damage|p1b: Volcarona|0 fnt
|faint|p1b: Volcarona
|cant|p2b: Garchomp|slp
|move|p1a: Hydreigon|Draco Meteor|p2b: Garchomp
|-supereffective|p2b: Garchomp|1
|-crit|p2b: Garchomp
|-damage|p2b: Garchomp|0 fnt
|-unboost|p1a: Hydreigon|spa|2
|faint|p2b: Garchomp
|
|-weather|none
|upkeep
|turn|9
|
|t:|1783174921
|move|p1a: Hydreigon|Draco Meteor|p2a: Kingambit
|-resisted|p2a: Kingambit|1
|-damage|p2a: Kingambit|84/100
|-unboost|p1a: Hydreigon|spa|2
|move|p2a: Kingambit|Iron Head|p1a: Hydreigon
|-damage|p1a: Hydreigon|0 fnt
|faint|p1a: Hydreigon
|
|win|LogIce
||LogIce is ready for game 3.
|inactive|atmospherevgc has 30 seconds to confirm battle start!
||atmospherevgc is ready for game 3.
|uhtml|next|Next: Game 3 of 3
|j| gretchen grundler
|l| gretchen grundler
|j| repeatt
|l| repeatt
|j| repeatt
|l| repeatt
