|j|☆informtech
|j|☆Funes Buque
|html|informtechFunes Buque    
|uhtml|bestof|Game 1 of a best-of-3
|t:|1783105810
|gametype|doubles
|player|p1|informtech|lucas|1132
|player|p2|Funes Buque|steven|1172
|gen|9
|tier|[Gen 9 Champions] VGC 2026 Reg M-B (Bo3)
|rated|
|rule|Species Clause: Limit one of each Pokémon
|rule|Item Clause: Limit 1 of each item
|clearpoke
|poke|p1|Staraptor, L50, F|
|poke|p1|Whimsicott, L50, M|
|poke|p1|Basculegion, L50, M|
|poke|p1|Garchomp, L50, F|
|poke|p1|Charizard, L50, F|
|poke|p1|Kingambit, L50, M|
|poke|p2|Grimmsnarl, L50, M|
|poke|p2|Staraptor, L50, F|
|poke|p2|Garchomp, L50, F|
|poke|p2|Delphox, L50, F|
|poke|p2|Ninetales-Alola, L50, F|
|poke|p2|Milotic, L50, F|
|teampreview|4
|showteam|p1|Staraptor||Staraptite|Intimidate|CloseCombat,DualWingbeat,Protect,Roost|Adamant||F|||50|]Whimsicott||FocusSash|Prankster|Tailwind,TrickRoom,Moonblast,Tickle|Quiet||M|||50|]Basculegion||LifeOrb|Adaptability|LastRespects,Protect,AquaJet,WaveCrash|Jolly||M|||50|]Garchomp||ExpertBelt|RoughSkin|DragonClaw,RockTomb,Earthquake,Protect|Adamant||F|||50|]Charizard||CharizarditeY|SolarPower|HeatWave,AirSlash,SolarBeam,Protect|Modest||F|||50|]Kingambit||BlackGlasses|Defiant|KowtowCleave,SuckerPunch,Protect,IronHead|Adamant||M|||50|
|showteam|p2|Grimmsnarl||LightClay|Prankster|SpiritBreak,ScaryFace,LightScreen,Reflect|Careful||M|||50|]Staraptor||Staraptite|Intimidate|CloseCombat,DualWingbeat,Protect,Roost|Adamant||F|||50|]Garchomp||LifeOrb|RoughSkin|Earthquake,DragonClaw,Protect,RockSlide|Adamant||F|||50|]Delphox||Delphoxite|Blaze|HeatWave,Psychic,Protect,NastyPlot|Timid||F|||50|]Ninetales-Alola||NeverMeltIce|SnowWarning|Blizzard,FreezeDry,Protect,Encore|Timid||F|||50|]Milotic||Leftovers|Competitive|MuddyWater,Hypnosis,Coil,Protect|Calm||F|||50|
|inactive|Battle timer is ON: inactive players will automatically lose when time's up. (requested by Funes Buque)
|inactive|informtech has 60 seconds left.
|
|t:|1783105877
|teamsize|p1|4
|teamsize|p2|4
|start
|switch|p1a: Staraptor|Staraptor, L50, F|100/100
|switch|p1b: Whimsicott|Whimsicott, L50, M|100/100
|switch|p2a: Grimmsnarl|Grimmsnarl, L50, M|100/100
|switch|p2b: Milotic|Milotic, L50, F|100/100
|-ability|p1a: Staraptor|Intimidate|boost
|-unboost|p2a: Grimmsnarl|atk|1
|-unboost|p2b: Milotic|atk|1
|-ability|p2b: Milotic|Competitive|boost
|-boost|p2b: Milotic|spa|2
|turn|1
|
|t:|1783105896
|detailschange|p1a: Staraptor|Staraptor-Mega, L50, F
|-mega|p1a: Staraptor|Staraptor|Staraptite
|move|p1b: Whimsicott|Tailwind|p1b: Whimsicott
|-sidestart|p1: informtech|move: Tailwind
|move|p2a: Grimmsnarl|Reflect|p2a: Grimmsnarl
|-sidestart|p2: Funes Buque|Reflect
|move|p1a: Staraptor|Close Combat|p2a: Grimmsnarl
|-damage|p2a: Grimmsnarl|50/100g
|-boost|p1a: Staraptor|def|1
|-boost|p1a: Staraptor|spd|1
|move|p2b: Milotic|Coil|p2b: Milotic
|-boost|p2b: Milotic|atk|1
|-boost|p2b: Milotic|def|1
|-boost|p2b: Milotic|accuracy|1
|
|upkeep
|turn|2
|inactive|informtech has 30 seconds left.
|inactive|Funes Buque has 30 seconds left.
|inactive|informtech has 20 seconds left.
|
|t:|1783105932
|move|p1b: Whimsicott|Tickle|p1a: Staraptor
|-boost|p1a: Staraptor|atk|1
|-boost|p1a: Staraptor|def|1
|move|p1a: Staraptor|Close Combat|p2a: Grimmsnarl
|-damage|p2a: Grimmsnarl|0 fnt
|-boost|p1a: Staraptor|def|1
|-boost|p1a: Staraptor|spd|1
|faint|p2a: Grimmsnarl
|move|p2b: Milotic|Muddy Water|p1a: Staraptor|[spread] p1a,p1b
|-resisted|p1b: Whimsicott|1
|-damage|p1a: Staraptor|78/100
|-damage|p1b: Whimsicott|69/100
|
|upkeep
|
|t:|1783105949
|switch|p2a: Ninetales|Ninetales-Alola, L50, F|100/100
|-weather|Snowscape|[from] ability: Snow Warning|[of] p2a: Ninetales
|turn|3
|
|t:|1783105974
|move|p1a: Staraptor|Close Combat|p2b: Milotic
|-damage|p2b: Milotic|61/100
|-boost|p1a: Staraptor|def|1
|-boost|p1a: Staraptor|spd|1
|move|p1b: Whimsicott|Moonblast|p2a: Ninetales
|-damage|p2a: Ninetales|55/100
|move|p2a: Ninetales|Blizzard|p1a: Staraptor|[spread] p1a,p1b
|-supereffective|p1a: Staraptor|1
|-supereffective|p1b: Whimsicott|1
|-damage|p1a: Staraptor|45/100
|-damage|p1b: Whimsicott|0 fnt
|faint|p1b: Whimsicott
|move|p2b: Milotic|Muddy Water|p1a: Staraptor
|-damage|p1a: Staraptor|21/100
|
|-weather|Snowscape|[upkeep]
|-heal|p2b: Milotic|67/100|[from] item: Leftovers
|upkeep
|
|t:|1783105986
|switch|p1b: Kingambit|Kingambit, L50, M|100/100
|turn|4
|inactive|Funes Buque has 30 seconds left.
|
|t:|1783106012
|move|p2a: Ninetales|Protect|p2a: Ninetales
|-singleturn|p2a: Ninetales|Protect
|move|p1a: Staraptor|Roost|p1a: Staraptor
|-heal|p1a: Staraptor|72/100
|-singleturn|p1a: Staraptor|move: Roost
|move|p1b: Kingambit|Iron Head|p2a: Ninetales
|-activate|p2a: Ninetales|move: Protect
|move|p2b: Milotic|Muddy Water|p1b: Kingambit|[spread] p1a,p1b
|-damage|p1a: Staraptor|54/100
|-damage|p1b: Kingambit|56/100
|-boost|p1a: Staraptor|accuracy|1
|-unboost|p1b: Kingambit|accuracy|1
|-ability|p1b: Kingambit|Defiant|boost
|-boost|p1b: Kingambit|atk|2
|
|-weather|Snowscape|[upkeep]
|-heal|p2b: Milotic|73/100|[from] item: Leftovers
|-sideend|p1: informtech|move: Tailwind
|upkeep
|turn|5
|
|t:|1783106030
|move|p2a: Ninetales|Blizzard|p1b: Kingambit|[spread] p1a,p1b
|-supereffective|p1a: Staraptor|1
|-resisted|p1b: Kingambit|1
|-damage|p1a: Staraptor|23/100
|-damage|p1b: Kingambit|37/100
|move|p1a: Staraptor|Roost|p1a: Staraptor
|-heal|p1a: Staraptor|73/100
|-singleturn|p1a: Staraptor|move: Roost
|move|p2b: Milotic|Muddy Water|p1a: Staraptor|[spread] p1a,p1b
|-damage|p1a: Staraptor|56/100
|-damage|p1b: Kingambit|0 fnt
|-boost|p1a: Staraptor|accuracy|1
|faint|p1b: Kingambit
|
|-weather|Snowscape|[upkeep]
|-heal|p2b: Milotic|79/100|[from] item: Leftovers
|upkeep
|
|t:|1783106034
|switch|p1b: Basculegion|Basculegion, L50, M|100/100
|turn|6
|
|t:|1783106057
|move|p2a: Ninetales|Freeze-Dry|p1b: Basculegion
|-supereffective|p1b: Basculegion|1
|-damage|p1b: Basculegion|38/100
|move|p1a: Staraptor|Roost|p1a: Staraptor
|-heal|p1a: Staraptor|100/100
|-singleturn|p1a: Staraptor|move: Roost
|move|p1b: Basculegion|Last Respects|p2a: Ninetales
|-damage|p2a: Ninetales|0 fnt
|faint|p2a: Ninetales
|-damage|p1b: Basculegion|29/100|[from] item: Life Orb
|move|p2b: Milotic|Hypnosis|p1a: Staraptor|[miss]
|-miss|p2b: Milotic|p1a: Staraptor
|
|-weather|Snowscape|[upkeep]
|-heal|p2b: Milotic|85/100|[from] item: Leftovers
|upkeep
|
|t:|1783106068
|switch|p2a: Staraptor|Staraptor, L50, F|100/100
|-ability|p2a: Staraptor|Intimidate|boost
|-boost|p1a: Staraptor|atk|1
|-unboost|p1b: Basculegion|atk|1
|turn|7
|
|t:|1783106081
|detailschange|p2a: Staraptor|Staraptor-Mega, L50, F
|-mega|p2a: Staraptor|Staraptor|Staraptite
|move|p2a: Staraptor|Dual Wingbeat|p1b: Basculegion
|-damage|p1b: Basculegion|8/100
|-damage|p1b: Basculegion|0 fnt
|faint|p1b: Basculegion
|-hitcount|p1: Basculegion|2
|move|p1a: Staraptor|Close Combat|p2a: Staraptor
|-resisted|p2a: Staraptor|1
|-damage|p2a: Staraptor|50/100g
|-boost|p1a: Staraptor|def|1
|-boost|p1a: Staraptor|spd|1
|move|p2b: Milotic|Hypnosis|p1a: Staraptor|[miss]
|-miss|p2b: Milotic|p1a: Staraptor
|
|-weather|none
|-heal|p2b: Milotic|91/100|[from] item: Leftovers
|upkeep
|turn|8
|
|t:|1783106100
|move|p2a: Staraptor|Roost|p2a: Staraptor
|-heal|p2a: Staraptor|100/100
|-singleturn|p2a: Staraptor|move: Roost
|move|p1a: Staraptor|Close Combat|p2a: Staraptor
|-damage|p2a: Staraptor|4/100
|-boost|p1a: Staraptor|def|1
|-boost|p1a: Staraptor|spd|1
|move|p2b: Milotic|Hypnosis|p1a: Staraptor
|-status|p1a: Staraptor|slp|[from] move: Hypnosis
|
|-heal|p2b: Milotic|97/100|[from] item: Leftovers
|-sideend|p2: Funes Buque|Reflect
|upkeep
|turn|9
|
|t:|1783106113
|cant|p1a: Staraptor|slp
|move|p2a: Staraptor|Dual Wingbeat|p1a: Staraptor
|-supereffective|p1a: Staraptor|1
|-damage|p1a: Staraptor|87/100 slp
|-supereffective|p1a: Staraptor|1
|-damage|p1a: Staraptor|76/100 slp
|-hitcount|p1a: Staraptor|2
|move|p2b: Milotic|Muddy Water|p1a: Staraptor
|-damage|p1a: Staraptor|59/100 slp
|-boost|p1a: Staraptor|accuracy|1
|
|-heal|p2b: Milotic|100/100|[from] item: Leftovers
|upkeep
|turn|10
|
|t:|1783106125
|move|p2a: Staraptor|Protect|p2a: Staraptor
|-singleturn|p2a: Staraptor|Protect
|-curestatus|p1a: Staraptor|slp|[msg]
|move|p1a: Staraptor|Protect|p1a: Staraptor
|-singleturn|p1a: Staraptor|Protect
|move|p2b: Milotic|Muddy Water|p1a: Staraptor
|-activate|p1a: Staraptor|move: Protect
|
|upkeep
|turn|11
|
|t:|1783106134
|move|p2a: Staraptor|Dual Wingbeat|p1a: Staraptor
|-supereffective|p1a: Staraptor|1
|-damage|p1a: Staraptor|45/100
|-supereffective|p1a: Staraptor|1
|-damage|p1a: Staraptor|32/100
|-hitcount|p1a: Staraptor|2
|move|p1a: Staraptor|Close Combat|p2a: Staraptor
|-resisted|p2a: Staraptor|1
|-damage|p2a: Staraptor|0 fnt
|-boost|p1a: Staraptor|spd|1
|faint|p2a: Staraptor
|move|p2b: Milotic|Muddy Water|p1a: Staraptor
|-damage|p1a: Staraptor|16/100
|
|upkeep
|turn|12
|
|t:|1783106148
|move|p1a: Staraptor|Roost|p1a: Staraptor
|-heal|p1a: Staraptor|67/100
|-singleturn|p1a: Staraptor|move: Roost
|move|p2b: Milotic|Muddy Water|p1a: Staraptor
|-damage|p1a: Staraptor|52/100
|
|upkeep
|turn|13
|
|t:|1783106160
|move|p1a: Staraptor|Close Combat|p2b: Milotic
|-damage|p2b: Milotic|11/100
|move|p2b: Milotic|Muddy Water|p1a: Staraptor
|-damage|p1a: Staraptor|37/100
|
|-heal|p2b: Milotic|17/100|[from] item: Leftovers
|upkeep
|turn|14
|
|t:|1783106170
|move|p1a: Staraptor|Close Combat|p2b: Milotic
|-damage|p2b: Milotic|0 fnt
|faint|p2b: Milotic
|
|win|informtech
