|j|☆RosieAndJim
|j|☆meance
|html|RosieAndJimmeance    
|uhtml|bestof|Game 2 of a best-of-3
|t:|1756667848
|gametype|doubles
|player|p1|RosieAndJim|169|1084
|player|p2|meance|169|1019
|gen|9
|tier|[Gen 9] VGC 2025 Reg H (Bo3)
|rated|
|rule|Species Clause: Limit one of each Pokémon
|rule|Item Clause: Limit 1 of each item
|clearpoke
|poke|p1|Archaludon, L50, F|
|poke|p1|Garchomp, L50, F|
|poke|p1|Incineroar, L50, F|
|poke|p1|Pelipper, L50, M|
|poke|p1|Talonflame, L50, M|
|poke|p1|Armarouge, L50, M|
|poke|p2|Ursaluna, L50, F|
|poke|p2|Hawlucha, L50, F|
|poke|p2|Rillaboom, L50, M|
|poke|p2|Dragonite, L50, F|
|poke|p2|Annihilape, L50, M|
|poke|p2|Incineroar, L50, F|
|teampreview|4
|showteam|p1|Archaludon||AssaultVest|Stamina|ElectroShot,DragonPulse,BodyPress,Snarl|||F|||50|,,,,,Grass]Garchomp||LifeOrb|RoughSkin|Earthquake,DragonClaw,StompingTantrum,Protect|||F|||50|,,,,,Ground]Incineroar||SafetyGoggles|Intimidate|FlareBlitz,KnockOff,PartingShot,FakeOut|||F|||50|,,,,,Ghost]Pelipper||FocusSash|Drizzle|WeatherBall,Hurricane,Tailwind,Protect|||M|||50|,,,,,Stellar]Talonflame||CovertCloak|GaleWings|BraveBird,Tailwind,Taunt,RainDance|||M|||50|,,,,,Flying]Armarouge||PsychicSeed|FlashFire|ExpandingForce,ArmorCannon,WideGuard,Protect|||M|||50|,,,,,Grass
|showteam|p2|Ursaluna||FlameOrb|Guts|Facade,HeadlongRush,Earthquake,Protect|||F|||50|,,,,,Fairy]Hawlucha||GrassySeed|Unburden|Acrobatics,Coaching,Protect,CloseCombat|||F|||50|,,,,,Ghost]Rillaboom||AssaultVest|GrassySurge|WoodHammer,GrassyGlide,FakeOut,Uturn|||M|||50|,,,,,Fire]Dragonite||LoadedDice|Multiscale|ExtremeSpeed,ScaleShot,Protect,Tailwind|||F|||50|,,,,,Normal]Annihilape||Leftovers|Defiant|DrainPunch,BulkUp,RageFist,Protect|||M|||50|,,,,,Water]Incineroar||SafetyGoggles|Intimidate|KnockOff,FlareBlitz,FakeOut,PartingShot|||F|||50|,,,,,Ghost
|inactive|Battle timer is ON: inactive players will automatically lose when time's up. (requested by RosieAndJim)
|
|t:|1756667896
|teamsize|p1|4
|teamsize|p2|4
|start
|switch|p1a: Talonflame|Talonflame, L50, M|100/100
|switch|p1b: Garchomp|Garchomp, L50, F|100/100
|switch|p2a: Dragonite|Dragonite, L50, F|100/100
|switch|p2b: Incineroar|Incineroar, L50, F|100/100
|-ability|p2b: Incineroar|Intimidate|boost
|-unboost|p1a: Talonflame|atk|1
|-unboost|p1b: Garchomp|atk|1
|turn|1
|inactive|RosieAndJim has 30 seconds left.
|inactive|meance has 30 seconds left.
|inactive|RosieAndJim has 20 seconds left.
|
|t:|1756667935
|switch|p1b: Incineroar|Incineroar, L50, F|100/100
|-ability|p1b: Incineroar|Intimidate|boost
|-unboost|p2a: Dragonite|atk|1
|-unboost|p2b: Incineroar|atk|1
|move|p2b: Incineroar|Fake Out|p1b: Incineroar
|-damage|p1b: Incineroar|94/100
|move|p1a: Talonflame|Taunt|p2a: Dragonite
|-start|p2a: Dragonite|move: Taunt
|move|p2a: Dragonite|Scale Shot|p1a: Talonflame
|-damage|p1a: Talonflame|87/100
|-damage|p1a: Talonflame|74/100
|-damage|p1a: Talonflame|60/100
|-crit|p1a: Talonflame
|-damage|p1a: Talonflame|29/100
|-hitcount|p1a: Talonflame|4
|-unboost|p2a: Dragonite|def|1
|-boost|p2a: Dragonite|spe|1
|
|upkeep
|turn|2
|inactive|meance has 30 seconds left.
|inactive|meance has 20 seconds left.
|
|t:|1756667975
|switch|p2a: Rillaboom|Rillaboom, L50, M|100/100
|-fieldstart|move: Grassy Terrain|[from] ability: Grassy Surge|[of] p2a: Rillaboom
|move|p1b: Incineroar|Fake Out|p2a: Rillaboom
|-damage|p2a: Rillaboom|89/100
|move|p1a: Talonflame|Tailwind|p1a: Talonflame
|-sidestart|p1: RosieAndJim|move: Tailwind
|move|p2b: Incineroar|Knock Off|p1a: Talonflame
|-damage|p1a: Talonflame|0 fnt
|-enditem|p1a: Talonflame|Covert Cloak|[from] move: Knock Off|[of] p2b: Incineroar
|faint|p1a: Talonflame
|
|-heal|p1b: Incineroar|99/100|[from] Grassy Terrain
|-heal|p2a: Rillaboom|95/100|[from] Grassy Terrain
|upkeep
|
|t:|1756667990
|switch|p1a: Pelipper|Pelipper, L50, M|100/100
|-weather|RainDance|[from] ability: Drizzle|[of] p1a: Pelipper
|turn|3
|inactive|RosieAndJim has 30 seconds left.
|inactive|meance has 30 seconds left.
|
|t:|1756668020
|switch|p2b: Dragonite|Dragonite, L50, F|100/100
|move|p2a: Rillaboom|Fake Out|p1b: Incineroar
|-damage|p1b: Incineroar|87/100
|move|p1a: Pelipper|Hurricane|p2a: Rillaboom
|-supereffective|p2a: Rillaboom
|-damage|p2a: Rillaboom|22/100
|cant|p1b: Incineroar|flinch
|
|-weather|RainDance|[upkeep]
|-heal|p1b: Incineroar|93/100|[from] Grassy Terrain
|-heal|p2a: Rillaboom|27/100|[from] Grassy Terrain
|upkeep
|turn|4
|
|t:|1756668043
|move|p2a: Rillaboom|Grassy Glide|p1a: Pelipper
|-damage|p1a: Pelipper|47/100
|move|p1a: Pelipper|Hurricane|p2b: Dragonite
|-damage|p2b: Dragonite|75/100
|move|p1b: Incineroar|Parting Shot|p2b: Dragonite
|-unboost|p2b: Dragonite|atk|1
|-unboost|p2b: Dragonite|spa|1
|
|t:|1756668051
|switch|p1b: Garchomp|Garchomp, L50, F|100/100|[from] Parting Shot
|move|p2b: Dragonite|Scale Shot|p1b: Garchomp
|-supereffective|p1b: Garchomp
|-damage|p1b: Garchomp|83/100
|-supereffective|p1b: Garchomp
|-damage|p1b: Garchomp|64/100
|-supereffective|p1b: Garchomp
|-damage|p1b: Garchomp|44/100
|-supereffective|p1b: Garchomp
|-damage|p1b: Garchomp|24/100
|-supereffective|p1b: Garchomp
|-damage|p1b: Garchomp|5/100
|-hitcount|p1b: Garchomp|5
|-unboost|p2b: Dragonite|def|1
|-boost|p2b: Dragonite|spe|1
|
|-weather|RainDance|[upkeep]
|-heal|p1b: Garchomp|11/100|[from] Grassy Terrain
|-heal|p2a: Rillaboom|33/100|[from] Grassy Terrain
|upkeep
|turn|5
|inactive|RosieAndJim has 30 seconds left.
|inactive|meance has 30 seconds left.
|inactive|meance has 20 seconds left.
|
|t:|1756668090
|switch|p1a: Incineroar|Incineroar, L50, F|93/100
|-ability|p1a: Incineroar|Intimidate|boost
|-unboost|p2a: Rillaboom|atk|1
|-unboost|p2b: Dragonite|atk|1
|switch|p2b: Incineroar|Incineroar, L50, F|100/100
|-ability|p2b: Incineroar|Intimidate|boost
|-unboost|p1a: Incineroar|atk|1
|-unboost|p1b: Garchomp|atk|1
|move|p2a: Rillaboom|Grassy Glide|p1b: Garchomp
|-damage|p1b: Garchomp|0 fnt
|-damage|p2a: Rillaboom|21/100|[from] ability: Rough Skin|[of] p1b: Garchomp
|faint|p1b: Garchomp
|
|-weather|RainDance|[upkeep]
|-heal|p1a: Incineroar|99/100|[from] Grassy Terrain
|-heal|p2a: Rillaboom|27/100|[from] Grassy Terrain
|-sideend|p1: RosieAndJim|move: Tailwind
|upkeep
|
|t:|1756668105
|switch|p1b: Pelipper|Pelipper, L50, M|47/100
|turn|6
|
|t:|1756668113
|switch|p2a: Dragonite|Dragonite, L50, F|75/100
|move|p1b: Pelipper|Protect|p1b: Pelipper
|-singleturn|p1b: Pelipper|Protect
|move|p2b: Incineroar|Fake Out|p1b: Pelipper
|-activate|p1b: Pelipper|move: Protect
|move|p1a: Incineroar|Knock Off|p2a: Dragonite
|-damage|p2a: Dragonite|45/100
|-enditem|p2a: Dragonite|Loaded Dice|[from] move: Knock Off|[of] p1a: Incineroar
|
|-weather|RainDance|[upkeep]
|-heal|p1a: Incineroar|100/100|[from] Grassy Terrain
|-fieldend|move: Grassy Terrain
|upkeep
|turn|7
|inactive|RosieAndJim has 30 seconds left.
|
|t:|1756668141
|-terastallize|p2a: Dragonite|Normal
|move|p2a: Dragonite|Extreme Speed|p1b: Pelipper
|-damage|p1b: Pelipper|0 fnt
|faint|p1b: Pelipper
|move|p2b: Incineroar|Knock Off|p1a: Incineroar
|-resisted|p1a: Incineroar
|-damage|p1a: Incineroar|83/100
|-enditem|p1a: Incineroar|Safety Goggles|[from] move: Knock Off|[of] p2b: Incineroar
|move|p1a: Incineroar|Knock Off|p2a: Dragonite
|-damage|p2a: Dragonite|27/100
|
|-weather|none
|upkeep
|turn|8
|c|☆meance|gg
|
|t:|1756668163
|move|p2a: Dragonite|Extreme Speed|p1a: Incineroar
|-damage|p1a: Incineroar|47/100
|move|p2b: Incineroar|Parting Shot|p1a: Incineroar
|-unboost|p1a: Incineroar|atk|1
|-unboost|p1a: Incineroar|spa|1
|
|t:|1756668169
|switch|p2b: Annihilape|Annihilape, L50, M|100/100|[from] Parting Shot
|move|p1a: Incineroar|Flare Blitz|p2a: Dragonite
|-crit|p2a: Dragonite
|-damage|p2a: Dragonite|0 fnt
|faint|p2a: Dragonite
|-damage|p1a: Incineroar|39/100|[from] Recoil
|
|upkeep
|
|t:|1756668174
|switch|p2a: Incineroar|Incineroar, L50, F|100/100
|-ability|p2a: Incineroar|Intimidate|boost
|-unboost|p1a: Incineroar|atk|1
|turn|9
|
|t:|1756668181
|-terastallize|p1a: Incineroar|Ghost
|move|p2a: Incineroar|Fake Out|p1a: Incineroar
|-immune|p1a: Incineroar
|move|p2b: Annihilape|Drain Punch|p1a: Incineroar
|-immune|p1a: Incineroar
|move|p1a: Incineroar|Flare Blitz|p2b: Annihilape
|-damage|p2b: Annihilape|80/100
|-damage|p1a: Incineroar|33/100|[from] Recoil
|
|-heal|p2b: Annihilape|86/100|[from] item: Leftovers
|upkeep
|turn|10
|
|t:|1756668193
|move|p2b: Annihilape|Rage Fist|p1a: Incineroar
|-supereffective|p1a: Incineroar
|-damage|p1a: Incineroar|0 fnt
|faint|p1a: Incineroar
|
|win|meance
|raw|RosieAndJim's rating: 1084 → 1057(-27 for losing)
|raw|meance's rating: 1019 → 1063(+44 for winning)
