|j|☆Bujero A subir
|j|☆LeAltFR
|html|Bujero A subirLeAltFR    
|uhtml|bestof|Game 1 of a best-of-3
|t:|1756495168
|gametype|doubles
|player|p1|Bujero A subir|acetrainercouple|1078
|player|p2|LeAltFR|265|1000
|gen|9
|tier|[Gen 9] VGC 2025 Reg H (Bo3)
|rated|
|rule|Species Clause: Limit one of each Pokémon
|rule|Item Clause: Limit 1 of each item
|clearpoke
|poke|p1|Rillaboom, L50, M|
|poke|p1|Kingambit, L50, M|
|poke|p1|Sneasler, L50, M|
|poke|p1|Electabuzz, L50, M|
|poke|p1|Dragonite, L50, M|
|poke|p1|Volcarona, L50, M|
|poke|p2|Whimsicott, L50, F|
|poke|p2|Ursaluna-Bloodmoon, L50, M|
|poke|p2|Archaludon, L50, F|
|poke|p2|Typhlosion-Hisui, L50, M|
|poke|p2|Indeedee-F, L50, F|
|poke|p2|Gallade, L50, M|
|teampreview|4
|showteam|p1|Rillaboom||AssaultVest|GrassySurge|FakeOut,WoodHammer,HighHorsepower,GrassyGlide|||M|||50|,,,,,Fire]Kingambit||BlackGlasses|Defiant|KowtowCleave,SuckerPunch,SwordsDance,Protect|||M|||50|,,,,,Dark]Sneasler||GrassySeed|Unburden|CloseCombat,DireClaw,Protect,Coaching|||M|||50|,,,,,Stellar]Electabuzz||Eviolite|VitalSpirit|Electroweb,Taunt,FollowMe,Protect|||M|||50|,,,,,Dragon]Dragonite||LoadedDice|Multiscale|ScaleShot,Tailwind,Protect,Haze|||M|||50|,,,,,Fairy]Volcarona||CovertCloak|FlameBody|QuiverDance,TeraBlast,HeatWave,Protect|||M|||50|,,,,,Fairy
|showteam|p2|Whimsicott||CovertCloak|Prankster|Tailwind,Moonblast,Encore,SunnyDay|||F|||50|,,,,,Steel]Ursaluna-Bloodmoon||LifeOrb|MindsEye|EarthPower,BloodMoon,HyperVoice,Protect|||M|||50|,,,,,Normal]Archaludon||PowerHerb|Sturdy|ElectroShot,FlashCannon,Protect,DracoMeteor|||F|||50|,,,,,Stellar]Typhlosion-Hisui||ChoiceSpecs|Blaze|Eruption,HeatWave,ShadowBall,Overheat|||M|||50|,,,,,Fire]Indeedee-F||SafetyGoggles|PsychicSurge|TrickRoom,FollowMe,HelpingHand,Psychic|||F|||50|,,,,,Fairy]Gallade||ClearAmulet|Sharpness|TrickRoom,PsychoCut,SacredSword,WideGuard|||M|||50|,,,,,Grass
|
|t:|1756495200
|teamsize|p1|4
|teamsize|p2|4
|start
|switch|p1a: Electabuzz|Electabuzz, L50, M, shiny|100/100
|switch|p1b: Kingambit|Kingambit, L50, M, shiny|100/100
|switch|p2a: Whimsicott|Whimsicott, L50, F|100/100
|switch|p2b: Typhlosion|Typhlosion-Hisui, L50, M|100/100
|turn|1
|
|t:|1756495222
|-terastallize|p2b: Typhlosion|Fire
|-terastallize|p1b: Kingambit|Dark
|move|p2a: Whimsicott|Sunny Day|p2a: Whimsicott
|-weather|SunnyDay
|move|p1b: Kingambit|Sucker Punch|p2b: Typhlosion
|-damage|p2b: Typhlosion|11/100
|move|p2b: Typhlosion|Eruption|p1b: Kingambit|[spread] p1a,p1b
|-damage|p1a: Electabuzz|81/100
|-damage|p1b: Kingambit|74/100
|move|p1a: Electabuzz|Taunt|p2a: Whimsicott
|-start|p2a: Whimsicott|move: Taunt
|
|-weather|SunnyDay|[upkeep]
|upkeep
|turn|2
|
|t:|1756495251
|switch|p2b: Ursaluna|Ursaluna-Bloodmoon, L50, M|100/100
|move|p1a: Electabuzz|Follow Me|p1a: Electabuzz
|-singleturn|p1a: Electabuzz|move: Follow Me
|move|p2a: Whimsicott|Moonblast|p1a: Electabuzz
|-damage|p1a: Electabuzz|58/100
|-unboost|p1a: Electabuzz|spa|1
|move|p1b: Kingambit|Swords Dance|p1b: Kingambit
|-boost|p1b: Kingambit|atk|2
|
|-weather|SunnyDay|[upkeep]
|upkeep
|turn|3
|
|t:|1756495269
|switch|p2a: Typhlosion|Typhlosion-Hisui, L50, M, tera:Fire|11/100
|move|p2b: Ursaluna|Protect|p2b: Ursaluna
|-singleturn|p2b: Ursaluna|Protect
|move|p1a: Electabuzz|Follow Me|p1a: Electabuzz
|-singleturn|p1a: Electabuzz|move: Follow Me
|move|p1b: Kingambit|Kowtow Cleave|p2b: Ursaluna
|-activate|p2b: Ursaluna|move: Protect
|
|-weather|SunnyDay|[upkeep]
|upkeep
|turn|4
|
|t:|1756495288
|switch|p2b: Indeedee|Indeedee-F, L50, F|100/100
|-fieldstart|move: Psychic Terrain|[from] ability: Psychic Surge|[of] p2b: Indeedee
|move|p1a: Electabuzz|Follow Me|p1a: Electabuzz
|-singleturn|p1a: Electabuzz|move: Follow Me
|move|p1b: Kingambit|Sucker Punch|p2a: Typhlosion
|-activate|p2a: Typhlosion|move: Psychic Terrain
|move|p2a: Typhlosion|Heat Wave|p1a: Electabuzz|[spread] p1a,p1b
|-damage|p1a: Electabuzz|0 fnt
|-damage|p1b: Kingambit|0 fnt
|faint|p1a: Electabuzz
|faint|p1b: Kingambit
|
|-weather|SunnyDay|[upkeep]
|upkeep
|
|t:|1756495292
|switch|p1a: Sneasler|Sneasler, L50, M, shiny|100/100
|switch|p1b: Rillaboom|Rillaboom, L50, M, shiny|100/100
|-fieldstart|move: Grassy Terrain|[from] ability: Grassy Surge|[of] p1b: Rillaboom
|-enditem|p1a: Sneasler|Grassy Seed
|-boost|p1a: Sneasler|def|1|[from] item: Grassy Seed
|turn|5
|
|t:|1756495307
|switch|p2a: Whimsicott|Whimsicott, L50, F|100/100
|move|p1b: Rillaboom|Fake Out|p2a: Whimsicott
|-damage|p2a: Whimsicott|85/100
|move|p1a: Sneasler|Dire Claw|p2b: Indeedee
|-damage|p2b: Indeedee|58/100
|-status|p2b: Indeedee|par
|move|p2b: Indeedee|Psychic|p1a: Sneasler
|-supereffective|p1a: Sneasler
|-damage|p1a: Sneasler|0 fnt
|faint|p1a: Sneasler
|
|-weather|none
|-heal|p2a: Whimsicott|91/100|[from] Grassy Terrain
|-heal|p2b: Indeedee|64/100 par|[from] Grassy Terrain
|upkeep
|turn|6
|-message|Bujero A subir forfeited.
|
|win|LeAltFR
||Bujero A subir is ready for game 2.
||LeAltFR is ready for game 2.
|uhtml|next|Next: Game 2 of 3
