|j|☆ranakos
|j|☆Musaavgc
|html|ranakosMusaavgc    
|uhtml|bestof|Game 1 of a best-of-3
|t:|1756801078
|gametype|doubles
|player|p1|ranakos|scientist-gen4|1146
|player|p2|Musaavgc|n|1047
|gen|9
|tier|[Gen 9] VGC 2025 Reg H (Bo3)
|rated|
|rule|Species Clause: Limit one of each Pokémon
|rule|Item Clause: Limit 1 of each item
|clearpoke
|poke|p1|Gholdengo, L50|
|poke|p1|Sneasler, L50, M|
|poke|p1|Rillaboom, L50, M|
|poke|p1|Dragonite, L50, F|
|poke|p1|Ninetales-Alola, L50, F|
|poke|p1|Arcanine-Hisui, L50, F|
|poke|p2|Whimsicott, L50, F|
|poke|p2|Incineroar, L50, M|
|poke|p2|Smeargle, L50, M|
|poke|p2|Gholdengo, L50|
|poke|p2|Kingambit, L50, M|
|poke|p2|Garchomp, L50, M|
|teampreview|4
|showteam|p1|Gholdengo||GrassySeed|GoodasGold|NastyPlot,MakeItRain,ShadowBall,Protect||||||50|,,,,,Water]Sneasler||WhiteHerb|Unburden|CloseCombat,DireClaw,Coaching,Protect|||M|||50|,,,,,Ghost]Rillaboom||AssaultVest|GrassySurge|FakeOut,GrassyGlide,DrumBeating,HighHorsepower|||M|||50|,,,,,Fire]Dragonite||LoadedDice|Multiscale|ScaleShot,StompingTantrum,Tailwind,Protect|||F|||50|,,,,,Ground]Ninetales-Alola||FocusSash|SnowWarning|Blizzard,Protect,Encore,AuroraVeil|||F|||50|,,,,,Ghost]Arcanine-Hisui||ClearAmulet|Intimidate|RockSlide,FlareBlitz,ExtremeSpeed,Protect|||F|||50|,,,,,Water
|showteam|p2|Whimsicott||CovertCloak|Prankster|DazzlingGleam,Encore,Taunt,Tailwind|||F|||50|,,,,,Water]Incineroar||RockyHelmet|Intimidate|FakeOut,KnockOff,FlareBlitz,PartingShot|||M|||50|,,,,,Water]Smeargle||FocusSash|Moody|Decorate,Spore,SpikyShield,FollowMe|||M|||50|,,,,,Fire]Gholdengo||MetalCoat|GoodasGold|MakeItRain,ShadowBall,NastyPlot,Protect||||||50|,,,,,Fairy]Kingambit||BlackGlasses|Defiant|KowtowCleave,SuckerPunch,Protect,SwordsDance|||M|||50|,,,,,Dark]Garchomp||ChoiceScarf|RoughSkin|RockSlide,StompingTantrum,DragonClaw,Earthquake|||M|||50|,,,,,Steel
|inactive|Battle timer is ON: inactive players will automatically lose when time's up. (requested by ranakos)
|inactive|Musaavgc has 60 seconds left.
|
|t:|1756801155
|teamsize|p1|4
|teamsize|p2|4
|start
|switch|p1a: Gholdengo|Gholdengo, L50|100/100
|switch|p1b: Rillaboom|Rillaboom, L50, M|100/100
|switch|p2a: Dawson|Kingambit, L50, M|100/100
|switch|p2b: Abdul|Gholdengo, L50|100/100
|-fieldstart|move: Grassy Terrain|[from] ability: Grassy Surge|[of] p1b: Rillaboom
|-enditem|p1a: Gholdengo|Grassy Seed
|-boost|p1a: Gholdengo|def|1|[from] item: Grassy Seed
|turn|1
|inactive|Musaavgc has 30 seconds left.
|inactive|ranakos has 30 seconds left.
|inactive|Musaavgc has 20 seconds left.
|
|t:|1756801194
|switch|p1b: Sneasler|Sneasler, L50, M|100/100
|-terastallize|p1a: Gholdengo|Water
|move|p2b: Abdul|Shadow Ball|p1a: Gholdengo
|-damage|p1a: Gholdengo|58/100
|move|p1a: Gholdengo|Nasty Plot|p1a: Gholdengo
|-boost|p1a: Gholdengo|spa|2
|move|p2a: Dawson|Kowtow Cleave|p1b: Sneasler
|-resisted|p1b: Sneasler
|-damage|p1b: Sneasler|60/100
|
|-heal|p1b: Sneasler|67/100|[from] Grassy Terrain
|-heal|p1a: Gholdengo|65/100|[from] Grassy Terrain
|upkeep
|turn|2
|inactive|ranakos has 30 seconds left.
|inactive|Musaavgc has 30 seconds left.
|inactive|Musaavgc has 20 seconds left.
|inactive|Musaavgc has 15 seconds left.
|inactive|Musaavgc has 10 seconds left.
|inactive|Musaavgc has 5 seconds left.
|
|t:|1756801249
|move|p1b: Sneasler|Close Combat|p2a: Dawson
|-supereffective|p2a: Dawson
|-damage|p2a: Dawson|0 fnt
|-unboost|p1b: Sneasler|def|1
|-unboost|p1b: Sneasler|spd|1
|faint|p2a: Dawson
|-enditem|p1b: Sneasler|White Herb
|-clearnegativeboost|p1b: Sneasler|[silent]
|move|p2b: Abdul|Make It Rain|p1b: Sneasler|[spread] p1a,p1b
|-resisted|p1a: Gholdengo
|-damage|p1a: Gholdengo|39/100
|-damage|p1b: Sneasler|0 fnt
|-unboost|p2b: Abdul|spa|1
|faint|p1b: Sneasler
|move|p1a: Gholdengo|Shadow Ball|p2b: Abdul
|-supereffective|p2b: Abdul
|-damage|p2b: Abdul|0 fnt
|faint|p2b: Abdul
|
|-heal|p1a: Gholdengo|45/100|[from] Grassy Terrain
|upkeep
|
|t:|1756801273
|switch|p1b: Ninetales|Ninetales-Alola, L50, F|100/100
|switch|p2b: Imran|Smeargle, L50, M, shiny|100/100
|switch|p2a: Kareem|Incineroar, L50, M, shiny|100/100
|-weather|Snowscape|[from] ability: Snow Warning|[of] p1b: Ninetales
|-ability|p2a: Kareem|Intimidate|boost
|-unboost|p1a: Gholdengo|atk|1
|-unboost|p1b: Ninetales|atk|1
|turn|3
|inactive|ranakos has 30 seconds left.
|inactive|Musaavgc has 30 seconds left.
|inactive|Musaavgc has 20 seconds left.
|
|t:|1756801312
|move|p1a: Gholdengo|Protect|p1a: Gholdengo
|-singleturn|p1a: Gholdengo|Protect
|move|p1b: Ninetales|Blizzard|p2b: Imran|[spread] p2a,p2b
|-resisted|p2a: Kareem
|-damage|p2a: Kareem|88/100
|-damage|p2b: Imran|26/100
|move|p2b: Imran|Spore|p1b: Ninetales
|-status|p1b: Ninetales|slp|[from] move: Spore
|move|p2a: Kareem|Flare Blitz|p1a: Gholdengo
|-activate|p1a: Gholdengo|move: Protect
|
|-weather|Snowscape|[upkeep]
|-heal|p2b: Imran|32/100|[from] Grassy Terrain
|-heal|p1a: Gholdengo|51/100|[from] Grassy Terrain
|-heal|p2a: Kareem|94/100|[from] Grassy Terrain
|-ability|p2b: Imran|Moody|boost
|-boost|p2b: Imran|spa|2
|-unboost|p2b: Imran|spd|1
|upkeep
|turn|4
|inactive|Musaavgc has 30 seconds left.
|
|t:|1756801340
|cant|p1b: Ninetales|slp
|move|p2b: Imran|Decorate|p2a: Kareem
|-boost|p2a: Kareem|atk|2
|-boost|p2a: Kareem|spa|2
|move|p1a: Gholdengo|Make It Rain|p2b: Imran|[spread] p2a,p2b
|-resisted|p2a: Kareem
|-damage|p2a: Kareem|60/100
|-damage|p2b: Imran|0 fnt
|-unboost|p1a: Gholdengo|spa|1
|faint|p2b: Imran
|move|p2a: Kareem|Knock Off|p1a: Gholdengo
|-damage|p1a: Gholdengo|18/100
|
|-weather|Snowscape|[upkeep]
|-heal|p1a: Gholdengo|24/100|[from] Grassy Terrain
|-heal|p2a: Kareem|66/100|[from] Grassy Terrain
|upkeep
|turn|5
|inactive|ranakos has 30 seconds left.
|
|t:|1756801367
|cant|p1b: Ninetales|slp
|move|p1a: Gholdengo|Make It Rain|p2a: Kareem
|-resisted|p2a: Kareem
|-damage|p2a: Kareem|29/100
|-unboost|p1a: Gholdengo|spa|1
|move|p2a: Kareem|Knock Off|p1a: Gholdengo
|-damage|p1a: Gholdengo|0 fnt
|faint|p1a: Gholdengo
|
|-weather|Snowscape|[upkeep]
|-heal|p2a: Kareem|35/100|[from] Grassy Terrain
|-fieldend|move: Grassy Terrain
|upkeep
|
|t:|1756801375
|switch|p1a: Rillaboom|Rillaboom, L50, M|100/100
|-fieldstart|move: Grassy Terrain|[from] ability: Grassy Surge|[of] p1a: Rillaboom
|turn|6
|
|t:|1756801399
|move|p1a: Rillaboom|Fake Out|p2a: Kareem
|-damage|p2a: Kareem|25/100
|-damage|p1a: Rillaboom|84/100|[from] item: Rocky Helmet|[of] p2a: Kareem
|cant|p1b: Ninetales|slp
|cant|p2a: Kareem|flinch
|
|-weather|Snowscape|[upkeep]
|-heal|p1a: Rillaboom|90/100|[from] Grassy Terrain
|-heal|p2a: Kareem|31/100|[from] Grassy Terrain
|upkeep
|turn|7
|
|t:|1756801408
|-curestatus|p1b: Ninetales|slp|[msg]
|move|p1b: Ninetales|Blizzard|p2a: Kareem
|-resisted|p2a: Kareem
|-damage|p2a: Kareem|14/100
|move|p1a: Rillaboom|High Horsepower|p2a: Kareem
|-supereffective|p2a: Kareem
|-damage|p2a: Kareem|0 fnt
|-damage|p1a: Rillaboom|74/100|[from] item: Rocky Helmet|[of] p2a: Kareem
|faint|p2a: Kareem
|
|win|ranakos
|inactive|ranakos has 30 seconds to confirm battle start!
|inactive|Musaavgc has 30 seconds to confirm battle start!
||ranakos is ready for game 2.
|inactive|Musaavgc has 20 seconds to confirm battle start!
||Musaavgc is ready for game 2.
|uhtml|next|Next: Game 2 of 3
|l|☆Musaavgc
|player|p2|
