|j|☆Gyaradostyranitar
|j|☆RegionalModeSlow
|html|GyaradostyranitarRegionalModeSlow    
|uhtml|bestof|Game 2 of a best-of-3
|t:|1756315932
|gametype|doubles
|player|p1|Gyaradostyranitar|adaman|1155
|player|p2|RegionalModeSlow|steven|1066
|gen|9
|tier|[Gen 9] VGC 2025 Reg H (Bo3)
|rated|
|rule|Species Clause: Limit one of each Pokémon
|rule|Item Clause: Limit 1 of each item
|clearpoke
|poke|p1|Garchomp, L50, M|
|poke|p1|Talonflame, L50, F|
|poke|p1|Slaking, L50, F|
|poke|p1|Weezing-Galar, L50, F|
|poke|p1|Sinistcha-Masterpiece, L50|
|poke|p1|Kingambit, L50, M|
|poke|p2|Noivern, L50, M|
|poke|p2|Weezing-Galar, L50, M|
|poke|p2|Gholdengo, L50|
|poke|p2|Garchomp, L50, M|
|poke|p2|Annihilape, L50, M|
|poke|p2|Magmar, L50, F|
|teampreview|4
|showteam|p1|Garchomp||ClearAmulet|RoughSkin|DragonClaw,Earthquake,SwordsDance,Protect|||M|||50|,,,,,Fire]Talonflame||FocusSash|GaleWings|DualWingbeat,Tailwind,BraveBird,FlareBlitz|||F|||50|,,,,,Ghost]Slaking||LifeOrb|Truant|DoubleEdge,DrainPunch,PlayRough,Protect|||F|||50|,,,,,Fighting]Weezing-Galar||SitrusBerry|NeutralizingGas|StrangeSteam,Taunt,WillOWisp,Protect|||F|||50|,,,,,Flying]Sinistcha-Masterpiece||RockyHelmet|Hospitality|MatchaGotcha,ShadowBall,RagePowder,StrengthSap||||||50|,,,,,Fairy]Kingambit||AssaultVest|Defiant|KowtowCleave,IronHead,SuckerPunch,LowKick|||M|||50|,,,,,Fairy
|showteam|p2|Noivern||CovertCloak|Telepathy|AirSlash,SuperFang,Tailwind,Taunt|||M|||50|,,,,,Steel]Weezing-Galar||ChoiceSpecs|NeutralizingGas|DazzlingGleam,SludgeBomb,StrangeSteam,Flamethrower|||M|||50|,,,,,Flying]Gholdengo||MetalCoat|GoodasGold|MakeItRain,ShadowBall,NastyPlot,Protect||||||50|,,,,,Flying]Garchomp||LifeOrb|RoughSkin|DragonClaw,Earthquake,StompingTantrum,Protect|||M|||50|,,,,,Ground]Annihilape||AssaultVest|Defiant|CloseCombat,ShadowClaw,FinalGambit,Uturn|||M|||50|,,,,,Stellar]Magmar||Eviolite|VitalSpirit|HeatWave,WillOWisp,FollowMe,Protect|||F|||50|,,,,,Ghost
|inactive|Battle timer is ON: inactive players will automatically lose when time's up. (requested by Gyaradostyranitar)
|inactive|RegionalModeSlow also wants the timer to be on.
|inactive|RegionalModeSlow has 60 seconds left.
|
|t:|1756315969
|teamsize|p1|4
|teamsize|p2|4
|start
|switch|p1a: Garchomp|Garchomp, L50, M|100/100
|switch|p1b: Talonflame|Talonflame, L50, F|100/100
|switch|p2a: Magmar|Magmar, L50, F|100/100
|switch|p2b: Steely Dan|Gholdengo, L50, shiny|100/100
|turn|1
|inactive|Gyaradostyranitar has 30 seconds left.
|
|t:|1756316002
|-terastallize|p1a: Garchomp|Fire
|-terastallize|p2b: Steely Dan|Flying
|move|p2a: Magmar|Protect|p2a: Magmar
|-singleturn|p2a: Magmar|Protect
|move|p1b: Talonflame|Brave Bird|p2a: Magmar
|-activate|p2a: Magmar|move: Protect
|move|p1a: Garchomp|Swords Dance|p1a: Garchomp
|-boost|p1a: Garchomp|atk|2
|move|p2b: Steely Dan|Nasty Plot|p2b: Steely Dan
|-boost|p2b: Steely Dan|spa|2
|
|upkeep
|turn|2
|
|t:|1756316016
|move|p2a: Magmar|Follow Me|p2a: Magmar
|-singleturn|p2a: Magmar|move: Follow Me
|move|p1b: Talonflame|Brave Bird|p2a: Magmar
|-damage|p2a: Magmar|67/100
|-damage|p1b: Talonflame|88/100|[from] Recoil
|move|p1a: Garchomp|Earthquake|p2b: Steely Dan|[spread] p2a
|-immune|p1b: Talonflame
|-immune|p2b: Steely Dan
|-supereffective|p2a: Magmar
|-damage|p2a: Magmar|0 fnt
|faint|p2a: Magmar
|move|p2b: Steely Dan|Make It Rain|p1a: Garchomp|[spread] p1a,p1b
|-resisted|p1a: Garchomp
|-resisted|p1b: Talonflame
|-damage|p1a: Garchomp|36/100
|-damage|p1b: Talonflame|0 fnt
|-unboost|p2b: Steely Dan|spa|1
|faint|p1b: Talonflame
|
|upkeep
|
|t:|1756316031
|switch|p1b: Kingambit|Kingambit, L50, M|100/100
|switch|p2a: Ozzy|Noivern, L50, M|100/100
|turn|3
|inactive|RegionalModeSlow has 30 seconds left.
|
|t:|1756316059
|move|p1a: Garchomp|Protect|p1a: Garchomp
|-singleturn|p1a: Garchomp|Protect
|move|p2a: Ozzy|Tailwind|p2a: Ozzy
|-sidestart|p2: RegionalModeSlow|move: Tailwind
|move|p2b: Steely Dan|Make It Rain|p1b: Kingambit|[spread] p1b
|-activate|p1a: Garchomp|move: Protect
|-resisted|p1b: Kingambit
|-damage|p1b: Kingambit|75/100
|-unboost|p2b: Steely Dan|spa|1
|move|p1b: Kingambit|Kowtow Cleave|p2b: Steely Dan
|-damage|p2b: Steely Dan|50/100
|
|upkeep
|turn|4
|
|t:|1756316080
|switch|p1b: Sinistcha|Sinistcha-Masterpiece, L50|100/100
|-heal|p1a: Garchomp|61/100|[from] ability: Hospitality|[of] p1b: Sinistcha
|move|p2a: Ozzy|Air Slash|p1a: Garchomp
|-damage|p1a: Garchomp|32/100
|move|p2b: Steely Dan|Make It Rain|p1b: Sinistcha|[spread] p1a,p1b
|-resisted|p1a: Garchomp
|-damage|p1a: Garchomp|2/100
|-damage|p1b: Sinistcha|44/100
|-unboost|p2b: Steely Dan|spa|1
|move|p1a: Garchomp|Dragon Claw|p2a: Ozzy
|-supereffective|p2a: Ozzy
|-damage|p2a: Ozzy|0 fnt
|faint|p2a: Ozzy
|
|upkeep
|
|t:|1756316085
|switch|p2a: Blåhaj|Garchomp, L50, M|100/100
|turn|5
|
|t:|1756316098
|move|p2a: Blåhaj|Protect|p2a: Blåhaj
|-singleturn|p2a: Blåhaj|Protect
|move|p1a: Garchomp|Protect|p1a: Garchomp
|-singleturn|p1a: Garchomp|Protect
|move|p2b: Steely Dan|Make It Rain|p1b: Sinistcha|[spread] p1b
|-activate|p1a: Garchomp|move: Protect
|-damage|p1b: Sinistcha|11/100
|-unboost|p2b: Steely Dan|spa|1
|move|p1b: Sinistcha|Strength Sap|p2a: Blåhaj
|-activate|p2a: Blåhaj|move: Protect
|
|upkeep
|turn|6
|
|t:|1756316111
|move|p2a: Blåhaj|Protect||[still]
|-fail|p2a: Blåhaj
|move|p1a: Garchomp|Protect|p1a: Garchomp
|-singleturn|p1a: Garchomp|Protect
|move|p2b: Steely Dan|Make It Rain|p1a: Garchomp|[spread] p1b
|-activate|p1a: Garchomp|move: Protect
|-damage|p1b: Sinistcha|0 fnt
|-unboost|p2b: Steely Dan|spa|1
|faint|p1b: Sinistcha
|
|-sideend|p2: RegionalModeSlow|move: Tailwind
|upkeep
|
|t:|1756316115
|switch|p1b: Kingambit|Kingambit, L50, M|75/100
|turn|7
|
|t:|1756316124
|move|p2a: Blåhaj|Protect|p2a: Blåhaj
|-singleturn|p2a: Blåhaj|Protect
|move|p1a: Garchomp|Dragon Claw|p2b: Steely Dan
|-damage|p2b: Steely Dan|0 fnt
|faint|p2b: Steely Dan
|move|p1b: Kingambit|Kowtow Cleave|p2a: Blåhaj
|-activate|p2a: Blåhaj|move: Protect
|
|upkeep
|turn|8
|
|t:|1756316134
|move|p1b: Kingambit|Sucker Punch|p2a: Blåhaj
|-damage|p2a: Blåhaj|60/100
|-damage|p1b: Kingambit|63/100|[from] ability: Rough Skin|[of] p2a: Blåhaj
|move|p1a: Garchomp|Dragon Claw|p2a: Blåhaj
|-supereffective|p2a: Blåhaj
|-damage|p2a: Blåhaj|0 fnt
|-damage|p1a: Garchomp|0 fnt|[from] ability: Rough Skin|[of] p2a: Blåhaj
|faint|p2a: Blåhaj
|faint|p1a: Garchomp
|
|win|Gyaradostyranitar
||Gyaradostyranitar is ready for game 3.
