|j|☆Gozante
|j|☆Quill86
|html|GozanteQuill86    
|uhtml|bestof|Game 2 of a best-of-3
|t:|1756175936
|gametype|doubles
|player|p1|Gozante|101|1357
|player|p2|Quill86|lucas|1394
|gen|9
|tier|[Gen 9] VGC 2025 Reg H (Bo3)
|rated|
|rule|Species Clause: Limit one of each Pokémon
|rule|Item Clause: Limit 1 of each item
|clearpoke
|poke|p1|Indeedee-F, L50, F|
|poke|p1|Torkoal, L50, F|
|poke|p1|Ursaluna, L50, F|
|poke|p1|Gallade, L50, M|
|poke|p1|Lilligant-Hisui, L50, F|
|poke|p1|Hatterene, L50, F|
|poke|p2|Indeedee-F, L50, F|
|poke|p2|Gallade, L50, M|
|poke|p2|Torkoal, L50, M|
|poke|p2|Ursaluna, L50, M|
|poke|p2|Hatterene, L50, F|
|poke|p2|Smeargle, L50, M|
|teampreview|4
|showteam|p1|Indeedee-F||PsychicSeed|PsychicSurge|Psychic,FollowMe,HelpingHand,TrickRoom|||F|||50|,,,,,Water]Torkoal||ChoiceSpecs|Drought|Eruption,HeatWave,EarthPower,WeatherBall|||F|||50|,,,,,Fire]Ursaluna||FlameOrb|Guts|Facade,Earthquake,HeadlongRush,Protect|||F|||50|,,,,,Ghost]Gallade||ClearAmulet|Sharpness|SacredSword,PsychoCut,WideGuard,TrickRoom|||M|||50|,,,,,Grass]Lilligant-Hisui||FocusSash|Chlorophyll|AfterYou,CloseCombat,SolarBlade,SleepPowder|||F|||50|,,,,,Ghost]Hatterene||LifeOrb|MagicBounce|TrickRoom,ExpandingForce,DazzlingGleam,Protect|||F|||50|,,,,,Psychic
|showteam|p2|Indeedee-F||PsychicSeed|PsychicSurge|FollowMe,TrickRoom,HelpingHand,DazzlingGleam|||F|||50|,,,,,Fairy]Gallade||ClearAmulet|Sharpness|SacredSword,PsychoCut,WideGuard,TrickRoom|||M|||50|,,,,,Grass]Torkoal||ChoiceSpecs|Drought|Eruption,WeatherBall,EarthPower,HeatWave|||M|||50|,,,,,Fire]Ursaluna||FlameOrb|Guts|Protect,HeadlongRush,Facade,Earthquake|||M|||50|,,,,,Ghost]Hatterene||LifeOrb|MagicBounce|DazzlingGleam,ExpandingForce,MysticalFire,TrickRoom|||F|||50|,,,,,Fire]Smeargle||FocusSash|Technician|FakeOut,Spore,Decorate,FollowMe|||M|||50|,,,,,Ghost
|inactive|Battle timer is ON: inactive players will automatically lose when time's up. (requested by Quill86)
|
|t:|1756175957
|teamsize|p1|4
|teamsize|p2|4
|start
|switch|p1a: Hatterene|Hatterene, L50, F|100/100
|switch|p1b: Lilligant|Lilligant-Hisui, L50, F|100/100
|switch|p2a: Smeargle|Smeargle, L50, M|100/100
|switch|p2b: Hatterene|Hatterene, L50, F|100/100
|turn|1
|
|t:|1756175980
|-terastallize|p1b: Lilligant|Ghost
|move|p1a: Hatterene|Protect|p1a: Hatterene
|-singleturn|p1a: Hatterene|Protect
|move|p2a: Smeargle|Fake Out|p1b: Lilligant
|-immune|p1b: Lilligant
|move|p1b: Lilligant|Sleep Powder|p2a: Smeargle
|-status|p2a: Smeargle|slp|[from] move: Sleep Powder
|move|p2b: Hatterene|Dazzling Gleam|p1b: Lilligant|[spread] p1b
|-activate|p1a: Hatterene|move: Protect
|-damage|p1b: Lilligant|31/100
|-damage|p2b: Hatterene|91/100|[from] item: Life Orb
|
|upkeep
|turn|2
|inactive|Gozante has 30 seconds left.
|
|t:|1756176007
|switch|p1b: Indeedee|Indeedee-F, L50, F|100/100
|-fieldstart|move: Psychic Terrain|[from] ability: Psychic Surge|[of] p1b: Indeedee
|-enditem|p1b: Indeedee|Psychic Seed
|-boost|p1b: Indeedee|spd|1|[from] item: Psychic Seed
|cant|p2a: Smeargle|slp
|move|p2b: Hatterene|Dazzling Gleam|p1b: Indeedee|[spread] p1a,p1b
|-damage|p1a: Hatterene|55/100
|-damage|p1b: Indeedee|71/100
|-damage|p2b: Hatterene|81/100|[from] item: Life Orb
|move|p1a: Hatterene|Dazzling Gleam|p2b: Hatterene|[spread] p2a,p2b
|-enditem|p2a: Smeargle|Focus Sash
|-damage|p2a: Smeargle|1/100 slp
|-damage|p2b: Hatterene|29/100
|-damage|p1a: Hatterene|46/100|[from] item: Life Orb
|
|upkeep
|turn|3
|
|t:|1756176029
|cant|p2a: Smeargle|slp
|move|p2b: Hatterene|Dazzling Gleam|p1a: Hatterene|[spread] p1a,p1b
|-damage|p1a: Hatterene|0 fnt
|-damage|p1b: Indeedee|40/100
|faint|p1a: Hatterene
|-damage|p2b: Hatterene|19/100|[from] item: Life Orb
|move|p1b: Indeedee|Trick Room|p1b: Indeedee
|-fieldstart|move: Trick Room|[of] p1b: Indeedee
|
|upkeep
|
|t:|1756176033
|switch|p1a: Torkoal|Torkoal, L50, F|100/100
|-weather|SunnyDay|[from] ability: Drought|[of] p1a: Torkoal
|turn|4
|
|t:|1756176061
|move|p1b: Indeedee|Helping Hand|p1a: Torkoal
|-singleturn|p1a: Torkoal|Helping Hand|[of] p1b: Indeedee
|move|p1a: Torkoal|Eruption|p2b: Hatterene|[spread] p2a,p2b
|-damage|p2a: Smeargle|0 fnt
|-damage|p2b: Hatterene|0 fnt
|faint|p2a: Smeargle
|faint|p2b: Hatterene
|
|-weather|SunnyDay|[upkeep]
|upkeep
|
|t:|1756176068
|switch|p2b: Indeedee|Indeedee-F, L50, F|100/100
|switch|p2a: Gallade|Gallade, L50, M|100/100
|-enditem|p2b: Indeedee|Psychic Seed
|-boost|p2b: Indeedee|spd|1|[from] item: Psychic Seed
|turn|5
|
|t:|1756176088
|switch|p1a: Lilligant|Lilligant-Hisui, L50, F, tera:Ghost|31/100
|-terastallize|p2b: Indeedee|Fairy
|move|p2a: Gallade|Wide Guard|p2a: Gallade
|-singleturn|p2a: Gallade|Wide Guard
|move|p1b: Indeedee|Psychic|p2a: Gallade
|-damage|p2a: Gallade|64/100
|move|p2b: Indeedee|Dazzling Gleam|p1b: Indeedee|[spread] p1a,p1b
|-damage|p1a: Lilligant|0 fnt
|-damage|p1b: Indeedee|27/100
|faint|p1a: Lilligant
|
|-weather|SunnyDay|[upkeep]
|upkeep
|
|t:|1756176100
|switch|p1a: Torkoal|Torkoal, L50, F|100/100
|turn|6
|
|t:|1756176114
|move|p1b: Indeedee|Helping Hand|p1a: Torkoal
|-singleturn|p1a: Torkoal|Helping Hand|[of] p1b: Indeedee
|move|p2b: Indeedee|Follow Me|p2b: Indeedee
|-singleturn|p2b: Indeedee|move: Follow Me
|move|p1a: Torkoal|Weather Ball|p2b: Indeedee
|-damage|p2b: Indeedee|8/100
|move|p2a: Gallade|Psycho Cut|p1a: Torkoal
|-damage|p1a: Torkoal|43/100
|
|-weather|SunnyDay|[upkeep]
|-fieldend|move: Psychic Terrain
|upkeep
|turn|7
|
|t:|1756176130
|move|p2b: Indeedee|Follow Me|p2b: Indeedee
|-singleturn|p2b: Indeedee|move: Follow Me
|move|p1a: Torkoal|Weather Ball|p2b: Indeedee
|-damage|p2b: Indeedee|0 fnt
|faint|p2b: Indeedee
|move|p2a: Gallade|Sacred Sword|p1a: Torkoal
|-damage|p1a: Torkoal|0 fnt
|faint|p1a: Torkoal
|move|p1b: Indeedee|Psychic|p2a: Gallade
|-damage|p2a: Gallade|39/100
|
|-weather|SunnyDay|[upkeep]
|-fieldend|move: Trick Room
|upkeep
|turn|8
|
|t:|1756176136
|move|p1b: Indeedee|Psychic|p2a: Gallade
|-damage|p2a: Gallade|10/100
|move|p2a: Gallade|Sacred Sword|p1b: Indeedee
|-damage|p1b: Indeedee|0 fnt
|faint|p1b: Indeedee
|
|win|Quill86
|raw|Gozante's rating: 1357 → 1339(-18 for losing)
|raw|Quill86's rating: 1394 → 1412(+18 for winning)
|c|☆Quill86|ggs wp
|l|☆Gozante
|player|p1|
