|j|☆t5r3wr32q22
|j|☆NoraTheFawnsome
|html|t5r3wr32q22NoraTheFawnsome    
|uhtml|bestof|Game 3 of a best-of-3
|t:|1785221065
|gametype|doubles
|player|p1|t5r3wr32q22|silver|
|player|p2|NoraTheFawnsome|169|
|gen|9
|tier|[Gen 9 Champions] VGC 2026 Reg M-B (Bo3)
|rule|Species Clause: Limit one of each Pokémon
|rule|Item Clause: Limit 1 of each item
|clearpoke
|poke|p1|Staraptor, L50, M, shiny|
|poke|p1|Whimsicott, L50, M|
|poke|p1|Kingambit, L50, M, shiny|
|poke|p1|Raichu, L50, F, shiny|
|poke|p1|Sinistcha, L50|
|poke|p1|Sneasler, L50, F, shiny|
|poke|p2|Meganium, L50, M|
|poke|p2|Pelipper, L50, M|
|poke|p2|Sneasler, L50, M|
|poke|p2|Farigiraf, L50, F|
|poke|p2|Incineroar, L50, F|
|poke|p2|Sylveon, L50, F|
|teampreview|4
|showteam|p1|Staraptor||Staraptite|Intimidate|CloseCombat,BraveBird,Roost,Protect|Adamant||M|||50|]Whimsicott||FocusSash|Prankster|Charm,LightScreen,DazzlingGleam,Tailwind|Timid||M|||50|]Kingambit||LifeOrb|Defiant|KowtowCleave,SuckerPunch,IronHead,Protect|Adamant||M|||50|]Raichu||KingsRock|LightningRod|Discharge,FakeOut,Protect,KnockOff|Timid||F|||50|]Sinistcha||SitrusBerry|Hospitality|MatchaGotcha,StrengthSap,LifeDew,RagePowder|Serious|||||50|]Sneasler||WhiteHerb|Unburden|CloseCombat,DireClaw,FakeOut,Protect|Adamant||F|||50|
|showteam|p2|Meganium||Meganiumite|LeafGuard|SolarBeam,WeatherBall,Synthesis,Protect|Modest||M|||50|]Pelipper||FocusSash|Drizzle|WeatherBall,Hurricane,Tailwind,WideGuard|Calm||M|||50|]Sneasler||WhiteHerb|Unburden|FakeOut,DireClaw,CloseCombat,Protect|Adamant||M|||50|]Farigiraf||SitrusBerry|ArmorTail|HyperVoice,Protect,Psychic,HelpingHand|Calm||F|||50|]Incineroar||Leftovers|Intimidate|FakeOut,PartingShot,ThroatChop,Protect|Careful||F|||50|]Sylveon||LifeOrb|Pixilate|HyperBeam,HyperVoice,CalmMind,Protect|Modest||F|||50|
|
|t:|1785221153
|teamsize|p1|4
|teamsize|p2|4
|start
|switch|p1a: Raichu|Raichu, L50, F, shiny|100/100
|switch|p1b: Kingambit|Kingambit, L50, M, shiny|100/100
|switch|p2a: Sneasler|Sneasler, L50, M|100/100
|switch|p2b: Pelipper|Pelipper, L50, M|100/100
|-weather|RainDance|[from] ability: Drizzle|[of] p2b: Pelipper
|turn|1
|
|t:|1785221199
|move|p1a: Raichu|Fake Out|p2a: Sneasler
|-damage|p2a: Sneasler|87/100
|move|p2b: Pelipper|Wide Guard|p2b: Pelipper
|-singleturn|p2b: Pelipper|Wide Guard
|cant|p2a: Sneasler|flinch
|move|p1b: Kingambit|Iron Head|p2b: Pelipper
|-resisted|p2b: Pelipper|1
|-crit|p2b: Pelipper
|-damage|p2b: Pelipper|53/100
|-damage|p1b: Kingambit|90/100|[from] item: Life Orb
|
|-weather|RainDance|[upkeep]
|upkeep
|turn|2
|
|t:|1785221223
|switch|p1b: Sneasler|Sneasler, L50, F, shiny|100/100
|move|p2b: Pelipper|Wide Guard|p2b: Pelipper
|-singleturn|p2b: Pelipper|Wide Guard
|move|p1a: Raichu|Knock Off|p2b: Pelipper
|-damage|p2b: Pelipper|34/100
|-enditem|p2b: Pelipper|Focus Sash|[from] move: Knock Off|[of] p1a: Raichu
|move|p2a: Sneasler|Close Combat|p1b: Sneasler
|-resisted|p1b: Sneasler|1
|-damage|p1b: Sneasler|41/100
|-unboost|p2a: Sneasler|def|1
|-unboost|p2a: Sneasler|spd|1
|-enditem|p2a: Sneasler|White Herb
|-clearnegativeboost|p2a: Sneasler|[silent]
|
|-weather|RainDance|[upkeep]
|upkeep
|turn|3
|
|t:|1785221331
|switch|p1a: Staraptor|Staraptor, L50, M, shiny|100/100
|-ability|p1a: Staraptor|Intimidate|boost
|-unboost|p2a: Sneasler|atk|1
|-unboost|p2b: Pelipper|atk|1
|move|p1b: Sneasler|Fake Out|p2a: Sneasler
|-damage|p2a: Sneasler|61/100
|move|p2b: Pelipper|Wide Guard|p2b: Pelipper
|-singleturn|p2b: Pelipper|Wide Guard
|cant|p2a: Sneasler|flinch
|
|-weather|RainDance|[upkeep]
|upkeep
|turn|4
|
|t:|1785221434
|detailschange|p1a: Staraptor|Staraptor-Mega, L50, M, shiny
|-mega|p1a: Staraptor|Staraptor|Staraptite
|move|p2a: Sneasler|Protect|p2a: Sneasler
|-singleturn|p2a: Sneasler|Protect
|move|p1b: Sneasler|Dire Claw|p2b: Pelipper
|-damage|p2b: Pelipper|0 fnt
|faint|p2b: Pelipper
|move|p1a: Staraptor|Brave Bird|p2a: Sneasler
|-activate|p2a: Sneasler|move: Protect
|
|-weather|RainDance|[upkeep]
|upkeep
|j| soulmoonvgc
|
|t:|1785221470
|switch|p2b: Incineroar|Incineroar, L50, F|100/100
|-ability|p2b: Incineroar|Intimidate|boost
|-boost|p1a: Staraptor|atk|1
|-unboost|p1b: Sneasler|atk|1
|-enditem|p1b: Sneasler|White Herb
|-clearnegativeboost|p1b: Sneasler|[silent]
|turn|5
|
|t:|1785221538
|move|p2a: Sneasler|Protect||[still]
|-fail|p2a: Sneasler
|move|p2b: Incineroar|Fake Out|p1b: Sneasler
|-damage|p1b: Sneasler|23/100
|cant|p1b: Sneasler|flinch
|move|p1a: Staraptor|Close Combat|p2b: Incineroar
|-supereffective|p2b: Incineroar|1
|-damage|p2b: Incineroar|0 fnt
|-boost|p1a: Staraptor|def|1
|-boost|p1a: Staraptor|spd|1
|faint|p2b: Incineroar
|
|-weather|none
|upkeep
|
|t:|1785221552
|switch|p2b: Sylveon|Sylveon, L50, F|100/100
|turn|6
|
|t:|1785221569
|move|p2a: Sneasler|Protect|p2a: Sneasler
|-singleturn|p2a: Sneasler|Protect
|move|p1b: Sneasler|Dire Claw|p2b: Sylveon
|-supereffective|p2b: Sylveon|1
|-crit|p2b: Sylveon
|-damage|p2b: Sylveon|0 fnt
|faint|p2b: Sylveon
|move|p1a: Staraptor|Brave Bird|p2a: Sneasler
|-activate|p2a: Sneasler|move: Protect
|
|upkeep
|turn|7
|
|t:|1785221653
|move|p1b: Sneasler|Dire Claw|p2a: Sneasler
|-resisted|p2a: Sneasler|1
|-damage|p2a: Sneasler|19/100
|move|p2a: Sneasler|Dire Claw|p1a: Staraptor
|-damage|p1a: Staraptor|81/100
|-status|p1a: Staraptor|psn
|move|p1a: Staraptor|Brave Bird|p2a: Sneasler
|-supereffective|p2a: Sneasler|1
|-damage|p2a: Sneasler|0 fnt
|faint|p2a: Sneasler
|-damage|p1a: Staraptor|75/100 psn|[from] Recoil
|
|win|t5r3wr32q22
