|j|☆SelvesterTheYAK
|j|☆Ray_Nilson
|html|SelvesterTheYAKRay_Nilson    
|uhtml|bestof|Game 3 of a best-of-3
|t:|1756927505
|gametype|doubles
|player|p1|SelvesterTheYAK|101|1094
|player|p2|Ray_Nilson|gambler|1019
|gen|9
|tier|[Gen 9] VGC 2025 Reg H (Bo3)
|rated|
|rule|Species Clause: Limit one of each Pokémon
|rule|Item Clause: Limit 1 of each item
|clearpoke
|poke|p1|Tyranitar, L50, F|
|poke|p1|Garchomp, L50, M|
|poke|p1|Gholdengo, L50|
|poke|p1|Talonflame, L50, F|
|poke|p1|Amoonguss, L50, F|
|poke|p1|Milotic, L50, F|
|poke|p2|Rillaboom, L50, M|
|poke|p2|Volcarona, L50, M|
|poke|p2|Corviknight, L50, F|
|poke|p2|Rotom-Wash, L50|
|teampreview|4
|showteam|p1|Tyranitar||AssaultVest|SandStream|RockSlide,TeraBlast,KnockOff,LowKick|||F|||50|,,,,,Flying]Garchomp||LifeOrb|SandVeil|Protect,DragonClaw,StompingTantrum,Earthquake|||M|||50|,,,,,Steel]Gholdengo||MetalCoat|GoodasGold|MakeItRain,ShadowBall,Protect,NastyPlot||||||50|,,,,,Flying]Talonflame||CovertCloak|GaleWings|BraveBird,Tailwind,WillOWisp,Taunt|||F|||50|,,,,,Ghost]Amoonguss||SitrusBerry|Regenerator|Protect,Spore,RagePowder,PollenPuff|||F|||50|,,,,,Water]Milotic||SafetyGoggles|Competitive|Haze,Protect,IcyWind,Scald|||F|||50|,,,,,Dragon
|showteam|p2|Rillaboom||AssaultVest|Overgrow|GrassyGlide,FakeOut,WoodHammer,HighHorsepower|||M|||50|,,,,,Fire]Volcarona|||FlameBody|HeatWave,BugBuzz,Protect,QuiverDance|||M|||50|,,,,,Grass]Corviknight||CovertCloak|MirrorArmor|Tailwind,IronHead,BraveBird,Roost|||F|||50|,,,,,Grass]Rotom-Wash||SitrusBerry|Levitate|HydroPump,WillOWisp,VoltSwitch,Protect||||||50|,,,,,Ghost
|inactive|Battle timer is ON: inactive players will automatically lose when time's up. (requested by Ray_Nilson)
|
|t:|1756927513
|teamsize|p1|4
|teamsize|p2|4
|start
|switch|p1a: Gholdengo|Gholdengo, L50|100/100
|switch|p1b: Talonflame|Talonflame, L50, F|100/100
|switch|p2a: Rotom|Rotom-Wash, L50, shiny|100/100
|switch|p2b: Rillaboom|Rillaboom, L50, M|100/100
|turn|1
|
|t:|1756927533
|move|p2b: Rillaboom|Fake Out|p1b: Talonflame
|-damage|p1b: Talonflame|83/100
|move|p1b: Talonflame|Will-O-Wisp|p2b: Rillaboom
|-status|p2b: Rillaboom|brn
|move|p1a: Gholdengo|Nasty Plot|p1a: Gholdengo
|-boost|p1a: Gholdengo|spa|2
|move|p2a: Rotom|Hydro Pump|p1b: Talonflame
|-supereffective|p1b: Talonflame
|-damage|p1b: Talonflame|0 fnt
|faint|p1b: Talonflame
|
|-damage|p2b: Rillaboom|95/100 brn|[from] brn
|upkeep
|
|t:|1756927548
|switch|p1b: Tyranitar|Tyranitar, L50, F|100/100
|-weather|Sandstorm|[from] ability: Sand Stream|[of] p1b: Tyranitar
|turn|2
|
|t:|1756927570
|switch|p2b: Corviknight|Corviknight, L50, F, shiny|100/100
|move|p1a: Gholdengo|Shadow Ball|p2b: Corviknight
|-damage|p2b: Corviknight|25/100
|move|p2a: Rotom|Will-O-Wisp|p1b: Tyranitar
|-status|p1b: Tyranitar|brn
|move|p1b: Tyranitar|Rock Slide|p2a: Rotom|[spread] p2b
|-miss|p1b: Tyranitar|p2a: Rotom
|-crit|p2b: Corviknight
|-damage|p2b: Corviknight|3/100
|
|-weather|Sandstorm|[upkeep]
|-damage|p2a: Rotom|95/100|[from] Sandstorm
|-damage|p1b: Tyranitar|95/100 brn|[from] brn
|upkeep
|turn|3
|
|t:|1756927586
|move|p1a: Gholdengo|Shadow Ball|p2b: Corviknight
|-damage|p2b: Corviknight|0 fnt
|faint|p2b: Corviknight
|move|p2a: Rotom|Hydro Pump|p1a: Gholdengo|[miss]
|-miss|p2a: Rotom|p1a: Gholdengo
|move|p1b: Tyranitar|Rock Slide|p2a: Rotom
|-damage|p2a: Rotom|74/100
|
|-weather|Sandstorm|[upkeep]
|-damage|p2a: Rotom|68/100|[from] Sandstorm
|-damage|p1b: Tyranitar|89/100 brn|[from] brn
|upkeep
|
|t:|1756927594
|switch|p2b: Volcarona|Volcarona, L50, M|100/100
|turn|4
|
|t:|1756927616
|-terastallize|p2b: Volcarona|Grass
|move|p2b: Volcarona|Quiver Dance|p2b: Volcarona
|-boost|p2b: Volcarona|spa|1
|-boost|p2b: Volcarona|spd|1
|-boost|p2b: Volcarona|spe|1
|move|p1a: Gholdengo|Shadow Ball|p2b: Volcarona
|-damage|p2b: Volcarona|53/100
|-unboost|p2b: Volcarona|spd|1
|move|p2a: Rotom|Hydro Pump|p1b: Tyranitar|[miss]
|-miss|p2a: Rotom|p1b: Tyranitar
|move|p1b: Tyranitar|Knock Off|p2a: Rotom
|-damage|p2a: Rotom|39/100
|-enditem|p2a: Rotom|Sitrus Berry|[from] move: Knock Off|[of] p1b: Tyranitar
|
|-weather|Sandstorm|[upkeep]
|-damage|p2b: Volcarona|47/100|[from] Sandstorm
|-damage|p2a: Rotom|34/100|[from] Sandstorm
|-damage|p1b: Tyranitar|83/100 brn|[from] brn
|upkeep
|turn|5
|inactive|SelvesterTheYAK has 30 seconds left.
|
|t:|1756927648
|-terastallize|p1a: Gholdengo|Flying
|move|p2b: Volcarona|Heat Wave|p1a: Gholdengo|[spread] p1a,p1b
|-resisted|p1b: Tyranitar
|-damage|p1a: Gholdengo|40/100
|-damage|p1b: Tyranitar|74/100 brn
|-status|p1a: Gholdengo|brn
|move|p1a: Gholdengo|Make It Rain|p2a: Rotom|[spread] p2a,p2b
|-resisted|p2a: Rotom
|-damage|p2a: Rotom|4/100
|-damage|p2b: Volcarona|0 fnt
|-unboost|p1a: Gholdengo|spa|1
|faint|p2b: Volcarona
|move|p2a: Rotom|Hydro Pump|p1b: Tyranitar
|-supereffective|p1b: Tyranitar
|-damage|p1b: Tyranitar|36/100 brn
|move|p1b: Tyranitar|Rock Slide|p2a: Rotom
|-damage|p2a: Rotom|0 fnt
|faint|p2a: Rotom
|
|-weather|Sandstorm|[upkeep]
|-damage|p1a: Gholdengo|34/100 brn|[from] Sandstorm
|-damage|p1a: Gholdengo|27/100 brn|[from] brn
|-damage|p1b: Tyranitar|30/100 brn|[from] brn
|upkeep
|
|t:|1756927661
|switch|p2b: Rillaboom|Rillaboom, L50, M|95/100 brn
|turn|6
|c|☆SelvesterTheYAK|ggwp
|c|☆Ray_Nilson|ggwp
|
|t:|1756927680
|move|p1a: Gholdengo|Protect|p1a: Gholdengo
|-singleturn|p1a: Gholdengo|Protect
|move|p2b: Rillaboom|Wood Hammer|p1b: Tyranitar
|-supereffective|p1b: Tyranitar
|-damage|p1b: Tyranitar|0 fnt
|faint|p1b: Tyranitar
|-damage|p2b: Rillaboom|86/100 brn|[from] Recoil
|
|-weather|none
|-damage|p1a: Gholdengo|21/100 brn|[from] brn
|-damage|p2b: Rillaboom|80/100 brn|[from] brn
|upkeep
|c|☆SelvesterTheYAK|wait I thought it was over lol
|
|t:|1756927694
|switch|p1b: Garchomp|Garchomp, L50, M|100/100
|turn|7
|inactive|Ray_Nilson has 30 seconds left.
|
|t:|1756927724
|move|p1b: Garchomp|Dragon Claw|p2b: Rillaboom
|-damage|p2b: Rillaboom|30/100 brn
|-damage|p1b: Garchomp|91/100|[from] item: Life Orb
|move|p1a: Gholdengo|Shadow Ball|p2b: Rillaboom
|-damage|p2b: Rillaboom|0 fnt
|faint|p2b: Rillaboom
|
|win|SelvesterTheYAK
|raw|SelvesterTheYAK's rating: 1094 → 1114(+20 for winning)
|raw|Ray_Nilson's rating: 1019 → 1009(-10 for losing)
|l|☆Ray_Nilson
|player|p2|
