|j|☆EchoShadowYT
|j|☆rustychair13
|html|EchoShadowYTrustychair13    
|uhtml|bestof|Game 1 of a best-of-3
|t:|1783710877
|gametype|doubles
|player|p1|EchoShadowYT|skierf|1290
|player|p2|rustychair13|265|1339
|gen|9
|tier|[Gen 9 Champions] VGC 2026 Reg M-B (Bo3)
|rated|
|rule|Species Clause: Limit one of each Pokémon
|rule|Item Clause: Limit 1 of each item
|clearpoke
|poke|p1|Delphox, L50, F|
|poke|p1|Sneasler, L50, M|
|poke|p1|Floette-Eternal, L50, F|
|poke|p1|Kingambit, L50, F|
|poke|p1|Incineroar, L50, M|
|poke|p1|Sinistcha, L50|
|poke|p2|Garchomp, L50, M|
|poke|p2|Charizard, L50, M|
|poke|p2|Incineroar, L50, M|
|poke|p2|Aerodactyl, L50, F|
|poke|p2|Sylveon, L50, F|
|poke|p2|Farigiraf, L50, M|
|teampreview|4
|showteam|p1|Delphox||Delphoxite|Blaze|HeatWave,Psyshock,NastyPlot,Protect|Timid||F|||50|]Sneasler||FocusSash|PoisonTouch|DireClaw,CloseCombat,FakeOut,Protect|Jolly||M|||50|]Floette-Eternal||Floettite|FlowerVeil|DazzlingGleam,DrainingKiss,CalmMind,Protect|Modest||F|||50|]Kingambit||BlackGlasses|Defiant|KowtowCleave,SuckerPunch,SwordsDance,Protect|Adamant||F|||50|]Incineroar||SitrusBerry|Intimidate|ThroatChop,FlareBlitz,PartingShot,FakeOut|Impish||M|||50|]Sinistcha||KasibBerry|Hospitality|MatchaGotcha,RagePowder,TrickRoom,Protect|Calm|||||50|
|showteam|p2|Garchomp||LifeOrb|RoughSkin|DragonClaw,Earthquake,StompingTantrum,Protect|Jolly||M|||50|]Charizard||CharizarditeY|Blaze|WeatherBall,HeatWave,SolarBeam,Protect|Modest||M|||50|]Incineroar||Charcoal|Intimidate|FlareBlitz,DarkestLariat,PartingShot,FakeOut|Brave||M|||50|]Aerodactyl||FocusSash|Unnerve|RockSlide,Tailwind,WideGuard,Protect|Jolly||F|||50|]Sylveon||FairyFeather|Pixilate|HyperVoice,QuickAttack,Yawn,Detect|Modest||F|||50|]Farigiraf||SitrusBerry|ArmorTail|Psychic,HelpingHand,TrickRoom,Protect|Calm||M|||50|
|inactive|Battle timer is ON: inactive players will automatically lose when time's up. (requested by EchoShadowYT)
|inactive|EchoShadowYT has 60 seconds left.
|inactive|rustychair13 has 60 seconds left.
|
|t:|1783710909
|teamsize|p1|4
|teamsize|p2|4
|start
|switch|p1a: Floette|Floette-Eternal, L50, F|100/100
|switch|p1b: Incineroar|Incineroar, L50, M|100/100
|switch|p2a: Sylveon|Sylveon, L50, F|100/100
|switch|p2b: Incineroar|Incineroar, L50, M|100/100
|-ability|p1b: Incineroar|Intimidate|boost
|-unboost|p2a: Sylveon|atk|1
|-unboost|p2b: Incineroar|atk|1
|-ability|p2b: Incineroar|Intimidate|boost
|-unboost|p1a: Floette|atk|1
|-unboost|p1b: Incineroar|atk|1
|turn|1
|
|t:|1783710925
|detailschange|p1a: Floette|Floette-Mega, L50, F
|-mega|p1a: Floette|Floette|Floettite
|-ability|p1a: Floette|Fairy Aura
|move|p1b: Incineroar|Fake Out|p2a: Sylveon
|-damage|p2a: Sylveon|90/100
|move|p2b: Incineroar|Fake Out|p1a: Floette
|-damage|p1a: Floette|88/100
|cant|p1a: Floette|flinch
|cant|p2a: Sylveon|flinch
|
|upkeep
|turn|2
|
|t:|1783710942
|move|p1a: Floette|Protect|p1a: Floette
|-singleturn|p1a: Floette|Protect
|move|p2a: Sylveon|Hyper Voice|p1a: Floette|[spread] p1b
|-activate|p1a: Floette|move: Protect
|-damage|p1b: Incineroar|48/100
|-enditem|p1b: Incineroar|Sitrus Berry|[eat]
|-heal|p1b: Incineroar|73/100|[from] item: Sitrus Berry
|move|p1b: Incineroar|Parting Shot|p2b: Incineroar
|-unboost|p2b: Incineroar|atk|1
|-unboost|p2b: Incineroar|spa|1
|
|t:|1783710952
|switch|p1b: Sneasler|Sneasler, L50, M|100/100|[from] Parting Shot
|move|p2b: Incineroar|Flare Blitz|p1a: Floette
|-activate|p1a: Floette|move: Protect
|
|upkeep
|turn|3
|
|t:|1783710971
|move|p1b: Sneasler|Dire Claw|p2a: Sylveon
|-supereffective|p2a: Sylveon|1
|-damage|p2a: Sylveon|0 fnt
|faint|p2a: Sylveon
|move|p1a: Floette|Calm Mind|p1a: Floette
|-boost|p1a: Floette|spa|1
|-boost|p1a: Floette|spd|1
|move|p2b: Incineroar|Parting Shot|p1b: Sneasler
|-unboost|p1b: Sneasler|atk|1
|-unboost|p1b: Sneasler|spa|1
|
|t:|1783710980
|switch|p2b: Aerodactyl|Aerodactyl, L50, F|100/100|[from] Parting Shot
|-ability|p2b: Aerodactyl|Unnerve
|
|upkeep
|
|t:|1783710988
|switch|p2a: Incineroar|Incineroar, L50, M|100/100
|-ability|p2a: Incineroar|Intimidate|boost
|-unboost|p1a: Floette|atk|1
|-unboost|p1b: Sneasler|atk|1
|turn|4
|
|t:|1783710995
|switch|p1b: Incineroar|Incineroar, L50, M|73/100
|-ability|p1b: Incineroar|Intimidate|boost
|-unboost|p2a: Incineroar|atk|1
|-unboost|p2b: Aerodactyl|atk|1
|move|p1a: Floette|Protect|p1a: Floette
|-singleturn|p1a: Floette|Protect
|move|p2a: Incineroar|Fake Out|p1a: Floette
|-activate|p1a: Floette|move: Protect
|move|p2b: Aerodactyl|Rock Slide|p1a: Floette|[spread] 
|-activate|p1a: Floette|move: Protect
|-miss|p2b: Aerodactyl|p1b: Incineroar
|
|upkeep
|turn|5
|
|t:|1783711010
|move|p2b: Aerodactyl|Protect|p2b: Aerodactyl
|-singleturn|p2b: Aerodactyl|Protect
|move|p1b: Incineroar|Fake Out|p2b: Aerodactyl
|-activate|p2b: Aerodactyl|move: Protect
|move|p1a: Floette|Dazzling Gleam|p2b: Aerodactyl|[spread] p2a
|-activate|p2b: Aerodactyl|move: Protect
|-damage|p2a: Incineroar|26/100
|move|p2a: Incineroar|Flare Blitz|p1a: Floette
|-crit|p1a: Floette
|-damage|p1a: Floette|0 fnt
|faint|p1a: Floette
|-damage|p2a: Incineroar|3/100|[from] Recoil
|
|upkeep
|
|t:|1783711032
|switch|p1a: Sinistcha|Sinistcha, L50|100/100
|-heal|p1b: Incineroar|98/100|[from] ability: Hospitality|[of] p1a: Sinistcha
|turn|6
|
|t:|1783711046
|switch|p2a: Garchomp|Garchomp, L50, M|100/100
|move|p2b: Aerodactyl|Rock Slide|p1a: Sinistcha|[spread] p1a,p1b
|-supereffective|p1b: Incineroar|1
|-damage|p1a: Sinistcha|86/100
|-damage|p1b: Incineroar|73/100
|move|p1b: Incineroar|Throat Chop|p2a: Garchomp
|-damage|p2a: Garchomp|67/100
|-start|p2a: Garchomp|Throat Chop|[silent]
|-damage|p1b: Incineroar|61/100|[from] ability: Rough Skin|[of] p2a: Garchomp
|move|p1a: Sinistcha|Trick Room|p1a: Sinistcha
|-fieldstart|move: Trick Room|[of] p1a: Sinistcha
|
|upkeep
|turn|7
|
|t:|1783711059
|move|p1b: Incineroar|Throat Chop|p2a: Garchomp
|-damage|p2a: Garchomp|37/100
|-damage|p1b: Incineroar|48/100|[from] ability: Rough Skin|[of] p2a: Garchomp
|move|p1a: Sinistcha|Matcha Gotcha|p2b: Aerodactyl|[spread] p2a,p2b
|-damage|p2a: Garchomp|12/100
|-heal|p1a: Sinistcha|99/100|[from] drain|[of] p2a: Garchomp
|-damage|p2b: Aerodactyl|67/100
|-heal|p1a: Sinistcha|100/100|[from] drain|[of] p2b: Aerodactyl
|move|p2a: Garchomp|Earthquake|p1b: Incineroar|[spread] p1a,p1b
|-immune|p2b: Aerodactyl
|-resisted|p1a: Sinistcha|1
|-supereffective|p1b: Incineroar|1
|-damage|p1a: Sinistcha|76/100
|-damage|p1b: Incineroar|0 fnt
|faint|p1b: Incineroar
|-damage|p2a: Garchomp|3/100|[from] item: Life Orb
|move|p2b: Aerodactyl|Rock Slide|p1a: Sinistcha
|-damage|p1a: Sinistcha|57/100
|
|-end|p2a: Garchomp|Throat Chop|[silent]
|upkeep
|
|t:|1783711079
|switch|p1b: Sneasler|Sneasler, L50, M|100/100
|turn|8
|
|t:|1783711085
|move|p2a: Garchomp|Protect|p2a: Garchomp
|-singleturn|p2a: Garchomp|Protect
|move|p1b: Sneasler|Fake Out|p2b: Aerodactyl
|-resisted|p2b: Aerodactyl|1
|-damage|p2b: Aerodactyl|56/100
|move|p1a: Sinistcha|Matcha Gotcha|p2a: Garchomp|[spread] p2b
|-activate|p2a: Garchomp|move: Protect
|-damage|p2b: Aerodactyl|23/100
|-heal|p1a: Sinistcha|71/100|[from] drain|[of] p2b: Aerodactyl
|cant|p2b: Aerodactyl|flinch
|
|upkeep
|turn|9
|
|t:|1783711110
|move|p2b: Aerodactyl|Protect|p2b: Aerodactyl
|-singleturn|p2b: Aerodactyl|Protect
|move|p1a: Sinistcha|Matcha Gotcha|p2a: Garchomp|[spread] p2a
|-activate|p2b: Aerodactyl|move: Protect
|-damage|p2a: Garchomp|0 fnt
|-heal|p1a: Sinistcha|73/100|[from] drain|[of] p2a: Garchomp
|faint|p2a: Garchomp
|move|p1b: Sneasler|Dire Claw|p2b: Aerodactyl
|-activate|p2b: Aerodactyl|move: Protect
|
|upkeep
|
|t:|1783711117
|switch|p2a: Incineroar|Incineroar, L50, M|3/100
|-ability|p2a: Incineroar|Intimidate|boost
|-unboost|p1a: Sinistcha|atk|1
|-unboost|p1b: Sneasler|atk|1
|turn|10
|
|t:|1783711132
|move|p2a: Incineroar|Darkest Lariat|p1a: Sinistcha
|-supereffective|p1a: Sinistcha|1
|-damage|p1a: Sinistcha|2/100
|move|p1a: Sinistcha|Matcha Gotcha|p2a: Incineroar|[spread] p2a,p2b
|-resisted|p2a: Incineroar|1
|-damage|p2a: Incineroar|0 fnt
|-heal|p1a: Sinistcha|5/100|[from] drain|[of] p2a: Incineroar
|-damage|p2b: Aerodactyl|0 fnt
|-heal|p1a: Sinistcha|15/100|[from] drain|[of] p2b: Aerodactyl
|faint|p2a: Incineroar
|faint|p2b: Aerodactyl
|
|win|EchoShadowYT
||rustychair13 is ready for game 2.
|inactive|EchoShadowYT has 30 seconds to confirm battle start!
||EchoShadowYT is ready for game 2.
|uhtml|next|Next: Game 2 of 3
|l|☆rustychair13
|player|p2|
