|j|☆tronghi
|j|☆Linyu07824
|html|tronghiLinyu07824    
|uhtml|bestof|Game 2 of a best-of-3
|t:|1785247193
|gametype|doubles
|player|p1|tronghi|266|1000
|player|p2|Linyu07824|lyra|1022
|gen|9
|tier|[Gen 9 Champions] VGC 2026 Reg M-B (Bo3)
|rated|
|rule|Species Clause: Limit one of each Pokémon
|rule|Item Clause: Limit 1 of each item
|clearpoke
|poke|p1|Delphox, L50, F, shiny|
|poke|p1|Tsareena, L50, F|
|poke|p1|Milotic, L50, M, shiny|
|poke|p1|Garchomp, L50, F, shiny|
|poke|p1|Whimsicott, L50, M, shiny|
|poke|p1|Clefable, L50, F|
|poke|p2|Sneasler, L50, M|
|poke|p2|Incineroar, L50, M|
|poke|p2|Floette-Eternal, L50, F|
|poke|p2|Milotic, L50, F|
|poke|p2|Sinistcha-Masterpiece, L50|
|poke|p2|Delphox, L50, F|
|teampreview|4
|showteam|p1|Delphox||Delphoxite|Magician|Psychic,HeatWave,Protect,CalmMind|Timid||F|||50|]Tsareena||MiracleSeed|QueenlyMajesty|LowKick,SeedBomb,TripleAxel,Protect|Serious||F|||50|]Milotic||Leftovers|Competitive|Coil,Hypnosis,MuddyWater,LifeDew|Serious||M|||50|]Garchomp||YacheBerry|RoughSkin|DragonClaw,Earthquake,RockSlide,Protect|Serious||F|||50|]Whimsicott||FocusSash|Prankster|Tailwind,Moonblast,Encore,SunnyDay|Serious||M|||50|]Clefable||SitrusBerry|MagicGuard|Moonblast,IcyWind,FollowMe,LifeDew|Serious||F|||50|
|showteam|p2|Sneasler||FocusSash|Unburden|FakeOut,QuickGuard,DireClaw,CloseCombat|Jolly||M|||50|]Incineroar||SitrusBerry|Intimidate|FakeOut,FlareBlitz,DarkestLariat,PartingShot|Impish||M|||50|]Floette-Eternal||Floettite|FlowerVeil|Moonblast,CalmMind,Protect,DazzlingGleam|Modest||F|||50|]Milotic||Leftovers|Competitive|Protect,Coil,MuddyWater,Hypnosis|Bold||F|||50|]Sinistcha-Masterpiece||KasibBerry|Hospitality|Protect,LifeDew,RagePowder,MatchaGotcha|Bold|||||50|]Delphox||Delphoxite|Blaze|HeatWave,Protect,NastyPlot,Psychic|Timid||F|||50|
|inactive|Battle timer is ON: inactive players will automatically lose when time's up. (requested by Linyu07824)
|
|t:|1785247218
|teamsize|p1|4
|teamsize|p2|4
|start
|switch|p1a: Garchomp|Garchomp, L50, F, shiny|100/100
|switch|p1b: Delphox|Delphox, L50, F, shiny|100/100
|switch|p2a: Milotic|Milotic, L50, F|100/100
|switch|p2b: Delphox|Delphox, L50, F|100/100
|turn|1
|
|t:|1785247242
|switch|p1b: Tsareena|Tsareena, L50, F|100/100
|detailschange|p2b: Delphox|Delphox-Mega, L50, F
|-mega|p2b: Delphox|Delphox|Delphoxite
|move|p2b: Delphox|Nasty Plot|p2b: Delphox
|-boost|p2b: Delphox|spa|2
|move|p1a: Garchomp|Rock Slide|p2b: Delphox|[spread] p2a,p2b
|-supereffective|p2b: Delphox|1
|-damage|p2a: Milotic|83/100
|-damage|p2b: Delphox|50/100g
|move|p2a: Milotic|Coil|p2a: Milotic
|-boost|p2a: Milotic|atk|1
|-boost|p2a: Milotic|def|1
|-boost|p2a: Milotic|accuracy|1
|
|-heal|p2a: Milotic|89/100|[from] item: Leftovers
|upkeep
|turn|2
|
|t:|1785247266
|move|p1a: Garchomp|Protect|p1a: Garchomp
|-singleturn|p1a: Garchomp|Protect
|move|p1b: Tsareena|Protect|p1b: Tsareena
|-singleturn|p1b: Tsareena|Protect
|move|p2b: Delphox|Heat Wave|p1b: Tsareena|[spread] 
|-activate|p1a: Garchomp|move: Protect
|-activate|p1b: Tsareena|move: Protect
|move|p2a: Milotic|Hypnosis|p1a: Garchomp
|-activate|p1a: Garchomp|move: Protect
|
|-heal|p2a: Milotic|95/100|[from] item: Leftovers
|upkeep
|turn|3
|
|t:|1785247288
|switch|p1b: Whimsicott|Whimsicott, L50, M, shiny|100/100
|move|p2b: Delphox|Psychic|p1a: Garchomp
|-damage|p1a: Garchomp|0 fnt
|faint|p1a: Garchomp
|move|p2a: Milotic|Hypnosis|p1b: Whimsicott
|-status|p1b: Whimsicott|slp|[from] move: Hypnosis
|
|-heal|p2a: Milotic|100/100|[from] item: Leftovers
|upkeep
|
|t:|1785247300
|switch|p1a: Tsareena|Tsareena, L50, F|100/100
|turn|4
|inactive|tronghi has 30 seconds left.
|inactive|tronghi has 20 seconds left.
|inactive|tronghi has 15 seconds left.
|
|t:|1785247342
|cant|p1b: Whimsicott|slp
|move|p2b: Delphox|Heat Wave|p1b: Whimsicott|[spread] p1a
|-miss|p2b: Delphox|p1b: Whimsicott
|-supereffective|p1a: Tsareena|1
|-damage|p1a: Tsareena|0 fnt
|faint|p1a: Tsareena
|move|p2a: Milotic|Muddy Water|p1b: Whimsicott
|-resisted|p1b: Whimsicott|1
|-damage|p1b: Whimsicott|72/100 slp
|
|upkeep
|
|t:|1785247351
|switch|p1a: Delphox|Delphox, L50, F, shiny|100/100
|turn|5
|
|t:|1785247363
|detailschange|p1a: Delphox|Delphox-Mega, L50, F, shiny
|-mega|p1a: Delphox|Delphox|Delphoxite
|move|p1a: Delphox|Protect|p1a: Delphox
|-singleturn|p1a: Delphox|Protect
|cant|p1b: Whimsicott|slp
|move|p2b: Delphox|Heat Wave|p1b: Whimsicott|[spread] p1b
|-activate|p1a: Delphox|move: Protect
|-supereffective|p1b: Whimsicott|1
|-damage|p1b: Whimsicott|0 fnt
|faint|p1b: Whimsicott
|move|p2a: Milotic|Muddy Water|p1a: Delphox
|-activate|p1a: Delphox|move: Protect
|
|upkeep
|turn|6
|
|t:|1785247377
|move|p2b: Delphox|Protect|p2b: Delphox
|-singleturn|p2b: Delphox|Protect
|move|p1a: Delphox|Heat Wave|p2a: Milotic|[spread] p2a
|-activate|p2b: Delphox|move: Protect
|-resisted|p2a: Milotic|1
|-damage|p2a: Milotic|84/100
|move|p2a: Milotic|Hypnosis|p1a: Delphox|[miss]
|-miss|p2a: Milotic|p1a: Delphox
|
|-heal|p2a: Milotic|90/100|[from] item: Leftovers
|upkeep
|turn|7
|
|t:|1785247390
|move|p2b: Delphox|Psychic|p1a: Delphox
|-resisted|p1a: Delphox|1
|-damage|p1a: Delphox|57/100
|move|p1a: Delphox|Calm Mind|p1a: Delphox
|-boost|p1a: Delphox|spa|1
|-boost|p1a: Delphox|spd|1
|move|p2a: Milotic|Hypnosis|p1a: Delphox
|-status|p1a: Delphox|slp|[from] move: Hypnosis
|
|-heal|p2a: Milotic|96/100|[from] item: Leftovers
|upkeep
|turn|8
|
|t:|1785247401
|move|p2b: Delphox|Psychic|p1a: Delphox
|-resisted|p1a: Delphox|1
|-damage|p1a: Delphox|30/100 slp
|cant|p1a: Delphox|slp
|move|p2a: Milotic|Muddy Water|p1a: Delphox
|-supereffective|p1a: Delphox|1
|-damage|p1a: Delphox|0 fnt
|faint|p1a: Delphox
|
|win|Linyu07824
|raw|tronghi's rating: 1051 → 1032(-19 for losing)
|raw|Linyu07824's rating: 1022 → 1062(+40 for winning)
|l|☆tronghi
|player|p1|
