|j|☆danicruz.music
|j|☆JakAttack626
|html|danicruz.musicJakAttack626    
|uhtml|bestof|Game 1 of a best-of-3
|t:|1756350202
|gametype|doubles
|player|p1|danicruz.music|whitney|1038
|player|p2|JakAttack626|blue|1076
|gen|9
|tier|[Gen 9] VGC 2025 Reg H (Bo3)
|rated|
|rule|Species Clause: Limit one of each Pokémon
|rule|Item Clause: Limit 1 of each item
|clearpoke
|poke|p1|Dondozo, L50, M|
|poke|p1|Tatsugiri, L50, F|
|poke|p1|Pelipper, L50, M|
|poke|p1|Barraskewda, L50, F|
|poke|p1|Smeargle, L50, F|
|poke|p1|Archaludon, L50, M|
|poke|p2|Annihilape, L50, M|
|poke|p2|Ninetales-Alola, L50, M|
|poke|p2|Garchomp, L50, F|
|poke|p2|Dragonite, L50, M|
|poke|p2|Sneasler, L50, M|
|poke|p2|Incineroar, L50, F|
|teampreview|4
|showteam|p1|Dondozo||Leftovers|Unaware|WaveCrash,Earthquake,OrderUp,Protect|||M|||50|,,,,,Ground]Tatsugiri||ChoiceSpecs|Commander|DragonPulse,DracoMeteor,MuddyWater,IcyWind|||F|||50|,,,,,Fairy]Pelipper||CovertCloak|Drizzle|Hurricane,WeatherBall,WideGuard,Tailwind|||M|||50|,,,,,Water]Barraskewda||LifeOrb|SwiftSwim|PoisonJab,Liquidation,PsychicFangs,Protect|||F|||50|,,,,,Stellar]Smeargle||FocusSash|Moody|FakeOut,FollowMe,Spore,Decorate|||F|||50|,,,,,Grass]Archaludon||PowerHerb|Stalwart|ElectroShot,MeteorBeam,DracoMeteor,Protect|||M|||50|,,,,,Electric
|showteam|p2|Annihilape||AssaultVest|Defiant|RageFist,DrainPunch,RockTomb,FinalGambit|||M|||50|,,,,,Fire]Ninetales-Alola||ChoiceSpecs|SnowWarning|Blizzard,Moonblast,FreezeDry,IcyWind|||M|||50|,,,,,Ghost]Garchomp||LifeOrb|RoughSkin|Earthquake,StompingTantrum,DragonClaw,Protect|||F|||50|,,,,,Steel]Dragonite||LoadedDice|Multiscale|ScaleShot,Tailwind,Protect,Haze|||M|||50|,,,,,Fairy]Sneasler||FocusSash|Unburden|CloseCombat,DireClaw,FakeOut,Coaching|||M|||50|,,,,,Ghost]Incineroar||SafetyGoggles|Intimidate|KnockOff,Taunt,FakeOut,PartingShot|||F|||50|,,,,,Fairy
|inactive|Battle timer is ON: inactive players will automatically lose when time's up. (requested by danicruz.music)
|inactive|JakAttack626 has 60 seconds left.
|inactive|JakAttack626 has 30 seconds left.
|inactive|JakAttack626 has 20 seconds left.
|
|t:|1756350277
|teamsize|p1|4
|teamsize|p2|4
|start
|switch|p1a: Smeargle|Smeargle, L50, F|100/100
|switch|p1b: Tatsugiri|Tatsugiri, L50, F|100/100
|switch|p2a: Annihilape|Annihilape, L50, M, shiny|100/100
|switch|p2b: Dragonite|Dragonite, L50, M, shiny|100/100
|turn|1
|inactive|JakAttack626 has 30 seconds left.
|inactive|danicruz.music has 30 seconds left.
|inactive|JakAttack626 has 20 seconds left.
|inactive|JakAttack626 has 15 seconds left.
|inactive|JakAttack626 has 10 seconds left.
|inactive|JakAttack626 has 5 seconds left.
|
|t:|1756350328
|-terastallize|p1b: Tatsugiri|Fairy
|move|p1a: Smeargle|Follow Me|p1a: Smeargle
|-singleturn|p1a: Smeargle|move: Follow Me
|move|p2a: Annihilape|Drain Punch|p1a: Smeargle
|-supereffective|p1a: Smeargle
|-enditem|p1a: Smeargle|Focus Sash
|-damage|p1a: Smeargle|1/100
|move|p1b: Tatsugiri|Icy Wind|p2a: Annihilape|[spread] p2a,p2b
|-supereffective|p2b: Dragonite
|-damage|p2a: Annihilape|87/100
|-damage|p2b: Dragonite|57/100
|-unboost|p2a: Annihilape|spe|1
|-ability|p2a: Annihilape|Defiant|boost
|-boost|p2a: Annihilape|atk|2
|-unboost|p2b: Dragonite|spe|1
|move|p2b: Dragonite|Scale Shot|p1a: Smeargle|[miss]
|-miss|p2b: Dragonite|p1a: Smeargle
|
|-ability|p1a: Smeargle|Moody|boost
|-boost|p1a: Smeargle|spe|2
|-unboost|p1a: Smeargle|spd|1
|upkeep
|turn|2
|inactive|JakAttack626 has 30 seconds left.
|inactive|JakAttack626 has 20 seconds left.
|inactive|JakAttack626 has 15 seconds left.
|inactive|JakAttack626 has 10 seconds left.
|inactive|JakAttack626 has 5 seconds left.
|
|t:|1756350383
|move|p1a: Smeargle|Spore|p2b: Dragonite
|-status|p2b: Dragonite|slp|[from] move: Spore
|move|p1b: Tatsugiri|Icy Wind|p2b: Dragonite|[spread] p2a,p2b
|-crit|p2a: Annihilape
|-supereffective|p2b: Dragonite
|-damage|p2a: Annihilape|67/100
|-damage|p2b: Dragonite|0 fnt
|-unboost|p2a: Annihilape|spe|1
|-ability|p2a: Annihilape|Defiant|boost
|-boost|p2a: Annihilape|atk|2
|faint|p2b: Dragonite
|move|p2a: Annihilape|Rage Fist|p1a: Smeargle
|-immune|p1a: Smeargle
|
|-ability|p1a: Smeargle|Moody|boost
|-boost|p1a: Smeargle|def|2
|-unboost|p1a: Smeargle|spa|1
|upkeep
|
|t:|1756350389
|switch|p2b: Ninetales|Ninetales-Alola, L50, M, shiny|100/100
|-weather|Snowscape|[from] ability: Snow Warning|[of] p2b: Ninetales
|turn|3
|
|t:|1756350400
|move|p1a: Smeargle|Spore|p2b: Ninetales
|-status|p2b: Ninetales|slp|[from] move: Spore
|cant|p2b: Ninetales|slp
|move|p1b: Tatsugiri|Icy Wind|p2a: Annihilape|[spread] p2a,p2b
|-resisted|p2b: Ninetales
|-damage|p2a: Annihilape|55/100
|-damage|p2b: Ninetales|89/100 slp
|-unboost|p2a: Annihilape|spe|1
|-ability|p2a: Annihilape|Defiant|boost
|-boost|p2a: Annihilape|atk|2
|-unboost|p2b: Ninetales|spe|1
|move|p2a: Annihilape|Drain Punch|p1a: Smeargle
|-supereffective|p1a: Smeargle
|-damage|p1a: Smeargle|0 fnt
|-heal|p2a: Annihilape|55/100|[from] drain|[of] p1a: Smeargle
|faint|p1a: Smeargle
|
|-weather|Snowscape|[upkeep]
|upkeep
|
|t:|1756350409
|switch|p1a: Dondozo|Dondozo, L50, M|100/100
|-activate|p1b: Tatsugiri|ability: Commander|[of] p1a: Dondozo
|-boost|p1a: Dondozo|atk|2
|-boost|p1a: Dondozo|spa|2
|-boost|p1a: Dondozo|spe|2
|-boost|p1a: Dondozo|def|2
|-boost|p1a: Dondozo|spd|2
|turn|4
|
|t:|1756350424
|-curestatus|p2b: Ninetales|slp|[msg]
|move|p2b: Ninetales|Freeze-Dry|p1a: Dondozo
|-supereffective|p1a: Dondozo
|-damage|p1a: Dondozo|61/100
|move|p1a: Dondozo|Earthquake|p2b: Ninetales|[spread] p2a,p2b
|-miss|p1a: Dondozo|p1b: Tatsugiri
|-damage|p2a: Annihilape|4/100
|-damage|p2b: Ninetales|39/100
|move|p2a: Annihilape|Rage Fist|p1a: Dondozo
|-damage|p1a: Dondozo|30/100
|
|-weather|Snowscape|[upkeep]
|-heal|p1a: Dondozo|37/100|[from] item: Leftovers
|upkeep
|turn|5
|
|t:|1756350444
|switch|p2a: Garchomp|Garchomp, L50, F|100/100
|move|p2b: Ninetales|Freeze-Dry|p1a: Dondozo
|-supereffective|p1a: Dondozo
|-damage|p1a: Dondozo|0 fnt
|faint|p1a: Dondozo
|
|-weather|Snowscape|[upkeep]
|upkeep
|
|t:|1756350449
|switch|p1a: Barraskewda|Barraskewda, L50, F|100/100
|turn|6
|
|t:|1756350463
|-terastallize|p2a: Garchomp|Steel
|move|p1a: Barraskewda|Liquidation|p2a: Garchomp
|-damage|p2a: Garchomp|36/100
|-unboost|p2a: Garchomp|def|1
|-damage|p1a: Barraskewda|88/100|[from] ability: Rough Skin|[of] p2a: Garchomp
|-damage|p1a: Barraskewda|79/100|[from] item: Life Orb
|move|p2a: Garchomp|Stomping Tantrum|p1b: Tatsugiri
|-damage|p1b: Tatsugiri|4/100
|-damage|p2a: Garchomp|26/100|[from] item: Life Orb
|move|p1b: Tatsugiri|Icy Wind|p2a: Garchomp|[spread] p2a,p2b
|-resisted|p2a: Garchomp
|-resisted|p2b: Ninetales
|-damage|p2a: Garchomp|16/100
|-damage|p2b: Ninetales|27/100
|-unboost|p2a: Garchomp|spe|1
|-unboost|p2b: Ninetales|spe|1
|move|p2b: Ninetales|Freeze-Dry|p1a: Barraskewda
|-supereffective|p1a: Barraskewda
|-damage|p1a: Barraskewda|0 fnt
|faint|p1a: Barraskewda
|
|-weather|Snowscape|[upkeep]
|upkeep
|turn|7
|
|t:|1756350477
|move|p1b: Tatsugiri|Icy Wind|p2a: Garchomp|[spread] p2a,p2b
|-resisted|p2a: Garchomp
|-resisted|p2b: Ninetales
|-damage|p2a: Garchomp|5/100
|-damage|p2b: Ninetales|14/100
|-unboost|p2a: Garchomp|spe|1
|-unboost|p2b: Ninetales|spe|1
|move|p2a: Garchomp|Stomping Tantrum|p1b: Tatsugiri
|-damage|p1b: Tatsugiri|0 fnt
|faint|p1b: Tatsugiri
|-damage|p2a: Garchomp|0 fnt|[from] item: Life Orb
|faint|p2a: Garchomp
|
|win|JakAttack626
|l|☆danicruz.music
|player|p1|
||danicruz.music is ready for game 2.
|inactive|JakAttack626 has 30 seconds to confirm battle start!
