|j|☆lololegacy
|j|☆GS Barnabe
|html|lololegacyGS Barnabe    
|uhtml|bestof|Game 2 of a best-of-3
|t:|1785939816
|gametype|doubles
|player|p1|lololegacy|cynthia|1108
|player|p2|GS Barnabe|1|1102
|gen|9
|tier|[Gen 9 Champions] VGC 2026 Reg M-B (Bo3)
|rated|
|rule|Species Clause: Limit one of each Pokémon
|rule|Item Clause: Limit 1 of each item
|clearpoke
|poke|p1|Basculegion, L50, M, shiny|
|poke|p1|Toxapex, L50, F|
|poke|p1|Maushold, L50|
|poke|p1|Talonflame, L50, M|
|poke|p1|Venusaur, L50, M|
|poke|p1|Blastoise, L50, M|
|poke|p2|Clefable, L50, M|
|poke|p2|Tyranitar, L50, F|
|poke|p2|Garchomp, L50, F|
|poke|p2|Gholdengo, L50|
|poke|p2|Rotom-Wash, L50|
|poke|p2|Aerodactyl, L50, F|
|teampreview|4
|showteam|p1|Basculegion||ChoiceScarf|Adaptability|LastRespects,FlipTurn,WaveCrash,AquaJet|Jolly||M|||50|]Toxapex||Leftovers|Regenerator|BanefulBunker,ToxicSpikes,Recover,WideGuard|Relaxed||F|||50|]Maushold||WideLens|Technician|PopulationBomb,Taunt,Protect,FollowMe|Adamant|||||50|]Talonflame||FocusSash|GaleWings|Protect,BraveBird,Tailwind,Whirlwind|Adamant||M|||50|]Venusaur||Venusaurite|Chlorophyll|EarthPower,GigaDrain,Protect,SleepPowder|Calm||M|||50|]Blastoise||Blastoisinite|Torrent|AuraSphere,IceBeam,Protect,DarkPulse|Timid||M|||50|
|showteam|p2|Clefable||SitrusBerry|Unaware|Moonblast,FollowMe,HealPulse,Protect|Bold||M|||50|]Tyranitar||ChoiceScarf|SandStream|RockSlide,KnockOff,IcePunch,Superpower|Jolly||F|||50|]Garchomp||Garchompite|SandVeil|DracoMeteor,EarthPower,PowerGem,Protect|Modest||F|||50|]Gholdengo||LifeOrb|GoodasGold|MakeItRain,ShadowBall,NastyPlot,Protect|Modest|||||50|]Rotom-Wash||Leftovers|Levitate|HydroPump,VoltSwitch,WillOWisp,Protect|Calm|||||50|]Aerodactyl||Aerodactylite|RockHead|RockSlide,DualWingbeat,Tailwind,Protect|Jolly||F|||50|
|
|t:|1785939842
|teamsize|p1|4
|teamsize|p2|4
|start
|switch|p1a: Thumper|Venusaur, L50, M|100/100
|switch|p1b: America|Talonflame, L50, M|100/100
|switch|p2a: Aerodactyl|Aerodactyl, L50, F|100/100
|switch|p2b: Rotom|Rotom-Wash, L50|100/100
|turn|1
|
|t:|1785939870
|detailschange|p2a: Aerodactyl|Aerodactyl-Mega, L50, F
|-mega|p2a: Aerodactyl|Aerodactyl|Aerodactylite
|detailschange|p1a: Thumper|Venusaur-Mega, L50, M
|-mega|p1a: Thumper|Venusaur|Venusaurite
|move|p1b: America|Tailwind|p1b: America
|-sidestart|p1: lololegacy|move: Tailwind
|move|p1a: Thumper|Sleep Powder|p2a: Aerodactyl
|-status|p2a: Aerodactyl|slp|[from] move: Sleep Powder
|cant|p2a: Aerodactyl|slp
|move|p2b: Rotom|Volt Switch|p1b: America
|-supereffective|p1b: America|1
|-damage|p1b: America|26/100
|
|t:|1785939884
|switch|p2b: Tyranitar|Tyranitar, L50, F|100/100|[from] Volt Switch
|-weather|Sandstorm|[from] ability: Sand Stream|[of] p2b: Tyranitar
|
|-weather|Sandstorm|[upkeep]
|-damage|p1b: America|20/100y|[from] Sandstorm
|-damage|p1a: Thumper|94/100|[from] Sandstorm
|upkeep
|turn|2
|
|t:|1785939902
|switch|p2b: Gholdengo|Gholdengo, L50|100/100
|move|p1a: Thumper|Giga Drain|p2b: Gholdengo
|-resisted|p2b: Gholdengo|1
|-damage|p2b: Gholdengo|84/100
|-heal|p1a: Thumper|100/100|[from] drain|[of] p2b: Gholdengo
|cant|p2a: Aerodactyl|slp
|move|p1b: America|Whirlwind|p2b: Gholdengo
|-immune|p2b: Gholdengo|[from] ability: Good as Gold
|
|-weather|Sandstorm|[upkeep]
|-damage|p1b: America|14/100|[from] Sandstorm
|-damage|p1a: Thumper|94/100|[from] Sandstorm
|upkeep
|turn|3
|
|t:|1785939924
|move|p1a: Thumper|Earth Power|p2b: Gholdengo
|-supereffective|p2b: Gholdengo|1
|-damage|p2b: Gholdengo|30/100
|-curestatus|p2a: Aerodactyl|slp|[msg]
|move|p2a: Aerodactyl|Tailwind|p2a: Aerodactyl
|-sidestart|p2: GS Barnabe|move: Tailwind
|move|p2b: Gholdengo|Nasty Plot|p2b: Gholdengo
|-boost|p2b: Gholdengo|spa|2
|move|p1b: America|Whirlwind|p2a: Aerodactyl
|drag|p2a: Rotom|Rotom-Wash, L50|100/100
|
|-weather|Sandstorm|[upkeep]
|-damage|p1b: America|9/100|[from] Sandstorm
|-damage|p2a: Rotom|94/100|[from] Sandstorm
|-damage|p1a: Thumper|88/100|[from] Sandstorm
|-heal|p2a: Rotom|100/100|[from] item: Leftovers
|upkeep
|turn|4
|
|t:|1785939956
|move|p1b: America|Protect|p1b: America
|-singleturn|p1b: America|Protect
|move|p2b: Gholdengo|Protect|p2b: Gholdengo
|-singleturn|p2b: Gholdengo|Protect
|move|p2a: Rotom|Volt Switch|p1b: America
|-activate|p1b: America|move: Protect
|move|p1a: Thumper|Earth Power|p2b: Gholdengo
|-activate|p2b: Gholdengo|move: Protect
|
|-weather|Sandstorm|[upkeep]
|-damage|p1b: America|3/100|[from] Sandstorm
|-damage|p2a: Rotom|94/100|[from] Sandstorm
|-damage|p1a: Thumper|82/100|[from] Sandstorm
|-heal|p2a: Rotom|100/100|[from] item: Leftovers
|-sideend|p1: lololegacy|move: Tailwind
|upkeep
|turn|5
|
|t:|1785939983
|move|p2a: Rotom|Volt Switch|p1b: America
|-supereffective|p1b: America|1
|-damage|p1b: America|0 fnt
|faint|p1b: America
|
|t:|1785939988
|switch|p2a: Aerodactyl|Aerodactyl-Mega, L50, F|100/100|[from] Volt Switch
|move|p2b: Gholdengo|Shadow Ball|p1a: Thumper
|-damage|p1a: Thumper|17/100
|-damage|p2b: Gholdengo|21/100|[from] item: Life Orb
|move|p1a: Thumper|Earth Power|p2b: Gholdengo
|-supereffective|p2b: Gholdengo|1
|-damage|p2b: Gholdengo|0 fnt
|faint|p2b: Gholdengo
|
|-weather|none
|upkeep
|
|t:|1785940004
|switch|p1b: The Olivers|Maushold, L50|100/100
|switch|p2b: Tyranitar|Tyranitar, L50, F|100/100
|-weather|Sandstorm|[from] ability: Sand Stream|[of] p2b: Tyranitar
|turn|6
|
|t:|1785940026
|move|p1b: The Olivers|Follow Me|p1b: The Olivers
|-singleturn|p1b: The Olivers|move: Follow Me
|move|p2a: Aerodactyl|Rock Slide|p1b: The Olivers|[spread] p1a
|-miss|p2a: Aerodactyl|p1b: The Olivers
|-damage|p1a: Thumper|0 fnt
|faint|p1a: Thumper
|move|p2b: Tyranitar|Rock Slide|p1b: The Olivers|[miss]
|-miss|p2b: Tyranitar|p1b: The Olivers
|
|-weather|Sandstorm|[upkeep]
|-damage|p1b: The Olivers|94/100|[from] Sandstorm
|-sideend|p2: GS Barnabe|move: Tailwind
|upkeep
|
|t:|1785940037
|switch|p1a: Phish|Basculegion, L50, M, shiny|100/100
|turn|7
|
|t:|1785940050
|switch|p2b: Rotom|Rotom-Wash, L50|100/100
|move|p1a: Phish|Wave Crash|p2a: Aerodactyl
|-supereffective|p2a: Aerodactyl|1
|-damage|p2a: Aerodactyl|0 fnt
|faint|p2a: Aerodactyl
|-damage|p1a: Phish|72/100|[from] Recoil
|move|p1b: The Olivers|Population Bomb|p2b: Rotom
|-damage|p2b: Rotom|85/100
|-damage|p2b: Rotom|71/100
|-damage|p2b: Rotom|58/100
|-damage|p2b: Rotom|44/100
|-damage|p2b: Rotom|31/100
|-damage|p2b: Rotom|19/100
|-crit|p2b: Rotom
|-damage|p2b: Rotom|0 fnt
|faint|p2b: Rotom
|-hitcount|p2: Rotom|7
|
|-weather|Sandstorm|[upkeep]
|-damage|p1a: Phish|66/100|[from] Sandstorm
|-damage|p1b: The Olivers|88/100|[from] Sandstorm
|upkeep
|
|t:|1785940070
|switch|p2b: Tyranitar|Tyranitar, L50, F|100/100
|turn|8
|
|t:|1785940077
|move|p1a: Phish|Wave Crash|p2b: Tyranitar
|-supereffective|p2b: Tyranitar|1
|-damage|p2b: Tyranitar|0 fnt
|faint|p2b: Tyranitar
|-damage|p1a: Phish|37/100|[from] Recoil
|
|win|lololegacy
||lololegacy is ready for game 3.
