|j|☆Belinvgc
|j|☆IshzarkVGC
|html|BelinvgcIshzarkVGC    
|uhtml|bestof|Game 1 of a best-of-3
|t:|1757781881
|gametype|doubles
|player|p1|Belinvgc|169|1305
|player|p2|IshzarkVGC|n|1319
|gen|9
|tier|[Gen 9] VGC 2025 Reg H (Bo3)
|rated|
|rule|Species Clause: Limit one of each Pokémon
|rule|Item Clause: Limit 1 of each item
|clearpoke
|poke|p1|Annihilape, L50, F|
|poke|p1|Sinistcha, L50|
|poke|p1|Rillaboom, L50, F|
|poke|p1|Incineroar, L50, F|
|poke|p1|Sneasler, L50, M|
|poke|p1|Maushold, L50|
|poke|p2|Sneasler, L50, M|
|poke|p2|Indeedee, L50, M|
|poke|p2|Incineroar, L50, F|
|poke|p2|Ursaluna, L50, M|
|poke|p2|Gholdengo, L50|
|poke|p2|Dragonite, L50, M|
|teampreview|4
|showteam|p1|Annihilape||Leftovers|Defiant|DrainPunch,RageFist,BulkUp,Protect|||F|||50|,,,,,Water]Sinistcha||SitrusBerry|Hospitality|MatchaGotcha,RagePowder,LifeDew,TrickRoom||||||50|,,,,,Water]Rillaboom||AssaultVest|GrassySurge|GrassyGlide,DrumBeating,Uturn,FakeOut|||F|||50|,,,,,Fire]Incineroar||FigyBerry|Intimidate|FlareBlitz,KnockOff,PartingShot,FakeOut|||F|||50|,,,,,Grass]Sneasler||GrassySeed|Unburden|Acrobatics,DireClaw,SwordsDance,Protect|||M|||50|,,,,,Flying]Maushold||SafetyGoggles|FriendGuard|BeatUp,FollowMe,Taunt,Protect||||||50|,,,,,Ghost
|showteam|p2|Sneasler||PsychicSeed|Unburden|DireClaw,CloseCombat,ThroatChop,Protect|||M|||50|,,,,,Dark]Indeedee||FocusSash|PsychicSurge|ExpandingForce,TeraBlast,TrickRoom,Protect|||M|||50|,,,,,Psychic]Incineroar||AssaultVest|Intimidate|FlareBlitz,KnockOff,FakeOut,Uturn|||F|||50|,,,,,Grass]Ursaluna||FlameOrb|Guts|HeadlongRush,Facade,Earthquake,Protect|||M|||50|,,,,,Ghost]Gholdengo||ChoiceSpecs|GoodasGold|MakeItRain,ShadowBall,Thunderbolt,Trick||||||50|,,,,,Steel]Dragonite||LoadedDice|Multiscale|ScaleShot,Haze,Tailwind,Protect|||M|||50|,,,,,Steel
|inactive|Battle timer is ON: inactive players will automatically lose when time's up. (requested by IshzarkVGC)
|inactive|Belinvgc has 60 seconds left.
|inactive|IshzarkVGC has 60 seconds left.
|inactive|IshzarkVGC has 30 seconds left.
|inactive|IshzarkVGC has 20 seconds left.
|inactive|IshzarkVGC has 15 seconds left.
|inactive|IshzarkVGC has 10 seconds left.
|
|t:|1757781965
|teamsize|p1|4
|teamsize|p2|4
|start
|switch|p1a: Sneasler|Sneasler, L50, M|100/100
|switch|p1b: Incineroar|Incineroar, L50, F, shiny|100/100
|switch|p2a: Dragonite|Dragonite, L50, M|100/100
|switch|p2b: Gholdengo|Gholdengo, L50|100/100
|-ability|p1b: Incineroar|Intimidate|boost
|-unboost|p2a: Dragonite|atk|1
|-unboost|p2b: Gholdengo|atk|1
|turn|1
|inactive|Belinvgc has 30 seconds left.
|inactive|IshzarkVGC has 30 seconds left.
|
|t:|1757781999
|switch|p2b: Sneasler|Sneasler, L50, M|100/100
|move|p1a: Sneasler|Protect|p1a: Sneasler
|-singleturn|p1a: Sneasler|Protect
|move|p2a: Dragonite|Tailwind|p2a: Dragonite
|-sidestart|p2: IshzarkVGC|move: Tailwind
|move|p1b: Incineroar|Knock Off|p2b: Sneasler
|-resisted|p2b: Sneasler
|-damage|p2b: Sneasler|70/100
|-enditem|p2b: Sneasler|Psychic Seed|[from] move: Knock Off|[of] p1b: Incineroar
|
|upkeep
|turn|2
|inactive|IshzarkVGC has 30 seconds left.
|
|t:|1757782029
|switch|p1b: Rillaboom|Rillaboom, L50, F, shiny|100/100
|-fieldstart|move: Grassy Terrain|[from] ability: Grassy Surge|[of] p1b: Rillaboom
|-enditem|p1a: Sneasler|Grassy Seed
|-boost|p1a: Sneasler|def|1|[from] item: Grassy Seed
|-terastallize|p1a: Sneasler|Flying
|move|p2b: Sneasler|Dire Claw|p1a: Sneasler
|-damage|p1a: Sneasler|51/100
|move|p1a: Sneasler|Acrobatics|p2b: Sneasler
|-supereffective|p2b: Sneasler
|-damage|p2b: Sneasler|0 fnt
|faint|p2b: Sneasler
|move|p2a: Dragonite|Scale Shot|p1a: Sneasler
|-damage|p1a: Sneasler|41/100
|-damage|p1a: Sneasler|32/100
|-damage|p1a: Sneasler|22/100
|-damage|p1a: Sneasler|13/100
|-hitcount|p1a: Sneasler|4
|-unboost|p2a: Dragonite|def|1
|-boost|p2a: Dragonite|spe|1
|
|upkeep
|inactive|IshzarkVGC has 30 seconds left.
|inactive|IshzarkVGC has 20 seconds left.
|
|t:|1757782065
|switch|p2b: Gholdengo|Gholdengo, L50|100/100
|turn|3
|inactive|Belinvgc has 30 seconds left.
|inactive|IshzarkVGC has 30 seconds left.
|
|t:|1757782096
|switch|p1b: Incineroar|Incineroar, L50, F, shiny|100/100
|-ability|p1b: Incineroar|Intimidate|boost
|-unboost|p2a: Dragonite|atk|1
|-unboost|p2b: Gholdengo|atk|1
|-terastallize|p2b: Gholdengo|Steel
|move|p1a: Sneasler|Protect|p1a: Sneasler
|-singleturn|p1a: Sneasler|Protect
|move|p2a: Dragonite|Scale Shot|p1b: Incineroar
|-damage|p1b: Incineroar|96/100
|-damage|p1b: Incineroar|90/100
|-damage|p1b: Incineroar|84/100
|-damage|p1b: Incineroar|78/100
|-hitcount|p1b: Incineroar|4
|-unboost|p2a: Dragonite|def|1
|-boost|p2a: Dragonite|spe|1
|move|p2b: Gholdengo|Make It Rain|p1a: Sneasler|[spread] p1b
|-activate|p1a: Sneasler|move: Protect
|-resisted|p1b: Incineroar
|-crit|p1b: Incineroar
|-damage|p1b: Incineroar|13/100
|-unboost|p2b: Gholdengo|spa|1
|-enditem|p1b: Incineroar|Figy Berry|[eat]
|-heal|p1b: Incineroar|46/100|[from] item: Figy Berry
|
|-heal|p1b: Incineroar|52/100|[from] Grassy Terrain
|upkeep
|turn|4
|inactive|Belinvgc has 30 seconds left.
|inactive|IshzarkVGC has 30 seconds left.
|inactive|IshzarkVGC has 20 seconds left.
|inactive|IshzarkVGC has 15 seconds left.
|
|t:|1757782136
|switch|p1a: Rillaboom|Rillaboom, L50, F, shiny|100/100
|move|p2a: Dragonite|Scale Shot|p1a: Rillaboom
|-damage|p1a: Rillaboom|94/100
|-damage|p1a: Rillaboom|87/100
|-damage|p1a: Rillaboom|79/100
|-damage|p1a: Rillaboom|71/100
|-damage|p1a: Rillaboom|65/100
|-hitcount|p1a: Rillaboom|5
|-unboost|p2a: Dragonite|def|1
|-boost|p2a: Dragonite|spe|1
|move|p2b: Gholdengo|Make It Rain|p1a: Rillaboom|[spread] p1a,p1b
|-resisted|p1b: Incineroar
|-damage|p1a: Rillaboom|11/100
|-damage|p1b: Incineroar|23/100
|-unboost|p2b: Gholdengo|spa|1
|move|p1b: Incineroar|Flare Blitz|p2b: Gholdengo
|-supereffective|p2b: Gholdengo
|-damage|p2b: Gholdengo|5/100
|-damage|p1b: Incineroar|0 fnt|[from] Recoil
|faint|p1b: Incineroar
|
|-heal|p2b: Gholdengo|11/100|[from] Grassy Terrain
|-heal|p1a: Rillaboom|18/100|[from] Grassy Terrain
|-sideend|p2: IshzarkVGC|move: Tailwind
|upkeep
|
|t:|1757782161
|switch|p1b: Annihilape|Annihilape, L50, F|100/100
|turn|5
|inactive|IshzarkVGC has 30 seconds left.
|
|t:|1757782187
|switch|p2b: Indeedee|Indeedee, L50, M|100/100
|-fieldstart|move: Psychic Terrain|[from] ability: Psychic Surge|[of] p2b: Indeedee
|move|p2a: Dragonite|Protect|p2a: Dragonite
|-singleturn|p2a: Dragonite|Protect
|move|p1a: Rillaboom|U-turn|p2b: Indeedee
|-supereffective|p2b: Indeedee
|-enditem|p2b: Indeedee|Focus Sash
|-damage|p2b: Indeedee|1/100
|
|t:|1757782196
|switch|p1a: Sneasler|Sneasler, L50, M, tera:Flying|13/100|[from] U-turn
|move|p1b: Annihilape|Drain Punch|p2b: Indeedee
|-damage|p2b: Indeedee|0 fnt
|faint|p2b: Indeedee
|
|upkeep
|
|t:|1757782199
|switch|p2b: Gholdengo|Gholdengo, L50, tera:Steel|11/100
|turn|6
|
|t:|1757782221
|move|p1b: Annihilape|Protect|p1b: Annihilape
|-singleturn|p1b: Annihilape|Protect
|move|p2a: Dragonite|Tailwind|p2a: Dragonite
|-sidestart|p2: IshzarkVGC|move: Tailwind
|move|p2b: Gholdengo|Make It Rain|p1b: Annihilape|[spread] p1a
|-activate|p1b: Annihilape|move: Protect
|-damage|p1a: Sneasler|0 fnt
|-unboost|p2b: Gholdengo|spa|1
|faint|p1a: Sneasler
|
|upkeep
|
|t:|1757782229
|switch|p1a: Rillaboom|Rillaboom, L50, F, shiny|18/100
|-fieldstart|move: Grassy Terrain|[from] ability: Grassy Surge|[of] p1a: Rillaboom
|turn|7
|
|t:|1757782251
|move|p1a: Rillaboom|Fake Out|p2b: Gholdengo
|-resisted|p2b: Gholdengo
|-damage|p2b: Gholdengo|5/100
|move|p2a: Dragonite|Scale Shot|p1a: Rillaboom
|-damage|p1a: Rillaboom|11/100
|-damage|p1a: Rillaboom|4/100
|-damage|p1a: Rillaboom|0 fnt
|faint|p1a: Rillaboom
|-hitcount|p1: Rillaboom|3
|-unboost|p2a: Dragonite|def|1
|-boost|p2a: Dragonite|spe|1
|cant|p2b: Gholdengo|flinch
|move|p1b: Annihilape|Drain Punch|p2b: Gholdengo
|-supereffective|p2b: Gholdengo
|-damage|p2b: Gholdengo|0 fnt
|faint|p2b: Gholdengo
|
|upkeep
|turn|8
|
|t:|1757782270
|move|p2a: Dragonite|Haze|p2a: Dragonite
|-clearallboost
|move|p1b: Annihilape|Rage Fist|p2a: Dragonite
|-damage|p2a: Dragonite|88/100
|
|upkeep
|turn|9
|
|t:|1757782282
|move|p2a: Dragonite|Protect|p2a: Dragonite
|-singleturn|p2a: Dragonite|Protect
|move|p1b: Annihilape|Bulk Up|p1b: Annihilape
|-boost|p1b: Annihilape|atk|1
|-boost|p1b: Annihilape|def|1
|
|-sideend|p2: IshzarkVGC|move: Tailwind
|upkeep
|turn|10
|
|t:|1757782286
|move|p2a: Dragonite|Haze|p2a: Dragonite
|-clearallboost
|move|p1b: Annihilape|Rage Fist|p2a: Dragonite
|-damage|p2a: Dragonite|62/100
|
|upkeep
|turn|11
|
|t:|1757782294
|move|p2a: Dragonite|Scale Shot|p1b: Annihilape
|-damage|p1b: Annihilape|88/100
|-damage|p1b: Annihilape|73/100
|-damage|p1b: Annihilape|59/100
|-damage|p1b: Annihilape|44/100
|-damage|p1b: Annihilape|30/100
|-hitcount|p1b: Annihilape|5
|-unboost|p2a: Dragonite|def|1
|-boost|p2a: Dragonite|spe|1
|move|p1b: Annihilape|Rage Fist|p2a: Dragonite
|-crit|p2a: Dragonite
|-damage|p2a: Dragonite|0 fnt
|faint|p2a: Dragonite
|
|win|Belinvgc
||IshzarkVGC is ready for game 2.
||Belinvgc is ready for game 2.
|uhtml|next|Next: Game 2 of 3
|l|☆IshzarkVGC
|player|p2|
