|j|☆RamonTheKiller
|j|☆ththththeee
|html|RamonTheKillerththththeee    
|uhtml|bestof|Game 2 of a best-of-3
|t:|1785177692
|gametype|doubles
|player|p1|RamonTheKiller|169|1131
|player|p2|ththththeee|266|1049
|gen|9
|tier|[Gen 9 Champions] VGC 2026 Reg M-B (Bo3)
|rated|
|rule|Species Clause: Limit one of each Pokémon
|rule|Item Clause: Limit 1 of each item
|clearpoke
|poke|p1|Venusaur, L50, M|
|poke|p1|Charizard, L50, M|
|poke|p1|Grimmsnarl, L50, M|
|poke|p1|Archaludon, L50, F|
|poke|p1|Basculegion, L50, M|
|poke|p1|Pelipper, L50, F|
|poke|p2|Whimsicott, L50, M|
|poke|p2|Staraptor, L50, M|
|poke|p2|Garchomp, L50, F|
|poke|p2|Gholdengo, L50|
|poke|p2|Eelektross, L50, M|
|poke|p2|Volcarona, L50, M|
|teampreview|4
|showteam|p1|Venusaur||LifeOrb|Chlorophyll|SludgeBomb,WeatherBall,EnergyBall,Protect|Modest||M|||50|]Charizard||CharizarditeY|Blaze|Protect,HeatWave,SolarBeam,WeatherBall|Modest||M|||50|]Grimmsnarl||LightClay|Prankster|SpiritBreak,LightScreen,Reflect,PartingShot|Sassy||M|||50|]Archaludon||Leftovers|Stamina|ElectroShot,DragonPulse,FlashCannon,Protect|Calm||F|||50|]Basculegion||ChoiceScarf|Adaptability|WaveCrash,LastRespects,AquaJet,FlipTurn|Jolly||M|||50|]Pelipper||SitrusBerry|Drizzle|Hurricane,WeatherBall,Tailwind,WideGuard|Modest||F|||50|
|showteam|p2|Whimsicott||MentalHerb|Prankster|Charm,Encore,HelpingHand,Tailwind|Careful||M|||50|]Staraptor||Staraptite|Intimidate|BraveBird,CloseCombat,Protect,Roost|Adamant||M|||50|]Garchomp||FocusSash|RoughSkin|DragonClaw,Earthquake,IronHead,SwordsDance|Jolly||F|||50|]Gholdengo||LifeOrb|GoodasGold|MakeItRain,NastyPlot,Protect,ShadowBall|Timid|||||50|]Eelektross||Eelektrossite|Levitate|Discharge,DrainPunch,Liquidation,VoltSwitch|Lonely||M|||50|]Volcarona||Leftovers|FlameBody|BugBuzz,FieryDance,QuiverDance,Tailwind|Modest||M|||50|
|inactive|Battle timer is ON: inactive players will automatically lose when time's up. (requested by ththththeee)
|l|☆RamonTheKiller
|inactive|RamonTheKiller disconnected and has a minute to reconnect!
|player|p1|
|j|☆RamonTheKiller
|inactive|RamonTheKiller reconnected and has 80 seconds left.
|player|p1|RamonTheKiller|169|
|
|t:|1785177724
|teamsize|p1|4
|teamsize|p2|4
|start
|switch|p1a: Charizard|Charizard, L50, M|100/100
|switch|p1b: Grimmsnarl|Grimmsnarl, L50, M|100/100
|switch|p2a: Volcarona|Volcarona, L50, M|100/100
|switch|p2b: Eelektross|Eelektross, L50, M|100/100
|turn|1
|
|t:|1785177746
|detailschange|p1a: Charizard|Charizard-Mega-Y, L50, M
|-mega|p1a: Charizard|Charizard|Charizardite Y
|-weather|SunnyDay|[from] ability: Drought|[of] p1a: Charizard
|detailschange|p2b: Eelektross|Eelektross-Mega, L50, M
|-mega|p2b: Eelektross|Eelektross|Eelektrossite
|move|p1b: Grimmsnarl|Light Screen|p1b: Grimmsnarl
|-sidestart|p1: RamonTheKiller|move: Light Screen
|move|p2a: Volcarona|Quiver Dance|p2a: Volcarona
|-boost|p2a: Volcarona|spa|1
|-boost|p2a: Volcarona|spd|1
|-boost|p2a: Volcarona|spe|1
|move|p1a: Charizard|Heat Wave|p2b: Eelektross|[spread] p2a,p2b
|-damage|p2a: Volcarona|53/100
|-damage|p2b: Eelektross|17/100
|move|p2b: Eelektross|Liquidation|p1a: Charizard
|-supereffective|p1a: Charizard|1
|-damage|p1a: Charizard|61/100
|
|-weather|SunnyDay|[upkeep]
|-heal|p2a: Volcarona|59/100|[from] item: Leftovers
|upkeep
|turn|2
|inactive|ththththeee has 30 seconds left.
|
|t:|1785177777
|move|p1b: Grimmsnarl|Reflect|p1b: Grimmsnarl
|-sidestart|p1: RamonTheKiller|Reflect
|move|p2a: Volcarona|Tailwind|p2a: Volcarona
|-sidestart|p2: ththththeee|move: Tailwind
|move|p2b: Eelektross|Volt Switch|p1a: Charizard
|-supereffective|p1a: Charizard|1
|-damage|p1a: Charizard|23/100
|
|t:|1785177784
|switch|p2b: Garchomp|Garchomp, L50, F|100/100|[from] Volt Switch
|move|p1a: Charizard|Heat Wave|p2b: Garchomp|[spread] p2a,p2b
|-resisted|p2b: Garchomp|1
|-damage|p2a: Volcarona|16/100
|-damage|p2b: Garchomp|67/100
|
|-weather|SunnyDay|[upkeep]
|-heal|p2a: Volcarona|22/100|[from] item: Leftovers
|upkeep
|turn|3
|inactive|ththththeee has 30 seconds left.
|
|t:|1785177814
|move|p1a: Charizard|Protect|p1a: Charizard
|-singleturn|p1a: Charizard|Protect
|move|p2a: Volcarona|Fiery Dance|p1b: Grimmsnarl
|-damage|p1b: Grimmsnarl|37/100
|-boost|p2a: Volcarona|spa|1
|move|p2b: Garchomp|Dragon Claw|p1a: Charizard
|-activate|p1a: Charizard|move: Protect
|move|p1b: Grimmsnarl|Spirit Break|p2b: Garchomp
|-supereffective|p2b: Garchomp|1
|-damage|p2b: Garchomp|5/100
|-unboost|p2b: Garchomp|spa|1
|-damage|p1b: Grimmsnarl|25/100|[from] ability: Rough Skin|[of] p2b: Garchomp
|
|-weather|SunnyDay|[upkeep]
|-heal|p2a: Volcarona|29/100|[from] item: Leftovers
|upkeep
|turn|4
|
|t:|1785177834
|switch|p1a: Venusaur|Venusaur, L50, M|100/100
|move|p1b: Grimmsnarl|Parting Shot|p2a: Volcarona
|-unboost|p2a: Volcarona|atk|1
|-unboost|p2a: Volcarona|spa|1
|
|t:|1785177839
|switch|p1b: Basculegion|Basculegion, L50, M|100/100|[from] Parting Shot
|move|p2a: Volcarona|Fiery Dance|p1a: Venusaur
|-supereffective|p1a: Venusaur|1
|-damage|p1a: Venusaur|0 fnt
|-boost|p2a: Volcarona|spa|1
|faint|p1a: Venusaur
|move|p2b: Garchomp|Iron Head|p1b: Basculegion
|-resisted|p1b: Basculegion|1
|-damage|p1b: Basculegion|90/100
|
|-weather|SunnyDay|[upkeep]
|-heal|p2a: Volcarona|35/100|[from] item: Leftovers
|upkeep
|
|t:|1785177851
|switch|p1a: Charizard|Charizard-Mega-Y, L50, M|23/100
|turn|5
|
|t:|1785177867
|move|p1b: Basculegion|Aqua Jet|p2b: Garchomp
|-damage|p2b: Garchomp|0 fnt
|-damage|p1b: Basculegion|77/100|[from] ability: Rough Skin|[of] p2b: Garchomp
|faint|p2b: Garchomp
|move|p2a: Volcarona|Fiery Dance|p1a: Charizard
|-resisted|p1a: Charizard|1
|-damage|p1a: Charizard|0 fnt
|faint|p1a: Charizard
|
|-weather|none
|-heal|p2a: Volcarona|41/100|[from] item: Leftovers
|-sideend|p2: ththththeee|move: Tailwind
|upkeep
|
|t:|1785177880
|switch|p2b: Gholdengo|Gholdengo, L50|100/100
|switch|p1a: Grimmsnarl|Grimmsnarl, L50, M|25/100
|turn|6
|
|t:|1785177892
|move|p1b: Basculegion|Aqua Jet|p2a: Volcarona
|-supereffective|p2a: Volcarona|1
|-crit|p2a: Volcarona
|-damage|p2a: Volcarona|0 fnt
|faint|p2a: Volcarona
|move|p1a: Grimmsnarl|Parting Shot|p2b: Gholdengo
|-immune|p2b: Gholdengo|[from] ability: Good as Gold
|move|p2b: Gholdengo|Shadow Ball|p1b: Basculegion
|-supereffective|p1b: Basculegion|1
|-damage|p1b: Basculegion|0 fnt
|faint|p1b: Basculegion
|-damage|p2b: Gholdengo|90/100|[from] item: Life Orb
|
|upkeep
|-message|RamonTheKiller forfeited.
|raw|RamonTheKiller's rating: 1131 → 1100(-31 for losing)
|raw|ththththeee's rating: 1049 → 1089(+40 for winning)
|
|win|ththththeee
