|j|☆viatles
|j|☆blitz-blitz
|html|viatlesblitz-blitz    
|uhtml|bestof|Game 1 of a best-of-3
|t:|1783960825
|gametype|doubles
|player|p1|viatles|hiker|1144
|player|p2|blitz-blitz|169|1063
|gen|9
|tier|[Gen 9 Champions] VGC 2026 Reg M-B (Bo3)
|rated|
|rule|Species Clause: Limit one of each Pokémon
|rule|Item Clause: Limit 1 of each item
|clearpoke
|poke|p1|Beedrill, L50, F, shiny|
|poke|p1|Milotic, L50, M, shiny|
|poke|p1|Talonflame, L50, F, shiny|
|poke|p1|Farigiraf, L50, M|
|poke|p1|Ninetales-Alola, L50, M|
|poke|p1|Annihilape, L50, F|
|poke|p2|Empoleon, L50, M|
|poke|p2|Tyranitar, L50, F|
|poke|p2|Excadrill, L50, F|
|poke|p2|Meganium, L50, F|
|poke|p2|Spiritomb, L50, M|
|poke|p2|Incineroar, L50, M|
|teampreview|4
|showteam|p1|Beedrill||Beedrillite|Swarm|Uturn,DrillRun,PoisonJab,Protect|Jolly||F|||50|]Milotic||Leftovers|Competitive|IcyWind,Scald,Protect,LifeDew|Bold||M|||50|]Talonflame||SharpBeak|GaleWings|DualWingbeat,Tailwind,Protect,WillOWisp|Jolly||F|||50|]Farigiraf||SitrusBerry|ArmorTail|TrickRoom,Thunderbolt,TwinBeam,HelpingHand|Bold||M|||50|]Ninetales-Alola||LifeOrb|SnowWarning|Blizzard,Moonblast,Protect,FreezeDry|Timid||M|||50|]Annihilape||FocusSash|Defiant|RockTomb,CloseCombat,Protect,RageFist|Adamant||F|||50|
|showteam|p2|Empoleon||MysticWater|Competitive|FlashCannon,HydroPump,Protect,IceBeam|Modest||M|||50|]Tyranitar||Tyranitarite|SandStream|DragonDance,RockSlide,KnockOff,Protect|Adamant||F|||50|]Excadrill||FocusSash|SandRush|Earthquake,IronHead,SwordsDance,Protect|Jolly||F|||50|]Meganium||Meganiumite|LeafGuard|SolarBeam,DazzlingGleam,WeatherBall,Protect|Modest||F|||50|]Spiritomb||Leftovers|Pressure|TrickRoom,Taunt,PainSplit,NightShade|Sassy||M|||50|]Incineroar||SitrusBerry|Intimidate|Snarl,BurningJealousy,FakeOut,Protect|Sassy||M|||50|
|c|☆viatles|gl hf
|inactive|Battle timer is ON: inactive players will automatically lose when time's up. (requested by viatles)
|inactive|viatles has 60 seconds left.
|
|t:|1783960879
|teamsize|p1|4
|teamsize|p2|4
|start
|switch|p1a: Pentious|Milotic, L50, M, shiny|100/100
|switch|p1b: Malsumas|Beedrill, L50, F, shiny|100/100
|switch|p2a: Tyranitar|Tyranitar, L50, F|100/100
|switch|p2b: Excadrill|Excadrill, L50, F|100/100
|-weather|Sandstorm|[from] ability: Sand Stream|[of] p2a: Tyranitar
|turn|1
|
|t:|1783960891
|detailschange|p2a: Tyranitar|Tyranitar-Mega, L50, F
|-mega|p2a: Tyranitar|Tyranitar|Tyranitarite
|move|p2b: Excadrill|Protect|p2b: Excadrill
|-singleturn|p2b: Excadrill|Protect
|move|p1b: Malsumas|Protect|p1b: Malsumas
|-singleturn|p1b: Malsumas|Protect
|move|p1a: Pentious|Protect|p1a: Pentious
|-singleturn|p1a: Pentious|Protect
|move|p2a: Tyranitar|Rock Slide|p1a: Pentious|[spread] 
|-activate|p1a: Pentious|move: Protect
|-activate|p1b: Malsumas|move: Protect
|
|-weather|Sandstorm|[upkeep]
|-damage|p1b: Malsumas|94/100|[from] Sandstorm
|-damage|p1a: Pentious|93/100|[from] Sandstorm
|-heal|p1a: Pentious|100/100|[from] item: Leftovers
|upkeep
|turn|2
|
|t:|1783960912
|switch|p1a: Ninetales|Ninetales-Alola, L50, M|100/100
|-weather|Snowscape|[from] ability: Snow Warning|[of] p1a: Ninetales
|detailschange|p1b: Malsumas|Beedrill-Mega, L50, F, shiny
|-mega|p1b: Malsumas|Beedrill|Beedrillite
|move|p1b: Malsumas|U-turn|p2b: Excadrill
|-resisted|p2b: Excadrill|1
|-damage|p2b: Excadrill|59/100
|
|t:|1783960920
|switch|p1b: Pentious|Milotic, L50, M, shiny|100/100|[from] U-turn
|move|p2b: Excadrill|Iron Head|p1b: Pentious
|-resisted|p1b: Pentious|1
|-damage|p1b: Pentious|82/100
|move|p2a: Tyranitar|Dragon Dance|p2a: Tyranitar
|-boost|p2a: Tyranitar|atk|1
|-boost|p2a: Tyranitar|spe|1
|
|-weather|Snowscape|[upkeep]
|-heal|p1b: Pentious|89/100|[from] item: Leftovers
|upkeep
|turn|3
|
|t:|1783960939
|move|p1a: Ninetales|Blizzard|p2b: Excadrill|[spread] p2a,p2b
|-damage|p2a: Tyranitar|72/100
|-damage|p2b: Excadrill|8/100
|-damage|p1a: Ninetales|90/100|[from] item: Life Orb
|move|p2b: Excadrill|Iron Head|p1a: Ninetales
|-supereffective|p1a: Ninetales|2
|-damage|p1a: Ninetales|0 fnt
|faint|p1a: Ninetales
|move|p2a: Tyranitar|Dragon Dance|p2a: Tyranitar
|-boost|p2a: Tyranitar|atk|1
|-boost|p2a: Tyranitar|spe|1
|move|p1b: Pentious|Scald|p2a: Tyranitar
|-supereffective|p2a: Tyranitar|1
|-damage|p2a: Tyranitar|31/100
|-status|p2a: Tyranitar|brn
|
|-weather|Snowscape|[upkeep]
|-heal|p1b: Pentious|95/100|[from] item: Leftovers
|-damage|p2a: Tyranitar|25/100 brn|[from] brn
|upkeep
|
|t:|1783960957
|switch|p1a: Malsumas|Beedrill-Mega, L50, F, shiny|94/100
|turn|4
|
|t:|1783960967
|move|p1b: Pentious|Protect|p1b: Pentious
|-singleturn|p1b: Pentious|Protect
|move|p1a: Malsumas|Drill Run|p2b: Excadrill
|-supereffective|p2b: Excadrill|1
|-damage|p2b: Excadrill|0 fnt
|faint|p2b: Excadrill
|move|p2a: Tyranitar|Rock Slide|p1b: Pentious|[spread] p1a
|-activate|p1b: Pentious|move: Protect
|-supereffective|p1a: Malsumas|1
|-damage|p1a: Malsumas|0 fnt
|faint|p1a: Malsumas
|
|-weather|Snowscape|[upkeep]
|-heal|p1b: Pentious|100/100|[from] item: Leftovers
|-damage|p2a: Tyranitar|19/100 brn|[from] brn
|upkeep
|
|t:|1783960981
|switch|p1a: Annihilape|Annihilape, L50, F|100/100
|switch|p2b: Spiritomb|Spiritomb, L50, M|100/100
|-ability|p2b: Spiritomb|Pressure
|turn|5
|
|t:|1783961002
|move|p2a: Tyranitar|Knock Off|p1a: Annihilape
|-crit|p1a: Annihilape
|-damage|p1a: Annihilape|17/100
|-enditem|p1a: Annihilape|Focus Sash|[from] move: Knock Off|[of] p2a: Tyranitar
|move|p1a: Annihilape|Rage Fist|p2b: Spiritomb
|-crit|p2b: Spiritomb
|-damage|p2b: Spiritomb|30/100
|move|p1b: Pentious|Scald|p2b: Spiritomb
|-damage|p2b: Spiritomb|3/100
|-status|p2b: Spiritomb|brn
|move|p2b: Spiritomb|Taunt|p1b: Pentious
|-start|p1b: Pentious|move: Taunt
|
|-weather|Snowscape|[upkeep]
|-heal|p2b: Spiritomb|9/100 brn|[from] item: Leftovers
|-damage|p2a: Tyranitar|14/100 brn|[from] brn
|-damage|p2b: Spiritomb|3/100 brn|[from] brn
|upkeep
|turn|6
|
|t:|1783961014
|move|p1a: Annihilape|Protect|p1a: Annihilape
|-singleturn|p1a: Annihilape|Protect
|move|p2a: Tyranitar|Rock Slide|p1b: Pentious|[spread] p1b
|-activate|p1a: Annihilape|move: Protect
|-damage|p1b: Pentious|71/100
|cant|p1b: Pentious|flinch
|move|p2b: Spiritomb|Pain Split|p1b: Pentious
|-sethp|p1b: Pentious|37/100|[from] move: Pain Split|[silent]
|-sethp|p2b: Spiritomb|45/100 brn|[from] move: Pain Split
|
|-weather|none
|-heal|p1b: Pentious|43/100|[from] item: Leftovers
|-heal|p2b: Spiritomb|51/100 brn|[from] item: Leftovers
|-damage|p2a: Tyranitar|8/100 brn|[from] brn
|-damage|p2b: Spiritomb|45/100 brn|[from] brn
|upkeep
|turn|7
|
|t:|1783961030
|move|p1a: Annihilape|Protect||[still]
|-fail|p1a: Annihilape
|move|p2a: Tyranitar|Rock Slide|p1a: Annihilape|[spread] p1a,p1b
|-resisted|p1a: Annihilape|1
|-damage|p1a: Annihilape|1/100
|-damage|p1b: Pentious|12/100
|move|p1b: Pentious|Icy Wind|p2a: Tyranitar|[spread] p2a,p2b
|-damage|p2a: Tyranitar|1/100 brn
|-damage|p2b: Spiritomb|36/100 brn
|-unboost|p2a: Tyranitar|spe|1
|-unboost|p2b: Spiritomb|spe|1
|move|p2b: Spiritomb|Night Shade|p1a: Annihilape
|-damage|p1a: Annihilape|0 fnt
|faint|p1a: Annihilape
|
|-heal|p1b: Pentious|18/100|[from] item: Leftovers
|-heal|p2b: Spiritomb|42/100 brn|[from] item: Leftovers
|-damage|p2a: Tyranitar|0 fnt|[from] brn
|faint|p2a: Tyranitar
|-damage|p2b: Spiritomb|36/100 brn|[from] brn
|upkeep
|
|t:|1783961036
|switch|p2a: Incineroar|Incineroar, L50, M|100/100
|-ability|p2a: Incineroar|Intimidate|boost
|-unboost|p1b: Pentious|atk|1
|-ability|p1b: Pentious|Competitive|boost
|-boost|p1b: Pentious|spa|2
|turn|8
|
|t:|1783961055
|move|p2a: Incineroar|Fake Out|p1b: Pentious
|-damage|p1b: Pentious|8/100
|cant|p1b: Pentious|flinch
|move|p2b: Spiritomb|Night Shade|p1b: Pentious
|-damage|p1b: Pentious|0 fnt
|faint|p1b: Pentious
|
|win|blitz-blitz
||blitz-blitz is ready for game 2.
