|j|☆laufey#1fan
|j|☆bigboyblue3451
|html|laufey#1fanbigboyblue3451    
|uhtml|bestof|Game 1 of a best-of-3
|t:|1757041851
|gametype|doubles
|player|p1|laufey#1fan|265|1330
|player|p2|bigboyblue3451|170|1298
|gen|9
|tier|[Gen 9] VGC 2025 Reg H (Bo3)
|rated|
|rule|Species Clause: Limit one of each Pokémon
|rule|Item Clause: Limit 1 of each item
|clearpoke
|poke|p1|Kingambit, L50, M|
|poke|p1|Ursaluna-Bloodmoon, L50, M|
|poke|p1|Sinistcha, L50|
|poke|p1|Ninetales-Alola, L50, F|
|poke|p1|Sneasler, L50, F|
|poke|p1|Dragonite, L50, M|
|poke|p2|Archaludon, L50, M|
|poke|p2|Pelipper, L50, F|
|poke|p2|Amoonguss, L50, F|
|poke|p2|Basculegion, L50, M|
|poke|p2|Farigiraf, L50, F|
|poke|p2|Pincurchin, L50, F|
|teampreview|4
|showteam|p1|Kingambit||BlackGlasses|Defiant|KowtowCleave,SwordsDance,SuckerPunch,Protect|||M|||50|,,,,,Fire]Ursaluna-Bloodmoon||AssaultVest|MindsEye|BloodMoon,EarthPower,HyperVoice,VacuumWave|||M|||50|,,,,,Water]Sinistcha||SitrusBerry|Hospitality|Protect,MatchaGotcha,TrickRoom,RagePowder||||||50|,,,,,Water]Ninetales-Alola||ChoiceSpecs|SnowWarning|Blizzard,Moonblast,FreezeDry,DazzlingGleam|||F|||50|,,,,,Ghost]Sneasler||FocusSash|Unburden|CloseCombat,DireClaw,Coaching,FakeOut|||F|||50|,,,,,Ghost]Dragonite||LoadedDice|Multiscale|Protect,ScaleShot,StompingTantrum,Haze|||M|||50|,,,,,Steel
|showteam|p2|Archaludon||AssaultVest|Stamina|ElectroShot,Snarl,DracoMeteor,BodyPress|||M|||50|,,,,,Bug]Pelipper||FocusSash|Drizzle|MuddyWater,Hurricane,Tailwind,Protect|||F|||50|,,,,,Stellar]Amoonguss||CovertCloak|Regenerator|Spore,PollenPuff,RagePowder,ClearSmog|||F|||50|,,,,,Psychic]Basculegion||ChoiceBand|SwiftSwim|AquaJet,FlipTurn,WaveCrash,LastRespects|||M|||50|,,,,,Water]Farigiraf||SafetyGoggles|ArmorTail|HyperVoice,Psychic,TrickRoom,Protect|||F|||50|,,,,,Fairy]Pincurchin||SitrusBerry|ElectricSurge|Scald,Electroweb,ToxicSpikes,Protect|||F|||50|,,,,,Flying
|
|t:|1757041893
|teamsize|p1|4
|teamsize|p2|4
|start
|switch|p1a: Sabotage|Sneasler, L50, F|100/100
|switch|p1b: JOYBOY|Dragonite, L50, M|100/100
|switch|p2a: Farigiraf|Farigiraf, L50, F|100/100
|switch|p2b: Basculegion|Basculegion, L50, M|100/100
|turn|1
|inactive|Battle timer is ON: inactive players will automatically lose when time's up. (requested by laufey#1fan)
|inactive|bigboyblue3451 has 60 seconds left.
|
|t:|1757041947
|switch|p2a: Pelipper|Pelipper, L50, F|100/100
|-weather|RainDance|[from] ability: Drizzle|[of] p2a: Pelipper
|move|p2b: Basculegion|Flip Turn|p1a: Sabotage
|-enditem|p1a: Sabotage|Focus Sash
|-damage|p1a: Sabotage|1/100
|
|t:|1757041958
|switch|p2b: Farigiraf|Farigiraf, L50, F|100/100|[from] Flip Turn
|move|p1a: Sabotage|Dire Claw|p2b: Farigiraf
|-damage|p2b: Farigiraf|65/100
|-status|p2b: Farigiraf|slp
|move|p1b: JOYBOY|Scale Shot|p2b: Farigiraf
|-damage|p2b: Farigiraf|50/100 slp
|-damage|p2b: Farigiraf|37/100 slp
|-damage|p2b: Farigiraf|25/100 slp
|-damage|p2b: Farigiraf|10/100 slp
|-hitcount|p2b: Farigiraf|4
|-unboost|p1b: JOYBOY|def|1
|-boost|p1b: JOYBOY|spe|1
|
|-weather|RainDance|[upkeep]
|upkeep
|turn|2
|
|t:|1757041975
|move|p2a: Pelipper|Protect|p2a: Pelipper
|-singleturn|p2a: Pelipper|Protect
|move|p1a: Sabotage|Dire Claw|p2a: Pelipper
|-activate|p2a: Pelipper|move: Protect
|move|p1b: JOYBOY|Scale Shot|p2a: Pelipper
|-activate|p2a: Pelipper|move: Protect
|cant|p2b: Farigiraf|slp
|
|-weather|RainDance|[upkeep]
|upkeep
|turn|3
|inactive|bigboyblue3451 has 30 seconds left.
|
|t:|1757042001
|switch|p2a: Archaludon|Archaludon, L50, M|100/100
|move|p1a: Sabotage|Dire Claw|p2a: Archaludon
|-immune|p2a: Archaludon
|move|p1b: JOYBOY|Scale Shot|p2a: Archaludon
|-damage|p2a: Archaludon|91/100
|-ability|p2a: Archaludon|Stamina|boost
|-boost|p2a: Archaludon|def|1
|-damage|p2a: Archaludon|84/100
|-ability|p2a: Archaludon|Stamina|boost
|-boost|p2a: Archaludon|def|1
|-damage|p2a: Archaludon|79/100
|-ability|p2a: Archaludon|Stamina|boost
|-boost|p2a: Archaludon|def|1
|-damage|p2a: Archaludon|74/100
|-ability|p2a: Archaludon|Stamina|boost
|-boost|p2a: Archaludon|def|1
|-damage|p2a: Archaludon|71/100
|-ability|p2a: Archaludon|Stamina|boost
|-boost|p2a: Archaludon|def|1
|-hitcount|p2a: Archaludon|5
|-unboost|p1b: JOYBOY|def|1
|-boost|p1b: JOYBOY|spe|1
|-curestatus|p2b: Farigiraf|slp|[msg]
|move|p2b: Farigiraf|Psychic|p1a: Sabotage
|-supereffective|p1a: Sabotage
|-damage|p1a: Sabotage|0 fnt
|faint|p1a: Sabotage
|
|-weather|RainDance|[upkeep]
|upkeep
|
|t:|1757042007
|switch|p1a: Laufey|Ninetales-Alola, L50, F, shiny|100/100
|-weather|Snowscape|[from] ability: Snow Warning|[of] p1a: Laufey
|turn|4
|inactive|laufey#1fan has 30 seconds left.
|
|t:|1757042037
|switch|p2b: Pelipper|Pelipper, L50, F|100/100
|-weather|RainDance|[from] ability: Drizzle|[of] p2b: Pelipper
|move|p1b: JOYBOY|Scale Shot|p2b: Pelipper
|-crit|p2b: Pelipper
|-damage|p2b: Pelipper|71/100
|-damage|p2b: Pelipper|50/100
|-damage|p2b: Pelipper|32/100
|-damage|p2b: Pelipper|12/100
|-hitcount|p2b: Pelipper|4
|-unboost|p1b: JOYBOY|def|1
|-boost|p1b: JOYBOY|spe|1
|move|p1a: Laufey|Dazzling Gleam|p2b: Pelipper|[spread] p2a,p2b
|-damage|p2a: Archaludon|44/100
|-damage|p2b: Pelipper|0 fnt
|-ability|p2a: Archaludon|Stamina|boost
|-boost|p2a: Archaludon|def|1
|faint|p2b: Pelipper
|move|p2a: Archaludon|Snarl|p1a: Laufey|[spread] p1a
|-miss|p2a: Archaludon|p1b: JOYBOY
|-resisted|p1a: Laufey
|-damage|p1a: Laufey|93/100
|-unboost|p1a: Laufey|spa|1
|
|-weather|RainDance|[upkeep]
|upkeep
|
|t:|1757042050
|switch|p2b: Basculegion|Basculegion, L50, M|100/100
|turn|5
|inactive|laufey#1fan has 30 seconds left.
|
|t:|1757042083
|switch|p1a: Kingambit|Kingambit, L50, M|100/100
|move|p1b: JOYBOY|Protect|p1b: JOYBOY
|-singleturn|p1b: JOYBOY|Protect
|move|p2b: Basculegion|Wave Crash|p1a: Kingambit
|-damage|p1a: Kingambit|0 fnt
|faint|p1a: Kingambit
|-damage|p2b: Basculegion|66/100|[from] Recoil
|move|p2a: Archaludon|Electro Shot||[still]
|-prepare|p2a: Archaludon|Electro Shot
|-boost|p2a: Archaludon|spa|1
|-anim|p2a: Archaludon|Electro Shot|p1b: JOYBOY
|-activate|p1b: JOYBOY|move: Protect
|
|-weather|RainDance|[upkeep]
|upkeep
|
|t:|1757042090
|switch|p1a: Laufey|Ninetales-Alola, L50, F, shiny|93/100
|-weather|Snowscape|[from] ability: Snow Warning|[of] p1a: Laufey
|turn|6
|inactive|bigboyblue3451 has 30 seconds left.
|inactive|bigboyblue3451 has 20 seconds left.
|inactive|bigboyblue3451 has 15 seconds left.
|
|t:|1757042133
|switch|p2b: Farigiraf|Farigiraf, L50, F|10/100
|move|p1b: JOYBOY|Haze|p1b: JOYBOY
|-clearallboost
|move|p1a: Laufey|Freeze-Dry|p2b: Farigiraf
|-damage|p2b: Farigiraf|0 fnt
|faint|p2b: Farigiraf
|move|p2a: Archaludon|Body Press|p1a: Laufey
|-damage|p1a: Laufey|66/100
|
|-weather|Snowscape|[upkeep]
|upkeep
|
|t:|1757042139
|switch|p2b: Basculegion|Basculegion, L50, M|66/100
|turn|7
|
|t:|1757042161
|-terastallize|p2b: Basculegion|Water
|move|p2b: Basculegion|Aqua Jet|p1a: Laufey
|-damage|p1a: Laufey|25/100
|move|p1a: Laufey|Freeze-Dry|p2b: Basculegion
|-supereffective|p2b: Basculegion
|-damage|p2b: Basculegion|0 fnt
|faint|p2b: Basculegion
|move|p1b: JOYBOY|Scale Shot|p2a: Archaludon
|-damage|p2a: Archaludon|34/100
|-ability|p2a: Archaludon|Stamina|boost
|-boost|p2a: Archaludon|def|1
|-damage|p2a: Archaludon|27/100
|-ability|p2a: Archaludon|Stamina|boost
|-boost|p2a: Archaludon|def|1
|-damage|p2a: Archaludon|22/100
|-ability|p2a: Archaludon|Stamina|boost
|-boost|p2a: Archaludon|def|1
|-damage|p2a: Archaludon|17/100
|-ability|p2a: Archaludon|Stamina|boost
|-boost|p2a: Archaludon|def|1
|-hitcount|p2a: Archaludon|4
|-unboost|p1b: JOYBOY|def|1
|-boost|p1b: JOYBOY|spe|1
|move|p2a: Archaludon|Snarl|p1a: Laufey|[spread] p1a,p1b
|-resisted|p1a: Laufey
|-crit|p1b: JOYBOY
|-damage|p1a: Laufey|19/100
|-damage|p1b: JOYBOY|90/100
|-unboost|p1a: Laufey|spa|1
|-unboost|p1b: JOYBOY|spa|1
|
|-weather|Snowscape|[upkeep]
|upkeep
|turn|8
|
|t:|1757042183
|move|p1b: JOYBOY|Haze|p1b: JOYBOY
|-clearallboost
|move|p1a: Laufey|Freeze-Dry|p2a: Archaludon
|-damage|p2a: Archaludon|0 fnt
|faint|p2a: Archaludon
|
|win|laufey#1fan
||laufey#1fan is ready for game 2.
||bigboyblue3451 is ready for game 2.
|uhtml|next|Next: Game 2 of 3
|l|☆bigboyblue3451
|player|p2|
