|j|☆myshirtisdirty
|j|☆Kampfstube
|html|myshirtisdirtyKampfstube    
|uhtml|bestof|Game 2 of a best-of-3
|t:|1757651262
|gametype|doubles
|player|p1|myshirtisdirty|266|1153
|player|p2|Kampfstube|n|1223
|gen|9
|tier|[Gen 9] VGC 2025 Reg H (Bo3)
|rated|
|rule|Species Clause: Limit one of each Pokémon
|rule|Item Clause: Limit 1 of each item
|clearpoke
|poke|p1|Indeedee-F, L50, F|
|poke|p1|Gallade, L50, M|
|poke|p1|Sneasler, L50, M|
|poke|p1|Ursaluna, L50, F|
|poke|p1|Torkoal, L50, F|
|poke|p1|Hatterene, L50, F|
|poke|p2|Grimmsnarl, L50, M|
|poke|p2|Volcarona, L50, F|
|poke|p2|Annihilape, L50, F|
|poke|p2|Ursaluna-Bloodmoon, L50, M|
|poke|p2|Sneasler, L50, M|
|poke|p2|Dragonite, L50, M|
|teampreview|4
|showteam|p1|Indeedee-F||SafetyGoggles|PsychicSurge|DazzlingGleam,HelpingHand,TrickRoom,FollowMe|||F|||50|,,,,,Fairy]Gallade||ClearAmulet|Sharpness|PsychoCut,SacredSword,TrickRoom,WideGuard|||M|||50|,,,,,Steel]Sneasler||PsychicSeed|Unburden|CloseCombat,DireClaw,RockSlide,Protect|||M|||50|,,,,,Rock]Ursaluna||FlameOrb|Guts|Facade,ShadowClaw,HeadlongRush,Protect|||F|||50|,,,,,Ghost]Torkoal||EjectPack|Drought|Eruption,HeatWave,Protect,Yawn|||F|||50|,,,,,Fire]Hatterene||TwistedSpoon|MagicBounce|ExpandingForce,DazzlingGleam,MysticalFire,TrickRoom|||F|||50|,,,,,Fire
|showteam|p2|Grimmsnarl||CovertCloak|Prankster|SpiritBreak,LightScreen,Reflect,ThunderWave|||M|||50|,,,,,Steel]Volcarona||SitrusBerry|FlameBody|GigaDrain,QuiverDance,FieryDance,Protect|||F|||50|,,,,,Grass]Annihilape||SafetyGoggles|Defiant|BulkUp,DrainPunch,Protect,RageFist|||F|||50|,,,,,Fire]Ursaluna-Bloodmoon||AssaultVest|MindsEye|EarthPower,BloodMoon,HyperVoice,VacuumWave|||M|||50|,,,,,Water]Sneasler||FocusSash|Unburden|FakeOut,Coaching,CloseCombat,DireClaw|||M|||50|,,,,,Ghost]Dragonite||LoadedDice|Multiscale|ScaleShot,Protect,Haze,ExtremeSpeed|||M|||50|,,,,,Steel
|inactive|Battle timer is ON: inactive players will automatically lose when time's up. (requested by Kampfstube)
|
|t:|1757651284
|teamsize|p1|4
|teamsize|p2|4
|start
|switch|p1a: Indeedee|Indeedee-F, L50, F|100/100
|switch|p1b: Gallade|Gallade, L50, M, shiny|100/100
|switch|p2a: Grimmsnarl|Grimmsnarl, L50, M|100/100
|switch|p2b: Annihilape|Annihilape, L50, F|100/100
|-fieldstart|move: Psychic Terrain|[from] ability: Psychic Surge|[of] p1a: Indeedee
|turn|1
|
|t:|1757651308
|move|p2b: Annihilape|Protect|p2b: Annihilape
|-singleturn|p2b: Annihilape|Protect
|move|p1a: Indeedee|Follow Me|p1a: Indeedee
|-singleturn|p1a: Indeedee|move: Follow Me
|move|p2a: Grimmsnarl|Reflect|p2a: Grimmsnarl
|-sidestart|p2: Kampfstube|Reflect
|move|p1b: Gallade|Trick Room|p1b: Gallade
|-fieldstart|move: Trick Room|[of] p1b: Gallade
|
|upkeep
|turn|2
|inactive|Kampfstube has 30 seconds left.
|
|t:|1757651340
|switch|p1a: Ursaluna|Ursaluna, L50, F|100/100
|-terastallize|p2b: Annihilape|Fire
|move|p1b: Gallade|Psycho Cut|p2b: Annihilape
|-damage|p2b: Annihilape|52/100
|move|p2a: Grimmsnarl|Spirit Break|p1b: Gallade
|-supereffective|p1b: Gallade
|-damage|p1b: Gallade|10/100
|move|p2b: Annihilape|Rage Fist|p1b: Gallade
|-supereffective|p1b: Gallade
|-damage|p1b: Gallade|0 fnt
|faint|p1b: Gallade
|
|-status|p1a: Ursaluna|brn|[from] item: Flame Orb
|upkeep
|
|t:|1757651354
|switch|p1b: Hatterene|Hatterene, L50, F|100/100
|turn|3
|
|t:|1757651373
|move|p2b: Annihilape|Protect|p2b: Annihilape
|-singleturn|p2b: Annihilape|Protect
|move|p2a: Grimmsnarl|Light Screen|p2a: Grimmsnarl
|-sidestart|p2: Kampfstube|move: Light Screen
|move|p1b: Hatterene|Expanding Force|p2a: Grimmsnarl|[spread] 
|-activate|p2b: Annihilape|move: Protect
|-immune|p2a: Grimmsnarl
|move|p1a: Ursaluna|Facade|p2a: Grimmsnarl
|-damage|p2a: Grimmsnarl|21/100
|
|-damage|p1a: Ursaluna|95/100 brn|[from] brn
|upkeep
|turn|4
|inactive|myshirtisdirty has 30 seconds left.
|inactive|Kampfstube has 30 seconds left.
|
|t:|1757651404
|switch|p2b: Ursaluna|Ursaluna-Bloodmoon, L50, M|100/100
|move|p1b: Hatterene|Expanding Force|p2b: Ursaluna|[spread] p2b
|-immune|p2a: Grimmsnarl
|-damage|p2b: Ursaluna|64/100
|move|p1a: Ursaluna|Facade|p2a: Grimmsnarl
|-damage|p2a: Grimmsnarl|0 fnt
|faint|p2a: Grimmsnarl
|
|-damage|p1a: Ursaluna|89/100 brn|[from] brn
|upkeep
|
|t:|1757651419
|switch|p2a: Annihilape|Annihilape, L50, F, tera:Fire|52/100
|turn|5
|
|t:|1757651439
|move|p2a: Annihilape|Protect|p2a: Annihilape
|-singleturn|p2a: Annihilape|Protect
|move|p1b: Hatterene|Expanding Force|p2b: Ursaluna|[spread] p2b
|-activate|p2a: Annihilape|move: Protect
|-crit|p2b: Ursaluna
|-damage|p2b: Ursaluna|0 fnt
|faint|p2b: Ursaluna
|move|p1a: Ursaluna|Headlong Rush|p2a: Annihilape
|-activate|p2a: Annihilape|move: Protect
|
|-damage|p1a: Ursaluna|83/100 brn|[from] brn
|-sideend|p2: Kampfstube|Reflect
|-fieldend|move: Trick Room
|-fieldend|move: Psychic Terrain
|upkeep
|
|t:|1757651456
|switch|p2b: Sneasler|Sneasler, L50, M, shiny|100/100
|turn|6
|inactive|Kampfstube has 30 seconds left.
|inactive|Kampfstube has 20 seconds left.
|inactive|Kampfstube has 15 seconds left.
|
|t:|1757651499
|-terastallize|p1a: Ursaluna|Ghost
|move|p2b: Sneasler|Coaching|p2a: Annihilape
|-boost|p2a: Annihilape|atk|1
|-boost|p2a: Annihilape|def|1
|move|p2a: Annihilape|Rage Fist|p1b: Hatterene
|-supereffective|p1b: Hatterene
|-damage|p1b: Hatterene|0 fnt
|faint|p1b: Hatterene
|move|p1a: Ursaluna|Headlong Rush|p2a: Annihilape
|-supereffective|p2a: Annihilape
|-damage|p2a: Annihilape|0 fnt
|-unboost|p1a: Ursaluna|def|1
|-unboost|p1a: Ursaluna|spd|1
|faint|p2a: Annihilape
|
|-damage|p1a: Ursaluna|77/100 brn|[from] brn
|upkeep
|
|t:|1757651515
|switch|p1b: Indeedee|Indeedee-F, L50, F|100/100
|-fieldstart|move: Psychic Terrain|[from] ability: Psychic Surge|[of] p1b: Indeedee
|turn|7
|inactive|myshirtisdirty has 30 seconds left.
|inactive|myshirtisdirty has 20 seconds left.
|
|t:|1757651554
|move|p2b: Sneasler|Dire Claw|p1b: Indeedee
|-damage|p1b: Indeedee|60/100
|-status|p1b: Indeedee|par
|move|p1a: Ursaluna|Headlong Rush|p2b: Sneasler
|-supereffective|p2b: Sneasler
|-enditem|p2b: Sneasler|Focus Sash
|-damage|p2b: Sneasler|1/100
|-unboost|p1a: Ursaluna|def|1
|-unboost|p1a: Ursaluna|spd|1
|move|p1b: Indeedee|Dazzling Gleam|p2b: Sneasler
|-damage|p2b: Sneasler|0 fnt
|faint|p2b: Sneasler
|
|win|myshirtisdirty
|raw|myshirtisdirty's rating: 1153 → 1183(+30 for winning)
|raw|Kampfstube's rating: 1223 → 1193(-30 for losing)
