|j|☆TeyVgc
|j|☆israel137
|html|TeyVgcisrael137    
|uhtml|bestof|Game 2 of a best-of-3
|t:|1783020989
|gametype|doubles
|player|p1|TeyVgc|rood|1150
|player|p2|israel137|2|1164
|gen|9
|tier|[Gen 9 Champions] VGC 2026 Reg M-B (Bo3)
|rated|
|rule|Species Clause: Limit one of each Pokémon
|rule|Item Clause: Limit 1 of each item
|clearpoke
|poke|p1|Tyranitar, L50, M|
|poke|p1|Excadrill, L50, F|
|poke|p1|Rotom-Wash, L50|
|poke|p1|Sinistcha, L50|
|poke|p1|Corviknight, L50, M|
|poke|p1|Houndstone, L50, M|
|poke|p2|Aerodactyl, L50, F, shiny|
|poke|p2|Kingambit, L50, F|
|poke|p2|Charizard, L50, F, shiny|
|poke|p2|Sylveon, L50, M, shiny|
|poke|p2|Garchomp, L50, M|
|poke|p2|Farigiraf, L50, F, shiny|
|teampreview|4
|showteam|p1|Tyranitar||Tyranitarite|SandStream|RockSlide,KnockOff,LowKick,Protect|Adamant||M|||50|]Excadrill||FocusSash|SandRush|IronHead,Protect,Earthquake,RockSlide|Adamant||F|||50|]Rotom-Wash||ChoiceScarf|Levitate|VoltSwitch,HydroPump,Electroweb,Thunderbolt|Modest|||||50|]Sinistcha||SitrusBerry|Hospitality|RagePowder,MatchaGotcha,StrengthSap,TrickRoom|Bold|||||50|]Corviknight||Leftovers|MirrorArmor|BulkUp,BraveBird,Roost,Tailwind|Careful||M|||50|]Houndstone||SpellTag|SandRush|LastRespects,PhantomForce,WillOWisp,Protect|Adamant||M|||50|
|showteam|p2|Aerodactyl||Aerodactylite|Unnerve|Tailwind,DualWingbeat,RockSlide,IceFang|Jolly||F|||50|]Kingambit||FocusSash|Defiant|LowKick,KowtowCleave,SuckerPunch,IronHead|Adamant||F|||50|]Charizard||CharizarditeY|Blaze|Protect,WeatherBall,HeatWave,SolarBeam|Modest||F|||50|]Sylveon||FairyFeather|Pixilate|Detect,HyperBeam,HyperVoice,QuickAttack|Modest||M|||50|]Garchomp||LifeOrb|RoughSkin|Protect,DragonClaw,Earthquake,RockSlide|Jolly||M|||50|]Farigiraf||SitrusBerry|ArmorTail|Protect,TrickRoom,Psychic,Thunderbolt|Bold||F|||50|
|inactive|Battle timer is ON: inactive players will automatically lose when time's up. (requested by israel137)
|inactive|israel137 has 60 seconds left.
|
|t:|1783021026
|teamsize|p1|4
|teamsize|p2|4
|start
|switch|p1a: Tyranitar|Tyranitar, L50, M|100/100
|switch|p1b: Houndstone|Houndstone, L50, M|100/100
|switch|p2a: Ri Sol-Ju|Garchomp, L50, M|100/100
|switch|p2b: Kim Ju Ae|Sylveon, L50, M, shiny|100/100
|-weather|Sandstorm|[from] ability: Sand Stream|[of] p1a: Tyranitar
|turn|1
|inactive|TeyVgc has 30 seconds left.
|inactive|TeyVgc has 20 seconds left.
|
|t:|1783021062
|switch|p2a: Kim Jong Un|Charizard, L50, F, shiny|100/100
|move|p1a: Tyranitar|Protect|p1a: Tyranitar
|-singleturn|p1a: Tyranitar|Protect
|move|p1b: Houndstone|Will-O-Wisp|p2a: Kim Jong Un
|-immune|p2a: Kim Jong Un
|move|p2b: Kim Ju Ae|Hyper Voice|p1b: Houndstone|[spread] p1b
|-activate|p1a: Tyranitar|move: Protect
|-damage|p1b: Houndstone|48/100
|
|-weather|Sandstorm|[upkeep]
|-damage|p2a: Kim Jong Un|94/100|[from] Sandstorm
|-damage|p2b: Kim Ju Ae|93/100|[from] Sandstorm
|upkeep
|turn|2
|
|t:|1783021085
|switch|p1b: Rotom|Rotom-Wash, L50|100/100
|detailschange|p2a: Kim Jong Un|Charizard-Mega-Y, L50, F, shiny
|-mega|p2a: Kim Jong Un|Charizard|Charizardite Y
|-weather|SunnyDay|[from] ability: Drought|[of] p2a: Kim Jong Un
|move|p2a: Kim Jong Un|Weather Ball|p1a: Tyranitar
|-resisted|p1a: Tyranitar|1
|-damage|p1a: Tyranitar|61/100
|move|p1a: Tyranitar|Rock Slide|p2b: Kim Ju Ae|[spread] p2a,p2b
|-supereffective|p2a: Kim Jong Un|2
|-damage|p2a: Kim Jong Un|0 fnt
|-damage|p2b: Kim Ju Ae|55/100
|faint|p2a: Kim Jong Un
|move|p2b: Kim Ju Ae|Hyper Voice|p1b: Rotom|[spread] p1a,p1b
|-supereffective|p1a: Tyranitar|1
|-damage|p1a: Tyranitar|0 fnt
|-damage|p1b: Rotom|30/100
|faint|p1a: Tyranitar
|
|-weather|SunnyDay|[upkeep]
|upkeep
|
|t:|1783021104
|switch|p2a: Ri Sol-Ju|Garchomp, L50, M|100/100
|switch|p1a: Excadrill|Excadrill, L50, F|100/100
|turn|3
|
|t:|1783021117
|move|p2b: Kim Ju Ae|Detect|p2b: Kim Ju Ae
|-singleturn|p2b: Kim Ju Ae|Protect
|move|p1b: Rotom|Hydro Pump|p2a: Ri Sol-Ju
|-damage|p2a: Ri Sol-Ju|71/100
|move|p2a: Ri Sol-Ju|Earthquake|p1b: Rotom|[spread] p1a
|-activate|p2b: Kim Ju Ae|move: Protect
|-immune|p1b: Rotom|[from] ability: Levitate
|-supereffective|p1a: Excadrill|1
|-enditem|p1a: Excadrill|Focus Sash
|-damage|p1a: Excadrill|1/100
|-damage|p2a: Ri Sol-Ju|61/100|[from] item: Life Orb
|move|p1a: Excadrill|Earthquake|p2a: Ri Sol-Ju|[spread] p2a
|-activate|p2b: Kim Ju Ae|move: Protect
|-immune|p1b: Rotom|[from] ability: Levitate
|-damage|p2a: Ri Sol-Ju|16/100
|
|-weather|SunnyDay|[upkeep]
|upkeep
|turn|4
|
|t:|1783021138
|move|p2a: Ri Sol-Ju|Protect|p2a: Ri Sol-Ju
|-singleturn|p2a: Ri Sol-Ju|Protect
|move|p2b: Kim Ju Ae|Quick Attack|p1a: Excadrill
|-resisted|p1a: Excadrill|1
|-damage|p1a: Excadrill|0 fnt
|faint|p1a: Excadrill
|move|p1b: Rotom|Hydro Pump|p2a: Ri Sol-Ju
|-activate|p2a: Ri Sol-Ju|move: Protect
|
|-weather|SunnyDay|[upkeep]
|upkeep
|
|t:|1783021147
|switch|p1a: Houndstone|Houndstone, L50, M|48/100
|turn|5
|
|t:|1783021157
|move|p1b: Rotom|Hydro Pump|p2a: Ri Sol-Ju
|-damage|p2a: Ri Sol-Ju|0 fnt
|faint|p2a: Ri Sol-Ju
|move|p1a: Houndstone|Last Respects|p2b: Kim Ju Ae
|-damage|p2b: Kim Ju Ae|0 fnt
|faint|p2b: Kim Ju Ae
|
|-weather|SunnyDay|[upkeep]
|upkeep
|
|t:|1783021163
|switch|p2b: Kim Jong Il|Kingambit, L50, F|100/100
|turn|6
|
|t:|1783021172
|move|p2b: Kim Jong Il|Sucker Punch|p1b: Rotom
|-damage|p1b: Rotom|0 fnt
|faint|p1b: Rotom
|move|p1a: Houndstone|Will-O-Wisp|p2b: Kim Jong Il
|-status|p2b: Kim Jong Il|brn
|
|-weather|none
|-damage|p2b: Kim Jong Il|93/100 brn|[from] brn
|upkeep
|turn|7
|
|t:|1783021187
|move|p1a: Houndstone|Protect|p1a: Houndstone
|-singleturn|p1a: Houndstone|Protect
|move|p2b: Kim Jong Il|Kowtow Cleave|p1a: Houndstone
|-activate|p1a: Houndstone|move: Protect
|
|-damage|p2b: Kim Jong Il|87/100 brn|[from] brn
|upkeep
|turn|8
|
|t:|1783021200
|move|p1a: Houndstone|Phantom Force||[still]
|-prepare|p1a: Houndstone|Phantom Force
|move|p2b: Kim Jong Il|Kowtow Cleave|p1a: Houndstone|[miss]
|-miss|p2b: Kim Jong Il|p1a: Houndstone
|
|-damage|p2b: Kim Jong Il|81/100 brn|[from] brn
|upkeep
|turn|9
|
|t:|1783021206
|move|p1a: Houndstone|Phantom Force|p2b: Kim Jong Il|[from] lockedmove
|-resisted|p2b: Kim Jong Il|1
|-damage|p2b: Kim Jong Il|60/100 brn
|move|p2b: Kim Jong Il|Kowtow Cleave|p1a: Houndstone
|-supereffective|p1a: Houndstone|1
|-damage|p1a: Houndstone|4/100
|
|-damage|p2b: Kim Jong Il|54/100 brn|[from] brn
|upkeep
|turn|10
|
|t:|1783021224
|move|p1a: Houndstone|Protect|p1a: Houndstone
|-singleturn|p1a: Houndstone|Protect
|move|p2b: Kim Jong Il|Kowtow Cleave|p1a: Houndstone
|-activate|p1a: Houndstone|move: Protect
|
|-damage|p2b: Kim Jong Il|48/100 brn|[from] brn
|upkeep
|turn|11
|
|t:|1783021236
|move|p1a: Houndstone|Protect|p1a: Houndstone
|-singleturn|p1a: Houndstone|Protect
|move|p2b: Kim Jong Il|Kowtow Cleave|p1a: Houndstone
|-activate|p1a: Houndstone|move: Protect
|
|-damage|p2b: Kim Jong Il|42/100 brn|[from] brn
|upkeep
|turn|12
|
|t:|1783021245
|move|p1a: Houndstone|Will-O-Wisp|p2b: Kim Jong Il|[miss]
|-miss|p1a: Houndstone|p2b: Kim Jong Il
|move|p2b: Kim Jong Il|Kowtow Cleave|p1a: Houndstone
|-supereffective|p1a: Houndstone|1
|-damage|p1a: Houndstone|0 fnt
|faint|p1a: Houndstone
|
|win|israel137
|raw|TeyVgc's rating: 1150 → 1126(-24 for losing)
|raw|israel137's rating: 1164 → 1188(+24 for winning)
