|j|☆Llama_Llord
|j|‽Pejrbxkfnek
|html|Llama_LlordPejrbxkfnek    
|uhtml|bestof|Game 2 of a best-of-3
|t:|1756724342
|gametype|doubles
|player|p1|Llama_Llord|265|1072
|player|p2|Pejrbxkfnek|1|1045
|gen|9
|tier|[Gen 9] VGC 2025 Reg H (Bo3)
|rated|
|rule|Species Clause: Limit one of each Pokémon
|rule|Item Clause: Limit 1 of each item
|clearpoke
|poke|p1|Meowscarada, L50, M|
|poke|p1|Primarina, L50, F|
|poke|p1|Indeedee, L50, M|
|poke|p1|Sneasler, L50, F|
|poke|p1|Tatsugiri, L50, F|
|poke|p1|Kingambit, L50, F|
|poke|p2|Volcarona, L50, F|
|poke|p2|Kingambit, L50, F|
|poke|p2|Dragonite, L50, M|
|poke|p2|Sneasler, L50, F|
|poke|p2|Rillaboom, L50, F|
|poke|p2|Electabuzz, L50, F|
|teampreview|4
|showteam|p1|Meowscarada||FocusSash|Overgrow|GrassPledge,KnockOff,FlowerTrick,Protect|||M|||50|,,,,,Fairy]Primarina||LifeOrb|LiquidVoice|WaterPledge,HyperVoice,Moonblast,Protect|||F|||50|,,,,,Poison]Indeedee||SafetyGoggles|PsychicSurge|ExpandingForce,Imprison,TrickRoom,Protect|||M|||50|,,,,,Fire]Sneasler||PsychicSeed|Unburden|DireClaw,CloseCombat,ThroatChop,Protect|||F|||50|,,,,,Stellar]Tatsugiri||AssaultVest|StormDrain|DracoMeteor,IcyWind,TeraBlast,Surf|||F|||50|,,,,,Ground]Kingambit||BlackGlasses|Defiant|KowtowCleave,IronHead,SuckerPunch,Protect|||F|||50|,,,,,Fairy
|showteam|p2|Volcarona||Leftovers|FlameBody|HeatWave,TeraBlast,QuiverDance,Protect|||F|||50|,,,,,Fairy]Kingambit||BlackGlasses|Defiant|KowtowCleave,SuckerPunch,SwordsDance,Protect|||F|||50|,,,,,Dark]Dragonite||LoadedDice|Multiscale|ScaleShot,ExtremeSpeed,Haze,Protect|||M|||50|,,,,,Steel]Sneasler||FocusSash|PoisonTouch|CloseCombat,DireClaw,FakeOut,Coaching|||F|||50|,,,,,Stellar]Rillaboom||AssaultVest|GrassySurge|WoodHammer,GrassyGlide,HighHorsepower,FakeOut|||F|||50|,,,,,Fire]Electabuzz||Eviolite|VitalSpirit|Thunderbolt,Taunt,FollowMe,Protect|||F|||50|,,,,,Ghost
|inactive|Battle timer is ON: inactive players will automatically lose when time's up. (requested by Llama_Llord)
|inactive|Pejrbxkfnek has 60 seconds left.
|
|t:|1756724383
|teamsize|p1|4
|teamsize|p2|4
|start
|switch|p1a: Tatsugiri|Tatsugiri, L50, F|100/100
|switch|p1b: Sneasler|Sneasler, L50, F|100/100
|switch|p2a: Volcarona|Volcarona, L50, F|100/100
|switch|p2b: Electabuzz|Electabuzz, L50, F|100/100
|turn|1
|
|t:|1756724401
|-terastallize|p1a: Tatsugiri|Ground
|-terastallize|p2a: Volcarona|Fairy
|move|p2b: Electabuzz|Follow Me|p2b: Electabuzz
|-singleturn|p2b: Electabuzz|move: Follow Me
|move|p1b: Sneasler|Dire Claw|p2b: Electabuzz
|-damage|p2b: Electabuzz|69/100
|move|p1a: Tatsugiri|Tera Blast|p2b: Electabuzz|[anim] Tera Blast Ground
|-supereffective|p2b: Electabuzz
|-damage|p2b: Electabuzz|0 fnt
|faint|p2b: Electabuzz
|move|p2a: Volcarona|Quiver Dance|p2a: Volcarona
|-boost|p2a: Volcarona|spa|1
|-boost|p2a: Volcarona|spd|1
|-boost|p2a: Volcarona|spe|1
|
|upkeep
|
|t:|1756724420
|switch|p2b: Rillaboom|Rillaboom, L50, F|100/100
|-fieldstart|move: Grassy Terrain|[from] ability: Grassy Surge|[of] p2b: Rillaboom
|turn|2
|
|t:|1756724442
|switch|p1a: Indeedee|Indeedee, L50, M|100/100
|-fieldstart|move: Psychic Terrain|[from] ability: Psychic Surge|[of] p1a: Indeedee
|-enditem|p1b: Sneasler|Psychic Seed
|-boost|p1b: Sneasler|spd|1|[from] item: Psychic Seed
|switch|p2b: Sneasler|Sneasler, L50, F|100/100
|move|p1b: Sneasler|Dire Claw|p2b: Sneasler
|-resisted|p2b: Sneasler
|-damage|p2b: Sneasler|60/100
|-status|p2b: Sneasler|par
|move|p2a: Volcarona|Heat Wave|p1b: Sneasler|[spread] p1a,p1b
|-damage|p1a: Indeedee|32/100
|-damage|p1b: Sneasler|54/100
|
|upkeep
|turn|3
|
|t:|1756724459
|switch|p2b: Rillaboom|Rillaboom, L50, F|100/100
|-fieldstart|move: Grassy Terrain|[from] ability: Grassy Surge|[of] p2b: Rillaboom
|move|p1b: Sneasler|Dire Claw|p2a: Volcarona
|-supereffective|p2a: Volcarona
|-damage|p2a: Volcarona|0 fnt
|faint|p2a: Volcarona
|move|p1a: Indeedee|Expanding Force|p2b: Rillaboom
|-damage|p2b: Rillaboom|70/100
|
|-heal|p1b: Sneasler|60/100|[from] Grassy Terrain
|-heal|p1a: Indeedee|38/100|[from] Grassy Terrain
|-heal|p2b: Rillaboom|76/100|[from] Grassy Terrain
|upkeep
|
|t:|1756724465
|switch|p2a: Sneasler|Sneasler, L50, F|60/100 par
|turn|4
|
|t:|1756724474
|move|p1b: Sneasler|Protect|p1b: Sneasler
|-singleturn|p1b: Sneasler|Protect
|move|p1a: Indeedee|Protect|p1a: Indeedee
|-singleturn|p1a: Indeedee|Protect
|move|p2b: Rillaboom|Fake Out|p1b: Sneasler
|-activate|p1b: Sneasler|move: Protect
|cant|p2a: Sneasler|par
|
|-heal|p1b: Sneasler|66/100|[from] Grassy Terrain
|-heal|p1a: Indeedee|44/100|[from] Grassy Terrain
|-heal|p2b: Rillaboom|82/100|[from] Grassy Terrain
|-heal|p2a: Sneasler|66/100 par|[from] Grassy Terrain
|upkeep
|turn|5
|
|t:|1756724481
|move|p1b: Sneasler|Dire Claw|p2b: Rillaboom
|-supereffective|p2b: Rillaboom
|-damage|p2b: Rillaboom|0 fnt
|faint|p2b: Rillaboom
|move|p1a: Indeedee|Expanding Force|p2a: Sneasler
|-supereffective|p2a: Sneasler
|-damage|p2a: Sneasler|0 fnt
|faint|p2a: Sneasler
|
|win|Llama_Llord
|l|‽Pejrbxkfnek
|player|p2|
||Pejrbxkfnek is ready for game 3.
