|j|☆GymGlofer
|j|☆testdigi
|html|GymGlofertestdigi    
|uhtml|bestof|Game 1 of a best-of-3
|t:|1784891773
|gametype|doubles
|player|p1|GymGlofer|blackbelt|1091
|player|p2|testdigi|101|1103
|gen|9
|tier|[Gen 9 Champions] VGC 2026 Reg M-B (Bo3)
|rated|
|rule|Species Clause: Limit one of each Pokémon
|rule|Item Clause: Limit 1 of each item
|clearpoke
|poke|p1|Swampert, L50, M|
|poke|p1|Milotic, L50, F|
|poke|p1|Quaquaval, L50, M|
|poke|p1|Greninja, L50, F|
|poke|p1|Pelipper, L50, F|
|poke|p1|Basculegion-F, L50, F|
|poke|p2|Raichu, L50, M|
|poke|p2|Toxapex, L50, F|
|poke|p2|Mamoswine, L50, F|
|poke|p2|Sylveon, L50, M|
|poke|p2|Corviknight, L50, F|
|poke|p2|Basculegion, L50, M|
|teampreview|4
|showteam|p1|Swampert||Swampertite|Damp|Liquidation,Earthquake,KnockOff,Protect|Adamant||M|||50|]Milotic||Leftovers|Competitive|HydroPump,IceBeam,Coil,LifeDew|Calm||F|||50|]Quaquaval||FocusSash|Moxie|AquaStep,CloseCombat,TripleAxel,Protect|Jolly||M|||50|]Greninja||Greninjite|Protean|FlipTurn,DarkPulse,IcyWind,Protect|Hasty||F|||50|]Pelipper||WideLens|Drizzle|MuddyWater,Hurricane,WideGuard,Tailwind|Quiet||F|||50|]Basculegion-F||ChoiceScarf|Adaptability|ChillingWater,ShadowBall,AquaJet,PsychicFangs|Hasty||F|||50|
|showteam|p2|Raichu||RaichuniteY|LightningRod|ZapCannon,FocusBlast,FakeOut,Protect|Timid||M|||50|]Toxapex||Leftovers|Regenerator|Infestation,Toxic,Recover,BanefulBunker|Relaxed||F|||50|]Mamoswine||LifeOrb|Oblivious|StompingTantrum,IceShard,RockSlide,Protect|Adamant||F|||50|]Sylveon||FairyFeather|Pixilate|HyperVoice,QuickAttack,Yawn,Detect|Modest||M|||50|]Corviknight||OccaBerry|MirrorArmor|IronHead,BraveBird,Tailwind,Protect|Adamant||F|||50|]Basculegion||FocusSash|Adaptability|LastRespects,Liquidation,AquaJet,Protect|Adamant||M|||50|
|inactive|Battle timer is ON: inactive players will automatically lose when time's up. (requested by testdigi)
|inactive|testdigi has 30 seconds left.
|
|t:|1784891829
|teamsize|p1|4
|teamsize|p2|4
|start
|switch|p1a: Swampert|Swampert, L50, M|100/100
|switch|p1b: Quaquaval|Quaquaval, L50, M|100/100
|switch|p2a: Raichu|Raichu, L50, M|100/100
|switch|p2b: Corviknight|Corviknight, L50, F|100/100
|turn|1
|c|☆testdigi|glhf
|inactive|GymGlofer has 30 seconds left.
|inactive|GymGlofer has 20 seconds left.
|
|t:|1784891868
|detailschange|p2a: Raichu|Raichu-Mega-Y, L50, M
|-mega|p2a: Raichu|Raichu|Raichunite Y
|move|p1b: Quaquaval|Protect|p1b: Quaquaval
|-singleturn|p1b: Quaquaval|Protect
|move|p1a: Swampert|Protect|p1a: Swampert
|-singleturn|p1a: Swampert|Protect
|move|p2a: Raichu|Fake Out|p1a: Swampert
|-activate|p1a: Swampert|move: Protect
|move|p2b: Corviknight|Tailwind|p2b: Corviknight
|-sidestart|p2: testdigi|move: Tailwind
|
|upkeep
|turn|2
|
|t:|1784891893
|detailschange|p1a: Swampert|Swampert-Mega, L50, M
|-mega|p1a: Swampert|Swampert|Swampertite
|move|p2a: Raichu|Zap Cannon|p1b: Quaquaval
|-supereffective|p1b: Quaquaval|1
|-enditem|p1b: Quaquaval|Focus Sash
|-damage|p1b: Quaquaval|1/100
|-status|p1b: Quaquaval|par
|move|p2b: Corviknight|Iron Head|p1a: Swampert
|-resisted|p1a: Swampert|1
|-damage|p1a: Swampert|87/100
|move|p1a: Swampert|Earthquake|p2a: Raichu|[spread] p1b,p2a
|-immune|p2b: Corviknight
|-supereffective|p2a: Raichu|1
|-damage|p1b: Quaquaval|0 fnt
|-damage|p2a: Raichu|0 fnt
|faint|p1b: Quaquaval
|faint|p2a: Raichu
|
|upkeep
|
|t:|1784891915
|switch|p2a: Sylveon|Sylveon, L50, M|100/100
|switch|p1b: Basculegion|Basculegion-F, L50, F|100/100
|turn|3
|
|t:|1784891938
|move|p1b: Basculegion|Shadow Ball|p2a: Sylveon
|-damage|p2a: Sylveon|64/100
|move|p2b: Corviknight|Brave Bird|p1b: Basculegion
|-damage|p1b: Basculegion|32/100
|-damage|p2b: Corviknight|78/100|[from] Recoil
|move|p2a: Sylveon|Yawn|p1a: Swampert
|-start|p1a: Swampert|move: Yawn|[of] p2a: Sylveon
|move|p1a: Swampert|Liquidation|p2b: Corviknight
|-damage|p2b: Corviknight|30/100
|-ability|p2b: Corviknight|Mirror Armor
|-unboost|p1a: Swampert|def|1
|
|upkeep
|turn|4
|
|t:|1784891957
|switch|p1a: Pelipper|Pelipper, L50, F|100/100
|-weather|RainDance|[from] ability: Drizzle|[of] p1a: Pelipper
|move|p2b: Corviknight|Protect|p2b: Corviknight
|-singleturn|p2b: Corviknight|Protect
|move|p1b: Basculegion|Shadow Ball|p2a: Sylveon
|-damage|p2a: Sylveon|26/100
|move|p2a: Sylveon|Yawn|p1b: Basculegion
|-start|p1b: Basculegion|move: Yawn|[of] p2a: Sylveon
|
|-weather|RainDance|[upkeep]
|-sideend|p2: testdigi|move: Tailwind
|upkeep
|turn|5
|
|t:|1784891979
|switch|p2a: Toxapex|Toxapex, L50, F|100/100
|move|p1b: Basculegion|Shadow Ball|p2b: Corviknight
|-damage|p2b: Corviknight|0 fnt
|faint|p2b: Corviknight
|move|p1a: Pelipper|Muddy Water|p2a: Toxapex
|-resisted|p2a: Toxapex|1
|-damage|p2a: Toxapex|78/100
|-unboost|p2a: Toxapex|accuracy|1
|
|-weather|RainDance|[upkeep]
|-heal|p2a: Toxapex|84/100|[from] item: Leftovers
|-end|p1b: Basculegion|move: Yawn|[silent]
|-status|p1b: Basculegion|slp
|upkeep
|
|t:|1784891985
|switch|p2b: Sylveon|Sylveon, L50, M|26/100
|turn|6
|
|t:|1784892002
|move|p2b: Sylveon|Detect|p2b: Sylveon
|-singleturn|p2b: Sylveon|Protect
|cant|p1b: Basculegion|slp
|move|p1a: Pelipper|Muddy Water|p2b: Sylveon|[spread] p2a
|-activate|p2b: Sylveon|move: Protect
|-resisted|p2a: Toxapex|1
|-damage|p2a: Toxapex|64/100
|move|p2a: Toxapex|Infestation|p1a: Pelipper
|-resisted|p1a: Pelipper|1
|-damage|p1a: Pelipper|97/100
|-activate|p1a: Pelipper|move: Infestation|[of] p2a: Toxapex
|
|-weather|RainDance|[upkeep]
|-heal|p2a: Toxapex|70/100|[from] item: Leftovers
|-damage|p1a: Pelipper|85/100|[from] move: Infestation|[partiallytrapped]
|upkeep
|turn|7
|
|t:|1784892015
|cant|p1b: Basculegion|slp
|move|p2b: Sylveon|Yawn|p1a: Pelipper
|-start|p1a: Pelipper|move: Yawn|[of] p2b: Sylveon
|move|p1a: Pelipper|Muddy Water|p2b: Sylveon|[spread] p2a,p2b
|-resisted|p2a: Toxapex|1
|-damage|p2a: Toxapex|53/100
|-damage|p2b: Sylveon|0 fnt
|-unboost|p2a: Toxapex|accuracy|1
|faint|p2b: Sylveon
|move|p2a: Toxapex|Toxic|p1a: Pelipper
|-status|p1a: Pelipper|tox
|
|-weather|RainDance|[upkeep]
|-heal|p2a: Toxapex|59/100|[from] item: Leftovers
|-damage|p1a: Pelipper|79/100 tox|[from] psn
|-damage|p1a: Pelipper|67/100 tox|[from] move: Infestation|[partiallytrapped]
|upkeep
|turn|8
|-message|testdigi forfeited.
|
|win|GymGlofer
