|j|☆Screammmmm1
|j|☆caarlos.g_7
|html|Screammmmm1caarlos.g_7    
|uhtml|bestof|Game 1 of a best-of-3
|t:|1782201515
|gametype|doubles
|player|p1|Screammmmm1|n|1120
|player|p2|caarlos.g_7|grimsley|1078
|gen|9
|tier|[Gen 9 Champions] VGC 2026 Reg M-B (Bo3)
|rated|
|rule|Species Clause: Limit one of each Pokémon
|rule|Item Clause: Limit 1 of each item
|clearpoke
|poke|p1|Tyranitar, L50, F|
|poke|p1|Whimsicott, L50, M|
|poke|p1|Houndstone, L50, M|
|poke|p1|Garchomp, L50, M|
|poke|p1|Basculegion, L50, M|
|poke|p1|Metagross, L50, shiny|
|poke|p2|Charizard, L50, M, shiny|
|poke|p2|Whimsicott, L50, F|
|poke|p2|Garchomp, L50, M|
|poke|p2|Gholdengo, L50|
|poke|p2|Kangaskhan, L50, F|
|poke|p2|Incineroar, L50, M, shiny|
|teampreview|4
|showteam|p1|Tyranitar||Tyranitarite|SandStream|RockSlide,DragonDance,Protect,KnockOff|Jolly||F|||50|]Whimsicott||FairyFeather|Prankster|Taunt,Moonblast,Tailwind,Encore|Bold||M|||50|]Houndstone||SitrusBerry|SandRush|WillOWisp,LastRespects,Protect,Howl|Jolly||M|||50|]Garchomp||LifeOrb|SandVeil|RockSlide,StompingTantrum,Protect,DragonClaw|Jolly||M|||50|]Basculegion||ChoiceScarf|Adaptability|FlipTurn,WaveCrash,LastRespects,AquaJet|Jolly||M|||50|]Metagross||Metagrossite|ClearBody|IcePunch,BulletPunch,PsychicFangs,Protect|Careful|||||50|
|showteam|p2|Charizard||CharizarditeY|Blaze|WeatherBall,HeatWave,SolarBeam,Protect|Modest||M|||50|]Whimsicott||FocusSash|Prankster|Moonblast,Tailwind,Encore,Protect|Timid||F|||50|]Garchomp||LifeOrb|RoughSkin|Earthquake,DragonClaw,RockSlide,Protect|Jolly||M|||50|]Gholdengo||SpellTag|GoodasGold|MakeItRain,ShadowBall,NastyPlot,Protect|Modest|||||50|]Kangaskhan||Kangaskhanite|Scrappy|DoubleEdge,IcePunch,LowKick,FakeOut|Adamant||F|||50|]Incineroar||SitrusBerry|Intimidate|FlareBlitz,ThroatChop,PartingShot,FakeOut|Careful||M|||50|
|inactive|Battle timer is ON: inactive players will automatically lose when time's up. (requested by caarlos.g_7)
|inactive|Screammmmm1 has 60 seconds left.
|inactive|caarlos.g_7 has 60 seconds left.
|inactive|Screammmmm1 has 30 seconds left.
|
|t:|1782201585
|teamsize|p1|4
|teamsize|p2|4
|start
|switch|p1a: Whimsicott|Whimsicott, L50, M|100/100
|switch|p1b: Basculegion|Basculegion, L50, M|100/100
|switch|p2a: Gholdengo|Gholdengo, L50|100/100
|switch|p2b: Whimsicott|Whimsicott, L50, F|100/100
|turn|1
|inactive|Screammmmm1 has 30 seconds left.
|inactive|caarlos.g_7 has 30 seconds left.
|inactive|Screammmmm1 has 20 seconds left.
|inactive|caarlos.g_7 has 20 seconds left.
|
|t:|1782201624
|move|p2a: Gholdengo|Protect|p2a: Gholdengo
|-singleturn|p2a: Gholdengo|Protect
|move|p2b: Whimsicott|Tailwind|p2b: Whimsicott
|-sidestart|p2: caarlos.g_7|move: Tailwind
|move|p1a: Whimsicott|Tailwind|p1a: Whimsicott
|-sidestart|p1: Screammmmm1|move: Tailwind
|move|p1b: Basculegion|Wave Crash|p2a: Gholdengo
|-activate|p2a: Gholdengo|move: Protect
|
|upkeep
|turn|2
|inactive|Screammmmm1 has 30 seconds left.
|
|t:|1782201658
|switch|p2b: Incineroar|Incineroar, L50, M, shiny|100/100
|-ability|p2b: Incineroar|Intimidate|boost
|-unboost|p1a: Whimsicott|atk|1
|-unboost|p1b: Basculegion|atk|1
|switch|p1a: Garchomp|Garchomp, L50, M|100/100
|move|p1b: Basculegion|Wave Crash|p2a: Gholdengo
|-damage|p2a: Gholdengo|61/100
|-damage|p1b: Basculegion|87/100|[from] Recoil
|move|p2a: Gholdengo|Shadow Ball|p1b: Basculegion
|-supereffective|p1b: Basculegion|1
|-damage|p1b: Basculegion|0 fnt
|faint|p1b: Basculegion
|
|upkeep
|
|t:|1782201672
|switch|p1b: Tyranitar|Tyranitar, L50, F|100/100
|-weather|Sandstorm|[from] ability: Sand Stream|[of] p1b: Tyranitar
|turn|3
|inactive|caarlos.g_7 has 30 seconds left.
|
|t:|1782201698
|switch|p2a: Kangaskhan|Kangaskhan, L50, F|100/100
|move|p1a: Garchomp|Stomping Tantrum|p2a: Kangaskhan
|-damage|p2a: Kangaskhan|51/100
|-damage|p1a: Garchomp|90/100|[from] item: Life Orb
|move|p1b: Tyranitar|Dragon Dance|p1b: Tyranitar
|-boost|p1b: Tyranitar|atk|1
|-boost|p1b: Tyranitar|spe|1
|move|p2b: Incineroar|Parting Shot|p1b: Tyranitar
|-unboost|p1b: Tyranitar|atk|1
|-unboost|p1b: Tyranitar|spa|1
|
|t:|1782201714
|switch|p2b: Whimsicott|Whimsicott, L50, F|100/100|[from] Parting Shot
|
|-weather|Sandstorm|[upkeep]
|-damage|p2b: Whimsicott|94/100|[from] Sandstorm
|-damage|p2a: Kangaskhan|46/100|[from] Sandstorm
|upkeep
|turn|4
|inactive|Screammmmm1 has 30 seconds left.
|
|t:|1782201748
|switch|p1a: Whimsicott|Whimsicott, L50, M|100/100
|detailschange|p2a: Kangaskhan|Kangaskhan-Mega, L50, F
|-mega|p2a: Kangaskhan|Kangaskhan|Kangaskhanite
|move|p1b: Tyranitar|Protect|p1b: Tyranitar
|-singleturn|p1b: Tyranitar|Protect
|move|p2a: Kangaskhan|Fake Out|p1b: Tyranitar
|-activate|p1b: Tyranitar|move: Protect
|move|p2b: Whimsicott|Moonblast|p1a: Whimsicott
|-damage|p1a: Whimsicott|47/100
|-unboost|p1a: Whimsicott|spa|1
|
|-weather|Sandstorm|[upkeep]
|-damage|p2b: Whimsicott|88/100|[from] Sandstorm
|-damage|p1a: Whimsicott|41/100|[from] Sandstorm
|-damage|p2a: Kangaskhan|40/100|[from] Sandstorm
|-sideend|p1: Screammmmm1|move: Tailwind
|-sideend|p2: caarlos.g_7|move: Tailwind
|upkeep
|turn|5
|
|t:|1782201766
|detailschange|p1b: Tyranitar|Tyranitar-Mega, L50, F
|-mega|p1b: Tyranitar|Tyranitar|Tyranitarite
|move|p2b: Whimsicott|Tailwind|p2b: Whimsicott
|-sidestart|p2: caarlos.g_7|move: Tailwind
|move|p1a: Whimsicott|Tailwind|p1a: Whimsicott
|-sidestart|p1: Screammmmm1|move: Tailwind
|move|p1b: Tyranitar|Rock Slide|p2b: Whimsicott|[spread] p2a,p2b
|-damage|p2a: Kangaskhan|14/100
|-damage|p2b: Whimsicott|37/100
|move|p2a: Kangaskhan|Low Kick|p1b: Tyranitar
|-supereffective|p1b: Tyranitar|2
|-damage|p1b: Tyranitar|0 fnt
|faint|p1b: Tyranitar
|
|-weather|Sandstorm|[upkeep]
|-damage|p2b: Whimsicott|32/100|[from] Sandstorm
|-damage|p1a: Whimsicott|35/100|[from] Sandstorm
|-damage|p2a: Kangaskhan|8/100|[from] Sandstorm
|upkeep
|
|t:|1782201774
|switch|p1b: Garchomp|Garchomp, L50, M|90/100
|turn|6
|
|t:|1782201787
|switch|p2b: Incineroar|Incineroar, L50, M, shiny|100/100
|-ability|p2b: Incineroar|Intimidate|boost
|-unboost|p1a: Whimsicott|atk|1
|-unboost|p1b: Garchomp|atk|1
|move|p1a: Whimsicott|Encore|p2b: Incineroar
|-hint|Since gen 7, Dark is immune to Prankster moves.
|-immune|p2b: Incineroar
|move|p1b: Garchomp|Rock Slide|p2a: Kangaskhan|[spread] p2a,p2b
|-supereffective|p2b: Incineroar|1
|-damage|p2a: Kangaskhan|0 fnt
|-damage|p2b: Incineroar|67/100
|faint|p2a: Kangaskhan
|-damage|p1b: Garchomp|80/100|[from] item: Life Orb
|
|-weather|Sandstorm|[upkeep]
|-damage|p1a: Whimsicott|29/100|[from] Sandstorm
|-damage|p2b: Incineroar|61/100|[from] Sandstorm
|upkeep
|inactive|caarlos.g_7 has 30 seconds left.
|
|t:|1782201813
|switch|p2a: Whimsicott|Whimsicott, L50, F|32/100
|turn|7
|
|t:|1782201824
|move|p2b: Incineroar|Fake Out|p1b: Garchomp|[miss]
|-miss|p2b: Incineroar|p1b: Garchomp
|move|p2a: Whimsicott|Encore||[still]
|-fail|p2a: Whimsicott
|move|p1b: Garchomp|Rock Slide|p2b: Incineroar|[spread] p2a
|-miss|p1b: Garchomp|p2b: Incineroar
|-damage|p2a: Whimsicott|8/100
|-damage|p1b: Garchomp|70/100|[from] item: Life Orb
|move|p1a: Whimsicott|Moonblast|p2a: Whimsicott
|-damage|p2a: Whimsicott|0 fnt
|faint|p2a: Whimsicott
|
|-weather|none
|upkeep
|
|t:|1782201835
|switch|p2a: Gholdengo|Gholdengo, L50|61/100
|turn|8
|inactive|Screammmmm1 has 30 seconds left.
|inactive|caarlos.g_7 has 30 seconds left.
|
|t:|1782201866
|move|p1b: Garchomp|Stomping Tantrum|p2a: Gholdengo
|-supereffective|p2a: Gholdengo|1
|-damage|p2a: Gholdengo|5/100
|-damage|p1b: Garchomp|61/100|[from] item: Life Orb
|move|p1a: Whimsicott|Moonblast|p2a: Gholdengo
|-resisted|p2a: Gholdengo|1
|-damage|p2a: Gholdengo|0 fnt
|faint|p2a: Gholdengo
|move|p2b: Incineroar|Throat Chop|p1b: Garchomp
|-damage|p1b: Garchomp|28/100
|-start|p1b: Garchomp|Throat Chop|[silent]
|
|-sideend|p2: caarlos.g_7|move: Tailwind
|-sideend|p1: Screammmmm1|move: Tailwind
|upkeep
|turn|9
|
|t:|1782201881
|move|p1b: Garchomp|Stomping Tantrum|p2b: Incineroar
|-supereffective|p2b: Incineroar|1
|-damage|p2b: Incineroar|0 fnt
|faint|p2b: Incineroar
|-damage|p1b: Garchomp|18/100|[from] item: Life Orb
|
|win|Screammmmm1
||caarlos.g_7 is ready for game 2.
||Screammmmm1 is ready for game 2.
|uhtml|next|Next: Game 2 of 3
|l|☆Screammmmm1
|player|p1|
