|j|☆ashnext
|j|☆wc123456789
|html|ashnextwc123456789    
|uhtml|bestof|Game 1 of a best-of-3
|t:|1756410518
|gametype|doubles
|player|p1|ashnext|lucas|1056
|player|p2|wc123456789|1|1000
|gen|9
|tier|[Gen 9] VGC 2025 Reg H (Bo3)
|rated|
|rule|Species Clause: Limit one of each Pokémon
|rule|Item Clause: Limit 1 of each item
|clearpoke
|poke|p1|Charizard, L50, F|
|poke|p1|Torkoal, L50, M|
|poke|p1|Porygon2, L50|
|poke|p1|Incineroar, L50, M|
|poke|p1|Jumpluff, L50, F|
|poke|p1|Ursaluna, L50, M|
|poke|p2|Archaludon, L50, M|
|poke|p2|Maushold, L50|
|poke|p2|Annihilape, L50, M|
|poke|p2|Pelipper, L50, F|
|poke|p2|Incineroar, L50, F|
|poke|p2|Dragonite, L50, F|
|teampreview|4
|showteam|p1|Charizard||ChoiceScarf|SolarPower|HeatWave,WeatherBall,AirSlash,SolarBeam|||F|||50|,,,,,Fire]Torkoal||EjectPack|Drought|Eruption,Overheat,HelpingHand,Protect|||M|||50|,,,,,Fire]Porygon2||Eviolite|Download|TrickRoom,Recover,IceBeam,TeraBlast||||||50|,,,,,Fighting]Incineroar||AssaultVest|Intimidate|FakeOut,KnockOff,PartingShot,FlareBlitz|||M|||50|,,,,,Ghost]Jumpluff||CovertCloak|Chlorophyll|Tailwind,LeechSeed,RagePowder,SunnyDay|||F|||50|,,,,,Water]Ursaluna||FlameOrb|Guts|Facade,HeadlongRush,Protect,Earthquake|||M|||50|,,,,,Ghost
|showteam|p2|Archaludon||AssaultVest|Stamina|BodyPress,DragonPulse,FlashCannon,ElectroShot|||M|||50|,,,,,Grass]Maushold||WideLens|FriendGuard|FollowMe,PopulationBomb,Protect,BeatUp||||||50|,,,,,Normal]Annihilape||SafetyGoggles|Defiant|BulkUp,DrainPunch,RageFist,Protect|||M|||50|,,,,,Water]Pelipper||FocusSash|Drizzle|WeatherBall,Hurricane,Tailwind,Protect|||F|||50|,,,,,Flying]Incineroar||RockyHelmet|Blaze|Uturn,KnockOff,FireBlast,WillOWisp|||F|||50|,,,,,Ghost]Dragonite||LoadedDice|InnerFocus|ScaleShot,ExtremeSpeed,Haze,Protect|||F|||50|,,,,,Fairy
|inactive|Battle timer is ON: inactive players will automatically lose when time's up. (requested by ashnext)
|inactive|ashnext has 60 seconds left.
|
|t:|1756410567
|teamsize|p1|4
|teamsize|p2|4
|start
|switch|p1a: Jumpluff|Jumpluff, L50, F|100/100
|switch|p1b: Incineroar|Incineroar, L50, M|100/100
|switch|p2a: Maushold|Maushold, L50|100/100
|switch|p2b: Annihilape|Annihilape, L50, M|100/100
|-ability|p1b: Incineroar|Intimidate|boost
|-unboost|p2a: Maushold|atk|1
|-unboost|p2b: Annihilape|atk|1
|-ability|p2b: Annihilape|Defiant|boost
|-boost|p2b: Annihilape|atk|2
|turn|1
|inactive|wc123456789 has 30 seconds left.
|inactive|wc123456789 has 20 seconds left.
|inactive|ashnext has 30 seconds left.
|
|t:|1756410610
|-terastallize|p2b: Annihilape|Water
|move|p2a: Maushold|Population Bomb|p1a: Jumpluff
|-damage|p1a: Jumpluff|93/100
|-damage|p1a: Jumpluff|87/100
|-damage|p1a: Jumpluff|80/100
|-damage|p1a: Jumpluff|75/100
|-damage|p1a: Jumpluff|68/100
|-damage|p1a: Jumpluff|63/100
|-damage|p1a: Jumpluff|56/100
|-damage|p1a: Jumpluff|49/100
|-damage|p1a: Jumpluff|43/100
|-damage|p1a: Jumpluff|37/100
|-hitcount|p1a: Jumpluff|10
|move|p1a: Jumpluff|Tailwind|p1a: Jumpluff
|-sidestart|p1: ashnext|move: Tailwind
|move|p2b: Annihilape|Bulk Up|p2b: Annihilape
|-boost|p2b: Annihilape|atk|1
|-boost|p2b: Annihilape|def|1
|move|p1b: Incineroar|Knock Off|p2b: Annihilape
|-damage|p2b: Annihilape|81/100
|-enditem|p2b: Annihilape|Safety Goggles|[from] move: Knock Off|[of] p1b: Incineroar
|
|upkeep
|turn|2
|inactive|ashnext has 30 seconds left.
|inactive|wc123456789 has 30 seconds left.
|inactive|ashnext has 20 seconds left.
|inactive|ashnext has 15 seconds left.
|inactive|ashnext has 10 seconds left.
|inactive|ashnext has 5 seconds left.
|
|t:|1756410665
|move|p2b: Annihilape|Protect|p2b: Annihilape
|-singleturn|p2b: Annihilape|Protect
|move|p1b: Incineroar|Fake Out||[still]
|-hint|Fake Out only works on your first turn out.
|-fail|p1b: Incineroar
|move|p1a: Jumpluff|Tailwind||[still]
|-fail|p1a: Jumpluff
|move|p2a: Maushold|Population Bomb|p1a: Jumpluff
|-damage|p1a: Jumpluff|30/100
|-damage|p1a: Jumpluff|25/100
|-damage|p1a: Jumpluff|18/100
|-damage|p1a: Jumpluff|11/100
|-damage|p1a: Jumpluff|4/100
|-damage|p1a: Jumpluff|0 fnt
|faint|p1a: Jumpluff
|-hitcount|p1: Jumpluff|6
|
|upkeep
|
|t:|1756410685
|switch|p1a: Charizard|Charizard, L50, F|100/100
|turn|3
|
|t:|1756410707
|-terastallize|p1b: Incineroar|Ghost
|move|p1a: Charizard|Air Slash|p2b: Annihilape
|-damage|p2b: Annihilape|58/100
|move|p2a: Maushold|Beat Up|p2b: Annihilape
|-damage|p2b: Annihilape|57/100
|-damage|p2b: Annihilape|56/100
|-damage|p2b: Annihilape|55/100
|-damage|p2b: Annihilape|54/100
|-hitcount|p2b: Annihilape|4
|move|p2b: Annihilape|Drain Punch|p1b: Incineroar
|-immune|p1b: Incineroar
|move|p1b: Incineroar|Flare Blitz|p2a: Maushold
|-damage|p2a: Maushold|32/100
|-damage|p1b: Incineroar|84/100|[from] Recoil
|
|upkeep
|turn|4
|inactive|ashnext has 30 seconds left.
|inactive|wc123456789 has 30 seconds left.
|
|t:|1756410734
|move|p2a: Maushold|Follow Me|p2a: Maushold
|-singleturn|p2a: Maushold|move: Follow Me
|move|p1a: Charizard|Air Slash|p2a: Maushold
|-damage|p2a: Maushold|0 fnt
|faint|p2a: Maushold
|move|p2b: Annihilape|Rage Fist|p1a: Charizard
|-damage|p1a: Charizard|0 fnt
|faint|p1a: Charizard
|move|p1b: Incineroar|Knock Off|p2b: Annihilape
|-damage|p2b: Annihilape|36/100
|
|-sideend|p1: ashnext|move: Tailwind
|upkeep
|
|t:|1756410746
|switch|p2a: Pelipper|Pelipper, L50, F, shiny|100/100
|switch|p1a: Ursaluna|Ursaluna, L50, M|100/100
|-weather|RainDance|[from] ability: Drizzle|[of] p2a: Pelipper
|turn|5
|
|t:|1756410767
|move|p1a: Ursaluna|Protect|p1a: Ursaluna
|-singleturn|p1a: Ursaluna|Protect
|move|p2b: Annihilape|Rage Fist|p1b: Incineroar
|-supereffective|p1b: Incineroar
|-damage|p1b: Incineroar|0 fnt
|faint|p1b: Incineroar
|move|p2a: Pelipper|Weather Ball|p1a: Ursaluna
|-activate|p1a: Ursaluna|move: Protect
|
|-weather|RainDance|[upkeep]
|-status|p1a: Ursaluna|brn|[from] item: Flame Orb
|upkeep
|turn|6
|-message|ashnext forfeited.
|
|win|wc123456789
|l|☆ashnext
|player|p1|
||wc123456789 is ready for game 2.
||ashnext is ready for game 2.
|uhtml|next|Next: Game 2 of 3
