|j|☆ming0mang0
|j|☆Bolsa_25
|html|ming0mang0Bolsa_25    
|uhtml|bestof|Game 1 of a best-of-3
|t:|1757094148
|gametype|doubles
|player|p1|ming0mang0|harlequin|1066
|player|p2|Bolsa_25|psychicf|1094
|gen|9
|tier|[Gen 9] VGC 2025 Reg H (Bo3)
|rated|
|rule|Species Clause: Limit one of each Pokémon
|rule|Item Clause: Limit 1 of each item
|clearpoke
|poke|p1|Excadrill, L50, M|
|poke|p1|Tyranitar, L50, M|
|poke|p1|Sneasler, L50, F|
|poke|p1|Indeedee, L50, M|
|poke|p1|Corviknight, L50, F|
|poke|p1|Annihilape, L50, F|
|poke|p2|Gholdengo, L50|
|poke|p2|Magmar, L50, M|
|poke|p2|Dragonite, L50, M|
|poke|p2|Rillaboom, L50, M|
|poke|p2|Annihilape, L50, M|
|poke|p2|Sylveon, L50, F|
|teampreview|4
|showteam|p1|Excadrill||FocusSash|SandRush|IronHead,HighHorsepower,Earthquake,Protect|||M|||50|,,,,,Stellar]Tyranitar||AssaultVest|SandStream|RockSlide,KnockOff,TeraBlast,LowKick|||M|||50|,,,,,Flying]Sneasler||PsychicSeed|Unburden|DireClaw,CloseCombat,ThroatChop,Protect|||F|||50|,,,,,Dark]Indeedee||ChoiceScarf|PsychicSurge|ExpandingForce,TeraBlast,Protect,Trick|||M|||50|,,,,,Psychic]Corviknight||Leftovers|MirrorArmor|BulkUp,BraveBird,Roost,Tailwind|||F|||50|,,,,,Dragon]Annihilape||SafetyGoggles|Defiant|CloseCombat,FinalGambit,RageFist,Taunt|||F|||50|,,,,,Water
|showteam|p2|Gholdengo||LifeOrb|GoodasGold|Protect,NastyPlot,MakeItRain,ShadowBall||||||50|,,,,,Water]Magmar||Eviolite|VitalSpirit|Taunt,WillOWisp,FollowMe,BurningJealousy|||M|||50|,,,,,Ghost]Dragonite||LoadedDice|Multiscale|Protect,Haze,Tailwind,ScaleShot|||M|||50|,,,,,Fairy]Rillaboom||AssaultVest|GrassySurge|FakeOut,GrassyGlide,WoodHammer,HighHorsepower|||M|||50|,,,,,Fire]Annihilape||SafetyGoggles|Defiant|Protect,BulkUp,RageFist,DrainPunch|||M|||50|,,,,,Steel]Sylveon||ThroatSpray|Pixilate|TeraBlast,HyperVoice,Protect,BabyDollEyes|||F|||50|,,,,,Water
|inactive|Battle timer is ON: inactive players will automatically lose when time's up. (requested by Bolsa_25)
|inactive|ming0mang0 has 60 seconds left.
|inactive|Bolsa_25 has 60 seconds left.
|inactive|ming0mang0 has 30 seconds left.
|inactive|Bolsa_25 has 30 seconds left.
|inactive|ming0mang0 has 20 seconds left.
|inactive|ming0mang0 has 15 seconds left.
|inactive|Bolsa_25 has 20 seconds left.
|inactive|ming0mang0 has 10 seconds left.
|
|t:|1757094233
|teamsize|p1|4
|teamsize|p2|4
|start
|switch|p1a: Corviknight|Corviknight, L50, F, shiny|100/100
|switch|p1b: Tyranitar|Tyranitar, L50, M|100/100
|switch|p2a: Dragonite|Dragonite, L50, M|100/100
|switch|p2b: Magmar|Magmar, L50, M|100/100
|-weather|Sandstorm|[from] ability: Sand Stream|[of] p1b: Tyranitar
|turn|1
|inactive|ming0mang0 has 30 seconds left.
|inactive|Bolsa_25 has 30 seconds left.
|inactive|ming0mang0 has 20 seconds left.
|
|t:|1757094273
|move|p2a: Dragonite|Tailwind|p2a: Dragonite
|-sidestart|p2: Bolsa_25|move: Tailwind
|move|p2b: Magmar|Will-O-Wisp|p1b: Tyranitar
|-status|p1b: Tyranitar|brn
|move|p1b: Tyranitar|Rock Slide|p2a: Dragonite|[spread] p2a,p2b
|-supereffective|p2a: Dragonite
|-supereffective|p2b: Magmar
|-damage|p2a: Dragonite|85/100
|-damage|p2b: Magmar|75/100
|move|p1a: Corviknight|Tailwind|p1a: Corviknight
|-sidestart|p1: ming0mang0|move: Tailwind
|
|-weather|Sandstorm|[upkeep]
|-damage|p2a: Dragonite|78/100|[from] Sandstorm
|-damage|p2b: Magmar|70/100|[from] Sandstorm
|-damage|p1b: Tyranitar|95/100 brn|[from] brn
|upkeep
|turn|2
|inactive|ming0mang0 has 30 seconds left.
|inactive|ming0mang0 has 20 seconds left.
|inactive|ming0mang0 has 15 seconds left.
|inactive|ming0mang0 has 10 seconds left.
|inactive|ming0mang0 has 5 seconds left.
|
|t:|1757094323
|switch|p2a: Annihilape|Annihilape, L50, M|100/100
|switch|p1a: Annihilape|Annihilape, L50, F|100/100
|move|p2b: Magmar|Will-O-Wisp|p1a: Annihilape
|-status|p1a: Annihilape|brn
|move|p1b: Tyranitar|Knock Off|p2a: Annihilape
|-damage|p2a: Annihilape|72/100
|-enditem|p2a: Annihilape|Safety Goggles|[from] move: Knock Off|[of] p1b: Tyranitar
|
|-weather|Sandstorm|[upkeep]
|-damage|p2a: Annihilape|66/100|[from] Sandstorm
|-damage|p2b: Magmar|64/100|[from] Sandstorm
|-damage|p1a: Annihilape|94/100 brn|[from] brn
|-damage|p1b: Tyranitar|89/100 brn|[from] brn
|upkeep
|turn|3
|inactive|ming0mang0 has 30 seconds left.
|inactive|ming0mang0 has 20 seconds left.
|inactive|ming0mang0 has 15 seconds left.
|inactive|ming0mang0 has 10 seconds left.
|
|t:|1757094368
|switch|p1b: Corviknight|Corviknight, L50, F, shiny|100/100
|-terastallize|p1a: Annihilape|Water
|-terastallize|p2b: Magmar|Ghost
|move|p2b: Magmar|Follow Me|p2b: Magmar
|-singleturn|p2b: Magmar|move: Follow Me
|move|p1a: Annihilape|Taunt|p2b: Magmar
|-start|p2b: Magmar|move: Taunt
|move|p2a: Annihilape|Bulk Up|p2a: Annihilape
|-boost|p2a: Annihilape|atk|1
|-boost|p2a: Annihilape|def|1
|
|-weather|Sandstorm|[upkeep]
|-damage|p2a: Annihilape|60/100|[from] Sandstorm
|-damage|p2b: Magmar|58/100|[from] Sandstorm
|-damage|p1a: Annihilape|88/100 brn|[from] brn
|upkeep
|turn|4
|inactive|ming0mang0 has 30 seconds left.
|inactive|ming0mang0 has 20 seconds left.
|inactive|ming0mang0 has 15 seconds left.
|inactive|ming0mang0 has 10 seconds left.
|
|t:|1757094413
|move|p1a: Annihilape|Final Gambit|p2b: Magmar
|-immune|p2b: Magmar
|move|p2a: Annihilape|Rage Fist|p1a: Annihilape
|-damage|p1a: Annihilape|15/100 brn
|move|p2b: Magmar|Burning Jealousy|p1b: Corviknight|[spread] p1a,p1b
|-resisted|p1a: Annihilape
|-supereffective|p1b: Corviknight
|-damage|p1a: Annihilape|7/100 brn
|-damage|p1b: Corviknight|62/100
|move|p1b: Corviknight|Bulk Up|p1b: Corviknight
|-boost|p1b: Corviknight|atk|1
|-boost|p1b: Corviknight|def|1
|
|-weather|Sandstorm|[upkeep]
|-damage|p2a: Annihilape|54/100|[from] Sandstorm
|-damage|p2b: Magmar|52/100|[from] Sandstorm
|-heal|p1b: Corviknight|68/100|[from] item: Leftovers
|-damage|p1a: Annihilape|1/100 brn|[from] brn
|-sideend|p2: Bolsa_25|move: Tailwind
|-sideend|p1: ming0mang0|move: Tailwind
|upkeep
|turn|5
|inactive|ming0mang0 has 30 seconds left.
|inactive|ming0mang0 has 20 seconds left.
|inactive|ming0mang0 has 15 seconds left.
|
|t:|1757094458
|switch|p1b: Tyranitar|Tyranitar, L50, M|89/100 brn
|move|p2a: Annihilape|Protect|p2a: Annihilape
|-singleturn|p2a: Annihilape|Protect
|move|p1a: Annihilape|Rage Fist|p2a: Annihilape
|-activate|p2a: Annihilape|move: Protect
|move|p2b: Magmar|Burning Jealousy|p1b: Tyranitar|[spread] p1a,p1b
|-resisted|p1a: Annihilape
|-resisted|p1b: Tyranitar
|-damage|p1a: Annihilape|0 fnt
|-damage|p1b: Tyranitar|85/100 brn
|faint|p1a: Annihilape
|
|-weather|none
|-damage|p1b: Tyranitar|79/100 brn|[from] brn
|upkeep
|
|t:|1757094473
|switch|p1a: Excadrill|Excadrill, L50, M|100/100
|turn|6
|
|t:|1757094497
|move|p1a: Excadrill|High Horsepower|p2b: Magmar|[miss]
|-miss|p1a: Excadrill|p2b: Magmar
|move|p2a: Annihilape|Drain Punch|p1b: Tyranitar
|-supereffective|p1b: Tyranitar
|-damage|p1b: Tyranitar|0 fnt
|-heal|p2a: Annihilape|91/100|[from] drain|[of] p1b: Tyranitar
|faint|p1b: Tyranitar
|move|p2b: Magmar|Burning Jealousy|p1a: Excadrill
|-supereffective|p1a: Excadrill
|-damage|p1a: Excadrill|38/100
|
|-end|p2b: Magmar|move: Taunt
|upkeep
|inactive|ming0mang0 has 30 seconds left.
|-message|ming0mang0 forfeited.
|
|win|Bolsa_25
|l|☆ming0mang0
|player|p1|
||Bolsa_25 is ready for game 2.
||ming0mang0 is ready for game 2.
|uhtml|next|Next: Game 2 of 3
|j|☆ming0mang0
|player|p1|ming0mang0|harlequin|
