|j|☆Gallantshowdown
|j|☆ar1stoteles vgc
|html|Gallantshowdownar1stoteles vgc    
|uhtml|bestof|Game 2 of a best-of-3
|t:|1756405562
|gametype|doubles
|player|p1|Gallantshowdown|n|1032
|player|p2|ar1stoteles vgc|wallace|1130
|gen|9
|tier|[Gen 9] VGC 2025 Reg H (Bo3)
|rated|
|rule|Species Clause: Limit one of each Pokémon
|rule|Item Clause: Limit 1 of each item
|clearpoke
|poke|p1|Kingambit, L50, M|
|poke|p1|Sneasler, L50, F|
|poke|p1|Magmar, L50, M|
|poke|p1|Rillaboom, L50, M|
|poke|p1|Primarina, L50, F|
|poke|p1|Salamence, L50, M|
|poke|p2|Indeedee-F, L50, F|
|poke|p2|Hatterene, L50, F|
|poke|p2|Gallade, L50, M|
|poke|p2|Ursaluna, L50, M|
|poke|p2|Lilligant-Hisui, L50, F|
|poke|p2|Torkoal, L50, M|
|teampreview|4
|showteam|p1|Kingambit||BlackGlasses|Defiant|Protect,SuckerPunch,SwordsDance,KowtowCleave|||M|||50|,,,,,Ghost]Sneasler||FocusSash|Unburden|Protect,FakeOut,DireClaw,CloseCombat|||F|||50|,,,,,Stellar]Magmar||Eviolite|VitalSpirit|Protect,Overheat,FollowMe,WillOWisp|||M|||50|,,,,,Ghost]Rillaboom||AssaultVest|GrassySurge|FakeOut,GrassyGlide,WoodHammer,HighHorsepower|||M|||50|,,,,,Fire]Primarina||SitrusBerry|LiquidVoice|Haze,Protect,Moonblast,HyperVoice|||F|||50|,,,,,Poison]Salamence||CovertCloak|Intimidate|Protect,Tailwind,DracoMeteor,DualWingbeat|||M|||50|,,,,,Steel
|showteam|p2|Indeedee-F||PsychicSeed|PsychicSurge|TrickRoom,FollowMe,HelpingHand,DazzlingGleam|||F|||50|,,,,,Fire]Hatterene||LifeOrb|MagicBounce|ExpandingForce,TrickRoom,DazzlingGleam,Protect|||F|||50|,,,,,Psychic]Gallade||ClearAmulet|Sharpness|PsychoCut,TrickRoom,SacredSword,WideGuard|||M|||50|,,,,,Grass]Ursaluna||FlameOrb|Guts|HeadlongRush,Facade,SwordsDance,Protect|||M|||50|,,,,,Ghost]Lilligant-Hisui||FocusSash|Chlorophyll|SolarBlade,SleepPowder,CloseCombat,AfterYou|||F|||50|,,,,,Ghost]Torkoal||ChoiceSpecs|Drought|Eruption,HeatWave,WeatherBall,EarthPower|||M|||50|,,,,,Fire
|inactive|Battle timer is ON: inactive players will automatically lose when time's up. (requested by Gallantshowdown)
|inactive|ar1stoteles vgc also wants the timer to be on.
|inactive|Gallantshowdown has 60 seconds left.
|
|t:|1756405601
|teamsize|p1|4
|teamsize|p2|4
|start
|switch|p1a: Magmar|Magmar, L50, M|100/100
|switch|p1b: Kingambit|Kingambit, L50, M, shiny|100/100
|switch|p2a: 紫竽好可愛|Lilligant-Hisui, L50, F, shiny|100/100
|switch|p2b: 太樂巴戈斯|Torkoal, L50, M, shiny|100/100
|-weather|SunnyDay|[from] ability: Drought|[of] p2b: 太樂巴戈斯
|turn|1
|inactive|Gallantshowdown has 30 seconds left.
|
|t:|1756405628
|-terastallize|p2b: 太樂巴戈斯|Fire
|move|p1b: Kingambit|Protect|p1b: Kingambit
|-singleturn|p1b: Kingambit|Protect
|move|p2a: 紫竽好可愛|After You|p2b: 太樂巴戈斯
|-activate|p2b: 太樂巴戈斯|move: After You
|move|p2b: 太樂巴戈斯|Heat Wave|p1a: Magmar|[spread] p1a
|-activate|p1b: Kingambit|move: Protect
|-resisted|p1a: Magmar
|-damage|p1a: Magmar|62/100
|move|p1a: Magmar|Overheat|p2b: 太樂巴戈斯
|-resisted|p2b: 太樂巴戈斯
|-damage|p2b: 太樂巴戈斯|51/100
|-unboost|p1a: Magmar|spa|2
|
|-weather|SunnyDay|[upkeep]
|upkeep
|turn|2
|inactive|Gallantshowdown has 30 seconds left.
|inactive|Gallantshowdown has 20 seconds left.
|inactive|Gallantshowdown has 15 seconds left.
|inactive|Gallantshowdown has 10 seconds left.
|
|t:|1756405676
|switch|p2b: 紫竽超可愛|Indeedee-F, L50, F, shiny|100/100
|-fieldstart|move: Psychic Terrain|[from] ability: Psychic Surge|[of] p2b: 紫竽超可愛
|-enditem|p2b: 紫竽超可愛|Psychic Seed
|-boost|p2b: 紫竽超可愛|spd|1|[from] item: Psychic Seed
|-terastallize|p1b: Kingambit|Ghost
|move|p1a: Magmar|Follow Me|p1a: Magmar
|-singleturn|p1a: Magmar|move: Follow Me
|move|p2a: 紫竽好可愛|Sleep Powder|p1a: Magmar|[miss]
|-miss|p2a: 紫竽好可愛|p1a: Magmar
|move|p1b: Kingambit|Kowtow Cleave|p2b: 紫竽超可愛
|-supereffective|p2b: 紫竽超可愛
|-damage|p2b: 紫竽超可愛|0 fnt
|faint|p2b: 紫竽超可愛
|
|-weather|SunnyDay|[upkeep]
|upkeep
|
|t:|1756405691
|switch|p2b: 太樂巴戈斯|Torkoal, L50, M, shiny, tera:Fire|51/100
|turn|3
|
|t:|1756405704
|move|p1a: Magmar|Follow Me|p1a: Magmar
|-singleturn|p1a: Magmar|move: Follow Me
|move|p2a: 紫竽好可愛|After You||[still]
|-fail|p2a: 紫竽好可愛
|move|p1b: Kingambit|Kowtow Cleave|p2b: 太樂巴戈斯
|-damage|p2b: 太樂巴戈斯|8/100
|move|p2b: 太樂巴戈斯|Earth Power|p1a: Magmar
|-supereffective|p1a: Magmar
|-damage|p1a: Magmar|0 fnt
|faint|p1a: Magmar
|
|-weather|SunnyDay|[upkeep]
|upkeep
|
|t:|1756405716
|switch|p1a: Rillaboom|Rillaboom, L50, M|100/100
|-fieldstart|move: Grassy Terrain|[from] ability: Grassy Surge|[of] p1a: Rillaboom
|turn|4
|
|t:|1756405728
|switch|p2b: 一拳月月熊|Ursaluna, L50, M, shiny|100/100
|move|p1a: Rillaboom|Fake Out|p2a: 紫竽好可愛
|-damage|p2a: 紫竽好可愛|79/100
|cant|p2a: 紫竽好可愛|flinch
|move|p1b: Kingambit|Kowtow Cleave|p2b: 一拳月月熊
|-damage|p2b: 一拳月月熊|59/100
|
|-weather|SunnyDay|[upkeep]
|-heal|p2a: 紫竽好可愛|85/100|[from] Grassy Terrain
|-heal|p2b: 一拳月月熊|65/100|[from] Grassy Terrain
|-status|p2b: 一拳月月熊|brn|[from] item: Flame Orb
|upkeep
|turn|5
|inactive|Gallantshowdown has 30 seconds left.
|
|t:|1756405755
|switch|p1a: Salamence|Salamence, L50, M|100/100
|-ability|p1a: Salamence|Intimidate|boost
|-unboost|p2a: 紫竽好可愛|atk|1
|-unboost|p2b: 一拳月月熊|atk|1
|move|p1b: Kingambit|Protect|p1b: Kingambit
|-singleturn|p1b: Kingambit|Protect
|move|p2a: 紫竽好可愛|After You|p2b: 一拳月月熊
|-activate|p2b: 一拳月月熊|move: After You
|move|p2b: 一拳月月熊|Facade|p1a: Salamence
|-damage|p1a: Salamence|0 fnt
|faint|p1a: Salamence
|
|-weather|none
|-heal|p2a: 紫竽好可愛|92/100|[from] Grassy Terrain
|-heal|p2b: 一拳月月熊|71/100 brn|[from] Grassy Terrain
|-damage|p2b: 一拳月月熊|65/100 brn|[from] brn
|upkeep
|
|t:|1756405764
|switch|p1a: Rillaboom|Rillaboom, L50, M|100/100
|turn|6
|
|t:|1756405778
|switch|p2a: 太樂巴戈斯|Torkoal, L50, M, shiny, tera:Fire|8/100
|-weather|SunnyDay|[from] ability: Drought|[of] p2a: 太樂巴戈斯
|move|p2b: 一拳月月熊|Protect|p2b: 一拳月月熊
|-singleturn|p2b: 一拳月月熊|Protect
|move|p1a: Rillaboom|Fake Out|p2a: 太樂巴戈斯
|-damage|p2a: 太樂巴戈斯|0 fnt
|faint|p2a: 太樂巴戈斯
|move|p1b: Kingambit|Kowtow Cleave|p2b: 一拳月月熊
|-activate|p2b: 一拳月月熊|move: Protect
|
|-weather|SunnyDay|[upkeep]
|-heal|p2b: 一拳月月熊|71/100 brn|[from] Grassy Terrain
|-damage|p2b: 一拳月月熊|65/100 brn|[from] brn
|upkeep
|
|t:|1756405792
|switch|p2a: 紫竽好可愛|Lilligant-Hisui, L50, F, shiny|92/100
|turn|7
|inactive|ar1stoteles vgc has 30 seconds left.
|
|t:|1756405822
|move|p1b: Kingambit|Protect|p1b: Kingambit
|-singleturn|p1b: Kingambit|Protect
|move|p2a: 紫竽好可愛|Sleep Powder|p1b: Kingambit
|-activate|p1b: Kingambit|move: Protect
|move|p1a: Rillaboom|Wood Hammer|p2b: 一拳月月熊
|-supereffective|p2b: 一拳月月熊
|-damage|p2b: 一拳月月熊|0 fnt
|faint|p2b: 一拳月月熊
|-damage|p1a: Rillaboom|75/100|[from] Recoil
|
|-weather|SunnyDay|[upkeep]
|-heal|p2a: 紫竽好可愛|98/100|[from] Grassy Terrain
|-heal|p1a: Rillaboom|81/100|[from] Grassy Terrain
|upkeep
|turn|8
|
|t:|1756405835
|move|p1b: Kingambit|Sucker Punch||[still]
|-fail|p1b: Kingambit
|move|p2a: 紫竽好可愛|Sleep Powder|p1b: Kingambit|[miss]
|-miss|p2a: 紫竽好可愛|p1b: Kingambit
|move|p1a: Rillaboom|Wood Hammer|p2a: 紫竽好可愛
|-resisted|p2a: 紫竽好可愛
|-damage|p2a: 紫竽好可愛|29/100
|-damage|p1a: Rillaboom|64/100|[from] Recoil
|
|-weather|SunnyDay|[upkeep]
|-heal|p2a: 紫竽好可愛|35/100|[from] Grassy Terrain
|-heal|p1a: Rillaboom|71/100|[from] Grassy Terrain
|-fieldend|move: Grassy Terrain
|upkeep
|turn|9
|-message|ar1stoteles vgc forfeited.
|
|win|Gallantshowdown
||Gallantshowdown is ready for game 3.
||ar1stoteles vgc is ready for game 3.
|uhtml|next|Next: Game 3 of 3
