|j|☆bcam1
|j|☆hutchencemanr
|html|bcam1hutchencemanr    
|uhtml|bestof|Game 1 of a best-of-3
|t:|1783358551
|gametype|doubles
|player|p1|bcam1|266|1099
|player|p2|hutchencemanr|265|1000
|gen|9
|tier|[Gen 9 Champions] VGC 2026 Reg M-B (Bo3)
|rated|
|rule|Species Clause: Limit one of each Pokémon
|rule|Item Clause: Limit 1 of each item
|clearpoke
|poke|p1|Staraptor, L50, F|
|poke|p1|Grimmsnarl, L50, M|
|poke|p1|Whimsicott, L50, M|
|poke|p1|Incineroar, L50, M|
|poke|p1|Pelipper, L50, M|
|poke|p1|Archaludon, L50, F|
|poke|p2|Scrafty, L50, M, shiny|
|poke|p2|Gholdengo, L50|
|poke|p2|Toxapex, L50, F|
|poke|p2|Charizard, L50, M, shiny|
|poke|p2|Venusaur, L50, F|
|poke|p2|Garchomp, L50, F, shiny|
|teampreview|4
|showteam|p1|Staraptor||Staraptite|Intimidate|Protect,CloseCombat,DualWingbeat,Roost|Adamant||F|||50|]Grimmsnarl||LightClay|Prankster|FakeOut,PartingShot,SpiritBreak,Reflect|Careful||M|||50|]Whimsicott||FocusSash|Prankster|Charm,Tailwind,Moonblast,Taunt|Bold||M|||50|]Incineroar||SitrusBerry|Intimidate|FakeOut,PartingShot,WillOWisp,FlareBlitz|Careful||M|||50|]Pelipper||MentalHerb|Drizzle|Protect,Tailwind,WideGuard,Hurricane|Bold||M|||50|]Archaludon||ChoiceScarf|Stalwart|ElectroShot,FlashCannon,DracoMeteor,Snarl|Timid||F|||50|
|showteam|p2|Scrafty||Scraftinite|Intimidate|FakeOut,Detect,DrainPunch,KnockOff|Careful||M|||50|]Gholdengo||MetalCoat|GoodasGold|Protect,ShadowBall,NastyPlot,MakeItRain|Modest|||||50|]Toxapex||Leftovers|Regenerator|WideGuard,Infestation,Toxic,BanefulBunker|Sassy||F|||50|]Charizard||CharizarditeY|Blaze|HeatWave,AncientPower,Protect,SolarBeam|Modest||M|||50|]Venusaur||WideLens|Chlorophyll|Protect,SleepPowder,GigaDrain,HelpingHand|Timid||F|||50|]Garchomp||SitrusBerry|RoughSkin|SwordsDance,Protect,DragonClaw,Earthquake|Adamant||F|||50|
|inactive|Battle timer is ON: inactive players will automatically lose when time's up. (requested by bcam1)
|
|t:|1783358582
|teamsize|p1|4
|teamsize|p2|4
|start
|switch|p1a: Incineroar|Incineroar, L50, M|100/100
|switch|p1b: Grimmsnarl|Grimmsnarl, L50, M|100/100
|switch|p2a: Scrafty|Scrafty, L50, M, shiny|100/100
|switch|p2b: Gholdengo|Gholdengo, L50|100/100
|-ability|p2a: Scrafty|Intimidate|boost
|-unboost|p1a: Incineroar|atk|1
|-unboost|p1b: Grimmsnarl|atk|1
|-ability|p1a: Incineroar|Intimidate|boost
|-unboost|p2a: Scrafty|atk|1
|-unboost|p2b: Gholdengo|atk|1
|turn|1
|inactive|hutchencemanr has 30 seconds left.
|
|t:|1783358608
|detailschange|p2a: Scrafty|Scrafty-Mega, L50, M, shiny
|-mega|p2a: Scrafty|Scrafty|Scraftinite
|-ability|p2a: Scrafty|Intimidate|boost
|-unboost|p1a: Incineroar|atk|1
|-unboost|p1b: Grimmsnarl|atk|1
|move|p2a: Scrafty|Fake Out|p1a: Incineroar
|-damage|p1a: Incineroar|92/100
|move|p1b: Grimmsnarl|Parting Shot|p2b: Gholdengo
|-immune|p2b: Gholdengo|[from] ability: Good as Gold
|move|p2b: Gholdengo|Nasty Plot|p2b: Gholdengo
|-boost|p2b: Gholdengo|spa|2
|cant|p1a: Incineroar|flinch
|
|upkeep
|turn|2
|
|t:|1783358632
|move|p2b: Gholdengo|Make It Rain|p1a: Incineroar|[spread] p1a,p1b
|-resisted|p1a: Incineroar|1
|-supereffective|p1b: Grimmsnarl|1
|-damage|p1a: Incineroar|57/100
|-damage|p1b: Grimmsnarl|0 fnt
|-unboost|p2b: Gholdengo|spa|2
|faint|p1b: Grimmsnarl
|move|p2a: Scrafty|Drain Punch|p1a: Incineroar
|-supereffective|p1a: Incineroar|1
|-damage|p1a: Incineroar|16/100
|-enditem|p1a: Incineroar|Sitrus Berry|[eat]
|-heal|p1a: Incineroar|41/100|[from] item: Sitrus Berry
|move|p1a: Incineroar|Flare Blitz|p2b: Gholdengo
|-supereffective|p2b: Gholdengo|1
|-damage|p2b: Gholdengo|59/100
|-damage|p1a: Incineroar|28/100|[from] Recoil
|
|upkeep
|
|t:|1783358638
|switch|p1b: Whimsicott|Whimsicott, L50, M|100/100
|turn|3
|
|t:|1783358658
|switch|p2a: Toxapex|Toxapex, L50, F|100/100
|move|p1b: Whimsicott|Moonblast|p2a: Toxapex
|-resisted|p2a: Toxapex|1
|-damage|p2a: Toxapex|91/100
|move|p2b: Gholdengo|Make It Rain|p1a: Incineroar|[spread] p1a,p1b
|-resisted|p1a: Incineroar|1
|-supereffective|p1b: Whimsicott|1
|-damage|p1a: Incineroar|9/100
|-enditem|p1b: Whimsicott|Focus Sash
|-damage|p1b: Whimsicott|1/100
|-unboost|p2b: Gholdengo|spa|2
|move|p1a: Incineroar|Flare Blitz|p2b: Gholdengo
|-supereffective|p2b: Gholdengo|1
|-damage|p2b: Gholdengo|18/100
|-damage|p1a: Incineroar|0 fnt|[from] Recoil
|faint|p1a: Incineroar
|
|-heal|p2a: Toxapex|96/100|[from] item: Leftovers
|upkeep
|
|t:|1783358663
|switch|p1a: Staraptor|Staraptor, L50, F|100/100
|-ability|p1a: Staraptor|Intimidate|boost
|-unboost|p2a: Toxapex|atk|1
|-unboost|p2b: Gholdengo|atk|1
|turn|4
|inactive|hutchencemanr has 30 seconds left.
|
|t:|1783358690
|switch|p2b: Scrafty|Scrafty-Mega, L50, M, shiny|100/100
|-ability|p2b: Scrafty|Intimidate|boost
|-unboost|p1a: Staraptor|atk|1
|-unboost|p1b: Whimsicott|atk|1
|detailschange|p1a: Staraptor|Staraptor-Mega, L50, F
|-mega|p1a: Staraptor|Staraptor|Staraptite
|move|p1b: Whimsicott|Charm|p1a: Staraptor
|-boost|p1a: Staraptor|atk|2
|move|p1a: Staraptor|Dual Wingbeat|p2a: Toxapex
|-damage|p2a: Toxapex|69/100
|-damage|p2a: Toxapex|42/100
|-hitcount|p2a: Toxapex|2
|move|p2a: Toxapex|Infestation|p1b: Whimsicott
|-damage|p1b: Whimsicott|0 fnt
|faint|p1b: Whimsicott
|
|-heal|p2a: Toxapex|48/100|[from] item: Leftovers
|upkeep
|turn|5
|
|t:|1783358714
|-heal|p2a: Toxapex|81/100|[from] ability: Regenerator|[silent]
|switch|p2a: Gholdengo|Gholdengo, L50|18/100
|move|p1a: Staraptor|Protect|p1a: Staraptor
|-singleturn|p1a: Staraptor|Protect
|move|p2b: Scrafty|Fake Out|p1a: Staraptor
|-activate|p1a: Staraptor|move: Protect
|
|upkeep
|turn|6
|
|t:|1783358736
|move|p1a: Staraptor|Close Combat|p2b: Scrafty
|-supereffective|p2b: Scrafty|1
|-damage|p2b: Scrafty|0 fnt
|-boost|p1a: Staraptor|def|1
|-boost|p1a: Staraptor|spd|1
|faint|p2b: Scrafty
|move|p2a: Gholdengo|Make It Rain|p1a: Staraptor
|-damage|p1a: Staraptor|56/100
|-unboost|p2a: Gholdengo|spa|2
|
|upkeep
|
|t:|1783358747
|switch|p2b: Toxapex|Toxapex, L50, F|81/100
|turn|7
|
|t:|1783358753
|switch|p2a: Garchomp|Garchomp, L50, F, shiny|100/100
|move|p1a: Staraptor|Dual Wingbeat|p2a: Garchomp
|-crit|p2a: Garchomp
|-damage|p2a: Garchomp|50/100g
|-damage|p1a: Staraptor|43/100|[from] ability: Rough Skin|[of] p2a: Garchomp
|-damage|p2a: Garchomp|19/100
|-damage|p1a: Staraptor|31/100|[from] ability: Rough Skin|[of] p2a: Garchomp
|-enditem|p2a: Garchomp|Sitrus Berry|[eat]
|-heal|p2a: Garchomp|44/100|[from] item: Sitrus Berry
|-hitcount|p2a: Garchomp|2
|move|p2b: Toxapex|Toxic|p1a: Staraptor
|-status|p1a: Staraptor|tox
|
|-heal|p2b: Toxapex|87/100|[from] item: Leftovers
|-damage|p1a: Staraptor|26/100 tox|[from] psn
|upkeep
|turn|8
|
|t:|1783358775
|move|p2a: Garchomp|Protect|p2a: Garchomp
|-singleturn|p2a: Garchomp|Protect
|move|p2b: Toxapex|Baneful Bunker|p2b: Toxapex
|-singleturn|p2b: Toxapex|move: Protect
|move|p1a: Staraptor|Close Combat|p2a: Garchomp
|-activate|p2a: Garchomp|move: Protect
|
|-heal|p2b: Toxapex|92/100|[from] item: Leftovers
|-damage|p1a: Staraptor|14/100 tox|[from] psn
|upkeep
|turn|9
|
|t:|1783358790
|switch|p2a: Gholdengo|Gholdengo, L50|18/100
|move|p1a: Staraptor|Close Combat|p2b: Toxapex
|-resisted|p2b: Toxapex|1
|-damage|p2b: Toxapex|51/100
|-boost|p1a: Staraptor|def|1
|-boost|p1a: Staraptor|spd|1
|move|p2b: Toxapex|Infestation|p1a: Staraptor
|-resisted|p1a: Staraptor|2
|-damage|p1a: Staraptor|14/100 tox
|-activate|p1a: Staraptor|move: Infestation|[of] p2b: Toxapex
|
|-heal|p2b: Toxapex|57/100|[from] item: Leftovers
|-damage|p1a: Staraptor|0 fnt|[from] psn
|faint|p1a: Staraptor
|
|win|hutchencemanr
||bcam1 is ready for game 2.
|inactive|hutchencemanr has 30 seconds to confirm battle start!
||hutchencemanr is ready for game 2.
|uhtml|next|Next: Game 2 of 3
