|j|☆xxx520
|j|☆gmars69
|html|xxx520gmars69    
|uhtml|bestof|Game 2 of a best-of-3
|t:|1783688561
|gametype|doubles
|player|p1|xxx520|102|1035
|player|p2|gmars69|102|1022
|gen|9
|tier|[Gen 9 Champions] VGC 2026 Reg M-B (Bo3)
|rated|
|rule|Species Clause: Limit one of each Pokémon
|rule|Item Clause: Limit 1 of each item
|clearpoke
|poke|p1|Grimmsnarl, L50, M|
|poke|p1|Archaludon, L50, F|
|poke|p1|Sinistcha, L50|
|poke|p1|Floette-Eternal, L50, F|
|poke|p1|Torkoal, L50, F|
|poke|p1|Venusaur, L50, M|
|poke|p2|Swampert, L50, M|
|poke|p2|Pelipper, L50, F|
|poke|p2|Basculegion, L50, M|
|poke|p2|Archaludon, L50, F|
|poke|p2|Sableye, L50, M|
|poke|p2|Maushold-Four, L50|
|teampreview|4
|showteam|p1|Grimmsnarl||LightClay|Prankster|LightScreen,Taunt,Reflect,PartingShot|Impish||M|||50|]Archaludon||ChoiceScarf|Stamina|DracoMeteor,FlashCannon,ElectroShot,DarkPulse|Modest||F|||50|]Sinistcha||ColburBerry|Hospitality|MatchaGotcha,LifeDew,CalmMind,Protect|Modest|||||50|]Floette-Eternal||Floettite|FlowerVeil|DrainingKiss,Moonblast,CalmMind,Protect|Timid||F|||50|]Torkoal||Charcoal|Drought|EarthPower,Protect,Eruption,HeatWave|Quiet||F|||50|]Venusaur||Venusaurite|Chlorophyll|SludgeBomb,LeechSeed,SleepPowder,Protect|Bold||M|||50|
|showteam|p2|Swampert||Swampertite|Torrent|Protect,WaveCrash,Earthquake,IcePunch|Adamant||M|||50|]Pelipper||SitrusBerry|Drizzle|WideGuard,Tailwind,WeatherBall,Hurricane|Modest||F|||50|]Basculegion||ChoiceScarf|Adaptability|WaveCrash,LastRespects,FlipTurn,PsychicFangs|Jolly||M|||50|]Archaludon||Leftovers|Stamina|Protect,ElectroShot,DragonPulse,FlashCannon|Timid||F|||50|]Sableye|||Prankster|RainDance,Reflect,LightScreen,Encore|Bold||M|||50|]Maushold-Four||BrightPowder|FriendGuard|Protect,FollowMe,HelpingHand,SuperFang|Timid|||||50|
|inactive|Battle timer is ON: inactive players will automatically lose when time's up. (requested by gmars69)
|inactive|gmars69 has 60 seconds left.
|
|t:|1783688610
|teamsize|p1|4
|teamsize|p2|4
|start
|switch|p1a: Grimmsnarl|Grimmsnarl, L50, M|100/100
|switch|p1b: Floette|Floette-Eternal, L50, F|100/100
|switch|p2a: Sableye|Sableye, L50, M|100/100
|switch|p2b: Archaludon|Archaludon, L50, F|100/100
|turn|1
|
|t:|1783688632
|switch|p1b: Archaludon|Archaludon, L50, F|100/100
|move|p1a: Grimmsnarl|Light Screen|p1a: Grimmsnarl
|-sidestart|p1: xxx520|move: Light Screen
|move|p2a: Sableye|Light Screen|p2a: Sableye
|-sidestart|p2: gmars69|move: Light Screen
|move|p2b: Archaludon|Flash Cannon|p1b: Archaludon
|-resisted|p1b: Archaludon|1
|-damage|p1b: Archaludon|84/100
|-ability|p1b: Archaludon|Stamina|boost
|-boost|p1b: Archaludon|def|1
|
|upkeep
|turn|2
|
|t:|1783688655
|move|p1a: Grimmsnarl|Parting Shot|p2b: Archaludon
|-unboost|p2b: Archaludon|atk|1
|-unboost|p2b: Archaludon|spa|1
|
|t:|1783688660
|switch|p1a: Sinistcha|Sinistcha, L50|100/100|[from] Parting Shot
|-heal|p1b: Archaludon|100/100|[from] ability: Hospitality|[of] p1a: Sinistcha
|move|p2a: Sableye|Rain Dance|p2a: Sableye
|-weather|RainDance
|move|p1b: Archaludon|Draco Meteor|p2a: Sableye|[miss]
|-miss|p1b: Archaludon|p2a: Sableye
|move|p2b: Archaludon|Electro Shot||[still]
|-prepare|p2b: Archaludon|Electro Shot
|-boost|p2b: Archaludon|spa|1
|-anim|p2b: Archaludon|Electro Shot|p1a: Sinistcha
|-resisted|p1a: Sinistcha|1
|-damage|p1a: Sinistcha|86/100
|
|-weather|RainDance|[upkeep]
|upkeep
|turn|3
|inactive|gmars69 has 30 seconds left.
|inactive|gmars69 has 20 seconds left.
|inactive|gmars69 has 15 seconds left.
|
|t:|1783688703
|switch|p2a: Pelipper|Pelipper, L50, F|100/100
|move|p1b: Archaludon|Draco Meteor|p2a: Pelipper
|-damage|p2a: Pelipper|32/100
|-unboost|p1b: Archaludon|spa|2
|-enditem|p2a: Pelipper|Sitrus Berry|[eat]
|-heal|p2a: Pelipper|56/100|[from] item: Sitrus Berry
|move|p2b: Archaludon|Electro Shot||[still]
|-prepare|p2b: Archaludon|Electro Shot
|-boost|p2b: Archaludon|spa|1
|-anim|p2b: Archaludon|Electro Shot|p1a: Sinistcha
|-resisted|p1a: Sinistcha|1
|-damage|p1a: Sinistcha|68/100
|move|p1a: Sinistcha|Matcha Gotcha|p2a: Pelipper|[spread] p2a,p2b
|-resisted|p2b: Archaludon|2
|-damage|p2a: Pelipper|31/100
|-heal|p1a: Sinistcha|80/100|[from] drain|[of] p2a: Pelipper
|-damage|p2b: Archaludon|93/100
|-heal|p1a: Sinistcha|84/100|[from] drain|[of] p2b: Archaludon
|-ability|p2b: Archaludon|Stamina|boost
|-boost|p2b: Archaludon|def|1
|
|-weather|RainDance|[upkeep]
|-heal|p2b: Archaludon|100/100|[from] item: Leftovers
|upkeep
|turn|4
|inactive|xxx520 has 30 seconds left.
|
|t:|1783688737
|switch|p1b: Grimmsnarl|Grimmsnarl, L50, M|100/100
|move|p2b: Archaludon|Protect|p2b: Archaludon
|-singleturn|p2b: Archaludon|Protect
|move|p1a: Sinistcha|Matcha Gotcha|p2a: Pelipper|[spread] 
|-activate|p2b: Archaludon|move: Protect
|-miss|p1a: Sinistcha|p2a: Pelipper
|move|p2a: Pelipper|Tailwind|p2a: Pelipper
|-sidestart|p2: gmars69|move: Tailwind
|
|-weather|RainDance|[upkeep]
|upkeep
|turn|5
|n|!gmars69|gmars69
|inactive|gmars69 has 30 seconds left.
|
|t:|1783688763
|move|p1b: Grimmsnarl|Parting Shot|p2b: Archaludon
|-unboost|p2b: Archaludon|atk|1
|-unboost|p2b: Archaludon|spa|1
|
|t:|1783688767
|switch|p1b: Archaludon|Archaludon, L50, F|100/100|[from] Parting Shot
|move|p2b: Archaludon|Flash Cannon|p1b: Archaludon
|-resisted|p1b: Archaludon|1
|-damage|p1b: Archaludon|84/100
|-ability|p1b: Archaludon|Stamina|boost
|-boost|p1b: Archaludon|def|1
|move|p2a: Pelipper|Hurricane|p1a: Sinistcha
|-supereffective|p1a: Sinistcha|1
|-damage|p1a: Sinistcha|25/100
|-start|p1a: Sinistcha|confusion
|-activate|p1a: Sinistcha|confusion
|-damage|p1a: Sinistcha|20/100y|[from] confusion
|
|-weather|RainDance|[upkeep]
|-sideend|p2: gmars69|move: Light Screen
|upkeep
|turn|6
|
|t:|1783688790
|move|p2b: Archaludon|Dragon Pulse|p1b: Archaludon
|-damage|p1b: Archaludon|49/100
|-ability|p1b: Archaludon|Stamina|boost
|-boost|p1b: Archaludon|def|1
|move|p1b: Archaludon|Electro Shot||[still]
|-prepare|p1b: Archaludon|Electro Shot
|-boost|p1b: Archaludon|spa|1
|-anim|p1b: Archaludon|Electro Shot|p2b: Archaludon
|-resisted|p2b: Archaludon|1
|-damage|p2b: Archaludon|52/100
|-ability|p2b: Archaludon|Stamina|boost
|-boost|p2b: Archaludon|def|1
|move|p2a: Pelipper|Hurricane|p1a: Sinistcha
|-supereffective|p1a: Sinistcha|1
|-damage|p1a: Sinistcha|0 fnt
|faint|p1a: Sinistcha
|
|-weather|none
|-heal|p2b: Archaludon|58/100|[from] item: Leftovers
|upkeep
|
|t:|1783688812
|switch|p1a: Floette|Floette-Eternal, L50, F|100/100
|turn|7
|
|t:|1783688834
|switch|p2a: Sableye|Sableye, L50, M|100/100
|move|p1a: Floette|Protect|p1a: Floette
|-singleturn|p1a: Floette|Protect
|move|p2b: Archaludon|Flash Cannon|p1a: Floette
|-activate|p1a: Floette|move: Protect
|move|p1b: Archaludon|Electro Shot||[still]
|-prepare|p1b: Archaludon|Electro Shot
|-boost|p1b: Archaludon|spa|1
|
|-heal|p2b: Archaludon|64/100|[from] item: Leftovers
|-sideend|p2: gmars69|move: Tailwind
|upkeep
|turn|8
|
|t:|1783688856
|move|p2b: Archaludon|Protect|p2b: Archaludon
|-singleturn|p2b: Archaludon|Protect
|move|p2a: Sableye|Light Screen|p2a: Sableye
|-sidestart|p2: gmars69|move: Light Screen
|move|p1b: Archaludon|Electro Shot|p2b: Archaludon|[from] lockedmove
|-activate|p2b: Archaludon|move: Protect
|move|p1a: Floette|Moonblast|p2a: Sableye
|-supereffective|p2a: Sableye|1
|-damage|p2a: Sableye|5/100
|
|-heal|p2b: Archaludon|70/100|[from] item: Leftovers
|-sideend|p1: xxx520|move: Light Screen
|upkeep
|turn|9
|inactive|gmars69 has 30 seconds left.
|
|t:|1783688889
|move|p1a: Floette|Protect|p1a: Floette
|-singleturn|p1a: Floette|Protect
|move|p2a: Sableye|Encore|p1b: Archaludon
|-start|p1b: Archaludon|Encore
|move|p1b: Archaludon|Electro Shot||[still]
|-prepare|p1b: Archaludon|Electro Shot
|-boost|p1b: Archaludon|spa|1
|move|p2b: Archaludon|Dragon Pulse|p1b: Archaludon
|-damage|p1b: Archaludon|1/100
|-ability|p1b: Archaludon|Stamina|boost
|-boost|p1b: Archaludon|def|1
|
|-heal|p2b: Archaludon|77/100|[from] item: Leftovers
|upkeep
|turn|10
|inactive|gmars69 has 30 seconds left.
|
|t:|1783688917
|detailschange|p1a: Floette|Floette-Mega, L50, F
|-mega|p1a: Floette|Floette|Floettite
|-ability|p1a: Floette|Fairy Aura
|move|p2a: Sableye|Encore|p1a: Floette
|-start|p1a: Floette|Encore
|move|p1a: Floette|Protect||[still]
|-fail|p1a: Floette
|move|p1b: Archaludon|Electro Shot|p2b: Archaludon|[from] lockedmove
|-resisted|p2b: Archaludon|1
|-damage|p2b: Archaludon|20/100y
|-ability|p2b: Archaludon|Stamina|boost
|-boost|p2b: Archaludon|def|1
|move|p2b: Archaludon|Dragon Pulse|p1b: Archaludon
|-crit|p1b: Archaludon
|-damage|p1b: Archaludon|0 fnt
|faint|p1b: Archaludon
|
|-heal|p2b: Archaludon|26/100|[from] item: Leftovers
|upkeep
|inactive|xxx520 has 30 seconds left.
|inactive|xxx520 has 20 seconds left.
|inactive|xxx520 has 15 seconds left.
|inactive|xxx520 has 10 seconds left.
|inactive|xxx520 has 5 seconds left.
|
|t:|1783688972
|switch|p1b: Grimmsnarl|Grimmsnarl, L50, M|100/100
|turn|11
|inactive|xxx520 has 30 seconds left.
|inactive|gmars69 has 30 seconds left.
|inactive|xxx520 has 20 seconds left.
|inactive|xxx520 has 15 seconds left.
|inactive|xxx520 has 10 seconds left.
|inactive|xxx520 has 5 seconds left.
|
|t:|1783689027
|switch|p2a: Pelipper|Pelipper, L50, F|31/100
|-weather|RainDance|[from] ability: Drizzle|[of] p2a: Pelipper
|move|p1a: Floette|Protect|p1a: Floette
|-singleturn|p1a: Floette|Protect
|move|p1b: Grimmsnarl|Light Screen|p1b: Grimmsnarl
|-sidestart|p1: xxx520|move: Light Screen
|move|p2b: Archaludon|Flash Cannon|p1a: Floette
|-activate|p1a: Floette|move: Protect
|
|-weather|RainDance|[upkeep]
|-heal|p2b: Archaludon|32/100|[from] item: Leftovers
|upkeep
|turn|12
|inactive|xxx520 has 30 seconds left.
|inactive|gmars69 has 30 seconds left.
|inactive|xxx520 has 20 seconds left.
|inactive|xxx520 has 15 seconds left.
|inactive|xxx520 has 10 seconds left.
|inactive|xxx520 has 5 seconds left.
|
|t:|1783689083
|move|p1a: Floette|Protect||[still]
|-fail|p1a: Floette
|move|p1b: Grimmsnarl|Light Screen||[still]
|-fail|p1b: Grimmsnarl
|move|p2b: Archaludon|Flash Cannon|p1a: Floette
|-supereffective|p1a: Floette|1
|-damage|p1a: Floette|57/100
|move|p2a: Pelipper|Tailwind|p2a: Pelipper
|-sidestart|p2: gmars69|move: Tailwind
|
|-weather|RainDance|[upkeep]
|-heal|p2b: Archaludon|39/100|[from] item: Leftovers
|-end|p1a: Floette|Encore
|-sideend|p2: gmars69|move: Light Screen
|upkeep
|turn|13
|inactive|xxx520 has 30 seconds left.
|inactive|gmars69 has 30 seconds left.
|inactive|xxx520 has 20 seconds left.
|inactive|xxx520 has 15 seconds left.
|inactive|gmars69 has 20 seconds left.
|inactive|xxx520 has 10 seconds left.
|inactive|gmars69 has 15 seconds left.
|inactive|xxx520 has 5 seconds left.
|-message|xxx520 lost due to inactivity.
|
|win|gmars69
