|j|☆ondeestaerbeti
|j|☆Era ella
|html|ondeestaerbetiEra ella    
|uhtml|bestof|Game 2 of a best-of-3
|t:|1783337090
|gametype|doubles
|player|p1|ondeestaerbeti|1|1188
|player|p2|Era ella|nate|1120
|gen|9
|tier|[Gen 9 Champions] VGC 2026 Reg M-B (Bo3)
|rated|
|rule|Species Clause: Limit one of each Pokémon
|rule|Item Clause: Limit 1 of each item
|clearpoke
|poke|p1|Whimsicott, L50, M|
|poke|p1|Kingambit, L50, F|
|poke|p1|Typhlosion, L50, M|
|poke|p1|Floette-Eternal, L50, F|
|poke|p1|Farigiraf, L50, M|
|poke|p1|Basculegion, L50, M|
|poke|p2|Farigiraf, L50, F|
|poke|p2|Camerupt, L50, F|
|poke|p2|Vivillon, L50, M|
|poke|p2|Kingambit, L50, M|
|poke|p2|Sylveon, L50, M|
|poke|p2|Venusaur, L50, M|
|teampreview|4
|showteam|p1|Whimsicott||FocusSash|Prankster|Moonblast,Protect,SunnyDay,Tailwind|Timid||M|||50|]Kingambit||ChopleBerry|Defiant|KowtowCleave,SuckerPunch,IronHead,LowKick|Adamant||F|||50|]Typhlosion||LifeOrb|FlashFire|Eruption,BurnUp,SolarBeam,Protect|Timid||M|||50|]Floette-Eternal||Floettite|FlowerVeil|Moonblast,DazzlingGleam,LightofRuin,Protect|Modest||F|||50|]Farigiraf||SitrusBerry|ArmorTail|TwinBeam,Thunderbolt,HelpingHand,Protect|Bold||M|||50|]Basculegion||ChoiceScarf|Adaptability|WaveCrash,AquaJet,FlipTurn,LastRespects|Adamant||M|||50|
|showteam|p2|Farigiraf||SitrusBerry|ArmorTail|Psychic,Thunderbolt,TrickRoom,Protect|Bold||F|||50|]Camerupt||Cameruptite|SolidRock|HeatWave,EarthPower,AncientPower,Protect|Quiet||F|||50|]Vivillon||FocusSash|CompoundEyes|Hurricane,SleepPowder,RagePowder,Protect|Timid||M|||50|]Kingambit||BlackGlasses|Defiant|KowtowCleave,SuckerPunch,SwordsDance,Protect|Adamant||M|||50|]Sylveon||LifeOrb|Pixilate|HyperVoice,HyperBeam,QuickAttack,Detect|Quiet||M|||50|]Venusaur||Venusaurite|Chlorophyll|GigaDrain,SludgeBomb,EarthPower,Protect|Modest||M|||50|
|inactive|Battle timer is ON: inactive players will automatically lose when time's up. (requested by Era ella)
|inactive|ondeestaerbeti has 60 seconds left.
|inactive|ondeestaerbeti has 30 seconds left.
|
|t:|1783337158
|teamsize|p1|4
|teamsize|p2|4
|start
|switch|p1a: Whimsicott|Whimsicott, L50, M|100/100
|switch|p1b: Floette|Floette-Eternal, L50, F|100/100
|switch|p2a: Venusaur|Venusaur, L50, M|100/100
|switch|p2b: Vivillon|Vivillon, L50, M|100/100
|turn|1
|inactive|ondeestaerbeti has 30 seconds left.
|
|t:|1783337187
|detailschange|p1b: Floette|Floette-Mega, L50, F
|-mega|p1b: Floette|Floette|Floettite
|-ability|p1b: Floette|Fairy Aura
|detailschange|p2a: Venusaur|Venusaur-Mega, L50, M
|-mega|p2a: Venusaur|Venusaur|Venusaurite
|move|p1b: Floette|Protect|p1b: Floette
|-singleturn|p1b: Floette|Protect
|move|p1a: Whimsicott|Tailwind|p1a: Whimsicott
|-sidestart|p1: ondeestaerbeti|move: Tailwind
|move|p2b: Vivillon|Hurricane|p1a: Whimsicott
|-supereffective|p1a: Whimsicott|1
|-enditem|p1a: Whimsicott|Focus Sash
|-damage|p1a: Whimsicott|1/100
|move|p2a: Venusaur|Sludge Bomb|p1b: Floette
|-activate|p1b: Floette|move: Protect
|
|upkeep
|turn|2
|
|t:|1783337207
|move|p2b: Vivillon|Protect|p2b: Vivillon
|-singleturn|p2b: Vivillon|Protect
|move|p1a: Whimsicott|Sunny Day|p1a: Whimsicott
|-weather|SunnyDay
|move|p1b: Floette|Dazzling Gleam|p2a: Venusaur|[spread] p2a
|-activate|p2b: Vivillon|move: Protect
|-resisted|p2a: Venusaur|1
|-damage|p2a: Venusaur|78/100
|move|p2a: Venusaur|Sludge Bomb|p1b: Floette
|-supereffective|p1b: Floette|1
|-damage|p1b: Floette|27/100
|-status|p1b: Floette|psn
|
|-weather|SunnyDay|[upkeep]
|-damage|p1b: Floette|15/100 psn|[from] psn
|upkeep
|turn|3
|
|t:|1783337225
|switch|p2b: Farigiraf|Farigiraf, L50, F|100/100
|move|p1a: Whimsicott|Moonblast|p2b: Farigiraf
|-damage|p2b: Farigiraf|60/100
|-unboost|p2b: Farigiraf|spa|1
|move|p1b: Floette|Dazzling Gleam|p2a: Venusaur|[spread] p2a,p2b
|-resisted|p2a: Venusaur|1
|-damage|p2a: Venusaur|58/100
|-damage|p2b: Farigiraf|15/100
|-enditem|p2b: Farigiraf|Sitrus Berry|[eat]
|-heal|p2b: Farigiraf|40/100|[from] item: Sitrus Berry
|move|p2a: Venusaur|Sludge Bomb|p1b: Floette
|-supereffective|p1b: Floette|1
|-damage|p1b: Floette|0 fnt
|faint|p1b: Floette
|
|-weather|SunnyDay|[upkeep]
|upkeep
|
|t:|1783337229
|switch|p1b: Typhlosion|Typhlosion, L50, M|100/100
|turn|4
|
|t:|1783337246
|move|p2a: Venusaur|Protect|p2a: Venusaur
|-singleturn|p2a: Venusaur|Protect
|move|p1a: Whimsicott|Moonblast|p2a: Venusaur
|-activate|p2a: Venusaur|move: Protect
|move|p1b: Typhlosion|Eruption|p2a: Venusaur|[spread] p2b
|-activate|p2a: Venusaur|move: Protect
|-damage|p2b: Farigiraf|0 fnt
|faint|p2b: Farigiraf
|-damage|p1b: Typhlosion|90/100|[from] item: Life Orb
|
|-weather|SunnyDay|[upkeep]
|-sideend|p1: ondeestaerbeti|move: Tailwind
|upkeep
|
|t:|1783337257
|switch|p2b: Sylveon|Sylveon, L50, M|100/100
|turn|5
|
|t:|1783337266
|move|p2b: Sylveon|Quick Attack|p1a: Whimsicott
|-damage|p1a: Whimsicott|0 fnt
|faint|p1a: Whimsicott
|-damage|p2b: Sylveon|90/100|[from] item: Life Orb
|move|p1b: Typhlosion|Eruption|p2b: Sylveon|[spread] p2a,p2b
|-supereffective|p2a: Venusaur|1
|-damage|p2a: Venusaur|0 fnt
|-damage|p2b: Sylveon|21/100
|faint|p2a: Venusaur
|-damage|p1b: Typhlosion|80/100|[from] item: Life Orb
|
|-weather|SunnyDay|[upkeep]
|upkeep
|
|t:|1783337274
|switch|p1a: Basculegion|Basculegion, L50, M|100/100
|switch|p2a: Vivillon|Vivillon, L50, M|100/100
|turn|6
|
|t:|1783337293
|move|p2a: Vivillon|Protect|p2a: Vivillon
|-singleturn|p2a: Vivillon|Protect
|move|p2b: Sylveon|Detect|p2b: Sylveon
|-singleturn|p2b: Sylveon|Protect
|move|p1a: Basculegion|Last Respects|p2b: Sylveon
|-activate|p2b: Sylveon|move: Protect
|move|p1b: Typhlosion|Eruption|p2b: Sylveon|[spread] 
|-activate|p2a: Vivillon|move: Protect
|-activate|p2b: Sylveon|move: Protect
|
|-weather|none
|upkeep
|turn|7
|
|t:|1783337313
|move|p2b: Sylveon|Detect||[still]
|-fail|p2b: Sylveon
|move|p1a: Basculegion|Last Respects|p2b: Sylveon
|-damage|p2b: Sylveon|0 fnt
|faint|p2b: Sylveon
|move|p2a: Vivillon|Sleep Powder|p1b: Typhlosion
|-status|p1b: Typhlosion|slp|[from] move: Sleep Powder
|cant|p1b: Typhlosion|slp
|
|upkeep
|turn|8
|
|t:|1783337332
|move|p1a: Basculegion|Last Respects|p2a: Vivillon
|-enditem|p2a: Vivillon|Focus Sash
|-damage|p2a: Vivillon|1/100
|cant|p1b: Typhlosion|slp
|move|p2a: Vivillon|Hurricane|p1b: Typhlosion
|-damage|p1b: Typhlosion|21/100 slp
|-start|p1b: Typhlosion|confusion
|
|upkeep
|turn|9
|-message|Era ella forfeited.
|raw|ondeestaerbeti's rating: 1188 → 1208(+20 for winning)
|raw|Era ella's rating: 1120 → 1100(-20 for losing)
|
|win|ondeestaerbeti
