|j|â˜†umbreoffxd
|j|â˜†HotMicrowaves
|html|umbreoffxdHotMicrowaves    
|uhtml|bestof|Game 3 of a best-of-3
|t:|1757204157
|gametype|doubles
|player|p1|umbreoffxd|ingo-hisui|1056
|player|p2|HotMicrowaves|169|1109
|gen|9
|tier|[Gen 9] VGC 2025 Reg H (Bo3)
|rated|
|rule|Species Clause: Limit one of each PokÃ©mon
|rule|Item Clause: Limit 1 of each item
|clearpoke
|poke|p1|Magmar, L50, M|
|poke|p1|Baxcalibur, L50, F|
|poke|p1|Rillaboom, L50, F|
|poke|p1|Sneasler, L50, M|
|poke|p1|Kingambit, L50, F|
|poke|p1|Dondozo, L50, F|
|poke|p2|Politoed, L50, F|
|poke|p2|Archaludon, L50, F|
|poke|p2|Gothitelle, L50, F|
|poke|p2|Incineroar, L50, M|
|poke|p2|Amoonguss, L50, M|
|poke|p2|Kingdra, L50, M|
|teampreview|4
|showteam|p1|Magmar||Eviolite|VitalSpirit|WillOWisp,Overheat,FollowMe,Protect|||M|||50|,,,,,Electric]Baxcalibur||LoadedDice|ThermalExchange|Protect,IceShard,ScaleShot,IcicleSpear|||F|||50|,,,,,Poison]Rillaboom||AssaultVest|GrassySurge|FakeOut,GrassyGlide,WoodHammer,HighHorsepower|||F|||50|,,,,,Fire]Sneasler||FocusSash|Unburden|Protect,Coaching,DireClaw,CloseCombat|||M|||50|,,,,,Stellar]Kingambit||BlackGlasses|Defiant|Protect,SuckerPunch,KowtowCleave,SwordsDance|||F|||50|,,,,,Dark]Dondozo||Leftovers|Unaware|Protect,WaveCrash,Fissure,Yawn|||F|||50|,,,,,Bug
|showteam|p2|Politoed||Leftovers|Drizzle|Protect,WeatherBall,PerishSong,Encore|||F|||50|,,,,,Grass]Archaludon||PowerHerb|Sturdy|Protect,ElectroShot,DragonPulse,FlashCannon|||F|||50|,,,,,Electric]Gothitelle||SitrusBerry|ShadowTag|Protect,Psychic,FakeOut,TrickRoom|||F|||50|,,,,,Dark]Incineroar||SafetyGoggles|Intimidate|Protect,KnockOff,FakeOut,PartingShot|||M|||50|,,,,,Ghost]Amoonguss||EjectButton|Regenerator|Protect,RagePowder,PollenPuff,Spore|||M|||50|,,,,,Fairy]Kingdra||LifeOrb|SwiftSwim|Protect,WeatherBall,DracoMeteor,MuddyWater|||M|||50|,,,,,Stellar
|inactive|Battle timer is ON: inactive players will automatically lose when time's up. (requested by umbreoffxd)
|inactive|HotMicrowaves has 60 seconds left.
|
|t:|1757204215
|teamsize|p1|4
|teamsize|p2|4
|start
|switch|p1a: Rillaboom|Rillaboom, L50, F|100/100
|switch|p1b: Kingambit|Kingambit, L50, F|100/100
|switch|p2a: Politoed|Politoed, L50, F|100/100
|switch|p2b: Incineroar|Incineroar, L50, M|100/100
|-fieldstart|move: Grassy Terrain|[from] ability: Grassy Surge|[of] p1a: Rillaboom
|-weather|RainDance|[from] ability: Drizzle|[of] p2a: Politoed
|-ability|p2b: Incineroar|Intimidate|boost
|-unboost|p1a: Rillaboom|atk|1
|-unboost|p1b: Kingambit|atk|1
|-ability|p1b: Kingambit|Defiant|boost
|-boost|p1b: Kingambit|atk|2
|turn|1
|inactive|HotMicrowaves has 30 seconds left.
|
|t:|1757204241
|switch|p2b: Gothitelle|Gothitelle, L50, F|100/100
|move|p1a: Rillaboom|Fake Out|p2b: Gothitelle
|-damage|p2b: Gothitelle|92/100
|move|p2a: Politoed|Perish Song|p2a: Politoed
|-start|p1a: Rillaboom|perish3|[silent]
|-start|p1b: Kingambit|perish3|[silent]
|-start|p2a: Politoed|perish3|[silent]
|-start|p2b: Gothitelle|perish3|[silent]
|-fieldactivate|move: Perish Song
|move|p1b: Kingambit|Kowtow Cleave|p2a: Politoed
|-damage|p2a: Politoed|5/100
|
|-weather|RainDance|[upkeep]
|-heal|p2a: Politoed|11/100|[from] Grassy Terrain
|-heal|p2a: Politoed|17/100|[from] item: Leftovers
|-heal|p2b: Gothitelle|98/100|[from] Grassy Terrain
|-start|p1a: Rillaboom|perish3
|-start|p2a: Politoed|perish3
|-start|p2b: Gothitelle|perish3
|-start|p1b: Kingambit|perish3
|upkeep
|turn|2
|inactive|HotMicrowaves has 30 seconds left.
|
|t:|1757204275
|-terastallize|p1b: Kingambit|Dark
|move|p2a: Politoed|Protect|p2a: Politoed
|-singleturn|p2a: Politoed|Protect
|move|p2b: Gothitelle|Fake Out|p1b: Kingambit
|-damage|p1b: Kingambit|96/100
|move|p1a: Rillaboom|Grassy Glide|p2a: Politoed
|-activate|p2a: Politoed|move: Protect
|cant|p1b: Kingambit|flinch
|
|-weather|RainDance|[upkeep]
|-heal|p2a: Politoed|23/100|[from] Grassy Terrain
|-heal|p2a: Politoed|29/100|[from] item: Leftovers
|-heal|p2b: Gothitelle|100/100|[from] Grassy Terrain
|-heal|p1b: Kingambit|100/100|[from] Grassy Terrain
|-start|p1a: Rillaboom|perish2
|-start|p2a: Politoed|perish2
|-start|p2b: Gothitelle|perish2
|-start|p1b: Kingambit|perish2
|upkeep
|turn|3
|inactive|HotMicrowaves has 30 seconds left.
|inactive|HotMicrowaves has 20 seconds left.
|inactive|HotMicrowaves has 15 seconds left.
|
|t:|1757204318
|switch|p2a: Incineroar|Incineroar, L50, M|100/100
|-ability|p2a: Incineroar|Intimidate|boost
|-unboost|p1a: Rillaboom|atk|1
|-unboost|p1b: Kingambit|atk|1
|-ability|p1b: Kingambit|Defiant|boost
|-boost|p1b: Kingambit|atk|2
|move|p2b: Gothitelle|Protect|p2b: Gothitelle
|-singleturn|p2b: Gothitelle|Protect
|move|p1a: Rillaboom|Grassy Glide|p2a: Incineroar
|-resisted|p2a: Incineroar
|-damage|p2a: Incineroar|92/100
|move|p1b: Kingambit|Kowtow Cleave|p2b: Gothitelle
|-activate|p2b: Gothitelle|move: Protect
|
|-weather|RainDance|[upkeep]
|-heal|p2a: Incineroar|98/100|[from] Grassy Terrain
|-start|p1a: Rillaboom|perish1
|-start|p2b: Gothitelle|perish1
|-start|p1b: Kingambit|perish1
|upkeep
|turn|4
|inactive|umbreoffxd has 30 seconds left.
|inactive|HotMicrowaves has 30 seconds left.
|inactive|umbreoffxd has 20 seconds left.
|
|t:|1757204354
|switch|p2b: Amoonguss|Amoonguss, L50, M|100/100
|move|p2a: Incineroar|Fake Out|p1b: Kingambit
|-damage|p1b: Kingambit|93/100
|move|p1a: Rillaboom|Grassy Glide|p2b: Amoonguss
|-resisted|p2b: Amoonguss
|-damage|p2b: Amoonguss|97/100
|-enditem|p2b: Amoonguss|Eject Button
|
|t:|1757204364
|switch|p2b: Politoed|Politoed, L50, F|29/100
|cant|p1b: Kingambit|flinch
|
|-weather|RainDance|[upkeep]
|-heal|p2b: Politoed|35/100|[from] Grassy Terrain
|-heal|p2b: Politoed|41/100|[from] item: Leftovers
|-heal|p2a: Incineroar|100/100|[from] Grassy Terrain
|-heal|p1b: Kingambit|99/100|[from] Grassy Terrain
|-start|p1a: Rillaboom|perish0
|-start|p1b: Kingambit|perish0
|faint|p1a: Rillaboom
|faint|p1b: Kingambit
|upkeep
|
|t:|1757204366
|switch|p1a: Sneasler|Sneasler, L50, M|100/100
|switch|p1b: Baxcalibur|Baxcalibur, L50, F|100/100
|turn|5
|inactive|HotMicrowaves has 30 seconds left.
|inactive|HotMicrowaves has 20 seconds left.
|inactive|HotMicrowaves has 15 seconds left.
|inactive|HotMicrowaves has 10 seconds left.
|
|t:|1757204414
|switch|p2b: Gothitelle|Gothitelle, L50, F|100/100
|move|p1a: Sneasler|Close Combat|p2a: Incineroar
|-supereffective|p2a: Incineroar
|-damage|p2a: Incineroar|0 fnt
|-unboost|p1a: Sneasler|def|1
|-unboost|p1a: Sneasler|spd|1
|faint|p2a: Incineroar
|move|p1b: Baxcalibur|Scale Shot|p2b: Gothitelle
|-damage|p2b: Gothitelle|86/100
|-damage|p2b: Gothitelle|72/100
|-damage|p2b: Gothitelle|57/100
|-damage|p2b: Gothitelle|42/100
|-enditem|p2b: Gothitelle|Sitrus Berry|[eat]
|-heal|p2b: Gothitelle|67/100|[from] item: Sitrus Berry
|-damage|p2b: Gothitelle|51/100
|-hitcount|p2b: Gothitelle|5
|-unboost|p1b: Baxcalibur|def|1
|-boost|p1b: Baxcalibur|spe|1
|
|-weather|none
|-heal|p2b: Gothitelle|57/100|[from] Grassy Terrain
|-fieldend|move: Grassy Terrain
|upkeep
|
|t:|1757204434
|switch|p2a: Politoed|Politoed, L50, F|41/100
|-weather|RainDance|[from] ability: Drizzle|[of] p2a: Politoed
|turn|6
|
|t:|1757204444
|move|p2b: Gothitelle|Fake Out|p1b: Baxcalibur
|-damage|p1b: Baxcalibur|92/100
|cant|p1b: Baxcalibur|flinch
|move|p1a: Sneasler|Close Combat|p2a: Politoed
|-damage|p2a: Politoed|0 fnt
|-unboost|p1a: Sneasler|def|1
|-unboost|p1a: Sneasler|spd|1
|faint|p2a: Politoed
|
|-weather|RainDance|[upkeep]
|upkeep
|c|â˜†HotMicrowaves|damnit
|c|â˜†HotMicrowaves|i really fumbled there
|c|â˜†HotMicrowaves|shouldve been TR protect
|
|t:|1757204466
|switch|p2a: Amoonguss|Amoonguss, L50, M|100/100
|turn|7
|
|t:|1757204479
|move|p1b: Baxcalibur|Icicle Spear|p2a: Amoonguss
|-supereffective|p2a: Amoonguss
|-damage|p2a: Amoonguss|78/100
|-supereffective|p2a: Amoonguss
|-damage|p2a: Amoonguss|53/100
|-supereffective|p2a: Amoonguss
|-damage|p2a: Amoonguss|25/100
|-supereffective|p2a: Amoonguss
|-damage|p2a: Amoonguss|0 fnt
|faint|p2a: Amoonguss
|-hitcount|p2: Amoonguss|4
|move|p1a: Sneasler|Dire Claw|p2b: Gothitelle
|-damage|p2b: Gothitelle|16/100
|move|p2b: Gothitelle|Trick Room|p2b: Gothitelle
|-fieldstart|move: Trick Room|[of] p2b: Gothitelle
|
|-weather|RainDance|[upkeep]
|upkeep
|turn|8
|
|t:|1757204492
|move|p1b: Baxcalibur|Ice Shard|p2b: Gothitelle
|-damage|p2b: Gothitelle|0 fnt
|faint|p2b: Gothitelle
|
|win|umbreoffxd
|raw|umbreoffxd's rating: 1056 → 1092(+36 for winning)
|raw|HotMicrowaves's rating: 1109 → 1080(-29 for losing)
|c|â˜†umbreoffxd|gg
|c|â˜†HotMicrowaves|wait how did baxaclibur move first?
|c|â˜†umbreoffxd|priority
|c|â˜†umbreoffxd|...
|c|â˜†HotMicrowaves|ohhh yeah ice shard has priority
|c|â˜†HotMicrowaves|i forgot
|c|â˜†HotMicrowaves|im pretty new
|l|â˜†HotMicrowaves
|player|p2|
