|j|â˜†merrypasta
|j|â˜†Gabeeel
|html|merrypastaGabeeel    
|uhtml|bestof|Game 1 of a best-of-3
|t:|1784980518
|gametype|doubles
|player|p1|merrypasta|anabel-gen7|
|player|p2|Gabeeel|iris|
|gen|9
|tier|[Gen 9 Champions] VGC 2026 Reg M-B (Bo3)
|rule|Species Clause: Limit one of each PokĂ©mon
|rule|Item Clause: Limit 1 of each item
|clearpoke
|poke|p1|Gardevoir, L50, F, shiny|
|poke|p1|Aegislash, L50, F|
|poke|p1|Tsareena, L50, F|
|poke|p1|Scrafty, L50, M|
|poke|p1|Rotom-Wash, L50|
|poke|p1|Talonflame, L50, F|
|poke|p2|Scrafty, L50, M, shiny|
|poke|p2|Glimmora, L50, M|
|poke|p2|Talonflame, L50, F|
|poke|p2|Primarina, L50, M|
|poke|p2|Mamoswine, L50, M|
|poke|p2|Metagross, L50|
|teampreview|4
|showteam|p1|Gardevoir||Gardevoirite|Trace|HyperVoice,Psyshock,Protect,TrickRoom|Modest||F|||50|]Aegislash||LifeOrb|StanceChange|Poltergeist,CloseCombat,KingsShield,ShadowSneak|Adamant||F|||50|]Tsareena||ExpertBelt|QueenlyMajesty|PowerWhip,TripleAxel,Protect,LowKick|Adamant||F|||50|]Scrafty||Scraftinite|Intimidate|CloseCombat,KnockOff,FakeOut,Encore|Adamant||M|||50|]Rotom-Wash||SitrusBerry|Levitate|Thunderbolt,HydroPump,Protect,WillOWisp|Modest|||||50|]Talonflame||SharpBeak|GaleWings|BraveBird,FlareBlitz,Protect,Tailwind|Jolly||F|||50|
|showteam|p2|Scrafty||Scraftinite|Intimidate|FakeOut,DrainPunch,KnockOff,HelpingHand|Adamant||M|||50|]Glimmora||Glimmoranite|ToxicDebris|SludgeBomb,PowerGem,EarthPower,SpikyShield|Modest||M|||50|]Talonflame||ExpertBelt|GaleWings|BraveBird,FlareBlitz,Tailwind,Protect|Jolly||F|||50|]Primarina||Leftovers|LiquidVoice|HyperVoice,Moonblast,CalmMind,Protect|Modest||M|||50|]Mamoswine||FocusSash|Oblivious|Earthquake,HighHorsepower,IceShard,Protect|Adamant||M|||50|]Metagross||ColburBerry|ClearBody|PsychicFangs,IronHead,BulletPunch,Protect|Adamant|||||50|
|c|â˜†Gabeeel|glhf
|
|t:|1784980580
|teamsize|p1|4
|teamsize|p2|4
|start
|switch|p1a: Gardevoir|Gardevoir, L50, F, shiny|100/100
|switch|p1b: Scrafty|Scrafty, L50, M|100/100
|switch|p2a: Puterrier|Scrafty, L50, M, shiny|100/100
|switch|p2b: AviĂµes do ForrĂ³|Talonflame, L50, F|100/100
|-ability|p1a: Gardevoir|Gale Wings|Trace|[from] ability: Trace|[of] p2b: AviĂµes do ForrĂ³
|-ability|p2a: Puterrier|Intimidate|boost
|-unboost|p1a: Gardevoir|atk|1
|-unboost|p1b: Scrafty|atk|1
|-ability|p1b: Scrafty|Intimidate|boost
|-unboost|p2a: Puterrier|atk|1
|-unboost|p2b: AviĂµes do ForrĂ³|atk|1
|turn|1
|
|t:|1784980616
|switch|p2a: ParedĂ£o|Metagross, L50|100/100
|switch|p1b: Tsareena|Tsareena, L50, F|100/100
|detailschange|p1a: Gardevoir|Gardevoir-Mega, L50, F, shiny
|-mega|p1a: Gardevoir|Gardevoir|Gardevoirite
|move|p2b: AviĂµes do ForrĂ³|Brave Bird||[still]
|cant|p1b: Tsareena|ability: Queenly Majesty|Brave Bird|[of] p2b: AviĂµes do ForrĂ³
|move|p1a: Gardevoir|Hyper Voice|p2b: AviĂµes do ForrĂ³|[spread] p2a,p2b
|-resisted|p2a: ParedĂ£o|1
|-resisted|p2b: AviĂµes do ForrĂ³|1
|-damage|p2a: ParedĂ£o|72/100
|-damage|p2b: AviĂµes do ForrĂ³|58/100
|
|upkeep
|turn|2
|
|t:|1784980635
|switch|p1a: Aegislash|Aegislash, L50, F|100/100
|move|p2b: AviĂµes do ForrĂ³|Tailwind|p2b: AviĂµes do ForrĂ³
|-sidestart|p2: Gabeeel|move: Tailwind
|move|p2a: ParedĂ£o|Iron Head|p1a: Aegislash
|-resisted|p1a: Aegislash|1
|-damage|p1a: Aegislash|78/100
|move|p1b: Tsareena|Triple Axel|p2b: AviĂµes do ForrĂ³|[miss]
|-miss|p1b: Tsareena|p2b: AviĂµes do ForrĂ³
|
|upkeep
|turn|3
|
|t:|1784980660
|switch|p2a: Puterrier|Scrafty, L50, M, shiny|100/100
|-ability|p2a: Puterrier|Intimidate|boost
|-unboost|p1a: Aegislash|atk|1
|-unboost|p1b: Tsareena|atk|1
|switch|p1b: Scrafty|Scrafty, L50, M|100/100
|-ability|p1b: Scrafty|Intimidate|boost
|-unboost|p2a: Puterrier|atk|1
|-unboost|p2b: AviĂµes do ForrĂ³|atk|1
|move|p2b: AviĂµes do ForrĂ³|Flare Blitz|p1b: Scrafty
|-damage|p1b: Scrafty|79/100
|-damage|p2b: AviĂµes do ForrĂ³|50/100g|[from] Recoil
|-formechange|p1a: Aegislash|Aegislash-Blade|
|move|p1a: Aegislash|Poltergeist|p2a: Puterrier
|-activate|p2a: Puterrier|move: Poltergeist|Scraftinite
|-resisted|p2a: Puterrier|1
|-damage|p2a: Puterrier|74/100
|-damage|p1a: Aegislash|69/100|[from] item: Life Orb
|
|upkeep
|turn|4
|
|t:|1784980700
|switch|p2b: MatuĂª|Glimmora, L50, M|100/100
|detailschange|p2a: Puterrier|Scrafty-Mega, L50, M, shiny
|-mega|p2a: Puterrier|Scrafty|Scraftinite
|-ability|p2a: Puterrier|Intimidate|boost
|-unboost|p1a: Aegislash|atk|1
|-unboost|p1b: Scrafty|atk|1
|-formechange|p1a: Aegislash|Aegislash|
|move|p1a: Aegislash|King's Shield|p1a: Aegislash
|-singleturn|p1a: Aegislash|Protect
|move|p1b: Scrafty|Fake Out|p2b: MatuĂª
|-resisted|p2b: MatuĂª|1
|-damage|p2b: MatuĂª|95/100
|-activate|p2b: MatuĂª|ability: Toxic Debris
|-sidestart|p1: merrypasta|move: Toxic Spikes
|move|p2a: Puterrier|Knock Off|p1a: Aegislash
|-activate|p1a: Aegislash|move: Protect
|-unboost|p2a: Puterrier|atk|1
|
|upkeep
|turn|5
|
|t:|1784980727
|switch|p1a: Tsareena|Tsareena, L50, F|100/100
|-status|p1a: Tsareena|psn
|move|p2b: MatuĂª|Earth Power|p1a: Tsareena
|-resisted|p1a: Tsareena|1
|-damage|p1a: Tsareena|84/100 psn
|move|p2a: Puterrier|Knock Off|p1a: Tsareena
|-damage|p1a: Tsareena|58/100 psn
|-enditem|p1a: Tsareena|Expert Belt|[from] move: Knock Off|[of] p2a: Puterrier
|move|p1b: Scrafty|Encore|p2b: MatuĂª
|-start|p2b: MatuĂª|Encore
|
|-damage|p1a: Tsareena|45/100 psn|[from] psn
|-sideend|p2: Gabeeel|move: Tailwind
|upkeep
|turn|6
|
|t:|1784980749
|switch|p2b: AviĂµes do ForrĂ³|Talonflame, L50, F|50/100g
|switch|p2a: ParedĂ£o|Metagross, L50|72/100
|switch|p1b: Aegislash|Aegislash, L50, F|69/100
|move|p1a: Tsareena|Power Whip|p2b: AviĂµes do ForrĂ³
|-resisted|p2b: AviĂµes do ForrĂ³|2
|-damage|p2b: AviĂµes do ForrĂ³|29/100
|
|-damage|p1a: Tsareena|33/100 psn|[from] psn
|upkeep
|turn|7
|
|t:|1784980771
|switch|p2a: Puterrier|Scrafty-Mega, L50, M, shiny|74/100
|-ability|p2a: Puterrier|Intimidate|boost
|-unboost|p1a: Tsareena|atk|1
|-unboost|p1b: Aegislash|atk|1
|-formechange|p1b: Aegislash|Aegislash-Blade|
|move|p1b: Aegislash|Shadow Sneak|p2b: AviĂµes do ForrĂ³
|-damage|p2b: AviĂµes do ForrĂ³|0 fnt
|faint|p2b: AviĂµes do ForrĂ³
|-damage|p1b: Aegislash|59/100|[from] item: Life Orb
|move|p1a: Tsareena|Low Kick|p2a: Puterrier
|-supereffective|p2a: Puterrier|1
|-damage|p2a: Puterrier|53/100
|
|-damage|p1a: Tsareena|21/100 psn|[from] psn
|upkeep
|
|t:|1784980812
|switch|p2b: MatuĂª|Glimmora, L50, M|95/100
|turn|8
|
|t:|1784980820
|switch|p2a: ParedĂ£o|Metagross, L50|72/100
|switch|p1b: Scrafty|Scrafty, L50, M|79/100
|-status|p1b: Scrafty|psn
|-ability|p1b: Scrafty|Intimidate|boost
|-fail|p2a: ParedĂ£o|unboost|[from] ability: Clear Body|[of] p2a: ParedĂ£o
|-unboost|p2b: MatuĂª|atk|1
|move|p1a: Tsareena|Protect|p1a: Tsareena
|-singleturn|p1a: Tsareena|Protect
|move|p2b: MatuĂª|Sludge Bomb|p1a: Tsareena
|-activate|p1a: Tsareena|move: Protect
|
|-damage|p1a: Tsareena|9/100 psn|[from] psn
|-damage|p1b: Scrafty|66/100 psn|[from] psn
|upkeep
|turn|9
|
|t:|1784980870
|move|p2a: ParedĂ£o|Protect|p2a: ParedĂ£o
|-singleturn|p2a: ParedĂ£o|Protect
|move|p1b: Scrafty|Fake Out|p2b: MatuĂª
|-resisted|p2b: MatuĂª|1
|-damage|p2b: MatuĂª|89/100
|-activate|p2b: MatuĂª|ability: Toxic Debris
|-sidestart|p1: merrypasta|move: Toxic Spikes
|cant|p2b: MatuĂª|flinch
|move|p1a: Tsareena|Power Whip|p2b: MatuĂª
|-damage|p2b: MatuĂª|46/100
|
|-damage|p1a: Tsareena|0 fnt|[from] psn
|faint|p1a: Tsareena
|-damage|p1b: Scrafty|54/100 psn|[from] psn
|upkeep
|
|t:|1784980883
|switch|p1a: Aegislash|Aegislash, L50, F|59/100
|turn|10
|
|t:|1784980896
|switch|p2a: Puterrier|Scrafty-Mega, L50, M, shiny|53/100
|-ability|p2a: Puterrier|Intimidate|boost
|-unboost|p1a: Aegislash|atk|1
|-unboost|p1b: Scrafty|atk|1
|move|p2b: MatuĂª|Sludge Bomb|p1b: Scrafty
|-damage|p1b: Scrafty|12/100 psn
|-formechange|p1a: Aegislash|Aegislash-Blade|
|move|p1a: Aegislash|Poltergeist|p2a: Puterrier
|-activate|p2a: Puterrier|move: Poltergeist|Scraftinite
|-resisted|p2a: Puterrier|1
|-crit|p2a: Puterrier
|-damage|p2a: Puterrier|0 fnt
|faint|p2a: Puterrier
|-damage|p1a: Aegislash|50/100g|[from] item: Life Orb
|move|p1b: Scrafty|Close Combat|p2b: MatuĂª
|-damage|p2b: MatuĂª|7/100
|-unboost|p1b: Scrafty|def|1
|-unboost|p1b: Scrafty|spd|1
|
|-damage|p1b: Scrafty|0 fnt|[from] psn
|faint|p1b: Scrafty
|upkeep
|c|â˜†merrypasta|mb
|c|â˜†Gabeeel|fine
|
|t:|1784980915
|switch|p2a: ParedĂ£o|Metagross, L50|72/100
|switch|p1b: Gardevoir|Gardevoir-Mega, L50, F, shiny|100/100
|-status|p1b: Gardevoir|tox
|turn|11
|c|â˜†merrypasta|actually idk if that even benefits me because metagross is here now
|
|t:|1784980939
|move|p2b: MatuĂª|Spiky Shield|p2b: MatuĂª
|-singleturn|p2b: MatuĂª|move: Protect
|move|p1b: Gardevoir|Protect|p1b: Gardevoir
|-singleturn|p1b: Gardevoir|Protect
|-formechange|p1a: Aegislash|Aegislash|
|move|p1a: Aegislash|King's Shield|p1a: Aegislash
|-singleturn|p1a: Aegislash|Protect
|move|p2a: ParedĂ£o|Iron Head|p1a: Aegislash
|-activate|p1a: Aegislash|move: Protect
|-fail|p2a: ParedĂ£o|unboost|[from] ability: Clear Body|[of] p2a: ParedĂ£o
|
|-damage|p1b: Gardevoir|93/100 tox|[from] psn
|upkeep
|turn|12
|
|t:|1784980962
|move|p2a: ParedĂ£o|Bullet Punch|p1b: Gardevoir
|-supereffective|p1b: Gardevoir|1
|-damage|p1b: Gardevoir|34/100 tox
|-formechange|p1a: Aegislash|Aegislash-Blade|
|move|p1a: Aegislash|Shadow Sneak|p2b: MatuĂª
|-damage|p2b: MatuĂª|0 fnt
|faint|p2b: MatuĂª
|-damage|p1a: Aegislash|40/100|[from] item: Life Orb
|move|p1b: Gardevoir|Hyper Voice|p2a: ParedĂ£o
|-resisted|p2a: ParedĂ£o|1
|-damage|p2a: ParedĂ£o|32/100
|
|-damage|p1b: Gardevoir|21/100 tox|[from] psn
|upkeep
|turn|13
|
|t:|1784980979
|move|p2a: ParedĂ£o|Protect|p2a: ParedĂ£o
|-singleturn|p2a: ParedĂ£o|Protect
|move|p1a: Aegislash|Shadow Sneak|p2a: ParedĂ£o
|-activate|p2a: ParedĂ£o|move: Protect
|move|p1b: Gardevoir|Trick Room|p1b: Gardevoir
|-fieldstart|move: Trick Room|[of] p1b: Gardevoir
|
|-damage|p1b: Gardevoir|3/100 tox|[from] psn
|upkeep
|turn|14
|
|t:|1784980986
|move|p2a: ParedĂ£o|Bullet Punch|p1a: Aegislash
|-resisted|p1a: Aegislash|1
|-damage|p1a: Aegislash|19/100
|move|p1a: Aegislash|Poltergeist|p2a: ParedĂ£o
|-activate|p2a: ParedĂ£o|move: Poltergeist|Colbur Berry
|-supereffective|p2a: ParedĂ£o|1
|-damage|p2a: ParedĂ£o|0 fnt
|faint|p2a: ParedĂ£o
|-damage|p1a: Aegislash|10/100|[from] item: Life Orb
|
|win|merrypasta
||Gabeeel is ready for game 2.
||merrypasta is ready for game 2.
|uhtml|next|Next: Game 2 of 3
|l|â˜†merrypasta
|player|p1|
