|j|☆Camerupt4Ever
|j|☆bananatreeenjoyer
|html|Camerupt4Everbananatreeenjoyer    
|uhtml|bestof|Game 1 of a best-of-3
|t:|1757034101
|gametype|doubles
|player|p1|Camerupt4Ever|flannery|1181
|player|p2|bananatreeenjoyer|silver|1080
|gen|9
|tier|[Gen 9] VGC 2025 Reg H (Bo3)
|rated|
|rule|Species Clause: Limit one of each Pokémon
|rule|Item Clause: Limit 1 of each item
|clearpoke
|poke|p1|Wyrdeer, L50, F|
|poke|p1|Indeedee-F, L50, F|
|poke|p1|Annihilape, L50, F|
|poke|p1|Torkoal, L50, F|
|poke|p1|Delphox, L50, F|
|poke|p1|Kingambit, L50, F|
|poke|p2|Gyarados, L50, M|
|poke|p2|Indeedee, L50, M|
|poke|p2|Sneasler, L50, F|
|poke|p2|Tyranitar, L50, M|
|poke|p2|Ursaluna-Bloodmoon, L50, M|
|poke|p2|Volcarona, L50, F|
|teampreview|4
|showteam|p1|Wyrdeer||Leftovers|Intimidate|Protect,TrickRoom,ExpandingForce,EarthPower|||F|||50|,,,,,Ground]Indeedee-F||RockyHelmet|PsychicSurge|Imprison,FollowMe,TrickRoom,Psychic|||F|||50|,,,,,Grass]Annihilape||SafetyGoggles|Defiant|DrainPunch,Taunt,RageFist,Protect|||F|||50|,,,,,Fire]Torkoal||Charcoal|Drought|Eruption,HelpingHand,Protect,WeatherBall|||F|||50|,,,,,Grass]Delphox||ChoiceScarf|Blaze|HeatWave,ExpandingForce,DazzlingGleam,Flamethrower|||F|||50|,,,,,Fairy]Kingambit||AssaultVest|Defiant|KowtowCleave,SuckerPunch,IronHead,LowKick|||F|||50|,,,,,Fairy
|showteam|p2|Gyarados||SafetyGoggles|Intimidate|Taunt,ThunderWave,Waterfall,Protect|||M|||50|,,,,,Steel]Indeedee||ChoiceScarf|PsychicSurge|ExpandingForce,TeraBlast,Trick,Protect|||M|||50|,,,,,Fighting]Sneasler||PsychicSeed|Unburden|CloseCombat,DireClaw,ThroatChop,Protect|||F|||50|,,,,,Dark]Tyranitar||AssaultVest|SandStream|LowKick,TeraBlast,KnockOff,RockSlide|||M|||50|,,,,,Flying]Ursaluna-Bloodmoon||LifeOrb|MindsEye|HyperVoice,BloodMoon,EarthPower,Protect|||M|||50|,,,,,Normal]Volcarona||SitrusBerry|FlameBody|Overheat,StruggleBug,RagePowder,Tailwind|||F|||50|,,,,,Grass
|
|t:|1757034173
|teamsize|p1|4
|teamsize|p2|4
|start
|switch|p1a: Indeedee|Indeedee-F, L50, F|100/100
|switch|p1b: Wyrdeer|Wyrdeer, L50, F|100/100
|switch|p2a: Althair|Ursaluna-Bloodmoon, L50, M|100/100
|switch|p2b: Haltane|Tyranitar, L50, M|100/100
|-weather|Sandstorm|[from] ability: Sand Stream|[of] p2b: Haltane
|-fieldstart|move: Psychic Terrain|[from] ability: Psychic Surge|[of] p1a: Indeedee
|-ability|p1b: Wyrdeer|Intimidate|boost
|-unboost|p2a: Althair|atk|1
|-unboost|p2b: Haltane|atk|1
|turn|1
|
|t:|1757034213
|-terastallize|p2a: Althair|Normal
|-terastallize|p1b: Wyrdeer|Ground
|move|p1a: Indeedee|Follow Me|p1a: Indeedee
|-singleturn|p1a: Indeedee|move: Follow Me
|move|p2b: Haltane|Rock Slide|p1a: Indeedee|[spread] p1a,p1b
|-resisted|p1b: Wyrdeer
|-damage|p1a: Indeedee|80/100
|-damage|p1b: Wyrdeer|90/100
|move|p2a: Althair|Hyper Voice|p1a: Indeedee|[spread] p1a,p1b
|-damage|p1a: Indeedee|19/100
|-damage|p1b: Wyrdeer|17/100
|-damage|p2a: Althair|91/100|[from] item: Life Orb
|move|p1b: Wyrdeer|Trick Room|p1b: Wyrdeer
|-fieldstart|move: Trick Room|[of] p1b: Wyrdeer
|
|-weather|Sandstorm|[upkeep]
|-damage|p1a: Indeedee|12/100|[from] Sandstorm
|-damage|p2a: Althair|85/100|[from] Sandstorm
|-heal|p1b: Wyrdeer|23/100|[from] item: Leftovers
|upkeep
|turn|2
|
|t:|1757034239
|move|p2a: Althair|Protect|p2a: Althair
|-singleturn|p2a: Althair|Protect
|move|p1b: Wyrdeer|Earth Power|p2b: Haltane
|-supereffective|p2b: Haltane
|-damage|p2b: Haltane|66/100
|move|p1a: Indeedee|Psychic|p2a: Althair
|-activate|p2a: Althair|move: Protect
|move|p2b: Haltane|Rock Slide|p1a: Indeedee|[spread] p1a,p1b
|-crit|p1a: Indeedee
|-resisted|p1b: Wyrdeer
|-damage|p1a: Indeedee|0 fnt
|-damage|p1b: Wyrdeer|10/100
|faint|p1a: Indeedee
|
|-weather|Sandstorm|[upkeep]
|-damage|p2a: Althair|79/100|[from] Sandstorm
|-heal|p1b: Wyrdeer|17/100|[from] item: Leftovers
|upkeep
|
|t:|1757034245
|switch|p1a: Torkoal|Torkoal, L50, F|100/100
|-weather|SunnyDay|[from] ability: Drought|[of] p1a: Torkoal
|turn|3
|
|t:|1757034275
|switch|p2b: Layton|Indeedee, L50, M|100/100
|move|p2a: Althair|Protect|p2a: Althair
|-singleturn|p2a: Althair|Protect
|move|p1a: Torkoal|Eruption|p2a: Althair|[spread] p2b
|-activate|p2a: Althair|move: Protect
|-damage|p2b: Layton|0 fnt
|faint|p2b: Layton
|move|p1b: Wyrdeer|Earth Power|p2a: Althair
|-activate|p2a: Althair|move: Protect
|
|-weather|SunnyDay|[upkeep]
|-heal|p1b: Wyrdeer|23/100|[from] item: Leftovers
|upkeep
|
|t:|1757034290
|switch|p2b: Haltane|Tyranitar, L50, M|66/100
|-weather|Sandstorm|[from] ability: Sand Stream|[of] p2b: Haltane
|turn|4
|
|t:|1757034305
|switch|p1a: Annihilape|Annihilape, L50, F|100/100
|move|p1b: Wyrdeer|Expanding Force|p2a: Althair|[spread] p2a
|-immune|p2b: Haltane
|-damage|p2a: Althair|4/100
|move|p2a: Althair|Hyper Voice|p1a: Annihilape|[spread] p1a,p1b
|-damage|p1a: Annihilape|43/100
|-damage|p1b: Wyrdeer|0 fnt
|faint|p1b: Wyrdeer
|-damage|p2a: Althair|0 fnt|[from] item: Life Orb
|faint|p2a: Althair
|move|p2b: Haltane|Rock Slide|p1a: Annihilape
|-resisted|p1a: Annihilape
|-damage|p1a: Annihilape|24/100
|
|-weather|Sandstorm|[upkeep]
|upkeep
|
|t:|1757034319
|switch|p1b: Torkoal|Torkoal, L50, F|100/100
|switch|p2a: Herod|Sneasler, L50, F|100/100
|-weather|SunnyDay|[from] ability: Drought|[of] p1b: Torkoal
|-enditem|p2a: Herod|Psychic Seed
|-boost|p2a: Herod|spd|1|[from] item: Psychic Seed
|turn|5
|
|t:|1757034348
|move|p1a: Annihilape|Protect|p1a: Annihilape
|-singleturn|p1a: Annihilape|Protect
|move|p2a: Herod|Protect|p2a: Herod
|-singleturn|p2a: Herod|Protect
|move|p1b: Torkoal|Eruption|p2a: Herod|[spread] p2b
|-activate|p2a: Herod|move: Protect
|-resisted|p2b: Haltane
|-damage|p2b: Haltane|37/100
|move|p2b: Haltane|Knock Off|p1b: Torkoal
|-damage|p1b: Torkoal|55/100
|-enditem|p1b: Torkoal|Charcoal|[from] move: Knock Off|[of] p2b: Haltane
|
|-weather|SunnyDay|[upkeep]
|-fieldend|move: Trick Room
|-fieldend|move: Psychic Terrain
|upkeep
|turn|6
|
|t:|1757034365
|move|p2a: Herod|Dire Claw|p1a: Annihilape
|-resisted|p1a: Annihilape
|-damage|p1a: Annihilape|3/100
|-status|p1a: Annihilape|psn
|move|p2b: Haltane|Rock Slide|p1a: Annihilape|[spread] p1a
|-miss|p2b: Haltane|p1b: Torkoal
|-resisted|p1a: Annihilape
|-damage|p1a: Annihilape|0 fnt
|faint|p1a: Annihilape
|move|p1b: Torkoal|Weather Ball|p2a: Herod
|-damage|p2a: Herod|44/100
|
|-weather|SunnyDay|[upkeep]
|upkeep
|turn|7
|
|t:|1757034388
|move|p2a: Herod|Dire Claw|p1b: Torkoal
|-damage|p1b: Torkoal|7/100
|-status|p1b: Torkoal|par
|move|p2b: Haltane|Rock Slide|p1b: Torkoal
|-supereffective|p1b: Torkoal
|-damage|p1b: Torkoal|0 fnt
|faint|p1b: Torkoal
|
|win|bananatreeenjoyer
||Camerupt4Ever is ready for game 2.
|inactive|bananatreeenjoyer has 30 seconds to confirm battle start!
||bananatreeenjoyer is ready for game 2.
|uhtml|next|Next: Game 2 of 3
