|j|☆robotarmadillo
|j|☆irishshyguy
|html|robotarmadilloirishshyguy    
|uhtml|bestof|Game 1 of a best-of-3
|t:|1782573543
|gametype|doubles
|player|p1|robotarmadillo|lucas|
|player|p2|irishshyguy|lucas|
|gen|9
|tier|[Gen 9 Champions] VGC 2026 Reg M-B (Bo3)
|rule|Species Clause: Limit one of each Pokémon
|rule|Item Clause: Limit 1 of each item
|clearpoke
|poke|p1|Archaludon, L50, F|
|poke|p1|Politoed, L50, F|
|poke|p1|Basculegion, L50, M|
|poke|p1|Raichu, L50, F|
|poke|p1|Victreebel, L50, M|
|poke|p1|Charizard, L50, M|
|poke|p2|Incineroar, L50, F|
|poke|p2|Pelipper, L50, M|
|poke|p2|Volcarona, L50, F|
|poke|p2|Sinistcha, L50|
|poke|p2|Tinkaton, L50, F|
|poke|p2|Rotom-Frost, L50|
|teampreview|4
|showteam|p1|Archaludon||Leftovers|Stamina|ElectroShot,FlashCannon,DracoMeteor,Snarl|Timid||F|||50|]Politoed||SitrusBerry|Drizzle|WeatherBall,IcyWind,HelpingHand,Protect|Calm||F|||50|]Basculegion||MysticWater|SwiftSwim|WaveCrash,LastRespects,AquaJet,FlipTurn|Adamant||M|||50|]Raichu||FocusSash|LightningRod|FakeOut,Nuzzle,Encore,VoltSwitch|Jolly||F|||50|]Victreebel||Victreebelite|Chlorophyll|PowerWhip,LeafBlade,SludgeBomb,StrengthSap|Lonely||M|||50|]Charizard||Charcoal|Blaze|Hurricane,HeatWave,ScorchingSands,WeatherBall|Timid||M|||50|
|showteam|p2|Incineroar||SitrusBerry|Intimidate|PartingShot,FakeOut,Taunt,FlareBlitz|Adamant||F|||50|]Pelipper||FocusSash|Drizzle|Hurricane,WeatherBall,Tailwind,Protect|Bold||M|||50|]Volcarona||Leftovers|FlameBody|QuiverDance,Flamethrower,GigaDrain,RagePowder|Modest||F|||50|]Sinistcha||ExpertBelt|Hospitality|MatchaGotcha,ShadowBall,RagePowder,LifeDew|Bold|||||50|]Tinkaton||LightClay|MoldBreaker|FakeOut,GigatonHammer,KnockOff,LightScreen|Jolly||F|||50|]Rotom-Frost||ChoiceScarf|Levitate|Thunder,VoltSwitch,Blizzard,Protect|Timid|||||50|
|
|t:|1782573790
|teamsize|p1|4
|teamsize|p2|4
|start
|switch|p1a: Politoed|Politoed, L50, F|100/100
|switch|p1b: Archaludon|Archaludon, L50, F|100/100
|switch|p2a: Incineroar|Incineroar, L50, F|100/100
|switch|p2b: Tinkaton|Tinkaton, L50, F|100/100
|-ability|p2b: Tinkaton|Mold Breaker
|-weather|RainDance|[from] ability: Drizzle|[of] p1a: Politoed
|-ability|p2a: Incineroar|Intimidate|boost
|-unboost|p1a: Politoed|atk|1
|-unboost|p1b: Archaludon|atk|1
|turn|1
|
|t:|1782573897
|move|p2b: Tinkaton|Fake Out|p1a: Politoed
|-damage|p1a: Politoed|88/100
|move|p2a: Incineroar|Fake Out|p1b: Archaludon
|-resisted|p1b: Archaludon|1
|-damage|p1b: Archaludon|94/100
|-ability|p1b: Archaludon|Stamina|boost
|-boost|p1b: Archaludon|def|1
|cant|p1b: Archaludon|flinch
|cant|p1a: Politoed|flinch
|
|-weather|RainDance|[upkeep]
|-heal|p1b: Archaludon|100/100|[from] item: Leftovers
|upkeep
|turn|2
|
|t:|1782574016
|move|p2b: Tinkaton|Knock Off|p1b: Archaludon
|-damage|p1b: Archaludon|86/100
|-ability|p1b: Archaludon|Stamina|boost
|-boost|p1b: Archaludon|def|1
|-enditem|p1b: Archaludon|Leftovers|[from] move: Knock Off|[of] p2b: Tinkaton
|move|p1b: Archaludon|Electro Shot||[still]
|-prepare|p1b: Archaludon|Electro Shot
|-boost|p1b: Archaludon|spa|1
|-anim|p1b: Archaludon|Electro Shot|p2a: Incineroar
|-damage|p2a: Incineroar|37/100
|-enditem|p2a: Incineroar|Sitrus Berry|[eat]
|-heal|p2a: Incineroar|61/100|[from] item: Sitrus Berry
|move|p1a: Politoed|Weather Ball|p2a: Incineroar
|-supereffective|p2a: Incineroar|1
|-damage|p2a: Incineroar|0 fnt
|faint|p2a: Incineroar
|
|-weather|RainDance|[upkeep]
|upkeep
|
|t:|1782574081
|switch|p2a: Pelipper|Pelipper, L50, M|100/100
|turn|3
|
|t:|1782574217
|move|p2b: Tinkaton|Knock Off|p1b: Archaludon
|-damage|p1b: Archaludon|79/100
|-ability|p1b: Archaludon|Stamina|boost
|-boost|p1b: Archaludon|def|1
|move|p1b: Archaludon|Electro Shot||[still]
|-prepare|p1b: Archaludon|Electro Shot
|-boost|p1b: Archaludon|spa|1
|-anim|p1b: Archaludon|Electro Shot|p2b: Tinkaton
|-damage|p2b: Tinkaton|14/100
|move|p1a: Politoed|Icy Wind|p2b: Tinkaton|[spread] p2a,p2b
|-resisted|p2b: Tinkaton|1
|-damage|p2a: Pelipper|86/100
|-damage|p2b: Tinkaton|10/100
|-unboost|p2a: Pelipper|spe|1
|-unboost|p2b: Tinkaton|spe|1
|move|p2a: Pelipper|Hurricane|p1b: Archaludon
|-resisted|p1b: Archaludon|1
|-damage|p1b: Archaludon|50/100g
|-start|p1b: Archaludon|confusion
|-ability|p1b: Archaludon|Stamina|boost
|-boost|p1b: Archaludon|def|1
|
|-weather|RainDance|[upkeep]
|upkeep
|turn|4
|
|t:|1782574421
|-activate|p1b: Archaludon|confusion
|-damage|p1b: Archaludon|49/100|[from] confusion
|move|p2b: Tinkaton|Light Screen|p2b: Tinkaton
|-sidestart|p2: irishshyguy|move: Light Screen
|move|p1a: Politoed|Weather Ball|p2b: Tinkaton
|-damage|p2b: Tinkaton|0 fnt
|faint|p2b: Tinkaton
|move|p2a: Pelipper|Hurricane|p1b: Archaludon
|-resisted|p1b: Archaludon|1
|-damage|p1b: Archaludon|20/100y
|-ability|p1b: Archaludon|Stamina|boost
|-boost|p1b: Archaludon|def|1
|
|-weather|RainDance|[upkeep]
|upkeep
|
|t:|1782574434
|switch|p2b: Sinistcha|Sinistcha, L50|100/100
|-heal|p2a: Pelipper|100/100|[from] ability: Hospitality|[of] p2b: Sinistcha
|turn|5
|
|t:|1782574525
|switch|p1b: Raichu|Raichu, L50, F|100/100
|move|p1a: Politoed|Icy Wind|p2b: Sinistcha|[spread] p2b
|-miss|p1a: Politoed|p2a: Pelipper
|-supereffective|p2b: Sinistcha|1
|-damage|p2b: Sinistcha|85/100
|-unboost|p2b: Sinistcha|spe|1
|move|p2b: Sinistcha|Matcha Gotcha|p1b: Raichu|[spread] p1a,p1b
|-supereffective|p1a: Politoed|1
|-damage|p1a: Politoed|45/100
|-heal|p2b: Sinistcha|100/100|[from] drain|[of] p1a: Politoed
|-damage|p1b: Raichu|59/100
|-enditem|p1a: Politoed|Sitrus Berry|[eat]
|-heal|p1a: Politoed|70/100|[from] item: Sitrus Berry
|move|p2a: Pelipper|Hurricane|p1b: Raichu
|-resisted|p1b: Raichu|1
|-damage|p1b: Raichu|31/100
|
|-weather|none
|upkeep
|turn|6
|
|t:|1782574689
|move|p1b: Raichu|Nuzzle|p2a: Pelipper
|-supereffective|p2a: Pelipper|2
|-damage|p2a: Pelipper|71/100
|-status|p2a: Pelipper|par
|move|p1a: Politoed|Icy Wind|p2b: Sinistcha|[spread] p2a,p2b
|-supereffective|p2b: Sinistcha|1
|-damage|p2a: Pelipper|62/100 par
|-damage|p2b: Sinistcha|84/100
|-unboost|p2a: Pelipper|spe|1
|-unboost|p2b: Sinistcha|spe|1
|move|p2b: Sinistcha|Matcha Gotcha|p1b: Raichu|[spread] p1b
|-miss|p2b: Sinistcha|p1a: Politoed
|-damage|p1b: Raichu|0 fnt
|-heal|p2b: Sinistcha|97/100|[from] drain|[of] p1b: Raichu
|faint|p1b: Raichu
|move|p2a: Pelipper|Hurricane|p1a: Politoed
|-damage|p1a: Politoed|44/100
|
|upkeep
|
|t:|1782574756
|switch|p1b: Basculegion|Basculegion, L50, M|100/100
|turn|7
|
|t:|1782574888
|move|p1b: Basculegion|Last Respects|p2b: Sinistcha
|-supereffective|p2b: Sinistcha|1
|-damage|p2b: Sinistcha|25/100
|move|p1a: Politoed|Icy Wind|p2a: Pelipper|[spread] p2a,p2b
|-supereffective|p2b: Sinistcha|1
|-crit|p2b: Sinistcha
|-damage|p2a: Pelipper|53/100 par
|-damage|p2b: Sinistcha|0 fnt
|-unboost|p2a: Pelipper|spe|1
|faint|p2b: Sinistcha
|move|p2a: Pelipper|Tailwind|p2a: Pelipper
|-sidestart|p2: irishshyguy|move: Tailwind
|
|upkeep
|turn|8
|
|t:|1782574970
|move|p1a: Politoed|Protect|p1a: Politoed
|-singleturn|p1a: Politoed|Protect
|move|p1b: Basculegion|Last Respects|p2a: Pelipper
|-damage|p2a: Pelipper|14/100 par
|move|p2a: Pelipper|Hurricane|p1b: Basculegion
|-damage|p1b: Basculegion|53/100
|
|upkeep
|turn|9
|
|t:|1782575095
|move|p1b: Basculegion|Aqua Jet|p2a: Pelipper
|-resisted|p2a: Pelipper|1
|-crit|p2a: Pelipper
|-damage|p2a: Pelipper|1/100 par
|move|p1a: Politoed|Weather Ball|p2a: Pelipper
|-damage|p2a: Pelipper|0 fnt
|faint|p2a: Pelipper
|
|win|robotarmadillo
|inactive|robotarmadillo has 30 seconds to confirm battle start!
|inactive|irishshyguy has 30 seconds to confirm battle start!
|inactive|robotarmadillo has 20 seconds to confirm battle start!
|inactive|irishshyguy has 20 seconds to confirm battle start!
||robotarmadillo is ready for game 2.
||irishshyguy is ready for game 2.
|uhtml|next|Next: Game 2 of 3
