|j|☆labubumechanics
|j|☆Bay13
|html|labubumechanicsBay13    
|uhtml|bestof|Game 1 of a best-of-3
|t:|1784767606
|gametype|doubles
|player|p1|labubumechanics|101|1083
|player|p2|Bay13|266|1128
|gen|9
|tier|[Gen 9 Champions] VGC 2026 Reg M-B (Bo3)
|rated|
|rule|Species Clause: Limit one of each Pokémon
|rule|Item Clause: Limit 1 of each item
|clearpoke
|poke|p1|Kommo-o, L50, F, shiny|
|poke|p1|Excadrill, L50, F, shiny|
|poke|p1|Tyranitar, L50, M|
|poke|p1|Grimmsnarl, L50, M|
|poke|p1|Scovillain, L50, M|
|poke|p1|Basculegion, L50, M|
|poke|p2|Staraptor, L50, M|
|poke|p2|Farigiraf, L50, M|
|poke|p2|Meganium, L50, M|
|poke|p2|Whimsicott, L50, F|
|poke|p2|Incineroar, L50, M|
|poke|p2|Basculegion, L50, M|
|teampreview|4
|showteam|p1|Kommo-o||Leftovers|Overcoat|ClangingScales,ClangorousSoul,AuraSphere,Protect|Modest||F|||50|]Excadrill||LifeOrb|SandRush|HighHorsepower,RockSlide,IronHead,Protect|Adamant||F|||50|]Tyranitar||Tyranitarite|SandStream|DragonDance,RockSlide,KnockOff,Protect|Jolly||M|||50|]Grimmsnarl||LightClay|Prankster|SpiritBreak,LightScreen,Reflect,FakeOut|Impish||M|||50|]Scovillain||Scovillainite|Moody|Protect,RagePowder,Overheat,EnergyBall|Bold||M|||50|]Basculegion||ChoiceScarf|Adaptability|WaveCrash,LastRespects,AquaJet,FlipTurn|Adamant||M|||50|
|showteam|p2|Staraptor||Staraptite|Intimidate|CloseCombat,BraveBird,Roost,Protect|Adamant||M|||50|]Farigiraf||SitrusBerry|ArmorTail|Psychic,Thunderbolt,HelpingHand,TrickRoom|Quiet||M|||50|]Meganium||Meganiumite|Overgrow|SolarBeam,WeatherBall,Synthesis,Protect|Timid||M|||50|]Whimsicott||FocusSash|Prankster|Moonblast,Tailwind,Encore,Charm|Bold||F|||50|]Incineroar||WhiteHerb|Intimidate|FakeOut,FlareBlitz,DarkestLariat,CloseCombat|Adamant||M|||50|]Basculegion||ChoiceScarf|Adaptability|WaveCrash,LastRespects,AquaJet,PsychicFangs|Jolly||M|||50|
|inactive|Battle timer is ON: inactive players will automatically lose when time's up. (requested by Bay13)
|
|t:|1784767653
|teamsize|p1|4
|teamsize|p2|4
|start
|switch|p1a: Grimmsnarl|Grimmsnarl, L50, M|100/100
|switch|p1b: Kommo-o|Kommo-o, L50, F, shiny|100/100
|switch|p2a: Basculegion|Basculegion, L50, M|100/100
|switch|p2b: Incineroar|Incineroar, L50, M|100/100
|-ability|p2b: Incineroar|Intimidate|boost
|-unboost|p1a: Grimmsnarl|atk|1
|-unboost|p1b: Kommo-o|atk|1
|turn|1
|
|t:|1784767669
|move|p1b: Kommo-o|Protect|p1b: Kommo-o
|-singleturn|p1b: Kommo-o|Protect
|move|p1a: Grimmsnarl|Reflect|p1a: Grimmsnarl
|-sidestart|p1: labubumechanics|Reflect
|move|p2a: Basculegion|Psychic Fangs|p1b: Kommo-o
|-activate|p1b: Kommo-o|move: Protect
|move|p2b: Incineroar|Close Combat|p1a: Grimmsnarl
|-damage|p1a: Grimmsnarl|74/100
|-unboost|p2b: Incineroar|def|1
|-unboost|p2b: Incineroar|spd|1
|-enditem|p2b: Incineroar|White Herb
|-clearnegativeboost|p2b: Incineroar|[silent]
|
|upkeep
|turn|2
|
|t:|1784767690
|switch|p1b: Basculegion|Basculegion, L50, M|100/100
|move|p2a: Basculegion|Psychic Fangs|p1b: Basculegion
|-sideend|p1: labubumechanics|Reflect
|-damage|p1b: Basculegion|65/100
|move|p2b: Incineroar|Close Combat|p1a: Grimmsnarl
|-damage|p1a: Grimmsnarl|32/100
|-unboost|p2b: Incineroar|def|1
|-unboost|p2b: Incineroar|spd|1
|move|p1a: Grimmsnarl|Spirit Break|p2a: Basculegion
|-damage|p2a: Basculegion|73/100
|-unboost|p2a: Basculegion|spa|1
|
|upkeep
|turn|3
|
|t:|1784767708
|switch|p2a: Farigiraf|Farigiraf, L50, M|100/100
|switch|p1a: Scovillain|Scovillain, L50, M|100/100
|move|p1b: Basculegion|Flip Turn|p2b: Incineroar
|-supereffective|p2b: Incineroar|1
|-damage|p2b: Incineroar|0 fnt
|faint|p2b: Incineroar
|
|t:|1784767717
|switch|p1b: Grimmsnarl|Grimmsnarl, L50, M|32/100|[from] Flip Turn
|
|-ability|p1a: Scovillain|Moody|boost
|-boost|p1a: Scovillain|spd|2
|-unboost|p1a: Scovillain|atk|1
|upkeep
|
|t:|1784767720
|switch|p2b: Basculegion|Basculegion, L50, M|73/100
|turn|4
|
|t:|1784767731
|detailschange|p1a: Scovillain|Scovillain-Mega, L50, M
|-mega|p1a: Scovillain|Scovillain|Scovillainite
|move|p1b: Grimmsnarl|Reflect|p1b: Grimmsnarl
|-sidestart|p1: labubumechanics|Reflect
|move|p2b: Basculegion|Wave Crash|p1a: Scovillain
|-damage|p1a: Scovillain|54/100
|-status|p2b: Basculegion|brn|[from] ability: Spicy Spray|[of] p1a: Scovillain
|-damage|p2b: Basculegion|60/100 brn|[from] Recoil
|move|p1a: Scovillain|Energy Ball|p2b: Basculegion
|-supereffective|p2b: Basculegion|1
|-damage|p2b: Basculegion|0 fnt
|faint|p2b: Basculegion
|move|p2a: Farigiraf|Thunderbolt|p1b: Grimmsnarl
|-damage|p1b: Grimmsnarl|4/100
|
|upkeep
|
|t:|1784767737
|switch|p2b: Meganium|Meganium, L50, M|100/100
|turn|5
|
|t:|1784767750
|detailschange|p2b: Meganium|Meganium-Mega, L50, M
|-mega|p2b: Meganium|Meganium|Meganiumite
|move|p1b: Grimmsnarl|Light Screen|p1b: Grimmsnarl
|-sidestart|p1: labubumechanics|move: Light Screen
|move|p2b: Meganium|Weather Ball|p1b: Grimmsnarl
|-damage|p1b: Grimmsnarl|0 fnt
|faint|p1b: Grimmsnarl
|move|p1a: Scovillain|Overheat|p2b: Meganium
|-supereffective|p2b: Meganium|1
|-damage|p2b: Meganium|0 fnt
|-unboost|p1a: Scovillain|spa|2
|faint|p2b: Meganium
|move|p2a: Farigiraf|Thunderbolt|p1a: Scovillain
|-resisted|p1a: Scovillain|1
|-damage|p1a: Scovillain|49/100
|-status|p2a: Farigiraf|brn|[from] ability: Spicy Spray|[of] p1a: Scovillain
|
|-damage|p2a: Farigiraf|93/100 brn|[from] brn
|upkeep
|l|☆Bay13
|inactive|Bay13 disconnected and has a minute to reconnect!
|player|p2|
|
|t:|1784767766
|switch|p1b: Basculegion|Basculegion, L50, M|65/100
|turn|6
|inactive|Bay13 has 30 seconds left.
|inactive|Bay13 has 20 seconds left.
|inactive|Bay13 has 15 seconds left.
|inactive|Bay13 has 10 seconds left.
|inactive|Bay13 has 5 seconds left.
|-message|Bay13 lost due to inactivity.
|
|win|labubumechanics
||labubumechanics is ready for game 2.
|raw|labubumechanics's rating: 1083 → 1114(+31 for winning)
|raw|Bay13's rating: 1128 → 1100(-28 for losing)
