|j|☆maish
|j|☆Stringskipper
|html|maishStringskipper    
|uhtml|bestof|Game 1 of a best-of-3
|t:|1756993681
|gametype|doubles
|player|p1|maish|roxie|1111
|player|p2|Stringskipper|benga|1035
|gen|9
|tier|[Gen 9] VGC 2025 Reg H (Bo3)
|rated|
|rule|Species Clause: Limit one of each Pokémon
|rule|Item Clause: Limit 1 of each item
|clearpoke
|poke|p1|Dragonite, L50, F|
|poke|p1|Gholdengo, L50|
|poke|p1|Rillaboom, L50, M|
|poke|p1|Arcanine-Hisui, L50, M|
|poke|p1|Annihilape, L50, F|
|poke|p1|Murkrow, L50, M|
|poke|p2|Charizard, L50, F|
|poke|p2|Ursaluna, L50, F|
|poke|p2|Torkoal, L50, M|
|poke|p2|Porygon2, L50|
|poke|p2|Incineroar, L50, F|
|poke|p2|Whimsicott, L50, M|
|teampreview|4
|showteam|p1|Dragonite||LoadedDice|Multiscale|Protect,ScaleShot,LowKick,ExtremeSpeed|||F|||50|,,,,,Fairy]Gholdengo||ChoiceSpecs|GoodasGold|Thunderbolt,PowerGem,MakeItRain,ShadowBall||||||50|,,,,,Steel]Rillaboom||AssaultVest|GrassySurge|FakeOut,HighHorsepower,WoodHammer,GrassyGlide|||M|||50|,,,,,Fire]Arcanine-Hisui||ClearAmulet|Intimidate|Protect,FlareBlitz,RockSlide,ExtremeSpeed|||M|||50|,,,,,Water]Annihilape||FocusSash|Defiant|Coaching,CloseCombat,RageFist,FinalGambit|||F|||50|,,,,,Stellar]Murkrow||Eviolite|Prankster|Haze,Tailwind,FoulPlay,Taunt|||M|||50|,,,,,Ghost
|showteam|p2|Charizard||ChoiceSpecs|SolarPower|HeatWave,Overheat,WeatherBall,AirSlash|||F|||50|,,,,,Ghost]Ursaluna||FlameOrb|Guts|HeadlongRush,Facade,Earthquake,Protect|||F|||50|,,,,,Ghost]Torkoal||EjectPack|Drought|Eruption,Overheat,HelpingHand,Protect|||M|||50|,,,,,Fire]Porygon2||Eviolite|Download|TeraBlast,IceBeam,Recover,TrickRoom||||||50|,,,,,Fighting]Incineroar||SitrusBerry|Intimidate|FlareBlitz,KnockOff,FakeOut,PartingShot|||F|||50|,,,,,Ghost]Whimsicott||CovertCloak|Prankster|Moonblast,Tailwind,Encore,SunnyDay|||M|||50|,,,,,Dark
|inactive|Battle timer is ON: inactive players will automatically lose when time's up. (requested by maish)
|inactive|Stringskipper has 60 seconds left.
|inactive|Stringskipper has 30 seconds left.
|inactive|Stringskipper has 20 seconds left.
|inactive|Stringskipper has 15 seconds left.
|inactive|Stringskipper has 10 seconds left.
|
|t:|1756993780
|teamsize|p1|4
|teamsize|p2|4
|start
|switch|p1a: Murkrow|Murkrow, L50, M, shiny|100/100
|switch|p1b: Arcanine|Arcanine-Hisui, L50, M|100/100
|switch|p2a: Incineroar|Incineroar, L50, F|100/100
|switch|p2b: Whimsicott|Whimsicott, L50, M|100/100
|-ability|p1b: Arcanine|Intimidate|boost
|-unboost|p2a: Incineroar|atk|1
|-unboost|p2b: Whimsicott|atk|1
|-ability|p2a: Incineroar|Intimidate|boost
|-unboost|p1a: Murkrow|atk|1
|-fail|p1b: Arcanine|unboost|[from] item: Clear Amulet|[of] p1b: Arcanine
|turn|1
|inactive|maish has 30 seconds left.
|
|t:|1756993813
|move|p2a: Incineroar|Fake Out|p1b: Arcanine
|-resisted|p1b: Arcanine
|-damage|p1b: Arcanine|96/100
|move|p2b: Whimsicott|Tailwind|p2b: Whimsicott
|-sidestart|p2: Stringskipper|move: Tailwind
|move|p1a: Murkrow|Tailwind|p1a: Murkrow
|-sidestart|p1: maish|move: Tailwind
|cant|p1b: Arcanine|flinch
|
|upkeep
|turn|2
|inactive|maish has 30 seconds left.
|inactive|Stringskipper has 30 seconds left.
|inactive|Stringskipper has 20 seconds left.
|inactive|maish has 20 seconds left.
|inactive|Stringskipper has 15 seconds left.
|inactive|maish has 15 seconds left.
|inactive|Stringskipper has 10 seconds left.
|inactive|maish has 10 seconds left.
|inactive|Stringskipper has 5 seconds left.
|inactive|maish has 5 seconds left.
|
|t:|1756993872
|move|p1a: Murkrow|Taunt|p2b: Whimsicott
|-start|p2b: Whimsicott|move: Taunt
|move|p2b: Whimsicott|Moonblast|p1a: Murkrow
|-supereffective|p1a: Murkrow
|-damage|p1a: Murkrow|45/100
|move|p1b: Arcanine|Rock Slide|p2a: Incineroar|[spread] p2a,p2b
|-supereffective|p2a: Incineroar
|-damage|p2a: Incineroar|47/100
|-damage|p2b: Whimsicott|66/100
|-enditem|p2a: Incineroar|Sitrus Berry|[eat]
|-heal|p2a: Incineroar|72/100|[from] item: Sitrus Berry
|move|p2a: Incineroar|Knock Off|p1b: Arcanine
|-damage|p1b: Arcanine|59/100
|-enditem|p1b: Arcanine|Clear Amulet|[from] move: Knock Off|[of] p2a: Incineroar
|
|upkeep
|turn|3
|inactive|maish has 30 seconds left.
|inactive|Stringskipper has 30 seconds left.
|
|t:|1756993906
|-terastallize|p1a: Murkrow|Ghost
|move|p2b: Whimsicott|Moonblast|p1b: Arcanine
|-resisted|p1b: Arcanine
|-damage|p1b: Arcanine|44/100
|move|p1b: Arcanine|Rock Slide|p2b: Whimsicott|[spread] p2b
|-miss|p1b: Arcanine|p2a: Incineroar
|-damage|p2b: Whimsicott|36/100
|move|p1a: Murkrow|Foul Play|p2a: Incineroar
|-resisted|p2a: Incineroar
|-damage|p2a: Incineroar|58/100
|move|p2a: Incineroar|Parting Shot|p1b: Arcanine
|-unboost|p1b: Arcanine|atk|1
|-unboost|p1b: Arcanine|spa|1
|
|t:|1756993925
|switch|p2a: Charizard|Charizard, L50, F, shiny|100/100|[from] Parting Shot
|
|upkeep
|turn|4
|
|t:|1756993938
|move|p1a: Murkrow|Haze|p1a: Murkrow
|-clearallboost
|move|p2a: Charizard|Air Slash|p1b: Arcanine
|-resisted|p1b: Arcanine
|-damage|p1b: Arcanine|12/100
|move|p2b: Whimsicott|Moonblast|p1a: Murkrow
|-damage|p1a: Murkrow|18/100
|-unboost|p1a: Murkrow|spa|1
|move|p1b: Arcanine|Rock Slide|p2b: Whimsicott|[spread] p2a,p2b
|-supereffective|p2a: Charizard
|-damage|p2a: Charizard|0 fnt
|-damage|p2b: Whimsicott|7/100
|faint|p2a: Charizard
|
|-end|p2b: Whimsicott|move: Taunt
|-sideend|p1: maish|move: Tailwind
|-sideend|p2: Stringskipper|move: Tailwind
|upkeep
|
|t:|1756993958
|switch|p2a: Incineroar|Incineroar, L50, F|58/100
|-ability|p2a: Incineroar|Intimidate|boost
|-unboost|p1a: Murkrow|atk|1
|-unboost|p1b: Arcanine|atk|1
|turn|5
|
|t:|1756993971
|switch|p1b: Dragonite|Dragonite, L50, F|100/100
|move|p2a: Incineroar|Fake Out|p1b: Dragonite
|-damage|p1b: Dragonite|94/100
|move|p2b: Whimsicott|Tailwind|p2b: Whimsicott
|-sidestart|p2: Stringskipper|move: Tailwind
|move|p1a: Murkrow|Tailwind|p1a: Murkrow
|-sidestart|p1: maish|move: Tailwind
|
|upkeep
|turn|6
|inactive|Stringskipper has 30 seconds left.
|inactive|Stringskipper has 20 seconds left.
|inactive|Stringskipper has 15 seconds left.
|inactive|Stringskipper has 10 seconds left.
|inactive|Stringskipper has 5 seconds left.
|
|t:|1756994023
|switch|p1a: Arcanine|Arcanine-Hisui, L50, M|12/100
|-ability|p1a: Arcanine|Intimidate|boost
|-unboost|p2a: Incineroar|atk|1
|-unboost|p2b: Whimsicott|atk|1
|move|p1b: Dragonite|Extreme Speed|p2b: Whimsicott
|-damage|p2b: Whimsicott|0 fnt
|faint|p2b: Whimsicott
|move|p2a: Incineroar|Knock Off|p1b: Dragonite
|-crit|p1b: Dragonite
|-damage|p1b: Dragonite|23/100
|-enditem|p1b: Dragonite|Loaded Dice|[from] move: Knock Off|[of] p2a: Incineroar
|
|upkeep
|
|t:|1756994033
|switch|p2b: Porygon2|Porygon2, L50|100/100
|-ability|p2b: Porygon2|Download|boost
|-boost|p2b: Porygon2|atk|1
|turn|7
|inactive|Stringskipper has 30 seconds left.
|
|t:|1756994063
|-terastallize|p2b: Porygon2|Fighting
|move|p1a: Arcanine|Rock Slide|p2b: Porygon2|[spread] p2a,p2b
|-supereffective|p2a: Incineroar
|-resisted|p2b: Porygon2
|-damage|p2a: Incineroar|7/100
|-damage|p2b: Porygon2|92/100
|move|p1b: Dragonite|Scale Shot|p2a: Incineroar
|-damage|p2a: Incineroar|0 fnt
|faint|p2a: Incineroar
|-hitcount|p2: Incineroar|1
|-unboost|p1b: Dragonite|def|1
|-boost|p1b: Dragonite|spe|1
|move|p2b: Porygon2|Ice Beam|p1b: Dragonite
|-supereffective|p1b: Dragonite
|-damage|p1b: Dragonite|0 fnt
|faint|p1b: Dragonite
|
|upkeep
|
|t:|1756994077
|switch|p1b: Murkrow|Murkrow, L50, M, shiny, tera:Ghost|18/100
|turn|8
|
|t:|1756994093
|move|p1b: Murkrow|Taunt|p2b: Porygon2
|-start|p2b: Porygon2|move: Taunt
|move|p1a: Arcanine|Flare Blitz|p2b: Porygon2
|-damage|p2b: Porygon2|54/100
|-damage|p1a: Arcanine|0 fnt|[from] Recoil
|faint|p1a: Arcanine
|move|p2b: Porygon2|Tera Blast|p1b: Murkrow|[anim] Tera Blast Fighting
|-immune|p1b: Murkrow
|
|-sideend|p2: Stringskipper|move: Tailwind
|-sideend|p1: maish|move: Tailwind
|upkeep
|
|t:|1756994100
|switch|p1a: Annihilape|Annihilape, L50, F|100/100
|turn|9
|
|t:|1756994113
|move|p1b: Murkrow|Tailwind|p1b: Murkrow
|-sidestart|p1: maish|move: Tailwind
|move|p1a: Annihilape|Final Gambit|p2b: Porygon2
|-damage|p2b: Porygon2|0 fnt
|faint|p1a: Annihilape
|faint|p2b: Porygon2
|
|win|maish
