|j|☆markume100
|j|☆Uncreative7452
|html|markume100Uncreative7452    
|uhtml|bestof|Game 3 of a best-of-3
|t:|1756765022
|gametype|doubles
|player|p1|markume100|hiker-gen4|1123
|player|p2|Uncreative7452|tuber|1111
|gen|9
|tier|[Gen 9] VGC 2025 Reg H (Bo3)
|rated|
|rule|Species Clause: Limit one of each Pokémon
|rule|Item Clause: Limit 1 of each item
|clearpoke
|poke|p1|Indeedee-F, L50, F|
|poke|p1|Gallade, L50, M|
|poke|p1|Torkoal, L50, M|
|poke|p1|Ursaluna, L50, F|
|poke|p1|Exeggutor, L50, F|
|poke|p1|Zoroark-Hisui, L50, F|
|poke|p2|Rillaboom, L50, M|
|poke|p2|Gallade, L50, M|
|poke|p2|Magmar, L50, F|
|poke|p2|Bronzong, L50|
|poke|p2|Primarina, L50, F|
|poke|p2|Alcremie, L50, F|
|teampreview|4
|showteam|p1|Indeedee-F||RockyHelmet|PsychicSurge|Psychic,HelpingHand,FollowMe,TrickRoom|||F|||50|,,,,,Grass]Gallade||ScopeLens|Sharpness|SacredSword,PsychoCut,TrickRoom,WideGuard|||M|||50|,,,,,Grass]Torkoal||Charcoal|Drought|Eruption,WeatherBall,ClearSmog,Protect|||M|||50|,,,,,Fire]Ursaluna||FlameOrb|Guts|Facade,HeadlongRush,Earthquake,Protect|||F|||50|,,,,,Ghost]Exeggutor||FocusSash|Chlorophyll|ExpandingForce,LeafStorm,SleepPowder,TrickRoom|||F|||50|,,,,,Psychic]Zoroark-Hisui||ChoiceSpecs|Illusion|HyperBeam,HyperVoice,ShadowBall,FocusBlast|||F|||50|,,,,,Normal
|showteam|p2|Rillaboom||AssaultVest|GrassySurge|GrassyGlide,WoodHammer,Uturn,FakeOut|||M|||50|,,,,,Fire]Gallade||SafetyGoggles|Sharpness|PsychoCut,SacredSword,WideGuard,TrickRoom|||M|||50|,,,,,Fire]Magmar||Eviolite|VitalSpirit|FollowMe,HeatWave,WillOWisp,Protect|||F|||50|,,,,,Ghost]Bronzong||CovertCloak|HeavyMetal|HeavySlam,TrickRoom,BodyPress,GyroBall||||||50|,,,,,Water]Primarina||ThroatSpray|LiquidVoice|HyperVoice,Moonblast,Protect,Encore|||F|||50|,,,,,Water]Alcremie||SitrusBerry|AromaVeil|AlluringVoice,Decorate,Protect,HelpingHand|||F|||50|,,,,,Steel
|
|t:|1756765054
|teamsize|p1|4
|teamsize|p2|4
|start
|switch|p1a: Indeedee|Indeedee-F, L50, F|100/100
|switch|p1b: Gallade|Gallade, L50, M|100/100
|switch|p2a: Gallade|Gallade, L50, M|100/100
|switch|p2b: Magmar|Magmar, L50, F|100/100
|-fieldstart|move: Psychic Terrain|[from] ability: Psychic Surge|[of] p1a: Indeedee
|turn|1
|
|t:|1756765071
|-terastallize|p2a: Gallade|Fire
|move|p2b: Magmar|Follow Me|p2b: Magmar
|-singleturn|p2b: Magmar|move: Follow Me
|move|p1a: Indeedee|Follow Me|p1a: Indeedee
|-singleturn|p1a: Indeedee|move: Follow Me
|move|p1b: Gallade|Shadow Ball|p2b: Magmar
|-damage|p2b: Magmar|53/100
|move|p2a: Gallade|Psycho Cut|p1a: Indeedee
|-resisted|p1a: Indeedee
|-damage|p1a: Indeedee|67/100
|
|upkeep
|turn|2
|
|t:|1756765094
|move|p2b: Magmar|Follow Me|p2b: Magmar
|-singleturn|p2b: Magmar|move: Follow Me
|move|p1a: Indeedee|Follow Me|p1a: Indeedee
|-singleturn|p1a: Indeedee|move: Follow Me
|move|p1b: Gallade|Shadow Ball|p2b: Magmar
|-damage|p2b: Magmar|6/100
|move|p2a: Gallade|Trick Room|p2a: Gallade
|-fieldstart|move: Trick Room|[of] p2a: Gallade
|
|upkeep
|turn|3
|
|t:|1756765107
|move|p2a: Gallade|Psycho Cut|p1b: Gallade
|-damage|p1b: Gallade|0 fnt
|replace|p1b: Zoroark|Zoroark-Hisui, L50, F
|-end|p1b: Zoroark|Illusion
|faint|p1b: Zoroark
|move|p1a: Indeedee|Psychic|p2b: Magmar
|-damage|p2b: Magmar|0 fnt
|faint|p2b: Magmar
|
|upkeep
|
|t:|1756765118
|switch|p2b: Primarina|Primarina, L50, F|100/100
|switch|p1b: Gallade|Gallade, L50, M|100/100
|turn|4
|
|t:|1756765145
|move|p2b: Primarina|Hyper Voice|p1b: Gallade|[spread] p1a,p1b
|-damage|p1a: Indeedee|33/100
|-damage|p1b: Gallade|66/100
|-enditem|p2b: Primarina|Throat Spray
|-boost|p2b: Primarina|spa|1|[from] item: Throat Spray
|move|p1b: Gallade|Psycho Cut|p2a: Gallade
|-crit|p2a: Gallade
|-damage|p2a: Gallade|0 fnt
|faint|p2a: Gallade
|move|p1a: Indeedee|Psychic|p2b: Primarina
|-damage|p2b: Primarina|70/100
|
|upkeep
|
|t:|1756765151
|switch|p2a: Rillaboom|Rillaboom, L50, M|100/100
|-fieldstart|move: Grassy Terrain|[from] ability: Grassy Surge|[of] p2a: Rillaboom
|turn|5
|
|t:|1756765179
|move|p1b: Gallade|Wide Guard|p1b: Gallade
|-singleturn|p1b: Gallade|Wide Guard
|move|p2a: Rillaboom|Fake Out|p1a: Indeedee
|-damage|p1a: Indeedee|22/100
|-damage|p2a: Rillaboom|84/100|[from] item: Rocky Helmet|[of] p1a: Indeedee
|move|p2b: Primarina|Moonblast|p1b: Gallade
|-supereffective|p1b: Gallade
|-damage|p1b: Gallade|0 fnt
|faint|p1b: Gallade
|cant|p1a: Indeedee|flinch
|
|-heal|p2b: Primarina|76/100|[from] Grassy Terrain
|-heal|p1a: Indeedee|28/100|[from] Grassy Terrain
|-heal|p2a: Rillaboom|90/100|[from] Grassy Terrain
|upkeep
|
|t:|1756765188
|switch|p1b: Exeggutor|Exeggutor, L50, F|100/100
|turn|6
|
|t:|1756765213
|-terastallize|p1a: Indeedee|Grass
|move|p2b: Primarina|Protect|p2b: Primarina
|-singleturn|p2b: Primarina|Protect
|move|p1a: Indeedee|Follow Me|p1a: Indeedee
|-singleturn|p1a: Indeedee|move: Follow Me
|move|p2a: Rillaboom|U-turn|p1a: Indeedee
|-supereffective|p1a: Indeedee
|-damage|p1a: Indeedee|0 fnt
|-damage|p2a: Rillaboom|73/100|[from] item: Rocky Helmet|[of] p1a: Indeedee
|faint|p1a: Indeedee
|move|p1b: Exeggutor|Leaf Storm|p2b: Primarina
|-activate|p2b: Primarina|move: Protect
|
|-heal|p2b: Primarina|82/100|[from] Grassy Terrain
|-heal|p2a: Rillaboom|79/100|[from] Grassy Terrain
|-fieldend|move: Trick Room
|upkeep
|turn|7
|
|t:|1756765227
|move|p1b: Exeggutor|Leaf Storm|p2b: Primarina
|-supereffective|p2b: Primarina
|-damage|p2b: Primarina|0 fnt
|-unboost|p1b: Exeggutor|spa|2
|faint|p2b: Primarina
|move|p2a: Rillaboom|U-turn|p1b: Exeggutor
|-supereffective|p1b: Exeggutor
|-enditem|p1b: Exeggutor|Focus Sash
|-damage|p1b: Exeggutor|1/100
|
|-heal|p1b: Exeggutor|7/100|[from] Grassy Terrain
|-heal|p2a: Rillaboom|85/100|[from] Grassy Terrain
|upkeep
|turn|8
|
|t:|1756765238
|move|p1b: Exeggutor|Expanding Force|p2a: Rillaboom
|-damage|p2a: Rillaboom|72/100
|move|p2a: Rillaboom|U-turn|p1b: Exeggutor
|-supereffective|p1b: Exeggutor
|-damage|p1b: Exeggutor|0 fnt
|faint|p1b: Exeggutor
|
|win|Uncreative7452
|raw|markume100's rating: 1123 → 1097(-26 for losing)
|raw|Uncreative7452's rating: 1111 → 1137(+26 for winning)
