|j|â˜†Jakobtc
|j|â˜†ivanthesaxophonist
|html|Jakobtcivanthesaxophonist    
|uhtml|bestof|Game 1 of a best-of-3
|t:|1756443677
|gametype|doubles
|player|p1|Jakobtc|riley|1159
|player|p2|ivanthesaxophonist|acetrainer-gen4dp|1131
|gen|9
|tier|[Gen 9] VGC 2025 Reg H (Bo3)
|rated|
|rule|Species Clause: Limit one of each PokÃ©mon
|rule|Item Clause: Limit 1 of each item
|clearpoke
|poke|p1|Glimmora, L50, F|
|poke|p1|Magmar, L50, M|
|poke|p1|Braviary, L50, M|
|poke|p1|Kingambit, L50, M|
|poke|p1|Amoonguss, L50, M|
|poke|p1|Hydreigon, L50, F|
|poke|p2|Zoroark-Hisui, L50, M|
|poke|p2|Annihilape, L50, M|
|poke|p2|Archaludon, L50, M|
|poke|p2|Maushold-Four, L50|
|poke|p2|Sinistcha-Masterpiece, L50|
|poke|p2|Milotic, L50, F|
|teampreview|4
|showteam|p1|Glimmora||PowerHerb|ToxicDebris|MeteorBeam,SludgeBomb,EarthPower,SpikyShield|||F|||50|,,,,,Water]Magmar||Eviolite|VitalSpirit|FollowMe,HelpingHand,Overheat,Protect|||M|||50|,,,,,Grass]Braviary||ChoiceScarf|Defiant|BraveBird,DualWingbeat,Superpower,Uturn|||M|||50|,,,,,Flying]Kingambit||AssaultVest|Defiant|KowtowCleave,SuckerPunch,IronHead,LowKick|||M|||50|,,,,,Dragon]Amoonguss||SitrusBerry|Regenerator|Spore,RagePowder,PollenPuff,Protect|||M|||50|,,,,,Psychic]Hydreigon||LifeOrb|Levitate|DracoMeteor,DarkPulse,EarthPower,Protect|||F|||50|,,,,,Ghost
|showteam|p2|Zoroark-Hisui||ChoiceSpecs|Illusion|HyperVoice,ShadowBall,TeraBlast,IcyWind|||M|||50|,,,,,Fairy]Annihilape||LifeOrb|Defiant|RageFist,CloseCombat,BulkUp,Protect|||M|||50|,,,,,Fire]Archaludon||AssaultVest|Stamina|BodyPress,DragonPulse,FlashCannon,ElectroShot|||M|||50|,,,,,Grass]Maushold-Four||SafetyGoggles|FriendGuard|BeatUp,FollowMe,Taunt,Protect||||||50|,,,,,Ghost]Sinistcha-Masterpiece||SitrusBerry|Hospitality|MatchaGotcha,RagePowder,LifeDew,ShadowBall||||||50|,,,,,Water]Milotic||Leftovers|Competitive|Scald,IcyWind,AlluringVoice,Protect|||F|||50|,,,,,Grass
|c|â˜†Jakobtc|glhf
|c|â˜†ivanthesaxophonist|glhf
|
|t:|1756443770
|teamsize|p1|4
|teamsize|p2|4
|start
|switch|p1a: Glimmora|Glimmora, L50, F|100/100
|switch|p1b: Magmar|Magmar, L50, M|100/100
|switch|p2a: Milotic|Milotic, L50, F|100/100
|switch|p2b: Archaludon|Archaludon, L50, M|100/100
|turn|1
|inactive|Battle timer is ON: inactive players will automatically lose when time's up. (requested by ivanthesaxophonist)
|
|t:|1756443845
|move|p1a: Glimmora|Spiky Shield|p1a: Glimmora
|-singleturn|p1a: Glimmora|move: Protect
|move|p1b: Magmar|Protect|p1b: Magmar
|-singleturn|p1b: Magmar|Protect
|move|p2b: Archaludon|Hyper Voice|p1b: Magmar|[spread] 
|-activate|p1a: Glimmora|move: Protect
|-activate|p1b: Magmar|move: Protect
|move|p2a: Milotic|Scald|p1a: Glimmora
|-activate|p1a: Glimmora|move: Protect
|
|upkeep
|turn|2
|
|t:|1756443869
|-terastallize|p1b: Magmar|Grass
|move|p1b: Magmar|Follow Me|p1b: Magmar
|-singleturn|p1b: Magmar|move: Follow Me
|move|p2b: Archaludon|Hyper Voice|p1b: Magmar|[spread] p1a,p1b
|-resisted|p1a: Glimmora
|-damage|p1a: Glimmora|72/100
|-damage|p1b: Magmar|59/100
|move|p1a: Glimmora|Meteor Beam||[still]
|-prepare|p1a: Glimmora|Meteor Beam
|-boost|p1a: Glimmora|spa|1
|-enditem|p1a: Glimmora|Power Herb
|-anim|p1a: Glimmora|Meteor Beam|p2b: Archaludon
|-damage|p2b: Archaludon|0 fnt
|replace|p2b: Zoroark|Zoroark-Hisui, L50, M
|-end|p2b: Zoroark|Illusion
|faint|p2b: Zoroark
|move|p2a: Milotic|Scald|p1b: Magmar
|-resisted|p1b: Magmar
|-damage|p1b: Magmar|49/100
|
|upkeep
|
|t:|1756443886
|switch|p2b: Archaludon|Archaludon, L50, M|100/100
|turn|3
|inactive|Jakobtc has 30 seconds left.
|
|t:|1756443912
|move|p1a: Glimmora|Spiky Shield|p1a: Glimmora
|-singleturn|p1a: Glimmora|move: Protect
|move|p1b: Magmar|Protect|p1b: Magmar
|-singleturn|p1b: Magmar|Protect
|move|p2b: Archaludon|Flash Cannon|p1a: Glimmora
|-activate|p1a: Glimmora|move: Protect
|move|p2a: Milotic|Icy Wind|p1a: Glimmora|[spread] 
|-activate|p1a: Glimmora|move: Protect
|-activate|p1b: Magmar|move: Protect
|
|upkeep
|turn|4
|
|t:|1756443926
|move|p1b: Magmar|Follow Me|p1b: Magmar
|-singleturn|p1b: Magmar|move: Follow Me
|move|p1a: Glimmora|Earth Power|p2b: Archaludon
|-supereffective|p2b: Archaludon
|-damage|p2b: Archaludon|14/100
|-ability|p2b: Archaludon|Stamina|boost
|-boost|p2b: Archaludon|def|1
|move|p2b: Archaludon|Flash Cannon|p1b: Magmar
|-damage|p1b: Magmar|15/100
|move|p2a: Milotic|Icy Wind|p1b: Magmar|[spread] p1a
|-miss|p2a: Milotic|p1b: Magmar
|-damage|p1a: Glimmora|61/100
|-unboost|p1a: Glimmora|spe|1
|
|upkeep
|turn|5
|inactive|Jakobtc has 30 seconds left.
|
|t:|1756443954
|move|p1b: Magmar|Follow Me|p1b: Magmar
|-singleturn|p1b: Magmar|move: Follow Me
|move|p2b: Archaludon|Flash Cannon|p1b: Magmar
|-damage|p1b: Magmar|0 fnt
|faint|p1b: Magmar
|move|p2a: Milotic|Icy Wind|p1a: Glimmora
|-damage|p1a: Glimmora|47/100
|-unboost|p1a: Glimmora|spe|1
|move|p1a: Glimmora|Earth Power|p2b: Archaludon
|-supereffective|p2b: Archaludon
|-damage|p2b: Archaludon|0 fnt
|faint|p2b: Archaludon
|
|upkeep
|
|t:|1756443973
|switch|p2b: Sinistcha|Sinistcha-Masterpiece, L50|100/100
|switch|p1b: Braviary|Braviary, L50, M, shiny|100/100
|turn|6
|
|t:|1756443994
|switch|p1a: Kingambit|Kingambit, L50, M|100/100
|-terastallize|p2b: Sinistcha|Water
|move|p1b: Braviary|Brave Bird|p2a: Milotic
|-damage|p2a: Milotic|48/100
|-damage|p1b: Braviary|81/100|[from] Recoil
|move|p2a: Milotic|Scald|p1a: Kingambit
|-damage|p1a: Kingambit|83/100
|-status|p1a: Kingambit|brn
|move|p2b: Sinistcha|Matcha Gotcha|p1b: Braviary|[spread] p1a
|-miss|p2b: Sinistcha|p1b: Braviary
|-resisted|p1a: Kingambit
|-damage|p1a: Kingambit|76/100 brn
|
|-heal|p2a: Milotic|54/100|[from] item: Leftovers
|-damage|p1a: Kingambit|70/100 brn|[from] brn
|upkeep
|turn|7
|inactive|ivanthesaxophonist has 30 seconds left.
|inactive|Jakobtc has 30 seconds left.
|
|t:|1756444030
|move|p2a: Milotic|Protect|p2a: Milotic
|-singleturn|p2a: Milotic|Protect
|move|p1b: Braviary|Brave Bird|p2a: Milotic
|-activate|p2a: Milotic|move: Protect
|move|p2b: Sinistcha|Matcha Gotcha|p1b: Braviary|[spread] p1a,p1b
|-resisted|p1a: Kingambit
|-resisted|p1b: Braviary
|-damage|p1a: Kingambit|63/100 brn
|-damage|p1b: Braviary|65/100
|move|p1a: Kingambit|Kowtow Cleave|p2a: Milotic
|-activate|p2a: Milotic|move: Protect
|
|-heal|p2a: Milotic|60/100|[from] item: Leftovers
|-damage|p1a: Kingambit|57/100 brn|[from] brn
|upkeep
|turn|8
|inactive|ivanthesaxophonist has 30 seconds left.
|
|t:|1756444061
|move|p1b: Braviary|Brave Bird|p2a: Milotic
|-damage|p2a: Milotic|10/100
|-damage|p1b: Braviary|47/100|[from] Recoil
|move|p2a: Milotic|Scald|p1b: Braviary
|-damage|p1b: Braviary|10/100
|move|p2b: Sinistcha|Matcha Gotcha|p1a: Kingambit|[spread] p1a
|-miss|p2b: Sinistcha|p1b: Braviary
|-resisted|p1a: Kingambit
|-damage|p1a: Kingambit|51/100 brn
|move|p1a: Kingambit|Kowtow Cleave|p2a: Milotic
|-damage|p2a: Milotic|0 fnt
|faint|p2a: Milotic
|
|-damage|p1a: Kingambit|45/100 brn|[from] brn
|upkeep
|turn|9
|
|t:|1756444078
|move|p1b: Braviary|Brave Bird|p2b: Sinistcha
|-damage|p2b: Sinistcha|49/100
|-enditem|p2b: Sinistcha|Sitrus Berry|[eat]
|-heal|p2b: Sinistcha|74/100|[from] item: Sitrus Berry
|-damage|p1b: Braviary|0 fnt|[from] Recoil
|faint|p1b: Braviary
|move|p2b: Sinistcha|Matcha Gotcha|p1a: Kingambit
|-resisted|p1a: Kingambit
|-damage|p1a: Kingambit|34/100 brn
|-heal|p2b: Sinistcha|80/100|[from] drain|[of] p1a: Kingambit
|move|p1a: Kingambit|Kowtow Cleave|p2b: Sinistcha
|-damage|p2b: Sinistcha|60/100
|
|-damage|p1a: Kingambit|29/100 brn|[from] brn
|upkeep
|
|t:|1756444092
|switch|p1b: Glimmora|Glimmora, L50, F|47/100
|turn|10
|
|t:|1756444101
|move|p1b: Glimmora|Sludge Bomb|p2b: Sinistcha
|-damage|p2b: Sinistcha|20/100
|move|p2b: Sinistcha|Matcha Gotcha|p1a: Kingambit|[spread] p1b
|-miss|p2b: Sinistcha|p1a: Kingambit
|-damage|p1b: Glimmora|17/100
|-heal|p2b: Sinistcha|35/100|[from] drain|[of] p1b: Glimmora
|move|p1a: Kingambit|Kowtow Cleave|p2b: Sinistcha
|-damage|p2b: Sinistcha|15/100
|
|-damage|p1a: Kingambit|23/100 brn|[from] brn
|upkeep
|turn|11
|
|t:|1756444115
|move|p1b: Glimmora|Sludge Bomb|p2b: Sinistcha
|-damage|p2b: Sinistcha|0 fnt
|faint|p2b: Sinistcha
|
|win|Jakobtc
||ivanthesaxophonist is ready for game 2.
||Jakobtc is ready for game 2.
|uhtml|next|Next: Game 2 of 3
