|j|☆Iceman5687
|j|☆namboyVGC
|html|Iceman5687namboyVGC    
|uhtml|bestof|Game 2 of a best-of-3
|t:|1756144845
|gametype|doubles
|player|p1|Iceman5687|169|1270
|player|p2|namboyVGC|pokemonranger-gen4|1323
|gen|9
|tier|[Gen 9] VGC 2025 Reg H (Bo3)
|rated|
|rule|Species Clause: Limit one of each Pokémon
|rule|Item Clause: Limit 1 of each item
|clearpoke
|poke|p1|Ursaluna, L50, F|
|poke|p1|Charizard, L50, F|
|poke|p1|Torkoal, L50, M|
|poke|p1|Incineroar, L50, M|
|poke|p1|Porygon2, L50|
|poke|p1|Jumpluff, L50, M|
|poke|p2|Sneasler, L50, M|
|poke|p2|Indeedee, L50, M|
|poke|p2|Annihilape, L50, F|
|poke|p2|Tyranitar, L50, M|
|poke|p2|Excadrill, L50, F|
|poke|p2|Hydreigon, L50, M|
|teampreview|4
|showteam|p1|Ursaluna||FlameOrb|Guts|Facade,HeadlongRush,Earthquake,Protect|||F|||50|,,,,,Ghost]Charizard||ChoiceSpecs|SolarPower|Overheat,WeatherBall,HeatWave,AirSlash|||F|||50|,,,,,Ghost]Torkoal||EjectPack|Drought|Eruption,Overheat,HelpingHand,Protect|||M|||50|,,,,,Fire]Incineroar||SitrusBerry|Intimidate|FakeOut,FlareBlitz,KnockOff,PartingShot|||M|||50|,,,,,Ghost]Porygon2||Eviolite|Download|TeraBlast,IceBeam,Recover,TrickRoom||||||50|,,,,,Fighting]Jumpluff||CovertCloak|Chlorophyll|RagePowder,Tailwind,SleepPowder,SunnyDay|||M|||50|,,,,,Water
|showteam|p2|Sneasler||PsychicSeed|Unburden|CloseCombat,DireClaw,ThroatChop,Protect|||M|||50|,,,,,Dark]Indeedee||ChoiceScarf|PsychicSurge|ExpandingForce,TeraBlast,Trick,DazzlingGleam|||M|||50|,,,,,Fire]Annihilape||SafetyGoggles|Defiant|CloseCombat,RageFist,Taunt,FinalGambit|||F|||50|,,,,,Psychic]Tyranitar||AssaultVest|SandStream|RockSlide,KnockOff,TeraBlast,LowKick|||M|||50|,,,,,Flying]Excadrill||FocusSash|SandRush|HighHorsepower,Earthquake,IronHead,Protect|||F|||50|,,,,,Stellar]Hydreigon||CovertCloak|Levitate|Snarl,DracoMeteor,Tailwind,Roar|||M|||50|,,,,,Poison
|inactive|Battle timer is ON: inactive players will automatically lose when time's up. (requested by namboyVGC)
|
|t:|1756144865
|teamsize|p1|4
|teamsize|p2|4
|start
|switch|p1a: Porygon2|Porygon2, L50, shiny|100/100
|switch|p1b: Jumpluff|Jumpluff, L50, M, shiny|100/100
|switch|p2a: Annihilape|Annihilape, L50, F|100/100
|switch|p2b: Sneasler|Sneasler, L50, M|100/100
|-ability|p1a: Porygon2|Download|boost
|-boost|p1a: Porygon2|atk|1
|turn|1
|
|t:|1756144888
|switch|p1a: Torkoal|Torkoal, L50, M|100/100
|-weather|SunnyDay|[from] ability: Drought|[of] p1a: Torkoal
|move|p2b: Sneasler|Protect|p2b: Sneasler
|-singleturn|p2b: Sneasler|Protect
|move|p1b: Jumpluff|Sleep Powder|p2b: Sneasler
|-activate|p2b: Sneasler|move: Protect
|move|p2a: Annihilape|Taunt|p1a: Torkoal
|-start|p1a: Torkoal|move: Taunt
|
|-weather|SunnyDay|[upkeep]
|upkeep
|turn|2
|inactive|Iceman5687 has 30 seconds left.
|
|t:|1756144916
|switch|p2b: Tyranitar|Tyranitar, L50, M|100/100
|-weather|Sandstorm|[from] ability: Sand Stream|[of] p2b: Tyranitar
|move|p1b: Jumpluff|Tailwind|p1b: Jumpluff
|-sidestart|p1: Iceman5687|move: Tailwind
|move|p2a: Annihilape|Taunt|p1b: Jumpluff
|-start|p1b: Jumpluff|move: Taunt
|move|p1a: Torkoal|Overheat|p2a: Annihilape
|-damage|p2a: Annihilape|52/100
|-unboost|p1a: Torkoal|spa|2
|-enditem|p1a: Torkoal|Eject Pack
|
|t:|1756144926
|switch|p1a: Ursaluna|Ursaluna, L50, F, shiny|100/100
|
|-weather|Sandstorm|[upkeep]
|-damage|p1b: Jumpluff|94/100|[from] Sandstorm
|-status|p1a: Ursaluna|brn|[from] item: Flame Orb
|upkeep
|turn|3
|
|t:|1756144942
|switch|p1b: Porygon2|Porygon2, L50, shiny|100/100
|-ability|p1b: Porygon2|Download|boost
|-boost|p1b: Porygon2|spa|1
|-terastallize|p2b: Tyranitar|Flying
|move|p1a: Ursaluna|Protect|p1a: Ursaluna
|-singleturn|p1a: Ursaluna|Protect
|move|p2a: Annihilape|Close Combat|p1a: Ursaluna
|-activate|p1a: Ursaluna|move: Protect
|move|p2b: Tyranitar|Low Kick|p1a: Ursaluna
|-activate|p1a: Ursaluna|move: Protect
|
|-weather|Sandstorm|[upkeep]
|-damage|p1b: Porygon2|94/100|[from] Sandstorm
|-damage|p2b: Tyranitar|95/100|[from] Sandstorm
|-damage|p1a: Ursaluna|95/100 brn|[from] brn
|upkeep
|turn|4
|inactive|Iceman5687 has 30 seconds left.
|inactive|namboyVGC has 30 seconds left.
|
|t:|1756144973
|-terastallize|p1a: Ursaluna|Ghost
|move|p1a: Ursaluna|Facade|p2b: Tyranitar
|-damage|p2b: Tyranitar|0 fnt
|faint|p2b: Tyranitar
|move|p1b: Porygon2|Ice Beam|p2a: Annihilape
|-damage|p2a: Annihilape|14/100
|move|p2a: Annihilape|Close Combat|p1a: Ursaluna
|-immune|p1a: Ursaluna
|
|-weather|Sandstorm|[upkeep]
|-damage|p1a: Ursaluna|89/100 brn|[from] Sandstorm
|-damage|p1b: Porygon2|88/100|[from] Sandstorm
|-damage|p1a: Ursaluna|83/100 brn|[from] brn
|upkeep
|
|t:|1756144988
|switch|p2b: Sneasler|Sneasler, L50, M|100/100
|turn|5
|inactive|Iceman5687 has 30 seconds left.
|
|t:|1756145016
|switch|p2a: Indeedee|Indeedee, L50, M|100/100
|-fieldstart|move: Psychic Terrain|[from] ability: Psychic Surge|[of] p2a: Indeedee
|-enditem|p2b: Sneasler|Psychic Seed
|-boost|p2b: Sneasler|spd|1|[from] item: Psychic Seed
|move|p2b: Sneasler|Throat Chop|p1a: Ursaluna
|-supereffective|p1a: Ursaluna
|-damage|p1a: Ursaluna|36/100 brn
|-start|p1a: Ursaluna|Throat Chop|[silent]
|move|p1a: Ursaluna|Headlong Rush|p2a: Indeedee
|-damage|p2a: Indeedee|0 fnt
|-unboost|p1a: Ursaluna|def|1
|-unboost|p1a: Ursaluna|spd|1
|faint|p2a: Indeedee
|move|p1b: Porygon2|Trick Room|p1b: Porygon2
|-fieldstart|move: Trick Room|[of] p1b: Porygon2
|
|-weather|Sandstorm|[upkeep]
|-damage|p1b: Porygon2|82/100|[from] Sandstorm
|-damage|p1a: Ursaluna|31/100 brn|[from] Sandstorm
|-damage|p2b: Sneasler|95/100|[from] Sandstorm
|-damage|p1a: Ursaluna|25/100 brn|[from] brn
|-sideend|p1: Iceman5687|move: Tailwind
|upkeep
|-message|namboyVGC forfeited.
|
|win|Iceman5687
|raw|Iceman5687's rating: 1270 → 1299(+29 for winning)
|raw|namboyVGC's rating: 1323 → 1300(-23 for losing)
|l|☆namboyVGC
|player|p2|
|j|☆namboyVGC
|player|p2|namboyVGC|pokemonranger-gen4|
|l|☆Iceman5687
|player|p1|
