|j|☆beckybug
|j|☆DaviDXrt
|html|beckybugDaviDXrt    
|uhtml|bestof|Game 2 of a best-of-3
|t:|1785785411
|gametype|doubles
|player|p1|beckybug|briar|1389
|player|p2|DaviDXrt|169|1299
|gen|9
|tier|[Gen 9 Champions] VGC 2026 Reg M-B (Bo3)
|rated|
|rule|Species Clause: Limit one of each Pokémon
|rule|Item Clause: Limit 1 of each item
|clearpoke
|poke|p1|Metagross, L50|
|poke|p1|Swampert, L50, F|
|poke|p1|Pelipper, L50, M|
|poke|p1|Archaludon, L50, M|
|poke|p1|Sinistcha-Masterpiece, L50|
|poke|p1|Grimmsnarl, L50, M|
|poke|p2|Pelipper, L50, F|
|poke|p2|Archaludon, L50, M|
|poke|p2|Basculegion, L50, M|
|poke|p2|Floette-Eternal, L50, F|
|poke|p2|Klefki, L50, M|
|poke|p2|Gallade, L50, M|
|teampreview|4
|showteam|p1|Metagross||Metagrossite|ClearBody|IronHead,PsychicFangs,BodyPress,Protect|Jolly|||||50|]Swampert||Swampertite|Torrent|WaveCrash,Earthquake,IcePunch,Protect|Adamant||F|||50|]Pelipper||SitrusBerry|Drizzle|WeatherBall,Hurricane,Tailwind,Protect|Modest||M|||50|]Archaludon||Leftovers|Stamina|FlashCannon,DragonPulse,ElectroShot,Protect|Modest||M|||50|]Sinistcha-Masterpiece||ColburBerry|Hospitality|MatchaGotcha,RagePowder,TrickRoom,Protect|Relaxed|||||50|]Grimmsnarl||LightClay|Prankster|FoulPlay,PartingShot,Reflect,LightScreen|Sassy||M|||50|
|showteam|p2|Pelipper||SitrusBerry|Drizzle|Protect,Tailwind,WeatherBall,Hurricane|Modest||F|||50|]Archaludon||QuickClaw|Stamina|Protect,ElectroShot,DracoMeteor,FlashCannon|Modest||M|||50|]Basculegion||MysticWater|SwiftSwim|Protect,AquaJet,WaveCrash,LastRespects|Adamant||M|||50|]Floette-Eternal||Floettite|FlowerVeil|Protect,Moonblast,DazzlingGleam,LightofRuin|Modest||F|||50|]Klefki||LightClay|Prankster|Reflect,LightScreen,RainDance,TrickRoom|Bold||M|||50|]Gallade||LifeOrb|Sharpness|Protect,PsychoCut,SacredSword,KnockOff|Adamant||M|||50|
|
|t:|1785785439
|teamsize|p1|4
|teamsize|p2|4
|start
|switch|p1a: Grimmsnarl|Grimmsnarl, L50, M|100/100
|switch|p1b: Metagross|Metagross, L50|100/100
|switch|p2a: Klefki|Klefki, L50, M|100/100
|switch|p2b: Floette|Floette-Eternal, L50, F|100/100
|turn|1
|
|t:|1785785451
|detailschange|p1b: Metagross|Metagross-Mega, L50
|-mega|p1b: Metagross|Metagross|Metagrossite
|detailschange|p2b: Floette|Floette-Mega, L50, F
|-mega|p2b: Floette|Floette|Floettite
|-ability|p2b: Floette|Fairy Aura
|move|p2a: Klefki|Reflect|p2a: Klefki
|-sidestart|p2: DaviDXrt|Reflect
|move|p1a: Grimmsnarl|Light Screen|p1a: Grimmsnarl
|-sidestart|p1: beckybug|move: Light Screen
|move|p1b: Metagross|Iron Head|p2b: Floette
|-supereffective|p2b: Floette|1
|-damage|p2b: Floette|20/100y
|cant|p2b: Floette|flinch
|
|upkeep
|turn|2
|
|t:|1785785472
|move|p2b: Floette|Protect|p2b: Floette
|-singleturn|p2b: Floette|Protect
|move|p1a: Grimmsnarl|Reflect|p1a: Grimmsnarl
|-sidestart|p1: beckybug|Reflect
|move|p1b: Metagross|Iron Head|p2a: Klefki
|-damage|p2a: Klefki|60/100
|move|p2a: Klefki|Trick Room|p2a: Klefki
|-fieldstart|move: Trick Room|[of] p2a: Klefki
|
|upkeep
|turn|3
|
|t:|1785785485
|move|p1a: Grimmsnarl|Parting Shot|p2b: Floette
|-unboost|p2b: Floette|atk|1
|-unboost|p2b: Floette|spa|1
|
|t:|1785785488
|switch|p1a: Sinistcha|Sinistcha-Masterpiece, L50|100/100|[from] Parting Shot
|move|p2a: Klefki|Rain Dance|p2a: Klefki
|-weather|RainDance
|move|p2b: Floette|Light of Ruin|p1a: Sinistcha
|-damage|p1a: Sinistcha|49/100
|-damage|p2b: Floette|0 fnt|[from] Recoil
|faint|p2b: Floette
|move|p1b: Metagross|Iron Head|p2a: Klefki
|-damage|p2a: Klefki|23/100
|
|-weather|RainDance|[upkeep]
|upkeep
|
|t:|1785785497
|switch|p2b: Basculegion|Basculegion, L50, M|100/100
|turn|4
|
|t:|1785785513
|switch|p1b: Grimmsnarl|Grimmsnarl, L50, M|100/100
|move|p1a: Sinistcha|Matcha Gotcha|p2a: Klefki|[spread] p2a,p2b
|-resisted|p2a: Klefki|1
|-supereffective|p2b: Basculegion|1
|-damage|p2a: Klefki|10/100
|-heal|p1a: Sinistcha|55/100|[from] drain|[of] p2a: Klefki
|-damage|p2b: Basculegion|47/100
|-heal|p1a: Sinistcha|87/100|[from] drain|[of] p2b: Basculegion
|move|p2b: Basculegion|Last Respects|p1a: Sinistcha
|-supereffective|p1a: Sinistcha|1
|-damage|p1a: Sinistcha|26/100
|move|p2a: Klefki|Trick Room|p2a: Klefki
|-fieldend|move: Trick Room
|
|-weather|RainDance|[upkeep]
|upkeep
|turn|5
|
|t:|1785785531
|move|p1a: Sinistcha|Protect|p1a: Sinistcha
|-singleturn|p1a: Sinistcha|Protect
|move|p2a: Klefki|Light Screen|p2a: Klefki
|-sidestart|p2: DaviDXrt|move: Light Screen
|move|p2b: Basculegion|Last Respects|p1a: Sinistcha
|-activate|p1a: Sinistcha|move: Protect
|move|p1b: Grimmsnarl|Foul Play|p2b: Basculegion
|-supereffective|p2b: Basculegion|1
|-damage|p2b: Basculegion|0 fnt
|faint|p2b: Basculegion
|
|-weather|RainDance|[upkeep]
|upkeep
|
|t:|1785785540
|switch|p2b: Gallade|Gallade, L50, M|100/100
|turn|6
|
|t:|1785785549
|move|p1b: Grimmsnarl|Parting Shot|p2b: Gallade
|-unboost|p2b: Gallade|atk|1
|-unboost|p2b: Gallade|spa|1
|
|t:|1785785552
|switch|p1b: Metagross|Metagross-Mega, L50|100/100|[from] Parting Shot
|move|p2b: Gallade|Sacred Sword|p1b: Metagross
|-damage|p1b: Metagross|66/100
|-damage|p2b: Gallade|90/100|[from] item: Life Orb
|move|p1a: Sinistcha|Matcha Gotcha|p2a: Klefki|[spread] p2a
|-miss|p1a: Sinistcha|p2b: Gallade
|-resisted|p2a: Klefki|1
|-crit|p2a: Klefki
|-damage|p2a: Klefki|0 fnt
|-heal|p1a: Sinistcha|31/100|[from] drain|[of] p2a: Klefki
|faint|p2a: Klefki
|
|-weather|RainDance|[upkeep]
|upkeep
|turn|7
|
|t:|1785785568
|move|p1a: Sinistcha|Rage Powder|p1a: Sinistcha
|-singleturn|p1a: Sinistcha|move: Rage Powder
|move|p1b: Metagross|Psychic Fangs|p2b: Gallade
|-sideend|p2: DaviDXrt|Reflect
|-sideend|p2: DaviDXrt|move: Light Screen
|-damage|p2b: Gallade|0 fnt
|faint|p2b: Gallade
|
|win|beckybug
|raw|beckybug's rating: 1389 → 1404(+15 for winning)
|raw|DaviDXrt's rating: 1299 → 1280(-19 for losing)
|l|☆DaviDXrt
|player|p2|
