|j|☆seeyouatthetip
|j|☆ThePowneyFiles
|html|seeyouatthetipThePowneyFiles    
|uhtml|bestof|Game 2 of a best-of-3
|t:|1756148850
|gametype|doubles
|player|p1|seeyouatthetip|hiker-gen4|1200
|player|p2|ThePowneyFiles|pokemonbreederf-gen4|1303
|gen|9
|tier|[Gen 9] VGC 2025 Reg H (Bo3)
|rated|
|rule|Species Clause: Limit one of each Pokémon
|rule|Item Clause: Limit 1 of each item
|clearpoke
|poke|p1|Amoonguss, L50, M|
|poke|p1|Incineroar, L50, F|
|poke|p1|Gholdengo, L50|
|poke|p1|Annihilape, L50, M|
|poke|p1|Kingambit, L50, M|
|poke|p1|Dragonite, L50, M|
|poke|p2|Gholdengo, L50|
|poke|p2|Rillaboom, L50, M|
|poke|p2|Arcanine-Hisui, L50, F|
|poke|p2|Sneasler, L50, M|
|poke|p2|Dragonite, L50, F|
|poke|p2|Ninetales-Alola, L50, M|
|teampreview|4
|showteam|p1|Amoonguss||SitrusBerry|Regenerator|Spore,RagePowder,SludgeBomb,Protect|||M|||50|,,,,,Fire]Incineroar||SafetyGoggles|Intimidate|FlareBlitz,FakeOut,PartingShot,KnockOff|||F|||50|,,,,,Ghost]Gholdengo||LifeOrb|GoodasGold|MakeItRain,ShadowBall,NastyPlot,Protect||||||50|,,,,,Steel]Annihilape||FocusSash|Defiant|CloseCombat,RageFist,Coaching,FinalGambit|||M|||50|,,,,,Grass]Kingambit||AssaultVest|Defiant|KowtowCleave,SuckerPunch,IronHead,LowKick|||M|||50|,,,,,Dark]Dragonite||LoadedDice|Multiscale|ScaleShot,ExtremeSpeed,Haze,Protect|||M|||50|,,,,,Fairy
|showteam|p2|Gholdengo||GrassySeed|GoodasGold|MakeItRain,NastyPlot,ShadowBall,Protect||||||50|,,,,,Water]Rillaboom||AssaultVest|GrassySurge|FakeOut,GrassyGlide,WoodHammer,Uturn|||M|||50|,,,,,Fire]Arcanine-Hisui||ClearAmulet|Intimidate|RockSlide,FlareBlitz,ExtremeSpeed,Protect|||F|||50|,,,,,Water]Sneasler||FocusSash|Unburden|CloseCombat,DireClaw,Coaching,Protect|||M|||50|,,,,,Stellar]Dragonite||LoadedDice|Multiscale|ScaleShot,StompingTantrum,Protect,Tailwind|||F|||50|,,,,,Ground]Ninetales-Alola||CovertCloak|SnowWarning|Blizzard,IcyWind,AuroraVeil,Encore|||M|||50|,,,,,Ice
|inactive|Battle timer is ON: inactive players will automatically lose when time's up. (requested by seeyouatthetip)
|
|t:|1756148880
|teamsize|p1|4
|teamsize|p2|4
|start
|switch|p1a: Gholdengo|Gholdengo, L50|100/100
|switch|p1b: Amoonguss|Amoonguss, L50, M|100/100
|switch|p2a: N17|Rillaboom, L50, M|100/100
|switch|p2b: Crazy World|Gholdengo, L50|100/100
|-fieldstart|move: Grassy Terrain|[from] ability: Grassy Surge|[of] p2a: N17
|-enditem|p2b: Crazy World|Grassy Seed
|-boost|p2b: Crazy World|def|1|[from] item: Grassy Seed
|turn|1
|
|t:|1756148905
|switch|p1b: Incineroar|Incineroar, L50, F|100/100
|-ability|p1b: Incineroar|Intimidate|boost
|-unboost|p2a: N17|atk|1
|-unboost|p2b: Crazy World|atk|1
|-terastallize|p2b: Crazy World|Water
|move|p1a: Gholdengo|Protect|p1a: Gholdengo
|-singleturn|p1a: Gholdengo|Protect
|move|p2b: Crazy World|Shadow Ball|p1a: Gholdengo
|-activate|p1a: Gholdengo|move: Protect
|move|p2a: N17|Wood Hammer|p1a: Gholdengo
|-activate|p1a: Gholdengo|move: Protect
|
|upkeep
|turn|2
|inactive|seeyouatthetip has 30 seconds left.
|inactive|seeyouatthetip has 20 seconds left.
|inactive|seeyouatthetip has 15 seconds left.
|
|t:|1756148948
|switch|p2a: Dearg Doom|Arcanine-Hisui, L50, F|100/100
|-ability|p2a: Dearg Doom|Intimidate|boost
|-unboost|p1a: Gholdengo|atk|1
|-unboost|p1b: Incineroar|atk|1
|move|p1b: Incineroar|Fake Out|p2b: Crazy World
|-damage|p2b: Crazy World|95/100
|move|p1a: Gholdengo|Make It Rain|p2b: Crazy World|[spread] p2a,p2b
|-resisted|p2b: Crazy World
|-damage|p2a: Dearg Doom|23/100
|-damage|p2b: Crazy World|65/100
|-unboost|p1a: Gholdengo|spa|1
|-damage|p1a: Gholdengo|91/100|[from] item: Life Orb
|cant|p2b: Crazy World|flinch
|
|-heal|p2a: Dearg Doom|29/100|[from] Grassy Terrain
|-heal|p1a: Gholdengo|97/100|[from] Grassy Terrain
|-heal|p2b: Crazy World|71/100|[from] Grassy Terrain
|upkeep
|turn|3
|
|t:|1756148969
|move|p1a: Gholdengo|Protect|p1a: Gholdengo
|-singleturn|p1a: Gholdengo|Protect
|move|p2a: Dearg Doom|Rock Slide|p1a: Gholdengo|[spread] p1b
|-activate|p1a: Gholdengo|move: Protect
|-supereffective|p1b: Incineroar
|-damage|p1b: Incineroar|49/100
|move|p2b: Crazy World|Nasty Plot|p2b: Crazy World
|-boost|p2b: Crazy World|spa|2
|move|p1b: Incineroar|Knock Off|p2a: Dearg Doom
|-damage|p2a: Dearg Doom|0 fnt
|-enditem|p2a: Dearg Doom|Clear Amulet|[from] move: Knock Off|[of] p1b: Incineroar
|faint|p2a: Dearg Doom
|
|-heal|p1a: Gholdengo|100/100|[from] Grassy Terrain
|-heal|p2b: Crazy World|77/100|[from] Grassy Terrain
|-heal|p1b: Incineroar|55/100|[from] Grassy Terrain
|upkeep
|
|t:|1756148972
|switch|p2a: BrewingStorm|Dragonite, L50, F|100/100
|turn|4
|
|t:|1756148993
|move|p1a: Gholdengo|Make It Rain|p2a: BrewingStorm|[spread] p2a,p2b
|-resisted|p2b: Crazy World
|-damage|p2a: BrewingStorm|77/100
|-damage|p2b: Crazy World|57/100
|-unboost|p1a: Gholdengo|spa|1
|-damage|p1a: Gholdengo|91/100|[from] item: Life Orb
|move|p2a: BrewingStorm|Stomping Tantrum|p1b: Incineroar
|-supereffective|p1b: Incineroar
|-damage|p1b: Incineroar|0 fnt
|faint|p1b: Incineroar
|move|p2b: Crazy World|Make It Rain|p1a: Gholdengo
|-resisted|p1a: Gholdengo
|-damage|p1a: Gholdengo|15/100
|-unboost|p2b: Crazy World|spa|1
|
|-heal|p1a: Gholdengo|21/100|[from] Grassy Terrain
|-heal|p2b: Crazy World|64/100|[from] Grassy Terrain
|upkeep
|
|t:|1756149009
|switch|p1b: Kingambit|Kingambit, L50, M, shiny|100/100
|turn|5
|inactive|seeyouatthetip has 30 seconds left.
|
|t:|1756149040
|switch|p1a: Amoonguss|Amoonguss, L50, M|100/100
|-terastallize|p1b: Kingambit|Dark
|move|p2a: BrewingStorm|Tailwind|p2a: BrewingStorm
|-sidestart|p2: ThePowneyFiles|move: Tailwind
|move|p2b: Crazy World|Nasty Plot|p2b: Crazy World
|-boost|p2b: Crazy World|spa|2
|move|p1b: Kingambit|Kowtow Cleave|p2b: Crazy World
|-crit|p2b: Crazy World
|-damage|p2b: Crazy World|0 fnt
|faint|p2b: Crazy World
|
|-fieldend|move: Grassy Terrain
|upkeep
|c|☆ThePowneyFiles|GAH
|
|t:|1756149049
|switch|p2b: N17|Rillaboom, L50, M|100/100
|-fieldstart|move: Grassy Terrain|[from] ability: Grassy Surge|[of] p2b: N17
|turn|6
|
|t:|1756149065
|move|p2a: BrewingStorm|Protect|p2a: BrewingStorm
|-singleturn|p2a: BrewingStorm|Protect
|move|p1a: Amoonguss|Rage Powder|p1a: Amoonguss
|-singleturn|p1a: Amoonguss|move: Rage Powder
|move|p2b: N17|Wood Hammer|p1b: Kingambit
|-damage|p1b: Kingambit|36/100
|-damage|p2b: N17|81/100|[from] Recoil
|move|p1b: Kingambit|Kowtow Cleave|p2b: N17
|-damage|p2b: N17|23/100
|
|-heal|p2b: N17|29/100|[from] Grassy Terrain
|-heal|p1b: Kingambit|42/100|[from] Grassy Terrain
|upkeep
|turn|7
|
|t:|1756149081
|move|p2b: N17|Grassy Glide|p1b: Kingambit
|-damage|p1b: Kingambit|13/100
|move|p1b: Kingambit|Sucker Punch|p2a: BrewingStorm
|-damage|p2a: BrewingStorm|19/100
|move|p2a: BrewingStorm|Scale Shot|p1b: Kingambit
|-damage|p1b: Kingambit|0 fnt
|faint|p1b: Kingambit
|-hitcount|p1: Kingambit|1
|-unboost|p2a: BrewingStorm|def|1
|-boost|p2a: BrewingStorm|spe|1
|move|p1a: Amoonguss|Sludge Bomb|p2b: N17
|-supereffective|p2b: N17
|-damage|p2b: N17|0 fnt
|faint|p2b: N17
|
|upkeep
|-message|ThePowneyFiles forfeited.
|
|win|seeyouatthetip
|raw|seeyouatthetip's rating: 1200 → 1232(+32 for winning)
|raw|ThePowneyFiles's rating: 1303 → 1277(-26 for losing)
|c|☆seeyouatthetip|gg
|c|☆ThePowneyFiles|Yeah gg
|c|☆ThePowneyFiles|unfortunate crit but wtv
|l|☆ThePowneyFiles
|player|p2|
|c|☆seeyouatthetip|happens
