|j|☆Sizzle & Kirk
|j|☆KodeBeast0526
|html|Sizzle & KirkKodeBeast0526    
|uhtml|bestof|Game 1 of a best-of-3
|t:|1783398958
|gametype|doubles
|player|p1|Sizzle & Kirk|170|1141
|player|p2|KodeBeast0526|sailor|1257
|gen|9
|tier|[Gen 9 Champions] VGC 2026 Reg M-B (Bo3)
|rated|
|rule|Species Clause: Limit one of each Pokémon
|rule|Item Clause: Limit 1 of each item
|clearpoke
|poke|p1|Glaceon, L50, M|
|poke|p1|Ninetales-Alola, L50, F|
|poke|p1|Camerupt, L50, F|
|poke|p1|Farigiraf, L50, M|
|poke|p1|Rotom-Wash, L50|
|poke|p1|Scrafty, L50, M|
|poke|p2|Gengar, L50, M, shiny|
|poke|p2|Swampert, L50, M, shiny|
|poke|p2|Incineroar, L50, F, shiny|
|poke|p2|Politoed, L50, F, shiny|
|poke|p2|Archaludon, L50, F|
|poke|p2|Vivillon-Ocean, L50, M|
|teampreview|4
|showteam|p1|Glaceon||NeverMeltIce|SnowCloak|Blizzard,FreezeDry,IceBeam,Protect|Modest||M|||50|]Ninetales-Alola||LightClay|SnowWarning|Blizzard,IcyWind,AuroraVeil,Protect|Timid||F|||50|]Camerupt||Cameruptite|SolidRock|Eruption,HeatWave,EarthPower,Protect|Quiet||F|||50|]Farigiraf||ColburBerry|ArmorTail|Psychic,HelpingHand,TrickRoom,FoulPlay|Relaxed||M|||50|]Rotom-Wash||SitrusBerry|Levitate|HydroPump,Thunderbolt,NastyPlot,Protect|Modest|||||50|]Scrafty||Scraftinite|Intimidate|FakeOut,KnockOff,CloseCombat,Protect|Adamant||M|||50|
|showteam|p2|Gengar||Gengarite|CursedBody|ShadowBall,PerishSong,SludgeBomb,Protect|Timid||M|||50|]Swampert||Swampertite|Torrent|WaveCrash,Earthquake,IcePunch,Protect|Adamant||M|||50|]Incineroar||PasshoBerry|Intimidate|ThroatChop,PartingShot,FakeOut,Protect|Sassy||F|||50|]Politoed||SitrusBerry|Drizzle|WeatherBall,PerishSong,Encore,Protect|Calm||F|||50|]Archaludon||Leftovers|Stamina|DragonPulse,FlashCannon,ElectroShot,Protect|Bold||F|||50|]Vivillon-Ocean||FocusSash|CompoundEyes|Hurricane,SleepPowder,RagePowder,Protect|Timid||M|||50|
|j| ICERONIN
|inactive|Battle timer is ON: inactive players will automatically lose when time's up. (requested by Sizzle & Kirk)
|
|t:|1783399000
|teamsize|p1|4
|teamsize|p2|4
|start
|switch|p1a: Scrafty|Scrafty, L50, M|100/100
|switch|p1b: Farigiraf|Farigiraf, L50, M|100/100
|switch|p2a: Gengar|Gengar, L50, M, shiny|100/100
|switch|p2b: Incineroar|Incineroar, L50, F, shiny|100/100
|-ability|p1a: Scrafty|Intimidate|boost
|-unboost|p2a: Gengar|atk|1
|-unboost|p2b: Incineroar|atk|1
|-ability|p2b: Incineroar|Intimidate|boost
|-unboost|p1a: Scrafty|atk|1
|-unboost|p1b: Farigiraf|atk|1
|turn|1
|
|t:|1783399015
|detailschange|p2a: Gengar|Gengar-Mega, L50, M, shiny
|-mega|p2a: Gengar|Gengar|Gengarite
|detailschange|p1a: Scrafty|Scrafty-Mega, L50, M
|-mega|p1a: Scrafty|Scrafty|Scraftinite
|-ability|p1a: Scrafty|Intimidate|boost
|-unboost|p2a: Gengar|atk|1
|-unboost|p2b: Incineroar|atk|1
|move|p2a: Gengar|Protect|p2a: Gengar
|-singleturn|p2a: Gengar|Protect
|move|p1a: Scrafty|Fake Out|p2b: Incineroar
|-damage|p2b: Incineroar|91/100
|move|p1b: Farigiraf|Psychic|p2a: Gengar
|-activate|p2a: Gengar|move: Protect
|cant|p2b: Incineroar|flinch
|
|upkeep
|turn|2
|
|t:|1783399033
|switch|p2a: Politoed|Politoed, L50, F, shiny|100/100
|-weather|RainDance|[from] ability: Drizzle|[of] p2a: Politoed
|move|p1a: Scrafty|Close Combat|p2b: Incineroar
|-supereffective|p2b: Incineroar|1
|-damage|p2b: Incineroar|13/100
|-unboost|p1a: Scrafty|def|1
|-unboost|p1a: Scrafty|spd|1
|move|p1b: Farigiraf|Psychic|p2a: Politoed
|-damage|p2a: Politoed|73/100
|move|p2b: Incineroar|Parting Shot|p1a: Scrafty
|-unboost|p1a: Scrafty|atk|1
|-unboost|p1a: Scrafty|spa|1
|
|t:|1783399046
|switch|p2b: Gengar|Gengar-Mega, L50, M, shiny|100/100|[from] Parting Shot
|
|-weather|RainDance|[upkeep]
|upkeep
|turn|3
|
|t:|1783399059
|move|p2b: Gengar|Protect|p2b: Gengar
|-singleturn|p2b: Gengar|Protect
|move|p2a: Politoed|Perish Song|p2a: Politoed
|-start|p1a: Scrafty|perish3|[silent]
|-start|p1b: Farigiraf|perish3|[silent]
|-start|p2a: Politoed|perish3|[silent]
|-start|p2b: Gengar|perish3|[silent]
|-fieldactivate|move: Perish Song
|move|p1a: Scrafty|Knock Off|p2a: Politoed
|-damage|p2a: Politoed|45/100
|-enditem|p2a: Politoed|Sitrus Berry|[from] move: Knock Off|[of] p1a: Scrafty
|move|p1b: Farigiraf|Psychic|p2b: Gengar
|-activate|p2b: Gengar|move: Protect
|
|-weather|RainDance|[upkeep]
|-start|p2b: Gengar|perish3
|-start|p2a: Politoed|perish3
|-start|p1a: Scrafty|perish3
|-start|p1b: Farigiraf|perish3
|upkeep
|turn|4
|inactive|KodeBeast0526 has 30 seconds left.
|
|t:|1783399091
|switch|p2b: Incineroar|Incineroar, L50, F, shiny|13/100
|-ability|p2b: Incineroar|Intimidate|boost
|-unboost|p1a: Scrafty|atk|1
|-unboost|p1b: Farigiraf|atk|1
|move|p2a: Politoed|Weather Ball|p1b: Farigiraf
|-damage|p1b: Farigiraf|47/100
|move|p1a: Scrafty|Knock Off|p2b: Incineroar
|-resisted|p2b: Incineroar|1
|-damage|p2b: Incineroar|3/100
|-enditem|p2b: Incineroar|Passho Berry|[from] move: Knock Off|[of] p1a: Scrafty
|move|p1b: Farigiraf|Psychic|p2b: Incineroar
|-immune|p2b: Incineroar
|
|-weather|RainDance|[upkeep]
|-start|p2a: Politoed|perish2
|-start|p1a: Scrafty|perish2
|-start|p1b: Farigiraf|perish2
|upkeep
|turn|5
|
|t:|1783399109
|switch|p2a: Gengar|Gengar-Mega, L50, M, shiny|100/100
|switch|p1a: Glaceon|Glaceon, L50, M|100/100
|move|p2b: Incineroar|Protect|p2b: Incineroar
|-singleturn|p2b: Incineroar|Protect
|move|p1b: Farigiraf|Foul Play|p2b: Incineroar
|-activate|p2b: Incineroar|move: Protect
|
|-weather|RainDance|[upkeep]
|-start|p1b: Farigiraf|perish1
|upkeep
|turn|6
|
|t:|1783399133
|switch|p2b: Archaludon|Archaludon, L50, F|100/100
|move|p2a: Gengar|Protect|p2a: Gengar
|-singleturn|p2a: Gengar|Protect
|move|p1a: Glaceon|Blizzard|p2a: Gengar|[spread] p2b
|-activate|p2a: Gengar|move: Protect
|-damage|p2b: Archaludon|40/100
|-ability|p2b: Archaludon|Stamina|boost
|-boost|p2b: Archaludon|def|1
|move|p1b: Farigiraf|Trick Room|p1b: Farigiraf
|-fieldstart|move: Trick Room|[of] p1b: Farigiraf
|
|-weather|none
|-heal|p2b: Archaludon|46/100|[from] item: Leftovers
|-start|p1b: Farigiraf|perish0
|faint|p1b: Farigiraf
|upkeep
|
|t:|1783399139
|switch|p1b: Camerupt|Camerupt, L50, F|100/100
|turn|7
|
|t:|1783399158
|switch|p2b: Incineroar|Incineroar, L50, F, shiny|3/100
|-ability|p2b: Incineroar|Intimidate|boost
|-unboost|p1a: Glaceon|atk|1
|-unboost|p1b: Camerupt|atk|1
|switch|p2a: Politoed|Politoed, L50, F, shiny|45/100
|-weather|RainDance|[from] ability: Drizzle|[of] p2a: Politoed
|move|p1b: Camerupt|Earth Power|p2a: Politoed
|-damage|p2a: Politoed|8/100
|move|p1a: Glaceon|Blizzard|p2b: Incineroar|[spread] p2a
|-miss|p1a: Glaceon|p2b: Incineroar
|-resisted|p2a: Politoed|1
|-damage|p2a: Politoed|0 fnt
|faint|p2a: Politoed
|
|-weather|RainDance|[upkeep]
|upkeep
|
|t:|1783399170
|switch|p2a: Gengar|Gengar-Mega, L50, M, shiny|100/100
|turn|8
|
|t:|1783399177
|move|p2b: Incineroar|Fake Out|p1b: Camerupt
|-damage|p1b: Camerupt|85/100
|cant|p1b: Camerupt|flinch
|move|p1a: Glaceon|Blizzard|p2b: Incineroar|[spread] p2b
|-miss|p1a: Glaceon|p2a: Gengar
|-resisted|p2b: Incineroar|1
|-damage|p2b: Incineroar|0 fnt
|faint|p2b: Incineroar
|move|p2a: Gengar|Perish Song|p2a: Gengar
|-start|p1a: Glaceon|perish3|[silent]
|-start|p1b: Camerupt|perish3|[silent]
|-start|p2a: Gengar|perish3|[silent]
|-fieldactivate|move: Perish Song
|
|-weather|RainDance|[upkeep]
|-start|p1b: Camerupt|perish3
|-start|p1a: Glaceon|perish3
|-start|p2a: Gengar|perish3
|upkeep
|
|t:|1783399187
|switch|p2b: Archaludon|Archaludon, L50, F|46/100
|turn|9
|
|t:|1783399200
|move|p2a: Gengar|Protect|p2a: Gengar
|-singleturn|p2a: Gengar|Protect
|move|p1b: Camerupt|Earth Power|p2a: Gengar
|-activate|p2a: Gengar|move: Protect
|move|p1a: Glaceon|Ice Beam|p2b: Archaludon
|-damage|p2b: Archaludon|0 fnt
|faint|p2b: Archaludon
|
|-weather|RainDance|[upkeep]
|-start|p1b: Camerupt|perish2
|-start|p1a: Glaceon|perish2
|-start|p2a: Gengar|perish2
|upkeep
|turn|10
|inactive|KodeBeast0526 has 30 seconds left.
|-message|KodeBeast0526 forfeited.
|
|win|Sizzle & Kirk
|l|☆KodeBeast0526
|player|p2|
||Sizzle & Kirk is ready for game 2.
|l| ICERONIN
||KodeBeast0526 is ready for game 2.
|uhtml|next|Next: Game 2 of 3
|j|☆KodeBeast0526
|player|p2|KodeBeast0526|sailor|
