|j|☆frankino98
|j|☆VOQJKk
|html|frankino98VOQJKk    
|uhtml|bestof|Game 2 of a best-of-3
|t:|1785441240
|gametype|doubles
|player|p1|frankino98|170|1084
|player|p2|VOQJKk|steven|1113
|gen|9
|tier|[Gen 9 Champions] VGC 2026 Reg M-B (Bo3)
|rated|
|rule|Species Clause: Limit one of each Pokémon
|rule|Item Clause: Limit 1 of each item
|clearpoke
|poke|p1|Rotom-Wash, L50|
|poke|p1|Clefable, L50, M|
|poke|p1|Incineroar, L50, M|
|poke|p1|Steelix, L50, M|
|poke|p1|Sinistcha, L50|
|poke|p1|Tyranitar, L50, M|
|poke|p2|Metagross, L50|
|poke|p2|Eelektross, L50, M|
|poke|p2|Hydreigon, L50, F|
|poke|p2|Garchomp, L50, M|
|poke|p2|Basculegion, L50, M|
|poke|p2|Whimsicott, L50, M|
|teampreview|4
|showteam|p1|Rotom-Wash||Leftovers|Levitate|LightScreen,HydroPump,Thunderbolt,WillOWisp|Modest|||||50|]Clefable||Clefablite|Unaware|AlluringVoice,AirSlash,FollowMe,Protect|Modest||M|||50|]Incineroar||PasshoBerry|Intimidate|FlareBlitz,ThroatChop,FakeOut,PartingShot|Adamant||M|||50|]Steelix||Steelixite|Sturdy|HighHorsepower,HeavySlam,Protect,WideGuard|Brave||M|||50|]Sinistcha||SitrusBerry|Hospitality|MatchaGotcha,RagePowder,TrickRoom,Protect|Bold|||||50|]Tyranitar||Tyranitarite|SandStream|Protect,DragonDance,KnockOff,RockSlide|Adamant||M|||50|
|showteam|p2|Metagross||Metagrossite|ClearBody|IronHead,PsychicFangs,IcePunch,Protect|Jolly|||||50|]Eelektross||Eelektrossite|Levitate|Thunderbolt,Flamethrower,GrassKnot,Protect|Timid||M|||50|]Hydreigon||ChoiceScarf|Levitate|DracoMeteor,DarkPulse,EarthPower,Flamethrower|Modest||F|||50|]Garchomp||LifeOrb|RoughSkin|DragonClaw,RockSlide,Earthquake,Protect|Jolly||M|||50|]Basculegion||MysticWater|Adaptability|WaveCrash,LastRespects,AquaJet,Protect|Adamant||M|||50|]Whimsicott||FocusSash|Prankster|Moonblast,Protect,Encore,Tailwind|Timid||M|||50|
|inactive|Battle timer is ON: inactive players will automatically lose when time's up. (requested by VOQJKk)
|inactive|VOQJKk has 60 seconds left.
|
|t:|1785441275
|teamsize|p1|4
|teamsize|p2|4
|start
|switch|p1a: Sinistcha|Sinistcha, L50|100/100
|switch|p1b: Rotom|Rotom-Wash, L50|100/100
|switch|p2a: Eelektross|Eelektross, L50, M|100/100
|switch|p2b: Hydreigon|Hydreigon, L50, F|100/100
|turn|1
|inactive|frankino98 has 30 seconds left.
|inactive|VOQJKk has 30 seconds left.
|inactive|frankino98 has 20 seconds left.
|inactive|VOQJKk has 20 seconds left.
|
|t:|1785441314
|switch|p1a: Tyranitar|Tyranitar, L50, M|100/100
|-weather|Sandstorm|[from] ability: Sand Stream|[of] p1a: Tyranitar
|detailschange|p2a: Eelektross|Eelektross-Mega, L50, M
|-mega|p2a: Eelektross|Eelektross|Eelektrossite
|move|p2b: Hydreigon|Dark Pulse|p1a: Tyranitar
|-resisted|p1a: Tyranitar|1
|-damage|p1a: Tyranitar|88/100
|move|p2a: Eelektross|Flamethrower|p1a: Tyranitar
|-resisted|p1a: Tyranitar|1
|-damage|p1a: Tyranitar|79/100
|move|p1b: Rotom|Light Screen|p1b: Rotom
|-sidestart|p1: frankino98|move: Light Screen
|
|-weather|Sandstorm|[upkeep]
|-damage|p2b: Hydreigon|94/100|[from] Sandstorm
|-damage|p2a: Eelektross|93/100|[from] Sandstorm
|-damage|p1b: Rotom|94/100|[from] Sandstorm
|-heal|p1b: Rotom|100/100|[from] item: Leftovers
|upkeep
|turn|2
|inactive|frankino98 has 30 seconds left.
|
|t:|1785441340
|move|p2b: Hydreigon|Dark Pulse|p1b: Rotom
|-damage|p1b: Rotom|73/100
|move|p2a: Eelektross|Grass Knot|p1a: Tyranitar
|-supereffective|p1a: Tyranitar|1
|-damage|p1a: Tyranitar|46/100
|move|p1a: Tyranitar|Dragon Dance|p1a: Tyranitar
|-boost|p1a: Tyranitar|atk|1
|-boost|p1a: Tyranitar|spe|1
|move|p1b: Rotom|Hydro Pump|p2a: Eelektross
|-damage|p2a: Eelektross|30/100
|
|-weather|Sandstorm|[upkeep]
|-damage|p2b: Hydreigon|88/100|[from] Sandstorm
|-damage|p2a: Eelektross|24/100|[from] Sandstorm
|-damage|p1b: Rotom|67/100|[from] Sandstorm
|-heal|p1b: Rotom|73/100|[from] item: Leftovers
|upkeep
|turn|3
|inactive|frankino98 has 30 seconds left.
|
|t:|1785441372
|switch|p1b: Sinistcha|Sinistcha, L50|100/100
|-heal|p1a: Tyranitar|71/100|[from] ability: Hospitality|[of] p1b: Sinistcha
|detailschange|p1a: Tyranitar|Tyranitar-Mega, L50, M
|-mega|p1a: Tyranitar|Tyranitar|Tyranitarite
|move|p2b: Hydreigon|Dark Pulse|p1a: Tyranitar
|-resisted|p1a: Tyranitar|1
|-damage|p1a: Tyranitar|63/100
|cant|p1a: Tyranitar|flinch
|move|p2a: Eelektross|Grass Knot|p1a: Tyranitar
|-supereffective|p1a: Tyranitar|1
|-damage|p1a: Tyranitar|34/100
|
|-weather|Sandstorm|[upkeep]
|-damage|p2b: Hydreigon|82/100|[from] Sandstorm
|-damage|p2a: Eelektross|18/100|[from] Sandstorm
|-damage|p1b: Sinistcha|93/100|[from] Sandstorm
|upkeep
|turn|4
|inactive|frankino98 has 30 seconds left.
|inactive|VOQJKk has 30 seconds left.
|
|t:|1785441409
|switch|p2b: Garchomp|Garchomp, L50, M|100/100
|switch|p1b: Rotom|Rotom-Wash, L50|73/100
|move|p1a: Tyranitar|Rock Slide|p2b: Garchomp|[spread] p2a
|-miss|p1a: Tyranitar|p2b: Garchomp
|-damage|p2a: Eelektross|0 fnt
|faint|p2a: Eelektross
|
|-weather|Sandstorm|[upkeep]
|-damage|p1b: Rotom|67/100|[from] Sandstorm
|-heal|p1b: Rotom|73/100|[from] item: Leftovers
|upkeep
|
|t:|1785441419
|switch|p2a: Hydreigon|Hydreigon, L50, F|82/100
|turn|5
|
|t:|1785441428
|move|p1a: Tyranitar|Protect|p1a: Tyranitar
|-singleturn|p1a: Tyranitar|Protect
|move|p2a: Hydreigon|Earth Power|p1a: Tyranitar
|-activate|p1a: Tyranitar|move: Protect
|move|p2b: Garchomp|Dragon Claw|p1b: Rotom
|-damage|p1b: Rotom|15/100
|-damage|p2b: Garchomp|90/100|[from] item: Life Orb
|move|p1b: Rotom|Will-O-Wisp|p2b: Garchomp
|-status|p2b: Garchomp|brn
|
|-weather|none
|-heal|p1b: Rotom|21/100|[from] item: Leftovers
|-damage|p2b: Garchomp|84/100 brn|[from] brn
|-sideend|p1: frankino98|move: Light Screen
|upkeep
|turn|6
|inactive|frankino98 has 30 seconds left.
|inactive|frankino98 has 20 seconds left.
|inactive|frankino98 has 15 seconds left.
|
|t:|1785441473
|switch|p1b: Sinistcha|Sinistcha, L50|93/100
|-heal|p1a: Tyranitar|59/100|[from] ability: Hospitality|[of] p1b: Sinistcha
|move|p2a: Hydreigon|Earth Power|p1a: Tyranitar
|-supereffective|p1a: Tyranitar|1
|-damage|p1a: Tyranitar|8/100
|move|p1a: Tyranitar|Rock Slide|p2a: Hydreigon|[spread] p2a,p2b
|-resisted|p2b: Garchomp|1
|-damage|p2a: Hydreigon|27/100
|-damage|p2b: Garchomp|58/100 brn
|move|p2b: Garchomp|Dragon Claw|p1b: Sinistcha
|-damage|p1b: Sinistcha|71/100
|-damage|p2b: Garchomp|48/100 brn|[from] item: Life Orb
|
|-damage|p2b: Garchomp|43/100 brn|[from] brn
|upkeep
|turn|7
|inactive|frankino98 has 30 seconds left.
|inactive|frankino98 has 20 seconds left.
|inactive|frankino98 has 15 seconds left.
|inactive|frankino98 has 10 seconds left.
|
|t:|1785441519
|move|p1b: Sinistcha|Protect|p1b: Sinistcha
|-singleturn|p1b: Sinistcha|Protect
|move|p2a: Hydreigon|Earth Power|p1a: Tyranitar
|-supereffective|p1a: Tyranitar|1
|-damage|p1a: Tyranitar|0 fnt
|faint|p1a: Tyranitar
|move|p2b: Garchomp|Rock Slide|p1b: Sinistcha
|-activate|p1b: Sinistcha|move: Protect
|
|-damage|p2b: Garchomp|37/100 brn|[from] brn
|upkeep
|
|t:|1785441531
|switch|p1a: Steelix|Steelix, L50, M|100/100
|turn|8
|
|t:|1785441542
|switch|p2a: Basculegion|Basculegion, L50, M|100/100
|move|p1b: Sinistcha|Rage Powder|p1b: Sinistcha
|-singleturn|p1b: Sinistcha|move: Rage Powder
|move|p2b: Garchomp|Dragon Claw|p1b: Sinistcha
|-damage|p1b: Sinistcha|47/100
|-enditem|p1b: Sinistcha|Sitrus Berry|[eat]
|-heal|p1b: Sinistcha|72/100|[from] item: Sitrus Berry
|-damage|p2b: Garchomp|27/100 brn|[from] item: Life Orb
|move|p1a: Steelix|High Horsepower|p2b: Garchomp
|-damage|p2b: Garchomp|0 fnt
|-damage|p1a: Steelix|87/100|[from] ability: Rough Skin|[of] p2b: Garchomp
|faint|p2b: Garchomp
|
|upkeep
|
|t:|1785441553
|switch|p2b: Hydreigon|Hydreigon, L50, F|27/100
|turn|9
|
|t:|1785441561
|move|p2b: Hydreigon|Dark Pulse|p1b: Sinistcha
|-supereffective|p1b: Sinistcha|1
|-damage|p1b: Sinistcha|0 fnt
|faint|p1b: Sinistcha
|move|p2a: Basculegion|Wave Crash|p1a: Steelix
|-supereffective|p1a: Steelix|1
|-damage|p1a: Steelix|0 fnt
|faint|p1a: Steelix
|-damage|p2a: Basculegion|73/100|[from] Recoil
|
|upkeep
|-message|frankino98 forfeited.
|
|win|VOQJKk
|raw|frankino98's rating: 1084 → 1063(-21 for losing)
|raw|VOQJKk's rating: 1113 → 1136(+23 for winning)
|l|☆frankino98
|player|p1|
