|j|☆lukoog
|j|☆Oscarm92
|html|lukoogOscarm92    
|uhtml|bestof|Game 3 of a best-of-3
|t:|1783221105
|gametype|doubles
|player|p1|lukoog|1|1188
|player|p2|Oscarm92|170|1328
|gen|9
|tier|[Gen 9 Champions] VGC 2026 Reg M-B (Bo3)
|rated|
|rule|Species Clause: Limit one of each Pokémon
|rule|Item Clause: Limit 1 of each item
|clearpoke
|poke|p1|Raichu, L50, F|
|poke|p1|Gholdengo, L50|
|poke|p1|Aerodactyl, L50, F, shiny|
|poke|p1|Garchomp, L50, M, shiny|
|poke|p1|Kingambit, L50, F|
|poke|p1|Sceptile, L50, F|
|poke|p2|Charizard, L50, M, shiny|
|poke|p2|Aerodactyl, L50, F|
|poke|p2|Garchomp, L50, F, shiny|
|poke|p2|Kingambit, L50, F|
|poke|p2|Sylveon, L50, M|
|poke|p2|Farigiraf, L50, M|
|teampreview|4
|showteam|p1|Raichu||RaichuniteY|LightningRod|ZapCannon,FocusBlast,FakeOut,Protect|Timid||F|||50|]Gholdengo||LifeOrb|GoodasGold|MakeItRain,Protect,NastyPlot,ShadowBall|Modest|||||50|]Aerodactyl||FocusSash|Unnerve|RockSlide,Tailwind,StealthRock,WideGuard|Jolly||F|||50|]Garchomp||SoftSand|RoughSkin|Earthquake,RockSlide,StompingTantrum,Protect|Adamant||M|||50|]Kingambit||BlackGlasses|Defiant|SuckerPunch,KowtowCleave,LowKick,IronHead|Adamant||F|||50|]Sceptile||Sceptilite|Overgrow|Protect,EarthPower,DragonPulse,EnergyBall|Modest||F|||50|
|showteam|p2|Charizard||CharizarditeY|Blaze|HeatWave,WeatherBall,SolarBeam,Protect|Modest||M|||50|]Aerodactyl||Aerodactylite|Unnerve|IceFang,RockSlide,Tailwind,DualWingbeat|Jolly||F|||50|]Garchomp||LifeOrb|RoughSkin|DragonClaw,StompingTantrum,Earthquake,Protect|Jolly||F|||50|]Kingambit||FocusSash|Defiant|SuckerPunch,KowtowCleave,IronHead,LowKick|Adamant||F|||50|]Sylveon||FairyFeather|Pixilate|QuickAttack,HyperVoice,HyperBeam,Protect|Modest||M|||50|]Farigiraf||SitrusBerry|ArmorTail|TrickRoom,Thunderbolt,GrassKnot,TwinBeam|Bold||M|||50|
|inactive|Battle timer is ON: inactive players will automatically lose when time's up. (requested by lukoog)
|inactive|Oscarm92 has 60 seconds left.
|
|t:|1783221152
|teamsize|p1|4
|teamsize|p2|4
|start
|switch|p1a: Aerodactyl|Aerodactyl, L50, F, shiny|100/100
|switch|p1b: Garchomp|Garchomp, L50, M, shiny|100/100
|switch|p2a: Aerodactyl|Aerodactyl, L50, F|100/100
|switch|p2b: Sylveon|Sylveon, L50, M|100/100
|-ability|p1a: Aerodactyl|Unnerve
|-ability|p2a: Aerodactyl|Unnerve
|turn|1
|inactive|lukoog has 30 seconds left.
|
|t:|1783221182
|detailschange|p2a: Aerodactyl|Aerodactyl-Mega, L50, F
|-mega|p2a: Aerodactyl|Aerodactyl|Aerodactylite
|move|p1a: Aerodactyl|Wide Guard|p1a: Aerodactyl
|-singleturn|p1a: Aerodactyl|Wide Guard
|move|p2a: Aerodactyl|Ice Fang|p1b: Garchomp
|-supereffective|p1b: Garchomp|2
|-damage|p1b: Garchomp|0 fnt
|-damage|p2a: Aerodactyl|87/100|[from] ability: Rough Skin|[of] p1b: Garchomp
|faint|p1b: Garchomp
|move|p2b: Sylveon|Hyper Voice|p1a: Aerodactyl
|-activate|p1a: Aerodactyl|move: Wide Guard
|
|upkeep
|c|☆lukoog|ok
|
|t:|1783221195
|switch|p1b: Raichu|Raichu, L50, F|100/100
|turn|2
|inactive|lukoog has 30 seconds left.
|inactive|Oscarm92 has 30 seconds left.
|c|☆lukoog|gg
|inactive|lukoog has 20 seconds left.
|inactive|Oscarm92 has 20 seconds left.
|inactive|lukoog has 15 seconds left.
|inactive|Oscarm92 has 15 seconds left.
|inactive|lukoog has 10 seconds left.
|inactive|Oscarm92 has 10 seconds left.
|inactive|Oscarm92 has 5 seconds left.
|
|t:|1783221246
|detailschange|p1b: Raichu|Raichu-Mega-Y, L50, F
|-mega|p1b: Raichu|Raichu|Raichunite Y
|move|p2a: Aerodactyl|Tailwind|p2a: Aerodactyl
|-sidestart|p2: Oscarm92|move: Tailwind
|move|p1b: Raichu|Zap Cannon|p2b: Sylveon
|-damage|p2b: Sylveon|40/100
|-status|p2b: Sylveon|par
|move|p1a: Aerodactyl|Rock Slide|p2b: Sylveon|[spread] p2a,p2b
|-supereffective|p2a: Aerodactyl|1
|-damage|p2a: Aerodactyl|28/100
|-damage|p2b: Sylveon|12/100 par
|cant|p2b: Sylveon|flinch
|
|upkeep
|turn|3
|
|t:|1783221266
|move|p1b: Raichu|Protect|p1b: Raichu
|-singleturn|p1b: Raichu|Protect
|move|p2b: Sylveon|Quick Attack|p1a: Aerodactyl
|-damage|p1a: Aerodactyl|80/100
|move|p2a: Aerodactyl|Rock Slide|p1a: Aerodactyl|[spread] p1a
|-activate|p1b: Raichu|move: Protect
|-supereffective|p1a: Aerodactyl|1
|-damage|p1a: Aerodactyl|0 fnt
|faint|p1a: Aerodactyl
|
|upkeep
|
|t:|1783221280
|switch|p1a: Kingambit|Kingambit, L50, F|100/100
|turn|4
|inactive|Oscarm92 has 30 seconds left.
|inactive|Oscarm92 has 20 seconds left.
|inactive|Oscarm92 has 15 seconds left.
|inactive|Oscarm92 has 10 seconds left.
|
|t:|1783221329
|move|p2b: Sylveon|Quick Attack|p1a: Kingambit
|-damage|p1a: Kingambit|89/100
|move|p1a: Kingambit|Sucker Punch|p2a: Aerodactyl
|-damage|p2a: Aerodactyl|0 fnt
|faint|p2a: Aerodactyl
|move|p1b: Raichu|Focus Blast|p2b: Sylveon
|-resisted|p2b: Sylveon|1
|-damage|p2b: Sylveon|0 fnt
|faint|p2b: Sylveon
|
|upkeep
|
|t:|1783221339
|switch|p2a: Garchomp|Garchomp, L50, F, shiny|100/100
|switch|p2b: Kingambit|Kingambit, L50, F|100/100
|turn|5
|inactive|lukoog has 30 seconds left.
|inactive|Oscarm92 has 30 seconds left.
|inactive|Oscarm92 has 20 seconds left.
|
|t:|1783221380
|move|p1b: Raichu|Protect|p1b: Raichu
|-singleturn|p1b: Raichu|Protect
|move|p2b: Kingambit|Sucker Punch||[still]
|-fail|p2b: Kingambit
|move|p2a: Garchomp|Stomping Tantrum|p1a: Kingambit
|-supereffective|p1a: Kingambit|1
|-damage|p1a: Kingambit|13/100
|-damage|p2a: Garchomp|90/100|[from] item: Life Orb
|move|p1a: Kingambit|Low Kick|p2b: Kingambit
|-supereffective|p2b: Kingambit|2
|-enditem|p2b: Kingambit|Focus Sash
|-damage|p2b: Kingambit|1/100
|
|-sideend|p2: Oscarm92|move: Tailwind
|upkeep
|turn|6
|
|t:|1783221398
|move|p2b: Kingambit|Sucker Punch|p1a: Kingambit
|-resisted|p1a: Kingambit|1
|-damage|p1a: Kingambit|0 fnt
|faint|p1a: Kingambit
|move|p1b: Raichu|Focus Blast|p2a: Garchomp
|-damage|p2a: Garchomp|33/100
|move|p2a: Garchomp|Stomping Tantrum|p1b: Raichu
|-supereffective|p1b: Raichu|1
|-damage|p1b: Raichu|0 fnt
|faint|p1b: Raichu
|-damage|p2a: Garchomp|23/100|[from] item: Life Orb
|
|win|Oscarm92
|raw|lukoog's rating: 1188 → 1173(-15 for losing)
|raw|Oscarm92's rating: 1328 → 1340(+12 for winning)
|l|☆lukoog
|player|p1|
