|j|☆Npc red panther
|j|☆bestboi8989
|html|Npc red pantherbestboi8989    
|uhtml|bestof|Game 2 of a best-of-3
|t:|1757858710
|gametype|doubles
|player|p1|Npc red panther|265|1203
|player|p2|bestboi8989|169|1174
|gen|9
|tier|[Gen 9] VGC 2025 Reg H (Bo3)
|rated|
|rule|Species Clause: Limit one of each Pokémon
|rule|Item Clause: Limit 1 of each item
|clearpoke
|poke|p1|Kilowattrel, L50, M|
|poke|p1|Weezing-Galar, L50, F|
|poke|p1|Sneasler, L50, M|
|poke|p1|Ursaluna-Bloodmoon, L50, M|
|poke|p1|Indeedee, L50, M|
|poke|p1|Incineroar, L50, M|
|poke|p2|Indeedee, L50, M|
|poke|p2|Sneasler, L50, F|
|poke|p2|Excadrill, L50, F|
|poke|p2|Magmar, L50, M|
|poke|p2|Corviknight, L50, M|
|poke|p2|Tyranitar, L50, F|
|teampreview|4
|showteam|p1|Kilowattrel||FocusSash|Competitive|Tailwind,AirSlash,Discharge,Protect|||M|||50|,,,,,Electric]Weezing-Galar||CovertCloak|NeutralizingGas|DazzlingGleam,Taunt,WillOWisp,Protect|||F|||50|,,,,,Flying]Sneasler||PsychicSeed|Unburden|DireClaw,CloseCombat,ThroatChop,Protect|||M|||50|,,,,,Dark]Ursaluna-Bloodmoon||LifeOrb|MindsEye|HyperVoice,BloodMoon,EarthPower,Protect|||M|||50|,,,,,Normal]Indeedee||ChoiceScarf|PsychicSurge|ExpandingForce,DazzlingGleam,Trick,Protect|||M|||50|,,,,,Psychic]Incineroar||AssaultVest|Intimidate|FakeOut,FlareBlitz,KnockOff,Uturn|||M|||50|,,,,,Ghost
|showteam|p2|Indeedee||ChoiceScarf|PsychicSurge|ExpandingForce,TeraBlast,Trick,Protect|||M|||50|,,,,,Psychic]Sneasler||WhiteHerb|Unburden|FakeOut,CloseCombat,DireClaw,Coaching|||F|||50|,,,,,Flying]Excadrill||FocusSash|SandRush|Earthquake,IronHead,SwordsDance,Protect|||F|||50|,,,,,Ground]Magmar||Eviolite|VitalSpirit|HeatWave,FollowMe,HelpingHand,Protect|||M|||50|,,,,,Flying]Corviknight||PsychicSeed|MirrorArmor|BraveBird,PowerTrip,BulkUp,Roost|||M|||50|,,,,,Water]Tyranitar||AssaultVest|SandStream|RockSlide,KnockOff,LowKick,TeraBlast|||F|||50|,,,,,Flying
|
|t:|1757858734
|teamsize|p1|4
|teamsize|p2|4
|start
|switch|p1a: Weezing|Weezing-Galar, L50, F|100/100
|switch|p1b: Ursaluna|Ursaluna-Bloodmoon, L50, M|100/100
|switch|p2a: Tyranitar|Tyranitar, L50, F|100/100
|switch|p2b: Magmar|Magmar, L50, M|100/100
|-ability|p1a: Weezing|Neutralizing Gas
|turn|1
|
|t:|1757858769
|-terastallize|p1b: Ursaluna|Normal
|move|p2b: Magmar|Helping Hand|p2a: Tyranitar
|-singleturn|p2a: Tyranitar|Helping Hand|[of] p2b: Magmar
|move|p1b: Ursaluna|Hyper Voice|p2b: Magmar|[spread] p2a,p2b
|-resisted|p2a: Tyranitar
|-damage|p2a: Tyranitar|83/100
|-damage|p2b: Magmar|48/100
|-damage|p1b: Ursaluna|91/100|[from] item: Life Orb
|move|p2a: Tyranitar|Low Kick|p1b: Ursaluna
|-supereffective|p1b: Ursaluna
|-damage|p1b: Ursaluna|0 fnt
|faint|p1b: Ursaluna
|move|p1a: Weezing|Dazzling Gleam|p2b: Magmar|[spread] p2a,p2b
|-supereffective|p2a: Tyranitar
|-resisted|p2b: Magmar
|-damage|p2a: Tyranitar|62/100
|-damage|p2b: Magmar|41/100
|
|upkeep
|
|t:|1757858782
|switch|p1b: Sneasler|Sneasler, L50, M|100/100
|turn|2
|
|t:|1757858795
|-terastallize|p2a: Tyranitar|Flying
|move|p1b: Sneasler|Protect|p1b: Sneasler
|-singleturn|p1b: Sneasler|Protect
|move|p2b: Magmar|Follow Me|p2b: Magmar
|-singleturn|p2b: Magmar|move: Follow Me
|move|p2a: Tyranitar|Tera Blast|p1b: Sneasler|[anim] Tera Blast Flying
|-activate|p1b: Sneasler|move: Protect
|move|p1a: Weezing|Taunt|p2b: Magmar
|-start|p2b: Magmar|move: Taunt
|
|upkeep
|turn|3
|
|t:|1757858810
|switch|p1b: Indeedee|Indeedee, L50, M|100/100
|move|p2b: Magmar|Heat Wave|p1b: Indeedee|[spread] p1b
|-miss|p2b: Magmar|p1a: Weezing
|-crit|p1b: Indeedee
|-damage|p1b: Indeedee|45/100
|move|p2a: Tyranitar|Tera Blast|p1b: Indeedee|[anim] Tera Blast Flying
|-damage|p1b: Indeedee|0 fnt
|faint|p1b: Indeedee
|move|p1a: Weezing|Will-O-Wisp|p2a: Tyranitar
|-status|p2a: Tyranitar|brn
|
|-damage|p2a: Tyranitar|57/100 brn|[from] brn
|upkeep
|
|t:|1757858822
|switch|p1b: Sneasler|Sneasler, L50, M|100/100
|turn|4
|
|t:|1757858841
|move|p1b: Sneasler|Dire Claw|p2a: Tyranitar
|-damage|p2a: Tyranitar|23/100 brn
|move|p2b: Magmar|Heat Wave|p1b: Sneasler|[spread] p1a,p1b
|-damage|p1a: Weezing|73/100
|-damage|p1b: Sneasler|64/100
|move|p2a: Tyranitar|Rock Slide|p1b: Sneasler|[spread] p1a,p1b
|-resisted|p1b: Sneasler
|-damage|p1a: Weezing|60/100
|-damage|p1b: Sneasler|50/100
|move|p1a: Weezing|Dazzling Gleam|p2a: Tyranitar|[spread] p2a,p2b
|-resisted|p2b: Magmar
|-damage|p2a: Tyranitar|13/100 brn
|-damage|p2b: Magmar|33/100
|
|-damage|p2a: Tyranitar|7/100 brn|[from] brn
|upkeep
|turn|5
|
|t:|1757858870
|move|p1a: Weezing|Protect|p1a: Weezing
|-singleturn|p1a: Weezing|Protect
|move|p1b: Sneasler|Dire Claw|p2b: Magmar
|-damage|p2b: Magmar|0 fnt
|faint|p2b: Magmar
|move|p2a: Tyranitar|Tera Blast|p1b: Sneasler|[anim] Tera Blast Flying
|-supereffective|p1b: Sneasler
|-damage|p1b: Sneasler|0 fnt
|faint|p1b: Sneasler
|
|-damage|p2a: Tyranitar|1/100 brn|[from] brn
|upkeep
|-message|Npc red panther forfeited.
|
|win|bestboi8989
|raw|Npc red panther's rating: 1203 → 1176(-27 for losing)
|raw|bestboi8989's rating: 1174 → 1201(+27 for winning)
|l|☆Npc red panther
|player|p1|
