|j|☆ZeGaboVGC
|j|☆Dust and fidget
|html|ZeGaboVGCDust and fidget    
|uhtml|bestof|Game 1 of a best-of-3
|t:|1757087809
|gametype|doubles
|player|p1|ZeGaboVGC|benga|1197
|player|p2|Dust and fidget|akari|1406
|gen|9
|tier|[Gen 9] VGC 2025 Reg H (Bo3)
|rated|
|rule|Species Clause: Limit one of each Pokémon
|rule|Item Clause: Limit 1 of each item
|clearpoke
|poke|p1|Incineroar, L50, F|
|poke|p1|Amoonguss, L50, M|
|poke|p1|Ursaluna-Bloodmoon, L50, M|
|poke|p1|Sneasler, L50, F|
|poke|p1|Gholdengo, L50|
|poke|p1|Dragonite, L50, F|
|poke|p2|Rillaboom, L50, M|
|poke|p2|Sneasler, L50, F|
|poke|p2|Basculegion, L50, M|
|poke|p2|Farigiraf, L50, F|
|poke|p2|Magmar, L50, M|
|poke|p2|Archaludon, L50, M|
|teampreview|4
|showteam|p1|Incineroar||SafetyGoggles|Intimidate|FlareBlitz,KnockOff,PartingShot,FakeOut|||F|||50|,,,,,Ghost]Amoonguss||SitrusBerry|Regenerator|Spore,RagePowder,PollenPuff,Protect|||M|||50|,,,,,Dark]Ursaluna-Bloodmoon||AssaultVest|MindsEye|HyperVoice,BloodMoon,EarthPower,VacuumWave|||M|||50|,,,,,Water]Sneasler||FocusSash|Unburden|CloseCombat,DireClaw,ThroatChop,Protect|||F|||50|,,,,,Stellar]Gholdengo||LifeOrb|GoodasGold|MakeItRain,ShadowBall,NastyPlot,Protect||||||50|,,,,,Water]Dragonite||LoadedDice|Multiscale|ScaleShot,Tailwind,Haze,Protect|||F|||50|,,,,,Fairy
|showteam|p2|Rillaboom||AssaultVest|GrassySurge|WoodHammer,GrassyGlide,FakeOut,HighHorsepower|||M|||50|,,,,,Fire]Sneasler||FocusSash|Unburden|DireClaw,CloseCombat,ThroatChop,Protect|||F|||50|,,,,,Stellar]Basculegion||ChoiceScarf|Adaptability|WaveCrash,LastRespects,AquaJet,FlipTurn|||M|||50|,,,,,Grass]Farigiraf||ThroatSpray|ArmorTail|HyperVoice,TwinBeam,TrickRoom,Protect|||F|||50|,,,,,Fairy]Magmar||Eviolite|VitalSpirit|Flamethrower,Taunt,FollowMe,Protect|||M|||50|,,,,,Grass]Archaludon||PowerHerb|Sturdy|ElectroShot,DragonPulse,Thunderbolt,Protect|||M|||50|,,,,,Electric
|inactive|Battle timer is ON: inactive players will automatically lose when time's up. (requested by Dust and fidget)
|inactive|ZeGaboVGC also wants the timer to be on.
|inactive|ZeGaboVGC has 60 seconds left.
|inactive|Dust and fidget has 60 seconds left.
|
|t:|1757087866
|teamsize|p1|4
|teamsize|p2|4
|start
|switch|p1a: Incineroar|Incineroar, L50, F|100/100
|switch|p1b: Dragonite|Dragonite, L50, F|100/100
|switch|p2a: Gooseberry|Basculegion, L50, M, shiny|100/100
|switch|p2b: Archaludon|Archaludon, L50, M|100/100
|-ability|p1a: Incineroar|Intimidate|boost
|-unboost|p2a: Gooseberry|atk|1
|-unboost|p2b: Archaludon|atk|1
|turn|1
|
|t:|1757087889
|switch|p2a: Safety car|Farigiraf, L50, F, shiny|100/100
|-terastallize|p2b: Archaludon|Electric
|-terastallize|p1a: Incineroar|Ghost
|move|p1a: Incineroar|Fake Out||[still]
|cant|p2a: Safety car|ability: Armor Tail|Fake Out|[of] p1a: Incineroar
|move|p2b: Archaludon|Electro Shot||[still]
|-prepare|p2b: Archaludon|Electro Shot
|-boost|p2b: Archaludon|spa|1
|-enditem|p2b: Archaludon|Power Herb
|-anim|p2b: Archaludon|Electro Shot|p1b: Dragonite
|-damage|p1b: Dragonite|50/100
|move|p1b: Dragonite|Scale Shot|p2a: Safety car|[miss]
|-miss|p1b: Dragonite|p2a: Safety car
|
|upkeep
|turn|2
|inactive|Dust and fidget has 30 seconds left.
|
|t:|1757087916
|move|p1b: Dragonite|Protect|p1b: Dragonite
|-singleturn|p1b: Dragonite|Protect
|move|p2b: Archaludon|Dragon Pulse|p1b: Dragonite
|-activate|p1b: Dragonite|move: Protect
|move|p2a: Safety car|Twin Beam|p1a: Incineroar
|-damage|p1a: Incineroar|85/100
|-damage|p1a: Incineroar|70/100
|-hitcount|p1a: Incineroar|2
|move|p1a: Incineroar|Knock Off|p2a: Safety car
|-supereffective|p2a: Safety car
|-damage|p2a: Safety car|17/100
|-enditem|p2a: Safety car|Throat Spray|[from] move: Knock Off|[of] p1a: Incineroar
|
|upkeep
|turn|3
|inactive|ZeGaboVGC has 30 seconds left.
|
|t:|1757087942
|switch|p1b: Gholdengo|Gholdengo, L50|100/100
|move|p2b: Archaludon|Dragon Pulse|p1b: Gholdengo
|-resisted|p1b: Gholdengo
|-damage|p1b: Gholdengo|66/100
|move|p2a: Safety car|Twin Beam|p1a: Incineroar
|-damage|p1a: Incineroar|54/100
|-damage|p1a: Incineroar|39/100
|-hitcount|p1a: Incineroar|2
|move|p1a: Incineroar|Flare Blitz|p2b: Archaludon
|-damage|p2b: Archaludon|59/100
|-damage|p1a: Incineroar|28/100|[from] Recoil
|
|upkeep
|turn|4
|
|t:|1757087950
|move|p2b: Archaludon|Thunderbolt|p1b: Gholdengo
|-damage|p1b: Gholdengo|0 fnt
|faint|p1b: Gholdengo
|move|p2a: Safety car|Twin Beam|p1a: Incineroar
|-damage|p1a: Incineroar|12/100
|-damage|p1a: Incineroar|0 fnt
|faint|p1a: Incineroar
|-hitcount|p1: Incineroar|2
|
|upkeep
|
|t:|1757087953
|switch|p1b: Dragonite|Dragonite, L50, F|50/100
|switch|p1a: Sneasler|Sneasler, L50, F|100/100
|turn|5
|
|t:|1757087964
|move|p1a: Sneasler|Dire Claw|p2b: Archaludon
|-damage|p2b: Archaludon|21/100
|move|p2b: Archaludon|Dragon Pulse|p1b: Dragonite
|-supereffective|p1b: Dragonite
|-damage|p1b: Dragonite|0 fnt
|faint|p1b: Dragonite
|move|p2a: Safety car|Twin Beam|p1a: Sneasler
|-supereffective|p1a: Sneasler
|-crit|p1a: Sneasler
|-enditem|p1a: Sneasler|Focus Sash
|-damage|p1a: Sneasler|1/100
|-supereffective|p1a: Sneasler
|-damage|p1a: Sneasler|0 fnt
|faint|p1a: Sneasler
|-hitcount|p1: Sneasler|2
|
|win|Dust and fidget
||Dust and fidget is ready for game 2.
