|j|☆namboyVGC
|j|☆MudkipC4
|html|namboyVGCMudkipC4    
|uhtml|bestof|Game 1 of a best-of-3
|t:|1756235161
|gametype|doubles
|player|p1|namboyVGC|pokemonranger-gen4|1261
|player|p2|MudkipC4|265|1237
|gen|9
|tier|[Gen 9] VGC 2025 Reg H (Bo3)
|rated|
|rule|Species Clause: Limit one of each Pokémon
|rule|Item Clause: Limit 1 of each item
|clearpoke
|poke|p1|Sneasler, L50, F|
|poke|p1|Indeedee, L50, M|
|poke|p1|Annihilape, L50, F|
|poke|p1|Tyranitar, L50, M|
|poke|p1|Excadrill, L50, F|
|poke|p1|Hydreigon, L50, M|
|poke|p2|Incineroar, L50, M|
|poke|p2|Garchomp, L50, M|
|poke|p2|Talonflame, L50, F|
|poke|p2|Tyranitar, L50, F|
|poke|p2|Gothitelle, L50, F|
|poke|p2|Gholdengo, L50|
|teampreview|4
|showteam|p1|Sneasler||PsychicSeed|Unburden|CloseCombat,DireClaw,ThroatChop,Protect|||F|||50|,,,,,Dark]Indeedee||ChoiceScarf|PsychicSurge|ExpandingForce,TeraBlast,Trick,DazzlingGleam|||M|||50|,,,,,Fire]Annihilape||SafetyGoggles|Defiant|CloseCombat,RageFist,Taunt,FinalGambit|||F|||50|,,,,,Psychic]Tyranitar||AssaultVest|SandStream|RockSlide,KnockOff,TeraBlast,LowKick|||M|||50|,,,,,Flying]Excadrill||FocusSash|SandRush|HighHorsepower,Earthquake,IronHead,Protect|||F|||50|,,,,,Stellar]Hydreigon||CovertCloak|Levitate|Snarl,DracoMeteor,Tailwind,Roar|||M|||50|,,,,,Poison
|showteam|p2|Incineroar||RockyHelmet|Intimidate|FakeOut,KnockOff,FlareBlitz,PartingShot|||M|||50|,,,,,Grass]Garchomp||ClearAmulet|SandVeil|SwordsDance,Protect,Earthquake,DragonClaw|||M|||50|,,,,,Ground]Talonflame||SafetyGoggles|GaleWings|Tailwind,BraveBird,WillOWisp,QuickGuard|||F|||50|,,,,,Ghost]Tyranitar||AssaultVest|SandStream|RockSlide,KnockOff,LowKick,TeraBlast|||F|||50|,,,,,Flying]Gothitelle||SitrusBerry|ShadowTag|FakeOut,Psychic,Taunt,Protect|||F|||50|,,,,,Grass]Gholdengo||Leftovers|GoodasGold|NastyPlot,MakeItRain,ShadowBall,Protect||||||50|,,,,,Steel
|inactive|Battle timer is ON: inactive players will automatically lose when time's up. (requested by namboyVGC)
|inactive|namboyVGC has 60 seconds left.
|
|t:|1756235195
|teamsize|p1|4
|teamsize|p2|4
|start
|switch|p1a: Annihilape|Annihilape, L50, F|100/100
|switch|p1b: Hydreigon|Hydreigon, L50, M|100/100
|switch|p2a: Lumberchomp|Garchomp, L50, M|100/100
|switch|p2b: MegaTar|Tyranitar, L50, F, shiny|100/100
|-weather|Sandstorm|[from] ability: Sand Stream|[of] p2b: MegaTar
|turn|1
|
|t:|1756235219
|-terastallize|p1b: Hydreigon|Poison
|-terastallize|p2b: MegaTar|Flying
|move|p2a: Lumberchomp|Protect|p2a: Lumberchomp
|-singleturn|p2a: Lumberchomp|Protect
|move|p1b: Hydreigon|Tailwind|p1b: Hydreigon
|-sidestart|p1: namboyVGC|move: Tailwind
|move|p1a: Annihilape|Close Combat|p2b: MegaTar
|-resisted|p2b: MegaTar
|-damage|p2b: MegaTar|81/100
|-unboost|p1a: Annihilape|def|1
|-unboost|p1a: Annihilape|spd|1
|move|p2b: MegaTar|Tera Blast|p1a: Annihilape|[anim] Tera Blast Flying
|-supereffective|p1a: Annihilape
|-damage|p1a: Annihilape|0 fnt
|faint|p1a: Annihilape
|
|-weather|Sandstorm|[upkeep]
|-damage|p1b: Hydreigon|94/100|[from] Sandstorm
|-damage|p2b: MegaTar|75/100|[from] Sandstorm
|upkeep
|
|t:|1756235239
|switch|p1a: Excadrill|Excadrill, L50, F|100/100
|turn|2
|
|t:|1756235246
|switch|p2b: Talonhound|Talonflame, L50, F|100/100
|move|p1a: Excadrill|Iron Head|p2b: Talonhound
|-resisted|p2b: Talonhound
|-damage|p2b: Talonhound|71/100
|move|p1b: Hydreigon|Draco Meteor|p2a: Lumberchomp
|-supereffective|p2a: Lumberchomp
|-damage|p2a: Lumberchomp|0 fnt
|-unboost|p1b: Hydreigon|spa|2
|faint|p2a: Lumberchomp
|
|-weather|Sandstorm|[upkeep]
|-damage|p1b: Hydreigon|88/100|[from] Sandstorm
|upkeep
|
|t:|1756235254
|switch|p2a: MegaTar|Tyranitar, L50, F, shiny, tera:Flying|75/100
|turn|3
|
|t:|1756235266
|switch|p2b: MiniRoar|Incineroar, L50, M|100/100
|-ability|p2b: MiniRoar|Intimidate|boost
|-unboost|p1a: Excadrill|atk|1
|-unboost|p1b: Hydreigon|atk|1
|move|p1a: Excadrill|Iron Head|p2b: MiniRoar
|-resisted|p2b: MiniRoar
|-damage|p2b: MiniRoar|87/100
|-damage|p1a: Excadrill|84/100|[from] item: Rocky Helmet|[of] p2b: MiniRoar
|move|p1b: Hydreigon|Draco Meteor|p2b: MiniRoar
|-damage|p2b: MiniRoar|66/100
|-unboost|p1b: Hydreigon|spa|2
|move|p2a: MegaTar|Knock Off|p1b: Hydreigon
|-damage|p1b: Hydreigon|23/100
|-enditem|p1b: Hydreigon|Covert Cloak|[from] move: Knock Off|[of] p2a: MegaTar
|
|-weather|Sandstorm|[upkeep]
|-damage|p1b: Hydreigon|17/100|[from] Sandstorm
|-damage|p2a: MegaTar|69/100|[from] Sandstorm
|-damage|p2b: MiniRoar|60/100|[from] Sandstorm
|upkeep
|turn|4
|inactive|namboyVGC has 30 seconds left.
|
|t:|1756235293
|switch|p1a: Sneasler|Sneasler, L50, F|100/100
|move|p1b: Hydreigon|Draco Meteor|p2a: MegaTar
|-damage|p2a: MegaTar|57/100
|-unboost|p1b: Hydreigon|spa|2
|move|p2a: MegaTar|Knock Off|p1b: Hydreigon
|-damage|p1b: Hydreigon|0 fnt
|faint|p1b: Hydreigon
|move|p2b: MiniRoar|Parting Shot|p1a: Sneasler
|-unboost|p1a: Sneasler|atk|1
|-unboost|p1a: Sneasler|spa|1
|
|t:|1756235304
|switch|p2b: Talonhound|Talonflame, L50, F|71/100|[from] Parting Shot
|
|-weather|Sandstorm|[upkeep]
|-damage|p1a: Sneasler|95/100|[from] Sandstorm
|-damage|p2a: MegaTar|51/100|[from] Sandstorm
|-sideend|p1: namboyVGC|move: Tailwind
|upkeep
|
|t:|1756235311
|switch|p1b: Excadrill|Excadrill, L50, F|84/100
|turn|5
|
|t:|1756235317
|switch|p2a: MiniRoar|Incineroar, L50, M|60/100
|-ability|p2a: MiniRoar|Intimidate|boost
|-unboost|p1a: Sneasler|atk|1
|-unboost|p1b: Excadrill|atk|1
|move|p1b: Excadrill|Iron Head|p2b: Talonhound
|-resisted|p2b: Talonhound
|-damage|p2b: Talonhound|52/100
|move|p2b: Talonhound|Tailwind|p2b: Talonhound
|-sidestart|p2: MudkipC4|move: Tailwind
|move|p1a: Sneasler|Dire Claw|p2b: Talonhound
|-damage|p2b: Talonhound|23/100
|
|-weather|none
|upkeep
|turn|6
|
|t:|1756235334
|move|p1a: Sneasler|Protect|p1a: Sneasler
|-singleturn|p1a: Sneasler|Protect
|move|p2a: MiniRoar|Fake Out|p1a: Sneasler
|-activate|p1a: Sneasler|move: Protect
|move|p2b: Talonhound|Will-O-Wisp|p1b: Excadrill
|-status|p1b: Excadrill|brn
|move|p1b: Excadrill|Iron Head|p2b: Talonhound
|-resisted|p2b: Talonhound
|-damage|p2b: Talonhound|13/100
|
|-damage|p1b: Excadrill|78/100 brn|[from] brn
|upkeep
|turn|7
|
|t:|1756235351
|move|p2b: Talonhound|Tailwind||[still]
|-fail|p2b: Talonhound
|move|p1a: Sneasler|Close Combat|p2a: MiniRoar
|-supereffective|p2a: MiniRoar
|-damage|p2a: MiniRoar|0 fnt
|-unboost|p1a: Sneasler|def|1
|-unboost|p1a: Sneasler|spd|1
|-damage|p1a: Sneasler|79/100|[from] item: Rocky Helmet|[of] p2a: MiniRoar
|faint|p2a: MiniRoar
|move|p1b: Excadrill|Iron Head|p2b: Talonhound
|-resisted|p2b: Talonhound
|-damage|p2b: Talonhound|4/100
|
|-damage|p1b: Excadrill|72/100 brn|[from] brn
|upkeep
|
|t:|1756235357
|switch|p2a: MegaTar|Tyranitar, L50, F, shiny, tera:Flying|51/100
|-weather|Sandstorm|[from] ability: Sand Stream|[of] p2a: MegaTar
|turn|8
|
|t:|1756235369
|move|p1a: Sneasler|Protect|p1a: Sneasler
|-singleturn|p1a: Sneasler|Protect
|move|p2b: Talonhound|Brave Bird|p1b: Excadrill
|-resisted|p1b: Excadrill
|-damage|p1b: Excadrill|45/100 brn
|-damage|p2b: Talonhound|0 fnt|[from] Recoil
|faint|p2b: Talonhound
|move|p1b: Excadrill|Iron Head|p2a: MegaTar
|-damage|p2a: MegaTar|37/100
|move|p2a: MegaTar|Knock Off|p1b: Excadrill
|-damage|p1b: Excadrill|0 fnt
|-enditem|p1b: Excadrill|Focus Sash|[from] move: Knock Off|[of] p2a: MegaTar
|faint|p1b: Excadrill
|
|-weather|Sandstorm|[upkeep]
|-damage|p2a: MegaTar|31/100|[from] Sandstorm
|-damage|p1a: Sneasler|73/100|[from] Sandstorm
|-sideend|p2: MudkipC4|move: Tailwind
|upkeep
|turn|9
|c|☆MudkipC4|Gg
|
|t:|1756235389
|move|p1a: Sneasler|Dire Claw|p2a: MegaTar
|-damage|p2a: MegaTar|10/100
|move|p2a: MegaTar|Tera Blast|p1a: Sneasler|[anim] Tera Blast Flying
|-supereffective|p1a: Sneasler
|-damage|p1a: Sneasler|0 fnt
|faint|p1a: Sneasler
|
|win|MudkipC4
||namboyVGC is ready for game 2.
||MudkipC4 is ready for game 2.
|uhtml|next|Next: Game 2 of 3
|l|☆namboyVGC
|player|p1|
