|j|☆az1243452
|j|☆hash brown enjoyer
|html|az1243452hash brown enjoyer    
|uhtml|bestof|Game 1 of a best-of-3
|t:|1757806403
|gametype|doubles
|player|p1|az1243452|blackbelt-gen4|1012
|player|p2|hash brown enjoyer|101|1172
|gen|9
|tier|[Gen 9] VGC 2025 Reg H (Bo3)
|rated|
|rule|Species Clause: Limit one of each Pokémon
|rule|Item Clause: Limit 1 of each item
|clearpoke
|poke|p1|Incineroar, L50, F|
|poke|p1|Ambipom, L50, M|
|poke|p1|Gholdengo, L50|
|poke|p1|Scizor, L50, M|
|poke|p1|Rillaboom, L50, M|
|poke|p1|Murkrow, L50, M|
|poke|p2|Whimsicott, L50, M|
|poke|p2|Gholdengo, L50|
|poke|p2|Annihilape, L50, F|
|poke|p2|Incineroar, L50, M|
|poke|p2|Electabuzz, L50, M|
|poke|p2|Ursaluna-Bloodmoon, L50, M|
|teampreview|4
|showteam|p1|Incineroar||SafetyGoggles|Intimidate|PartingShot,FakeOut,FlareBlitz,KnockOff|||F|||50|,,,,,Ghost]Ambipom||ChoiceBand|Technician|FakeOut,Protect,TripleAxel,Uturn|||M|||50|,,,,,Normal]Gholdengo||SitrusBerry|GoodasGold|MakeItRain,NastyPlot,Protect,ShadowBall||||||50|,,,,,Water]Scizor||LifeOrb|Technician|AerialAce,BulletPunch,Protect,SwordsDance|||M|||50|,,,,,Water]Rillaboom||AssaultVest|GrassySurge|Uturn,GrassyGlide,WoodHammer,FakeOut|||M|||50|,,,,,Water]Murkrow||Eviolite|Prankster|Tailwind,Haze,FoulPlay,IcyWind|||M|||50|,,,,,Ghost
|showteam|p2|Whimsicott||CovertCloak|Prankster|Moonblast,Tailwind,Encore,FakeTears|||M|||50|,,,,,Water]Gholdengo||ChoiceSpecs|GoodasGold|MakeItRain,ShadowBall,PowerGem,SteelBeam||||||50|,,,,,Steel]Annihilape||FocusSash|Defiant|RageFist,CloseCombat,FinalGambit,Protect|||F|||50|,,,,,Grass]Incineroar||AssaultVest|Intimidate|FlareBlitz,KnockOff,FakeOut,Uturn|||M|||50|,,,,,Ghost]Electabuzz||Eviolite|VitalSpirit|Electroweb,Taunt,FollowMe,Protect|||M|||50|,,,,,Dragon]Ursaluna-Bloodmoon||LifeOrb|MindsEye|HyperVoice,EarthPower,BloodMoon,Protect|||M|||50|,,,,,Normal
|
|t:|1757806448
|teamsize|p1|4
|teamsize|p2|4
|start
|switch|p1a: Ambipom|Ambipom, L50, M|100/100
|switch|p1b: Scizor|Scizor, L50, M|100/100
|switch|p2a: Whimsicott|Whimsicott, L50, M|100/100
|switch|p2b: Ursaluna|Ursaluna-Bloodmoon, L50, M|100/100
|turn|1
|
|t:|1757806482
|switch|p2b: Incineroar|Incineroar, L50, M|100/100
|-ability|p2b: Incineroar|Intimidate|boost
|-unboost|p1a: Ambipom|atk|1
|-unboost|p1b: Scizor|atk|1
|-terastallize|p2a: Whimsicott|Water
|-terastallize|p1b: Scizor|Water
|move|p1a: Ambipom|Fake Out|p2a: Whimsicott
|-damage|p2a: Whimsicott|65/100
|move|p2a: Whimsicott|Tailwind|p2a: Whimsicott
|-sidestart|p2: hash brown enjoyer|move: Tailwind
|move|p1b: Scizor|Swords Dance|p1b: Scizor
|-boost|p1b: Scizor|atk|2
|
|upkeep
|turn|2
|
|t:|1757806506
|switch|p1a: Murkrow|Murkrow, L50, M|100/100
|move|p1b: Scizor|Protect|p1b: Scizor
|-singleturn|p1b: Scizor|Protect
|move|p2a: Whimsicott|Encore|p1b: Scizor
|-activate|p1b: Scizor|move: Protect
|move|p2b: Incineroar|U-turn|p1b: Scizor
|-activate|p1b: Scizor|move: Protect
|
|upkeep
|turn|3
|
|t:|1757806528
|move|p2a: Whimsicott|Encore|p1b: Scizor
|-start|p1b: Scizor|Encore
|move|p1a: Murkrow|Tailwind|p1a: Murkrow
|-sidestart|p1: az1243452|move: Tailwind
|move|p2b: Incineroar|U-turn|p1b: Scizor
|-damage|p1b: Scizor|77/100
|
|t:|1757806540
|switch|p2b: Ursaluna|Ursaluna-Bloodmoon, L50, M|100/100|[from] U-turn
|move|p1b: Scizor|Protect||[still]
|-fail|p1b: Scizor
|
|upkeep
|turn|4
|
|t:|1757806569
|switch|p1b: Ambipom|Ambipom, L50, M|100/100
|move|p2a: Whimsicott|Moonblast|p1a: Murkrow
|-supereffective|p1a: Murkrow
|-damage|p1a: Murkrow|54/100
|-unboost|p1a: Murkrow|spa|1
|move|p1a: Murkrow|Icy Wind|p2a: Whimsicott|[spread] p2a,p2b
|-resisted|p2a: Whimsicott
|-supereffective|p2b: Ursaluna
|-damage|p2a: Whimsicott|62/100
|-damage|p2b: Ursaluna|83/100
|-unboost|p2b: Ursaluna|spe|1
|move|p2b: Ursaluna|Hyper Voice|p1a: Murkrow|[spread] p1a,p1b
|-damage|p1a: Murkrow|12/100
|-damage|p1b: Ambipom|22/100
|-damage|p2b: Ursaluna|74/100|[from] item: Life Orb
|
|-sideend|p2: hash brown enjoyer|move: Tailwind
|upkeep
|turn|5
|
|t:|1757806595
|switch|p2b: Incineroar|Incineroar, L50, M|100/100
|-ability|p2b: Incineroar|Intimidate|boost
|-unboost|p1a: Murkrow|atk|1
|-unboost|p1b: Ambipom|atk|1
|move|p2a: Whimsicott|Tailwind|p2a: Whimsicott
|-sidestart|p2: hash brown enjoyer|move: Tailwind
|move|p1b: Ambipom|Triple Axel|p2b: Incineroar
|-resisted|p2b: Incineroar
|-damage|p2b: Incineroar|97/100
|-resisted|p2b: Incineroar
|-damage|p2b: Incineroar|88/100
|-resisted|p2b: Incineroar
|-damage|p2b: Incineroar|76/100
|-hitcount|p2b: Incineroar|3
|move|p1a: Murkrow|Foul Play|p2a: Whimsicott
|-damage|p2a: Whimsicott|40/100
|
|upkeep
|turn|6
|
|t:|1757806616
|switch|p1a: Rillaboom|Rillaboom, L50, M|100/100
|-fieldstart|move: Grassy Terrain|[from] ability: Grassy Surge|[of] p1a: Rillaboom
|move|p2b: Incineroar|Fake Out|p1b: Ambipom
|-damage|p1b: Ambipom|1/100
|cant|p1b: Ambipom|flinch
|move|p2a: Whimsicott|Moonblast|p1a: Rillaboom
|-damage|p1a: Rillaboom|80/100
|
|-heal|p1b: Ambipom|7/100|[from] Grassy Terrain
|-heal|p2a: Whimsicott|46/100|[from] Grassy Terrain
|-heal|p2b: Incineroar|82/100|[from] Grassy Terrain
|-heal|p1a: Rillaboom|86/100|[from] Grassy Terrain
|-sideend|p1: az1243452|move: Tailwind
|upkeep
|turn|7
|
|t:|1757806635
|switch|p1b: Scizor|Scizor, L50, M, tera:Water|77/100
|move|p1a: Rillaboom|Fake Out|p2b: Incineroar
|-damage|p2b: Incineroar|67/100
|move|p2a: Whimsicott|Moonblast|p1b: Scizor
|-damage|p1b: Scizor|47/100
|cant|p2b: Incineroar|flinch
|
|-heal|p2a: Whimsicott|51/100|[from] Grassy Terrain
|-heal|p2b: Incineroar|73/100|[from] Grassy Terrain
|-heal|p1b: Scizor|53/100|[from] Grassy Terrain
|-heal|p1a: Rillaboom|92/100|[from] Grassy Terrain
|upkeep
|turn|8
|
|t:|1757806649
|move|p2a: Whimsicott|Encore|p1a: Rillaboom
|-start|p1a: Rillaboom|Encore
|move|p1a: Rillaboom|Fake Out||[still]
|-hint|Fake Out only works on your first turn out.
|-fail|p1a: Rillaboom
|move|p2b: Incineroar|U-turn|p1b: Scizor
|-damage|p1b: Scizor|29/100
|
|t:|1757806661
|switch|p2b: Ursaluna|Ursaluna-Bloodmoon, L50, M|74/100|[from] U-turn
|move|p1b: Scizor|Aerial Ace|p2b: Ursaluna
|-damage|p2b: Ursaluna|39/100
|-damage|p1b: Scizor|19/100|[from] item: Life Orb
|
|-heal|p2a: Whimsicott|57/100|[from] Grassy Terrain
|-heal|p2b: Ursaluna|45/100|[from] Grassy Terrain
|-heal|p1b: Scizor|25/100|[from] Grassy Terrain
|-heal|p1a: Rillaboom|98/100|[from] Grassy Terrain
|-sideend|p2: hash brown enjoyer|move: Tailwind
|upkeep
|turn|9
|
|t:|1757806681
|switch|p1a: Ambipom|Ambipom, L50, M|7/100
|move|p2b: Ursaluna|Protect|p2b: Ursaluna
|-singleturn|p2b: Ursaluna|Protect
|move|p1b: Scizor|Protect|p1b: Scizor
|-singleturn|p1b: Scizor|Protect
|move|p2a: Whimsicott|Moonblast|p1b: Scizor
|-activate|p1b: Scizor|move: Protect
|
|-heal|p1a: Ambipom|13/100|[from] Grassy Terrain
|-heal|p2a: Whimsicott|63/100|[from] Grassy Terrain
|-heal|p2b: Ursaluna|51/100|[from] Grassy Terrain
|-heal|p1b: Scizor|32/100|[from] Grassy Terrain
|upkeep
|turn|10
|
|t:|1757806716
|switch|p2b: Incineroar|Incineroar, L50, M|73/100
|-ability|p2b: Incineroar|Intimidate|boost
|-unboost|p1a: Ambipom|atk|1
|-unboost|p1b: Scizor|atk|1
|move|p1a: Ambipom|Fake Out|p2a: Whimsicott
|-damage|p2a: Whimsicott|28/100
|move|p2a: Whimsicott|Moonblast|p1b: Scizor
|-damage|p1b: Scizor|0 fnt
|faint|p1b: Scizor
|
|-heal|p1a: Ambipom|19/100|[from] Grassy Terrain
|-heal|p2a: Whimsicott|34/100|[from] Grassy Terrain
|-heal|p2b: Incineroar|79/100|[from] Grassy Terrain
|-fieldend|move: Grassy Terrain
|upkeep
|
|t:|1757806728
|switch|p1b: Murkrow|Murkrow, L50, M|12/100
|turn|11
|
|t:|1757806735
|switch|p1a: Rillaboom|Rillaboom, L50, M|98/100
|-fieldstart|move: Grassy Terrain|[from] ability: Grassy Surge|[of] p1a: Rillaboom
|move|p2a: Whimsicott|Tailwind|p2a: Whimsicott
|-sidestart|p2: hash brown enjoyer|move: Tailwind
|move|p1b: Murkrow|Tailwind|p1b: Murkrow
|-sidestart|p1: az1243452|move: Tailwind
|move|p2b: Incineroar|U-turn|p1a: Rillaboom
|-supereffective|p1a: Rillaboom
|-crit|p1a: Rillaboom
|-damage|p1a: Rillaboom|29/100
|-message|az1243452 forfeited.
|
|win|hash brown enjoyer
|l|☆az1243452
|player|p1|
|raw|az1243452's rating: 1012 → 1005(-7 for losing)
|raw|hash brown enjoyer's rating: 1172 → 1186(+14 for winning)
