|j|☆doxsego
|j|☆Philly Turtles
|html|doxsegoPhilly Turtles    
|uhtml|bestof|Game 1 of a best-of-3
|t:|1785082488
|gametype|doubles
|player|p1|doxsego|265|
|player|p2|Philly Turtles|candice|
|gen|9
|tier|[Gen 9 Champions] VGC 2026 Reg M-B (Bo3)
|rule|Species Clause: Limit one of each Pokémon
|rule|Item Clause: Limit 1 of each item
|raw|1 custom rule: !Force Open Team Sheets
|clearpoke
|poke|p1|Espathra, L50, F|
|poke|p1|Sinistcha, L50|
|poke|p1|Ceruledge, L50, M, shiny|
|poke|p1|Incineroar, L50, M|
|poke|p1|Kingambit, L50, F|
|poke|p1|Sylveon, L50, M|
|poke|p2|Froslass, L50, F|
|poke|p2|Primarina, L50, M|
|poke|p2|Crabominable, L50, F, shiny|
|poke|p2|Slowking-Galar, L50, M|
|poke|p2|Tsareena, L50, F|
|poke|p2|Sableye, L50, F|
|teampreview|4
|
|t:|1785082595
|teamsize|p1|4
|teamsize|p2|4
|start
|switch|p1a: Espathra|Espathra, L50, F|100/100
|switch|p1b: Sinistcha|Sinistcha, L50|100/100
|switch|p2a: Froslass|Froslass, L50, F|100/100
|switch|p2b: Tsareena|Tsareena, L50, F|100/100
|turn|1
|c|☆Philly Turtles|glhf
|c|☆doxsego|u too
|
|t:|1785082711
|switch|p1b: Kingambit|Kingambit, L50, F|100/100
|detailschange|p2a: Froslass|Froslass-Mega, L50, F
|-mega|p2a: Froslass|Froslass|Froslassite
|-weather|Snowscape|[from] ability: Snow Warning|[of] p2a: Froslass
|move|p2a: Froslass|Aurora Veil|p2a: Froslass
|-sidestart|p2: Philly Turtles|move: Aurora Veil
|move|p2b: Tsareena|Triple Axel|p1b: Kingambit
|-resisted|p1b: Kingambit|1
|-damage|p1b: Kingambit|97/100
|-resisted|p1b: Kingambit|1
|-damage|p1b: Kingambit|91/100
|-resisted|p1b: Kingambit|1
|-damage|p1b: Kingambit|83/100
|-hitcount|p1b: Kingambit|3
|move|p1a: Espathra|Trick Room|p1a: Espathra
|-fieldstart|move: Trick Room|[of] p1a: Espathra
|
|-weather|Snowscape|[upkeep]
|-ability|p1a: Espathra|Speed Boost|boost
|-boost|p1a: Espathra|spe|1
|upkeep
|turn|2
|
|t:|1785082842
|move|p2a: Froslass|Protect|p2a: Froslass
|-singleturn|p2a: Froslass|Protect
|move|p1a: Espathra|Protect|p1a: Espathra
|-singleturn|p1a: Espathra|Protect
|move|p1b: Kingambit|Brick Break|p2b: Tsareena
|-sideend|p2: Philly Turtles|move: Aurora Veil
|-damage|p2b: Tsareena|61/100
|move|p2b: Tsareena|High Jump Kick|p1b: Kingambit
|-supereffective|p1b: Kingambit|2
|-enditem|p1b: Kingambit|Chople Berry|[eat]
|-enditem|p1b: Kingambit|Chople Berry|[weaken]
|-damage|p1b: Kingambit|13/100
|
|-weather|Snowscape|[upkeep]
|-ability|p1a: Espathra|Speed Boost|boost
|-boost|p1a: Espathra|spe|1
|upkeep
|turn|3
|
|t:|1785082903
|switch|p2a: Primarina|Primarina, L50, M|100/100
|switch|p1a: Sinistcha|Sinistcha, L50|100/100
|-heal|p1b: Kingambit|37/100|[from] ability: Hospitality|[of] p1a: Sinistcha
|move|p1b: Kingambit|Kowtow Cleave|p2a: Primarina
|-resisted|p2a: Primarina|1
|-damage|p2a: Primarina|68/100
|move|p2b: Tsareena|High Jump Kick|p1b: Kingambit
|-supereffective|p1b: Kingambit|2
|-damage|p1b: Kingambit|0 fnt
|faint|p1b: Kingambit
|
|-weather|Snowscape|[upkeep]
|upkeep
|
|t:|1785082931
|switch|p1b: Espathra|Espathra, L50, F|100/100
|turn|4
|
|t:|1785082949
|move|p1a: Sinistcha|Rage Powder|p1a: Sinistcha
|-singleturn|p1a: Sinistcha|move: Rage Powder
|move|p2a: Primarina|Calm Mind|p2a: Primarina
|-boost|p2a: Primarina|spa|1
|-boost|p2a: Primarina|spd|1
|move|p2b: Tsareena|U-turn|p1b: Espathra
|-supereffective|p1b: Espathra|1
|-damage|p1b: Espathra|27/100
|
|t:|1785082958
|switch|p2b: Froslass|Froslass-Mega, L50, F|100/100|[from] U-turn
|move|p1b: Espathra|Skill Swap|p2a: Primarina
|-activate|p1b: Espathra|Skill Swap|Liquid Voice|Speed Boost|[of] p2a: Primarina
|
|-weather|Snowscape|[upkeep]
|-ability|p2a: Primarina|Speed Boost|boost
|-boost|p2a: Primarina|spe|1
|upkeep
|turn|5
|
|t:|1785082978
|switch|p1b: Ceruledge|Ceruledge, L50, M, shiny|100/100
|move|p1a: Sinistcha|Matcha Gotcha|p2b: Froslass|[spread] p2a,p2b
|-supereffective|p2a: Primarina|1
|-damage|p2a: Primarina|38/100
|-damage|p2b: Froslass|69/100
|-status|p2b: Froslass|brn
|move|p2a: Primarina|Blizzard|p1a: Sinistcha|[spread] p1a,p1b
|-supereffective|p1a: Sinistcha|1
|-resisted|p1b: Ceruledge|1
|-damage|p1a: Sinistcha|0 fnt
|-damage|p1b: Ceruledge|73/100
|faint|p1a: Sinistcha
|-damage|p2a: Primarina|28/100|[from] item: Life Orb
|move|p2b: Froslass|Aurora Veil|p2b: Froslass
|-sidestart|p2: Philly Turtles|move: Aurora Veil
|
|-weather|none
|-damage|p2b: Froslass|63/100 brn|[from] brn
|-fieldend|move: Trick Room
|-ability|p2a: Primarina|Speed Boost|boost
|-boost|p2a: Primarina|spe|1
|upkeep
|
|t:|1785083000
|switch|p1a: Espathra|Espathra, L50, F|27/100
|turn|6
|
|t:|1785083071
|switch|p2b: Tsareena|Tsareena, L50, F|61/100
|move|p2a: Primarina|Moonblast|p1a: Espathra
|-damage|p1a: Espathra|0 fnt
|faint|p1a: Espathra
|-damage|p2a: Primarina|19/100|[from] item: Life Orb
|move|p1b: Ceruledge|Bulk Up|p1b: Ceruledge
|-boost|p1b: Ceruledge|atk|1
|-boost|p1b: Ceruledge|def|1
|
|-ability|p2a: Primarina|Speed Boost|boost
|-boost|p2a: Primarina|spe|1
|upkeep
|turn|7
|
|t:|1785083101
|move|p1b: Ceruledge|Shadow Sneak||[still]
|cant|p2b: Tsareena|ability: Queenly Majesty|Shadow Sneak|[of] p1b: Ceruledge
|move|p2a: Primarina|Moonblast|p1b: Ceruledge
|-resisted|p1b: Ceruledge|1
|-damage|p1b: Ceruledge|21/100
|-damage|p2a: Primarina|9/100|[from] item: Life Orb
|move|p2b: Tsareena|U-turn|p1b: Ceruledge
|-resisted|p1b: Ceruledge|2
|-damage|p1b: Ceruledge|16/100
|
|t:|1785083110
|switch|p2b: Froslass|Froslass-Mega, L50, F|63/100 brn|[from] U-turn
|-weather|Snowscape|[from] ability: Snow Warning|[of] p2b: Froslass
|
|-weather|Snowscape|[upkeep]
|-damage|p2b: Froslass|57/100 brn|[from] brn
|-ability|p2a: Primarina|Speed Boost|boost
|-boost|p2a: Primarina|spe|1
|upkeep
|turn|8
|
|t:|1785083121
|move|p2a: Primarina|Moonblast|p1b: Ceruledge
|-resisted|p1b: Ceruledge|1
|-damage|p1b: Ceruledge|0 fnt
|faint|p1b: Ceruledge
|-damage|p2a: Primarina|0 fnt|[from] item: Life Orb
|faint|p2a: Primarina
|
|win|Philly Turtles
||Philly Turtles is ready for game 2.
|inactive|doxsego has 30 seconds to confirm battle start!
||doxsego is ready for game 2.
|uhtml|next|Next: Game 2 of 3
|l|☆doxsego
|player|p1|
