|j|‽Gejeknf
|j|☆Emiru<3
|html|GejeknfEmiru<3    
|uhtml|bestof|Game 1 of a best-of-3
|t:|1757825213
|gametype|doubles
|player|p1|Gejeknf|170|1080
|player|p2|Emiru<3|rosa|1040
|gen|9
|tier|[Gen 9] VGC 2025 Reg H (Bo3)
|rated|
|rule|Species Clause: Limit one of each Pokémon
|rule|Item Clause: Limit 1 of each item
|clearpoke
|poke|p1|Dragapult, L50, M|
|poke|p1|Whimsicott, L50, F|
|poke|p1|Gholdengo, L50|
|poke|p1|Rillaboom, L50, F|
|poke|p1|Sneasler, L50, M|
|poke|p1|Ursaluna, L50, M|
|poke|p2|Tinkaton, L50, F|
|poke|p2|Mienshao, L50, F|
|poke|p2|Whimsicott, L50, M|
|poke|p2|Ursaluna-Bloodmoon, L50, M|
|poke|p2|Farigiraf, L50, F|
|poke|p2|Baxcalibur, L50, M|
|teampreview|4
|showteam|p1|Dragapult||FocusSash|ClearBody|DragonDarts,Protect,TeraBlast,WillOWisp|||M|||50|,,,,,Ghost]Whimsicott||CovertCloak|Prankster|Tailwind,Taunt,Encore,Moonblast|||F|||50|,,,,,Dark]Gholdengo||GrassySeed|GoodasGold|MakeItRain,NastyPlot,ShadowBall,Protect||||||50|,,,,,Steel]Rillaboom||AssaultVest|GrassySurge|FakeOut,GrassyGlide,HighHorsepower,DrumBeating|||F|||50|,,,,,Grass]Sneasler||WhiteHerb|Unburden|DireClaw,CloseCombat,Coaching,Protect|||M|||50|,,,,,Stellar]Ursaluna||SitrusBerry|Unnerve|BulkUp,Facade,HeadlongRush,Protect|||M|||50|,,,,,Ghost
|showteam|p2|Tinkaton||AssaultVest|MoldBreaker|FakeOut,KnockOff,PlayRough,GigatonHammer|||F|||50|,,,,,Steel]Mienshao||FocusSash|InnerFocus|FakeOut,CloseCombat,Coaching,WideGuard|||F|||50|,,,,,Fighting]Whimsicott||CovertCloak|Prankster|Moonblast,Tailwind,FakeTears,Encore|||M|||50|,,,,,Dark]Ursaluna-Bloodmoon||LifeOrb|MindsEye|EarthPower,HyperVoice,BloodMoon,Protect|||M|||50|,,,,,Normal]Farigiraf||ThroatSpray|ArmorTail|HyperVoice,Psychic,Protect,TrickRoom|||F|||50|,,,,,Fairy]Baxcalibur||LoadedDice|ThermalExchange|SwordsDance,ScaleShot,IcicleSpear,Protect|||M|||50|,,,,,Steel
|inactive|Battle timer is ON: inactive players will automatically lose when time's up. (requested by Gejeknf)
|inactive|Gejeknf has 60 seconds left.
|inactive|Emiru<3 has 60 seconds left.
|
|t:|1757825263
|teamsize|p1|4
|teamsize|p2|4
|start
|switch|p1a: Gholdengo|Gholdengo, L50|100/100
|switch|p1b: Rillaboom|Rillaboom, L50, F|100/100
|switch|p2a: Tinkaton|Tinkaton, L50, F|100/100
|switch|p2b: Mienshao|Mienshao, L50, F|100/100
|-fieldstart|move: Grassy Terrain|[from] ability: Grassy Surge|[of] p1b: Rillaboom
|-enditem|p1a: Gholdengo|Grassy Seed
|-boost|p1a: Gholdengo|def|1|[from] item: Grassy Seed
|-ability|p2a: Tinkaton|Mold Breaker
|turn|1
|inactive|Emiru<3 has 30 seconds left.
|
|t:|1757825293
|move|p2b: Mienshao|Fake Out|p1b: Rillaboom
|-damage|p1b: Rillaboom|87/100
|cant|p1b: Rillaboom|flinch
|move|p1a: Gholdengo|Nasty Plot|p1a: Gholdengo
|-boost|p1a: Gholdengo|spa|2
|move|p2a: Tinkaton|Knock Off|p1a: Gholdengo
|-supereffective|p1a: Gholdengo
|-damage|p1a: Gholdengo|76/100
|
|-heal|p1b: Rillaboom|93/100|[from] Grassy Terrain
|-heal|p1a: Gholdengo|82/100|[from] Grassy Terrain
|upkeep
|turn|2
|inactive|Gejeknf has 30 seconds left.
|inactive|Emiru<3 has 30 seconds left.
|
|t:|1757825328
|move|p2b: Mienshao|Coaching|p2a: Tinkaton
|-boost|p2a: Tinkaton|atk|1
|-boost|p2a: Tinkaton|def|1
|move|p1b: Rillaboom|High Horsepower|p2a: Tinkaton
|-supereffective|p2a: Tinkaton
|-damage|p2a: Tinkaton|55/100
|move|p1a: Gholdengo|Shadow Ball|p2a: Tinkaton
|-damage|p2a: Tinkaton|7/100
|move|p2a: Tinkaton|Gigaton Hammer|p1a: Gholdengo
|-resisted|p1a: Gholdengo
|-damage|p1a: Gholdengo|50/100
|
|-heal|p1b: Rillaboom|99/100|[from] Grassy Terrain
|-heal|p1a: Gholdengo|56/100|[from] Grassy Terrain
|-heal|p2a: Tinkaton|13/100|[from] Grassy Terrain
|upkeep
|turn|3
|inactive|Gejeknf has 30 seconds left.
|inactive|Emiru<3 has 30 seconds left.
|
|t:|1757825363
|switch|p2b: Farigiraf|Farigiraf, L50, F|100/100
|move|p1b: Rillaboom|Grassy Glide||[still]
|cant|p2b: Farigiraf|ability: Armor Tail|Grassy Glide|[of] p1b: Rillaboom
|move|p1a: Gholdengo|Shadow Ball|p2b: Farigiraf
|-immune|p2b: Farigiraf
|move|p2a: Tinkaton|Knock Off|p1a: Gholdengo
|-supereffective|p1a: Gholdengo
|-damage|p1a: Gholdengo|20/100
|
|-heal|p1b: Rillaboom|100/100|[from] Grassy Terrain
|-heal|p1a: Gholdengo|26/100|[from] Grassy Terrain
|-heal|p2a: Tinkaton|19/100|[from] Grassy Terrain
|upkeep
|turn|4
|inactive|Emiru<3 has 30 seconds left.
|
|t:|1757825394
|switch|p2a: Mienshao|Mienshao, L50, F|100/100
|-terastallize|p1a: Gholdengo|Steel
|move|p1b: Rillaboom|Drum Beating|p2b: Farigiraf
|-damage|p2b: Farigiraf|52/100
|-unboost|p2b: Farigiraf|spe|1
|move|p1a: Gholdengo|Make It Rain|p2b: Farigiraf|[spread] p2a,p2b
|-enditem|p2a: Mienshao|Focus Sash
|-damage|p2a: Mienshao|1/100
|-damage|p2b: Farigiraf|0 fnt
|-unboost|p1a: Gholdengo|spa|1
|faint|p2b: Farigiraf
|
|-heal|p2a: Mienshao|7/100|[from] Grassy Terrain
|-heal|p1a: Gholdengo|33/100|[from] Grassy Terrain
|upkeep
|
|t:|1757825410
|switch|p2b: Tinkaton|Tinkaton, L50, F|19/100
|-ability|p2b: Tinkaton|Mold Breaker
|turn|5
|inactive|Emiru<3 has 30 seconds left.
|
|t:|1757825443
|switch|p1b: Whimsicott|Whimsicott, L50, F|100/100
|move|p1a: Gholdengo|Protect|p1a: Gholdengo
|-singleturn|p1a: Gholdengo|Protect
|move|p2a: Mienshao|Fake Out|p1b: Whimsicott
|-crit|p1b: Whimsicott
|-damage|p1b: Whimsicott|77/100
|move|p2b: Tinkaton|Gigaton Hammer|p1a: Gholdengo
|-activate|p1a: Gholdengo|move: Protect
|
|-heal|p2a: Mienshao|13/100|[from] Grassy Terrain
|-heal|p1b: Whimsicott|82/100|[from] Grassy Terrain
|-heal|p1a: Gholdengo|39/100|[from] Grassy Terrain
|-heal|p2b: Tinkaton|25/100|[from] Grassy Terrain
|-fieldend|move: Grassy Terrain
|upkeep
|turn|6
|inactive|Emiru<3 has 30 seconds left.
|inactive|Emiru<3 has 20 seconds left.
|inactive|Emiru<3 has 15 seconds left.
|inactive|Emiru<3 has 10 seconds left.
|
|t:|1757825489
|move|p2a: Mienshao|Wide Guard|p2a: Mienshao
|-singleturn|p2a: Mienshao|Wide Guard
|move|p1b: Whimsicott|Tailwind|p1b: Whimsicott
|-sidestart|p1: Gejeknf|move: Tailwind
|move|p1a: Gholdengo|Shadow Ball|p2a: Mienshao
|-damage|p2a: Mienshao|0 fnt
|faint|p2a: Mienshao
|move|p2b: Tinkaton|Knock Off|p1b: Whimsicott
|-resisted|p1b: Whimsicott
|-damage|p1b: Whimsicott|70/100
|-enditem|p1b: Whimsicott|Covert Cloak|[from] move: Knock Off|[of] p2b: Tinkaton
|
|upkeep
|
|t:|1757825500
|switch|p2a: Baxcalibur|Baxcalibur, L50, M|100/100
|turn|7
|
|t:|1757825525
|-terastallize|p2a: Baxcalibur|Steel
|move|p1b: Whimsicott|Moonblast|p2a: Baxcalibur
|-resisted|p2a: Baxcalibur
|-damage|p2a: Baxcalibur|85/100
|move|p1a: Gholdengo|Make It Rain|p2b: Tinkaton|[spread] p2a,p2b
|-resisted|p2a: Baxcalibur
|-damage|p2a: Baxcalibur|34/100
|-damage|p2b: Tinkaton|0 fnt
|-unboost|p1a: Gholdengo|spa|1
|faint|p2b: Tinkaton
|move|p2a: Baxcalibur|Icicle Spear|p1b: Whimsicott
|-supereffective|p1b: Whimsicott
|-damage|p1b: Whimsicott|38/100
|-supereffective|p1b: Whimsicott
|-damage|p1b: Whimsicott|6/100
|-supereffective|p1b: Whimsicott
|-damage|p1b: Whimsicott|0 fnt
|faint|p1b: Whimsicott
|-hitcount|p1: Whimsicott|3
|
|upkeep
|
|t:|1757825538
|switch|p1b: Rillaboom|Rillaboom, L50, F|100/100
|-fieldstart|move: Grassy Terrain|[from] ability: Grassy Surge|[of] p1b: Rillaboom
|turn|8
|
|t:|1757825558
|move|p1b: Rillaboom|Drum Beating|p2a: Baxcalibur
|-resisted|p2a: Baxcalibur
|-damage|p2a: Baxcalibur|9/100
|-unboost|p2a: Baxcalibur|spe|1
|move|p1a: Gholdengo|Shadow Ball|p2a: Baxcalibur
|-damage|p2a: Baxcalibur|0 fnt
|faint|p2a: Baxcalibur
|
|win|Gejeknf
|l|‽Gejeknf
|player|p1|
||Gejeknf is ready for game 2.
||Emiru<3 is ready for game 2.
|uhtml|next|Next: Game 2 of 3
