|j|☆TobiYume
|j|☆TheClimbr05
|html|TobiYumeTheClimbr05    
|uhtml|bestof|Game 1 of a best-of-3
|t:|1783531166
|gametype|doubles
|player|p1|TobiYume|cheren-gen5bw2|1189
|player|p2|TheClimbr05|1|1203
|gen|9
|tier|[Gen 9 Champions] VGC 2026 Reg M-B (Bo3)
|rated|
|rule|Species Clause: Limit one of each Pokémon
|rule|Item Clause: Limit 1 of each item
|clearpoke
|poke|p1|Tyranitar, L50, M|
|poke|p1|Garchomp, L50, F|
|poke|p1|Corviknight, L50, M, shiny|
|poke|p1|Rotom-Wash, L50|
|poke|p1|Sneasler, L50, M|
|poke|p1|Froslass, L50, F|
|poke|p2|Ninetales-Alola, L50, M|
|poke|p2|Milotic, L50, M|
|poke|p2|Tyranitar, L50, F|
|poke|p2|Delphox, L50, F|
|poke|p2|Sneasler, L50, M|
|poke|p2|Sinistcha, L50|
|teampreview|4
|showteam|p1|Tyranitar||Tyranitarite|SandStream|RockSlide,KnockOff,LowKick,Protect|Adamant||M|||50|]Garchomp||LifeOrb|RoughSkin|DragonClaw,Earthquake,RockSlide,Protect|Jolly||F|||50|]Corviknight||Leftovers|MirrorArmor|BraveBird,BulkUp,Roost,Tailwind|Careful||M|||50|]Rotom-Wash||ChoiceScarf|Levitate|Thunderbolt,HydroPump,Electroweb,Trick|Timid|||||50|]Sneasler||WhiteHerb|Unburden|FakeOut,DireClaw,CloseCombat,Protect|Adamant||M|||50|]Froslass||Froslassite|CursedBody|Blizzard,ShadowBall,AuroraVeil,Protect|Timid||F|||50|
|showteam|p2|Ninetales-Alola||LightClay|SnowWarning|Protect,Hypnosis,AuroraVeil,FreezeDry|Timid||M|||50|]Milotic||Leftovers|Competitive|Coil,Hypnosis,MuddyWater,Recover|Bold||M|||50|]Tyranitar||Tyranitarite|Unnerve|Protect,DragonDance,RockSlide,KnockOff|Jolly||F|||50|]Delphox||Delphoxite|Blaze|Protect,NastyPlot,HeatWave,Psyshock|Timid||F|||50|]Sneasler||WhiteHerb|Unburden|FakeOut,CloseCombat,DireClaw,SwordsDance|Adamant||M|||50|]Sinistcha||OccaBerry|Hospitality|Imprison,TrickRoom,MatchaGotcha,RagePowder|Sassy|||||50|
|inactive|Battle timer is ON: inactive players will automatically lose when time's up. (requested by TheClimbr05)
|
|t:|1783531213
|teamsize|p1|4
|teamsize|p2|4
|start
|switch|p1a: Sneasler|Sneasler, L50, M|100/100
|switch|p1b: Rotom|Rotom-Wash, L50|100/100
|switch|p2a: Milotic|Milotic, L50, M|100/100
|switch|p2b: Ninetales|Ninetales-Alola, L50, M|100/100
|-weather|Snowscape|[from] ability: Snow Warning|[of] p2b: Ninetales
|turn|1
|
|t:|1783531226
|switch|p2a: Sinistcha|Sinistcha, L50|100/100
|move|p1a: Sneasler|Fake Out|p2b: Ninetales
|-damage|p2b: Ninetales|85/100
|move|p1b: Rotom|Thunderbolt|p2a: Sinistcha
|-resisted|p2a: Sinistcha|1
|-damage|p2a: Sinistcha|81/100
|cant|p2b: Ninetales|flinch
|
|-weather|Snowscape|[upkeep]
|upkeep
|turn|2
|
|t:|1783531239
|switch|p1b: Tyranitar|Tyranitar, L50, M|100/100
|-weather|Sandstorm|[from] ability: Sand Stream|[of] p1b: Tyranitar
|move|p2b: Ninetales|Aurora Veil||[still]
|-fail|p2b: Ninetales
|move|p1a: Sneasler|Dire Claw|p2b: Ninetales
|-supereffective|p2b: Ninetales|1
|-damage|p2b: Ninetales|0 fnt
|faint|p2b: Ninetales
|move|p2a: Sinistcha|Matcha Gotcha|p1b: Tyranitar|[spread] p1b
|-miss|p2a: Sinistcha|p1a: Sneasler
|-supereffective|p1b: Tyranitar|1
|-damage|p1b: Tyranitar|72/100
|-heal|p2a: Sinistcha|97/100|[from] drain|[of] p1b: Tyranitar
|
|-weather|Sandstorm|[upkeep]
|-damage|p1a: Sneasler|94/100|[from] Sandstorm
|-damage|p2a: Sinistcha|90/100|[from] Sandstorm
|upkeep
|inactive|TheClimbr05 has 30 seconds left.
|
|t:|1783531264
|switch|p2b: Sneasler|Sneasler, L50, M|100/100
|turn|3
|
|t:|1783531287
|move|p1b: Tyranitar|Protect|p1b: Tyranitar
|-singleturn|p1b: Tyranitar|Protect
|move|p2a: Sinistcha|Rage Powder|p2a: Sinistcha
|-singleturn|p2a: Sinistcha|move: Rage Powder
|move|p1a: Sneasler|Close Combat|p2a: Sinistcha
|-immune|p2a: Sinistcha
|move|p2b: Sneasler|Close Combat|p1b: Tyranitar
|-activate|p1b: Tyranitar|move: Protect
|
|-weather|Sandstorm|[upkeep]
|-damage|p1a: Sneasler|88/100|[from] Sandstorm
|-damage|p2b: Sneasler|94/100|[from] Sandstorm
|-damage|p2a: Sinistcha|84/100|[from] Sandstorm
|upkeep
|turn|4
|
|t:|1783531304
|switch|p1b: Rotom|Rotom-Wash, L50|100/100
|move|p2a: Sinistcha|Rage Powder|p2a: Sinistcha
|-singleturn|p2a: Sinistcha|move: Rage Powder
|move|p1a: Sneasler|Close Combat|p2a: Sinistcha
|-immune|p2a: Sinistcha
|move|p2b: Sneasler|Close Combat|p1b: Rotom
|-damage|p1b: Rotom|28/100
|-unboost|p2b: Sneasler|def|1
|-unboost|p2b: Sneasler|spd|1
|-enditem|p2b: Sneasler|White Herb
|-clearnegativeboost|p2b: Sneasler|[silent]
|
|-weather|Sandstorm|[upkeep]
|-damage|p2b: Sneasler|88/100|[from] Sandstorm
|-damage|p1b: Rotom|22/100|[from] Sandstorm
|-damage|p1a: Sneasler|82/100|[from] Sandstorm
|-damage|p2a: Sinistcha|78/100|[from] Sandstorm
|upkeep
|turn|5
|
|t:|1783531316
|move|p2b: Sneasler|Dire Claw|p1b: Rotom
|-damage|p1b: Rotom|0 fnt
|faint|p1b: Rotom
|move|p1a: Sneasler|Dire Claw|p2a: Sinistcha
|-damage|p2a: Sinistcha|38/100
|move|p2a: Sinistcha|Matcha Gotcha|p1a: Sneasler
|-resisted|p1a: Sneasler|1
|-damage|p1a: Sneasler|59/100
|-heal|p2a: Sinistcha|49/100|[from] drain|[of] p1a: Sneasler
|
|-weather|Sandstorm|[upkeep]
|-damage|p2b: Sneasler|82/100|[from] Sandstorm
|-damage|p1a: Sneasler|53/100|[from] Sandstorm
|-damage|p2a: Sinistcha|42/100|[from] Sandstorm
|upkeep
|
|t:|1783531325
|switch|p1b: Corviknight|Corviknight, L50, M, shiny|100/100
|turn|6
|inactive|TobiYume has 30 seconds left.
|
|t:|1783531352
|move|p2a: Sinistcha|Rage Powder|p2a: Sinistcha
|-singleturn|p2a: Sinistcha|move: Rage Powder
|move|p2b: Sneasler|Swords Dance|p2b: Sneasler
|-boost|p2b: Sneasler|atk|2
|move|p1a: Sneasler|Dire Claw|p2a: Sinistcha
|-damage|p2a: Sinistcha|1/100
|-status|p2a: Sinistcha|par
|move|p1b: Corviknight|Bulk Up|p1b: Corviknight
|-boost|p1b: Corviknight|atk|1
|-boost|p1b: Corviknight|def|1
|
|-weather|none
|upkeep
|turn|7
|
|t:|1783531371
|move|p2a: Sinistcha|Rage Powder|p2a: Sinistcha
|-singleturn|p2a: Sinistcha|move: Rage Powder
|move|p2b: Sneasler|Close Combat|p1a: Sneasler
|-resisted|p1a: Sneasler|1
|-damage|p1a: Sneasler|0 fnt
|-unboost|p2b: Sneasler|def|1
|-unboost|p2b: Sneasler|spd|1
|faint|p1a: Sneasler
|move|p1b: Corviknight|Brave Bird|p2a: Sinistcha
|-supereffective|p2a: Sinistcha|1
|-damage|p2a: Sinistcha|0 fnt
|faint|p2a: Sinistcha
|-damage|p1b: Corviknight|99/100|[from] Recoil
|
|-heal|p1b: Corviknight|100/100|[from] item: Leftovers
|upkeep
|
|t:|1783531380
|switch|p1a: Tyranitar|Tyranitar, L50, M|72/100
|switch|p2a: Milotic|Milotic, L50, M|100/100
|-weather|Sandstorm|[from] ability: Sand Stream|[of] p1a: Tyranitar
|turn|8
|
|t:|1783531390
|move|p1a: Tyranitar|Protect|p1a: Tyranitar
|-singleturn|p1a: Tyranitar|Protect
|move|p2b: Sneasler|Close Combat|p1b: Corviknight
|-damage|p1b: Corviknight|37/100
|-unboost|p2b: Sneasler|def|1
|-unboost|p2b: Sneasler|spd|1
|move|p1b: Corviknight|Brave Bird|p2b: Sneasler
|-supereffective|p2b: Sneasler|1
|-damage|p2b: Sneasler|0 fnt
|faint|p2b: Sneasler
|-damage|p1b: Corviknight|13/100|[from] Recoil
|move|p2a: Milotic|Coil|p2a: Milotic
|-boost|p2a: Milotic|atk|1
|-boost|p2a: Milotic|def|1
|-boost|p2a: Milotic|accuracy|1
|
|-weather|Sandstorm|[upkeep]
|-damage|p2a: Milotic|94/100|[from] Sandstorm
|-heal|p1b: Corviknight|19/100|[from] item: Leftovers
|-heal|p2a: Milotic|100/100|[from] item: Leftovers
|upkeep
|turn|9
|
|t:|1783531409
|detailschange|p1a: Tyranitar|Tyranitar-Mega, L50, M
|-mega|p1a: Tyranitar|Tyranitar|Tyranitarite
|move|p1b: Corviknight|Roost|p1b: Corviknight
|-heal|p1b: Corviknight|69/100
|-singleturn|p1b: Corviknight|move: Roost
|move|p1a: Tyranitar|Knock Off|p2a: Milotic
|-damage|p2a: Milotic|65/100
|-enditem|p2a: Milotic|Leftovers|[from] move: Knock Off|[of] p1a: Tyranitar
|move|p2a: Milotic|Muddy Water|p1a: Tyranitar|[spread] p1a,p1b
|-supereffective|p1a: Tyranitar|1
|-damage|p1a: Tyranitar|49/100
|-damage|p1b: Corviknight|47/100
|
|-weather|Sandstorm|[upkeep]
|-damage|p2a: Milotic|59/100|[from] Sandstorm
|-heal|p1b: Corviknight|53/100|[from] item: Leftovers
|upkeep
|turn|10
|
|t:|1783531429
|move|p1b: Corviknight|Roost|p1b: Corviknight
|-heal|p1b: Corviknight|100/100
|-singleturn|p1b: Corviknight|move: Roost
|move|p1a: Tyranitar|Rock Slide|p2a: Milotic|[miss]
|-miss|p1a: Tyranitar|p2a: Milotic
|move|p2a: Milotic|Recover|p2a: Milotic
|-heal|p2a: Milotic|100/100
|
|-weather|Sandstorm|[upkeep]
|-damage|p2a: Milotic|94/100|[from] Sandstorm
|upkeep
|turn|11
|
|t:|1783531441
|move|p1b: Corviknight|Brave Bird|p2a: Milotic
|-damage|p2a: Milotic|59/100
|-damage|p1b: Corviknight|88/100|[from] Recoil
|move|p1a: Tyranitar|Rock Slide|p2a: Milotic
|-damage|p2a: Milotic|34/100
|move|p2a: Milotic|Coil|p2a: Milotic
|-boost|p2a: Milotic|atk|1
|-boost|p2a: Milotic|def|1
|-boost|p2a: Milotic|accuracy|1
|
|-weather|Sandstorm|[upkeep]
|-damage|p2a: Milotic|28/100|[from] Sandstorm
|-heal|p1b: Corviknight|94/100|[from] item: Leftovers
|upkeep
|turn|12
|
|t:|1783531451
|move|p1b: Corviknight|Brave Bird|p2a: Milotic
|-damage|p2a: Milotic|3/100
|-damage|p1b: Corviknight|86/100|[from] Recoil
|move|p1a: Tyranitar|Rock Slide|p2a: Milotic
|-damage|p2a: Milotic|0 fnt
|faint|p2a: Milotic
|
|win|TobiYume
||TobiYume is ready for game 2.
||TheClimbr05 is ready for game 2.
|uhtml|next|Next: Game 2 of 3
|l|☆TheClimbr05
|player|p2|
