|j|☆spicy mcchikin
|j|☆pruebas2003
|html|spicy mcchikinpruebas2003    
|uhtml|bestof|Game 1 of a best-of-3
|t:|1784994260
|gametype|doubles
|player|p1|spicy mcchikin|palmer|1174
|player|p2|pruebas2003|flint|1109
|gen|9
|tier|[Gen 9 Champions] VGC 2026 Reg M-B (Bo3)
|rated|
|rule|Species Clause: Limit one of each Pokémon
|rule|Item Clause: Limit 1 of each item
|clearpoke
|poke|p1|Charizard, L50, F|
|poke|p1|Garchomp, L50, F|
|poke|p1|Kingambit, L50, M|
|poke|p1|Toxapex, L50, F|
|poke|p1|Whimsicott, L50, F|
|poke|p1|Basculegion, L50, M|
|poke|p2|Garchomp, L50, F|
|poke|p2|Venusaur, L50, M|
|poke|p2|Incineroar, L50, M|
|poke|p2|Charizard, L50, M|
|poke|p2|Toxapex, L50, F|
|poke|p2|Annihilape, L50, F|
|teampreview|4
|showteam|p1|Charizard||CharizarditeY|Blaze|HeatWave,WeatherBall,SolarBeam,Protect|Modest||F|||50|]Garchomp||SitrusBerry|RoughSkin|DragonClaw,Earthquake,Protect,RockSlide|Adamant||F|||50|]Kingambit||ChopleBerry|Defiant|KowtowCleave,LowKick,SuckerPunch,Protect|Adamant||M|||50|]Toxapex||Leftovers|Regenerator|BanefulBunker,Toxic,Infestation,WideGuard|Bold||F|||50|]Whimsicott||FocusSash|Prankster|Moonblast,Encore,Tailwind,Protect|Timid||F|||50|]Basculegion||LifeOrb|Adaptability|WaveCrash,LastRespects,AquaJet,Protect|Adamant||M|||50|
|showteam|p2|Garchomp||ChoiceScarf|RoughSkin|Earthquake,RockSlide,DragonClaw,StompingTantrum|Adamant||F|||50|]Venusaur||LifeOrb|Chlorophyll|SludgeBomb,SolarBeam,EarthPower,Protect|Modest||M|||50|]Incineroar||SitrusBerry|Intimidate|FakeOut,FlareBlitz,ThroatChop,PartingShot|Impish||M|||50|]Charizard||CharizarditeY|Blaze|HeatWave,WeatherBall,Protect,HelpingHand|Modest||M|||50|]Toxapex||Leftovers|Regenerator|Infestation,Toxic,WideGuard,BanefulBunker|Impish||F|||50|]Annihilape||FocusSash|Defiant|CloseCombat,PhantomForce,RockTomb,Protect|Jolly||F|||50|
|inactive|Battle timer is ON: inactive players will automatically lose when time's up. (requested by spicy mcchikin)
|inactive|spicy mcchikin has 60 seconds left.
|inactive|pruebas2003 has 60 seconds left.
|inactive|spicy mcchikin has 30 seconds left.
|inactive|pruebas2003 has 30 seconds left.
|inactive|pruebas2003 has 20 seconds left.
|inactive|pruebas2003 has 15 seconds left.
|inactive|pruebas2003 has 10 seconds left.
|
|t:|1784994345
|teamsize|p1|4
|teamsize|p2|4
|start
|switch|p1a: Whimsicott|Whimsicott, L50, F|100/100
|switch|p1b: Charizard|Charizard, L50, F|100/100
|switch|p2a: Garchomp|Garchomp, L50, F|100/100
|switch|p2b: Incineroar|Incineroar, L50, M|100/100
|-ability|p2b: Incineroar|Intimidate|boost
|-unboost|p1a: Whimsicott|atk|1
|-unboost|p1b: Charizard|atk|1
|turn|1
|inactive|pruebas2003 has 30 seconds left.
|inactive|pruebas2003 has 20 seconds left.
|inactive|spicy mcchikin has 30 seconds left.
|
|t:|1784994386
|move|p1a: Whimsicott|Protect|p1a: Whimsicott
|-singleturn|p1a: Whimsicott|Protect
|move|p1b: Charizard|Protect|p1b: Charizard
|-singleturn|p1b: Charizard|Protect
|move|p2a: Garchomp|Rock Slide|p1b: Charizard|[spread] 
|-activate|p1a: Whimsicott|move: Protect
|-activate|p1b: Charizard|move: Protect
|move|p2b: Incineroar|Flare Blitz|p1a: Whimsicott
|-activate|p1a: Whimsicott|move: Protect
|
|upkeep
|turn|2
|inactive|pruebas2003 has 30 seconds left.
|inactive|pruebas2003 has 20 seconds left.
|inactive|pruebas2003 has 15 seconds left.
|
|t:|1784994431
|switch|p2a: Charizard|Charizard, L50, M|100/100
|switch|p1b: Garchomp|Garchomp, L50, F|100/100
|move|p1a: Whimsicott|Moonblast|p2a: Charizard
|-resisted|p2a: Charizard|1
|-crit|p2a: Charizard
|-damage|p2a: Charizard|69/100
|move|p2b: Incineroar|Parting Shot|p1b: Garchomp
|-unboost|p1b: Garchomp|atk|1
|-unboost|p1b: Garchomp|spa|1
|
|t:|1784994443
|switch|p2b: Garchomp|Garchomp, L50, F|100/100|[from] Parting Shot
|
|upkeep
|turn|3
|inactive|spicy mcchikin has 30 seconds left.
|inactive|pruebas2003 has 30 seconds left.
|inactive|pruebas2003 has 20 seconds left.
|inactive|pruebas2003 has 15 seconds left.
|inactive|pruebas2003 has 10 seconds left.
|
|t:|1784994492
|detailschange|p2a: Charizard|Charizard-Mega-Y, L50, M
|-mega|p2a: Charizard|Charizard|Charizardite Y
|-weather|SunnyDay|[from] ability: Drought|[of] p2a: Charizard
|move|p1a: Whimsicott|Tailwind|p1a: Whimsicott
|-sidestart|p1: spicy mcchikin|move: Tailwind
|move|p1b: Garchomp|Rock Slide|p2b: Garchomp|[spread] p2a,p2b
|-supereffective|p2a: Charizard|2
|-resisted|p2b: Garchomp|1
|-damage|p2a: Charizard|20/100y
|-damage|p2b: Garchomp|93/100
|move|p2b: Garchomp|Dragon Claw|p1b: Garchomp
|-supereffective|p1b: Garchomp|1
|-damage|p1b: Garchomp|24/100
|-damage|p2b: Garchomp|81/100|[from] ability: Rough Skin|[of] p1b: Garchomp
|-enditem|p1b: Garchomp|Sitrus Berry|[eat]
|-heal|p1b: Garchomp|49/100|[from] item: Sitrus Berry
|move|p2a: Charizard|Heat Wave|p1a: Whimsicott|[spread] p1a,p1b
|-supereffective|p1a: Whimsicott|1
|-resisted|p1b: Garchomp|1
|-enditem|p1a: Whimsicott|Focus Sash
|-damage|p1a: Whimsicott|1/100
|-damage|p1b: Garchomp|22/100
|
|-weather|SunnyDay|[upkeep]
|upkeep
|turn|4
|inactive|spicy mcchikin has 30 seconds left.
|
|t:|1784994525
|switch|p2b: Incineroar|Incineroar, L50, M|100/100
|-ability|p2b: Incineroar|Intimidate|boost
|-unboost|p1a: Whimsicott|atk|1
|-unboost|p1b: Garchomp|atk|1
|move|p2a: Charizard|Protect|p2a: Charizard
|-singleturn|p2a: Charizard|Protect
|move|p1a: Whimsicott|Moonblast|p2b: Incineroar
|-damage|p2b: Incineroar|67/100
|move|p1b: Garchomp|Dragon Claw|p2b: Incineroar
|-damage|p2b: Incineroar|51/100
|
|-weather|SunnyDay|[upkeep]
|upkeep
|turn|5
|inactive|spicy mcchikin has 30 seconds left.
|inactive|pruebas2003 has 30 seconds left.
|inactive|spicy mcchikin has 20 seconds left.
|
|t:|1784994560
|switch|p1b: Charizard|Charizard, L50, F|100/100
|move|p1a: Whimsicott|Protect|p1a: Whimsicott
|-singleturn|p1a: Whimsicott|Protect
|move|p2b: Incineroar|Fake Out|p1a: Whimsicott
|-activate|p1a: Whimsicott|move: Protect
|move|p2a: Charizard|Heat Wave|p1a: Whimsicott|[spread] p1b
|-activate|p1a: Whimsicott|move: Protect
|-resisted|p1b: Charizard|1
|-damage|p1b: Charizard|65/100
|
|-weather|SunnyDay|[upkeep]
|upkeep
|turn|6
|inactive|pruebas2003 has 30 seconds left.
|inactive|pruebas2003 has 20 seconds left.
|inactive|pruebas2003 has 15 seconds left.
|
|t:|1784994602
|switch|p1a: Basculegion|Basculegion, L50, M|100/100
|detailschange|p1b: Charizard|Charizard-Mega-Y, L50, F
|-mega|p1b: Charizard|Charizard|Charizardite Y
|move|p2a: Charizard|Protect|p2a: Charizard
|-singleturn|p2a: Charizard|Protect
|move|p1b: Charizard|Heat Wave|p2b: Incineroar|[spread] p2b
|-activate|p2a: Charizard|move: Protect
|-resisted|p2b: Incineroar|1
|-damage|p2b: Incineroar|24/100
|-enditem|p2b: Incineroar|Sitrus Berry|[eat]
|-heal|p2b: Incineroar|49/100|[from] item: Sitrus Berry
|move|p2b: Incineroar|Throat Chop|p1a: Basculegion
|-supereffective|p1a: Basculegion|1
|-damage|p1a: Basculegion|29/100
|-start|p1a: Basculegion|Throat Chop|[silent]
|
|-weather|SunnyDay|[upkeep]
|-sideend|p1: spicy mcchikin|move: Tailwind
|upkeep
|turn|7
|inactive|spicy mcchikin has 30 seconds left.
|inactive|pruebas2003 has 30 seconds left.
|inactive|spicy mcchikin has 20 seconds left.
|inactive|pruebas2003 has 20 seconds left.
|inactive|pruebas2003 has 15 seconds left.
|
|t:|1784994647
|move|p1a: Basculegion|Protect|p1a: Basculegion
|-singleturn|p1a: Basculegion|Protect
|move|p1b: Charizard|Heat Wave|p2b: Incineroar|[spread] p2a,p2b
|-resisted|p2a: Charizard|1
|-resisted|p2b: Incineroar|1
|-damage|p2a: Charizard|0 fnt
|-damage|p2b: Incineroar|20/100y
|faint|p2a: Charizard
|move|p2b: Incineroar|Throat Chop|p1a: Basculegion
|-activate|p1a: Basculegion|move: Protect
|
|-weather|none
|-end|p1a: Basculegion|Throat Chop|[silent]
|upkeep
|
|t:|1784994667
|switch|p2a: Annihilape|Annihilape, L50, F|100/100
|turn|8
|inactive|spicy mcchikin has 30 seconds left.
|inactive|pruebas2003 has 30 seconds left.
|inactive|spicy mcchikin has 20 seconds left.
|inactive|pruebas2003 has 20 seconds left.
|inactive|spicy mcchikin has 15 seconds left.
|inactive|spicy mcchikin has 10 seconds left.
|
|t:|1784994713
|move|p1b: Charizard|Protect|p1b: Charizard
|-singleturn|p1b: Charizard|Protect
|move|p1a: Basculegion|Aqua Jet|p2b: Incineroar
|-supereffective|p2b: Incineroar|1
|-damage|p2b: Incineroar|0 fnt
|faint|p2b: Incineroar
|-damage|p1a: Basculegion|19/100|[from] item: Life Orb
|move|p2a: Annihilape|Phantom Force||[still]
|-prepare|p2a: Annihilape|Phantom Force
|
|upkeep
|
|t:|1784994722
|switch|p2b: Garchomp|Garchomp, L50, F|81/100
|turn|9
|
|t:|1784994744
|move|p1a: Basculegion|Aqua Jet|p2b: Garchomp
|-damage|p2b: Garchomp|46/100
|-damage|p1a: Basculegion|7/100|[from] ability: Rough Skin|[of] p2b: Garchomp
|-damage|p1a: Basculegion|0 fnt|[from] item: Life Orb
|faint|p1a: Basculegion
|move|p2b: Garchomp|Rock Slide|p1b: Charizard
|-supereffective|p1b: Charizard|2
|-damage|p1b: Charizard|0 fnt
|faint|p1b: Charizard
|move|p2a: Annihilape|Phantom Force|p1: Basculegion|[from] lockedmove|[notarget]
|-fail|p2a: Annihilape
|
|upkeep
|
|t:|1784994755
|switch|p1b: Whimsicott|Whimsicott, L50, F|1/100
|switch|p1a: Garchomp|Garchomp, L50, F|22/100
|turn|10
|inactive|spicy mcchikin has 30 seconds left.
|
|t:|1784994781
|move|p1b: Whimsicott|Tailwind|p1b: Whimsicott
|-sidestart|p1: spicy mcchikin|move: Tailwind
|move|p1a: Garchomp|Rock Slide|p2b: Garchomp|[spread] p2a,p2b
|-resisted|p2a: Annihilape|1
|-resisted|p2b: Garchomp|1
|-damage|p2a: Annihilape|88/100
|-damage|p2b: Garchomp|37/100
|move|p2b: Garchomp|Rock Slide|p1a: Garchomp|[spread] p1a,p1b
|-resisted|p1a: Garchomp|1
|-damage|p1a: Garchomp|13/100
|-damage|p1b: Whimsicott|0 fnt
|faint|p1b: Whimsicott
|move|p2a: Annihilape|Phantom Force||[still]
|-prepare|p2a: Annihilape|Phantom Force
|
|upkeep
|turn|11
|
|t:|1784994794
|move|p1a: Garchomp|Dragon Claw|p2b: Garchomp
|-supereffective|p2b: Garchomp|1
|-damage|p2b: Garchomp|0 fnt
|-damage|p1a: Garchomp|1/100|[from] ability: Rough Skin|[of] p2b: Garchomp
|faint|p2b: Garchomp
|move|p2a: Annihilape|Phantom Force|p1a: Garchomp|[from] lockedmove
|-damage|p1a: Garchomp|0 fnt
|-damage|p2a: Annihilape|76/100|[from] ability: Rough Skin|[of] p1a: Garchomp
|faint|p1a: Garchomp
|
|win|pruebas2003
||pruebas2003 is ready for game 2.
|inactive|spicy mcchikin has 30 seconds to confirm battle start!
