|j|☆Diogopg28
|j|☆spodermees
|html|Diogopg28spodermees    
|uhtml|bestof|Game 1 of a best-of-3
|t:|1785354021
|gametype|doubles
|player|p1|Diogopg28|169|1084
|player|p2|spodermees|sailor|1185
|gen|9
|tier|[Gen 9 Champions] VGC 2026 Reg M-B (Bo3)
|rated|
|rule|Species Clause: Limit one of each Pokémon
|rule|Item Clause: Limit 1 of each item
|clearpoke
|poke|p1|Froslass, L50, F, shiny|
|poke|p1|Incineroar, L50, M, shiny|
|poke|p1|Kingambit, L50, F, shiny|
|poke|p1|Vivillon-Marine, L50, F|
|poke|p1|Lucario, L50, F, shiny|
|poke|p1|Lycanroc-Dusk, L50, F|
|poke|p2|Charizard, L50, M|
|poke|p2|Staraptor, L50, F|
|poke|p2|Whimsicott, L50, M|
|poke|p2|Basculegion, L50, M|
|poke|p2|Garchomp, L50, F|
|poke|p2|Farigiraf, L50, F|
|teampreview|4
|showteam|p1|Froslass||Froslassite|CursedBody|Protect,Blizzard,AuroraVeil,ShadowBall|Timid||F|||50|]Incineroar||Leftovers|Intimidate|FlareBlitz,PartingShot,DarkestLariat,FakeOut|Impish||M|||50|]Kingambit||BlackGlasses|Defiant|SuckerPunch,KowtowCleave,LowKick,Protect|Bashful||F|||50|]Vivillon-Marine||OccaBerry|CompoundEyes|Protect,SleepPowder,Hurricane,Tailwind|Timid||F|||50|]Lucario||Lucarionite|InnerFocus|DrainPunch,StoneEdge,MeteorMash,Detect|Jolly||F|||50|]Lycanroc-Dusk||FocusSash|ToughClaws|Protect,Accelerock,RockSlide,CloseCombat|Jolly||F|||50|
|showteam|p2|Charizard||CharizarditeY|Blaze|HeatWave,WeatherBall,SolarBeam,Protect|Modest||M|||50|]Staraptor||Staraptite|Intimidate|CloseCombat,BraveBird,Roost,Protect|Jolly||F|||50|]Whimsicott||FocusSash|Prankster|Moonblast,Tickle,Tailwind,Encore|Timid||M|||50|]Basculegion||MysticWater|Adaptability|WaveCrash,LastRespects,AquaJet,Protect|Jolly||M|||50|]Garchomp||LifeOrb|RoughSkin|Protect,Earthquake,RockSlide,DragonClaw|Jolly||F|||50|]Farigiraf||SitrusBerry|ArmorTail|Thunderbolt,TrickRoom,HelpingHand,Protect|Sassy||F|||50|
|inactive|Battle timer is ON: inactive players will automatically lose when time's up. (requested by spodermees)
|inactive|Diogopg28 also wants the timer to be on.
|inactive|Diogopg28 has 60 seconds left.
|inactive|Diogopg28 has 30 seconds left.
|inactive|Diogopg28 has 20 seconds left.
|inactive|Diogopg28 has 15 seconds left.
|inactive|Diogopg28 has 10 seconds left.
|inactive|Diogopg28 has 5 seconds left.
|
|t:|1785354107
|teamsize|p1|4
|teamsize|p2|4
|start
|switch|p1a: Vivillon|Vivillon-Marine, L50, F|100/100
|switch|p1b: Incineroar|Incineroar, L50, M, shiny|100/100
|switch|p2a: Staraptor|Staraptor, L50, F|100/100
|switch|p2b: Whimsicott|Whimsicott, L50, M|100/100
|-ability|p2a: Staraptor|Intimidate|boost
|-unboost|p1a: Vivillon|atk|1
|-unboost|p1b: Incineroar|atk|1
|-ability|p1b: Incineroar|Intimidate|boost
|-unboost|p2a: Staraptor|atk|1
|-unboost|p2b: Whimsicott|atk|1
|turn|1
|
|t:|1785354123
|detailschange|p2a: Staraptor|Staraptor-Mega, L50, F
|-mega|p2a: Staraptor|Staraptor|Staraptite
|move|p1b: Incineroar|Fake Out|p2a: Staraptor
|-damage|p2a: Staraptor|91/100
|move|p2b: Whimsicott|Tickle|p2a: Staraptor
|-boost|p2a: Staraptor|atk|1
|-boost|p2a: Staraptor|def|1
|cant|p2a: Staraptor|flinch
|move|p1a: Vivillon|Sleep Powder|p2a: Staraptor
|-status|p2a: Staraptor|slp|[from] move: Sleep Powder
|
|upkeep
|turn|2
|
|t:|1785354139
|move|p2b: Whimsicott|Encore|p1a: Vivillon
|-start|p1a: Vivillon|Encore
|cant|p2a: Staraptor|slp
|move|p1a: Vivillon|Sleep Powder|p2b: Whimsicott
|-immune|p2b: Whimsicott
|move|p1b: Incineroar|Flare Blitz|p2a: Staraptor
|-damage|p2a: Staraptor|67/100 slp
|-damage|p1b: Incineroar|93/100|[from] Recoil
|
|-heal|p1b: Incineroar|99/100|[from] item: Leftovers
|upkeep
|turn|3
|
|t:|1785354158
|switch|p1a: Lucario|Lucario, L50, F, shiny|100/100
|move|p2b: Whimsicott|Tickle|p2a: Staraptor
|-boost|p2a: Staraptor|atk|1
|-boost|p2a: Staraptor|def|1
|cant|p2a: Staraptor|slp
|move|p1b: Incineroar|Flare Blitz|p2b: Whimsicott
|-supereffective|p2b: Whimsicott|1
|-damage|p2b: Whimsicott|35/100
|-damage|p1b: Incineroar|81/100|[from] Recoil
|
|-heal|p1b: Incineroar|87/100|[from] item: Leftovers
|upkeep
|turn|4
|
|t:|1785354178
|detailschange|p1a: Lucario|Lucario-Mega, L50, F, shiny
|-mega|p1a: Lucario|Lucario|Lucarionite
|move|p2b: Whimsicott|Tailwind|p2b: Whimsicott
|-sidestart|p2: spodermees|move: Tailwind
|-curestatus|p2a: Staraptor|slp|[msg]
|move|p2a: Staraptor|Close Combat|p1a: Lucario
|-supereffective|p1a: Lucario|1
|-crit|p1a: Lucario
|-damage|p1a: Lucario|0 fnt
|-boost|p2a: Staraptor|def|1
|-boost|p2a: Staraptor|spd|1
|faint|p1a: Lucario
|move|p1b: Incineroar|Flare Blitz|p2b: Whimsicott
|-supereffective|p2b: Whimsicott|1
|-damage|p2b: Whimsicott|0 fnt
|faint|p2b: Whimsicott
|-damage|p1b: Incineroar|78/100|[from] Recoil
|
|-heal|p1b: Incineroar|84/100|[from] item: Leftovers
|upkeep
|
|t:|1785354196
|switch|p1a: Vivillon|Vivillon-Marine, L50, F|100/100
|switch|p2b: Garchomp|Garchomp, L50, F|100/100
|turn|5
|
|t:|1785354203
|switch|p1b: Kingambit|Kingambit, L50, F, shiny|100/100
|move|p1a: Vivillon|Protect|p1a: Vivillon
|-singleturn|p1a: Vivillon|Protect
|move|p2a: Staraptor|Close Combat|p1a: Vivillon
|-activate|p1a: Vivillon|move: Protect
|move|p2b: Garchomp|Rock Slide|p1a: Vivillon|[spread] p1b
|-activate|p1a: Vivillon|move: Protect
|-resisted|p1b: Kingambit|1
|-damage|p1b: Kingambit|89/100
|-damage|p2b: Garchomp|90/100|[from] item: Life Orb
|
|upkeep
|turn|6
|inactive|Diogopg28 has 30 seconds left.
|
|t:|1785354233
|switch|p1b: Incineroar|Incineroar, L50, M, shiny|84/100
|-ability|p1b: Incineroar|Intimidate|boost
|-boost|p2a: Staraptor|atk|1
|-unboost|p2b: Garchomp|atk|1
|move|p1a: Vivillon|Protect||[still]
|-fail|p1a: Vivillon
|move|p2a: Staraptor|Close Combat|p1b: Incineroar
|-supereffective|p1b: Incineroar|1
|-damage|p1b: Incineroar|0 fnt
|-boost|p2a: Staraptor|def|1
|-boost|p2a: Staraptor|spd|1
|faint|p1b: Incineroar
|move|p2b: Garchomp|Rock Slide|p1a: Vivillon
|-supereffective|p1a: Vivillon|2
|-damage|p1a: Vivillon|0 fnt
|faint|p1a: Vivillon
|-damage|p2b: Garchomp|80/100|[from] item: Life Orb
|
|upkeep
|-message|Diogopg28 forfeited.
|
|win|spodermees
|l|☆Diogopg28
|player|p1|
|l|☆spodermees
|player|p2|
||spodermees is ready for game 2.
|raw|Diogopg28's rating: 1084 → 1068(-16 for losing)
|raw|spodermees's rating: 1185 → 1203(+18 for winning)
|j|☆spodermees
|player|p2|spodermees|sailor|
