|j|☆Coldspice58
|j|☆chikn dinnr
|html|Coldspice58chikn dinnr    
|uhtml|bestof|Game 1 of a best-of-3
|t:|1756337173
|gametype|doubles
|player|p1|Coldspice58|cynthia-gen4|1225
|player|p2|chikn dinnr|youngster-gen4dp|1234
|gen|9
|tier|[Gen 9] VGC 2025 Reg H (Bo3)
|rated|
|rule|Species Clause: Limit one of each Pokémon
|rule|Item Clause: Limit 1 of each item
|clearpoke
|poke|p1|Tyranitar, L50, M|
|poke|p1|Garchomp, L50, F|
|poke|p1|Gyarados, L50, M|
|poke|p1|Whimsicott, L50, M|
|poke|p1|Gholdengo, L50|
|poke|p1|Annihilape, L50, F|
|poke|p2|Kingambit, L50, M|
|poke|p2|Ninetales-Alola, L50, F|
|poke|p2|Rillaboom, L50, F|
|poke|p2|Volcarona, L50, F|
|poke|p2|Tauros-Paldea-Aqua, L50, M|
|poke|p2|Electabuzz, L50, M|
|teampreview|4
|showteam|p1|Tyranitar||AssaultVest|SandStream|RockSlide,StompingTantrum,KnockOff,TeraBlast|||M|||50|,,,,,Flying]Garchomp||LifeOrb|SandVeil|RockSlide,DragonClaw,Protect,StompingTantrum|||F|||50|,,,,,Rock]Gyarados||Leftovers|Intimidate|Protect,Waterfall,ThunderWave,Avalanche|||M|||50|,,,,,Grass]Whimsicott||CovertCloak|Prankster|Moonblast,Taunt,Encore,Tailwind|||M|||50|,,,,,Dark]Gholdengo||IronPlate|GoodasGold|ShadowBall,MakeItRain,NastyPlot,Protect||||||50|,,,,,Dragon]Annihilape||ChoiceScarf|Defiant|DrainPunch,RageFist,Coaching,FinalGambit|||F|||50|,,,,,Grass
|showteam|p2|Kingambit||BlackGlasses|Defiant|SuckerPunch,KowtowCleave,SwordsDance,Protect|||M|||50|,,,,,Ghost]Ninetales-Alola||FocusSash|SnowWarning|Moonblast,FreezeDry,Encore,Protect|||F|||50|,,,,,Ghost]Rillaboom||AssaultVest|GrassySurge|FakeOut,GrassyGlide,WoodHammer,HighHorsepower|||F|||50|,,,,,Fire]Volcarona||CovertCloak|FlameBody|QuiverDance,HeatWave,GigaDrain,Protect|||F|||50|,,,,,Grass]Tauros-Paldea-Aqua||GrassySeed|Intimidate|WaveCrash,BodyPress,Protect,AquaJet|||M|||50|,,,,,Fire]Electabuzz||Eviolite|VitalSpirit|FollowMe,Electroweb,HelpingHand,Protect|||M|||50|,,,,,Ghost
|inactive|Battle timer is ON: inactive players will automatically lose when time's up. (requested by Coldspice58)
|inactive|chikn dinnr has 60 seconds left.
|
|t:|1756337240
|teamsize|p1|4
|teamsize|p2|4
|start
|switch|p1a: Garchomp|Garchomp, L50, F|100/100
|switch|p1b: Annihilape|Annihilape, L50, F|100/100
|switch|p2a: Kingambit|Kingambit, L50, M|100/100
|switch|p2b: Rillaboom|Rillaboom, L50, F|100/100
|-fieldstart|move: Grassy Terrain|[from] ability: Grassy Surge|[of] p2b: Rillaboom
|turn|1
|inactive|Coldspice58 has 30 seconds left.
|inactive|chikn dinnr has 30 seconds left.
|inactive|Coldspice58 has 20 seconds left.
|inactive|chikn dinnr has 20 seconds left.
|inactive|chikn dinnr has 15 seconds left.
|
|t:|1756337281
|move|p2b: Rillaboom|Fake Out|p1a: Garchomp
|-damage|p1a: Garchomp|85/100
|move|p1b: Annihilape|Rage Fist|p2a: Kingambit
|-resisted|p2a: Kingambit
|-damage|p2a: Kingambit|92/100
|cant|p1a: Garchomp|flinch
|move|p2a: Kingambit|Kowtow Cleave|p1b: Annihilape
|-damage|p1b: Annihilape|37/100
|
|-heal|p1b: Annihilape|43/100|[from] Grassy Terrain
|-heal|p1a: Garchomp|91/100|[from] Grassy Terrain
|-heal|p2a: Kingambit|98/100|[from] Grassy Terrain
|upkeep
|turn|2
|
|t:|1756337305
|-terastallize|p1b: Annihilape|Grass
|move|p2a: Kingambit|Sucker Punch|p1b: Annihilape
|-damage|p1b: Annihilape|0 fnt
|faint|p1b: Annihilape
|move|p1a: Garchomp|Stomping Tantrum|p2a: Kingambit
|-supereffective|p2a: Kingambit
|-crit|p2a: Kingambit
|-damage|p2a: Kingambit|0 fnt
|faint|p2a: Kingambit
|-damage|p1a: Garchomp|81/100|[from] item: Life Orb
|move|p2b: Rillaboom|Wood Hammer|p1a: Garchomp
|-damage|p1a: Garchomp|0 fnt
|faint|p1a: Garchomp
|-damage|p2b: Rillaboom|76/100|[from] Recoil
|
|-heal|p2b: Rillaboom|82/100|[from] Grassy Terrain
|upkeep
|
|t:|1756337327
|switch|p1a: Tyranitar|Tyranitar, L50, M|100/100
|switch|p1b: Gholdengo|Gholdengo, L50|100/100
|switch|p2a: Volcarona|Volcarona, L50, F|100/100
|-weather|Sandstorm|[from] ability: Sand Stream|[of] p1a: Tyranitar
|turn|3
|inactive|chikn dinnr has 30 seconds left.
|
|t:|1756337352
|move|p2a: Volcarona|Giga Drain|p1a: Tyranitar
|-supereffective|p1a: Tyranitar
|-damage|p1a: Tyranitar|73/100
|move|p1b: Gholdengo|Shadow Ball|p2b: Rillaboom
|-damage|p2b: Rillaboom|53/100
|move|p2b: Rillaboom|Wood Hammer|p1a: Tyranitar
|-supereffective|p1a: Tyranitar
|-damage|p1a: Tyranitar|0 fnt
|faint|p1a: Tyranitar
|-damage|p2b: Rillaboom|31/100|[from] Recoil
|
|-weather|Sandstorm|[upkeep]
|-damage|p2a: Volcarona|95/100|[from] Sandstorm
|-damage|p2b: Rillaboom|25/100|[from] Sandstorm
|-heal|p2a: Volcarona|100/100|[from] Grassy Terrain
|-heal|p2b: Rillaboom|31/100|[from] Grassy Terrain
|upkeep
|turn|4
|
|t:|1756337375
|move|p2a: Volcarona|Quiver Dance|p2a: Volcarona
|-boost|p2a: Volcarona|spa|1
|-boost|p2a: Volcarona|spd|1
|-boost|p2a: Volcarona|spe|1
|move|p1b: Gholdengo|Nasty Plot|p1b: Gholdengo
|-boost|p1b: Gholdengo|spa|2
|move|p2b: Rillaboom|High Horsepower|p1b: Gholdengo
|-supereffective|p1b: Gholdengo
|-damage|p1b: Gholdengo|40/100
|
|-weather|Sandstorm|[upkeep]
|-damage|p2a: Volcarona|95/100|[from] Sandstorm
|-damage|p2b: Rillaboom|25/100|[from] Sandstorm
|-heal|p2a: Volcarona|100/100|[from] Grassy Terrain
|-heal|p1b: Gholdengo|46/100|[from] Grassy Terrain
|-heal|p2b: Rillaboom|31/100|[from] Grassy Terrain
|upkeep
|turn|5
|
|t:|1756337390
|move|p2b: Rillaboom|Grassy Glide|p1b: Gholdengo
|-resisted|p1b: Gholdengo
|-damage|p1b: Gholdengo|29/100
|move|p2a: Volcarona|Heat Wave|p1b: Gholdengo
|-supereffective|p1b: Gholdengo
|-damage|p1b: Gholdengo|0 fnt
|faint|p1b: Gholdengo
|
|win|chikn dinnr
||chikn dinnr is ready for game 2.
|inactive|Coldspice58 has 30 seconds to confirm battle start!
||Coldspice58 is ready for game 2.
|uhtml|next|Next: Game 2 of 3
|l|☆Coldspice58
|player|p1|
