|j|☆heatvw
|j|☆sqwrlyd00d
|html|heatvwsqwrlyd00d    
|uhtml|bestof|Game 3 of a best-of-3
|t:|1756949421
|gametype|doubles
|player|p1|heatvw|gambler|1145
|player|p2|sqwrlyd00d|102|1049
|gen|9
|tier|[Gen 9] VGC 2025 Reg H (Bo3)
|rated|
|rule|Species Clause: Limit one of each Pokémon
|rule|Item Clause: Limit 1 of each item
|clearpoke
|poke|p1|Flamigo, L50, M|
|poke|p1|Ninetales-Alola, L50, M|
|poke|p1|Garchomp, L50, M|
|poke|p1|Incineroar, L50, F|
|poke|p1|Amoonguss, L50, F|
|poke|p1|Kingambit, L50, M|
|poke|p2|Amoonguss, L50, F|
|poke|p2|Sneasler, L50, F|
|poke|p2|Gholdengo, L50|
|poke|p2|Incineroar, L50, M|
|poke|p2|Ursaluna-Bloodmoon, L50, M|
|poke|p2|Dragonite, L50, F|
|teampreview|4
|showteam|p1|Flamigo||ChoiceBand|Scrappy|Uturn,CloseCombat,BraveBird,Facade|||M|||50|,,,,,Stellar]Ninetales-Alola||FocusSash|SnowWarning|Protect,Encore,IcyWind,Blizzard|||M|||50|,,,,,Ghost]Garchomp||LifeOrb|RoughSkin|DragonClaw,StompingTantrum,Earthquake,Protect|||M|||50|,,,,,Ground]Incineroar||SafetyGoggles|Intimidate|FakeOut,FlareBlitz,KnockOff,PartingShot|||F|||50|,,,,,Ghost]Amoonguss||SitrusBerry|Regenerator|Spore,RagePowder,PollenPuff,Protect|||F|||50|,,,,,Water]Kingambit||AssaultVest|Defiant|KowtowCleave,IronHead,LowKick,SuckerPunch|||M|||50|,,,,,Fire
|showteam|p2|Amoonguss||SitrusBerry|Regenerator|RagePowder,Spore,PollenPuff,Protect|||F|||50|,,,,,Psychic]Sneasler||FocusSash|Unburden|Protect,DireClaw,CloseCombat,ThroatChop|||F|||50|,,,,,Stellar]Gholdengo||LifeOrb|GoodasGold|Protect,MakeItRain,ShadowBall,NastyPlot||||||50|,,,,,Water]Incineroar||SafetyGoggles|Intimidate|KnockOff,PartingShot,FlareBlitz,FakeOut|||M|||50|,,,,,Ghost]Ursaluna-Bloodmoon||AssaultVest|MindsEye|BloodMoon,EarthPower,VacuumWave,HyperVoice|||M|||50|,,,,,Water]Dragonite||LoadedDice|Multiscale|ScaleShot,Tailwind,Haze,Protect|||F|||50|,,,,,Fairy
|inactive|Battle timer is ON: inactive players will automatically lose when time's up. (requested by heatvw)
|inactive|sqwrlyd00d has 60 seconds left.
|
|t:|1756949455
|teamsize|p1|4
|teamsize|p2|4
|start
|switch|p1a: Amoonguss|Amoonguss, L50, F, shiny|100/100
|switch|p1b: Flamigo|Flamigo, L50, M, shiny|100/100
|switch|p2a: Luffy|Incineroar, L50, M|100/100
|switch|p2b: Golden Wind|Dragonite, L50, F|100/100
|-ability|p2a: Luffy|Intimidate|boost
|-unboost|p1a: Amoonguss|atk|1
|-fail|p1b: Flamigo|unboost|Attack|[from] ability: Scrappy|[of] p1b: Flamigo
|turn|1
|inactive|sqwrlyd00d has 30 seconds left.
|
|t:|1756949488
|move|p2a: Luffy|Fake Out|p1b: Flamigo
|-damage|p1b: Flamigo|83/100
|cant|p1b: Flamigo|flinch
|move|p2b: Golden Wind|Scale Shot|p1b: Flamigo
|-damage|p1b: Flamigo|63/100
|-damage|p1b: Flamigo|41/100
|-damage|p1b: Flamigo|20/100
|-damage|p1b: Flamigo|0 fnt
|faint|p1b: Flamigo
|-hitcount|p1: Flamigo|4
|-unboost|p2b: Golden Wind|def|1
|-boost|p2b: Golden Wind|spe|1
|move|p1a: Amoonguss|Spore|p2b: Golden Wind
|-status|p2b: Golden Wind|slp|[from] move: Spore
|
|upkeep
|
|t:|1756949496
|switch|p1b: Ninetales|Ninetales-Alola, L50, M|100/100
|-weather|Snowscape|[from] ability: Snow Warning|[of] p1b: Ninetales
|turn|2
|inactive|sqwrlyd00d has 30 seconds left.
|
|t:|1756949526
|switch|p2b: Say Cheese|Gholdengo, L50|100/100
|switch|p1a: Garchomp|Garchomp, L50, M, shiny|100/100
|move|p1b: Ninetales|Icy Wind|p2b: Say Cheese|[spread] p2a,p2b
|-resisted|p2a: Luffy
|-resisted|p2b: Say Cheese
|-damage|p2a: Luffy|94/100
|-damage|p2b: Say Cheese|92/100
|-unboost|p2a: Luffy|spe|1
|-unboost|p2b: Say Cheese|spe|1
|move|p2a: Luffy|Flare Blitz|p1a: Garchomp
|-resisted|p1a: Garchomp
|-crit|p1a: Garchomp
|-damage|p1a: Garchomp|57/100
|-damage|p2a: Luffy|81/100|[from] ability: Rough Skin|[of] p1a: Garchomp
|-damage|p2a: Luffy|68/100|[from] Recoil
|
|-weather|Snowscape|[upkeep]
|upkeep
|turn|3
|inactive|sqwrlyd00d has 30 seconds left.
|
|t:|1756949558
|switch|p2a: Golden Wind|Dragonite, L50, F|100/100 slp
|-terastallize|p1a: Garchomp|Ground
|-terastallize|p2b: Say Cheese|Water
|move|p1b: Ninetales|Protect|p1b: Ninetales
|-singleturn|p1b: Ninetales|Protect
|move|p1a: Garchomp|Earthquake|p2b: Say Cheese|[spread] p2b
|-activate|p1b: Ninetales|move: Protect
|-immune|p2a: Golden Wind
|-damage|p2b: Say Cheese|21/100
|-damage|p1a: Garchomp|47/100|[from] item: Life Orb
|move|p2b: Say Cheese|Make It Rain|p1b: Ninetales|[spread] p1a
|-activate|p1b: Ninetales|move: Protect
|-damage|p1a: Garchomp|0 fnt
|-unboost|p2b: Say Cheese|spa|1
|faint|p1a: Garchomp
|-damage|p2b: Say Cheese|12/100|[from] item: Life Orb
|
|-weather|Snowscape|[upkeep]
|upkeep
|
|t:|1756949565
|switch|p1a: Amoonguss|Amoonguss, L50, F, shiny|100/100
|turn|4
|inactive|sqwrlyd00d has 30 seconds left.
|
|t:|1756949597
|cant|p2a: Golden Wind|slp
|move|p2b: Say Cheese|Protect|p2b: Say Cheese
|-singleturn|p2b: Say Cheese|Protect
|move|p1b: Ninetales|Blizzard|p2b: Say Cheese|[spread] p2a
|-activate|p2b: Say Cheese|move: Protect
|-supereffective|p2a: Golden Wind
|-damage|p2a: Golden Wind|35/100 slp
|move|p1a: Amoonguss|Spore|p2b: Say Cheese
|-activate|p2b: Say Cheese|move: Protect
|
|-weather|Snowscape|[upkeep]
|upkeep
|turn|5
|inactive|sqwrlyd00d has 30 seconds left.
|
|t:|1756949629
|switch|p2a: Luffy|Incineroar, L50, M|68/100
|-ability|p2a: Luffy|Intimidate|boost
|-unboost|p1a: Amoonguss|atk|1
|-unboost|p1b: Ninetales|atk|1
|move|p1b: Ninetales|Blizzard|p2b: Say Cheese|[spread] p2a,p2b
|-resisted|p2a: Luffy
|-resisted|p2b: Say Cheese
|-damage|p2a: Luffy|54/100
|-damage|p2b: Say Cheese|0 fnt
|faint|p2b: Say Cheese
|move|p1a: Amoonguss|Spore|p2a: Luffy
|-activate|p2a: Luffy|item: Safety Goggles|Spore
|
|-weather|Snowscape|[upkeep]
|upkeep
|
|t:|1756949640
|switch|p2b: 8|Sneasler, L50, F|100/100
|turn|6
|
|t:|1756949655
|move|p1b: Ninetales|Protect|p1b: Ninetales
|-singleturn|p1b: Ninetales|Protect
|move|p2b: 8|Dire Claw|p1b: Ninetales
|-activate|p1b: Ninetales|move: Protect
|move|p2a: Luffy|Flare Blitz|p1a: Amoonguss
|-supereffective|p1a: Amoonguss
|-damage|p1a: Amoonguss|16/100
|-enditem|p1a: Amoonguss|Sitrus Berry|[eat]
|-heal|p1a: Amoonguss|40/100|[from] item: Sitrus Berry
|-damage|p2a: Luffy|24/100|[from] Recoil
|move|p1a: Amoonguss|Spore|p2b: 8
|-status|p2b: 8|slp|[from] move: Spore
|
|-weather|none
|upkeep
|turn|7
|inactive|sqwrlyd00d has 30 seconds left.
|
|t:|1756949687
|cant|p2b: 8|slp
|move|p1a: Amoonguss|Protect|p1a: Amoonguss
|-singleturn|p1a: Amoonguss|Protect
|move|p1b: Ninetales|Icy Wind|p2a: Luffy|[spread] p2a,p2b
|-resisted|p2a: Luffy
|-damage|p2a: Luffy|16/100
|-damage|p2b: 8|77/100 slp
|-unboost|p2a: Luffy|spe|1
|-unboost|p2b: 8|spe|1
|move|p2a: Luffy|Knock Off|p1b: Ninetales
|-resisted|p1b: Ninetales
|-damage|p1b: Ninetales|68/100
|-enditem|p1b: Ninetales|Focus Sash|[from] move: Knock Off|[of] p2a: Luffy
|
|upkeep
|turn|8
|inactive|heatvw has 30 seconds left.
|
|t:|1756949716
|switch|p2b: Golden Wind|Dragonite, L50, F|35/100 slp
|move|p1a: Amoonguss|Rage Powder|p1a: Amoonguss
|-singleturn|p1a: Amoonguss|move: Rage Powder
|move|p1b: Ninetales|Blizzard|p2a: Luffy|[spread] p2a,p2b
|-resisted|p2a: Luffy
|-supereffective|p2b: Golden Wind
|-damage|p2a: Luffy|1/100
|-damage|p2b: Golden Wind|0 fnt
|faint|p2b: Golden Wind
|move|p2a: Luffy|Flare Blitz|p1a: Amoonguss
|-supereffective|p1a: Amoonguss
|-damage|p1a: Amoonguss|0 fnt
|faint|p1a: Amoonguss
|-damage|p2a: Luffy|0 fnt|[from] Recoil
|faint|p2a: Luffy
|
|upkeep
|
|t:|1756949727
|switch|p2b: 8|Sneasler, L50, F|77/100 slp
|turn|9
|
|t:|1756949731
|cant|p2b: 8|slp
|move|p1b: Ninetales|Icy Wind|p2b: 8
|-damage|p2b: 8|49/100 slp
|-unboost|p2b: 8|spe|1
|
|upkeep
|turn|10
|
|t:|1756949742
|move|p1b: Ninetales|Blizzard|p2b: 8
|-damage|p2b: 8|0 fnt
|faint|p2b: 8
|
|win|heatvw
|raw|heatvw's rating: 1145 → 1163(+18 for winning)
|raw|sqwrlyd00d's rating: 1049 → 1036(-13 for losing)
|c|☆sqwrlyd00d|gg
|c|☆heatvw|gg
|l|☆sqwrlyd00d
|player|p2|
