|j|☆palle synchro
|j|☆Chochito Pelao
|html|palle synchroChochito Pelao    
|uhtml|bestof|Game 2 of a best-of-3
|t:|1785184464
|gametype|doubles
|player|p1|palle synchro|volkner|1386
|player|p2|Chochito Pelao|striker|1287
|gen|9
|tier|[Gen 9 Champions] VGC 2026 Reg M-B (Bo3)
|rated|
|rule|Species Clause: Limit one of each Pokémon
|rule|Item Clause: Limit 1 of each item
|clearpoke
|poke|p1|Charizard, L50, F|
|poke|p1|Glimmora, L50, M|
|poke|p1|Whimsicott, L50, M|
|poke|p1|Ninetales-Alola, L50, F|
|poke|p1|Kingambit, L50, M|
|poke|p1|Kommo-o, L50, F|
|poke|p2|Tyranitar, L50, F|
|poke|p2|Excadrill, L50, F|
|poke|p2|Milotic, L50, M|
|poke|p2|Sinistcha, L50|
|poke|p2|Staraptor, L50, M|
|poke|p2|Gholdengo, L50|
|teampreview|4
|showteam|p1|Charizard||CharizarditeY|Blaze|HeatWave,WeatherBall,SolarBeam,Protect|Modest||F|||50|]Glimmora||Glimmoranite|ToxicDebris|SludgeBomb,PowerGem,EarthPower,SpikyShield|Modest||M|||50|]Whimsicott||FocusSash|Prankster|Moonblast,Tailwind,Encore,Protect|Timid||M|||50|]Ninetales-Alola||NeverMeltIce|SnowWarning|Blizzard,FreezeDry,Disable,Protect|Timid||F|||50|]Kingambit||BlackGlasses|Defiant|KowtowCleave,SuckerPunch,IronHead,Protect|Adamant||M|||50|]Kommo-o||LifeOrb|Overcoat|ClangingScales,AuraSphere,VacuumWave,Protect|Modest||F|||50|
|showteam|p2|Tyranitar||Tyranitarite|SandStream|KnockOff,RockSlide,HighHorsepower,Protect|Jolly||F|||50|]Excadrill||FocusSash|SandRush|Earthquake,IronHead,RockSlide,Protect|Adamant||F|||50|]Milotic||SitrusBerry|Competitive|Scald,IcyWind,IceBeam,Protect|Calm||M|||50|]Sinistcha||ColburBerry|Hospitality|MatchaGotcha,ShadowBall,Protect,RagePowder|Bold|||||50|]Staraptor||Staraptite|Intimidate|CloseCombat,BraveBird,Tailwind,Protect|Jolly||M|||50|]Gholdengo||LifeOrb|GoodasGold|MakeItRain,ShadowBall,NastyPlot,Protect|Modest|||||50|
|inactive|Battle timer is ON: inactive players will automatically lose when time's up. (requested by palle synchro)
|
|t:|1785184477
|teamsize|p1|4
|teamsize|p2|4
|start
|switch|p1a: Kommo-o|Kommo-o, L50, F|100/100
|switch|p1b: Whimsicott|Whimsicott, L50, M|100/100
|switch|p2a: Staraptor|Staraptor, L50, M|100/100
|switch|p2b: Excadrill|Excadrill, L50, F|100/100
|-ability|p2a: Staraptor|Intimidate|boost
|-unboost|p1a: Kommo-o|atk|1
|-unboost|p1b: Whimsicott|atk|1
|turn|1
|
|t:|1785184495
|move|p1b: Whimsicott|Tailwind|p1b: Whimsicott
|-sidestart|p1: palle synchro|move: Tailwind
|move|p1a: Kommo-o|Clanging Scales|p2b: Excadrill|[spread] p2a,p2b
|-resisted|p2b: Excadrill|1
|-crit|p2b: Excadrill
|-damage|p2a: Staraptor|26/100
|-damage|p2b: Excadrill|47/100
|-unboost|p1a: Kommo-o|def|1
|-damage|p1a: Kommo-o|90/100|[from] item: Life Orb
|move|p2a: Staraptor|Tailwind|p2a: Staraptor
|-sidestart|p2: Chochito Pelao|move: Tailwind
|move|p2b: Excadrill|Earthquake|p1a: Kommo-o|[spread] p1a,p1b
|-immune|p2a: Staraptor
|-resisted|p1b: Whimsicott|1
|-damage|p1a: Kommo-o|27/100
|-damage|p1b: Whimsicott|67/100
|
|upkeep
|turn|2
|inactive|palle synchro has 30 seconds left.
|inactive|palle synchro has 20 seconds left.
|inactive|Chochito Pelao has 30 seconds left.
|inactive|Chochito Pelao has 20 seconds left.
|inactive|Chochito Pelao has 15 seconds left.
|inactive|Chochito Pelao has 10 seconds left.
|
|t:|1785184558
|switch|p2a: Sinistcha|Sinistcha, L50|100/100
|-heal|p2b: Excadrill|71/100|[from] ability: Hospitality|[of] p2a: Sinistcha
|move|p2b: Excadrill|Protect|p2b: Excadrill
|-singleturn|p2b: Excadrill|Protect
|move|p1a: Kommo-o|Vacuum Wave|p2b: Excadrill
|-activate|p2b: Excadrill|move: Protect
|move|p1b: Whimsicott|Moonblast|p2a: Sinistcha
|-damage|p2a: Sinistcha|62/100
|-unboost|p2a: Sinistcha|spa|1
|
|upkeep
|turn|3
|
|t:|1785184581
|switch|p2b: Staraptor|Staraptor, L50, M|26/100
|-ability|p2b: Staraptor|Intimidate|boost
|-unboost|p1a: Kommo-o|atk|1
|-unboost|p1b: Whimsicott|atk|1
|move|p1b: Whimsicott|Encore||[still]
|-fail|p1b: Whimsicott
|move|p1a: Kommo-o|Clanging Scales|p2a: Sinistcha|[spread] p2a,p2b
|-damage|p2a: Sinistcha|10/100
|-damage|p2b: Staraptor|0 fnt
|faint|p2b: Staraptor
|-unboost|p1a: Kommo-o|def|1
|-damage|p1a: Kommo-o|18/100|[from] item: Life Orb
|move|p2a: Sinistcha|Shadow Ball|p1a: Kommo-o
|-damage|p1a: Kommo-o|0 fnt
|faint|p1a: Kommo-o
|
|upkeep
|
|t:|1785184598
|switch|p2b: Excadrill|Excadrill, L50, F|71/100
|switch|p1a: Charizard|Charizard, L50, F|100/100
|turn|4
|
|t:|1785184608
|switch|p2a: Tyranitar|Tyranitar, L50, F|100/100
|-weather|Sandstorm|[from] ability: Sand Stream|[of] p2a: Tyranitar
|move|p1b: Whimsicott|Protect|p1b: Whimsicott
|-singleturn|p1b: Whimsicott|Protect
|move|p1a: Charizard|Protect|p1a: Charizard
|-singleturn|p1a: Charizard|Protect
|move|p2b: Excadrill|Rock Slide|p1b: Whimsicott|[spread] 
|-activate|p1a: Charizard|move: Protect
|-activate|p1b: Whimsicott|move: Protect
|
|-weather|Sandstorm|[upkeep]
|-damage|p1b: Whimsicott|62/100|[from] Sandstorm
|-damage|p1a: Charizard|94/100|[from] Sandstorm
|-sideend|p1: palle synchro|move: Tailwind
|-sideend|p2: Chochito Pelao|move: Tailwind
|upkeep
|turn|5
|
|t:|1785184625
|switch|p1a: Kingambit|Kingambit, L50, M|100/100
|detailschange|p2a: Tyranitar|Tyranitar-Mega, L50, F
|-mega|p2a: Tyranitar|Tyranitar|Tyranitarite
|move|p1b: Whimsicott|Tailwind|p1b: Whimsicott
|-sidestart|p1: palle synchro|move: Tailwind
|move|p2b: Excadrill|Iron Head|p1b: Whimsicott
|-supereffective|p1b: Whimsicott|1
|-damage|p1b: Whimsicott|0 fnt
|faint|p1b: Whimsicott
|move|p2a: Tyranitar|Rock Slide|p1a: Kingambit
|-resisted|p1a: Kingambit|1
|-damage|p1a: Kingambit|82/100
|
|-weather|Sandstorm|[upkeep]
|upkeep
|
|t:|1785184632
|switch|p1b: Charizard|Charizard, L50, F|94/100
|turn|6
|
|t:|1785184639
|switch|p2a: Sinistcha|Sinistcha, L50|10/100
|-heal|p2b: Excadrill|96/100|[from] ability: Hospitality|[of] p2a: Sinistcha
|detailschange|p1b: Charizard|Charizard-Mega-Y, L50, F
|-mega|p1b: Charizard|Charizard|Charizardite Y
|-weather|SunnyDay|[from] ability: Drought|[of] p1b: Charizard
|move|p2b: Excadrill|Protect|p2b: Excadrill
|-singleturn|p2b: Excadrill|Protect
|move|p1b: Charizard|Heat Wave|p2b: Excadrill|[spread] p2a
|-activate|p2b: Excadrill|move: Protect
|-supereffective|p2a: Sinistcha|1
|-damage|p2a: Sinistcha|0 fnt
|faint|p2a: Sinistcha
|move|p1a: Kingambit|Iron Head|p2b: Excadrill
|-activate|p2b: Excadrill|move: Protect
|
|-weather|SunnyDay|[upkeep]
|upkeep
|
|t:|1785184646
|switch|p2a: Tyranitar|Tyranitar-Mega, L50, F|100/100
|-weather|Sandstorm|[from] ability: Sand Stream|[of] p2a: Tyranitar
|turn|7
|
|t:|1785184660
|move|p2b: Excadrill|Rock Slide|p1b: Charizard|[spread] p1a,p1b
|-resisted|p1a: Kingambit|1
|-supereffective|p1b: Charizard|2
|-damage|p1a: Kingambit|74/100
|-damage|p1b: Charizard|0 fnt
|faint|p1b: Charizard
|move|p1a: Kingambit|Iron Head|p2a: Tyranitar
|-supereffective|p2a: Tyranitar|1
|-damage|p2a: Tyranitar|42/100
|move|p2a: Tyranitar|High Horsepower|p1a: Kingambit
|-supereffective|p1a: Kingambit|1
|-damage|p1a: Kingambit|21/100
|
|-weather|Sandstorm|[upkeep]
|upkeep
|turn|8
|-message|palle synchro forfeited.
|
|win|Chochito Pelao
|raw|palle synchro's rating: 1386 → 1360(-26 for losing)
|raw|Chochito Pelao's rating: 1287 → 1319(+32 for winning)
