|j|☆Moonlight Flutter
|j|☆lucky777n
|html|Moonlight Flutterlucky777n    
|uhtml|bestof|Game 1 of a best-of-3
|t:|1782568443
|gametype|doubles
|player|p1|Moonlight Flutter|miku-flying|
|player|p2|lucky777n|102|
|gen|9
|tier|[Gen 9 Champions] VGC 2026 Reg M-B (Bo3)
|rule|Species Clause: Limit one of each Pokémon
|rule|Item Clause: Limit 1 of each item
|clearpoke
|poke|p1|Sinistcha, L50|
|poke|p1|Incineroar, L50, F|
|poke|p1|Milotic, L50, M|
|poke|p1|Raichu, L50, M|
|poke|p1|Ceruledge, L50, F|
|poke|p1|Mawile, L50, M, shiny|
|poke|p2|Archaludon, L50, F|
|poke|p2|Pelipper, L50, M|
|poke|p2|Swampert, L50, M|
|poke|p2|Sinistcha, L50|
|poke|p2|Sableye, L50, M|
|poke|p2|Basculegion, L50, M|
|teampreview|4
|showteam|p1|Sinistcha||KasibBerry|Hospitality|MatchaGotcha,LifeDew,RagePowder,Protect|Relaxed|||||50|]Incineroar||SitrusBerry|Intimidate|FlareBlitz,ThroatChop,FakeOut,PartingShot|Impish||F|||50|]Milotic||Leftovers|Competitive|MuddyWater,Coil,Hypnosis,Protect|Calm||M|||50|]Raichu||RaichuniteY|LightningRod|ZapCannon,FocusBlast,FakeOut,Protect|Timid||M|||50|]Ceruledge||ColburBerry|FlashFire|BitterBlade,ShadowSneak,BulkUp,Protect|Adamant||F|||50|]Mawile||Mawilite|HyperCutter|PlayRough,SuckerPunch,SwordsDance,Protect|Adamant||M|||50|
|showteam|p2|Archaludon||Leftovers|Stamina|ElectroShot,FlashCannon,Protect,DragonPulse|Modest||F|||50|]Pelipper||FocusSash|Drizzle|Hurricane,Tailwind,WeatherBall,Protect|Modest||M|||50|]Swampert||Swampertite|Damp|HighHorsepower,WaveCrash,Protect,IcePunch|Adamant||M|||50|]Sinistcha||KasibBerry|Hospitality|MatchaGotcha,RagePowder,Protect,LifeDew|Bold|||||50|]Sableye||LightClay|Prankster|WillOWisp,RainDance,LightScreen,Reflect|Bold||M|||50|]Basculegion||ChoiceScarf|Adaptability|AquaJet,LastRespects,WaveCrash,FlipTurn|Jolly||M|||50|
|inactive|Battle timer is ON: inactive players will automatically lose when time's up. (requested by Moonlight Flutter)
|
|t:|1782568466
|teamsize|p1|4
|teamsize|p2|4
|start
|switch|p1a: Incineroar|Incineroar, L50, F|100/100
|switch|p1b: Milotic|Milotic, L50, M|100/100
|switch|p2a: Pelipper|Pelipper, L50, M|100/100
|switch|p2b: Swampert|Swampert, L50, M|100/100
|-weather|RainDance|[from] ability: Drizzle|[of] p2a: Pelipper
|-ability|p1a: Incineroar|Intimidate|boost
|-unboost|p2a: Pelipper|atk|1
|-unboost|p2b: Swampert|atk|1
|turn|1
|
|t:|1782568489
|detailschange|p2b: Swampert|Swampert-Mega, L50, M
|-mega|p2b: Swampert|Swampert|Swampertite
|move|p2b: Swampert|Protect|p2b: Swampert
|-singleturn|p2b: Swampert|Protect
|move|p1a: Incineroar|Fake Out|p2a: Pelipper
|-damage|p2a: Pelipper|86/100
|cant|p2a: Pelipper|flinch
|move|p1b: Milotic|Coil|p1b: Milotic
|-boost|p1b: Milotic|atk|1
|-boost|p1b: Milotic|def|1
|-boost|p1b: Milotic|accuracy|1
|
|-weather|RainDance|[upkeep]
|upkeep
|turn|2
|inactive|lucky777n has 30 seconds left.
|
|t:|1782568514
|switch|p1a: Sinistcha|Sinistcha, L50|100/100
|move|p2b: Swampert|Wave Crash|p1a: Sinistcha
|-resisted|p1a: Sinistcha|1
|-damage|p1a: Sinistcha|69/100
|-damage|p2b: Swampert|90/100|[from] Recoil
|move|p2a: Pelipper|Weather Ball|p1a: Sinistcha
|-resisted|p1a: Sinistcha|1
|-damage|p1a: Sinistcha|38/100
|move|p1b: Milotic|Hypnosis|p2a: Pelipper
|-status|p2a: Pelipper|slp|[from] move: Hypnosis
|
|-weather|RainDance|[upkeep]
|upkeep
|turn|3
|inactive|lucky777n has 30 seconds left.
|
|t:|1782568541
|switch|p1a: Incineroar|Incineroar, L50, F|100/100
|-ability|p1a: Incineroar|Intimidate|boost
|-unboost|p2a: Pelipper|atk|1
|-unboost|p2b: Swampert|atk|1
|move|p2b: Swampert|Ice Punch|p1a: Incineroar
|-resisted|p1a: Incineroar|1
|-damage|p1a: Incineroar|94/100
|cant|p2a: Pelipper|slp
|move|p1b: Milotic|Hypnosis|p2b: Swampert
|-status|p2b: Swampert|slp|[from] move: Hypnosis
|
|-weather|RainDance|[upkeep]
|upkeep
|turn|4
|inactive|lucky777n has 30 seconds left.
|
|t:|1782568570
|switch|p2b: Basculegion|Basculegion, L50, M|100/100
|switch|p2a: Archaludon|Archaludon, L50, F|100/100
|move|p1b: Milotic|Muddy Water|p2a: Archaludon|[spread] p2a,p2b
|-resisted|p2a: Archaludon|1
|-resisted|p2b: Basculegion|1
|-damage|p2a: Archaludon|84/100
|-damage|p2b: Basculegion|80/100
|-ability|p2a: Archaludon|Stamina|boost
|-boost|p2a: Archaludon|def|1
|move|p1a: Incineroar|Parting Shot|p2a: Archaludon
|-unboost|p2a: Archaludon|atk|1
|-unboost|p2a: Archaludon|spa|1
|inactive|Moonlight Flutter has 30 seconds left.
|
|t:|1782568599
|switch|p1a: Sinistcha|Sinistcha, L50|38/100|[from] Parting Shot
|
|-weather|RainDance|[upkeep]
|-heal|p2a: Archaludon|90/100|[from] item: Leftovers
|upkeep
|turn|5
|
|t:|1782568618
|switch|p1a: Incineroar|Incineroar, L50, F|94/100
|-ability|p1a: Incineroar|Intimidate|boost
|-unboost|p2a: Archaludon|atk|1
|-unboost|p2b: Basculegion|atk|1
|move|p2b: Basculegion|Last Respects|p1a: Incineroar
|-resisted|p1a: Incineroar|1
|-damage|p1a: Incineroar|87/100
|move|p2a: Archaludon|Electro Shot||[still]
|-prepare|p2a: Archaludon|Electro Shot
|-boost|p2a: Archaludon|spa|1
|-anim|p2a: Archaludon|Electro Shot|p1b: Milotic
|-supereffective|p1b: Milotic|1
|-damage|p1b: Milotic|43/100
|move|p1b: Milotic|Hypnosis|p2b: Basculegion
|-status|p2b: Basculegion|slp|[from] move: Hypnosis
|
|-weather|none
|-heal|p2a: Archaludon|96/100|[from] item: Leftovers
|-heal|p1b: Milotic|49/100|[from] item: Leftovers
|upkeep
|turn|6
|
|t:|1782568639
|switch|p1a: Raichu|Raichu, L50, M|100/100
|cant|p2b: Basculegion|slp
|move|p2a: Archaludon|Electro Shot||[still]
|-prepare|p2a: Archaludon|Electro Shot
|-boost|p2a: Archaludon|spa|1
|move|p1b: Milotic|Hypnosis|p2a: Archaludon
|-status|p2a: Archaludon|slp|[from] move: Hypnosis
|
|-heal|p2a: Archaludon|100/100 slp|[from] item: Leftovers
|-heal|p1b: Milotic|55/100|[from] item: Leftovers
|upkeep
|turn|7
|
|t:|1782568664
|detailschange|p1a: Raichu|Raichu-Mega-Y, L50, M
|-mega|p1a: Raichu|Raichu|Raichunite Y
|-curestatus|p2b: Basculegion|slp|[msg]
|move|p2b: Basculegion|Last Respects|p1a: Raichu
|-damage|p1a: Raichu|68/100
|move|p1a: Raichu|Zap Cannon|p2b: Basculegion
|-supereffective|p2b: Basculegion|1
|-damage|p2b: Basculegion|0 fnt
|faint|p2b: Basculegion
|cant|p2a: Archaludon|slp
|move|p1b: Milotic|Coil|p1b: Milotic
|-boost|p1b: Milotic|atk|1
|-boost|p1b: Milotic|def|1
|-boost|p1b: Milotic|accuracy|1
|
|-heal|p1b: Milotic|61/100|[from] item: Leftovers
|upkeep
|
|t:|1782568685
|switch|p2b: Pelipper|Pelipper, L50, M|86/100 slp
|-weather|RainDance|[from] ability: Drizzle|[of] p2b: Pelipper
|turn|8
|
|t:|1782568699
|move|p1a: Raichu|Focus Blast|p2a: Archaludon
|-supereffective|p2a: Archaludon|1
|-damage|p2a: Archaludon|16/100 slp
|-ability|p2a: Archaludon|Stamina|boost
|-boost|p2a: Archaludon|def|1
|cant|p2b: Pelipper|slp
|cant|p2a: Archaludon|slp
|move|p1b: Milotic|Muddy Water|p2a: Archaludon|[spread] p2a,p2b
|-resisted|p2a: Archaludon|1
|-crit|p2a: Archaludon
|-resisted|p2b: Pelipper|1
|-damage|p2a: Archaludon|0 fnt
|-damage|p2b: Pelipper|57/100 slp
|faint|p2a: Archaludon
|
|-weather|RainDance|[upkeep]
|-heal|p1b: Milotic|67/100|[from] item: Leftovers
|upkeep
|
|t:|1782568715
|switch|p2a: Swampert|Swampert-Mega, L50, M|90/100 slp
|turn|9
|
|t:|1782568724
|switch|p1a: Incineroar|Incineroar, L50, F|87/100
|-ability|p1a: Incineroar|Intimidate|boost
|-unboost|p2a: Swampert|atk|1
|-unboost|p2b: Pelipper|atk|1
|cant|p2a: Swampert|slp
|-curestatus|p2b: Pelipper|slp|[msg]
|move|p2b: Pelipper|Hurricane|p1b: Milotic
|-damage|p1b: Milotic|34/100
|move|p1b: Milotic|Hypnosis|p2b: Pelipper
|-status|p2b: Pelipper|slp|[from] move: Hypnosis
|
|-weather|RainDance|[upkeep]
|-heal|p1b: Milotic|40/100|[from] item: Leftovers
|upkeep
|turn|10
|
|t:|1782568744
|cant|p2a: Swampert|slp
|cant|p2b: Pelipper|slp
|move|p1b: Milotic|Muddy Water|p2a: Swampert|[spread] p2a,p2b
|-resisted|p2b: Pelipper|1
|-damage|p2a: Swampert|61/100 slp
|-damage|p2b: Pelipper|27/100 slp
|-unboost|p2b: Pelipper|accuracy|1
|move|p1a: Incineroar|Parting Shot|p2a: Swampert
|-unboost|p2a: Swampert|atk|1
|-unboost|p2a: Swampert|spa|1
|
|t:|1782568753
|switch|p1a: Raichu|Raichu-Mega-Y, L50, M|68/100|[from] Parting Shot
|
|-weather|RainDance|[upkeep]
|-heal|p1b: Milotic|46/100|[from] item: Leftovers
|upkeep
|turn|11
|
|t:|1782568769
|move|p1a: Raichu|Fake Out|p2a: Swampert
|-damage|p2a: Swampert|54/100 slp
|-curestatus|p2a: Swampert|slp|[msg]
|cant|p2a: Swampert|flinch
|-curestatus|p2b: Pelipper|slp|[msg]
|move|p2b: Pelipper|Hurricane|p1b: Milotic
|-damage|p1b: Milotic|13/100
|move|p1b: Milotic|Muddy Water|p2b: Pelipper|[spread] p2a,p2b
|-resisted|p2b: Pelipper|1
|-damage|p2a: Swampert|25/100
|-damage|p2b: Pelipper|0 fnt
|-unboost|p2a: Swampert|accuracy|1
|faint|p2b: Pelipper
|
|-weather|RainDance|[upkeep]
|-heal|p1b: Milotic|19/100|[from] item: Leftovers
|upkeep
|turn|12
|
|t:|1782568789
|move|p1a: Raichu|Protect|p1a: Raichu
|-singleturn|p1a: Raichu|Protect
|move|p1b: Milotic|Protect|p1b: Milotic
|-singleturn|p1b: Milotic|Protect
|move|p2a: Swampert|High Horsepower|p1a: Raichu
|-activate|p1a: Raichu|move: Protect
|
|-weather|none
|-heal|p1b: Milotic|25/100|[from] item: Leftovers
|upkeep
|turn|13
|
|t:|1782568798
|move|p1a: Raichu|Focus Blast|p2a: Swampert
|-damage|p2a: Swampert|0 fnt
|faint|p2a: Swampert
|
|win|Moonlight Flutter
||Moonlight Flutter is ready for game 2.
||lucky777n is ready for game 2.
|uhtml|next|Next: Game 2 of 3
