|j|â˜†TheDoomDraogn
|j|â˜†beckybug
|html|TheDoomDraognbeckybug    
|uhtml|bestof|Game 3 of a best-of-3
|t:|1784739563
|gametype|doubles
|player|p1|TheDoomDraogn|gentleman-gen4|1403
|player|p2|beckybug|briar|1370
|gen|9
|tier|[Gen 9 Champions] VGC 2026 Reg M-B (Bo3)
|rated|
|rule|Species Clause: Limit one of each PokÃ©mon
|rule|Item Clause: Limit 1 of each item
|clearpoke
|poke|p1|Charizard, L50, M, shiny|
|poke|p1|Metagross, L50, shiny|
|poke|p1|Hydreigon, L50, M|
|poke|p1|Incineroar, L50, M|
|poke|p1|Toxapex, L50, M, shiny|
|poke|p1|Annihilape, L50, M, shiny|
|poke|p2|Charizard, L50, M|
|poke|p2|Venusaur, L50, M|
|poke|p2|Pelipper, L50, F|
|poke|p2|Archaludon, L50, F|
|poke|p2|Grimmsnarl, L50, M|
|poke|p2|Basculegion, L50, M|
|teampreview|4
|showteam|p1|Charizard||CharizarditeY|Blaze|HeatWave,WeatherBall,SolarBeam,Protect|Modest||M|||50|]Metagross||Metagrossite|ClearBody|PsychicFangs,BulletPunch,IcePunch,Protect|Jolly|||||50|]Hydreigon||ChoiceScarf|Levitate|DarkPulse,DracoMeteor,Snarl,EarthPower|Modest||M|||50|]Incineroar||SitrusBerry|Intimidate|FlareBlitz,ThroatChop,PartingShot,FakeOut|Impish||M|||50|]Toxapex||Leftovers|Regenerator|Infestation,Toxic,WideGuard,BanefulBunker|Relaxed||M|||50|]Annihilape||FocusSash|Defiant|PhantomForce,CloseCombat,RockTomb,Protect|Jolly||M|||50|
|showteam|p2|Charizard||CharizarditeY|Blaze|WeatherBall,HeatWave,SolarBeam,Protect|Modest||M|||50|]Venusaur||FocusSash|Chlorophyll|SludgeBomb,EarthPower,SleepPowder,Protect|Modest||M|||50|]Pelipper||SitrusBerry|Drizzle|WeatherBall,Hurricane,Tailwind,Protect|Modest||F|||50|]Archaludon||Leftovers|Stamina|FlashCannon,DragonPulse,ElectroShot,Protect|Calm||F|||50|]Grimmsnarl||LightClay|Prankster|SpiritBreak,PartingShot,Reflect,LightScreen|Sassy||M|||50|]Basculegion||ChoiceScarf|Adaptability|WaveCrash,LastRespects,AquaJet,FlipTurn|Jolly||M|||50|
|
|t:|1784739579
|teamsize|p1|4
|teamsize|p2|4
|start
|switch|p1a: Toxapex|Toxapex, L50, M, shiny|100/100
|switch|p1b: Incineroar|Incineroar, L50, M|100/100
|switch|p2a: Grimmsnarl|Grimmsnarl, L50, M|100/100
|switch|p2b: Archaludon|Archaludon, L50, F|100/100
|-ability|p1b: Incineroar|Intimidate|boost
|-unboost|p2a: Grimmsnarl|atk|1
|-unboost|p2b: Archaludon|atk|1
|turn|1
|
|t:|1784739592
|move|p2a: Grimmsnarl|Light Screen|p2a: Grimmsnarl
|-sidestart|p2: beckybug|move: Light Screen
|move|p2b: Archaludon|Electro Shot||[still]
|-prepare|p2b: Archaludon|Electro Shot
|-boost|p2b: Archaludon|spa|1
|move|p1b: Incineroar|Parting Shot|p2a: Grimmsnarl
|-unboost|p2a: Grimmsnarl|atk|1
|-unboost|p2a: Grimmsnarl|spa|1
|
|t:|1784739611
|switch|p1b: Charizard|Charizard, L50, M, shiny|100/100|[from] Parting Shot
|move|p1a: Toxapex|Infestation|p2a: Grimmsnarl
|-damage|p2a: Grimmsnarl|98/100
|-activate|p2a: Grimmsnarl|move: Infestation|[of] p1a: Toxapex
|
|-damage|p2a: Grimmsnarl|85/100|[from] move: Infestation|[partiallytrapped]
|upkeep
|turn|2
|
|t:|1784739620
|switch|p1b: Incineroar|Incineroar, L50, M|100/100
|-ability|p1b: Incineroar|Intimidate|boost
|-unboost|p2a: Grimmsnarl|atk|1
|-unboost|p2b: Archaludon|atk|1
|move|p1a: Toxapex|Baneful Bunker|p1a: Toxapex
|-singleturn|p1a: Toxapex|move: Protect
|move|p2a: Grimmsnarl|Parting Shot|p1b: Incineroar
|-hint|Since gen 7, Dark is immune to Prankster moves.
|-immune|p1b: Incineroar
|move|p2b: Archaludon|Electro Shot|p1a: Toxapex|[from] lockedmove
|-activate|p1a: Toxapex|move: Protect
|
|-damage|p2a: Grimmsnarl|73/100|[from] move: Infestation|[partiallytrapped]
|upkeep
|turn|3
|
|t:|1784739639
|move|p2a: Grimmsnarl|Parting Shot|p1a: Toxapex
|-unboost|p1a: Toxapex|atk|1
|-unboost|p1a: Toxapex|spa|1
|
|t:|1784739650
|switch|p2a: Pelipper|Pelipper, L50, F|100/100|[from] Parting Shot
|-weather|RainDance|[from] ability: Drizzle|[of] p2a: Pelipper
|move|p2b: Archaludon|Electro Shot||[still]
|-prepare|p2b: Archaludon|Electro Shot
|-boost|p2b: Archaludon|spa|1
|-anim|p2b: Archaludon|Electro Shot|p1a: Toxapex
|-supereffective|p1a: Toxapex|1
|-damage|p1a: Toxapex|0 fnt
|faint|p1a: Toxapex
|move|p1b: Incineroar|Parting Shot|p2b: Archaludon
|-unboost|p2b: Archaludon|atk|1
|-unboost|p2b: Archaludon|spa|1
|c|â˜†TheDoomDraogn|i forgot you KO with eshot here
|c|â˜†TheDoomDraogn|rip
|
|t:|1784739662
|switch|p1b: Hydreigon|Hydreigon, L50, M|100/100|[from] Parting Shot
|
|-weather|RainDance|[upkeep]
|upkeep
|
|t:|1784739664
|switch|p1a: Charizard|Charizard, L50, M, shiny|100/100
|turn|4
|
|t:|1784739689
|detailschange|p1a: Charizard|Charizard-Mega-Y, L50, M, shiny
|-mega|p1a: Charizard|Charizard|Charizardite Y
|-weather|SunnyDay|[from] ability: Drought|[of] p1a: Charizard
|move|p2b: Archaludon|Protect|p2b: Archaludon
|-singleturn|p2b: Archaludon|Protect
|move|p1b: Hydreigon|Snarl|p2b: Archaludon|[spread] p2a
|-activate|p2b: Archaludon|move: Protect
|-damage|p2a: Pelipper|82/100
|-unboost|p2a: Pelipper|spa|1
|move|p1a: Charizard|Weather Ball|p2a: Pelipper
|-resisted|p2a: Pelipper|1
|-damage|p2a: Pelipper|50/100g
|move|p2a: Pelipper|Tailwind|p2a: Pelipper
|-sidestart|p2: beckybug|move: Tailwind
|
|-weather|SunnyDay|[upkeep]
|upkeep
|turn|5
|
|t:|1784739710
|switch|p1b: Incineroar|Incineroar, L50, M|100/100
|-ability|p1b: Incineroar|Intimidate|boost
|-unboost|p2a: Pelipper|atk|1
|-unboost|p2b: Archaludon|atk|1
|switch|p2a: Grimmsnarl|Grimmsnarl, L50, M|73/100
|move|p2b: Archaludon|Dragon Pulse|p1b: Incineroar
|-damage|p1b: Incineroar|44/100
|-enditem|p1b: Incineroar|Sitrus Berry|[eat]
|-heal|p1b: Incineroar|69/100|[from] item: Sitrus Berry
|move|p1a: Charizard|Weather Ball|p2b: Archaludon
|-damage|p2b: Archaludon|50/100g
|-ability|p2b: Archaludon|Stamina|boost
|-boost|p2b: Archaludon|def|1
|
|-weather|SunnyDay|[upkeep]
|-heal|p2b: Archaludon|56/100|[from] item: Leftovers
|upkeep
|turn|6
|
|t:|1784739734
|move|p2b: Archaludon|Protect|p2b: Archaludon
|-singleturn|p2b: Archaludon|Protect
|move|p2a: Grimmsnarl|Spirit Break|p1b: Incineroar
|-damage|p1b: Incineroar|46/100
|-unboost|p1b: Incineroar|spa|1
|move|p1a: Charizard|Weather Ball|p2b: Archaludon
|-activate|p2b: Archaludon|move: Protect
|move|p1b: Incineroar|Parting Shot|p2b: Archaludon
|-activate|p2b: Archaludon|move: Protect
|
|-weather|SunnyDay|[upkeep]
|-heal|p2b: Archaludon|62/100|[from] item: Leftovers
|upkeep
|turn|7
|
|t:|1784739758
|switch|p2a: Pelipper|Pelipper, L50, F|50/100g
|-weather|RainDance|[from] ability: Drizzle|[of] p2a: Pelipper
|switch|p1b: Hydreigon|Hydreigon, L50, M|100/100
|move|p2b: Archaludon|Electro Shot||[still]
|-prepare|p2b: Archaludon|Electro Shot
|-boost|p2b: Archaludon|spa|1
|-anim|p2b: Archaludon|Electro Shot|p1b: Hydreigon
|-resisted|p1b: Hydreigon|1
|-damage|p1b: Hydreigon|59/100
|move|p1a: Charizard|Weather Ball|p2a: Pelipper
|-resisted|p2a: Pelipper|1
|-damage|p2a: Pelipper|25/100
|-enditem|p2a: Pelipper|Sitrus Berry|[eat]
|-heal|p2a: Pelipper|50/100g|[from] item: Sitrus Berry
|
|-weather|RainDance|[upkeep]
|-heal|p2b: Archaludon|69/100|[from] item: Leftovers
|-sideend|p2: beckybug|move: Tailwind
|upkeep
|turn|8
|
|t:|1784739787
|switch|p2a: Grimmsnarl|Grimmsnarl, L50, M|73/100
|move|p2b: Archaludon|Protect|p2b: Archaludon
|-singleturn|p2b: Archaludon|Protect
|move|p1b: Hydreigon|Earth Power|p2b: Archaludon
|-activate|p2b: Archaludon|move: Protect
|move|p1a: Charizard|Weather Ball|p2b: Archaludon
|-activate|p2b: Archaludon|move: Protect
|
|-weather|RainDance|[upkeep]
|-heal|p2b: Archaludon|75/100|[from] item: Leftovers
|-sideend|p2: beckybug|move: Light Screen
|upkeep
|turn|9
|
|t:|1784739816
|switch|p2b: Pelipper|Pelipper, L50, F|50/100g
|move|p1b: Hydreigon|Earth Power|p2b: Pelipper
|-immune|p2b: Pelipper
|move|p1a: Charizard|Weather Ball|p2b: Pelipper
|-resisted|p2b: Pelipper|1
|-damage|p2b: Pelipper|17/100
|move|p2a: Grimmsnarl|Spirit Break|p1b: Hydreigon
|-supereffective|p1b: Hydreigon|2
|-damage|p1b: Hydreigon|0 fnt
|faint|p1b: Hydreigon
|
|-weather|RainDance|[upkeep]
|upkeep
|
|t:|1784739829
|switch|p1b: Incineroar|Incineroar, L50, M|46/100
|-ability|p1b: Incineroar|Intimidate|boost
|-unboost|p2a: Grimmsnarl|atk|1
|-unboost|p2b: Pelipper|atk|1
|turn|10
|
|t:|1784739837
|switch|p2b: Archaludon|Archaludon, L50, F|75/100
|move|p1b: Incineroar|Fake Out|p2a: Grimmsnarl
|-damage|p2a: Grimmsnarl|63/100
|cant|p2a: Grimmsnarl|flinch
|move|p1a: Charizard|Weather Ball|p2b: Archaludon
|-resisted|p2b: Archaludon|1
|-damage|p2b: Archaludon|48/100
|-ability|p2b: Archaludon|Stamina|boost
|-boost|p2b: Archaludon|def|1
|
|-weather|RainDance|[upkeep]
|-heal|p2b: Archaludon|54/100|[from] item: Leftovers
|upkeep
|turn|11
|
|t:|1784739859
|move|p2b: Archaludon|Protect|p2b: Archaludon
|-singleturn|p2b: Archaludon|Protect
|move|p2a: Grimmsnarl|Light Screen|p2a: Grimmsnarl
|-sidestart|p2: beckybug|move: Light Screen
|move|p1a: Charizard|Weather Ball|p2b: Archaludon
|-activate|p2b: Archaludon|move: Protect
|move|p1b: Incineroar|Throat Chop|p2b: Archaludon
|-activate|p2b: Archaludon|move: Protect
|
|-weather|none
|-heal|p2b: Archaludon|60/100|[from] item: Leftovers
|upkeep
|turn|12
|
|t:|1784739888
|move|p2a: Grimmsnarl|Parting Shot|p1a: Charizard
|-unboost|p1a: Charizard|atk|1
|-unboost|p1a: Charizard|spa|1
|
|t:|1784739891
|switch|p2a: Pelipper|Pelipper, L50, F|17/100|[from] Parting Shot
|-weather|RainDance|[from] ability: Drizzle|[of] p2a: Pelipper
|move|p1a: Charizard|Weather Ball|p2b: Archaludon
|-resisted|p2b: Archaludon|1
|-damage|p2b: Archaludon|49/100
|-ability|p2b: Archaludon|Stamina|boost
|-boost|p2b: Archaludon|def|1
|move|p2b: Archaludon|Electro Shot||[still]
|-prepare|p2b: Archaludon|Electro Shot
|-boost|p2b: Archaludon|spa|1
|-anim|p2b: Archaludon|Electro Shot|p1b: Incineroar
|-damage|p1b: Incineroar|0 fnt
|faint|p1b: Incineroar
|
|-weather|RainDance|[upkeep]
|-heal|p2b: Archaludon|55/100|[from] item: Leftovers
|upkeep
|turn|13
|
|t:|1784739908
|move|p1a: Charizard|Weather Ball|p2b: Archaludon
|-resisted|p2b: Archaludon|1
|-damage|p2b: Archaludon|44/100
|-ability|p2b: Archaludon|Stamina|boost
|-boost|p2b: Archaludon|def|1
|move|p2b: Archaludon|Electro Shot||[still]
|-prepare|p2b: Archaludon|Electro Shot
|-boost|p2b: Archaludon|spa|1
|-anim|p2b: Archaludon|Electro Shot|p1a: Charizard
|-supereffective|p1a: Charizard|1
|-damage|p1a: Charizard|0 fnt
|faint|p1a: Charizard
|
|win|beckybug
|raw|TheDoomDraogn's rating: 1403 → 1381(-22 for losing)
|raw|beckybug's rating: 1370 → 1392(+22 for winning)
|l|â˜†TheDoomDraogn
|player|p1|
