|j|☆itsmako psoe
|j|‽CaratroncoSun
|html|itsmako psoeCaratroncoSun    
|uhtml|bestof|Game 1 of a best-of-3
|t:|1782210257
|gametype|doubles
|player|p1|itsmako psoe|benga|1020
|player|p2|CaratroncoSun|juan|1126
|gen|9
|tier|[Gen 9 Champions] VGC 2026 Reg M-B (Bo3)
|rated|
|rule|Species Clause: Limit one of each Pokémon
|rule|Item Clause: Limit 1 of each item
|clearpoke
|poke|p1|Staraptor, L50, M|
|poke|p1|Aegislash, L50, F|
|poke|p1|Farigiraf, L50, M|
|poke|p1|Grimmsnarl, L50, M|
|poke|p1|Whimsicott, L50, M|
|poke|p1|Garchomp, L50, M|
|poke|p2|Overqwil, L50, F, shiny|
|poke|p2|Swampert, L50, F|
|poke|p2|Pelipper, L50, F|
|poke|p2|Metagross, L50, shiny|
|poke|p2|Sneasler, L50, M|
|poke|p2|Sinistcha-Masterpiece, L50|
|teampreview|4
|showteam|p1|Staraptor||Staraptite|Intimidate|CloseCombat,BraveBird,Whirlwind,Roost|Adamant||M|||50|]Aegislash||Leftovers|StanceChange|KingsShield,ShadowSneak,FlashCannon,ShadowBall|Calm||F|||50|]Farigiraf||SitrusBerry|ArmorTail|TwinBeam,Protect,TrickRoom,DazzlingGleam|Quiet||M|||50|]Grimmsnarl||LightClay|Prankster|FoulPlay,PartingShot,LightScreen,Reflect|Modest||M|||50|]Whimsicott||FocusSash|Prankster|Tailwind,Moonblast,Encore,Tickle|Bold||M|||50|]Garchomp||LifeOrb|RoughSkin|Earthquake,RockSlide,Protect,DragonClaw|Adamant||M|||50|
|showteam|p2|Overqwil||LifeOrb|SwiftSwim|Protect,PoisonJab,ThroatChop,Liquidation|Adamant||F|||50|]Swampert||Swampertite|Damp|Protect,WaveCrash,HighHorsepower,IcePunch|Adamant||F|||50|]Pelipper||FocusSash|Drizzle|Protect,Tailwind,Hurricane,WeatherBall|Modest||F|||50|]Metagross||Metagrossite|ClearBody|Protect,PsychicFangs,MeteorMash,IcePunch|Jolly|||||50|]Sneasler||WhiteHerb|Unburden|Coaching,FakeOut,DireClaw,CloseCombat|Jolly||M|||50|]Sinistcha-Masterpiece||SitrusBerry|Hospitality|MatchaGotcha,TrickRoom,LifeDew,RagePowder|Bold|||||50|
|inactive|Battle timer is ON: inactive players will automatically lose when time's up. (requested by itsmako psoe)
|inactive|itsmako psoe has 60 seconds left.
|inactive|itsmako psoe has 30 seconds left.
|
|t:|1782210330
|teamsize|p1|4
|teamsize|p2|4
|start
|switch|p1a: Garchomp|Garchomp, L50, M|100/100
|switch|p1b: Aegislash|Aegislash, L50, F|100/100
|switch|p2a: Swampert|Swampert, L50, F|100/100
|switch|p2b: Sneasler|Sneasler, L50, M|100/100
|turn|1
|inactive|CaratroncoSun has 30 seconds left.
|
|t:|1782210361
|move|p1a: Garchomp|Protect|p1a: Garchomp
|-singleturn|p1a: Garchomp|Protect
|move|p2a: Swampert|Protect|p2a: Swampert
|-singleturn|p2a: Swampert|Protect
|move|p1b: Aegislash|King's Shield|p1b: Aegislash
|-singleturn|p1b: Aegislash|Protect
|move|p2b: Sneasler|Coaching|p2a: Swampert
|-boost|p2a: Swampert|atk|1
|-boost|p2a: Swampert|def|1
|
|upkeep
|turn|2
|
|t:|1782210382
|switch|p1b: Staraptor|Staraptor, L50, M|100/100
|-ability|p1b: Staraptor|Intimidate|boost
|-unboost|p2a: Swampert|atk|1
|-unboost|p2b: Sneasler|atk|1
|-enditem|p2b: Sneasler|White Herb
|-clearnegativeboost|p2b: Sneasler|[silent]
|detailschange|p2a: Swampert|Swampert-Mega, L50, F
|-mega|p2a: Swampert|Swampert|Swampertite
|move|p2b: Sneasler|Coaching|p2a: Swampert
|-boost|p2a: Swampert|atk|1
|-boost|p2a: Swampert|def|1
|move|p1a: Garchomp|Earthquake|p2a: Swampert|[spread] p2a,p2b
|-immune|p1b: Staraptor
|-crit|p2a: Swampert
|-supereffective|p2b: Sneasler|1
|-damage|p2a: Swampert|37/100
|-damage|p2b: Sneasler|0 fnt
|faint|p2b: Sneasler
|-damage|p1a: Garchomp|90/100|[from] item: Life Orb
|move|p2a: Swampert|High Horsepower|p1b: Staraptor
|-immune|p1b: Staraptor
|
|upkeep
|
|t:|1782210403
|switch|p2b: Pelipper|Pelipper, L50, F|100/100
|-weather|RainDance|[from] ability: Drizzle|[of] p2b: Pelipper
|turn|3
|
|t:|1782210423
|switch|p1b: Whimsicott|Whimsicott, L50, M|100/100
|move|p2a: Swampert|Ice Punch|p1b: Whimsicott
|-supereffective|p1b: Whimsicott|1
|-enditem|p1b: Whimsicott|Focus Sash
|-damage|p1b: Whimsicott|1/100
|move|p1a: Garchomp|Rock Slide|p2b: Pelipper|[spread] p2a,p2b
|-resisted|p2a: Swampert|1
|-supereffective|p2b: Pelipper|1
|-damage|p2a: Swampert|32/100
|-damage|p2b: Pelipper|35/100
|-damage|p1a: Garchomp|80/100|[from] item: Life Orb
|move|p2b: Pelipper|Tailwind|p2b: Pelipper
|-sidestart|p2: CaratroncoSun|move: Tailwind
|
|-weather|RainDance|[upkeep]
|upkeep
|turn|4
|inactive|itsmako psoe has 30 seconds left.
|
|t:|1782210451
|switch|p1a: Aegislash|Aegislash, L50, F|100/100
|move|p1b: Whimsicott|Tailwind|p1b: Whimsicott
|-sidestart|p1: itsmako psoe|move: Tailwind
|move|p2a: Swampert|Ice Punch|p1a: Aegislash
|-resisted|p1a: Aegislash|1
|-damage|p1a: Aegislash|80/100
|-status|p1a: Aegislash|frz
|move|p2b: Pelipper|Weather Ball|p1b: Whimsicott
|-resisted|p1b: Whimsicott|1
|-damage|p1b: Whimsicott|0 fnt
|faint|p1b: Whimsicott
|
|-weather|RainDance|[upkeep]
|-heal|p1a: Aegislash|86/100 frz|[from] item: Leftovers
|upkeep
|
|t:|1782210462
|switch|p1b: Garchomp|Garchomp, L50, M|80/100
|turn|5
|
|t:|1782210471
|move|p1b: Garchomp|Protect|p1b: Garchomp
|-singleturn|p1b: Garchomp|Protect
|move|p2a: Swampert|Ice Punch|p1b: Garchomp
|-activate|p1b: Garchomp|move: Protect
|move|p2b: Pelipper|Weather Ball|p1a: Aegislash
|-damage|p1a: Aegislash|43/100 frz
|cant|p1a: Aegislash|frz
|
|-weather|RainDance|[upkeep]
|-heal|p1a: Aegislash|49/100 frz|[from] item: Leftovers
|upkeep
|turn|6
|
|t:|1782210487
|cant|p1a: Aegislash|frz
|move|p2a: Swampert|Ice Punch|p1b: Garchomp
|-supereffective|p1b: Garchomp|2
|-damage|p1b: Garchomp|0 fnt
|-damage|p2a: Swampert|20/100y|[from] ability: Rough Skin|[of] p1b: Garchomp
|faint|p1b: Garchomp
|move|p2b: Pelipper|Weather Ball|p1a: Aegislash
|-damage|p1a: Aegislash|10/100 frz
|
|-weather|RainDance|[upkeep]
|-heal|p1a: Aegislash|16/100 frz|[from] item: Leftovers
|-sideend|p2: CaratroncoSun|move: Tailwind
|upkeep
|
|t:|1782210492
|switch|p1b: Staraptor|Staraptor, L50, M|100/100
|-ability|p1b: Staraptor|Intimidate|boost
|-unboost|p2a: Swampert|atk|1
|-unboost|p2b: Pelipper|atk|1
|turn|7
|inactive|CaratroncoSun has 30 seconds left.
|
|t:|1782210518
|switch|p2b: Overqwil|Overqwil, L50, F, shiny|100/100
|detailschange|p1b: Staraptor|Staraptor-Mega, L50, M
|-mega|p1b: Staraptor|Staraptor|Staraptite
|move|p1b: Staraptor|Close Combat|p2a: Swampert
|-damage|p2a: Swampert|0 fnt
|-boost|p1b: Staraptor|def|1
|-boost|p1b: Staraptor|spd|1
|faint|p2a: Swampert
|-curestatus|p1a: Aegislash|frz|[msg]
|-formechange|p1a: Aegislash|Aegislash-Blade|
|move|p1a: Aegislash|Shadow Ball|p2b: Overqwil
|-resisted|p2b: Overqwil|1
|-damage|p2b: Overqwil|73/100
|
|-weather|none
|-heal|p1a: Aegislash|22/100|[from] item: Leftovers
|-sideend|p1: itsmako psoe|move: Tailwind
|upkeep
|
|t:|1782210534
|switch|p2a: Pelipper|Pelipper, L50, F|35/100
|-weather|RainDance|[from] ability: Drizzle|[of] p2a: Pelipper
|turn|8
|
|t:|1782210546
|move|p2a: Pelipper|Protect|p2a: Pelipper
|-singleturn|p2a: Pelipper|Protect
|move|p2b: Overqwil|Liquidation|p1b: Staraptor
|-damage|p1b: Staraptor|64/100
|-damage|p2b: Overqwil|63/100|[from] item: Life Orb
|move|p1b: Staraptor|Close Combat|p2b: Overqwil
|-damage|p2b: Overqwil|0 fnt
|-boost|p1b: Staraptor|def|1
|-boost|p1b: Staraptor|spd|1
|faint|p2b: Overqwil
|move|p1a: Aegislash|Shadow Ball|p2a: Pelipper
|-activate|p2a: Pelipper|move: Protect
|
|-weather|RainDance|[upkeep]
|-heal|p1a: Aegislash|28/100|[from] item: Leftovers
|upkeep
|turn|9
|
|t:|1782210564
|move|p1b: Staraptor|Close Combat|p2a: Pelipper
|-resisted|p2a: Pelipper|1
|-damage|p2a: Pelipper|0 fnt
|-boost|p1b: Staraptor|def|1
|-boost|p1b: Staraptor|spd|1
|faint|p2a: Pelipper
|
|win|itsmako psoe
