|badge|p2|silver|gen9ou|30-6
|uhtml|medal-msg|Curious what those medals under the avatar are? PS now has Ladder Seasons! For more information, check out the thread on Smogon.
|j|☆ShabazXVGC
|j|☆JackRG1
|html|ShabazXVGCJackRG1    
|uhtml|bestof|Game 1 of a best-of-3
|t:|1757726812
|gametype|doubles
|player|p1|ShabazXVGC|marlon|1062
|player|p2|JackRG1|dawn-gen4pt|1139
|gen|9
|tier|[Gen 9] VGC 2025 Reg H (Bo3)
|rated|
|rule|Species Clause: Limit one of each Pokémon
|rule|Item Clause: Limit 1 of each item
|clearpoke
|poke|p1|Rillaboom, L50, F|
|poke|p1|Pelipper, L50, M|
|poke|p1|Archaludon, L50, M|
|poke|p1|Bellibolt, L50, M|
|poke|p1|Palafin, L50, F|
|poke|p1|Overqwil, L50, M|
|poke|p2|Tyranitar, L50, F|
|poke|p2|Excadrill, L50, F|
|poke|p2|Gastrodon-East, L50, M|
|poke|p2|Annihilape, L50, M|
|poke|p2|Grimmsnarl, L50, M|
|poke|p2|Corviknight, L50, M|
|teampreview|4
|showteam|p1|Rillaboom||GrassySeed|GrassySurge|FakeOut,HighHorsepower,GrassyGlide,WoodHammer|||F|||50|,,,,,Fire]Pelipper||FocusSash|Drizzle|Hurricane,Protect,Tailwind,WeatherBall|||M|||50|,,,,,Flying]Archaludon||SitrusBerry|Stamina|FlashCannon,DracoMeteor,ElectroShot,BodyPress|||M|||50|,,,,,Grass]Bellibolt||AssaultVest|Electromorphosis|ParabolicCharge,ChillingWater,VoltSwitch,Electroweb|||M|||50|,,,,,Water]Palafin||ChoiceScarf|ZerotoHero|JetPunch,FlipTurn,WaveCrash,ZenHeadbutt|||F|||50|,,,,,Water]Overqwil||LifeOrb|SwiftSwim|PoisonJab,Crunch,Liquidation,SwordsDance|||M|||50|,,,,,Water
|showteam|p2|Tyranitar||AssaultVest|SandStream|RockSlide,KnockOff,TeraBlast,LowKick|||F|||50|,,,,,Flying]Excadrill||FocusSash|SandRush|Earthquake,HighHorsepower,IronHead,Protect|||F|||50|,,,,,Ground]Gastrodon-East||Leftovers|StormDrain|EarthPower,HydroPump,ClearSmog,Protect|||M|||50|,,,,,Poison]Annihilape||ChoiceScarf|Defiant|CloseCombat,Uturn,Coaching,FinalGambit|||M|||50|,,,,,Grass]Grimmsnarl||LightClay|Prankster|SpiritBreak,Reflect,LightScreen,MistyTerrain|||M|||50|,,,,,Ghost]Corviknight||CovertCloak|MirrorArmor|BraveBird,PowerTrip,BulkUp,Roost|||M|||50|,,,,,Dragon
|inactive|Battle timer is ON: inactive players will automatically lose when time's up. (requested by JackRG1)
|inactive|ShabazXVGC has 60 seconds left.
|inactive|JackRG1 has 60 seconds left.
|inactive|ShabazXVGC has 30 seconds left.
|
|t:|1757726882
|teamsize|p1|4
|teamsize|p2|4
|start
|switch|p1a: Palafin|Palafin, L50, F|100/100
|switch|p1b: Franky|Archaludon, L50, M|100/100
|switch|p2a: Corviknight|Corviknight, L50, M|100/100
|switch|p2b: Grimmsnarl|Grimmsnarl, L50, M|100/100
|turn|1
|
|t:|1757726902
|switch|p2b: Gastrodon|Gastrodon-East, L50, M|100/100
|move|p1a: Palafin|Flip Turn|p2b: Gastrodon
|-activate|p2b: Gastrodon|ability: Storm Drain
|-ability|p2b: Gastrodon|Storm Drain|boost
|-boost|p2b: Gastrodon|spa|1
|move|p1b: Franky|Electro Shot||[still]
|-prepare|p1b: Franky|Electro Shot
|-boost|p1b: Franky|spa|1
|move|p2a: Corviknight|Bulk Up|p2a: Corviknight
|-boost|p2a: Corviknight|atk|1
|-boost|p2a: Corviknight|def|1
|
|upkeep
|turn|2
|
|t:|1757726922
|detailschange|p1a: Palafin|Palafin-Hero, L50, F
|switch|p1a: Big News|Pelipper, L50, M|100/100
|-weather|RainDance|[from] ability: Drizzle|[of] p1a: Big News
|-terastallize|p2a: Corviknight|Dragon
|move|p1b: Franky|Electro Shot|p2a: Corviknight|[from] lockedmove
|-resisted|p2a: Corviknight
|-damage|p2a: Corviknight|69/100
|move|p2a: Corviknight|Bulk Up|p2a: Corviknight
|-boost|p2a: Corviknight|atk|1
|-boost|p2a: Corviknight|def|1
|move|p2b: Gastrodon|Earth Power|p1b: Franky
|-supereffective|p1b: Franky
|-damage|p1b: Franky|0 fnt
|faint|p1b: Franky
|
|-weather|RainDance|[upkeep]
|upkeep
|
|t:|1757726938
|switch|p1b: Palafin|Palafin-Hero, L50, F|100/100
|-activate|p1b: Palafin|ability: Zero to Hero
|turn|3
|
|t:|1757726958
|switch|p1b: Liberation|Rillaboom, L50, F|100/100
|-fieldstart|move: Grassy Terrain|[from] ability: Grassy Surge|[of] p1b: Liberation
|-enditem|p1b: Liberation|Grassy Seed
|-boost|p1b: Liberation|def|1|[from] item: Grassy Seed
|move|p1a: Big News|Hurricane|p2a: Corviknight
|-damage|p2a: Corviknight|28/100
|move|p2a: Corviknight|Roost|p2a: Corviknight
|-heal|p2a: Corviknight|78/100
|move|p2b: Gastrodon|Hydro Pump|p1a: Big News
|-resisted|p1a: Big News
|-damage|p1a: Big News|22/100
|
|-weather|RainDance|[upkeep]
|-heal|p2a: Corviknight|83/100|[from] Grassy Terrain
|upkeep
|turn|4
|inactive|ShabazXVGC has 30 seconds left.
|inactive|ShabazXVGC has 20 seconds left.
|inactive|ShabazXVGC has 15 seconds left.
|
|t:|1757727010
|switch|p2b: Tyranitar|Tyranitar, L50, F|100/100
|-weather|Sandstorm|[from] ability: Sand Stream|[of] p2b: Tyranitar
|move|p1b: Liberation|Fake Out|p2a: Corviknight
|-damage|p2a: Corviknight|78/100
|move|p1a: Big News|Tailwind|p1a: Big News
|-sidestart|p1: ShabazXVGC|move: Tailwind
|move|p2a: Corviknight|Brave Bird|p1a: Big News
|-damage|p1a: Big News|0 fnt
|faint|p1a: Big News
|-damage|p2a: Corviknight|71/100|[from] Recoil
|
|-weather|Sandstorm|[upkeep]
|-damage|p1b: Liberation|94/100|[from] Sandstorm
|-damage|p2a: Corviknight|65/100|[from] Sandstorm
|-heal|p1b: Liberation|100/100|[from] Grassy Terrain
|-heal|p2a: Corviknight|71/100|[from] Grassy Terrain
|upkeep
|
|t:|1757727019
|switch|p1a: Palafin|Palafin-Hero, L50, F|100/100
|turn|5
|
|t:|1757727038
|-terastallize|p1b: Liberation|Fire
|move|p1a: Palafin|Wave Crash|p2b: Tyranitar
|-supereffective|p2b: Tyranitar
|-damage|p2b: Tyranitar|0 fnt
|faint|p2b: Tyranitar
|-damage|p1a: Palafin|65/100|[from] Recoil
|move|p1b: Liberation|Wood Hammer|p2a: Corviknight
|-resisted|p2a: Corviknight
|-damage|p2a: Corviknight|57/100
|-damage|p1b: Liberation|96/100|[from] Recoil
|move|p2a: Corviknight|Roost|p2a: Corviknight
|-heal|p2a: Corviknight|100/100
|
|-weather|Sandstorm|[upkeep]
|-damage|p1a: Palafin|59/100|[from] Sandstorm
|-damage|p1b: Liberation|90/100|[from] Sandstorm
|-damage|p2a: Corviknight|95/100|[from] Sandstorm
|-heal|p1a: Palafin|65/100|[from] Grassy Terrain
|-heal|p1b: Liberation|96/100|[from] Grassy Terrain
|-heal|p2a: Corviknight|100/100|[from] Grassy Terrain
|upkeep
|
|t:|1757727047
|switch|p2b: Grimmsnarl|Grimmsnarl, L50, M|100/100
|turn|6
|j| Sbinnotto
|
|t:|1757727062
|move|p2b: Grimmsnarl|Reflect|p2b: Grimmsnarl
|-sidestart|p2: JackRG1|Reflect
|move|p1a: Palafin|Wave Crash|p2b: Grimmsnarl
|-damage|p2b: Grimmsnarl|49/100
|-damage|p1a: Palafin|45/100|[from] Recoil
|move|p1b: Liberation|Wood Hammer|p2b: Grimmsnarl
|-damage|p2b: Grimmsnarl|0 fnt
|faint|p2b: Grimmsnarl
|-damage|p1b: Liberation|78/100|[from] Recoil
|move|p2a: Corviknight|Bulk Up|p2a: Corviknight
|-boost|p2a: Corviknight|atk|1
|-boost|p2a: Corviknight|def|1
|
|-weather|Sandstorm|[upkeep]
|-damage|p1a: Palafin|39/100|[from] Sandstorm
|-damage|p1b: Liberation|72/100|[from] Sandstorm
|-damage|p2a: Corviknight|95/100|[from] Sandstorm
|-heal|p1a: Palafin|45/100|[from] Grassy Terrain
|-heal|p1b: Liberation|78/100|[from] Grassy Terrain
|-heal|p2a: Corviknight|100/100|[from] Grassy Terrain
|upkeep
|
|t:|1757727070
|switch|p2b: Gastrodon|Gastrodon-East, L50, M|100/100
|turn|7
|
|t:|1757727086
|move|p2b: Gastrodon|Protect|p2b: Gastrodon
|-singleturn|p2b: Gastrodon|Protect
|move|p1a: Palafin|Wave Crash|p2b: Gastrodon
|-activate|p2b: Gastrodon|ability: Storm Drain
|-activate|p2b: Gastrodon|move: Protect
|move|p1b: Liberation|Wood Hammer|p2b: Gastrodon
|-activate|p2b: Gastrodon|move: Protect
|move|p2a: Corviknight|Power Trip|p1b: Liberation
|-damage|p1b: Liberation|16/100
|
|-weather|Sandstorm|[upkeep]
|-damage|p1a: Palafin|39/100|[from] Sandstorm
|-damage|p1b: Liberation|10/100|[from] Sandstorm
|-damage|p2a: Corviknight|95/100|[from] Sandstorm
|-heal|p1a: Palafin|45/100|[from] Grassy Terrain
|-heal|p1b: Liberation|16/100|[from] Grassy Terrain
|-heal|p2a: Corviknight|100/100|[from] Grassy Terrain
|-sideend|p1: ShabazXVGC|move: Tailwind
|-fieldend|move: Grassy Terrain
|upkeep
|turn|8
|inactive|JackRG1 has 30 seconds left.
|inactive|JackRG1 has 20 seconds left.
|inactive|JackRG1 has 15 seconds left.
|
|t:|1757727130
|move|p1a: Palafin|Wave Crash|p2b: Gastrodon
|-activate|p2b: Gastrodon|ability: Storm Drain
|-ability|p2b: Gastrodon|Storm Drain|boost
|-boost|p2b: Gastrodon|spa|1
|move|p1b: Liberation|Wood Hammer|p2b: Gastrodon
|-supereffective|p2b: Gastrodon
|-damage|p2b: Gastrodon|0 fnt
|faint|p2b: Gastrodon
|-damage|p1b: Liberation|0 fnt|[from] Recoil
|faint|p1b: Liberation
|move|p2a: Corviknight|Power Trip|p1a: Palafin
|-damage|p1a: Palafin|0 fnt
|faint|p1a: Palafin
|
|win|JackRG1
||ShabazXVGC is ready for game 2.
|inactive|JackRG1 has 30 seconds to confirm battle start!
|inactive|JackRG1 has 20 seconds to confirm battle start!
|inactive|JackRG1 has 10 seconds to confirm battle start!
||JackRG1 is ready for game 2.
|uhtml|next|Next: Game 2 of 3
|l|☆JackRG1
|player|p2|
|l| Sbinnotto
