|j|☆zampe96
|j|☆chefbenboyrd
|html|zampe96chefbenboyrd    
|uhtml|bestof|Game 1 of a best-of-3
|t:|1757700219
|gametype|doubles
|player|p1|zampe96|101|1084
|player|p2|chefbenboyrd|brawly|1163
|gen|9
|tier|[Gen 9] VGC 2025 Reg H (Bo3)
|rated|
|rule|Species Clause: Limit one of each Pokémon
|rule|Item Clause: Limit 1 of each item
|clearpoke
|poke|p1|Dragapult, L50, F|
|poke|p1|Kingambit, L50, F|
|poke|p1|Gholdengo, L50|
|poke|p1|Talonflame, L50, M|
|poke|p1|Ursaluna-Bloodmoon, L50, M|
|poke|p1|Sneasler, L50, M|
|poke|p2|Whimsicott, L50, M|
|poke|p2|Indeedee, L50, M|
|poke|p2|Ursaluna-Bloodmoon, L50, M|
|poke|p2|Incineroar, L50, F|
|poke|p2|Sneasler, L50, M|
|poke|p2|Garchomp, L50, M|
|teampreview|4
|showteam|p1|Dragapult||ChoiceBand|ClearBody|Outrage,Uturn,DragonDarts,PhantomForce|||F|||50|,,,,,Dragon]Kingambit||AssaultVest|Defiant|Snarl,SuckerPunch,IronHead,KowtowCleave|||F|||50|,,,,,Fairy]Gholdengo||MetalCoat|GoodasGold|NastyPlot,Protect,MakeItRain,ShadowBall||||||50|,,,,,Steel]Talonflame||CovertCloak|GaleWings|Tailwind,DualWingbeat,Protect,FlareBlitz|||M|||50|,,,,,Dark]Ursaluna-Bloodmoon||LifeOrb|MindsEye|BloodMoon,HyperVoice,EarthPower,VacuumWave|||M|||50|,,,,,Normal]Sneasler||FocusSash|Unburden|ThroatChop,Protect,CloseCombat,DireClaw|||M|||50|,,,,,Stellar
|showteam|p2|Whimsicott||CovertCloak|Prankster|SunnyDay,Encore,Tailwind,Moonblast|||M|||50|,,,,,Ghost]Indeedee||FocusSash|PsychicSurge|ExpandingForce,TrickRoom,HelpingHand,Protect|||M|||50|,,,,,Psychic]Ursaluna-Bloodmoon||LifeOrb|MindsEye|BloodMoon,HyperVoice,EarthPower,Protect|||M|||50|,,,,,Normal]Incineroar||SafetyGoggles|Intimidate|FlareBlitz,KnockOff,PartingShot,FakeOut|||F|||50|,,,,,Ghost]Sneasler||PsychicSeed|Unburden|DireClaw,CloseCombat,ThroatChop,Protect|||M|||50|,,,,,Dark]Garchomp||ClearAmulet|RoughSkin|StompingTantrum,Earthquake,Protect,DragonClaw|||M|||50|,,,,,Steel
|inactive|Battle timer is ON: inactive players will automatically lose when time's up. (requested by chefbenboyrd)
|inactive|zampe96 has 60 seconds left.
|
|t:|1757700325
|teamsize|p1|4
|teamsize|p2|4
|start
|switch|p1a: Dragapult|Dragapult, L50, F|100/100
|switch|p1b: Talonflame|Talonflame, L50, M|100/100
|switch|p2a: Incineroar|Incineroar, L50, F|100/100
|switch|p2b: Sneasler|Sneasler, L50, M|100/100
|-ability|p2a: Incineroar|Intimidate|boost
|-fail|p1a: Dragapult|unboost|[from] ability: Clear Body|[of] p1a: Dragapult
|-unboost|p1b: Talonflame|atk|1
|turn|1
|inactive|zampe96 has 30 seconds left.
|inactive|chefbenboyrd has 30 seconds left.
|
|t:|1757700354
|move|p2b: Sneasler|Protect|p2b: Sneasler
|-singleturn|p2b: Sneasler|Protect
|move|p1b: Talonflame|Tailwind|p1b: Talonflame
|-sidestart|p1: zampe96|move: Tailwind
|move|p1a: Dragapult|U-turn|p2a: Incineroar
|-damage|p2a: Incineroar|64/100
|
|t:|1757700368
|switch|p1a: Ursaluna|Ursaluna-Bloodmoon, L50, M|100/100|[from] U-turn
|move|p2a: Incineroar|Knock Off|p1a: Ursaluna
|-damage|p1a: Ursaluna|69/100
|-enditem|p1a: Ursaluna|Life Orb|[from] move: Knock Off|[of] p2a: Incineroar
|
|upkeep
|turn|2
|inactive|chefbenboyrd has 30 seconds left.
|
|t:|1757700400
|-terastallize|p2b: Sneasler|Dark
|move|p1b: Talonflame|Dual Wingbeat|p2b: Sneasler
|-damage|p2b: Sneasler|82/100
|-damage|p2b: Sneasler|64/100
|-hitcount|p2b: Sneasler|2
|move|p2b: Sneasler|Close Combat|p1a: Ursaluna
|-supereffective|p1a: Ursaluna
|-damage|p1a: Ursaluna|0 fnt
|-unboost|p2b: Sneasler|def|1
|-unboost|p2b: Sneasler|spd|1
|faint|p1a: Ursaluna
|move|p2a: Incineroar|Knock Off|p2b: Sneasler
|-resisted|p2b: Sneasler
|-damage|p2b: Sneasler|6/100
|-enditem|p2b: Sneasler|Psychic Seed|[from] move: Knock Off|[of] p2a: Incineroar
|
|upkeep
|inactive|zampe96 has 30 seconds left.
|
|t:|1757700427
|switch|p1a: Dragapult|Dragapult, L50, F|100/100
|turn|3
|
|t:|1757700442
|move|p2b: Sneasler|Protect|p2b: Sneasler
|-singleturn|p2b: Sneasler|Protect
|move|p1b: Talonflame|Dual Wingbeat|p2b: Sneasler
|-activate|p2b: Sneasler|move: Protect
|move|p1a: Dragapult|Dragon Darts|p2a: Incineroar
|-damage|p2a: Incineroar|21/100
|-anim|p1a: Dragapult|Dragon Darts|p2a: Incineroar
|-damage|p2a: Incineroar|0 fnt
|faint|p2a: Incineroar
|
|upkeep
|
|t:|1757700453
|switch|p2a: Whimsicott|Whimsicott, L50, M|100/100
|turn|4
|
|t:|1757700475
|switch|p1a: Gholdengo|Gholdengo, L50|100/100
|switch|p2b: Garchomp|Garchomp, L50, M|100/100
|move|p1b: Talonflame|Dual Wingbeat|p2b: Garchomp
|-damage|p2b: Garchomp|90/100
|-damage|p1b: Talonflame|88/100|[from] ability: Rough Skin|[of] p2b: Garchomp
|-damage|p2b: Garchomp|80/100
|-damage|p1b: Talonflame|76/100|[from] ability: Rough Skin|[of] p2b: Garchomp
|-hitcount|p2b: Garchomp|2
|move|p2a: Whimsicott|Tailwind|p2a: Whimsicott
|-sidestart|p2: chefbenboyrd|move: Tailwind
|
|-sideend|p1: zampe96|move: Tailwind
|upkeep
|turn|5
|inactive|zampe96 has 30 seconds left.
|
|t:|1757700508
|move|p2a: Whimsicott|Encore|p1b: Talonflame
|-start|p1b: Talonflame|Encore
|move|p2b: Garchomp|Stomping Tantrum|p1a: Gholdengo
|-supereffective|p1a: Gholdengo
|-damage|p1a: Gholdengo|28/100
|move|p1b: Talonflame|Dual Wingbeat|p2a: Whimsicott
|-supereffective|p2a: Whimsicott
|-damage|p2a: Whimsicott|68/100
|-supereffective|p2a: Whimsicott
|-damage|p2a: Whimsicott|36/100
|-hitcount|p2a: Whimsicott|2
|move|p1a: Gholdengo|Make It Rain|p2b: Garchomp|[spread] p2a,p2b
|-supereffective|p2a: Whimsicott
|-damage|p2a: Whimsicott|0 fnt
|-damage|p2b: Garchomp|22/100
|-unboost|p1a: Gholdengo|spa|1
|faint|p2a: Whimsicott
|
|upkeep
|
|t:|1757700520
|switch|p2a: Sneasler|Sneasler, L50, M, tera:Dark|6/100
|turn|6
|
|t:|1757700534
|switch|p1b: Dragapult|Dragapult, L50, F|100/100
|move|p1a: Gholdengo|Protect|p1a: Gholdengo
|-singleturn|p1a: Gholdengo|Protect
|move|p2a: Sneasler|Throat Chop|p1a: Gholdengo
|-activate|p1a: Gholdengo|move: Protect
|move|p2b: Garchomp|Dragon Claw|p1b: Dragapult
|-supereffective|p1b: Dragapult
|-damage|p1b: Dragapult|0 fnt
|faint|p1b: Dragapult
|
|upkeep
|
|t:|1757700545
|switch|p1b: Talonflame|Talonflame, L50, M|76/100
|turn|7
|
|t:|1757700552
|move|p1b: Talonflame|Protect|p1b: Talonflame
|-singleturn|p1b: Talonflame|Protect
|move|p1a: Gholdengo|Protect||[still]
|-fail|p1a: Gholdengo
|move|p2a: Sneasler|Throat Chop|p1a: Gholdengo
|-supereffective|p1a: Gholdengo
|-damage|p1a: Gholdengo|0 fnt
|faint|p1a: Gholdengo
|move|p2b: Garchomp|Dragon Claw|p1b: Talonflame
|-activate|p1b: Talonflame|move: Protect
|
|-sideend|p2: chefbenboyrd|move: Tailwind
|upkeep
|turn|8
|inactive|zampe96 has 30 seconds left.
|
|t:|1757700581
|move|p1b: Talonflame|Dual Wingbeat|p2b: Garchomp
|-damage|p2b: Garchomp|7/100
|-damage|p1b: Talonflame|63/100|[from] ability: Rough Skin|[of] p2b: Garchomp
|-damage|p2b: Garchomp|0 fnt
|-damage|p1b: Talonflame|51/100|[from] ability: Rough Skin|[of] p2b: Garchomp
|faint|p2b: Garchomp
|-hitcount|p2: Garchomp|2
|move|p2a: Sneasler|Dire Claw|p1b: Talonflame
|-damage|p1b: Talonflame|0 fnt
|faint|p1b: Talonflame
|
|win|chefbenboyrd
|inactive|zampe96 has 30 seconds to confirm battle start!
|inactive|chefbenboyrd has 30 seconds to confirm battle start!
