|j|☆ToastedArt
|j|☆hioriyo19711
|html|ToastedArthioriyo19711    
|uhtml|bestof|Game 2 of a best-of-3
|t:|1785424288
|gametype|doubles
|player|p1|ToastedArt|iris|1013
|player|p2|hioriyo19711|265|1008
|gen|9
|tier|[Gen 9 Champions] VGC 2026 Reg M-B (Bo3)
|rated|
|rule|Species Clause: Limit one of each Pokémon
|rule|Item Clause: Limit 1 of each item
|clearpoke
|poke|p1|Glimmora, L50, F|
|poke|p1|Sceptile, L50, M|
|poke|p1|Rotom-Frost, L50|
|poke|p1|Kingambit, L50, F|
|poke|p1|Kommo-o, L50, F|
|poke|p1|Whimsicott, L50, M|
|poke|p2|Pyroar, L50, F, shiny|
|poke|p2|Torkoal, L50, F, shiny|
|poke|p2|Venusaur, L50, M, shiny|
|poke|p2|Basculegion, L50, M, shiny|
|poke|p2|Farigiraf, L50, F, shiny|
|poke|p2|Scrafty, L50, F, shiny|
|teampreview|4
|showteam|p1|Glimmora||Glimmoranite|ToxicDebris|SludgeBomb,PowerGem,EarthPower,SpikyShield|Modest||F|||50|]Sceptile||Sceptilite|Overgrow|GigaDrain,DragonPulse,EarthPower,Detect|Timid||M|||50|]Rotom-Frost||ChoiceScarf|Levitate|Blizzard,Discharge,VoltSwitch,Thunderbolt|Timid|||||50|]Kingambit||BlackGlasses|Defiant|KowtowCleave,SuckerPunch,IronHead,Protect|Adamant||F|||50|]Kommo-o||LifeOrb|Overcoat|ClangingScales,AuraSphere,VacuumWave,Protect|Timid||F|||50|]Whimsicott||FocusSash|Prankster|Moonblast,Encore,Tailwind,Protect|Timid||M|||50|
|showteam|p2|Pyroar||Pyroarite|Rivalry|HeatWave,Overheat,SolarBeam,Protect|Timid||F|||50|]Torkoal||Charcoal|Drought|Eruption,AncientPower,HelpingHand,Protect|Relaxed||F|||50|]Venusaur||WideLens|Chlorophyll|EnergyBall,SleepPowder,SludgeBomb,EarthPower|Modest||M|||50|]Basculegion||ChoiceScarf|Adaptability|AquaJet,FlipTurn,WaveCrash,LastRespects|Jolly||M|||50|]Farigiraf||ColburBerry|ArmorTail|PsychicNoise,TrickRoom,HelpingHand,Protect|Relaxed||F|||50|]Scrafty||Scraftinite|Intimidate|FakeOut,ThroatChop,DrainPunch,IcePunch|Brave||F|||50|
|inactive|Battle timer is ON: inactive players will automatically lose when time's up. (requested by ToastedArt)
|inactive|hioriyo19711 has 60 seconds left.
|
|t:|1785424323
|teamsize|p1|4
|teamsize|p2|4
|start
|switch|p1a: Glimmora|Glimmora, L50, F|100/100
|switch|p1b: Whimsicott|Whimsicott, L50, M|100/100
|switch|p2a: Venusaur|Venusaur, L50, M, shiny|100/100
|switch|p2b: Torkoal|Torkoal, L50, F, shiny|100/100
|-weather|SunnyDay|[from] ability: Drought|[of] p2b: Torkoal
|turn|1
|
|t:|1785424342
|move|p1a: Glimmora|Spiky Shield|p1a: Glimmora
|-singleturn|p1a: Glimmora|move: Protect
|move|p1b: Whimsicott|Tailwind|p1b: Whimsicott
|-sidestart|p1: ToastedArt|move: Tailwind
|move|p2a: Venusaur|Earth Power|p1a: Glimmora
|-activate|p1a: Glimmora|move: Protect
|move|p2b: Torkoal|Eruption|p1b: Whimsicott|[spread] p1b
|-activate|p1a: Glimmora|move: Protect
|-supereffective|p1b: Whimsicott|1
|-enditem|p1b: Whimsicott|Focus Sash
|-damage|p1b: Whimsicott|1/100
|
|-weather|SunnyDay|[upkeep]
|upkeep
|turn|2
|
|t:|1785424361
|switch|p1a: Kommo-o|Kommo-o, L50, F|100/100
|move|p1b: Whimsicott|Encore|p2b: Torkoal
|-start|p2b: Torkoal|Encore
|move|p2a: Venusaur|Earth Power|p1a: Kommo-o
|-damage|p1a: Kommo-o|69/100
|move|p2b: Torkoal|Eruption|p1b: Whimsicott|[spread] p1a,p1b
|-resisted|p1a: Kommo-o|1
|-supereffective|p1b: Whimsicott|1
|-crit|p1b: Whimsicott
|-damage|p1a: Kommo-o|21/100
|-damage|p1b: Whimsicott|0 fnt
|faint|p1b: Whimsicott
|
|-weather|SunnyDay|[upkeep]
|upkeep
|
|t:|1785424366
|switch|p1b: Glimmora|Glimmora, L50, F|100/100
|turn|3
|
|t:|1785424382
|detailschange|p1b: Glimmora|Glimmora-Mega, L50, F
|-mega|p1b: Glimmora|Glimmora|Glimmoranite
|move|p1a: Kommo-o|Clanging Scales|p2a: Venusaur|[spread] p2a,p2b
|-damage|p2a: Venusaur|50/100g
|-damage|p2b: Torkoal|33/100
|-unboost|p1a: Kommo-o|def|1
|-damage|p1a: Kommo-o|11/100|[from] item: Life Orb
|move|p1b: Glimmora|Sludge Bomb|p2a: Venusaur
|-damage|p2a: Venusaur|0 fnt
|faint|p2a: Venusaur
|move|p2b: Torkoal|Eruption|p1b: Glimmora|[spread] p1a,p1b
|-resisted|p1a: Kommo-o|1
|-resisted|p1b: Glimmora|1
|-damage|p1a: Kommo-o|0 fnt
|-damage|p1b: Glimmora|85/100
|faint|p1a: Kommo-o
|
|-weather|SunnyDay|[upkeep]
|upkeep
|
|t:|1785424398
|switch|p1a: Kingambit|Kingambit, L50, F|100/100
|switch|p2a: Basculegion|Basculegion, L50, M, shiny|100/100
|turn|4
|
|t:|1785424414
|move|p1a: Kingambit|Sucker Punch|p2a: Basculegion
|-supereffective|p2a: Basculegion|1
|-damage|p2a: Basculegion|0 fnt
|faint|p2a: Basculegion
|move|p1b: Glimmora|Power Gem|p2b: Torkoal
|-supereffective|p2b: Torkoal|1
|-damage|p2b: Torkoal|0 fnt
|faint|p2b: Torkoal
|
|-weather|SunnyDay|[upkeep]
|-sideend|p1: ToastedArt|move: Tailwind
|upkeep
|
|t:|1785424424
|switch|p2b: Pyroar|Pyroar, L50, F, shiny|100/100
|turn|5
|
|t:|1785424429
|detailschange|p2b: Pyroar|Pyroar-Mega, L50, F, shiny
|-mega|p2b: Pyroar|Pyroar|Pyroarite
|move|p2b: Pyroar|Protect|p2b: Pyroar
|-singleturn|p2b: Pyroar|Protect
|move|p1b: Glimmora|Spiky Shield|p1b: Glimmora
|-singleturn|p1b: Glimmora|move: Protect
|move|p1a: Kingambit|Protect||[still]
|-fail|p1a: Kingambit
|
|-weather|none
|upkeep
|turn|6
|
|t:|1785424440
|move|p1a: Kingambit|Sucker Punch|p2b: Pyroar
|-damage|p2b: Pyroar|46/100
|move|p2b: Pyroar|Heat Wave|p1a: Kingambit|[spread] p1a,p1b
|-supereffective|p1a: Kingambit|1
|-resisted|p1b: Glimmora|1
|-damage|p1a: Kingambit|1/100
|-damage|p1b: Glimmora|53/100
|move|p1b: Glimmora|Power Gem|p2b: Pyroar
|-supereffective|p2b: Pyroar|1
|-damage|p2b: Pyroar|0 fnt
|faint|p2b: Pyroar
|
|win|ToastedArt
|raw|ToastedArt's rating: 1013 → 1051(+38 for winning)
|raw|hioriyo19711's rating: 1008 → 1000(-8 for losing)
