|j|☆A Regu1ar Guy
|j|☆bennoVGC
|html|A Regu1ar GuybennoVGC    
|uhtml|bestof|Game 3 of a best-of-3
|t:|1755807337
|gametype|doubles
|player|p1|A Regu1ar Guy|elesa|1340
|player|p2|bennoVGC|101|1299
|gen|9
|tier|[Gen 9] VGC 2025 Reg H (Bo3)
|rated|
|rule|Species Clause: Limit one of each Pokémon
|rule|Item Clause: Limit 1 of each item
|clearpoke
|poke|p1|Volcarona, L50, F|
|poke|p1|Rillaboom, L50, F|
|poke|p1|Electabuzz, L50, M|
|poke|p1|Incineroar, L50, M|
|poke|p1|Ninetales-Alola, L50, M|
|poke|p1|Basculegion, L50, M|
|poke|p2|Ursaluna, L50, F|
|poke|p2|Kilowattrel, L50, F|
|poke|p2|Gholdengo, L50|
|poke|p2|Incineroar, L50, M|
|poke|p2|Amoonguss, L50, M|
|poke|p2|Porygon2, L50|
|teampreview|4
|showteam|p1|Volcarona||GrassySeed|FlameBody|HeatWave,GigaDrain,QuiverDance,Protect|||F|||50|,,,,,Grass]Rillaboom||AssaultVest|GrassySurge|FakeOut,WoodHammer,GrassyGlide,HighHorsepower|||F|||50|,,,,,Fire]Electabuzz||Eviolite|VitalSpirit|Thunderbolt,FollowMe,Taunt,Protect|||M|||50|,,,,,Ghost]Incineroar||SafetyGoggles|Intimidate|FakeOut,KnockOff,FlareBlitz,PartingShot|||M|||50|,,,,,Ghost]Ninetales-Alola||FocusSash|SnowWarning|Blizzard,Encore,AuroraVeil,HelpingHand|||M|||50|,,,,,Ghost]Basculegion||ChoiceScarf|Adaptability|WaveCrash,AquaJet,FlipTurn,LastRespects|||M|||50|,,,,,Ghost
|showteam|p2|Ursaluna||FlameOrb|Guts|Facade,HeadlongRush,Earthquake,Protect|||F|||50|,,,,,Fairy]Kilowattrel||FocusSash|Competitive|Thunderbolt,AirSlash,Tailwind,Protect|||F|||50|,,,,,Ghost]Gholdengo||LifeOrb|GoodasGold|MakeItRain,ShadowBall,NastyPlot,Protect||||||50|,,,,,Dragon]Incineroar||AssaultVest|Intimidate|KnockOff,FlareBlitz,Uturn,FakeOut|||M|||50|,,,,,Grass]Amoonguss||MentalHerb|Regenerator|Spore,RagePowder,ClearSmog,Protect|||M|||50|,,,,,Fairy]Porygon2||Eviolite|Download|TeraBlast,IceBeam,Recover,TrickRoom||||||50|,,,,,Fairy
|
|t:|1755807368
|teamsize|p1|4
|teamsize|p2|4
|start
|switch|p1a: Volcarona|Volcarona, L50, F, shiny|100/100
|switch|p1b: Incineroar|Incineroar, L50, M|100/100
|switch|p2a: Mr Worldwide|Gholdengo, L50|100/100
|switch|p2b: Nokia Brick|Porygon2, L50, shiny|100/100
|-ability|p1b: Incineroar|Intimidate|boost
|-unboost|p2a: Mr Worldwide|atk|1
|-unboost|p2b: Nokia Brick|atk|1
|-ability|p2b: Nokia Brick|Download|boost
|-boost|p2b: Nokia Brick|atk|1
|turn|1
|
|t:|1755807380
|-terastallize|p2a: Mr Worldwide|Dragon
|move|p2a: Mr Worldwide|Nasty Plot|p2a: Mr Worldwide
|-boost|p2a: Mr Worldwide|spa|2
|move|p1a: Volcarona|Quiver Dance|p1a: Volcarona
|-boost|p1a: Volcarona|spa|1
|-boost|p1a: Volcarona|spd|1
|-boost|p1a: Volcarona|spe|1
|move|p1b: Incineroar|Knock Off|p2b: Nokia Brick
|-damage|p2b: Nokia Brick|77/100
|-enditem|p2b: Nokia Brick|Eviolite|[from] move: Knock Off|[of] p1b: Incineroar
|move|p2b: Nokia Brick|Trick Room|p2b: Nokia Brick
|-fieldstart|move: Trick Room|[of] p2b: Nokia Brick
|
|upkeep
|turn|2
|
|t:|1755807404
|switch|p2b: Dinko|Ursaluna, L50, F|100/100
|move|p1b: Incineroar|Knock Off|p2a: Mr Worldwide
|-damage|p2a: Mr Worldwide|61/100
|-enditem|p2a: Mr Worldwide|Life Orb|[from] move: Knock Off|[of] p1b: Incineroar
|move|p2a: Mr Worldwide|Nasty Plot|p2a: Mr Worldwide
|-boost|p2a: Mr Worldwide|spa|2
|move|p1a: Volcarona|Quiver Dance|p1a: Volcarona
|-boost|p1a: Volcarona|spa|1
|-boost|p1a: Volcarona|spd|1
|-boost|p1a: Volcarona|spe|1
|
|-status|p2b: Dinko|brn|[from] item: Flame Orb
|upkeep
|turn|3
|
|t:|1755807423
|-terastallize|p1b: Incineroar|Ghost
|move|p1a: Volcarona|Protect|p1a: Volcarona
|-singleturn|p1a: Volcarona|Protect
|move|p1b: Incineroar|Parting Shot|p2b: Dinko
|-unboost|p2b: Dinko|atk|1
|-unboost|p2b: Dinko|spa|1
|
|t:|1755807430
|switch|p1b: Rillaboom|Rillaboom, L50, F|100/100|[from] Parting Shot
|-fieldstart|move: Grassy Terrain|[from] ability: Grassy Surge|[of] p1b: Rillaboom
|-enditem|p1a: Volcarona|Grassy Seed
|-boost|p1a: Volcarona|def|1|[from] item: Grassy Seed
|move|p2b: Dinko|Facade|p1b: Rillaboom
|-damage|p1b: Rillaboom|25/100
|move|p2a: Mr Worldwide|Shadow Ball|p1a: Volcarona
|-activate|p1a: Volcarona|move: Protect
|
|-heal|p1b: Rillaboom|30/100|[from] Grassy Terrain
|-heal|p2a: Mr Worldwide|67/100|[from] Grassy Terrain
|-damage|p2b: Dinko|94/100 brn|[from] brn
|upkeep
|turn|4
|
|t:|1755807465
|switch|p2b: Pumpy the Grumpy|Incineroar, L50, M, shiny|100/100
|-ability|p2b: Pumpy the Grumpy|Intimidate|boost
|-unboost|p1a: Volcarona|atk|1
|-unboost|p1b: Rillaboom|atk|1
|move|p2a: Mr Worldwide|Protect|p2a: Mr Worldwide
|-singleturn|p2a: Mr Worldwide|Protect
|move|p1b: Rillaboom|Fake Out|p2a: Mr Worldwide
|-activate|p2a: Mr Worldwide|move: Protect
|move|p1a: Volcarona|Quiver Dance|p1a: Volcarona
|-boost|p1a: Volcarona|spa|1
|-boost|p1a: Volcarona|spd|1
|-boost|p1a: Volcarona|spe|1
|
|-heal|p1b: Rillaboom|36/100|[from] Grassy Terrain
|-heal|p2a: Mr Worldwide|73/100|[from] Grassy Terrain
|upkeep
|turn|5
|
|t:|1755807489
|switch|p2b: Nokia Brick|Porygon2, L50, shiny|77/100
|-ability|p2b: Nokia Brick|Download|boost
|-boost|p2b: Nokia Brick|atk|1
|switch|p1b: Incineroar|Incineroar, L50, M, tera:Ghost|100/100
|-ability|p1b: Incineroar|Intimidate|boost
|-unboost|p2a: Mr Worldwide|atk|1
|-unboost|p2b: Nokia Brick|atk|1
|move|p1a: Volcarona|Protect|p1a: Volcarona
|-singleturn|p1a: Volcarona|Protect
|move|p2a: Mr Worldwide|Shadow Ball|p1b: Incineroar
|-supereffective|p1b: Incineroar
|-damage|p1b: Incineroar|0 fnt
|faint|p1b: Incineroar
|
|-heal|p2b: Nokia Brick|83/100|[from] Grassy Terrain
|-heal|p2a: Mr Worldwide|79/100|[from] Grassy Terrain
|-fieldend|move: Trick Room
|upkeep
|
|t:|1755807497
|switch|p1b: Electabuzz|Electabuzz, L50, M|100/100
|turn|6
|
|t:|1755807512
|switch|p2b: Pumpy the Grumpy|Incineroar, L50, M, shiny|100/100
|-ability|p2b: Pumpy the Grumpy|Intimidate|boost
|-unboost|p1a: Volcarona|atk|1
|-unboost|p1b: Electabuzz|atk|1
|move|p1a: Volcarona|Quiver Dance|p1a: Volcarona
|-boost|p1a: Volcarona|spa|1
|-boost|p1a: Volcarona|spd|1
|-boost|p1a: Volcarona|spe|1
|move|p2a: Mr Worldwide|Shadow Ball|p1a: Volcarona
|-damage|p1a: Volcarona|67/100
|-unboost|p1a: Volcarona|spd|1
|move|p1b: Electabuzz|Taunt|p2b: Pumpy the Grumpy
|-start|p2b: Pumpy the Grumpy|move: Taunt
|
|-heal|p1a: Volcarona|73/100|[from] Grassy Terrain
|-heal|p2a: Mr Worldwide|85/100|[from] Grassy Terrain
|upkeep
|turn|7
|
|t:|1755807531
|move|p1a: Volcarona|Protect|p1a: Volcarona
|-singleturn|p1a: Volcarona|Protect
|move|p1b: Electabuzz|Protect|p1b: Electabuzz
|-singleturn|p1b: Electabuzz|Protect
|move|p2b: Pumpy the Grumpy|Fake Out|p1a: Volcarona
|-activate|p1a: Volcarona|move: Protect
|move|p2a: Mr Worldwide|Nasty Plot|p2a: Mr Worldwide
|-boost|p2a: Mr Worldwide|spa|2
|
|-heal|p1a: Volcarona|80/100|[from] Grassy Terrain
|-heal|p2a: Mr Worldwide|91/100|[from] Grassy Terrain
|-fieldend|move: Grassy Terrain
|upkeep
|turn|8
|
|t:|1755807547
|move|p1b: Electabuzz|Follow Me|p1b: Electabuzz
|-singleturn|p1b: Electabuzz|move: Follow Me
|move|p1a: Volcarona|Heat Wave|p2b: Pumpy the Grumpy|[spread] p2a,p2b
|-resisted|p2a: Mr Worldwide
|-resisted|p2b: Pumpy the Grumpy
|-damage|p2a: Mr Worldwide|30/100
|-damage|p2b: Pumpy the Grumpy|65/100
|move|p2a: Mr Worldwide|Shadow Ball|p1b: Electabuzz
|-damage|p1b: Electabuzz|0 fnt
|faint|p1b: Electabuzz
|move|p2b: Pumpy the Grumpy|U-turn|p1a: Volcarona
|-resisted|p1a: Volcarona
|-damage|p1a: Volcarona|71/100
|
|t:|1755807558
|switch|p2b: Nokia Brick|Porygon2, L50, shiny|83/100|[from] U-turn
|-ability|p2b: Nokia Brick|Download|boost
|-boost|p2b: Nokia Brick|atk|1
|
|upkeep
|
|t:|1755807559
|switch|p1b: Rillaboom|Rillaboom, L50, F|36/100
|-fieldstart|move: Grassy Terrain|[from] ability: Grassy Surge|[of] p1b: Rillaboom
|turn|9
|
|t:|1755807573
|move|p2a: Mr Worldwide|Protect|p2a: Mr Worldwide
|-singleturn|p2a: Mr Worldwide|Protect
|move|p1a: Volcarona|Heat Wave|p2a: Mr Worldwide|[spread] p2b
|-activate|p2a: Mr Worldwide|move: Protect
|-damage|p2b: Nokia Brick|2/100
|move|p1b: Rillaboom|High Horsepower|p2b: Nokia Brick
|-damage|p2b: Nokia Brick|0 fnt
|faint|p2b: Nokia Brick
|
|-heal|p1a: Volcarona|78/100|[from] Grassy Terrain
|-heal|p2a: Mr Worldwide|36/100|[from] Grassy Terrain
|-heal|p1b: Rillaboom|42/100|[from] Grassy Terrain
|upkeep
|
|t:|1755807578
|switch|p2b: Pumpy the Grumpy|Incineroar, L50, M, shiny|65/100
|-ability|p2b: Pumpy the Grumpy|Intimidate|boost
|-unboost|p1a: Volcarona|atk|1
|-unboost|p1b: Rillaboom|atk|1
|turn|10
|
|t:|1755807597
|move|p1a: Volcarona|Protect|p1a: Volcarona
|-singleturn|p1a: Volcarona|Protect
|move|p2b: Pumpy the Grumpy|Fake Out|p1a: Volcarona
|-activate|p1a: Volcarona|move: Protect
|move|p2a: Mr Worldwide|Make It Rain|p1a: Volcarona|[spread] p1b
|-activate|p1a: Volcarona|move: Protect
|-damage|p1b: Rillaboom|0 fnt
|-unboost|p2a: Mr Worldwide|spa|1
|faint|p1b: Rillaboom
|
|-heal|p1a: Volcarona|84/100|[from] Grassy Terrain
|-heal|p2a: Mr Worldwide|42/100|[from] Grassy Terrain
|-heal|p2b: Pumpy the Grumpy|71/100|[from] Grassy Terrain
|upkeep
|turn|11
|
|t:|1755807608
|move|p2a: Mr Worldwide|Protect|p2a: Mr Worldwide
|-singleturn|p2a: Mr Worldwide|Protect
|move|p1a: Volcarona|Heat Wave|p2a: Mr Worldwide|[spread] p2b
|-activate|p2a: Mr Worldwide|move: Protect
|-resisted|p2b: Pumpy the Grumpy
|-damage|p2b: Pumpy the Grumpy|34/100
|move|p2b: Pumpy the Grumpy|U-turn|p1a: Volcarona
|-resisted|p1a: Volcarona
|-damage|p1a: Volcarona|75/100
|
|t:|1755807616
|switch|p2b: Dinko|Ursaluna, L50, F|94/100 brn|[from] U-turn
|
|-heal|p1a: Volcarona|82/100|[from] Grassy Terrain
|-heal|p2a: Mr Worldwide|48/100|[from] Grassy Terrain
|-heal|p2b: Dinko|100/100 brn|[from] Grassy Terrain
|-damage|p2b: Dinko|94/100 brn|[from] brn
|upkeep
|turn|12
|
|t:|1755807624
|move|p1a: Volcarona|Giga Drain|p2b: Dinko
|-supereffective|p2b: Dinko
|-damage|p2b: Dinko|0 fnt
|-heal|p1a: Volcarona|100/100|[from] drain|[of] p2b: Dinko
|faint|p2b: Dinko
|move|p2a: Mr Worldwide|Shadow Ball|p1a: Volcarona
|-damage|p1a: Volcarona|56/100
|-unboost|p1a: Volcarona|spd|1
|
|-heal|p1a: Volcarona|62/100|[from] Grassy Terrain
|-heal|p2a: Mr Worldwide|54/100|[from] Grassy Terrain
|upkeep
|
|t:|1755807634
|switch|p2b: Pumpy the Grumpy|Incineroar, L50, M, shiny|34/100
|-ability|p2b: Pumpy the Grumpy|Intimidate|boost
|-unboost|p1a: Volcarona|atk|1
|turn|13
|
|t:|1755807639
|move|p1a: Volcarona|Protect|p1a: Volcarona
|-singleturn|p1a: Volcarona|Protect
|move|p2b: Pumpy the Grumpy|Fake Out|p1a: Volcarona
|-activate|p1a: Volcarona|move: Protect
|move|p2a: Mr Worldwide|Shadow Ball|p1a: Volcarona
|-activate|p1a: Volcarona|move: Protect
|
|-heal|p1a: Volcarona|69/100|[from] Grassy Terrain
|-heal|p2a: Mr Worldwide|60/100|[from] Grassy Terrain
|-heal|p2b: Pumpy the Grumpy|40/100|[from] Grassy Terrain
|-fieldend|move: Grassy Terrain
|upkeep
|turn|14
|
|t:|1755807644
|move|p1a: Volcarona|Heat Wave|p2b: Pumpy the Grumpy|[spread] p2a
|-miss|p1a: Volcarona|p2b: Pumpy the Grumpy
|-resisted|p2a: Mr Worldwide
|-damage|p2a: Mr Worldwide|0 fnt
|faint|p2a: Mr Worldwide
|move|p2b: Pumpy the Grumpy|Flare Blitz|p1a: Volcarona
|-damage|p1a: Volcarona|26/100
|-damage|p2b: Pumpy the Grumpy|26/100|[from] Recoil
|
|upkeep
|turn|15
|
|t:|1755807669
|move|p1a: Volcarona|Heat Wave|p2b: Pumpy the Grumpy
|-resisted|p2b: Pumpy the Grumpy
|-damage|p2b: Pumpy the Grumpy|0 fnt
|faint|p2b: Pumpy the Grumpy
|
|win|A Regu1ar Guy
|raw|A Regu1ar Guy's rating: 1340 → 1358(+18 for winning)
|raw|bennoVGC's rating: 1299 → 1277(-22 for losing)
|c|☆bennoVGC|ggs
|c|☆A Regu1ar Guy|ggs
|l|☆A Regu1ar Guy
|player|p1|
