|j|☆just for fun fren
|j|☆420dablord
|html|just for fun fren420dablord    
|uhtml|bestof|Game 2 of a best-of-3
|t:|1757024131
|gametype|doubles
|player|p1|just for fun fren|colress|1179
|player|p2|420dablord|2|1150
|gen|9
|tier|[Gen 9] VGC 2025 Reg H (Bo3)
|rated|
|rule|Species Clause: Limit one of each Pokémon
|rule|Item Clause: Limit 1 of each item
|clearpoke
|poke|p1|Gholdengo, L50|
|poke|p1|Primarina, L50, F|
|poke|p1|Sneasler, L50, F|
|poke|p1|Rillaboom, L50, F|
|poke|p1|Incineroar, L50, F|
|poke|p1|Gliscor, L50, F|
|poke|p2|Kingambit, L50, M|
|poke|p2|Gholdengo, L50|
|poke|p2|Pelipper, L50, M|
|poke|p2|Whimsicott, L50, M|
|poke|p2|Basculegion, L50, M|
|poke|p2|Sneasler, L50, M|
|teampreview|4
|showteam|p1|Gholdengo||ChoiceScarf|GoodasGold|MakeItRain,ShadowBall,TeraBlast,Trick||||||50|,,,,,Fighting]Primarina||GrassySeed|LiquidVoice|HyperVoice,Moonblast,CalmMind,Protect|||F|||50|,,,,,Grass]Sneasler||FocusSash|PoisonTouch|DireClaw,CloseCombat,ThroatChop,Protect|||F|||50|,,,,,Stellar]Rillaboom||AssaultVest|GrassySurge|WoodHammer,GrassyGlide,HighHorsepower,FakeOut|||F|||50|,,,,,Fire]Incineroar||SafetyGoggles|Intimidate|FlareBlitz,KnockOff,PartingShot,FakeOut|||F|||50|,,,,,Ghost]Gliscor||ToxicOrb|PoisonHeal|SwordsDance,HighHorsepower,DualWingbeat,Protect|||F|||50|,,,,,Water
|showteam|p2|Kingambit||BlackGlasses|Defiant|Protect,SuckerPunch,KowtowCleave,SwordsDance|||M|||50|,,,,,Ghost]Gholdengo||LifeOrb|GoodasGold|MakeItRain,NastyPlot,Protect,ShadowBall||||||50|,,,,,Dark]Pelipper||DampRock|Drizzle|Tailwind,WeatherBall,Hurricane,HelpingHand|||M|||50|,,,,,Grass]Whimsicott||CovertCloak|Prankster|Tailwind,Encore,Moonblast,Taunt|||M|||50|,,,,,Water]Basculegion||ChoiceBand|SwiftSwim|FlipTurn,AquaJet,LastRespects,WaveCrash|||M|||50|,,,,,Dark]Sneasler||FocusSash|Unburden|CloseCombat,Protect,DireClaw,FakeOut|||M|||50|,,,,,Fighting
|
|t:|1757024148
|teamsize|p1|4
|teamsize|p2|4
|start
|switch|p1a: Gholdengo|Gholdengo, L50|100/100
|switch|p1b: Incineroar|Incineroar, L50, F|100/100
|switch|p2a: Gholdengo|Gholdengo, L50|100/100
|switch|p2b: Whimsicott|Whimsicott, L50, M|100/100
|-ability|p1b: Incineroar|Intimidate|boost
|-unboost|p2a: Gholdengo|atk|1
|-unboost|p2b: Whimsicott|atk|1
|turn|1
|
|t:|1757024177
|-terastallize|p1a: Gholdengo|Fighting
|-terastallize|p2a: Gholdengo|Dark
|move|p2b: Whimsicott|Tailwind|p2b: Whimsicott
|-sidestart|p2: 420dablord|move: Tailwind
|move|p2a: Gholdengo|Nasty Plot|p2a: Gholdengo
|-boost|p2a: Gholdengo|spa|2
|move|p1a: Gholdengo|Make It Rain|p2b: Whimsicott|[spread] p2a,p2b
|-supereffective|p2b: Whimsicott
|-damage|p2a: Gholdengo|46/100
|-damage|p2b: Whimsicott|0 fnt
|-unboost|p1a: Gholdengo|spa|1
|faint|p2b: Whimsicott
|move|p1b: Incineroar|Flare Blitz|p2a: Gholdengo
|-damage|p2a: Gholdengo|0 fnt
|faint|p2a: Gholdengo
|-damage|p1b: Incineroar|88/100|[from] Recoil
|
|upkeep
|
|t:|1757024194
|switch|p2a: Pelipper|Pelipper, L50, M|100/100
|switch|p2b: Basculegion|Basculegion, L50, M|100/100
|-weather|RainDance|[from] ability: Drizzle|[of] p2a: Pelipper
|turn|2
|
|t:|1757024210
|switch|p1b: Sneasler|Sneasler, L50, F|100/100
|move|p2b: Basculegion|Wave Crash|p1b: Sneasler
|-enditem|p1b: Sneasler|Focus Sash
|-damage|p1b: Sneasler|1/100
|-damage|p2b: Basculegion|74/100|[from] Recoil
|move|p1a: Gholdengo|Make It Rain|p2a: Pelipper|[spread] p2a,p2b
|-resisted|p2a: Pelipper
|-resisted|p2b: Basculegion
|-damage|p2a: Pelipper|78/100
|-damage|p2b: Basculegion|56/100
|-unboost|p1a: Gholdengo|spa|1
|move|p2a: Pelipper|Hurricane|p1a: Gholdengo
|-supereffective|p1a: Gholdengo
|-damage|p1a: Gholdengo|0 fnt
|faint|p1a: Gholdengo
|
|-weather|RainDance|[upkeep]
|upkeep
|
|t:|1757024236
|switch|p1a: Primarina|Primarina, L50, F|100/100
|turn|3
|
|t:|1757024248
|move|p1b: Sneasler|Protect|p1b: Sneasler
|-singleturn|p1b: Sneasler|Protect
|move|p1a: Primarina|Protect|p1a: Primarina
|-singleturn|p1a: Primarina|Protect
|move|p2b: Basculegion|Wave Crash|p1b: Sneasler
|-activate|p1b: Sneasler|move: Protect
|move|p2a: Pelipper|Hurricane|p1a: Primarina
|-activate|p1a: Primarina|move: Protect
|
|-weather|RainDance|[upkeep]
|upkeep
|turn|4
|
|t:|1757024267
|switch|p1b: Incineroar|Incineroar, L50, F|88/100
|-ability|p1b: Incineroar|Intimidate|boost
|-unboost|p2a: Pelipper|atk|1
|-unboost|p2b: Basculegion|atk|1
|move|p2b: Basculegion|Wave Crash|p1b: Incineroar
|-supereffective|p1b: Incineroar
|-damage|p1b: Incineroar|0 fnt
|faint|p1b: Incineroar
|-damage|p2b: Basculegion|26/100|[from] Recoil
|move|p2a: Pelipper|Hurricane|p1a: Primarina
|-damage|p1a: Primarina|55/100
|move|p1a: Primarina|Moonblast|p2b: Basculegion
|-damage|p2b: Basculegion|0 fnt
|faint|p2b: Basculegion
|
|-weather|RainDance|[upkeep]
|-sideend|p2: 420dablord|move: Tailwind
|upkeep
|
|t:|1757024282
|switch|p1b: Sneasler|Sneasler, L50, F|1/100
|turn|5
|
|t:|1757024291
|move|p1b: Sneasler|Dire Claw|p2a: Pelipper
|-damage|p2a: Pelipper|32/100
|move|p2a: Pelipper|Hurricane|p1a: Primarina
|-damage|p1a: Primarina|16/100
|move|p1a: Primarina|Moonblast|p2a: Pelipper
|-crit|p2a: Pelipper
|-damage|p2a: Pelipper|0 fnt
|faint|p2a: Pelipper
|
|win|just for fun fren
||just for fun fren is ready for game 3.
||420dablord is ready for game 3.
|uhtml|next|Next: Game 3 of 3
|l|☆420dablord
|player|p2|
