|j|☆irishshyguy
|j|☆Xto80
|html|irishshyguyXto80    
|uhtml|bestof|Game 3 of a best-of-3
|t:|1782563083
|gametype|doubles
|player|p1|irishshyguy|barry|
|player|p2|Xto80|policeman-gen4|
|gen|9
|tier|[Gen 9 Champions] VGC 2026 Reg M-B (Bo3)
|rule|Species Clause: Limit one of each Pokémon
|rule|Item Clause: Limit 1 of each item
|clearpoke
|poke|p1|Lopunny, L50, M|
|poke|p1|Gardevoir, L50, M|
|poke|p1|Gliscor, L50, F|
|poke|p1|Meowstic, L50, M|
|poke|p1|Noivern, L50, M|
|poke|p1|Jolteon, L50, F|
|poke|p2|Charizard, L50, F|
|poke|p2|Chesnaught, L50, F|
|poke|p2|Scovillain, L50, M|
|poke|p2|Dragonite, L50, M|
|poke|p2|Ceruledge, L50, F|
|poke|p2|Machamp, L50, F|
|teampreview|4
|showteam|p1|Lopunny||Lopunnite|CuteCharm|CloseCombat,CircleThrow,FakeOut,ThunderPunch|Jolly||M|||50|]Gardevoir||FocusSash|Telepathy|AlluringVoice,HyperVoice,Taunt,FirePunch|Hasty||M|||50|]Gliscor||MentalHerb|HyperCutter|Tailwind,Earthquake,GunkShot,RainDance|Jolly||F|||50|]Meowstic||ExpertBelt|Prankster|FakeOut,Reflect,EnergyBall,PsychicNoise|Hasty||M|||50|]Noivern||BrightPowder|Frisk|DracoMeteor,SuperFang,IronTail,Uturn|Hasty||M|||50|]Jolteon||ShucaBerry|VoltAbsorb|Detect,ThunderWave,DoubleEdge,AlluringVoice|Hasty||F|||50|
|showteam|p2|Charizard||CharizarditeY|SolarPower|WeatherBall,SolarBeam,RockSlide,DragonTail|Hasty||F|||50|]Chesnaught||ExpertBelt|Bulletproof|GigaDrain,PoisonJab,CloseCombat,SpikyShield|Relaxed||F|||50|]Scovillain||Leftovers|Chlorophyll|SolarBeam,Overheat,WillOWisp,Substitute|Timid||M|||50|]Dragonite||LightClay|Multiscale|LightScreen,DracoMeteor,ExtremeSpeed,IceSpinner|Brave||M|||50|]Ceruledge||FocusSash|FlashFire|BitterBlade,CloseCombat,ShadowClaw,SwordsDance|Jolly||F|||50|]Machamp||BlackBelt|NoGuard|CloseCombat,DynamicPunch,StoneEdge,CrossChop|Adamant||F|||50|
|
|t:|1782563153
|teamsize|p1|4
|teamsize|p2|4
|start
|switch|p1a: Lopunny|Lopunny, L50, M|100/100
|switch|p1b: Gliscor|Gliscor, L50, F|100/100
|switch|p2a: Charizard|Charizard, L50, F|100/100
|switch|p2b: Scovillain|Scovillain, L50, M|100/100
|turn|1
|
|t:|1782563200
|detailschange|p1a: Lopunny|Lopunny-Mega, L50, M
|-mega|p1a: Lopunny|Lopunny|Lopunnite
|detailschange|p2a: Charizard|Charizard-Mega-Y, L50, F
|-mega|p2a: Charizard|Charizard|Charizardite Y
|-weather|SunnyDay|[from] ability: Drought|[of] p2a: Charizard
|move|p1a: Lopunny|Fake Out|p2a: Charizard
|-damage|p2a: Charizard|64/100
|move|p2b: Scovillain|Solar Beam||[still]
|-prepare|p2b: Scovillain|Solar Beam
|-anim|p2b: Scovillain|Solar Beam|p1b: Gliscor
|-damage|p1b: Gliscor|33/100
|cant|p2a: Charizard|flinch
|move|p1b: Gliscor|Tailwind|p1b: Gliscor
|-sidestart|p1: irishshyguy|move: Tailwind
|
|-weather|SunnyDay|[upkeep]
|upkeep
|turn|2
|
|t:|1782563239
|move|p1a: Lopunny|Thunder Punch|p2a: Charizard
|-supereffective|p2a: Charizard|1
|-damage|p2a: Charizard|0 fnt
|faint|p2a: Charizard
|move|p1b: Gliscor|Rain Dance|p1b: Gliscor
|-weather|RainDance
|move|p2b: Scovillain|Solar Beam||[still]
|-prepare|p2b: Scovillain|Solar Beam
|
|-weather|RainDance|[upkeep]
|upkeep
|
|t:|1782563254
|switch|p2a: Ceruledge|Ceruledge, L50, F|100/100
|turn|3
|
|t:|1782563296
|move|p1a: Lopunny|Thunder Punch|p2a: Ceruledge
|-damage|p2a: Ceruledge|62/100
|move|p1b: Gliscor|Earthquake|p2a: Ceruledge|[spread] p1a,p2a,p2b
|-supereffective|p2a: Ceruledge|1
|-damage|p1a: Lopunny|55/100
|-damage|p2a: Ceruledge|0 fnt
|-damage|p2b: Scovillain|50/100g
|faint|p2a: Ceruledge
|move|p2b: Scovillain|Solar Beam|p1b: Gliscor|[from] lockedmove
|-damage|p1b: Gliscor|0 fnt
|faint|p1b: Gliscor
|
|-weather|RainDance|[upkeep]
|-heal|p2b: Scovillain|56/100|[from] item: Leftovers
|upkeep
|
|t:|1782563317
|switch|p1b: Gardevoir|Gardevoir, L50, M|100/100
|switch|p2a: Dragonite|Dragonite, L50, M|100/100
|turn|4
|
|t:|1782563360
|move|p2a: Dragonite|Extreme Speed|p1a: Lopunny
|-damage|p1a: Lopunny|11/100
|move|p1a: Lopunny|Close Combat|p2b: Scovillain
|-crit|p2b: Scovillain
|-damage|p2b: Scovillain|0 fnt
|-unboost|p1a: Lopunny|def|1
|-unboost|p1a: Lopunny|spd|1
|faint|p2b: Scovillain
|move|p1b: Gardevoir|Alluring Voice|p2a: Dragonite
|-supereffective|p2a: Dragonite|1
|-damage|p2a: Dragonite|62/100
|
|-weather|RainDance|[upkeep]
|-sideend|p1: irishshyguy|move: Tailwind
|upkeep
|turn|5
|
|t:|1782563401
|move|p2a: Dragonite|Extreme Speed|p1a: Lopunny
|-damage|p1a: Lopunny|0 fnt
|faint|p1a: Lopunny
|move|p1b: Gardevoir|Alluring Voice|p2a: Dragonite
|-supereffective|p2a: Dragonite|1
|-damage|p2a: Dragonite|0 fnt
|faint|p2a: Dragonite
|
|win|irishshyguy
