|j|☆spodermees
|j|☆rgangel
|html|spodermeesrgangel    
|uhtml|bestof|Game 2 of a best-of-3
|t:|1783955977
|gametype|doubles
|player|p1|spodermees|sailor|1141
|player|p2|rgangel|cynthia|1123
|gen|9
|tier|[Gen 9 Champions] VGC 2026 Reg M-B (Bo3)
|rated|
|rule|Species Clause: Limit one of each Pokémon
|rule|Item Clause: Limit 1 of each item
|clearpoke
|poke|p1|Swampert, L50, M|
|poke|p1|Raichu, L50, M|
|poke|p1|Pelipper, L50, F|
|poke|p1|Sableye, L50, F|
|poke|p1|Incineroar, L50, F|
|poke|p1|Archaludon, L50, F|
|poke|p2|Camerupt, L50, M|
|poke|p2|Farigiraf, L50, M|
|poke|p2|Araquanid, L50, F|
|poke|p2|Abomasnow, L50, F|
|poke|p2|Incineroar, L50, M|
|poke|p2|Medicham, L50, F|
|teampreview|4
|showteam|p1|Swampert||Swampertite|Damp|WaveCrash,Earthquake,IcePunch,Protect|Adamant||M|||50|]Raichu||RaichuniteY|LightningRod|FakeOut,Protect,ZapCannon,FocusBlast|Hasty||M|||50|]Pelipper||FocusSash|Drizzle|WeatherBall,Hurricane,WideGuard,Tailwind|Modest||F|||50|]Sableye||RoseliBerry|Prankster|RainDance,FakeOut,LightScreen,Reflect|Careful||F|||50|]Incineroar||SitrusBerry|Intimidate|FakeOut,PartingShot,WillOWisp,ThroatChop|Careful||F|||50|]Archaludon||Leftovers|Stamina|ElectroShot,DracoMeteor,FlashCannon,Protect|Modest||F|||50|
|showteam|p2|Camerupt||Cameruptite|MagmaArmor|EarthPower,Eruption,AncientPower,Protect|Quiet||M|||50|]Farigiraf||ColburBerry|ArmorTail|TwinBeam,Thunderbolt,TrickRoom,Protect|Relaxed||M|||50|]Araquanid||LifeOrb|WaterBubble|Liquidation,Protect,WideGuard,BugBite|Brave||F|||50|]Abomasnow||Abomasite|SnowWarning|GigaDrain,Blizzard,AuroraVeil,Protect|Quiet||F|||50|]Incineroar||SitrusBerry|Intimidate|PartingShot,FlareBlitz,DarkestLariat,FakeOut|Careful||M|||50|]Medicham||FocusSash|PurePower|FakeOut,Feint,TrickRoom,DrainPunch|Brave||F|||50|
|inactive|Battle timer is ON: inactive players will automatically lose when time's up. (requested by rgangel)
|inactive|spodermees also wants the timer to be on.
|
|t:|1783956003
|teamsize|p1|4
|teamsize|p2|4
|start
|switch|p1a: Raichu|Raichu, L50, M|100/100
|switch|p1b: Sableye|Sableye, L50, F|100/100
|switch|p2a: Incineroar|Incineroar, L50, M|100/100
|switch|p2b: Farigiraf|Farigiraf, L50, M|100/100
|-ability|p2a: Incineroar|Intimidate|boost
|-unboost|p1a: Raichu|atk|1
|-unboost|p1b: Sableye|atk|1
|turn|1
|
|t:|1783956019
|switch|p1a: Archaludon|Archaludon, L50, F|100/100
|move|p1b: Sableye|Light Screen|p1b: Sableye
|-sidestart|p1: spodermees|move: Light Screen
|move|p2a: Incineroar|Flare Blitz|p1b: Sableye
|-damage|p1b: Sableye|40/100
|-damage|p2a: Incineroar|84/100|[from] Recoil
|move|p2b: Farigiraf|Trick Room|p2b: Farigiraf
|-fieldstart|move: Trick Room|[of] p2b: Farigiraf
|
|upkeep
|turn|2
|
|t:|1783956033
|move|p1b: Sableye|Rain Dance|p1b: Sableye
|-weather|RainDance
|move|p2b: Farigiraf|Thunderbolt|p1b: Sableye
|-damage|p1b: Sableye|22/100
|move|p2a: Incineroar|Parting Shot|p1a: Archaludon
|-unboost|p1a: Archaludon|atk|1
|-unboost|p1a: Archaludon|spa|1
|
|t:|1783956039
|switch|p2a: Abomasnow|Abomasnow, L50, F|100/100|[from] Parting Shot
|-weather|Snowscape|[from] ability: Snow Warning|[of] p2a: Abomasnow
|move|p1a: Archaludon|Electro Shot||[still]
|-prepare|p1a: Archaludon|Electro Shot
|-boost|p1a: Archaludon|spa|1
|
|-weather|Snowscape|[upkeep]
|upkeep
|turn|3
|
|t:|1783956057
|switch|p1b: Incineroar|Incineroar, L50, F|100/100
|-ability|p1b: Incineroar|Intimidate|boost
|-unboost|p2a: Abomasnow|atk|1
|-unboost|p2b: Farigiraf|atk|1
|move|p2b: Farigiraf|Thunderbolt|p1b: Incineroar
|-damage|p1b: Incineroar|89/100
|move|p2a: Abomasnow|Blizzard|p1b: Incineroar|[spread] p1a,p1b
|-resisted|p1b: Incineroar|1
|-damage|p1a: Archaludon|75/100
|-damage|p1b: Incineroar|80/100
|-ability|p1a: Archaludon|Stamina|boost
|-boost|p1a: Archaludon|def|1
|move|p1a: Archaludon|Electro Shot|p2b: Farigiraf|[from] lockedmove
|-damage|p2b: Farigiraf|60/100
|
|-weather|Snowscape|[upkeep]
|-heal|p1a: Archaludon|81/100|[from] item: Leftovers
|upkeep
|turn|4
|
|t:|1783956082
|switch|p2a: Incineroar|Incineroar, L50, M|84/100
|-ability|p2a: Incineroar|Intimidate|boost
|-unboost|p1a: Archaludon|atk|1
|-unboost|p1b: Incineroar|atk|1
|move|p2b: Farigiraf|Thunderbolt|p1b: Incineroar
|-damage|p1b: Incineroar|68/100
|move|p1b: Incineroar|Throat Chop|p2b: Farigiraf
|-supereffective|p2b: Farigiraf|1
|-enditem|p2b: Farigiraf|Colbur Berry|[eat]
|-enditem|p2b: Farigiraf|Colbur Berry|[weaken]
|-damage|p2b: Farigiraf|44/100
|-start|p2b: Farigiraf|Throat Chop|[silent]
|move|p1a: Archaludon|Flash Cannon|p2a: Incineroar
|-resisted|p2a: Incineroar|1
|-damage|p2a: Incineroar|70/100
|
|-weather|Snowscape|[upkeep]
|-heal|p1a: Archaludon|87/100|[from] item: Leftovers
|upkeep
|turn|5
|
|t:|1783956100
|move|p2b: Farigiraf|Protect|p2b: Farigiraf
|-singleturn|p2b: Farigiraf|Protect
|move|p1b: Incineroar|Parting Shot|p2b: Farigiraf
|-activate|p2b: Farigiraf|move: Protect
|move|p2a: Incineroar|Parting Shot|p1b: Incineroar
|-unboost|p1b: Incineroar|atk|1
|-unboost|p1b: Incineroar|spa|1
|
|t:|1783956107
|switch|p2a: Araquanid|Araquanid, L50, F|100/100|[from] Parting Shot
|move|p1a: Archaludon|Electro Shot||[still]
|-prepare|p1a: Archaludon|Electro Shot
|-boost|p1a: Archaludon|spa|1
|
|-weather|Snowscape|[upkeep]
|-heal|p1a: Archaludon|93/100|[from] item: Leftovers
|-end|p2b: Farigiraf|Throat Chop|[silent]
|-sideend|p1: spodermees|move: Light Screen
|-fieldend|move: Trick Room
|upkeep
|turn|6
|
|t:|1783956121
|switch|p2b: Incineroar|Incineroar, L50, M|70/100
|-ability|p2b: Incineroar|Intimidate|boost
|-unboost|p1a: Archaludon|atk|1
|-unboost|p1b: Incineroar|atk|1
|move|p1a: Archaludon|Electro Shot|p2a: Araquanid|[from] lockedmove
|-supereffective|p2a: Araquanid|1
|-damage|p2a: Araquanid|0 fnt
|faint|p2a: Araquanid
|move|p1b: Incineroar|Parting Shot|p2b: Incineroar
|-unboost|p2b: Incineroar|atk|1
|-unboost|p2b: Incineroar|spa|1
|
|t:|1783956129
|switch|p1b: Raichu|Raichu, L50, M|100/100|[from] Parting Shot
|
|-weather|none
|-heal|p1a: Archaludon|100/100|[from] item: Leftovers
|upkeep
|-message|rgangel forfeited.
|
|win|spodermees
|raw|spodermees's rating: 1141 → 1165(+24 for winning)
|raw|rgangel's rating: 1123 → 1099(-24 for losing)
