|j|☆MEGA FRAUD
|j|☆Olciax34
|html|MEGA FRAUDOlciax34    
|uhtml|bestof|Game 3 of a best-of-3
|t:|1785349226
|gametype|doubles
|player|p1|MEGA FRAUD|2|1427
|player|p2|Olciax34|clair|1376
|gen|9
|tier|[Gen 9 Champions] VGC 2026 Reg M-B (Bo3)
|rated|
|rule|Species Clause: Limit one of each Pokémon
|rule|Item Clause: Limit 1 of each item
|clearpoke
|poke|p1|Tyranitar, L50, M|
|poke|p1|Excadrill, L50, M|
|poke|p1|Milotic, L50, M|
|poke|p1|Sinistcha, L50|
|poke|p1|Staraptor, L50, M|
|poke|p1|Gholdengo, L50|
|poke|p2|Charizard, L50, F|
|poke|p2|Whimsicott, L50, F|
|poke|p2|Garchomp, L50, F|
|poke|p2|Basculegion, L50, M|
|poke|p2|Sylveon, L50, F|
|poke|p2|Incineroar, L50, F|
|teampreview|4
|showteam|p1|Tyranitar||Tyranitarite|SandStream|KnockOff,RockSlide,LowKick,Protect|Jolly||M|||50|]Excadrill||FocusSash|SandRush|HighHorsepower,IronHead,RockSlide,Protect|Adamant||M|||50|]Milotic||SitrusBerry|Competitive|Scald,IcyWind,IceBeam,Protect|Calm||M|||50|]Sinistcha||ColburBerry|Hospitality|MatchaGotcha,ShadowBall,Protect,RagePowder|Bold|||||50|]Staraptor||Staraptite|Intimidate|CloseCombat,BraveBird,Tailwind,Protect|Jolly||M|||50|]Gholdengo||LifeOrb|GoodasGold|MakeItRain,ShadowBall,NastyPlot,Protect|Modest|||||50|
|showteam|p2|Charizard||CharizarditeY|SolarPower|HeatWave,WeatherBall,SolarBeam,Protect|Modest||F|||50|]Whimsicott||FocusSash|Prankster|Moonblast,Tailwind,Encore,Protect|Timid||F|||50|]Garchomp||LifeOrb|RoughSkin|Earthquake,DragonClaw,RockSlide,Protect|Jolly||F|||50|]Basculegion||ChoiceScarf|Adaptability|WaveCrash,FlipTurn,LastRespects,AquaJet|Jolly||M|||50|]Sylveon||FairyFeather|Pixilate|HyperVoice,Yawn,HyperBeam,Protect|Modest||F|||50|]Incineroar||SitrusBerry|Intimidate|FakeOut,ThroatChop,FlareBlitz,PartingShot|Careful||F|||50|
|inactive|Battle timer is ON: inactive players will automatically lose when time's up. (requested by Olciax34)
|inactive|MEGA FRAUD has 60 seconds left.
|
|t:|1785349259
|teamsize|p1|4
|teamsize|p2|4
|start
|switch|p1a: Milotic|Milotic, L50, M|100/100
|switch|p1b: Tyranitar|Tyranitar, L50, M|100/100
|switch|p2a: Garchomp|Garchomp, L50, F|100/100
|switch|p2b: Basculegion|Basculegion, L50, M|100/100
|-weather|Sandstorm|[from] ability: Sand Stream|[of] p1b: Tyranitar
|turn|1
|
|t:|1785349274
|move|p2a: Garchomp|Protect|p2a: Garchomp
|-singleturn|p2a: Garchomp|Protect
|move|p1b: Tyranitar|Protect|p1b: Tyranitar
|-singleturn|p1b: Tyranitar|Protect
|move|p2b: Basculegion|Flip Turn|p1b: Tyranitar
|-activate|p1b: Tyranitar|move: Protect
|move|p1a: Milotic|Icy Wind|p2b: Basculegion|[spread] p2b
|-activate|p2a: Garchomp|move: Protect
|-resisted|p2b: Basculegion|1
|-damage|p2b: Basculegion|93/100
|-unboost|p2b: Basculegion|spe|1
|
|-weather|Sandstorm|[upkeep]
|-damage|p2b: Basculegion|87/100|[from] Sandstorm
|-damage|p1a: Milotic|94/100|[from] Sandstorm
|upkeep
|turn|2
|
|t:|1785349293
|switch|p2a: Whimsicott|Whimsicott, L50, F|100/100
|switch|p1b: Sinistcha|Sinistcha, L50|100/100
|-heal|p1a: Milotic|100/100|[from] ability: Hospitality|[of] p1b: Sinistcha
|move|p2b: Basculegion|Flip Turn|p1b: Sinistcha
|-resisted|p1b: Sinistcha|1
|-damage|p1b: Sinistcha|83/100
|
|t:|1785349306
|switch|p2b: Charizard|Charizard, L50, F|100/100|[from] Flip Turn
|move|p1a: Milotic|Icy Wind|p2a: Whimsicott|[spread] p2a,p2b
|-supereffective|p2a: Whimsicott|1
|-damage|p2a: Whimsicott|68/100
|-damage|p2b: Charizard|87/100
|-unboost|p2a: Whimsicott|spe|1
|-unboost|p2b: Charizard|spe|1
|
|-weather|Sandstorm|[upkeep]
|-damage|p2a: Whimsicott|62/100|[from] Sandstorm
|-damage|p1a: Milotic|94/100|[from] Sandstorm
|-damage|p2b: Charizard|81/100|[from] Sandstorm
|-damage|p1b: Sinistcha|77/100|[from] Sandstorm
|upkeep
|turn|3
|
|t:|1785349321
|detailschange|p2b: Charizard|Charizard-Mega-Y, L50, F
|-mega|p2b: Charizard|Charizard|Charizardite Y
|-weather|SunnyDay|[from] ability: Drought|[of] p2b: Charizard
|move|p1b: Sinistcha|Protect|p1b: Sinistcha
|-singleturn|p1b: Sinistcha|Protect
|move|p2a: Whimsicott|Encore|p1a: Milotic
|-start|p1a: Milotic|Encore
|move|p1a: Milotic|Icy Wind|p2a: Whimsicott|[spread] p2a,p2b
|-supereffective|p2a: Whimsicott|1
|-damage|p2a: Whimsicott|30/100
|-damage|p2b: Charizard|72/100
|-unboost|p2a: Whimsicott|spe|1
|-unboost|p2b: Charizard|spe|1
|move|p2b: Charizard|Heat Wave|p1b: Sinistcha|[spread] p1a
|-activate|p1b: Sinistcha|move: Protect
|-resisted|p1a: Milotic|1
|-damage|p1a: Milotic|70/100
|
|-weather|SunnyDay|[upkeep]
|upkeep
|turn|4
|inactive|Olciax34 has 30 seconds left.
|
|t:|1785349349
|switch|p1b: Tyranitar|Tyranitar, L50, M|100/100
|-weather|Sandstorm|[from] ability: Sand Stream|[of] p1b: Tyranitar
|move|p2a: Whimsicott|Protect|p2a: Whimsicott
|-singleturn|p2a: Whimsicott|Protect
|move|p1a: Milotic|Icy Wind|p2b: Charizard|[spread] 
|-activate|p2a: Whimsicott|move: Protect
|-miss|p1a: Milotic|p2b: Charizard
|move|p2b: Charizard|Weather Ball|p1a: Milotic
|-damage|p1a: Milotic|41/100
|-enditem|p1a: Milotic|Sitrus Berry|[eat]
|-heal|p1a: Milotic|65/100|[from] item: Sitrus Berry
|
|-weather|Sandstorm|[upkeep]
|-damage|p1a: Milotic|60/100|[from] Sandstorm
|-damage|p2a: Whimsicott|24/100|[from] Sandstorm
|-damage|p2b: Charizard|66/100|[from] Sandstorm
|upkeep
|turn|5
|inactive|Olciax34 has 30 seconds left.
|
|t:|1785349377
|switch|p2b: Basculegion|Basculegion, L50, M|87/100
|move|p2a: Whimsicott|Tailwind|p2a: Whimsicott
|-sidestart|p2: Olciax34|move: Tailwind
|move|p1b: Tyranitar|Knock Off|p2a: Whimsicott
|-resisted|p2a: Whimsicott|1
|-damage|p2a: Whimsicott|0 fnt
|-enditem|p2a: Whimsicott|Focus Sash|[from] move: Knock Off|[of] p1b: Tyranitar
|faint|p2a: Whimsicott
|move|p1a: Milotic|Icy Wind|p2b: Basculegion
|-resisted|p2b: Basculegion|1
|-damage|p2b: Basculegion|80/100
|-unboost|p2b: Basculegion|spe|1
|
|-weather|Sandstorm|[upkeep]
|-damage|p2b: Basculegion|74/100|[from] Sandstorm
|-damage|p1a: Milotic|54/100|[from] Sandstorm
|-end|p1a: Milotic|Encore
|upkeep
|
|t:|1785349394
|switch|p2a: Charizard|Charizard-Mega-Y, L50, F|66/100
|-weather|SunnyDay|[from] ability: Drought|[of] p2a: Charizard
|turn|6
|inactive|MEGA FRAUD has 30 seconds left.
|inactive|MEGA FRAUD has 20 seconds left.
|inactive|MEGA FRAUD has 15 seconds left.
|inactive|MEGA FRAUD has 10 seconds left.
|inactive|MEGA FRAUD has 5 seconds left.
|
|t:|1785349444
|switch|p2a: Garchomp|Garchomp, L50, F|100/100
|move|p1b: Tyranitar|Protect|p1b: Tyranitar
|-singleturn|p1b: Tyranitar|Protect
|move|p1a: Milotic|Protect|p1a: Milotic
|-singleturn|p1a: Milotic|Protect
|move|p2b: Basculegion|Last Respects|p1a: Milotic
|-activate|p1a: Milotic|move: Protect
|
|-weather|SunnyDay|[upkeep]
|upkeep
|turn|7
|
|t:|1785349463
|switch|p1a: Staraptor|Staraptor, L50, M|100/100
|-ability|p1a: Staraptor|Intimidate|boost
|-unboost|p2a: Garchomp|atk|1
|-unboost|p2b: Basculegion|atk|1
|move|p2a: Garchomp|Dragon Claw|p1a: Staraptor
|-damage|p1a: Staraptor|53/100
|-damage|p2a: Garchomp|90/100|[from] item: Life Orb
|move|p2b: Basculegion|Last Respects|p1a: Staraptor
|-immune|p1a: Staraptor
|move|p1b: Tyranitar|Rock Slide|p2a: Garchomp|[spread] p2b
|-miss|p1b: Tyranitar|p2a: Garchomp
|-damage|p2b: Basculegion|37/100
|
|-weather|SunnyDay|[upkeep]
|upkeep
|turn|8
|
|t:|1785349487
|move|p1a: Staraptor|Protect|p1a: Staraptor
|-singleturn|p1a: Staraptor|Protect
|move|p2a: Garchomp|Rock Slide|p1b: Tyranitar|[spread] p1b
|-activate|p1a: Staraptor|move: Protect
|-damage|p1b: Tyranitar|86/100
|-damage|p2a: Garchomp|80/100|[from] item: Life Orb
|move|p2b: Basculegion|Last Respects|p1b: Tyranitar
|-resisted|p1b: Tyranitar|1
|-damage|p1b: Tyranitar|68/100
|move|p1b: Tyranitar|Rock Slide|p2b: Basculegion|[spread] p2a,p2b
|-resisted|p2a: Garchomp|1
|-damage|p2a: Garchomp|65/100
|-damage|p2b: Basculegion|3/100
|
|-weather|SunnyDay|[upkeep]
|-sideend|p2: Olciax34|move: Tailwind
|upkeep
|turn|9
|
|t:|1785349510
|detailschange|p1a: Staraptor|Staraptor-Mega, L50, M
|-mega|p1a: Staraptor|Staraptor|Staraptite
|move|p1a: Staraptor|Tailwind|p1a: Staraptor
|-sidestart|p1: MEGA FRAUD|move: Tailwind
|move|p1b: Tyranitar|Rock Slide|p2b: Basculegion|[spread] p2a,p2b
|-resisted|p2a: Garchomp|1
|-damage|p2a: Garchomp|52/100
|-damage|p2b: Basculegion|0 fnt
|faint|p2b: Basculegion
|move|p2a: Garchomp|Earthquake|p1a: Staraptor|[spread] p1b
|-immune|p1a: Staraptor
|-supereffective|p1b: Tyranitar|1
|-damage|p1b: Tyranitar|11/100
|-damage|p2a: Garchomp|42/100|[from] item: Life Orb
|
|-weather|SunnyDay|[upkeep]
|upkeep
|
|t:|1785349522
|switch|p2b: Charizard|Charizard-Mega-Y, L50, F|66/100
|turn|10
|
|t:|1785349534
|move|p1a: Staraptor|Close Combat|p2a: Garchomp
|-damage|p2a: Garchomp|0 fnt
|-boost|p1a: Staraptor|def|1
|-boost|p1a: Staraptor|spd|1
|-damage|p1a: Staraptor|41/100|[from] ability: Rough Skin|[of] p2a: Garchomp
|faint|p2a: Garchomp
|move|p1b: Tyranitar|Rock Slide|p2b: Charizard|[miss]
|-miss|p1b: Tyranitar|p2b: Charizard
|move|p2b: Charizard|Heat Wave|p1a: Staraptor|[spread] p1a,p1b
|-resisted|p1b: Tyranitar|1
|-damage|p1a: Staraptor|0 fnt
|-damage|p1b: Tyranitar|0 fnt
|faint|p1a: Staraptor
|faint|p1b: Tyranitar
|
|-weather|none
|upkeep
|
|t:|1785349539
|switch|p1a: Sinistcha|Sinistcha, L50|77/100
|switch|p1b: Milotic|Milotic, L50, M|54/100
|-heal|p1b: Milotic|78/100|[from] ability: Hospitality|[of] p1a: Sinistcha
|turn|11
|c|☆Olciax34|gg
|c|☆Olciax34|wp
|
|t:|1785349552
|move|p2b: Charizard|Protect|p2b: Charizard
|-singleturn|p2b: Charizard|Protect
|move|p1b: Milotic|Scald|p2b: Charizard
|-activate|p2b: Charizard|move: Protect
|move|p1a: Sinistcha|Shadow Ball|p2b: Charizard
|-activate|p2b: Charizard|move: Protect
|
|upkeep
|turn|12
|
|t:|1785349560
|move|p2b: Charizard|Protect||[still]
|-fail|p2b: Charizard
|move|p1b: Milotic|Scald|p2b: Charizard
|-supereffective|p2b: Charizard|1
|-damage|p2b: Charizard|17/100
|move|p1a: Sinistcha|Shadow Ball|p2b: Charizard
|-damage|p2b: Charizard|0 fnt
|faint|p2b: Charizard
|
|win|MEGA FRAUD
|raw|MEGA FRAUD's rating: 1427 → 1444(+17 for winning)
|raw|Olciax34's rating: 1376 → 1359(-17 for losing)
|l|☆Olciax34
|player|p2|
