|j|☆25th_mang
|j|☆ChimcharBot
|html|25th_mangChimcharBot    
|uhtml|bestof|Game 2 of a best-of-3
|t:|1783266199
|gametype|doubles
|player|p1|25th_mang|ballguy|1242
|player|p2|ChimcharBot|koga|1173
|gen|9
|tier|[Gen 9 Champions] VGC 2026 Reg M-B (Bo3)
|rated|
|rule|Species Clause: Limit one of each Pokémon
|rule|Item Clause: Limit 1 of each item
|clearpoke
|poke|p1|Blastoise, L50, M|
|poke|p1|Aerodactyl, L50, F|
|poke|p1|Sinistcha, L50|
|poke|p1|Kingambit, L50, M|
|poke|p1|Tsareena, L50, F|
|poke|p1|Metagross, L50, shiny|
|poke|p2|Floette-Eternal, L50, F|
|poke|p2|Incineroar, L50, F|
|poke|p2|Aerodactyl, L50, M|
|poke|p2|Kingambit, L50, M|
|poke|p2|Garchomp, L50, F|
|poke|p2|Sinistcha-Masterpiece, L50|
|teampreview|4
|showteam|p1|Blastoise||Blastoisinite|RainDish|WaterSpout,AuraSphere,DarkPulse,FakeOut|Modest||M|||50|]Aerodactyl||FocusSash|Unnerve|Tailwind,RainDance,RockSlide,DualWingbeat|Jolly||F|||50|]Sinistcha||SitrusBerry|Hospitality|LifeDew,MatchaGotcha,TrickRoom,RagePowder|Quiet|||||50|]Kingambit||ChopleBerry|Defiant|KowtowCleave,SuckerPunch,LowKick,IronHead|Adamant||M|||50|]Tsareena||WideLens|QueenlyMajesty|TropKick,LowKick,TripleAxel,HelpingHand|Adamant||F|||50|]Metagross||Metagrossite|ClearBody|IronHead,PsychicFangs,IcePunch,Protect|Adamant|||||50|
|showteam|p2|Floette-Eternal||Floettite|FlowerVeil|Protect,DrainingKiss,Moonblast,CalmMind|Modest||F|||50|]Incineroar||PasshoBerry|Intimidate|FlareBlitz,ThroatChop,PartingShot,FakeOut|Careful||F|||50|]Aerodactyl||Aerodactylite|Unnerve|Protect,Tailwind,DualWingbeat,RockSlide|Jolly||M|||50|]Kingambit||BlackGlasses|Defiant|Protect,KowtowCleave,SuckerPunch,SwordsDance|Adamant||M|||50|]Garchomp||SitrusBerry|RoughSkin|Protect,DragonClaw,StompingTantrum,RockSlide|Adamant||F|||50|]Sinistcha-Masterpiece||OccaBerry|Hospitality|Protect,RagePowder,MatchaGotcha,TrickRoom|Bold|||||50|
|inactive|Battle timer is ON: inactive players will automatically lose when time's up. (requested by 25th_mang)
|inactive|25th_mang has 60 seconds left.
|inactive|ChimcharBot has 60 seconds left.
|
|t:|1783266255
|teamsize|p1|4
|teamsize|p2|4
|start
|switch|p1a: MONEYBALL|Aerodactyl, L50, F|100/100
|switch|p1b: Love&Fear|Kingambit, L50, M|100/100
|switch|p2a: Garchomp|Garchomp, L50, F|100/100
|switch|p2b: Incineroar|Incineroar, L50, F|100/100
|-ability|p1a: MONEYBALL|Unnerve
|-ability|p2b: Incineroar|Intimidate|boost
|-unboost|p1a: MONEYBALL|atk|1
|-unboost|p1b: Love&Fear|atk|1
|-ability|p1b: Love&Fear|Defiant|boost
|-boost|p1b: Love&Fear|atk|2
|turn|1
|inactive|25th_mang has 30 seconds left.
|inactive|ChimcharBot has 30 seconds left.
|inactive|ChimcharBot has 20 seconds left.
|inactive|ChimcharBot has 15 seconds left.
|
|t:|1783266303
|move|p2b: Incineroar|Fake Out|p1b: Love&Fear
|-resisted|p1b: Love&Fear|1
|-damage|p1b: Love&Fear|96/100
|cant|p1b: Love&Fear|flinch
|move|p1a: MONEYBALL|Tailwind|p1a: MONEYBALL
|-sidestart|p1: 25th_mang|move: Tailwind
|move|p2a: Garchomp|Stomping Tantrum|p1b: Love&Fear
|-supereffective|p1b: Love&Fear|1
|-damage|p1b: Love&Fear|32/100
|
|upkeep
|turn|2
|inactive|25th_mang has 30 seconds left.
|inactive|ChimcharBot has 30 seconds left.
|inactive|ChimcharBot has 20 seconds left.
|
|t:|1783266340
|switch|p1a: Save Me|Sinistcha, L50|100/100
|-heal|p1b: Love&Fear|57/100|[from] ability: Hospitality|[of] p1a: Save Me
|move|p1b: Love&Fear|Sucker Punch|p2a: Garchomp
|-damage|p2a: Garchomp|43/100
|-damage|p1b: Love&Fear|44/100|[from] ability: Rough Skin|[of] p2a: Garchomp
|-enditem|p2a: Garchomp|Sitrus Berry|[eat]
|-heal|p2a: Garchomp|68/100|[from] item: Sitrus Berry
|move|p2a: Garchomp|Dragon Claw|p1a: Save Me
|-damage|p1a: Save Me|64/100
|move|p2b: Incineroar|Flare Blitz|p1b: Love&Fear
|-supereffective|p1b: Love&Fear|1
|-damage|p1b: Love&Fear|0 fnt
|faint|p1b: Love&Fear
|-damage|p2b: Incineroar|84/100|[from] Recoil
|
|upkeep
|inactive|25th_mang has 30 seconds left.
|
|t:|1783266369
|switch|p1b: MONEYBALL|Aerodactyl, L50, F|100/100
|-ability|p1b: MONEYBALL|Unnerve
|turn|3
|
|t:|1783266379
|move|p1b: MONEYBALL|Rock Slide|p2a: Garchomp|[spread] p2a,p2b
|-resisted|p2a: Garchomp|1
|-supereffective|p2b: Incineroar|1
|-damage|p2a: Garchomp|58/100
|-damage|p2b: Incineroar|37/100
|move|p1a: Save Me|Matcha Gotcha|p2b: Incineroar|[spread] p2a,p2b
|-resisted|p2b: Incineroar|1
|-damage|p2a: Garchomp|32/100
|-heal|p1a: Save Me|79/100|[from] drain|[of] p2a: Garchomp
|-damage|p2b: Incineroar|27/100
|-heal|p1a: Save Me|84/100|[from] drain|[of] p2b: Incineroar
|cant|p2a: Garchomp|flinch
|move|p2b: Incineroar|Flare Blitz|p1a: Save Me
|-supereffective|p1a: Save Me|1
|-damage|p1a: Save Me|0 fnt
|faint|p1a: Save Me
|-damage|p2b: Incineroar|2/100|[from] Recoil
|
|upkeep
|
|t:|1783266397
|switch|p1a: George t. L.|Metagross, L50, shiny|100/100
|turn|4
|
|t:|1783266419
|switch|p2b: Sinistcha|Sinistcha-Masterpiece, L50|100/100
|-heal|p2a: Garchomp|57/100|[from] ability: Hospitality|[of] p2b: Sinistcha
|detailschange|p1a: George t. L.|Metagross-Mega, L50, shiny
|-mega|p1a: George t. L.|Metagross|Metagrossite
|move|p2a: Garchomp|Protect|p2a: Garchomp
|-singleturn|p2a: Garchomp|Protect
|move|p1b: MONEYBALL|Dual Wingbeat|p2b: Sinistcha
|-supereffective|p2b: Sinistcha|1
|-damage|p2b: Sinistcha|71/100
|-supereffective|p2b: Sinistcha|1
|-damage|p2b: Sinistcha|41/100
|-hitcount|p2b: Sinistcha|2
|move|p1a: George t. L.|Ice Punch|p2a: Garchomp
|-activate|p2a: Garchomp|move: Protect
|
|-sideend|p1: 25th_mang|move: Tailwind
|upkeep
|turn|5
|inactive|25th_mang has 30 seconds left.
|inactive|ChimcharBot has 30 seconds left.
|inactive|25th_mang has 20 seconds left.
|inactive|ChimcharBot has 20 seconds left.
|inactive|25th_mang has 15 seconds left.
|
|t:|1783266463
|move|p1b: MONEYBALL|Dual Wingbeat|p2b: Sinistcha
|-supereffective|p2b: Sinistcha|1
|-damage|p2b: Sinistcha|13/100
|-supereffective|p2b: Sinistcha|1
|-damage|p2b: Sinistcha|0 fnt
|faint|p2b: Sinistcha
|-hitcount|p2: Sinistcha|2
|move|p1a: George t. L.|Ice Punch|p2a: Garchomp
|-supereffective|p2a: Garchomp|2
|-damage|p2a: Garchomp|0 fnt
|-damage|p1a: George t. L.|87/100|[from] ability: Rough Skin|[of] p2a: Garchomp
|faint|p2a: Garchomp
|
|upkeep
|
|t:|1783266472
|switch|p2a: Incineroar|Incineroar, L50, F|2/100
|switch|p2b: Floette|Floette-Eternal, L50, F|100/100
|-ability|p2a: Incineroar|Intimidate|boost
|-unboost|p1a: George t. L.|atk|1
|-unboost|p1b: MONEYBALL|atk|1
|turn|6
|
|t:|1783266486
|detailschange|p2b: Floette|Floette-Mega, L50, F
|-mega|p2b: Floette|Floette|Floettite
|-ability|p2b: Floette|Fairy Aura
|move|p1a: George t. L.|Protect|p1a: George t. L.
|-singleturn|p1a: George t. L.|Protect
|move|p2a: Incineroar|Fake Out|p1b: MONEYBALL
|-resisted|p1b: MONEYBALL|1
|-damage|p1b: MONEYBALL|92/100
|cant|p1b: MONEYBALL|flinch
|move|p2b: Floette|Moonblast|p1b: MONEYBALL
|-damage|p1b: MONEYBALL|0 fnt
|faint|p1b: MONEYBALL
|
|upkeep
|turn|7
|
|t:|1783266503
|move|p1a: George t. L.|Iron Head|p2b: Floette
|-supereffective|p2b: Floette|1
|-damage|p2b: Floette|13/100
|move|p2b: Floette|Moonblast|p1a: George t. L.
|-resisted|p1a: George t. L.|1
|-damage|p1a: George t. L.|51/100
|move|p2a: Incineroar|Flare Blitz|p1a: George t. L.
|-supereffective|p1a: George t. L.|1
|-damage|p1a: George t. L.|0 fnt
|faint|p1a: George t. L.
|-damage|p2a: Incineroar|0 fnt|[from] Recoil
|faint|p2a: Incineroar
|
|win|ChimcharBot
|raw|25th_mang's rating: 1242 → 1212(-30 for losing)
|raw|ChimcharBot's rating: 1173 → 1203(+30 for winning)
|l|☆25th_mang
|player|p1|
