|j|☆Maphoo
|j|☆chikondi
|html|Maphoochikondi    
|uhtml|bestof|Game 1 of a best-of-3
|t:|1756927296
|gametype|doubles
|player|p1|Maphoo|169|
|player|p2|chikondi|galacticgruntf|
|gen|9
|tier|[Gen 9] VGC 2025 Reg H (Bo3)
|rule|Species Clause: Limit one of each Pokémon
|rule|Item Clause: Limit 1 of each item
|clearpoke
|poke|p1|Ninetales-Alola, L50, F|
|poke|p1|Dragonite, L50, M|
|poke|p1|Ursaluna, L50, M|
|poke|p1|Sinistcha-Masterpiece, L50|
|poke|p1|Incineroar, L50, M|
|poke|p1|Annihilape, L50, F|
|poke|p2|Primarina, L50, M|
|poke|p2|Gholdengo, L50|
|poke|p2|Incineroar, L50, M|
|poke|p2|Dragonite, L50, F|
|poke|p2|Sneasler, L50, M|
|poke|p2|Rillaboom, L50, M|
|teampreview|4
|showteam|p1|Ninetales-Alola||FocusSash|SnowWarning|Blizzard,IcyWind,Encore,AuroraVeil|||F|||50|,,,,,Ghost]Dragonite||LoadedDice|Multiscale|ScaleShot,Tailwind,Haze,Protect|||M|||50|,,,,,Steel]Ursaluna||FlameOrb|Guts|Facade,Earthquake,HeadlongRush,Protect|||M|||50|,,,,,Ghost]Sinistcha-Masterpiece||SitrusBerry|Hospitality|MatchaGotcha,RagePowder,LifeDew,TrickRoom||||||50|,,,,,Dark]Incineroar||AssaultVest|Intimidate|FlareBlitz,KnockOff,PartingShot,FakeOut|||M|||50|,,,,,Dragon]Annihilape||SafetyGoggles|Defiant|RageFist,CloseCombat,Coaching,FinalGambit|||F|||50|,,,,,Fire
|showteam|p2|Primarina||Leftovers|LiquidVoice|HyperVoice,Moonblast,Protect,CalmMind|||M|||50|,,,,,Fairy]Gholdengo||LifeOrb|GoodasGold|MakeItRain,NastyPlot,ShadowBall,Protect||||||50|,,,,,Flying]Incineroar||RockyHelmet|Intimidate|PartingShot,FakeOut,KnockOff,FlareBlitz|||M|||50|,,,,,Ghost]Dragonite||LoadedDice|Multiscale|ScaleShot,Tailwind,ExtremeSpeed,Protect|||F|||50|,,,,,Fairy]Sneasler||FocusSash|Unburden|DireClaw,CloseCombat,FakeOut,Protect|||M|||50|,,,,,Dark]Rillaboom||MiracleSeed|GrassySurge|GrassyGlide,WoodHammer,Uturn,FakeOut|||M|||50|,,,,,Fire
|
|t:|1756927343
|teamsize|p1|4
|teamsize|p2|4
|start
|switch|p1a: Dragonite|Dragonite, L50, M, shiny|100/100
|switch|p1b: Annihilape|Annihilape, L50, F, shiny|100/100
|switch|p2a: Primarina|Primarina, L50, M|100/100
|switch|p2b: Gholdengo|Gholdengo, L50|100/100
|turn|1
|
|t:|1756927390
|move|p2b: Gholdengo|Protect|p2b: Gholdengo
|-singleturn|p2b: Gholdengo|Protect
|move|p1b: Annihilape|Final Gambit|p2a: Primarina
|-damage|p2a: Primarina|0 fnt
|faint|p1b: Annihilape
|faint|p2a: Primarina
|move|p1a: Dragonite|Tailwind|p1a: Dragonite
|-sidestart|p1: Maphoo|move: Tailwind
|
|upkeep
|
|t:|1756927401
|switch|p1b: Incineroar|Incineroar, L50, M, shiny|100/100
|switch|p2a: Incineroar|Incineroar, L50, M|100/100
|-ability|p1b: Incineroar|Intimidate|boost
|-unboost|p2a: Incineroar|atk|1
|-unboost|p2b: Gholdengo|atk|1
|-ability|p2a: Incineroar|Intimidate|boost
|-unboost|p1a: Dragonite|atk|1
|-unboost|p1b: Incineroar|atk|1
|turn|2
|
|t:|1756927415
|switch|p2b: Dragonite|Dragonite, L50, F|100/100
|move|p2a: Incineroar|Fake Out|p1a: Dragonite
|-damage|p1a: Dragonite|96/100
|cant|p1a: Dragonite|flinch
|move|p1b: Incineroar|Knock Off|p2b: Dragonite
|-damage|p2b: Dragonite|85/100
|-enditem|p2b: Dragonite|Loaded Dice|[from] move: Knock Off|[of] p1b: Incineroar
|
|upkeep
|turn|3
|
|t:|1756927438
|switch|p1b: Ursaluna|Ursaluna, L50, M, shiny|100/100
|-terastallize|p2b: Dragonite|Fairy
|move|p1a: Dragonite|Protect|p1a: Dragonite
|-singleturn|p1a: Dragonite|Protect
|move|p2b: Dragonite|Scale Shot|p1a: Dragonite
|-activate|p1a: Dragonite|move: Protect
|move|p2a: Incineroar|Flare Blitz|p1a: Dragonite
|-activate|p1a: Dragonite|move: Protect
|
|-status|p1b: Ursaluna|brn|[from] item: Flame Orb
|upkeep
|turn|4
|
|t:|1756927475
|move|p2b: Dragonite|Protect|p2b: Dragonite
|-singleturn|p2b: Dragonite|Protect
|move|p1a: Dragonite|Scale Shot|p2a: Incineroar
|-damage|p2a: Incineroar|93/100
|-damage|p2a: Incineroar|84/100
|-damage|p2a: Incineroar|76/100
|-damage|p2a: Incineroar|68/100
|-hitcount|p2a: Incineroar|4
|-unboost|p1a: Dragonite|def|1
|-boost|p1a: Dragonite|spe|1
|move|p1b: Ursaluna|Facade|p2b: Dragonite
|-activate|p2b: Dragonite|move: Protect
|move|p2a: Incineroar|Parting Shot|p1b: Ursaluna
|-unboost|p1b: Ursaluna|atk|1
|-unboost|p1b: Ursaluna|spa|1
|
|t:|1756927485
|switch|p2a: Gholdengo|Gholdengo, L50|100/100|[from] Parting Shot
|
|-damage|p1b: Ursaluna|95/100 brn|[from] brn
|-sideend|p1: Maphoo|move: Tailwind
|upkeep
|turn|5
|
|t:|1756927532
|switch|p1b: Incineroar|Incineroar, L50, M, shiny|100/100
|-ability|p1b: Incineroar|Intimidate|boost
|-unboost|p2a: Gholdengo|atk|1
|-unboost|p2b: Dragonite|atk|1
|-terastallize|p1a: Dragonite|Steel
|move|p1a: Dragonite|Tailwind|p1a: Dragonite
|-sidestart|p1: Maphoo|move: Tailwind
|move|p2b: Dragonite|Scale Shot|p1a: Dragonite|[miss]
|-miss|p2b: Dragonite|p1a: Dragonite
|move|p2a: Gholdengo|Make It Rain|p1b: Incineroar|[spread] p1a,p1b
|-resisted|p1a: Dragonite
|-resisted|p1b: Incineroar
|-damage|p1a: Dragonite|63/100
|-damage|p1b: Incineroar|78/100
|-unboost|p2a: Gholdengo|spa|1
|-damage|p2a: Gholdengo|91/100|[from] item: Life Orb
|
|upkeep
|turn|6
|
|t:|1756927560
|switch|p2a: Incineroar|Incineroar, L50, M|68/100
|-ability|p2a: Incineroar|Intimidate|boost
|-unboost|p1a: Dragonite|atk|1
|-unboost|p1b: Incineroar|atk|1
|move|p1b: Incineroar|Fake Out|p2b: Dragonite
|-damage|p2b: Dragonite|77/100
|move|p1a: Dragonite|Haze|p1a: Dragonite
|-clearallboost
|cant|p2b: Dragonite|flinch
|
|upkeep
|turn|7
|
|t:|1756927577
|switch|p1a: Ursaluna|Ursaluna, L50, M, shiny|95/100 brn
|move|p2a: Incineroar|Fake Out|p1b: Incineroar
|-damage|p1b: Incineroar|70/100
|cant|p1b: Incineroar|flinch
|move|p2b: Dragonite|Tailwind|p2b: Dragonite
|-sidestart|p2: chikondi|move: Tailwind
|
|-damage|p1a: Ursaluna|89/100 brn|[from] brn
|upkeep
|turn|8
|
|t:|1756927609
|switch|p1b: Dragonite|Dragonite, L50, M, shiny, tera:Steel|63/100
|move|p2b: Dragonite|Scale Shot|p1a: Ursaluna
|-damage|p1a: Ursaluna|78/100 brn
|-damage|p1a: Ursaluna|66/100 brn
|-damage|p1a: Ursaluna|55/100 brn
|-hitcount|p1a: Ursaluna|3
|-unboost|p2b: Dragonite|def|1
|-boost|p2b: Dragonite|spe|1
|move|p2a: Incineroar|Flare Blitz|p1a: Ursaluna
|-damage|p1a: Ursaluna|14/100 brn
|-damage|p2a: Incineroar|53/100|[from] Recoil
|move|p1a: Ursaluna|Facade|p2b: Dragonite
|-damage|p2b: Dragonite|0 fnt
|faint|p2b: Dragonite
|
|-damage|p1a: Ursaluna|8/100 brn|[from] brn
|-sideend|p1: Maphoo|move: Tailwind
|upkeep
|
|t:|1756927627
|switch|p2b: Gholdengo|Gholdengo, L50|91/100
|turn|9
|
|t:|1756927645
|move|p1b: Dragonite|Protect|p1b: Dragonite
|-singleturn|p1b: Dragonite|Protect
|move|p2b: Gholdengo|Make It Rain|p1a: Ursaluna|[spread] p1a
|-activate|p1b: Dragonite|move: Protect
|-damage|p1a: Ursaluna|0 fnt
|-unboost|p2b: Gholdengo|spa|1
|faint|p1a: Ursaluna
|-damage|p2b: Gholdengo|81/100|[from] item: Life Orb
|move|p2a: Incineroar|Flare Blitz|p1b: Dragonite
|-activate|p1b: Dragonite|move: Protect
|
|upkeep
|
|t:|1756927658
|switch|p1a: Incineroar|Incineroar, L50, M, shiny|70/100
|-ability|p1a: Incineroar|Intimidate|boost
|-unboost|p2a: Incineroar|atk|1
|-unboost|p2b: Gholdengo|atk|1
|turn|10
|
|t:|1756927690
|move|p1a: Incineroar|Fake Out|p2a: Incineroar
|-damage|p2a: Incineroar|45/100
|-damage|p1a: Incineroar|54/100|[from] item: Rocky Helmet|[of] p2a: Incineroar
|move|p2b: Gholdengo|Nasty Plot|p2b: Gholdengo
|-boost|p2b: Gholdengo|spa|2
|cant|p2a: Incineroar|flinch
|move|p1b: Dragonite|Tailwind|p1b: Dragonite
|-sidestart|p1: Maphoo|move: Tailwind
|
|-sideend|p2: chikondi|move: Tailwind
|upkeep
|turn|11
|
|t:|1756927704
|move|p2b: Gholdengo|Protect|p2b: Gholdengo
|-singleturn|p2b: Gholdengo|Protect
|move|p1b: Dragonite|Scale Shot|p2a: Incineroar
|-damage|p2a: Incineroar|34/100
|-damage|p2a: Incineroar|22/100
|-damage|p2a: Incineroar|10/100
|-damage|p2a: Incineroar|0 fnt
|faint|p2a: Incineroar
|-hitcount|p2: Incineroar|4
|-unboost|p1b: Dragonite|def|1
|-boost|p1b: Dragonite|spe|1
|move|p1a: Incineroar|Flare Blitz|p2b: Gholdengo
|-activate|p2b: Gholdengo|move: Protect
|
|upkeep
|turn|12
|-message|chikondi forfeited.
|
|win|Maphoo
|l|☆chikondi
|player|p2|
||chikondi is ready for game 2.
||Maphoo is ready for game 2.
|uhtml|next|Next: Game 2 of 3
|j|☆chikondi
|player|p2|chikondi|galacticgruntf|
