|j|☆hinoky
|j|☆MDotTest
|html|hinokyMDotTest    
|uhtml|bestof|Game 1 of a best-of-3
|t:|1785758202
|gametype|doubles
|player|p1|hinoky|wattson|1093
|player|p2|MDotTest|steven|1184
|gen|9
|tier|[Gen 9 Champions] VGC 2026 Reg M-B (Bo3)
|rated|
|rule|Species Clause: Limit one of each Pokémon
|rule|Item Clause: Limit 1 of each item
|clearpoke
|poke|p1|Whimsicott, L50, F|
|poke|p1|Basculegion, L50, M|
|poke|p1|Charizard, L50, F|
|poke|p1|Garchomp, L50, F|
|poke|p1|Kingambit, L50, M|
|poke|p1|Floette-Eternal, L50, F|
|poke|p2|Milotic, L50, M|
|poke|p2|Metagross, L50|
|poke|p2|Meowscarada, L50, F|
|poke|p2|Talonflame, L50, F|
|poke|p2|Incineroar, L50, F|
|poke|p2|Garchomp, L50, F|
|teampreview|4
|showteam|p1|Whimsicott||FocusSash|Prankster|Moonblast,Tailwind,Encore,Protect|Timid||F|||50|]Basculegion||MysticWater|Adaptability|Protect,WaveCrash,LastRespects,AquaJet|Adamant||M|||50|]Charizard||CharizarditeY|Blaze|HeatWave,SolarBeam,WeatherBall,Protect|Modest||F|||50|]Garchomp||LifeOrb|RoughSkin|Earthquake,RockSlide,DragonClaw,Protect|Jolly||F|||50|]Kingambit||BlackGlasses|Defiant|SuckerPunch,KowtowCleave,IronHead,Protect|Adamant||M|||50|]Floette-Eternal||Floettite|FlowerVeil|Protect,DazzlingGleam,Moonblast,LightofRuin|Modest||F|||50|
|showteam|p2|Milotic||Leftovers|Competitive|Scald,IceBeam,LifeDew,Protect|Bold||M|||50|]Metagross||Metagrossite|ClearBody|IronHead,Earthquake,PsychicFangs,Protect|Adamant|||||50|]Meowscarada||FocusSash|Protean|FlowerTrick,Protect,LowKick,KnockOff|Jolly||F|||50|]Talonflame||SharpBeak|GaleWings|Tailwind,DualWingbeat,WillOWisp,Protect|Jolly||F|||50|]Incineroar||SitrusBerry|Intimidate|FakeOut,FlareBlitz,ThroatChop,PartingShot|Adamant||F|||50|]Garchomp||LifeOrb|RoughSkin|DragonClaw,RockSlide,Earthquake,Protect|Jolly||F|||50|
|inactive|Battle timer is ON: inactive players will automatically lose when time's up. (requested by MDotTest)
|inactive|hinoky has 60 seconds left.
|inactive|MDotTest has 60 seconds left.
|
|t:|1785758262
|teamsize|p1|4
|teamsize|p2|4
|start
|switch|p1a: Whimsicott|Whimsicott, L50, F|100/100
|switch|p1b: Basculegion|Basculegion, L50, M|100/100
|switch|p2a: Talonflame|Talonflame, L50, F|100/100
|switch|p2b: Garchomp|Garchomp, L50, F|100/100
|turn|1
|inactive|hinoky has 30 seconds left.
|inactive|hinoky has 20 seconds left.
|inactive|MDotTest has 30 seconds left.
|
|t:|1785758306
|switch|p2b: Milotic|Milotic, L50, M|100/100
|move|p2a: Talonflame|Protect|p2a: Talonflame
|-singleturn|p2a: Talonflame|Protect
|move|p1b: Basculegion|Aqua Jet|p2b: Milotic
|-resisted|p2b: Milotic|1
|-damage|p2b: Milotic|87/100
|move|p1a: Whimsicott|Moonblast|p2b: Milotic
|-damage|p2b: Milotic|58/100
|
|-heal|p2b: Milotic|64/100|[from] item: Leftovers
|upkeep
|turn|2
|inactive|hinoky has 30 seconds left.
|inactive|MDotTest has 30 seconds left.
|inactive|hinoky has 20 seconds left.
|
|t:|1785758342
|switch|p2a: Meowscarada|Meowscarada, L50, F|100/100
|switch|p1b: Floette|Floette-Eternal, L50, F|100/100
|move|p1a: Whimsicott|Encore|p2a: Meowscarada
|-hint|Since gen 7, Dark is immune to Prankster moves.
|-immune|p2a: Meowscarada
|move|p2b: Milotic|Ice Beam|p1a: Whimsicott
|-supereffective|p1a: Whimsicott|1
|-damage|p1a: Whimsicott|34/100
|
|-heal|p2b: Milotic|70/100|[from] item: Leftovers
|upkeep
|turn|3
|inactive|hinoky has 30 seconds left.
|inactive|MDotTest has 30 seconds left.
|inactive|MDotTest has 20 seconds left.
|
|t:|1785758383
|switch|p2a: Talonflame|Talonflame, L50, F|100/100
|detailschange|p1b: Floette|Floette-Mega, L50, F
|-mega|p1b: Floette|Floette|Floettite
|-ability|p1b: Floette|Fairy Aura
|move|p1a: Whimsicott|Tailwind|p1a: Whimsicott
|-sidestart|p1: hinoky|move: Tailwind
|move|p1b: Floette|Moonblast|p2b: Milotic
|-damage|p2b: Milotic|16/100
|move|p2b: Milotic|Ice Beam|p1a: Whimsicott
|-supereffective|p1a: Whimsicott|1
|-damage|p1a: Whimsicott|0 fnt
|faint|p1a: Whimsicott
|
|-heal|p2b: Milotic|22/100|[from] item: Leftovers
|upkeep
|
|t:|1785758398
|switch|p1a: Basculegion|Basculegion, L50, M|100/100
|turn|4
|
|t:|1785758408
|move|p2a: Talonflame|Protect|p2a: Talonflame
|-singleturn|p2a: Talonflame|Protect
|move|p2b: Milotic|Protect|p2b: Milotic
|-singleturn|p2b: Milotic|Protect
|move|p1a: Basculegion|Aqua Jet|p2a: Talonflame
|-activate|p2a: Talonflame|move: Protect
|move|p1b: Floette|Dazzling Gleam|p2a: Talonflame|[spread] 
|-activate|p2a: Talonflame|move: Protect
|-activate|p2b: Milotic|move: Protect
|
|-heal|p2b: Milotic|28/100|[from] item: Leftovers
|upkeep
|turn|5
|inactive|hinoky has 30 seconds left.
|inactive|MDotTest has 30 seconds left.
|inactive|hinoky has 20 seconds left.
|
|t:|1785758444
|move|p1a: Basculegion|Aqua Jet|p2a: Talonflame
|-supereffective|p2a: Talonflame|1
|-damage|p2a: Talonflame|0 fnt
|faint|p2a: Talonflame
|move|p1b: Floette|Dazzling Gleam|p2b: Milotic
|-damage|p2b: Milotic|0 fnt
|faint|p2b: Milotic
|
|upkeep
|
|t:|1785758452
|switch|p2a: Meowscarada|Meowscarada, L50, F|100/100
|switch|p2b: Garchomp|Garchomp, L50, F|100/100
|turn|6
|
|t:|1785758473
|switch|p1a: Kingambit|Kingambit, L50, M|100/100
|move|p2b: Garchomp|Protect|p2b: Garchomp
|-singleturn|p2b: Garchomp|Protect
|move|p1b: Floette|Moonblast|p2b: Garchomp
|-activate|p2b: Garchomp|move: Protect
|move|p2a: Meowscarada|Flower Trick|p1a: Kingambit
|-start|p2a: Meowscarada|typechange|Grass|[from] ability: Protean
|-resisted|p1a: Kingambit|1
|-crit|p1a: Kingambit
|-damage|p1a: Kingambit|79/100
|
|-sideend|p1: hinoky|move: Tailwind
|upkeep
|turn|7
|
|t:|1785758495
|move|p2a: Meowscarada|Protect|p2a: Meowscarada
|-singleturn|p2a: Meowscarada|Protect
|move|p1a: Kingambit|Protect|p1a: Kingambit
|-singleturn|p1a: Kingambit|Protect
|move|p2b: Garchomp|Earthquake|p1a: Kingambit|[spread] p1b
|-activate|p2a: Meowscarada|move: Protect
|-activate|p1a: Kingambit|move: Protect
|-damage|p1b: Floette|33/100
|-damage|p2b: Garchomp|90/100|[from] item: Life Orb
|move|p1b: Floette|Dazzling Gleam|p2b: Garchomp|[spread] p2b
|-activate|p2a: Meowscarada|move: Protect
|-supereffective|p2b: Garchomp|1
|-damage|p2b: Garchomp|0 fnt
|faint|p2b: Garchomp
|
|upkeep
|turn|8
|
|t:|1785758516
|move|p2a: Meowscarada|Flower Trick|p1b: Floette
|-crit|p1b: Floette
|-damage|p1b: Floette|0 fnt
|faint|p1b: Floette
|move|p1a: Kingambit|Kowtow Cleave|p2a: Meowscarada
|-damage|p2a: Meowscarada|5/100
|
|upkeep
|
|t:|1785758523
|switch|p1b: Basculegion|Basculegion, L50, M|100/100
|turn|9
|
|t:|1785758528
|move|p1b: Basculegion|Aqua Jet|p2a: Meowscarada
|-resisted|p2a: Meowscarada|1
|-damage|p2a: Meowscarada|0 fnt
|faint|p2a: Meowscarada
|
|win|hinoky
||MDotTest is ready for game 2.
|inactive|hinoky has 30 seconds to confirm battle start!
|inactive|hinoky has 20 seconds to confirm battle start!
||hinoky is ready for game 2.
|uhtml|next|Next: Game 2 of 3
|l|☆MDotTest
|player|p2|
