|j|☆HolgerD
|j|☆ThierryVGC
|html|HolgerDThierryVGC    
|uhtml|bestof|Game 2 of a best-of-3
|t:|1756753547
|gametype|doubles
|player|p1|HolgerD|169|1330
|player|p2|ThierryVGC|2|1233
|gen|9
|tier|[Gen 9] VGC 2025 Reg H (Bo3)
|rated|
|rule|Species Clause: Limit one of each Pokémon
|rule|Item Clause: Limit 1 of each item
|clearpoke
|poke|p1|Maushold, L50|
|poke|p1|Pelipper, L50, M|
|poke|p1|Archaludon, L50, F|
|poke|p1|Ursaluna, L50, F|
|poke|p1|Sinistcha, L50|
|poke|p1|Basculegion, L50, M|
|poke|p2|Tyranitar, L50, F|
|poke|p2|Excadrill, L50, F|
|poke|p2|Kilowattrel, L50, M|
|poke|p2|Indeedee, L50, M|
|poke|p2|Sneasler, L50, F|
|poke|p2|Dragonite, L50, M|
|teampreview|4
|showteam|p1|Maushold||WideLens|Technician|PopulationBomb,FollowMe,Taunt,Protect||||||50|,,,,,Ghost]Pelipper||FocusSash|Drizzle|Hurricane,MuddyWater,Tailwind,Protect|||M|||50|,,,,,Stellar]Archaludon||AssaultVest|Stamina|DragonPulse,ElectroShot,BodyPress,FlashCannon|||F|||50|,,,,,Bug]Ursaluna||FlameOrb|Guts|Facade,HeadlongRush,Earthquake,Protect|||F|||50|,,,,,Ghost]Sinistcha||SitrusBerry|Hospitality|MatchaGotcha,ShadowBall,RagePowder,TrickRoom||||||50|,,,,,Dark]Basculegion||ChoiceBand|SwiftSwim|AquaJet,FlipTurn,LastRespects,WaveCrash|||M|||50|,,,,,Water
|showteam|p2|Tyranitar||AssaultVest|SandStream|RockSlide,KnockOff,TeraBlast,LowKick|||F|||50|,,,,,Flying]Excadrill||FocusSash|SandRush|Protect,HighHorsepower,Earthquake,IronHead|||F|||50|,,,,,Ground]Kilowattrel||CovertCloak|Competitive|Tailwind,Thunderbolt,AirSlash,Discharge|||M|||50|,,,,,Electric]Indeedee||ChoiceScarf|PsychicSurge|TeraBlast,ExpandingForce,Trick,Protect|||M|||50|,,,,,Psychic]Sneasler||PsychicSeed|Unburden|DireClaw,CloseCombat,ThroatChop,Coaching|||F|||50|,,,,,Dark]Dragonite||LoadedDice|Multiscale|ScaleShot,Haze,Tailwind,Protect|||M|||50|,,,,,Fairy
|
|t:|1756753573
|teamsize|p1|4
|teamsize|p2|4
|start
|switch|p1a: Maushold|Maushold, L50|100/100
|switch|p1b: Sinistcha|Sinistcha, L50|100/100
|switch|p2a: Kilowattrel|Kilowattrel, L50, M|100/100
|switch|p2b: Sneasler|Sneasler, L50, F|100/100
|turn|1
|inactive|Battle timer is ON: inactive players will automatically lose when time's up. (requested by HolgerD)
|inactive|HolgerD has 60 seconds left.
|
|t:|1756753605
|move|p1a: Maushold|Follow Me|p1a: Maushold
|-singleturn|p1a: Maushold|move: Follow Me
|move|p2a: Kilowattrel|Air Slash|p1a: Maushold
|-damage|p1a: Maushold|50/100
|move|p2b: Sneasler|Dire Claw|p1a: Maushold
|-damage|p1a: Maushold|0 fnt
|faint|p1a: Maushold
|move|p1b: Sinistcha|Trick Room|p1b: Sinistcha
|-fieldstart|move: Trick Room|[of] p1b: Sinistcha
|
|upkeep
|
|t:|1756753613
|switch|p1a: Ursaluna|Ursaluna, L50, F|100/100
|turn|2
|
|t:|1756753635
|-terastallize|p1a: Ursaluna|Ghost
|move|p1a: Ursaluna|Facade|p2a: Kilowattrel
|-damage|p2a: Kilowattrel|32/100
|move|p1b: Sinistcha|Matcha Gotcha|p2a: Kilowattrel|[spread] p2a,p2b
|-resisted|p2a: Kilowattrel
|-resisted|p2b: Sneasler
|-damage|p2a: Kilowattrel|15/100
|-damage|p2b: Sneasler|85/100
|move|p2b: Sneasler|Dire Claw|p1b: Sinistcha
|-damage|p1b: Sinistcha|56/100
|-status|p1b: Sinistcha|slp
|move|p2a: Kilowattrel|Air Slash|p1b: Sinistcha
|-supereffective|p1b: Sinistcha
|-damage|p1b: Sinistcha|2/100 slp
|-enditem|p1b: Sinistcha|Sitrus Berry|[eat]
|-heal|p1b: Sinistcha|27/100 slp|[from] item: Sitrus Berry
|
|-status|p1a: Ursaluna|brn|[from] item: Flame Orb
|upkeep
|turn|3
|inactive|ThierryVGC has 30 seconds left.
|
|t:|1756753663
|switch|p1b: Pelipper|Pelipper, L50, M|100/100
|-weather|RainDance|[from] ability: Drizzle|[of] p1b: Pelipper
|move|p1a: Ursaluna|Facade|p2b: Sneasler
|-damage|p2b: Sneasler|0 fnt
|faint|p2b: Sneasler
|move|p2a: Kilowattrel|Air Slash|p1a: Ursaluna
|-damage|p1a: Ursaluna|73/100 brn
|
|-weather|RainDance|[upkeep]
|-damage|p1a: Ursaluna|68/100 brn|[from] brn
|upkeep
|
|t:|1756753678
|switch|p2b: Indeedee|Indeedee, L50, M|100/100
|-fieldstart|move: Psychic Terrain|[from] ability: Psychic Surge|[of] p2b: Indeedee
|turn|4
|
|t:|1756753697
|switch|p2b: Tyranitar|Tyranitar, L50, F|100/100
|-weather|Sandstorm|[from] ability: Sand Stream|[of] p2b: Tyranitar
|move|p1a: Ursaluna|Facade|p2b: Tyranitar
|-resisted|p2b: Tyranitar
|-damage|p2b: Tyranitar|54/100
|move|p1b: Pelipper|Muddy Water|p2b: Tyranitar|[spread] p2a,p2b
|-supereffective|p2b: Tyranitar
|-damage|p2a: Kilowattrel|0 fnt
|-damage|p2b: Tyranitar|35/100
|faint|p2a: Kilowattrel
|
|-weather|Sandstorm|[upkeep]
|-damage|p1a: Ursaluna|62/100 brn|[from] Sandstorm
|-damage|p1b: Pelipper|95/100|[from] Sandstorm
|-damage|p1a: Ursaluna|56/100 brn|[from] brn
|upkeep
|
|t:|1756753708
|switch|p2a: Indeedee|Indeedee, L50, M|100/100
|turn|5
|
|t:|1756753727
|-terastallize|p2a: Indeedee|Psychic
|move|p1a: Ursaluna|Protect|p1a: Ursaluna
|-singleturn|p1a: Ursaluna|Protect
|move|p2b: Tyranitar|Rock Slide|p1b: Pelipper|[spread] p1b
|-activate|p1a: Ursaluna|move: Protect
|-supereffective|p1b: Pelipper
|-damage|p1b: Pelipper|13/100
|move|p1b: Pelipper|Tailwind|p1b: Pelipper
|-sidestart|p1: HolgerD|move: Tailwind
|move|p2a: Indeedee|Expanding Force|p1a: Ursaluna|[spread] p1b
|-activate|p1a: Ursaluna|move: Protect
|-damage|p1b: Pelipper|0 fnt
|faint|p1b: Pelipper
|
|-weather|Sandstorm|[upkeep]
|-damage|p1a: Ursaluna|50/100 brn|[from] Sandstorm
|-damage|p2a: Indeedee|95/100|[from] Sandstorm
|-damage|p1a: Ursaluna|44/100 brn|[from] brn
|-fieldend|move: Trick Room
|upkeep
|
|t:|1756753742
|switch|p1b: Sinistcha|Sinistcha, L50|27/100 slp
|-heal|p1a: Ursaluna|69/100 brn|[from] ability: Hospitality|[of] p1b: Sinistcha
|turn|6
|
|t:|1756753755
|move|p2a: Indeedee|Expanding Force|p1b: Sinistcha|[spread] p1a,p1b
|-damage|p1a: Ursaluna|5/100 brn
|-damage|p1b: Sinistcha|0 fnt
|faint|p1b: Sinistcha
|move|p1a: Ursaluna|Earthquake|p2a: Indeedee|[spread] p2a,p2b
|-supereffective|p2b: Tyranitar
|-damage|p2a: Indeedee|0 fnt
|-damage|p2b: Tyranitar|0 fnt
|faint|p2a: Indeedee
|faint|p2b: Tyranitar
|
|win|HolgerD
|raw|HolgerD's rating: 1330 → 1345(+15 for winning)
|raw|ThierryVGC's rating: 1233 → 1215(-18 for losing)
|l|☆ThierryVGC
|player|p2|
