|j|☆YungDungBeetle
|j|☆Frakub
|html|YungDungBeetleFrakub    
|uhtml|bestof|Game 2 of a best-of-3
|t:|1757854759
|gametype|doubles
|player|p1|YungDungBeetle|n|1151
|player|p2|Frakub|acetrainer-gen4dp|1106
|gen|9
|tier|[Gen 9] VGC 2025 Reg H (Bo3)
|rated|
|rule|Species Clause: Limit one of each Pokémon
|rule|Item Clause: Limit 1 of each item
|clearpoke
|poke|p1|Annihilape, L50, F|
|poke|p1|Baxcalibur, L50, M|
|poke|p1|Rillaboom, L50, F|
|poke|p1|Volcarona, L50, M|
|poke|p1|Kingambit, L50, F|
|poke|p1|Dondozo, L50, M|
|poke|p2|Kingambit, L50, F|
|poke|p2|Primarina, L50, F|
|poke|p2|Sneasler, L50, F|
|poke|p2|Magmar, L50, M|
|poke|p2|Rillaboom, L50, F|
|poke|p2|Dragapult, L50, M|
|teampreview|4
|showteam|p1|Annihilape||FocusSash|Defiant|CloseCombat,RageFist,Coaching,FinalGambit|||F|||50|,,,,,Grass]Baxcalibur||LoadedDice|ThermalExchange|Protect,IceShard,ScaleShot,IcicleSpear|||M|||50|,,,,,Ghost]Rillaboom||AssaultVest|GrassySurge|WoodHammer,GrassyGlide,HighHorsepower,FakeOut|||F|||50|,,,,,Water]Volcarona||CovertCloak|FlameBody|QuiverDance,HeatWave,GigaDrain,RagePowder|||M|||50|,,,,,Grass]Kingambit||SafetyGoggles|Defiant|SuckerPunch,KowtowCleave,SwordsDance,Protect|||F|||50|,,,,,Ghost]Dondozo||Leftovers|Unaware|Protect,Yawn,WaveCrash,Fissure|||M|||50|,,,,,Bug
|showteam|p2|Kingambit||BlackGlasses|Defiant|KowtowCleave,SuckerPunch,SwordsDance,Protect|||F|||50|,,,,,Dark]Primarina||SitrusBerry|LiquidVoice|HyperVoice,Moonblast,Haze,Protect|||F|||50|,,,,,Poison]Sneasler||FocusSash|PoisonTouch|CloseCombat,DireClaw,FakeOut,Protect|||F|||50|,,,,,Stellar]Magmar||Eviolite|VitalSpirit|Overheat,Taunt,FollowMe,Protect|||M|||50|,,,,,Ghost]Rillaboom||AssaultVest|GrassySurge|WoodHammer,GrassyGlide,HighHorsepower,FakeOut|||F|||50|,,,,,Fire]Dragapult||ChoiceBand|ClearBody|DragonDarts,PhantomForce,Outrage,Uturn|||M|||50|,,,,,Dragon
|inactive|Battle timer is ON: inactive players will automatically lose when time's up. (requested by Frakub)
|inactive|YungDungBeetle also wants the timer to be on.
|inactive|YungDungBeetle has 60 seconds left.
|
|t:|1757854795
|teamsize|p1|4
|teamsize|p2|4
|start
|switch|p1a: Annihilape|Annihilape, L50, F|100/100
|switch|p1b: Volcarona|Volcarona, L50, M|100/100
|switch|p2a: Primarina|Primarina, L50, F|100/100
|switch|p2b: Sneasler|Sneasler, L50, F|100/100
|turn|1
|
|t:|1757854812
|move|p2a: Primarina|Protect|p2a: Primarina
|-singleturn|p2a: Primarina|Protect
|move|p2b: Sneasler|Dire Claw|p1b: Volcarona
|-crit|p1b: Volcarona
|-damage|p1b: Volcarona|21/100
|move|p1b: Volcarona|Quiver Dance|p1b: Volcarona
|-boost|p1b: Volcarona|spa|1
|-boost|p1b: Volcarona|spd|1
|-boost|p1b: Volcarona|spe|1
|move|p1a: Annihilape|Coaching|p1b: Volcarona
|-boost|p1b: Volcarona|atk|1
|-boost|p1b: Volcarona|def|1
|
|upkeep
|turn|2
|inactive|YungDungBeetle has 30 seconds left.
|
|t:|1757854845
|switch|p2a: Dragapult|Dragapult, L50, M|100/100
|move|p1b: Volcarona|Giga Drain|p2a: Dragapult
|-resisted|p2a: Dragapult
|-damage|p2a: Dragapult|77/100
|-heal|p1b: Volcarona|31/100|[from] drain|[of] p2a: Dragapult
|move|p2b: Sneasler|Dire Claw|p1b: Volcarona
|-damage|p1b: Volcarona|0 fnt
|faint|p1b: Volcarona
|move|p1a: Annihilape|Rage Fist|p2a: Dragapult
|-supereffective|p2a: Dragapult
|-damage|p2a: Dragapult|25/100
|
|upkeep
|
|t:|1757854855
|switch|p1b: Baxcalibur|Baxcalibur, L50, M|100/100
|turn|3
|inactive|Frakub has 30 seconds left.
|inactive|YungDungBeetle has 30 seconds left.
|
|t:|1757854888
|switch|p2a: Primarina|Primarina, L50, F|100/100
|-terastallize|p1b: Baxcalibur|Ghost
|move|p2b: Sneasler|Close Combat|p1b: Baxcalibur
|-immune|p1b: Baxcalibur
|move|p1a: Annihilape|Coaching|p1b: Baxcalibur
|-boost|p1b: Baxcalibur|atk|1
|-boost|p1b: Baxcalibur|def|1
|move|p1b: Baxcalibur|Scale Shot|p2b: Sneasler
|-damage|p2b: Sneasler|62/100
|-damage|p2b: Sneasler|20/100
|-damage|p2b: Sneasler|0 fnt
|faint|p2b: Sneasler
|-hitcount|p2: Sneasler|3
|-unboost|p1b: Baxcalibur|def|1
|-boost|p1b: Baxcalibur|spe|1
|
|upkeep
|
|t:|1757854897
|switch|p2b: Kingambit|Kingambit, L50, F|100/100
|turn|4
|
|t:|1757854906
|-terastallize|p2b: Kingambit|Dark
|move|p1b: Baxcalibur|Protect|p1b: Baxcalibur
|-singleturn|p1b: Baxcalibur|Protect
|move|p2b: Kingambit|Sucker Punch||[still]
|-fail|p2b: Kingambit
|move|p1a: Annihilape|Close Combat|p2b: Kingambit
|-supereffective|p2b: Kingambit
|-damage|p2b: Kingambit|28/100
|-unboost|p1a: Annihilape|def|1
|-unboost|p1a: Annihilape|spd|1
|move|p2a: Primarina|Moonblast|p1a: Annihilape
|-supereffective|p1a: Annihilape
|-enditem|p1a: Annihilape|Focus Sash
|-damage|p1a: Annihilape|1/100
|
|upkeep
|turn|5
|
|t:|1757854930
|move|p2b: Kingambit|Protect|p2b: Kingambit
|-singleturn|p2b: Kingambit|Protect
|move|p1b: Baxcalibur|Ice Shard|p2b: Kingambit
|-activate|p2b: Kingambit|move: Protect
|move|p1a: Annihilape|Coaching|p1b: Baxcalibur
|-boost|p1b: Baxcalibur|atk|1
|-boost|p1b: Baxcalibur|def|1
|move|p2a: Primarina|Hyper Voice|p1a: Annihilape|[spread] p1a,p1b
|-damage|p1a: Annihilape|0 fnt
|-damage|p1b: Baxcalibur|65/100
|faint|p1a: Annihilape
|
|upkeep
|
|t:|1757854933
|switch|p1a: Kingambit|Kingambit, L50, F|100/100
|turn|6
|
|t:|1757854947
|move|p1b: Baxcalibur|Ice Shard|p2b: Kingambit
|-damage|p2b: Kingambit|0 fnt
|faint|p2b: Kingambit
|move|p2a: Primarina|Moonblast|p1a: Kingambit
|-damage|p1a: Kingambit|60/100
|move|p1a: Kingambit|Swords Dance|p1a: Kingambit
|-boost|p1a: Kingambit|atk|2
|
|upkeep
|
|t:|1757854950
|switch|p2b: Dragapult|Dragapult, L50, M|25/100
|turn|7
|
|t:|1757854960
|move|p1a: Kingambit|Sucker Punch|p2b: Dragapult
|-supereffective|p2b: Dragapult
|-damage|p2b: Dragapult|0 fnt
|faint|p2b: Dragapult
|move|p1b: Baxcalibur|Icicle Spear|p2a: Primarina
|-resisted|p2a: Primarina
|-crit|p2a: Primarina
|-damage|p2a: Primarina|78/100
|-resisted|p2a: Primarina
|-damage|p2a: Primarina|63/100
|-resisted|p2a: Primarina
|-damage|p2a: Primarina|48/100
|-enditem|p2a: Primarina|Sitrus Berry|[eat]
|-heal|p2a: Primarina|73/100|[from] item: Sitrus Berry
|-resisted|p2a: Primarina
|-damage|p2a: Primarina|58/100
|-hitcount|p2a: Primarina|4
|move|p2a: Primarina|Moonblast|p1a: Kingambit
|-damage|p1a: Kingambit|22/100
|
|upkeep
|turn|8
|
|t:|1757854973
|move|p1a: Kingambit|Sucker Punch|p2a: Primarina
|-resisted|p2a: Primarina
|-damage|p2a: Primarina|19/100
|move|p1b: Baxcalibur|Icicle Spear|p2a: Primarina
|-resisted|p2a: Primarina
|-damage|p2a: Primarina|4/100
|-resisted|p2a: Primarina
|-damage|p2a: Primarina|0 fnt
|faint|p2a: Primarina
|-hitcount|p2: Primarina|2
|
|win|YungDungBeetle
||Frakub is ready for game 3.
|inactive|YungDungBeetle has 30 seconds to confirm battle start!
|inactive|YungDungBeetle has 20 seconds to confirm battle start!
|inactive|YungDungBeetle has 10 seconds to confirm battle start!
||YungDungBeetle is ready for game 3.
|uhtml|next|Next: Game 3 of 3
