|j|☆milkandcereals
|j|☆amnek
|html|milkandcerealsamnek    
|uhtml|bestof|Game 2 of a best-of-3
|t:|1756654282
|gametype|doubles
|player|p1|milkandcereals|blue|
|player|p2|amnek|101|
|gen|9
|tier|[Gen 9] VGC 2025 Reg H (Bo3)
|rule|Species Clause: Limit one of each Pokémon
|rule|Item Clause: Limit 1 of each item
|clearpoke
|poke|p1|Porygon2, L50|
|poke|p1|Rillaboom, L50, F|
|poke|p1|Ursaluna, L50, F|
|poke|p1|Jumpluff, L50, F|
|poke|p1|Charizard, L50, M|
|poke|p1|Torkoal, L50, F|
|poke|p2|Garchomp, L50, F|
|poke|p2|Gholdengo, L50|
|poke|p2|Sneasler, L50, M|
|poke|p2|Dragonite, L50, M|
|poke|p2|Incineroar, L50, F|
|poke|p2|Whimsicott, L50, F|
|teampreview|4
|showteam|p1|Porygon2||Eviolite|Download|TeraBlast,IceBeam,TrickRoom,Recover||||||50|,,,,,Fighting]Rillaboom||AssaultVest|GrassySurge|FakeOut,GrassyGlide,WoodHammer,HighHorsepower|||F|||50|,,,,,Water]Ursaluna||FlameOrb|Guts|Protect,Facade,Earthquake,HeadlongRush|||F|||50|,,,,,Ghost]Jumpluff||CovertCloak|Chlorophyll|SleepPowder,SunnyDay,Tailwind,RagePowder|||F|||50|,,,,,Fire]Charizard||ChoiceSpecs|SolarPower|HeatWave,Overheat,WeatherBall,DragonPulse|||M|||50|,,,,,Ghost]Torkoal||EjectPack|Drought|Overheat,Eruption,HelpingHand,Protect|||F|||50|,,,,,Fire
|showteam|p2|Garchomp||LifeOrb|RoughSkin|Protect,Earthquake,StompingTantrum,DragonClaw|||F|||50|,,,,,Ground]Gholdengo||ChoiceSpecs|GoodasGold|Thunderbolt,MakeItRain,ShadowBall,Trick||||||50|,,,,,Steel]Sneasler||WhiteHerb|Unburden|FakeOut,Protect,CloseCombat,DireClaw|||M|||50|,,,,,Stellar]Dragonite||ChoiceBand|InnerFocus|Outrage,ExtremeSpeed,IceSpinner,StompingTantrum|||M|||50|,,,,,Normal]Incineroar||AssaultVest|Intimidate|FakeOut,KnockOff,FlareBlitz,Uturn|||F|||50|,,,,,Grass]Whimsicott||FocusSash|Prankster|Protect,Tailwind,Moonblast,Encore|||F|||50|,,,,,Ghost
|inactive|Battle timer is ON: inactive players will automatically lose when time's up. (requested by milkandcereals)
|inactive|milkandcereals has 60 seconds left.
|inactive|amnek has 60 seconds left.
|inactive|milkandcereals has 30 seconds left.
|
|t:|1756654350
|teamsize|p1|4
|teamsize|p2|4
|start
|switch|p1a: Porygon2|Porygon2, L50|100/100
|switch|p1b: Charizard|Charizard, L50, M|100/100
|switch|p2a: Sneasler|Sneasler, L50, M|100/100
|switch|p2b: Whimsicott|Whimsicott, L50, F|100/100
|-ability|p1a: Porygon2|Download|boost
|-boost|p1a: Porygon2|atk|1
|turn|1
|inactive|milkandcereals has 30 seconds left.
|inactive|amnek has 30 seconds left.
|inactive|milkandcereals has 20 seconds left.
|inactive|amnek has 20 seconds left.
|inactive|amnek has 15 seconds left.
|
|t:|1756654394
|switch|p1a: Torkoal|Torkoal, L50, F|100/100
|-weather|SunnyDay|[from] ability: Drought|[of] p1a: Torkoal
|-terastallize|p1b: Charizard|Ghost
|move|p2b: Whimsicott|Moonblast|p1b: Charizard
|-damage|p1b: Charizard|53/100
|move|p2a: Sneasler|Dire Claw|p1b: Charizard
|-resisted|p1b: Charizard
|-damage|p1b: Charizard|21/100
|-status|p1b: Charizard|slp
|cant|p1b: Charizard|slp
|
|-weather|SunnyDay|[upkeep]
|-damage|p1b: Charizard|9/100 slp|[from] ability: Solar Power|[of] p1b: Charizard
|upkeep
|turn|2
|inactive|milkandcereals has 30 seconds left.
|inactive|amnek has 30 seconds left.
|inactive|milkandcereals has 20 seconds left.
|c|☆amnek|srry
|inactive|milkandcereals has 15 seconds left.
|inactive|milkandcereals has 10 seconds left.
|
|t:|1756654440
|-terastallize|p2a: Sneasler|Stellar
|move|p2b: Whimsicott|Moonblast|p1b: Charizard
|-damage|p1b: Charizard|0 fnt
|faint|p1b: Charizard
|move|p2a: Sneasler|Close Combat|p1a: Torkoal
|-damage|p1a: Torkoal|27/100
|-unboost|p2a: Sneasler|def|1
|-unboost|p2a: Sneasler|spd|1
|-enditem|p2a: Sneasler|White Herb
|-clearnegativeboost|p2a: Sneasler|[silent]
|move|p1a: Torkoal|Overheat|p2a: Sneasler
|-damage|p2a: Sneasler|0 fnt
|-unboost|p1a: Torkoal|spa|2
|faint|p2a: Sneasler
|-enditem|p1a: Torkoal|Eject Pack
|
|t:|1756654457
|switch|p1a: Ursaluna|Ursaluna, L50, F|100/100
|
|-weather|SunnyDay|[upkeep]
|-status|p1a: Ursaluna|brn|[from] item: Flame Orb
|upkeep
|c|☆milkandcereals|np tio, cosas de pokemon
|
|t:|1756654469
|switch|p2a: Incineroar|Incineroar, L50, F|100/100
|switch|p1b: Porygon2|Porygon2, L50|100/100
|-ability|p2a: Incineroar|Intimidate|boost
|-unboost|p1a: Ursaluna|atk|1
|-unboost|p1b: Porygon2|atk|1
|-ability|p1b: Porygon2|Download|boost
|-boost|p1b: Porygon2|spa|1
|turn|3
|inactive|milkandcereals has 30 seconds left.
|inactive|amnek has 30 seconds left.
|inactive|milkandcereals has 20 seconds left.
|inactive|amnek has 20 seconds left.
|
|t:|1756654509
|move|p2b: Whimsicott|Moonblast|p1b: Porygon2
|-damage|p1b: Porygon2|80/100
|-unboost|p1b: Porygon2|spa|1
|move|p2a: Incineroar|Knock Off|p1b: Porygon2
|-damage|p1b: Porygon2|53/100
|-enditem|p1b: Porygon2|Eviolite|[from] move: Knock Off|[of] p2a: Incineroar
|move|p1a: Ursaluna|Headlong Rush|p2a: Incineroar
|-supereffective|p2a: Incineroar
|-damage|p2a: Incineroar|0 fnt
|-unboost|p1a: Ursaluna|def|1
|-unboost|p1a: Ursaluna|spd|1
|faint|p2a: Incineroar
|move|p1b: Porygon2|Trick Room|p1b: Porygon2
|-fieldstart|move: Trick Room|[of] p1b: Porygon2
|
|-weather|SunnyDay|[upkeep]
|-damage|p1a: Ursaluna|94/100 brn|[from] brn
|upkeep
|
|t:|1756654520
|switch|p2a: Dragonite|Dragonite, L50, M|100/100
|turn|4
|inactive|milkandcereals has 30 seconds left.
|
|t:|1756654551
|switch|p1b: Torkoal|Torkoal, L50, F|27/100
|move|p1a: Ursaluna|Protect|p1a: Ursaluna
|-singleturn|p1a: Ursaluna|Protect
|move|p2a: Dragonite|Extreme Speed|p1a: Ursaluna
|-activate|p1a: Ursaluna|move: Protect
|move|p2b: Whimsicott|Encore||[still]
|-fail|p2b: Whimsicott
|
|-weather|SunnyDay|[upkeep]
|-damage|p1a: Ursaluna|88/100 brn|[from] brn
|upkeep
|turn|5
|
|t:|1756654573
|switch|p1a: Porygon2|Porygon2, L50|53/100
|-ability|p1a: Porygon2|Download|boost
|-boost|p1a: Porygon2|spa|1
|move|p2a: Dragonite|Extreme Speed|p1b: Torkoal
|-damage|p1b: Torkoal|0 fnt
|faint|p1b: Torkoal
|move|p2b: Whimsicott|Encore||[still]
|-fail|p2b: Whimsicott
|
|-weather|none
|upkeep
|
|t:|1756654581
|switch|p1b: Ursaluna|Ursaluna, L50, F|88/100 brn
|turn|6
|inactive|milkandcereals has 30 seconds left.
|
|t:|1756654609
|move|p2a: Dragonite|Extreme Speed|p1a: Porygon2
|-damage|p1a: Porygon2|8/100
|move|p1a: Porygon2|Ice Beam|p2a: Dragonite
|-supereffective|p2a: Dragonite
|-damage|p2a: Dragonite|0 fnt
|faint|p2a: Dragonite
|move|p1b: Ursaluna|Facade|p2b: Whimsicott
|-enditem|p2b: Whimsicott|Focus Sash
|-damage|p2b: Whimsicott|1/100
|move|p2b: Whimsicott|Moonblast|p1a: Porygon2
|-damage|p1a: Porygon2|0 fnt
|faint|p1a: Porygon2
|
|-damage|p1b: Ursaluna|82/100 brn|[from] brn
|upkeep
|turn|7
|
|t:|1756654622
|move|p2b: Whimsicott|Protect|p2b: Whimsicott
|-singleturn|p2b: Whimsicott|Protect
|move|p1b: Ursaluna|Facade|p2b: Whimsicott
|-activate|p2b: Whimsicott|move: Protect
|
|-damage|p1b: Ursaluna|76/100 brn|[from] brn
|-fieldend|move: Trick Room
|upkeep
|turn|8
|
|t:|1756654625
|move|p2b: Whimsicott|Moonblast|p1b: Ursaluna
|-damage|p1b: Ursaluna|39/100 brn
|move|p1b: Ursaluna|Facade|p2b: Whimsicott
|-damage|p2b: Whimsicott|0 fnt
|faint|p2b: Whimsicott
|
|win|milkandcereals
