|j|☆viatles
|j|☆ULYSSEMAGERANGS
|html|viatlesULYSSEMAGERANGS    
|uhtml|bestof|Game 1 of a best-of-3
|t:|1784657632
|gametype|doubles
|player|p1|viatles|hiker|1148
|player|p2|ULYSSEMAGERANGS|cynthia-gen4|1111
|gen|9
|tier|[Gen 9 Champions] VGC 2026 Reg M-B (Bo3)
|rated|
|rule|Species Clause: Limit one of each Pokémon
|rule|Item Clause: Limit 1 of each item
|clearpoke
|poke|p1|Beedrill, L50, F, shiny|
|poke|p1|Farigiraf, L50, F|
|poke|p1|Palafin, L50, M|
|poke|p1|Sableye, L50, F|
|poke|p1|Archaludon, L50, M|
|poke|p1|Annihilape, L50, M|
|poke|p2|Garchomp, L50, M, shiny|
|poke|p2|Incineroar, L50, M, shiny|
|poke|p2|Metagross, L50, shiny|
|poke|p2|Sylveon, L50, F, shiny|
|poke|p2|Grimmsnarl, L50, M, shiny|
|poke|p2|Charizard, L50, M, shiny|
|teampreview|4
|showteam|p1|Beedrill||Beedrillite|Swarm|Uturn,DrillRun,PoisonJab,Protect|Jolly||F|||50|]Farigiraf||SitrusBerry|ArmorTail|TrickRoom,Thunderbolt,TwinBeam,RainDance|Bold||F|||50|]Palafin||MysticWater|ZerotoHero|JetPunch,WaveCrash,Protect,DrainPunch|Adamant||M|||50|]Sableye||RoseliBerry|Prankster|FakeOut,FoulPlay,RainDance,Quash|Sassy||F|||50|]Archaludon||Leftovers|Stamina|ElectroShot,Protect,DracoMeteor,AuraSphere|Modest||M|||50|]Annihilape||ChoiceScarf|Defiant|Coaching,CloseCombat,RockSlide,PhantomForce|Jolly||M|||50|
|showteam|p2|Garchomp||Garchompite|RoughSkin|DragonClaw,Earthquake,StompingTantrum,RockSlide|Adamant||M|||50|]Incineroar||PasshoBerry|Intimidate|FakeOut,FlareBlitz,DarkestLariat,CloseCombat|Adamant||M|||50|]Metagross||Metagrossite|ClearBody|BodyPress,IronHead,PsychicFangs,ThunderPunch|Jolly|||||50|]Sylveon||LifeOrb|Pixilate|HyperVoice,Moonblast,HyperBeam,Protect|Modest||F|||50|]Grimmsnarl||LightClay|Prankster|LightScreen,Reflect,SpiritBreak,FoulPlay|Careful||M|||50|]Charizard||CharizarditeY|Blaze|Flamethrower,HeatWave,Hurricane,SolarBeam|Modest||M|||50|
|inactive|Battle timer is ON: inactive players will automatically lose when time's up. (requested by ULYSSEMAGERANGS)
|c|☆viatles|gl hf
|c|☆ULYSSEMAGERANGS|thks glhf
|inactive|ULYSSEMAGERANGS has 60 seconds left.
|
|t:|1784657679
|teamsize|p1|4
|teamsize|p2|4
|start
|switch|p1a: Malsumas|Beedrill, L50, F, shiny|100/100
|switch|p1b: Wife's favorite|Palafin, L50, M|100/100
|switch|p2a: Grimmsnarl|Grimmsnarl, L50, M, shiny|100/100
|switch|p2b: Sylveon|Sylveon, L50, F, shiny|100/100
|turn|1
|
|t:|1784657699
|detailschange|p1b: Wife's favorite|Palafin-Hero, L50, M
|switch|p1b: Farigiraf|Farigiraf, L50, F|100/100
|switch|p2b: Incineroar|Incineroar, L50, M, shiny|100/100
|-ability|p2b: Incineroar|Intimidate|boost
|-unboost|p1a: Malsumas|atk|1
|-unboost|p1b: Farigiraf|atk|1
|detailschange|p1a: Malsumas|Beedrill-Mega, L50, F, shiny
|-mega|p1a: Malsumas|Beedrill|Beedrillite
|move|p2a: Grimmsnarl|Reflect|p2a: Grimmsnarl
|-sidestart|p2: ULYSSEMAGERANGS|Reflect
|move|p1a: Malsumas|Poison Jab|p2a: Grimmsnarl
|-supereffective|p2a: Grimmsnarl|1
|-damage|p2a: Grimmsnarl|32/100
|
|upkeep
|turn|2
|
|t:|1784657713
|move|p2a: Grimmsnarl|Light Screen|p2a: Grimmsnarl
|-sidestart|p2: ULYSSEMAGERANGS|move: Light Screen
|move|p1a: Malsumas|U-turn|p2b: Incineroar
|-damage|p2b: Incineroar|74/100
|
|t:|1784657717
|switch|p1a: Wife's favorite|Palafin-Hero, L50, M|100/100|[from] U-turn
|-activate|p1a: Wife's favorite|ability: Zero to Hero
|move|p2b: Incineroar|Darkest Lariat|p1b: Farigiraf
|-supereffective|p1b: Farigiraf|1
|-damage|p1b: Farigiraf|32/100
|-enditem|p1b: Farigiraf|Sitrus Berry|[eat]
|-heal|p1b: Farigiraf|57/100|[from] item: Sitrus Berry
|move|p1b: Farigiraf|Rain Dance|p1b: Farigiraf
|-weather|RainDance
|
|-weather|RainDance|[upkeep]
|upkeep
|turn|3
|
|t:|1784657742
|move|p1a: Wife's favorite|Wave Crash|p2b: Incineroar
|-supereffective|p2b: Incineroar|1
|-enditem|p2b: Incineroar|Passho Berry|[eat]
|-enditem|p2b: Incineroar|Passho Berry|[weaken]
|-damage|p2b: Incineroar|0 fnt
|faint|p2b: Incineroar
|-damage|p1a: Wife's favorite|75/100|[from] Recoil
|move|p1b: Farigiraf|Thunderbolt|p2a: Grimmsnarl
|-damage|p2a: Grimmsnarl|20/100y
|move|p2a: Grimmsnarl|Foul Play|p1a: Wife's favorite
|-damage|p1a: Wife's favorite|23/100
|
|-weather|RainDance|[upkeep]
|upkeep
|
|t:|1784657756
|switch|p2b: Charizard|Charizard, L50, M, shiny|100/100
|turn|4
|inactive|viatles has 30 seconds left.
|
|t:|1784657784
|detailschange|p2b: Charizard|Charizard-Mega-Y, L50, M, shiny
|-mega|p2b: Charizard|Charizard|Charizardite Y
|-weather|SunnyDay|[from] ability: Drought|[of] p2b: Charizard
|move|p1a: Wife's favorite|Jet Punch|p2a: Grimmsnarl
|-damage|p2a: Grimmsnarl|1/100
|move|p2b: Charizard|Heat Wave|p1a: Wife's favorite|[spread] p1a,p1b
|-resisted|p1a: Wife's favorite|1
|-damage|p1a: Wife's favorite|0 fnt
|-damage|p1b: Farigiraf|0 fnt
|faint|p1a: Wife's favorite
|faint|p1b: Farigiraf
|move|p2a: Grimmsnarl|Spirit Break|p1: Wife's favorite|[notarget]
|-fail|p2a: Grimmsnarl
|
|-weather|SunnyDay|[upkeep]
|upkeep
|
|t:|1784657797
|switch|p1a: Archaludon|Archaludon, L50, M|100/100
|switch|p1b: Malsumas|Beedrill-Mega, L50, F, shiny|100/100
|turn|5
|
|t:|1784657807
|move|p1b: Malsumas|Protect|p1b: Malsumas
|-singleturn|p1b: Malsumas|Protect
|move|p2b: Charizard|Heat Wave|p1a: Archaludon|[spread] p1a
|-activate|p1b: Malsumas|move: Protect
|-damage|p1a: Archaludon|32/100
|-ability|p1a: Archaludon|Stamina|boost
|-boost|p1a: Archaludon|def|1
|move|p1a: Archaludon|Aura Sphere|p2b: Charizard
|-resisted|p2b: Charizard|1
|-damage|p2b: Charizard|90/100
|move|p2a: Grimmsnarl|Spirit Break|p1b: Malsumas
|-activate|p1b: Malsumas|move: Protect
|
|-weather|SunnyDay|[upkeep]
|-heal|p1a: Archaludon|39/100|[from] item: Leftovers
|upkeep
|turn|6
|
|t:|1784657828
|move|p1a: Archaludon|Protect|p1a: Archaludon
|-singleturn|p1a: Archaludon|Protect
|move|p1b: Malsumas|Poison Jab|p2b: Charizard
|-damage|p2b: Charizard|28/100
|-status|p2b: Charizard|psn
|move|p2b: Charizard|Heat Wave|p1a: Archaludon|[spread] p1b
|-activate|p1a: Archaludon|move: Protect
|-supereffective|p1b: Malsumas|1
|-damage|p1b: Malsumas|0 fnt
|faint|p1b: Malsumas
|move|p2a: Grimmsnarl|Foul Play|p1a: Archaludon
|-activate|p1a: Archaludon|move: Protect
|
|-weather|SunnyDay|[upkeep]
|-heal|p1a: Archaludon|45/100|[from] item: Leftovers
|-damage|p2b: Charizard|16/100 psn|[from] psn
|upkeep
|turn|7
|
|t:|1784657845
|switch|p2a: Sylveon|Sylveon, L50, F, shiny|100/100
|move|p1a: Archaludon|Protect||[still]
|-fail|p1a: Archaludon
|move|p2b: Charizard|Flamethrower|p1a: Archaludon
|-damage|p1a: Archaludon|0 fnt
|faint|p1a: Archaludon
|
|win|ULYSSEMAGERANGS
