|j|â˜†TaiwanNephrologist
|j|â˜†luckycricket0326
|html|TaiwanNephrologistluckycricket0326    
|uhtml|bestof|Game 2 of a best-of-3
|t:|1786120146
|gametype|doubles
|player|p1|TaiwanNephrologist|101|
|player|p2|luckycricket0326|169|
|gen|9
|tier|[Gen 9 Champions] VGC 2026 Reg M-B (Bo3)
|rule|Species Clause: Limit one of each PokÃ©mon
|rule|Item Clause: Limit 1 of each item
|clearpoke
|poke|p1|Delphox, L50, F, shiny|
|poke|p1|Incineroar, L50, F, shiny|
|poke|p1|Kingambit, L50, F, shiny|
|poke|p1|Sinistcha, L50, shiny|
|poke|p1|Sneasler, L50, F, shiny|
|poke|p1|Blastoise, L50, F, shiny|
|poke|p2|Raichu, L50, F|
|poke|p2|Sinistcha, L50|
|poke|p2|Incineroar, L50, F|
|poke|p2|Sylveon, L50, M|
|poke|p2|Hydreigon, L50, F, shiny|
|poke|p2|Metagross, L50|
|teampreview|4
|showteam|p1|Delphox||Delphoxite|Blaze|HeatWave,Psychic,NastyPlot,Protect|Timid||F|||50|]Incineroar||SitrusBerry|Intimidate|FakeOut,FlareBlitz,HelpingHand,PartingShot|Careful||F|||50|]Kingambit||LifeOrb|Defiant|KowtowCleave,SuckerPunch,SwordsDance,Protect|Adamant||F|||50|]Sinistcha||OccaBerry|Hospitality|MatchaGotcha,RagePowder,TrickRoom,Protect|Bold|||||50|]Sneasler||FocusSash|PoisonTouch|FakeOut,PoisonJab,CloseCombat,QuickGuard|Jolly||F|||50|]Blastoise||Blastoisinite|RainDish|WaterSpout,DarkPulse,ShellSmash,Protect|Modest||F|||50|
|showteam|p2|Raichu||RaichuniteY|LightningRod|FakeOut,ZapCannon,FocusBlast,Protect|Timid||F|||50|]Sinistcha||SitrusBerry|Hospitality|MatchaGotcha,RagePowder,TrickRoom,Protect|Bold|||||50|]Incineroar||ShucaBerry|Intimidate|FlareBlitz,DarkestLariat,PartingShot,FakeOut|Careful||F|||50|]Sylveon||LifeOrb|Pixilate|HyperVoice,HyperBeam,CalmMind,Detect|Modest||M|||50|]Hydreigon||ChoiceScarf|Levitate|DracoMeteor,DarkPulse,EarthPower,Snarl|Modest||F|||50|]Metagross||Metagrossite|ClearBody|HardPress,BodyPress,PsychicFangs,Protect|Adamant|||||50|
|inactive|Battle timer is ON: inactive players will automatically lose when time's up. (requested by TaiwanNephrologist)
|inactive|TaiwanNephrologist has 60 seconds left.
|inactive|TaiwanNephrologist has 30 seconds left.
|
|t:|1786120213
|teamsize|p1|4
|teamsize|p2|4
|start
|switch|p1a: Kingambit|Kingambit, L50, F, shiny|100/100
|switch|p1b: Sinistcha|Sinistcha, L50, shiny|100/100
|switch|p2a: Incineroar|Incineroar, L50, F|100/100
|switch|p2b: Hydreigon|Hydreigon, L50, F, shiny|100/100
|-ability|p2a: Incineroar|Intimidate|boost
|-unboost|p1a: Kingambit|atk|1
|-ability|p1a: Kingambit|Defiant|boost
|-boost|p1a: Kingambit|atk|2
|-unboost|p1b: Sinistcha|atk|1
|turn|1
|inactive|TaiwanNephrologist has 30 seconds left.
|inactive|luckycricket0326 has 30 seconds left.
|inactive|luckycricket0326 has 20 seconds left.
|inactive|luckycricket0326 has 15 seconds left.
|inactive|luckycricket0326 has 10 seconds left.
|inactive|TaiwanNephrologist has 20 seconds left.
|inactive|luckycricket0326 has 5 seconds left.
|inactive|TaiwanNephrologist has 15 seconds left.
|
|t:|1786120271
|move|p1b: Sinistcha|Protect|p1b: Sinistcha
|-singleturn|p1b: Sinistcha|Protect
|move|p1a: Kingambit|Protect|p1a: Kingambit
|-singleturn|p1a: Kingambit|Protect
|move|p2b: Hydreigon|Dark Pulse|p1b: Sinistcha
|-activate|p1b: Sinistcha|move: Protect
|move|p2a: Incineroar|Flare Blitz|p1b: Sinistcha
|-activate|p1b: Sinistcha|move: Protect
|
|upkeep
|turn|2
|
|t:|1786120295
|switch|p1b: Sneasler|Sneasler, L50, F, shiny|100/100
|move|p2b: Hydreigon|Dark Pulse|p1a: Kingambit
|-resisted|p1a: Kingambit|1
|-damage|p1a: Kingambit|77/100
|move|p2a: Incineroar|Flare Blitz|p1a: Kingambit
|-supereffective|p1a: Kingambit|1
|-damage|p1a: Kingambit|4/100
|-damage|p2a: Incineroar|75/100|[from] Recoil
|cant|p1a: Kingambit|flinch
|
|upkeep
|turn|3
|inactive|luckycricket0326 has 30 seconds left.
|
|t:|1786120320
|switch|p2b: Sinistcha|Sinistcha, L50|100/100
|-heal|p2a: Incineroar|100/100|[from] ability: Hospitality|[of] p2b: Sinistcha
|move|p1a: Kingambit|Sucker Punch|p2a: Incineroar
|-resisted|p2a: Incineroar|1
|-damage|p2a: Incineroar|63/100
|-damage|p1a: Kingambit|0 fnt|[from] item: Life Orb
|faint|p1a: Kingambit
|move|p1b: Sneasler|Close Combat|p2b: Sinistcha
|-immune|p2b: Sinistcha
|move|p2a: Incineroar|Flare Blitz|p1b: Sneasler
|-damage|p1b: Sneasler|22/100
|-damage|p2a: Incineroar|43/100|[from] Recoil
|
|upkeep
|
|t:|1786120335
|switch|p1a: Delphox|Delphox, L50, F, shiny|100/100
|turn|4
|inactive|luckycricket0326 has 30 seconds left.
|inactive|luckycricket0326 has 20 seconds left.
|inactive|luckycricket0326 has 15 seconds left.
|inactive|luckycricket0326 has 10 seconds left.
|
|t:|1786120381
|switch|p1b: Sinistcha|Sinistcha, L50, shiny|100/100
|detailschange|p1a: Delphox|Delphox-Mega, L50, F, shiny
|-mega|p1a: Delphox|Delphox|Delphoxite
|move|p1a: Delphox|Nasty Plot|p1a: Delphox
|-boost|p1a: Delphox|spa|2
|move|p2a: Incineroar|Darkest Lariat|p1b: Sinistcha
|-supereffective|p1b: Sinistcha|1
|-damage|p1b: Sinistcha|44/100
|move|p2b: Sinistcha|Trick Room|p2b: Sinistcha
|-fieldstart|move: Trick Room|[of] p2b: Sinistcha
|
|upkeep
|turn|5
|inactive|TaiwanNephrologist has 30 seconds left.
|
|t:|1786120416
|move|p1b: Sinistcha|Protect|p1b: Sinistcha
|-singleturn|p1b: Sinistcha|Protect
|move|p2b: Sinistcha|Protect|p2b: Sinistcha
|-singleturn|p2b: Sinistcha|Protect
|move|p1a: Delphox|Protect|p1a: Delphox
|-singleturn|p1a: Delphox|Protect
|move|p2a: Incineroar|Darkest Lariat|p1b: Sinistcha
|-activate|p1b: Sinistcha|move: Protect
|
|upkeep
|turn|6
|
|t:|1786120435
|switch|p2b: Hydreigon|Hydreigon, L50, F, shiny|100/100
|move|p1b: Sinistcha|Rage Powder|p1b: Sinistcha
|-singleturn|p1b: Sinistcha|move: Rage Powder
|move|p2a: Incineroar|Darkest Lariat|p1b: Sinistcha
|-supereffective|p1b: Sinistcha|1
|-crit|p1b: Sinistcha
|-damage|p1b: Sinistcha|0 fnt
|faint|p1b: Sinistcha
|move|p1a: Delphox|Heat Wave|p2a: Incineroar|[spread] p2a,p2b
|-resisted|p2a: Incineroar|1
|-resisted|p2b: Hydreigon|1
|-damage|p2a: Incineroar|12/100
|-damage|p2b: Hydreigon|51/100
|
|upkeep
|
|t:|1786120447
|switch|p1b: Sneasler|Sneasler, L50, F, shiny|22/100
|turn|7
|
|t:|1786120460
|switch|p2a: Sinistcha|Sinistcha, L50|100/100
|-heal|p2b: Hydreigon|76/100|[from] ability: Hospitality|[of] p2a: Sinistcha
|move|p1b: Sneasler|Fake Out|p2b: Hydreigon
|-damage|p2b: Hydreigon|59/100
|move|p1a: Delphox|Heat Wave|p2a: Sinistcha|[spread] p2a,p2b
|-supereffective|p2a: Sinistcha|1
|-resisted|p2b: Hydreigon|1
|-crit|p2b: Hydreigon
|-damage|p2a: Sinistcha|0 fnt
|-damage|p2b: Hydreigon|0 fnt
|faint|p2a: Sinistcha
|faint|p2b: Hydreigon
|
|upkeep
|c|â˜†TaiwanNephrologist|SOR
|
|t:|1786120472
|switch|p2a: Raichu|Raichu, L50, F|100/100
|switch|p2b: Incineroar|Incineroar, L50, F|12/100
|-ability|p2b: Incineroar|Intimidate|boost
|-unboost|p1a: Delphox|atk|1
|-unboost|p1b: Sneasler|atk|1
|turn|8
|inactive|luckycricket0326 has 30 seconds left.
|inactive|luckycricket0326 has 20 seconds left.
|inactive|luckycricket0326 has 15 seconds left.
|inactive|luckycricket0326 has 10 seconds left.
|
|t:|1786120518
|detailschange|p2a: Raichu|Raichu-Mega-Y, L50, F
|-mega|p2a: Raichu|Raichu|Raichunite Y
|move|p1a: Delphox|Protect|p1a: Delphox
|-singleturn|p1a: Delphox|Protect
|move|p2b: Incineroar|Fake Out|p1a: Delphox
|-activate|p1a: Delphox|move: Protect
|move|p1b: Sneasler|Close Combat|p2a: Raichu
|-damage|p2a: Raichu|41/100
|-unboost|p1b: Sneasler|def|1
|-unboost|p1b: Sneasler|spd|1
|-status|p2a: Raichu|psn|[from] ability: Poison Touch|[of] p1b: Sneasler
|move|p2a: Raichu|Zap Cannon|p1b: Sneasler
|-damage|p1b: Sneasler|0 fnt
|faint|p1b: Sneasler
|
|-damage|p2a: Raichu|29/100 psn|[from] psn
|-fieldend|move: Trick Room
|upkeep
|turn|9
|
|t:|1786120539
|move|p1a: Delphox|Heat Wave|p2a: Raichu|[spread] p2a,p2b
|-resisted|p2b: Incineroar|1
|-damage|p2a: Raichu|0 fnt
|-damage|p2b: Incineroar|0 fnt
|faint|p2a: Raichu
|faint|p2b: Incineroar
|
|win|TaiwanNephrologist
|l|â˜†luckycricket0326
|player|p2|
|l|â˜†TaiwanNephrologist
|player|p1|
|j|â˜†TaiwanNephrologist
|player|p1|TaiwanNephrologist|101|
