|j|☆rurik2
|j|☆pom123123123
|html|rurik2pom123123123    
|uhtml|bestof|Game 2 of a best-of-3
|t:|1783587513
|gametype|doubles
|player|p1|rurik2|hugh|1092
|player|p2|pom123123123|wattson|1206
|gen|9
|tier|[Gen 9 Champions] VGC 2026 Reg M-B (Bo3)
|rated|
|rule|Species Clause: Limit one of each Pokémon
|rule|Item Clause: Limit 1 of each item
|clearpoke
|poke|p1|Farigiraf, L50, F|
|poke|p1|Torkoal, L50, F|
|poke|p1|Armarouge, L50, F|
|poke|p1|Vileplume, L50, F|
|poke|p1|Basculegion, L50, M|
|poke|p1|Gardevoir, L50, F|
|poke|p2|Metagross, L50|
|poke|p2|Sinistcha, L50|
|poke|p2|Incineroar, L50, F|
|poke|p2|Rotom-Wash, L50|
|poke|p2|Pelipper, L50, F|
|poke|p2|Swampert, L50, M|
|teampreview|4
|showteam|p1|Farigiraf||ColburBerry|ArmorTail|ExpandingForce,TrickRoom,PsychicTerrain,SunnyDay|Sassy||F|||50|]Torkoal||Charcoal|Drought|Eruption,WeatherBall,Protect,EarthPower|Quiet||F|||50|]Armarouge||LifeOrb|FlashFire|ExpandingForce,MysticalFire,TrickRoom,WideGuard|Quiet||F|||50|]Vileplume||FocusSash|Chlorophyll|SleepPowder,SolarBeam,SludgeBomb,Protect|Timid||F|||50|]Basculegion||ChoiceScarf|Adaptability|WaveCrash,FlipTurn,LastRespects,AquaJet|Jolly||M|||50|]Gardevoir||Gardevoirite|Trace|HyperVoice,TrickRoom,ExpandingForce,Protect|Quiet||F|||50|
|showteam|p2|Metagross||Metagrossite|ClearBody|IronHead,BodyPress,IronDefense,Protect|Impish|||||50|]Sinistcha||KasibBerry|Hospitality|MatchaGotcha,RagePowder,ShadowBall,Protect|Quiet|||||50|]Incineroar||ShucaBerry|Intimidate|FlareBlitz,DarkestLariat,PartingShot,FakeOut|Impish||F|||50|]Rotom-Wash||ChoiceScarf|Levitate|Thunder,HydroPump,Electroweb,VoltSwitch|Timid|||||50|]Pelipper||FocusSash|Drizzle|WeatherBall,Hurricane,Tailwind,Protect|Modest||F|||50|]Swampert||Swampertite|Torrent|Earthquake,WaveCrash,IcePunch,Protect|Adamant||M|||50|
|inactive|Battle timer is ON: inactive players will automatically lose when time's up. (requested by pom123123123)
|
|t:|1783587528
|teamsize|p1|4
|teamsize|p2|4
|start
|switch|p1a: Farigiraf|Farigiraf, L50, F|100/100
|switch|p1b: Armarouge|Armarouge, L50, F|100/100
|switch|p2a: Rotom|Rotom-Wash, L50|100/100
|switch|p2b: Sashimi|Swampert, L50, M|100/100
|turn|1
|inactive|pom123123123 has 30 seconds left.
|
|t:|1783587561
|detailschange|p2b: Sashimi|Swampert-Mega, L50, M
|-mega|p2b: Sashimi|Swampert|Swampertite
|move|p2a: Rotom|Volt Switch|p1a: Farigiraf
|-damage|p1a: Farigiraf|73/100
|
|t:|1783587565
|switch|p2a: Lawine|Pelipper, L50, F|100/100|[from] Volt Switch
|-weather|RainDance|[from] ability: Drizzle|[of] p2a: Lawine
|move|p2b: Sashimi|Wave Crash|p1a: Farigiraf
|-damage|p1a: Farigiraf|0 fnt
|faint|p1a: Farigiraf
|-damage|p2b: Sashimi|70/100|[from] Recoil
|move|p1b: Armarouge|Trick Room|p1b: Armarouge
|-fieldstart|move: Trick Room|[of] p1b: Armarouge
|
|-weather|RainDance|[upkeep]
|upkeep
|
|t:|1783587580
|switch|p1a: Gardevoir|Gardevoir, L50, F|100/100
|-ability|p1a: Gardevoir|Swift Swim|Trace|[from] ability: Trace|[of] p2b: Sashimi
|turn|2
|
|t:|1783587596
|switch|p2a: Miso|Incineroar, L50, F|100/100
|-ability|p2a: Miso|Intimidate|boost
|-unboost|p1a: Gardevoir|atk|1
|-unboost|p1b: Armarouge|atk|1
|detailschange|p1a: Gardevoir|Gardevoir-Mega, L50, F
|-mega|p1a: Gardevoir|Gardevoir|Gardevoirite
|move|p2b: Sashimi|Protect|p2b: Sashimi
|-singleturn|p2b: Sashimi|Protect
|move|p1b: Armarouge|Mystical Fire|p2a: Miso
|-resisted|p2a: Miso|1
|-damage|p2a: Miso|89/100
|-unboost|p2a: Miso|spa|1
|-damage|p1b: Armarouge|90/100|[from] item: Life Orb
|move|p1a: Gardevoir|Hyper Voice|p2a: Miso|[spread] p2a
|-activate|p2b: Sashimi|move: Protect
|-damage|p2a: Miso|39/100
|
|-weather|RainDance|[upkeep]
|upkeep
|turn|3
|inactive|rurik2 has 30 seconds left.
|
|t:|1783587625
|switch|p1b: Torkoal|Torkoal, L50, F|100/100
|-weather|SunnyDay|[from] ability: Drought|[of] p1b: Torkoal
|move|p1a: Gardevoir|Protect|p1a: Gardevoir
|-singleturn|p1a: Gardevoir|Protect
|move|p2a: Miso|Fake Out|p1a: Gardevoir
|-activate|p1a: Gardevoir|move: Protect
|move|p2b: Sashimi|Wave Crash|p1b: Torkoal
|-supereffective|p1b: Torkoal|1
|-damage|p1b: Torkoal|45/100
|-damage|p2b: Sashimi|53/100|[from] Recoil
|
|-weather|SunnyDay|[upkeep]
|upkeep
|turn|4
|
|t:|1783587643
|switch|p1b: Armarouge|Armarouge, L50, F|90/100
|move|p2b: Sashimi|Protect|p2b: Sashimi
|-singleturn|p2b: Sashimi|Protect
|move|p2a: Miso|Flare Blitz|p1a: Gardevoir
|-damage|p1a: Gardevoir|1/100
|-damage|p2a: Miso|10/100|[from] Recoil
|move|p1a: Gardevoir|Hyper Voice|p2a: Miso|[spread] p2a
|-activate|p2b: Sashimi|move: Protect
|-damage|p2a: Miso|0 fnt
|faint|p2a: Miso
|
|-weather|SunnyDay|[upkeep]
|upkeep
|
|t:|1783587659
|switch|p2a: Lawine|Pelipper, L50, F|100/100
|-weather|RainDance|[from] ability: Drizzle|[of] p2a: Lawine
|turn|5
|
|t:|1783587668
|switch|p2b: Rotom|Rotom-Wash, L50|100/100
|move|p2a: Lawine|Protect|p2a: Lawine
|-singleturn|p2a: Lawine|Protect
|move|p1b: Armarouge|Trick Room|p1b: Armarouge
|-fieldend|move: Trick Room
|move|p1a: Gardevoir|Trick Room|p1a: Gardevoir
|-fieldstart|move: Trick Room|[of] p1a: Gardevoir
|
|-weather|RainDance|[upkeep]
|upkeep
|turn|6
|inactive|pom123123123 has 30 seconds left.
|
|t:|1783587703
|move|p1b: Armarouge|Expanding Force|p2a: Lawine
|-enditem|p2a: Lawine|Focus Sash
|-damage|p2a: Lawine|1/100
|-damage|p1b: Armarouge|80/100|[from] item: Life Orb
|move|p1a: Gardevoir|Hyper Voice|p2b: Rotom|[spread] p2a,p2b
|-damage|p2a: Lawine|0 fnt
|-damage|p2b: Rotom|27/100
|faint|p2a: Lawine
|move|p2b: Rotom|Hydro Pump|p1b: Armarouge|[miss]
|-miss|p2b: Rotom|p1b: Armarouge
|
|-weather|RainDance|[upkeep]
|upkeep
|-message|pom123123123 forfeited.
|
|win|rurik2
|l|☆pom123123123
|player|p2|
||pom123123123 is ready for game 3.
||pom123123123 is ready for game 3.
