|j|☆Bellsproutfanwill
|j|☆helio list
|html|Bellsproutfanwillhelio list    
|uhtml|bestof|Game 1 of a best-of-3
|t:|1757170291
|gametype|doubles
|player|p1|Bellsproutfanwill|170|1323
|player|p2|helio list|pokemonbreederf|1338
|gen|9
|tier|[Gen 9] VGC 2025 Reg H (Bo3)
|rated|
|rule|Species Clause: Limit one of each Pokémon
|rule|Item Clause: Limit 1 of each item
|clearpoke
|poke|p1|Torkoal, L50, F|
|poke|p1|Oranguru, L50, M|
|poke|p1|Hariyama, L50, M|
|poke|p1|Sinistcha, L50|
|poke|p1|Annihilape, L50, M|
|poke|p1|Ursaluna-Bloodmoon, L50, M|
|poke|p2|Rillaboom, L50, F|
|poke|p2|Tatsugiri, L50, F|
|poke|p2|Dondozo, L50, F|
|poke|p2|Ninetales-Alola, L50, F|
|poke|p2|Arcanine-Hisui, L50, M|
|poke|p2|Annihilape, L50, F|
|teampreview|4
|showteam|p1|Torkoal||Charcoal|Drought|Eruption,HeatWave,BodyPress,Protect|||F|||50|,,,,,Fire]Oranguru||MentalHerb|InnerFocus|Instruct,TrickRoom,Encore,Taunt|||M|||50|,,,,,Fairy]Hariyama||FlameOrb|Guts|DrainPunch,ThunderPunch,BulkUp,FakeOut|||M|||50|,,,,,Electric]Sinistcha||FocusSash|Hospitality|MatchaGotcha,ShadowBall,RagePowder,TrickRoom||||||50|,,,,,Normal]Annihilape||ChoiceScarf|Defiant|RageFist,Uturn,FinalGambit,Taunt|||M|||50|,,,,,Grass]Ursaluna-Bloodmoon||ThroatSpray|MindsEye|HyperVoice,EarthPower,BloodMoon,Protect|||M|||50|,,,,,Ghost
|showteam|p2|Rillaboom||AssaultVest|GrassySurge|FakeOut,WoodHammer,GrassyGlide,HighHorsepower|||F|||50|,,,,,Water]Tatsugiri||ChoiceScarf|Commander|MuddyWater,IcyWind,DracoMeteor,DragonPulse|||F|||50|,,,,,Stellar]Dondozo||Leftovers|Unaware|OrderUp,Protect,Yawn,WaveCrash|||F|||50|,,,,,Steel]Ninetales-Alola||ChoiceSpecs|SnowWarning|Blizzard,TeraBlast,FreezeDry,Moonblast|||F|||50|,,,,,Water]Arcanine-Hisui||ChoiceBand|Intimidate|ExtremeSpeed,FlareBlitz,RockSlide,HeadSmash|||M|||50|,,,,,Normal]Annihilape||SafetyGoggles|Defiant|CloseCombat,RageFist,BulkUp,Protect|||F|||50|,,,,,Fire
|inactive|Battle timer is ON: inactive players will automatically lose when time's up. (requested by helio list)
|j| Albrtix
|inactive|Bellsproutfanwill has 60 seconds left.
|inactive|helio list has 60 seconds left.
|
|t:|1757170347
|teamsize|p1|4
|teamsize|p2|4
|start
|switch|p1a: Oranguru|Oranguru, L50, M|100/100
|switch|p1b: Annihilape|Annihilape, L50, M|100/100
|switch|p2a: Arcanine|Arcanine-Hisui, L50, M|100/100
|switch|p2b: Kiki|Ninetales-Alola, L50, F|100/100
|-weather|Snowscape|[from] ability: Snow Warning|[of] p2b: Kiki
|-ability|p2a: Arcanine|Intimidate|boost
|-fail|p1a: Oranguru|unboost|Attack|[from] ability: Inner Focus|[of] p1a: Oranguru
|-unboost|p1b: Annihilape|atk|1
|-ability|p1b: Annihilape|Defiant|boost
|-boost|p1b: Annihilape|atk|2
|turn|1
|
|t:|1757170370
|-terastallize|p2a: Arcanine|Normal
|move|p2a: Arcanine|Extreme Speed|p1a: Oranguru
|-damage|p1a: Oranguru|50/100
|move|p1b: Annihilape|Final Gambit|p2b: Kiki
|-damage|p2b: Kiki|0 fnt
|faint|p1b: Annihilape
|faint|p2b: Kiki
|move|p1a: Oranguru|Trick Room|p1a: Oranguru
|-fieldstart|move: Trick Room|[of] p1a: Oranguru
|
|-weather|Snowscape|[upkeep]
|upkeep
|
|t:|1757170381
|switch|p1b: Torkoal|Torkoal, L50, F|100/100
|switch|p2b: Howl's Castle|Dondozo, L50, F|100/100
|-weather|SunnyDay|[from] ability: Drought|[of] p1b: Torkoal
|turn|2
|
|t:|1757170390
|switch|p2a: Calcifer|Tatsugiri, L50, F|100/100
|-activate|p2a: Calcifer|ability: Commander|[of] p2b: Howl's Castle
|-boost|p2b: Howl's Castle|atk|2
|-boost|p2b: Howl's Castle|spa|2
|-boost|p2b: Howl's Castle|spe|2
|-boost|p2b: Howl's Castle|def|2
|-boost|p2b: Howl's Castle|spd|2
|-terastallize|p1b: Torkoal|Fire
|move|p1b: Torkoal|Eruption|p2b: Howl's Castle|[spread] p2b
|-miss|p1b: Torkoal|p2a: Calcifer
|-resisted|p2b: Howl's Castle
|-crit|p2b: Howl's Castle
|-damage|p2b: Howl's Castle|30/100
|move|p1a: Oranguru|Instruct|p1b: Torkoal
|-singleturn|p1b: Torkoal|move: Instruct|[of] p1a: Oranguru
|move|p1b: Torkoal|Eruption|p2a: Calcifer|[spread] p2b
|-miss|p1b: Torkoal|p2a: Calcifer
|-resisted|p2b: Howl's Castle
|-damage|p2b: Howl's Castle|7/100
|move|p2b: Howl's Castle|Order Up|p1a: Oranguru
|-damage|p1a: Oranguru|6/100
|-boost|p2b: Howl's Castle|atk|1
|
|-weather|SunnyDay|[upkeep]
|-heal|p2b: Howl's Castle|13/100|[from] item: Leftovers
|upkeep
|turn|3
|inactive|Bellsproutfanwill has 30 seconds left.
|
|t:|1757170419
|move|p2b: Howl's Castle|Protect|p2b: Howl's Castle
|-singleturn|p2b: Howl's Castle|Protect
|move|p1b: Torkoal|Eruption|p2b: Howl's Castle|[spread] 
|-miss|p1b: Torkoal|p2a: Calcifer
|-activate|p2b: Howl's Castle|move: Protect
|move|p1a: Oranguru|Taunt|p2b: Howl's Castle
|-activate|p2b: Howl's Castle|move: Protect
|
|-weather|SunnyDay|[upkeep]
|-heal|p2b: Howl's Castle|19/100|[from] item: Leftovers
|upkeep
|turn|4
|
|t:|1757170433
|move|p2b: Howl's Castle|Protect||[still]
|-fail|p2b: Howl's Castle
|move|p1b: Torkoal|Eruption|p2a: Calcifer|[spread] p2b
|-miss|p1b: Torkoal|p2a: Calcifer
|-resisted|p2b: Howl's Castle
|-damage|p2b: Howl's Castle|0 fnt
|faint|p2b: Howl's Castle
|move|p1a: Oranguru|Instruct|p1b: Torkoal
|-singleturn|p1b: Torkoal|move: Instruct|[of] p1a: Oranguru
|move|p1b: Torkoal|Eruption|p2a: Calcifer
|-resisted|p2a: Calcifer
|-damage|p2a: Calcifer|48/100
|
|-weather|SunnyDay|[upkeep]
|upkeep
|
|t:|1757170435
|switch|p2b: Arcanine|Arcanine-Hisui, L50, M, tera:Normal|100/100
|-ability|p2b: Arcanine|Intimidate|boost
|-fail|p1a: Oranguru|unboost|Attack|[from] ability: Inner Focus|[of] p1a: Oranguru
|-unboost|p1b: Torkoal|atk|1
|turn|5
|
|t:|1757170457
|move|p2b: Arcanine|Extreme Speed|p1b: Torkoal
|-damage|p1b: Torkoal|58/100
|move|p1b: Torkoal|Heat Wave|p2a: Calcifer|[spread] p2a,p2b
|-resisted|p2a: Calcifer
|-damage|p2a: Calcifer|24/100
|-damage|p2b: Arcanine|16/100
|move|p1a: Oranguru|Instruct|p1b: Torkoal
|-singleturn|p1b: Torkoal|move: Instruct|[of] p1a: Oranguru
|move|p1b: Torkoal|Heat Wave|p2a: Calcifer|[spread] p2a,p2b
|-resisted|p2a: Calcifer
|-damage|p2a: Calcifer|0 fnt
|-damage|p2b: Arcanine|0 fnt
|faint|p2a: Calcifer
|faint|p2b: Arcanine
|
|win|Bellsproutfanwill
||helio list is ready for game 2.
|inactive|Bellsproutfanwill has 30 seconds to confirm battle start!
||Bellsproutfanwill is ready for game 2.
|uhtml|next|Next: Game 2 of 3
|l|☆helio list
|player|p2|
|l|☆Bellsproutfanwill
|player|p1|
