|j|☆thich an hanh
|j|☆raksbachtesting2
|html|thich an hanhraksbachtesting2    
|uhtml|bestof|Game 3 of a best-of-3
|t:|1785327259
|gametype|doubles
|player|p1|thich an hanh|102|1050
|player|p2|raksbachtesting2|doubleteam|1137
|gen|9
|tier|[Gen 9 Champions] VGC 2026 Reg M-B (Bo3)
|rated|
|rule|Species Clause: Limit one of each Pokémon
|rule|Item Clause: Limit 1 of each item
|clearpoke
|poke|p1|Sylveon, L50, F|
|poke|p1|Torkoal, L50, F|
|poke|p1|Oranguru, L50, F|
|poke|p1|Maushold, L50|
|poke|p1|Raichu, L50, M|
|poke|p1|Machamp, L50, F|
|poke|p2|Sinistcha, L50|
|poke|p2|Garchomp, L50, F, shiny|
|poke|p2|Sneasler, L50, M, shiny|
|poke|p2|Floette-Eternal, L50, F|
|poke|p2|Incineroar, L50, F, shiny|
|poke|p2|Kingambit, L50, F, shiny|
|teampreview|4
|showteam|p1|Sylveon||FairyFeather|Pixilate|Detect,HyperVoice,Moonblast,Psychic|Quiet||F|||50|]Torkoal||Charcoal|Drought|Eruption,WeatherBall,SolarBeam,Protect|Quiet||F|||50|]Oranguru||MentalHerb|InnerFocus|TrickRoom,Instruct,Encore,Protect|Relaxed||F|||50|]Maushold||FocusSash|FriendGuard|PopulationBomb,AfterYou,Protect,Uturn|Jolly|||||50|]Raichu||RaichuniteX|LightningRod|Thunderbolt,VoltSwitch,FakeOut,Protect|Hasty||M|||50|]Machamp||WhiteHerb|NoGuard|DynamicPunch,StoneEdge,KnockOff,Protect|Adamant||F|||50|
|showteam|p2|Sinistcha||SitrusBerry|Hospitality|MatchaGotcha,RagePowder,Protect,TrickRoom|Bold|||||50|]Garchomp||Garchompite|RoughSkin|StompingTantrum,Earthquake,RockSlide,Protect|Adamant||F|||50|]Sneasler||FocusSash|Unburden|CloseCombat,DireClaw,FakeOut,Coaching|Jolly||M|||50|]Floette-Eternal||Floettite|FlowerVeil|DazzlingGleam,DrainingKiss,CalmMind,Protect|Timid||F|||50|]Incineroar||Leftovers|Intimidate|FakeOut,FlareBlitz,PartingShot,HelpingHand|Sassy||F|||50|]Kingambit||ChopleBerry|Defiant|KowtowCleave,SuckerPunch,IronHead,Protect|Adamant||F|||50|
|inactive|Battle timer is ON: inactive players will automatically lose when time's up. (requested by raksbachtesting2)
|
|t:|1785327284
|teamsize|p1|4
|teamsize|p2|4
|start
|switch|p1a: Maushold|Maushold, L50|100/100
|switch|p1b: Oranguru|Oranguru, L50, F|100/100
|switch|p2a: Kingambit|Kingambit, L50, F, shiny|100/100
|switch|p2b: Garchomp|Garchomp, L50, F, shiny|100/100
|turn|1
|inactive|thich an hanh has 30 seconds left.
|inactive|thich an hanh has 20 seconds left.
|inactive|thich an hanh has 15 seconds left.
|
|t:|1785327324
|detailschange|p2b: Garchomp|Garchomp-Mega, L50, F, shiny
|-mega|p2b: Garchomp|Garchomp|Garchompite
|move|p1a: Maushold|Protect|p1a: Maushold
|-singleturn|p1a: Maushold|Protect
|move|p2b: Garchomp|Stomping Tantrum|p1b: Oranguru
|-damage|p1b: Oranguru|70/100
|move|p2a: Kingambit|Kowtow Cleave|p1b: Oranguru
|-supereffective|p1b: Oranguru|1
|-damage|p1b: Oranguru|13/100
|move|p1b: Oranguru|Trick Room|p1b: Oranguru
|-fieldstart|move: Trick Room|[of] p1b: Oranguru
|
|upkeep
|turn|2
|
|t:|1785327343
|move|p2a: Kingambit|Sucker Punch|p1a: Maushold
|-damage|p1a: Maushold|38/100
|move|p1b: Oranguru|Encore|p2a: Kingambit
|-start|p2a: Kingambit|Encore
|move|p2b: Garchomp|Rock Slide|p1a: Maushold|[spread] p1b
|-miss|p2b: Garchomp|p1a: Maushold
|-damage|p1b: Oranguru|0 fnt
|faint|p1b: Oranguru
|move|p1a: Maushold|U-turn|p2a: Kingambit
|-damage|p2a: Kingambit|87/100
|
|t:|1785327352
|switch|p1a: Torkoal|Torkoal, L50, F|100/100|[from] U-turn
|-weather|SunnyDay|[from] ability: Drought|[of] p1a: Torkoal
|
|-weather|SunnyDay|[upkeep]
|upkeep
|
|t:|1785327353
|switch|p1b: Machamp|Machamp, L50, F|100/100
|turn|3
|
|t:|1785327372
|switch|p2a: Sneasler|Sneasler, L50, M, shiny|100/100
|move|p1a: Torkoal|Weather Ball|p2a: Sneasler
|-enditem|p2a: Sneasler|Focus Sash
|-damage|p2a: Sneasler|1/100
|move|p1b: Machamp|Dynamic Punch|p2b: Garchomp
|-damage|p2b: Garchomp|50/100g
|-start|p2b: Garchomp|confusion
|-activate|p2b: Garchomp|confusion
|move|p2b: Garchomp|Rock Slide|p1b: Machamp|[spread] p1a,p1b
|-supereffective|p1a: Torkoal|1
|-resisted|p1b: Machamp|1
|-damage|p1a: Torkoal|61/100
|-damage|p1b: Machamp|84/100
|
|-weather|SunnyDay|[upkeep]
|upkeep
|turn|4
|
|t:|1785327394
|switch|p2b: Sinistcha|Sinistcha, L50|100/100
|-heal|p2a: Sneasler|25/100|[from] ability: Hospitality|[of] p2b: Sinistcha
|move|p1a: Torkoal|Protect|p1a: Torkoal
|-singleturn|p1a: Torkoal|Protect
|move|p2a: Sneasler|Fake Out|p1a: Torkoal
|-activate|p1a: Torkoal|move: Protect
|move|p1b: Machamp|Dynamic Punch|p2b: Sinistcha
|-immune|p2b: Sinistcha
|
|-weather|SunnyDay|[upkeep]
|upkeep
|turn|5
|
|t:|1785327410
|switch|p2b: Garchomp|Garchomp-Mega, L50, F, shiny|50/100g
|move|p1a: Torkoal|Weather Ball|p2b: Garchomp
|-resisted|p2b: Garchomp|1
|-damage|p2b: Garchomp|10/100
|move|p1b: Machamp|Dynamic Punch|p2a: Sneasler
|-resisted|p2a: Sneasler|1
|-damage|p2a: Sneasler|0 fnt
|faint|p2a: Sneasler
|
|-weather|SunnyDay|[upkeep]
|-fieldend|move: Trick Room
|upkeep
|
|t:|1785327418
|switch|p2a: Sinistcha|Sinistcha, L50|100/100
|-heal|p2b: Garchomp|35/100|[from] ability: Hospitality|[of] p2a: Sinistcha
|turn|6
|
|t:|1785327427
|move|p1a: Torkoal|Protect|p1a: Torkoal
|-singleturn|p1a: Torkoal|Protect
|move|p2a: Sinistcha|Rage Powder|p2a: Sinistcha
|-singleturn|p2a: Sinistcha|move: Rage Powder
|move|p2b: Garchomp|Earthquake|p1a: Torkoal|[spread] p2a,p1b
|-activate|p1a: Torkoal|move: Protect
|-resisted|p2a: Sinistcha|1
|-damage|p2a: Sinistcha|78/100
|-damage|p1b: Machamp|26/100
|move|p1b: Machamp|Knock Off|p2a: Sinistcha
|-supereffective|p2a: Sinistcha|1
|-crit|p2a: Sinistcha
|-damage|p2a: Sinistcha|0 fnt
|-enditem|p2a: Sinistcha|Sitrus Berry|[from] move: Knock Off|[of] p1b: Machamp
|faint|p2a: Sinistcha
|
|-weather|none
|upkeep
|
|t:|1785327435
|switch|p2a: Kingambit|Kingambit, L50, F, shiny|87/100
|turn|7
|
|t:|1785327443
|switch|p1a: Maushold|Maushold, L50|38/100
|move|p1b: Machamp|Protect|p1b: Machamp
|-singleturn|p1b: Machamp|Protect
|move|p2a: Kingambit|Protect|p2a: Kingambit
|-singleturn|p2a: Kingambit|Protect
|move|p2b: Garchomp|Earthquake|p1b: Machamp|[spread] p1a
|-activate|p2a: Kingambit|move: Protect
|-activate|p1b: Machamp|move: Protect
|-damage|p1a: Maushold|0 fnt
|faint|p1a: Maushold
|
|upkeep
|
|t:|1785327452
|switch|p1a: Torkoal|Torkoal, L50, F|61/100
|-weather|SunnyDay|[from] ability: Drought|[of] p1a: Torkoal
|turn|8
|
|t:|1785327468
|move|p1a: Torkoal|Protect|p1a: Torkoal
|-singleturn|p1a: Torkoal|Protect
|move|p2a: Kingambit|Sucker Punch||[still]
|-fail|p2a: Kingambit
|move|p2b: Garchomp|Stomping Tantrum|p1b: Machamp
|-damage|p1b: Machamp|0 fnt
|faint|p1b: Machamp
|
|-weather|SunnyDay|[upkeep]
|upkeep
|turn|9
|
|t:|1785327479
|move|p2a: Kingambit|Sucker Punch|p1a: Torkoal
|-damage|p1a: Torkoal|31/100
|move|p2b: Garchomp|Stomping Tantrum|p1a: Torkoal
|-supereffective|p1a: Torkoal|1
|-damage|p1a: Torkoal|0 fnt
|faint|p1a: Torkoal
|
|win|raksbachtesting2
|raw|thich an hanh's rating: 1050 → 1037(-13 for losing)
|raw|raksbachtesting2's rating: 1137 → 1156(+19 for winning)
