|j|☆Koraidonkoalition
|j|☆Yato1226
|html|KoraidonkoalitionYato1226    
|uhtml|bestof|Game 1 of a best-of-3
|t:|1785084117
|gametype|doubles
|player|p1|Koraidonkoalition|colress|1189
|player|p2|Yato1226|dragontamer|1220
|gen|9
|tier|[Gen 9 Champions] VGC 2026 Reg M-B (Bo3)
|rated|
|rule|Species Clause: Limit one of each Pokémon
|rule|Item Clause: Limit 1 of each item
|clearpoke
|poke|p1|Tyranitar, L50, F|
|poke|p1|Excadrill, L50, M|
|poke|p1|Milotic, L50, F|
|poke|p1|Sinistcha, L50|
|poke|p1|Staraptor, L50, F|
|poke|p1|Gholdengo, L50|
|poke|p2|Grimmsnarl, L50, M|
|poke|p2|Venusaur, L50, F|
|poke|p2|Annihilape, L50, F|
|poke|p2|Arcanine-Hisui, L50, F|
|poke|p2|Samurott-Hisui, L50, F|
|poke|p2|Sinistcha, L50|
|teampreview|4
|showteam|p1|Tyranitar||Tyranitarite|SandStream|KnockOff,RockSlide,LowKick,Protect|Jolly||F|||50|]Excadrill||FocusSash|SandRush|Earthquake,IronHead,RockSlide,Protect|Adamant||M|||50|]Milotic||SitrusBerry|Competitive|Scald,IcyWind,Haze,Protect|Calm||F|||50|]Sinistcha||ColburBerry|Hospitality|MatchaGotcha,ShadowBall,Protect,RagePowder|Bold|||||50|]Staraptor||Staraptite|Intimidate|CloseCombat,BraveBird,Tailwind,Protect|Jolly||F|||50|]Gholdengo||LifeOrb|GoodasGold|MakeItRain,ShadowBall,NastyPlot,Protect|Modest|||||50|
|showteam|p2|Grimmsnarl||LightClay|Prankster|SpiritBreak,Reflect,LightScreen,PartingShot|Careful||M|||50|]Venusaur||Venusaurite|Chlorophyll|EarthPower,SludgeBomb,LeechSeed,Protect|Modest||F|||50|]Annihilape||Leftovers|Defiant|DrainPunch,RageFist,BulkUp,Protect|Adamant||F|||50|]Arcanine-Hisui||LifeOrb|Intimidate|RockSlide,ExtremeSpeed,FlareBlitz,Protect|Jolly||F|||50|]Samurott-Hisui||FocusSash|Sharpness|CeaselessEdge,AquaCutter,SuckerPunch,Protect|Jolly||F|||50|]Sinistcha||ColburBerry|Hospitality|MatchaGotcha,RagePowder,LifeDew,TrickRoom|Bold|||||50|
|inactive|Battle timer is ON: inactive players will automatically lose when time's up. (requested by Yato1226)
|
|t:|1785084160
|teamsize|p1|4
|teamsize|p2|4
|start
|switch|p1a: Staraptor|Staraptor, L50, F|100/100
|switch|p1b: Gholdengo|Gholdengo, L50|100/100
|switch|p2a: Grimmsnarl|Grimmsnarl, L50, M|100/100
|switch|p2b: Annihilape|Annihilape, L50, F|100/100
|-ability|p1a: Staraptor|Intimidate|boost
|-unboost|p2a: Grimmsnarl|atk|1
|-unboost|p2b: Annihilape|atk|1
|-ability|p2b: Annihilape|Defiant|boost
|-boost|p2b: Annihilape|atk|2
|turn|1
|
|t:|1785084180
|move|p2a: Grimmsnarl|Reflect|p2a: Grimmsnarl
|-sidestart|p2: Yato1226|Reflect
|move|p1a: Staraptor|Tailwind|p1a: Staraptor
|-sidestart|p1: Koraidonkoalition|move: Tailwind
|move|p1b: Gholdengo|Nasty Plot|p1b: Gholdengo
|-boost|p1b: Gholdengo|spa|2
|move|p2b: Annihilape|Rage Fist|p1b: Gholdengo
|-supereffective|p1b: Gholdengo|1
|-damage|p1b: Gholdengo|29/100
|
|upkeep
|turn|2
|
|t:|1785084201
|detailschange|p1a: Staraptor|Staraptor-Mega, L50, F
|-mega|p1a: Staraptor|Staraptor|Staraptite
|move|p2b: Annihilape|Protect|p2b: Annihilape
|-singleturn|p2b: Annihilape|Protect
|move|p2a: Grimmsnarl|Light Screen|p2a: Grimmsnarl
|-sidestart|p2: Yato1226|move: Light Screen
|move|p1a: Staraptor|Brave Bird|p2b: Annihilape
|-activate|p2b: Annihilape|move: Protect
|move|p1b: Gholdengo|Make It Rain|p2a: Grimmsnarl|[spread] p2a
|-activate|p2b: Annihilape|move: Protect
|-supereffective|p2a: Grimmsnarl|1
|-damage|p2a: Grimmsnarl|0 fnt
|-unboost|p1b: Gholdengo|spa|2
|faint|p2a: Grimmsnarl
|-damage|p1b: Gholdengo|19/100|[from] item: Life Orb
|
|upkeep
|
|t:|1785084219
|switch|p2a: Sinistcha|Sinistcha, L50|100/100
|turn|3
|
|t:|1785084238
|move|p1b: Gholdengo|Protect|p1b: Gholdengo
|-singleturn|p1b: Gholdengo|Protect
|move|p1a: Staraptor|Brave Bird|p2b: Annihilape
|-supereffective|p2b: Annihilape|1
|-damage|p2b: Annihilape|21/100
|-damage|p1a: Staraptor|70/100|[from] Recoil
|move|p2b: Annihilape|Rage Fist|p1b: Gholdengo
|-activate|p1b: Gholdengo|move: Protect
|move|p2a: Sinistcha|Trick Room|p2a: Sinistcha
|-fieldstart|move: Trick Room|[of] p2a: Sinistcha
|
|-heal|p2b: Annihilape|27/100|[from] item: Leftovers
|upkeep
|turn|4
|
|t:|1785084256
|switch|p1b: Tyranitar|Tyranitar, L50, F|100/100
|-weather|Sandstorm|[from] ability: Sand Stream|[of] p1b: Tyranitar
|move|p1a: Staraptor|Protect|p1a: Staraptor
|-singleturn|p1a: Staraptor|Protect
|move|p2a: Sinistcha|Life Dew||[still]|[spread] p2a,p2b
|-fail|p2a: Sinistcha|heal
|-heal|p2b: Annihilape|52/100
|move|p2b: Annihilape|Rage Fist|p1a: Staraptor
|-activate|p1a: Staraptor|move: Protect
|
|-weather|Sandstorm|[upkeep]
|-damage|p2a: Sinistcha|93/100|[from] Sandstorm
|-damage|p2b: Annihilape|46/100|[from] Sandstorm
|-damage|p1a: Staraptor|64/100|[from] Sandstorm
|-heal|p2b: Annihilape|52/100|[from] item: Leftovers
|-sideend|p1: Koraidonkoalition|move: Tailwind
|upkeep
|turn|5
|
|t:|1785084265
|switch|p1b: Sinistcha|Sinistcha, L50|100/100
|-heal|p1a: Staraptor|89/100|[from] ability: Hospitality|[of] p1b: Sinistcha
|move|p2a: Sinistcha|Matcha Gotcha|p1b: Sinistcha|[spread] p1a,p1b
|-resisted|p1a: Staraptor|1
|-resisted|p1b: Sinistcha|1
|-damage|p1a: Staraptor|78/100
|-heal|p2a: Sinistcha|100/100|[from] drain|[of] p1a: Staraptor
|-damage|p1b: Sinistcha|88/100
|-status|p1a: Staraptor|brn
|move|p2b: Annihilape|Rage Fist|p1a: Staraptor
|-damage|p1a: Staraptor|3/100 brn
|move|p1a: Staraptor|Brave Bird|p2b: Annihilape
|-supereffective|p2b: Annihilape|1
|-damage|p2b: Annihilape|15/100
|-damage|p1a: Staraptor|0 fnt|[from] Recoil
|faint|p1a: Staraptor
|
|-weather|Sandstorm|[upkeep]
|-damage|p1b: Sinistcha|82/100|[from] Sandstorm
|-damage|p2a: Sinistcha|93/100|[from] Sandstorm
|-damage|p2b: Annihilape|9/100|[from] Sandstorm
|-heal|p2b: Annihilape|15/100|[from] item: Leftovers
|upkeep
|
|t:|1785084289
|switch|p1a: Tyranitar|Tyranitar, L50, F|100/100
|turn|6
|
|t:|1785084300
|move|p1b: Sinistcha|Rage Powder|p1b: Sinistcha
|-singleturn|p1b: Sinistcha|move: Rage Powder
|move|p2a: Sinistcha|Life Dew|p2a: Sinistcha|[spread] p2a,p2b
|-heal|p2a: Sinistcha|100/100
|-heal|p2b: Annihilape|40/100
|move|p2b: Annihilape|Rage Fist|p1b: Sinistcha
|-supereffective|p1b: Sinistcha|1
|-damage|p1b: Sinistcha|0 fnt
|faint|p1b: Sinistcha
|move|p1a: Tyranitar|Knock Off|p2b: Annihilape
|-damage|p2b: Annihilape|6/100
|-enditem|p2b: Annihilape|Leftovers|[from] move: Knock Off|[of] p1a: Tyranitar
|
|-weather|Sandstorm|[upkeep]
|-damage|p2a: Sinistcha|93/100|[from] Sandstorm
|-damage|p2b: Annihilape|0 fnt|[from] Sandstorm
|faint|p2b: Annihilape
|upkeep
|
|t:|1785084315
|switch|p1b: Gholdengo|Gholdengo, L50|19/100
|switch|p2b: Venusaur|Venusaur, L50, F|100/100
|turn|7
|
|t:|1785084333
|detailschange|p2b: Venusaur|Venusaur-Mega, L50, F
|-mega|p2b: Venusaur|Venusaur|Venusaurite
|move|p1b: Gholdengo|Protect|p1b: Gholdengo
|-singleturn|p1b: Gholdengo|Protect
|move|p2a: Sinistcha|Matcha Gotcha|p1b: Gholdengo|[spread] p1a
|-activate|p1b: Gholdengo|move: Protect
|-supereffective|p1a: Tyranitar|1
|-damage|p1a: Tyranitar|67/100
|-heal|p2a: Sinistcha|100/100|[from] drain|[of] p1a: Tyranitar
|move|p2b: Venusaur|Earth Power|p1b: Gholdengo
|-activate|p1b: Gholdengo|move: Protect
|move|p1a: Tyranitar|Rock Slide|p2b: Venusaur|[spread] p2a,p2b
|-damage|p2a: Sinistcha|85/100
|-damage|p2b: Venusaur|86/100
|
|-weather|Sandstorm|[upkeep]
|-damage|p2a: Sinistcha|79/100|[from] Sandstorm
|-damage|p2b: Venusaur|80/100|[from] Sandstorm
|-fieldend|move: Trick Room
|upkeep
|turn|8
|
|t:|1785084344
|move|p1a: Tyranitar|Rock Slide|p2b: Venusaur|[spread] p2a,p2b
|-damage|p2a: Sinistcha|64/100
|-damage|p2b: Venusaur|66/100
|move|p1b: Gholdengo|Make It Rain|p2a: Sinistcha|[spread] p2a,p2b
|-damage|p2a: Sinistcha|24/100
|-damage|p2b: Venusaur|34/100
|-unboost|p1b: Gholdengo|spa|2
|-damage|p1b: Gholdengo|10/100|[from] item: Life Orb
|move|p2b: Venusaur|Earth Power|p1b: Gholdengo
|-supereffective|p1b: Gholdengo|1
|-damage|p1b: Gholdengo|0 fnt
|faint|p1b: Gholdengo
|move|p2a: Sinistcha|Trick Room|p2a: Sinistcha
|-fieldstart|move: Trick Room|[of] p2a: Sinistcha
|
|-weather|none
|-sideend|p2: Yato1226|Reflect
|upkeep
|turn|9
|
|t:|1785084359
|move|p2a: Sinistcha|Life Dew|p2a: Sinistcha|[spread] p2a,p2b
|-heal|p2a: Sinistcha|49/100
|-heal|p2b: Venusaur|59/100
|move|p2b: Venusaur|Earth Power|p1a: Tyranitar
|-supereffective|p1a: Tyranitar|1
|-damage|p1a: Tyranitar|8/100
|move|p1a: Tyranitar|Knock Off|p2a: Sinistcha
|-supereffective|p2a: Sinistcha|1
|-enditem|p2a: Sinistcha|Colbur Berry|[eat]
|-enditem|p2a: Sinistcha|Colbur Berry|[weaken]
|-damage|p2a: Sinistcha|10/100
|
|-sideend|p2: Yato1226|move: Light Screen
|upkeep
|turn|10
|-message|Koraidonkoalition forfeited.
|
|win|Yato1226
