|j|☆mumu2
|j|☆328august
|html|mumu2328august    
|uhtml|bestof|Game 3 of a best-of-3
|t:|1784768386
|gametype|doubles
|player|p1|mumu2|cyclistf|1156
|player|p2|328august|102|1050
|gen|9
|tier|[Gen 9 Champions] VGC 2026 Reg M-B (Bo3)
|rated|
|rule|Species Clause: Limit one of each Pokémon
|rule|Item Clause: Limit 1 of each item
|clearpoke
|poke|p1|Charizard, L50, M|
|poke|p1|Venusaur, L50, M|
|poke|p1|Garchomp, L50, M|
|poke|p1|Annihilape, L50, M|
|poke|p1|Incineroar, L50, F|
|poke|p1|Toxapex, L50, M|
|poke|p2|Raichu, L50, F|
|poke|p2|Sinistcha-Masterpiece, L50|
|poke|p2|Grimmsnarl, L50, M|
|poke|p2|Gholdengo, L50|
|poke|p2|Talonflame, L50, F|
|poke|p2|Garchomp, L50, F|
|teampreview|4
|showteam|p1|Charizard||CharizarditeY|Blaze|HeatWave,WeatherBall,HelpingHand,Protect|Modest||M|||50|]Venusaur||LifeOrb|Chlorophyll|SludgeBomb,SolarBeam,EarthPower,Protect|Modest||M|||50|]Garchomp||ChoiceScarf|RoughSkin|DragonClaw,Earthquake,RockSlide,StompingTantrum|Adamant||M|||50|]Annihilape||FocusSash|Defiant|PhantomForce,CloseCombat,Protect,RockTomb|Jolly||M|||50|]Incineroar||SitrusBerry|Intimidate|FlareBlitz,ThroatChop,PartingShot,FakeOut|Impish||F|||50|]Toxapex||Leftovers|Regenerator|Toxic,Infestation,WideGuard,BanefulBunker|Bold||M|||50|
|showteam|p2|Raichu||RaichuniteX|LightningRod|RisingVoltage,AlluringVoice,NastyPlot,Protect|Timid||F|||50|]Sinistcha-Masterpiece||ColburBerry|Hospitality|MatchaGotcha,RagePowder,TrickRoom,Protect|Bold|||||50|]Grimmsnarl||LightClay|Prankster|SpiritBreak,LightScreen,Reflect,PartingShot|Careful||M|||50|]Gholdengo||LifeOrb|GoodasGold|MakeItRain,ShadowBall,NastyPlot,Protect|Modest|||||50|]Talonflame||SharpBeak|GaleWings|FlareBlitz,DualWingbeat,Tailwind,Protect|Adamant||F|||50|]Garchomp||ChoiceScarf|RoughSkin|DragonClaw,StompingTantrum,Earthquake,RockSlide|Adamant||F|||50|
|
|t:|1784768416
|teamsize|p1|4
|teamsize|p2|4
|start
|switch|p1a: Incineroar|Incineroar, L50, F|100/100
|switch|p1b: Toxapex|Toxapex, L50, M|100/100
|switch|p2a: Talonflame|Talonflame, L50, F|100/100
|switch|p2b: Garchomp|Garchomp, L50, F|100/100
|-ability|p1a: Incineroar|Intimidate|boost
|-unboost|p2a: Talonflame|atk|1
|-unboost|p2b: Garchomp|atk|1
|turn|1
|
|t:|1784768458
|switch|p2b: Grimmsnarl|Grimmsnarl, L50, M|100/100
|move|p2a: Talonflame|Protect|p2a: Talonflame
|-singleturn|p2a: Talonflame|Protect
|move|p1a: Incineroar|Fake Out|p2b: Grimmsnarl
|-damage|p2b: Grimmsnarl|89/100
|move|p1b: Toxapex|Infestation|p2b: Grimmsnarl
|-damage|p2b: Grimmsnarl|86/100
|-activate|p2b: Grimmsnarl|move: Infestation|[of] p1b: Toxapex
|
|-damage|p2b: Grimmsnarl|74/100|[from] move: Infestation|[partiallytrapped]
|upkeep
|turn|2
|
|t:|1784768477
|switch|p2a: Garchomp|Garchomp, L50, F|100/100
|move|p2b: Grimmsnarl|Reflect|p2b: Grimmsnarl
|-sidestart|p2: 328august|Reflect
|move|p1a: Incineroar|Parting Shot|p2a: Garchomp
|-unboost|p2a: Garchomp|atk|1
|-unboost|p2a: Garchomp|spa|1
|
|t:|1784768489
|switch|p1a: Venusaur|Venusaur, L50, M|100/100|[from] Parting Shot
|move|p1b: Toxapex|Toxic|p2a: Garchomp
|-status|p2a: Garchomp|tox
|
|-damage|p2a: Garchomp|94/100 tox|[from] psn
|-damage|p2b: Grimmsnarl|61/100|[from] move: Infestation|[partiallytrapped]
|upkeep
|turn|3
|
|t:|1784768518
|switch|p2a: Talonflame|Talonflame, L50, F|100/100
|move|p1a: Venusaur|Protect|p1a: Venusaur
|-singleturn|p1a: Venusaur|Protect
|move|p1b: Toxapex|Baneful Bunker|p1b: Toxapex
|-singleturn|p1b: Toxapex|move: Protect
|move|p2b: Grimmsnarl|Light Screen|p2b: Grimmsnarl
|-sidestart|p2: 328august|move: Light Screen
|
|-damage|p2b: Grimmsnarl|49/100|[from] move: Infestation|[partiallytrapped]
|upkeep
|turn|4
|
|t:|1784768530
|switch|p1a: Incineroar|Incineroar, L50, F|100/100
|-ability|p1a: Incineroar|Intimidate|boost
|-unboost|p2a: Talonflame|atk|1
|-unboost|p2b: Grimmsnarl|atk|1
|move|p2a: Talonflame|Protect|p2a: Talonflame
|-singleturn|p2a: Talonflame|Protect
|move|p2b: Grimmsnarl|Parting Shot|p1a: Incineroar
|-hint|Since gen 7, Dark is immune to Prankster moves.
|-immune|p1a: Incineroar
|move|p1b: Toxapex|Infestation|p2a: Talonflame
|-activate|p2a: Talonflame|move: Protect
|
|-damage|p2b: Grimmsnarl|37/100|[from] move: Infestation|[partiallytrapped]
|upkeep
|turn|5
|
|t:|1784768546
|switch|p2a: Garchomp|Garchomp, L50, F|94/100 tox
|move|p1a: Incineroar|Fake Out|p2b: Grimmsnarl
|-damage|p2b: Grimmsnarl|30/100
|cant|p2b: Grimmsnarl|flinch
|move|p1b: Toxapex|Infestation|p2a: Garchomp
|-damage|p2a: Garchomp|91/100 tox
|-activate|p2a: Garchomp|move: Infestation|[of] p1b: Toxapex
|-damage|p1b: Toxapex|87/100|[from] ability: Rough Skin|[of] p2a: Garchomp
|
|-heal|p1b: Toxapex|93/100|[from] item: Leftovers
|-damage|p2a: Garchomp|85/100 tox|[from] psn
|-damage|p2a: Garchomp|73/100 tox|[from] move: Infestation|[partiallytrapped]
|-damage|p2b: Grimmsnarl|18/100|[from] move: Infestation|[partiallytrapped]
|upkeep
|turn|6
|
|t:|1784768564
|move|p1b: Toxapex|Wide Guard|p1b: Toxapex
|-singleturn|p1b: Toxapex|Wide Guard
|move|p2b: Grimmsnarl|Parting Shot|p1b: Toxapex
|-unboost|p1b: Toxapex|atk|1
|-unboost|p1b: Toxapex|spa|1
|
|t:|1784768571
|switch|p2b: Raichu|Raichu, L50, F|100/100|[from] Parting Shot
|move|p2a: Garchomp|Earthquake|p1a: Incineroar|[spread] p2b
|-activate|p1a: Incineroar|move: Wide Guard
|-activate|p1b: Toxapex|move: Wide Guard
|-supereffective|p2b: Raichu|1
|-damage|p2b: Raichu|0 fnt
|faint|p2b: Raichu
|move|p1a: Incineroar|Parting Shot|p2a: Garchomp
|-unboost|p2a: Garchomp|atk|1
|-unboost|p2a: Garchomp|spa|1
|l|☆328august
|player|p2|
|
|t:|1784768585
|switch|p1a: Venusaur|Venusaur, L50, M|100/100|[from] Parting Shot
|
|-heal|p1b: Toxapex|99/100|[from] item: Leftovers
|-damage|p2a: Garchomp|61/100 tox|[from] psn
|-damage|p2a: Garchomp|49/100 tox|[from] move: Infestation|[partiallytrapped]
|upkeep
|inactive|Battle timer is ON: inactive players will automatically lose when time's up. (requested by mumu2)
|inactive|328august has 30 seconds to reconnect!
|inactive|328august has 20 seconds to reconnect!
|inactive|328august has 15 seconds to reconnect!
|inactive|328august has 10 seconds to reconnect!
|inactive|328august has 5 seconds to reconnect!
|-message|328august lost due to inactivity.
|
|win|mumu2
|raw|mumu2's rating: 1156 → 1174(+18 for winning)
|raw|328august's rating: 1050 → 1038(-12 for losing)
