|j|☆Dussehra
|j|☆Cozmoonshowdown
|html|DussehraCozmoonshowdown    
|uhtml|bestof|Game 2 of a best-of-3
|t:|1785326721
|gametype|doubles
|player|p1|Dussehra|lucas|1128
|player|p2|Cozmoonshowdown|kieran-champion|1118
|gen|9
|tier|[Gen 9 Champions] VGC 2026 Reg M-B (Bo3)
|rated|
|rule|Species Clause: Limit one of each Pokémon
|rule|Item Clause: Limit 1 of each item
|clearpoke
|poke|p1|Kangaskhan, L50, F|
|poke|p1|Hydreigon, L50, M|
|poke|p1|Gardevoir, L50, F|
|poke|p1|Scizor, L50, M|
|poke|p1|Meowstic, L50, M|
|poke|p1|Primarina, L50, F|
|poke|p2|Charizard, L50, F|
|poke|p2|Mawile, L50, F|
|poke|p2|Venusaur, L50, F, shiny|
|poke|p2|Farigiraf, L50, F, shiny|
|poke|p2|Torkoal, L50, F|
|poke|p2|Garchomp, L50, M, shiny|
|teampreview|4
|showteam|p1|Kangaskhan||SilkScarf|Scrappy|FakeOut,LastResort|Brave||F|||50|]Hydreigon||ChoiceScarf|Levitate|DracoMeteor,DarkPulse,EarthPower,Flamethrower|Modest||M|||50|]Gardevoir||Gardevoirite|Synchronize|Protect,HyperVoice,TrickRoom,Psychic|Modest||F|||50|]Scizor||Scizorite|Technician|Protect,SwordsDance,BulletPunch,CloseCombat|Adamant||M|||50|]Meowstic||ColburBerry|Prankster|FakeOut,TrickRoom,RainDance,FakeTears|Careful||M|||50|]Primarina||LifeOrb|LiquidVoice|HyperVoice,WeatherBall,Protect,IcyWind|Quiet||F|||50|
|showteam|p2|Charizard||CharizarditeY|Blaze|HeatWave,Protect,WeatherBall,SolarBeam|Modest||F|||50|]Mawile||Mawilite|HyperCutter|PlayRough,IronHead,Protect,BrickBreak|Brave||F|||50|]Venusaur||FocusSash|Chlorophyll|SleepPowder,EarthPower,GigaDrain,SludgeBomb|Modest||F|||50|]Farigiraf||ColburBerry|ArmorTail|Protect,TrickRoom,HyperVoice,Thunderbolt|Quiet||F|||50|]Torkoal||Charcoal|Drought|Protect,HelpingHand,HeatWave,BodyPress|Quiet||F|||50|]Garchomp||LifeOrb|RoughSkin|Protect,Earthquake,RockSlide,DragonClaw|Jolly||M|||50|
|inactive|Battle timer is ON: inactive players will automatically lose when time's up. (requested by Cozmoonshowdown)
|inactive|Dussehra has 60 seconds left.
|
|t:|1785326759
|teamsize|p1|4
|teamsize|p2|4
|start
|switch|p1a: Hydreigon|Hydreigon, L50, M|100/100
|switch|p1b: Kangaskhan|Kangaskhan, L50, F|100/100
|switch|p2a: Charizard|Charizard, L50, F|100/100
|switch|p2b: Venusaur|Venusaur, L50, F, shiny|100/100
|turn|1
|l|☆Cozmoonshowdown
|inactive|Cozmoonshowdown disconnected and has a minute to reconnect!
|player|p2|
|j|☆Cozmoonshowdown
|inactive|Cozmoonshowdown reconnected and has 40 seconds left.
|player|p2|Cozmoonshowdown|kieran-champion|
|inactive|Cozmoonshowdown has 30 seconds left.
|
|t:|1785326787
|switch|p2b: Farigiraf|Farigiraf, L50, F, shiny|100/100
|detailschange|p2a: Charizard|Charizard-Mega-Y, L50, F
|-mega|p2a: Charizard|Charizard|Charizardite Y
|-weather|SunnyDay|[from] ability: Drought|[of] p2a: Charizard
|move|p1b: Kangaskhan|Fake Out||[still]
|cant|p2b: Farigiraf|ability: Armor Tail|Fake Out|[of] p1b: Kangaskhan
|move|p1a: Hydreigon|Draco Meteor|p2b: Farigiraf
|-damage|p2b: Farigiraf|34/100
|-unboost|p1a: Hydreigon|spa|2
|move|p2a: Charizard|Heat Wave|p1b: Kangaskhan|[spread] p1a,p1b
|-resisted|p1a: Hydreigon|1
|-damage|p1a: Hydreigon|67/100
|-damage|p1b: Kangaskhan|32/100
|
|-weather|SunnyDay|[upkeep]
|upkeep
|turn|2
|inactive|Dussehra has 30 seconds left.
|inactive|Cozmoonshowdown has 30 seconds left.
|
|t:|1785326817
|switch|p1a: Meowstic|Meowstic, L50, M|100/100
|move|p2a: Charizard|Heat Wave|p1a: Meowstic|[spread] p1a,p1b
|-damage|p1a: Meowstic|40/100
|-damage|p1b: Kangaskhan|0 fnt
|faint|p1b: Kangaskhan
|move|p2b: Farigiraf|Hyper Voice|p1a: Meowstic
|-damage|p1a: Meowstic|1/100
|
|-weather|SunnyDay|[upkeep]
|upkeep
|
|t:|1785326831
|switch|p1b: Hydreigon|Hydreigon, L50, M|67/100
|turn|3
|
|t:|1785326839
|move|p2a: Charizard|Protect|p2a: Charizard
|-singleturn|p2a: Charizard|Protect
|move|p1a: Meowstic|Rain Dance|p1a: Meowstic
|-weather|RainDance
|move|p1b: Hydreigon|Dark Pulse|p2b: Farigiraf
|-supereffective|p2b: Farigiraf|1
|-enditem|p2b: Farigiraf|Colbur Berry|[eat]
|-enditem|p2b: Farigiraf|Colbur Berry|[weaken]
|-damage|p2b: Farigiraf|0 fnt
|faint|p2b: Farigiraf
|
|-weather|RainDance|[upkeep]
|upkeep
|
|t:|1785326849
|switch|p2b: Garchomp|Garchomp, L50, M, shiny|100/100
|turn|4
|
|t:|1785326857
|switch|p1b: Primarina|Primarina, L50, F|100/100
|switch|p2a: Venusaur|Venusaur, L50, F, shiny|100/100
|move|p1a: Meowstic|Fake Tears|p2a: Venusaur
|-unboost|p2a: Venusaur|spd|2
|move|p2b: Garchomp|Dragon Claw|p1b: Primarina
|-immune|p1b: Primarina
|
|-weather|RainDance|[upkeep]
|upkeep
|turn|5
|inactive|Dussehra has 30 seconds left.
|inactive|Dussehra has 20 seconds left.
|inactive|Cozmoonshowdown has 30 seconds left.
|inactive|Dussehra has 15 seconds left.
|
|t:|1785326898
|switch|p2b: Charizard|Charizard-Mega-Y, L50, F|100/100
|-weather|SunnyDay|[from] ability: Drought|[of] p2b: Charizard
|switch|p1a: Hydreigon|Hydreigon, L50, M|67/100
|move|p1b: Primarina|Protect|p1b: Primarina
|-singleturn|p1b: Primarina|Protect
|move|p2a: Venusaur|Sleep Powder|p1a: Hydreigon
|-status|p1a: Hydreigon|slp|[from] move: Sleep Powder
|
|-weather|SunnyDay|[upkeep]
|upkeep
|turn|6
|
|t:|1785326921
|move|p2a: Venusaur|Sludge Bomb|p1b: Primarina
|-supereffective|p1b: Primarina|1
|-damage|p1b: Primarina|28/100
|cant|p1a: Hydreigon|slp
|move|p2b: Charizard|Solar Beam||[still]
|-prepare|p2b: Charizard|Solar Beam
|-anim|p2b: Charizard|Solar Beam|p1b: Primarina
|-supereffective|p1b: Primarina|1
|-damage|p1b: Primarina|0 fnt
|faint|p1b: Primarina
|
|-weather|SunnyDay|[upkeep]
|upkeep
|
|t:|1785326935
|switch|p1b: Meowstic|Meowstic, L50, M|1/100
|turn|7
|
|t:|1785326952
|switch|p2b: Garchomp|Garchomp, L50, M, shiny|100/100
|move|p1b: Meowstic|Rain Dance|p1b: Meowstic
|-weather|RainDance
|cant|p1a: Hydreigon|slp
|move|p2a: Venusaur|Sludge Bomb|p1a: Hydreigon
|-damage|p1a: Hydreigon|24/100 slp
|
|-weather|RainDance|[upkeep]
|upkeep
|turn|8
|inactive|Cozmoonshowdown has 30 seconds left.
|
|t:|1785326979
|-curestatus|p1a: Hydreigon|slp|[msg]
|move|p1a: Hydreigon|Draco Meteor|p2b: Garchomp
|-supereffective|p2b: Garchomp|1
|-damage|p2b: Garchomp|0 fnt
|-unboost|p1a: Hydreigon|spa|2
|faint|p2b: Garchomp
|move|p2a: Venusaur|Sludge Bomb|p1a: Hydreigon
|-damage|p1a: Hydreigon|0 fnt
|faint|p1a: Hydreigon
|move|p1b: Meowstic|Trick Room|p1b: Meowstic
|-fieldstart|move: Trick Room|[of] p1b: Meowstic
|
|-weather|RainDance|[upkeep]
|upkeep
|
|t:|1785326986
|switch|p2b: Charizard|Charizard-Mega-Y, L50, F|100/100
|-weather|SunnyDay|[from] ability: Drought|[of] p2b: Charizard
|turn|9
|
|t:|1785326998
|move|p1b: Meowstic|Rain Dance|p1b: Meowstic
|-weather|RainDance
|move|p2a: Venusaur|Giga Drain|p1b: Meowstic
|-damage|p1b: Meowstic|0 fnt
|faint|p1b: Meowstic
|
|win|Cozmoonshowdown
|raw|Dussehra's rating: 1128 → 1102(-26 for losing)
|raw|Cozmoonshowdown's rating: 1118 → 1144(+26 for winning)
