|j|☆bluntmaster9000
|j|☆beans14
|html|bluntmaster9000beans14    
|uhtml|bestof|Game 3 of a best-of-3
|t:|1756856990
|gametype|doubles
|player|p1|bluntmaster9000|1|1153
|player|p2|beans14|1|1132
|gen|9
|tier|[Gen 9] VGC 2025 Reg H (Bo3)
|rated|
|rule|Species Clause: Limit one of each Pokémon
|rule|Item Clause: Limit 1 of each item
|clearpoke
|poke|p1|Charizard, L50, F|
|poke|p1|Torkoal, L50, M|
|poke|p1|Porygon2, L50|
|poke|p1|Incineroar, L50, F|
|poke|p1|Jumpluff, L50, M|
|poke|p1|Ursaluna, L50, M|
|poke|p2|Politoed, L50, F|
|poke|p2|Archaludon, L50, F|
|poke|p2|Kingdra, L50, F|
|poke|p2|Incineroar, L50, F|
|poke|p2|Amoonguss, L50, F|
|poke|p2|Gothitelle, L50, M|
|teampreview|4
|showteam|p1|Charizard||ChoiceSpecs|SolarPower|HeatWave,Overheat,WeatherBall,AirSlash|||F|||50|,,,,,Ghost]Torkoal||EjectPack|Drought|Eruption,Overheat,HelpingHand,Protect|||M|||50|,,,,,Fire]Porygon2||Eviolite|Download|IceBeam,TeraBlast,TrickRoom,Recover||||||50|,,,,,Fighting]Incineroar||SitrusBerry|Intimidate|FlareBlitz,KnockOff,FakeOut,PartingShot|||F|||50|,,,,,Ghost]Jumpluff||CovertCloak|Chlorophyll|SleepPowder,SunnyDay,RagePowder,Tailwind|||M|||50|,,,,,Poison]Ursaluna||FlameOrb|Guts|HeadlongRush,Facade,Earthquake,Protect|||M|||50|,,,,,Ghost
|showteam|p2|Politoed||Leftovers|Drizzle|Protect,WeatherBall,PerishSong,Encore|||F|||50|,,,,,Grass]Archaludon||PowerHerb|Sturdy|Protect,ElectroShot,FlashCannon,DragonPulse|||F|||50|,,,,,Electric]Kingdra||LifeOrb|SwiftSwim|Protect,DracoMeteor,WeatherBall,MuddyWater|||F|||50|,,,,,Stellar]Incineroar||SafetyGoggles|Intimidate|FakeOut,KnockOff,PartingShot,Protect|||F|||50|,,,,,Ghost]Amoonguss||EjectButton|Regenerator|Protect,RagePowder,Spore,PollenPuff|||F|||50|,,,,,Fairy]Gothitelle||SitrusBerry|ShadowTag|Protect,Psychic,FakeOut,TrickRoom|||M|||50|,,,,,Dark
|inactive|Battle timer is ON: inactive players will automatically lose when time's up. (requested by bluntmaster9000)
|
|t:|1756857018
|teamsize|p1|4
|teamsize|p2|4
|start
|switch|p1a: Jumpluff|Jumpluff, L50, M|100/100
|switch|p1b: Incineroar|Incineroar, L50, F|100/100
|switch|p2a: Kingdra|Kingdra, L50, F|100/100
|switch|p2b: Gothitelle|Gothitelle, L50, M|100/100
|-ability|p1b: Incineroar|Intimidate|boost
|-unboost|p2a: Kingdra|atk|1
|-unboost|p2b: Gothitelle|atk|1
|turn|1
|inactive|bluntmaster9000 has 30 seconds left.
|inactive|bluntmaster9000 has 20 seconds left.
|
|t:|1756857057
|switch|p2b: Politoed|Politoed, L50, F, shiny|100/100
|-weather|RainDance|[from] ability: Drizzle|[of] p2b: Politoed
|-terastallize|p2a: Kingdra|Stellar
|move|p2a: Kingdra|Draco Meteor|p1a: Jumpluff
|-damage|p1a: Jumpluff|0 fnt
|-unboost|p2a: Kingdra|spa|2
|faint|p1a: Jumpluff
|-damage|p2a: Kingdra|91/100|[from] item: Life Orb
|move|p1b: Incineroar|Parting Shot|p2b: Politoed
|-unboost|p2b: Politoed|atk|1
|-unboost|p2b: Politoed|spa|1
|
|t:|1756857071
|switch|p1b: Porygon2|Porygon2, L50|100/100|[from] Parting Shot
|-ability|p1b: Porygon2|Download|boost
|-boost|p1b: Porygon2|atk|1
|
|-weather|RainDance|[upkeep]
|upkeep
|
|t:|1756857076
|switch|p1a: Incineroar|Incineroar, L50, F|100/100
|-ability|p1a: Incineroar|Intimidate|boost
|-unboost|p2a: Kingdra|atk|1
|-unboost|p2b: Politoed|atk|1
|turn|2
|
|t:|1756857095
|move|p2a: Kingdra|Protect|p2a: Kingdra
|-singleturn|p2a: Kingdra|Protect
|move|p2b: Politoed|Protect|p2b: Politoed
|-singleturn|p2b: Politoed|Protect
|move|p1a: Incineroar|Fake Out|p2b: Politoed
|-activate|p2b: Politoed|move: Protect
|move|p1b: Porygon2|Trick Room|p1b: Porygon2
|-fieldstart|move: Trick Room|[of] p1b: Porygon2
|
|-weather|RainDance|[upkeep]
|upkeep
|turn|3
|inactive|bluntmaster9000 has 30 seconds left.
|inactive|bluntmaster9000 has 20 seconds left.
|
|t:|1756857133
|switch|p2a: Incineroar|Incineroar, L50, F, shiny|100/100
|-ability|p2a: Incineroar|Intimidate|boost
|-unboost|p1a: Incineroar|atk|1
|-unboost|p1b: Porygon2|atk|1
|move|p1b: Porygon2|Tera Blast|p2a: Incineroar
|-damage|p2a: Incineroar|76/100
|move|p2b: Politoed|Perish Song|p2b: Politoed
|-start|p1a: Incineroar|perish3|[silent]
|-start|p1b: Porygon2|perish3|[silent]
|-start|p2a: Incineroar|perish3|[silent]
|-start|p2b: Politoed|perish3|[silent]
|-fieldactivate|move: Perish Song
|move|p1a: Incineroar|Parting Shot|p2b: Politoed
|-unboost|p2b: Politoed|atk|1
|-unboost|p2b: Politoed|spa|1
|
|t:|1756857143
|switch|p1a: Ursaluna|Ursaluna, L50, M|100/100|[from] Parting Shot
|
|-weather|RainDance|[upkeep]
|-start|p2a: Incineroar|perish3
|-start|p1b: Porygon2|perish3
|-start|p2b: Politoed|perish3
|-status|p1a: Ursaluna|brn|[from] item: Flame Orb
|upkeep
|turn|4
|inactive|bluntmaster9000 has 30 seconds left.
|inactive|bluntmaster9000 has 20 seconds left.
|inactive|bluntmaster9000 has 15 seconds left.
|
|t:|1756857185
|switch|p1b: Incineroar|Incineroar, L50, F|100/100
|-ability|p1b: Incineroar|Intimidate|boost
|-unboost|p2a: Incineroar|atk|1
|-unboost|p2b: Politoed|atk|1
|move|p2a: Incineroar|Fake Out|p1a: Ursaluna
|-damage|p1a: Ursaluna|94/100 brn
|cant|p1a: Ursaluna|flinch
|move|p2b: Politoed|Perish Song|p2b: Politoed
|-start|p1a: Ursaluna|perish3|[silent]
|-start|p1b: Incineroar|perish3|[silent]
|-fieldactivate|move: Perish Song
|
|-weather|RainDance|[upkeep]
|-damage|p1a: Ursaluna|88/100 brn|[from] brn
|-start|p2a: Incineroar|perish2
|-start|p1a: Ursaluna|perish3
|-start|p2b: Politoed|perish2
|-start|p1b: Incineroar|perish3
|upkeep
|turn|5
|inactive|bluntmaster9000 has 30 seconds left.
|
|t:|1756857211
|switch|p1a: Porygon2|Porygon2, L50|100/100
|-ability|p1a: Porygon2|Download|boost
|-boost|p1a: Porygon2|atk|1
|switch|p2b: Gothitelle|Gothitelle, L50, M|100/100
|move|p2a: Incineroar|Parting Shot|p1a: Porygon2
|-unboost|p1a: Porygon2|atk|1
|-unboost|p1a: Porygon2|spa|1
|
|t:|1756857221
|switch|p2a: Politoed|Politoed, L50, F, shiny|100/100|[from] Parting Shot
|move|p1b: Incineroar|Parting Shot|p2a: Politoed
|-unboost|p2a: Politoed|atk|1
|-unboost|p2a: Politoed|spa|1
|
|t:|1756857227
|switch|p1b: Ursaluna|Ursaluna, L50, M|88/100 brn|[from] Parting Shot
|
|-weather|none
|-damage|p1b: Ursaluna|83/100 brn|[from] brn
|upkeep
|turn|6
|
|t:|1756857240
|-terastallize|p1b: Ursaluna|Ghost
|move|p2b: Gothitelle|Fake Out|p1b: Ursaluna
|-immune|p1b: Ursaluna
|move|p1a: Porygon2|Tera Blast|p2a: Politoed
|-damage|p2a: Politoed|81/100
|move|p1b: Ursaluna|Facade|p2a: Politoed
|-damage|p2a: Politoed|0 fnt
|faint|p2a: Politoed
|
|-damage|p1b: Ursaluna|77/100 brn|[from] brn
|-fieldend|move: Trick Room
|upkeep
|
|t:|1756857254
|switch|p2a: Kingdra|Kingdra, L50, F, tera:Stellar|91/100
|turn|7
|
|t:|1756857270
|switch|p1b: Incineroar|Incineroar, L50, F|100/100
|-ability|p1b: Incineroar|Intimidate|boost
|-unboost|p2a: Kingdra|atk|1
|-unboost|p2b: Gothitelle|atk|1
|move|p2a: Kingdra|Protect|p2a: Kingdra
|-singleturn|p2a: Kingdra|Protect
|move|p2b: Gothitelle|Psychic|p1b: Incineroar
|-immune|p1b: Incineroar
|move|p1a: Porygon2|Trick Room|p1a: Porygon2
|-fieldstart|move: Trick Room|[of] p1a: Porygon2
|
|upkeep
|turn|8
|inactive|bluntmaster9000 has 30 seconds left.
|inactive|beans14 has 30 seconds left.
|inactive|bluntmaster9000 has 20 seconds left.
|inactive|bluntmaster9000 has 15 seconds left.
|inactive|beans14 has 20 seconds left.
|inactive|beans14 has 15 seconds left.
|
|t:|1756857319
|switch|p2b: Incineroar|Incineroar, L50, F, shiny|76/100
|-ability|p2b: Incineroar|Intimidate|boost
|-unboost|p1a: Porygon2|atk|1
|-unboost|p1b: Incineroar|atk|1
|move|p1a: Porygon2|Tera Blast|p2a: Kingdra
|-damage|p2a: Kingdra|57/100
|move|p1b: Incineroar|Parting Shot|p2a: Kingdra
|-unboost|p2a: Kingdra|atk|1
|-unboost|p2a: Kingdra|spa|1
|
|t:|1756857327
|switch|p1b: Ursaluna|Ursaluna, L50, M, tera:Ghost|77/100 brn|[from] Parting Shot
|move|p2a: Kingdra|Muddy Water|p1b: Ursaluna|[spread] p1a
|-miss|p2a: Kingdra|p1b: Ursaluna
|-damage|p1a: Porygon2|82/100
|-damage|p2a: Kingdra|47/100|[from] item: Life Orb
|
|-damage|p1b: Ursaluna|71/100 brn|[from] brn
|upkeep
|turn|9
|inactive|bluntmaster9000 has 30 seconds left.
|inactive|bluntmaster9000 has 20 seconds left.
|inactive|bluntmaster9000 has 15 seconds left.
|
|t:|1756857371
|move|p2b: Incineroar|Protect|p2b: Incineroar
|-singleturn|p2b: Incineroar|Protect
|move|p2a: Kingdra|Protect|p2a: Kingdra
|-singleturn|p2a: Kingdra|Protect
|move|p1a: Porygon2|Tera Blast|p2b: Incineroar
|-activate|p2b: Incineroar|move: Protect
|move|p1b: Ursaluna|Earthquake|p2a: Kingdra|[spread] p1a
|-activate|p2a: Kingdra|move: Protect
|-activate|p2b: Incineroar|move: Protect
|-damage|p1a: Porygon2|39/100
|
|-damage|p1b: Ursaluna|65/100 brn|[from] brn
|upkeep
|turn|10
|inactive|bluntmaster9000 has 30 seconds left.
|
|t:|1756857396
|switch|p2a: Gothitelle|Gothitelle, L50, M|100/100
|move|p2b: Incineroar|Knock Off|p1b: Ursaluna
|-supereffective|p1b: Ursaluna
|-damage|p1b: Ursaluna|11/100 brn
|-enditem|p1b: Ursaluna|Flame Orb|[from] move: Knock Off|[of] p2b: Incineroar
|move|p1a: Porygon2|Recover|p1a: Porygon2
|-heal|p1a: Porygon2|89/100
|move|p1b: Ursaluna|Headlong Rush|p2b: Incineroar
|-supereffective|p2b: Incineroar
|-damage|p2b: Incineroar|0 fnt
|-unboost|p1b: Ursaluna|def|1
|-unboost|p1b: Ursaluna|spd|1
|faint|p2b: Incineroar
|
|-damage|p1b: Ursaluna|5/100 brn|[from] brn
|upkeep
|
|t:|1756857405
|switch|p2b: Kingdra|Kingdra, L50, F, tera:Stellar|47/100
|turn|11
|inactive|bluntmaster9000 has 30 seconds left.
|
|t:|1756857437
|switch|p1b: Incineroar|Incineroar, L50, F|100/100
|-ability|p1b: Incineroar|Intimidate|boost
|-unboost|p2a: Gothitelle|atk|1
|-unboost|p2b: Kingdra|atk|1
|move|p2a: Gothitelle|Protect|p2a: Gothitelle
|-singleturn|p2a: Gothitelle|Protect
|move|p2b: Kingdra|Protect|p2b: Kingdra
|-singleturn|p2b: Kingdra|Protect
|move|p1a: Porygon2|Ice Beam|p2b: Kingdra
|-activate|p2b: Kingdra|move: Protect
|
|-fieldend|move: Trick Room
|upkeep
|turn|12
|
|t:|1756857454
|move|p2b: Kingdra|Protect|p2b: Kingdra
|-singleturn|p2b: Kingdra|Protect
|move|p1b: Incineroar|Fake Out|p2b: Kingdra
|-activate|p2b: Kingdra|move: Protect
|move|p1a: Porygon2|Ice Beam|p2b: Kingdra
|-activate|p2b: Kingdra|move: Protect
|move|p2a: Gothitelle|Psychic|p1a: Porygon2
|-damage|p1a: Porygon2|69/100
|
|upkeep
|turn|13
|
|t:|1756857470
|move|p2b: Kingdra|Muddy Water|p1a: Porygon2|[spread] p1a,p1b
|-supereffective|p1b: Incineroar
|-damage|p1a: Porygon2|46/100
|-damage|p1b: Incineroar|26/100
|-enditem|p1b: Incineroar|Sitrus Berry|[eat]
|-heal|p1b: Incineroar|50/100|[from] item: Sitrus Berry
|-damage|p2b: Kingdra|37/100|[from] item: Life Orb
|move|p1b: Incineroar|Parting Shot|p2b: Kingdra
|-unboost|p2b: Kingdra|atk|1
|-unboost|p2b: Kingdra|spa|1
|
|t:|1756857479
|switch|p1b: Ursaluna|Ursaluna, L50, M, tera:Ghost|5/100 brn|[from] Parting Shot
|move|p2a: Gothitelle|Psychic|p1a: Porygon2
|-damage|p1a: Porygon2|28/100
|move|p1a: Porygon2|Trick Room|p1a: Porygon2
|-fieldstart|move: Trick Room|[of] p1a: Porygon2
|
|-damage|p1b: Ursaluna|0 fnt|[from] brn
|faint|p1b: Ursaluna
|upkeep
|
|t:|1756857485
|switch|p1b: Incineroar|Incineroar, L50, F|50/100
|-ability|p1b: Incineroar|Intimidate|boost
|-unboost|p2a: Gothitelle|atk|1
|-unboost|p2b: Kingdra|atk|1
|turn|14
|inactive|bluntmaster9000 has 30 seconds left.
|
|t:|1756857497
|move|p2a: Gothitelle|Protect|p2a: Gothitelle
|-singleturn|p2a: Gothitelle|Protect
|move|p1a: Porygon2|Recover|p1a: Porygon2
|-heal|p1a: Porygon2|78/100
|move|p1b: Incineroar|Knock Off|p2b: Kingdra
|-damage|p2b: Kingdra|0 fnt
|-enditem|p2b: Kingdra|Life Orb|[from] move: Knock Off|[of] p1b: Incineroar
|faint|p2b: Kingdra
|
|upkeep
|turn|15
|inactive|bluntmaster9000 has 30 seconds left this turn.
|-message|beans14 forfeited.
|
|win|bluntmaster9000
|raw|bluntmaster9000's rating: 1153 → 1176(+23 for winning)
|raw|beans14's rating: 1132 → 1109(-23 for losing)
|l|☆beans14
|player|p2|
