|j|☆mertering
|j|☆GrovyleSSJ
|html|merteringGrovyleSSJ    
|uhtml|bestof|Game 2 of a best-of-3
|t:|1782645270
|gametype|doubles
|player|p1|mertering|steven|1536
|player|p2|GrovyleSSJ|1|1390
|gen|9
|tier|[Gen 9 Champions] VGC 2026 Reg M-B (Bo3)
|rated|
|rule|Species Clause: Limit one of each Pokémon
|rule|Item Clause: Limit 1 of each item
|clearpoke
|poke|p1|Blaziken, L50, F|
|poke|p1|Kingambit, L50, M|
|poke|p1|Basculegion, L50, M|
|poke|p1|Farigiraf, L50, M|
|poke|p1|Floette-Eternal, L50, F|
|poke|p1|Whimsicott, L50, F|
|poke|p2|Gengar, L50, M|
|poke|p2|Incineroar, L50, M|
|poke|p2|Ninetales-Alola, L50, M|
|poke|p2|Snorlax, L50, M|
|poke|p2|Dragonite, L50, M|
|poke|p2|Sneasler, L50, F|
|teampreview|4
|showteam|p1|Blaziken||Blazikenite|SpeedBoost|CloseCombat,FlareBlitz,RockSlide,Protect|Adamant||F|||50|]Kingambit||BlackGlasses|Defiant|KowtowCleave,SuckerPunch,IronHead,LowKick|Adamant||M|||50|]Basculegion||LifeOrb|Adaptability|WaveCrash,LastRespects,AquaJet,Protect|Jolly||M|||50|]Farigiraf||SitrusBerry|ArmorTail|Imprison,Psyshock,HelpingHand,TrickRoom|Bold||M|||50|]Floette-Eternal||Floettite|FlowerVeil|DazzlingGleam,Moonblast,LightofRuin,Protect|Modest||F|||50|]Whimsicott||FocusSash|Prankster|Moonblast,Tailwind,Encore,Protect|Timid||F|||50|
|showteam|p2|Gengar||Gengarite|CursedBody|Protect,PerishSong,SludgeBomb,ShadowBall|Timid||M|||50|]Incineroar||SitrusBerry|Intimidate|FakeOut,PartingShot,FlareBlitz,Protect|Sassy||M|||50|]Ninetales-Alola||FocusSash|SnowWarning|Protect,Encore,Disable,Blizzard|Timid||M|||50|]Snorlax||Leftovers|ThickFat|Protect,Yawn,Encore,HighHorsepower|Relaxed||M|||50|]Dragonite||DragonFang|Multiscale|Protect,LowKick,ExtremeSpeed,DragonClaw|Adamant||M|||50|]Sneasler||WhiteHerb|Unburden|Protect,FakeOut,CloseCombat,DireClaw|Adamant||F|||50|
|inactive|Battle timer is ON: inactive players will automatically lose when time's up. (requested by mertering)
|
|t:|1782645290
|teamsize|p1|4
|teamsize|p2|4
|start
|switch|p1a: Whimsicott|Whimsicott, L50, F|100/100
|switch|p1b: Kingambit|Kingambit, L50, M|100/100
|switch|p2a: Gengar|Gengar, L50, M|100/100
|switch|p2b: Sneasler|Sneasler, L50, F|100/100
|turn|1
|
|t:|1782645299
|detailschange|p2a: Gengar|Gengar-Mega, L50, M
|-mega|p2a: Gengar|Gengar|Gengarite
|move|p1a: Whimsicott|Protect|p1a: Whimsicott
|-singleturn|p1a: Whimsicott|Protect
|move|p2b: Sneasler|Close Combat|p1b: Kingambit
|-supereffective|p1b: Kingambit|2
|-crit|p1b: Kingambit
|-damage|p1b: Kingambit|0 fnt
|-unboost|p2b: Sneasler|def|1
|-unboost|p2b: Sneasler|spd|1
|faint|p1b: Kingambit
|-enditem|p2b: Sneasler|White Herb
|-clearnegativeboost|p2b: Sneasler|[silent]
|move|p2a: Gengar|Sludge Bomb|p1a: Whimsicott
|-activate|p1a: Whimsicott|move: Protect
|
|upkeep
|
|t:|1782645312
|switch|p1b: Basculegion|Basculegion, L50, M|100/100
|turn|2
|inactive|mertering has 30 seconds left.
|inactive|GrovyleSSJ has 30 seconds left.
|inactive|GrovyleSSJ has 20 seconds left.
|inactive|GrovyleSSJ has 15 seconds left.
|inactive|GrovyleSSJ has 10 seconds left.
|
|t:|1782645358
|switch|p2b: Incineroar|Incineroar, L50, M|100/100
|-ability|p2b: Incineroar|Intimidate|boost
|-unboost|p1a: Whimsicott|atk|1
|-unboost|p1b: Basculegion|atk|1
|move|p1a: Whimsicott|Tailwind|p1a: Whimsicott
|-sidestart|p1: mertering|move: Tailwind
|move|p1b: Basculegion|Last Respects|p2a: Gengar
|-supereffective|p2a: Gengar|1
|-damage|p2a: Gengar|0 fnt
|faint|p2a: Gengar
|-damage|p1b: Basculegion|90/100|[from] item: Life Orb
|
|upkeep
|
|t:|1782645374
|switch|p2a: Snorlax|Snorlax, L50, M|100/100
|turn|3
|
|t:|1782645391
|move|p1a: Whimsicott|Moonblast|p2b: Incineroar
|-damage|p2b: Incineroar|69/100
|move|p1b: Basculegion|Wave Crash|p2b: Incineroar
|-supereffective|p2b: Incineroar|1
|-damage|p2b: Incineroar|0 fnt
|faint|p2b: Incineroar
|-damage|p1b: Basculegion|66/100|[from] Recoil
|-damage|p1b: Basculegion|56/100|[from] item: Life Orb
|move|p2a: Snorlax|Yawn|p1b: Basculegion
|-start|p1b: Basculegion|move: Yawn|[of] p2a: Snorlax
|
|upkeep
|
|t:|1782645399
|switch|p2b: Sneasler|Sneasler, L50, F|100/100
|turn|4
|
|t:|1782645413
|move|p1a: Whimsicott|Encore|p2a: Snorlax
|-start|p2a: Snorlax|Encore
|move|p1b: Basculegion|Wave Crash|p2b: Sneasler
|-damage|p2b: Sneasler|5/100
|-damage|p1b: Basculegion|31/100|[from] Recoil
|-damage|p1b: Basculegion|21/100|[from] item: Life Orb
|move|p2b: Sneasler|Dire Claw|p1b: Basculegion
|-resisted|p1b: Basculegion|1
|-damage|p1b: Basculegion|0 fnt
|faint|p1b: Basculegion
|move|p2a: Snorlax|Yawn|p1a: Whimsicott
|-start|p1a: Whimsicott|move: Yawn|[of] p2a: Snorlax
|
|upkeep
|
|t:|1782645426
|switch|p1b: Floette|Floette-Eternal, L50, F|100/100
|turn|5
|
|t:|1782645447
|detailschange|p1b: Floette|Floette-Mega, L50, F
|-mega|p1b: Floette|Floette|Floettite
|-ability|p1b: Floette|Fairy Aura
|move|p2b: Sneasler|Protect|p2b: Sneasler
|-singleturn|p2b: Sneasler|Protect
|move|p1a: Whimsicott|Moonblast|p2a: Snorlax
|-damage|p2a: Snorlax|68/100
|move|p1b: Floette|Dazzling Gleam|p2a: Snorlax|[spread] p2a
|-activate|p2b: Sneasler|move: Protect
|-damage|p2a: Snorlax|35/100
|move|p2a: Snorlax|Yawn|p1b: Floette
|-start|p1b: Floette|move: Yawn|[of] p2a: Snorlax
|
|-heal|p2a: Snorlax|41/100|[from] item: Leftovers
|-end|p1a: Whimsicott|move: Yawn|[silent]
|-status|p1a: Whimsicott|slp
|-sideend|p1: mertering|move: Tailwind
|upkeep
|turn|6
|
|t:|1782645466
|cant|p1a: Whimsicott|slp
|move|p2b: Sneasler|Dire Claw|p1b: Floette
|-supereffective|p1b: Floette|1
|-damage|p1b: Floette|0 fnt
|faint|p1b: Floette
|move|p2a: Snorlax|Yawn||[still]
|-fail|p2a: Snorlax
|
|-heal|p2a: Snorlax|47/100|[from] item: Leftovers
|-end|p2a: Snorlax|Encore
|upkeep
|turn|7
|
|t:|1782645488
|cant|p1a: Whimsicott|slp
|move|p2b: Sneasler|Dire Claw|p1a: Whimsicott
|-supereffective|p1a: Whimsicott|2
|-enditem|p1a: Whimsicott|Focus Sash
|-damage|p1a: Whimsicott|1/100 slp
|move|p2a: Snorlax|Yawn||[still]
|-fail|p2a: Snorlax
|
|-heal|p2a: Snorlax|53/100|[from] item: Leftovers
|upkeep
|turn|8
|
|t:|1782645499
|-curestatus|p1a: Whimsicott|slp|[msg]
|move|p1a: Whimsicott|Moonblast|p2b: Sneasler
|-crit|p2b: Sneasler
|-damage|p2b: Sneasler|0 fnt
|faint|p2b: Sneasler
|move|p2a: Snorlax|High Horsepower|p1a: Whimsicott
|-resisted|p1a: Whimsicott|1
|-damage|p1a: Whimsicott|0 fnt
|faint|p1a: Whimsicott
|
|win|GrovyleSSJ
||mertering is ready for game 3.
