|j|☆KodeBeast0526
|j|☆CappoFeFe
|html|KodeBeast0526CappoFeFe    
|uhtml|bestof|Game 3 of a best-of-3
|t:|1785181442
|gametype|doubles
|player|p1|KodeBeast0526|hiker|1250
|player|p2|CappoFeFe|169|1277
|gen|9
|tier|[Gen 9 Champions] VGC 2026 Reg M-B (Bo3)
|rated|
|rule|Species Clause: Limit one of each Pokémon
|rule|Item Clause: Limit 1 of each item
|clearpoke
|poke|p1|Aerodactyl, L50, M|
|poke|p1|Kingambit, L50, M|
|poke|p1|Sylveon, L50, M|
|poke|p1|Garchomp, L50, M|
|poke|p1|Charizard, L50, M|
|poke|p1|Farigiraf, L50, M, shiny|
|poke|p2|Farigiraf, L50, M, shiny|
|poke|p2|Camerupt, L50, F, shiny|
|poke|p2|Sylveon, L50, M, shiny|
|poke|p2|Incineroar, L50, M, shiny|
|poke|p2|Scovillain, L50, M, shiny|
|poke|p2|Araquanid, L50, F, shiny|
|teampreview|4
|showteam|p1|Aerodactyl||Aerodactylite|Unnerve|RockSlide,IceFang,Tailwind,WideGuard|Jolly||M|||50|]Kingambit||FocusSash|Defiant|KowtowCleave,SuckerPunch,IronHead,LowKick|Adamant||M|||50|]Sylveon||FairyFeather|Pixilate|Detect,HyperVoice,HyperBeam,QuickAttack|Modest||M|||50|]Garchomp||LifeOrb|RoughSkin|Earthquake,DragonClaw,StompingTantrum,Protect|Jolly||M|||50|]Charizard||CharizarditeY|Blaze|Protect,HeatWave,SolarBeam,WeatherBall|Modest||M|||50|]Farigiraf||SitrusBerry|ArmorTail|Thunderbolt,PsychicNoise,TrickRoom,HelpingHand|Bold||M|||50|
|showteam|p2|Farigiraf||SitrusBerry|ArmorTail|Psychic,Thunderbolt,TrickRoom,Protect|Modest||M|||50|]Camerupt||Cameruptite|SolidRock|AncientPower,EarthPower,HeatWave,Protect|Quiet||F|||50|]Sylveon||LifeOrb|Pixilate|HyperVoice,HyperBeam,QuickAttack,Detect|Quiet||M|||50|]Incineroar||Charcoal|Intimidate|FakeOut,FlareBlitz,ThroatChop,PartingShot|Adamant||M|||50|]Scovillain||Scovillainite|Moody|RagePowder,Protect,LeechSeed,Flamethrower|Calm||M|||50|]Araquanid||MysticWater|WaterBubble|Liquidation,Lunge,Protect,WideGuard|Brave||F|||50|
|
|t:|1785181455
|teamsize|p1|4
|teamsize|p2|4
|start
|switch|p1a: Kingambit|Kingambit, L50, M|100/100
|switch|p1b: Farigiraf|Farigiraf, L50, M, shiny|100/100
|switch|p2a: Scovillain|Scovillain, L50, M, shiny|100/100
|switch|p2b: Farigiraf|Farigiraf, L50, M, shiny|100/100
|turn|1
|
|t:|1785181477
|switch|p1a: Charizard|Charizard, L50, M|100/100
|detailschange|p2a: Scovillain|Scovillain-Mega, L50, M, shiny
|-mega|p2a: Scovillain|Scovillain|Scovillainite
|move|p2b: Farigiraf|Protect|p2b: Farigiraf
|-singleturn|p2b: Farigiraf|Protect
|move|p2a: Scovillain|Leech Seed|p1a: Charizard
|-start|p1a: Charizard|move: Leech Seed
|move|p1b: Farigiraf|Psychic Noise|p2a: Scovillain
|-damage|p2a: Scovillain|72/100
|-start|p2a: Scovillain|move: Heal Block
|-status|p1b: Farigiraf|brn|[from] ability: Spicy Spray|[of] p2a: Scovillain
|
|-damage|p1a: Charizard|87/100|[from] Leech Seed|[of] p2a: Scovillain
|-damage|p1b: Farigiraf|94/100 brn|[from] brn
|upkeep
|turn|2
|
|t:|1785181502
|switch|p2a: Incineroar|Incineroar, L50, M, shiny|100/100
|-ability|p2a: Incineroar|Intimidate|boost
|-unboost|p1a: Charizard|atk|1
|-unboost|p1b: Farigiraf|atk|1
|detailschange|p1a: Charizard|Charizard-Mega-Y, L50, M
|-mega|p1a: Charizard|Charizard|Charizardite Y
|-weather|SunnyDay|[from] ability: Drought|[of] p1a: Charizard
|move|p1b: Farigiraf|Helping Hand|p1a: Charizard
|-singleturn|p1a: Charizard|Helping Hand|[of] p1b: Farigiraf
|move|p1a: Charizard|Heat Wave|p2b: Farigiraf|[spread] p2b
|-miss|p1a: Charizard|p2a: Incineroar
|-damage|p2b: Farigiraf|12/100
|-enditem|p2b: Farigiraf|Sitrus Berry|[eat]
|-heal|p2b: Farigiraf|37/100|[from] item: Sitrus Berry
|move|p2b: Farigiraf|Trick Room|p2b: Farigiraf
|-fieldstart|move: Trick Room|[of] p2b: Farigiraf
|
|-weather|SunnyDay|[upkeep]
|-damage|p1a: Charizard|75/100|[from] Leech Seed|[of] p2a: Incineroar
|-damage|p1b: Farigiraf|88/100 brn|[from] brn
|upkeep
|turn|3
|
|t:|1785181527
|switch|p1a: Sylveon|Sylveon, L50, M|100/100
|move|p2b: Farigiraf|Thunderbolt|p1a: Sylveon
|-damage|p1a: Sylveon|79/100
|move|p2a: Incineroar|Flare Blitz|p1b: Farigiraf
|-damage|p1b: Farigiraf|7/100 brn
|-enditem|p1b: Farigiraf|Sitrus Berry|[eat]
|-heal|p1b: Farigiraf|32/100 brn|[from] item: Sitrus Berry
|-damage|p2a: Incineroar|70/100|[from] Recoil
|move|p1b: Farigiraf|Thunderbolt|p2a: Incineroar
|-damage|p2a: Incineroar|49/100
|
|-weather|SunnyDay|[upkeep]
|-damage|p1b: Farigiraf|26/100 brn|[from] brn
|upkeep
|turn|4
|
|t:|1785181558
|move|p2b: Farigiraf|Psychic|p1b: Farigiraf
|-resisted|p1b: Farigiraf|1
|-damage|p1b: Farigiraf|9/100 brn
|move|p2a: Incineroar|Flare Blitz|p1a: Sylveon
|-damage|p1a: Sylveon|0 fnt
|faint|p1a: Sylveon
|-damage|p2a: Incineroar|24/100|[from] Recoil
|move|p1b: Farigiraf|Thunderbolt|p2b: Farigiraf
|-damage|p2b: Farigiraf|12/100
|
|-weather|SunnyDay|[upkeep]
|-damage|p1b: Farigiraf|3/100 brn|[from] brn
|upkeep
|
|t:|1785181571
|switch|p1a: Charizard|Charizard-Mega-Y, L50, M|75/100
|turn|5
|
|t:|1785181589
|move|p2b: Farigiraf|Thunderbolt|p1a: Charizard
|-supereffective|p1a: Charizard|1
|-damage|p1a: Charizard|25/100
|-status|p1a: Charizard|par
|move|p1a: Charizard|Heat Wave|p2a: Incineroar|[spread] p2a,p2b
|-resisted|p2a: Incineroar|1
|-damage|p2a: Incineroar|0 fnt
|-damage|p2b: Farigiraf|0 fnt
|faint|p2a: Incineroar
|faint|p2b: Farigiraf
|move|p1b: Farigiraf|Thunderbolt|p2: Incineroar|[notarget]
|-fail|p1b: Farigiraf
|
|-weather|SunnyDay|[upkeep]
|-damage|p1b: Farigiraf|0 fnt|[from] brn
|faint|p1b: Farigiraf
|upkeep
|
|t:|1785181608
|switch|p2b: Scovillain|Scovillain-Mega, L50, M, shiny|72/100
|switch|p2a: Sylveon|Sylveon, L50, M, shiny|100/100
|switch|p1b: Kingambit|Kingambit, L50, M|100/100
|turn|6
|inactive|Battle timer is ON: inactive players will automatically lose when time's up. (requested by KodeBeast0526)
|
|t:|1785181637
|move|p2b: Scovillain|Protect|p2b: Scovillain
|-singleturn|p2b: Scovillain|Protect
|move|p1a: Charizard|Heat Wave|p2b: Scovillain|[spread] 
|-activate|p2b: Scovillain|move: Protect
|-miss|p1a: Charizard|p2a: Sylveon
|move|p2a: Sylveon|Hyper Voice|p1b: Kingambit|[spread] p1a,p1b
|-resisted|p1a: Charizard|1
|-damage|p1a: Charizard|1/100 par
|-damage|p1b: Kingambit|44/100
|-damage|p2a: Sylveon|90/100|[from] item: Life Orb
|move|p1b: Kingambit|Iron Head|p2a: Sylveon
|-supereffective|p2a: Sylveon|1
|-damage|p2a: Sylveon|0 fnt
|faint|p2a: Sylveon
|
|-weather|none
|-fieldend|move: Trick Room
|upkeep
|turn|7
|
|t:|1785181654
|move|p1b: Kingambit|Kowtow Cleave|p2b: Scovillain
|-damage|p2b: Scovillain|26/100
|-status|p1b: Kingambit|brn|[from] ability: Spicy Spray|[of] p2b: Scovillain
|move|p2b: Scovillain|Leech Seed|p1a: Charizard
|-start|p1a: Charizard|move: Leech Seed
|cant|p1a: Charizard|par
|
|-damage|p1a: Charizard|0 fnt|[from] Leech Seed|[of] p2b: Scovillain
|-heal|p2b: Scovillain|27/100|[silent]
|faint|p1a: Charizard
|-damage|p1b: Kingambit|38/100 brn|[from] brn
|upkeep
|turn|8
|
|t:|1785181673
|move|p2b: Scovillain|Rage Powder|p2b: Scovillain
|-singleturn|p2b: Scovillain|move: Rage Powder
|move|p1b: Kingambit|Kowtow Cleave|p2b: Scovillain
|-damage|p2b: Scovillain|3/100
|
|-damage|p1b: Kingambit|32/100 brn|[from] brn
|upkeep
|turn|9
|
|t:|1785181681
|move|p1b: Kingambit|Kowtow Cleave|p2b: Scovillain
|-damage|p2b: Scovillain|0 fnt
|faint|p2b: Scovillain
|
|win|KodeBeast0526
|raw|KodeBeast0526's rating: 1250 → 1277(+27 for winning)
|raw|CappoFeFe's rating: 1277 → 1250(-27 for losing)
