|j|☆Hikaru_VT1
|j|☆beeetch
|html|Hikaru_VT1beeetch    
|uhtml|bestof|Game 2 of a best-of-3
|t:|1755086476
|gametype|doubles
|player|p1|Hikaru_VT1|265|1213
|player|p2|beeetch|beauty-gen4dp|1267
|gen|9
|tier|[Gen 9] VGC 2025 Reg H (Bo3)
|rated|
|rule|Species Clause: Limit one of each Pokémon
|rule|Item Clause: Limit 1 of each item
|clearpoke
|poke|p1|Amoonguss, L50, F|
|poke|p1|Archaludon, L50, M|
|poke|p1|Ursaluna, L50, M|
|poke|p1|Incineroar, L50, M|
|poke|p1|Murkrow, L50, F|
|poke|p1|Porygon2, L50|
|poke|p2|Toedscruel, L50, M|
|poke|p2|Weezing-Galar, L50, M|
|poke|p2|Corviknight, L50, M|
|poke|p2|Pawmot, L50, M|
|poke|p2|Garchomp, L50, F|
|poke|p2|Typhlosion-Hisui, L50, F|
|teampreview|4
|showteam|p1|Amoonguss||CovertCloak|Regenerator|Spore,PollenPuff,Protect,RagePowder|||F|||50|,,,,,Water]Archaludon||AssaultVest|Stamina|BodyPress,ElectroShot,FlashCannon,Snarl|||M|||50|,,,,,Grass]Ursaluna||FlameOrb|Guts|HeadlongRush,Facade,Earthquake,Protect|||M|||50|,,,,,Ghost]Incineroar||SafetyGoggles|Intimidate|FlareBlitz,FakeOut,KnockOff,PartingShot|||M|||50|,,,,,Ghost]Murkrow||FocusSash|Prankster|Tailwind,Haze,RainDance,Hurricane|||F|||50|,,,,,Ghost]Porygon2||Eviolite|Download|TeraBlast,IceBeam,TrickRoom,Recover||||||50|,,,,,Fairy
|showteam|p2|Toedscruel||CovertCloak|MyceliumMight|Spore,EarthPower,AcidSpray,RagePowder|||M|||50|,,,,,Water]Weezing-Galar||ChoiceSpecs|NeutralizingGas|DazzlingGleam,SludgeBomb,StrangeSteam,Flamethrower|||M|||50|,,,,,Fire]Corviknight||SitrusBerry|MirrorArmor|Protect,Tailwind,Roost,BraveBird|||M|||50|,,,,,Dragon]Pawmot||FocusSash|NaturalCure|Protect,CloseCombat,DoubleShock,FakeOut|||M|||50|,,,,,Electric]Garchomp||LifeOrb|RoughSkin|Protect,Earthquake,DragonClaw,StompingTantrum|||F|||50|,,,,,Ground]Typhlosion-Hisui||ChoiceScarf|Blaze|Eruption,SleepTalk,HeatWave,ShadowBall|||F|||50|,,,,,Fire
|inactive|Battle timer is ON: inactive players will automatically lose when time's up. (requested by Hikaru_VT1)
|
|t:|1755086498
|teamsize|p1|4
|teamsize|p2|4
|start
|switch|p1a: Incineroar|Incineroar, L50, M|100/100
|switch|p1b: Ursaluna|Ursaluna, L50, M|100/100
|switch|p2a: Typhlosion|Typhlosion-Hisui, L50, F|100/100
|switch|p2b: Weezing|Weezing-Galar, L50, M|100/100
|-ability|p2b: Weezing|Neutralizing Gas
|turn|1
|
|t:|1755086515
|move|p1b: Ursaluna|Protect|p1b: Ursaluna
|-singleturn|p1b: Ursaluna|Protect
|move|p2a: Typhlosion|Eruption|p1a: Incineroar|[spread] p1a
|-activate|p1b: Ursaluna|move: Protect
|-resisted|p1a: Incineroar
|-damage|p1a: Incineroar|74/100
|move|p1a: Incineroar|Knock Off|p2a: Typhlosion
|-supereffective|p2a: Typhlosion
|-damage|p2a: Typhlosion|0 fnt
|-enditem|p2a: Typhlosion|Choice Scarf|[from] move: Knock Off|[of] p1a: Incineroar
|faint|p2a: Typhlosion
|move|p2b: Weezing|Sludge Bomb|p1a: Incineroar
|-damage|p1a: Incineroar|30/100
|
|-status|p1b: Ursaluna|brn|[from] item: Flame Orb
|upkeep
|l|☆beeetch
|inactive|beeetch disconnected and has a minute to reconnect!
|player|p2|
|inactive|beeetch has 30 seconds left.
|j|☆beeetch
|inactive|beeetch reconnected and has 30 seconds left.
|player|p2|beeetch|beauty-gen4dp|
|
|t:|1755086550
|switch|p2a: Pawmot|Pawmot, L50, M|100/100
|turn|2
|inactive|Hikaru_VT1 has 30 seconds left.
|inactive|Hikaru_VT1 has 20 seconds left.
|
|t:|1755086588
|switch|p1b: Archaludon|Archaludon, L50, M|100/100
|-terastallize|p1a: Incineroar|Ghost
|move|p2a: Pawmot|Protect|p2a: Pawmot
|-singleturn|p2a: Pawmot|Protect
|move|p1a: Incineroar|Parting Shot|p2a: Pawmot
|-activate|p2a: Pawmot|move: Protect
|move|p2b: Weezing|Sludge Bomb|p1a: Incineroar
|-resisted|p1a: Incineroar
|-damage|p1a: Incineroar|9/100
|
|upkeep
|turn|3
|
|t:|1755086606
|switch|p1a: Ursaluna|Ursaluna, L50, M|100/100 brn
|move|p2a: Pawmot|Close Combat|p1b: Archaludon
|-supereffective|p1b: Archaludon
|-damage|p1b: Archaludon|23/100
|-unboost|p2a: Pawmot|def|1
|-unboost|p2a: Pawmot|spd|1
|move|p1b: Archaludon|Flash Cannon|p2b: Weezing
|-supereffective|p2b: Weezing
|-damage|p2b: Weezing|10/100
|move|p2b: Weezing|Sludge Bomb|p1a: Ursaluna
|-resisted|p1a: Ursaluna
|-damage|p1a: Ursaluna|72/100 brn
|
|-damage|p1a: Ursaluna|66/100 brn|[from] brn
|upkeep
|turn|4
|
|t:|1755086625
|-end|p2b: Weezing|ability: Neutralizing Gas
|switch|p2b: Corviknight|Corviknight, L50, M|100/100
|switch|p1a: Incineroar|Incineroar, L50, M, tera:Ghost|9/100
|-ability|p1a: Incineroar|Intimidate|boost
|-unboost|p2a: Pawmot|atk|1
|-ability|p2b: Corviknight|Mirror Armor
|-unboost|p1a: Incineroar|atk|1
|move|p2a: Pawmot|Close Combat|p1a: Incineroar
|-immune|p1a: Incineroar
|move|p1b: Archaludon|Flash Cannon|p2b: Corviknight
|-resisted|p2b: Corviknight
|-damage|p2b: Corviknight|85/100
|
|upkeep
|turn|5
|
|t:|1755086639
|switch|p1b: Porygon2|Porygon2, L50|100/100
|-ability|p1b: Porygon2|Download|boost
|-boost|p1b: Porygon2|spa|1
|move|p2a: Pawmot|Protect|p2a: Pawmot
|-singleturn|p2a: Pawmot|Protect
|move|p1a: Incineroar|Fake Out|p2a: Pawmot
|-activate|p2a: Pawmot|move: Protect
|move|p2b: Corviknight|Brave Bird|p1a: Incineroar
|-damage|p1a: Incineroar|0 fnt
|faint|p1a: Incineroar
|-damage|p2b: Corviknight|82/100|[from] Recoil
|
|upkeep
|
|t:|1755086651
|switch|p1a: Ursaluna|Ursaluna, L50, M|66/100 brn
|turn|6
|
|t:|1755086662
|move|p1a: Ursaluna|Protect|p1a: Ursaluna
|-singleturn|p1a: Ursaluna|Protect
|move|p2a: Pawmot|Close Combat|p1b: Porygon2
|-supereffective|p1b: Porygon2
|-damage|p1b: Porygon2|53/100
|-unboost|p2a: Pawmot|def|1
|-unboost|p2a: Pawmot|spd|1
|move|p2b: Corviknight|Brave Bird|p1b: Porygon2
|-damage|p1b: Porygon2|22/100
|-damage|p2b: Corviknight|73/100|[from] Recoil
|move|p1b: Porygon2|Trick Room|p1b: Porygon2
|-fieldstart|move: Trick Room|[of] p1b: Porygon2
|
|-damage|p1a: Ursaluna|61/100 brn|[from] brn
|upkeep
|turn|7
|
|t:|1755086685
|switch|p1b: Archaludon|Archaludon, L50, M|23/100
|move|p2a: Pawmot|Protect|p2a: Pawmot
|-singleturn|p2a: Pawmot|Protect
|move|p1a: Ursaluna|Facade|p2a: Pawmot
|-activate|p2a: Pawmot|move: Protect
|move|p2b: Corviknight|Brave Bird|p1b: Archaludon
|-resisted|p1b: Archaludon
|-damage|p1b: Archaludon|9/100
|-ability|p1b: Archaludon|Stamina|boost
|-boost|p1b: Archaludon|def|1
|-damage|p2b: Corviknight|69/100|[from] Recoil
|
|-damage|p1a: Ursaluna|55/100 brn|[from] brn
|upkeep
|turn|8
|
|t:|1755086704
|switch|p2a: Weezing|Weezing-Galar, L50, M|10/100
|-ability|p2a: Weezing|Neutralizing Gas
|move|p1a: Ursaluna|Facade|p2a: Weezing
|-damage|p2a: Weezing|0 fnt
|faint|p2a: Weezing
|-end|p2a: Weezing|ability: Neutralizing Gas
|move|p2b: Corviknight|Roost|p2b: Corviknight
|-heal|p2b: Corviknight|100/100
|-singleturn|p2b: Corviknight|move: Roost
|move|p1b: Archaludon|Snarl|p2b: Corviknight
|-damage|p2b: Corviknight|85/100
|-ability|p2b: Corviknight|Mirror Armor
|-unboost|p1b: Archaludon|spa|1
|
|-damage|p1a: Ursaluna|49/100 brn|[from] brn
|upkeep
|
|t:|1755086727
|switch|p2a: Pawmot|Pawmot, L50, M|100/100
|turn|9
|
|t:|1755086750
|switch|p1a: Porygon2|Porygon2, L50|22/100
|-ability|p1a: Porygon2|Download|boost
|-boost|p1a: Porygon2|spa|1
|move|p2b: Corviknight|Brave Bird|p1a: Porygon2
|-damage|p1a: Porygon2|0 fnt
|faint|p1a: Porygon2
|-damage|p2b: Corviknight|79/100|[from] Recoil
|move|p1b: Archaludon|Body Press|p2a: Pawmot
|-damage|p2a: Pawmot|34/100
|move|p2a: Pawmot|Close Combat|p1b: Archaludon
|-supereffective|p1b: Archaludon
|-damage|p1b: Archaludon|0 fnt
|-unboost|p2a: Pawmot|def|1
|-unboost|p2a: Pawmot|spd|1
|faint|p1b: Archaludon
|
|upkeep
|-message|Hikaru_VT1 forfeited.
|
|win|beeetch
|raw|Hikaru_VT1's rating: 1213 → 1192(-21 for losing)
|raw|beeetch's rating: 1267 → 1288(+21 for winning)
|l|☆Hikaru_VT1
|player|p1|
