|j|☆Pakaan64
|j|☆Gottkomplexe
|html|Pakaan64Gottkomplexe    
|uhtml|bestof|Game 1 of a best-of-3
|t:|1783085404
|gametype|doubles
|player|p1|Pakaan64|170|1248
|player|p2|Gottkomplexe|ilima|1365
|gen|9
|tier|[Gen 9 Champions] VGC 2026 Reg M-B (Bo3)
|rated|
|rule|Species Clause: Limit one of each Pokémon
|rule|Item Clause: Limit 1 of each item
|clearpoke
|poke|p1|Metagross, L50|
|poke|p1|Sneasler, L50, M|
|poke|p1|Sinistcha-Masterpiece, L50|
|poke|p1|Politoed, L50, F|
|poke|p1|Gengar, L50, F|
|poke|p1|Incineroar, L50, F|
|poke|p2|Charizard, L50, F|
|poke|p2|Incineroar, L50, M|
|poke|p2|Sneasler, L50, M|
|poke|p2|Sinistcha, L50|
|poke|p2|Milotic, L50, F|
|poke|p2|Floette-Eternal, L50, F|
|teampreview|4
|showteam|p1|Metagross||Metagrossite|ClearBody|IronHead,Protect,PsychicFangs,BodyPress|Impish|||||50|]Sneasler||WhiteHerb|Unburden|FakeOut,Protect,DireClaw,Coaching|Jolly||M|||50|]Sinistcha-Masterpiece||KasibBerry|Hospitality|RagePowder,Protect,MatchaGotcha,ShadowBall|Bold|||||50|]Politoed||Leftovers|Drizzle|PerishSong,Encore,Protect,WeatherBall|Calm||F|||50|]Gengar||Gengarite|CursedBody|PerishSong,Protect,Disable,ShadowBall|Timid||F|||50|]Incineroar||SitrusBerry|Intimidate|FakeOut,DarkestLariat,PartingShot,Protect|Careful||F|||50|
|showteam|p2|Charizard||CharizarditeX|Blaze|FlareBlitz,DragonClaw,DragonDance,Protect|Adamant||F|||50|]Incineroar||PasshoBerry|Intimidate|FlareBlitz,FakeOut,PartingShot,HelpingHand|Sassy||M|||50|]Sneasler||FocusSash|PoisonTouch|CloseCombat,PoisonJab,FakeOut,Protect|Jolly||M|||50|]Sinistcha||SitrusBerry|Hospitality|MatchaGotcha,RagePowder,TrickRoom,Protect|Bold|||||50|]Milotic||Leftovers|Competitive|MuddyWater,Hypnosis,Coil,Recover|Calm||F|||50|]Floette-Eternal||Floettite|FlowerVeil|DazzlingGleam,DrainingKiss,CalmMind,Protect|Modest||F|||50|
|inactive|Battle timer is ON: inactive players will automatically lose when time's up. (requested by Gottkomplexe)
|inactive|Pakaan64 also wants the timer to be on.
|inactive|Pakaan64 has 60 seconds left.
|inactive|Gottkomplexe has 60 seconds left.
|inactive|Gottkomplexe has 30 seconds left.
|inactive|Gottkomplexe has 20 seconds left.
|inactive|Gottkomplexe has 15 seconds left.
|inactive|Gottkomplexe has 10 seconds left.
|
|t:|1783085486
|teamsize|p1|4
|teamsize|p2|4
|start
|switch|p1a: Gengar|Gengar, L50, F|100/100
|switch|p1b: Incineroar|Incineroar, L50, F|100/100
|switch|p2a: Milotic|Milotic, L50, F|100/100
|switch|p2b: Incineroar|Incineroar, L50, M|100/100
|-ability|p1b: Incineroar|Intimidate|boost
|-unboost|p2a: Milotic|atk|1
|-ability|p2a: Milotic|Competitive|boost
|-boost|p2a: Milotic|spa|2
|-unboost|p2b: Incineroar|atk|1
|-ability|p2b: Incineroar|Intimidate|boost
|-unboost|p1a: Gengar|atk|1
|-unboost|p1b: Incineroar|atk|1
|turn|1
|
|t:|1783085509
|detailschange|p1a: Gengar|Gengar-Mega, L50, F
|-mega|p1a: Gengar|Gengar|Gengarite
|move|p1b: Incineroar|Fake Out|p2a: Milotic
|-damage|p2a: Milotic|93/100
|move|p1a: Gengar|Perish Song|p1a: Gengar
|-start|p1a: Gengar|perish3|[silent]
|-start|p1b: Incineroar|perish3|[silent]
|-start|p2a: Milotic|perish3|[silent]
|-start|p2b: Incineroar|perish3|[silent]
|-fieldactivate|move: Perish Song
|cant|p2a: Milotic|flinch
|move|p2b: Incineroar|Parting Shot|p1a: Gengar
|-unboost|p1a: Gengar|atk|1
|-unboost|p1a: Gengar|spa|1
|
|t:|1783085515
|switch|p2b: Charizard|Charizard, L50, F|100/100|[from] Parting Shot
|
|-heal|p2a: Milotic|99/100|[from] item: Leftovers
|-start|p1a: Gengar|perish3
|-start|p2a: Milotic|perish3
|-start|p1b: Incineroar|perish3
|upkeep
|turn|2
|
|t:|1783085529
|move|p1a: Gengar|Protect|p1a: Gengar
|-singleturn|p1a: Gengar|Protect
|move|p2b: Charizard|Protect|p2b: Charizard
|-singleturn|p2b: Charizard|Protect
|move|p1b: Incineroar|Protect|p1b: Incineroar
|-singleturn|p1b: Incineroar|Protect
|move|p2a: Milotic|Muddy Water|p1a: Gengar|[spread] 
|-activate|p1a: Gengar|move: Protect
|-activate|p1b: Incineroar|move: Protect
|
|-heal|p2a: Milotic|100/100|[from] item: Leftovers
|-start|p1a: Gengar|perish2
|-start|p2a: Milotic|perish2
|-start|p1b: Incineroar|perish2
|upkeep
|turn|3
|inactive|Pakaan64 has 30 seconds left.
|
|t:|1783085557
|detailschange|p2b: Charizard|Charizard-Mega-X, L50, F
|-mega|p2b: Charizard|Charizard|Charizardite X
|move|p1a: Gengar|Disable|p2a: Milotic
|-start|p2a: Milotic|Disable|Muddy Water
|move|p2b: Charizard|Dragon Claw|p1b: Incineroar
|-damage|p1b: Incineroar|41/100
|-enditem|p1b: Incineroar|Sitrus Berry|[eat]
|-heal|p1b: Incineroar|66/100|[from] item: Sitrus Berry
|cant|p2a: Milotic|Disable|Muddy Water
|move|p1b: Incineroar|Parting Shot|p2b: Charizard
|-unboost|p2b: Charizard|atk|1
|-unboost|p2b: Charizard|spa|1
|
|t:|1783085574
|switch|p1b: Sneasler|Sneasler, L50, M|100/100|[from] Parting Shot
|
|-start|p1a: Gengar|perish1
|-start|p2a: Milotic|perish1
|upkeep
|turn|4
|
|t:|1783085587
|switch|p1a: Incineroar|Incineroar, L50, F|66/100
|-ability|p1a: Incineroar|Intimidate|boost
|-unboost|p2a: Milotic|atk|1
|-ability|p2a: Milotic|Competitive|boost
|-boost|p2a: Milotic|spa|2
|-unboost|p2b: Charizard|atk|1
|move|p1b: Sneasler|Fake Out|p2a: Milotic
|-damage|p2a: Milotic|88/100
|move|p2b: Charizard|Dragon Claw|p1b: Sneasler
|-damage|p1b: Sneasler|44/100
|cant|p2a: Milotic|flinch
|
|-heal|p2a: Milotic|94/100|[from] item: Leftovers
|-start|p2a: Milotic|perish0
|faint|p2a: Milotic
|upkeep
|
|t:|1783085591
|switch|p2a: Incineroar|Incineroar, L50, M|100/100
|-ability|p2a: Incineroar|Intimidate|boost
|-unboost|p1a: Incineroar|atk|1
|-unboost|p1b: Sneasler|atk|1
|-enditem|p1b: Sneasler|White Herb
|-clearnegativeboost|p1b: Sneasler|[silent]
|turn|5
|
|t:|1783085608
|switch|p2b: Sinistcha|Sinistcha, L50|100/100
|move|p1b: Sneasler|Protect|p1b: Sneasler
|-singleturn|p1b: Sneasler|Protect
|move|p2a: Incineroar|Fake Out|p1b: Sneasler
|-activate|p1b: Sneasler|move: Protect
|move|p1a: Incineroar|Parting Shot|p2b: Sinistcha
|-unboost|p2b: Sinistcha|atk|1
|-unboost|p2b: Sinistcha|spa|1
|
|t:|1783085617
|switch|p1a: Gengar|Gengar-Mega, L50, F|100/100|[from] Parting Shot
|
|upkeep
|turn|6
|
|t:|1783085631
|switch|p1b: Incineroar|Incineroar, L50, F|66/100
|-ability|p1b: Incineroar|Intimidate|boost
|-unboost|p2a: Incineroar|atk|1
|-unboost|p2b: Sinistcha|atk|1
|move|p2b: Sinistcha|Rage Powder|p2b: Sinistcha
|-singleturn|p2b: Sinistcha|move: Rage Powder
|move|p1a: Gengar|Shadow Ball|p2b: Sinistcha
|-supereffective|p2b: Sinistcha|1
|-damage|p2b: Sinistcha|10/100
|-enditem|p2b: Sinistcha|Sitrus Berry|[eat]
|-heal|p2b: Sinistcha|35/100|[from] item: Sitrus Berry
|move|p2a: Incineroar|Parting Shot|p1a: Gengar
|-unboost|p1a: Gengar|atk|1
|-unboost|p1a: Gengar|spa|1
|
|t:|1783085638
|switch|p2a: Charizard|Charizard-Mega-X, L50, F|100/100|[from] Parting Shot
|
|upkeep
|turn|7
|inactive|Pakaan64 has 30 seconds left.
|
|t:|1783085666
|switch|p1a: Politoed|Politoed, L50, F|100/100
|-weather|RainDance|[from] ability: Drizzle|[of] p1a: Politoed
|switch|p2b: Incineroar|Incineroar, L50, M|100/100
|-ability|p2b: Incineroar|Intimidate|boost
|-unboost|p1a: Politoed|atk|1
|-unboost|p1b: Incineroar|atk|1
|move|p2a: Charizard|Protect|p2a: Charizard
|-singleturn|p2a: Charizard|Protect
|move|p1b: Incineroar|Parting Shot|p1a: Politoed
|-unboost|p1a: Politoed|atk|1
|-unboost|p1a: Politoed|spa|1
|
|t:|1783085683
|switch|p1b: Sneasler|Sneasler, L50, M|44/100|[from] Parting Shot
|
|-weather|RainDance|[upkeep]
|upkeep
|turn|8
|
|t:|1783085691
|switch|p1a: Gengar|Gengar-Mega, L50, F|100/100
|switch|p2b: Sinistcha|Sinistcha, L50|35/100
|move|p1b: Sneasler|Fake Out|p2a: Charizard
|-damage|p2a: Charizard|85/100
|cant|p2a: Charizard|flinch
|
|-weather|RainDance|[upkeep]
|upkeep
|turn|9
|
|t:|1783085713
|switch|p2b: Incineroar|Incineroar, L50, M|100/100
|-ability|p2b: Incineroar|Intimidate|boost
|-unboost|p1a: Gengar|atk|1
|-unboost|p1b: Sneasler|atk|1
|move|p1a: Gengar|Protect|p1a: Gengar
|-singleturn|p1a: Gengar|Protect
|move|p1b: Sneasler|Dire Claw|p2b: Incineroar
|-damage|p2b: Incineroar|75/100
|move|p2a: Charizard|Dragon Dance|p2a: Charizard
|-boost|p2a: Charizard|atk|1
|-boost|p2a: Charizard|spe|1
|
|-weather|RainDance|[upkeep]
|upkeep
|turn|10
|
|t:|1783085732
|switch|p1a: Incineroar|Incineroar, L50, F|66/100
|-ability|p1a: Incineroar|Intimidate|boost
|-unboost|p2a: Charizard|atk|1
|-unboost|p2b: Incineroar|atk|1
|move|p2b: Incineroar|Helping Hand|p2a: Charizard
|-singleturn|p2a: Charizard|Helping Hand|[of] p2b: Incineroar
|move|p2a: Charizard|Dragon Claw|p1a: Incineroar
|-damage|p1a: Incineroar|0 fnt
|faint|p1a: Incineroar
|move|p1b: Sneasler|Dire Claw|p2a: Charizard
|-damage|p2a: Charizard|58/100
|
|-weather|RainDance|[upkeep]
|upkeep
|
|t:|1783085743
|switch|p1a: Gengar|Gengar-Mega, L50, F|100/100
|turn|11
|
|t:|1783085763
|switch|p1b: Politoed|Politoed, L50, F|100/100
|move|p2a: Charizard|Dragon Claw|p1b: Politoed
|-damage|p1b: Politoed|30/100
|move|p1a: Gengar|Perish Song|p1a: Gengar
|-start|p1a: Gengar|perish3|[silent]
|-start|p1b: Politoed|perish3|[silent]
|-start|p2a: Charizard|perish3|[silent]
|-start|p2b: Incineroar|perish3|[silent]
|-fieldactivate|move: Perish Song
|move|p2b: Incineroar|Parting Shot|p1a: Gengar
|-unboost|p1a: Gengar|atk|1
|-unboost|p1a: Gengar|spa|1
|
|t:|1783085770
|switch|p2b: Sinistcha|Sinistcha, L50|35/100|[from] Parting Shot
|-heal|p2a: Charizard|83/100|[from] ability: Hospitality|[of] p2b: Sinistcha
|
|-weather|none
|-heal|p1b: Politoed|37/100|[from] item: Leftovers
|-start|p2a: Charizard|perish3
|-start|p1a: Gengar|perish3
|-start|p1b: Politoed|perish3
|upkeep
|turn|12
|
|t:|1783085789
|move|p2a: Charizard|Flare Blitz|p1a: Gengar
|-damage|p1a: Gengar|0 fnt
|faint|p1a: Gengar
|-damage|p2a: Charizard|48/100|[from] Recoil
|move|p2b: Sinistcha|Matcha Gotcha|p1b: Politoed|[miss]
|-miss|p2b: Sinistcha|p1b: Politoed
|move|p1b: Politoed|Encore|p2a: Charizard
|-start|p2a: Charizard|Encore
|
|-heal|p1b: Politoed|43/100|[from] item: Leftovers
|-start|p2a: Charizard|perish2
|-start|p1b: Politoed|perish2
|upkeep
|
|t:|1783085793
|switch|p1a: Sneasler|Sneasler, L50, M|44/100
|turn|13
|inactive|Pakaan64 has 30 seconds left.
|
|t:|1783085824
|move|p1a: Sneasler|Protect|p1a: Sneasler
|-singleturn|p1a: Sneasler|Protect
|move|p2a: Charizard|Flare Blitz|p1a: Sneasler
|-activate|p1a: Sneasler|move: Protect
|move|p1b: Politoed|Perish Song|p1b: Politoed
|-start|p1a: Sneasler|perish3|[silent]
|-start|p2b: Sinistcha|perish3|[silent]
|-fieldactivate|move: Perish Song
|move|p2b: Sinistcha|Matcha Gotcha|p1a: Sneasler|[spread] 
|-activate|p1a: Sneasler|move: Protect
|-miss|p2b: Sinistcha|p1b: Politoed
|
|-heal|p1b: Politoed|49/100|[from] item: Leftovers
|-start|p2a: Charizard|perish1
|-start|p1a: Sneasler|perish3
|-start|p2b: Sinistcha|perish3
|-start|p1b: Politoed|perish1
|upkeep
|turn|14
|inactive|Gottkomplexe has 30 seconds left.
|inactive|Gottkomplexe has 20 seconds left.
|inactive|Gottkomplexe has 15 seconds left.
|
|t:|1783085869
|move|p1a: Sneasler|Protect|p1a: Sneasler
|-singleturn|p1a: Sneasler|Protect
|move|p2b: Sinistcha|Protect|p2b: Sinistcha
|-singleturn|p2b: Sinistcha|Protect
|move|p2a: Charizard|Flare Blitz|p1a: Sneasler
|-activate|p1a: Sneasler|move: Protect
|move|p1b: Politoed|Encore|p2b: Sinistcha
|-activate|p2b: Sinistcha|move: Protect
|
|-heal|p1b: Politoed|55/100|[from] item: Leftovers
|-start|p2a: Charizard|perish0
|-start|p1a: Sneasler|perish2
|faint|p2a: Charizard
|-start|p1b: Politoed|perish0
|-start|p2b: Sinistcha|perish2
|faint|p1b: Politoed
|upkeep
|
|t:|1783085871
|switch|p2a: Incineroar|Incineroar, L50, M|75/100
|-ability|p2a: Incineroar|Intimidate|boost
|-unboost|p1a: Sneasler|atk|1
|turn|15
|
|t:|1783085881
|move|p2a: Incineroar|Fake Out|p1a: Sneasler
|-damage|p1a: Sneasler|24/100
|cant|p1a: Sneasler|flinch
|move|p2b: Sinistcha|Trick Room|p2b: Sinistcha
|-fieldstart|move: Trick Room|[of] p2b: Sinistcha
|
|-start|p2b: Sinistcha|perish1
|-start|p1a: Sneasler|perish1
|upkeep
|turn|16
|
|t:|1783085885
|move|p1a: Sneasler|Protect|p1a: Sneasler
|-singleturn|p1a: Sneasler|Protect
|move|p2b: Sinistcha|Rage Powder|p2b: Sinistcha
|-singleturn|p2b: Sinistcha|move: Rage Powder
|move|p2a: Incineroar|Flare Blitz|p1a: Sneasler
|-activate|p1a: Sneasler|move: Protect
|
|-start|p2b: Sinistcha|perish0
|-start|p1a: Sneasler|perish0
|faint|p2b: Sinistcha
|faint|p1a: Sneasler
|
|win|Gottkomplexe
||Pakaan64 is ready for game 2.
|inactive|Gottkomplexe has 30 seconds to confirm battle start!
|inactive|Gottkomplexe has 20 seconds to confirm battle start!
||Gottkomplexe is ready for game 2.
|uhtml|next|Next: Game 2 of 3
|l|☆Pakaan64
|player|p1|
|l|☆Gottkomplexe
|player|p2|
|j|☆Gottkomplexe
|player|p2|Gottkomplexe|ilima|
