|j|☆carmelotb
|j|☆PieterSenshi
|html|carmelotbPieterSenshi    
|uhtml|bestof|Game 3 of a best-of-3
|t:|1785178872
|gametype|doubles
|player|p1|carmelotb|pilot|1118
|player|p2|PieterSenshi|170|1044
|gen|9
|tier|[Gen 9 Champions] VGC 2026 Reg M-B (Bo3)
|rated|
|rule|Species Clause: Limit one of each Pokémon
|rule|Item Clause: Limit 1 of each item
|clearpoke
|poke|p1|Staraptor, L50, M|
|poke|p1|Tyranitar, L50, F|
|poke|p1|Venusaur, L50, F|
|poke|p1|Milotic, L50, M|
|poke|p1|Excadrill, L50, F|
|poke|p1|Sinistcha-Masterpiece, L50|
|poke|p2|Delphox, L50, M|
|poke|p2|Sneasler, L50, M|
|poke|p2|Rotom-Wash, L50|
|poke|p2|Kingambit, L50, F|
|poke|p2|Garchomp, L50, F|
|poke|p2|Sinistcha, L50|
|teampreview|4
|showteam|p1|Staraptor||Staraptite|Intimidate|Tailwind,CloseCombat,BraveBird,Protect|Jolly||M|||50|]Tyranitar||ChoiceScarf|SandStream|RockSlide,HighHorsepower,KnockOff,IcePunch|Jolly||F|||50|]Venusaur||Venusaurite|Chlorophyll|EarthPower,GigaDrain,SludgeBomb,Protect|Modest||F|||50|]Milotic||Leftovers|Competitive|Scald,IcyWind,Protect,Recover|Calm||M|||50|]Excadrill||FocusSash|SandRush|Earthquake,RockSlide,IronHead,Protect|Adamant||F|||50|]Sinistcha-Masterpiece||SitrusBerry|Hospitality|MatchaGotcha,RagePowder,LifeDew,TrickRoom|Bold|||||50|
|showteam|p2|Delphox||Delphoxite|Blaze|HeatWave,Protect,NastyPlot,Psyshock|Modest||M|||50|]Sneasler||FocusSash|Unburden|CloseCombat,FakeOut,DireClaw,Protect|Jolly||M|||50|]Rotom-Wash||SitrusBerry|Levitate|HydroPump,Thunderbolt,WillOWisp,Protect|Calm|||||50|]Kingambit||BlackGlasses|Defiant|SuckerPunch,KowtowCleave,Protect,IronHead|Adamant||F|||50|]Garchomp||LifeOrb|RoughSkin|DragonClaw,Protect,Earthquake,RockSlide|Jolly||F|||50|]Sinistcha||KasibBerry|Hospitality|MatchaGotcha,RagePowder,Protect,TrickRoom|Relaxed|||||50|
|inactive|Battle timer is ON: inactive players will automatically lose when time's up. (requested by PieterSenshi)
|
|t:|1785178895
|teamsize|p1|4
|teamsize|p2|4
|start
|switch|p1a: Sinistcha|Sinistcha-Masterpiece, L50|100/100
|switch|p1b: Tyranitar|Tyranitar, L50, F|100/100
|switch|p2a: Delphox|Delphox, L50, M|100/100
|switch|p2b: Sneasler|Sneasler, L50, M|100/100
|-weather|Sandstorm|[from] ability: Sand Stream|[of] p1b: Tyranitar
|turn|1
|
|t:|1785178912
|detailschange|p2a: Delphox|Delphox-Mega, L50, M
|-mega|p2a: Delphox|Delphox|Delphoxite
|move|p2b: Sneasler|Fake Out|p1b: Tyranitar
|-resisted|p1b: Tyranitar|1
|-damage|p1b: Tyranitar|93/100
|move|p1a: Sinistcha|Rage Powder|p1a: Sinistcha
|-singleturn|p1a: Sinistcha|move: Rage Powder
|move|p2a: Delphox|Heat Wave|p1a: Sinistcha|[spread] p1a
|-miss|p2a: Delphox|p1b: Tyranitar
|-supereffective|p1a: Sinistcha|1
|-damage|p1a: Sinistcha|0 fnt
|faint|p1a: Sinistcha
|cant|p1b: Tyranitar|flinch
|
|-weather|Sandstorm|[upkeep]
|-damage|p2b: Sneasler|94/100|[from] Sandstorm
|-damage|p2a: Delphox|94/100|[from] Sandstorm
|upkeep
|
|t:|1785178919
|switch|p1a: Venusaur|Venusaur, L50, F|100/100
|turn|2
|
|t:|1785178940
|detailschange|p1a: Venusaur|Venusaur-Mega, L50, F
|-mega|p1a: Venusaur|Venusaur|Venusaurite
|move|p2a: Delphox|Protect|p2a: Delphox
|-singleturn|p2a: Delphox|Protect
|move|p2b: Sneasler|Dire Claw|p1a: Venusaur
|-damage|p1a: Venusaur|63/100
|move|p1b: Tyranitar|Rock Slide|p2a: Delphox|[spread] p2b
|-activate|p2a: Delphox|move: Protect
|-resisted|p2b: Sneasler|1
|-damage|p2b: Sneasler|70/100
|move|p1a: Venusaur|Earth Power|p2b: Sneasler
|-supereffective|p2b: Sneasler|1
|-damage|p2b: Sneasler|0 fnt
|faint|p2b: Sneasler
|
|-weather|Sandstorm|[upkeep]
|-damage|p2a: Delphox|88/100|[from] Sandstorm
|-damage|p1a: Venusaur|58/100|[from] Sandstorm
|upkeep
|inactive|PieterSenshi has 30 seconds left.
|
|t:|1785178968
|switch|p2b: Sinistcha|Sinistcha, L50|100/100
|-heal|p2a: Delphox|100/100|[from] ability: Hospitality|[of] p2b: Sinistcha
|turn|3
|
|t:|1785178979
|move|p1b: Tyranitar|Rock Slide|p2b: Sinistcha|[spread] p2a
|-miss|p1b: Tyranitar|p2b: Sinistcha
|-supereffective|p2a: Delphox|1
|-damage|p2a: Delphox|1/100
|move|p2a: Delphox|Heat Wave|p1a: Venusaur|[spread] p1a,p1b
|-supereffective|p1a: Venusaur|1
|-resisted|p1b: Tyranitar|1
|-damage|p1a: Venusaur|21/100
|-damage|p1b: Tyranitar|79/100
|move|p1a: Venusaur|Sludge Bomb|p2a: Delphox
|-damage|p2a: Delphox|0 fnt
|faint|p2a: Delphox
|move|p2b: Sinistcha|Matcha Gotcha|p1b: Tyranitar|[spread] p1a,p1b
|-resisted|p1a: Venusaur|2
|-supereffective|p1b: Tyranitar|1
|-damage|p1a: Venusaur|16/100
|-damage|p1b: Tyranitar|45/100
|-status|p1a: Venusaur|brn
|
|-weather|Sandstorm|[upkeep]
|-damage|p1a: Venusaur|10/100 brn|[from] Sandstorm
|-damage|p2b: Sinistcha|93/100|[from] Sandstorm
|-damage|p1a: Venusaur|4/100 brn|[from] brn
|upkeep
|
|t:|1785178998
|switch|p2a: Kingambit|Kingambit, L50, F|100/100
|turn|4
|
|t:|1785179009
|switch|p1b: Excadrill|Excadrill, L50, F|100/100
|move|p2b: Sinistcha|Rage Powder|p2b: Sinistcha
|-singleturn|p2b: Sinistcha|move: Rage Powder
|move|p1a: Venusaur|Earth Power|p2a: Kingambit
|-supereffective|p2a: Kingambit|1
|-damage|p2a: Kingambit|44/100
|move|p2a: Kingambit|Iron Head|p1b: Excadrill
|-resisted|p1b: Excadrill|1
|-damage|p1b: Excadrill|63/100
|
|-weather|Sandstorm|[upkeep]
|-damage|p1a: Venusaur|0 fnt|[from] Sandstorm
|-damage|p2b: Sinistcha|87/100|[from] Sandstorm
|faint|p1a: Venusaur
|upkeep
|
|t:|1785179019
|switch|p1a: Tyranitar|Tyranitar, L50, F|45/100
|turn|5
|
|t:|1785179041
|move|p2a: Kingambit|Sucker Punch|p1b: Excadrill
|-damage|p1b: Excadrill|0 fnt
|faint|p1b: Excadrill
|move|p1a: Tyranitar|Rock Slide|p2b: Sinistcha|[spread] p2a,p2b
|-resisted|p2a: Kingambit|1
|-damage|p2a: Kingambit|32/100
|-damage|p2b: Sinistcha|65/100
|move|p2b: Sinistcha|Matcha Gotcha|p1a: Tyranitar
|-supereffective|p1a: Tyranitar|1
|-damage|p1a: Tyranitar|3/100
|-heal|p2b: Sinistcha|86/100|[from] drain|[of] p1a: Tyranitar
|
|-weather|none
|upkeep
|turn|6
|-message|carmelotb forfeited.
|
|win|PieterSenshi
|raw|carmelotb's rating: 1118 → 1088(-30 for losing)
|raw|PieterSenshi's rating: 1044 → 1084(+40 for winning)
|l|☆carmelotb
|player|p1|
