|j|☆Missed Ledgedash
|j|☆Ianthebluefishv2
|html|Missed LedgedashIanthebluefishv2    
|uhtml|bestof|Game 2 of a best-of-3
|t:|1782263588
|gametype|doubles
|player|p1|Missed Ledgedash|juan-gen3|1153
|player|p2|Ianthebluefishv2|janitor|1163
|gen|9
|tier|[Gen 9 Champions] VGC 2026 Reg M-B (Bo3)
|rated|
|rule|Species Clause: Limit one of each Pokémon
|rule|Item Clause: Limit 1 of each item
|clearpoke
|poke|p1|Incineroar, L50, F|
|poke|p1|Gengar, L50, F|
|poke|p1|Staraptor, L50, M|
|poke|p1|Basculegion, L50, M|
|poke|p1|Sneasler, L50, F|
|poke|p1|Kingambit, L50, F|
|poke|p2|Incineroar, L50, F|
|poke|p2|Farigiraf, L50, F|
|poke|p2|Kingambit, L50, F|
|poke|p2|Camerupt, L50, M|
|poke|p2|Abomasnow, L50, M|
|poke|p2|Gallade, L50, M|
|teampreview|4
|showteam|p1|Incineroar||SitrusBerry|Intimidate|Protect,FlareBlitz,PartingShot,FakeOut|Relaxed||F|||50|]Gengar||Gengarite|CursedBody|Protect,ShadowBall,SludgeBomb,PerishSong|Timid||F|||50|]Staraptor||Staraptite|Intimidate|Protect,CloseCombat,BraveBird,FinalGambit|Jolly||M|||50|]Basculegion||ChoiceScarf|Adaptability|FlipTurn,WaveCrash,LastRespects,AquaJet|Jolly||M|||50|]Sneasler||WhiteHerb|Unburden|Protect,CloseCombat,DireClaw,FakeOut|Adamant||F|||50|]Kingambit||ChopleBerry|Defiant|Protect,KowtowCleave,SuckerPunch,LowKick|Adamant||F|||50|
|showteam|p2|Incineroar||Charcoal|Intimidate|FakeOut,DarkestLariat,FlareBlitz,PartingShot|Brave||F|||50|]Farigiraf||ColburBerry|ArmorTail|Psychic,HelpingHand,TrickRoom,Protect|Quiet||F|||50|]Kingambit||LifeOrb|Defiant|IronHead,KowtowCleave,SuckerPunch,SwordsDance|Brave||F|||50|]Camerupt||Cameruptite|SolidRock|EarthPower,HeatWave,AncientPower,Protect|Quiet||M|||50|]Abomasnow||Abomasite|SnowWarning|Blizzard,EnergyBall,EarthPower,IceShard|Quiet||M|||50|]Gallade||ExpertBelt|Sharpness|SacredSword,PsychoCut,LeafBlade,TrickRoom|Adamant||M|||50|
|
|t:|1782263643
|teamsize|p1|4
|teamsize|p2|4
|start
|switch|p1a: Staraptor|Staraptor, L50, M|100/100
|switch|p1b: Kingambit|Kingambit, L50, F|100/100
|switch|p2a: Farigiraf|Farigiraf, L50, F|100/100
|switch|p2b: Incineroar|Incineroar, L50, F|100/100
|-ability|p1a: Staraptor|Intimidate|boost
|-unboost|p2a: Farigiraf|atk|1
|-unboost|p2b: Incineroar|atk|1
|-ability|p2b: Incineroar|Intimidate|boost
|-unboost|p1a: Staraptor|atk|1
|-unboost|p1b: Kingambit|atk|1
|-ability|p1b: Kingambit|Defiant|boost
|-boost|p1b: Kingambit|atk|2
|turn|1
|
|t:|1782263661
|detailschange|p1a: Staraptor|Staraptor-Mega, L50, M
|-mega|p1a: Staraptor|Staraptor|Staraptite
|move|p1a: Staraptor|Close Combat|p2b: Incineroar
|-supereffective|p2b: Incineroar|1
|-damage|p2b: Incineroar|30/100
|-boost|p1a: Staraptor|def|1
|-boost|p1a: Staraptor|spd|1
|move|p2b: Incineroar|Flare Blitz|p1b: Kingambit
|-supereffective|p1b: Kingambit|1
|-damage|p1b: Kingambit|29/100
|-damage|p2b: Incineroar|6/100|[from] Recoil
|move|p1b: Kingambit|Kowtow Cleave|p2a: Farigiraf
|-supereffective|p2a: Farigiraf|1
|-enditem|p2a: Farigiraf|Colbur Berry|[eat]
|-enditem|p2a: Farigiraf|Colbur Berry|[weaken]
|-damage|p2a: Farigiraf|25/100
|move|p2a: Farigiraf|Trick Room|p2a: Farigiraf
|-fieldstart|move: Trick Room|[of] p2a: Farigiraf
|
|upkeep
|turn|2
|
|t:|1782263685
|move|p1b: Kingambit|Kowtow Cleave|p2a: Farigiraf
|-supereffective|p2a: Farigiraf|1
|-damage|p2a: Farigiraf|0 fnt
|faint|p2a: Farigiraf
|move|p2b: Incineroar|Flare Blitz|p1b: Kingambit
|-supereffective|p1b: Kingambit|1
|-damage|p1b: Kingambit|0 fnt
|faint|p1b: Kingambit
|-damage|p2b: Incineroar|0 fnt|[from] Recoil
|faint|p2b: Incineroar
|move|p1a: Staraptor|Close Combat|p2: Farigiraf|[notarget]
|-fail|p1a: Staraptor
|
|upkeep
|
|t:|1782263696
|switch|p1b: Sneasler|Sneasler, L50, F|100/100
|switch|p2a: Abomasnow|Abomasnow, L50, M|100/100
|switch|p2b: Gallade|Gallade, L50, M|100/100
|-weather|Snowscape|[from] ability: Snow Warning|[of] p2a: Abomasnow
|turn|3
|
|t:|1782263709
|detailschange|p2a: Abomasnow|Abomasnow-Mega, L50, M
|-mega|p2a: Abomasnow|Abomasnow|Abomasite
|move|p1b: Sneasler|Fake Out|p2b: Gallade
|-damage|p2b: Gallade|80/100
|move|p2a: Abomasnow|Blizzard|p1b: Sneasler|[spread] p1a,p1b
|-supereffective|p1a: Staraptor|1
|-damage|p1a: Staraptor|36/100
|-damage|p1b: Sneasler|35/100
|cant|p2b: Gallade|flinch
|move|p1a: Staraptor|Close Combat|p2a: Abomasnow
|-supereffective|p2a: Abomasnow|1
|-damage|p2a: Abomasnow|59/100
|-boost|p1a: Staraptor|def|1
|-boost|p1a: Staraptor|spd|1
|
|-weather|Snowscape|[upkeep]
|upkeep
|turn|4
|
|t:|1782263736
|move|p1b: Sneasler|Protect|p1b: Sneasler
|-singleturn|p1b: Sneasler|Protect
|move|p1a: Staraptor|Protect|p1a: Staraptor
|-singleturn|p1a: Staraptor|Protect
|move|p2a: Abomasnow|Blizzard|p1a: Staraptor|[spread] 
|-activate|p1a: Staraptor|move: Protect
|-activate|p1b: Sneasler|move: Protect
|move|p2b: Gallade|Leaf Blade|p1b: Sneasler
|-activate|p1b: Sneasler|move: Protect
|
|-weather|Snowscape|[upkeep]
|upkeep
|turn|5
|
|t:|1782263753
|move|p2a: Abomasnow|Blizzard|p1a: Staraptor|[spread] p1a,p1b
|-supereffective|p1a: Staraptor|1
|-damage|p1a: Staraptor|0 fnt
|-damage|p1b: Sneasler|0 fnt
|faint|p1a: Staraptor
|faint|p1b: Sneasler
|move|p2b: Gallade|Leaf Blade|p1: Staraptor|[notarget]
|-fail|p2b: Gallade
|
|-weather|Snowscape|[upkeep]
|-fieldend|move: Trick Room
|upkeep
|
|t:|1782263765
|switch|p1b: Basculegion|Basculegion, L50, M|100/100
|turn|6
|
|t:|1782263790
|move|p1b: Basculegion|Last Respects|p2a: Abomasnow
|-damage|p2a: Abomasnow|0 fnt
|faint|p2a: Abomasnow
|move|p2b: Gallade|Leaf Blade|p1b: Basculegion
|-supereffective|p1b: Basculegion|1
|-damage|p1b: Basculegion|0 fnt
|faint|p1b: Basculegion
|
|win|Ianthebluefishv2
