|j|☆boodsy
|j|☆mavrickbfr
|html|boodsymavrickbfr    
|uhtml|bestof|Game 1 of a best-of-3
|t:|1785031085
|gametype|doubles
|player|p1|boodsy|roxie|1000
|player|p2|mavrickbfr|gentleman-gen4|1109
|gen|9
|tier|[Gen 9 Champions] VGC 2026 Reg M-B (Bo3)
|rated|
|rule|Species Clause: Limit one of each Pokémon
|rule|Item Clause: Limit 1 of each item
|clearpoke
|poke|p1|Froslass, L50, F, shiny|
|poke|p1|Ninetales-Alola, L50, M|
|poke|p1|Lucario, L50, M|
|poke|p1|Gengar, L50, F|
|poke|p1|Bastiodon, L50, F|
|poke|p1|Sneasler, L50, M|
|poke|p2|Scrafty, L50, M, shiny|
|poke|p2|Vileplume, L50, M, shiny|
|poke|p2|Malamar, L50, F, shiny|
|poke|p2|Basculegion, L50, M, shiny|
|poke|p2|Torkoal, L50, M, shiny|
|poke|p2|Farigiraf, L50, F|
|teampreview|4
|showteam|p1|Froslass||Froslassite|CursedBody|Blizzard,ShadowBall,Protect,WeatherBall|Timid||F|||50|]Ninetales-Alola||LightClay|SnowCloak|Blizzard,AuroraVeil,Moonblast,Disable|Timid||M|||50|]Lucario||SitrusBerry|Justified|BulletPunch,CloseCombat,RockSlide,Protect|Jolly||M|||50|]Gengar||LifeOrb|CursedBody|ShadowBall,SludgeBomb,Taunt,DestinyBond|Timid||F|||50|]Bastiodon||ShucaBerry|Sturdy|BodyPress,HeavySlam,WideGuard,Protect|Impish||F|||50|]Sneasler||FocusSash|Unburden|CloseCombat,DireClaw,FakeOut,RockSlide|Adamant||M|||50|
|showteam|p2|Scrafty||Scraftinite|Intimidate|FakeOut,DrainPunch,KnockOff,BulkUp|Impish||M|||50|]Vileplume||FocusSash|Chlorophyll|WeatherBall,GigaDrain,AfterYou,SludgeBomb|Calm||M|||50|]Malamar||SitrusBerry|Contrary|Superpower,TrickRoom,KnockOff,PsychoCut|Sassy||F|||50|]Basculegion||ChoiceScarf|Adaptability|WaveCrash,LastRespects,FlipTurn,IceFang|Adamant||M|||50|]Torkoal||Charcoal|Drought|Eruption,RockSlide,Overheat,Protect|Modest||M|||50|]Farigiraf||ColburBerry|ArmorTail|TwinBeam,Thunderbolt,HyperVoice,TrickRoom|Sassy||F|||50|
|
|t:|1785031124
|teamsize|p1|4
|teamsize|p2|4
|start
|switch|p1a: Gengar|Gengar, L50, F|100/100
|switch|p1b: Sneasler|Sneasler, L50, M|100/100
|switch|p2a: Basculegion|Basculegion, L50, M, shiny|100/100
|switch|p2b: Malamar|Malamar, L50, F, shiny|100/100
|turn|1
|inactive|Battle timer is ON: inactive players will automatically lose when time's up. (requested by mavrickbfr)
|
|t:|1785031155
|move|p1a: Gengar|Shadow Ball|p2a: Basculegion
|-supereffective|p2a: Basculegion|1
|-damage|p2a: Basculegion|0 fnt
|faint|p2a: Basculegion
|-damage|p1a: Gengar|90/100|[from] item: Life Orb
|move|p1b: Sneasler|Dire Claw|p2b: Malamar
|-damage|p2b: Malamar|54/100
|-status|p2b: Malamar|par
|cant|p2b: Malamar|par
|
|upkeep
|
|t:|1785031172
|switch|p2a: Scrafty|Scrafty, L50, M, shiny|100/100
|-ability|p2a: Scrafty|Intimidate|boost
|-unboost|p1a: Gengar|atk|1
|-unboost|p1b: Sneasler|atk|1
|turn|2
|inactive|mavrickbfr has 30 seconds left.
|
|t:|1785031201
|switch|p1b: Froslass|Froslass, L50, F, shiny|100/100
|detailschange|p2a: Scrafty|Scrafty-Mega, L50, M, shiny
|-mega|p2a: Scrafty|Scrafty|Scraftinite
|-ability|p2a: Scrafty|Intimidate|boost
|-unboost|p1a: Gengar|atk|1
|-unboost|p1b: Froslass|atk|1
|move|p1a: Gengar|Shadow Ball|p2b: Malamar
|-damage|p2b: Malamar|5/100 par
|-enditem|p2b: Malamar|Sitrus Berry|[eat]
|-heal|p2b: Malamar|30/100 par|[from] item: Sitrus Berry
|-damage|p1a: Gengar|81/100|[from] item: Life Orb
|move|p2a: Scrafty|Knock Off|p1a: Gengar
|-supereffective|p1a: Gengar|1
|-damage|p1a: Gengar|0 fnt
|-enditem|p1a: Gengar|Life Orb|[from] move: Knock Off|[of] p2a: Scrafty
|faint|p1a: Gengar
|move|p2b: Malamar|Trick Room|p2b: Malamar
|-fieldstart|move: Trick Room|[of] p2b: Malamar
|
|upkeep
|
|t:|1785031219
|switch|p1a: Sneasler|Sneasler, L50, M|100/100
|turn|3
|
|t:|1785031240
|detailschange|p1b: Froslass|Froslass-Mega, L50, F, shiny
|-mega|p1b: Froslass|Froslass|Froslassite
|-weather|Snowscape|[from] ability: Snow Warning|[of] p1b: Froslass
|move|p1a: Sneasler|Fake Out|p2a: Scrafty
|-damage|p2a: Scrafty|87/100
|move|p2b: Malamar|Psycho Cut|p1a: Sneasler
|-supereffective|p1a: Sneasler|2
|-enditem|p1a: Sneasler|Focus Sash
|-damage|p1a: Sneasler|1/100
|cant|p2a: Scrafty|flinch
|move|p1b: Froslass|Blizzard|p2b: Malamar|[spread] p2a,p2b
|-damage|p2a: Scrafty|49/100
|-damage|p2b: Malamar|0 fnt
|faint|p2b: Malamar
|
|-weather|Snowscape|[upkeep]
|upkeep
|
|t:|1785031254
|switch|p2b: Torkoal|Torkoal, L50, M, shiny|100/100
|-weather|SunnyDay|[from] ability: Drought|[of] p2b: Torkoal
|turn|4
|
|t:|1785031273
|switch|p1b: Ninetales|Ninetales-Alola, L50, M|100/100
|move|p2b: Torkoal|Eruption|p1b: Ninetales|[spread] p1a,p1b
|-supereffective|p1b: Ninetales|1
|-damage|p1a: Sneasler|0 fnt
|-damage|p1b: Ninetales|0 fnt
|faint|p1a: Sneasler
|faint|p1b: Ninetales
|move|p2a: Scrafty|Knock Off|p1: Sneasler|[notarget]
|-fail|p2a: Scrafty
|
|-weather|SunnyDay|[upkeep]
|upkeep
|
|t:|1785031276
|switch|p1a: Froslass|Froslass-Mega, L50, F, shiny|100/100
|-weather|Snowscape|[from] ability: Snow Warning|[of] p1a: Froslass
|turn|5
|
|t:|1785031291
|move|p2b: Torkoal|Overheat|p1a: Froslass
|-supereffective|p1a: Froslass|1
|-damage|p1a: Froslass|0 fnt
|-unboost|p2b: Torkoal|spa|2
|faint|p1a: Froslass
|
|win|mavrickbfr
||boodsy is ready for game 2.
|inactive|mavrickbfr has 30 seconds to confirm battle start!
|inactive|mavrickbfr has 20 seconds to confirm battle start!
|l|☆boodsy
|player|p1|
