|j|☆Cristante terabug
|j|☆Aircross360
|html|Cristante terabugAircross360    
|uhtml|bestof|Game 2 of a best-of-3
|t:|1756383610
|gametype|doubles
|player|p1|Cristante terabug|kieran-champion|1031
|player|p2|Aircross360|170|1133
|gen|9
|tier|[Gen 9] VGC 2025 Reg H (Bo3)
|rated|
|rule|Species Clause: Limit one of each Pokémon
|rule|Item Clause: Limit 1 of each item
|clearpoke
|poke|p1|Incineroar, L50, M|
|poke|p1|Pelipper, L50, M|
|poke|p1|Archaludon, L50, M|
|poke|p1|Dragonite, L50, M|
|poke|p1|Sinistcha, L50|
|poke|p1|Ursaluna, L50, F|
|poke|p2|Annihilape, L50, F|
|poke|p2|Gholdengo, L50|
|poke|p2|Dragonite, L50, F|
|poke|p2|Ninetales-Alola, L50, F|
|poke|p2|Magmar, L50, F|
|poke|p2|Ursaluna-Bloodmoon, L50, M|
|teampreview|4
|showteam|p1|Incineroar||SafetyGoggles|Intimidate|FakeOut,PartingShot,KnockOff,FlareBlitz|||M|||50|,,,,,Flying]Pelipper||FocusSash|Drizzle|Hurricane,MuddyWater,Tailwind,Protect|||M|||50|,,,,,Ghost]Archaludon||AssaultVest|Stamina|ElectroShot,Snarl,FlashCannon,BodyPress|||M|||50|,,,,,Bug]Dragonite||LoadedDice|Multiscale|ScaleShot,Tailwind,Haze,Protect|||M|||50|,,,,,Fairy]Sinistcha||SitrusBerry|Hospitality|MatchaGotcha,RagePowder,LifeDew,TrickRoom||||||50|,,,,,Dark]Ursaluna||FlameOrb|Guts|Earthquake,Facade,HeadlongRush,Protect|||F|||50|,,,,,Ghost
|showteam|p2|Annihilape||SafetyGoggles|Defiant|DrainPunch,RageFist,BulkUp,Protect|||F|||50|,,,,,Water]Gholdengo||MetalCoat|GoodasGold|MakeItRain,ShadowBall,NastyPlot,Protect||||||50|,,,,,Dragon]Dragonite||LoadedDice|Multiscale|ScaleShot,ExtremeSpeed,IceSpinner,Protect|||F|||50|,,,,,Steel]Ninetales-Alola||LightClay|SnowWarning|Blizzard,Encore,IcyWind,AuroraVeil|||F|||50|,,,,,Ghost]Magmar||Eviolite|FlameBody|Overheat,FollowMe,Protect,ClearSmog|||F|||50|,,,,,Ghost]Ursaluna-Bloodmoon||AssaultVest|MindsEye|BloodMoon,EarthPower,HyperVoice,VacuumWave|||M|||50|,,,,,Water
|inactive|Battle timer is ON: inactive players will automatically lose when time's up. (requested by Cristante terabug)
|inactive|Aircross360 has 60 seconds left.
|
|t:|1756383708
|teamsize|p1|4
|teamsize|p2|4
|start
|switch|p1a: Dragonite|Dragonite, L50, M|100/100
|switch|p1b: Archaludon|Archaludon, L50, M|100/100
|switch|p2a: Magmar|Magmar, L50, F|100/100
|switch|p2b: Ursaluna|Ursaluna-Bloodmoon, L50, M|100/100
|turn|1
|inactive|Cristante terabug has 30 seconds left.
|
|t:|1756383737
|switch|p1b: Ursaluna|Ursaluna, L50, F|100/100
|move|p2a: Magmar|Follow Me|p2a: Magmar
|-singleturn|p2a: Magmar|move: Follow Me
|move|p1a: Dragonite|Tailwind|p1a: Dragonite
|-sidestart|p1: Cristante terabug|move: Tailwind
|move|p2b: Ursaluna|Hyper Voice|p1b: Ursaluna|[spread] p1a,p1b
|-crit|p1a: Dragonite
|-damage|p1a: Dragonite|70/100
|-damage|p1b: Ursaluna|66/100
|
|-status|p1b: Ursaluna|brn|[from] item: Flame Orb
|upkeep
|turn|2
|inactive|Aircross360 has 30 seconds left.
|inactive|Aircross360 has 20 seconds left.
|inactive|Aircross360 has 15 seconds left.
|
|t:|1756383778
|move|p2a: Magmar|Follow Me|p2a: Magmar
|-singleturn|p2a: Magmar|move: Follow Me
|move|p1a: Dragonite|Scale Shot|p2a: Magmar
|-damage|p2a: Magmar|88/100
|-damage|p2a: Magmar|77/100
|-damage|p2a: Magmar|66/100
|-damage|p2a: Magmar|55/100
|-hitcount|p2a: Magmar|4
|-unboost|p1a: Dragonite|def|1
|-boost|p1a: Dragonite|spe|1
|move|p1b: Ursaluna|Earthquake|p2a: Magmar|[spread] p2a,p2b
|-immune|p1a: Dragonite
|-supereffective|p2a: Magmar
|-crit|p2a: Magmar
|-damage|p2a: Magmar|0 fnt
|-damage|p2b: Ursaluna|54/100
|faint|p2a: Magmar
|move|p2b: Ursaluna|Hyper Voice|p1a: Dragonite|[spread] p1a,p1b
|-crit|p1a: Dragonite
|-damage|p1a: Dragonite|14/100
|-damage|p1b: Ursaluna|30/100 brn
|
|-damage|p1b: Ursaluna|24/100 brn|[from] brn
|upkeep
|
|t:|1756383798
|switch|p2a: Ninetales|Ninetales-Alola, L50, F|100/100
|-weather|Snowscape|[from] ability: Snow Warning|[of] p2a: Ninetales
|turn|3
|inactive|Aircross360 has 30 seconds left.
|inactive|Aircross360 has 20 seconds left.
|
|t:|1756383836
|move|p2b: Ursaluna|Vacuum Wave|p1b: Ursaluna
|-supereffective|p1b: Ursaluna
|-damage|p1b: Ursaluna|0 fnt
|faint|p1b: Ursaluna
|move|p1a: Dragonite|Scale Shot|p2b: Ursaluna
|-crit|p2b: Ursaluna
|-damage|p2b: Ursaluna|37/100
|-damage|p2b: Ursaluna|27/100
|-damage|p2b: Ursaluna|16/100
|-damage|p2b: Ursaluna|5/100
|-hitcount|p2b: Ursaluna|4
|-unboost|p1a: Dragonite|def|1
|-boost|p1a: Dragonite|spe|1
|move|p2a: Ninetales|Aurora Veil|p2a: Ninetales
|-sidestart|p2: Aircross360|move: Aurora Veil
|
|-weather|Snowscape|[upkeep]
|upkeep
|
|t:|1756383851
|switch|p1b: Archaludon|Archaludon, L50, M|100/100
|turn|4
|inactive|Aircross360 has 30 seconds left.
|inactive|Aircross360 has 20 seconds left.
|inactive|Cristante terabug has 30 seconds left.
|
|t:|1756383898
|switch|p1a: Pelipper|Pelipper, L50, M, shiny|100/100
|-weather|RainDance|[from] ability: Drizzle|[of] p1a: Pelipper
|-terastallize|p2a: Ninetales|Ghost
|move|p2b: Ursaluna|Vacuum Wave|p1a: Pelipper
|-resisted|p1a: Pelipper
|-damage|p1a: Pelipper|89/100
|move|p1b: Archaludon|Snarl|p2b: Ursaluna|[spread] p2a,p2b
|-supereffective|p2a: Ninetales
|-damage|p2a: Ninetales|81/100
|-damage|p2b: Ursaluna|0 fnt
|-unboost|p2a: Ninetales|spa|1
|faint|p2b: Ursaluna
|move|p2a: Ninetales|Blizzard|p1b: Archaludon|[spread] p1b
|-miss|p2a: Ninetales|p1a: Pelipper
|-damage|p1b: Archaludon|85/100
|-ability|p1b: Archaludon|Stamina|boost
|-boost|p1b: Archaludon|def|1
|
|-weather|RainDance|[upkeep]
|-sideend|p1: Cristante terabug|move: Tailwind
|upkeep
|
|t:|1756383913
|switch|p2b: Dragonite|Dragonite, L50, F|100/100
|turn|5
|
|t:|1756383937
|move|p2a: Ninetales|Encore|p1b: Archaludon
|-start|p1b: Archaludon|Encore
|move|p2b: Dragonite|Scale Shot|p1a: Pelipper|[miss]
|-miss|p2b: Dragonite|p1a: Pelipper
|move|p1b: Archaludon|Snarl|p2a: Ninetales|[spread] p2a,p2b
|-supereffective|p2a: Ninetales
|-damage|p2a: Ninetales|63/100
|-damage|p2b: Dragonite|96/100
|-unboost|p2a: Ninetales|spa|1
|-unboost|p2b: Dragonite|spa|1
|move|p1a: Pelipper|Muddy Water|p2b: Dragonite|[spread] p2a
|-miss|p1a: Pelipper|p2b: Dragonite
|-damage|p2a: Ninetales|32/100
|
|-weather|RainDance|[upkeep]
|upkeep
|turn|6
|inactive|Cristante terabug has 30 seconds left.
|inactive|Aircross360 has 30 seconds left.
|inactive|Cristante terabug has 20 seconds left.
|
|t:|1756383975
|move|p1a: Pelipper|Protect|p1a: Pelipper
|-singleturn|p1a: Pelipper|Protect
|move|p2a: Ninetales|Blizzard|p1b: Archaludon|[spread] p1b
|-activate|p1a: Pelipper|move: Protect
|-damage|p1b: Archaludon|73/100
|-ability|p1b: Archaludon|Stamina|boost
|-boost|p1b: Archaludon|def|1
|move|p2b: Dragonite|Scale Shot|p1b: Archaludon
|-damage|p1b: Archaludon|68/100
|-ability|p1b: Archaludon|Stamina|boost
|-boost|p1b: Archaludon|def|1
|-damage|p1b: Archaludon|63/100
|-ability|p1b: Archaludon|Stamina|boost
|-boost|p1b: Archaludon|def|1
|-damage|p1b: Archaludon|59/100
|-ability|p1b: Archaludon|Stamina|boost
|-boost|p1b: Archaludon|def|1
|-damage|p1b: Archaludon|56/100
|-ability|p1b: Archaludon|Stamina|boost
|-boost|p1b: Archaludon|def|1
|-hitcount|p1b: Archaludon|4
|-unboost|p2b: Dragonite|def|1
|-boost|p2b: Dragonite|spe|1
|move|p1b: Archaludon|Snarl|p2b: Dragonite|[spread] p2a,p2b
|-supereffective|p2a: Ninetales
|-damage|p2a: Ninetales|14/100
|-damage|p2b: Dragonite|88/100
|-unboost|p2a: Ninetales|spa|1
|-unboost|p2b: Dragonite|spa|1
|
|-weather|RainDance|[upkeep]
|upkeep
|turn|7
|inactive|Cristante terabug has 30 seconds left.
|inactive|Aircross360 has 30 seconds left.
|inactive|Aircross360 has 20 seconds left.
|inactive|Aircross360 has 15 seconds left.
|inactive|Aircross360 has 10 seconds left.
|
|t:|1756384024
|move|p2b: Dragonite|Scale Shot|p1a: Pelipper
|-damage|p1a: Pelipper|69/100
|-damage|p1a: Pelipper|49/100
|-damage|p1a: Pelipper|29/100
|-damage|p1a: Pelipper|9/100
|-hitcount|p1a: Pelipper|4
|-unboost|p2b: Dragonite|def|1
|-boost|p2b: Dragonite|spe|1
|move|p2a: Ninetales|Blizzard|p1a: Pelipper|[spread] p1a,p1b
|-damage|p1a: Pelipper|0 fnt
|-damage|p1b: Archaludon|48/100
|faint|p1a: Pelipper
|move|p1b: Archaludon|Snarl|p2b: Dragonite|[spread] p2a,p2b
|-supereffective|p2a: Ninetales
|-damage|p2a: Ninetales|0 fnt
|-damage|p2b: Dragonite|79/100
|-unboost|p2b: Dragonite|spa|1
|faint|p2a: Ninetales
|
|-weather|RainDance|[upkeep]
|-end|p1b: Archaludon|Encore
|upkeep
|
|t:|1756384048
|switch|p1a: Dragonite|Dragonite, L50, M|14/100
|turn|8
|
|t:|1756384057
|-terastallize|p1a: Dragonite|Fairy
|move|p2b: Dragonite|Protect|p2b: Dragonite
|-singleturn|p2b: Dragonite|Protect
|move|p1a: Dragonite|Scale Shot|p2b: Dragonite
|-activate|p2b: Dragonite|move: Protect
|move|p1b: Archaludon|Electro Shot||[still]
|-prepare|p1b: Archaludon|Electro Shot
|-boost|p1b: Archaludon|spa|1
|-anim|p1b: Archaludon|Electro Shot|p2b: Dragonite
|-activate|p2b: Dragonite|move: Protect
|
|-weather|none
|upkeep
|turn|9
|
|t:|1756384068
|move|p2b: Dragonite|Extreme Speed|p1a: Dragonite
|-damage|p1a: Dragonite|0 fnt
|faint|p1a: Dragonite
|move|p1b: Archaludon|Flash Cannon|p2b: Dragonite
|-damage|p2b: Dragonite|40/100
|
|upkeep
|turn|10
|
|t:|1756384089
|move|p2b: Dragonite|Scale Shot|p1b: Archaludon
|-crit|p1b: Archaludon
|-damage|p1b: Archaludon|32/100
|-damage|p1b: Archaludon|29/100
|-damage|p1b: Archaludon|25/100
|-damage|p1b: Archaludon|22/100
|-hitcount|p1b: Archaludon|4
|-unboost|p2b: Dragonite|def|1
|-boost|p2b: Dragonite|spe|1
|move|p1b: Archaludon|Body Press|p2b: Dragonite
|-resisted|p2b: Dragonite
|-damage|p2b: Dragonite|0 fnt
|faint|p2b: Dragonite
|
|win|Cristante terabug
|raw|Cristante terabug's rating: 1031 → 1076(+45 for winning)
|raw|Aircross360's rating: 1133 → 1101(-32 for losing)
