|j|☆GetaJobApplication
|j|☆IceColdZekrom
|html|GetaJobApplicationIceColdZekrom    
|uhtml|bestof|Game 1 of a best-of-3
|t:|1757686690
|gametype|doubles
|player|p1|GetaJobApplication|cynthia-gen4|1208
|player|p2|IceColdZekrom|eusine|1158
|gen|9
|tier|[Gen 9] VGC 2025 Reg H (Bo3)
|rated|
|rule|Species Clause: Limit one of each Pokémon
|rule|Item Clause: Limit 1 of each item
|clearpoke
|poke|p1|Incineroar, L50, F|
|poke|p1|Indeedee, L50, M|
|poke|p1|Kommo-o, L50, M|
|poke|p1|Amoonguss, L50, F|
|poke|p1|Gholdengo, L50|
|poke|p1|Sneasler, L50, M|
|poke|p2|Breloom, L50, F|
|poke|p2|Pelipper, L50, M|
|poke|p2|Basculegion, L50, M|
|poke|p2|Incineroar, L50, M|
|poke|p2|Archaludon, L50, M|
|poke|p2|Electabuzz, L50, M|
|teampreview|4
|showteam|p1|Incineroar||AssaultVest|Intimidate|FakeOut,KnockOff,Uturn,FlareBlitz|||F|||50|,,,,,Bug]Indeedee||ChoiceScarf|PsychicSurge|ExpandingForce,Trick,HelpingHand,DazzlingGleam|||M|||50|,,,,,Psychic]Kommo-o||ThroatSpray|Overcoat|ClangorousSoul,ClangingScales,Protect,Flamethrower|||M|||50|,,,,,Fire]Amoonguss||SitrusBerry|Regenerator|Spore,RagePowder,PollenPuff,Protect|||F|||50|,,,,,Water]Gholdengo||LifeOrb|GoodasGold|MakeItRain,ShadowBall,NastyPlot,Protect||||||50|,,,,,Steel]Sneasler||PsychicSeed|Unburden|DireClaw,CloseCombat,ThroatChop,Protect|||M|||50|,,,,,Dark
|showteam|p2|Breloom||LoadedDice|Technician|Spore,BulletSeed,CloseCombat,Protect|||F|||50|,,,,,Grass]Pelipper||FocusSash|Drizzle|Tailwind,WideGuard,WeatherBall,Hurricane|||M|||50|,,,,,Grass]Basculegion||ChoiceBand|SwiftSwim|FlipTurn,WaveCrash,AquaJet,LastRespects|||M|||50|,,,,,Water]Incineroar||SafetyGoggles|Intimidate|FakeOut,KnockOff,PartingShot,Protect|||M|||50|,,,,,Ghost]Archaludon||AssaultVest|Stamina|ElectroShot,FlashCannon,BodyPress,DragonPulse|||M|||50|,,,,,Grass]Electabuzz||Eviolite|VitalSpirit|FollowMe,Taunt,ThunderPunch,LowKick|||M|||50|,,,,,Flying
|
|t:|1757686764
|teamsize|p1|4
|teamsize|p2|4
|start
|switch|p1a: Kommo-o|Kommo-o, L50, M|100/100
|switch|p1b: Incineroar|Incineroar, L50, F|100/100
|switch|p2a: Incineroar|Incineroar, L50, M|100/100
|switch|p2b: Pelipper|Pelipper, L50, M|100/100
|-weather|RainDance|[from] ability: Drizzle|[of] p2b: Pelipper
|-ability|p1b: Incineroar|Intimidate|boost
|-unboost|p2a: Incineroar|atk|1
|-unboost|p2b: Pelipper|atk|1
|-ability|p2a: Incineroar|Intimidate|boost
|-unboost|p1a: Kommo-o|atk|1
|-unboost|p1b: Incineroar|atk|1
|turn|1
|
|t:|1757686785
|move|p1b: Incineroar|Fake Out|p2a: Incineroar
|-damage|p2a: Incineroar|93/100
|cant|p2a: Incineroar|flinch
|move|p1a: Kommo-o|Clangorous Soul|p1a: Kommo-o
|-boost|p1a: Kommo-o|atk|1
|-boost|p1a: Kommo-o|def|1
|-boost|p1a: Kommo-o|spa|1
|-boost|p1a: Kommo-o|spd|1
|-boost|p1a: Kommo-o|spe|1
|-damage|p1a: Kommo-o|68/100
|-enditem|p1a: Kommo-o|Throat Spray
|-boost|p1a: Kommo-o|spa|1|[from] item: Throat Spray
|move|p2b: Pelipper|Tailwind|p2b: Pelipper
|-sidestart|p2: IceColdZekrom|move: Tailwind
|
|-weather|RainDance|[upkeep]
|upkeep
|turn|2
|
|t:|1757686804
|move|p1a: Kommo-o|Protect|p1a: Kommo-o
|-singleturn|p1a: Kommo-o|Protect
|move|p2b: Pelipper|Hurricane|p1a: Kommo-o
|-activate|p1a: Kommo-o|move: Protect
|move|p2a: Incineroar|Parting Shot|p1b: Incineroar
|-unboost|p1b: Incineroar|atk|1
|-unboost|p1b: Incineroar|spa|1
|
|t:|1757686809
|switch|p2a: Basculegion|Basculegion, L50, M|100/100|[from] Parting Shot
|move|p1b: Incineroar|U-turn|p2b: Pelipper
|-resisted|p2b: Pelipper
|-damage|p2b: Pelipper|96/100
|
|t:|1757686817
|switch|p1b: Amoonguss|Amoonguss, L50, F|100/100|[from] U-turn
|
|-weather|RainDance|[upkeep]
|upkeep
|turn|3
|
|t:|1757686837
|move|p2b: Pelipper|Wide Guard|p2b: Pelipper
|-singleturn|p2b: Pelipper|Wide Guard
|move|p2a: Basculegion|Flip Turn|p1a: Kommo-o
|-resisted|p1a: Kommo-o
|-damage|p1a: Kommo-o|47/100
|
|t:|1757686843
|switch|p2a: Incineroar|Incineroar, L50, M|93/100|[from] Flip Turn
|-ability|p2a: Incineroar|Intimidate|boost
|-unboost|p1a: Kommo-o|atk|1
|-unboost|p1b: Amoonguss|atk|1
|move|p1a: Kommo-o|Clanging Scales|p2a: Incineroar|[spread] 
|-activate|p2a: Incineroar|move: Wide Guard
|-activate|p2b: Pelipper|move: Wide Guard
|move|p1b: Amoonguss|Spore|p2a: Incineroar
|-activate|p2a: Incineroar|item: Safety Goggles|Spore
|
|-weather|RainDance|[upkeep]
|upkeep
|turn|4
|inactive|Battle timer is ON: inactive players will automatically lose when time's up. (requested by GetaJobApplication)
|
|t:|1757686913
|move|p1a: Kommo-o|Protect|p1a: Kommo-o
|-singleturn|p1a: Kommo-o|Protect
|move|p2a: Incineroar|Fake Out|p1b: Amoonguss
|-damage|p1b: Amoonguss|92/100
|move|p2b: Pelipper|Hurricane|p1b: Amoonguss
|-supereffective|p1b: Amoonguss
|-damage|p1b: Amoonguss|17/100
|-enditem|p1b: Amoonguss|Sitrus Berry|[eat]
|-heal|p1b: Amoonguss|42/100|[from] item: Sitrus Berry
|cant|p1b: Amoonguss|flinch
|
|-weather|RainDance|[upkeep]
|-sideend|p2: IceColdZekrom|move: Tailwind
|upkeep
|turn|5
|inactive|IceColdZekrom has 30 seconds left.
|
|t:|1757686940
|switch|p1b: Incineroar|Incineroar, L50, F|100/100
|-ability|p1b: Incineroar|Intimidate|boost
|-unboost|p2a: Incineroar|atk|1
|-unboost|p2b: Pelipper|atk|1
|move|p1a: Kommo-o|Clanging Scales|p2a: Incineroar|[spread] p2a,p2b
|-damage|p2a: Incineroar|39/100
|-damage|p2b: Pelipper|0 fnt
|faint|p2b: Pelipper
|-unboost|p1a: Kommo-o|def|1
|move|p2a: Incineroar|Parting Shot|p1a: Kommo-o
|-unboost|p1a: Kommo-o|atk|1
|-unboost|p1a: Kommo-o|spa|1
|
|t:|1757686950
|switch|p2a: Archaludon|Archaludon, L50, M|100/100|[from] Parting Shot
|
|-weather|none
|upkeep
|
|t:|1757686953
|switch|p2b: Incineroar|Incineroar, L50, M|39/100
|-ability|p2b: Incineroar|Intimidate|boost
|-unboost|p1a: Kommo-o|atk|1
|-unboost|p1b: Incineroar|atk|1
|turn|6
|
|t:|1757686975
|move|p1b: Incineroar|Fake Out|p2b: Incineroar
|-damage|p2b: Incineroar|31/100
|cant|p2b: Incineroar|flinch
|move|p1a: Kommo-o|Clanging Scales|p2b: Incineroar|[spread] p2a,p2b
|-crit|p2b: Incineroar
|-damage|p2a: Archaludon|55/100
|-damage|p2b: Incineroar|0 fnt
|-ability|p2a: Archaludon|Stamina|boost
|-boost|p2a: Archaludon|def|1
|faint|p2b: Incineroar
|-unboost|p1a: Kommo-o|def|1
|move|p2a: Archaludon|Dragon Pulse|p1a: Kommo-o
|-supereffective|p1a: Kommo-o
|-damage|p1a: Kommo-o|0 fnt
|faint|p1a: Kommo-o
|
|upkeep
|
|t:|1757686983
|switch|p1a: Gholdengo|Gholdengo, L50|100/100
|switch|p2b: Basculegion|Basculegion, L50, M|100/100
|turn|7
|inactive|IceColdZekrom has 30 seconds left.
|inactive|IceColdZekrom has 20 seconds left.
|inactive|IceColdZekrom has 15 seconds left.
|inactive|IceColdZekrom has 10 seconds left.
|
|t:|1757687029
|switch|p1b: Amoonguss|Amoonguss, L50, F|75/100
|move|p1a: Gholdengo|Protect|p1a: Gholdengo
|-singleturn|p1a: Gholdengo|Protect
|move|p2b: Basculegion|Wave Crash|p1a: Gholdengo
|-activate|p1a: Gholdengo|move: Protect
|move|p2a: Archaludon|Dragon Pulse|p1a: Gholdengo
|-activate|p1a: Gholdengo|move: Protect
|
|upkeep
|turn|8
|inactive|IceColdZekrom has 30 seconds left.
|inactive|IceColdZekrom has 20 seconds left.
|inactive|IceColdZekrom has 15 seconds left.
|inactive|IceColdZekrom has 10 seconds left.
|inactive|IceColdZekrom has 5 seconds left.
|
|t:|1757687079
|move|p1b: Amoonguss|Rage Powder|p1b: Amoonguss
|-singleturn|p1b: Amoonguss|move: Rage Powder
|move|p1a: Gholdengo|Shadow Ball|p2b: Basculegion
|-supereffective|p2b: Basculegion
|-damage|p2b: Basculegion|0 fnt
|faint|p2b: Basculegion
|-damage|p1a: Gholdengo|91/100|[from] item: Life Orb
|move|p2a: Archaludon|Flash Cannon|p1b: Amoonguss
|-damage|p1b: Amoonguss|41/100
|
|upkeep
|turn|9
|-message|IceColdZekrom forfeited.
|
|win|GetaJobApplication
|l|☆IceColdZekrom
|player|p2|
||GetaJobApplication is ready for game 2.
||IceColdZekrom is ready for game 2.
|uhtml|next|Next: Game 2 of 3
