|j|☆ahamedsan34
|j|☆FLINTT1
|html|ahamedsan34FLINTT1    
|uhtml|bestof|Game 1 of a best-of-3
|t:|1757784669
|gametype|doubles
|player|p1|ahamedsan34|dawn|1032
|player|p2|FLINTT1|flint|1088
|gen|9
|tier|[Gen 9] VGC 2025 Reg H (Bo3)
|rated|
|rule|Species Clause: Limit one of each Pokémon
|rule|Item Clause: Limit 1 of each item
|clearpoke
|poke|p1|Indeedee-F, L50, F|
|poke|p1|Hatterene, L50, F|
|poke|p1|Metagross, L50|
|poke|p1|Ursaluna, L50, F|
|poke|p1|Whimsicott, L50, F|
|poke|p1|Archaludon, L50, F|
|poke|p2|Tyranitar, L50, F|
|poke|p2|Incineroar, L50, F|
|poke|p2|Dragonite, L50, M|
|poke|p2|Excadrill, L50, F|
|poke|p2|Indeedee-F, L50, F|
|poke|p2|Hatterene, L50, F|
|teampreview|4
|showteam|p1|Indeedee-F||MentalHerb|PsychicSurge|FollowMe,Psychic,HelpingHand,FakeOut|||F|||50|,,,,,Psychic]Hatterene||LifeOrb|MagicBounce|TrickRoom,ExpandingForce,MysticalFire,Protect|||F|||50|,,,,,Psychic]Metagross||ChoiceBand|ClearBody|PsychicFangs,KnockOff,HeavySlam,HammerArm||||||50|,,,,,Steel]Ursaluna||FlameOrb|Guts|Earthquake,HeadlongRush,HammerArm,Facade|||F|||50|,,,,,Ground]Whimsicott|||Prankster|SunnyDay,Tailwind,Encore,BeatUp|||F|||50|,,,,,Grass]Archaludon||AssaultVest|Stamina|BodyPress,DragonPulse,ElectroShot,HoneClaws|||F|||50|,,,,,Steel
|showteam|p2|Tyranitar||ClearAmulet|SandStream|RockSlide,LowKick,TeraBlast,KnockOff|||F|||50|,,,,,Flying]Incineroar||SitrusBerry|Intimidate|FakeOut,FlareBlitz,KnockOff,PartingShot|||F|||50|,,,,,Grass]Dragonite||LoadedDice|InnerFocus|Protect,ScaleShot,Haze,TeraBlast|||M|||50|,,,,,Flying]Excadrill||FocusSash|SandRush|Protect,SwordsDance,Earthquake,IronHead|||F|||50|,,,,,Flying]Indeedee-F||PsychicSeed|PsychicSurge|FollowMe,Psychic,HelpingHand,TrickRoom|||F|||50|,,,,,Water]Hatterene||TwistedSpoon|MagicBounce|DazzlingGleam,TrickRoom,ExpandingForce,Protect|||F|||50|,,,,,Psychic
|inactive|Battle timer is ON: inactive players will automatically lose when time's up. (requested by ahamedsan34)
|inactive|FLINTT1 has 60 seconds left.
|
|t:|1757784737
|teamsize|p1|4
|teamsize|p2|4
|start
|switch|p1a: Indeedee|Indeedee-F, L50, F|100/100
|switch|p1b: Hatterene|Hatterene, L50, F|100/100
|switch|p2a: Excadrill|Excadrill, L50, F|100/100
|switch|p2b: Tyranitar|Tyranitar, L50, F|100/100
|-fieldstart|move: Psychic Terrain|[from] ability: Psychic Surge|[of] p1a: Indeedee
|-weather|Sandstorm|[from] ability: Sand Stream|[of] p2b: Tyranitar
|turn|1
|inactive|ahamedsan34 has 30 seconds left.
|
|t:|1757784774
|move|p1a: Indeedee|Follow Me|p1a: Indeedee
|-singleturn|p1a: Indeedee|move: Follow Me
|move|p2a: Excadrill|Swords Dance|p2a: Excadrill
|-boost|p2a: Excadrill|atk|2
|move|p2b: Tyranitar|Rock Slide|p1b: Hatterene|[spread] p1b
|-miss|p2b: Tyranitar|p1a: Indeedee
|-damage|p1b: Hatterene|60/100
|move|p1b: Hatterene|Trick Room|p1b: Hatterene
|-fieldstart|move: Trick Room|[of] p1b: Hatterene
|
|-weather|Sandstorm|[upkeep]
|-damage|p1b: Hatterene|54/100|[from] Sandstorm
|-damage|p1a: Indeedee|94/100|[from] Sandstorm
|upkeep
|turn|2
|
|t:|1757784797
|-terastallize|p2b: Tyranitar|Flying
|move|p1b: Hatterene|Mystical Fire|p2a: Excadrill
|-supereffective|p2a: Excadrill
|-damage|p2a: Excadrill|19/100
|-unboost|p2a: Excadrill|spa|1
|-damage|p1b: Hatterene|44/100|[from] item: Life Orb
|move|p2b: Tyranitar|Knock Off|p1a: Indeedee
|-supereffective|p1a: Indeedee
|-crit|p1a: Indeedee
|-damage|p1a: Indeedee|0 fnt
|-enditem|p1a: Indeedee|Mental Herb|[from] move: Knock Off|[of] p2b: Tyranitar
|faint|p1a: Indeedee
|move|p2a: Excadrill|Earthquake|p1b: Hatterene|[spread] p1b
|-immune|p2b: Tyranitar
|-damage|p1b: Hatterene|0 fnt
|faint|p1b: Hatterene
|
|-weather|Sandstorm|[upkeep]
|-damage|p2b: Tyranitar|94/100|[from] Sandstorm
|upkeep
|
|t:|1757784807
|switch|p1b: Ursaluna|Ursaluna, L50, F|100/100
|switch|p1a: Metagross|Metagross, L50|100/100
|turn|3
|
|t:|1757784829
|-terastallize|p1a: Metagross|Steel
|move|p2a: Excadrill|Protect|p2a: Excadrill
|-singleturn|p2a: Excadrill|Protect
|move|p1b: Ursaluna|Hammer Arm|p2a: Excadrill
|-activate|p2a: Excadrill|move: Protect
|move|p1a: Metagross|Heavy Slam|p2b: Tyranitar
|-damage|p2b: Tyranitar|32/100
|move|p2b: Tyranitar|Knock Off|p1a: Metagross
|-damage|p1a: Metagross|54/100
|-enditem|p1a: Metagross|Choice Band|[from] move: Knock Off|[of] p2b: Tyranitar
|
|-weather|Sandstorm|[upkeep]
|-damage|p2b: Tyranitar|25/100|[from] Sandstorm
|-status|p1b: Ursaluna|brn|[from] item: Flame Orb
|upkeep
|turn|4
|
|t:|1757784850
|move|p1b: Ursaluna|Hammer Arm|p2a: Excadrill
|-supereffective|p2a: Excadrill
|-damage|p2a: Excadrill|0 fnt
|-unboost|p1b: Ursaluna|spe|1
|faint|p2a: Excadrill
|move|p1a: Metagross|Heavy Slam|p2b: Tyranitar
|-damage|p2b: Tyranitar|0 fnt
|faint|p2b: Tyranitar
|
|-weather|Sandstorm|[upkeep]
|-damage|p1b: Ursaluna|95/100 brn|[from] brn
|upkeep
|
|t:|1757784860
|switch|p2b: Dragonite|Dragonite, L50, M|100/100
|switch|p2a: Hatterene|Hatterene, L50, F|100/100
|turn|5
|inactive|ahamedsan34 has 30 seconds left.
|inactive|FLINTT1 has 30 seconds left.
|inactive|ahamedsan34 has 20 seconds left.
|inactive|ahamedsan34 has 15 seconds left.
|
|t:|1757784903
|move|p2a: Hatterene|Protect|p2a: Hatterene
|-singleturn|p2a: Hatterene|Protect
|move|p2b: Dragonite|Protect|p2b: Dragonite
|-singleturn|p2b: Dragonite|Protect
|move|p1b: Ursaluna|Facade|p2b: Dragonite
|-activate|p2b: Dragonite|move: Protect
|move|p1a: Metagross|Heavy Slam|p2a: Hatterene
|-activate|p2a: Hatterene|move: Protect
|
|-weather|none
|-damage|p1b: Ursaluna|89/100 brn|[from] brn
|-fieldend|move: Trick Room
|-fieldend|move: Psychic Terrain
|upkeep
|turn|6
|inactive|FLINTT1 has 30 seconds left.
|
|t:|1757784934
|move|p2b: Dragonite|Scale Shot|p1b: Ursaluna
|-damage|p1b: Ursaluna|79/100 brn
|-damage|p1b: Ursaluna|68/100 brn
|-damage|p1b: Ursaluna|57/100 brn
|-damage|p1b: Ursaluna|45/100 brn
|-damage|p1b: Ursaluna|35/100 brn
|-hitcount|p1b: Ursaluna|5
|-unboost|p2b: Dragonite|def|1
|-boost|p2b: Dragonite|spe|1
|move|p1a: Metagross|Heavy Slam|p2a: Hatterene
|-supereffective|p2a: Hatterene
|-damage|p2a: Hatterene|0 fnt
|faint|p2a: Hatterene
|move|p1b: Ursaluna|Facade|p2b: Dragonite
|-damage|p2b: Dragonite|0 fnt
|faint|p2b: Dragonite
|
|win|ahamedsan34
|inactive|ahamedsan34 has 30 seconds to confirm battle start!
|inactive|FLINTT1 has 30 seconds to confirm battle start!
||FLINTT1 is ready for game 2.
||ahamedsan34 is ready for game 2.
|uhtml|next|Next: Game 2 of 3
