|j|☆caevz027
|j|☆ZephyrBreezy
|html|caevz027ZephyrBreezy    
|uhtml|bestof|Game 3 of a best-of-3
|t:|1756934719
|gametype|doubles
|player|p1|caevz027|101|1151
|player|p2|ZephyrBreezy|1|1107
|gen|9
|tier|[Gen 9] VGC 2025 Reg H (Bo3)
|rated|
|rule|Species Clause: Limit one of each Pokémon
|rule|Item Clause: Limit 1 of each item
|clearpoke
|poke|p1|Ninetales-Alola, L50, F|
|poke|p1|Annihilape, L50, M|
|poke|p1|Sinistcha-Masterpiece, L50|
|poke|p1|Klefki, L50, F|
|poke|p1|Ursaluna-Bloodmoon, L50, M|
|poke|p1|Maushold-Four, L50|
|poke|p2|Lilligant-Hisui, L50, F|
|poke|p2|Torkoal, L50, F|
|poke|p2|Delphox, L50, F|
|poke|p2|Ursaluna-Bloodmoon, L50, M|
|poke|p2|Indeedee-F, L50, F|
|poke|p2|Annihilape, L50, M|
|teampreview|4
|showteam|p1|Ninetales-Alola||FocusSash|SnowWarning|IcyWind,Encore,Protect,FreezeDry|||F|||50|,,,,,Ghost]Annihilape||Leftovers|Defiant|Protect,DrainPunch,RageFist,BulkUp|||M|||50|,,,,,Fire]Sinistcha-Masterpiece||SitrusBerry|Hospitality|MatchaGotcha,RagePowder,LifeDew,TrickRoom||||||50|,,,,,Water]Klefki||LightClay|Prankster|DazzlingGleam,Reflect,LightScreen,MistyTerrain|||F|||50|,,,,,Ghost]Ursaluna-Bloodmoon||AssaultVest|MindsEye|HyperVoice,BloodMoon,EarthPower,VacuumWave|||M|||50|,,,,,Normal]Maushold-Four||WideLens|Technician|PopulationBomb,FollowMe,Protect,BeatUp||||||50|,,,,,Ghost
|showteam|p2|Lilligant-Hisui||FocusSash|Chlorophyll|AfterYou,SleepPowder,Protect,Coaching|||F|||50|,,,,,Ghost]Torkoal||EjectPack|Drought|Eruption,Overheat,EarthPower,Protect|||F|||50|,,,,,Fire]Delphox||LifeOrb|Blaze|ExpandingForce,HeatWave,Protect,TeraBlast|||F|||50|,,,,,Fighting]Ursaluna-Bloodmoon||AssaultVest|MindsEye|HyperVoice,BloodMoon,EarthPower,VacuumWave|||M|||50|,,,,,Water]Indeedee-F||SafetyGoggles|PsychicSurge|FollowMe,HelpingHand,TrickRoom,Psychic|||F|||50|,,,,,Water]Annihilape||ChoiceScarf|Defiant|FinalGambit,CloseCombat,ShadowClaw,Uturn|||M|||50|,,,,,Fighting
|inactive|Battle timer is ON: inactive players will automatically lose when time's up. (requested by ZephyrBreezy)
|inactive|caevz027 has 60 seconds left.
|
|t:|1756934776
|teamsize|p1|4
|teamsize|p2|4
|start
|switch|p1a: Maushold|Maushold-Four, L50|100/100
|switch|p1b: Annihilape|Annihilape, L50, M, shiny|100/100
|switch|p2a: Annihilape|Annihilape, L50, M|100/100
|switch|p2b: Indeedee|Indeedee-F, L50, F|100/100
|-fieldstart|move: Psychic Terrain|[from] ability: Psychic Surge|[of] p2b: Indeedee
|turn|1
|inactive|ZephyrBreezy has 30 seconds left.
|inactive|ZephyrBreezy has 20 seconds left.
|
|t:|1756934814
|-terastallize|p1a: Maushold|Ghost
|move|p2b: Indeedee|Follow Me|p2b: Indeedee
|-singleturn|p2b: Indeedee|move: Follow Me
|move|p2a: Annihilape|Final Gambit|p1b: Annihilape
|-immune|p1b: Annihilape
|move|p1a: Maushold|Population Bomb|p2b: Indeedee
|-damage|p2b: Indeedee|89/100
|-damage|p2b: Indeedee|77/100
|-damage|p2b: Indeedee|66/100
|-damage|p2b: Indeedee|54/100
|-damage|p2b: Indeedee|41/100
|-damage|p2b: Indeedee|29/100
|-damage|p2b: Indeedee|17/100
|-damage|p2b: Indeedee|5/100
|-crit|p2b: Indeedee
|-damage|p2b: Indeedee|0 fnt
|faint|p2b: Indeedee
|-hitcount|p2: Indeedee|9
|move|p1b: Annihilape|Bulk Up|p1b: Annihilape
|-boost|p1b: Annihilape|atk|1
|-boost|p1b: Annihilape|def|1
|
|upkeep
|
|t:|1756934822
|switch|p2b: Delphox|Delphox, L50, F|100/100
|turn|2
|
|t:|1756934841
|switch|p2a: Torkoal|Torkoal, L50, F|100/100
|-weather|SunnyDay|[from] ability: Drought|[of] p2a: Torkoal
|-terastallize|p2b: Delphox|Fighting
|move|p1a: Maushold|Beat Up|p1b: Annihilape
|-damage|p1b: Annihilape|98/100
|-damage|p1b: Annihilape|94/100
|-damage|p1b: Annihilape|91/100
|-damage|p1b: Annihilape|88/100
|-hitcount|p1b: Annihilape|4
|move|p2b: Delphox|Expanding Force|p1b: Annihilape|[spread] p1a,p1b
|-supereffective|p1b: Annihilape
|-damage|p1a: Maushold|2/100
|-damage|p1b: Annihilape|0 fnt
|faint|p1b: Annihilape
|-damage|p2b: Delphox|90/100|[from] item: Life Orb
|
|-weather|SunnyDay|[upkeep]
|upkeep
|
|t:|1756934858
|switch|p1b: Ninetales|Ninetales-Alola, L50, F|100/100
|-weather|Snowscape|[from] ability: Snow Warning|[of] p1b: Ninetales
|turn|3
|
|t:|1756934875
|switch|p2a: Annihilape|Annihilape, L50, M|100/100
|move|p2b: Delphox|Protect|p2b: Delphox
|-singleturn|p2b: Delphox|Protect
|move|p1a: Maushold|Population Bomb|p2a: Annihilape
|-immune|p2a: Annihilape
|move|p1b: Ninetales|Freeze-Dry|p2a: Annihilape
|-damage|p2a: Annihilape|77/100
|
|-weather|Snowscape|[upkeep]
|upkeep
|turn|4
|
|t:|1756934897
|switch|p1a: Sinistcha|Sinistcha-Masterpiece, L50|100/100
|switch|p2b: Torkoal|Torkoal, L50, F|100/100
|-weather|SunnyDay|[from] ability: Drought|[of] p2b: Torkoal
|move|p2a: Annihilape|Shadow Claw|p1a: Sinistcha
|-supereffective|p1a: Sinistcha
|-damage|p1a: Sinistcha|52/100
|move|p1b: Ninetales|Encore||[still]
|-fail|p1b: Ninetales
|
|-weather|SunnyDay|[upkeep]
|upkeep
|turn|5
|inactive|caevz027 has 30 seconds left.
|
|t:|1756934923
|switch|p2a: Delphox|Delphox, L50, F, tera:Fighting|90/100
|move|p1b: Ninetales|Freeze-Dry|p2a: Delphox
|-damage|p2a: Delphox|56/100
|move|p1a: Sinistcha|Matcha Gotcha|p2b: Torkoal|[spread] p2a,p2b
|-resisted|p2b: Torkoal
|-damage|p2a: Delphox|18/100
|-heal|p1a: Sinistcha|68/100|[from] drain|[of] p2a: Delphox
|-damage|p2b: Torkoal|82/100
|-heal|p1a: Sinistcha|78/100|[from] drain|[of] p2b: Torkoal
|move|p2b: Torkoal|Eruption|p1b: Ninetales|[spread] p1a,p1b
|-supereffective|p1a: Sinistcha
|-supereffective|p1b: Ninetales
|-damage|p1a: Sinistcha|0 fnt
|-enditem|p1b: Ninetales|Focus Sash
|-damage|p1b: Ninetales|1/100
|faint|p1a: Sinistcha
|
|-weather|SunnyDay|[upkeep]
|-fieldend|move: Psychic Terrain
|upkeep
|
|t:|1756934941
|switch|p1a: Maushold|Maushold-Four, L50, tera:Ghost|2/100
|turn|6
|
|t:|1756934952
|switch|p2a: Annihilape|Annihilape, L50, M|77/100
|move|p1a: Maushold|Population Bomb|p2b: Torkoal
|-damage|p2b: Torkoal|75/100
|-damage|p2b: Torkoal|67/100
|-damage|p2b: Torkoal|59/100
|-damage|p2b: Torkoal|51/100
|-damage|p2b: Torkoal|43/100
|-damage|p2b: Torkoal|34/100
|-damage|p2b: Torkoal|27/100
|-damage|p2b: Torkoal|18/100
|-damage|p2b: Torkoal|10/100
|-damage|p2b: Torkoal|2/100
|-hitcount|p2b: Torkoal|10
|move|p1b: Ninetales|Freeze-Dry|p2a: Annihilape
|-damage|p2a: Annihilape|52/100
|move|p2b: Torkoal|Eruption|p1b: Ninetales|[spread] p1a,p1b
|-supereffective|p1b: Ninetales
|-damage|p1a: Maushold|0 fnt
|-damage|p1b: Ninetales|0 fnt
|faint|p1a: Maushold
|faint|p1b: Ninetales
|
|win|ZephyrBreezy
|raw|caevz027's rating: 1151 → 1123(-28 for losing)
|raw|ZephyrBreezy's rating: 1107 → 1135(+28 for winning)
