|j|☆syshj
|j|☆Promesus
|html|syshjPromesus    
|uhtml|bestof|Game 1 of a best-of-3
|t:|1784442828
|gametype|doubles
|player|p1|syshj|dawn|1282
|player|p2|Promesus|hilbert-wonderlauncher|1339
|gen|9
|tier|[Gen 9 Champions] VGC 2026 Reg M-B (Bo3)
|rated|
|rule|Species Clause: Limit one of each Pokémon
|rule|Item Clause: Limit 1 of each item
|clearpoke
|poke|p1|Froslass, L50, F|
|poke|p1|Dragonite, L50, M|
|poke|p1|Toxapex, L50, F|
|poke|p1|Sneasler, L50, M|
|poke|p1|Kingambit, L50, M|
|poke|p1|Blaziken, L50, M|
|poke|p2|Gengar, L50, F, shiny|
|poke|p2|Swampert, L50, M|
|poke|p2|Vivillon-Pokeball, L50, F|
|poke|p2|Politoed, L50, M|
|poke|p2|Archaludon, L50, F|
|poke|p2|Incineroar, L50, F|
|teampreview|4
|showteam|p1|Froslass||Froslassite|CursedBody|Blizzard,ShadowBall,AuroraVeil,Protect|Timid||F|||50|]Dragonite||LifeOrb|InnerFocus|DragonClaw,ExtremeSpeed,LowKick,Protect|Adamant||M|||50|]Toxapex||Leftovers|Regenerator|Infestation,Toxic,WideGuard,BanefulBunker|Bold||F|||50|]Sneasler||FocusSash|PoisonTouch|CloseCombat,PoisonJab,FakeOut,Protect|Jolly||M|||50|]Kingambit||BlackGlasses|Defiant|KowtowCleave,IronHead,SuckerPunch,Protect|Adamant||M|||50|]Blaziken||Blazikenite|SpeedBoost|CloseCombat,FlareBlitz,RockSlide,Protect|Adamant||M|||50|
|showteam|p2|Gengar||Gengarite|CursedBody|ShadowBall,SludgeBomb,PerishSong,Protect|Modest||F|||50|]Swampert||Swampertite|Torrent|WaveCrash,Earthquake,IcePunch,Protect|Adamant||M|||50|]Vivillon-Pokeball||FocusSash|CompoundEyes|Hurricane,SleepPowder,RagePowder,Protect|Timid||F|||50|]Politoed||SitrusBerry|Drizzle|WeatherBall,PerishSong,Protect,Hypnosis|Calm||M|||50|]Archaludon||Leftovers|Stamina|DragonPulse,ElectroShot,FlashCannon,Protect|Bold||F|||50|]Incineroar||PasshoBerry|Intimidate|DarkestLariat,FakeOut,PartingShot,Protect|Careful||F|||50|
|inactive|Battle timer is ON: inactive players will automatically lose when time's up. (requested by Promesus)
|inactive|syshj has 60 seconds left.
|
|t:|1784442879
|teamsize|p1|4
|teamsize|p2|4
|start
|switch|p1a: Froslass|Froslass, L50, F|100/100
|switch|p1b: Sneasler|Sneasler, L50, M|100/100
|switch|p2a: Swampert|Swampert, L50, M|100/100
|switch|p2b: Vivillon|Vivillon-Pokeball, L50, F|100/100
|turn|1
|
|t:|1784442902
|detailschange|p1a: Froslass|Froslass-Mega, L50, F
|-mega|p1a: Froslass|Froslass|Froslassite
|-weather|Snowscape|[from] ability: Snow Warning|[of] p1a: Froslass
|detailschange|p2a: Swampert|Swampert-Mega, L50, M
|-mega|p2a: Swampert|Swampert|Swampertite
|move|p2b: Vivillon|Protect|p2b: Vivillon
|-singleturn|p2b: Vivillon|Protect
|move|p1b: Sneasler|Fake Out|p2a: Swampert
|-damage|p2a: Swampert|87/100
|move|p1a: Froslass|Blizzard|p2b: Vivillon|[spread] p2a
|-activate|p2b: Vivillon|move: Protect
|-damage|p2a: Swampert|55/100
|cant|p2a: Swampert|flinch
|
|-weather|Snowscape|[upkeep]
|upkeep
|turn|2
|inactive|Promesus has 30 seconds left.
|
|t:|1784442927
|switch|p1a: Dragonite|Dragonite, L50, M|100/100
|switch|p2a: Politoed|Politoed, L50, M|100/100
|-weather|RainDance|[from] ability: Drizzle|[of] p2a: Politoed
|move|p1b: Sneasler|Close Combat|p2a: Politoed
|-damage|p2a: Politoed|38/100
|-unboost|p1b: Sneasler|def|1
|-unboost|p1b: Sneasler|spd|1
|-enditem|p2a: Politoed|Sitrus Berry|[eat]
|-heal|p2a: Politoed|63/100|[from] item: Sitrus Berry
|move|p2b: Vivillon|Sleep Powder|p1a: Dragonite
|-status|p1a: Dragonite|slp|[from] move: Sleep Powder
|
|-weather|RainDance|[upkeep]
|upkeep
|turn|3
|
|t:|1784442945
|move|p1b: Sneasler|Poison Jab|p2b: Vivillon
|-damage|p2b: Vivillon|38/100
|move|p2b: Vivillon|Hurricane|p1b: Sneasler
|-supereffective|p1b: Sneasler|1
|-enditem|p1b: Sneasler|Focus Sash
|-damage|p1b: Sneasler|1/100
|cant|p1a: Dragonite|slp
|move|p2a: Politoed|Weather Ball|p1b: Sneasler
|-damage|p1b: Sneasler|0 fnt
|faint|p1b: Sneasler
|
|-weather|RainDance|[upkeep]
|upkeep
|
|t:|1784442955
|switch|p1b: Froslass|Froslass-Mega, L50, F|100/100
|-weather|Snowscape|[from] ability: Snow Warning|[of] p1b: Froslass
|turn|4
|
|t:|1784442967
|switch|p2a: Archaludon|Archaludon, L50, F|100/100
|move|p2b: Vivillon|Protect|p2b: Vivillon
|-singleturn|p2b: Vivillon|Protect
|move|p1b: Froslass|Blizzard|p2b: Vivillon|[spread] p2a
|-activate|p2b: Vivillon|move: Protect
|-damage|p2a: Archaludon|61/100
|-ability|p2a: Archaludon|Stamina|boost
|-boost|p2a: Archaludon|def|1
|-curestatus|p1a: Dragonite|slp|[msg]
|move|p1a: Dragonite|Dragon Claw|p2a: Archaludon
|-damage|p2a: Archaludon|36/100
|-ability|p2a: Archaludon|Stamina|boost
|-boost|p2a: Archaludon|def|1
|-damage|p1a: Dragonite|90/100|[from] item: Life Orb
|
|-weather|Snowscape|[upkeep]
|-heal|p2a: Archaludon|42/100|[from] item: Leftovers
|upkeep
|turn|5
|
|t:|1784442985
|switch|p2b: Politoed|Politoed, L50, M|63/100
|-weather|RainDance|[from] ability: Drizzle|[of] p2b: Politoed
|move|p2a: Archaludon|Protect|p2a: Archaludon
|-singleturn|p2a: Archaludon|Protect
|move|p1b: Froslass|Blizzard|p2a: Archaludon|[spread] 
|-activate|p2a: Archaludon|move: Protect
|-miss|p1b: Froslass|p2b: Politoed
|move|p1a: Dragonite|Low Kick|p2a: Archaludon
|-activate|p2a: Archaludon|move: Protect
|
|-weather|RainDance|[upkeep]
|-heal|p2a: Archaludon|48/100|[from] item: Leftovers
|upkeep
|turn|6
|inactive|Promesus has 30 seconds left.
|
|t:|1784443013
|switch|p2a: Vivillon|Vivillon-Pokeball, L50, F|38/100
|move|p1b: Froslass|Blizzard|p2b: Politoed|[spread] p2a,p2b
|-supereffective|p2a: Vivillon|1
|-resisted|p2b: Politoed|1
|-damage|p2a: Vivillon|0 fnt
|-damage|p2b: Politoed|48/100
|faint|p2a: Vivillon
|move|p1a: Dragonite|Dragon Claw|p2b: Politoed
|-damage|p2b: Politoed|0 fnt
|faint|p2b: Politoed
|-damage|p1a: Dragonite|80/100|[from] item: Life Orb
|
|-weather|RainDance|[upkeep]
|upkeep
|-message|Promesus forfeited.
|
|win|syshj
|l|☆Promesus
|player|p2|
||Promesus is ready for game 2.
||syshj is ready for game 2.
|uhtml|next|Next: Game 2 of 3
