|j|☆chonky bunny moo
|j|☆psychic system
|html|chonky bunny moopsychic system    
|uhtml|bestof|Game 2 of a best-of-3
|t:|1756996071
|gametype|doubles
|player|p1|chonky bunny moo|schoolkidf|1073
|player|p2|psychic system|lucas|1150
|gen|9
|tier|[Gen 9] VGC 2025 Reg H (Bo3)
|rated|
|rule|Species Clause: Limit one of each Pokémon
|rule|Item Clause: Limit 1 of each item
|clearpoke
|poke|p1|Scovillain, L50, F|
|poke|p1|Gholdengo, L50|
|poke|p1|Sinistcha, L50|
|poke|p1|Torkoal, L50, F|
|poke|p1|Indeedee-F, L50, F|
|poke|p1|Dragonite, L50, M|
|poke|p2|Rillaboom, L50, M|
|poke|p2|Florges, L50, F|
|poke|p2|Amoonguss, L50, M|
|poke|p2|Kingambit, L50, F|
|poke|p2|Incineroar, L50, F|
|poke|p2|Pelipper, L50, F|
|teampreview|4
|showteam|p1|Scovillain||FocusSash|Chlorophyll|Overheat,Protect,RagePowder,SpicyExtract|||F|||50|,,,,,Electric]Gholdengo||LifeOrb|GoodasGold|MakeItRain,ShadowBall,DazzlingGleam,NastyPlot||||||50|,,,,,Dark]Sinistcha||EjectPack|Hospitality|MatchaGotcha,Protect,Scald,LifeDew||||||50|,,,,,Water]Torkoal||ChoiceSpecs|Drought|Eruption,EarthPower,SolarBeam,HeatWave|||F|||50|,,,,,Grass]Indeedee-F||RockyHelmet|PsychicSurge|TrickRoom,FollowMe,Psychic,ShadowBall|||F|||50|,,,,,Water]Dragonite||ClearAmulet|Multiscale|ExtremeSpeed,ThunderPunch,IceSpinner,Earthquake|||M|||50|,,,,,Normal
|showteam|p2|Rillaboom||AssaultVest|GrassySurge|FakeOut,GrassyGlide,DrumBeating,Uturn|||M|||50|,,,,,Fire]Florges||Leftovers|FlowerVeil|Moonblast,DazzlingGleam,CalmMind,Protect|||F|||50|,,,,,Grass]Amoonguss||SitrusBerry|Regenerator|ClearSmog,Spore,PollenPuff,RagePowder|||M|||50|,,,,,Water]Kingambit||BlackGlasses|Defiant|Protect,KowtowCleave,SuckerPunch,SwordsDance|||F|||50|,,,,,Ghost]Incineroar||SafetyGoggles|Intimidate|FakeOut,KnockOff,FlareBlitz,PartingShot|||F|||50|,,,,,Ghost]Pelipper||ChoiceScarf|Drizzle|MuddyWater,Hurricane,IcyWind,WeatherBall|||F|||50|,,,,,Water
|inactive|Battle timer is ON: inactive players will automatically lose when time's up. (requested by psychic system)
|
|t:|1756996088
|teamsize|p1|4
|teamsize|p2|4
|start
|switch|p1a: Scovillain|Scovillain, L50, F|100/100
|switch|p1b: Torkoal|Torkoal, L50, F|100/100
|switch|p2a: Incineroar|Incineroar, L50, F|100/100
|switch|p2b: Florges|Florges, L50, F|100/100
|-ability|p2a: Incineroar|Intimidate|boost
|-unboost|p1a: Scovillain|atk|1
|-unboost|p1b: Torkoal|atk|1
|-weather|SunnyDay|[from] ability: Drought|[of] p1b: Torkoal
|turn|1
|inactive|chonky bunny moo has 30 seconds left.
|inactive|chonky bunny moo has 20 seconds left.
|
|t:|1756996128
|switch|p2a: Pelipper|Pelipper, L50, F|100/100
|-weather|RainDance|[from] ability: Drizzle|[of] p2a: Pelipper
|move|p1a: Scovillain|Rage Powder|p1a: Scovillain
|-singleturn|p1a: Scovillain|move: Rage Powder
|move|p2b: Florges|Calm Mind|p2b: Florges
|-boost|p2b: Florges|spa|1
|-boost|p2b: Florges|spd|1
|move|p1b: Torkoal|Heat Wave|p2b: Florges|[spread] p2a
|-miss|p1b: Torkoal|p2b: Florges
|-resisted|p2a: Pelipper
|-damage|p2a: Pelipper|81/100
|
|-weather|RainDance|[upkeep]
|upkeep
|turn|2
|inactive|chonky bunny moo has 30 seconds left.
|inactive|chonky bunny moo has 20 seconds left.
|inactive|chonky bunny moo has 15 seconds left.
|
|t:|1756996171
|switch|p2a: Incineroar|Incineroar, L50, F|100/100
|-ability|p2a: Incineroar|Intimidate|boost
|-unboost|p1a: Scovillain|atk|1
|-unboost|p1b: Torkoal|atk|1
|switch|p1b: Sinistcha|Sinistcha, L50|100/100
|move|p1a: Scovillain|Spicy Extract|p2b: Florges
|-boost|p2b: Florges|atk|2
|-unboost|p2b: Florges|def|2
|move|p2b: Florges|Moonblast|p1b: Sinistcha
|-damage|p1b: Sinistcha|7/100
|
|-weather|RainDance|[upkeep]
|upkeep
|turn|3
|inactive|chonky bunny moo has 30 seconds left.
|inactive|psychic system has 30 seconds left.
|
|t:|1756996202
|move|p2b: Florges|Protect|p2b: Florges
|-singleturn|p2b: Florges|Protect
|move|p1a: Scovillain|Rage Powder|p1a: Scovillain
|-singleturn|p1a: Scovillain|move: Rage Powder
|move|p1b: Sinistcha|Matcha Gotcha|p2a: Incineroar|[spread] p2a
|-activate|p2b: Florges|move: Protect
|-resisted|p2a: Incineroar
|-damage|p2a: Incineroar|85/100
|-heal|p1b: Sinistcha|18/100|[from] drain|[of] p2a: Incineroar
|move|p2a: Incineroar|Parting Shot|p1a: Scovillain
|-unboost|p1a: Scovillain|atk|1
|-unboost|p1a: Scovillain|spa|1
|
|t:|1756996218
|switch|p2a: Rillaboom|Rillaboom, L50, M|100/100|[from] Parting Shot
|-fieldstart|move: Grassy Terrain|[from] ability: Grassy Surge|[of] p2a: Rillaboom
|
|-weather|RainDance|[upkeep]
|-heal|p1b: Sinistcha|24/100|[from] Grassy Terrain
|upkeep
|turn|4
|
|t:|1756996241
|switch|p1b: Torkoal|Torkoal, L50, F|100/100
|-weather|SunnyDay|[from] ability: Drought|[of] p1b: Torkoal
|move|p1a: Scovillain|Overheat|p2a: Rillaboom
|-supereffective|p2a: Rillaboom
|-damage|p2a: Rillaboom|33/100
|-unboost|p1a: Scovillain|spa|2
|move|p2a: Rillaboom|U-turn|p1a: Scovillain
|-damage|p1a: Scovillain|67/100
|
|t:|1756996252
|switch|p2a: Pelipper|Pelipper, L50, F|81/100|[from] U-turn
|-weather|RainDance|[from] ability: Drizzle|[of] p2a: Pelipper
|move|p2b: Florges|Dazzling Gleam|p1a: Scovillain|[spread] p1a,p1b
|-resisted|p1a: Scovillain
|-resisted|p1b: Torkoal
|-damage|p1a: Scovillain|38/100
|-damage|p1b: Torkoal|80/100
|
|-weather|RainDance|[upkeep]
|-heal|p1a: Scovillain|44/100|[from] Grassy Terrain
|-heal|p1b: Torkoal|86/100|[from] Grassy Terrain
|upkeep
|turn|5
|inactive|chonky bunny moo has 30 seconds left.
|inactive|chonky bunny moo has 20 seconds left.
|
|t:|1756996292
|switch|p2a: Incineroar|Incineroar, L50, F|85/100
|-ability|p2a: Incineroar|Intimidate|boost
|-unboost|p1a: Scovillain|atk|1
|-unboost|p1b: Torkoal|atk|1
|switch|p1b: Dragonite|Dragonite, L50, M|100/100
|move|p1a: Scovillain|Spicy Extract|p1b: Dragonite
|-fail|p1b: Dragonite|unboost|[from] item: Clear Amulet|[of] p1b: Dragonite
|-boost|p1b: Dragonite|atk|2
|move|p2b: Florges|Calm Mind|p2b: Florges
|-boost|p2b: Florges|spa|1
|-boost|p2b: Florges|spd|1
|
|-weather|RainDance|[upkeep]
|-heal|p1a: Scovillain|49/100|[from] Grassy Terrain
|-heal|p2a: Incineroar|91/100|[from] Grassy Terrain
|upkeep
|turn|6
|inactive|chonky bunny moo has 30 seconds left.
|inactive|psychic system has 30 seconds left.
|inactive|chonky bunny moo has 20 seconds left.
|inactive|psychic system has 20 seconds left.
|inactive|chonky bunny moo has 15 seconds left.
|inactive|chonky bunny moo has 10 seconds left.
|
|t:|1756996341
|switch|p2b: Rillaboom|Rillaboom, L50, M|33/100
|-terastallize|p1b: Dragonite|Normal
|move|p1a: Scovillain|Protect|p1a: Scovillain
|-singleturn|p1a: Scovillain|Protect
|move|p1b: Dragonite|Earthquake|p2a: Incineroar|[spread] p2a,p2b
|-activate|p1a: Scovillain|move: Protect
|-supereffective|p2a: Incineroar
|-resisted|p2b: Rillaboom
|-damage|p2a: Incineroar|41/100
|-damage|p2b: Rillaboom|18/100
|move|p2a: Incineroar|Knock Off|p1b: Dragonite
|-damage|p1b: Dragonite|80/100
|-enditem|p1b: Dragonite|Clear Amulet|[from] move: Knock Off|[of] p2a: Incineroar
|
|-weather|RainDance|[upkeep]
|-heal|p1a: Scovillain|55/100|[from] Grassy Terrain
|-heal|p2b: Rillaboom|24/100|[from] Grassy Terrain
|-heal|p1b: Dragonite|86/100|[from] Grassy Terrain
|-heal|p2a: Incineroar|47/100|[from] Grassy Terrain
|upkeep
|turn|7
|inactive|chonky bunny moo has 30 seconds left.
|
|t:|1756996376
|switch|p1a: Sinistcha|Sinistcha, L50|24/100
|-heal|p1b: Dragonite|100/100|[from] ability: Hospitality|[of] p1a: Sinistcha
|move|p2b: Rillaboom|Fake Out|p1b: Dragonite
|-damage|p1b: Dragonite|94/100
|cant|p1b: Dragonite|flinch
|move|p2a: Incineroar|Parting Shot|p1b: Dragonite
|-unboost|p1b: Dragonite|atk|1
|-unboost|p1b: Dragonite|spa|1
|
|t:|1756996392
|switch|p2a: Pelipper|Pelipper, L50, F|81/100|[from] Parting Shot
|
|-weather|RainDance|[upkeep]
|-heal|p1a: Sinistcha|30/100|[from] Grassy Terrain
|-heal|p2b: Rillaboom|30/100|[from] Grassy Terrain
|-heal|p1b: Dragonite|99/100|[from] Grassy Terrain
|-fieldend|move: Grassy Terrain
|upkeep
|turn|8
|
|t:|1756996416
|switch|p1a: Torkoal|Torkoal, L50, F|86/100
|-weather|SunnyDay|[from] ability: Drought|[of] p1a: Torkoal
|switch|p2b: Incineroar|Incineroar, L50, F|47/100
|-ability|p2b: Incineroar|Intimidate|boost
|-unboost|p1a: Torkoal|atk|1
|-unboost|p1b: Dragonite|atk|1
|move|p2a: Pelipper|Icy Wind|p1a: Torkoal|[spread] p1a,p1b
|-resisted|p1a: Torkoal
|-damage|p1a: Torkoal|78/100
|-damage|p1b: Dragonite|89/100
|-unboost|p1a: Torkoal|spe|1
|-unboost|p1b: Dragonite|spe|1
|move|p1b: Dragonite|Ice Spinner|p2b: Incineroar
|-resisted|p2b: Incineroar
|-damage|p2b: Incineroar|34/100
|
|-weather|SunnyDay|[upkeep]
|upkeep
|turn|9
|inactive|chonky bunny moo has 30 seconds left.
|inactive|psychic system has 30 seconds left.
|inactive|psychic system has 20 seconds left.
|
|t:|1756996452
|switch|p2a: Florges|Florges, L50, F|100/100
|move|p2b: Incineroar|Parting Shot|p1a: Torkoal
|-unboost|p1a: Torkoal|atk|1
|-unboost|p1a: Torkoal|spa|1
|
|t:|1756996458
|switch|p2b: Pelipper|Pelipper, L50, F|81/100|[from] Parting Shot
|-weather|RainDance|[from] ability: Drizzle|[of] p2b: Pelipper
|move|p1b: Dragonite|Thunder Punch|p2a: Florges
|-damage|p2a: Florges|73/100
|move|p1a: Torkoal|Heat Wave|p2a: Florges|[spread] p2a
|-miss|p1a: Torkoal|p2b: Pelipper
|-damage|p2a: Florges|62/100
|
|-weather|RainDance|[upkeep]
|-heal|p2a: Florges|69/100|[from] item: Leftovers
|upkeep
|turn|10
|inactive|chonky bunny moo has 30 seconds left.
|inactive|chonky bunny moo has 20 seconds left.
|
|t:|1756996495
|switch|p2b: Incineroar|Incineroar, L50, F|34/100
|-ability|p2b: Incineroar|Intimidate|boost
|-unboost|p1a: Torkoal|atk|1
|-unboost|p1b: Dragonite|atk|1
|switch|p1a: Sinistcha|Sinistcha, L50|30/100
|-heal|p1b: Dragonite|100/100|[from] ability: Hospitality|[of] p1a: Sinistcha
|move|p2a: Florges|Calm Mind|p2a: Florges
|-boost|p2a: Florges|spa|1
|-boost|p2a: Florges|spd|1
|move|p1b: Dragonite|Ice Spinner|p2b: Incineroar
|-resisted|p2b: Incineroar
|-damage|p2b: Incineroar|24/100
|
|-weather|RainDance|[upkeep]
|-heal|p2a: Florges|75/100|[from] item: Leftovers
|upkeep
|turn|11
|inactive|chonky bunny moo has 30 seconds left.
|inactive|psychic system has 30 seconds left.
|inactive|chonky bunny moo has 20 seconds left.
|inactive|psychic system has 20 seconds left.
|inactive|chonky bunny moo has 15 seconds left.
|
|t:|1756996540
|switch|p1a: Scovillain|Scovillain, L50, F|55/100
|switch|p2b: Rillaboom|Rillaboom, L50, M|30/100
|-fieldstart|move: Grassy Terrain|[from] ability: Grassy Surge|[of] p2b: Rillaboom
|move|p2a: Florges|Protect|p2a: Florges
|-singleturn|p2a: Florges|Protect
|move|p1b: Dragonite|Extreme Speed|p2b: Rillaboom
|-damage|p2b: Rillaboom|0 fnt
|faint|p2b: Rillaboom
|
|-weather|RainDance|[upkeep]
|-heal|p1a: Scovillain|61/100|[from] Grassy Terrain
|-heal|p2a: Florges|81/100|[from] Grassy Terrain
|-heal|p2a: Florges|87/100|[from] item: Leftovers
|upkeep
|
|t:|1756996555
|switch|p2b: Incineroar|Incineroar, L50, F|24/100
|-ability|p2b: Incineroar|Intimidate|boost
|-unboost|p1a: Scovillain|atk|1
|-unboost|p1b: Dragonite|atk|1
|turn|12
|inactive|psychic system has 30 seconds left.
|
|t:|1756996583
|switch|p1b: Torkoal|Torkoal, L50, F|78/100
|-weather|SunnyDay|[from] ability: Drought|[of] p1b: Torkoal
|move|p1a: Scovillain|Protect|p1a: Scovillain
|-singleturn|p1a: Scovillain|Protect
|move|p2a: Florges|Dazzling Gleam|p1b: Torkoal|[spread] p1b
|-activate|p1a: Scovillain|move: Protect
|-resisted|p1b: Torkoal
|-damage|p1b: Torkoal|55/100
|move|p2b: Incineroar|Knock Off|p1a: Scovillain
|-activate|p1a: Scovillain|move: Protect
|
|-weather|SunnyDay|[upkeep]
|-heal|p1a: Scovillain|67/100|[from] Grassy Terrain
|-heal|p2a: Florges|94/100|[from] Grassy Terrain
|-heal|p2a: Florges|99/100|[from] item: Leftovers
|-heal|p2b: Incineroar|30/100|[from] Grassy Terrain
|-heal|p1b: Torkoal|61/100|[from] Grassy Terrain
|upkeep
|turn|13
|inactive|chonky bunny moo has 30 seconds left.
|
|t:|1756996610
|switch|p2b: Pelipper|Pelipper, L50, F|81/100
|-weather|RainDance|[from] ability: Drizzle|[of] p2b: Pelipper
|switch|p1b: Dragonite|Dragonite, L50, M, tera:Normal|100/100
|move|p1a: Scovillain|Spicy Extract|p1b: Dragonite
|-boost|p1b: Dragonite|atk|2
|-unboost|p1b: Dragonite|def|2
|move|p2a: Florges|Dazzling Gleam|p1a: Scovillain|[spread] p1a,p1b
|-resisted|p1a: Scovillain
|-damage|p1a: Scovillain|39/100
|-damage|p1b: Dragonite|83/100
|
|-weather|RainDance|[upkeep]
|-heal|p1a: Scovillain|45/100|[from] Grassy Terrain
|-heal|p2a: Florges|100/100|[from] Grassy Terrain
|-heal|p1b: Dragonite|89/100|[from] Grassy Terrain
|upkeep
|turn|14
|inactive|chonky bunny moo has 30 seconds left.
|inactive|chonky bunny moo has 20 seconds left.
|inactive|chonky bunny moo has 15 seconds left.
|inactive|psychic system has 30 seconds left.
|
|t:|1756996638
|switch|p2b: Incineroar|Incineroar, L50, F|30/100
|-ability|p2b: Incineroar|Intimidate|boost
|-unboost|p1a: Scovillain|atk|1
|-unboost|p1b: Dragonite|atk|1
|switch|p1a: Torkoal|Torkoal, L50, F|61/100
|-weather|SunnyDay|[from] ability: Drought|[of] p1a: Torkoal
|move|p1b: Dragonite|Extreme Speed|p2b: Incineroar
|-damage|p2b: Incineroar|0 fnt
|faint|p2b: Incineroar
|move|p2a: Florges|Dazzling Gleam|p1b: Dragonite|[spread] p1a,p1b
|-resisted|p1a: Torkoal
|-damage|p1a: Torkoal|39/100
|-damage|p1b: Dragonite|57/100
|
|-weather|SunnyDay|[upkeep]
|-heal|p1b: Dragonite|63/100|[from] Grassy Terrain
|-heal|p1a: Torkoal|45/100|[from] Grassy Terrain
|upkeep
|
|t:|1756996653
|switch|p2b: Pelipper|Pelipper, L50, F|81/100
|-weather|RainDance|[from] ability: Drizzle|[of] p2b: Pelipper
|turn|15
|inactive|chonky bunny moo has 15 seconds left this turn.
|inactive|chonky bunny moo has 10 seconds left.
|
|t:|1756996664
|switch|p1a: Sinistcha|Sinistcha, L50|30/100
|-heal|p1b: Dragonite|88/100|[from] ability: Hospitality|[of] p1a: Sinistcha
|move|p1b: Dragonite|Extreme Speed|p2b: Pelipper
|-damage|p2b: Pelipper|0 fnt
|faint|p2b: Pelipper
|move|p2a: Florges|Calm Mind|p2a: Florges
|-boost|p2a: Florges|spa|1
|-boost|p2a: Florges|spd|1
|
|-weather|RainDance|[upkeep]
|-heal|p1a: Sinistcha|36/100|[from] Grassy Terrain
|-heal|p1b: Dragonite|94/100|[from] Grassy Terrain
|-fieldend|move: Grassy Terrain
|upkeep
|turn|16
|inactive|chonky bunny moo has 10 seconds left this turn.
|inactive|psychic system has 30 seconds left.
|
|t:|1756996677
|move|p1b: Dragonite|Extreme Speed|p2a: Florges
|-damage|p2a: Florges|35/100
|move|p1a: Sinistcha|Matcha Gotcha|p2a: Florges
|-damage|p2a: Florges|18/100
|-heal|p1a: Sinistcha|46/100|[from] drain|[of] p2a: Florges
|move|p2a: Florges|Dazzling Gleam|p1a: Sinistcha|[spread] p1a,p1b
|-damage|p1a: Sinistcha|0 fnt
|-damage|p1b: Dragonite|47/100
|faint|p1a: Sinistcha
|
|-weather|RainDance|[upkeep]
|-heal|p2a: Florges|24/100|[from] item: Leftovers
|upkeep
|inactive|chonky bunny moo has 10 seconds left this turn.
|inactive|chonky bunny moo has 5 seconds left.
|
|t:|1756996684
|switch|p1a: Scovillain|Scovillain, L50, F|45/100
|turn|17
|inactive|chonky bunny moo has 5 seconds left this turn.
|inactive|psychic system has 30 seconds left this turn.
|
|t:|1756996688
|move|p2a: Florges|Protect|p2a: Florges
|-singleturn|p2a: Florges|Protect
|move|p1b: Dragonite|Extreme Speed|p2a: Florges
|-activate|p2a: Florges|move: Protect
|move|p1a: Scovillain|Overheat|p2a: Florges
|-activate|p2a: Florges|move: Protect
|
|-weather|RainDance|[upkeep]
|-heal|p2a: Florges|31/100|[from] item: Leftovers
|upkeep
|turn|18
|inactive|chonky bunny moo has 5 seconds left this turn.
|inactive|psychic system has 30 seconds left this turn.
|
|t:|1756996692
|move|p1b: Dragonite|Extreme Speed|p2a: Florges
|-damage|p2a: Florges|0 fnt
|faint|p2a: Florges
|
|win|chonky bunny moo
||psychic system is ready for game 3.
