|j|☆PandaMXL
|j|☆goodfish6211
|html|PandaMXLgoodfish6211    
|uhtml|bestof|Game 1 of a best-of-3
|t:|1784795969
|gametype|doubles
|player|p1|PandaMXL|chuck|1082
|player|p2|goodfish6211|102|1104
|gen|9
|tier|[Gen 9 Champions] VGC 2026 Reg M-B (Bo3)
|rated|
|rule|Species Clause: Limit one of each Pokémon
|rule|Item Clause: Limit 1 of each item
|clearpoke
|poke|p1|Swampert, L50, M, shiny|
|poke|p1|Basculegion, L50, M, shiny|
|poke|p1|Pelipper, L50, M, shiny|
|poke|p1|Politoed, L50, M, shiny|
|poke|p1|Sneasler, L50, F, shiny|
|poke|p1|Cofagrigus, L50, M, shiny|
|poke|p2|Incineroar, L50, F|
|poke|p2|Sneasler, L50, M, shiny|
|poke|p2|Whimsicott, L50, F|
|poke|p2|Sinistcha-Masterpiece, L50|
|poke|p2|Sylveon, L50, F, shiny|
|poke|p2|Tyranitar, L50, F|
|teampreview|4
|showteam|p1|Swampert||Swampertite|Torrent|Earthquake,IcePunch,PoisonJab,Protect|Jolly||M|||50|]Basculegion||LifeOrb|SwiftSwim|PsychicFangs,LastRespects,Liquidation,Protect|Adamant||M|||50|]Pelipper||SharpBeak|Drizzle|Hurricane,Tailwind,Surf,Protect|Bold||M|||50|]Politoed||SitrusBerry|Drizzle|Encore,WeatherBall,IcyWind,Protect|Calm||M|||50|]Sneasler||WhiteHerb|PoisonTouch|FakeOut,CloseCombat,DireClaw,Protect|Jolly||F|||50|]Cofagrigus||Leftovers|Mummy|BodyPress,WillOWisp,Hex,IronDefense|Bold||M|||50|
|showteam|p2|Incineroar||PasshoBerry|Intimidate|FakeOut,FlareBlitz,DarkestLariat,PartingShot|Adamant||F|||50|]Sneasler||WhiteHerb|Unburden|CloseCombat,FakeOut,DireClaw,Protect|Adamant||M|||50|]Whimsicott||FocusSash|Prankster|Tailwind,Moonblast,Encore,Protect|Timid||F|||50|]Sinistcha-Masterpiece||SitrusBerry|Hospitality|MatchaGotcha,TrickRoom,RagePowder,Protect|Bold|||||50|]Sylveon||LifeOrb|Pixilate|HyperVoice,QuickAttack,DrainingKiss,Protect|Modest||F|||50|]Tyranitar||Tyranitarite|SandStream|KnockOff,RockSlide,DragonDance,Protect|Adamant||F|||50|
|inactive|Battle timer is ON: inactive players will automatically lose when time's up. (requested by goodfish6211)
|inactive|PandaMXL also wants the timer to be on.
|inactive|goodfish6211 has 60 seconds left.
|inactive|goodfish6211 has 30 seconds left.
|inactive|goodfish6211 has 20 seconds left.
|inactive|goodfish6211 has 15 seconds left.
|inactive|goodfish6211 has 10 seconds left.
|inactive|goodfish6211 has 5 seconds left.
|
|t:|1784796056
|teamsize|p1|4
|teamsize|p2|4
|start
|switch|p1a: Politoed|Politoed, L50, M, shiny|100/100
|switch|p1b: Sneasler|Sneasler, L50, F, shiny|100/100
|switch|p2a: Sneasler|Sneasler, L50, M, shiny|100/100
|switch|p2b: Whimsicott|Whimsicott, L50, F|100/100
|-weather|RainDance|[from] ability: Drizzle|[of] p1a: Politoed
|turn|1
|inactive|goodfish6211 has 30 seconds left.
|inactive|PandaMXL has 30 seconds left.
|
|t:|1784796091
|move|p2b: Whimsicott|Protect|p2b: Whimsicott
|-singleturn|p2b: Whimsicott|Protect
|move|p1b: Sneasler|Fake Out|p2b: Whimsicott
|-activate|p2b: Whimsicott|move: Protect
|move|p2a: Sneasler|Close Combat|p1a: Politoed
|-damage|p1a: Politoed|11/100
|-unboost|p2a: Sneasler|def|1
|-unboost|p2a: Sneasler|spd|1
|-enditem|p1a: Politoed|Sitrus Berry|[eat]
|-heal|p1a: Politoed|35/100|[from] item: Sitrus Berry
|-enditem|p2a: Sneasler|White Herb
|-clearnegativeboost|p2a: Sneasler|[silent]
|move|p1a: Politoed|Icy Wind|p2a: Sneasler|[spread] p2a
|-activate|p2b: Whimsicott|move: Protect
|-damage|p2a: Sneasler|84/100
|-unboost|p2a: Sneasler|spe|1
|
|-weather|RainDance|[upkeep]
|upkeep
|turn|2
|inactive|PandaMXL has 30 seconds left.
|inactive|goodfish6211 has 30 seconds left.
|
|t:|1784796122
|move|p2b: Whimsicott|Tailwind|p2b: Whimsicott
|-sidestart|p2: goodfish6211|move: Tailwind
|move|p2a: Sneasler|Dire Claw|p1a: Politoed
|-crit|p1a: Politoed
|-damage|p1a: Politoed|0 fnt
|faint|p1a: Politoed
|move|p1b: Sneasler|Dire Claw|p2b: Whimsicott
|-supereffective|p2b: Whimsicott|2
|-enditem|p2b: Whimsicott|Focus Sash
|-damage|p2b: Whimsicott|1/100
|
|-weather|RainDance|[upkeep]
|upkeep
|
|t:|1784796136
|switch|p1a: Swampert|Swampert, L50, M, shiny|100/100
|turn|3
|
|t:|1784796144
|switch|p2a: Tyranitar|Tyranitar, L50, F|100/100
|-weather|Sandstorm|[from] ability: Sand Stream|[of] p2a: Tyranitar
|detailschange|p1a: Swampert|Swampert-Mega, L50, M, shiny
|-mega|p1a: Swampert|Swampert|Swampertite
|move|p1b: Sneasler|Protect|p1b: Sneasler
|-singleturn|p1b: Sneasler|Protect
|move|p2b: Whimsicott|Encore|p1b: Sneasler
|-activate|p1b: Sneasler|move: Protect
|move|p1a: Swampert|Earthquake|p2a: Tyranitar|[spread] p2a,p2b
|-activate|p1b: Sneasler|move: Protect
|-supereffective|p2a: Tyranitar|1
|-resisted|p2b: Whimsicott|1
|-damage|p2a: Tyranitar|15/100
|-damage|p2b: Whimsicott|0 fnt
|faint|p2b: Whimsicott
|
|-weather|Sandstorm|[upkeep]
|-damage|p1b: Sneasler|94/100|[from] Sandstorm
|upkeep
|
|t:|1784796154
|switch|p2b: Sinistcha|Sinistcha-Masterpiece, L50|100/100
|-heal|p2a: Tyranitar|39/100|[from] ability: Hospitality|[of] p2b: Sinistcha
|turn|4
|
|t:|1784796171
|move|p2a: Tyranitar|Protect|p2a: Tyranitar
|-singleturn|p2a: Tyranitar|Protect
|move|p1a: Swampert|Protect|p1a: Swampert
|-singleturn|p1a: Swampert|Protect
|move|p1b: Sneasler|Dire Claw|p2b: Sinistcha
|-damage|p2b: Sinistcha|62/100
|move|p2b: Sinistcha|Matcha Gotcha|p1a: Swampert|[spread] p1b
|-activate|p1a: Swampert|move: Protect
|-resisted|p1b: Sneasler|1
|-crit|p1b: Sneasler
|-damage|p1b: Sneasler|67/100
|-heal|p2b: Sinistcha|74/100|[from] drain|[of] p1b: Sneasler
|
|-weather|Sandstorm|[upkeep]
|-damage|p1b: Sneasler|61/100|[from] Sandstorm
|-damage|p2b: Sinistcha|67/100|[from] Sandstorm
|upkeep
|turn|5
|inactive|PandaMXL has 30 seconds left.
|inactive|PandaMXL has 20 seconds left.
|
|t:|1784796211
|detailschange|p2a: Tyranitar|Tyranitar-Mega, L50, F
|-mega|p2a: Tyranitar|Tyranitar|Tyranitarite
|move|p2a: Tyranitar|Rock Slide|p1b: Sneasler|[spread] p1a
|-miss|p2a: Tyranitar|p1b: Sneasler
|-resisted|p1a: Swampert|1
|-damage|p1a: Swampert|80/100
|move|p1b: Sneasler|Dire Claw|p2b: Sinistcha
|-damage|p2b: Sinistcha|32/100
|-enditem|p2b: Sinistcha|Sitrus Berry|[eat]
|-heal|p2b: Sinistcha|57/100|[from] item: Sitrus Berry
|move|p2b: Sinistcha|Matcha Gotcha|p1a: Swampert|[spread] p1a,p1b
|-supereffective|p1a: Swampert|2
|-resisted|p1b: Sneasler|1
|-damage|p1a: Swampert|0 fnt
|-heal|p2b: Sinistcha|97/100|[from] drain|[of] p1a: Swampert
|-damage|p1b: Sneasler|43/100
|-heal|p2b: Sinistcha|100/100|[from] drain|[of] p1b: Sneasler
|faint|p1a: Swampert
|
|-weather|Sandstorm|[upkeep]
|-damage|p1b: Sneasler|37/100|[from] Sandstorm
|-damage|p2b: Sinistcha|93/100|[from] Sandstorm
|-sideend|p2: goodfish6211|move: Tailwind
|upkeep
|
|t:|1784796231
|switch|p1a: Basculegion|Basculegion, L50, M, shiny|100/100
|turn|6
|
|t:|1784796251
|move|p2b: Sinistcha|Rage Powder|p2b: Sinistcha
|-singleturn|p2b: Sinistcha|move: Rage Powder
|move|p1b: Sneasler|Close Combat|p2b: Sinistcha
|-immune|p2b: Sinistcha
|move|p1a: Basculegion|Last Respects|p2b: Sinistcha
|-supereffective|p2b: Sinistcha|1
|-damage|p2b: Sinistcha|0 fnt
|faint|p2b: Sinistcha
|-damage|p1a: Basculegion|90/100|[from] item: Life Orb
|move|p2a: Tyranitar|Dragon Dance|p2a: Tyranitar
|-boost|p2a: Tyranitar|atk|1
|-boost|p2a: Tyranitar|spe|1
|
|-weather|Sandstorm|[upkeep]
|-damage|p1b: Sneasler|31/100|[from] Sandstorm
|-damage|p1a: Basculegion|84/100|[from] Sandstorm
|upkeep
|
|t:|1784796258
|switch|p2b: Sneasler|Sneasler, L50, M, shiny|84/100
|turn|7
|
|t:|1784796268
|move|p1b: Sneasler|Protect|p1b: Sneasler
|-singleturn|p1b: Sneasler|Protect
|move|p1a: Basculegion|Protect|p1a: Basculegion
|-singleturn|p1a: Basculegion|Protect
|move|p2b: Sneasler|Fake Out|p1b: Sneasler
|-activate|p1b: Sneasler|move: Protect
|move|p2a: Tyranitar|Knock Off|p1a: Basculegion
|-activate|p1a: Basculegion|move: Protect
|
|-weather|none
|upkeep
|turn|8
|inactive|PandaMXL has 30 seconds left.
|
|t:|1784796295
|move|p2a: Tyranitar|Protect|p2a: Tyranitar
|-singleturn|p2a: Tyranitar|Protect
|move|p1b: Sneasler|Close Combat|p2b: Sneasler
|-resisted|p2b: Sneasler|1
|-damage|p2b: Sneasler|31/100
|-unboost|p1b: Sneasler|def|1
|-unboost|p1b: Sneasler|spd|1
|-enditem|p1b: Sneasler|White Herb
|-clearnegativeboost|p1b: Sneasler|[silent]
|move|p2b: Sneasler|Close Combat|p1b: Sneasler
|-resisted|p1b: Sneasler|1
|-damage|p1b: Sneasler|0 fnt
|-unboost|p2b: Sneasler|def|1
|-unboost|p2b: Sneasler|spd|1
|faint|p1b: Sneasler
|move|p1a: Basculegion|Liquidation|p2a: Tyranitar
|-activate|p2a: Tyranitar|move: Protect
|
|upkeep
|turn|9
|
|t:|1784796312
|move|p2a: Tyranitar|Knock Off|p1a: Basculegion
|-supereffective|p1a: Basculegion|1
|-damage|p1a: Basculegion|0 fnt
|-enditem|p1a: Basculegion|Life Orb|[from] move: Knock Off|[of] p2a: Tyranitar
|faint|p1a: Basculegion
|
|win|goodfish6211
||goodfish6211 is ready for game 2.
||PandaMXL is ready for game 2.
|uhtml|next|Next: Game 2 of 3
