|j|☆MagicalArcher57
|j|‽SomeKidJon
|html|MagicalArcher57SomeKidJon    
|uhtml|bestof|Game 3 of a best-of-3
|t:|1784487594
|gametype|doubles
|player|p1|MagicalArcher57|diantha|1275
|player|p2|SomeKidJon|scientistf|1284
|gen|9
|tier|[Gen 9 Champions] VGC 2026 Reg M-B (Bo3)
|rated|
|rule|Species Clause: Limit one of each Pokémon
|rule|Item Clause: Limit 1 of each item
|clearpoke
|poke|p1|Basculegion, L50, M|
|poke|p1|Glimmora, L50, F|
|poke|p1|Garchomp, L50, M|
|poke|p1|Whimsicott, L50, F|
|poke|p1|Metagross, L50|
|poke|p1|Annihilape, L50, M|
|poke|p2|Tyranitar, L50, F|
|poke|p2|Excadrill, L50, M|
|poke|p2|Corviknight, L50, M|
|poke|p2|Basculegion, L50, M|
|poke|p2|Tsareena, L50, F|
|poke|p2|Lopunny, L50, F, shiny|
|teampreview|4
|showteam|p1|Basculegion||MysticWater|Adaptability|AquaJet,LastRespects,WaveCrash,Protect|Jolly||M|||50|]Glimmora||LifeOrb|ToxicDebris|PowerGem,EarthPower,SpikyShield,SludgeBomb|Timid||F|||50|]Garchomp||SitrusBerry|RoughSkin|DragonClaw,StompingTantrum,Protect,Earthquake|Jolly||M|||50|]Whimsicott||FocusSash|Prankster|Tailwind,Moonblast,Encore,Protect|Timid||F|||50|]Metagross||Metagrossite|ClearBody|IcePunch,IronHead,PsychicFangs,Protect|Jolly|||||50|]Annihilape||Leftovers|Defiant|Protect,CloseCombat,RageFist,Taunt|Adamant||M|||50|
|showteam|p2|Tyranitar||Tyranitarite|SandStream|Protect,DragonDance,KnockOff,RockSlide|Adamant||F|||50|]Excadrill||FocusSash|SandRush|IronHead,Protect,HighHorsepower,RockSlide|Adamant||M|||50|]Corviknight||Leftovers|MirrorArmor|BulkUp,Roost,BraveBird,BodyPress|Careful||M|||50|]Basculegion||ChoiceScarf|Adaptability|AquaJet,LastRespects,WaveCrash,FlipTurn|Adamant||M|||50|]Tsareena||WideLens|QueenlyMajesty|Protect,TripleAxel,PowerWhip,LowKick|Adamant||F|||50|]Lopunny||Lopunnite|CuteCharm|FakeOut,CloseCombat,Uturn,TripleAxel|Jolly||F|||50|
|inactive|Battle timer is ON: inactive players will automatically lose when time's up. (requested by MagicalArcher57)
|
|t:|1784487617
|teamsize|p1|4
|teamsize|p2|4
|start
|switch|p1a: Whimsicott|Whimsicott, L50, F|100/100
|switch|p1b: Glimmora|Glimmora, L50, F|100/100
|switch|p2a: Tsareena|Tsareena, L50, F|100/100
|switch|p2b: Corviknight|Corviknight, L50, M|100/100
|turn|1
|
|t:|1784487635
|move|p1a: Whimsicott|Tailwind|p1a: Whimsicott
|-sidestart|p1: MagicalArcher57|move: Tailwind
|move|p1b: Glimmora|Sludge Bomb|p2a: Tsareena
|-supereffective|p2a: Tsareena|1
|-damage|p2a: Tsareena|0 fnt
|faint|p2a: Tsareena
|-damage|p1b: Glimmora|90/100|[from] item: Life Orb
|move|p2b: Corviknight|Brave Bird|p1a: Whimsicott
|-supereffective|p1a: Whimsicott|1
|-damage|p1a: Whimsicott|1/100
|-damage|p2b: Corviknight|77/100|[from] Recoil
|
|-heal|p2b: Corviknight|83/100|[from] item: Leftovers
|upkeep
|
|t:|1784487642
|switch|p2a: Basculegion|Basculegion, L50, M|100/100
|turn|2
|
|t:|1784487649
|move|p1a: Whimsicott|Encore|p2b: Corviknight
|-start|p2b: Corviknight|Encore
|move|p1b: Glimmora|Power Gem|p2b: Corviknight
|-damage|p2b: Corviknight|40/100
|-damage|p1b: Glimmora|81/100|[from] item: Life Orb
|move|p2a: Basculegion|Flip Turn|p1a: Whimsicott
|-resisted|p1a: Whimsicott|1
|-damage|p1a: Whimsicott|0 fnt
|faint|p1a: Whimsicott
|
|t:|1784487652
|switch|p2a: Lopunny|Lopunny, L50, F, shiny|100/100|[from] Flip Turn
|move|p2b: Corviknight|Brave Bird|p1b: Glimmora
|-resisted|p1b: Glimmora|1
|-damage|p1b: Glimmora|60/100
|-activate|p1b: Glimmora|ability: Toxic Debris
|-sidestart|p2: SomeKidJon|move: Toxic Spikes
|-damage|p2b: Corviknight|35/100|[from] Recoil
|
|-heal|p2b: Corviknight|41/100|[from] item: Leftovers
|upkeep
|
|t:|1784487655
|switch|p1a: Garchomp|Garchomp, L50, M|100/100
|turn|3
|
|t:|1784487661
|switch|p1a: Annihilape|Annihilape, L50, M|100/100
|switch|p2b: Basculegion|Basculegion, L50, M|100/100
|-status|p2b: Basculegion|psn
|detailschange|p2a: Lopunny|Lopunny-Mega, L50, F, shiny
|-mega|p2a: Lopunny|Lopunny|Lopunnite
|move|p1b: Glimmora|Power Gem|p2b: Basculegion
|-damage|p2b: Basculegion|32/100 psn
|-damage|p1b: Glimmora|50/100g|[from] item: Life Orb
|move|p2a: Lopunny|Triple Axel|p1a: Annihilape
|-damage|p1a: Annihilape|93/100
|-damage|p1a: Annihilape|80/100
|-damage|p1a: Annihilape|59/100
|-hitcount|p1a: Annihilape|3
|
|-heal|p1a: Annihilape|65/100|[from] item: Leftovers
|-damage|p2b: Basculegion|20/100y psn|[from] psn
|upkeep
|turn|4
|inactive|MagicalArcher57 has 30 seconds left.
|
|t:|1784487689
|switch|p2b: Corviknight|Corviknight, L50, M|41/100
|move|p1b: Glimmora|Sludge Bomb|p2a: Lopunny
|-damage|p2a: Lopunny|11/100
|-damage|p1b: Glimmora|41/100|[from] item: Life Orb
|move|p1a: Annihilape|Rage Fist|p2b: Corviknight
|-damage|p2b: Corviknight|0 fnt
|faint|p2b: Corviknight
|move|p2a: Lopunny|U-turn|p1b: Glimmora
|-resisted|p1b: Glimmora|1
|-damage|p1b: Glimmora|27/100
|-activate|p1b: Glimmora|ability: Toxic Debris
|-sidestart|p2: SomeKidJon|move: Toxic Spikes
|
|t:|1784487698
|switch|p2a: Basculegion|Basculegion, L50, M|20/100y psn|[from] U-turn
|
|-heal|p1a: Annihilape|71/100|[from] item: Leftovers
|-damage|p2a: Basculegion|8/100 psn|[from] psn
|-sideend|p1: MagicalArcher57|move: Tailwind
|upkeep
|
|t:|1784487699
|switch|p2b: Lopunny|Lopunny-Mega, L50, F, shiny|11/100
|-status|p2b: Lopunny|tox
|turn|5
|
|t:|1784487704
|move|p1b: Glimmora|Spiky Shield|p1b: Glimmora
|-singleturn|p1b: Glimmora|move: Protect
|move|p1a: Annihilape|Protect|p1a: Annihilape
|-singleturn|p1a: Annihilape|Protect
|move|p2b: Lopunny|Close Combat|p1b: Glimmora
|-activate|p1b: Glimmora|move: Protect
|-damage|p2b: Lopunny|0 fnt|[from] Spiky Shield|[of] p1b: Glimmora
|faint|p2b: Lopunny
|move|p2a: Basculegion|Last Respects|p1a: Annihilape
|-activate|p1a: Annihilape|move: Protect
|
|-heal|p1a: Annihilape|77/100|[from] item: Leftovers
|-damage|p2a: Basculegion|0 fnt|[from] psn
|faint|p2a: Basculegion
|
|win|MagicalArcher57
|raw|MagicalArcher57's rating: 1275 → 1301(+26 for winning)
|raw|SomeKidJon's rating: 1284 → 1258(-26 for losing)
