|j|☆ildrarVGC
|j|☆Lightoz
|html|ildrarVGCLightoz    
|uhtml|bestof|Game 2 of a best-of-3
|t:|1755785145
|gametype|doubles
|player|p1|ildrarVGC|266|1298
|player|p2|Lightoz|blue-gen2|1426
|gen|9
|tier|[Gen 9] VGC 2025 Reg H (Bo3)
|rated|
|rule|Species Clause: Limit one of each Pokémon
|rule|Item Clause: Limit 1 of each item
|clearpoke
|poke|p1|Garchomp, L50, F|
|poke|p1|Jumpluff, L50, M|
|poke|p1|Kingambit, L50, M|
|poke|p1|Torkoal, L50, F|
|poke|p1|Typhlosion-Hisui, L50, F|
|poke|p1|Dragonite, L50, F|
|poke|p2|Sneasler, L50, F|
|poke|p2|Indeedee, L50, M|
|poke|p2|Talonflame, L50, F|
|poke|p2|Ursaluna-Bloodmoon, L50, M|
|poke|p2|Incineroar, L50, F|
|poke|p2|Electabuzz, L50, M|
|teampreview|4
|showteam|p1|Garchomp||LifeOrb|RoughSkin|DragonClaw,StompingTantrum,Earthquake,Protect|||F|||50|,,,,,Fire]Jumpluff||CovertCloak|Chlorophyll|Tailwind,SleepPowder,Encore,LeafStorm|||M|||50|,,,,,Poison]Kingambit||AssaultVest|Defiant|Assurance,SuckerPunch,IronHead,LowKick|||M|||50|,,,,,Flying]Torkoal||EjectPack|Drought|Overheat,BurningJealousy,HelpingHand,Protect|||F|||50|,,,,,Flying]Typhlosion-Hisui||ChoiceSpecs|Blaze|Eruption,HeatWave,ShadowBall,Overheat|||F|||50|,,,,,Fire]Dragonite||LoadedDice|Multiscale|ScaleShot,IceSpinner,ExtremeSpeed,Protect|||F|||50|,,,,,Fairy
|showteam|p2|Sneasler||PsychicSeed|Unburden|DireClaw,CloseCombat,ThroatChop,Protect|||F|||50|,,,,,Dark]Indeedee||FocusSash|PsychicSurge|ExpandingForce,HelpingHand,TrickRoom,Protect|||M|||50|,,,,,Psychic]Talonflame||CovertCloak|GaleWings|FlareBlitz,Tailwind,DualWingbeat,WillOWisp|||F|||50|,,,,,Stellar]Ursaluna-Bloodmoon||LifeOrb|MindsEye|BloodMoon,HyperVoice,EarthPower,Protect|||M|||50|,,,,,Normal]Incineroar||SitrusBerry|Intimidate|FlareBlitz,KnockOff,Uturn,FakeOut|||F|||50|,,,,,Ghost]Electabuzz||Eviolite|VitalSpirit|Electroweb,Taunt,FollowMe,Protect|||M|||50|,,,,,Dragon
|j| Neekzzz
|
|t:|1755785169
|teamsize|p1|4
|teamsize|p2|4
|start
|switch|p1a: Jumpluff|Jumpluff, L50, M|100/100
|switch|p1b: Dragonite|Dragonite, L50, F|100/100
|switch|p2a: Incineroar|Incineroar, L50, F|100/100
|switch|p2b: Talonflame|Talonflame, L50, F|100/100
|-ability|p2a: Incineroar|Intimidate|boost
|-unboost|p1a: Jumpluff|atk|1
|-unboost|p1b: Dragonite|atk|1
|turn|1
|
|t:|1755785219
|switch|p1b: Typhlosion|Typhlosion-Hisui, L50, F|100/100
|-terastallize|p1a: Jumpluff|Poison
|move|p2b: Talonflame|Will-O-Wisp|p1b: Typhlosion
|-immune|p1b: Typhlosion
|move|p1a: Jumpluff|Sleep Powder|p2a: Incineroar
|-status|p2a: Incineroar|slp|[from] move: Sleep Powder
|cant|p2a: Incineroar|slp
|
|upkeep
|turn|2
|
|t:|1755785247
|move|p2b: Talonflame|Dual Wingbeat|p1b: Typhlosion
|-damage|p1b: Typhlosion|78/100
|-damage|p1b: Typhlosion|57/100
|-hitcount|p1b: Typhlosion|2
|move|p1a: Jumpluff|Sleep Powder|p2b: Talonflame
|-status|p2b: Talonflame|slp|[from] move: Sleep Powder
|move|p1b: Typhlosion|Heat Wave|p2a: Incineroar|[spread] p2a,p2b
|-resisted|p2a: Incineroar
|-resisted|p2b: Talonflame
|-damage|p2a: Incineroar|73/100 slp
|-damage|p2b: Talonflame|61/100 slp
|cant|p2a: Incineroar|slp
|
|upkeep
|turn|3
|
|t:|1755785272
|switch|p1b: Dragonite|Dragonite, L50, F|100/100
|cant|p2b: Talonflame|slp
|move|p1a: Jumpluff|Tailwind|p1a: Jumpluff
|-sidestart|p1: ildrarVGC|move: Tailwind
|-curestatus|p2a: Incineroar|slp|[msg]
|move|p2a: Incineroar|Knock Off|p1b: Dragonite
|-damage|p1b: Dragonite|75/100
|-enditem|p1b: Dragonite|Loaded Dice|[from] move: Knock Off|[of] p2a: Incineroar
|
|upkeep
|turn|4
|
|t:|1755785287
|move|p1a: Jumpluff|Sleep Powder|p2a: Incineroar
|-status|p2a: Incineroar|slp|[from] move: Sleep Powder
|move|p1b: Dragonite|Scale Shot|p2b: Talonflame
|-damage|p2b: Talonflame|39/100 slp
|-damage|p2b: Talonflame|17/100 slp
|-damage|p2b: Talonflame|0 fnt
|faint|p2b: Talonflame
|-hitcount|p2: Talonflame|3
|-unboost|p1b: Dragonite|def|1
|-boost|p1b: Dragonite|spe|1
|cant|p2a: Incineroar|slp
|
|upkeep
|
|t:|1755785295
|switch|p2b: Sneasler|Sneasler, L50, F|100/100
|turn|5
|
|t:|1755785316
|switch|p2a: Indeedee|Indeedee, L50, M|100/100
|-fieldstart|move: Psychic Terrain|[from] ability: Psychic Surge|[of] p2a: Indeedee
|-enditem|p2b: Sneasler|Psychic Seed
|-boost|p2b: Sneasler|spd|1|[from] item: Psychic Seed
|move|p1a: Jumpluff|Sleep Powder|p2b: Sneasler
|-status|p2b: Sneasler|slp|[from] move: Sleep Powder
|cant|p2b: Sneasler|slp
|move|p1b: Dragonite|Ice Spinner|p2b: Sneasler
|-damage|p2b: Sneasler|48/100 slp
|-fieldend|move: Psychic Terrain
|
|upkeep
|turn|6
|
|t:|1755785337
|switch|p1a: Kingambit|Kingambit, L50, M|100/100
|cant|p2b: Sneasler|slp
|move|p1b: Dragonite|Scale Shot|p2a: Indeedee
|-damage|p2a: Indeedee|69/100
|-damage|p2a: Indeedee|40/100
|-crit|p2a: Indeedee
|-damage|p2a: Indeedee|0 fnt
|faint|p2a: Indeedee
|-hitcount|p2: Indeedee|3
|-unboost|p1b: Dragonite|def|1
|-boost|p1b: Dragonite|spe|1
|
|-sideend|p1: ildrarVGC|move: Tailwind
|upkeep
|-message|Lightoz forfeited.
|
|win|ildrarVGC
|raw|ildrarVGC's rating: 1298 → 1332(+34 for winning)
|raw|Lightoz's rating: 1426 → 1399(-27 for losing)
|l|☆Lightoz
|player|p2|
