|j|☆leafeon03
|j|☆oncenroan
|html|leafeon03oncenroan    
|uhtml|bestof|Game 1 of a best-of-3
|t:|1785843404
|gametype|doubles
|player|p1|leafeon03|erika|1418
|player|p2|oncenroan|170|1325
|gen|9
|tier|[Gen 9 Champions] VGC 2026 Reg M-B (Bo3)
|rated|
|rule|Species Clause: Limit one of each Pokémon
|rule|Item Clause: Limit 1 of each item
|clearpoke
|poke|p1|Garchomp, L50, M|
|poke|p1|Charizard, L50, F, shiny|
|poke|p1|Whimsicott, L50, M|
|poke|p1|Basculegion, L50, M, shiny|
|poke|p1|Dragonite, L50, F, shiny|
|poke|p1|Glimmora, L50, F, shiny|
|poke|p2|Staraptor, L50, M|
|poke|p2|Arcanine-Hisui, L50, F|
|poke|p2|Gholdengo, L50|
|poke|p2|Whimsicott, L50, M|
|poke|p2|Mamoswine, L50, F|
|poke|p2|Hydreigon, L50, F|
|teampreview|4
|showteam|p1|Garchomp||SitrusBerry|RoughSkin|Earthquake,RockSlide,DragonClaw,Protect|Adamant||M|||50|]Charizard||CharizarditeY|Blaze|HeatWave,WeatherBall,SolarBeam,Protect|Modest||F|||50|]Whimsicott||OccaBerry|Prankster|Moonblast,Tailwind,Encore,Protect|Bold||M|||50|]Basculegion||MysticWater|Adaptability|WaveCrash,LastRespects,AquaJet,Protect|Adamant||M|||50|]Dragonite||LifeOrb|InnerFocus|DragonClaw,LowKick,ExtremeSpeed,Protect|Adamant||F|||50|]Glimmora||FocusSash|ToxicDebris|SludgeBomb,PowerGem,EarthPower,SpikyShield|Modest||F|||50|
|showteam|p2|Staraptor||Staraptite|Intimidate|CloseCombat,Protect,DualWingbeat,Roost|Adamant||M|||50|]Arcanine-Hisui||FocusSash|RockHead|HeadSmash,FlareBlitz,Protect,ExtremeSpeed|Adamant||F|||50|]Gholdengo||MetalCoat|GoodasGold|MakeItRain,ShadowBall,FlashCannon,Protect|Modest|||||50|]Whimsicott||OccaBerry|Prankster|Protect,Encore,Moonblast,Tailwind|Timid||M|||50|]Mamoswine||ExpertBelt|Oblivious|HighHorsepower,IceShard,Protect,IcicleCrash|Adamant||F|||50|]Hydreigon||LifeOrb|Levitate|DarkPulse,EarthPower,Protect,DracoMeteor|Modest||F|||50|
|inactive|Battle timer is ON: inactive players will automatically lose when time's up. (requested by leafeon03)
|inactive|leafeon03 has 60 seconds left.
|inactive|leafeon03 has 30 seconds left.
|
|t:|1785843515
|teamsize|p1|4
|teamsize|p2|4
|start
|switch|p1a: Whimsicott|Whimsicott, L50, M|100/100
|switch|p1b: Glimmora|Glimmora, L50, F, shiny|100/100
|switch|p2a: Arcanine|Arcanine-Hisui, L50, F|100/100
|switch|p2b: Whimsicott|Whimsicott, L50, M|100/100
|turn|1
|inactive|leafeon03 has 30 seconds left.
|inactive|oncenroan has 30 seconds left.
|inactive|leafeon03 has 20 seconds left.
|inactive|leafeon03 has 15 seconds left.
|inactive|leafeon03 has 10 seconds left.
|
|t:|1785843564
|move|p2b: Whimsicott|Tailwind|p2b: Whimsicott
|-sidestart|p2: oncenroan|move: Tailwind
|move|p1a: Whimsicott|Tailwind|p1a: Whimsicott
|-sidestart|p1: leafeon03|move: Tailwind
|move|p1b: Glimmora|Earth Power|p2a: Arcanine
|-supereffective|p2a: Arcanine|2
|-enditem|p2a: Arcanine|Focus Sash
|-damage|p2a: Arcanine|1/100
|-unboost|p2a: Arcanine|spd|1
|move|p2a: Arcanine|Head Smash|p1b: Glimmora|[miss]
|-miss|p2a: Arcanine|p1b: Glimmora
|
|upkeep
|turn|2
|inactive|leafeon03 has 30 seconds left.
|inactive|leafeon03 has 20 seconds left.
|
|t:|1785843601
|move|p1b: Glimmora|Spiky Shield|p1b: Glimmora
|-singleturn|p1b: Glimmora|move: Protect
|move|p2b: Whimsicott|Encore|p1b: Glimmora
|-activate|p1b: Glimmora|move: Protect
|move|p2a: Arcanine|Head Smash|p1a: Whimsicott
|-damage|p1a: Whimsicott|35/100
|move|p1a: Whimsicott|Moonblast|p2a: Arcanine
|-resisted|p2a: Arcanine|1
|-damage|p2a: Arcanine|0 fnt
|faint|p2a: Arcanine
|
|upkeep
|
|t:|1785843605
|switch|p2a: Staraptor|Staraptor, L50, M|100/100
|-ability|p2a: Staraptor|Intimidate|boost
|-unboost|p1a: Whimsicott|atk|1
|-unboost|p1b: Glimmora|atk|1
|turn|3
|inactive|leafeon03 has 30 seconds left.
|
|t:|1785843639
|switch|p1b: Charizard|Charizard, L50, F, shiny|100/100
|switch|p1a: Garchomp|Garchomp, L50, M|100/100
|detailschange|p2a: Staraptor|Staraptor-Mega, L50, M
|-mega|p2a: Staraptor|Staraptor|Staraptite
|move|p2b: Whimsicott|Encore||[still]
|-fail|p2b: Whimsicott
|move|p2a: Staraptor|Close Combat|p1a: Garchomp
|-damage|p1a: Garchomp|48/100
|-boost|p2a: Staraptor|def|1
|-boost|p2a: Staraptor|spd|1
|-damage|p2a: Staraptor|87/100|[from] ability: Rough Skin|[of] p1a: Garchomp
|-enditem|p1a: Garchomp|Sitrus Berry|[eat]
|-heal|p1a: Garchomp|73/100|[from] item: Sitrus Berry
|
|upkeep
|turn|4
|inactive|leafeon03 has 30 seconds left.
|
|t:|1785843664
|detailschange|p1b: Charizard|Charizard-Mega-Y, L50, F, shiny
|-mega|p1b: Charizard|Charizard|Charizardite Y
|-weather|SunnyDay|[from] ability: Drought|[of] p1b: Charizard
|move|p2b: Whimsicott|Protect|p2b: Whimsicott
|-singleturn|p2b: Whimsicott|Protect
|move|p2a: Staraptor|Close Combat|p1b: Charizard
|-resisted|p1b: Charizard|1
|-damage|p1b: Charizard|70/100
|-boost|p2a: Staraptor|def|1
|-boost|p2a: Staraptor|spd|1
|move|p1a: Garchomp|Rock Slide|p2b: Whimsicott|[spread] p2a
|-activate|p2b: Whimsicott|move: Protect
|-damage|p2a: Staraptor|78/100
|move|p1b: Charizard|Heat Wave|p2a: Staraptor|[spread] p2a
|-activate|p2b: Whimsicott|move: Protect
|-damage|p2a: Staraptor|45/100
|
|-weather|SunnyDay|[upkeep]
|-sideend|p2: oncenroan|move: Tailwind
|-sideend|p1: leafeon03|move: Tailwind
|upkeep
|turn|5
|inactive|leafeon03 has 30 seconds left.
|
|t:|1785843696
|move|p2b: Whimsicott|Tailwind|p2b: Whimsicott
|-sidestart|p2: oncenroan|move: Tailwind
|move|p2a: Staraptor|Roost|p2a: Staraptor
|-heal|p2a: Staraptor|95/100
|-singleturn|p2a: Staraptor|move: Roost
|move|p1a: Garchomp|Dragon Claw|p2a: Staraptor
|-damage|p2a: Staraptor|74/100
|move|p1b: Charizard|Weather Ball|p2a: Staraptor
|-damage|p2a: Staraptor|29/100
|
|-weather|SunnyDay|[upkeep]
|upkeep
|turn|6
|
|t:|1785843719
|move|p2b: Whimsicott|Protect|p2b: Whimsicott
|-singleturn|p2b: Whimsicott|Protect
|move|p2a: Staraptor|Protect|p2a: Staraptor
|-singleturn|p2a: Staraptor|Protect
|move|p1a: Garchomp|Dragon Claw|p2a: Staraptor
|-activate|p2a: Staraptor|move: Protect
|move|p1b: Charizard|Heat Wave|p2b: Whimsicott|[spread] 
|-activate|p2a: Staraptor|move: Protect
|-activate|p2b: Whimsicott|move: Protect
|
|-weather|SunnyDay|[upkeep]
|upkeep
|turn|7
|
|t:|1785843740
|move|p2b: Whimsicott|Moonblast|p1a: Garchomp
|-supereffective|p1a: Garchomp|1
|-damage|p1a: Garchomp|16/100
|move|p2a: Staraptor|Roost|p2a: Staraptor
|-heal|p2a: Staraptor|79/100
|-singleturn|p2a: Staraptor|move: Roost
|move|p1a: Garchomp|Dragon Claw|p2a: Staraptor
|-damage|p2a: Staraptor|57/100
|move|p1b: Charizard|Heat Wave|p2a: Staraptor|[spread] p2a,p2b
|-supereffective|p2b: Whimsicott|1
|-enditem|p2b: Whimsicott|Occa Berry|[eat]
|-enditem|p2b: Whimsicott|Occa Berry|[weaken]
|-damage|p2a: Staraptor|26/100
|-damage|p2b: Whimsicott|19/100
|
|-weather|SunnyDay|[upkeep]
|upkeep
|turn|8
|inactive|leafeon03 has 30 seconds left.
|
|t:|1785843767
|move|p1a: Garchomp|Protect|p1a: Garchomp
|-singleturn|p1a: Garchomp|Protect
|move|p2b: Whimsicott|Moonblast|p1a: Garchomp
|-activate|p1a: Garchomp|move: Protect
|move|p2a: Staraptor|Roost|p2a: Staraptor
|-heal|p2a: Staraptor|76/100
|-singleturn|p2a: Staraptor|move: Roost
|move|p1b: Charizard|Heat Wave|p2a: Staraptor|[spread] p2a,p2b
|-supereffective|p2b: Whimsicott|1
|-damage|p2a: Staraptor|40/100
|-damage|p2b: Whimsicott|0 fnt
|faint|p2b: Whimsicott
|
|-weather|none
|-sideend|p2: oncenroan|move: Tailwind
|upkeep
|
|t:|1785843769
|switch|p2b: Mamoswine|Mamoswine, L50, F|100/100
|turn|9
|inactive|leafeon03 has 30 seconds left.
|inactive|leafeon03 has 20 seconds left.
|
|t:|1785843805
|move|p1b: Charizard|Protect|p1b: Charizard
|-singleturn|p1b: Charizard|Protect
|move|p2a: Staraptor|Close Combat|p1a: Garchomp
|-damage|p1a: Garchomp|0 fnt
|-boost|p2a: Staraptor|def|1
|-boost|p2a: Staraptor|spd|1
|-damage|p2a: Staraptor|28/100|[from] ability: Rough Skin|[of] p1a: Garchomp
|faint|p1a: Garchomp
|move|p2b: Mamoswine|Icicle Crash|p1b: Charizard
|-activate|p1b: Charizard|move: Protect
|
|upkeep
|
|t:|1785843816
|switch|p1a: Whimsicott|Whimsicott, L50, M|35/100
|turn|10
|
|t:|1785843826
|move|p1a: Whimsicott|Tailwind|p1a: Whimsicott
|-sidestart|p1: leafeon03|move: Tailwind
|move|p1b: Charizard|Heat Wave|p2a: Staraptor|[spread] p2a,p2b
|-supereffective|p2b: Mamoswine|1
|-damage|p2a: Staraptor|10/100
|-damage|p2b: Mamoswine|0 fnt
|-status|p2a: Staraptor|brn
|faint|p2b: Mamoswine
|move|p2a: Staraptor|Dual Wingbeat|p1a: Whimsicott
|-supereffective|p1a: Whimsicott|1
|-damage|p1a: Whimsicott|15/100
|-supereffective|p1a: Whimsicott|1
|-damage|p1a: Whimsicott|0 fnt
|faint|p1a: Whimsicott
|-hitcount|p1: Whimsicott|2
|
|-damage|p2a: Staraptor|3/100 brn|[from] brn
|upkeep
|-message|oncenroan forfeited.
|
|win|leafeon03
||oncenroan is ready for game 2.
||leafeon03 is ready for game 2.
|uhtml|next|Next: Game 2 of 3
