|j|☆the doctor rock
|j|☆Z4RDEL
|html|the doctor rockZ4RDEL    
|uhtml|bestof|Game 1 of a best-of-3
|t:|1783033967
|gametype|doubles
|player|p1|the doctor rock|marlon|1054
|player|p2|Z4RDEL|miku-fire|1079
|gen|9
|tier|[Gen 9 Champions] VGC 2026 Reg M-B (Bo3)
|rated|
|rule|Species Clause: Limit one of each Pokémon
|rule|Item Clause: Limit 1 of each item
|clearpoke
|poke|p1|Malamar, L50, F|
|poke|p1|Sylveon, L50, F|
|poke|p1|Sneasler, L50, F|
|poke|p1|Grimmsnarl, L50, M|
|poke|p1|Sinistcha, L50|
|poke|p1|Glimmora, L50, M|
|poke|p2|Froslass, L50, F|
|poke|p2|Glimmora, L50, F|
|poke|p2|Sinistcha-Masterpiece, L50|
|poke|p2|Archaludon, L50, M|
|poke|p2|Incineroar, L50, F|
|poke|p2|Raichu, L50, M|
|teampreview|4
|showteam|p1|Malamar||Malamarite|Contrary|KnockOff,PsychoCut,Superpower,Protect|Adamant||F|||50|]Sylveon||FairyFeather|Pixilate|HyperVoice,QuickAttack,Yawn,Detect|Modest||F|||50|]Sneasler||WhiteHerb|Unburden|DireClaw,CloseCombat,FakeOut,Protect|Jolly||F|||50|]Grimmsnarl||RoseliBerry|Prankster|FoulPlay,FakeTears,ScaryFace,PartingShot|Bold||M|||50|]Sinistcha||SitrusBerry|Hospitality|MatchaGotcha,LifeDew,RagePowder,TrickRoom|Bold|||||50|]Glimmora||FocusSash|ToxicDebris|PowerGem,SludgeBomb,EarthPower,SpikyShield|Timid||M|||50|
|showteam|p2|Froslass||Froslassite|SnowCloak|AuroraVeil,Blizzard,ShadowBall,Protect|Modest||F|||50|]Glimmora||FocusSash|ToxicDebris|PowerGem,EarthPower,MortalSpin,StealthRock|Modest||F|||50|]Sinistcha-Masterpiece||SitrusBerry|Hospitality|MatchaGotcha,TrickRoom,RagePowder,LifeDew|Sassy|||||50|]Archaludon||Leftovers|Stamina|ElectroShot,FlashCannon,DracoMeteor,Protect|Bold||M|||50|]Incineroar||QuickClaw|Intimidate|PartingShot,FakeOut,FlareBlitz,DarkestLariat|Adamant||F|||50|]Raichu||RaichuniteY|LightningRod|FocusBlast,FakeOut,ZapCannon,Protect|Mild||M|||50|
|inactive|Battle timer is ON: inactive players will automatically lose when time's up. (requested by Z4RDEL)
|inactive|the doctor rock also wants the timer to be on.
|inactive|the doctor rock has 60 seconds left.
|inactive|Z4RDEL has 60 seconds left.
|
|t:|1783034009
|teamsize|p1|4
|teamsize|p2|4
|start
|switch|p1a: Malamar|Malamar, L50, F|100/100
|switch|p1b: Grimmsnarl|Grimmsnarl, L50, M|100/100
|switch|p2a: Froslass|Froslass, L50, F|100/100
|switch|p2b: Archaludon|Archaludon, L50, M|100/100
|turn|1
|inactive|Z4RDEL has 30 seconds left.
|
|t:|1783034037
|detailschange|p2a: Froslass|Froslass-Mega, L50, F
|-mega|p2a: Froslass|Froslass|Froslassite
|-weather|Snowscape|[from] ability: Snow Warning|[of] p2a: Froslass
|detailschange|p1a: Malamar|Malamar-Mega, L50, F
|-mega|p1a: Malamar|Malamar|Malamarite
|move|p1b: Grimmsnarl|Fake Tears|p1a: Malamar
|-boost|p1a: Malamar|spd|2
|move|p2a: Froslass|Blizzard|p1a: Malamar|[spread] p1a,p1b
|-damage|p1a: Malamar|81/100
|-damage|p1b: Grimmsnarl|46/100
|move|p1a: Malamar|Superpower|p2b: Archaludon
|-supereffective|p2b: Archaludon|1
|-damage|p2b: Archaludon|59/100
|-boost|p1a: Malamar|atk|1
|-boost|p1a: Malamar|def|1
|-ability|p2b: Archaludon|Stamina|boost
|-boost|p2b: Archaludon|def|1
|move|p2b: Archaludon|Flash Cannon|p1b: Grimmsnarl
|-supereffective|p1b: Grimmsnarl|1
|-damage|p1b: Grimmsnarl|0 fnt
|faint|p1b: Grimmsnarl
|
|-weather|Snowscape|[upkeep]
|-heal|p2b: Archaludon|65/100|[from] item: Leftovers
|upkeep
|
|t:|1783034050
|switch|p1b: Glimmora|Glimmora, L50, M|100/100
|turn|2
|
|t:|1783034063
|move|p2b: Archaludon|Protect|p2b: Archaludon
|-singleturn|p2b: Archaludon|Protect
|move|p2a: Froslass|Aurora Veil|p2a: Froslass
|-sidestart|p2: Z4RDEL|move: Aurora Veil
|move|p1b: Glimmora|Earth Power|p2b: Archaludon
|-activate|p2b: Archaludon|move: Protect
|move|p1a: Malamar|Knock Off|p2a: Froslass
|-supereffective|p2a: Froslass|1
|-damage|p2a: Froslass|28/100
|
|-weather|Snowscape|[upkeep]
|-heal|p2b: Archaludon|71/100|[from] item: Leftovers
|upkeep
|turn|3
|
|t:|1783034081
|switch|p2a: Sinistcha|Sinistcha-Masterpiece, L50|100/100
|-heal|p2b: Archaludon|96/100|[from] ability: Hospitality|[of] p2a: Sinistcha
|move|p1b: Glimmora|Spiky Shield|p1b: Glimmora
|-singleturn|p1b: Glimmora|move: Protect
|move|p1a: Malamar|Superpower|p2b: Archaludon
|-supereffective|p2b: Archaludon|1
|-damage|p2b: Archaludon|67/100
|-boost|p1a: Malamar|atk|1
|-boost|p1a: Malamar|def|1
|-ability|p2b: Archaludon|Stamina|boost
|-boost|p2b: Archaludon|def|1
|move|p2b: Archaludon|Flash Cannon|p1b: Glimmora
|-activate|p1b: Glimmora|move: Protect
|
|-weather|Snowscape|[upkeep]
|-heal|p2b: Archaludon|73/100|[from] item: Leftovers
|upkeep
|turn|4
|l|☆Z4RDEL
|inactive|Z4RDEL disconnected and has a minute to reconnect!
|player|p2|
|inactive|Z4RDEL has 30 seconds left.
|j|☆Z4RDEL
|inactive|Z4RDEL reconnected and has 30 seconds left.
|player|p2|Z4RDEL|miku-fire|
|inactive|Z4RDEL has 20 seconds left.
|inactive|Z4RDEL has 15 seconds left.
|inactive|Z4RDEL has 10 seconds left.
|
|t:|1783034130
|switch|p1b: Sinistcha|Sinistcha, L50|100/100
|-heal|p1a: Malamar|100/100|[from] ability: Hospitality|[of] p1b: Sinistcha
|switch|p2a: Glimmora|Glimmora, L50, F|100/100
|move|p1a: Malamar|Knock Off|p2a: Glimmora
|-damage|p2a: Glimmora|17/100
|-activate|p2a: Glimmora|ability: Toxic Debris
|-sidestart|p1: the doctor rock|move: Toxic Spikes
|-enditem|p2a: Glimmora|Focus Sash|[from] move: Knock Off|[of] p1a: Malamar
|move|p2b: Archaludon|Flash Cannon|p1b: Sinistcha
|-damage|p1b: Sinistcha|67/100
|
|-weather|Snowscape|[upkeep]
|-heal|p2b: Archaludon|79/100|[from] item: Leftovers
|upkeep
|turn|5
|
|t:|1783034154
|move|p2a: Glimmora|Mortal Spin|p1a: Malamar|[spread] p1a,p1b
|-damage|p1a: Malamar|97/100
|-damage|p1b: Sinistcha|64/100
|-status|p1a: Malamar|psn
|-status|p1b: Sinistcha|psn
|move|p1a: Malamar|Superpower|p2a: Glimmora
|-damage|p2a: Glimmora|0 fnt
|-boost|p1a: Malamar|atk|1
|-boost|p1a: Malamar|def|1
|-activate|p2a: Glimmora|ability: Toxic Debris
|-sidestart|p1: the doctor rock|move: Toxic Spikes
|faint|p2a: Glimmora
|move|p2b: Archaludon|Flash Cannon|p1b: Sinistcha
|-damage|p1b: Sinistcha|32/100 psn
|-enditem|p1b: Sinistcha|Sitrus Berry|[eat]
|-heal|p1b: Sinistcha|56/100 psn|[from] item: Sitrus Berry
|move|p1b: Sinistcha|Trick Room|p1b: Sinistcha
|-fieldstart|move: Trick Room|[of] p1b: Sinistcha
|
|-weather|none
|-heal|p2b: Archaludon|85/100|[from] item: Leftovers
|-damage|p1b: Sinistcha|44/100 psn|[from] psn
|-damage|p1a: Malamar|85/100 psn|[from] psn
|upkeep
|inactive|Z4RDEL has 30 seconds left.
|
|t:|1783034181
|switch|p2a: Froslass|Froslass-Mega, L50, F|28/100
|-weather|Snowscape|[from] ability: Snow Warning|[of] p2a: Froslass
|turn|6
|
|t:|1783034196
|move|p2a: Froslass|Protect|p2a: Froslass
|-singleturn|p2a: Froslass|Protect
|move|p1b: Sinistcha|Life Dew|p1b: Sinistcha|[spread] p1a,p1b
|-heal|p1a: Malamar|100/100 psn
|-heal|p1b: Sinistcha|69/100 psn
|move|p2b: Archaludon|Flash Cannon|p1b: Sinistcha
|-damage|p1b: Sinistcha|40/100 psn
|move|p1a: Malamar|Superpower|p2b: Archaludon
|-supereffective|p2b: Archaludon|1
|-damage|p2b: Archaludon|51/100
|-boost|p1a: Malamar|atk|1
|-boost|p1a: Malamar|def|1
|-ability|p2b: Archaludon|Stamina|boost
|-boost|p2b: Archaludon|def|1
|
|-weather|Snowscape|[upkeep]
|-heal|p2b: Archaludon|57/100|[from] item: Leftovers
|-damage|p1b: Sinistcha|28/100 psn|[from] psn
|-damage|p1a: Malamar|87/100 psn|[from] psn
|-sideend|p2: Z4RDEL|move: Aurora Veil
|upkeep
|turn|7
|
|t:|1783034219
|switch|p2a: Sinistcha|Sinistcha-Masterpiece, L50|100/100
|-heal|p2b: Archaludon|82/100|[from] ability: Hospitality|[of] p2a: Sinistcha
|move|p1b: Sinistcha|Life Dew|p1b: Sinistcha|[spread] p1a,p1b
|-heal|p1a: Malamar|100/100 psn
|-heal|p1b: Sinistcha|53/100 psn
|move|p2b: Archaludon|Flash Cannon|p1b: Sinistcha
|-damage|p1b: Sinistcha|22/100 psn
|move|p1a: Malamar|Knock Off|p2a: Sinistcha
|-supereffective|p2a: Sinistcha|1
|-damage|p2a: Sinistcha|0 fnt
|-enditem|p2a: Sinistcha|Sitrus Berry|[from] move: Knock Off|[of] p1a: Malamar
|faint|p2a: Sinistcha
|
|-weather|Snowscape|[upkeep]
|-heal|p2b: Archaludon|88/100|[from] item: Leftovers
|-damage|p1b: Sinistcha|10/100 psn|[from] psn
|-damage|p1a: Malamar|87/100 psn|[from] psn
|upkeep
|
|t:|1783034232
|switch|p2a: Froslass|Froslass-Mega, L50, F|28/100
|turn|8
|
|t:|1783034244
|move|p2b: Archaludon|Protect|p2b: Archaludon
|-singleturn|p2b: Archaludon|Protect
|move|p1b: Sinistcha|Life Dew|p1b: Sinistcha|[spread] p1a,p1b
|-heal|p1a: Malamar|100/100 psn
|-heal|p1b: Sinistcha|35/100 psn
|move|p1a: Malamar|Superpower|p2b: Archaludon
|-activate|p2b: Archaludon|move: Protect
|move|p2a: Froslass|Blizzard|p1a: Malamar|[spread] p1a,p1b
|-supereffective|p1b: Sinistcha|1
|-damage|p1a: Malamar|79/100 psn
|-damage|p1b: Sinistcha|0 fnt
|faint|p1b: Sinistcha
|
|-weather|Snowscape|[upkeep]
|-heal|p2b: Archaludon|94/100|[from] item: Leftovers
|-damage|p1a: Malamar|66/100 psn|[from] psn
|upkeep
|
|t:|1783034247
|switch|p1b: Glimmora|Glimmora, L50, M|100/100
|-sideend|p1: the doctor rock|move: Toxic Spikes|[of] p1b: Glimmora
|turn|9
|
|t:|1783034267
|move|p1b: Glimmora|Spiky Shield|p1b: Glimmora
|-singleturn|p1b: Glimmora|move: Protect
|move|p2a: Froslass|Protect|p2a: Froslass
|-singleturn|p2a: Froslass|Protect
|move|p2b: Archaludon|Flash Cannon|p1b: Glimmora
|-activate|p1b: Glimmora|move: Protect
|move|p1a: Malamar|Knock Off|p2a: Froslass
|-activate|p2a: Froslass|move: Protect
|
|-weather|Snowscape|[upkeep]
|-heal|p2b: Archaludon|100/100|[from] item: Leftovers
|-damage|p1a: Malamar|54/100 psn|[from] psn
|-fieldend|move: Trick Room
|upkeep
|turn|10
|
|t:|1783034283
|move|p2a: Froslass|Blizzard|p1a: Malamar|[spread] p1a,p1b
|-damage|p1a: Malamar|35/100 psn
|-damage|p1b: Glimmora|35/100
|move|p1b: Glimmora|Earth Power|p2b: Archaludon
|-supereffective|p2b: Archaludon|1
|-damage|p2b: Archaludon|12/100
|-ability|p2b: Archaludon|Stamina|boost
|-boost|p2b: Archaludon|def|1
|move|p1a: Malamar|Knock Off|p2a: Froslass
|-supereffective|p2a: Froslass|1
|-damage|p2a: Froslass|0 fnt
|faint|p2a: Froslass
|move|p2b: Archaludon|Flash Cannon|p1b: Glimmora
|-supereffective|p1b: Glimmora|1
|-damage|p1b: Glimmora|0 fnt
|faint|p1b: Glimmora
|
|-weather|none
|-heal|p2b: Archaludon|18/100|[from] item: Leftovers
|-damage|p1a: Malamar|22/100 psn|[from] psn
|upkeep
|turn|11
|
|t:|1783034303
|move|p2b: Archaludon|Protect|p2b: Archaludon
|-singleturn|p2b: Archaludon|Protect
|move|p1a: Malamar|Superpower|p2b: Archaludon
|-activate|p2b: Archaludon|move: Protect
|
|-heal|p2b: Archaludon|24/100|[from] item: Leftovers
|-damage|p1a: Malamar|10/100 psn|[from] psn
|upkeep
|turn|12
|
|t:|1783034314
|move|p2b: Archaludon|Protect|p2b: Archaludon
|-singleturn|p2b: Archaludon|Protect
|move|p1a: Malamar|Knock Off|p2b: Archaludon
|-activate|p2b: Archaludon|move: Protect
|
|-heal|p2b: Archaludon|30/100|[from] item: Leftovers
|-damage|p1a: Malamar|0 fnt|[from] psn
|faint|p1a: Malamar
|
|win|Z4RDEL
||the doctor rock is ready for game 2.
|inactive|Z4RDEL has 30 seconds to confirm battle start!
||Z4RDEL is ready for game 2.
|uhtml|next|Next: Game 2 of 3
|l|☆the doctor rock
|player|p1|
