|j|☆teyvgc
|j|☆babydimelavelda
|html|teyvgcbabydimelavelda    
|uhtml|bestof|Game 2 of a best-of-3
|t:|1785198529
|gametype|doubles
|player|p1|teyvgc|rood|1295
|player|p2|babydimelavelda|265|1217
|gen|9
|tier|[Gen 9 Champions] VGC 2026 Reg M-B (Bo3)
|rated|
|rule|Species Clause: Limit one of each Pokémon
|rule|Item Clause: Limit 1 of each item
|clearpoke
|poke|p1|Kingambit, L50, F|
|poke|p1|Garchomp, L50, F|
|poke|p1|Farigiraf, L50, F|
|poke|p1|Charizard, L50, M|
|poke|p1|Sylveon, L50, F|
|poke|p1|Aerodactyl, L50, M|
|poke|p2|Mawile, L50, M|
|poke|p2|Farigiraf, L50, F|
|poke|p2|Milotic, L50, F|
|poke|p2|Incineroar, L50, M|
|poke|p2|Garchomp, L50, F|
|poke|p2|Aerodactyl, L50, F|
|teampreview|4
|showteam|p1|Kingambit||BlackGlasses|Defiant|Protect,IronHead,SuckerPunch,KowtowCleave|Brave||F|||50|]Garchomp||LifeOrb|RoughSkin|DragonClaw,Earthquake,RockSlide,Protect|Jolly||F|||50|]Farigiraf||SitrusBerry|ArmorTail|TwinBeam,Thunderbolt,TrickRoom,HelpingHand|Bold||F|||50|]Charizard||CharizarditeY|Blaze|Protect,HeatWave,SolarBeam,WeatherBall|Modest||M|||50|]Sylveon||FairyFeather|Pixilate|Detect,HyperBeam,HyperVoice,QuickAttack|Modest||F|||50|]Aerodactyl||Aerodactylite|Unnerve|WideGuard,RockSlide,DualWingbeat,Tailwind|Jolly||M|||50|
|showteam|p2|Mawile||Mawilite|HyperCutter|Protect,BrickBreak,PlayRough,RockSlide|Brave||M|||50|]Farigiraf||ColburBerry|ArmorTail|TrickRoom,TwinBeam,Protect,GrassKnot|Bold||F|||50|]Milotic||Leftovers|MarvelScale|Scald,IceBeam,Haze,Protect|Modest||F|||50|]Incineroar||SitrusBerry|Intimidate|FlareBlitz,DarkestLariat,FakeOut,PartingShot|Adamant||M|||50|]Garchomp||LifeOrb|RoughSkin|Earthquake,DragonClaw,RockSlide,Protect|Jolly||F|||50|]Aerodactyl||Aerodactylite|Unnerve|RockSlide,DualWingbeat,Tailwind,Protect|Adamant||F|||50|
|
|t:|1785198545
|teamsize|p1|4
|teamsize|p2|4
|start
|switch|p1a: Ian|Garchomp, L50, F|100/100
|switch|p1b: Obsession|Aerodactyl, L50, M|100/100
|switch|p2a: Farigiraf|Farigiraf, L50, F|100/100
|switch|p2b: Incineroar|Incineroar, L50, M|100/100
|-ability|p1b: Obsession|Unnerve
|-ability|p2b: Incineroar|Intimidate|boost
|-unboost|p1a: Ian|atk|1
|-unboost|p1b: Obsession|atk|1
|turn|1
|
|t:|1785198563
|move|p1b: Obsession|Rock Slide|p2b: Incineroar|[spread] p2b
|-miss|p1b: Obsession|p2a: Farigiraf
|-supereffective|p2b: Incineroar|1
|-damage|p2b: Incineroar|76/100
|move|p1a: Ian|Earthquake|p2a: Farigiraf|[spread] p2a,p2b
|-immune|p1b: Obsession
|-supereffective|p2b: Incineroar|1
|-damage|p2a: Farigiraf|70/100
|-damage|p2b: Incineroar|14/100
|-damage|p1a: Ian|90/100|[from] item: Life Orb
|move|p2b: Incineroar|Parting Shot|p1b: Obsession
|-unboost|p1b: Obsession|atk|1
|-unboost|p1b: Obsession|spa|1
|
|t:|1785198575
|switch|p2b: Mawile|Mawile, L50, M|100/100|[from] Parting Shot
|move|p2a: Farigiraf|Trick Room|p2a: Farigiraf
|-fieldstart|move: Trick Room|[of] p2a: Farigiraf
|
|upkeep
|turn|2
|
|t:|1785198588
|switch|p1b: Bear|Kingambit, L50, F|100/100
|detailschange|p2b: Mawile|Mawile-Mega, L50, M
|-mega|p2b: Mawile|Mawile|Mawilite
|move|p1a: Ian|Protect|p1a: Ian
|-singleturn|p1a: Ian|Protect
|move|p2b: Mawile|Play Rough|p1a: Ian
|-activate|p1a: Ian|move: Protect
|move|p2a: Farigiraf|Twin Beam|p1b: Bear
|-immune|p1b: Bear
|
|upkeep
|turn|3
|
|t:|1785198612
|switch|p1a: Obsession|Aerodactyl, L50, M|100/100
|-ability|p1a: Obsession|Unnerve
|move|p2b: Mawile|Brick Break|p1b: Bear
|-supereffective|p1b: Bear|2
|-damage|p1b: Bear|0 fnt
|faint|p1b: Bear
|move|p2a: Farigiraf|Twin Beam|p1a: Obsession
|-damage|p1a: Obsession|80/100
|-damage|p1a: Obsession|62/100
|-hitcount|p1a: Obsession|2
|
|upkeep
|
|t:|1785198624
|switch|p1b: Nikki|Charizard, L50, M|100/100
|turn|4
|
|t:|1785198650
|detailschange|p1b: Nikki|Charizard-Mega-Y, L50, M
|-mega|p1b: Nikki|Charizard|Charizardite Y
|-weather|SunnyDay|[from] ability: Drought|[of] p1b: Nikki
|move|p1a: Obsession|Wide Guard|p1a: Obsession
|-singleturn|p1a: Obsession|Wide Guard
|move|p2b: Mawile|Rock Slide|p1b: Nikki|[spread] 
|-activate|p1a: Obsession|move: Wide Guard
|-activate|p1b: Nikki|move: Wide Guard
|move|p2a: Farigiraf|Twin Beam|p1a: Obsession
|-damage|p1a: Obsession|45/100
|-crit|p1a: Obsession
|-damage|p1a: Obsession|20/100y
|-hitcount|p1a: Obsession|2
|move|p1b: Nikki|Heat Wave|p2a: Farigiraf|[spread] p2a,p2b
|-supereffective|p2b: Mawile|1
|-damage|p2a: Farigiraf|16/100
|-damage|p2b: Mawile|0 fnt
|faint|p2b: Mawile
|
|-weather|SunnyDay|[upkeep]
|upkeep
|
|t:|1785198664
|switch|p2b: Incineroar|Incineroar, L50, M|14/100
|-ability|p2b: Incineroar|Intimidate|boost
|-unboost|p1a: Obsession|atk|1
|-unboost|p1b: Nikki|atk|1
|turn|5
|
|t:|1785198677
|move|p1b: Nikki|Protect|p1b: Nikki
|-singleturn|p1b: Nikki|Protect
|move|p2a: Farigiraf|Twin Beam|p1a: Obsession
|-damage|p1a: Obsession|1/100
|-damage|p1a: Obsession|0 fnt
|-enditem|p2b: Incineroar|Sitrus Berry|[eat]
|-heal|p2b: Incineroar|39/100|[from] item: Sitrus Berry
|faint|p1a: Obsession
|-hitcount|p1: Obsession|2
|move|p2b: Incineroar|Parting Shot|p1b: Nikki
|-activate|p1b: Nikki|move: Protect
|
|-weather|SunnyDay|[upkeep]
|-fieldend|move: Trick Room
|upkeep
|
|t:|1785198683
|switch|p1a: Ian|Garchomp, L50, F|90/100
|turn|6
|
|t:|1785198704
|move|p1a: Ian|Earthquake|p2b: Incineroar|[spread] p2a,p2b
|-immune|p1b: Nikki
|-supereffective|p2b: Incineroar|1
|-crit|p2b: Incineroar
|-damage|p2a: Farigiraf|0 fnt
|-damage|p2b: Incineroar|0 fnt
|faint|p2a: Farigiraf
|faint|p2b: Incineroar
|-damage|p1a: Ian|80/100|[from] item: Life Orb
|move|p1b: Nikki|Heat Wave|p2: Farigiraf|[notarget]
|-fail|p1b: Nikki
|
|-weather|SunnyDay|[upkeep]
|upkeep
|
|t:|1785198707
|switch|p2b: Garchomp|Garchomp, L50, F|100/100
|turn|7
|
|t:|1785198729
|move|p1a: Ian|Dragon Claw|p2b: Garchomp
|-supereffective|p2b: Garchomp|1
|-damage|p2b: Garchomp|0 fnt
|-damage|p1a: Ian|67/100|[from] ability: Rough Skin|[of] p2b: Garchomp
|faint|p2b: Garchomp
|-damage|p1a: Ian|58/100|[from] item: Life Orb
|
|win|teyvgc
|raw|teyvgc's rating: 1295 → 1314(+19 for winning)
|raw|babydimelavelda's rating: 1217 → 1198(-19 for losing)
