|j|☆sturmkitten69
|j|☆khoatram
|html|sturmkitten69khoatram    
|uhtml|bestof|Game 2 of a best-of-3
|t:|1784688844
|gametype|doubles
|player|p1|sturmkitten69|fisherman-gen4|1141
|player|p2|khoatram|lucas|1031
|gen|9
|tier|[Gen 9 Champions] VGC 2026 Reg M-B (Bo3)
|rated|
|rule|Species Clause: Limit one of each Pokémon
|rule|Item Clause: Limit 1 of each item
|clearpoke
|poke|p1|Incineroar, L50, M, shiny|
|poke|p1|Rotom-Wash, L50, shiny|
|poke|p1|Delphox, L50, M|
|poke|p1|Altaria, L50, F|
|poke|p1|Sinistcha, L50|
|poke|p1|Chesnaught, L50, M, shiny|
|poke|p2|Delphox, L50, F, shiny|
|poke|p2|Politoed, L50, M|
|poke|p2|Aerodactyl, L50, M|
|poke|p2|Chesnaught, L50, F|
|poke|p2|Whimsicott, L50, F|
|poke|p2|Basculegion, L50, M|
|teampreview|4
|showteam|p1|Incineroar||PasshoBerry|Intimidate|FakeOut,PartingShot,ThroatChop,FlareBlitz|Impish||M|||50|]Rotom-Wash||ChoiceScarf|Levitate|VoltSwitch,Electroweb,WillOWisp,HydroPump|Timid|||||50|]Delphox||Delphoxite|Blaze|HeatWave,CalmMind,Psychic,Protect|Timid||M|||50|]Altaria||RoseliBerry|CloudNine|Tailwind,Roost,WillOWisp,DragonPulse|Bold||F|||50|]Sinistcha||SitrusBerry|Hospitality|Protect,RagePowder,LifeDew,MatchaGotcha|Bold|||||50|]Chesnaught||Leftovers|Bulletproof|WideGuard,BodyPress,WoodHammer,SpikyShield|Impish||M|||50|
|showteam|p2|Delphox||Delphoxite|Magician|Psychic,TrickRoom,Protect,HeatWave|Modest||F|||50|]Politoed||DampRock|Drizzle|IcyWind,IceBeam,WeatherBall,EarthPower|Modest||M|||50|]Aerodactyl||WideLens|Pressure|DualWingbeat,Tailwind,WideGuard,RockSlide|Adamant||M|||50|]Chesnaught||Chesnaughtite|Bulletproof|BodyPress,KnockOff,GrassyGlide,SpikyShield|Adamant||F|||50|]Whimsicott||FocusSash|Prankster|GrassyTerrain,EnergyBall,Moonblast,Tailwind|Timid||F|||50|]Basculegion||MysticWater|SwiftSwim|AquaJet,WaveCrash,LastRespects,Protect|Impish||M|||50|
|
|t:|1784688894
|teamsize|p1|4
|teamsize|p2|4
|start
|switch|p1a: Incineroar|Incineroar, L50, M, shiny|100/100
|switch|p1b: Altaria|Altaria, L50, F|100/100
|switch|p2a: Chesnaught|Chesnaught, L50, F|100/100
|switch|p2b: Whimsicott|Whimsicott, L50, F|100/100
|-ability|p1b: Altaria|Cloud Nine
|-ability|p1a: Incineroar|Intimidate|boost
|-unboost|p2a: Chesnaught|atk|1
|-unboost|p2b: Whimsicott|atk|1
|turn|1
|
|t:|1784688915
|detailschange|p2a: Chesnaught|Chesnaught-Mega, L50, F
|-mega|p2a: Chesnaught|Chesnaught|Chesnaughtite
|move|p2a: Chesnaught|Spiky Shield|p2a: Chesnaught
|-singleturn|p2a: Chesnaught|move: Protect
|move|p2b: Whimsicott|Grassy Terrain|p2b: Whimsicott
|-fieldstart|move: Grassy Terrain
|move|p1b: Altaria|Will-O-Wisp|p2a: Chesnaught
|-activate|p2a: Chesnaught|move: Protect
|move|p1a: Incineroar|Flare Blitz|p2b: Whimsicott
|-supereffective|p2b: Whimsicott|1
|-enditem|p2b: Whimsicott|Focus Sash
|-damage|p2b: Whimsicott|1/100
|-damage|p1a: Incineroar|78/100|[from] Recoil
|
|-heal|p2b: Whimsicott|6/100|[from] Grassy Terrain
|-heal|p1a: Incineroar|84/100|[from] Grassy Terrain
|upkeep
|turn|2
|
|t:|1784688949
|move|p2a: Chesnaught|Spiky Shield||[still]
|-fail|p2a: Chesnaught
|move|p2b: Whimsicott|Tailwind|p2b: Whimsicott
|-sidestart|p2: khoatram|move: Tailwind
|move|p1b: Altaria|Will-O-Wisp|p2a: Chesnaught
|-status|p2a: Chesnaught|brn
|move|p1a: Incineroar|Parting Shot|p2a: Chesnaught
|-unboost|p2a: Chesnaught|atk|1
|-unboost|p2a: Chesnaught|spa|1
|
|t:|1784688959
|switch|p1a: Delphox|Delphox, L50, M|100/100|[from] Parting Shot
|
|-heal|p2b: Whimsicott|12/100|[from] Grassy Terrain
|-damage|p2a: Chesnaught|93/100 brn|[from] brn
|upkeep
|turn|3
|
|t:|1784688975
|switch|p1b: Incineroar|Incineroar, L50, M, shiny|84/100
|-ability|p1b: Incineroar|Intimidate|boost
|-unboost|p2a: Chesnaught|atk|1
|-unboost|p2b: Whimsicott|atk|1
|detailschange|p1a: Delphox|Delphox-Mega, L50, M
|-mega|p1a: Delphox|Delphox|Delphoxite
|move|p2b: Whimsicott|Moonblast|p1b: Incineroar
|-damage|p1b: Incineroar|60/100
|move|p1a: Delphox|Heat Wave|p2b: Whimsicott|[spread] p2a,p2b
|-supereffective|p2a: Chesnaught|1
|-supereffective|p2b: Whimsicott|1
|-damage|p2a: Chesnaught|27/100 brn
|-damage|p2b: Whimsicott|0 fnt
|faint|p2b: Whimsicott
|move|p2a: Chesnaught|Knock Off|p1a: Delphox
|-supereffective|p1a: Delphox|1
|-damage|p1a: Delphox|87/100
|
|-heal|p2a: Chesnaught|33/100 brn|[from] Grassy Terrain
|-heal|p1b: Incineroar|66/100|[from] Grassy Terrain
|-damage|p2a: Chesnaught|27/100 brn|[from] brn
|upkeep
|
|t:|1784688991
|switch|p2b: Politoed|Politoed, L50, M|100/100
|-weather|RainDance|[from] ability: Drizzle|[of] p2b: Politoed
|turn|4
|
|t:|1784688999
|switch|p1b: Altaria|Altaria, L50, F|100/100
|-ability|p1b: Altaria|Cloud Nine
|move|p2a: Chesnaught|Spiky Shield|p2a: Chesnaught
|-singleturn|p2a: Chesnaught|move: Protect
|move|p1a: Delphox|Calm Mind|p1a: Delphox
|-boost|p1a: Delphox|spa|1
|-boost|p1a: Delphox|spd|1
|move|p2b: Politoed|Weather Ball|p1a: Delphox
|-damage|p1a: Delphox|77/100
|
|-weather|RainDance|[upkeep]
|-heal|p2a: Chesnaught|33/100 brn|[from] Grassy Terrain
|-damage|p2a: Chesnaught|27/100 brn|[from] brn
|upkeep
|turn|5
|-message|khoatram forfeited.
|raw|sturmkitten69's rating: 1141 → 1158(+17 for winning)
|raw|khoatram's rating: 1031 → 1021(-10 for losing)
|
|win|sturmkitten69
|c|☆sturmkitten69|gg
|l|☆khoatram
|player|p2|
