|j|☆DareDevilSweeper
|j|☆Il Mule
|html|DareDevilSweeperIl Mule    
|uhtml|bestof|Game 2 of a best-of-3
|t:|1756476517
|gametype|doubles
|player|p1|DareDevilSweeper|1|1464
|player|p2|Il Mule|salvatore|1504
|gen|9
|tier|[Gen 9] VGC 2025 Reg H (Bo3)
|rated|
|rule|Species Clause: Limit one of each Pokémon
|rule|Item Clause: Limit 1 of each item
|clearpoke
|poke|p1|Archaludon, L50, M|
|poke|p1|Dragonite, L50, M|
|poke|p1|Pelipper, L50, M|
|poke|p1|Ursaluna, L50, M|
|poke|p1|Sinistcha, L50|
|poke|p1|Gholdengo, L50|
|poke|p2|Corviknight, L50, M|
|poke|p2|Garchomp, L50, M|
|poke|p2|Tyranitar, L50, M|
|poke|p2|Gholdengo, L50|
|poke|p2|Sneasler, L50, M|
|poke|p2|Incineroar, L50, M|
|teampreview|4
|showteam|p1|Archaludon||AssaultVest|Stamina|FlashCannon,BodyPress,ElectroShot,Snarl|||M|||50|,,,,,Fighting]Dragonite||LoadedDice|Multiscale|ScaleShot,Tailwind,Haze,Protect|||M|||50|,,,,,Fairy]Pelipper||FocusSash|Drizzle|MuddyWater,Hurricane,Tailwind,Protect|||M|||50|,,,,,Ghost]Ursaluna||FlameOrb|Guts|Facade,HeadlongRush,Earthquake,Protect|||M|||50|,,,,,Ghost]Sinistcha||SitrusBerry|Hospitality|MatchaGotcha,LifeDew,RagePowder,TrickRoom||||||50|,,,,,Dark]Gholdengo||ChoiceScarf|GoodasGold|MakeItRain,ShadowBall,Trick,Protect||||||50|,,,,,Flying
|showteam|p2|Corviknight||CovertCloak|MirrorArmor|BraveBird,Taunt,Roost,Tailwind|||M|||50|,,,,,Dragon]Garchomp||ClearAmulet|RoughSkin|Earthquake,DragonClaw,StompingTantrum,Protect|||M|||50|,,,,,Steel]Tyranitar||AssaultVest|SandStream|RockSlide,KnockOff,TeraBlast,LowKick|||M|||50|,,,,,Flying]Gholdengo||LifeOrb|GoodasGold|MakeItRain,ShadowBall,NastyPlot,Protect||||||50|,,,,,Water]Sneasler||WhiteHerb|Unburden|DireClaw,CloseCombat,Coaching,Protect|||M|||50|,,,,,Ghost]Incineroar||SitrusBerry|Intimidate|FlareBlitz,WillOWisp,PartingShot,FakeOut|||M|||50|,,,,,Grass
|inactive|Battle timer is ON: inactive players will automatically lose when time's up. (requested by Il Mule)
|inactive|DareDevilSweeper has 60 seconds left.
|
|t:|1756476580
|teamsize|p1|4
|teamsize|p2|4
|start
|switch|p1a: Gholdengo|Gholdengo, L50|100/100
|switch|p1b: Archaludon|Archaludon, L50, M|100/100
|switch|p2a: Gholdengo|Gholdengo, L50|100/100
|switch|p2b: Incineroar|Incineroar, L50, M|100/100
|-ability|p2b: Incineroar|Intimidate|boost
|-unboost|p1a: Gholdengo|atk|1
|-unboost|p1b: Archaludon|atk|1
|turn|1
|inactive|DareDevilSweeper has 30 seconds left.
|inactive|DareDevilSweeper has 20 seconds left.
|inactive|DareDevilSweeper has 15 seconds left.
|inactive|DareDevilSweeper has 10 seconds left.
|inactive|DareDevilSweeper has 5 seconds left.
|
|t:|1756476631
|switch|p1a: Pelipper|Pelipper, L50, M|100/100
|-weather|RainDance|[from] ability: Drizzle|[of] p1a: Pelipper
|move|p2a: Gholdengo|Protect|p2a: Gholdengo
|-singleturn|p2a: Gholdengo|Protect
|move|p1b: Archaludon|Electro Shot||[still]
|-prepare|p1b: Archaludon|Electro Shot
|-boost|p1b: Archaludon|spa|1
|-anim|p1b: Archaludon|Electro Shot|p2b: Incineroar
|-damage|p2b: Incineroar|58/100
|move|p2b: Incineroar|Will-O-Wisp|p1b: Archaludon
|-status|p1b: Archaludon|brn
|
|-weather|RainDance|[upkeep]
|-damage|p1b: Archaludon|94/100 brn|[from] brn
|upkeep
|turn|2
|inactive|Il Mule has 30 seconds left.
|
|t:|1756476656
|switch|p2a: Tyranitar|Tyranitar, L50, M|100/100
|-weather|Sandstorm|[from] ability: Sand Stream|[of] p2a: Tyranitar
|move|p1a: Pelipper|Tailwind|p1a: Pelipper
|-sidestart|p1: DareDevilSweeper|move: Tailwind
|move|p1b: Archaludon|Electro Shot||[still]
|-prepare|p1b: Archaludon|Electro Shot
|-boost|p1b: Archaludon|spa|1
|move|p2b: Incineroar|Parting Shot|p1b: Archaludon
|-unboost|p1b: Archaludon|atk|1
|-unboost|p1b: Archaludon|spa|1
|
|t:|1756476672
|switch|p2b: Gholdengo|Gholdengo, L50|100/100|[from] Parting Shot
|
|-weather|Sandstorm|[upkeep]
|-damage|p1a: Pelipper|95/100|[from] Sandstorm
|-damage|p1b: Archaludon|88/100 brn|[from] brn
|upkeep
|turn|3
|
|t:|1756476688
|move|p1a: Pelipper|Muddy Water|p2a: Tyranitar|[spread] p2a,p2b
|-supereffective|p2a: Tyranitar
|-crit|p2a: Tyranitar
|-damage|p2a: Tyranitar|60/100
|-damage|p2b: Gholdengo|70/100
|move|p1b: Archaludon|Electro Shot|p2a: Tyranitar|[from] lockedmove
|-damage|p2a: Tyranitar|35/100
|move|p2b: Gholdengo|Nasty Plot|p2b: Gholdengo
|-boost|p2b: Gholdengo|spa|2
|move|p2a: Tyranitar|Knock Off|p1b: Archaludon
|-damage|p1b: Archaludon|51/100 brn
|-ability|p1b: Archaludon|Stamina|boost
|-boost|p1b: Archaludon|def|1
|-enditem|p1b: Archaludon|Assault Vest|[from] move: Knock Off|[of] p2a: Tyranitar
|
|-weather|Sandstorm|[upkeep]
|-damage|p1a: Pelipper|89/100|[from] Sandstorm
|-damage|p1b: Archaludon|45/100 brn|[from] brn
|upkeep
|turn|4
|inactive|DareDevilSweeper has 30 seconds left.
|inactive|Il Mule has 30 seconds left.
|
|t:|1756476719
|switch|p2a: Corviknight|Corviknight, L50, M, shiny|100/100
|-terastallize|p2b: Gholdengo|Water
|move|p1a: Pelipper|Muddy Water|p2b: Gholdengo|[spread] p2b
|-miss|p1a: Pelipper|p2a: Corviknight
|-resisted|p2b: Gholdengo
|-crit|p2b: Gholdengo
|-damage|p2b: Gholdengo|45/100
|move|p1b: Archaludon|Snarl|p2a: Corviknight|[spread] p2a,p2b
|-damage|p2a: Corviknight|83/100
|-damage|p2b: Gholdengo|27/100
|-unboost|p2b: Gholdengo|spa|1
|move|p2b: Gholdengo|Make It Rain|p1b: Archaludon|[spread] p1a,p1b
|-resisted|p1a: Pelipper
|-resisted|p1b: Archaludon
|-damage|p1a: Pelipper|20/100
|-damage|p1b: Archaludon|5/100 brn
|-unboost|p2b: Gholdengo|spa|1
|-ability|p1b: Archaludon|Stamina|boost
|-boost|p1b: Archaludon|def|1
|-damage|p2b: Gholdengo|18/100|[from] item: Life Orb
|
|-weather|Sandstorm|[upkeep]
|-damage|p1a: Pelipper|14/100|[from] Sandstorm
|-damage|p2b: Gholdengo|12/100|[from] Sandstorm
|-damage|p1b: Archaludon|0 fnt|[from] brn
|faint|p1b: Archaludon
|upkeep
|inactive|DareDevilSweeper has 30 seconds left.
|inactive|DareDevilSweeper has 20 seconds left.
|inactive|DareDevilSweeper has 15 seconds left.
|
|t:|1756476763
|switch|p1b: Gholdengo|Gholdengo, L50|100/100
|turn|5
|
|t:|1756476770
|move|p2b: Gholdengo|Protect|p2b: Gholdengo
|-singleturn|p2b: Gholdengo|Protect
|move|p1b: Gholdengo|Shadow Ball|p2a: Corviknight
|-damage|p2a: Corviknight|39/100
|move|p1a: Pelipper|Muddy Water|p2a: Corviknight|[spread] p2a
|-activate|p2b: Gholdengo|move: Protect
|-damage|p2a: Corviknight|11/100
|move|p2a: Corviknight|Tailwind|p2a: Corviknight
|-sidestart|p2: Il Mule|move: Tailwind
|
|-weather|Sandstorm|[upkeep]
|-damage|p2b: Gholdengo|6/100|[from] Sandstorm
|-damage|p1a: Pelipper|8/100|[from] Sandstorm
|-sideend|p1: DareDevilSweeper|move: Tailwind
|upkeep
|turn|6
|inactive|DareDevilSweeper has 30 seconds left.
|inactive|Il Mule has 30 seconds left.
|inactive|DareDevilSweeper has 20 seconds left.
|inactive|DareDevilSweeper has 15 seconds left.
|inactive|DareDevilSweeper has 10 seconds left.
|
|t:|1756476823
|switch|p1b: Dragonite|Dragonite, L50, M|100/100
|move|p2b: Gholdengo|Make It Rain|p1a: Pelipper|[spread] p1a,p1b
|-resisted|p1a: Pelipper
|-damage|p1a: Pelipper|0 fnt
|-damage|p1b: Dragonite|70/100
|-unboost|p2b: Gholdengo|spa|1
|faint|p1a: Pelipper
|-damage|p2b: Gholdengo|0 fnt|[from] item: Life Orb
|faint|p2b: Gholdengo
|move|p2a: Corviknight|Roost|p2a: Corviknight
|-heal|p2a: Corviknight|61/100
|-singleturn|p2a: Corviknight|move: Roost
|
|-weather|none
|upkeep
|
|t:|1756476830
|switch|p2b: Incineroar|Incineroar, L50, M|58/100
|switch|p1a: Gholdengo|Gholdengo, L50|100/100
|-ability|p2b: Incineroar|Intimidate|boost
|-unboost|p1a: Gholdengo|atk|1
|-unboost|p1b: Dragonite|atk|1
|turn|7
|inactive|DareDevilSweeper has 30 seconds left.
|
|t:|1756476859
|-terastallize|p1a: Gholdengo|Flying
|move|p2b: Incineroar|Fake Out|p1b: Dragonite
|-damage|p1b: Dragonite|59/100
|move|p2a: Corviknight|Roost|p2a: Corviknight
|-heal|p2a: Corviknight|100/100
|-singleturn|p2a: Corviknight|move: Roost
|move|p1a: Gholdengo|Shadow Ball|p2a: Corviknight
|-damage|p2a: Corviknight|56/100
|cant|p1b: Dragonite|flinch
|
|upkeep
|turn|8
|
|t:|1756476880
|move|p2a: Corviknight|Roost|p2a: Corviknight
|-heal|p2a: Corviknight|100/100
|-singleturn|p2a: Corviknight|move: Roost
|move|p1a: Gholdengo|Shadow Ball|p2a: Corviknight
|-damage|p2a: Corviknight|58/100
|move|p2b: Incineroar|Will-O-Wisp|p1b: Dragonite
|-status|p1b: Dragonite|brn
|move|p1b: Dragonite|Scale Shot|p2a: Corviknight
|-resisted|p2a: Corviknight
|-crit|p2a: Corviknight
|-damage|p2a: Corviknight|54/100
|-resisted|p2a: Corviknight
|-damage|p2a: Corviknight|52/100
|-resisted|p2a: Corviknight
|-damage|p2a: Corviknight|50/100
|-resisted|p2a: Corviknight
|-damage|p2a: Corviknight|49/100
|-resisted|p2a: Corviknight
|-crit|p2a: Corviknight
|-damage|p2a: Corviknight|44/100
|-hitcount|p2a: Corviknight|5
|-unboost|p1b: Dragonite|def|1
|-boost|p1b: Dragonite|spe|1
|
|-damage|p1b: Dragonite|53/100 brn|[from] brn
|-sideend|p2: Il Mule|move: Tailwind
|upkeep
|turn|9
|inactive|DareDevilSweeper has 30 seconds left.
|
|t:|1756476907
|move|p1a: Gholdengo|Shadow Ball|p2a: Corviknight
|-damage|p2a: Corviknight|0 fnt
|faint|p2a: Corviknight
|move|p1b: Dragonite|Scale Shot|p2b: Incineroar
|-damage|p2b: Incineroar|54/100
|-crit|p2b: Incineroar
|-damage|p2b: Incineroar|43/100
|-enditem|p2b: Incineroar|Sitrus Berry|[eat]
|-heal|p2b: Incineroar|68/100|[from] item: Sitrus Berry
|-damage|p2b: Incineroar|64/100
|-damage|p2b: Incineroar|59/100
|-hitcount|p2b: Incineroar|4
|-unboost|p1b: Dragonite|def|1
|-boost|p1b: Dragonite|spe|1
|move|p2b: Incineroar|Parting Shot|p1b: Dragonite
|-unboost|p1b: Dragonite|atk|1
|-unboost|p1b: Dragonite|spa|1
|
|t:|1756476914
|switch|p2b: Tyranitar|Tyranitar, L50, M|35/100|[from] Parting Shot
|-weather|Sandstorm|[from] ability: Sand Stream|[of] p2b: Tyranitar
|
|-weather|Sandstorm|[upkeep]
|-damage|p1b: Dragonite|47/100 brn|[from] Sandstorm
|-damage|p1a: Gholdengo|94/100|[from] Sandstorm
|-damage|p1b: Dragonite|41/100 brn|[from] brn
|upkeep
|
|t:|1756476915
|switch|p2a: Incineroar|Incineroar, L50, M|59/100
|-ability|p2a: Incineroar|Intimidate|boost
|-unboost|p1a: Gholdengo|atk|1
|-unboost|p1b: Dragonite|atk|1
|turn|10
|
|t:|1756476925
|move|p1b: Dragonite|Protect|p1b: Dragonite
|-singleturn|p1b: Dragonite|Protect
|move|p2a: Incineroar|Fake Out|p1a: Gholdengo
|-damage|p1a: Gholdengo|82/100
|cant|p1a: Gholdengo|flinch
|move|p2b: Tyranitar|Rock Slide|p1a: Gholdengo|[spread] p1a
|-activate|p1b: Dragonite|move: Protect
|-supereffective|p1a: Gholdengo
|-damage|p1a: Gholdengo|16/100
|
|-weather|Sandstorm|[upkeep]
|-damage|p1b: Dragonite|35/100 brn|[from] Sandstorm
|-damage|p1a: Gholdengo|10/100|[from] Sandstorm
|-damage|p2a: Incineroar|53/100|[from] Sandstorm
|-damage|p1b: Dragonite|29/100 brn|[from] brn
|upkeep
|turn|11
|
|t:|1756476936
|move|p1b: Dragonite|Scale Shot|p2b: Tyranitar
|-damage|p2b: Tyranitar|33/100
|-damage|p2b: Tyranitar|30/100
|-damage|p2b: Tyranitar|27/100
|-damage|p2b: Tyranitar|25/100
|-hitcount|p2b: Tyranitar|4
|-unboost|p1b: Dragonite|def|1
|-boost|p1b: Dragonite|spe|1
|move|p1a: Gholdengo|Shadow Ball|p2b: Tyranitar
|-resisted|p2b: Tyranitar
|-damage|p2b: Tyranitar|15/100
|move|p2b: Tyranitar|Rock Slide|p1b: Dragonite|[spread] p1a,p1b
|-supereffective|p1a: Gholdengo
|-supereffective|p1b: Dragonite
|-damage|p1a: Gholdengo|0 fnt
|-damage|p1b: Dragonite|0 fnt
|faint|p1a: Gholdengo
|faint|p1b: Dragonite
|
|win|Il Mule
|raw|DareDevilSweeper's rating: 1464 → 1446(-18 for losing)
|raw|Il Mule's rating: 1504 → 1522(+18 for winning)
|l|☆DareDevilSweeper
|player|p1|
