|j|☆Jessditta
|j|☆dont make me walk
|html|Jessdittadont make me walk    
|uhtml|bestof|Game 2 of a best-of-3
|t:|1756477757
|gametype|doubles
|player|p1|Jessditta|hilda|1208
|player|p2|dont make me walk|red-masters3|1231
|gen|9
|tier|[Gen 9] VGC 2025 Reg H (Bo3)
|rated|
|rule|Species Clause: Limit one of each Pokémon
|rule|Item Clause: Limit 1 of each item
|clearpoke
|poke|p1|Indeedee, L50, M|
|poke|p1|Dondozo, L50, M|
|poke|p1|Weezing-Galar, L50, M|
|poke|p1|Tatsugiri-Droopy, L50, F|
|poke|p1|Typhlosion-Hisui, L50, F|
|poke|p1|Sneasler, L50, M|
|poke|p2|Ursaluna-Bloodmoon, L50, M|
|poke|p2|Indeedee, L50, M|
|poke|p2|Sneasler, L50, F|
|poke|p2|Incineroar, L50, M|
|poke|p2|Electabuzz, L50, M|
|poke|p2|Talonflame, L50, M|
|teampreview|4
|showteam|p1|Indeedee||ChoiceSpecs|PsychicSurge|ExpandingForce,DazzlingGleam,ShadowBall,Trick|||M|||50|,,,,,Psychic]Dondozo||Leftovers|Unaware|OrderUp,BodyPress,Earthquake,Protect|||M|||50|,,,,,Grass]Weezing-Galar||CovertCloak|NeutralizingGas|StrangeSteam,ToxicSpikes,PoisonGas,Protect|||M|||50|,,,,,Dark]Tatsugiri-Droopy||FocusSash|Commander|DracoMeteor,MuddyWater,HelpingHand,Protect|||F|||50|,,,,,Stellar]Typhlosion-Hisui||ChoiceScarf|Blaze|Eruption,ShadowBall,HeatWave,BlastBurn|||F|||50|,,,,,Fire]Sneasler||PsychicSeed|Unburden|DireClaw,CloseCombat,Acrobatics,FakeOut|||M|||50|,,,,,Fighting
|showteam|p2|Ursaluna-Bloodmoon||LifeOrb|MindsEye|Protect,EarthPower,HyperVoice,BloodMoon|||M|||50|,,,,,Normal]Indeedee||FocusSash|PsychicSurge|ExpandingForce,TeraBlast,TrickRoom,Protect|||M|||50|,,,,,Fighting]Sneasler||PsychicSeed|Unburden|DireClaw,CloseCombat,ThroatChop,Protect|||F|||50|,,,,,Dark]Incineroar||AssaultVest|Intimidate|FakeOut,KnockOff,FlareBlitz,Uturn|||M|||50|,,,,,Grass]Electabuzz||Eviolite|VitalSpirit|Electroweb,Taunt,FollowMe,Protect|||M|||50|,,,,,Ghost]Talonflame||CovertCloak|GaleWings|FlareBlitz,DualWingbeat,WillOWisp,Tailwind|||M|||50|,,,,,Fairy
|inactive|Battle timer is ON: inactive players will automatically lose when time's up. (requested by dont make me walk)
|inactive|Jessditta has 60 seconds left.
|inactive|dont make me walk has 60 seconds left.
|inactive|dont make me walk has 30 seconds left.
|
|t:|1756477821
|teamsize|p1|4
|teamsize|p2|4
|start
|switch|p1a: Typhlosion|Typhlosion-Hisui, L50, F|100/100
|switch|p1b: Is Pringles|Weezing-Galar, L50, M, shiny|100/100
|switch|p2a: Talonflame|Talonflame, L50, M|100/100
|switch|p2b: Incineroar|Incineroar, L50, M|100/100
|-ability|p1b: Is Pringles|Neutralizing Gas
|turn|1
|inactive|Jessditta has 30 seconds left.
|
|t:|1756477852
|switch|p1a: Is Good|Tatsugiri-Droopy, L50, F, shiny|100/100
|move|p2a: Talonflame|Tailwind|p2a: Talonflame
|-sidestart|p2: dont make me walk|move: Tailwind
|move|p2b: Incineroar|Knock Off|p1a: Is Good
|-damage|p1a: Is Good|10/100
|-enditem|p1a: Is Good|Focus Sash|[from] move: Knock Off|[of] p2b: Incineroar
|move|p1b: Is Pringles|Poison Gas|p2a: Talonflame|[spread] p2b
|-miss|p1b: Is Pringles|p2a: Talonflame
|-status|p2b: Incineroar|psn
|
|-damage|p2b: Incineroar|88/100 psn|[from] psn
|upkeep
|turn|2
|inactive|dont make me walk has 30 seconds left.
|
|t:|1756477881
|move|p1a: Is Good|Protect|p1a: Is Good
|-singleturn|p1a: Is Good|Protect
|move|p2a: Talonflame|Flare Blitz|p1b: Is Pringles
|-damage|p1b: Is Pringles|67/100
|-damage|p2a: Talonflame|90/100|[from] Recoil
|move|p2b: Incineroar|U-turn|p1b: Is Pringles
|-resisted|p1b: Is Pringles
|-damage|p1b: Is Pringles|63/100
|
|t:|1756477892
|switch|p2b: Ursaluna|Ursaluna-Bloodmoon, L50, M|100/100|[from] U-turn
|move|p1b: Is Pringles|Toxic Spikes|p2a: Talonflame
|-sidestart|p2: dont make me walk|move: Toxic Spikes
|
|upkeep
|turn|3
|
|t:|1756477914
|switch|p1a: Typhlosion|Typhlosion-Hisui, L50, F|100/100
|-terastallize|p2b: Ursaluna|Normal
|move|p2a: Talonflame|Will-O-Wisp|p1b: Is Pringles
|-status|p1b: Is Pringles|brn
|move|p2b: Ursaluna|Hyper Voice|p1b: Is Pringles|[spread] p1b
|-immune|p1a: Typhlosion
|-damage|p1b: Is Pringles|0 fnt
|faint|p1b: Is Pringles
|-end|p1b: Is Pringles|ability: Neutralizing Gas
|-damage|p2b: Ursaluna|91/100|[from] item: Life Orb
|
|upkeep
|
|t:|1756477928
|switch|p1b: Is Don|Dondozo, L50, M|100/100
|turn|4
|
|t:|1756477949
|switch|p1a: Is Good|Tatsugiri-Droopy, L50, F, shiny|10/100
|-activate|p1a: Is Good|ability: Commander|[of] p1b: Is Don
|-boost|p1b: Is Don|atk|2
|-boost|p1b: Is Don|spa|2
|-boost|p1b: Is Don|spe|2
|-boost|p1b: Is Don|def|2
|-boost|p1b: Is Don|spd|2
|move|p2a: Talonflame|Will-O-Wisp|p1b: Is Don
|-status|p1b: Is Don|brn
|move|p2b: Ursaluna|Earth Power|p1a: Is Good|[miss]
|-miss|p2b: Ursaluna|p1a: Is Good
|move|p1b: Is Don|Order Up|p2b: Ursaluna
|-damage|p2b: Ursaluna|77/100
|-boost|p1b: Is Don|def|1
|
|-damage|p1b: Is Don|94/100 brn|[from] brn
|-sideend|p2: dont make me walk|move: Tailwind
|upkeep
|turn|5
|
|t:|1756477966
|move|p2a: Talonflame|Tailwind|p2a: Talonflame
|-sidestart|p2: dont make me walk|move: Tailwind
|move|p2b: Ursaluna|Hyper Voice|p1b: Is Don|[spread] p1b
|-miss|p2b: Ursaluna|p1a: Is Good
|-crit|p1b: Is Don
|-damage|p1b: Is Don|22/100 brn
|-damage|p2b: Ursaluna|67/100|[from] item: Life Orb
|move|p1b: Is Don|Body Press|p2b: Ursaluna
|-supereffective|p2b: Ursaluna
|-damage|p2b: Ursaluna|26/100
|
|-heal|p1b: Is Don|29/100 brn|[from] item: Leftovers
|-damage|p1b: Is Don|22/100 brn|[from] brn
|upkeep
|turn|6
|
|t:|1756477982
|switch|p2a: Incineroar|Incineroar, L50, M|88/100 psn
|-ability|p2a: Incineroar|Intimidate|boost
|-unboost|p1a: Is Good|atk|1
|-unboost|p1b: Is Don|atk|1
|move|p1b: Is Don|Protect|p1b: Is Don
|-singleturn|p1b: Is Don|Protect
|move|p2b: Ursaluna|Hyper Voice|p1b: Is Don|[spread] 
|-miss|p2b: Ursaluna|p1a: Is Good
|-activate|p1b: Is Don|move: Protect
|
|-heal|p1b: Is Don|29/100 brn|[from] item: Leftovers
|-damage|p2a: Incineroar|76/100 psn|[from] psn
|-damage|p1b: Is Don|22/100 brn|[from] brn
|upkeep
|turn|7
|
|t:|1756477996
|move|p2a: Incineroar|Knock Off|p1b: Is Don
|-crit|p1b: Is Don
|-damage|p1b: Is Don|0 fnt
|-enditem|p1b: Is Don|Leftovers|[from] move: Knock Off|[of] p2a: Incineroar
|faint|p1b: Is Don
|move|p2b: Ursaluna|Hyper Voice|p1a: Is Good
|-damage|p1a: Is Good|0 fnt
|faint|p1a: Is Good
|-damage|p2b: Ursaluna|16/100|[from] item: Life Orb
|
|-damage|p2a: Incineroar|64/100 psn|[from] psn
|upkeep
|
|t:|1756478004
|switch|p1b: Typhlosion|Typhlosion-Hisui, L50, F|100/100
|turn|8
|
|t:|1756478010
|-terastallize|p1b: Typhlosion|Fire
|move|p2a: Incineroar|Knock Off|p1b: Typhlosion
|-damage|p1b: Typhlosion|29/100
|-enditem|p1b: Typhlosion|Choice Scarf|[from] move: Knock Off|[of] p2a: Incineroar
|move|p2b: Ursaluna|Blood Moon|p1b: Typhlosion
|-damage|p1b: Typhlosion|0 fnt
|faint|p1b: Typhlosion
|-damage|p2b: Ursaluna|7/100|[from] item: Life Orb
|
|win|dont make me walk
||dont make me walk is ready for game 3.
||Jessditta is ready for game 3.
|uhtml|next|Next: Game 3 of 3
|l|☆Jessditta
|player|p1|
