|j|☆Uu7yhfghj
|j|☆steelag0
|html|Uu7yhfghjsteelag0    
|uhtml|bestof|Game 1 of a best-of-3
|t:|1782427450
|gametype|doubles
|player|p1|Uu7yhfghj|169|1000
|player|p2|steelag0|169|1123
|gen|9
|tier|[Gen 9 Champions] VGC 2026 Reg M-B (Bo3)
|rated|
|rule|Species Clause: Limit one of each Pokémon
|rule|Item Clause: Limit 1 of each item
|clearpoke
|poke|p1|Drampa, L50, F|
|poke|p1|Alakazam, L50, F|
|poke|p1|Sinistcha, L50|
|poke|p1|Pelipper, L50, F|
|poke|p1|Basculegion, L50, M|
|poke|p1|Scizor, L50, F|
|poke|p2|Blaziken, L50, F|
|poke|p2|Hydreigon, L50, F|
|poke|p2|Basculegion, L50, M|
|poke|p2|Whimsicott, L50, M|
|poke|p2|Farigiraf, L50, M|
|poke|p2|Metagross, L50|
|teampreview|4
|showteam|p1|Drampa||Drampanite|CloudNine|CalmMind,HyperVoice,EarthPower,Protect|Modest||F|||50|]Alakazam||MentalHerb|InnerFocus|SpeedSwap,Psychic,LightScreen,Protect|Timid||F|||50|]Sinistcha||SitrusBerry|Hospitality|LifeDew,MatchaGotcha,Protect,TrickRoom|Bold|||||50|]Pelipper||DampRock|Drizzle|Hurricane,Tailwind,WideGuard,Protect|Calm||F|||50|]Basculegion||ChoiceScarf|Adaptability|WaveCrash,LastRespects,AquaJet,FlipTurn|Jolly||M|||50|]Scizor||Scizorite|Technician|BulletPunch,BugBite,SwordsDance,Protect|Adamant||F|||50|
|showteam|p2|Blaziken||Blazikenite|SpeedBoost|FlareBlitz,CloseCombat,RockSlide,Detect|Adamant||F|||50|]Hydreigon||ChoiceScarf|Levitate|DracoMeteor,DarkPulse,EarthPower,Snarl|Modest||F|||50|]Basculegion||LifeOrb|Adaptability|WaveCrash,LastRespects,AquaJet,Protect|Adamant||M|||50|]Whimsicott||FocusSash|Prankster|Moonblast,EnergyBall,Tailwind,Protect|Timid||M|||50|]Farigiraf||SitrusBerry|ArmorTail|Psychic,Thunderbolt,Roar,TrickRoom|Bold||M|||50|]Metagross||Metagrossite|ClearBody|PsychicFangs,IronHead,StompingTantrum,Protect|Jolly|||||50|
|
|t:|1782427497
|teamsize|p1|4
|teamsize|p2|4
|start
|switch|p1a: Scizor|Scizor, L50, F|100/100
|switch|p1b: Pelipper|Pelipper, L50, F|100/100
|switch|p2a: Metagross|Metagross, L50|100/100
|switch|p2b: Hydreigon|Hydreigon, L50, F|100/100
|-weather|RainDance|[from] ability: Drizzle|[of] p1b: Pelipper
|turn|1
|
|t:|1782427537
|detailschange|p2a: Metagross|Metagross-Mega, L50
|-mega|p2a: Metagross|Metagross|Metagrossite
|detailschange|p1a: Scizor|Scizor-Mega, L50, F
|-mega|p1a: Scizor|Scizor|Scizorite
|move|p2b: Hydreigon|Dark Pulse|p1a: Scizor
|-damage|p1a: Scizor|56/100
|move|p2a: Metagross|Psychic Fangs|p1b: Pelipper
|-damage|p1b: Pelipper|32/100
|move|p1a: Scizor|Bug Bite|p2a: Metagross
|-damage|p2a: Metagross|58/100
|move|p1b: Pelipper|Tailwind|p1b: Pelipper
|-sidestart|p1: Uu7yhfghj|move: Tailwind
|
|-weather|RainDance|[upkeep]
|upkeep
|turn|2
|
|t:|1782427574
|move|p2b: Hydreigon|Dark Pulse|p1b: Pelipper
|-damage|p1b: Pelipper|0 fnt
|faint|p1b: Pelipper
|move|p1a: Scizor|Bug Bite|p2a: Metagross
|-damage|p2a: Metagross|15/100
|move|p2a: Metagross|Stomping Tantrum|p1a: Scizor
|-damage|p1a: Scizor|28/100
|
|-weather|RainDance|[upkeep]
|upkeep
|
|t:|1782427587
|switch|p1b: Sinistcha|Sinistcha, L50|100/100
|-heal|p1a: Scizor|53/100|[from] ability: Hospitality|[of] p1b: Sinistcha
|turn|3
|
|t:|1782427600
|move|p2a: Metagross|Protect|p2a: Metagross
|-singleturn|p2a: Metagross|Protect
|move|p2b: Hydreigon|Dark Pulse|p1b: Sinistcha
|-supereffective|p1b: Sinistcha|1
|-damage|p1b: Sinistcha|0 fnt
|faint|p1b: Sinistcha
|move|p1a: Scizor|Swords Dance|p1a: Scizor
|-boost|p1a: Scizor|atk|2
|
|-weather|RainDance|[upkeep]
|upkeep
|
|t:|1782427611
|switch|p1b: Basculegion|Basculegion, L50, M|100/100
|turn|4
|
|t:|1782427639
|move|p2a: Metagross|Protect||[still]
|-fail|p2a: Metagross
|move|p1b: Basculegion|Last Respects|p2a: Metagross
|-supereffective|p2a: Metagross|1
|-damage|p2a: Metagross|0 fnt
|faint|p2a: Metagross
|move|p2b: Hydreigon|Dark Pulse|p1a: Scizor
|-damage|p1a: Scizor|13/100
|move|p1a: Scizor|Bug Bite|p2b: Hydreigon
|-supereffective|p2b: Hydreigon|1
|-damage|p2b: Hydreigon|0 fnt
|faint|p2b: Hydreigon
|
|-weather|RainDance|[upkeep]
|-sideend|p1: Uu7yhfghj|move: Tailwind
|upkeep
|
|t:|1782427654
|switch|p2a: Whimsicott|Whimsicott, L50, M|100/100
|switch|p2b: Basculegion|Basculegion, L50, M|100/100
|turn|5
|
|t:|1782427672
|move|p2a: Whimsicott|Tailwind|p2a: Whimsicott
|-sidestart|p2: steelag0|move: Tailwind
|move|p1a: Scizor|Bullet Punch|p2a: Whimsicott
|-supereffective|p2a: Whimsicott|1
|-enditem|p2a: Whimsicott|Focus Sash
|-damage|p2a: Whimsicott|1/100
|move|p2b: Basculegion|Last Respects|p1b: Basculegion
|-supereffective|p1b: Basculegion|1
|-damage|p1b: Basculegion|0 fnt
|faint|p1b: Basculegion
|-damage|p2b: Basculegion|90/100|[from] item: Life Orb
|
|-weather|RainDance|[upkeep]
|upkeep
|turn|6
|
|t:|1782427695
|move|p1a: Scizor|Bullet Punch|p2b: Basculegion
|-resisted|p2b: Basculegion|1
|-damage|p2b: Basculegion|51/100
|move|p2a: Whimsicott|Moonblast|p1a: Scizor
|-resisted|p1a: Scizor|1
|-damage|p1a: Scizor|0 fnt
|faint|p1a: Scizor
|
|win|steelag0
