|j|☆Sincubii
|j|☆ShabazXVGC
|html|SincubiiShabazXVGC    
|uhtml|bestof|Game 2 of a best-of-3
|t:|1756906161
|gametype|doubles
|player|p1|Sincubii|palmer|1036
|player|p2|ShabazXVGC|marlon|1108
|gen|9
|tier|[Gen 9] VGC 2025 Reg H (Bo3)
|rated|
|rule|Species Clause: Limit one of each Pokémon
|rule|Item Clause: Limit 1 of each item
|clearpoke
|poke|p1|Weavile, L50, M|
|poke|p1|Rillaboom, L50, M|
|poke|p1|Magnezone, L50|
|poke|p1|Dragonite, L50, F|
|poke|p1|Infernape, L50, M|
|poke|p1|Primarina, L50, M|
|poke|p2|Rillaboom, L50, M|
|poke|p2|Incineroar, L50, M|
|poke|p2|Weezing-Galar, L50, M|
|poke|p2|Dragapult, L50, F|
|poke|p2|Kingambit, L50, M|
|poke|p2|Porygon2, L50|
|teampreview|4
|showteam|p1|Weavile||LifeOrb|Pressure|IceSpinner,FakeOut,KnockOff,Protect|||M|||50|,,,,,Ghost]Rillaboom||MiracleSeed|GrassySurge|FakeOut,GrassyGlide,WoodHammer,Protect|||M|||50|,,,,,Grass]Magnezone||AssaultVest|Analytic|VoltSwitch,Electroweb,Thunderbolt,FlashCannon||||||50|,,,,,Grass]Dragonite||LoadedDice|Multiscale|Protect,ScaleShot,Tailwind,Haze|||F|||50|,,,,,Fairy]Infernape||FocusSash|Blaze|HeatWave,AuraSphere,NastyPlot,Protect|||M|||50|,,,,,Fire]Primarina||ThroatSpray|LiquidVoice|HyperVoice,Moonblast,Protect,CalmMind|||M|||50|,,,,,Steel
|showteam|p2|Rillaboom||GrassySeed|GrassySurge|FakeOut,HighHorsepower,GrassyGlide,WoodHammer|||M|||50|,,,,,Fire]Incineroar||AssaultVest|Intimidate|FlareBlitz,KnockOff,Uturn,FakeOut|||M|||50|,,,,,Ghost]Weezing-Galar||SitrusBerry|NeutralizingGas|Protect,PoisonGas,SludgeBomb,DazzlingGleam|||M|||50|,,,,,Water]Dragapult||LifeOrb|ClearBody|DragonDarts,PhantomForce,Uturn,Protect|||F|||50|,,,,,Dragon]Kingambit||SafetyGoggles|Defiant|SuckerPunch,KowtowCleave,Protect,SwordsDance|||M|||50|,,,,,Dragon]Porygon2||Eviolite|Download|TeraBlast,IceBeam,TrickRoom,Recover||||||50|,,,,,Poison
|
|t:|1756906233
|teamsize|p1|4
|teamsize|p2|4
|start
|switch|p1a: Mr. Electro|Magnezone, L50|100/100
|switch|p1b: Furnace God|Infernape, L50, M|100/100
|switch|p2a: Ace|Incineroar, L50, M|100/100
|switch|p2b: Liberation|Rillaboom, L50, M, shiny|100/100
|-fieldstart|move: Grassy Terrain|[from] ability: Grassy Surge|[of] p2b: Liberation
|-enditem|p2b: Liberation|Grassy Seed
|-boost|p2b: Liberation|def|1|[from] item: Grassy Seed
|-ability|p2a: Ace|Intimidate|boost
|-unboost|p1a: Mr. Electro|atk|1
|-unboost|p1b: Furnace God|atk|1
|turn|1
|inactive|Battle timer is ON: inactive players will automatically lose when time's up. (requested by Sincubii)
|inactive|ShabazXVGC has 60 seconds left.
|inactive|ShabazXVGC has 30 seconds left.
|
|t:|1756906316
|switch|p1a: Big Boss|Dragonite, L50, F, shiny|100/100
|move|p1b: Furnace God|Protect|p1b: Furnace God
|-singleturn|p1b: Furnace God|Protect
|move|p2b: Liberation|Fake Out|p1b: Furnace God
|-activate|p1b: Furnace God|move: Protect
|move|p2a: Ace|Flare Blitz|p1a: Big Boss
|-resisted|p1a: Big Boss
|-crit|p1a: Big Boss
|-damage|p1a: Big Boss|79/100
|-damage|p2a: Ace|92/100|[from] Recoil
|
|-heal|p2a: Ace|98/100|[from] Grassy Terrain
|upkeep
|turn|2
|inactive|Sincubii has 30 seconds left.
|inactive|Sincubii has 20 seconds left.
|inactive|Sincubii has 15 seconds left.
|inactive|Sincubii has 10 seconds left.
|inactive|Sincubii has 5 seconds left.
|
|t:|1756906368
|-terastallize|p2b: Liberation|Fire
|move|p1b: Furnace God|Heat Wave|p2b: Liberation|[spread] p2a,p2b
|-resisted|p2a: Ace
|-resisted|p2b: Liberation
|-damage|p2a: Ace|86/100
|-damage|p2b: Liberation|82/100
|move|p2b: Liberation|High Horsepower|p1b: Furnace God|[miss]
|-miss|p2b: Liberation|p1b: Furnace God
|move|p2a: Ace|Knock Off|p1a: Big Boss
|-damage|p1a: Big Boss|31/100
|-enditem|p1a: Big Boss|Loaded Dice|[from] move: Knock Off|[of] p2a: Ace
|move|p1a: Big Boss|Scale Shot|p2a: Ace
|-damage|p2a: Ace|71/100
|-damage|p2a: Ace|57/100
|-damage|p2a: Ace|42/100
|-crit|p2a: Ace
|-damage|p2a: Ace|21/100
|-hitcount|p2a: Ace|4
|-unboost|p1a: Big Boss|def|1
|-boost|p1a: Big Boss|spe|1
|
|-heal|p2b: Liberation|88/100|[from] Grassy Terrain
|-heal|p2a: Ace|27/100|[from] Grassy Terrain
|upkeep
|turn|3
|inactive|Sincubii has 30 seconds left.
|inactive|ShabazXVGC has 30 seconds left.
|inactive|Sincubii has 20 seconds left.
|inactive|ShabazXVGC has 20 seconds left.
|inactive|Sincubii has 15 seconds left.
|inactive|ShabazXVGC has 15 seconds left.
|inactive|ShabazXVGC has 10 seconds left.
|inactive|ShabazXVGC has 5 seconds left.
|
|t:|1756906423
|move|p2b: Liberation|Fake Out||[still]
|-hint|Fake Out only works on your first turn out.
|-fail|p2b: Liberation
|move|p1b: Furnace God|Nasty Plot|p1b: Furnace God
|-boost|p1b: Furnace God|spa|2
|move|p1a: Big Boss|Scale Shot|p2a: Ace
|-damage|p2a: Ace|13/100
|-damage|p2a: Ace|0 fnt
|faint|p2a: Ace
|-hitcount|p2: Ace|2
|-unboost|p1a: Big Boss|def|1
|-boost|p1a: Big Boss|spe|1
|
|-heal|p2b: Liberation|94/100|[from] Grassy Terrain
|upkeep
|inactive|ShabazXVGC has 30 seconds left.
|inactive|ShabazXVGC has 20 seconds left.
|inactive|ShabazXVGC has 15 seconds left.
|inactive|ShabazXVGC has 10 seconds left.
|
|t:|1756906470
|switch|p2a: Kaido|Dragapult, L50, F|100/100
|turn|4
|inactive|Sincubii has 30 seconds left.
|inactive|Sincubii has 20 seconds left.
|inactive|Sincubii has 15 seconds left.
|inactive|Sincubii has 10 seconds left.
|inactive|Sincubii has 5 seconds left.
|
|t:|1756906525
|move|p1a: Big Boss|Protect|p1a: Big Boss
|-singleturn|p1a: Big Boss|Protect
|move|p2a: Kaido|Protect|p2a: Kaido
|-singleturn|p2a: Kaido|Protect
|move|p1b: Furnace God|Heat Wave|p2b: Liberation|[spread] p2b
|-activate|p2a: Kaido|move: Protect
|-resisted|p2b: Liberation
|-damage|p2b: Liberation|54/100
|move|p2b: Liberation|Wood Hammer|p1a: Big Boss
|-activate|p1a: Big Boss|move: Protect
|
|-heal|p2b: Liberation|61/100|[from] Grassy Terrain
|upkeep
|turn|5
|inactive|Sincubii has 30 seconds left.
|inactive|Sincubii has 20 seconds left.
|inactive|Sincubii has 15 seconds left.
|inactive|Sincubii has 10 seconds left.
|
|t:|1756906572
|switch|p2a: Mihawk|Kingambit, L50, M|100/100
|move|p1a: Big Boss|Tailwind|p1a: Big Boss
|-sidestart|p1: Sincubii|move: Tailwind
|move|p1b: Furnace God|Aura Sphere|p2b: Liberation
|-damage|p2b: Liberation|0 fnt
|faint|p2b: Liberation
|
|-fieldend|move: Grassy Terrain
|upkeep
|
|t:|1756906581
|switch|p2b: Kaido|Dragapult, L50, F|100/100
|turn|6
|inactive|Sincubii has 30 seconds left.
|inactive|Sincubii has 20 seconds left.
|inactive|Sincubii has 15 seconds left.
|inactive|Sincubii has 10 seconds left.
|inactive|Sincubii has 5 seconds left.
|
|t:|1756906636
|move|p1a: Big Boss|Protect|p1a: Big Boss
|-singleturn|p1a: Big Boss|Protect
|move|p2a: Mihawk|Sucker Punch||[still]
|-fail|p2a: Mihawk
|move|p1b: Furnace God|Heat Wave|p2a: Mihawk|[spread] p2a,p2b
|-supereffective|p2a: Mihawk
|-resisted|p2b: Kaido
|-damage|p2a: Mihawk|0 fnt
|-damage|p2b: Kaido|56/100
|faint|p2a: Mihawk
|move|p2b: Kaido|Dragon Darts|p1b: Furnace God
|-crit|p1b: Furnace God
|-damage|p1b: Furnace God|26/100
|-anim|p2b: Kaido|Dragon Darts|p1b: Furnace God
|-damage|p1b: Furnace God|0 fnt
|faint|p1b: Furnace God
|-damage|p2b: Kaido|46/100|[from] item: Life Orb
|
|upkeep
|-message|ShabazXVGC forfeited.
|
|win|Sincubii
||ShabazXVGC is ready for game 3.
