|j|☆25th_mang
|j|☆Glavenus71601
|html|25th_mangGlavenus71601    
|uhtml|bestof|Game 1 of a best-of-3
|t:|1782358026
|gametype|doubles
|player|p1|25th_mang|ballguy|1176
|player|p2|Glavenus71601|102|1127
|gen|9
|tier|[Gen 9 Champions] VGC 2026 Reg M-B (Bo3)
|rated|
|rule|Species Clause: Limit one of each Pokémon
|rule|Item Clause: Limit 1 of each item
|clearpoke
|poke|p1|Blastoise, L50, M|
|poke|p1|Aerodactyl, L50, M|
|poke|p1|Sinistcha, L50|
|poke|p1|Kingambit, L50, M|
|poke|p1|Tsareena, L50, F|
|poke|p1|Camerupt, L50, F|
|poke|p2|Pelipper, L50, F|
|poke|p2|Archaludon, L50, F|
|poke|p2|Staraptor, L50, M|
|poke|p2|Grimmsnarl, L50, M|
|poke|p2|Aerodactyl, L50, F|
|poke|p2|Basculegion, L50, M|
|teampreview|4
|showteam|p1|Blastoise||Blastoisinite|RainDish|WaterSpout,AuraSphere,DarkPulse,FakeOut|Timid||M|||50|]Aerodactyl||FocusSash|Unnerve|Tailwind,RainDance,RockSlide,DualWingbeat|Jolly||M|||50|]Sinistcha||SitrusBerry|Hospitality|LifeDew,MatchaGotcha,TrickRoom,RagePowder|Quiet|||||50|]Kingambit||ChopleBerry|Defiant|KowtowCleave,SuckerPunch,LowKick,IronHead|Adamant||M|||50|]Tsareena||WideLens|QueenlyMajesty|TropKick,LowKick,TripleAxel,HelpingHand|Adamant||F|||50|]Camerupt||Cameruptite|SolidRock|EarthPower,Flamethrower,Protect,AncientPower|Quiet||F|||50|
|showteam|p2|Pelipper||FocusSash|Drizzle|Tailwind,Hurricane,WeatherBall,WideGuard|Timid||F|||50|]Archaludon||WhiteHerb|Stamina|ElectroShot,DracoMeteor,FlashCannon,Protect|Modest||F|||50|]Staraptor||Staraptite|Intimidate|CloseCombat,BraveBird,Protect,Roost|Brave||M|||50|]Grimmsnarl||LightClay|Prankster|Reflect,LightScreen,PartingShot,SpiritBreak|Careful||M|||50|]Aerodactyl||Aerodactylite|Unnerve|RockSlide,DualWingbeat,Protect,Tailwind|Jolly||F|||50|]Basculegion||ChoiceScarf|Adaptability|WaveCrash,FlipTurn,AquaJet,LastRespects|Jolly||M|||50|
|inactive|Battle timer is ON: inactive players will automatically lose when time's up. (requested by 25th_mang)
|inactive|25th_mang has 60 seconds left.
|inactive|Glavenus71601 has 60 seconds left.
|
|t:|1782358077
|teamsize|p1|4
|teamsize|p2|4
|start
|switch|p1a: Nayeon|Blastoise, L50, M|100/100
|switch|p1b: Sailor|Sinistcha, L50|100/100
|switch|p2a: Pelipper|Pelipper, L50, F|100/100
|switch|p2b: Aerodactyl|Aerodactyl, L50, F|100/100
|-ability|p2b: Aerodactyl|Unnerve
|-weather|RainDance|[from] ability: Drizzle|[of] p2a: Pelipper
|turn|1
|
|t:|1782358094
|move|p1a: Nayeon|Fake Out|p2a: Pelipper
|-damage|p2a: Pelipper|92/100
|move|p2b: Aerodactyl|Dual Wingbeat|p1b: Sailor
|-supereffective|p1b: Sailor|1
|-damage|p1b: Sailor|66/100
|-supereffective|p1b: Sailor|1
|-damage|p1b: Sailor|32/100
|-hitcount|p1b: Sailor|2
|cant|p2a: Pelipper|flinch
|move|p1b: Sailor|Trick Room|p1b: Sailor
|-fieldstart|move: Trick Room|[of] p1b: Sailor
|
|-weather|RainDance|[upkeep]
|upkeep
|turn|2
|
|t:|1782358110
|move|p2b: Aerodactyl|Protect|p2b: Aerodactyl
|-singleturn|p2b: Aerodactyl|Protect
|move|p1b: Sailor|Matcha Gotcha|p2a: Pelipper|[spread] p2a
|-activate|p2b: Aerodactyl|move: Protect
|-damage|p2a: Pelipper|50/100g
|-heal|p1b: Sailor|52/100|[from] drain|[of] p2a: Pelipper
|move|p2a: Pelipper|Hurricane|p1a: Nayeon
|-damage|p1a: Nayeon|58/100
|move|p1a: Nayeon|Water Spout|p2a: Pelipper|[spread] p2a
|-activate|p2b: Aerodactyl|move: Protect
|-resisted|p2a: Pelipper|1
|-damage|p2a: Pelipper|25/100
|
|-weather|RainDance|[upkeep]
|-heal|p1a: Nayeon|64/100|[from] ability: Rain Dish
|upkeep
|turn|3
|inactive|25th_mang has 30 seconds left.
|
|t:|1782358139
|switch|p2b: Archaludon|Archaludon, L50, F|100/100
|move|p1b: Sailor|Life Dew|p1b: Sailor|[spread] p1a,p1b
|-heal|p1a: Nayeon|89/100
|-heal|p1b: Sailor|77/100
|move|p2a: Pelipper|Hurricane|p1a: Nayeon
|-damage|p1a: Nayeon|52/100
|-start|p1a: Nayeon|confusion
|-activate|p1a: Nayeon|confusion
|-damage|p1a: Nayeon|44/100|[from] confusion
|
|-weather|RainDance|[upkeep]
|-heal|p1a: Nayeon|50/100y|[from] ability: Rain Dish
|upkeep
|turn|4
|
|t:|1782358155
|move|p1b: Sailor|Matcha Gotcha|p2b: Archaludon|[spread] p2a,p2b
|-resisted|p2b: Archaludon|2
|-damage|p2a: Pelipper|0 fnt
|-heal|p1b: Sailor|89/100|[from] drain|[of] p2a: Pelipper
|-damage|p2b: Archaludon|94/100
|-heal|p1b: Sailor|93/100|[from] drain|[of] p2b: Archaludon
|-status|p2b: Archaludon|brn
|-ability|p2b: Archaludon|Stamina|boost
|-boost|p2b: Archaludon|def|1
|faint|p2a: Pelipper
|move|p2b: Archaludon|Electro Shot||[still]
|-prepare|p2b: Archaludon|Electro Shot
|-boost|p2b: Archaludon|spa|1
|-anim|p2b: Archaludon|Electro Shot|p1a: Nayeon
|-supereffective|p1a: Nayeon|1
|-damage|p1a: Nayeon|0 fnt
|faint|p1a: Nayeon
|
|-weather|RainDance|[upkeep]
|-damage|p2b: Archaludon|88/100 brn|[from] brn
|upkeep
|
|t:|1782358169
|switch|p2a: Aerodactyl|Aerodactyl, L50, F|100/100
|switch|p1a: Cherry|Camerupt, L50, F|100/100
|-ability|p2a: Aerodactyl|Unnerve
|turn|5
|
|t:|1782358188
|detailschange|p1a: Cherry|Camerupt-Mega, L50, F
|-mega|p1a: Cherry|Camerupt|Cameruptite
|move|p2b: Archaludon|Protect|p2b: Archaludon
|-singleturn|p2b: Archaludon|Protect
|move|p2a: Aerodactyl|Protect|p2a: Aerodactyl
|-singleturn|p2a: Aerodactyl|Protect
|move|p1a: Cherry|Earth Power|p2b: Archaludon
|-activate|p2b: Archaludon|move: Protect
|move|p1b: Sailor|Matcha Gotcha|p2a: Aerodactyl|[spread] 
|-activate|p2a: Aerodactyl|move: Protect
|-activate|p2b: Archaludon|move: Protect
|
|-weather|none
|-damage|p2b: Archaludon|81/100 brn|[from] brn
|-fieldend|move: Trick Room
|upkeep
|turn|6
|inactive|25th_mang has 30 seconds left.
|
|t:|1782358213
|move|p2a: Aerodactyl|Dual Wingbeat|p1b: Sailor
|-supereffective|p1b: Sailor|1
|-damage|p1b: Sailor|55/100
|-supereffective|p1b: Sailor|1
|-damage|p1b: Sailor|17/100
|-hitcount|p1b: Sailor|2
|move|p2b: Archaludon|Draco Meteor|p1a: Cherry
|-damage|p1a: Cherry|7/100
|-unboost|p2b: Archaludon|spa|2
|-enditem|p2b: Archaludon|White Herb
|-clearnegativeboost|p2b: Archaludon|[silent]
|move|p1a: Cherry|Earth Power|p2b: Archaludon
|-supereffective|p2b: Archaludon|1
|-damage|p2b: Archaludon|0 fnt
|faint|p2b: Archaludon
|move|p1b: Sailor|Trick Room|p1b: Sailor
|-fieldstart|move: Trick Room|[of] p1b: Sailor
|
|upkeep
|
|t:|1782358224
|switch|p2b: Staraptor|Staraptor, L50, M|100/100
|-ability|p2b: Staraptor|Intimidate|boost
|-unboost|p1a: Cherry|atk|1
|-unboost|p1b: Sailor|atk|1
|turn|7
|inactive|25th_mang has 30 seconds left.
|
|t:|1782358253
|detailschange|p2b: Staraptor|Staraptor-Mega, L50, M
|-mega|p2b: Staraptor|Staraptor|Staraptite
|move|p1a: Cherry|Ancient Power|p2b: Staraptor
|-damage|p2b: Staraptor|64/100
|move|p1b: Sailor|Matcha Gotcha|p2b: Staraptor|[spread] p2a,p2b
|-resisted|p2b: Staraptor|1
|-damage|p2a: Aerodactyl|61/100
|-heal|p1b: Sailor|34/100|[from] drain|[of] p2a: Aerodactyl
|-damage|p2b: Staraptor|48/100
|-heal|p1b: Sailor|43/100|[from] drain|[of] p2b: Staraptor
|move|p2b: Staraptor|Brave Bird|p1a: Cherry
|-damage|p1a: Cherry|0 fnt
|faint|p1a: Cherry
|-damage|p2b: Staraptor|46/100|[from] Recoil
|move|p2a: Aerodactyl|Rock Slide|p1b: Sailor
|-damage|p1b: Sailor|12/100
|
|upkeep
|
|t:|1782358267
|switch|p1a: Her Majesty 2|Tsareena, L50, F|100/100
|turn|8
|
|t:|1782358278
|move|p1b: Sailor|Matcha Gotcha|p2a: Aerodactyl|[spread] p2a,p2b
|-resisted|p2b: Staraptor|1
|-damage|p2a: Aerodactyl|22/100
|-heal|p1b: Sailor|29/100|[from] drain|[of] p2a: Aerodactyl
|-damage|p2b: Staraptor|31/100
|-heal|p1b: Sailor|37/100|[from] drain|[of] p2b: Staraptor
|move|p1a: Her Majesty 2|Triple Axel|p2b: Staraptor
|-supereffective|p2b: Staraptor|1
|-crit|p2b: Staraptor
|-damage|p2b: Staraptor|10/100
|-supereffective|p2b: Staraptor|1
|-damage|p2b: Staraptor|0 fnt
|faint|p2b: Staraptor
|-hitcount|p2: Staraptor|2
|move|p2a: Aerodactyl|Dual Wingbeat|p1a: Her Majesty 2
|-supereffective|p1a: Her Majesty 2|1
|-damage|p1a: Her Majesty 2|60/100
|-supereffective|p1a: Her Majesty 2|1
|-damage|p1a: Her Majesty 2|22/100
|-hitcount|p1a: Her Majesty 2|2
|
|upkeep
|turn|9
|
|t:|1782358295
|move|p2a: Aerodactyl|Protect|p2a: Aerodactyl
|-singleturn|p2a: Aerodactyl|Protect
|move|p1b: Sailor|Life Dew|p1b: Sailor|[spread] p1a,p1b
|-heal|p1a: Her Majesty 2|47/100
|-heal|p1b: Sailor|62/100
|move|p1a: Her Majesty 2|Triple Axel|p2a: Aerodactyl
|-activate|p2a: Aerodactyl|move: Protect
|
|upkeep
|turn|10
|
|t:|1782358304
|move|p1b: Sailor|Life Dew|p1b: Sailor|[spread] p1a,p1b
|-heal|p1a: Her Majesty 2|72/100
|-heal|p1b: Sailor|87/100
|move|p1a: Her Majesty 2|Triple Axel|p2a: Aerodactyl
|-supereffective|p2a: Aerodactyl|1
|-damage|p2a: Aerodactyl|0 fnt
|faint|p2a: Aerodactyl
|-hitcount|p2: Aerodactyl|1
|
|win|25th_mang
||Glavenus71601 is ready for game 2.
