|j|☆gianisking
|j|☆0-x ft wayne
|html|gianisking0-x ft wayne    
|uhtml|bestof|Game 3 of a best-of-3
|t:|1756402367
|gametype|doubles
|player|p1|gianisking|bugcatcher-gen4dp|1324
|player|p2|0-x ft wayne|kamado-armor|1218
|gen|9
|tier|[Gen 9] VGC 2025 Reg H (Bo3)
|rated|
|rule|Species Clause: Limit one of each Pokémon
|rule|Item Clause: Limit 1 of each item
|clearpoke
|poke|p1|Kilowattrel, L50, F|
|poke|p1|Amoonguss, L50, F|
|poke|p1|Ursaluna, L50, M|
|poke|p1|Incineroar, L50, F|
|poke|p1|Porygon2, L50|
|poke|p1|Gholdengo, L50|
|poke|p2|Garchomp, L50, F|
|poke|p2|Sneasler, L50, M|
|poke|p2|Ninetales-Alola, L50, F|
|poke|p2|Incineroar, L50, M|
|poke|p2|Dragonite, L50, F|
|poke|p2|Gholdengo, L50|
|teampreview|4
|showteam|p1|Kilowattrel||FocusSash|Competitive|Thunderbolt,AirSlash,Protect,Tailwind|||F|||50|,,,,,Ghost]Amoonguss||SitrusBerry|Regenerator|Spore,RagePowder,PollenPuff,Protect|||F|||50|,,,,,Fairy]Ursaluna||FlameOrb|Guts|Facade,HeadlongRush,Earthquake,Protect|||M|||50|,,,,,Ghost]Incineroar||SafetyGoggles|Intimidate|KnockOff,PartingShot,FakeOut,FlareBlitz|||F|||50|,,,,,Ghost]Porygon2||Eviolite|Download|TeraBlast,IceBeam,TrickRoom,Recover||||||50|,,,,,Fighting]Gholdengo||MetalCoat|GoodasGold|MakeItRain,ShadowBall,Protect,NastyPlot||||||50|,,,,,Water
|showteam|p2|Garchomp||LifeOrb|RoughSkin|Earthquake,DragonClaw,StompingTantrum,Protect|||F|||50|,,,,,Ground]Sneasler||WhiteHerb|Unburden|Coaching,Protect,DireClaw,CloseCombat|||M|||50|,,,,,Stellar]Ninetales-Alola||CovertCloak|SnowWarning|Blizzard,Encore,FreezeDry,IcyWind|||F|||50|,,,,,Ghost]Incineroar||SafetyGoggles|Intimidate|FakeOut,FlareBlitz,KnockOff,PartingShot|||M|||50|,,,,,Ghost]Dragonite||LoadedDice|InnerFocus|TeraBlast,ScaleShot,Tailwind,Protect|||F|||50|,,,,,Flying]Gholdengo||ChoiceScarf|GoodasGold|MakeItRain,ShadowBall,Trick,Thunderbolt||||||50|,,,,,Steel
|inactive|Battle timer is ON: inactive players will automatically lose when time's up. (requested by gianisking)
|
|t:|1756402442
|teamsize|p1|4
|teamsize|p2|4
|start
|switch|p1a: Incineroar|Incineroar, L50, F|100/100
|switch|p1b: Ursaluna|Ursaluna, L50, M|100/100
|switch|p2a: Dragonite|Dragonite, L50, F|100/100
|switch|p2b: Kaladin|Garchomp, L50, F, shiny|100/100
|-ability|p1a: Incineroar|Intimidate|boost
|-fail|p2a: Dragonite|unboost|Attack|[from] ability: Inner Focus|[of] p2a: Dragonite
|-unboost|p2b: Kaladin|atk|1
|turn|1
|inactive|gianisking has 30 seconds left.
|inactive|0-x ft wayne has 30 seconds left.
|inactive|gianisking has 20 seconds left.
|inactive|gianisking has 15 seconds left.
|
|t:|1756402487
|move|p1b: Ursaluna|Protect|p1b: Ursaluna
|-singleturn|p1b: Ursaluna|Protect
|move|p2b: Kaladin|Earthquake|p1a: Incineroar|[spread] p1a
|-activate|p1b: Ursaluna|move: Protect
|-immune|p2a: Dragonite
|-supereffective|p1a: Incineroar
|-damage|p1a: Incineroar|42/100
|-damage|p2b: Kaladin|91/100|[from] item: Life Orb
|move|p2a: Dragonite|Scale Shot|p1a: Incineroar
|-damage|p1a: Incineroar|31/100
|-damage|p1a: Incineroar|20/100
|-damage|p1a: Incineroar|8/100
|-damage|p1a: Incineroar|0 fnt
|faint|p1a: Incineroar
|-hitcount|p1: Incineroar|4
|-unboost|p2a: Dragonite|def|1
|-boost|p2a: Dragonite|spe|1
|
|-status|p1b: Ursaluna|brn|[from] item: Flame Orb
|upkeep
|
|t:|1756402492
|switch|p1a: Porygon2|Porygon2, L50|100/100
|-ability|p1a: Porygon2|Download|boost
|-boost|p1a: Porygon2|atk|1
|turn|2
|inactive|0-x ft wayne has 30 seconds left.
|inactive|0-x ft wayne has 20 seconds left.
|inactive|0-x ft wayne has 15 seconds left.
|
|t:|1756402535
|-terastallize|p2a: Dragonite|Flying
|move|p2a: Dragonite|Tera Blast|p1b: Ursaluna|[anim] Tera Blast Flying
|-damage|p1b: Ursaluna|53/100 brn
|move|p2b: Kaladin|Earthquake|p1a: Porygon2|[spread] p1a,p1b
|-immune|p2a: Dragonite
|-damage|p1a: Porygon2|80/100
|-damage|p1b: Ursaluna|27/100 brn
|-damage|p2b: Kaladin|81/100|[from] item: Life Orb
|move|p1b: Ursaluna|Facade|p2a: Dragonite
|-damage|p2a: Dragonite|0 fnt
|faint|p2a: Dragonite
|move|p1a: Porygon2|Trick Room|p1a: Porygon2
|-fieldstart|move: Trick Room|[of] p1a: Porygon2
|
|-damage|p1b: Ursaluna|21/100 brn|[from] brn
|upkeep
|
|t:|1756402548
|switch|p2a: Dalinar|Incineroar, L50, M, shiny|100/100
|-ability|p2a: Dalinar|Intimidate|boost
|-unboost|p1a: Porygon2|atk|1
|-unboost|p1b: Ursaluna|atk|1
|turn|3
|inactive|gianisking has 30 seconds left.
|inactive|0-x ft wayne has 30 seconds left.
|
|t:|1756402582
|switch|p1b: Amoonguss|Amoonguss, L50, F|100/100
|move|p2a: Dalinar|Fake Out|p1a: Porygon2
|-damage|p1a: Porygon2|72/100
|cant|p1a: Porygon2|flinch
|move|p2b: Kaladin|Stomping Tantrum|p1b: Amoonguss
|-damage|p1b: Amoonguss|70/100
|-damage|p2b: Kaladin|71/100|[from] item: Life Orb
|
|upkeep
|turn|4
|
|t:|1756402604
|move|p2b: Kaladin|Protect|p2b: Kaladin
|-singleturn|p2b: Kaladin|Protect
|move|p1b: Amoonguss|Pollen Puff|p1a: Porygon2
|-heal|p1a: Porygon2|100/100
|move|p1a: Porygon2|Ice Beam|p2b: Kaladin
|-activate|p2b: Kaladin|move: Protect
|move|p2a: Dalinar|Flare Blitz|p1b: Amoonguss
|-supereffective|p1b: Amoonguss
|-damage|p1b: Amoonguss|0 fnt
|faint|p1b: Amoonguss
|-damage|p2a: Dalinar|75/100|[from] Recoil
|
|upkeep
|
|t:|1756402607
|switch|p1b: Ursaluna|Ursaluna, L50, M|21/100 brn
|turn|5
|inactive|0-x ft wayne has 30 seconds left.
|inactive|0-x ft wayne has 20 seconds left.
|inactive|0-x ft wayne has 15 seconds left.
|inactive|0-x ft wayne has 10 seconds left.
|inactive|0-x ft wayne has 5 seconds left.
|
|t:|1756402661
|switch|p2b: Gholdengo|Gholdengo, L50|100/100
|move|p1a: Porygon2|Ice Beam|p2b: Gholdengo
|-resisted|p2b: Gholdengo
|-damage|p2b: Gholdengo|86/100
|-status|p2b: Gholdengo|frz
|move|p2a: Dalinar|Parting Shot|p1b: Ursaluna
|-unboost|p1b: Ursaluna|atk|1
|-unboost|p1b: Ursaluna|spa|1
|
|t:|1756402669
|switch|p2a: Kaladin|Garchomp, L50, F, shiny|71/100|[from] Parting Shot
|move|p1b: Ursaluna|Earthquake|p2a: Kaladin|[spread] p1a,p2a,p2b
|-supereffective|p2b: Gholdengo
|-damage|p1a: Porygon2|75/100
|-damage|p2a: Kaladin|30/100
|-damage|p2b: Gholdengo|0 fnt
|faint|p2b: Gholdengo
|
|-damage|p1b: Ursaluna|15/100 brn|[from] brn
|upkeep
|
|t:|1756402677
|switch|p2b: Dalinar|Incineroar, L50, M, shiny|75/100
|-ability|p2b: Dalinar|Intimidate|boost
|-unboost|p1a: Porygon2|atk|1
|-unboost|p1b: Ursaluna|atk|1
|turn|6
|inactive|gianisking has 30 seconds left.
|
|t:|1756402705
|-terastallize|p1a: Porygon2|Fighting
|move|p1b: Ursaluna|Protect|p1b: Ursaluna
|-singleturn|p1b: Ursaluna|Protect
|move|p2a: Kaladin|Protect|p2a: Kaladin
|-singleturn|p2a: Kaladin|Protect
|move|p1a: Porygon2|Tera Blast|p2b: Dalinar|[anim] Tera Blast Fighting
|-supereffective|p2b: Dalinar
|-damage|p2b: Dalinar|19/100
|move|p2b: Dalinar|Knock Off|p1a: Porygon2
|-resisted|p1a: Porygon2
|-damage|p1a: Porygon2|62/100
|-enditem|p1a: Porygon2|Eviolite|[from] move: Knock Off|[of] p2b: Dalinar
|
|-damage|p1b: Ursaluna|9/100 brn|[from] brn
|-fieldend|move: Trick Room
|upkeep
|turn|7
|inactive|gianisking has 30 seconds left.
|inactive|0-x ft wayne has 30 seconds left.
|inactive|gianisking has 20 seconds left.
|inactive|gianisking has 15 seconds left.
|inactive|0-x ft wayne has 20 seconds left.
|inactive|gianisking has 10 seconds left.
|inactive|0-x ft wayne has 15 seconds left.
|inactive|0-x ft wayne has 10 seconds left.
|
|t:|1756402758
|move|p1b: Ursaluna|Protect|p1b: Ursaluna
|-singleturn|p1b: Ursaluna|Protect
|move|p2a: Kaladin|Dragon Claw|p1a: Porygon2
|-damage|p1a: Porygon2|13/100
|-damage|p2a: Kaladin|20/100|[from] item: Life Orb
|move|p2b: Dalinar|Flare Blitz|p1a: Porygon2
|-damage|p1a: Porygon2|0 fnt
|faint|p1a: Porygon2
|-damage|p2b: Dalinar|15/100|[from] Recoil
|
|-damage|p1b: Ursaluna|4/100 brn|[from] brn
|upkeep
|turn|8
|
|t:|1756402774
|move|p2a: Kaladin|Dragon Claw|p1b: Ursaluna
|-damage|p1b: Ursaluna|0 fnt
|faint|p1b: Ursaluna
|-damage|p2a: Kaladin|10/100|[from] item: Life Orb
|
|win|0-x ft wayne
|raw|gianisking's rating: 1324 → 1298(-26 for losing)
|raw|0-x ft wayne's rating: 1218 → 1250(+32 for winning)
