|j|☆AEB 328
|j|☆PugBurro
|html|AEB 328PugBurro    
|uhtml|bestof|Game 3 of a best-of-3
|t:|1756228370
|gametype|doubles
|player|p1|AEB 328|will|
|player|p2|PugBurro|red|
|gen|9
|tier|[Gen 9] VGC 2025 Reg H (Bo3)
|rule|Species Clause: Limit one of each Pokémon
|rule|Item Clause: Limit 1 of each item
|clearpoke
|poke|p1|Charizard, L50, M|
|poke|p1|Torkoal, L50, M|
|poke|p1|Porygon2, L50|
|poke|p1|Incineroar, L50, F|
|poke|p1|Jumpluff, L50, F|
|poke|p1|Ursaluna, L50, M|
|poke|p2|Archaludon, L50, F|
|poke|p2|Pelipper, L50, M|
|poke|p2|Basculegion, L50, M|
|poke|p2|Incineroar, L50, M|
|poke|p2|Amoonguss, L50, M|
|poke|p2|Maushold, L50|
|teampreview|4
|showteam|p1|Charizard||ChoiceSpecs|SolarPower|HeatWave,SolarBeam,WeatherBall,AirSlash|||M|||50|,,,,,Ghost]Torkoal||EjectPack|Drought|HeatWave,Overheat,HelpingHand,Protect|||M|||50|,,,,,Grass]Porygon2||Eviolite|Download|IceBeam,TeraBlast,TrickRoom,Recover||||||50|,,,,,Fighting]Incineroar||SitrusBerry|Intimidate|FlareBlitz,KnockOff,FakeOut,PartingShot|||F|||50|,,,,,Ghost]Jumpluff||CovertCloak|Chlorophyll|SleepPowder,SunnyDay,RagePowder,Tailwind|||F|||50|,,,,,Water]Ursaluna||FlameOrb|Guts|HeadlongRush,Facade,Earthquake,Protect|||M|||50|,,,,,Fairy
|showteam|p2|Archaludon||AssaultVest|Stamina|ElectroShot,FlashCannon,DragonPulse,BodyPress|||F|||50|,,,,,Bug]Pelipper||FocusSash|Drizzle|WeatherBall,Hurricane,Tailwind,Protect|||M|||50|,,,,,Stellar]Basculegion||MysticWater|SwiftSwim|WaveCrash,LastRespects,AquaJet,Protect|||M|||50|,,,,,Grass]Incineroar||SafetyGoggles|Intimidate|KnockOff,FakeOut,FlareBlitz,PartingShot|||M|||50|,,,,,Ghost]Amoonguss||SitrusBerry|Regenerator|Spore,RagePowder,PollenPuff,ClearSmog|||M|||50|,,,,,Water]Maushold||WideLens|Technician|PopulationBomb,FollowMe,Taunt,Protect||||||50|,,,,,Grass
|inactive|Battle timer is ON: inactive players will automatically lose when time's up. (requested by AEB 328)
|
|t:|1756228397
|teamsize|p1|4
|teamsize|p2|4
|start
|switch|p1a: Charizard|Charizard, L50, M|100/100
|switch|p1b: Porygon2|Porygon2, L50|100/100
|switch|p2a: Basculegion|Basculegion, L50, M, shiny|100/100
|switch|p2b: Maushold|Maushold, L50|100/100
|-ability|p1b: Porygon2|Download|boost
|-boost|p1b: Porygon2|atk|1
|turn|1
|
|t:|1756228417
|switch|p1b: Torkoal|Torkoal, L50, M|100/100
|-weather|SunnyDay|[from] ability: Drought|[of] p1b: Torkoal
|-terastallize|p1a: Charizard|Ghost
|move|p2a: Basculegion|Protect|p2a: Basculegion
|-singleturn|p2a: Basculegion|Protect
|move|p2b: Maushold|Population Bomb|p1b: Torkoal
|-damage|p1b: Torkoal|91/100
|-damage|p1b: Torkoal|82/100
|-damage|p1b: Torkoal|74/100
|-damage|p1b: Torkoal|65/100
|-damage|p1b: Torkoal|56/100
|-damage|p1b: Torkoal|48/100
|-damage|p1b: Torkoal|39/100
|-damage|p1b: Torkoal|31/100
|-damage|p1b: Torkoal|22/100
|-damage|p1b: Torkoal|13/100
|-hitcount|p1b: Torkoal|10
|move|p1a: Charizard|Heat Wave|p2b: Maushold|[spread] 
|-activate|p2a: Basculegion|move: Protect
|-miss|p1a: Charizard|p2b: Maushold
|
|-weather|SunnyDay|[upkeep]
|-damage|p1a: Charizard|88/100|[from] ability: Solar Power|[of] p1a: Charizard
|upkeep
|turn|2
|
|t:|1756228433
|switch|p2b: Pelipper|Pelipper, L50, M, shiny|100/100
|-weather|RainDance|[from] ability: Drizzle|[of] p2b: Pelipper
|switch|p1a: Porygon2|Porygon2, L50|100/100
|-ability|p1a: Porygon2|Download|boost
|-boost|p1a: Porygon2|spa|1
|switch|p1b: Jumpluff|Jumpluff, L50, F|100/100
|move|p2a: Basculegion|Wave Crash|p1a: Porygon2
|-damage|p1a: Porygon2|33/100
|-damage|p2a: Basculegion|78/100|[from] Recoil
|
|-weather|RainDance|[upkeep]
|upkeep
|turn|3
|inactive|AEB 328 has 30 seconds left.
|inactive|PugBurro has 30 seconds left.
|
|t:|1756228466
|switch|p2b: Archaludon|Archaludon, L50, F, shiny|100/100
|-terastallize|p2a: Basculegion|Grass
|move|p2a: Basculegion|Wave Crash|p1a: Porygon2
|-damage|p1a: Porygon2|0 fnt
|faint|p1a: Porygon2
|-damage|p2a: Basculegion|68/100|[from] Recoil
|move|p1b: Jumpluff|Tailwind|p1b: Jumpluff
|-sidestart|p1: AEB 328|move: Tailwind
|
|-weather|RainDance|[upkeep]
|upkeep
|
|t:|1756228471
|switch|p1a: Charizard|Charizard, L50, M, tera:Ghost|88/100
|turn|4
|
|t:|1756228478
|switch|p2b: Pelipper|Pelipper, L50, M, shiny|100/100
|move|p1b: Jumpluff|Sunny Day|p1b: Jumpluff
|-weather|SunnyDay
|move|p1a: Charizard|Heat Wave|p2a: Basculegion|[spread] p2a,p2b
|-supereffective|p2a: Basculegion
|-resisted|p2b: Pelipper
|-damage|p2a: Basculegion|0 fnt
|-damage|p2b: Pelipper|6/100
|faint|p2a: Basculegion
|
|-weather|SunnyDay|[upkeep]
|-damage|p1a: Charizard|76/100|[from] ability: Solar Power|[of] p1a: Charizard
|upkeep
|
|t:|1756228485
|switch|p2a: Maushold|Maushold, L50|100/100
|turn|5
|
|t:|1756228494
|move|p2a: Maushold|Protect|p2a: Maushold
|-singleturn|p2a: Maushold|Protect
|move|p2b: Pelipper|Protect|p2b: Pelipper
|-singleturn|p2b: Pelipper|Protect
|move|p1b: Jumpluff|Sleep Powder|p2a: Maushold
|-activate|p2a: Maushold|move: Protect
|move|p1a: Charizard|Heat Wave|p2b: Pelipper|[spread] 
|-activate|p2a: Maushold|move: Protect
|-activate|p2b: Pelipper|move: Protect
|
|-weather|SunnyDay|[upkeep]
|-damage|p1a: Charizard|63/100|[from] ability: Solar Power|[of] p1a: Charizard
|upkeep
|turn|6
|
|t:|1756228514
|switch|p2b: Archaludon|Archaludon, L50, F, shiny|100/100
|move|p2a: Maushold|Protect||[still]
|-fail|p2a: Maushold
|move|p1b: Jumpluff|Sleep Powder|p2a: Maushold|[miss]
|-miss|p1b: Jumpluff|p2a: Maushold
|move|p1a: Charizard|Heat Wave|p2a: Maushold|[spread] p2a,p2b
|-damage|p2a: Maushold|0 fnt
|-damage|p2b: Archaludon|12/100
|-ability|p2b: Archaludon|Stamina|boost
|-boost|p2b: Archaludon|def|1
|faint|p2a: Maushold
|
|-weather|SunnyDay|[upkeep]
|-damage|p1a: Charizard|51/100|[from] ability: Solar Power|[of] p1a: Charizard
|-sideend|p1: AEB 328|move: Tailwind
|upkeep
|
|t:|1756228515
|switch|p2a: Pelipper|Pelipper, L50, M, shiny|6/100
|-weather|RainDance|[from] ability: Drizzle|[of] p2a: Pelipper
|turn|7
|c|☆PugBurro|ggs
|
|t:|1756228524
|move|p1b: Jumpluff|Tailwind|p1b: Jumpluff
|-sidestart|p1: AEB 328|move: Tailwind
|move|p1a: Charizard|Heat Wave|p2a: Pelipper|[spread] p2a,p2b
|-resisted|p2a: Pelipper
|-damage|p2a: Pelipper|0 fnt
|-damage|p2b: Archaludon|0 fnt
|faint|p2a: Pelipper
|faint|p2b: Archaludon
|
|win|AEB 328
|c|☆AEB 328|Gg
|l|☆PugBurro
|player|p2|
