|j|☆Frakub
|j|☆PidoveQ
|html|FrakubPidoveQ    
|uhtml|bestof|Game 2 of a best-of-3
|t:|1756377144
|gametype|doubles
|player|p1|Frakub|acetrainer-gen4dp|1234
|player|p2|PidoveQ|akari|1351
|gen|9
|tier|[Gen 9] VGC 2025 Reg H (Bo3)
|rated|
|rule|Species Clause: Limit one of each Pokémon
|rule|Item Clause: Limit 1 of each item
|clearpoke
|poke|p1|Kingambit, L50, M|
|poke|p1|Rillaboom, L50, F|
|poke|p1|Ninetales-Alola, L50, F|
|poke|p1|Dragonite, L50, M|
|poke|p1|Magmar, L50, F|
|poke|p1|Sneasler, L50, M|
|poke|p2|Rillaboom, L50, M|
|poke|p2|Sneasler, L50, M|
|poke|p2|Basculegion, L50, M|
|poke|p2|Ninetales-Alola, L50, F|
|poke|p2|Magmar, L50, F|
|poke|p2|Archaludon, L50, F|
|teampreview|4
|showteam|p1|Kingambit||BlackGlasses|Defiant|KowtowCleave,SuckerPunch,SwordsDance,Protect|||M|||50|,,,,,Dark]Rillaboom||AssaultVest|GrassySurge|WoodHammer,GrassyGlide,HighHorsepower,FakeOut|||F|||50|,,,,,Fire]Ninetales-Alola||LightClay|SnowWarning|Blizzard,FreezeDry,Protect,AuroraVeil|||F|||50|,,,,,Ghost]Dragonite||LoadedDice|Multiscale|ScaleShot,ExtremeSpeed,Haze,Protect|||M|||50|,,,,,Steel]Magmar||Eviolite|VitalSpirit|Taunt,Overheat,FollowMe,Protect|||F|||50|,,,,,Ghost]Sneasler||FocusSash|PoisonTouch|FakeOut,DireClaw,CloseCombat,Protect|||M|||50|,,,,,Ghost
|showteam|p2|Rillaboom||AssaultVest|GrassySurge|WoodHammer,GrassyGlide,FakeOut,HighHorsepower|||M|||50|,,,,,Fire]Sneasler||FocusSash|Unburden|DireClaw,CloseCombat,ThroatChop,Protect|||M|||50|,,,,,Stellar]Basculegion||ChoiceScarf|Adaptability|WaveCrash,LastRespects,AquaJet,FlipTurn|||M|||50|,,,,,Grass]Ninetales-Alola||IciclePlate|SnowWarning|Blizzard,FreezeDry,IcyWind,Protect|||F|||50|,,,,,Ice]Magmar||Eviolite|VitalSpirit|Flamethrower,Taunt,FollowMe,Protect|||F|||50|,,,,,Fairy]Archaludon||PowerHerb|Sturdy|ElectroShot,DragonPulse,Thunderbolt,Protect|||F|||50|,,,,,Electric
|inactive|Battle timer is ON: inactive players will automatically lose when time's up. (requested by PidoveQ)
|inactive|Frakub also wants the timer to be on.
|
|t:|1756377165
|teamsize|p1|4
|teamsize|p2|4
|start
|switch|p1a: Dragonite|Dragonite, L50, M|100/100
|switch|p1b: Sneasler|Sneasler, L50, M|100/100
|switch|p2a: Sneasler|Sneasler, L50, M, shiny|100/100
|switch|p2b: Magmar|Magmar, L50, F, shiny|100/100
|turn|1
|
|t:|1756377187
|move|p2a: Sneasler|Protect|p2a: Sneasler
|-singleturn|p2a: Sneasler|Protect
|move|p2b: Magmar|Protect|p2b: Magmar
|-singleturn|p2b: Magmar|Protect
|move|p1b: Sneasler|Fake Out|p2b: Magmar
|-activate|p2b: Magmar|move: Protect
|move|p1a: Dragonite|Scale Shot|p2a: Sneasler
|-activate|p2a: Sneasler|move: Protect
|
|upkeep
|turn|2
|inactive|PidoveQ has 30 seconds left.
|inactive|PidoveQ has 20 seconds left.
|inactive|PidoveQ has 15 seconds left.
|
|t:|1756377231
|move|p1a: Dragonite|Extreme Speed|p2a: Sneasler
|-damage|p2a: Sneasler|47/100
|move|p1b: Sneasler|Dire Claw|p2b: Magmar
|-damage|p2b: Magmar|67/100
|move|p2a: Sneasler|Dire Claw|p1a: Dragonite
|-damage|p1a: Dragonite|77/100
|-status|p1a: Dragonite|slp
|move|p2b: Magmar|Taunt|p1a: Dragonite
|-start|p1a: Dragonite|move: Taunt
|
|upkeep
|turn|3
|
|t:|1756377251
|cant|p1a: Dragonite|slp
|move|p2a: Sneasler|Dire Claw|p1a: Dragonite
|-damage|p1a: Dragonite|26/100 slp
|move|p1b: Sneasler|Dire Claw|p2b: Magmar
|-damage|p2b: Magmar|31/100
|-status|p2b: Magmar|psn
|move|p2b: Magmar|Flamethrower|p1b: Sneasler
|-damage|p1b: Sneasler|60/100
|
|-damage|p2b: Magmar|19/100 psn|[from] psn
|upkeep
|turn|4
|
|t:|1756377270
|switch|p2a: Gooseberry|Basculegion, L50, M, shiny|100/100
|cant|p1a: Dragonite|slp
|move|p1b: Sneasler|Dire Claw|p2b: Magmar
|-damage|p2b: Magmar|0 fnt
|faint|p2b: Magmar
|
|upkeep
|
|t:|1756377276
|switch|p2b: Archaludon|Archaludon, L50, F|100/100
|turn|5
|
|t:|1756377290
|move|p1b: Sneasler|Protect|p1b: Sneasler
|-singleturn|p1b: Sneasler|Protect
|move|p2a: Gooseberry|Wave Crash|p1b: Sneasler
|-activate|p1b: Sneasler|move: Protect
|move|p2b: Archaludon|Thunderbolt|p1a: Dragonite
|-damage|p1a: Dragonite|0 fnt
|faint|p1a: Dragonite
|
|upkeep
|
|t:|1756377303
|switch|p1a: Kingambit|Kingambit, L50, M|100/100
|turn|6
|
|t:|1756377326
|switch|p1b: Magmar|Magmar, L50, F|100/100
|-terastallize|p2a: Gooseberry|Grass
|move|p1a: Kingambit|Protect|p1a: Kingambit
|-singleturn|p1a: Kingambit|Protect
|move|p2a: Gooseberry|Wave Crash|p1b: Magmar
|-supereffective|p1b: Magmar
|-crit|p1b: Magmar
|-damage|p1b: Magmar|0 fnt
|faint|p1b: Magmar
|-damage|p2a: Gooseberry|72/100|[from] Recoil
|move|p2b: Archaludon|Electro Shot||[still]
|-prepare|p2b: Archaludon|Electro Shot
|-boost|p2b: Archaludon|spa|1
|-enditem|p2b: Archaludon|Power Herb
|-anim|p2b: Archaludon|Electro Shot|p1a: Kingambit
|-activate|p1a: Kingambit|move: Protect
|
|upkeep
|
|t:|1756377333
|switch|p1b: Sneasler|Sneasler, L50, M|60/100
|turn|7
|
|t:|1756377358
|-terastallize|p1a: Kingambit|Dark
|move|p1b: Sneasler|Fake Out|p2a: Gooseberry
|-crit|p2a: Gooseberry
|-damage|p2a: Gooseberry|48/100
|-status|p2a: Gooseberry|psn|[from] ability: Poison Touch|[of] p1b: Sneasler
|cant|p2a: Gooseberry|flinch
|move|p2b: Archaludon|Dragon Pulse|p1b: Sneasler
|-crit|p1b: Sneasler
|-damage|p1b: Sneasler|0 fnt
|faint|p1b: Sneasler
|move|p1a: Kingambit|Kowtow Cleave|p2a: Gooseberry
|-damage|p2a: Gooseberry|0 fnt
|faint|p2a: Gooseberry
|
|upkeep
|
|t:|1756377366
|switch|p2a: Sneasler|Sneasler, L50, M, shiny|47/100
|turn|8
|
|t:|1756377376
|move|p1a: Kingambit|Sucker Punch|p2a: Sneasler
|-resisted|p2a: Sneasler
|-damage|p2a: Sneasler|0 fnt
|faint|p2a: Sneasler
|move|p2b: Archaludon|Dragon Pulse|p1a: Kingambit
|-damage|p1a: Kingambit|41/100
|
|upkeep
|turn|9
|
|t:|1756377392
|move|p2b: Archaludon|Dragon Pulse|p1a: Kingambit
|-damage|p1a: Kingambit|0 fnt
|faint|p1a: Kingambit
|
|win|PidoveQ
||PidoveQ is ready for game 3.
||Frakub is ready for game 3.
|uhtml|next|Next: Game 3 of 3
|l|☆PidoveQ
|player|p2|
