|j|☆the_foxdark
|j|☆TreTrainer5252
|html|the_foxdarkTreTrainer5252    
|uhtml|bestof|Game 3 of a best-of-3
|t:|1756834069
|gametype|doubles
|player|p1|the_foxdark|richboy-gen4|1032
|player|p2|TreTrainer5252|linebacker|1073
|gen|9
|tier|[Gen 9] VGC 2025 Reg H (Bo3)
|rated|
|rule|Species Clause: Limit one of each Pokémon
|rule|Item Clause: Limit 1 of each item
|clearpoke
|poke|p1|Politoed, L50, M|
|poke|p1|Gothitelle, L50, F|
|poke|p1|Incineroar, L50, F|
|poke|p1|Amoonguss, L50, M|
|poke|p1|Kingdra, L50, M|
|poke|p1|Archaludon, L50, F|
|poke|p2|Maushold-Four, L50|
|poke|p2|Primarina, L50, M|
|poke|p2|Archaludon, L50, F|
|poke|p2|Annihilape, L50, M|
|poke|p2|Amoonguss, L50, M|
|poke|p2|Incineroar, L50, M|
|teampreview|4
|showteam|p1|Politoed||Leftovers|Drizzle|Protect,WeatherBall,PerishSong,Encore|||M|||50|,,,,,Grass]Gothitelle||SitrusBerry|ShadowTag|Protect,Psychic,FakeOut,TrickRoom|||F|||50|,,,,,Dark]Incineroar||SafetyGoggles|Intimidate|Protect,KnockOff,FakeOut,PartingShot|||F|||50|,,,,,Ghost]Amoonguss||EjectButton|Regenerator|Protect,RagePowder,PollenPuff,Spore|||M|||50|,,,,,Fairy]Kingdra||LifeOrb|SwiftSwim|Protect,WeatherBall,DracoMeteor,MuddyWater|||M|||50|,,,,,Stellar]Archaludon||PowerHerb|Sturdy|Protect,ElectroShot,DragonPulse,FlashCannon|||F|||50|,,,,,Electric
|showteam|p2|Maushold-Four||FocusSash|FriendGuard|BeatUp,Protect,FollowMe,PopulationBomb||||||50|,,,,,Ghost]Primarina||ThroatSpray|LiquidVoice|Haze,Protect,Moonblast,HyperVoice|||M|||50|,,,,,Grass]Archaludon||PowerHerb|Stamina|Snarl,BodyPress,ElectroShot,FlashCannon|||F|||50|,,,,,Fairy]Annihilape||Leftovers|Defiant|Protect,RageFist,DrainPunch,FinalGambit|||M|||50|,,,,,Fire]Amoonguss||SitrusBerry|Regenerator|Spore,Protect,PollenPuff,RagePowder|||M|||50|,,,,,Water]Incineroar||AssaultVest|Intimidate|Uturn,KnockOff,FlareBlitz,FakeOut|||M|||50|,,,,,Grass
|inactive|Battle timer is ON: inactive players will automatically lose when time's up. (requested by TreTrainer5252)
|
|t:|1756834083
|teamsize|p1|4
|teamsize|p2|4
|start
|switch|p1a: Gothitelle|Gothitelle, L50, F|100/100
|switch|p1b: Politoed|Politoed, L50, M|100/100
|switch|p2a: Reunion|Maushold-Four, L50|100/100
|switch|p2b: Pazoo|Annihilape, L50, M, shiny|100/100
|-weather|RainDance|[from] ability: Drizzle|[of] p1b: Politoed
|turn|1
|
|t:|1756834104
|-terastallize|p2a: Reunion|Ghost
|move|p1a: Gothitelle|Protect|p1a: Gothitelle
|-singleturn|p1a: Gothitelle|Protect
|move|p2a: Reunion|Beat Up|p2b: Pazoo
|-damage|p2b: Pazoo|99/100
|-damage|p2b: Pazoo|97/100
|-damage|p2b: Pazoo|95/100
|-damage|p2b: Pazoo|93/100
|-hitcount|p2b: Pazoo|4
|move|p2b: Pazoo|Rage Fist|p1a: Gothitelle
|-activate|p1a: Gothitelle|move: Protect
|move|p1b: Politoed|Perish Song|p1b: Politoed
|-start|p1a: Gothitelle|perish3|[silent]
|-start|p1b: Politoed|perish3|[silent]
|-start|p2a: Reunion|perish3|[silent]
|-start|p2b: Pazoo|perish3|[silent]
|-fieldactivate|move: Perish Song
|
|-weather|RainDance|[upkeep]
|-heal|p2b: Pazoo|99/100|[from] item: Leftovers
|-start|p2a: Reunion|perish3
|-start|p2b: Pazoo|perish3
|-start|p1b: Politoed|perish3
|-start|p1a: Gothitelle|perish3
|upkeep
|turn|2
|inactive|the_foxdark has 30 seconds left.
|
|t:|1756834137
|switch|p1b: Amoonguss|Amoonguss, L50, M|100/100
|-terastallize|p1a: Gothitelle|Dark
|move|p2a: Reunion|Beat Up|p2b: Pazoo
|-damage|p2b: Pazoo|98/100
|-damage|p2b: Pazoo|96/100
|-damage|p2b: Pazoo|94/100
|-damage|p2b: Pazoo|92/100
|-hitcount|p2b: Pazoo|4
|move|p2b: Pazoo|Rage Fist|p1b: Amoonguss
|-damage|p1b: Amoonguss|0 fnt
|faint|p1b: Amoonguss
|move|p1a: Gothitelle|Psychic|p2b: Pazoo
|-supereffective|p2b: Pazoo
|-damage|p2b: Pazoo|58/100
|
|-weather|RainDance|[upkeep]
|-heal|p2b: Pazoo|64/100|[from] item: Leftovers
|-start|p2a: Reunion|perish2
|-start|p2b: Pazoo|perish2
|-start|p1a: Gothitelle|perish2
|upkeep
|
|t:|1756834158
|switch|p1b: Kingdra|Kingdra, L50, M|100/100
|turn|3
|
|t:|1756834172
|move|p2a: Reunion|Follow Me|p2a: Reunion
|-singleturn|p2a: Reunion|move: Follow Me
|move|p1b: Kingdra|Muddy Water|p2b: Pazoo|[spread] p2a,p2b
|-damage|p2a: Reunion|46/100
|-damage|p2b: Pazoo|32/100
|-damage|p1b: Kingdra|91/100|[from] item: Life Orb
|move|p2b: Pazoo|Rage Fist|p1b: Kingdra
|-damage|p1b: Kingdra|0 fnt
|faint|p1b: Kingdra
|move|p1a: Gothitelle|Psychic|p2a: Reunion
|-damage|p2a: Reunion|16/100
|
|-weather|RainDance|[upkeep]
|-heal|p2b: Pazoo|38/100|[from] item: Leftovers
|-start|p2a: Reunion|perish1
|-start|p2b: Pazoo|perish1
|-start|p1a: Gothitelle|perish1
|upkeep
|
|t:|1756834188
|switch|p1b: Politoed|Politoed, L50, M|100/100
|turn|4
|
|t:|1756834199
|move|p1b: Politoed|Protect|p1b: Politoed
|-singleturn|p1b: Politoed|Protect
|move|p1a: Gothitelle|Protect|p1a: Gothitelle
|-singleturn|p1a: Gothitelle|Protect
|move|p2a: Reunion|Follow Me|p2a: Reunion
|-singleturn|p2a: Reunion|move: Follow Me
|move|p2b: Pazoo|Rage Fist|p1b: Politoed
|-activate|p1b: Politoed|move: Protect
|
|-weather|RainDance|[upkeep]
|-heal|p2b: Pazoo|45/100|[from] item: Leftovers
|-start|p2a: Reunion|perish0
|-start|p2b: Pazoo|perish0
|-start|p1a: Gothitelle|perish0
|faint|p2a: Reunion
|faint|p2b: Pazoo
|faint|p1a: Gothitelle
|upkeep
|
|t:|1756834203
|switch|p2a: Amoonguss|Amoonguss, L50, M, shiny|100/100
|switch|p2b: Archaludon|Archaludon, L50, F, shiny|100/100
|turn|5
|c|☆TreTrainer5252|gg
|-message|the_foxdark forfeited.
|
|win|TreTrainer5252
|raw|the_foxdark's rating: 1032 → 1019(-13 for losing)
|raw|TreTrainer5252's rating: 1073 → 1099(+26 for winning)
|l|☆the_foxdark
|player|p1|
