|j|☆Piccius
|j|☆Kuribro
|html|PicciusKuribro    
|uhtml|bestof|Game 1 of a best-of-3
|t:|1757927262
|gametype|doubles
|player|p1|Piccius|rancher|1190
|player|p2|Kuribro|170|1215
|gen|9
|tier|[Gen 9] VGC 2025 Reg H (Bo3)
|rated|
|rule|Species Clause: Limit one of each Pokémon
|rule|Item Clause: Limit 1 of each item
|clearpoke
|poke|p1|Weezing, L50, F|
|poke|p1|Incineroar, L50, M|
|poke|p1|Dragapult, L50, F|
|poke|p1|Ursaluna-Bloodmoon, L50, M|
|poke|p1|Toedscruel, L50, F|
|poke|p1|Kilowattrel, L50, M|
|poke|p2|Pelipper, L50, F|
|poke|p2|Archaludon, L50, M|
|poke|p2|Amoonguss, L50, M|
|poke|p2|Incineroar, L50, M|
|poke|p2|Azumarill, L50, F|
|poke|p2|Porygon2, L50|
|teampreview|4
|showteam|p1|Weezing||SitrusBerry|NeutralizingGas|SludgeBomb,WillOWisp,Taunt,Protect|||F|||50|,,,,,Grass]Incineroar||AbilityShield|Intimidate|KnockOff,FlareBlitz,PartingShot,FakeOut|||M|||50|,,,,,Ghost]Dragapult||ChoiceBand|ClearBody|DragonDarts,PhantomForce,Outrage,Uturn|||F|||50|,,,,,Dragon]Ursaluna-Bloodmoon||AssaultVest|MindsEye|HyperVoice,EarthPower,VacuumWave,BloodMoon|||M|||50|,,,,,Water]Toedscruel||CovertCloak|MyceliumMight|EarthPower,AcidSpray,Spore,RagePowder|||F|||50|,,,,,Water]Kilowattrel||FocusSash|Competitive|Tailwind,AirSlash,Thunderbolt,Protect|||M|||50|,,,,,Ghost
|showteam|p2|Pelipper||FocusSash|Drizzle|WeatherBall,Hurricane,Tailwind,Protect|||F|||50|,,,,,Ghost]Archaludon||AssaultVest|Stamina|ElectroShot,DragonPulse,FlashCannon,BodyPress|||M|||50|,,,,,Bug]Amoonguss||CovertCloak|Regenerator|PollenPuff,RagePowder,Spore,Protect|||M|||50|,,,,,Psychic]Incineroar||SafetyGoggles|Intimidate|FakeOut,PartingShot,KnockOff,FlareBlitz|||M|||50|,,,,,Ghost]Azumarill||SitrusBerry|HugePower|AquaJet,PlayRough,BellyDrum,Protect|||F|||50|,,,,,Water]Porygon2||Eviolite|Download|TeraBlast,ShadowBall,TrickRoom,Recover||||||50|,,,,,Fighting
|
|t:|1757927323
|teamsize|p1|4
|teamsize|p2|4
|start
|switch|p1a: Kilowattrel|Kilowattrel, L50, M|100/100
|switch|p1b: Incineroar|Incineroar, L50, M|100/100
|switch|p2a: Incineroar|Incineroar, L50, M|100/100
|switch|p2b: Porygon2|Porygon2, L50|100/100
|-ability|p2a: Incineroar|Intimidate|boost
|-unboost|p1a: Kilowattrel|atk|1
|-ability|p1a: Kilowattrel|Competitive|boost
|-boost|p1a: Kilowattrel|spa|2
|-unboost|p1b: Incineroar|atk|1
|-ability|p2b: Porygon2|Download|boost
|-boost|p2b: Porygon2|atk|1
|-ability|p1b: Incineroar|Intimidate|boost
|-unboost|p2a: Incineroar|atk|1
|-unboost|p2b: Porygon2|atk|1
|turn|1
|
|t:|1757927358
|move|p2a: Incineroar|Fake Out|p1b: Incineroar
|-damage|p1b: Incineroar|94/100
|cant|p1b: Incineroar|flinch
|move|p1a: Kilowattrel|Thunderbolt|p2b: Porygon2
|-damage|p2b: Porygon2|46/100
|move|p2b: Porygon2|Trick Room|p2b: Porygon2
|-fieldstart|move: Trick Room|[of] p2b: Porygon2
|
|upkeep
|turn|2
|
|t:|1757927380
|move|p1b: Incineroar|Knock Off|p2b: Porygon2
|-damage|p2b: Porygon2|28/100
|-enditem|p2b: Porygon2|Eviolite|[from] move: Knock Off|[of] p1b: Incineroar
|move|p2b: Porygon2|Shadow Ball|p1a: Kilowattrel
|-damage|p1a: Kilowattrel|57/100
|move|p2a: Incineroar|Knock Off|p1a: Kilowattrel
|-damage|p1a: Kilowattrel|0 fnt
|-enditem|p1a: Kilowattrel|Focus Sash|[from] move: Knock Off|[of] p2a: Incineroar
|faint|p1a: Kilowattrel
|
|upkeep
|
|t:|1757927393
|switch|p1a: Ursaluna|Ursaluna-Bloodmoon, L50, M|100/100
|turn|3
|
|t:|1757927414
|switch|p2a: Amoonguss|Amoonguss, L50, M|100/100
|move|p1a: Ursaluna|Hyper Voice|p2a: Amoonguss|[spread] p2a,p2b
|-damage|p2a: Amoonguss|63/100
|-damage|p2b: Porygon2|0 fnt
|faint|p2b: Porygon2
|move|p1b: Incineroar|Knock Off|p2a: Amoonguss
|-damage|p2a: Amoonguss|43/100
|-enditem|p2a: Amoonguss|Covert Cloak|[from] move: Knock Off|[of] p1b: Incineroar
|
|upkeep
|
|t:|1757927419
|switch|p2b: Azumarill|Azumarill, L50, F|100/100
|turn|4
|
|t:|1757927451
|switch|p2b: Incineroar|Incineroar, L50, M|100/100
|-ability|p2b: Incineroar|Intimidate|boost
|-unboost|p1a: Ursaluna|atk|1
|-unboost|p1b: Incineroar|atk|1
|switch|p1a: Toedscruel|Toedscruel, L50, F|100/100
|move|p2a: Amoonguss|Spore|p1a: Toedscruel
|-immune|p1a: Toedscruel
|move|p1b: Incineroar|Parting Shot|p2b: Incineroar
|-unboost|p2b: Incineroar|atk|1
|-unboost|p2b: Incineroar|spa|1
|
|t:|1757927463
|switch|p1b: Ursaluna|Ursaluna-Bloodmoon, L50, M|100/100|[from] Parting Shot
|
|upkeep
|turn|5
|
|t:|1757927497
|switch|p1b: Incineroar|Incineroar, L50, M|94/100
|-ability|p1b: Incineroar|Intimidate|boost
|-unboost|p2a: Amoonguss|atk|1
|-unboost|p2b: Incineroar|atk|1
|move|p2a: Amoonguss|Spore|p1b: Incineroar
|-status|p1b: Incineroar|slp|[from] move: Spore
|move|p2b: Incineroar|Parting Shot|p1a: Toedscruel
|-unboost|p1a: Toedscruel|atk|1
|-unboost|p1a: Toedscruel|spa|1
|
|t:|1757927502
|switch|p2b: Azumarill|Azumarill, L50, F|100/100|[from] Parting Shot
|move|p1a: Toedscruel|Acid Spray|p2b: Azumarill
|-supereffective|p2b: Azumarill
|-damage|p2b: Azumarill|86/100
|-unboost|p2b: Azumarill|spd|2
|
|-fieldend|move: Trick Room
|upkeep
|turn|6
|
|t:|1757927523
|switch|p2a: Incineroar|Incineroar, L50, M|100/100
|-ability|p2a: Incineroar|Intimidate|boost
|-unboost|p1a: Toedscruel|atk|1
|-unboost|p1b: Incineroar|atk|1
|move|p2b: Azumarill|Protect|p2b: Azumarill
|-singleturn|p2b: Azumarill|Protect
|move|p1a: Toedscruel|Earth Power|p2b: Azumarill
|-activate|p2b: Azumarill|move: Protect
|cant|p1b: Incineroar|slp
|
|upkeep
|turn|7
|
|t:|1757927535
|switch|p1a: Ursaluna|Ursaluna-Bloodmoon, L50, M|100/100
|switch|p2b: Amoonguss|Amoonguss, L50, M|76/100
|move|p2a: Incineroar|Flare Blitz|p1a: Ursaluna
|-damage|p1a: Ursaluna|55/100
|-damage|p2a: Incineroar|86/100|[from] Recoil
|cant|p1b: Incineroar|slp
|
|upkeep
|turn|8
|
|t:|1757927563
|move|p2a: Incineroar|Parting Shot|p1a: Ursaluna
|-unboost|p1a: Ursaluna|atk|1
|-unboost|p1a: Ursaluna|spa|1
|
|t:|1757927565
|switch|p2a: Azumarill|Azumarill, L50, F|86/100|[from] Parting Shot
|-curestatus|p1b: Incineroar|slp|[msg]
|move|p1b: Incineroar|Knock Off|p2b: Amoonguss
|-damage|p2b: Amoonguss|62/100
|move|p1a: Ursaluna|Blood Moon|p2b: Amoonguss
|-damage|p2b: Amoonguss|19/100
|move|p2b: Amoonguss|Spore|p1a: Ursaluna
|-status|p1a: Ursaluna|slp|[from] move: Spore
|
|upkeep
|turn|9
|
|t:|1757927591
|switch|p2b: Incineroar|Incineroar, L50, M|86/100
|-ability|p2b: Incineroar|Intimidate|boost
|-unboost|p1a: Ursaluna|atk|1
|-unboost|p1b: Incineroar|atk|1
|move|p1b: Incineroar|Flare Blitz|p2b: Incineroar
|-resisted|p2b: Incineroar
|-damage|p2b: Incineroar|74/100
|-damage|p1b: Incineroar|90/100|[from] Recoil
|cant|p1a: Ursaluna|slp
|move|p2a: Azumarill|Belly Drum|p2a: Azumarill
|-damage|p2a: Azumarill|36/100
|-setboost|p2a: Azumarill|atk|6|[from] move: Belly Drum
|-enditem|p2a: Azumarill|Sitrus Berry|[eat]
|-heal|p2a: Azumarill|61/100|[from] item: Sitrus Berry
|
|upkeep
|turn|10
|
|t:|1757927621
|-terastallize|p1a: Ursaluna|Water
|move|p2b: Incineroar|Fake Out|p1a: Ursaluna
|-damage|p1a: Ursaluna|46/100 slp
|move|p1b: Incineroar|Parting Shot|p2a: Azumarill
|-unboost|p2a: Azumarill|atk|1
|-unboost|p2a: Azumarill|spa|1
|
|t:|1757927632
|switch|p1b: Toedscruel|Toedscruel, L50, F|100/100|[from] Parting Shot
|cant|p1a: Ursaluna|slp
|move|p2a: Azumarill|Play Rough|p1a: Ursaluna
|-damage|p1a: Ursaluna|0 fnt
|faint|p1a: Ursaluna
|
|upkeep
|
|t:|1757927646
|switch|p1a: Incineroar|Incineroar, L50, M|90/100
|-ability|p1a: Incineroar|Intimidate|boost
|-unboost|p2a: Azumarill|atk|1
|-unboost|p2b: Incineroar|atk|1
|turn|11
|
|t:|1757927669
|-terastallize|p2b: Incineroar|Ghost
|move|p2a: Azumarill|Protect|p2a: Azumarill
|-singleturn|p2a: Azumarill|Protect
|move|p1a: Incineroar|Fake Out|p2b: Incineroar
|-immune|p2b: Incineroar
|move|p2b: Incineroar|Parting Shot|p1b: Toedscruel
|-unboost|p1b: Toedscruel|atk|1
|-unboost|p1b: Toedscruel|spa|1
|-message|Piccius forfeited.
|raw|Piccius's rating: 1190 → 1167(-23 for losing)
|raw|Kuribro's rating: 1215 → 1238(+23 for winning)
|
|win|Kuribro
|l|☆Piccius
|player|p1|
|l|☆Kuribro
|player|p2|
