|j|☆funntymann
|html|MAngelKR8funntymann    
|uhtml|bestof|Game 3 of a best-of-3
|t:|1783163367
|gametype|doubles
|player|p1|MAngelKR8|1|1171
|player|p2|funntymann|2|1179
|gen|9
|tier|[Gen 9 Champions] VGC 2026 Reg M-B (Bo3)
|rated|
|rule|Species Clause: Limit one of each Pokémon
|rule|Item Clause: Limit 1 of each item
|clearpoke
|poke|p1|Charizard, L50, F|
|poke|p1|Mawile, L50, F|
|poke|p1|Basculegion, L50, M|
|poke|p1|Garchomp, L50, F|
|poke|p1|Whimsicott, L50, F|
|poke|p1|Farigiraf, L50, M|
|poke|p2|Floette-Eternal, L50, F|
|poke|p2|Maushold-Four, L50|
|poke|p2|Sinistcha-Masterpiece, L50|
|poke|p2|Garchomp, L50, F|
|poke|p2|Charizard, L50, F|
|poke|p2|Kingambit, L50, M|
|teampreview|4
|showteam|p1|Charizard||CharizarditeY|Blaze|WeatherBall,HeatWave,SolarBeam,Protect|Timid||F|||50|]Mawile||Mawilite|HyperCutter|PlayRough,SuckerPunch,BrickBreak,Protect|Adamant||F|||50|]Basculegion||MysticWater|Adaptability|WaveCrash,LastRespects,AquaJet,Protect|Adamant||M|||50|]Garchomp||LifeOrb|RoughSkin|Earthquake,DragonClaw,RockSlide,Protect|Jolly||F|||50|]Whimsicott||FocusSash|Prankster|Moonblast,Encore,Tailwind,Protect|Timid||F|||50|]Farigiraf||SitrusBerry|ArmorTail|TwinBeam,Thunderbolt,TrickRoom,HelpingHand|Bold||M|||50|
|showteam|p2|Floette-Eternal||Floettite|FlowerVeil|Moonblast,DazzlingGleam,LightofRuin,Protect|Modest||F|||50|]Maushold-Four||WideLens|Technician|PopulationBomb,SunnyDay,FollowMe,Protect|Jolly|||||50|]Sinistcha-Masterpiece||KasibBerry|Hospitality|MatchaGotcha,RagePowder,TrickRoom,Protect|Calm|||||50|]Garchomp||LifeOrb|RoughSkin|RockSlide,Earthquake,DragonClaw,Protect|Jolly||F|||50|]Charizard||CharizarditeY|Blaze|HeatWave,SolarBeam,WeatherBall,Protect|Modest||F|||50|]Kingambit||BlackGlasses|Defiant|KowtowCleave,SuckerPunch,IronHead,Protect|Adamant||M|||50|
|j|☆MAngelKR8
|player|p1|MAngelKR8|1|
|inactive|Battle timer is ON: inactive players will automatically lose when time's up. (requested by MAngelKR8)
|
|t:|1783163395
|teamsize|p1|4
|teamsize|p2|4
|start
|switch|p1a: Whimsicott|Whimsicott, L50, F|100/100
|switch|p1b: Garchomp|Garchomp, L50, F|100/100
|switch|p2a: Maushold|Maushold-Four, L50|100/100
|switch|p2b: Kingambit|Kingambit, L50, M|100/100
|turn|1
|inactive|MAngelKR8 has 30 seconds left.
|inactive|MAngelKR8 has 20 seconds left.
|inactive|MAngelKR8 has 15 seconds left.
|inactive|MAngelKR8 has 10 seconds left.
|inactive|MAngelKR8 has 5 seconds left.
|
|t:|1783163450
|switch|p2b: Charizard|Charizard, L50, F|100/100
|move|p2a: Maushold|Protect|p2a: Maushold
|-singleturn|p2a: Maushold|Protect
|move|p1a: Whimsicott|Moonblast|p2b: Charizard
|-resisted|p2b: Charizard|1
|-damage|p2b: Charizard|77/100
|move|p1b: Garchomp|Earthquake|p2b: Charizard|[spread] p1a
|-activate|p2a: Maushold|move: Protect
|-immune|p2b: Charizard
|-resisted|p1a: Whimsicott|1
|-damage|p1a: Whimsicott|59/100
|-damage|p1b: Garchomp|90/100|[from] item: Life Orb
|
|upkeep
|turn|2
|inactive|funntymann has 30 seconds left.
|
|t:|1783163476
|detailschange|p2b: Charizard|Charizard-Mega-Y, L50, F
|-mega|p2b: Charizard|Charizard|Charizardite Y
|-weather|SunnyDay|[from] ability: Drought|[of] p2b: Charizard
|move|p2b: Charizard|Protect|p2b: Charizard
|-singleturn|p2b: Charizard|Protect
|move|p1a: Whimsicott|Encore|p2a: Maushold
|-start|p2a: Maushold|Encore
|move|p2a: Maushold|Protect||[still]
|-fail|p2a: Maushold
|move|p1b: Garchomp|Rock Slide|p2a: Maushold|[spread] p2a
|-activate|p2b: Charizard|move: Protect
|-damage|p2a: Maushold|67/100
|-damage|p1b: Garchomp|80/100|[from] item: Life Orb
|
|-weather|SunnyDay|[upkeep]
|upkeep
|turn|3
|inactive|MAngelKR8 has 30 seconds left.
|inactive|MAngelKR8 has 20 seconds left.
|inactive|MAngelKR8 has 15 seconds left.
|inactive|MAngelKR8 has 10 seconds left.
|inactive|MAngelKR8 has 5 seconds left.
|
|t:|1783163527
|switch|p2b: Kingambit|Kingambit, L50, M|100/100
|move|p1a: Whimsicott|Protect|p1a: Whimsicott
|-singleturn|p1a: Whimsicott|Protect
|move|p2a: Maushold|Protect|p2a: Maushold
|-singleturn|p2a: Maushold|Protect
|move|p1b: Garchomp|Rock Slide|p2b: Kingambit|[spread] p2b
|-activate|p2a: Maushold|move: Protect
|-resisted|p2b: Kingambit|1
|-damage|p2b: Kingambit|91/100
|-damage|p1b: Garchomp|71/100|[from] item: Life Orb
|
|-weather|SunnyDay|[upkeep]
|upkeep
|turn|4
|inactive|MAngelKR8 has 30 seconds left.
|
|t:|1783163553
|switch|p1a: Charizard|Charizard, L50, F|100/100
|switch|p2a: Charizard|Charizard-Mega-Y, L50, F|77/100
|move|p2b: Kingambit|Sucker Punch|p1b: Garchomp
|-damage|p1b: Garchomp|20/100y
|-damage|p2b: Kingambit|79/100|[from] ability: Rough Skin|[of] p1b: Garchomp
|move|p1b: Garchomp|Earthquake|p2b: Kingambit|[spread] p2b
|-immune|p1a: Charizard
|-immune|p2a: Charizard
|-supereffective|p2b: Kingambit|1
|-damage|p2b: Kingambit|12/100
|-damage|p1b: Garchomp|11/100|[from] item: Life Orb
|
|-weather|SunnyDay|[upkeep]
|upkeep
|turn|5
|
|t:|1783163570
|detailschange|p1a: Charizard|Charizard-Mega-Y, L50, F
|-mega|p1a: Charizard|Charizard|Charizardite Y
|move|p1b: Garchomp|Protect|p1b: Garchomp
|-singleturn|p1b: Garchomp|Protect
|move|p2b: Kingambit|Sucker Punch||[still]
|-fail|p2b: Kingambit
|move|p1a: Charizard|Weather Ball|p2a: Charizard
|-resisted|p2a: Charizard|1
|-damage|p2a: Charizard|39/100
|move|p2a: Charizard|Heat Wave|p1b: Garchomp|[spread] p1a
|-activate|p1b: Garchomp|move: Protect
|-resisted|p1a: Charizard|1
|-damage|p1a: Charizard|70/100
|
|-weather|SunnyDay|[upkeep]
|upkeep
|turn|6
|inactive|MAngelKR8 has 30 seconds left.
|inactive|MAngelKR8 has 20 seconds left.
|inactive|MAngelKR8 has 15 seconds left.
|inactive|MAngelKR8 has 10 seconds left.
|inactive|MAngelKR8 has 5 seconds left.
|
|t:|1783163625
|move|p2b: Kingambit|Sucker Punch|p1b: Garchomp
|-damage|p1b: Garchomp|0 fnt
|-damage|p2b: Kingambit|0 fnt|[from] ability: Rough Skin|[of] p1b: Garchomp
|faint|p1b: Garchomp
|faint|p2b: Kingambit
|move|p1a: Charizard|Weather Ball|p2a: Charizard
|-resisted|p2a: Charizard|1
|-damage|p2a: Charizard|0 fnt
|faint|p2a: Charizard
|
|-weather|none
|upkeep
|
|t:|1783163645
|switch|p1b: Basculegion|Basculegion, L50, M|100/100
|switch|p2a: Maushold|Maushold-Four, L50|67/100
|switch|p2b: Garchomp|Garchomp, L50, F|100/100
|turn|7
|
|t:|1783163665
|switch|p1a: Whimsicott|Whimsicott, L50, F|59/100
|move|p2a: Maushold|Follow Me|p2a: Maushold
|-singleturn|p2a: Maushold|move: Follow Me
|move|p2b: Garchomp|Rock Slide|p1a: Whimsicott|[spread] p1a,p1b
|-damage|p1a: Whimsicott|18/100
|-damage|p1b: Basculegion|72/100
|-damage|p2b: Garchomp|90/100|[from] item: Life Orb
|move|p1b: Basculegion|Wave Crash|p2a: Maushold
|-damage|p2a: Maushold|0 fnt
|faint|p2a: Maushold
|-damage|p1b: Basculegion|53/100|[from] Recoil
|
|upkeep
|turn|8
|inactive|funntymann has 30 seconds left.
|inactive|funntymann has 20 seconds left.
|
|t:|1783163704
|move|p1a: Whimsicott|Moonblast|p2b: Garchomp
|-supereffective|p2b: Garchomp|1
|-damage|p2b: Garchomp|8/100
|move|p2b: Garchomp|Rock Slide|p1b: Basculegion|[spread] p1a,p1b
|-damage|p1a: Whimsicott|0 fnt
|-damage|p1b: Basculegion|27/100
|faint|p1a: Whimsicott
|-damage|p2b: Garchomp|0 fnt|[from] item: Life Orb
|faint|p2b: Garchomp
|
|win|MAngelKR8
|raw|MAngelKR8's rating: 1171 → 1197(+26 for winning)
|raw|funntymann's rating: 1179 → 1153(-26 for losing)
|l|☆MAngelKR8
|player|p1|
|j| yanjingxiaojie
