|j|☆bphind722
|j|☆applejuice1738
|html|bphind722applejuice1738    
|uhtml|bestof|Game 1 of a best-of-3
|t:|1784332884
|gametype|doubles
|player|p1|bphind722|265|
|player|p2|applejuice1738|170|
|gen|9
|tier|[Gen 9 Champions] VGC 2026 Reg M-B (Bo3)
|rule|Species Clause: Limit one of each Pokémon
|rule|Item Clause: Limit 1 of each item
|clearpoke
|poke|p1|Charizard, L50, M, shiny|
|poke|p1|Rotom-Mow, L50, shiny|
|poke|p1|Tinkaton, L50, F, shiny|
|poke|p1|Milotic, L50, F, shiny|
|poke|p1|Weavile, L50, M, shiny|
|poke|p1|Greninja, L50, M, shiny|
|poke|p2|Torterra, L50, M|
|poke|p2|Annihilape, L50, M, shiny|
|poke|p2|Metagross, L50, shiny|
|poke|p2|Goodra-Hisui, L50, F|
|poke|p2|Mawile, L50, F|
|poke|p2|Runerigus, L50, M, shiny|
|teampreview|4
|showteam|p1|Charizard||CharizarditeY|Blaze|HeatWave,SolarBeam,Protect,Roost|Timid||M|||50|]Rotom-Mow||ChoiceScarf|Levitate|VoltSwitch,LeafStorm,Thunderbolt,WillOWisp|Hasty|||||50|]Tinkaton||Leftovers|MoldBreaker|FakeOut,GigatonHammer,Protect,KnockOff|Jolly||F|||50|]Milotic||LifeOrb|Competitive|Scald,Recover,Protect,IceBeam|Timid||F|||50|]Weavile||FocusSash|Pressure|Protect,IceShard,FakeOut,KnockOff|Jolly||M|||50|]Greninja||ExpertBelt|Protean|HydroPump,IceBeam,DarkPulse,Protect|Timid||M|||50|
|showteam|p2|Torterra||LifeOrb|ShellArmor|Earthquake,WoodHammer,LeafStorm,Protect|Relaxed||M|||50|]Annihilape||ChoiceScarf|Defiant|CloseCombat,IcePunch,BrickBreak,Protect|Jolly||M|||50|]Metagross||Metagrossite|ClearBody|MeteorMash,Earthquake,BodyPress,Protect|Jolly|||||50|]Goodra-Hisui||BlackBelt|Gooey|BodyPress,Shelter,Protect,ThunderPunch|Relaxed||F|||50|]Mawile||Mawilite|Intimidate|RockSlide,BrickBreak,FoulPlay,FireFang|Adamant||F|||50|]Runerigus||Leftovers|WanderingSpirit|Protect,WillOWisp,GigaDrain,CalmMind|Bold||M|||50|
|j| NewTrainaOnDaBlock
|j| PJG4487
|l| PJG4487
|
|t:|1784333056
|teamsize|p1|4
|teamsize|p2|4
|start
|switch|p1a: Rotom|Rotom-Mow, L50, shiny|100/100
|switch|p1b: Tinkaton|Tinkaton, L50, F, shiny|100/100
|switch|p2a: GOAT|Torterra, L50, M|100/100
|switch|p2b: Funky Fella|Runerigus, L50, M, shiny|100/100
|-ability|p1b: Tinkaton|Mold Breaker
|turn|1
|
|t:|1784333100
|switch|p2a: Goopy Goop|Goodra-Hisui, L50, F|100/100
|move|p2b: Funky Fella|Protect|p2b: Funky Fella
|-singleturn|p2b: Funky Fella|Protect
|move|p1b: Tinkaton|Fake Out|p2a: Goopy Goop
|-resisted|p2a: Goopy Goop|1
|-damage|p2a: Goopy Goop|96/100
|-ability|p2a: Goopy Goop|Gooey
|-unboost|p1b: Tinkaton|spe|1
|move|p1a: Rotom|Leaf Storm|p2b: Funky Fella
|-activate|p2b: Funky Fella|move: Protect
|
|upkeep
|turn|2
|
|t:|1784333143
|move|p1a: Rotom|Leaf Storm|p2b: Funky Fella
|-supereffective|p2b: Funky Fella|1
|-damage|p2b: Funky Fella|0 fnt
|-unboost|p1a: Rotom|spa|2
|faint|p2b: Funky Fella
|move|p1b: Tinkaton|Knock Off|p2a: Goopy Goop
|-damage|p2a: Goopy Goop|79/100
|-ability|p2a: Goopy Goop|Gooey
|-unboost|p1b: Tinkaton|spe|1
|-enditem|p2a: Goopy Goop|Black Belt|[from] move: Knock Off|[of] p1b: Tinkaton
|move|p2a: Goopy Goop|Shelter|p2a: Goopy Goop
|-boost|p2a: Goopy Goop|def|2
|
|upkeep
|
|t:|1784333160
|switch|p2b: AURA|Metagross, L50, shiny|100/100
|turn|3
|
|t:|1784333172
|switch|p1a: Greninja|Greninja, L50, M, shiny|100/100
|move|p1b: Tinkaton|Protect|p1b: Tinkaton
|-singleturn|p1b: Tinkaton|Protect
|move|p2b: AURA|Earthquake|p1a: Greninja|[spread] p2a,p1a
|-activate|p1b: Tinkaton|move: Protect
|-supereffective|p2a: Goopy Goop|1
|-damage|p2a: Goopy Goop|62/100
|-damage|p1a: Greninja|53/100
|move|p2a: Goopy Goop|Body Press|p1a: Greninja
|-supereffective|p1a: Greninja|1
|-damage|p1a: Greninja|0 fnt
|faint|p1a: Greninja
|
|upkeep
|
|t:|1784333189
|switch|p1a: Charizard|Charizard, L50, M, shiny|100/100
|turn|4
|
|t:|1784333206
|switch|p1b: Rotom|Rotom-Mow, L50, shiny|100/100
|detailschange|p1a: Charizard|Charizard-Mega-Y, L50, M, shiny
|-mega|p1a: Charizard|Charizard|Charizardite Y
|-weather|SunnyDay|[from] ability: Drought|[of] p1a: Charizard
|move|p2b: AURA|Protect|p2b: AURA
|-singleturn|p2b: AURA|Protect
|move|p1a: Charizard|Heat Wave|p2a: Goopy Goop|[spread] p2a
|-activate|p2b: AURA|move: Protect
|-damage|p2a: Goopy Goop|18/100
|move|p2a: Goopy Goop|Body Press|p1b: Rotom
|-damage|p1b: Rotom|23/100
|
|-weather|SunnyDay|[upkeep]
|upkeep
|turn|5
|
|t:|1784333234
|detailschange|p2b: AURA|Metagross-Mega, L50, shiny
|-mega|p2b: AURA|Metagross|Metagrossite
|move|p2a: Goopy Goop|Protect|p2a: Goopy Goop
|-singleturn|p2a: Goopy Goop|Protect
|move|p1b: Rotom|Volt Switch|p2b: AURA
|-damage|p2b: AURA|67/100
|
|t:|1784333240
|switch|p1b: Tinkaton|Tinkaton, L50, F, shiny|100/100|[from] Volt Switch
|-ability|p1b: Tinkaton|Mold Breaker
|move|p2b: AURA|Body Press|p1a: Charizard
|-resisted|p1a: Charizard|1
|-damage|p1a: Charizard|75/100
|move|p1a: Charizard|Heat Wave|p2a: Goopy Goop|[spread] 
|-activate|p2a: Goopy Goop|move: Protect
|-miss|p1a: Charizard|p2b: AURA
|
|-weather|SunnyDay|[upkeep]
|upkeep
|turn|6
|
|t:|1784333256
|move|p1b: Tinkaton|Fake Out|p2b: AURA
|-resisted|p2b: AURA|1
|-damage|p2b: AURA|63/100
|cant|p2b: AURA|flinch
|move|p1a: Charizard|Heat Wave|p2b: AURA|[spread] p2b
|-miss|p1a: Charizard|p2a: Goopy Goop
|-supereffective|p2b: AURA|1
|-damage|p2b: AURA|0 fnt
|faint|p2b: AURA
|move|p2a: Goopy Goop|Body Press|p1b: Tinkaton
|-damage|p1b: Tinkaton|29/100
|
|-weather|SunnyDay|[upkeep]
|-heal|p1b: Tinkaton|35/100|[from] item: Leftovers
|upkeep
|
|t:|1784333269
|switch|p2b: GOAT|Torterra, L50, M|100/100
|turn|7
|
|t:|1784333281
|move|p1a: Charizard|Heat Wave|p2a: Goopy Goop|[spread] p2a,p2b
|-supereffective|p2b: GOAT|1
|-damage|p2a: Goopy Goop|0 fnt
|-damage|p2b: GOAT|0 fnt
|faint|p2a: Goopy Goop
|faint|p2b: GOAT
|
|win|bphind722
|inactive|bphind722 has 30 seconds to confirm battle start!
|inactive|applejuice1738 has 30 seconds to confirm battle start!
|inactive|bphind722 has 20 seconds to confirm battle start!
|inactive|applejuice1738 has 20 seconds to confirm battle start!
|inactive|bphind722 has 10 seconds to confirm battle start!
|inactive|applejuice1738 has 10 seconds to confirm battle start!
|uhtml|next|Next: Game 2 of 3
