|j|☆WildTamer
|j|☆Senli
|html|WildTamerSenli    
|uhtml|bestof|Game 3 of a best-of-3
|t:|1785925622
|gametype|doubles
|player|p1|WildTamer|102|1034
|player|p2|Senli|florian-bb|1089
|gen|9
|tier|[Gen 9 Champions] VGC 2026 Reg M-B (Bo3)
|rated|
|rule|Species Clause: Limit one of each Pokémon
|rule|Item Clause: Limit 1 of each item
|clearpoke
|poke|p1|Greninja, L50, F|
|poke|p1|Ninetales-Alola, L50, F|
|poke|p1|Sneasler, L50, M|
|poke|p1|Scizor, L50, M|
|poke|p1|Glimmora, L50, F|
|poke|p1|Incineroar, L50, F|
|poke|p2|Raichu, L50, M, shiny|
|poke|p2|Staraptor, L50, M|
|poke|p2|Arcanine-Hisui, L50, M, shiny|
|poke|p2|Farigiraf, L50, F, shiny|
|poke|p2|Sylveon, L50, F|
|poke|p2|Kingambit, L50, M|
|teampreview|4
|showteam|p1|Greninja||Greninjite|Protean|Blizzard,Surf,DarkPulse,Protect|Naive||F|||50|]Ninetales-Alola||OccaBerry|SnowWarning|AuroraVeil,FreezeDry,Protect,Blizzard|Timid||F|||50|]Sneasler||WhiteHerb|Unburden|DireClaw,CloseCombat,Protect,FakeOut|Adamant||M|||50|]Scizor||Scizorite|Technician|BulletPunch,SwordsDance,BugBite,Protect|Adamant||M|||50|]Glimmora||FocusSash|ToxicDebris|EnergyBall,PowerGem,SludgeBomb,EarthPower|Modest||F|||50|]Incineroar||SitrusBerry|Intimidate|FakeOut,FlareBlitz,ThroatChop,PartingShot|Impish||F|||50|
|showteam|p2|Raichu||RaichuniteY|LightningRod|ZapCannon,FocusBlast,FakeOut,Protect|Timid||M|||50|]Staraptor||Staraptite|Intimidate|CloseCombat,DualWingbeat,Tailwind,Protect|Jolly||M|||50|]Arcanine-Hisui||FocusSash|RockHead|FlareBlitz,HeadSmash,ExtremeSpeed,Protect|Jolly||M|||50|]Farigiraf||SitrusBerry|ArmorTail|Psychic,HelpingHand,TrickRoom,Protect|Calm||F|||50|]Sylveon||FairyFeather|Pixilate|HyperVoice,QuickAttack,HyperBeam,Detect|Modest||F|||50|]Kingambit||LifeOrb|Defiant|KowtowCleave,SuckerPunch,SwordsDance,Protect|Adamant||M|||50|
|inactive|Battle timer is ON: inactive players will automatically lose when time's up. (requested by Senli)
|inactive|WildTamer has 60 seconds left.
|
|t:|1785925673
|teamsize|p1|4
|teamsize|p2|4
|start
|switch|p1a: Ninetales|Ninetales-Alola, L50, F|100/100
|switch|p1b: Scizor|Scizor, L50, M|100/100
|switch|p2a: Raichu|Raichu, L50, M, shiny|100/100
|switch|p2b: Arcanine|Arcanine-Hisui, L50, M, shiny|100/100
|-weather|Snowscape|[from] ability: Snow Warning|[of] p1a: Ninetales
|turn|1
|
|t:|1785925692
|switch|p1b: Incineroar|Incineroar, L50, F|100/100
|-ability|p1b: Incineroar|Intimidate|boost
|-unboost|p2a: Raichu|atk|1
|-unboost|p2b: Arcanine|atk|1
|detailschange|p2a: Raichu|Raichu-Mega-Y, L50, M, shiny
|-mega|p2a: Raichu|Raichu|Raichunite Y
|move|p2a: Raichu|Zap Cannon|p1a: Ninetales
|-damage|p1a: Ninetales|18/100
|-status|p1a: Ninetales|par
|move|p2b: Arcanine|Flare Blitz|p1b: Incineroar
|-resisted|p1b: Incineroar|1
|-damage|p1b: Incineroar|86/100
|move|p1a: Ninetales|Aurora Veil|p1a: Ninetales
|-sidestart|p1: WildTamer|move: Aurora Veil
|
|-weather|Snowscape|[upkeep]
|upkeep
|turn|2
|inactive|WildTamer has 30 seconds left.
|inactive|WildTamer has 20 seconds left.
|inactive|WildTamer has 15 seconds left.
|
|t:|1785925734
|switch|p1a: Glimmora|Glimmora, L50, F|100/100
|move|p2a: Raichu|Focus Blast|p1b: Incineroar
|-supereffective|p1b: Incineroar|1
|-damage|p1b: Incineroar|35/100
|-enditem|p1b: Incineroar|Sitrus Berry|[eat]
|-heal|p1b: Incineroar|59/100|[from] item: Sitrus Berry
|move|p2b: Arcanine|Head Smash|p1b: Incineroar
|-supereffective|p1b: Incineroar|1
|-damage|p1b: Incineroar|8/100
|move|p1b: Incineroar|Parting Shot|p2a: Raichu
|-unboost|p2a: Raichu|atk|1
|-unboost|p2a: Raichu|spa|1
|
|t:|1785925748
|switch|p1b: Scizor|Scizor, L50, M|100/100|[from] Parting Shot
|
|-weather|Snowscape|[upkeep]
|upkeep
|turn|3
|inactive|WildTamer has 30 seconds left.
|
|t:|1785925781
|switch|p2a: Farigiraf|Farigiraf, L50, F, shiny|100/100
|switch|p1b: Incineroar|Incineroar, L50, F|8/100
|-ability|p1b: Incineroar|Intimidate|boost
|-unboost|p2a: Farigiraf|atk|1
|-unboost|p2b: Arcanine|atk|1
|move|p2b: Arcanine|Flare Blitz|p1b: Incineroar
|-resisted|p1b: Incineroar|1
|-damage|p1b: Incineroar|1/100
|move|p1a: Glimmora|Earth Power|p2a: Farigiraf
|-damage|p2a: Farigiraf|73/100
|
|-weather|Snowscape|[upkeep]
|upkeep
|turn|4
|
|t:|1785925804
|switch|p2b: Kingambit|Kingambit, L50, M|100/100
|move|p1a: Glimmora|Earth Power|p2b: Kingambit
|-supereffective|p2b: Kingambit|1
|-damage|p2b: Kingambit|32/100
|move|p1b: Incineroar|Throat Chop|p2a: Farigiraf
|-supereffective|p2a: Farigiraf|1
|-damage|p2a: Farigiraf|16/100
|-start|p2a: Farigiraf|Throat Chop|[silent]
|-enditem|p2a: Farigiraf|Sitrus Berry|[eat]
|-heal|p2a: Farigiraf|41/100|[from] item: Sitrus Berry
|move|p2a: Farigiraf|Psychic|p1a: Glimmora
|-supereffective|p1a: Glimmora|1
|-damage|p1a: Glimmora|41/100
|
|-weather|Snowscape|[upkeep]
|upkeep
|turn|5
|
|t:|1785925826
|move|p2a: Farigiraf|Protect|p2a: Farigiraf
|-singleturn|p2a: Farigiraf|Protect
|move|p2b: Kingambit|Sucker Punch|p1a: Glimmora
|-damage|p1a: Glimmora|0 fnt
|-activate|p1a: Glimmora|ability: Toxic Debris
|-sidestart|p2: Senli|move: Toxic Spikes
|faint|p1a: Glimmora
|-damage|p2b: Kingambit|22/100|[from] item: Life Orb
|move|p1b: Incineroar|Throat Chop|p2a: Farigiraf
|-activate|p2a: Farigiraf|move: Protect
|
|-weather|none
|-end|p2a: Farigiraf|Throat Chop|[silent]
|-sideend|p1: WildTamer|move: Aurora Veil
|upkeep
|
|t:|1785925832
|switch|p1a: Scizor|Scizor, L50, M|100/100
|turn|6
|inactive|Senli has 30 seconds left.
|
|t:|1785925857
|detailschange|p1a: Scizor|Scizor-Mega, L50, M
|-mega|p1a: Scizor|Scizor|Scizorite
|move|p2b: Kingambit|Sucker Punch|p1b: Incineroar
|-resisted|p1b: Incineroar|1
|-damage|p1b: Incineroar|0 fnt
|faint|p1b: Incineroar
|-damage|p2b: Kingambit|13/100|[from] item: Life Orb
|move|p1a: Scizor|Swords Dance|p1a: Scizor
|-boost|p1a: Scizor|atk|2
|move|p2a: Farigiraf|Psychic|p1a: Scizor
|-resisted|p1a: Scizor|1
|-damage|p1a: Scizor|82/100
|
|upkeep
|
|t:|1785925862
|switch|p1b: Ninetales|Ninetales-Alola, L50, F|18/100 par
|-weather|Snowscape|[from] ability: Snow Warning|[of] p1b: Ninetales
|turn|7
|
|t:|1785925875
|move|p2b: Kingambit|Sucker Punch||[still]
|-fail|p2b: Kingambit
|move|p1a: Scizor|Bug Bite|p2a: Farigiraf
|-supereffective|p2a: Farigiraf|1
|-damage|p2a: Farigiraf|0 fnt
|faint|p2a: Farigiraf
|move|p1b: Ninetales|Aurora Veil|p1b: Ninetales
|-sidestart|p1: WildTamer|move: Aurora Veil
|
|-weather|Snowscape|[upkeep]
|upkeep
|
|t:|1785925882
|switch|p2a: Arcanine|Arcanine-Hisui, L50, M, shiny|100/100
|-status|p2a: Arcanine|psn
|turn|8
|inactive|WildTamer has 30 seconds left.
|inactive|WildTamer has 20 seconds left.
|inactive|WildTamer has 15 seconds left.
|inactive|WildTamer has 10 seconds left.
|inactive|WildTamer has 5 seconds left.
|
|t:|1785925934
|move|p1a: Scizor|Bullet Punch|p2b: Kingambit
|-resisted|p2b: Kingambit|1
|-damage|p2b: Kingambit|0 fnt
|faint|p2b: Kingambit
|move|p2a: Arcanine|Flare Blitz|p1a: Scizor
|-supereffective|p1a: Scizor|2
|-damage|p1a: Scizor|0 fnt
|faint|p1a: Scizor
|cant|p1b: Ninetales|par
|
|-weather|Snowscape|[upkeep]
|-damage|p2a: Arcanine|87/100 psn|[from] psn
|upkeep
|
|t:|1785925941
|switch|p2b: Raichu|Raichu-Mega-Y, L50, M, shiny|100/100
|-status|p2b: Raichu|psn
|turn|9
|-message|WildTamer forfeited.
|raw|WildTamer's rating: 1034 → 1021(-13 for losing)
|raw|Senli's rating: 1089 → 1111(+22 for winning)
|
|win|Senli
|l|☆WildTamer
|player|p1|
