|j|☆Luna_walking
|j|☆yairmeron
|html|Luna_walkingyairmeron    
|uhtml|bestof|Game 2 of a best-of-3
|t:|1786109011
|gametype|doubles
|player|p1|Luna_walking|265|1143
|player|p2|yairmeron|170|1100
|gen|9
|tier|[Gen 9 Champions] VGC 2026 Reg M-B (Bo3)
|rated|
|rule|Species Clause: Limit one of each Pokémon
|rule|Item Clause: Limit 1 of each item
|clearpoke
|poke|p1|Charizard, L50, F|
|poke|p1|Floette-Eternal, L50, F|
|poke|p1|Whimsicott, L50, M|
|poke|p1|Incineroar, L50, M|
|poke|p1|Basculegion, L50, M|
|poke|p1|Garchomp, L50, M|
|poke|p2|Raichu, L50, F|
|poke|p2|Archaludon, L50, M|
|poke|p2|Pelipper, L50, M|
|poke|p2|Basculegion, L50, M|
|poke|p2|Corviknight, L50, M|
|poke|p2|Incineroar, L50, M|
|teampreview|4
|showteam|p1|Charizard||CharizarditeY|Blaze|HeatWave,WeatherBall,SolarBeam,Protect|Modest||F|||50|]Floette-Eternal||Floettite|FlowerVeil|Moonblast,DazzlingGleam,LightofRuin,Protect|Modest||F|||50|]Whimsicott||FocusSash|Prankster|Moonblast,Encore,Tailwind,Protect|Timid||M|||50|]Incineroar||SitrusBerry|Intimidate|FlareBlitz,DarkestLariat,PartingShot,FakeOut|Adamant||M|||50|]Basculegion||MysticWater|Adaptability|WaveCrash,LastRespects,AquaJet,Protect|Adamant||M|||50|]Garchomp||LifeOrb|RoughSkin|DragonClaw,Earthquake,Protect,RockSlide|Jolly||M|||50|
|showteam|p2|Raichu||RaichuniteY|LightningRod|FakeOut,Encore,Protect,ZapCannon|Timid||F|||50|]Archaludon||Leftovers|Stamina|ElectroShot,FlashCannon,Protect,DragonPulse|Modest||M|||50|]Pelipper||FocusSash|Drizzle|Hurricane,WeatherBall,Protect,Tailwind|Modest||M|||50|]Basculegion||LifeOrb|SwiftSwim|WaveCrash,LastRespects,AquaJet,FlipTurn|Adamant||M|||50|]Corviknight||OccaBerry|MirrorArmor|IronDefense,IronHead,BodyPress,Protect|Adamant||M|||50|]Incineroar||ChopleBerry|Intimidate|FakeOut,PartingShot,FlareBlitz,DarkestLariat|Adamant||M|||50|
|inactive|Battle timer is ON: inactive players will automatically lose when time's up. (requested by yairmeron)
|
|t:|1786109028
|teamsize|p1|4
|teamsize|p2|4
|start
|switch|p1a: Garchomp|Garchomp, L50, M|100/100
|switch|p1b: Whimsicott|Whimsicott, L50, M|100/100
|switch|p2a: Raichu|Raichu, L50, F|100/100
|switch|p2b: Corviknight|Corviknight, L50, M|100/100
|turn|1
|
|t:|1786109045
|detailschange|p2a: Raichu|Raichu-Mega-Y, L50, F
|-mega|p2a: Raichu|Raichu|Raichunite Y
|move|p1b: Whimsicott|Protect|p1b: Whimsicott
|-singleturn|p1b: Whimsicott|Protect
|move|p2a: Raichu|Zap Cannon|p1b: Whimsicott
|-activate|p1b: Whimsicott|move: Protect
|move|p1a: Garchomp|Earthquake|p2b: Corviknight|[spread] p2a
|-activate|p1b: Whimsicott|move: Protect
|-immune|p2b: Corviknight
|-supereffective|p2a: Raichu|1
|-damage|p2a: Raichu|0 fnt
|faint|p2a: Raichu
|-damage|p1a: Garchomp|90/100|[from] item: Life Orb
|move|p2b: Corviknight|Iron Defense|p2b: Corviknight
|-boost|p2b: Corviknight|def|2
|
|upkeep
|
|t:|1786109063
|switch|p2a: Pelipper|Pelipper, L50, M|100/100
|-weather|RainDance|[from] ability: Drizzle|[of] p2a: Pelipper
|turn|2
|
|t:|1786109073
|move|p1b: Whimsicott|Encore|p2b: Corviknight
|-start|p2b: Corviknight|Encore
|move|p1a: Garchomp|Rock Slide|p2a: Pelipper|[spread] p2a,p2b
|-supereffective|p2a: Pelipper|1
|-damage|p2a: Pelipper|32/100
|-damage|p2b: Corviknight|89/100
|-damage|p1a: Garchomp|80/100|[from] item: Life Orb
|cant|p2a: Pelipper|flinch
|move|p2b: Corviknight|Iron Defense|p2b: Corviknight
|-boost|p2b: Corviknight|def|2
|
|-weather|RainDance|[upkeep]
|upkeep
|turn|3
|c|☆yairmeron|Gg
|inactive|yairmeron has 30 seconds left.
|
|t:|1786109101
|move|p1b: Whimsicott|Tailwind|p1b: Whimsicott
|-sidestart|p1: Luna_walking|move: Tailwind
|move|p1a: Garchomp|Rock Slide|p2a: Pelipper|[spread] p2a,p2b
|-supereffective|p2a: Pelipper|1
|-damage|p2a: Pelipper|0 fnt
|-damage|p2b: Corviknight|80/100
|faint|p2a: Pelipper
|-damage|p1a: Garchomp|70/100|[from] item: Life Orb
|move|p2b: Corviknight|Iron Defense|p2b: Corviknight
|-boost|p2b: Corviknight|def|2
|
|-weather|RainDance|[upkeep]
|upkeep
|
|t:|1786109113
|switch|p2a: Basculegion|Basculegion, L50, M|100/100
|turn|4
|
|t:|1786109122
|move|p1b: Whimsicott|Moonblast|p2a: Basculegion
|-damage|p2a: Basculegion|64/100
|-unboost|p2a: Basculegion|spa|1
|move|p1a: Garchomp|Earthquake|p2b: Corviknight|[spread] p1b,p2a
|-immune|p2b: Corviknight
|-resisted|p1b: Whimsicott|1
|-damage|p1b: Whimsicott|62/100
|-damage|p2a: Basculegion|1/100
|-damage|p1a: Garchomp|60/100|[from] item: Life Orb
|move|p2a: Basculegion|Last Respects|p1a: Garchomp
|-damage|p1a: Garchomp|0 fnt
|faint|p1a: Garchomp
|-damage|p2a: Basculegion|0 fnt|[from] item: Life Orb
|faint|p2a: Basculegion
|move|p2b: Corviknight|Iron Defense|p2b: Corviknight
|-boost|p2b: Corviknight|def|0
|
|-weather|RainDance|[upkeep]
|-end|p2b: Corviknight|Encore
|upkeep
|
|t:|1786109140
|switch|p1a: Charizard|Charizard, L50, F|100/100
|turn|5
|
|t:|1786109151
|detailschange|p1a: Charizard|Charizard-Mega-Y, L50, F
|-mega|p1a: Charizard|Charizard|Charizardite Y
|-weather|SunnyDay|[from] ability: Drought|[of] p1a: Charizard
|move|p1b: Whimsicott|Encore|p2b: Corviknight
|-start|p2b: Corviknight|Encore
|move|p1a: Charizard|Weather Ball|p2b: Corviknight
|-supereffective|p2b: Corviknight|1
|-enditem|p2b: Corviknight|Occa Berry|[eat]
|-enditem|p2b: Corviknight|Occa Berry|[weaken]
|-damage|p2b: Corviknight|0 fnt
|faint|p2b: Corviknight
|
|win|Luna_walking
|raw|Luna_walking's rating: 1143 → 1165(+22 for winning)
|raw|yairmeron's rating: 1100 → 1078(-22 for losing)
