|j|☆endk649
|j|☆barium56dood
|html|endk649barium56dood    
|uhtml|bestof|Game 2 of a best-of-3
|t:|1756987323
|gametype|doubles
|player|p1|endk649|gambler|1123
|player|p2|barium56dood|backersf|1083
|gen|9
|tier|[Gen 9] VGC 2025 Reg H (Bo3)
|rated|
|rule|Species Clause: Limit one of each Pokémon
|rule|Item Clause: Limit 1 of each item
|clearpoke
|poke|p1|Feraligatr, L50, M|
|poke|p1|Kommo-o, L50, M|
|poke|p1|Politoed, L50, M|
|poke|p1|Rillaboom, L50, M|
|poke|p1|Incineroar, L50, F|
|poke|p1|Amoonguss, L50, M|
|poke|p2|Tinkaton, L50, F|
|poke|p2|Amoonguss, L50, M|
|poke|p2|Indeedee-F, L50, F|
|poke|p2|Dondozo, L50, F|
|poke|p2|Tatsugiri, L50, F|
|poke|p2|Whimsicott, L50, M|
|teampreview|4
|showteam|p1|Feraligatr||LifeOrb|SheerForce|Liquidation,Crunch,DragonDance,Protect|||M|||50|,,,,,Dark]Kommo-o||ThroatSpray|Soundproof|ClangingScales,AuraSphere,ClangorousSoul,Protect|||M|||50|,,,,,Fairy]Politoed||SitrusBerry|Drizzle|WeatherBall,IcyWind,Haze,Protect|||M|||50|,,,,,Grass]Rillaboom||AssaultVest|GrassySurge|WoodHammer,GrassyGlide,FakeOut,Uturn|||M|||50|,,,,,Fire]Incineroar||SafetyGoggles|Intimidate|KnockOff,FakeOut,Taunt,PartingShot|||F|||50|,,,,,Ghost]Amoonguss||CovertCloak|Regenerator|PollenPuff,Spore,RagePowder,Protect|||M|||50|,,,,,Water
|showteam|p2|Tinkaton||AssaultVest|OwnTempo|FakeOut,KnockOff,GigatonHammer,PlayRough|||F|||50|,,,,,Fairy]Amoonguss||RockyHelmet|Regenerator|Spore,SludgeBomb,RagePowder,Protect|||M|||50|,,,,,Water]Indeedee-F||SafetyGoggles|PsychicSurge|TrickRoom,FollowMe,Protect,Psychic|||F|||50|,,,,,Fairy]Dondozo||Leftovers|Unaware|OrderUp,WaveCrash,Earthquake,Protect|||F|||50|,,,,,Grass]Tatsugiri||ChoiceScarf|Commander|MuddyWater,IcyWind,DracoMeteor,DragonPulse|||F|||50|,,,,,Dragon]Whimsicott||CovertCloak|Prankster|Tailwind,Taunt,Moonblast,Encore|||M|||50|,,,,,Dark
|inactive|Battle timer is ON: inactive players will automatically lose when time's up. (requested by barium56dood)
|
|t:|1756987349
|teamsize|p1|4
|teamsize|p2|4
|start
|switch|p1a: Incineroar|Incineroar, L50, F, shiny|100/100
|switch|p1b: Amoonguss|Amoonguss, L50, M|100/100
|switch|p2a: Tinkaton|Tinkaton, L50, F|100/100
|switch|p2b: Whimsicott|Whimsicott, L50, M|100/100
|-ability|p1a: Incineroar|Intimidate|boost
|-fail|p2a: Tinkaton|unboost|Attack|[from] ability: Own Tempo|[of] p2a: Tinkaton
|-unboost|p2b: Whimsicott|atk|1
|turn|1
|
|t:|1756987372
|move|p2a: Tinkaton|Fake Out|p1a: Incineroar
|-damage|p1a: Incineroar|92/100
|move|p2b: Whimsicott|Tailwind|p2b: Whimsicott
|-sidestart|p2: barium56dood|move: Tailwind
|cant|p1a: Incineroar|flinch
|move|p1b: Amoonguss|Spore|p2a: Tinkaton
|-status|p2a: Tinkaton|slp|[from] move: Spore
|
|upkeep
|turn|2
|
|t:|1756987386
|switch|p1b: Rillaboom|Rillaboom, L50, M, shiny|100/100
|-fieldstart|move: Grassy Terrain|[from] ability: Grassy Surge|[of] p1b: Rillaboom
|move|p2b: Whimsicott|Taunt|p1b: Rillaboom
|-start|p1b: Rillaboom|move: Taunt
|cant|p2a: Tinkaton|slp
|move|p1a: Incineroar|Taunt|p2b: Whimsicott
|-start|p2b: Whimsicott|move: Taunt
|
|-heal|p1a: Incineroar|98/100|[from] Grassy Terrain
|upkeep
|turn|3
|
|t:|1756987397
|move|p2b: Whimsicott|Moonblast|p1a: Incineroar
|-damage|p1a: Incineroar|72/100
|-unboost|p1a: Incineroar|spa|1
|cant|p2a: Tinkaton|slp
|move|p1b: Rillaboom|Wood Hammer|p2b: Whimsicott
|-resisted|p2b: Whimsicott
|-damage|p2b: Whimsicott|45/100
|-damage|p1b: Rillaboom|88/100|[from] Recoil
|move|p1a: Incineroar|Knock Off|p2b: Whimsicott
|-resisted|p2b: Whimsicott
|-damage|p2b: Whimsicott|17/100
|-enditem|p2b: Whimsicott|Covert Cloak|[from] move: Knock Off|[of] p1a: Incineroar
|
|-heal|p2b: Whimsicott|23/100|[from] Grassy Terrain
|-heal|p1b: Rillaboom|94/100|[from] Grassy Terrain
|-heal|p1a: Incineroar|78/100|[from] Grassy Terrain
|upkeep
|turn|4
|inactive|barium56dood has 30 seconds left.
|
|t:|1756987423
|move|p2b: Whimsicott|Moonblast|p1a: Incineroar
|-damage|p1a: Incineroar|51/100
|-curestatus|p2a: Tinkaton|slp|[msg]
|move|p2a: Tinkaton|Gigaton Hammer|p1a: Incineroar
|-resisted|p1a: Incineroar
|-damage|p1a: Incineroar|24/100
|move|p1b: Rillaboom|U-turn|p2b: Whimsicott
|-damage|p2b: Whimsicott|0 fnt
|faint|p2b: Whimsicott
|
|t:|1756987426
|switch|p1b: Amoonguss|Amoonguss, L50, M|100/100|[from] U-turn
|move|p1a: Incineroar|Parting Shot|p2a: Tinkaton
|-unboost|p2a: Tinkaton|atk|1
|-unboost|p2a: Tinkaton|spa|1
|
|t:|1756987428
|switch|p1a: Rillaboom|Rillaboom, L50, M, shiny|94/100|[from] Parting Shot
|
|-heal|p1a: Rillaboom|99/100|[from] Grassy Terrain
|-sideend|p2: barium56dood|move: Tailwind
|upkeep
|
|t:|1756987447
|switch|p2b: Dondozo|Dondozo, L50, F|100/100
|turn|5
|
|t:|1756987465
|switch|p2a: Tatsugiri|Tatsugiri, L50, F|100/100
|-activate|p2a: Tatsugiri|ability: Commander|[of] p2b: Dondozo
|-boost|p2b: Dondozo|atk|2
|-boost|p2b: Dondozo|spa|2
|-boost|p2b: Dondozo|spe|2
|-boost|p2b: Dondozo|def|2
|-boost|p2b: Dondozo|spd|2
|-terastallize|p2b: Dondozo|Grass
|move|p1a: Rillaboom|Fake Out|p2b: Dondozo
|-damage|p2b: Dondozo|95/100
|cant|p2b: Dondozo|flinch
|move|p1b: Amoonguss|Spore|p2a: Tatsugiri|[miss]
|-miss|p1b: Amoonguss|p2a: Tatsugiri
|
|-heal|p1a: Rillaboom|100/100|[from] Grassy Terrain
|-heal|p2b: Dondozo|100/100|[from] Grassy Terrain
|upkeep
|turn|6
|
|t:|1756987479
|move|p1a: Rillaboom|U-turn|p2b: Dondozo
|-supereffective|p2b: Dondozo
|-damage|p2b: Dondozo|82/100
|
|t:|1756987481
|switch|p1a: Incineroar|Incineroar, L50, F, shiny|24/100|[from] U-turn
|-ability|p1a: Incineroar|Intimidate|boost
|-unboost|p2a: Tatsugiri|atk|1
|-unboost|p2b: Dondozo|atk|1
|move|p2b: Dondozo|Wave Crash|p1b: Amoonguss
|-resisted|p1b: Amoonguss
|-damage|p1b: Amoonguss|64/100
|-damage|p2b: Dondozo|70/100|[from] Recoil
|move|p1b: Amoonguss|Pollen Puff|p1a: Incineroar
|-heal|p1a: Incineroar|74/100
|
|-heal|p2b: Dondozo|76/100|[from] Grassy Terrain
|-heal|p2b: Dondozo|82/100|[from] item: Leftovers
|-heal|p1a: Incineroar|80/100|[from] Grassy Terrain
|-heal|p1b: Amoonguss|70/100|[from] Grassy Terrain
|-fieldend|move: Grassy Terrain
|upkeep
|turn|7
|
|t:|1756987491
|switch|p1b: Rillaboom|Rillaboom, L50, M, shiny|100/100
|-fieldstart|move: Grassy Terrain|[from] ability: Grassy Surge|[of] p1b: Rillaboom
|move|p1a: Incineroar|Fake Out|p2b: Dondozo
|-damage|p2b: Dondozo|78/100
|cant|p2b: Dondozo|flinch
|
|-heal|p2b: Dondozo|85/100|[from] Grassy Terrain
|-heal|p2b: Dondozo|91/100|[from] item: Leftovers
|-heal|p1a: Incineroar|86/100|[from] Grassy Terrain
|upkeep
|turn|8
|
|t:|1756987504
|move|p1b: Rillaboom|Fake Out|p2b: Dondozo
|-damage|p2b: Dondozo|86/100
|cant|p2b: Dondozo|flinch
|move|p1a: Incineroar|Parting Shot|p2b: Dondozo
|-unboost|p2b: Dondozo|atk|1
|-unboost|p2b: Dondozo|spa|1
|
|t:|1756987506
|switch|p1a: Amoonguss|Amoonguss, L50, M|100/100|[from] Parting Shot
|
|-heal|p2b: Dondozo|92/100|[from] Grassy Terrain
|-heal|p2b: Dondozo|98/100|[from] item: Leftovers
|upkeep
|turn|9
|
|t:|1756987509
|move|p1b: Rillaboom|U-turn|p2b: Dondozo
|-supereffective|p2b: Dondozo
|-damage|p2b: Dondozo|81/100
|
|t:|1756987511
|switch|p1b: Incineroar|Incineroar, L50, F, shiny|86/100|[from] U-turn
|-ability|p1b: Incineroar|Intimidate|boost
|-unboost|p2a: Tatsugiri|atk|1
|-unboost|p2b: Dondozo|atk|1
|move|p2b: Dondozo|Order Up|p1a: Amoonguss
|-damage|p1a: Amoonguss|86/100
|-boost|p2b: Dondozo|atk|1
|move|p1a: Amoonguss|Pollen Puff|p1b: Incineroar
|-heal|p1b: Incineroar|100/100
|
|-heal|p2b: Dondozo|87/100|[from] Grassy Terrain
|-heal|p2b: Dondozo|93/100|[from] item: Leftovers
|-heal|p1a: Amoonguss|92/100|[from] Grassy Terrain
|upkeep
|turn|10
|
|t:|1756987532
|-terastallize|p1b: Incineroar|Ghost
|move|p2b: Dondozo|Order Up|p1a: Amoonguss
|-damage|p1a: Amoonguss|70/100
|-boost|p2b: Dondozo|atk|1
|move|p1b: Incineroar|Knock Off|p2b: Dondozo
|-damage|p2b: Dondozo|81/100
|-enditem|p2b: Dondozo|Leftovers|[from] move: Knock Off|[of] p1b: Incineroar
|move|p1a: Amoonguss|Pollen Puff|p1b: Incineroar
|
|-heal|p2b: Dondozo|87/100|[from] Grassy Terrain
|-heal|p1a: Amoonguss|76/100|[from] Grassy Terrain
|upkeep
|turn|11
|
|t:|1756987546
|move|p2b: Dondozo|Order Up|p1b: Incineroar
|-damage|p1b: Incineroar|68/100
|-boost|p2b: Dondozo|atk|1
|move|p1b: Incineroar|Parting Shot|p2b: Dondozo
|-unboost|p2b: Dondozo|atk|1
|-unboost|p2b: Dondozo|spa|1
|
|t:|1756987548
|switch|p1b: Politoed|Politoed, L50, M|100/100|[from] Parting Shot
|-weather|RainDance|[from] ability: Drizzle|[of] p1b: Politoed
|move|p1a: Amoonguss|Pollen Puff|p1b: Politoed
|
|-weather|RainDance|[upkeep]
|-heal|p2b: Dondozo|93/100|[from] Grassy Terrain
|-heal|p1a: Amoonguss|82/100|[from] Grassy Terrain
|-fieldend|move: Grassy Terrain
|upkeep
|turn|12
|
|t:|1756987557
|switch|p1a: Rillaboom|Rillaboom, L50, M, shiny|100/100
|-fieldstart|move: Grassy Terrain|[from] ability: Grassy Surge|[of] p1a: Rillaboom
|move|p1b: Politoed|Haze|p1b: Politoed
|-clearallboost
|move|p2b: Dondozo|Order Up|p1b: Politoed
|-damage|p1b: Politoed|68/100
|-boost|p2b: Dondozo|atk|1
|
|-weather|RainDance|[upkeep]
|-heal|p1b: Politoed|74/100|[from] Grassy Terrain
|-heal|p2b: Dondozo|99/100|[from] Grassy Terrain
|upkeep
|turn|13
|
|t:|1756987568
|move|p2b: Dondozo|Protect|p2b: Dondozo
|-singleturn|p2b: Dondozo|Protect
|move|p1a: Rillaboom|Fake Out|p2b: Dondozo
|-activate|p2b: Dondozo|move: Protect
|move|p1b: Politoed|Icy Wind|p2b: Dondozo|[spread] 
|-miss|p1b: Politoed|p2a: Tatsugiri
|-activate|p2b: Dondozo|move: Protect
|
|-weather|RainDance|[upkeep]
|-heal|p1b: Politoed|81/100|[from] Grassy Terrain
|-heal|p2b: Dondozo|100/100|[from] Grassy Terrain
|upkeep
|turn|14
|
|t:|1756987572
|move|p1b: Politoed|Icy Wind|p2a: Tatsugiri|[spread] p2b
|-miss|p1b: Politoed|p2a: Tatsugiri
|-supereffective|p2b: Dondozo
|-damage|p2b: Dondozo|78/100
|-unboost|p2b: Dondozo|spe|1
|move|p1a: Rillaboom|U-turn|p2b: Dondozo
|-supereffective|p2b: Dondozo
|-damage|p2b: Dondozo|41/100
|
|t:|1756987575
|switch|p1a: Incineroar|Incineroar, L50, F, shiny, tera:Ghost|68/100|[from] U-turn
|-ability|p1a: Incineroar|Intimidate|boost
|-unboost|p2a: Tatsugiri|atk|1
|-unboost|p2b: Dondozo|atk|1
|move|p2b: Dondozo|Wave Crash|p1a: Incineroar
|-damage|p1a: Incineroar|0 fnt
|faint|p1a: Incineroar
|-damage|p2b: Dondozo|21/100|[from] Recoil
|
|-weather|RainDance|[upkeep]
|-heal|p1b: Politoed|87/100|[from] Grassy Terrain
|-heal|p2b: Dondozo|27/100|[from] Grassy Terrain
|upkeep
|
|t:|1756987577
|switch|p1a: Rillaboom|Rillaboom, L50, M, shiny|100/100
|turn|15
|
|t:|1756987589
|move|p2b: Dondozo|Protect|p2b: Dondozo
|-singleturn|p2b: Dondozo|Protect
|move|p1b: Politoed|Icy Wind|p2a: Tatsugiri|[spread] 
|-miss|p1b: Politoed|p2a: Tatsugiri
|-activate|p2b: Dondozo|move: Protect
|move|p1a: Rillaboom|Wood Hammer|p2a: Tatsugiri|[miss]
|-miss|p1a: Rillaboom|p2a: Tatsugiri
|
|-weather|none
|-heal|p1b: Politoed|93/100|[from] Grassy Terrain
|-heal|p2b: Dondozo|34/100|[from] Grassy Terrain
|upkeep
|turn|16
|
|t:|1756987606
|switch|p1b: Amoonguss|Amoonguss, L50, M|100/100
|move|p1a: Rillaboom|U-turn|p2b: Dondozo
|-supereffective|p2b: Dondozo
|-damage|p2b: Dondozo|0 fnt
|faint|p2b: Dondozo
|
|t:|1756987607
|switch|p1a: Politoed|Politoed, L50, M|93/100|[from] U-turn
|-weather|RainDance|[from] ability: Drizzle|[of] p1a: Politoed
|
|-weather|RainDance|[upkeep]
|-heal|p1a: Politoed|99/100|[from] Grassy Terrain
|-fieldend|move: Grassy Terrain
|upkeep
|
|t:|1756987611
|switch|p2b: Tinkaton|Tinkaton, L50, F|100/100
|turn|17
|inactive|barium56dood has 30 seconds left.
|inactive|barium56dood has 20 seconds left.
|inactive|barium56dood has 15 seconds left.
|
|t:|1756987652
|move|p1a: Politoed|Protect|p1a: Politoed
|-singleturn|p1a: Politoed|Protect
|move|p1b: Amoonguss|Protect|p1b: Amoonguss
|-singleturn|p1b: Amoonguss|Protect
|move|p2b: Tinkaton|Fake Out|p1a: Politoed
|-activate|p1a: Politoed|move: Protect
|move|p2a: Tatsugiri|Draco Meteor|p1b: Amoonguss
|-activate|p1b: Amoonguss|move: Protect
|
|-weather|RainDance|[upkeep]
|upkeep
|turn|18
|
|t:|1756987664
|move|p1b: Amoonguss|Rage Powder|p1b: Amoonguss
|-singleturn|p1b: Amoonguss|move: Rage Powder
|move|p2a: Tatsugiri|Draco Meteor|p1b: Amoonguss
|-damage|p1b: Amoonguss|35/100
|-unboost|p2a: Tatsugiri|spa|2
|move|p2b: Tinkaton|Gigaton Hammer|p1b: Amoonguss
|-damage|p1b: Amoonguss|0 fnt
|faint|p1b: Amoonguss
|move|p1a: Politoed|Icy Wind|p2a: Tatsugiri|[spread] p2a,p2b
|-resisted|p2b: Tinkaton
|-crit|p2b: Tinkaton
|-damage|p2a: Tatsugiri|86/100
|-damage|p2b: Tinkaton|94/100
|-unboost|p2a: Tatsugiri|spe|1
|-unboost|p2b: Tinkaton|spe|1
|
|-weather|RainDance|[upkeep]
|upkeep
|
|t:|1756987666
|switch|p1b: Rillaboom|Rillaboom, L50, M, shiny|100/100
|-fieldstart|move: Grassy Terrain|[from] ability: Grassy Surge|[of] p1b: Rillaboom
|turn|19
|
|t:|1756987684
|move|p2a: Tatsugiri|Draco Meteor|p1b: Rillaboom|[miss]
|-miss|p2a: Tatsugiri|p1b: Rillaboom
|move|p1a: Politoed|Weather Ball|p2b: Tinkaton
|-damage|p2b: Tinkaton|43/100
|move|p1b: Rillaboom|Wood Hammer|p2a: Tatsugiri
|-damage|p2a: Tatsugiri|0 fnt
|faint|p2a: Tatsugiri
|-damage|p1b: Rillaboom|81/100|[from] Recoil
|move|p2b: Tinkaton|Knock Off|p1a: Politoed
|-damage|p1a: Politoed|71/100
|-enditem|p1a: Politoed|Sitrus Berry|[from] move: Knock Off|[of] p2b: Tinkaton
|
|-weather|RainDance|[upkeep]
|-heal|p1a: Politoed|77/100|[from] Grassy Terrain
|-heal|p1b: Rillaboom|87/100|[from] Grassy Terrain
|-heal|p2b: Tinkaton|49/100|[from] Grassy Terrain
|upkeep
|turn|20
|
|t:|1756987696
|move|p1a: Politoed|Weather Ball|p2b: Tinkaton
|-damage|p2b: Tinkaton|2/100
|move|p1b: Rillaboom|Wood Hammer|p2b: Tinkaton
|-resisted|p2b: Tinkaton
|-damage|p2b: Tinkaton|0 fnt
|faint|p2b: Tinkaton
|-damage|p1b: Rillaboom|86/100|[from] Recoil
|
|win|endk649
|raw|endk649's rating: 1123 → 1145(+22 for winning)
|raw|barium56dood's rating: 1083 → 1063(-20 for losing)
