|j|☆treb clef
|j|☆joey
|html|treb clefjoey    
|uhtml|bestof|Game 1 of a best-of-3
|t:|1784399882
|gametype|doubles
|player|p1|treb clef|clay|
|player|p2|joey|#gcplgrapes|
|gen|9
|tier|[Gen 9 Champions] VGC 2026 Reg M-B (Bo3)
|rule|Species Clause: Limit one of each Pokémon
|rule|Item Clause: Limit 1 of each item
|clearpoke
|poke|p1|Floette-Eternal, L50, F|
|poke|p1|Milotic, L50, M|
|poke|p1|Grimmsnarl, L50, M|
|poke|p1|Hydreigon, L50, F|
|poke|p1|Staraptor, L50, M|
|poke|p1|Arcanine-Hisui, L50, F|
|poke|p2|Charizard, L50, M|
|poke|p2|Maushold, L50|
|poke|p2|Annihilape, L50, F|
|poke|p2|Simipour, L50, F, shiny|
|poke|p2|Venusaur, L50, M|
|poke|p2|Skarmory, L50, M|
|teampreview|4
|showteam|p1|Floette-Eternal||Floettite|FlowerVeil|DrainingKiss,DazzlingGleam,Protect,CalmMind|Modest||F|||50|]Milotic||Leftovers|Competitive|LifeDew,IcyWind,Scald,Protect|Bold||M|||50|]Grimmsnarl||LightClay|Prankster|LightScreen,Reflect,ScaryFace,SpiritBreak|Careful||M|||50|]Hydreigon||DragonFang|Levitate|Taunt,Tailwind,Snarl,DracoMeteor|Timid||F|||50|]Staraptor||Staraptite|Intimidate|Protect,Roost,CloseCombat,BraveBird|Jolly||M|||50|]Arcanine-Hisui||ChoiceScarf|RockHead|WillOWisp,RockSlide,FlareBlitz,HeadSmash|Jolly||F|||50|
|showteam|p2|Charizard||CharizarditeY|Blaze|HeatWave,WeatherBall,SolarBeam,Protect|Timid||M|||50|]Maushold||WideLens|FriendGuard|BeatUp,PopulationBomb,FollowMe,Protect|Jolly|||||50|]Annihilape||RoseliBerry|Defiant|RageFist,DrainPunch,BulkUp,Protect|Adamant||F|||50|]Simipour||FocusSash|Torrent|FakeOut,Scald,IcyWind,Protect|Timid||F|||50|]Venusaur||LifeOrb|Chlorophyll|SludgeBomb,GigaDrain,EarthPower,Protect|Modest||M|||50|]Skarmory||Skarmorite|KeenEye|IronHead,BraveBird,SwordsDance,Protect|Jolly||M|||50|
|inactive|Battle timer is ON: inactive players will automatically lose when time's up. (requested by joey)
|inactiveoff|Battle timer is now OFF.
|j| Milkshook♡
|c| Milkshook♡|why do u have totter's team?
|
|t:|1784399970
|teamsize|p1|4
|teamsize|p2|4
|start
|switch|p1a: Grimmsnarl|Grimmsnarl, L50, M|100/100
|switch|p1b: Floette|Floette-Eternal, L50, F|100/100
|switch|p2a: Incineroаr|Simipour, L50, F, shiny|100/100
|switch|p2b: Skam|Skarmory, L50, M|100/100
|turn|1
|
|t:|1784400029
|switch|p1b: Hydreigon|Hydreigon, L50, F|100/100
|detailschange|p2b: Skam|Skarmory-Mega, L50, M
|-mega|p2b: Skam|Skarmory|Skarmorite
|move|p2a: Incineroаr|Fake Out|p1a: Grimmsnarl
|-damage|p1a: Grimmsnarl|89/100
|cant|p1a: Grimmsnarl|flinch
|move|p2b: Skam|Swords Dance|p2b: Skam
|-boost|p2b: Skam|atk|2
|
|upkeep
|turn|2
|
|t:|1784400072
|move|p1a: Grimmsnarl|Reflect|p1a: Grimmsnarl
|-sidestart|p1: treb clef|Reflect
|move|p2b: Skam|Iron Head|p1b: Hydreigon
|-damage|p1b: Hydreigon|28/100
|move|p2a: Incineroаr|Icy Wind|p1a: Grimmsnarl|[spread] p1a,p1b
|-supereffective|p1b: Hydreigon|1
|-crit|p1b: Hydreigon
|-damage|p1a: Grimmsnarl|81/100
|-damage|p1b: Hydreigon|0 fnt
|-unboost|p1a: Grimmsnarl|spe|1
|faint|p1b: Hydreigon
|
|upkeep
|
|t:|1784400101
|switch|p1b: Floette|Floette-Eternal, L50, F|100/100
|turn|3
|c| Milkshook♡|what if u had hydro cannon
|
|t:|1784400165
|detailschange|p1b: Floette|Floette-Mega, L50, F
|-mega|p1b: Floette|Floette|Floettite
|-ability|p1b: Floette|Fairy Aura
|move|p2b: Skam|Iron Head|p1b: Floette
|-supereffective|p1b: Floette|1
|-damage|p1b: Floette|0 fnt
|faint|p1b: Floette
|move|p2a: Incineroаr|Icy Wind|p1a: Grimmsnarl
|-damage|p1a: Grimmsnarl|70/100
|-unboost|p1a: Grimmsnarl|spe|1
|move|p1a: Grimmsnarl|Spirit Break|p2a: Incineroаr
|-damage|p2a: Incineroаr|56/100
|-unboost|p2a: Incineroаr|spa|1
|
|upkeep
|
|t:|1784400172
|switch|p1b: Arcanine|Arcanine-Hisui, L50, F|100/100
|turn|4
|
|t:|1784400208
|move|p2b: Skam|Protect|p2b: Skam
|-singleturn|p2b: Skam|Protect
|move|p1b: Arcanine|Head Smash|p2a: Incineroаr
|-damage|p2a: Incineroаr|0 fnt
|faint|p2a: Incineroаr
|move|p1a: Grimmsnarl|Spirit Break|p2b: Skam
|-activate|p2b: Skam|move: Protect
|
|upkeep
|
|t:|1784400219
|switch|p2a: Determinate|Annihilape, L50, F|100/100
|turn|5
|
|t:|1784400235
|move|p1b: Arcanine|Head Smash|p2b: Skam
|-damage|p2b: Skam|12/100
|move|p2b: Skam|Iron Head|p1b: Arcanine
|-damage|p1b: Arcanine|28/100
|move|p2a: Determinate|Bulk Up|p2a: Determinate
|-boost|p2a: Determinate|atk|1
|-boost|p2a: Determinate|def|1
|move|p1a: Grimmsnarl|Spirit Break|p2b: Skam
|-resisted|p2b: Skam|1
|-damage|p2b: Skam|0 fnt
|faint|p2b: Skam
|
|upkeep
|
|t:|1784400245
|switch|p2b: Rizz God|Charizard, L50, M|100/100
|turn|6
|
|t:|1784400265
|move|p2b: Rizz God|Protect|p2b: Rizz God
|-singleturn|p2b: Rizz God|Protect
|move|p1b: Arcanine|Head Smash|p2a: Determinate
|-resisted|p2a: Determinate|1
|-damage|p2a: Determinate|76/100
|move|p2a: Determinate|Drain Punch|p1b: Arcanine
|-supereffective|p1b: Arcanine|1
|-damage|p1b: Arcanine|0 fnt
|-heal|p2a: Determinate|88/100|[from] drain|[of] p1b: Arcanine
|faint|p1b: Arcanine
|move|p1a: Grimmsnarl|Spirit Break|p2a: Determinate
|-supereffective|p2a: Determinate|1
|-enditem|p2a: Determinate|Roseli Berry|[eat]
|-enditem|p2a: Determinate|Roseli Berry|[weaken]
|-damage|p2a: Determinate|68/100
|-unboost|p2a: Determinate|spa|1
|-ability|p2a: Determinate|Defiant|boost
|-boost|p2a: Determinate|atk|2
|
|upkeep
|turn|7
|
|t:|1784400285
|move|p1a: Grimmsnarl|Light Screen|p1a: Grimmsnarl
|-sidestart|p1: treb clef|move: Light Screen
|move|p2b: Rizz God|Heat Wave|p1a: Grimmsnarl
|-damage|p1a: Grimmsnarl|47/100
|move|p2a: Determinate|Drain Punch|p1a: Grimmsnarl
|-damage|p1a: Grimmsnarl|0 fnt
|-heal|p2a: Determinate|90/100|[from] drain|[of] p1a: Grimmsnarl
|faint|p1a: Grimmsnarl
|
|win|joey
||treb clef is ready for game 2.
||joey is ready for game 2.
|uhtml|next|Next: Game 2 of 3
|l| Milkshook♡
