|j|☆sturmkitten69
|j|☆Stereofloveeee
|html|sturmkitten69Stereofloveeee    
|uhtml|bestof|Game 1 of a best-of-3
|t:|1785907797
|gametype|doubles
|player|p1|sturmkitten69|fisherman-gen4|1188
|player|p2|Stereofloveeee|170|1262
|gen|9
|tier|[Gen 9 Champions] VGC 2026 Reg M-B (Bo3)
|rated|
|rule|Species Clause: Limit one of each Pokémon
|rule|Item Clause: Limit 1 of each item
|clearpoke
|poke|p1|Talonflame, L50, F|
|poke|p1|Chesnaught, L50, M, shiny|
|poke|p1|Incineroar, L50, M, shiny|
|poke|p1|Blastoise, L50, M|
|poke|p1|Sylveon, L50, F|
|poke|p1|Gengar, L50, M|
|poke|p2|Excadrill, L50, F|
|poke|p2|Tyranitar, L50, F, shiny|
|poke|p2|Sinistcha, L50|
|poke|p2|Milotic, L50, F, shiny|
|poke|p2|Gholdengo, L50|
|poke|p2|Staraptor, L50, F, shiny|
|teampreview|4
|showteam|p1|Talonflame||LifeOrb|GaleWings|BraveBird,Overheat,Tailwind,Protect|Naive||F|||50|]Chesnaught||Leftovers|Bulletproof|WideGuard,BodyPress,WoodHammer,SpikyShield|Impish||M|||50|]Incineroar||PasshoBerry|Intimidate|FakeOut,PartingShot,ThroatChop,FlareBlitz|Impish||M|||50|]Blastoise||Blastoisinite|Torrent|AuraSphere,Protect,DarkPulse,WaterSpout|Modest||M|||50|]Sylveon||FairyFeather|Pixilate|HyperVoice,HyperBeam,Protect,QuickAttack|Modest||F|||50|]Gengar||Gengarite|CursedBody|ShadowBall,PerishSong,Disable,Protect|Timid||M|||50|
|showteam|p2|Excadrill||FocusSash|SandRush|HighHorsepower,Protect,RockSlide,IronHead|Adamant||F|||50|]Tyranitar||Tyranitarite|SandStream|RockSlide,KnockOff,Protect,LowKick|Adamant||F|||50|]Sinistcha||SitrusBerry|Hospitality|MatchaGotcha,LifeDew,RagePowder,ShadowBall|Modest|||||50|]Milotic||Leftovers|Competitive|Scald,IceBeam,IcyWind,Protect|Quiet||F|||50|]Gholdengo||LifeOrb|GoodasGold|MakeItRain,NastyPlot,ShadowBall,Protect|Timid|||||50|]Staraptor||Staraptite|Intimidate|BraveBird,CloseCombat,Tailwind,Protect|Jolly||F|||50|
|inactive|Battle timer is ON: inactive players will automatically lose when time's up. (requested by sturmkitten69)
|inactive|sturmkitten69 has 60 seconds left.
|
|t:|1785907860
|teamsize|p1|4
|teamsize|p2|4
|start
|switch|p1a: Chesnaught|Chesnaught, L50, M, shiny|100/100
|switch|p1b: Incineroar|Incineroar, L50, M, shiny|100/100
|switch|p2a: Gholdengo|Gholdengo, L50|100/100
|switch|p2b: Staraptor|Staraptor, L50, F, shiny|100/100
|-ability|p2b: Staraptor|Intimidate|boost
|-unboost|p1a: Chesnaught|atk|1
|-unboost|p1b: Incineroar|atk|1
|-ability|p1b: Incineroar|Intimidate|boost
|-unboost|p2a: Gholdengo|atk|1
|-unboost|p2b: Staraptor|atk|1
|turn|1
|inactive|sturmkitten69 has 30 seconds left.
|inactive|Stereofloveeee has 30 seconds left.
|inactive|Stereofloveeee has 20 seconds left.
|inactive|Stereofloveeee has 15 seconds left.
|inactive|Stereofloveeee has 10 seconds left.
|inactive|Stereofloveeee has 5 seconds left.
|
|t:|1785907910
|switch|p1a: Sylveon|Sylveon, L50, F|100/100
|detailschange|p2b: Staraptor|Staraptor-Mega, L50, F, shiny
|-mega|p2b: Staraptor|Staraptor|Staraptite
|move|p2b: Staraptor|Close Combat|p1b: Incineroar
|-supereffective|p1b: Incineroar|1
|-damage|p1b: Incineroar|40/100
|-boost|p2b: Staraptor|def|1
|-boost|p2b: Staraptor|spd|1
|move|p2a: Gholdengo|Nasty Plot|p2a: Gholdengo
|-boost|p2a: Gholdengo|spa|2
|move|p1b: Incineroar|Flare Blitz|p2a: Gholdengo
|-supereffective|p2a: Gholdengo|1
|-damage|p2a: Gholdengo|23/100
|-damage|p1b: Incineroar|19/100|[from] Recoil
|
|upkeep
|turn|2
|inactive|sturmkitten69 has 30 seconds left.
|inactive|Stereofloveeee has 30 seconds left.
|inactive|sturmkitten69 has 20 seconds left.
|inactive|Stereofloveeee has 20 seconds left.
|inactive|sturmkitten69 has 15 seconds left.
|inactive|Stereofloveeee has 15 seconds left.
|
|t:|1785907953
|move|p1a: Sylveon|Protect|p1a: Sylveon
|-singleturn|p1a: Sylveon|Protect
|move|p2b: Staraptor|Tailwind|p2b: Staraptor
|-sidestart|p2: Stereofloveeee|move: Tailwind
|move|p2a: Gholdengo|Shadow Ball|p1b: Incineroar
|-resisted|p1b: Incineroar|1
|-damage|p1b: Incineroar|0 fnt
|faint|p1b: Incineroar
|-damage|p2a: Gholdengo|13/100|[from] item: Life Orb
|
|upkeep
|
|t:|1785907962
|switch|p1b: Chesnaught|Chesnaught, L50, M, shiny|100/100
|turn|3
|
|t:|1785907978
|move|p1b: Chesnaught|Spiky Shield|p1b: Chesnaught
|-singleturn|p1b: Chesnaught|move: Protect
|move|p2b: Staraptor|Brave Bird|p1b: Chesnaught
|-activate|p1b: Chesnaught|move: Protect
|-damage|p2b: Staraptor|87/100|[from] Spiky Shield|[of] p1b: Chesnaught
|move|p2a: Gholdengo|Make It Rain|p1b: Chesnaught|[spread] 
|-activate|p1b: Chesnaught|move: Protect
|-miss|p2a: Gholdengo|p1a: Sylveon
|move|p1a: Sylveon|Hyper Voice|p2a: Gholdengo|[spread] p2a,p2b
|-resisted|p2a: Gholdengo|1
|-supereffective|p2b: Staraptor|1
|-crit|p2b: Staraptor
|-damage|p2a: Gholdengo|0 fnt
|-damage|p2b: Staraptor|0 fnt
|faint|p2a: Gholdengo
|faint|p2b: Staraptor
|
|upkeep
|
|t:|1785907996
|switch|p2b: Tyranitar|Tyranitar, L50, F, shiny|100/100
|switch|p2a: Excadrill|Excadrill, L50, F|100/100
|-weather|Sandstorm|[from] ability: Sand Stream|[of] p2b: Tyranitar
|turn|4
|
|t:|1785908013
|move|p2b: Tyranitar|Protect|p2b: Tyranitar
|-singleturn|p2b: Tyranitar|Protect
|move|p1a: Sylveon|Protect|p1a: Sylveon
|-singleturn|p1a: Sylveon|Protect
|move|p2a: Excadrill|Iron Head|p1a: Sylveon
|-activate|p1a: Sylveon|move: Protect
|move|p1b: Chesnaught|Body Press|p2b: Tyranitar
|-activate|p2b: Tyranitar|move: Protect
|
|-weather|Sandstorm|[upkeep]
|-damage|p1a: Sylveon|93/100|[from] Sandstorm
|-damage|p1b: Chesnaught|93/100|[from] Sandstorm
|-heal|p1b: Chesnaught|100/100|[from] item: Leftovers
|upkeep
|turn|5
|inactive|Stereofloveeee has 30 seconds left.
|inactive|Stereofloveeee has 20 seconds left.
|inactive|Stereofloveeee has 15 seconds left.
|
|t:|1785908054
|switch|p1a: Blastoise|Blastoise, L50, M|100/100
|move|p2a: Excadrill|Iron Head|p1b: Chesnaught
|-damage|p1b: Chesnaught|71/100
|move|p2b: Tyranitar|Low Kick|p1b: Chesnaught
|-damage|p1b: Chesnaught|53/100
|move|p1b: Chesnaught|Body Press|p2b: Tyranitar
|-supereffective|p2b: Tyranitar|2
|-damage|p2b: Tyranitar|0 fnt
|faint|p2b: Tyranitar
|
|-weather|Sandstorm|[upkeep]
|-damage|p1a: Blastoise|93/100|[from] Sandstorm
|-damage|p1b: Chesnaught|47/100|[from] Sandstorm
|-heal|p1b: Chesnaught|53/100|[from] item: Leftovers
|-sideend|p2: Stereofloveeee|move: Tailwind
|upkeep
|turn|6
|
|t:|1785908075
|detailschange|p1a: Blastoise|Blastoise-Mega, L50, M
|-mega|p1a: Blastoise|Blastoise|Blastoisinite
|move|p1b: Chesnaught|Spiky Shield|p1b: Chesnaught
|-singleturn|p1b: Chesnaught|move: Protect
|move|p2a: Excadrill|Rock Slide|p1b: Chesnaught|[spread] p1a
|-activate|p1b: Chesnaught|move: Protect
|-damage|p1a: Blastoise|74/100
|cant|p1a: Blastoise|flinch
|
|-weather|Sandstorm|[upkeep]
|-damage|p1a: Blastoise|67/100|[from] Sandstorm
|-damage|p1b: Chesnaught|47/100|[from] Sandstorm
|-heal|p1b: Chesnaught|53/100|[from] item: Leftovers
|upkeep
|turn|7
|
|t:|1785908091
|move|p2a: Excadrill|Rock Slide|p1b: Chesnaught|[spread] p1a,p1b
|-resisted|p1b: Chesnaught|1
|-damage|p1a: Blastoise|49/100
|-damage|p1b: Chesnaught|46/100
|cant|p1a: Blastoise|flinch
|cant|p1b: Chesnaught|flinch
|
|-weather|Sandstorm|[upkeep]
|-damage|p1a: Blastoise|43/100|[from] Sandstorm
|-damage|p1b: Chesnaught|40/100|[from] Sandstorm
|-heal|p1b: Chesnaught|46/100|[from] item: Leftovers
|upkeep
|turn|8
|inactive|Stereofloveeee has 30 seconds left.
|inactive|Stereofloveeee has 20 seconds left.
|
|t:|1785908129
|move|p1b: Chesnaught|Wide Guard|p1b: Chesnaught
|-singleturn|p1b: Chesnaught|Wide Guard
|move|p2a: Excadrill|Iron Head|p1b: Chesnaught
|-damage|p1b: Chesnaught|20/100y
|move|p1a: Blastoise|Aura Sphere|p2a: Excadrill
|-supereffective|p2a: Excadrill|1
|-enditem|p2a: Excadrill|Focus Sash
|-damage|p2a: Excadrill|1/100
|
|-weather|none
|-heal|p1b: Chesnaught|26/100|[from] item: Leftovers
|upkeep
|turn|9
|
|t:|1785908144
|move|p1b: Chesnaught|Wide Guard|p1b: Chesnaught
|-singleturn|p1b: Chesnaught|Wide Guard
|move|p2a: Excadrill|Rock Slide|p1b: Chesnaught|[spread] 
|-activate|p1a: Blastoise|move: Wide Guard
|-activate|p1b: Chesnaught|move: Wide Guard
|move|p1a: Blastoise|Aura Sphere|p2a: Excadrill
|-supereffective|p2a: Excadrill|1
|-damage|p2a: Excadrill|0 fnt
|faint|p2a: Excadrill
|
|win|sturmkitten69
||Stereofloveeee is ready for game 2.
||sturmkitten69 is ready for game 2.
|uhtml|next|Next: Game 2 of 3
