|j|☆testdigi
|j|☆tamagotchai-01
|html|testdigitamagotchai-01    
|uhtml|bestof|Game 2 of a best-of-3
|t:|1784893526
|gametype|doubles
|player|p1|testdigi|101|1091
|player|p2|tamagotchai-01|266|1096
|gen|9
|tier|[Gen 9 Champions] VGC 2026 Reg M-B (Bo3)
|rated|
|rule|Species Clause: Limit one of each Pokémon
|rule|Item Clause: Limit 1 of each item
|clearpoke
|poke|p1|Raichu, L50, M|
|poke|p1|Toxapex, L50, F|
|poke|p1|Mamoswine, L50, F|
|poke|p1|Sylveon, L50, M|
|poke|p1|Corviknight, L50, F|
|poke|p1|Basculegion, L50, M|
|poke|p2|Floette-Eternal, L50, F|
|poke|p2|Charizard, L50, F|
|poke|p2|Whimsicott, L50, M|
|poke|p2|Garchomp, L50, M|
|poke|p2|Basculegion, L50, M|
|poke|p2|Kingambit, L50, M|
|teampreview|4
|showteam|p1|Raichu||RaichuniteY|LightningRod|ZapCannon,FocusBlast,FakeOut,Protect|Timid||M|||50|]Toxapex||Leftovers|Regenerator|Infestation,Toxic,WideGuard,BanefulBunker|Relaxed||F|||50|]Mamoswine||LifeOrb|Oblivious|StompingTantrum,IceShard,RockSlide,Protect|Adamant||F|||50|]Sylveon||FairyFeather|Pixilate|HyperVoice,QuickAttack,Yawn,Detect|Modest||M|||50|]Corviknight||OccaBerry|MirrorArmor|IronHead,BraveBird,Tailwind,Protect|Adamant||F|||50|]Basculegion||FocusSash|Adaptability|LastRespects,Liquidation,AquaJet,Protect|Adamant||M|||50|
|showteam|p2|Floette-Eternal||Floettite|FlowerVeil|Moonblast,DazzlingGleam,LightofRuin,Protect|Modest||F|||50|]Charizard||CharizarditeY|SolarPower|HeatWave,SolarBeam,WeatherBall,Protect|Modest||F|||50|]Whimsicott||FocusSash|Prankster|Moonblast,Tailwind,Encore,Protect|Timid||M|||50|]Garchomp||RoseliBerry|RoughSkin|StompingTantrum,DragonClaw,PoisonJab,RockSlide|Adamant||M|||50|]Basculegion||LifeOrb|Adaptability|WaveCrash,LastRespects,AquaJet,Protect|Adamant||M|||50|]Kingambit||OccaBerry|Defiant|KowtowCleave,LowKick,SuckerPunch,IronHead|Adamant||M|||50|
|inactive|Battle timer is ON: inactive players will automatically lose when time's up. (requested by tamagotchai-01)
|
|t:|1784893555
|teamsize|p1|4
|teamsize|p2|4
|start
|switch|p1a: Sylveon|Sylveon, L50, M|100/100
|switch|p1b: Toxapex|Toxapex, L50, F|100/100
|switch|p2a: Whimsicott|Whimsicott, L50, M|100/100
|switch|p2b: Basculegion|Basculegion, L50, M|100/100
|turn|1
|
|t:|1784893578
|move|p1a: Sylveon|Detect|p1a: Sylveon
|-singleturn|p1a: Sylveon|Protect
|move|p2a: Whimsicott|Moonblast|p1a: Sylveon
|-activate|p1a: Sylveon|move: Protect
|move|p2b: Basculegion|Wave Crash|p1b: Toxapex
|-resisted|p1b: Toxapex|1
|-damage|p1b: Toxapex|66/100
|-damage|p2b: Basculegion|91/100|[from] Recoil
|-damage|p2b: Basculegion|81/100|[from] item: Life Orb
|move|p1b: Toxapex|Toxic|p2b: Basculegion
|-status|p2b: Basculegion|tox
|
|-heal|p1b: Toxapex|72/100|[from] item: Leftovers
|-damage|p2b: Basculegion|75/100 tox|[from] psn
|upkeep
|turn|2
|inactive|testdigi has 30 seconds left.
|
|t:|1784893603
|move|p2a: Whimsicott|Tailwind|p2a: Whimsicott
|-sidestart|p2: tamagotchai-01|move: Tailwind
|move|p1a: Sylveon|Quick Attack|p2a: Whimsicott
|-damage|p2a: Whimsicott|79/100
|move|p2b: Basculegion|Wave Crash|p1b: Toxapex
|-resisted|p1b: Toxapex|1
|-damage|p1b: Toxapex|38/100
|-damage|p2b: Basculegion|67/100 tox|[from] Recoil
|-damage|p2b: Basculegion|57/100 tox|[from] item: Life Orb
|move|p1b: Toxapex|Toxic|p2a: Whimsicott
|-status|p2a: Whimsicott|tox
|
|-heal|p1b: Toxapex|44/100|[from] item: Leftovers
|-damage|p2a: Whimsicott|73/100 tox|[from] psn
|-damage|p2b: Basculegion|45/100 tox|[from] psn
|upkeep
|turn|3
|
|t:|1784893614
|move|p1a: Sylveon|Detect|p1a: Sylveon
|-singleturn|p1a: Sylveon|Protect
|move|p1b: Toxapex|Baneful Bunker|p1b: Toxapex
|-singleturn|p1b: Toxapex|move: Protect
|move|p2a: Whimsicott|Moonblast|p1a: Sylveon
|-activate|p1a: Sylveon|move: Protect
|move|p2b: Basculegion|Wave Crash|p1b: Toxapex
|-activate|p1b: Toxapex|move: Protect
|
|-heal|p1b: Toxapex|50/100g|[from] item: Leftovers
|-damage|p2a: Whimsicott|62/100 tox|[from] psn
|-damage|p2b: Basculegion|27/100 tox|[from] psn
|upkeep
|turn|4
|
|t:|1784893626
|move|p2a: Whimsicott|Moonblast|p1b: Toxapex
|-resisted|p1b: Toxapex|1
|-damage|p1b: Toxapex|35/100
|move|p2b: Basculegion|Wave Crash|p1b: Toxapex
|-resisted|p1b: Toxapex|1
|-damage|p1b: Toxapex|0 fnt
|faint|p1b: Toxapex
|-damage|p2b: Basculegion|18/100 tox|[from] Recoil
|-damage|p2b: Basculegion|9/100 tox|[from] item: Life Orb
|move|p1a: Sylveon|Hyper Voice|p2b: Basculegion|[spread] p2a,p2b
|-damage|p2a: Whimsicott|0 fnt
|-damage|p2b: Basculegion|0 fnt
|faint|p2a: Whimsicott
|faint|p2b: Basculegion
|
|upkeep
|
|t:|1784893636
|switch|p2a: Kingambit|Kingambit, L50, M|100/100
|switch|p2b: Garchomp|Garchomp, L50, M|100/100
|switch|p1b: Corviknight|Corviknight, L50, F|100/100
|turn|5
|
|t:|1784893646
|move|p1a: Sylveon|Detect|p1a: Sylveon
|-singleturn|p1a: Sylveon|Protect
|move|p2b: Garchomp|Poison Jab|p1a: Sylveon
|-activate|p1a: Sylveon|move: Protect
|move|p2a: Kingambit|Kowtow Cleave|p1a: Sylveon
|-activate|p1a: Sylveon|move: Protect
|move|p1b: Corviknight|Tailwind|p1b: Corviknight
|-sidestart|p1: testdigi|move: Tailwind
|
|-sideend|p2: tamagotchai-01|move: Tailwind
|upkeep
|turn|6
|
|t:|1784893660
|move|p1b: Corviknight|Iron Head|p2a: Kingambit
|-resisted|p2a: Kingambit|1
|-crit|p2a: Kingambit
|-damage|p2a: Kingambit|82/100
|move|p1a: Sylveon|Hyper Voice|p2a: Kingambit|[spread] p2a,p2b
|-supereffective|p2b: Garchomp|1
|-enditem|p2b: Garchomp|Roseli Berry|[eat]
|-enditem|p2b: Garchomp|Roseli Berry|[weaken]
|-damage|p2a: Kingambit|40/100
|-damage|p2b: Garchomp|55/100
|move|p2b: Garchomp|Poison Jab|p1a: Sylveon
|-supereffective|p1a: Sylveon|1
|-damage|p1a: Sylveon|37/100
|move|p2a: Kingambit|Kowtow Cleave|p1a: Sylveon
|-resisted|p1a: Sylveon|1
|-damage|p1a: Sylveon|15/100
|
|upkeep
|turn|7
|
|t:|1784893671
|move|p1a: Sylveon|Quick Attack|p2a: Kingambit
|-damage|p2a: Kingambit|31/100
|move|p2a: Kingambit|Sucker Punch||[still]
|-fail|p2a: Kingambit
|move|p1b: Corviknight|Iron Head|p2b: Garchomp
|-damage|p2b: Garchomp|23/100
|-damage|p1b: Corviknight|87/100|[from] ability: Rough Skin|[of] p2b: Garchomp
|move|p2b: Garchomp|Poison Jab|p1b: Corviknight
|-immune|p1b: Corviknight
|
|upkeep
|turn|8
|
|t:|1784893681
|move|p1b: Corviknight|Protect|p1b: Corviknight
|-singleturn|p1b: Corviknight|Protect
|move|p1a: Sylveon|Yawn|p2a: Kingambit
|-start|p2a: Kingambit|move: Yawn|[of] p1a: Sylveon
|move|p2b: Garchomp|Dragon Claw|p1b: Corviknight
|-activate|p1b: Corviknight|move: Protect
|move|p2a: Kingambit|Kowtow Cleave|p1b: Corviknight
|-activate|p1b: Corviknight|move: Protect
|
|-sideend|p1: testdigi|move: Tailwind
|upkeep
|turn|9
|
|t:|1784893689
|move|p2b: Garchomp|Poison Jab|p1a: Sylveon
|-supereffective|p1a: Sylveon|1
|-damage|p1a: Sylveon|0 fnt
|faint|p1a: Sylveon
|move|p1b: Corviknight|Tailwind|p1b: Corviknight
|-sidestart|p1: testdigi|move: Tailwind
|move|p2a: Kingambit|Kowtow Cleave|p1b: Corviknight
|-damage|p1b: Corviknight|49/100
|
|-end|p2a: Kingambit|move: Yawn|[silent]
|-status|p2a: Kingambit|slp
|upkeep
|
|t:|1784893692
|switch|p1a: Raichu|Raichu, L50, M|100/100
|turn|10
|
|t:|1784893698
|detailschange|p1a: Raichu|Raichu-Mega-Y, L50, M
|-mega|p1a: Raichu|Raichu|Raichunite Y
|move|p1a: Raichu|Focus Blast|p2a: Kingambit
|-supereffective|p2a: Kingambit|2
|-damage|p2a: Kingambit|0 fnt
|faint|p2a: Kingambit
|move|p1b: Corviknight|Iron Head|p2b: Garchomp
|-damage|p2b: Garchomp|0 fnt
|-damage|p1b: Corviknight|37/100|[from] ability: Rough Skin|[of] p2b: Garchomp
|faint|p2b: Garchomp
|
|win|testdigi
