|j|☆teyvgc
|j|☆ironstandseternal
|html|teyvgcironstandseternal    
|uhtml|bestof|Game 2 of a best-of-3
|t:|1757200654
|gametype|doubles
|player|p1|teyvgc|benga|
|player|p2|ironstandseternal|flint|
|gen|9
|tier|[Gen 9] VGC 2025 Reg H (Bo3)
|rule|Species Clause: Limit one of each Pokémon
|rule|Item Clause: Limit 1 of each item
|clearpoke
|poke|p1|Gholdengo, L50|
|poke|p1|Dragonite, L50, F|
|poke|p1|Sneasler, L50, M|
|poke|p1|Incineroar, L50, F|
|poke|p1|Indeedee, L50, M|
|poke|p1|Ninetales-Alola, L50, F|
|poke|p2|Gholdengo, L50|
|poke|p2|Amoonguss, L50, F|
|poke|p2|Basculegion, L50, M|
|poke|p2|Pelipper, L50, M|
|poke|p2|Incineroar, L50, M|
|poke|p2|Archaludon, L50, F|
|teampreview|4
|showteam|p1|Gholdengo||LifeOrb|GoodasGold|Protect,MakeItRain,ShadowBall,NastyPlot||||||50|,,,,,Water]Dragonite||LoadedDice|Multiscale|ScaleShot,Tailwind,Haze,Protect|||F|||50|,,,,,Fairy]Sneasler||PsychicSeed|Unburden|Protect,DireClaw,CloseCombat,ThroatChop|||M|||50|,,,,,Dark]Incineroar||SafetyGoggles|Intimidate|KnockOff,PartingShot,FlareBlitz,FakeOut|||F|||50|,,,,,Ghost]Indeedee||ChoiceScarf|PsychicSurge|Protect,Trick,TeraBlast,ExpandingForce|||M|||50|,,,,,Psychic]Ninetales-Alola||FocusSash|SnowWarning|Blizzard,IcyWind,Encore,AuroraVeil|||F|||50|,,,,,Ghost
|showteam|p2|Gholdengo||LifeOrb|GoodasGold|MakeItRain,ShadowBall,NastyPlot,Protect||||||50|,,,,,Water]Amoonguss||SitrusBerry|Regenerator|Spore,RagePowder,PollenPuff,Protect|||F|||50|,,,,,Psychic]Basculegion||ChoiceBand|SwiftSwim|WaveCrash,FlipTurn,LastRespects,AquaJet|||M|||50|,,,,,Water]Pelipper||FocusSash|Drizzle|WeatherBall,Hurricane,Tailwind,Protect|||M|||50|,,,,,Ground]Incineroar||SafetyGoggles|Intimidate|FlareBlitz,KnockOff,PartingShot,FakeOut|||M|||50|,,,,,Ghost]Archaludon||AssaultVest|Stamina|ElectroShot,FlashCannon,DracoMeteor,BodyPress|||F|||50|,,,,,Bug
|
|t:|1757200696
|teamsize|p1|4
|teamsize|p2|4
|start
|switch|p1a: Sneasler|Sneasler, L50, M|100/100
|switch|p1b: Incineroar|Incineroar, L50, F|100/100
|switch|p2a: Pelipper|Pelipper, L50, M|100/100
|switch|p2b: Incineroar|Incineroar, L50, M|100/100
|-weather|RainDance|[from] ability: Drizzle|[of] p2a: Pelipper
|-ability|p1b: Incineroar|Intimidate|boost
|-unboost|p2a: Pelipper|atk|1
|-unboost|p2b: Incineroar|atk|1
|-ability|p2b: Incineroar|Intimidate|boost
|-unboost|p1a: Sneasler|atk|1
|-unboost|p1b: Incineroar|atk|1
|turn|1
|
|t:|1757200738
|-terastallize|p1b: Incineroar|Ghost
|move|p2b: Incineroar|Fake Out|p1b: Incineroar
|-immune|p1b: Incineroar
|move|p1b: Incineroar|Fake Out|p2a: Pelipper
|-damage|p2a: Pelipper|91/100
|move|p1a: Sneasler|Close Combat|p2b: Incineroar
|-supereffective|p2b: Incineroar
|-damage|p2b: Incineroar|32/100
|-unboost|p1a: Sneasler|def|1
|-unboost|p1a: Sneasler|spd|1
|cant|p2a: Pelipper|flinch
|
|-weather|RainDance|[upkeep]
|upkeep
|turn|2
|
|t:|1757200766
|move|p1a: Sneasler|Dire Claw|p2b: Incineroar
|-crit|p2b: Incineroar
|-damage|p2b: Incineroar|0 fnt
|faint|p2b: Incineroar
|move|p2a: Pelipper|Hurricane|p1a: Sneasler
|-supereffective|p1a: Sneasler
|-damage|p1a: Sneasler|0 fnt
|faint|p1a: Sneasler
|move|p1b: Incineroar|Parting Shot|p2a: Pelipper
|-unboost|p2a: Pelipper|atk|1
|-unboost|p2a: Pelipper|spa|1
|
|t:|1757200779
|switch|p1b: Ninetales|Ninetales-Alola, L50, F|100/100|[from] Parting Shot
|-weather|Snowscape|[from] ability: Snow Warning|[of] p1b: Ninetales
|
|-weather|Snowscape|[upkeep]
|upkeep
|
|t:|1757200790
|switch|p1a: Indeedee|Indeedee, L50, M|100/100
|switch|p2b: Gholdengo|Gholdengo, L50|100/100
|-fieldstart|move: Psychic Terrain|[from] ability: Psychic Surge|[of] p1a: Indeedee
|turn|3
|
|t:|1757200812
|move|p1a: Indeedee|Expanding Force|p2a: Pelipper|[spread] p2a,p2b
|-resisted|p2b: Gholdengo
|-damage|p2a: Pelipper|0 fnt
|-damage|p2b: Gholdengo|70/100
|faint|p2a: Pelipper
|move|p1b: Ninetales|Blizzard|p2b: Gholdengo
|-resisted|p2b: Gholdengo
|-damage|p2b: Gholdengo|47/100
|move|p2b: Gholdengo|Make It Rain|p1b: Ninetales|[spread] p1a,p1b
|-supereffective|p1b: Ninetales
|-damage|p1a: Indeedee|20/100
|-enditem|p1b: Ninetales|Focus Sash
|-damage|p1b: Ninetales|1/100
|-unboost|p2b: Gholdengo|spa|1
|-damage|p2b: Gholdengo|37/100|[from] item: Life Orb
|
|-weather|Snowscape|[upkeep]
|upkeep
|
|t:|1757200825
|switch|p2a: Amoonguss|Amoonguss, L50, F|100/100
|turn|4
|
|t:|1757200855
|-terastallize|p2a: Amoonguss|Psychic
|move|p2b: Gholdengo|Protect|p2b: Gholdengo
|-singleturn|p2b: Gholdengo|Protect
|move|p1a: Indeedee|Expanding Force|p2b: Gholdengo|[spread] p2a
|-activate|p2b: Gholdengo|move: Protect
|-resisted|p2a: Amoonguss
|-damage|p2a: Amoonguss|77/100
|move|p1b: Ninetales|Blizzard|p2b: Gholdengo|[spread] p2a
|-activate|p2b: Gholdengo|move: Protect
|-damage|p2a: Amoonguss|51/100
|-status|p2a: Amoonguss|frz
|cant|p2a: Amoonguss|frz
|
|-weather|Snowscape|[upkeep]
|upkeep
|turn|5
|
|t:|1757200924
|move|p1a: Indeedee|Expanding Force|p2a: Amoonguss|[spread] p2a,p2b
|-resisted|p2a: Amoonguss
|-resisted|p2b: Gholdengo
|-damage|p2a: Amoonguss|28/100 frz
|-damage|p2b: Gholdengo|3/100
|-enditem|p2a: Amoonguss|Sitrus Berry|[eat]
|-heal|p2a: Amoonguss|53/100 frz|[from] item: Sitrus Berry
|move|p1b: Ninetales|Blizzard|p2b: Gholdengo|[spread] p2a,p2b
|-resisted|p2b: Gholdengo
|-damage|p2a: Amoonguss|28/100 frz
|-damage|p2b: Gholdengo|0 fnt
|faint|p2b: Gholdengo
|cant|p2a: Amoonguss|frz
|
|-weather|Snowscape|[upkeep]
|upkeep
|turn|6
|
|t:|1757200973
|move|p1a: Indeedee|Expanding Force|p2a: Amoonguss
|-resisted|p2a: Amoonguss
|-damage|p2a: Amoonguss|0 fnt
|faint|p2a: Amoonguss
|
|win|teyvgc
