|j|☆Darking81
|j|☆gio0314
|html|Darking81gio0314    
|uhtml|bestof|Game 3 of a best-of-3
|t:|1785197146
|gametype|doubles
|player|p1|Darking81|1|
|player|p2|gio0314|266|
|gen|9
|tier|[Gen 9 Champions] VGC 2026 Reg M-B (Bo3)
|rule|Species Clause: Limit one of each Pokémon
|rule|Item Clause: Limit 1 of each item
|clearpoke
|poke|p1|Lucario, L50, F|
|poke|p1|Sableye, L50, M|
|poke|p1|Lycanroc-Dusk, L50, M|
|poke|p1|Luxray, L50, M|
|poke|p1|Hydreigon, L50, F|
|poke|p1|Talonflame, L50, F|
|poke|p2|Blastoise, L50, F|
|poke|p2|Farigiraf, L50, M|
|poke|p2|Torkoal, L50, F|
|poke|p2|Incineroar, L50, M|
|poke|p2|Hatterene, L50, F|
|poke|p2|Clefable, L50, M|
|teampreview|4
|showteam|p1|Lucario||Lucarionite|InnerFocus|CloseCombat,MeteorMash,Protect,Crunch|Jolly||F|||50|]Sableye||SitrusBerry|Prankster|Reflect,KnockOff,Encore,LightScreen|Careful||M|||50|]Lycanroc-Dusk||LifeOrb|ToughClaws|RockSlide,Accelerock,CloseCombat,Protect|Jolly||M|||50|]Luxray||ShucaBerry|Intimidate|Superpower,HelpingHand,Protect,WildCharge|Adamant||M|||50|]Hydreigon||FocusSash|Levitate|EarthPower,DracoMeteor,DarkPulse,Protect|Modest||F|||50|]Talonflame|||GaleWings|Acrobatics,Tailwind,FlareBlitz,Uturn|Jolly||F|||50|
|showteam|p2|Blastoise||Blastoisinite|Torrent|DarkPulse,AuraSphere,WaterPulse,Protect|Modest||F|||50|]Farigiraf||FocusSash|ArmorTail|TrickRoom,PsychicNoise,Thunderbolt,Protect|Sassy||M|||50|]Torkoal||Charcoal|Drought|Eruption,HeatWave,SolarBeam,Protect|Modest||F|||50|]Incineroar||Leftovers|Intimidate|FakeOut,DarkestLariat,CloseCombat,PartingShot|Adamant||M|||50|]Hatterene||ExpertBelt|MagicBounce|Psychic,DazzlingGleam,TrickRoom,Protect|Sassy||F|||50|]Clefable||Clefablite|MagicGuard|Moonblast,HealPulse,Thunderbolt,FollowMe|Modest||M|||50|
|inactive|Battle timer is ON: inactive players will automatically lose when time's up. (requested by gio0314)
|
|t:|1785197189
|teamsize|p1|4
|teamsize|p2|4
|start
|switch|p1a: Boyer|Sableye, L50, M|100/100
|switch|p1b: Lucyfah|Luxray, L50, M|100/100
|switch|p2a: Melman|Farigiraf, L50, M|100/100
|switch|p2b: Incineroar|Incineroar, L50, M|100/100
|-ability|p1b: Lucyfah|Intimidate|boost
|-unboost|p2a: Melman|atk|1
|-unboost|p2b: Incineroar|atk|1
|-ability|p2b: Incineroar|Intimidate|boost
|-unboost|p1a: Boyer|atk|1
|-unboost|p1b: Lucyfah|atk|1
|turn|1
|
|t:|1785197212
|move|p1b: Lucyfah|Protect|p1b: Lucyfah
|-singleturn|p1b: Lucyfah|Protect
|move|p2b: Incineroar|Fake Out|p1b: Lucyfah
|-activate|p1b: Lucyfah|move: Protect
|move|p1a: Boyer|Reflect|p1a: Boyer
|-sidestart|p1: Darking81|Reflect
|move|p2a: Melman|Trick Room|p2a: Melman
|-fieldstart|move: Trick Room|[of] p2a: Melman
|
|upkeep
|turn|2
|
|t:|1785197240
|move|p1a: Boyer|Light Screen|p1a: Boyer
|-sidestart|p1: Darking81|move: Light Screen
|move|p2a: Melman|Psychic Noise|p1b: Lucyfah
|-damage|p1b: Lucyfah|78/100
|-start|p1b: Lucyfah|move: Heal Block
|move|p2b: Incineroar|Parting Shot|p1b: Lucyfah
|-unboost|p1b: Lucyfah|atk|1
|-unboost|p1b: Lucyfah|spa|1
|
|t:|1785197248
|switch|p2b: cartuga|Torkoal, L50, F|100/100|[from] Parting Shot
|-weather|SunnyDay|[from] ability: Drought|[of] p2b: cartuga
|move|p1b: Lucyfah|Superpower|p2b: cartuga
|-damage|p2b: cartuga|82/100
|-unboost|p1b: Lucyfah|atk|1
|-unboost|p1b: Lucyfah|def|1
|
|-weather|SunnyDay|[upkeep]
|upkeep
|turn|3
|
|t:|1785197272
|move|p2b: cartuga|Eruption|p1b: Lucyfah|[spread] p1a,p1b
|-damage|p1a: Boyer|38/100
|-damage|p1b: Lucyfah|18/100
|-enditem|p1a: Boyer|Sitrus Berry|[eat]
|-heal|p1a: Boyer|63/100|[from] item: Sitrus Berry
|move|p1a: Boyer|Knock Off|p2a: Melman
|-supereffective|p2a: Melman|1
|-damage|p2a: Melman|64/100
|-enditem|p2a: Melman|Focus Sash|[from] move: Knock Off|[of] p1a: Boyer
|move|p2a: Melman|Thunderbolt|p1a: Boyer
|-damage|p1a: Boyer|43/100
|move|p1b: Lucyfah|Wild Charge|p2b: cartuga
|-damage|p2b: cartuga|67/100
|-damage|p1b: Lucyfah|14/100|[from] Recoil
|
|-weather|SunnyDay|[upkeep]
|-end|p1b: Lucyfah|move: Heal Block
|upkeep
|turn|4
|inactive|Darking81 has 30 seconds left.
|inactive|gio0314 has 30 seconds left.
|
|t:|1785197304
|move|p1b: Lucyfah|Helping Hand|p1a: Boyer
|-singleturn|p1a: Boyer|Helping Hand|[of] p1b: Lucyfah
|move|p2b: cartuga|Eruption|p1b: Lucyfah|[spread] p1a,p1b
|-damage|p1a: Boyer|0 fnt
|-damage|p1b: Lucyfah|0 fnt
|faint|p1a: Boyer
|faint|p1b: Lucyfah
|move|p2a: Melman|Psychic Noise|p1: Boyer|[notarget]
|-fail|p2a: Melman
|
|-weather|SunnyDay|[upkeep]
|upkeep
|
|t:|1785197318
|switch|p1a: Lukas|Lucario, L50, F|100/100
|switch|p1b: Negreiron|Hydreigon, L50, F|100/100
|turn|5
|
|t:|1785197339
|switch|p2a: MotherMiranda|Hatterene, L50, F|100/100
|detailschange|p1a: Lukas|Lucario-Mega, L50, F
|-mega|p1a: Lukas|Lucario|Lucarionite
|move|p2b: cartuga|Protect|p2b: cartuga
|-singleturn|p2b: cartuga|Protect
|move|p1b: Negreiron|Protect|p1b: Negreiron
|-singleturn|p1b: Negreiron|Protect
|move|p1a: Lukas|Protect||[still]
|-fail|p1a: Lukas
|
|-weather|SunnyDay|[upkeep]
|-sideend|p1: Darking81|Reflect
|-fieldend|move: Trick Room
|upkeep
|turn|6
|
|t:|1785197364
|switch|p2b: Incineroar|Incineroar, L50, M|100/100
|-ability|p2b: Incineroar|Intimidate|boost
|-unboost|p1a: Lukas|atk|1
|-unboost|p1b: Negreiron|atk|1
|move|p2a: MotherMiranda|Protect|p2a: MotherMiranda
|-singleturn|p2a: MotherMiranda|Protect
|move|p1a: Lukas|Meteor Mash|p2a: MotherMiranda
|-activate|p2a: MotherMiranda|move: Protect
|move|p1b: Negreiron|Earth Power|p2b: Incineroar
|-supereffective|p2b: Incineroar|1
|-damage|p2b: Incineroar|40/100
|
|-weather|none
|-heal|p2b: Incineroar|46/100|[from] item: Leftovers
|-sideend|p1: Darking81|move: Light Screen
|upkeep
|turn|7
|inactive|Darking81 has 30 seconds left.
|
|t:|1785197391
|move|p1b: Negreiron|Protect|p1b: Negreiron
|-singleturn|p1b: Negreiron|Protect
|move|p2b: Incineroar|Fake Out|p1a: Lukas
|-resisted|p1a: Lukas|1
|-damage|p1a: Lukas|91/100
|cant|p1a: Lukas|flinch
|move|p2a: MotherMiranda|Trick Room|p2a: MotherMiranda
|-fieldstart|move: Trick Room|[of] p2a: MotherMiranda
|
|-heal|p2b: Incineroar|52/100|[from] item: Leftovers
|upkeep
|turn|8
|
|t:|1785197411
|move|p2a: MotherMiranda|Dazzling Gleam|p1b: Negreiron|[spread] p1a,p1b
|-supereffective|p1b: Negreiron|2
|-damage|p1a: Lukas|50/100g
|-enditem|p1b: Negreiron|Focus Sash
|-damage|p1b: Negreiron|1/100
|move|p2b: Incineroar|Darkest Lariat|p1b: Negreiron
|-resisted|p1b: Negreiron|1
|-crit|p1b: Negreiron
|-damage|p1b: Negreiron|0 fnt
|faint|p1b: Negreiron
|move|p1a: Lukas|Meteor Mash|p2a: MotherMiranda|[miss]
|-miss|p1a: Lukas|p2a: MotherMiranda
|
|-heal|p2b: Incineroar|58/100|[from] item: Leftovers
|upkeep
|turn|9
|
|t:|1785197426
|move|p1a: Lukas|Protect|p1a: Lukas
|-singleturn|p1a: Lukas|Protect
|move|p2a: MotherMiranda|Dazzling Gleam|p1a: Lukas
|-activate|p1a: Lukas|move: Protect
|move|p2b: Incineroar|Close Combat|p1a: Lukas
|-activate|p1a: Lukas|move: Protect
|
|-heal|p2b: Incineroar|64/100|[from] item: Leftovers
|upkeep
|turn|10
|
|t:|1785197440
|move|p2a: MotherMiranda|Psychic|p1a: Lukas
|-damage|p1a: Lukas|0 fnt
|faint|p1a: Lukas
|
|win|gio0314
|l|☆gio0314
|player|p2|
|l|☆Darking81
|player|p1|
|j|☆gio0314
|player|p2|gio0314|266|
