|j|☆ethnol1816
|j|☆enigmaeuw
|html|ethnol1816enigmaeuw    
|uhtml|bestof|Game 2 of a best-of-3
|t:|1757631034
|gametype|doubles
|player|p1|ethnol1816|boarder|
|player|p2|enigmaeuw|ingo|
|gen|9
|tier|[Gen 9] VGC 2025 Reg H (Bo3)
|rule|Species Clause: Limit one of each Pokémon
|rule|Item Clause: Limit 1 of each item
|clearpoke
|poke|p1|Sneasler, L50, M|
|poke|p1|Dragapult, L50, F|
|poke|p1|Primarina, L50, M|
|poke|p1|Rillaboom, L50, F|
|poke|p1|Kingambit, L50, M|
|poke|p1|Magmar, L50, F|
|poke|p2|Pelipper, L50, M|
|poke|p2|Archaludon, L50, F|
|poke|p2|Incineroar, L50, M|
|poke|p2|Hydreigon, L50, F|
|poke|p2|Ursaluna, L50, F|
|poke|p2|Amoonguss, L50, F|
|teampreview|4
|showteam|p1|Sneasler||FocusSash|PoisonTouch|CloseCombat,DireClaw,FakeOut,Protect|||M|||50|,,,,,Stellar]Dragapult||ChoiceBand|ClearBody|DragonDarts,TeraBlast,PhantomForce,Uturn|||F|||50|,,,,,Ghost]Primarina||SitrusBerry|LiquidVoice|HyperVoice,Moonblast,Haze,Protect|||M|||50|,,,,,Water]Rillaboom||AssaultVest|GrassySurge|WoodHammer,GrassyGlide,HighHorsepower,FakeOut|||F|||50|,,,,,Fire]Kingambit||BlackGlasses|Defiant|KowtowCleave,SuckerPunch,SwordsDance,Protect|||M|||50|,,,,,Ghost]Magmar||Eviolite|VitalSpirit|Overheat,WillOWisp,FollowMe,Protect|||F|||50|,,,,,Ghost
|showteam|p2|Pelipper||CovertCloak|Drizzle|WeatherBall,Hurricane,Tailwind,Protect|||M|||50|,,,,,Grass]Archaludon||AssaultVest|Stamina|ElectroShot,BodyPress,DracoMeteor,FlashCannon|||F|||50|,,,,,Bug]Incineroar||RockyHelmet|Intimidate|FlareBlitz,KnockOff,FakeOut,PartingShot|||M|||50|,,,,,Grass]Hydreigon||SafetyGoggles|Levitate|Snarl,DracoMeteor,Tailwind,Protect|||F|||50|,,,,,Poison]Ursaluna||FlameOrb|Guts|Facade,Earthquake,HeadlongRush,Protect|||F|||50|,,,,,Ghost]Amoonguss||SitrusBerry|Regenerator|Spore,RagePowder,PollenPuff,Protect|||F|||50|,,,,,Water
|inactive|Battle timer is ON: inactive players will automatically lose when time's up. (requested by ethnol1816)
|inactive|enigmaeuw also wants the timer to be on.
|
|t:|1757631050
|teamsize|p1|4
|teamsize|p2|4
|start
|switch|p1a: Primarina|Primarina, L50, M|100/100
|switch|p1b: Kingambit|Kingambit, L50, M|100/100
|switch|p2a: Pelipper|Pelipper, L50, M|100/100
|switch|p2b: Incineroar|Incineroar, L50, M|100/100
|-weather|RainDance|[from] ability: Drizzle|[of] p2a: Pelipper
|-ability|p2b: Incineroar|Intimidate|boost
|-unboost|p1a: Primarina|atk|1
|-unboost|p1b: Kingambit|atk|1
|-ability|p1b: Kingambit|Defiant|boost
|-boost|p1b: Kingambit|atk|2
|turn|1
|inactive|enigmaeuw has 30 seconds left.
|inactive|enigmaeuw has 20 seconds left.
|inactive|enigmaeuw has 15 seconds left.
|
|t:|1757631090
|switch|p2a: Amoonguss|Amoonguss, L50, F|100/100
|-terastallize|p2b: Incineroar|Grass
|-terastallize|p1b: Kingambit|Ghost
|move|p1a: Primarina|Moonblast|p2a: Amoonguss
|-resisted|p2a: Amoonguss
|-damage|p2a: Amoonguss|82/100
|move|p2b: Incineroar|Knock Off|p1b: Kingambit
|-supereffective|p1b: Kingambit
|-damage|p1b: Kingambit|42/100
|-enditem|p1b: Kingambit|Black Glasses|[from] move: Knock Off|[of] p2b: Incineroar
|move|p1b: Kingambit|Swords Dance|p1b: Kingambit
|-boost|p1b: Kingambit|atk|2
|
|-weather|RainDance|[upkeep]
|upkeep
|turn|2
|inactive|enigmaeuw has 30 seconds left.
|
|t:|1757631117
|switch|p1a: Sneasler|Sneasler, L50, M|100/100
|move|p2b: Incineroar|Parting Shot|p1a: Sneasler
|-unboost|p1a: Sneasler|atk|1
|-unboost|p1a: Sneasler|spa|1
|
|t:|1757631125
|switch|p2b: Archaludon|Archaludon, L50, F|100/100|[from] Parting Shot
|move|p1b: Kingambit|Kowtow Cleave|p2b: Archaludon
|-damage|p2b: Archaludon|20/100
|-ability|p2b: Archaludon|Stamina|boost
|-boost|p2b: Archaludon|def|1
|move|p2a: Amoonguss|Spore|p1b: Kingambit
|-status|p1b: Kingambit|slp|[from] move: Spore
|
|-weather|RainDance|[upkeep]
|upkeep
|turn|3
|inactive|enigmaeuw has 30 seconds left.
|
|t:|1757631156
|switch|p2b: Pelipper|Pelipper, L50, M|100/100
|move|p1a: Sneasler|Close Combat|p2b: Pelipper
|-resisted|p2b: Pelipper
|-damage|p2b: Pelipper|79/100
|-unboost|p1a: Sneasler|def|1
|-unboost|p1a: Sneasler|spd|1
|cant|p1b: Kingambit|slp
|move|p2a: Amoonguss|Spore|p1a: Sneasler
|-status|p1a: Sneasler|slp|[from] move: Spore
|
|-weather|RainDance|[upkeep]
|upkeep
|turn|4
|
|t:|1757631181
|switch|p1a: Dragapult|Dragapult, L50, F|100/100
|move|p2b: Pelipper|Weather Ball|p1b: Kingambit
|-damage|p1b: Kingambit|0 fnt
|faint|p1b: Kingambit
|move|p2a: Amoonguss|Pollen Puff|p1a: Dragapult
|-resisted|p1a: Dragapult
|-damage|p1a: Dragapult|89/100
|
|-weather|RainDance|[upkeep]
|upkeep
|
|t:|1757631186
|switch|p1b: Primarina|Primarina, L50, M|100/100
|turn|5
|
|t:|1757631198
|move|p2b: Pelipper|Protect|p2b: Pelipper
|-singleturn|p2b: Pelipper|Protect
|move|p1a: Dragapult|Dragon Darts|p2a: Amoonguss
|-damage|p2a: Amoonguss|55/100
|-anim|p1a: Dragapult|Dragon Darts|p2a: Amoonguss
|-damage|p2a: Amoonguss|25/100
|-enditem|p2a: Amoonguss|Sitrus Berry|[eat]
|-heal|p2a: Amoonguss|50/100|[from] item: Sitrus Berry
|move|p1b: Primarina|Hyper Voice|p2a: Amoonguss|[spread] p2a
|-activate|p2b: Pelipper|move: Protect
|-resisted|p2a: Amoonguss
|-damage|p2a: Amoonguss|29/100
|move|p2a: Amoonguss|Spore|p1a: Dragapult
|-status|p1a: Dragapult|slp|[from] move: Spore
|
|-weather|none
|upkeep
|turn|6
|inactive|ethnol1816 has 30 seconds left.
|
|t:|1757631228
|switch|p2a: Incineroar|Incineroar, L50, M, tera:Grass|100/100
|-ability|p2a: Incineroar|Intimidate|boost
|-fail|p1a: Dragapult|unboost|[from] ability: Clear Body|[of] p1a: Dragapult
|-unboost|p1b: Primarina|atk|1
|cant|p1a: Dragapult|slp
|move|p2b: Pelipper|Tailwind|p2b: Pelipper
|-sidestart|p2: enigmaeuw|move: Tailwind
|move|p1b: Primarina|Hyper Voice|p2b: Pelipper|[spread] p2a,p2b
|-resisted|p2a: Incineroar
|-resisted|p2b: Pelipper
|-damage|p2a: Incineroar|89/100
|-damage|p2b: Pelipper|58/100
|
|upkeep
|turn|7
|
|t:|1757631246
|switch|p2b: Amoonguss|Amoonguss, L50, F|62/100
|-curestatus|p1a: Dragapult|slp|[msg]
|move|p1a: Dragapult|Dragon Darts|p2a: Incineroar
|-damage|p2a: Incineroar|54/100
|-anim|p1a: Dragapult|Dragon Darts|p2b: Amoonguss
|-damage|p2b: Amoonguss|33/100
|move|p2a: Incineroar|Knock Off|p1a: Dragapult
|-supereffective|p1a: Dragapult
|-damage|p1a: Dragapult|0 fnt
|-enditem|p1a: Dragapult|Choice Band|[from] move: Knock Off|[of] p2a: Incineroar
|faint|p1a: Dragapult
|move|p1b: Primarina|Moonblast|p2b: Amoonguss
|-resisted|p2b: Amoonguss
|-damage|p2b: Amoonguss|15/100
|-unboost|p2b: Amoonguss|spa|1
|
|upkeep
|
|t:|1757631256
|switch|p1a: Sneasler|Sneasler, L50, M|100/100 slp
|turn|8
|
|t:|1757631269
|move|p2b: Amoonguss|Protect|p2b: Amoonguss
|-singleturn|p2b: Amoonguss|Protect
|cant|p1a: Sneasler|slp
|move|p2a: Incineroar|Knock Off|p1a: Sneasler
|-resisted|p1a: Sneasler
|-damage|p1a: Sneasler|70/100 slp
|-enditem|p1a: Sneasler|Focus Sash|[from] move: Knock Off|[of] p2a: Incineroar
|move|p1b: Primarina|Moonblast|p2b: Amoonguss
|-activate|p2b: Amoonguss|move: Protect
|
|upkeep
|turn|9
|
|t:|1757631284
|switch|p2b: Pelipper|Pelipper, L50, M|58/100
|-weather|RainDance|[from] ability: Drizzle|[of] p2b: Pelipper
|cant|p1a: Sneasler|slp
|move|p2a: Incineroar|Flare Blitz|p1a: Sneasler
|-damage|p1a: Sneasler|31/100 slp
|-damage|p2a: Incineroar|44/100|[from] Recoil
|move|p1b: Primarina|Moonblast|p2b: Pelipper
|-damage|p2b: Pelipper|0 fnt
|faint|p2b: Pelipper
|
|-weather|RainDance|[upkeep]
|-sideend|p2: enigmaeuw|move: Tailwind
|upkeep
|
|t:|1757631298
|switch|p2b: Archaludon|Archaludon, L50, F|20/100
|turn|10
|
|t:|1757631316
|-curestatus|p1a: Sneasler|slp|[msg]
|move|p1a: Sneasler|Close Combat|p2b: Archaludon
|-supereffective|p2b: Archaludon
|-damage|p2b: Archaludon|0 fnt
|-unboost|p1a: Sneasler|def|1
|-unboost|p1a: Sneasler|spd|1
|faint|p2b: Archaludon
|move|p1b: Primarina|Moonblast|p2a: Incineroar
|-damage|p2a: Incineroar|14/100
|-unboost|p2a: Incineroar|spa|1
|move|p2a: Incineroar|Parting Shot|p1a: Sneasler
|-unboost|p1a: Sneasler|atk|1
|-unboost|p1a: Sneasler|spa|1
|
|t:|1757631329
|switch|p2a: Amoonguss|Amoonguss, L50, F|48/100|[from] Parting Shot
|
|-weather|RainDance|[upkeep]
|upkeep
|
|t:|1757631333
|switch|p2b: Incineroar|Incineroar, L50, M, tera:Grass|14/100
|-ability|p2b: Incineroar|Intimidate|boost
|-unboost|p1a: Sneasler|atk|1
|-unboost|p1b: Primarina|atk|1
|turn|11
|inactive|enigmaeuw has 30 seconds left.
|inactive|enigmaeuw has 20 seconds left.
|
|t:|1757631372
|move|p1a: Sneasler|Protect|p1a: Sneasler
|-singleturn|p1a: Sneasler|Protect
|move|p1b: Primarina|Protect|p1b: Primarina
|-singleturn|p1b: Primarina|Protect
|move|p2a: Amoonguss|Rage Powder|p2a: Amoonguss
|-singleturn|p2a: Amoonguss|move: Rage Powder
|move|p2b: Incineroar|Knock Off|p1a: Sneasler
|-activate|p1a: Sneasler|move: Protect
|
|-weather|RainDance|[upkeep]
|upkeep
|turn|12
|
|t:|1757631383
|move|p2a: Amoonguss|Rage Powder|p2a: Amoonguss
|-singleturn|p2a: Amoonguss|move: Rage Powder
|move|p1a: Sneasler|Dire Claw|p2a: Amoonguss
|-damage|p2a: Amoonguss|31/100
|move|p1b: Primarina|Haze|p1b: Primarina
|-clearallboost
|move|p2b: Incineroar|Knock Off|p1a: Sneasler
|-resisted|p1a: Sneasler
|-damage|p1a: Sneasler|10/100
|
|-weather|RainDance|[upkeep]
|upkeep
|turn|13
|inactive|enigmaeuw has 30 seconds left.
|
|t:|1757631408
|move|p1a: Sneasler|Dire Claw|p2b: Incineroar
|-supereffective|p2b: Incineroar
|-damage|p2b: Incineroar|0 fnt
|-damage|p1a: Sneasler|0 fnt|[from] item: Rocky Helmet|[of] p2b: Incineroar
|faint|p2b: Incineroar
|faint|p1a: Sneasler
|move|p1b: Primarina|Moonblast|p2a: Amoonguss
|-resisted|p2a: Amoonguss
|-damage|p2a: Amoonguss|12/100
|-unboost|p2a: Amoonguss|spa|1
|move|p2a: Amoonguss|Pollen Puff|p1b: Primarina
|-resisted|p1b: Primarina
|-crit|p1b: Primarina
|-damage|p1b: Primarina|89/100
|
|-weather|none
|upkeep
|turn|14
|inactive|ethnol1816 has 30 seconds left.
|inactive|ethnol1816 has 20 seconds left.
|inactive|ethnol1816 has 15 seconds left.
|
|t:|1757631449
|move|p1b: Primarina|Moonblast|p2a: Amoonguss
|-resisted|p2a: Amoonguss
|-damage|p2a: Amoonguss|0 fnt
|faint|p2a: Amoonguss
|
|win|ethnol1816
||enigmaeuw is ready for game 3.
||ethnol1816 is ready for game 3.
|uhtml|next|Next: Game 3 of 3
