|j|☆Rat Rizzo
|j|☆King_Jamy
|html|Rat RizzoKing_Jamy    
|uhtml|bestof|Game 1 of a best-of-3
|t:|1756718855
|gametype|doubles
|player|p1|Rat Rizzo|169|1137
|player|p2|King_Jamy|smasher|1143
|gen|9
|tier|[Gen 9] VGC 2025 Reg H (Bo3)
|rated|
|rule|Species Clause: Limit one of each Pokémon
|rule|Item Clause: Limit 1 of each item
|clearpoke
|poke|p1|Garchomp, L50, F|
|poke|p1|Jumpluff, L50, F|
|poke|p1|Torkoal, L50, F|
|poke|p1|Dragonite, L50, M|
|poke|p1|Kingambit, L50, F|
|poke|p1|Typhlosion-Hisui, L50, M|
|poke|p2|Annihilape, L50, M|
|poke|p2|Ninetales-Alola, L50, F|
|poke|p2|Talonflame, L50, M|
|poke|p2|Garchomp, L50, M|
|poke|p2|Vivillon-Ocean, L50, F|
|poke|p2|Gholdengo, L50|
|teampreview|4
|showteam|p1|Garchomp||LifeOrb|RoughSkin|DragonClaw,StompingTantrum,Earthquake,Protect|||F|||50|,,,,,Fire]Jumpluff||CovertCloak|Chlorophyll|LeafStorm,SleepPowder,Encore,Tailwind|||F|||50|,,,,,Poison]Torkoal||EjectPack|Drought|Overheat,BurningJealousy,HelpingHand,Protect|||F|||50|,,,,,Flying]Dragonite||LoadedDice|Multiscale|ScaleShot,ExtremeSpeed,IceSpinner,Protect|||M|||50|,,,,,Fairy]Kingambit||AssaultVest|Defiant|IronHead,SuckerPunch,KowtowCleave,LowKick|||F|||50|,,,,,Flying]Typhlosion-Hisui||ChoiceScarf|Blaze|Eruption,ShadowBall,HeatWave,Overheat|||M|||50|,,,,,Fire
|showteam|p2|Annihilape||SafetyGoggles|Defiant|RageFist,DrainPunch,BulkUp,Protect|||M|||50|,,,,,Water]Ninetales-Alola||CovertCloak|SnowWarning|Blizzard,FreezeDry,AuroraVeil,Protect|||F|||50|,,,,,Ice]Talonflame||SharpBeak|GaleWings|DualWingbeat,Tailwind,WillOWisp,Protect|||M|||50|,,,,,Ghost]Garchomp||LifeOrb|RoughSkin|Earthquake,StompingTantrum,DragonClaw,Protect|||M|||50|,,,,,Steel]Vivillon-Ocean||FocusSash|CompoundEyes|SleepPowder,Hurricane,RagePowder,Protect|||F|||50|,,,,,Ghost]Gholdengo||IronPlate|GoodasGold|MakeItRain,ShadowBall,NastyPlot,Protect||||||50|,,,,,Steel
|inactive|Battle timer is ON: inactive players will automatically lose when time's up. (requested by Rat Rizzo)
|inactive|Rat Rizzo has 60 seconds left.
|inactive|Rat Rizzo has 30 seconds left.
|inactive|Rat Rizzo has 20 seconds left.
|inactive|Rat Rizzo has 15 seconds left.
|inactive|Rat Rizzo has 10 seconds left.
|inactive|Rat Rizzo has 5 seconds left.
|
|t:|1756718946
|teamsize|p1|4
|teamsize|p2|4
|start
|switch|p1a: Dragonite|Dragonite, L50, M|100/100
|switch|p1b: Typhlosion|Typhlosion-Hisui, L50, M|100/100
|switch|p2a: Garchomp|Garchomp, L50, M|100/100
|switch|p2b: Ninetales|Ninetales-Alola, L50, F, shiny|100/100
|-weather|Snowscape|[from] ability: Snow Warning|[of] p2b: Ninetales
|turn|1
|inactive|Rat Rizzo has 30 seconds left.
|
|t:|1756718971
|-terastallize|p1b: Typhlosion|Fire
|move|p2b: Ninetales|Protect|p2b: Ninetales
|-singleturn|p2b: Ninetales|Protect
|move|p1b: Typhlosion|Eruption|p2b: Ninetales|[spread] p2a
|-activate|p2b: Ninetales|move: Protect
|-resisted|p2a: Garchomp
|-damage|p2a: Garchomp|61/100
|move|p2a: Garchomp|Earthquake|p1b: Typhlosion|[spread] p1b
|-activate|p2b: Ninetales|move: Protect
|-immune|p1a: Dragonite
|-supereffective|p1b: Typhlosion
|-damage|p1b: Typhlosion|0 fnt
|faint|p1b: Typhlosion
|-damage|p2a: Garchomp|51/100|[from] item: Life Orb
|move|p1a: Dragonite|Scale Shot|p2a: Garchomp
|-supereffective|p2a: Garchomp
|-damage|p2a: Garchomp|18/100
|-supereffective|p2a: Garchomp
|-damage|p2a: Garchomp|0 fnt
|faint|p2a: Garchomp
|-hitcount|p2: Garchomp|2
|-unboost|p1a: Dragonite|def|1
|-boost|p1a: Dragonite|spe|1
|
|-weather|Snowscape|[upkeep]
|upkeep
|inactive|King_Jamy has 30 seconds left.
|
|t:|1756719003
|switch|p2a: Vivillon|Vivillon-Ocean, L50, F|100/100
|switch|p1b: Kingambit|Kingambit, L50, F|100/100
|turn|2
|
|t:|1756719011
|move|p1a: Dragonite|Ice Spinner|p2a: Vivillon
|-supereffective|p2a: Vivillon
|-enditem|p2a: Vivillon|Focus Sash
|-damage|p2a: Vivillon|1/100
|move|p2b: Ninetales|Aurora Veil|p2b: Ninetales
|-sidestart|p2: King_Jamy|move: Aurora Veil
|move|p2a: Vivillon|Sleep Powder|p1a: Dragonite
|-status|p1a: Dragonite|slp|[from] move: Sleep Powder
|move|p1b: Kingambit|Iron Head|p2b: Ninetales
|-supereffective|p2b: Ninetales
|-damage|p2b: Ninetales|0 fnt
|faint|p2b: Ninetales
|
|-weather|Snowscape|[upkeep]
|upkeep
|
|t:|1756719022
|switch|p2b: Annihilape|Annihilape, L50, M, shiny|100/100
|turn|3
|
|t:|1756719040
|switch|p1b: Garchomp|Garchomp, L50, F|100/100
|cant|p1a: Dragonite|slp
|move|p2b: Annihilape|Bulk Up|p2b: Annihilape
|-boost|p2b: Annihilape|atk|1
|-boost|p2b: Annihilape|def|1
|move|p2a: Vivillon|Sleep Powder|p1b: Garchomp
|-status|p1b: Garchomp|slp|[from] move: Sleep Powder
|
|-weather|Snowscape|[upkeep]
|upkeep
|turn|4
|
|t:|1756719053
|cant|p1a: Dragonite|slp
|cant|p1b: Garchomp|slp
|move|p2b: Annihilape|Rage Fist|p1a: Dragonite
|-damage|p1a: Dragonite|77/100 slp
|move|p2a: Vivillon|Hurricane|p1a: Dragonite
|-damage|p1a: Dragonite|26/100 slp
|
|-weather|Snowscape|[upkeep]
|upkeep
|turn|5
|
|t:|1756719066
|move|p2a: Vivillon|Protect|p2a: Vivillon
|-singleturn|p2a: Vivillon|Protect
|-curestatus|p1a: Dragonite|slp|[msg]
|move|p1a: Dragonite|Extreme Speed|p2a: Vivillon
|-activate|p2a: Vivillon|move: Protect
|cant|p1b: Garchomp|slp
|move|p2b: Annihilape|Rage Fist|p1a: Dragonite
|-damage|p1a: Dragonite|0 fnt
|faint|p1a: Dragonite
|
|-weather|none
|upkeep
|
|t:|1756719069
|switch|p1a: Kingambit|Kingambit, L50, F|100/100
|turn|6
|
|t:|1756719081
|move|p1a: Kingambit|Sucker Punch||[still]
|-fail|p1a: Kingambit
|cant|p1b: Garchomp|slp
|move|p2b: Annihilape|Bulk Up|p2b: Annihilape
|-boost|p2b: Annihilape|atk|1
|-boost|p2b: Annihilape|def|1
|move|p2a: Vivillon|Sleep Powder|p1a: Kingambit
|-status|p1a: Kingambit|slp|[from] move: Sleep Powder
|
|-sideend|p2: King_Jamy|move: Aurora Veil
|upkeep
|turn|7
|
|t:|1756719090
|cant|p1a: Kingambit|slp
|-curestatus|p1b: Garchomp|slp|[msg]
|move|p1b: Garchomp|Dragon Claw|p2a: Vivillon
|-damage|p2a: Vivillon|0 fnt
|faint|p2a: Vivillon
|-damage|p1b: Garchomp|91/100|[from] item: Life Orb
|move|p2b: Annihilape|Drain Punch|p1a: Kingambit
|-supereffective|p1a: Kingambit
|-damage|p1a: Kingambit|0 fnt
|faint|p1a: Kingambit
|
|upkeep
|turn|8
|
|t:|1756719099
|move|p1b: Garchomp|Earthquake|p2b: Annihilape
|-damage|p2b: Annihilape|66/100
|-damage|p1b: Garchomp|81/100|[from] item: Life Orb
|move|p2b: Annihilape|Drain Punch|p1b: Garchomp
|-damage|p1b: Garchomp|23/100
|-heal|p2b: Annihilape|90/100|[from] drain|[of] p1b: Garchomp
|-damage|p2b: Annihilape|78/100|[from] ability: Rough Skin|[of] p1b: Garchomp
|
|upkeep
|turn|9
|-message|Rat Rizzo forfeited.
|
|win|King_Jamy
