|j|☆j.arch
|j|☆eeveesbabydaddy
|html|j.archeeveesbabydaddy    
|uhtml|bestof|Game 1 of a best-of-3
|t:|1757651927
|gametype|doubles
|player|p1|j.arch|blue|1121
|player|p2|eeveesbabydaddy|archie-usum|1204
|gen|9
|tier|[Gen 9] VGC 2025 Reg H (Bo3)
|rated|
|rule|Species Clause: Limit one of each Pokémon
|rule|Item Clause: Limit 1 of each item
|clearpoke
|poke|p1|Annihilape, L50, M|
|poke|p1|Pelipper, L50, F|
|poke|p1|Archaludon, L50, F|
|poke|p1|Breloom, L50, M|
|poke|p1|Farigiraf, L50, F|
|poke|p1|Incineroar, L50, M|
|poke|p2|Corviknight, L50, F|
|poke|p2|Archaludon, L50, F|
|poke|p2|Whimsicott, L50, F|
|poke|p2|Garchomp, L50, F|
|poke|p2|Sneasler, L50, M|
|poke|p2|Incineroar, L50, M|
|teampreview|4
|showteam|p1|Annihilape||ChoiceScarf|Defiant|Uturn,FinalGambit,DrainPunch,RageFist|||M|||50|,,,,,Poison]Pelipper||CovertCloak|Drizzle|Tailwind,Hurricane,WeatherBall,Protect|||F|||50|,,,,,Dark]Archaludon||AssaultVest|Stamina|DragonPulse,ElectroShot,BodyPress,FlashCannon|||F|||50|,,,,,Bug]Breloom||FocusSash|Technician|Spore,MachPunch,BulletSeed,SwordsDance|||M|||50|,,,,,Ghost]Farigiraf||ThroatSpray|ArmorTail|HyperVoice,Psychic,HelpingHand,TrickRoom|||F|||50|,,,,,Fairy]Incineroar||SitrusBerry|Intimidate|KnockOff,FakeOut,FlareBlitz,PartingShot|||M|||50|,,,,,Water
|showteam|p2|Corviknight||SitrusBerry|MirrorArmor|BraveBird,PowerTrip,BulkUp,Roost|||F|||50|,,,,,Dragon]Archaludon||PowerHerb|Sturdy|ElectroShot,DracoMeteor,FlashCannon,Protect|||F|||50|,,,,,Electric]Whimsicott||CovertCloak|Prankster|Moonblast,LightScreen,Tailwind,Taunt|||F|||50|,,,,,Poison]Garchomp||LoadedDice|RoughSkin|StompingTantrum,Earthquake,ScaleShot,Protect|||F|||50|,,,,,Water]Sneasler||FocusSash|PoisonTouch|DireClaw,CloseCombat,FakeOut,Protect|||M|||50|,,,,,Ghost]Incineroar||SafetyGoggles|Intimidate|FlareBlitz,KnockOff,PartingShot,FakeOut|||M|||50|,,,,,Dragon
|inactive|Battle timer is ON: inactive players will automatically lose when time's up. (requested by j.arch)
|
|t:|1757651998
|teamsize|p1|4
|teamsize|p2|4
|start
|switch|p1a: Annihilape|Annihilape, L50, M|100/100
|switch|p1b: Pelipper|Pelipper, L50, F|100/100
|switch|p2a: Garchomp|Garchomp, L50, F|100/100
|switch|p2b: Sneasler|Sneasler, L50, M, shiny|100/100
|-weather|RainDance|[from] ability: Drizzle|[of] p1b: Pelipper
|turn|1
|
|t:|1757652016
|switch|p1b: Farigiraf|Farigiraf, L50, F|100/100
|move|p2a: Garchomp|Protect|p2a: Garchomp
|-singleturn|p2a: Garchomp|Protect
|move|p1a: Annihilape|U-turn|p2b: Sneasler
|-resisted|p2b: Sneasler
|-damage|p2b: Sneasler|93/100
|
|t:|1757652030
|switch|p1a: Archaludon|Archaludon, L50, F|100/100|[from] U-turn
|move|p2b: Sneasler|Dire Claw|p1b: Farigiraf
|-damage|p1b: Farigiraf|61/100
|-status|p1b: Farigiraf|par
|
|-weather|RainDance|[upkeep]
|upkeep
|turn|2
|inactive|eeveesbabydaddy has 30 seconds left.
|
|t:|1757652059
|switch|p1a: Pelipper|Pelipper, L50, F|100/100
|move|p2b: Sneasler|Dire Claw|p1b: Farigiraf
|-damage|p1b: Farigiraf|17/100 par
|move|p2a: Garchomp|Stomping Tantrum|p1b: Farigiraf
|-damage|p1b: Farigiraf|0 fnt
|faint|p1b: Farigiraf
|
|-weather|RainDance|[upkeep]
|upkeep
|
|t:|1757652072
|switch|p1b: Annihilape|Annihilape, L50, M|100/100
|turn|3
|
|t:|1757652089
|move|p1b: Annihilape|Final Gambit|p2a: Garchomp
|-damage|p2a: Garchomp|0 fnt
|faint|p1b: Annihilape
|faint|p2a: Garchomp
|move|p2b: Sneasler|Dire Claw|p1a: Pelipper
|-damage|p1a: Pelipper|55/100
|move|p1a: Pelipper|Tailwind|p1a: Pelipper
|-sidestart|p1: j.arch|move: Tailwind
|
|-weather|RainDance|[upkeep]
|upkeep
|
|t:|1757652105
|switch|p2a: Incineroar|Incineroar, L50, M|100/100
|switch|p1b: Archaludon|Archaludon, L50, F|100/100
|-ability|p2a: Incineroar|Intimidate|boost
|-unboost|p1a: Pelipper|atk|1
|-unboost|p1b: Archaludon|atk|1
|turn|4
|
|t:|1757652124
|switch|p2b: Corviknight|Corviknight, L50, F, shiny|100/100
|move|p2a: Incineroar|Fake Out|p1b: Archaludon
|-resisted|p1b: Archaludon
|-damage|p1b: Archaludon|96/100
|-ability|p1b: Archaludon|Stamina|boost
|-boost|p1b: Archaludon|def|1
|cant|p1b: Archaludon|flinch
|move|p1a: Pelipper|Hurricane|p2b: Corviknight
|-resisted|p2b: Corviknight
|-crit|p2b: Corviknight
|-damage|p2b: Corviknight|69/100
|
|-weather|RainDance|[upkeep]
|upkeep
|turn|5
|inactive|eeveesbabydaddy has 30 seconds left.
|inactive|eeveesbabydaddy has 20 seconds left.
|
|t:|1757652159
|-terastallize|p2b: Corviknight|Dragon
|move|p1b: Archaludon|Electro Shot||[still]
|-prepare|p1b: Archaludon|Electro Shot
|-boost|p1b: Archaludon|spa|1
|-anim|p1b: Archaludon|Electro Shot|p2b: Corviknight
|-resisted|p2b: Corviknight
|-crit|p2b: Corviknight
|-damage|p2b: Corviknight|29/100
|-enditem|p2b: Corviknight|Sitrus Berry|[eat]
|-heal|p2b: Corviknight|54/100|[from] item: Sitrus Berry
|move|p1a: Pelipper|Weather Ball|p2a: Incineroar
|-supereffective|p2a: Incineroar
|-damage|p2a: Incineroar|0 fnt
|faint|p2a: Incineroar
|move|p2b: Corviknight|Roost|p2b: Corviknight
|-heal|p2b: Corviknight|100/100
|
|-weather|none
|upkeep
|
|t:|1757652174
|switch|p2a: Sneasler|Sneasler, L50, M, shiny|93/100
|turn|6
|
|t:|1757652189
|move|p2a: Sneasler|Protect|p2a: Sneasler
|-singleturn|p2a: Sneasler|Protect
|move|p1b: Archaludon|Dragon Pulse|p2b: Corviknight
|-supereffective|p2b: Corviknight
|-damage|p2b: Corviknight|1/100
|move|p1a: Pelipper|Hurricane|p2a: Sneasler
|-activate|p2a: Sneasler|move: Protect
|move|p2b: Corviknight|Brave Bird|p1a: Pelipper
|-damage|p1a: Pelipper|10/100
|-damage|p2b: Corviknight|0 fnt|[from] Recoil
|faint|p2b: Corviknight
|
|-sideend|p1: j.arch|move: Tailwind
|upkeep
|turn|7
|
|t:|1757652210
|move|p2a: Sneasler|Dire Claw|p1a: Pelipper
|-damage|p1a: Pelipper|0 fnt
|faint|p1a: Pelipper
|move|p1b: Archaludon|Dragon Pulse|p2a: Sneasler
|-damage|p2a: Sneasler|8/100
|
|upkeep
|turn|8
|
|t:|1757652220
|move|p2a: Sneasler|Close Combat|p1b: Archaludon
|-supereffective|p1b: Archaludon
|-damage|p1b: Archaludon|37/100
|-unboost|p2a: Sneasler|def|1
|-unboost|p2a: Sneasler|spd|1
|-ability|p1b: Archaludon|Stamina|boost
|-boost|p1b: Archaludon|def|1
|move|p1b: Archaludon|Dragon Pulse|p2a: Sneasler
|-damage|p2a: Sneasler|0 fnt
|faint|p2a: Sneasler
|
|win|j.arch
||eeveesbabydaddy is ready for game 2.
|inactive|j.arch has 30 seconds to confirm battle start!
|inactive|j.arch has 20 seconds to confirm battle start!
|l|☆j.arch
|player|p1|
||j.arch is ready for game 2.
|uhtml|next|Next: Game 2 of 3
