|j|☆billimagchili
|j|☆Cristante terabug
|html|billimagchiliCristante terabug    
|uhtml|bestof|Game 1 of a best-of-3
|t:|1756396192
|gametype|doubles
|player|p1|billimagchili|red|1030
|player|p2|Cristante terabug|kieran-champion|1117
|gen|9
|tier|[Gen 9] VGC 2025 Reg H (Bo3)
|rated|
|rule|Species Clause: Limit one of each Pokémon
|rule|Item Clause: Limit 1 of each item
|clearpoke
|poke|p1|Incineroar, L50, M|
|poke|p1|Dragonite, L50, M|
|poke|p1|Whimsicott, L50, F|
|poke|p1|Sneasler, L50, F|
|poke|p1|Primarina, L50, F|
|poke|p1|Annihilape, L50, M|
|poke|p2|Incineroar, L50, M|
|poke|p2|Pelipper, L50, M|
|poke|p2|Archaludon, L50, M|
|poke|p2|Dragonite, L50, M|
|poke|p2|Sinistcha, L50|
|poke|p2|Ursaluna, L50, F|
|teampreview|4
|showteam|p1|Incineroar||SafetyGoggles|Intimidate|FakeOut,KnockOff,PartingShot,Taunt|||M|||50|,,,,,Ghost]Dragonite||LoadedDice|InnerFocus|ScaleShot,ExtremeSpeed,Protect,Tailwind|||M|||50|,,,,,Fairy]Whimsicott||CovertCloak|Prankster|Tailwind,Encore,Moonblast,SunnyDay|||F|||50|,,,,,Poison]Sneasler||WhiteHerb|Unburden|DireClaw,CloseCombat,ThroatChop,Protect|||F|||50|,,,,,Stellar]Primarina||ThroatSpray|LiquidVoice|HyperVoice,Moonblast,Haze,Protect|||F|||50|,,,,,Poison]Annihilape||SitrusBerry|Defiant|RageFist,DrainPunch,Protect,BulkUp|||M|||50|,,,,,Fire
|showteam|p2|Incineroar||SafetyGoggles|Intimidate|FakeOut,PartingShot,KnockOff,FlareBlitz|||M|||50|,,,,,Flying]Pelipper||FocusSash|Drizzle|Hurricane,MuddyWater,Tailwind,Protect|||M|||50|,,,,,Ghost]Archaludon||AssaultVest|Stamina|ElectroShot,Snarl,FlashCannon,BodyPress|||M|||50|,,,,,Bug]Dragonite||LoadedDice|Multiscale|ScaleShot,Tailwind,Haze,Protect|||M|||50|,,,,,Fairy]Sinistcha||SitrusBerry|Hospitality|MatchaGotcha,RagePowder,LifeDew,TrickRoom||||||50|,,,,,Dark]Ursaluna||FlameOrb|Guts|Earthquake,Facade,HeadlongRush,Protect|||F|||50|,,,,,Ghost
|
|t:|1756396264
|teamsize|p1|4
|teamsize|p2|4
|start
|switch|p1a: Rikki|Primarina, L50, F, shiny|100/100
|switch|p1b: Silvermist|Whimsicott, L50, F, shiny|100/100
|switch|p2a: Dragonite|Dragonite, L50, M|100/100
|switch|p2b: Sinistcha|Sinistcha, L50, shiny|100/100
|turn|1
|inactive|Battle timer is ON: inactive players will automatically lose when time's up. (requested by Cristante terabug)
|inactive|Cristante terabug has 60 seconds left.
|
|t:|1756396299
|switch|p2a: Archaludon|Archaludon, L50, M|100/100
|-terastallize|p1a: Rikki|Poison
|move|p1b: Silvermist|Tailwind|p1b: Silvermist
|-sidestart|p1: billimagchili|move: Tailwind
|move|p1a: Rikki|Moonblast|p2a: Archaludon
|-damage|p2a: Archaludon|52/100
|-ability|p2a: Archaludon|Stamina|boost
|-boost|p2a: Archaludon|def|1
|move|p2b: Sinistcha|Trick Room|p2b: Sinistcha
|-fieldstart|move: Trick Room|[of] p2b: Sinistcha
|
|upkeep
|turn|2
|inactive|billimagchili has 30 seconds left.
|
|t:|1756396326
|move|p1b: Silvermist|Encore|p2b: Sinistcha
|-start|p2b: Sinistcha|Encore
|move|p2b: Sinistcha|Trick Room|p2b: Sinistcha
|-fieldend|move: Trick Room
|move|p1a: Rikki|Moonblast|p2a: Archaludon
|-damage|p2a: Archaludon|8/100
|-ability|p2a: Archaludon|Stamina|boost
|-boost|p2a: Archaludon|def|1
|move|p2a: Archaludon|Flash Cannon|p1b: Silvermist
|-supereffective|p1b: Silvermist
|-damage|p1b: Silvermist|0 fnt
|faint|p1b: Silvermist
|
|upkeep
|
|t:|1756396341
|switch|p1b: Valoo|Dragonite, L50, M|100/100
|turn|3
|
|t:|1756396354
|move|p1b: Valoo|Scale Shot|p2b: Sinistcha|[miss]
|-miss|p1b: Valoo|p2b: Sinistcha
|move|p1a: Rikki|Hyper Voice|p2b: Sinistcha|[spread] p2a,p2b
|-resisted|p2a: Archaludon
|-resisted|p2b: Sinistcha
|-damage|p2a: Archaludon|0 fnt
|-damage|p2b: Sinistcha|85/100
|faint|p2a: Archaludon
|-enditem|p1a: Rikki|Throat Spray
|-boost|p1a: Rikki|spa|1|[from] item: Throat Spray
|move|p2b: Sinistcha|Trick Room|p2b: Sinistcha
|-fieldstart|move: Trick Room|[of] p2b: Sinistcha
|
|upkeep
|
|t:|1756396359
|switch|p2a: Ursaluna|Ursaluna, L50, F|100/100
|turn|4
|
|t:|1756396371
|switch|p2b: Dragonite|Dragonite, L50, M|100/100
|move|p2a: Ursaluna|Protect|p2a: Ursaluna
|-singleturn|p2a: Ursaluna|Protect
|move|p1a: Rikki|Protect|p1a: Rikki
|-singleturn|p1a: Rikki|Protect
|move|p1b: Valoo|Scale Shot|p2a: Ursaluna
|-activate|p2a: Ursaluna|move: Protect
|
|-sideend|p1: billimagchili|move: Tailwind
|-status|p2a: Ursaluna|brn|[from] item: Flame Orb
|upkeep
|turn|5
|inactive|billimagchili has 30 seconds left.
|inactive|Cristante terabug has 30 seconds left.
|inactive|Cristante terabug has 20 seconds left.
|inactive|Cristante terabug has 15 seconds left.
|inactive|Cristante terabug has 10 seconds left.
|
|t:|1756396420
|-terastallize|p2a: Ursaluna|Ghost
|move|p2a: Ursaluna|Facade|p1b: Valoo
|-damage|p1b: Valoo|0 fnt
|faint|p1b: Valoo
|move|p1a: Rikki|Moonblast|p2b: Dragonite
|-supereffective|p2b: Dragonite
|-crit|p2b: Dragonite
|-damage|p2b: Dragonite|0 fnt
|faint|p2b: Dragonite
|
|-damage|p2a: Ursaluna|94/100 brn|[from] brn
|upkeep
|
|t:|1756396430
|switch|p2b: Sinistcha|Sinistcha, L50, shiny|85/100
|switch|p1b: Aurra Sing|Sneasler, L50, F, shiny|100/100
|-heal|p2a: Ursaluna|100/100 brn|[from] ability: Hospitality|[of] p2b: Sinistcha
|turn|6
|
|t:|1756396442
|move|p1b: Aurra Sing|Protect|p1b: Aurra Sing
|-singleturn|p1b: Aurra Sing|Protect
|move|p2b: Sinistcha|Life Dew||[still]|[spread] p2a,p2b
|-fail|p2a: Ursaluna|heal
|-heal|p2b: Sinistcha|100/100
|move|p2a: Ursaluna|Earthquake|p1a: Rikki|[spread] p2b,p1a
|-activate|p1b: Aurra Sing|move: Protect
|-resisted|p2b: Sinistcha
|-supereffective|p1a: Rikki
|-damage|p2b: Sinistcha|71/100
|-damage|p1a: Rikki|0 fnt
|faint|p1a: Rikki
|
|-damage|p2a: Ursaluna|94/100 brn|[from] brn
|upkeep
|turn|7
|
|t:|1756396454
|move|p1b: Aurra Sing|Protect||[still]
|-fail|p1b: Aurra Sing
|move|p2b: Sinistcha|Rage Powder|p2b: Sinistcha
|-singleturn|p2b: Sinistcha|move: Rage Powder
|move|p2a: Ursaluna|Headlong Rush|p1b: Aurra Sing
|-supereffective|p1b: Aurra Sing
|-damage|p1b: Aurra Sing|0 fnt
|-unboost|p2a: Ursaluna|def|1
|-unboost|p2a: Ursaluna|spd|1
|faint|p1b: Aurra Sing
|
|win|Cristante terabug
