|j|☆LuxRanger
|j|☆listhemagician
|html|LuxRangerlisthemagician    
|uhtml|bestof|Game 3 of a best-of-3
|t:|1783191796
|gametype|doubles
|player|p1|LuxRanger|roxie|
|player|p2|listhemagician|cheryl|
|gen|9
|tier|[Gen 9 Champions] VGC 2026 Reg M-B (Bo3)
|rule|Species Clause: Limit one of each Pokémon
|rule|Item Clause: Limit 1 of each item
|clearpoke
|poke|p1|Dragalge, L50, M|
|poke|p1|Maushold-Four, L50, shiny|
|poke|p1|Sinistcha-Masterpiece, L50, shiny|
|poke|p1|Mawile, L50, M, shiny|
|poke|p1|Farigiraf, L50, F, shiny|
|poke|p1|Kingambit, L50, F|
|poke|p2|Charizard, L50, M, shiny|
|poke|p2|Venusaur, L50, F, shiny|
|poke|p2|Torkoal, L50, F|
|poke|p2|Sneasler, L50, F|
|poke|p2|Pyroar, L50, M|
|poke|p2|Rotom-Wash, L50, shiny|
|teampreview|4
|showteam|p1|Dragalge||Dragalgite|Adaptability|Toxic,DragonPulse,Scald,SludgeBomb|Relaxed||M|||50|]Maushold-Four||SitrusBerry|FriendGuard|FollowMe,SuperFang,Encore,Protect|Timid|||||50|]Sinistcha-Masterpiece||OccaBerry|Hospitality|TrickRoom,MatchaGotcha,RagePowder,LifeDew|Relaxed|||||50|]Mawile||Mawilite|Intimidate|SwordsDance,SuckerPunch,FireFang,PlayRough|Brave||M|||50|]Farigiraf||Leftovers|ArmorTail|TrickRoom,Psychic,Protect,HelpingHand|Sassy||F|||50|]Kingambit||ChopleBerry|Defiant|KowtowCleave,SuckerPunch,IronHead,Protect|Adamant||F|||50|
|showteam|p2|Charizard||CharizarditeY|Blaze|HeatWave,WeatherBall,Protect,SolarBeam|Modest||M|||50|]Venusaur||WideLens|Chlorophyll|Protect,SleepPowder,SolarBeam,SludgeBomb|Modest||F|||50|]Torkoal||Charcoal|Drought|Eruption,Protect,HelpingHand,Yawn|Bold||F|||50|]Sneasler||WhiteHerb|Unburden|FakeOut,CloseCombat,DireClaw,Protect|Adamant||F|||50|]Pyroar||Pyroarite|Unnerve|HeatWave,Overheat,Protect,Yawn|Timid||M|||50|]Rotom-Wash||SitrusBerry|Levitate|Electroweb,HydroPump,Protect,WillOWisp|Modest|||||50|
|
|t:|1783191841
|teamsize|p1|4
|teamsize|p2|4
|start
|switch|p1a: Dragalge|Dragalge, L50, M|100/100
|switch|p1b: Sinistcha|Sinistcha-Masterpiece, L50, shiny|100/100
|switch|p2a: Torkoal|Torkoal, L50, F|100/100
|switch|p2b: Pyroar|Pyroar, L50, M|100/100
|-ability|p2b: Pyroar|Unnerve
|-weather|SunnyDay|[from] ability: Drought|[of] p2a: Torkoal
|turn|1
|
|t:|1783191887
|detailschange|p2b: Pyroar|Pyroar-Mega, L50, M
|-mega|p2b: Pyroar|Pyroar|Pyroarite
|detailschange|p1a: Dragalge|Dragalge-Mega, L50, M
|-mega|p1a: Dragalge|Dragalge|Dragalgite
|move|p2a: Torkoal|Protect|p2a: Torkoal
|-singleturn|p2a: Torkoal|Protect
|move|p2b: Pyroar|Heat Wave|p1b: Sinistcha|[spread] p1a,p1b
|-resisted|p1a: Dragalge|1
|-supereffective|p1b: Sinistcha|1
|-crit|p1b: Sinistcha
|-enditem|p1b: Sinistcha|Occa Berry|[eat]
|-enditem|p1b: Sinistcha|Occa Berry|[weaken]
|-damage|p1a: Dragalge|73/100
|-damage|p1b: Sinistcha|0 fnt
|faint|p1b: Sinistcha
|move|p1a: Dragalge|Toxic|p2b: Pyroar
|-status|p2b: Pyroar|tox
|
|-weather|SunnyDay|[upkeep]
|-damage|p2b: Pyroar|93/100 tox|[from] psn
|upkeep
|
|t:|1783191895
|switch|p1b: Farigiraf|Farigiraf, L50, F, shiny|100/100
|turn|2
|
|t:|1783191926
|move|p1b: Farigiraf|Helping Hand|p1a: Dragalge
|-singleturn|p1a: Dragalge|Helping Hand|[of] p1b: Farigiraf
|move|p2b: Pyroar|Overheat|p1b: Farigiraf
|-damage|p1b: Farigiraf|0 fnt
|-unboost|p2b: Pyroar|spa|2
|faint|p1b: Farigiraf
|move|p1a: Dragalge|Scald|p2b: Pyroar
|-supereffective|p2b: Pyroar|1
|-damage|p2b: Pyroar|49/100 tox
|move|p2a: Torkoal|Eruption|p1a: Dragalge
|-resisted|p1a: Dragalge|1
|-damage|p1a: Dragalge|44/100
|
|-weather|SunnyDay|[upkeep]
|-damage|p2b: Pyroar|37/100 tox|[from] psn
|upkeep
|
|t:|1783191930
|switch|p1b: Kingambit|Kingambit, L50, F|100/100
|turn|3
|
|t:|1783191956
|move|p2a: Torkoal|Helping Hand|p2b: Pyroar
|-singleturn|p2b: Pyroar|Helping Hand|[of] p2a: Torkoal
|move|p1b: Kingambit|Sucker Punch|p2b: Pyroar
|-damage|p2b: Pyroar|0 fnt
|faint|p2b: Pyroar
|move|p1a: Dragalge|Scald|p2a: Torkoal
|-supereffective|p2a: Torkoal|1
|-damage|p2a: Torkoal|66/100
|
|-weather|SunnyDay|[upkeep]
|upkeep
|
|t:|1783191971
|switch|p2b: Sneasler|Sneasler, L50, F|100/100
|turn|4
|
|t:|1783191989
|move|p2b: Sneasler|Fake Out|p1a: Dragalge
|-damage|p1a: Dragalge|32/100
|move|p1b: Kingambit|Iron Head|p2b: Sneasler
|-damage|p2b: Sneasler|15/100
|cant|p1a: Dragalge|flinch
|move|p2a: Torkoal|Yawn|p1b: Kingambit
|-start|p1b: Kingambit|move: Yawn|[of] p2a: Torkoal
|
|-weather|SunnyDay|[upkeep]
|upkeep
|turn|5
|
|t:|1783192007
|switch|p2a: Rotom|Rotom-Wash, L50, shiny|100/100
|move|p2b: Sneasler|Protect|p2b: Sneasler
|-singleturn|p2b: Sneasler|Protect
|move|p1b: Kingambit|Sucker Punch||[still]
|-fail|p1b: Kingambit
|move|p1a: Dragalge|Scald|p2a: Rotom
|-resisted|p2a: Rotom|1
|-damage|p2a: Rotom|92/100
|
|-weather|none
|-end|p1b: Kingambit|move: Yawn|[silent]
|-status|p1b: Kingambit|slp
|upkeep
|turn|6
|
|t:|1783192047
|cant|p1b: Kingambit|slp
|move|p2b: Sneasler|Close Combat|p1b: Kingambit
|-supereffective|p1b: Kingambit|2
|-enditem|p1b: Kingambit|Chople Berry|[eat]
|-enditem|p1b: Kingambit|Chople Berry|[weaken]
|-damage|p1b: Kingambit|0 fnt
|-unboost|p2b: Sneasler|def|1
|-unboost|p2b: Sneasler|spd|1
|faint|p1b: Kingambit
|-enditem|p2b: Sneasler|White Herb
|-clearnegativeboost|p2b: Sneasler|[silent]
|move|p2a: Rotom|Will-O-Wisp|p1a: Dragalge|[miss]
|-miss|p2a: Rotom|p1a: Dragalge
|move|p1a: Dragalge|Sludge Bomb|p2b: Sneasler
|-resisted|p2b: Sneasler|1
|-damage|p2b: Sneasler|0 fnt
|faint|p2b: Sneasler
|
|upkeep
|
|t:|1783192065
|switch|p2b: Torkoal|Torkoal, L50, F|66/100
|-weather|SunnyDay|[from] ability: Drought|[of] p2b: Torkoal
|turn|7
|
|t:|1783192083
|move|p2b: Torkoal|Protect|p2b: Torkoal
|-singleturn|p2b: Torkoal|Protect
|move|p2a: Rotom|Will-O-Wisp|p1a: Dragalge
|-status|p1a: Dragalge|brn
|move|p1a: Dragalge|Scald|p2b: Torkoal
|-activate|p2b: Torkoal|move: Protect
|
|-weather|SunnyDay|[upkeep]
|-damage|p1a: Dragalge|26/100 brn|[from] brn
|upkeep
|turn|8
|
|t:|1783192106
|move|p2a: Rotom|Electroweb|p1a: Dragalge
|-resisted|p1a: Dragalge|1
|-damage|p1a: Dragalge|18/100 brn
|-unboost|p1a: Dragalge|spe|1
|move|p2b: Torkoal|Eruption|p1a: Dragalge
|-resisted|p1a: Dragalge|1
|-damage|p1a: Dragalge|0 fnt
|faint|p1a: Dragalge
|
|win|listhemagician
|l|☆LuxRanger
|player|p1|
