|j|☆humanbacon
|j|☆PaquitoelBollito
|html|humanbaconPaquitoelBollito    
|uhtml|bestof|Game 2 of a best-of-3
|t:|1783879426
|gametype|doubles
|player|p1|humanbacon|acetrainer|1130
|player|p2|PaquitoelBollito|102|1120
|gen|9
|tier|[Gen 9 Champions] VGC 2026 Reg M-B (Bo3)
|rated|
|rule|Species Clause: Limit one of each Pokémon
|rule|Item Clause: Limit 1 of each item
|clearpoke
|poke|p1|Raichu, L50, M|
|poke|p1|Venusaur, L50, F|
|poke|p1|Milotic, L50, M|
|poke|p1|Ninetales-Alola, L50, F|
|poke|p1|Garchomp, L50, F|
|poke|p1|Incineroar, L50, M|
|poke|p2|Aerodactyl, L50, M|
|poke|p2|Kingambit, L50, M|
|poke|p2|Garchomp, L50, M|
|poke|p2|Farigiraf, L50, M|
|poke|p2|Charizard, L50, F|
|poke|p2|Sylveon, L50, M|
|teampreview|4
|showteam|p1|Raichu||RaichuniteY|LightningRod|ZapCannon,FocusBlast,FakeOut,Protect|Timid||M|||50|]Venusaur||Venusaurite|Chlorophyll|EnergyBall,SludgeBomb,LeechSeed,Protect|Modest||F|||50|]Milotic||Leftovers|Competitive|Scald,IcyWind,LifeDew,Protect|Modest||M|||50|]Ninetales-Alola||FocusSash|SnowWarning|FreezeDry,IcyWind,Moonblast,Protect|Timid||F|||50|]Garchomp||RoseliBerry|RoughSkin|DragonClaw,StompingTantrum,RockTomb,Protect|Adamant||F|||50|]Incineroar||SitrusBerry|Intimidate|FakeOut,ThroatChop,PartingShot,FlareBlitz|Adamant||M|||50|
|showteam|p2|Aerodactyl||Aerodactylite|Unnerve|Tailwind,DualWingbeat,IceFang,RockSlide|Jolly||M|||50|]Kingambit||BlackGlasses|Defiant|SuckerPunch,KowtowCleave,Protect,LowKick|Adamant||M|||50|]Garchomp||LifeOrb|RoughSkin|Protect,DragonClaw,Earthquake,StompingTantrum|Jolly||M|||50|]Farigiraf||SitrusBerry|ArmorTail|PsychicFangs,Thunderbolt,TrickRoom,SunnyDay|Relaxed||M|||50|]Charizard||CharizarditeY|Blaze|Protect,HeatWave,WeatherBall,SolarBeam|Modest||F|||50|]Sylveon||FairyFeather|Pixilate|HyperVoice,Protect,QuickAttack,HyperBeam|Modest||M|||50|
|inactive|Battle timer is ON: inactive players will automatically lose when time's up. (requested by PaquitoelBollito)
|inactive|humanbacon has 60 seconds left.
|
|t:|1783879460
|teamsize|p1|4
|teamsize|p2|4
|start
|switch|p1a: Incineroar|Incineroar, L50, M|100/100
|switch|p1b: Venusaur|Venusaur, L50, F|100/100
|switch|p2a: Aerodactyl|Aerodactyl, L50, M|100/100
|switch|p2b: Kingambit|Kingambit, L50, M|100/100
|-ability|p2a: Aerodactyl|Unnerve
|-ability|p1a: Incineroar|Intimidate|boost
|-unboost|p2a: Aerodactyl|atk|1
|-unboost|p2b: Kingambit|atk|1
|-ability|p2b: Kingambit|Defiant|boost
|-boost|p2b: Kingambit|atk|2
|turn|1
|inactive|PaquitoelBollito has 30 seconds left.
|inactive|PaquitoelBollito has 20 seconds left.
|
|t:|1783879495
|detailschange|p2a: Aerodactyl|Aerodactyl-Mega, L50, M
|-mega|p2a: Aerodactyl|Aerodactyl|Aerodactylite
|detailschange|p1b: Venusaur|Venusaur-Mega, L50, F
|-mega|p1b: Venusaur|Venusaur|Venusaurite
|move|p1a: Incineroar|Fake Out|p2a: Aerodactyl
|-resisted|p2a: Aerodactyl|1
|-damage|p2a: Aerodactyl|92/100
|cant|p2a: Aerodactyl|flinch
|move|p2b: Kingambit|Low Kick|p1a: Incineroar
|-supereffective|p1a: Incineroar|1
|-damage|p1a: Incineroar|18/100
|-enditem|p1a: Incineroar|Sitrus Berry|[eat]
|-heal|p1a: Incineroar|43/100|[from] item: Sitrus Berry
|move|p1b: Venusaur|Leech Seed|p2a: Aerodactyl
|-start|p2a: Aerodactyl|move: Leech Seed
|
|-damage|p2a: Aerodactyl|80/100|[from] Leech Seed|[of] p1b: Venusaur
|upkeep
|turn|2
|inactive|PaquitoelBollito has 30 seconds left.
|
|t:|1783879532
|move|p2a: Aerodactyl|Tailwind|p2a: Aerodactyl
|-sidestart|p2: PaquitoelBollito|move: Tailwind
|move|p2b: Kingambit|Low Kick|p1a: Incineroar
|-supereffective|p1a: Incineroar|1
|-damage|p1a: Incineroar|0 fnt
|faint|p1a: Incineroar
|move|p1b: Venusaur|Leech Seed|p2b: Kingambit
|-start|p2b: Kingambit|move: Leech Seed
|
|-damage|p2a: Aerodactyl|67/100|[from] Leech Seed|[of] p1b: Venusaur
|-damage|p2b: Kingambit|87/100|[from] Leech Seed|[of] p1b: Venusaur
|upkeep
|
|t:|1783879537
|switch|p1a: Garchomp|Garchomp, L50, F|100/100
|turn|3
|
|t:|1783879545
|move|p1a: Garchomp|Protect|p1a: Garchomp
|-singleturn|p1a: Garchomp|Protect
|move|p2a: Aerodactyl|Ice Fang|p1a: Garchomp
|-activate|p1a: Garchomp|move: Protect
|move|p2b: Kingambit|Kowtow Cleave|p1b: Venusaur
|-damage|p1b: Venusaur|27/100
|move|p1b: Venusaur|Energy Ball|p2a: Aerodactyl
|-damage|p2a: Aerodactyl|20/100y
|
|-damage|p2a: Aerodactyl|7/100|[from] Leech Seed|[of] p1b: Venusaur
|-heal|p1b: Venusaur|39/100|[silent]
|-damage|p2b: Kingambit|75/100|[from] Leech Seed|[of] p1b: Venusaur
|-heal|p1b: Venusaur|51/100|[silent]
|upkeep
|turn|4
|
|t:|1783879562
|switch|p1a: Ninetales|Ninetales-Alola, L50, F|100/100
|-weather|Snowscape|[from] ability: Snow Warning|[of] p1a: Ninetales
|move|p1b: Venusaur|Protect|p1b: Venusaur
|-singleturn|p1b: Venusaur|Protect
|move|p2a: Aerodactyl|Ice Fang|p1a: Ninetales
|-resisted|p1a: Ninetales|1
|-damage|p1a: Ninetales|91/100
|move|p2b: Kingambit|Kowtow Cleave|p1b: Venusaur
|-activate|p1b: Venusaur|move: Protect
|
|-weather|Snowscape|[upkeep]
|-damage|p2a: Aerodactyl|0 fnt|[from] Leech Seed|[of] p1b: Venusaur
|-heal|p1b: Venusaur|59/100|[silent]
|faint|p2a: Aerodactyl
|-damage|p2b: Kingambit|62/100|[from] Leech Seed|[of] p1b: Venusaur
|-heal|p1b: Venusaur|72/100|[silent]
|upkeep
|
|t:|1783879573
|switch|p2a: Garchomp|Garchomp, L50, M|100/100
|turn|5
|
|t:|1783879593
|move|p1a: Ninetales|Protect|p1a: Ninetales
|-singleturn|p1a: Ninetales|Protect
|move|p2a: Garchomp|Stomping Tantrum|p1b: Venusaur
|-damage|p1b: Venusaur|25/100
|-damage|p2a: Garchomp|90/100|[from] item: Life Orb
|move|p2b: Kingambit|Kowtow Cleave|p1a: Ninetales
|-activate|p1a: Ninetales|move: Protect
|move|p1b: Venusaur|Leech Seed|p2a: Garchomp
|-start|p2a: Garchomp|move: Leech Seed
|
|-weather|Snowscape|[upkeep]
|-damage|p2a: Garchomp|78/100|[from] Leech Seed|[of] p1b: Venusaur
|-heal|p1b: Venusaur|38/100|[silent]
|-damage|p2b: Kingambit|50/100y|[from] Leech Seed|[of] p1b: Venusaur
|-heal|p1b: Venusaur|51/100|[silent]
|-sideend|p2: PaquitoelBollito|move: Tailwind
|upkeep
|turn|6
|
|t:|1783879618
|move|p1b: Venusaur|Protect|p1b: Venusaur
|-singleturn|p1b: Venusaur|Protect
|move|p2b: Kingambit|Protect|p2b: Kingambit
|-singleturn|p2b: Kingambit|Protect
|move|p1a: Ninetales|Moonblast|p2b: Kingambit
|-activate|p2b: Kingambit|move: Protect
|move|p2a: Garchomp|Earthquake|p1a: Ninetales|[spread] p1a
|-activate|p2b: Kingambit|move: Protect
|-activate|p1b: Venusaur|move: Protect
|-damage|p1a: Ninetales|40/100
|-damage|p2a: Garchomp|68/100|[from] item: Life Orb
|
|-weather|Snowscape|[upkeep]
|-damage|p2a: Garchomp|56/100|[from] Leech Seed|[of] p1b: Venusaur
|-heal|p1b: Venusaur|64/100|[silent]
|-damage|p2b: Kingambit|37/100|[from] Leech Seed|[of] p1b: Venusaur
|-heal|p1b: Venusaur|76/100|[silent]
|upkeep
|turn|7
|
|t:|1783879633
|move|p1a: Ninetales|Moonblast|p2b: Kingambit
|-crit|p2b: Kingambit
|-damage|p2b: Kingambit|0 fnt
|faint|p2b: Kingambit
|move|p2a: Garchomp|Dragon Claw|p1b: Venusaur
|-damage|p1b: Venusaur|34/100
|-damage|p2a: Garchomp|47/100|[from] item: Life Orb
|move|p1b: Venusaur|Energy Ball|p2a: Garchomp
|-damage|p2a: Garchomp|0 fnt
|faint|p2a: Garchomp
|
|-weather|Snowscape|[upkeep]
|upkeep
|
|t:|1783879641
|switch|p2b: Sylveon|Sylveon, L50, M|100/100
|turn|8
|
|t:|1783879654
|move|p1a: Ninetales|Moonblast|p2b: Sylveon
|-damage|p2b: Sylveon|72/100
|move|p1b: Venusaur|Sludge Bomb|p2b: Sylveon
|-supereffective|p2b: Sylveon|1
|-crit|p2b: Sylveon
|-damage|p2b: Sylveon|0 fnt
|faint|p2b: Sylveon
|
|win|humanbacon
