|j|☆thelostsaint
|j|☆tatsulol
|html|thelostsainttatsulol    
|uhtml|bestof|Game 1 of a best-of-3
|t:|1786207819
|gametype|doubles
|player|p1|thelostsaint|corbeau|1201
|player|p2|tatsulol|265|1344
|gen|9
|tier|[Gen 9 Champions] VGC 2026 Reg M-B (Bo3)
|rated|
|rule|Species Clause: Limit one of each Pokémon
|rule|Item Clause: Limit 1 of each item
|clearpoke
|poke|p1|Whimsicott, L50, F, shiny|
|poke|p1|Metagross, L50, shiny|
|poke|p1|Rotom-Wash, L50|
|poke|p1|Incineroar, L50, F|
|poke|p1|Floette-Eternal, L50, F|
|poke|p1|Garchomp, L50, M|
|poke|p2|Staraptor, L50, M|
|poke|p2|Tyranitar, L50, M|
|poke|p2|Gholdengo, L50|
|poke|p2|Excadrill, L50, M|
|poke|p2|Sinistcha, L50|
|poke|p2|Milotic, L50, F|
|teampreview|4
|showteam|p1|Whimsicott||FocusSash|Prankster|Tailwind,Moonblast,Protect,Encore|Timid||F|||50|]Metagross||Metagrossite|ClearBody|Protect,MeteorMash,PsychicFangs,BodyPress|Jolly|||||50|]Rotom-Wash||ChoiceScarf|Levitate|Electroweb,Trick,HydroPump,VoltSwitch|Timid|||||50|]Incineroar||ChopleBerry|Intimidate|FakeOut,ThroatChop,PartingShot,FlareBlitz|Careful||F|||50|]Floette-Eternal||Floettite|FlowerVeil|Protect,CalmMind,DazzlingGleam,Moonblast|Bold||F|||50|]Garchomp||LifeOrb|RoughSkin|Earthquake,RockSlide,Protect,DragonClaw|Jolly||M|||50|
|showteam|p2|Staraptor||Staraptite|Intimidate|BraveBird,CloseCombat,Tailwind,Protect|Jolly||M|||50|]Tyranitar||Tyranitarite|SandStream|RockSlide,KnockOff,LowKick,Protect|Adamant||M|||50|]Gholdengo||ChoiceScarf|GoodasGold|ShadowBall,MakeItRain,Thunderbolt,PowerGem|Modest|||||50|]Excadrill||FocusSash|SandRush|HighHorsepower,IronHead,RockSlide,Protect|Adamant||M|||50|]Sinistcha||CobaBerry|Hospitality|MatchaGotcha,RagePowder,TrickRoom,LifeDew|Relaxed|||||50|]Milotic||SitrusBerry|Competitive|Scald,IceBeam,IcyWind,Protect|Modest||F|||50|
|inactive|Battle timer is ON: inactive players will automatically lose when time's up. (requested by thelostsaint)
|
|t:|1786207969
|teamsize|p1|4
|teamsize|p2|4
|start
|switch|p1a: Incineroar|Incineroar, L50, F|100/100
|switch|p1b: Rotom|Rotom-Wash, L50|100/100
|switch|p2a: Milotic|Milotic, L50, F|100/100
|switch|p2b: Staraptor|Staraptor, L50, M|100/100
|-ability|p2b: Staraptor|Intimidate|boost
|-unboost|p1a: Incineroar|atk|1
|-unboost|p1b: Rotom|atk|1
|-ability|p1a: Incineroar|Intimidate|boost
|-unboost|p2a: Milotic|atk|1
|-ability|p2a: Milotic|Competitive|boost
|-boost|p2a: Milotic|spa|2
|-unboost|p2b: Staraptor|atk|1
|turn|1
|inactive|thelostsaint has 30 seconds left.
|inactive|tatsulol has 30 seconds left.
|
|t:|1786208003
|switch|p2b: Tyranitar|Tyranitar, L50, M|100/100
|-weather|Sandstorm|[from] ability: Sand Stream|[of] p2b: Tyranitar
|move|p2a: Milotic|Protect|p2a: Milotic
|-singleturn|p2a: Milotic|Protect
|move|p1a: Incineroar|Fake Out|p2a: Milotic
|-activate|p2a: Milotic|move: Protect
|move|p1b: Rotom|Trick|p2a: Milotic
|-activate|p2a: Milotic|move: Protect
|
|-weather|Sandstorm|[upkeep]
|-damage|p1b: Rotom|94/100|[from] Sandstorm
|-damage|p2a: Milotic|94/100|[from] Sandstorm
|-damage|p1a: Incineroar|93/100|[from] Sandstorm
|upkeep
|turn|2
|inactive|tatsulol has 30 seconds left.
|
|t:|1786208038
|move|p1b: Rotom|Trick|p2a: Milotic
|-activate|p1b: Rotom|move: Trick|[of] p2a: Milotic
|-item|p2a: Milotic|Choice Scarf|[from] move: Trick
|-item|p1b: Rotom|Sitrus Berry|[from] move: Trick
|move|p2a: Milotic|Scald|p1a: Incineroar
|-supereffective|p1a: Incineroar|1
|-damage|p1a: Incineroar|3/100
|move|p2b: Tyranitar|Knock Off|p1b: Rotom
|-crit|p1b: Rotom
|-damage|p1b: Rotom|0 fnt
|-enditem|p1b: Rotom|Sitrus Berry|[from] move: Knock Off|[of] p2b: Tyranitar
|faint|p1b: Rotom
|move|p1a: Incineroar|Parting Shot|p2b: Tyranitar
|-unboost|p2b: Tyranitar|atk|1
|-unboost|p2b: Tyranitar|spa|1
|
|t:|1786208052
|switch|p1a: Garchomp|Garchomp, L50, M|100/100|[from] Parting Shot
|
|-weather|Sandstorm|[upkeep]
|-damage|p2a: Milotic|88/100|[from] Sandstorm
|upkeep
|
|t:|1786208056
|switch|p1b: Whimsicott|Whimsicott, L50, F, shiny|100/100
|turn|3
|inactive|tatsulol has 30 seconds left.
|
|t:|1786208081
|switch|p2a: Staraptor|Staraptor, L50, M|100/100
|-ability|p2a: Staraptor|Intimidate|boost
|-unboost|p1a: Garchomp|atk|1
|-unboost|p1b: Whimsicott|atk|1
|move|p1b: Whimsicott|Protect|p1b: Whimsicott
|-singleturn|p1b: Whimsicott|Protect
|move|p1a: Garchomp|Earthquake|p2a: Staraptor|[spread] p2b
|-activate|p1b: Whimsicott|move: Protect
|-immune|p2a: Staraptor
|-supereffective|p2b: Tyranitar|1
|-damage|p2b: Tyranitar|41/100
|-damage|p1a: Garchomp|90/100|[from] item: Life Orb
|move|p2b: Tyranitar|Knock Off|p1a: Garchomp
|-damage|p1a: Garchomp|55/100
|-damage|p2b: Tyranitar|29/100|[from] ability: Rough Skin|[of] p1a: Garchomp
|-enditem|p1a: Garchomp|Life Orb|[from] move: Knock Off|[of] p2b: Tyranitar
|
|-weather|Sandstorm|[upkeep]
|-damage|p1b: Whimsicott|94/100|[from] Sandstorm
|-damage|p2a: Staraptor|93/100|[from] Sandstorm
|upkeep
|turn|4
|inactive|tatsulol has 30 seconds left.
|
|t:|1786208108
|switch|p1a: Incineroar|Incineroar, L50, F|3/100
|-ability|p1a: Incineroar|Intimidate|boost
|-unboost|p2a: Staraptor|atk|1
|-unboost|p2b: Tyranitar|atk|1
|switch|p2a: Milotic|Milotic, L50, F|88/100
|move|p1b: Whimsicott|Tailwind|p1b: Whimsicott
|-sidestart|p1: thelostsaint|move: Tailwind
|move|p2b: Tyranitar|Rock Slide|p1a: Incineroar|[spread] p1a,p1b
|-supereffective|p1a: Incineroar|1
|-damage|p1a: Incineroar|0 fnt
|-damage|p1b: Whimsicott|76/100
|faint|p1a: Incineroar
|
|-weather|Sandstorm|[upkeep]
|-damage|p1b: Whimsicott|70/100|[from] Sandstorm
|-damage|p2a: Milotic|82/100|[from] Sandstorm
|upkeep
|
|t:|1786208116
|switch|p1a: Garchomp|Garchomp, L50, M|55/100
|turn|5
|
|t:|1786208133
|switch|p2b: Staraptor|Staraptor, L50, M|93/100
|-ability|p2b: Staraptor|Intimidate|boost
|-unboost|p1a: Garchomp|atk|1
|-unboost|p1b: Whimsicott|atk|1
|move|p1a: Garchomp|Protect|p1a: Garchomp
|-singleturn|p1a: Garchomp|Protect
|move|p1b: Whimsicott|Moonblast|p2b: Staraptor
|-damage|p2b: Staraptor|53/100
|move|p2a: Milotic|Ice Beam|p1b: Whimsicott
|-supereffective|p1b: Whimsicott|1
|-damage|p1b: Whimsicott|6/100
|
|-weather|none
|upkeep
|turn|6
|
|t:|1786208150
|switch|p2b: Tyranitar|Tyranitar, L50, M|29/100
|-weather|Sandstorm|[from] ability: Sand Stream|[of] p2b: Tyranitar
|move|p1b: Whimsicott|Moonblast|p2a: Milotic
|-damage|p2a: Milotic|60/100
|move|p1a: Garchomp|Rock Slide|p2b: Tyranitar|[spread] p2a,p2b
|-damage|p2a: Milotic|50/100y
|-damage|p2b: Tyranitar|19/100
|cant|p2a: Milotic|flinch
|
|-weather|Sandstorm|[upkeep]
|-damage|p1b: Whimsicott|1/100|[from] Sandstorm
|-damage|p2a: Milotic|44/100|[from] Sandstorm
|upkeep
|turn|7
|inactive|tatsulol has 30 seconds left.
|inactive|tatsulol has 20 seconds left.
|inactive|tatsulol has 15 seconds left.
|inactive|tatsulol has 10 seconds left.
|
|t:|1786208196
|switch|p2a: Excadrill|Excadrill, L50, M|100/100
|move|p2b: Tyranitar|Protect|p2b: Tyranitar
|-singleturn|p2b: Tyranitar|Protect
|move|p1b: Whimsicott|Moonblast|p2a: Excadrill
|-resisted|p2a: Excadrill|1
|-damage|p2a: Excadrill|81/100
|move|p1a: Garchomp|Rock Slide|p2a: Excadrill|[spread] p2a
|-activate|p2b: Tyranitar|move: Protect
|-resisted|p2a: Excadrill|2
|-damage|p2a: Excadrill|76/100
|
|-weather|Sandstorm|[upkeep]
|-damage|p1b: Whimsicott|0 fnt|[from] Sandstorm
|faint|p1b: Whimsicott
|-sideend|p1: thelostsaint|move: Tailwind
|upkeep
|turn|8
|
|t:|1786208218
|switch|p2b: Staraptor|Staraptor, L50, M|53/100
|-ability|p2b: Staraptor|Intimidate|boost
|-unboost|p1a: Garchomp|atk|1
|move|p2a: Excadrill|High Horsepower|p1a: Garchomp|[miss]
|-miss|p2a: Excadrill|p1a: Garchomp
|move|p1a: Garchomp|Earthquake|p2a: Excadrill|[spread] p2a
|-immune|p2b: Staraptor
|-supereffective|p2a: Excadrill|1
|-damage|p2a: Excadrill|18/100
|
|-weather|Sandstorm|[upkeep]
|-damage|p2b: Staraptor|47/100|[from] Sandstorm
|upkeep
|turn|9
|
|t:|1786208230
|detailschange|p2b: Staraptor|Staraptor-Mega, L50, M
|-mega|p2b: Staraptor|Staraptor|Staraptite
|move|p2a: Excadrill|High Horsepower|p1a: Garchomp
|-damage|p1a: Garchomp|2/100
|-damage|p2a: Excadrill|5/100|[from] ability: Rough Skin|[of] p1a: Garchomp
|move|p2b: Staraptor|Close Combat|p1a: Garchomp
|-damage|p1a: Garchomp|0 fnt
|-boost|p2b: Staraptor|def|1
|-boost|p2b: Staraptor|spd|1
|-damage|p2b: Staraptor|35/100|[from] ability: Rough Skin|[of] p1a: Garchomp
|faint|p1a: Garchomp
|
|win|tatsulol
|inactive|thelostsaint has 30 seconds to confirm battle start!
|inactive|tatsulol has 30 seconds to confirm battle start!
||thelostsaint is ready for game 2.
|inactive|tatsulol has 20 seconds to confirm battle start!
|inactive|tatsulol has 10 seconds to confirm battle start!
||tatsulol is ready for game 2.
|uhtml|next|Next: Game 2 of 3
|l|☆tatsulol
|player|p2|
