|j|☆mr no sauce
|j|☆Sizzle2466
|html|mr no sauceSizzle2466    
|uhtml|bestof|Game 1 of a best-of-3
|t:|1757904797
|gametype|doubles
|player|p1|mr no sauce|courtney|1218
|player|p2|Sizzle2466|170|1109
|gen|9
|tier|[Gen 9] VGC 2025 Reg H (Bo3)
|rated|
|rule|Species Clause: Limit one of each Pokémon
|rule|Item Clause: Limit 1 of each item
|clearpoke
|poke|p1|Archaludon, L50, F|
|poke|p1|Pelipper, L50, F|
|poke|p1|Ursaluna, L50, M|
|poke|p1|Sinistcha, L50|
|poke|p1|Dragonite, L50, F|
|poke|p1|Annihilape, L50, M|
|poke|p2|Galvantula, L50, M|
|poke|p2|Incineroar, L50, F|
|poke|p2|Amoonguss, L50, F|
|poke|p2|Gholdengo, L50|
|poke|p2|Palafin, L50, F|
|poke|p2|Flamigo, L50, M|
|teampreview|4
|showteam|p1|Archaludon||AssaultVest|Stamina|ElectroShot,FlashCannon,BodyPress,Snarl|||F|||50|,,,,,Fighting]Pelipper||FocusSash|Drizzle|Hurricane,WeatherBall,Tailwind,Protect|||F|||50|,,,,,Ghost]Ursaluna||FlameOrb|Guts|HeadlongRush,Facade,Earthquake,Protect|||M|||50|,,,,,Ghost]Sinistcha||MentalHerb|Hospitality|MatchaGotcha,TrickRoom,RagePowder,LifeDew||||||50|,,,,,Steel]Dragonite||LoadedDice|Multiscale|ScaleShot,Tailwind,Haze,Protect|||F|||50|,,,,,Steel]Annihilape||SafetyGoggles|Defiant|CloseCombat,RageFist,Coaching,FinalGambit|||M|||50|,,,,,Fire
|showteam|p2|Galvantula||AssaultVest|CompoundEyes|Electroweb,BugBuzz,Thunderbolt,VoltSwitch|||M|||50|,,,,,Electric]Incineroar||SafetyGoggles|Intimidate|FakeOut,FlareBlitz,KnockOff,PartingShot|||F|||50|,,,,,Ghost]Amoonguss||CovertCloak|Regenerator|Spore,RagePowder,SludgeBomb,PollenPuff|||F|||50|,,,,,Ghost]Gholdengo||SitrusBerry|GoodasGold|NastyPlot,MakeItRain,ShadowBall,Protect||||||50|,,,,,Dragon]Palafin||MysticWater|ZerotoHero|JetPunch,WaveCrash,Protect,FlipTurn|||F|||50|,,,,,Water]Flamigo||LifeOrb|Scrappy|BraveBird,CloseCombat,Detect,Tailwind|||M|||50|,,,,,Stellar
|
|t:|1757904841
|teamsize|p1|4
|teamsize|p2|4
|start
|switch|p1a: Dragonite|Dragonite, L50, F|100/100
|switch|p1b: Annihilape|Annihilape, L50, M|100/100
|switch|p2a: Galvantula|Galvantula, L50, M|100/100
|switch|p2b: Palafin|Palafin, L50, F|100/100
|turn|1
|
|t:|1757904866
|move|p2a: Galvantula|Electroweb|p1b: Annihilape|[spread] p1a,p1b
|-damage|p1a: Dragonite|92/100
|-damage|p1b: Annihilape|86/100
|-unboost|p1a: Dragonite|spe|1
|-unboost|p1b: Annihilape|spe|1
|-ability|p1b: Annihilape|Defiant|boost
|-boost|p1b: Annihilape|atk|2
|move|p2b: Palafin|Flip Turn|p1a: Dragonite
|-resisted|p1a: Dragonite
|-damage|p1a: Dragonite|76/100
|
|t:|1757904876
|detailschange|p2b: Palafin|Palafin-Hero, L50, F
|switch|p2b: Flamigo|Flamigo, L50, M|100/100|[from] Flip Turn
|move|p1b: Annihilape|Coaching|p1a: Dragonite
|-boost|p1a: Dragonite|atk|1
|-boost|p1a: Dragonite|def|1
|move|p1a: Dragonite|Scale Shot|p2a: Galvantula
|-damage|p2a: Galvantula|64/100
|-damage|p2a: Galvantula|28/100
|-damage|p2a: Galvantula|0 fnt
|faint|p2a: Galvantula
|-hitcount|p2: Galvantula|3
|-unboost|p1a: Dragonite|def|1
|-boost|p1a: Dragonite|spe|1
|
|upkeep
|
|t:|1757904889
|switch|p2a: Palafin|Palafin-Hero, L50, F|100/100
|-activate|p2a: Palafin|ability: Zero to Hero
|turn|2
|
|t:|1757904919
|switch|p1b: Sinistcha|Sinistcha, L50|100/100
|-heal|p1a: Dragonite|100/100|[from] ability: Hospitality|[of] p1b: Sinistcha
|-terastallize|p2b: Flamigo|Stellar
|move|p2b: Flamigo|Brave Bird|p1a: Dragonite
|-damage|p1a: Dragonite|49/100
|-damage|p2b: Flamigo|84/100|[from] Recoil
|-damage|p2b: Flamigo|74/100|[from] item: Life Orb
|move|p2a: Palafin|Wave Crash|p1b: Sinistcha
|-resisted|p1b: Sinistcha
|-damage|p1b: Sinistcha|61/100
|-damage|p2a: Palafin|89/100|[from] Recoil
|move|p1a: Dragonite|Scale Shot|p2b: Flamigo
|-damage|p2b: Flamigo|45/100
|-damage|p2b: Flamigo|17/100
|-damage|p2b: Flamigo|0 fnt
|faint|p2b: Flamigo
|-hitcount|p2: Flamigo|3
|-unboost|p1a: Dragonite|def|1
|-boost|p1a: Dragonite|spe|1
|
|upkeep
|
|t:|1757904939
|switch|p2b: Amoonguss|Amoonguss, L50, F|100/100
|turn|3
|
|t:|1757904967
|move|p2a: Palafin|Protect|p2a: Palafin
|-singleturn|p2a: Palafin|Protect
|move|p1a: Dragonite|Scale Shot|p2b: Amoonguss
|-damage|p2b: Amoonguss|78/100
|-damage|p2b: Amoonguss|56/100
|-damage|p2b: Amoonguss|35/100
|-damage|p2b: Amoonguss|12/100
|-hitcount|p2b: Amoonguss|4
|-unboost|p1a: Dragonite|def|1
|-boost|p1a: Dragonite|spe|1
|move|p1b: Sinistcha|Matcha Gotcha|p2b: Amoonguss|[spread] p2b
|-activate|p2a: Palafin|move: Protect
|-resisted|p2b: Amoonguss
|-damage|p2b: Amoonguss|6/100
|-heal|p1b: Sinistcha|65/100|[from] drain|[of] p2b: Amoonguss
|move|p2b: Amoonguss|Spore|p1a: Dragonite
|-status|p1a: Dragonite|slp|[from] move: Spore
|
|upkeep
|turn|4
|
|t:|1757904988
|cant|p1a: Dragonite|slp
|move|p2a: Palafin|Wave Crash|p1b: Sinistcha
|-resisted|p1b: Sinistcha
|-damage|p1b: Sinistcha|28/100
|-damage|p2a: Palafin|78/100|[from] Recoil
|move|p1b: Sinistcha|Matcha Gotcha|p2b: Amoonguss|[spread] p2a,p2b
|-supereffective|p2a: Palafin
|-resisted|p2b: Amoonguss
|-damage|p2a: Palafin|28/100
|-heal|p1b: Sinistcha|56/100|[from] drain|[of] p2a: Palafin
|-damage|p2b: Amoonguss|1/100
|-heal|p1b: Sinistcha|60/100|[from] drain|[of] p2b: Amoonguss
|move|p2b: Amoonguss|Pollen Puff|p2a: Palafin
|-heal|p2a: Palafin|78/100
|
|upkeep
|turn|5
|
|t:|1757905010
|move|p2a: Palafin|Jet Punch|p1a: Dragonite
|-resisted|p1a: Dragonite
|-damage|p1a: Dragonite|2/100 slp
|-curestatus|p1a: Dragonite|slp|[msg]
|move|p1a: Dragonite|Scale Shot|p2a: Palafin
|-damage|p2a: Palafin|58/100
|-damage|p2a: Palafin|36/100
|-damage|p2a: Palafin|15/100
|-damage|p2a: Palafin|0 fnt
|faint|p2a: Palafin
|-hitcount|p2: Palafin|4
|-unboost|p1a: Dragonite|def|1
|-boost|p1a: Dragonite|spe|1
|move|p1b: Sinistcha|Matcha Gotcha|p2b: Amoonguss
|-resisted|p2b: Amoonguss
|-damage|p2b: Amoonguss|0 fnt
|-heal|p1b: Sinistcha|60/100|[from] drain|[of] p2b: Amoonguss
|faint|p2b: Amoonguss
|
|win|mr no sauce
||mr no sauce is ready for game 2.
||Sizzle2466 is ready for game 2.
|uhtml|next|Next: Game 2 of 3
|l|☆mr no sauce
|player|p1|
