|j|☆MinasDevilCrobats
|j|☆MajinkenW
|html|MinasDevilCrobatsMajinkenW    
|uhtml|bestof|Game 2 of a best-of-3
|t:|1757198172
|gametype|doubles
|player|p1|MinasDevilCrobats|darach-caitlin|1140
|player|p2|MajinkenW|101|1189
|gen|9
|tier|[Gen 9] VGC 2025 Reg H (Bo3)
|rated|
|rule|Species Clause: Limit one of each Pokémon
|rule|Item Clause: Limit 1 of each item
|clearpoke
|poke|p1|Indeedee, L50, M|
|poke|p1|Sneasler, L50, F|
|poke|p1|Dondozo, L50, M|
|poke|p1|Tatsugiri, L50, F|
|poke|p1|Talonflame, L50, M|
|poke|p1|Glimmora, L50, M|
|poke|p2|Sneasler, L50, F|
|poke|p2|Indeedee, L50, M|
|poke|p2|Talonflame, L50, F|
|poke|p2|Basculegion, L50, M|
|poke|p2|Archaludon, L50, F|
|poke|p2|Pelipper, L50, F|
|teampreview|4
|showteam|p1|Indeedee||ChoiceScarf|PsychicSurge|ExpandingForce,DazzlingGleam,Trick,Protect|||M|||50|,,,,,Fairy]Sneasler||PsychicSeed|Unburden|CloseCombat,DireClaw,ThroatChop,Protect|||F|||50|,,,,,Dark]Dondozo||Leftovers|Unaware|WaveCrash,OrderUp,Earthquake,Protect|||M|||50|,,,,,Grass]Tatsugiri||FocusSash|Commander|MuddyWater,DracoMeteor,DragonPulse,Protect|||F|||50|,,,,,Steel]Talonflame||CovertCloak|GaleWings|FlareBlitz,BraveBird,Tailwind,WillOWisp|||M|||50|,,,,,Grass]Glimmora||PowerHerb|ToxicDebris|MeteorBeam,SludgeBomb,EarthPower,SpikyShield|||M|||50|,,,,,Grass
|showteam|p2|Sneasler||PsychicSeed|Unburden|DireClaw,CloseCombat,ThroatChop,Protect|||F|||50|,,,,,Dark]Indeedee||FocusSash|PsychicSurge|ExpandingForce,DazzlingGleam,Protect,HelpingHand|||M|||50|,,,,,Psychic]Talonflame||CovertCloak|GaleWings|Taunt,FlareBlitz,Tailwind,BraveBird|||F|||50|,,,,,Fairy]Basculegion||ChoiceScarf|Adaptability|FlipTurn,WaveCrash,LastRespects,PsychicFangs|||M|||50|,,,,,Grass]Archaludon||AssaultVest|Stamina|BodyPress,ElectroShot,DragonPulse,FlashCannon|||F|||50|,,,,,Bug]Pelipper||RockyHelmet|Drizzle|Protect,WideGuard,WeatherBall,Hurricane|||F|||50|,,,,,Grass
|inactive|Battle timer is ON: inactive players will automatically lose when time's up. (requested by MajinkenW)
|inactive|MajinkenW has 60 seconds left.
|inactive|MajinkenW has 30 seconds left.
|
|t:|1757198237
|teamsize|p1|4
|teamsize|p2|4
|start
|switch|p1a: Dondozo|Dondozo, L50, M|100/100
|switch|p1b: Tatsugiri|Tatsugiri, L50, F|100/100
|switch|p2a: Pelipper|Pelipper, L50, F|100/100
|switch|p2b: Archaludon|Archaludon, L50, F|100/100
|-weather|RainDance|[from] ability: Drizzle|[of] p2a: Pelipper
|-activate|p1b: Tatsugiri|ability: Commander|[of] p1a: Dondozo
|-boost|p1a: Dondozo|atk|2
|-boost|p1a: Dondozo|spa|2
|-boost|p1a: Dondozo|spe|2
|-boost|p1a: Dondozo|def|2
|-boost|p1a: Dondozo|spd|2
|turn|1
|inactive|MajinkenW has 30 seconds left.
|
|t:|1757198268
|-terastallize|p1a: Dondozo|Grass
|-terastallize|p2b: Archaludon|Bug
|move|p1a: Dondozo|Order Up|p2a: Pelipper
|-damage|p2a: Pelipper|34/100
|-boost|p1a: Dondozo|atk|1
|move|p2b: Archaludon|Electro Shot||[still]
|-prepare|p2b: Archaludon|Electro Shot
|-boost|p2b: Archaludon|spa|1
|-anim|p2b: Archaludon|Electro Shot|p1a: Dondozo
|-resisted|p1a: Dondozo
|-damage|p1a: Dondozo|88/100
|move|p2a: Pelipper|Hurricane|p1a: Dondozo
|-supereffective|p1a: Dondozo
|-damage|p1a: Dondozo|40/100
|
|-weather|RainDance|[upkeep]
|-heal|p1a: Dondozo|47/100|[from] item: Leftovers
|upkeep
|turn|2
|inactive|MajinkenW has 30 seconds left.
|
|t:|1757198300
|switch|p2b: Indeedee|Indeedee, L50, M|100/100
|-fieldstart|move: Psychic Terrain|[from] ability: Psychic Surge|[of] p2b: Indeedee
|move|p1a: Dondozo|Protect|p1a: Dondozo
|-singleturn|p1a: Dondozo|Protect
|move|p2a: Pelipper|Hurricane|p1a: Dondozo
|-activate|p1a: Dondozo|move: Protect
|
|-weather|RainDance|[upkeep]
|-heal|p1a: Dondozo|53/100|[from] item: Leftovers
|upkeep
|turn|3
|
|t:|1757198313
|move|p1a: Dondozo|Order Up|p2a: Pelipper
|-damage|p2a: Pelipper|0 fnt
|faint|p2a: Pelipper
|-boost|p1a: Dondozo|atk|1
|move|p2b: Indeedee|Expanding Force|p1b: Tatsugiri|[spread] p1a
|-miss|p2b: Indeedee|p1b: Tatsugiri
|-damage|p1a: Dondozo|20/100
|
|-weather|RainDance|[upkeep]
|-heal|p1a: Dondozo|27/100|[from] item: Leftovers
|upkeep
|
|t:|1757198322
|switch|p2a: Sneasler|Sneasler, L50, F|100/100
|-enditem|p2a: Sneasler|Psychic Seed
|-boost|p2a: Sneasler|spd|1|[from] item: Psychic Seed
|turn|4
|
|t:|1757198328
|move|p1a: Dondozo|Protect|p1a: Dondozo
|-singleturn|p1a: Dondozo|Protect
|move|p2a: Sneasler|Dire Claw|p1a: Dondozo
|-activate|p1a: Dondozo|move: Protect
|move|p2b: Indeedee|Expanding Force|p1a: Dondozo|[spread] 
|-miss|p2b: Indeedee|p1b: Tatsugiri
|-activate|p1a: Dondozo|move: Protect
|
|-weather|RainDance|[upkeep]
|-heal|p1a: Dondozo|33/100|[from] item: Leftovers
|upkeep
|turn|5
|
|t:|1757198339
|move|p2a: Sneasler|Dire Claw|p1a: Dondozo
|-supereffective|p1a: Dondozo
|-damage|p1a: Dondozo|0 fnt
|faint|p1a: Dondozo
|move|p2b: Indeedee|Expanding Force|p1b: Tatsugiri
|-damage|p1b: Tatsugiri|5/100
|
|-weather|none
|upkeep
|
|t:|1757198343
|switch|p1a: Sneasler|Sneasler, L50, F|100/100
|-enditem|p1a: Sneasler|Psychic Seed
|-boost|p1a: Sneasler|spd|1|[from] item: Psychic Seed
|turn|6
|inactive|MajinkenW has 30 seconds left.
|
|t:|1757198371
|switch|p2b: Archaludon|Archaludon, L50, F, tera:Bug|100/100
|move|p1b: Tatsugiri|Protect|p1b: Tatsugiri
|-singleturn|p1b: Tatsugiri|Protect
|move|p2a: Sneasler|Dire Claw|p1b: Tatsugiri
|-activate|p1b: Tatsugiri|move: Protect
|move|p1a: Sneasler|Throat Chop|p2b: Archaludon
|-damage|p2b: Archaludon|74/100
|-start|p2b: Archaludon|Throat Chop|[silent]
|-ability|p2b: Archaludon|Stamina|boost
|-boost|p2b: Archaludon|def|1
|
|-fieldend|move: Psychic Terrain
|upkeep
|turn|7
|inactive|MajinkenW has 30 seconds left.
|
|t:|1757198400
|switch|p1b: Talonflame|Talonflame, L50, M|100/100
|move|p2a: Sneasler|Dire Claw|p1b: Talonflame
|-crit|p1b: Talonflame
|-damage|p1b: Talonflame|4/100
|move|p1a: Sneasler|Dire Claw|p2b: Archaludon
|-crit|p2b: Archaludon
|-damage|p2b: Archaludon|19/100
|-status|p2b: Archaludon|slp
|-ability|p2b: Archaludon|Stamina|boost
|-boost|p2b: Archaludon|def|1
|cant|p2b: Archaludon|slp
|
|-end|p2b: Archaludon|Throat Chop|[silent]
|upkeep
|turn|8
|
|t:|1757198414
|move|p2a: Sneasler|Dire Claw|p1b: Talonflame
|-damage|p1b: Talonflame|0 fnt
|faint|p1b: Talonflame
|move|p1a: Sneasler|Dire Claw|p2a: Sneasler
|-resisted|p2a: Sneasler
|-damage|p2a: Sneasler|62/100
|-status|p2a: Sneasler|slp
|cant|p2b: Archaludon|slp
|
|upkeep
|
|t:|1757198417
|switch|p1b: Tatsugiri|Tatsugiri, L50, F|5/100
|turn|9
|
|t:|1757198429
|cant|p2a: Sneasler|slp
|move|p1a: Sneasler|Dire Claw|p2a: Sneasler
|-resisted|p2a: Sneasler
|-damage|p2a: Sneasler|22/100 slp
|cant|p2b: Archaludon|slp
|move|p1b: Tatsugiri|Muddy Water|p2b: Archaludon|[spread] p2a,p2b
|-damage|p2a: Sneasler|0 fnt
|-damage|p2b: Archaludon|0 fnt
|faint|p2a: Sneasler
|faint|p2b: Archaludon
|
|upkeep
|
|t:|1757198438
|switch|p2b: Indeedee|Indeedee, L50, M|100/100
|-fieldstart|move: Psychic Terrain|[from] ability: Psychic Surge|[of] p2b: Indeedee
|turn|10
|
|t:|1757198449
|move|p1a: Sneasler|Dire Claw|p2b: Indeedee
|-damage|p2b: Indeedee|1/100
|-status|p2b: Indeedee|slp
|cant|p2b: Indeedee|slp
|move|p1b: Tatsugiri|Dragon Pulse|p2b: Indeedee
|-damage|p2b: Indeedee|0 fnt
|faint|p2b: Indeedee
|
|win|MinasDevilCrobats
||MajinkenW is ready for game 3.
|inactive|MinasDevilCrobats has 30 seconds to confirm battle start!
||MinasDevilCrobats is ready for game 3.
|uhtml|next|Next: Game 3 of 3
|l|☆MajinkenW
|player|p2|
