|j|☆lorenzopoke
|j|☆trtjsrtjr
|html|lorenzopoketrtjsrtjr    
|uhtml|bestof|Game 2 of a best-of-3
|t:|1784662361
|gametype|doubles
|player|p1|lorenzopoke|red|1046
|player|p2|trtjsrtjr|101|1000
|gen|9
|tier|[Gen 9 Champions] VGC 2026 Reg M-B (Bo3)
|rated|
|rule|Species Clause: Limit one of each Pokémon
|rule|Item Clause: Limit 1 of each item
|clearpoke
|poke|p1|Staraptor, L50, F|
|poke|p1|Farigiraf, L50, M|
|poke|p1|Sylveon, L50, M|
|poke|p1|Torkoal, L50, F|
|poke|p1|Ampharos, L50, F|
|poke|p1|Kangaskhan, L50, F|
|poke|p2|Charizard, L50, F|
|poke|p2|Incineroar, L50, M|
|poke|p2|Toxapex, L50, M, shiny|
|poke|p2|Venusaur, L50, M|
|poke|p2|Garchomp, L50, M|
|poke|p2|Annihilape, L50, F|
|teampreview|4
|showteam|p1|Staraptor||ChoiceScarf|Intimidate|BraveBird,CloseCombat,Uturn,FinalGambit|Jolly||F|||50|]Farigiraf||SitrusBerry|ArmorTail|HelpingHand,TwinBeam,Thunderbolt,TrickRoom|Sassy||M|||50|]Sylveon||FairyFeather|Pixilate|HyperVoice,QuickAttack,HyperBeam,Detect|Quiet||M|||50|]Torkoal||Charcoal|Drought|Eruption,WeatherBall,HeatWave,Protect|Quiet||F|||50|]Ampharos||Ampharosite|Static|Thunderbolt,DragonPulse,PowerGem,Protect|Quiet||F|||50|]Kangaskhan||Kangaskhanite|Scrappy|HammerArm,FakeOut,DoubleEdge,RockTomb|Adamant||F|||50|
|showteam|p2|Charizard||CharizarditeY|Blaze|HelpingHand,WeatherBall,HeatWave,Protect|Modest||F|||50|]Incineroar||SitrusBerry|Intimidate|PartingShot,ThroatChop,FlareBlitz,FakeOut|Impish||M|||50|]Toxapex||Leftovers|Regenerator|WideGuard,Infestation,Toxic,BanefulBunker|Bold||M|||50|]Venusaur||LifeOrb|Overgrow|SludgeBomb,EarthPower,SolarBeam,Protect|Modest||M|||50|]Garchomp||ChoiceScarf|RoughSkin|StompingTantrum,DragonClaw,Earthquake,RockSlide|Adamant||M|||50|]Annihilape||FocusSash|Defiant|PhantomForce,CloseCombat,RockTomb,Protect|Jolly||F|||50|
|
|t:|1784662391
|teamsize|p1|4
|teamsize|p2|4
|start
|switch|p1a: Staraptor|Staraptor, L50, F|100/100
|switch|p1b: Farigiraf|Farigiraf, L50, M|100/100
|switch|p2a: Incineroar|Incineroar, L50, M|100/100
|switch|p2b: Garchomp|Garchomp, L50, M|100/100
|-ability|p1a: Staraptor|Intimidate|boost
|-unboost|p2a: Incineroar|atk|1
|-unboost|p2b: Garchomp|atk|1
|-ability|p2a: Incineroar|Intimidate|boost
|-unboost|p1a: Staraptor|atk|1
|-unboost|p1b: Farigiraf|atk|1
|turn|1
|
|t:|1784662402
|move|p1a: Staraptor|Final Gambit|p2b: Garchomp
|-damage|p2b: Garchomp|1/100
|faint|p1a: Staraptor
|move|p2b: Garchomp|Stomping Tantrum|p1b: Farigiraf
|-damage|p1b: Farigiraf|76/100
|move|p2a: Incineroar|Throat Chop|p1b: Farigiraf
|-supereffective|p1b: Farigiraf|1
|-damage|p1b: Farigiraf|36/100
|-start|p1b: Farigiraf|Throat Chop|[silent]
|-enditem|p1b: Farigiraf|Sitrus Berry|[eat]
|-heal|p1b: Farigiraf|61/100|[from] item: Sitrus Berry
|move|p1b: Farigiraf|Trick Room|p1b: Farigiraf
|-fieldstart|move: Trick Room|[of] p1b: Farigiraf
|
|upkeep
|
|t:|1784662409
|switch|p1a: Torkoal|Torkoal, L50, F|100/100
|-weather|SunnyDay|[from] ability: Drought|[of] p1a: Torkoal
|turn|2
|
|t:|1784662417
|switch|p2b: Toxapex|Toxapex, L50, M, shiny|100/100
|move|p1a: Torkoal|Eruption|p2b: Toxapex|[spread] p2a,p2b
|-resisted|p2a: Incineroar|1
|-resisted|p2b: Toxapex|1
|-crit|p2b: Toxapex
|-damage|p2a: Incineroar|61/100
|-damage|p2b: Toxapex|47/100
|move|p1b: Farigiraf|Thunderbolt|p2a: Incineroar
|-damage|p2a: Incineroar|43/100
|-enditem|p2a: Incineroar|Sitrus Berry|[eat]
|-heal|p2a: Incineroar|67/100|[from] item: Sitrus Berry
|move|p2a: Incineroar|Parting Shot|p1a: Torkoal
|-unboost|p1a: Torkoal|atk|1
|-unboost|p1a: Torkoal|spa|1
|
|t:|1784662430
|switch|p2a: Charizard|Charizard, L50, F|100/100|[from] Parting Shot
|
|-weather|SunnyDay|[upkeep]
|-heal|p2b: Toxapex|53/100|[from] item: Leftovers
|-end|p1b: Farigiraf|Throat Chop|[silent]
|upkeep
|turn|3
|
|t:|1784662489
|detailschange|p2a: Charizard|Charizard-Mega-Y, L50, F
|-mega|p2a: Charizard|Charizard|Charizardite Y
|move|p1a: Torkoal|Eruption|p2a: Charizard|[spread] p2a,p2b
|-resisted|p2a: Charizard|1
|-resisted|p2b: Toxapex|1
|-damage|p2a: Charizard|71/100
|-damage|p2b: Toxapex|30/100
|move|p2b: Toxapex|Infestation|p1b: Farigiraf
|-supereffective|p1b: Farigiraf|1
|-damage|p1b: Farigiraf|56/100
|-activate|p1b: Farigiraf|move: Infestation|[of] p2b: Toxapex
|move|p1b: Farigiraf|Thunderbolt|p2a: Charizard
|-supereffective|p2a: Charizard|1
|-damage|p2a: Charizard|32/100
|move|p2a: Charizard|Weather Ball|p1a: Torkoal
|-resisted|p1a: Torkoal|1
|-damage|p1a: Torkoal|48/100
|
|-weather|SunnyDay|[upkeep]
|-heal|p2b: Toxapex|36/100|[from] item: Leftovers
|-damage|p1b: Farigiraf|43/100|[from] move: Infestation|[partiallytrapped]
|upkeep
|turn|4
|
|t:|1784662504
|move|p2b: Toxapex|Baneful Bunker|p2b: Toxapex
|-singleturn|p2b: Toxapex|move: Protect
|move|p2a: Charizard|Protect|p2a: Charizard
|-singleturn|p2a: Charizard|Protect
|move|p1a: Torkoal|Heat Wave|p2a: Charizard|[spread] 
|-activate|p2a: Charizard|move: Protect
|-activate|p2b: Toxapex|move: Protect
|move|p1b: Farigiraf|Thunderbolt|p2b: Toxapex
|-activate|p2b: Toxapex|move: Protect
|
|-weather|SunnyDay|[upkeep]
|-heal|p2b: Toxapex|42/100|[from] item: Leftovers
|-damage|p1b: Farigiraf|31/100|[from] move: Infestation|[partiallytrapped]
|upkeep
|turn|5
|
|t:|1784662552
|switch|p2a: Incineroar|Incineroar, L50, M|67/100
|-ability|p2a: Incineroar|Intimidate|boost
|-unboost|p1a: Torkoal|atk|1
|-unboost|p1b: Farigiraf|atk|1
|move|p1a: Torkoal|Heat Wave|p2a: Incineroar|[spread] p2a,p2b
|-resisted|p2a: Incineroar|1
|-resisted|p2b: Toxapex|1
|-damage|p2a: Incineroar|50/100g
|-damage|p2b: Toxapex|27/100
|move|p2b: Toxapex|Toxic|p1a: Torkoal
|-status|p1a: Torkoal|tox
|move|p1b: Farigiraf|Thunderbolt|p2b: Toxapex
|-supereffective|p2b: Toxapex|1
|-damage|p2b: Toxapex|0 fnt
|faint|p2b: Toxapex
|
|-weather|SunnyDay|[upkeep]
|-damage|p1a: Torkoal|41/100 tox|[from] psn
|-end|p1b: Farigiraf|Infestation|[partiallytrapped]|[silent]
|-fieldend|move: Trick Room
|upkeep
|
|t:|1784662565
|switch|p2b: Garchomp|Garchomp, L50, M|1/100
|turn|6
|
|t:|1784662577
|switch|p2a: Charizard|Charizard-Mega-Y, L50, F|32/100
|move|p2b: Garchomp|Earthquake|p1b: Farigiraf|[spread] p1a,p1b
|-immune|p2a: Charizard
|-supereffective|p1a: Torkoal|1
|-damage|p1a: Torkoal|0 fnt
|-damage|p1b: Farigiraf|0 fnt
|faint|p1a: Torkoal
|faint|p1b: Farigiraf
|
|-weather|none
|upkeep
|inactive|Battle timer is ON: inactive players will automatically lose when time's up. (requested by trtjsrtjr)
|
|t:|1784662589
|switch|p1a: Ampharos|Ampharos, L50, F|100/100
|turn|7
|
|t:|1784662595
|switch|p2a: Incineroar|Incineroar, L50, M|50/100g
|-ability|p2a: Incineroar|Intimidate|boost
|-unboost|p1a: Ampharos|atk|1
|detailschange|p1a: Ampharos|Ampharos-Mega, L50, F
|-mega|p1a: Ampharos|Ampharos|Ampharosite
|-ability|p1a: Ampharos|Mold Breaker
|move|p2b: Garchomp|Earthquake|p1a: Ampharos|[spread] p2a,p1a
|-supereffective|p2a: Incineroar|1
|-supereffective|p1a: Ampharos|1
|-damage|p2a: Incineroar|0 fnt
|-damage|p1a: Ampharos|26/100
|faint|p2a: Incineroar
|move|p1a: Ampharos|Power Gem|p2b: Garchomp
|-resisted|p2b: Garchomp|1
|-damage|p2b: Garchomp|0 fnt
|faint|p2b: Garchomp
|
|upkeep
|
|t:|1784662604
|switch|p2b: Charizard|Charizard-Mega-Y, L50, F|32/100
|-weather|SunnyDay|[from] ability: Drought|[of] p2b: Charizard
|turn|8
|
|t:|1784662609
|move|p2b: Charizard|Weather Ball|p1a: Ampharos
|-resisted|p1a: Ampharos|1
|-damage|p1a: Ampharos|0 fnt
|faint|p1a: Ampharos
|
|win|trtjsrtjr
|raw|lorenzopoke's rating: 1046 → 1027(-19 for losing)
|raw|trtjsrtjr's rating: 1000 → 1045(+45 for winning)
