|j|☆RoadToWorlds44
|j|☆edhen
|html|RoadToWorlds44edhen    
|uhtml|bestof|Game 3 of a best-of-3
|t:|1755821250
|gametype|doubles
|player|p1|RoadToWorlds44|1|1205
|player|p2|edhen|winona|1278
|gen|9
|tier|[Gen 9] VGC 2025 Reg H (Bo3)
|rated|
|rule|Species Clause: Limit one of each Pokémon
|rule|Item Clause: Limit 1 of each item
|clearpoke
|poke|p1|Hydreigon, L50, F|
|poke|p1|Indeedee-F, L50, F|
|poke|p1|Gholdengo, L50|
|poke|p1|Murkrow, L50, F|
|poke|p1|Sneasler, L50, M|
|poke|p1|Basculegion, L50, M|
|poke|p2|Pelipper, L50, F|
|poke|p2|Archaludon, L50, M|
|poke|p2|Comfey, L50, M|
|poke|p2|Rillaboom, L50, M|
|poke|p2|Basculegion, L50, M|
|poke|p2|Volcarona, L50, M|
|teampreview|4
|showteam|p1|Hydreigon||ChoiceSpecs|Levitate|DracoMeteor,DarkPulse,HeatWave,Snarl|||F|||50|,,,,,Fire]Indeedee-F||SafetyGoggles|PsychicSurge|HyperVoice,Imprison,TrickRoom,FollowMe|||F|||50|,,,,,Ghost]Gholdengo||LifeOrb|GoodasGold|MakeItRain,ShadowBall,Protect,NastyPlot||||||50|,,,,,Dragon]Murkrow||Eviolite|Prankster|FoulPlay,Protect,Haze,Tailwind|||F|||50|,,,,,Ghost]Sneasler||PsychicSeed|Unburden|CloseCombat,DireClaw,ThroatChop,SwordsDance|||M|||50|,,,,,Dark]Basculegion||ChoiceScarf|Adaptability|WaveCrash,LastRespects,TeraBlast,AquaJet|||M|||50|,,,,,Grass
|showteam|p2|Pelipper||FocusSash|Drizzle|WeatherBall,Hurricane,Tailwind,Protect|||F|||50|,,,,,Ghost]Archaludon||AssaultVest|Stamina|ElectroShot,BodyPress,FlashCannon,DragonPulse|||M|||50|,,,,,Grass]Comfey||WikiBerry|Triage|Protect,FloralHealing,DrainingKiss,Taunt|||M|||50|,,,,,Steel]Rillaboom||LoadedDice|GrassySurge|BulletSeed,GrassyGlide,FakeOut,HighHorsepower|||M|||50|,,,,,Water]Basculegion||ChoiceBand|SwiftSwim|LastRespects,WaveCrash,AquaJet,FlipTurn|||M|||50|,,,,,Water]Volcarona||GrassySeed|FlameBody|QuiverDance,GigaDrain,HeatWave,Protect|||M|||50|,,,,,Water
|inactive|Battle timer is ON: inactive players will automatically lose when time's up. (requested by RoadToWorlds44)
|
|t:|1755821310
|teamsize|p1|4
|teamsize|p2|4
|start
|switch|p1a: MeganTheeStallion|Indeedee-F, L50, F|100/100
|switch|p1b: Imagine Dragons|Hydreigon, L50, F|100/100
|switch|p2a: Pelipper|Pelipper, L50, F|100/100
|switch|p2b: Archaludon|Archaludon, L50, M|100/100
|-weather|RainDance|[from] ability: Drizzle|[of] p2a: Pelipper
|-fieldstart|move: Psychic Terrain|[from] ability: Psychic Surge|[of] p1a: MeganTheeStallion
|turn|1
|inactive|edhen has 30 seconds left.
|
|t:|1755821336
|switch|p2a: Comfey|Comfey, L50, M|100/100
|move|p1a: MeganTheeStallion|Follow Me|p1a: MeganTheeStallion
|-singleturn|p1a: MeganTheeStallion|move: Follow Me
|move|p1b: Imagine Dragons|Snarl|p2a: Comfey|[spread] p2a,p2b
|-resisted|p2a: Comfey
|-damage|p2a: Comfey|85/100
|-damage|p2b: Archaludon|79/100
|-unboost|p2a: Comfey|spa|1
|-unboost|p2b: Archaludon|spa|1
|-ability|p2b: Archaludon|Stamina|boost
|-boost|p2b: Archaludon|def|1
|move|p2b: Archaludon|Electro Shot||[still]
|-prepare|p2b: Archaludon|Electro Shot
|-boost|p2b: Archaludon|spa|1
|-anim|p2b: Archaludon|Electro Shot|p1a: MeganTheeStallion
|-damage|p1a: MeganTheeStallion|63/100
|
|-weather|RainDance|[upkeep]
|upkeep
|turn|2
|inactive|RoadToWorlds44 has 30 seconds left.
|
|t:|1755821362
|move|p1a: MeganTheeStallion|Follow Me|p1a: MeganTheeStallion
|-singleturn|p1a: MeganTheeStallion|move: Follow Me
|move|p1b: Imagine Dragons|Snarl|p2a: Comfey|[spread] p2a,p2b
|-resisted|p2a: Comfey
|-damage|p2a: Comfey|71/100
|-damage|p2b: Archaludon|59/100
|-unboost|p2a: Comfey|spa|1
|-unboost|p2b: Archaludon|spa|1
|-ability|p2b: Archaludon|Stamina|boost
|-boost|p2b: Archaludon|def|1
|move|p2a: Comfey|Taunt|p1a: MeganTheeStallion
|-start|p1a: MeganTheeStallion|move: Taunt
|move|p2b: Archaludon|Electro Shot||[still]
|-prepare|p2b: Archaludon|Electro Shot
|-boost|p2b: Archaludon|spa|1
|-anim|p2b: Archaludon|Electro Shot|p1a: MeganTheeStallion
|-damage|p1a: MeganTheeStallion|24/100
|
|-weather|RainDance|[upkeep]
|upkeep
|turn|3
|inactive|RoadToWorlds44 has 30 seconds left.
|inactive|edhen has 30 seconds left.
|inactive|RoadToWorlds44 has 20 seconds left.
|inactive|RoadToWorlds44 has 15 seconds left.
|inactive|edhen has 20 seconds left.
|inactive|edhen has 15 seconds left.
|inactive|edhen has 10 seconds left.
|
|t:|1755821425
|switch|p1a: Raf Camora|Murkrow, L50, F|100/100
|-terastallize|p1b: Imagine Dragons|Fire
|move|p2a: Comfey|Floral Healing|p2b: Archaludon
|-heal|p2b: Archaludon|100/100
|move|p1b: Imagine Dragons|Snarl|p2a: Comfey|[spread] p2a,p2b
|-resisted|p2a: Comfey
|-damage|p2a: Comfey|56/100
|-damage|p2b: Archaludon|79/100
|-unboost|p2a: Comfey|spa|1
|-unboost|p2b: Archaludon|spa|1
|-ability|p2b: Archaludon|Stamina|boost
|-boost|p2b: Archaludon|def|1
|move|p2b: Archaludon|Electro Shot||[still]
|-prepare|p2b: Archaludon|Electro Shot
|-boost|p2b: Archaludon|spa|1
|-anim|p2b: Archaludon|Electro Shot|p1b: Imagine Dragons
|-damage|p1b: Imagine Dragons|56/100
|
|-weather|RainDance|[upkeep]
|upkeep
|turn|4
|inactive|RoadToWorlds44 has 30 seconds left.
|inactive|RoadToWorlds44 has 20 seconds left.
|inactive|RoadToWorlds44 has 15 seconds left.
|
|t:|1755821471
|move|p1a: Raf Camora|Haze|p1a: Raf Camora
|-clearallboost
|move|p1b: Imagine Dragons|Snarl|p2a: Comfey|[spread] p2a,p2b
|-resisted|p2a: Comfey
|-damage|p2a: Comfey|40/100
|-damage|p2b: Archaludon|56/100
|-unboost|p2a: Comfey|spa|1
|-unboost|p2b: Archaludon|spa|1
|-ability|p2b: Archaludon|Stamina|boost
|-boost|p2b: Archaludon|def|1
|move|p2a: Comfey|Taunt|p1a: Raf Camora
|-start|p1a: Raf Camora|move: Taunt
|move|p2b: Archaludon|Electro Shot||[still]
|-prepare|p2b: Archaludon|Electro Shot
|-boost|p2b: Archaludon|spa|1
|-anim|p2b: Archaludon|Electro Shot|p1a: Raf Camora
|-supereffective|p1a: Raf Camora
|-damage|p1a: Raf Camora|25/100
|
|-weather|RainDance|[upkeep]
|upkeep
|turn|5
|inactive|edhen has 30 seconds left.
|
|t:|1755821497
|switch|p1a: MeganTheeStallion|Indeedee-F, L50, F|24/100
|move|p2a: Comfey|Floral Healing|p2b: Archaludon
|-heal|p2b: Archaludon|100/100
|move|p1b: Imagine Dragons|Snarl|p2b: Archaludon|[spread] p2a,p2b
|-resisted|p2a: Comfey
|-damage|p2a: Comfey|25/100
|-damage|p2b: Archaludon|77/100
|-unboost|p2a: Comfey|spa|1
|-unboost|p2b: Archaludon|spa|1
|-ability|p2b: Archaludon|Stamina|boost
|-boost|p2b: Archaludon|def|1
|-enditem|p2a: Comfey|Wiki Berry|[eat]
|-heal|p2a: Comfey|58/100|[from] item: Wiki Berry
|move|p2b: Archaludon|Electro Shot||[still]
|-prepare|p2b: Archaludon|Electro Shot
|-boost|p2b: Archaludon|spa|1
|-anim|p2b: Archaludon|Electro Shot|p1b: Imagine Dragons
|-damage|p1b: Imagine Dragons|7/100
|
|-weather|none
|-fieldend|move: Psychic Terrain
|upkeep
|turn|6
|inactive|RoadToWorlds44 has 30 seconds left.
|inactive|edhen has 30 seconds left.
|inactive|edhen has 20 seconds left.
|inactive|edhen has 15 seconds left.
|inactive|edhen has 10 seconds left.
|inactive|RoadToWorlds44 has 20 seconds left.
|inactive|edhen has 5 seconds left.
|inactive|RoadToWorlds44 has 15 seconds left.
|
|t:|1755821553
|switch|p1b: Money Boy|Gholdengo, L50|100/100
|move|p2a: Comfey|Protect|p2a: Comfey
|-singleturn|p2a: Comfey|Protect
|move|p1a: MeganTheeStallion|Follow Me|p1a: MeganTheeStallion
|-singleturn|p1a: MeganTheeStallion|move: Follow Me
|move|p2b: Archaludon|Electro Shot||[still]
|-prepare|p2b: Archaludon|Electro Shot
|-boost|p2b: Archaludon|spa|1
|
|upkeep
|turn|7
|
|t:|1755821581
|switch|p2a: Pelipper|Pelipper, L50, F|100/100
|-weather|RainDance|[from] ability: Drizzle|[of] p2a: Pelipper
|move|p1a: MeganTheeStallion|Follow Me|p1a: MeganTheeStallion
|-singleturn|p1a: MeganTheeStallion|move: Follow Me
|move|p1b: Money Boy|Nasty Plot|p1b: Money Boy
|-boost|p1b: Money Boy|spa|2
|move|p2b: Archaludon|Electro Shot|p1a: MeganTheeStallion|[from] lockedmove
|-crit|p1a: MeganTheeStallion
|-damage|p1a: MeganTheeStallion|0 fnt
|faint|p1a: MeganTheeStallion
|
|-weather|RainDance|[upkeep]
|upkeep
|inactive|RoadToWorlds44 has 30 seconds left.
|
|t:|1755821612
|switch|p1a: Imagine Dragons|Hydreigon, L50, F, tera:Fire|7/100
|turn|8
|
|t:|1755821626
|switch|p2b: Comfey|Comfey, L50, M|58/100
|move|p1a: Imagine Dragons|Snarl|p2a: Pelipper|[spread] p2a,p2b
|-resisted|p2b: Comfey
|-damage|p2a: Pelipper|47/100
|-damage|p2b: Comfey|42/100
|-unboost|p2a: Pelipper|spa|1
|-unboost|p2b: Comfey|spa|1
|move|p1b: Money Boy|Shadow Ball|p2b: Comfey
|-damage|p2b: Comfey|0 fnt
|faint|p2b: Comfey
|-damage|p1b: Money Boy|91/100|[from] item: Life Orb
|move|p2a: Pelipper|Tailwind|p2a: Pelipper
|-sidestart|p2: edhen|move: Tailwind
|
|-weather|RainDance|[upkeep]
|upkeep
|
|t:|1755821646
|switch|p2b: Basculegion|Basculegion, L50, M|100/100
|turn|9
|inactive|RoadToWorlds44 has 30 seconds left.
|inactive|edhen has 30 seconds left.
|inactive|RoadToWorlds44 has 20 seconds left.
|
|t:|1755821685
|-terastallize|p2b: Basculegion|Water
|move|p2b: Basculegion|Wave Crash|p1b: Money Boy
|-damage|p1b: Money Boy|0 fnt
|faint|p1b: Money Boy
|-damage|p2b: Basculegion|75/100|[from] Recoil
|move|p2a: Pelipper|Hurricane|p1a: Imagine Dragons
|-damage|p1a: Imagine Dragons|0 fnt
|faint|p1a: Imagine Dragons
|
|-weather|RainDance|[upkeep]
|upkeep
|
|t:|1755821695
|switch|p1b: Raf Camora|Murkrow, L50, F|25/100
|turn|10
|l|☆RoadToWorlds44
|inactive|RoadToWorlds44 disconnected and has a minute to reconnect!
|player|p1|
|inactive|RoadToWorlds44 has 30 seconds left.
|inactive|RoadToWorlds44 has 20 seconds left.
|inactive|RoadToWorlds44 has 15 seconds left.
|inactive|RoadToWorlds44 has 10 seconds left.
|inactive|RoadToWorlds44 has 5 seconds left.
|-message|RoadToWorlds44 lost due to inactivity.
|
|win|edhen
|raw|RoadToWorlds44's rating: 1205 → 1185(-20 for losing)
|raw|edhen's rating: 1278 → 1298(+20 for winning)
