|j|☆IAmHrishi
|j|☆CryForCrys
|html|IAmHrishiCryForCrys    
|uhtml|bestof|Game 1 of a best-of-3
|t:|1756913774
|gametype|doubles
|player|p1|IAmHrishi|volkner|
|player|p2|CryForCrys|caitlin|
|gen|9
|tier|[Gen 9] VGC 2025 Reg H (Bo3)
|rule|Species Clause: Limit one of each Pokémon
|rule|Item Clause: Limit 1 of each item
|clearpoke
|poke|p1|Primeape, L50, M|
|poke|p1|Smeargle, L50, F|
|poke|p1|Maushold, L50|
|poke|p1|Pelipper, L50, M|
|poke|p1|Archaludon, L50, M|
|poke|p1|Rillaboom, L50, F|
|poke|p2|Archaludon, L50, M|
|poke|p2|Maushold, L50|
|poke|p2|Porygon2, L50|
|poke|p2|Incineroar, L50, M|
|poke|p2|Ursaluna, L50, M|
|poke|p2|Smeargle, L50, F|
|teampreview|4
|showteam|p1|Primeape||Eviolite|AngerPoint|RageFist,DrainPunch,FirePunch,Protect|||M|||50|,,,,,Fire]Smeargle||FocusSash|Moody|SurgingStrikes,FollowMe,Spore,SpikyShield|||F|||50|,,,,,Ghost]Maushold||SafetyGoggles|FriendGuard|BeatUp,SuperFang,Taunt,FollowMe||||||50|,,,,,Ghost]Pelipper||CovertCloak|Drizzle|Hurricane,WeatherBall,WideGuard,Tailwind|||M|||50|,,,,,Ghost]Archaludon||AssaultVest|Stamina|FlashCannon,DracoMeteor,ElectroShot,BodyPress|||M|||50|,,,,,Fairy]Rillaboom||MiracleSeed|GrassySurge|WoodHammer,GrassyGlide,FakeOut,HighHorsepower|||F|||50|,,,,,Fire
|showteam|p2|Archaludon||PowerHerb|Stamina|ElectroShot,DragonPulse,Thunderbolt,BodyPress|||M|||50|,,,,,Electric]Maushold||SilkScarf|FriendGuard|PopulationBomb,Encore,HelpingHand,DoubleEdge||||||50|,,,,,Ghost]Porygon2||Eviolite|Download|IceBeam,Recover,TrickRoom,TeraBlast||||||50|,,,,,Fighting]Incineroar||AssaultVest|Intimidate|FakeOut,FlareBlitz,KnockOff,Uturn|||M|||50|,,,,,Ghost]Ursaluna||FlameOrb|Guts|Facade,Earthquake,Protect,CloseCombat|||M|||50|,,,,,Normal]Smeargle||FocusSash|Moody|FakeOut,Decorate,Spore,FollowMe|||F|||50|,,,,,Normal
|j| burnthewitche
|l| burnthewitche
|
|t:|1756913967
|teamsize|p1|4
|teamsize|p2|4
|start
|switch|p1a: Rillaboom|Rillaboom, L50, F, shiny|100/100
|switch|p1b: Smeargle|Smeargle, L50, F|100/100
|switch|p2a: Porygon2|Porygon2, L50, shiny|100/100
|switch|p2b: Ursaluna|Ursaluna, L50, M|100/100
|-fieldstart|move: Grassy Terrain|[from] ability: Grassy Surge|[of] p1a: Rillaboom
|-ability|p2a: Porygon2|Download|boost
|-boost|p2a: Porygon2|atk|1
|turn|1
|
|t:|1756914035
|move|p2b: Ursaluna|Protect|p2b: Ursaluna
|-singleturn|p2b: Ursaluna|Protect
|move|p1a: Rillaboom|Fake Out|p2b: Ursaluna
|-activate|p2b: Ursaluna|move: Protect
|move|p1b: Smeargle|Spore|p2a: Porygon2
|-status|p2a: Porygon2|slp|[from] move: Spore
|cant|p2a: Porygon2|slp
|
|-ability|p1b: Smeargle|Moody|boost
|-boost|p1b: Smeargle|atk|2
|-unboost|p1b: Smeargle|def|1
|-status|p2b: Ursaluna|brn|[from] item: Flame Orb
|upkeep
|turn|2
|
|t:|1756914081
|move|p1b: Smeargle|Surging Strikes|p2a: Porygon2
|-crit|p2a: Porygon2
|-damage|p2a: Porygon2|97/100 slp
|-crit|p2a: Porygon2
|-damage|p2a: Porygon2|92/100 slp
|-crit|p2a: Porygon2
|-damage|p2a: Porygon2|88/100 slp
|-hitcount|p2a: Porygon2|3
|move|p1a: Rillaboom|Wood Hammer|p2b: Ursaluna
|-supereffective|p2b: Ursaluna
|-damage|p2b: Ursaluna|0 fnt
|faint|p2b: Ursaluna
|-damage|p1a: Rillaboom|65/100|[from] Recoil
|cant|p2a: Porygon2|slp
|
|-heal|p1a: Rillaboom|71/100|[from] Grassy Terrain
|-heal|p2a: Porygon2|94/100 slp|[from] Grassy Terrain
|-ability|p1b: Smeargle|Moody|boost
|-boost|p1b: Smeargle|spe|2
|-unboost|p1b: Smeargle|spa|1
|upkeep
|
|t:|1756914117
|switch|p2b: Incineroar|Incineroar, L50, M, shiny|100/100
|-ability|p2b: Incineroar|Intimidate|boost
|-unboost|p1a: Rillaboom|atk|1
|-unboost|p1b: Smeargle|atk|1
|turn|3
|
|t:|1756914147
|switch|p1a: Primeape|Primeape, L50, M|100/100
|move|p2b: Incineroar|Fake Out|p1a: Primeape
|-damage|p1a: Primeape|87/100
|move|p1b: Smeargle|Surging Strikes|p1a: Primeape
|-crit|p1a: Primeape
|-damage|p1a: Primeape|81/100
|-setboost|p1a: Primeape|atk|6|[from] ability: Anger Point
|-crit|p1a: Primeape
|-damage|p1a: Primeape|77/100
|-crit|p1a: Primeape
|-damage|p1a: Primeape|72/100
|-hitcount|p1a: Primeape|3
|cant|p2a: Porygon2|slp
|
|-heal|p1a: Primeape|78/100|[from] Grassy Terrain
|-heal|p2a: Porygon2|99/100 slp|[from] Grassy Terrain
|-ability|p1b: Smeargle|Moody|boost
|-boost|p1b: Smeargle|spe|2
|-unboost|p1b: Smeargle|spd|1
|upkeep
|turn|4
|
|t:|1756914178
|-terastallize|p2b: Incineroar|Ghost
|move|p1b: Smeargle|Spore|p2b: Incineroar
|-status|p2b: Incineroar|slp|[from] move: Spore
|move|p1a: Primeape|Drain Punch|p2a: Porygon2
|-supereffective|p2a: Porygon2
|-damage|p2a: Porygon2|0 fnt
|-heal|p1a: Primeape|100/100|[from] drain|[of] p2a: Porygon2
|faint|p2a: Porygon2
|cant|p2b: Incineroar|slp
|
|-ability|p1b: Smeargle|Moody|boost
|-boost|p1b: Smeargle|def|2
|-unboost|p1b: Smeargle|atk|1
|upkeep
|
|t:|1756914193
|switch|p2a: Archaludon|Archaludon, L50, M|100/100
|turn|5
|
|t:|1756914232
|move|p1b: Smeargle|Spore|p2a: Archaludon
|-status|p2a: Archaludon|slp|[from] move: Spore
|move|p1a: Primeape|Rage Fist|p2b: Incineroar
|-supereffective|p2b: Incineroar
|-damage|p2b: Incineroar|0 fnt
|faint|p2b: Incineroar
|cant|p2a: Archaludon|slp
|
|-fieldend|move: Grassy Terrain
|-ability|p1b: Smeargle|Moody|boost
|-boost|p1b: Smeargle|def|2
|-unboost|p1b: Smeargle|spa|1
|upkeep
|turn|6
|
|t:|1756914255
|move|p1b: Smeargle|Follow Me|p1b: Smeargle
|-singleturn|p1b: Smeargle|move: Follow Me
|move|p1a: Primeape|Drain Punch|p2a: Archaludon
|-supereffective|p2a: Archaludon
|-damage|p2a: Archaludon|0 fnt
|faint|p2a: Archaludon
|
|win|IAmHrishi
|inactive|IAmHrishi has 30 seconds to confirm battle start!
|inactive|CryForCrys has 30 seconds to confirm battle start!
|inactive|IAmHrishi has 19 seconds to confirm battle start!
|inactive|CryForCrys has 19 seconds to confirm battle start!
|l|☆CryForCrys
|player|p2|
