|j|‽tavinn_n
|j|☆Prepucio Santos
|html|tavinn_nPrepucio Santos    
|uhtml|bestof|Game 3 of a best-of-3
|t:|1784637008
|gametype|doubles
|player|p1|tavinn_n|ghetsis|1278
|player|p2|Prepucio Santos|striker|1287
|gen|9
|tier|[Gen 9 Champions] VGC 2026 Reg M-B (Bo3)
|rated|
|rule|Species Clause: Limit one of each Pokémon
|rule|Item Clause: Limit 1 of each item
|clearpoke
|poke|p1|Blastoise, L50, M|
|poke|p1|Delphox, L50, F|
|poke|p1|Kingambit, L50, F, shiny|
|poke|p1|Sinistcha, L50|
|poke|p1|Incineroar, L50, M|
|poke|p1|Sneasler, L50, F|
|poke|p2|Incineroar, L50, F|
|poke|p2|Maushold, L50|
|poke|p2|Sinistcha, L50|
|poke|p2|Sneasler, L50, F|
|poke|p2|Blastoise, L50, M|
|poke|p2|Delphox, L50, M|
|teampreview|4
|showteam|p1|Blastoise||Blastoisinite|Torrent|Protect,ShellSmash,WaterSpout,DarkPulse|Timid||M|||50|]Delphox||Delphoxite|Blaze|Protect,NastyPlot,Psyshock,HeatWave|Timid||F|||50|]Kingambit||LifeOrb|Defiant|Protect,SwordsDance,SuckerPunch,KowtowCleave|Adamant||F|||50|]Sinistcha||KasibBerry|Hospitality|Protect,RagePowder,LifeDew,MatchaGotcha|Calm|||||50|]Incineroar||PasshoBerry|Intimidate|PartingShot,FakeOut,ThroatChop,FlareBlitz|Adamant||M|||50|]Sneasler||FocusSash|PoisonTouch|QuickGuard,FakeOut,PoisonJab,CloseCombat|Jolly||F|||50|
|showteam|p2|Incineroar||SitrusBerry|Intimidate|FakeOut,FlareBlitz,ThroatChop,PartingShot|Impish||F|||50|]Maushold||ChopleBerry|FriendGuard|SuperFang,Feint,FollowMe,Protect|Impish|||||50|]Sinistcha||KasibBerry|Hospitality|MatchaGotcha,LifeDew,RagePowder,TrickRoom|Bold|||||50|]Sneasler||FocusSash|PoisonTouch|FakeOut,CloseCombat,DireClaw,QuickGuard|Jolly||F|||50|]Blastoise||Blastoisinite|RainDish|WaterSpout,DarkPulse,ShellSmash,Protect|Modest||M|||50|]Delphox||Delphoxite|Blaze|HeatWave,Psyshock,NastyPlot,Protect|Timid||M|||50|
|inactive|Battle timer is ON: inactive players will automatically lose when time's up. (requested by tavinn_n)
|inactive|Prepucio Santos has 60 seconds left.
|
|t:|1784637044
|teamsize|p1|4
|teamsize|p2|4
|start
|switch|p1a: Sneasler|Sneasler, L50, F|100/100
|switch|p1b: Sinistcha|Sinistcha, L50|100/100
|switch|p2a: Sneasler|Sneasler, L50, F|100/100
|switch|p2b: Blastoise|Blastoise, L50, M|100/100
|turn|1
|
|t:|1784637062
|detailschange|p2b: Blastoise|Blastoise-Mega, L50, M
|-mega|p2b: Blastoise|Blastoise|Blastoisinite
|move|p1a: Sneasler|Fake Out|p2a: Sneasler
|-damage|p2a: Sneasler|74/100
|cant|p2a: Sneasler|flinch
|move|p2b: Blastoise|Dark Pulse|p1b: Sinistcha
|-supereffective|p1b: Sinistcha|1
|-damage|p1b: Sinistcha|21/100
|move|p1b: Sinistcha|Matcha Gotcha|p2b: Blastoise|[spread] p2a,p2b
|-resisted|p2a: Sneasler|1
|-supereffective|p2b: Blastoise|1
|-crit|p2b: Blastoise
|-damage|p2a: Sneasler|56/100
|-heal|p1b: Sinistcha|29/100|[from] drain|[of] p2a: Sneasler
|-damage|p2b: Blastoise|25/100
|-heal|p1b: Sinistcha|61/100|[from] drain|[of] p2b: Blastoise
|
|upkeep
|turn|2
|inactive|tavinn_n has 30 seconds left.
|
|t:|1784637093
|switch|p2a: Sinistcha|Sinistcha, L50|100/100
|-heal|p2b: Blastoise|50/100g|[from] ability: Hospitality|[of] p2a: Sinistcha
|move|p1b: Sinistcha|Rage Powder|p1b: Sinistcha
|-singleturn|p1b: Sinistcha|move: Rage Powder
|move|p1a: Sneasler|Poison Jab|p2b: Blastoise
|-damage|p2b: Blastoise|10/100
|-status|p2b: Blastoise|psn|[from] ability: Poison Touch|[of] p1a: Sneasler
|move|p2b: Blastoise|Dark Pulse|p1b: Sinistcha
|-supereffective|p1b: Sinistcha|1
|-damage|p1b: Sinistcha|0 fnt
|faint|p1b: Sinistcha
|
|-damage|p2b: Blastoise|0 fnt|[from] psn
|faint|p2b: Blastoise
|upkeep
|
|t:|1784637107
|switch|p2b: Incineroar|Incineroar, L50, F|100/100
|switch|p1b: Blastoise|Blastoise, L50, M|100/100
|-ability|p2b: Incineroar|Intimidate|boost
|-unboost|p1a: Sneasler|atk|1
|-unboost|p1b: Blastoise|atk|1
|turn|3
|
|t:|1784637125
|switch|p1a: Incineroar|Incineroar, L50, M|100/100
|-ability|p1a: Incineroar|Intimidate|boost
|-unboost|p2a: Sinistcha|atk|1
|-unboost|p2b: Incineroar|atk|1
|detailschange|p1b: Blastoise|Blastoise-Mega, L50, M
|-mega|p1b: Blastoise|Blastoise|Blastoisinite
|move|p1b: Blastoise|Protect|p1b: Blastoise
|-singleturn|p1b: Blastoise|Protect
|move|p2b: Incineroar|Fake Out|p1b: Blastoise
|-activate|p1b: Blastoise|move: Protect
|move|p2a: Sinistcha|Trick Room|p2a: Sinistcha
|-fieldstart|move: Trick Room|[of] p2a: Sinistcha
|
|upkeep
|turn|4
|
|t:|1784637144
|move|p2b: Incineroar|Parting Shot|p1b: Blastoise
|-unboost|p1b: Blastoise|atk|1
|-unboost|p1b: Blastoise|spa|1
|
|t:|1784637147
|switch|p2b: Sneasler|Sneasler, L50, F|56/100|[from] Parting Shot
|move|p2a: Sinistcha|Matcha Gotcha|p1b: Blastoise|[spread] p1a
|-miss|p2a: Sinistcha|p1b: Blastoise
|-resisted|p1a: Incineroar|1
|-damage|p1a: Incineroar|90/100
|move|p1a: Incineroar|Flare Blitz|p2a: Sinistcha
|-supereffective|p2a: Sinistcha|1
|-damage|p2a: Sinistcha|4/100
|-damage|p1a: Incineroar|62/100|[from] Recoil
|move|p1b: Blastoise|Dark Pulse|p2a: Sinistcha
|-supereffective|p2a: Sinistcha|1
|-damage|p2a: Sinistcha|0 fnt
|faint|p2a: Sinistcha
|
|upkeep
|
|t:|1784637162
|switch|p2a: Incineroar|Incineroar, L50, F|100/100
|-ability|p2a: Incineroar|Intimidate|boost
|-unboost|p1a: Incineroar|atk|1
|-unboost|p1b: Blastoise|atk|1
|turn|5
|
|t:|1784637175
|move|p2a: Incineroar|Fake Out|p1b: Blastoise
|-damage|p1b: Blastoise|89/100
|move|p1a: Incineroar|Flare Blitz|p2b: Sneasler
|-damage|p2b: Sneasler|0 fnt
|faint|p2b: Sneasler
|-damage|p1a: Incineroar|48/100|[from] Recoil
|cant|p1b: Blastoise|flinch
|
|upkeep
|turn|6
|inactive|Prepucio Santos has 30 seconds left.
|-message|Prepucio Santos forfeited.
|raw|tavinn_n's rating: 1278 → 1304(+26 for winning)
|raw|Prepucio Santos's rating: 1287 → 1261(-26 for losing)
|
|win|tavinn_n
