|j|☆Girl 3
|j|☆BigIronChungus
|html|Girl 3BigIronChungus    
|uhtml|bestof|Game 1 of a best-of-3
|t:|1784963252
|gametype|doubles
|player|p1|Girl 3|265|1040
|player|p2|BigIronChungus|arezu|1000
|gen|9
|tier|[Gen 9 Champions] VGC 2026 Reg M-B (Bo3)
|rated|
|rule|Species Clause: Limit one of each Pokémon
|rule|Item Clause: Limit 1 of each item
|clearpoke
|poke|p1|Hydreigon, L50, M, shiny|
|poke|p1|Clawitzer, L50, F, shiny|
|poke|p1|Aerodactyl, L50, F, shiny|
|poke|p1|Ampharos, L50, F, shiny|
|poke|p1|Oranguru, L50, M, shiny|
|poke|p1|Excadrill, L50, M|
|poke|p2|Milotic, L50, M|
|poke|p2|Staraptor, L50, M|
|poke|p2|Tyranitar, L50, F|
|poke|p2|Gholdengo, L50|
|poke|p2|Excadrill, L50, M|
|poke|p2|Sinistcha, L50|
|teampreview|4
|showteam|p1|Hydreigon||LifeOrb|Levitate|Protect,DarkPulse,DragonPulse,NastyPlot|Timid||M|||50|]Clawitzer||QuickClaw|MegaLauncher|Entrainment,IcyWind,WaterPulse,HealPulse|Serious||F|||50|]Aerodactyl||FocusSash|Unnerve|RockSlide,Tailwind,DualWingbeat,WideGuard|Jolly||F|||50|]Ampharos||Ampharosite|Static|DragonPulse,Discharge,Protect,FocusBlast|Quiet||F|||50|]Oranguru||ColburBerry|Telepathy|TrickRoom,Instruct,Psychic,EnergyBall|Relaxed||M|||50|]Excadrill||ChoiceScarf|MoldBreaker|Earthquake,IronHead,RockSlide,HighHorsepower|Jolly||M|||50|
|showteam|p2|Milotic||Leftovers|Competitive|Protect,IceBeam,Scald,IcyWind|Modest||M|||50|]Staraptor||Staraptite|Intimidate|Protect,BraveBird,CloseCombat,Tailwind|Jolly||M|||50|]Tyranitar||Tyranitarite|SandStream|Protect,KnockOff,RockSlide,LowKick|Adamant||F|||50|]Gholdengo||LifeOrb|GoodasGold|Protect,ShadowBall,NastyPlot,MakeItRain|Modest|||||50|]Excadrill||FocusSash|SandRush|Protect,IronHead,RockSlide,HighHorsepower|Adamant||M|||50|]Sinistcha||SitrusBerry|Hospitality|Protect,TrickRoom,RagePowder,MatchaGotcha|Bold|||||50|
|
|t:|1784963299
|teamsize|p1|4
|teamsize|p2|4
|start
|switch|p1a: Hydreigon|Hydreigon, L50, M, shiny|100/100
|switch|p1b: Aerodactyl|Aerodactyl, L50, F, shiny|100/100
|switch|p2a: Tyranitar|Tyranitar, L50, F|100/100
|switch|p2b: Milotic|Milotic, L50, M|100/100
|-ability|p1b: Aerodactyl|Unnerve
|-weather|Sandstorm|[from] ability: Sand Stream|[of] p2a: Tyranitar
|turn|1
|
|t:|1784963321
|move|p1a: Hydreigon|Protect|p1a: Hydreigon
|-singleturn|p1a: Hydreigon|Protect
|move|p1b: Aerodactyl|Tailwind|p1b: Aerodactyl
|-sidestart|p1: Girl 3|move: Tailwind
|move|p2b: Milotic|Icy Wind|p1a: Hydreigon|[spread] p1b
|-activate|p1a: Hydreigon|move: Protect
|-supereffective|p1b: Aerodactyl|1
|-damage|p1b: Aerodactyl|79/100
|-unboost|p1b: Aerodactyl|spe|1
|move|p2a: Tyranitar|Knock Off|p1b: Aerodactyl
|-damage|p1b: Aerodactyl|0 fnt
|-enditem|p1b: Aerodactyl|Focus Sash|[from] move: Knock Off|[of] p2a: Tyranitar
|faint|p1b: Aerodactyl
|
|-weather|Sandstorm|[upkeep]
|-damage|p1a: Hydreigon|94/100|[from] Sandstorm
|-damage|p2b: Milotic|94/100|[from] Sandstorm
|-heal|p2b: Milotic|100/100|[from] item: Leftovers
|upkeep
|
|t:|1784963332
|switch|p1b: Clawitzer|Clawitzer, L50, F, shiny|100/100
|turn|2
|
|t:|1784963348
|move|p2a: Tyranitar|Protect|p2a: Tyranitar
|-singleturn|p2a: Tyranitar|Protect
|move|p1a: Hydreigon|Nasty Plot|p1a: Hydreigon
|-boost|p1a: Hydreigon|spa|2
|move|p1b: Clawitzer|Entrainment|p1a: Hydreigon
|-ability|p1a: Hydreigon|Mega Launcher|Levitate|[from] move: Entrainment|[of] p1b: Clawitzer
|move|p2b: Milotic|Icy Wind|p1b: Clawitzer|[spread] p1a,p1b
|-supereffective|p1a: Hydreigon|1
|-resisted|p1b: Clawitzer|1
|-damage|p1a: Hydreigon|66/100
|-damage|p1b: Clawitzer|95/100
|-unboost|p1a: Hydreigon|spe|1
|-unboost|p1b: Clawitzer|spe|1
|
|-weather|Sandstorm|[upkeep]
|-damage|p1a: Hydreigon|60/100|[from] Sandstorm
|-damage|p1b: Clawitzer|89/100|[from] Sandstorm
|-damage|p2b: Milotic|94/100|[from] Sandstorm
|-heal|p2b: Milotic|100/100|[from] item: Leftovers
|upkeep
|turn|3
|inactive|Battle timer is ON: inactive players will automatically lose when time's up. (requested by Girl 3)
|
|t:|1784963387
|move|p2b: Milotic|Protect|p2b: Milotic
|-singleturn|p2b: Milotic|Protect
|move|p1a: Hydreigon|Dragon Pulse|p2a: Tyranitar
|-damage|p2a: Tyranitar|11/100
|-damage|p1a: Hydreigon|51/100|[from] item: Life Orb
|move|p1b: Clawitzer|Heal Pulse|p1a: Hydreigon
|-heal|p1a: Hydreigon|100/100
|move|p2a: Tyranitar|Low Kick|p1a: Hydreigon
|-supereffective|p1a: Hydreigon|1
|-damage|p1a: Hydreigon|10/100
|
|-weather|Sandstorm|[upkeep]
|-damage|p1a: Hydreigon|4/100|[from] Sandstorm
|-damage|p1b: Clawitzer|83/100|[from] Sandstorm
|-damage|p2b: Milotic|94/100|[from] Sandstorm
|-heal|p2b: Milotic|100/100|[from] item: Leftovers
|upkeep
|turn|4
|
|t:|1784963406
|move|p2a: Tyranitar|Protect|p2a: Tyranitar
|-singleturn|p2a: Tyranitar|Protect
|move|p1a: Hydreigon|Dragon Pulse|p2b: Milotic
|-damage|p2b: Milotic|0 fnt
|faint|p2b: Milotic
|-damage|p1a: Hydreigon|0 fnt|[from] item: Life Orb
|faint|p1a: Hydreigon
|move|p1b: Clawitzer|Heal Pulse|p1: Hydreigon|[notarget]
|-fail|p1b: Clawitzer
|
|-weather|Sandstorm|[upkeep]
|-damage|p1b: Clawitzer|76/100|[from] Sandstorm
|-sideend|p1: Girl 3|move: Tailwind
|upkeep
|
|t:|1784963418
|switch|p1a: Excadrill|Excadrill, L50, M|100/100
|switch|p2b: Sinistcha|Sinistcha, L50|100/100
|-ability|p1a: Excadrill|Mold Breaker
|-heal|p2a: Tyranitar|36/100|[from] ability: Hospitality|[of] p2b: Sinistcha
|turn|5
|inactive|Girl 3 has 30 seconds left.
|
|t:|1784963451
|detailschange|p2a: Tyranitar|Tyranitar-Mega, L50, F
|-mega|p2a: Tyranitar|Tyranitar|Tyranitarite
|move|p1a: Excadrill|Rock Slide|p2a: Tyranitar|[spread] p2a,p2b
|-damage|p2a: Tyranitar|23/100
|-damage|p2b: Sinistcha|84/100
|move|p2a: Tyranitar|Low Kick|p1a: Excadrill
|-supereffective|p1a: Excadrill|1
|-crit|p1a: Excadrill
|-damage|p1a: Excadrill|0 fnt
|faint|p1a: Excadrill
|move|p2b: Sinistcha|Matcha Gotcha|p1b: Clawitzer|[miss]
|-miss|p2b: Sinistcha|p1b: Clawitzer
|move|p1b: Clawitzer|Water Pulse|p2b: Sinistcha
|-resisted|p2b: Sinistcha|1
|-damage|p2b: Sinistcha|66/100
|
|-weather|none
|upkeep
|turn|6
|-message|Girl 3 forfeited.
|
|win|BigIronChungus
|l|☆Girl 3
|player|p1|
|raw|Girl 3's rating: 1040 → 1022(-18 for losing)
|raw|BigIronChungus's rating: 1000 → 1045(+45 for winning)
