|j|☆smalltownkirlia
|j|☆KptainFr
|html|smalltownkirliaKptainFr    
|uhtml|bestof|Game 1 of a best-of-3
|t:|1757690018
|gametype|doubles
|player|p1|smalltownkirlia|whitney|1127
|player|p2|KptainFr|steven|1088
|gen|9
|tier|[Gen 9] VGC 2025 Reg H (Bo3)
|rated|
|rule|Species Clause: Limit one of each Pokémon
|rule|Item Clause: Limit 1 of each item
|clearpoke
|poke|p1|Dragonite, L50, F|
|poke|p1|Ursaluna-Bloodmoon, L50, M|
|poke|p1|Gholdengo, L50|
|poke|p1|Maushold-Four, L50|
|poke|p1|Annihilape, L50, F|
|poke|p1|Rillaboom, L50, F|
|poke|p2|Ceruledge, L50, M|
|poke|p2|Gastrodon, L50, F|
|poke|p2|Ninetales-Alola, L50, F|
|poke|p2|Rillaboom, L50, F|
|poke|p2|Sneasler, L50, F|
|poke|p2|Dragonite, L50, M|
|teampreview|4
|showteam|p1|Dragonite||LoadedDice|Multiscale|ScaleShot,Tailwind,Haze,Protect|||F|||50|,,,,,Fairy]Ursaluna-Bloodmoon||AssaultVest|MindsEye|BloodMoon,EarthPower,HyperVoice,VacuumWave|||M|||50|,,,,,Water]Gholdengo||LifeOrb|GoodasGold|MakeItRain,ShadowBall,NastyPlot,Protect||||||50|,,,,,Dragon]Maushold-Four||FocusSash|FriendGuard|Taunt,FollowMe,BeatUp,Protect||||||50|,,,,,Ghost]Annihilape||SitrusBerry|Defiant|RageFist,DrainPunch,BulkUp,Protect|||F|||50|,,,,,Fire]Rillaboom||MiracleSeed|GrassySurge|WoodHammer,GrassyGlide,HighHorsepower,FakeOut|||F|||50|,,,,,Fire
|showteam|p2|Ceruledge||Leftovers|WeakArmor|BitterBlade,ShadowSneak,BulkUp,Protect|||M|||50|,,,,,Water]Gastrodon||SitrusBerry|StormDrain|IceBeam,EarthPower,ClearSmog,Protect|||F|||50|,,,,,Grass]Ninetales-Alola||LightClay|SnowCloak|Blizzard,Moonblast,AuroraVeil,Protect|||F|||50|,,,,,Water]Rillaboom||AssaultVest|GrassySurge|WoodHammer,GrassyGlide,HighHorsepower,FakeOut|||F|||50|,,,,,Fire]Sneasler||FocusSash|PoisonTouch|CloseCombat,DireClaw,Coaching,Protect|||F|||50|,,,,,Stellar]Dragonite||LoadedDice|InnerFocus|ScaleShot,ExtremeSpeed,Tailwind,Protect|||M|||50|,,,,,Normal
|inactive|Battle timer is ON: inactive players will automatically lose when time's up. (requested by KptainFr)
|inactive|smalltownkirlia also wants the timer to be on.
|inactive|smalltownkirlia has 60 seconds left.
|inactive|KptainFr has 60 seconds left.
|inactive|KptainFr has 30 seconds left.
|inactive|KptainFr has 20 seconds left.
|inactive|KptainFr has 15 seconds left.
|inactive|KptainFr has 10 seconds left.
|
|t:|1757690099
|teamsize|p1|4
|teamsize|p2|4
|start
|switch|p1a: Ursaluna|Ursaluna-Bloodmoon, L50, M|100/100
|switch|p1b: Gholdengo|Gholdengo, L50|100/100
|switch|p2a: Ceruledge|Ceruledge, L50, M|100/100
|switch|p2b: Dragonite|Dragonite, L50, M|100/100
|turn|1
|inactive|smalltownkirlia has 30 seconds left.
|
|t:|1757690128
|switch|p1b: Rillaboom|Rillaboom, L50, F|100/100
|-fieldstart|move: Grassy Terrain|[from] ability: Grassy Surge|[of] p1b: Rillaboom
|-terastallize|p2a: Ceruledge|Water
|move|p2b: Dragonite|Scale Shot|p1a: Ursaluna
|-damage|p1a: Ursaluna|90/100
|-damage|p1a: Ursaluna|80/100
|-damage|p1a: Ursaluna|70/100
|-damage|p1a: Ursaluna|59/100
|-hitcount|p1a: Ursaluna|4
|-unboost|p2b: Dragonite|def|1
|-boost|p2b: Dragonite|spe|1
|move|p2a: Ceruledge|Bulk Up|p2a: Ceruledge
|-boost|p2a: Ceruledge|atk|1
|-boost|p2a: Ceruledge|def|1
|move|p1a: Ursaluna|Earth Power|p2a: Ceruledge
|-damage|p2a: Ceruledge|56/100
|
|-heal|p2a: Ceruledge|62/100|[from] Grassy Terrain
|-heal|p2a: Ceruledge|69/100|[from] item: Leftovers
|-heal|p1a: Ursaluna|65/100|[from] Grassy Terrain
|upkeep
|turn|2
|inactive|smalltownkirlia has 30 seconds left.
|
|t:|1757690153
|move|p2b: Dragonite|Protect|p2b: Dragonite
|-singleturn|p2b: Dragonite|Protect
|move|p2a: Ceruledge|Protect|p2a: Ceruledge
|-singleturn|p2a: Ceruledge|Protect
|move|p1b: Rillaboom|Grassy Glide|p2a: Ceruledge
|-activate|p2a: Ceruledge|move: Protect
|move|p1a: Ursaluna|Blood Moon|p2b: Dragonite
|-activate|p2b: Dragonite|move: Protect
|
|-heal|p2a: Ceruledge|75/100|[from] Grassy Terrain
|-heal|p2a: Ceruledge|81/100|[from] item: Leftovers
|-heal|p1a: Ursaluna|72/100|[from] Grassy Terrain
|upkeep
|turn|3
|
|t:|1757690171
|move|p1b: Rillaboom|Grassy Glide|p2a: Ceruledge
|-supereffective|p2a: Ceruledge
|-damage|p2a: Ceruledge|15/100
|-ability|p2a: Ceruledge|Weak Armor|boost
|-unboost|p2a: Ceruledge|def|1
|-boost|p2a: Ceruledge|spe|2
|move|p2a: Ceruledge|Bitter Blade|p1b: Rillaboom
|-supereffective|p1b: Rillaboom
|-damage|p1b: Rillaboom|0 fnt
|-heal|p2a: Ceruledge|71/100|[from] drain|[of] p1b: Rillaboom
|faint|p1b: Rillaboom
|move|p2b: Dragonite|Scale Shot|p1a: Ursaluna
|-crit|p1a: Ursaluna
|-damage|p1a: Ursaluna|57/100
|-damage|p1a: Ursaluna|46/100
|-damage|p1a: Ursaluna|35/100
|-damage|p1a: Ursaluna|25/100
|-damage|p1a: Ursaluna|14/100
|-hitcount|p1a: Ursaluna|5
|-unboost|p2b: Dragonite|def|1
|-boost|p2b: Dragonite|spe|1
|move|p1a: Ursaluna|Hyper Voice|p2b: Dragonite|[spread] p2a,p2b
|-damage|p2a: Ceruledge|37/100
|-damage|p2b: Dragonite|57/100
|
|-heal|p2a: Ceruledge|43/100|[from] Grassy Terrain
|-heal|p2a: Ceruledge|49/100|[from] item: Leftovers
|-heal|p1a: Ursaluna|20/100|[from] Grassy Terrain
|upkeep
|
|t:|1757690194
|switch|p1b: Dragonite|Dragonite, L50, F|100/100
|turn|4
|
|t:|1757690207
|-terastallize|p1b: Dragonite|Fairy
|move|p1a: Ursaluna|Vacuum Wave|p2a: Ceruledge
|-damage|p2a: Ceruledge|35/100
|move|p2b: Dragonite|Scale Shot|p1b: Dragonite
|-immune|p1b: Dragonite
|move|p2a: Ceruledge|Bitter Blade|p1a: Ursaluna
|-damage|p1a: Ursaluna|0 fnt
|-heal|p2a: Ceruledge|47/100|[from] drain|[of] p1a: Ursaluna
|faint|p1a: Ursaluna
|move|p1b: Dragonite|Scale Shot|p2b: Dragonite|[miss]
|-miss|p1b: Dragonite|p2b: Dragonite
|
|-heal|p2a: Ceruledge|53/100|[from] Grassy Terrain
|-heal|p2a: Ceruledge|59/100|[from] item: Leftovers
|upkeep
|
|t:|1757690219
|switch|p1a: Gholdengo|Gholdengo, L50|100/100
|turn|5
|
|t:|1757690232
|move|p1a: Gholdengo|Protect|p1a: Gholdengo
|-singleturn|p1a: Gholdengo|Protect
|move|p2b: Dragonite|Tailwind|p2b: Dragonite
|-sidestart|p2: KptainFr|move: Tailwind
|move|p2a: Ceruledge|Bitter Blade|p1b: Dragonite
|-damage|p1b: Dragonite|63/100
|-heal|p2a: Ceruledge|77/100|[from] drain|[of] p1b: Dragonite
|move|p1b: Dragonite|Scale Shot|p2a: Ceruledge
|-damage|p2a: Ceruledge|61/100
|-ability|p2a: Ceruledge|Weak Armor|boost
|-unboost|p2a: Ceruledge|def|1
|-boost|p2a: Ceruledge|spe|2
|-damage|p2a: Ceruledge|39/100
|-ability|p2a: Ceruledge|Weak Armor|boost
|-unboost|p2a: Ceruledge|def|1
|-boost|p2a: Ceruledge|spe|2
|-damage|p2a: Ceruledge|3/100
|-ability|p2a: Ceruledge|Weak Armor|boost
|-unboost|p2a: Ceruledge|def|1
|-damage|p2a: Ceruledge|0 fnt
|faint|p2a: Ceruledge
|-hitcount|p2: Ceruledge|4
|-unboost|p1b: Dragonite|def|1
|-boost|p1b: Dragonite|spe|1
|
|-heal|p1b: Dragonite|69/100|[from] Grassy Terrain
|-fieldend|move: Grassy Terrain
|upkeep
|inactive|KptainFr has 30 seconds left.
|
|t:|1757690261
|switch|p2a: Sneasler|Sneasler, L50, F|100/100
|turn|6
|
|t:|1757690272
|move|p2b: Dragonite|Protect|p2b: Dragonite
|-singleturn|p2b: Dragonite|Protect
|move|p2a: Sneasler|Coaching|p2b: Dragonite
|-boost|p2b: Dragonite|atk|1
|-boost|p2b: Dragonite|def|1
|move|p1b: Dragonite|Scale Shot|p2a: Sneasler
|-damage|p2a: Sneasler|75/100
|-damage|p2a: Sneasler|48/100
|-damage|p2a: Sneasler|24/100
|-damage|p2a: Sneasler|0 fnt
|faint|p2a: Sneasler
|-hitcount|p2: Sneasler|4
|-unboost|p1b: Dragonite|def|1
|-boost|p1b: Dragonite|spe|1
|move|p1a: Gholdengo|Nasty Plot|p1a: Gholdengo
|-boost|p1a: Gholdengo|spa|2
|
|upkeep
|
|t:|1757690279
|switch|p2a: Ninetales|Ninetales-Alola, L50, F|100/100
|turn|7
|inactive|KptainFr has 30 seconds left.
|inactive|smalltownkirlia has 30 seconds left.
|
|t:|1757690317
|move|p1a: Gholdengo|Protect|p1a: Gholdengo
|-singleturn|p1a: Gholdengo|Protect
|move|p2b: Dragonite|Extreme Speed|p1b: Dragonite
|-damage|p1b: Dragonite|0 fnt
|faint|p1b: Dragonite
|move|p2a: Ninetales|Blizzard|p1a: Gholdengo
|-activate|p1a: Gholdengo|move: Protect
|
|upkeep
|turn|8
|
|t:|1757690326
|move|p2b: Dragonite|Scale Shot|p1a: Gholdengo
|-resisted|p1a: Gholdengo
|-damage|p1a: Gholdengo|89/100
|-resisted|p1a: Gholdengo
|-damage|p1a: Gholdengo|77/100
|-resisted|p1a: Gholdengo
|-damage|p1a: Gholdengo|66/100
|-resisted|p1a: Gholdengo
|-damage|p1a: Gholdengo|53/100
|-resisted|p1a: Gholdengo
|-damage|p1a: Gholdengo|43/100
|-hitcount|p1a: Gholdengo|5
|-unboost|p2b: Dragonite|def|1
|-boost|p2b: Dragonite|spe|1
|move|p2a: Ninetales|Moonblast|p1a: Gholdengo
|-resisted|p1a: Gholdengo
|-crit|p1a: Gholdengo
|-damage|p1a: Gholdengo|18/100
|move|p1a: Gholdengo|Make It Rain|p2a: Ninetales|[spread] p2a,p2b
|-supereffective|p2a: Ninetales
|-damage|p2a: Ninetales|0 fnt
|-damage|p2b: Dragonite|0 fnt
|-unboost|p1a: Gholdengo|spa|1
|faint|p2a: Ninetales
|faint|p2b: Dragonite
|-damage|p1a: Gholdengo|9/100|[from] item: Life Orb
|
|win|smalltownkirlia
||KptainFr is ready for game 2.
|inactive|smalltownkirlia has 30 seconds to confirm battle start!
