|j|☆BlRD BOY
|j|☆bearlover997
|html|BlRD BOYbearlover997    
|uhtml|bestof|Game 1 of a best-of-3
|t:|1783739305
|gametype|doubles
|player|p1|BlRD BOY|brycen|1191
|player|p2|bearlover997|sage|1095
|gen|9
|tier|[Gen 9 Champions] VGC 2026 Reg M-B (Bo3)
|rated|
|rule|Species Clause: Limit one of each Pokémon
|rule|Item Clause: Limit 1 of each item
|clearpoke
|poke|p1|Torkoal, L50, F|
|poke|p1|Avalugg-Hisui, L50, F|
|poke|p1|Farigiraf, L50, F|
|poke|p1|Scrafty, L50, F|
|poke|p1|Typhlosion-Hisui, L50, M|
|poke|p1|Sinistcha-Masterpiece, L50|
|poke|p2|Dragalge, L50, M, shiny|
|poke|p2|Sinistcha, L50|
|poke|p2|Incineroar, L50, F|
|poke|p2|Grimmsnarl, L50, M|
|poke|p2|Lopunny, L50, M|
|poke|p2|Volcarona, L50, M|
|teampreview|4
|showteam|p1|Torkoal||Charcoal|Drought|Protect,Eruption,WeatherBall,EarthPower|Quiet||F|||50|]Avalugg-Hisui||WideLens|Sturdy|MountainGale,RockSlide,BodyPress,WideGuard|Brave||F|||50|]Farigiraf||SitrusBerry|ArmorTail|PsychicFangs,Thunderbolt,HelpingHand,TrickRoom|Relaxed||F|||50|]Scrafty||Scraftinite|Intimidate|Detect,KnockOff,CloseCombat,FakeOut|Brave||F|||50|]Typhlosion-Hisui||ChoiceScarf|Frisk|Eruption,HeatWave,ShadowBall,SolarBeam|Modest||M|||50|]Sinistcha-Masterpiece||KasibBerry|Hospitality|MatchaGotcha,ShadowBall,RagePowder,TrickRoom|Sassy|||||50|
|showteam|p2|Dragalge||Dragalgite|PoisonPoint|DracoMeteor,SludgeBomb,FlipTurn,Toxic|Calm||M|||50|]Sinistcha||ColburBerry|Hospitality|MatchaGotcha,StrengthSap,RagePowder,Protect|Bold|||||50|]Incineroar||SitrusBerry|Intimidate|FakeOut,PartingShot,WillOWisp,FlareBlitz|Adamant||F|||50|]Grimmsnarl||LightClay|Prankster|LightScreen,Reflect,PartingShot,SpiritBreak|Careful||M|||50|]Lopunny||Lopunnite|Limber|CloseCombat,Encore,FakeOut,Uturn|Jolly||M|||50|]Volcarona||Leftovers|FlameBody|QuiverDance,FieryDance,BugBuzz,Protect|Modest||M|||50|
|inactive|Battle timer is ON: inactive players will automatically lose when time's up. (requested by bearlover997)
|inactive|BlRD BOY has 60 seconds left.
|
|t:|1783739355
|teamsize|p1|4
|teamsize|p2|4
|start
|switch|p1a: Torkoal|Torkoal, L50, F|100/100
|switch|p1b: Typhlosion|Typhlosion-Hisui, L50, M|100/100
|switch|p2a: Dragalge|Dragalge, L50, M, shiny|100/100
|switch|p2b: Grimmsnarl|Grimmsnarl, L50, M|100/100
|-item|p2a: Dragalge|Dragalgite|[from] ability: Frisk|[of] p1b: Typhlosion
|-item|p2b: Grimmsnarl|Light Clay|[from] ability: Frisk|[of] p1b: Typhlosion
|-weather|SunnyDay|[from] ability: Drought|[of] p1a: Torkoal
|turn|1
|
|t:|1783739380
|switch|p1a: Farigiraf|Farigiraf, L50, F|100/100
|detailschange|p2a: Dragalge|Dragalge-Mega, L50, M, shiny
|-mega|p2a: Dragalge|Dragalge|Dragalgite
|move|p2b: Grimmsnarl|Light Screen|p2b: Grimmsnarl
|-sidestart|p2: bearlover997|move: Light Screen
|move|p1b: Typhlosion|Eruption|p2b: Grimmsnarl|[spread] p2a,p2b
|-resisted|p2a: Dragalge|1
|-damage|p2a: Dragalge|84/100
|-damage|p2b: Grimmsnarl|55/100
|move|p2a: Dragalge|Draco Meteor|p1b: Typhlosion
|-damage|p1b: Typhlosion|15/100
|-unboost|p2a: Dragalge|spa|2
|
|-weather|SunnyDay|[upkeep]
|upkeep
|turn|2
|inactive|BlRD BOY has 30 seconds left.
|inactive|BlRD BOY has 20 seconds left.
|inactive|BlRD BOY has 15 seconds left.
|inactive|BlRD BOY has 10 seconds left.
|
|t:|1783739429
|switch|p1b: Torkoal|Torkoal, L50, F|100/100
|move|p2b: Grimmsnarl|Spirit Break|p1a: Farigiraf
|-damage|p1a: Farigiraf|74/100
|-unboost|p1a: Farigiraf|spa|1
|move|p1a: Farigiraf|Psychic Fangs|p2a: Dragalge
|-sideend|p2: bearlover997|move: Light Screen
|-supereffective|p2a: Dragalge|1
|-damage|p2a: Dragalge|28/100
|move|p2a: Dragalge|Flip Turn|p1a: Farigiraf
|-damage|p1a: Farigiraf|70/100
|
|t:|1783739443
|-heal|p2a: Dragalge|61/100|[from] ability: Regenerator|[silent]
|switch|p2a: Incineroar|Incineroar, L50, F|100/100|[from] Flip Turn
|-ability|p2a: Incineroar|Intimidate|boost
|-unboost|p1a: Farigiraf|atk|1
|-unboost|p1b: Torkoal|atk|1
|
|-weather|SunnyDay|[upkeep]
|upkeep
|turn|3
|
|t:|1783739459
|move|p2a: Incineroar|Parting Shot|p1a: Farigiraf
|-unboost|p1a: Farigiraf|atk|1
|-unboost|p1a: Farigiraf|spa|1
|
|t:|1783739463
|switch|p2a: Dragalge|Dragalge-Mega, L50, M, shiny|61/100|[from] Parting Shot
|move|p2b: Grimmsnarl|Spirit Break|p1b: Torkoal
|-resisted|p1b: Torkoal|1
|-damage|p1b: Torkoal|89/100
|-unboost|p1b: Torkoal|spa|1
|move|p1b: Torkoal|Eruption|p2b: Grimmsnarl|[spread] p2a,p2b
|-resisted|p2a: Dragalge|1
|-damage|p2a: Dragalge|48/100
|-damage|p2b: Grimmsnarl|12/100
|move|p1a: Farigiraf|Trick Room|p1a: Farigiraf
|-fieldstart|move: Trick Room|[of] p1a: Farigiraf
|
|-weather|SunnyDay|[upkeep]
|upkeep
|turn|4
|
|t:|1783739484
|-heal|p2a: Dragalge|81/100|[from] ability: Regenerator|[silent]
|switch|p2a: Incineroar|Incineroar, L50, F|100/100
|-ability|p2a: Incineroar|Intimidate|boost
|-unboost|p1a: Farigiraf|atk|1
|-unboost|p1b: Torkoal|atk|1
|switch|p1a: Scrafty|Scrafty, L50, F|100/100
|-ability|p1a: Scrafty|Intimidate|boost
|-unboost|p2a: Incineroar|atk|1
|-unboost|p2b: Grimmsnarl|atk|1
|move|p2b: Grimmsnarl|Light Screen|p2b: Grimmsnarl
|-sidestart|p2: bearlover997|move: Light Screen
|move|p1b: Torkoal|Eruption|p2b: Grimmsnarl|[spread] p2a,p2b
|-resisted|p2a: Incineroar|1
|-damage|p2a: Incineroar|87/100
|-damage|p2b: Grimmsnarl|0 fnt
|faint|p2b: Grimmsnarl
|
|-weather|SunnyDay|[upkeep]
|upkeep
|
|t:|1783739499
|switch|p2b: Dragalge|Dragalge-Mega, L50, M, shiny|81/100
|turn|5
|inactive|BlRD BOY has 30 seconds left.
|
|t:|1783739527
|switch|p1b: Typhlosion|Typhlosion-Hisui, L50, M|15/100
|-item|p2a: Incineroar|Sitrus Berry|[from] ability: Frisk|[of] p1b: Typhlosion
|-item|p2b: Dragalge|Dragalgite|[from] ability: Frisk|[of] p1b: Typhlosion
|detailschange|p1a: Scrafty|Scrafty-Mega, L50, F
|-mega|p1a: Scrafty|Scrafty|Scraftinite
|-ability|p1a: Scrafty|Intimidate|boost
|-unboost|p2a: Incineroar|atk|1
|-unboost|p2b: Dragalge|atk|1
|move|p2b: Dragalge|Toxic|p1b: Typhlosion
|-status|p1b: Typhlosion|tox
|move|p1a: Scrafty|Close Combat|p2a: Incineroar
|-supereffective|p2a: Incineroar|1
|-damage|p2a: Incineroar|0 fnt
|-unboost|p1a: Scrafty|def|1
|-unboost|p1a: Scrafty|spd|1
|faint|p2a: Incineroar
|
|-weather|none
|-damage|p1b: Typhlosion|9/100 tox|[from] psn
|upkeep
|
|t:|1783739545
|switch|p2a: Volcarona|Volcarona, L50, M|100/100
|turn|6
|
|t:|1783739558
|move|p1a: Scrafty|Detect|p1a: Scrafty
|-singleturn|p1a: Scrafty|Protect
|move|p2b: Dragalge|Sludge Bomb|p1a: Scrafty
|-activate|p1a: Scrafty|move: Protect
|move|p2a: Volcarona|Bug Buzz|p1a: Scrafty
|-activate|p1a: Scrafty|move: Protect
|move|p1b: Typhlosion|Shadow Ball|p2b: Dragalge
|-damage|p2b: Dragalge|66/100
|
|-damage|p1b: Typhlosion|0 fnt|[from] psn
|faint|p1b: Typhlosion
|upkeep
|
|t:|1783739564
|switch|p1b: Farigiraf|Farigiraf, L50, F|70/100
|turn|7
|
|t:|1783739589
|switch|p1a: Torkoal|Torkoal, L50, F|89/100
|-weather|SunnyDay|[from] ability: Drought|[of] p1a: Torkoal
|move|p2b: Dragalge|Toxic|p1a: Torkoal
|-status|p1a: Torkoal|tox
|move|p1b: Farigiraf|Psychic Fangs|p2b: Dragalge
|-sideend|p2: bearlover997|move: Light Screen
|-supereffective|p2b: Dragalge|1
|-damage|p2b: Dragalge|6/100
|move|p2a: Volcarona|Bug Buzz|p1b: Farigiraf
|-supereffective|p1b: Farigiraf|1
|-damage|p1b: Farigiraf|0 fnt
|faint|p1b: Farigiraf
|
|-weather|SunnyDay|[upkeep]
|-damage|p1a: Torkoal|83/100 tox|[from] psn
|-fieldend|move: Trick Room
|upkeep
|
|t:|1783739596
|switch|p1b: Scrafty|Scrafty-Mega, L50, F|100/100
|-ability|p1b: Scrafty|Intimidate|boost
|-unboost|p2a: Volcarona|atk|1
|-unboost|p2b: Dragalge|atk|1
|turn|8
|
|t:|1783739617
|move|p1b: Scrafty|Fake Out|p2b: Dragalge
|-damage|p2b: Dragalge|0 fnt
|faint|p2b: Dragalge
|move|p2a: Volcarona|Bug Buzz|p1b: Scrafty
|-damage|p1b: Scrafty|56/100
|move|p1a: Torkoal|Weather Ball|p2a: Volcarona
|-damage|p2a: Volcarona|13/100
|
|-weather|SunnyDay|[upkeep]
|-heal|p2a: Volcarona|19/100|[from] item: Leftovers
|-damage|p1a: Torkoal|71/100 tox|[from] psn
|upkeep
|turn|9
|
|t:|1783739627
|move|p2a: Volcarona|Protect|p2a: Volcarona
|-singleturn|p2a: Volcarona|Protect
|move|p1b: Scrafty|Knock Off|p2a: Volcarona
|-activate|p2a: Volcarona|move: Protect
|move|p1a: Torkoal|Weather Ball|p2a: Volcarona
|-activate|p2a: Volcarona|move: Protect
|
|-weather|SunnyDay|[upkeep]
|-heal|p2a: Volcarona|26/100|[from] item: Leftovers
|-damage|p1a: Torkoal|52/100 tox|[from] psn
|upkeep
|turn|10
|
|t:|1783739631
|move|p2a: Volcarona|Bug Buzz|p1b: Scrafty
|-damage|p1b: Scrafty|17/100
|move|p1b: Scrafty|Knock Off|p2a: Volcarona
|-damage|p2a: Volcarona|0 fnt
|-enditem|p2a: Volcarona|Leftovers|[from] move: Knock Off|[of] p1b: Scrafty
|faint|p2a: Volcarona
|
|win|BlRD BOY
||bearlover997 is ready for game 2.
|inactive|BlRD BOY has 30 seconds to confirm battle start!
||BlRD BOY is ready for game 2.
|uhtml|next|Next: Game 2 of 3
|l|☆bearlover997
|player|p2|
