|j|☆JqckZzz
|j|☆ExessVGC
|html|JqckZzzExessVGC    
|uhtml|bestof|Game 2 of a best-of-3
|t:|1756345194
|gametype|doubles
|player|p1|JqckZzz|brycen|1102
|player|p2|ExessVGC|1|1108
|gen|9
|tier|[Gen 9] VGC 2025 Reg H (Bo3)
|rated|
|rule|Species Clause: Limit one of each Pokémon
|rule|Item Clause: Limit 1 of each item
|clearpoke
|poke|p1|Incineroar, L50, M|
|poke|p1|Amoonguss, L50, M|
|poke|p1|Ursaluna-Bloodmoon, L50, M|
|poke|p1|Sneasler, L50, F|
|poke|p1|Gholdengo, L50|
|poke|p1|Dragonite, L50, M|
|poke|p2|Talonflame, L50, F|
|poke|p2|Dragapult, L50, F|
|poke|p2|Farigiraf, L50, M|
|poke|p2|Ursaluna, L50, F|
|poke|p2|Sinistcha-Masterpiece, L50|
|poke|p2|Incineroar, L50, M|
|teampreview|4
|showteam|p1|Incineroar||SafetyGoggles|Intimidate|FlareBlitz,KnockOff,PartingShot,FakeOut|||M|||50|,,,,,Ghost]Amoonguss||SitrusBerry|Regenerator|Spore,RagePowder,PollenPuff,Protect|||M|||50|,,,,,Psychic]Ursaluna-Bloodmoon||AssaultVest|MindsEye|HyperVoice,BloodMoon,EarthPower,VacuumWave|||M|||50|,,,,,Water]Sneasler||FocusSash|Unburden|CloseCombat,DireClaw,ThroatChop,Protect|||F|||50|,,,,,Stellar]Gholdengo||LifeOrb|GoodasGold|MakeItRain,ShadowBall,NastyPlot,Protect||||||50|,,,,,Water]Dragonite||LoadedDice|Multiscale|ScaleShot,Tailwind,Haze,Protect|||M|||50|,,,,,Fairy
|showteam|p2|Talonflame||CovertCloak|GaleWings|DualWingbeat,Tailwind,Taunt,SunnyDay|||F|||50|,,,,,Grass]Dragapult||ChoiceBand|ClearBody|DragonDarts,PhantomForce,Uturn,Outrage|||F|||50|,,,,,Dragon]Farigiraf||SitrusBerry|ArmorTail|TrickRoom,PsychicNoise,DazzlingGleam,HelpingHand|||M|||50|,,,,,Fairy]Ursaluna||FlameOrb|Guts|Facade,HeadlongRush,Earthquake,Protect|||F|||50|,,,,,Normal]Sinistcha-Masterpiece||RockyHelmet|Hospitality|RagePowder,TrickRoom,MatchaGotcha,StrengthSap||||||50|,,,,,Fire]Incineroar||AssaultVest|Intimidate|FakeOut,FlareBlitz,Uturn,KnockOff|||M|||50|,,,,,Grass
|inactive|Battle timer is ON: inactive players will automatically lose when time's up. (requested by ExessVGC)
|inactive|JqckZzz has 60 seconds left.
|
|t:|1756345252
|teamsize|p1|4
|teamsize|p2|4
|start
|switch|p1a: Amoonguss|Amoonguss, L50, M|100/100
|switch|p1b: Sneasler|Sneasler, L50, F|100/100
|switch|p2a: LA CATAPULTA|Dragapult, L50, F|100/100
|switch|p2b: Top Gun|Talonflame, L50, F|100/100
|turn|1
|inactive|JqckZzz has 30 seconds left.
|inactive|JqckZzz has 20 seconds left.
|inactive|JqckZzz has 15 seconds left.
|
|t:|1756345294
|move|p1b: Sneasler|Protect|p1b: Sneasler
|-singleturn|p1b: Sneasler|Protect
|move|p2b: Top Gun|Taunt|p1a: Amoonguss
|-start|p1a: Amoonguss|move: Taunt
|move|p2a: LA CATAPULTA|U-turn|p1b: Sneasler
|-activate|p1b: Sneasler|move: Protect
|cant|p1a: Amoonguss|move: Taunt|Spore
|
|upkeep
|turn|2
|
|t:|1756345319
|switch|p1a: Incineroar|Incineroar, L50, M|100/100
|-ability|p1a: Incineroar|Intimidate|boost
|-fail|p2a: LA CATAPULTA|unboost|[from] ability: Clear Body|[of] p2a: LA CATAPULTA
|-unboost|p2b: Top Gun|atk|1
|move|p2b: Top Gun|Dual Wingbeat|p1b: Sneasler
|-supereffective|p1b: Sneasler
|-damage|p1b: Sneasler|65/100
|-supereffective|p1b: Sneasler
|-damage|p1b: Sneasler|30/100
|-hitcount|p1b: Sneasler|2
|move|p2a: LA CATAPULTA|U-turn|p1a: Incineroar
|-damage|p1a: Incineroar|66/100
|
|t:|1756345333
|switch|p2a: Il Campione|Incineroar, L50, M|100/100|[from] U-turn
|-ability|p2a: Il Campione|Intimidate|boost
|-unboost|p1a: Incineroar|atk|1
|-unboost|p1b: Sneasler|atk|1
|move|p1b: Sneasler|Throat Chop|p2a: Il Campione
|-resisted|p2a: Il Campione
|-damage|p2a: Il Campione|94/100
|-start|p2a: Il Campione|Throat Chop|[silent]
|
|upkeep
|turn|3
|inactive|JqckZzz has 30 seconds left.
|inactive|ExessVGC has 30 seconds left.
|
|t:|1756345361
|move|p1b: Sneasler|Protect|p1b: Sneasler
|-singleturn|p1b: Sneasler|Protect
|move|p2a: Il Campione|Fake Out|p1b: Sneasler
|-activate|p1b: Sneasler|move: Protect
|move|p2b: Top Gun|Taunt|p1a: Incineroar
|-start|p1a: Incineroar|move: Taunt
|move|p1a: Incineroar|Knock Off|p2b: Top Gun
|-damage|p2b: Top Gun|59/100
|-enditem|p2b: Top Gun|Covert Cloak|[from] move: Knock Off|[of] p1a: Incineroar
|
|-end|p2a: Il Campione|Throat Chop|[silent]
|upkeep
|turn|4
|inactive|JqckZzz has 30 seconds left.
|inactive|JqckZzz has 20 seconds left.
|inactive|JqckZzz has 15 seconds left.
|
|t:|1756345401
|switch|p1b: Amoonguss|Amoonguss, L50, M|100/100
|move|p2b: Top Gun|Dual Wingbeat|p1b: Amoonguss
|-supereffective|p1b: Amoonguss
|-damage|p1b: Amoonguss|84/100
|-supereffective|p1b: Amoonguss
|-damage|p1b: Amoonguss|67/100
|-hitcount|p1b: Amoonguss|2
|move|p1a: Incineroar|Knock Off|p2a: Il Campione
|-resisted|p2a: Il Campione
|-damage|p2a: Il Campione|83/100
|-enditem|p2a: Il Campione|Assault Vest|[from] move: Knock Off|[of] p1a: Incineroar
|move|p2a: Il Campione|U-turn|p1a: Incineroar
|-damage|p1a: Incineroar|46/100
|
|t:|1756345418
|switch|p2a: LA CATAPULTA|Dragapult, L50, F|100/100|[from] U-turn
|
|upkeep
|turn|5
|inactive|JqckZzz has 30 seconds left.
|inactive|JqckZzz has 20 seconds left.
|inactive|JqckZzz has 15 seconds left.
|inactive|JqckZzz has 10 seconds left.
|
|t:|1756345465
|move|p1b: Amoonguss|Protect|p1b: Amoonguss
|-singleturn|p1b: Amoonguss|Protect
|move|p2b: Top Gun|Taunt|p1b: Amoonguss
|-activate|p1b: Amoonguss|move: Protect
|move|p2a: LA CATAPULTA|U-turn|p1a: Incineroar
|-damage|p1a: Incineroar|11/100
|
|t:|1756345472
|switch|p2a: Il Campione|Incineroar, L50, M|83/100|[from] U-turn
|-ability|p2a: Il Campione|Intimidate|boost
|-unboost|p1a: Incineroar|atk|1
|-unboost|p1b: Amoonguss|atk|1
|move|p1a: Incineroar|Knock Off|p2a: Il Campione
|-resisted|p2a: Il Campione
|-damage|p2a: Il Campione|78/100
|
|-end|p1a: Incineroar|move: Taunt
|upkeep
|turn|6
|inactive|JqckZzz has 30 seconds left.
|
|t:|1756345500
|switch|p1a: Sneasler|Sneasler, L50, F|30/100
|move|p1b: Amoonguss|Rage Powder|p1b: Amoonguss
|-singleturn|p1b: Amoonguss|move: Rage Powder
|move|p2b: Top Gun|Taunt|p1b: Amoonguss
|-start|p1b: Amoonguss|move: Taunt
|move|p2a: Il Campione|U-turn|p1b: Amoonguss
|-damage|p1b: Amoonguss|47/100
|-enditem|p1b: Amoonguss|Sitrus Berry|[eat]
|-heal|p1b: Amoonguss|72/100|[from] item: Sitrus Berry
|
|t:|1756345510
|switch|p2a: LA CATAPULTA|Dragapult, L50, F|100/100|[from] U-turn
|
|upkeep
|turn|7
|inactive|JqckZzz has 30 seconds left.
|inactive|JqckZzz has 20 seconds left.
|inactive|JqckZzz has 15 seconds left.
|inactive|JqckZzz has 10 seconds left.
|
|t:|1756345556
|switch|p1b: Incineroar|Incineroar, L50, M|11/100
|-ability|p1b: Incineroar|Intimidate|boost
|-fail|p2a: LA CATAPULTA|unboost|[from] ability: Clear Body|[of] p2a: LA CATAPULTA
|-unboost|p2b: Top Gun|atk|1
|-terastallize|p2a: LA CATAPULTA|Dragon
|move|p2b: Top Gun|Dual Wingbeat|p1b: Incineroar
|-damage|p1b: Incineroar|3/100
|-damage|p1b: Incineroar|0 fnt
|faint|p1b: Incineroar
|-hitcount|p1: Incineroar|2
|move|p2a: LA CATAPULTA|Dragon Darts|p1a: Sneasler
|-damage|p1a: Sneasler|0 fnt
|faint|p1a: Sneasler
|
|upkeep
|
|t:|1756345570
|switch|p1a: Ursaluna|Ursaluna-Bloodmoon, L50, M|100/100
|switch|p1b: Amoonguss|Amoonguss, L50, M|100/100
|turn|8
|inactive|JqckZzz has 30 seconds left.
|inactive|JqckZzz has 20 seconds left.
|inactive|JqckZzz has 15 seconds left.
|inactive|JqckZzz has 10 seconds left.
|
|t:|1756345616
|move|p2b: Top Gun|Taunt|p1b: Amoonguss
|-start|p1b: Amoonguss|move: Taunt
|move|p2a: LA CATAPULTA|Dragon Darts|p1b: Amoonguss
|-damage|p1b: Amoonguss|52/100
|-anim|p2a: LA CATAPULTA|Dragon Darts|p1a: Ursaluna
|-damage|p1a: Ursaluna|61/100
|move|p1a: Ursaluna|Hyper Voice|p2b: Top Gun|[spread] p2a,p2b
|-damage|p2a: LA CATAPULTA|55/100
|-damage|p2b: Top Gun|0 fnt
|faint|p2b: Top Gun
|cant|p1b: Amoonguss|move: Taunt|Spore
|
|upkeep
|
|t:|1756345631
|switch|p2b: Il Campione|Incineroar, L50, M|78/100
|-ability|p2b: Il Campione|Intimidate|boost
|-unboost|p1a: Ursaluna|atk|1
|-unboost|p1b: Amoonguss|atk|1
|turn|9
|
|t:|1756345648
|move|p2b: Il Campione|Fake Out|p1a: Ursaluna
|-damage|p1a: Ursaluna|51/100
|move|p2a: LA CATAPULTA|Dragon Darts|p1b: Amoonguss
|-damage|p1b: Amoonguss|6/100
|-anim|p2a: LA CATAPULTA|Dragon Darts|p1a: Ursaluna
|-damage|p1a: Ursaluna|10/100
|cant|p1a: Ursaluna|flinch
|move|p1b: Amoonguss|Pollen Puff|p1a: Ursaluna
|-heal|p1a: Ursaluna|59/100
|
|upkeep
|turn|10
|
|t:|1756345671
|switch|p2b: Green Matcha|Sinistcha-Masterpiece, L50|100/100
|-heal|p2a: LA CATAPULTA|80/100|[from] ability: Hospitality|[of] p2b: Green Matcha
|move|p2a: LA CATAPULTA|Dragon Darts|p1b: Amoonguss
|-crit|p1b: Amoonguss
|-damage|p1b: Amoonguss|0 fnt
|-anim|p2a: LA CATAPULTA|Dragon Darts|p1a: Ursaluna
|-damage|p1a: Ursaluna|19/100
|faint|p1b: Amoonguss
|move|p1a: Ursaluna|Hyper Voice|p2b: Green Matcha|[spread] p2a,p2b
|-damage|p2a: LA CATAPULTA|28/100
|-damage|p2b: Green Matcha|65/100
|
|upkeep
|turn|11
|-message|JqckZzz forfeited.
|
|win|ExessVGC
|l|☆JqckZzz
|player|p1|
||JqckZzz is ready for game 3.
|inactive|ExessVGC has 30 seconds to confirm battle start!
||ExessVGC is ready for game 3.
|uhtml|next|Next: Game 3 of 3
