|j|☆TheBigGooner
|j|☆gazzlb
|html|TheBigGoonergazzlb    
|uhtml|bestof|Game 2 of a best-of-3
|t:|1784054099
|gametype|doubles
|player|p1|TheBigGooner|266|1040
|player|p2|gazzlb|101|1129
|gen|9
|tier|[Gen 9 Champions] VGC 2026 Reg M-B (Bo3)
|rated|
|rule|Species Clause: Limit one of each Pokémon
|rule|Item Clause: Limit 1 of each item
|clearpoke
|poke|p1|Gengar, L50, M|
|poke|p1|Politoed, L50, F|
|poke|p1|Incineroar, L50, M|
|poke|p1|Archaludon, L50, F|
|poke|p1|Sableye, L50, F|
|poke|p1|Swampert, L50, M|
|poke|p2|Rotom-Heat, L50|
|poke|p2|Mamoswine, L50, F|
|poke|p2|Meowstic, L50, M|
|poke|p2|Mr. Rime, L50, M|
|poke|p2|Malamar, L50, M|
|poke|p2|Clefable, L50, F|
|teampreview|4
|showteam|p1|Gengar||Gengarite|CursedBody|PerishSong,Protect,ShadowBall,SludgeBomb|Timid||M|||50|]Politoed||SitrusBerry|Drizzle|PerishSong,Protect,Encore,WeatherBall|Calm||F|||50|]Incineroar||PasshoBerry|Intimidate|FakeOut,PartingShot,FlareBlitz,ThroatChop|Adamant||M|||50|]Archaludon||Leftovers|Stamina|ElectroShot,Protect,FlashCannon,DracoMeteor|Timid||F|||50|]Sableye||Sablenite|Prankster|RainDance,Disable,Encore,Poltergeist|Impish||F|||50|]Swampert||Swampertite|Damp|Waterfall,Earthquake,IcePunch,FlipTurn|Adamant||M|||50|
|showteam|p2|Rotom-Heat||SitrusBerry|Levitate|Overheat,Thunderbolt,VoltSwitch,WillOWisp|Bold|||||50|]Mamoswine||ChoiceScarf|Oblivious|IcicleCrash,HighHorsepower,RockTomb,IceShard|Jolly||F|||50|]Meowstic||LightClay|Prankster|FakeOut,Tickle,FakeTears,LightScreen|Impish||M|||50|]Mr. Rime||FocusSash|ScreenCleaner|FakeOut,FreezeDry,Psychic,Protect|Modest||M|||50|]Malamar||Malamarite|Contrary|Superpower,ThroatChop,TopsyTurvy,Protect|Adamant||M|||50|]Clefable||LifeOrb|Unaware|Moonblast,AirSlash,GrassKnot,Protect|Modest||F|||50|
|
|t:|1784054112
|teamsize|p1|4
|teamsize|p2|4
|start
|switch|p1a: Politoed|Politoed, L50, F|100/100
|switch|p1b: Sableye|Sableye, L50, F|100/100
|switch|p2a: Meowstic|Meowstic, L50, M|100/100
|switch|p2b: Clefable|Clefable, L50, F|100/100
|-weather|RainDance|[from] ability: Drizzle|[of] p1a: Politoed
|turn|1
|inactive|Battle timer is ON: inactive players will automatically lose when time's up. (requested by TheBigGooner)
|
|t:|1784054172
|switch|p1b: Archaludon|Archaludon, L50, F|100/100
|move|p2a: Meowstic|Light Screen|p2a: Meowstic
|-sidestart|p2: gazzlb|move: Light Screen
|move|p1a: Politoed|Weather Ball|p2a: Meowstic
|-damage|p2a: Meowstic|64/100
|move|p2b: Clefable|Grass Knot|p1a: Politoed
|-supereffective|p1a: Politoed|1
|-damage|p1a: Politoed|68/100
|-damage|p2b: Clefable|90/100|[from] item: Life Orb
|
|-weather|RainDance|[upkeep]
|upkeep
|turn|2
|
|t:|1784054191
|move|p2a: Meowstic|Fake Tears|p1b: Archaludon
|-unboost|p1b: Archaludon|spd|2
|move|p1b: Archaludon|Electro Shot||[still]
|-prepare|p1b: Archaludon|Electro Shot
|-boost|p1b: Archaludon|spa|1
|-anim|p1b: Archaludon|Electro Shot|p2a: Meowstic
|-damage|p2a: Meowstic|20/100y
|move|p1a: Politoed|Encore|p2a: Meowstic
|-start|p2a: Meowstic|Encore
|move|p2b: Clefable|Moonblast|p1b: Archaludon
|-damage|p1b: Archaludon|8/100
|-ability|p1b: Archaludon|Stamina|boost
|-boost|p1b: Archaludon|def|1
|-damage|p2b: Clefable|80/100|[from] item: Life Orb
|
|-weather|RainDance|[upkeep]
|-heal|p1b: Archaludon|14/100|[from] item: Leftovers
|upkeep
|turn|3
|inactive|gazzlb has 30 seconds left.
|
|t:|1784054224
|switch|p2a: Malamar|Malamar, L50, M|100/100
|move|p1b: Archaludon|Protect|p1b: Archaludon
|-singleturn|p1b: Archaludon|Protect
|move|p1a: Politoed|Perish Song|p1a: Politoed
|-start|p1a: Politoed|perish3|[silent]
|-start|p1b: Archaludon|perish3|[silent]
|-start|p2a: Malamar|perish3|[silent]
|-start|p2b: Clefable|perish3|[silent]
|-fieldactivate|move: Perish Song
|move|p2b: Clefable|Moonblast|p1a: Politoed
|-damage|p1a: Politoed|30/100
|-enditem|p1a: Politoed|Sitrus Berry|[eat]
|-heal|p1a: Politoed|55/100|[from] item: Sitrus Berry
|-damage|p2b: Clefable|70/100|[from] item: Life Orb
|
|-weather|RainDance|[upkeep]
|-heal|p1b: Archaludon|20/100y|[from] item: Leftovers
|-start|p1b: Archaludon|perish3
|-start|p2a: Malamar|perish3
|-start|p1a: Politoed|perish3
|-start|p2b: Clefable|perish3
|upkeep
|turn|4
|inactive|TheBigGooner has 30 seconds left.
|
|t:|1784054250
|detailschange|p2a: Malamar|Malamar-Mega, L50, M
|-mega|p2a: Malamar|Malamar|Malamarite
|move|p1b: Archaludon|Electro Shot||[still]
|-prepare|p1b: Archaludon|Electro Shot
|-boost|p1b: Archaludon|spa|1
|-anim|p1b: Archaludon|Electro Shot|p2a: Malamar
|-damage|p2a: Malamar|55/100
|move|p2a: Malamar|Topsy-Turvy|p1b: Archaludon
|-invertboost|p1b: Archaludon|[from] move: Topsy-Turvy
|move|p1a: Politoed|Weather Ball|p2a: Malamar
|-damage|p2a: Malamar|35/100
|move|p2b: Clefable|Moonblast|p1b: Archaludon
|-damage|p1b: Archaludon|0 fnt
|faint|p1b: Archaludon
|-damage|p2b: Clefable|60/100|[from] item: Life Orb
|
|-weather|RainDance|[upkeep]
|-start|p2a: Malamar|perish2
|-start|p1a: Politoed|perish2
|-start|p2b: Clefable|perish2
|upkeep
|
|t:|1784054274
|switch|p1b: Swampert|Swampert, L50, M|100/100
|turn|5
|inactive|gazzlb has 30 seconds left.
|inactive|gazzlb has 20 seconds left.
|
|t:|1784054312
|detailschange|p1b: Swampert|Swampert-Mega, L50, M
|-mega|p1b: Swampert|Swampert|Swampertite
|move|p2b: Clefable|Protect|p2b: Clefable
|-singleturn|p2b: Clefable|Protect
|move|p1b: Swampert|Waterfall|p2b: Clefable
|-activate|p2b: Clefable|move: Protect
|move|p2a: Malamar|Superpower|p1a: Politoed
|-crit|p1a: Politoed
|-damage|p1a: Politoed|1/100
|-boost|p2a: Malamar|atk|1
|-boost|p2a: Malamar|def|1
|move|p1a: Politoed|Weather Ball|p2a: Malamar
|-damage|p2a: Malamar|13/100
|
|-weather|none
|-start|p2a: Malamar|perish1
|-start|p1a: Politoed|perish1
|-start|p2b: Clefable|perish1
|upkeep
|turn|6
|inactive|TheBigGooner has 30 seconds left.
|
|t:|1784054345
|switch|p1a: Sableye|Sableye, L50, F|100/100
|switch|p2b: Meowstic|Meowstic, L50, M|20/100y
|move|p1b: Swampert|Waterfall|p2b: Meowstic
|-damage|p2b: Meowstic|0 fnt
|faint|p2b: Meowstic
|move|p2a: Malamar|Superpower|p1b: Swampert
|-damage|p1b: Swampert|52/100
|-boost|p2a: Malamar|atk|1
|-boost|p2a: Malamar|def|1
|
|-start|p2a: Malamar|perish0
|faint|p2a: Malamar
|upkeep
|
|t:|1784054355
|switch|p2b: Mamoswine|Mamoswine, L50, F|100/100
|switch|p2a: Clefable|Clefable, L50, F|60/100
|turn|7
|
|t:|1784054373
|move|p1a: Sableye|Rain Dance|p1a: Sableye
|-weather|RainDance
|move|p1b: Swampert|Flip Turn|p2b: Mamoswine
|-supereffective|p2b: Mamoswine|1
|-damage|p2b: Mamoswine|0 fnt
|faint|p2b: Mamoswine
|
|t:|1784054378
|switch|p1b: Politoed|Politoed, L50, F|1/100|[from] Flip Turn
|move|p2a: Clefable|Moonblast|p1a: Sableye
|-supereffective|p1a: Sableye|1
|-damage|p1a: Sableye|0 fnt
|faint|p1a: Sableye
|-damage|p2a: Clefable|50/100g|[from] item: Life Orb
|
|-weather|RainDance|[upkeep]
|upkeep
|-message|gazzlb forfeited.
|
|win|TheBigGooner
|raw|TheBigGooner's rating: 1040 → 1083(+43 for winning)
|raw|gazzlb's rating: 1129 → 1098(-31 for losing)
|l|☆gazzlb
|player|p2|
