|j|☆Gear5th
|j|☆ichoseyoupoppo
|html|Gear5thichoseyoupoppo    
|uhtml|bestof|Game 1 of a best-of-3
|t:|1757767975
|gametype|doubles
|player|p1|Gear5th|emmet|1062
|player|p2|ichoseyoupoppo|2|1076
|gen|9
|tier|[Gen 9] VGC 2025 Reg H (Bo3)
|rated|
|rule|Species Clause: Limit one of each Pokémon
|rule|Item Clause: Limit 1 of each item
|clearpoke
|poke|p1|Pelipper, L50, F|
|poke|p1|Archaludon, L50, F|
|poke|p1|Dragapult, L50, M|
|poke|p1|Incineroar, L50, M|
|poke|p1|Amoonguss, L50, F|
|poke|p1|Milotic, L50, F|
|poke|p2|Decidueye-Hisui, L50, F|
|poke|p2|Weavile, L50, M|
|poke|p2|Whimsicott, L50, F|
|poke|p2|Farigiraf, L50, F|
|poke|p2|Barraskewda, L50, F|
|teampreview|4
|showteam|p1|Pelipper||FocusSash|KeenEye|WeatherBall,Hurricane,Tailwind,WideGuard|||F|||50|,,,,,Ghost]Archaludon||AssaultVest|Stamina|ElectroShot,FlashCannon,DracoMeteor,BodyPress|||F|||50|,,,,,Grass]Dragapult||LifeOrb|ClearBody|DragonDarts,PhantomForce,TeraBlast,Protect|||M|||50|,,,,,Fairy]Incineroar||SitrusBerry|Intimidate|KnockOff,PartingShot,WillOWisp,FakeOut|||M|||50|,,,,,Grass]Amoonguss||CovertCloak|Regenerator|PollenPuff,Spore,RagePowder,Protect|||F|||50|,,,,,Water]Milotic||Leftovers|Competitive|IceBeam,Scald,HelpingHand,Protect|||F|||50|,,,,,Dragon
|showteam|p2|Decidueye-Hisui||ChoiceScarf|Scrappy|LeafBlade,TripleArrows,Uturn,CloseCombat|||F|||50|,,,,,Fire]Weavile||FocusSash|Pressure|FakeOut,IceSpinner,Protect,KnockOff|||M|||50|,,,,,Ghost]Whimsicott||CovertCloak|Prankster|Tailwind,Taunt,Protect,Moonblast|||F|||50|,,,,,Water]Farigiraf||SitrusBerry|ArmorTail|Psychic,DazzlingGleam,TrickRoom,HelpingHand|||F|||50|,,,,,Fairy]Barraskewda||ChoiceBand|PropellerTail|FlipTurn,Liquidation,ThroatChop,PsychicFangs|||F|||50|,,,,,Water
|
|t:|1757768009
|teamsize|p1|4
|teamsize|p2|4
|start
|switch|p1a: Incineroar|Incineroar, L50, M|100/100
|switch|p1b: Dragapult|Dragapult, L50, M|100/100
|switch|p2a: Whimsicott|Whimsicott, L50, F|100/100
|switch|p2b: Barraskewda|Barraskewda, L50, F|100/100
|-ability|p1a: Incineroar|Intimidate|boost
|-unboost|p2a: Whimsicott|atk|1
|-unboost|p2b: Barraskewda|atk|1
|turn|1
|inactive|Battle timer is ON: inactive players will automatically lose when time's up. (requested by Gear5th)
|
|t:|1757768037
|move|p1a: Incineroar|Fake Out|p2b: Barraskewda
|-damage|p2b: Barraskewda|80/100
|move|p2a: Whimsicott|Tailwind|p2a: Whimsicott
|-sidestart|p2: ichoseyoupoppo|move: Tailwind
|cant|p2b: Barraskewda|flinch
|move|p1b: Dragapult|Phantom Force||[still]
|-prepare|p1b: Dragapult|Phantom Force
|
|upkeep
|turn|2
|
|t:|1757768053
|switch|p1a: Amoonguss|Amoonguss, L50, F|100/100
|move|p2b: Barraskewda|Flip Turn|p1a: Amoonguss
|-resisted|p1a: Amoonguss
|-damage|p1a: Amoonguss|89/100
|
|t:|1757768059
|switch|p2b: Weavile|Weavile, L50, M|100/100|[from] Flip Turn
|-ability|p2b: Weavile|Pressure
|move|p2a: Whimsicott|Moonblast|p1a: Amoonguss
|-resisted|p1a: Amoonguss
|-damage|p1a: Amoonguss|76/100
|move|p1b: Dragapult|Phantom Force|p2a: Whimsicott|[from] lockedmove
|-damage|p2a: Whimsicott|15/100
|-damage|p1b: Dragapult|91/100|[from] item: Life Orb
|
|upkeep
|turn|3
|
|t:|1757768082
|-terastallize|p1a: Amoonguss|Water
|move|p1a: Amoonguss|Rage Powder|p1a: Amoonguss
|-singleturn|p1a: Amoonguss|move: Rage Powder
|move|p2a: Whimsicott|Taunt|p1a: Amoonguss
|-start|p1a: Amoonguss|move: Taunt
|move|p2b: Weavile|Knock Off|p1a: Amoonguss
|-damage|p1a: Amoonguss|39/100
|-enditem|p1a: Amoonguss|Covert Cloak|[from] move: Knock Off|[of] p2b: Weavile
|move|p1b: Dragapult|Dragon Darts|p2b: Weavile
|-damage|p2b: Weavile|44/100
|-anim|p1b: Dragapult|Dragon Darts|p2b: Weavile
|-damage|p2b: Weavile|0 fnt
|faint|p2b: Weavile
|-damage|p1b: Dragapult|81/100|[from] item: Life Orb
|
|upkeep
|
|t:|1757768097
|switch|p2b: Decidueye|Decidueye-Hisui, L50, F|100/100
|turn|4
|
|t:|1757768110
|switch|p1b: Incineroar|Incineroar, L50, M|100/100
|-ability|p1b: Incineroar|Intimidate|boost
|-unboost|p2a: Whimsicott|atk|1
|-fail|p2b: Decidueye|unboost|Attack|[from] ability: Scrappy|[of] p2b: Decidueye
|move|p2b: Decidueye|Close Combat|p1b: Incineroar
|-supereffective|p1b: Incineroar
|-damage|p1b: Incineroar|0 fnt
|-unboost|p2b: Decidueye|def|1
|-unboost|p2b: Decidueye|spd|1
|faint|p1b: Incineroar
|move|p2a: Whimsicott|Moonblast|p1a: Amoonguss
|-damage|p1a: Amoonguss|17/100
|move|p1a: Amoonguss|Pollen Puff|p1: Incineroar|[notarget]
|-fail|p1a: Amoonguss
|
|-sideend|p2: ichoseyoupoppo|move: Tailwind
|upkeep
|
|t:|1757768125
|switch|p1b: Milotic|Milotic, L50, F|100/100
|turn|5
|
|t:|1757768139
|move|p2a: Whimsicott|Moonblast|p1a: Amoonguss
|-damage|p1a: Amoonguss|0 fnt
|faint|p1a: Amoonguss
|move|p2b: Decidueye|Close Combat|p1b: Milotic
|-damage|p1b: Milotic|41/100
|-unboost|p2b: Decidueye|def|1
|-unboost|p2b: Decidueye|spd|1
|move|p1b: Milotic|Scald|p2b: Decidueye
|-resisted|p2b: Decidueye
|-damage|p2b: Decidueye|59/100
|
|-heal|p1b: Milotic|47/100|[from] item: Leftovers
|upkeep
|
|t:|1757768151
|switch|p1a: Dragapult|Dragapult, L50, M|81/100
|turn|6
|
|t:|1757768157
|move|p1a: Dragapult|Protect|p1a: Dragapult
|-singleturn|p1a: Dragapult|Protect
|move|p2a: Whimsicott|Tailwind|p2a: Whimsicott
|-sidestart|p2: ichoseyoupoppo|move: Tailwind
|move|p2b: Decidueye|Close Combat|p1a: Dragapult
|-activate|p1a: Dragapult|move: Protect
|move|p1b: Milotic|Ice Beam|p2b: Decidueye
|-supereffective|p2b: Decidueye
|-damage|p2b: Decidueye|0 fnt
|faint|p2b: Decidueye
|
|-heal|p1b: Milotic|53/100|[from] item: Leftovers
|upkeep
|
|t:|1757768159
|switch|p2b: Barraskewda|Barraskewda, L50, F|80/100
|turn|7
|
|t:|1757768170
|move|p2b: Barraskewda|Throat Chop|p1a: Dragapult
|-supereffective|p1a: Dragapult
|-damage|p1a: Dragapult|0 fnt
|faint|p1a: Dragapult
|move|p2a: Whimsicott|Moonblast|p1b: Milotic
|-damage|p1b: Milotic|33/100
|-unboost|p1b: Milotic|spa|1
|-ability|p1b: Milotic|Competitive|boost
|-boost|p1b: Milotic|spa|2
|move|p1b: Milotic|Ice Beam|p2a: Whimsicott
|-supereffective|p2a: Whimsicott
|-damage|p2a: Whimsicott|0 fnt
|faint|p2a: Whimsicott
|
|-heal|p1b: Milotic|39/100|[from] item: Leftovers
|upkeep
|turn|8
|
|t:|1757768179
|move|p1b: Milotic|Protect|p1b: Milotic
|-singleturn|p1b: Milotic|Protect
|move|p2b: Barraskewda|Throat Chop|p1b: Milotic
|-activate|p1b: Milotic|move: Protect
|
|-heal|p1b: Milotic|45/100|[from] item: Leftovers
|upkeep
|turn|9
|
|t:|1757768193
|move|p2b: Barraskewda|Throat Chop|p1b: Milotic
|-damage|p1b: Milotic|0 fnt
|faint|p1b: Milotic
|
|win|ichoseyoupoppo
||Gear5th is ready for game 2.
|inactive|ichoseyoupoppo has 30 seconds to confirm battle start!
||ichoseyoupoppo is ready for game 2.
|uhtml|next|Next: Game 2 of 3
