|j|☆KilamanolaVGC
|j|☆gostzin
|html|KilamanolaVGCgostzin    
|uhtml|bestof|Game 2 of a best-of-3
|t:|1755803797
|gametype|doubles
|player|p1|KilamanolaVGC|red|1212
|player|p2|gostzin|170|1124
|gen|9
|tier|[Gen 9] VGC 2025 Reg H (Bo3)
|rated|
|rule|Species Clause: Limit one of each Pokémon
|rule|Item Clause: Limit 1 of each item
|clearpoke
|poke|p1|Weezing-Galar, L50, F|
|poke|p1|Slaking, L50, M|
|poke|p1|Dragapult, L50, M|
|poke|p1|Corviknight, L50, M|
|poke|p1|Dondozo, L50, M|
|poke|p1|Tatsugiri, L50, M|
|poke|p2|Incineroar, L50, F|
|poke|p2|Volcarona, L50, F|
|poke|p2|Amoonguss, L50, F|
|poke|p2|Ninetales-Alola, L50, M|
|poke|p2|Ursaluna-Bloodmoon, L50, M|
|poke|p2|Kingambit, L50, M|
|teampreview|4
|showteam|p1|Weezing-Galar||CovertCloak|NeutralizingGas|StrangeSteam,WillOWisp,Taunt,Protect|||F|||50|,,,,,Water]Slaking||LifeOrb|Truant|DoubleEdge,SuckerPunch,HighHorsepower,Protect|||M|||50|,,,,,Ghost]Dragapult||ChoiceBand|ClearBody|PhantomForce,DragonDarts,Uturn,TeraBlast|||M|||50|,,,,,Ghost]Corviknight||SitrusBerry|MirrorArmor|BraveBird,Tailwind,Roost,Protect|||M|||50|,,,,,Dragon]Dondozo||Leftovers|Unaware|WaveCrash,HeavySlam,OrderUp,Protect|||M|||50|,,,,,Grass]Tatsugiri||FocusSash|Commander|MuddyWater,DragonPulse,IcyWind,Protect|||M|||50|,,,,,Grass
|showteam|p2|Incineroar||SafetyGoggles|Intimidate|WillOWisp,FakeOut,Taunt,KnockOff|||F|||50|,,,,,Ghost]Volcarona||CovertCloak|FlameBody|QuiverDance,FieryDance,GigaDrain,Protect|||F|||50|,,,,,Fairy]Amoonguss||RockyHelmet|Regenerator|Spore,ClearSmog,PollenPuff,RagePowder|||F|||50|,,,,,Water]Ninetales-Alola||FocusSash|SnowWarning|Blizzard,Encore,IcyWind,AuroraVeil|||M|||50|,,,,,Ghost]Ursaluna-Bloodmoon||AssaultVest|MindsEye|BloodMoon,EarthPower,HyperVoice,VacuumWave|||M|||50|,,,,,Ghost]Kingambit||BlackGlasses|Defiant|SuckerPunch,Protect,KowtowCleave,SwordsDance|||M|||50|,,,,,Dark
|inactive|Battle timer is ON: inactive players will automatically lose when time's up. (requested by KilamanolaVGC)
|
|t:|1755803816
|teamsize|p1|4
|teamsize|p2|4
|start
|switch|p1a: Slaking|Slaking, L50, M, shiny|100/100
|switch|p1b: Weezing|Weezing-Galar, L50, F, shiny|100/100
|switch|p2a: Ursaluna|Ursaluna-Bloodmoon, L50, M|100/100
|switch|p2b: Incineroar|Incineroar, L50, F, shiny|100/100
|-ability|p1b: Weezing|Neutralizing Gas
|turn|1
|inactive|KilamanolaVGC has 30 seconds left.
|inactive|KilamanolaVGC has 20 seconds left.
|
|t:|1755803852
|move|p1b: Weezing|Protect|p1b: Weezing
|-singleturn|p1b: Weezing|Protect
|move|p1a: Slaking|Double-Edge|p2a: Ursaluna
|-damage|p2a: Ursaluna|22/100
|-damage|p1a: Slaking|76/100|[from] Recoil
|-damage|p1a: Slaking|67/100|[from] item: Life Orb
|move|p2b: Incineroar|Knock Off|p1a: Slaking
|-damage|p1a: Slaking|36/100
|-enditem|p1a: Slaking|Life Orb|[from] move: Knock Off|[of] p2b: Incineroar
|move|p2a: Ursaluna|Earth Power|p1b: Weezing
|-activate|p1b: Weezing|move: Protect
|
|upkeep
|turn|2
|
|t:|1755803872
|move|p2a: Ursaluna|Vacuum Wave|p1a: Slaking
|-supereffective|p1a: Slaking
|-damage|p1a: Slaking|0 fnt
|faint|p1a: Slaking
|move|p2b: Incineroar|Taunt|p1b: Weezing
|-start|p1b: Weezing|move: Taunt
|cant|p1b: Weezing|move: Taunt|Taunt
|
|upkeep
|
|t:|1755803893
|switch|p1a: Corviknight|Corviknight, L50, M, shiny|100/100
|turn|3
|
|t:|1755803906
|-terastallize|p1a: Corviknight|Dragon
|move|p1a: Corviknight|Brave Bird|p2a: Ursaluna
|-damage|p2a: Ursaluna|0 fnt
|faint|p2a: Ursaluna
|-damage|p1a: Corviknight|93/100|[from] Recoil
|move|p2b: Incineroar|Will-O-Wisp|p1a: Corviknight
|-status|p1a: Corviknight|brn
|move|p1b: Weezing|Strange Steam|p2b: Incineroar
|-damage|p2b: Incineroar|74/100
|
|-damage|p1a: Corviknight|87/100 brn|[from] brn
|upkeep
|
|t:|1755803921
|switch|p2a: Amoonguss|Amoonguss, L50, F|100/100
|turn|4
|
|t:|1755803931
|move|p1a: Corviknight|Brave Bird|p2a: Amoonguss
|-supereffective|p2a: Amoonguss
|-damage|p2a: Amoonguss|58/100
|-damage|p1a: Corviknight|71/100 brn|[from] item: Rocky Helmet|[of] p2a: Amoonguss
|-damage|p1a: Corviknight|56/100 brn|[from] Recoil
|move|p2b: Incineroar|Knock Off|p1a: Corviknight
|-crit|p1a: Corviknight
|-damage|p1a: Corviknight|1/100 brn
|-enditem|p1a: Corviknight|Sitrus Berry|[from] move: Knock Off|[of] p2b: Incineroar
|move|p1b: Weezing|Strange Steam|p2a: Amoonguss
|-resisted|p2a: Amoonguss
|-damage|p2a: Amoonguss|48/100
|-start|p2a: Amoonguss|confusion
|-activate|p2a: Amoonguss|confusion
|move|p2a: Amoonguss|Spore|p1b: Weezing
|-status|p1b: Weezing|slp|[from] move: Spore
|
|-damage|p1a: Corviknight|0 fnt|[from] brn
|faint|p1a: Corviknight
|-end|p1b: Weezing|move: Taunt
|upkeep
|
|t:|1755803934
|switch|p1a: Dragapult|Dragapult, L50, M, shiny|100/100
|turn|5
|
|t:|1755803961
|-activate|p2a: Amoonguss|confusion
|-damage|p2a: Amoonguss|41/100|[from] confusion
|move|p1a: Dragapult|Dragon Darts|p2b: Incineroar
|-crit|p2b: Incineroar
|-damage|p2b: Incineroar|20/100
|-anim|p1a: Dragapult|Dragon Darts|p2a: Amoonguss
|-damage|p2a: Amoonguss|5/100
|move|p2b: Incineroar|Knock Off|p1a: Dragapult
|-supereffective|p1a: Dragapult
|-damage|p1a: Dragapult|0 fnt
|-enditem|p1a: Dragapult|Choice Band|[from] move: Knock Off|[of] p2b: Incineroar
|faint|p1a: Dragapult
|cant|p1b: Weezing|slp
|
|upkeep
|turn|6
|c|☆KilamanolaVGC|Cheater
|-message|KilamanolaVGC forfeited.
|
|win|gostzin
|raw|KilamanolaVGC's rating: 1212 → 1181(-31 for losing)
|raw|gostzin's rating: 1124 → 1155(+31 for winning)
|l|☆KilamanolaVGC
|player|p1|
|c|☆gostzin|KKKKK
|j|☆KilamanolaVGC
|player|p1|KilamanolaVGC|red|
|c|☆gostzin|chora
|l|☆KilamanolaVGC
|player|p1|
