|j|☆PTP_VGC
|j|☆guyq
|html|PTP_VGCguyq    
|uhtml|bestof|Game 2 of a best-of-3
|t:|1754432269
|gametype|doubles
|player|p1|PTP_VGC|266|1277
|player|p2|guyq|briar|1257
|gen|9
|tier|[Gen 9] VGC 2025 Reg H (Bo3)
|rated|
|rule|Species Clause: Limit one of each Pokémon
|rule|Item Clause: Limit 1 of each item
|clearpoke
|poke|p1|Arcanine-Hisui, L50, F|
|poke|p1|Weezing, L50, F|
|poke|p1|Porygon2, L50|
|poke|p1|Weavile, L50, M|
|poke|p1|Pawmot, L50, M|
|poke|p1|Toedscruel, L50, F|
|poke|p2|Indeedee-F, L50, F|
|poke|p2|Sneasler, L50, M|
|poke|p2|Armarouge, L50, F|
|poke|p2|Torkoal, L50, F|
|poke|p2|Lilligant-Hisui, L50, F|
|poke|p2|Gallade, L50, M|
|teampreview|4
|showteam|p1|Arcanine-Hisui||AbilityShield|Intimidate|FlareBlitz,RockSlide,ExtremeSpeed,Protect|||F|||50|,,,,,Ghost]Weezing||SitrusBerry|NeutralizingGas|SludgeBomb,WillOWisp,Taunt,Protect|||F|||50|,,,,,Grass]Porygon2||Eviolite|Download|TeraBlast,IceBeam,Recover,TrickRoom||||||50|,,,,,Water]Weavile||WideLens|Pressure|KnockOff,TripleAxel,FakeOut,Protect|||M|||50|,,,,,Stellar]Pawmot||FocusSash|NaturalCure|DoubleShock,CloseCombat,RevivalBlessing,Protect|||M|||50|,,,,,Stellar]Toedscruel||LifeOrb|MyceliumMight|EarthPower,EnergyBall,Spore,RagePowder|||F|||50|,,,,,Water
|showteam|p2|Indeedee-F||SafetyGoggles|PsychicSurge|Psychic,HelpingHand,FollowMe,TrickRoom|||F|||50|,,,,,Fairy]Sneasler||PsychicSeed|Unburden|DireClaw,CloseCombat,ThroatChop,Protect|||M|||50|,,,,,Dark]Armarouge||LifeOrb|FlashFire|ExpandingForce,ArmorCannon,TrickRoom,Protect|||F|||50|,,,,,Grass]Torkoal||Charcoal|Drought|Eruption,WeatherBall,EarthPower,Protect|||F|||50|,,,,,Fire]Lilligant-Hisui||FocusSash|Chlorophyll|CloseCombat,SolarBlade,IceSpinner,AfterYou|||F|||50|,,,,,Ghost]Gallade||ClearAmulet|Sharpness|SacredSword,PsychoCut,WideGuard,TrickRoom|||M|||50|,,,,,Steel
|inactive|Battle timer is ON: inactive players will automatically lose when time's up. (requested by PTP_VGC)
|inactive|guyq has 60 seconds left.
|
|t:|1754432303
|teamsize|p1|4
|teamsize|p2|4
|start
|switch|p1a: Speedwalker|Weavile, L50, M|100/100
|switch|p1b: Adr. & Adr.|Weezing, L50, F|100/100
|switch|p2a: Sneasler|Sneasler, L50, M|100/100
|switch|p2b: Armarouge|Armarouge, L50, F|100/100
|-ability|p1b: Adr. & Adr.|Neutralizing Gas
|turn|1
|inactive|PTP_VGC has 30 seconds left.
|
|t:|1754432333
|-terastallize|p2b: Armarouge|Grass
|move|p2a: Sneasler|Protect|p2a: Sneasler
|-singleturn|p2a: Sneasler|Protect
|move|p1a: Speedwalker|Triple Axel|p2a: Sneasler
|-activate|p2a: Sneasler|move: Protect
|move|p2b: Armarouge|Expanding Force|p1b: Adr. & Adr.
|-supereffective|p1b: Adr. & Adr.
|-damage|p1b: Adr. & Adr.|0 fnt
|faint|p1b: Adr. & Adr.
|-end|p1b: Adr. & Adr.|ability: Neutralizing Gas
|-ability|p1a: Speedwalker|Pressure
|-damage|p2b: Armarouge|91/100|[from] item: Life Orb
|
|upkeep
|
|t:|1754432339
|switch|p1b: Funky Duck|Porygon2, L50|100/100
|-ability|p1b: Funky Duck|Download|boost
|-boost|p1b: Funky Duck|atk|1
|turn|2
|
|t:|1754432353
|switch|p2b: Indeedee|Indeedee-F, L50, F|100/100
|-fieldstart|move: Psychic Terrain|[from] ability: Psychic Surge|[of] p2b: Indeedee
|-enditem|p2a: Sneasler|Psychic Seed
|-boost|p2a: Sneasler|spd|1|[from] item: Psychic Seed
|-terastallize|p1b: Funky Duck|Water
|move|p1a: Speedwalker|Protect|p1a: Speedwalker
|-singleturn|p1a: Speedwalker|Protect
|move|p2a: Sneasler|Close Combat|p1a: Speedwalker
|-activate|p1a: Speedwalker|move: Protect
|move|p1b: Funky Duck|Trick Room|p1b: Funky Duck
|-fieldstart|move: Trick Room|[of] p1b: Funky Duck
|
|upkeep
|turn|3
|inactive|PTP_VGC has 30 seconds left.
|
|t:|1754432384
|move|p2b: Indeedee|Follow Me|p2b: Indeedee
|-singleturn|p2b: Indeedee|move: Follow Me
|move|p1b: Funky Duck|Tera Blast|p2b: Indeedee|[anim] Tera Blast Water
|-damage|p2b: Indeedee|68/100
|move|p1a: Speedwalker|Knock Off|p2b: Indeedee
|-supereffective|p2b: Indeedee
|-damage|p2b: Indeedee|0 fnt
|-enditem|p2b: Indeedee|Safety Goggles|[from] move: Knock Off|[of] p1a: Speedwalker
|faint|p2b: Indeedee
|move|p2a: Sneasler|Dire Claw|p1b: Funky Duck
|-damage|p1b: Funky Duck|73/100
|
|upkeep
|
|t:|1754432396
|switch|p2b: Torkoal|Torkoal, L50, F|100/100
|-weather|SunnyDay|[from] ability: Drought|[of] p2b: Torkoal
|turn|4
|inactive|PTP_VGC has 30 seconds left.
|
|t:|1754432425
|move|p1a: Speedwalker|Protect|p1a: Speedwalker
|-singleturn|p1a: Speedwalker|Protect
|move|p2b: Torkoal|Eruption|p1a: Speedwalker|[spread] p1b
|-activate|p1a: Speedwalker|move: Protect
|-resisted|p1b: Funky Duck
|-damage|p1b: Funky Duck|44/100
|move|p1b: Funky Duck|Tera Blast|p2b: Torkoal|[anim] Tera Blast Water
|-supereffective|p2b: Torkoal
|-damage|p2b: Torkoal|76/100
|move|p2a: Sneasler|Dire Claw|p1b: Funky Duck
|-damage|p1b: Funky Duck|19/100
|-status|p1b: Funky Duck|par
|
|-weather|SunnyDay|[upkeep]
|upkeep
|turn|5
|
|t:|1754432445
|move|p2b: Torkoal|Weather Ball|p1a: Speedwalker
|-supereffective|p1a: Speedwalker
|-damage|p1a: Speedwalker|0 fnt
|faint|p1a: Speedwalker
|move|p1b: Funky Duck|Recover|p1b: Funky Duck
|-heal|p1b: Funky Duck|69/100 par
|move|p2a: Sneasler|Dire Claw|p1b: Funky Duck
|-damage|p1b: Funky Duck|41/100 par
|
|-weather|SunnyDay|[upkeep]
|upkeep
|
|t:|1754432450
|switch|p1a: Back Pocket|Pawmot, L50, M|100/100
|turn|6
|inactive|PTP_VGC has 30 seconds left.
|inactive|guyq has 30 seconds left.
|
|t:|1754432485
|move|p2b: Torkoal|Eruption|p1a: Back Pocket|[spread] p1a,p1b
|-resisted|p1b: Funky Duck
|-enditem|p1a: Back Pocket|Focus Sash
|-damage|p1a: Back Pocket|1/100
|-damage|p1b: Funky Duck|22/100 par
|move|p1b: Funky Duck|Tera Blast|p2a: Sneasler|[anim] Tera Blast Water
|-damage|p2a: Sneasler|67/100
|move|p1a: Back Pocket|Double Shock|p2a: Sneasler
|-damage|p2a: Sneasler|0 fnt
|-start|p1a: Back Pocket|typechange|???/Fighting|[from] move: Double Shock
|faint|p2a: Sneasler
|
|-weather|SunnyDay|[upkeep]
|-fieldend|move: Trick Room
|-fieldend|move: Psychic Terrain
|upkeep
|
|t:|1754432495
|switch|p2a: Armarouge|Armarouge, L50, F, tera:Grass|91/100
|turn|7
|
|t:|1754432520
|move|p1a: Back Pocket|Revival Blessing|p1a: Back Pocket
|
|t:|1754432521
|-heal|p1: Speedwalker|50/100|[from] move: Revival Blessing
|move|p1b: Funky Duck|Recover|p1b: Funky Duck
|-heal|p1b: Funky Duck|72/100 par
|move|p2b: Torkoal|Eruption|p1b: Funky Duck|[spread] p1a,p1b
|-resisted|p1b: Funky Duck
|-damage|p1a: Back Pocket|0 fnt
|-damage|p1b: Funky Duck|50/100 par
|faint|p1a: Back Pocket
|move|p2a: Armarouge|Trick Room|p2a: Armarouge
|-fieldstart|move: Trick Room|[of] p2a: Armarouge
|
|-weather|SunnyDay|[upkeep]
|upkeep
|
|t:|1754432524
|switch|p1a: Speedwalker|Weavile, L50, M|50/100
|-ability|p1a: Speedwalker|Pressure
|turn|8
|
|t:|1754432545
|move|p2b: Torkoal|Protect|p2b: Torkoal
|-singleturn|p2b: Torkoal|Protect
|move|p1a: Speedwalker|Protect|p1a: Speedwalker
|-singleturn|p1a: Speedwalker|Protect
|move|p2a: Armarouge|Expanding Force|p1b: Funky Duck
|-damage|p1b: Funky Duck|14/100 par
|-damage|p2a: Armarouge|81/100|[from] item: Life Orb
|move|p1b: Funky Duck|Trick Room|p1b: Funky Duck
|-fieldend|move: Trick Room
|
|-weather|none
|upkeep
|turn|9
|
|t:|1754432563
|move|p1a: Speedwalker|Triple Axel|p2a: Armarouge
|-supereffective|p2a: Armarouge
|-damage|p2a: Armarouge|61/100
|-supereffective|p2a: Armarouge
|-damage|p2a: Armarouge|22/100
|-supereffective|p2a: Armarouge
|-damage|p2a: Armarouge|0 fnt
|faint|p2a: Armarouge
|-hitcount|p2: Armarouge|3
|move|p1b: Funky Duck|Tera Blast|p2b: Torkoal|[anim] Tera Blast Water
|-supereffective|p2b: Torkoal
|-damage|p2b: Torkoal|25/100
|move|p2b: Torkoal|Eruption|p1b: Funky Duck|[spread] p1a,p1b
|-supereffective|p1a: Speedwalker
|-resisted|p1b: Funky Duck
|-damage|p1a: Speedwalker|12/100
|-damage|p1b: Funky Duck|10/100 par
|
|upkeep
|turn|10
|-message|guyq forfeited.
|
|win|PTP_VGC
|raw|PTP_VGC's rating: 1277 → 1301(+24 for winning)
|raw|guyq's rating: 1257 → 1233(-24 for losing)
|l|☆guyq
|player|p2|
