|j|☆Alecat
|j|☆lildueldisk
|html|Alecatlildueldisk    
|uhtml|bestof|Game 1 of a best-of-3
|t:|1757666955
|gametype|doubles
|player|p1|Alecat|scientistf|1212
|player|p2|lildueldisk|2|1216
|gen|9
|tier|[Gen 9] VGC 2025 Reg H (Bo3)
|rated|
|rule|Species Clause: Limit one of each Pokémon
|rule|Item Clause: Limit 1 of each item
|clearpoke
|poke|p1|Sneasler, L50, M|
|poke|p1|Magmar, L50, M|
|poke|p1|Rillaboom, L50, F|
|poke|p1|Espathra, L50, F|
|poke|p1|Kingambit, L50, F|
|poke|p1|Arcanine-Hisui, L50, M|
|poke|p2|Dragonite, L50, F|
|poke|p2|Garchomp, L50, M|
|poke|p2|Ninetales-Alola, L50, F|
|poke|p2|Incineroar, L50, M|
|poke|p2|Kingambit, L50, M|
|poke|p2|Amoonguss, L50, M|
|teampreview|4
|showteam|p1|Sneasler||FocusSash|Unburden|FakeOut,CloseCombat,DireClaw,Coaching|||M|||50|,,,,,Ghost]Magmar||Eviolite|VitalSpirit|FollowMe,HeatWave,Taunt,Protect|||M|||50|,,,,,Dragon]Rillaboom||AssaultVest|GrassySurge|FakeOut,WoodHammer,GrassyGlide,HighHorsepower|||F|||50|,,,,,Fire]Espathra||GrassySeed|SpeedBoost|StoredPower,TeraBlast,CalmMind,Protect|||F|||50|,,,,,Fighting]Kingambit||SafetyGoggles|Defiant|KowtowCleave,SuckerPunch,SwordsDance,Protect|||F|||50|,,,,,Dark]Arcanine-Hisui||LoadedDice|Intimidate|FlareBlitz,RockBlast,ExtremeSpeed,Protect|||M|||50|,,,,,Ghost
|showteam|p2|Dragonite||LumBerry|InnerFocus|TeraBlast,ExtremeSpeed,LowKick,Protect|||F|||50|,,,,,Flying]Garchomp||LifeOrb|RoughSkin|DragonClaw,Earthquake,StompingTantrum,Protect|||M|||50|,,,,,Steel]Ninetales-Alola||FocusSash|SnowWarning|Blizzard,FreezeDry,Encore,Protect|||F|||50|,,,,,Ice]Incineroar||SafetyGoggles|Intimidate|FlareBlitz,KnockOff,PartingShot,FakeOut|||M|||50|,,,,,Ghost]Kingambit||AssaultVest|Defiant|KowtowCleave,SuckerPunch,IronHead,LowKick|||M|||50|,,,,,Dark]Amoonguss||SitrusBerry|Regenerator|Spore,RagePowder,PollenPuff,ClearSmog|||M|||50|,,,,,Water
|inactive|Battle timer is ON: inactive players will automatically lose when time's up. (requested by Alecat)
|inactive|Alecat has 60 seconds left.
|inactive|lildueldisk has 60 seconds left.
|
|t:|1757666999
|teamsize|p1|4
|teamsize|p2|4
|start
|switch|p1a: Sneasler|Sneasler, L50, M|100/100
|switch|p1b: Rillaboom|Rillaboom, L50, F|100/100
|switch|p2a: Dragonite|Dragonite, L50, F|100/100
|switch|p2b: Garchomp|Garchomp, L50, M|100/100
|-fieldstart|move: Grassy Terrain|[from] ability: Grassy Surge|[of] p1b: Rillaboom
|turn|1
|
|t:|1757667017
|switch|p2b: Incineroar|Incineroar, L50, M|100/100
|-ability|p2b: Incineroar|Intimidate|boost
|-unboost|p1a: Sneasler|atk|1
|-unboost|p1b: Rillaboom|atk|1
|-terastallize|p2a: Dragonite|Flying
|move|p1a: Sneasler|Coaching|p1b: Rillaboom
|-boost|p1b: Rillaboom|atk|1
|-boost|p1b: Rillaboom|def|1
|move|p2a: Dragonite|Tera Blast|p1b: Rillaboom|[anim] Tera Blast Flying
|-supereffective|p1b: Rillaboom
|-damage|p1b: Rillaboom|19/100
|move|p1b: Rillaboom|Wood Hammer|p2b: Incineroar
|-resisted|p2b: Incineroar
|-damage|p2b: Incineroar|67/100
|-damage|p1b: Rillaboom|9/100|[from] Recoil
|
|-heal|p1b: Rillaboom|15/100|[from] Grassy Terrain
|-heal|p2b: Incineroar|73/100|[from] Grassy Terrain
|upkeep
|turn|2
|inactive|lildueldisk has 30 seconds left.
|
|t:|1757667051
|switch|p1a: Espathra|Espathra, L50, F, shiny|100/100
|-enditem|p1a: Espathra|Grassy Seed
|-boost|p1a: Espathra|def|1|[from] item: Grassy Seed
|move|p2b: Incineroar|Fake Out|p1a: Espathra
|-damage|p1a: Espathra|92/100
|move|p1b: Rillaboom|Grassy Glide|p2a: Dragonite
|-resisted|p2a: Dragonite
|-damage|p2a: Dragonite|81/100
|move|p2a: Dragonite|Tera Blast|p1a: Espathra|[anim] Tera Blast Flying
|-damage|p1a: Espathra|44/100
|
|-heal|p1a: Espathra|50/100|[from] Grassy Terrain
|-heal|p1b: Rillaboom|20/100|[from] Grassy Terrain
|-heal|p2b: Incineroar|79/100|[from] Grassy Terrain
|upkeep
|turn|3
|
|t:|1757667075
|move|p1a: Espathra|Protect|p1a: Espathra
|-singleturn|p1a: Espathra|Protect
|move|p2a: Dragonite|Tera Blast|p1b: Rillaboom|[anim] Tera Blast Flying
|-supereffective|p1b: Rillaboom
|-damage|p1b: Rillaboom|0 fnt
|faint|p1b: Rillaboom
|move|p2b: Incineroar|Parting Shot|p1a: Espathra
|-activate|p1a: Espathra|move: Protect
|
|-heal|p1a: Espathra|56/100|[from] Grassy Terrain
|-heal|p2b: Incineroar|85/100|[from] Grassy Terrain
|-ability|p1a: Espathra|Speed Boost|boost
|-boost|p1a: Espathra|spe|1
|upkeep
|
|t:|1757667087
|switch|p1b: Magmar|Magmar, L50, M|100/100
|turn|4
|inactive|lildueldisk has 30 seconds left.
|
|t:|1757667113
|move|p1b: Magmar|Follow Me|p1b: Magmar
|-singleturn|p1b: Magmar|move: Follow Me
|move|p1a: Espathra|Calm Mind|p1a: Espathra
|-boost|p1a: Espathra|spa|1
|-boost|p1a: Espathra|spd|1
|move|p2a: Dragonite|Tera Blast|p1b: Magmar|[anim] Tera Blast Flying
|-damage|p1b: Magmar|32/100
|move|p2b: Incineroar|Parting Shot|p1b: Magmar
|-unboost|p1b: Magmar|atk|1
|-unboost|p1b: Magmar|spa|1
|
|t:|1757667124
|switch|p2b: Kingambit|Kingambit, L50, M|100/100|[from] Parting Shot
|
|-heal|p1a: Espathra|62/100|[from] Grassy Terrain
|-heal|p1b: Magmar|38/100|[from] Grassy Terrain
|-ability|p1a: Espathra|Speed Boost|boost
|-boost|p1a: Espathra|spe|1
|upkeep
|turn|5
|inactive|Alecat has 30 seconds left.
|
|t:|1757667150
|switch|p2b: Garchomp|Garchomp, L50, M|100/100
|move|p1b: Magmar|Follow Me|p1b: Magmar
|-singleturn|p1b: Magmar|move: Follow Me
|move|p1a: Espathra|Stored Power|p2a: Dragonite
|-damage|p2a: Dragonite|0 fnt
|faint|p2a: Dragonite
|
|-heal|p1a: Espathra|68/100|[from] Grassy Terrain
|-heal|p1b: Magmar|44/100|[from] Grassy Terrain
|-fieldend|move: Grassy Terrain
|-ability|p1a: Espathra|Speed Boost|boost
|-boost|p1a: Espathra|spe|1
|upkeep
|
|t:|1757667165
|switch|p2a: Kingambit|Kingambit, L50, M|100/100
|turn|6
|
|t:|1757667186
|move|p1a: Espathra|Protect|p1a: Espathra
|-singleturn|p1a: Espathra|Protect
|move|p1b: Magmar|Protect|p1b: Magmar
|-singleturn|p1b: Magmar|Protect
|move|p2b: Garchomp|Stomping Tantrum|p1b: Magmar
|-activate|p1b: Magmar|move: Protect
|move|p2a: Kingambit|Kowtow Cleave|p1a: Espathra
|-activate|p1a: Espathra|move: Protect
|
|-ability|p1a: Espathra|Speed Boost|boost
|-boost|p1a: Espathra|spe|1
|upkeep
|turn|7
|
|t:|1757667204
|-terastallize|p1a: Espathra|Fighting
|move|p1a: Espathra|Stored Power|p2b: Garchomp
|-damage|p2b: Garchomp|0 fnt
|faint|p2b: Garchomp
|move|p1b: Magmar|Heat Wave|p2a: Kingambit
|-supereffective|p2a: Kingambit
|-damage|p2a: Kingambit|72/100
|move|p2a: Kingambit|Kowtow Cleave|p1a: Espathra
|-resisted|p1a: Espathra
|-damage|p1a: Espathra|48/100
|
|-ability|p1a: Espathra|Speed Boost|boost
|-boost|p1a: Espathra|spe|1
|upkeep
|
|t:|1757667218
|switch|p2b: Incineroar|Incineroar, L50, M|85/100
|-ability|p2b: Incineroar|Intimidate|boost
|-unboost|p1a: Espathra|atk|1
|-unboost|p1b: Magmar|atk|1
|turn|8
|
|t:|1757667227
|move|p1a: Espathra|Protect|p1a: Espathra
|-singleturn|p1a: Espathra|Protect
|move|p1b: Magmar|Heat Wave|p2b: Incineroar|[spread] p2a,p2b
|-supereffective|p2a: Kingambit
|-resisted|p2b: Incineroar
|-damage|p2a: Kingambit|48/100
|-damage|p2b: Incineroar|79/100
|move|p2b: Incineroar|Flare Blitz|p1b: Magmar
|-resisted|p1b: Magmar
|-damage|p1b: Magmar|21/100
|-damage|p2b: Incineroar|72/100|[from] Recoil
|move|p2a: Kingambit|Kowtow Cleave|p1b: Magmar
|-damage|p1b: Magmar|0 fnt
|faint|p1b: Magmar
|
|-ability|p1a: Espathra|Speed Boost|boost
|-boost|p1a: Espathra|spe|1
|upkeep
|
|t:|1757667241
|switch|p1b: Sneasler|Sneasler, L50, M|100/100
|turn|9
|
|t:|1757667251
|move|p2a: Kingambit|Sucker Punch|p1a: Espathra
|-resisted|p1a: Espathra
|-damage|p1a: Espathra|34/100
|move|p1a: Espathra|Tera Blast|p2a: Kingambit|[anim] Tera Blast Fighting
|-supereffective|p2a: Kingambit
|-damage|p2a: Kingambit|0 fnt
|faint|p2a: Kingambit
|move|p1b: Sneasler|Close Combat|p2b: Incineroar
|-supereffective|p2b: Incineroar
|-damage|p2b: Incineroar|0 fnt
|-unboost|p1b: Sneasler|def|1
|-unboost|p1b: Sneasler|spd|1
|faint|p2b: Incineroar
|
|win|Alecat
|inactive|Alecat has 30 seconds to confirm battle start!
|inactive|lildueldisk has 30 seconds to confirm battle start!
||Alecat is ready for game 2.
|inactive|lildueldisk has 20 seconds to confirm battle start!
|inactive|lildueldisk has 10 seconds to confirm battle start!
||lildueldisk is ready for game 2.
|uhtml|next|Next: Game 2 of 3
|l|☆lildueldisk
|player|p2|
