|j|☆Escanor_CS
|j|☆squirrel9808
|html|Escanor_CSsquirrel9808    
|uhtml|bestof|Game 1 of a best-of-3
|t:|1782577965
|gametype|doubles
|player|p1|Escanor_CS|sailor|1191
|player|p2|squirrel9808|twins-gen4dp|1046
|gen|9
|tier|[Gen 9 Champions] VGC 2026 Reg M-B (Bo3)
|rated|
|rule|Species Clause: Limit one of each Pokémon
|rule|Item Clause: Limit 1 of each item
|clearpoke
|poke|p1|Pelipper, L50, F|
|poke|p1|Swampert, L50, M|
|poke|p1|Grimmsnarl, L50, M|
|poke|p1|Sinistcha-Masterpiece, L50|
|poke|p1|Archaludon, L50, M|
|poke|p1|Staraptor, L50, F|
|poke|p2|Froslass, L50, F, shiny|
|poke|p2|Kingambit, L50, M|
|poke|p2|Volcarona, L50, M|
|poke|p2|Sinistcha, L50|
|poke|p2|Alcremie-Ruby-Cream, L50, F, shiny|
|poke|p2|Palafin, L50, M|
|teampreview|4
|showteam|p1|Pelipper||FocusSash|Drizzle|Hurricane,WeatherBall,Protect,Tailwind|Modest||F|||50|]Swampert||Swampertite|Torrent|WaveCrash,IcePunch,Earthquake,Protect|Jolly||M|||50|]Grimmsnarl||LightClay|Prankster|FoulPlay,PartingShot,Reflect,LightScreen|Impish||M|||50|]Sinistcha-Masterpiece||CobaBerry|Hospitality|MatchaGotcha,RagePowder,TrickRoom,Protect|Bold|||||50|]Archaludon||Leftovers|Stamina|ElectroShot,FlashCannon,DragonPulse,Protect|Modest||M|||50|]Staraptor||Staraptite|Intimidate|CloseCombat,DualWingbeat,Roost,Protect|Jolly||F|||50|
|showteam|p2|Froslass||Froslassite|CursedBody|Blizzard,ShadowBall,AuroraVeil,Protect|Timid||F|||50|]Kingambit||ChopleBerry|Defiant|SuckerPunch,KowtowCleave,ZenHeadbutt,Protect|Adamant||M|||50|]Volcarona||ChartiBerry|FlameBody|QuiverDance,HeatWave,BugBuzz,Protect|Bold||M|||50|]Sinistcha||KasibBerry|Hospitality|RagePowder,StrengthSap,MatchaGotcha,Protect|Calm|||||50|]Alcremie-Ruby-Cream||BabiriBerry|AromaVeil|Decorate,HelpingHand,DrainingKiss,GigaDrain|Modest||F|||50|]Palafin||ChoiceScarf|ZerotoHero|FlipTurn,DrainPunch,IcePunch,Liquidation|Adamant||M|||50|
|inactive|Battle timer is ON: inactive players will automatically lose when time's up. (requested by Escanor_CS)
|inactive|squirrel9808 has 60 seconds left.
|
|t:|1782578011
|teamsize|p1|4
|teamsize|p2|4
|start
|switch|p1a: Staraptor|Staraptor, L50, F|100/100
|switch|p1b: Grimmsnarl|Grimmsnarl, L50, M|100/100
|switch|p2a: Palafin|Palafin, L50, M|100/100
|switch|p2b: Froslass|Froslass, L50, F, shiny|100/100
|-ability|p1a: Staraptor|Intimidate|boost
|-unboost|p2a: Palafin|atk|1
|-unboost|p2b: Froslass|atk|1
|turn|1
|
|t:|1782578033
|detailschange|p2b: Froslass|Froslass-Mega, L50, F, shiny
|-mega|p2b: Froslass|Froslass|Froslassite
|-weather|Snowscape|[from] ability: Snow Warning|[of] p2b: Froslass
|move|p1a: Staraptor|Protect|p1a: Staraptor
|-singleturn|p1a: Staraptor|Protect
|move|p1b: Grimmsnarl|Light Screen|p1b: Grimmsnarl
|-sidestart|p1: Escanor_CS|move: Light Screen
|move|p2a: Palafin|Flip Turn|p1a: Staraptor
|-activate|p1a: Staraptor|move: Protect
|move|p2b: Froslass|Aurora Veil|p2b: Froslass
|-sidestart|p2: squirrel9808|move: Aurora Veil
|
|-weather|Snowscape|[upkeep]
|upkeep
|turn|2
|
|t:|1782578055
|detailschange|p1a: Staraptor|Staraptor-Mega, L50, F
|-mega|p1a: Staraptor|Staraptor|Staraptite
|move|p1b: Grimmsnarl|Parting Shot|p1a: Staraptor
|-boost|p1a: Staraptor|atk|1
|-boost|p1a: Staraptor|spa|1
|
|t:|1782578060
|switch|p1b: Pelipper|Pelipper, L50, F|100/100|[from] Parting Shot
|-weather|RainDance|[from] ability: Drizzle|[of] p1b: Pelipper
|move|p2a: Palafin|Flip Turn|p1b: Pelipper
|-resisted|p1b: Pelipper|1
|-damage|p1b: Pelipper|84/100
|
|t:|1782578068
|detailschange|p2a: Palafin|Palafin-Hero, L50, M
|switch|p2a: Alcremie|Alcremie-Ruby-Cream, L50, F, shiny|100/100|[from] Flip Turn
|move|p1a: Staraptor|Close Combat|p2a: Alcremie
|-resisted|p2a: Alcremie|1
|-damage|p2a: Alcremie|61/100
|-boost|p1a: Staraptor|def|1
|-boost|p1a: Staraptor|spd|1
|move|p2b: Froslass|Blizzard|p1a: Staraptor|[spread] 
|-miss|p2b: Froslass|p1a: Staraptor
|-miss|p2b: Froslass|p1b: Pelipper
|
|-weather|RainDance|[upkeep]
|upkeep
|turn|3
|inactive|squirrel9808 has 30 seconds left.
|inactive|squirrel9808 has 20 seconds left.
|
|t:|1782578107
|switch|p2b: Palafin|Palafin-Hero, L50, M|100/100
|-activate|p2b: Palafin|ability: Zero to Hero
|move|p1a: Staraptor|Dual Wingbeat|p2b: Palafin
|-damage|p2b: Palafin|82/100
|-damage|p2b: Palafin|66/100
|-hitcount|p2b: Palafin|2
|move|p1b: Pelipper|Weather Ball|p2a: Alcremie
|-damage|p2a: Alcremie|17/100
|move|p2a: Alcremie|Decorate|p1a: Staraptor
|-unboost|p1a: Staraptor|atk|2
|-unboost|p1a: Staraptor|spa|2
|
|-weather|RainDance|[upkeep]
|upkeep
|turn|4
|
|t:|1782578131
|move|p2a: Alcremie|Helping Hand|p2b: Palafin
|-singleturn|p2b: Palafin|Helping Hand|[of] p2a: Alcremie
|move|p2b: Palafin|Ice Punch|p1a: Staraptor
|-supereffective|p1a: Staraptor|1
|-damage|p1a: Staraptor|39/100
|move|p1a: Staraptor|Close Combat|p2b: Palafin
|-damage|p2b: Palafin|42/100
|-boost|p1a: Staraptor|def|1
|-boost|p1a: Staraptor|spd|1
|move|p1b: Pelipper|Weather Ball|p2a: Alcremie
|-damage|p2a: Alcremie|0 fnt
|faint|p2a: Alcremie
|
|-weather|RainDance|[upkeep]
|upkeep
|
|t:|1782578144
|switch|p2a: Froslass|Froslass-Mega, L50, F, shiny|100/100
|-weather|Snowscape|[from] ability: Snow Warning|[of] p2a: Froslass
|turn|5
|
|t:|1782578155
|switch|p1b: Sinistcha|Sinistcha-Masterpiece, L50|100/100
|-heal|p1a: Staraptor|63/100|[from] ability: Hospitality|[of] p1b: Sinistcha
|move|p1a: Staraptor|Protect|p1a: Staraptor
|-singleturn|p1a: Staraptor|Protect
|move|p2b: Palafin|Ice Punch|p1b: Sinistcha
|-supereffective|p1b: Sinistcha|1
|-damage|p1b: Sinistcha|47/100
|move|p2a: Froslass|Blizzard|p1b: Sinistcha|[spread] p1b
|-activate|p1a: Staraptor|move: Protect
|-supereffective|p1b: Sinistcha|1
|-damage|p1b: Sinistcha|0 fnt
|faint|p1b: Sinistcha
|
|-weather|Snowscape|[upkeep]
|-sideend|p2: squirrel9808|move: Aurora Veil
|upkeep
|
|t:|1782578169
|switch|p1b: Grimmsnarl|Grimmsnarl, L50, M|100/100
|turn|6
|
|t:|1782578175
|move|p1b: Grimmsnarl|Parting Shot|p1a: Staraptor
|-boost|p1a: Staraptor|atk|1
|-boost|p1a: Staraptor|spa|1
|
|t:|1782578178
|switch|p1b: Pelipper|Pelipper, L50, F|84/100|[from] Parting Shot
|-weather|RainDance|[from] ability: Drizzle|[of] p1b: Pelipper
|move|p2b: Palafin|Ice Punch|p1a: Staraptor
|-supereffective|p1a: Staraptor|1
|-damage|p1a: Staraptor|32/100
|move|p1a: Staraptor|Close Combat|p2b: Palafin
|-damage|p2b: Palafin|0 fnt
|-boost|p1a: Staraptor|def|1
|-boost|p1a: Staraptor|spd|1
|faint|p2b: Palafin
|move|p2a: Froslass|Blizzard|p1b: Pelipper|[spread] p1a,p1b
|-supereffective|p1a: Staraptor|1
|-damage|p1a: Staraptor|8/100
|-damage|p1b: Pelipper|32/100
|-status|p1a: Staraptor|frz
|
|-weather|RainDance|[upkeep]
|upkeep
|
|t:|1782578195
|switch|p2b: Volcarona|Volcarona, L50, M|100/100
|turn|7
|
|t:|1782578208
|cant|p1a: Staraptor|frz
|move|p2a: Froslass|Shadow Ball|p1b: Pelipper
|-damage|p1b: Pelipper|0 fnt
|faint|p1b: Pelipper
|move|p2b: Volcarona|Quiver Dance|p2b: Volcarona
|-boost|p2b: Volcarona|spa|1
|-boost|p2b: Volcarona|spd|1
|-boost|p2b: Volcarona|spe|1
|
|-weather|RainDance|[upkeep]
|upkeep
|
|t:|1782578213
|switch|p1b: Grimmsnarl|Grimmsnarl, L50, M|100/100
|turn|8
|
|t:|1782578229
|move|p2b: Volcarona|Quiver Dance|p2b: Volcarona
|-boost|p2b: Volcarona|spa|1
|-boost|p2b: Volcarona|spd|1
|-boost|p2b: Volcarona|spe|1
|cant|p1a: Staraptor|frz
|move|p2a: Froslass|Blizzard|p1b: Grimmsnarl|[spread] p1b
|-miss|p2a: Froslass|p1a: Staraptor
|-damage|p1b: Grimmsnarl|70/100
|-status|p1b: Grimmsnarl|frz
|cant|p1b: Grimmsnarl|frz
|
|-weather|RainDance|[upkeep]
|-sideend|p1: Escanor_CS|move: Light Screen
|upkeep
|turn|9
|c|☆squirrel9808|??????
|c|☆squirrel9808|wild rng
|c|☆squirrel9808|mb
|
|t:|1782578251
|cant|p1b: Grimmsnarl|frz
|move|p2b: Volcarona|Heat Wave|p1a: Staraptor|[spread] p1a,p1b
|-damage|p1a: Staraptor|0 fnt
|-damage|p1b: Grimmsnarl|39/100 frz
|-curestatus|p1b: Grimmsnarl|frz|[msg]
|faint|p1a: Staraptor
|move|p2a: Froslass|Blizzard|p1b: Grimmsnarl|[miss]
|-miss|p2a: Froslass|p1b: Grimmsnarl
|
|-weather|RainDance|[upkeep]
|upkeep
|turn|10
|-message|Escanor_CS forfeited.
|
|win|squirrel9808
||Escanor_CS is ready for game 2.
||squirrel9808 is ready for game 2.
|uhtml|next|Next: Game 2 of 3
|l|☆Escanor_CS
|player|p1|
