|j|☆is_katabo
|j|☆gohan92
|html|is_katabogohan92    
|uhtml|bestof|Game 2 of a best-of-3
|t:|1757672946
|gametype|doubles
|player|p1|is_katabo|169|1188
|player|p2|gohan92|102|1359
|gen|9
|tier|[Gen 9] VGC 2025 Reg H (Bo3)
|rated|
|rule|Species Clause: Limit one of each Pokémon
|rule|Item Clause: Limit 1 of each item
|clearpoke
|poke|p1|Incineroar, L50, F|
|poke|p1|Sneasler, L50, F|
|poke|p1|Amoonguss, L50, M|
|poke|p1|Pelipper, L50, M|
|poke|p1|Archaludon, L50, M|
|poke|p1|Dragonite, L50, F|
|poke|p2|Gholdengo, L50|
|poke|p2|Archaludon, L50, F|
|poke|p2|Sneasler, L50, M|
|poke|p2|Pelipper, L50, F|
|poke|p2|Rillaboom, L50, F|
|poke|p2|Incineroar, L50, M|
|teampreview|4
|showteam|p1|Incineroar||SafetyGoggles|Intimidate|FakeOut,KnockOff,FlareBlitz,PartingShot|||F|||50|,,,,,Ghost]Sneasler||WhiteHerb|Unburden|DireClaw,CloseCombat,ThroatChop,Protect|||F|||50|,,,,,Stellar]Amoonguss||SitrusBerry|Regenerator|PollenPuff,RagePowder,Spore,Protect|||M|||50|,,,,,Psychic]Pelipper||FocusSash|Drizzle|WeatherBall,Hurricane,Tailwind,Protect|||M|||50|,,,,,Ghost]Archaludon||AssaultVest|Stamina|ElectroShot,FlashCannon,DracoMeteor,BodyPress|||M|||50|,,,,,Bug]Dragonite||LoadedDice|Multiscale|ScaleShot,Tailwind,Haze,Protect|||F|||50|,,,,,Steel
|showteam|p2|Gholdengo||MetalCoat|GoodasGold|MakeItRain,ShadowBall,NastyPlot,Protect||||||50|,,,,,Fighting]Archaludon||PowerHerb|Sturdy|ElectroShot,DragonPulse,FlashCannon,Protect|||F|||50|,,,,,Electric]Sneasler||GrassySeed|Unburden|CloseCombat,DireClaw,ThroatChop,Protect|||M|||50|,,,,,Dark]Pelipper||ChoiceScarf|Drizzle|WeatherBall,Hurricane,MuddyWater,Tailwind|||F|||50|,,,,,Ghost]Rillaboom||AssaultVest|GrassySurge|FakeOut,WoodHammer,GrassyGlide,HighHorsepower|||F|||50|,,,,,Fire]Incineroar||SafetyGoggles|Intimidate|FakeOut,FlareBlitz,KnockOff,PartingShot|||M|||50|,,,,,Ghost
|
|t:|1757672984
|teamsize|p1|4
|teamsize|p2|4
|start
|switch|p1a: Supernova|Dragonite, L50, F|100/100
|switch|p1b: moneymachine|Incineroar, L50, F, shiny|100/100
|switch|p2a: Gholdengo|Gholdengo, L50|100/100
|switch|p2b: Incineroar|Incineroar, L50, M|100/100
|-ability|p1b: moneymachine|Intimidate|boost
|-unboost|p2a: Gholdengo|atk|1
|-unboost|p2b: Incineroar|atk|1
|-ability|p2b: Incineroar|Intimidate|boost
|-unboost|p1a: Supernova|atk|1
|-unboost|p1b: moneymachine|atk|1
|turn|1
|
|t:|1757673042
|switch|p2a: Sneasler|Sneasler, L50, M|100/100
|move|p1b: moneymachine|Fake Out|p2b: Incineroar
|-damage|p2b: Incineroar|94/100
|move|p1a: Supernova|Tailwind|p1a: Supernova
|-sidestart|p1: is_katabo|move: Tailwind
|cant|p2b: Incineroar|flinch
|
|upkeep
|turn|2
|
|t:|1757673063
|switch|p1b: BRAT|Sneasler, L50, F|100/100
|move|p1a: Supernova|Haze|p1a: Supernova
|-clearallboost
|move|p2a: Sneasler|Dire Claw|p1b: BRAT
|-resisted|p1b: BRAT
|-damage|p1b: BRAT|67/100
|-status|p1b: BRAT|slp
|move|p2b: Incineroar|Knock Off|p1a: Supernova
|-damage|p1a: Supernova|80/100
|-enditem|p1a: Supernova|Loaded Dice|[from] move: Knock Off|[of] p2b: Incineroar
|
|upkeep
|turn|3
|
|t:|1757673092
|move|p2a: Sneasler|Protect|p2a: Sneasler
|-singleturn|p2a: Sneasler|Protect
|cant|p1b: BRAT|slp
|move|p1a: Supernova|Scale Shot|p2a: Sneasler
|-activate|p2a: Sneasler|move: Protect
|move|p2b: Incineroar|Parting Shot|p1a: Supernova
|-unboost|p1a: Supernova|atk|1
|-unboost|p1a: Supernova|spa|1
|
|t:|1757673102
|switch|p2b: Gholdengo|Gholdengo, L50|100/100|[from] Parting Shot
|
|upkeep
|turn|4
|
|t:|1757673123
|switch|p2a: Incineroar|Incineroar, L50, M|94/100
|-ability|p2a: Incineroar|Intimidate|boost
|-unboost|p1a: Supernova|atk|1
|-unboost|p1b: BRAT|atk|1
|-enditem|p1b: BRAT|White Herb
|-clearnegativeboost|p1b: BRAT|[silent]
|cant|p1b: BRAT|slp
|move|p1a: Supernova|Scale Shot|p2a: Incineroar
|-damage|p2a: Incineroar|88/100
|-damage|p2a: Incineroar|82/100
|-damage|p2a: Incineroar|76/100
|-damage|p2a: Incineroar|70/100
|-damage|p2a: Incineroar|63/100
|-hitcount|p2a: Incineroar|5
|-unboost|p1a: Supernova|def|1
|-boost|p1a: Supernova|spe|1
|move|p2b: Gholdengo|Nasty Plot|p2b: Gholdengo
|-boost|p2b: Gholdengo|spa|2
|
|-sideend|p1: is_katabo|move: Tailwind
|upkeep
|turn|5
|
|t:|1757673150
|switch|p1b: moneymachine|Incineroar, L50, F, shiny|100/100
|-ability|p1b: moneymachine|Intimidate|boost
|-unboost|p2a: Incineroar|atk|1
|-unboost|p2b: Gholdengo|atk|1
|switch|p2a: Rillaboom|Rillaboom, L50, F|100/100
|-fieldstart|move: Grassy Terrain|[from] ability: Grassy Surge|[of] p2a: Rillaboom
|move|p1a: Supernova|Protect|p1a: Supernova
|-singleturn|p1a: Supernova|Protect
|move|p2b: Gholdengo|Nasty Plot|p2b: Gholdengo
|-boost|p2b: Gholdengo|spa|2
|
|upkeep
|turn|6
|
|t:|1757673177
|-terastallize|p1a: Supernova|Steel
|-terastallize|p2b: Gholdengo|Fighting
|move|p1b: moneymachine|Fake Out|p2a: Rillaboom
|-damage|p2a: Rillaboom|90/100
|cant|p2a: Rillaboom|flinch
|move|p1a: Supernova|Haze|p1a: Supernova
|-clearallboost
|move|p2b: Gholdengo|Make It Rain|p1b: moneymachine|[spread] p1a,p1b
|-resisted|p1a: Supernova
|-resisted|p1b: moneymachine
|-damage|p1a: Supernova|52/100
|-damage|p1b: moneymachine|74/100
|-unboost|p2b: Gholdengo|spa|1
|
|-heal|p1a: Supernova|58/100|[from] Grassy Terrain
|-heal|p1b: moneymachine|80/100|[from] Grassy Terrain
|-heal|p2a: Rillaboom|96/100|[from] Grassy Terrain
|upkeep
|turn|7
|
|t:|1757673214
|switch|p2b: Incineroar|Incineroar, L50, M|63/100
|-ability|p2b: Incineroar|Intimidate|boost
|-unboost|p1a: Supernova|atk|1
|-unboost|p1b: moneymachine|atk|1
|move|p1a: Supernova|Scale Shot|p2b: Incineroar
|-damage|p2b: Incineroar|54/100
|-damage|p2b: Incineroar|46/100
|-hitcount|p2b: Incineroar|2
|-unboost|p1a: Supernova|def|1
|-boost|p1a: Supernova|spe|1
|move|p1b: moneymachine|Parting Shot|p2a: Rillaboom
|-unboost|p2a: Rillaboom|atk|1
|-unboost|p2a: Rillaboom|spa|1
|c|☆gohan92|very fast incin :D
|
|t:|1757673231
|switch|p1b: Wallsocket|Archaludon, L50, M, shiny|100/100|[from] Parting Shot
|move|p2a: Rillaboom|High Horsepower|p1a: Supernova
|-supereffective|p1a: Supernova
|-damage|p1a: Supernova|0 fnt
|faint|p1a: Supernova
|
|-heal|p2a: Rillaboom|100/100|[from] Grassy Terrain
|-heal|p2b: Incineroar|52/100|[from] Grassy Terrain
|upkeep
|
|t:|1757673241
|switch|p1a: moneymachine|Incineroar, L50, F, shiny|80/100
|-ability|p1a: moneymachine|Intimidate|boost
|-unboost|p2a: Rillaboom|atk|1
|-unboost|p2b: Incineroar|atk|1
|turn|8
|
|t:|1757673267
|move|p2b: Incineroar|Fake Out|p1a: moneymachine
|-damage|p1a: moneymachine|73/100
|cant|p1a: moneymachine|flinch
|move|p1b: Wallsocket|Body Press|p2b: Incineroar
|-supereffective|p2b: Incineroar
|-damage|p2b: Incineroar|7/100
|move|p2a: Rillaboom|High Horsepower|p1a: moneymachine
|-supereffective|p1a: moneymachine
|-damage|p1a: moneymachine|39/100
|
|-heal|p1a: moneymachine|45/100|[from] Grassy Terrain
|-heal|p2b: Incineroar|13/100|[from] Grassy Terrain
|upkeep
|turn|9
|
|t:|1757673293
|switch|p2b: Gholdengo|Gholdengo, L50, tera:Fighting|100/100
|move|p1a: moneymachine|Knock Off|p2a: Rillaboom
|-damage|p2a: Rillaboom|64/100
|-enditem|p2a: Rillaboom|Assault Vest|[from] move: Knock Off|[of] p1a: moneymachine
|move|p1b: Wallsocket|Body Press|p2a: Rillaboom
|-damage|p2a: Rillaboom|39/100
|move|p2a: Rillaboom|High Horsepower|p1a: moneymachine
|-supereffective|p1a: moneymachine
|-damage|p1a: moneymachine|15/100
|
|-heal|p1a: moneymachine|21/100|[from] Grassy Terrain
|-heal|p2a: Rillaboom|44/100|[from] Grassy Terrain
|-fieldend|move: Grassy Terrain
|upkeep
|turn|10
|
|t:|1757673319
|switch|p2a: Incineroar|Incineroar, L50, M|13/100
|-ability|p2a: Incineroar|Intimidate|boost
|-unboost|p1a: moneymachine|atk|1
|-unboost|p1b: Wallsocket|atk|1
|move|p2b: Gholdengo|Protect|p2b: Gholdengo
|-singleturn|p2b: Gholdengo|Protect
|move|p1a: moneymachine|Knock Off|p2b: Gholdengo
|-activate|p2b: Gholdengo|move: Protect
|move|p1b: Wallsocket|Body Press|p2a: Incineroar
|-supereffective|p2a: Incineroar
|-damage|p2a: Incineroar|0 fnt
|faint|p2a: Incineroar
|
|upkeep
|
|t:|1757673325
|switch|p2a: Rillaboom|Rillaboom, L50, F|44/100
|-fieldstart|move: Grassy Terrain|[from] ability: Grassy Surge|[of] p2a: Rillaboom
|turn|11
|
|t:|1757673342
|move|p2a: Rillaboom|Fake Out|p1a: moneymachine
|-damage|p1a: moneymachine|7/100
|move|p2b: Gholdengo|Nasty Plot|p2b: Gholdengo
|-boost|p2b: Gholdengo|spa|2
|cant|p1a: moneymachine|flinch
|move|p1b: Wallsocket|Electro Shot||[still]
|-prepare|p1b: Wallsocket|Electro Shot
|-boost|p1b: Wallsocket|spa|1
|
|-heal|p1a: moneymachine|13/100|[from] Grassy Terrain
|-heal|p2a: Rillaboom|50/100|[from] Grassy Terrain
|upkeep
|turn|12
|
|t:|1757673370
|switch|p2a: Sneasler|Sneasler, L50, M|100/100
|-enditem|p2a: Sneasler|Grassy Seed
|-boost|p2a: Sneasler|def|1|[from] item: Grassy Seed
|move|p2b: Gholdengo|Shadow Ball|p1a: moneymachine
|-resisted|p1a: moneymachine
|-damage|p1a: moneymachine|0 fnt
|faint|p1a: moneymachine
|move|p1b: Wallsocket|Electro Shot|p2b: Gholdengo|[from] lockedmove
|-damage|p2b: Gholdengo|47/100
|
|-heal|p2b: Gholdengo|53/100|[from] Grassy Terrain
|upkeep
|
|t:|1757673383
|switch|p1a: BRAT|Sneasler, L50, F|67/100 slp
|turn|13
|
|t:|1757673392
|move|p2a: Sneasler|Close Combat|p1b: Wallsocket
|-supereffective|p1b: Wallsocket
|-damage|p1b: Wallsocket|15/100
|-unboost|p2a: Sneasler|def|1
|-unboost|p2a: Sneasler|spd|1
|-ability|p1b: Wallsocket|Stamina|boost
|-boost|p1b: Wallsocket|def|1
|-curestatus|p1a: BRAT|slp|[msg]
|move|p1a: BRAT|Close Combat|p2b: Gholdengo
|-damage|p2b: Gholdengo|0 fnt
|-unboost|p1a: BRAT|def|1
|-unboost|p1a: BRAT|spd|1
|faint|p2b: Gholdengo
|move|p1b: Wallsocket|Draco Meteor|p2a: Sneasler|[miss]
|-miss|p1b: Wallsocket|p2a: Sneasler
|
|-heal|p1a: BRAT|73/100|[from] Grassy Terrain
|-heal|p1b: Wallsocket|20/100|[from] Grassy Terrain
|upkeep
|
|t:|1757673403
|switch|p2b: Rillaboom|Rillaboom, L50, F|50/100
|turn|14
|
|t:|1757673423
|move|p1a: BRAT|Protect|p1a: BRAT
|-singleturn|p1a: BRAT|Protect
|move|p2b: Rillaboom|Fake Out|p1a: BRAT
|-activate|p1a: BRAT|move: Protect
|move|p2a: Sneasler|Close Combat|p1b: Wallsocket
|-supereffective|p1b: Wallsocket
|-damage|p1b: Wallsocket|0 fnt
|-unboost|p2a: Sneasler|def|1
|-unboost|p2a: Sneasler|spd|1
|faint|p1b: Wallsocket
|
|-heal|p1a: BRAT|79/100|[from] Grassy Terrain
|-heal|p2b: Rillaboom|56/100|[from] Grassy Terrain
|upkeep
|turn|15
|
|t:|1757673437
|move|p2b: Rillaboom|Grassy Glide|p1a: BRAT
|-resisted|p1a: BRAT
|-damage|p1a: BRAT|42/100
|move|p2a: Sneasler|Dire Claw|p1a: BRAT
|-resisted|p1a: BRAT
|-crit|p1a: BRAT
|-damage|p1a: BRAT|0 fnt
|faint|p1a: BRAT
|
|win|gohan92
|inactive|is_katabo has 30 seconds to confirm battle start!
|inactive|gohan92 has 30 seconds to confirm battle start!
||is_katabo is ready for game 3.
