|j|☆MrGardnHose
|j|☆Schmixed_007
|html|MrGardnHoseSchmixed_007    
|uhtml|bestof|Game 1 of a best-of-3
|t:|1782509657
|gametype|doubles
|player|p1|MrGardnHose|jasmine-masters2|1211
|player|p2|Schmixed_007|1|1271
|gen|9
|tier|[Gen 9 Champions] VGC 2026 Reg M-B (Bo3)
|rated|
|rule|Species Clause: Limit one of each Pokémon
|rule|Item Clause: Limit 1 of each item
|clearpoke
|poke|p1|Whimsicott, L50, F, shiny|
|poke|p1|Swampert, L50, M, shiny|
|poke|p1|Pelipper, L50, M, shiny|
|poke|p1|Archaludon, L50, M, shiny|
|poke|p1|Basculegion, L50, M|
|poke|p1|Floette-Eternal, L50, F|
|poke|p2|Metagross, L50|
|poke|p2|Rotom-Wash, L50|
|poke|p2|Gengar, L50, M, shiny|
|poke|p2|Garchomp, L50, F|
|poke|p2|Ninetales-Alola, L50, M|
|poke|p2|Incineroar, L50, M|
|teampreview|4
|showteam|p1|Whimsicott||CobaBerry|Prankster|Moonblast,Tailwind,Encore,Protect|Bold||F|||50|]Swampert||Swampertite|Damp|WaveCrash,Earthquake,IcePunch,Protect|Adamant||M|||50|]Pelipper||LifeOrb|Drizzle|WeatherBall,Hurricane,Tailwind,Protect|Modest||M|||50|]Archaludon||Leftovers|Stamina|DracoMeteor,FlashCannon,ElectroShot,Protect|Modest||M|||50|]Basculegion||FocusSash|Adaptability|Liquidation,LastRespects,AquaJet,Protect|Adamant||M|||50|]Floette-Eternal||Floettite|FlowerVeil|Moonblast,DazzlingGleam,LightofRuin,Protect|Modest||F|||50|
|showteam|p2|Metagross||Metagrossite|ClearBody|MeteorMash,BulletPunch,BodyPress,Protect|Adamant|||||50|]Rotom-Wash||SitrusBerry|Levitate|HydroPump,Thunderbolt,WillOWisp,Protect|Modest|||||50|]Gengar||Gengarite|CursedBody|SludgeBomb,ShadowBall,Disable,Protect|Modest||M|||50|]Garchomp||LifeOrb|SandVeil|Earthquake,RockSlide,StompingTantrum,Protect|Adamant||F|||50|]Ninetales-Alola||FocusSash|SnowWarning|Blizzard,FreezeDry,Encore,Protect|Timid||M|||50|]Incineroar||PasshoBerry|Intimidate|FakeOut,PartingShot,DarkestLariat,CloseCombat|Brave||M|||50|
|
|t:|1782509693
|teamsize|p1|4
|teamsize|p2|4
|start
|switch|p1a: Whimsicott|Whimsicott, L50, F, shiny|100/100
|switch|p1b: Archaludon|Archaludon, L50, M, shiny|100/100
|switch|p2a: Rotom|Rotom-Wash, L50|100/100
|switch|p2b: Incineroar|Incineroar, L50, M|100/100
|-ability|p2b: Incineroar|Intimidate|boost
|-unboost|p1a: Whimsicott|atk|1
|-unboost|p1b: Archaludon|atk|1
|turn|1
|
|t:|1782509724
|switch|p1a: Pelipper|Pelipper, L50, M, shiny|100/100
|-weather|RainDance|[from] ability: Drizzle|[of] p1a: Pelipper
|switch|p2a: Metagross|Metagross, L50|100/100
|move|p1b: Archaludon|Electro Shot||[still]
|-prepare|p1b: Archaludon|Electro Shot
|-boost|p1b: Archaludon|spa|1
|-anim|p1b: Archaludon|Electro Shot|p2a: Metagross
|-damage|p2a: Metagross|45/100
|move|p2b: Incineroar|Parting Shot|p1b: Archaludon
|-unboost|p1b: Archaludon|atk|1
|-unboost|p1b: Archaludon|spa|1
|
|t:|1782509730
|switch|p2b: Ninetales|Ninetales-Alola, L50, M|100/100|[from] Parting Shot
|-weather|Snowscape|[from] ability: Snow Warning|[of] p2b: Ninetales
|
|-weather|Snowscape|[upkeep]
|upkeep
|turn|2
|
|t:|1782509760
|switch|p1a: Whimsicott|Whimsicott, L50, F, shiny|100/100
|detailschange|p2a: Metagross|Metagross-Mega, L50
|-mega|p2a: Metagross|Metagross|Metagrossite
|move|p1b: Archaludon|Protect|p1b: Archaludon
|-singleturn|p1b: Archaludon|Protect
|move|p2b: Ninetales|Encore|p1b: Archaludon
|-activate|p1b: Archaludon|move: Protect
|move|p2a: Metagross|Meteor Mash|p1a: Whimsicott|[miss]
|-miss|p2a: Metagross|p1a: Whimsicott
|
|-weather|Snowscape|[upkeep]
|upkeep
|turn|3
|
|t:|1782509781
|move|p2a: Metagross|Protect|p2a: Metagross
|-singleturn|p2a: Metagross|Protect
|move|p1a: Whimsicott|Tailwind|p1a: Whimsicott
|-sidestart|p1: MrGardnHose|move: Tailwind
|move|p1b: Archaludon|Flash Cannon|p2b: Ninetales
|-supereffective|p2b: Ninetales|2
|-enditem|p2b: Ninetales|Focus Sash
|-damage|p2b: Ninetales|1/100
|move|p2b: Ninetales|Freeze-Dry|p1a: Whimsicott
|-supereffective|p1a: Whimsicott|1
|-damage|p1a: Whimsicott|35/100
|
|-weather|Snowscape|[upkeep]
|upkeep
|turn|4
|
|t:|1782509797
|switch|p2b: Incineroar|Incineroar, L50, M|100/100
|-ability|p2b: Incineroar|Intimidate|boost
|-unboost|p1a: Whimsicott|atk|1
|-unboost|p1b: Archaludon|atk|1
|switch|p2a: Rotom|Rotom-Wash, L50|100/100
|move|p1a: Whimsicott|Encore||[still]
|-fail|p1a: Whimsicott
|move|p1b: Archaludon|Flash Cannon|p2b: Incineroar
|-resisted|p2b: Incineroar|1
|-damage|p2b: Incineroar|83/100
|
|-weather|Snowscape|[upkeep]
|upkeep
|turn|5
|
|t:|1782509818
|move|p1b: Archaludon|Protect|p1b: Archaludon
|-singleturn|p1b: Archaludon|Protect
|move|p1a: Whimsicott|Moonblast|p2a: Rotom
|-damage|p2a: Rotom|68/100
|move|p2a: Rotom|Hydro Pump|p1a: Whimsicott
|-resisted|p1a: Whimsicott|1
|-damage|p1a: Whimsicott|3/100
|move|p2b: Incineroar|Close Combat|p1b: Archaludon
|-activate|p1b: Archaludon|move: Protect
|
|-weather|none
|upkeep
|turn|6
|
|t:|1782509842
|move|p1a: Whimsicott|Protect|p1a: Whimsicott
|-singleturn|p1a: Whimsicott|Protect
|move|p1b: Archaludon|Draco Meteor|p2a: Rotom
|-damage|p2a: Rotom|2/100
|-unboost|p1b: Archaludon|spa|2
|-enditem|p2a: Rotom|Sitrus Berry|[eat]
|-heal|p2a: Rotom|27/100|[from] item: Sitrus Berry
|move|p2a: Rotom|Thunderbolt|p1a: Whimsicott
|-activate|p1a: Whimsicott|move: Protect
|move|p2b: Incineroar|Close Combat|p1b: Archaludon
|-supereffective|p1b: Archaludon|1
|-damage|p1b: Archaludon|41/100
|-unboost|p2b: Incineroar|def|1
|-unboost|p2b: Incineroar|spd|1
|-ability|p1b: Archaludon|Stamina|boost
|-boost|p1b: Archaludon|def|1
|
|-heal|p1b: Archaludon|47/100|[from] item: Leftovers
|-sideend|p1: MrGardnHose|move: Tailwind
|upkeep
|turn|7
|
|t:|1782509864
|move|p1a: Whimsicott|Tailwind|p1a: Whimsicott
|-sidestart|p1: MrGardnHose|move: Tailwind
|move|p1b: Archaludon|Draco Meteor|p2a: Rotom
|-damage|p2a: Rotom|0 fnt
|-unboost|p1b: Archaludon|spa|2
|faint|p2a: Rotom
|move|p2b: Incineroar|Close Combat|p1b: Archaludon
|-supereffective|p1b: Archaludon|1
|-damage|p1b: Archaludon|11/100
|-unboost|p2b: Incineroar|def|1
|-unboost|p2b: Incineroar|spd|1
|-ability|p1b: Archaludon|Stamina|boost
|-boost|p1b: Archaludon|def|1
|
|-heal|p1b: Archaludon|17/100|[from] item: Leftovers
|upkeep
|
|t:|1782509870
|switch|p2a: Metagross|Metagross-Mega, L50|45/100
|turn|8
|
|t:|1782509884
|switch|p2b: Ninetales|Ninetales-Alola, L50, M|1/100
|-weather|Snowscape|[from] ability: Snow Warning|[of] p2b: Ninetales
|move|p2a: Metagross|Bullet Punch|p1a: Whimsicott
|-supereffective|p1a: Whimsicott|1
|-damage|p1a: Whimsicott|0 fnt
|faint|p1a: Whimsicott
|move|p1b: Archaludon|Draco Meteor|p2a: Metagross|[miss]
|-miss|p1b: Archaludon|p2a: Metagross
|
|-weather|Snowscape|[upkeep]
|-heal|p1b: Archaludon|23/100|[from] item: Leftovers
|upkeep
|
|t:|1782509887
|switch|p1a: Swampert|Swampert, L50, M, shiny|100/100
|turn|9
|
|t:|1782509896
|switch|p1b: Pelipper|Pelipper, L50, M, shiny|100/100
|-weather|RainDance|[from] ability: Drizzle|[of] p1b: Pelipper
|switch|p2b: Incineroar|Incineroar, L50, M|83/100
|-ability|p2b: Incineroar|Intimidate|boost
|-unboost|p1a: Swampert|atk|1
|-unboost|p1b: Pelipper|atk|1
|detailschange|p1a: Swampert|Swampert-Mega, L50, M, shiny
|-mega|p1a: Swampert|Swampert|Swampertite
|move|p2a: Metagross|Protect|p2a: Metagross
|-singleturn|p2a: Metagross|Protect
|move|p1a: Swampert|Earthquake|p2b: Incineroar|[spread] p2b
|-activate|p2a: Metagross|move: Protect
|-immune|p1b: Pelipper
|-supereffective|p2b: Incineroar|1
|-damage|p2b: Incineroar|23/100
|
|-weather|RainDance|[upkeep]
|upkeep
|turn|10
|
|t:|1782509914
|move|p2b: Incineroar|Fake Out|p1b: Pelipper
|-damage|p1b: Pelipper|83/100
|move|p1a: Swampert|Earthquake|p2a: Metagross|[spread] p2a,p2b
|-immune|p1b: Pelipper
|-supereffective|p2a: Metagross|1
|-crit|p2a: Metagross
|-supereffective|p2b: Incineroar|1
|-damage|p2a: Metagross|0 fnt
|-damage|p2b: Incineroar|0 fnt
|faint|p2a: Metagross
|faint|p2b: Incineroar
|cant|p1b: Pelipper|flinch
|
|-weather|RainDance|[upkeep]
|-sideend|p1: MrGardnHose|move: Tailwind
|upkeep
|-message|Schmixed_007 forfeited.
|
|win|MrGardnHose
