|j|☆BlRD BOY
|j|☆superbutters69
|html|BlRD BOYsuperbutters69    
|uhtml|bestof|Game 1 of a best-of-3
|t:|1783389752
|gametype|doubles
|player|p1|BlRD BOY|brycen|1000
|player|p2|superbutters69|169|1081
|gen|9
|tier|[Gen 9 Champions] VGC 2026 Reg M-B (Bo3)
|rated|
|rule|Species Clause: Limit one of each Pokémon
|rule|Item Clause: Limit 1 of each item
|clearpoke
|poke|p1|Torkoal, L50, F|
|poke|p1|Avalugg-Hisui, L50, F|
|poke|p1|Farigiraf, L50, F|
|poke|p1|Scrafty, L50, M|
|poke|p1|Typhlosion-Hisui, L50, M|
|poke|p1|Sinistcha-Masterpiece, L50|
|poke|p2|Klefki, L50, M|
|poke|p2|Feraligatr, L50, F|
|poke|p2|Ditto, L50|
|poke|p2|Hatterene, L50, F|
|poke|p2|Kingambit, L50, M|
|poke|p2|Chesnaught, L50, M|
|teampreview|4
|showteam|p1|Torkoal||Charcoal|Drought|Protect,Eruption,WeatherBall,EarthPower|Quiet||F|||50|]Avalugg-Hisui||WideLens|Sturdy|MountainGale,RockSlide,BodyPress,WideGuard|Brave||F|||50|]Farigiraf||SitrusBerry|ArmorTail|PsychicFangs,Thunderbolt,HelpingHand,TrickRoom|Relaxed||F|||50|]Scrafty||Scraftinite|Intimidate|RockSlide,KnockOff,CloseCombat,FakeOut|Brave||M|||50|]Typhlosion-Hisui||ChoiceScarf|Frisk|Eruption,HeatWave,ShadowBall,SolarBeam|Modest||M|||50|]Sinistcha-Masterpiece||KasibBerry|Hospitality|MatchaGotcha,ShadowBall,RagePowder,TrickRoom|Sassy|||||50|
|showteam|p2|Klefki||ShucaBerry|Prankster|ThunderWave,TrickRoom,RainDance,DazzlingGleam|Relaxed||M|||50|]Feraligatr||Feraligite|SheerForce|Facade,Liquidation,Protect,BreakingSwipe|Brave||F|||50|]Ditto||BrightPowder|Imposter|Transform|Relaxed|||||50|]Hatterene||LifeOrb|MagicBounce|TrickRoom,Nuzzle,DazzlingGleam,Trick|Modest||F|||50|]Kingambit||ChopleBerry|Defiant|KowtowCleave,IronHead,Protect,SwordsDance|Brave||M|||50|]Chesnaught||Chesnaughtite|Bulletproof|IronDefense,SpikyShield,BodyPress,RockSlide|Relaxed||M|||50|
|
|t:|1783389801
|teamsize|p1|4
|teamsize|p2|4
|start
|switch|p1a: Torkoal|Torkoal, L50, F|100/100
|switch|p1b: Typhlosion|Typhlosion-Hisui, L50, M|100/100
|switch|p2a: Klefki|Klefki, L50, M|100/100
|switch|p2b: Feraligatr|Feraligatr, L50, F|100/100
|-item|p2a: Klefki|Shuca Berry|[from] ability: Frisk|[of] p1b: Typhlosion
|-item|p2b: Feraligatr|Feraligite|[from] ability: Frisk|[of] p1b: Typhlosion
|-weather|SunnyDay|[from] ability: Drought|[of] p1a: Torkoal
|turn|1
|
|t:|1783389814
|switch|p1b: Scrafty|Scrafty, L50, M|100/100
|-ability|p1b: Scrafty|Intimidate|boost
|-unboost|p2a: Klefki|atk|1
|-unboost|p2b: Feraligatr|atk|1
|move|p2b: Feraligatr|Protect|p2b: Feraligatr
|-singleturn|p2b: Feraligatr|Protect
|move|p1a: Torkoal|Protect|p1a: Torkoal
|-singleturn|p1a: Torkoal|Protect
|move|p2a: Klefki|Rain Dance|p2a: Klefki
|-weather|RainDance
|
|-weather|RainDance|[upkeep]
|upkeep
|turn|2
|
|t:|1783389863
|switch|p2b: Chesnaught|Chesnaught, L50, M|100/100
|detailschange|p1b: Scrafty|Scrafty-Mega, L50, M
|-mega|p1b: Scrafty|Scrafty|Scraftinite
|-ability|p1b: Scrafty|Intimidate|boost
|-unboost|p2a: Klefki|atk|1
|-unboost|p2b: Chesnaught|atk|1
|move|p1b: Scrafty|Fake Out|p2a: Klefki
|-resisted|p2a: Klefki|1
|-damage|p2a: Klefki|91/100
|cant|p2a: Klefki|flinch
|move|p1a: Torkoal|Weather Ball|p2a: Klefki
|-damage|p2a: Klefki|52/100
|
|-weather|RainDance|[upkeep]
|upkeep
|turn|3
|
|t:|1783389885
|switch|p2a: Ditto|Ditto, L50|100/100
|-transform|p2a: Ditto|p1b: Scrafty|[from] ability: Imposter
|-ability|p2a: Ditto|Intimidate|boost
|-unboost|p1a: Torkoal|atk|1
|-unboost|p1b: Scrafty|atk|1
|switch|p1b: Typhlosion|Typhlosion-Hisui, L50, M|100/100
|-item|p2a: Ditto|Bright Powder|[from] ability: Frisk|[of] p1b: Typhlosion
|-item|p2b: Chesnaught|Chesnaughtite|[from] ability: Frisk|[of] p1b: Typhlosion
|switch|p1a: Avalugg|Avalugg-Hisui, L50, F|100/100
|move|p2b: Chesnaught|Iron Defense|p2b: Chesnaught
|-boost|p2b: Chesnaught|def|2
|
|-weather|RainDance|[upkeep]
|upkeep
|turn|4
|
|t:|1783389929
|switch|p1a: Torkoal|Torkoal, L50, F|100/100
|-weather|SunnyDay|[from] ability: Drought|[of] p1a: Torkoal
|move|p1b: Typhlosion|Eruption|p2a: Ditto|[spread] p2a,p2b
|-supereffective|p2b: Chesnaught|1
|-damage|p2a: Ditto|23/100
|-damage|p2b: Chesnaught|0 fnt
|faint|p2b: Chesnaught
|move|p2a: Ditto|Rock Slide|p1b: Typhlosion|[spread] p1a,p1b
|-supereffective|p1a: Torkoal|1
|-supereffective|p1b: Typhlosion|1
|-crit|p1b: Typhlosion
|-damage|p1a: Torkoal|69/100
|-damage|p1b: Typhlosion|7/100
|
|-weather|SunnyDay|[upkeep]
|upkeep
|inactive|Battle timer is ON: inactive players will automatically lose when time's up. (requested by BlRD BOY)
|
|t:|1783389938
|switch|p2b: Klefki|Klefki, L50, M|52/100
|turn|5
|inactive|BlRD BOY has 30 seconds left.
|
|t:|1783389968
|switch|p1b: Scrafty|Scrafty-Mega, L50, M|100/100
|-ability|p1b: Scrafty|Intimidate|boost
|-unboost|p2a: Ditto|atk|1
|-unboost|p2b: Klefki|atk|1
|move|p2b: Klefki|Rain Dance|p2b: Klefki
|-weather|RainDance
|move|p2a: Ditto|Rock Slide|p1b: Scrafty|[spread] p1b
|-miss|p2a: Ditto|p1a: Torkoal
|-resisted|p1b: Scrafty|1
|-damage|p1b: Scrafty|94/100
|move|p1a: Torkoal|Weather Ball|p2b: Klefki
|-damage|p2b: Klefki|13/100
|
|-weather|RainDance|[upkeep]
|upkeep
|turn|6
|inactive|BlRD BOY has 30 seconds left.
|inactive|superbutters69 has 30 seconds left.
|inactive|BlRD BOY has 20 seconds left.
|inactive|superbutters69 has 20 seconds left.
|inactive|BlRD BOY has 15 seconds left.
|inactive|superbutters69 has 15 seconds left.
|inactive|superbutters69 has 10 seconds left.
|
|t:|1783390014
|move|p1b: Scrafty|Fake Out|p2b: Klefki
|-resisted|p2b: Klefki|1
|-damage|p2b: Klefki|4/100
|move|p2a: Ditto|Close Combat|p1b: Scrafty
|-supereffective|p1b: Scrafty|1
|-damage|p1b: Scrafty|25/100
|-unboost|p2a: Ditto|def|1
|-unboost|p2a: Ditto|spd|1
|move|p1a: Torkoal|Weather Ball|p2b: Klefki
|-damage|p2b: Klefki|0 fnt
|faint|p2b: Klefki
|
|-weather|RainDance|[upkeep]
|upkeep
|
|t:|1783390021
|switch|p2b: Feraligatr|Feraligatr, L50, F|100/100
|turn|7
|
|t:|1783390035
|switch|p1a: Typhlosion|Typhlosion-Hisui, L50, M|7/100
|-item|p2a: Ditto|Bright Powder|[from] ability: Frisk|[of] p1a: Typhlosion
|-item|p2b: Feraligatr|Feraligite|[from] ability: Frisk|[of] p1a: Typhlosion
|detailschange|p2b: Feraligatr|Feraligatr-Mega, L50, F
|-mega|p2b: Feraligatr|Feraligatr|Feraligite
|move|p2b: Feraligatr|Liquidation|p1a: Typhlosion
|-supereffective|p1a: Typhlosion|1
|-damage|p1a: Typhlosion|0 fnt
|faint|p1a: Typhlosion
|move|p1b: Scrafty|Close Combat|p2a: Ditto
|-supereffective|p2a: Ditto|1
|-damage|p2a: Ditto|0 fnt
|-unboost|p1b: Scrafty|def|1
|-unboost|p1b: Scrafty|spd|1
|faint|p2a: Ditto
|
|-weather|RainDance|[upkeep]
|upkeep
|
|t:|1783390044
|switch|p1a: Torkoal|Torkoal, L50, F|69/100
|-weather|SunnyDay|[from] ability: Drought|[of] p1a: Torkoal
|turn|8
|inactive|BlRD BOY has 30 seconds left.
|
|t:|1783390075
|switch|p1b: Avalugg|Avalugg-Hisui, L50, F|100/100
|move|p2b: Feraligatr|Breaking Swipe|p1a: Torkoal|[spread] p1a,p1b
|-damage|p1a: Torkoal|49/100
|-damage|p1b: Avalugg|82/100
|-unboost|p1a: Torkoal|atk|1
|-unboost|p1b: Avalugg|atk|1
|move|p1a: Torkoal|Weather Ball|p2b: Feraligatr
|-resisted|p2b: Feraligatr|2
|-damage|p2b: Feraligatr|82/100
|
|-weather|SunnyDay|[upkeep]
|upkeep
|turn|9
|
|t:|1783390092
|switch|p1a: Scrafty|Scrafty-Mega, L50, M|25/100
|-ability|p1a: Scrafty|Intimidate|boost
|-unboost|p2b: Feraligatr|atk|1
|move|p2b: Feraligatr|Liquidation|p1b: Avalugg
|-supereffective|p1b: Avalugg|1
|-damage|p1b: Avalugg|63/100
|move|p1b: Avalugg|Body Press|p2b: Feraligatr
|-damage|p2b: Feraligatr|56/100
|
|-weather|SunnyDay|[upkeep]
|upkeep
|turn|10
|
|t:|1783390107
|switch|p1a: Torkoal|Torkoal, L50, F|49/100
|move|p2b: Feraligatr|Breaking Swipe|p1a: Torkoal|[spread] p1a,p1b
|-damage|p1a: Torkoal|33/100
|-damage|p1b: Avalugg|53/100
|-unboost|p1a: Torkoal|atk|1
|-unboost|p1b: Avalugg|atk|1
|move|p1b: Avalugg|Body Press|p2b: Feraligatr
|-damage|p2b: Feraligatr|28/100
|
|-weather|SunnyDay|[upkeep]
|upkeep
|turn|11
|-message|superbutters69 forfeited.
|
|win|BlRD BOY
|l|☆superbutters69
|player|p2|
||superbutters69 is ready for game 2.
||BlRD BOY is ready for game 2.
|uhtml|next|Next: Game 2 of 3
