|j|☆MrGardnHose
|j|☆extraspider
|html|MrGardnHoseextraspider    
|uhtml|bestof|Game 1 of a best-of-3
|t:|1782407259
|gametype|doubles
|player|p1|MrGardnHose|jasmine-masters2|1122
|player|p2|extraspider|caitlin|1074
|gen|9
|tier|[Gen 9 Champions] VGC 2026 Reg M-B (Bo3)
|rated|
|rule|Species Clause: Limit one of each Pokémon
|rule|Item Clause: Limit 1 of each item
|clearpoke
|poke|p1|Whimsicott, L50, F|
|poke|p1|Swampert, L50, F|
|poke|p1|Pelipper, L50, M|
|poke|p1|Archaludon, L50, F|
|poke|p1|Basculegion, L50, M|
|poke|p1|Floette-Eternal, L50, F|
|poke|p2|Grimmsnarl, L50, M|
|poke|p2|Staraptor, L50, M|
|poke|p2|Raichu, L50, F|
|poke|p2|Metagross, L50|
|poke|p2|Sinistcha, L50|
|poke|p2|Arcanine-Hisui, L50, M|
|teampreview|4
|showteam|p1|Whimsicott||CobaBerry|Prankster|Moonblast,Tailwind,Encore,Protect|Bold||F|||50|]Swampert||Swampertite|Torrent|WaveCrash,Earthquake,IcePunch,Protect|Adamant||F|||50|]Pelipper||LifeOrb|Drizzle|WeatherBall,Hurricane,Tailwind,Protect|Modest||M|||50|]Archaludon||Leftovers|Stamina|DracoMeteor,FlashCannon,ElectroShot,Protect|Modest||F|||50|]Basculegion||FocusSash|Adaptability|Liquidation,LastRespects,AquaJet,Protect|Adamant||M|||50|]Floette-Eternal||Floettite|FlowerVeil|Moonblast,DazzlingGleam,LightofRuin,Protect|Modest||F|||50|
|showteam|p2|Grimmsnarl||FairyFeather|Prankster|PartingShot,FakeOut,SpiritBreak,ScaryFace|Serious||M|||50|]Staraptor||Staraptite|Intimidate|CloseCombat,DualWingbeat,Protect,Roost|Adamant||M|||50|]Raichu||RaichuniteX|LightningRod|RisingVoltage,Protect,Encore,Electroweb|Serious||F|||50|]Metagross||Metagrossite|ClearBody|BulletPunch,PsychicFangs,IronHead,Protect|Serious|||||50|]Sinistcha||FocusSash|Hospitality|LifeDew,MatchaGotcha,StrengthSap,RagePowder|Serious|||||50|]Arcanine-Hisui||ChopleBerry|Intimidate|HeadSmash,FlareBlitz,ExtremeSpeed,Protect|Serious||M|||50|
|inactive|Battle timer is ON: inactive players will automatically lose when time's up. (requested by extraspider)
|inactive|extraspider has 60 seconds left.
|
|t:|1782407292
|teamsize|p1|4
|teamsize|p2|4
|start
|switch|p1a: Whimsicott|Whimsicott, L50, F|100/100
|switch|p1b: Archaludon|Archaludon, L50, F|100/100
|switch|p2a: Sinistcha|Sinistcha, L50|100/100
|switch|p2b: Staraptor|Staraptor, L50, M|100/100
|-ability|p2b: Staraptor|Intimidate|boost
|-unboost|p1a: Whimsicott|atk|1
|-unboost|p1b: Archaludon|atk|1
|turn|1
|
|t:|1782407301
|detailschange|p2b: Staraptor|Staraptor-Mega, L50, M
|-mega|p2b: Staraptor|Staraptor|Staraptite
|move|p1b: Archaludon|Protect|p1b: Archaludon
|-singleturn|p1b: Archaludon|Protect
|move|p2a: Sinistcha|Rage Powder|p2a: Sinistcha
|-singleturn|p2a: Sinistcha|move: Rage Powder
|move|p1a: Whimsicott|Tailwind|p1a: Whimsicott
|-sidestart|p1: MrGardnHose|move: Tailwind
|move|p2b: Staraptor|Close Combat|p1b: Archaludon
|-activate|p1b: Archaludon|move: Protect
|
|upkeep
|turn|2
|
|t:|1782407318
|switch|p1b: Floette|Floette-Eternal, L50, F|100/100
|move|p2a: Sinistcha|Rage Powder|p2a: Sinistcha
|-singleturn|p2a: Sinistcha|move: Rage Powder
|move|p1a: Whimsicott|Encore|p2b: Staraptor
|-start|p2b: Staraptor|Encore
|move|p2b: Staraptor|Close Combat|p1b: Floette
|-resisted|p1b: Floette|1
|-damage|p1b: Floette|43/100
|-boost|p2b: Staraptor|def|1
|-boost|p2b: Staraptor|spd|1
|
|upkeep
|turn|3
|
|t:|1782407337
|detailschange|p1b: Floette|Floette-Mega, L50, F
|-mega|p1b: Floette|Floette|Floettite
|-ability|p1b: Floette|Fairy Aura
|move|p2a: Sinistcha|Rage Powder|p2a: Sinistcha
|-singleturn|p2a: Sinistcha|move: Rage Powder
|move|p1b: Floette|Dazzling Gleam|p2b: Staraptor|[spread] p2a,p2b
|-supereffective|p2b: Staraptor|1
|-damage|p2a: Sinistcha|35/100
|-damage|p2b: Staraptor|34/100
|move|p1a: Whimsicott|Moonblast|p2b: Staraptor
|-supereffective|p2b: Staraptor|1
|-damage|p2b: Staraptor|0 fnt
|faint|p2b: Staraptor
|
|upkeep
|
|t:|1782407350
|switch|p2b: Metagross|Metagross, L50|100/100
|turn|4
|
|t:|1782407373
|switch|p1b: Archaludon|Archaludon, L50, F|100/100
|move|p1a: Whimsicott|Protect|p1a: Whimsicott
|-singleturn|p1a: Whimsicott|Protect
|move|p2b: Metagross|Iron Head|p1b: Archaludon
|-resisted|p1b: Archaludon|1
|-damage|p1b: Archaludon|83/100
|-ability|p1b: Archaludon|Stamina|boost
|-boost|p1b: Archaludon|def|1
|move|p2a: Sinistcha|Matcha Gotcha|p1a: Whimsicott|[spread] p1b
|-activate|p1a: Whimsicott|move: Protect
|-resisted|p1b: Archaludon|2
|-damage|p1b: Archaludon|76/100
|-heal|p2a: Sinistcha|39/100|[from] drain|[of] p1b: Archaludon
|-ability|p1b: Archaludon|Stamina|boost
|-boost|p1b: Archaludon|def|1
|
|-heal|p1b: Archaludon|82/100|[from] item: Leftovers
|-sideend|p1: MrGardnHose|move: Tailwind
|upkeep
|turn|5
|
|t:|1782407393
|move|p1a: Whimsicott|Tailwind|p1a: Whimsicott
|-sidestart|p1: MrGardnHose|move: Tailwind
|move|p1b: Archaludon|Flash Cannon|p2a: Sinistcha
|-damage|p2a: Sinistcha|0 fnt
|faint|p2a: Sinistcha
|move|p2b: Metagross|Iron Head|p1a: Whimsicott
|-supereffective|p1a: Whimsicott|1
|-damage|p1a: Whimsicott|23/100
|
|-heal|p1b: Archaludon|88/100|[from] item: Leftovers
|upkeep
|
|t:|1782407402
|switch|p2a: Raichu|Raichu, L50, F|100/100
|turn|6
|
|t:|1782407420
|move|p2a: Raichu|Protect|p2a: Raichu
|-singleturn|p2a: Raichu|Protect
|move|p2b: Metagross|Bullet Punch|p1a: Whimsicott
|-supereffective|p1a: Whimsicott|1
|-damage|p1a: Whimsicott|0 fnt
|faint|p1a: Whimsicott
|move|p1b: Archaludon|Draco Meteor|p2a: Raichu
|-activate|p2a: Raichu|move: Protect
|
|-heal|p1b: Archaludon|94/100|[from] item: Leftovers
|upkeep
|
|t:|1782407424
|switch|p1a: Pelipper|Pelipper, L50, M|100/100
|-weather|RainDance|[from] ability: Drizzle|[of] p1a: Pelipper
|turn|7
|
|t:|1782407448
|move|p1b: Archaludon|Draco Meteor|p2a: Raichu
|-damage|p2a: Raichu|4/100
|-unboost|p1b: Archaludon|spa|2
|move|p1a: Pelipper|Weather Ball|p2b: Metagross
|-damage|p2b: Metagross|0 fnt
|faint|p2b: Metagross
|-damage|p1a: Pelipper|90/100|[from] item: Life Orb
|move|p2a: Raichu|Electroweb|p1b: Archaludon|[spread] p1b
|-miss|p2a: Raichu|p1a: Pelipper
|-resisted|p1b: Archaludon|1
|-damage|p1b: Archaludon|87/100
|-unboost|p1b: Archaludon|spe|1
|-ability|p1b: Archaludon|Stamina|boost
|-boost|p1b: Archaludon|def|1
|
|-weather|RainDance|[upkeep]
|-heal|p1b: Archaludon|93/100|[from] item: Leftovers
|upkeep
|turn|8
|-message|extraspider forfeited.
|
|win|MrGardnHose
