|j|☆ChocoHammy
|j|☆morphiusdoorphius
|html|ChocoHammymorphiusdoorphius      
|uhtml|bestof|Game 4 of a best-of-5
|t:|1784683498
|gametype|doubles
|player|p1|ChocoHammy|169|
|player|p2|morphiusdoorphius|linebacker|
|gen|9
|tier|[Gen 9 Champions] VGC 2026 Reg M-B (Bo3)
|rule|Species Clause: Limit one of each Pokémon
|rule|Item Clause: Limit 1 of each item
|raw|1 custom rule: !! Best Of = 5
|clearpoke
|poke|p1|Aurorus, L50, F|
|poke|p1|Ceruledge, L50, F|
|poke|p1|Clefable, L50, M|
|poke|p1|Tauros-Paldea-Blaze, L50, M|
|poke|p1|Garchomp, L50, F|
|poke|p1|Golurk, L50|
|poke|p2|Charizard, L50, F|
|poke|p2|Talonflame, L50, F|
|poke|p2|Primarina, L50, M|
|poke|p2|Kingambit, L50, F|
|poke|p2|Kleavor, L50, M|
|poke|p2|Scrafty, L50, F|
|teampreview|4
|showteam|p1|Aurorus||ChopleBerry|SnowWarning|Blizzard,AncientPower,EarthPower,Protect|Modest||F|||50|]Ceruledge||ColburBerry|FlashFire|BitterBlade,ShadowSneak,BulkUp,Protect|Adamant||F|||50|]Clefable||Clefablite|Unaware|Moonblast,Encore,FollowMe,Protect|Bold||M|||50|]Tauros-Paldea-Blaze||FocusSash|Intimidate|CloseCombat,FlareBlitz,WillOWisp,Protect|Adamant||M|||50|]Garchomp||ChoiceScarf|RoughSkin|Earthquake,DragonClaw,RockSlide,StompingTantrum|Jolly||F|||50|]Golurk||Golurkite|IronFist|HeadlongRush,Poltergeist,IcePunch,Protect|Adamant|||||50|
|showteam|p2|Charizard||CharizarditeY|Blaze|HeatWave,Protect,WeatherBall,SolarBeam|Modest||F|||50|]Talonflame||FocusSash|GaleWings|Tailwind,Protect,FlareBlitz,BraveBird|Jolly||F|||50|]Primarina||MysticWater|LiquidVoice|IceBeam,Moonblast,Protect,HyperVoice|Naive||M|||50|]Kingambit||ChopleBerry|Defiant|IronHead,Protect,SuckerPunch,SwordsDance|Adamant||F|||50|]Kleavor||WideLens|Sharpness|StoneAxe,XScissor,RockSlide,Protect|Adamant||M|||50|]Scrafty||Scraftinite|Intimidate|SuperFang,FakeOut,Protect,CloseCombat|Adamant||F|||50|
|j| Dylan Jenson
|j| budster16
|j| InfiniKnight
|c| budster16|MIGHT BE CRIT OF THE CENTURY
|c|☆ChocoHammy|Crit 100% mattered
|c| budster16|Colbur and +1 def
|c| budster16|we know
|c| budster16|but also
|c| budster16|Hype moment
|c| InfiniKnight|holy shit
|c| InfiniKnight|crit of the century
|c| budster16|Bo5 mitigates the luck factor, gotta win 3
|l| Dylan Jenson
|j| Youax55
|c| Youax55|Calculated
|
|t:|1784683874
|teamsize|p1|4
|teamsize|p2|4
|start
|switch|p1a: Clefable|Clefable, L50, M|100/100
|switch|p1b: Golurk|Golurk, L50|100/100
|switch|p2a: Primarina|Primarina, L50, M|100/100
|switch|p2b: Talonflame|Talonflame, L50, F|100/100
|turn|1
|j| Dylan Jenson
|
|t:|1784683954
|detailschange|p1a: Clefable|Clefable-Mega, L50, M
|-mega|p1a: Clefable|Clefable|Clefablite
|move|p1a: Clefable|Follow Me|p1a: Clefable
|-singleturn|p1a: Clefable|move: Follow Me
|move|p2b: Talonflame|Tailwind|p2b: Talonflame
|-sidestart|p2: morphiusdoorphius|move: Tailwind
|move|p2a: Primarina|Hyper Voice|p1a: Clefable|[spread] p1a,p1b
|-supereffective|p1b: Golurk|1
|-damage|p1a: Clefable|66/100
|-damage|p1b: Golurk|19/100
|move|p1b: Golurk|Headlong Rush|p2a: Primarina
|-damage|p2a: Primarina|0 fnt
|-unboost|p1b: Golurk|def|1
|-unboost|p1b: Golurk|spd|1
|faint|p2a: Primarina
|
|upkeep
|
|t:|1784683996
|switch|p2a: Kingambit|Kingambit, L50, F|100/100
|turn|2
|l| Dylan Jenson
|
|t:|1784684072
|move|p2a: Kingambit|Protect|p2a: Kingambit
|-singleturn|p2a: Kingambit|Protect
|move|p1a: Clefable|Follow Me|p1a: Clefable
|-singleturn|p1a: Clefable|move: Follow Me
|move|p2b: Talonflame|Flare Blitz|p1a: Clefable
|-damage|p1a: Clefable|35/100
|-damage|p2b: Talonflame|87/100|[from] Recoil
|move|p1b: Golurk|Headlong Rush|p2a: Kingambit
|-activate|p2a: Kingambit|move: Protect
|
|upkeep
|turn|3
|
|t:|1784684120
|move|p2a: Kingambit|Protect|p2a: Kingambit
|-singleturn|p2a: Kingambit|Protect
|move|p1a: Clefable|Follow Me|p1a: Clefable
|-singleturn|p1a: Clefable|move: Follow Me
|move|p2b: Talonflame|Brave Bird|p1a: Clefable
|-damage|p1a: Clefable|3/100
|-damage|p2b: Talonflame|74/100|[from] Recoil
|move|p1b: Golurk|Headlong Rush|p2a: Kingambit
|-activate|p2a: Kingambit|move: Protect
|
|upkeep
|turn|4
|
|t:|1784684154
|move|p1a: Clefable|Protect|p1a: Clefable
|-singleturn|p1a: Clefable|Protect
|move|p1b: Golurk|Protect|p1b: Golurk
|-singleturn|p1b: Golurk|Protect
|move|p2b: Talonflame|Brave Bird|p1a: Clefable
|-activate|p1a: Clefable|move: Protect
|move|p2a: Kingambit|Iron Head|p1b: Golurk
|-activate|p1b: Golurk|move: Protect
|
|-sideend|p2: morphiusdoorphius|move: Tailwind
|upkeep
|turn|5
|j| Dylan Jenson
|l| Dylan Jenson
|j| Dylan Jenson
|
|t:|1784684242
|move|p2a: Kingambit|Protect|p2a: Kingambit
|-singleturn|p2a: Kingambit|Protect
|move|p1a: Clefable|Follow Me|p1a: Clefable
|-singleturn|p1a: Clefable|move: Follow Me
|move|p2b: Talonflame|Brave Bird|p1a: Clefable
|-damage|p1a: Clefable|0 fnt
|faint|p1a: Clefable
|-damage|p2b: Talonflame|72/100|[from] Recoil
|move|p1b: Golurk|Poltergeist|p2b: Talonflame
|-activate|p2b: Talonflame|move: Poltergeist|Focus Sash
|-damage|p2b: Talonflame|0 fnt
|faint|p2b: Talonflame
|
|upkeep
|
|t:|1784684254
|switch|p2b: Kleavor|Kleavor, L50, M|100/100
|switch|p1a: Garchomp|Garchomp, L50, F|100/100
|turn|6
|
|t:|1784684295
|move|p2b: Kleavor|Protect|p2b: Kleavor
|-singleturn|p2b: Kleavor|Protect
|move|p1b: Golurk|Protect|p1b: Golurk
|-singleturn|p1b: Golurk|Protect
|move|p2a: Kingambit|Sucker Punch||[still]
|-fail|p2a: Kingambit
|move|p1a: Garchomp|Earthquake|p2a: Kingambit|[spread] p2a
|-activate|p1b: Golurk|move: Protect
|-activate|p2b: Kleavor|move: Protect
|-supereffective|p2a: Kingambit|1
|-damage|p2a: Kingambit|39/100
|
|upkeep
|turn|7
|
|t:|1784684407
|switch|p1a: Ceruledge|Ceruledge, L50, F|100/100
|move|p2a: Kingambit|Sucker Punch||[still]
|-fail|p2a: Kingambit
|move|p2b: Kleavor|X-Scissor|p1a: Ceruledge
|-resisted|p1a: Ceruledge|2
|-damage|p1a: Ceruledge|80/100
|move|p1b: Golurk|Headlong Rush|p2b: Kleavor
|-damage|p2b: Kleavor|8/100
|-unboost|p1b: Golurk|def|1
|-unboost|p1b: Golurk|spd|1
|
|upkeep
|turn|8
|
|t:|1784684455
|move|p1a: Ceruledge|Shadow Sneak|p2b: Kleavor
|-damage|p2b: Kleavor|0 fnt
|faint|p2b: Kleavor
|move|p2a: Kingambit|Sucker Punch||[still]
|-fail|p2a: Kingambit
|move|p1b: Golurk|Headlong Rush|p2a: Kingambit
|-supereffective|p2a: Kingambit|1
|-damage|p2a: Kingambit|0 fnt
|-unboost|p1b: Golurk|def|1
|-unboost|p1b: Golurk|spd|1
|faint|p2a: Kingambit
|
|win|ChocoHammy
||morphiusdoorphius is ready for game 5.
||ChocoHammy is ready for game 5.
|uhtml|next|Next: Game 5 of 5
