|j|☆circuitosomador
|j|☆naibot2814
|html|circuitosomadornaibot2814    
|uhtml|bestof|Game 2 of a best-of-3
|t:|1783216992
|gametype|doubles
|player|p1|circuitosomador|norman|1159
|player|p2|naibot2814|ghetsis|1288
|gen|9
|tier|[Gen 9 Champions] VGC 2026 Reg M-B (Bo3)
|rated|
|rule|Species Clause: Limit one of each Pokémon
|rule|Item Clause: Limit 1 of each item
|clearpoke
|poke|p1|Excadrill, L50, F|
|poke|p1|Tyranitar, L50, F|
|poke|p1|Corviknight, L50, M|
|poke|p1|Rotom-Wash, L50|
|poke|p1|Delphox, L50, M|
|poke|p1|Kommo-o, L50, F|
|poke|p2|Incineroar, L50, M|
|poke|p2|Sinistcha, L50, shiny|
|poke|p2|Maushold-Four, L50|
|poke|p2|Delphox, L50, F|
|poke|p2|Sneasler, L50, M|
|poke|p2|Blastoise, L50, M|
|teampreview|4
|showteam|p1|Excadrill||FocusSash|SandRush|Earthquake,IronHead,HighHorsepower,Protect|Adamant||F|||50|]Tyranitar||Tyranitarite|SandStream|Crunch,RockSlide,Protect,IcePunch|Adamant||F|||50|]Corviknight||Leftovers|MirrorArmor|BraveBird,BulkUp,Roost,Tailwind|Adamant||M|||50|]Rotom-Wash||SitrusBerry|Levitate|Thunderbolt,HydroPump,WillOWisp,Protect|Bold|||||50|]Delphox||Delphoxite|Blaze|Psychic,HeatWave,NastyPlot,Protect|Timid||M|||50|]Kommo-o||ChoiceScarf|Soundproof|ClangingScales,DracoMeteor,AuraSphere,Flamethrower|Modest||F|||50|
|showteam|p2|Incineroar||SitrusBerry|Intimidate|FakeOut,DarkestLariat,FlareBlitz,PartingShot|Impish||M|||50|]Sinistcha||KasibBerry|Hospitality|MatchaGotcha,RagePowder,TrickRoom,Protect|Bold|||||50|]Maushold-Four||ChopleBerry|FriendGuard|SuperFang,Feint,FollowMe,Protect|Impish|||||50|]Delphox||Delphoxite|Blaze|HeatWave,Psyshock,NastyPlot,Protect|Timid||F|||50|]Sneasler||FocusSash|PoisonTouch|FakeOut,PoisonJab,CloseCombat,QuickGuard|Jolly||M|||50|]Blastoise||Blastoisinite|Torrent|WaterSpout,DarkPulse,ShellSmash,Protect|Modest||M|||50|
|
|t:|1783217019
|teamsize|p1|4
|teamsize|p2|4
|start
|switch|p1a: Rotom|Rotom-Wash, L50|100/100
|switch|p1b: Kommo-o|Kommo-o, L50, F|100/100
|switch|p2a: Delphox|Delphox, L50, F|100/100
|switch|p2b: Sneasler|Sneasler, L50, M|100/100
|turn|1
|
|t:|1783217042
|switch|p1b: Tyranitar|Tyranitar, L50, F|100/100
|-weather|Sandstorm|[from] ability: Sand Stream|[of] p1b: Tyranitar
|switch|p1a: Excadrill|Excadrill, L50, F|100/100
|detailschange|p2a: Delphox|Delphox-Mega, L50, F
|-mega|p2a: Delphox|Delphox|Delphoxite
|move|p2b: Sneasler|Fake Out|p1a: Excadrill
|-resisted|p1a: Excadrill|1
|-damage|p1a: Excadrill|90/100
|move|p2a: Delphox|Nasty Plot|p2a: Delphox
|-boost|p2a: Delphox|spa|2
|
|-weather|Sandstorm|[upkeep]
|-damage|p2a: Delphox|93/100|[from] Sandstorm
|-damage|p2b: Sneasler|94/100|[from] Sandstorm
|upkeep
|turn|2
|
|t:|1783217069
|switch|p2b: Gumball|Incineroar, L50, M|100/100
|-ability|p2b: Gumball|Intimidate|boost
|-unboost|p1a: Excadrill|atk|1
|-unboost|p1b: Tyranitar|atk|1
|detailschange|p1b: Tyranitar|Tyranitar-Mega, L50, F
|-mega|p1b: Tyranitar|Tyranitar|Tyranitarite
|move|p1a: Excadrill|Protect|p1a: Excadrill
|-singleturn|p1a: Excadrill|Protect
|move|p2a: Delphox|Protect|p2a: Delphox
|-singleturn|p2a: Delphox|Protect
|move|p1b: Tyranitar|Crunch|p2a: Delphox
|-activate|p2a: Delphox|move: Protect
|
|-weather|Sandstorm|[upkeep]
|-damage|p2a: Delphox|87/100|[from] Sandstorm
|-damage|p2b: Gumball|94/100|[from] Sandstorm
|upkeep
|turn|3
|
|t:|1783217089
|switch|p1a: Rotom|Rotom-Wash, L50|100/100
|move|p2b: Gumball|Fake Out|p1a: Rotom
|-damage|p1a: Rotom|91/100
|move|p2a: Delphox|Heat Wave|p1b: Tyranitar|[spread] p1b
|-miss|p2a: Delphox|p1a: Rotom
|-resisted|p1b: Tyranitar|1
|-damage|p1b: Tyranitar|79/100
|-status|p1b: Tyranitar|brn
|move|p1b: Tyranitar|Crunch|p2a: Delphox
|-supereffective|p2a: Delphox|1
|-damage|p2a: Delphox|38/100
|
|-weather|Sandstorm|[upkeep]
|-damage|p2a: Delphox|32/100|[from] Sandstorm
|-damage|p1a: Rotom|85/100|[from] Sandstorm
|-damage|p2b: Gumball|88/100|[from] Sandstorm
|-damage|p1b: Tyranitar|73/100 brn|[from] brn
|upkeep
|turn|4
|
|t:|1783217105
|move|p2a: Delphox|Protect|p2a: Delphox
|-singleturn|p2a: Delphox|Protect
|move|p1a: Rotom|Hydro Pump|p2b: Gumball|[miss]
|-miss|p1a: Rotom|p2b: Gumball
|move|p1b: Tyranitar|Rock Slide|p2b: Gumball|[spread] p2b
|-activate|p2a: Delphox|move: Protect
|-supereffective|p2b: Gumball|1
|-damage|p2b: Gumball|71/100
|move|p2b: Gumball|Parting Shot|p1a: Rotom
|-unboost|p1a: Rotom|atk|1
|-unboost|p1a: Rotom|spa|1
|
|t:|1783217112
|switch|p2b: Sneasler|Sneasler, L50, M|94/100|[from] Parting Shot
|
|-weather|Sandstorm|[upkeep]
|-damage|p2a: Delphox|26/100|[from] Sandstorm
|-damage|p2b: Sneasler|88/100|[from] Sandstorm
|-damage|p1a: Rotom|79/100|[from] Sandstorm
|-damage|p1b: Tyranitar|67/100 brn|[from] brn
|upkeep
|turn|5
|
|t:|1783217133
|move|p1a: Rotom|Protect|p1a: Rotom
|-singleturn|p1a: Rotom|Protect
|move|p2a: Delphox|Psyshock|p1a: Rotom
|-activate|p1a: Rotom|move: Protect
|move|p2b: Sneasler|Close Combat|p1b: Tyranitar
|-supereffective|p1b: Tyranitar|2
|-damage|p1b: Tyranitar|0 fnt
|-unboost|p2b: Sneasler|def|1
|-unboost|p2b: Sneasler|spd|1
|faint|p1b: Tyranitar
|
|-weather|none
|upkeep
|
|t:|1783217142
|switch|p1b: Kommo-o|Kommo-o, L50, F|100/100
|turn|6
|
|t:|1783217167
|switch|p2b: Gumball|Incineroar, L50, M|71/100
|-ability|p2b: Gumball|Intimidate|boost
|-unboost|p1a: Rotom|atk|1
|-unboost|p1b: Kommo-o|atk|1
|move|p2a: Delphox|Protect|p2a: Delphox
|-singleturn|p2a: Delphox|Protect
|move|p1b: Kommo-o|Clanging Scales|p2a: Delphox|[spread] p2b
|-activate|p2a: Delphox|move: Protect
|-damage|p2b: Gumball|37/100
|-enditem|p2b: Gumball|Sitrus Berry|[eat]
|-heal|p2b: Gumball|62/100|[from] item: Sitrus Berry
|-unboost|p1b: Kommo-o|def|1
|move|p1a: Rotom|Hydro Pump|p2b: Gumball|[miss]
|-miss|p1a: Rotom|p2b: Gumball
|
|upkeep
|turn|7
|
|t:|1783217196
|switch|p1b: Excadrill|Excadrill, L50, F|90/100
|move|p2b: Gumball|Fake Out|p1b: Excadrill
|-resisted|p1b: Excadrill|1
|-damage|p1b: Excadrill|82/100
|move|p2a: Delphox|Psyshock|p1b: Excadrill
|-resisted|p1b: Excadrill|1
|-damage|p1b: Excadrill|13/100
|move|p1a: Rotom|Hydro Pump|p2b: Gumball
|-supereffective|p2b: Gumball|1
|-damage|p2b: Gumball|13/100
|
|upkeep
|turn|8
|
|t:|1783217217
|move|p2a: Delphox|Protect|p2a: Delphox
|-singleturn|p2a: Delphox|Protect
|move|p1a: Rotom|Protect|p1a: Rotom
|-singleturn|p1a: Rotom|Protect
|move|p1b: Excadrill|Earthquake|p2a: Delphox|[spread] p2b
|-activate|p1a: Rotom|move: Protect
|-activate|p2a: Delphox|move: Protect
|-supereffective|p2b: Gumball|1
|-damage|p2b: Gumball|0 fnt
|faint|p2b: Gumball
|
|upkeep
|
|t:|1783217222
|switch|p2b: Sneasler|Sneasler, L50, M|88/100
|turn|9
|
|t:|1783217249
|move|p1a: Rotom|Protect|p1a: Rotom
|-singleturn|p1a: Rotom|Protect
|move|p2a: Delphox|Psyshock|p1a: Rotom
|-activate|p1a: Rotom|move: Protect
|move|p2b: Sneasler|Close Combat|p1b: Excadrill
|-supereffective|p1b: Excadrill|1
|-damage|p1b: Excadrill|0 fnt
|-unboost|p2b: Sneasler|def|1
|-unboost|p2b: Sneasler|spd|1
|faint|p1b: Excadrill
|
|upkeep
|
|t:|1783217255
|switch|p1b: Kommo-o|Kommo-o, L50, F|100/100
|turn|10
|
|t:|1783217260
|switch|p2b: Sinistcha|Sinistcha, L50, shiny|100/100
|-heal|p2a: Delphox|51/100|[from] ability: Hospitality|[of] p2b: Sinistcha
|move|p2a: Delphox|Protect|p2a: Delphox
|-singleturn|p2a: Delphox|Protect
|move|p1b: Kommo-o|Clanging Scales|p2b: Sinistcha|[spread] p2b
|-activate|p2a: Delphox|move: Protect
|-damage|p2b: Sinistcha|60/100
|-unboost|p1b: Kommo-o|def|1
|move|p1a: Rotom|Thunderbolt|p2b: Sinistcha
|-resisted|p2b: Sinistcha|1
|-damage|p2b: Sinistcha|48/100
|
|upkeep
|turn|11
|
|t:|1783217276
|move|p2b: Sinistcha|Rage Powder|p2b: Sinistcha
|-singleturn|p2b: Sinistcha|move: Rage Powder
|move|p1b: Kommo-o|Clanging Scales|p2a: Delphox|[spread] p2a,p2b
|-damage|p2a: Delphox|15/100
|-damage|p2b: Sinistcha|9/100
|-unboost|p1b: Kommo-o|def|1
|move|p2a: Delphox|Psyshock|p1a: Rotom
|-damage|p1a: Rotom|0 fnt
|faint|p1a: Rotom
|
|upkeep
|turn|12
|
|t:|1783217286
|move|p2a: Delphox|Protect|p2a: Delphox
|-singleturn|p2a: Delphox|Protect
|move|p1b: Kommo-o|Clanging Scales|p2b: Sinistcha|[spread] p2b
|-activate|p2a: Delphox|move: Protect
|-damage|p2b: Sinistcha|0 fnt
|faint|p2b: Sinistcha
|-unboost|p1b: Kommo-o|def|1
|
|upkeep
|
|t:|1783217288
|switch|p2b: Sneasler|Sneasler, L50, M|88/100
|turn|13
|
|t:|1783217291
|move|p2b: Sneasler|Fake Out|p1b: Kommo-o
|-damage|p1b: Kommo-o|68/100
|cant|p1b: Kommo-o|flinch
|move|p2a: Delphox|Psyshock|p1b: Kommo-o
|-supereffective|p1b: Kommo-o|1
|-damage|p1b: Kommo-o|0 fnt
|faint|p1b: Kommo-o
|
|win|naibot2814
||naibot2814 is ready for game 3.
||circuitosomador is ready for game 3.
|uhtml|next|Next: Game 3 of 3
|l|☆circuitosomador
|player|p1|
