|j|☆Quill86
|j|☆kingambitstan
|html|Quill86kingambitstan    
|uhtml|bestof|Game 1 of a best-of-3
|t:|1757810281
|gametype|doubles
|player|p1|Quill86|lucas|1244
|player|p2|kingambitstan|rika|1347
|gen|9
|tier|[Gen 9] VGC 2025 Reg H (Bo3)
|rated|
|rule|Species Clause: Limit one of each Pokémon
|rule|Item Clause: Limit 1 of each item
|clearpoke
|poke|p1|Incineroar, L50, F|
|poke|p1|Gholdengo, L50|
|poke|p1|Ursaluna-Bloodmoon, L50, M|
|poke|p1|Indeedee-F, L50, F|
|poke|p1|Gallade, L50, M|
|poke|p1|Torkoal, L50, F|
|poke|p2|Sneasler, L50, M|
|poke|p2|Rillaboom, L50, F|
|poke|p2|Electabuzz, L50, F|
|poke|p2|Kingambit, L50, F|
|poke|p2|Baxcalibur, L50, M|
|poke|p2|Milotic, L50, M|
|teampreview|4
|showteam|p1|Incineroar||SafetyGoggles|Intimidate|FakeOut,FlareBlitz,KnockOff,PartingShot|||F|||50|,,,,,Ghost]Gholdengo||SitrusBerry|GoodasGold|MakeItRain,ShadowBall,NastyPlot,Protect||||||50|,,,,,Water]Ursaluna-Bloodmoon||LifeOrb|MindsEye|BloodMoon,HyperVoice,EarthPower,Protect|||M|||50|,,,,,Normal]Indeedee-F||PsychicSeed|PsychicSurge|FollowMe,TrickRoom,HelpingHand,DazzlingGleam|||F|||50|,,,,,Fairy]Gallade||ClearAmulet|Sharpness|SacredSword,PsychoCut,WideGuard,TrickRoom|||M|||50|,,,,,Grass]Torkoal||Leftovers|Drought|Eruption,WeatherBall,Yawn,Protect|||F|||50|,,,,,Fire
|showteam|p2|Sneasler||FocusSash|PoisonTouch|DireClaw,CloseCombat,Coaching,Protect|||M|||50|,,,,,Stellar]Rillaboom||AssaultVest|GrassySurge|FakeOut,WoodHammer,GrassyGlide,HighHorsepower|||F|||50|,,,,,Fire]Electabuzz||Eviolite|VitalSpirit|FollowMe,Thunderbolt,Taunt,Protect|||F|||50|,,,,,Ghost]Kingambit||BlackGlasses|Defiant|SuckerPunch,KowtowCleave,SwordsDance,Protect|||F|||50|,,,,,Dark]Baxcalibur||LoadedDice|ThermalExchange|IcicleSpear,ScaleShot,IceShard,Protect|||M|||50|,,,,,Ghost]Milotic||CovertCloak|Competitive|Scald,IcyWind,Haze,Protect|||M|||50|,,,,,Poison
|inactive|Battle timer is ON: inactive players will automatically lose when time's up. (requested by kingambitstan)
|inactive|Quill86 has 60 seconds left.
|inactive|kingambitstan has 60 seconds left.
|
|t:|1757810330
|teamsize|p1|4
|teamsize|p2|4
|start
|switch|p1a: Indeedee|Indeedee-F, L50, F|100/100
|switch|p1b: Gallade|Gallade, L50, M|100/100
|switch|p2a: Susie|Baxcalibur, L50, M|100/100
|switch|p2b: Dess|Sneasler, L50, M|100/100
|-fieldstart|move: Psychic Terrain|[from] ability: Psychic Surge|[of] p1a: Indeedee
|-enditem|p1a: Indeedee|Psychic Seed
|-boost|p1a: Indeedee|spd|1|[from] item: Psychic Seed
|turn|1
|
|t:|1757810350
|move|p2b: Dess|Coaching|p2a: Susie
|-boost|p2a: Susie|atk|1
|-boost|p2a: Susie|def|1
|move|p2a: Susie|Icicle Spear|p1b: Gallade
|-damage|p1b: Gallade|67/100
|-damage|p1b: Gallade|34/100
|-damage|p1b: Gallade|2/100
|-damage|p1b: Gallade|0 fnt
|faint|p1b: Gallade
|-hitcount|p1: Gallade|4
|move|p1a: Indeedee|Trick Room|p1a: Indeedee
|-fieldstart|move: Trick Room|[of] p1a: Indeedee
|
|upkeep
|
|t:|1757810359
|switch|p1b: Ursaluna|Ursaluna-Bloodmoon, L50, M|100/100
|turn|2
|
|t:|1757810373
|-terastallize|p1b: Ursaluna|Normal
|move|p2a: Susie|Protect|p2a: Susie
|-singleturn|p2a: Susie|Protect
|move|p1b: Ursaluna|Hyper Voice|p2a: Susie|[spread] p2b
|-activate|p2a: Susie|move: Protect
|-crit|p2b: Dess
|-enditem|p2b: Dess|Focus Sash
|-damage|p2b: Dess|1/100
|-damage|p1b: Ursaluna|90/100|[from] item: Life Orb
|move|p1a: Indeedee|Dazzling Gleam|p2b: Dess|[spread] p2b
|-activate|p2a: Susie|move: Protect
|-damage|p2b: Dess|0 fnt
|faint|p2b: Dess
|
|upkeep
|
|t:|1757810379
|switch|p2b: Gerson Boom|Rillaboom, L50, F|100/100
|-fieldstart|move: Grassy Terrain|[from] ability: Grassy Surge|[of] p2b: Gerson Boom
|turn|3
|inactive|kingambitstan has 30 seconds left.
|
|t:|1757810405
|switch|p1a: Incineroar|Incineroar, L50, F|100/100
|-ability|p1a: Incineroar|Intimidate|boost
|-unboost|p2a: Susie|atk|1
|-unboost|p2b: Gerson Boom|atk|1
|move|p1b: Ursaluna|Protect|p1b: Ursaluna
|-singleturn|p1b: Ursaluna|Protect
|move|p2b: Gerson Boom|Fake Out|p1b: Ursaluna
|-activate|p1b: Ursaluna|move: Protect
|move|p2a: Susie|Icicle Spear|p1a: Incineroar
|-resisted|p1a: Incineroar
|-damage|p1a: Incineroar|94/100
|-resisted|p1a: Incineroar
|-damage|p1a: Incineroar|88/100
|-resisted|p1a: Incineroar
|-damage|p1a: Incineroar|82/100
|-resisted|p1a: Incineroar
|-damage|p1a: Incineroar|76/100
|-hitcount|p1a: Incineroar|4
|
|-heal|p1b: Ursaluna|96/100|[from] Grassy Terrain
|-heal|p1a: Incineroar|82/100|[from] Grassy Terrain
|upkeep
|turn|4
|
|t:|1757810424
|switch|p2b: Kris|Kingambit, L50, F|100/100
|move|p1a: Incineroar|Fake Out|p2a: Susie
|-crit|p2a: Susie
|-damage|p2a: Susie|84/100
|move|p1b: Ursaluna|Hyper Voice|p2a: Susie|[spread] p2a,p2b
|-resisted|p2b: Kris
|-damage|p2a: Susie|11/100
|-damage|p2b: Kris|69/100
|-damage|p1b: Ursaluna|86/100|[from] item: Life Orb
|cant|p2a: Susie|flinch
|
|-heal|p1b: Ursaluna|92/100|[from] Grassy Terrain
|-heal|p2b: Kris|75/100|[from] Grassy Terrain
|-heal|p1a: Incineroar|88/100|[from] Grassy Terrain
|-heal|p2a: Susie|17/100|[from] Grassy Terrain
|upkeep
|turn|5
|inactive|Quill86 has 30 seconds left.
|inactive|Quill86 has 20 seconds left.
|
|t:|1757810461
|move|p2b: Kris|Protect|p2b: Kris
|-singleturn|p2b: Kris|Protect
|move|p2a: Susie|Protect|p2a: Susie
|-singleturn|p2a: Susie|Protect
|move|p1b: Ursaluna|Hyper Voice|p2a: Susie|[spread] 
|-activate|p2a: Susie|move: Protect
|-activate|p2b: Kris|move: Protect
|move|p1a: Incineroar|Flare Blitz|p2b: Kris
|-activate|p2b: Kris|move: Protect
|
|-heal|p1b: Ursaluna|98/100|[from] Grassy Terrain
|-heal|p2b: Kris|81/100|[from] Grassy Terrain
|-heal|p1a: Incineroar|94/100|[from] Grassy Terrain
|-heal|p2a: Susie|22/100|[from] Grassy Terrain
|-fieldend|move: Trick Room
|upkeep
|turn|6
|
|t:|1757810481
|-terastallize|p2b: Kris|Dark
|move|p2a: Susie|Scale Shot|p1b: Ursaluna
|-damage|p1b: Ursaluna|88/100
|-damage|p1b: Ursaluna|77/100
|-damage|p1b: Ursaluna|66/100
|-damage|p1b: Ursaluna|56/100
|-hitcount|p1b: Ursaluna|4
|-unboost|p2a: Susie|def|1
|-boost|p2a: Susie|spe|1
|move|p1a: Incineroar|Flare Blitz|p2b: Kris
|-damage|p2b: Kris|44/100
|-damage|p1a: Incineroar|82/100|[from] Recoil
|move|p2b: Kris|Kowtow Cleave|p1b: Ursaluna
|-damage|p1b: Ursaluna|4/100
|move|p1b: Ursaluna|Hyper Voice|p2a: Susie|[spread] p2a,p2b
|-damage|p2a: Susie|0 fnt
|-damage|p2b: Kris|0 fnt
|faint|p2a: Susie
|faint|p2b: Kris
|-damage|p1b: Ursaluna|0 fnt|[from] item: Life Orb
|faint|p1b: Ursaluna
|
|-heal|p1a: Incineroar|88/100|[from] Grassy Terrain
|upkeep
|
|t:|1757810497
|switch|p2b: Gerson Boom|Rillaboom, L50, F|100/100
|switch|p1b: Indeedee|Indeedee-F, L50, F|100/100
|-fieldstart|move: Psychic Terrain|[from] ability: Psychic Surge|[of] p1b: Indeedee
|turn|7
|
|t:|1757810506
|move|p2b: Gerson Boom|Wood Hammer|p1b: Indeedee
|-damage|p1b: Indeedee|41/100
|-damage|p2b: Gerson Boom|82/100|[from] Recoil
|move|p1a: Incineroar|Flare Blitz|p2b: Gerson Boom
|-supereffective|p2b: Gerson Boom
|-damage|p2b: Gerson Boom|0 fnt
|faint|p2b: Gerson Boom
|-damage|p1a: Incineroar|62/100|[from] Recoil
|
|win|Quill86
||kingambitstan is ready for game 2.
||Quill86 is ready for game 2.
|uhtml|next|Next: Game 2 of 3
|l|☆kingambitstan
|player|p2|
|l|☆Quill86
|player|p1|
