|j|☆ToastedArt
|j|☆panikd
|html|ToastedArtpanikd    
|uhtml|bestof|Game 2 of a best-of-3
|t:|1785257260
|gametype|doubles
|player|p1|ToastedArt|iris|1092
|player|p2|panikd|1|1013
|gen|9
|tier|[Gen 9 Champions] VGC 2026 Reg M-B (Bo3)
|rated|
|rule|Species Clause: Limit one of each Pokémon
|rule|Item Clause: Limit 1 of each item
|clearpoke
|poke|p1|Vanilluxe, L50, M, shiny|
|poke|p1|Sneasler, L50, M|
|poke|p1|Sinistcha, L50, shiny|
|poke|p1|Raichu, L50, M|
|poke|p1|Incineroar, L50, M|
|poke|p1|Azumarill, L50, F|
|poke|p2|Falinks, L50|
|poke|p2|Garchomp, L50, F|
|poke|p2|Kingambit, L50, F|
|poke|p2|Scovillain, L50, M, shiny|
|poke|p2|Dragalge, L50, F, shiny|
|poke|p2|Farigiraf, L50, M|
|teampreview|4
|showteam|p1|Vanilluxe||ChoiceScarf|SnowWarning|Blizzard,FreezeDry,IcyWind,SheerCold|Timid||M|||50|]Sneasler||FocusSash|PoisonTouch|PoisonJab,CloseCombat,FakeOut,Taunt|Adamant||M|||50|]Sinistcha||ColburBerry|Hospitality|MatchaGotcha,RagePowder,TrickRoom,Protect|Bold|||||50|]Raichu||RaichuniteY|LightningRod|ZapCannon,FocusBlast,Substitute,Protect|Timid||M|||50|]Incineroar||Charcoal|Intimidate|FlareBlitz,ThroatChop,FakeOut,PartingShot|Adamant||M|||50|]Azumarill||SitrusBerry|HugePower|PlayRough,AquaJet,BellyDrum,Protect|Adamant||F|||50|
|showteam|p2|Falinks||Falinksite|Defiant|CloseCombat,NoRetreat,Megahorn,RockSlide|Jolly|||||50|]Garchomp||LifeOrb|RoughSkin|Earthquake,DragonClaw,RockSlide,Protect|Jolly||F|||50|]Kingambit||BlackGlasses|SupremeOverlord|SuckerPunch,IronHead,PoisonJab,Protect|Adamant||F|||50|]Scovillain||Leftovers|Moody|RagePowder,HelpingHand,LeechSeed,SuperFang|Calm||M|||50|]Dragalge||Dragalgite|Adaptability|SludgeWave,ShadowBall,DracoMeteor,Protect|Modest||F|||50|]Farigiraf||MentalHerb|ArmorTail|TrickRoom,DazzlingGleam,CalmMind,Thunderbolt|Quiet||M|||50|
|inactive|Battle timer is ON: inactive players will automatically lose when time's up. (requested by ToastedArt)
|c|☆panikd|doofenshmirtz evil incorporated
|c|☆ToastedArt|true emoji
|inactive|ToastedArt has 60 seconds left.
|c|☆panikd|heyyyyy phineas watcha doin
|
|t:|1785257309
|teamsize|p1|4
|teamsize|p2|4
|start
|switch|p1a: Incineroar|Incineroar, L50, M|100/100
|switch|p1b: Sneasler|Sneasler, L50, M|100/100
|switch|p2a: Buford|Scovillain, L50, M, shiny|100/100
|switch|p2b: Baljeet Tjinder|Falinks, L50|100/100
|-ability|p1a: Incineroar|Intimidate|boost
|-unboost|p2a: Buford|atk|1
|-unboost|p2b: Baljeet Tjinder|atk|1
|-ability|p2b: Baljeet Tjinder|Defiant|boost
|-boost|p2b: Baljeet Tjinder|atk|2
|turn|1
|
|t:|1785257328
|detailschange|p2b: Baljeet Tjinder|Falinks-Mega, L50
|-mega|p2b: Baljeet Tjinder|Falinks|Falinksite
|move|p1b: Sneasler|Fake Out|p2b: Baljeet Tjinder
|-damage|p2b: Baljeet Tjinder|83/100
|cant|p2b: Baljeet Tjinder|flinch
|move|p2a: Buford|Super Fang|p1b: Sneasler
|-damage|p1b: Sneasler|50/100g
|move|p1a: Incineroar|Parting Shot|p2a: Buford
|-unboost|p2a: Buford|atk|1
|-unboost|p2a: Buford|spa|1
|
|t:|1785257345
|switch|p1a: Ol' Betsy|Raichu, L50, M|100/100|[from] Parting Shot
|
|-ability|p2a: Buford|Moody|boost
|-boost|p2a: Buford|def|2
|-unboost|p2a: Buford|spe|1
|upkeep
|turn|2
|
|t:|1785257359
|detailschange|p1a: Ol' Betsy|Raichu-Mega-Y, L50, M
|-mega|p1a: Ol' Betsy|Raichu|Raichunite Y
|move|p1a: Ol' Betsy|Protect|p1a: Ol' Betsy
|-singleturn|p1a: Ol' Betsy|Protect
|move|p2a: Buford|Rage Powder|p2a: Buford
|-singleturn|p2a: Buford|move: Rage Powder
|move|p1b: Sneasler|Poison Jab|p2a: Buford
|-supereffective|p2a: Buford|1
|-damage|p2a: Buford|30/100
|-status|p2a: Buford|psn|[from] ability: Poison Touch|[of] p1b: Sneasler
|move|p2b: Baljeet Tjinder|Close Combat|p1a: Ol' Betsy
|-activate|p1a: Ol' Betsy|move: Protect
|
|-heal|p2a: Buford|36/100 psn|[from] item: Leftovers
|-damage|p2a: Buford|23/100 psn|[from] psn
|-ability|p2a: Buford|Moody|boost
|-boost|p2a: Buford|atk|2
|-unboost|p2a: Buford|spd|1
|upkeep
|turn|3
|
|t:|1785257382
|move|p2a: Buford|Rage Powder|p2a: Buford
|-singleturn|p2a: Buford|move: Rage Powder
|move|p1a: Ol' Betsy|Substitute|p1a: Ol' Betsy
|-start|p1a: Ol' Betsy|Substitute
|-damage|p1a: Ol' Betsy|75/100
|move|p1b: Sneasler|Poison Jab|p2a: Buford
|-supereffective|p2a: Buford|1
|-damage|p2a: Buford|0 fnt
|faint|p2a: Buford
|move|p2b: Baljeet Tjinder|Rock Slide|p1a: Ol' Betsy|[spread] p1a,p1b
|-end|p1a: Ol' Betsy|Substitute
|-resisted|p1b: Sneasler|1
|-damage|p1b: Sneasler|27/100
|
|upkeep
|
|t:|1785257394
|switch|p2a: Ferb|Garchomp, L50, F|100/100
|turn|4
|
|t:|1785257409
|switch|p1b: Vanilluxe|Vanilluxe, L50, M, shiny|100/100
|-weather|Snowscape|[from] ability: Snow Warning|[of] p1b: Vanilluxe
|move|p1a: Ol' Betsy|Substitute|p1a: Ol' Betsy
|-start|p1a: Ol' Betsy|Substitute
|-damage|p1a: Ol' Betsy|50/100g
|move|p2a: Ferb|Earthquake|p1b: Vanilluxe|[spread] p2b,p1a,p1b
|-supereffective|p1a: Ol' Betsy|1
|-end|p1a: Ol' Betsy|Substitute
|-damage|p2b: Baljeet Tjinder|37/100
|-damage|p1b: Vanilluxe|51/100
|-damage|p2a: Ferb|90/100|[from] item: Life Orb
|move|p2b: Baljeet Tjinder|Close Combat|p1a: Ol' Betsy
|-damage|p1a: Ol' Betsy|0 fnt
|-unboost|p2b: Baljeet Tjinder|def|1
|-unboost|p2b: Baljeet Tjinder|spd|1
|faint|p1a: Ol' Betsy
|
|-weather|Snowscape|[upkeep]
|upkeep
|
|t:|1785257415
|switch|p1a: Sneasler|Sneasler, L50, M|27/100
|turn|5
|inactive|panikd has 30 seconds left.
|
|t:|1785257443
|move|p2a: Ferb|Protect|p2a: Ferb
|-singleturn|p2a: Ferb|Protect
|move|p1b: Vanilluxe|Blizzard|p2a: Ferb|[spread] p2b
|-activate|p2a: Ferb|move: Protect
|-damage|p2b: Baljeet Tjinder|0 fnt
|faint|p2b: Baljeet Tjinder
|move|p1a: Sneasler|Close Combat|p2a: Ferb
|-activate|p2a: Ferb|move: Protect
|
|-weather|Snowscape|[upkeep]
|upkeep
|
|t:|1785257453
|switch|p2b: Phineas|Kingambit, L50, F|100/100
|-activate|p2b: Phineas|ability: Supreme Overlord
|-start|p2b: Phineas|fallen2|[silent]
|turn|6
|
|t:|1785257466
|move|p2b: Phineas|Sucker Punch|p1a: Sneasler
|-resisted|p1a: Sneasler|1
|-damage|p1a: Sneasler|0 fnt
|faint|p1a: Sneasler
|move|p1b: Vanilluxe|Blizzard|p2a: Ferb|[spread] p2a,p2b
|-supereffective|p2a: Ferb|2
|-resisted|p2b: Phineas|1
|-damage|p2a: Ferb|0 fnt
|-damage|p2b: Phineas|82/100
|faint|p2a: Ferb
|
|-weather|Snowscape|[upkeep]
|upkeep
|
|t:|1785257472
|switch|p1a: Incineroar|Incineroar, L50, M|100/100
|-ability|p1a: Incineroar|Intimidate|boost
|-unboost|p2b: Phineas|atk|1
|turn|7
|
|t:|1785257491
|move|p1a: Incineroar|Fake Out|p2b: Phineas
|-resisted|p2b: Phineas|1
|-damage|p2b: Phineas|77/100
|move|p1b: Vanilluxe|Blizzard|p2b: Phineas
|-resisted|p2b: Phineas|1
|-damage|p2b: Phineas|50/100g
|cant|p2b: Phineas|flinch
|
|-weather|Snowscape|[upkeep]
|upkeep
|turn|8
|
|t:|1785257505
|move|p1b: Vanilluxe|Blizzard|p2b: Phineas
|-resisted|p2b: Phineas|1
|-damage|p2b: Phineas|25/100
|move|p1a: Incineroar|Flare Blitz|p2b: Phineas
|-supereffective|p2b: Phineas|1
|-damage|p2b: Phineas|0 fnt
|faint|p2b: Phineas
|-end|p2b: Phineas|fallen2|[silent]
|-damage|p1a: Incineroar|91/100|[from] Recoil
|
|win|ToastedArt
