|j|☆hexagonfoot
|j|☆Tokidogi
|html|hexagonfootTokidogi    
|uhtml|bestof|Game 2 of a best-of-3
|t:|1756448061
|gametype|doubles
|player|p1|hexagonfoot|caitlin|1194
|player|p2|Tokidogi|miku-water|1101
|gen|9
|tier|[Gen 9] VGC 2025 Reg H (Bo3)
|rated|
|rule|Species Clause: Limit one of each Pokémon
|rule|Item Clause: Limit 1 of each item
|clearpoke
|poke|p1|Kingambit, L50, M|
|poke|p1|Primarina, L50, M|
|poke|p1|Sneasler, L50, F|
|poke|p1|Magmar, L50, M|
|poke|p1|Rillaboom, L50, M|
|poke|p1|Dragapult, L50, M|
|poke|p2|Archaludon, L50, M|
|poke|p2|Politoed, L50, M|
|poke|p2|Gholdengo, L50|
|poke|p2|Electrode-Hisui, L50|
|poke|p2|Rillaboom, L50, M|
|poke|p2|Salamence, L50, F|
|teampreview|4
|showteam|p1|Kingambit||BlackGlasses|Defiant|KowtowCleave,SuckerPunch,SwordsDance,Protect|||M|||50|,,,,,Ghost]Primarina||SitrusBerry|LiquidVoice|HyperVoice,Moonblast,Haze,Protect|||M|||50|,,,,,Water]Sneasler||FocusSash|PoisonTouch|CloseCombat,DireClaw,FakeOut,Protect|||F|||50|,,,,,Stellar]Magmar||Eviolite|VitalSpirit|Overheat,WillOWisp,FollowMe,Protect|||M|||50|,,,,,Ghost]Rillaboom||AssaultVest|GrassySurge|WoodHammer,GrassyGlide,HighHorsepower,FakeOut|||M|||50|,,,,,Fire]Dragapult||ChoiceBand|ClearBody|DragonDarts,PhantomForce,TeraBlast,Uturn|||M|||50|,,,,,Ghost
|showteam|p2|Archaludon||AssaultVest|Stamina|ElectroShot,DracoMeteor,Snarl,BodyPress|||M|||50|,,,,,Grass]Politoed||SitrusBerry|Drizzle|Protect,Encore,PerishSong,WeatherBall|||M|||50|,,,,,Grass]Gholdengo||Leftovers|GoodasGold|Protect,NastyPlot,MakeItRain,ShadowBall||||||50|,,,,,Dragon]Electrode-Hisui||FocusSash|Soundproof|Protect,Electroweb,Thunder,GrassKnot||||||50|,,,,,Ghost]Rillaboom||MiracleSeed|GrassySurge|Protect,FakeOut,GrassyGlide,Uturn|||M|||50|,,,,,Ghost]Salamence||LifeOrb|Intimidate|Protect,Hurricane,DracoMeteor,TeraBlast|||F|||50|,,,,,Stellar
|inactive|Battle timer is ON: inactive players will automatically lose when time's up. (requested by hexagonfoot)
|inactive|Tokidogi has 60 seconds left.
|
|t:|1756448094
|teamsize|p1|4
|teamsize|p2|4
|start
|switch|p1a: Kingambit|Kingambit, L50, M|100/100
|switch|p1b: Dragapult|Dragapult, L50, M|100/100
|switch|p2a: Archaludon|Archaludon, L50, M, shiny|100/100
|switch|p2b: Rillaboom|Rillaboom, L50, M, shiny|100/100
|-fieldstart|move: Grassy Terrain|[from] ability: Grassy Surge|[of] p2b: Rillaboom
|turn|1
|inactive|hexagonfoot has 30 seconds left.
|
|t:|1756448121
|-terastallize|p1b: Dragapult|Ghost
|move|p1b: Dragapult|Tera Blast|p2a: Archaludon|[anim] Tera Blast Ghost
|-damage|p2a: Archaludon|38/100
|-ability|p2a: Archaludon|Stamina|boost
|-boost|p2a: Archaludon|def|1
|move|p2a: Archaludon|Body Press|p1a: Kingambit
|-supereffective|p1a: Kingambit
|-damage|p1a: Kingambit|0 fnt
|faint|p1a: Kingambit
|move|p2b: Rillaboom|U-turn|p1b: Dragapult
|-resisted|p1b: Dragapult
|-damage|p1b: Dragapult|85/100
|
|t:|1756448137
|switch|p2b: Politoed|Politoed, L50, M, shiny|100/100|[from] U-turn
|-weather|RainDance|[from] ability: Drizzle|[of] p2b: Politoed
|
|-weather|RainDance|[upkeep]
|-heal|p1b: Dragapult|91/100|[from] Grassy Terrain
|-heal|p2a: Archaludon|44/100|[from] Grassy Terrain
|upkeep
|
|t:|1756448144
|switch|p1a: Rillaboom|Rillaboom, L50, M|100/100
|turn|2
|
|t:|1756448160
|move|p1b: Dragapult|Tera Blast|p2a: Archaludon|[anim] Tera Blast Ghost
|-damage|p2a: Archaludon|6/100
|-ability|p2a: Archaludon|Stamina|boost
|-boost|p2a: Archaludon|def|1
|move|p2a: Archaludon|Snarl|p1a: Rillaboom|[spread] p1a,p1b
|-supereffective|p1b: Dragapult
|-damage|p1a: Rillaboom|92/100
|-damage|p1b: Dragapult|62/100
|-unboost|p1a: Rillaboom|spa|1
|move|p1a: Rillaboom|Wood Hammer|p2b: Politoed
|-supereffective|p2b: Politoed
|-damage|p2b: Politoed|0 fnt
|faint|p2b: Politoed
|-damage|p1a: Rillaboom|59/100|[from] Recoil
|
|-weather|RainDance|[upkeep]
|-heal|p1b: Dragapult|69/100|[from] Grassy Terrain
|-heal|p2a: Archaludon|12/100|[from] Grassy Terrain
|-heal|p1a: Rillaboom|65/100|[from] Grassy Terrain
|upkeep
|
|t:|1756448171
|switch|p2b: Rillaboom|Rillaboom, L50, M, shiny|100/100
|turn|3
|
|t:|1756448189
|move|p2b: Rillaboom|Grassy Glide|p1b: Dragapult
|-damage|p1b: Dragapult|12/100
|move|p1b: Dragapult|Tera Blast|p2a: Archaludon|[anim] Tera Blast Ghost
|-damage|p2a: Archaludon|0 fnt
|faint|p2a: Archaludon
|move|p1a: Rillaboom|Wood Hammer|p2b: Rillaboom
|-resisted|p2b: Rillaboom
|-damage|p2b: Rillaboom|63/100
|-damage|p1a: Rillaboom|52/100|[from] Recoil
|
|-weather|RainDance|[upkeep]
|-heal|p1b: Dragapult|18/100|[from] Grassy Terrain
|-heal|p1a: Rillaboom|58/100|[from] Grassy Terrain
|-heal|p2b: Rillaboom|69/100|[from] Grassy Terrain
|upkeep
|
|t:|1756448197
|switch|p2a: Gholdengo|Gholdengo, L50, shiny|100/100
|turn|4
|
|t:|1756448203
|switch|p1b: Sneasler|Sneasler, L50, F|100/100
|move|p2b: Rillaboom|Grassy Glide|p1b: Sneasler
|-resisted|p1b: Sneasler
|-damage|p1b: Sneasler|67/100
|move|p2a: Gholdengo|Make It Rain|p1b: Sneasler|[spread] p1a,p1b
|-damage|p1a: Rillaboom|27/100
|-damage|p1b: Sneasler|11/100
|-unboost|p2a: Gholdengo|spa|1
|move|p1a: Rillaboom|High Horsepower|p2a: Gholdengo
|-supereffective|p2a: Gholdengo
|-damage|p2a: Gholdengo|38/100
|
|-weather|RainDance|[upkeep]
|-heal|p1b: Sneasler|17/100|[from] Grassy Terrain
|-heal|p2a: Gholdengo|44/100|[from] Grassy Terrain
|-heal|p2a: Gholdengo|50/100|[from] item: Leftovers
|-heal|p1a: Rillaboom|33/100|[from] Grassy Terrain
|-heal|p2b: Rillaboom|74/100|[from] Grassy Terrain
|upkeep
|turn|5
|inactive|hexagonfoot has 30 seconds left.
|inactive|Tokidogi has 30 seconds left.
|inactive|hexagonfoot has 20 seconds left.
|
|t:|1756448240
|-terastallize|p2b: Rillaboom|Ghost
|move|p1b: Sneasler|Protect|p1b: Sneasler
|-singleturn|p1b: Sneasler|Protect
|move|p1a: Rillaboom|Grassy Glide|p2b: Rillaboom
|-damage|p2b: Rillaboom|42/100
|move|p2b: Rillaboom|Grassy Glide|p1a: Rillaboom
|-resisted|p1a: Rillaboom
|-damage|p1a: Rillaboom|13/100
|move|p2a: Gholdengo|Make It Rain|p1b: Sneasler|[spread] p1a
|-activate|p1b: Sneasler|move: Protect
|-damage|p1a: Rillaboom|0 fnt
|-unboost|p2a: Gholdengo|spa|1
|faint|p1a: Rillaboom
|
|-weather|none
|-heal|p1b: Sneasler|22/100|[from] Grassy Terrain
|-heal|p2a: Gholdengo|56/100|[from] Grassy Terrain
|-heal|p2a: Gholdengo|62/100|[from] item: Leftovers
|-heal|p2b: Rillaboom|48/100|[from] Grassy Terrain
|-fieldend|move: Grassy Terrain
|upkeep
|
|t:|1756448251
|switch|p1a: Dragapult|Dragapult, L50, M, tera:Ghost|18/100
|turn|6
|
|t:|1756448263
|move|p1a: Dragapult|Phantom Force||[still]
|-prepare|p1a: Dragapult|Phantom Force
|move|p1b: Sneasler|Dire Claw|p2b: Rillaboom
|-resisted|p2b: Rillaboom
|-crit|p2b: Rillaboom
|-damage|p2b: Rillaboom|17/100
|move|p2a: Gholdengo|Make It Rain|p1b: Sneasler|[spread] p1b
|-miss|p2a: Gholdengo|p1a: Dragapult
|-damage|p1b: Sneasler|0 fnt
|-unboost|p2a: Gholdengo|spa|1
|faint|p1b: Sneasler
|move|p2b: Rillaboom|Grassy Glide|p1a: Dragapult|[miss]
|-miss|p2b: Rillaboom|p1a: Dragapult
|
|-heal|p2a: Gholdengo|69/100|[from] item: Leftovers
|upkeep
|turn|7
|-message|hexagonfoot forfeited.
|
|win|Tokidogi
|raw|hexagonfoot's rating: 1194 → 1162(-32 for losing)
|raw|Tokidogi's rating: 1101 → 1133(+32 for winning)
