|j|☆Bread248
|j|☆Dametrix
|html|Bread248Dametrix    
|uhtml|bestof|Game 1 of a best-of-3
|t:|1756250859
|gametype|doubles
|player|p1|Bread248|170|1320
|player|p2|Dametrix|caitlin|1200
|gen|9
|tier|[Gen 9] VGC 2025 Reg H (Bo3)
|rated|
|rule|Species Clause: Limit one of each Pokémon
|rule|Item Clause: Limit 1 of each item
|clearpoke
|poke|p1|Gholdengo, L50|
|poke|p1|Sneasler, L50, F|
|poke|p1|Incineroar, L50, M|
|poke|p1|Amoonguss, L50, M|
|poke|p1|Dragonite, L50, M|
|poke|p1|Ursaluna-Bloodmoon, L50, M|
|poke|p2|Gardevoir, L50, F|
|poke|p2|Indeedee, L50, M|
|poke|p2|Sneasler, L50, M|
|poke|p2|Tyranitar, L50, M|
|poke|p2|Excadrill, L50, M|
|poke|p2|Salamence, L50, F|
|teampreview|4
|showteam|p1|Gholdengo||LifeOrb|GoodasGold|MakeItRain,ShadowBall,NastyPlot,Protect||||||50|,,,,,Steel]Sneasler||FocusSash|PoisonTouch|FakeOut,CloseCombat,DireClaw,Protect|||F|||50|,,,,,Stellar]Incineroar||SafetyGoggles|Intimidate|FakeOut,FlareBlitz,KnockOff,PartingShot|||M|||50|,,,,,Ghost]Amoonguss||SitrusBerry|Regenerator|Spore,RagePowder,SludgeBomb,Protect|||M|||50|,,,,,Psychic]Dragonite||LoadedDice|Multiscale|ScaleShot,Haze,Tailwind,Protect|||M|||50|,,,,,Fairy]Ursaluna-Bloodmoon||AssaultVest|MindsEye|HyperVoice,BloodMoon,EarthPower,VacuumWave|||M|||50|,,,,,Water
|showteam|p2|Gardevoir||ChoiceScarf|Telepathy|ExpandingForce,DazzlingGleam,Moonblast,Trick|||F|||50|,,,,,Psychic]Indeedee||FocusSash|PsychicSurge|ExpandingForce,TeraBlast,TrickRoom,Imprison|||M|||50|,,,,,Fighting]Sneasler||PsychicSeed|Unburden|CloseCombat,DireClaw,ThroatChop,Protect|||M|||50|,,,,,Stellar]Tyranitar||AssaultVest|SandStream|RockSlide,KnockOff,LowKick,TeraBlast|||M|||50|,,,,,Flying]Excadrill||ClearAmulet|SandRush|Earthquake,RockSlide,HighHorsepower,Protect|||M|||50|,,,,,Ghost]Salamence||SafetyGoggles|Intimidate|DracoMeteor,AirSlash,HeatWave,Protect|||F|||50|,,,,,Fairy
|inactive|Battle timer is ON: inactive players will automatically lose when time's up. (requested by Bread248)
|inactive|Bread248 has 60 seconds left.
|inactive|Dametrix has 60 seconds left.
|
|t:|1756250893
|teamsize|p1|4
|teamsize|p2|4
|start
|switch|p1a: Amoonguss|Amoonguss, L50, M|100/100
|switch|p1b: Incineroar|Incineroar, L50, M, shiny|100/100
|switch|p2a: Gardevoir|Gardevoir, L50, F|100/100
|switch|p2b: Excadrill|Excadrill, L50, M|100/100
|-ability|p1b: Incineroar|Intimidate|boost
|-unboost|p2a: Gardevoir|atk|1
|-fail|p2b: Excadrill|unboost|[from] item: Clear Amulet|[of] p2b: Excadrill
|turn|1
|
|t:|1756250909
|-terastallize|p1a: Amoonguss|Psychic
|move|p2b: Excadrill|Protect|p2b: Excadrill
|-singleturn|p2b: Excadrill|Protect
|move|p2a: Gardevoir|Trick|p1a: Amoonguss
|-activate|p2a: Gardevoir|move: Trick|[of] p1a: Amoonguss
|-item|p1a: Amoonguss|Choice Scarf|[from] move: Trick
|-item|p2a: Gardevoir|Sitrus Berry|[from] move: Trick
|move|p1b: Incineroar|Flare Blitz|p2b: Excadrill
|-activate|p2b: Excadrill|move: Protect
|move|p1a: Amoonguss|Spore|p2a: Gardevoir
|-status|p2a: Gardevoir|slp|[from] move: Spore
|
|upkeep
|turn|2
|
|t:|1756250922
|cant|p2a: Gardevoir|slp
|move|p2b: Excadrill|Earthquake|p1b: Incineroar|[spread] p1a,p1b
|-activate|p2a: Gardevoir|ability: Telepathy
|-supereffective|p1b: Incineroar
|-damage|p1a: Amoonguss|66/100
|-damage|p1b: Incineroar|25/100
|move|p1b: Incineroar|Flare Blitz|p2b: Excadrill
|-supereffective|p2b: Excadrill
|-damage|p2b: Excadrill|0 fnt
|faint|p2b: Excadrill
|-damage|p1b: Incineroar|0 fnt|[from] Recoil
|faint|p1b: Incineroar
|move|p1a: Amoonguss|Spore|p2a: Gardevoir
|-fail|p2a: Gardevoir|slp
|
|upkeep
|
|t:|1756250934
|switch|p2b: Indeedee|Indeedee, L50, M|100/100
|switch|p1b: Gholdengo|Gholdengo, L50|100/100
|-fieldstart|move: Psychic Terrain|[from] ability: Psychic Surge|[of] p2b: Indeedee
|turn|3
|
|t:|1756250942
|move|p2b: Indeedee|Expanding Force|p1a: Amoonguss|[spread] p1a,p1b
|-resisted|p1a: Amoonguss
|-resisted|p1b: Gholdengo
|-damage|p1a: Amoonguss|44/100
|-damage|p1b: Gholdengo|68/100
|move|p1b: Gholdengo|Make It Rain|p2a: Gardevoir|[spread] p2a,p2b
|-supereffective|p2a: Gardevoir
|-damage|p2a: Gardevoir|0 fnt
|-damage|p2b: Indeedee|14/100
|-unboost|p1b: Gholdengo|spa|1
|faint|p2a: Gardevoir
|-damage|p1b: Gholdengo|58/100|[from] item: Life Orb
|move|p1a: Amoonguss|Spore|p2b: Indeedee
|-status|p2b: Indeedee|slp|[from] move: Spore
|
|upkeep
|
|t:|1756250948
|switch|p2a: Tyranitar|Tyranitar, L50, M|100/100
|-weather|Sandstorm|[from] ability: Sand Stream|[of] p2a: Tyranitar
|turn|4
|
|t:|1756250959
|-terastallize|p2a: Tyranitar|Flying
|cant|p2b: Indeedee|slp
|move|p1b: Gholdengo|Make It Rain|p2a: Tyranitar|[spread] p2a,p2b
|-damage|p2a: Tyranitar|78/100
|-damage|p2b: Indeedee|0 fnt
|-unboost|p1b: Gholdengo|spa|1
|faint|p2b: Indeedee
|-damage|p1b: Gholdengo|48/100|[from] item: Life Orb
|move|p2a: Tyranitar|Rock Slide|p1a: Amoonguss|[spread] p1a,p1b
|-resisted|p1b: Gholdengo
|-damage|p1a: Amoonguss|21/100
|-damage|p1b: Gholdengo|32/100
|move|p1a: Amoonguss|Spore|p2a: Tyranitar
|-status|p2a: Tyranitar|slp|[from] move: Spore
|
|-weather|Sandstorm|[upkeep]
|-damage|p2a: Tyranitar|72/100 slp|[from] Sandstorm
|-damage|p1a: Amoonguss|15/100|[from] Sandstorm
|upkeep
|turn|5
|
|t:|1756250967
|move|p1b: Gholdengo|Make It Rain|p2a: Tyranitar
|-damage|p2a: Tyranitar|44/100 slp
|-unboost|p1b: Gholdengo|spa|1
|-damage|p1b: Gholdengo|22/100|[from] item: Life Orb
|cant|p2a: Tyranitar|slp
|move|p1a: Amoonguss|Spore|p2a: Tyranitar
|-fail|p2a: Tyranitar|slp
|
|-weather|Sandstorm|[upkeep]
|-damage|p2a: Tyranitar|38/100 slp|[from] Sandstorm
|-damage|p1a: Amoonguss|9/100|[from] Sandstorm
|upkeep
|turn|6
|
|t:|1756250970
|move|p1b: Gholdengo|Make It Rain|p2a: Tyranitar
|-damage|p2a: Tyranitar|18/100 slp
|-unboost|p1b: Gholdengo|spa|1
|-damage|p1b: Gholdengo|12/100|[from] item: Life Orb
|cant|p2a: Tyranitar|slp
|move|p1a: Amoonguss|Spore|p2a: Tyranitar
|-fail|p2a: Tyranitar|slp
|
|-weather|Sandstorm|[upkeep]
|-damage|p2a: Tyranitar|12/100 slp|[from] Sandstorm
|-damage|p1a: Amoonguss|3/100|[from] Sandstorm
|upkeep
|turn|7
|
|t:|1756250973
|move|p1b: Gholdengo|Make It Rain|p2a: Tyranitar
|-damage|p2a: Tyranitar|0 fnt
|-unboost|p1b: Gholdengo|spa|1
|faint|p2a: Tyranitar
|-damage|p1b: Gholdengo|2/100|[from] item: Life Orb
|
|win|Bread248
||Dametrix is ready for game 2.
||Bread248 is ready for game 2.
|uhtml|next|Next: Game 2 of 3
|l|☆Dametrix
|player|p2|
