|j|☆haosigismondi
|j|☆asteris guy
|html|haosigismondiasteris guy    
|uhtml|bestof|Game 1 of a best-of-3
|t:|1757626803
|gametype|doubles
|player|p1|haosigismondi|ethan|1207
|player|p2|asteris guy|ltsurge|1147
|gen|9
|tier|[Gen 9] VGC 2025 Reg H (Bo3)
|rated|
|rule|Species Clause: Limit one of each Pokémon
|rule|Item Clause: Limit 1 of each item
|clearpoke
|poke|p1|Sneasler, L50, F|
|poke|p1|Indeedee, L50, M|
|poke|p1|Volcarona, L50, F|
|poke|p1|Ursaluna-Bloodmoon, L50, M|
|poke|p1|Annihilape, L50, M|
|poke|p1|Tyranitar, L50, M|
|poke|p2|Ursaluna-Bloodmoon, L50, M|
|poke|p2|Gholdengo, L50|
|poke|p2|Dragonite, L50, M|
|poke|p2|Sneasler, L50, F|
|poke|p2|Incineroar, L50, M|
|poke|p2|Amoonguss, L50, M|
|teampreview|4
|showteam|p1|Sneasler||PsychicSeed|Unburden|CloseCombat,DireClaw,ThroatChop,Protect|||F|||50|,,,,,Dark]Indeedee||ChoiceScarf|PsychicSurge|ExpandingForce,TeraBlast,Trick,Protect|||M|||50|,,,,,Psychic]Volcarona||SitrusBerry|FlameBody|Overheat,StruggleBug,RagePowder,Tailwind|||F|||50|,,,,,Grass]Ursaluna-Bloodmoon||LifeOrb|MindsEye|BloodMoon,HyperVoice,EarthPower,Protect|||M|||50|,,,,,Normal]Annihilape||SafetyGoggles|Defiant|CloseCombat,RageFist,Taunt,FinalGambit|||M|||50|,,,,,Fairy]Tyranitar||AssaultVest|SandStream|RockSlide,KnockOff,TeraBlast,LowKick|||M|||50|,,,,,Flying
|showteam|p2|Ursaluna-Bloodmoon||AssaultVest|MindsEye|BloodMoon,HyperVoice,VacuumWave,EarthPower|||M|||50|,,,,,Normal]Gholdengo||LifeOrb|GoodasGold|ShadowBall,MakeItRain,Protect,NastyPlot||||||50|,,,,,Water]Dragonite||LoadedDice|Multiscale|ScaleShot,Tailwind,ExtremeSpeed,Protect|||M|||50|,,,,,Normal]Sneasler||FocusSash|Unburden|FakeOut,DireClaw,CloseCombat,ThroatChop|||F|||50|,,,,,Ghost]Incineroar||SafetyGoggles|Intimidate|FakeOut,KnockOff,Taunt,PartingShot|||M|||50|,,,,,Ghost]Amoonguss||MentalHerb|Regenerator|Spore,RagePowder,PollenPuff,Protect|||M|||50|,,,,,Fairy
|inactive|Battle timer is ON: inactive players will automatically lose when time's up. (requested by haosigismondi)
|inactive|haosigismondi has 60 seconds left.
|inactive|asteris guy has 60 seconds left.
|inactive|asteris guy has 30 seconds left.
|inactive|asteris guy has 20 seconds left.
|inactive|asteris guy has 15 seconds left.
|
|t:|1757626883
|teamsize|p1|4
|teamsize|p2|4
|start
|switch|p1a: Sneasler|Sneasler, L50, F|100/100
|switch|p1b: Volcarona|Volcarona, L50, F|100/100
|switch|p2a: Amoonguss|Amoonguss, L50, M, shiny|100/100
|switch|p2b: Gholdengo|Gholdengo, L50|100/100
|turn|1
|
|t:|1757626904
|move|p2b: Gholdengo|Protect|p2b: Gholdengo
|-singleturn|p2b: Gholdengo|Protect
|move|p1a: Sneasler|Dire Claw|p2a: Amoonguss
|-damage|p2a: Amoonguss|63/100
|move|p1b: Volcarona|Overheat|p2b: Gholdengo
|-activate|p2b: Gholdengo|move: Protect
|move|p2a: Amoonguss|Spore|p1b: Volcarona
|-status|p1b: Volcarona|slp|[from] move: Spore
|
|upkeep
|turn|2
|inactive|asteris guy has 30 seconds left.
|inactive|asteris guy has 20 seconds left.
|
|t:|1757626943
|move|p2a: Amoonguss|Rage Powder|p2a: Amoonguss
|-singleturn|p2a: Amoonguss|move: Rage Powder
|move|p1a: Sneasler|Dire Claw|p2a: Amoonguss
|-damage|p2a: Amoonguss|22/100
|-status|p2a: Amoonguss|par
|cant|p1b: Volcarona|slp
|move|p2b: Gholdengo|Nasty Plot|p2b: Gholdengo
|-boost|p2b: Gholdengo|spa|2
|
|upkeep
|turn|3
|inactive|asteris guy has 30 seconds left.
|inactive|asteris guy has 20 seconds left.
|inactive|asteris guy has 15 seconds left.
|
|t:|1757626987
|switch|p2a: Incineroar|Incineroar, L50, M, shiny|100/100
|-ability|p2a: Incineroar|Intimidate|boost
|-unboost|p1a: Sneasler|atk|1
|-unboost|p1b: Volcarona|atk|1
|-terastallize|p2b: Gholdengo|Water
|move|p1a: Sneasler|Throat Chop|p2b: Gholdengo
|-damage|p2b: Gholdengo|79/100
|-start|p2b: Gholdengo|Throat Chop|[silent]
|cant|p1b: Volcarona|slp
|move|p2b: Gholdengo|Shadow Ball|p1a: Sneasler
|-damage|p1a: Sneasler|0 fnt
|faint|p1a: Sneasler
|-damage|p2b: Gholdengo|70/100|[from] item: Life Orb
|
|upkeep
|
|t:|1757627007
|switch|p1a: Tyranitar|Tyranitar, L50, M|100/100
|-weather|Sandstorm|[from] ability: Sand Stream|[of] p1a: Tyranitar
|turn|4
|inactive|asteris guy has 30 seconds left.
|inactive|asteris guy has 20 seconds left.
|
|t:|1757627042
|move|p2a: Incineroar|Fake Out|p1b: Volcarona
|-damage|p1b: Volcarona|86/100 slp
|-curestatus|p1b: Volcarona|slp|[msg]
|cant|p1b: Volcarona|flinch
|move|p2b: Gholdengo|Make It Rain|p1a: Tyranitar|[spread] p1a,p1b
|-supereffective|p1a: Tyranitar
|-resisted|p1b: Volcarona
|-damage|p1a: Tyranitar|6/100
|-damage|p1b: Volcarona|33/100
|-unboost|p2b: Gholdengo|spa|1
|-enditem|p1b: Volcarona|Sitrus Berry|[eat]
|-heal|p1b: Volcarona|58/100|[from] item: Sitrus Berry
|-damage|p2b: Gholdengo|60/100|[from] item: Life Orb
|move|p1a: Tyranitar|Knock Off|p2b: Gholdengo
|-damage|p2b: Gholdengo|0 fnt
|-enditem|p2b: Gholdengo|Life Orb|[from] move: Knock Off|[of] p1a: Tyranitar
|faint|p2b: Gholdengo
|
|-weather|Sandstorm|[upkeep]
|-damage|p1b: Volcarona|52/100|[from] Sandstorm
|upkeep
|
|t:|1757627064
|switch|p2b: Sneasler|Sneasler, L50, F, shiny|100/100
|turn|5
|inactive|asteris guy has 30 seconds left.
|
|t:|1757627092
|move|p2b: Sneasler|Fake Out|p1a: Tyranitar
|-resisted|p1a: Tyranitar
|-damage|p1a: Tyranitar|0 fnt
|faint|p1a: Tyranitar
|move|p1b: Volcarona|Tailwind|p1b: Volcarona
|-sidestart|p1: haosigismondi|move: Tailwind
|move|p2a: Incineroar|Knock Off|p1b: Volcarona
|-damage|p1b: Volcarona|18/100
|
|-weather|Sandstorm|[upkeep]
|-damage|p1b: Volcarona|12/100|[from] Sandstorm
|-damage|p2b: Sneasler|95/100|[from] Sandstorm
|upkeep
|
|t:|1757627104
|switch|p1a: Ursaluna|Ursaluna-Bloodmoon, L50, M|100/100
|turn|6
|inactive|asteris guy has 30 seconds left.
|
|t:|1757627136
|switch|p2b: Amoonguss|Amoonguss, L50, M, shiny|55/100 par
|-terastallize|p1a: Ursaluna|Normal
|move|p1b: Volcarona|Rage Powder|p1b: Volcarona
|-singleturn|p1b: Volcarona|move: Rage Powder
|move|p1a: Ursaluna|Blood Moon|p2b: Amoonguss
|-damage|p2b: Amoonguss|0 fnt
|faint|p2b: Amoonguss
|-damage|p1a: Ursaluna|91/100|[from] item: Life Orb
|move|p2a: Incineroar|Knock Off|p1b: Volcarona
|-damage|p1b: Volcarona|0 fnt
|faint|p1b: Volcarona
|
|-weather|Sandstorm|[upkeep]
|-damage|p1a: Ursaluna|85/100|[from] Sandstorm
|upkeep
|
|t:|1757627150
|switch|p2b: Sneasler|Sneasler, L50, F, shiny|95/100
|turn|7
|
|t:|1757627160
|move|p2b: Sneasler|Fake Out|p1a: Ursaluna
|-damage|p1a: Ursaluna|72/100
|cant|p1a: Ursaluna|flinch
|move|p2a: Incineroar|Knock Off|p1a: Ursaluna
|-damage|p1a: Ursaluna|42/100
|-enditem|p1a: Ursaluna|Life Orb|[from] move: Knock Off|[of] p2a: Incineroar
|
|-weather|Sandstorm|[upkeep]
|-damage|p1a: Ursaluna|36/100|[from] Sandstorm
|-damage|p2b: Sneasler|89/100|[from] Sandstorm
|upkeep
|turn|8
|inactive|asteris guy has 30 seconds left.
|
|t:|1757627188
|move|p1a: Ursaluna|Earth Power|p2b: Sneasler
|-supereffective|p2b: Sneasler
|-damage|p2b: Sneasler|0 fnt
|faint|p2b: Sneasler
|move|p2a: Incineroar|Knock Off|p1a: Ursaluna
|-damage|p1a: Ursaluna|14/100
|
|-weather|none
|-sideend|p1: haosigismondi|move: Tailwind
|upkeep
|turn|9
|
|t:|1757627206
|move|p1a: Ursaluna|Blood Moon|p2a: Incineroar
|-crit|p2a: Incineroar
|-damage|p2a: Incineroar|0 fnt
|faint|p2a: Incineroar
|
|win|haosigismondi
