|j|☆tuckered out1
|j|☆P!nkbearz07
|html|tuckered out1P!nkbearz07    
|uhtml|bestof|Game 1 of a best-of-3
|t:|1757722624
|gametype|doubles
|player|p1|tuckered out1|gentleman-gen4|1032
|player|p2|P!nkbearz07|marlon|1015
|gen|9
|tier|[Gen 9] VGC 2025 Reg H (Bo3)
|rated|
|rule|Species Clause: Limit one of each Pokémon
|rule|Item Clause: Limit 1 of each item
|clearpoke
|poke|p1|Gyarados, L50, F|
|poke|p1|Pachirisu, L50, M|
|poke|p1|Gothitelle, L50, F|
|poke|p1|Gardevoir, L50, F|
|poke|p1|Garchomp, L50, M|
|poke|p1|Talonflame, L50, F|
|poke|p2|Whimsicott, L50, F|
|poke|p2|Lurantis, L50, M|
|poke|p2|Tsareena, L50, F|
|poke|p2|Sunflora, L50, M|
|poke|p2|Rillaboom, L50, M|
|poke|p2|Chesnaught, L50, F|
|teampreview|4
|showteam|p1|Gyarados||MysticWater|Intimidate|DragonDance,Waterfall,Earthquake,Protect|||F|||50|,,,,,Water]Pachirisu||SitrusBerry|VoltAbsorb|Nuzzle,FollowMe,SuperFang,Protect|||M|||50|,,,,,Steel]Gothitelle||Leftovers|ShadowTag|Psyshock,ThunderWave,Tickle,Protect|||F|||50|,,,,,Water]Gardevoir||ChoiceScarf|Telepathy|DazzlingGleam,Psychic,Moonblast,Trick|||F|||50|,,,,,Fairy]Garchomp||FocusSash|RoughSkin|Earthquake,DragonClaw,RockSlide,Protect|||M|||50|,,,,,Fairy]Talonflame||LifeOrb|GaleWings|BraveBird,Overheat,Taunt,Tailwind|||F|||50|,,,,,Fire
|showteam|p2|Whimsicott||FocusSash|Prankster|Moonblast,Tailwind,FakeTears,Tickle|||F|||50|,,,,,Ghost]Lurantis||CovertCloak|Contrary|TeraBlast,Superpower,GrassyGlide,Protect|||M|||50|,,,,,Fire]Tsareena||GrassySeed|QueenlyMajesty|Acrobatics,HighJumpKick,SeedBomb,Protect|||F|||50|,,,,,Flying]Sunflora||LifeOrb|SolarPower|EnergyBall,EarthPower,DazzlingGleam,Protect|||M|||50|,,,,,Stellar]Rillaboom||AssaultVest|GrassySurge|FakeOut,GrassyGlide,WoodHammer,Uturn|||M|||50|,,,,,Water]Chesnaught||RockyHelmet|Bulletproof|GrassyGlide,BodyPress,IronDefense,WideGuard|||F|||50|,,,,,Fire
|inactive|Battle timer is ON: inactive players will automatically lose when time's up. (requested by tuckered out1)
|inactive|P!nkbearz07 also wants the timer to be on.
|inactive|P!nkbearz07 has 60 seconds left.
|inactive|P!nkbearz07 has 30 seconds left.
|
|t:|1757722690
|teamsize|p1|4
|teamsize|p2|4
|start
|switch|p1a: Talonflame|Talonflame, L50, F|100/100
|switch|p1b: Pachirisu|Pachirisu, L50, M|100/100
|switch|p2a: Whimsicott|Whimsicott, L50, F, shiny|100/100
|switch|p2b: Rillaboom|Rillaboom, L50, M, shiny|100/100
|-fieldstart|move: Grassy Terrain|[from] ability: Grassy Surge|[of] p2b: Rillaboom
|turn|1
|inactive|P!nkbearz07 has 30 seconds left.
|
|t:|1757722722
|move|p2a: Whimsicott|Tailwind|p2a: Whimsicott
|-sidestart|p2: P!nkbearz07|move: Tailwind
|move|p2b: Rillaboom|Grassy Glide|p1a: Talonflame
|-resisted|p1a: Talonflame
|-damage|p1a: Talonflame|89/100
|move|p1a: Talonflame|Overheat|p2b: Rillaboom
|-supereffective|p2b: Rillaboom
|-damage|p2b: Rillaboom|23/100
|-unboost|p1a: Talonflame|spa|2
|-damage|p1a: Talonflame|79/100|[from] item: Life Orb
|move|p1b: Pachirisu|Nuzzle|p2a: Whimsicott
|-resisted|p2a: Whimsicott
|-damage|p2a: Whimsicott|98/100
|-status|p2a: Whimsicott|par
|
|-heal|p2b: Rillaboom|30/100|[from] Grassy Terrain
|-heal|p2a: Whimsicott|100/100 par|[from] Grassy Terrain
|upkeep
|turn|2
|
|t:|1757722746
|switch|p1a: Gyarados|Gyarados, L50, F|100/100
|-ability|p1a: Gyarados|Intimidate|boost
|-unboost|p2a: Whimsicott|atk|1
|-unboost|p2b: Rillaboom|atk|1
|move|p2a: Whimsicott|Tickle|p1b: Pachirisu
|-unboost|p1b: Pachirisu|atk|1
|-unboost|p1b: Pachirisu|def|1
|move|p2b: Rillaboom|Wood Hammer|p1b: Pachirisu
|-damage|p1b: Pachirisu|38/100
|-enditem|p1b: Pachirisu|Sitrus Berry|[eat]
|-heal|p1b: Pachirisu|62/100|[from] item: Sitrus Berry
|-damage|p2b: Rillaboom|11/100|[from] Recoil
|move|p1b: Pachirisu|Nuzzle|p2b: Rillaboom
|-resisted|p2b: Rillaboom
|-damage|p2b: Rillaboom|10/100
|-status|p2b: Rillaboom|par
|
|-heal|p1b: Pachirisu|68/100|[from] Grassy Terrain
|-heal|p2b: Rillaboom|17/100 par|[from] Grassy Terrain
|upkeep
|turn|3
|
|t:|1757722762
|move|p1b: Pachirisu|Protect|p1b: Pachirisu
|-singleturn|p1b: Pachirisu|Protect
|move|p2a: Whimsicott|Tickle|p1a: Gyarados
|-unboost|p1a: Gyarados|atk|1
|-unboost|p1a: Gyarados|def|1
|move|p1a: Gyarados|Earthquake|p2b: Rillaboom|[spread] p2a,p2b
|-activate|p1b: Pachirisu|move: Protect
|-resisted|p2a: Whimsicott
|-resisted|p2b: Rillaboom
|-damage|p2a: Whimsicott|94/100 par
|-damage|p2b: Rillaboom|13/100 par
|move|p2b: Rillaboom|Wood Hammer|p1a: Gyarados
|-crit|p1a: Gyarados
|-damage|p1a: Gyarados|0 fnt
|faint|p1a: Gyarados
|-damage|p2b: Rillaboom|0 fnt|[from] Recoil
|faint|p2b: Rillaboom
|
|-heal|p2a: Whimsicott|99/100 par|[from] Grassy Terrain
|-heal|p1b: Pachirisu|74/100|[from] Grassy Terrain
|upkeep
|
|t:|1757722772
|switch|p1a: Talonflame|Talonflame, L50, F|79/100
|switch|p2b: Lurantis|Lurantis, L50, M, shiny|100/100
|turn|4
|inactive|P!nkbearz07 has 30 seconds left.
|
|t:|1757722800
|-terastallize|p2b: Lurantis|Fire
|cant|p2a: Whimsicott|par
|move|p1a: Talonflame|Brave Bird|p2b: Lurantis
|-damage|p2b: Lurantis|35/100
|-damage|p1a: Talonflame|56/100|[from] Recoil
|-damage|p1a: Talonflame|46/100|[from] item: Life Orb
|move|p2b: Lurantis|Superpower|p1b: Pachirisu
|-damage|p1b: Pachirisu|15/100
|-boost|p2b: Lurantis|atk|1
|-boost|p2b: Lurantis|def|1
|move|p1b: Pachirisu|Super Fang|p2a: Whimsicott
|-damage|p2a: Whimsicott|50/100 par
|
|-heal|p2a: Whimsicott|57/100 par|[from] Grassy Terrain
|-heal|p2b: Lurantis|41/100|[from] Grassy Terrain
|-heal|p1b: Pachirisu|21/100|[from] Grassy Terrain
|-sideend|p2: P!nkbearz07|move: Tailwind
|upkeep
|turn|5
|
|t:|1757722819
|switch|p1a: Gardevoir|Gardevoir, L50, F|100/100
|move|p2b: Lurantis|Protect|p2b: Lurantis
|-singleturn|p2b: Lurantis|Protect
|cant|p2a: Whimsicott|par
|move|p1b: Pachirisu|Nuzzle|p2b: Lurantis
|-activate|p2b: Lurantis|move: Protect
|
|-heal|p1b: Pachirisu|27/100|[from] Grassy Terrain
|-heal|p2a: Whimsicott|63/100 par|[from] Grassy Terrain
|-heal|p2b: Lurantis|47/100|[from] Grassy Terrain
|-fieldend|move: Grassy Terrain
|upkeep
|turn|6
|
|t:|1757722841
|move|p2a: Whimsicott|Tailwind|p2a: Whimsicott
|-sidestart|p2: P!nkbearz07|move: Tailwind
|move|p1a: Gardevoir|Psychic|p2b: Lurantis
|-damage|p2b: Lurantis|0 fnt
|faint|p2b: Lurantis
|move|p1b: Pachirisu|Nuzzle|p2a: Whimsicott
|-resisted|p2a: Whimsicott
|-damage|p2a: Whimsicott|61/100 par
|
|upkeep
|
|t:|1757722845
|switch|p2b: Sunflora|Sunflora, L50, M, shiny|100/100
|turn|7
|
|t:|1757722856
|move|p2a: Whimsicott|Fake Tears|p1a: Gardevoir
|-unboost|p1a: Gardevoir|spd|2
|move|p1a: Gardevoir|Psychic|p2a: Whimsicott
|-damage|p2a: Whimsicott|0 fnt
|faint|p2a: Whimsicott
|move|p1b: Pachirisu|Nuzzle|p2b: Sunflora
|-resisted|p2b: Sunflora
|-damage|p2b: Sunflora|98/100
|-status|p2b: Sunflora|par
|cant|p2b: Sunflora|par
|
|upkeep
|turn|8
|
|t:|1757722865
|move|p1a: Gardevoir|Psychic|p2b: Sunflora
|-damage|p2b: Sunflora|43/100 par
|move|p1b: Pachirisu|Super Fang|p2b: Sunflora
|-damage|p2b: Sunflora|22/100 par
|move|p2b: Sunflora|Dazzling Gleam|p1a: Gardevoir|[spread] p1a,p1b
|-damage|p1a: Gardevoir|48/100
|-damage|p1b: Pachirisu|2/100
|-damage|p2b: Sunflora|12/100 par|[from] item: Life Orb
|
|upkeep
|turn|9
|
|t:|1757722870
|move|p1a: Gardevoir|Psychic|p2b: Sunflora
|-damage|p2b: Sunflora|0 fnt
|faint|p2b: Sunflora
|
|win|tuckered out1
