|j|☆profjeffzen
|j|☆finalbossbackwiper
|html|profjeffzenfinalbossbackwiper    
|uhtml|bestof|Game 1 of a best-of-3
|t:|1783277770
|gametype|doubles
|player|p1|profjeffzen|lance|1007
|player|p2|finalbossbackwiper|266|1045
|gen|9
|tier|[Gen 9 Champions] VGC 2026 Reg M-B (Bo3)
|rated|
|rule|Species Clause: Limit one of each Pokémon
|rule|Item Clause: Limit 1 of each item
|clearpoke
|poke|p1|Drampa, L50, M, shiny|
|poke|p1|Armarouge, L50, F, shiny|
|poke|p1|Sinistcha, L50, shiny|
|poke|p1|Garganacl, L50, M, shiny|
|poke|p1|Kingambit, L50, M, shiny|
|poke|p1|Primarina, L50, M, shiny|
|poke|p2|Charizard, L50, M|
|poke|p2|Torkoal, L50, F|
|poke|p2|Sinistcha, L50|
|poke|p2|Glimmora, L50, M|
|poke|p2|Grimmsnarl, L50, M|
|poke|p2|Annihilape, L50, F|
|teampreview|4
|showteam|p1|Drampa||Drampanite|CloudNine|HeatWave,DracoMeteor,EarthPower,Protect|Modest||M|||50|]Armarouge||MentalHerb|FlashFire|ExpandingForce,TrickRoom,HeatWave,DarkPulse|Calm||F|||50|]Sinistcha||SitrusBerry|Hospitality|TrickRoom,MatchaGotcha,RagePowder,LifeDew|Bold|||||50|]Garganacl||Leftovers|PurifyingSalt|SaltCure,BrickBreak,Protect,ZenHeadbutt|Adamant||M|||50|]Kingambit||ChopleBerry|SupremeOverlord|Protect,KowtowCleave,ZenHeadbutt,IronHead|Careful||M|||50|]Primarina||LifeOrb|LiquidVoice|HyperVoice,IceBeam,Psychic,DazzlingGleam|Bold||M|||50|
|showteam|p2|Charizard||CharizarditeX|Blaze|FlameCharge,BreakingSwipe,Roost,Protect|Adamant||M|||50|]Torkoal||Charcoal|Drought|Eruption,WeatherBall,HelpingHand,Protect|Quiet||F|||50|]Sinistcha||OccaBerry|Hospitality|EnergyBall,RagePowder,TrickRoom,Protect|Calm|||||50|]Glimmora||FocusSash|ToxicDebris|SludgeBomb,EarthPower,MortalSpin,SpikyShield|Modest||M|||50|]Grimmsnarl||RoseliBerry|Prankster|SpiritBreak,Assurance,FakeOut,PartingShot|Adamant||M|||50|]Annihilape||ChoiceScarf|Defiant|CloseCombat,PhantomForce,PoisonJab,Coaching|Adamant||F|||50|
|inactive|Battle timer is ON: inactive players will automatically lose when time's up. (requested by finalbossbackwiper)
|inactive|finalbossbackwiper has 60 seconds left.
|
|t:|1783277838
|teamsize|p1|4
|teamsize|p2|4
|start
|switch|p1a: Armarouge|Armarouge, L50, F, shiny|100/100
|switch|p1b: Sinistcha|Sinistcha, L50, shiny|100/100
|switch|p2a: Charizard|Charizard, L50, M|100/100
|switch|p2b: Grimmsnarl|Grimmsnarl, L50, M|100/100
|turn|1
|
|t:|1783277855
|detailschange|p2a: Charizard|Charizard-Mega-X, L50, M
|-mega|p2a: Charizard|Charizard|Charizardite X
|move|p1b: Sinistcha|Rage Powder|p1b: Sinistcha
|-singleturn|p1b: Sinistcha|move: Rage Powder
|move|p2a: Charizard|Breaking Swipe|p1b: Sinistcha|[spread] p1a,p1b
|-damage|p1a: Armarouge|73/100
|-damage|p1b: Sinistcha|73/100
|-unboost|p1a: Armarouge|atk|1
|-unboost|p1b: Sinistcha|atk|1
|move|p2b: Grimmsnarl|Assurance|p1b: Sinistcha
|-supereffective|p1b: Sinistcha|1
|-damage|p1b: Sinistcha|0 fnt
|faint|p1b: Sinistcha
|move|p1a: Armarouge|Trick Room|p1a: Armarouge
|-fieldstart|move: Trick Room|[of] p1a: Armarouge
|
|upkeep
|
|t:|1783277871
|switch|p1b: Primarina|Primarina, L50, M, shiny|100/100
|turn|2
|
|t:|1783277890
|move|p2b: Grimmsnarl|Parting Shot|p1b: Primarina
|-unboost|p1b: Primarina|atk|1
|-unboost|p1b: Primarina|spa|1
|
|t:|1783277892
|switch|p2b: Torkoal|Torkoal, L50, F|100/100|[from] Parting Shot
|-weather|SunnyDay|[from] ability: Drought|[of] p2b: Torkoal
|move|p1b: Primarina|Dazzling Gleam|p2a: Charizard|[spread] p2a,p2b
|-resisted|p2b: Torkoal|1
|-damage|p2a: Charizard|71/100
|-damage|p2b: Torkoal|83/100
|-damage|p1b: Primarina|90/100|[from] item: Life Orb
|move|p1a: Armarouge|Dark Pulse|p2a: Charizard
|-damage|p2a: Charizard|39/100
|move|p2a: Charizard|Breaking Swipe|p1a: Armarouge|[spread] p1a
|-immune|p1b: Primarina
|-damage|p1a: Armarouge|43/100
|-unboost|p1a: Armarouge|atk|1
|
|-weather|SunnyDay|[upkeep]
|upkeep
|turn|3
|inactive|profjeffzen has 30 seconds left.
|
|t:|1783277926
|switch|p2a: Grimmsnarl|Grimmsnarl, L50, M|100/100
|move|p2b: Torkoal|Weather Ball|p1b: Primarina
|-resisted|p1b: Primarina|1
|-damage|p1b: Primarina|59/100
|move|p1b: Primarina|Hyper Voice|p2b: Torkoal|[spread] p2a,p2b
|-supereffective|p2b: Torkoal|1
|-damage|p2a: Grimmsnarl|86/100
|-damage|p2b: Torkoal|50/100g
|-damage|p1b: Primarina|49/100|[from] item: Life Orb
|move|p1a: Armarouge|Expanding Force|p2b: Torkoal
|-damage|p2b: Torkoal|6/100
|
|-weather|SunnyDay|[upkeep]
|upkeep
|turn|4
|inactive|profjeffzen has 30 seconds left.
|
|t:|1783277960
|move|p2b: Torkoal|Weather Ball|p1b: Primarina
|-resisted|p1b: Primarina|1
|-damage|p1b: Primarina|18/100
|move|p2a: Grimmsnarl|Assurance|p1a: Armarouge
|-supereffective|p1a: Armarouge|1
|-damage|p1a: Armarouge|0 fnt
|faint|p1a: Armarouge
|move|p1b: Primarina|Hyper Voice|p2a: Grimmsnarl|[spread] p2a,p2b
|-supereffective|p2b: Torkoal|1
|-damage|p2a: Grimmsnarl|73/100
|-damage|p2b: Torkoal|0 fnt
|faint|p2b: Torkoal
|-damage|p1b: Primarina|8/100|[from] item: Life Orb
|
|-weather|SunnyDay|[upkeep]
|upkeep
|
|t:|1783277975
|switch|p2b: Charizard|Charizard-Mega-X, L50, M|39/100
|switch|p1a: Drampa|Drampa, L50, M, shiny|100/100
|-ability|p1a: Drampa|Cloud Nine
|turn|5
|
|t:|1783277989
|detailschange|p1a: Drampa|Drampa-Mega, L50, M, shiny
|-mega|p1a: Drampa|Drampa|Drampanite
|move|p2b: Charizard|Protect|p2b: Charizard
|-singleturn|p2b: Charizard|Protect
|move|p1a: Drampa|Draco Meteor|p2b: Charizard
|-activate|p2b: Charizard|move: Protect
|move|p1b: Primarina|Dazzling Gleam|p2a: Grimmsnarl|[spread] p2a
|-activate|p2b: Charizard|move: Protect
|-supereffective|p2a: Grimmsnarl|1
|-enditem|p2a: Grimmsnarl|Roseli Berry|[eat]
|-enditem|p2a: Grimmsnarl|Roseli Berry|[weaken]
|-damage|p2a: Grimmsnarl|46/100
|-damage|p1b: Primarina|0 fnt|[from] item: Life Orb
|faint|p1b: Primarina
|move|p2a: Grimmsnarl|Spirit Break|p1a: Drampa
|-supereffective|p1a: Drampa|1
|-damage|p1a: Drampa|39/100
|-unboost|p1a: Drampa|spa|1
|-ability|p1a: Drampa|Berserk|boost
|-boost|p1a: Drampa|spa|1
|
|-weather|SunnyDay|[upkeep]
|-fieldend|move: Trick Room
|upkeep
|turn|6
|inactive|profjeffzen has 30 seconds left.
|
|t:|1783278015
|move|p1a: Drampa|Protect|p1a: Drampa
|-singleturn|p1a: Drampa|Protect
|move|p2b: Charizard|Breaking Swipe|p1a: Drampa
|-activate|p1a: Drampa|move: Protect
|move|p2a: Grimmsnarl|Spirit Break|p1a: Drampa
|-activate|p1a: Drampa|move: Protect
|
|-weather|none
|upkeep
|turn|7
|
|t:|1783278034
|move|p2b: Charizard|Breaking Swipe|p1a: Drampa
|-supereffective|p1a: Drampa|1
|-damage|p1a: Drampa|0 fnt
|faint|p1a: Drampa
|
|win|finalbossbackwiper
