|j|☆Eneix1234
|j|☆guyq
|html|Eneix1234guyq    
|uhtml|bestof|Game 1 of a best-of-3
|t:|1782251230
|gametype|doubles
|player|p1|Eneix1234|266|1070
|player|p2|guyq|briar|1172
|gen|9
|tier|[Gen 9 Champions] VGC 2026 Reg M-B (Bo3)
|rated|
|rule|Species Clause: Limit one of each Pokémon
|rule|Item Clause: Limit 1 of each item
|clearpoke
|poke|p1|Froslass, L50, F|
|poke|p1|Sneasler, L50, M|
|poke|p1|Arcanine, L50, M|
|poke|p1|Rotom-Wash, L50|
|poke|p1|Meowscarada, L50, F|
|poke|p1|Ditto, L50|
|poke|p2|Metagross, L50|
|poke|p2|Staraptor, L50, M|
|poke|p2|Garchomp, L50, M|
|poke|p2|Whimsicott, L50, M|
|poke|p2|Rotom-Wash, L50|
|poke|p2|Incineroar, L50, F|
|teampreview|4
|showteam|p1|Froslass||Froslassite|CursedBody|Blizzard,ShadowBall,AuroraVeil,Protect|Timid||F|||50|]Sneasler||WhiteHerb|Unburden|CloseCombat,DireClaw,FakeOut,Protect|Jolly||M|||50|]Arcanine||LifeOrb|Intimidate|HeatWave,ScorchingSands,Protect,WillOWisp|Timid||M|||50|]Rotom-Wash||ChoiceScarf|Levitate|VoltSwitch,Thunderbolt,HydroPump,Trick|Modest|||||50|]Meowscarada||FocusSash|Protean|FlowerTrick,Protect,PlayRough,ThroatChop|Jolly||F|||50|]Ditto||Leftovers|Imposter|Transform|Serious|||||50|
|showteam|p2|Metagross||Metagrossite|ClearBody|PsychicFangs,BulletPunch,StompingTantrum,Protect|Jolly|||||50|]Staraptor||Staraptite|Intimidate|BraveBird,CloseCombat,QuickAttack,Protect|Jolly||M|||50|]Garchomp||LifeOrb|RoughSkin|DragonClaw,Earthquake,RockSlide,Protect|Jolly||M|||50|]Whimsicott||FocusSash|Prankster|Moonblast,Tailwind,Charm,Protect|Timid||M|||50|]Rotom-Wash||Leftovers|Levitate|Thunderbolt,HydroPump,WillOWisp,Protect|Modest|||||50|]Incineroar||SitrusBerry|Intimidate|FlareBlitz,ThroatChop,PartingShot,FakeOut|Adamant||F|||50|
|
|t:|1782251282
|teamsize|p1|4
|teamsize|p2|4
|start
|switch|p1a: Froslass|Froslass, L50, F|100/100
|switch|p1b: Arcanine|Arcanine, L50, M|100/100
|switch|p2a: Staraptor|Staraptor, L50, M|100/100
|switch|p2b: Whimsicott|Whimsicott, L50, M|100/100
|-ability|p2a: Staraptor|Intimidate|boost
|-unboost|p1a: Froslass|atk|1
|-unboost|p1b: Arcanine|atk|1
|-ability|p1b: Arcanine|Intimidate|boost
|-unboost|p2a: Staraptor|atk|1
|-unboost|p2b: Whimsicott|atk|1
|turn|1
|
|t:|1782251310
|switch|p2b: Rotom|Rotom-Wash, L50|100/100
|switch|p2a: Incineroar|Incineroar, L50, F|100/100
|-ability|p2a: Incineroar|Intimidate|boost
|-unboost|p1a: Froslass|atk|1
|-unboost|p1b: Arcanine|atk|1
|detailschange|p1a: Froslass|Froslass-Mega, L50, F
|-mega|p1a: Froslass|Froslass|Froslassite
|-weather|Snowscape|[from] ability: Snow Warning|[of] p1a: Froslass
|move|p1a: Froslass|Aurora Veil|p1a: Froslass
|-sidestart|p1: Eneix1234|move: Aurora Veil
|move|p1b: Arcanine|Will-O-Wisp|p2a: Incineroar|[miss]
|-miss|p1b: Arcanine|p2a: Incineroar
|
|-weather|Snowscape|[upkeep]
|upkeep
|turn|2
|
|t:|1782251332
|switch|p1a: Rotom|Rotom-Wash, L50|100/100
|switch|p1b: Meowscarada|Meowscarada, L50, F|100/100
|move|p2b: Rotom|Hydro Pump|p1b: Meowscarada
|-resisted|p1b: Meowscarada|1
|-damage|p1b: Meowscarada|75/100
|move|p2a: Incineroar|Throat Chop|p1a: Rotom
|-damage|p1a: Rotom|71/100
|-start|p1a: Rotom|Throat Chop|[silent]
|
|-weather|Snowscape|[upkeep]
|upkeep
|turn|3
|
|t:|1782251359
|switch|p2b: Whimsicott|Whimsicott, L50, M|100/100
|move|p1a: Rotom|Hydro Pump|p2a: Incineroar
|-supereffective|p2a: Incineroar|1
|-damage|p2a: Incineroar|9/100
|-enditem|p2a: Incineroar|Sitrus Berry|[eat]
|-heal|p2a: Incineroar|34/100|[from] item: Sitrus Berry
|move|p1b: Meowscarada|Flower Trick|p2b: Whimsicott
|-start|p1b: Meowscarada|typechange|Grass|[from] ability: Protean
|-resisted|p2b: Whimsicott|1
|-crit|p2b: Whimsicott
|-damage|p2b: Whimsicott|65/100
|move|p2a: Incineroar|Parting Shot|p1b: Meowscarada
|-unboost|p1b: Meowscarada|atk|1
|-unboost|p1b: Meowscarada|spa|1
|
|t:|1782251373
|switch|p2a: Staraptor|Staraptor, L50, M|100/100|[from] Parting Shot
|-ability|p2a: Staraptor|Intimidate|boost
|-unboost|p1a: Rotom|atk|1
|-unboost|p1b: Meowscarada|atk|1
|
|-weather|Snowscape|[upkeep]
|-end|p1a: Rotom|Throat Chop|[silent]
|upkeep
|turn|4
|
|t:|1782251420
|switch|p1b: Arcanine|Arcanine, L50, M|100/100
|-ability|p1b: Arcanine|Intimidate|boost
|-unboost|p2a: Staraptor|atk|1
|-unboost|p2b: Whimsicott|atk|1
|detailschange|p2a: Staraptor|Staraptor-Mega, L50, M
|-mega|p2a: Staraptor|Staraptor|Staraptite
|move|p2b: Whimsicott|Tailwind|p2b: Whimsicott
|-sidestart|p2: guyq|move: Tailwind
|move|p2a: Staraptor|Close Combat|p1a: Rotom
|-damage|p1a: Rotom|32/100
|-boost|p2a: Staraptor|def|1
|-boost|p2a: Staraptor|spd|1
|move|p1a: Rotom|Hydro Pump|p2a: Staraptor
|-damage|p2a: Staraptor|58/100
|
|-weather|Snowscape|[upkeep]
|upkeep
|turn|5
|
|t:|1782251439
|switch|p1a: Froslass|Froslass-Mega, L50, F|100/100
|move|p2b: Whimsicott|Charm|p2a: Staraptor
|-boost|p2a: Staraptor|atk|2
|move|p2a: Staraptor|Close Combat|p1b: Arcanine
|-damage|p1b: Arcanine|16/100
|-boost|p2a: Staraptor|def|1
|-boost|p2a: Staraptor|spd|1
|move|p1b: Arcanine|Will-O-Wisp|p2a: Staraptor|[miss]
|-miss|p1b: Arcanine|p2a: Staraptor
|
|-weather|none
|-sideend|p1: Eneix1234|move: Aurora Veil
|upkeep
|turn|6
|
|t:|1782251466
|switch|p1b: Meowscarada|Meowscarada, L50, F|75/100
|move|p1a: Froslass|Protect|p1a: Froslass
|-singleturn|p1a: Froslass|Protect
|move|p2b: Whimsicott|Moonblast|p1b: Meowscarada
|-supereffective|p1b: Meowscarada|1
|-damage|p1b: Meowscarada|0 fnt
|faint|p1b: Meowscarada
|move|p2a: Staraptor|Brave Bird|p1a: Froslass
|-activate|p1a: Froslass|move: Protect
|
|upkeep
|
|t:|1782251478
|switch|p1b: Rotom|Rotom-Wash, L50|32/100
|turn|7
|
|t:|1782251490
|move|p2b: Whimsicott|Moonblast|p1a: Froslass
|-damage|p1a: Froslass|60/100
|move|p2a: Staraptor|Close Combat|p1b: Rotom
|-damage|p1b: Rotom|0 fnt
|-boost|p2a: Staraptor|def|1
|-boost|p2a: Staraptor|spd|1
|faint|p1b: Rotom
|move|p1a: Froslass|Blizzard|p2b: Whimsicott|[spread] 
|-miss|p1a: Froslass|p2a: Staraptor
|-miss|p1a: Froslass|p2b: Whimsicott
|
|-sideend|p2: guyq|move: Tailwind
|upkeep
|-message|Eneix1234 forfeited.
|
|win|guyq
||Eneix1234 is ready for game 2.
||guyq is ready for game 2.
|uhtml|next|Next: Game 2 of 3
|l|☆Eneix1234
|player|p1|
