|j|☆Ryan0771
|j|☆GliscorSandwich
|html|Ryan0771GliscorSandwich    
|uhtml|bestof|Game 2 of a best-of-3
|t:|1782187030
|gametype|doubles
|player|p1|Ryan0771|101|1067
|player|p2|GliscorSandwich|yancy|1073
|gen|9
|tier|[Gen 9 Champions] VGC 2026 Reg M-B (Bo3)
|rated|
|rule|Species Clause: Limit one of each Pokémon
|rule|Item Clause: Limit 1 of each item
|clearpoke
|poke|p1|Metagross, L50|
|poke|p1|Garchomp, L50, M|
|poke|p1|Incineroar, L50, F|
|poke|p1|Grimmsnarl, L50, M|
|poke|p1|Whimsicott, L50, M|
|poke|p1|Rotom-Wash, L50|
|poke|p2|Swampert, L50, F|
|poke|p2|Pelipper, L50, F|
|poke|p2|Archaludon, L50, F|
|poke|p2|Sinistcha-Masterpiece, L50|
|poke|p2|Raichu, L50, F|
|poke|p2|Sneasler, L50, F|
|teampreview|4
|showteam|p1|Metagross||Metagrossite|ClearBody|IronHead,Protect,PsychicFangs,RockTomb|Jolly|||||50|]Garchomp||LifeOrb|SandVeil|DragonClaw,Earthquake,RockSlide,Protect|Jolly||M|||50|]Incineroar||ShucaBerry|Intimidate|FlareBlitz,PartingShot,ThroatChop,FakeOut|Impish||F|||50|]Grimmsnarl||LightClay|Prankster|LightScreen,Reflect,PartingShot,SpiritBreak|Careful||M|||50|]Whimsicott||FocusSash|Prankster|Moonblast,Tailwind,Protect,Encore|Timid||M|||50|]Rotom-Wash||SitrusBerry|Levitate|HydroPump,WillOWisp,Thunderbolt,Protect|Bold|||||50|
|showteam|p2|Swampert||Swampertite|Damp|Earthquake,WaveCrash,Protect,RockSlide|Adamant||F|||50|]Pelipper||FocusSash|Drizzle|Tailwind,Hurricane,WeatherBall,WideGuard|Bold||F|||50|]Archaludon||ChopleBerry|Stamina|ElectroShot,FlashCannon,ThunderWave,DracoMeteor|Modest||F|||50|]Sinistcha-Masterpiece||SitrusBerry|Hospitality|MatchaGotcha,RagePowder,ShadowBall,Protect|Bold|||||50|]Raichu||RaichuniteX|LightningRod|RisingVoltage,FakeOut,VoltTackle,PlayRough|Hasty||F|||50|]Sneasler||WhiteHerb|Unburden|CloseCombat,DireClaw,FakeOut,Coaching|Jolly||F|||50|
|inactive|Battle timer is ON: inactive players will automatically lose when time's up. (requested by GliscorSandwich)
|
|t:|1782187046
|teamsize|p1|4
|teamsize|p2|4
|start
|switch|p1a: Whimsicott|Whimsicott, L50, M|100/100
|switch|p1b: Metagross|Metagross, L50|100/100
|switch|p2a: Swampert|Swampert, L50, F|100/100
|switch|p2b: Pelipper|Pelipper, L50, F|100/100
|-weather|RainDance|[from] ability: Drizzle|[of] p2b: Pelipper
|turn|1
|inactive|Ryan0771 has 30 seconds left.
|
|t:|1782187075
|detailschange|p1b: Metagross|Metagross-Mega, L50
|-mega|p1b: Metagross|Metagross|Metagrossite
|detailschange|p2a: Swampert|Swampert-Mega, L50, F
|-mega|p2a: Swampert|Swampert|Swampertite
|move|p1a: Whimsicott|Tailwind|p1a: Whimsicott
|-sidestart|p1: Ryan0771|move: Tailwind
|move|p1b: Metagross|Psychic Fangs|p2a: Swampert
|-damage|p2a: Swampert|43/100
|move|p2a: Swampert|Earthquake|p1a: Whimsicott|[spread] p1a,p1b
|-immune|p2b: Pelipper
|-resisted|p1a: Whimsicott|1
|-crit|p1a: Whimsicott
|-supereffective|p1b: Metagross|1
|-damage|p1a: Whimsicott|48/100
|-damage|p1b: Metagross|28/100
|move|p2b: Pelipper|Hurricane|p1a: Whimsicott
|-supereffective|p1a: Whimsicott|1
|-damage|p1a: Whimsicott|0 fnt
|faint|p1a: Whimsicott
|
|-weather|RainDance|[upkeep]
|upkeep
|inactive|Ryan0771 has 30 seconds left.
|
|t:|1782187101
|switch|p1a: Rotom|Rotom-Wash, L50|100/100
|turn|2
|
|t:|1782187122
|move|p2a: Swampert|Protect|p2a: Swampert
|-singleturn|p2a: Swampert|Protect
|move|p1b: Metagross|Psychic Fangs|p2a: Swampert
|-activate|p2a: Swampert|move: Protect
|move|p1a: Rotom|Thunderbolt|p2b: Pelipper
|-supereffective|p2b: Pelipper|2
|-enditem|p2b: Pelipper|Focus Sash
|-damage|p2b: Pelipper|1/100
|move|p2b: Pelipper|Tailwind|p2b: Pelipper
|-sidestart|p2: GliscorSandwich|move: Tailwind
|
|-weather|RainDance|[upkeep]
|upkeep
|turn|3
|
|t:|1782187137
|switch|p2b: Sinistcha|Sinistcha-Masterpiece, L50|100/100
|-heal|p2a: Swampert|68/100|[from] ability: Hospitality|[of] p2b: Sinistcha
|move|p2a: Swampert|Earthquake|p1a: Rotom|[spread] p2b,p1b
|-immune|p1a: Rotom|[from] ability: Levitate
|-resisted|p2b: Sinistcha|1
|-supereffective|p1b: Metagross|1
|-damage|p2b: Sinistcha|84/100
|-damage|p1b: Metagross|0 fnt
|faint|p1b: Metagross
|move|p1a: Rotom|Thunderbolt|p2b: Sinistcha
|-resisted|p2b: Sinistcha|1
|-damage|p2b: Sinistcha|60/100
|
|-weather|RainDance|[upkeep]
|upkeep
|
|t:|1782187145
|switch|p1b: Garchomp|Garchomp, L50, M|100/100
|turn|4
|
|t:|1782187166
|move|p2a: Swampert|Wave Crash|p1b: Garchomp
|-damage|p1b: Garchomp|0 fnt
|faint|p1b: Garchomp
|-damage|p2a: Swampert|33/100|[from] Recoil
|move|p1a: Rotom|Hydro Pump|p2a: Swampert
|-damage|p2a: Swampert|0 fnt
|faint|p2a: Swampert
|move|p2b: Sinistcha|Matcha Gotcha|p1a: Rotom
|-supereffective|p1a: Rotom|1
|-damage|p1a: Rotom|27/100
|-heal|p2b: Sinistcha|92/100|[from] drain|[of] p1a: Rotom
|-enditem|p1a: Rotom|Sitrus Berry|[eat]
|-heal|p1a: Rotom|52/100|[from] item: Sitrus Berry
|
|-weather|RainDance|[upkeep]
|-sideend|p1: Ryan0771|move: Tailwind
|upkeep
|
|t:|1782187174
|switch|p2a: Archaludon|Archaludon, L50, F|100/100
|turn|5
|
|t:|1782187180
|move|p2a: Archaludon|Electro Shot||[still]
|-prepare|p2a: Archaludon|Electro Shot
|-boost|p2a: Archaludon|spa|1
|-anim|p2a: Archaludon|Electro Shot|p1a: Rotom
|-damage|p1a: Rotom|0 fnt
|faint|p1a: Rotom
|
|win|GliscorSandwich
|raw|Ryan0771's rating: 1067 → 1047(-20 for losing)
|raw|GliscorSandwich's rating: 1073 → 1102(+29 for winning)
|l|☆GliscorSandwich
|player|p2|
