|j|☆lolgz
|j|☆bandicoot25
|html|lolgzbandicoot25    
|uhtml|bestof|Game 3 of a best-of-3
|t:|1782459016
|gametype|doubles
|player|p1|lolgz|dawn|1291
|player|p2|bandicoot25|blaine|1179
|gen|9
|tier|[Gen 9 Champions] VGC 2026 Reg M-B (Bo3)
|rated|
|rule|Species Clause: Limit one of each Pokémon
|rule|Item Clause: Limit 1 of each item
|clearpoke
|poke|p1|Torkoal, L50, M|
|poke|p1|Vileplume, L50, M|
|poke|p1|Farigiraf, L50, M|
|poke|p1|Scrafty, L50, F|
|poke|p1|Sneasler, L50, F|
|poke|p1|Mawile, L50, M|
|poke|p2|Delphox, L50, M|
|poke|p2|Sinistcha, L50|
|poke|p2|Garchomp, L50, F|
|poke|p2|Kingambit, L50, F|
|poke|p2|Basculegion, L50, M|
|poke|p2|Sylveon, L50, M|
|teampreview|4
|showteam|p1|Torkoal||Charcoal|Drought|Eruption,WeatherBall,EarthPower,Protect|Quiet||M|||50|]Vileplume||FocusSash|Chlorophyll|EnergyBall,SludgeBomb,SleepPowder,AfterYou|Timid||M|||50|]Farigiraf||SitrusBerry|ArmorTail|TrickRoom,Thunderbolt,Psychic,HelpingHand|Bold||M|||50|]Scrafty||Scraftinite|Intimidate|FakeOut,CloseCombat,KnockOff,IcePunch|Brave||F|||50|]Sneasler||IronBall|PoisonTouch|DireClaw,CloseCombat,RockTomb,FakeOut|Brave||F|||50|]Mawile||Mawilite|HyperCutter|SuckerPunch,PlayRough,SwordsDance,Protect|Brave||M|||50|
|showteam|p2|Delphox||Delphoxite|Blaze|HeatWave,Psyshock,Protect,NastyPlot|Timid||M|||50|]Sinistcha||SitrusBerry|Hospitality|MatchaGotcha,RagePowder,Protect,TrickRoom|Bold|||||50|]Garchomp||LifeOrb|RoughSkin|Earthquake,RockSlide,DragonClaw,Protect|Jolly||F|||50|]Kingambit||FocusSash|Defiant|IronHead,SuckerPunch,KowtowCleave,LowKick|Adamant||F|||50|]Basculegion||ChoiceScarf|Adaptability|WaveCrash,AquaJet,FlipTurn,LastRespects|Jolly||M|||50|]Sylveon||FairyFeather|Pixilate|HyperVoice,QuickAttack,Protect,HyperBeam|Modest||M|||50|
|inactive|Battle timer is ON: inactive players will automatically lose when time's up. (requested by lolgz)
|
|t:|1782459035
|teamsize|p1|4
|teamsize|p2|4
|start
|switch|p1a: Vileplume|Vileplume, L50, M|100/100
|switch|p1b: Torkoal|Torkoal, L50, M|100/100
|switch|p2a: Delphox|Delphox, L50, M|100/100
|switch|p2b: Garchomp|Garchomp, L50, F|100/100
|-weather|SunnyDay|[from] ability: Drought|[of] p1b: Torkoal
|turn|1
|
|t:|1782459046
|detailschange|p2a: Delphox|Delphox-Mega, L50, M
|-mega|p2a: Delphox|Delphox|Delphoxite
|move|p1a: Vileplume|Sleep Powder|p2b: Garchomp|[miss]
|-miss|p1a: Vileplume|p2b: Garchomp
|move|p2a: Delphox|Heat Wave|p1a: Vileplume|[spread] p1a
|-miss|p2a: Delphox|p1b: Torkoal
|-supereffective|p1a: Vileplume|1
|-enditem|p1a: Vileplume|Focus Sash
|-damage|p1a: Vileplume|1/100
|move|p2b: Garchomp|Earthquake|p1a: Vileplume|[spread] p1a,p1b
|-immune|p2a: Delphox|[from] ability: Levitate
|-supereffective|p1b: Torkoal|1
|-damage|p1a: Vileplume|0 fnt
|-damage|p1b: Torkoal|19/100
|faint|p1a: Vileplume
|-damage|p2b: Garchomp|90/100|[from] item: Life Orb
|move|p1b: Torkoal|Weather Ball|p2a: Delphox
|-resisted|p2a: Delphox|1
|-damage|p2a: Delphox|64/100
|
|-weather|SunnyDay|[upkeep]
|upkeep
|
|t:|1782459050
|switch|p1a: Farigiraf|Farigiraf, L50, M|100/100
|turn|2
|
|t:|1782459072
|move|p2a: Delphox|Heat Wave|p1b: Torkoal|[spread] p1a
|-miss|p2a: Delphox|p1b: Torkoal
|-damage|p1a: Farigiraf|44/100
|-enditem|p1a: Farigiraf|Sitrus Berry|[eat]
|-heal|p1a: Farigiraf|68/100|[from] item: Sitrus Berry
|move|p2b: Garchomp|Earthquake|p1b: Torkoal|[spread] p1a,p1b
|-immune|p2a: Delphox|[from] ability: Levitate
|-supereffective|p1b: Torkoal|1
|-damage|p1a: Farigiraf|27/100
|-damage|p1b: Torkoal|0 fnt
|faint|p1b: Torkoal
|-damage|p2b: Garchomp|80/100|[from] item: Life Orb
|move|p1a: Farigiraf|Trick Room|p1a: Farigiraf
|-fieldstart|move: Trick Room|[of] p1a: Farigiraf
|
|-weather|SunnyDay|[upkeep]
|upkeep
|
|t:|1782459075
|switch|p1b: Scrafty|Scrafty, L50, F|100/100
|-ability|p1b: Scrafty|Intimidate|boost
|-unboost|p2a: Delphox|atk|1
|-unboost|p2b: Garchomp|atk|1
|turn|3
|
|t:|1782459097
|switch|p2a: Kingambit|Kingambit, L50, F|100/100
|detailschange|p1b: Scrafty|Scrafty-Mega, L50, F
|-mega|p1b: Scrafty|Scrafty|Scraftinite
|-ability|p1b: Scrafty|Intimidate|boost
|-unboost|p2a: Kingambit|atk|1
|-ability|p2a: Kingambit|Defiant|boost
|-boost|p2a: Kingambit|atk|2
|-unboost|p2b: Garchomp|atk|1
|move|p1b: Scrafty|Knock Off|p2a: Kingambit
|-resisted|p2a: Kingambit|1
|-damage|p2a: Kingambit|77/100
|-enditem|p2a: Kingambit|Focus Sash|[from] move: Knock Off|[of] p1b: Scrafty
|move|p1a: Farigiraf|Psychic|p2b: Garchomp
|-damage|p2b: Garchomp|45/100
|move|p2b: Garchomp|Dragon Claw|p1a: Farigiraf
|-damage|p1a: Farigiraf|4/100
|-damage|p2b: Garchomp|36/100|[from] item: Life Orb
|
|-weather|SunnyDay|[upkeep]
|upkeep
|turn|4
|
|t:|1782459117
|switch|p2a: Basculegion|Basculegion, L50, M|100/100
|move|p1b: Scrafty|Close Combat|p2a: Basculegion
|-immune|p2a: Basculegion
|move|p1a: Farigiraf|Psychic|p2b: Garchomp
|-crit|p2b: Garchomp
|-damage|p2b: Garchomp|0 fnt
|faint|p2b: Garchomp
|
|-weather|SunnyDay|[upkeep]
|upkeep
|
|t:|1782459129
|switch|p2b: Delphox|Delphox-Mega, L50, M|64/100
|turn|5
|
|t:|1782459139
|move|p1b: Scrafty|Knock Off|p2a: Basculegion
|-supereffective|p2a: Basculegion|1
|-damage|p2a: Basculegion|0 fnt
|-enditem|p2a: Basculegion|Choice Scarf|[from] move: Knock Off|[of] p1b: Scrafty
|faint|p2a: Basculegion
|move|p1a: Farigiraf|Psychic|p2b: Delphox
|-resisted|p2b: Delphox|1
|-damage|p2b: Delphox|46/100
|move|p2b: Delphox|Heat Wave|p1a: Farigiraf|[spread] p1a,p1b
|-damage|p1a: Farigiraf|0 fnt
|-damage|p1b: Scrafty|52/100
|faint|p1a: Farigiraf
|
|-weather|none
|upkeep
|
|t:|1782459146
|switch|p2a: Kingambit|Kingambit, L50, F|77/100
|turn|6
|
|t:|1782459155
|move|p2a: Kingambit|Sucker Punch|p1b: Scrafty
|-resisted|p1b: Scrafty|2
|-damage|p1b: Scrafty|44/100
|move|p1b: Scrafty|Close Combat|p2a: Kingambit
|-supereffective|p2a: Kingambit|2
|-damage|p2a: Kingambit|0 fnt
|-unboost|p1b: Scrafty|def|1
|-unboost|p1b: Scrafty|spd|1
|faint|p2a: Kingambit
|move|p2b: Delphox|Heat Wave|p1b: Scrafty
|-damage|p1b: Scrafty|0 fnt
|faint|p1b: Scrafty
|
|win|bandicoot25
|raw|lolgz's rating: 1291 → 1258(-33 for losing)
|raw|bandicoot25's rating: 1179 → 1212(+33 for winning)
