|j|☆25th_mang
|j|‽tavinn_n
|html|25th_mangtavinn_n    
|uhtml|bestof|Game 1 of a best-of-3
|t:|1783439086
|gametype|doubles
|player|p1|25th_mang|ballguy|1209
|player|p2|tavinn_n|ghetsis|1137
|gen|9
|tier|[Gen 9 Champions] VGC 2026 Reg M-B (Bo3)
|rated|
|rule|Species Clause: Limit one of each Pokémon
|rule|Item Clause: Limit 1 of each item
|clearpoke
|poke|p1|Blastoise, L50, F|
|poke|p1|Aerodactyl, L50, F|
|poke|p1|Sinistcha, L50|
|poke|p1|Kingambit, L50, F|
|poke|p1|Tsareena, L50, F|
|poke|p1|Metagross, L50, shiny|
|poke|p2|Blastoise, L50, M|
|poke|p2|Sinistcha, L50|
|poke|p2|Sneasler, L50, M|
|poke|p2|Delphox, L50, M|
|poke|p2|Kingambit, L50, F|
|poke|p2|Incineroar, L50, M|
|teampreview|4
|showteam|p1|Blastoise||Blastoisinite|RainDish|WaterSpout,AuraSphere,DarkPulse,FakeOut|Modest||F|||50|]Aerodactyl||FocusSash|Unnerve|Tailwind,RainDance,RockSlide,DualWingbeat|Jolly||F|||50|]Sinistcha||SitrusBerry|Hospitality|LifeDew,MatchaGotcha,TrickRoom,RagePowder|Quiet|||||50|]Kingambit||ChopleBerry|Defiant|KowtowCleave,SuckerPunch,LowKick,IronHead|Adamant||F|||50|]Tsareena||WideLens|QueenlyMajesty|TropKick,LowKick,TripleAxel,HelpingHand|Adamant||F|||50|]Metagross||Metagrossite|ClearBody|IronHead,PsychicFangs,IcePunch,Protect|Adamant|||||50|
|showteam|p2|Blastoise||Blastoisinite|Torrent|Protect,ShellSmash,DarkPulse,WaterSpout|Timid||M|||50|]Sinistcha||KasibBerry|Hospitality|MatchaGotcha,RagePowder,LifeDew,Protect|Bold|||||50|]Sneasler||FocusSash|PoisonTouch|QuickGuard,FakeOut,CloseCombat,PoisonJab|Jolly||M|||50|]Delphox||Delphoxite|Blaze|HeatWave,Psychic,NastyPlot,Protect|Timid||M|||50|]Kingambit||BlackGlasses|Defiant|Protect,SwordsDance,SuckerPunch,KowtowCleave|Adamant||F|||50|]Incineroar||SitrusBerry|Intimidate|PartingShot,FakeOut,ThroatChop,FlareBlitz|Careful||M|||50|
|inactive|Battle timer is ON: inactive players will automatically lose when time's up. (requested by tavinn_n)
|inactive|25th_mang also wants the timer to be on.
|inactive|25th_mang has 60 seconds left.
|inactive|tavinn_n has 60 seconds left.
|
|t:|1783439146
|teamsize|p1|4
|teamsize|p2|4
|start
|switch|p1a: MONEYBALL|Aerodactyl, L50, F|100/100
|switch|p1b: Voyager|Blastoise, L50, F|100/100
|switch|p2a: Blastoise|Blastoise, L50, M|100/100
|switch|p2b: Sneasler|Sneasler, L50, M|100/100
|-ability|p1a: MONEYBALL|Unnerve
|turn|1
|inactive|25th_mang has 30 seconds left.
|inactive|25th_mang has 20 seconds left.
|
|t:|1783439184
|switch|p1a: Her Majesty 5|Tsareena, L50, F|100/100
|detailschange|p2a: Blastoise|Blastoise-Mega, L50, M
|-mega|p2a: Blastoise|Blastoise|Blastoisinite
|detailschange|p1b: Voyager|Blastoise-Mega, L50, F
|-mega|p1b: Voyager|Blastoise|Blastoisinite
|move|p2b: Sneasler|Quick Guard|p2b: Sneasler
|-singleturn|p2b: Sneasler|Quick Guard
|move|p2a: Blastoise|Shell Smash|p2a: Blastoise
|-unboost|p2a: Blastoise|def|1
|-unboost|p2a: Blastoise|spd|1
|-boost|p2a: Blastoise|atk|2
|-boost|p2a: Blastoise|spa|2
|-boost|p2a: Blastoise|spe|2
|move|p1b: Voyager|Water Spout|p2a: Blastoise|[spread] p2a,p2b
|-resisted|p2a: Blastoise|1
|-damage|p2a: Blastoise|53/100
|-damage|p2b: Sneasler|4/100
|
|upkeep
|turn|2
|inactive|25th_mang has 30 seconds left.
|inactive|tavinn_n has 30 seconds left.
|inactive|tavinn_n has 20 seconds left.
|inactive|tavinn_n has 15 seconds left.
|inactive|tavinn_n has 10 seconds left.
|
|t:|1783439233
|move|p1a: Her Majesty 5|Helping Hand|p1b: Voyager
|-singleturn|p1b: Voyager|Helping Hand|[of] p1a: Her Majesty 5
|move|p2a: Blastoise|Protect|p2a: Blastoise
|-singleturn|p2a: Blastoise|Protect
|move|p2b: Sneasler|Poison Jab|p1b: Voyager
|-damage|p1b: Voyager|58/100
|move|p1b: Voyager|Aura Sphere|p2a: Blastoise
|-activate|p2a: Blastoise|move: Protect
|
|upkeep
|turn|3
|inactive|25th_mang has 30 seconds left.
|inactive|25th_mang has 20 seconds left.
|
|t:|1783439268
|move|p1a: Her Majesty 5|Helping Hand|p1b: Voyager
|-singleturn|p1b: Voyager|Helping Hand|[of] p1a: Her Majesty 5
|move|p2a: Blastoise|Dark Pulse|p1b: Voyager
|-damage|p1b: Voyager|0 fnt
|faint|p1b: Voyager
|move|p2b: Sneasler|Poison Jab|p1a: Her Majesty 5
|-supereffective|p1a: Her Majesty 5|1
|-damage|p1a: Her Majesty 5|12/100
|-status|p1a: Her Majesty 5|psn
|
|-damage|p1a: Her Majesty 5|0 fnt|[from] psn
|faint|p1a: Her Majesty 5
|upkeep
|
|t:|1783439275
|switch|p1b: Love&Fear|Kingambit, L50, F|100/100
|switch|p1a: MONEYBALL|Aerodactyl, L50, F|100/100
|-ability|p1a: MONEYBALL|Unnerve
|turn|4
|
|t:|1783439299
|switch|p2b: Sinistcha|Sinistcha, L50|100/100
|-heal|p2a: Blastoise|78/100|[from] ability: Hospitality|[of] p2b: Sinistcha
|move|p2a: Blastoise|Protect|p2a: Blastoise
|-singleturn|p2a: Blastoise|Protect
|move|p1b: Love&Fear|Sucker Punch||[still]
|-fail|p1b: Love&Fear
|move|p1a: MONEYBALL|Rock Slide|p2b: Sinistcha|[spread] p2b
|-activate|p2a: Blastoise|move: Protect
|-damage|p2b: Sinistcha|80/100
|
|upkeep
|turn|5
|
|t:|1783439313
|move|p2b: Sinistcha|Rage Powder|p2b: Sinistcha
|-singleturn|p2b: Sinistcha|move: Rage Powder
|move|p2a: Blastoise|Water Spout|p1a: MONEYBALL|[spread] p1a,p1b
|-supereffective|p1a: MONEYBALL|1
|-enditem|p1a: MONEYBALL|Focus Sash
|-damage|p1a: MONEYBALL|1/100
|-damage|p1b: Love&Fear|5/100
|move|p1a: MONEYBALL|Rock Slide|p2a: Blastoise|[spread] p2a
|-miss|p1a: MONEYBALL|p2b: Sinistcha
|-damage|p2a: Blastoise|41/100
|move|p1b: Love&Fear|Kowtow Cleave|p2b: Sinistcha
|-supereffective|p2b: Sinistcha|1
|-damage|p2b: Sinistcha|3/100
|
|upkeep
|turn|6
|
|t:|1783439332
|move|p2b: Sinistcha|Rage Powder|p2b: Sinistcha
|-singleturn|p2b: Sinistcha|move: Rage Powder
|move|p1b: Love&Fear|Sucker Punch||[still]
|-fail|p1b: Love&Fear
|move|p2a: Blastoise|Water Spout|p1a: MONEYBALL|[spread] p1a,p1b
|-supereffective|p1a: MONEYBALL|1
|-damage|p1a: MONEYBALL|0 fnt
|-damage|p1b: Love&Fear|0 fnt
|faint|p1a: MONEYBALL
|faint|p1b: Love&Fear
|
|win|tavinn_n
||25th_mang is ready for game 2.
||tavinn_n is ready for game 2.
|uhtml|next|Next: Game 2 of 3
|l|‽tavinn_n
|player|p2|
