|j|☆lolgz
|j|☆wownowthatsneat
|html|lolgzwownowthatsneat    
|uhtml|bestof|Game 1 of a best-of-3
|t:|1783939563
|gametype|doubles
|player|p1|lolgz|dawn|1086
|player|p2|wownowthatsneat|ghetsis|1071
|gen|9
|tier|[Gen 9 Champions] VGC 2026 Reg M-B (Bo3)
|rated|
|rule|Species Clause: Limit one of each Pokémon
|rule|Item Clause: Limit 1 of each item
|clearpoke
|poke|p1|Kingambit, L50, F|
|poke|p1|Vivillon, L50, M|
|poke|p1|Incineroar, L50, F|
|poke|p1|Sinistcha, L50|
|poke|p1|Delphox, L50, F|
|poke|p1|Feraligatr, L50, M|
|poke|p2|Dragalge, L50, F|
|poke|p2|Farigiraf, L50, M|
|poke|p2|Conkeldurr, L50, F|
|poke|p2|Sinistcha-Masterpiece, L50|
|poke|p2|Incineroar, L50, M|
|poke|p2|Gholdengo, L50|
|teampreview|4
|showteam|p1|Kingambit||BlackGlasses|Defiant|SuckerPunch,KowtowCleave,Protect,SwordsDance|Adamant||F|||50|]Vivillon||ChoiceScarf|CompoundEyes|SleepPowder,Hurricane,RagePowder,Tailwind|Timid||M|||50|]Incineroar||PasshoBerry|Intimidate|PartingShot,FakeOut,ThroatChop,FlareBlitz|Careful||F|||50|]Sinistcha||KasibBerry|Hospitality|MatchaGotcha,RagePowder,TrickRoom,Protect|Serious|||||50|]Delphox||Delphoxite|Blaze|HeatWave,Psychic,Protect,NastyPlot|Timid||F|||50|]Feraligatr||Feraligite|Torrent|Liquidation,BodySlam,Protect,DragonDance|Jolly||M|||50|
|showteam|p2|Dragalge||Dragalgite|Adaptability|DracoMeteor,SludgeBomb,Protect,AcidSpray|Sassy||F|||50|]Farigiraf||MentalHerb|ArmorTail|TrickRoom,HelpingHand,Protect,HyperVoice|Sassy||M|||50|]Conkeldurr||LifeOrb|SheerForce|DrainPunch,Protect,KnockOff,RockSlide|Brave||F|||50|]Sinistcha-Masterpiece||FocusSash|Hospitality|TrickRoom,RagePowder,MatchaGotcha,Protect|Relaxed|||||50|]Incineroar||SitrusBerry|Intimidate|DarkestLariat,FakeOut,FlareBlitz,PartingShot|Adamant||M|||50|]Gholdengo||MetalCoat|GoodasGold|NastyPlot,MakeItRain,ShadowBall,Protect|Timid|||||50|
|inactive|Battle timer is ON: inactive players will automatically lose when time's up. (requested by lolgz)
|inactive|wownowthatsneat has 60 seconds left.
|inactive|wownowthatsneat has 30 seconds left.
|
|t:|1783939627
|teamsize|p1|4
|teamsize|p2|4
|start
|switch|p1a: Vivillon|Vivillon, L50, M|100/100
|switch|p1b: Kingambit|Kingambit, L50, F|100/100
|switch|p2a: Dragalge|Dragalge, L50, F|100/100
|switch|p2b: Farigiraf|Farigiraf, L50, M|100/100
|turn|1
|inactive|lolgz has 30 seconds left.
|
|t:|1783939661
|detailschange|p2a: Dragalge|Dragalge-Mega, L50, F
|-mega|p2a: Dragalge|Dragalge|Dragalgite
|move|p2a: Dragalge|Protect|p2a: Dragalge
|-singleturn|p2a: Dragalge|Protect
|move|p1a: Vivillon|Sleep Powder|p2b: Farigiraf
|-status|p2b: Farigiraf|slp|[from] move: Sleep Powder
|move|p1b: Kingambit|Swords Dance|p1b: Kingambit
|-boost|p1b: Kingambit|atk|2
|cant|p2b: Farigiraf|slp
|
|upkeep
|turn|2
|inactive|wownowthatsneat has 30 seconds left.
|
|t:|1783939689
|switch|p2a: Sinistcha|Sinistcha-Masterpiece, L50|100/100
|move|p1a: Vivillon|Sleep Powder|p2a: Sinistcha
|-immune|p2a: Sinistcha
|move|p1b: Kingambit|Kowtow Cleave|p2b: Farigiraf
|-supereffective|p2b: Farigiraf|1
|-damage|p2b: Farigiraf|0 fnt
|faint|p2b: Farigiraf
|
|upkeep
|
|t:|1783939699
|switch|p2b: Dragalge|Dragalge-Mega, L50, F|100/100
|turn|3
|
|t:|1783939704
|move|p2b: Dragalge|Protect|p2b: Dragalge
|-singleturn|p2b: Dragalge|Protect
|move|p1a: Vivillon|Sleep Powder|p2b: Dragalge
|-activate|p2b: Dragalge|move: Protect
|move|p1b: Kingambit|Kowtow Cleave|p2a: Sinistcha
|-supereffective|p2a: Sinistcha|1
|-enditem|p2a: Sinistcha|Focus Sash
|-damage|p2a: Sinistcha|1/100
|move|p2a: Sinistcha|Trick Room|p2a: Sinistcha
|-fieldstart|move: Trick Room|[of] p2a: Sinistcha
|
|upkeep
|turn|4
|inactive|wownowthatsneat has 30 seconds left.
|
|t:|1783939730
|switch|p1a: Incineroar|Incineroar, L50, F|100/100
|-ability|p1a: Incineroar|Intimidate|boost
|-unboost|p2a: Sinistcha|atk|1
|-unboost|p2b: Dragalge|atk|1
|move|p2b: Dragalge|Sludge Bomb|p1a: Incineroar
|-crit|p1a: Incineroar
|-damage|p1a: Incineroar|49/100
|move|p1b: Kingambit|Kowtow Cleave|p2b: Dragalge
|-damage|p2b: Dragalge|0 fnt
|faint|p2b: Dragalge
|move|p2a: Sinistcha|Matcha Gotcha|p1a: Incineroar|[spread] p1a,p1b
|-resisted|p1a: Incineroar|1
|-resisted|p1b: Kingambit|1
|-damage|p1a: Incineroar|39/100
|-heal|p2a: Sinistcha|6/100|[from] drain|[of] p1a: Incineroar
|-damage|p1b: Kingambit|88/100
|-heal|p2a: Sinistcha|12/100|[from] drain|[of] p1b: Kingambit
|
|upkeep
|
|t:|1783939747
|switch|p2b: Conkeldurr|Conkeldurr, L50, F|100/100
|turn|5
|
|t:|1783939754
|move|p1a: Incineroar|Fake Out|p2b: Conkeldurr
|-damage|p2b: Conkeldurr|90/100
|move|p2a: Sinistcha|Rage Powder|p2a: Sinistcha
|-singleturn|p2a: Sinistcha|move: Rage Powder
|cant|p2b: Conkeldurr|flinch
|move|p1b: Kingambit|Kowtow Cleave|p2a: Sinistcha
|-supereffective|p2a: Sinistcha|1
|-damage|p2a: Sinistcha|0 fnt
|faint|p2a: Sinistcha
|
|upkeep
|turn|6
|
|t:|1783939764
|move|p1b: Kingambit|Protect|p1b: Kingambit
|-singleturn|p1b: Kingambit|Protect
|move|p2b: Conkeldurr|Drain Punch|p1b: Kingambit
|-activate|p1b: Kingambit|move: Protect
|move|p1a: Incineroar|Parting Shot|p2b: Conkeldurr
|-unboost|p2b: Conkeldurr|atk|1
|-unboost|p2b: Conkeldurr|spa|1
|
|t:|1783939766
|switch|p1a: Vivillon|Vivillon, L50, M|100/100|[from] Parting Shot
|
|upkeep
|turn|7
|-message|wownowthatsneat forfeited.
|
|win|lolgz
