|j|☆ElDannyBoy510
|j|☆playrornds
|html|ElDannyBoy510playrornds    
|uhtml|bestof|Game 3 of a best-of-3
|t:|1756597867
|gametype|doubles
|player|p1|ElDannyBoy510|red-masters|1000
|player|p2|playrornds|giovanni-gen1rb|1085
|gen|9
|tier|[Gen 9] VGC 2025 Reg H (Bo3)
|rated|
|rule|Species Clause: Limit one of each Pokémon
|rule|Item Clause: Limit 1 of each item
|clearpoke
|poke|p1|Vivillon-Pokeball, L50, M|
|poke|p1|Gholdengo, L50|
|poke|p1|Garchomp, L50, M|
|poke|p1|Talonflame, L50, M|
|poke|p1|Ninetales-Alola, L50, F|
|poke|p1|Annihilape, L50, M|
|poke|p2|Gholdengo, L50|
|poke|p2|Kilowattrel, L50, M|
|poke|p2|Ursaluna, L50, M|
|poke|p2|Porygon2, L50|
|poke|p2|Incineroar, L50, F|
|poke|p2|Amoonguss, L50, M|
|teampreview|4
|showteam|p1|Vivillon-Pokeball||FocusSash|CompoundEyes|RagePowder,SleepPowder,Hurricane,Protect|||M|||50|,,,,,Ghost]Gholdengo||IronPlate|GoodasGold|MakeItRain,NastyPlot,ShadowBall,Protect||||||50|,,,,,Steel]Garchomp||LifeOrb|RoughSkin|Earthquake,DragonClaw,StompingTantrum,Protect|||M|||50|,,,,,Steel]Talonflame||SharpBeak|GaleWings|DualWingbeat,Tailwind,WillOWisp,Protect|||M|||50|,,,,,Ghost]Ninetales-Alola||CovertCloak|SnowWarning|FreezeDry,AuroraVeil,Blizzard,Protect|||F|||50|,,,,,Ice]Annihilape||SafetyGoggles|Defiant|RageFist,BulkUp,DrainPunch,Protect|||M|||50|,,,,,Water
|showteam|p2|Gholdengo||LifeOrb|GoodasGold|MakeItRain,ShadowBall,NastyPlot,Protect||||||50|,,,,,Water]Kilowattrel||FocusSash|Competitive|Thunderbolt,AirSlash,Tailwind,Protect|||M|||50|,,,,,Ghost]Ursaluna||FlameOrb|Guts|Facade,HeadlongRush,Earthquake,Protect|||M|||50|,,,,,Fairy]Porygon2||Eviolite|Download|TeraBlast,IceBeam,Recover,TrickRoom||||||50|,,,,,Fighting]Incineroar||AssaultVest|Intimidate|FakeOut,FlareBlitz,KnockOff,Uturn|||F|||50|,,,,,Grass]Amoonguss||SitrusBerry|Regenerator|SludgeBomb,Spore,RagePowder,Protect|||M|||50|,,,,,Water
|
|t:|1756597935
|teamsize|p1|4
|teamsize|p2|4
|start
|switch|p1a: Akuma|Annihilape, L50, M|100/100
|switch|p1b: Vivi|Vivillon-Pokeball, L50, M|100/100
|switch|p2a: Kilowattrel|Kilowattrel, L50, M|100/100
|switch|p2b: Gholdengo|Gholdengo, L50|100/100
|turn|1
|
|t:|1756597963
|move|p1a: Akuma|Protect|p1a: Akuma
|-singleturn|p1a: Akuma|Protect
|move|p2a: Kilowattrel|Tailwind|p2a: Kilowattrel
|-sidestart|p2: playrornds|move: Tailwind
|move|p2b: Gholdengo|Nasty Plot|p2b: Gholdengo
|-boost|p2b: Gholdengo|spa|2
|move|p1b: Vivi|Sleep Powder|p2a: Kilowattrel
|-status|p2a: Kilowattrel|slp|[from] move: Sleep Powder
|
|upkeep
|turn|2
|
|t:|1756598002
|switch|p2a: Ursaluna|Ursaluna, L50, M|100/100
|switch|p1a: Fubuki|Ninetales-Alola, L50, F|100/100
|-weather|Snowscape|[from] ability: Snow Warning|[of] p1a: Fubuki
|move|p2b: Gholdengo|Protect|p2b: Gholdengo
|-singleturn|p2b: Gholdengo|Protect
|move|p1b: Vivi|Protect||[still]
|-fail|p1b: Vivi
|
|-weather|Snowscape|[upkeep]
|-status|p2a: Ursaluna|brn|[from] item: Flame Orb
|upkeep
|turn|3
|
|t:|1756598029
|move|p1a: Fubuki|Protect|p1a: Fubuki
|-singleturn|p1a: Fubuki|Protect
|move|p1b: Vivi|Protect|p1b: Vivi
|-singleturn|p1b: Vivi|Protect
|move|p2b: Gholdengo|Make It Rain|p1b: Vivi|[spread] 
|-activate|p1a: Fubuki|move: Protect
|-activate|p1b: Vivi|move: Protect
|move|p2a: Ursaluna|Facade|p1b: Vivi
|-activate|p1b: Vivi|move: Protect
|
|-weather|Snowscape|[upkeep]
|-damage|p2a: Ursaluna|95/100 brn|[from] brn
|upkeep
|turn|4
|
|t:|1756598058
|move|p2b: Gholdengo|Make It Rain|p1b: Vivi|[spread] p1a,p1b
|-supereffective|p1a: Fubuki
|-damage|p1a: Fubuki|0 fnt
|-enditem|p1b: Vivi|Focus Sash
|-damage|p1b: Vivi|1/100
|-unboost|p2b: Gholdengo|spa|1
|faint|p1a: Fubuki
|-damage|p2b: Gholdengo|91/100|[from] item: Life Orb
|move|p2a: Ursaluna|Headlong Rush|p1b: Vivi
|-immune|p1b: Vivi
|move|p1b: Vivi|Hurricane|p2b: Gholdengo
|-resisted|p2b: Gholdengo
|-damage|p2b: Gholdengo|66/100
|
|-weather|Snowscape|[upkeep]
|-damage|p2a: Ursaluna|89/100 brn|[from] brn
|-sideend|p2: playrornds|move: Tailwind
|upkeep
|
|t:|1756598079
|switch|p1a: Megalodon|Garchomp, L50, M|100/100
|turn|5
|
|t:|1756598096
|-terastallize|p2b: Gholdengo|Water
|move|p1b: Vivi|Rage Powder|p1b: Vivi
|-singleturn|p1b: Vivi|move: Rage Powder
|move|p1a: Megalodon|Earthquake|p2b: Gholdengo|[spread] p2a,p2b
|-immune|p1b: Vivi
|-damage|p2a: Ursaluna|47/100 brn
|-damage|p2b: Gholdengo|10/100
|-damage|p1a: Megalodon|91/100|[from] item: Life Orb
|move|p2b: Gholdengo|Make It Rain|p1b: Vivi|[spread] p1a,p1b
|-damage|p1a: Megalodon|0 fnt
|-damage|p1b: Vivi|0 fnt
|-unboost|p2b: Gholdengo|spa|1
|faint|p1a: Megalodon
|faint|p1b: Vivi
|-damage|p2b: Gholdengo|0 fnt|[from] item: Life Orb
|faint|p2b: Gholdengo
|move|p2a: Ursaluna|Headlong Rush|p1: Megalodon|[notarget]
|-fail|p2a: Ursaluna
|
|-weather|Snowscape|[upkeep]
|-damage|p2a: Ursaluna|42/100 brn|[from] brn
|upkeep
|
|t:|1756598134
|switch|p1a: Akuma|Annihilape, L50, M|100/100
|switch|p2b: Kilowattrel|Kilowattrel, L50, M|100/100 slp
|turn|6
|
|t:|1756598149
|cant|p2b: Kilowattrel|slp
|move|p1a: Akuma|Bulk Up|p1a: Akuma
|-boost|p1a: Akuma|atk|1
|-boost|p1a: Akuma|def|1
|move|p2a: Ursaluna|Headlong Rush|p1a: Akuma
|-damage|p1a: Akuma|29/100
|-unboost|p2a: Ursaluna|def|1
|-unboost|p2a: Ursaluna|spd|1
|
|-weather|none
|-damage|p2a: Ursaluna|36/100 brn|[from] brn
|upkeep
|turn|7
|
|t:|1756598163
|cant|p2b: Kilowattrel|slp
|move|p1a: Akuma|Drain Punch|p2a: Ursaluna
|-supereffective|p2a: Ursaluna
|-damage|p2a: Ursaluna|0 fnt
|-heal|p1a: Akuma|46/100|[from] drain|[of] p2a: Ursaluna
|faint|p2a: Ursaluna
|
|upkeep
|
|t:|1756598164
|switch|p2a: Amoonguss|Amoonguss, L50, M|100/100
|turn|8
|
|t:|1756598173
|cant|p2b: Kilowattrel|slp
|move|p1a: Akuma|Rage Fist|p2b: Kilowattrel
|-enditem|p2b: Kilowattrel|Focus Sash
|-damage|p2b: Kilowattrel|1/100 slp
|move|p2a: Amoonguss|Sludge Bomb|p1a: Akuma
|-resisted|p1a: Akuma
|-damage|p1a: Akuma|34/100
|
|upkeep
|turn|9
|
|t:|1756598199
|-terastallize|p1a: Akuma|Water
|-curestatus|p2b: Kilowattrel|slp|[msg]
|move|p2b: Kilowattrel|Thunderbolt|p1a: Akuma
|-supereffective|p1a: Akuma
|-damage|p1a: Akuma|0 fnt
|faint|p1a: Akuma
|
|win|playrornds
|raw|ElDannyBoy510's rating: 1000 → 1000(+0 for losing)
|raw|playrornds's rating: 1085 → 1106(+21 for winning)
