|j|☆Northgdh
|j|☆93Warrior
|html|Northgdh93Warrior    
|uhtml|bestof|Game 2 of a best-of-3
|t:|1783729444
|gametype|doubles
|player|p1|Northgdh|265|1052
|player|p2|93Warrior|2|1148
|gen|9
|tier|[Gen 9 Champions] VGC 2026 Reg M-B (Bo3)
|rated|
|rule|Species Clause: Limit one of each Pokémon
|rule|Item Clause: Limit 1 of each item
|clearpoke
|poke|p1|Floette-Eternal, L50, F|
|poke|p1|Sinistcha, L50|
|poke|p1|Sneasler, L50, F|
|poke|p1|Incineroar, L50, F, shiny|
|poke|p1|Kingambit, L50, M, shiny|
|poke|p1|Blastoise, L50, M, shiny|
|poke|p2|Charizard, L50, M|
|poke|p2|Basculegion, L50, M|
|poke|p2|Kingambit, L50, M|
|poke|p2|Whimsicott, L50, M|
|poke|p2|Glimmora, L50, M|
|poke|p2|Garchomp, L50, M|
|teampreview|4
|showteam|p1|Floette-Eternal||Floettite|FlowerVeil|Moonblast,DrainingKiss,CalmMind,Protect|Modest||F|||50|]Sinistcha||OccaBerry|Hospitality|MatchaGotcha,LifeDew,RagePowder,Protect|Calm|||||50|]Sneasler||FocusSash|PoisonTouch|CloseCombat,PoisonJab,FakeOut,QuickGuard|Jolly||F|||50|]Incineroar||SitrusBerry|Intimidate|FlareBlitz,FakeOut,HelpingHand,PartingShot|Impish||F|||50|]Kingambit||BlackGlasses|Defiant|KowtowCleave,SuckerPunch,SwordsDance,Protect|Adamant||M|||50|]Blastoise||Blastoisinite|RainDish|WaterSpout,DarkPulse,ShellSmash,Protect|Modest||M|||50|
|showteam|p2|Charizard||CharizarditeY|Blaze|HeatWave,WeatherBall,SolarBeam,Protect|Modest||M|||50|]Basculegion||MysticWater|Adaptability|LastRespects,WaveCrash,AquaJet,Protect|Adamant||M|||50|]Kingambit||ChopleBerry|Defiant|KowtowCleave,SuckerPunch,IronHead,Protect|Adamant||M|||50|]Whimsicott||FairyFeather|Prankster|Moonblast,Tailwind,Encore,Protect|Timid||M|||50|]Glimmora||FocusSash|ToxicDebris|PowerGem,SludgeBomb,EarthPower,SpikyShield|Modest||M|||50|]Garchomp||LifeOrb|RoughSkin|Earthquake,DragonClaw,RockSlide,Protect|Jolly||M|||50|
|inactive|Battle timer is ON: inactive players will automatically lose when time's up. (requested by Northgdh)
|inactive|93Warrior has 60 seconds left.
|inactive|Northgdh has 60 seconds left.
|
|t:|1783729508
|teamsize|p1|4
|teamsize|p2|4
|start
|switch|p1a: honeybee|Sneasler, L50, F|100/100
|switch|p1b: begged|Blastoise, L50, M, shiny|100/100
|switch|p2a: Whimsicott|Whimsicott, L50, M|100/100
|switch|p2b: Kingambit|Kingambit, L50, M|100/100
|turn|1
|
|t:|1783729527
|detailschange|p1b: begged|Blastoise-Mega, L50, M, shiny
|-mega|p1b: begged|Blastoise|Blastoisinite
|move|p1a: honeybee|Fake Out|p2b: Kingambit
|-resisted|p2b: Kingambit|1
|-damage|p2b: Kingambit|95/100
|move|p2a: Whimsicott|Moonblast|p1b: begged
|-damage|p1b: begged|59/100
|move|p1b: begged|Shell Smash|p1b: begged
|-unboost|p1b: begged|def|1
|-unboost|p1b: begged|spd|1
|-boost|p1b: begged|atk|2
|-boost|p1b: begged|spa|2
|-boost|p1b: begged|spe|2
|cant|p2b: Kingambit|flinch
|
|upkeep
|turn|2
|inactive|93Warrior has 30 seconds left.
|
|t:|1783729561
|move|p2b: Kingambit|Protect|p2b: Kingambit
|-singleturn|p2b: Kingambit|Protect
|move|p1a: honeybee|Quick Guard|p1a: honeybee
|-singleturn|p1a: honeybee|Quick Guard
|move|p1b: begged|Water Spout|p2b: Kingambit|[spread] p2a
|-activate|p2b: Kingambit|move: Protect
|-resisted|p2a: Whimsicott|1
|-damage|p2a: Whimsicott|43/100
|move|p2a: Whimsicott|Moonblast|p1b: begged
|-damage|p1b: begged|0 fnt
|faint|p1b: begged
|
|upkeep
|
|t:|1783729565
|switch|p1b: wrong w me|Incineroar, L50, F, shiny|100/100
|-ability|p1b: wrong w me|Intimidate|boost
|-unboost|p2a: Whimsicott|atk|1
|-unboost|p2b: Kingambit|atk|1
|-ability|p2b: Kingambit|Defiant|boost
|-boost|p2b: Kingambit|atk|2
|turn|3
|
|t:|1783729586
|move|p2a: Whimsicott|Protect|p2a: Whimsicott
|-singleturn|p2a: Whimsicott|Protect
|move|p2b: Kingambit|Protect|p2b: Kingambit
|-singleturn|p2b: Kingambit|Protect
|move|p1b: wrong w me|Fake Out|p2b: Kingambit
|-activate|p2b: Kingambit|move: Protect
|move|p1a: honeybee|Close Combat|p2b: Kingambit
|-activate|p2b: Kingambit|move: Protect
|
|upkeep
|turn|4
|inactive|93Warrior has 30 seconds left.
|
|t:|1783729619
|move|p1b: wrong w me|Helping Hand|p1a: honeybee
|-singleturn|p1a: honeybee|Helping Hand|[of] p1b: wrong w me
|move|p1a: honeybee|Close Combat|p2b: Kingambit
|-supereffective|p2b: Kingambit|2
|-enditem|p2b: Kingambit|Chople Berry|[eat]
|-enditem|p2b: Kingambit|Chople Berry|[weaken]
|-damage|p2b: Kingambit|0 fnt
|-unboost|p1a: honeybee|def|1
|-unboost|p1a: honeybee|spd|1
|faint|p2b: Kingambit
|move|p2a: Whimsicott|Moonblast|p1b: wrong w me
|-damage|p1b: wrong w me|62/100
|
|upkeep
|
|t:|1783729632
|switch|p2b: Charizard|Charizard, L50, M|100/100
|turn|5
|
|t:|1783729643
|detailschange|p2b: Charizard|Charizard-Mega-Y, L50, M
|-mega|p2b: Charizard|Charizard|Charizardite Y
|-weather|SunnyDay|[from] ability: Drought|[of] p2b: Charizard
|move|p2a: Whimsicott|Tailwind|p2a: Whimsicott
|-sidestart|p2: 93Warrior|move: Tailwind
|move|p2b: Charizard|Heat Wave|p1b: wrong w me|[spread] p1a,p1b
|-resisted|p1b: wrong w me|1
|-enditem|p1a: honeybee|Focus Sash
|-damage|p1a: honeybee|1/100
|-damage|p1b: wrong w me|32/100
|-enditem|p1b: wrong w me|Sitrus Berry|[eat]
|-heal|p1b: wrong w me|57/100|[from] item: Sitrus Berry
|move|p1a: honeybee|Poison Jab|p2b: Charizard
|-damage|p2b: Charizard|56/100
|move|p1b: wrong w me|Flare Blitz|p2b: Charizard
|-resisted|p2b: Charizard|1
|-damage|p2b: Charizard|19/100
|-damage|p1b: wrong w me|47/100|[from] Recoil
|
|-weather|SunnyDay|[upkeep]
|upkeep
|turn|6
|inactive|93Warrior has 30 seconds left.
|
|t:|1783729669
|move|p2a: Whimsicott|Moonblast|p1a: honeybee
|-damage|p1a: honeybee|0 fnt
|faint|p1a: honeybee
|move|p2b: Charizard|Weather Ball|p1b: wrong w me
|-resisted|p1b: wrong w me|1
|-damage|p1b: wrong w me|10/100
|move|p1b: wrong w me|Parting Shot|p2b: Charizard
|-unboost|p2b: Charizard|atk|1
|-unboost|p2b: Charizard|spa|1
|
|t:|1783729671
|switch|p1b: drop dead|Kingambit, L50, M, shiny|100/100|[from] Parting Shot
|
|-weather|SunnyDay|[upkeep]
|upkeep
|
|t:|1783729673
|switch|p1a: wrong w me|Incineroar, L50, F, shiny|10/100
|-ability|p1a: wrong w me|Intimidate|boost
|-unboost|p2a: Whimsicott|atk|1
|-unboost|p2b: Charizard|atk|1
|turn|7
|
|t:|1783729692
|move|p1a: wrong w me|Fake Out|p2a: Whimsicott
|-damage|p2a: Whimsicott|28/100
|move|p1b: drop dead|Sucker Punch|p2b: Charizard
|-damage|p2b: Charizard|0 fnt
|faint|p2b: Charizard
|cant|p2a: Whimsicott|flinch
|
|-weather|SunnyDay|[upkeep]
|upkeep
|
|t:|1783729700
|switch|p2b: Garchomp|Garchomp, L50, M|100/100
|turn|8
|
|t:|1783729706
|move|p2a: Whimsicott|Protect|p2a: Whimsicott
|-singleturn|p2a: Whimsicott|Protect
|move|p1a: wrong w me|Helping Hand|p1b: drop dead
|-singleturn|p1b: drop dead|Helping Hand|[of] p1a: wrong w me
|move|p1b: drop dead|Sucker Punch|p2b: Garchomp
|-damage|p2b: Garchomp|24/100
|-damage|p1b: drop dead|87/100|[from] ability: Rough Skin|[of] p2b: Garchomp
|move|p2b: Garchomp|Earthquake|p1a: wrong w me|[spread] p1a,p1b
|-activate|p2a: Whimsicott|move: Protect
|-supereffective|p1a: wrong w me|1
|-supereffective|p1b: drop dead|1
|-damage|p1a: wrong w me|0 fnt
|-damage|p1b: drop dead|20/100y
|faint|p1a: wrong w me
|-damage|p2b: Garchomp|14/100|[from] item: Life Orb
|
|-weather|SunnyDay|[upkeep]
|-sideend|p2: 93Warrior|move: Tailwind
|upkeep
|turn|9
|inactive|93Warrior has 30 seconds left.
|
|t:|1783729732
|move|p1b: drop dead|Sucker Punch|p2a: Whimsicott
|-resisted|p2a: Whimsicott|1
|-damage|p2a: Whimsicott|0 fnt
|faint|p2a: Whimsicott
|move|p2b: Garchomp|Dragon Claw|p1b: drop dead
|-resisted|p1b: drop dead|1
|-damage|p1b: drop dead|0 fnt
|faint|p1b: drop dead
|-damage|p2b: Garchomp|4/100|[from] item: Life Orb
|
|win|93Warrior
|inactive|Northgdh has 30 seconds to confirm battle start!
|inactive|93Warrior has 30 seconds to confirm battle start!
||93Warrior is ready for game 3.
