|j|☆Legend0331
|j|☆Velcroh
|html|Legend0331Velcroh    
|uhtml|bestof|Game 1 of a best-of-3
|t:|1756942300
|gametype|doubles
|player|p1|Legend0331|shauntal|
|player|p2|Velcroh|1|
|gen|9
|tier|[Gen 9] VGC 2025 Reg H (Bo3)
|rule|Species Clause: Limit one of each Pokémon
|rule|Item Clause: Limit 1 of each item
|clearpoke
|poke|p1|Ursaluna-Bloodmoon, L50, M|
|poke|p1|Whimsicott, L50, M|
|poke|p1|Basculegion, L50, M|
|poke|p1|Politoed, L50, F|
|poke|p1|Mandibuzz, L50, F|
|poke|p1|Scizor, L50, M|
|poke|p2|Goodra-Hisui, L50, M|
|poke|p2|Clefable, L50, M|
|poke|p2|Mimikyu, L50, M|
|poke|p2|Lurantis, L50, F|
|poke|p2|Milotic, L50, F|
|poke|p2|Hatterene, L50, F|
|teampreview|4
|showteam|p1|Ursaluna-Bloodmoon||AssaultVest|MindsEye|BloodMoon,HyperVoice,EarthPower,VacuumWave|||M|||50|,,,,,Normal]Whimsicott||FocusSash|Prankster|Encore,Tailwind,Moonblast,Endeavor|||M|||50|,,,,,Grass]Basculegion||LifeOrb|SwiftSwim|LastRespects,WaveCrash,AquaJet,Protect|||M|||50|,,,,,Water]Politoed||EjectButton|Drizzle|WeatherBall,HelpingHand,Protect,PerishSong|||F|||50|,,,,,Water]Mandibuzz||Leftovers|Overcoat|FoulPlay,KnockOff,Roost,Uturn|||F|||50|,,,,,Steel]Scizor||ChoiceBand|Technician|BulletPunch,Uturn,KnockOff,DualWingbeat|||M|||50|,,,,,Bug
|showteam|p2|Goodra-Hisui||ExpertBelt|ShellArmor|Flamethrower,HydroPump,Thunder,StompingTantrum|||M|||50|,,,,,Dragon]Clefable||SitrusBerry|Unaware|Moonblast,HelpingHand,HealPulse,FollowMe|||M|||50|,,,,,Steel]Mimikyu||MentalHerb|Disguise|TrickRoom,ShadowClaw,PlayRough,SunnyDay|||M|||50|,,,,,Ghost]Lurantis||LifeOrb|Contrary|LeafStorm,Superpower,Protect,TeraBlast|||F|||50|,,,,,Ground]Milotic||Leftovers|Competitive|WeatherBall,HelpingHand,MuddyWater,Protect|||F|||50|,,,,,Dragon]Hatterene||CovertCloak|MagicBounce|TrickRoom,DazzlingGleam,Psychic,Protect|||F|||50|,,,,,Fairy
|j| Gholden Go Getters
|j| Norra Nori
|c| Norra Nori|\o/
|
|t:|1756942384
|teamsize|p1|4
|teamsize|p2|4
|start
|switch|p1a: Teddy|Ursaluna-Bloodmoon, L50, M|100/100
|switch|p1b: WHIMSY|Whimsicott, L50, M|100/100
|switch|p2a: Milotic|Milotic, L50, F|100/100
|switch|p2b: Mimikyu|Mimikyu, L50, M|100/100
|turn|1
|
|t:|1756942408
|move|p1b: WHIMSY|Tailwind|p1b: WHIMSY
|-sidestart|p1: Legend0331|move: Tailwind
|move|p1a: Teddy|Hyper Voice|p2b: Mimikyu|[spread] p2a,p2b
|-damage|p2a: Milotic|73/100
|-activate|p2b: Mimikyu|ability: Disguise
|-damage|p2b: Mimikyu|100/100
|detailschange|p2b: Mimikyu|Mimikyu-Busted, L50, M
|-damage|p2b: Mimikyu|88/100|[from] pokemon: Mimikyu-Busted
|move|p2a: Milotic|Muddy Water|p1b: WHIMSY|[spread] p1a,p1b
|-supereffective|p1a: Teddy
|-resisted|p1b: WHIMSY
|-damage|p1a: Teddy|51/100
|-damage|p1b: WHIMSY|83/100
|move|p2b: Mimikyu|Trick Room|p2b: Mimikyu
|-fieldstart|move: Trick Room|[of] p2b: Mimikyu
|
|-heal|p2a: Milotic|79/100|[from] item: Leftovers
|upkeep
|turn|2
|
|t:|1756942435
|move|p1b: WHIMSY|Encore|p2b: Mimikyu
|-start|p2b: Mimikyu|Encore
|-enditem|p2b: Mimikyu|Mental Herb
|-end|p2b: Mimikyu|Encore
|move|p2a: Milotic|Muddy Water|p1b: WHIMSY|[spread] p1a,p1b
|-supereffective|p1a: Teddy
|-resisted|p1b: WHIMSY
|-damage|p1a: Teddy|7/100
|-damage|p1b: WHIMSY|65/100
|move|p2b: Mimikyu|Sunny Day|p2b: Mimikyu
|-weather|SunnyDay
|move|p1a: Teddy|Blood Moon|p2a: Milotic
|-damage|p2a: Milotic|20/100
|
|-weather|SunnyDay|[upkeep]
|-heal|p2a: Milotic|26/100|[from] item: Leftovers
|upkeep
|turn|3
|
|t:|1756942477
|move|p1b: WHIMSY|Encore|p2b: Mimikyu
|-start|p2b: Mimikyu|Encore
|move|p2a: Milotic|Weather Ball|p1b: WHIMSY
|-supereffective|p1b: WHIMSY
|-damage|p1b: WHIMSY|0 fnt
|faint|p1b: WHIMSY
|move|p2b: Mimikyu|Sunny Day||[still]
|-fail|p2b: Mimikyu
|move|p1a: Teddy|Hyper Voice|p2a: Milotic|[spread] p2a,p2b
|-damage|p2a: Milotic|1/100
|-damage|p2b: Mimikyu|47/100
|
|-weather|SunnyDay|[upkeep]
|-heal|p2a: Milotic|7/100|[from] item: Leftovers
|upkeep
|
|t:|1756942493
|switch|p1b: Froggie|Politoed, L50, F|100/100
|-weather|RainDance|[from] ability: Drizzle|[of] p1b: Froggie
|turn|4
|
|t:|1756942530
|move|p1b: Froggie|Protect|p1b: Froggie
|-singleturn|p1b: Froggie|Protect
|move|p1a: Teddy|Vacuum Wave|p2a: Milotic
|-damage|p2a: Milotic|0 fnt
|faint|p2a: Milotic
|move|p2b: Mimikyu|Sunny Day|p2b: Mimikyu
|-weather|SunnyDay
|
|-weather|SunnyDay|[upkeep]
|-sideend|p1: Legend0331|move: Tailwind
|upkeep
|
|t:|1756942552
|switch|p2a: Lurantis|Lurantis, L50, F|100/100
|turn|5
|
|t:|1756942569
|switch|p1b: Dr. Fish MD|Basculegion, L50, M|100/100
|switch|p2b: Clefable|Clefable, L50, M|100/100
|move|p2a: Lurantis|Leaf Storm|p1a: Teddy
|-supereffective|p1a: Teddy
|-damage|p1a: Teddy|0 fnt
|-boost|p2a: Lurantis|spa|2
|faint|p1a: Teddy
|-damage|p2a: Lurantis|91/100|[from] item: Life Orb
|
|-weather|SunnyDay|[upkeep]
|-fieldend|move: Trick Room
|upkeep
|
|t:|1756942582
|switch|p1a: Froggie|Politoed, L50, F|100/100
|-weather|RainDance|[from] ability: Drizzle|[of] p1a: Froggie
|turn|6
|
|t:|1756942608
|move|p1a: Froggie|Helping Hand|p1b: Dr. Fish MD
|-singleturn|p1b: Dr. Fish MD|Helping Hand|[of] p1a: Froggie
|move|p2b: Clefable|Follow Me|p2b: Clefable
|-singleturn|p2b: Clefable|move: Follow Me
|move|p1b: Dr. Fish MD|Last Respects|p2b: Clefable
|-crit|p2b: Clefable
|-damage|p2b: Clefable|0 fnt
|faint|p2b: Clefable
|-damage|p1b: Dr. Fish MD|91/100|[from] item: Life Orb
|move|p2a: Lurantis|Leaf Storm|p1b: Dr. Fish MD
|-supereffective|p1b: Dr. Fish MD
|-damage|p1b: Dr. Fish MD|0 fnt
|-boost|p2a: Lurantis|spa|2
|faint|p1b: Dr. Fish MD
|-damage|p2a: Lurantis|81/100|[from] item: Life Orb
|
|-weather|RainDance|[upkeep]
|upkeep
|
|t:|1756942623
|switch|p2b: Mimikyu|Mimikyu-Busted, L50, M|47/100
|turn|7
|
|t:|1756942634
|move|p2b: Mimikyu|Play Rough|p1a: Froggie
|-damage|p1a: Froggie|63/100
|move|p1a: Froggie|Perish Song|p1a: Froggie
|-start|p1a: Froggie|perish3|[silent]
|-start|p2a: Lurantis|perish3|[silent]
|-start|p2b: Mimikyu|perish3|[silent]
|-fieldactivate|move: Perish Song
|move|p2a: Lurantis|Leaf Storm|p1a: Froggie
|-supereffective|p1a: Froggie
|-damage|p1a: Froggie|0 fnt
|-boost|p2a: Lurantis|spa|2
|faint|p1a: Froggie
|-damage|p2a: Lurantis|72/100|[from] item: Life Orb
|
|win|Velcroh
|inactive|Legend0331 has 30 seconds to confirm battle start!
|inactive|Velcroh has 30 seconds to confirm battle start!
