|j|☆Jimboslice149
|j|☆iota_002
|html|Jimboslice149iota_002    
|uhtml|bestof|Game 1 of a best-of-3
|t:|1782765312
|gametype|doubles
|player|p1|Jimboslice149|169|1060
|player|p2|iota_002|ethan|1056
|gen|9
|tier|[Gen 9 Champions] VGC 2026 Reg M-B (Bo3)
|rated|
|rule|Species Clause: Limit one of each Pokémon
|rule|Item Clause: Limit 1 of each item
|clearpoke
|poke|p1|Raichu, L50, F, shiny|
|poke|p1|Pikachu, L50, F, shiny|
|poke|p1|Floette-Eternal, L50, F|
|poke|p1|Garchomp, L50, F, shiny|
|poke|p1|Blastoise, L50, F|
|poke|p1|Aerodactyl, L50, F|
|poke|p2|Beedrill, L50, M|
|poke|p2|Slowking-Galar, L50, F|
|poke|p2|Emolga, L50, F|
|poke|p2|Tsareena, L50, F|
|poke|p2|Liepard, L50, F|
|poke|p2|Hippowdon, L50, M|
|teampreview|4
|showteam|p1|Raichu||RaichuniteX|LightningRod|Discharge,FakeOut,Feint,VoltTackle|Hasty||F|||50|]Pikachu||LightBall|LightningRod|Discharge,GrassKnot,Protect,RisingVoltage|Timid||F|||50|]Floette-Eternal||Floettite|FlowerVeil|CalmMind,DazzlingGleam,DrainingKiss,GigaDrain|Timid||F|||50|]Garchomp||LifeOrb|RoughSkin|Earthquake,DragonClaw,Protect,PoisonJab|Jolly||F|||50|]Blastoise||Blastoisinite|RainDish|AuraSphere,WaterPulse,IcyWind,ShellSmash|Modest||F|||50|]Aerodactyl||FocusSash|Unnerve|RockSlide,Protect,DualWingbeat,Tailwind|Jolly||F|||50|
|showteam|p2|Beedrill||Beedrillite|Sniper|Uturn,PoisonJab,DrillRun,Protect|Jolly||M|||50|]Slowking-Galar||BrightPowder|CuriousMedicine|ChillyReception,WonderRoom,Psychic,Protect|Sassy||F|||50|]Emolga||LifeOrb|MotorDrive|DualWingbeat,Nuzzle,Uturn,Encore|Adamant||F|||50|]Tsareena||MiracleSeed|QueenlyMajesty|LowKick,TropKick,Uturn,Protect|Careful||F|||50|]Liepard||FocusSash|Prankster|Taunt,FakeOut,Uturn,PlayRough|Jolly||F|||50|]Hippowdon||SitrusBerry|SandStream|RockSlide,Yawn,HeavySlam,Protect|Careful||M|||50|
|j| Agent_999_999
|l| Agent_999_999
|
|t:|1782765371
|teamsize|p1|4
|teamsize|p2|4
|start
|switch|p1a: Raichu|Raichu, L50, F, shiny|100/100
|switch|p1b: Aerodactyl|Aerodactyl, L50, F|100/100
|switch|p2a: Slowking|Slowking-Galar, L50, F|100/100
|switch|p2b: Hippowdon|Hippowdon, L50, M|100/100
|-ability|p1b: Aerodactyl|Unnerve
|-weather|Sandstorm|[from] ability: Sand Stream|[of] p2b: Hippowdon
|-clearboost|p2b: Hippowdon|[from] ability: Curious Medicine|[of] p2a: Slowking
|turn|1
|
|t:|1782765435
|switch|p1b: Garchomp|Garchomp, L50, F, shiny|100/100
|move|p2b: Hippowdon|Protect|p2b: Hippowdon
|-singleturn|p2b: Hippowdon|Protect
|move|p1a: Raichu|Fake Out|p2b: Hippowdon
|-activate|p2b: Hippowdon|move: Protect
|-prepare|p2a: Slowking|Chilly Reception|[premajor]
|move|p2a: Slowking|Chilly Reception|p2a: Slowking
|-weather|Snowscape
|
|t:|1782765446
|switch|p2a: Beedrill|Beedrill, L50, M|100/100|[from] Chilly Reception
|
|-weather|Snowscape|[upkeep]
|upkeep
|turn|2
|
|t:|1782765463
|detailschange|p1a: Raichu|Raichu-Mega-X, L50, F, shiny
|-mega|p1a: Raichu|Raichu|Raichunite X
|-fieldstart|move: Electric Terrain|[from] ability: Electric Surge|[of] p1a: Raichu
|detailschange|p2a: Beedrill|Beedrill-Mega, L50, M
|-mega|p2a: Beedrill|Beedrill|Beedrillite
|move|p1b: Garchomp|Protect|p1b: Garchomp
|-singleturn|p1b: Garchomp|Protect
|move|p2a: Beedrill|U-turn|p1a: Raichu
|-damage|p1a: Raichu|18/100
|
|t:|1782765474
|switch|p2a: Slowking|Slowking-Galar, L50, F|100/100|[from] U-turn
|-clearboost|p2b: Hippowdon|[from] ability: Curious Medicine|[of] p2a: Slowking
|move|p1a: Raichu|Discharge|p2a: Slowking|[spread] p2a
|-activate|p1b: Garchomp|move: Protect
|-immune|p2b: Hippowdon
|-damage|p2a: Slowking|86/100
|move|p2b: Hippowdon|Yawn|p1a: Raichu
|-activate|p1a: Raichu|move: Electric Terrain
|
|-weather|Snowscape|[upkeep]
|upkeep
|turn|3
|
|t:|1782765504
|switch|p1a: Aerodactyl|Aerodactyl, L50, F|100/100
|-ability|p1a: Aerodactyl|Unnerve
|move|p1b: Garchomp|Earthquake|p2b: Hippowdon|[spread] p2a,p2b
|-immune|p1a: Aerodactyl
|-supereffective|p2a: Slowking|1
|-damage|p2a: Slowking|0 fnt
|-damage|p2b: Hippowdon|65/100
|faint|p2a: Slowking
|-damage|p1b: Garchomp|90/100|[from] item: Life Orb
|move|p2b: Hippowdon|Heavy Slam|p1b: Garchomp
|-damage|p1b: Garchomp|69/100
|-damage|p2b: Hippowdon|53/100|[from] ability: Rough Skin|[of] p1b: Garchomp
|
|-weather|Snowscape|[upkeep]
|upkeep
|
|t:|1782765519
|switch|p2a: Tsareena|Tsareena, L50, F|100/100
|turn|4
|
|t:|1782765546
|move|p2a: Tsareena|Protect|p2a: Tsareena
|-singleturn|p2a: Tsareena|Protect
|move|p1a: Aerodactyl|Dual Wingbeat|p2a: Tsareena
|-activate|p2a: Tsareena|move: Protect
|move|p1b: Garchomp|Earthquake|p2a: Tsareena|[spread] p2b
|-activate|p2a: Tsareena|move: Protect
|-immune|p1a: Aerodactyl
|-damage|p2b: Hippowdon|18/100
|-damage|p1b: Garchomp|59/100|[from] item: Life Orb
|move|p2b: Hippowdon|Heavy Slam|p1a: Aerodactyl
|-supereffective|p1a: Aerodactyl|1
|-enditem|p1a: Aerodactyl|Focus Sash
|-damage|p1a: Aerodactyl|1/100
|
|-weather|Snowscape|[upkeep]
|upkeep
|turn|5
|
|t:|1782765589
|move|p2a: Tsareena|Protect|p2a: Tsareena
|-singleturn|p2a: Tsareena|Protect
|move|p1a: Aerodactyl|Dual Wingbeat|p2a: Tsareena
|-activate|p2a: Tsareena|move: Protect
|move|p1b: Garchomp|Poison Jab|p2a: Tsareena
|-activate|p2a: Tsareena|move: Protect
|move|p2b: Hippowdon|Heavy Slam|p1a: Aerodactyl
|-supereffective|p1a: Aerodactyl|1
|-damage|p1a: Aerodactyl|0 fnt
|-enditem|p2b: Hippowdon|Sitrus Berry|[eat]
|-heal|p2b: Hippowdon|43/100|[from] item: Sitrus Berry
|faint|p1a: Aerodactyl
|
|-weather|none
|upkeep
|
|t:|1782765605
|switch|p1a: Pikachu|Pikachu, L50, F, shiny|100/100
|turn|6
|
|t:|1782765634
|move|p1b: Garchomp|Poison Jab|p2a: Tsareena
|-supereffective|p2a: Tsareena|1
|-damage|p2a: Tsareena|31/100
|-status|p2a: Tsareena|psn
|-damage|p1b: Garchomp|49/100|[from] item: Life Orb
|move|p1a: Pikachu|Grass Knot|p2b: Hippowdon
|-supereffective|p2b: Hippowdon|1
|-damage|p2b: Hippowdon|0 fnt
|faint|p2b: Hippowdon
|move|p2a: Tsareena|U-turn|p1a: Pikachu
|-damage|p1a: Pikachu|41/100
|
|t:|1782765644
|switch|p2a: Beedrill|Beedrill-Mega, L50, M|100/100|[from] U-turn
|
|-fieldend|move: Electric Terrain
|upkeep
|
|t:|1782765647
|switch|p2b: Tsareena|Tsareena, L50, F|31/100 psn
|turn|7
|
|t:|1782765658
|move|p1a: Pikachu|Protect|p1a: Pikachu
|-singleturn|p1a: Pikachu|Protect
|move|p2a: Beedrill|U-turn|p1b: Garchomp
|-damage|p1b: Garchomp|0 fnt
|-damage|p2a: Beedrill|87/100|[from] ability: Rough Skin|[of] p1b: Garchomp
|faint|p1b: Garchomp
|move|p2b: Tsareena|U-turn|p1a: Pikachu
|-activate|p1a: Pikachu|move: Protect
|
|-damage|p2b: Tsareena|19/100 psn|[from] psn
|upkeep
|
|t:|1782765670
|switch|p1b: Raichu|Raichu-Mega-X, L50, F, shiny|18/100
|-fieldstart|move: Electric Terrain|[from] ability: Electric Surge|[of] p1b: Raichu
|turn|8
|
|t:|1782765689
|move|p2a: Beedrill|Drill Run|p1a: Pikachu
|-supereffective|p1a: Pikachu|1
|-damage|p1a: Pikachu|0 fnt
|faint|p1a: Pikachu
|move|p1b: Raichu|Discharge|p2a: Beedrill|[spread] p2a,p2b
|-resisted|p2b: Tsareena|1
|-damage|p2a: Beedrill|50/100g
|-damage|p2b: Tsareena|9/100 psn
|move|p2b: Tsareena|U-turn|p1b: Raichu
|-damage|p1b: Raichu|0 fnt
|faint|p1b: Raichu
|
|win|iota_002
|inactive|Jimboslice149 has 30 seconds to confirm battle start!
|inactive|iota_002 has 30 seconds to confirm battle start!
||Jimboslice149 is ready for game 2.
