|j|☆PaquitoelBollito
|j|☆deltaco125
|html|PaquitoelBollitodeltaco125    
|uhtml|bestof|Game 1 of a best-of-3
|t:|1785088634
|gametype|doubles
|player|p1|PaquitoelBollito|170|1089
|player|p2|deltaco125|169|1000
|gen|9
|tier|[Gen 9 Champions] VGC 2026 Reg M-B (Bo3)
|rated|
|rule|Species Clause: Limit one of each Pokémon
|rule|Item Clause: Limit 1 of each item
|clearpoke
|poke|p1|Aerodactyl, L50, F|
|poke|p1|Kingambit, L50, F|
|poke|p1|Garchomp, L50, F|
|poke|p1|Farigiraf, L50, M|
|poke|p1|Charizard, L50, M|
|poke|p1|Sylveon, L50, M|
|poke|p2|Gengar, L50, M|
|poke|p2|Vanilluxe, L50, M|
|poke|p2|Greninja, L50, F|
|poke|p2|Incineroar, L50, M|
|poke|p2|Milotic, L50, F|
|poke|p2|Garchomp, L50, M|
|teampreview|4
|showteam|p1|Aerodactyl||Aerodactylite|Unnerve|Tailwind,DualWingbeat,IceFang,RockSlide|Jolly||F|||50|]Kingambit||BlackGlasses|Defiant|SuckerPunch,KowtowCleave,Protect,LowKick|Adamant||F|||50|]Garchomp||LifeOrb|RoughSkin|Protect,DragonClaw,Earthquake,StompingTantrum|Jolly||F|||50|]Farigiraf||SitrusBerry|ArmorTail|PsychicFangs,Thunderbolt,TrickRoom,SunnyDay|Relaxed||M|||50|]Charizard||CharizarditeY|Blaze|Protect,HeatWave,WeatherBall,SolarBeam|Modest||M|||50|]Sylveon||FairyFeather|Pixilate|HyperVoice,Protect,QuickAttack,HyperBeam|Modest||M|||50|
|showteam|p2|Gengar||FocusSash|CursedBody|Protect,SludgeBomb,DestinyBond,ShadowBall|Timid||M|||50|]Vanilluxe||ChoiceScarf|SnowWarning|AuroraVeil,FreezeDry,Blizzard,IcyWind|Timid||M|||50|]Greninja||Greninjite|Protean|Protect,Blizzard,DarkPulse,LowKick|Hasty||F|||50|]Incineroar||SitrusBerry|Intimidate|PartingShot,ThroatChop,FakeOut,FlareBlitz|Adamant||M|||50|]Milotic||Leftovers|Competitive|Protect,Scald,IcyWind,Recover|Bold||F|||50|]Garchomp||LumBerry|RoughSkin|StompingTantrum,DragonClaw,RockSlide,Protect|Jolly||M|||50|
|inactive|Battle timer is ON: inactive players will automatically lose when time's up. (requested by PaquitoelBollito)
|
|t:|1785088660
|teamsize|p1|4
|teamsize|p2|4
|start
|switch|p1a: Kingambit|Kingambit, L50, F|100/100
|switch|p1b: Garchomp|Garchomp, L50, F|100/100
|switch|p2a: Vanilluxe|Vanilluxe, L50, M|100/100
|switch|p2b: Greninja|Greninja, L50, F|100/100
|-weather|Snowscape|[from] ability: Snow Warning|[of] p2a: Vanilluxe
|turn|1
|inactive|PaquitoelBollito has 30 seconds left.
|inactive|PaquitoelBollito has 20 seconds left.
|inactive|PaquitoelBollito has 15 seconds left.
|inactive|PaquitoelBollito has 10 seconds left.
|
|t:|1785088705
|switch|p1a: Aerodactyl|Aerodactyl, L50, F|100/100
|-ability|p1a: Aerodactyl|Unnerve
|detailschange|p2b: Greninja|Greninja-Mega, L50, F
|-mega|p2b: Greninja|Greninja|Greninjite
|move|p2a: Vanilluxe|Blizzard|p1b: Garchomp|[spread] p1a,p1b
|-supereffective|p1a: Aerodactyl|1
|-crit|p1a: Aerodactyl
|-supereffective|p1b: Garchomp|2
|-damage|p1a: Aerodactyl|0 fnt
|-damage|p1b: Garchomp|0 fnt
|faint|p1a: Aerodactyl
|faint|p1b: Garchomp
|move|p2b: Greninja|Low Kick|p1: Aerodactyl|[notarget]
|-fail|p2b: Greninja
|
|-weather|Snowscape|[upkeep]
|upkeep
|
|t:|1785088713
|switch|p1a: Kingambit|Kingambit, L50, F|100/100
|switch|p1b: Sylveon|Sylveon, L50, M|100/100
|turn|2
|
|t:|1785088725
|move|p1a: Kingambit|Protect|p1a: Kingambit
|-singleturn|p1a: Kingambit|Protect
|move|p2a: Vanilluxe|Blizzard|p1a: Kingambit|[spread] p1b
|-activate|p1a: Kingambit|move: Protect
|-crit|p1b: Sylveon
|-damage|p1b: Sylveon|56/100
|move|p2b: Greninja|Low Kick|p1a: Kingambit
|-start|p2b: Greninja|typechange|Fighting|[from] ability: Protean
|-activate|p1a: Kingambit|move: Protect
|move|p1b: Sylveon|Hyper Voice|p2a: Vanilluxe|[spread] p2a,p2b
|-supereffective|p2b: Greninja|1
|-damage|p2a: Vanilluxe|44/100
|-damage|p2b: Greninja|0 fnt
|faint|p2b: Greninja
|
|-weather|Snowscape|[upkeep]
|upkeep
|
|t:|1785088742
|switch|p2b: Milotic|Milotic, L50, F|100/100
|turn|3
|
|t:|1785088757
|move|p1a: Kingambit|Sucker Punch|p2a: Vanilluxe
|-damage|p2a: Vanilluxe|0 fnt
|faint|p2a: Vanilluxe
|move|p2b: Milotic|Scald|p1a: Kingambit
|-damage|p1a: Kingambit|67/100
|move|p1b: Sylveon|Hyper Voice|p2b: Milotic
|-damage|p2b: Milotic|52/100
|
|-weather|Snowscape|[upkeep]
|-heal|p2b: Milotic|58/100|[from] item: Leftovers
|upkeep
|inactive|deltaco125 has 30 seconds left.
|inactive|deltaco125 has 20 seconds left.
|inactive|deltaco125 has 15 seconds left.
|inactive|deltaco125 has 10 seconds left.
|inactive|deltaco125 has 5 seconds left.
|
|t:|1785088812
|switch|p2a: Incineroar|Incineroar, L50, M|100/100
|-ability|p2a: Incineroar|Intimidate|boost
|-unboost|p1a: Kingambit|atk|1
|-ability|p1a: Kingambit|Defiant|boost
|-boost|p1a: Kingambit|atk|2
|-unboost|p1b: Sylveon|atk|1
|turn|4
|inactive|deltaco125 has 30 seconds left.
|
|t:|1785088847
|move|p1a: Kingambit|Low Kick|p2a: Incineroar
|-supereffective|p2a: Incineroar|1
|-damage|p2a: Incineroar|1/100
|-enditem|p2a: Incineroar|Sitrus Berry|[eat]
|-heal|p2a: Incineroar|25/100|[from] item: Sitrus Berry
|move|p2b: Milotic|Scald|p1a: Kingambit
|-damage|p1a: Kingambit|36/100
|move|p1b: Sylveon|Hyper Voice|p2a: Incineroar|[spread] p2a,p2b
|-damage|p2a: Incineroar|0 fnt
|-damage|p2b: Milotic|21/100
|faint|p2a: Incineroar
|
|-weather|Snowscape|[upkeep]
|-heal|p2b: Milotic|27/100|[from] item: Leftovers
|upkeep
|turn|5
|inactive|deltaco125 has 30 seconds left.
|
|t:|1785088874
|move|p1a: Kingambit|Kowtow Cleave|p2b: Milotic
|-crit|p2b: Milotic
|-damage|p2b: Milotic|0 fnt
|faint|p2b: Milotic
|
|win|PaquitoelBollito
