|j|鈽唖torm2326
|j|鈽哛eed Strelitzia
|html|storm2326Reed Strelitzia    
|uhtml|bestof|Game 1 of a best-of-3
|t:|1783749089
|gametype|doubles
|player|p1|storm2326|170|1095
|player|p2|Reed Strelitzia|volkner|1100
|gen|9
|tier|[Gen 9 Champions] VGC 2026 Reg M-B (Bo3)
|rated|
|rule|Species Clause: Limit one of each Pok茅mon
|rule|Item Clause: Limit 1 of each item
|clearpoke
|poke|p1|Mawile, L50, F|
|poke|p1|Farigiraf, L50, F|
|poke|p1|Drampa, L50, M|
|poke|p1|Kleavor, L50, F|
|poke|p1|Azumarill, L50, M|
|poke|p1|Incineroar, L50, M|
|poke|p2|Hydrapple, L50, F, shiny|
|poke|p2|Dragalge, L50, F, shiny|
|poke|p2|Slowking, L50, M|
|poke|p2|Toxapex, L50, F, shiny|
|poke|p2|Reuniclus, L50, M, shiny|
|poke|p2|Meganium, L50, F|
|teampreview|4
|showteam|p1|Mawile||Mawilite|HyperCutter|RockSlide,PlayRough,SuckerPunch,SwordsDance|Brave||F|||50|]Farigiraf||SitrusBerry|ArmorTail|Thunderbolt,HelpingHand,Psychic,TrickRoom|Modest||F|||50|]Drampa||Drampanite|CloudNine|EarthPower,HyperVoice,Thunderbolt,Protect|Quiet||M|||50|]Kleavor||FocusSash|Sharpness|CloseCombat,StoneAxe,XScissor,Feint|Brave||F|||50|]Azumarill||LifeOrb|HugePower|AquaJet,Superpower,PlayRough,Waterfall|Brave||M|||50|]Incineroar||PasshoBerry|Intimidate|FlareBlitz,PartingShot,FakeOut,ThroatChop|Brave||M|||50|
|showteam|p2|Hydrapple||BrightPowder|Regenerator|FickleBeam,BodyPress,Recover,GigaDrain|Relaxed||F|||50|]Dragalge||Dragalgite|PoisonPoint|SludgeBomb,ShadowBall,Scald,DracoMeteor|Rash||F|||50|]Slowking||LifeOrb|Regenerator|Flamethrower,FoulPlay,DrainPunch,Scald|Relaxed||M|||50|]Toxapex||Leftovers|Regenerator|Haze,Toxic,BanefulBunker,AcidSpray|Sassy||F|||50|]Reuniclus||WideLens|Regenerator|TrickRoom,Thunder,Encore,Psyshock|Modest||M|||50|]Meganium||Meganiumite|LeafGuard|WeatherBall,EarthPower,SolarBeam,DazzlingGleam|Quiet||F|||50|
|
|t:|1783749144
|teamsize|p1|4
|teamsize|p2|4
|start
|switch|p1a: Farigiraf|Farigiraf, L50, F|100/100
|switch|p1b: Mawile|Mawile, L50, F|100/100
|switch|p2a: Meganium|Meganium, L50, F|100/100
|switch|p2b: Reuniclus|Reuniclus, L50, M, shiny|100/100
|turn|1
|
|t:|1783749172
|switch|p1b: Incineroar|Incineroar, L50, M|100/100
|-ability|p1b: Incineroar|Intimidate|boost
|-unboost|p2a: Meganium|atk|1
|-unboost|p2b: Reuniclus|atk|1
|detailschange|p2a: Meganium|Meganium-Mega, L50, F
|-mega|p2a: Meganium|Meganium|Meganiumite
|move|p2a: Meganium|Weather Ball|p1b: Incineroar
|-resisted|p1b: Incineroar|1
|-crit|p1b: Incineroar
|-damage|p1b: Incineroar|63/100
|move|p1a: Farigiraf|Psychic|p2a: Meganium
|-damage|p2a: Meganium|70/100
|move|p2b: Reuniclus|Trick Room|p2b: Reuniclus
|-fieldstart|move: Trick Room|[of] p2b: Reuniclus
|
|upkeep
|turn|2
|
|t:|1783749209
|switch|p2b: Toxapex|Toxapex, L50, F, shiny|100/100
|move|p1a: Farigiraf|Helping Hand|p1b: Incineroar
|-singleturn|p1b: Incineroar|Helping Hand|[of] p1a: Farigiraf
|move|p1b: Incineroar|Throat Chop|p2b: Toxapex
|-damage|p2b: Toxapex|63/100
|-start|p2b: Toxapex|Throat Chop|[silent]
|move|p2a: Meganium|Earth Power|p1b: Incineroar
|-supereffective|p1b: Incineroar|1
|-damage|p1b: Incineroar|6/100
|
|-heal|p2b: Toxapex|68/100|[from] item: Leftovers
|upkeep
|turn|3
|
|t:|1783749225
|move|p2b: Toxapex|Toxic|p1a: Farigiraf
|-status|p1a: Farigiraf|tox
|move|p1b: Incineroar|Flare Blitz|p2a: Meganium
|-supereffective|p2a: Meganium|1
|-damage|p2a: Meganium|0 fnt
|faint|p2a: Meganium
|-damage|p1b: Incineroar|0 fnt|[from] Recoil
|faint|p1b: Incineroar
|move|p1a: Farigiraf|Thunderbolt|p2b: Toxapex
|-supereffective|p2b: Toxapex|1
|-damage|p2b: Toxapex|31/100
|
|-heal|p2b: Toxapex|37/100|[from] item: Leftovers
|-damage|p1a: Farigiraf|93/100 tox|[from] psn
|-end|p2b: Toxapex|Throat Chop|[silent]
|upkeep
|l|鈽唖torm2326
|player|p1|
|j|鈽唖torm2326
|player|p1|storm2326|170|
|
|t:|1783749253
|switch|p1b: Mawile|Mawile, L50, F|100/100
|switch|p2a: Slowking|Slowking, L50, M|100/100
|turn|4
|
|t:|1783749275
|detailschange|p1b: Mawile|Mawile-Mega, L50, F
|-mega|p1b: Mawile|Mawile|Mawilite
|move|p1a: Farigiraf|Helping Hand|p1b: Mawile
|-singleturn|p1b: Mawile|Helping Hand|[of] p1a: Farigiraf
|move|p2b: Toxapex|Baneful Bunker|p2b: Toxapex
|-singleturn|p2b: Toxapex|move: Protect
|move|p2a: Slowking|Flamethrower|p1b: Mawile
|-supereffective|p1b: Mawile|1
|-damage|p1b: Mawile|35/100
|-damage|p2a: Slowking|90/100|[from] item: Life Orb
|move|p1b: Mawile|Play Rough|p2a: Slowking
|-damage|p2a: Slowking|0 fnt
|faint|p2a: Slowking
|
|-heal|p2b: Toxapex|43/100|[from] item: Leftovers
|-damage|p1a: Farigiraf|81/100 tox|[from] psn
|upkeep
|
|t:|1783749290
|switch|p2a: Reuniclus|Reuniclus, L50, M, shiny|100/100
|turn|5
|
|t:|1783749307
|move|p2b: Toxapex|Acid Spray|p1b: Mawile
|-immune|p1b: Mawile
|move|p2a: Reuniclus|Thunder|p1b: Mawile
|-damage|p1b: Mawile|0 fnt
|faint|p1b: Mawile
|move|p1a: Farigiraf|Thunderbolt|p2b: Toxapex
|-supereffective|p2b: Toxapex|1
|-damage|p2b: Toxapex|7/100
|
|-heal|p2b: Toxapex|13/100|[from] item: Leftovers
|-damage|p1a: Farigiraf|62/100 tox|[from] psn
|-fieldend|move: Trick Room
|upkeep
|
|t:|1783749313
|switch|p1b: Kleavor|Kleavor, L50, F|100/100
|turn|6
|
|t:|1783749328
|move|p2b: Toxapex|Baneful Bunker|p2b: Toxapex
|-singleturn|p2b: Toxapex|move: Protect
|move|p1b: Kleavor|X-Scissor|p2a: Reuniclus
|-supereffective|p2a: Reuniclus|1
|-damage|p2a: Reuniclus|0 fnt
|faint|p2a: Reuniclus
|move|p1a: Farigiraf|Psychic|p2b: Toxapex
|-activate|p2b: Toxapex|move: Protect
|
|-heal|p2b: Toxapex|19/100|[from] item: Leftovers
|-damage|p1a: Farigiraf|38/100 tox|[from] psn
|upkeep
|-enditem|p1a: Farigiraf|Sitrus Berry|[eat]
|-heal|p1a: Farigiraf|62/100 tox|[from] item: Sitrus Berry
|turn|7
|
|t:|1783749342
|move|p2b: Toxapex|Baneful Bunker|p2b: Toxapex
|-singleturn|p2b: Toxapex|move: Protect
|move|p1b: Kleavor|X-Scissor|p2b: Toxapex
|-activate|p2b: Toxapex|move: Protect
|-status|p1b: Kleavor|psn
|move|p1a: Farigiraf|Thunderbolt|p2b: Toxapex
|-activate|p2b: Toxapex|move: Protect
|
|-heal|p2b: Toxapex|24/100|[from] item: Leftovers
|-damage|p1b: Kleavor|87/100 psn|[from] psn
|-damage|p1a: Farigiraf|31/100 tox|[from] psn
|upkeep
|turn|8
|
|t:|1783749357
|move|p2b: Toxapex|Baneful Bunker||[still]
|-fail|p2b: Toxapex
|move|p1b: Kleavor|Stone Axe|p2b: Toxapex
|-damage|p2b: Toxapex|0 fnt
|-sidestart|p2: Reed Strelitzia|move: Stealth Rock
|faint|p2b: Toxapex
|
|win|storm2326
||Reed Strelitzia is ready for game 2.
