|j|☆Hoanglatao
|j|☆GS Barnabe
|html|HoanglataoGS Barnabe    
|uhtml|bestof|Game 2 of a best-of-3
|t:|1786153724
|gametype|doubles
|player|p1|Hoanglatao|1|1178
|player|p2|GS Barnabe|2|1254
|gen|9
|tier|[Gen 9 Champions] VGC 2026 Reg M-B (Bo3)
|rated|
|rule|Species Clause: Limit one of each Pokémon
|rule|Item Clause: Limit 1 of each item
|clearpoke
|poke|p1|Farigiraf, L50, F|
|poke|p1|Torkoal, L50, M|
|poke|p1|Sylveon, L50, M|
|poke|p1|Milotic, L50, F|
|poke|p1|Staraptor, L50, F|
|poke|p1|Kingambit, L50, M|
|poke|p2|Clefable, L50, F|
|poke|p2|Tyranitar, L50, F|
|poke|p2|Garchomp, L50, F|
|poke|p2|Gholdengo, L50|
|poke|p2|Talonflame, L50, F|
|poke|p2|Venusaur, L50, M|
|teampreview|4
|showteam|p1|Farigiraf||ColburBerry|ArmorTail|Thunderbolt,TwinBeam,Protect,TrickRoom|Sassy||F|||50|]Torkoal||Charcoal|Drought|Eruption,EarthPower,Flamethrower,Protect|Quiet||M|||50|]Sylveon||SitrusBerry|Pixilate|Moonblast,Detect,HyperVoice,Yawn|Sassy||M|||50|]Milotic||Leftovers|Competitive|Scald,IcyWind,Recover,IceBeam|Bold||F|||50|]Staraptor||Staraptite|Intimidate|DualWingbeat,CloseCombat,BlazeKick,QuickAttack|Jolly||F|||50|]Kingambit||BlackGlasses|Defiant|KowtowCleave,Protect,SuckerPunch,BrickBreak|Adamant||M|||50|
|showteam|p2|Clefable||SitrusBerry|Unaware|Moonblast,FollowMe,IcyWind,Protect|Bold||F|||50|]Tyranitar||ChoiceScarf|SandStream|RockSlide,KnockOff,IcePunch,LowKick|Jolly||F|||50|]Garchomp||Garchompite|SandVeil|DracoMeteor,EarthPower,PowerGem,Protect|Modest||F|||50|]Gholdengo||LifeOrb|GoodasGold|MakeItRain,ShadowBall,NastyPlot,Protect|Modest|||||50|]Talonflame||Charcoal|GaleWings|FlareBlitz,DualWingbeat,Tailwind,Protect|Adamant||F|||50|]Venusaur||Venusaurite|Overgrow|GigaDrain,SludgeBomb,EarthPower,Protect|Modest||M|||50|
|
|t:|1786153750
|teamsize|p1|4
|teamsize|p2|4
|start
|switch|p1a: Farigiraf|Farigiraf, L50, F|100/100
|switch|p1b: Staraptor|Staraptor, L50, F|100/100
|switch|p2a: Garchomp|Garchomp, L50, F|100/100
|switch|p2b: Tyranitar|Tyranitar, L50, F|100/100
|-weather|Sandstorm|[from] ability: Sand Stream|[of] p2b: Tyranitar
|-ability|p1b: Staraptor|Intimidate|boost
|-unboost|p2a: Garchomp|atk|1
|-unboost|p2b: Tyranitar|atk|1
|turn|1
|inactive|Battle timer is ON: inactive players will automatically lose when time's up. (requested by GS Barnabe)
|
|t:|1786153768
|switch|p1a: Milotic|Milotic, L50, F|100/100
|detailschange|p1b: Staraptor|Staraptor-Mega, L50, F
|-mega|p1b: Staraptor|Staraptor|Staraptite
|detailschange|p2a: Garchomp|Garchomp-Mega, L50, F
|-mega|p2a: Garchomp|Garchomp|Garchompite
|move|p2b: Tyranitar|Rock Slide|p1b: Staraptor|[spread] p1b
|-miss|p2b: Tyranitar|p1a: Milotic
|-damage|p1b: Staraptor|78/100
|move|p1b: Staraptor|Close Combat|p2b: Tyranitar
|-supereffective|p2b: Tyranitar|2
|-damage|p2b: Tyranitar|0 fnt
|-boost|p1b: Staraptor|def|1
|-boost|p1b: Staraptor|spd|1
|faint|p2b: Tyranitar
|move|p2a: Garchomp|Draco Meteor|p1b: Staraptor
|-damage|p1b: Staraptor|21/100
|-unboost|p2a: Garchomp|spa|2
|
|-weather|Sandstorm|[upkeep]
|-damage|p1b: Staraptor|14/100|[from] Sandstorm
|-damage|p1a: Milotic|94/100|[from] Sandstorm
|-heal|p1a: Milotic|100/100|[from] item: Leftovers
|upkeep
|inactive|GS Barnabe has 30 seconds left.
|
|t:|1786153793
|switch|p2b: Clefable|Clefable, L50, F|100/100
|turn|2
|
|t:|1786153800
|switch|p1b: Farigiraf|Farigiraf, L50, F|100/100
|switch|p2a: Gholdengo|Gholdengo, L50|100/100
|move|p1a: Milotic|Icy Wind|p2a: Gholdengo|[spread] p2a,p2b
|-resisted|p2a: Gholdengo|1
|-damage|p2a: Gholdengo|94/100
|-damage|p2b: Clefable|89/100
|-unboost|p2a: Gholdengo|spe|1
|-unboost|p2b: Clefable|spe|1
|move|p2b: Clefable|Moonblast|p1b: Farigiraf
|-damage|p1b: Farigiraf|74/100
|
|-weather|Sandstorm|[upkeep]
|-damage|p1a: Milotic|94/100|[from] Sandstorm
|-damage|p1b: Farigiraf|68/100|[from] Sandstorm
|-damage|p2b: Clefable|83/100|[from] Sandstorm
|-heal|p1a: Milotic|100/100|[from] item: Leftovers
|upkeep
|turn|3
|inactive|GS Barnabe has 30 seconds left.
|
|t:|1786153832
|move|p1a: Milotic|Scald|p2a: Gholdengo
|-damage|p2a: Gholdengo|57/100
|move|p2a: Gholdengo|Nasty Plot|p2a: Gholdengo
|-boost|p2a: Gholdengo|spa|2
|move|p1b: Farigiraf|Thunderbolt|p2a: Gholdengo
|-damage|p2a: Gholdengo|31/100
|move|p2b: Clefable|Moonblast|p1a: Milotic
|-damage|p1a: Milotic|71/100
|
|-weather|Sandstorm|[upkeep]
|-damage|p1a: Milotic|65/100|[from] Sandstorm
|-damage|p1b: Farigiraf|61/100|[from] Sandstorm
|-damage|p2b: Clefable|77/100|[from] Sandstorm
|-heal|p1a: Milotic|71/100|[from] item: Leftovers
|upkeep
|turn|4
|
|t:|1786153856
|move|p1a: Milotic|Icy Wind|p2b: Clefable|[spread] p2a,p2b
|-resisted|p2a: Gholdengo|1
|-damage|p2a: Gholdengo|24/100
|-damage|p2b: Clefable|66/100
|-unboost|p2a: Gholdengo|spe|1
|-unboost|p2b: Clefable|spe|1
|move|p1b: Farigiraf|Twin Beam|p2b: Clefable
|-crit|p2b: Clefable
|-damage|p2b: Clefable|40/100
|-enditem|p2b: Clefable|Sitrus Berry|[eat]
|-heal|p2b: Clefable|65/100|[from] item: Sitrus Berry
|-damage|p2b: Clefable|47/100
|-hitcount|p2b: Clefable|2
|move|p2a: Gholdengo|Make It Rain|p1b: Farigiraf|[spread] p1a,p1b
|-resisted|p1a: Milotic|1
|-damage|p1a: Milotic|19/100
|-damage|p1b: Farigiraf|0 fnt
|-unboost|p2a: Gholdengo|spa|2
|faint|p1b: Farigiraf
|-damage|p2a: Gholdengo|15/100|[from] item: Life Orb
|move|p2b: Clefable|Moonblast|p1a: Milotic
|-damage|p1a: Milotic|0 fnt
|faint|p1a: Milotic
|
|-weather|Sandstorm|[upkeep]
|-damage|p2b: Clefable|41/100|[from] Sandstorm
|upkeep
|
|t:|1786153866
|switch|p1a: Torkoal|Torkoal, L50, M|100/100
|switch|p1b: Staraptor|Staraptor-Mega, L50, F|14/100
|-weather|SunnyDay|[from] ability: Drought|[of] p1a: Torkoal
|turn|5
|inactive|GS Barnabe has 30 seconds left.
|inactive|Hoanglatao has 30 seconds left.
|inactive|GS Barnabe has 20 seconds left.
|inactive|GS Barnabe has 15 seconds left.
|inactive|GS Barnabe has 10 seconds left.
|
|t:|1786153914
|move|p1b: Staraptor|Close Combat|p2b: Clefable
|-resisted|p2b: Clefable|1
|-damage|p2b: Clefable|13/100
|-boost|p1b: Staraptor|def|1
|-boost|p1b: Staraptor|spd|1
|move|p2a: Gholdengo|Shadow Ball|p1a: Torkoal
|-damage|p1a: Torkoal|38/100
|-unboost|p1a: Torkoal|spd|1
|-damage|p2a: Gholdengo|5/100|[from] item: Life Orb
|move|p2b: Clefable|Moonblast|p1b: Staraptor
|-supereffective|p1b: Staraptor|1
|-damage|p1b: Staraptor|0 fnt
|faint|p1b: Staraptor
|move|p1a: Torkoal|Eruption|p2a: Gholdengo|[spread] p2a,p2b
|-supereffective|p2a: Gholdengo|1
|-damage|p2a: Gholdengo|0 fnt
|-damage|p2b: Clefable|0 fnt
|faint|p2a: Gholdengo
|faint|p2b: Clefable
|
|-weather|SunnyDay|[upkeep]
|upkeep
|-message|Hoanglatao forfeited.
|
|win|GS Barnabe
|raw|Hoanglatao's rating: 1178 → 1158(-20 for losing)
|raw|GS Barnabe's rating: 1254 → 1274(+20 for winning)
|l|☆Hoanglatao
|player|p1|
