|j|Ōśåmerrypasta
|j|Ōśåskippr
|html|merrypastaskippr    
|uhtml|bestof|Game 2 of a best-of-3
|t:|1756791183
|gametype|doubles
|player|p1|merrypasta|miku-ghost|
|player|p2|skippr|pokemaniac|
|gen|9
|tier|[Gen 9] VGC 2025 Reg H (Bo3)
|rule|Species Clause: Limit one of each Pok├®mon
|rule|Item Clause: Limit 1 of each item
|clearpoke
|poke|p1|Gardevoir, L50, F|
|poke|p1|Farigiraf, L50, F|
|poke|p1|Politoed, L50, M|
|poke|p1|Hariyama, L50, M|
|poke|p1|Dragalge, L50, F|
|poke|p1|Electivire, L50, M|
|poke|p2|Metagross, L50|
|poke|p2|Baxcalibur, L50, F|
|poke|p2|Grimmsnarl, L50, M|
|poke|p2|Hitmontop, L50, M|
|poke|p2|Ceruledge, L50, F|
|poke|p2|Empoleon, L50, M|
|teampreview|4
|showteam|p1|Gardevoir||ChoiceScarf|Trace|DazzlingGleam,Psychic,Moonblast,Thunderbolt|||F|||50|,,,,,Fairy]Farigiraf||Leftovers|ArmorTail|Psychic,HelpingHand,Protect,TrickRoom|||F|||50|,,,,,Fairy]Politoed||EjectPack|Drizzle|WeatherBall,HelpingHand,Protect,PerishSong|||M|||50|,,,,,Grass]Hariyama||FlameOrb|Guts|DrainPunch,KnockOff,Protect,FakeOut|||M|||50|,,,,,Dark]Dragalge||LifeOrb|Adaptability|SludgeBomb,DragonPulse,Protect,Scald|||F|||50|,,,,,Water]Electivire||SitrusBerry|VitalSpirit|ThunderPunch,FollowMe,Protect,EerieImpulse|||M|||50|,,,,,Fire
|showteam|p2|Metagross||AssaultVest|ClearBody|HeavySlam,PsychicFangs,StompingTantrum,BulletPunch||||||50|,,,,,Grass]Baxcalibur||LoadedDice|ThermalExchange|IcicleSpear,ScaleShot,SwordsDance,Protect|||F|||50|,,,,,Poison]Grimmsnarl||LightClay|Prankster|Reflect,LightScreen,Taunt,SpiritBreak|||M|||50|,,,,,Ghost]Hitmontop||EjectButton|Intimidate|FakeOut,Coaching,CloseCombat,WideGuard|||M|||50|,,,,,Steel]Ceruledge||SafetyGoggles|FlashFire|BitterBlade,ShadowSneak,BulkUp,Protect|||F|||50|,,,,,Bug]Empoleon||SitrusBerry|Competitive|WaterPledge,FlashCannon,IcyWind,Protect|||M|||50|,,,,,Grass
|
|t:|1756791199
|teamsize|p1|4
|teamsize|p2|4
|start
|switch|p1a: Gardevoir|Gardevoir, L50, F|100/100
|switch|p1b: Farigiraf|Farigiraf, L50, F|100/100
|switch|p2a: Grimmsnarl|Grimmsnarl, L50, M|100/100
|switch|p2b: Hitmontop|Hitmontop, L50, M|100/100
|-ability|p1a: Gardevoir|Intimidate|Trace|[from] ability: Trace|[of] p2b: Hitmontop
|-ability|p1a: Gardevoir|Intimidate|boost
|-unboost|p2a: Grimmsnarl|atk|1
|-unboost|p2b: Hitmontop|atk|1
|-ability|p2b: Hitmontop|Intimidate|boost
|-unboost|p1a: Gardevoir|atk|1
|-unboost|p1b: Farigiraf|atk|1
|turn|1
|
|t:|1756791222
|switch|p2a: Ceruledge|Ceruledge, L50, F|100/100
|-terastallize|p1a: Gardevoir|Fairy
|move|p1b: Farigiraf|Helping Hand|p1a: Gardevoir
|-singleturn|p1a: Gardevoir|Helping Hand|[of] p1b: Farigiraf
|move|p1a: Gardevoir|Moonblast|p2a: Ceruledge
|-resisted|p2a: Ceruledge
|-damage|p2a: Ceruledge|52/100
|move|p2b: Hitmontop|Coaching|p2a: Ceruledge
|-boost|p2a: Ceruledge|atk|1
|-boost|p2a: Ceruledge|def|1
|
|upkeep
|turn|2
|
|t:|1756791250
|switch|p1a: Dragalge|Dragalge, L50, F|100/100
|move|p2b: Hitmontop|Coaching|p2a: Ceruledge
|-boost|p2a: Ceruledge|atk|1
|-boost|p2a: Ceruledge|def|1
|move|p2a: Ceruledge|Bitter Blade|p1a: Dragalge
|-resisted|p1a: Dragalge
|-crit|p1a: Dragalge
|-damage|p1a: Dragalge|16/100
|-heal|p2a: Ceruledge|92/100|[from] drain|[of] p1a: Dragalge
|move|p1b: Farigiraf|Trick Room|p1b: Farigiraf
|-fieldstart|move: Trick Room|[of] p1b: Farigiraf
|
|upkeep
|turn|3
|
|t:|1756791270
|move|p1a: Dragalge|Protect|p1a: Dragalge
|-singleturn|p1a: Dragalge|Protect
|move|p2a: Ceruledge|Protect|p2a: Ceruledge
|-singleturn|p2a: Ceruledge|Protect
|move|p1b: Farigiraf|Psychic|p2b: Hitmontop
|-supereffective|p2b: Hitmontop
|-damage|p2b: Hitmontop|42/100
|-enditem|p2b: Hitmontop|Eject Button
|
|t:|1756791277
|switch|p2b: Grimmsnarl|Grimmsnarl, L50, M|100/100
|
|upkeep
|turn|4
|
|t:|1756791316
|move|p1b: Farigiraf|Helping Hand|p1a: Dragalge
|-singleturn|p1a: Dragalge|Helping Hand|[of] p1b: Farigiraf
|move|p2b: Grimmsnarl|Light Screen|p2b: Grimmsnarl
|-sidestart|p2: skippr|move: Light Screen
|move|p1a: Dragalge|Sludge Bomb|p2b: Grimmsnarl
|-supereffective|p2b: Grimmsnarl
|-damage|p2b: Grimmsnarl|0 fnt
|faint|p2b: Grimmsnarl
|-damage|p1a: Dragalge|6/100|[from] item: Life Orb
|move|p2a: Ceruledge|Bulk Up|p2a: Ceruledge
|-boost|p2a: Ceruledge|atk|1
|-boost|p2a: Ceruledge|def|1
|
|upkeep
|
|t:|1756791327
|switch|p2b: Hitmontop|Hitmontop, L50, M|42/100
|-ability|p2b: Hitmontop|Intimidate|boost
|-unboost|p1a: Dragalge|atk|1
|-unboost|p1b: Farigiraf|atk|1
|turn|5
|
|t:|1756791364
|move|p1a: Dragalge|Dragon Pulse|p2a: Ceruledge
|-crit|p2a: Ceruledge
|-damage|p2a: Ceruledge|0 fnt
|faint|p2a: Ceruledge
|-damage|p1a: Dragalge|0 fnt|[from] item: Life Orb
|faint|p1a: Dragalge
|move|p1b: Farigiraf|Psychic|p2b: Hitmontop
|-supereffective|p2b: Hitmontop
|-damage|p2b: Hitmontop|3/100
|move|p2b: Hitmontop|Coaching|p2: Ceruledge|[notarget]
|-fail|p2b: Hitmontop
|
|upkeep
|c|Ōśåmerrypasta|oof
|c|Ōśåmerrypasta|idk if that mattered
|c|Ōśåmerrypasta|apologies if it did
|c|Ōśåmerrypasta|adaptability lorb is a nuclear bomb but it was in light screen
|c|Ōśåskippr|Ye it did
|
|t:|1756791400
|switch|p1a: Hariyama|Hariyama, L50, M|100/100
|switch|p2a: Metagross|Metagross, L50|100/100
|turn|6
|
|t:|1756791449
|move|p1a: Hariyama|Fake Out|p2a: Metagross
|-resisted|p2a: Metagross
|-damage|p2a: Metagross|95/100
|move|p1b: Farigiraf|Psychic|p2b: Hitmontop
|-supereffective|p2b: Hitmontop
|-damage|p2b: Hitmontop|0 fnt
|faint|p2b: Hitmontop
|cant|p2a: Metagross|flinch
|
|-fieldend|move: Trick Room
|-status|p1a: Hariyama|brn|[from] item: Flame Orb
|upkeep
|turn|7
|
|t:|1756791467
|move|p1b: Farigiraf|Helping Hand|p1a: Hariyama
|-singleturn|p1a: Hariyama|Helping Hand|[of] p1b: Farigiraf
|move|p2a: Metagross|Heavy Slam|p1b: Farigiraf
|-damage|p1b: Farigiraf|61/100
|move|p1a: Hariyama|Knock Off|p2a: Metagross
|-supereffective|p2a: Metagross
|-damage|p2a: Metagross|0 fnt
|-enditem|p2a: Metagross|Assault Vest|[from] move: Knock Off|[of] p1a: Hariyama
|faint|p2a: Metagross
|
|win|merrypasta
||merrypasta is ready for game 3.
||skippr is ready for game 3.
|uhtml|next|Next: Game 3 of 3
|l|Ōśåmerrypasta
|player|p1|
