|j|☆razorsharp01
|j|☆taj11
|html|razorsharp01taj11    
|uhtml|bestof|Game 2 of a best-of-3
|t:|1757838000
|gametype|doubles
|player|p1|razorsharp01|falkner|1143
|player|p2|taj11|265|1206
|gen|9
|tier|[Gen 9] VGC 2025 Reg H (Bo3)
|rated|
|rule|Species Clause: Limit one of each Pokémon
|rule|Item Clause: Limit 1 of each item
|clearpoke
|poke|p1|Torkoal, L50, F|
|poke|p1|Porygon2, L50|
|poke|p1|Incineroar, L50, F|
|poke|p1|Jumpluff, L50, M|
|poke|p1|Ursaluna, L50, M|
|poke|p1|Yanma, L50, F|
|poke|p2|Volcarona, L50, F|
|poke|p2|Rillaboom, L50, F|
|poke|p2|Baxcalibur, L50, F|
|poke|p2|Kingambit, L50, F|
|poke|p2|Sneasler, L50, M|
|poke|p2|Dondozo, L50, M|
|teampreview|4
|showteam|p1|Torkoal||ChoiceSpecs|Drought|Eruption,Overheat,HelpingHand,Protect|||F|||50|,,,,,Fire]Porygon2||Eviolite|Download|TeraBlast,IceBeam,Recover,TrickRoom||||||50|,,,,,Fighting]Incineroar||SafetyGoggles|Intimidate|FlareBlitz,KnockOff,FakeOut,PartingShot|||F|||50|,,,,,Ghost]Jumpluff||CovertCloak|Chlorophyll|SleepPowder,SunnyDay,RagePowder,Tailwind|||M|||50|,,,,,Water]Ursaluna||FlameOrb|Guts|HeadlongRush,Facade,Earthquake,Protect|||M|||50|,,,,,Ghost]Yanma||FocusSash|SpeedBoost|Hypnosis,AirSlash,Tailwind,SunnyDay|||F|||50|,,,,,Bug
|showteam|p2|Volcarona||CovertCloak|FlameBody|HeatWave,TeraBlast,QuiverDance,RagePowder|||F|||50|,,,,,Fairy]Rillaboom||AssaultVest|GrassySurge|WoodHammer,GrassyGlide,HighHorsepower,FakeOut|||F|||50|,,,,,Water]Baxcalibur||LoadedDice|ThermalExchange|IceShard,ScaleShot,IcicleSpear,Protect|||F|||50|,,,,,Ghost]Kingambit||BlackGlasses|Defiant|KowtowCleave,SuckerPunch,SwordsDance,Protect|||F|||50|,,,,,Ghost]Sneasler||FocusSash|PoisonTouch|CloseCombat,DireClaw,Coaching,FakeOut|||M|||50|,,,,,Stellar]Dondozo||Leftovers|Unaware|Protect,Liquidation,Yawn,Fissure|||M|||50|,,,,,Poison
|
|t:|1757838031
|teamsize|p1|4
|teamsize|p2|4
|start
|switch|p1a: Incineroar|Incineroar, L50, F|100/100
|switch|p1b: Porygon2|Porygon2, L50|100/100
|switch|p2a: Kingsman|Kingambit, L50, F|100/100
|switch|p2b: Clawbird|Sneasler, L50, M|100/100
|-ability|p1b: Porygon2|Download|boost
|-boost|p1b: Porygon2|atk|1
|-ability|p1a: Incineroar|Intimidate|boost
|-unboost|p2a: Kingsman|atk|1
|-ability|p2a: Kingsman|Defiant|boost
|-boost|p2a: Kingsman|atk|2
|-unboost|p2b: Clawbird|atk|1
|turn|1
|
|t:|1757838054
|-terastallize|p1b: Porygon2|Fighting
|-terastallize|p2a: Kingsman|Ghost
|move|p2b: Clawbird|Fake Out|p1b: Porygon2
|-damage|p1b: Porygon2|94/100
|-status|p1b: Porygon2|psn|[from] ability: Poison Touch|[of] p2b: Clawbird
|move|p1a: Incineroar|Fake Out|p2b: Clawbird
|-damage|p2b: Clawbird|81/100
|cant|p1b: Porygon2|flinch
|move|p2a: Kingsman|Kowtow Cleave|p1b: Porygon2
|-resisted|p1b: Porygon2
|-damage|p1b: Porygon2|64/100 psn
|
|-damage|p1b: Porygon2|52/100 psn|[from] psn
|upkeep
|turn|2
|
|t:|1757838081
|move|p2b: Clawbird|Close Combat|p1b: Porygon2
|-damage|p1b: Porygon2|23/100 psn
|-unboost|p2b: Clawbird|def|1
|-unboost|p2b: Clawbird|spd|1
|move|p1a: Incineroar|Knock Off|p2a: Kingsman
|-supereffective|p2a: Kingsman
|-damage|p2a: Kingsman|36/100
|-enditem|p2a: Kingsman|Black Glasses|[from] move: Knock Off|[of] p1a: Incineroar
|move|p2a: Kingsman|Kowtow Cleave|p1b: Porygon2
|-resisted|p1b: Porygon2
|-damage|p1b: Porygon2|0 fnt
|faint|p1b: Porygon2
|
|upkeep
|
|t:|1757838092
|switch|p1b: Ursaluna|Ursaluna, L50, M|100/100
|turn|3
|
|t:|1757838104
|move|p1b: Ursaluna|Protect|p1b: Ursaluna
|-singleturn|p1b: Ursaluna|Protect
|move|p2b: Clawbird|Close Combat|p1a: Incineroar
|-supereffective|p1a: Incineroar
|-damage|p1a: Incineroar|13/100
|-unboost|p2b: Clawbird|def|1
|-unboost|p2b: Clawbird|spd|1
|-status|p1a: Incineroar|psn|[from] ability: Poison Touch|[of] p2b: Clawbird
|move|p1a: Incineroar|Flare Blitz|p2b: Clawbird
|-damage|p2b: Clawbird|0 fnt
|faint|p2b: Clawbird
|-damage|p1a: Incineroar|0 fnt|[from] Recoil
|faint|p1a: Incineroar
|move|p2a: Kingsman|Kowtow Cleave|p1b: Ursaluna
|-activate|p1b: Ursaluna|move: Protect
|
|-status|p1b: Ursaluna|brn|[from] item: Flame Orb
|upkeep
|
|t:|1757838115
|switch|p2b: BoomBoom|Rillaboom, L50, F|100/100
|switch|p1a: Torkoal|Torkoal, L50, F|100/100
|-fieldstart|move: Grassy Terrain|[from] ability: Grassy Surge|[of] p2b: BoomBoom
|-weather|SunnyDay|[from] ability: Drought|[of] p1a: Torkoal
|turn|4
|
|t:|1757838125
|move|p2b: BoomBoom|Wood Hammer|p1b: Ursaluna
|-supereffective|p1b: Ursaluna
|-damage|p1b: Ursaluna|0 fnt
|faint|p1b: Ursaluna
|-damage|p2b: BoomBoom|64/100|[from] Recoil
|move|p2a: Kingsman|Kowtow Cleave|p1a: Torkoal
|-damage|p1a: Torkoal|42/100
|move|p1a: Torkoal|Eruption|p2a: Kingsman|[spread] p2a,p2b
|-supereffective|p2b: BoomBoom
|-damage|p2a: Kingsman|0 fnt
|-damage|p2b: BoomBoom|3/100
|faint|p2a: Kingsman
|
|-weather|SunnyDay|[upkeep]
|-heal|p2b: BoomBoom|9/100|[from] Grassy Terrain
|-heal|p1a: Torkoal|49/100|[from] Grassy Terrain
|upkeep
|
|t:|1757838134
|switch|p2a: Lè Fish|Dondozo, L50, M|100/100
|turn|5
|
|t:|1757838138
|move|p2b: BoomBoom|High Horsepower|p1a: Torkoal
|-supereffective|p1a: Torkoal
|-damage|p1a: Torkoal|1/100
|move|p2a: Lè Fish|Yawn|p1a: Torkoal
|-start|p1a: Torkoal|move: Yawn|[of] p2a: Lè Fish
|move|p1a: Torkoal|Eruption|p2b: BoomBoom|[spread] p2a,p2b
|-resisted|p2a: Lè Fish
|-supereffective|p2b: BoomBoom
|-damage|p2a: Lè Fish|99/100
|-damage|p2b: BoomBoom|8/100
|
|-weather|SunnyDay|[upkeep]
|-heal|p2b: BoomBoom|14/100|[from] Grassy Terrain
|-heal|p2a: Lè Fish|100/100|[from] Grassy Terrain
|-heal|p1a: Torkoal|7/100|[from] Grassy Terrain
|upkeep
|turn|6
|
|t:|1757838149
|move|p2b: BoomBoom|Fake Out||[still]
|-hint|Fake Out only works on your first turn out.
|-fail|p2b: BoomBoom
|move|p2a: Lè Fish|Fissure|p1a: Torkoal|[miss]
|-miss|p2a: Lè Fish|p1a: Torkoal
|move|p1a: Torkoal|Eruption|p2b: BoomBoom|[spread] p2a,p2b
|-resisted|p2a: Lè Fish
|-supereffective|p2b: BoomBoom
|-damage|p2a: Lè Fish|98/100
|-damage|p2b: BoomBoom|2/100
|
|-weather|SunnyDay|[upkeep]
|-heal|p2b: BoomBoom|8/100|[from] Grassy Terrain
|-heal|p2a: Lè Fish|100/100|[from] Grassy Terrain
|-heal|p1a: Torkoal|13/100|[from] Grassy Terrain
|-end|p1a: Torkoal|move: Yawn|[silent]
|-status|p1a: Torkoal|slp
|upkeep
|turn|7
|
|t:|1757838157
|move|p2b: BoomBoom|Fake Out||[still]
|-hint|Fake Out only works on your first turn out.
|-fail|p2b: BoomBoom
|move|p2a: Lè Fish|Fissure|p1a: Torkoal
|-damage|p1a: Torkoal|0 fnt
|faint|p1a: Torkoal
|-ohko
|
|win|taj11
||taj11 is ready for game 3.
||razorsharp01 is ready for game 3.
|uhtml|next|Next: Game 3 of 3
|l|☆razorsharp01
|player|p1|
|l|☆taj11
|player|p2|
