|j|☆merr123
|j|☆Curebo
|html|merr123Curebo    
|uhtml|bestof|Game 2 of a best-of-3
|t:|1782346923
|gametype|doubles
|player|p1|merr123|169|1147
|player|p2|Curebo|clay|1147
|gen|9
|tier|[Gen 9 Champions] VGC 2026 Reg M-B (Bo3)
|rated|
|rule|Species Clause: Limit one of each Pokémon
|rule|Item Clause: Limit 1 of each item
|clearpoke
|poke|p1|Sneasler, L50, F|
|poke|p1|Staraptor, L50, F|
|poke|p1|Manectric, L50, M|
|poke|p1|Sinistcha, L50|
|poke|p1|Kingambit, L50, F|
|poke|p1|Mamoswine, L50, M|
|poke|p2|Excadrill, L50, F, shiny|
|poke|p2|Tyranitar, L50, F, shiny|
|poke|p2|Corviknight, L50, F, shiny|
|poke|p2|Hydreigon, L50, F, shiny|
|poke|p2|Houndstone, L50, M, shiny|
|poke|p2|Sinistcha-Masterpiece, L50|
|teampreview|4
|showteam|p1|Sneasler||FocusSash|PoisonTouch|FakeOut,CloseCombat,DireClaw,Coaching|Jolly||F|||50|]Staraptor||Staraptite|Intimidate|CloseCombat,BraveBird,Tailwind,Protect|Adamant||F|||50|]Manectric||Manectite|LightningRod|Thunderbolt,Snarl,VoltSwitch,Protect|Timid||M|||50|]Sinistcha||SitrusBerry|Hospitality|MatchaGotcha,RagePowder,TrickRoom,Protect|Calm|||||50|]Kingambit||BlackGlasses|Defiant|SwordsDance,KowtowCleave,SuckerPunch,Protect|Adamant||F|||50|]Mamoswine||ChoiceScarf|Oblivious|IcicleCrash,Earthquake,IceShard,HighHorsepower|Jolly||M|||50|
|showteam|p2|Excadrill||FocusSash|SandRush|Earthquake,IronHead,RockSlide,Protect|Adamant||F|||50|]Tyranitar||Tyranitarite|SandStream|RockSlide,KnockOff,LowKick,Protect|Adamant||F|||50|]Corviknight||Leftovers|MirrorArmor|BraveBird,BulkUp,Roost,Tailwind|Careful||F|||50|]Hydreigon||ChoiceScarf|Levitate|DracoMeteor,DarkPulse,HeatWave,Snarl|Modest||F|||50|]Houndstone||SitrusBerry|SandRush|LastRespects,WillOWisp,BodyPress,Protect|Adamant||M|||50|]Sinistcha-Masterpiece||KasibBerry|Hospitality|MatchaGotcha,Protect,TrickRoom,RagePowder|Relaxed|||||50|
|inactive|Battle timer is ON: inactive players will automatically lose when time's up. (requested by merr123)
|inactive|Curebo also wants the timer to be on.
|inactive|merr123 has 60 seconds left.
|inactive|Curebo has 60 seconds left.
|
|t:|1782346980
|teamsize|p1|4
|teamsize|p2|4
|start
|switch|p1a: Sneasler|Sneasler, L50, F|100/100
|switch|p1b: Manectric|Manectric, L50, M|100/100
|switch|p2a: Sinistcha|Sinistcha-Masterpiece, L50|100/100
|switch|p2b: Houndstone|Houndstone, L50, M, shiny|100/100
|turn|1
|inactive|merr123 has 30 seconds left.
|inactive|Curebo has 30 seconds left.
|
|t:|1782347009
|detailschange|p1b: Manectric|Manectric-Mega, L50, M
|-mega|p1b: Manectric|Manectric|Manectite
|-ability|p1b: Manectric|Intimidate|boost
|-unboost|p2a: Sinistcha|atk|1
|-unboost|p2b: Houndstone|atk|1
|move|p1b: Manectric|Volt Switch|p2b: Houndstone
|-damage|p2b: Houndstone|60/100
|
|t:|1782347014
|switch|p1b: Mamoswine|Mamoswine, L50, M|100/100|[from] Volt Switch
|move|p1a: Sneasler|Coaching|p1b: Mamoswine
|-boost|p1b: Mamoswine|atk|1
|-boost|p1b: Mamoswine|def|1
|move|p2b: Houndstone|Will-O-Wisp|p1a: Sneasler
|-status|p1a: Sneasler|brn
|move|p2a: Sinistcha|Matcha Gotcha|p1a: Sneasler|[spread] p1a,p1b
|-resisted|p1a: Sneasler|1
|-supereffective|p1b: Mamoswine|1
|-damage|p1a: Sneasler|84/100 brn
|-damage|p1b: Mamoswine|31/100
|
|-damage|p1a: Sneasler|78/100 brn|[from] brn
|upkeep
|turn|2
|inactive|Curebo has 30 seconds left.
|inactive|Curebo has 20 seconds left.
|inactive|Curebo has 15 seconds left.
|inactive|Curebo has 10 seconds left.
|
|t:|1782347062
|switch|p2b: Hydreigon|Hydreigon, L50, F, shiny|100/100
|move|p1b: Mamoswine|Icicle Crash|p2a: Sinistcha
|-supereffective|p2a: Sinistcha|1
|-damage|p2a: Sinistcha|0 fnt
|faint|p2a: Sinistcha
|move|p1a: Sneasler|Coaching|p1b: Mamoswine
|-boost|p1b: Mamoswine|atk|1
|-boost|p1b: Mamoswine|def|1
|
|-damage|p1a: Sneasler|73/100 brn|[from] brn
|upkeep
|
|t:|1782347071
|switch|p2a: Tyranitar|Tyranitar, L50, F, shiny|100/100
|-weather|Sandstorm|[from] ability: Sand Stream|[of] p2a: Tyranitar
|turn|3
|inactive|Curebo has 30 seconds left.
|
|t:|1782347100
|switch|p1b: Manectric|Manectric-Mega, L50, M|100/100
|-ability|p1b: Manectric|Intimidate|boost
|-unboost|p2a: Tyranitar|atk|1
|-unboost|p2b: Hydreigon|atk|1
|detailschange|p2a: Tyranitar|Tyranitar-Mega, L50, F, shiny
|-mega|p2a: Tyranitar|Tyranitar|Tyranitarite
|move|p2b: Hydreigon|Heat Wave|p1b: Manectric|[spread] p1a,p1b
|-damage|p1a: Sneasler|36/100 brn
|-damage|p1b: Manectric|60/100
|move|p1a: Sneasler|Close Combat|p2b: Hydreigon
|-supereffective|p2b: Hydreigon|1
|-damage|p2b: Hydreigon|26/100
|-unboost|p1a: Sneasler|def|1
|-unboost|p1a: Sneasler|spd|1
|move|p2a: Tyranitar|Rock Slide|p1a: Sneasler|[spread] p1a,p1b
|-resisted|p1a: Sneasler|1
|-damage|p1a: Sneasler|8/100 brn
|-damage|p1b: Manectric|27/100
|
|-weather|Sandstorm|[upkeep]
|-damage|p2b: Hydreigon|20/100y|[from] Sandstorm
|-damage|p1b: Manectric|21/100|[from] Sandstorm
|-damage|p1a: Sneasler|2/100 brn|[from] Sandstorm
|-damage|p1a: Sneasler|0 fnt|[from] brn
|faint|p1a: Sneasler
|upkeep
|inactive|merr123 has 30 seconds left.
|inactive|merr123 has 20 seconds left.
|inactive|merr123 has 15 seconds left.
|inactive|merr123 has 10 seconds left.
|
|t:|1782347145
|switch|p1a: Staraptor|Staraptor, L50, F|100/100
|-ability|p1a: Staraptor|Intimidate|boost
|-unboost|p2a: Tyranitar|atk|1
|-unboost|p2b: Hydreigon|atk|1
|turn|4
|
|t:|1782347158
|move|p1b: Manectric|Protect|p1b: Manectric
|-singleturn|p1b: Manectric|Protect
|move|p2b: Hydreigon|Heat Wave|p1b: Manectric|[spread] p1a
|-activate|p1b: Manectric|move: Protect
|-damage|p1a: Staraptor|67/100
|move|p1a: Staraptor|Close Combat|p2a: Tyranitar
|-supereffective|p2a: Tyranitar|2
|-damage|p2a: Tyranitar|0 fnt
|-unboost|p1a: Staraptor|def|1
|-unboost|p1a: Staraptor|spd|1
|faint|p2a: Tyranitar
|
|-weather|Sandstorm|[upkeep]
|-damage|p2b: Hydreigon|14/100|[from] Sandstorm
|-damage|p1b: Manectric|14/100|[from] Sandstorm
|-damage|p1a: Staraptor|61/100|[from] Sandstorm
|upkeep
|
|t:|1782347161
|switch|p2a: Houndstone|Houndstone, L50, M, shiny|60/100
|turn|5
|inactive|merr123 has 30 seconds left.
|
|t:|1782347195
|move|p1a: Staraptor|Protect|p1a: Staraptor
|-singleturn|p1a: Staraptor|Protect
|move|p2a: Houndstone|Body Press|p1a: Staraptor
|-activate|p1a: Staraptor|move: Protect
|move|p2b: Hydreigon|Heat Wave|p1a: Staraptor|[spread] p1b
|-activate|p1a: Staraptor|move: Protect
|-damage|p1b: Manectric|0 fnt
|faint|p1b: Manectric
|
|-weather|Sandstorm|[upkeep]
|-damage|p2b: Hydreigon|9/100|[from] Sandstorm
|-damage|p1a: Staraptor|55/100|[from] Sandstorm
|upkeep
|
|t:|1782347201
|switch|p1b: Mamoswine|Mamoswine, L50, M|31/100
|turn|6
|
|t:|1782347213
|move|p1b: Mamoswine|Ice Shard|p2b: Hydreigon
|-supereffective|p2b: Hydreigon|1
|-damage|p2b: Hydreigon|0 fnt
|faint|p2b: Hydreigon
|move|p2a: Houndstone|Body Press|p1a: Staraptor
|-damage|p1a: Staraptor|15/100
|move|p1a: Staraptor|Brave Bird|p2a: Houndstone
|-damage|p2a: Houndstone|0 fnt
|faint|p2a: Houndstone
|-damage|p1a: Staraptor|0 fnt|[from] Recoil
|faint|p1a: Staraptor
|
|win|merr123
|raw|merr123's rating: 1147 → 1172(+25 for winning)
|raw|Curebo's rating: 1147 → 1122(-25 for losing)
