|j|☆n1shan
|j|☆viatles
|html|n1shanviatles    
|uhtml|bestof|Game 1 of a best-of-3
|t:|1756927174
|gametype|doubles
|player|p1|n1shan|266|1040
|player|p2|viatles|hiker|1033
|gen|9
|tier|[Gen 9] VGC 2025 Reg H (Bo3)
|rated|
|rule|Species Clause: Limit one of each Pokémon
|rule|Item Clause: Limit 1 of each item
|clearpoke
|poke|p1|Incineroar, L50, F|
|poke|p1|Basculegion, L50, M|
|poke|p1|Dragonite, L50, M|
|poke|p1|Gothitelle, L50, M|
|poke|p1|Archaludon, L50, F|
|poke|p1|Politoed, L50, F|
|poke|p2|Oricorio-Sensu, L50, M|
|poke|p2|Volcarona, L50, F|
|poke|p2|Garchomp, L50, M|
|poke|p2|Scizor, L50, F|
|poke|p2|Mienshao, L50, F|
|poke|p2|Milotic, L50, M|
|teampreview|4
|showteam|p1|Incineroar||SafetyGoggles|Intimidate|FakeOut,KnockOff,PartingShot,FlareBlitz|||F|||50|,,,,,Ghost]Basculegion||AssaultVest|SwiftSwim|WaveCrash,AquaJet,FlipTurn,LastRespects|||M|||50|,,,,,Water]Dragonite||LoadedDice|Multiscale|ExtremeSpeed,Tailwind,ScaleShot,Protect|||M|||50|,,,,,Normal]Gothitelle||CovertCloak|ShadowTag|FakeOut,Protect,TrickRoom,Psychic|||M|||50|,,,,,Steel]Archaludon||PowerHerb|Stamina|ElectroShot,FlashCannon,Snarl,Protect|||F|||50|,,,,,Electric]Politoed||Leftovers|Drizzle|PerishSong,WeatherBall,Protect,Encore|||F|||50|,,,,,Grass
|showteam|p2|Oricorio-Sensu||FocusSash|Dancer|QuiverDance,BatonPass,RevelationDance,Protect|||M|||50|,,,,,Fighting]Volcarona||SitrusBerry|FlameBody|QuiverDance,GigaDrain,FieryDance,Protect|||F|||50|,,,,,Grass]Garchomp||ClearAmulet|RoughSkin|IronHead,DragonClaw,RockSlide,Earthquake|||M|||50|,,,,,Steel]Scizor||AssaultVest|Technician|BulletPunch,BugBite,DualWingbeat,Thief|||F|||50|,,,,,Stellar]Mienshao||SafetyGoggles|InnerFocus|FakeOut,CloseCombat,TripleAxel,WideGuard|||F|||50|,,,,,Fire]Milotic||Leftovers|Competitive|Scald,Protect,IcyWind,LifeDew|||M|||50|,,,,,Grass
|c|☆viatles|gl hf
|inactive|Battle timer is ON: inactive players will automatically lose when time's up. (requested by viatles)
|inactive|viatles has 60 seconds left.
|
|t:|1756927222
|teamsize|p1|4
|teamsize|p2|4
|start
|switch|p1a: Incineroar|Incineroar, L50, F|100/100
|switch|p1b: Dragonite|Dragonite, L50, M|100/100
|switch|p2a: Mienshao|Mienshao, L50, F|100/100
|switch|p2b: Volcarona|Volcarona, L50, F|100/100
|-ability|p1a: Incineroar|Intimidate|boost
|-fail|p2a: Mienshao|unboost|Attack|[from] ability: Inner Focus|[of] p2a: Mienshao
|-unboost|p2b: Volcarona|atk|1
|turn|1
|inactive|n1shan has 30 seconds left.
|inactive|viatles has 30 seconds left.
|inactive|n1shan has 20 seconds left.
|inactive|n1shan has 15 seconds left.
|
|t:|1756927265
|-terastallize|p1a: Incineroar|Ghost
|move|p2a: Mienshao|Fake Out|p1a: Incineroar
|-immune|p1a: Incineroar
|move|p1a: Incineroar|Fake Out|p2b: Volcarona
|-damage|p2b: Volcarona|88/100
|cant|p2b: Volcarona|flinch
|move|p1b: Dragonite|Tailwind|p1b: Dragonite
|-sidestart|p1: n1shan|move: Tailwind
|
|upkeep
|turn|2
|inactive|n1shan has 30 seconds left.
|
|t:|1756927292
|move|p1b: Dragonite|Scale Shot|p2b: Volcarona
|-damage|p2b: Volcarona|72/100
|-damage|p2b: Volcarona|58/100
|-damage|p2b: Volcarona|41/100
|-enditem|p2b: Volcarona|Sitrus Berry|[eat]
|-heal|p2b: Volcarona|66/100|[from] item: Sitrus Berry
|-damage|p2b: Volcarona|50/100
|-damage|p2b: Volcarona|35/100
|-hitcount|p2b: Volcarona|5
|-unboost|p1b: Dragonite|def|1
|-boost|p1b: Dragonite|spe|1
|move|p2a: Mienshao|Triple Axel|p1b: Dragonite
|-supereffective|p1b: Dragonite
|-damage|p1b: Dragonite|79/100
|-supereffective|p1b: Dragonite
|-crit|p1b: Dragonite
|-damage|p1b: Dragonite|0 fnt
|faint|p1b: Dragonite
|-hitcount|p1: Dragonite|2
|move|p1a: Incineroar|Knock Off|p2b: Volcarona
|-damage|p2b: Volcarona|4/100
|move|p2b: Volcarona|Quiver Dance|p2b: Volcarona
|-boost|p2b: Volcarona|spa|1
|-boost|p2b: Volcarona|spd|1
|-boost|p2b: Volcarona|spe|1
|
|upkeep
|inactive|n1shan has 30 seconds left.
|
|t:|1756927318
|switch|p1b: Politoed|Politoed, L50, F|100/100
|-weather|RainDance|[from] ability: Drizzle|[of] p1b: Politoed
|turn|3
|inactive|viatles has 30 seconds left.
|
|t:|1756927347
|move|p2b: Volcarona|Giga Drain|p1b: Politoed
|-supereffective|p1b: Politoed
|-damage|p1b: Politoed|36/100
|-heal|p2b: Volcarona|38/100|[from] drain|[of] p1b: Politoed
|move|p1b: Politoed|Weather Ball|p2b: Volcarona
|-supereffective|p2b: Volcarona
|-damage|p2b: Volcarona|0 fnt
|faint|p2b: Volcarona
|move|p2a: Mienshao|Triple Axel|p1a: Incineroar
|-damage|p1a: Incineroar|94/100
|-damage|p1a: Incineroar|82/100
|-damage|p1a: Incineroar|62/100
|-hitcount|p1a: Incineroar|3
|move|p1a: Incineroar|Knock Off|p2a: Mienshao
|-resisted|p2a: Mienshao
|-damage|p2a: Mienshao|62/100
|-enditem|p2a: Mienshao|Safety Goggles|[from] move: Knock Off|[of] p1a: Incineroar
|
|-weather|RainDance|[upkeep]
|-heal|p1b: Politoed|42/100|[from] item: Leftovers
|upkeep
|
|t:|1756927366
|switch|p2b: Oricorio|Oricorio-Sensu, L50, M|100/100
|turn|4
|
|t:|1756927391
|move|p1b: Politoed|Protect|p1b: Politoed
|-singleturn|p1b: Politoed|Protect
|move|p2a: Mienshao|Close Combat|p1b: Politoed
|-activate|p1b: Politoed|move: Protect
|move|p1a: Incineroar|Parting Shot|p2b: Oricorio
|-unboost|p2b: Oricorio|atk|1
|-unboost|p2b: Oricorio|spa|1
|
|t:|1756927399
|switch|p1a: Gothitelle|Gothitelle, L50, M|100/100|[from] Parting Shot
|move|p2b: Oricorio|Revelation Dance|p1a: Gothitelle
|-supereffective|p1a: Gothitelle
|-damage|p1a: Gothitelle|62/100
|
|-weather|RainDance|[upkeep]
|-heal|p1b: Politoed|48/100|[from] item: Leftovers
|-sideend|p1: n1shan|move: Tailwind
|upkeep
|turn|5
|inactive|n1shan has 30 seconds left.
|
|t:|1756927427
|move|p1a: Gothitelle|Fake Out|p2a: Mienshao
|-damage|p2a: Mienshao|52/100
|move|p2a: Mienshao|Close Combat|p1b: Politoed
|-damage|p1b: Politoed|0 fnt
|-unboost|p2a: Mienshao|def|1
|-unboost|p2a: Mienshao|spd|1
|faint|p1b: Politoed
|move|p2b: Oricorio|Revelation Dance|p1a: Gothitelle
|-supereffective|p1a: Gothitelle
|-damage|p1a: Gothitelle|18/100
|
|-weather|RainDance|[upkeep]
|upkeep
|-message|n1shan forfeited.
|
|win|viatles
|l|☆n1shan
|player|p1|
