|j|☆AbacusStabacus
|j|☆playrornds
|html|AbacusStabacusplayrornds    
|uhtml|bestof|Game 1 of a best-of-3
|t:|1757190621
|gametype|doubles
|player|p1|AbacusStabacus|102|1142
|player|p2|playrornds|giovanni-gen1rb|1162
|gen|9
|tier|[Gen 9] VGC 2025 Reg H (Bo3)
|rated|
|rule|Species Clause: Limit one of each Pokémon
|rule|Item Clause: Limit 1 of each item
|clearpoke
|poke|p1|Kingambit, L50, F|
|poke|p1|Overqwil, L50, F|
|poke|p1|Archaludon, L50, M|
|poke|p1|Rillaboom, L50, F|
|poke|p1|Pelipper, L50, M|
|poke|p1|Primarina, L50, M|
|poke|p2|Ursaluna, L50, F|
|poke|p2|Charizard, L50, F|
|poke|p2|Torkoal, L50, F|
|poke|p2|Jumpluff, L50, M|
|poke|p2|Incineroar, L50, M|
|poke|p2|Porygon2, L50|
|teampreview|4
|showteam|p1|Kingambit||LifeOrb|Defiant|SwordsDance,KowtowCleave,SuckerPunch,Protect|||F|||50|,,,,,Dark]Overqwil||ChoiceBand|SwiftSwim|AquaJet,Crunch,Waterfall,PoisonJab|||F|||50|,,,,,Water]Archaludon||AssaultVest|Stamina|BodyPress,DracoMeteor,ElectroShot,SteelBeam|||M|||50|,,,,,Electric]Rillaboom||SitrusBerry|GrassySurge|FakeOut,BrickBreak,GrassyGlide,WoodHammer|||F|||50|,,,,,Water]Pelipper||CovertCloak|Drizzle|MuddyWater,Hurricane,Tailwind,Protect|||M|||50|,,,,,Ground]Primarina||ThroatSpray|LiquidVoice|HyperVoice,Haze,DazzlingGleam,Encore|||M|||50|,,,,,Steel
|showteam|p2|Ursaluna||FlameOrb|Guts|HeadlongRush,Facade,Earthquake,Protect|||F|||50|,,,,,Ghost]Charizard||ChoiceSpecs|SolarPower|HeatWave,Overheat,WeatherBall,AirSlash|||F|||50|,,,,,Ghost]Torkoal||EjectPack|Drought|Eruption,Overheat,HelpingHand,Protect|||F|||50|,,,,,Fire]Jumpluff||CovertCloak|Chlorophyll|SleepPowder,SunnyDay,RagePowder,Tailwind|||M|||50|,,,,,Water]Incineroar||SitrusBerry|Intimidate|FlareBlitz,KnockOff,FakeOut,PartingShot|||M|||50|,,,,,Ghost]Porygon2||Eviolite|Download|TeraBlast,IceBeam,Recover,TrickRoom||||||50|,,,,,Fighting
|inactive|Battle timer is ON: inactive players will automatically lose when time's up. (requested by playrornds)
|
|t:|1757190650
|teamsize|p1|4
|teamsize|p2|4
|start
|switch|p1a: Primarina|Primarina, L50, M|100/100
|switch|p1b: Rillaboom|Rillaboom, L50, F|100/100
|switch|p2a: Jumpluff|Jumpluff, L50, M, shiny|100/100
|switch|p2b: Incineroar|Incineroar, L50, M|100/100
|-ability|p2b: Incineroar|Intimidate|boost
|-unboost|p1a: Primarina|atk|1
|-unboost|p1b: Rillaboom|atk|1
|-fieldstart|move: Grassy Terrain|[from] ability: Grassy Surge|[of] p1b: Rillaboom
|turn|1
|inactive|playrornds has 30 seconds left.
|inactive|playrornds has 20 seconds left.
|inactive|playrornds has 15 seconds left.
|inactive|playrornds has 10 seconds left.
|
|t:|1757190696
|switch|p1b: Pelipper|Pelipper, L50, M|100/100
|-weather|RainDance|[from] ability: Drizzle|[of] p1b: Pelipper
|move|p2b: Incineroar|Fake Out|p1a: Primarina
|-damage|p1a: Primarina|86/100
|move|p2a: Jumpluff|Sunny Day|p2a: Jumpluff
|-weather|SunnyDay
|cant|p1a: Primarina|flinch
|
|-weather|SunnyDay|[upkeep]
|-heal|p1a: Primarina|92/100|[from] Grassy Terrain
|upkeep
|turn|2
|inactive|playrornds has 30 seconds left.
|
|t:|1757190722
|switch|p1b: Overqwil|Overqwil, L50, F|100/100
|move|p2a: Jumpluff|Tailwind|p2a: Jumpluff
|-sidestart|p2: playrornds|move: Tailwind
|move|p2b: Incineroar|Parting Shot|p1a: Primarina
|-unboost|p1a: Primarina|atk|1
|-unboost|p1a: Primarina|spa|1
|
|t:|1757190747
|switch|p2b: Porygon2|Porygon2, L50|100/100|[from] Parting Shot
|-ability|p2b: Porygon2|Download|boost
|-boost|p2b: Porygon2|atk|1
|move|p1a: Primarina|Dazzling Gleam|p2b: Porygon2|[spread] p2a,p2b
|-damage|p2a: Jumpluff|79/100
|-damage|p2b: Porygon2|86/100
|
|-weather|SunnyDay|[upkeep]
|-heal|p2b: Porygon2|93/100|[from] Grassy Terrain
|-heal|p1a: Primarina|98/100|[from] Grassy Terrain
|upkeep
|turn|3
|inactive|playrornds has 30 seconds left.
|inactive|playrornds has 20 seconds left.
|inactive|playrornds has 15 seconds left.
|
|t:|1757190787
|move|p2a: Jumpluff|Sunny Day||[still]
|-fail|p2a: Jumpluff
|move|p2b: Porygon2|Tera Blast|p1a: Primarina
|-damage|p1a: Primarina|64/100
|move|p1b: Overqwil|Poison Jab|p2a: Jumpluff
|-supereffective|p2a: Jumpluff
|-damage|p2a: Jumpluff|0 fnt
|faint|p2a: Jumpluff
|move|p1a: Primarina|Haze|p1a: Primarina
|-clearallboost
|
|-weather|SunnyDay|[upkeep]
|-heal|p2b: Porygon2|99/100|[from] Grassy Terrain
|-heal|p1a: Primarina|69/100|[from] Grassy Terrain
|upkeep
|
|t:|1757190793
|switch|p2a: Charizard|Charizard, L50, F, shiny|100/100
|turn|4
|inactive|playrornds has 30 seconds left.
|inactive|playrornds has 20 seconds left.
|inactive|playrornds has 15 seconds left.
|inactive|playrornds has 10 seconds left.
|
|t:|1757190842
|switch|p1a: Pelipper|Pelipper, L50, M|100/100
|-weather|RainDance|[from] ability: Drizzle|[of] p1a: Pelipper
|move|p2a: Charizard|Weather Ball|p1b: Overqwil
|-damage|p1b: Overqwil|0 fnt
|faint|p1b: Overqwil
|move|p2b: Porygon2|Tera Blast|p1a: Pelipper
|-damage|p1a: Pelipper|48/100
|
|-weather|RainDance|[upkeep]
|-heal|p2b: Porygon2|100/100|[from] Grassy Terrain
|upkeep
|
|t:|1757190853
|switch|p1b: Primarina|Primarina, L50, M|69/100
|turn|5
|
|t:|1757190860
|move|p2a: Charizard|Weather Ball|p1a: Pelipper
|-resisted|p1a: Pelipper
|-damage|p1a: Pelipper|3/100
|move|p2b: Porygon2|Tera Blast|p1b: Primarina
|-damage|p1b: Primarina|37/100
|move|p1a: Pelipper|Tailwind|p1a: Pelipper
|-sidestart|p1: AbacusStabacus|move: Tailwind
|move|p1b: Primarina|Hyper Voice|p2a: Charizard|[spread] p2a,p2b
|-supereffective|p2a: Charizard
|-damage|p2a: Charizard|0 fnt
|-damage|p2b: Porygon2|66/100
|faint|p2a: Charizard
|-enditem|p1b: Primarina|Throat Spray
|-boost|p1b: Primarina|spa|1|[from] item: Throat Spray
|
|-weather|RainDance|[upkeep]
|-heal|p2b: Porygon2|72/100|[from] Grassy Terrain
|-heal|p1b: Primarina|43/100|[from] Grassy Terrain
|-sideend|p2: playrornds|move: Tailwind
|-fieldend|move: Grassy Terrain
|upkeep
|
|t:|1757190863
|switch|p2a: Incineroar|Incineroar, L50, M|100/100
|-ability|p2a: Incineroar|Intimidate|boost
|-unboost|p1a: Pelipper|atk|1
|-unboost|p1b: Primarina|atk|1
|turn|6
|inactive|playrornds has 30 seconds left.
|inactive|playrornds has 20 seconds left.
|inactive|playrornds has 15 seconds left.
|inactive|playrornds has 10 seconds left.
|
|t:|1757190909
|-terastallize|p2a: Incineroar|Ghost
|move|p2a: Incineroar|Fake Out|p1b: Primarina
|-damage|p1b: Primarina|28/100
|move|p1a: Pelipper|Muddy Water|p2a: Incineroar|[spread] p2b
|-miss|p1a: Pelipper|p2a: Incineroar
|-damage|p2b: Porygon2|52/100
|cant|p1b: Primarina|flinch
|move|p2b: Porygon2|Ice Beam|p1a: Pelipper
|-damage|p1a: Pelipper|0 fnt
|faint|p1a: Pelipper
|
|-weather|RainDance|[upkeep]
|upkeep
|
|t:|1757190921
|switch|p1a: Rillaboom|Rillaboom, L50, F|100/100
|-fieldstart|move: Grassy Terrain|[from] ability: Grassy Surge|[of] p1a: Rillaboom
|turn|7
|
|t:|1757190935
|move|p1a: Rillaboom|Wood Hammer|p2a: Incineroar
|-damage|p2a: Incineroar|23/100
|-enditem|p2a: Incineroar|Sitrus Berry|[eat]
|-heal|p2a: Incineroar|48/100|[from] item: Sitrus Berry
|-damage|p1a: Rillaboom|76/100|[from] Recoil
|move|p1b: Primarina|Hyper Voice|p2b: Porygon2|[spread] p2a,p2b
|-damage|p2a: Incineroar|0 fnt
|-damage|p2b: Porygon2|0 fnt
|faint|p2a: Incineroar
|faint|p2b: Porygon2
|
|win|AbacusStabacus
