|j|☆fancy_0221
|j|☆CJ The Changeling
|html|fancy_0221CJ The Changeling    
|uhtml|bestof|Game 2 of a best-of-3
|t:|1783698672
|gametype|doubles
|player|p1|fancy_0221|caitlin|
|player|p2|CJ The Changeling|hilbert|
|gen|9
|tier|[Gen 9 Champions] VGC 2026 Reg M-B (Bo3)
|rule|Species Clause: Limit one of each Pokémon
|rule|Item Clause: Limit 1 of each item
|clearpoke
|poke|p1|Staraptor, L50, M|
|poke|p1|Typhlosion, L50, M|
|poke|p1|Snorlax, L50, M|
|poke|p1|Tyranitar, L50, M|
|poke|p1|Sinistcha, L50|
|poke|p1|Raichu, L50, M|
|poke|p2|Meganium, L50, F|
|poke|p2|Charizard, L50, M|
|poke|p2|Scovillain, L50, M|
|poke|p2|Dragonite, L50, F, shiny|
|poke|p2|Espeon, L50, F|
|poke|p2|Noivern, L50, F, shiny|
|teampreview|4
|showteam|p1|Staraptor||Staraptite|Intimidate|BraveBird,CloseCombat,Uturn,Protect|Jolly||M|||50|]Typhlosion||ChoiceScarf|FlashFire|Eruption,Overheat,ShadowBall,Extrasensory|Modest||M|||50|]Snorlax||ChestoBerry|ThickFat|Rest,BodySlam,Yawn,Protect|Careful||M|||50|]Tyranitar||Leftovers|SandStream|StoneEdge,Protect,Crunch,StealthRock|Careful||M|||50|]Sinistcha||SitrusBerry|Hospitality|MatchaGotcha,StrengthSap,Protect,RagePowder|Calm|||||50|]Raichu||FocusSash|LightningRod|FakeOut,Thunderbolt,Nuzzle,Charm|Timid||M|||50|
|showteam|p2|Meganium||Meganiumite|LeafGuard|SolarBeam,DazzlingGleam,WeatherBall,AncientPower|Modest||F|||50|]Charizard||CharizarditeY|SolarPower|AirSlash,SolarBeam,HeatWave,WeatherBall|Timid||M|||50|]Scovillain||SitrusBerry|Moody|LeechSeed,RagePowder,GigaDrain,FlareBlitz|Relaxed||M|||50|]Dragonite||YacheBerry|Multiscale|Roost,DracoMeteor,AirSlash,ExtremeSpeed|Quiet||F|||50|]Espeon||FocusSash|MagicBounce|Psychic,ShadowBall,Psyshock,Detect|Timid||F|||50|]Noivern||WiseGlasses|Telepathy|AirSlash,Boomburst,HeatWave,Tailwind|Timid||F|||50|
|
|t:|1783698727
|teamsize|p1|4
|teamsize|p2|4
|start
|switch|p1a: Tyranitar|Tyranitar, L50, M|100/100
|switch|p1b: Staraptor|Staraptor, L50, M|100/100
|switch|p2a: Noivern|Noivern, L50, F, shiny|100/100
|switch|p2b: Meganium|Meganium, L50, F|100/100
|-ability|p1b: Staraptor|Intimidate|boost
|-unboost|p2a: Noivern|atk|1
|-unboost|p2b: Meganium|atk|1
|-weather|Sandstorm|[from] ability: Sand Stream|[of] p1a: Tyranitar
|turn|1
|
|t:|1783698768
|switch|p2a: Espeon|Espeon, L50, F|100/100
|switch|p1a: Snorlax|Snorlax, L50, M|100/100
|detailschange|p1b: Staraptor|Staraptor-Mega, L50, M
|-mega|p1b: Staraptor|Staraptor|Staraptite
|detailschange|p2b: Meganium|Meganium-Mega, L50, F
|-mega|p2b: Meganium|Meganium|Meganiumite
|move|p1b: Staraptor|Brave Bird|p2b: Meganium
|-supereffective|p2b: Meganium|1
|-damage|p2b: Meganium|0 fnt
|faint|p2b: Meganium
|-damage|p1b: Staraptor|61/100|[from] Recoil
|
|-weather|Sandstorm|[upkeep]
|-damage|p1b: Staraptor|55/100|[from] Sandstorm
|-damage|p2a: Espeon|94/100|[from] Sandstorm
|-damage|p1a: Snorlax|94/100|[from] Sandstorm
|upkeep
|
|t:|1783698788
|switch|p2b: Noivern|Noivern, L50, F, shiny|100/100
|turn|2
|
|t:|1783698801
|switch|p1b: Tyranitar|Tyranitar, L50, M|100/100
|move|p2a: Espeon|Detect|p2a: Espeon
|-singleturn|p2a: Espeon|Protect
|move|p2b: Noivern|Tailwind|p2b: Noivern
|-sidestart|p2: CJ The Changeling|move: Tailwind
|move|p1a: Snorlax|Body Slam|p2a: Espeon
|-activate|p2a: Espeon|move: Protect
|
|-weather|Sandstorm|[upkeep]
|-damage|p2b: Noivern|93/100|[from] Sandstorm
|-damage|p2a: Espeon|88/100|[from] Sandstorm
|-damage|p1a: Snorlax|88/100|[from] Sandstorm
|upkeep
|turn|3
|
|t:|1783698823
|move|p2b: Noivern|Heat Wave|p1b: Tyranitar|[spread] p1a
|-miss|p2b: Noivern|p1b: Tyranitar
|-damage|p1a: Snorlax|82/100
|move|p2a: Espeon|Psyshock|p1a: Snorlax
|-damage|p1a: Snorlax|41/100
|move|p1b: Tyranitar|Stone Edge|p2b: Noivern
|-supereffective|p2b: Noivern|1
|-damage|p2b: Noivern|0 fnt
|faint|p2b: Noivern
|move|p1a: Snorlax|Body Slam|p2a: Espeon
|-damage|p2a: Espeon|28/100
|-status|p2a: Espeon|par
|
|-weather|Sandstorm|[upkeep]
|-damage|p2a: Espeon|23/100 par|[from] Sandstorm
|-damage|p1a: Snorlax|35/100|[from] Sandstorm
|upkeep
|
|t:|1783698838
|switch|p2b: Dragonite|Dragonite, L50, F, shiny|100/100
|turn|4
|
|t:|1783698850
|move|p2a: Espeon|Detect|p2a: Espeon
|-singleturn|p2a: Espeon|Protect
|move|p2b: Dragonite|Air Slash|p1a: Snorlax|[miss]
|-miss|p2b: Dragonite|p1a: Snorlax
|move|p1b: Tyranitar|Crunch|p2a: Espeon
|-activate|p2a: Espeon|move: Protect
|move|p1a: Snorlax|Yawn|p2b: Dragonite
|-start|p2b: Dragonite|move: Yawn|[of] p1a: Snorlax
|
|-weather|Sandstorm|[upkeep]
|-damage|p2b: Dragonite|93/100|[from] Sandstorm
|-damage|p2a: Espeon|17/100 par|[from] Sandstorm
|-damage|p1a: Snorlax|29/100|[from] Sandstorm
|upkeep
|turn|5
|
|t:|1783698867
|move|p1a: Snorlax|Protect|p1a: Snorlax
|-singleturn|p1a: Snorlax|Protect
|move|p2b: Dragonite|Draco Meteor|p1b: Tyranitar
|-damage|p1b: Tyranitar|72/100
|-unboost|p2b: Dragonite|spa|2
|move|p2a: Espeon|Psyshock|p1a: Snorlax
|-activate|p1a: Snorlax|move: Protect
|move|p1b: Tyranitar|Crunch|p2a: Espeon
|-supereffective|p2a: Espeon|1
|-damage|p2a: Espeon|0 fnt
|faint|p2a: Espeon
|
|-weather|none
|-heal|p1b: Tyranitar|78/100|[from] item: Leftovers
|-end|p2b: Dragonite|move: Yawn|[silent]
|-status|p2b: Dragonite|slp
|-sideend|p2: CJ The Changeling|move: Tailwind
|upkeep
|turn|6
|
|t:|1783698884
|cant|p2b: Dragonite|slp
|move|p1b: Tyranitar|Stone Edge|p2b: Dragonite
|-supereffective|p2b: Dragonite|1
|-crit|p2b: Dragonite
|-damage|p2b: Dragonite|0 fnt
|faint|p2b: Dragonite
|
|win|fancy_0221
||CJ The Changeling is ready for game 3.
|inactive|fancy_0221 has 30 seconds to confirm battle start!
||fancy_0221 is ready for game 3.
|uhtml|next|Next: Game 3 of 3
|l|☆CJ The Changeling
|player|p2|
|j| Stormyparadise
|l| Stormyparadise
