|j|☆aletito
|j|☆pantalonesHat
|html|aletitopantalonesHat    
|uhtml|bestof|Game 3 of a best-of-3
|t:|1757741907
|gametype|doubles
|player|p1|aletito|drayden|1093
|player|p2|pantalonesHat|swimmer-gen4dp|1082
|gen|9
|tier|[Gen 9] VGC 2025 Reg H (Bo3)
|rated|
|rule|Species Clause: Limit one of each Pokémon
|rule|Item Clause: Limit 1 of each item
|clearpoke
|poke|p1|Pelipper, L50, F|
|poke|p1|Basculegion, L50, M|
|poke|p1|Archaludon, L50, M|
|poke|p1|Sneasler, L50, M|
|poke|p1|Amoonguss, L50, M|
|poke|p1|Klefki, L50, F|
|poke|p2|Archaludon, L50, F|
|poke|p2|Gholdengo, L50|
|poke|p2|Incineroar, L50, F|
|poke|p2|Overqwil, L50, F|
|poke|p2|Pelipper, L50, F|
|poke|p2|Amoonguss, L50, F|
|teampreview|4
|showteam|p1|Pelipper||FocusSash|Drizzle|WeatherBall,Hurricane,Tailwind,Protect|||F|||50|,,,,,Grass]Basculegion||LifeOrb|SwiftSwim|Liquidation,LastRespects,AquaJet,Protect|||M|||50|,,,,,Fighting]Archaludon||AssaultVest|Stamina|ElectroShot,FlashCannon,DracoMeteor,BodyPress|||M|||50|,,,,,Bug]Sneasler||WhiteHerb|PoisonTouch|CloseCombat,DireClaw,ThroatChop,Protect|||M|||50|,,,,,Dark]Amoonguss||SitrusBerry|Regenerator|RagePowder,Spore,SludgeBomb,Protect|||M|||50|,,,,,Dark]Klefki||LightClay|Prankster|RainDance,LightScreen,Reflect,DazzlingGleam|||F|||50|,,,,,Water
|showteam|p2|Archaludon||AssaultVest|Stamina|BodyPress,DragonPulse,ElectroShot,FlashCannon|||F|||50|,,,,,Grass]Gholdengo||LifeOrb|GoodasGold|MakeItRain,ShadowBall,NastyPlot,Protect||||||50|,,,,,Water]Incineroar||SafetyGoggles|Intimidate|KnockOff,Taunt,PartingShot,FakeOut|||F|||50|,,,,,Fire]Overqwil||ClearAmulet|SwiftSwim|GunkShot,SwordsDance,Liquidation,Protect|||F|||50|,,,,,Water]Pelipper||CovertCloak|Drizzle|WeatherBall,Hurricane,Protect,Tailwind|||F|||50|,,,,,Ground]Amoonguss||MentalHerb|Regenerator|Spore,RagePowder,Protect,ClearSmog|||F|||50|,,,,,Water
|inactive|Battle timer is ON: inactive players will automatically lose when time's up. (requested by pantalonesHat)
|
|t:|1757741975
|teamsize|p1|4
|teamsize|p2|4
|start
|switch|p1a: Klefki|Klefki, L50, F|100/100
|switch|p1b: Archaludon|Archaludon, L50, M|100/100
|switch|p2a: Archaludon|Archaludon, L50, F|100/100
|switch|p2b: Gholdengo|Gholdengo, L50, shiny|100/100
|turn|1
|
|t:|1757741996
|move|p1a: Klefki|Light Screen|p1a: Klefki
|-sidestart|p1: aletito|move: Light Screen
|move|p2b: Gholdengo|Nasty Plot|p2b: Gholdengo
|-boost|p2b: Gholdengo|spa|2
|move|p2a: Archaludon|Flash Cannon|p1a: Klefki
|-damage|p1a: Klefki|75/100
|move|p1b: Archaludon|Draco Meteor|p2b: Gholdengo|[miss]
|-miss|p1b: Archaludon|p2b: Gholdengo
|
|upkeep
|turn|2
|inactive|aletito has 30 seconds left.
|inactive|pantalonesHat has 30 seconds left.
|
|t:|1757742030
|switch|p1a: Basculegion|Basculegion, L50, M|100/100
|move|p2b: Gholdengo|Make It Rain|p1a: Basculegion|[spread] p1a,p1b
|-resisted|p1a: Basculegion
|-resisted|p1b: Archaludon
|-crit|p1b: Archaludon
|-damage|p1a: Basculegion|60/100
|-damage|p1b: Archaludon|48/100
|-unboost|p2b: Gholdengo|spa|1
|-ability|p1b: Archaludon|Stamina|boost
|-boost|p1b: Archaludon|def|1
|-damage|p2b: Gholdengo|91/100|[from] item: Life Orb
|move|p2a: Archaludon|Flash Cannon|p1a: Basculegion
|-resisted|p1a: Basculegion
|-damage|p1a: Basculegion|48/100
|move|p1b: Archaludon|Draco Meteor|p2b: Gholdengo
|-resisted|p2b: Gholdengo
|-damage|p2b: Gholdengo|52/100
|-unboost|p1b: Archaludon|spa|2
|
|upkeep
|turn|3
|
|t:|1757742054
|switch|p1b: Klefki|Klefki, L50, F|75/100
|move|p1a: Basculegion|Protect|p1a: Basculegion
|-singleturn|p1a: Basculegion|Protect
|move|p2b: Gholdengo|Shadow Ball|p1a: Basculegion
|-activate|p1a: Basculegion|move: Protect
|move|p2a: Archaludon|Body Press|p1b: Klefki
|-damage|p1b: Klefki|43/100
|
|upkeep
|turn|4
|inactive|aletito has 30 seconds left.
|inactive|pantalonesHat has 30 seconds left.
|inactive|aletito has 20 seconds left.
|
|t:|1757742089
|switch|p1b: Archaludon|Archaludon, L50, M|48/100
|-terastallize|p1a: Basculegion|Fighting
|move|p1a: Basculegion|Last Respects|p2b: Gholdengo
|-supereffective|p2b: Gholdengo
|-damage|p2b: Gholdengo|0 fnt
|faint|p2b: Gholdengo
|-damage|p1a: Basculegion|38/100|[from] item: Life Orb
|move|p2a: Archaludon|Flash Cannon|p1b: Archaludon
|-resisted|p1b: Archaludon
|-crit|p1b: Archaludon
|-damage|p1b: Archaludon|31/100
|-unboost|p1b: Archaludon|spd|1
|-ability|p1b: Archaludon|Stamina|boost
|-boost|p1b: Archaludon|def|1
|
|upkeep
|
|t:|1757742107
|switch|p2b: Overqwil|Overqwil, L50, F, shiny|100/100
|turn|5
|inactive|aletito has 30 seconds left.
|
|t:|1757742136
|switch|p1a: Klefki|Klefki, L50, F|43/100
|move|p2b: Overqwil|Protect|p2b: Overqwil
|-singleturn|p2b: Overqwil|Protect
|move|p2a: Archaludon|Dragon Pulse|p1a: Klefki
|-immune|p1a: Klefki
|move|p1b: Archaludon|Body Press|p2b: Overqwil
|-activate|p2b: Overqwil|move: Protect
|
|upkeep
|turn|6
|
|t:|1757742161
|switch|p2a: Pelipper|Pelipper, L50, F|100/100
|-weather|RainDance|[from] ability: Drizzle|[of] p2a: Pelipper
|-terastallize|p2b: Overqwil|Water
|move|p1a: Klefki|Reflect|p1a: Klefki
|-sidestart|p1: aletito|Reflect
|move|p2b: Overqwil|Liquidation|p1b: Archaludon
|-resisted|p1b: Archaludon
|-damage|p1b: Archaludon|19/100
|-unboost|p1b: Archaludon|def|1
|-ability|p1b: Archaludon|Stamina|boost
|-boost|p1b: Archaludon|def|1
|move|p1b: Archaludon|Body Press|p2b: Overqwil
|-damage|p2b: Overqwil|64/100
|
|-weather|RainDance|[upkeep]
|upkeep
|turn|7
|
|t:|1757742177
|move|p2b: Overqwil|Protect|p2b: Overqwil
|-singleturn|p2b: Overqwil|Protect
|move|p2a: Pelipper|Tailwind|p2a: Pelipper
|-sidestart|p2: pantalonesHat|move: Tailwind
|move|p1b: Archaludon|Electro Shot||[still]
|-prepare|p1b: Archaludon|Electro Shot
|-boost|p1b: Archaludon|spa|1
|-anim|p1b: Archaludon|Electro Shot|p2a: Pelipper
|-supereffective|p2a: Pelipper
|-damage|p2a: Pelipper|0 fnt
|faint|p2a: Pelipper
|move|p1a: Klefki|Dazzling Gleam|p2b: Overqwil
|-activate|p2b: Overqwil|move: Protect
|
|-weather|RainDance|[upkeep]
|upkeep
|
|t:|1757742189
|switch|p2a: Archaludon|Archaludon, L50, F|100/100
|turn|8
|
|t:|1757742206
|move|p1a: Klefki|Light Screen||[still]
|-fail|p1a: Klefki
|move|p2b: Overqwil|Liquidation|p1a: Klefki
|-damage|p1a: Klefki|0 fnt
|faint|p1a: Klefki
|move|p2a: Archaludon|Body Press|p1b: Archaludon
|-supereffective|p1b: Archaludon
|-crit|p1b: Archaludon
|-damage|p1b: Archaludon|0 fnt
|faint|p1b: Archaludon
|
|-weather|RainDance|[upkeep]
|-sideend|p1: aletito|move: Light Screen
|upkeep
|
|t:|1757742215
|switch|p1b: Sneasler|Sneasler, L50, M|100/100
|switch|p1a: Basculegion|Basculegion, L50, M, tera:Fighting|38/100
|turn|9
|inactive|pantalonesHat has 30 seconds left.
|
|t:|1757742243
|move|p1a: Basculegion|Protect|p1a: Basculegion
|-singleturn|p1a: Basculegion|Protect
|move|p2b: Overqwil|Liquidation|p1b: Sneasler
|-damage|p1b: Sneasler|29/100
|-unboost|p1b: Sneasler|def|1
|-enditem|p1b: Sneasler|White Herb
|-clearnegativeboost|p1b: Sneasler|[silent]
|move|p2a: Archaludon|Electro Shot||[still]
|-prepare|p2a: Archaludon|Electro Shot
|-boost|p2a: Archaludon|spa|1
|-anim|p2a: Archaludon|Electro Shot|p1a: Basculegion
|-activate|p1a: Basculegion|move: Protect
|move|p1b: Sneasler|Close Combat|p2a: Archaludon
|-supereffective|p2a: Archaludon
|-damage|p2a: Archaludon|14/100
|-unboost|p1b: Sneasler|def|1
|-unboost|p1b: Sneasler|spd|1
|-ability|p2a: Archaludon|Stamina|boost
|-boost|p2a: Archaludon|def|1
|
|-weather|RainDance|[upkeep]
|upkeep
|turn|10
|inactive|aletito has 30 seconds left.
|
|t:|1757742273
|move|p2b: Overqwil|Liquidation|p1b: Sneasler
|-damage|p1b: Sneasler|0 fnt
|faint|p1b: Sneasler
|move|p1a: Basculegion|Last Respects|p2a: Archaludon
|-damage|p2a: Archaludon|0 fnt
|faint|p2a: Archaludon
|-damage|p1a: Basculegion|29/100|[from] item: Life Orb
|
|-weather|none
|-sideend|p2: pantalonesHat|move: Tailwind
|upkeep
|turn|11
|
|t:|1757742293
|move|p2b: Overqwil|Protect|p2b: Overqwil
|-singleturn|p2b: Overqwil|Protect
|move|p1a: Basculegion|Last Respects|p2b: Overqwil
|-activate|p2b: Overqwil|move: Protect
|
|upkeep
|turn|12
|
|t:|1757742303
|move|p1a: Basculegion|Last Respects|p2b: Overqwil
|-damage|p2b: Overqwil|0 fnt
|faint|p2b: Overqwil
|-damage|p1a: Basculegion|19/100|[from] item: Life Orb
|
|win|aletito
|raw|aletito's rating: 1093 → 1118(+25 for winning)
|raw|pantalonesHat's rating: 1082 → 1060(-22 for losing)
|l|☆aletito
|player|p1|
|l|☆pantalonesHat
|player|p2|
