|j|☆bartcr0987
|j|☆regalac3
|html|bartcr0987regalac3    
|uhtml|bestof|Game 2 of a best-of-3
|t:|1783051300
|gametype|doubles
|player|p1|bartcr0987|1|1187
|player|p2|regalac3|n|1128
|gen|9
|tier|[Gen 9 Champions] VGC 2026 Reg M-B (Bo3)
|rated|
|rule|Species Clause: Limit one of each Pokémon
|rule|Item Clause: Limit 1 of each item
|clearpoke
|poke|p1|Charizard, L50, M, shiny|
|poke|p1|Sneasler, L50, M, shiny|
|poke|p1|Floette-Eternal, L50, F|
|poke|p1|Kingambit, L50, F, shiny|
|poke|p1|Basculegion, L50, M|
|poke|p1|Farigiraf, L50, F|
|poke|p2|Aerodactyl, L50, M|
|poke|p2|Pyroar, L50, M|
|poke|p2|Farigiraf, L50, F|
|poke|p2|Mamoswine, L50, M|
|poke|p2|Venusaur, L50, M|
|poke|p2|Torkoal, L50, M|
|teampreview|4
|showteam|p1|Charizard||CharizarditeY|SolarPower|HeatWave,SolarBeam,WeatherBall,Protect|Timid||M|||50|]Sneasler||FocusSash|PoisonTouch|PoisonJab,CloseCombat,Protect,FakeOut|Jolly||M|||50|]Floette-Eternal||Floettite|FlowerVeil|Moonblast,DazzlingGleam,LightofRuin,Protect|Modest||F|||50|]Kingambit||BlackGlasses|Defiant|KowtowCleave,SuckerPunch,SwordsDance,Protect|Adamant||F|||50|]Basculegion||ChoiceScarf|Adaptability|LastRespects,WaveCrash,AquaJet,FlipTurn|Jolly||M|||50|]Farigiraf||SitrusBerry|ArmorTail|TrickRoom,FoulPlay,Psychic,RainDance|Bold||F|||50|
|showteam|p2|Aerodactyl||Aerodactylite|Unnerve|RockSlide,DualWingbeat,IceFang,Tailwind|Jolly||M|||50|]Pyroar||Pyroarite|Unnerve|HeatWave,SolarBeam,Overheat,Protect|Timid||M|||50|]Farigiraf||SitrusBerry|ArmorTail|Psychic,Thunderbolt,HelpingHand,TrickRoom|Modest||F|||50|]Mamoswine||LifeOrb|Oblivious|IcicleCrash,HighHorsepower,IceShard,Protect|Adamant||M|||50|]Venusaur||FocusSash|Chlorophyll|LeafStorm,SludgeBomb,SleepPowder,Protect|Modest||M|||50|]Torkoal||Charcoal|Drought|Eruption,WeatherBall,HelpingHand,Protect|Quiet||M|||50|
|inactive|Battle timer is ON: inactive players will automatically lose when time's up. (requested by bartcr0987)
|
|t:|1783051340
|teamsize|p1|4
|teamsize|p2|4
|start
|switch|p1a: Farigiraf|Farigiraf, L50, F|100/100
|switch|p1b: Kingambit|Kingambit, L50, F, shiny|100/100
|switch|p2a: Pyroar|Pyroar, L50, M|100/100
|switch|p2b: Farigiraf|Farigiraf, L50, F|100/100
|-ability|p2a: Pyroar|Unnerve
|turn|1
|inactive|bartcr0987 has 30 seconds left.
|inactive|bartcr0987 has 20 seconds left.
|inactive|bartcr0987 has 15 seconds left.
|inactive|bartcr0987 has 10 seconds left.
|
|t:|1783051386
|detailschange|p2a: Pyroar|Pyroar-Mega, L50, M
|-mega|p2a: Pyroar|Pyroar|Pyroarite
|move|p2b: Farigiraf|Helping Hand|p2a: Pyroar
|-singleturn|p2a: Pyroar|Helping Hand|[of] p2b: Farigiraf
|move|p1b: Kingambit|Protect|p1b: Kingambit
|-singleturn|p1b: Kingambit|Protect
|move|p2a: Pyroar|Heat Wave|p1b: Kingambit|[spread] p1a
|-activate|p1b: Kingambit|move: Protect
|-crit|p1a: Farigiraf
|-damage|p1a: Farigiraf|0 fnt
|faint|p1a: Farigiraf
|
|upkeep
|
|t:|1783051395
|switch|p1a: Oscar|Basculegion, L50, M|100/100
|turn|2
|inactive|bartcr0987 has 30 seconds left.
|inactive|bartcr0987 has 20 seconds left.
|inactive|bartcr0987 has 15 seconds left.
|inactive|bartcr0987 has 10 seconds left.
|
|t:|1783051441
|switch|p2b: Torkoal|Torkoal, L50, M|100/100
|-weather|SunnyDay|[from] ability: Drought|[of] p2b: Torkoal
|move|p1a: Oscar|Wave Crash|p2a: Pyroar
|-supereffective|p2a: Pyroar|1
|-damage|p2a: Pyroar|6/100
|-damage|p1a: Oscar|74/100|[from] Recoil
|move|p2a: Pyroar|Heat Wave|p1b: Kingambit|[spread] p1a,p1b
|-resisted|p1a: Oscar|1
|-supereffective|p1b: Kingambit|1
|-damage|p1a: Oscar|25/100
|-damage|p1b: Kingambit|0 fnt
|faint|p1b: Kingambit
|
|-weather|SunnyDay|[upkeep]
|upkeep
|
|t:|1783051447
|switch|p1b: Charizard|Charizard, L50, M, shiny|100/100
|turn|3
|inactive|regalac3 has 30 seconds left.
|
|t:|1783051473
|detailschange|p1b: Charizard|Charizard-Mega-Y, L50, M, shiny
|-mega|p1b: Charizard|Charizard|Charizardite Y
|move|p1a: Oscar|Wave Crash|p2b: Torkoal
|-supereffective|p2b: Torkoal|1
|-damage|p2b: Torkoal|43/100
|-damage|p1a: Oscar|8/100|[from] Recoil
|move|p2a: Pyroar|Solar Beam||[still]
|-prepare|p2a: Pyroar|Solar Beam
|-anim|p2a: Pyroar|Solar Beam|p1a: Oscar
|-supereffective|p1a: Oscar|1
|-damage|p1a: Oscar|0 fnt
|faint|p1a: Oscar
|move|p1b: Charizard|Heat Wave|p2a: Pyroar|[spread] p2a,p2b
|-resisted|p2a: Pyroar|1
|-resisted|p2b: Torkoal|1
|-damage|p2a: Pyroar|0 fnt
|-damage|p2b: Torkoal|2/100
|faint|p2a: Pyroar
|move|p2b: Torkoal|Weather Ball|p1b: Charizard
|-resisted|p1b: Charizard|1
|-damage|p1b: Charizard|61/100
|
|-weather|SunnyDay|[upkeep]
|upkeep
|
|t:|1783051482
|switch|p2a: Farigiraf|Farigiraf, L50, F|100/100
|turn|4
|
|t:|1783051498
|move|p2b: Torkoal|Protect|p2b: Torkoal
|-singleturn|p2b: Torkoal|Protect
|move|p1b: Charizard|Weather Ball|p2a: Farigiraf
|-damage|p2a: Farigiraf|18/100
|-enditem|p2a: Farigiraf|Sitrus Berry|[eat]
|-heal|p2a: Farigiraf|43/100|[from] item: Sitrus Berry
|move|p2a: Farigiraf|Trick Room|p2a: Farigiraf
|-fieldstart|move: Trick Room|[of] p2a: Farigiraf
|
|-weather|SunnyDay|[upkeep]
|upkeep
|turn|5
|
|t:|1783051512
|move|p2b: Torkoal|Helping Hand|p2a: Farigiraf
|-singleturn|p2a: Farigiraf|Helping Hand|[of] p2b: Torkoal
|move|p2a: Farigiraf|Thunderbolt|p1b: Charizard
|-supereffective|p1b: Charizard|1
|-damage|p1b: Charizard|0 fnt
|faint|p1b: Charizard
|
|win|regalac3
|raw|bartcr0987's rating: 1187 → 1158(-29 for losing)
|raw|regalac3's rating: 1128 → 1157(+29 for winning)
|l|☆bartcr0987
|player|p1|
