|j|☆Sunnymight
|j|☆corais
|html|Sunnymightcorais    
|uhtml|bestof|Game 3 of a best-of-3
|t:|1757793585
|gametype|doubles
|player|p1|Sunnymight|brawly|1147
|player|p2|corais|266|1133
|gen|9
|tier|[Gen 9] VGC 2025 Reg H (Bo3)
|rated|
|rule|Species Clause: Limit one of each Pokémon
|rule|Item Clause: Limit 1 of each item
|clearpoke
|poke|p1|Maushold-Four, L50|
|poke|p1|Pelipper, L50, F|
|poke|p1|Annihilape, L50, M|
|poke|p1|Archaludon, L50, F|
|poke|p1|Grimmsnarl, L50, M|
|poke|p1|Sinistcha, L50|
|poke|p2|Politoed, L50, F|
|poke|p2|Basculegion, L50, M|
|poke|p2|Kingdra, L50, M|
|poke|p2|Rillaboom, L50, M|
|poke|p2|Incineroar, L50, M|
|poke|p2|Gothitelle, L50, M|
|teampreview|4
|showteam|p1|Maushold-Four||SafetyGoggles|FriendGuard|SuperFang,BeatUp,FollowMe,Protect||||||50|,,,,,Ghost]Pelipper||FocusSash|Drizzle|Protect,Tailwind,WeatherBall,Hurricane|||F|||50|,,,,,Ground]Annihilape||ChoiceScarf|Defiant|RockSlide,RageFist,FinalGambit,CloseCombat|||M|||50|,,,,,Dragon]Archaludon||AssaultVest|Stamina|DracoMeteor,ElectroShot,BodyPress,Snarl|||F|||50|,,,,,Bug]Grimmsnarl||LightClay|Prankster|Reflect,LightScreen,FoulPlay,ThunderWave|||M|||50|,,,,,Ghost]Sinistcha||SitrusBerry|Hospitality|LifeDew,TrickRoom,StrengthSap,MatchaGotcha||||||50|,,,,,Dragon
|showteam|p2|Politoed||Leftovers|Drizzle|WeatherBall,PerishSong,Protect,HelpingHand|||F|||50|,,,,,Grass]Basculegion||ChoiceScarf|Adaptability|WaveCrash,LastRespects,FlipTurn,TeraBlast|||M|||50|,,,,,Fighting]Kingdra||ChoiceSpecs|SwiftSwim|WeatherBall,MuddyWater,DracoMeteor,Hurricane|||M|||50|,,,,,Ghost]Rillaboom||AssaultVest|GrassySurge|Uturn,FakeOut,WoodHammer,GrassyGlide|||M|||50|,,,,,Fire]Incineroar||EjectButton|Intimidate|FakeOut,PartingShot,ThroatChop,Protect|||M|||50|,,,,,Ghost]Gothitelle||SitrusBerry|ShadowTag|FakeOut,Protect,Taunt,Psychic|||M|||50|,,,,,Dark
|inactive|Battle timer is ON: inactive players will automatically lose when time's up. (requested by corais)
|inactive|corais has 60 seconds left.
|
|t:|1757793624
|teamsize|p1|4
|teamsize|p2|4
|start
|switch|p1a: Annihilape|Annihilape, L50, M|100/100
|switch|p1b: Maushold|Maushold-Four, L50|100/100
|switch|p2a: Kingdra|Kingdra, L50, M|100/100
|switch|p2b: Rillaboom|Rillaboom, L50, M|100/100
|-fieldstart|move: Grassy Terrain|[from] ability: Grassy Surge|[of] p2b: Rillaboom
|turn|1
|inactive|corais has 30 seconds left.
|
|t:|1757793655
|switch|p2b: Politoed|Politoed, L50, F|100/100
|-weather|RainDance|[from] ability: Drizzle|[of] p2b: Politoed
|-terastallize|p1b: Maushold|Ghost
|move|p2a: Kingdra|Hurricane|p1a: Annihilape
|-supereffective|p1a: Annihilape
|-crit|p1a: Annihilape
|-damage|p1a: Annihilape|0 fnt
|faint|p1a: Annihilape
|move|p1b: Maushold|Beat Up|p1: Annihilape|[notarget]
|-fail|p1b: Maushold
|
|-weather|RainDance|[upkeep]
|upkeep
|
|t:|1757793668
|switch|p1a: Archaludon|Archaludon, L50, F|100/100
|turn|2
|
|t:|1757793695
|-terastallize|p2a: Kingdra|Ghost
|move|p2b: Politoed|Protect|p2b: Politoed
|-singleturn|p2b: Politoed|Protect
|move|p2a: Kingdra|Hurricane|p1b: Maushold
|-damage|p1b: Maushold|41/100
|-start|p1b: Maushold|confusion
|-activate|p1b: Maushold|confusion
|-damage|p1b: Maushold|31/100|[from] confusion
|move|p1a: Archaludon|Body Press|p2a: Kingdra
|-immune|p2a: Kingdra
|
|-weather|RainDance|[upkeep]
|-heal|p1b: Maushold|37/100|[from] Grassy Terrain
|upkeep
|turn|3
|
|t:|1757793712
|switch|p1b: Pelipper|Pelipper, L50, F, shiny|100/100
|switch|p2b: Rillaboom|Rillaboom, L50, M|100/100
|move|p2a: Kingdra|Hurricane|p1b: Pelipper
|-damage|p1b: Pelipper|9/100
|-start|p1b: Pelipper|confusion
|move|p1a: Archaludon|Electro Shot||[still]
|-prepare|p1a: Archaludon|Electro Shot
|-boost|p1a: Archaludon|spa|1
|-anim|p1a: Archaludon|Electro Shot|p2a: Kingdra
|-damage|p2a: Kingdra|35/100
|
|-weather|RainDance|[upkeep]
|-heal|p2a: Kingdra|41/100|[from] Grassy Terrain
|upkeep
|turn|4
|
|t:|1757793733
|switch|p1b: Maushold|Maushold-Four, L50, tera:Ghost|37/100
|move|p2b: Rillaboom|Fake Out|p1b: Maushold
|-immune|p1b: Maushold
|move|p2a: Kingdra|Hurricane|p1a: Archaludon
|-resisted|p1a: Archaludon
|-damage|p1a: Archaludon|85/100
|-ability|p1a: Archaludon|Stamina|boost
|-boost|p1a: Archaludon|def|1
|move|p1a: Archaludon|Electro Shot||[still]
|-prepare|p1a: Archaludon|Electro Shot
|-boost|p1a: Archaludon|spa|1
|-anim|p1a: Archaludon|Electro Shot|p2a: Kingdra
|-damage|p2a: Kingdra|0 fnt
|faint|p2a: Kingdra
|
|-weather|RainDance|[upkeep]
|-heal|p1b: Maushold|44/100|[from] Grassy Terrain
|-heal|p1a: Archaludon|91/100|[from] Grassy Terrain
|upkeep
|
|t:|1757793751
|switch|p2a: Basculegion|Basculegion, L50, M|100/100
|turn|5
|
|t:|1757793764
|move|p1b: Maushold|Follow Me|p1b: Maushold
|-singleturn|p1b: Maushold|move: Follow Me
|move|p2a: Basculegion|Flip Turn|p1b: Maushold
|-damage|p1b: Maushold|0 fnt
|faint|p1b: Maushold
|
|t:|1757793770
|switch|p2a: Politoed|Politoed, L50, F|100/100|[from] Flip Turn
|move|p1a: Archaludon|Electro Shot||[still]
|-prepare|p1a: Archaludon|Electro Shot
|-boost|p1a: Archaludon|spa|1
|-anim|p1a: Archaludon|Electro Shot|p2a: Politoed
|-supereffective|p2a: Politoed
|-damage|p2a: Politoed|0 fnt
|faint|p2a: Politoed
|move|p2b: Rillaboom|U-turn|p1a: Archaludon
|-resisted|p1a: Archaludon
|-damage|p1a: Archaludon|85/100
|-ability|p1a: Archaludon|Stamina|boost
|-boost|p1a: Archaludon|def|1
|
|t:|1757793778
|switch|p2b: Basculegion|Basculegion, L50, M|100/100|[from] U-turn
|
|-weather|none
|-heal|p1a: Archaludon|91/100|[from] Grassy Terrain
|-fieldend|move: Grassy Terrain
|upkeep
|
|t:|1757793786
|switch|p1b: Pelipper|Pelipper, L50, F, shiny|9/100
|switch|p2a: Rillaboom|Rillaboom, L50, M|100/100
|-weather|RainDance|[from] ability: Drizzle|[of] p1b: Pelipper
|-fieldstart|move: Grassy Terrain|[from] ability: Grassy Surge|[of] p2a: Rillaboom
|turn|6
|
|t:|1757793797
|move|p1b: Pelipper|Protect|p1b: Pelipper
|-singleturn|p1b: Pelipper|Protect
|move|p2a: Rillaboom|Fake Out|p1b: Pelipper
|-activate|p1b: Pelipper|move: Protect
|move|p2b: Basculegion|Last Respects|p1a: Archaludon
|-damage|p1a: Archaludon|54/100
|-ability|p1a: Archaludon|Stamina|boost
|-boost|p1a: Archaludon|def|1
|move|p1a: Archaludon|Electro Shot||[still]
|-prepare|p1a: Archaludon|Electro Shot
|-boost|p1a: Archaludon|spa|1
|-anim|p1a: Archaludon|Electro Shot|p2b: Basculegion
|-supereffective|p2b: Basculegion
|-damage|p2b: Basculegion|0 fnt
|faint|p2b: Basculegion
|
|-weather|RainDance|[upkeep]
|-heal|p1a: Archaludon|60/100|[from] Grassy Terrain
|upkeep
|turn|7
|
|t:|1757793816
|move|p2a: Rillaboom|Grassy Glide|p1b: Pelipper
|-damage|p1b: Pelipper|0 fnt
|faint|p1b: Pelipper
|move|p1a: Archaludon|Body Press|p2a: Rillaboom
|-damage|p2a: Rillaboom|45/100
|
|-weather|RainDance|[upkeep]
|-heal|p1a: Archaludon|66/100|[from] Grassy Terrain
|-heal|p2a: Rillaboom|51/100|[from] Grassy Terrain
|upkeep
|turn|8
|
|t:|1757793826
|move|p1a: Archaludon|Body Press|p2a: Rillaboom
|-damage|p2a: Rillaboom|0 fnt
|faint|p2a: Rillaboom
|
|win|Sunnymight
|raw|Sunnymight's rating: 1147 → 1171(+24 for winning)
|raw|corais's rating: 1133 → 1109(-24 for losing)
