|j|☆Splat24
|j|☆OshunAurorus
|html|Splat24OshunAurorus    
|uhtml|bestof|Game 2 of a best-of-3
|t:|1784506063
|gametype|doubles
|player|p1|Splat24|169|
|player|p2|OshunAurorus|parasollady|
|gen|9
|tier|[Gen 9 Champions] VGC 2026 Reg M-B (Bo3)
|rule|Species Clause: Limit one of each Pokémon
|rule|Item Clause: Limit 1 of each item
|clearpoke
|poke|p1|Charizard, L50, M, shiny|
|poke|p1|Venusaur, L50, M|
|poke|p1|Aegislash, L50, M, shiny|
|poke|p1|Meowstic, L50, M, shiny|
|poke|p1|Zoroark-Hisui, L50, M|
|poke|p1|Decidueye-Hisui, L50, M|
|poke|p2|Whimsicott, L50, F|
|poke|p2|Milotic, L50, M|
|poke|p2|Altaria, L50, F|
|poke|p2|Ninetales-Alola, L50, F|
|poke|p2|Aurorus, L50, M|
|poke|p2|Dragonite, L50, M|
|teampreview|4
|showteam|p1|Charizard||CharizarditeY|Blaze|Protect,HeatWave,SolarBeam,WeatherBall|Modest||M|||50|]Venusaur||Leftovers|Chlorophyll|Protect,SludgeBomb,GigaDrain,SleepPowder|Modest||M|||50|]Aegislash||LifeOrb|StanceChange|KingsShield,ShadowSneak,SacredSword,GyroBall|Brave||M|||50|]Meowstic||MentalHerb|Prankster|FakeOut,SunnyDay,TrickRoom,PsychicNoise|Sassy||M|||50|]Zoroark-Hisui||ExpertBelt|Illusion|Protect,IcyWind,Flamethrower,ShadowBall|Modest||M|||50|]Decidueye-Hisui||FocusSash|Scrappy|Protect,TripleArrows,LeafBlade,ShadowClaw|Brave||M|||50|
|showteam|p2|Whimsicott||FocusSash|Prankster|Tailwind,Moonblast,Encore,Taunt|Timid||F|||50|]Milotic||Leftovers|Competitive|Scald,IceBeam,Whirlpool,Protect|Modest||M|||50|]Altaria||Altarianite|CloudNine|Roost,IceBeam,DragonPulse,Moonblast|Modest||F|||50|]Ninetales-Alola||OccaBerry|SnowWarning|AuroraVeil,Blizzard,Moonblast,Disable|Timid||F|||50|]Aurorus||LifeOrb|SnowWarning|Blizzard,Protect,EarthPower,RockTomb|Quiet||M|||50|]Dragonite||Dragoninite|Multiscale|Flamethrower,Protect,Blizzard,RockSlide|Bashful||M|||50|
|j| Swoocetron
|j| Sp1nch
|
|t:|1784506091
|teamsize|p1|4
|teamsize|p2|4
|start
|switch|p1a: Yamamoto|Charizard, L50, M, shiny|100/100
|switch|p1b: Venusaur|Venusaur, L50, M|100/100
|switch|p2a: Versailles|Milotic, L50, M|100/100
|switch|p2b: Danube|Dragonite, L50, M|100/100
|turn|1
|
|t:|1784506121
|detailschange|p1a: Yamamoto|Charizard-Mega-Y, L50, M, shiny
|-mega|p1a: Yamamoto|Charizard|Charizardite Y
|-weather|SunnyDay|[from] ability: Drought|[of] p1a: Yamamoto
|detailschange|p2b: Danube|Dragonite-Mega, L50, M
|-mega|p2b: Danube|Dragonite|Dragoninite
|move|p1b: Venusaur|Sleep Powder|p2b: Danube
|-status|p2b: Danube|slp|[from] move: Sleep Powder
|cant|p2b: Danube|slp
|move|p1a: Yamamoto|Weather Ball|p2b: Danube
|-resisted|p2b: Danube|1
|-damage|p2b: Danube|80/100 slp
|move|p2a: Versailles|Whirlpool|p1a: Yamamoto
|-supereffective|p1a: Yamamoto|1
|-damage|p1a: Yamamoto|89/100
|-activate|p1a: Yamamoto|move: Whirlpool|[of] p2a: Versailles
|
|-weather|SunnyDay|[upkeep]
|-damage|p1a: Yamamoto|76/100|[from] move: Whirlpool|[partiallytrapped]
|upkeep
|turn|2
|
|t:|1784506150
|move|p1b: Venusaur|Giga Drain|p2a: Versailles
|-supereffective|p2a: Versailles|1
|-damage|p2a: Versailles|63/100
|-curestatus|p2b: Danube|slp|[msg]
|move|p2b: Danube|Rock Slide|p1a: Yamamoto|[spread] p1a,p1b
|-supereffective|p1a: Yamamoto|2
|-damage|p1a: Yamamoto|0 fnt
|-damage|p1b: Venusaur|79/100
|faint|p1a: Yamamoto
|move|p2a: Versailles|Scald|p1b: Venusaur
|-resisted|p1b: Venusaur|1
|-damage|p1b: Venusaur|72/100
|
|-weather|SunnyDay|[upkeep]
|-heal|p1b: Venusaur|78/100|[from] item: Leftovers
|-heal|p2a: Versailles|69/100|[from] item: Leftovers
|upkeep
|
|t:|1784506174
|switch|p1a: Zangetsu|Aegislash, L50, M, shiny|100/100
|turn|3
|
|t:|1784506200
|switch|p2b: Frills|Aurorus, L50, M|100/100
|-weather|Snowscape|[from] ability: Snow Warning|[of] p2b: Frills
|move|p1a: Zangetsu|Shadow Ball|p2a: Versailles
|-damage|p2a: Versailles|39/100
|move|p2a: Versailles|Ice Beam|p1b: Venusaur
|-supereffective|p1b: Venusaur|1
|-crit|p1b: Venusaur
|-damage|p1b: Venusaur|25/100
|move|p1b: Venusaur|Giga Drain|p2a: Versailles
|-supereffective|p2a: Versailles|1
|-damage|p2a: Versailles|1/100
|-heal|p1b: Venusaur|45/100|[from] drain|[of] p2a: Versailles
|
|-weather|Snowscape|[upkeep]
|-heal|p2a: Versailles|6/100|[from] item: Leftovers
|-heal|p1b: Venusaur|51/100|[from] item: Leftovers
|upkeep
|turn|4
|
|t:|1784506234
|move|p1a: Zangetsu|Icy Wind|p2a: Versailles|[spread] p2a,p2b
|-resisted|p2a: Versailles|1
|-resisted|p2b: Frills|1
|-damage|p2a: Versailles|1/100
|-damage|p2b: Frills|94/100
|-unboost|p2a: Versailles|spe|1
|-ability|p2a: Versailles|Competitive|boost
|-boost|p2a: Versailles|spa|2
|-unboost|p2b: Frills|spe|1
|move|p1b: Venusaur|Sleep Powder|p2b: Frills
|-status|p2b: Frills|slp|[from] move: Sleep Powder
|move|p2a: Versailles|Scald|p1a: Zangetsu
|-damage|p1a: Zangetsu|0 fnt
|replace|p1a: Zoroark|Zoroark-Hisui, L50, M
|-end|p1a: Zoroark|Illusion
|faint|p1a: Zoroark
|cant|p2b: Frills|slp
|
|-weather|Snowscape|[upkeep]
|-heal|p1b: Venusaur|57/100|[from] item: Leftovers
|-heal|p2a: Versailles|7/100|[from] item: Leftovers
|upkeep
|
|t:|1784506252
|switch|p1a: Zangetsu|Aegislash, L50, M, shiny|100/100
|turn|5
|
|t:|1784506262
|-formechange|p1a: Zangetsu|Aegislash-Blade|
|move|p1a: Zangetsu|Shadow Sneak|p2a: Versailles
|-damage|p2a: Versailles|0 fnt
|faint|p2a: Versailles
|-damage|p1a: Zangetsu|90/100|[from] item: Life Orb
|move|p1b: Venusaur|Giga Drain|p2b: Frills
|-supereffective|p2b: Frills|1
|-damage|p2b: Frills|50/100y slp
|-heal|p1b: Venusaur|85/100|[from] drain|[of] p2b: Frills
|cant|p2b: Frills|slp
|
|-weather|Snowscape|[upkeep]
|-heal|p1b: Venusaur|90/100|[from] item: Leftovers
|upkeep
|
|t:|1784506276
|switch|p2a: Danube|Dragonite-Mega, L50, M|80/100
|turn|6
|
|t:|1784506288
|move|p2a: Danube|Flamethrower|p1b: Venusaur
|-supereffective|p1b: Venusaur|1
|-damage|p1b: Venusaur|42/100
|move|p1b: Venusaur|Sleep Powder|p2a: Danube
|-status|p2a: Danube|slp|[from] move: Sleep Powder
|move|p1a: Zangetsu|Gyro Ball|p2b: Frills
|-supereffective|p2b: Frills|2
|-damage|p2b: Frills|2/100 slp
|-damage|p1a: Zangetsu|80/100|[from] item: Life Orb
|-curestatus|p2b: Frills|slp|[msg]
|move|p2b: Frills|Blizzard|p1b: Venusaur|[spread] p1a,p1b
|-resisted|p1a: Zangetsu|1
|-supereffective|p1b: Venusaur|1
|-damage|p1a: Zangetsu|46/100
|-damage|p1b: Venusaur|0 fnt
|faint|p1b: Venusaur
|-damage|p2b: Frills|0 fnt|[from] item: Life Orb
|faint|p2b: Frills
|
|-weather|Snowscape|[upkeep]
|upkeep
|
|t:|1784506306
|switch|p2b: Poliahu|Ninetales-Alola, L50, F|100/100
|turn|7
|
|t:|1784506334
|move|p2b: Poliahu|Disable|p1a: Zangetsu
|-start|p1a: Zangetsu|Disable|Gyro Ball
|cant|p2a: Danube|slp
|cant|p1a: Zangetsu|Disable|Gyro Ball
|
|-weather|none
|upkeep
|turn|8
|
|t:|1784506354
|move|p1a: Zangetsu|Shadow Sneak|p2b: Poliahu
|-damage|p2b: Poliahu|49/100
|-damage|p1a: Zangetsu|37/100|[from] item: Life Orb
|move|p2b: Poliahu|Blizzard|p1a: Zangetsu|[miss]
|-miss|p2b: Poliahu|p1a: Zangetsu
|-curestatus|p2a: Danube|slp|[msg]
|move|p2a: Danube|Flamethrower|p1a: Zangetsu
|-supereffective|p1a: Zangetsu|1
|-damage|p1a: Zangetsu|0 fnt
|faint|p1a: Zangetsu
|
|win|OshunAurorus
|l|☆OshunAurorus
|player|p2|
