|j|ŌśåKrisKiwii
|j|Ōśåmarilli
|html|KrisKiwiimarilli    
|uhtml|bestof|Game 1 of a best-of-3
|t:|1783101682
|gametype|doubles
|player|p1|KrisKiwii|acetrainerf-gen4dp|
|player|p2|marilli|#splxityrants|
|gen|9
|tier|[Gen 9 Champions] VGC 2026 Reg M-B (Bo3)
|rule|Species Clause: Limit one of each Pok├®mon
|rule|Item Clause: Limit 1 of each item
|clearpoke
|poke|p1|Metagross, L50, shiny|
|poke|p1|Charizard, L50, F, shiny|
|poke|p1|Incineroar, L50, F, shiny|
|poke|p1|Garchomp, L50, M, shiny|
|poke|p1|Hydreigon, L50, M, shiny|
|poke|p1|Toxapex, L50, M, shiny|
|poke|p2|Gengar, L50, F|
|poke|p2|Incineroar, L50, M|
|poke|p2|Politoed, L50, F|
|poke|p2|Archaludon, L50, F|
|poke|p2|Vivillon, L50, M|
|poke|p2|Swampert, L50, M|
|teampreview|4
|showteam|p1|Metagross||Metagrossite|ClearBody|IronHead,PsychicFangs,BodyPress,Protect|Jolly|||||50|]Charizard||CharizarditeY|Blaze|HeatWave,WeatherBall,SolarBeam,Protect|Timid||F|||50|]Incineroar||SitrusBerry|Intimidate|FlareBlitz,ThroatChop,FakeOut,PartingShot|Impish||F|||50|]Garchomp||LifeOrb|RoughSkin|Earthquake,DragonClaw,RockSlide,Protect|Jolly||M|||50|]Hydreigon||ChoiceScarf|Levitate|DracoMeteor,DarkPulse,Snarl,HeatWave|Modest||M|||50|]Toxapex||Leftovers|Regenerator|Infestation,WideGuard,Toxic,BanefulBunker|Bold||M|||50|
|showteam|p2|Gengar||Gengarite|CursedBody|ShadowBall,PerishSong,SludgeBomb,Protect|Timid||F|||50|]Incineroar||PasshoBerry|Intimidate|DarkestLariat,PartingShot,FakeOut,Protect|Sassy||M|||50|]Politoed||SitrusBerry|Drizzle|WeatherBall,PerishSong,Encore,Protect|Calm||F|||50|]Archaludon||Leftovers|Stamina|DragonPulse,FlashCannon,ElectroShot,Protect|Bold||F|||50|]Vivillon||FocusSash|CompoundEyes|Hurricane,SleepPowder,RagePowder,Protect|Timid||M|||50|]Swampert||Swampertite|Torrent|WaveCrash,IcePunch,Earthquake,Protect|Adamant||M|||50|
|inactive|Battle timer is ON: inactive players will automatically lose when time's up. (requested by KrisKiwii)
|inactiveoff|Battle timer is now OFF.
|j| rovbmc
|l| rovbmc
|j| cryptbloom
|j| rovbmc
|j| Code
|c|ŌśåKrisKiwii|will put the timer back on once links are done if you're good with that?
|c|Ōśåmarilli|yeah
|j| Damovgc
|j| Fainting Spells
|j| robbie0301
|c|ŌśåKrisKiwii|right well
|c|ŌśåKrisKiwii|glhf!
|j| Sratsym
|inactive|Battle timer is ON: inactive players will automatically lose when time's up. (requested by KrisKiwii)
|c|Ōśåmarilli|glhf
|
|t:|1783101814
|teamsize|p1|4
|teamsize|p2|4
|start
|switch|p1a: Triple Kelp|Hydreigon, L50, M, shiny|100/100
|switch|p1b: Ol' Reliable|Incineroar, L50, F, shiny|100/100
|switch|p2a: Gengar|Gengar, L50, F|100/100
|switch|p2b: Incineroar|Incineroar, L50, M|100/100
|-ability|p1b: Ol' Reliable|Intimidate|boost
|-unboost|p2a: Gengar|atk|1
|-unboost|p2b: Incineroar|atk|1
|-ability|p2b: Incineroar|Intimidate|boost
|-unboost|p1a: Triple Kelp|atk|1
|-unboost|p1b: Ol' Reliable|atk|1
|turn|1
|
|t:|1783101837
|detailschange|p2a: Gengar|Gengar-Mega, L50, F
|-mega|p2a: Gengar|Gengar|Gengarite
|move|p1b: Ol' Reliable|Fake Out|p2b: Incineroar
|-damage|p2b: Incineroar|94/100
|cant|p2b: Incineroar|flinch
|move|p1a: Triple Kelp|Snarl|p2b: Incineroar|[spread] p2a,p2b
|-supereffective|p2a: Gengar|1
|-resisted|p2b: Incineroar|1
|-damage|p2a: Gengar|52/100
|-damage|p2b: Incineroar|85/100
|-unboost|p2a: Gengar|spa|1
|-unboost|p2b: Incineroar|spa|1
|move|p2a: Gengar|Perish Song|p2a: Gengar
|-start|p1a: Triple Kelp|perish3|[silent]
|-start|p1b: Ol' Reliable|perish3|[silent]
|-start|p2a: Gengar|perish3|[silent]
|-start|p2b: Incineroar|perish3|[silent]
|-fieldactivate|move: Perish Song
|
|-start|p1a: Triple Kelp|perish3
|-start|p2a: Gengar|perish3
|-start|p1b: Ol' Reliable|perish3
|-start|p2b: Incineroar|perish3
|upkeep
|turn|2
|
|t:|1783101861
|move|p2a: Gengar|Protect|p2a: Gengar
|-singleturn|p2a: Gengar|Protect
|move|p2b: Incineroar|Protect|p2b: Incineroar
|-singleturn|p2b: Incineroar|Protect
|move|p1a: Triple Kelp|Snarl|p2b: Incineroar|[spread] 
|-activate|p2a: Gengar|move: Protect
|-activate|p2b: Incineroar|move: Protect
|move|p1b: Ol' Reliable|Parting Shot|p2b: Incineroar
|-activate|p2b: Incineroar|move: Protect
|
|-start|p1a: Triple Kelp|perish2
|-start|p2a: Gengar|perish2
|-start|p1b: Ol' Reliable|perish2
|-start|p2b: Incineroar|perish2
|upkeep
|turn|3
|j| ScribbleScribble
|
|t:|1783101883
|switch|p2a: Politoed|Politoed, L50, F|100/100
|-weather|RainDance|[from] ability: Drizzle|[of] p2a: Politoed
|move|p1a: Triple Kelp|Snarl|p2a: Politoed|[spread] p2a,p2b
|-resisted|p2b: Incineroar|1
|-damage|p2a: Politoed|81/100
|-damage|p2b: Incineroar|76/100
|-unboost|p2a: Politoed|spa|1
|-unboost|p2b: Incineroar|spa|1
|move|p1b: Ol' Reliable|Parting Shot|p2b: Incineroar
|-unboost|p2b: Incineroar|atk|1
|-unboost|p2b: Incineroar|spa|1
|
|t:|1783101887
|switch|p1b: Xaria|Charizard, L50, F, shiny|100/100|[from] Parting Shot
|move|p2b: Incineroar|Parting Shot|p1b: Xaria
|-unboost|p1b: Xaria|atk|1
|-unboost|p1b: Xaria|spa|1
|j| kunal
|
|t:|1783101900
|switch|p2b: Gengar|Gengar-Mega, L50, F|52/100|[from] Parting Shot
|
|-weather|RainDance|[upkeep]
|-start|p1a: Triple Kelp|perish1
|upkeep
|turn|4
|j| coconutdk
|
|t:|1783101917
|switch|p2a: Incineroar|Incineroar, L50, M|76/100
|-ability|p2a: Incineroar|Intimidate|boost
|-unboost|p1a: Triple Kelp|atk|1
|-unboost|p1b: Xaria|atk|1
|detailschange|p1b: Xaria|Charizard-Mega-Y, L50, F, shiny
|-mega|p1b: Xaria|Charizard|Charizardite Y
|-weather|SunnyDay|[from] ability: Drought|[of] p1b: Xaria
|move|p2b: Gengar|Protect|p2b: Gengar
|-singleturn|p2b: Gengar|Protect
|move|p1a: Triple Kelp|Snarl|p2a: Incineroar|[spread] p2a
|-activate|p2b: Gengar|move: Protect
|-resisted|p2a: Incineroar|1
|-damage|p2a: Incineroar|67/100
|-unboost|p2a: Incineroar|spa|1
|move|p1b: Xaria|Weather Ball|p2b: Gengar
|-activate|p2b: Gengar|move: Protect
|
|-weather|SunnyDay|[upkeep]
|-start|p1a: Triple Kelp|perish0
|faint|p1a: Triple Kelp
|upkeep
|
|t:|1783101921
|switch|p1a: Ol' Reliable|Incineroar, L50, F, shiny|100/100
|-ability|p1a: Ol' Reliable|Intimidate|boost
|-unboost|p2a: Incineroar|atk|1
|-unboost|p2b: Gengar|atk|1
|turn|5
|j| Therazer456
|inactive|marilli has 30 seconds left.
|inactive|KrisKiwii has 30 seconds left.
|
|t:|1783101962
|switch|p2b: Politoed|Politoed, L50, F|81/100
|-weather|RainDance|[from] ability: Drizzle|[of] p2b: Politoed
|switch|p2a: Archaludon|Archaludon, L50, F|100/100
|move|p1b: Xaria|Weather Ball|p2b: Politoed
|-resisted|p2b: Politoed|1
|-damage|p2b: Politoed|67/100
|move|p1a: Ol' Reliable|Parting Shot|p2b: Politoed
|-unboost|p2b: Politoed|atk|1
|-unboost|p2b: Politoed|spa|1
|
|t:|1783101965
|switch|p1a: Jarrkhan|Garchomp, L50, M, shiny|100/100|[from] Parting Shot
|
|-weather|RainDance|[upkeep]
|upkeep
|turn|6
|inactive|marilli has 30 seconds left.
|
|t:|1783101994
|switch|p1b: Ol' Reliable|Incineroar, L50, F, shiny|100/100
|-ability|p1b: Ol' Reliable|Intimidate|boost
|-unboost|p2a: Archaludon|atk|1
|-unboost|p2b: Politoed|atk|1
|switch|p2b: Incineroar|Incineroar, L50, M|67/100
|-ability|p2b: Incineroar|Intimidate|boost
|-unboost|p1a: Jarrkhan|atk|1
|-unboost|p1b: Ol' Reliable|atk|1
|move|p1a: Jarrkhan|Protect|p1a: Jarrkhan
|-singleturn|p1a: Jarrkhan|Protect
|move|p2a: Archaludon|Dragon Pulse|p1a: Jarrkhan
|-activate|p1a: Jarrkhan|move: Protect
|
|-weather|RainDance|[upkeep]
|upkeep
|turn|7
|inactive|marilli has 30 seconds left.
|
|t:|1783102028
|switch|p1a: Xaria|Charizard-Mega-Y, L50, F, shiny|100/100
|-weather|SunnyDay|[from] ability: Drought|[of] p1a: Xaria
|move|p2a: Archaludon|Dragon Pulse|p1a: Xaria
|-damage|p1a: Xaria|66/100
|move|p1b: Ol' Reliable|Parting Shot|p2a: Archaludon
|-unboost|p2a: Archaludon|atk|1
|-unboost|p2a: Archaludon|spa|1
|
|t:|1783102035
|switch|p1b: Jarrkhan|Garchomp, L50, M, shiny|100/100|[from] Parting Shot
|move|p2b: Incineroar|Parting Shot|p1b: Jarrkhan
|-unboost|p1b: Jarrkhan|atk|1
|-unboost|p1b: Jarrkhan|spa|1
|
|t:|1783102041
|switch|p2b: Politoed|Politoed, L50, F|67/100|[from] Parting Shot
|-weather|RainDance|[from] ability: Drizzle|[of] p2b: Politoed
|
|-weather|RainDance|[upkeep]
|upkeep
|turn|8
|
|t:|1783102057
|switch|p2a: Incineroar|Incineroar, L50, M|67/100
|-ability|p2a: Incineroar|Intimidate|boost
|-unboost|p1a: Xaria|atk|1
|-unboost|p1b: Jarrkhan|atk|1
|move|p1b: Jarrkhan|Earthquake|p2a: Incineroar|[spread] p2a,p2b
|-immune|p1a: Xaria
|-supereffective|p2a: Incineroar|1
|-damage|p2a: Incineroar|20/100y
|-damage|p2b: Politoed|42/100
|-enditem|p2b: Politoed|Sitrus Berry|[eat]
|-heal|p2b: Politoed|67/100|[from] item: Sitrus Berry
|-damage|p1b: Jarrkhan|90/100|[from] item: Life Orb
|move|p1a: Xaria|Weather Ball|p2b: Politoed
|-resisted|p2b: Politoed|1
|-damage|p2b: Politoed|48/100
|move|p2b: Politoed|Weather Ball|p1a: Xaria
|-supereffective|p1a: Xaria|1
|-damage|p1a: Xaria|0 fnt
|faint|p1a: Xaria
|
|-weather|RainDance|[upkeep]
|upkeep
|
|t:|1783102070
|switch|p1a: Ol' Reliable|Incineroar, L50, F, shiny|100/100
|-ability|p1a: Ol' Reliable|Intimidate|boost
|-unboost|p2a: Incineroar|atk|1
|-unboost|p2b: Politoed|atk|1
|turn|9
|inactive|KrisKiwii has 30 seconds left.
|inactive|marilli has 30 seconds left.
|
|t:|1783102106
|switch|p2a: Archaludon|Archaludon, L50, F|100/100
|move|p1a: Ol' Reliable|Fake Out|p2b: Politoed
|-damage|p2b: Politoed|39/100
|move|p1b: Jarrkhan|Earthquake|p2a: Archaludon|[spread] p1a,p2a,p2b
|-supereffective|p1a: Ol' Reliable|1
|-supereffective|p2a: Archaludon|1
|-damage|p1a: Ol' Reliable|57/100
|-damage|p2a: Archaludon|62/100
|-damage|p2b: Politoed|17/100
|-ability|p2a: Archaludon|Stamina|boost
|-boost|p2a: Archaludon|def|1
|-damage|p1b: Jarrkhan|80/100|[from] item: Life Orb
|cant|p2b: Politoed|flinch
|
|-weather|RainDance|[upkeep]
|-heal|p2a: Archaludon|69/100|[from] item: Leftovers
|upkeep
|turn|10
|inactive|KrisKiwii has 30 seconds left.
|inactive|marilli has 30 seconds left.
|l| Fainting Spells
|
|t:|1783102139
|move|p1b: Jarrkhan|Rock Slide|p2a: Archaludon|[spread] p2a,p2b
|-resisted|p2a: Archaludon|1
|-crit|p2b: Politoed
|-damage|p2a: Archaludon|66/100
|-damage|p2b: Politoed|0 fnt
|-ability|p2a: Archaludon|Stamina|boost
|-boost|p2a: Archaludon|def|1
|faint|p2b: Politoed
|-damage|p1b: Jarrkhan|70/100|[from] item: Life Orb
|move|p2a: Archaludon|Dragon Pulse|p1b: Jarrkhan
|-supereffective|p1b: Jarrkhan|1
|-damage|p1b: Jarrkhan|0 fnt
|faint|p1b: Jarrkhan
|move|p1a: Ol' Reliable|Parting Shot|p2a: Archaludon
|-unboost|p2a: Archaludon|atk|1
|-unboost|p2a: Archaludon|spa|1
|
|-weather|RainDance|[upkeep]
|-heal|p2a: Archaludon|72/100|[from] item: Leftovers
|upkeep
|j| Fainting Spells
|
|t:|1783102151
|switch|p2b: Incineroar|Incineroar, L50, M|20/100y
|-ability|p2b: Incineroar|Intimidate|boost
|-unboost|p1a: Ol' Reliable|atk|1
|turn|11
|-message|KrisKiwii forfeited.
|
|win|marilli
||KrisKiwii is ready for game 2.
|inactive|marilli has 30 seconds to confirm battle start!
||marilli is ready for game 2.
|uhtml|next|Next: Game 2 of 3
|l| Damovgc
|l| rovbmc
|j| Damovgc
|l| Fainting Spells
|l| Damovgc
|l| Sratsym
|l| ScribbleScribble
|j| Izzy22x
|j| SeaWolfMikes
|l| cryptbloom
