|j|☆dont make me walk
|j|☆dracojackson
|html|dont make me walkdracojackson    
|uhtml|bestof|Game 2 of a best-of-3
|t:|1754235256
|gametype|doubles
|player|p1|dont make me walk|red-masters3|1222
|player|p2|dracojackson|veteranf|1215
|gen|9
|tier|[Gen 9] VGC 2025 Reg H (Bo3)
|rated|
|rule|Species Clause: Limit one of each Pokémon
|rule|Item Clause: Limit 1 of each item
|clearpoke
|poke|p1|Indeedee-F, L50, F|
|poke|p1|Excadrill, L50, M|
|poke|p1|Sneasler, L50, F|
|poke|p1|Tyranitar, L50, F|
|poke|p1|Armarouge, L50, M|
|poke|p1|Corviknight, L50, M|
|poke|p2|Kommo-o, L50, F|
|poke|p2|Rillaboom, L50, M|
|poke|p2|Clefairy, L50, F|
|poke|p2|Ninetales-Alola, L50, F|
|poke|p2|Kingambit, L50, M|
|poke|p2|Sneasler, L50, M|
|teampreview|4
|showteam|p1|Indeedee-F||SafetyGoggles|PsychicSurge|Psychic,FollowMe,TrickRoom,HelpingHand|||F|||50|,,,,,Fairy]Excadrill||ClearAmulet|SandRush|Earthquake,HighHorsepower,IronHead,Protect|||M|||50|,,,,,Ghost]Sneasler||PsychicSeed|Unburden|DireClaw,CloseCombat,ThroatChop,Protect|||F|||50|,,,,,Dark]Tyranitar||AssaultVest|SandStream|RockSlide,TeraBlast,KnockOff,LowKick|||F|||50|,,,,,Flying]Armarouge||LifeOrb|FlashFire|ArmorCannon,ExpandingForce,EnergyBall,TrickRoom|||M|||50|,,,,,Grass]Corviknight||Leftovers|MirrorArmor|BraveBird,IronDefense,Roost,BodyPress|||M|||50|,,,,,Dragon
|showteam|p2|Kommo-o||ThroatSpray|Overcoat|Protect,ClangingScales,ClangorousSoul,Flamethrower|||F|||50|,,,,,Fire]Rillaboom||AssaultVest|GrassySurge|FakeOut,WoodHammer,GrassyGlide,Uturn|||M|||50|,,,,,Fire]Clefairy||Eviolite|FriendGuard|FollowMe,HelpingHand,Protect,AfterYou|||F|||50|,,,,,Grass]Ninetales-Alola||FocusSash|SnowWarning|Blizzard,IcyWind,Encore,AuroraVeil|||F|||50|,,,,,Ghost]Kingambit||BlackGlasses|Defiant|KowtowCleave,SuckerPunch,IronHead,Protect|||M|||50|,,,,,Ghost]Sneasler||GrassySeed|Unburden|FakeOut,CloseCombat,DireClaw,Coaching|||M|||50|,,,,,Stellar
|inactive|Battle timer is ON: inactive players will automatically lose when time's up. (requested by dont make me walk)
|
|t:|1754235264
|teamsize|p1|4
|teamsize|p2|4
|start
|switch|p1a: Indeedee|Indeedee-F, L50, F|100/100
|switch|p1b: Sneasler|Sneasler, L50, F|100/100
|switch|p2a: Seam|Clefairy, L50, F|100/100
|switch|p2b: Blake|Kommo-o, L50, F|100/100
|-fieldstart|move: Psychic Terrain|[from] ability: Psychic Surge|[of] p1a: Indeedee
|-enditem|p1b: Sneasler|Psychic Seed
|-boost|p1b: Sneasler|spd|1|[from] item: Psychic Seed
|turn|1
|
|t:|1754235276
|switch|p1a: Armarouge|Armarouge, L50, M|100/100
|move|p2a: Seam|Follow Me|p2a: Seam
|-singleturn|p2a: Seam|move: Follow Me
|move|p1b: Sneasler|Dire Claw|p2a: Seam
|-supereffective|p2a: Seam
|-damage|p2a: Seam|28/100
|move|p2b: Blake|Clangorous Soul|p2b: Blake
|-boost|p2b: Blake|atk|1
|-boost|p2b: Blake|def|1
|-boost|p2b: Blake|spa|1
|-boost|p2b: Blake|spd|1
|-boost|p2b: Blake|spe|1
|-damage|p2b: Blake|68/100
|-enditem|p2b: Blake|Throat Spray
|-boost|p2b: Blake|spa|1|[from] item: Throat Spray
|
|upkeep
|turn|2
|
|t:|1754235292
|move|p2a: Seam|Helping Hand|p2b: Blake
|-singleturn|p2b: Blake|Helping Hand|[of] p2a: Seam
|move|p1b: Sneasler|Dire Claw|p2b: Blake
|-damage|p2b: Blake|45/100
|move|p2b: Blake|Clanging Scales|p1a: Armarouge|[spread] p1a,p1b
|-damage|p1a: Armarouge|0 fnt
|-damage|p1b: Sneasler|7/100
|faint|p1a: Armarouge
|-unboost|p2b: Blake|def|1
|
|upkeep
|
|t:|1754235302
|switch|p1a: Indeedee|Indeedee-F, L50, F|100/100
|turn|3
|
|t:|1754235307
|move|p1b: Sneasler|Protect|p1b: Sneasler
|-singleturn|p1b: Sneasler|Protect
|move|p2a: Seam|Follow Me|p2a: Seam
|-singleturn|p2a: Seam|move: Follow Me
|move|p2b: Blake|Clanging Scales|p1a: Indeedee|[spread] p1a
|-activate|p1b: Sneasler|move: Protect
|-damage|p1a: Indeedee|30/100
|-unboost|p2b: Blake|def|1
|move|p1a: Indeedee|Psychic|p2a: Seam
|-damage|p2a: Seam|0 fnt
|faint|p2a: Seam
|
|upkeep
|
|t:|1754235310
|switch|p2a: AJ|Rillaboom, L50, M|100/100
|-fieldstart|move: Grassy Terrain|[from] ability: Grassy Surge|[of] p2a: AJ
|turn|4
|
|t:|1754235319
|switch|p1a: Tyranitar|Tyranitar, L50, F|100/100
|-weather|Sandstorm|[from] ability: Sand Stream|[of] p1a: Tyranitar
|move|p1b: Sneasler|Protect||[still]
|-fail|p1b: Sneasler
|move|p2a: AJ|Fake Out|p1b: Sneasler
|-damage|p1b: Sneasler|0 fnt
|faint|p1b: Sneasler
|move|p2b: Blake|Clanging Scales|p1a: Tyranitar
|-damage|p1a: Tyranitar|64/100
|-unboost|p2b: Blake|def|1
|
|-weather|Sandstorm|[upkeep]
|-damage|p2a: AJ|95/100|[from] Sandstorm
|-heal|p2b: Blake|51/100|[from] Grassy Terrain
|-heal|p2a: AJ|100/100|[from] Grassy Terrain
|-heal|p1a: Tyranitar|70/100|[from] Grassy Terrain
|upkeep
|
|t:|1754235321
|switch|p1b: Indeedee|Indeedee-F, L50, F|30/100
|-fieldstart|move: Psychic Terrain|[from] ability: Psychic Surge|[of] p1b: Indeedee
|turn|5
|-message|dont make me walk forfeited.
|
|win|dracojackson
|raw|dont make me walk's rating: 1222 → 1196(-26 for losing)
|raw|dracojackson's rating: 1215 → 1241(+26 for winning)
