|j|☆fsucia
|j|☆bwahacough
|html|fsuciabwahacough    
|uhtml|bestof|Game 2 of a best-of-3
|t:|1755562122
|gametype|doubles
|player|p1|fsucia|102|1223
|player|p2|bwahacough|medium|1422
|gen|9
|tier|[Gen 9] VGC 2025 Reg H (Bo3)
|rated|
|rule|Species Clause: Limit one of each Pokémon
|rule|Item Clause: Limit 1 of each item
|clearpoke
|poke|p1|Primarina, L50, M|
|poke|p1|Garchomp, L50, F|
|poke|p1|Gholdengo, L50|
|poke|p1|Talonflame, L50, M|
|poke|p1|Tyranitar, L50, F|
|poke|p1|Amoonguss, L50, F|
|poke|p2|Lycanroc, L50, M|
|poke|p2|Tyranitar, L50, F|
|poke|p2|Indeedee-F, L50, F|
|poke|p2|Sinistcha-Masterpiece, L50|
|poke|p2|Delphox, L50, M|
|poke|p2|Murkrow, L50, F|
|teampreview|4
|showteam|p1|Primarina||ThroatSpray|LiquidVoice|Haze,Moonblast,Protect,HyperVoice|||M|||50|,,,,,Steel]Garchomp||LifeOrb|SandVeil|Protect,Earthquake,StompingTantrum,DragonClaw|||F|||50|,,,,,Fire]Gholdengo||MetalCoat|GoodasGold|Protect,NastyPlot,ShadowBall,MakeItRain||||||50|,,,,,Flying]Talonflame||CovertCloak|GaleWings|BraveBird,Tailwind,WillOWisp,Taunt|||M|||50|,,,,,Flying]Tyranitar||AssaultVest|SandStream|KnockOff,TeraBlast,LowKick,RockSlide|||F|||50|,,,,,Flying]Amoonguss||SitrusBerry|Regenerator|RagePowder,Spore,PollenPuff,Protect|||F|||50|,,,,,Water
|showteam|p2|Lycanroc||FocusSash|SandRush|RockSlide,CloseCombat,Protect,PsychicFangs|||M|||50|,,,,,Fighting]Tyranitar||ClearAmulet|SandStream|RockSlide,KnockOff,Protect,TeraBlast|||F|||50|,,,,,Grass]Indeedee-F||SafetyGoggles|PsychicSurge|Psychic,FollowMe,Protect,HelpingHand|||F|||50|,,,,,Fairy]Sinistcha-Masterpiece||SitrusBerry|Hospitality|MatchaGotcha,ShadowBall,StrengthSap,RagePowder||||||50|,,,,,Fairy]Delphox||LifeOrb|Blaze|HeatWave,ExpandingForce,TeraBlast,Protect|||M|||50|,,,,,Fighting]Murkrow||Eviolite|Prankster|FoulPlay,Tailwind,Haze,IcyWind|||F|||50|,,,,,Steel
|
|t:|1755562144
|teamsize|p1|4
|teamsize|p2|4
|start
|switch|p1a: Primarina|Primarina, L50, M|100/100
|switch|p1b: Gholdengo|Gholdengo, L50|100/100
|switch|p2a: Lycanroc|Lycanroc, L50, M|100/100
|switch|p2b: Tyranitar|Tyranitar, L50, F|100/100
|-weather|Sandstorm|[from] ability: Sand Stream|[of] p2b: Tyranitar
|turn|1
|
|t:|1755562157
|-terastallize|p2b: Tyranitar|Grass
|move|p2a: Lycanroc|Protect|p2a: Lycanroc
|-singleturn|p2a: Lycanroc|Protect
|move|p1b: Gholdengo|Make It Rain|p2a: Lycanroc|[spread] p2b
|-activate|p2a: Lycanroc|move: Protect
|-damage|p2b: Tyranitar|51/100
|-unboost|p1b: Gholdengo|spa|1
|move|p1a: Primarina|Hyper Voice|p2a: Lycanroc|[spread] p2b
|-activate|p2a: Lycanroc|move: Protect
|-resisted|p2b: Tyranitar
|-damage|p2b: Tyranitar|38/100
|-enditem|p1a: Primarina|Throat Spray
|-boost|p1a: Primarina|spa|1|[from] item: Throat Spray
|move|p2b: Tyranitar|Tera Blast|p1a: Primarina|[anim] Tera Blast Grass
|-supereffective|p1a: Primarina
|-damage|p1a: Primarina|0 fnt
|faint|p1a: Primarina
|
|-weather|Sandstorm|[upkeep]
|-damage|p2b: Tyranitar|32/100|[from] Sandstorm
|upkeep
|
|t:|1755562161
|switch|p1a: Garchomp|Garchomp, L50, F|100/100
|turn|2
|
|t:|1755562184
|move|p2a: Lycanroc|Rock Slide|p1a: Garchomp|[spread] p1a,p1b
|-resisted|p1a: Garchomp
|-resisted|p1b: Gholdengo
|-damage|p1a: Garchomp|85/100
|-damage|p1b: Gholdengo|84/100
|cant|p1a: Garchomp|flinch
|move|p1b: Gholdengo|Make It Rain|p2a: Lycanroc|[spread] p2a,p2b
|-supereffective|p2a: Lycanroc
|-damage|p2a: Lycanroc|23/100
|-damage|p2b: Tyranitar|0 fnt
|-unboost|p1b: Gholdengo|spa|1
|faint|p2b: Tyranitar
|
|-weather|Sandstorm|[upkeep]
|upkeep
|
|t:|1755562186
|switch|p2b: Delphox|Delphox, L50, M, shiny|100/100
|turn|3
|
|t:|1755562199
|switch|p1b: Tyranitar|Tyranitar, L50, F|100/100
|move|p2b: Delphox|Protect|p2b: Delphox
|-singleturn|p2b: Delphox|Protect
|move|p2a: Lycanroc|Close Combat|p1a: Garchomp
|-damage|p1a: Garchomp|40/100
|-unboost|p2a: Lycanroc|def|1
|-unboost|p2a: Lycanroc|spd|1
|move|p1a: Garchomp|Stomping Tantrum|p2b: Delphox
|-activate|p2b: Delphox|move: Protect
|
|-weather|Sandstorm|[upkeep]
|-damage|p2b: Delphox|95/100|[from] Sandstorm
|upkeep
|turn|4
|
|t:|1755562224
|switch|p2a: Indeedee|Indeedee-F, L50, F, shiny|100/100
|-fieldstart|move: Psychic Terrain|[from] ability: Psychic Surge|[of] p2a: Indeedee
|-terastallize|p1b: Tyranitar|Flying
|move|p2b: Delphox|Expanding Force|p1a: Garchomp|[spread] p1a,p1b
|-damage|p1a: Garchomp|0 fnt
|-damage|p1b: Tyranitar|57/100
|faint|p1a: Garchomp
|-damage|p2b: Delphox|85/100|[from] item: Life Orb
|move|p1b: Tyranitar|Rock Slide|p2b: Delphox|[spread] p2a,p2b
|-supereffective|p2b: Delphox
|-damage|p2a: Indeedee|67/100
|-damage|p2b: Delphox|0 fnt
|faint|p2b: Delphox
|
|-weather|Sandstorm|[upkeep]
|-damage|p1b: Tyranitar|51/100|[from] Sandstorm
|upkeep
|
|t:|1755562231
|switch|p2b: Lycanroc|Lycanroc, L50, M|23/100
|switch|p1a: Gholdengo|Gholdengo, L50|84/100
|turn|5
|
|t:|1755562249
|move|p2a: Indeedee|Helping Hand|p2b: Lycanroc
|-singleturn|p2b: Lycanroc|Helping Hand|[of] p2a: Indeedee
|move|p2b: Lycanroc|Rock Slide|p1b: Tyranitar|[spread] p1a,p1b
|-resisted|p1a: Gholdengo
|-supereffective|p1b: Tyranitar
|-damage|p1a: Gholdengo|60/100
|-damage|p1b: Tyranitar|0 fnt
|faint|p1b: Tyranitar
|move|p1a: Gholdengo|Make It Rain|p2b: Lycanroc|[spread] p2a,p2b
|-supereffective|p2b: Lycanroc
|-damage|p2a: Indeedee|14/100
|-damage|p2b: Lycanroc|0 fnt
|-unboost|p1a: Gholdengo|spa|1
|faint|p2b: Lycanroc
|
|-weather|none
|upkeep
|turn|6
|
|t:|1755562254
|move|p1a: Gholdengo|Make It Rain|p2a: Indeedee
|-crit|p2a: Indeedee
|-damage|p2a: Indeedee|0 fnt
|-unboost|p1a: Gholdengo|spa|1
|faint|p2a: Indeedee
|
|win|fsucia
|raw|fsucia's rating: 1223 → 1261(+38 for winning)
|raw|bwahacough's rating: 1422 → 1392(-30 for losing)
