|j|☆seb96m
|j|☆dysaghost
|html|seb96mdysaghost    
|uhtml|bestof|Game 1 of a best-of-3
|t:|1757652510
|gametype|doubles
|player|p1|seb96m|266|1211
|player|p2|dysaghost|170|1225
|gen|9
|tier|[Gen 9] VGC 2025 Reg H (Bo3)
|rated|
|rule|Species Clause: Limit one of each Pokémon
|rule|Item Clause: Limit 1 of each item
|clearpoke
|poke|p1|Politoed, L50, F|
|poke|p1|Archaludon, L50, M|
|poke|p1|Maushold, L50|
|poke|p1|Amoonguss, L50, M|
|poke|p1|Grimmsnarl, L50, M|
|poke|p1|Annihilape, L50, F|
|poke|p2|Garchomp, L50, M|
|poke|p2|Tyranitar, L50, F|
|poke|p2|Infernape, L50, F|
|poke|p2|Murkrow, L50, M|
|poke|p2|Rotom-Wash, L50|
|poke|p2|Chandelure, L50, M|
|teampreview|4
|showteam|p1|Politoed||SitrusBerry|Drizzle|Protect,WeatherBall,PerishSong,MuddyWater|||F|||50|,,,,,Stellar]Archaludon||AssaultVest|Stamina|ElectroShot,FlashCannon,BodyPress,DracoMeteor|||M|||50|,,,,,Bug]Maushold||SafetyGoggles|FriendGuard|FollowMe,Protect,BeatUp,Taunt||||||50|,,,,,Ghost]Amoonguss||RockyHelmet|Regenerator|Spore,RagePowder,Protect,PollenPuff|||M|||50|,,,,,Water]Grimmsnarl||LightClay|Prankster|LightScreen,Reflect,SpiritBreak,ThunderWave|||M|||50|,,,,,Ghost]Annihilape||AguavBerry|Defiant|RageFist,DrainPunch,Protect,BulkUp|||F|||50|,,,,,Steel
|showteam|p2|Garchomp||LifeOrb|RoughSkin|Earthquake,IronHead,DragonClaw,Protect|||M|||50|,,,,,Steel]Tyranitar||ClearAmulet|SandStream|KnockOff,RockSlide,TeraBlast,Protect|||F|||50|,,,,,Flying]Infernape||EjectPack|Blaze|FakeOut,AuraSphere,Overheat,Protect|||F|||50|,,,,,Stellar]Murkrow||Eviolite|Prankster|FoulPlay,Haze,Whirlwind,Tailwind|||M|||50|,,,,,Dark]Rotom-Wash||SitrusBerry|Levitate|TeraBlast,Thunderbolt,HydroPump,Protect||||||50|,,,,,Fire]Chandelure||SafetyGoggles|FlashFire|HeatWave,ShadowBall,TrickRoom,Protect|||M|||50|,,,,,Dark
|inactive|Battle timer is ON: inactive players will automatically lose when time's up. (requested by seb96m)
|inactive|seb96m has 60 seconds left.
|inactive|dysaghost has 60 seconds left.
|
|t:|1757652554
|teamsize|p1|4
|teamsize|p2|4
|start
|switch|p1a: Grimmsnarl|Grimmsnarl, L50, M|100/100
|switch|p1b: Annihilape|Annihilape, L50, F|100/100
|switch|p2a: Murkrow|Murkrow, L50, M|100/100
|switch|p2b: Tyranitar|Tyranitar, L50, F|100/100
|-weather|Sandstorm|[from] ability: Sand Stream|[of] p2b: Tyranitar
|turn|1
|inactive|dysaghost has 30 seconds left.
|inactive|seb96m has 30 seconds left.
|inactive|dysaghost has 20 seconds left.
|inactive|dysaghost has 15 seconds left.
|
|t:|1757652602
|-terastallize|p2b: Tyranitar|Flying
|move|p1a: Grimmsnarl|Reflect|p1a: Grimmsnarl
|-sidestart|p1: seb96m|Reflect
|move|p1b: Annihilape|Drain Punch|p2b: Tyranitar
|-resisted|p2b: Tyranitar
|-damage|p2b: Tyranitar|85/100
|move|p2b: Tyranitar|Knock Off|p1a: Grimmsnarl
|-resisted|p1a: Grimmsnarl
|-damage|p1a: Grimmsnarl|90/100
|-enditem|p1a: Grimmsnarl|Light Clay|[from] move: Knock Off|[of] p2b: Tyranitar
|move|p2a: Murkrow|Whirlwind|p1b: Annihilape
|drag|p1b: Politoed|Politoed, L50, F|100/100
|-weather|RainDance|[from] ability: Drizzle|[of] p1b: Politoed
|
|-weather|RainDance|[upkeep]
|upkeep
|turn|2
|inactive|dysaghost has 30 seconds left.
|
|t:|1757652634
|switch|p2b: Rotom|Rotom-Wash, L50|100/100
|move|p1a: Grimmsnarl|Thunder Wave|p2b: Rotom|[miss]
|-miss|p1a: Grimmsnarl|p2b: Rotom
|move|p2a: Murkrow|Foul Play|p1b: Politoed
|-damage|p1b: Politoed|84/100
|move|p1b: Politoed|Muddy Water|p2a: Murkrow|[spread] p2a
|-miss|p1b: Politoed|p2b: Rotom
|-damage|p2a: Murkrow|60/100
|
|-weather|RainDance|[upkeep]
|upkeep
|turn|3
|
|t:|1757652648
|switch|p2a: Tyranitar|Tyranitar, L50, F, tera:Flying|85/100
|-weather|Sandstorm|[from] ability: Sand Stream|[of] p2a: Tyranitar
|switch|p1b: Archaludon|Archaludon, L50, M|100/100
|move|p2b: Rotom|Thunderbolt|p1b: Archaludon
|-resisted|p1b: Archaludon
|-damage|p1b: Archaludon|85/100
|-ability|p1b: Archaludon|Stamina|boost
|-boost|p1b: Archaludon|def|1
|move|p1a: Grimmsnarl|Spirit Break|p2a: Tyranitar
|-damage|p2a: Tyranitar|57/100
|
|-weather|Sandstorm|[upkeep]
|-damage|p2b: Rotom|95/100|[from] Sandstorm
|-damage|p2a: Tyranitar|51/100|[from] Sandstorm
|-damage|p1a: Grimmsnarl|84/100|[from] Sandstorm
|upkeep
|turn|4
|
|t:|1757652665
|switch|p1a: Politoed|Politoed, L50, F|84/100
|-weather|RainDance|[from] ability: Drizzle|[of] p1a: Politoed
|move|p2b: Rotom|Hydro Pump|p1b: Archaludon
|-resisted|p1b: Archaludon
|-damage|p1b: Archaludon|55/100
|-ability|p1b: Archaludon|Stamina|boost
|-boost|p1b: Archaludon|def|1
|move|p1b: Archaludon|Electro Shot||[still]
|-prepare|p1b: Archaludon|Electro Shot
|-boost|p1b: Archaludon|spa|1
|-anim|p1b: Archaludon|Electro Shot|p2a: Tyranitar
|-supereffective|p2a: Tyranitar
|-damage|p2a: Tyranitar|0 fnt
|faint|p2a: Tyranitar
|
|-weather|RainDance|[upkeep]
|upkeep
|
|t:|1757652681
|switch|p2a: Murkrow|Murkrow, L50, M|60/100
|turn|5
|
|t:|1757652701
|switch|p1a: Grimmsnarl|Grimmsnarl, L50, M|84/100
|move|p2a: Murkrow|Haze|p2a: Murkrow
|-clearallboost
|move|p2b: Rotom|Thunderbolt|p1a: Grimmsnarl
|-damage|p1a: Grimmsnarl|46/100
|move|p1b: Archaludon|Electro Shot||[still]
|-prepare|p1b: Archaludon|Electro Shot
|-boost|p1b: Archaludon|spa|1
|-anim|p1b: Archaludon|Electro Shot|p2a: Murkrow
|-supereffective|p2a: Murkrow
|-damage|p2a: Murkrow|0 fnt
|faint|p2a: Murkrow
|
|-weather|RainDance|[upkeep]
|upkeep
|
|t:|1757652708
|switch|p2a: Garchomp|Garchomp, L50, M|100/100
|turn|6
|
|t:|1757652724
|-terastallize|p1b: Archaludon|Bug
|move|p2a: Garchomp|Earthquake|p1a: Grimmsnarl|[spread] p1a,p1b
|-immune|p2b: Rotom|[from] ability: Levitate
|-resisted|p1b: Archaludon
|-damage|p1a: Grimmsnarl|12/100
|-damage|p1b: Archaludon|45/100
|-ability|p1b: Archaludon|Stamina|boost
|-boost|p1b: Archaludon|def|1
|-damage|p2a: Garchomp|91/100|[from] item: Life Orb
|move|p2b: Rotom|Hydro Pump|p1b: Archaludon
|-damage|p1b: Archaludon|0 fnt
|faint|p1b: Archaludon
|move|p1a: Grimmsnarl|Spirit Break|p2a: Garchomp
|-supereffective|p2a: Garchomp
|-damage|p2a: Garchomp|28/100
|-unboost|p2a: Garchomp|spa|1
|-damage|p1a: Grimmsnarl|0 fnt|[from] ability: Rough Skin|[of] p2a: Garchomp
|faint|p1a: Grimmsnarl
|
|-weather|RainDance|[upkeep]
|upkeep
|
|t:|1757652739
|switch|p1b: Politoed|Politoed, L50, F|84/100
|switch|p1a: Annihilape|Annihilape, L50, F|100/100
|turn|7
|
|t:|1757652751
|move|p1b: Politoed|Protect|p1b: Politoed
|-singleturn|p1b: Politoed|Protect
|move|p2a: Garchomp|Earthquake|p1b: Politoed|[spread] p1a
|-activate|p1b: Politoed|move: Protect
|-immune|p2b: Rotom|[from] ability: Levitate
|-damage|p1a: Annihilape|64/100
|-damage|p2a: Garchomp|18/100|[from] item: Life Orb
|move|p2b: Rotom|Hydro Pump|p1a: Annihilape|[miss]
|-miss|p2b: Rotom|p1a: Annihilape
|move|p1a: Annihilape|Rage Fist|p2a: Garchomp
|-damage|p2a: Garchomp|0 fnt
|-damage|p1a: Annihilape|52/100|[from] ability: Rough Skin|[of] p2a: Garchomp
|faint|p2a: Garchomp
|
|-weather|RainDance|[upkeep]
|upkeep
|turn|8
|
|t:|1757652773
|move|p1a: Annihilape|Protect|p1a: Annihilape
|-singleturn|p1a: Annihilape|Protect
|move|p2b: Rotom|Thunderbolt|p1b: Politoed
|-supereffective|p1b: Politoed
|-damage|p1b: Politoed|0 fnt
|faint|p1b: Politoed
|
|-weather|none
|-sideend|p1: seb96m|Reflect
|upkeep
|turn|9
|
|t:|1757652793
|move|p2b: Rotom|Hydro Pump|p1a: Annihilape|[miss]
|-miss|p2b: Rotom|p1a: Annihilape
|move|p1a: Annihilape|Rage Fist|p2b: Rotom
|-damage|p2b: Rotom|42/100
|-enditem|p2b: Rotom|Sitrus Berry|[eat]
|-heal|p2b: Rotom|66/100|[from] item: Sitrus Berry
|
|upkeep
|turn|10
|
|t:|1757652806
|move|p2b: Rotom|Hydro Pump|p1a: Annihilape
|-damage|p1a: Annihilape|10/100
|-enditem|p1a: Annihilape|Aguav Berry|[eat]
|-heal|p1a: Annihilape|43/100|[from] item: Aguav Berry
|move|p1a: Annihilape|Drain Punch|p2b: Rotom
|-damage|p2b: Rotom|27/100
|-heal|p1a: Annihilape|57/100|[from] drain|[of] p2b: Rotom
|
|upkeep
|turn|11
|
|t:|1757652816
|move|p2b: Rotom|Hydro Pump|p1a: Annihilape
|-damage|p1a: Annihilape|15/100
|move|p1a: Annihilape|Rage Fist|p2b: Rotom
|-damage|p2b: Rotom|0 fnt
|faint|p2b: Rotom
|
|win|seb96m
||dysaghost is ready for game 2.
||seb96m is ready for game 2.
|uhtml|next|Next: Game 2 of 3
|l|☆dysaghost
|player|p2|
|l|☆seb96m
|player|p1|
