|j|☆Mortipherus
|j|‽Dudthestud
|html|MortipherusDudthestud    
|uhtml|bestof|Game 3 of a best-of-3
|t:|1756232784
|gametype|doubles
|player|p1|Mortipherus|biker-gen4|1116
|player|p2|Dudthestud|101|1110
|gen|9
|tier|[Gen 9] VGC 2025 Reg H (Bo3)
|rated|
|rule|Species Clause: Limit one of each Pokémon
|rule|Item Clause: Limit 1 of each item
|clearpoke
|poke|p1|Hydrapple, L50, M|
|poke|p1|Gyarados, L50, F|
|poke|p1|Delphox, L50, F|
|poke|p1|Electabuzz, L50, F|
|poke|p1|Indeedee-F, L50, F|
|poke|p1|Sneasler, L50, M|
|poke|p2|Gholdengo, L50|
|poke|p2|Incineroar, L50, M|
|poke|p2|Sneasler, L50, F|
|poke|p2|Volcarona, L50, M|
|poke|p2|Rillaboom, L50, M|
|poke|p2|Dragapult, L50, M|
|teampreview|4
|showteam|p1|Hydrapple||AssaultVest|Regenerator|FickleBeam,EnergyBall,EarthPower,PollenPuff|||M|||50|,,,,,Bug]Gyarados||ClearAmulet|Intimidate|Protect,DragonDance,Waterfall,TeraBlast|||F|||50|,,,,,Ground]Delphox||LifeOrb|Blaze|Protect,TrickRoom,ExpandingForce,HeatWave|||F|||50|,,,,,Psychic]Electabuzz||Eviolite|VitalSpirit|Protect,FollowMe,Taunt,Electroweb|||F|||50|,,,,,Dragon]Indeedee-F||SafetyGoggles|PsychicSurge|Protect,FollowMe,TrickRoom,AlluringVoice|||F|||50|,,,,,Water]Sneasler||PsychicSeed|Unburden|Protect,ThroatChop,DireClaw,CloseCombat|||M|||50|,,,,,Dark
|showteam|p2|Gholdengo||ChoiceSpecs|GoodasGold|MakeItRain,ShadowBall,DazzlingGleam,Trick||||||50|,,,,,Water]Incineroar||SafetyGoggles|Intimidate|KnockOff,Taunt,PartingShot,FakeOut|||M|||50|,,,,,Ghost]Sneasler||WhiteHerb|Unburden|DireClaw,CloseCombat,Coaching,Protect|||F|||50|,,,,,Dark]Volcarona||CovertCloak|FlameBody|Overheat,StruggleBug,RagePowder,WillOWisp|||M|||50|,,,,,Fairy]Rillaboom||AssaultVest|GrassySurge|FakeOut,GrassyGlide,DrumBeating,HighHorsepower|||M|||50|,,,,,Fire]Dragapult||LifeOrb|ClearBody|DragonDarts,Uturn,TeraBlast,Protect|||M|||50|,,,,,Ghost
|inactive|Battle timer is ON: inactive players will automatically lose when time's up. (requested by Dudthestud)
|
|t:|1756232808
|teamsize|p1|4
|teamsize|p2|4
|start
|switch|p1a: Gyarados|Gyarados, L50, F, shiny|100/100
|switch|p1b: Electabuzz|Electabuzz, L50, F|100/100
|switch|p2a: Incineroar|Incineroar, L50, M|100/100
|switch|p2b: Volcarona|Volcarona, L50, M|100/100
|-ability|p1a: Gyarados|Intimidate|boost
|-unboost|p2a: Incineroar|atk|1
|-unboost|p2b: Volcarona|atk|1
|-ability|p2a: Incineroar|Intimidate|boost
|-fail|p1a: Gyarados|unboost|[from] item: Clear Amulet|[of] p1a: Gyarados
|-unboost|p1b: Electabuzz|atk|1
|turn|1
|inactive|Dudthestud has 30 seconds left.
|inactive|Dudthestud has 20 seconds left.
|inactive|Dudthestud has 15 seconds left.
|inactive|Dudthestud has 10 seconds left.
|
|t:|1756232856
|switch|p2b: Dragapult|Dragapult, L50, M|100/100
|move|p1a: Gyarados|Protect|p1a: Gyarados
|-singleturn|p1a: Gyarados|Protect
|move|p1b: Electabuzz|Taunt|p2b: Dragapult
|-start|p2b: Dragapult|move: Taunt
|move|p2a: Incineroar|Taunt|p1b: Electabuzz
|-start|p1b: Electabuzz|move: Taunt
|
|upkeep
|turn|2
|
|t:|1756232876
|move|p2b: Dragapult|Dragon Darts|p1a: Gyarados
|-damage|p1a: Gyarados|60/100
|-anim|p2b: Dragapult|Dragon Darts|p1b: Electabuzz
|-damage|p1b: Electabuzz|75/100
|-damage|p2b: Dragapult|91/100|[from] item: Life Orb
|move|p1a: Gyarados|Dragon Dance|p1a: Gyarados
|-boost|p1a: Gyarados|atk|1
|-boost|p1a: Gyarados|spe|1
|move|p1b: Electabuzz|Electroweb|p2a: Incineroar|[spread] p2a,p2b
|-resisted|p2b: Dragapult
|-damage|p2a: Incineroar|89/100
|-damage|p2b: Dragapult|82/100
|-unboost|p2a: Incineroar|spe|1
|move|p2a: Incineroar|Knock Off|p1a: Gyarados
|-damage|p1a: Gyarados|27/100
|-enditem|p1a: Gyarados|Clear Amulet|[from] move: Knock Off|[of] p2a: Incineroar
|
|upkeep
|turn|3
|
|t:|1756232899
|switch|p2a: Rillaboom|Rillaboom, L50, M|100/100
|-fieldstart|move: Grassy Terrain|[from] ability: Grassy Surge|[of] p2a: Rillaboom
|move|p1a: Gyarados|Waterfall|p2a: Rillaboom
|-resisted|p2a: Rillaboom
|-damage|p2a: Rillaboom|71/100
|move|p2b: Dragapult|Dragon Darts|p1a: Gyarados
|-damage|p1a: Gyarados|0 fnt
|-anim|p2b: Dragapult|Dragon Darts|p1b: Electabuzz
|-damage|p1b: Electabuzz|50/100
|faint|p1a: Gyarados
|-damage|p2b: Dragapult|72/100|[from] item: Life Orb
|move|p1b: Electabuzz|Electroweb|p2b: Dragapult|[spread] p2a,p2b
|-resisted|p2a: Rillaboom
|-resisted|p2b: Dragapult
|-damage|p2a: Rillaboom|66/100
|-damage|p2b: Dragapult|63/100
|-unboost|p2a: Rillaboom|spe|1
|
|-heal|p2b: Dragapult|69/100|[from] Grassy Terrain
|-heal|p1b: Electabuzz|56/100|[from] Grassy Terrain
|-heal|p2a: Rillaboom|72/100|[from] Grassy Terrain
|-end|p2b: Dragapult|move: Taunt
|upkeep
|
|t:|1756232906
|switch|p1a: Sneasler|Sneasler, L50, M|100/100
|turn|4
|
|t:|1756232918
|switch|p1b: Indeedee|Indeedee-F, L50, F|100/100
|-fieldstart|move: Psychic Terrain|[from] ability: Psychic Surge|[of] p1b: Indeedee
|-enditem|p1a: Sneasler|Psychic Seed
|-boost|p1a: Sneasler|spd|1|[from] item: Psychic Seed
|-terastallize|p1a: Sneasler|Dark
|move|p2a: Rillaboom|Fake Out|p1a: Sneasler
|-activate|p1a: Sneasler|move: Psychic Terrain
|move|p1a: Sneasler|Dire Claw|p2a: Rillaboom
|-supereffective|p2a: Rillaboom
|-damage|p2a: Rillaboom|0 fnt
|faint|p2a: Rillaboom
|move|p2b: Dragapult|Dragon Darts|p1b: Indeedee
|-damage|p1b: Indeedee|61/100
|-anim|p2b: Dragapult|Dragon Darts|p1a: Sneasler
|-damage|p1a: Sneasler|44/100
|-damage|p2b: Dragapult|59/100|[from] item: Life Orb
|
|upkeep
|
|t:|1756232923
|switch|p2a: Volcarona|Volcarona, L50, M|100/100
|turn|5
|
|t:|1756232943
|switch|p2b: Incineroar|Incineroar, L50, M|89/100
|-ability|p2b: Incineroar|Intimidate|boost
|-unboost|p1a: Sneasler|atk|1
|-unboost|p1b: Indeedee|atk|1
|move|p1b: Indeedee|Follow Me|p1b: Indeedee
|-singleturn|p1b: Indeedee|move: Follow Me
|move|p1a: Sneasler|Dire Claw|p2a: Volcarona
|-damage|p2a: Volcarona|74/100
|-status|p1a: Sneasler|brn|[from] ability: Flame Body|[of] p2a: Volcarona
|move|p2a: Volcarona|Struggle Bug|p1b: Indeedee|[spread] p1a,p1b
|-supereffective|p1a: Sneasler
|-supereffective|p1b: Indeedee
|-damage|p1a: Sneasler|12/100 brn
|-damage|p1b: Indeedee|33/100
|-unboost|p1a: Sneasler|spa|1
|-unboost|p1b: Indeedee|spa|1
|
|-damage|p1a: Sneasler|6/100 brn|[from] brn
|upkeep
|turn|6
|-message|Mortipherus forfeited.
|
|win|Dudthestud
|raw|Mortipherus's rating: 1116 → 1091(-25 for losing)
|raw|Dudthestud's rating: 1110 → 1135(+25 for winning)
|l|‽Dudthestud
|player|p2|
