|j|☆engoleseco
|j|☆sandy ghost 5
|html|engolesecosandy ghost 5    
|uhtml|bestof|Game 1 of a best-of-3
|t:|1756914373
|gametype|doubles
|player|p1|engoleseco|1|1136
|player|p2|sandy ghost 5|baker|1238
|gen|9
|tier|[Gen 9] VGC 2025 Reg H (Bo3)
|rated|
|rule|Species Clause: Limit one of each Pokémon
|rule|Item Clause: Limit 1 of each item
|clearpoke
|poke|p1|Armarouge, L50, F|
|poke|p1|Ursaluna, L50, F|
|poke|p1|Indeedee-F, L50, F|
|poke|p1|Torkoal, L50, F|
|poke|p1|Gallade, L50, M|
|poke|p1|Exeggutor, L50, F|
|poke|p2|Tyranitar, L50, F|
|poke|p2|Excadrill, L50, M|
|poke|p2|Sinistcha-Masterpiece, L50|
|poke|p2|Salamence, L50, F|
|poke|p2|Blaziken, L50, F|
|poke|p2|Bruxish, L50, F|
|teampreview|4
|showteam|p1|Armarouge||PsychicSeed|FlashFire|EnergyBall,TrickRoom,ExpandingForce,HeatWave|||F|||50|,,,,,Grass]Ursaluna||FlameOrb|Guts|Facade,Protect,HeadlongRush,Earthquake|||F|||50|,,,,,Ghost]Indeedee-F||RockyHelmet|PsychicSurge|FollowMe,TrickRoom,Psychic,HelpingHand|||F|||50|,,,,,Grass]Torkoal||Charcoal|Drought|Eruption,WeatherBall,EarthPower,HeatWave|||F|||50|,,,,,Fire]Gallade||ClearAmulet|Sharpness|SacredSword,WideGuard,PsychoCut,TrickRoom|||M|||50|,,,,,Grass]Exeggutor||FocusSash|Chlorophyll|SleepPowder,ExpandingForce,GigaDrain,Protect|||F|||50|,,,,,Psychic
|showteam|p2|Tyranitar||ClearAmulet|SandStream|RockSlide,KnockOff,DragonDance,Protect|||F|||50|,,,,,Grass]Excadrill||AssaultVest|SandRush|Earthquake,IronHead,HighHorsepower,RockSlide|||M|||50|,,,,,Ghost]Sinistcha-Masterpiece||SitrusBerry|Hospitality|ShadowBall,MatchaGotcha,RagePowder,Protect||||||50|,,,,,Dark]Salamence||LifeOrb|Intimidate|DracoMeteor,AirSlash,Protect,Tailwind|||F|||50|,,,,,Ghost]Blaziken||CovertCloak|SpeedBoost|AuraSphere,HeatWave,Coaching,WillOWisp|||F|||50|,,,,,Dragon]Bruxish||ChoiceScarf|Dazzling|PsychicFangs,FlipTurn,WaveCrash,SuperFang|||F|||50|,,,,,Water
|inactive|Battle timer is ON: inactive players will automatically lose when time's up. (requested by engoleseco)
|inactive|sandy ghost 5 has 60 seconds left.
|
|t:|1756914408
|teamsize|p1|4
|teamsize|p2|4
|start
|switch|p1a: abacaxota|Exeggutor, L50, F, shiny|100/100
|switch|p1b: Torkoal|Torkoal, L50, F|100/100
|switch|p2a: Excadrill|Excadrill, L50, M|100/100
|switch|p2b: Tyranitar|Tyranitar, L50, F|100/100
|-weather|Sandstorm|[from] ability: Sand Stream|[of] p2b: Tyranitar
|-weather|SunnyDay|[from] ability: Drought|[of] p1b: Torkoal
|turn|1
|inactive|engoleseco has 30 seconds left.
|inactive|engoleseco has 20 seconds left.
|inactive|engoleseco has 15 seconds left.
|inactive|engoleseco has 10 seconds left.
|inactive|engoleseco has 5 seconds left.
|
|t:|1756914463
|-terastallize|p2b: Tyranitar|Grass
|move|p1a: abacaxota|Sleep Powder|p2b: Tyranitar
|-immune|p2b: Tyranitar
|move|p2a: Excadrill|Earthquake|p1b: Torkoal|[spread] p2b,p1a,p1b
|-resisted|p2b: Tyranitar
|-resisted|p1a: abacaxota
|-supereffective|p1b: Torkoal
|-damage|p2b: Tyranitar|81/100
|-damage|p1a: abacaxota|77/100
|-damage|p1b: Torkoal|36/100
|move|p2b: Tyranitar|Rock Slide|p1a: abacaxota|[spread] p1a,p1b
|-supereffective|p1b: Torkoal
|-damage|p1a: abacaxota|36/100
|-damage|p1b: Torkoal|0 fnt
|faint|p1b: Torkoal
|
|-weather|SunnyDay|[upkeep]
|upkeep
|inactive|engoleseco has 30 seconds left.
|
|t:|1756914490
|switch|p1b: Indeedee|Indeedee-F, L50, F|100/100
|-fieldstart|move: Psychic Terrain|[from] ability: Psychic Surge|[of] p1b: Indeedee
|turn|2
|
|t:|1756914504
|-terastallize|p1b: Indeedee|Grass
|move|p1a: abacaxota|Sleep Powder|p2a: Excadrill
|-status|p2a: Excadrill|slp|[from] move: Sleep Powder
|cant|p2a: Excadrill|slp
|move|p2b: Tyranitar|Rock Slide|p1a: abacaxota|[spread] p1a,p1b
|-damage|p1a: abacaxota|0 fnt
|-damage|p1b: Indeedee|70/100
|faint|p1a: abacaxota
|move|p1b: Indeedee|Trick Room|p1b: Indeedee
|-fieldstart|move: Trick Room|[of] p1b: Indeedee
|
|-weather|SunnyDay|[upkeep]
|upkeep
|
|t:|1756914515
|switch|p1a: Ursaluna|Ursaluna, L50, F|100/100
|turn|3
|
|t:|1756914528
|switch|p2a: Puppet|Sinistcha-Masterpiece, L50|100/100
|-heal|p2b: Tyranitar|100/100|[from] ability: Hospitality|[of] p2a: Puppet
|move|p1a: Ursaluna|Headlong Rush|p2a: Puppet
|-resisted|p2a: Puppet
|-damage|p2a: Puppet|68/100
|-unboost|p1a: Ursaluna|def|1
|-unboost|p1a: Ursaluna|spd|1
|move|p1b: Indeedee|Psychic|p2b: Tyranitar
|-damage|p2b: Tyranitar|61/100
|move|p2b: Tyranitar|Knock Off|p1a: Ursaluna
|-damage|p1a: Ursaluna|46/100
|-enditem|p1a: Ursaluna|Flame Orb|[from] move: Knock Off|[of] p2b: Tyranitar
|
|-weather|SunnyDay|[upkeep]
|upkeep
|turn|4
|inactive|engoleseco has 30 seconds left.
|
|t:|1756914563
|move|p1b: Indeedee|Helping Hand|p1a: Ursaluna
|-singleturn|p1a: Ursaluna|Helping Hand|[of] p1b: Indeedee
|move|p1a: Ursaluna|Facade|p2b: Tyranitar
|-damage|p2b: Tyranitar|9/100
|move|p2a: Puppet|Matcha Gotcha|p1a: Ursaluna|[spread] p1a,p1b
|-supereffective|p1a: Ursaluna
|-resisted|p1b: Indeedee
|-damage|p1a: Ursaluna|0 fnt
|-heal|p2a: Puppet|97/100|[from] drain|[of] p1a: Ursaluna
|-damage|p1b: Indeedee|57/100
|-heal|p2a: Puppet|100/100|[from] drain|[of] p1b: Indeedee
|faint|p1a: Ursaluna
|move|p2b: Tyranitar|Knock Off|p1b: Indeedee
|-damage|p1b: Indeedee|1/100
|-damage|p2b: Tyranitar|0 fnt|[from] item: Rocky Helmet|[of] p1b: Indeedee
|faint|p2b: Tyranitar
|
|-weather|SunnyDay|[upkeep]
|upkeep
|
|t:|1756914572
|switch|p2b: Excadrill|Excadrill, L50, M|100/100 slp
|turn|5
|
|t:|1756914577
|move|p1b: Indeedee|Psychic|p2a: Puppet
|-damage|p2a: Puppet|65/100
|-unboost|p2a: Puppet|spd|1
|move|p2a: Puppet|Shadow Ball|p1b: Indeedee
|-damage|p1b: Indeedee|0 fnt
|faint|p1b: Indeedee
|
|win|sandy ghost 5
||sandy ghost 5 is ready for game 2.
||engoleseco is ready for game 2.
|uhtml|next|Next: Game 2 of 3
