|j|☆tsteelerfan
|j|☆hinoky
|html|tsteelerfanhinoky    
|uhtml|bestof|Game 2 of a best-of-3
|t:|1785874518
|gametype|doubles
|player|p1|tsteelerfan|101|1062
|player|p2|hinoky|wattson|1180
|gen|9
|tier|[Gen 9 Champions] VGC 2026 Reg M-B (Bo3)
|rated|
|rule|Species Clause: Limit one of each Pokémon
|rule|Item Clause: Limit 1 of each item
|clearpoke
|poke|p1|Gengar, L50, M|
|poke|p1|Kingambit, L50, F, shiny|
|poke|p1|Hydreigon, L50, M, shiny|
|poke|p1|Primarina, L50, F|
|poke|p1|Steelix, L50, M|
|poke|p1|Vivillon, L50, F|
|poke|p2|Kingambit, L50, M|
|poke|p2|Glimmora, L50, M|
|poke|p2|Whimsicott, L50, M|
|poke|p2|Delphox, L50, M|
|poke|p2|Garchomp, L50, M|
|poke|p2|Staraptor, L50, M|
|teampreview|4
|showteam|p1|Gengar||Gengarite|CursedBody|PerishSong,ShadowBall,Protect,Substitute|Timid||M|||50|]Kingambit||ChopleBerry|Defiant|SuckerPunch,SwordsDance,KowtowCleave,Protect|Adamant||F|||50|]Hydreigon||Leftovers|Levitate|Tailwind,DracoMeteor,Protect,FireBlast|Timid||M|||50|]Primarina||MysticWater|LiquidVoice|HyperVoice,Moonblast,PerishSong,Protect|Modest||F|||50|]Steelix||Steelixite|RockHead|SteelBeam,Protect,BodyPress,HighHorsepower|Relaxed||M|||50|]Vivillon||ChoiceScarf|CompoundEyes|SleepPowder,Uturn,AirSlash,GigaDrain|Timid||F|||50|
|showteam|p2|Kingambit||ChopleBerry|Defiant|SuckerPunch,KowtowCleave,IronHead,LowKick|Adamant||M|||50|]Glimmora||FocusSash|ToxicDebris|SludgeBomb,PowerGem,EarthPower,SpikyShield|Timid||M|||50|]Whimsicott||OccaBerry|Prankster|Moonblast,Tailwind,Charm,Protect|Timid||M|||50|]Delphox||Delphoxite|Blaze|HeatWave,Psyshock,Substitute,Protect|Modest||M|||50|]Garchomp||LifeOrb|RoughSkin|DragonClaw,Earthquake,RockSlide,Protect|Jolly||M|||50|]Staraptor||Staraptite|Intimidate|BraveBird,CloseCombat,Roost,Protect|Jolly||M|||50|
|inactive|Battle timer is ON: inactive players will automatically lose when time's up. (requested by hinoky)
|inactive|tsteelerfan has 60 seconds left.
|
|t:|1785874591
|teamsize|p1|4
|teamsize|p2|4
|start
|switch|p1a: Primarina|Primarina, L50, F|100/100
|switch|p1b: Kingambit|Kingambit, L50, F, shiny|100/100
|switch|p2a: Whimsicott|Whimsicott, L50, M|100/100
|switch|p2b: Glimmora|Glimmora, L50, M|100/100
|turn|1
|
|t:|1785874619
|switch|p1b: Hydreigon|Hydreigon, L50, M, shiny|100/100
|move|p1a: Primarina|Protect|p1a: Primarina
|-singleturn|p1a: Primarina|Protect
|move|p2a: Whimsicott|Tailwind|p2a: Whimsicott
|-sidestart|p2: hinoky|move: Tailwind
|move|p2b: Glimmora|Sludge Bomb|p1a: Primarina
|-activate|p1a: Primarina|move: Protect
|
|upkeep
|turn|2
|
|t:|1785874639
|switch|p1a: Kingambit|Kingambit, L50, F, shiny|100/100
|move|p2a: Whimsicott|Moonblast|p1b: Hydreigon
|-supereffective|p1b: Hydreigon|2
|-damage|p1b: Hydreigon|0 fnt
|faint|p1b: Hydreigon
|move|p2b: Glimmora|Sludge Bomb|p1a: Kingambit
|-immune|p1a: Kingambit
|
|upkeep
|
|t:|1785874646
|switch|p1b: Vivillon|Vivillon, L50, F|100/100
|turn|3
|inactive|tsteelerfan has 30 seconds left.
|
|t:|1785874672
|switch|p1a: Primarina|Primarina, L50, F|100/100
|move|p2b: Glimmora|Spiky Shield|p2b: Glimmora
|-singleturn|p2b: Glimmora|move: Protect
|move|p2a: Whimsicott|Moonblast|p1b: Vivillon
|-damage|p1b: Vivillon|44/100
|move|p1b: Vivillon|Sleep Powder|p2b: Glimmora
|-activate|p2b: Glimmora|move: Protect
|
|upkeep
|turn|4
|
|t:|1785874694
|switch|p1b: Kingambit|Kingambit, L50, F, shiny|100/100
|move|p1a: Primarina|Protect|p1a: Primarina
|-singleturn|p1a: Primarina|Protect
|move|p2a: Whimsicott|Moonblast|p1b: Kingambit
|-damage|p1b: Kingambit|71/100
|move|p2b: Glimmora|Sludge Bomb|p1a: Primarina
|-activate|p1a: Primarina|move: Protect
|
|-sideend|p2: hinoky|move: Tailwind
|upkeep
|turn|5
|
|t:|1785874719
|move|p2a: Whimsicott|Tailwind|p2a: Whimsicott
|-sidestart|p2: hinoky|move: Tailwind
|move|p2b: Glimmora|Sludge Bomb|p1a: Primarina
|-supereffective|p1a: Primarina|1
|-damage|p1a: Primarina|28/100
|-status|p1a: Primarina|psn
|move|p1a: Primarina|Hyper Voice|p2b: Glimmora|[spread] p2a,p2b
|-resisted|p2a: Whimsicott|1
|-supereffective|p2b: Glimmora|1
|-damage|p2a: Whimsicott|69/100
|-enditem|p2b: Glimmora|Focus Sash
|-damage|p2b: Glimmora|1/100
|move|p1b: Kingambit|Swords Dance|p1b: Kingambit
|-boost|p1b: Kingambit|atk|2
|
|-damage|p1a: Primarina|16/100 psn|[from] psn
|upkeep
|turn|6
|
|t:|1785874739
|move|p1a: Primarina|Protect|p1a: Primarina
|-singleturn|p1a: Primarina|Protect
|move|p1b: Kingambit|Sucker Punch|p2b: Glimmora
|-damage|p2b: Glimmora|0 fnt
|-activate|p2b: Glimmora|ability: Toxic Debris
|-sidestart|p1: tsteelerfan|move: Toxic Spikes
|faint|p2b: Glimmora
|move|p2a: Whimsicott|Moonblast|p1b: Kingambit
|-damage|p1b: Kingambit|45/100
|
|-damage|p1a: Primarina|3/100 psn|[from] psn
|upkeep
|
|t:|1785874753
|switch|p2b: Kingambit|Kingambit, L50, M|100/100
|turn|7
|
|t:|1785874769
|move|p2a: Whimsicott|Moonblast|p1b: Kingambit
|-damage|p1b: Kingambit|18/100
|move|p2b: Kingambit|Low Kick|p1b: Kingambit
|-supereffective|p1b: Kingambit|2
|-enditem|p1b: Kingambit|Chople Berry|[eat]
|-enditem|p1b: Kingambit|Chople Berry|[weaken]
|-damage|p1b: Kingambit|0 fnt
|faint|p1b: Kingambit
|move|p1a: Primarina|Hyper Voice|p2a: Whimsicott|[spread] p2a,p2b
|-resisted|p2a: Whimsicott|1
|-damage|p2a: Whimsicott|41/100
|-damage|p2b: Kingambit|67/100
|
|-damage|p1a: Primarina|0 fnt|[from] psn
|faint|p1a: Primarina
|upkeep
|
|t:|1785874777
|switch|p1b: Vivillon|Vivillon, L50, F|44/100
|turn|8
|-message|tsteelerfan forfeited.
|
|win|hinoky
|raw|tsteelerfan's rating: 1062 → 1049(-13 for losing)
|raw|hinoky's rating: 1180 → 1197(+17 for winning)
|l|☆tsteelerfan
|player|p1|
