|j|☆Reckzz
|j|☆ToastedArt
|html|ReckzzToastedArt    
|uhtml|bestof|Game 1 of a best-of-3
|t:|1785363096
|gametype|doubles
|player|p1|Reckzz|169|1226
|player|p2|ToastedArt|iris|1149
|gen|9
|tier|[Gen 9 Champions] VGC 2026 Reg M-B (Bo3)
|rated|
|rule|Species Clause: Limit one of each Pokémon
|rule|Item Clause: Limit 1 of each item
|clearpoke
|poke|p1|Tyranitar, L50, F|
|poke|p1|Excadrill, L50, F|
|poke|p1|Milotic, L50, F|
|poke|p1|Sinistcha, L50|
|poke|p1|Staraptor, L50, M|
|poke|p1|Gholdengo, L50|
|poke|p2|Falinks, L50, shiny|
|poke|p2|Gholdengo, L50|
|poke|p2|Sinistcha, L50|
|poke|p2|Grimmsnarl, L50, M|
|poke|p2|Incineroar, L50, M|
|poke|p2|Arcanine-Hisui, L50, F|
|teampreview|4
|showteam|p1|Tyranitar||Tyranitarite|SandStream|KnockOff,RockSlide,LowKick,Protect|Jolly||F|||50|]Excadrill||FocusSash|SandRush|Earthquake,IronHead,RockSlide,Protect|Adamant||F|||50|]Milotic||SitrusBerry|Competitive|Scald,IcyWind,Haze,Protect|Calm||F|||50|]Sinistcha||ColburBerry|Hospitality|MatchaGotcha,ShadowBall,Protect,RagePowder|Bold|||||50|]Staraptor||Staraptite|Intimidate|CloseCombat,BraveBird,Tailwind,Protect|Jolly||M|||50|]Gholdengo||LifeOrb|GoodasGold|MakeItRain,ShadowBall,NastyPlot,Protect|Modest|||||50|
|showteam|p2|Falinks||Falinksite|Defiant|NoRetreat,CloseCombat,RockSlide,Protect|Adamant|||||50|]Gholdengo||LifeOrb|GoodasGold|MakeItRain,ShadowBall,NastyPlot,Protect|Modest|||||50|]Sinistcha||CobaBerry|Hospitality|MatchaGotcha,RagePowder,TrickRoom,Protect|Relaxed|||||50|]Grimmsnarl||LightClay|Prankster|SpiritBreak,LightScreen,Reflect,PartingShot|Careful||M|||50|]Incineroar||SitrusBerry|Intimidate|FlareBlitz,DarkestLariat,PartingShot,FakeOut|Careful||M|||50|]Arcanine-Hisui||FocusSash|RockHead|FlareBlitz,HeadSmash,ExtremeSpeed,Protect|Jolly||F|||50|
|inactive|Battle timer is ON: inactive players will automatically lose when time's up. (requested by ToastedArt)
|inactive|Reckzz has 60 seconds left.
|
|t:|1785363143
|teamsize|p1|4
|teamsize|p2|4
|start
|switch|p1a: Milotic|Milotic, L50, F|100/100
|switch|p1b: Excadrill|Excadrill, L50, F|100/100
|switch|p2a: Gholdengo|Gholdengo, L50|100/100
|switch|p2b: Grimmsnarl|Grimmsnarl, L50, M|100/100
|turn|1
|
|t:|1785363163
|move|p2b: Grimmsnarl|Reflect|p2b: Grimmsnarl
|-sidestart|p2: ToastedArt|Reflect
|move|p1b: Excadrill|Iron Head|p2b: Grimmsnarl
|-supereffective|p2b: Grimmsnarl|1
|-crit|p2b: Grimmsnarl
|-damage|p2b: Grimmsnarl|0 fnt
|faint|p2b: Grimmsnarl
|move|p2a: Gholdengo|Shadow Ball|p1b: Excadrill
|-damage|p1b: Excadrill|27/100
|-damage|p2a: Gholdengo|90/100|[from] item: Life Orb
|move|p1a: Milotic|Scald|p2a: Gholdengo
|-damage|p2a: Gholdengo|56/100
|
|upkeep
|
|t:|1785363174
|switch|p2b: Sinistcha|Sinistcha, L50|100/100
|-heal|p2a: Gholdengo|81/100|[from] ability: Hospitality|[of] p2b: Sinistcha
|turn|2
|inactive|Reckzz has 30 seconds left.
|inactive|Reckzz has 20 seconds left.
|inactive|Reckzz has 15 seconds left.
|
|t:|1785363218
|switch|p1a: Tyranitar|Tyranitar, L50, F|100/100
|-weather|Sandstorm|[from] ability: Sand Stream|[of] p1a: Tyranitar
|move|p1b: Excadrill|Protect|p1b: Excadrill
|-singleturn|p1b: Excadrill|Protect
|move|p2a: Gholdengo|Protect|p2a: Gholdengo
|-singleturn|p2a: Gholdengo|Protect
|move|p2b: Sinistcha|Matcha Gotcha|p1a: Tyranitar|[spread] p1a
|-activate|p1b: Excadrill|move: Protect
|-supereffective|p1a: Tyranitar|1
|-damage|p1a: Tyranitar|70/100
|
|-weather|Sandstorm|[upkeep]
|-damage|p2b: Sinistcha|93/100|[from] Sandstorm
|upkeep
|turn|3
|inactive|Reckzz has 30 seconds left.
|inactive|ToastedArt has 30 seconds left.
|
|t:|1785363247
|switch|p2b: Falinks|Falinks, L50, shiny|100/100
|detailschange|p1a: Tyranitar|Tyranitar-Mega, L50, F
|-mega|p1a: Tyranitar|Tyranitar|Tyranitarite
|move|p1b: Excadrill|Iron Head|p2a: Gholdengo
|-resisted|p2a: Gholdengo|1
|-damage|p2a: Gholdengo|65/100
|move|p2a: Gholdengo|Shadow Ball|p1b: Excadrill
|-damage|p1b: Excadrill|0 fnt
|faint|p1b: Excadrill
|-damage|p2a: Gholdengo|56/100|[from] item: Life Orb
|move|p1a: Tyranitar|Knock Off|p2a: Gholdengo
|-supereffective|p2a: Gholdengo|1
|-damage|p2a: Gholdengo|0 fnt
|-enditem|p2a: Gholdengo|Life Orb|[from] move: Knock Off|[of] p1a: Tyranitar
|faint|p2a: Gholdengo
|
|-weather|Sandstorm|[upkeep]
|-damage|p2b: Falinks|93/100|[from] Sandstorm
|upkeep
|
|t:|1785363268
|switch|p1b: Milotic|Milotic, L50, F|100/100
|switch|p2a: Sinistcha|Sinistcha, L50|93/100
|-heal|p2b: Falinks|100/100|[from] ability: Hospitality|[of] p2a: Sinistcha
|turn|4
|
|t:|1785363289
|detailschange|p2b: Falinks|Falinks-Mega, L50, shiny
|-mega|p2b: Falinks|Falinks|Falinksite
|move|p2b: Falinks|Close Combat|p1b: Milotic
|-damage|p1b: Milotic|34/100
|-unboost|p2b: Falinks|def|1
|-unboost|p2b: Falinks|spd|1
|-enditem|p1b: Milotic|Sitrus Berry|[eat]
|-heal|p1b: Milotic|59/100|[from] item: Sitrus Berry
|move|p1a: Tyranitar|Knock Off|p2a: Sinistcha
|-supereffective|p2a: Sinistcha|1
|-damage|p2a: Sinistcha|25/100
|-enditem|p2a: Sinistcha|Coba Berry|[from] move: Knock Off|[of] p1a: Tyranitar
|move|p1b: Milotic|Icy Wind|p2a: Sinistcha|[spread] p2a,p2b
|-supereffective|p2a: Sinistcha|1
|-crit|p2a: Sinistcha
|-damage|p2a: Sinistcha|0 fnt
|-damage|p2b: Falinks|81/100
|-unboost|p2b: Falinks|spe|1
|-ability|p2b: Falinks|Defiant|boost
|-boost|p2b: Falinks|atk|2
|faint|p2a: Sinistcha
|
|-weather|Sandstorm|[upkeep]
|-damage|p1b: Milotic|53/100|[from] Sandstorm
|-damage|p2b: Falinks|75/100|[from] Sandstorm
|upkeep
|turn|5
|inactive|Reckzz has 30 seconds left.
|
|t:|1785363317
|switch|p1a: Gholdengo|Gholdengo, L50|100/100
|move|p1b: Milotic|Scald|p2b: Falinks
|-damage|p2b: Falinks|12/100
|move|p2b: Falinks|Close Combat|p1b: Milotic
|-damage|p1b: Milotic|0 fnt
|-unboost|p2b: Falinks|def|1
|-unboost|p2b: Falinks|spd|1
|faint|p1b: Milotic
|
|-weather|Sandstorm|[upkeep]
|-damage|p2b: Falinks|6/100|[from] Sandstorm
|upkeep
|
|t:|1785363325
|switch|p1b: Tyranitar|Tyranitar-Mega, L50, F|70/100
|turn|6
|-message|ToastedArt forfeited.
|
|win|Reckzz
