|j|☆Amorarra
|j|☆CaratroncoSun
|html|AmorarraCaratroncoSun    
|uhtml|bestof|Game 2 of a best-of-3
|t:|1782223929
|gametype|doubles
|player|p1|Amorarra|swimmerf|1177
|player|p2|CaratroncoSun|juan|1114
|gen|9
|tier|[Gen 9 Champions] VGC 2026 Reg M-B (Bo3)
|rated|
|rule|Species Clause: Limit one of each Pokémon
|rule|Item Clause: Limit 1 of each item
|clearpoke
|poke|p1|Staraptor, L50, F, shiny|
|poke|p1|Garchomp, L50, F|
|poke|p1|Basculegion, L50, M|
|poke|p1|Gholdengo, L50|
|poke|p1|Whimsicott, L50, M, shiny|
|poke|p1|Farigiraf, L50, F|
|poke|p2|Overqwil, L50, M, shiny|
|poke|p2|Swampert, L50, F|
|poke|p2|Pelipper, L50, M|
|poke|p2|Metagross, L50, shiny|
|poke|p2|Sneasler, L50, M|
|poke|p2|Sinistcha-Masterpiece, L50|
|teampreview|4
|showteam|p1|Staraptor||Staraptite|Intimidate|CloseCombat,Roost,Protect,BraveBird|Adamant||F|||50|]Garchomp||SitrusBerry|RoughSkin|Earthquake,DragonClaw,FireFang,Protect|Adamant||F|||50|]Basculegion||ChoiceScarf|Adaptability|LastRespects,Protect,Liquidation,FlipTurn|Jolly||M|||50|]Gholdengo||ExpertBelt|GoodasGold|MakeItRain,ShadowBall,Protect,FlashCannon|Timid|||||50|]Whimsicott||FocusSash|Prankster|Moonblast,Tailwind,Charm,Protect|Bold||M|||50|]Farigiraf||Leftovers|ArmorTail|FoulPlay,Protect,TrickRoom,Roar|Sassy||F|||50|
|showteam|p2|Overqwil||LifeOrb|SwiftSwim|Protect,PoisonJab,ThroatChop,Liquidation|Adamant||M|||50|]Swampert||Swampertite|Damp|Protect,WaveCrash,HighHorsepower,IcePunch|Adamant||F|||50|]Pelipper||FocusSash|Drizzle|Protect,Tailwind,Hurricane,WeatherBall|Modest||M|||50|]Metagross||Metagrossite|ClearBody|Protect,PsychicFangs,MeteorMash,IcePunch|Jolly|||||50|]Sneasler||WhiteHerb|Unburden|Coaching,FakeOut,DireClaw,CloseCombat|Jolly||M|||50|]Sinistcha-Masterpiece||SitrusBerry|Hospitality|MatchaGotcha,TrickRoom,LifeDew,RagePowder|Bold|||||50|
|
|t:|1782223959
|teamsize|p1|4
|teamsize|p2|4
|start
|switch|p1a: Josuke|Staraptor, L50, F, shiny|100/100
|switch|p1b: Scott|Whimsicott, L50, M, shiny|100/100
|switch|p2a: Sneasler|Sneasler, L50, M|100/100
|switch|p2b: Overqwil|Overqwil, L50, M, shiny|100/100
|-ability|p1a: Josuke|Intimidate|boost
|-unboost|p2a: Sneasler|atk|1
|-unboost|p2b: Overqwil|atk|1
|-enditem|p2a: Sneasler|White Herb
|-clearnegativeboost|p2a: Sneasler|[silent]
|turn|1
|
|t:|1782223982
|detailschange|p1a: Josuke|Staraptor-Mega, L50, F, shiny
|-mega|p1a: Josuke|Staraptor|Staraptite
|move|p2a: Sneasler|Fake Out|p1a: Josuke
|-damage|p1a: Josuke|88/100
|move|p1b: Scott|Tailwind|p1b: Scott
|-sidestart|p1: Amorarra|move: Tailwind
|cant|p1a: Josuke|flinch
|move|p2b: Overqwil|Poison Jab|p1b: Scott
|-supereffective|p1b: Scott|2
|-enditem|p1b: Scott|Focus Sash
|-damage|p1b: Scott|1/100
|-status|p1b: Scott|psn
|-damage|p2b: Overqwil|90/100|[from] item: Life Orb
|
|-damage|p1b: Scott|0 fnt|[from] psn
|faint|p1b: Scott
|upkeep
|
|t:|1782223997
|switch|p1b: Tiamat|Garchomp, L50, F|100/100
|turn|2
|
|t:|1782224021
|switch|p2a: Pelipper|Pelipper, L50, M|100/100
|-weather|RainDance|[from] ability: Drizzle|[of] p2a: Pelipper
|move|p2b: Overqwil|Protect|p2b: Overqwil
|-singleturn|p2b: Overqwil|Protect
|move|p1a: Josuke|Close Combat|p2b: Overqwil
|-activate|p2b: Overqwil|move: Protect
|move|p1b: Tiamat|Earthquake|p2b: Overqwil|[spread] 
|-activate|p2b: Overqwil|move: Protect
|-immune|p1a: Josuke
|-immune|p2a: Pelipper
|
|-weather|RainDance|[upkeep]
|upkeep
|turn|3
|
|t:|1782224041
|switch|p2b: Sneasler|Sneasler, L50, M|100/100
|move|p1a: Josuke|Close Combat|p2a: Pelipper
|-resisted|p2a: Pelipper|1
|-damage|p2a: Pelipper|50/100g
|-boost|p1a: Josuke|def|1
|-boost|p1a: Josuke|spd|1
|move|p1b: Tiamat|Earthquake|p2b: Sneasler|[spread] p2b
|-immune|p1a: Josuke
|-immune|p2a: Pelipper
|-supereffective|p2b: Sneasler|1
|-damage|p2b: Sneasler|0 fnt
|faint|p2b: Sneasler
|move|p2a: Pelipper|Tailwind|p2a: Pelipper
|-sidestart|p2: CaratroncoSun|move: Tailwind
|
|-weather|RainDance|[upkeep]
|upkeep
|
|t:|1782224059
|switch|p2b: Metagross|Metagross, L50, shiny|100/100
|turn|4
|
|t:|1782224070
|detailschange|p2b: Metagross|Metagross-Mega, L50, shiny
|-mega|p2b: Metagross|Metagross|Metagrossite
|move|p2a: Pelipper|Protect|p2a: Pelipper
|-singleturn|p2a: Pelipper|Protect
|move|p2b: Metagross|Ice Punch|p1b: Tiamat
|-supereffective|p1b: Tiamat|2
|-damage|p1b: Tiamat|0 fnt
|-damage|p2b: Metagross|87/100|[from] ability: Rough Skin|[of] p1b: Tiamat
|faint|p1b: Tiamat
|move|p1a: Josuke|Close Combat|p2b: Metagross
|-damage|p2b: Metagross|29/100
|-boost|p1a: Josuke|def|1
|-boost|p1a: Josuke|spd|1
|
|-weather|RainDance|[upkeep]
|-sideend|p1: Amorarra|move: Tailwind
|upkeep
|
|t:|1782224085
|switch|p1b: Fiesh|Basculegion, L50, M|100/100
|turn|5
|
|t:|1782224095
|move|p1a: Josuke|Protect|p1a: Josuke
|-singleturn|p1a: Josuke|Protect
|move|p2b: Metagross|Psychic Fangs|p1b: Fiesh
|-damage|p1b: Fiesh|24/100
|move|p2a: Pelipper|Hurricane|p1b: Fiesh
|-crit|p1b: Fiesh
|-damage|p1b: Fiesh|0 fnt
|faint|p1b: Fiesh
|
|-weather|RainDance|[upkeep]
|upkeep
|turn|6
|
|t:|1782224110
|switch|p2a: Overqwil|Overqwil, L50, M, shiny|90/100
|move|p2b: Metagross|Psychic Fangs|p1a: Josuke
|-supereffective|p1a: Josuke|1
|-damage|p1a: Josuke|35/100
|move|p1a: Josuke|Close Combat|p2b: Metagross
|-damage|p2b: Metagross|0 fnt
|-boost|p1a: Josuke|def|1
|-boost|p1a: Josuke|spd|1
|faint|p2b: Metagross
|
|-weather|none
|-sideend|p2: CaratroncoSun|move: Tailwind
|upkeep
|
|t:|1782224121
|switch|p2b: Pelipper|Pelipper, L50, M|50/100g
|-weather|RainDance|[from] ability: Drizzle|[of] p2b: Pelipper
|turn|7
|
|t:|1782224133
|move|p1a: Josuke|Protect|p1a: Josuke
|-singleturn|p1a: Josuke|Protect
|move|p2a: Overqwil|Liquidation|p1a: Josuke
|-activate|p1a: Josuke|move: Protect
|move|p2b: Pelipper|Hurricane|p1a: Josuke
|-activate|p1a: Josuke|move: Protect
|
|-weather|RainDance|[upkeep]
|upkeep
|turn|8
|
|t:|1782224154
|move|p2b: Pelipper|Protect|p2b: Pelipper
|-singleturn|p2b: Pelipper|Protect
|move|p2a: Overqwil|Liquidation|p1a: Josuke
|-damage|p1a: Josuke|13/100
|-damage|p2a: Overqwil|80/100|[from] item: Life Orb
|move|p1a: Josuke|Roost|p1a: Josuke
|-heal|p1a: Josuke|63/100
|-singleturn|p1a: Josuke|move: Roost
|
|-weather|RainDance|[upkeep]
|upkeep
|turn|9
|
|t:|1782224172
|move|p1a: Josuke|Protect|p1a: Josuke
|-singleturn|p1a: Josuke|Protect
|move|p2a: Overqwil|Liquidation|p1a: Josuke
|-activate|p1a: Josuke|move: Protect
|move|p2b: Pelipper|Hurricane|p1a: Josuke
|-activate|p1a: Josuke|move: Protect
|
|-weather|RainDance|[upkeep]
|upkeep
|turn|10
|
|t:|1782224187
|move|p2a: Overqwil|Liquidation|p1a: Josuke
|-crit|p1a: Josuke
|-damage|p1a: Josuke|0 fnt
|faint|p1a: Josuke
|-damage|p2a: Overqwil|70/100|[from] item: Life Orb
|
|win|CaratroncoSun
|raw|Amorarra's rating: 1177 → 1148(-29 for losing)
|raw|CaratroncoSun's rating: 1114 → 1143(+29 for winning)
