|j|☆LookBackInBanger
|j|☆femboy y plugplug
|html|LookBackInBangerfemboy y plugplug    
|uhtml|bestof|Game 3 of a best-of-3
|t:|1756162068
|gametype|doubles
|player|p1|LookBackInBanger|roxie|1109
|player|p2|femboy y plugplug|101|1089
|gen|9
|tier|[Gen 9] VGC 2025 Reg H (Bo3)
|rated|
|rule|Species Clause: Limit one of each Pokémon
|rule|Item Clause: Limit 1 of each item
|clearpoke
|poke|p1|Amoonguss, L50, F|
|poke|p1|Incineroar, L50, F|
|poke|p1|Kingambit, L50, F|
|poke|p1|Ninetales-Alola, L50, M|
|poke|p1|Garchomp, L50, M|
|poke|p1|Dragonite, L50, M|
|poke|p2|Whimsicott, L50, M|
|poke|p2|Typhlosion-Hisui, L50, M|
|poke|p2|Farigiraf, L50, F|
|poke|p2|Ursaluna-Bloodmoon, L50, M|
|poke|p2|Clefairy, L50, M|
|poke|p2|Annihilape, L50, F|
|teampreview|4
|showteam|p1|Amoonguss||SitrusBerry|Regenerator|Protect,PollenPuff,Spore,RagePowder|||F|||50|,,,,,Fairy]Incineroar||RockyHelmet|Intimidate|FakeOut,FlareBlitz,KnockOff,PartingShot|||F|||50|,,,,,Grass]Kingambit||SafetyGoggles|Defiant|KowtowCleave,SuckerPunch,SwordsDance,Protect|||F|||50|,,,,,Dark]Ninetales-Alola||ChoiceSpecs|SnowWarning|Blizzard,DazzlingGleam,FreezeDry,Moonblast|||M|||50|,,,,,Ice]Garchomp||ChoiceBand|RoughSkin|DragonClaw,Earthquake,StompingTantrum,RockSlide|||M|||50|,,,,,Steel]Dragonite||AssaultVest|Multiscale|TeraBlast,ExtremeSpeed,IceSpinner,LowKick|||M|||50|,,,,,Flying
|showteam|p2|Whimsicott||CovertCloak|Prankster|Moonblast,Tailwind,SunnyDay,BeatUp|||M|||50|,,,,,Dark]Typhlosion-Hisui||ChoiceSpecs|Blaze|Eruption,HeatWave,ShadowBall,Overheat|||M|||50|,,,,,Fire]Farigiraf||ThroatSpray|ArmorTail|HyperVoice,Psychic,Protect,TrickRoom|||F|||50|,,,,,Dragon]Ursaluna-Bloodmoon||LifeOrb|MindsEye|HyperVoice,BloodMoon,EarthPower,Protect|||M|||50|,,,,,Normal]Clefairy||Eviolite|FriendGuard|FollowMe,HelpingHand,Protect,AfterYou|||M|||50|,,,,,Steel]Annihilape||AssaultVest|Defiant|RageFist,CloseCombat,DrainPunch,FinalGambit|||F|||50|,,,,,Fire
|
|t:|1756162101
|teamsize|p1|4
|teamsize|p2|4
|start
|switch|p1a: Roquefort|Garchomp, L50, M|100/100
|switch|p1b: Brie|Ninetales-Alola, L50, M|100/100
|switch|p2a: Whimsicott|Whimsicott, L50, M|100/100
|switch|p2b: Annihilape|Annihilape, L50, F|100/100
|-weather|Snowscape|[from] ability: Snow Warning|[of] p1b: Brie
|turn|1
|inactive|Battle timer is ON: inactive players will automatically lose when time's up. (requested by femboy y plugplug)
|inactive|LookBackInBanger has 60 seconds left.
|inactive|LookBackInBanger has 30 seconds left.
|
|t:|1756162165
|move|p2a: Whimsicott|Tailwind|p2a: Whimsicott
|-sidestart|p2: femboy y plugplug|move: Tailwind
|move|p2b: Annihilape|Final Gambit|p1a: Roquefort
|-damage|p1a: Roquefort|0 fnt
|faint|p2b: Annihilape
|faint|p1a: Roquefort
|move|p1b: Brie|Moonblast|p2a: Whimsicott
|-damage|p2a: Whimsicott|52/100
|
|-weather|Snowscape|[upkeep]
|upkeep
|inactive|LookBackInBanger has 30 seconds left.
|
|t:|1756162191
|switch|p1a: Cheddar|Incineroar, L50, F|100/100
|switch|p2b: Ursaluna|Ursaluna-Bloodmoon, L50, M|100/100
|-ability|p1a: Cheddar|Intimidate|boost
|-unboost|p2a: Whimsicott|atk|1
|-unboost|p2b: Ursaluna|atk|1
|turn|2
|inactive|LookBackInBanger has 30 seconds left.
|inactive|LookBackInBanger has 20 seconds left.
|inactive|LookBackInBanger has 15 seconds left.
|
|t:|1756162235
|switch|p2a: Clefairy|Clefairy, L50, M|100/100
|move|p2b: Ursaluna|Protect|p2b: Ursaluna
|-singleturn|p2b: Ursaluna|Protect
|move|p1a: Cheddar|Fake Out|p2a: Clefairy
|-damage|p2a: Clefairy|91/100
|move|p1b: Brie|Moonblast|p2a: Clefairy
|-damage|p2a: Clefairy|52/100
|
|-weather|Snowscape|[upkeep]
|upkeep
|turn|3
|inactive|LookBackInBanger has 30 seconds left.
|inactive|LookBackInBanger has 20 seconds left.
|
|t:|1756162274
|switch|p1b: Mozzarella|Dragonite, L50, M|100/100
|-terastallize|p2b: Ursaluna|Normal
|move|p2a: Clefairy|Follow Me|p2a: Clefairy
|-singleturn|p2a: Clefairy|move: Follow Me
|move|p2b: Ursaluna|Blood Moon|p1b: Mozzarella
|-damage|p1b: Mozzarella|56/100
|-damage|p2b: Ursaluna|91/100|[from] item: Life Orb
|move|p1a: Cheddar|Parting Shot|p2a: Clefairy
|-unboost|p2a: Clefairy|atk|1
|-unboost|p2a: Clefairy|spa|1
|
|t:|1756162289
|switch|p1a: Brie|Ninetales-Alola, L50, M|100/100|[from] Parting Shot
|
|-weather|Snowscape|[upkeep]
|upkeep
|turn|4
|inactive|LookBackInBanger has 30 seconds left.
|inactive|LookBackInBanger has 20 seconds left.
|inactive|LookBackInBanger has 15 seconds left.
|
|t:|1756162331
|switch|p1a: Cheddar|Incineroar, L50, F|100/100
|-ability|p1a: Cheddar|Intimidate|boost
|-unboost|p2a: Clefairy|atk|1
|-unboost|p2b: Ursaluna|atk|1
|move|p2a: Clefairy|Helping Hand|p2b: Ursaluna
|-singleturn|p2b: Ursaluna|Helping Hand|[of] p2a: Clefairy
|move|p1b: Mozzarella|Extreme Speed|p2a: Clefairy
|-damage|p2a: Clefairy|26/100
|move|p2b: Ursaluna|Hyper Voice|p1a: Cheddar|[spread] p1a,p1b
|-damage|p1a: Cheddar|16/100
|-damage|p1b: Mozzarella|0 fnt
|faint|p1b: Mozzarella
|-damage|p2b: Ursaluna|81/100|[from] item: Life Orb
|
|-weather|Snowscape|[upkeep]
|-sideend|p2: femboy y plugplug|move: Tailwind
|upkeep
|
|t:|1756162347
|switch|p1b: Brie|Ninetales-Alola, L50, M|100/100
|turn|5
|inactive|LookBackInBanger has 30 seconds left.
|
|t:|1756162381
|-terastallize|p1b: Brie|Ice
|move|p2b: Ursaluna|Protect|p2b: Ursaluna
|-singleturn|p2b: Ursaluna|Protect
|move|p2a: Clefairy|Protect|p2a: Clefairy
|-singleturn|p2a: Clefairy|Protect
|move|p1a: Cheddar|Fake Out|p2b: Ursaluna
|-activate|p2b: Ursaluna|move: Protect
|move|p1b: Brie|Blizzard|p2a: Clefairy|[spread] 
|-activate|p2a: Clefairy|move: Protect
|-activate|p2b: Ursaluna|move: Protect
|
|-weather|none
|upkeep
|turn|6
|inactive|LookBackInBanger has 30 seconds left.
|
|t:|1756162412
|move|p2a: Clefairy|Follow Me|p2a: Clefairy
|-singleturn|p2a: Clefairy|move: Follow Me
|move|p1b: Brie|Blizzard|p2b: Ursaluna|[spread] p2a,p2b
|-damage|p2a: Clefairy|0 fnt
|-damage|p2b: Ursaluna|37/100
|faint|p2a: Clefairy
|move|p2b: Ursaluna|Blood Moon|p1b: Brie
|-damage|p1b: Brie|0 fnt
|faint|p1b: Brie
|-damage|p2b: Ursaluna|28/100|[from] item: Life Orb
|move|p1a: Cheddar|Knock Off|p2b: Ursaluna
|-damage|p2b: Ursaluna|0 fnt
|-enditem|p2b: Ursaluna|Life Orb|[from] move: Knock Off|[of] p1a: Cheddar
|faint|p2b: Ursaluna
|
|upkeep
|
|t:|1756162428
|switch|p2a: Whimsicott|Whimsicott, L50, M|52/100
|turn|7
|c|☆LookBackInBanger|ggs!
|
|t:|1756162434
|move|p2a: Whimsicott|Moonblast|p1a: Cheddar
|-damage|p1a: Cheddar|0 fnt
|faint|p1a: Cheddar
|
|win|femboy y plugplug
|raw|LookBackInBanger's rating: 1109 → 1083(-26 for losing)
|raw|femboy y plugplug's rating: 1089 → 1117(+28 for winning)
|c|☆femboy y plugplug|gg
|c|☆femboy y plugplug|rly well played
|c|☆femboy y plugplug|it was fun
|c|☆LookBackInBanger|awwww thanks you too played amazingly =D
|c|☆femboy y plugplug|gl for next!!
