|j|☆anonfy
|j|☆fangyusuhe
|html|anonfyfangyusuhe    
|uhtml|bestof|Game 1 of a best-of-3
|t:|1784994316
|gametype|doubles
|player|p1|anonfy|dawn|
|player|p2|fangyusuhe|dawn|
|gen|9
|tier|[Gen 9 Champions] VGC 2026 Reg M-B (Bo3)
|rule|Species Clause: Limit one of each Pokémon
|rule|Item Clause: Limit 1 of each item
|clearpoke
|poke|p1|Basculegion, L50, M|
|poke|p1|Talonflame, L50, F|
|poke|p1|Kingambit, L50, F|
|poke|p1|Garchomp, L50, M|
|poke|p1|Gardevoir, L50, F|
|poke|p1|Maushold-Four, L50|
|poke|p2|Incineroar, L50, M|
|poke|p2|Sylveon, L50, F|
|poke|p2|Aerodactyl, L50, F|
|poke|p2|Kingambit, L50, F|
|poke|p2|Charizard, L50, F|
|poke|p2|Garchomp, L50, M|
|teampreview|4
|showteam|p1|Basculegion||ChoiceScarf|Adaptability|WaveCrash,LastRespects,FlipTurn,AquaJet|Jolly||M|||50|]Talonflame||SharpBeak|GaleWings|DualWingbeat,FlareBlitz,Tailwind,Protect|Jolly||F|||50|]Kingambit||ExpertBelt|Defiant|KowtowCleave,SuckerPunch,IronHead,LowKick|Jolly||F|||50|]Garchomp||LifeOrb|RoughSkin|DragonClaw,RockSlide,StompingTantrum,Protect|Jolly||M|||50|]Gardevoir||Gardevoirite|Trace|Psychic,HyperVoice,Protect,TrickRoom|Modest||F|||50|]Maushold-Four||FocusSash|FriendGuard|Taunt,Protect,FollowMe,SuperFang|Timid|||||50|
|showteam|p2|Incineroar||SitrusBerry|Intimidate|FlareBlitz,ThroatChop,PartingShot,FakeOut|Impish||M|||50|]Sylveon||FairyFeather|Pixilate|HyperVoice,QuickAttack,Yawn,Detect|Modest||F|||50|]Aerodactyl||Aerodactylite|Unnerve|RockSlide,DualWingbeat,WideGuard,Tailwind|Jolly||F|||50|]Kingambit||FocusSash|Defiant|IronHead,KowtowCleave,SuckerPunch,Protect|Adamant||F|||50|]Charizard||CharizarditeY|Blaze|HeatWave,WeatherBall,SolarBeam,Protect|Modest||F|||50|]Garchomp||LifeOrb|RoughSkin|DragonClaw,Earthquake,StompingTantrum,Protect|Jolly||M|||50|
|inactive|Battle timer is ON: inactive players will automatically lose when time's up. (requested by anonfy)
|
|t:|1784994338
|teamsize|p1|4
|teamsize|p2|4
|start
|switch|p1a: Talonflame|Talonflame, L50, F|100/100
|switch|p1b: Kingambit|Kingambit, L50, F|100/100
|switch|p2a: Aerodactyl|Aerodactyl, L50, F|100/100
|switch|p2b: Kingambit|Kingambit, L50, F|100/100
|-ability|p2a: Aerodactyl|Unnerve
|turn|1
|inactive|fangyusuhe has 30 seconds left.
|
|t:|1784994363
|detailschange|p2a: Aerodactyl|Aerodactyl-Mega, L50, F
|-mega|p2a: Aerodactyl|Aerodactyl|Aerodactylite
|move|p1a: Talonflame|Tailwind|p1a: Talonflame
|-sidestart|p1: anonfy|move: Tailwind
|move|p1b: Kingambit|Iron Head|p2a: Aerodactyl
|-supereffective|p2a: Aerodactyl|1
|-damage|p2a: Aerodactyl|0 fnt
|faint|p2a: Aerodactyl
|move|p2b: Kingambit|Kowtow Cleave|p1a: Talonflame
|-damage|p1a: Talonflame|23/100
|
|upkeep
|
|t:|1784994370
|switch|p2a: Garchomp|Garchomp, L50, M|100/100
|turn|2
|
|t:|1784994389
|move|p2b: Kingambit|Sucker Punch|p1a: Talonflame
|-damage|p1a: Talonflame|0 fnt
|faint|p1a: Talonflame
|move|p1b: Kingambit|Low Kick|p2b: Kingambit
|-supereffective|p2b: Kingambit|2
|-enditem|p2b: Kingambit|Focus Sash
|-damage|p2b: Kingambit|1/100
|move|p2a: Garchomp|Stomping Tantrum|p1b: Kingambit
|-supereffective|p1b: Kingambit|1
|-damage|p1b: Kingambit|16/100
|-damage|p2a: Garchomp|90/100|[from] item: Life Orb
|
|upkeep
|
|t:|1784994401
|switch|p1a: Gardevoir|Gardevoir, L50, F|100/100
|-ability|p1a: Gardevoir|Defiant|Trace|[from] ability: Trace|[of] p2b: Kingambit
|turn|3
|
|t:|1784994408
|detailschange|p1a: Gardevoir|Gardevoir-Mega, L50, F
|-mega|p1a: Gardevoir|Gardevoir|Gardevoirite
|move|p2a: Garchomp|Protect|p2a: Garchomp
|-singleturn|p2a: Garchomp|Protect
|move|p2b: Kingambit|Protect|p2b: Kingambit
|-singleturn|p2b: Kingambit|Protect
|move|p1b: Kingambit|Sucker Punch||[still]
|-fail|p1b: Kingambit
|move|p1a: Gardevoir|Hyper Voice|p2b: Kingambit|[spread] 
|-activate|p2a: Garchomp|move: Protect
|-activate|p2b: Kingambit|move: Protect
|
|upkeep
|turn|4
|
|t:|1784994423
|switch|p2a: Incineroar|Incineroar, L50, M|100/100
|-ability|p2a: Incineroar|Intimidate|boost
|-unboost|p1a: Gardevoir|atk|1
|-unboost|p1b: Kingambit|atk|1
|-ability|p1b: Kingambit|Defiant|boost
|-boost|p1b: Kingambit|atk|2
|move|p1b: Kingambit|Sucker Punch||[still]
|-fail|p1b: Kingambit
|move|p2b: Kingambit|Sucker Punch|p1a: Gardevoir
|-damage|p1a: Gardevoir|40/100
|move|p1a: Gardevoir|Hyper Voice|p2b: Kingambit|[spread] p2a,p2b
|-damage|p2a: Incineroar|55/100
|-damage|p2b: Kingambit|0 fnt
|faint|p2b: Kingambit
|
|-sideend|p1: anonfy|move: Tailwind
|upkeep
|
|t:|1784994428
|switch|p2b: Garchomp|Garchomp, L50, M|90/100
|turn|5
|
|t:|1784994444
|move|p1a: Gardevoir|Protect|p1a: Gardevoir
|-singleturn|p1a: Gardevoir|Protect
|move|p2a: Incineroar|Fake Out|p1b: Kingambit
|-resisted|p1b: Kingambit|1
|-crit|p1b: Kingambit
|-damage|p1b: Kingambit|10/100
|move|p2b: Garchomp|Stomping Tantrum|p1a: Gardevoir
|-activate|p1a: Gardevoir|move: Protect
|cant|p1b: Kingambit|flinch
|
|upkeep
|turn|6
|
|t:|1784994462
|move|p2b: Garchomp|Stomping Tantrum|p1a: Gardevoir
|-damage|p1a: Gardevoir|0 fnt
|faint|p1a: Gardevoir
|-damage|p2b: Garchomp|80/100|[from] item: Life Orb
|move|p1b: Kingambit|Low Kick|p2a: Incineroar
|-supereffective|p2a: Incineroar|1
|-damage|p2a: Incineroar|0 fnt
|faint|p2a: Incineroar
|
|upkeep
|
|t:|1784994471
|switch|p1a: Basculegion|Basculegion, L50, M|100/100
|turn|7
|
|t:|1784994477
|move|p1b: Kingambit|Sucker Punch|p2b: Garchomp
|-damage|p2b: Garchomp|20/100r
|-damage|p1b: Kingambit|0 fnt|[from] ability: Rough Skin|[of] p2b: Garchomp
|faint|p1b: Kingambit
|move|p1a: Basculegion|Last Respects|p2b: Garchomp
|-damage|p2b: Garchomp|0 fnt
|faint|p2b: Garchomp
|
|win|anonfy
||anonfy is ready for game 2.
||fangyusuhe is ready for game 2.
|uhtml|next|Next: Game 2 of 3
