|j|☆KKameleon8
|j|☆belinvgc
|html|KKameleon8belinvgc    
|uhtml|bestof|Game 2 of a best-of-3
|t:|1785501227
|gametype|doubles
|player|p1|KKameleon8|169|1302
|player|p2|belinvgc|2|1261
|gen|9
|tier|[Gen 9 Champions] VGC 2026 Reg M-B (Bo3)
|rated|
|rule|Species Clause: Limit one of each Pokémon
|rule|Item Clause: Limit 1 of each item
|clearpoke
|poke|p1|Floette-Eternal, L50, F|
|poke|p1|Kingambit, L50, M|
|poke|p1|Sneasler, L50, M|
|poke|p1|Basculegion, L50, M|
|poke|p1|Sinistcha, L50|
|poke|p1|Incineroar, L50, M|
|poke|p2|Raichu, L50, M|
|poke|p2|Tyranitar, L50, F|
|poke|p2|Kingambit, L50, M|
|poke|p2|Mamoswine, L50, M|
|poke|p2|Sinistcha, L50|
|poke|p2|Sneasler, L50, F|
|teampreview|4
|showteam|p1|Floette-Eternal||Floettite|FlowerVeil|DazzlingGleam,Moonblast,LightofRuin,Protect|Modest||F|||50|]Kingambit||LifeOrb|Defiant|KowtowCleave,SuckerPunch,SwordsDance,Protect|Adamant||M|||50|]Sneasler||FocusSash|Unburden|CloseCombat,RockTomb,DireClaw,FakeOut|Jolly||M|||50|]Basculegion||MysticWater|Adaptability|LastRespects,AquaJet,WaveCrash,Protect|Adamant||M|||50|]Sinistcha||KasibBerry|Hospitality|MatchaGotcha,RagePowder,TrickRoom,LifeDew|Bold|||||50|]Incineroar||SitrusBerry|Intimidate|FakeOut,FlareBlitz,ThroatChop,PartingShot|Impish||M|||50|
|showteam|p2|Raichu||RaichuniteY|LightningRod|ZapCannon,FocusBlast,FakeOut,Protect|Timid||M|||50|]Tyranitar||Tyranitarite|SandStream|RockSlide,KnockOff,DragonDance,Protect|Jolly||F|||50|]Kingambit||BlackGlasses|Defiant|KowtowCleave,SuckerPunch,IronHead,Protect|Adamant||M|||50|]Mamoswine||LifeOrb|Oblivious|IcicleCrash,HighHorsepower,IceShard,Protect|Adamant||M|||50|]Sinistcha||KasibBerry|Hospitality|MatchaGotcha,RagePowder,TrickRoom,Protect|Bold|||||50|]Sneasler||WhiteHerb|Unburden|CloseCombat,DireClaw,FakeOut,Coaching|Adamant||F|||50|
|
|t:|1785501263
|teamsize|p1|4
|teamsize|p2|4
|start
|switch|p1a: Sneasler|Sneasler, L50, M|100/100
|switch|p1b: Floette|Floette-Eternal, L50, F|100/100
|switch|p2a: Sneasler|Sneasler, L50, F|100/100
|switch|p2b: Kingambit|Kingambit, L50, M|100/100
|turn|1
|
|t:|1785501282
|detailschange|p1b: Floette|Floette-Mega, L50, F
|-mega|p1b: Floette|Floette|Floettite
|-ability|p1b: Floette|Fairy Aura
|move|p1a: Sneasler|Fake Out|p2a: Sneasler
|-damage|p2a: Sneasler|80/100
|cant|p2a: Sneasler|flinch
|move|p1b: Floette|Light of Ruin|p2b: Kingambit
|-damage|p2b: Kingambit|0 fnt
|faint|p2b: Kingambit
|-damage|p1b: Floette|33/100|[from] Recoil
|
|upkeep
|
|t:|1785501296
|switch|p2b: Raichu|Raichu, L50, M|100/100
|turn|2
|
|t:|1785501302
|switch|p1a: Sinistcha|Sinistcha, L50|100/100
|-heal|p1b: Floette|58/100|[from] ability: Hospitality|[of] p1a: Sinistcha
|detailschange|p2b: Raichu|Raichu-Mega-Y, L50, M
|-mega|p2b: Raichu|Raichu|Raichunite Y
|move|p1b: Floette|Protect|p1b: Floette
|-singleturn|p1b: Floette|Protect
|move|p2b: Raichu|Fake Out|p1a: Sinistcha
|-immune|p1a: Sinistcha
|move|p2a: Sneasler|Dire Claw|p1b: Floette
|-activate|p1b: Floette|move: Protect
|
|upkeep
|turn|3
|
|t:|1785501316
|move|p2b: Raichu|Protect|p2b: Raichu
|-singleturn|p2b: Raichu|Protect
|move|p1a: Sinistcha|Rage Powder|p1a: Sinistcha
|-singleturn|p1a: Sinistcha|move: Rage Powder
|move|p2a: Sneasler|Dire Claw|p1a: Sinistcha
|-damage|p1a: Sinistcha|64/100
|-status|p1a: Sinistcha|psn
|move|p1b: Floette|Dazzling Gleam|p2b: Raichu|[spread] p2a
|-activate|p2b: Raichu|move: Protect
|-damage|p2a: Sneasler|16/100
|
|-damage|p1a: Sinistcha|52/100 psn|[from] psn
|upkeep
|turn|4
|
|t:|1785501331
|switch|p2a: Sinistcha|Sinistcha, L50|100/100
|move|p1a: Sinistcha|Rage Powder|p1a: Sinistcha
|-singleturn|p1a: Sinistcha|move: Rage Powder
|move|p2b: Raichu|Zap Cannon|p1a: Sinistcha
|-resisted|p1a: Sinistcha|1
|-damage|p1a: Sinistcha|23/100 psn
|move|p1b: Floette|Dazzling Gleam|p2a: Sinistcha|[spread] p2a,p2b
|-damage|p2a: Sinistcha|52/100
|-damage|p2b: Raichu|46/100
|
|-damage|p1a: Sinistcha|11/100 psn|[from] psn
|upkeep
|turn|5
|
|t:|1785501350
|switch|p1a: Sneasler|Sneasler, L50, M|100/100
|move|p2b: Raichu|Protect|p2b: Raichu
|-singleturn|p2b: Raichu|Protect
|move|p1b: Floette|Protect|p1b: Floette
|-singleturn|p1b: Floette|Protect
|move|p2a: Sinistcha|Protect||[still]
|-fail|p2a: Sinistcha
|
|upkeep
|turn|6
|
|t:|1785501366
|move|p2b: Raichu|Protect||[still]
|-fail|p2b: Raichu
|move|p1a: Sneasler|Fake Out|p2b: Raichu
|-damage|p2b: Raichu|24/100
|move|p1b: Floette|Dazzling Gleam|p2a: Sinistcha|[spread] p2a,p2b
|-damage|p2a: Sinistcha|8/100
|-damage|p2b: Raichu|0 fnt
|faint|p2b: Raichu
|move|p2a: Sinistcha|Matcha Gotcha|p1b: Floette|[spread] p1a
|-miss|p2a: Sinistcha|p1b: Floette
|-resisted|p1a: Sneasler|1
|-damage|p1a: Sneasler|82/100
|-heal|p2a: Sinistcha|16/100|[from] drain|[of] p1a: Sneasler
|
|upkeep
|
|t:|1785501369
|switch|p2b: Sneasler|Sneasler, L50, F|16/100
|turn|7
|
|t:|1785501377
|switch|p1a: Sinistcha|Sinistcha, L50|11/100 psn
|-heal|p1b: Floette|83/100|[from] ability: Hospitality|[of] p1a: Sinistcha
|move|p1b: Floette|Protect|p1b: Floette
|-singleturn|p1b: Floette|Protect
|move|p2b: Sneasler|Dire Claw|p1b: Floette
|-activate|p1b: Floette|move: Protect
|move|p2a: Sinistcha|Matcha Gotcha|p1a: Sinistcha|[spread] p1a
|-activate|p1b: Floette|move: Protect
|-resisted|p1a: Sinistcha|1
|-damage|p1a: Sinistcha|0 fnt
|-heal|p2a: Sinistcha|21/100|[from] drain|[of] p1a: Sinistcha
|faint|p1a: Sinistcha
|
|upkeep
|
|t:|1785501379
|switch|p1a: Sneasler|Sneasler, L50, M|82/100
|turn|8
|-message|belinvgc forfeited.
|
|win|KKameleon8
||belinvgc is ready for game 3.
||KKameleon8 is ready for game 3.
|uhtml|next|Next: Game 3 of 3
|l|☆KKameleon8
|player|p1|
