|j|☆Cristante terabug
|j|☆watergoat52
|html|Cristante terabugwatergoat52    
|uhtml|bestof|Game 1 of a best-of-3
|t:|1757250494
|gametype|doubles
|player|p1|Cristante terabug|kieran-champion|1177
|player|p2|watergoat52|blackbelt-gen4dp|1056
|gen|9
|tier|[Gen 9] VGC 2025 Reg H (Bo3)
|rated|
|rule|Species Clause: Limit one of each Pokémon
|rule|Item Clause: Limit 1 of each item
|clearpoke
|poke|p1|Incineroar, L50, F|
|poke|p1|Pelipper, L50, M|
|poke|p1|Archaludon, L50, M|
|poke|p1|Dragonite, L50, M|
|poke|p1|Sinistcha, L50|
|poke|p1|Ursaluna, L50, F|
|poke|p2|Tyranitar, L50, F|
|poke|p2|Farigiraf, L50, M|
|poke|p2|Kingambit, L50, F|
|poke|p2|Gyarados, L50, F|
|teampreview|4
|showteam|p1|Incineroar||SafetyGoggles|Intimidate|FakeOut,PartingShot,KnockOff,Taunt|||F|||50|,,,,,Ghost]Pelipper||FocusSash|Drizzle|Hurricane,MuddyWater,Tailwind,Protect|||M|||50|,,,,,Ghost]Archaludon||AssaultVest|Stamina|ElectroShot,Snarl,FlashCannon,BodyPress|||M|||50|,,,,,Fighting]Dragonite||LoadedDice|Multiscale|ScaleShot,Tailwind,Haze,Protect|||M|||50|,,,,,Fairy]Sinistcha||SitrusBerry|Hospitality|MatchaGotcha,RagePowder,LifeDew,TrickRoom||||||50|,,,,,Dark]Ursaluna||FlameOrb|Guts|Earthquake,Facade,HeadlongRush,Protect|||F|||50|,,,,,Ghost
|showteam|p2|Tyranitar||SitrusBerry|SandStream|HighHorsepower,ThunderWave,RockSlide,Protect|||F|||50|,,,,,Grass]Farigiraf||ThroatSpray|ArmorTail|HyperVoice,Roar,ThunderWave,Protect|||M|||50|,,,,,Fairy]Kingambit||BlackGlasses|Defiant|Protect,SwordsDance,KowtowCleave,SuckerPunch|||F|||50|,,,,,Flying]Gyarados||SafetyGoggles|Intimidate|Protect,Waterfall,Taunt,ThunderWave|||F|||50|,,,,,Ghost
|inactive|Battle timer is ON: inactive players will automatically lose when time's up. (requested by Cristante terabug)
|
|t:|1757250523
|teamsize|p1|4
|teamsize|p2|4
|start
|switch|p1a: Paolo|Dragonite, L50, M|100/100
|switch|p1b: Luca|Archaludon, L50, M|100/100
|switch|p2a: Gyarados|Gyarados, L50, F|100/100
|switch|p2b: Farigiraf|Farigiraf, L50, M|100/100
|-ability|p2a: Gyarados|Intimidate|boost
|-unboost|p1a: Paolo|atk|1
|-unboost|p1b: Luca|atk|1
|turn|1
|inactive|watergoat52 has 30 seconds left.
|inactive|watergoat52 has 20 seconds left.
|
|t:|1757250562
|switch|p2a: Tyranitar|Tyranitar, L50, F|100/100
|-weather|Sandstorm|[from] ability: Sand Stream|[of] p2a: Tyranitar
|move|p1a: Paolo|Scale Shot|p1b: Luca
|-damage|p1b: Luca|94/100
|-ability|p1b: Luca|Stamina|boost
|-boost|p1b: Luca|def|1
|-damage|p1b: Luca|89/100
|-ability|p1b: Luca|Stamina|boost
|-boost|p1b: Luca|def|1
|-damage|p1b: Luca|86/100
|-ability|p1b: Luca|Stamina|boost
|-boost|p1b: Luca|def|1
|-damage|p1b: Luca|83/100
|-ability|p1b: Luca|Stamina|boost
|-boost|p1b: Luca|def|1
|-damage|p1b: Luca|81/100
|-ability|p1b: Luca|Stamina|boost
|-boost|p1b: Luca|def|1
|-hitcount|p1b: Luca|5
|-unboost|p1a: Paolo|def|1
|-boost|p1a: Paolo|spe|1
|move|p1b: Luca|Body Press|p2b: Farigiraf
|-damage|p2b: Farigiraf|5/100
|move|p2b: Farigiraf|Roar|p1b: Luca
|-enditem|p2b: Farigiraf|Throat Spray
|-boost|p2b: Farigiraf|spa|1|[from] item: Throat Spray
|drag|p1b: Wanda|Sinistcha, L50, shiny|100/100
|
|-weather|Sandstorm|[upkeep]
|-damage|p1a: Paolo|95/100|[from] Sandstorm
|-damage|p1b: Wanda|94/100|[from] Sandstorm
|-damage|p2b: Farigiraf|0 fnt|[from] Sandstorm
|faint|p2b: Farigiraf
|upkeep
|inactive|watergoat52 has 30 seconds left.
|inactive|watergoat52 has 20 seconds left.
|
|t:|1757250598
|switch|p2b: Kingambit|Kingambit, L50, F|100/100
|turn|2
|
|t:|1757250616
|switch|p1b: Luca|Archaludon, L50, M|81/100
|move|p1a: Paolo|Scale Shot|p1b: Luca
|-damage|p1b: Luca|75/100
|-ability|p1b: Luca|Stamina|boost
|-boost|p1b: Luca|def|1
|-damage|p1b: Luca|70/100
|-ability|p1b: Luca|Stamina|boost
|-boost|p1b: Luca|def|1
|-damage|p1b: Luca|67/100
|-ability|p1b: Luca|Stamina|boost
|-boost|p1b: Luca|def|1
|-damage|p1b: Luca|64/100
|-ability|p1b: Luca|Stamina|boost
|-boost|p1b: Luca|def|1
|-damage|p1b: Luca|61/100
|-ability|p1b: Luca|Stamina|boost
|-boost|p1b: Luca|def|1
|-hitcount|p1b: Luca|5
|-unboost|p1a: Paolo|def|1
|-boost|p1a: Paolo|spe|1
|move|p2a: Tyranitar|Rock Slide|p1a: Paolo|[spread] p1b
|-miss|p2a: Tyranitar|p1a: Paolo
|-resisted|p1b: Luca
|-damage|p1b: Luca|57/100
|-ability|p1b: Luca|Stamina|boost
|-boost|p1b: Luca|def|1
|move|p2b: Kingambit|Swords Dance|p2b: Kingambit
|-boost|p2b: Kingambit|atk|2
|
|-weather|Sandstorm|[upkeep]
|-damage|p1a: Paolo|89/100|[from] Sandstorm
|upkeep
|turn|3
|inactive|watergoat52 has 30 seconds left.
|inactive|watergoat52 has 20 seconds left.
|inactive|watergoat52 has 15 seconds left.
|inactive|watergoat52 has 10 seconds left.
|inactive|watergoat52 has 5 seconds left.
|
|t:|1757250671
|switch|p1a: Wanda|Sinistcha, L50, shiny|94/100
|-heal|p1b: Luca|82/100|[from] ability: Hospitality|[of] p1a: Wanda
|move|p2b: Kingambit|Protect|p2b: Kingambit
|-singleturn|p2b: Kingambit|Protect
|move|p1b: Luca|Body Press|p2a: Tyranitar
|-supereffective|p2a: Tyranitar
|-crit|p2a: Tyranitar
|-damage|p2a: Tyranitar|0 fnt
|faint|p2a: Tyranitar
|
|-weather|Sandstorm|[upkeep]
|-damage|p1a: Wanda|88/100|[from] Sandstorm
|upkeep
|
|t:|1757250692
|switch|p2a: Gyarados|Gyarados, L50, F|100/100
|-ability|p2a: Gyarados|Intimidate|boost
|-unboost|p1a: Wanda|atk|1
|-unboost|p1b: Luca|atk|1
|turn|4
|
|t:|1757250702
|-terastallize|p1a: Wanda|Dark
|move|p2b: Kingambit|Sucker Punch|p1b: Luca
|-crit|p1b: Luca
|-damage|p1b: Luca|0 fnt
|faint|p1b: Luca
|move|p2a: Gyarados|Thunder Wave|p1a: Wanda
|-status|p1a: Wanda|par
|cant|p1a: Wanda|par
|
|-weather|Sandstorm|[upkeep]
|-damage|p1a: Wanda|82/100 par|[from] Sandstorm
|upkeep
|
|t:|1757250712
|switch|p1b: Paolo|Dragonite, L50, M|89/100
|turn|5
|
|t:|1757250730
|move|p1b: Paolo|Haze|p1b: Paolo
|-clearallboost
|move|p2a: Gyarados|Taunt|p1b: Paolo
|-start|p1b: Paolo|move: Taunt
|move|p2b: Kingambit|Swords Dance|p2b: Kingambit
|-boost|p2b: Kingambit|atk|2
|move|p1a: Wanda|Matcha Gotcha|p2a: Gyarados|[spread] p2a
|-miss|p1a: Wanda|p2b: Kingambit
|-damage|p2a: Gyarados|84/100
|-heal|p1a: Wanda|92/100 par|[from] drain|[of] p2a: Gyarados
|
|-weather|none
|upkeep
|turn|6
|
|t:|1757250755
|switch|p1a: Olmo|Ursaluna, L50, F|100/100
|move|p1b: Paolo|Scale Shot|p2a: Gyarados
|-damage|p2a: Gyarados|72/100
|-damage|p2a: Gyarados|58/100
|-damage|p2a: Gyarados|46/100
|-damage|p2a: Gyarados|33/100
|-damage|p2a: Gyarados|20/100
|-hitcount|p2a: Gyarados|5
|-unboost|p1b: Paolo|def|1
|-boost|p1b: Paolo|spe|1
|move|p2a: Gyarados|Waterfall|p1a: Olmo
|-supereffective|p1a: Olmo
|-damage|p1a: Olmo|51/100
|move|p2b: Kingambit|Kowtow Cleave|p1b: Paolo
|-damage|p1b: Paolo|0 fnt
|faint|p1b: Paolo
|
|-status|p1a: Olmo|brn|[from] item: Flame Orb
|upkeep
|
|t:|1757250773
|switch|p1b: Wanda|Sinistcha, L50, shiny, tera:Dark|92/100 par
|-heal|p1a: Olmo|76/100 brn|[from] ability: Hospitality|[of] p1b: Wanda
|turn|7
|inactive|watergoat52 has 30 seconds left.
|inactive|watergoat52 has 20 seconds left.
|inactive|watergoat52 has 15 seconds left.
|inactive|watergoat52 has 10 seconds left.
|inactive|watergoat52 has 5 seconds left.
|
|t:|1757250824
|move|p1b: Wanda|Rage Powder|p1b: Wanda
|-singleturn|p1b: Wanda|move: Rage Powder
|move|p2b: Kingambit|Sucker Punch||[still]
|-fail|p2b: Kingambit
|move|p2a: Gyarados|Waterfall|p1a: Olmo
|-supereffective|p1a: Olmo
|-damage|p1a: Olmo|27/100 brn
|move|p1a: Olmo|Headlong Rush|p2b: Kingambit
|-supereffective|p2b: Kingambit
|-damage|p2b: Kingambit|0 fnt
|-unboost|p1a: Olmo|def|1
|-unboost|p1a: Olmo|spd|1
|faint|p2b: Kingambit
|
|-damage|p1a: Olmo|21/100 brn|[from] brn
|upkeep
|turn|8
|
|t:|1757250839
|move|p1a: Olmo|Protect|p1a: Olmo
|-singleturn|p1a: Olmo|Protect
|move|p2a: Gyarados|Waterfall|p1a: Olmo
|-activate|p1a: Olmo|move: Protect
|move|p1b: Wanda|Matcha Gotcha|p2a: Gyarados
|-damage|p2a: Gyarados|0 fnt
|-heal|p1b: Wanda|100/100 par|[from] drain|[of] p2a: Gyarados
|faint|p2a: Gyarados
|
|win|Cristante terabug
