|j|☆TheFoxGamer15
|j|☆Derpius3
|html|TheFoxGamer15Derpius3    
|uhtml|bestof|Game 2 of a best-of-3
|t:|1782668993
|gametype|doubles
|player|p1|TheFoxGamer15|ethan|
|player|p2|Derpius3|brycenman|
|gen|9
|tier|[Gen 9 Champions] VGC 2026 Reg M-B (Bo3)
|rule|Species Clause: Limit one of each Pokémon
|rule|Item Clause: Limit 1 of each item
|clearpoke
|poke|p1|Aerodactyl, L50, M|
|poke|p1|Garchomp, L50, M|
|poke|p1|Sneasler, L50, F|
|poke|p1|Kingambit, L50, M|
|poke|p1|Charizard, L50, M|
|poke|p1|Venusaur, L50, F, shiny|
|poke|p2|Basculegion, L50, M|
|poke|p2|Archaludon, L50, F|
|poke|p2|Dragonite, L50, F|
|poke|p2|Pelipper, L50, F|
|poke|p2|Incineroar, L50, M|
|poke|p2|Scizor, L50, F|
|teampreview|4
|showteam|p1|Aerodactyl||Aerodactylite|Pressure|RockSlide,Tailwind,AerialAce,Crunch|Adamant||M|||50|]Garchomp||ChoiceScarf|RoughSkin|DragonClaw,Earthquake,RockSlide,PoisonJab|Adamant||M|||50|]Sneasler||WhiteHerb|Unburden|Protect,FakeOut,DireClaw,CloseCombat|Adamant||F|||50|]Kingambit||BlackGlasses|Defiant|KowtowCleave,SuckerPunch,IronHead,LowKick|Brave||M|||50|]Charizard||CharizarditeY|SolarPower|Protect,HeatWave,SolarBeam,WeatherBall|Timid||M|||50|]Venusaur||FocusSash|Chlorophyll|SolarBeam,Protect,SludgeBomb,SleepPowder|Timid||F|||50|
|showteam|p2|Basculegion||ChoiceScarf|Adaptability|AquaJet,LastRespects,WaveCrash,FlipTurn|Jolly||M|||50|]Archaludon||ChopleBerry|Stamina|ElectroShot,FlashCannon,AuraSphere,Protect|Timid||F|||50|]Dragonite||Dragoninite|Multiscale|DracoMeteor,Hurricane,WeatherBall,Protect|Modest||F|||50|]Pelipper||SitrusBerry|Drizzle|WideGuard,WeatherBall,Hurricane,Tailwind|Modest||F|||50|]Incineroar||ShucaBerry|Intimidate|FakeOut,FlareBlitz,PartingShot,DarkestLariat|Adamant||M|||50|]Scizor||Scizorite|Technician|SwordsDance,Protect,BulletPunch,CloseCombat|Adamant||F|||50|
|
|t:|1782669020
|teamsize|p1|4
|teamsize|p2|4
|start
|switch|p1a: Charizard|Charizard, L50, M|100/100
|switch|p1b: Venusaur|Venusaur, L50, F, shiny|100/100
|switch|p2a: Basculegion|Basculegion, L50, M|100/100
|switch|p2b: Archaludon|Archaludon, L50, F|100/100
|turn|1
|
|t:|1782669048
|detailschange|p1a: Charizard|Charizard-Mega-Y, L50, M
|-mega|p1a: Charizard|Charizard|Charizardite Y
|-weather|SunnyDay|[from] ability: Drought|[of] p1a: Charizard
|move|p1a: Charizard|Protect|p1a: Charizard
|-singleturn|p1a: Charizard|Protect
|move|p1b: Venusaur|Sleep Powder|p2b: Archaludon|[miss]
|-miss|p1b: Venusaur|p2b: Archaludon
|move|p2a: Basculegion|Wave Crash|p1a: Charizard
|-activate|p1a: Charizard|move: Protect
|move|p2b: Archaludon|Flash Cannon|p1b: Venusaur
|-damage|p1b: Venusaur|55/100
|
|-weather|SunnyDay|[upkeep]
|upkeep
|turn|2
|
|t:|1782669125
|switch|p2a: Pelipper|Pelipper, L50, F|100/100
|-weather|RainDance|[from] ability: Drizzle|[of] p2a: Pelipper
|switch|p1a: Aerodactyl|Aerodactyl, L50, M|100/100
|-ability|p1a: Aerodactyl|Pressure
|move|p2b: Archaludon|Electro Shot||[still]
|-prepare|p2b: Archaludon|Electro Shot
|-boost|p2b: Archaludon|spa|1
|-anim|p2b: Archaludon|Electro Shot|p1a: Aerodactyl
|-supereffective|p1a: Aerodactyl|1
|-damage|p1a: Aerodactyl|0 fnt
|faint|p1a: Aerodactyl
|move|p1b: Venusaur|Solar Beam||[still]
|-prepare|p1b: Venusaur|Solar Beam
|
|-weather|RainDance|[upkeep]
|upkeep
|
|t:|1782669137
|switch|p1a: Charizard|Charizard-Mega-Y, L50, M|100/100
|-weather|SunnyDay|[from] ability: Drought|[of] p1a: Charizard
|turn|3
|
|t:|1782669169
|switch|p2a: Dragonite|Dragonite, L50, F|100/100
|move|p1b: Venusaur|Solar Beam|p2a: Dragonite|[from] lockedmove
|-resisted|p2a: Dragonite|2
|-damage|p2a: Dragonite|94/100
|move|p1a: Charizard|Weather Ball|p2b: Archaludon
|-damage|p2b: Archaludon|0 fnt
|faint|p2b: Archaludon
|
|-weather|SunnyDay|[upkeep]
|upkeep
|
|t:|1782669176
|switch|p2b: Pelipper|Pelipper, L50, F|100/100
|-weather|RainDance|[from] ability: Drizzle|[of] p2b: Pelipper
|turn|4
|
|t:|1782669187
|detailschange|p2a: Dragonite|Dragonite-Mega, L50, F
|-mega|p2a: Dragonite|Dragonite|Dragoninite
|move|p1a: Charizard|Protect|p1a: Charizard
|-singleturn|p1a: Charizard|Protect
|move|p1b: Venusaur|Sleep Powder|p2a: Dragonite|[miss]
|-miss|p1b: Venusaur|p2a: Dragonite
|move|p2a: Dragonite|Hurricane|p1b: Venusaur
|-supereffective|p1b: Venusaur|1
|-damage|p1b: Venusaur|0 fnt
|faint|p1b: Venusaur
|move|p2b: Pelipper|Hurricane|p1a: Charizard
|-activate|p1a: Charizard|move: Protect
|
|-weather|RainDance|[upkeep]
|upkeep
|
|t:|1782669199
|switch|p1b: Sneasler|Sneasler, L50, F|100/100
|turn|5
|
|t:|1782669222
|move|p1b: Sneasler|Fake Out|p2a: Dragonite
|-damage|p2a: Dragonite|80/100
|move|p1a: Charizard|Heat Wave|p2b: Pelipper|[spread] p2a,p2b
|-resisted|p2a: Dragonite|1
|-resisted|p2b: Pelipper|1
|-damage|p2a: Dragonite|72/100
|-damage|p2b: Pelipper|85/100
|cant|p2a: Dragonite|flinch
|move|p2b: Pelipper|Weather Ball|p1a: Charizard
|-supereffective|p1a: Charizard|1
|-damage|p1a: Charizard|0 fnt
|faint|p1a: Charizard
|
|-weather|RainDance|[upkeep]
|upkeep
|turn|6
|
|t:|1782669238
|move|p1b: Sneasler|Protect|p1b: Sneasler
|-singleturn|p1b: Sneasler|Protect
|move|p2a: Dragonite|Hurricane|p1b: Sneasler
|-activate|p1b: Sneasler|move: Protect
|move|p2b: Pelipper|Hurricane|p1b: Sneasler
|-activate|p1b: Sneasler|move: Protect
|
|-weather|RainDance|[upkeep]
|upkeep
|turn|7
|
|t:|1782669246
|move|p1b: Sneasler|Dire Claw|p2a: Dragonite
|-damage|p2a: Dragonite|36/100
|move|p2a: Dragonite|Weather Ball|p1b: Sneasler
|-damage|p1b: Sneasler|16/100
|move|p2b: Pelipper|Hurricane|p1b: Sneasler
|-supereffective|p1b: Sneasler|1
|-damage|p1b: Sneasler|0 fnt
|faint|p1b: Sneasler
|
|win|Derpius3
|l|☆TheFoxGamer15
|player|p1|
|c|☆Derpius3|gg
|j|☆TheFoxGamer15
|player|p1|TheFoxGamer15|ethan|
