|j|☆Beccca
|j|☆evilmayheem
|html|Becccaevilmayheem    
|uhtml|bestof|Game 1 of a best-of-3
|t:|1782265576
|gametype|doubles
|player|p1|Beccca|102|1111
|player|p2|evilmayheem|crasherwake|1189
|gen|9
|tier|[Gen 9 Champions] VGC 2026 Reg M-B (Bo3)
|rated|
|rule|Species Clause: Limit one of each Pokémon
|rule|Item Clause: Limit 1 of each item
|clearpoke
|poke|p1|Whimsicott, L50, M|
|poke|p1|Kingambit, L50, F|
|poke|p1|Basculegion, L50, M|
|poke|p1|Floette-Eternal, L50, F|
|poke|p1|Raichu, L50, M|
|poke|p1|Ninetales-Alola, L50, F|
|poke|p2|Pyroar, L50, M|
|poke|p2|Sableye, L50, F|
|poke|p2|Farigiraf, L50, F|
|poke|p2|Kingambit, L50, M|
|poke|p2|Sylveon, L50, F|
|poke|p2|Scrafty, L50, M|
|teampreview|4
|showteam|p1|Whimsicott||FocusSash|Prankster|Moonblast,Encore,Tailwind,Protect|Timid||M|||50|]Kingambit||BlackGlasses|Defiant|KowtowCleave,SuckerPunch,SwordsDance,Protect|Adamant||F|||50|]Basculegion||MysticWater|Adaptability|WaveCrash,LastRespects,AquaJet,Protect|Adamant||M|||50|]Floette-Eternal||Floettite|FlowerVeil|Moonblast,DazzlingGleam,LightofRuin,Protect|Modest||F|||50|]Raichu||RaichuniteY|LightningRod|ZapCannon,FocusBlast,VoltSwitch,FakeOut|Timid||M|||50|]Ninetales-Alola||LifeOrb|SnowWarning|Blizzard,FreezeDry,Disable,Protect|Timid||F|||50|
|showteam|p2|Pyroar||Pyroarite|Rivalry|HeatWave,Overheat,SolarBeam,Protect|Timid||M|||50|]Sableye||RoseliBerry|Prankster|SunnyDay,LightScreen,Reflect,WillOWisp|Calm||F|||50|]Farigiraf||SitrusBerry|ArmorTail|Protect,HelpingHand,Psychic,TrickRoom|Calm||F|||50|]Kingambit||ChopleBerry|Defiant|KowtowCleave,IronHead,SuckerPunch,Protect|Adamant||M|||50|]Sylveon||FairyFeather|Pixilate|Detect,HyperVoice,QuickAttack,HyperBeam|Quiet||F|||50|]Scrafty||Scraftinite|Intimidate|FakeOut,Detect,CloseCombat,KnockOff|Brave||M|||50|
|inactive|Battle timer is ON: inactive players will automatically lose when time's up. (requested by evilmayheem)
|
|t:|1782265638
|teamsize|p1|4
|teamsize|p2|4
|start
|switch|p1a: Kingambit|Kingambit, L50, F|100/100
|switch|p1b: Basculegion|Basculegion, L50, M|100/100
|switch|p2a: Pyroar|Pyroar, L50, M|100/100
|switch|p2b: Sableye|Sableye, L50, F|100/100
|turn|1
|inactive|Beccca has 30 seconds left.
|inactive|Beccca has 20 seconds left.
|
|t:|1782265676
|move|p2a: Pyroar|Protect|p2a: Pyroar
|-singleturn|p2a: Pyroar|Protect
|move|p1a: Kingambit|Sucker Punch||[still]
|-fail|p1a: Kingambit
|move|p2b: Sableye|Will-O-Wisp|p1b: Basculegion
|-status|p1b: Basculegion|brn
|move|p1b: Basculegion|Wave Crash|p2a: Pyroar
|-activate|p2a: Pyroar|move: Protect
|
|-damage|p1b: Basculegion|94/100 brn|[from] brn
|upkeep
|turn|2
|
|t:|1782265697
|switch|p2a: Kingambit|Kingambit, L50, M|100/100
|move|p1a: Kingambit|Protect|p1a: Kingambit
|-singleturn|p1a: Kingambit|Protect
|move|p2b: Sableye|Will-O-Wisp|p1a: Kingambit
|-activate|p1a: Kingambit|move: Protect
|move|p1b: Basculegion|Wave Crash|p2a: Kingambit
|-damage|p2a: Kingambit|63/100
|-damage|p1b: Basculegion|81/100 brn|[from] Recoil
|
|-damage|p1b: Basculegion|75/100 brn|[from] brn
|upkeep
|turn|3
|
|t:|1782265720
|switch|p1b: Whimsicott|Whimsicott, L50, M|100/100
|move|p2b: Sableye|Will-O-Wisp|p1a: Kingambit
|-hint|Since gen 7, Dark is immune to Prankster moves.
|-immune|p1a: Kingambit
|move|p1a: Kingambit|Swords Dance|p1a: Kingambit
|-boost|p1a: Kingambit|atk|2
|move|p2a: Kingambit|Kowtow Cleave|p1b: Whimsicott
|-resisted|p1b: Whimsicott|1
|-damage|p1b: Whimsicott|65/100
|
|upkeep
|turn|4
|inactive|Beccca has 30 seconds left.
|
|t:|1782265746
|move|p2b: Sableye|Reflect|p2b: Sableye
|-sidestart|p2: evilmayheem|Reflect
|move|p1b: Whimsicott|Moonblast|p2a: Kingambit
|-damage|p2a: Kingambit|28/100
|move|p1a: Kingambit|Kowtow Cleave|p2a: Kingambit
|-resisted|p2a: Kingambit|1
|-damage|p2a: Kingambit|1/100
|move|p2a: Kingambit|Iron Head|p1b: Whimsicott
|-supereffective|p1b: Whimsicott|1
|-damage|p1b: Whimsicott|0 fnt
|faint|p1b: Whimsicott
|
|upkeep
|inactive|Beccca has 30 seconds left.
|
|t:|1782265778
|switch|p1b: Basculegion|Basculegion, L50, M|75/100 brn
|turn|5
|
|t:|1782265800
|move|p1b: Basculegion|Aqua Jet|p2a: Kingambit
|-damage|p2a: Kingambit|0 fnt
|faint|p2a: Kingambit
|move|p2b: Sableye|Light Screen|p2b: Sableye
|-sidestart|p2: evilmayheem|move: Light Screen
|move|p1a: Kingambit|Swords Dance|p1a: Kingambit
|-boost|p1a: Kingambit|atk|2
|
|-damage|p1b: Basculegion|69/100 brn|[from] brn
|upkeep
|
|t:|1782265804
|switch|p2a: Pyroar|Pyroar, L50, M|100/100
|turn|6
|
|t:|1782265816
|detailschange|p2a: Pyroar|Pyroar-Mega, L50, M
|-mega|p2a: Pyroar|Pyroar|Pyroarite
|move|p1a: Kingambit|Protect|p1a: Kingambit
|-singleturn|p1a: Kingambit|Protect
|move|p2b: Sableye|Sunny Day|p2b: Sableye
|-weather|SunnyDay
|move|p2a: Pyroar|Heat Wave|p1a: Kingambit|[spread] p1b
|-activate|p1a: Kingambit|move: Protect
|-resisted|p1b: Basculegion|1
|-damage|p1b: Basculegion|22/100 brn
|move|p1b: Basculegion|Wave Crash|p2a: Pyroar
|-supereffective|p2a: Pyroar|1
|-damage|p2a: Pyroar|63/100
|-damage|p1b: Basculegion|12/100 brn|[from] Recoil
|
|-weather|SunnyDay|[upkeep]
|-damage|p1b: Basculegion|6/100 brn|[from] brn
|upkeep
|turn|7
|
|t:|1782265837
|switch|p1b: Raichu|Raichu, L50, M|100/100
|switch|p2b: Sylveon|Sylveon, L50, F|100/100
|move|p2a: Pyroar|Protect|p2a: Pyroar
|-singleturn|p2a: Pyroar|Protect
|move|p1a: Kingambit|Sucker Punch||[still]
|-fail|p1a: Kingambit
|
|-weather|SunnyDay|[upkeep]
|upkeep
|turn|8
|inactive|Beccca has 30 seconds left.
|inactive|Beccca has 20 seconds left.
|inactive|Beccca has 15 seconds left.
|inactive|Beccca has 10 seconds left.
|inactive|Beccca has 5 seconds left.
|
|t:|1782265890
|switch|p2a: Sableye|Sableye, L50, F|100/100
|detailschange|p1b: Raichu|Raichu-Mega-Y, L50, M
|-mega|p1b: Raichu|Raichu|Raichunite Y
|move|p1a: Kingambit|Sucker Punch||[still]
|-fail|p1a: Kingambit
|move|p1b: Raichu|Zap Cannon|p2b: Sylveon
|-damage|p2b: Sylveon|71/100
|-status|p2b: Sylveon|par
|move|p2b: Sylveon|Hyper Beam|p1a: Kingambit
|-damage|p1a: Kingambit|0 fnt
|-mustrecharge|p2b: Sylveon
|faint|p1a: Kingambit
|
|-weather|SunnyDay|[upkeep]
|-sideend|p2: evilmayheem|Reflect
|upkeep
|
|t:|1782265906
|switch|p1a: Basculegion|Basculegion, L50, M|6/100 brn
|turn|9
|
|t:|1782265913
|move|p2a: Sableye|Reflect|p2a: Sableye
|-sidestart|p2: evilmayheem|Reflect
|move|p1b: Raichu|Zap Cannon|p2a: Sableye
|-damage|p2a: Sableye|54/100
|-status|p2a: Sableye|par
|move|p1a: Basculegion|Last Respects|p2b: Sylveon
|-damage|p2b: Sylveon|33/100 par
|cant|p2b: Sylveon|recharge
|
|-weather|SunnyDay|[upkeep]
|-damage|p1a: Basculegion|1/100 brn|[from] brn
|-sideend|p2: evilmayheem|move: Light Screen
|upkeep
|turn|10
|
|t:|1782265932
|cant|p2b: Sylveon|par
|move|p1a: Basculegion|Aqua Jet|p2b: Sylveon
|-damage|p2b: Sylveon|27/100 par
|cant|p2a: Sableye|par
|move|p1b: Raichu|Zap Cannon|p2b: Sylveon
|-damage|p2b: Sylveon|0 fnt
|faint|p2b: Sylveon
|
|-weather|none
|-damage|p1a: Basculegion|0 fnt|[from] brn
|faint|p1a: Basculegion
|upkeep
|
|t:|1782265936
|switch|p2b: Pyroar|Pyroar-Mega, L50, M|63/100
|turn|11
|
|t:|1782265952
|move|p2a: Sableye|Sunny Day|p2a: Sableye
|-weather|SunnyDay
|move|p1b: Raichu|Zap Cannon|p2b: Pyroar
|-damage|p2b: Pyroar|0 fnt
|faint|p2b: Pyroar
|
|-weather|SunnyDay|[upkeep]
|upkeep
|turn|12
|-message|evilmayheem forfeited.
|
|win|Beccca
||evilmayheem is ready for game 2.
||Beccca is ready for game 2.
|uhtml|next|Next: Game 2 of 3
