|j|☆Abrasian
|j|☆camala64
|html|Abrasiancamala64    
|uhtml|bestof|Game 1 of a best-of-3
|t:|1782699877
|gametype|doubles
|player|p1|Abrasian|1|1244
|player|p2|camala64|lance-masters2|1184
|gen|9
|tier|[Gen 9 Champions] VGC 2026 Reg M-B (Bo3)
|rated|
|rule|Species Clause: Limit one of each Pokémon
|rule|Item Clause: Limit 1 of each item
|clearpoke
|poke|p1|Hydreigon, L50, F|
|poke|p1|Garchomp, L50, M|
|poke|p1|Metagross, L50|
|poke|p1|Charizard, L50, M|
|poke|p1|Grimmsnarl, L50, M|
|poke|p1|Toxapex, L50, M|
|poke|p2|Froslass, L50, F|
|poke|p2|Garchomp, L50, M, shiny|
|poke|p2|Corviknight, L50, F, shiny|
|poke|p2|Toxapex, L50, F, shiny|
|poke|p2|Incineroar, L50, M|
|poke|p2|Sneasler, L50, F, shiny|
|teampreview|4
|showteam|p1|Hydreigon||ChoiceScarf|Levitate|HeatWave,DarkPulse,DracoMeteor,Snarl|Modest||F|||50|]Garchomp||SitrusBerry|RoughSkin|Earthquake,RockSlide,DragonClaw,Protect|Adamant||M|||50|]Metagross||Metagrossite|ClearBody|IronHead,HammerArm,BulletPunch,Protect|Adamant|||||50|]Charizard||CharizarditeY|Blaze|Protect,HeatWave,SolarBeam,WeatherBall|Timid||M|||50|]Grimmsnarl||RoseliBerry|Prankster|FakeOut,FoulPlay,Reflect,PartingShot|Sassy||M|||50|]Toxapex||Leftovers|Regenerator|Infestation,Toxic,BanefulBunker,WideGuard|Bold||M|||50|
|showteam|p2|Froslass||Froslassite|SnowCloak|ShadowBall,Blizzard,AuroraVeil,Protect|Modest||F|||50|]Garchomp||LifeOrb|RoughSkin|Earthquake,StompingTantrum,DragonClaw,Protect|Adamant||M|||50|]Corviknight||SitrusBerry|MirrorArmor|IronHead,BraveBird,Roost,BulkUp|Adamant||F|||50|]Toxapex||Leftovers|Regenerator|Infestation,Toxic,BanefulBunker,Recover|Relaxed||F|||50|]Incineroar||PasshoBerry|Intimidate|FakeOut,FlareBlitz,ThroatChop,PartingShot|Relaxed||M|||50|]Sneasler||WhiteHerb|Unburden|CloseCombat,DireClaw,RockTomb,FakeOut|Jolly||F|||50|
|inactive|Battle timer is ON: inactive players will automatically lose when time's up. (requested by Abrasian)
|
|t:|1782699927
|teamsize|p1|4
|teamsize|p2|4
|start
|switch|p1a: Charizard|Charizard, L50, M|100/100
|switch|p1b: Toxapex|Toxapex, L50, M|100/100
|switch|p2a: Froslass|Froslass, L50, F|100/100
|switch|p2b: Sneasler|Sneasler, L50, F, shiny|100/100
|turn|1
|
|t:|1782699957
|switch|p2a: Toxapex|Toxapex, L50, F, shiny|100/100
|detailschange|p1a: Charizard|Charizard-Mega-Y, L50, M
|-mega|p1a: Charizard|Charizard|Charizardite Y
|-weather|SunnyDay|[from] ability: Drought|[of] p1a: Charizard
|move|p1a: Charizard|Protect|p1a: Charizard
|-singleturn|p1a: Charizard|Protect
|move|p2b: Sneasler|Fake Out|p1a: Charizard
|-activate|p1a: Charizard|move: Protect
|move|p1b: Toxapex|Toxic|p2a: Toxapex
|-immune|p2a: Toxapex
|
|-weather|SunnyDay|[upkeep]
|upkeep
|turn|2
|
|t:|1782699980
|switch|p1a: Garchomp|Garchomp, L50, M|100/100
|move|p2b: Sneasler|Rock Tomb|p1a: Garchomp
|-resisted|p1a: Garchomp|1
|-damage|p1a: Garchomp|91/100
|-unboost|p1a: Garchomp|spe|1
|move|p1b: Toxapex|Infestation|p2b: Sneasler
|-resisted|p2b: Sneasler|2
|-damage|p2b: Sneasler|99/100
|-activate|p2b: Sneasler|move: Infestation|[of] p1b: Toxapex
|move|p2a: Toxapex|Infestation|p1a: Garchomp
|-damage|p1a: Garchomp|88/100
|-activate|p1a: Garchomp|move: Infestation|[of] p2a: Toxapex
|-damage|p2a: Toxapex|87/100|[from] ability: Rough Skin|[of] p1a: Garchomp
|
|-weather|SunnyDay|[upkeep]
|-heal|p2a: Toxapex|93/100|[from] item: Leftovers
|-damage|p2b: Sneasler|87/100|[from] move: Infestation|[partiallytrapped]
|-damage|p1a: Garchomp|76/100|[from] move: Infestation|[partiallytrapped]
|upkeep
|turn|3
|
|t:|1782700001
|switch|p1b: Hydreigon|Hydreigon, L50, F|100/100
|move|p2b: Sneasler|Close Combat|p1b: Hydreigon
|-supereffective|p1b: Hydreigon|1
|-damage|p1b: Hydreigon|0 fnt
|-unboost|p2b: Sneasler|def|1
|-unboost|p2b: Sneasler|spd|1
|faint|p1b: Hydreigon
|-enditem|p2b: Sneasler|White Herb
|-clearnegativeboost|p2b: Sneasler|[silent]
|move|p1a: Garchomp|Earthquake|p2a: Toxapex|[spread] p2a,p2b
|-supereffective|p2a: Toxapex|1
|-supereffective|p2b: Sneasler|1
|-damage|p2a: Toxapex|46/100
|-damage|p2b: Sneasler|0 fnt
|faint|p2b: Sneasler
|move|p2a: Toxapex|Infestation|p1a: Garchomp
|-damage|p1a: Garchomp|73/100
|-damage|p2a: Toxapex|34/100|[from] ability: Rough Skin|[of] p1a: Garchomp
|
|-weather|SunnyDay|[upkeep]
|-heal|p2a: Toxapex|40/100|[from] item: Leftovers
|-damage|p1a: Garchomp|61/100|[from] move: Infestation|[partiallytrapped]
|upkeep
|
|t:|1782700017
|switch|p2b: Garchomp|Garchomp, L50, M, shiny|100/100
|switch|p1b: Toxapex|Toxapex, L50, M|100/100
|turn|4
|
|t:|1782700032
|move|p2a: Toxapex|Baneful Bunker|p2a: Toxapex
|-singleturn|p2a: Toxapex|move: Protect
|move|p2b: Garchomp|Dragon Claw|p1a: Garchomp
|-supereffective|p1a: Garchomp|1
|-damage|p1a: Garchomp|0 fnt
|-damage|p2b: Garchomp|87/100|[from] ability: Rough Skin|[of] p1a: Garchomp
|faint|p1a: Garchomp
|-damage|p2b: Garchomp|78/100|[from] item: Life Orb
|move|p1b: Toxapex|Toxic|p2b: Garchomp
|-status|p2b: Garchomp|tox
|
|-weather|SunnyDay|[upkeep]
|-heal|p2a: Toxapex|45/100|[from] item: Leftovers
|-damage|p2b: Garchomp|72/100 tox|[from] psn
|upkeep
|
|t:|1782700034
|switch|p1a: Charizard|Charizard-Mega-Y, L50, M|100/100
|turn|5
|
|t:|1782700050
|move|p1a: Charizard|Solar Beam||[still]
|-prepare|p1a: Charizard|Solar Beam
|-anim|p1a: Charizard|Solar Beam|p2a: Toxapex
|-damage|p2a: Toxapex|14/100
|move|p2b: Garchomp|Dragon Claw|p1b: Toxapex
|-damage|p1b: Toxapex|63/100
|-damage|p2b: Garchomp|62/100 tox|[from] item: Life Orb
|move|p1b: Toxapex|Infestation|p2b: Garchomp
|-damage|p2b: Garchomp|58/100 tox
|-activate|p2b: Garchomp|move: Infestation|[of] p1b: Toxapex
|-damage|p1b: Toxapex|50/100g|[from] ability: Rough Skin|[of] p2b: Garchomp
|move|p2a: Toxapex|Toxic|p1a: Charizard
|-status|p1a: Charizard|tox
|
|-weather|none
|-heal|p1b: Toxapex|56/100|[from] item: Leftovers
|-heal|p2a: Toxapex|20/100y|[from] item: Leftovers
|-damage|p1a: Charizard|94/100 tox|[from] psn
|-damage|p2b: Garchomp|46/100 tox|[from] psn
|-damage|p2b: Garchomp|34/100 tox|[from] move: Infestation|[partiallytrapped]
|upkeep
|turn|6
|inactive|Abrasian has 30 seconds left.
|
|t:|1782700079
|move|p1b: Toxapex|Baneful Bunker|p1b: Toxapex
|-singleturn|p1b: Toxapex|move: Protect
|move|p1a: Charizard|Heat Wave|p2a: Toxapex|[spread] p2a,p2b
|-resisted|p2a: Toxapex|1
|-resisted|p2b: Garchomp|1
|-damage|p2a: Toxapex|5/100
|-damage|p2b: Garchomp|17/100 tox
|move|p2b: Garchomp|Stomping Tantrum|p1b: Toxapex
|-activate|p1b: Toxapex|move: Protect
|move|p2a: Toxapex|Recover|p2a: Toxapex
|-heal|p2a: Toxapex|55/100
|
|-heal|p1b: Toxapex|62/100|[from] item: Leftovers
|-heal|p2a: Toxapex|61/100|[from] item: Leftovers
|-damage|p1a: Charizard|82/100 tox|[from] psn
|-damage|p2b: Garchomp|0 fnt|[from] psn
|faint|p2b: Garchomp
|upkeep
|
|t:|1782700086
|switch|p2b: Froslass|Froslass, L50, F|100/100
|turn|7
|
|t:|1782700098
|move|p2b: Froslass|Protect|p2b: Froslass
|-singleturn|p2b: Froslass|Protect
|move|p2a: Toxapex|Baneful Bunker|p2a: Toxapex
|-singleturn|p2a: Toxapex|move: Protect
|move|p1a: Charizard|Heat Wave|p2a: Toxapex|[spread] 
|-activate|p2a: Toxapex|move: Protect
|-activate|p2b: Froslass|move: Protect
|move|p1b: Toxapex|Infestation|p2a: Toxapex
|-activate|p2a: Toxapex|move: Protect
|
|-heal|p1b: Toxapex|68/100|[from] item: Leftovers
|-heal|p2a: Toxapex|66/100|[from] item: Leftovers
|-damage|p1a: Charizard|65/100 tox|[from] psn
|upkeep
|turn|8
|
|t:|1782700113
|detailschange|p2b: Froslass|Froslass-Mega, L50, F
|-mega|p2b: Froslass|Froslass|Froslassite
|-weather|Snowscape|[from] ability: Snow Warning|[of] p2b: Froslass
|move|p2b: Froslass|Blizzard|p1b: Toxapex|[spread] p1a,p1b
|-resisted|p1b: Toxapex|1
|-crit|p1b: Toxapex
|-damage|p1a: Charizard|24/100 tox
|-damage|p1b: Toxapex|46/100
|-status|p1b: Toxapex|frz
|move|p1a: Charizard|Heat Wave|p2a: Toxapex|[spread] p2a,p2b
|-resisted|p2a: Toxapex|1
|-supereffective|p2b: Froslass|1
|-damage|p2a: Toxapex|53/100
|-damage|p2b: Froslass|22/100
|cant|p1b: Toxapex|frz
|move|p2a: Toxapex|Infestation|p1a: Charizard
|-resisted|p1a: Charizard|2
|-damage|p1a: Charizard|24/100 tox
|-activate|p1a: Charizard|move: Infestation|[of] p2a: Toxapex
|
|-weather|Snowscape|[upkeep]
|-heal|p1b: Toxapex|52/100 frz|[from] item: Leftovers
|-heal|p2a: Toxapex|59/100|[from] item: Leftovers
|-damage|p1a: Charizard|1/100 tox|[from] psn
|-damage|p1a: Charizard|0 fnt|[from] move: Infestation|[partiallytrapped]
|faint|p1a: Charizard
|upkeep
|turn|9
|-message|Abrasian forfeited.
|
|win|camala64
|l|☆Abrasian
|player|p1|
||Abrasian is ready for game 2.
|inactive|camala64 has 30 seconds to confirm battle start!
|j|☆Abrasian
|player|p1|Abrasian|1|
|l|☆Abrasian
|player|p1|
||camala64 is ready for game 2.
|uhtml|next|Next: Game 2 of 3
