|j|☆Chaoticfarmer
|j|☆C.blaze
|html|ChaoticfarmerC.blaze    
|uhtml|bestof|Game 2 of a best-of-3
|t:|1757905565
|gametype|doubles
|player|p1|Chaoticfarmer|norman|1423
|player|p2|C.blaze|101|1408
|gen|9
|tier|[Gen 9] VGC 2025 Reg H (Bo3)
|rated|
|rule|Species Clause: Limit one of each Pokémon
|rule|Item Clause: Limit 1 of each item
|clearpoke
|poke|p1|Rillaboom, L50, M|
|poke|p1|Pelipper, L50, F|
|poke|p1|Sneasler, L50, F|
|poke|p1|Cetitan, L50, M|
|poke|p1|Malamar, L50, F|
|poke|p1|Ursaluna-Bloodmoon, L50, M|
|poke|p2|Tyranitar, L50, M|
|poke|p2|Gholdengo, L50|
|poke|p2|Dragonite, L50, F|
|poke|p2|Amoonguss, L50, M|
|poke|p2|Porygon2, L50|
|poke|p2|Tauros-Paldea-Blaze, L50, M|
|teampreview|4
|showteam|p1|Rillaboom||AssaultVest|GrassySurge|FakeOut,GrassyGlide,WoodHammer,Uturn|||M|||50|,,,,,Fire]Pelipper||FocusSash|Drizzle|Tailwind,Hurricane,WideGuard,WeatherBall|||F|||50|,,,,,Ghost]Sneasler||GrassySeed|Unburden|CloseCombat,DireClaw,ThroatChop,Protect|||F|||50|,,,,,Dark]Cetitan||LifeOrb|SheerForce|IcicleCrash,Liquidation,IceShard,Protect|||M|||50|,,,,,Water]Malamar||CovertCloak|Contrary|TopsyTurvy,KnockOff,Superpower,TrickRoom|||F|||50|,,,,,Steel]Ursaluna-Bloodmoon||SafetyGoggles|MindsEye|BloodMoon,TeraBlast,EarthPower,Protect|||M|||50|,,,,,Electric
|showteam|p2|Tyranitar||AssaultVest|SandStream|RockSlide,KnockOff,TeraBlast,LowKick|||M|||50|,,,,,Flying]Gholdengo||LifeOrb|GoodasGold|MakeItRain,ShadowBall,Protect,NastyPlot||||||50|,,,,,Water]Dragonite||LoadedDice|Multiscale|ScaleShot,Haze,Protect,Tailwind|||F|||50|,,,,,Fairy]Amoonguss||MentalHerb|Regenerator|ClearSmog,PollenPuff,Spore,RagePowder|||M|||50|,,,,,Water]Porygon2||Eviolite|Download|TeraBlast,IceBeam,Recover,TrickRoom||||||50|,,,,,Fighting]Tauros-Paldea-Blaze||SafetyGoggles|Intimidate|RagingBull,WillOWisp,Protect,CloseCombat|||M|||50|,,,,,Water
|inactive|Battle timer is ON: inactive players will automatically lose when time's up. (requested by Chaoticfarmer)
|inactive|Chaoticfarmer has 60 seconds left.
|inactive|Chaoticfarmer has 30 seconds left.
|
|t:|1757905629
|teamsize|p1|4
|teamsize|p2|4
|start
|switch|p1a: Malamar|Malamar, L50, F|100/100
|switch|p1b: Ursaluna|Ursaluna-Bloodmoon, L50, M|100/100
|switch|p2a: Gholdengo|Gholdengo, L50|100/100
|switch|p2b: Tauros|Tauros-Paldea-Blaze, L50, M|100/100
|-ability|p2b: Tauros|Intimidate|boost
|-boost|p1a: Malamar|atk|1
|-unboost|p1b: Ursaluna|atk|1
|turn|1
|inactive|Chaoticfarmer has 30 seconds left.
|inactive|C.blaze has 30 seconds left.
|
|t:|1757905655
|move|p2b: Tauros|Close Combat|p1a: Malamar
|-damage|p1a: Malamar|47/100
|-unboost|p2b: Tauros|def|1
|-unboost|p2b: Tauros|spd|1
|move|p2a: Gholdengo|Make It Rain|p1b: Ursaluna|[spread] p1a,p1b
|-damage|p1a: Malamar|0 fnt
|-damage|p1b: Ursaluna|32/100
|-unboost|p2a: Gholdengo|spa|1
|faint|p1a: Malamar
|-damage|p2a: Gholdengo|91/100|[from] item: Life Orb
|move|p1b: Ursaluna|Earth Power|p2b: Tauros
|-supereffective|p2b: Tauros
|-damage|p2b: Tauros|0 fnt
|faint|p2b: Tauros
|
|upkeep
|
|t:|1757905670
|switch|p2b: Porygon2|Porygon2, L50|100/100
|switch|p1a: Pelipper|Pelipper, L50, F|100/100
|-weather|RainDance|[from] ability: Drizzle|[of] p1a: Pelipper
|-ability|p2b: Porygon2|Download|boost
|-boost|p2b: Porygon2|spa|1
|turn|2
|inactive|Chaoticfarmer has 30 seconds left.
|
|t:|1757905698
|move|p1a: Pelipper|Wide Guard|p1a: Pelipper
|-singleturn|p1a: Pelipper|Wide Guard
|move|p2a: Gholdengo|Shadow Ball|p1a: Pelipper
|-damage|p1a: Pelipper|28/100
|-damage|p2a: Gholdengo|81/100|[from] item: Life Orb
|move|p1b: Ursaluna|Blood Moon|p2b: Porygon2
|-damage|p2b: Porygon2|45/100
|move|p2b: Porygon2|Trick Room|p2b: Porygon2
|-fieldstart|move: Trick Room|[of] p2b: Porygon2
|
|-weather|RainDance|[upkeep]
|upkeep
|turn|3
|inactive|Chaoticfarmer has 30 seconds left.
|inactive|Chaoticfarmer has 20 seconds left.
|inactive|Chaoticfarmer has 15 seconds left.
|
|t:|1757905740
|move|p1b: Ursaluna|Protect|p1b: Ursaluna
|-singleturn|p1b: Ursaluna|Protect
|move|p2b: Porygon2|Tera Blast|p1b: Ursaluna
|-activate|p1b: Ursaluna|move: Protect
|move|p2a: Gholdengo|Shadow Ball|p1a: Pelipper
|-damage|p1a: Pelipper|0 fnt
|faint|p1a: Pelipper
|-damage|p2a: Gholdengo|71/100|[from] item: Life Orb
|
|-weather|RainDance|[upkeep]
|upkeep
|
|t:|1757905749
|switch|p1a: Cetitan|Cetitan, L50, M|100/100
|turn|4
|
|t:|1757905768
|-terastallize|p1a: Cetitan|Water
|move|p2a: Gholdengo|Protect|p2a: Gholdengo
|-singleturn|p2a: Gholdengo|Protect
|move|p2b: Porygon2|Tera Blast|p1b: Ursaluna
|-damage|p1b: Ursaluna|0 fnt
|faint|p1b: Ursaluna
|move|p1a: Cetitan|Liquidation|p2b: Porygon2
|-damage|p2b: Porygon2|0 fnt
|faint|p2b: Porygon2
|
|-weather|RainDance|[upkeep]
|upkeep
|
|t:|1757905770
|switch|p2b: Tyranitar|Tyranitar, L50, M|100/100
|-weather|Sandstorm|[from] ability: Sand Stream|[of] p2b: Tyranitar
|turn|5
|
|t:|1757905790
|move|p1a: Cetitan|Protect|p1a: Cetitan
|-singleturn|p1a: Cetitan|Protect
|move|p2b: Tyranitar|Knock Off|p1a: Cetitan
|-activate|p1a: Cetitan|move: Protect
|move|p2a: Gholdengo|Shadow Ball|p1a: Cetitan
|-activate|p1a: Cetitan|move: Protect
|
|-weather|Sandstorm|[upkeep]
|-damage|p1a: Cetitan|94/100|[from] Sandstorm
|upkeep
|turn|6
|
|t:|1757905795
|move|p2b: Tyranitar|Knock Off|p1a: Cetitan
|-damage|p1a: Cetitan|52/100
|-enditem|p1a: Cetitan|Life Orb|[from] move: Knock Off|[of] p2b: Tyranitar
|move|p1a: Cetitan|Liquidation|p2a: Gholdengo
|-damage|p2a: Gholdengo|23/100
|move|p2a: Gholdengo|Shadow Ball|p1a: Cetitan
|-damage|p1a: Cetitan|15/100
|-damage|p2a: Gholdengo|13/100|[from] item: Life Orb
|
|-weather|Sandstorm|[upkeep]
|-damage|p1a: Cetitan|9/100|[from] Sandstorm
|-fieldend|move: Trick Room
|upkeep
|turn|7
|
|t:|1757905812
|-terastallize|p2b: Tyranitar|Flying
|move|p2a: Gholdengo|Shadow Ball|p1a: Cetitan
|-damage|p1a: Cetitan|0 fnt
|faint|p1a: Cetitan
|-damage|p2a: Gholdengo|4/100|[from] item: Life Orb
|
|win|C.blaze
||C.blaze is ready for game 3.
||Chaoticfarmer is ready for game 3.
|uhtml|next|Next: Game 3 of 3
