|j|☆sorrysoda
|j|☆bcoffey1010
|html|sorrysodabcoffey1010    
|uhtml|bestof|Game 2 of a best-of-3
|t:|1755062489
|gametype|doubles
|player|p1|sorrysoda|1|1192
|player|p2|bcoffey1010|265|1218
|gen|9
|tier|[Gen 9] VGC 2025 Reg H (Bo3)
|rated|
|rule|Species Clause: Limit one of each Pokémon
|rule|Item Clause: Limit 1 of each item
|clearpoke
|poke|p1|Arcanine-Hisui, L50, M|
|poke|p1|Rillaboom, L50, M|
|poke|p1|Dragonite, L50, F|
|poke|p1|Sneasler, L50, F|
|poke|p1|Ninetales-Alola, L50, F|
|poke|p1|Gholdengo, L50|
|poke|p2|Sneasler, L50, F|
|poke|p2|Gholdengo, L50|
|poke|p2|Garchomp, L50, F|
|poke|p2|Porygon2, L50|
|poke|p2|Amoonguss, L50, M|
|poke|p2|Incineroar, L50, F|
|teampreview|4
|showteam|p1|Arcanine-Hisui||ClearAmulet|Intimidate|FlareBlitz,RockSlide,ExtremeSpeed,Protect|||M|||50|,,,,,Water]Rillaboom||AssaultVest|GrassySurge|DrumBeating,GrassyGlide,HighHorsepower,FakeOut|||M|||50|,,,,,Fire]Dragonite||LoadedDice|Multiscale|ScaleShot,Tailwind,StompingTantrum,Protect|||F|||50|,,,,,Ground]Sneasler||WhiteHerb|Unburden|CloseCombat,DireClaw,Coaching,Protect|||F|||50|,,,,,Ghost]Ninetales-Alola||FocusSash|SnowWarning|Blizzard,Encore,IcyWind,AuroraVeil|||F|||50|,,,,,Ghost]Gholdengo||GrassySeed|GoodasGold|NastyPlot,MakeItRain,ShadowBall,Protect||||||50|,,,,,Water
|showteam|p2|Sneasler||FocusSash|PoisonTouch|CloseCombat,DireClaw,Coaching,Protect|||F|||50|,,,,,Flying]Gholdengo||LifeOrb|GoodasGold|MakeItRain,ShadowBall,NastyPlot,Protect||||||50|,,,,,Water]Garchomp||ClearAmulet|RoughSkin|Earthquake,StompingTantrum,DragonClaw,Protect|||F|||50|,,,,,Fire]Porygon2||Eviolite|Download|IceBeam,TeraBlast,Recover,TrickRoom||||||50|,,,,,Ground]Amoonguss||SitrusBerry|Regenerator|PollenPuff,Spore,RagePowder,Protect|||M|||50|,,,,,Fairy]Incineroar||SafetyGoggles|Intimidate|FlareBlitz,KnockOff,FakeOut,PartingShot|||F|||50|,,,,,Ghost
|
|t:|1755062521
|teamsize|p1|4
|teamsize|p2|4
|start
|switch|p1a: Rillaboom|Rillaboom, L50, M|100/100
|switch|p1b: Sneasler|Sneasler, L50, F|100/100
|switch|p2a: Sneasler|Sneasler, L50, F|100/100
|switch|p2b: Garchomp|Garchomp, L50, F|100/100
|-fieldstart|move: Grassy Terrain|[from] ability: Grassy Surge|[of] p1a: Rillaboom
|turn|1
|inactive|Battle timer is ON: inactive players will automatically lose when time's up. (requested by bcoffey1010)
|
|t:|1755062564
|move|p2a: Sneasler|Protect|p2a: Sneasler
|-singleturn|p2a: Sneasler|Protect
|move|p2b: Garchomp|Protect|p2b: Garchomp
|-singleturn|p2b: Garchomp|Protect
|move|p1a: Rillaboom|Fake Out|p2a: Sneasler
|-activate|p2a: Sneasler|move: Protect
|move|p1b: Sneasler|Coaching|p1a: Rillaboom
|-boost|p1a: Rillaboom|atk|1
|-boost|p1a: Rillaboom|def|1
|
|upkeep
|turn|2
|inactive|sorrysoda has 30 seconds left.
|inactive|sorrysoda has 20 seconds left.
|
|t:|1755062600
|move|p2a: Sneasler|Dire Claw|p1a: Rillaboom
|-supereffective|p1a: Rillaboom
|-damage|p1a: Rillaboom|45/100
|-status|p1a: Rillaboom|slp
|move|p1b: Sneasler|Close Combat|p2a: Sneasler
|-resisted|p2a: Sneasler
|-damage|p2a: Sneasler|37/100
|-unboost|p1b: Sneasler|def|1
|-unboost|p1b: Sneasler|spd|1
|-enditem|p1b: Sneasler|White Herb
|-clearnegativeboost|p1b: Sneasler|[silent]
|move|p2b: Garchomp|Dragon Claw|p1a: Rillaboom
|-damage|p1a: Rillaboom|18/100 slp
|cant|p1a: Rillaboom|slp
|
|-heal|p2a: Sneasler|43/100|[from] Grassy Terrain
|-heal|p1a: Rillaboom|24/100 slp|[from] Grassy Terrain
|upkeep
|turn|3
|inactive|sorrysoda has 30 seconds left.
|inactive|sorrysoda has 20 seconds left.
|
|t:|1755062637
|cant|p1a: Rillaboom|slp
|move|p1b: Sneasler|Close Combat|p2a: Sneasler
|-resisted|p2a: Sneasler
|-damage|p2a: Sneasler|0 fnt
|-unboost|p1b: Sneasler|def|1
|-unboost|p1b: Sneasler|spd|1
|faint|p2a: Sneasler
|move|p2b: Garchomp|Stomping Tantrum|p1b: Sneasler
|-supereffective|p1b: Sneasler
|-damage|p1b: Sneasler|0 fnt
|faint|p1b: Sneasler
|
|-heal|p1a: Rillaboom|30/100 slp|[from] Grassy Terrain
|upkeep
|
|t:|1755062650
|switch|p2a: Gholdengo|Gholdengo, L50|100/100
|switch|p1b: Ninetales|Ninetales-Alola, L50, F|100/100
|-weather|Snowscape|[from] ability: Snow Warning|[of] p1b: Ninetales
|turn|4
|
|t:|1755062675
|-terastallize|p2b: Garchomp|Fire
|move|p1b: Ninetales|Aurora Veil|p1b: Ninetales
|-sidestart|p1: sorrysoda|move: Aurora Veil
|move|p2b: Garchomp|Dragon Claw|p1a: Rillaboom
|-damage|p1a: Rillaboom|10/100 slp
|-curestatus|p1a: Rillaboom|slp|[msg]
|move|p1a: Rillaboom|High Horsepower|p2a: Gholdengo
|-supereffective|p2a: Gholdengo
|-damage|p2a: Gholdengo|5/100
|move|p2a: Gholdengo|Nasty Plot|p2a: Gholdengo
|-boost|p2a: Gholdengo|spa|2
|
|-weather|Snowscape|[upkeep]
|-heal|p1a: Rillaboom|16/100|[from] Grassy Terrain
|-heal|p2a: Gholdengo|11/100|[from] Grassy Terrain
|upkeep
|turn|5
|inactive|sorrysoda has 30 seconds left.
|inactive|bcoffey1010 has 30 seconds left.
|inactive|sorrysoda has 20 seconds left.
|inactive|sorrysoda has 15 seconds left.
|inactive|sorrysoda has 10 seconds left.
|
|t:|1755062721
|move|p2a: Gholdengo|Protect|p2a: Gholdengo
|-singleturn|p2a: Gholdengo|Protect
|move|p1a: Rillaboom|Grassy Glide|p2a: Gholdengo
|-activate|p2a: Gholdengo|move: Protect
|move|p1b: Ninetales|Blizzard|p2b: Garchomp|[spread] p2b
|-activate|p2a: Gholdengo|move: Protect
|-resisted|p2b: Garchomp
|-damage|p2b: Garchomp|83/100
|move|p2b: Garchomp|Dragon Claw|p1a: Rillaboom
|-damage|p1a: Rillaboom|0 fnt
|faint|p1a: Rillaboom
|
|-weather|Snowscape|[upkeep]
|-heal|p2b: Garchomp|89/100|[from] Grassy Terrain
|-heal|p2a: Gholdengo|17/100|[from] Grassy Terrain
|-fieldend|move: Grassy Terrain
|upkeep
|
|t:|1755062724
|switch|p1a: Dragonite|Dragonite, L50, F|100/100
|turn|6
|inactive|sorrysoda has 30 seconds left.
|inactive|sorrysoda has 20 seconds left.
|inactive|sorrysoda has 15 seconds left.
|
|t:|1755062764
|-terastallize|p1a: Dragonite|Ground
|move|p1b: Ninetales|Icy Wind|p2a: Gholdengo|[spread] p2a,p2b
|-resisted|p2a: Gholdengo
|-resisted|p2b: Garchomp
|-damage|p2a: Gholdengo|8/100
|-damage|p2b: Garchomp|79/100
|-unboost|p2a: Gholdengo|spe|1
|move|p2b: Garchomp|Dragon Claw|p1a: Dragonite
|-damage|p1a: Dragonite|86/100
|move|p1a: Dragonite|Stomping Tantrum|p2a: Gholdengo
|-supereffective|p2a: Gholdengo
|-damage|p2a: Gholdengo|0 fnt
|faint|p2a: Gholdengo
|
|-weather|Snowscape|[upkeep]
|upkeep
|
|t:|1755062777
|switch|p2a: Incineroar|Incineroar, L50, F, shiny|100/100
|-ability|p2a: Incineroar|Intimidate|boost
|-unboost|p1a: Dragonite|atk|1
|-unboost|p1b: Ninetales|atk|1
|turn|7
|
|t:|1755062799
|move|p2a: Incineroar|Fake Out|p1a: Dragonite
|-damage|p1a: Dragonite|78/100
|move|p1b: Ninetales|Blizzard|p2b: Garchomp|[spread] p2a,p2b
|-resisted|p2a: Incineroar
|-resisted|p2b: Garchomp
|-damage|p2a: Incineroar|87/100
|-damage|p2b: Garchomp|61/100
|move|p2b: Garchomp|Stomping Tantrum|p1b: Ninetales
|-damage|p1b: Ninetales|74/100
|cant|p1a: Dragonite|flinch
|
|-weather|Snowscape|[upkeep]
|upkeep
|turn|8
|
|t:|1755062816
|move|p1b: Ninetales|Encore|p2a: Incineroar
|-start|p2a: Incineroar|Encore
|move|p2b: Garchomp|Dragon Claw|p1a: Dragonite
|-damage|p1a: Dragonite|48/100
|move|p1a: Dragonite|Stomping Tantrum|p2b: Garchomp
|-supereffective|p2b: Garchomp
|-damage|p2b: Garchomp|0 fnt
|-damage|p1a: Dragonite|36/100|[from] ability: Rough Skin|[of] p2b: Garchomp
|faint|p2b: Garchomp
|move|p2a: Incineroar|Fake Out||[still]
|-hint|Fake Out only works on your first turn out.
|-fail|p2a: Incineroar
|
|-weather|none
|-sideend|p1: sorrysoda|move: Aurora Veil
|upkeep
|turn|9
|-message|bcoffey1010 forfeited.
|
|win|sorrysoda
|raw|sorrysoda's rating: 1192 → 1219(+27 for winning)
|raw|bcoffey1010's rating: 1218 → 1191(-27 for losing)
