|j|☆megaurshifuplease
|j|☆MangoldVGC
|html|megaurshifupleaseMangoldVGC    
|uhtml|bestof|Game 1 of a best-of-3
|t:|1783206865
|gametype|doubles
|player|p1|megaurshifuplease|red|1173
|player|p2|MangoldVGC|169|1100
|gen|9
|tier|[Gen 9 Champions] VGC 2026 Reg M-B (Bo3)
|rated|
|rule|Species Clause: Limit one of each Pokémon
|rule|Item Clause: Limit 1 of each item
|clearpoke
|poke|p1|Mawile, L50, M|
|poke|p1|Sinistcha-Masterpiece, L50|
|poke|p1|Incineroar, L50, F|
|poke|p1|Grimmsnarl, L50, M|
|poke|p1|Garchomp, L50, F|
|poke|p1|Annihilape, L50, F|
|poke|p2|Tyranitar, L50, M|
|poke|p2|Steelix, L50, F|
|poke|p2|Rotom-Wash, L50|
|poke|p2|Sinistcha, L50|
|poke|p2|Sneasler, L50, F|
|poke|p2|Talonflame, L50, M|
|teampreview|4
|showteam|p1|Mawile||Mawilite|Intimidate|PlayRough,SuckerPunch,SwordsDance,Protect|Adamant||M|||50|]Sinistcha-Masterpiece||KasibBerry|Hospitality|LifeDew,TrickRoom,RagePowder,MatchaGotcha|Bold|||||50|]Incineroar||PasshoBerry|Intimidate|FakeOut,ThroatChop,FlareBlitz,PartingShot|Adamant||F|||50|]Grimmsnarl||LightClay|Prankster|PartingShot,Reflect,LightScreen,SpiritBreak|Careful||M|||50|]Garchomp||ChoiceScarf|RoughSkin|Earthquake,DragonClaw,RockTomb,StompingTantrum|Adamant||F|||50|]Annihilape||SitrusBerry|Defiant|RageFist,DrainPunch,BulkUp,Protect|Adamant||F|||50|
|showteam|p2|Tyranitar||Tyranitarite|SandStream|Protect,KnockOff,RockSlide,DragonDance|Careful||M|||50|]Steelix||Steelixite|Sturdy|Protect,HeavySlam,HighHorsepower,WideGuard|Brave||F|||50|]Rotom-Wash||Leftovers|Levitate|Thunderbolt,HydroPump,WillOWisp,LightScreen|Timid|||||50|]Sinistcha||SitrusBerry|Hospitality|Protect,TrickRoom,MatchaGotcha,RagePowder|Sassy|||||50|]Sneasler||WhiteHerb|Unburden|Protect,CloseCombat,DireClaw,FakeOut|Adamant||F|||50|]Talonflame||SharpBeak|GaleWings|Protect,BraveBird,FlareBlitz,SwordsDance|Adamant||M|||50|
|inactive|Battle timer is ON: inactive players will automatically lose when time's up. (requested by megaurshifuplease)
|j| weird perish thing
|l| weird perish thing
|inactive|megaurshifuplease has 60 seconds left.
|inactive|MangoldVGC has 60 seconds left.
|inactive|MangoldVGC has 30 seconds left.
|
|t:|1783206931
|teamsize|p1|4
|teamsize|p2|4
|start
|switch|p1a: Annihilape|Annihilape, L50, F|100/100
|switch|p1b: Grimmsnarl|Grimmsnarl, L50, M|100/100
|switch|p2a: Sneasler|Sneasler, L50, F|100/100
|switch|p2b: Tyranitar|Tyranitar, L50, M|100/100
|-weather|Sandstorm|[from] ability: Sand Stream|[of] p2b: Tyranitar
|turn|1
|inactive|megaurshifuplease has 30 seconds left.
|
|t:|1783206958
|switch|p2b: Sinistcha|Sinistcha, L50|100/100
|move|p1b: Grimmsnarl|Reflect|p1b: Grimmsnarl
|-sidestart|p1: megaurshifuplease|Reflect
|move|p2a: Sneasler|Dire Claw|p1b: Grimmsnarl
|-supereffective|p1b: Grimmsnarl|1
|-damage|p1b: Grimmsnarl|30/100
|-status|p1b: Grimmsnarl|par
|move|p1a: Annihilape|Bulk Up|p1a: Annihilape
|-boost|p1a: Annihilape|atk|1
|-boost|p1a: Annihilape|def|1
|
|-weather|Sandstorm|[upkeep]
|-damage|p2a: Sneasler|94/100|[from] Sandstorm
|-damage|p1a: Annihilape|94/100|[from] Sandstorm
|-damage|p2b: Sinistcha|93/100|[from] Sandstorm
|-damage|p1b: Grimmsnarl|24/100 par|[from] Sandstorm
|upkeep
|turn|2
|inactive|megaurshifuplease has 30 seconds left.
|inactive|MangoldVGC has 30 seconds left.
|inactive|MangoldVGC has 20 seconds left.
|inactive|MangoldVGC has 15 seconds left.
|inactive|MangoldVGC has 10 seconds left.
|
|t:|1783207006
|move|p1b: Grimmsnarl|Parting Shot|p2a: Sneasler
|-unboost|p2a: Sneasler|atk|1
|-unboost|p2a: Sneasler|spa|1
|
|t:|1783207010
|switch|p1b: Mawile|Mawile, L50, M|100/100|[from] Parting Shot
|-enditem|p2a: Sneasler|White Herb
|-clearnegativeboost|p2a: Sneasler|[silent]
|-ability|p1b: Mawile|Intimidate|boost
|-unboost|p2a: Sneasler|atk|1
|-unboost|p2b: Sinistcha|atk|1
|move|p2a: Sneasler|Dire Claw|p1a: Annihilape
|-resisted|p1a: Annihilape|1
|-damage|p1a: Annihilape|88/100
|move|p1a: Annihilape|Rage Fist|p2b: Sinistcha
|-supereffective|p2b: Sinistcha|1
|-damage|p2b: Sinistcha|0 fnt
|faint|p2b: Sinistcha
|
|-weather|Sandstorm|[upkeep]
|-damage|p2a: Sneasler|88/100|[from] Sandstorm
|-damage|p1a: Annihilape|82/100|[from] Sandstorm
|upkeep
|inactive|MangoldVGC has 30 seconds left.
|
|t:|1783207037
|switch|p2b: Rotom|Rotom-Wash, L50|100/100
|turn|3
|inactive|megaurshifuplease has 30 seconds left.
|
|t:|1783207070
|detailschange|p1b: Mawile|Mawile-Mega, L50, M
|-mega|p1b: Mawile|Mawile|Mawilite
|move|p2a: Sneasler|Close Combat|p1b: Mawile
|-damage|p1b: Mawile|68/100
|-unboost|p2a: Sneasler|def|1
|-unboost|p2a: Sneasler|spd|1
|move|p2b: Rotom|Will-O-Wisp|p1a: Annihilape
|-status|p1a: Annihilape|brn
|move|p1a: Annihilape|Rage Fist|p2b: Rotom
|-damage|p2b: Rotom|64/100
|move|p1b: Mawile|Play Rough|p2a: Sneasler|[miss]
|-miss|p1b: Mawile|p2a: Sneasler
|
|-weather|Sandstorm|[upkeep]
|-damage|p2a: Sneasler|82/100|[from] Sandstorm
|-damage|p2b: Rotom|59/100|[from] Sandstorm
|-damage|p1a: Annihilape|76/100 brn|[from] Sandstorm
|-heal|p2b: Rotom|64/100|[from] item: Leftovers
|-damage|p1a: Annihilape|70/100 brn|[from] brn
|upkeep
|turn|4
|inactive|megaurshifuplease has 30 seconds left.
|inactive|MangoldVGC has 30 seconds left.
|inactive|MangoldVGC has 20 seconds left.
|inactive|megaurshifuplease has 20 seconds left.
|inactive|MangoldVGC has 15 seconds left.
|inactive|megaurshifuplease has 15 seconds left.
|
|t:|1783207115
|switch|p1b: Grimmsnarl|Grimmsnarl, L50, M|24/100 par
|move|p2a: Sneasler|Close Combat|p1b: Grimmsnarl
|-damage|p1b: Grimmsnarl|0 fnt
|-unboost|p2a: Sneasler|def|1
|-unboost|p2a: Sneasler|spd|1
|faint|p1b: Grimmsnarl
|move|p2b: Rotom|Will-O-Wisp|p1a: Annihilape
|-fail|p1a: Annihilape|brn
|move|p1a: Annihilape|Bulk Up|p1a: Annihilape
|-boost|p1a: Annihilape|atk|1
|-boost|p1a: Annihilape|def|1
|
|-weather|Sandstorm|[upkeep]
|-damage|p2a: Sneasler|76/100|[from] Sandstorm
|-damage|p2b: Rotom|59/100|[from] Sandstorm
|-damage|p1a: Annihilape|64/100 brn|[from] Sandstorm
|-heal|p2b: Rotom|64/100|[from] item: Leftovers
|-damage|p1a: Annihilape|58/100 brn|[from] brn
|upkeep
|
|t:|1783207132
|switch|p1b: Sinistcha|Sinistcha-Masterpiece, L50|100/100
|-heal|p1a: Annihilape|83/100 brn|[from] ability: Hospitality|[of] p1b: Sinistcha
|turn|5
|inactive|MangoldVGC has 30 seconds left.
|
|t:|1783207166
|move|p2a: Sneasler|Dire Claw|p1b: Sinistcha
|-damage|p1b: Sinistcha|84/100
|move|p2b: Rotom|Hydro Pump|p1a: Annihilape
|-damage|p1a: Annihilape|49/100 brn
|-enditem|p1a: Annihilape|Sitrus Berry|[eat]
|-heal|p1a: Annihilape|74/100 brn|[from] item: Sitrus Berry
|move|p1a: Annihilape|Rage Fist|p2b: Rotom
|-damage|p2b: Rotom|0 fnt
|faint|p2b: Rotom
|move|p1b: Sinistcha|Matcha Gotcha|p2a: Sneasler
|-resisted|p2a: Sneasler|1
|-damage|p2a: Sneasler|40/100
|-heal|p1b: Sinistcha|100/100|[from] drain|[of] p2a: Sneasler
|
|-weather|none
|-damage|p1a: Annihilape|68/100 brn|[from] brn
|upkeep
|
|t:|1783207184
|switch|p2b: Tyranitar|Tyranitar, L50, M|100/100
|-weather|Sandstorm|[from] ability: Sand Stream|[of] p2b: Tyranitar
|turn|6
|
|t:|1783207208
|detailschange|p2b: Tyranitar|Tyranitar-Mega, L50, M
|-mega|p2b: Tyranitar|Tyranitar|Tyranitarite
|move|p1b: Sinistcha|Rage Powder|p1b: Sinistcha
|-singleturn|p1b: Sinistcha|move: Rage Powder
|move|p2a: Sneasler|Dire Claw|p1b: Sinistcha
|-damage|p1b: Sinistcha|82/100
|-status|p1b: Sinistcha|psn
|move|p1a: Annihilape|Drain Punch|p2b: Tyranitar
|-supereffective|p2b: Tyranitar|2
|-damage|p2b: Tyranitar|17/100
|-heal|p1a: Annihilape|100/100 brn|[from] drain|[of] p2b: Tyranitar
|move|p2b: Tyranitar|Knock Off|p1b: Sinistcha
|-supereffective|p1b: Sinistcha|1
|-damage|p1b: Sinistcha|24/100 psn
|-enditem|p1b: Sinistcha|Kasib Berry|[from] move: Knock Off|[of] p2b: Tyranitar
|
|-weather|Sandstorm|[upkeep]
|-damage|p2a: Sneasler|34/100|[from] Sandstorm
|-damage|p1a: Annihilape|94/100 brn|[from] Sandstorm
|-damage|p1b: Sinistcha|17/100 psn|[from] Sandstorm
|-damage|p1b: Sinistcha|5/100 psn|[from] psn
|-damage|p1a: Annihilape|88/100 brn|[from] brn
|upkeep
|turn|7
|inactive|megaurshifuplease has 30 seconds left.
|
|t:|1783207234
|move|p2a: Sneasler|Protect|p2a: Sneasler
|-singleturn|p2a: Sneasler|Protect
|move|p2b: Tyranitar|Protect|p2b: Tyranitar
|-singleturn|p2b: Tyranitar|Protect
|move|p1b: Sinistcha|Rage Powder|p1b: Sinistcha
|-singleturn|p1b: Sinistcha|move: Rage Powder
|move|p1a: Annihilape|Drain Punch|p2b: Tyranitar
|-activate|p2b: Tyranitar|move: Protect
|
|-weather|Sandstorm|[upkeep]
|-damage|p2a: Sneasler|28/100|[from] Sandstorm
|-damage|p1a: Annihilape|82/100 brn|[from] Sandstorm
|-damage|p1b: Sinistcha|0 fnt|[from] Sandstorm
|faint|p1b: Sinistcha
|-damage|p1a: Annihilape|76/100 brn|[from] brn
|upkeep
|
|t:|1783207238
|switch|p1b: Mawile|Mawile-Mega, L50, M|68/100
|turn|8
|inactive|MangoldVGC has 30 seconds left.
|inactive|MangoldVGC has 20 seconds left.
|
|t:|1783207278
|move|p1b: Mawile|Sucker Punch|p2a: Sneasler
|-resisted|p2a: Sneasler|1
|-damage|p2a: Sneasler|0 fnt
|faint|p2a: Sneasler
|move|p1a: Annihilape|Drain Punch|p2b: Tyranitar
|-supereffective|p2b: Tyranitar|2
|-damage|p2b: Tyranitar|0 fnt
|-heal|p1a: Annihilape|84/100 brn|[from] drain|[of] p2b: Tyranitar
|faint|p2b: Tyranitar
|
|win|megaurshifuplease
|inactive|megaurshifuplease has 30 seconds to confirm battle start!
|inactive|MangoldVGC has 30 seconds to confirm battle start!
||megaurshifuplease is ready for game 2.
|raw|megaurshifuplease's rating: 1173 → 1193(+20 for winning)
|raw|MangoldVGC's rating: 1100 → 1080(-20 for losing)
|l|☆MangoldVGC
|player|p2|
