|j|☆Hackervgc
|j|☆huezinhu
|html|Hackervgchuezinhu    
|uhtml|bestof|Game 1 of a best-of-3
|t:|1757001849
|gametype|doubles
|player|p1|Hackervgc|gentleman-gen4|
|player|p2|huezinhu|266|
|gen|9
|tier|[Gen 9] VGC 2025 Reg H (Bo3)
|rule|Species Clause: Limit one of each Pokémon
|rule|Item Clause: Limit 1 of each item
|clearpoke
|poke|p1|Kingambit, L50, F|
|poke|p1|Magmar, L50, M|
|poke|p1|Dragonite, L50, F|
|poke|p1|Sneasler, L50, M|
|poke|p1|Ursaluna-Bloodmoon, L50, M|
|poke|p1|Farigiraf, L50, F|
|poke|p2|Indeedee-F, L50, F|
|poke|p2|Gallade, L50, M|
|poke|p2|Hatterene, L50, F|
|poke|p2|Ursaluna, L50, M|
|poke|p2|Torkoal, L50, F|
|poke|p2|Lilligant-Hisui, L50, F|
|teampreview|4
|showteam|p1|Kingambit||AssaultVest|Defiant|KowtowCleave,SuckerPunch,LowKick,TeraBlast|||F|||50|,,,,,Flying]Magmar||Eviolite|VitalSpirit|FollowMe,Protect,Flamethrower,WillOWisp|||M|||50|,,,,,Dragon]Dragonite||LoadedDice|Multiscale|ScaleShot,Protect,Tailwind,Haze|||F|||50|,,,,,Fairy]Sneasler||FocusSash|Unburden|ThroatChop,DireClaw,CloseCombat,Protect|||M|||50|,,,,,Stellar]Ursaluna-Bloodmoon||LifeOrb|MindsEye|BloodMoon,Protect,EarthPower,HyperVoice|||M|||50|,,,,,Normal]Farigiraf||SitrusBerry|ArmorTail|TrickRoom,HelpingHand,Psychic,Protect|||F|||50|,,,,,Water
|showteam|p2|Indeedee-F||PsychicSeed|PsychicSurge|Psychic,FollowMe,HelpingHand,TrickRoom|||F|||50|,,,,,Water]Gallade||ClearAmulet|Sharpness|PsychoCut,SacredSword,TrickRoom,WideGuard|||M|||50|,,,,,Grass]Hatterene||LifeOrb|MagicBounce|ExpandingForce,DazzlingGleam,TrickRoom,Protect|||F|||50|,,,,,Psychic]Ursaluna||FlameOrb|Guts|Facade,HeadlongRush,SwordsDance,Protect|||M|||50|,,,,,Ghost]Torkoal||ChoiceSpecs|Drought|Eruption,HeatWave,WeatherBall,EarthPower|||F|||50|,,,,,Fire]Lilligant-Hisui||FocusSash|Chlorophyll|SleepPowder,CloseCombat,SolarBlade,AfterYou|||F|||50|,,,,,Ghost
|inactive|Battle timer is ON: inactive players will automatically lose when time's up. (requested by huezinhu)
|inactive|Hackervgc has 60 seconds left.
|
|t:|1757001882
|teamsize|p1|4
|teamsize|p2|4
|start
|switch|p1a: Ursaluna|Ursaluna-Bloodmoon, L50, M|100/100
|switch|p1b: Magmar|Magmar, L50, M|100/100
|switch|p2a: Indeedee|Indeedee-F, L50, F|100/100
|switch|p2b: Hatterene|Hatterene, L50, F|100/100
|-fieldstart|move: Psychic Terrain|[from] ability: Psychic Surge|[of] p2a: Indeedee
|-enditem|p2a: Indeedee|Psychic Seed
|-boost|p2a: Indeedee|spd|1|[from] item: Psychic Seed
|turn|1
|
|t:|1757001899
|-terastallize|p1a: Ursaluna|Normal
|move|p2b: Hatterene|Protect|p2b: Hatterene
|-singleturn|p2b: Hatterene|Protect
|move|p1b: Magmar|Flamethrower|p2a: Indeedee
|-damage|p2a: Indeedee|80/100
|-status|p2a: Indeedee|brn
|move|p1a: Ursaluna|Blood Moon|p2a: Indeedee
|-crit|p2a: Indeedee
|-damage|p2a: Indeedee|0 fnt
|faint|p2a: Indeedee
|-damage|p1a: Ursaluna|90/100|[from] item: Life Orb
|
|upkeep
|
|t:|1757001921
|switch|p2a: Torkoal|Torkoal, L50, F|100/100
|-weather|SunnyDay|[from] ability: Drought|[of] p2a: Torkoal
|turn|2
|
|t:|1757001944
|move|p1b: Magmar|Flamethrower|p2b: Hatterene
|-damage|p2b: Hatterene|50/100
|move|p1a: Ursaluna|Hyper Voice|p2b: Hatterene|[spread] p2a,p2b
|-damage|p2a: Torkoal|5/100
|-damage|p2b: Hatterene|0 fnt
|faint|p2b: Hatterene
|-damage|p1a: Ursaluna|80/100|[from] item: Life Orb
|move|p2a: Torkoal|Weather Ball|p1a: Ursaluna
|-damage|p1a: Ursaluna|0 fnt
|faint|p1a: Ursaluna
|
|-weather|SunnyDay|[upkeep]
|upkeep
|
|t:|1757001956
|switch|p1a: Dragonita|Dragonite, L50, F|100/100
|switch|p2b: Ursaluna|Ursaluna, L50, M|100/100
|turn|3
|inactive|huezinhu has 30 seconds left.
|
|t:|1757001991
|move|p1a: Dragonita|Scale Shot|p2b: Ursaluna
|-damage|p2b: Ursaluna|92/100
|-damage|p2b: Ursaluna|82/100
|-damage|p2b: Ursaluna|74/100
|-damage|p2b: Ursaluna|64/100
|-damage|p2b: Ursaluna|55/100
|-hitcount|p2b: Ursaluna|5
|-unboost|p1a: Dragonita|def|1
|-boost|p1a: Dragonita|spe|1
|move|p1b: Magmar|Flamethrower|p2a: Torkoal
|-resisted|p2a: Torkoal
|-damage|p2a: Torkoal|0 fnt
|faint|p2a: Torkoal
|move|p2b: Ursaluna|Swords Dance|p2b: Ursaluna
|-boost|p2b: Ursaluna|atk|2
|
|-weather|SunnyDay|[upkeep]
|-status|p2b: Ursaluna|brn|[from] item: Flame Orb
|upkeep
|turn|4
|
|t:|1757002013
|move|p1a: Dragonita|Protect|p1a: Dragonita
|-singleturn|p1a: Dragonita|Protect
|move|p1b: Magmar|Flamethrower|p2b: Ursaluna
|-damage|p2b: Ursaluna|16/100 brn
|move|p2b: Ursaluna|Facade|p1a: Dragonita
|-activate|p1a: Dragonita|move: Protect
|
|-weather|SunnyDay|[upkeep]
|-damage|p2b: Ursaluna|10/100 brn|[from] brn
|upkeep
|turn|5
|inactive|huezinhu has 30 seconds left.
|inactive|huezinhu has 20 seconds left.
|inactive|huezinhu has 15 seconds left.
|
|t:|1757002053
|move|p1a: Dragonita|Scale Shot|p2b: Ursaluna|[miss]
|-miss|p1a: Dragonita|p2b: Ursaluna
|move|p1b: Magmar|Flamethrower|p2b: Ursaluna
|-damage|p2b: Ursaluna|0 fnt
|faint|p2b: Ursaluna
|
|win|Hackervgc
||huezinhu is ready for game 2.
||Hackervgc is ready for game 2.
|uhtml|next|Next: Game 2 of 3
