|j|☆Qicide
|j|☆MrTedno
|html|QicideMrTedno    
|uhtml|bestof|Game 3 of a best-of-3
|t:|1757093665
|gametype|doubles
|player|p1|Qicide|red|1280
|player|p2|MrTedno|170|1241
|gen|9
|tier|[Gen 9] VGC 2025 Reg H (Bo3)
|rated|
|rule|Species Clause: Limit one of each Pokémon
|rule|Item Clause: Limit 1 of each item
|clearpoke
|poke|p1|Porygon2, L50|
|poke|p1|Incineroar, L50, M|
|poke|p1|Ursaluna, L50, M|
|poke|p1|Jumpluff, L50, M|
|poke|p1|Charizard, L50, F|
|poke|p1|Torkoal, L50, M|
|poke|p2|Ninetales-Alola, L50, M|
|poke|p2|Garchomp, L50, M|
|poke|p2|Flamigo, L50, M|
|poke|p2|Incineroar, L50, F|
|poke|p2|Gholdengo, L50|
|poke|p2|Amoonguss, L50, F|
|teampreview|4
|showteam|p1|Porygon2||Eviolite|Download|TeraBlast,IceBeam,TrickRoom,Recover||||||50|,,,,,Fighting]Incineroar||SitrusBerry|Intimidate|FakeOut,KnockOff,FlareBlitz,PartingShot|||M|||50|,,,,,Ghost]Ursaluna||FlameOrb|Guts|HeadlongRush,Facade,Earthquake,Protect|||M|||50|,,,,,Ghost]Jumpluff||CovertCloak|Chlorophyll|RagePowder,SunnyDay,Tailwind,SleepPowder|||M|||50|,,,,,Water]Charizard||ChoiceSpecs|SolarPower|HeatWave,Overheat,WeatherBall,SolarBeam|||F|||50|,,,,,Ghost]Torkoal||EjectPack|Drought|Overheat,Eruption,HelpingHand,Protect|||M|||50|,,,,,Fire
|showteam|p2|Ninetales-Alola||LightClay|SnowWarning|Protect,Blizzard,FreezeDry,AuroraVeil|||M|||50|,,,,,Water]Garchomp||ClearAmulet|RoughSkin|Earthquake,DragonClaw,StompingTantrum,Protect|||M|||50|,,,,,Fire]Flamigo||CovertCloak|Scrappy|BraveBird,CloseCombat,Tailwind,Detect|||M|||50|,,,,,Stellar]Incineroar||SafetyGoggles|Intimidate|FakeOut,PartingShot,FlareBlitz,KnockOff|||F|||50|,,,,,Ghost]Gholdengo||LifeOrb|GoodasGold|ShadowBall,MakeItRain,NastyPlot,Protect||||||50|,,,,,Flying]Amoonguss||SitrusBerry|Regenerator|Spore,RagePowder,PollenPuff,ClearSmog|||F|||50|,,,,,Water
|inactive|Battle timer is ON: inactive players will automatically lose when time's up. (requested by Qicide)
|inactive|MrTedno has 60 seconds left.
|
|t:|1757093722
|teamsize|p1|4
|teamsize|p2|4
|start
|switch|p1a: Jumpluff|Jumpluff, L50, M|100/100
|switch|p1b: Torkoal|Torkoal, L50, M|100/100
|switch|p2a: Julien|Incineroar, L50, F|100/100
|switch|p2b: Gloria|Ninetales-Alola, L50, M|100/100
|-weather|Snowscape|[from] ability: Snow Warning|[of] p2b: Gloria
|-ability|p2a: Julien|Intimidate|boost
|-unboost|p1a: Jumpluff|atk|1
|-unboost|p1b: Torkoal|atk|1
|-weather|SunnyDay|[from] ability: Drought|[of] p1b: Torkoal
|-enditem|p1b: Torkoal|Eject Pack
|
|t:|1757093728
|switch|p1b: Charizard|Charizard, L50, F, shiny|100/100
|turn|1
|inactive|Qicide has 30 seconds left.
|inactive|MrTedno has 30 seconds left.
|
|t:|1757093759
|-terastallize|p2b: Gloria|Water
|move|p1a: Jumpluff|Tailwind|p1a: Jumpluff
|-sidestart|p1: Qicide|move: Tailwind
|move|p1b: Charizard|Heat Wave|p2b: Gloria|[spread] p2a,p2b
|-resisted|p2a: Julien
|-resisted|p2b: Gloria
|-damage|p2a: Julien|59/100
|-damage|p2b: Gloria|47/100
|move|p2b: Gloria|Freeze-Dry|p1a: Jumpluff
|-supereffective|p1a: Jumpluff
|-damage|p1a: Jumpluff|13/100
|move|p2a: Julien|Flare Blitz|p1a: Jumpluff
|-supereffective|p1a: Jumpluff
|-damage|p1a: Jumpluff|0 fnt
|faint|p1a: Jumpluff
|-damage|p2a: Julien|56/100|[from] Recoil
|
|-weather|SunnyDay|[upkeep]
|-damage|p1b: Charizard|88/100|[from] ability: Solar Power|[of] p1b: Charizard
|upkeep
|
|t:|1757093774
|switch|p1a: Torkoal|Torkoal, L50, M|100/100
|turn|2
|inactive|MrTedno has 30 seconds left.
|inactive|MrTedno has 20 seconds left.
|inactive|MrTedno has 15 seconds left.
|inactive|MrTedno has 10 seconds left.
|
|t:|1757093822
|move|p1a: Torkoal|Helping Hand|p1b: Charizard
|-singleturn|p1b: Charizard|Helping Hand|[of] p1a: Torkoal
|move|p2b: Gloria|Protect|p2b: Gloria
|-singleturn|p2b: Gloria|Protect
|move|p1b: Charizard|Heat Wave|p2a: Julien|[spread] p2a
|-activate|p2b: Gloria|move: Protect
|-resisted|p2a: Julien
|-crit|p2a: Julien
|-damage|p2a: Julien|0 fnt
|faint|p2a: Julien
|
|-weather|SunnyDay|[upkeep]
|-damage|p1b: Charizard|76/100|[from] ability: Solar Power|[of] p1b: Charizard
|upkeep
|
|t:|1757093829
|switch|p2a: Alex|Garchomp, L50, M|100/100
|turn|3
|
|t:|1757093847
|move|p1b: Charizard|Heat Wave|p2b: Gloria|[spread] p2b
|-miss|p1b: Charizard|p2a: Alex
|-resisted|p2b: Gloria
|-crit|p2b: Gloria
|-damage|p2b: Gloria|0 fnt
|faint|p2b: Gloria
|move|p2a: Alex|Earthquake|p1b: Charizard|[spread] p1a
|-immune|p1b: Charizard
|-supereffective|p1a: Torkoal
|-damage|p1a: Torkoal|45/100
|move|p1a: Torkoal|Overheat|p2a: Alex
|-resisted|p2a: Alex
|-damage|p2a: Alex|52/100
|-unboost|p1a: Torkoal|spa|2
|
|-weather|SunnyDay|[upkeep]
|-damage|p1b: Charizard|63/100|[from] ability: Solar Power|[of] p1b: Charizard
|upkeep
|
|t:|1757093851
|switch|p2b: Flamigo|Flamigo, L50, M|100/100
|turn|4
|inactive|MrTedno has 30 seconds left.
|inactive|MrTedno has 20 seconds left.
|inactive|MrTedno has 15 seconds left.
|inactive|MrTedno has 10 seconds left.
|
|t:|1757093915
|move|p1a: Torkoal|Helping Hand|p1b: Charizard
|-singleturn|p1b: Charizard|Helping Hand|[of] p1a: Torkoal
|move|p2a: Alex|Protect|p2a: Alex
|-singleturn|p2a: Alex|Protect
|move|p1b: Charizard|Heat Wave|p2a: Alex|[spread] p2b
|-activate|p2a: Alex|move: Protect
|-damage|p2b: Flamigo|0 fnt
|faint|p2b: Flamigo
|
|-weather|SunnyDay|[upkeep]
|-damage|p1b: Charizard|51/100|[from] ability: Solar Power|[of] p1b: Charizard
|-sideend|p1: Qicide|move: Tailwind
|upkeep
|turn|5
|
|t:|1757093925
|move|p1a: Torkoal|Helping Hand|p1b: Charizard
|-singleturn|p1b: Charizard|Helping Hand|[of] p1a: Torkoal
|move|p2a: Alex|Dragon Claw|p1b: Charizard
|-damage|p1b: Charizard|0 fnt
|faint|p1b: Charizard
|
|-weather|none
|upkeep
|
|t:|1757093931
|switch|p1b: Ursaluna|Ursaluna, L50, M|100/100
|turn|6
|
|t:|1757093940
|move|p1b: Ursaluna|Protect|p1b: Ursaluna
|-singleturn|p1b: Ursaluna|Protect
|move|p1a: Torkoal|Protect|p1a: Torkoal
|-singleturn|p1a: Torkoal|Protect
|move|p2a: Alex|Earthquake|p1a: Torkoal|[spread] 
|-activate|p1a: Torkoal|move: Protect
|-activate|p1b: Ursaluna|move: Protect
|
|-status|p1b: Ursaluna|brn|[from] item: Flame Orb
|upkeep
|turn|7
|
|t:|1757093949
|move|p1a: Torkoal|Helping Hand|p1b: Ursaluna
|-singleturn|p1b: Ursaluna|Helping Hand|[of] p1a: Torkoal
|move|p2a: Alex|Protect|p2a: Alex
|-singleturn|p2a: Alex|Protect
|move|p1b: Ursaluna|Facade|p2a: Alex
|-activate|p2a: Alex|move: Protect
|
|-damage|p1b: Ursaluna|95/100 brn|[from] brn
|upkeep
|turn|8
|
|t:|1757093957
|move|p1a: Torkoal|Helping Hand|p1b: Ursaluna
|-singleturn|p1b: Ursaluna|Helping Hand|[of] p1a: Torkoal
|move|p2a: Alex|Earthquake|p1b: Ursaluna|[spread] p1a,p1b
|-supereffective|p1a: Torkoal
|-damage|p1a: Torkoal|0 fnt
|-damage|p1b: Ursaluna|62/100 brn
|faint|p1a: Torkoal
|move|p1b: Ursaluna|Facade|p2a: Alex
|-damage|p2a: Alex|0 fnt
|-damage|p1b: Ursaluna|50/100 brn|[from] ability: Rough Skin|[of] p2a: Alex
|faint|p2a: Alex
|
|win|Qicide
|raw|Qicide's rating: 1280 → 1302(+22 for winning)
|raw|MrTedno's rating: 1241 → 1219(-22 for losing)
|c|☆MrTedno|ggwp
|c|☆Qicide|gg
|l|☆MrTedno
|player|p2|
