|j|☆psyducktile
|j|☆KingBhad
|html|psyducktileKingBhad    
|uhtml|bestof|Game 1 of a best-of-3
|t:|1757914180
|gametype|doubles
|player|p1|psyducktile|emmet|1069
|player|p2|KingBhad|pokemaniac|1025
|gen|9
|tier|[Gen 9] VGC 2025 Reg H (Bo3)
|rated|
|rule|Species Clause: Limit one of each Pokémon
|rule|Item Clause: Limit 1 of each item
|clearpoke
|poke|p1|Rillaboom, L50, M|
|poke|p1|Volcarona, L50, M|
|poke|p1|Basculegion, L50, M|
|poke|p1|Incineroar, L50, M|
|poke|p1|Ninetales-Alola, L50, F|
|poke|p1|Ursaluna-Bloodmoon, L50, M|
|poke|p2|Tyranitar, L50, F|
|poke|p2|Excadrill, L50, F|
|poke|p2|Rotom-Heat, L50|
|poke|p2|Corviknight, L50, F|
|poke|p2|Amoonguss, L50, M|
|poke|p2|Gastrodon, L50, M|
|teampreview|4
|showteam|p1|Rillaboom||AssaultVest|GrassySurge|WoodHammer,GrassyGlide,FakeOut,HighHorsepower|||M|||50|,,,,,Fire]Volcarona||GrassySeed|FlameBody|HeatWave,TeraBlast,QuiverDance,Protect|||M|||50|,,,,,Fairy]Basculegion||ChoiceScarf|Adaptability|WaveCrash,LastRespects,FlipTurn,AquaJet|||M|||50|,,,,,Water]Incineroar||SafetyGoggles|Intimidate|FlareBlitz,KnockOff,FakeOut,PartingShot|||M|||50|,,,,,Ghost]Ninetales-Alola||FocusSash|SnowWarning|Blizzard,FreezeDry,AuroraVeil,Protect|||F|||50|,,,,,Ice]Ursaluna-Bloodmoon||Leftovers|MindsEye|BloodMoon,EarthPower,Yawn,Protect|||M|||50|,,,,,Water
|showteam|p2|Tyranitar||AssaultVest|SandStream|RockSlide,KnockOff,BrickBreak,TeraBlast|||F|||50|,,,,,Flying]Excadrill||FocusSash|SandRush|Earthquake,IronHead,SwordsDance,Protect|||F|||50|,,,,,Ground]Rotom-Heat||ChoiceSpecs|Levitate|Overheat,VoltSwitch,Discharge,Trick||||||50|,,,,,Electric]Corviknight||Leftovers|MirrorArmor|BraveBird,Tailwind,BulkUp,Roost|||F|||50|,,,,,Dragon]Amoonguss||RockyHelmet|Regenerator|Spore,RagePowder,SludgeBomb,Protect|||M|||50|,,,,,Water]Gastrodon||SitrusBerry|StormDrain|IcyWind,ClearSmog,Yawn,Recover|||M|||50|,,,,,Fire
|inactive|Battle timer is ON: inactive players will automatically lose when time's up. (requested by KingBhad)
|inactive|KingBhad has 60 seconds left.
|inactive|KingBhad has 30 seconds left.
|inactive|KingBhad has 20 seconds left.
|
|t:|1757914252
|teamsize|p1|4
|teamsize|p2|4
|start
|switch|p1a: Volcarona|Volcarona, L50, M|100/100
|switch|p1b: Basculegion|Basculegion, L50, M|100/100
|switch|p2a: Tyranitar|Tyranitar, L50, F|100/100
|switch|p2b: Corviknight|Corviknight, L50, F|100/100
|-weather|Sandstorm|[from] ability: Sand Stream|[of] p2a: Tyranitar
|turn|1
|inactive|psyducktile has 30 seconds left.
|inactive|KingBhad has 30 seconds left.
|inactive|KingBhad has 20 seconds left.
|inactive|KingBhad has 15 seconds left.
|inactive|KingBhad has 10 seconds left.
|
|t:|1757914300
|-terastallize|p1a: Volcarona|Fairy
|-terastallize|p2b: Corviknight|Dragon
|move|p1b: Basculegion|Flip Turn|p2a: Tyranitar
|-supereffective|p2a: Tyranitar
|-damage|p2a: Tyranitar|39/100
|
|t:|1757914306
|switch|p1b: Rillaboom|Rillaboom, L50, M|100/100|[from] Flip Turn
|-fieldstart|move: Grassy Terrain|[from] ability: Grassy Surge|[of] p1b: Rillaboom
|-enditem|p1a: Volcarona|Grassy Seed
|-boost|p1a: Volcarona|def|1|[from] item: Grassy Seed
|move|p1a: Volcarona|Quiver Dance|p1a: Volcarona
|-boost|p1a: Volcarona|spa|1
|-boost|p1a: Volcarona|spd|1
|-boost|p1a: Volcarona|spe|1
|move|p2b: Corviknight|Tailwind|p2b: Corviknight
|-sidestart|p2: KingBhad|move: Tailwind
|move|p2a: Tyranitar|Knock Off|p1b: Rillaboom
|-damage|p1b: Rillaboom|42/100
|-enditem|p1b: Rillaboom|Assault Vest|[from] move: Knock Off|[of] p2a: Tyranitar
|
|-weather|Sandstorm|[upkeep]
|-damage|p1a: Volcarona|94/100|[from] Sandstorm
|-damage|p2b: Corviknight|95/100|[from] Sandstorm
|-damage|p1b: Rillaboom|36/100|[from] Sandstorm
|-heal|p1a: Volcarona|100/100|[from] Grassy Terrain
|-heal|p2b: Corviknight|100/100|[from] Grassy Terrain
|-heal|p2a: Tyranitar|44/100|[from] Grassy Terrain
|-heal|p1b: Rillaboom|42/100|[from] Grassy Terrain
|upkeep
|turn|2
|inactive|KingBhad has 30 seconds left.
|inactive|KingBhad has 20 seconds left.
|inactive|KingBhad has 15 seconds left.
|inactive|KingBhad has 10 seconds left.
|inactive|KingBhad has 5 seconds left.
|
|t:|1757914358
|switch|p2a: Rotom|Rotom-Heat, L50|100/100
|move|p1b: Rillaboom|Fake Out|p2b: Corviknight
|-damage|p2b: Corviknight|88/100
|move|p1a: Volcarona|Quiver Dance|p1a: Volcarona
|-boost|p1a: Volcarona|spa|1
|-boost|p1a: Volcarona|spd|1
|-boost|p1a: Volcarona|spe|1
|cant|p2b: Corviknight|flinch
|
|-weather|Sandstorm|[upkeep]
|-damage|p2a: Rotom|95/100|[from] Sandstorm
|-damage|p1a: Volcarona|94/100|[from] Sandstorm
|-damage|p2b: Corviknight|82/100|[from] Sandstorm
|-damage|p1b: Rillaboom|36/100|[from] Sandstorm
|-heal|p1a: Volcarona|100/100|[from] Grassy Terrain
|-heal|p2b: Corviknight|88/100|[from] Grassy Terrain
|-heal|p2b: Corviknight|94/100|[from] item: Leftovers
|-heal|p1b: Rillaboom|42/100|[from] Grassy Terrain
|upkeep
|turn|3
|inactive|KingBhad has 30 seconds left.
|inactive|KingBhad has 20 seconds left.
|inactive|KingBhad has 15 seconds left.
|
|t:|1757914398
|switch|p1b: Basculegion|Basculegion, L50, M|100/100
|move|p2a: Rotom|Volt Switch|p1a: Volcarona
|-damage|p1a: Volcarona|78/100
|
|t:|1757914422
|switch|p2a: Excadrill|Excadrill, L50, F|100/100|[from] Volt Switch
|move|p1a: Volcarona|Tera Blast|p2b: Corviknight|[anim] Tera Blast Fairy
|-supereffective|p2b: Corviknight
|-damage|p2b: Corviknight|0 fnt
|faint|p2b: Corviknight
|
|-weather|Sandstorm|[upkeep]
|-damage|p1a: Volcarona|72/100|[from] Sandstorm
|-damage|p1b: Basculegion|94/100|[from] Sandstorm
|-heal|p1a: Volcarona|78/100|[from] Grassy Terrain
|-heal|p1b: Basculegion|100/100|[from] Grassy Terrain
|upkeep
|
|t:|1757914433
|switch|p2b: Rotom|Rotom-Heat, L50|95/100
|turn|4
|
|t:|1757914456
|switch|p1b: Rillaboom|Rillaboom, L50, M|42/100
|move|p1a: Volcarona|Protect|p1a: Volcarona
|-singleturn|p1a: Volcarona|Protect
|move|p2a: Excadrill|Earthquake|p1a: Volcarona|[spread] p1b
|-activate|p1a: Volcarona|move: Protect
|-immune|p2b: Rotom|[from] ability: Levitate
|-resisted|p1b: Rillaboom
|-damage|p1b: Rillaboom|32/100
|move|p2b: Rotom|Discharge|p1b: Rillaboom|[spread] p1b
|-activate|p1a: Volcarona|move: Protect
|-immune|p2a: Excadrill
|-resisted|p1b: Rillaboom
|-crit|p1b: Rillaboom
|-damage|p1b: Rillaboom|0 fnt
|faint|p1b: Rillaboom
|
|-weather|Sandstorm|[upkeep]
|-damage|p2b: Rotom|89/100|[from] Sandstorm
|-damage|p1a: Volcarona|72/100|[from] Sandstorm
|-heal|p1a: Volcarona|78/100|[from] Grassy Terrain
|-sideend|p2: KingBhad|move: Tailwind
|upkeep
|
|t:|1757914465
|switch|p1b: Ninetales|Ninetales-Alola, L50, F|100/100
|-weather|Snowscape|[from] ability: Snow Warning|[of] p1b: Ninetales
|turn|5
|inactive|KingBhad has 30 seconds left.
|
|t:|1757914491
|switch|p2b: Tyranitar|Tyranitar, L50, F|44/100
|-weather|Sandstorm|[from] ability: Sand Stream|[of] p2b: Tyranitar
|move|p2a: Excadrill|Iron Head|p1a: Volcarona
|-supereffective|p1a: Volcarona
|-damage|p1a: Volcarona|12/100
|move|p1a: Volcarona|Heat Wave|p2a: Excadrill|[spread] p2a,p2b
|-supereffective|p2a: Excadrill
|-resisted|p2b: Tyranitar
|-enditem|p2a: Excadrill|Focus Sash
|-damage|p2a: Excadrill|1/100
|-damage|p2b: Tyranitar|31/100
|move|p1b: Ninetales|Freeze-Dry|p2a: Excadrill
|-damage|p2a: Excadrill|0 fnt
|faint|p2a: Excadrill
|
|-weather|Sandstorm|[upkeep]
|-damage|p1a: Volcarona|6/100|[from] Sandstorm
|-damage|p1b: Ninetales|94/100|[from] Sandstorm
|-heal|p1a: Volcarona|12/100|[from] Grassy Terrain
|-heal|p1b: Ninetales|100/100|[from] Grassy Terrain
|-heal|p2b: Tyranitar|37/100|[from] Grassy Terrain
|-fieldend|move: Grassy Terrain
|upkeep
|
|t:|1757914509
|switch|p2a: Rotom|Rotom-Heat, L50|89/100
|turn|6
|
|t:|1757914531
|move|p1a: Volcarona|Tera Blast|p2b: Tyranitar|[anim] Tera Blast Fairy
|-supereffective|p2b: Tyranitar
|-damage|p2b: Tyranitar|0 fnt
|faint|p2b: Tyranitar
|move|p1b: Ninetales|Freeze-Dry|p2a: Rotom
|-resisted|p2a: Rotom
|-damage|p2a: Rotom|71/100
|-status|p2a: Rotom|frz
|cant|p2a: Rotom|frz
|
|-weather|Sandstorm|[upkeep]
|-damage|p1a: Volcarona|6/100|[from] Sandstorm
|-damage|p1b: Ninetales|94/100|[from] Sandstorm
|-damage|p2a: Rotom|65/100 frz|[from] Sandstorm
|upkeep
|turn|7
|-message|KingBhad forfeited.
|
|win|psyducktile
|l|☆KingBhad
|player|p2|
||psyducktile is ready for game 2.
||KingBhad is ready for game 2.
|uhtml|next|Next: Game 2 of 3
