|j|☆T1guel
|j|☆jANMxRin
|html|T1gueljANMxRin    
|uhtml|bestof|Game 2 of a best-of-3
|t:|1783721741
|gametype|doubles
|player|p1|T1guel|hilbert|1189
|player|p2|jANMxRin|1|1244
|gen|9
|tier|[Gen 9 Champions] VGC 2026 Reg M-B (Bo3)
|rated|
|rule|Species Clause: Limit one of each Pokémon
|rule|Item Clause: Limit 1 of each item
|clearpoke
|poke|p1|Aggron, L50, F|
|poke|p1|Farigiraf, L50, M|
|poke|p1|Sinistcha, L50|
|poke|p1|Tyranitar, L50, F|
|poke|p1|Incineroar, L50, M|
|poke|p1|Talonflame, L50, F|
|poke|p2|Garchomp, L50, F|
|poke|p2|Sinistcha, L50|
|poke|p2|Maushold, L50|
|poke|p2|Delphox, L50, F|
|poke|p2|Floette-Eternal, L50, F|
|poke|p2|Incineroar, L50, M|
|teampreview|4
|showteam|p1|Aggron||Aggronite|Sturdy|BodyPress,HeavySlam,Protect,IronDefense|Sassy||F|||50|]Farigiraf||ColburBerry|ArmorTail|Psychic,SkillSwap,Protect,TrickRoom|Relaxed||M|||50|]Sinistcha||Leftovers|Hospitality|MatchaGotcha,ShadowBall,Protect,RagePowder|Sassy|||||50|]Tyranitar||Tyranitarite|SandStream|RockSlide,KnockOff,Protect,IcePunch|Brave||F|||50|]Incineroar||SitrusBerry|Intimidate|FakeOut,FlareBlitz,PartingShot,Taunt|Careful||M|||50|]Talonflame|||GaleWings|Acrobatics,Roost,Protect,SwordsDance|Adamant||F|||50|
|showteam|p2|Garchomp||ChoiceScarf|RoughSkin|DragonClaw,Earthquake,StompingTantrum,RockTomb|Adamant||F|||50|]Sinistcha||KasibBerry|Hospitality|MatchaGotcha,RagePowder,LifeDew,Protect|Bold|||||50|]Maushold||FocusSash|FriendGuard|FollowMe,SuperFang,Feint,Protect|Jolly|||||50|]Delphox||Delphoxite|Blaze|HeatWave,Psyshock,NastyPlot,Protect|Timid||F|||50|]Floette-Eternal||Floettite|FlowerVeil|DazzlingGleam,DrainingKiss,CalmMind,Protect|Modest||F|||50|]Incineroar||PasshoBerry|Intimidate|PartingShot,FakeOut,ThroatChop,FlareBlitz|Careful||M|||50|
|inactive|Battle timer is ON: inactive players will automatically lose when time's up. (requested by T1guel)
|
|t:|1783721774
|teamsize|p1|4
|teamsize|p2|4
|start
|switch|p1a: Aggron|Aggron, L50, F|100/100
|switch|p1b: Farigiraf|Farigiraf, L50, M|100/100
|switch|p2a: Floette|Floette-Eternal, L50, F|100/100
|switch|p2b: Incineroar|Incineroar, L50, M|100/100
|-ability|p2b: Incineroar|Intimidate|boost
|-unboost|p1a: Aggron|atk|1
|-unboost|p1b: Farigiraf|atk|1
|turn|1
|
|t:|1783721797
|detailschange|p2a: Floette|Floette-Mega, L50, F
|-mega|p2a: Floette|Floette|Floettite
|-ability|p2a: Floette|Fairy Aura
|move|p2a: Floette|Calm Mind|p2a: Floette
|-boost|p2a: Floette|spa|1
|-boost|p2a: Floette|spd|1
|move|p2b: Incineroar|Parting Shot|p1a: Aggron
|-unboost|p1a: Aggron|atk|1
|-unboost|p1a: Aggron|spa|1
|
|t:|1783721808
|switch|p2b: Sinistcha|Sinistcha, L50|100/100|[from] Parting Shot
|move|p1a: Aggron|Heavy Slam|p2a: Floette
|-supereffective|p2a: Floette|1
|-damage|p2a: Floette|64/100
|move|p1b: Farigiraf|Trick Room|p1b: Farigiraf
|-fieldstart|move: Trick Room|[of] p1b: Farigiraf
|
|upkeep
|turn|2
|
|t:|1783721831
|switch|p1a: Neves|Incineroar, L50, M|100/100
|-ability|p1a: Neves|Intimidate|boost
|-unboost|p2a: Floette|atk|1
|-unboost|p2b: Sinistcha|atk|1
|move|p2b: Sinistcha|Rage Powder|p2b: Sinistcha
|-singleturn|p2b: Sinistcha|move: Rage Powder
|move|p1b: Farigiraf|Skill Swap|p2b: Sinistcha
|-activate|p1b: Farigiraf|Skill Swap|Hospitality|Armor Tail|[of] p2b: Sinistcha
|move|p2a: Floette|Calm Mind|p2a: Floette
|-boost|p2a: Floette|spa|1
|-boost|p2a: Floette|spd|1
|
|upkeep
|turn|3
|inactive|jANMxRin has 30 seconds left.
|
|t:|1783721863
|switch|p1b: Aggron|Aggron, L50, F|100/100
|move|p1a: Neves|Taunt|p2b: Sinistcha
|-start|p2b: Sinistcha|move: Taunt
|cant|p2b: Sinistcha|move: Taunt|Life Dew
|move|p2a: Floette|Draining Kiss|p1a: Neves
|-damage|p1a: Neves|28/100
|-heal|p2a: Floette|100/100|[from] drain|[of] p1a: Neves
|-enditem|p1a: Neves|Sitrus Berry|[eat]
|-heal|p1a: Neves|52/100|[from] item: Sitrus Berry
|
|upkeep
|turn|4
|
|t:|1783721883
|switch|p2b: Incineroar|Incineroar, L50, M|100/100
|-ability|p2b: Incineroar|Intimidate|boost
|-unboost|p1a: Neves|atk|1
|-unboost|p1b: Aggron|atk|1
|detailschange|p1b: Aggron|Aggron-Mega, L50, F
|-mega|p1b: Aggron|Aggron|Aggronite
|move|p2a: Floette|Protect|p2a: Floette
|-singleturn|p2a: Floette|Protect
|move|p1b: Aggron|Heavy Slam|p2a: Floette
|-activate|p2a: Floette|move: Protect
|move|p1a: Neves|Taunt|p2b: Incineroar
|-start|p2b: Incineroar|move: Taunt
|
|upkeep
|turn|5
|inactive|jANMxRin has 30 seconds left.
|inactive|jANMxRin has 20 seconds left.
|inactive|jANMxRin has 15 seconds left.
|inactive|jANMxRin has 10 seconds left.
|
|t:|1783721933
|switch|p1a: Farigiraf|Farigiraf, L50, M|100/100
|move|p2b: Incineroar|Fake Out||[still]
|cant|p1a: Farigiraf|ability: Armor Tail|Fake Out|[of] p2b: Incineroar
|move|p1b: Aggron|Heavy Slam|p2a: Floette
|-supereffective|p2a: Floette|1
|-damage|p2a: Floette|41/100
|move|p2a: Floette|Dazzling Gleam|p1a: Farigiraf|[spread] p1a,p1b
|-resisted|p1b: Aggron|1
|-damage|p1a: Farigiraf|4/100
|-damage|p1b: Aggron|55/100
|
|-fieldend|move: Trick Room
|upkeep
|turn|6
|
|t:|1783721951
|switch|p1a: Neves|Incineroar, L50, M|52/100
|-ability|p1a: Neves|Intimidate|boost
|-unboost|p2a: Floette|atk|1
|-unboost|p2b: Incineroar|atk|1
|move|p2a: Floette|Dazzling Gleam|p1a: Neves|[spread] p1a,p1b
|-resisted|p1b: Aggron|1
|-damage|p1a: Neves|0 fnt
|-damage|p1b: Aggron|14/100
|faint|p1a: Neves
|move|p2b: Incineroar|Flare Blitz|p1b: Aggron
|-supereffective|p1b: Aggron|1
|-damage|p1b: Aggron|0 fnt
|faint|p1b: Aggron
|-damage|p2b: Incineroar|95/100|[from] Recoil
|
|-end|p2b: Incineroar|move: Taunt
|upkeep
|
|t:|1783721960
|switch|p1a: Farigiraf|Farigiraf, L50, M|4/100
|switch|p1b: Tyranitar|Tyranitar, L50, F|100/100
|-weather|Sandstorm|[from] ability: Sand Stream|[of] p1b: Tyranitar
|turn|7
|
|t:|1783721969
|move|p2a: Floette|Dazzling Gleam|p1a: Farigiraf|[spread] p1a,p1b
|-supereffective|p1b: Tyranitar|1
|-damage|p1a: Farigiraf|0 fnt
|-damage|p1b: Tyranitar|0 fnt
|faint|p1a: Farigiraf
|faint|p1b: Tyranitar
|
|win|jANMxRin
|raw|T1guel's rating: 1189 → 1168(-21 for losing)
|raw|jANMxRin's rating: 1244 → 1265(+21 for winning)
