|j|☆memeberserk
|j|☆viatles
|html|memeberserkviatles    
|uhtml|bestof|Game 2 of a best-of-3
|t:|1783560271
|gametype|doubles
|player|p1|memeberserk|lance|1178
|player|p2|viatles|hiker|1158
|gen|9
|tier|[Gen 9 Champions] VGC 2026 Reg M-B (Bo3)
|rated|
|rule|Species Clause: Limit one of each Pokémon
|rule|Item Clause: Limit 1 of each item
|clearpoke
|poke|p1|Grimmsnarl, L50, M|
|poke|p1|Toxapex, L50, M|
|poke|p1|Pelipper, L50, F|
|poke|p1|Swampert, L50, M|
|poke|p1|Staraptor, L50, F|
|poke|p1|Sinistcha, L50|
|poke|p2|Beedrill, L50, F, shiny|
|poke|p2|Milotic, L50, F, shiny|
|poke|p2|Talonflame, L50, F, shiny|
|poke|p2|Farigiraf, L50, M|
|poke|p2|Decidueye-Hisui, L50, M|
|poke|p2|Sableye, L50, M|
|teampreview|4
|showteam|p1|Grimmsnarl||LightClay|Prankster|LightScreen,Reflect,PartingShot,SpiritBreak|Careful||M|||50|]Toxapex||Leftovers|Regenerator|Infestation,Toxic,BanefulBunker,WideGuard|Bold||M|||50|]Pelipper||FocusSash|Drizzle|Hurricane,WeatherBall,Protect,Tailwind|Timid||F|||50|]Swampert||Swampertite|Torrent|Earthquake,WaveCrash,Protect,IcePunch|Adamant||M|||50|]Staraptor||Staraptite|Intimidate|CloseCombat,Roost,Protect,BraveBird|Adamant||F|||50|]Sinistcha||ColburBerry|Hospitality|MatchaGotcha,Protect,RagePowder,ShadowBall|Bold|||||50|
|showteam|p2|Beedrill||Beedrillite|Swarm|Uturn,DrillRun,PoisonJab,Protect|Jolly||F|||50|]Milotic||Leftovers|Competitive|IcyWind,Scald,Protect,LifeDew|Bold||F|||50|]Talonflame||SharpBeak|GaleWings|DualWingbeat,Tailwind,Protect,WillOWisp|Jolly||F|||50|]Farigiraf||SitrusBerry|ArmorTail|TrickRoom,Thunderbolt,TwinBeam,HelpingHand|Bold||M|||50|]Decidueye-Hisui||ScopeLens|Scrappy|Protect,TripleArrows,LeafBlade,SuckerPunch|Adamant||M|||50|]Sableye||RoseliBerry|Prankster|FakeOut,FoulPlay,RainDance,Quash|Sassy||M|||50|
|inactive|Battle timer is ON: inactive players will automatically lose when time's up. (requested by viatles)
|inactive|viatles has 60 seconds left.
|
|t:|1783560307
|teamsize|p1|4
|teamsize|p2|4
|start
|switch|p1a: Staraptor|Staraptor, L50, F|100/100
|switch|p1b: Grimmsnarl|Grimmsnarl, L50, M|100/100
|switch|p2a: Malsumas|Beedrill, L50, F, shiny|100/100
|switch|p2b: Sableye|Sableye, L50, M|100/100
|-ability|p1a: Staraptor|Intimidate|boost
|-unboost|p2a: Malsumas|atk|1
|-unboost|p2b: Sableye|atk|1
|turn|1
|
|t:|1783560327
|detailschange|p2a: Malsumas|Beedrill-Mega, L50, F, shiny
|-mega|p2a: Malsumas|Beedrill|Beedrillite
|detailschange|p1a: Staraptor|Staraptor-Mega, L50, F
|-mega|p1a: Staraptor|Staraptor|Staraptite
|move|p2b: Sableye|Fake Out|p1b: Grimmsnarl
|-damage|p1b: Grimmsnarl|93/100
|cant|p1b: Grimmsnarl|flinch
|move|p2a: Malsumas|Poison Jab|p1b: Grimmsnarl
|-supereffective|p1b: Grimmsnarl|1
|-damage|p1b: Grimmsnarl|0 fnt
|faint|p1b: Grimmsnarl
|move|p1a: Staraptor|Close Combat|p2a: Malsumas
|-resisted|p2a: Malsumas|2
|-damage|p2a: Malsumas|55/100
|-boost|p1a: Staraptor|def|1
|-boost|p1a: Staraptor|spd|1
|
|upkeep
|
|t:|1783560341
|switch|p1b: Toxapex|Toxapex, L50, M|100/100
|turn|2
|
|t:|1783560351
|move|p2a: Malsumas|U-turn|p1a: Staraptor
|-resisted|p1a: Staraptor|2
|-damage|p1a: Staraptor|94/100
|
|t:|1783560354
|switch|p2a: Farigiraf|Farigiraf, L50, M|100/100|[from] U-turn
|move|p1a: Staraptor|Brave Bird|p2a: Farigiraf
|-damage|p2a: Farigiraf|40/100
|-enditem|p2a: Farigiraf|Sitrus Berry|[eat]
|-heal|p2a: Farigiraf|65/100|[from] item: Sitrus Berry
|-damage|p1a: Staraptor|72/100|[from] Recoil
|move|p2b: Sableye|Foul Play|p1b: Toxapex
|-damage|p1b: Toxapex|87/100
|move|p1b: Toxapex|Toxic|p2b: Sableye
|-status|p2b: Sableye|tox
|
|-heal|p1b: Toxapex|93/100|[from] item: Leftovers
|-damage|p2b: Sableye|94/100 tox|[from] psn
|upkeep
|turn|3
|
|t:|1783560374
|move|p1a: Staraptor|Close Combat|p2a: Farigiraf
|-crit|p2a: Farigiraf
|-damage|p2a: Farigiraf|0 fnt
|-boost|p1a: Staraptor|def|1
|-boost|p1a: Staraptor|spd|1
|faint|p2a: Farigiraf
|move|p2b: Sableye|Foul Play|p1a: Staraptor
|-resisted|p1a: Staraptor|1
|-damage|p1a: Staraptor|58/100
|move|p1b: Toxapex|Toxic|p2b: Sableye
|-fail|p2b: Sableye|tox
|
|-heal|p1b: Toxapex|99/100|[from] item: Leftovers
|-damage|p2b: Sableye|82/100 tox|[from] psn
|upkeep
|
|t:|1783560384
|switch|p2a: Malsumas|Beedrill-Mega, L50, F, shiny|55/100
|turn|4
|
|t:|1783560396
|move|p1a: Staraptor|Protect|p1a: Staraptor
|-singleturn|p1a: Staraptor|Protect
|move|p2a: Malsumas|Poison Jab|p1a: Staraptor
|-activate|p1a: Staraptor|move: Protect
|move|p2b: Sableye|Foul Play|p1a: Staraptor
|-activate|p1a: Staraptor|move: Protect
|move|p1b: Toxapex|Infestation|p2a: Malsumas
|-resisted|p2a: Malsumas|1
|-damage|p2a: Malsumas|53/100
|-activate|p2a: Malsumas|move: Infestation|[of] p1b: Toxapex
|
|-heal|p1b: Toxapex|100/100|[from] item: Leftovers
|-damage|p2b: Sableye|65/100 tox|[from] psn
|-damage|p2a: Malsumas|41/100|[from] move: Infestation|[partiallytrapped]
|upkeep
|turn|5
|
|t:|1783560413
|move|p2a: Malsumas|Drill Run|p1a: Staraptor
|-immune|p1a: Staraptor
|move|p1a: Staraptor|Brave Bird|p2a: Malsumas
|-supereffective|p2a: Malsumas|1
|-damage|p2a: Malsumas|0 fnt
|faint|p2a: Malsumas
|-damage|p1a: Staraptor|48/100|[from] Recoil
|move|p2b: Sableye|Foul Play|p1a: Staraptor
|-resisted|p1a: Staraptor|1
|-damage|p1a: Staraptor|34/100
|move|p1b: Toxapex|Infestation|p2b: Sableye
|-damage|p2b: Sableye|61/100 tox
|-activate|p2b: Sableye|move: Infestation|[of] p1b: Toxapex
|
|-damage|p2b: Sableye|38/100 tox|[from] psn
|-damage|p2b: Sableye|26/100 tox|[from] move: Infestation|[partiallytrapped]
|upkeep
|
|t:|1783560418
|switch|p2a: Decidueye|Decidueye-Hisui, L50, M|100/100
|turn|6
|
|t:|1783560433
|move|p2b: Sableye|Quash|p1a: Staraptor
|-activate|p1a: Staraptor|move: Quash
|move|p2a: Decidueye|Triple Arrows|p1a: Staraptor
|-resisted|p1a: Staraptor|1
|-damage|p1a: Staraptor|22/100
|move|p1b: Toxapex|Toxic|p2a: Decidueye
|-status|p2a: Decidueye|tox
|move|p1a: Staraptor|Roost|p1a: Staraptor
|-heal|p1a: Staraptor|72/100
|-singleturn|p1a: Staraptor|move: Roost
|
|-damage|p2a: Decidueye|93/100 tox|[from] psn
|-damage|p2b: Sableye|0 fnt|[from] psn
|faint|p2b: Sableye
|upkeep
|turn|7
|c|☆memeberserk|diecinueve bad pokemon
|inactive|memeberserk has 30 seconds left.
|c|☆viatles|it is lol
|c|☆memeberserk|jajaja
|inactive|memeberserk has 20 seconds left.
|
|t:|1783560471
|move|p1a: Staraptor|Brave Bird|p2a: Decidueye
|-supereffective|p2a: Decidueye|2
|-damage|p2a: Decidueye|0 fnt
|faint|p2a: Decidueye
|-damage|p1a: Staraptor|41/100|[from] Recoil
|
|win|memeberserk
|raw|memeberserk's rating: 1178 → 1202(+24 for winning)
|raw|viatles's rating: 1158 → 1134(-24 for losing)
|l|☆memeberserk
|player|p1|
|c|☆viatles|just testing for a challenge with my friends
|c|☆viatles|ggs wp
