|j|☆fr3aky b1lly
|j|☆is_katabo
|html|fr3aky b1llyis_katabo    
|uhtml|bestof|Game 1 of a best-of-3
|t:|1782608426
|gametype|doubles
|player|p1|fr3aky b1lly|jacinthe|
|player|p2|is_katabo|youngster-gen4dp|
|gen|9
|tier|[Gen 9 Champions] VGC 2026 Reg M-B (Bo3)
|rule|Species Clause: Limit one of each Pokémon
|rule|Item Clause: Limit 1 of each item
|clearpoke
|poke|p1|Charizard, L50, M, shiny|
|poke|p1|Sinistcha, L50|
|poke|p1|Incineroar, L50, M|
|poke|p1|Corviknight, L50, F, shiny|
|poke|p1|Sneasler, L50, M|
|poke|p1|Floette-Eternal, L50, F|
|poke|p2|Metagross, L50|
|poke|p2|Ninetales-Alola, L50, M|
|poke|p2|Hydreigon, L50, F|
|poke|p2|Talonflame, L50, M|
|poke|p2|Garchomp, L50, M|
|poke|p2|Rotom-Wash, L50|
|teampreview|4
|showteam|p1|Charizard||CharizarditeX|Blaze|DragonClaw,FlareBlitz,DragonDance,Protect|Adamant||M|||50|]Sinistcha||SitrusBerry|Hospitality|MatchaGotcha,RagePowder,LifeDew,TrickRoom|Bold|||||50|]Incineroar||PasshoBerry|Intimidate|FakeOut,DarkestLariat,FlareBlitz,PartingShot|Adamant||M|||50|]Corviknight||Leftovers|MirrorArmor|BraveBird,Tailwind,Roost,BulkUp|Adamant||F|||50|]Sneasler||WhiteHerb|Unburden|CloseCombat,DireClaw,Coaching,FakeOut|Adamant||M|||50|]Floette-Eternal||Floettite|FlowerVeil|DazzlingGleam,Moonblast,CalmMind,Protect|Modest||F|||50|
|showteam|p2|Metagross||Metagrossite|ClearBody|IronHead,PsychicFangs,BodyPress,Protect|Jolly|||||50|]Ninetales-Alola||NeverMeltIce|SnowWarning|Blizzard,FreezeDry,Encore,Protect|Timid||M|||50|]Hydreigon||FocusSash|Levitate|DracoMeteor,DarkPulse,EarthPower,Protect|Timid||F|||50|]Talonflame|||GaleWings|Acrobatics,FlareBlitz,Tailwind,Protect|Jolly||M|||50|]Garchomp||SitrusBerry|RoughSkin|DragonClaw,Earthquake,RockSlide,Protect|Adamant||M|||50|]Rotom-Wash||Magnet|Levitate|Thunderbolt,HydroPump,WillOWisp,Protect|Modest|||||50|
|c|☆fr3aky b1lly|glhf
|c|☆is_katabo|u2
|
|t:|1782608485
|teamsize|p1|4
|teamsize|p2|4
|start
|switch|p1a: UwU So Scary!|Incineroar, L50, M|100/100
|switch|p1b: Inferno X|Charizard, L50, M, shiny|100/100
|switch|p2a: Metagross|Metagross, L50|100/100
|switch|p2b: Rotom|Rotom-Wash, L50|100/100
|-ability|p1a: UwU So Scary!|Intimidate|boost
|-fail|p2a: Metagross|unboost|[from] ability: Clear Body|[of] p2a: Metagross
|-unboost|p2b: Rotom|atk|1
|turn|1
|
|t:|1782608521
|detailschange|p1b: Inferno X|Charizard-Mega-X, L50, M, shiny
|-mega|p1b: Inferno X|Charizard|Charizardite X
|detailschange|p2a: Metagross|Metagross-Mega, L50
|-mega|p2a: Metagross|Metagross|Metagrossite
|move|p1a: UwU So Scary!|Fake Out|p2a: Metagross
|-resisted|p2a: Metagross|1
|-damage|p2a: Metagross|95/100
|cant|p2a: Metagross|flinch
|move|p1b: Inferno X|Dragon Dance|p1b: Inferno X
|-boost|p1b: Inferno X|atk|1
|-boost|p1b: Inferno X|spe|1
|move|p2b: Rotom|Hydro Pump|p1b: Inferno X
|-damage|p1b: Inferno X|46/100
|
|upkeep
|turn|2
|
|t:|1782608551
|move|p1b: Inferno X|Protect|p1b: Inferno X
|-singleturn|p1b: Inferno X|Protect
|move|p2b: Rotom|Protect|p2b: Rotom
|-singleturn|p2b: Rotom|Protect
|move|p2a: Metagross|Body Press|p1a: UwU So Scary!
|-supereffective|p1a: UwU So Scary!|1
|-damage|p1a: UwU So Scary!|44/100
|move|p1a: UwU So Scary!|Parting Shot|p2b: Rotom
|-activate|p2b: Rotom|move: Protect
|
|upkeep
|turn|3
|
|t:|1782608585
|move|p1b: Inferno X|Flare Blitz|p2a: Metagross
|-supereffective|p2a: Metagross|1
|-damage|p2a: Metagross|0 fnt
|faint|p2a: Metagross
|-damage|p1b: Inferno X|18/100|[from] Recoil
|move|p2b: Rotom|Hydro Pump|p1b: Inferno X
|-damage|p1b: Inferno X|0 fnt
|faint|p1b: Inferno X
|move|p1a: UwU So Scary!|Parting Shot|p2b: Rotom
|-unboost|p2b: Rotom|atk|1
|-unboost|p2b: Rotom|spa|1
|
|t:|1782608596
|switch|p1a: BSR Pill|Sneasler, L50, M|100/100|[from] Parting Shot
|
|upkeep
|j| TimidThunderWave
|
|t:|1782608616
|switch|p2a: Ninetales|Ninetales-Alola, L50, M|100/100
|switch|p1b: Fat Bird|Corviknight, L50, F, shiny|100/100
|-weather|Snowscape|[from] ability: Snow Warning|[of] p2a: Ninetales
|turn|4
|
|t:|1782608643
|move|p1a: BSR Pill|Fake Out|p2a: Ninetales
|-damage|p2a: Ninetales|85/100
|cant|p2a: Ninetales|flinch
|move|p2b: Rotom|Will-O-Wisp|p1a: BSR Pill
|-status|p1a: BSR Pill|brn
|move|p1b: Fat Bird|Tailwind|p1b: Fat Bird
|-sidestart|p1: fr3aky b1lly|move: Tailwind
|
|-weather|Snowscape|[upkeep]
|-damage|p1a: BSR Pill|94/100 brn|[from] brn
|upkeep
|turn|5
|
|t:|1782608660
|move|p1a: BSR Pill|Dire Claw|p2a: Ninetales
|-supereffective|p2a: Ninetales|1
|-damage|p2a: Ninetales|45/100
|move|p1b: Fat Bird|Brave Bird|p2a: Ninetales
|-damage|p2a: Ninetales|1/100
|-damage|p1b: Fat Bird|88/100|[from] Recoil
|move|p2a: Ninetales|Blizzard|p1b: Fat Bird|[spread] p1a,p1b
|-damage|p1a: BSR Pill|50/100g brn
|-damage|p1b: Fat Bird|58/100
|move|p2b: Rotom|Will-O-Wisp|p1b: Fat Bird
|-status|p1b: Fat Bird|brn
|
|-weather|Snowscape|[upkeep]
|-heal|p1b: Fat Bird|64/100 brn|[from] item: Leftovers
|-damage|p1a: BSR Pill|44/100 brn|[from] brn
|-damage|p1b: Fat Bird|58/100 brn|[from] brn
|upkeep
|turn|6
|
|t:|1782608687
|move|p2a: Ninetales|Protect|p2a: Ninetales
|-singleturn|p2a: Ninetales|Protect
|move|p2b: Rotom|Protect|p2b: Rotom
|-singleturn|p2b: Rotom|Protect
|move|p1a: BSR Pill|Close Combat|p2b: Rotom
|-activate|p2b: Rotom|move: Protect
|move|p1b: Fat Bird|Brave Bird|p2a: Ninetales
|-activate|p2a: Ninetales|move: Protect
|
|-weather|Snowscape|[upkeep]
|-heal|p1b: Fat Bird|64/100 brn|[from] item: Leftovers
|-damage|p1a: BSR Pill|38/100 brn|[from] brn
|-damage|p1b: Fat Bird|58/100 brn|[from] brn
|upkeep
|turn|7
|
|t:|1782608702
|move|p1a: BSR Pill|Close Combat|p2b: Rotom
|-damage|p2b: Rotom|57/100
|-unboost|p1a: BSR Pill|def|1
|-unboost|p1a: BSR Pill|spd|1
|-enditem|p1a: BSR Pill|White Herb
|-clearnegativeboost|p1a: BSR Pill|[silent]
|move|p1b: Fat Bird|Brave Bird|p2a: Ninetales
|-damage|p2a: Ninetales|0 fnt
|faint|p2a: Ninetales
|-damage|p1b: Fat Bird|58/100 brn|[from] Recoil
|move|p2b: Rotom|Thunderbolt|p1b: Fat Bird
|-supereffective|p1b: Fat Bird|1
|-damage|p1b: Fat Bird|0 fnt
|faint|p1b: Fat Bird
|
|-weather|Snowscape|[upkeep]
|-damage|p1a: BSR Pill|33/100 brn|[from] brn
|-sideend|p1: fr3aky b1lly|move: Tailwind
|upkeep
|
|t:|1782608718
|switch|p2a: Hydreigon|Hydreigon, L50, F|100/100
|switch|p1b: UwU So Scary!|Incineroar, L50, M|44/100
|-ability|p1b: UwU So Scary!|Intimidate|boost
|-unboost|p2a: Hydreigon|atk|1
|-unboost|p2b: Rotom|atk|1
|turn|8
|-message|fr3aky b1lly forfeited.
|
|win|is_katabo
|l|☆fr3aky b1lly
|player|p1|
||fr3aky b1lly is ready for game 2.
||is_katabo is ready for game 2.
|uhtml|next|Next: Game 2 of 3
