|j|☆amtgc
|j|☆Kylliza
|html|amtgcKylliza    
|uhtml|bestof|Game 2 of a best-of-3
|t:|1782333141
|gametype|doubles
|player|p1|amtgc|102|1000
|player|p2|Kylliza|265|1042
|gen|9
|tier|[Gen 9 Champions] VGC 2026 Reg M-B (Bo3)
|rated|
|rule|Species Clause: Limit one of each Pokémon
|rule|Item Clause: Limit 1 of each item
|clearpoke
|poke|p1|Metagross, L50|
|poke|p1|Charizard, L50, M|
|poke|p1|Kingambit, L50, F|
|poke|p1|Sylveon, L50, F|
|poke|p1|Garchomp, L50, F|
|poke|p1|Whimsicott, L50, F, shiny|
|poke|p2|Blaziken, L50, F|
|poke|p2|Whimsicott, L50, M|
|poke|p2|Incineroar, L50, F|
|poke|p2|Sylveon, L50, F|
|poke|p2|Basculegion, L50, M|
|poke|p2|Froslass, L50, F|
|teampreview|4
|showteam|p1|Metagross||Metagrossite|ClearBody|PsychicFangs,IronHead,IcePunch,Protect|Jolly|||||50|]Charizard||CharizarditeY|Blaze|HeatWave,WeatherBall,SolarBeam,Protect|Modest||M|||50|]Kingambit||FocusSash|Defiant|SuckerPunch,KowtowCleave,LowKick,IronHead|Adamant||F|||50|]Sylveon||FairyFeather|Pixilate|HyperVoice,QuickAttack,HyperBeam,Detect|Modest||F|||50|]Garchomp||LifeOrb|RoughSkin|Earthquake,DragonClaw,Protect,StompingTantrum|Jolly||F|||50|]Whimsicott||SitrusBerry|Prankster|Moonblast,SunnyDay,Tailwind,Encore|Calm||F|||50|
|showteam|p2|Blaziken||Blazikenite|SpeedBoost|FlareBlitz,CloseCombat,RockSlide,Protect|Adamant||F|||50|]Whimsicott||FocusSash|Prankster|Moonblast,Tailwind,Encore,Protect|Timid||M|||50|]Incineroar||SitrusBerry|Intimidate|FakeOut,FlareBlitz,ThroatChop,PartingShot|Careful||F|||50|]Sylveon||FairyFeather|Pixilate|HyperVoice,HyperBeam,QuickAttack,Protect|Modest||F|||50|]Basculegion||ChoiceScarf|Adaptability|WaveCrash,LastRespects,AquaJet,FlipTurn|Jolly||M|||50|]Froslass||Froslassite|CursedBody|Blizzard,ShadowBall,AuroraVeil,Protect|Timid||F|||50|
|inactive|Battle timer is ON: inactive players will automatically lose when time's up. (requested by Kylliza)
|inactive|amtgc has 60 seconds left.
|
|t:|1782333191
|teamsize|p1|4
|teamsize|p2|4
|start
|switch|p1a: Maddy|Whimsicott, L50, F, shiny|100/100
|switch|p1b: Metagross|Metagross, L50|100/100
|switch|p2a: Blaziken|Blaziken, L50, F|100/100
|switch|p2b: Whimsicott|Whimsicott, L50, M|100/100
|turn|1
|
|t:|1782333202
|detailschange|p1b: Metagross|Metagross-Mega, L50
|-mega|p1b: Metagross|Metagross|Metagrossite
|detailschange|p2a: Blaziken|Blaziken-Mega, L50, F
|-mega|p2a: Blaziken|Blaziken|Blazikenite
|move|p2a: Blaziken|Protect|p2a: Blaziken
|-singleturn|p2a: Blaziken|Protect
|move|p2b: Whimsicott|Tailwind|p2b: Whimsicott
|-sidestart|p2: Kylliza|move: Tailwind
|move|p1a: Maddy|Tailwind|p1a: Maddy
|-sidestart|p1: amtgc|move: Tailwind
|move|p1b: Metagross|Psychic Fangs|p2a: Blaziken
|-activate|p2a: Blaziken|move: Protect
|
|-ability|p2a: Blaziken|Speed Boost|boost
|-boost|p2a: Blaziken|spe|1
|upkeep
|turn|2
|
|t:|1782333219
|move|p2b: Whimsicott|Encore|p1a: Maddy
|-start|p1a: Maddy|Encore
|move|p1a: Maddy|Tailwind||[still]
|-fail|p1a: Maddy
|move|p2a: Blaziken|Flare Blitz|p1b: Metagross
|-supereffective|p1b: Metagross|1
|-damage|p1b: Metagross|0 fnt
|faint|p1b: Metagross
|-damage|p2a: Blaziken|66/100|[from] Recoil
|
|-ability|p2a: Blaziken|Speed Boost|boost
|-boost|p2a: Blaziken|spe|1
|upkeep
|
|t:|1782333226
|switch|p1b: Garchomp|Garchomp, L50, F|100/100
|turn|3
|
|t:|1782333239
|switch|p1a: Kingambit|Kingambit, L50, F|100/100
|move|p2a: Blaziken|Close Combat|p1b: Garchomp
|-damage|p1b: Garchomp|24/100
|-unboost|p2a: Blaziken|def|1
|-unboost|p2a: Blaziken|spd|1
|-damage|p2a: Blaziken|54/100|[from] ability: Rough Skin|[of] p1b: Garchomp
|move|p2b: Whimsicott|Moonblast|p1b: Garchomp
|-supereffective|p1b: Garchomp|1
|-damage|p1b: Garchomp|0 fnt
|faint|p1b: Garchomp
|
|-ability|p2a: Blaziken|Speed Boost|boost
|-boost|p2a: Blaziken|spe|1
|upkeep
|
|t:|1782333245
|switch|p1b: Maddy|Whimsicott, L50, F, shiny|100/100
|turn|4
|
|t:|1782333261
|move|p2a: Blaziken|Protect|p2a: Blaziken
|-singleturn|p2a: Blaziken|Protect
|move|p1a: Kingambit|Sucker Punch||[still]
|-fail|p1a: Kingambit
|move|p2b: Whimsicott|Moonblast|p1b: Maddy
|-damage|p1b: Maddy|69/100
|move|p1b: Maddy|Moonblast|p2b: Whimsicott
|-damage|p2b: Whimsicott|61/100
|
|-sideend|p2: Kylliza|move: Tailwind
|-sideend|p1: amtgc|move: Tailwind
|-ability|p2a: Blaziken|Speed Boost|boost
|-boost|p2a: Blaziken|spe|1
|upkeep
|turn|5
|inactive|amtgc has 30 seconds left.
|inactive|Kylliza has 30 seconds left.
|
|t:|1782333295
|switch|p2a: Basculegion|Basculegion, L50, M|100/100
|move|p2b: Whimsicott|Encore|p1a: Kingambit
|-hint|Since gen 7, Dark is immune to Prankster moves.
|-immune|p1a: Kingambit
|move|p1b: Maddy|Encore||[still]
|-fail|p1b: Maddy
|move|p1a: Kingambit|Iron Head|p2b: Whimsicott
|-supereffective|p2b: Whimsicott|1
|-crit|p2b: Whimsicott
|-damage|p2b: Whimsicott|0 fnt
|faint|p2b: Whimsicott
|
|upkeep
|
|t:|1782333307
|switch|p2b: Blaziken|Blaziken-Mega, L50, F|54/100
|turn|6
|
|t:|1782333329
|move|p2b: Blaziken|Protect|p2b: Blaziken
|-singleturn|p2b: Blaziken|Protect
|move|p1b: Maddy|Tailwind|p1b: Maddy
|-sidestart|p1: amtgc|move: Tailwind
|move|p1a: Kingambit|Sucker Punch|p2a: Basculegion
|-supereffective|p2a: Basculegion|1
|-damage|p2a: Basculegion|1/100
|move|p2a: Basculegion|Wave Crash|p1a: Kingambit
|-crit|p1a: Kingambit
|-damage|p1a: Kingambit|9/100
|-damage|p2a: Basculegion|0 fnt|[from] Recoil
|faint|p2a: Basculegion
|
|-ability|p2b: Blaziken|Speed Boost|boost
|-boost|p2b: Blaziken|spe|1
|upkeep
|
|t:|1782333342
|switch|p2a: Incineroar|Incineroar, L50, F|100/100
|-ability|p2a: Incineroar|Intimidate|boost
|-unboost|p1a: Kingambit|atk|1
|-ability|p1a: Kingambit|Defiant|boost
|-boost|p1a: Kingambit|atk|2
|-unboost|p1b: Maddy|atk|1
|turn|7
|inactive|amtgc has 30 seconds left.
|inactive|amtgc has 20 seconds left.
|inactive|amtgc has 15 seconds left.
|inactive|amtgc has 10 seconds left.
|
|t:|1782333390
|move|p2a: Incineroar|Fake Out|p1b: Maddy
|-damage|p1b: Maddy|55/100
|cant|p1b: Maddy|flinch
|move|p1a: Kingambit|Sucker Punch|p2b: Blaziken
|-resisted|p2b: Blaziken|1
|-damage|p2b: Blaziken|14/100
|move|p2b: Blaziken|Flare Blitz|p1a: Kingambit
|-supereffective|p1a: Kingambit|1
|-damage|p1a: Kingambit|0 fnt
|faint|p1a: Kingambit
|-damage|p2b: Blaziken|11/100|[from] Recoil
|
|-ability|p2b: Blaziken|Speed Boost|boost
|-boost|p2b: Blaziken|spe|1
|upkeep
|turn|8
|
|t:|1782333406
|move|p2b: Blaziken|Flare Blitz|p1b: Maddy
|-supereffective|p1b: Maddy|1
|-crit|p1b: Maddy
|-damage|p1b: Maddy|0 fnt
|faint|p1b: Maddy
|-damage|p2b: Blaziken|0 fnt|[from] Recoil
|faint|p2b: Blaziken
|
|win|Kylliza
