|j|☆M4rcos315
|j|☆VermillionAcademy
|html|M4rcos315VermillionAcademy    
|uhtml|bestof|Game 1 of a best-of-3
|t:|1756229053
|gametype|doubles
|player|p1|M4rcos315|colress|
|player|p2|VermillionAcademy|2|
|gen|9
|tier|[Gen 9] VGC 2025 Reg H (Bo3)
|rule|Species Clause: Limit one of each Pokémon
|rule|Item Clause: Limit 1 of each item
|clearpoke
|poke|p1|Dragonite, L50, M|
|poke|p1|Maushold-Four, L50|
|poke|p1|Incineroar, L50, M|
|poke|p1|Mudsdale, L50, M|
|poke|p1|Indeedee-F, L50, F|
|poke|p1|Basculegion-F, L50, F|
|poke|p2|Incineroar, L50, F|
|poke|p2|Rillaboom, L50, M|
|poke|p2|Ninetales-Alola, L50, M|
|poke|p2|Frosmoth, L50, M|
|poke|p2|Maushold-Four, L50|
|poke|p2|Annihilape, L50, M|
|teampreview|4
|showteam|p1|Dragonite||ChoiceBand|InnerFocus|ExtremeSpeed,AerialAce,Outrage,StompingTantrum|||M|||50|,,,,,Normal]Maushold-Four||LoadedDice|FriendGuard|FollowMe,Protect,PopulationBomb,Taunt||||||50|,,,,,Normal]Incineroar||LifeOrb|Intimidate|FlareBlitz,KnockOff,FakeOut,PartingShot|||M|||50|,,,,,Bug]Mudsdale||Leftovers|Stamina|BodyPress,CloseCombat,HeavySlam,HighHorsepower|||M|||50|,,,,,Steel]Indeedee-F||PsychicSeed|PsychicSurge|Psychic,FollowMe,HelpingHand,TrickRoom|||F|||50|,,,,,Steel]Basculegion-F||ChoiceScarf|Adaptability|WaveCrash,LastRespects,AquaJet,Protect|||F|||50|,,,,,Dark
|showteam|p2|Incineroar||SafetyGoggles|Intimidate|FlareBlitz,KnockOff,FakeOut,PartingShot|||F|||50|,,,,,Ghost]Rillaboom||AssaultVest|GrassySurge|WoodHammer,GrassyGlide,Uturn,FakeOut|||M|||50|,,,,,Fire]Ninetales-Alola||CovertCloak|SnowWarning|Moonblast,AuroraVeil,Disable,Encore|||M|||50|,,,,,Fire]Frosmoth||Leftovers|IceScales|Blizzard,TeraBlast,QuiverDance,Protect|||M|||50|,,,,,Water]Maushold-Four||RockyHelmet|FriendGuard|FollowMe,BeatUp,Taunt,Protect||||||50|,,,,,Water]Annihilape||SitrusBerry|Defiant|RageFist,DrainPunch,BulkUp,Protect|||M|||50|,,,,,Fire
|
|t:|1756229111
|teamsize|p1|4
|teamsize|p2|4
|start
|switch|p1a: PerroSanxe|Incineroar, L50, M|100/100
|switch|p1b: Basculegion|Basculegion-F, L50, F|100/100
|switch|p2a: Frosmoth|Frosmoth, L50, M|100/100
|switch|p2b: Maushold|Maushold-Four, L50|100/100
|-ability|p1a: PerroSanxe|Intimidate|boost
|-unboost|p2a: Frosmoth|atk|1
|-unboost|p2b: Maushold|atk|1
|turn|1
|inactive|Battle timer is ON: inactive players will automatically lose when time's up. (requested by VermillionAcademy)
|
|t:|1756229149
|-terastallize|p2b: Maushold|Water
|move|p1b: Basculegion|Protect|p1b: Basculegion
|-singleturn|p1b: Basculegion|Protect
|move|p2b: Maushold|Follow Me|p2b: Maushold
|-singleturn|p2b: Maushold|move: Follow Me
|move|p2a: Frosmoth|Quiver Dance|p2a: Frosmoth
|-boost|p2a: Frosmoth|spa|1
|-boost|p2a: Frosmoth|spd|1
|-boost|p2a: Frosmoth|spe|1
|move|p1a: PerroSanxe|Parting Shot|p2b: Maushold
|-unboost|p2b: Maushold|atk|1
|-unboost|p2b: Maushold|spa|1
|
|t:|1756229167
|switch|p1a: Ratonpolis|Maushold-Four, L50|100/100|[from] Parting Shot
|
|upkeep
|turn|2
|
|t:|1756229180
|switch|p1b: PerroSanxe|Incineroar, L50, M|100/100
|-ability|p1b: PerroSanxe|Intimidate|boost
|-unboost|p2a: Frosmoth|atk|1
|-unboost|p2b: Maushold|atk|1
|move|p2b: Maushold|Follow Me|p2b: Maushold
|-singleturn|p2b: Maushold|move: Follow Me
|move|p1a: Ratonpolis|Taunt|p2b: Maushold
|-start|p2b: Maushold|move: Taunt
|move|p2a: Frosmoth|Quiver Dance|p2a: Frosmoth
|-boost|p2a: Frosmoth|spa|1
|-boost|p2a: Frosmoth|spd|1
|-boost|p2a: Frosmoth|spe|1
|
|upkeep
|turn|3
|inactive|M4rcos315 has 30 seconds left.
|inactive|VermillionAcademy has 30 seconds left.
|inactive|M4rcos315 has 20 seconds left.
|
|t:|1756229215
|move|p2a: Frosmoth|Protect|p2a: Frosmoth
|-singleturn|p2a: Frosmoth|Protect
|move|p1b: PerroSanxe|Fake Out|p2a: Frosmoth
|-activate|p2a: Frosmoth|move: Protect
|move|p1a: Ratonpolis|Population Bomb|p2a: Frosmoth
|-activate|p2a: Frosmoth|move: Protect
|move|p2b: Maushold|Beat Up|p1a: Ratonpolis
|-damage|p1a: Ratonpolis|98/100
|-damage|p1a: Ratonpolis|96/100
|-damage|p1a: Ratonpolis|94/100
|-crit|p1a: Ratonpolis
|-damage|p1a: Ratonpolis|86/100
|-hitcount|p1a: Ratonpolis|4
|
|upkeep
|turn|4
|
|t:|1756229236
|switch|p2b: Ninetales|Ninetales-Alola, L50, M|100/100
|-weather|Snowscape|[from] ability: Snow Warning|[of] p2b: Ninetales
|move|p2a: Frosmoth|Blizzard|p1a: Ratonpolis|[spread] p1a,p1b
|-resisted|p1b: PerroSanxe
|-damage|p1a: Ratonpolis|0 fnt
|-damage|p1b: PerroSanxe|77/100
|faint|p1a: Ratonpolis
|move|p1b: PerroSanxe|Parting Shot|p2a: Frosmoth
|-unboost|p2a: Frosmoth|atk|1
|-unboost|p2a: Frosmoth|spa|1
|
|t:|1756229246
|switch|p1b: Basculegion|Basculegion-F, L50, F|100/100|[from] Parting Shot
|
|-weather|Snowscape|[upkeep]
|upkeep
|
|t:|1756229251
|switch|p1a: PerroSanxe|Incineroar, L50, M|77/100
|-ability|p1a: PerroSanxe|Intimidate|boost
|-unboost|p2a: Frosmoth|atk|1
|-unboost|p2b: Ninetales|atk|1
|turn|5
|inactive|M4rcos315 has 30 seconds left.
|inactive|M4rcos315 has 20 seconds left.
|inactive|M4rcos315 has 15 seconds left.
|inactive|M4rcos315 has 10 seconds left.
|inactive|M4rcos315 has 5 seconds left.
|
|t:|1756229301
|switch|p2b: Incineroar|Incineroar, L50, F|100/100
|-ability|p2b: Incineroar|Intimidate|boost
|-unboost|p1a: PerroSanxe|atk|1
|-unboost|p1b: Basculegion|atk|1
|move|p2a: Frosmoth|Protect|p2a: Frosmoth
|-singleturn|p2a: Frosmoth|Protect
|move|p1a: PerroSanxe|Fake Out|p2b: Incineroar
|-damage|p2b: Incineroar|92/100
|-damage|p1a: PerroSanxe|67/100|[from] item: Life Orb
|move|p1b: Basculegion|Last Respects|p2a: Frosmoth
|-activate|p2a: Frosmoth|move: Protect
|
|-weather|Snowscape|[upkeep]
|upkeep
|turn|6
|inactive|VermillionAcademy has 30 seconds left.
|
|t:|1756229328
|move|p2b: Incineroar|Fake Out|p1a: PerroSanxe
|-damage|p1a: PerroSanxe|59/100
|move|p1b: Basculegion|Last Respects|p2b: Incineroar
|-resisted|p2b: Incineroar
|-damage|p2b: Incineroar|75/100
|move|p2a: Frosmoth|Blizzard|p1a: PerroSanxe|[spread] p1a,p1b
|-resisted|p1a: PerroSanxe
|-resisted|p1b: Basculegion
|-damage|p1a: PerroSanxe|39/100
|-damage|p1b: Basculegion|71/100
|-status|p1a: PerroSanxe|frz
|-curestatus|p1a: PerroSanxe|frz|[msg]
|cant|p1a: PerroSanxe|flinch
|
|-weather|Snowscape|[upkeep]
|upkeep
|turn|7
|
|t:|1756229350
|switch|p2b: Maushold|Maushold-Four, L50, tera:Water|100/100
|move|p2a: Frosmoth|Protect|p2a: Frosmoth
|-singleturn|p2a: Frosmoth|Protect
|move|p1b: Basculegion|Last Respects|p2b: Maushold
|-damage|p2b: Maushold|65/100
|move|p1a: PerroSanxe|Flare Blitz|p2a: Frosmoth
|-activate|p2a: Frosmoth|move: Protect
|
|-weather|Snowscape|[upkeep]
|upkeep
|turn|8
|
|t:|1756229368
|move|p2b: Maushold|Follow Me|p2b: Maushold
|-singleturn|p2b: Maushold|move: Follow Me
|move|p1b: Basculegion|Last Respects|p2b: Maushold
|-damage|p2b: Maushold|31/100
|move|p2a: Frosmoth|Quiver Dance|p2a: Frosmoth
|-boost|p2a: Frosmoth|spa|1
|-boost|p2a: Frosmoth|spd|1
|-boost|p2a: Frosmoth|spe|1
|move|p1a: PerroSanxe|Flare Blitz|p2b: Maushold
|-resisted|p2b: Maushold
|-damage|p2b: Maushold|12/100
|-damage|p1a: PerroSanxe|22/100|[from] item: Rocky Helmet|[of] p2b: Maushold
|-damage|p1a: PerroSanxe|16/100|[from] Recoil
|-damage|p1a: PerroSanxe|7/100|[from] item: Life Orb
|
|-weather|none
|upkeep
|turn|9
|inactive|M4rcos315 has 30 seconds left.
|inactive|VermillionAcademy has 30 seconds left.
|
|t:|1756229395
|move|p2b: Maushold|Follow Me|p2b: Maushold
|-singleturn|p2b: Maushold|move: Follow Me
|move|p2a: Frosmoth|Tera Blast|p1a: PerroSanxe
|-damage|p1a: PerroSanxe|0 fnt
|faint|p1a: PerroSanxe
|move|p1b: Basculegion|Last Respects|p2b: Maushold
|-damage|p2b: Maushold|0 fnt
|faint|p2b: Maushold
|
|upkeep
|
|t:|1756229408
|switch|p2b: Ninetales|Ninetales-Alola, L50, M|100/100
|switch|p1a: Jorge Nitales|Mudsdale, L50, M|100/100
|-weather|Snowscape|[from] ability: Snow Warning|[of] p2b: Ninetales
|turn|10
|inactive|M4rcos315 has 30 seconds left.
|
|t:|1756229438
|-terastallize|p1a: Jorge Nitales|Steel
|move|p2a: Frosmoth|Blizzard|p1b: Basculegion|[spread] p1a,p1b
|-resisted|p1a: Jorge Nitales
|-resisted|p1b: Basculegion
|-damage|p1a: Jorge Nitales|74/100
|-damage|p1b: Basculegion|30/100
|-ability|p1a: Jorge Nitales|Stamina|boost
|-boost|p1a: Jorge Nitales|def|1
|move|p1b: Basculegion|Last Respects|p2b: Ninetales
|-damage|p2b: Ninetales|49/100
|move|p2b: Ninetales|Aurora Veil|p2b: Ninetales
|-sidestart|p2: VermillionAcademy|move: Aurora Veil
|move|p1a: Jorge Nitales|Body Press|p2b: Ninetales
|-damage|p2b: Ninetales|33/100
|
|-weather|Snowscape|[upkeep]
|-heal|p1a: Jorge Nitales|80/100|[from] item: Leftovers
|upkeep
|turn|11
|inactive|M4rcos315 has 30 seconds left.
|
|t:|1756229463
|move|p2a: Frosmoth|Blizzard|p1b: Basculegion|[spread] p1a,p1b
|-resisted|p1a: Jorge Nitales
|-resisted|p1b: Basculegion
|-damage|p1a: Jorge Nitales|49/100
|-damage|p1b: Basculegion|0 fnt
|-ability|p1a: Jorge Nitales|Stamina|boost
|-boost|p1a: Jorge Nitales|def|1
|faint|p1b: Basculegion
|move|p2b: Ninetales|Disable|p1a: Jorge Nitales
|-start|p1a: Jorge Nitales|Disable|Body Press
|move|p1a: Jorge Nitales|Heavy Slam|p2b: Ninetales
|-supereffective|p2b: Ninetales
|-damage|p2b: Ninetales|0 fnt
|faint|p2b: Ninetales
|
|-weather|Snowscape|[upkeep]
|-heal|p1a: Jorge Nitales|55/100|[from] item: Leftovers
|upkeep
|
|t:|1756229477
|switch|p2b: Incineroar|Incineroar, L50, F|75/100
|-ability|p2b: Incineroar|Intimidate|boost
|-unboost|p1a: Jorge Nitales|atk|1
|turn|12
|
|t:|1756229491
|move|p2b: Incineroar|Fake Out|p1a: Jorge Nitales
|-resisted|p1a: Jorge Nitales
|-damage|p1a: Jorge Nitales|52/100
|-ability|p1a: Jorge Nitales|Stamina|boost
|-boost|p1a: Jorge Nitales|def|1
|move|p2a: Frosmoth|Quiver Dance|p2a: Frosmoth
|-boost|p2a: Frosmoth|spa|1
|-boost|p2a: Frosmoth|spd|1
|-boost|p2a: Frosmoth|spe|1
|cant|p1a: Jorge Nitales|flinch
|
|-weather|Snowscape|[upkeep]
|-heal|p1a: Jorge Nitales|58/100|[from] item: Leftovers
|upkeep
|turn|13
|
|t:|1756229509
|move|p2a: Frosmoth|Blizzard|p1a: Jorge Nitales
|-resisted|p1a: Jorge Nitales
|-damage|p1a: Jorge Nitales|5/100
|-ability|p1a: Jorge Nitales|Stamina|boost
|-boost|p1a: Jorge Nitales|def|1
|move|p2b: Incineroar|Knock Off|p1a: Jorge Nitales
|-damage|p1a: Jorge Nitales|0 fnt
|-enditem|p1a: Jorge Nitales|Leftovers|[from] move: Knock Off|[of] p2b: Incineroar
|faint|p1a: Jorge Nitales
|
|win|VermillionAcademy
||VermillionAcademy is ready for game 2.
|inactive|M4rcos315 has 30 seconds to confirm battle start!
||M4rcos315 is ready for game 2.
|uhtml|next|Next: Game 2 of 3
