|j|☆i magic 2 soon
|j|☆G3N13
|html|i magic 2 soonG3N13    
|uhtml|bestof|Game 2 of a best-of-3
|t:|1785242316
|gametype|doubles
|player|p1|i magic 2 soon|101|1043
|player|p2|G3N13|n|1074
|gen|9
|tier|[Gen 9 Champions] VGC 2026 Reg M-B (Bo3)
|rated|
|rule|Species Clause: Limit one of each Pokémon
|rule|Item Clause: Limit 1 of each item
|clearpoke
|poke|p1|Blaziken, L50, F|
|poke|p1|Kingambit, L50, M, shiny|
|poke|p1|Basculegion, L50, M, shiny|
|poke|p1|Ninetales-Alola, L50, M|
|poke|p1|Gengar, L50, F, shiny|
|poke|p1|Incineroar, L50, M|
|poke|p2|Garchomp, L50, M|
|poke|p2|Venusaur, L50, F|
|poke|p2|Incineroar, L50, F|
|poke|p2|Charizard, L50, M|
|poke|p2|Toxapex, L50, M|
|poke|p2|Annihilape, L50, M|
|teampreview|4
|showteam|p1|Blaziken||Blazikenite|SpeedBoost|CloseCombat,RockSlide,FlareBlitz,Detect|Adamant||F|||50|]Kingambit||LifeOrb|Defiant|KowtowCleave,SuckerPunch,Protect,IronHead|Adamant||M|||50|]Basculegion||FocusSash|Adaptability|Liquidation,LastRespects,AquaJet,Protect|Adamant||M|||50|]Ninetales-Alola||NeverMeltIce|SnowWarning|Blizzard,FreezeDry,Encore,Protect|Timid||M|||50|]Gengar||Gengarite|CursedBody|ShadowBall,Disable,PerishSong,Protect|Timid||F|||50|]Incineroar||PasshoBerry|Intimidate|FakeOut,PartingShot,FlareBlitz,Protect|Relaxed||M|||50|
|showteam|p2|Garchomp||ChoiceScarf|RoughSkin|Earthquake,RockSlide,DragonClaw,StompingTantrum|Jolly||M|||50|]Venusaur||LifeOrb|Chlorophyll|SludgeBomb,SolarBeam,EarthPower,Protect|Modest||F|||50|]Incineroar||SitrusBerry|Intimidate|FakeOut,FlareBlitz,ThroatChop,PartingShot|Impish||F|||50|]Charizard||CharizarditeY|Blaze|HeatWave,WeatherBall,Protect,HelpingHand|Modest||M|||50|]Toxapex||Leftovers|Regenerator|Infestation,Toxic,WideGuard,BanefulBunker|Bold||M|||50|]Annihilape||FocusSash|Defiant|CloseCombat,PhantomForce,RockTomb,Protect|Jolly||M|||50|
|
|t:|1785242356
|teamsize|p1|4
|teamsize|p2|4
|start
|switch|p1a: Blaziken|Blaziken, L50, F|100/100
|switch|p1b: Basculegion|Basculegion, L50, M, shiny|100/100
|switch|p2a: Annihilape|Annihilape, L50, M|100/100
|switch|p2b: Garchomp|Garchomp, L50, M|100/100
|turn|1
|l|☆G3N13
|player|p2|
|inactive|Battle timer is ON: inactive players will automatically lose when time's up. (requested by i magic 2 soon)
|j|☆G3N13
|inactive|G3N13 reconnected and has 85 seconds left.
|player|p2|G3N13|n|
|
|t:|1785242384
|switch|p1b: Ninetales|Ninetales-Alola, L50, M|100/100
|-weather|Snowscape|[from] ability: Snow Warning|[of] p1b: Ninetales
|move|p1a: Blaziken|Detect|p1a: Blaziken
|-singleturn|p1a: Blaziken|Protect
|move|p2b: Garchomp|Earthquake|p1b: Ninetales|[spread] p2a,p1b
|-activate|p1a: Blaziken|move: Protect
|-damage|p2a: Annihilape|58/100
|-damage|p1b: Ninetales|64/100
|move|p2a: Annihilape|Phantom Force||[still]
|-prepare|p2a: Annihilape|Phantom Force
|
|-weather|Snowscape|[upkeep]
|-ability|p1a: Blaziken|Speed Boost|boost
|-boost|p1a: Blaziken|spe|1
|upkeep
|turn|2
|
|t:|1785242403
|switch|p2b: Incineroar|Incineroar, L50, F|100/100
|-ability|p2b: Incineroar|Intimidate|boost
|-unboost|p1a: Blaziken|atk|1
|-unboost|p1b: Ninetales|atk|1
|detailschange|p1a: Blaziken|Blaziken-Mega, L50, F
|-mega|p1a: Blaziken|Blaziken|Blazikenite
|move|p1a: Blaziken|Rock Slide|p2b: Incineroar|[spread] 
|-miss|p1a: Blaziken|p2a: Annihilape
|-miss|p1a: Blaziken|p2b: Incineroar
|move|p1b: Ninetales|Blizzard|p2b: Incineroar|[spread] p2b
|-miss|p1b: Ninetales|p2a: Annihilape
|-resisted|p2b: Incineroar|1
|-damage|p2b: Incineroar|85/100
|move|p2a: Annihilape|Phantom Force|p1a: Blaziken|[from] lockedmove
|-damage|p1a: Blaziken|42/100
|
|-weather|Snowscape|[upkeep]
|-ability|p1a: Blaziken|Speed Boost|boost
|-boost|p1a: Blaziken|spe|1
|upkeep
|turn|3
|
|t:|1785242428
|switch|p1a: Basculegion|Basculegion, L50, M, shiny|100/100
|move|p2b: Incineroar|Fake Out|p1a: Basculegion
|-immune|p1a: Basculegion
|move|p1b: Ninetales|Encore|p2b: Incineroar
|-start|p2b: Incineroar|Encore
|move|p2a: Annihilape|Phantom Force||[still]
|-prepare|p2a: Annihilape|Phantom Force
|
|-weather|Snowscape|[upkeep]
|upkeep
|turn|4
|
|t:|1785242441
|switch|p2b: Toxapex|Toxapex, L50, M|100/100
|move|p1b: Ninetales|Blizzard|p2b: Toxapex|[spread] p2b
|-miss|p1b: Ninetales|p2a: Annihilape
|-resisted|p2b: Toxapex|1
|-damage|p2b: Toxapex|84/100
|move|p2a: Annihilape|Phantom Force|p1a: Basculegion|[from] lockedmove
|-supereffective|p1a: Basculegion|1
|-enditem|p1a: Basculegion|Focus Sash
|-damage|p1a: Basculegion|1/100
|move|p1a: Basculegion|Liquidation|p2a: Annihilape
|-damage|p2a: Annihilape|0 fnt
|faint|p2a: Annihilape
|
|-weather|Snowscape|[upkeep]
|-heal|p2b: Toxapex|90/100|[from] item: Leftovers
|upkeep
|
|t:|1785242463
|switch|p2a: Garchomp|Garchomp, L50, M|100/100
|turn|5
|
|t:|1785242472
|move|p1a: Basculegion|Protect|p1a: Basculegion
|-singleturn|p1a: Basculegion|Protect
|move|p2b: Toxapex|Wide Guard|p2b: Toxapex
|-singleturn|p2b: Toxapex|Wide Guard
|move|p2a: Garchomp|Earthquake|p1b: Ninetales|[spread] p1b
|-activate|p2b: Toxapex|move: Wide Guard
|-activate|p1a: Basculegion|move: Protect
|-damage|p1b: Ninetales|24/100
|move|p1b: Ninetales|Blizzard|p2a: Garchomp|[spread] 
|-activate|p2a: Garchomp|move: Wide Guard
|-activate|p2b: Toxapex|move: Wide Guard
|
|-weather|none
|-heal|p2b: Toxapex|96/100|[from] item: Leftovers
|upkeep
|turn|6
|inactive|i magic 2 soon has 30 seconds left.
|inactive|G3N13 has 30 seconds left.
|
|t:|1785242514
|-heal|p2b: Toxapex|100/100|[from] ability: Regenerator|[silent]
|switch|p2b: Incineroar|Incineroar, L50, F|85/100
|-ability|p2b: Incineroar|Intimidate|boost
|-unboost|p1a: Basculegion|atk|1
|-unboost|p1b: Ninetales|atk|1
|move|p1a: Basculegion|Aqua Jet|p2a: Garchomp
|-damage|p2a: Garchomp|81/100
|-damage|p1a: Basculegion|0 fnt|[from] ability: Rough Skin|[of] p2a: Garchomp
|faint|p1a: Basculegion
|move|p2a: Garchomp|Earthquake|p1b: Ninetales|[spread] p2b,p1b
|-supereffective|p2b: Incineroar|1
|-crit|p2b: Incineroar
|-damage|p2b: Incineroar|0 fnt
|-damage|p1b: Ninetales|0 fnt
|faint|p2b: Incineroar
|faint|p1b: Ninetales
|
|upkeep
|
|t:|1785242524
|switch|p1b: Blaziken|Blaziken-Mega, L50, F|42/100
|switch|p1a: Kingambit|Kingambit, L50, M, shiny|100/100
|switch|p2b: Toxapex|Toxapex, L50, M|100/100
|turn|7
|
|t:|1785242534
|move|p1b: Blaziken|Detect|p1b: Blaziken
|-singleturn|p1b: Blaziken|Protect
|move|p2b: Toxapex|Wide Guard|p2b: Toxapex
|-singleturn|p2b: Toxapex|Wide Guard
|move|p1a: Kingambit|Sucker Punch|p2a: Garchomp
|-damage|p2a: Garchomp|22/100
|-damage|p1a: Kingambit|87/100|[from] ability: Rough Skin|[of] p2a: Garchomp
|-damage|p1a: Kingambit|78/100|[from] item: Life Orb
|move|p2a: Garchomp|Earthquake|p1b: Blaziken|[spread] p1a
|-activate|p2b: Toxapex|move: Wide Guard
|-activate|p1b: Blaziken|move: Protect
|-supereffective|p1a: Kingambit|1
|-damage|p1a: Kingambit|14/100
|
|-ability|p1b: Blaziken|Speed Boost|boost
|-boost|p1b: Blaziken|spe|1
|upkeep
|turn|8
|inactive|G3N13 has 30 seconds left.
|
|t:|1785242562
|move|p1b: Blaziken|Detect|p1b: Blaziken
|-singleturn|p1b: Blaziken|Protect
|move|p1a: Kingambit|Protect|p1a: Kingambit
|-singleturn|p1a: Kingambit|Protect
|move|p2b: Toxapex|Wide Guard|p2b: Toxapex
|-singleturn|p2b: Toxapex|Wide Guard
|move|p2a: Garchomp|Earthquake|p1b: Blaziken|[spread] 
|-activate|p2b: Toxapex|move: Wide Guard
|-activate|p1a: Kingambit|move: Protect
|-activate|p1b: Blaziken|move: Protect
|
|-ability|p1b: Blaziken|Speed Boost|boost
|-boost|p1b: Blaziken|spe|1
|upkeep
|turn|9
|
|t:|1785242572
|move|p2b: Toxapex|Wide Guard|p2b: Toxapex
|-singleturn|p2b: Toxapex|Wide Guard
|move|p1b: Blaziken|Close Combat|p2a: Garchomp
|-damage|p2a: Garchomp|0 fnt
|-unboost|p1b: Blaziken|def|1
|-unboost|p1b: Blaziken|spd|1
|-damage|p1b: Blaziken|29/100|[from] ability: Rough Skin|[of] p2a: Garchomp
|faint|p2a: Garchomp
|move|p1a: Kingambit|Kowtow Cleave|p2b: Toxapex
|-damage|p2b: Toxapex|59/100
|-damage|p1a: Kingambit|4/100|[from] item: Life Orb
|
|-heal|p2b: Toxapex|64/100|[from] item: Leftovers
|-ability|p1b: Blaziken|Speed Boost|boost
|-boost|p1b: Blaziken|spe|1
|upkeep
|turn|10
|
|t:|1785242581
|move|p1b: Blaziken|Rock Slide|p2b: Toxapex|[miss]
|-miss|p1b: Blaziken|p2b: Toxapex
|move|p1a: Kingambit|Kowtow Cleave|p2b: Toxapex
|-damage|p2b: Toxapex|24/100
|-damage|p1a: Kingambit|0 fnt|[from] item: Life Orb
|faint|p1a: Kingambit
|move|p2b: Toxapex|Toxic|p1b: Blaziken
|-status|p1b: Blaziken|tox
|
|-heal|p2b: Toxapex|29/100|[from] item: Leftovers
|-damage|p1b: Blaziken|24/100 tox|[from] psn
|-ability|p1b: Blaziken|Speed Boost|boost
|-boost|p1b: Blaziken|spe|1
|upkeep
|turn|11
|
|t:|1785242593
|move|p2b: Toxapex|Baneful Bunker|p2b: Toxapex
|-singleturn|p2b: Toxapex|move: Protect
|move|p1b: Blaziken|Close Combat|p2b: Toxapex
|-activate|p2b: Toxapex|move: Protect
|
|-heal|p2b: Toxapex|35/100|[from] item: Leftovers
|-damage|p1b: Blaziken|12/100 tox|[from] psn
|-ability|p1b: Blaziken|Speed Boost|boost
|-boost|p1b: Blaziken|spe|1
|upkeep
|turn|12
|
|t:|1785242614
|move|p1b: Blaziken|Close Combat|p2b: Toxapex
|-resisted|p2b: Toxapex|1
|-damage|p2b: Toxapex|12/100
|-unboost|p1b: Blaziken|def|1
|-unboost|p1b: Blaziken|spd|1
|move|p2b: Toxapex|Infestation|p1b: Blaziken
|-resisted|p1b: Blaziken|2
|-damage|p1b: Blaziken|10/100 tox
|-activate|p1b: Blaziken|move: Infestation|[of] p2b: Toxapex
|
|-heal|p2b: Toxapex|17/100|[from] item: Leftovers
|-damage|p1b: Blaziken|0 fnt|[from] psn
|faint|p1b: Blaziken
|
|win|G3N13
||i magic 2 soon is ready for game 3.
