|j|☆Allat78
|j|☆KodeBeast0526
|html|Allat78KodeBeast0526    
|uhtml|bestof|Game 1 of a best-of-3
|t:|1784514058
|gametype|doubles
|player|p1|Allat78|hilbert-wonderlauncher|1113
|player|p2|KodeBeast0526|sailor|1245
|gen|9
|tier|[Gen 9 Champions] VGC 2026 Reg M-B (Bo3)
|rated|
|rule|Species Clause: Limit one of each Pokémon
|rule|Item Clause: Limit 1 of each item
|clearpoke
|poke|p1|Audino, L50, F|
|poke|p1|Incineroar, L50, M|
|poke|p1|Tsareena, L50, F|
|poke|p1|Lycanroc-Dusk, L50, F|
|poke|p1|Feraligatr, L50, F|
|poke|p1|Dragalge, L50, M|
|poke|p2|Aerodactyl, L50, M, shiny|
|poke|p2|Kingambit, L50, M, shiny|
|poke|p2|Sylveon, L50, M, shiny|
|poke|p2|Garchomp, L50, M, shiny|
|poke|p2|Charizard, L50, M, shiny|
|poke|p2|Farigiraf, L50, F, shiny|
|teampreview|4
|showteam|p1|Audino||Audinite|Regenerator|DrainingKiss,CalmMind,HyperVoice,Protect|Modest||F|||50|]Incineroar||ChopleBerry|Intimidate|FlareBlitz,ThroatChop,FakeOut,PartingShot|Adamant||M|||50|]Tsareena||ChoiceScarf|QueenlyMajesty|TropKick,HighJumpKick,TripleAxel,Uturn|Jolly||F|||50|]Lycanroc-Dusk||FocusSash|ToughClaws|Accelerock,CloseCombat,SwordsDance,RockSlide|Jolly||F|||50|]Feraligatr||LifeOrb|SheerForce|Liquidation,RockSlide,DragonDance,AquaJet|Adamant||F|||50|]Dragalge||Dragalgite|PoisonPoint|DracoMeteor,SludgeBomb,FlipTurn,Protect|Calm||M|||50|
|showteam|p2|Aerodactyl||Aerodactylite|Unnerve|RockSlide,IceFang,Tailwind,WideGuard|Jolly||M|||50|]Kingambit||FocusSash|Defiant|KowtowCleave,SuckerPunch,IronHead,LowKick|Adamant||M|||50|]Sylveon||LifeOrb|Pixilate|Detect,HyperVoice,HyperBeam,QuickAttack|Modest||M|||50|]Garchomp||ChoiceScarf|RoughSkin|Earthquake,DragonClaw,StompingTantrum,StoneEdge|Jolly||M|||50|]Charizard||CharizarditeY|Blaze|Protect,HeatWave,SolarBeam,WeatherBall|Modest||M|||50|]Farigiraf||SitrusBerry|ArmorTail|Thunderbolt,PsychicNoise,TrickRoom,HelpingHand|Bold||F|||50|
|inactive|Battle timer is ON: inactive players will automatically lose when time's up. (requested by KodeBeast0526)
|
|t:|1784514097
|teamsize|p1|4
|teamsize|p2|4
|start
|switch|p1a: Feraligatr|Feraligatr, L50, F|100/100
|switch|p1b: Lingote|Incineroar, L50, M|100/100
|switch|p2a: Kingambit|Kingambit, L50, M, shiny|100/100
|switch|p2b: Farigiraf|Farigiraf, L50, F, shiny|100/100
|-ability|p1b: Lingote|Intimidate|boost
|-unboost|p2a: Kingambit|atk|1
|-ability|p2a: Kingambit|Defiant|boost
|-boost|p2a: Kingambit|atk|2
|-unboost|p2b: Farigiraf|atk|1
|turn|1
|inactive|Allat78 has 30 seconds left.
|
|t:|1784514128
|move|p1a: Feraligatr|Dragon Dance|p1a: Feraligatr
|-boost|p1a: Feraligatr|atk|1
|-boost|p1a: Feraligatr|spe|1
|move|p2a: Kingambit|Kowtow Cleave|p1a: Feraligatr
|-damage|p1a: Feraligatr|13/100
|move|p1b: Lingote|Flare Blitz|p2a: Kingambit
|-supereffective|p2a: Kingambit|1
|-damage|p2a: Kingambit|6/100
|-damage|p1b: Lingote|71/100|[from] Recoil
|move|p2b: Farigiraf|Trick Room|p2b: Farigiraf
|-fieldstart|move: Trick Room|[of] p2b: Farigiraf
|
|upkeep
|turn|2
|
|t:|1784514144
|move|p1b: Lingote|Flare Blitz|p2a: Kingambit
|-supereffective|p2a: Kingambit|1
|-damage|p2a: Kingambit|0 fnt
|faint|p2a: Kingambit
|-damage|p1b: Lingote|69/100|[from] Recoil
|move|p2b: Farigiraf|Thunderbolt|p1a: Feraligatr
|-supereffective|p1a: Feraligatr|1
|-crit|p1a: Feraligatr
|-damage|p1a: Feraligatr|0 fnt
|faint|p1a: Feraligatr
|
|upkeep
|
|t:|1784514153
|switch|p2a: Garchomp|Garchomp, L50, M, shiny|100/100
|switch|p1a: Lycanroc|Lycanroc-Dusk, L50, F|100/100
|turn|3
|
|t:|1784514162
|move|p1b: Lingote|Parting Shot|p2a: Garchomp
|-unboost|p2a: Garchomp|atk|1
|-unboost|p2a: Garchomp|spa|1
|
|t:|1784514169
|switch|p1b: Tsareena|Tsareena, L50, F|100/100|[from] Parting Shot
|move|p2b: Farigiraf|Psychic Noise|p1a: Lycanroc
|-damage|p1a: Lycanroc|52/100
|-start|p1a: Lycanroc|move: Heal Block
|move|p1a: Lycanroc|Close Combat|p2a: Garchomp
|-damage|p2a: Garchomp|48/100
|-unboost|p1a: Lycanroc|def|1
|-unboost|p1a: Lycanroc|spd|1
|-damage|p1a: Lycanroc|40/100|[from] ability: Rough Skin|[of] p2a: Garchomp
|move|p2a: Garchomp|Earthquake|p1b: Tsareena|[spread] p2b,p1a,p1b
|-supereffective|p1a: Lycanroc|1
|-resisted|p1b: Tsareena|1
|-damage|p2b: Farigiraf|80/100
|-damage|p1a: Lycanroc|0 fnt
|-damage|p1b: Tsareena|83/100
|faint|p1a: Lycanroc
|
|upkeep
|
|t:|1784514172
|switch|p1a: Lingote|Incineroar, L50, M|69/100
|-ability|p1a: Lingote|Intimidate|boost
|-unboost|p2a: Garchomp|atk|1
|-unboost|p2b: Farigiraf|atk|1
|turn|4
|
|t:|1784514190
|switch|p2a: Charizard|Charizard, L50, M, shiny|100/100
|move|p1a: Lingote|Throat Chop|p2b: Farigiraf
|-supereffective|p2b: Farigiraf|1
|-damage|p2b: Farigiraf|14/100
|-start|p2b: Farigiraf|Throat Chop|[silent]
|-enditem|p2b: Farigiraf|Sitrus Berry|[eat]
|-heal|p2b: Farigiraf|39/100|[from] item: Sitrus Berry
|move|p2b: Farigiraf|Thunderbolt|p1b: Tsareena
|-resisted|p1b: Tsareena|1
|-damage|p1b: Tsareena|70/100
|move|p1b: Tsareena|Triple Axel|p2a: Charizard
|-damage|p2a: Charizard|92/100
|-damage|p2a: Charizard|78/100
|-damage|p2a: Charizard|56/100
|-hitcount|p2a: Charizard|3
|
|upkeep
|turn|5
|inactive|Allat78 has 30 seconds left.
|
|t:|1784514222
|detailschange|p2a: Charizard|Charizard-Mega-Y, L50, M, shiny
|-mega|p2a: Charizard|Charizard|Charizardite Y
|-weather|SunnyDay|[from] ability: Drought|[of] p2a: Charizard
|move|p2b: Farigiraf|Helping Hand|p2a: Charizard
|-singleturn|p2a: Charizard|Helping Hand|[of] p2b: Farigiraf
|move|p1a: Lingote|Flare Blitz|p2a: Charizard
|-resisted|p2a: Charizard|1
|-damage|p2a: Charizard|6/100
|-damage|p1a: Lingote|54/100|[from] Recoil
|move|p2a: Charizard|Heat Wave|p1a: Lingote|[spread] p1a,p1b
|-resisted|p1a: Lingote|1
|-supereffective|p1b: Tsareena|1
|-damage|p1a: Lingote|6/100
|-damage|p1b: Tsareena|0 fnt
|faint|p1b: Tsareena
|
|-weather|SunnyDay|[upkeep]
|-end|p2b: Farigiraf|Throat Chop|[silent]
|-fieldend|move: Trick Room
|upkeep
|turn|6
|
|t:|1784514243
|move|p2a: Charizard|Weather Ball|p1a: Lingote
|-resisted|p1a: Lingote|1
|-damage|p1a: Lingote|0 fnt
|faint|p1a: Lingote
|
|win|KodeBeast0526
||Allat78 is ready for game 2.
|inactive|KodeBeast0526 has 30 seconds to confirm battle start!
||KodeBeast0526 is ready for game 2.
|uhtml|next|Next: Game 2 of 3
