|j|☆Hookmaster100
|j|☆Lorido
|html|Hookmaster100Lorido    
|uhtml|bestof|Game 1 of a best-of-3
|t:|1785484946
|gametype|doubles
|player|p1|Hookmaster100|1|1098
|player|p2|Lorido|102|1222
|gen|9
|tier|[Gen 9 Champions] VGC 2026 Reg M-B (Bo3)
|rated|
|rule|Species Clause: Limit one of each Pokémon
|rule|Item Clause: Limit 1 of each item
|clearpoke
|poke|p1|Tyranitar, L50, M|
|poke|p1|Milotic, L50, M|
|poke|p1|Vivillon-Fancy, L50, F|
|poke|p1|Wyrdeer, L50, F|
|poke|p1|Gholdengo, L50|
|poke|p1|Staraptor, L50, M|
|poke|p2|Delphox, L50, M|
|poke|p2|Incineroar, L50, F|
|poke|p2|Floette-Eternal, L50, F|
|poke|p2|Kingambit, L50, F|
|poke|p2|Sinistcha, L50|
|poke|p2|Sneasler, L50, F|
|teampreview|4
|showteam|p1|Tyranitar||Tyranitarite|SandStream|RockSlide,Protect,Crunch,DragonDance|Careful||M|||50|]Milotic||Leftovers|Competitive|Haze,Scald,AlluringVoice,Protect|Calm||M|||50|]Vivillon-Fancy||ChoiceScarf|CompoundEyes|SleepPowder,Tailwind,Whirlwind,Uturn|Jolly||F|||50|]Wyrdeer||FocusSash|Intimidate|SkillSwap,BodySlam,Hypnosis,Roar|Jolly||F|||50|]Gholdengo||LifeOrb|GoodasGold|MakeItRain,ShadowBall,Thunderbolt,Protect|Modest|||||50|]Staraptor||Staraptite|Intimidate|CloseCombat,DualWingbeat,BraveBird,Protect|Adamant||M|||50|
|showteam|p2|Delphox||Delphoxite|Blaze|HeatWave,Psychic,NastyPlot,Protect|Timid||M|||50|]Incineroar||SitrusBerry|Intimidate|FlareBlitz,DarkestLariat,FakeOut,PartingShot|Careful||F|||50|]Floette-Eternal||Floettite|FlowerVeil|DazzlingGleam,DrainingKiss,CalmMind,Protect|Bold||F|||50|]Kingambit||BlackGlasses|Defiant|KowtowCleave,SuckerPunch,SwordsDance,Protect|Adamant||F|||50|]Sinistcha||OccaBerry|Hospitality|MatchaGotcha,RagePowder,TrickRoom,Protect|Bold|||||50|]Sneasler||FocusSash|PoisonTouch|CloseCombat,PoisonJab,FakeOut,QuickGuard|Jolly||F|||50|
|inactive|Battle timer is ON: inactive players will automatically lose when time's up. (requested by Hookmaster100)
|
|t:|1785484976
|teamsize|p1|4
|teamsize|p2|4
|start
|switch|p1a: Wyrdeer|Wyrdeer, L50, F|100/100
|switch|p1b: Milotic|Milotic, L50, M|100/100
|switch|p2a: Kingambit|Kingambit, L50, F|100/100
|switch|p2b: Floette|Floette-Eternal, L50, F|100/100
|-ability|p1a: Wyrdeer|Intimidate|boost
|-unboost|p2a: Kingambit|atk|1
|-ability|p2a: Kingambit|Defiant|boost
|-boost|p2a: Kingambit|atk|2
|-unboost|p2b: Floette|atk|1
|turn|1
|
|t:|1785484998
|detailschange|p2b: Floette|Floette-Mega, L50, F
|-mega|p2b: Floette|Floette|Floettite
|-ability|p2b: Floette|Fairy Aura
|move|p2b: Floette|Calm Mind|p2b: Floette
|-boost|p2b: Floette|spa|1
|-boost|p2b: Floette|spd|1
|move|p1a: Wyrdeer|Skill Swap|p2a: Kingambit
|-activate|p1a: Wyrdeer|Skill Swap|Defiant|Intimidate|[of] p2a: Kingambit
|-ability|p2a: Kingambit|Intimidate|boost
|-unboost|p1a: Wyrdeer|atk|1
|-ability|p1a: Wyrdeer|Defiant|boost
|-boost|p1a: Wyrdeer|atk|2
|-unboost|p1b: Milotic|atk|1
|-ability|p1b: Milotic|Competitive|boost
|-boost|p1b: Milotic|spa|2
|move|p1b: Milotic|Scald|p2a: Kingambit
|-damage|p2a: Kingambit|56/100
|-status|p2a: Kingambit|brn
|move|p2a: Kingambit|Swords Dance|p2a: Kingambit
|-boost|p2a: Kingambit|atk|2
|
|-damage|p2a: Kingambit|50/100g brn|[from] brn
|upkeep
|turn|2
|inactive|Hookmaster100 has 30 seconds left.
|inactive|Lorido has 30 seconds left.
|inactive|Hookmaster100 has 20 seconds left.
|
|t:|1785485034
|move|p2b: Floette|Dazzling Gleam|p1a: Wyrdeer|[spread] p1a,p1b
|-damage|p1a: Wyrdeer|24/100
|-damage|p1b: Milotic|58/100
|move|p1a: Wyrdeer|Body Slam|p2b: Floette
|-damage|p2b: Floette|54/100
|-status|p2b: Floette|par
|move|p1b: Milotic|Haze|p1b: Milotic
|-clearallboost
|move|p2a: Kingambit|Kowtow Cleave|p1a: Wyrdeer
|-supereffective|p1a: Wyrdeer|1
|-damage|p1a: Wyrdeer|0 fnt
|faint|p1a: Wyrdeer
|
|-heal|p1b: Milotic|64/100|[from] item: Leftovers
|-damage|p2a: Kingambit|44/100 brn|[from] brn
|upkeep
|
|t:|1785485049
|switch|p1a: Staraptor|Staraptor, L50, M|100/100
|-ability|p1a: Staraptor|Intimidate|boost
|-unboost|p2a: Kingambit|atk|1
|-unboost|p2b: Floette|atk|1
|turn|3
|
|t:|1785485057
|switch|p2a: Sinistcha|Sinistcha, L50|100/100
|-heal|p2b: Floette|79/100 par|[from] ability: Hospitality|[of] p2a: Sinistcha
|detailschange|p1a: Staraptor|Staraptor-Mega, L50, M
|-mega|p1a: Staraptor|Staraptor|Staraptite
|move|p2b: Floette|Protect|p2b: Floette
|-singleturn|p2b: Floette|Protect
|move|p1a: Staraptor|Close Combat|p2b: Floette
|-activate|p2b: Floette|move: Protect
|move|p1b: Milotic|Scald|p2a: Sinistcha
|-resisted|p2a: Sinistcha|1
|-damage|p2a: Sinistcha|86/100
|
|-heal|p1b: Milotic|70/100|[from] item: Leftovers
|upkeep
|turn|4
|
|t:|1785485078
|move|p1a: Staraptor|Brave Bird|p2a: Sinistcha
|-supereffective|p2a: Sinistcha|1
|-damage|p2a: Sinistcha|0 fnt
|faint|p2a: Sinistcha
|-damage|p1a: Staraptor|68/100|[from] Recoil
|move|p1b: Milotic|Scald|p2b: Floette
|-damage|p2b: Floette|57/100 par
|move|p2b: Floette|Calm Mind|p2b: Floette
|-boost|p2b: Floette|spa|1
|-boost|p2b: Floette|spd|1
|
|-heal|p1b: Milotic|76/100|[from] item: Leftovers
|upkeep
|
|t:|1785485090
|switch|p2a: Incineroar|Incineroar, L50, F|100/100
|-ability|p2a: Incineroar|Intimidate|boost
|-boost|p1a: Staraptor|atk|1
|-unboost|p1b: Milotic|atk|1
|-ability|p1b: Milotic|Competitive|boost
|-boost|p1b: Milotic|spa|2
|turn|5
|
|t:|1785485105
|move|p2a: Incineroar|Fake Out|p1b: Milotic
|-damage|p1b: Milotic|66/100
|move|p1a: Staraptor|Close Combat|p2a: Incineroar
|-supereffective|p2a: Incineroar|1
|-damage|p2a: Incineroar|0 fnt
|-boost|p1a: Staraptor|def|1
|-boost|p1a: Staraptor|spd|1
|faint|p2a: Incineroar
|cant|p1b: Milotic|flinch
|move|p2b: Floette|Draining Kiss|p1a: Staraptor
|-supereffective|p1a: Staraptor|1
|-damage|p1a: Staraptor|0 fnt
|-heal|p2b: Floette|100/100 par|[from] drain|[of] p1a: Staraptor
|faint|p1a: Staraptor
|
|-heal|p1b: Milotic|72/100|[from] item: Leftovers
|upkeep
|
|t:|1785485120
|switch|p1a: Vivillon|Vivillon-Fancy, L50, F|100/100
|switch|p2a: Kingambit|Kingambit, L50, F|44/100 brn
|turn|6
|
|t:|1785485135
|move|p1a: Vivillon|Tailwind|p1a: Vivillon
|-sidestart|p1: Hookmaster100|move: Tailwind
|move|p1b: Milotic|Scald|p2a: Kingambit
|-damage|p2a: Kingambit|4/100 brn
|move|p2a: Kingambit|Kowtow Cleave|p1b: Milotic
|-damage|p1b: Milotic|46/100
|move|p2b: Floette|Dazzling Gleam|p1b: Milotic|[spread] p1a,p1b
|-damage|p1a: Vivillon|10/100
|-damage|p1b: Milotic|9/100
|
|-heal|p1b: Milotic|14/100|[from] item: Leftovers
|-damage|p2a: Kingambit|0 fnt|[from] brn
|faint|p2a: Kingambit
|upkeep
|turn|7
|
|t:|1785485152
|move|p1a: Vivillon|Tailwind||[still]
|-fail|p1a: Vivillon
|move|p1b: Milotic|Scald|p2b: Floette
|-damage|p2b: Floette|72/100 par
|move|p2b: Floette|Dazzling Gleam|p1b: Milotic|[spread] p1a,p1b
|-damage|p1a: Vivillon|0 fnt
|-damage|p1b: Milotic|0 fnt
|faint|p1a: Vivillon
|faint|p1b: Milotic
|
|win|Lorido
