|j|☆Mr James Freak
|j|☆SuperDialga1275
|html|Mr James FreakSuperDialga1275    
|uhtml|bestof|Game 2 of a best-of-3
|t:|1782509843
|gametype|doubles
|player|p1|Mr James Freak|scientist|1229
|player|p2|SuperDialga1275|giovanni|1280
|gen|9
|tier|[Gen 9 Champions] VGC 2026 Reg M-B (Bo3)
|rated|
|rule|Species Clause: Limit one of each Pokémon
|rule|Item Clause: Limit 1 of each item
|clearpoke
|poke|p1|Delphox, L50, F, shiny|
|poke|p1|Sinistcha-Masterpiece, L50|
|poke|p1|Sneasler, L50, M, shiny|
|poke|p1|Kingambit, L50, M, shiny|
|poke|p1|Dragonite, L50, M, shiny|
|poke|p1|Grimmsnarl, L50, M, shiny|
|poke|p2|Charizard, L50, F, shiny|
|poke|p2|Whimsicott, L50, F, shiny|
|poke|p2|Garchomp, L50, M, shiny|
|poke|p2|Sneasler, L50, F, shiny|
|poke|p2|Basculegion, L50, M, shiny|
|poke|p2|Sylveon, L50, M, shiny|
|teampreview|4
|showteam|p1|Delphox||Delphoxite|Blaze|HeatWave,Psyshock,NastyPlot,Protect|Timid||F|||50|]Sinistcha-Masterpiece||SitrusBerry|Hospitality|MatchaGotcha,RagePowder,TrickRoom,Protect|Bold|||||50|]Sneasler||WhiteHerb|Unburden|CloseCombat,DireClaw,FakeOut,QuickGuard|Jolly||M|||50|]Kingambit||ChopleBerry|Defiant|KowtowCleave,SuckerPunch,LowKick,Protect|Adamant||M|||50|]Dragonite||RoseliBerry|InnerFocus|ExtremeSpeed,ScaleShot,Haze,Tailwind|Adamant||M|||50|]Grimmsnarl||LightClay|Prankster|SpiritBreak,Reflect,LightScreen,PartingShot|Relaxed||M|||50|
|showteam|p2|Charizard||CharizarditeY|Blaze|WeatherBall,HeatWave,SolarBeam,Protect|Modest||F|||50|]Whimsicott||FocusSash|Prankster|Moonblast,Tailwind,Protect,Encore|Timid||F|||50|]Garchomp||LifeOrb|RoughSkin|DragonClaw,RockSlide,Earthquake,Protect|Jolly||M|||50|]Sneasler||WhiteHerb|Unburden|DireClaw,CloseCombat,Protect,FakeOut|Adamant||F|||50|]Basculegion||ChoiceScarf|Adaptability|AquaJet,WaveCrash,LastRespects,FlipTurn|Jolly||M|||50|]Sylveon||FairyFeather|Pixilate|HyperVoice,HyperBeam,QuickAttack,Protect|Modest||M|||50|
|inactive|Battle timer is ON: inactive players will automatically lose when time's up. (requested by SuperDialga1275)
|inactive|SuperDialga1275 has 60 seconds left.
|
|t:|1782509888
|teamsize|p1|4
|teamsize|p2|4
|start
|switch|p1a: Delphox|Delphox, L50, F, shiny|100/100
|switch|p1b: Sneasler|Sneasler, L50, M, shiny|100/100
|switch|p2a: Basculegion|Basculegion, L50, M, shiny|100/100
|switch|p2b: Whimsicott|Whimsicott, L50, F, shiny|100/100
|turn|1
|
|t:|1782509908
|switch|p1b: Kingambit|Kingambit, L50, M, shiny|100/100
|detailschange|p1a: Delphox|Delphox-Mega, L50, F, shiny
|-mega|p1a: Delphox|Delphox|Delphoxite
|move|p1a: Delphox|Protect|p1a: Delphox
|-singleturn|p1a: Delphox|Protect
|move|p2a: Basculegion|Wave Crash|p1a: Delphox
|-activate|p1a: Delphox|move: Protect
|move|p2b: Whimsicott|Moonblast|p1b: Kingambit
|-damage|p1b: Kingambit|65/100
|-unboost|p1b: Kingambit|spa|1
|-ability|p1b: Kingambit|Defiant|boost
|-boost|p1b: Kingambit|atk|2
|
|upkeep
|turn|2
|c|☆SuperDialga1275|you're seeing this, right?
|
|t:|1782509932
|switch|p1a: Sneasler|Sneasler, L50, M, shiny|100/100
|move|p2b: Whimsicott|Encore||[still]
|-fail|p2b: Whimsicott
|move|p1b: Kingambit|Sucker Punch|p2a: Basculegion
|-supereffective|p2a: Basculegion|1
|-damage|p2a: Basculegion|0 fnt
|faint|p2a: Basculegion
|
|upkeep
|
|t:|1782509936
|switch|p2a: Charizard|Charizard, L50, F, shiny|100/100
|turn|3
|c|☆Mr James Freak|Indeed I am
|inactive|Mr James Freak has 30 seconds left.
|
|t:|1782509962
|move|p2b: Whimsicott|Protect|p2b: Whimsicott
|-singleturn|p2b: Whimsicott|Protect
|move|p2a: Charizard|Protect|p2a: Charizard
|-singleturn|p2a: Charizard|Protect
|move|p1a: Sneasler|Fake Out|p2b: Whimsicott
|-activate|p2b: Whimsicott|move: Protect
|move|p1b: Kingambit|Sucker Punch||[still]
|-fail|p1b: Kingambit
|
|upkeep
|turn|4
|
|t:|1782509976
|switch|p1a: Delphox|Delphox-Mega, L50, F, shiny|100/100
|switch|p2a: Garchomp|Garchomp, L50, M, shiny|100/100
|move|p1b: Kingambit|Sucker Punch||[still]
|-fail|p1b: Kingambit
|move|p2b: Whimsicott|Moonblast|p1b: Kingambit
|-damage|p1b: Kingambit|29/100
|-unboost|p1b: Kingambit|spa|1
|-ability|p1b: Kingambit|Defiant|boost
|-boost|p1b: Kingambit|atk|2
|
|upkeep
|turn|5
|
|t:|1782509997
|move|p2a: Garchomp|Protect|p2a: Garchomp
|-singleturn|p2a: Garchomp|Protect
|move|p1b: Kingambit|Protect|p1b: Kingambit
|-singleturn|p1b: Kingambit|Protect
|move|p1a: Delphox|Heat Wave|p2b: Whimsicott|[spread] p2b
|-activate|p2a: Garchomp|move: Protect
|-supereffective|p2b: Whimsicott|1
|-enditem|p2b: Whimsicott|Focus Sash
|-damage|p2b: Whimsicott|1/100
|-status|p2b: Whimsicott|brn
|move|p2b: Whimsicott|Moonblast|p1b: Kingambit
|-activate|p1b: Kingambit|move: Protect
|
|-damage|p2b: Whimsicott|0 fnt|[from] brn
|faint|p2b: Whimsicott
|upkeep
|c|☆SuperDialga1275|what did you do???
|c|☆SuperDialga1275|every possible thing that could go wrong went wrong
|inactive|SuperDialga1275 has 30 seconds left.
|
|t:|1782510025
|switch|p2b: Charizard|Charizard, L50, F, shiny|100/100
|turn|6
|c|☆SuperDialga1275|this is the rarest game ever
|
|t:|1782510045
|move|p2b: Charizard|Protect|p2b: Charizard
|-singleturn|p2b: Charizard|Protect
|move|p1b: Kingambit|Sucker Punch|p2a: Garchomp
|-damage|p2a: Garchomp|0 fnt
|-damage|p1b: Kingambit|17/100|[from] ability: Rough Skin|[of] p2a: Garchomp
|faint|p2a: Garchomp
|move|p1a: Delphox|Psyshock|p2b: Charizard
|-activate|p2b: Charizard|move: Protect
|
|upkeep
|turn|7
|
|t:|1782510051
|detailschange|p2b: Charizard|Charizard-Mega-Y, L50, F, shiny
|-mega|p2b: Charizard|Charizard|Charizardite Y
|-weather|SunnyDay|[from] ability: Drought|[of] p2b: Charizard
|move|p1b: Kingambit|Sucker Punch|p2b: Charizard
|-damage|p2b: Charizard|0 fnt
|faint|p2b: Charizard
|
|win|Mr James Freak
|raw|Mr James Freak's rating: 1229 → 1258(+29 for winning)
|raw|SuperDialga1275's rating: 1280 → 1251(-29 for losing)
|c|☆SuperDialga1275|ggwp
|c|☆Mr James Freak|ggs sorry for burns
|c|☆SuperDialga1275|you played perfectly
|c|☆SuperDialga1275|the burns only helped
|c|☆SuperDialga1275|slightly
|l|☆Mr James Freak
|player|p1|
