|j|☆ryanpowneyissoslay
|j|☆epic17x
|html|ryanpowneyissoslayepic17x    
|uhtml|bestof|Game 3 of a best-of-3
|t:|1756406900
|gametype|doubles
|player|p1|ryanpowneyissoslay|ghetsis|1338
|player|p2|epic17x|steven|1373
|gen|9
|tier|[Gen 9] VGC 2025 Reg H (Bo3)
|rated|
|rule|Species Clause: Limit one of each Pokémon
|rule|Item Clause: Limit 1 of each item
|clearpoke
|poke|p1|Dragonite, L50, M|
|poke|p1|Ursaluna-Bloodmoon, L50, M|
|poke|p1|Whimsicott, L50, F|
|poke|p1|Gholdengo, L50|
|poke|p1|Incineroar, L50, M|
|poke|p1|Annihilape, L50, F|
|poke|p2|Ninetales-Alola, L50, M|
|poke|p2|Rillaboom, L50, M|
|poke|p2|Magmar, L50, F|
|poke|p2|Sneasler, L50, F|
|poke|p2|Kingambit, L50, F|
|poke|p2|Basculegion, L50, M|
|teampreview|4
|showteam|p1|Dragonite||LoadedDice|Multiscale|ScaleShot,ExtremeSpeed,IceSpinner,Protect|||M|||50|,,,,,Fairy]Ursaluna-Bloodmoon||AssaultVest|MindsEye|BloodMoon,HyperVoice,EarthPower,VacuumWave|||M|||50|,,,,,Water]Whimsicott||CovertCloak|Prankster|FakeTears,Tailwind,Encore,Moonblast|||F|||50|,,,,,Poison]Gholdengo||ChoiceSpecs|GoodasGold|MakeItRain,ShadowBall,PowerGem,SteelBeam||||||50|,,,,,Steel]Incineroar||MirrorHerb|Intimidate|FakeOut,PartingShot,KnockOff,FlareBlitz|||M|||50|,,,,,Ghost]Annihilape||SafetyGoggles|Defiant|CloseCombat,RageFist,Taunt,FinalGambit|||F|||50|,,,,,Water
|showteam|p2|Ninetales-Alola||NeverMeltIce|SnowWarning|Blizzard,FreezeDry,Encore,Protect|||M|||50|,,,,,Ghost]Rillaboom||AssaultVest|GrassySurge|WoodHammer,FakeOut,Uturn,GrassyGlide|||M|||50|,,,,,Ghost]Magmar||Eviolite|VitalSpirit|Protect,HeatWave,WillOWisp,FollowMe|||F|||50|,,,,,Ghost]Sneasler||FocusSash|PoisonTouch|FakeOut,DireClaw,CloseCombat,Protect|||F|||50|,,,,,Ghost]Kingambit||BlackGlasses|Defiant|KowtowCleave,SwordsDance,SuckerPunch,Protect|||F|||50|,,,,,Fire]Basculegion||ChoiceScarf|Adaptability|WaveCrash,FlipTurn,TeraBlast,LastRespects|||M|||50|,,,,,Fighting
|inactive|Battle timer is ON: inactive players will automatically lose when time's up. (requested by epic17x)
|inactive|ryanpowneyissoslay also wants the timer to be on.
|inactive|epic17x has 60 seconds left.
|
|t:|1756406953
|teamsize|p1|4
|teamsize|p2|4
|start
|switch|p1a: Ursaluna|Ursaluna-Bloodmoon, L50, M|100/100
|switch|p1b: Whimsicott|Whimsicott, L50, F|100/100
|switch|p2a: Sneasler|Sneasler, L50, F|100/100
|switch|p2b: Kingambit|Kingambit, L50, F|100/100
|turn|1
|
|t:|1756406975
|-terastallize|p1a: Ursaluna|Water
|move|p1b: Whimsicott|Tailwind|p1b: Whimsicott
|-sidestart|p1: ryanpowneyissoslay|move: Tailwind
|move|p2a: Sneasler|Close Combat|p1a: Ursaluna
|-damage|p1a: Ursaluna|53/100
|-unboost|p2a: Sneasler|def|1
|-unboost|p2a: Sneasler|spd|1
|move|p1a: Ursaluna|Earth Power|p2b: Kingambit
|-supereffective|p2b: Kingambit
|-damage|p2b: Kingambit|3/100
|move|p2b: Kingambit|Kowtow Cleave|p1a: Ursaluna
|-damage|p1a: Ursaluna|7/100
|
|upkeep
|turn|2
|
|t:|1756406997
|move|p2a: Sneasler|Protect|p2a: Sneasler
|-singleturn|p2a: Sneasler|Protect
|move|p2b: Kingambit|Protect|p2b: Kingambit
|-singleturn|p2b: Kingambit|Protect
|move|p1a: Ursaluna|Vacuum Wave|p2a: Sneasler
|-activate|p2a: Sneasler|move: Protect
|move|p1b: Whimsicott|Moonblast|p2a: Sneasler
|-activate|p2a: Sneasler|move: Protect
|
|upkeep
|turn|3
|
|t:|1756407016
|switch|p2b: Magmar|Magmar, L50, F|100/100
|-terastallize|p2a: Sneasler|Ghost
|move|p1b: Whimsicott|Encore|p2a: Sneasler
|-start|p2a: Sneasler|Encore
|move|p1a: Ursaluna|Vacuum Wave|p2b: Magmar
|-damage|p2b: Magmar|89/100
|move|p2a: Sneasler|Protect||[still]
|-fail|p2a: Sneasler
|
|upkeep
|turn|4
|
|t:|1756407028
|switch|p2a: Kingambit|Kingambit, L50, F|3/100
|move|p1b: Whimsicott|Moonblast|p2a: Kingambit
|-crit|p2a: Kingambit
|-damage|p2a: Kingambit|0 fnt
|faint|p2a: Kingambit
|move|p1a: Ursaluna|Earth Power|p2b: Magmar
|-supereffective|p2b: Magmar
|-damage|p2b: Magmar|6/100
|move|p2b: Magmar|Heat Wave|p1a: Ursaluna|[spread] p1a,p1b
|-resisted|p1a: Ursaluna
|-supereffective|p1b: Whimsicott
|-damage|p1a: Ursaluna|0 fnt
|-damage|p1b: Whimsicott|48/100
|faint|p1a: Ursaluna
|
|-sideend|p1: ryanpowneyissoslay|move: Tailwind
|upkeep
|
|t:|1756407043
|switch|p2a: Basculegion|Basculegion, L50, M|100/100
|switch|p1a: Incineroar|Incineroar, L50, M|100/100
|-ability|p1a: Incineroar|Intimidate|boost
|-unboost|p2a: Basculegion|atk|1
|-unboost|p2b: Magmar|atk|1
|turn|5
|inactive|epic17x has 30 seconds left.
|
|t:|1756407073
|move|p1b: Whimsicott|Tailwind|p1b: Whimsicott
|-sidestart|p1: ryanpowneyissoslay|move: Tailwind
|move|p1a: Incineroar|Knock Off|p2a: Basculegion
|-supereffective|p2a: Basculegion
|-damage|p2a: Basculegion|2/100
|-enditem|p2a: Basculegion|Choice Scarf|[from] move: Knock Off|[of] p1a: Incineroar
|move|p2a: Basculegion|Flip Turn|p1a: Incineroar
|-supereffective|p1a: Incineroar
|-damage|p1a: Incineroar|48/100
|
|t:|1756407081
|switch|p2a: Sneasler|Sneasler, L50, F, tera:Ghost|100/100|[from] Flip Turn
|move|p2b: Magmar|Heat Wave|p1b: Whimsicott|[spread] p1a
|-miss|p2b: Magmar|p1b: Whimsicott
|-resisted|p1a: Incineroar
|-damage|p1a: Incineroar|36/100
|
|upkeep
|turn|6
|
|t:|1756407100
|move|p2a: Sneasler|Fake Out|p1a: Incineroar
|-damage|p1a: Incineroar|23/100
|move|p1b: Whimsicott|Moonblast|p2b: Magmar
|-resisted|p2b: Magmar
|-damage|p2b: Magmar|0 fnt
|faint|p2b: Magmar
|cant|p1a: Incineroar|flinch
|
|upkeep
|
|t:|1756407104
|switch|p2b: Basculegion|Basculegion, L50, M|2/100
|turn|7
|
|t:|1756407114
|move|p1b: Whimsicott|Moonblast|p2b: Basculegion
|-damage|p2b: Basculegion|0 fnt
|faint|p2b: Basculegion
|move|p1a: Incineroar|Knock Off|p2a: Sneasler
|-supereffective|p2a: Sneasler
|-enditem|p2a: Sneasler|Focus Sash
|-damage|p2a: Sneasler|1/100
|move|p2a: Sneasler|Dire Claw|p1b: Whimsicott
|-supereffective|p1b: Whimsicott
|-damage|p1b: Whimsicott|0 fnt
|faint|p1b: Whimsicott
|
|upkeep
|
|t:|1756407117
|switch|p1b: Annihilape|Annihilape, L50, F|100/100
|turn|8
|-message|epic17x forfeited.
|
|win|ryanpowneyissoslay
|raw|ryanpowneyissoslay's rating: 1338 → 1360(+22 for winning)
|raw|epic17x's rating: 1373 → 1351(-22 for losing)
|c|☆ryanpowneyissoslay|Gg
|l|☆epic17x
|player|p2|
|j|☆epic17x
|player|p2|epic17x|steven|
