|j|â˜†iFlamercenar
|j|â˜†marcusquinn
|html|iFlamercenarmarcusquinn    
|uhtml|bestof|Game 2 of a best-of-3
|t:|1755040999
|gametype|doubles
|player|p1|iFlamercenar|2|1262
|player|p2|marcusquinn|hilbert-wonderlauncher|1254
|gen|9
|tier|[Gen 9] VGC 2025 Reg H (Bo3)
|rated|
|rule|Species Clause: Limit one of each PokÃ©mon
|rule|Item Clause: Limit 1 of each item
|clearpoke
|poke|p1|Armarouge, L50, F|
|poke|p1|Indeedee, L50, M|
|poke|p1|Annihilape, L50, M|
|poke|p1|Sneasler, L50, M|
|poke|p1|Whimsicott, L50, F|
|poke|p1|Ursaluna-Bloodmoon, L50, M|
|poke|p2|Whimsicott, L50, M|
|poke|p2|Archaludon, L50, M|
|poke|p2|Porygon2, L50|
|poke|p2|Incineroar, L50, F|
|poke|p2|Ursaluna, L50, M|
|poke|p2|Sneasler, L50, M|
|teampreview|4
|showteam|p1|Armarouge||SitrusBerry|FlashFire|HeatWave,ExpandingForce,TrickRoom,Protect|||F|||50|,,,,,Grass]Indeedee||ChoiceSpecs|PsychicSurge|ExpandingForce,Psychic,HyperVoice,TeraBlast|||M|||50|,,,,,Fighting]Annihilape||ChoiceScarf|Defiant|FinalGambit,CloseCombat,ShadowClaw,Uturn|||M|||50|,,,,,Fire]Sneasler||PsychicSeed|Unburden|DireClaw,CloseCombat,ThroatChop,Protect|||M|||50|,,,,,Dark]Whimsicott||FocusSash|Prankster|Moonblast,BeatUp,Tailwind,Encore|||F|||50|,,,,,Steel]Ursaluna-Bloodmoon||LifeOrb|MindsEye|BloodMoon,HyperVoice,EarthPower,Protect|||M|||50|,,,,,Normal
|showteam|p2|Whimsicott||CovertCloak|Prankster|Protect,Moonblast,Encore,Tailwind|||M|||50|,,,,,Water]Archaludon||PowerHerb|Sturdy|Protect,ElectroShot,DracoMeteor,FlashCannon|||M|||50|,,,,,Electric]Porygon2||Eviolite|Download|TeraBlast,IceBeam,Recover,TrickRoom||||||50|,,,,,Fighting]Incineroar||SitrusBerry|Intimidate|FlareBlitz,KnockOff,FakeOut,PartingShot|||F|||50|,,,,,Ghost]Ursaluna||FlameOrb|Guts|HeadlongRush,Facade,Earthquake,Protect|||M|||50|,,,,,Ghost]Sneasler||FocusSash|Unburden|Protect,CloseCombat,DireClaw,ThroatChop|||M|||50|,,,,,Stellar
|inactive|Battle timer is ON: inactive players will automatically lose when time's up. (requested by marcusquinn)
|
|t:|1755041028
|teamsize|p1|4
|teamsize|p2|4
|start
|switch|p1a: Annihilape|Annihilape, L50, M|100/100
|switch|p1b: Whimsicott|Whimsicott, L50, F|100/100
|switch|p2a: Archaludon|Archaludon, L50, M|100/100
|switch|p2b: Sneasler|Sneasler, L50, M|100/100
|turn|1
|inactive|marcusquinn has 30 seconds left.
|
|t:|1755041054
|-terastallize|p1b: Whimsicott|Steel
|move|p1b: Whimsicott|Tailwind|p1b: Whimsicott
|-sidestart|p1: iFlamercenar|move: Tailwind
|move|p1a: Annihilape|U-turn|p2b: Sneasler
|-resisted|p2b: Sneasler
|-damage|p2b: Sneasler|92/100
|
|t:|1755041061
|switch|p1a: Indeedee|Indeedee, L50, M|100/100|[from] U-turn
|-fieldstart|move: Psychic Terrain|[from] ability: Psychic Surge|[of] p1a: Indeedee
|move|p2b: Sneasler|Dire Claw|p1b: Whimsicott
|-immune|p1b: Whimsicott
|move|p2a: Archaludon|Electro Shot||[still]
|-prepare|p2a: Archaludon|Electro Shot
|-boost|p2a: Archaludon|spa|1
|-enditem|p2a: Archaludon|Power Herb
|-anim|p2a: Archaludon|Electro Shot|p1b: Whimsicott
|-enditem|p1b: Whimsicott|Focus Sash
|-damage|p1b: Whimsicott|1/100
|
|upkeep
|turn|2
|inactive|marcusquinn has 30 seconds left.
|inactive|marcusquinn has 20 seconds left.
|inactive|marcusquinn has 15 seconds left.
|inactive|marcusquinn has 10 seconds left.
|inactive|marcusquinn has 5 seconds left.
|
|t:|1755041116
|move|p2b: Sneasler|Protect|p2b: Sneasler
|-singleturn|p2b: Sneasler|Protect
|move|p2a: Archaludon|Protect|p2a: Archaludon
|-singleturn|p2a: Archaludon|Protect
|move|p1b: Whimsicott|Encore|p2a: Archaludon
|-activate|p2a: Archaludon|move: Psychic Terrain
|move|p1a: Indeedee|Expanding Force|p2a: Archaludon|[spread] 
|-activate|p2a: Archaludon|move: Protect
|-activate|p2b: Sneasler|move: Protect
|
|upkeep
|turn|3
|inactive|marcusquinn has 30 seconds left.
|
|t:|1755041145
|switch|p2b: Whimsicott|Whimsicott, L50, M|100/100
|switch|p2a: Ursaluna|Ursaluna, L50, M|100/100
|move|p1b: Whimsicott|Encore|p2a: Ursaluna
|-activate|p2a: Ursaluna|move: Psychic Terrain
|move|p1a: Indeedee|Expanding Force|p2b: Whimsicott|[spread] p2a,p2b
|-damage|p2a: Ursaluna|25/100
|-damage|p2b: Whimsicott|0 fnt
|faint|p2b: Whimsicott
|
|-status|p2a: Ursaluna|brn|[from] item: Flame Orb
|upkeep
|
|t:|1755041158
|switch|p2b: Archaludon|Archaludon, L50, M|100/100
|turn|4
|inactive|marcusquinn has 30 seconds left.
|inactive|marcusquinn has 20 seconds left.
|
|t:|1755041195
|switch|p1b: Annihilape|Annihilape, L50, M|100/100
|move|p2a: Ursaluna|Protect|p2a: Ursaluna
|-singleturn|p2a: Ursaluna|Protect
|move|p1a: Indeedee|Expanding Force|p2a: Ursaluna|[spread] p2b
|-activate|p2a: Ursaluna|move: Protect
|-resisted|p2b: Archaludon
|-damage|p2b: Archaludon|45/100
|move|p2b: Archaludon|Draco Meteor|p1a: Indeedee
|-damage|p1a: Indeedee|3/100
|-unboost|p2b: Archaludon|spa|2
|
|-damage|p2a: Ursaluna|19/100 brn|[from] brn
|-sideend|p1: iFlamercenar|move: Tailwind
|upkeep
|turn|5
|inactive|marcusquinn has 30 seconds left.
|inactive|marcusquinn has 20 seconds left.
|inactive|marcusquinn has 15 seconds left.
|inactive|marcusquinn has 10 seconds left.
|inactive|marcusquinn has 5 seconds left.
|
|t:|1755041250
|move|p2b: Archaludon|Protect|p2b: Archaludon
|-singleturn|p2b: Archaludon|Protect
|move|p1b: Annihilape|U-turn|p2a: Ursaluna
|-damage|p2a: Ursaluna|5/100 brn
|
|t:|1755041256
|switch|p1b: Sneasler|Sneasler, L50, M|100/100|[from] U-turn
|-enditem|p1b: Sneasler|Psychic Seed
|-boost|p1b: Sneasler|spd|1|[from] item: Psychic Seed
|move|p1a: Indeedee|Expanding Force|p2b: Archaludon|[spread] p2a
|-activate|p2b: Archaludon|move: Protect
|-damage|p2a: Ursaluna|0 fnt
|faint|p2a: Ursaluna
|
|-fieldend|move: Psychic Terrain
|upkeep
|
|t:|1755041265
|switch|p2a: Sneasler|Sneasler, L50, M|92/100
|turn|6
|c|â˜†iFlamercenar|Ggs
|
|t:|1755041278
|move|p2b: Archaludon|Protect||[still]
|-fail|p2b: Archaludon
|move|p1b: Sneasler|Close Combat|p2b: Archaludon
|-supereffective|p2b: Archaludon
|-damage|p2b: Archaludon|0 fnt
|-unboost|p1b: Sneasler|def|1
|-unboost|p1b: Sneasler|spd|1
|faint|p2b: Archaludon
|move|p2a: Sneasler|Dire Claw|p1a: Indeedee
|-damage|p1a: Indeedee|0 fnt
|faint|p1a: Indeedee
|
|upkeep
|
|t:|1755041285
|switch|p1a: Annihilape|Annihilape, L50, M|100/100
|turn|7
|
|t:|1755041292
|move|p2a: Sneasler|Protect|p2a: Sneasler
|-singleturn|p2a: Sneasler|Protect
|move|p1b: Sneasler|Dire Claw|p2a: Sneasler
|-activate|p2a: Sneasler|move: Protect
|move|p1a: Annihilape|Final Gambit|p2a: Sneasler
|-activate|p2a: Sneasler|move: Protect
|
|upkeep
|turn|8
|
|t:|1755041308
|move|p1b: Sneasler|Protect|p1b: Sneasler
|-singleturn|p1b: Sneasler|Protect
|move|p1a: Annihilape|Final Gambit|p2a: Sneasler
|-damage|p2a: Sneasler|0 fnt
|faint|p1a: Annihilape
|faint|p2a: Sneasler
|
|win|iFlamercenar
|raw|iFlamercenar's rating: 1262 → 1286(+24 for winning)
|raw|marcusquinn's rating: 1254 → 1230(-24 for losing)
|l|â˜†iFlamercenar
|player|p1|
