|j|☆Dike Guard
|j|☆donyell malen
|html|Dike Guarddonyell malen    
|uhtml|bestof|Game 1 of a best-of-3
|t:|1783598142
|gametype|doubles
|player|p1|Dike Guard|266|1384
|player|p2|donyell malen|102|1307
|gen|9
|tier|[Gen 9 Champions] VGC 2026 Reg M-B (Bo3)
|rated|
|rule|Species Clause: Limit one of each Pokémon
|rule|Item Clause: Limit 1 of each item
|clearpoke
|poke|p1|Incineroar, L50, F|
|poke|p1|Sinistcha, L50|
|poke|p1|Sneasler, L50, M|
|poke|p1|Kingambit, L50, M|
|poke|p1|Floette-Eternal, L50, F|
|poke|p1|Basculegion, L50, M|
|poke|p2|Raichu, L50, F|
|poke|p2|Floette-Eternal, L50, F|
|poke|p2|Sinistcha, L50|
|poke|p2|Ceruledge, L50, M|
|poke|p2|Milotic, L50, M|
|poke|p2|Incineroar, L50, M|
|teampreview|4
|showteam|p1|Incineroar||SitrusBerry|Intimidate|FakeOut,FlareBlitz,HelpingHand,PartingShot|Careful||F|||50|]Sinistcha||KasibBerry|Hospitality|MatchaGotcha,TrickRoom,RagePowder,Protect|Bold|||||50|]Sneasler||FocusSash|PoisonTouch|PoisonJab,CloseCombat,Feint,FakeOut|Jolly||M|||50|]Kingambit||LifeOrb|Defiant|KowtowCleave,SuckerPunch,SwordsDance,Protect|Adamant||M|||50|]Floette-Eternal||Floettite|FlowerVeil|Moonblast,DazzlingGleam,CalmMind,Protect|Modest||F|||50|]Basculegion||ChoiceScarf|Adaptability|WaveCrash,LastRespects,FlipTurn,AquaJet|Jolly||M|||50|
|showteam|p2|Raichu||RaichuniteY|LightningRod|ZapCannon,FocusBlast,FakeOut,Protect|Timid||F|||50|]Floette-Eternal||Floettite|FlowerVeil|Moonblast,DrainingKiss,CalmMind,Protect|Modest||F|||50|]Sinistcha||KasibBerry|Hospitality|MatchaGotcha,LifeDew,RagePowder,Protect|Relaxed|||||50|]Ceruledge||ColburBerry|FlashFire|BitterBlade,ShadowSneak,BulkUp,Protect|Adamant||M|||50|]Milotic||Leftovers|Competitive|MuddyWater,Coil,Hypnosis,Protect|Calm||M|||50|]Incineroar||SitrusBerry|Intimidate|FlareBlitz,ThroatChop,FakeOut,PartingShot|Impish||M|||50|
|c|☆Dike Guard|donyell malen goat
|
|t:|1783598188
|teamsize|p1|4
|teamsize|p2|4
|start
|switch|p1a: Floette|Floette-Eternal, L50, F|100/100
|switch|p1b: Sneasler|Sneasler, L50, M|100/100
|switch|p2a: Milotic|Milotic, L50, M|100/100
|switch|p2b: Ceruledge|Ceruledge, L50, M|100/100
|turn|1
|
|t:|1783598204
|detailschange|p1a: Floette|Floette-Mega, L50, F
|-mega|p1a: Floette|Floette|Floettite
|-ability|p1a: Floette|Fairy Aura
|move|p1b: Sneasler|Close Combat|p2a: Milotic
|-crit|p2a: Milotic
|-damage|p2a: Milotic|13/100
|-unboost|p1b: Sneasler|def|1
|-unboost|p1b: Sneasler|spd|1
|move|p1a: Floette|Calm Mind|p1a: Floette
|-boost|p1a: Floette|spa|1
|-boost|p1a: Floette|spd|1
|move|p2b: Ceruledge|Bulk Up|p2b: Ceruledge
|-boost|p2b: Ceruledge|atk|1
|-boost|p2b: Ceruledge|def|1
|move|p2a: Milotic|Coil|p2a: Milotic
|-boost|p2a: Milotic|atk|1
|-boost|p2a: Milotic|def|1
|-boost|p2a: Milotic|accuracy|1
|
|-heal|p2a: Milotic|19/100|[from] item: Leftovers
|upkeep
|turn|2
|
|t:|1783598222
|switch|p1b: Incineroar|Incineroar, L50, F|100/100
|-ability|p1b: Incineroar|Intimidate|boost
|-unboost|p2a: Milotic|atk|1
|-ability|p2a: Milotic|Competitive|boost
|-boost|p2a: Milotic|spa|2
|-unboost|p2b: Ceruledge|atk|1
|move|p2a: Milotic|Protect|p2a: Milotic
|-singleturn|p2a: Milotic|Protect
|move|p1a: Floette|Dazzling Gleam|p2b: Ceruledge|[spread] p2b
|-activate|p2a: Milotic|move: Protect
|-resisted|p2b: Ceruledge|1
|-damage|p2b: Ceruledge|65/100
|move|p2b: Ceruledge|Bitter Blade|p1a: Floette
|-damage|p1a: Floette|51/100
|-heal|p2b: Ceruledge|89/100|[from] drain|[of] p1a: Floette
|
|-heal|p2a: Milotic|25/100|[from] item: Leftovers
|upkeep
|turn|3
|
|t:|1783598249
|switch|p1b: Sinistcha|Sinistcha, L50|100/100
|-heal|p1a: Floette|76/100|[from] ability: Hospitality|[of] p1b: Sinistcha
|move|p1a: Floette|Dazzling Gleam|p2a: Milotic|[spread] p2a,p2b
|-resisted|p2b: Ceruledge|1
|-damage|p2a: Milotic|0 fnt
|-damage|p2b: Ceruledge|56/100
|faint|p2a: Milotic
|move|p2b: Ceruledge|Bitter Blade|p1a: Floette
|-damage|p1a: Floette|30/100
|-heal|p2b: Ceruledge|79/100|[from] drain|[of] p1a: Floette
|
|upkeep
|
|t:|1783598258
|switch|p2a: Raichu|Raichu, L50, F|100/100
|turn|4
|
|t:|1783598266
|switch|p1b: Incineroar|Incineroar, L50, F|100/100
|-ability|p1b: Incineroar|Intimidate|boost
|-unboost|p2a: Raichu|atk|1
|-unboost|p2b: Ceruledge|atk|1
|detailschange|p2a: Raichu|Raichu-Mega-Y, L50, F
|-mega|p2a: Raichu|Raichu|Raichunite Y
|move|p1a: Floette|Protect|p1a: Floette
|-singleturn|p1a: Floette|Protect
|move|p2a: Raichu|Zap Cannon|p1b: Incineroar
|-damage|p1b: Incineroar|50/100g
|-status|p1b: Incineroar|par
|move|p2b: Ceruledge|Bitter Blade|p1b: Incineroar
|-resisted|p1b: Incineroar|1
|-damage|p1b: Incineroar|38/100 par
|-heal|p2b: Ceruledge|86/100|[from] drain|[of] p1b: Incineroar
|-enditem|p1b: Incineroar|Sitrus Berry|[eat]
|-heal|p1b: Incineroar|62/100 par|[from] item: Sitrus Berry
|
|upkeep
|turn|5
|inactive|Battle timer is ON: inactive players will automatically lose when time's up. (requested by donyell malen)
|
|t:|1783598304
|switch|p1b: Sinistcha|Sinistcha, L50|100/100
|-heal|p1a: Floette|55/100|[from] ability: Hospitality|[of] p1b: Sinistcha
|move|p2a: Raichu|Protect|p2a: Raichu
|-singleturn|p2a: Raichu|Protect
|move|p1a: Floette|Moonblast|p2a: Raichu
|-activate|p2a: Raichu|move: Protect
|move|p2b: Ceruledge|Bulk Up|p2b: Ceruledge
|-boost|p2b: Ceruledge|atk|1
|-boost|p2b: Ceruledge|def|1
|
|upkeep
|turn|6
|
|t:|1783598315
|switch|p1b: Incineroar|Incineroar, L50, F|62/100 par
|-ability|p1b: Incineroar|Intimidate|boost
|-unboost|p2a: Raichu|atk|1
|-unboost|p2b: Ceruledge|atk|1
|move|p1a: Floette|Protect|p1a: Floette
|-singleturn|p1a: Floette|Protect
|move|p2a: Raichu|Zap Cannon|p1a: Floette
|-activate|p1a: Floette|move: Protect
|move|p2b: Ceruledge|Bitter Blade|p1a: Floette
|-activate|p1a: Floette|move: Protect
|
|upkeep
|turn|7
|
|t:|1783598331
|switch|p1b: Sinistcha|Sinistcha, L50|100/100
|-heal|p1a: Floette|80/100|[from] ability: Hospitality|[of] p1b: Sinistcha
|move|p2a: Raichu|Zap Cannon|p1a: Floette
|-damage|p1a: Floette|52/100
|-status|p1a: Floette|par
|move|p2b: Ceruledge|Bitter Blade|p1a: Floette
|-damage|p1a: Floette|20/100y par
|-heal|p2b: Ceruledge|100/100|[from] drain|[of] p1a: Floette
|move|p1a: Floette|Dazzling Gleam|p2b: Ceruledge|[spread] p2a,p2b
|-resisted|p2b: Ceruledge|1
|-damage|p2a: Raichu|12/100
|-damage|p2b: Ceruledge|64/100
|
|upkeep
|turn|8
|
|t:|1783598353
|switch|p2a: Sinistcha|Sinistcha, L50|100/100
|-heal|p2b: Ceruledge|88/100|[from] ability: Hospitality|[of] p2a: Sinistcha
|switch|p1a: Incineroar|Incineroar, L50, F|62/100 par
|-ability|p1a: Incineroar|Intimidate|boost
|-unboost|p2a: Sinistcha|atk|1
|-unboost|p2b: Ceruledge|atk|1
|move|p2b: Ceruledge|Bulk Up|p2b: Ceruledge
|-boost|p2b: Ceruledge|atk|1
|-boost|p2b: Ceruledge|def|1
|move|p1b: Sinistcha|Trick Room|p1b: Sinistcha
|-fieldstart|move: Trick Room|[of] p1b: Sinistcha
|
|upkeep
|turn|9
|
|t:|1783598370
|switch|p1b: Floette|Floette-Mega, L50, F|20/100y par
|-ability|p1b: Floette|Fairy Aura
|move|p2a: Sinistcha|Protect|p2a: Sinistcha
|-singleturn|p2a: Sinistcha|Protect
|move|p1a: Incineroar|Parting Shot|p2b: Ceruledge
|-unboost|p2b: Ceruledge|atk|1
|-unboost|p2b: Ceruledge|spa|1
|
|t:|1783598378
|switch|p1a: Sinistcha|Sinistcha, L50|100/100|[from] Parting Shot
|-heal|p1b: Floette|45/100 par|[from] ability: Hospitality|[of] p1a: Sinistcha
|move|p2b: Ceruledge|Bitter Blade|p1b: Floette
|-damage|p1b: Floette|21/100 par
|-heal|p2b: Ceruledge|100/100|[from] drain|[of] p1b: Floette
|
|upkeep
|turn|10
|
|t:|1783598398
|switch|p1a: Incineroar|Incineroar, L50, F|62/100 par
|-ability|p1a: Incineroar|Intimidate|boost
|-unboost|p2a: Sinistcha|atk|1
|-unboost|p2b: Ceruledge|atk|1
|move|p1b: Floette|Protect|p1b: Floette
|-singleturn|p1b: Floette|Protect
|move|p2a: Sinistcha|Matcha Gotcha|p1a: Incineroar|[spread] p1a
|-activate|p1b: Floette|move: Protect
|-resisted|p1a: Incineroar|1
|-damage|p1a: Incineroar|52/100 par
|move|p2b: Ceruledge|Bitter Blade|p1a: Incineroar
|-resisted|p1a: Incineroar|1
|-crit|p1a: Incineroar
|-damage|p1a: Incineroar|24/100 par
|
|upkeep
|turn|11
|
|t:|1783598422
|move|p1a: Incineroar|Flare Blitz|p2a: Sinistcha
|-supereffective|p2a: Sinistcha|1
|-damage|p2a: Sinistcha|25/100
|-damage|p1a: Incineroar|2/100 par|[from] Recoil
|move|p1b: Floette|Dazzling Gleam|p2a: Sinistcha|[spread] p2a,p2b
|-resisted|p2b: Ceruledge|1
|-damage|p2a: Sinistcha|0 fnt
|-damage|p2b: Ceruledge|76/100
|faint|p2a: Sinistcha
|move|p2b: Ceruledge|Bitter Blade|p1b: Floette
|-damage|p1b: Floette|2/100 par
|-heal|p2b: Ceruledge|86/100|[from] drain|[of] p1b: Floette
|
|upkeep
|
|t:|1783598433
|switch|p2a: Raichu|Raichu-Mega-Y, L50, F|12/100
|turn|12
|inactive|Dike Guard has 30 seconds left.
|
|t:|1783598462
|switch|p1a: Sinistcha|Sinistcha, L50|100/100
|-heal|p1b: Floette|27/100 par|[from] ability: Hospitality|[of] p1a: Sinistcha
|move|p1b: Floette|Protect|p1b: Floette
|-singleturn|p1b: Floette|Protect
|move|p2a: Raichu|Fake Out|p1b: Floette
|-activate|p1b: Floette|move: Protect
|move|p2b: Ceruledge|Shadow Sneak|p1a: Sinistcha
|-supereffective|p1a: Sinistcha|1
|-crit|p1a: Sinistcha
|-enditem|p1a: Sinistcha|Kasib Berry|[eat]
|-enditem|p1a: Sinistcha|Kasib Berry|[weaken]
|-damage|p1a: Sinistcha|70/100
|
|-fieldend|move: Trick Room
|upkeep
|turn|13
|
|t:|1783598476
|switch|p1b: Incineroar|Incineroar, L50, F|2/100 par
|-ability|p1b: Incineroar|Intimidate|boost
|-unboost|p2a: Raichu|atk|1
|-unboost|p2b: Ceruledge|atk|1
|move|p2a: Raichu|Zap Cannon|p1b: Incineroar
|-damage|p1b: Incineroar|0 fnt
|faint|p1b: Incineroar
|move|p2b: Ceruledge|Bitter Blade|p1a: Sinistcha
|-supereffective|p1a: Sinistcha|1
|-damage|p1a: Sinistcha|40/100
|-heal|p2b: Ceruledge|100/100|[from] drain|[of] p1a: Sinistcha
|move|p1a: Sinistcha|Matcha Gotcha|p2a: Raichu|[spread] p2a,p2b
|-resisted|p2b: Ceruledge|1
|-damage|p2a: Raichu|0 fnt
|-heal|p1a: Sinistcha|46/100|[from] drain|[of] p2a: Raichu
|-damage|p2b: Ceruledge|87/100
|-heal|p1a: Sinistcha|52/100|[from] drain|[of] p2b: Ceruledge
|faint|p2a: Raichu
|
|upkeep
|
|t:|1783598497
|switch|p1b: Sneasler|Sneasler, L50, M|100/100
|turn|14
|
|t:|1783598506
|move|p1b: Sneasler|Poison Jab|p2b: Ceruledge
|-resisted|p2b: Ceruledge|1
|-damage|p2b: Ceruledge|78/100
|move|p2b: Ceruledge|Bulk Up|p2b: Ceruledge
|-boost|p2b: Ceruledge|atk|1
|-boost|p2b: Ceruledge|def|1
|move|p1a: Sinistcha|Matcha Gotcha|p2b: Ceruledge
|-resisted|p2b: Ceruledge|1
|-damage|p2b: Ceruledge|63/100
|-heal|p1a: Sinistcha|60/100|[from] drain|[of] p2b: Ceruledge
|
|upkeep
|turn|15
|
|t:|1783598518
|move|p1b: Sneasler|Poison Jab|p2b: Ceruledge
|-resisted|p2b: Ceruledge|1
|-damage|p2b: Ceruledge|55/100
|-status|p2b: Ceruledge|psn
|move|p2b: Ceruledge|Bitter Blade|p1a: Sinistcha
|-supereffective|p1a: Sinistcha|1
|-damage|p1a: Sinistcha|29/100
|-heal|p2b: Ceruledge|71/100 psn|[from] drain|[of] p1a: Sinistcha
|move|p1a: Sinistcha|Matcha Gotcha|p2b: Ceruledge
|-resisted|p2b: Ceruledge|1
|-damage|p2b: Ceruledge|55/100 psn
|-heal|p1a: Sinistcha|37/100|[from] drain|[of] p2b: Ceruledge
|
|-damage|p2b: Ceruledge|43/100 psn|[from] psn
|upkeep
|turn|16
|
|t:|1783598538
|move|p1b: Sneasler|Poison Jab|p2b: Ceruledge
|-resisted|p2b: Ceruledge|1
|-damage|p2b: Ceruledge|34/100 psn
|move|p2b: Ceruledge|Bitter Blade|p1a: Sinistcha
|-supereffective|p1a: Sinistcha|1
|-damage|p1a: Sinistcha|7/100
|-heal|p2b: Ceruledge|49/100 psn|[from] drain|[of] p1a: Sinistcha
|move|p1a: Sinistcha|Matcha Gotcha|p2b: Ceruledge
|-resisted|p2b: Ceruledge|1
|-damage|p2b: Ceruledge|32/100 psn
|-heal|p1a: Sinistcha|16/100|[from] drain|[of] p2b: Ceruledge
|
|-damage|p2b: Ceruledge|20/100y psn|[from] psn
|upkeep
|turn|17
|
|t:|1783598553
|move|p1a: Sinistcha|Protect|p1a: Sinistcha
|-singleturn|p1a: Sinistcha|Protect
|move|p1b: Sneasler|Poison Jab|p2b: Ceruledge
|-resisted|p2b: Ceruledge|1
|-damage|p2b: Ceruledge|12/100 psn
|move|p2b: Ceruledge|Bitter Blade|p1b: Sneasler
|-damage|p1b: Sneasler|66/100
|-heal|p2b: Ceruledge|26/100 psn|[from] drain|[of] p1b: Sneasler
|
|-damage|p2b: Ceruledge|14/100 psn|[from] psn
|upkeep
|turn|18
|
|t:|1783598567
|move|p1a: Sinistcha|Rage Powder|p1a: Sinistcha
|-singleturn|p1a: Sinistcha|move: Rage Powder
|move|p2b: Ceruledge|Shadow Sneak|p1a: Sinistcha
|-supereffective|p1a: Sinistcha|1
|-damage|p1a: Sinistcha|1/100
|move|p1b: Sneasler|Poison Jab|p2b: Ceruledge
|-resisted|p2b: Ceruledge|1
|-crit|p2b: Ceruledge
|-damage|p2b: Ceruledge|0 fnt
|faint|p2b: Ceruledge
|
|win|Dike Guard
||donyell malen is ready for game 2.
||Dike Guard is ready for game 2.
|uhtml|next|Next: Game 2 of 3
|l|☆donyell malen
|player|p2|
