|j|☆ImseSIxten
|j|☆PopoVGC
|html|ImseSIxtenPopoVGC    
|uhtml|bestof|Game 2 of a best-of-3
|t:|1786047886
|gametype|doubles
|player|p1|ImseSIxten|arezu|1257
|player|p2|PopoVGC|silver|1288
|gen|9
|tier|[Gen 9 Champions] VGC 2026 Reg M-B (Bo3)
|rated|
|rule|Species Clause: Limit one of each Pokémon
|rule|Item Clause: Limit 1 of each item
|clearpoke
|poke|p1|Farigiraf, L50, M|
|poke|p1|Kingambit, L50, M|
|poke|p1|Aerodactyl, L50, F|
|poke|p1|Charizard, L50, M|
|poke|p1|Garchomp, L50, M|
|poke|p1|Sylveon, L50, M|
|poke|p2|Gholdengo, L50|
|poke|p2|Tyranitar, L50, M|
|poke|p2|Excadrill, L50, M|
|poke|p2|Pidgeot, L50, F|
|poke|p2|Tsareena, L50, F|
|poke|p2|Rotom-Wash, L50|
|teampreview|4
|showteam|p1|Farigiraf||SitrusBerry|ArmorTail|TwinBeam,TrickRoom,HelpingHand,Roar|Relaxed||M|||50|]Kingambit||ChopleBerry|Defiant|KowtowCleave,SuckerPunch,IronHead,LowKick|Adamant||M|||50|]Aerodactyl||Aerodactylite|Unnerve|RockSlide,IceFang,Tailwind,WideGuard|Jolly||F|||50|]Charizard||CharizarditeY|Blaze|WeatherBall,HeatWave,SolarBeam,Protect|Modest||M|||50|]Garchomp||LifeOrb|RoughSkin|Earthquake,StompingTantrum,DragonClaw,Protect|Jolly||M|||50|]Sylveon||FairyFeather|Pixilate|HyperVoice,HyperBeam,QuickAttack,Protect|Modest||M|||50|
|showteam|p2|Gholdengo||LifeOrb|GoodasGold|MakeItRain,ShadowBall,NastyPlot,Protect|Timid|||||50|]Tyranitar||Tyranitarite|SandStream|RockSlide,KnockOff,Protect,LowKick|Jolly||M|||50|]Excadrill||FocusSash|SandRush|IronHead,Earthquake,RockSlide,Protect|Adamant||M|||50|]Pidgeot||Pidgeotite|BigPecks|Hurricane,HeatWave,Protect,Tailwind|Timid||F|||50|]Tsareena||ChoiceScarf|QueenlyMajesty|PowerWhip,TripleAxel,Uturn,LowKick|Jolly||F|||50|]Rotom-Wash||SitrusBerry|Levitate|Thunderbolt,HydroPump,Protect,WillOWisp|Bold|||||50|
|inactive|Battle timer is ON: inactive players will automatically lose when time's up. (requested by ImseSIxten)
|
|t:|1786047909
|teamsize|p1|4
|teamsize|p2|4
|start
|switch|p1a: Farigiraf|Farigiraf, L50, M|100/100
|switch|p1b: Kingambit|Kingambit, L50, M|100/100
|switch|p2a: Tsareena|Tsareena, L50, F|100/100
|switch|p2b: Excadrill|Excadrill, L50, M|100/100
|turn|1
|inactive|PopoVGC has 30 seconds left.
|
|t:|1786047938
|move|p2a: Tsareena|Low Kick|p1b: Kingambit
|-supereffective|p1b: Kingambit|2
|-crit|p1b: Kingambit
|-enditem|p1b: Kingambit|Chople Berry|[eat]
|-enditem|p1b: Kingambit|Chople Berry|[weaken]
|-damage|p1b: Kingambit|42/100
|move|p2b: Excadrill|Earthquake|p1a: Farigiraf|[spread] p2a,p1a,p1b
|-resisted|p2a: Tsareena|1
|-supereffective|p1b: Kingambit|1
|-damage|p2a: Tsareena|72/100
|-damage|p1a: Farigiraf|62/100
|-damage|p1b: Kingambit|0 fnt
|faint|p1b: Kingambit
|move|p1a: Farigiraf|Trick Room|p1a: Farigiraf
|-fieldstart|move: Trick Room|[of] p1a: Farigiraf
|
|upkeep
|
|t:|1786047946
|switch|p1b: Sylveon|Sylveon, L50, M|100/100
|turn|2
|
|t:|1786047956
|move|p1b: Sylveon|Hyper Voice|p2a: Tsareena|[spread] p2a,p2b
|-resisted|p2b: Excadrill|1
|-damage|p2a: Tsareena|18/100
|-damage|p2b: Excadrill|72/100
|move|p2b: Excadrill|Iron Head|p1b: Sylveon
|-supereffective|p1b: Sylveon|1
|-damage|p1b: Sylveon|1/100
|move|p2a: Tsareena|Low Kick|p1a: Farigiraf
|-crit|p1a: Farigiraf
|-damage|p1a: Farigiraf|22/100
|-enditem|p1a: Farigiraf|Sitrus Berry|[eat]
|-heal|p1a: Farigiraf|46/100|[from] item: Sitrus Berry
|move|p1a: Farigiraf|Roar|p2b: Excadrill
|drag|p2b: Rotom|Rotom-Wash, L50|100/100
|
|upkeep
|turn|3
|
|t:|1786047972
|move|p1a: Farigiraf|Helping Hand|p1b: Sylveon
|-singleturn|p1b: Sylveon|Helping Hand|[of] p1a: Farigiraf
|move|p1b: Sylveon|Hyper Voice|p2a: Tsareena|[spread] p2a,p2b
|-damage|p2a: Tsareena|0 fnt
|-damage|p2b: Rotom|31/100
|-enditem|p2b: Rotom|Sitrus Berry|[eat]
|-heal|p2b: Rotom|56/100|[from] item: Sitrus Berry
|faint|p2a: Tsareena
|move|p2b: Rotom|Thunderbolt|p1b: Sylveon
|-damage|p1b: Sylveon|0 fnt
|faint|p1b: Sylveon
|
|upkeep
|
|t:|1786047978
|switch|p1b: Garchomp|Garchomp, L50, M|100/100
|switch|p2a: Tyranitar|Tyranitar, L50, M|100/100
|-weather|Sandstorm|[from] ability: Sand Stream|[of] p2a: Tyranitar
|turn|4
|
|t:|1786047997
|detailschange|p2a: Tyranitar|Tyranitar-Mega, L50, M
|-mega|p2a: Tyranitar|Tyranitar|Tyranitarite
|move|p1a: Farigiraf|Helping Hand|p1b: Garchomp
|-singleturn|p1b: Garchomp|Helping Hand|[of] p1a: Farigiraf
|move|p2b: Rotom|Will-O-Wisp|p1b: Garchomp|[miss]
|-miss|p2b: Rotom|p1b: Garchomp
|move|p2a: Tyranitar|Knock Off|p1b: Garchomp
|-damage|p1b: Garchomp|33/100
|-damage|p2a: Tyranitar|87/100|[from] ability: Rough Skin|[of] p1b: Garchomp
|-enditem|p1b: Garchomp|Life Orb|[from] move: Knock Off|[of] p2a: Tyranitar
|move|p1b: Garchomp|Stomping Tantrum|p2a: Tyranitar
|-supereffective|p2a: Tyranitar|1
|-damage|p2a: Tyranitar|6/100
|
|-weather|Sandstorm|[upkeep]
|-damage|p1a: Farigiraf|40/100|[from] Sandstorm
|-damage|p2b: Rotom|50/100g|[from] Sandstorm
|upkeep
|turn|5
|
|t:|1786048021
|move|p1b: Garchomp|Protect|p1b: Garchomp
|-singleturn|p1b: Garchomp|Protect
|move|p1a: Farigiraf|Twin Beam|p2b: Rotom
|-damage|p2b: Rotom|32/100
|-damage|p2b: Rotom|16/100
|-hitcount|p2b: Rotom|2
|move|p2b: Rotom|Hydro Pump|p1b: Garchomp
|-activate|p1b: Garchomp|move: Protect
|move|p2a: Tyranitar|Knock Off|p1a: Farigiraf
|-supereffective|p1a: Farigiraf|1
|-damage|p1a: Farigiraf|0 fnt
|faint|p1a: Farigiraf
|
|-weather|Sandstorm|[upkeep]
|-damage|p2b: Rotom|10/100|[from] Sandstorm
|-fieldend|move: Trick Room
|upkeep
|turn|6
|
|t:|1786048033
|move|p1b: Garchomp|Stomping Tantrum|p2a: Tyranitar
|-supereffective|p2a: Tyranitar|1
|-damage|p2a: Tyranitar|0 fnt
|faint|p2a: Tyranitar
|move|p2b: Rotom|Hydro Pump|p1b: Garchomp
|-damage|p1b: Garchomp|0 fnt
|faint|p1b: Garchomp
|
|win|PopoVGC
|raw|ImseSIxten's rating: 1257 → 1234(-23 for losing)
|raw|PopoVGC's rating: 1288 → 1311(+23 for winning)
|l|☆ImseSIxten
|player|p1|
