|j|☆Sapitoch 4
|j|☆lolgz
|html|Sapitoch 4lolgz    
|uhtml|bestof|Game 2 of a best-of-3
|t:|1782276158
|gametype|doubles
|player|p1|Sapitoch 4|102|1145
|player|p2|lolgz|dawn|1247
|gen|9
|tier|[Gen 9 Champions] VGC 2026 Reg M-B (Bo3)
|rated|
|rule|Species Clause: Limit one of each Pokémon
|rule|Item Clause: Limit 1 of each item
|clearpoke
|poke|p1|Rotom-Wash, L50|
|poke|p1|Gengar, L50, M|
|poke|p1|Garchomp, L50, F|
|poke|p1|Ninetales-Alola, L50, M|
|poke|p1|Incineroar, L50, F|
|poke|p1|Kingambit, L50, M|
|poke|p2|Torkoal, L50, M|
|poke|p2|Vileplume, L50, F|
|poke|p2|Charizard, L50, F|
|poke|p2|Garchomp, L50, M|
|poke|p2|Farigiraf, L50, M|
|poke|p2|Mawile, L50, F|
|teampreview|4
|showteam|p1|Rotom-Wash||SitrusBerry|Levitate|HydroPump,VoltSwitch,WillOWisp,Protect|Timid|||||50|]Gengar||Gengarite|CursedBody|SludgeBomb,ShadowBall,Disable,Protect|Timid||M|||50|]Garchomp||ChoiceScarf|RoughSkin|Earthquake,StompingTantrum,RockSlide,RockTomb|Adamant||F|||50|]Ninetales-Alola||FocusSash|SnowWarning|Blizzard,FreezeDry,Encore,Protect|Timid||M|||50|]Incineroar||PasshoBerry|Intimidate|FlareBlitz,PartingShot,FakeOut,Protect|Impish||F|||50|]Kingambit||ChopleBerry|Defiant|SuckerPunch,KowtowCleave,Protect,IronHead|Adamant||M|||50|
|showteam|p2|Torkoal||Charcoal|Drought|Eruption,WeatherBall,AncientPower,Protect|Quiet||M|||50|]Vileplume||FocusSash|Chlorophyll|EnergyBall,SludgeBomb,SleepPowder,AfterYou|Timid||F|||50|]Charizard||CharizarditeY|Blaze|HeatWave,WeatherBall,SolarBeam,Protect|Timid||F|||50|]Garchomp||LifeOrb|RoughSkin|Earthquake,RockSlide,DragonClaw,Protect|Jolly||M|||50|]Farigiraf||SitrusBerry|ArmorTail|TrickRoom,Protect,Psychic,HelpingHand|Bold||M|||50|]Mawile||Mawilite|Intimidate|SuckerPunch,PlayRough,SwordsDance,Protect|Brave||F|||50|
|inactive|Battle timer is ON: inactive players will automatically lose when time's up. (requested by lolgz)
|inactive|Sapitoch 4 has 60 seconds left.
|inactive|lolgz has 60 seconds left.
|
|t:|1782276193
|teamsize|p1|4
|teamsize|p2|4
|start
|switch|p1a: Incineroar|Incineroar, L50, F|100/100
|switch|p1b: Garchomp|Garchomp, L50, F|100/100
|switch|p2a: Charizard|Charizard, L50, F|100/100
|switch|p2b: Vileplume|Vileplume, L50, F|100/100
|-ability|p1a: Incineroar|Intimidate|boost
|-unboost|p2a: Charizard|atk|1
|-unboost|p2b: Vileplume|atk|1
|turn|1
|
|t:|1782276208
|switch|p2a: Torkoal|Torkoal, L50, M|100/100
|-weather|SunnyDay|[from] ability: Drought|[of] p2a: Torkoal
|move|p1a: Incineroar|Fake Out|p2b: Vileplume
|-damage|p2b: Vileplume|85/100
|move|p1b: Garchomp|Rock Slide|p2b: Vileplume|[spread] p2a,p2b
|-supereffective|p2a: Torkoal|1
|-damage|p2a: Torkoal|68/100
|-damage|p2b: Vileplume|54/100
|cant|p2b: Vileplume|flinch
|
|-weather|SunnyDay|[upkeep]
|upkeep
|turn|2
|inactive|Sapitoch 4 has 30 seconds left.
|inactive|Sapitoch 4 has 20 seconds left.
|
|t:|1782276245
|switch|p1b: Rotom|Rotom-Wash, L50|100/100
|switch|p2a: Garchomp|Garchomp, L50, M|100/100
|move|p2b: Vileplume|Sleep Powder|p1b: Rotom|[miss]
|-miss|p2b: Vileplume|p1b: Rotom
|move|p1a: Incineroar|Flare Blitz|p2b: Vileplume
|-supereffective|p2b: Vileplume|1
|-damage|p2b: Vileplume|0 fnt
|faint|p2b: Vileplume
|-damage|p1a: Incineroar|86/100|[from] Recoil
|
|-weather|SunnyDay|[upkeep]
|upkeep
|
|t:|1782276252
|switch|p2b: Charizard|Charizard, L50, F|100/100
|turn|3
|inactive|Sapitoch 4 has 30 seconds left.
|inactive|Sapitoch 4 has 20 seconds left.
|
|t:|1782276288
|switch|p1b: Kingambit|Kingambit, L50, M|100/100
|detailschange|p2b: Charizard|Charizard-Mega-Y, L50, F
|-mega|p2b: Charizard|Charizard|Charizardite Y
|move|p1a: Incineroar|Protect|p1a: Incineroar
|-singleturn|p1a: Incineroar|Protect
|move|p2a: Garchomp|Rock Slide|p1b: Kingambit|[spread] p1b
|-activate|p1a: Incineroar|move: Protect
|-resisted|p1b: Kingambit|1
|-damage|p1b: Kingambit|90/100
|-damage|p2a: Garchomp|90/100|[from] item: Life Orb
|move|p2b: Charizard|Solar Beam||[still]
|-prepare|p2b: Charizard|Solar Beam
|-anim|p2b: Charizard|Solar Beam|p1b: Kingambit
|-resisted|p1b: Kingambit|1
|-damage|p1b: Kingambit|67/100
|
|-weather|SunnyDay|[upkeep]
|upkeep
|turn|4
|
|t:|1782276313
|move|p1b: Kingambit|Sucker Punch|p2a: Garchomp
|-damage|p2a: Garchomp|45/100
|-damage|p1b: Kingambit|55/100|[from] ability: Rough Skin|[of] p2a: Garchomp
|move|p2a: Garchomp|Earthquake|p1b: Kingambit|[spread] p1a,p1b
|-immune|p2b: Charizard
|-supereffective|p1a: Incineroar|1
|-supereffective|p1b: Kingambit|1
|-damage|p1a: Incineroar|4/100
|-damage|p1b: Kingambit|0 fnt
|faint|p1b: Kingambit
|-damage|p2a: Garchomp|35/100|[from] item: Life Orb
|move|p2b: Charizard|Heat Wave|p1a: Incineroar
|-resisted|p1a: Incineroar|1
|-damage|p1a: Incineroar|0 fnt
|faint|p1a: Incineroar
|
|-weather|SunnyDay|[upkeep]
|upkeep
|
|t:|1782276315
|switch|p1a: Rotom|Rotom-Wash, L50|100/100
|switch|p1b: Garchomp|Garchomp, L50, F|100/100
|turn|5
|
|t:|1782276328
|move|p1b: Garchomp|Rock Slide|p2a: Garchomp|[spread] p2a,p2b
|-resisted|p2a: Garchomp|1
|-supereffective|p2b: Charizard|2
|-damage|p2a: Garchomp|24/100
|-damage|p2b: Charizard|0 fnt
|faint|p2b: Charizard
|move|p2a: Garchomp|Dragon Claw|p1b: Garchomp
|-supereffective|p1b: Garchomp|1
|-damage|p1b: Garchomp|0 fnt
|-damage|p2a: Garchomp|12/100|[from] ability: Rough Skin|[of] p1b: Garchomp
|faint|p1b: Garchomp
|-damage|p2a: Garchomp|2/100|[from] item: Life Orb
|move|p1a: Rotom|Hydro Pump|p2a: Garchomp
|-damage|p2a: Garchomp|0 fnt
|faint|p2a: Garchomp
|
|-weather|none
|upkeep
|
|t:|1782276331
|switch|p2b: Torkoal|Torkoal, L50, M|68/100
|-weather|SunnyDay|[from] ability: Drought|[of] p2b: Torkoal
|turn|6
|
|t:|1782276339
|move|p1a: Rotom|Volt Switch|p2b: Torkoal
|-damage|p2b: Torkoal|35/100
|move|p2b: Torkoal|Weather Ball|p1a: Rotom
|-resisted|p1a: Rotom|1
|-damage|p1a: Rotom|60/100
|
|-weather|SunnyDay|[upkeep]
|upkeep
|turn|7
|
|t:|1782276344
|move|p1a: Rotom|Volt Switch|p2b: Torkoal
|-crit|p2b: Torkoal
|-damage|p2b: Torkoal|0 fnt
|faint|p2b: Torkoal
|
|win|Sapitoch 4
|l|☆lolgz
|player|p2|
