|j|☆ToastedArt
|j|☆ygjmcf
|html|ToastedArtygjmcf    
|uhtml|bestof|Game 2 of a best-of-3
|t:|1784481873
|gametype|doubles
|player|p1|ToastedArt|clemont|1089
|player|p2|ygjmcf|265|1000
|gen|9
|tier|[Gen 9 Champions] VGC 2026 Reg M-B (Bo3)
|rated|
|rule|Species Clause: Limit one of each Pokémon
|rule|Item Clause: Limit 1 of each item
|clearpoke
|poke|p1|Falinks, L50, shiny|
|poke|p1|Incineroar, L50, F|
|poke|p1|Vanilluxe, L50, M, shiny|
|poke|p1|Basculegion, L50, M, shiny|
|poke|p1|Sneasler, L50, M|
|poke|p1|Dragonite, L50, M, shiny|
|poke|p2|Sceptile, L50, F|
|poke|p2|Rotom-Heat, L50|
|poke|p2|Clefable, L50, M|
|poke|p2|Aerodactyl, L50, M|
|poke|p2|Kingambit, L50, M|
|poke|p2|Basculegion, L50, M|
|teampreview|4
|showteam|p1|Falinks||Falinksite|Defiant|NoRetreat,CloseCombat,RockSlide,Protect|Adamant|||||50|]Incineroar||Charcoal|Intimidate|FlareBlitz,ThroatChop,FakeOut,PartingShot|Adamant||F|||50|]Vanilluxe||ChoiceScarf|SnowWarning|Blizzard,FreezeDry,IcyWind,SheerCold|Modest||M|||50|]Basculegion||SitrusBerry|Adaptability|WaveCrash,LastRespects,AquaJet,Protect|Adamant||M|||50|]Sneasler||FocusSash|PoisonTouch|PoisonJab,CloseCombat,FakeOut,Coaching|Jolly||M|||50|]Dragonite||DragonFang|Multiscale|DragonClaw,ExtremeSpeed,LowKick,Tailwind|Adamant||M|||50|
|showteam|p2|Sceptile||Sceptilite|Overgrow|EnergyBall,EarthPower,DragonPulse,Protect|Timid||F|||50|]Rotom-Heat||ChoiceScarf|Levitate|Overheat,Discharge,Trick,VoltSwitch|Timid|||||50|]Clefable||SitrusBerry|Unaware|Moonblast,HelpingHand,FollowMe,Protect|Bold||M|||50|]Aerodactyl||FocusSash|Unnerve|RockSlide,DualWingbeat,Tailwind,Protect|Jolly||M|||50|]Kingambit||ChopleBerry|Defiant|KowtowCleave,SuckerPunch,IronHead,LowKick|Adamant||M|||50|]Basculegion||LifeOrb|Adaptability|WaveCrash,LastRespects,AquaJet,Protect|Adamant||M|||50|
|inactive|Battle timer is ON: inactive players will automatically lose when time's up. (requested by ToastedArt)
|inactive|ToastedArt has 60 seconds left.
|inactive|ygjmcf has 60 seconds left.
|
|t:|1784481930
|teamsize|p1|4
|teamsize|p2|4
|start
|switch|p1a: Dragonite|Dragonite, L50, M, shiny|100/100
|switch|p1b: Vanilluxe|Vanilluxe, L50, M, shiny|100/100
|switch|p2a: Sceptile|Sceptile, L50, F|100/100
|switch|p2b: Rotom|Rotom-Heat, L50|100/100
|-weather|Snowscape|[from] ability: Snow Warning|[of] p1b: Vanilluxe
|turn|1
|
|t:|1784481950
|move|p2a: Sceptile|Protect|p2a: Sceptile
|-singleturn|p2a: Sceptile|Protect
|move|p1b: Vanilluxe|Blizzard|p2b: Rotom|[spread] p2b
|-activate|p2a: Sceptile|move: Protect
|-resisted|p2b: Rotom|1
|-damage|p2b: Rotom|73/100
|move|p2b: Rotom|Overheat|p1b: Vanilluxe
|-supereffective|p1b: Vanilluxe|1
|-damage|p1b: Vanilluxe|0 fnt
|-unboost|p2b: Rotom|spa|2
|faint|p1b: Vanilluxe
|move|p1a: Dragonite|Tailwind|p1a: Dragonite
|-sidestart|p1: ToastedArt|move: Tailwind
|
|-weather|Snowscape|[upkeep]
|upkeep
|
|t:|1784481967
|switch|p1b: Falinks|Falinks, L50, shiny|100/100
|turn|2
|
|t:|1784481985
|detailschange|p1b: Falinks|Falinks-Mega, L50, shiny
|-mega|p1b: Falinks|Falinks|Falinksite
|detailschange|p2a: Sceptile|Sceptile-Mega, L50, F
|-mega|p2a: Sceptile|Sceptile|Sceptilite
|move|p1b: Falinks|No Retreat|p1b: Falinks
|-boost|p1b: Falinks|atk|1
|-boost|p1b: Falinks|def|1
|-boost|p1b: Falinks|spa|1
|-boost|p1b: Falinks|spd|1
|-boost|p1b: Falinks|spe|1
|-start|p1b: Falinks|move: No Retreat
|move|p1a: Dragonite|Dragon Claw|p2a: Sceptile
|-supereffective|p2a: Sceptile|1
|-damage|p2a: Sceptile|0 fnt
|faint|p2a: Sceptile
|move|p2b: Rotom|Overheat|p1a: Dragonite
|-resisted|p1a: Dragonite|1
|-damage|p1a: Dragonite|93/100
|-unboost|p2b: Rotom|spa|2
|
|-weather|Snowscape|[upkeep]
|upkeep
|
|t:|1784482006
|switch|p2a: Clefable|Clefable, L50, M|100/100
|turn|3
|
|t:|1784482023
|switch|p1a: Basculegion|Basculegion, L50, M, shiny|100/100
|move|p1b: Falinks|Close Combat|p2b: Rotom
|-damage|p2b: Rotom|0 fnt
|-unboost|p1b: Falinks|def|1
|-unboost|p1b: Falinks|spd|1
|faint|p2b: Rotom
|move|p2a: Clefable|Moonblast|p1b: Falinks
|-supereffective|p1b: Falinks|1
|-damage|p1b: Falinks|8/100
|
|-weather|Snowscape|[upkeep]
|upkeep
|
|t:|1784482037
|switch|p2b: Basculegion|Basculegion, L50, M|100/100
|turn|4
|
|t:|1784482050
|move|p2a: Clefable|Follow Me|p2a: Clefable
|-singleturn|p2a: Clefable|move: Follow Me
|move|p1b: Falinks|Rock Slide|p2b: Basculegion|[spread] p2a,p2b
|-damage|p2a: Clefable|75/100
|-damage|p2b: Basculegion|59/100
|move|p1a: Basculegion|Last Respects|p2a: Clefable
|-damage|p2a: Clefable|0 fnt
|faint|p2a: Clefable
|move|p2b: Basculegion|Last Respects|p1a: Basculegion
|-supereffective|p1a: Basculegion|1
|-damage|p1a: Basculegion|0 fnt
|faint|p1a: Basculegion
|-damage|p2b: Basculegion|49/100|[from] item: Life Orb
|
|-weather|Snowscape|[upkeep]
|-sideend|p1: ToastedArt|move: Tailwind
|upkeep
|
|t:|1784482056
|switch|p1a: Dragonite|Dragonite, L50, M, shiny|93/100
|turn|5
|
|t:|1784482074
|move|p1b: Falinks|Rock Slide|p2b: Basculegion
|-damage|p2b: Basculegion|0 fnt
|faint|p2b: Basculegion
|
|win|ToastedArt
|raw|ToastedArt's rating: 1089 → 1109(+20 for winning)
|raw|ygjmcf's rating: 1000 → 1000(+0 for losing)
