|j|☆snailboss
|j|☆Quill86
|html|snailbossQuill86    
|uhtml|bestof|Game 2 of a best-of-3
|t:|1757635384
|gametype|doubles
|player|p1|snailboss|hilda-wonderlauncher|1161
|player|p2|Quill86|lucas|1283
|gen|9
|tier|[Gen 9] VGC 2025 Reg H (Bo3)
|rated|
|rule|Species Clause: Limit one of each Pokémon
|rule|Item Clause: Limit 1 of each item
|clearpoke
|poke|p1|Kingambit, L50, M|
|poke|p1|Rillaboom, L50, F|
|poke|p1|Volcarona, L50, F|
|poke|p1|Tauros-Paldea-Aqua, L50, M|
|poke|p1|Electabuzz, L50, M|
|poke|p1|Ninetales-Alola, L50, F|
|poke|p2|Incineroar, L50, M|
|poke|p2|Gholdengo, L50|
|poke|p2|Ursaluna-Bloodmoon, L50, M|
|poke|p2|Amoonguss, L50, M|
|poke|p2|Indeedee-F, L50, F|
|poke|p2|Kommo-o, L50, M|
|teampreview|4
|showteam|p1|Kingambit||BlackGlasses|Defiant|SuckerPunch,KowtowCleave,SwordsDance,Protect|||M|||50|,,,,,Fire]Rillaboom||AssaultVest|GrassySurge|FakeOut,GrassyGlide,WoodHammer,HighHorsepower|||F|||50|,,,,,Fire]Volcarona||CovertCloak|FlameBody|QuiverDance,HeatWave,GigaDrain,Protect|||F|||50|,,,,,Grass]Tauros-Paldea-Aqua||GrassySeed|Intimidate|WaveCrash,BodyPress,Protect,AquaJet|||M|||50|,,,,,Fire]Electabuzz||Eviolite|VitalSpirit|Taunt,Thunderbolt,Protect,FollowMe|||M|||50|,,,,,Ghost]Ninetales-Alola||FocusSash|SnowWarning|Protect,Encore,FreezeDry,Disable|||F|||50|,,,,,Ghost
|showteam|p2|Incineroar||SafetyGoggles|Intimidate|FakeOut,FlareBlitz,KnockOff,PartingShot|||M|||50|,,,,,Ghost]Gholdengo||SitrusBerry|GoodasGold|MakeItRain,ShadowBall,NastyPlot,Protect||||||50|,,,,,Water]Ursaluna-Bloodmoon||LifeOrb|MindsEye|BloodMoon,HyperVoice,EarthPower,Protect|||M|||50|,,,,,Normal]Amoonguss||MentalHerb|Regenerator|Spore,RagePowder,PollenPuff,ClearSmog|||M|||50|,,,,,Dragon]Indeedee-F||PsychicSeed|PsychicSurge|FollowMe,TrickRoom,HelpingHand,DazzlingGleam|||F|||50|,,,,,Fairy]Kommo-o||Leftovers|Overcoat|Flamethrower,IronDefense,BodyPress,Protect|||M|||50|,,,,,Fire
|inactive|Battle timer is ON: inactive players will automatically lose when time's up. (requested by Quill86)
|inactive|snailboss has 60 seconds left.
|
|t:|1757635435
|teamsize|p1|4
|teamsize|p2|4
|start
|switch|p1a: Electabuzz|Electabuzz, L50, M|100/100
|switch|p1b: Volcarona|Volcarona, L50, F|100/100
|switch|p2a: Amoonguss|Amoonguss, L50, M|100/100
|switch|p2b: Kommo-o|Kommo-o, L50, M|100/100
|turn|1
|
|t:|1757635456
|move|p1a: Electabuzz|Follow Me|p1a: Electabuzz
|-singleturn|p1a: Electabuzz|move: Follow Me
|move|p1b: Volcarona|Quiver Dance|p1b: Volcarona
|-boost|p1b: Volcarona|spa|1
|-boost|p1b: Volcarona|spd|1
|-boost|p1b: Volcarona|spe|1
|move|p2b: Kommo-o|Iron Defense|p2b: Kommo-o
|-boost|p2b: Kommo-o|def|2
|move|p2a: Amoonguss|Spore|p1a: Electabuzz
|-immune|p1a: Electabuzz|[from] ability: Vital Spirit
|
|upkeep
|turn|2
|inactive|snailboss has 30 seconds left.
|
|t:|1757635482
|-terastallize|p1a: Electabuzz|Ghost
|-terastallize|p2a: Amoonguss|Dragon
|move|p1a: Electabuzz|Follow Me|p1a: Electabuzz
|-singleturn|p1a: Electabuzz|move: Follow Me
|move|p1b: Volcarona|Heat Wave|p2a: Amoonguss|[spread] p2a,p2b
|-resisted|p2a: Amoonguss
|-resisted|p2b: Kommo-o
|-crit|p2b: Kommo-o
|-damage|p2a: Amoonguss|79/100
|-damage|p2b: Kommo-o|63/100
|move|p2b: Kommo-o|Body Press|p1a: Electabuzz
|-immune|p1a: Electabuzz
|move|p2a: Amoonguss|Clear Smog|p1a: Electabuzz
|-resisted|p1a: Electabuzz
|-damage|p1a: Electabuzz|95/100
|-clearboost|p1a: Electabuzz
|
|-heal|p2b: Kommo-o|70/100|[from] item: Leftovers
|upkeep
|turn|3
|
|t:|1757635504
|switch|p2b: Indeedee|Indeedee-F, L50, F|100/100
|-fieldstart|move: Psychic Terrain|[from] ability: Psychic Surge|[of] p2b: Indeedee
|-enditem|p2b: Indeedee|Psychic Seed
|-boost|p2b: Indeedee|spd|1|[from] item: Psychic Seed
|move|p1a: Electabuzz|Follow Me|p1a: Electabuzz
|-singleturn|p1a: Electabuzz|move: Follow Me
|move|p1b: Volcarona|Quiver Dance|p1b: Volcarona
|-boost|p1b: Volcarona|spa|1
|-boost|p1b: Volcarona|spd|1
|-boost|p1b: Volcarona|spe|1
|move|p2a: Amoonguss|Pollen Puff|p1a: Electabuzz
|-resisted|p1a: Electabuzz
|-damage|p1a: Electabuzz|87/100
|
|upkeep
|turn|4
|
|t:|1757635521
|move|p1b: Volcarona|Protect|p1b: Volcarona
|-singleturn|p1b: Volcarona|Protect
|move|p2a: Amoonguss|Rage Powder|p2a: Amoonguss
|-singleturn|p2a: Amoonguss|move: Rage Powder
|move|p1a: Electabuzz|Taunt|p2a: Amoonguss
|-start|p2a: Amoonguss|move: Taunt
|-enditem|p2a: Amoonguss|Mental Herb
|-end|p2a: Amoonguss|move: Taunt
|move|p2b: Indeedee|Trick Room|p2b: Indeedee
|-fieldstart|move: Trick Room|[of] p2b: Indeedee
|
|upkeep
|turn|5
|inactive|snailboss has 30 seconds left.
|inactive|snailboss has 20 seconds left.
|
|t:|1757635559
|switch|p2b: Ursaluna|Ursaluna-Bloodmoon, L50, M|100/100
|move|p1a: Electabuzz|Follow Me|p1a: Electabuzz
|-singleturn|p1a: Electabuzz|move: Follow Me
|move|p2a: Amoonguss|Clear Smog|p1a: Electabuzz
|-resisted|p1a: Electabuzz
|-damage|p1a: Electabuzz|81/100
|-clearboost|p1a: Electabuzz
|move|p1b: Volcarona|Heat Wave|p2b: Ursaluna|[spread] p2a,p2b
|-resisted|p2a: Amoonguss
|-damage|p2a: Amoonguss|49/100
|-damage|p2b: Ursaluna|24/100
|
|upkeep
|turn|6
|inactive|snailboss has 30 seconds left.
|inactive|snailboss has 20 seconds left.
|inactive|snailboss has 15 seconds left.
|
|t:|1757635601
|move|p1b: Volcarona|Protect|p1b: Volcarona
|-singleturn|p1b: Volcarona|Protect
|move|p2a: Amoonguss|Pollen Puff|p2b: Ursaluna
|-heal|p2b: Ursaluna|74/100
|move|p2b: Ursaluna|Hyper Voice|p1a: Electabuzz|[spread] p1a
|-activate|p1b: Volcarona|move: Protect
|-damage|p1a: Electabuzz|39/100
|-damage|p2b: Ursaluna|64/100|[from] item: Life Orb
|move|p1a: Electabuzz|Taunt|p2a: Amoonguss
|-start|p2a: Amoonguss|move: Taunt
|
|upkeep
|turn|7
|
|t:|1757635620
|move|p1a: Electabuzz|Follow Me|p1a: Electabuzz
|-singleturn|p1a: Electabuzz|move: Follow Me
|move|p2a: Amoonguss|Clear Smog|p1a: Electabuzz
|-resisted|p1a: Electabuzz
|-damage|p1a: Electabuzz|32/100
|-clearboost|p1a: Electabuzz
|move|p2b: Ursaluna|Hyper Voice|p1a: Electabuzz|[spread] p1a,p1b
|-damage|p1a: Electabuzz|0 fnt
|-damage|p1b: Volcarona|78/100
|faint|p1a: Electabuzz
|-damage|p2b: Ursaluna|54/100|[from] item: Life Orb
|move|p1b: Volcarona|Heat Wave|p2a: Amoonguss|[spread] p2a,p2b
|-resisted|p2a: Amoonguss
|-damage|p2a: Amoonguss|19/100
|-damage|p2b: Ursaluna|0 fnt
|faint|p2b: Ursaluna
|
|-fieldend|move: Psychic Terrain
|upkeep
|-message|Quill86 forfeited.
|
|win|snailboss
||Quill86 is ready for game 3.
||snailboss is ready for game 3.
|uhtml|next|Next: Game 3 of 3
|l|☆Quill86
|player|p2|
