|j|☆buf0722shito
|j|☆mackerjuan
|html|buf0722shitomackerjuan    
|uhtml|bestof|Game 3 of a best-of-3
|t:|1756373347
|gametype|doubles
|player|p1|buf0722shito|170|1321
|player|p2|mackerjuan|2|1312
|gen|9
|tier|[Gen 9] VGC 2025 Reg H (Bo3)
|rated|
|rule|Species Clause: Limit one of each Pokémon
|rule|Item Clause: Limit 1 of each item
|clearpoke
|poke|p1|Annihilape, L50, M|
|poke|p1|Dondozo, L50, M|
|poke|p1|Garchomp, L50, M|
|poke|p1|Ninetales-Alola, L50, F|
|poke|p1|Gholdengo, L50|
|poke|p1|Rillaboom, L50, M|
|poke|p2|Incineroar, L50, F|
|poke|p2|Gholdengo, L50|
|poke|p2|Porygon2, L50|
|poke|p2|Ursaluna, L50, M|
|poke|p2|Amoonguss, L50, F|
|poke|p2|Hydreigon, L50, M|
|teampreview|4
|showteam|p1|Annihilape||SafetyGoggles|Defiant|BulkUp,Protect,RageFist,DrainPunch|||M|||50|,,,,,Fire]Dondozo||Leftovers|Unaware|Yawn,WaveCrash,Protect,Fissure|||M|||50|,,,,,Fairy]Garchomp||LoadedDice|RoughSkin|ScaleShot,Protect,StompingTantrum,SwordsDance|||M|||50|,,,,,Steel]Ninetales-Alola||LightClay|SnowWarning|IcicleSpear,Blizzard,AuroraVeil,IcyWind|||F|||50|,,,,,Ghost]Gholdengo||GrassySeed|GoodasGold|MakeItRain,ShadowBall,Protect,NastyPlot||||||50|,,,,,Water]Rillaboom||AssaultVest|GrassySurge|FakeOut,GrassyGlide,WoodHammer,Uturn|||M|||50|,,,,,Fire
|showteam|p2|Incineroar||SafetyGoggles|Intimidate|FlareBlitz,KnockOff,FakeOut,PartingShot|||F|||50|,,,,,Ghost]Gholdengo||LifeOrb|GoodasGold|MakeItRain,ShadowBall,NastyPlot,Protect||||||50|,,,,,Water]Porygon2||Eviolite|Download|TeraBlast,IceBeam,Recover,TrickRoom||||||50|,,,,,Fighting]Ursaluna||FlameOrb|Guts|Facade,HeadlongRush,Earthquake,Protect|||M|||50|,,,,,Ghost]Amoonguss||SitrusBerry|Regenerator|PollenPuff,Spore,RagePowder,Protect|||F|||50|,,,,,Water]Hydreigon||CovertCloak|Levitate|Taunt,Tailwind,DracoMeteor,Snarl|||M|||50|,,,,,Steel
|inactive|Battle timer is ON: inactive players will automatically lose when time's up. (requested by mackerjuan)
|
|t:|1756373368
|teamsize|p1|4
|teamsize|p2|4
|start
|switch|p1a: Annihilape|Annihilape, L50, M|100/100
|switch|p1b: Garchomp|Garchomp, L50, M|100/100
|switch|p2a: Gholdengo|Gholdengo, L50|100/100
|switch|p2b: Hydreigon|Hydreigon, L50, M|100/100
|turn|1
|inactive|buf0722shito has 30 seconds left.
|inactive|mackerjuan has 30 seconds left.
|
|t:|1756373399
|switch|p2a: Ursaluna|Ursaluna, L50, M|100/100
|-terastallize|p2b: Hydreigon|Steel
|-terastallize|p1a: Annihilape|Fire
|move|p2b: Hydreigon|Tailwind|p2b: Hydreigon
|-sidestart|p2: mackerjuan|move: Tailwind
|move|p1a: Annihilape|Drain Punch|p2b: Hydreigon
|-supereffective|p2b: Hydreigon
|-crit|p2b: Hydreigon
|-damage|p2b: Hydreigon|0 fnt
|faint|p2b: Hydreigon
|move|p1b: Garchomp|Scale Shot|p2a: Ursaluna
|-damage|p2a: Ursaluna|91/100
|-damage|p2a: Ursaluna|79/100
|-damage|p2a: Ursaluna|67/100
|-damage|p2a: Ursaluna|56/100
|-hitcount|p2a: Ursaluna|4
|-unboost|p1b: Garchomp|def|1
|-boost|p1b: Garchomp|spe|1
|
|-status|p2a: Ursaluna|brn|[from] item: Flame Orb
|upkeep
|
|t:|1756373415
|switch|p2b: Incineroar|Incineroar, L50, F|100/100
|-ability|p2b: Incineroar|Intimidate|boost
|-unboost|p1a: Annihilape|atk|1
|-ability|p1a: Annihilape|Defiant|boost
|-boost|p1a: Annihilape|atk|2
|-unboost|p1b: Garchomp|atk|1
|turn|2
|inactive|buf0722shito has 30 seconds left.
|inactive|mackerjuan has 30 seconds left.
|
|t:|1756373447
|switch|p1a: Ninetales|Ninetales-Alola, L50, F|100/100
|-weather|Snowscape|[from] ability: Snow Warning|[of] p1a: Ninetales
|move|p1b: Garchomp|Swords Dance|p1b: Garchomp
|-boost|p1b: Garchomp|atk|2
|move|p2b: Incineroar|Parting Shot|p1b: Garchomp
|-unboost|p1b: Garchomp|atk|1
|-unboost|p1b: Garchomp|spa|1
|
|t:|1756373457
|switch|p2b: Gholdengo|Gholdengo, L50|100/100|[from] Parting Shot
|move|p2a: Ursaluna|Headlong Rush|p1a: Ninetales
|-damage|p1a: Ninetales|6/100
|-unboost|p2a: Ursaluna|def|1
|-unboost|p2a: Ursaluna|spd|1
|
|-weather|Snowscape|[upkeep]
|-damage|p2a: Ursaluna|50/100 brn|[from] brn
|upkeep
|turn|3
|
|t:|1756373477
|switch|p2a: Incineroar|Incineroar, L50, F|100/100
|-ability|p2a: Incineroar|Intimidate|boost
|-unboost|p1a: Ninetales|atk|1
|-unboost|p1b: Garchomp|atk|1
|move|p2b: Gholdengo|Make It Rain|p1a: Ninetales|[spread] p1a,p1b
|-supereffective|p1a: Ninetales
|-damage|p1a: Ninetales|0 fnt
|-damage|p1b: Garchomp|48/100
|-unboost|p2b: Gholdengo|spa|1
|faint|p1a: Ninetales
|-damage|p2b: Gholdengo|91/100|[from] item: Life Orb
|move|p1b: Garchomp|Stomping Tantrum|p2a: Incineroar
|-supereffective|p2a: Incineroar
|-crit|p2a: Incineroar
|-damage|p2a: Incineroar|0 fnt
|faint|p2a: Incineroar
|
|-weather|Snowscape|[upkeep]
|upkeep
|
|t:|1756373493
|switch|p1a: Rillaboom|Rillaboom, L50, M|100/100
|switch|p2a: Ursaluna|Ursaluna, L50, M|50/100 brn
|-fieldstart|move: Grassy Terrain|[from] ability: Grassy Surge|[of] p1a: Rillaboom
|turn|4
|
|t:|1756373511
|move|p1a: Rillaboom|Grassy Glide|p2a: Ursaluna
|-supereffective|p2a: Ursaluna
|-damage|p2a: Ursaluna|0 fnt
|faint|p2a: Ursaluna
|move|p2b: Gholdengo|Nasty Plot|p2b: Gholdengo
|-boost|p2b: Gholdengo|spa|2
|move|p1b: Garchomp|Stomping Tantrum|p2b: Gholdengo
|-supereffective|p2b: Gholdengo
|-damage|p2b: Gholdengo|40/100
|
|-weather|Snowscape|[upkeep]
|-heal|p2b: Gholdengo|46/100|[from] Grassy Terrain
|-heal|p1b: Garchomp|54/100|[from] Grassy Terrain
|-sideend|p2: mackerjuan|move: Tailwind
|upkeep
|turn|5
|
|t:|1756373524
|move|p1a: Rillaboom|Grassy Glide|p2b: Gholdengo
|-resisted|p2b: Gholdengo
|-damage|p2b: Gholdengo|29/100
|move|p1b: Garchomp|Stomping Tantrum|p2b: Gholdengo
|-supereffective|p2b: Gholdengo
|-damage|p2b: Gholdengo|0 fnt
|faint|p2b: Gholdengo
|
|win|buf0722shito
|raw|buf0722shito's rating: 1321 → 1340(+19 for winning)
|raw|mackerjuan's rating: 1312 → 1293(-19 for losing)
