|j|☆watervgc
|j|☆Curebo
|html|watervgcCurebo    
|uhtml|bestof|Game 1 of a best-of-3
|t:|1782398837
|gametype|doubles
|player|p1|watervgc|102|1000
|player|p2|Curebo|clay|1135
|gen|9
|tier|[Gen 9 Champions] VGC 2026 Reg M-B (Bo3)
|rated|
|rule|Species Clause: Limit one of each Pokémon
|rule|Item Clause: Limit 1 of each item
|clearpoke
|poke|p1|Incineroar, L50, F|
|poke|p1|Whimsicott, L50, M|
|poke|p1|Staraptor, L50, M|
|poke|p1|Metagross, L50|
|poke|p1|Ninetales-Alola, L50, F|
|poke|p1|Basculegion, L50, M|
|poke|p2|Excadrill, L50, F, shiny|
|poke|p2|Tyranitar, L50, F, shiny|
|poke|p2|Corviknight, L50, M, shiny|
|poke|p2|Hydreigon, L50, F, shiny|
|poke|p2|Scovillain, L50, M, shiny|
|poke|p2|Houndstone, L50, M, shiny|
|teampreview|4
|showteam|p1|Incineroar||ChopleBerry|Intimidate|FakeOut,PartingShot,FlareBlitz,DarkestLariat|Careful||F|||50|]Whimsicott||FocusSash|Prankster|Tailwind,Moonblast,Encore,Charm|Timid||M|||50|]Staraptor||Staraptite|Intimidate|CloseCombat,Roost,DualWingbeat,Protect|Jolly||M|||50|]Metagross||Metagrossite|ClearBody|RockSlide,IronHead,PsychicFangs,Protect|Adamant|||||50|]Ninetales-Alola||LightClay|SnowWarning|Blizzard,Moonblast,AuroraVeil,IcyWind|Timid||F|||50|]Basculegion||ChoiceScarf|Adaptability|LastRespects,AquaJet,WaveCrash,FlipTurn|Jolly||M|||50|
|showteam|p2|Excadrill||FocusSash|SandRush|Earthquake,IronHead,RockSlide,Protect|Adamant||F|||50|]Tyranitar||Tyranitarite|SandStream|RockSlide,KnockOff,LowKick,Protect|Adamant||F|||50|]Corviknight||Leftovers|MirrorArmor|BraveBird,BulkUp,Roost,Tailwind|Careful||M|||50|]Hydreigon||ChoiceScarf|Levitate|DracoMeteor,DarkPulse,HeatWave,Snarl|Modest||F|||50|]Scovillain||Scovillainite|Moody|Overheat,GigaDrain,RagePowder,Protect|Calm||M|||50|]Houndstone||SitrusBerry|SandRush|LastRespects,WillOWisp,BodyPress,Protect|Adamant||M|||50|
|inactive|Battle timer is ON: inactive players will automatically lose when time's up. (requested by Curebo)
|inactive|watervgc has 60 seconds left.
|inactive|Curebo has 60 seconds left.
|
|t:|1782398896
|teamsize|p1|4
|teamsize|p2|4
|start
|switch|p1a: Whimsicott|Whimsicott, L50, M|100/100
|switch|p1b: Staraptor|Staraptor, L50, M|100/100
|switch|p2a: Corviknight|Corviknight, L50, M, shiny|100/100
|switch|p2b: Scovillain|Scovillain, L50, M, shiny|100/100
|-ability|p1b: Staraptor|Intimidate|boost
|-ability|p2a: Corviknight|Mirror Armor
|-unboost|p1b: Staraptor|atk|1
|-unboost|p2b: Scovillain|atk|1
|turn|1
|inactive|watervgc has 30 seconds left.
|inactive|Curebo has 30 seconds left.
|inactive|watervgc has 20 seconds left.
|inactive|Curebo has 20 seconds left.
|inactive|watervgc has 15 seconds left.
|inactive|Curebo has 15 seconds left.
|inactive|watervgc has 10 seconds left.
|inactive|watervgc has 5 seconds left.
|
|t:|1782398951
|switch|p2b: Tyranitar|Tyranitar, L50, F, shiny|100/100
|-weather|Sandstorm|[from] ability: Sand Stream|[of] p2b: Tyranitar
|move|p1a: Whimsicott|Tailwind|p1a: Whimsicott
|-sidestart|p1: watervgc|move: Tailwind
|move|p1b: Staraptor|Close Combat|p2a: Corviknight
|-damage|p2a: Corviknight|78/100
|-unboost|p1b: Staraptor|def|1
|-unboost|p1b: Staraptor|spd|1
|move|p2a: Corviknight|Brave Bird|p1a: Whimsicott
|-supereffective|p1a: Whimsicott|1
|-crit|p1a: Whimsicott
|-enditem|p1a: Whimsicott|Focus Sash
|-damage|p1a: Whimsicott|1/100
|-damage|p2a: Corviknight|55/100|[from] Recoil
|
|-weather|Sandstorm|[upkeep]
|-damage|p1a: Whimsicott|0 fnt|[from] Sandstorm
|-damage|p1b: Staraptor|93/100|[from] Sandstorm
|faint|p1a: Whimsicott
|-heal|p2a: Corviknight|61/100|[from] item: Leftovers
|upkeep
|
|t:|1782398973
|switch|p1a: Ninetales|Ninetales-Alola, L50, F|100/100
|-weather|Snowscape|[from] ability: Snow Warning|[of] p1a: Ninetales
|turn|2
|
|t:|1782398985
|detailschange|p1b: Staraptor|Staraptor-Mega, L50, M
|-mega|p1b: Staraptor|Staraptor|Staraptite
|detailschange|p2b: Tyranitar|Tyranitar-Mega, L50, F, shiny
|-mega|p2b: Tyranitar|Tyranitar|Tyranitarite
|-weather|Sandstorm|[from] ability: Sand Stream|[of] p2b: Tyranitar
|move|p2b: Tyranitar|Protect|p2b: Tyranitar
|-singleturn|p2b: Tyranitar|Protect
|move|p1b: Staraptor|Close Combat|p2b: Tyranitar
|-activate|p2b: Tyranitar|move: Protect
|move|p1a: Ninetales|Blizzard|p2b: Tyranitar|[spread] 
|-activate|p2b: Tyranitar|move: Protect
|-miss|p1a: Ninetales|p2a: Corviknight
|move|p2a: Corviknight|Tailwind|p2a: Corviknight
|-sidestart|p2: Curebo|move: Tailwind
|
|-weather|Sandstorm|[upkeep]
|-damage|p1b: Staraptor|87/100|[from] Sandstorm
|-damage|p1a: Ninetales|94/100|[from] Sandstorm
|-heal|p2a: Corviknight|67/100|[from] item: Leftovers
|upkeep
|turn|3
|inactive|Curebo has 30 seconds left.
|
|t:|1782399011
|switch|p2b: Houndstone|Houndstone, L50, M, shiny|100/100
|move|p1b: Staraptor|Close Combat|p2a: Corviknight
|-crit|p2a: Corviknight
|-damage|p2a: Corviknight|0 fnt
|-boost|p1b: Staraptor|def|1
|-boost|p1b: Staraptor|spd|1
|faint|p2a: Corviknight
|move|p1a: Ninetales|Blizzard|p2b: Houndstone
|-damage|p2b: Houndstone|65/100
|-status|p2b: Houndstone|frz
|
|-weather|Sandstorm|[upkeep]
|-damage|p1b: Staraptor|81/100|[from] Sandstorm
|-damage|p1a: Ninetales|88/100|[from] Sandstorm
|upkeep
|
|t:|1782399033
|switch|p2a: Tyranitar|Tyranitar-Mega, L50, F, shiny|100/100
|turn|4
|
|t:|1782399049
|move|p2a: Tyranitar|Protect|p2a: Tyranitar
|-singleturn|p2a: Tyranitar|Protect
|cant|p2b: Houndstone|frz
|move|p1b: Staraptor|Close Combat|p2a: Tyranitar
|-activate|p2a: Tyranitar|move: Protect
|move|p1a: Ninetales|Moonblast|p2a: Tyranitar
|-activate|p2a: Tyranitar|move: Protect
|
|-weather|Sandstorm|[upkeep]
|-damage|p1b: Staraptor|75/100|[from] Sandstorm
|-damage|p1a: Ninetales|82/100|[from] Sandstorm
|-sideend|p1: watervgc|move: Tailwind
|upkeep
|turn|5
|
|t:|1782399071
|cant|p2b: Houndstone|frz
|move|p2a: Tyranitar|Rock Slide|p1a: Ninetales|[spread] p1a,p1b
|-supereffective|p1a: Ninetales|1
|-damage|p1a: Ninetales|0 fnt
|-damage|p1b: Staraptor|36/100
|faint|p1a: Ninetales
|move|p1b: Staraptor|Close Combat|p2a: Tyranitar
|-supereffective|p2a: Tyranitar|2
|-damage|p2a: Tyranitar|0 fnt
|-boost|p1b: Staraptor|def|1
|-boost|p1b: Staraptor|spd|1
|faint|p2a: Tyranitar
|
|-weather|Sandstorm|[upkeep]
|-damage|p1b: Staraptor|30/100|[from] Sandstorm
|-sideend|p2: Curebo|move: Tailwind
|upkeep
|
|t:|1782399084
|switch|p1a: Basculegion|Basculegion, L50, M|100/100
|switch|p2a: Scovillain|Scovillain, L50, M, shiny|100/100
|turn|6
|inactive|watervgc has 30 seconds left.
|
|t:|1782399110
|-curestatus|p2b: Houndstone|frz|[msg]
|move|p2b: Houndstone|Last Respects|p1a: Basculegion
|-supereffective|p1a: Basculegion|1
|-damage|p1a: Basculegion|0 fnt
|faint|p1a: Basculegion
|move|p1b: Staraptor|Dual Wingbeat|p2a: Scovillain
|-supereffective|p2a: Scovillain|1
|-damage|p2a: Scovillain|60/100
|-supereffective|p2a: Scovillain|1
|-damage|p2a: Scovillain|24/100
|-hitcount|p2a: Scovillain|2
|move|p2a: Scovillain|Overheat|p1b: Staraptor
|-damage|p1b: Staraptor|0 fnt
|-unboost|p2a: Scovillain|spa|2
|faint|p1b: Staraptor
|
|win|Curebo
|inactive|watervgc has 30 seconds to confirm battle start!
|inactive|Curebo has 30 seconds to confirm battle start!
||watervgc is ready for game 2.
|inactive|Curebo has 20 seconds to confirm battle start!
||Curebo is ready for game 2.
|uhtml|next|Next: Game 2 of 3
|l|☆watervgc
|player|p1|
