|j|☆vinicio499
|j|☆fili53
|html|vinicio499fili53    
|uhtml|bestof|Game 3 of a best-of-3
|t:|1757105956
|gametype|doubles
|player|p1|vinicio499|miku-ghost|1162
|player|p2|fili53|cress|1189
|gen|9
|tier|[Gen 9] VGC 2025 Reg H (Bo3)
|rated|
|rule|Species Clause: Limit one of each Pokémon
|rule|Item Clause: Limit 1 of each item
|clearpoke
|poke|p1|Serperior, L50, M|
|poke|p1|Milotic, L50, F|
|poke|p1|Whimsicott, L50, F|
|poke|p1|Sneasler, L50, F|
|poke|p1|Volcarona, L50, F|
|poke|p1|Incineroar, L50, M|
|poke|p2|Arcanine-Hisui, L50, M|
|poke|p2|Rillaboom, L50, F|
|poke|p2|Clefable, L50, F|
|poke|p2|Inteleon, L50, F|
|poke|p2|Sneasler, L50, F|
|poke|p2|Gholdengo, L50|
|teampreview|4
|showteam|p1|Serperior||LifeOrb|Contrary|Glare,Protect,LeafStorm,Taunt|||M|||50|,,,,,Fire]Milotic||SitrusBerry|Competitive|Scald,Protect,Haze,IcyWind|||F|||50|,,,,,Grass]Whimsicott||CovertCloak|Prankster|Moonblast,Protect,Tailwind,LightScreen|||F|||50|,,,,,Ghost]Sneasler||FocusSash|Unburden|CloseCombat,DireClaw,Protect,ThroatChop|||F|||50|,,,,,Ghost]Volcarona||Leftovers|FlameBody|Protect,HeatWave,QuiverDance,TeraBlast|||F|||50|,,,,,Fairy]Incineroar||SafetyGoggles|Intimidate|FakeOut,KnockOff,PartingShot,FlareBlitz|||M|||50|,,,,,Ghost
|showteam|p2|Arcanine-Hisui||ClearAmulet|Intimidate|FlareBlitz,RockSlide,ExtremeSpeed,Protect|||M|||50|,,,,,Water]Rillaboom||AssaultVest|GrassySurge|WoodHammer,GrassyGlide,HighHorsepower,FakeOut|||F|||50|,,,,,Fire]Clefable||SafetyGoggles|Unaware|Moonblast,FollowMe,HelpingHand,Protect|||F|||50|,,,,,Steel]Inteleon||RazorClaw|Sniper|SnipeShot,IceBeam,Taunt,Protect|||F|||50|,,,,,Water]Sneasler||FocusSash|Unburden|CloseCombat,DireClaw,FakeOut,Protect|||F|||50|,,,,,Stellar]Gholdengo||LifeOrb|GoodasGold|MakeItRain,ShadowBall,NastyPlot,Protect||||||50|,,,,,Water
|inactive|Battle timer is ON: inactive players will automatically lose when time's up. (requested by vinicio499)
|inactive|fili53 has 60 seconds left.
|
|t:|1757106011
|teamsize|p1|4
|teamsize|p2|4
|start
|switch|p1a: Volcarona|Volcarona, L50, F|100/100
|switch|p1b: Incineroar|Incineroar, L50, M|100/100
|switch|p2a: Arcanine|Arcanine-Hisui, L50, M|100/100
|switch|p2b: Rillaboom|Rillaboom, L50, F|100/100
|-ability|p2a: Arcanine|Intimidate|boost
|-unboost|p1a: Volcarona|atk|1
|-unboost|p1b: Incineroar|atk|1
|-fieldstart|move: Grassy Terrain|[from] ability: Grassy Surge|[of] p2b: Rillaboom
|-ability|p1b: Incineroar|Intimidate|boost
|-fail|p2a: Arcanine|unboost|[from] item: Clear Amulet|[of] p2a: Arcanine
|-unboost|p2b: Rillaboom|atk|1
|turn|1
|inactive|vinicio499 has 30 seconds left.
|inactive|fili53 has 30 seconds left.
|
|t:|1757106044
|switch|p2b: Inteleon|Inteleon, L50, F|100/100
|move|p1b: Incineroar|Fake Out|p2a: Arcanine
|-resisted|p2a: Arcanine
|-damage|p2a: Arcanine|97/100
|move|p1a: Volcarona|Quiver Dance|p1a: Volcarona
|-boost|p1a: Volcarona|spa|1
|-boost|p1a: Volcarona|spd|1
|-boost|p1a: Volcarona|spe|1
|cant|p2a: Arcanine|flinch
|
|-heal|p2a: Arcanine|100/100|[from] Grassy Terrain
|upkeep
|turn|2
|
|t:|1757106065
|move|p1a: Volcarona|Protect|p1a: Volcarona
|-singleturn|p1a: Volcarona|Protect
|move|p2b: Inteleon|Snipe Shot|p1b: Incineroar
|-supereffective|p1b: Incineroar
|-damage|p1b: Incineroar|32/100
|move|p2a: Arcanine|Rock Slide|p1b: Incineroar|[spread] p1b
|-activate|p1a: Volcarona|move: Protect
|-supereffective|p1b: Incineroar
|-damage|p1b: Incineroar|0 fnt
|faint|p1b: Incineroar
|
|upkeep
|
|t:|1757106074
|switch|p1b: Sneasler|Sneasler, L50, F|100/100
|turn|3
|
|t:|1757106090
|switch|p2a: Rillaboom|Rillaboom, L50, F|100/100
|-terastallize|p1a: Volcarona|Fairy
|move|p2b: Inteleon|Protect|p2b: Inteleon
|-singleturn|p2b: Inteleon|Protect
|move|p1a: Volcarona|Heat Wave|p2a: Rillaboom|[spread] p2a
|-activate|p2b: Inteleon|move: Protect
|-supereffective|p2a: Rillaboom
|-damage|p2a: Rillaboom|37/100
|move|p1b: Sneasler|Close Combat|p2a: Rillaboom
|-damage|p2a: Rillaboom|0 fnt
|-unboost|p1b: Sneasler|def|1
|-unboost|p1b: Sneasler|spd|1
|faint|p2a: Rillaboom
|
|upkeep
|
|t:|1757106095
|switch|p2a: Arcanine|Arcanine-Hisui, L50, M|100/100
|-ability|p2a: Arcanine|Intimidate|boost
|-unboost|p1a: Volcarona|atk|1
|-unboost|p1b: Sneasler|atk|1
|turn|4
|inactive|fili53 has 30 seconds left.
|inactive|fili53 has 20 seconds left.
|inactive|fili53 has 15 seconds left.
|inactive|fili53 has 10 seconds left.
|
|t:|1757106141
|-terastallize|p2a: Arcanine|Water
|move|p1a: Volcarona|Heat Wave|p2a: Arcanine|[spread] p2a,p2b
|-resisted|p2a: Arcanine
|-resisted|p2b: Inteleon
|-damage|p2a: Arcanine|73/100
|-damage|p2b: Inteleon|58/100
|move|p2b: Inteleon|Snipe Shot|p1a: Volcarona
|-crit|p1a: Volcarona
|-damage|p1a: Volcarona|15/100
|move|p1b: Sneasler|Close Combat|p2b: Inteleon
|-damage|p2b: Inteleon|0 fnt
|-unboost|p1b: Sneasler|def|1
|-unboost|p1b: Sneasler|spd|1
|faint|p2b: Inteleon
|move|p2a: Arcanine|Flare Blitz|p1a: Volcarona
|-damage|p1a: Volcarona|0 fnt
|-status|p2a: Arcanine|brn|[from] ability: Flame Body|[of] p1a: Volcarona
|faint|p1a: Volcarona
|-damage|p2a: Arcanine|68/100 brn|[from] Recoil
|
|-heal|p2a: Arcanine|74/100 brn|[from] Grassy Terrain
|-damage|p2a: Arcanine|68/100 brn|[from] brn
|upkeep
|
|t:|1757106154
|switch|p2b: Clefable|Clefable, L50, F|100/100
|switch|p1a: Serperior|Serperior, L50, M, shiny|100/100
|turn|5
|
|t:|1757106176
|move|p2a: Arcanine|Protect|p2a: Arcanine
|-singleturn|p2a: Arcanine|Protect
|move|p1a: Serperior|Leaf Storm|p2a: Arcanine
|-activate|p2a: Arcanine|move: Protect
|move|p1b: Sneasler|Dire Claw|p2b: Clefable
|-supereffective|p2b: Clefable
|-damage|p2b: Clefable|14/100
|-status|p2b: Clefable|slp
|cant|p2b: Clefable|slp
|
|-heal|p2a: Arcanine|74/100 brn|[from] Grassy Terrain
|-heal|p2b: Clefable|20/100 slp|[from] Grassy Terrain
|-damage|p2a: Arcanine|68/100 brn|[from] brn
|-fieldend|move: Grassy Terrain
|upkeep
|turn|6
|c|☆fili53|so luck
|c|☆fili53|no way
|inactive|fili53 has 30 seconds left.
|inactive|fili53 has 20 seconds left.
|inactive|fili53 has 15 seconds left.
|inactive|fili53 has 10 seconds left.
|inactive|fili53 has 5 seconds left.
|
|t:|1757106229
|cant|p2b: Clefable|slp
|move|p1a: Serperior|Leaf Storm|p2a: Arcanine
|-supereffective|p2a: Arcanine
|-damage|p2a: Arcanine|0 fnt
|-boost|p1a: Serperior|spa|2
|faint|p2a: Arcanine
|-damage|p1a: Serperior|91/100|[from] item: Life Orb
|move|p1b: Sneasler|Dire Claw|p2b: Clefable
|-supereffective|p2b: Clefable
|-damage|p2b: Clefable|0 fnt
|faint|p2b: Clefable
|
|win|vinicio499
|raw|vinicio499's rating: 1162 → 1189(+27 for winning)
|raw|fili53's rating: 1189 → 1162(-27 for losing)
