|j|☆GS Barnabe
|j|☆testdigi
|html|GS Barnabetestdigi    
|uhtml|bestof|Game 2 of a best-of-3
|t:|1785414939
|gametype|doubles
|player|p1|GS Barnabe|101|1000
|player|p2|testdigi|169|1113
|gen|9
|tier|[Gen 9 Champions] VGC 2026 Reg M-B (Bo3)
|rated|
|rule|Species Clause: Limit one of each Pokémon
|rule|Item Clause: Limit 1 of each item
|clearpoke
|poke|p1|Meowstic, L50, M|
|poke|p1|Tyranitar, L50, F|
|poke|p1|Scovillain, L50, M|
|poke|p1|Houndstone, L50, M|
|poke|p1|Corviknight, L50, M|
|poke|p1|Garchomp, L50, F|
|poke|p2|Tyranitar, L50, F|
|poke|p2|Excadrill, L50, M|
|poke|p2|Gholdengo, L50, shiny|
|poke|p2|Milotic, L50, M, shiny|
|poke|p2|Sinistcha, L50|
|poke|p2|Staraptor, L50, F|
|teampreview|4
|showteam|p1|Meowstic||LightClay|Prankster|FakeOut,Reflect,LightScreen,PsychicNoise|Bold||M|||50|]Tyranitar||ChoiceScarf|SandStream|RockSlide,KnockOff,IcePunch,Superpower|Jolly||F|||50|]Scovillain||Scovillainite|Moody|Overheat,LeechSeed,RagePowder,Protect|Calm||M|||50|]Houndstone||SitrusBerry|SandRush|LastRespects,Disable,AllySwitch,Protect|Adamant||M|||50|]Corviknight||LifeOrb|MirrorArmor|IronHead,BraveBird,Tailwind,Protect|Adamant||M|||50|]Garchomp||Garchompite|RoughSkin|DracoMeteor,EarthPower,PowerGem,Protect|Modest||F|||50|
|showteam|p2|Tyranitar||Tyranitarite|SandStream|RockSlide,KnockOff,LowKick,Protect|Jolly||F|||50|]Excadrill||FocusSash|SandRush|HighHorsepower,IronHead,RockTomb,Protect|Adamant||M|||50|]Gholdengo||LifeOrb|GoodasGold|ShadowBall,MakeItRain,NastyPlot,Protect|Modest|||||50|]Milotic||Leftovers|Competitive|Scald,Recover,IcyWind,Protect|Calm||M|||50|]Sinistcha||ColburBerry|Hospitality|MatchaGotcha,StrengthSap,RagePowder,Protect|Relaxed|||||50|]Staraptor||Staraptite|Intimidate|CloseCombat,BraveBird,Tailwind,Protect|Jolly||F|||50|
|inactive|Battle timer is ON: inactive players will automatically lose when time's up. (requested by testdigi)
|
|t:|1785414982
|teamsize|p1|4
|teamsize|p2|4
|start
|switch|p1a: Scovillain|Scovillain, L50, M|100/100
|switch|p1b: Meowstic|Meowstic, L50, M|100/100
|switch|p2a: Staraptor|Staraptor, L50, F|100/100
|switch|p2b: Milotic|Milotic, L50, M, shiny|100/100
|-ability|p2a: Staraptor|Intimidate|boost
|-unboost|p1a: Scovillain|atk|1
|-unboost|p1b: Meowstic|atk|1
|turn|1
|inactive|GS Barnabe has 30 seconds left.
|
|t:|1785415011
|detailschange|p2a: Staraptor|Staraptor-Mega, L50, F
|-mega|p2a: Staraptor|Staraptor|Staraptite
|detailschange|p1a: Scovillain|Scovillain-Mega, L50, M
|-mega|p1a: Scovillain|Scovillain|Scovillainite
|move|p2a: Staraptor|Protect|p2a: Staraptor
|-singleturn|p2a: Staraptor|Protect
|move|p1b: Meowstic|Fake Out|p2a: Staraptor
|-activate|p2a: Staraptor|move: Protect
|move|p2b: Milotic|Icy Wind|p1b: Meowstic|[spread] p1a,p1b
|-damage|p1a: Scovillain|89/100
|-damage|p1b: Meowstic|90/100
|-unboost|p1a: Scovillain|spe|1
|-unboost|p1b: Meowstic|spe|1
|-status|p2b: Milotic|brn|[from] ability: Spicy Spray|[of] p1a: Scovillain
|move|p1a: Scovillain|Leech Seed|p2b: Milotic
|-start|p2b: Milotic|move: Leech Seed
|
|-damage|p2b: Milotic|87/100 brn|[from] Leech Seed|[of] p1a: Scovillain
|-heal|p1a: Scovillain|100/100|[silent]
|-damage|p2b: Milotic|81/100 brn|[from] brn
|upkeep
|turn|2
|inactive|GS Barnabe has 30 seconds left.
|inactive|GS Barnabe has 20 seconds left.
|inactive|GS Barnabe has 15 seconds left.
|inactive|GS Barnabe has 10 seconds left.
|
|t:|1785415057
|move|p1a: Scovillain|Rage Powder|p1a: Scovillain
|-singleturn|p1a: Scovillain|move: Rage Powder
|move|p1b: Meowstic|Reflect|p1b: Meowstic
|-sidestart|p1: GS Barnabe|Reflect
|move|p2a: Staraptor|Tailwind|p2a: Staraptor
|-sidestart|p2: testdigi|move: Tailwind
|move|p2b: Milotic|Scald|p1a: Scovillain
|-damage|p1a: Scovillain|72/100
|
|-heal|p2b: Milotic|87/100 brn|[from] item: Leftovers
|-damage|p2b: Milotic|75/100 brn|[from] Leech Seed|[of] p1a: Scovillain
|-heal|p1a: Scovillain|86/100|[silent]
|-damage|p2b: Milotic|69/100 brn|[from] brn
|upkeep
|turn|3
|inactive|GS Barnabe has 30 seconds left.
|inactive|testdigi has 30 seconds left.
|
|t:|1785415100
|switch|p2a: Gholdengo|Gholdengo, L50, shiny|100/100
|move|p1a: Scovillain|Rage Powder|p1a: Scovillain
|-singleturn|p1a: Scovillain|move: Rage Powder
|move|p1b: Meowstic|Light Screen|p1b: Meowstic
|-sidestart|p1: GS Barnabe|move: Light Screen
|move|p2b: Milotic|Scald|p1a: Scovillain
|-damage|p1a: Scovillain|68/100
|
|-heal|p2b: Milotic|75/100 brn|[from] item: Leftovers
|-damage|p2b: Milotic|62/100 brn|[from] Leech Seed|[of] p1a: Scovillain
|-heal|p1a: Scovillain|83/100|[silent]
|-damage|p2b: Milotic|56/100 brn|[from] brn
|upkeep
|turn|4
|inactive|GS Barnabe has 30 seconds left.
|
|t:|1785415130
|switch|p1b: Tyranitar|Tyranitar, L50, F|100/100
|-weather|Sandstorm|[from] ability: Sand Stream|[of] p1b: Tyranitar
|move|p2a: Gholdengo|Shadow Ball|p1a: Scovillain
|-damage|p1a: Scovillain|46/100
|-status|p2a: Gholdengo|brn|[from] ability: Spicy Spray|[of] p1a: Scovillain
|-damage|p2a: Gholdengo|90/100 brn|[from] item: Life Orb
|move|p2b: Milotic|Recover|p2b: Milotic
|-heal|p2b: Milotic|100/100 brn
|move|p1a: Scovillain|Overheat|p2a: Gholdengo
|-supereffective|p2a: Gholdengo|1
|-damage|p2a: Gholdengo|0 fnt
|-unboost|p1a: Scovillain|spa|2
|faint|p2a: Gholdengo
|
|-weather|Sandstorm|[upkeep]
|-damage|p2b: Milotic|94/100 brn|[from] Sandstorm
|-damage|p1a: Scovillain|40/100|[from] Sandstorm
|-heal|p2b: Milotic|100/100 brn|[from] item: Leftovers
|-damage|p2b: Milotic|87/100 brn|[from] Leech Seed|[of] p1a: Scovillain
|-heal|p1a: Scovillain|55/100|[silent]
|-damage|p2b: Milotic|81/100 brn|[from] brn
|upkeep
|
|t:|1785415138
|switch|p2a: Tyranitar|Tyranitar, L50, F|100/100
|turn|5
|inactive|GS Barnabe has 30 seconds left.
|inactive|testdigi has 30 seconds left.
|inactive|GS Barnabe has 20 seconds left.
|
|t:|1785415182
|move|p1a: Scovillain|Rage Powder|p1a: Scovillain
|-singleturn|p1a: Scovillain|move: Rage Powder
|move|p2a: Tyranitar|Low Kick|p1a: Scovillain
|-damage|p1a: Scovillain|45/100
|-status|p2a: Tyranitar|brn|[from] ability: Spicy Spray|[of] p1a: Scovillain
|move|p2b: Milotic|Scald|p1a: Scovillain
|-damage|p1a: Scovillain|27/100
|move|p1b: Tyranitar|Superpower|p2a: Tyranitar
|-supereffective|p2a: Tyranitar|2
|-damage|p2a: Tyranitar|0 fnt
|-unboost|p1b: Tyranitar|atk|1
|-unboost|p1b: Tyranitar|def|1
|faint|p2a: Tyranitar
|
|-weather|Sandstorm|[upkeep]
|-damage|p2b: Milotic|75/100 brn|[from] Sandstorm
|-damage|p1a: Scovillain|21/100|[from] Sandstorm
|-heal|p2b: Milotic|81/100 brn|[from] item: Leftovers
|-damage|p2b: Milotic|69/100 brn|[from] Leech Seed|[of] p1a: Scovillain
|-heal|p1a: Scovillain|36/100|[silent]
|-damage|p2b: Milotic|63/100 brn|[from] brn
|-sideend|p2: testdigi|move: Tailwind
|upkeep
|-message|testdigi forfeited.
|
|win|GS Barnabe
