|j|☆AviDotWav
|j|☆saboyita
|html|AviDotWavsaboyita    
|uhtml|bestof|Game 1 of a best-of-3
|t:|1756345330
|gametype|doubles
|player|p1|AviDotWav|parasollady|1149
|player|p2|saboyita|grimsley|1148
|gen|9
|tier|[Gen 9] VGC 2025 Reg H (Bo3)
|rated|
|rule|Species Clause: Limit one of each Pokémon
|rule|Item Clause: Limit 1 of each item
|clearpoke
|poke|p1|Weezing-Galar, L50, M|
|poke|p1|Whimsicott, L50, F|
|poke|p1|Incineroar, L50, M|
|poke|p1|Annihilape, L50, M|
|poke|p1|Ursaluna-Bloodmoon, L50, M|
|poke|p1|Palafin, L50, M|
|poke|p2|Amoonguss, L50, F|
|poke|p2|Hydreigon, L50, M|
|poke|p2|Whimsicott, L50, F|
|poke|p2|Maushold-Four, L50|
|poke|p2|Annihilape, L50, F|
|poke|p2|Ursaluna-Bloodmoon, L50, M|
|teampreview|4
|showteam|p1|Weezing-Galar||ChoiceSpecs|MistySurge|SludgeBomb,StrangeSteam,DazzlingGleam,Flamethrower|||M|||50|,,,,,Fire]Whimsicott||FocusSash|Prankster|Tailwind,Moonblast,Encore,HelpingHand|||F|||50|,,,,,Water]Incineroar||AssaultVest|Intimidate|FlareBlitz,KnockOff,FakeOut,Uturn|||M|||50|,,,,,Grass]Annihilape||Leftovers|Defiant|DrainPunch,RageFist,BulkUp,Protect|||M|||50|,,,,,Water]Ursaluna-Bloodmoon||LifeOrb|MindsEye|BloodMoon,HyperVoice,EarthPower,Protect|||M|||50|,,,,,Normal]Palafin||ChoiceBand|ZerotoHero|JetPunch,WaveCrash,FlipTurn,CloseCombat|||M|||50|,,,,,Water
|showteam|p2|Amoonguss||MentalHerb|Regenerator|ClearSmog,Spore,RagePowder,Protect|||F|||50|,,,,,Water]Hydreigon||ChoiceSpecs|Levitate|Snarl,HeatWave,DarkPulse,DracoMeteor|||M|||50|,,,,,Ghost]Whimsicott||CovertCloak|Prankster|BeatUp,Encore,HelpingHand,Tailwind|||F|||50|,,,,,Dark]Maushold-Four||WideLens|Technician|PopulationBomb,Taunt,FollowMe,Protect||||||50|,,,,,Ghost]Annihilape||Leftovers|Defiant|RageFist,CloseCombat,FinalGambit,Protect|||F|||50|,,,,,Water]Ursaluna-Bloodmoon||LifeOrb|MindsEye|HyperVoice,EarthPower,BloodMoon,Protect|||M|||50|,,,,,Water
|inactive|Battle timer is ON: inactive players will automatically lose when time's up. (requested by saboyita)
|inactive|AviDotWav also wants the timer to be on.
|inactive|saboyita has 60 seconds left.
|
|t:|1756345375
|teamsize|p1|4
|teamsize|p2|4
|start
|switch|p1a: Annihilape|Annihilape, L50, M|100/100
|switch|p1b: Palafin|Palafin, L50, M|100/100
|switch|p2a: Whimsicott|Whimsicott, L50, F|100/100
|switch|p2b: Annihilape|Annihilape, L50, F|100/100
|turn|1
|inactive|AviDotWav has 30 seconds left.
|inactive|saboyita has 30 seconds left.
|
|t:|1756345403
|move|p2a: Whimsicott|Beat Up|p2b: Annihilape
|-damage|p2b: Annihilape|98/100
|-damage|p2b: Annihilape|95/100
|-damage|p2b: Annihilape|93/100
|-damage|p2b: Annihilape|90/100
|-hitcount|p2b: Annihilape|4
|move|p1b: Palafin|Flip Turn|p2b: Annihilape
|-damage|p2b: Annihilape|54/100
|
|t:|1756345409
|detailschange|p1b: Palafin|Palafin-Hero, L50, M
|switch|p1b: Weezing|Weezing-Galar, L50, M|100/100|[from] Flip Turn
|-fieldstart|move: Misty Terrain|[from] ability: Misty Surge|[of] p1b: Weezing
|move|p1a: Annihilape|Bulk Up|p1a: Annihilape
|-boost|p1a: Annihilape|atk|1
|-boost|p1a: Annihilape|def|1
|move|p2b: Annihilape|Rage Fist|p1b: Weezing
|-damage|p1b: Weezing|0 fnt
|faint|p1b: Weezing
|
|-heal|p2b: Annihilape|60/100|[from] item: Leftovers
|upkeep
|
|t:|1756345416
|switch|p1b: Palafin|Palafin-Hero, L50, M|100/100
|-activate|p1b: Palafin|ability: Zero to Hero
|turn|2
|
|t:|1756345434
|switch|p1b: Whimsicott|Whimsicott, L50, F|100/100
|-terastallize|p1a: Annihilape|Water
|move|p2b: Annihilape|Protect|p2b: Annihilape
|-singleturn|p2b: Annihilape|Protect
|move|p2a: Whimsicott|Encore|p1a: Annihilape
|-start|p1a: Annihilape|Encore
|move|p1a: Annihilape|Bulk Up|p1a: Annihilape
|-boost|p1a: Annihilape|atk|1
|-boost|p1a: Annihilape|def|1
|
|-heal|p2b: Annihilape|66/100|[from] item: Leftovers
|upkeep
|turn|3
|
|t:|1756345454
|switch|p2b: Maushold|Maushold-Four, L50|100/100
|move|p1b: Whimsicott|Encore||[still]
|-fail|p1b: Whimsicott
|move|p2a: Whimsicott|Tailwind|p2a: Whimsicott
|-sidestart|p2: saboyita|move: Tailwind
|move|p1a: Annihilape|Bulk Up|p1a: Annihilape
|-boost|p1a: Annihilape|atk|1
|-boost|p1a: Annihilape|def|1
|
|upkeep
|turn|4
|
|t:|1756345476
|switch|p2a: Annihilape|Annihilape, L50, F|66/100
|move|p1b: Whimsicott|Tailwind|p1b: Whimsicott
|-sidestart|p1: AviDotWav|move: Tailwind
|move|p2b: Maushold|Population Bomb|p1b: Whimsicott
|-damage|p1b: Whimsicott|84/100
|-damage|p1b: Whimsicott|66/100
|-damage|p1b: Whimsicott|50/100
|-damage|p1b: Whimsicott|34/100
|-damage|p1b: Whimsicott|18/100
|-damage|p1b: Whimsicott|1/100
|-damage|p1b: Whimsicott|0 fnt
|faint|p1b: Whimsicott
|-hitcount|p1: Whimsicott|7
|move|p1a: Annihilape|Bulk Up|p1a: Annihilape
|-boost|p1a: Annihilape|atk|1
|-boost|p1a: Annihilape|def|1
|
|-heal|p2a: Annihilape|72/100|[from] item: Leftovers
|-end|p1a: Annihilape|Encore
|upkeep
|
|t:|1756345480
|switch|p1b: Palafin|Palafin-Hero, L50, M|100/100
|turn|5
|inactive|saboyita has 30 seconds left.
|inactive|saboyita has 20 seconds left.
|inactive|saboyita has 15 seconds left.
|
|t:|1756345521
|move|p2a: Annihilape|Protect|p2a: Annihilape
|-singleturn|p2a: Annihilape|Protect
|move|p2b: Maushold|Population Bomb|p1b: Palafin
|-damage|p1b: Palafin|88/100
|-damage|p1b: Palafin|75/100
|-damage|p1b: Palafin|63/100
|-damage|p1b: Palafin|51/100
|-damage|p1b: Palafin|39/100
|-damage|p1b: Palafin|27/100
|-damage|p1b: Palafin|15/100
|-damage|p1b: Palafin|3/100
|-damage|p1b: Palafin|0 fnt
|faint|p1b: Palafin
|-hitcount|p1: Palafin|9
|move|p1a: Annihilape|Rage Fist|p2a: Annihilape
|-activate|p2a: Annihilape|move: Protect
|
|-heal|p2a: Annihilape|78/100|[from] item: Leftovers
|-fieldend|Misty Terrain
|upkeep
|turn|6
|inactive|saboyita has 30 seconds left.
|
|t:|1756345547
|-terastallize|p2b: Maushold|Ghost
|move|p2b: Maushold|Follow Me|p2b: Maushold
|-singleturn|p2b: Maushold|move: Follow Me
|move|p1a: Annihilape|Rage Fist|p2b: Maushold
|-supereffective|p2b: Maushold
|-damage|p2b: Maushold|0 fnt
|faint|p2b: Maushold
|move|p2a: Annihilape|Rage Fist|p1a: Annihilape
|-damage|p1a: Annihilape|52/100
|
|-heal|p1a: Annihilape|58/100|[from] item: Leftovers
|-heal|p2a: Annihilape|84/100|[from] item: Leftovers
|-sideend|p2: saboyita|move: Tailwind
|upkeep
|
|t:|1756345563
|switch|p2b: Whimsicott|Whimsicott, L50, F|100/100
|turn|7
|
|t:|1756345578
|move|p2a: Annihilape|Protect|p2a: Annihilape
|-singleturn|p2a: Annihilape|Protect
|move|p2b: Whimsicott|Tailwind|p2b: Whimsicott
|-sidestart|p2: saboyita|move: Tailwind
|move|p1a: Annihilape|Rage Fist|p2b: Whimsicott
|-damage|p2b: Whimsicott|0 fnt
|faint|p2b: Whimsicott
|
|-heal|p1a: Annihilape|64/100|[from] item: Leftovers
|-heal|p2a: Annihilape|90/100|[from] item: Leftovers
|-sideend|p1: AviDotWav|move: Tailwind
|upkeep
|
|t:|1756345589
|switch|p2b: Hydreigon|Hydreigon, L50, M|100/100
|turn|8
|
|t:|1756345598
|move|p1a: Annihilape|Protect|p1a: Annihilape
|-singleturn|p1a: Annihilape|Protect
|move|p2a: Annihilape|Final Gambit|p1a: Annihilape
|-activate|p1a: Annihilape|move: Protect
|move|p2b: Hydreigon|Dark Pulse|p1a: Annihilape
|-activate|p1a: Annihilape|move: Protect
|
|-heal|p2a: Annihilape|96/100|[from] item: Leftovers
|-heal|p1a: Annihilape|71/100|[from] item: Leftovers
|upkeep
|turn|9
|
|t:|1756345604
|move|p2b: Hydreigon|Dark Pulse|p1a: Annihilape
|-damage|p1a: Annihilape|16/100
|move|p2a: Annihilape|Final Gambit|p1a: Annihilape
|-damage|p1a: Annihilape|0 fnt
|faint|p2a: Annihilape
|faint|p1a: Annihilape
|
|win|saboyita
||AviDotWav is ready for game 2.
|l|☆AviDotWav
|player|p1|
||saboyita is ready for game 2.
|uhtml|next|Next: Game 2 of 3
