|j|☆PkSbm
|j|☆sparrow.d.ace
|html|PkSbmsparrow.d.ace    
|uhtml|bestof|Game 1 of a best-of-3
|t:|1757091146
|gametype|doubles
|player|p1|PkSbm|266|1151
|player|p2|sparrow.d.ace|benga|1170
|gen|9
|tier|[Gen 9] VGC 2025 Reg H (Bo3)
|rated|
|rule|Species Clause: Limit one of each Pokémon
|rule|Item Clause: Limit 1 of each item
|clearpoke
|poke|p1|Gholdengo, L50|
|poke|p1|Dragonite, L50, F|
|poke|p1|Porygon2, L50|
|poke|p1|Ursaluna-Bloodmoon, L50, M|
|poke|p1|Primarina, L50, F|
|poke|p1|Incineroar, L50, F|
|poke|p2|Basculegion, L50, M|
|poke|p2|Archaludon, L50, M|
|poke|p2|Sneasler, L50, M|
|poke|p2|Rillaboom, L50, M|
|poke|p2|Pelipper, L50, F|
|poke|p2|Incineroar, L50, M|
|teampreview|4
|showteam|p1|Gholdengo||LifeOrb|GoodasGold|ShadowBall,MakeItRain,Reflect,LightScreen||||||50|,,,,,Steel]Dragonite||LoadedDice|Multiscale|Tailwind,ScaleShot,ExtremeSpeed,Haze|||F|||50|,,,,,Fairy]Porygon2||Eviolite|Download|Recover,IceBeam,TrickRoom,TeraBlast||||||50|,,,,,Fighting]Ursaluna-Bloodmoon||AssaultVest|MindsEye|VacuumWave,EarthPower,HyperVoice,BloodMoon|||M|||50|,,,,,Ghost]Primarina||SitrusBerry|LiquidVoice|HyperVoice,Haze,Moonblast,Protect|||F|||50|,,,,,Steel]Incineroar||SafetyGoggles|Intimidate|FakeOut,KnockOff,PartingShot,FlareBlitz|||F|||50|,,,,,Ghost
|showteam|p2|Basculegion||ChoiceBand|SwiftSwim|WaveCrash,FlipTurn,LastRespects,AquaJet|||M|||50|,,,,,Water]Archaludon||AssaultVest|Stamina|ElectroShot,DragonPulse,FlashCannon,BodyPress|||M|||50|,,,,,Bug]Sneasler||FocusSash|PoisonTouch|DireClaw,CloseCombat,ThroatChop,Protect|||M|||50|,,,,,Ghost]Rillaboom||LoadedDice|GrassySurge|BulletSeed,GrassyGlide,Uturn,FakeOut|||M|||50|,,,,,Fire]Pelipper||CovertCloak|Drizzle|WeatherBall,Hurricane,Tailwind,Protect|||F|||50|,,,,,Grass]Incineroar||SitrusBerry|Intimidate|FlareBlitz,KnockOff,FakeOut,PartingShot|||M|||50|,,,,,Ghost
|
|t:|1757091195
|teamsize|p1|4
|teamsize|p2|4
|start
|switch|p1a: Porygon2|Porygon2, L50|100/100
|switch|p1b: Dragonite|Dragonite, L50, F|100/100
|switch|p2a: Basculegion|Basculegion, L50, M, shiny|100/100
|switch|p2b: Pelipper|Pelipper, L50, F|100/100
|-weather|RainDance|[from] ability: Drizzle|[of] p2b: Pelipper
|-ability|p1a: Porygon2|Download|boost
|-boost|p1a: Porygon2|spa|1
|turn|1
|
|t:|1757091228
|-terastallize|p2a: Basculegion|Water
|move|p2a: Basculegion|Wave Crash|p1b: Dragonite
|-resisted|p1b: Dragonite
|-damage|p1b: Dragonite|49/100
|-damage|p2a: Basculegion|86/100|[from] Recoil
|move|p1b: Dragonite|Scale Shot|p2a: Basculegion
|-damage|p2a: Basculegion|68/100
|-damage|p2a: Basculegion|50/100
|-damage|p2a: Basculegion|33/100
|-damage|p2a: Basculegion|14/100
|-hitcount|p2a: Basculegion|4
|-unboost|p1b: Dragonite|def|1
|-boost|p1b: Dragonite|spe|1
|move|p2b: Pelipper|Hurricane|p1b: Dragonite
|-damage|p1b: Dragonite|11/100
|move|p1a: Porygon2|Tera Blast|p2b: Pelipper
|-damage|p2b: Pelipper|39/100
|
|-weather|RainDance|[upkeep]
|upkeep
|turn|2
|
|t:|1757091253
|switch|p2a: Archaludon|Archaludon, L50, M|100/100
|move|p2b: Pelipper|Protect|p2b: Pelipper
|-singleturn|p2b: Pelipper|Protect
|move|p1b: Dragonite|Extreme Speed|p2a: Archaludon
|-resisted|p2a: Archaludon
|-damage|p2a: Archaludon|90/100
|-ability|p2a: Archaludon|Stamina|boost
|-boost|p2a: Archaludon|def|1
|move|p1a: Porygon2|Tera Blast|p2b: Pelipper
|-activate|p2b: Pelipper|move: Protect
|
|-weather|RainDance|[upkeep]
|upkeep
|turn|3
|
|t:|1757091274
|switch|p2b: Incineroar|Incineroar, L50, M|100/100
|-ability|p2b: Incineroar|Intimidate|boost
|-unboost|p1a: Porygon2|atk|1
|-unboost|p1b: Dragonite|atk|1
|-terastallize|p1a: Porygon2|Fighting
|move|p1b: Dragonite|Scale Shot|p2b: Incineroar|[miss]
|-miss|p1b: Dragonite|p2b: Incineroar
|move|p2a: Archaludon|Electro Shot||[still]
|-prepare|p2a: Archaludon|Electro Shot
|-boost|p2a: Archaludon|spa|1
|-anim|p2a: Archaludon|Electro Shot|p1b: Dragonite
|-damage|p1b: Dragonite|0 fnt
|faint|p1b: Dragonite
|move|p1a: Porygon2|Tera Blast|p2a: Archaludon|[anim] Tera Blast Fighting
|-supereffective|p2a: Archaludon
|-damage|p2a: Archaludon|17/100
|-ability|p2a: Archaludon|Stamina|boost
|-boost|p2a: Archaludon|def|1
|
|-weather|RainDance|[upkeep]
|upkeep
|
|t:|1757091288
|switch|p1b: Ursaluna|Ursaluna-Bloodmoon, L50, M|100/100
|turn|4
|
|t:|1757091305
|switch|p1b: Primarina|Primarina, L50, F|100/100
|move|p2a: Archaludon|Body Press|p1b: Primarina
|-resisted|p1b: Primarina
|-damage|p1b: Primarina|70/100
|move|p2b: Incineroar|Parting Shot|p1a: Porygon2
|-unboost|p1a: Porygon2|atk|1
|-unboost|p1a: Porygon2|spa|1
|
|t:|1757091314
|switch|p2b: Pelipper|Pelipper, L50, F|39/100|[from] Parting Shot
|move|p1a: Porygon2|Tera Blast|p2a: Archaludon|[anim] Tera Blast Fighting
|-supereffective|p2a: Archaludon
|-damage|p2a: Archaludon|0 fnt
|faint|p2a: Archaludon
|
|-weather|RainDance|[upkeep]
|upkeep
|
|t:|1757091319
|switch|p2a: Basculegion|Basculegion, L50, M, shiny, tera:Water|14/100
|turn|5
|
|t:|1757091354
|move|p2a: Basculegion|Last Respects|p1a: Porygon2
|-damage|p1a: Porygon2|53/100
|move|p2b: Pelipper|Hurricane|p1a: Porygon2
|-supereffective|p1a: Porygon2
|-damage|p1a: Porygon2|9/100
|-start|p1a: Porygon2|confusion
|move|p1b: Primarina|Moonblast|p2b: Pelipper
|-damage|p2b: Pelipper|0 fnt
|faint|p2b: Pelipper
|-activate|p1a: Porygon2|confusion
|move|p1a: Porygon2|Tera Blast|p2a: Basculegion|[anim] Tera Blast Fighting
|-damage|p2a: Basculegion|0 fnt
|faint|p2a: Basculegion
|
|-weather|none
|upkeep
|inactive|Battle timer is ON: inactive players will automatically lose when time's up. (requested by sparrow.d.ace)
|
|t:|1757091366
|switch|p2b: Incineroar|Incineroar, L50, M|100/100
|-ability|p2b: Incineroar|Intimidate|boost
|-unboost|p1a: Porygon2|atk|1
|-unboost|p1b: Primarina|atk|1
|turn|6
|
|t:|1757091376
|move|p2b: Incineroar|Knock Off|p1a: Porygon2
|-resisted|p1a: Porygon2
|-damage|p1a: Porygon2|0 fnt
|-enditem|p1a: Porygon2|Eviolite|[from] move: Knock Off|[of] p2b: Incineroar
|faint|p1a: Porygon2
|move|p1b: Primarina|Hyper Voice|p2b: Incineroar
|-supereffective|p2b: Incineroar
|-damage|p2b: Incineroar|14/100
|-enditem|p2b: Incineroar|Sitrus Berry|[eat]
|-heal|p2b: Incineroar|39/100|[from] item: Sitrus Berry
|
|upkeep
|
|t:|1757091378
|switch|p1a: Ursaluna|Ursaluna-Bloodmoon, L50, M|100/100
|turn|7
|
|t:|1757091393
|move|p2b: Incineroar|Flare Blitz|p1a: Ursaluna
|-damage|p1a: Ursaluna|65/100
|-damage|p2b: Incineroar|27/100|[from] Recoil
|move|p1b: Primarina|Hyper Voice|p2b: Incineroar
|-supereffective|p2b: Incineroar
|-damage|p2b: Incineroar|0 fnt
|faint|p2b: Incineroar
|
|win|PkSbm
||sparrow.d.ace is ready for game 2.
|inactive|PkSbm has 30 seconds to confirm battle start!
|inactive|PkSbm has 20 seconds to confirm battle start!
|inactive|PkSbm has 10 seconds to confirm battle start!
||PkSbm is ready for game 2.
|uhtml|next|Next: Game 2 of 3
|l|☆PkSbm
|player|p1|
