|j|☆MuseigenTest
|j|☆Alysonz
|html|MuseigenTestAlysonz    
|uhtml|bestof|Game 2 of a best-of-3
|t:|1782524648
|gametype|doubles
|player|p1|MuseigenTest|102|1150
|player|p2|Alysonz|170|1071
|gen|9
|tier|[Gen 9 Champions] VGC 2026 Reg M-B (Bo3)
|rated|
|rule|Species Clause: Limit one of each Pokémon
|rule|Item Clause: Limit 1 of each item
|clearpoke
|poke|p1|Sinistcha, L50, shiny|
|poke|p1|Incineroar, L50, M, shiny|
|poke|p1|Milotic, L50, F|
|poke|p1|Scrafty, L50, M|
|poke|p1|Floette-Eternal, L50, F|
|poke|p1|Garchomp, L50, F|
|poke|p2|Pelipper, L50, M|
|poke|p2|Basculegion, L50, M|
|poke|p2|Whimsicott, L50, F|
|poke|p2|Scizor, L50, M|
|poke|p2|Dragonite, L50, M|
|poke|p2|Sceptile, L50, F|
|teampreview|4
|showteam|p1|Sinistcha||KasibBerry|Hospitality|Protect,RagePowder,MatchaGotcha,LifeDew|Calm|||||50|]Incineroar||SitrusBerry|Intimidate|FakeOut,ThroatChop,FlareBlitz,PartingShot|Impish||M|||50|]Milotic||Leftovers|Competitive|Coil,MuddyWater,Hypnosis,Protect|Bold||F|||50|]Scrafty||Scraftinite|Intimidate|DrainPunch,SwordsDance,KnockOff,FakeOut|Careful||M|||50|]Floette-Eternal||Floettite|FlowerVeil|Protect,DrainingKiss,CalmMind,DazzlingGleam|Timid||F|||50|]Garchomp||LifeOrb|RoughSkin|RockSlide,StompingTantrum,PoisonJab,Protect|Adamant||F|||50|
|showteam|p2|Pelipper||DampRock|Drizzle|Protect,Surf,Hurricane,IceBeam|Modest||M|||50|]Basculegion||LifeOrb|SwiftSwim|AquaJet,Protect,WaveCrash,LastRespects|Adamant||M|||50|]Whimsicott||FocusSash|Prankster|Encore,Tailwind,Taunt,DazzlingGleam|Timid||F|||50|]Scizor||Scizorite|Technician|BugBite,BulletPunch,CloseCombat,Protect|Adamant||M|||50|]Dragonite||Leftovers|Multiscale|Thunder,RockSlide,Hurricane,RainDance|Naive||M|||50|]Sceptile||YacheBerry|Unburden|LeafStorm,EarthPower,EnergyBall,Protect|Timid||F|||50|
|inactive|Battle timer is ON: inactive players will automatically lose when time's up. (requested by MuseigenTest)
|inactive|MuseigenTest has 60 seconds left.
|inactive|Alysonz has 60 seconds left.
|inactive|MuseigenTest has 30 seconds left.
|inactive|MuseigenTest has 20 seconds left.
|inactive|MuseigenTest has 15 seconds left.
|inactive|MuseigenTest has 10 seconds left.
|inactive|MuseigenTest has 5 seconds left.
|
|t:|1782524734
|teamsize|p1|4
|teamsize|p2|4
|start
|switch|p1a: Milotic|Milotic, L50, F|100/100
|switch|p1b: Incineroar|Incineroar, L50, M, shiny|100/100
|switch|p2a: Echidna|Whimsicott, L50, F|100/100
|switch|p2b: Rigel|Basculegion, L50, M|100/100
|-ability|p1b: Incineroar|Intimidate|boost
|-unboost|p2a: Echidna|atk|1
|-unboost|p2b: Rigel|atk|1
|turn|1
|
|t:|1782524759
|move|p2b: Rigel|Protect|p2b: Rigel
|-singleturn|p2b: Rigel|Protect
|move|p1b: Incineroar|Fake Out|p2a: Echidna
|-damage|p2a: Echidna|84/100
|cant|p2a: Echidna|flinch
|move|p1a: Milotic|Coil|p1a: Milotic
|-boost|p1a: Milotic|atk|1
|-boost|p1a: Milotic|def|1
|-boost|p1a: Milotic|accuracy|1
|
|upkeep
|turn|2
|
|t:|1782524780
|switch|p1b: Scrafty|Scrafty, L50, M|100/100
|-ability|p1b: Scrafty|Intimidate|boost
|-unboost|p2a: Echidna|atk|1
|-unboost|p2b: Rigel|atk|1
|move|p1a: Milotic|Protect|p1a: Milotic
|-singleturn|p1a: Milotic|Protect
|move|p2a: Echidna|Encore|p1a: Milotic
|-activate|p1a: Milotic|move: Protect
|move|p2b: Rigel|Wave Crash|p1b: Scrafty
|-damage|p1b: Scrafty|58/100
|-damage|p2b: Rigel|88/100|[from] Recoil
|-damage|p2b: Rigel|78/100|[from] item: Life Orb
|
|upkeep
|turn|3
|inactive|MuseigenTest has 30 seconds left.
|inactive|MuseigenTest has 20 seconds left.
|
|t:|1782524818
|detailschange|p1b: Scrafty|Scrafty-Mega, L50, M
|-mega|p1b: Scrafty|Scrafty|Scraftinite
|-ability|p1b: Scrafty|Intimidate|boost
|-unboost|p2a: Echidna|atk|1
|-unboost|p2b: Rigel|atk|1
|move|p2b: Rigel|Protect|p2b: Rigel
|-singleturn|p2b: Rigel|Protect
|move|p1b: Scrafty|Fake Out|p2a: Echidna
|-damage|p2a: Echidna|63/100
|cant|p2a: Echidna|flinch
|move|p1a: Milotic|Coil|p1a: Milotic
|-boost|p1a: Milotic|atk|1
|-boost|p1a: Milotic|def|1
|-boost|p1a: Milotic|accuracy|1
|
|upkeep
|turn|4
|inactive|Alysonz has 30 seconds left.
|
|t:|1782524849
|switch|p1b: Incineroar|Incineroar, L50, M, shiny|100/100
|-ability|p1b: Incineroar|Intimidate|boost
|-unboost|p2a: Echidna|atk|1
|-unboost|p2b: Rigel|atk|1
|move|p1a: Milotic|Protect|p1a: Milotic
|-singleturn|p1a: Milotic|Protect
|move|p2a: Echidna|Dazzling Gleam|p1b: Incineroar|[spread] p1b
|-activate|p1a: Milotic|move: Protect
|-damage|p1b: Incineroar|81/100
|move|p2b: Rigel|Last Respects|p1a: Milotic
|-activate|p1a: Milotic|move: Protect
|
|upkeep
|turn|5
|inactive|Alysonz has 30 seconds left.
|
|t:|1782524876
|switch|p2a: Betelgeulse|Pelipper, L50, M|100/100
|-weather|RainDance|[from] ability: Drizzle|[of] p2a: Betelgeulse
|move|p1b: Incineroar|Fake Out|p2a: Betelgeulse
|-damage|p2a: Betelgeulse|85/100
|move|p2b: Rigel|Wave Crash|p1b: Incineroar
|-supereffective|p1b: Incineroar|1
|-damage|p1b: Incineroar|6/100
|-enditem|p1b: Incineroar|Sitrus Berry|[eat]
|-heal|p1b: Incineroar|31/100|[from] item: Sitrus Berry
|-damage|p2b: Rigel|53/100|[from] Recoil
|-damage|p2b: Rigel|43/100|[from] item: Life Orb
|move|p1a: Milotic|Hypnosis|p2a: Betelgeulse
|-status|p2a: Betelgeulse|slp|[from] move: Hypnosis
|
|-weather|RainDance|[upkeep]
|upkeep
|turn|6
|inactive|MuseigenTest has 30 seconds left.
|c|☆MuseigenTest|0.33 atk still does 74% damage is nuts
|inactive|MuseigenTest has 20 seconds left.
|
|t:|1782524916
|switch|p1b: Scrafty|Scrafty-Mega, L50, M|58/100
|-ability|p1b: Scrafty|Intimidate|boost
|-unboost|p2a: Betelgeulse|atk|1
|-unboost|p2b: Rigel|atk|1
|move|p2b: Rigel|Wave Crash|p1b: Scrafty
|-damage|p1b: Scrafty|31/100
|-damage|p2b: Rigel|35/100|[from] Recoil
|-damage|p2b: Rigel|25/100|[from] item: Life Orb
|move|p1a: Milotic|Hypnosis|p2b: Rigel
|-status|p2b: Rigel|slp|[from] move: Hypnosis
|cant|p2a: Betelgeulse|slp
|
|-weather|RainDance|[upkeep]
|upkeep
|turn|7
|
|t:|1782524939
|switch|p2b: Echidna|Whimsicott, L50, F|63/100
|move|p1a: Milotic|Muddy Water|p2a: Betelgeulse|[spread] p2a,p2b
|-resisted|p2a: Betelgeulse|1
|-resisted|p2b: Echidna|1
|-damage|p2a: Betelgeulse|61/100 slp
|-damage|p2b: Echidna|33/100
|-unboost|p2a: Betelgeulse|accuracy|1
|cant|p2a: Betelgeulse|slp
|move|p1b: Scrafty|Swords Dance|p1b: Scrafty
|-boost|p1b: Scrafty|atk|2
|
|-weather|RainDance|[upkeep]
|upkeep
|turn|8
|inactive|MuseigenTest has 30 seconds left.
|inactive|MuseigenTest has 20 seconds left.
|inactive|MuseigenTest has 15 seconds left.
|
|t:|1782524981
|switch|p1b: Incineroar|Incineroar, L50, M, shiny|31/100
|-ability|p1b: Incineroar|Intimidate|boost
|-unboost|p2a: Betelgeulse|atk|1
|-unboost|p2b: Echidna|atk|1
|move|p2b: Echidna|Dazzling Gleam|p1a: Milotic|[spread] p1a,p1b
|-damage|p1a: Milotic|86/100
|-damage|p1b: Incineroar|11/100
|move|p1a: Milotic|Muddy Water|p2b: Echidna|[spread] p2a,p2b
|-resisted|p2a: Betelgeulse|1
|-resisted|p2b: Echidna|1
|-damage|p2a: Betelgeulse|36/100 slp
|-damage|p2b: Echidna|4/100
|-unboost|p2b: Echidna|accuracy|1
|-curestatus|p2a: Betelgeulse|slp|[msg]
|move|p2a: Betelgeulse|Hurricane|p1a: Milotic
|-damage|p1a: Milotic|52/100
|
|-weather|RainDance|[upkeep]
|-heal|p1a: Milotic|58/100|[from] item: Leftovers
|upkeep
|turn|9
|inactive|MuseigenTest has 30 seconds left.
|inactive|Alysonz has 30 seconds left.
|
|t:|1782525010
|switch|p2b: Scizor|Scizor, L50, M|100/100
|move|p1b: Incineroar|Fake Out|p2b: Scizor
|-resisted|p2b: Scizor|1
|-crit|p2b: Scizor
|-damage|p2b: Scizor|91/100
|move|p1a: Milotic|Hypnosis|p2a: Betelgeulse
|-status|p2a: Betelgeulse|slp|[from] move: Hypnosis
|cant|p2a: Betelgeulse|slp
|
|-weather|RainDance|[upkeep]
|-heal|p1a: Milotic|64/100|[from] item: Leftovers
|upkeep
|turn|10
|
|t:|1782525033
|switch|p1b: Sinistcha|Sinistcha, L50, shiny|100/100
|-heal|p1a: Milotic|89/100|[from] ability: Hospitality|[of] p1b: Sinistcha
|detailschange|p2b: Scizor|Scizor-Mega, L50, M
|-mega|p2b: Scizor|Scizor|Scizorite
|move|p2b: Scizor|Bullet Punch|p1b: Sinistcha
|-damage|p1b: Sinistcha|67/100
|move|p1a: Milotic|Hypnosis|p2b: Scizor
|-status|p2b: Scizor|slp|[from] move: Hypnosis
|cant|p2a: Betelgeulse|slp
|
|-weather|RainDance|[upkeep]
|-heal|p1a: Milotic|95/100|[from] item: Leftovers
|upkeep
|turn|11
|inactive|MuseigenTest has 30 seconds left.
|
|t:|1782525059
|move|p1b: Sinistcha|Protect|p1b: Sinistcha
|-singleturn|p1b: Sinistcha|Protect
|cant|p2b: Scizor|slp
|move|p1a: Milotic|Muddy Water|p2b: Scizor|[spread] p2a,p2b
|-resisted|p2a: Betelgeulse|1
|-damage|p2a: Betelgeulse|10/100 slp
|-damage|p2b: Scizor|56/100 slp
|-unboost|p2a: Betelgeulse|accuracy|1
|-unboost|p2b: Scizor|accuracy|1
|-curestatus|p2a: Betelgeulse|slp|[msg]
|move|p2a: Betelgeulse|Hurricane|p1a: Milotic
|-damage|p1a: Milotic|59/100
|-start|p1a: Milotic|confusion
|
|-weather|RainDance|[upkeep]
|-heal|p1a: Milotic|65/100|[from] item: Leftovers
|upkeep
|turn|12
|
|t:|1782525081
|-activate|p1a: Milotic|confusion
|-damage|p1a: Milotic|60/100|[from] confusion
|move|p2a: Betelgeulse|Hurricane|p1a: Milotic
|-damage|p1a: Milotic|23/100
|cant|p2b: Scizor|slp
|move|p1b: Sinistcha|Life Dew|p1b: Sinistcha|[spread] p1a,p1b
|-heal|p1a: Milotic|49/100
|-heal|p1b: Sinistcha|93/100
|
|-weather|none
|-heal|p1a: Milotic|54/100|[from] item: Leftovers
|upkeep
|turn|13
|
|t:|1782525100
|switch|p2a: Echidna|Whimsicott, L50, F|4/100
|move|p1b: Sinistcha|Rage Powder|p1b: Sinistcha
|-singleturn|p1b: Sinistcha|move: Rage Powder
|-activate|p1a: Milotic|confusion
|move|p1a: Milotic|Muddy Water|p2a: Echidna|[spread] p2a,p2b
|-resisted|p2a: Echidna|1
|-damage|p2a: Echidna|0 fnt
|-damage|p2b: Scizor|33/100 slp
|-unboost|p2b: Scizor|accuracy|1
|faint|p2a: Echidna
|-curestatus|p2b: Scizor|slp|[msg]
|move|p2b: Scizor|Bug Bite|p1b: Sinistcha
|-damage|p1b: Sinistcha|42/100
|-enditem|p1b: Sinistcha|Kasib Berry|[from] stealeat|[move] Bug Bite|[of] p2b: Scizor
|
|-heal|p1a: Milotic|60/100|[from] item: Leftovers
|upkeep
|
|t:|1782525117
|switch|p2a: Betelgeulse|Pelipper, L50, M|10/100
|-weather|RainDance|[from] ability: Drizzle|[of] p2a: Betelgeulse
|turn|14
|
|t:|1782525134
|switch|p1b: Incineroar|Incineroar, L50, M, shiny|11/100
|-ability|p1b: Incineroar|Intimidate|boost
|-unboost|p2a: Betelgeulse|atk|1
|-unboost|p2b: Scizor|atk|1
|-activate|p1a: Milotic|confusion
|move|p1a: Milotic|Muddy Water|p2b: Scizor|[spread] p2a,p2b
|-resisted|p2a: Betelgeulse|1
|-damage|p2a: Betelgeulse|0 fnt
|-damage|p2b: Scizor|1/100
|faint|p2a: Betelgeulse
|move|p2b: Scizor|Close Combat|p1a: Milotic
|-damage|p1a: Milotic|46/100
|-unboost|p2b: Scizor|def|1
|-unboost|p2b: Scizor|spd|1
|
|-weather|RainDance|[upkeep]
|-heal|p1a: Milotic|52/100|[from] item: Leftovers
|upkeep
|
|t:|1782525148
|switch|p2a: Rigel|Basculegion, L50, M|25/100 slp
|turn|15
|
|t:|1782525159
|move|p1b: Incineroar|Fake Out|p2b: Scizor
|-resisted|p2b: Scizor|1
|-damage|p2b: Scizor|0 fnt
|faint|p2b: Scizor
|cant|p2a: Rigel|slp
|-activate|p1a: Milotic|confusion
|-damage|p1a: Milotic|47/100|[from] confusion
|
|-weather|RainDance|[upkeep]
|-heal|p1a: Milotic|53/100|[from] item: Leftovers
|upkeep
|turn|16
|
|t:|1782525172
|switch|p1b: Sinistcha|Sinistcha, L50, shiny|42/100
|-heal|p1a: Milotic|78/100|[from] ability: Hospitality|[of] p1b: Sinistcha
|-end|p1a: Milotic|confusion
|move|p1a: Milotic|Protect|p1a: Milotic
|-singleturn|p1a: Milotic|Protect
|cant|p2a: Rigel|slp
|
|-weather|RainDance|[upkeep]
|-heal|p1a: Milotic|84/100|[from] item: Leftovers
|upkeep
|turn|17
|
|t:|1782525189
|move|p1b: Sinistcha|Rage Powder|p1b: Sinistcha
|-singleturn|p1b: Sinistcha|move: Rage Powder
|-curestatus|p2a: Rigel|slp|[msg]
|move|p2a: Rigel|Last Respects|p1b: Sinistcha
|-supereffective|p1b: Sinistcha|1
|-damage|p1b: Sinistcha|0 fnt
|faint|p1b: Sinistcha
|-damage|p2a: Rigel|16/100|[from] item: Life Orb
|move|p1a: Milotic|Hypnosis|p2a: Rigel
|-status|p2a: Rigel|slp|[from] move: Hypnosis
|
|-weather|RainDance|[upkeep]
|-heal|p1a: Milotic|90/100|[from] item: Leftovers
|upkeep
|
|t:|1782525193
|switch|p1b: Scrafty|Scrafty-Mega, L50, M|31/100
|-ability|p1b: Scrafty|Intimidate|boost
|-unboost|p2a: Rigel|atk|1
|turn|18
|-message|Alysonz forfeited.
|
|win|MuseigenTest
|l|☆Alysonz
|player|p2|
||MuseigenTest is ready for game 3.
|raw|MuseigenTest's rating: 1150 → 1169(+19 for winning)
|raw|Alysonz's rating: 1071 → 1055(-16 for losing)
