|j|☆myshirtisdirty
|j|☆pko007
|html|myshirtisdirtypko007    
|uhtml|bestof|Game 2 of a best-of-3
|t:|1756524759
|gametype|doubles
|player|p1|myshirtisdirty|2|1132
|player|p2|pko007|hilbert-wonderlauncher|1000
|gen|9
|tier|[Gen 9] VGC 2025 Reg H (Bo3)
|rated|
|rule|Species Clause: Limit one of each Pokémon
|rule|Item Clause: Limit 1 of each item
|clearpoke
|poke|p1|Tyranitar, L50, F|
|poke|p1|Excadrill, L50, M|
|poke|p1|Sinistcha, L50|
|poke|p1|Dragonite, L50, M|
|poke|p1|Primarina, L50, F|
|poke|p1|Volcarona, L50, F|
|poke|p2|Dragapult, L50, F|
|poke|p2|Electabuzz, L50, M|
|poke|p2|Kingambit, L50, M|
|poke|p2|Rillaboom, L50, M|
|poke|p2|Ceruledge, L50, F|
|poke|p2|Primarina, L50, F|
|teampreview|4
|showteam|p1|Tyranitar||AssaultVest|SandStream|RockSlide,KnockOff,TeraBlast,LowKick|||F|||50|,,,,,Flying]Excadrill||ClearAmulet|SandRush|Earthquake,IronHead,HighHorsepower,Protect|||M|||50|,,,,,Ghost]Sinistcha||RockyHelmet|Hospitality|MatchaGotcha,LifeDew,TrickRoom,RagePowder||||||50|,,,,,Dark]Dragonite||ChoiceBand|InnerFocus|Outrage,ExtremeSpeed,IceSpinner,AerialAce|||M|||50|,,,,,Normal]Primarina||ThroatSpray|LiquidVoice|Moonblast,HyperVoice,Haze,Protect|||F|||50|,,,,,Grass]Volcarona||Leftovers|FlameBody|FieryDance,GigaDrain,QuiverDance,Protect|||F|||50|,,,,,Dragon
|showteam|p2|Dragapult||ChoiceBand|ClearBody|DragonDarts,PhantomForce,Uturn,Outrage|||F|||50|,,,,,Dragon]Electabuzz||Eviolite|VitalSpirit|Taunt,Electroweb,FollowMe,Protect|||M|||50|,,,,,Ground]Kingambit||BlackGlasses|Defiant|KowtowCleave,SwordsDance,SuckerPunch,Protect|||M|||50|,,,,,Dark]Rillaboom||AssaultVest|GrassySurge|WoodHammer,GrassyGlide,Uturn,FakeOut|||M|||50|,,,,,Fire]Ceruledge||ClearAmulet|FlashFire|Poltergeist,BitterBlade,BulkUp,Protect|||F|||50|,,,,,Grass]Primarina||ThroatSpray|Torrent|HyperVoice,Moonblast,Haze,Protect|||F|||50|,,,,,Water
|
|t:|1756524797
|teamsize|p1|4
|teamsize|p2|4
|start
|switch|p1a: Sinistcha|Sinistcha, L50|100/100
|switch|p1b: Dragonite|Dragonite, L50, M|100/100
|switch|p2a: Electabuzz|Electabuzz, L50, M, shiny|100/100
|switch|p2b: Kingambit|Kingambit, L50, M, shiny|100/100
|turn|1
|inactive|Battle timer is ON: inactive players will automatically lose when time's up. (requested by pko007)
|
|t:|1756524833
|move|p2b: Kingambit|Protect|p2b: Kingambit
|-singleturn|p2b: Kingambit|Protect
|move|p1a: Sinistcha|Rage Powder|p1a: Sinistcha
|-singleturn|p1a: Sinistcha|move: Rage Powder
|move|p2a: Electabuzz|Electroweb|p1b: Dragonite|[spread] p1a,p1b
|-resisted|p1a: Sinistcha
|-damage|p1a: Sinistcha|94/100
|-damage|p1b: Dragonite|87/100
|-unboost|p1a: Sinistcha|spe|1
|-unboost|p1b: Dragonite|spe|1
|move|p1b: Dragonite|Outrage|p2a: Electabuzz
|-damage|p2a: Electabuzz|0 fnt
|faint|p2a: Electabuzz
|
|upkeep
|
|t:|1756524847
|switch|p2a: Dragapult|Dragapult, L50, F, shiny|100/100
|turn|2
|inactive|pko007 has 30 seconds left.
|
|t:|1756524877
|-terastallize|p2b: Kingambit|Dark
|-terastallize|p1a: Sinistcha|Dark
|move|p1a: Sinistcha|Rage Powder|p1a: Sinistcha
|-singleturn|p1a: Sinistcha|move: Rage Powder
|move|p2a: Dragapult|U-turn|p1a: Sinistcha
|-supereffective|p1a: Sinistcha
|-damage|p1a: Sinistcha|32/100
|-damage|p2a: Dragapult|84/100|[from] item: Rocky Helmet|[of] p1a: Sinistcha
|
|t:|1756524886
|switch|p2a: Rillaboom|Rillaboom, L50, M, shiny|100/100|[from] U-turn
|-fieldstart|move: Grassy Terrain|[from] ability: Grassy Surge|[of] p2a: Rillaboom
|move|p2b: Kingambit|Kowtow Cleave|p1a: Sinistcha
|-resisted|p1a: Sinistcha
|-damage|p1a: Sinistcha|0 fnt
|-damage|p2b: Kingambit|84/100|[from] item: Rocky Helmet|[of] p1a: Sinistcha
|faint|p1a: Sinistcha
|move|p1b: Dragonite|Outrage|p2b: Kingambit|[from] lockedmove
|-damage|p2b: Kingambit|0 fnt
|faint|p2b: Kingambit
|-start|p1b: Dragonite|confusion|[fatigue]
|
|upkeep
|
|t:|1756524902
|switch|p2b: Dragapult|Dragapult, L50, F, shiny|84/100
|switch|p1a: Volcarona|Volcarona, L50, F|100/100
|turn|3
|inactive|pko007 has 30 seconds left.
|
|t:|1756524930
|switch|p1b: Primarina|Primarina, L50, F|100/100
|move|p1a: Volcarona|Protect|p1a: Volcarona
|-singleturn|p1a: Volcarona|Protect
|move|p2b: Dragapult|Outrage|p1b: Primarina
|-immune|p1b: Primarina
|move|p2a: Rillaboom|Wood Hammer|p1b: Primarina
|-supereffective|p1b: Primarina
|-damage|p1b: Primarina|0 fnt
|faint|p1b: Primarina
|-damage|p2a: Rillaboom|71/100|[from] Recoil
|
|-heal|p2b: Dragapult|90/100|[from] Grassy Terrain
|-heal|p2a: Rillaboom|76/100|[from] Grassy Terrain
|upkeep
|
|t:|1756524941
|switch|p1b: Dragonite|Dragonite, L50, M|87/100
|turn|4
|
|t:|1756524957
|move|p2a: Rillaboom|Grassy Glide|p1a: Volcarona
|-resisted|p1a: Volcarona
|-damage|p1a: Volcarona|88/100
|move|p2b: Dragapult|Outrage|p1a: Volcarona
|-damage|p1a: Volcarona|0 fnt
|faint|p1a: Volcarona
|move|p1b: Dragonite|Outrage|p2a: Rillaboom
|-damage|p2a: Rillaboom|0 fnt
|faint|p2a: Rillaboom
|
|-heal|p2b: Dragapult|96/100|[from] Grassy Terrain
|upkeep
|turn|5
|
|t:|1756524970
|move|p2b: Dragapult|Outrage|p1b: Dragonite|[from] lockedmove
|-supereffective|p1b: Dragonite
|-damage|p1b: Dragonite|0 fnt
|faint|p1b: Dragonite
|-start|p2b: Dragapult|confusion|[fatigue]
|
|win|pko007
|raw|myshirtisdirty's rating: 1132 → 1098(-34 for losing)
|raw|pko007's rating: 1000 → 1055(+55 for winning)
|l|☆pko007
|player|p2|
