|j|☆IngeVGC
|j|☆figglewiggle
|html|IngeVGCfigglewiggle    
|uhtml|bestof|Game 2 of a best-of-3
|t:|1784062887
|gametype|doubles
|player|p1|IngeVGC|fisherman-gen4|1261
|player|p2|figglewiggle|101|1278
|gen|9
|tier|[Gen 9 Champions] VGC 2026 Reg M-B (Bo3)
|rated|
|rule|Species Clause: Limit one of each Pokémon
|rule|Item Clause: Limit 1 of each item
|clearpoke
|poke|p1|Aerodactyl, L50, F|
|poke|p1|Kingambit, L50, M, shiny|
|poke|p1|Farigiraf, L50, F, shiny|
|poke|p1|Charizard, L50, M, shiny|
|poke|p1|Sylveon, L50, M, shiny|
|poke|p1|Garchomp, L50, M, shiny|
|poke|p2|Incineroar, L50, F|
|poke|p2|Sinistcha, L50|
|poke|p2|Sneasler, L50, F|
|poke|p2|Kingambit, L50, M|
|poke|p2|Delphox, L50, F|
|poke|p2|Floette-Eternal, L50, F|
|teampreview|4
|showteam|p1|Aerodactyl||Aerodactylite|Unnerve|IceFang,DualWingbeat,RockSlide,Tailwind|Jolly||F|||50|]Kingambit||FocusSash|Defiant|KowtowCleave,IronHead,SuckerPunch,LowKick|Adamant||M|||50|]Farigiraf||SitrusBerry|ArmorTail|TrickRoom,Psychic,Thunderbolt,Roar|Bold||F|||50|]Charizard||CharizarditeY|SolarPower|HeatWave,WeatherBall,SolarBeam,Protect|Modest||M|||50|]Sylveon||FairyFeather|Pixilate|Detect,HyperVoice,HyperBeam,QuickAttack|Modest||M|||50|]Garchomp||LifeOrb|RoughSkin|Protect,DragonClaw,Earthquake,StompingTantrum|Jolly||M|||50|
|showteam|p2|Incineroar||SitrusBerry|Intimidate|FakeOut,PartingShot,FlareBlitz,HelpingHand|Careful||F|||50|]Sinistcha||KasibBerry|Hospitality|MatchaGotcha,RagePowder,TrickRoom,Protect|Bold|||||50|]Sneasler||FocusSash|Unburden|DireClaw,CloseCombat,QuickGuard,FakeOut|Naive||F|||50|]Kingambit||BlackGlasses|Defiant|KowtowCleave,SuckerPunch,SwordsDance,Protect|Adamant||M|||50|]Delphox||Delphoxite|Blaze|HeatWave,Psychic,NastyPlot,Protect|Timid||F|||50|]Floette-Eternal||Floettite|FlowerVeil|Moonblast,DazzlingGleam,CalmMind,Protect|Timid||F|||50|
|inactive|Battle timer is ON: inactive players will automatically lose when time's up. (requested by figglewiggle)
|inactive|figglewiggle has 60 seconds left.
|
|t:|1784062919
|teamsize|p1|4
|teamsize|p2|4
|start
|switch|p1a: Aerodactyl|Aerodactyl, L50, F|100/100
|switch|p1b: Kingambit|Kingambit, L50, M, shiny|100/100
|switch|p2a: Floette|Floette-Eternal, L50, F|100/100
|switch|p2b: Incineroar|Incineroar, L50, F|100/100
|-ability|p1a: Aerodactyl|Unnerve
|-ability|p2b: Incineroar|Intimidate|boost
|-unboost|p1a: Aerodactyl|atk|1
|-unboost|p1b: Kingambit|atk|1
|-ability|p1b: Kingambit|Defiant|boost
|-boost|p1b: Kingambit|atk|2
|turn|1
|
|t:|1784062937
|switch|p1a: Farigiraf|Farigiraf, L50, F, shiny|100/100
|detailschange|p2a: Floette|Floette-Mega, L50, F
|-mega|p2a: Floette|Floette|Floettite
|-ability|p2a: Floette|Fairy Aura
|move|p2a: Floette|Dazzling Gleam|p1b: Kingambit|[spread] p1a,p1b
|-crit|p1a: Farigiraf
|-damage|p1a: Farigiraf|38/100
|-damage|p1b: Kingambit|55/100
|-enditem|p1a: Farigiraf|Sitrus Berry|[eat]
|-heal|p1a: Farigiraf|63/100|[from] item: Sitrus Berry
|move|p1b: Kingambit|Iron Head|p2a: Floette
|-supereffective|p2a: Floette|1
|-damage|p2a: Floette|0 fnt
|faint|p2a: Floette
|move|p2b: Incineroar|Flare Blitz|p1b: Kingambit
|-supereffective|p1b: Kingambit|1
|-damage|p1b: Kingambit|0 fnt
|faint|p1b: Kingambit
|-damage|p2b: Incineroar|83/100|[from] Recoil
|
|upkeep
|
|t:|1784062961
|switch|p2a: Sneasler|Sneasler, L50, F|100/100
|switch|p1b: Garchomp|Garchomp, L50, M, shiny|100/100
|turn|2
|
|t:|1784062973
|switch|p1a: Aerodactyl|Aerodactyl, L50, F|100/100
|-ability|p1a: Aerodactyl|Unnerve
|move|p2a: Sneasler|Close Combat|p1a: Aerodactyl
|-damage|p1a: Aerodactyl|11/100
|-unboost|p2a: Sneasler|def|1
|-unboost|p2a: Sneasler|spd|1
|move|p1b: Garchomp|Earthquake|p2b: Incineroar|[spread] p2a,p2b
|-immune|p1a: Aerodactyl
|-supereffective|p2a: Sneasler|1
|-supereffective|p2b: Incineroar|1
|-enditem|p2a: Sneasler|Focus Sash
|-damage|p2a: Sneasler|1/100
|-damage|p2b: Incineroar|0 fnt
|faint|p2b: Incineroar
|-damage|p1b: Garchomp|90/100|[from] item: Life Orb
|
|upkeep
|
|t:|1784062989
|switch|p2b: Sinistcha|Sinistcha, L50|100/100
|-heal|p2a: Sneasler|25/100|[from] ability: Hospitality|[of] p2b: Sinistcha
|turn|3
|
|t:|1784063002
|switch|p1a: Farigiraf|Farigiraf, L50, F, shiny|63/100
|move|p2a: Sneasler|Close Combat|p1a: Farigiraf
|-damage|p1a: Farigiraf|17/100
|-unboost|p2a: Sneasler|def|1
|-unboost|p2a: Sneasler|spd|1
|move|p1b: Garchomp|Earthquake|p2b: Sinistcha|[spread] p1a,p2a,p2b
|-supereffective|p2a: Sneasler|1
|-resisted|p2b: Sinistcha|1
|-damage|p1a: Farigiraf|0 fnt
|-damage|p2a: Sneasler|0 fnt
|-damage|p2b: Sinistcha|78/100
|faint|p1a: Farigiraf
|faint|p2a: Sneasler
|-damage|p1b: Garchomp|80/100|[from] item: Life Orb
|move|p2b: Sinistcha|Matcha Gotcha|p1b: Garchomp
|-damage|p1b: Garchomp|45/100
|-heal|p2b: Sinistcha|96/100|[from] drain|[of] p1b: Garchomp
|-status|p1b: Garchomp|brn
|
|-damage|p1b: Garchomp|39/100 brn|[from] brn
|upkeep
|
|t:|1784063010
|switch|p1a: Aerodactyl|Aerodactyl, L50, F|11/100
|-ability|p1a: Aerodactyl|Unnerve
|turn|4
|
|t:|1784063031
|detailschange|p1a: Aerodactyl|Aerodactyl-Mega, L50, F
|-mega|p1a: Aerodactyl|Aerodactyl|Aerodactylite
|move|p2b: Sinistcha|Protect|p2b: Sinistcha
|-singleturn|p2b: Sinistcha|Protect
|move|p1a: Aerodactyl|Dual Wingbeat|p2b: Sinistcha
|-activate|p2b: Sinistcha|move: Protect
|move|p1b: Garchomp|Dragon Claw|p2b: Sinistcha
|-activate|p2b: Sinistcha|move: Protect
|
|-damage|p1b: Garchomp|33/100 brn|[from] brn
|upkeep
|turn|5
|
|t:|1784063041
|move|p1a: Aerodactyl|Dual Wingbeat|p2b: Sinistcha
|-supereffective|p2b: Sinistcha|1
|-crit|p2b: Sinistcha
|-damage|p2b: Sinistcha|39/100
|-supereffective|p2b: Sinistcha|1
|-damage|p2b: Sinistcha|1/100
|-hitcount|p2b: Sinistcha|2
|move|p1b: Garchomp|Dragon Claw|p2b: Sinistcha
|-damage|p2b: Sinistcha|0 fnt
|faint|p2b: Sinistcha
|-damage|p1b: Garchomp|24/100 brn|[from] item: Life Orb
|
|win|IngeVGC
|raw|IngeVGC's rating: 1261 → 1287(+26 for winning)
|raw|figglewiggle's rating: 1278 → 1252(-26 for losing)
|l|☆figglewiggle
|player|p2|
