|j|☆lolgz
|j|☆waiseng
|html|lolgzwaiseng    
|uhtml|bestof|Game 1 of a best-of-3
|t:|1782341863
|gametype|doubles
|player|p1|lolgz|dawn|1184
|player|p2|waiseng|giovanni|1142
|gen|9
|tier|[Gen 9 Champions] VGC 2026 Reg M-B (Bo3)
|rated|
|rule|Species Clause: Limit one of each Pokémon
|rule|Item Clause: Limit 1 of each item
|clearpoke
|poke|p1|Torkoal, L50, M|
|poke|p1|Vileplume, L50, F|
|poke|p1|Farigiraf, L50, M|
|poke|p1|Scrafty, L50, F|
|poke|p1|Gallade, L50, M|
|poke|p1|Mawile, L50, M|
|poke|p2|Floette-Eternal, L50, F|
|poke|p2|Gengar, L50, M|
|poke|p2|Incineroar, L50, M|
|poke|p2|Kingambit, L50, M|
|poke|p2|Kommo-o, L50, M|
|poke|p2|Sneasler, L50, F|
|teampreview|4
|showteam|p1|Torkoal||Charcoal|Drought|Eruption,WeatherBall,EarthPower,Protect|Quiet||M|||50|]Vileplume||FocusSash|Chlorophyll|EnergyBall,SludgeBomb,SleepPowder,AfterYou|Timid||F|||50|]Farigiraf||SitrusBerry|ArmorTail|TrickRoom,Protect,Psychic,HelpingHand|Bold||M|||50|]Scrafty||Scraftinite|Intimidate|CloseCombat,KnockOff,FakeOut,RockSlide|Brave||F|||50|]Gallade||IronBall|Sharpness|SacredSword,PsychoCut,WideGuard,TrickRoom|Brave||M|||50|]Mawile||Mawilite|HyperCutter|SuckerPunch,PlayRough,SwordsDance,Protect|Brave||M|||50|
|showteam|p2|Floette-Eternal||Floettite|FlowerVeil|Moonblast,DazzlingGleam,LightofRuin,Protect|Timid||F|||50|]Gengar||Gengarite|CursedBody|ShadowBall,PerishSong,Disable,Protect|Modest||M|||50|]Incineroar||PasshoBerry|Intimidate|FlareBlitz,PartingShot,FakeOut,Protect|Relaxed||M|||50|]Kingambit||BlackGlasses|Defiant|KowtowCleave,SuckerPunch,SwordsDance,Protect|Adamant||M|||50|]Kommo-o||Leftovers|Soundproof|ClangingScales,AuraSphere,ClangorousSoul,Protect|Modest||M|||50|]Sneasler||WhiteHerb|Unburden|CloseCombat,DireClaw,FakeOut,Protect|Adamant||F|||50|
|inactive|Battle timer is ON: inactive players will automatically lose when time's up. (requested by lolgz)
|inactive|lolgz has 60 seconds left.
|inactive|waiseng has 60 seconds left.
|
|t:|1782341923
|teamsize|p1|4
|teamsize|p2|4
|start
|switch|p1a: Vileplume|Vileplume, L50, F|100/100
|switch|p1b: Torkoal|Torkoal, L50, M|100/100
|switch|p2a: Gengar|Gengar, L50, M|100/100
|switch|p2b: Incineroar|Incineroar, L50, M|100/100
|-ability|p2b: Incineroar|Intimidate|boost
|-unboost|p1a: Vileplume|atk|1
|-unboost|p1b: Torkoal|atk|1
|-weather|SunnyDay|[from] ability: Drought|[of] p1b: Torkoal
|turn|1
|inactive|lolgz has 30 seconds left.
|
|t:|1782341954
|switch|p1b: Farigiraf|Farigiraf, L50, M|100/100
|detailschange|p2a: Gengar|Gengar-Mega, L50, M
|-mega|p2a: Gengar|Gengar|Gengarite
|move|p1a: Vileplume|Sleep Powder|p2a: Gengar
|-status|p2a: Gengar|slp|[from] move: Sleep Powder
|cant|p2a: Gengar|slp
|move|p2b: Incineroar|Flare Blitz|p1b: Farigiraf
|-damage|p1b: Farigiraf|51/100
|-damage|p2b: Incineroar|81/100|[from] Recoil
|
|-weather|SunnyDay|[upkeep]
|upkeep
|turn|2
|inactive|waiseng has 30 seconds left.
|inactive|waiseng has 20 seconds left.
|inactive|waiseng has 15 seconds left.
|
|t:|1782341995
|move|p1a: Vileplume|Sleep Powder|p2b: Incineroar
|-status|p2b: Incineroar|slp|[from] move: Sleep Powder
|cant|p2a: Gengar|slp
|move|p1b: Farigiraf|Psychic|p2a: Gengar
|-supereffective|p2a: Gengar|1
|-damage|p2a: Gengar|31/100 slp
|cant|p2b: Incineroar|slp
|
|-weather|SunnyDay|[upkeep]
|upkeep
|turn|3
|
|t:|1782342017
|switch|p2a: Kingambit|Kingambit, L50, M|100/100
|move|p1a: Vileplume|After You|p1b: Farigiraf
|-activate|p1b: Farigiraf|move: After You
|move|p1b: Farigiraf|Psychic|p2a: Kingambit
|-immune|p2a: Kingambit
|cant|p2b: Incineroar|slp
|
|-weather|SunnyDay|[upkeep]
|upkeep
|turn|4
|inactive|waiseng has 30 seconds left.
|
|t:|1782342043
|move|p1a: Vileplume|Sleep Powder|p2a: Kingambit
|-status|p2a: Kingambit|slp|[from] move: Sleep Powder
|-curestatus|p2b: Incineroar|slp|[msg]
|move|p2b: Incineroar|Parting Shot|p1a: Vileplume
|-unboost|p1a: Vileplume|atk|1
|-unboost|p1a: Vileplume|spa|1
|
|t:|1782342053
|switch|p2b: Gengar|Gengar-Mega, L50, M|31/100 slp|[from] Parting Shot
|cant|p2a: Kingambit|slp
|move|p1b: Farigiraf|Trick Room|p1b: Farigiraf
|-fieldstart|move: Trick Room|[of] p1b: Farigiraf
|
|-weather|SunnyDay|[upkeep]
|upkeep
|turn|5
|
|t:|1782342064
|-curestatus|p2b: Gengar|slp|[msg]
|move|p2b: Gengar|Protect|p2b: Gengar
|-singleturn|p2b: Gengar|Protect
|-curestatus|p2a: Kingambit|slp|[msg]
|move|p2a: Kingambit|Swords Dance|p2a: Kingambit
|-boost|p2a: Kingambit|atk|2
|move|p1b: Farigiraf|Psychic|p2b: Gengar
|-activate|p2b: Gengar|move: Protect
|move|p1a: Vileplume|Energy Ball|p2a: Kingambit
|-resisted|p2a: Kingambit|1
|-damage|p2a: Kingambit|85/100
|
|-weather|none
|upkeep
|turn|6
|
|t:|1782342085
|switch|p2b: Incineroar|Incineroar, L50, M|81/100
|-ability|p2b: Incineroar|Intimidate|boost
|-unboost|p1a: Vileplume|atk|1
|-unboost|p1b: Farigiraf|atk|1
|move|p2a: Kingambit|Kowtow Cleave|p1a: Vileplume
|-enditem|p1a: Vileplume|Focus Sash
|-damage|p1a: Vileplume|1/100
|move|p1b: Farigiraf|Psychic|p2b: Incineroar
|-immune|p2b: Incineroar
|move|p1a: Vileplume|Sleep Powder|p2a: Kingambit
|-status|p2a: Kingambit|slp|[from] move: Sleep Powder
|
|upkeep
|turn|7
|inactive|waiseng has 30 seconds left.
|
|t:|1782342118
|switch|p1b: Mawile|Mawile, L50, M|100/100
|switch|p1a: Torkoal|Torkoal, L50, M|100/100
|-weather|SunnyDay|[from] ability: Drought|[of] p1a: Torkoal
|cant|p2a: Kingambit|slp
|move|p2b: Incineroar|Flare Blitz|p1a: Torkoal
|-resisted|p1a: Torkoal|1
|-damage|p1a: Torkoal|74/100
|-damage|p2b: Incineroar|74/100|[from] Recoil
|
|-weather|SunnyDay|[upkeep]
|upkeep
|turn|8
|
|t:|1782342142
|detailschange|p1b: Mawile|Mawile-Mega, L50, M
|-mega|p1b: Mawile|Mawile|Mawilite
|cant|p2a: Kingambit|slp
|move|p1a: Torkoal|Eruption|p2b: Incineroar|[spread] p2a,p2b
|-supereffective|p2a: Kingambit|1
|-resisted|p2b: Incineroar|1
|-damage|p2a: Kingambit|0 fnt
|-damage|p2b: Incineroar|44/100
|faint|p2a: Kingambit
|move|p1b: Mawile|Play Rough|p2b: Incineroar
|-damage|p2b: Incineroar|0 fnt
|faint|p2b: Incineroar
|
|-weather|SunnyDay|[upkeep]
|-fieldend|move: Trick Room
|upkeep
|
|t:|1782342157
|switch|p2b: Gengar|Gengar-Mega, L50, M|31/100
|switch|p2a: Kommo-o|Kommo-o, L50, M|100/100
|turn|9
|
|t:|1782342165
|move|p2b: Gengar|Shadow Ball|p1b: Mawile
|-crit|p1b: Mawile
|-damage|p1b: Mawile|13/100
|move|p2a: Kommo-o|Aura Sphere|p1b: Mawile
|-damage|p1b: Mawile|0 fnt
|faint|p1b: Mawile
|move|p1a: Torkoal|Weather Ball|p2b: Gengar
|-damage|p2b: Gengar|0 fnt
|faint|p2b: Gengar
|
|-weather|SunnyDay|[upkeep]
|upkeep
|
|t:|1782342171
|switch|p1b: Vileplume|Vileplume, L50, F|1/100
|turn|10
|
|t:|1782342186
|move|p2a: Kommo-o|Protect|p2a: Kommo-o
|-singleturn|p2a: Kommo-o|Protect
|move|p1b: Vileplume|Sleep Powder|p2a: Kommo-o
|-activate|p2a: Kommo-o|move: Protect
|move|p1a: Torkoal|Eruption|p2a: Kommo-o
|-activate|p2a: Kommo-o|move: Protect
|
|-weather|SunnyDay|[upkeep]
|upkeep
|turn|11
|
|t:|1782342199
|move|p1b: Vileplume|Sleep Powder|p2a: Kommo-o|[miss]
|-miss|p1b: Vileplume|p2a: Kommo-o
|move|p2a: Kommo-o|Clangorous Soul|p2a: Kommo-o
|-boost|p2a: Kommo-o|atk|1
|-boost|p2a: Kommo-o|def|1
|-boost|p2a: Kommo-o|spa|1
|-boost|p2a: Kommo-o|spd|1
|-boost|p2a: Kommo-o|spe|1
|-damage|p2a: Kommo-o|67/100
|move|p1a: Torkoal|Eruption|p2a: Kommo-o
|-resisted|p2a: Kommo-o|1
|-damage|p2a: Kommo-o|36/100
|
|-weather|none
|-heal|p2a: Kommo-o|42/100|[from] item: Leftovers
|upkeep
|turn|12
|
|t:|1782342222
|move|p2a: Kommo-o|Clanging Scales|p1a: Torkoal|[spread] p1a,p1b
|-damage|p1a: Torkoal|0 fnt
|-damage|p1b: Vileplume|0 fnt
|faint|p1a: Torkoal
|faint|p1b: Vileplume
|-unboost|p2a: Kommo-o|def|1
|
|-heal|p2a: Kommo-o|48/100|[from] item: Leftovers
|upkeep
|
|t:|1782342225
|switch|p1b: Farigiraf|Farigiraf, L50, M|51/100
|turn|13
|
|t:|1782342235
|move|p2a: Kommo-o|Clanging Scales|p1b: Farigiraf
|-damage|p1b: Farigiraf|0 fnt
|faint|p1b: Farigiraf
|
|win|waiseng
