|j|Ōśåairslashesfolante
|j|ŌśåGustaEiras
|html|airslashesfolanteGustaEiras    
|uhtml|bestof|Game 3 of a best-of-3
|t:|1786061954
|gametype|doubles
|player|p1|airslashesfolante|roxie-masters|
|player|p2|GustaEiras|pokemonranger-gen4|
|gen|9
|tier|[Gen 9 Champions] VGC 2026 Reg M-B (Bo3)
|rule|Species Clause: Limit one of each Pok├®mon
|rule|Item Clause: Limit 1 of each item
|clearpoke
|poke|p1|Chimecho, L50, F|
|poke|p1|Altaria, L50, M|
|poke|p1|Sableye, L50, M|
|poke|p1|Heliolisk, L50, F|
|poke|p1|Quaquaval, L50, F|
|poke|p1|Mr. Rime, L50, M|
|poke|p2|Dragonite, L50, F|
|poke|p2|Toxicroak, L50, F|
|poke|p2|Vivillon, L50, M|
|poke|p2|Blastoise, L50, M|
|poke|p2|Heliolisk, L50, F|
|poke|p2|Sableye, L50, F|
|teampreview|4
|showteam|p1|Chimecho||Chimechite|Levitate|CalmMind,Recover,Psyshock,FlashCannon|Bold||F|||50|]Altaria||SitrusBerry|CloudNine|WillOWisp,Tailwind,Acrobatics,Protect|Impish||M|||50|]Sableye||LightClay|Prankster|SkillSwap,Reflect,LightScreen,FoulPlay|Bold||M|||50|]Heliolisk||ChoiceScarf|DrySkin|HyperVoice,VoltSwitch,Electroweb,Thunderbolt|Timid||F|||50|]Quaquaval||LifeOrb|Moxie|AquaStep,CloseCombat,TripleAxel,Protect|Jolly||F|||50|]Mr. Rime||NeverMeltIce|ScreenCleaner|FakeOut,FreezeDry,Taunt,Protect|Modest||M|||50|
|showteam|p2|Dragonite||LumBerry|Multiscale|DragonClaw,FirePunch,ExtremeSpeed,Protect|Adamant||F|||50|]Toxicroak||FocusSash|PoisonTouch|CloseCombat,PoisonJab,FakeOut,Coaching|Jolly||F|||50|]Vivillon||ChoiceScarf|CompoundEyes|Hurricane,Tailwind,RagePowder,SleepPowder|Timid||M|||50|]Blastoise||Blastoisinite|Torrent|WaterSpout,AuraSphere,ShellSmash,Protect|Modest||M|||50|]Heliolisk||LifeOrb|SolarPower|Thunderbolt,WeatherBall,Electroweb,Protect|Timid||F|||50|]Sableye||LightClay|Prankster|Encore,Disable,LightScreen,Reflect|Bold||F|||50|
|
|t:|1786062043
|teamsize|p1|4
|teamsize|p2|4
|start
|switch|p1a: Quaquaval|Quaquaval, L50, F|100/100
|switch|p1b: Sableye|Sableye, L50, M|100/100
|switch|p2a: Heliolisk|Heliolisk, L50, F|100/100
|switch|p2b: Sableye|Sableye, L50, F|100/100
|turn|1
|
|t:|1786062066
|move|p2b: Sableye|Reflect|p2b: Sableye
|-sidestart|p2: GustaEiras|Reflect
|move|p1b: Sableye|Light Screen|p1b: Sableye
|-sidestart|p1: airslashesfolante|move: Light Screen
|move|p2a: Heliolisk|Thunderbolt|p1a: Quaquaval
|-supereffective|p1a: Quaquaval|1
|-damage|p1a: Quaquaval|0 fnt
|faint|p1a: Quaquaval
|-damage|p2a: Heliolisk|90/100|[from] item: Life Orb
|
|upkeep
|
|t:|1786062075
|switch|p1a: Mr. Rime|Mr. Rime, L50, M|100/100
|-activate|p1a: Mr. Rime|ability: Screen Cleaner
|-sideend|p2: GustaEiras|Reflect
|-sideend|p1: airslashesfolante|move: Light Screen
|turn|2
|c|ŌśåGustaEiras|bicho forte
|
|t:|1786062114
|move|p2b: Sableye|Light Screen|p2b: Sableye
|-sidestart|p2: GustaEiras|move: Light Screen
|move|p1b: Sableye|Light Screen|p1b: Sableye
|-sidestart|p1: airslashesfolante|move: Light Screen
|move|p2a: Heliolisk|Thunderbolt|p1a: Mr. Rime
|-damage|p1a: Mr. Rime|60/100
|-damage|p2a: Heliolisk|81/100|[from] item: Life Orb
|move|p1a: Mr. Rime|Freeze-Dry|p2b: Sableye
|-damage|p2b: Sableye|57/100
|
|upkeep
|turn|3
|
|t:|1786062142
|move|p2b: Sableye|Disable|p1a: Mr. Rime
|-start|p1a: Mr. Rime|Disable|Freeze-Dry
|move|p2a: Heliolisk|Electroweb|p1b: Sableye|[spread] p1a,p1b
|-damage|p1a: Mr. Rime|44/100
|-damage|p1b: Sableye|76/100
|-unboost|p1a: Mr. Rime|spe|1
|-unboost|p1b: Sableye|spe|1
|-damage|p2a: Heliolisk|71/100|[from] item: Life Orb
|cant|p1a: Mr. Rime|Disable|Freeze-Dry
|move|p1b: Sableye|Foul Play|p2a: Heliolisk
|-damage|p2a: Heliolisk|35/100
|
|upkeep
|turn|4
|
|t:|1786062195
|switch|p2a: Blastoise|Blastoise, L50, M|100/100
|switch|p2b: Vivillon|Vivillon, L50, M|100/100
|switch|p1a: Chimecho|Chimecho, L50, F|100/100
|move|p1b: Sableye|Foul Play|p2b: Vivillon
|-damage|p2b: Vivillon|64/100
|
|upkeep
|turn|5
|j| Nanandes
|c| Nanandes|pq linkar q ├® bom nada
|
|t:|1786062230
|detailschange|p2a: Blastoise|Blastoise-Mega, L50, M
|-mega|p2a: Blastoise|Blastoise|Blastoisinite
|detailschange|p1a: Chimecho|Chimecho-Mega, L50, F
|-mega|p1a: Chimecho|Chimecho|Chimechite
|move|p2b: Vivillon|Sleep Powder|p1a: Chimecho
|-status|p1a: Chimecho|slp|[from] move: Sleep Powder
|move|p2a: Blastoise|Shell Smash|p2a: Blastoise
|-unboost|p2a: Blastoise|def|1
|-unboost|p2a: Blastoise|spd|1
|-boost|p2a: Blastoise|atk|2
|-boost|p2a: Blastoise|spa|2
|-boost|p2a: Blastoise|spe|2
|cant|p1a: Chimecho|slp
|move|p1b: Sableye|Foul Play|p2a: Blastoise
|-damage|p2a: Blastoise|23/100
|
|upkeep
|turn|6
|c|ŌśåGustaEiras|vdd n├®
|c|Ōśåairslashesfolante|Eu to no cell
|c|Ōśåairslashesfolante|Gusta vc ├® malvado
|c|ŌśåGustaEiras|eu tbm
|
|t:|1786062263
|move|p2a: Blastoise|Aura Sphere|p1a: Chimecho
|-damage|p1a: Chimecho|44/100 slp
|move|p2b: Vivillon|Sleep Powder|p1b: Sableye
|-status|p1b: Sableye|slp|[from] move: Sleep Powder
|cant|p1a: Chimecho|slp
|cant|p1b: Sableye|slp
|
|upkeep
|turn|7
|c|ŌśåGustaEiras|perdao pissuinha
|
|t:|1786062290
|switch|p2b: Heliolisk|Heliolisk, L50, F|35/100
|cant|p1b: Sableye|slp
|move|p2a: Blastoise|Aura Sphere|p1a: Chimecho
|-damage|p1a: Chimecho|0 fnt
|faint|p1a: Chimecho
|
|upkeep
|
|t:|1786062296
|switch|p1a: Mr. Rime|Mr. Rime, L50, M|44/100
|-activate|p1a: Mr. Rime|ability: Screen Cleaner
|-sideend|p1: airslashesfolante|move: Light Screen
|-sideend|p2: GustaEiras|move: Light Screen
|turn|8
|
|t:|1786062314
|move|p2a: Blastoise|Protect|p2a: Blastoise
|-singleturn|p2a: Blastoise|Protect
|move|p2b: Heliolisk|Protect|p2b: Heliolisk
|-singleturn|p2b: Heliolisk|Protect
|move|p1a: Mr. Rime|Fake Out|p2a: Blastoise
|-activate|p2a: Blastoise|move: Protect
|-curestatus|p1b: Sableye|slp|[msg]
|move|p1b: Sableye|Light Screen|p1b: Sableye
|-sidestart|p1: airslashesfolante|move: Light Screen
|
|upkeep
|turn|9
|
|t:|1786062338
|move|p1a: Mr. Rime|Protect|p1a: Mr. Rime
|-singleturn|p1a: Mr. Rime|Protect
|move|p2a: Blastoise|Aura Sphere|p1a: Mr. Rime
|-activate|p1a: Mr. Rime|move: Protect
|move|p2b: Heliolisk|Thunderbolt|p1b: Sableye
|-damage|p1b: Sableye|26/100
|-damage|p2b: Heliolisk|25/100|[from] item: Life Orb
|move|p1b: Sableye|Foul Play|p2b: Heliolisk
|-damage|p2b: Heliolisk|0 fnt
|faint|p2b: Heliolisk
|
|upkeep
|
|t:|1786062353
|switch|p2b: Sableye|Sableye, L50, F|57/100
|turn|10
|
|t:|1786062370
|move|p1a: Mr. Rime|Protect|p1a: Mr. Rime
|-singleturn|p1a: Mr. Rime|Protect
|move|p2b: Sableye|Encore|p1a: Mr. Rime
|-activate|p1a: Mr. Rime|move: Protect
|move|p2a: Blastoise|Aura Sphere|p1a: Mr. Rime
|-activate|p1a: Mr. Rime|move: Protect
|move|p1b: Sableye|Foul Play|p2b: Sableye
|-damage|p2b: Sableye|34/100
|
|upkeep
|turn|11
|
|t:|1786062385
|move|p2b: Sableye|Encore|p1a: Mr. Rime
|-start|p1a: Mr. Rime|Encore
|move|p1a: Mr. Rime|Protect||[still]
|-fail|p1a: Mr. Rime
|move|p2a: Blastoise|Aura Sphere|p1a: Mr. Rime
|-damage|p1a: Mr. Rime|0 fnt
|faint|p1a: Mr. Rime
|move|p1b: Sableye|Foul Play|p2a: Blastoise
|-damage|p2a: Blastoise|0 fnt
|faint|p2a: Blastoise
|
|upkeep
|
|t:|1786062393
|switch|p2a: Vivillon|Vivillon, L50, M|64/100
|turn|12
|
|t:|1786062400
|move|p2b: Sableye|Reflect|p2b: Sableye
|-sidestart|p2: GustaEiras|Reflect
|move|p2a: Vivillon|Hurricane|p1b: Sableye|[miss]
|-miss|p2a: Vivillon|p1b: Sableye
|move|p1b: Sableye|Foul Play|p2a: Vivillon
|-damage|p2a: Vivillon|41/100
|
|upkeep
|turn|13
|
|t:|1786062415
|move|p2b: Sableye|Light Screen|p2b: Sableye
|-sidestart|p2: GustaEiras|move: Light Screen
|move|p1b: Sableye|Skill Swap|p2a: Vivillon
|-activate|p1b: Sableye|Skill Swap|Compound Eyes|Prankster|[of] p2a: Vivillon
|move|p2a: Vivillon|Hurricane|p1b: Sableye
|-damage|p1b: Sableye|0 fnt
|faint|p1b: Sableye
|
|win|GustaEiras
|c|ŌśåGustaEiras|imagina eu erro todos
|c|ŌśåGustaEiras|ggs
