|j|☆Kotestplayer
|j|☆Gibbermish!
|html|KotestplayerGibbermish!    
|uhtml|bestof|Game 2 of a best-of-3
|t:|1786169229
|gametype|doubles
|player|p1|Kotestplayer|101|1149
|player|p2|Gibbermish!|leon|1000
|gen|9
|tier|[Gen 9 Champions] VGC 2026 Reg M-B (Bo3)
|rated|
|rule|Species Clause: Limit one of each Pokémon
|rule|Item Clause: Limit 1 of each item
|clearpoke
|poke|p1|Whimsicott, L50, M|
|poke|p1|Garchomp, L50, M|
|poke|p1|Sylveon, L50, M|
|poke|p1|Gholdengo, L50|
|poke|p1|Gyarados, L50, F|
|poke|p1|Raichu, L50, M|
|poke|p2|Pelipper, L50, F|
|poke|p2|Archaludon, L50, F, shiny|
|poke|p2|Venusaur, L50, M|
|poke|p2|Grimmsnarl, L50, M|
|poke|p2|Garchomp, L50, M|
|poke|p2|Basculegion, L50, M|
|teampreview|4
|showteam|p1|Whimsicott||FocusSash|Prankster|Moonblast,Tailwind,Encore,Protect|Timid||M|||50|]Garchomp||LifeOrb|RoughSkin|DragonClaw,StompingTantrum,RockSlide,Protect|Jolly||M|||50|]Sylveon||FairyFeather|Pixilate|HyperVoice,HyperBeam,QuickAttack,Detect|Modest||M|||50|]Gholdengo||SitrusBerry|GoodasGold|MakeItRain,ShadowBall,NastyPlot,Protect|Modest|||||50|]Gyarados||Gyaradosite|Intimidate|Waterfall,LashOut,DragonDance,Protect|Adamant||F|||50|]Raichu||RaichuniteY|Static|FakeOut,ZapCannon,FocusBlast,Protect|Timid||M|||50|
|showteam|p2|Pelipper||FocusSash|Drizzle|WeatherBall,Hurricane,Tailwind,Protect|Timid||F|||50|]Archaludon||Leftovers|Stamina|FlashCannon,ElectroShot,DragonPulse,Protect|Modest||F|||50|]Venusaur||Venusaurite|Overgrow|GigaDrain,SludgeBomb,EarthPower,Protect|Modest||M|||50|]Grimmsnarl||LightClay|Prankster|Reflect,LightScreen,PartingShot,SpiritBreak|Impish||M|||50|]Garchomp||LifeOrb|RoughSkin|DragonClaw,Earthquake,RockSlide,Protect|Jolly||M|||50|]Basculegion||ChoiceScarf|Adaptability|WaveCrash,LastRespects,AquaJet,FlipTurn|Jolly||M|||50|
|inactive|Battle timer is ON: inactive players will automatically lose when time's up. (requested by Gibbermish!)
|inactive|Gibbermish! has 60 seconds left.
|
|t:|1786169260
|teamsize|p1|4
|teamsize|p2|4
|start
|switch|p1a: Whimsicott|Whimsicott, L50, M|100/100
|switch|p1b: Sylveon|Sylveon, L50, M|100/100
|switch|p2a: Venusaur|Venusaur, L50, M|100/100
|switch|p2b: Grimmsnarl|Grimmsnarl, L50, M|100/100
|turn|1
|inactive|Kotestplayer has 30 seconds left.
|
|t:|1786169290
|detailschange|p2a: Venusaur|Venusaur-Mega, L50, M
|-mega|p2a: Venusaur|Venusaur|Venusaurite
|move|p1a: Whimsicott|Tailwind|p1a: Whimsicott
|-sidestart|p1: Kotestplayer|move: Tailwind
|move|p2b: Grimmsnarl|Light Screen|p2b: Grimmsnarl
|-sidestart|p2: Gibbermish!|move: Light Screen
|move|p1b: Sylveon|Hyper Voice|p2b: Grimmsnarl|[spread] p2a,p2b
|-resisted|p2a: Venusaur|1
|-supereffective|p2b: Grimmsnarl|1
|-damage|p2a: Venusaur|87/100
|-damage|p2b: Grimmsnarl|40/100
|move|p2a: Venusaur|Sludge Bomb|p1b: Sylveon
|-supereffective|p1b: Sylveon|1
|-damage|p1b: Sylveon|13/100
|
|upkeep
|turn|2
|inactive|Kotestplayer has 30 seconds left.
|
|t:|1786169315
|switch|p1b: Gholdengo|Gholdengo, L50|100/100
|move|p1a: Whimsicott|Encore|p2a: Venusaur
|-start|p2a: Venusaur|Encore
|move|p2a: Venusaur|Sludge Bomb|p1a: Whimsicott
|-supereffective|p1a: Whimsicott|2
|-enditem|p1a: Whimsicott|Focus Sash
|-damage|p1a: Whimsicott|1/100
|move|p2b: Grimmsnarl|Spirit Break|p1b: Gholdengo
|-resisted|p1b: Gholdengo|1
|-damage|p1b: Gholdengo|87/100
|-unboost|p1b: Gholdengo|spa|1
|
|upkeep
|turn|3
|
|t:|1786169333
|move|p1a: Whimsicott|Protect|p1a: Whimsicott
|-singleturn|p1a: Whimsicott|Protect
|move|p1b: Gholdengo|Nasty Plot|p1b: Gholdengo
|-boost|p1b: Gholdengo|spa|2
|move|p2a: Venusaur|Sludge Bomb|p1a: Whimsicott
|-activate|p1a: Whimsicott|move: Protect
|move|p2b: Grimmsnarl|Spirit Break|p1b: Gholdengo
|-resisted|p1b: Gholdengo|1
|-damage|p1b: Gholdengo|74/100
|-unboost|p1b: Gholdengo|spa|1
|
|upkeep
|turn|4
|
|t:|1786169352
|switch|p1a: Raichu|Raichu, L50, M|100/100
|move|p1b: Gholdengo|Nasty Plot|p1b: Gholdengo
|-boost|p1b: Gholdengo|spa|2
|move|p2a: Venusaur|Sludge Bomb|p1a: Raichu
|-damage|p1a: Raichu|21/100
|-status|p1a: Raichu|psn
|move|p2b: Grimmsnarl|Spirit Break|p1b: Gholdengo
|-resisted|p1b: Gholdengo|1
|-damage|p1b: Gholdengo|61/100
|-unboost|p1b: Gholdengo|spa|1
|
|-damage|p1a: Raichu|8/100 psn|[from] psn
|-end|p2a: Venusaur|Encore
|-sideend|p1: Kotestplayer|move: Tailwind
|upkeep
|turn|5
|inactive|Kotestplayer has 30 seconds left.
|inactive|Gibbermish! has 30 seconds left.
|
|t:|1786169385
|detailschange|p1a: Raichu|Raichu-Mega-Y, L50, M
|-mega|p1a: Raichu|Raichu|Raichunite Y
|move|p1a: Raichu|Zap Cannon|p2a: Venusaur
|-resisted|p2a: Venusaur|1
|-damage|p2a: Venusaur|66/100
|-status|p2a: Venusaur|par
|move|p1b: Gholdengo|Make It Rain|p2b: Grimmsnarl|[spread] p2a,p2b
|-supereffective|p2b: Grimmsnarl|1
|-damage|p2a: Venusaur|25/100 par
|-damage|p2b: Grimmsnarl|0 fnt
|-unboost|p1b: Gholdengo|spa|2
|faint|p2b: Grimmsnarl
|move|p2a: Venusaur|Earth Power|p1b: Gholdengo
|-supereffective|p1b: Gholdengo|1
|-damage|p1b: Gholdengo|0 fnt
|faint|p1b: Gholdengo
|
|-damage|p1a: Raichu|0 fnt|[from] psn
|faint|p1a: Raichu
|upkeep
|
|t:|1786169404
|switch|p1a: Whimsicott|Whimsicott, L50, M|1/100
|switch|p1b: Sylveon|Sylveon, L50, M|13/100
|switch|p2b: Teardrop|Basculegion, L50, M|100/100
|turn|6
|
|t:|1786169413
|move|p2b: Teardrop|Aqua Jet|p1b: Sylveon
|-damage|p1b: Sylveon|0 fnt
|faint|p1b: Sylveon
|move|p1a: Whimsicott|Tailwind|p1a: Whimsicott
|-sidestart|p1: Kotestplayer|move: Tailwind
|cant|p2a: Venusaur|par
|
|upkeep
|turn|7
|-message|Kotestplayer forfeited.
|
|win|Gibbermish!
|raw|Kotestplayer's rating: 1149 → 1119(-30 for losing)
|raw|Gibbermish!'s rating: 1077 → 1111(+34 for winning)
|l|☆Kotestplayer
|player|p1|
|n|☆Gibbermish!|gibbermish
|n|☆Gibbermish!|gibbermish
