|j|☆Ssamuuelll
|j|☆Garden Monke
|html|SsamuuelllGarden Monke    
|uhtml|bestof|Game 3 of a best-of-3
|t:|1785013346
|gametype|doubles
|player|p1|Ssamuuelll|170|1199
|player|p2|Garden Monke|giacomo|1196
|gen|9
|tier|[Gen 9 Champions] VGC 2026 Reg M-B (Bo3)
|rated|
|rule|Species Clause: Limit one of each Pokémon
|rule|Item Clause: Limit 1 of each item
|clearpoke
|poke|p1|Staraptor, L50, F|
|poke|p1|Maushold-Four, L50|
|poke|p1|Sinistcha-Masterpiece, L50|
|poke|p1|Gholdengo, L50|
|poke|p1|Tyranitar, L50, F|
|poke|p1|Excadrill, L50, F|
|poke|p2|Incineroar, L50, M|
|poke|p2|Sinistcha, L50|
|poke|p2|Gengar, L50, M|
|poke|p2|Swampert, L50, M|
|poke|p2|Politoed, L50, M|
|poke|p2|Archaludon, L50, M|
|teampreview|4
|showteam|p1|Staraptor||Staraptite|Intimidate|CloseCombat,BraveBird,Tailwind,Protect|Jolly||F|||50|]Maushold-Four||ChopleBerry|FriendGuard|Charm,FollowMe,SuperFang,Protect|Timid|||||50|]Sinistcha-Masterpiece||SitrusBerry|Hospitality|MatchaGotcha,TrickRoom,RagePowder,Protect|Bold|||||50|]Gholdengo||LifeOrb|GoodasGold|MakeItRain,ShadowBall,NastyPlot,Protect|Modest|||||50|]Tyranitar||ChoiceScarf|SandStream|RockSlide,KnockOff,IcePunch,LowKick|Jolly||F|||50|]Excadrill||FocusSash|SandRush|HighHorsepower,IronHead,RockSlide,Protect|Adamant||F|||50|
|showteam|p2|Incineroar||PasshoBerry|Intimidate|ThroatChop,FakeOut,PartingShot,Protect|Sassy||M|||50|]Sinistcha||ColburBerry|Hospitality|MatchaGotcha,RagePowder,TrickRoom,Protect|Calm|||||50|]Gengar||Gengarite|CursedBody|ShadowBall,Disable,PerishSong,Protect|Timid||M|||50|]Swampert||Swampertite|Damp|WaveCrash,HighHorsepower,IcePunch,Protect|Adamant||M|||50|]Politoed||SitrusBerry|Drizzle|WeatherBall,Encore,PerishSong,Protect|Calm||M|||50|]Archaludon||Leftovers|Stamina|ElectroShot,DragonPulse,FlashCannon,Protect|Modest||M|||50|
|inactive|Battle timer is ON: inactive players will automatically lose when time's up. (requested by Garden Monke)
|
|t:|1785013357
|teamsize|p1|4
|teamsize|p2|4
|start
|switch|p1a: Gholdengo|Gholdengo, L50|100/100
|switch|p1b: Sinistcha|Sinistcha-Masterpiece, L50|100/100
|switch|p2a: Gengar|Gengar, L50, M|100/100
|switch|p2b: Incineroar|Incineroar, L50, M|100/100
|-ability|p2b: Incineroar|Intimidate|boost
|-unboost|p1a: Gholdengo|atk|1
|-unboost|p1b: Sinistcha|atk|1
|turn|1
|inactive|Garden Monke has 30 seconds left.
|
|t:|1785013382
|detailschange|p2a: Gengar|Gengar-Mega, L50, M
|-mega|p2a: Gengar|Gengar|Gengarite
|move|p1b: Sinistcha|Rage Powder|p1b: Sinistcha
|-singleturn|p1b: Sinistcha|move: Rage Powder
|move|p2a: Gengar|Shadow Ball|p1b: Sinistcha
|-supereffective|p1b: Sinistcha|1
|-damage|p1b: Sinistcha|22/100
|-unboost|p1b: Sinistcha|spd|1
|-enditem|p1b: Sinistcha|Sitrus Berry|[eat]
|-heal|p1b: Sinistcha|47/100|[from] item: Sitrus Berry
|move|p1a: Gholdengo|Nasty Plot|p1a: Gholdengo
|-boost|p1a: Gholdengo|spa|2
|move|p2b: Incineroar|Throat Chop|p1b: Sinistcha
|-supereffective|p1b: Sinistcha|1
|-damage|p1b: Sinistcha|0 fnt
|faint|p1b: Sinistcha
|
|upkeep
|
|t:|1785013399
|switch|p1b: Staraptor|Staraptor, L50, F|100/100
|-ability|p1b: Staraptor|Intimidate|boost
|-unboost|p2a: Gengar|atk|1
|-unboost|p2b: Incineroar|atk|1
|turn|2
|inactive|Garden Monke has 30 seconds left.
|
|t:|1785013433
|move|p1a: Gholdengo|Protect|p1a: Gholdengo
|-singleturn|p1a: Gholdengo|Protect
|move|p2a: Gengar|Shadow Ball|p1a: Gholdengo
|-activate|p1a: Gholdengo|move: Protect
|move|p1b: Staraptor|Tailwind|p1b: Staraptor
|-sidestart|p1: Ssamuuelll|move: Tailwind
|move|p2b: Incineroar|Throat Chop|p1a: Gholdengo
|-activate|p1a: Gholdengo|move: Protect
|
|upkeep
|turn|3
|inactive|Ssamuuelll has 30 seconds left.
|
|t:|1785013460
|switch|p2a: Politoed|Politoed, L50, M|100/100
|-weather|RainDance|[from] ability: Drizzle|[of] p2a: Politoed
|detailschange|p1b: Staraptor|Staraptor-Mega, L50, F
|-mega|p1b: Staraptor|Staraptor|Staraptite
|move|p1b: Staraptor|Close Combat|p2b: Incineroar
|-supereffective|p2b: Incineroar|1
|-damage|p2b: Incineroar|6/100
|-boost|p1b: Staraptor|def|1
|-boost|p1b: Staraptor|spd|1
|move|p1a: Gholdengo|Make It Rain|p2b: Incineroar|[spread] p2a,p2b
|-resisted|p2a: Politoed|1
|-resisted|p2b: Incineroar|1
|-damage|p2a: Politoed|54/100
|-damage|p2b: Incineroar|0 fnt
|-unboost|p1a: Gholdengo|spa|2
|faint|p2b: Incineroar
|-damage|p1a: Gholdengo|90/100|[from] item: Life Orb
|
|-weather|RainDance|[upkeep]
|upkeep
|
|t:|1785013476
|switch|p2b: Sinistcha|Sinistcha, L50|100/100
|-heal|p2a: Politoed|79/100|[from] ability: Hospitality|[of] p2b: Sinistcha
|turn|4
|inactive|Ssamuuelll has 30 seconds left.
|
|t:|1785013506
|switch|p1a: Tyranitar|Tyranitar, L50, F|100/100
|-weather|Sandstorm|[from] ability: Sand Stream|[of] p1a: Tyranitar
|move|p1b: Staraptor|Close Combat|p2a: Politoed
|-damage|p2a: Politoed|20/100y
|-boost|p1b: Staraptor|def|1
|-boost|p1b: Staraptor|spd|1
|-enditem|p2a: Politoed|Sitrus Berry|[eat]
|-heal|p2a: Politoed|45/100|[from] item: Sitrus Berry
|move|p2a: Politoed|Weather Ball|p1a: Tyranitar
|-damage|p1a: Tyranitar|85/100
|move|p2b: Sinistcha|Trick Room|p2b: Sinistcha
|-fieldstart|move: Trick Room|[of] p2b: Sinistcha
|
|-weather|Sandstorm|[upkeep]
|-damage|p2b: Sinistcha|93/100|[from] Sandstorm
|-damage|p2a: Politoed|39/100|[from] Sandstorm
|-damage|p1b: Staraptor|93/100|[from] Sandstorm
|upkeep
|turn|5
|inactive|Ssamuuelll has 30 seconds left.
|inactive|Garden Monke has 30 seconds left.
|
|t:|1785013541
|switch|p2a: Gengar|Gengar-Mega, L50, M|100/100
|switch|p1a: Gholdengo|Gholdengo, L50|90/100
|move|p2b: Sinistcha|Matcha Gotcha|p1a: Gholdengo|[spread] p1a,p1b
|-resisted|p1a: Gholdengo|1
|-resisted|p1b: Staraptor|1
|-damage|p1a: Gholdengo|77/100
|-heal|p2b: Sinistcha|100/100|[from] drain|[of] p1a: Gholdengo
|-damage|p1b: Staraptor|87/100
|-status|p1b: Staraptor|brn
|move|p1b: Staraptor|Brave Bird|p2b: Sinistcha
|-supereffective|p2b: Sinistcha|1
|-damage|p2b: Sinistcha|52/100
|-damage|p1b: Staraptor|72/100 brn|[from] Recoil
|
|-weather|Sandstorm|[upkeep]
|-damage|p2b: Sinistcha|46/100|[from] Sandstorm
|-damage|p2a: Gengar|93/100|[from] Sandstorm
|-damage|p1b: Staraptor|66/100 brn|[from] Sandstorm
|-damage|p1b: Staraptor|60/100 brn|[from] brn
|-sideend|p1: Ssamuuelll|move: Tailwind
|upkeep
|turn|6
|inactive|Ssamuuelll has 30 seconds left.
|
|t:|1785013575
|move|p1a: Gholdengo|Protect|p1a: Gholdengo
|-singleturn|p1a: Gholdengo|Protect
|move|p2b: Sinistcha|Rage Powder|p2b: Sinistcha
|-singleturn|p2b: Sinistcha|move: Rage Powder
|move|p2a: Gengar|Shadow Ball|p1a: Gholdengo
|-activate|p1a: Gholdengo|move: Protect
|move|p1b: Staraptor|Brave Bird|p2b: Sinistcha
|-supereffective|p2b: Sinistcha|1
|-damage|p2b: Sinistcha|0 fnt
|faint|p2b: Sinistcha
|-damage|p1b: Staraptor|45/100 brn|[from] Recoil
|
|-weather|Sandstorm|[upkeep]
|-damage|p2a: Gengar|87/100|[from] Sandstorm
|-damage|p1b: Staraptor|39/100 brn|[from] Sandstorm
|-damage|p1b: Staraptor|33/100 brn|[from] brn
|upkeep
|
|t:|1785013577
|switch|p2b: Politoed|Politoed, L50, M|39/100
|-weather|RainDance|[from] ability: Drizzle|[of] p2b: Politoed
|turn|7
|inactive|Ssamuuelll has 30 seconds left.
|
|t:|1785013610
|move|p2b: Politoed|Weather Ball|p1a: Gholdengo
|-crit|p1a: Gholdengo
|-damage|p1a: Gholdengo|0 fnt
|faint|p1a: Gholdengo
|move|p2a: Gengar|Shadow Ball|p1b: Staraptor
|-damage|p1b: Staraptor|8/100 brn
|move|p1b: Staraptor|Close Combat|p2b: Politoed
|-damage|p2b: Politoed|10/100
|-boost|p1b: Staraptor|def|1
|-boost|p1b: Staraptor|spd|1
|
|-weather|RainDance|[upkeep]
|-damage|p1b: Staraptor|2/100 brn|[from] brn
|upkeep
|
|t:|1785013627
|switch|p1a: Tyranitar|Tyranitar, L50, F|85/100
|-weather|Sandstorm|[from] ability: Sand Stream|[of] p1a: Tyranitar
|turn|8
|
|t:|1785013654
|move|p2b: Politoed|Protect|p2b: Politoed
|-singleturn|p2b: Politoed|Protect
|move|p2a: Gengar|Protect|p2a: Gengar
|-singleturn|p2a: Gengar|Protect
|move|p1b: Staraptor|Tailwind|p1b: Staraptor
|-sidestart|p1: Ssamuuelll|move: Tailwind
|move|p1a: Tyranitar|Rock Slide|p2b: Politoed|[spread] 
|-activate|p2a: Gengar|move: Protect
|-activate|p2b: Politoed|move: Protect
|
|-weather|Sandstorm|[upkeep]
|-damage|p2b: Politoed|4/100|[from] Sandstorm
|-damage|p2a: Gengar|81/100|[from] Sandstorm
|-damage|p1b: Staraptor|0 fnt|[from] Sandstorm
|faint|p1b: Staraptor
|-fieldend|move: Trick Room
|upkeep
|turn|9
|
|t:|1785013671
|move|p1a: Tyranitar|Rock Slide|p2a: Gengar|[spread] p2a,p2b
|-damage|p2a: Gengar|43/100
|-damage|p2b: Politoed|0 fnt
|faint|p2b: Politoed
|move|p2a: Gengar|Disable|p1a: Tyranitar
|-start|p1a: Tyranitar|Disable|Rock Slide
|
|-weather|Sandstorm|[upkeep]
|-damage|p2a: Gengar|37/100|[from] Sandstorm
|upkeep
|turn|10
|
|t:|1785013685
|-activate|p1a: Tyranitar|move: Struggle
|move|p1a: Tyranitar|Struggle|p2a: Gengar
|-damage|p2a: Gengar|16/100
|-damage|p1a: Tyranitar|60/100|[from] recoil
|move|p2a: Gengar|Shadow Ball|p1a: Tyranitar
|-resisted|p1a: Tyranitar|1
|-damage|p1a: Tyranitar|44/100
|
|-weather|Sandstorm|[upkeep]
|-damage|p2a: Gengar|10/100|[from] Sandstorm
|upkeep
|turn|11
|
|t:|1785013697
|-activate|p1a: Tyranitar|move: Struggle
|move|p1a: Tyranitar|Struggle|p2a: Gengar
|-damage|p2a: Gengar|0 fnt
|faint|p2a: Gengar
|-damage|p1a: Tyranitar|19/100|[from] recoil
|
|win|Ssamuuelll
|raw|Ssamuuelll's rating: 1199 → 1224(+25 for winning)
|raw|Garden Monke's rating: 1196 → 1171(-25 for losing)
|l|☆Ssamuuelll
|player|p1|
