|j|☆Lorido
|j|☆ricepresident666
|html|Loridoricepresident666    
|uhtml|bestof|Game 3 of a best-of-3
|t:|1786185519
|gametype|doubles
|player|p1|Lorido|169|1106
|player|p2|ricepresident666|will|1000
|gen|9
|tier|[Gen 9 Champions] VGC 2026 Reg M-B (Bo3)
|rated|
|rule|Species Clause: Limit one of each Pokémon
|rule|Item Clause: Limit 1 of each item
|clearpoke
|poke|p1|Delphox, L50, F|
|poke|p1|Sneasler, L50, M|
|poke|p1|Incineroar, L50, M|
|poke|p1|Floette-Eternal, L50, F|
|poke|p1|Kingambit, L50, M|
|poke|p1|Sinistcha, L50|
|poke|p2|Delphox, L50, M, shiny|
|poke|p2|Incineroar, L50, M|
|poke|p2|Floette-Eternal, L50, F|
|poke|p2|Kingambit, L50, F|
|poke|p2|Sinistcha, L50|
|poke|p2|Sneasler, L50, F|
|teampreview|4
|showteam|p1|Delphox||Delphoxite|Blaze|HeatWave,Psychic,NastyPlot,Protect|Timid||F|||50|]Sneasler||FocusSash|PoisonTouch|CloseCombat,PoisonJab,FakeOut,QuickGuard|Jolly||M|||50|]Incineroar||SitrusBerry|Intimidate|FlareBlitz,DarkestLariat,FakeOut,PartingShot|Careful||M|||50|]Floette-Eternal||Floettite|FlowerVeil|DazzlingGleam,DrainingKiss,CalmMind,Protect|Bold||F|||50|]Kingambit||BlackGlasses|Defiant|KowtowCleave,SuckerPunch,SwordsDance,Protect|Adamant||M|||50|]Sinistcha||OccaBerry|Hospitality|MatchaGotcha,RagePowder,TrickRoom,Protect|Bold|||||50|
|showteam|p2|Delphox||Delphoxite|Blaze|HeatWave,Psychic,NastyPlot,Protect|Timid||M|||50|]Incineroar||SitrusBerry|Intimidate|FlareBlitz,DarkestLariat,FakeOut,PartingShot|Careful||M|||50|]Floette-Eternal||Floettite|FlowerVeil|DazzlingGleam,DrainingKiss,CalmMind,Protect|Bold||F|||50|]Kingambit||BlackGlasses|Defiant|KowtowCleave,SuckerPunch,SwordsDance,Protect|Adamant||F|||50|]Sinistcha||OccaBerry|Hospitality|MatchaGotcha,RagePowder,TrickRoom,Protect|Bold|||||50|]Sneasler||FocusSash|PoisonTouch|CloseCombat,PoisonJab,FakeOut,QuickGuard|Jolly||F|||50|
|inactive|Battle timer is ON: inactive players will automatically lose when time's up. (requested by ricepresident666)
|inactive|Lorido also wants the timer to be on.
|
|t:|1786185546
|teamsize|p1|4
|teamsize|p2|4
|start
|switch|p1a: Delphox|Delphox, L50, F|100/100
|switch|p1b: Sneasler|Sneasler, L50, M|100/100
|switch|p2a: Incineroar|Incineroar, L50, M|100/100
|switch|p2b: Sneasler|Sneasler, L50, F|100/100
|-ability|p2a: Incineroar|Intimidate|boost
|-unboost|p1a: Delphox|atk|1
|-unboost|p1b: Sneasler|atk|1
|turn|1
|
|t:|1786185566
|detailschange|p1a: Delphox|Delphox-Mega, L50, F
|-mega|p1a: Delphox|Delphox|Delphoxite
|move|p1b: Sneasler|Fake Out|p2a: Incineroar
|-damage|p2a: Incineroar|92/100
|-status|p2a: Incineroar|psn|[from] ability: Poison Touch|[of] p1b: Sneasler
|move|p1a: Delphox|Nasty Plot|p1a: Delphox
|-boost|p1a: Delphox|spa|2
|move|p2b: Sneasler|Close Combat|p1b: Sneasler
|-resisted|p1b: Sneasler|1
|-damage|p1b: Sneasler|42/100
|-unboost|p2b: Sneasler|def|1
|-unboost|p2b: Sneasler|spd|1
|cant|p2a: Incineroar|flinch
|
|-damage|p2a: Incineroar|79/100 psn|[from] psn
|upkeep
|turn|2
|
|t:|1786185589
|switch|p2b: Sinistcha|Sinistcha, L50|100/100
|-heal|p2a: Incineroar|100/100 psn|[from] ability: Hospitality|[of] p2b: Sinistcha
|move|p1a: Delphox|Heat Wave|p2a: Incineroar|[spread] p2b
|-miss|p1a: Delphox|p2a: Incineroar
|-supereffective|p2b: Sinistcha|1
|-enditem|p2b: Sinistcha|Occa Berry|[eat]
|-enditem|p2b: Sinistcha|Occa Berry|[weaken]
|-damage|p2b: Sinistcha|20/100y
|move|p1b: Sneasler|Close Combat|p2a: Incineroar
|-supereffective|p2a: Incineroar|1
|-damage|p2a: Incineroar|33/100 psn
|-unboost|p1b: Sneasler|def|1
|-unboost|p1b: Sneasler|spd|1
|-enditem|p2a: Incineroar|Sitrus Berry|[eat]
|-heal|p2a: Incineroar|58/100 psn|[from] item: Sitrus Berry
|move|p2a: Incineroar|Flare Blitz|p1b: Sneasler
|-crit|p1b: Sneasler
|-damage|p1b: Sneasler|0 fnt
|faint|p1b: Sneasler
|-damage|p2a: Incineroar|47/100 psn|[from] Recoil
|
|-damage|p2a: Incineroar|35/100 psn|[from] psn
|upkeep
|
|t:|1786185608
|switch|p1b: Incineroar|Incineroar, L50, M|100/100
|-ability|p1b: Incineroar|Intimidate|boost
|-unboost|p2a: Incineroar|atk|1
|-unboost|p2b: Sinistcha|atk|1
|turn|3
|inactive|Lorido has 30 seconds left.
|inactive|Lorido has 20 seconds left.
|inactive|Lorido has 15 seconds left.
|
|t:|1786185651
|switch|p2a: Delphox|Delphox, L50, M, shiny|100/100
|move|p1a: Delphox|Protect|p1a: Delphox
|-singleturn|p1a: Delphox|Protect
|move|p2b: Sinistcha|Matcha Gotcha|p1b: Incineroar|[spread] p1b
|-activate|p1a: Delphox|move: Protect
|-resisted|p1b: Incineroar|1
|-damage|p1b: Incineroar|91/100
|-heal|p2b: Sinistcha|25/100|[from] drain|[of] p1b: Incineroar
|move|p1b: Incineroar|Darkest Lariat|p2b: Sinistcha
|-supereffective|p2b: Sinistcha|1
|-damage|p2b: Sinistcha|0 fnt
|faint|p2b: Sinistcha
|
|upkeep
|
|t:|1786185666
|switch|p2b: Incineroar|Incineroar, L50, M|35/100 psn
|-ability|p2b: Incineroar|Intimidate|boost
|-unboost|p1a: Delphox|atk|1
|-unboost|p1b: Incineroar|atk|1
|turn|4
|
|t:|1786185680
|detailschange|p2a: Delphox|Delphox-Mega, L50, M, shiny
|-mega|p2a: Delphox|Delphox|Delphoxite
|move|p1a: Delphox|Heat Wave|p2b: Incineroar|[spread] p2a,p2b
|-resisted|p2a: Delphox|1
|-resisted|p2b: Incineroar|1
|-damage|p2a: Delphox|64/100
|-damage|p2b: Incineroar|5/100 psn
|move|p2a: Delphox|Nasty Plot|p2a: Delphox
|-boost|p2a: Delphox|spa|2
|move|p1b: Incineroar|Parting Shot|p2a: Delphox
|-unboost|p2a: Delphox|atk|1
|-unboost|p2a: Delphox|spa|1
|
|t:|1786185690
|switch|p1b: Sinistcha|Sinistcha, L50|100/100|[from] Parting Shot
|move|p2b: Incineroar|Darkest Lariat|p1a: Delphox
|-supereffective|p1a: Delphox|1
|-damage|p1a: Delphox|18/100
|
|-damage|p2b: Incineroar|0 fnt|[from] psn
|faint|p2b: Incineroar
|upkeep
|
|t:|1786185696
|switch|p2b: Sneasler|Sneasler, L50, F|100/100
|turn|5
|
|t:|1786185716
|switch|p1b: Incineroar|Incineroar, L50, M|91/100
|-ability|p1b: Incineroar|Intimidate|boost
|-unboost|p2a: Delphox|atk|1
|-unboost|p2b: Sneasler|atk|1
|move|p1a: Delphox|Protect|p1a: Delphox
|-singleturn|p1a: Delphox|Protect
|move|p2a: Delphox|Heat Wave|p1a: Delphox|[spread] p1b
|-activate|p1a: Delphox|move: Protect
|-resisted|p1b: Incineroar|1
|-damage|p1b: Incineroar|71/100
|move|p2b: Sneasler|Poison Jab|p1b: Incineroar
|-damage|p1b: Incineroar|48/100
|-status|p1b: Incineroar|psn
|-enditem|p1b: Incineroar|Sitrus Berry|[eat]
|-heal|p1b: Incineroar|72/100 psn|[from] item: Sitrus Berry
|
|-damage|p1b: Incineroar|60/100 psn|[from] psn
|upkeep
|turn|6
|inactive|Lorido has 30 seconds left.
|
|t:|1786185746
|switch|p1b: Sinistcha|Sinistcha, L50|100/100
|-heal|p1a: Delphox|43/100|[from] ability: Hospitality|[of] p1b: Sinistcha
|move|p2b: Sneasler|Quick Guard|p2b: Sneasler
|-singleturn|p2b: Sneasler|Quick Guard
|move|p1a: Delphox|Heat Wave|p2a: Delphox|[spread] p2a,p2b
|-resisted|p2a: Delphox|1
|-damage|p2a: Delphox|29/100
|-enditem|p2b: Sneasler|Focus Sash
|-damage|p2b: Sneasler|1/100
|move|p2a: Delphox|Heat Wave|p1a: Delphox|[spread] p1a,p1b
|-resisted|p1a: Delphox|1
|-supereffective|p1b: Sinistcha|1
|-enditem|p1b: Sinistcha|Occa Berry|[eat]
|-enditem|p1b: Sinistcha|Occa Berry|[weaken]
|-damage|p1a: Delphox|17/100
|-damage|p1b: Sinistcha|39/100
|
|upkeep
|turn|7
|inactive|Lorido has 30 seconds left.
|
|t:|1786185774
|move|p1a: Delphox|Psychic|p2a: Delphox
|-resisted|p2a: Delphox|1
|-damage|p2a: Delphox|0 fnt
|faint|p2a: Delphox
|move|p2b: Sneasler|Close Combat|p1b: Sinistcha
|-immune|p1b: Sinistcha
|move|p1b: Sinistcha|Matcha Gotcha|p2b: Sneasler
|-resisted|p2b: Sneasler|1
|-damage|p2b: Sneasler|0 fnt
|-heal|p1b: Sinistcha|39/100|[from] drain|[of] p2b: Sneasler
|faint|p2b: Sneasler
|
|win|Lorido
|raw|Lorido's rating: 1106 → 1124(+18 for winning)
|raw|ricepresident666's rating: 1000 → 1000(+0 for losing)
|l|☆ricepresident666
|player|p2|
