|j|☆Urkin' Pincurchin
|j|☆Tickle monster vgc
|html|Urkin' PincurchinTickle monster vgc    
|uhtml|bestof|Game 3 of a best-of-3
|t:|1755908070
|gametype|doubles
|player|p1|Urkin' Pincurchin|fisherman-gen4|1384
|player|p2|Tickle monster vgc|hilbert|1371
|gen|9
|tier|[Gen 9] VGC 2025 Reg H (Bo3)
|rated|
|rule|Species Clause: Limit one of each Pokémon
|rule|Item Clause: Limit 1 of each item
|clearpoke
|poke|p1|Ninetales-Alola, L50, F|
|poke|p1|Dragonite, L50, M|
|poke|p1|Incineroar, L50, M|
|poke|p1|Maushold, L50|
|poke|p1|Gholdengo, L50|
|poke|p1|Ursaluna-Bloodmoon, L50, M|
|poke|p2|Whimsicott, L50, M|
|poke|p2|Dragapult, L50, M|
|poke|p2|Gholdengo, L50|
|poke|p2|Ursaluna-Bloodmoon, L50, M|
|poke|p2|Incineroar, L50, F|
|poke|p2|Amoonguss, L50, M|
|teampreview|4
|showteam|p1|Ninetales-Alola||FocusSash|SnowWarning|Blizzard,IcyWind,AuroraVeil,Encore|||F|||50|,,,,,Ghost]Dragonite||LoadedDice|Multiscale|ScaleShot,Haze,Tailwind,Protect|||M|||50|,,,,,Fairy]Incineroar||MirrorHerb|Intimidate|FlareBlitz,KnockOff,FakeOut,PartingShot|||M|||50|,,,,,Ghost]Maushold||WideLens|FriendGuard|PopulationBomb,SuperFang,FollowMe,Protect||||||50|,,,,,Ghost]Gholdengo||LifeOrb|GoodasGold|MakeItRain,ShadowBall,NastyPlot,Protect||||||50|,,,,,Water]Ursaluna-Bloodmoon||AssaultVest|MindsEye|BloodMoon,EarthPower,HyperVoice,VacuumWave|||M|||50|,,,,,Normal
|showteam|p2|Whimsicott||CovertCloak|Prankster|Moonblast,Tailwind,HelpingHand,Encore|||M|||50|,,,,,Water]Dragapult||ChoiceBand|ClearBody|DragonDarts,Outrage,Uturn,PhantomForce|||M|||50|,,,,,Dragon]Gholdengo||ChoiceSpecs|GoodasGold|MakeItRain,DazzlingGleam,ShadowBall,Thunderbolt||||||50|,,,,,Fairy]Ursaluna-Bloodmoon||LifeOrb|MindsEye|HyperVoice,BloodMoon,EarthPower,Protect|||M|||50|,,,,,Normal]Incineroar||SafetyGoggles|Intimidate|FakeOut,KnockOff,PartingShot,FlareBlitz|||F|||50|,,,,,Ghost]Amoonguss||SitrusBerry|Regenerator|Protect,Spore,RagePowder,PollenPuff|||M|||50|,,,,,Fairy
|inactive|Battle timer is ON: inactive players will automatically lose when time's up. (requested by Tickle monster vgc)
|
|t:|1755908110
|teamsize|p1|4
|teamsize|p2|4
|start
|switch|p1a: Dragonite|Dragonite, L50, M|100/100
|switch|p1b: Maushold|Maushold, L50|100/100
|switch|p2a: Whimsicott|Whimsicott, L50, M, shiny|100/100
|switch|p2b: Ursaluna|Ursaluna-Bloodmoon, L50, M|100/100
|turn|1
|inactive|Tickle monster vgc has 30 seconds left.
|inactive|Tickle monster vgc has 20 seconds left.
|inactive|Tickle monster vgc has 15 seconds left.
|inactive|Tickle monster vgc has 10 seconds left.
|
|t:|1755908157
|move|p2a: Whimsicott|Moonblast|p1a: Dragonite
|-supereffective|p1a: Dragonite
|-damage|p1a: Dragonite|77/100
|move|p1b: Maushold|Population Bomb|p2a: Whimsicott
|-damage|p2a: Whimsicott|95/100
|-damage|p2a: Whimsicott|89/100
|-crit|p2a: Whimsicott
|-damage|p2a: Whimsicott|80/100
|-damage|p2a: Whimsicott|74/100
|-damage|p2a: Whimsicott|67/100
|-damage|p2a: Whimsicott|61/100
|-damage|p2a: Whimsicott|55/100
|-damage|p2a: Whimsicott|48/100
|-damage|p2a: Whimsicott|42/100
|-damage|p2a: Whimsicott|35/100
|-hitcount|p2a: Whimsicott|10
|move|p1a: Dragonite|Tailwind|p1a: Dragonite
|-sidestart|p1: Urkin' Pincurchin|move: Tailwind
|move|p2b: Ursaluna|Blood Moon|p1a: Dragonite
|-damage|p1a: Dragonite|0 fnt
|faint|p1a: Dragonite
|-damage|p2b: Ursaluna|91/100|[from] item: Life Orb
|
|upkeep
|
|t:|1755908166
|switch|p1a: Gholdengo|Gholdengo, L50|100/100
|turn|2
|
|t:|1755908183
|move|p2b: Ursaluna|Protect|p2b: Ursaluna
|-singleturn|p2b: Ursaluna|Protect
|move|p2a: Whimsicott|Tailwind|p2a: Whimsicott
|-sidestart|p2: Tickle monster vgc|move: Tailwind
|move|p1b: Maushold|Super Fang|p2b: Ursaluna
|-activate|p2b: Ursaluna|move: Protect
|move|p1a: Gholdengo|Make It Rain|p2a: Whimsicott|[spread] p2a
|-activate|p2b: Ursaluna|move: Protect
|-supereffective|p2a: Whimsicott
|-damage|p2a: Whimsicott|0 fnt
|-unboost|p1a: Gholdengo|spa|1
|faint|p2a: Whimsicott
|-damage|p1a: Gholdengo|91/100|[from] item: Life Orb
|
|upkeep
|
|t:|1755908190
|switch|p2a: Incineroar|Incineroar, L50, F|100/100
|-ability|p2a: Incineroar|Intimidate|boost
|-unboost|p1a: Gholdengo|atk|1
|-unboost|p1b: Maushold|atk|1
|turn|3
|
|t:|1755908200
|switch|p2b: Gholdengo|Gholdengo, L50|100/100
|move|p1b: Maushold|Protect|p1b: Maushold
|-singleturn|p1b: Maushold|Protect
|move|p1a: Gholdengo|Protect|p1a: Gholdengo
|-singleturn|p1a: Gholdengo|Protect
|move|p2a: Incineroar|Knock Off|p1a: Gholdengo
|-activate|p1a: Gholdengo|move: Protect
|
|upkeep
|turn|4
|
|t:|1755908216
|-terastallize|p1a: Gholdengo|Water
|move|p2b: Gholdengo|Make It Rain|p1a: Gholdengo|[spread] p1a,p1b
|-resisted|p1a: Gholdengo
|-damage|p1a: Gholdengo|63/100
|-damage|p1b: Maushold|14/100
|-unboost|p2b: Gholdengo|spa|1
|move|p1b: Maushold|Super Fang|p2a: Incineroar
|-damage|p2a: Incineroar|50/100
|move|p1a: Gholdengo|Nasty Plot|p1a: Gholdengo
|-boost|p1a: Gholdengo|spa|2
|move|p2a: Incineroar|Parting Shot|p1b: Maushold
|-unboost|p1b: Maushold|atk|1
|-unboost|p1b: Maushold|spa|1
|
|t:|1755908235
|switch|p2a: Ursaluna|Ursaluna-Bloodmoon, L50, M|91/100|[from] Parting Shot
|
|-sideend|p1: Urkin' Pincurchin|move: Tailwind
|upkeep
|turn|5
|
|t:|1755908251
|switch|p2b: Incineroar|Incineroar, L50, F|50/100
|-ability|p2b: Incineroar|Intimidate|boost
|-unboost|p1a: Gholdengo|atk|1
|-unboost|p1b: Maushold|atk|1
|-terastallize|p2a: Ursaluna|Normal
|move|p1b: Maushold|Follow Me|p1b: Maushold
|-singleturn|p1b: Maushold|move: Follow Me
|move|p2a: Ursaluna|Hyper Voice|p1b: Maushold|[spread] p1a,p1b
|-crit|p1a: Gholdengo
|-damage|p1a: Gholdengo|0 fnt
|-damage|p1b: Maushold|0 fnt
|faint|p1a: Gholdengo
|faint|p1b: Maushold
|-damage|p2a: Ursaluna|81/100|[from] item: Life Orb
|
|-sideend|p2: Tickle monster vgc|move: Tailwind
|upkeep
|-message|Urkin' Pincurchin forfeited.
|
|win|Tickle monster vgc
|raw|Urkin' Pincurchin's rating: 1384 → 1363(-21 for losing)
|raw|Tickle monster vgc's rating: 1371 → 1392(+21 for winning)
|l|☆Urkin' Pincurchin
|player|p1|
