|j|☆strawhatronin
|j|☆dragonaris
|html|strawhatronindragonaris    
|uhtml|bestof|Game 1 of a best-of-3
|t:|1783775940
|gametype|doubles
|player|p1|strawhatronin|morty|1078
|player|p2|dragonaris|1|1126
|gen|9
|tier|[Gen 9 Champions] VGC 2026 Reg M-B (Bo3)
|rated|
|rule|Species Clause: Limit one of each Pokémon
|rule|Item Clause: Limit 1 of each item
|clearpoke
|poke|p1|Pelipper, L50, M|
|poke|p1|Gengar, L50, F|
|poke|p1|Incineroar, L50, M|
|poke|p1|Archaludon, L50, M|
|poke|p1|Maushold, L50|
|poke|p1|Raichu, L50, M|
|poke|p2|Archaludon, L50, F|
|poke|p2|Garchomp, L50, M|
|poke|p2|Pelipper, L50, F|
|poke|p2|Venusaur, L50, M|
|poke|p2|Whimsicott, L50, F|
|poke|p2|Charizard, L50, F|
|teampreview|4
|showteam|p1|Pelipper||FocusSash|Drizzle|WideGuard,Tailwind,WeatherBall,Hurricane|Timid||M|||50|]Gengar||Gengarite|CursedBody|Protect,PerishSong,ShadowBall,SludgeBomb|Timid||F|||50|]Incineroar||SitrusBerry|Intimidate|Protect,FakeOut,PartingShot,FlareBlitz|Adamant||M|||50|]Archaludon||Leftovers|Stamina|Protect,ElectroShot,FlashCannon,DragonPulse|Modest||M|||50|]Maushold||ChopleBerry|FriendGuard|Protect,FollowMe,BeatUp,SuperFang|Jolly|||||50|]Raichu||RaichuniteX|Static|Protect,FakeOut,VoltSwitch,RisingVoltage|Timid||M|||50|
|showteam|p2|Archaludon||Leftovers|Stamina|ElectroShot,DracoMeteor,FlashCannon,Protect|Modest||F|||50|]Garchomp||SitrusBerry|RoughSkin|DragonClaw,Earthquake,RockSlide,IronHead|Jolly||M|||50|]Pelipper||DampRock|Drizzle|WeatherBall,Roost,Tailwind,Hurricane|Bold||F|||50|]Venusaur||Venusaurite|Chlorophyll|EnergyBall,SleepPowder,Synthesis,SludgeBomb|Modest||M|||50|]Whimsicott||LumBerry|Prankster|Tailwind,LeechSeed,DazzlingGleam,Encore|Calm||F|||50|]Charizard||CharizarditeY|SolarPower|DragonPulse,HeatWave,ScorchingSands,SolarBeam|Modest||F|||50|
|inactive|Battle timer is ON: inactive players will automatically lose when time's up. (requested by strawhatronin)
|j| acetrainerjuno
|l| acetrainerjuno
|inactive|strawhatronin has 60 seconds left.
|inactive|dragonaris has 60 seconds left.
|
|t:|1783775985
|teamsize|p1|4
|teamsize|p2|4
|start
|switch|p1a: Gengar|Gengar, L50, F|100/100
|switch|p1b: Incineroar|Incineroar, L50, M|100/100
|switch|p2a: Garchomp|Garchomp, L50, M|100/100
|switch|p2b: Charizard|Charizard, L50, F|100/100
|-ability|p1b: Incineroar|Intimidate|boost
|-unboost|p2a: Garchomp|atk|1
|-unboost|p2b: Charizard|atk|1
|turn|1
|inactive|strawhatronin has 30 seconds left.
|
|t:|1783776012
|switch|p2a: Archaludon|Archaludon, L50, F|100/100
|detailschange|p1a: Gengar|Gengar-Mega, L50, F
|-mega|p1a: Gengar|Gengar|Gengarite
|detailschange|p2b: Charizard|Charizard-Mega-Y, L50, F
|-mega|p2b: Charizard|Charizard|Charizardite Y
|-weather|SunnyDay|[from] ability: Drought|[of] p2b: Charizard
|move|p1b: Incineroar|Fake Out|p2b: Charizard
|-damage|p2b: Charizard|81/100
|move|p1a: Gengar|Perish Song|p1a: Gengar
|-start|p1a: Gengar|perish3|[silent]
|-start|p1b: Incineroar|perish3|[silent]
|-start|p2a: Archaludon|perish3|[silent]
|-start|p2b: Charizard|perish3|[silent]
|-fieldactivate|move: Perish Song
|cant|p2b: Charizard|flinch
|
|-weather|SunnyDay|[upkeep]
|-start|p1a: Gengar|perish3
|-start|p2b: Charizard|perish3
|-start|p2a: Archaludon|perish3
|-start|p1b: Incineroar|perish3
|upkeep
|turn|2
|inactive|strawhatronin has 30 seconds left.
|inactive|dragonaris has 30 seconds left.
|
|t:|1783776042
|switch|p1a: Pelipper|Pelipper, L50, M|100/100
|-weather|RainDance|[from] ability: Drizzle|[of] p1a: Pelipper
|move|p2b: Charizard|Scorching Sands|p1b: Incineroar
|-supereffective|p1b: Incineroar|1
|-damage|p1b: Incineroar|47/100
|-enditem|p1b: Incineroar|Sitrus Berry|[eat]
|-heal|p1b: Incineroar|72/100|[from] item: Sitrus Berry
|move|p2a: Archaludon|Electro Shot||[still]
|-prepare|p2a: Archaludon|Electro Shot
|-boost|p2a: Archaludon|spa|1
|-anim|p2a: Archaludon|Electro Shot|p1a: Pelipper
|-supereffective|p1a: Pelipper|2
|-enditem|p1a: Pelipper|Focus Sash
|-damage|p1a: Pelipper|1/100
|move|p1b: Incineroar|Parting Shot|p2b: Charizard
|-unboost|p2b: Charizard|atk|1
|-unboost|p2b: Charizard|spa|1
|
|t:|1783776060
|switch|p1b: Gengar|Gengar-Mega, L50, F|100/100|[from] Parting Shot
|
|-weather|RainDance|[upkeep]
|-start|p2b: Charizard|perish2
|-start|p2a: Archaludon|perish2
|upkeep
|turn|3
|inactive|dragonaris has 30 seconds left.
|
|t:|1783776088
|move|p1b: Gengar|Protect|p1b: Gengar
|-singleturn|p1b: Gengar|Protect
|move|p2b: Charizard|Heat Wave|p1a: Pelipper|[spread] p1a
|-activate|p1b: Gengar|move: Protect
|-resisted|p1a: Pelipper|1
|-damage|p1a: Pelipper|0 fnt
|faint|p1a: Pelipper
|move|p2a: Archaludon|Electro Shot||[still]
|-prepare|p2a: Archaludon|Electro Shot
|-boost|p2a: Archaludon|spa|1
|-anim|p2a: Archaludon|Electro Shot|p1b: Gengar
|-activate|p1b: Gengar|move: Protect
|
|-weather|RainDance|[upkeep]
|-start|p2b: Charizard|perish1
|-start|p2a: Archaludon|perish1
|upkeep
|
|t:|1783776110
|switch|p1a: Archaludon|Archaludon, L50, M|100/100
|turn|4
|inactive|dragonaris has 30 seconds left.
|inactive|dragonaris has 20 seconds left.
|inactive|dragonaris has 15 seconds left.
|inactive|dragonaris has 10 seconds left.
|
|t:|1783776159
|switch|p1b: Incineroar|Incineroar, L50, M|72/100
|-ability|p1b: Incineroar|Intimidate|boost
|-unboost|p2a: Archaludon|atk|1
|-unboost|p2b: Charizard|atk|1
|move|p1a: Archaludon|Protect|p1a: Archaludon
|-singleturn|p1a: Archaludon|Protect
|move|p2b: Charizard|Heat Wave|p1b: Incineroar|[spread] p1b
|-activate|p1a: Archaludon|move: Protect
|-resisted|p1b: Incineroar|1
|-damage|p1b: Incineroar|66/100
|move|p2a: Archaludon|Electro Shot||[still]
|-prepare|p2a: Archaludon|Electro Shot
|-boost|p2a: Archaludon|spa|1
|-anim|p2a: Archaludon|Electro Shot|p1b: Incineroar
|-damage|p1b: Incineroar|0 fnt
|faint|p1b: Incineroar
|
|-weather|RainDance|[upkeep]
|-start|p2b: Charizard|perish0
|-start|p2a: Archaludon|perish0
|faint|p2b: Charizard
|faint|p2a: Archaludon
|upkeep
|
|t:|1783776180
|switch|p2b: Venusaur|Venusaur, L50, M|100/100
|switch|p2a: Garchomp|Garchomp, L50, M|100/100
|switch|p1b: Gengar|Gengar-Mega, L50, F|100/100
|turn|5
|
|t:|1783776202
|move|p1b: Gengar|Shadow Ball|p2a: Garchomp
|-damage|p2a: Garchomp|51/100
|move|p2a: Garchomp|Earthquake|p1b: Gengar|[spread] p2b,p1a,p1b
|-supereffective|p1a: Archaludon|1
|-supereffective|p1b: Gengar|1
|-damage|p2b: Venusaur|58/100
|-damage|p1a: Archaludon|39/100
|-damage|p1b: Gengar|0 fnt
|-ability|p1a: Archaludon|Stamina|boost
|-boost|p1a: Archaludon|def|1
|faint|p1b: Gengar
|move|p1a: Archaludon|Dragon Pulse|p2a: Garchomp
|-supereffective|p2a: Garchomp|1
|-damage|p2a: Garchomp|0 fnt
|faint|p2a: Garchomp
|move|p2b: Venusaur|Sleep Powder|p1a: Archaludon
|-status|p1a: Archaludon|slp|[from] move: Sleep Powder
|
|-weather|RainDance|[upkeep]
|-heal|p1a: Archaludon|45/100 slp|[from] item: Leftovers
|upkeep
|turn|6
|
|t:|1783776223
|cant|p1a: Archaludon|slp
|move|p2b: Venusaur|Energy Ball|p1a: Archaludon
|-resisted|p1a: Archaludon|2
|-damage|p1a: Archaludon|34/100 slp
|-ability|p1a: Archaludon|Stamina|boost
|-boost|p1a: Archaludon|def|1
|
|-weather|none
|-heal|p1a: Archaludon|40/100 slp|[from] item: Leftovers
|upkeep
|turn|7
|
|t:|1783776235
|cant|p1a: Archaludon|slp
|move|p2b: Venusaur|Synthesis|p2b: Venusaur
|-heal|p2b: Venusaur|100/100
|
|-heal|p1a: Archaludon|46/100 slp|[from] item: Leftovers
|upkeep
|turn|8
|
|t:|1783776245
|-curestatus|p1a: Archaludon|slp|[msg]
|move|p1a: Archaludon|Protect|p1a: Archaludon
|-singleturn|p1a: Archaludon|Protect
|move|p2b: Venusaur|Energy Ball|p1a: Archaludon
|-activate|p1a: Archaludon|move: Protect
|
|-heal|p1a: Archaludon|53/100|[from] item: Leftovers
|upkeep
|turn|9
|
|t:|1783776256
|move|p1a: Archaludon|Dragon Pulse|p2b: Venusaur
|-damage|p2b: Venusaur|61/100
|move|p2b: Venusaur|Sleep Powder|p1a: Archaludon
|-status|p1a: Archaludon|slp|[from] move: Sleep Powder
|
|-heal|p1a: Archaludon|59/100 slp|[from] item: Leftovers
|upkeep
|turn|10
|
|t:|1783776265
|cant|p1a: Archaludon|slp
|move|p2b: Venusaur|Energy Ball|p1a: Archaludon
|-resisted|p1a: Archaludon|2
|-damage|p1a: Archaludon|47/100 slp
|-ability|p1a: Archaludon|Stamina|boost
|-boost|p1a: Archaludon|def|1
|
|-heal|p1a: Archaludon|53/100 slp|[from] item: Leftovers
|upkeep
|turn|11
|
|t:|1783776275
|-curestatus|p1a: Archaludon|slp|[msg]
|move|p1a: Archaludon|Dragon Pulse|p2b: Venusaur
|-damage|p2b: Venusaur|24/100
|move|p2b: Venusaur|Energy Ball|p1a: Archaludon
|-resisted|p1a: Archaludon|2
|-damage|p1a: Archaludon|41/100
|-ability|p1a: Archaludon|Stamina|boost
|-boost|p1a: Archaludon|def|1
|
|-heal|p1a: Archaludon|47/100|[from] item: Leftovers
|upkeep
|turn|12
|
|t:|1783776287
|move|p1a: Archaludon|Dragon Pulse|p2b: Venusaur
|-damage|p2b: Venusaur|0 fnt
|faint|p2b: Venusaur
|
|win|strawhatronin
||dragonaris is ready for game 2.
||strawhatronin is ready for game 2.
|uhtml|next|Next: Game 2 of 3
|l|☆dragonaris
|player|p2|
