|j|☆Brutalandathebozz
|j|☆Smoukingrad
|html|BrutalandathebozzSmoukingrad    
|uhtml|bestof|Game 2 of a best-of-3
|t:|1756122193
|gametype|doubles
|player|p1|Brutalandathebozz|102|1216
|player|p2|Smoukingrad|kimonogirl|1179
|gen|9
|tier|[Gen 9] VGC 2025 Reg H (Bo3)
|rated|
|rule|Species Clause: Limit one of each Pokémon
|rule|Item Clause: Limit 1 of each item
|clearpoke
|poke|p1|Salamence, L50, F|
|poke|p1|Sneasler, L50, M|
|poke|p1|Kingambit, L50, M|
|poke|p1|Primarina, L50, M|
|poke|p1|Electabuzz, L50, M|
|poke|p1|Rillaboom, L50, F|
|poke|p2|Whimsicott, L50, M|
|poke|p2|Ursaluna-Bloodmoon, L50, M|
|poke|p2|Archaludon, L50, F|
|poke|p2|Typhlosion-Hisui, L50, F|
|poke|p2|Indeedee-F, L50, F|
|poke|p2|Gallade, L50, M|
|teampreview|4
|showteam|p1|Salamence||LifeOrb|Intimidate|DualWingbeat,DracoMeteor,Protect,Tailwind|||F|||50|,,,,,Stellar]Sneasler||FocusSash|PoisonTouch|FakeOut,CloseCombat,DireClaw,Protect|||M|||50|,,,,,Ghost]Kingambit||BlackGlasses|Defiant|KowtowCleave,SuckerPunch,Protect,SwordsDance|||M|||50|,,,,,Dark]Primarina||SitrusBerry|LiquidVoice|HyperVoice,Moonblast,Protect,Haze|||M|||50|,,,,,Poison]Electabuzz||Eviolite|VitalSpirit|Protect,Taunt,FollowMe,Electroweb|||M|||50|,,,,,Ghost]Rillaboom||AssaultVest|GrassySurge|WoodHammer,GrassyGlide,FakeOut,HighHorsepower|||F|||50|,,,,,Fire
|showteam|p2|Whimsicott||CovertCloak|Prankster|Tailwind,Moonblast,SunnyDay,Encore|||M|||50|,,,,,Steel]Ursaluna-Bloodmoon||LifeOrb|MindsEye|EarthPower,BloodMoon,HyperVoice,Protect|||M|||50|,,,,,Normal]Archaludon||PowerHerb|Sturdy|ElectroShot,FlashCannon,Protect,DracoMeteor|||F|||50|,,,,,Stellar]Typhlosion-Hisui||ChoiceSpecs|Blaze|Eruption,HeatWave,ShadowBall,Flamethrower|||F|||50|,,,,,Fire]Indeedee-F||SafetyGoggles|PsychicSurge|TrickRoom,FollowMe,Imprison,Psychic|||F|||50|,,,,,Fairy]Gallade||ClearAmulet|Sharpness|TrickRoom,PsychoCut,SacredSword,WideGuard|||M|||50|,,,,,Grass
|inactive|Battle timer is ON: inactive players will automatically lose when time's up. (requested by Smoukingrad)
|inactive|Brutalandathebozz has 60 seconds left.
|
|t:|1756122245
|teamsize|p1|4
|teamsize|p2|4
|start
|switch|p1a: Sneasler|Sneasler, L50, M|100/100
|switch|p1b: Salamence|Salamence, L50, F|100/100
|switch|p2a: Whimsicott|Whimsicott, L50, M|100/100
|switch|p2b: Ursaluna|Ursaluna-Bloodmoon, L50, M|100/100
|-ability|p1b: Salamence|Intimidate|boost
|-unboost|p2a: Whimsicott|atk|1
|-unboost|p2b: Ursaluna|atk|1
|turn|1
|inactive|Brutalandathebozz has 30 seconds left.
|inactive|Smoukingrad has 30 seconds left.
|
|t:|1756122274
|-terastallize|p2a: Whimsicott|Steel
|move|p2b: Ursaluna|Protect|p2b: Ursaluna
|-singleturn|p2b: Ursaluna|Protect
|move|p1a: Sneasler|Close Combat|p2b: Ursaluna
|-activate|p2b: Ursaluna|move: Protect
|move|p2a: Whimsicott|Moonblast|p1a: Sneasler
|-damage|p1a: Sneasler|64/100
|move|p1b: Salamence|Tailwind|p1b: Salamence
|-sidestart|p1: Brutalandathebozz|move: Tailwind
|
|upkeep
|turn|2
|inactive|Brutalandathebozz has 30 seconds left.
|
|t:|1756122305
|switch|p2b: Typhlosion|Typhlosion-Hisui, L50, F|100/100
|move|p2a: Whimsicott|Encore|p1a: Sneasler
|-start|p1a: Sneasler|Encore
|move|p1a: Sneasler|Close Combat|p2b: Typhlosion
|-immune|p2b: Typhlosion
|move|p1b: Salamence|Dual Wingbeat|p2b: Typhlosion
|-damage|p2b: Typhlosion|71/100
|-damage|p2b: Typhlosion|37/100
|-hitcount|p2b: Typhlosion|2
|-damage|p1b: Salamence|91/100|[from] item: Life Orb
|
|upkeep
|turn|3
|inactive|Smoukingrad has 30 seconds left.
|inactive|Smoukingrad has 20 seconds left.
|
|t:|1756122343
|move|p2a: Whimsicott|Tailwind|p2a: Whimsicott
|-sidestart|p2: Smoukingrad|move: Tailwind
|move|p1a: Sneasler|Close Combat|p2a: Whimsicott
|-supereffective|p2a: Whimsicott
|-damage|p2a: Whimsicott|0 fnt
|-unboost|p1a: Sneasler|def|1
|-unboost|p1a: Sneasler|spd|1
|faint|p2a: Whimsicott
|move|p2b: Typhlosion|Heat Wave|p1a: Sneasler|[spread] p1a,p1b
|-resisted|p1b: Salamence
|-damage|p1a: Sneasler|0 fnt
|-damage|p1b: Salamence|66/100
|faint|p1a: Sneasler
|move|p1b: Salamence|Dual Wingbeat|p2b: Typhlosion
|-damage|p2b: Typhlosion|5/100
|-damage|p2b: Typhlosion|0 fnt
|faint|p2b: Typhlosion
|-hitcount|p2: Typhlosion|2
|-damage|p1b: Salamence|56/100|[from] item: Life Orb
|
|upkeep
|
|t:|1756122357
|switch|p1a: Primarina|Primarina, L50, M|100/100
|switch|p2b: Indeedee|Indeedee-F, L50, F|100/100
|switch|p2a: Ursaluna|Ursaluna-Bloodmoon, L50, M|100/100
|-fieldstart|move: Psychic Terrain|[from] ability: Psychic Surge|[of] p2b: Indeedee
|turn|4
|
|t:|1756122378
|switch|p1a: Rillaboom|Rillaboom, L50, F|100/100
|-fieldstart|move: Grassy Terrain|[from] ability: Grassy Surge|[of] p1a: Rillaboom
|move|p2a: Ursaluna|Protect|p2a: Ursaluna
|-singleturn|p2a: Ursaluna|Protect
|move|p1b: Salamence|Draco Meteor|p2b: Indeedee
|-damage|p2b: Indeedee|39/100
|-unboost|p1b: Salamence|spa|2
|-damage|p1b: Salamence|47/100|[from] item: Life Orb
|move|p2b: Indeedee|Psychic|p1a: Rillaboom
|-damage|p1a: Rillaboom|79/100
|
|-heal|p1a: Rillaboom|85/100|[from] Grassy Terrain
|-heal|p2b: Indeedee|45/100|[from] Grassy Terrain
|-sideend|p1: Brutalandathebozz|move: Tailwind
|upkeep
|turn|5
|
|t:|1756122388
|-terastallize|p1b: Salamence|Stellar
|move|p1a: Rillaboom|Fake Out|p2a: Ursaluna
|-damage|p2a: Ursaluna|91/100
|move|p2b: Indeedee|Follow Me|p2b: Indeedee
|-singleturn|p2b: Indeedee|move: Follow Me
|cant|p2a: Ursaluna|flinch
|move|p1b: Salamence|Dual Wingbeat|p2b: Indeedee
|-damage|p2b: Indeedee|13/100
|-damage|p2b: Indeedee|0 fnt
|faint|p2b: Indeedee
|-hitcount|p2: Indeedee|2
|-damage|p1b: Salamence|37/100|[from] item: Life Orb
|
|-heal|p2a: Ursaluna|97/100|[from] Grassy Terrain
|-heal|p1a: Rillaboom|91/100|[from] Grassy Terrain
|upkeep
|turn|6
|
|t:|1756122411
|move|p1b: Salamence|Protect|p1b: Salamence
|-singleturn|p1b: Salamence|Protect
|move|p1a: Rillaboom|Grassy Glide|p2a: Ursaluna
|-supereffective|p2a: Ursaluna
|-damage|p2a: Ursaluna|48/100
|move|p2a: Ursaluna|Blood Moon|p1a: Rillaboom
|-damage|p1a: Rillaboom|12/100
|-damage|p2a: Ursaluna|39/100|[from] item: Life Orb
|
|-heal|p2a: Ursaluna|44/100|[from] Grassy Terrain
|-heal|p1a: Rillaboom|18/100|[from] Grassy Terrain
|-sideend|p2: Smoukingrad|move: Tailwind
|upkeep
|turn|7
|
|t:|1756122425
|move|p2a: Ursaluna|Protect|p2a: Ursaluna
|-singleturn|p2a: Ursaluna|Protect
|move|p1a: Rillaboom|Grassy Glide|p2a: Ursaluna
|-activate|p2a: Ursaluna|move: Protect
|move|p1b: Salamence|Tailwind|p1b: Salamence
|-sidestart|p1: Brutalandathebozz|move: Tailwind
|
|-heal|p1a: Rillaboom|24/100|[from] Grassy Terrain
|-heal|p2a: Ursaluna|50/100|[from] Grassy Terrain
|upkeep
|turn|8
|
|t:|1756122434
|move|p2a: Ursaluna|Protect||[still]
|-fail|p2a: Ursaluna
|move|p1a: Rillaboom|Wood Hammer|p2a: Ursaluna
|-supereffective|p2a: Ursaluna
|-damage|p2a: Ursaluna|0 fnt
|faint|p2a: Ursaluna
|-damage|p1a: Rillaboom|8/100|[from] Recoil
|
|win|Brutalandathebozz
|raw|Brutalandathebozz's rating: 1216 → 1238(+22 for winning)
|raw|Smoukingrad's rating: 1179 → 1157(-22 for losing)
