|j|☆f49 buffchary
|j|☆f81malla
|html|f49 buffcharyf81malla    
|uhtml|bestof|Game 2 of a best-of-3
|t:|1785082978
|gametype|doubles
|player|p1|f49 buffchary|169|
|player|p2|f81malla|grimsley|
|gen|9
|tier|[Gen 9 Champions] VGC 2026 Reg M-B (Bo3)
|rule|Species Clause: Limit one of each Pokémon
|rule|Item Clause: Limit 1 of each item
|clearpoke
|poke|p1|Blaziken, L50, M, shiny|
|poke|p1|Floette-Eternal, L50, F|
|poke|p1|Incineroar, L50, M, shiny|
|poke|p1|Sinistcha-Masterpiece, L50, shiny|
|poke|p1|Kingambit, L50, M, shiny|
|poke|p1|Dragonite, L50, M|
|poke|p2|Mawile, L50, M, shiny|
|poke|p2|Raichu, L50, M|
|poke|p2|Sinistcha, L50|
|poke|p2|Ceruledge, L50, M, shiny|
|poke|p2|Incineroar, L50, F|
|poke|p2|Milotic, L50, F|
|teampreview|4
|showteam|p1|Blaziken||Blazikenite|SpeedBoost|FlareBlitz,CloseCombat,StoneEdge,Detect|Adamant||M|||50|]Floette-Eternal||Floettite|FlowerVeil|DrainingKiss,DazzlingGleam,CalmMind,Protect|Bold||F|||50|]Incineroar||SitrusBerry|Intimidate|FlareBlitz,DarkestLariat,PartingShot,FakeOut|Impish||M|||50|]Sinistcha-Masterpiece||OccaBerry|Hospitality|MatchaGotcha,RagePowder,TrickRoom,Protect|Bold|||||50|]Kingambit||LifeOrb|Defiant|KowtowCleave,SuckerPunch,IronHead,Protect|Adamant||M|||50|]Dragonite||LumBerry|InnerFocus|DragonClaw,AerialAce,LowKick,ExtremeSpeed|Adamant||M|||50|
|showteam|p2|Mawile||Mawilite|HyperCutter|PlayRough,SuckerPunch,SwordsDance,Protect|Adamant||M|||50|]Raichu||RaichuniteY|LightningRod|ZapCannon,FocusBlast,FakeOut,Protect|Timid||M|||50|]Sinistcha||KasibBerry|Hospitality|Protect,RagePowder,MatchaGotcha,LifeDew|Calm|||||50|]Ceruledge||ColburBerry|FlashFire|BulkUp,Protect,ShadowSneak,BitterBlade|Adamant||M|||50|]Incineroar||SitrusBerry|Intimidate|FakeOut,ThroatChop,FlareBlitz,PartingShot|Impish||F|||50|]Milotic||Leftovers|Competitive|MuddyWater,Hypnosis,Coil,Protect|Calm||F|||50|
|inactive|Battle timer is ON: inactive players will automatically lose when time's up. (requested by f81malla)
|j| f27 BuffLucario
|j| WeatherCode76
|j| BygameJorge
|inactive|f81malla has 60 seconds left.
|l| BygameJorge
|j| BygameJorge
|
|t:|1785083027
|teamsize|p1|4
|teamsize|p2|4
|start
|switch|p1a: Floette|Floette-Eternal, L50, F|100/100
|switch|p1b: Dragonite|Dragonite, L50, M|100/100
|switch|p2a: Incineroar|Incineroar, L50, F|100/100
|switch|p2b: Mawile|Mawile, L50, M, shiny|100/100
|-ability|p2a: Incineroar|Intimidate|boost
|-unboost|p1a: Floette|atk|1
|-fail|p1b: Dragonite|unboost|Attack|[from] ability: Inner Focus|[of] p1b: Dragonite
|turn|1
|
|t:|1785083044
|switch|p1b: Incineroar|Incineroar, L50, M, shiny|100/100
|-ability|p1b: Incineroar|Intimidate|boost
|-unboost|p2a: Incineroar|atk|1
|-fail|p2b: Mawile|unboost|Attack|[from] ability: Hyper Cutter|[of] p2b: Mawile
|detailschange|p1a: Floette|Floette-Mega, L50, F
|-mega|p1a: Floette|Floette|Floettite
|-ability|p1a: Floette|Fairy Aura
|detailschange|p2b: Mawile|Mawile-Mega, L50, M, shiny
|-mega|p2b: Mawile|Mawile|Mawilite
|move|p1a: Floette|Protect|p1a: Floette
|-singleturn|p1a: Floette|Protect
|move|p2a: Incineroar|Fake Out|p1a: Floette
|-activate|p1a: Floette|move: Protect
|move|p2b: Mawile|Swords Dance|p2b: Mawile
|-boost|p2b: Mawile|atk|2
|
|upkeep
|turn|2
|
|t:|1785083053
|move|p2b: Mawile|Protect|p2b: Mawile
|-singleturn|p2b: Mawile|Protect
|move|p1b: Incineroar|Fake Out|p2b: Mawile
|-activate|p2b: Mawile|move: Protect
|move|p1a: Floette|Calm Mind|p1a: Floette
|-boost|p1a: Floette|spa|1
|-boost|p1a: Floette|spd|1
|move|p2a: Incineroar|Parting Shot|p1a: Floette
|-unboost|p1a: Floette|atk|1
|-unboost|p1a: Floette|spa|1
|
|t:|1785083062
|switch|p2a: Milotic|Milotic, L50, F|100/100|[from] Parting Shot
|
|upkeep
|turn|3
|
|t:|1785083069
|move|p1a: Floette|Protect|p1a: Floette
|-singleturn|p1a: Floette|Protect
|move|p2a: Milotic|Muddy Water|p1a: Floette|[spread] p1b
|-activate|p1a: Floette|move: Protect
|-supereffective|p1b: Incineroar|1
|-damage|p1b: Incineroar|57/100
|move|p1b: Incineroar|Parting Shot|p2b: Mawile
|-unboost|p2b: Mawile|atk|1
|-unboost|p2b: Mawile|spa|1
|
|t:|1785083079
|switch|p1b: Dragonite|Dragonite, L50, M|100/100|[from] Parting Shot
|move|p2b: Mawile|Play Rough|p1a: Floette
|-activate|p1a: Floette|move: Protect
|
|upkeep
|turn|4
|
|t:|1785083089
|switch|p1b: Incineroar|Incineroar, L50, M, shiny|57/100
|-ability|p1b: Incineroar|Intimidate|boost
|-unboost|p2a: Milotic|atk|1
|-ability|p2a: Milotic|Competitive|boost
|-boost|p2a: Milotic|spa|2
|-unboost|p2b: Mawile|atk|1
|move|p1a: Floette|Calm Mind|p1a: Floette
|-boost|p1a: Floette|spa|1
|-boost|p1a: Floette|spd|1
|move|p2a: Milotic|Muddy Water|p1a: Floette|[spread] p1a,p1b
|-supereffective|p1b: Incineroar|1
|-damage|p1a: Floette|81/100
|-damage|p1b: Incineroar|0 fnt
|faint|p1b: Incineroar
|move|p2b: Mawile|Play Rough|p1a: Floette
|-damage|p1a: Floette|1/100
|
|upkeep
|
|t:|1785083102
|switch|p1b: Sinistcha|Sinistcha-Masterpiece, L50, shiny|100/100
|-heal|p1a: Floette|26/100|[from] ability: Hospitality|[of] p1b: Sinistcha
|turn|5
|
|t:|1785083111
|move|p1b: Sinistcha|Rage Powder|p1b: Sinistcha
|-singleturn|p1b: Sinistcha|move: Rage Powder
|move|p1a: Floette|Draining Kiss|p2a: Milotic
|-damage|p2a: Milotic|64/100
|-heal|p1a: Floette|56/100|[from] drain|[of] p2a: Milotic
|move|p2a: Milotic|Muddy Water|p1a: Floette|[spread] p1a
|-miss|p2a: Milotic|p1b: Sinistcha
|-damage|p1a: Floette|39/100
|-unboost|p1a: Floette|accuracy|1
|move|p2b: Mawile|Play Rough|p1b: Sinistcha
|-damage|p1b: Sinistcha|22/100
|
|-heal|p2a: Milotic|70/100|[from] item: Leftovers
|upkeep
|turn|6
|
|t:|1785083127
|move|p1b: Sinistcha|Rage Powder|p1b: Sinistcha
|-singleturn|p1b: Sinistcha|move: Rage Powder
|move|p1a: Floette|Draining Kiss|p2a: Milotic
|-damage|p2a: Milotic|37/100
|-heal|p1a: Floette|67/100|[from] drain|[of] p2a: Milotic
|move|p2a: Milotic|Muddy Water|p1a: Floette|[spread] p1a,p1b
|-resisted|p1b: Sinistcha|1
|-damage|p1a: Floette|50/100g
|-damage|p1b: Sinistcha|0 fnt
|-unboost|p1a: Floette|accuracy|1
|faint|p1b: Sinistcha
|move|p2b: Mawile|Play Rough|p1a: Floette
|-damage|p1a: Floette|0 fnt
|faint|p1a: Floette
|
|-heal|p2a: Milotic|43/100|[from] item: Leftovers
|upkeep
|
|t:|1785083134
|switch|p1b: Dragonite|Dragonite, L50, M|100/100
|turn|7
|
|t:|1785083142
|move|p1b: Dragonite|Dragon Claw|p2a: Milotic
|-damage|p2a: Milotic|3/100
|move|p2a: Milotic|Muddy Water|p1b: Dragonite
|-resisted|p1b: Dragonite|1
|-damage|p1b: Dragonite|69/100
|move|p2b: Mawile|Play Rough|p1b: Dragonite
|-supereffective|p1b: Dragonite|1
|-crit|p1b: Dragonite
|-damage|p1b: Dragonite|0 fnt
|faint|p1b: Dragonite
|
|win|f81malla
||f81malla is ready for game 3.
|inactive|f49 buffchary has 30 seconds to confirm battle start!
||f49 buffchary is ready for game 3.
|uhtml|next|Next: Game 3 of 3
|l| f27 BuffLucario
|l| BygameJorge
|l|☆f81malla
|player|p2|
|l|☆f49 buffchary
|player|p1|
|j|☆f49 buffchary
|player|p1|f49 buffchary|169|
