|j|☆Andrea Pirlo 2
|j|☆lettitripppp
|html|Andrea Pirlo 2lettitripppp    
|uhtml|bestof|Game 3 of a best-of-3
|t:|1784132903
|gametype|doubles
|player|p1|Andrea Pirlo 2|lucas|1452
|player|p2|lettitripppp|lucas|1356
|gen|9
|tier|[Gen 9 Champions] VGC 2026 Reg M-B (Bo3)
|rated|
|rule|Species Clause: Limit one of each Pokémon
|rule|Item Clause: Limit 1 of each item
|clearpoke
|poke|p1|Charizard, L50, F|
|poke|p1|Venusaur, L50, M|
|poke|p1|Grimmsnarl, L50, M|
|poke|p1|Archaludon, L50, F|
|poke|p1|Pelipper, L50, F|
|poke|p1|Swampert, L50, F|
|poke|p2|Charizard, L50, F, shiny|
|poke|p2|Floette-Eternal, L50, F|
|poke|p2|Basculegion, L50, M|
|poke|p2|Whimsicott, L50, F, shiny|
|poke|p2|Garchomp, L50, F|
|poke|p2|Kingambit, L50, M, shiny|
|teampreview|4
|showteam|p1|Charizard||CharizarditeY|Blaze|HeatWave,WeatherBall,Hurricane,Protect|Modest||F|||50|]Venusaur||FocusSash|Chlorophyll|EnergyBall,SludgeBomb,EarthPower,SleepPowder|Modest||M|||50|]Grimmsnarl||LightClay|Prankster|SpiritBreak,PartingShot,Reflect,LightScreen|Careful||M|||50|]Archaludon||Leftovers|Stamina|ElectroShot,DragonPulse,FlashCannon,Protect|Modest||F|||50|]Pelipper||SitrusBerry|Drizzle|WeatherBall,Hurricane,Tailwind,Protect|Modest||F|||50|]Swampert||Swampertite|Torrent|WaveCrash,HighHorsepower,IcePunch,Protect|Adamant||F|||50|
|showteam|p2|Charizard||CharizarditeY|Blaze|WeatherBall,SolarBeam,HeatWave,Protect|Modest||F|||50|]Floette-Eternal||Floettite|FlowerVeil|DazzlingGleam,LightofRuin,Moonblast,Protect|Modest||F|||50|]Basculegion||LifeOrb|Adaptability|LastRespects,WaveCrash,AquaJet,Protect|Adamant||M|||50|]Whimsicott||FocusSash|Prankster|Moonblast,Tailwind,Encore,Protect|Timid||F|||50|]Garchomp||RoseliBerry|RoughSkin|DragonClaw,Earthquake,PoisonJab,RockSlide|Jolly||F|||50|]Kingambit||ChopleBerry|Defiant|KowtowCleave,SuckerPunch,LowKick,Protect|Adamant||M|||50|
|inactive|Battle timer is ON: inactive players will automatically lose when time's up. (requested by lettitripppp)
|inactive|Andrea Pirlo 2 also wants the timer to be on.
|
|t:|1784132917
|teamsize|p1|4
|teamsize|p2|4
|start
|switch|p1a: Grimmsnarl|Grimmsnarl, L50, M|100/100
|switch|p1b: Swampert|Swampert, L50, F|100/100
|switch|p2a: GHOSTWAVE|Basculegion, L50, M|100/100
|switch|p2b: LETS GO AGAIN|Whimsicott, L50, F, shiny|100/100
|turn|1
|inactive|Andrea Pirlo 2 has 30 seconds left.
|
|t:|1784132946
|switch|p1b: Archaludon|Archaludon, L50, F|100/100
|move|p2b: LETS GO AGAIN|Protect|p2b: LETS GO AGAIN
|-singleturn|p2b: LETS GO AGAIN|Protect
|move|p1a: Grimmsnarl|Light Screen|p1a: Grimmsnarl
|-sidestart|p1: Andrea Pirlo 2|move: Light Screen
|move|p2a: GHOSTWAVE|Wave Crash|p1b: Archaludon
|-resisted|p1b: Archaludon|1
|-damage|p1b: Archaludon|69/100
|-ability|p1b: Archaludon|Stamina|boost
|-boost|p1b: Archaludon|def|1
|-damage|p2a: GHOSTWAVE|90/100|[from] Recoil
|-damage|p2a: GHOSTWAVE|80/100|[from] item: Life Orb
|
|-heal|p1b: Archaludon|75/100|[from] item: Leftovers
|upkeep
|turn|2
|
|t:|1784132961
|move|p2a: GHOSTWAVE|Protect|p2a: GHOSTWAVE
|-singleturn|p2a: GHOSTWAVE|Protect
|move|p2b: LETS GO AGAIN|Tailwind|p2b: LETS GO AGAIN
|-sidestart|p2: lettitripppp|move: Tailwind
|move|p1a: Grimmsnarl|Reflect|p1a: Grimmsnarl
|-sidestart|p1: Andrea Pirlo 2|Reflect
|move|p1b: Archaludon|Flash Cannon|p2b: LETS GO AGAIN
|-supereffective|p2b: LETS GO AGAIN|1
|-enditem|p2b: LETS GO AGAIN|Focus Sash
|-damage|p2b: LETS GO AGAIN|1/100
|
|-heal|p1b: Archaludon|81/100|[from] item: Leftovers
|upkeep
|turn|3
|
|t:|1784132973
|move|p2b: LETS GO AGAIN|Encore|p1b: Archaludon
|-start|p1b: Archaludon|Encore
|move|p2a: GHOSTWAVE|Wave Crash|p1a: Grimmsnarl
|-damage|p1a: Grimmsnarl|41/100
|-damage|p2a: GHOSTWAVE|61/100|[from] Recoil
|-damage|p2a: GHOSTWAVE|51/100|[from] item: Life Orb
|move|p1b: Archaludon|Flash Cannon|p2b: LETS GO AGAIN
|-supereffective|p2b: LETS GO AGAIN|1
|-damage|p2b: LETS GO AGAIN|0 fnt
|faint|p2b: LETS GO AGAIN
|move|p1a: Grimmsnarl|Spirit Break|p2a: GHOSTWAVE
|-damage|p2a: GHOSTWAVE|23/100
|-unboost|p2a: GHOSTWAVE|spa|1
|
|-heal|p1b: Archaludon|87/100|[from] item: Leftovers
|upkeep
|
|t:|1784132984
|switch|p2b: AGNI|Charizard, L50, F, shiny|100/100
|turn|4
|
|t:|1784133000
|detailschange|p2b: AGNI|Charizard-Mega-Y, L50, F, shiny
|-mega|p2b: AGNI|Charizard|Charizardite Y
|-weather|SunnyDay|[from] ability: Drought|[of] p2b: AGNI
|move|p1a: Grimmsnarl|Parting Shot|p2b: AGNI
|-unboost|p2b: AGNI|atk|1
|-unboost|p2b: AGNI|spa|1
|
|t:|1784133007
|switch|p1a: Pelipper|Pelipper, L50, F|100/100|[from] Parting Shot
|-weather|RainDance|[from] ability: Drizzle|[of] p1a: Pelipper
|move|p2b: AGNI|Heat Wave|p1b: Archaludon|[spread] p1a,p1b
|-resisted|p1a: Pelipper|1
|-crit|p1b: Archaludon
|-damage|p1a: Pelipper|93/100
|-damage|p1b: Archaludon|58/100
|-ability|p1b: Archaludon|Stamina|boost
|-boost|p1b: Archaludon|def|1
|move|p2a: GHOSTWAVE|Last Respects|p1b: Archaludon
|-damage|p1b: Archaludon|37/100
|-ability|p1b: Archaludon|Stamina|boost
|-boost|p1b: Archaludon|def|1
|-damage|p2a: GHOSTWAVE|13/100|[from] item: Life Orb
|move|p1b: Archaludon|Flash Cannon|p2a: GHOSTWAVE
|-resisted|p2a: GHOSTWAVE|1
|-damage|p2a: GHOSTWAVE|0 fnt
|faint|p2a: GHOSTWAVE
|
|-weather|RainDance|[upkeep]
|-heal|p1b: Archaludon|44/100|[from] item: Leftovers
|upkeep
|
|t:|1784133009
|switch|p2a: CRUSH SHARK|Garchomp, L50, F|100/100
|turn|5
|
|t:|1784133033
|switch|p1b: Grimmsnarl|Grimmsnarl, L50, M|41/100
|move|p2a: CRUSH SHARK|Rock Slide|p1b: Grimmsnarl|[spread] p1a,p1b
|-supereffective|p1a: Pelipper|1
|-damage|p1a: Pelipper|65/100
|-damage|p1b: Grimmsnarl|27/100
|move|p2b: AGNI|Weather Ball|p1a: Pelipper
|-resisted|p1a: Pelipper|1
|-damage|p1a: Pelipper|50/100g
|cant|p1a: Pelipper|flinch
|
|-weather|RainDance|[upkeep]
|-sideend|p2: lettitripppp|move: Tailwind
|upkeep
|turn|6
|
|t:|1784133051
|switch|p1a: Archaludon|Archaludon, L50, F|44/100
|move|p2a: CRUSH SHARK|Rock Slide|p1b: Grimmsnarl|[spread] p1a,p1b
|-resisted|p1a: Archaludon|1
|-damage|p1a: Archaludon|38/100
|-damage|p1b: Grimmsnarl|14/100
|-ability|p1a: Archaludon|Stamina|boost
|-boost|p1a: Archaludon|def|1
|move|p2b: AGNI|Weather Ball|p1a: Archaludon
|-resisted|p1a: Archaludon|1
|-damage|p1a: Archaludon|24/100
|-ability|p1a: Archaludon|Stamina|boost
|-boost|p1a: Archaludon|def|1
|move|p1b: Grimmsnarl|Spirit Break|p2a: CRUSH SHARK
|-supereffective|p2a: CRUSH SHARK|1
|-enditem|p2a: CRUSH SHARK|Roseli Berry|[eat]
|-enditem|p2a: CRUSH SHARK|Roseli Berry|[weaken]
|-damage|p2a: CRUSH SHARK|70/100
|-unboost|p2a: CRUSH SHARK|spa|1
|-damage|p1b: Grimmsnarl|2/100|[from] ability: Rough Skin|[of] p2a: CRUSH SHARK
|
|-weather|RainDance|[upkeep]
|-heal|p1a: Archaludon|30/100|[from] item: Leftovers
|upkeep
|turn|7
|
|t:|1784133069
|move|p1a: Archaludon|Protect|p1a: Archaludon
|-singleturn|p1a: Archaludon|Protect
|move|p2a: CRUSH SHARK|Earthquake|p1b: Grimmsnarl|[spread] p1b
|-activate|p1a: Archaludon|move: Protect
|-immune|p2b: AGNI
|-damage|p1b: Grimmsnarl|0 fnt
|faint|p1b: Grimmsnarl
|move|p2b: AGNI|Weather Ball|p1a: Archaludon
|-activate|p1a: Archaludon|move: Protect
|
|-weather|RainDance|[upkeep]
|-heal|p1a: Archaludon|36/100|[from] item: Leftovers
|upkeep
|
|t:|1784133073
|switch|p1b: Swampert|Swampert, L50, F|100/100
|turn|8
|
|t:|1784133078
|detailschange|p1b: Swampert|Swampert-Mega, L50, F
|-mega|p1b: Swampert|Swampert|Swampertite
|move|p1b: Swampert|Ice Punch|p2a: CRUSH SHARK
|-supereffective|p2a: CRUSH SHARK|2
|-damage|p2a: CRUSH SHARK|0 fnt
|-damage|p1b: Swampert|87/100|[from] ability: Rough Skin|[of] p2a: CRUSH SHARK
|faint|p2a: CRUSH SHARK
|move|p2b: AGNI|Weather Ball|p1b: Swampert
|-damage|p1b: Swampert|62/100
|move|p1a: Archaludon|Electro Shot||[still]
|-prepare|p1a: Archaludon|Electro Shot
|-boost|p1a: Archaludon|spa|1
|-anim|p1a: Archaludon|Electro Shot|p2b: AGNI
|-supereffective|p2b: AGNI|1
|-damage|p2b: AGNI|0 fnt
|faint|p2b: AGNI
|
|win|Andrea Pirlo 2
|raw|Andrea Pirlo 2's rating: 1452 → 1467(+15 for winning)
|raw|lettitripppp's rating: 1356 → 1341(-15 for losing)
