|j|☆Hariyamamomma
|j|☆Cwisbt
|html|HariyamamommaCwisbt    
|uhtml|bestof|Game 2 of a best-of-3
|t:|1784515068
|gametype|doubles
|player|p1|Hariyamamomma|burgh|
|player|p2|Cwisbt|1|
|gen|9
|tier|[Gen 9 Champions] VGC 2026 Reg M-B (Bo3)
|rule|Species Clause: Limit one of each Pokémon
|rule|Item Clause: Limit 1 of each item
|clearpoke
|poke|p1|Gholdengo, L50|
|poke|p1|Whimsicott, L50, F, shiny|
|poke|p1|Kingambit, L50, F|
|poke|p1|Blaziken, L50, M|
|poke|p1|Blastoise, L50, M, shiny|
|poke|p1|Kangaskhan, L50, F|
|poke|p2|Raichu, L50, F|
|poke|p2|Mamoswine, L50, F|
|poke|p2|Gholdengo, L50|
|poke|p2|Sylveon, L50, M|
|poke|p2|Talonflame, L50, F|
|poke|p2|Froslass, L50, F|
|teampreview|4
|showteam|p1|Gholdengo||LifeOrb|GoodasGold|MakeItRain,ShadowBall,NastyPlot,Protect|Timid|||||50|]Whimsicott||FocusSash|Prankster|Moonblast,Tailwind,Encore,Protect|Timid||F|||50|]Kingambit||BlackGlasses|Defiant|SuckerPunch,KowtowCleave,SwordsDance,Protect|Adamant||F|||50|]Blaziken||Blazikenite|SpeedBoost|CloseCombat,FlareBlitz,RockSlide,Protect|Adamant||M|||50|]Blastoise||Blastoisinite|Torrent|FakeOut,WaterSpout,AuraSphere,DarkPulse|Modest||M|||50|]Kangaskhan||SitrusBerry|Scrappy|FakeOut,HelpingHand,LowKick,ThunderPunch|Impish||F|||50|
|showteam|p2|Raichu||RaichuniteY|LightningRod|Protect,ZapCannon,FocusBlast,Encore|Timid||F|||50|]Mamoswine||FocusSash|Oblivious|Protect,IcicleCrash,IceShard,HighHorsepower|Adamant||F|||50|]Gholdengo||LifeOrb|GoodasGold|Protect,MakeItRain,ShadowBall,PowerGem|Modest|||||50|]Sylveon||FairyFeather|Pixilate|Protect,HyperVoice,HyperBeam,QuickAttack|Modest||M|||50|]Talonflame||SharpBeak|GaleWings|QuickGuard,DualWingbeat,SunnyDay,Tailwind|Jolly||F|||50|]Froslass||Froslassite|CursedBody|Protect,Blizzard,ShadowBall,Taunt|Timid||F|||50|
|inactive|Battle timer is ON: inactive players will automatically lose when time's up. (requested by Cwisbt)
|j| gliscor43
|inactiveoff|Battle timer is now OFF.
|c|☆Hariyamamomma|glhf :)
|
|t:|1784515118
|teamsize|p1|4
|teamsize|p2|4
|start
|switch|p1a: Byron Scott|Whimsicott, L50, F, shiny|100/100
|switch|p1b: Toi Jerome|Blastoise, L50, M, shiny|100/100
|switch|p2a: Talonflame|Talonflame, L50, F|100/100
|switch|p2b: Raichu|Raichu, L50, F|100/100
|turn|1
|
|t:|1784515179
|detailschange|p2b: Raichu|Raichu-Mega-Y, L50, F
|-mega|p2b: Raichu|Raichu|Raichunite Y
|detailschange|p1b: Toi Jerome|Blastoise-Mega, L50, M, shiny
|-mega|p1b: Toi Jerome|Blastoise|Blastoisinite
|move|p1b: Toi Jerome|Fake Out|p2a: Talonflame
|-damage|p2a: Talonflame|85/100
|move|p1a: Byron Scott|Tailwind|p1a: Byron Scott
|-sidestart|p1: Hariyamamomma|move: Tailwind
|move|p2b: Raichu|Zap Cannon|p1b: Toi Jerome
|-supereffective|p1b: Toi Jerome|1
|-damage|p1b: Toi Jerome|0 fnt
|faint|p1b: Toi Jerome
|cant|p2a: Talonflame|flinch
|
|upkeep
|
|t:|1784515192
|switch|p1b: Deni Advija|Gholdengo, L50|100/100
|turn|2
|
|t:|1784515252
|switch|p2a: Sylveon|Sylveon, L50, M|100/100
|move|p1b: Deni Advija|Protect|p1b: Deni Advija
|-singleturn|p1b: Deni Advija|Protect
|move|p1a: Byron Scott|Moonblast|p2b: Raichu
|-damage|p2b: Raichu|48/100
|move|p2b: Raichu|Zap Cannon|p1b: Deni Advija
|-activate|p1b: Deni Advija|move: Protect
|
|upkeep
|turn|3
|j| Quackennn
|
|t:|1784515280
|move|p2b: Raichu|Protect|p2b: Raichu
|-singleturn|p2b: Raichu|Protect
|move|p1a: Byron Scott|Moonblast|p2b: Raichu
|-activate|p2b: Raichu|move: Protect
|move|p1b: Deni Advija|Make It Rain|p2b: Raichu|[spread] p2a
|-activate|p2b: Raichu|move: Protect
|-supereffective|p2a: Sylveon|1
|-damage|p2a: Sylveon|15/100
|-unboost|p1b: Deni Advija|spa|2
|-damage|p1b: Deni Advija|90/100|[from] item: Life Orb
|move|p2a: Sylveon|Hyper Voice|p1a: Byron Scott|[spread] p1a,p1b
|-resisted|p1b: Deni Advija|1
|-damage|p1a: Byron Scott|18/100
|-damage|p1b: Deni Advija|67/100
|
|upkeep
|turn|4
|
|t:|1784515318
|switch|p2b: Talonflame|Talonflame, L50, F|85/100
|move|p2a: Sylveon|Quick Attack|p1a: Byron Scott
|-damage|p1a: Byron Scott|0 fnt
|faint|p1a: Byron Scott
|move|p1b: Deni Advija|Nasty Plot|p1b: Deni Advija
|-boost|p1b: Deni Advija|spa|2
|
|-sideend|p1: Hariyamamomma|move: Tailwind
|upkeep
|
|t:|1784515325
|switch|p1a: LeBron James|Kingambit, L50, F|100/100
|turn|5
|
|t:|1784515362
|move|p2b: Talonflame|Tailwind|p2b: Talonflame
|-sidestart|p2: Cwisbt|move: Tailwind
|move|p2a: Sylveon|Hyper Voice|p1b: Deni Advija|[spread] p1a,p1b
|-resisted|p1b: Deni Advija|1
|-damage|p1a: LeBron James|53/100
|-damage|p1b: Deni Advija|41/100
|move|p1b: Deni Advija|Shadow Ball|p2a: Sylveon
|-damage|p2a: Sylveon|0 fnt
|faint|p2a: Sylveon
|-damage|p1b: Deni Advija|31/100|[from] item: Life Orb
|move|p1a: LeBron James|Swords Dance|p1a: LeBron James
|-boost|p1a: LeBron James|atk|2
|
|upkeep
|
|t:|1784515374
|switch|p2a: Raichu|Raichu-Mega-Y, L50, F|48/100
|turn|6
|
|t:|1784515399
|move|p2b: Talonflame|Quick Guard|p2b: Talonflame
|-singleturn|p2b: Talonflame|Quick Guard
|move|p1a: LeBron James|Sucker Punch|p2a: Raichu
|-activate|p2a: Raichu|move: Quick Guard
|move|p2a: Raichu|Zap Cannon|p1b: Deni Advija
|-damage|p1b: Deni Advija|0 fnt
|faint|p1b: Deni Advija
|
|upkeep
|turn|7
|
|t:|1784515436
|move|p2b: Talonflame|Quick Guard|p2b: Talonflame
|-singleturn|p2b: Talonflame|Quick Guard
|move|p1a: LeBron James|Sucker Punch|p2a: Raichu
|-activate|p2a: Raichu|move: Quick Guard
|move|p2a: Raichu|Focus Blast|p1a: LeBron James
|-supereffective|p1a: LeBron James|2
|-damage|p1a: LeBron James|0 fnt
|faint|p1a: LeBron James
|
|win|Cwisbt
|c|☆Hariyamamomma|gg!
||Hariyamamomma is ready for game 3.
|inactive|Cwisbt has 30 seconds to confirm battle start!
|c|☆Cwisbt|Gg!
||Cwisbt is ready for game 3.
|uhtml|next|Next: Game 3 of 3
|l| Quackennn
