|j|☆lryuzaki13
|j|☆yunsen
|html|lryuzaki13yunsen    
|uhtml|bestof|Game 3 of a best-of-3
|t:|1785259403
|gametype|doubles
|player|p1|lryuzaki13|n|1115
|player|p2|yunsen|steven-masters|1149
|gen|9
|tier|[Gen 9 Champions] VGC 2026 Reg M-B (Bo3)
|rated|
|rule|Species Clause: Limit one of each Pokémon
|rule|Item Clause: Limit 1 of each item
|clearpoke
|poke|p1|Sneasler, L50, F, shiny|
|poke|p1|Floette-Eternal, L50, F|
|poke|p1|Kingambit, L50, M, shiny|
|poke|p1|Whimsicott, L50, F, shiny|
|poke|p1|Garchomp, L50, F, shiny|
|poke|p1|Basculegion, L50, M, shiny|
|poke|p2|Staraptor, L50, F|
|poke|p2|Vanilluxe, L50, M|
|poke|p2|Farigiraf, L50, M|
|poke|p2|Blastoise, L50, F|
|poke|p2|Kingambit, L50, F|
|poke|p2|Camerupt, L50, F|
|teampreview|4
|showteam|p1|Sneasler||WhiteHerb|Unburden|CloseCombat,GunkShot,FakeOut,Protect|Jolly||F|||50|]Floette-Eternal||Floettite|FlowerVeil|DazzlingGleam,LightofRuin,Moonblast,Protect|Timid||F|||50|]Kingambit||BlackGlasses|Defiant|KowtowCleave,SuckerPunch,SwordsDance,Protect|Adamant||M|||50|]Whimsicott||MentalHerb|Prankster|Encore,Moonblast,Protect,Tailwind|Timid||F|||50|]Garchomp||LifeOrb|RoughSkin|Earthquake,Protect,RockSlide,StompingTantrum|Jolly||F|||50|]Basculegion||FocusSash|Adaptability|LastRespects,Liquidation,AquaJet,Protect|Adamant||M|||50|
|showteam|p2|Staraptor||ChoiceScarf|Intimidate|FinalGambit,BraveBird,CloseCombat,Uturn|Jolly||F|||50|]Vanilluxe||NeverMeltIce|SnowWarning|Blizzard,FreezeDry,Protect,IceShard|Quiet||M|||50|]Farigiraf||SitrusBerry|ArmorTail|PsychicFangs,HyperVoice,HelpingHand,TrickRoom|Relaxed||M|||50|]Blastoise||Blastoisinite|Torrent|FakeOut,WaterSpout,AuraSphere,DarkPulse|Quiet||F|||50|]Kingambit||LifeOrb|Defiant|KowtowCleave,IronHead,Protect,SuckerPunch|Brave||F|||50|]Camerupt||Cameruptite|SolidRock|HeatWave,EarthPower,Protect,AncientPower|Quiet||F|||50|
|inactive|Battle timer is ON: inactive players will automatically lose when time's up. (requested by yunsen)
|
|t:|1785259420
|teamsize|p1|4
|teamsize|p2|4
|start
|switch|p1a: Queen|Floette-Eternal, L50, F|100/100
|switch|p1b: King|Kingambit, L50, M, shiny|100/100
|switch|p2a: Farig Bang|Farigiraf, L50, M|100/100
|switch|p2b: Staraptor|Staraptor, L50, F|100/100
|-ability|p2b: Staraptor|Intimidate|boost
|-unboost|p1a: Queen|atk|1
|-unboost|p1b: King|atk|1
|-ability|p1b: King|Defiant|boost
|-boost|p1b: King|atk|2
|turn|1
|inactive|yunsen has 30 seconds left.
|
|t:|1785259451
|detailschange|p1a: Queen|Floette-Mega, L50, F
|-mega|p1a: Queen|Floette|Floettite
|-ability|p1a: Queen|Fairy Aura
|move|p1b: King|Protect|p1b: King
|-singleturn|p1b: King|Protect
|move|p2b: Staraptor|Final Gambit|p1b: King
|-activate|p1b: King|move: Protect
|move|p1a: Queen|Dazzling Gleam|p2a: Farig Bang|[spread] p2a,p2b
|-damage|p2a: Farig Bang|54/100
|-damage|p2b: Staraptor|39/100
|move|p2a: Farig Bang|Trick Room|p2a: Farig Bang
|-fieldstart|move: Trick Room|[of] p2a: Farig Bang
|
|upkeep
|turn|2
|inactive|lryuzaki13 has 30 seconds left.
|inactive|yunsen has 30 seconds left.
|inactive|lryuzaki13 has 20 seconds left.
|inactive|yunsen has 20 seconds left.
|inactive|lryuzaki13 has 15 seconds left.
|inactive|lryuzaki13 has 10 seconds left.
|
|t:|1785259500
|switch|p2b: Vanilluxe|Vanilluxe, L50, M|100/100
|-weather|Snowscape|[from] ability: Snow Warning|[of] p2b: Vanilluxe
|move|p2a: Farig Bang|Hyper Voice|p1b: King|[spread] p1a,p1b
|-resisted|p1b: King|1
|-damage|p1a: Queen|79/100
|-damage|p1b: King|84/100
|move|p1b: King|Kowtow Cleave|p2a: Farig Bang
|-supereffective|p2a: Farig Bang|1
|-damage|p2a: Farig Bang|0 fnt
|faint|p2a: Farig Bang
|move|p1a: Queen|Moonblast|p2b: Vanilluxe
|-damage|p2b: Vanilluxe|19/100
|
|-weather|Snowscape|[upkeep]
|upkeep
|
|t:|1785259507
|switch|p2a: Blastoise|Blastoise, L50, F|100/100
|turn|3
|inactive|lryuzaki13 has 30 seconds left.
|
|t:|1785259535
|detailschange|p2a: Blastoise|Blastoise-Mega, L50, F
|-mega|p2a: Blastoise|Blastoise|Blastoisinite
|move|p1b: King|Protect|p1b: King
|-singleturn|p1b: King|Protect
|move|p1a: Queen|Protect|p1a: Queen
|-singleturn|p1a: Queen|Protect
|move|p2a: Blastoise|Water Spout|p1b: King|[spread] 
|-activate|p1a: Queen|move: Protect
|-activate|p1b: King|move: Protect
|move|p2b: Vanilluxe|Blizzard|p1a: Queen|[spread] 
|-activate|p1a: Queen|move: Protect
|-activate|p1b: King|move: Protect
|
|-weather|Snowscape|[upkeep]
|upkeep
|turn|4
|
|t:|1785259556
|move|p1b: King|Sucker Punch|p2a: Blastoise
|-damage|p2a: Blastoise|38/100
|move|p2a: Blastoise|Water Spout|p1b: King|[spread] p1a,p1b
|-damage|p1a: Queen|59/100
|-damage|p1b: King|57/100
|move|p2b: Vanilluxe|Blizzard|p1b: King|[spread] p1a,p1b
|-resisted|p1b: King|1
|-damage|p1a: Queen|20/100y
|-damage|p1b: King|27/100
|move|p1a: Queen|Dazzling Gleam|p2a: Blastoise|[spread] p2a,p2b
|-damage|p2a: Blastoise|0 fnt
|-damage|p2b: Vanilluxe|0 fnt
|faint|p2a: Blastoise
|faint|p2b: Vanilluxe
|
|-weather|Snowscape|[upkeep]
|upkeep
|
|t:|1785259559
|switch|p2b: Staraptor|Staraptor, L50, F|39/100
|-ability|p2b: Staraptor|Intimidate|boost
|-unboost|p1a: Queen|atk|1
|-unboost|p1b: King|atk|1
|-ability|p1b: King|Defiant|boost
|-boost|p1b: King|atk|2
|turn|5
|c|☆lryuzaki13|world's smartest tr player
|
|t:|1785259584
|move|p1b: King|Sucker Punch|p2b: Staraptor
|-damage|p2b: Staraptor|0 fnt
|faint|p2b: Staraptor
|
|win|lryuzaki13
|raw|lryuzaki13's rating: 1115 → 1142(+27 for winning)
|raw|yunsen's rating: 1149 → 1122(-27 for losing)
