|j|☆Nindudeman
|j|☆ElPatood
|html|NindudemanElPatood    
|uhtml|bestof|Game 2 of a best-of-3
|t:|1783788510
|gametype|doubles
|player|p1|Nindudeman|265|1017
|player|p2|ElPatood|102|1044
|gen|9
|tier|[Gen 9 Champions] VGC 2026 Reg M-B (Bo3)
|rated|
|rule|Species Clause: Limit one of each Pokémon
|rule|Item Clause: Limit 1 of each item
|clearpoke
|poke|p1|Swampert, L50, M, shiny|
|poke|p1|Whimsicott, L50, M, shiny|
|poke|p1|Mimikyu, L50, M, shiny|
|poke|p1|Incineroar, L50, F, shiny|
|poke|p1|Eelektross, L50, F, shiny|
|poke|p1|Kingambit, L50, M|
|poke|p2|Swampert, L50, M|
|poke|p2|Venusaur, L50, M|
|poke|p2|Archaludon, L50, M|
|poke|p2|Pelipper, L50, M|
|poke|p2|Grimmsnarl, L50, M|
|poke|p2|Farigiraf, L50, F|
|teampreview|4
|showteam|p1|Swampert||Swampertite|Torrent|EarthPower,Protect,Waterfall,FlipTurn|Adamant||M|||50|]Whimsicott||FocusSash|Prankster|Tailwind,Protect,Moonblast,Encore|Timid||M|||50|]Mimikyu||Leftovers|Disguise|ShadowSneak,Protect,PlayRough,TrickRoom|Adamant||M|||50|]Incineroar||SitrusBerry|Intimidate|PartingShot,DarkestLariat,FakeOut,FlareBlitz|Serious||F|||50|]Eelektross||Eelektrossite|Levitate|Thunderbolt,Protect,GigaDrain,Flamethrower|Serious||F|||50|]Kingambit||LifeOrb|Defiant|SuckerPunch,IronHead,KowtowCleave,Protect|Adamant||M|||50|
|showteam|p2|Swampert||Swampertite|Torrent|Earthquake,IcePunch,WaveCrash,Protect|Adamant||M|||50|]Venusaur||Venusaurite|Chlorophyll|SludgeBomb,GigaDrain,EarthPower,EnergyBall|Modest||M|||50|]Archaludon||Leftovers|Stamina|ElectroShot,DragonPulse,FlashCannon,Protect|Timid||M|||50|]Pelipper||FocusSash|Drizzle|Hurricane,WeatherBall,Tailwind,WideGuard|Modest||M|||50|]Grimmsnarl||LightClay|Prankster|Reflect,LightScreen,PartingShot,FoulPlay|Calm||M|||50|]Farigiraf||SitrusBerry|ArmorTail|TrickRoom,RainDance,HelpingHand,TwinBeam|Calm||F|||50|
|
|t:|1783788556
|teamsize|p1|4
|teamsize|p2|4
|start
|switch|p1a: The Reverse Flash|Mimikyu, L50, M, shiny|100/100
|switch|p1b: GothamChess|Kingambit, L50, M|100/100
|switch|p2a: Venusaur|Venusaur, L50, M|100/100
|switch|p2b: Grimmsnarl|Grimmsnarl, L50, M|100/100
|turn|1
|
|t:|1783788573
|detailschange|p2a: Venusaur|Venusaur-Mega, L50, M
|-mega|p2a: Venusaur|Venusaur|Venusaurite
|move|p1b: GothamChess|Protect|p1b: GothamChess
|-singleturn|p1b: GothamChess|Protect
|move|p2b: Grimmsnarl|Reflect|p2b: Grimmsnarl
|-sidestart|p2: ElPatood|Reflect
|move|p2a: Venusaur|Earth Power|p1b: GothamChess
|-activate|p1b: GothamChess|move: Protect
|move|p1a: The Reverse Flash|Trick Room|p1a: The Reverse Flash
|-fieldstart|move: Trick Room|[of] p1a: The Reverse Flash
|
|upkeep
|turn|2
|
|t:|1783788599
|move|p2b: Grimmsnarl|Parting Shot|p1a: The Reverse Flash
|-unboost|p1a: The Reverse Flash|atk|1
|-unboost|p1a: The Reverse Flash|spa|1
|
|t:|1783788605
|switch|p2b: Farigiraf|Farigiraf, L50, F|100/100|[from] Parting Shot
|move|p1b: GothamChess|Kowtow Cleave|p2a: Venusaur
|-damage|p2a: Venusaur|59/100
|-damage|p1b: GothamChess|90/100|[from] item: Life Orb
|move|p1a: The Reverse Flash|Play Rough|p2b: Farigiraf
|-damage|p2b: Farigiraf|81/100
|move|p2a: Venusaur|Earth Power|p1b: GothamChess
|-supereffective|p1b: GothamChess|1
|-damage|p1b: GothamChess|23/100
|-unboost|p1b: GothamChess|spd|1
|-ability|p1b: GothamChess|Defiant|boost
|-boost|p1b: GothamChess|atk|2
|
|upkeep
|turn|3
|
|t:|1783788628
|move|p1b: GothamChess|Kowtow Cleave|p2b: Farigiraf
|-supereffective|p2b: Farigiraf|1
|-damage|p2b: Farigiraf|0 fnt
|faint|p2b: Farigiraf
|-damage|p1b: GothamChess|14/100|[from] item: Life Orb
|move|p1a: The Reverse Flash|Play Rough|p2a: Venusaur
|-resisted|p2a: Venusaur|1
|-damage|p2a: Venusaur|50/100g
|move|p2a: Venusaur|Sludge Bomb|p1a: The Reverse Flash
|-activate|p1a: The Reverse Flash|ability: Disguise
|-damage|p1a: The Reverse Flash|100/100
|detailschange|p1a: The Reverse Flash|Mimikyu-Busted, L50, M, shiny
|-damage|p1a: The Reverse Flash|87/100|[from] pokemon: Mimikyu-Busted
|
|-heal|p1a: The Reverse Flash|93/100|[from] item: Leftovers
|upkeep
|
|t:|1783788651
|switch|p2b: Swampert|Swampert, L50, M|100/100
|turn|4
|
|t:|1783788679
|switch|p2a: Grimmsnarl|Grimmsnarl, L50, M|100/100
|move|p1b: GothamChess|Kowtow Cleave|p2a: Grimmsnarl
|-resisted|p2a: Grimmsnarl|2
|-damage|p2a: Grimmsnarl|75/100
|-damage|p1b: GothamChess|4/100|[from] item: Life Orb
|move|p2b: Swampert|Earthquake|p1a: The Reverse Flash|[spread] p2a,p1a,p1b
|-supereffective|p1b: GothamChess|1
|-damage|p2a: Grimmsnarl|45/100
|-damage|p1a: The Reverse Flash|45/100
|-damage|p1b: GothamChess|0 fnt
|faint|p1b: GothamChess
|move|p1a: The Reverse Flash|Play Rough|p2b: Swampert
|-damage|p2b: Swampert|81/100
|
|-heal|p1a: The Reverse Flash|51/100|[from] item: Leftovers
|upkeep
|
|t:|1783788694
|switch|p1b: Me Float|Eelektross, L50, F, shiny|100/100
|turn|5
|
|t:|1783788706
|detailschange|p1b: Me Float|Eelektross-Mega, L50, F, shiny
|-mega|p1b: Me Float|Eelektross|Eelektrossite
|move|p2a: Grimmsnarl|Parting Shot|p1b: Me Float
|-unboost|p1b: Me Float|atk|1
|-unboost|p1b: Me Float|spa|1
|
|t:|1783788711
|switch|p2a: Venusaur|Venusaur-Mega, L50, M|50/100g|[from] Parting Shot
|move|p1b: Me Float|Giga Drain|p2b: Swampert
|-supereffective|p2b: Swampert|2
|-damage|p2b: Swampert|0 fnt
|faint|p2b: Swampert
|-ability|p1b: Me Float|Eelevate|boost
|-boost|p1b: Me Float|spa|1
|move|p1a: The Reverse Flash|Play Rough|p2a: Venusaur
|-resisted|p2a: Venusaur|1
|-damage|p2a: Venusaur|42/100
|
|-heal|p1a: The Reverse Flash|58/100|[from] item: Leftovers
|-fieldend|move: Trick Room
|upkeep
|
|t:|1783788724
|switch|p2b: Grimmsnarl|Grimmsnarl, L50, M|45/100
|turn|6
|
|t:|1783788739
|move|p1b: Me Float|Protect|p1b: Me Float
|-singleturn|p1b: Me Float|Protect
|move|p2a: Venusaur|Giga Drain|p1b: Me Float
|-activate|p1b: Me Float|move: Protect
|move|p1a: The Reverse Flash|Play Rough|p2b: Grimmsnarl
|-supereffective|p2b: Grimmsnarl|1
|-damage|p2b: Grimmsnarl|4/100
|move|p2b: Grimmsnarl|Foul Play|p1a: The Reverse Flash
|-damage|p1a: The Reverse Flash|17/100
|
|-heal|p1a: The Reverse Flash|23/100|[from] item: Leftovers
|upkeep
|turn|7
|
|t:|1783788757
|switch|p1b: Wolfe|Incineroar, L50, F, shiny|100/100
|-ability|p1b: Wolfe|Intimidate|boost
|-unboost|p2a: Venusaur|atk|1
|-unboost|p2b: Grimmsnarl|atk|1
|move|p2a: Venusaur|Giga Drain|p1b: Wolfe
|-resisted|p1b: Wolfe|1
|-damage|p1b: Wolfe|79/100
|-heal|p2a: Venusaur|56/100|[from] drain|[of] p1b: Wolfe
|move|p1a: The Reverse Flash|Play Rough|p2b: Grimmsnarl
|-supereffective|p2b: Grimmsnarl|1
|-damage|p2b: Grimmsnarl|0 fnt
|faint|p2b: Grimmsnarl
|
|-heal|p1a: The Reverse Flash|29/100|[from] item: Leftovers
|upkeep
|turn|8
|
|t:|1783788777
|move|p1b: Wolfe|Fake Out|p2a: Venusaur
|-damage|p2a: Venusaur|47/100
|move|p1a: The Reverse Flash|Shadow Sneak|p2a: Venusaur
|-damage|p2a: Venusaur|40/100
|cant|p2a: Venusaur|flinch
|
|-heal|p1a: The Reverse Flash|35/100|[from] item: Leftovers
|-sideend|p2: ElPatood|Reflect
|upkeep
|turn|9
|
|t:|1783788790
|move|p1a: The Reverse Flash|Shadow Sneak|p2a: Venusaur
|-damage|p2a: Venusaur|28/100
|move|p2a: Venusaur|Giga Drain|p1a: The Reverse Flash
|-damage|p1a: The Reverse Flash|0 fnt
|-heal|p2a: Venusaur|46/100|[from] drain|[of] p1a: The Reverse Flash
|faint|p1a: The Reverse Flash
|move|p1b: Wolfe|Flare Blitz|p2a: Venusaur
|-supereffective|p2a: Venusaur|1
|-damage|p2a: Venusaur|0 fnt
|faint|p2a: Venusaur
|-damage|p1b: Wolfe|67/100|[from] Recoil
|
|win|Nindudeman
|raw|Nindudeman's rating: 1017 → 1057(+40 for winning)
|raw|ElPatood's rating: 1044 → 1026(-18 for losing)
