|j|☆fogster
|j|☆buf47RIPMegaFlygon
|html|fogsterbuf47RIPMegaFlygon    
|uhtml|bestof|Game 3 of a best-of-3
|t:|1755874664
|gametype|doubles
|player|p1|fogster|medium|1179
|player|p2|buf47RIPMegaFlygon|102|1270
|gen|9
|tier|[Gen 9] VGC 2025 Reg H (Bo3)
|rated|
|rule|Species Clause: Limit one of each Pokémon
|rule|Item Clause: Limit 1 of each item
|clearpoke
|poke|p1|Dragapult, L50, M|
|poke|p1|Weezing-Galar, L50, M|
|poke|p1|Incineroar, L50, F|
|poke|p1|Palafin, L50, F|
|poke|p1|Kilowattrel, L50, M|
|poke|p1|Toedscruel, L50, F|
|poke|p2|Dondozo, L50, M|
|poke|p2|Tatsugiri, L50, F|
|poke|p2|Dragonite, L50, F|
|poke|p2|Annihilape, L50, M|
|poke|p2|Zoroark-Hisui, L50, F|
|poke|p2|Volcarona, L50, F|
|teampreview|4
|showteam|p1|Dragapult||LifeOrb|ClearBody|DragonDarts,PhantomForce,DragonDance,Protect|||M|||50|,,,,,Dragon]Weezing-Galar||AssaultVest|NeutralizingGas|DazzlingGleam,StrangeSteam,Flamethrower,SludgeBomb|||M|||50|,,,,,Water]Incineroar||AbilityShield|Intimidate|FakeOut,FlareBlitz,KnockOff,PartingShot|||F|||50|,,,,,Grass]Palafin||MysticWater|ZerotoHero|JetPunch,FlipTurn,WaveCrash,Protect|||F|||50|,,,,,Water]Kilowattrel||FocusSash|Competitive|Thunderbolt,AirSlash,Tailwind,Protect|||M|||50|,,,,,Ghost]Toedscruel||CovertCloak|MyceliumMight|EarthPower,Spore,AcidSpray,Taunt|||F|||50|,,,,,Water
|showteam|p2|Dondozo||Leftovers|Unaware|WaveCrash,Earthquake,OrderUp,Protect|||M|||50|,,,,,Grass]Tatsugiri||ChoiceScarf|Commander|DracoMeteor,MuddyWater,IcyWind,HelpingHand|||F|||50|,,,,,Steel]Dragonite||LoadedDice|Multiscale|ScaleShot,IronHead,Haze,Protect|||F|||50|,,,,,Fairy]Annihilape||SafetyGoggles|Defiant|CloseCombat,RageFist,Taunt,Protect|||M|||50|,,,,,Fire]Zoroark-Hisui||ChoiceSpecs|Illusion|HyperVoice,ShadowBall,Flamethrower,Trick|||F|||50|,,,,,Normal]Volcarona||SitrusBerry|FlameBody|HeatWave,StruggleBug,RagePowder,Tailwind|||F|||50|,,,,,Fairy
|
|t:|1755874735
|teamsize|p1|4
|teamsize|p2|4
|start
|switch|p1a: Dragapult|Dragapult, L50, M|100/100
|switch|p1b: Kilowattrel|Kilowattrel, L50, M|100/100
|switch|p2a: Dondoctor|Dondozo, L50, M, shiny|100/100
|switch|p2b: Volcarona|Volcarona, L50, F, shiny|100/100
|turn|1
|
|t:|1755874759
|switch|p1a: Weezing|Weezing-Galar, L50, M|100/100
|-ability|p1a: Weezing|Neutralizing Gas
|replace|p2a: Surprise!|Zoroark-Hisui, L50, F, shiny
|-end|p2a: Surprise!|Illusion
|move|p1b: Kilowattrel|Thunderbolt|p2b: Volcarona
|-damage|p2b: Volcarona|66/100
|move|p2a: Surprise!|Shadow Ball|p1a: Weezing
|-damage|p1a: Weezing|44/100
|move|p2b: Volcarona|Tailwind|p2b: Volcarona
|-sidestart|p2: buf47RIPMegaFlygon|move: Tailwind
|
|upkeep
|turn|2
|
|t:|1755874783
|-end|p1a: Weezing|ability: Neutralizing Gas
|switch|p1a: Incineroar|Incineroar, L50, F|100/100
|-ability|p1a: Incineroar|Intimidate|boost
|-unboost|p2a: Surprise!|atk|1
|-unboost|p2b: Volcarona|atk|1
|move|p2a: Surprise!|Shadow Ball|p1b: Kilowattrel
|-enditem|p1b: Kilowattrel|Focus Sash
|-damage|p1b: Kilowattrel|1/100
|move|p2b: Volcarona|Heat Wave|p1b: Kilowattrel|[spread] p1a,p1b
|-resisted|p1a: Incineroar
|-damage|p1a: Incineroar|85/100
|-damage|p1b: Kilowattrel|0 fnt
|faint|p1b: Kilowattrel
|
|upkeep
|
|t:|1755874801
|switch|p1b: Dragapult|Dragapult, L50, M|100/100
|turn|3
|
|t:|1755874808
|switch|p2a: The rock|Tatsugiri, L50, F, shiny|100/100
|switch|p2b: Dondoctor|Dondozo, L50, M, shiny|100/100
|-activate|p2a: The rock|ability: Commander|[of] p2b: Dondoctor
|-boost|p2b: Dondoctor|atk|2
|-boost|p2b: Dondoctor|spa|2
|-boost|p2b: Dondoctor|spe|2
|-boost|p2b: Dondoctor|def|2
|-boost|p2b: Dondoctor|spd|2
|move|p1b: Dragapult|Protect|p1b: Dragapult
|-singleturn|p1b: Dragapult|Protect
|move|p1a: Incineroar|Knock Off|p2a: The rock|[miss]
|-miss|p1a: Incineroar|p2a: The rock
|
|upkeep
|turn|4
|
|t:|1755874841
|switch|p1b: Weezing|Weezing-Galar, L50, M|44/100
|-ability|p1b: Weezing|Neutralizing Gas
|-block|p1a: Incineroar|item: Ability Shield
|-terastallize|p1a: Incineroar|Grass
|move|p2b: Dondoctor|Earthquake|p1b: Weezing|[spread] p1a,p1b
|-miss|p2b: Dondoctor|p2a: The rock
|-resisted|p1a: Incineroar
|-supereffective|p1b: Weezing
|-damage|p1a: Incineroar|67/100
|-damage|p1b: Weezing|0 fnt
|faint|p1b: Weezing
|-end|p1b: Weezing|ability: Neutralizing Gas
|move|p1a: Incineroar|Knock Off|p2b: Dondoctor
|-damage|p2b: Dondoctor|89/100
|-enditem|p2b: Dondoctor|Leftovers|[from] move: Knock Off|[of] p1a: Incineroar
|
|-sideend|p2: buf47RIPMegaFlygon|move: Tailwind
|upkeep
|
|t:|1755874856
|switch|p1b: Dragapult|Dragapult, L50, M|100/100
|turn|5
|
|t:|1755874881
|move|p2b: Dondoctor|Protect|p2b: Dondoctor
|-singleturn|p2b: Dondoctor|Protect
|move|p1b: Dragapult|Phantom Force||[still]
|-prepare|p1b: Dragapult|Phantom Force
|move|p1a: Incineroar|Parting Shot|p2b: Dondoctor
|-activate|p2b: Dondoctor|move: Protect
|
|upkeep
|turn|6
|
|t:|1755874900
|move|p1b: Dragapult|Phantom Force|p2b: Dondoctor|[from] lockedmove
|-damage|p2b: Dondoctor|69/100
|-damage|p1b: Dragapult|91/100|[from] item: Life Orb
|move|p2b: Dondoctor|Order Up|p1b: Dragapult
|-supereffective|p1b: Dragapult
|-damage|p1b: Dragapult|0 fnt
|faint|p1b: Dragapult
|-boost|p2b: Dondoctor|atk|1
|move|p1a: Incineroar|Parting Shot|p2b: Dondoctor
|-unboost|p2b: Dondoctor|atk|1
|-unboost|p2b: Dondoctor|spa|1
|
|upkeep
|turn|7
|c|☆buf47RIPMegaFlygon|ggs
|
|t:|1755874914
|move|p2b: Dondoctor|Order Up|p1a: Incineroar
|-damage|p1a: Incineroar|31/100
|-boost|p2b: Dondoctor|atk|1
|move|p1a: Incineroar|Knock Off|p2b: Dondoctor
|-damage|p2b: Dondoctor|59/100
|
|upkeep
|turn|8
|
|t:|1755874922
|move|p2b: Dondoctor|Wave Crash|p1a: Incineroar
|-resisted|p1a: Incineroar
|-damage|p1a: Incineroar|0 fnt
|faint|p1a: Incineroar
|-damage|p2b: Dondoctor|51/100|[from] Recoil
|
|win|buf47RIPMegaFlygon
|raw|fogster's rating: 1179 → 1160(-19 for losing)
|raw|buf47RIPMegaFlygon's rating: 1270 → 1289(+19 for winning)
|l|☆buf47RIPMegaFlygon
|player|p2|
