|j|☆chingling is life
|j|☆kaalaas7
|html|chingling is lifekaalaas7    
|uhtml|bestof|Game 1 of a best-of-3
|t:|1784810658
|gametype|doubles
|player|p1|chingling is life|102|
|player|p2|kaalaas7|rocketgruntf|
|gen|9
|tier|[Gen 9 Champions] VGC 2026 Reg M-B (Bo3)
|rule|Species Clause: Limit one of each Pokémon
|rule|Item Clause: Limit 1 of each item
|clearpoke
|poke|p1|Kommo-o, L50, F|
|poke|p1|Sneasler, L50, F|
|poke|p1|Vivillon, L50, M|
|poke|p1|Pelipper, L50, M|
|poke|p1|Dragonite, L50, F|
|poke|p1|Espathra, L50, M|
|poke|p2|Charizard, L50, M|
|poke|p2|Incineroar, L50, M|
|poke|p2|Torterra, L50, F|
|poke|p2|Gyarados, L50, F|
|poke|p2|Skarmory, L50, F|
|poke|p2|Kingambit, L50, M|
|teampreview|4
|showteam|p1|Kommo-o||LifeOrb|Soundproof|Protect,ClangorousSoul,ClangingScales,AuraSphere|Modest||F|||50|]Sneasler||WhiteHerb|Unburden|FakeOut,UpperHand,CloseCombat,Protect|Adamant||F|||50|]Vivillon||FocusSash|CompoundEyes|PollenPuff,Hurricane,RagePowder,SleepPowder|Modest||M|||50|]Pelipper||SitrusBerry|Drizzle|Hurricane,Protect,WeatherBall,WideGuard|Bold||M|||50|]Dragonite||Dragoninite|Multiscale|DragonPulse,Thunderbolt,WeatherBall,Protect|Modest||F|||50|]Espathra||ColburBerry|SpeedBoost|CalmMind,Protect,BatonPass,LuminaCrash|Bold||M|||50|
|showteam|p2|Charizard||CharizarditeY|Blaze|HeatWave,SolarBeam,Protect,WeatherBall|Mild||M|||50|]Incineroar||PasshoBerry|Intimidate|FakeOut,PartingShot,HelpingHand,FlareBlitz|Adamant||M|||50|]Torterra||YacheBerry|Overgrow|SolarBeam,Protect,HeadlongRush,WideGuard|Relaxed||F|||50|]Gyarados||ExpertBelt|Intimidate|IceFang,Protect,Waterfall,Earthquake|Jolly||F|||50|]Skarmory||Leftovers|Sturdy|Spikes,Whirlwind,BodyPress,Protect|Bold||F|||50|]Kingambit||BlackGlasses|SupremeOverlord|SuckerPunch,Protect,SwordsDance,KowtowCleave|Adamant||M|||50|
|
|t:|1784810725
|teamsize|p1|4
|teamsize|p2|4
|start
|switch|p1a: Sneasler|Sneasler, L50, F|100/100
|switch|p1b: Kommo-o|Kommo-o, L50, F|100/100
|switch|p2a: Incineroar|Incineroar, L50, M|100/100
|switch|p2b: Gyarados|Gyarados, L50, F|100/100
|-ability|p2b: Gyarados|Intimidate|boost
|-unboost|p1a: Sneasler|atk|1
|-unboost|p1b: Kommo-o|atk|1
|-ability|p2a: Incineroar|Intimidate|boost
|-unboost|p1a: Sneasler|atk|1
|-unboost|p1b: Kommo-o|atk|1
|-enditem|p1a: Sneasler|White Herb
|-clearnegativeboost|p1a: Sneasler|[silent]
|turn|1
|
|t:|1784810751
|move|p1a: Sneasler|Fake Out|p2a: Incineroar
|-damage|p2a: Incineroar|85/100
|cant|p2a: Incineroar|flinch
|move|p2b: Gyarados|Ice Fang|p1b: Kommo-o
|-supereffective|p1b: Kommo-o|1
|-crit|p1b: Kommo-o
|-damage|p1b: Kommo-o|35/100
|move|p1b: Kommo-o|Clangorous Soul|p1b: Kommo-o
|-boost|p1b: Kommo-o|atk|1
|-boost|p1b: Kommo-o|def|1
|-boost|p1b: Kommo-o|spa|1
|-boost|p1b: Kommo-o|spd|1
|-boost|p1b: Kommo-o|spe|1
|-damage|p1b: Kommo-o|2/100
|
|upkeep
|turn|2
|
|t:|1784810770
|move|p2a: Incineroar|Helping Hand|p2b: Gyarados
|-singleturn|p2b: Gyarados|Helping Hand|[of] p2a: Incineroar
|move|p1b: Kommo-o|Protect|p1b: Kommo-o
|-singleturn|p1b: Kommo-o|Protect
|move|p1a: Sneasler|Close Combat|p2a: Incineroar
|-supereffective|p2a: Incineroar|1
|-damage|p2a: Incineroar|0 fnt
|-unboost|p1a: Sneasler|def|1
|-unboost|p1a: Sneasler|spd|1
|faint|p2a: Incineroar
|move|p2b: Gyarados|Earthquake|p1a: Sneasler|[spread] p1a
|-activate|p1b: Kommo-o|move: Protect
|-supereffective|p1a: Sneasler|1
|-damage|p1a: Sneasler|0 fnt
|faint|p1a: Sneasler
|
|upkeep
|
|t:|1784810796
|switch|p1a: Dragonite|Dragonite, L50, F|100/100
|switch|p2a: Skarmory|Skarmory, L50, F|100/100
|turn|3
|
|t:|1784810822
|detailschange|p1a: Dragonite|Dragonite-Mega, L50, F
|-mega|p1a: Dragonite|Dragonite|Dragoninite
|move|p2b: Gyarados|Protect|p2b: Gyarados
|-singleturn|p2b: Gyarados|Protect
|move|p1b: Kommo-o|Clanging Scales|p2b: Gyarados|[spread] p2a
|-activate|p2b: Gyarados|move: Protect
|-resisted|p2a: Skarmory|1
|-damage|p2a: Skarmory|36/100
|-unboost|p1b: Kommo-o|def|1
|-damage|p1b: Kommo-o|0 fnt|[from] item: Life Orb
|faint|p1b: Kommo-o
|move|p1a: Dragonite|Thunderbolt|p2b: Gyarados
|-activate|p2b: Gyarados|move: Protect
|move|p2a: Skarmory|Body Press|p1a: Dragonite
|-resisted|p1a: Dragonite|1
|-damage|p1a: Dragonite|92/100
|
|-heal|p2a: Skarmory|42/100|[from] item: Leftovers
|upkeep
|
|t:|1784810826
|switch|p1b: Pelipper|Pelipper, L50, M|100/100
|-weather|RainDance|[from] ability: Drizzle|[of] p1b: Pelipper
|turn|4
|
|t:|1784810857
|move|p1a: Dragonite|Protect|p1a: Dragonite
|-singleturn|p1a: Dragonite|Protect
|move|p2b: Gyarados|Ice Fang|p1a: Dragonite
|-activate|p1a: Dragonite|move: Protect
|move|p2a: Skarmory|Body Press|p1b: Pelipper
|-resisted|p1b: Pelipper|1
|-damage|p1b: Pelipper|88/100
|move|p1b: Pelipper|Hurricane|p2b: Gyarados
|-damage|p2b: Gyarados|57/100
|
|-weather|RainDance|[upkeep]
|-heal|p2a: Skarmory|48/100|[from] item: Leftovers
|upkeep
|turn|5
|
|t:|1784810875
|move|p2b: Gyarados|Ice Fang|p1a: Dragonite
|-supereffective|p1a: Dragonite|2
|-damage|p1a: Dragonite|8/100
|-status|p1a: Dragonite|frz
|cant|p1a: Dragonite|frz
|move|p2a: Skarmory|Body Press|p1b: Pelipper
|-resisted|p1b: Pelipper|1
|-damage|p1b: Pelipper|76/100
|move|p1b: Pelipper|Hurricane|p2b: Gyarados
|-damage|p2b: Gyarados|21/100
|
|-weather|RainDance|[upkeep]
|-heal|p2a: Skarmory|54/100|[from] item: Leftovers
|upkeep
|turn|6
|
|t:|1784810893
|cant|p1a: Dragonite|frz
|move|p2b: Gyarados|Ice Fang|p1a: Dragonite
|-supereffective|p1a: Dragonite|2
|-damage|p1a: Dragonite|0 fnt
|faint|p1a: Dragonite
|move|p2a: Skarmory|Body Press|p1b: Pelipper
|-resisted|p1b: Pelipper|1
|-damage|p1b: Pelipper|64/100
|move|p1b: Pelipper|Hurricane|p2b: Gyarados
|-damage|p2b: Gyarados|0 fnt
|faint|p2b: Gyarados
|
|-weather|RainDance|[upkeep]
|-heal|p2a: Skarmory|60/100|[from] item: Leftovers
|upkeep
|
|t:|1784810903
|switch|p2b: Torterra|Torterra, L50, F|100/100
|turn|7
|
|t:|1784810915
|move|p2a: Skarmory|Body Press|p1b: Pelipper
|-resisted|p1b: Pelipper|1
|-damage|p1b: Pelipper|51/100
|move|p1b: Pelipper|Hurricane|p2b: Torterra
|-supereffective|p2b: Torterra|1
|-damage|p2b: Torterra|28/100
|-start|p2b: Torterra|confusion
|-activate|p2b: Torterra|confusion
|move|p2b: Torterra|Solar Beam||[still]
|-prepare|p2b: Torterra|Solar Beam
|
|-weather|RainDance|[upkeep]
|-heal|p2a: Skarmory|66/100|[from] item: Leftovers
|upkeep
|turn|8
|
|t:|1784810931
|move|p2a: Skarmory|Body Press|p1b: Pelipper
|-resisted|p1b: Pelipper|1
|-crit|p1b: Pelipper
|-damage|p1b: Pelipper|31/100
|-enditem|p1b: Pelipper|Sitrus Berry|[eat]
|-heal|p1b: Pelipper|55/100|[from] item: Sitrus Berry
|move|p1b: Pelipper|Hurricane|p2b: Torterra
|-supereffective|p2b: Torterra|1
|-crit|p2b: Torterra
|-damage|p2b: Torterra|0 fnt
|faint|p2b: Torterra
|
|-weather|none
|-heal|p2a: Skarmory|72/100|[from] item: Leftovers
|upkeep
|turn|9
|
|t:|1784810940
|move|p2a: Skarmory|Protect|p2a: Skarmory
|-singleturn|p2a: Skarmory|Protect
|move|p1b: Pelipper|Hurricane|p2a: Skarmory
|-activate|p2a: Skarmory|move: Protect
|
|-heal|p2a: Skarmory|78/100|[from] item: Leftovers
|upkeep
|turn|10
|
|t:|1784810947
|move|p2a: Skarmory|Body Press|p1b: Pelipper
|-resisted|p1b: Pelipper|1
|-damage|p1b: Pelipper|43/100
|move|p1b: Pelipper|Hurricane|p2a: Skarmory|[miss]
|-miss|p1b: Pelipper|p2a: Skarmory
|
|-heal|p2a: Skarmory|84/100|[from] item: Leftovers
|upkeep
|turn|11
|
|t:|1784810953
|move|p2a: Skarmory|Body Press|p1b: Pelipper
|-resisted|p1b: Pelipper|1
|-damage|p1b: Pelipper|31/100
|move|p1b: Pelipper|Hurricane|p2a: Skarmory
|-resisted|p2a: Skarmory|1
|-damage|p2a: Skarmory|56/100
|
|-heal|p2a: Skarmory|62/100|[from] item: Leftovers
|upkeep
|turn|12
|
|t:|1784810960
|move|p2a: Skarmory|Body Press|p1b: Pelipper
|-resisted|p1b: Pelipper|1
|-damage|p1b: Pelipper|17/100
|move|p1b: Pelipper|Hurricane|p2a: Skarmory
|-resisted|p2a: Skarmory|1
|-damage|p2a: Skarmory|32/100
|
|-heal|p2a: Skarmory|38/100|[from] item: Leftovers
|upkeep
|turn|13
|
|t:|1784810969
|move|p2a: Skarmory|Protect|p2a: Skarmory
|-singleturn|p2a: Skarmory|Protect
|move|p1b: Pelipper|Hurricane|p2a: Skarmory
|-activate|p2a: Skarmory|move: Protect
|
|-heal|p2a: Skarmory|44/100|[from] item: Leftovers
|upkeep
|turn|14
|
|t:|1784810975
|move|p2a: Skarmory|Body Press|p1b: Pelipper
|-resisted|p1b: Pelipper|1
|-damage|p1b: Pelipper|5/100
|move|p1b: Pelipper|Hurricane|p2a: Skarmory
|-resisted|p2a: Skarmory|1
|-damage|p2a: Skarmory|14/100
|
|-heal|p2a: Skarmory|20/100y|[from] item: Leftovers
|upkeep
|turn|15
|
|t:|1784810983
|move|p2a: Skarmory|Protect|p2a: Skarmory
|-singleturn|p2a: Skarmory|Protect
|move|p1b: Pelipper|Hurricane|p2a: Skarmory
|-activate|p2a: Skarmory|move: Protect
|
|-heal|p2a: Skarmory|26/100|[from] item: Leftovers
|upkeep
|turn|16
|
|t:|1784810988
|move|p2a: Skarmory|Body Press|p1b: Pelipper
|-resisted|p1b: Pelipper|1
|-damage|p1b: Pelipper|0 fnt
|faint|p1b: Pelipper
|
|win|kaalaas7
||chingling is life is ready for game 2.
|inactive|kaalaas7 has 30 seconds to confirm battle start!
