|j|☆Miss buss buss
|j|☆kulllllllllle
|html|Miss buss busskulllllllllle    
|uhtml|bestof|Game 2 of a best-of-3
|t:|1783014872
|gametype|doubles
|player|p1|Miss buss buss|1|1000
|player|p2|kulllllllllle|swimmer-gen4dp|1000
|gen|9
|tier|[Gen 9 Champions] VGC 2026 Reg M-B (Bo3)
|rated|
|rule|Species Clause: Limit one of each Pokémon
|rule|Item Clause: Limit 1 of each item
|clearpoke
|poke|p1|Hatterene, L50, F|
|poke|p1|Dragalge, L50, M|
|poke|p1|Slowking, L50, F|
|poke|p1|Meowstic, L50, M|
|poke|p1|Camerupt, L50, F|
|poke|p1|Tinkaton, L50, F|
|poke|p2|Bellibolt, L50, M, shiny|
|poke|p2|Dragapult, L50, F, shiny|
|poke|p2|Incineroar, L50, M, shiny|
|poke|p2|Lopunny, L50, F, shiny|
|poke|p2|Farigiraf, L50, F, shiny|
|poke|p2|Swampert, L50, M, shiny|
|teampreview|4
|showteam|p1|Hatterene||BabiriBerry|MagicBounce|ShadowBall,DazzlingGleam,TrickRoom,ExpandingForce|Quiet||F|||50|]Dragalge||Dragalgite|Adaptability|FlipTurn,Thunderbolt,DracoMeteor,SludgeWave|Modest||M|||50|]Slowking||ColburBerry|Regenerator|TrickRoom,Disable,ExpandingForce,HydroPump|Quiet||F|||50|]Meowstic||SitrusBerry|Prankster|PsychicTerrain,DarkPulse,LightScreen,ExpandingForce|Serious||M|||50|]Camerupt||Cameruptite|MagmaArmor|Eruption,EarthPower,FireBlast,Protect|Modest||F|||50|]Tinkaton||OccaBerry|OwnTempo|GigatonHammer,PlayRough,BrickBreak,Protect|Careful||F|||50|
|showteam|p2|Bellibolt||Leftovers|Electromorphosis|Protect,Soak,ParabolicCharge,AcidSpray|Modest||M|||50|]Dragapult||SitrusBerry|ClearBody|LightScreen,Disable,WillOWisp,BreakingSwipe|Jolly||F|||50|]Incineroar||BrightPowder|Intimidate|FakeOut,DarkestLariat,FlareBlitz,PartingShot|Adamant||M|||50|]Lopunny||Lopunnite|Limber|ThunderPunch,CloseCombat,FakeOut,Uturn|Jolly||F|||50|]Farigiraf||MentalHerb|ArmorTail|TrickRoom,HelpingHand,FoulPlay,Psychic|Sassy||F|||50|]Swampert||Swampertite|Torrent|WideGuard,IcePunch,SandTomb,Protect|Careful||M|||50|
|inactive|Battle timer is ON: inactive players will automatically lose when time's up. (requested by Miss buss buss)
|
|t:|1783014893
|teamsize|p1|4
|teamsize|p2|4
|start
|switch|p1a: Slowking|Slowking, L50, F|100/100
|switch|p1b: Meowstic|Meowstic, L50, M|100/100
|switch|p2a: Incineroar|Incineroar, L50, M, shiny|100/100
|switch|p2b: Swampert|Swampert, L50, M, shiny|100/100
|-ability|p2a: Incineroar|Intimidate|boost
|-unboost|p1a: Slowking|atk|1
|-unboost|p1b: Meowstic|atk|1
|turn|1
|inactive|kulllllllllle has 30 seconds left.
|inactive|kulllllllllle has 20 seconds left.
|inactive|kulllllllllle has 15 seconds left.
|inactive|kulllllllllle has 10 seconds left.
|inactive|kulllllllllle has 5 seconds left.
|
|t:|1783014945
|detailschange|p2b: Swampert|Swampert-Mega, L50, M, shiny
|-mega|p2b: Swampert|Swampert|Swampertite
|move|p1b: Meowstic|Psychic Terrain|p1b: Meowstic
|-fieldstart|move: Psychic Terrain
|move|p2b: Swampert|Sand Tomb|p1b: Meowstic
|-damage|p1b: Meowstic|78/100
|-activate|p1b: Meowstic|move: Sand Tomb|[of] p2b: Swampert
|move|p2a: Incineroar|Darkest Lariat|p1a: Slowking
|-supereffective|p1a: Slowking|1
|-enditem|p1a: Slowking|Colbur Berry|[eat]
|-enditem|p1a: Slowking|Colbur Berry|[weaken]
|-damage|p1a: Slowking|52/100
|move|p1a: Slowking|Trick Room|p1a: Slowking
|-fieldstart|move: Trick Room|[of] p1a: Slowking
|
|-damage|p1b: Meowstic|66/100|[from] move: Sand Tomb|[partiallytrapped]
|upkeep
|turn|2
|inactive|Miss buss buss has 30 seconds left.
|
|t:|1783014972
|move|p1a: Slowking|Hydro Pump|p2a: Incineroar
|-supereffective|p2a: Incineroar|1
|-damage|p2a: Incineroar|0 fnt
|faint|p2a: Incineroar
|move|p2b: Swampert|Sand Tomb|p1a: Slowking
|-damage|p1a: Slowking|32/100
|-activate|p1a: Slowking|move: Sand Tomb|[of] p2b: Swampert
|move|p1b: Meowstic|Expanding Force|p2b: Swampert
|-damage|p2b: Swampert|67/100
|
|-damage|p1a: Slowking|20/100y|[from] move: Sand Tomb|[partiallytrapped]
|-damage|p1b: Meowstic|54/100|[from] move: Sand Tomb|[partiallytrapped]
|upkeep
|
|t:|1783014988
|switch|p2a: Bellibolt|Bellibolt, L50, M, shiny|100/100
|turn|3
|inactive|kulllllllllle has 30 seconds left.
|
|t:|1783015016
|move|p2b: Swampert|Wide Guard|p2b: Swampert
|-singleturn|p2b: Swampert|Wide Guard
|move|p1a: Slowking|Expanding Force|p2a: Bellibolt|[spread] 
|-activate|p2a: Bellibolt|move: Wide Guard
|-activate|p2b: Swampert|move: Wide Guard
|move|p2a: Bellibolt|Parabolic Charge|p1a: Slowking|[spread] p1a,p1b
|-activate|p2b: Swampert|move: Wide Guard
|-supereffective|p1a: Slowking|1
|-damage|p1a: Slowking|0 fnt
|-damage|p1b: Meowstic|27/100
|-enditem|p1b: Meowstic|Sitrus Berry|[eat]
|-heal|p1b: Meowstic|51/100|[from] item: Sitrus Berry
|faint|p1a: Slowking
|move|p1b: Meowstic|Expanding Force|p2a: Bellibolt|[spread] 
|-activate|p2a: Bellibolt|move: Wide Guard
|-activate|p2b: Swampert|move: Wide Guard
|
|-damage|p1b: Meowstic|39/100|[from] move: Sand Tomb|[partiallytrapped]
|upkeep
|inactive|Miss buss buss has 30 seconds left.
|
|t:|1783015043
|switch|p1a: Hatterene|Hatterene, L50, F|100/100
|turn|4
|inactive|kulllllllllle has 30 seconds left.
|inactive|kulllllllllle has 20 seconds left.
|inactive|kulllllllllle has 15 seconds left.
|
|t:|1783015085
|move|p2b: Swampert|Wide Guard|p2b: Swampert
|-singleturn|p2b: Swampert|Wide Guard
|move|p1a: Hatterene|Shadow Ball|p2b: Swampert
|-damage|p2b: Swampert|45/100
|-unboost|p2b: Swampert|spd|1
|move|p2a: Bellibolt|Acid Spray|p1a: Hatterene
|-supereffective|p1a: Hatterene|1
|-damage|p1a: Hatterene|73/100
|-unboost|p1a: Hatterene|spd|2
|move|p1b: Meowstic|Dark Pulse|p2b: Swampert
|-damage|p2b: Swampert|27/100
|
|-damage|p1b: Meowstic|27/100|[from] move: Sand Tomb|[partiallytrapped]
|upkeep
|turn|5
|inactive|Miss buss buss has 30 seconds left.
|
|t:|1783015113
|switch|p2b: Dragapult|Dragapult, L50, F, shiny|100/100
|move|p1a: Hatterene|Expanding Force|p2b: Dragapult|[spread] p2a,p2b
|-crit|p2a: Bellibolt
|-damage|p2a: Bellibolt|0 fnt
|-damage|p2b: Dragapult|10/100
|-enditem|p2b: Dragapult|Sitrus Berry|[eat]
|-heal|p2b: Dragapult|35/100|[from] item: Sitrus Berry
|faint|p2a: Bellibolt
|move|p1b: Meowstic|Expanding Force|p2b: Dragapult
|-damage|p2b: Dragapult|0 fnt
|faint|p2b: Dragapult
|
|-end|p1b: Meowstic|Sand Tomb|[partiallytrapped]|[silent]
|-fieldend|move: Trick Room
|-fieldend|move: Psychic Terrain
|upkeep
|-message|kulllllllllle forfeited.
|
|win|Miss buss buss
|raw|Miss buss buss's rating: 1000 → 1040(+40 for winning)
|raw|kulllllllllle's rating: 1000 → 1000(+0 for losing)
