|j|☆bruGno
|j|☆MaaxidiazzVGC
|html|bruGnoMaaxidiazzVGC    
|uhtml|bestof|Game 1 of a best-of-3
|t:|1786182076
|gametype|doubles
|player|p1|bruGno|ash-kalos|1359
|player|p2|MaaxidiazzVGC|cynthia-gen4|1296
|gen|9
|tier|[Gen 9 Champions] VGC 2026 Reg M-B (Bo3)
|rated|
|rule|Species Clause: Limit one of each Pokémon
|rule|Item Clause: Limit 1 of each item
|clearpoke
|poke|p1|Staraptor, L50, F|
|poke|p1|Arcanine-Hisui, L50, F|
|poke|p1|Kingambit, L50, F|
|poke|p1|Sylveon, L50, F|
|poke|p1|Raichu, L50, M|
|poke|p1|Farigiraf, L50, M|
|poke|p2|Charizard, L50, M|
|poke|p2|Whimsicott, L50, F|
|poke|p2|Basculegion, L50, M|
|poke|p2|Garchomp, L50, M|
|poke|p2|Kingambit, L50, F|
|poke|p2|Floette-Eternal, L50, F|
|teampreview|4
|showteam|p1|Staraptor||Staraptite|Intimidate|DualWingbeat,CloseCombat,Tailwind,Protect|Jolly||F|||50|]Arcanine-Hisui||FocusSash|RockHead|FlareBlitz,HeadSmash,ExtremeSpeed,Protect|Jolly||F|||50|]Kingambit||LifeOrb|Defiant|KowtowCleave,SuckerPunch,SwordsDance,Protect|Adamant||F|||50|]Sylveon||FairyFeather|Pixilate|HyperVoice,HyperBeam,QuickAttack,Detect|Modest||F|||50|]Raichu||RaichuniteY|LightningRod|ZapCannon,FocusBlast,FakeOut,Protect|Timid||M|||50|]Farigiraf||SitrusBerry|ArmorTail|Psychic,HelpingHand,TrickRoom,Protect|Calm||M|||50|
|showteam|p2|Charizard||CharizarditeY|Blaze|HeatWave,SolarBeam,WeatherBall,Protect|Modest||M|||50|]Whimsicott||FocusSash|Prankster|Moonblast,Encore,Tailwind,Protect|Timid||F|||50|]Basculegion||MysticWater|Adaptability|WaveCrash,LastRespects,AquaJet,Protect|Adamant||M|||50|]Garchomp||LifeOrb|RoughSkin|Earthquake,DragonClaw,RockSlide,Protect|Jolly||M|||50|]Kingambit||BlackGlasses|Defiant|KowtowCleave,IronHead,SuckerPunch,Protect|Adamant||F|||50|]Floette-Eternal||Floettite|FlowerVeil|Moonblast,LightofRuin,DazzlingGleam,Protect|Timid||F|||50|
|j| Celtic360
|inactive|Battle timer is ON: inactive players will automatically lose when time's up. (requested by MaaxidiazzVGC)
|l| Celtic360
|
|t:|1786182100
|teamsize|p1|4
|teamsize|p2|4
|start
|switch|p1a: Raichu|Raichu, L50, M|100/100
|switch|p1b: Sylveon|Sylveon, L50, F|100/100
|switch|p2a: Whimsicott|Whimsicott, L50, F|100/100
|switch|p2b: Floette|Floette-Eternal, L50, F|100/100
|turn|1
|
|t:|1786182122
|detailschange|p1a: Raichu|Raichu-Mega-Y, L50, M
|-mega|p1a: Raichu|Raichu|Raichunite Y
|move|p2a: Whimsicott|Protect|p2a: Whimsicott
|-singleturn|p2a: Whimsicott|Protect
|move|p2b: Floette|Protect|p2b: Floette
|-singleturn|p2b: Floette|Protect
|move|p1a: Raichu|Fake Out|p2b: Floette
|-activate|p2b: Floette|move: Protect
|move|p1b: Sylveon|Hyper Voice|p2a: Whimsicott|[spread] 
|-activate|p2a: Whimsicott|move: Protect
|-activate|p2b: Floette|move: Protect
|
|upkeep
|turn|2
|
|t:|1786182142
|switch|p1a: Arcanine|Arcanine-Hisui, L50, F|100/100
|detailschange|p2b: Floette|Floette-Mega, L50, F
|-mega|p2b: Floette|Floette|Floettite
|-ability|p2b: Floette|Fairy Aura
|move|p2a: Whimsicott|Encore||[still]
|-fail|p2a: Whimsicott
|move|p2b: Floette|Light of Ruin|p1b: Sylveon
|-damage|p1b: Sylveon|22/100
|-damage|p2b: Floette|50/100g|[from] Recoil
|move|p1b: Sylveon|Hyper Voice|p2a: Whimsicott|[spread] p2a,p2b
|-enditem|p2a: Whimsicott|Focus Sash
|-damage|p2a: Whimsicott|1/100
|-damage|p2b: Floette|0 fnt
|faint|p2b: Floette
|
|upkeep
|
|t:|1786182149
|switch|p2b: Garchomp|Garchomp, L50, M|100/100
|turn|3
|inactive|bruGno has 30 seconds left.
|inactive|bruGno has 20 seconds left.
|inactive|bruGno has 15 seconds left.
|inactive|bruGno has 10 seconds left.
|
|t:|1786182196
|switch|p1b: Farigiraf|Farigiraf, L50, M|100/100
|move|p2a: Whimsicott|Protect|p2a: Whimsicott
|-singleturn|p2a: Whimsicott|Protect
|move|p1a: Arcanine|Protect|p1a: Arcanine
|-singleturn|p1a: Arcanine|Protect
|move|p2b: Garchomp|Earthquake|p1a: Arcanine|[spread] p1b
|-activate|p2a: Whimsicott|move: Protect
|-activate|p1a: Arcanine|move: Protect
|-damage|p1b: Farigiraf|53/100
|-damage|p2b: Garchomp|90/100|[from] item: Life Orb
|
|upkeep
|turn|4
|
|t:|1786182210
|move|p1a: Arcanine|Extreme Speed|p2a: Whimsicott
|-damage|p2a: Whimsicott|0 fnt
|faint|p2a: Whimsicott
|move|p2b: Garchomp|Earthquake|p1a: Arcanine|[spread] p1a,p1b
|-supereffective|p1a: Arcanine|2
|-enditem|p1a: Arcanine|Focus Sash
|-damage|p1a: Arcanine|1/100
|-damage|p1b: Farigiraf|6/100
|-enditem|p1b: Farigiraf|Sitrus Berry|[eat]
|-heal|p1b: Farigiraf|31/100|[from] item: Sitrus Berry
|-damage|p2b: Garchomp|80/100|[from] item: Life Orb
|move|p1b: Farigiraf|Trick Room|p1b: Farigiraf
|-fieldstart|move: Trick Room|[of] p1b: Farigiraf
|
|upkeep
|
|t:|1786182212
|switch|p2a: Kingambit|Kingambit, L50, F|100/100
|turn|5
|
|t:|1786182235
|move|p2a: Kingambit|Protect|p2a: Kingambit
|-singleturn|p2a: Kingambit|Protect
|move|p1b: Farigiraf|Psychic|p2b: Garchomp
|-damage|p2b: Garchomp|41/100
|move|p1a: Arcanine|Flare Blitz|p2a: Kingambit
|-activate|p2a: Kingambit|move: Protect
|move|p2b: Garchomp|Earthquake|p1b: Farigiraf|[spread] p1a,p1b
|-activate|p2a: Kingambit|move: Protect
|-supereffective|p1a: Arcanine|2
|-damage|p1a: Arcanine|0 fnt
|-damage|p1b: Farigiraf|0 fnt
|faint|p1a: Arcanine
|faint|p1b: Farigiraf
|-damage|p2b: Garchomp|31/100|[from] item: Life Orb
|
|upkeep
|
|t:|1786182242
|switch|p1b: Raichu|Raichu-Mega-Y, L50, M|100/100
|switch|p1a: Sylveon|Sylveon, L50, F|22/100
|turn|6
|
|t:|1786182266
|move|p2b: Garchomp|Protect|p2b: Garchomp
|-singleturn|p2b: Garchomp|Protect
|move|p1b: Raichu|Fake Out|p2a: Kingambit
|-resisted|p2a: Kingambit|1
|-damage|p2a: Kingambit|96/100
|cant|p2a: Kingambit|flinch
|move|p1a: Sylveon|Hyper Voice|p2a: Kingambit|[spread] p2a
|-activate|p2b: Garchomp|move: Protect
|-damage|p2a: Kingambit|58/100
|
|upkeep
|turn|7
|inactive|bruGno has 30 seconds left.
|
|t:|1786182296
|move|p1a: Sylveon|Detect|p1a: Sylveon
|-singleturn|p1a: Sylveon|Protect
|move|p1b: Raichu|Protect|p1b: Raichu
|-singleturn|p1b: Raichu|Protect
|move|p2a: Kingambit|Iron Head|p1a: Sylveon
|-activate|p1a: Sylveon|move: Protect
|move|p2b: Garchomp|Dragon Claw|p1b: Raichu
|-activate|p1b: Raichu|move: Protect
|
|upkeep
|turn|8
|inactive|bruGno has 30 seconds left.
|inactive|bruGno has 20 seconds left.
|
|t:|1786182334
|move|p1a: Sylveon|Quick Attack|p2b: Garchomp
|-supereffective|p2b: Garchomp|1
|-damage|p2b: Garchomp|4/100
|-damage|p1a: Sylveon|10/100|[from] ability: Rough Skin|[of] p2b: Garchomp
|move|p2a: Kingambit|Iron Head|p1a: Sylveon
|-supereffective|p1a: Sylveon|1
|-damage|p1a: Sylveon|0 fnt
|faint|p1a: Sylveon
|move|p2b: Garchomp|Earthquake|p1b: Raichu|[spread] p2a,p1b
|-supereffective|p2a: Kingambit|1
|-supereffective|p1b: Raichu|1
|-damage|p2a: Kingambit|0 fnt
|-damage|p1b: Raichu|0 fnt
|faint|p2a: Kingambit
|faint|p1b: Raichu
|-damage|p2b: Garchomp|0 fnt|[from] item: Life Orb
|faint|p2b: Garchomp
|
|win|MaaxidiazzVGC
|l|☆MaaxidiazzVGC
|player|p2|
|inactive|bruGno has 30 seconds to confirm battle start!
|inactive|MaaxidiazzVGC has 30 seconds to confirm battle start!
