|j|☆SHLOK101
|j|☆protectthyking34
|html|SHLOK101protectthyking34    
|uhtml|bestof|Game 2 of a best-of-3
|t:|1785462498
|gametype|doubles
|player|p1|SHLOK101|cynthia-gen4|1219
|player|p2|protectthyking34|rocketgrunt|1208
|gen|9
|tier|[Gen 9 Champions] VGC 2026 Reg M-B (Bo3)
|rated|
|rule|Species Clause: Limit one of each Pokémon
|rule|Item Clause: Limit 1 of each item
|clearpoke
|poke|p1|Tyranitar, L50, M|
|poke|p1|Houndstone, L50, F|
|poke|p1|Blaziken, L50, F|
|poke|p1|Sinistcha, L50|
|poke|p1|Aggron, L50, M|
|poke|p1|Mamoswine, L50, F|
|poke|p2|Delphox, L50, M|
|poke|p2|Incineroar, L50, F|
|poke|p2|Sneasler, L50, M|
|poke|p2|Sinistcha, L50|
|poke|p2|Kingambit, L50, F|
|poke|p2|Blastoise, L50, M|
|teampreview|4
|showteam|p1|Tyranitar||Tyranitarite|SandStream|RockSlide,KnockOff,DragonDance,Protect|Jolly||M|||50|]Houndstone||WideLens|SandRush|LastRespects,WillOWisp,Howl,Protect|Jolly||F|||50|]Blaziken||FocusSash|SpeedBoost|HeatWave,AuraSphere,Coaching,Protect|Timid||F|||50|]Sinistcha||SitrusBerry|Hospitality|MatchaGotcha,TrickRoom,RagePowder,LifeDew|Calm|||||50|]Aggron||Aggronite|Sturdy|HeavySlam,BodyPress,IronDefense,Protect|Careful||M|||50|]Mamoswine||LifeOrb|Oblivious|IcicleCrash,HighHorsepower,IceShard,Protect|Adamant||F|||50|
|showteam|p2|Delphox||Delphoxite|Blaze|NastyPlot,Protect,Psyshock,HeatWave|Timid||M|||50|]Incineroar||SitrusBerry|Intimidate|FakeOut,PartingShot,FlareBlitz,DarkestLariat|Impish||F|||50|]Sneasler||FocusSash|PoisonTouch|GunkShot,FakeOut,CloseCombat,QuickGuard|Jolly||M|||50|]Sinistcha||OccaBerry|Hospitality|MatchaGotcha,RagePowder,TrickRoom,Protect|Calm|||||50|]Kingambit||BlackGlasses|Defiant|SuckerPunch,KowtowCleave,LowKick,Protect|Adamant||F|||50|]Blastoise||Blastoisinite|RainDish|ShellSmash,WaterSpout,DarkPulse,Protect|Timid||M|||50|
|inactive|Battle timer is ON: inactive players will automatically lose when time's up. (requested by SHLOK101)
|
|t:|1785462516
|teamsize|p1|4
|teamsize|p2|4
|start
|switch|p1a: Blaziken|Blaziken, L50, F|100/100
|switch|p1b: Sinistcha|Sinistcha, L50|100/100
|switch|p2a: Delphox|Delphox, L50, M|100/100
|switch|p2b: Sneasler|Sneasler, L50, M|100/100
|turn|1
|
|t:|1785462530
|switch|p2b: Incineroar|Incineroar, L50, F|100/100
|-ability|p2b: Incineroar|Intimidate|boost
|-unboost|p1a: Blaziken|atk|1
|-unboost|p1b: Sinistcha|atk|1
|detailschange|p2a: Delphox|Delphox-Mega, L50, M
|-mega|p2a: Delphox|Delphox|Delphoxite
|move|p2a: Delphox|Nasty Plot|p2a: Delphox
|-boost|p2a: Delphox|spa|2
|move|p1a: Blaziken|Heat Wave|p2a: Delphox|[spread] p2a,p2b
|-resisted|p2a: Delphox|1
|-resisted|p2b: Incineroar|1
|-damage|p2a: Delphox|82/100
|-damage|p2b: Incineroar|86/100
|move|p1b: Sinistcha|Trick Room|p1b: Sinistcha
|-fieldstart|move: Trick Room|[of] p1b: Sinistcha
|
|-ability|p1a: Blaziken|Speed Boost|boost
|-boost|p1a: Blaziken|spe|1
|upkeep
|turn|2
|
|t:|1785462546
|switch|p1b: Tyranitar|Tyranitar, L50, M|100/100
|-weather|Sandstorm|[from] ability: Sand Stream|[of] p1b: Tyranitar
|move|p2b: Incineroar|Parting Shot|p1b: Tyranitar
|-unboost|p1b: Tyranitar|atk|1
|-unboost|p1b: Tyranitar|spa|1
|
|t:|1785462554
|switch|p2b: Sinistcha|Sinistcha, L50|100/100|[from] Parting Shot
|-heal|p2a: Delphox|100/100|[from] ability: Hospitality|[of] p2b: Sinistcha
|move|p2a: Delphox|Heat Wave|p1a: Blaziken|[spread] p1a,p1b
|-resisted|p1a: Blaziken|1
|-resisted|p1b: Tyranitar|1
|-damage|p1a: Blaziken|31/100
|-damage|p1b: Tyranitar|70/100
|move|p1a: Blaziken|Aura Sphere|p2b: Sinistcha
|-immune|p2b: Sinistcha
|
|-weather|Sandstorm|[upkeep]
|-damage|p2b: Sinistcha|93/100|[from] Sandstorm
|-damage|p2a: Delphox|94/100|[from] Sandstorm
|-damage|p1a: Blaziken|25/100|[from] Sandstorm
|-ability|p1a: Blaziken|Speed Boost|boost
|-boost|p1a: Blaziken|spe|1
|upkeep
|turn|3
|
|t:|1785462577
|switch|p1a: Sinistcha|Sinistcha, L50|100/100
|-heal|p1b: Tyranitar|95/100|[from] ability: Hospitality|[of] p1a: Sinistcha
|move|p2b: Sinistcha|Rage Powder|p2b: Sinistcha
|-singleturn|p2b: Sinistcha|move: Rage Powder
|move|p1b: Tyranitar|Dragon Dance|p1b: Tyranitar
|-boost|p1b: Tyranitar|atk|1
|-boost|p1b: Tyranitar|spe|1
|move|p2a: Delphox|Heat Wave|p1a: Sinistcha|[spread] p1a,p1b
|-supereffective|p1a: Sinistcha|1
|-resisted|p1b: Tyranitar|1
|-damage|p1a: Sinistcha|0 fnt
|-damage|p1b: Tyranitar|68/100
|faint|p1a: Sinistcha
|
|-weather|Sandstorm|[upkeep]
|-damage|p2b: Sinistcha|87/100|[from] Sandstorm
|-damage|p2a: Delphox|88/100|[from] Sandstorm
|upkeep
|
|t:|1785462590
|switch|p1a: Blaziken|Blaziken, L50, F|25/100
|turn|4
|
|t:|1785462607
|switch|p2b: Incineroar|Incineroar, L50, F|86/100
|-ability|p2b: Incineroar|Intimidate|boost
|-unboost|p1a: Blaziken|atk|1
|-unboost|p1b: Tyranitar|atk|1
|move|p2a: Delphox|Protect|p2a: Delphox
|-singleturn|p2a: Delphox|Protect
|move|p1a: Blaziken|Coaching|p1b: Tyranitar
|-boost|p1b: Tyranitar|atk|1
|-boost|p1b: Tyranitar|def|1
|move|p1b: Tyranitar|Rock Slide|p2a: Delphox|[spread] p2b
|-activate|p2a: Delphox|move: Protect
|-supereffective|p2b: Incineroar|1
|-damage|p2b: Incineroar|41/100
|-enditem|p2b: Incineroar|Sitrus Berry|[eat]
|-heal|p2b: Incineroar|65/100|[from] item: Sitrus Berry
|
|-weather|Sandstorm|[upkeep]
|-damage|p2b: Incineroar|59/100|[from] Sandstorm
|-damage|p1a: Blaziken|20/100r|[from] Sandstorm
|-damage|p2a: Delphox|82/100|[from] Sandstorm
|-ability|p1a: Blaziken|Speed Boost|boost
|-boost|p1a: Blaziken|spe|1
|upkeep
|turn|5
|inactive|SHLOK101 has 30 seconds left.
|
|t:|1785462637
|switch|p2b: Sinistcha|Sinistcha, L50|87/100
|-heal|p2a: Delphox|100/100|[from] ability: Hospitality|[of] p2b: Sinistcha
|move|p1a: Blaziken|Protect|p1a: Blaziken
|-singleturn|p1a: Blaziken|Protect
|move|p1b: Tyranitar|Dragon Dance|p1b: Tyranitar
|-boost|p1b: Tyranitar|atk|1
|-boost|p1b: Tyranitar|spe|1
|move|p2a: Delphox|Heat Wave|p1b: Tyranitar|[spread] p1b
|-activate|p1a: Blaziken|move: Protect
|-resisted|p1b: Tyranitar|1
|-crit|p1b: Tyranitar
|-damage|p1b: Tyranitar|26/100
|
|-weather|Sandstorm|[upkeep]
|-damage|p2b: Sinistcha|81/100|[from] Sandstorm
|-damage|p2a: Delphox|94/100|[from] Sandstorm
|-damage|p1a: Blaziken|14/100|[from] Sandstorm
|-fieldend|move: Trick Room
|-ability|p1a: Blaziken|Speed Boost|boost
|-boost|p1a: Blaziken|spe|1
|upkeep
|turn|6
|inactive|protectthyking34 has 30 seconds left.
|
|t:|1785462664
|switch|p2b: Incineroar|Incineroar, L50, F|59/100
|-ability|p2b: Incineroar|Intimidate|boost
|-unboost|p1a: Blaziken|atk|1
|-unboost|p1b: Tyranitar|atk|1
|detailschange|p1b: Tyranitar|Tyranitar-Mega, L50, M
|-mega|p1b: Tyranitar|Tyranitar|Tyranitarite
|move|p2a: Delphox|Protect|p2a: Delphox
|-singleturn|p2a: Delphox|Protect
|move|p1a: Blaziken|Coaching|p1b: Tyranitar
|-boost|p1b: Tyranitar|atk|1
|-boost|p1b: Tyranitar|def|1
|move|p1b: Tyranitar|Rock Slide|p2a: Delphox|[spread] 
|-activate|p2a: Delphox|move: Protect
|-miss|p1b: Tyranitar|p2b: Incineroar
|
|-weather|none
|-ability|p1a: Blaziken|Speed Boost|boost
|-boost|p1a: Blaziken|spe|1
|upkeep
|turn|7
|c|☆SHLOK101|ofcourse a miss
|inactive|SHLOK101 has 30 seconds left.
|inactive|protectthyking34 has 30 seconds left.
|inactive|SHLOK101 has 20 seconds left.
|inactive|SHLOK101 has 15 seconds left.
|inactive|SHLOK101 has 10 seconds left.
|inactive|SHLOK101 has 5 seconds left.
|
|t:|1785462716
|move|p1a: Blaziken|Protect|p1a: Blaziken
|-singleturn|p1a: Blaziken|Protect
|move|p1b: Tyranitar|Protect|p1b: Tyranitar
|-singleturn|p1b: Tyranitar|Protect
|move|p2b: Incineroar|Fake Out|p1b: Tyranitar
|-activate|p1b: Tyranitar|move: Protect
|move|p2a: Delphox|Psyshock|p1a: Blaziken
|-activate|p1a: Blaziken|move: Protect
|
|-ability|p1a: Blaziken|Speed Boost|boost
|-boost|p1a: Blaziken|spe|1
|upkeep
|turn|8
|
|t:|1785462727
|switch|p2b: Sinistcha|Sinistcha, L50|81/100
|-heal|p2a: Delphox|100/100|[from] ability: Hospitality|[of] p2b: Sinistcha
|move|p2a: Delphox|Protect|p2a: Delphox
|-singleturn|p2a: Delphox|Protect
|move|p1a: Blaziken|Heat Wave|p2b: Sinistcha|[spread] p2b
|-activate|p2a: Delphox|move: Protect
|-supereffective|p2b: Sinistcha|1
|-enditem|p2b: Sinistcha|Occa Berry|[eat]
|-enditem|p2b: Sinistcha|Occa Berry|[weaken]
|-damage|p2b: Sinistcha|50/100g
|move|p1b: Tyranitar|Rock Slide|p2a: Delphox|[spread] p2b
|-activate|p2a: Delphox|move: Protect
|-damage|p2b: Sinistcha|3/100
|
|-ability|p1a: Blaziken|Speed Boost|boost
|-boost|p1a: Blaziken|spe|1
|upkeep
|turn|9
|
|t:|1785462742
|move|p2b: Sinistcha|Rage Powder|p2b: Sinistcha
|-singleturn|p2b: Sinistcha|move: Rage Powder
|move|p1a: Blaziken|Coaching|p1b: Tyranitar
|-boost|p1b: Tyranitar|atk|1
|-boost|p1b: Tyranitar|def|1
|move|p1b: Tyranitar|Rock Slide|p2a: Delphox|[spread] p2a,p2b
|-supereffective|p2a: Delphox|1
|-crit|p2b: Sinistcha
|-damage|p2a: Delphox|0 fnt
|-damage|p2b: Sinistcha|0 fnt
|faint|p2a: Delphox
|faint|p2b: Sinistcha
|
|-ability|p1a: Blaziken|Speed Boost|boost
|-boost|p1a: Blaziken|spe|1
|upkeep
|
|t:|1785462750
|switch|p2a: Sneasler|Sneasler, L50, M|100/100
|switch|p2b: Incineroar|Incineroar, L50, F|59/100
|-ability|p2b: Incineroar|Intimidate|boost
|-unboost|p1a: Blaziken|atk|1
|-unboost|p1b: Tyranitar|atk|1
|turn|10
|c|☆protectthyking34|gg
|
|t:|1785462758
|move|p1a: Blaziken|Protect|p1a: Blaziken
|-singleturn|p1a: Blaziken|Protect
|move|p1b: Tyranitar|Protect|p1b: Tyranitar
|-singleturn|p1b: Tyranitar|Protect
|move|p2b: Incineroar|Fake Out|p1b: Tyranitar
|-activate|p1b: Tyranitar|move: Protect
|move|p2a: Sneasler|Gunk Shot|p1a: Blaziken
|-activate|p1a: Blaziken|move: Protect
|
|upkeep
|turn|11
|-message|protectthyking34 forfeited.
|
|win|SHLOK101
|raw|SHLOK101's rating: 1219 → 1243(+24 for winning)
|raw|protectthyking34's rating: 1208 → 1184(-24 for losing)
