|j|☆I am the Sweeper
|j|☆pinkey569
|html|I am the Sweeperpinkey569    
|uhtml|bestof|Game 1 of a best-of-3
|t:|1756753179
|gametype|doubles
|player|p1|I am the Sweeper|janitor|
|player|p2|pinkey569|170|
|gen|9
|tier|[Gen 9] VGC 2025 Reg H (Bo3)
|rule|Species Clause: Limit one of each Pokémon
|rule|Item Clause: Limit 1 of each item
|clearpoke
|poke|p1|Maushold, L50|
|poke|p1|Annihilape, L50, F|
|poke|p1|Grimmsnarl, L50, M|
|poke|p1|Gholdengo, L50|
|poke|p1|Dragonite, L50, M|
|poke|p1|Garchomp, L50, F|
|poke|p2|Tyranitar, L50, M|
|poke|p2|Dragonite, L50, M|
|poke|p2|Excadrill, L50, M|
|poke|p2|Volcarona, L50, M|
|poke|p2|Kilowattrel, L50, M|
|poke|p2|Indeedee, L50, M|
|teampreview|4
|showteam|p1|Maushold||WideLens|FriendGuard|PopulationBomb,BeatUp,Protect,FollowMe||||||50|,,,,,Ghost]Annihilape||SafetyGoggles|Defiant|RageFist,DrainPunch,Protect,BulkUp|||F|||50|,,,,,Fire]Grimmsnarl||LightClay|Prankster|ThunderWave,LightScreen,SpiritBreak,Reflect|||M|||50|,,,,,Ghost]Gholdengo||Leftovers|GoodasGold|MakeItRain,ShadowBall,Protect,NastyPlot||||||50|,,,,,Water]Dragonite||LoadedDice|Multiscale|ScaleShot,Tailwind,Protect,Haze|||M|||50|,,,,,Fairy]Garchomp||LifeOrb|RoughSkin|StompingTantrum,Earthquake,Protect,DragonClaw|||F|||50|,,,,,Ground
|showteam|p2|Tyranitar||AssaultVest|SandStream|RockSlide,KnockOff,TeraBlast,LowKick|||M|||50|,,,,,Flying]Dragonite||LoadedDice|Multiscale|Protect,ThunderWave,Haze,ScaleShot|||M|||50|,,,,,Fairy]Excadrill||LifeOrb|SandRush|Protect,Earthquake,IronHead,TeraBlast|||M|||50|,,,,,Fairy]Volcarona||SitrusBerry|FlameBody|Tailwind,RagePowder,Overheat,StruggleBug|||M|||50|,,,,,Grass]Kilowattrel||ChoiceSpecs|Competitive|Thunderbolt,Discharge,AirSlash,WeatherBall|||M|||50|,,,,,Ghost]Indeedee||FocusSash|PsychicSurge|TrickRoom,Imprison,ExpandingForce,TeraBlast|||M|||50|,,,,,Fighting
|
|t:|1756753286
|teamsize|p1|4
|teamsize|p2|4
|start
|switch|p1a: Maushold|Maushold, L50|100/100
|switch|p1b: Annihilape|Annihilape, L50, F|100/100
|switch|p2a: Volcarona|Volcarona, L50, M|100/100
|switch|p2b: Excadrill|Excadrill, L50, M|100/100
|turn|1
|
|t:|1756753324
|move|p2b: Excadrill|Protect|p2b: Excadrill
|-singleturn|p2b: Excadrill|Protect
|move|p1a: Maushold|Follow Me|p1a: Maushold
|-singleturn|p1a: Maushold|move: Follow Me
|move|p1b: Annihilape|Bulk Up|p1b: Annihilape
|-boost|p1b: Annihilape|atk|1
|-boost|p1b: Annihilape|def|1
|move|p2a: Volcarona|Tailwind|p2a: Volcarona
|-sidestart|p2: pinkey569|move: Tailwind
|
|upkeep
|turn|2
|
|t:|1756753391
|switch|p1a: Garchomp|Garchomp, L50, F|100/100
|-terastallize|p2b: Excadrill|Fairy
|move|p2b: Excadrill|Earthquake|p1b: Annihilape|[spread] p2a,p1a,p1b
|-crit|p1b: Annihilape
|-damage|p2a: Volcarona|37/100
|-damage|p1a: Garchomp|40/100
|-damage|p1b: Annihilape|11/100
|-enditem|p2a: Volcarona|Sitrus Berry|[eat]
|-heal|p2a: Volcarona|62/100|[from] item: Sitrus Berry
|-damage|p2b: Excadrill|91/100|[from] item: Life Orb
|move|p2a: Volcarona|Overheat|p1a: Garchomp
|-resisted|p1a: Garchomp
|-damage|p1a: Garchomp|5/100
|-unboost|p2a: Volcarona|spa|2
|move|p1b: Annihilape|Rage Fist|p2a: Volcarona
|-damage|p2a: Volcarona|0 fnt
|faint|p2a: Volcarona
|
|upkeep
|
|t:|1756753416
|switch|p2a: Kilowattrel|Kilowattrel, L50, M|100/100
|turn|3
|
|t:|1756753449
|switch|p1b: Dragonite|Dragonite, L50, M|100/100
|move|p1a: Garchomp|Protect|p1a: Garchomp
|-singleturn|p1a: Garchomp|Protect
|move|p2a: Kilowattrel|Thunderbolt|p1b: Dragonite
|-damage|p1b: Dragonite|64/100
|move|p2b: Excadrill|Earthquake|p1a: Garchomp|[spread] 
|-activate|p1a: Garchomp|move: Protect
|-immune|p2a: Kilowattrel
|-immune|p1b: Dragonite
|
|upkeep
|turn|4
|
|t:|1756753489
|switch|p1a: Maushold|Maushold, L50|100/100
|move|p2a: Kilowattrel|Thunderbolt|p1b: Dragonite
|-damage|p1b: Dragonite|8/100
|move|p2b: Excadrill|Earthquake|p1b: Dragonite|[spread] p1a
|-immune|p2a: Kilowattrel
|-immune|p1b: Dragonite
|-damage|p1a: Maushold|2/100
|-damage|p2b: Excadrill|81/100|[from] item: Life Orb
|move|p1b: Dragonite|Tailwind|p1b: Dragonite
|-sidestart|p1: I am the Sweeper|move: Tailwind
|
|-sideend|p2: pinkey569|move: Tailwind
|upkeep
|turn|5
|
|t:|1756753581
|switch|p2a: Tyranitar|Tyranitar, L50, M|100/100
|-weather|Sandstorm|[from] ability: Sand Stream|[of] p2a: Tyranitar
|move|p1a: Maushold|Population Bomb|p2b: Excadrill
|-damage|p2b: Excadrill|71/100
|-damage|p2b: Excadrill|60/100
|-damage|p2b: Excadrill|48/100
|-damage|p2b: Excadrill|38/100
|-damage|p2b: Excadrill|28/100
|-damage|p2b: Excadrill|16/100
|-crit|p2b: Excadrill
|-damage|p2b: Excadrill|0 fnt
|faint|p2b: Excadrill
|-hitcount|p2: Excadrill|7
|move|p1b: Dragonite|Scale Shot|p2a: Tyranitar
|-damage|p2a: Tyranitar|87/100
|-damage|p2a: Tyranitar|74/100
|-damage|p2a: Tyranitar|61/100
|-damage|p2a: Tyranitar|48/100
|-hitcount|p2a: Tyranitar|4
|-unboost|p1b: Dragonite|def|1
|-boost|p1b: Dragonite|spe|1
|
|-weather|Sandstorm|[upkeep]
|-damage|p1b: Dragonite|2/100|[from] Sandstorm
|-damage|p1a: Maushold|0 fnt|[from] Sandstorm
|faint|p1a: Maushold
|upkeep
|
|t:|1756753629
|switch|p1a: Annihilape|Annihilape, L50, F|11/100
|switch|p2b: Kilowattrel|Kilowattrel, L50, M|100/100
|turn|6
|
|t:|1756753657
|move|p1b: Dragonite|Scale Shot|p2b: Kilowattrel
|-damage|p2b: Kilowattrel|74/100
|-damage|p2b: Kilowattrel|46/100
|-damage|p2b: Kilowattrel|19/100
|-damage|p2b: Kilowattrel|0 fnt
|faint|p2b: Kilowattrel
|-hitcount|p2: Kilowattrel|4
|-unboost|p1b: Dragonite|def|1
|-boost|p1b: Dragonite|spe|1
|move|p1a: Annihilape|Drain Punch|p2a: Tyranitar
|-supereffective|p2a: Tyranitar
|-damage|p2a: Tyranitar|0 fnt
|-heal|p1a: Annihilape|33/100|[from] drain|[of] p2a: Tyranitar
|faint|p2a: Tyranitar
|
|win|I am the Sweeper
||pinkey569 is ready for game 2.
|inactive|I am the Sweeper has 30 seconds to confirm battle start!
||I am the Sweeper is ready for game 2.
|uhtml|next|Next: Game 2 of 3
