|j|☆Era ella
|j|☆ushitsune
|html|Era ellaushitsune    
|uhtml|bestof|Game 1 of a best-of-3
|t:|1783335743
|gametype|doubles
|player|p1|Era ella|nate|1084
|player|p2|ushitsune|winona|1150
|gen|9
|tier|[Gen 9 Champions] VGC 2026 Reg M-B (Bo3)
|rated|
|rule|Species Clause: Limit one of each Pokémon
|rule|Item Clause: Limit 1 of each item
|clearpoke
|poke|p1|Farigiraf, L50, F|
|poke|p1|Camerupt, L50, F|
|poke|p1|Vivillon, L50, F|
|poke|p1|Kingambit, L50, F|
|poke|p1|Sylveon, L50, M|
|poke|p1|Venusaur, L50, F|
|poke|p2|Gallade, L50, M, shiny|
|poke|p2|Milotic, L50, F, shiny|
|poke|p2|Arcanine-Hisui, L50, M, shiny|
|poke|p2|Sylveon, L50, F|
|poke|p2|Skarmory, L50, M|
|poke|p2|Whimsicott, L50, F|
|teampreview|4
|showteam|p1|Farigiraf||SitrusBerry|ArmorTail|Psychic,Thunderbolt,TrickRoom,Protect|Bold||F|||50|]Camerupt||Cameruptite|SolidRock|HeatWave,EarthPower,AncientPower,Protect|Quiet||F|||50|]Vivillon||FocusSash|CompoundEyes|Hurricane,SleepPowder,RagePowder,Protect|Serious||F|||50|]Kingambit||BlackGlasses|Defiant|KowtowCleave,SuckerPunch,SwordsDance,Protect|Adamant||F|||50|]Sylveon||LifeOrb|Pixilate|HyperVoice,HyperBeam,QuickAttack,Detect|Quiet||M|||50|]Venusaur||Venusaurite|Chlorophyll|GigaDrain,SludgeBomb,EarthPower,Protect|Modest||F|||50|
|showteam|p2|Gallade||Galladite|Sharpness|PsychoCut,SacredSword,Protect,ShadowSneak|Jolly||M|||50|]Milotic||Leftovers|Competitive|Scald,LifeDew,IcyWind,Protect|Bold||F|||50|]Arcanine-Hisui||FocusSash|RockHead|FlareBlitz,HeadSmash,ExtremeSpeed,Protect|Jolly||M|||50|]Sylveon||SitrusBerry|Pixilate|HyperVoice,Yawn,Detect,Psyshock|Bold||F|||50|]Skarmory||Skarmorite|Sturdy|IronHead,BraveBird,RockTomb,Protect|Jolly||M|||50|]Whimsicott||OccaBerry|Prankster|EnergyBall,Encore,Tailwind,SunnyDay|Timid||F|||50|
|inactive|Battle timer is ON: inactive players will automatically lose when time's up. (requested by Era ella)
|
|t:|1783335765
|teamsize|p1|4
|teamsize|p2|4
|start
|switch|p1a: Farigiraf|Farigiraf, L50, F|100/100
|switch|p1b: Vivillon|Vivillon, L50, F|100/100
|switch|p2a: Arcanine|Arcanine-Hisui, L50, M, shiny|100/100
|switch|p2b: Sylveon|Sylveon, L50, F|100/100
|turn|1
|
|t:|1783335787
|move|p1b: Vivillon|Rage Powder|p1b: Vivillon
|-singleturn|p1b: Vivillon|move: Rage Powder
|move|p2a: Arcanine|Head Smash|p1b: Vivillon
|-supereffective|p1b: Vivillon|2
|-crit|p1b: Vivillon
|-enditem|p1b: Vivillon|Focus Sash
|-damage|p1b: Vivillon|1/100
|move|p2b: Sylveon|Hyper Voice|p1b: Vivillon|[spread] p1a,p1b
|-damage|p1a: Farigiraf|70/100
|-damage|p1b: Vivillon|0 fnt
|faint|p1b: Vivillon
|move|p1a: Farigiraf|Trick Room|p1a: Farigiraf
|-fieldstart|move: Trick Room|[of] p1a: Farigiraf
|
|upkeep
|
|t:|1783335799
|switch|p1b: Camerupt|Camerupt, L50, F|100/100
|turn|2
|
|t:|1783335808
|detailschange|p1b: Camerupt|Camerupt-Mega, L50, F
|-mega|p1b: Camerupt|Camerupt|Cameruptite
|move|p1b: Camerupt|Earth Power|p2a: Arcanine
|-supereffective|p2a: Arcanine|2
|-enditem|p2a: Arcanine|Focus Sash
|-damage|p2a: Arcanine|1/100
|move|p2b: Sylveon|Yawn|p1b: Camerupt
|-start|p1b: Camerupt|move: Yawn|[of] p2b: Sylveon
|move|p1a: Farigiraf|Psychic|p2a: Arcanine
|-damage|p2a: Arcanine|0 fnt
|faint|p2a: Arcanine
|
|upkeep
|
|t:|1783335820
|switch|p2a: Milotic|Milotic, L50, F, shiny|100/100
|turn|3
|
|t:|1783335828
|switch|p1b: Sylveon|Sylveon, L50, M|100/100
|move|p2b: Sylveon|Yawn|p1a: Farigiraf
|-start|p1a: Farigiraf|move: Yawn|[of] p2b: Sylveon
|move|p1a: Farigiraf|Thunderbolt|p2a: Milotic
|-supereffective|p2a: Milotic|1
|-damage|p2a: Milotic|66/100
|move|p2a: Milotic|Scald|p1b: Sylveon
|-damage|p1b: Sylveon|75/100
|
|-heal|p2a: Milotic|72/100|[from] item: Leftovers
|upkeep
|turn|4
|
|t:|1783335847
|move|p2a: Milotic|Protect|p2a: Milotic
|-singleturn|p2a: Milotic|Protect
|move|p1b: Sylveon|Hyper Voice|p2a: Milotic|[spread] p2b
|-activate|p2a: Milotic|move: Protect
|-damage|p2b: Sylveon|61/100
|-damage|p1b: Sylveon|66/100|[from] item: Life Orb
|move|p1a: Farigiraf|Thunderbolt|p2a: Milotic
|-activate|p2a: Milotic|move: Protect
|move|p2b: Sylveon|Hyper Voice|p1b: Sylveon|[spread] p1a,p1b
|-damage|p1a: Farigiraf|43/100
|-damage|p1b: Sylveon|39/100
|-enditem|p1a: Farigiraf|Sitrus Berry|[eat]
|-heal|p1a: Farigiraf|68/100|[from] item: Sitrus Berry
|
|-heal|p2a: Milotic|78/100|[from] item: Leftovers
|-end|p1a: Farigiraf|move: Yawn|[silent]
|-status|p1a: Farigiraf|slp
|upkeep
|turn|5
|
|t:|1783335865
|move|p1b: Sylveon|Hyper Beam|p2a: Milotic
|-damage|p2a: Milotic|0 fnt
|-mustrecharge|p1b: Sylveon
|faint|p2a: Milotic
|-damage|p1b: Sylveon|29/100|[from] item: Life Orb
|cant|p1a: Farigiraf|slp
|move|p2b: Sylveon|Hyper Voice|p1a: Farigiraf|[spread] p1a,p1b
|-damage|p1a: Farigiraf|39/100 slp
|-damage|p1b: Sylveon|2/100
|
|-fieldend|move: Trick Room
|upkeep
|
|t:|1783335875
|switch|p2a: Gallade|Gallade, L50, M, shiny|100/100
|turn|6
|
|t:|1783335880
|move|p2a: Gallade|Sacred Sword|p1a: Farigiraf
|-damage|p1a: Farigiraf|0 fnt
|faint|p1a: Farigiraf
|move|p2b: Sylveon|Hyper Voice|p1b: Sylveon
|-damage|p1b: Sylveon|0 fnt
|faint|p1b: Sylveon
|
|upkeep
|
|t:|1783335885
|switch|p1b: Camerupt|Camerupt-Mega, L50, F|100/100
|turn|7
|
|t:|1783335893
|detailschange|p2a: Gallade|Gallade-Mega, L50, M, shiny
|-mega|p2a: Gallade|Gallade|Galladite
|move|p2a: Gallade|Sacred Sword|p1b: Camerupt
|-damage|p1b: Camerupt|48/100
|move|p2b: Sylveon|Yawn|p1b: Camerupt
|-start|p1b: Camerupt|move: Yawn|[of] p2b: Sylveon
|move|p1b: Camerupt|Heat Wave|p2b: Sylveon|[spread] p2a,p2b
|-crit|p2b: Sylveon
|-damage|p2a: Gallade|40/100
|-damage|p2b: Sylveon|0 fnt
|faint|p2b: Sylveon
|
|upkeep
|turn|8
|
|t:|1783335906
|move|p2a: Gallade|Protect|p2a: Gallade
|-singleturn|p2a: Gallade|Protect
|move|p1b: Camerupt|Earth Power|p2a: Gallade
|-activate|p2a: Gallade|move: Protect
|
|-end|p1b: Camerupt|move: Yawn|[silent]
|-status|p1b: Camerupt|slp
|upkeep
|turn|9
|
|t:|1783335914
|move|p2a: Gallade|Sacred Sword|p1b: Camerupt
|-damage|p1b: Camerupt|1/100 slp
|cant|p1b: Camerupt|slp
|
|upkeep
|turn|10
|
|t:|1783335920
|move|p2a: Gallade|Psycho Cut|p1b: Camerupt
|-damage|p1b: Camerupt|0 fnt
|faint|p1b: Camerupt
|
|win|ushitsune
