|j|☆new mental
|j|‽yazz96
|html|new mentalyazz96    
|uhtml|bestof|Game 3 of a best-of-3
|t:|1783254110
|gametype|doubles
|player|p1|new mental|volkner|1241
|player|p2|yazz96|265|1113
|gen|9
|tier|[Gen 9 Champions] VGC 2026 Reg M-B (Bo3)
|rated|
|rule|Species Clause: Limit one of each Pokémon
|rule|Item Clause: Limit 1 of each item
|clearpoke
|poke|p1|Aerodactyl, L50, M|
|poke|p1|Garchomp, L50, F|
|poke|p1|Kingambit, L50, F|
|poke|p1|Charizard, L50, M|
|poke|p1|Sylveon, L50, F|
|poke|p1|Farigiraf, L50, M|
|poke|p2|Farigiraf, L50, F|
|poke|p2|Meganium, L50, F|
|poke|p2|Incineroar, L50, F|
|poke|p2|Annihilape, L50, F|
|poke|p2|Pelipper, L50, F|
|poke|p2|Weavile, L50, M|
|teampreview|4
|showteam|p1|Aerodactyl||Aerodactylite|Unnerve|IceFang,RockSlide,Tailwind,DualWingbeat|Jolly||M|||50|]Garchomp||LifeOrb|RoughSkin|DragonClaw,StompingTantrum,Earthquake,Protect|Jolly||F|||50|]Kingambit||FocusSash|Defiant|SuckerPunch,KowtowCleave,IronHead,LowKick|Adamant||F|||50|]Charizard||CharizarditeY|SolarPower|Protect,HeatWave,SolarBeam,WeatherBall|Timid||M|||50|]Sylveon||FairyFeather|Pixilate|Protect,HyperVoice,HyperBeam,QuickAttack|Modest||F|||50|]Farigiraf||SitrusBerry|ArmorTail|TrickRoom,Thunderbolt,Psychic,Roar|Bold||M|||50|
|showteam|p2|Farigiraf||SitrusBerry|ArmorTail|Protect,TrickRoom,Psychic,Thunderbolt|Modest||F|||50|]Meganium||Meganiumite|Overgrow|WeatherBall,SolarBeam,DazzlingGleam,Protect|Modest||F|||50|]Incineroar||WhiteHerb|Intimidate|FakeOut,FlareBlitz,CloseCombat,DarkestLariat|Adamant||F|||50|]Annihilape||LifeOrb|Defiant|GunkShot,CloseCombat,Protect,RageFist|Jolly||F|||50|]Pelipper||Leftovers|Drizzle|WeatherBall,Hurricane,WideGuard,Protect|Modest||F|||50|]Weavile||FocusSash|Pickpocket|KnockOff,TripleAxel,IceShard,Taunt|Adamant||M|||50|
|inactive|Battle timer is ON: inactive players will automatically lose when time's up. (requested by new mental)
|
|t:|1783254148
|teamsize|p1|4
|teamsize|p2|4
|start
|switch|p1a: Kingambit|Kingambit, L50, F|100/100
|switch|p1b: Farigiraf|Farigiraf, L50, M|100/100
|switch|p2a: Weavile|Weavile, L50, M|100/100
|switch|p2b: Incineroar|Incineroar, L50, F|100/100
|-ability|p2b: Incineroar|Intimidate|boost
|-unboost|p1a: Kingambit|atk|1
|-ability|p1a: Kingambit|Defiant|boost
|-boost|p1a: Kingambit|atk|2
|-unboost|p1b: Farigiraf|atk|1
|turn|1
|
|t:|1783254163
|move|p2a: Weavile|Taunt|p1b: Farigiraf
|-start|p1b: Farigiraf|move: Taunt
|move|p1a: Kingambit|Low Kick|p2b: Incineroar
|-supereffective|p2b: Incineroar|1
|-damage|p2b: Incineroar|11/100
|move|p2b: Incineroar|Flare Blitz|p1a: Kingambit
|-supereffective|p1a: Kingambit|1
|-enditem|p1a: Kingambit|Focus Sash
|-damage|p1a: Kingambit|1/100
|-damage|p2b: Incineroar|0 fnt|[from] Recoil
|faint|p2b: Incineroar
|cant|p1b: Farigiraf|move: Taunt|Trick Room
|
|upkeep
|
|t:|1783254176
|switch|p2b: Annihilape|Annihilape, L50, F|100/100
|turn|2
|
|t:|1783254190
|move|p2b: Annihilape|Protect|p2b: Annihilape
|-singleturn|p2b: Annihilape|Protect
|move|p2a: Weavile|Ice Shard||[still]
|cant|p1b: Farigiraf|ability: Armor Tail|Ice Shard|[of] p2a: Weavile
|move|p1a: Kingambit|Sucker Punch||[still]
|-fail|p1a: Kingambit
|move|p1b: Farigiraf|Psychic|p2b: Annihilape
|-activate|p2b: Annihilape|move: Protect
|
|upkeep
|turn|3
|
|t:|1783254207
|switch|p2b: Pelipper|Pelipper, L50, F|100/100
|-weather|RainDance|[from] ability: Drizzle|[of] p2b: Pelipper
|move|p1a: Kingambit|Sucker Punch||[still]
|-fail|p1a: Kingambit
|move|p2a: Weavile|Knock Off|p1a: Kingambit
|-resisted|p1a: Kingambit|1
|-damage|p1a: Kingambit|0 fnt
|faint|p1a: Kingambit
|move|p1b: Farigiraf|Thunderbolt|p2b: Pelipper
|-supereffective|p2b: Pelipper|2
|-damage|p2b: Pelipper|0 fnt
|faint|p2b: Pelipper
|
|-weather|RainDance|[upkeep]
|-end|p1b: Farigiraf|move: Taunt
|upkeep
|
|t:|1783254217
|switch|p2b: Annihilape|Annihilape, L50, F|100/100
|switch|p1a: Charizard|Charizard, L50, M|100/100
|turn|4
|
|t:|1783254238
|detailschange|p1a: Charizard|Charizard-Mega-Y, L50, M
|-mega|p1a: Charizard|Charizard|Charizardite Y
|-weather|SunnyDay|[from] ability: Drought|[of] p1a: Charizard
|move|p2a: Weavile|Taunt|p1b: Farigiraf
|-start|p1b: Farigiraf|move: Taunt
|move|p1a: Charizard|Heat Wave|p2a: Weavile|[spread] p2a,p2b
|-supereffective|p2a: Weavile|1
|-enditem|p2a: Weavile|Focus Sash
|-damage|p2a: Weavile|1/100
|-damage|p2b: Annihilape|51/100
|move|p2b: Annihilape|Gunk Shot|p1a: Charizard
|-damage|p1a: Charizard|50/100g
|-damage|p2b: Annihilape|42/100|[from] item: Life Orb
|cant|p1b: Farigiraf|move: Taunt|Trick Room
|
|-weather|SunnyDay|[upkeep]
|upkeep
|turn|5
|inactive|yazz96 has 30 seconds left.
|
|t:|1783254272
|move|p2a: Weavile|Knock Off|p1a: Charizard
|-damage|p1a: Charizard|18/100
|move|p1a: Charizard|Heat Wave|p2a: Weavile|[spread] p2b
|-miss|p1a: Charizard|p2a: Weavile
|-damage|p2b: Annihilape|0 fnt
|faint|p2b: Annihilape
|move|p1b: Farigiraf|Psychic|p2a: Weavile
|-immune|p2a: Weavile
|
|-weather|SunnyDay|[upkeep]
|upkeep
|turn|6
|-message|yazz96 forfeited.
|raw|new mental's rating: 1241 → 1257(+16 for winning)
|raw|yazz96's rating: 1113 → 1097(-16 for losing)
|
|win|new mental
|c|☆new mental|gg
|l|‽yazz96
|player|p2|
