|j|☆philiusVGC
|j|☆Jetboy57
|html|philiusVGCJetboy57    
|uhtml|bestof|Game 2 of a best-of-3
|t:|1756575402
|gametype|doubles
|player|p1|philiusVGC|blue|1099
|player|p2|Jetboy57|n|1000
|gen|9
|tier|[Gen 9] VGC 2025 Reg H (Bo3)
|rated|
|rule|Species Clause: Limit one of each Pokémon
|rule|Item Clause: Limit 1 of each item
|clearpoke
|poke|p1|Dondozo, L50, M|
|poke|p1|Gholdengo, L50|
|poke|p1|Sneasler, L50, F|
|poke|p1|Dragonite, L50, F|
|poke|p1|Talonflame, L50, M|
|poke|p1|Annihilape, L50, M|
|poke|p2|Tyranitar, L50, F|
|poke|p2|Corviknight, L50, F|
|poke|p2|Indeedee, L50, M|
|poke|p2|Amoonguss, L50, F|
|poke|p2|Sneasler, L50, F|
|poke|p2|Garchomp, L50, F|
|teampreview|4
|showteam|p1|Dondozo||Leftovers|Unaware|Protect,Yawn,Fissure,WaveCrash|||M|||50|,,,,,Grass]Gholdengo||LifeOrb|GoodasGold|Protect,NastyPlot,MakeItRain,ShadowBall||||||50|,,,,,Dragon]Sneasler||FocusSash|Unburden|FakeOut,Coaching,DireClaw,CloseCombat|||F|||50|,,,,,Ghost]Dragonite||LoadedDice|Multiscale|Protect,Haze,ScaleShot,StompingTantrum|||F|||50|,,,,,Steel]Talonflame||CovertCloak|GaleWings|Tailwind,WillOWisp,DualWingbeat,FlareBlitz|||M|||50|,,,,,Grass]Annihilape||SafetyGoggles|Defiant|Protect,RageFist,CloseCombat,Taunt|||M|||50|,,,,,Fairy
|showteam|p2|Tyranitar||AssaultVest|SandStream|RockSlide,KnockOff,TeraBlast,LowKick|||F|||50|,,,,,Flying]Corviknight||Leftovers|MirrorArmor|BulkUp,BraveBird,Tailwind,Roost|||F|||50|,,,,,Dragon]Indeedee||FocusSash|PsychicSurge|TrickRoom,ExpandingForce,Imprison,Protect|||M|||50|,,,,,Psychic]Amoonguss||RockyHelmet|Regenerator|Spore,RagePowder,ClearSmog,Protect|||F|||50|,,,,,Water]Sneasler||PsychicSeed|Unburden|ThroatChop,DireClaw,CloseCombat,Protect|||F|||50|,,,,,Dark]Garchomp||LifeOrb|SandVeil|Earthquake,DragonClaw,RockSlide,Protect|||F|||50|,,,,,Fairy
|inactive|Battle timer is ON: inactive players will automatically lose when time's up. (requested by philiusVGC)
|inactive|Jetboy57 has 60 seconds left.
|
|t:|1756575482
|teamsize|p1|4
|teamsize|p2|4
|start
|switch|p1a: Gholdengo|Gholdengo, L50|100/100
|switch|p1b: Annihilape|Annihilape, L50, M|100/100
|switch|p2a: Tyranitar|Tyranitar, L50, F|100/100
|switch|p2b: Indeedee|Indeedee, L50, M|100/100
|-fieldstart|move: Psychic Terrain|[from] ability: Psychic Surge|[of] p2b: Indeedee
|-weather|Sandstorm|[from] ability: Sand Stream|[of] p2a: Tyranitar
|turn|1
|inactive|philiusVGC has 30 seconds left.
|inactive|Jetboy57 has 30 seconds left.
|inactive|philiusVGC has 20 seconds left.
|inactive|Jetboy57 has 20 seconds left.
|inactive|philiusVGC has 15 seconds left.
|
|t:|1756575526
|-terastallize|p2a: Tyranitar|Flying
|move|p1b: Annihilape|Close Combat|p2b: Indeedee
|-enditem|p2b: Indeedee|Focus Sash
|-damage|p2b: Indeedee|1/100
|-unboost|p1b: Annihilape|def|1
|-unboost|p1b: Annihilape|spd|1
|move|p2b: Indeedee|Expanding Force|p1a: Gholdengo|[spread] p1a,p1b
|-resisted|p1a: Gholdengo
|-supereffective|p1b: Annihilape
|-crit|p1b: Annihilape
|-damage|p1a: Gholdengo|71/100
|-damage|p1b: Annihilape|0 fnt
|faint|p1b: Annihilape
|move|p1a: Gholdengo|Make It Rain|p2a: Tyranitar|[spread] p2a,p2b
|-damage|p2a: Tyranitar|60/100
|-damage|p2b: Indeedee|0 fnt
|-unboost|p1a: Gholdengo|spa|1
|faint|p2b: Indeedee
|-damage|p1a: Gholdengo|62/100|[from] item: Life Orb
|move|p2a: Tyranitar|Knock Off|p1a: Gholdengo
|-supereffective|p1a: Gholdengo
|-damage|p1a: Gholdengo|0 fnt
|-enditem|p1a: Gholdengo|Life Orb|[from] move: Knock Off|[of] p2a: Tyranitar
|faint|p1a: Gholdengo
|
|-weather|Sandstorm|[upkeep]
|-damage|p2a: Tyranitar|55/100|[from] Sandstorm
|upkeep
|inactive|Jetboy57 has 30 seconds left.
|
|t:|1756575556
|switch|p1b: Sneasler|Sneasler, L50, F|100/100
|switch|p2b: Amoonguss|Amoonguss, L50, F|100/100
|switch|p1a: Dragonite|Dragonite, L50, F|100/100
|turn|2
|inactive|Jetboy57 has 30 seconds left.
|
|t:|1756575586
|-terastallize|p1a: Dragonite|Steel
|move|p2b: Amoonguss|Rage Powder|p2b: Amoonguss
|-singleturn|p2b: Amoonguss|move: Rage Powder
|move|p1b: Sneasler|Dire Claw|p2b: Amoonguss
|-damage|p2b: Amoonguss|70/100
|-damage|p1b: Sneasler|84/100|[from] item: Rocky Helmet|[of] p2b: Amoonguss
|move|p2a: Tyranitar|Tera Blast|p1b: Sneasler|[anim] Tera Blast Flying
|-supereffective|p1b: Sneasler
|-damage|p1b: Sneasler|0 fnt
|faint|p1b: Sneasler
|move|p1a: Dragonite|Scale Shot|p2b: Amoonguss
|-damage|p2b: Amoonguss|58/100
|-damage|p2b: Amoonguss|47/100
|-damage|p2b: Amoonguss|35/100
|-damage|p2b: Amoonguss|24/100
|-hitcount|p2b: Amoonguss|4
|-unboost|p1a: Dragonite|def|1
|-boost|p1a: Dragonite|spe|1
|
|-weather|Sandstorm|[upkeep]
|-damage|p2a: Tyranitar|49/100|[from] Sandstorm
|-damage|p2b: Amoonguss|18/100|[from] Sandstorm
|upkeep
|turn|3
|inactive|Jetboy57 has 30 seconds left.
|
|t:|1756575616
|move|p1a: Dragonite|Protect|p1a: Dragonite
|-singleturn|p1a: Dragonite|Protect
|move|p2b: Amoonguss|Rage Powder|p2b: Amoonguss
|-singleturn|p2b: Amoonguss|move: Rage Powder
|move|p2a: Tyranitar|Low Kick|p1a: Dragonite
|-activate|p1a: Dragonite|move: Protect
|
|-weather|Sandstorm|[upkeep]
|-damage|p2a: Tyranitar|43/100|[from] Sandstorm
|-damage|p2b: Amoonguss|12/100|[from] Sandstorm
|upkeep
|turn|4
|
|t:|1756575621
|move|p1a: Dragonite|Protect||[still]
|-fail|p1a: Dragonite
|move|p2b: Amoonguss|Rage Powder|p2b: Amoonguss
|-singleturn|p2b: Amoonguss|move: Rage Powder
|move|p2a: Tyranitar|Low Kick|p1a: Dragonite
|-supereffective|p1a: Dragonite
|-damage|p1a: Dragonite|40/100
|
|-weather|Sandstorm|[upkeep]
|-damage|p2a: Tyranitar|38/100|[from] Sandstorm
|-damage|p2b: Amoonguss|6/100|[from] Sandstorm
|upkeep
|turn|5
|-message|philiusVGC forfeited.
|raw|philiusVGC's rating: 1099 → 1067(-32 for losing)
|raw|Jetboy57's rating: 1000 → 1051(+51 for winning)
|
|win|Jetboy57
|l|☆philiusVGC
|player|p1|
