|j|☆LeonardPlayz
|j|☆MiraiQuaza
|html|LeonardPlayzMiraiQuaza    
|uhtml|bestof|Game 2 of a best-of-3
|t:|1757757235
|gametype|doubles
|player|p1|LeonardPlayz|hilbert-wonderlauncher|1126
|player|p2|MiraiQuaza|lucas|1187
|gen|9
|tier|[Gen 9] VGC 2025 Reg H (Bo3)
|rated|
|rule|Species Clause: Limit one of each Pokémon
|rule|Item Clause: Limit 1 of each item
|clearpoke
|poke|p1|Indeedee-F, L50, F|
|poke|p1|Amoonguss, L50, F|
|poke|p1|Slowking, L50, M|
|poke|p1|Ursaluna, L50, F|
|poke|p1|Torkoal, L50, M|
|poke|p1|Sneasler, L50, M|
|poke|p2|Ninetales-Alola, L50, F|
|poke|p2|Incineroar, L50, M|
|poke|p2|Rillaboom, L50, M|
|poke|p2|Whimsicott, L50, F|
|poke|p2|Primarina, L50, F|
|poke|p2|Gholdengo, L50|
|teampreview|4
|showteam|p1|Indeedee-F||MentalHerb|PsychicSurge|FollowMe,Psychic,HelpingHand,TrickRoom|||F|||50|,,,,,Grass]Amoonguss||SitrusBerry|Regenerator|Spore,RagePowder,ClearSmog,Protect|||F|||50|,,,,,Water]Slowking||IronBall|Regenerator|ExpandingForce,Bulldoze,Flamethrower,TrickRoom|||M|||50|,,,,,Dark]Ursaluna||FlameOrb|Guts|Facade,HeadlongRush,Protect,SwordsDance|||F|||50|,,,,,Ghost]Torkoal||WeaknessPolicy|Drought|Eruption,Flamethrower,EarthPower,Protect|||M|||50|,,,,,Fire]Sneasler||PsychicSeed|Unburden|DireClaw,CloseCombat,Taunt,ThroatChop|||M|||50|,,,,,Dark
|showteam|p2|Ninetales-Alola||LightClay|SnowWarning|AuroraVeil,Blizzard,Encore,Protect|||F|||50|,,,,,Ghost]Incineroar||SafetyGoggles|Intimidate|FakeOut,FlareBlitz,KnockOff,PartingShot|||M|||50|,,,,,Ghost]Rillaboom||AssaultVest|GrassySurge|FakeOut,GrassyGlide,WoodHammer,Uturn|||M|||50|,,,,,Fire]Whimsicott||CovertCloak|Prankster|Tailwind,Charm,FakeTears,Moonblast|||F|||50|,,,,,Water]Primarina||ThroatSpray|LiquidVoice|HyperVoice,Moonblast,Haze,Protect|||F|||50|,,,,,Grass]Gholdengo||LifeOrb|GoodasGold|MakeItRain,ShadowBall,NastyPlot,Protect||||||50|,,,,,Dark
|inactive|Battle timer is ON: inactive players will automatically lose when time's up. (requested by LeonardPlayz)
|inactive|MiraiQuaza also wants the timer to be on.
|
|t:|1757757261
|teamsize|p1|4
|teamsize|p2|4
|start
|switch|p1a: Off Course|Indeedee-F, L50, F|100/100
|switch|p1b: Charles|Slowking, L50, M|100/100
|switch|p2a: Incineroar|Incineroar, L50, M|100/100
|switch|p2b: Ninetales|Ninetales-Alola, L50, F|100/100
|-weather|Snowscape|[from] ability: Snow Warning|[of] p2b: Ninetales
|-fieldstart|move: Psychic Terrain|[from] ability: Psychic Surge|[of] p1a: Off Course
|-ability|p2a: Incineroar|Intimidate|boost
|-unboost|p1a: Off Course|atk|1
|-unboost|p1b: Charles|atk|1
|turn|1
|
|t:|1757757277
|move|p1a: Off Course|Follow Me|p1a: Off Course
|-singleturn|p1a: Off Course|move: Follow Me
|move|p2b: Ninetales|Aurora Veil|p2b: Ninetales
|-sidestart|p2: MiraiQuaza|move: Aurora Veil
|move|p2a: Incineroar|Knock Off|p1a: Off Course
|-supereffective|p1a: Off Course
|-damage|p1a: Off Course|0 fnt
|-enditem|p1a: Off Course|Mental Herb|[from] move: Knock Off|[of] p2a: Incineroar
|faint|p1a: Off Course
|move|p1b: Charles|Trick Room|p1b: Charles
|-fieldstart|move: Trick Room|[of] p1b: Charles
|
|-weather|Snowscape|[upkeep]
|upkeep
|
|t:|1757757284
|switch|p1a: Smoker|Torkoal, L50, M|100/100
|-weather|SunnyDay|[from] ability: Drought|[of] p1a: Smoker
|turn|2
|
|t:|1757757302
|-terastallize|p1a: Smoker|Fire
|move|p2b: Ninetales|Protect|p2b: Ninetales
|-singleturn|p2b: Ninetales|Protect
|move|p1b: Charles|Bulldoze|p2a: Incineroar|[spread] p1a,p2a
|-activate|p2b: Ninetales|move: Protect
|-supereffective|p1a: Smoker
|-supereffective|p2a: Incineroar
|-damage|p1a: Smoker|91/100
|-damage|p2a: Incineroar|93/100
|-unboost|p1a: Smoker|spe|1
|-unboost|p2a: Incineroar|spe|1
|-enditem|p1a: Smoker|Weakness Policy
|-boost|p1a: Smoker|atk|2|[from] item: Weakness Policy
|-boost|p1a: Smoker|spa|2|[from] item: Weakness Policy
|move|p1a: Smoker|Eruption|p2a: Incineroar|[spread] p2a
|-activate|p2b: Ninetales|move: Protect
|-resisted|p2a: Incineroar
|-damage|p2a: Incineroar|48/100
|move|p2a: Incineroar|Parting Shot|p1a: Smoker
|-unboost|p1a: Smoker|atk|1
|-unboost|p1a: Smoker|spa|1
|
|t:|1757757321
|switch|p2a: Rillaboom|Rillaboom, L50, M|100/100|[from] Parting Shot
|-fieldstart|move: Grassy Terrain|[from] ability: Grassy Surge|[of] p2a: Rillaboom
|
|-weather|SunnyDay|[upkeep]
|-heal|p1a: Smoker|98/100|[from] Grassy Terrain
|upkeep
|turn|3
|
|t:|1757757339
|switch|p2b: Incineroar|Incineroar, L50, M|48/100
|-ability|p2b: Incineroar|Intimidate|boost
|-unboost|p1a: Smoker|atk|1
|-unboost|p1b: Charles|atk|1
|move|p2a: Rillaboom|Fake Out|p1a: Smoker
|-damage|p1a: Smoker|86/100
|cant|p1a: Smoker|flinch
|move|p1b: Charles|Flamethrower|p2a: Rillaboom
|-supereffective|p2a: Rillaboom
|-damage|p2a: Rillaboom|62/100
|
|-weather|SunnyDay|[upkeep]
|-heal|p1a: Smoker|93/100|[from] Grassy Terrain
|-heal|p2b: Incineroar|53/100|[from] Grassy Terrain
|-heal|p2a: Rillaboom|68/100|[from] Grassy Terrain
|upkeep
|turn|4
|inactive|MiraiQuaza has 30 seconds left.
|inactive|LeonardPlayz has 30 seconds left.
|inactive|MiraiQuaza has 20 seconds left.
|
|t:|1757757379
|move|p2b: Incineroar|Fake Out|p1a: Smoker
|-damage|p1a: Smoker|83/100
|cant|p1a: Smoker|flinch
|move|p1b: Charles|Flamethrower|p2b: Incineroar
|-resisted|p2b: Incineroar
|-damage|p2b: Incineroar|42/100
|move|p2a: Rillaboom|Wood Hammer|p1b: Charles
|-supereffective|p1b: Charles
|-damage|p1b: Charles|0 fnt
|faint|p1b: Charles
|-damage|p2a: Rillaboom|35/100|[from] Recoil
|
|-weather|SunnyDay|[upkeep]
|-heal|p1a: Smoker|89/100|[from] Grassy Terrain
|-heal|p2b: Incineroar|48/100|[from] Grassy Terrain
|-heal|p2a: Rillaboom|41/100|[from] Grassy Terrain
|upkeep
|
|t:|1757757385
|switch|p1b: Berry|Ursaluna, L50, F|100/100
|turn|5
|inactive|MiraiQuaza has 30 seconds left.
|
|t:|1757757412
|switch|p2a: Ninetales|Ninetales-Alola, L50, F|100/100
|-weather|Snowscape|[from] ability: Snow Warning|[of] p2a: Ninetales
|move|p1a: Smoker|Eruption|p2b: Incineroar|[spread] p2a,p2b
|-supereffective|p2a: Ninetales
|-resisted|p2b: Incineroar
|-damage|p2a: Ninetales|0 fnt
|-damage|p2b: Incineroar|27/100
|faint|p2a: Ninetales
|move|p1b: Berry|Facade|p2b: Incineroar
|-damage|p2b: Incineroar|2/100
|move|p2b: Incineroar|Knock Off|p1b: Berry
|-damage|p1b: Berry|71/100
|-enditem|p1b: Berry|Flame Orb|[from] move: Knock Off|[of] p2b: Incineroar
|
|-weather|Snowscape|[upkeep]
|-heal|p1a: Smoker|95/100|[from] Grassy Terrain
|-heal|p1b: Berry|77/100|[from] Grassy Terrain
|-heal|p2b: Incineroar|8/100|[from] Grassy Terrain
|-fieldend|move: Trick Room
|upkeep
|
|t:|1757757429
|switch|p2a: Primarina|Primarina, L50, F|100/100
|turn|6
|
|t:|1757757435
|move|p1a: Smoker|Protect|p1a: Smoker
|-singleturn|p1a: Smoker|Protect
|move|p2a: Primarina|Hyper Voice|p1a: Smoker|[spread] p1b
|-activate|p1a: Smoker|move: Protect
|-supereffective|p1b: Berry
|-damage|p1b: Berry|22/100
|-enditem|p2a: Primarina|Throat Spray
|-boost|p2a: Primarina|spa|1|[from] item: Throat Spray
|move|p2b: Incineroar|Flare Blitz|p1b: Berry
|-damage|p1b: Berry|0 fnt
|faint|p1b: Berry
|-damage|p2b: Incineroar|0 fnt|[from] Recoil
|faint|p2b: Incineroar
|
|-weather|Snowscape|[upkeep]
|-heal|p1a: Smoker|100/100|[from] Grassy Terrain
|-fieldend|move: Grassy Terrain
|upkeep
|-message|LeonardPlayz forfeited.
|
|win|MiraiQuaza
|l|☆LeonardPlayz
|player|p1|
||MiraiQuaza is ready for game 3.
||LeonardPlayz is ready for game 3.
|uhtml|next|Next: Game 3 of 3
