|j|☆Madzisbadz
|j|☆abadanriyi92
|html|Madzisbadzabadanriyi92    
|uhtml|bestof|Game 3 of a best-of-3
|t:|1785817560
|gametype|doubles
|player|p1|Madzisbadz|266|1280
|player|p2|abadanriyi92|colress|1311
|gen|9
|tier|[Gen 9 Champions] VGC 2026 Reg M-B (Bo3)
|rated|
|rule|Species Clause: Limit one of each Pokémon
|rule|Item Clause: Limit 1 of each item
|clearpoke
|poke|p1|Delphox, L50, F|
|poke|p1|Incineroar, L50, F|
|poke|p1|Sinistcha-Masterpiece, L50|
|poke|p1|Sneasler, L50, M|
|poke|p1|Garchomp, L50, M|
|poke|p1|Floette-Eternal, L50, F|
|poke|p2|Tyranitar, L50, M|
|poke|p2|Excadrill, L50, M|
|poke|p2|Milotic, L50, M|
|poke|p2|Sinistcha, L50|
|poke|p2|Staraptor, L50, F|
|poke|p2|Gholdengo, L50|
|teampreview|4
|showteam|p1|Delphox||Delphoxite|Blaze|Protect,HeatWave,Psyshock,NastyPlot|Timid||F|||50|]Incineroar||SitrusBerry|Intimidate|FakeOut,DarkestLariat,FlareBlitz,PartingShot|Impish||F|||50|]Sinistcha-Masterpiece||OccaBerry|Hospitality|MatchaGotcha,RagePowder,LifeDew,TrickRoom|Bold|||||50|]Sneasler||FocusSash|PoisonTouch|FakeOut,CloseCombat,PoisonJab,QuickGuard|Jolly||M|||50|]Garchomp||LifeOrb|RoughSkin|Protect,RockSlide,Earthquake,DragonClaw|Jolly||M|||50|]Floette-Eternal||Floettite|FlowerVeil|Protect,Moonblast,DazzlingGleam,CalmMind|Modest||F|||50|
|showteam|p2|Tyranitar||Tyranitarite|SandStream|KnockOff,RockSlide,HighHorsepower,Protect|Jolly||M|||50|]Excadrill||FocusSash|SandRush|Earthquake,IronHead,RockSlide,Protect|Adamant||M|||50|]Milotic||SitrusBerry|Competitive|Scald,IcyWind,Haze,Protect|Calm||M|||50|]Sinistcha||ColburBerry|Hospitality|MatchaGotcha,ShadowBall,Protect,RagePowder|Bold|||||50|]Staraptor||Staraptite|Intimidate|CloseCombat,BraveBird,Tailwind,Protect|Jolly||F|||50|]Gholdengo||LifeOrb|GoodasGold|MakeItRain,ShadowBall,NastyPlot,Protect|Modest|||||50|
|
|t:|1785817611
|teamsize|p1|4
|teamsize|p2|4
|start
|switch|p1a: Delphox|Delphox, L50, F|100/100
|switch|p1b: Garchomp|Garchomp, L50, M|100/100
|switch|p2a: Tyranitar|Tyranitar, L50, M|100/100
|switch|p2b: Milotic|Milotic, L50, M|100/100
|-weather|Sandstorm|[from] ability: Sand Stream|[of] p2a: Tyranitar
|turn|1
|
|t:|1785817640
|detailschange|p1a: Delphox|Delphox-Mega, L50, F
|-mega|p1a: Delphox|Delphox|Delphoxite
|move|p1a: Delphox|Protect|p1a: Delphox
|-singleturn|p1a: Delphox|Protect
|move|p2a: Tyranitar|Protect|p2a: Tyranitar
|-singleturn|p2a: Tyranitar|Protect
|move|p1b: Garchomp|Earthquake|p2a: Tyranitar|[spread] p2b
|-activate|p1a: Delphox|move: Protect
|-activate|p2a: Tyranitar|move: Protect
|-damage|p2b: Milotic|50/100g
|-damage|p1b: Garchomp|90/100|[from] item: Life Orb
|move|p2b: Milotic|Icy Wind|p1a: Delphox|[spread] p1b
|-activate|p1a: Delphox|move: Protect
|-supereffective|p1b: Garchomp|2
|-damage|p1b: Garchomp|49/100
|-unboost|p1b: Garchomp|spe|1
|
|-weather|Sandstorm|[upkeep]
|-damage|p1a: Delphox|94/100|[from] Sandstorm
|-damage|p2b: Milotic|44/100|[from] Sandstorm
|-enditem|p2b: Milotic|Sitrus Berry|[eat]
|-heal|p2b: Milotic|69/100|[from] item: Sitrus Berry
|upkeep
|turn|2
|
|t:|1785817668
|switch|p1a: Sinistcha|Sinistcha-Masterpiece, L50|100/100
|-heal|p1b: Garchomp|74/100|[from] ability: Hospitality|[of] p1a: Sinistcha
|detailschange|p2a: Tyranitar|Tyranitar-Mega, L50, M
|-mega|p2a: Tyranitar|Tyranitar|Tyranitarite
|move|p2a: Tyranitar|Knock Off|p1a: Sinistcha
|-supereffective|p1a: Sinistcha|1
|-damage|p1a: Sinistcha|7/100
|-enditem|p1a: Sinistcha|Occa Berry|[from] move: Knock Off|[of] p2a: Tyranitar
|move|p2b: Milotic|Icy Wind|p1a: Sinistcha|[spread] p1a,p1b
|-supereffective|p1a: Sinistcha|1
|-supereffective|p1b: Garchomp|2
|-damage|p1a: Sinistcha|0 fnt
|-damage|p1b: Garchomp|30/100
|-unboost|p1b: Garchomp|spe|1
|faint|p1a: Sinistcha
|move|p1b: Garchomp|Earthquake|p2a: Tyranitar|[spread] p2a,p2b
|-supereffective|p2a: Tyranitar|1
|-damage|p2a: Tyranitar|27/100
|-damage|p2b: Milotic|19/100
|-damage|p1b: Garchomp|21/100|[from] item: Life Orb
|
|-weather|Sandstorm|[upkeep]
|-damage|p2b: Milotic|13/100|[from] Sandstorm
|upkeep
|
|t:|1785817697
|switch|p1a: Delphox|Delphox-Mega, L50, F|94/100
|turn|3
|
|t:|1785817715
|switch|p1b: Incineroar|Incineroar, L50, F|100/100
|-ability|p1b: Incineroar|Intimidate|boost
|-unboost|p2a: Tyranitar|atk|1
|-unboost|p2b: Milotic|atk|1
|-ability|p2b: Milotic|Competitive|boost
|-boost|p2b: Milotic|spa|2
|move|p1a: Delphox|Protect|p1a: Delphox
|-singleturn|p1a: Delphox|Protect
|move|p2a: Tyranitar|Rock Slide|p1b: Incineroar|[spread] p1b
|-activate|p1a: Delphox|move: Protect
|-supereffective|p1b: Incineroar|1
|-damage|p1b: Incineroar|67/100
|move|p2b: Milotic|Icy Wind|p1a: Delphox|[spread] p1b
|-activate|p1a: Delphox|move: Protect
|-resisted|p1b: Incineroar|1
|-damage|p1b: Incineroar|57/100
|-unboost|p1b: Incineroar|spe|1
|
|-weather|Sandstorm|[upkeep]
|-damage|p1a: Delphox|88/100|[from] Sandstorm
|-damage|p2b: Milotic|7/100|[from] Sandstorm
|-damage|p1b: Incineroar|51/100|[from] Sandstorm
|upkeep
|turn|4
|
|t:|1785817767
|move|p2a: Tyranitar|Protect|p2a: Tyranitar
|-singleturn|p2a: Tyranitar|Protect
|move|p1b: Incineroar|Fake Out|p2a: Tyranitar
|-activate|p2a: Tyranitar|move: Protect
|move|p1a: Delphox|Heat Wave|p2b: Milotic|[spread] p2b
|-activate|p2a: Tyranitar|move: Protect
|-resisted|p2b: Milotic|1
|-damage|p2b: Milotic|0 fnt
|faint|p2b: Milotic
|
|-weather|Sandstorm|[upkeep]
|-damage|p1a: Delphox|83/100|[from] Sandstorm
|-damage|p1b: Incineroar|46/100|[from] Sandstorm
|-enditem|p1b: Incineroar|Sitrus Berry|[eat]
|-heal|p1b: Incineroar|70/100|[from] item: Sitrus Berry
|upkeep
|
|t:|1785817787
|switch|p2b: Staraptor|Staraptor, L50, F|100/100
|-ability|p2b: Staraptor|Intimidate|boost
|-unboost|p1a: Delphox|atk|1
|-unboost|p1b: Incineroar|atk|1
|turn|5
|
|t:|1785817823
|move|p1a: Delphox|Protect|p1a: Delphox
|-singleturn|p1a: Delphox|Protect
|move|p2b: Staraptor|Tailwind|p2b: Staraptor
|-sidestart|p2: abadanriyi92|move: Tailwind
|move|p2a: Tyranitar|Knock Off|p1a: Delphox
|-activate|p1a: Delphox|move: Protect
|move|p1b: Incineroar|Parting Shot|p2a: Tyranitar
|-unboost|p2a: Tyranitar|atk|1
|-unboost|p2a: Tyranitar|spa|1
|
|t:|1785817832
|switch|p1b: Garchomp|Garchomp, L50, M|21/100|[from] Parting Shot
|
|-weather|none
|upkeep
|turn|6
|
|t:|1785817847
|switch|p1b: Incineroar|Incineroar, L50, F|70/100
|-ability|p1b: Incineroar|Intimidate|boost
|-unboost|p2a: Tyranitar|atk|1
|-unboost|p2b: Staraptor|atk|1
|move|p2b: Staraptor|Brave Bird|p1a: Delphox
|-damage|p1a: Delphox|44/100
|-damage|p2b: Staraptor|89/100|[from] Recoil
|move|p2a: Tyranitar|Rock Slide|p1b: Incineroar|[spread] p1a,p1b
|-supereffective|p1a: Delphox|1
|-supereffective|p1b: Incineroar|1
|-damage|p1a: Delphox|13/100
|-damage|p1b: Incineroar|51/100
|move|p1a: Delphox|Heat Wave|p2b: Staraptor|[spread] p2a,p2b
|-resisted|p2a: Tyranitar|1
|-damage|p2a: Tyranitar|11/100
|-damage|p2b: Staraptor|36/100
|
|upkeep
|turn|7
|
|t:|1785817894
|move|p2b: Staraptor|Brave Bird|p1a: Delphox
|-damage|p1a: Delphox|0 fnt
|faint|p1a: Delphox
|-damage|p2b: Staraptor|32/100|[from] Recoil
|move|p2a: Tyranitar|Rock Slide|p1b: Incineroar
|-supereffective|p1b: Incineroar|1
|-damage|p1b: Incineroar|27/100
|move|p1b: Incineroar|Parting Shot|p1: Delphox|[notarget]
|-fail|p1b: Incineroar
|
|upkeep
|
|t:|1785817905
|switch|p1a: Garchomp|Garchomp, L50, M|21/100
|turn|8
|
|t:|1785817945
|move|p1a: Garchomp|Protect|p1a: Garchomp
|-singleturn|p1a: Garchomp|Protect
|move|p2b: Staraptor|Close Combat|p1b: Incineroar
|-supereffective|p1b: Incineroar|1
|-damage|p1b: Incineroar|0 fnt
|-unboost|p2b: Staraptor|def|1
|-unboost|p2b: Staraptor|spd|1
|faint|p1b: Incineroar
|move|p2a: Tyranitar|Knock Off|p1a: Garchomp
|-activate|p1a: Garchomp|move: Protect
|
|-sideend|p2: abadanriyi92|move: Tailwind
|upkeep
|turn|9
|
|t:|1785817959
|move|p2a: Tyranitar|Protect|p2a: Tyranitar
|-singleturn|p2a: Tyranitar|Protect
|move|p1a: Garchomp|Rock Slide|p2a: Tyranitar|[spread] p2b
|-activate|p2a: Tyranitar|move: Protect
|-supereffective|p2b: Staraptor|1
|-damage|p2b: Staraptor|0 fnt
|faint|p2b: Staraptor
|-damage|p1a: Garchomp|11/100|[from] item: Life Orb
|
|upkeep
|
|t:|1785817968
|switch|p2b: Gholdengo|Gholdengo, L50|100/100
|turn|10
|
|t:|1785817997
|move|p1a: Garchomp|Earthquake|p2a: Tyranitar|[spread] p2a,p2b
|-supereffective|p2a: Tyranitar|1
|-supereffective|p2b: Gholdengo|1
|-damage|p2a: Tyranitar|0 fnt
|-damage|p2b: Gholdengo|12/100
|faint|p2a: Tyranitar
|-damage|p1a: Garchomp|1/100|[from] item: Life Orb
|move|p2b: Gholdengo|Shadow Ball|p1a: Garchomp
|-damage|p1a: Garchomp|0 fnt
|faint|p1a: Garchomp
|-damage|p2b: Gholdengo|2/100|[from] item: Life Orb
|
|win|abadanriyi92
|raw|Madzisbadz's rating: 1280 → 1257(-23 for losing)
|raw|abadanriyi92's rating: 1311 → 1329(+18 for winning)
