|j|☆Baggead
|j|☆Jun RH
|html|BaggeadJun RH    
|uhtml|bestof|Game 1 of a best-of-3
|t:|1757692379
|gametype|doubles
|player|p1|Baggead|1|1092
|player|p2|Jun RH|burglar|1095
|gen|9
|tier|[Gen 9] VGC 2025 Reg H (Bo3)
|rated|
|rule|Species Clause: Limit one of each Pokémon
|rule|Item Clause: Limit 1 of each item
|clearpoke
|poke|p1|Vivillon-Fancy, L50, F|
|poke|p1|Garchomp, L50, F|
|poke|p1|Primarina, L50, F|
|poke|p1|Incineroar, L50, F|
|poke|p1|Gholdengo, L50|
|poke|p1|Porygon2, L50|
|poke|p2|Gholdengo, L50|
|poke|p2|Incineroar, L50, F|
|poke|p2|Amoonguss, L50, F|
|poke|p2|Dragonite, L50, M|
|poke|p2|Pelipper, L50, F|
|poke|p2|Archaludon, L50, M|
|teampreview|4
|showteam|p1|Vivillon-Fancy||FocusSash|CompoundEyes|Hurricane,SleepPowder,RagePowder,Protect|||F|||50|,,,,,Ghost]Garchomp||LifeOrb|RoughSkin|Earthquake,DragonClaw,StompingTantrum,Protect|||F|||50|,,,,,Water]Primarina||SitrusBerry|LiquidVoice|HyperVoice,Moonblast,Haze,Protect|||F|||50|,,,,,Grass]Incineroar||SafetyGoggles|Intimidate|FakeOut,FlareBlitz,PartingShot,KnockOff|||F|||50|,,,,,Ghost]Gholdengo||MetalCoat|GoodasGold|MakeItRain,ShadowBall,NastyPlot,Protect||||||50|,,,,,Dragon]Porygon2||Eviolite|Download|TeraBlast,IceBeam,Recover,TrickRoom||||||50|,,,,,Fighting
|showteam|p2|Gholdengo||LifeOrb|GoodasGold|MakeItRain,ShadowBall,NastyPlot,Protect||||||50|,,,,,Water]Incineroar||SafetyGoggles|Intimidate|KnockOff,FlareBlitz,FakeOut,PartingShot|||F|||50|,,,,,Ghost]Amoonguss||RockyHelmet|Regenerator|RagePowder,PollenPuff,Protect,Spore|||F|||50|,,,,,Fairy]Dragonite||LoadedDice|Multiscale|ScaleShot,Tailwind,Protect,Haze|||M|||50|,,,,,Fairy]Pelipper||FocusSash|Drizzle|Hurricane,WeatherBall,WideGuard,Protect|||F|||50|,,,,,Stellar]Archaludon||AssaultVest|Stamina|FlashCannon,DracoMeteor,ElectroShot,BodyPress|||M|||50|,,,,,Grass
|inactive|Battle timer is ON: inactive players will automatically lose when time's up. (requested by Baggead)
|inactive|Baggead has 60 seconds left.
|inactive|Jun RH has 60 seconds left.
|inactive|Jun RH has 30 seconds left.
|inactive|Jun RH has 20 seconds left.
|inactive|Jun RH has 15 seconds left.
|inactive|Jun RH has 10 seconds left.
|inactive|Jun RH has 5 seconds left.
|
|t:|1757692468
|teamsize|p1|4
|teamsize|p2|4
|start
|switch|p1a: Incineroar|Incineroar, L50, F|100/100
|switch|p1b: Garchomp|Garchomp, L50, F|100/100
|switch|p2a: Amoonguss|Amoonguss, L50, F|100/100
|switch|p2b: Incineroar|Incineroar, L50, F|100/100
|-ability|p2b: Incineroar|Intimidate|boost
|-unboost|p1a: Incineroar|atk|1
|-unboost|p1b: Garchomp|atk|1
|-ability|p1a: Incineroar|Intimidate|boost
|-unboost|p2a: Amoonguss|atk|1
|-unboost|p2b: Incineroar|atk|1
|turn|1
|inactive|Baggead has 30 seconds left.
|inactive|Jun RH has 30 seconds left.
|inactive|Jun RH has 20 seconds left.
|inactive|Jun RH has 15 seconds left.
|inactive|Jun RH has 10 seconds left.
|
|t:|1757692515
|-terastallize|p1a: Incineroar|Ghost
|move|p1b: Garchomp|Protect|p1b: Garchomp
|-singleturn|p1b: Garchomp|Protect
|move|p2a: Amoonguss|Protect|p2a: Amoonguss
|-singleturn|p2a: Amoonguss|Protect
|move|p2b: Incineroar|Parting Shot|p1b: Garchomp
|-activate|p1b: Garchomp|move: Protect
|move|p1a: Incineroar|Flare Blitz|p2a: Amoonguss
|-activate|p2a: Amoonguss|move: Protect
|
|upkeep
|turn|2
|inactive|Baggead has 30 seconds left.
|
|t:|1757692547
|switch|p2a: Pelipper|Pelipper, L50, F|100/100
|-weather|RainDance|[from] ability: Drizzle|[of] p2a: Pelipper
|move|p1b: Garchomp|Stomping Tantrum|p2b: Incineroar
|-supereffective|p2b: Incineroar
|-damage|p2b: Incineroar|29/100
|-damage|p1b: Garchomp|91/100|[from] item: Life Orb
|move|p2b: Incineroar|Parting Shot|p1b: Garchomp
|-unboost|p1b: Garchomp|atk|1
|-unboost|p1b: Garchomp|spa|1
|
|t:|1757692568
|switch|p2b: Amoonguss|Amoonguss, L50, F|100/100|[from] Parting Shot
|move|p1a: Incineroar|Flare Blitz|p2a: Pelipper
|-resisted|p2a: Pelipper
|-damage|p2a: Pelipper|90/100
|-damage|p1a: Incineroar|98/100|[from] Recoil
|
|-weather|RainDance|[upkeep]
|upkeep
|turn|3
|inactive|Baggead has 30 seconds left.
|inactive|Baggead has 20 seconds left.
|inactive|Baggead has 15 seconds left.
|inactive|Baggead has 10 seconds left.
|
|t:|1757692614
|switch|p1b: Primarina|Primarina, L50, F|100/100
|move|p2a: Pelipper|Weather Ball|p1a: Incineroar
|-damage|p1a: Incineroar|44/100
|move|p1a: Incineroar|Parting Shot|p2a: Pelipper
|-unboost|p2a: Pelipper|atk|1
|-unboost|p2a: Pelipper|spa|1
|
|t:|1757692623
|switch|p1a: Vivillon|Vivillon-Fancy, L50, F|100/100|[from] Parting Shot
|move|p2b: Amoonguss|Spore|p1b: Primarina
|-status|p1b: Primarina|slp|[from] move: Spore
|
|-weather|RainDance|[upkeep]
|upkeep
|turn|4
|
|t:|1757692642
|cant|p1b: Primarina|slp
|move|p2b: Amoonguss|Rage Powder|p2b: Amoonguss
|-singleturn|p2b: Amoonguss|move: Rage Powder
|move|p1a: Vivillon|Sleep Powder|p2b: Amoonguss
|-immune|p2b: Amoonguss
|move|p2a: Pelipper|Weather Ball|p1a: Vivillon
|-damage|p1a: Vivillon|20/100
|
|-weather|RainDance|[upkeep]
|upkeep
|turn|5
|
|t:|1757692662
|move|p2b: Amoonguss|Rage Powder|p2b: Amoonguss
|-singleturn|p2b: Amoonguss|move: Rage Powder
|move|p1a: Vivillon|Hurricane|p2b: Amoonguss
|-supereffective|p2b: Amoonguss
|-damage|p2b: Amoonguss|21/100
|move|p2a: Pelipper|Weather Ball|p1a: Vivillon
|-damage|p1a: Vivillon|0 fnt
|faint|p1a: Vivillon
|cant|p1b: Primarina|slp
|
|-weather|RainDance|[upkeep]
|upkeep
|
|t:|1757692674
|switch|p1a: Incineroar|Incineroar, L50, F, tera:Ghost|44/100
|-ability|p1a: Incineroar|Intimidate|boost
|-unboost|p2a: Pelipper|atk|1
|-unboost|p2b: Amoonguss|atk|1
|turn|6
|
|t:|1757692697
|switch|p2a: Incineroar|Incineroar, L50, F|29/100
|-ability|p2a: Incineroar|Intimidate|boost
|-unboost|p1a: Incineroar|atk|1
|-unboost|p1b: Primarina|atk|1
|move|p2b: Amoonguss|Protect|p2b: Amoonguss
|-singleturn|p2b: Amoonguss|Protect
|-curestatus|p1b: Primarina|slp|[msg]
|move|p1b: Primarina|Hyper Voice|p2b: Amoonguss|[spread] p2a
|-activate|p2b: Amoonguss|move: Protect
|-supereffective|p2a: Incineroar
|-damage|p2a: Incineroar|0 fnt
|faint|p2a: Incineroar
|move|p1a: Incineroar|Knock Off|p2b: Amoonguss
|-activate|p2b: Amoonguss|move: Protect
|
|-weather|none
|upkeep
|
|t:|1757692718
|switch|p2a: Gholdengo|Gholdengo, L50|100/100
|turn|7
|
|t:|1757692736
|-terastallize|p2a: Gholdengo|Water
|move|p2b: Amoonguss|Rage Powder|p2b: Amoonguss
|-singleturn|p2b: Amoonguss|move: Rage Powder
|move|p2a: Gholdengo|Nasty Plot|p2a: Gholdengo
|-boost|p2a: Gholdengo|spa|2
|move|p1b: Primarina|Haze|p1b: Primarina
|-clearallboost
|move|p1a: Incineroar|Knock Off|p2a: Gholdengo
|-damage|p2a: Gholdengo|59/100
|-enditem|p2a: Gholdengo|Life Orb|[from] move: Knock Off|[of] p1a: Incineroar
|
|upkeep
|turn|8
|inactive|Baggead has 30 seconds left.
|
|t:|1757692763
|move|p2a: Gholdengo|Protect|p2a: Gholdengo
|-singleturn|p2a: Gholdengo|Protect
|move|p1b: Primarina|Moonblast|p2a: Gholdengo
|-activate|p2a: Gholdengo|move: Protect
|move|p1a: Incineroar|Flare Blitz|p2b: Amoonguss
|-supereffective|p2b: Amoonguss
|-damage|p2b: Amoonguss|0 fnt
|-damage|p1a: Incineroar|28/100|[from] item: Rocky Helmet|[of] p2b: Amoonguss
|faint|p2b: Amoonguss
|-damage|p1a: Incineroar|20/100|[from] Recoil
|
|upkeep
|
|t:|1757692776
|switch|p2b: Pelipper|Pelipper, L50, F|90/100
|-weather|RainDance|[from] ability: Drizzle|[of] p2b: Pelipper
|turn|9
|
|t:|1757692786
|move|p2a: Gholdengo|Make It Rain|p1a: Incineroar|[spread] p1a,p1b
|-damage|p1a: Incineroar|0 fnt
|-damage|p1b: Primarina|63/100
|-unboost|p2a: Gholdengo|spa|1
|faint|p1a: Incineroar
|move|p2b: Pelipper|Hurricane|p1b: Primarina
|-damage|p1b: Primarina|27/100
|-start|p1b: Primarina|confusion
|-enditem|p1b: Primarina|Sitrus Berry|[eat]
|-heal|p1b: Primarina|52/100|[from] item: Sitrus Berry
|-activate|p1b: Primarina|confusion
|move|p1b: Primarina|Moonblast|p2a: Gholdengo
|-damage|p2a: Gholdengo|5/100
|
|-weather|RainDance|[upkeep]
|upkeep
|
|t:|1757692788
|switch|p1a: Garchomp|Garchomp, L50, F|91/100
|turn|10
|inactive|Jun RH has 30 seconds left.
|
|t:|1757692813
|move|p1a: Garchomp|Dragon Claw|p2a: Gholdengo
|-damage|p2a: Gholdengo|0 fnt
|faint|p2a: Gholdengo
|-damage|p1a: Garchomp|81/100|[from] item: Life Orb
|move|p2b: Pelipper|Weather Ball|p1a: Garchomp
|-damage|p1a: Garchomp|12/100
|-activate|p1b: Primarina|confusion
|-damage|p1b: Primarina|45/100|[from] confusion
|
|-weather|RainDance|[upkeep]
|upkeep
|turn|11
|
|t:|1757692837
|move|p1a: Garchomp|Protect|p1a: Garchomp
|-singleturn|p1a: Garchomp|Protect
|move|p2b: Pelipper|Hurricane|p1b: Primarina
|-damage|p1b: Primarina|9/100
|-activate|p1b: Primarina|confusion
|-damage|p1b: Primarina|2/100|[from] confusion
|
|-weather|RainDance|[upkeep]
|upkeep
|turn|12
|
|t:|1757692852
|move|p1a: Garchomp|Dragon Claw|p2b: Pelipper
|-damage|p2b: Pelipper|23/100
|-damage|p1a: Garchomp|2/100|[from] item: Life Orb
|move|p2b: Pelipper|Weather Ball|p1b: Primarina
|-resisted|p1b: Primarina
|-damage|p1b: Primarina|0 fnt
|faint|p1b: Primarina
|
|-weather|RainDance|[upkeep]
|upkeep
|turn|13
|
|t:|1757692863
|move|p1a: Garchomp|Dragon Claw|p2b: Pelipper
|-damage|p2b: Pelipper|0 fnt
|faint|p2b: Pelipper
|-damage|p1a: Garchomp|0 fnt|[from] item: Life Orb
|faint|p1a: Garchomp
|
|win|Baggead
