|j|☆f0rsworN
|j|☆NathanaelW19
|html|f0rsworNNathanaelW19    
|uhtml|bestof|Game 1 of a best-of-3
|t:|1782586732
|gametype|doubles
|player|p1|f0rsworN|266|1080
|player|p2|NathanaelW19|dragontamer|1098
|gen|9
|tier|[Gen 9 Champions] VGC 2026 Reg M-B (Bo3)
|rated|
|rule|Species Clause: Limit one of each Pokémon
|rule|Item Clause: Limit 1 of each item
|clearpoke
|poke|p1|Jolteon, L50, F|
|poke|p1|Raichu, L50, M|
|poke|p1|Whimsicott, L50, M|
|poke|p1|Swampert, L50, M|
|poke|p1|Sableye, L50, M|
|poke|p1|Heracross, L50, M|
|poke|p2|Eelektross, L50, M|
|poke|p2|Whimsicott, L50, F|
|poke|p2|Garchomp, L50, F|
|poke|p2|Basculegion, L50, M|
|poke|p2|Charizard, L50, F|
|poke|p2|Overqwil, L50, M|
|teampreview|4
|showteam|p1|Jolteon||LifeOrb|VoltAbsorb|RisingVoltage,Detect,Thunder,RainDance|Timid||F|||50|]Raichu||RaichuniteX|LightningRod|FakeOut,VoltTackle,PlayRough,Protect|Jolly||M|||50|]Whimsicott||FocusSash|Prankster|Tailwind,Encore,Moonblast,Endeavor|Timid||M|||50|]Swampert||Swampertite|Damp|HighHorsepower,WaveCrash,Protect,IcePunch|Adamant||M|||50|]Sableye||Leftovers|Prankster|RainDance,FoulPlay,WillOWisp,Protect|Careful||M|||50|]Heracross||ExpertBelt|Guts|Megahorn,CloseCombat,HighHorsepower,SwordsDance|Jolly||M|||50|
|showteam|p2|Eelektross||Eelektrossite|Levitate|Thunderbolt,DragonPulse,Flamethrower,Protect|Modest||M|||50|]Whimsicott||FocusSash|Prankster|Tailwind,Moonblast,Encore,Protect|Timid||F|||50|]Garchomp||LifeOrb|RoughSkin|Earthquake,DragonClaw,RockSlide,Protect|Jolly||F|||50|]Basculegion||ChoiceScarf|Adaptability|LastRespects,AquaJet,WaveCrash,FlipTurn|Jolly||M|||50|]Charizard||CharizarditeY|Blaze|Protect,HeatWave,WeatherBall,SolarBeam|Timid||F|||50|]Overqwil||SitrusBerry|Intimidate|GunkShot,ThroatChop,AcidSpray,Protect|Adamant||M|||50|
|inactive|Battle timer is ON: inactive players will automatically lose when time's up. (requested by NathanaelW19)
|c|☆NathanaelW19|Glhf
|inactive|NathanaelW19 has 60 seconds left.
|
|t:|1782586767
|teamsize|p1|4
|teamsize|p2|4
|start
|switch|p1a: Whimsicott|Whimsicott, L50, M|100/100
|switch|p1b: Raichu|Raichu, L50, M|100/100
|switch|p2a: Whimsicott|Whimsicott, L50, F|100/100
|switch|p2b: Basculegion|Basculegion, L50, M|100/100
|turn|1
|
|t:|1782586782
|detailschange|p1b: Raichu|Raichu-Mega-X, L50, M
|-mega|p1b: Raichu|Raichu|Raichunite X
|-fieldstart|move: Electric Terrain|[from] ability: Electric Surge|[of] p1b: Raichu
|move|p1a: Whimsicott|Tailwind|p1a: Whimsicott
|-sidestart|p1: f0rsworN|move: Tailwind
|move|p2a: Whimsicott|Tailwind|p2a: Whimsicott
|-sidestart|p2: NathanaelW19|move: Tailwind
|move|p2b: Basculegion|Flip Turn|p1b: Raichu
|-damage|p1b: Raichu|43/100
|
|t:|1782586791
|switch|p2b: Garchomp|Garchomp, L50, F|100/100|[from] Flip Turn
|move|p1b: Raichu|Volt Tackle|p2b: Garchomp
|-immune|p2b: Garchomp
|
|upkeep
|turn|2
|
|t:|1782586813
|move|p1b: Raichu|Protect|p1b: Raichu
|-singleturn|p1b: Raichu|Protect
|move|p2b: Garchomp|Protect|p2b: Garchomp
|-singleturn|p2b: Garchomp|Protect
|move|p2a: Whimsicott|Encore|p1b: Raichu
|-activate|p1b: Raichu|move: Protect
|move|p1a: Whimsicott|Moonblast|p2b: Garchomp
|-activate|p2b: Garchomp|move: Protect
|
|upkeep
|turn|3
|inactive|f0rsworN has 30 seconds left.
|inactive|NathanaelW19 has 30 seconds left.
|
|t:|1782586847
|switch|p1b: Heracross|Heracross, L50, M|100/100
|switch|p2b: Basculegion|Basculegion, L50, M|100/100
|move|p1a: Whimsicott|Moonblast|p2b: Basculegion
|-damage|p2b: Basculegion|68/100
|move|p2a: Whimsicott|Moonblast|p1a: Whimsicott
|-damage|p1a: Whimsicott|47/100
|
|upkeep
|turn|4
|
|t:|1782586872
|move|p2b: Basculegion|Flip Turn|p1b: Heracross
|-damage|p1b: Heracross|49/100
|
|t:|1782586881
|switch|p2b: Garchomp|Garchomp, L50, F|100/100|[from] Flip Turn
|move|p1a: Whimsicott|Moonblast|p2a: Whimsicott
|-damage|p2a: Whimsicott|55/100
|move|p2a: Whimsicott|Moonblast|p1b: Heracross
|-supereffective|p1b: Heracross|1
|-damage|p1b: Heracross|0 fnt
|faint|p1b: Heracross
|
|-sideend|p1: f0rsworN|move: Tailwind
|-sideend|p2: NathanaelW19|move: Tailwind
|upkeep
|
|t:|1782586892
|switch|p1b: Jolteon|Jolteon, L50, F|100/100
|turn|5
|
|t:|1782586900
|move|p1b: Jolteon|Detect|p1b: Jolteon
|-singleturn|p1b: Jolteon|Protect
|move|p2a: Whimsicott|Tailwind|p2a: Whimsicott
|-sidestart|p2: NathanaelW19|move: Tailwind
|move|p1a: Whimsicott|Tailwind|p1a: Whimsicott
|-sidestart|p1: f0rsworN|move: Tailwind
|move|p2b: Garchomp|Rock Slide|p1a: Whimsicott|[spread] p1a
|-activate|p1b: Jolteon|move: Protect
|-damage|p1a: Whimsicott|19/100
|-damage|p2b: Garchomp|90/100|[from] item: Life Orb
|
|-fieldend|move: Electric Terrain
|upkeep
|turn|6
|
|t:|1782586920
|move|p1b: Jolteon|Detect|p1b: Jolteon
|-singleturn|p1b: Jolteon|Protect
|move|p2a: Whimsicott|Encore|p1a: Whimsicott
|-start|p1a: Whimsicott|Encore
|move|p1a: Whimsicott|Tailwind||[still]
|-fail|p1a: Whimsicott
|move|p2b: Garchomp|Dragon Claw|p1b: Jolteon
|-activate|p1b: Jolteon|move: Protect
|
|upkeep
|turn|7
|
|t:|1782586937
|switch|p1a: Raichu|Raichu-Mega-X, L50, M|43/100
|-fieldstart|move: Electric Terrain|[from] ability: Electric Surge|[of] p1a: Raichu
|move|p2a: Whimsicott|Encore|p1b: Jolteon
|-start|p1b: Jolteon|Encore
|move|p1b: Jolteon|Detect||[still]
|-fail|p1b: Jolteon
|move|p2b: Garchomp|Dragon Claw|p1a: Raichu
|-damage|p1a: Raichu|0 fnt
|faint|p1a: Raichu
|-damage|p2b: Garchomp|80/100|[from] item: Life Orb
|
|upkeep
|-message|f0rsworN forfeited.
|
|win|NathanaelW19
|l|☆f0rsworN
|player|p1|
