|j|☆Its Sushiii
|j|☆cooledoregon
|html|Its Sushiiicooledoregon    
|uhtml|bestof|Game 2 of a best-of-3
|t:|1783281935
|gametype|doubles
|player|p1|Its Sushiii|170|1289
|player|p2|cooledoregon|101|1308
|gen|9
|tier|[Gen 9 Champions] VGC 2026 Reg M-B (Bo3)
|rated|
|rule|Species Clause: Limit one of each Pokémon
|rule|Item Clause: Limit 1 of each item
|clearpoke
|poke|p1|Excadrill, L50, M, shiny|
|poke|p1|Tyranitar, L50, M|
|poke|p1|Farigiraf, L50, M|
|poke|p1|Torkoal, L50, F|
|poke|p1|Floette-Eternal, L50, F|
|poke|p1|Incineroar, L50, M|
|poke|p2|Aerodactyl, L50, F|
|poke|p2|Meganium, L50, M|
|poke|p2|Basculegion, L50, M|
|poke|p2|Sneasler, L50, M|
|poke|p2|Kingambit, L50, M|
|poke|p2|Farigiraf, L50, F|
|teampreview|4
|showteam|p1|Excadrill||FocusSash|SandRush|IronHead,HighHorsepower,RockSlide,Protect|Jolly||M|||50|]Tyranitar||Tyranitarite|SandStream|RockSlide,KnockOff,IcePunch,Protect|Adamant||M|||50|]Farigiraf||SitrusBerry|ArmorTail|PsychicFangs,Thunderbolt,HelpingHand,TrickRoom|Relaxed||M|||50|]Torkoal||Charcoal|Drought|Eruption,WeatherBall,SolarBeam,Protect|Quiet||F|||50|]Floette-Eternal||Floettite|FlowerVeil|Moonblast,DazzlingGleam,LightofRuin,Protect|Modest||F|||50|]Incineroar||ShucaBerry|Intimidate|PartingShot,DarkestLariat,FlareBlitz,FakeOut|Impish||M|||50|
|showteam|p2|Aerodactyl||Aerodactylite|Unnerve|RockSlide,DualWingbeat,IceFang,Tailwind|Jolly||F|||50|]Meganium||Meganiumite|Overgrow|SolarBeam,WeatherBall,DazzlingGleam,Protect|Modest||M|||50|]Basculegion||ChoiceScarf|Adaptability|FlipTurn,WaveCrash,LastRespects,AquaJet|Jolly||M|||50|]Sneasler||WhiteHerb|Unburden|FakeOut,DireClaw,CloseCombat,Protect|Jolly||M|||50|]Kingambit||FocusSash|Defiant|KowtowCleave,IronHead,SuckerPunch,LowKick|Jolly||M|||50|]Farigiraf||SitrusBerry|ArmorTail|Psychic,TrickRoom,Protect,Thunderbolt|Bold||F|||50|
|inactive|Battle timer is ON: inactive players will automatically lose when time's up. (requested by cooledoregon)
|inactive|Its Sushiii has 60 seconds left.
|inactive|cooledoregon has 60 seconds left.
|inactive|Its Sushiii has 30 seconds left.
|
|t:|1783282002
|teamsize|p1|4
|teamsize|p2|4
|start
|switch|p1a: Excadrill|Excadrill, L50, M, shiny|100/100
|switch|p1b: Tyranitar|Tyranitar, L50, M|100/100
|switch|p2a: Farigiraf|Farigiraf, L50, F|100/100
|switch|p2b: Sneasler|Sneasler, L50, M|100/100
|-weather|Sandstorm|[from] ability: Sand Stream|[of] p1b: Tyranitar
|turn|1
|inactive|cooledoregon has 30 seconds left.
|inactive|Its Sushiii has 30 seconds left.
|inactive|cooledoregon has 20 seconds left.
|inactive|cooledoregon has 15 seconds left.
|inactive|cooledoregon has 10 seconds left.
|
|t:|1783282052
|detailschange|p1b: Tyranitar|Tyranitar-Mega, L50, M
|-mega|p1b: Tyranitar|Tyranitar|Tyranitarite
|move|p2b: Sneasler|Fake Out|p1b: Tyranitar
|-resisted|p1b: Tyranitar|1
|-damage|p1b: Tyranitar|95/100
|move|p1a: Excadrill|High Horsepower|p2b: Sneasler
|-supereffective|p2b: Sneasler|1
|-damage|p2b: Sneasler|0 fnt
|faint|p2b: Sneasler
|cant|p1b: Tyranitar|flinch
|move|p2a: Farigiraf|Trick Room|p2a: Farigiraf
|-fieldstart|move: Trick Room|[of] p2a: Farigiraf
|
|-weather|Sandstorm|[upkeep]
|-damage|p2a: Farigiraf|93/100|[from] Sandstorm
|upkeep
|
|t:|1783282057
|switch|p2b: Meganium|Meganium, L50, M|100/100
|turn|2
|inactive|Its Sushiii has 30 seconds left.
|inactive|Its Sushiii has 20 seconds left.
|inactive|cooledoregon has 30 seconds left.
|inactive|Its Sushiii has 15 seconds left.
|
|t:|1783282101
|detailschange|p2b: Meganium|Meganium-Mega, L50, M
|-mega|p2b: Meganium|Meganium|Meganiumite
|move|p2a: Farigiraf|Psychic|p1a: Excadrill
|-resisted|p1a: Excadrill|1
|-crit|p1a: Excadrill
|-damage|p1a: Excadrill|63/100
|move|p1b: Tyranitar|Knock Off|p2a: Farigiraf
|-supereffective|p2a: Farigiraf|1
|-damage|p2a: Farigiraf|0 fnt
|-enditem|p2a: Farigiraf|Sitrus Berry|[from] move: Knock Off|[of] p1b: Tyranitar
|faint|p2a: Farigiraf
|move|p2b: Meganium|Weather Ball|p1a: Excadrill
|-supereffective|p1a: Excadrill|1
|-damage|p1a: Excadrill|0 fnt
|faint|p1a: Excadrill
|
|-weather|Sandstorm|[upkeep]
|-damage|p2b: Meganium|93/100|[from] Sandstorm
|upkeep
|
|t:|1783282119
|switch|p2a: Kingambit|Kingambit, L50, M|100/100
|switch|p1a: Incineroar|Incineroar, L50, M|100/100
|-ability|p1a: Incineroar|Intimidate|boost
|-unboost|p2a: Kingambit|atk|1
|-ability|p2a: Kingambit|Defiant|boost
|-boost|p2a: Kingambit|atk|2
|-unboost|p2b: Meganium|atk|1
|turn|3
|inactive|Its Sushiii has 30 seconds left.
|inactive|cooledoregon has 30 seconds left.
|
|t:|1783282152
|move|p2b: Meganium|Protect|p2b: Meganium
|-singleturn|p2b: Meganium|Protect
|move|p1a: Incineroar|Fake Out|p2a: Kingambit
|-resisted|p2a: Kingambit|1
|-damage|p2a: Kingambit|95/100
|move|p1b: Tyranitar|Ice Punch|p2b: Meganium
|-activate|p2b: Meganium|move: Protect
|cant|p2a: Kingambit|flinch
|
|-weather|Sandstorm|[upkeep]
|-damage|p1a: Incineroar|94/100|[from] Sandstorm
|-damage|p2b: Meganium|87/100|[from] Sandstorm
|upkeep
|turn|4
|
|t:|1783282172
|move|p1b: Tyranitar|Protect|p1b: Tyranitar
|-singleturn|p1b: Tyranitar|Protect
|move|p1a: Incineroar|Flare Blitz|p2a: Kingambit
|-supereffective|p2a: Kingambit|1
|-damage|p2a: Kingambit|20/100y
|-damage|p1a: Incineroar|72/100|[from] Recoil
|move|p2b: Meganium|Solar Beam||[still]
|-prepare|p2b: Meganium|Solar Beam
|-activate|p2b: Meganium|ability: Mega Sol
|-anim|p2b: Meganium|Solar Beam|p1b: Tyranitar
|-activate|p1b: Tyranitar|move: Protect
|move|p2a: Kingambit|Low Kick|p1a: Incineroar
|-supereffective|p1a: Incineroar|1
|-damage|p1a: Incineroar|7/100
|
|-weather|Sandstorm|[upkeep]
|-damage|p1a: Incineroar|1/100|[from] Sandstorm
|-damage|p2b: Meganium|81/100|[from] Sandstorm
|upkeep
|turn|5
|
|t:|1783282204
|switch|p1b: Farigiraf|Farigiraf, L50, M|100/100
|move|p1a: Incineroar|Flare Blitz|p2a: Kingambit
|-supereffective|p2a: Kingambit|1
|-damage|p2a: Kingambit|0 fnt
|faint|p2a: Kingambit
|-damage|p1a: Incineroar|0 fnt|[from] Recoil
|faint|p1a: Incineroar
|move|p2b: Meganium|Solar Beam||[still]
|-prepare|p2b: Meganium|Solar Beam
|-activate|p2b: Meganium|ability: Mega Sol
|-anim|p2b: Meganium|Solar Beam|p1b: Farigiraf
|-damage|p1b: Farigiraf|34/100
|-enditem|p1b: Farigiraf|Sitrus Berry|[eat]
|-heal|p1b: Farigiraf|59/100|[from] item: Sitrus Berry
|
|-weather|none
|-fieldend|move: Trick Room
|upkeep
|
|t:|1783282221
|switch|p1a: Tyranitar|Tyranitar-Mega, L50, M|95/100
|-weather|Sandstorm|[from] ability: Sand Stream|[of] p1a: Tyranitar
|turn|6
|
|t:|1783282229
|move|p1b: Farigiraf|Helping Hand|p1a: Tyranitar
|-singleturn|p1a: Tyranitar|Helping Hand|[of] p1b: Farigiraf
|move|p2b: Meganium|Solar Beam||[still]
|-prepare|p2b: Meganium|Solar Beam
|-activate|p2b: Meganium|ability: Mega Sol
|-anim|p2b: Meganium|Solar Beam|p1a: Tyranitar
|-supereffective|p1a: Tyranitar|1
|-damage|p1a: Tyranitar|0 fnt
|faint|p1a: Tyranitar
|
|-weather|Sandstorm|[upkeep]
|-damage|p2b: Meganium|75/100|[from] Sandstorm
|-damage|p1b: Farigiraf|53/100|[from] Sandstorm
|upkeep
|turn|7
|-message|Its Sushiii forfeited.
|
|win|cooledoregon
|raw|Its Sushiii's rating: 1289 → 1265(-24 for losing)
|raw|cooledoregon's rating: 1308 → 1327(+19 for winning)
|l|☆cooledoregon
|player|p2|
