|j|☆TrainerRed86
|j|☆washingtongargacha
|html|TrainerRed86washingtongargacha    
|uhtml|bestof|Game 2 of a best-of-3
|t:|1757203197
|gametype|doubles
|player|p1|TrainerRed86|red|1067
|player|p2|washingtongargacha|169|1048
|gen|9
|tier|[Gen 9] VGC 2025 Reg H (Bo3)
|rated|
|rule|Species Clause: Limit one of each Pokémon
|rule|Item Clause: Limit 1 of each item
|clearpoke
|poke|p1|Ceruledge, L50, F|
|poke|p1|Ursaluna-Bloodmoon, L50, M|
|poke|p1|Gyarados, L50, M|
|poke|p1|Rillaboom, L50, F|
|poke|p1|Sneasler, L50, M|
|poke|p1|Whimsicott, L50, F|
|poke|p2|Talonflame, L50, M|
|poke|p2|Gholdengo, L50|
|poke|p2|Dragonite, L50, F|
|poke|p2|Archaludon, L50, M|
|poke|p2|Tyranitar, L50, M|
|poke|p2|Garchomp, L50, F|
|teampreview|4
|showteam|p1|Ceruledge||ClearAmulet|FlashFire|BitterBlade,ShadowSneak,SwordsDance,Protect|||F|||50|,,,,,Grass]Ursaluna-Bloodmoon||LifeOrb|MindsEye|BloodMoon,HyperVoice,EarthPower,Protect|||M|||50|,,,,,Normal]Gyarados||SitrusBerry|Intimidate|Waterfall,Taunt,ThunderWave,HelpingHand|||M|||50|,,,,,Grass]Rillaboom||AssaultVest|GrassySurge|FakeOut,GrassyGlide,WoodHammer,HighHorsepower|||F|||50|,,,,,Fire]Sneasler||GrassySeed|Unburden|FakeOut,DireClaw,CloseCombat,Protect|||M|||50|,,,,,Ghost]Whimsicott||CovertCloak|Prankster|Moonblast,Tailwind,SunnyDay,Encore|||F|||50|,,,,,Water
|showteam|p2|Talonflame||CovertCloak|GaleWings|Tailwind,DualWingbeat,Taunt,FlareBlitz|||M|||50|,,,,,Ghost]Gholdengo||ChoiceSpecs|GoodasGold|MakeItRain,SteelBeam,ShadowBall,PowerGem||||||50|,,,,,Flying]Dragonite||LoadedDice|Multiscale|ScaleShot,IceSpinner,Haze,Protect|||F|||50|,,,,,Steel]Archaludon||PowerHerb|Sturdy|FlashCannon,ElectroShot,DracoMeteor,Protect|||M|||50|,,,,,Flying]Tyranitar||AssaultVest|SandStream|KnockOff,RockSlide,TeraBlast,LowKick|||M|||50|,,,,,Flying]Garchomp||LifeOrb|RoughSkin|DragonClaw,StompingTantrum,Earthquake,Protect|||F|||50|,,,,,Steel
|
|t:|1757203250
|teamsize|p1|4
|teamsize|p2|4
|start
|switch|p1a: Gyarados|Gyarados, L50, M, shiny|100/100
|switch|p1b: Rillaboom|Rillaboom, L50, F|100/100
|switch|p2a: Talonflame|Talonflame, L50, M|100/100
|switch|p2b: Tyranitar|Tyranitar, L50, M|100/100
|-fieldstart|move: Grassy Terrain|[from] ability: Grassy Surge|[of] p1b: Rillaboom
|-ability|p1a: Gyarados|Intimidate|boost
|-unboost|p2a: Talonflame|atk|1
|-unboost|p2b: Tyranitar|atk|1
|-weather|Sandstorm|[from] ability: Sand Stream|[of] p2b: Tyranitar
|turn|1
|
|t:|1757203280
|-terastallize|p2b: Tyranitar|Flying
|move|p1b: Rillaboom|Fake Out|p2b: Tyranitar
|-damage|p2b: Tyranitar|87/100
|move|p2a: Talonflame|Flare Blitz|p1b: Rillaboom
|-supereffective|p1b: Rillaboom
|-damage|p1b: Rillaboom|49/100
|-damage|p2a: Talonflame|83/100|[from] Recoil
|move|p1a: Gyarados|Thunder Wave|p2a: Talonflame|[miss]
|-miss|p1a: Gyarados|p2a: Talonflame
|cant|p2b: Tyranitar|flinch
|
|-weather|Sandstorm|[upkeep]
|-damage|p2a: Talonflame|76/100|[from] Sandstorm
|-damage|p1b: Rillaboom|43/100|[from] Sandstorm
|-damage|p1a: Gyarados|95/100|[from] Sandstorm
|-damage|p2b: Tyranitar|81/100|[from] Sandstorm
|-heal|p1b: Rillaboom|49/100|[from] Grassy Terrain
|upkeep
|turn|2
|
|t:|1757203330
|move|p2a: Talonflame|Tailwind|p2a: Talonflame
|-sidestart|p2: washingtongargacha|move: Tailwind
|move|p2b: Tyranitar|Tera Blast|p1b: Rillaboom|[anim] Tera Blast Flying
|-supereffective|p1b: Rillaboom
|-damage|p1b: Rillaboom|0 fnt
|faint|p1b: Rillaboom
|move|p1a: Gyarados|Waterfall|p2a: Talonflame
|-supereffective|p2a: Talonflame
|-damage|p2a: Talonflame|0 fnt
|faint|p2a: Talonflame
|
|-weather|Sandstorm|[upkeep]
|-damage|p2b: Tyranitar|75/100|[from] Sandstorm
|-damage|p1a: Gyarados|89/100|[from] Sandstorm
|upkeep
|
|t:|1757203353
|switch|p2a: Dragonite|Dragonite, L50, F|100/100
|switch|p1b: Sneasler|Sneasler, L50, M|100/100
|-enditem|p1b: Sneasler|Grassy Seed
|-boost|p1b: Sneasler|def|1|[from] item: Grassy Seed
|turn|3
|
|t:|1757203387
|-terastallize|p1b: Sneasler|Ghost
|move|p1b: Sneasler|Dire Claw|p2a: Dragonite
|-damage|p2a: Dragonite|79/100
|-status|p2a: Dragonite|par
|move|p2b: Tyranitar|Rock Slide|p1a: Gyarados|[spread] p1a,p1b
|-supereffective|p1a: Gyarados
|-damage|p1a: Gyarados|52/100
|-damage|p1b: Sneasler|77/100
|move|p2a: Dragonite|Scale Shot|p1b: Sneasler
|-damage|p1b: Sneasler|59/100
|-damage|p1b: Sneasler|41/100
|-damage|p1b: Sneasler|23/100
|-damage|p1b: Sneasler|4/100
|-hitcount|p1b: Sneasler|4
|-unboost|p2a: Dragonite|def|1
|-boost|p2a: Dragonite|spe|1
|cant|p1a: Gyarados|flinch
|
|-weather|Sandstorm|[upkeep]
|-damage|p1b: Sneasler|0 fnt|[from] Sandstorm
|-damage|p2b: Tyranitar|70/100|[from] Sandstorm
|-damage|p2a: Dragonite|73/100 par|[from] Sandstorm
|-damage|p1a: Gyarados|46/100|[from] Sandstorm
|-enditem|p1a: Gyarados|Sitrus Berry|[eat]
|-heal|p1a: Gyarados|71/100|[from] item: Sitrus Berry
|faint|p1b: Sneasler
|upkeep
|
|t:|1757203409
|switch|p1b: Ceruledge|Ceruledge, L50, F, shiny|100/100
|turn|4
|
|t:|1757203424
|move|p1b: Ceruledge|Protect|p1b: Ceruledge
|-singleturn|p1b: Ceruledge|Protect
|move|p2b: Tyranitar|Rock Slide|p1a: Gyarados|[spread] p1a
|-activate|p1b: Ceruledge|move: Protect
|-supereffective|p1a: Gyarados
|-damage|p1a: Gyarados|32/100
|move|p2a: Dragonite|Scale Shot|p1b: Ceruledge
|-activate|p1b: Ceruledge|move: Protect
|cant|p1a: Gyarados|flinch
|
|-weather|Sandstorm|[upkeep]
|-damage|p2b: Tyranitar|64/100|[from] Sandstorm
|-damage|p2a: Dragonite|67/100 par|[from] Sandstorm
|-damage|p1b: Ceruledge|94/100|[from] Sandstorm
|-damage|p1a: Gyarados|26/100|[from] Sandstorm
|-heal|p1b: Ceruledge|100/100|[from] Grassy Terrain
|upkeep
|turn|5
|
|t:|1757203449
|move|p2b: Tyranitar|Knock Off|p1b: Ceruledge
|-supereffective|p1b: Ceruledge
|-damage|p1b: Ceruledge|24/100
|-enditem|p1b: Ceruledge|Clear Amulet|[from] move: Knock Off|[of] p2b: Tyranitar
|move|p2a: Dragonite|Scale Shot|p1b: Ceruledge
|-damage|p1b: Ceruledge|7/100
|-crit|p1b: Ceruledge
|-damage|p1b: Ceruledge|0 fnt
|faint|p1b: Ceruledge
|-hitcount|p1: Ceruledge|2
|-unboost|p2a: Dragonite|def|1
|-boost|p2a: Dragonite|spe|1
|move|p1a: Gyarados|Waterfall|p2b: Tyranitar
|-damage|p2b: Tyranitar|31/100
|
|-weather|none
|-sideend|p2: washingtongargacha|move: Tailwind
|-fieldend|move: Grassy Terrain
|upkeep
|turn|6
|
|t:|1757203468
|move|p2a: Dragonite|Scale Shot|p1a: Gyarados
|-damage|p1a: Gyarados|14/100
|-damage|p1a: Gyarados|0 fnt
|faint|p1a: Gyarados
|-hitcount|p1: Gyarados|2
|
|win|washingtongargacha
