|j|☆Legend0331
|j|☆Velcroh
|html|Legend0331Velcroh    
|uhtml|bestof|Game 2 of a best-of-3
|t:|1756942670
|gametype|doubles
|player|p1|Legend0331|shauntal|
|player|p2|Velcroh|1|
|gen|9
|tier|[Gen 9] VGC 2025 Reg H (Bo3)
|rule|Species Clause: Limit one of each Pokémon
|rule|Item Clause: Limit 1 of each item
|clearpoke
|poke|p1|Ursaluna-Bloodmoon, L50, M|
|poke|p1|Whimsicott, L50, M|
|poke|p1|Basculegion, L50, M|
|poke|p1|Politoed, L50, F|
|poke|p1|Mandibuzz, L50, F|
|poke|p1|Scizor, L50, M|
|poke|p2|Goodra-Hisui, L50, M|
|poke|p2|Clefable, L50, M|
|poke|p2|Mimikyu, L50, M|
|poke|p2|Lurantis, L50, F|
|poke|p2|Milotic, L50, F|
|poke|p2|Hatterene, L50, F|
|teampreview|4
|showteam|p1|Ursaluna-Bloodmoon||AssaultVest|MindsEye|BloodMoon,HyperVoice,EarthPower,VacuumWave|||M|||50|,,,,,Normal]Whimsicott||FocusSash|Prankster|Encore,Tailwind,Moonblast,Endeavor|||M|||50|,,,,,Grass]Basculegion||LifeOrb|SwiftSwim|LastRespects,WaveCrash,AquaJet,Protect|||M|||50|,,,,,Water]Politoed||EjectButton|Drizzle|WeatherBall,HelpingHand,Protect,PerishSong|||F|||50|,,,,,Water]Mandibuzz||Leftovers|Overcoat|FoulPlay,KnockOff,Roost,Uturn|||F|||50|,,,,,Steel]Scizor||ChoiceBand|Technician|BulletPunch,Uturn,KnockOff,DualWingbeat|||M|||50|,,,,,Bug
|showteam|p2|Goodra-Hisui||ExpertBelt|ShellArmor|Flamethrower,HydroPump,Thunder,StompingTantrum|||M|||50|,,,,,Dragon]Clefable||SitrusBerry|Unaware|Moonblast,HelpingHand,HealPulse,FollowMe|||M|||50|,,,,,Steel]Mimikyu||MentalHerb|Disguise|TrickRoom,ShadowClaw,PlayRough,SunnyDay|||M|||50|,,,,,Ghost]Lurantis||LifeOrb|Contrary|LeafStorm,Superpower,Protect,TeraBlast|||F|||50|,,,,,Ground]Milotic||Leftovers|Competitive|WeatherBall,HelpingHand,MuddyWater,Protect|||F|||50|,,,,,Dragon]Hatterene||CovertCloak|MagicBounce|TrickRoom,DazzlingGleam,Psychic,Protect|||F|||50|,,,,,Fairy
|j| Norra Nori
|j| Gholden Go Getters
|
|t:|1756942718
|teamsize|p1|4
|teamsize|p2|4
|start
|switch|p1a: WHIMSY|Whimsicott, L50, M|100/100
|switch|p1b: Clamps|Scizor, L50, M|100/100
|switch|p2a: Hatterene|Hatterene, L50, F|100/100
|switch|p2b: Clefable|Clefable, L50, M|100/100
|turn|1
|
|t:|1756942763
|move|p2b: Clefable|Follow Me|p2b: Clefable
|-singleturn|p2b: Clefable|move: Follow Me
|move|p1b: Clamps|Bullet Punch|p2b: Clefable
|-supereffective|p2b: Clefable
|-damage|p2b: Clefable|0 fnt
|faint|p2b: Clefable
|move|p1a: WHIMSY|Moonblast|p2a: Hatterene
|-damage|p2a: Hatterene|72/100
|move|p2a: Hatterene|Trick Room|p2a: Hatterene
|-fieldstart|move: Trick Room|[of] p2a: Hatterene
|
|upkeep
|
|t:|1756942775
|switch|p2b: Goodra|Goodra-Hisui, L50, M|100/100
|turn|2
|
|t:|1756942803
|switch|p1b: Froggie|Politoed, L50, F|100/100
|-weather|RainDance|[from] ability: Drizzle|[of] p1b: Froggie
|move|p1a: WHIMSY|Encore|p2a: Hatterene
|move|p2a: Hatterene|Encore||[from] ability: Magic Bounce|[still]
|-fail|p2a: Hatterene
|move|p2a: Hatterene|Psychic|p1a: WHIMSY
|-damage|p1a: WHIMSY|41/100
|move|p2b: Goodra|Flamethrower|p1b: Froggie
|-resisted|p1b: Froggie
|-damage|p1b: Froggie|96/100
|-status|p1b: Froggie|brn
|-enditem|p1b: Froggie|Eject Button
|
|t:|1756942825
|switch|p1b: Dr. Fish MD|Basculegion, L50, M|100/100
|
|-weather|RainDance|[upkeep]
|upkeep
|turn|3
|
|t:|1756942849
|move|p1a: WHIMSY|Encore|p2b: Goodra
|-start|p2b: Goodra|Encore
|move|p2a: Hatterene|Psychic|p1a: WHIMSY
|-damage|p1a: WHIMSY|0 fnt
|faint|p1a: WHIMSY
|move|p2b: Goodra|Flamethrower|p1b: Dr. Fish MD
|-resisted|p1b: Dr. Fish MD
|-damage|p1b: Dr. Fish MD|94/100
|move|p1b: Dr. Fish MD|Last Respects|p2a: Hatterene
|-supereffective|p2a: Hatterene
|-damage|p2a: Hatterene|0 fnt
|faint|p2a: Hatterene
|-damage|p1b: Dr. Fish MD|84/100|[from] item: Life Orb
|
|-weather|RainDance|[upkeep]
|upkeep
|
|t:|1756942865
|switch|p2a: Milotic|Milotic, L50, F|100/100
|switch|p1a: Clamps|Scizor, L50, M|100/100
|turn|4
|
|t:|1756942897
|-terastallize|p2b: Goodra|Dragon
|move|p1b: Dr. Fish MD|Protect|p1b: Dr. Fish MD
|-singleturn|p1b: Dr. Fish MD|Protect
|move|p2b: Goodra|Flamethrower|p1b: Dr. Fish MD
|-activate|p1b: Dr. Fish MD|move: Protect
|move|p2a: Milotic|Muddy Water|p1b: Dr. Fish MD|[spread] 
|-activate|p1b: Dr. Fish MD|move: Protect
|-miss|p2a: Milotic|p1a: Clamps
|move|p1a: Clamps|Knock Off|p2b: Goodra
|-damage|p2b: Goodra|57/100
|-enditem|p2b: Goodra|Expert Belt|[from] move: Knock Off|[of] p1a: Clamps
|
|-weather|RainDance|[upkeep]
|upkeep
|turn|5
|
|t:|1756942931
|move|p2b: Goodra|Flamethrower|p1a: Clamps
|-supereffective|p1a: Clamps
|-damage|p1a: Clamps|23/100
|move|p2a: Milotic|Muddy Water|p1b: Dr. Fish MD|[spread] p1a
|-miss|p2a: Milotic|p1b: Dr. Fish MD
|-damage|p1a: Clamps|0 fnt
|faint|p1a: Clamps
|move|p1b: Dr. Fish MD|Last Respects|p2a: Milotic
|-damage|p2a: Milotic|3/100
|-damage|p1b: Dr. Fish MD|75/100|[from] item: Life Orb
|
|-weather|RainDance|[upkeep]
|-heal|p2a: Milotic|9/100|[from] item: Leftovers
|-end|p2b: Goodra|Encore
|-fieldend|move: Trick Room
|upkeep
|
|t:|1756942945
|switch|p1a: Froggie|Politoed, L50, F|96/100 brn
|turn|6
|
|t:|1756942978
|move|p2a: Milotic|Protect|p2a: Milotic
|-singleturn|p2a: Milotic|Protect
|move|p1a: Froggie|Protect|p1a: Froggie
|-singleturn|p1a: Froggie|Protect
|move|p1b: Dr. Fish MD|Last Respects|p2b: Goodra
|-damage|p2b: Goodra|0 fnt
|faint|p2b: Goodra
|-damage|p1b: Dr. Fish MD|65/100|[from] item: Life Orb
|
|-weather|none
|-heal|p2a: Milotic|15/100|[from] item: Leftovers
|-damage|p1a: Froggie|90/100 brn|[from] brn
|upkeep
|turn|7
|
|t:|1756942998
|move|p1b: Dr. Fish MD|Last Respects|p2a: Milotic
|-damage|p2a: Milotic|0 fnt
|faint|p2a: Milotic
|-damage|p1b: Dr. Fish MD|56/100|[from] item: Life Orb
|
|win|Legend0331
