|j|☆DonnyBoy766
|j|☆MegaMetaBestMeta
|html|DonnyBoy766MegaMetaBestMeta    
|uhtml|bestof|Game 3 of a best-of-3
|t:|1756399769
|gametype|doubles
|player|p1|DonnyBoy766|fisherman-gen4|1111
|player|p2|MegaMetaBestMeta|266|1136
|gen|9
|tier|[Gen 9] VGC 2025 Reg H (Bo3)
|rated|
|rule|Species Clause: Limit one of each Pokémon
|rule|Item Clause: Limit 1 of each item
|clearpoke
|poke|p1|Tyranitar, L50, F|
|poke|p1|Corviknight, L50, F|
|poke|p1|Ursaluna-Bloodmoon, L50, M|
|poke|p1|Annihilape, L50, F|
|poke|p1|Indeedee, L50, M|
|poke|p1|Sneasler, L50, M|
|poke|p2|Ursaluna, L50, M|
|poke|p2|Dragapult, L50, F|
|poke|p2|Empoleon, L50, M|
|poke|p2|Porygon2, L50|
|poke|p2|Blaziken, L50, F|
|poke|p2|Amoonguss, L50, M|
|teampreview|4
|showteam|p1|Tyranitar||AssaultVest|SandStream|KnockOff,TeraBlast,LowKick,RockSlide|||F|||50|,,,,,Flying]Corviknight||CovertCloak|MirrorArmor|BraveBird,BulkUp,Roost,Tailwind|||F|||50|,,,,,Fire]Ursaluna-Bloodmoon||LifeOrb|MindsEye|BloodMoon,HyperVoice,EarthPower,Protect|||M|||50|,,,,,Normal]Annihilape||SafetyGoggles|Defiant|CloseCombat,RageFist,Taunt,Protect|||F|||50|,,,,,Fire]Indeedee||ChoiceScarf|PsychicSurge|ExpandingForce,TeraBlast,Trick,Protect|||M|||50|,,,,,Psychic]Sneasler||PsychicSeed|Unburden|CloseCombat,DireClaw,ThroatChop,Protect|||M|||50|,,,,,Dark
|showteam|p2|Ursaluna||FlameOrb|Guts|HeadlongRush,Facade,HelpingHand,Protect|||M|||50|,,,,,Ghost]Dragapult||ChoiceBand|ClearBody|DragonDarts,PhantomForce,Uturn,TeraBlast|||F|||50|,,,,,Ghost]Empoleon||AssaultVest|Competitive|WaterPledge,IceBeam,FlipTurn,FlashCannon|||M|||50|,,,,,Flying]Porygon2||Eviolite|Download|TeraBlast,IceBeam,Recover,TrickRoom||||||50|,,,,,Fighting]Blaziken||FocusSash|SpeedBoost|CloseCombat,FirePledge,UpperHand,Detect|||F|||50|,,,,,Fighting]Amoonguss||SitrusBerry|Regenerator|Protect,RagePowder,PollenPuff,Spore|||M|||50|,,,,,Fairy
|c|☆MegaMetaBestMeta|hf
|c|☆DonnyBoy766|hf
|
|t:|1756399797
|teamsize|p1|4
|teamsize|p2|4
|start
|switch|p1a: Tyranitar|Tyranitar, L50, F|100/100
|switch|p1b: Indeedee|Indeedee, L50, M|100/100
|switch|p2a: Porygon2|Porygon2, L50|100/100
|switch|p2b: Ursaluna|Ursaluna, L50, M|100/100
|-fieldstart|move: Psychic Terrain|[from] ability: Psychic Surge|[of] p1b: Indeedee
|-weather|Sandstorm|[from] ability: Sand Stream|[of] p1a: Tyranitar
|-ability|p2a: Porygon2|Download|boost
|-boost|p2a: Porygon2|atk|1
|turn|1
|j| Hackervgc
|
|t:|1756399837
|-terastallize|p1a: Tyranitar|Flying
|move|p2b: Ursaluna|Protect|p2b: Ursaluna
|-singleturn|p2b: Ursaluna|Protect
|move|p1b: Indeedee|Trick|p2a: Porygon2
|-activate|p1b: Indeedee|move: Trick|[of] p2a: Porygon2
|-item|p2a: Porygon2|Choice Scarf|[from] move: Trick
|-item|p1b: Indeedee|Eviolite|[from] move: Trick
|move|p1a: Tyranitar|Knock Off|p2b: Ursaluna
|-activate|p2b: Ursaluna|move: Protect
|move|p2a: Porygon2|Trick Room|p2a: Porygon2
|-fieldstart|move: Trick Room|[of] p2a: Porygon2
|
|-weather|Sandstorm|[upkeep]
|-damage|p1a: Tyranitar|95/100|[from] Sandstorm
|-damage|p2a: Porygon2|94/100|[from] Sandstorm
|-damage|p1b: Indeedee|95/100|[from] Sandstorm
|-status|p2b: Ursaluna|brn|[from] item: Flame Orb
|upkeep
|turn|2
|
|t:|1756399869
|switch|p2a: Empoleon|Empoleon, L50, M|100/100
|move|p2b: Ursaluna|Facade|p1a: Tyranitar
|-damage|p1a: Tyranitar|0 fnt
|faint|p1a: Tyranitar
|move|p1b: Indeedee|Expanding Force|p2a: Empoleon|[spread] p2a,p2b
|-resisted|p2a: Empoleon
|-damage|p2a: Empoleon|85/100
|-damage|p2b: Ursaluna|52/100 brn
|
|-weather|Sandstorm|[upkeep]
|-damage|p1b: Indeedee|89/100|[from] Sandstorm
|-damage|p2b: Ursaluna|46/100 brn|[from] brn
|upkeep
|
|t:|1756399882
|switch|p1a: Sneasler|Sneasler, L50, M|100/100
|-enditem|p1a: Sneasler|Psychic Seed
|-boost|p1a: Sneasler|spd|1|[from] item: Psychic Seed
|turn|3
|
|t:|1756399915
|switch|p2a: Amoonguss|Amoonguss, L50, M|100/100
|move|p2b: Ursaluna|Facade|p1a: Sneasler
|-damage|p1a: Sneasler|0 fnt
|faint|p1a: Sneasler
|move|p1b: Indeedee|Expanding Force|p2a: Amoonguss|[spread] p2a,p2b
|-supereffective|p2a: Amoonguss
|-damage|p2a: Amoonguss|0 fnt
|-damage|p2b: Ursaluna|0 fnt
|faint|p2a: Amoonguss
|faint|p2b: Ursaluna
|
|-weather|Sandstorm|[upkeep]
|-damage|p1b: Indeedee|83/100|[from] Sandstorm
|upkeep
|
|t:|1756399927
|switch|p2a: Empoleon|Empoleon, L50, M|85/100
|switch|p2b: Porygon2|Porygon2, L50|94/100
|switch|p1a: Ursaluna|Ursaluna-Bloodmoon, L50, M|100/100
|-ability|p2b: Porygon2|Download|boost
|-boost|p2b: Porygon2|spa|1
|turn|4
|l| Hackervgc
|
|t:|1756399937
|move|p2a: Empoleon|Water Pledge|p1a: Ursaluna
|-supereffective|p1a: Ursaluna
|-damage|p1a: Ursaluna|0 fnt
|faint|p1a: Ursaluna
|move|p2b: Porygon2|Ice Beam|p1b: Indeedee
|-damage|p1b: Indeedee|26/100
|move|p1b: Indeedee|Expanding Force|p2a: Empoleon|[spread] p2a,p2b
|-resisted|p2a: Empoleon
|-crit|p2a: Empoleon
|-damage|p2a: Empoleon|58/100
|-damage|p2b: Porygon2|36/100
|
|-weather|Sandstorm|[upkeep]
|-damage|p2b: Porygon2|30/100|[from] Sandstorm
|-damage|p1b: Indeedee|20/100|[from] Sandstorm
|upkeep
|turn|5
|
|t:|1756399951
|move|p2a: Empoleon|Water Pledge|p1b: Indeedee
|-damage|p1b: Indeedee|0 fnt
|faint|p1b: Indeedee
|
|win|MegaMetaBestMeta
|raw|DonnyBoy766's rating: 1111 → 1088(-23 for losing)
|raw|MegaMetaBestMeta's rating: 1136 → 1159(+23 for winning)
|c|☆DonnyBoy766|ggs
|c|☆MegaMetaBestMeta|gg
|l|☆MegaMetaBestMeta
|player|p2|
|l|☆DonnyBoy766
|player|p1|
|j|☆DonnyBoy766
|player|p1|DonnyBoy766|fisherman-gen4|
