|j|☆caverna1
|j|☆ElXoXo21
|html|caverna1ElXoXo21    
|uhtml|bestof|Game 3 of a best-of-3
|t:|1783158472
|gametype|doubles
|player|p1|caverna1|boarder|1068
|player|p2|ElXoXo21|266|1000
|gen|9
|tier|[Gen 9 Champions] VGC 2026 Reg M-B (Bo3)
|rated|
|rule|Species Clause: Limit one of each Pokémon
|rule|Item Clause: Limit 1 of each item
|clearpoke
|poke|p1|Sceptile, L50, F|
|poke|p1|Aerodactyl, L50, M|
|poke|p1|Gholdengo, L50|
|poke|p1|Rotom-Heat, L50|
|poke|p1|Pelipper, L50, F|
|poke|p1|Milotic, L50, F|
|poke|p2|Gengar, L50, F|
|poke|p2|Politoed, L50, M|
|poke|p2|Clefable, L50, M|
|poke|p2|Whimsicott, L50, M|
|poke|p2|Meganium, L50, M|
|poke|p2|Gholdengo, L50|
|teampreview|4
|showteam|p1|Sceptile||Sceptilite|Overgrow|Protect,EarthPower,EnergyBall,VacuumWave|Timid||F|||50|]Aerodactyl||FocusSash|Unnerve|Tailwind,Earthquake,RockSlide,DualWingbeat|Jolly||M|||50|]Gholdengo||LifeOrb|GoodasGold|Protect,NastyPlot,ShadowBall,MakeItRain|Modest|||||50|]Rotom-Heat||ChoiceScarf|Levitate|Trick,Discharge,Overheat,Thunder|Timid|||||50|]Pelipper||SitrusBerry|Drizzle|Hurricane,Protect,WeatherBall,Tailwind|Modest||F|||50|]Milotic||Leftovers|Competitive|Protect,Scald,LifeDew,IcyWind|Bold||F|||50|
|showteam|p2|Gengar||Gengarite|CursedBody|Protect,PerishSong,Disable,SludgeBomb|Timid||F|||50|]Politoed||Leftovers|Drizzle|Protect,PerishSong,HelpingHand,WeatherBall|Bold||M|||50|]Clefable||SitrusBerry|MagicGuard|Protect,FollowMe,Encore,Moonblast|Calm||M|||50|]Whimsicott||FocusSash|Prankster|Protect,Encore,Tailwind,LightScreen|Timid||M|||50|]Meganium||Meganiumite|LeafGuard|Protect,WeatherBall,SolarBeam,DazzlingGleam|Modest||M|||50|]Gholdengo||LifeOrb|GoodasGold|Protect,NastyPlot,ShadowBall,MakeItRain|Modest|||||50|
|inactive|Battle timer is ON: inactive players will automatically lose when time's up. (requested by caverna1)
|inactive|caverna1 has 60 seconds left.
|
|t:|1783158513
|teamsize|p1|4
|teamsize|p2|4
|start
|switch|p1a: Sceptile|Sceptile, L50, F|100/100
|switch|p1b: Aerodactyl|Aerodactyl, L50, M|100/100
|switch|p2a: Meganium|Meganium, L50, M|100/100
|switch|p2b: Whimsicott|Whimsicott, L50, M|100/100
|-ability|p1b: Aerodactyl|Unnerve
|turn|1
|inactive|caverna1 has 30 seconds left.
|inactive|ElXoXo21 has 30 seconds left.
|inactive|caverna1 has 20 seconds left.
|inactive|ElXoXo21 has 20 seconds left.
|inactive|caverna1 has 15 seconds left.
|inactive|ElXoXo21 has 15 seconds left.
|inactive|caverna1 has 10 seconds left.
|
|t:|1783158560
|switch|p1a: Rotom|Rotom-Heat, L50|100/100
|detailschange|p2a: Meganium|Meganium-Mega, L50, M
|-mega|p2a: Meganium|Meganium|Meganiumite
|move|p2b: Whimsicott|Tailwind|p2b: Whimsicott
|-sidestart|p2: ElXoXo21|move: Tailwind
|move|p2a: Meganium|Solar Beam||[still]
|-prepare|p2a: Meganium|Solar Beam
|-activate|p2a: Meganium|ability: Mega Sol
|-anim|p2a: Meganium|Solar Beam|p1b: Aerodactyl
|-damage|p1b: Aerodactyl|1/100
|move|p1b: Aerodactyl|Dual Wingbeat|p2b: Whimsicott
|-supereffective|p2b: Whimsicott|1
|-damage|p2b: Whimsicott|47/100
|-supereffective|p2b: Whimsicott|1
|-damage|p2b: Whimsicott|0 fnt
|faint|p2b: Whimsicott
|-hitcount|p2: Whimsicott|2
|
|upkeep
|inactive|ElXoXo21 has 30 seconds left.
|
|t:|1783158587
|switch|p2b: Clefable|Clefable, L50, M|100/100
|turn|2
|inactive|caverna1 has 30 seconds left.
|inactive|caverna1 has 20 seconds left.
|
|t:|1783158623
|switch|p1b: Sceptile|Sceptile, L50, F|100/100
|move|p2b: Clefable|Follow Me|p2b: Clefable
|-singleturn|p2b: Clefable|move: Follow Me
|move|p1a: Rotom|Overheat|p2b: Clefable
|-damage|p2b: Clefable|56/100
|-unboost|p1a: Rotom|spa|2
|move|p2a: Meganium|Dazzling Gleam|p1a: Rotom|[spread] p1a,p1b
|-resisted|p1a: Rotom|1
|-damage|p1a: Rotom|77/100
|-damage|p1b: Sceptile|52/100
|
|upkeep
|turn|3
|inactive|caverna1 has 30 seconds left.
|inactive|ElXoXo21 has 30 seconds left.
|inactive|caverna1 has 20 seconds left.
|inactive|ElXoXo21 has 20 seconds left.
|inactive|ElXoXo21 has 15 seconds left.
|inactive|ElXoXo21 has 10 seconds left.
|inactive|ElXoXo21 has 5 seconds left.
|
|t:|1783158678
|move|p1b: Sceptile|Protect|p1b: Sceptile
|-singleturn|p1b: Sceptile|Protect
|move|p2b: Clefable|Protect|p2b: Clefable
|-singleturn|p2b: Clefable|Protect
|move|p1a: Rotom|Overheat|p2b: Clefable
|-activate|p2b: Clefable|move: Protect
|move|p2a: Meganium|Weather Ball|p1b: Sceptile
|-activate|p1b: Sceptile|move: Protect
|
|upkeep
|turn|4
|inactive|caverna1 has 30 seconds left.
|inactive|caverna1 has 20 seconds left.
|inactive|caverna1 has 15 seconds left.
|
|t:|1783158722
|detailschange|p1b: Sceptile|Sceptile-Mega, L50, F
|-mega|p1b: Sceptile|Sceptile|Sceptilite
|move|p1a: Rotom|Overheat|p2a: Meganium
|-supereffective|p2a: Meganium|1
|-damage|p2a: Meganium|49/100
|-unboost|p1a: Rotom|spa|2
|move|p1b: Sceptile|Energy Ball|p2a: Meganium
|-resisted|p2a: Meganium|1
|-damage|p2a: Meganium|23/100
|-unboost|p2a: Meganium|spd|1
|move|p2a: Meganium|Weather Ball|p1b: Sceptile
|-damage|p1b: Sceptile|0 fnt
|faint|p1b: Sceptile
|move|p2b: Clefable|Moonblast|p1a: Rotom
|-resisted|p1a: Rotom|1
|-damage|p1a: Rotom|57/100
|
|-sideend|p2: ElXoXo21|move: Tailwind
|upkeep
|inactive|caverna1 has 30 seconds left.
|inactive|caverna1 has 20 seconds left.
|
|t:|1783158759
|switch|p1b: Aerodactyl|Aerodactyl, L50, M|1/100
|-ability|p1b: Aerodactyl|Unnerve
|turn|5
|inactive|ElXoXo21 has 30 seconds left.
|inactive|ElXoXo21 has 20 seconds left.
|
|t:|1783158797
|switch|p2a: Politoed|Politoed, L50, M|100/100
|-weather|RainDance|[from] ability: Drizzle|[of] p2a: Politoed
|move|p2b: Clefable|Protect|p2b: Clefable
|-singleturn|p2b: Clefable|Protect
|move|p1a: Rotom|Overheat|p2a: Politoed
|-resisted|p2a: Politoed|1
|-damage|p2a: Politoed|96/100
|-unboost|p1a: Rotom|spa|2
|move|p1b: Aerodactyl|Tailwind|p1b: Aerodactyl
|-sidestart|p1: caverna1|move: Tailwind
|
|-weather|RainDance|[upkeep]
|-heal|p2a: Politoed|100/100|[from] item: Leftovers
|upkeep
|turn|6
|inactive|caverna1 has 30 seconds left.
|inactive|ElXoXo21 has 30 seconds left.
|inactive|caverna1 has 20 seconds left.
|inactive|caverna1 has 15 seconds left.
|inactive|caverna1 has 10 seconds left.
|inactive|caverna1 has 5 seconds left.
|
|t:|1783158847
|switch|p1a: Gholdengo|Gholdengo, L50|100/100
|move|p2b: Clefable|Follow Me|p2b: Clefable
|-singleturn|p2b: Clefable|move: Follow Me
|move|p1b: Aerodactyl|Rock Slide|p2b: Clefable|[spread] p2b
|-miss|p1b: Aerodactyl|p2a: Politoed
|-damage|p2b: Clefable|31/100
|move|p2a: Politoed|Weather Ball|p1b: Aerodactyl
|-supereffective|p1b: Aerodactyl|1
|-damage|p1b: Aerodactyl|0 fnt
|-enditem|p2b: Clefable|Sitrus Berry|[eat]
|-heal|p2b: Clefable|56/100|[from] item: Sitrus Berry
|faint|p1b: Aerodactyl
|
|-weather|RainDance|[upkeep]
|upkeep
|
|t:|1783158863
|switch|p1b: Rotom|Rotom-Heat, L50|57/100
|turn|7
|inactive|caverna1 has 30 seconds left.
|inactive|caverna1 has 20 seconds left.
|
|t:|1783158903
|move|p2a: Politoed|Protect|p2a: Politoed
|-singleturn|p2a: Politoed|Protect
|move|p2b: Clefable|Protect|p2b: Clefable
|-singleturn|p2b: Clefable|Protect
|move|p1b: Rotom|Thunder|p2a: Politoed
|-activate|p2a: Politoed|move: Protect
|move|p1a: Gholdengo|Make It Rain|p2b: Clefable|[spread] 
|-activate|p2a: Politoed|move: Protect
|-activate|p2b: Clefable|move: Protect
|
|-weather|RainDance|[upkeep]
|upkeep
|turn|8
|inactive|caverna1 has 30 seconds left.
|inactive|ElXoXo21 has 30 seconds left.
|inactive|caverna1 has 20 seconds left.
|inactive|ElXoXo21 has 20 seconds left.
|
|t:|1783158943
|move|p2b: Clefable|Follow Me|p2b: Clefable
|-singleturn|p2b: Clefable|move: Follow Me
|move|p1b: Rotom|Thunder|p2b: Clefable
|-damage|p2b: Clefable|23/100
|-status|p2b: Clefable|par
|move|p1a: Gholdengo|Make It Rain|p2b: Clefable|[spread] p2a,p2b
|-resisted|p2a: Politoed|1
|-supereffective|p2b: Clefable|1
|-damage|p2a: Politoed|75/100
|-damage|p2b: Clefable|0 fnt
|-unboost|p1a: Gholdengo|spa|2
|faint|p2b: Clefable
|-damage|p1a: Gholdengo|90/100|[from] item: Life Orb
|move|p2a: Politoed|Weather Ball|p1b: Rotom
|-supereffective|p1b: Rotom|1
|-damage|p1b: Rotom|0 fnt
|faint|p1b: Rotom
|
|-weather|RainDance|[upkeep]
|-heal|p2a: Politoed|81/100|[from] item: Leftovers
|-sideend|p1: caverna1|move: Tailwind
|upkeep
|
|t:|1783158958
|switch|p2b: Meganium|Meganium-Mega, L50, M|23/100
|turn|9
|
|t:|1783158983
|move|p2b: Meganium|Protect|p2b: Meganium
|-singleturn|p2b: Meganium|Protect
|move|p1a: Gholdengo|Make It Rain|p2b: Meganium|[spread] p2a
|-activate|p2b: Meganium|move: Protect
|-resisted|p2a: Politoed|1
|-damage|p2a: Politoed|69/100
|-unboost|p1a: Gholdengo|spa|2
|-damage|p1a: Gholdengo|80/100|[from] item: Life Orb
|move|p2a: Politoed|Perish Song|p2a: Politoed
|-immune|p1a: Gholdengo|[from] ability: Good as Gold
|-start|p2a: Politoed|perish3|[silent]
|-start|p2b: Meganium|perish3|[silent]
|-fieldactivate|move: Perish Song
|
|-weather|none
|-heal|p2a: Politoed|76/100|[from] item: Leftovers
|-start|p2b: Meganium|perish3
|-start|p2a: Politoed|perish3
|upkeep
|turn|10
|
|t:|1783159006
|move|p2a: Politoed|Helping Hand|p2b: Meganium
|-singleturn|p2b: Meganium|Helping Hand|[of] p2a: Politoed
|move|p1a: Gholdengo|Protect|p1a: Gholdengo
|-singleturn|p1a: Gholdengo|Protect
|move|p2b: Meganium|Weather Ball|p1a: Gholdengo
|-activate|p1a: Gholdengo|move: Protect
|
|-heal|p2a: Politoed|82/100|[from] item: Leftovers
|-start|p2b: Meganium|perish2
|-start|p2a: Politoed|perish2
|upkeep
|turn|11
|
|t:|1783159018
|move|p2a: Politoed|Helping Hand|p2b: Meganium
|-singleturn|p2b: Meganium|Helping Hand|[of] p2a: Politoed
|move|p1a: Gholdengo|Protect||[still]
|-fail|p1a: Gholdengo
|move|p2b: Meganium|Weather Ball|p1a: Gholdengo
|-supereffective|p1a: Gholdengo|1
|-damage|p1a: Gholdengo|0 fnt
|faint|p1a: Gholdengo
|
|win|ElXoXo21
|raw|caverna1's rating: 1068 → 1044(-24 for losing)
|raw|ElXoXo21's rating: 1000 → 1048(+48 for winning)
|l|☆ElXoXo21
|player|p2|
|c|☆caverna1|risky moves
