|j|☆AdvaiLuffy
|j|☆pomidorowa
|html|AdvaiLuffypomidorowa    
|uhtml|bestof|Game 1 of a best-of-3
|t:|1784970332
|gametype|doubles
|player|p1|AdvaiLuffy|red|1058
|player|p2|pomidorowa|clown|1000
|gen|9
|tier|[Gen 9 Champions] VGC 2026 Reg M-B (Bo3)
|rated|
|rule|Species Clause: Limit one of each Pokémon
|rule|Item Clause: Limit 1 of each item
|clearpoke
|poke|p1|Grimmsnarl, L50, M|
|poke|p1|Swampert, L50, M|
|poke|p1|Pelipper, L50, M|
|poke|p1|Archaludon, L50, M|
|poke|p1|Kingambit, L50, M|
|poke|p1|Metagross, L50|
|poke|p2|Dragalge, L50, F|
|poke|p2|Swampert, L50, M|
|poke|p2|Archaludon, L50, F|
|poke|p2|Pelipper, L50, M|
|poke|p2|Sinistcha, L50|
|poke|p2|Grimmsnarl, L50, M|
|teampreview|4
|showteam|p1|Grimmsnarl||LightClay|Prankster|FoulPlay,PartingShot,Reflect,LightScreen|Calm||M|||50|]Swampert||Swampertite|Damp|WaveCrash,Earthquake,IcePunch,Protect|Adamant||M|||50|]Pelipper||SitrusBerry|Drizzle|Hurricane,WeatherBall,Tailwind,WideGuard|Modest||M|||50|]Archaludon||Leftovers|Stamina|ElectroShot,DragonPulse,FlashCannon,Protect|Modest||M|||50|]Kingambit||BlackGlasses|Defiant|KowtowCleave,SuckerPunch,LowKick,Protect|Adamant||M|||50|]Metagross||Metagrossite|ClearBody|IronHead,PsychicFangs,BodyPress,Protect|Jolly|||||50|
|showteam|p2|Dragalge||Dragalgite|PoisonPoint|Toxic,Protect,SludgeBomb,DragonPulse|Modest||F|||50|]Swampert||Swampertite|Torrent|HighHorsepower,Protect,WaveCrash,KnockOff|Adamant||M|||50|]Archaludon||Leftovers|Stamina|ElectroShot,FlashCannon,Protect,AuraSphere|Modest||F|||50|]Pelipper||FocusSash|Drizzle|Tailwind,WeatherBall,Hurricane,Protect|Modest||M|||50|]Sinistcha||SitrusBerry|Hospitality|MatchaGotcha,LifeDew,RagePowder,TrickRoom|Serious|||||50|]Grimmsnarl||LightClay|Prankster|LightScreen,Reflect,FoulPlay,PartingShot|Careful||M|||50|
|inactive|Battle timer is ON: inactive players will automatically lose when time's up. (requested by AdvaiLuffy)
|inactive|pomidorowa has 60 seconds left.
|
|t:|1784970369
|teamsize|p1|4
|teamsize|p2|4
|start
|switch|p1a: Grimmsnarl|Grimmsnarl, L50, M|100/100
|switch|p1b: Archaludon|Archaludon, L50, M|100/100
|switch|p2a: Grimmsnarl|Grimmsnarl, L50, M|100/100
|switch|p2b: Swampert|Swampert, L50, M|100/100
|turn|1
|inactive|AdvaiLuffy has 30 seconds left.
|inactive|pomidorowa has 30 seconds left.
|
|t:|1784970402
|detailschange|p2b: Swampert|Swampert-Mega, L50, M
|-mega|p2b: Swampert|Swampert|Swampertite
|move|p2a: Grimmsnarl|Light Screen|p2a: Grimmsnarl
|-sidestart|p2: pomidorowa|move: Light Screen
|move|p1a: Grimmsnarl|Reflect|p1a: Grimmsnarl
|-sidestart|p1: AdvaiLuffy|Reflect
|move|p2b: Swampert|Wave Crash|p1a: Grimmsnarl
|-damage|p1a: Grimmsnarl|51/100
|-damage|p2b: Swampert|81/100|[from] Recoil
|move|p1b: Archaludon|Flash Cannon|p2a: Grimmsnarl
|-supereffective|p2a: Grimmsnarl|1
|-damage|p2a: Grimmsnarl|59/100
|
|upkeep
|turn|2
|
|t:|1784970423
|move|p2b: Swampert|Protect|p2b: Swampert
|-singleturn|p2b: Swampert|Protect
|move|p2a: Grimmsnarl|Parting Shot|p1b: Archaludon
|-unboost|p1b: Archaludon|atk|1
|-unboost|p1b: Archaludon|spa|1
|
|t:|1784970433
|switch|p2a: Pelipper|Pelipper, L50, M|100/100|[from] Parting Shot
|-weather|RainDance|[from] ability: Drizzle|[of] p2a: Pelipper
|move|p1b: Archaludon|Flash Cannon|p2a: Pelipper
|-resisted|p2a: Pelipper|1
|-damage|p2a: Pelipper|86/100
|move|p1a: Grimmsnarl|Foul Play|p1b: Archaludon
|-damage|p1b: Archaludon|90/100
|-ability|p1b: Archaludon|Stamina|boost
|-boost|p1b: Archaludon|def|1
|
|-weather|RainDance|[upkeep]
|-heal|p1b: Archaludon|96/100|[from] item: Leftovers
|upkeep
|turn|3
|
|t:|1784970455
|switch|p2a: Archaludon|Archaludon, L50, F|100/100
|move|p1a: Grimmsnarl|Parting Shot|p2b: Swampert
|-unboost|p2b: Swampert|atk|1
|-unboost|p2b: Swampert|spa|1
|
|t:|1784970461
|switch|p1a: Swampert|Swampert, L50, M|100/100|[from] Parting Shot
|move|p2b: Swampert|High Horsepower|p1b: Archaludon
|-supereffective|p1b: Archaludon|1
|-damage|p1b: Archaludon|71/100
|-ability|p1b: Archaludon|Stamina|boost
|-boost|p1b: Archaludon|def|1
|move|p1b: Archaludon|Electro Shot||[still]
|-prepare|p1b: Archaludon|Electro Shot
|-boost|p1b: Archaludon|spa|1
|-anim|p1b: Archaludon|Electro Shot|p2a: Archaludon
|-resisted|p2a: Archaludon|1
|-damage|p2a: Archaludon|85/100
|-ability|p2a: Archaludon|Stamina|boost
|-boost|p2a: Archaludon|def|1
|
|-weather|RainDance|[upkeep]
|-heal|p2a: Archaludon|91/100|[from] item: Leftovers
|-heal|p1b: Archaludon|77/100|[from] item: Leftovers
|upkeep
|turn|4
|inactive|pomidorowa has 30 seconds left.
|inactive|pomidorowa has 20 seconds left.
|inactive|pomidorowa has 15 seconds left.
|
|t:|1784970505
|switch|p2b: Grimmsnarl|Grimmsnarl, L50, M|59/100
|detailschange|p1a: Swampert|Swampert-Mega, L50, M
|-mega|p1a: Swampert|Swampert|Swampertite
|move|p1a: Swampert|Earthquake|p2a: Archaludon|[spread] p1b,p2a,p2b
|-supereffective|p1b: Archaludon|1
|-supereffective|p2a: Archaludon|1
|-damage|p1b: Archaludon|55/100
|-damage|p2a: Archaludon|49/100
|-damage|p2b: Grimmsnarl|13/100
|-ability|p1b: Archaludon|Stamina|boost
|-boost|p1b: Archaludon|def|1
|-ability|p2a: Archaludon|Stamina|boost
|-boost|p2a: Archaludon|def|1
|move|p2a: Archaludon|Electro Shot||[still]
|-prepare|p2a: Archaludon|Electro Shot
|-boost|p2a: Archaludon|spa|1
|-anim|p2a: Archaludon|Electro Shot|p1b: Archaludon
|-resisted|p1b: Archaludon|1
|-damage|p1b: Archaludon|27/100
|-ability|p1b: Archaludon|Stamina|boost
|-boost|p1b: Archaludon|def|1
|move|p1b: Archaludon|Dragon Pulse|p2a: Archaludon
|-damage|p2a: Archaludon|21/100
|-ability|p2a: Archaludon|Stamina|boost
|-boost|p2a: Archaludon|def|1
|
|-weather|RainDance|[upkeep]
|-heal|p2a: Archaludon|27/100|[from] item: Leftovers
|-heal|p1b: Archaludon|33/100|[from] item: Leftovers
|upkeep
|turn|5
|inactive|AdvaiLuffy has 30 seconds left.
|inactive|pomidorowa has 30 seconds left.
|inactive|pomidorowa has 20 seconds left.
|inactive|pomidorowa has 15 seconds left.
|
|t:|1784970546
|move|p2a: Archaludon|Protect|p2a: Archaludon
|-singleturn|p2a: Archaludon|Protect
|move|p1b: Archaludon|Protect|p1b: Archaludon
|-singleturn|p1b: Archaludon|Protect
|move|p2b: Grimmsnarl|Parting Shot|p1a: Swampert
|-unboost|p1a: Swampert|atk|1
|-unboost|p1a: Swampert|spa|1
|
|t:|1784970554
|switch|p2b: Pelipper|Pelipper, L50, M|86/100|[from] Parting Shot
|move|p1a: Swampert|Earthquake|p2a: Archaludon|[spread] 
|-activate|p1b: Archaludon|move: Protect
|-activate|p2a: Archaludon|move: Protect
|-immune|p2b: Pelipper
|
|-weather|RainDance|[upkeep]
|-heal|p2a: Archaludon|34/100|[from] item: Leftovers
|-heal|p1b: Archaludon|39/100|[from] item: Leftovers
|upkeep
|turn|6
|inactive|pomidorowa has 30 seconds left.
|inactive|pomidorowa has 20 seconds left.
|inactive|pomidorowa has 15 seconds left.
|inactive|AdvaiLuffy has 30 seconds left.
|inactive|pomidorowa has 10 seconds left.
|
|t:|1784970604
|move|p1a: Swampert|Earthquake|p2a: Archaludon|[spread] p1b,p2a
|-immune|p2b: Pelipper
|-supereffective|p1b: Archaludon|1
|-supereffective|p2a: Archaludon|1
|-damage|p1b: Archaludon|28/100
|-damage|p2a: Archaludon|15/100
|-ability|p1b: Archaludon|Stamina|boost
|-boost|p1b: Archaludon|def|1
|-ability|p2a: Archaludon|Stamina|boost
|-boost|p2a: Archaludon|def|1
|move|p2a: Archaludon|Electro Shot||[still]
|-prepare|p2a: Archaludon|Electro Shot
|-boost|p2a: Archaludon|spa|1
|-anim|p2a: Archaludon|Electro Shot|p1b: Archaludon
|-resisted|p1b: Archaludon|1
|-damage|p1b: Archaludon|0 fnt
|faint|p1b: Archaludon
|move|p2b: Pelipper|Tailwind|p2b: Pelipper
|-sidestart|p2: pomidorowa|move: Tailwind
|
|-weather|none
|-heal|p2a: Archaludon|21/100|[from] item: Leftovers
|upkeep
|
|t:|1784970620
|switch|p1b: Grimmsnarl|Grimmsnarl, L50, M|51/100
|turn|7
|
|t:|1784970636
|switch|p2b: Grimmsnarl|Grimmsnarl, L50, M|13/100
|switch|p1a: Metagross|Metagross, L50|100/100
|move|p1b: Grimmsnarl|Parting Shot|p2a: Archaludon
|-unboost|p2a: Archaludon|atk|1
|-unboost|p2a: Archaludon|spa|1
|
|t:|1784970644
|switch|p1b: Swampert|Swampert-Mega, L50, M|100/100|[from] Parting Shot
|move|p2a: Archaludon|Flash Cannon|p1b: Swampert
|-resisted|p1b: Swampert|1
|-damage|p1b: Swampert|75/100
|
|-heal|p2a: Archaludon|27/100|[from] item: Leftovers
|upkeep
|turn|8
|inactive|AdvaiLuffy has 30 seconds left.
|inactive|pomidorowa has 30 seconds left.
|
|t:|1784970672
|move|p2b: Grimmsnarl|Reflect|p2b: Grimmsnarl
|-sidestart|p2: pomidorowa|Reflect
|move|p2a: Archaludon|Aura Sphere|p1a: Metagross
|-damage|p1a: Metagross|55/100
|move|p1a: Metagross|Body Press|p2a: Archaludon
|-supereffective|p2a: Archaludon|1
|-damage|p2a: Archaludon|19/100
|-ability|p2a: Archaludon|Stamina|boost
|-boost|p2a: Archaludon|def|1
|move|p1b: Swampert|Wave Crash|p2a: Archaludon
|-resisted|p2a: Archaludon|1
|-damage|p2a: Archaludon|14/100
|-ability|p2a: Archaludon|Stamina|boost
|-boost|p2a: Archaludon|def|1
|-damage|p1b: Swampert|73/100|[from] Recoil
|
|-heal|p2a: Archaludon|20/100y|[from] item: Leftovers
|-sideend|p1: AdvaiLuffy|Reflect
|-sideend|p2: pomidorowa|move: Light Screen
|upkeep
|turn|9
|-message|AdvaiLuffy forfeited.
|
|win|pomidorowa
|l|☆AdvaiLuffy
|player|p1|
|raw|AdvaiLuffy's rating: 1058 → 1036(-22 for losing)
|raw|pomidorowa's rating: 1000 → 1047(+47 for winning)
