|j|☆Yei_Lai
|j|☆Kotestplayer
|html|Yei_LaiKotestplayer    
|uhtml|bestof|Game 3 of a best-of-3
|t:|1786194637
|gametype|doubles
|player|p1|Yei_Lai|dawn|
|player|p2|Kotestplayer|266|
|gen|9
|tier|[Gen 9 Champions] VGC 2026 Reg M-B (Bo3)
|rule|Species Clause: Limit one of each Pokémon
|rule|Item Clause: Limit 1 of each item
|clearpoke
|poke|p1|Charizard, L50, F|
|poke|p1|Garchomp, L50, M|
|poke|p1|Whimsicott, L50, F|
|poke|p1|Basculegion, L50, M|
|poke|p1|Floette-Eternal, L50, F|
|poke|p1|Kingambit, L50, F|
|poke|p2|Whimsicott, L50, M|
|poke|p2|Garchomp, L50, F|
|poke|p2|Sylveon, L50, F|
|poke|p2|Gholdengo, L50|
|poke|p2|Gyarados, L50, F|
|poke|p2|Raichu, L50, F|
|teampreview|4
|showteam|p1|Charizard||CharizarditeY|Blaze|HeatWave,SolarBeam,WeatherBall,Protect|Modest||F|||50|]Garchomp||LifeOrb|RoughSkin|DragonClaw,StompingTantrum,RockSlide,Protect|Jolly||M|||50|]Whimsicott||FocusSash|Prankster|Moonblast,Tailwind,Encore,Protect|Timid||F|||50|]Basculegion||MysticWater|Adaptability|WaveCrash,AquaJet,Protect,LastRespects|Adamant||M|||50|]Floette-Eternal||Floettite|FlowerVeil|Moonblast,DazzlingGleam,LightofRuin,Protect|Timid||F|||50|]Kingambit||ChopleBerry|Defiant|KowtowCleave,LowKick,SuckerPunch,IronHead|Adamant||F|||50|
|showteam|p2|Whimsicott||FocusSash|Prankster|Moonblast,Tailwind,Encore,Protect|Timid||M|||50|]Garchomp||LifeOrb|RoughSkin|DragonClaw,StompingTantrum,RockSlide,Protect|Jolly||F|||50|]Sylveon||FairyFeather|Pixilate|HyperVoice,HyperBeam,QuickAttack,Detect|Modest||F|||50|]Gholdengo||SitrusBerry|GoodasGold|MakeItRain,ShadowBall,NastyPlot,Protect|Modest|||||50|]Gyarados||Gyaradosite|Intimidate|Waterfall,IceFang,LashOut,Protect|Adamant||F|||50|]Raichu||RaichuniteY|Static|FakeOut,ZapCannon,FocusBlast,Protect|Timid||F|||50|
|j| eight-clouds
|j| dd9261248
|j| Jason0103
|j| qaz8787
|j| AllySwitch24
|j| 1pat_mud
|l| eight-clouds
|l|☆Kotestplayer
|player|p2|
|j| eight-clouds
|l| eight-clouds
|j|☆Kotestplayer
|player|p2|Kotestplayer|266|
|j| allen40103
|j| 0oBRUNCHo0
|j| eight-clouds
|c|☆Kotestplayer|好了
|c|☆Yei_Lai|我這邊也OK了
|l| eight-clouds
|c|☆Yei_Lai|請多指教
|
|t:|1786194747
|teamsize|p1|4
|teamsize|p2|4
|start
|switch|p1a: Floette|Floette-Eternal, L50, F|100/100
|switch|p1b: Whimsicott|Whimsicott, L50, F|100/100
|switch|p2a: Whimsicott|Whimsicott, L50, M|100/100
|switch|p2b: Raichu|Raichu, L50, F|100/100
|turn|1
|j| eight-clouds
|l| 0oBRUNCHo0
|
|t:|1786194785
|detailschange|p2b: Raichu|Raichu-Mega-Y, L50, F
|-mega|p2b: Raichu|Raichu|Raichunite Y
|detailschange|p1a: Floette|Floette-Mega, L50, F
|-mega|p1a: Floette|Floette|Floettite
|-ability|p1a: Floette|Fairy Aura
|move|p2a: Whimsicott|Tailwind|p2a: Whimsicott
|-sidestart|p2: Kotestplayer|move: Tailwind
|move|p1b: Whimsicott|Tailwind|p1b: Whimsicott
|-sidestart|p1: Yei_Lai|move: Tailwind
|move|p2b: Raichu|Zap Cannon|p1b: Whimsicott
|-resisted|p1b: Whimsicott|1
|-damage|p1b: Whimsicott|42/100
|-status|p1b: Whimsicott|par
|move|p1a: Floette|Dazzling Gleam|p2a: Whimsicott|[spread] p2a,p2b
|-damage|p2a: Whimsicott|18/100
|-damage|p2b: Raichu|33/100
|
|upkeep
|turn|2
|j| YuWei1101
|
|t:|1786194817
|move|p2a: Whimsicott|Encore|p1b: Whimsicott
|-start|p1b: Whimsicott|Encore
|move|p1b: Whimsicott|Tailwind||[still]
|-fail|p1b: Whimsicott
|move|p2b: Raichu|Zap Cannon|p1a: Floette
|-damage|p1a: Floette|35/100
|-status|p1a: Floette|par
|move|p1a: Floette|Dazzling Gleam|p2a: Whimsicott|[spread] p2a,p2b
|-damage|p2a: Whimsicott|0 fnt
|-damage|p2b: Raichu|0 fnt
|faint|p2a: Whimsicott
|faint|p2b: Raichu
|
|upkeep
|
|t:|1786194829
|switch|p2b: Gyarados|Gyarados, L50, F|100/100
|switch|p2a: Garchomp|Garchomp, L50, F|100/100
|-ability|p2b: Gyarados|Intimidate|boost
|-unboost|p1a: Floette|atk|1
|-unboost|p1b: Whimsicott|atk|1
|turn|3
|j| 0oBRUNCHo0
|
|t:|1786194865
|move|p1a: Floette|Protect|p1a: Floette
|-singleturn|p1a: Floette|Protect
|move|p1b: Whimsicott|Tailwind||[still]
|-fail|p1b: Whimsicott
|move|p2a: Garchomp|Stomping Tantrum|p1a: Floette
|-activate|p1a: Floette|move: Protect
|move|p2b: Gyarados|Lash Out|p1b: Whimsicott
|-resisted|p1b: Whimsicott|1
|-damage|p1b: Whimsicott|21/100 par
|
|upkeep
|turn|4
|
|t:|1786194892
|switch|p1b: Garchomp|Garchomp, L50, M|100/100
|move|p2a: Garchomp|Rock Slide|p1b: Garchomp|[spread] p1a,p1b
|-resisted|p1b: Garchomp|1
|-crit|p1b: Garchomp
|-damage|p1a: Floette|1/100 par
|-damage|p1b: Garchomp|80/100
|-damage|p2a: Garchomp|90/100|[from] item: Life Orb
|move|p2b: Gyarados|Waterfall|p1a: Floette
|-damage|p1a: Floette|0 fnt
|faint|p1a: Floette
|
|-sideend|p1: Yei_Lai|move: Tailwind
|-sideend|p2: Kotestplayer|move: Tailwind
|upkeep
|
|t:|1786194907
|switch|p1a: Whimsicott|Whimsicott, L50, F|21/100 par
|turn|5
|
|t:|1786194913
|move|p1b: Garchomp|Protect|p1b: Garchomp
|-singleturn|p1b: Garchomp|Protect
|move|p2a: Garchomp|Protect|p2a: Garchomp
|-singleturn|p2a: Garchomp|Protect
|cant|p1a: Whimsicott|par
|move|p2b: Gyarados|Ice Fang|p1a: Whimsicott
|-supereffective|p1a: Whimsicott|1
|-damage|p1a: Whimsicott|0 fnt
|faint|p1a: Whimsicott
|
|upkeep
|
|t:|1786194921
|switch|p1a: Basculegion|Basculegion, L50, M|100/100
|turn|6
|
|t:|1786194947
|move|p2a: Garchomp|Dragon Claw|p1b: Garchomp
|-supereffective|p1b: Garchomp|1
|-damage|p1b: Garchomp|0 fnt
|-damage|p2a: Garchomp|78/100|[from] ability: Rough Skin|[of] p1b: Garchomp
|faint|p1b: Garchomp
|-damage|p2a: Garchomp|68/100|[from] item: Life Orb
|move|p2b: Gyarados|Lash Out|p1a: Basculegion
|-supereffective|p1a: Basculegion|1
|-damage|p1a: Basculegion|35/100
|move|p1a: Basculegion|Last Respects|p2b: Gyarados
|-damage|p2b: Gyarados|0 fnt
|faint|p2b: Gyarados
|
|upkeep
|turn|7
|
|t:|1786194964
|move|p2a: Garchomp|Dragon Claw|p1a: Basculegion
|-damage|p1a: Basculegion|0 fnt
|faint|p1a: Basculegion
|-damage|p2a: Garchomp|58/100|[from] item: Life Orb
|
|win|Kotestplayer
|c|☆Yei_Lai|gg，謝謝指教
|l| eight-clouds
|c|☆Kotestplayer|Gg
|l| Jason0103
|l| 0oBRUNCHo0
|l| 1pat_mud
|l| AllySwitch24
