|j|☆Chatter Mane
|j|☆Gabeeel
|html|Chatter ManeGabeeel    
|uhtml|bestof|Game 1 of a best-of-3
|t:|1783196827
|gametype|doubles
|player|p1|Chatter Mane|zinnia|
|player|p2|Gabeeel|iris|
|gen|9
|tier|[Gen 9 Champions] VGC 2026 Reg M-B (Bo3)
|rule|Species Clause: Limit one of each Pokémon
|rule|Item Clause: Limit 1 of each item
|clearpoke
|poke|p1|Froslass, L50, F, shiny|
|poke|p1|Scovillain, L50, M, shiny|
|poke|p1|Rotom-Wash, L50, shiny|
|poke|p1|Glimmora, L50, M, shiny|
|poke|p1|Aegislash, L50, F, shiny|
|poke|p1|Kommo-o, L50, M|
|poke|p2|Scrafty, L50, M|
|poke|p2|Slowking-Galar, L50, M|
|poke|p2|Palafin, L50, M|
|poke|p2|Volcarona, L50, F|
|poke|p2|Meowscarada, L50, F|
|poke|p2|Metagross, L50|
|teampreview|4
|showteam|p1|Froslass||Froslassite|CursedBody|Blizzard,ShadowBall,AuroraVeil,Protect|Modest||F|||50|]Scovillain||Scovillainite|Moody|Overheat,GigaDrain,RagePowder,Protect|Calm||M|||50|]Rotom-Wash||ChoiceScarf|Levitate|HydroPump,Thunderbolt,Electroweb,Trick|Timid|||||50|]Glimmora||FocusSash|ToxicDebris|SludgeBomb,PowerGem,EarthPower,SpikyShield|Modest||M|||50|]Aegislash||LifeOrb|StanceChange|Poltergeist,IronHead,ShadowSneak,KingsShield|Adamant||F|||50|]Kommo-o||Leftovers|Bulletproof|ClangingScales,AuraSphere,ClangorousSoul,Protect|Modest||M|||50|
|showteam|p2|Scrafty||Scraftinite|Intimidate|FakeOut,KnockOff,DrainPunch,SwordsDance|Adamant||M|||50|]Slowking-Galar||LifeOrb|Regenerator|SludgeBomb,Psychic,TrickRoom,Protect|Quiet||M|||50|]Palafin||MysticWater|ZerotoHero|WaveCrash,FlipTurn,JetPunch,Protect|Adamant||M|||50|]Volcarona||Leftovers|FlameBody|HeatWave,GigaDrain,QuiverDance,Protect|Modest||F|||50|]Meowscarada||FocusSash|Overgrow|FlowerTrick,KnockOff,SuckerPunch,Protect|Jolly||F|||50|]Metagross||MetalCoat|ClearBody|BulletPunch,IronHead,PsychicFangs,Protect|Adamant|||||50|
|c|☆Gabeeel|glhf
|c|☆Chatter Mane|glhf
|
|t:|1783196929
|teamsize|p1|4
|teamsize|p2|4
|start
|switch|p1a: Glimmora|Glimmora, L50, M, shiny|100/100
|switch|p1b: Rotom|Rotom-Wash, L50, shiny|100/100
|switch|p2a: Slowking|Slowking-Galar, L50, M|100/100
|switch|p2b: Meowscarada|Meowscarada, L50, F|100/100
|turn|1
|
|t:|1783196974
|switch|p1b: Aegislash|Aegislash, L50, F, shiny|100/100
|switch|p2a: Scrafty|Scrafty, L50, M|100/100
|-ability|p2a: Scrafty|Intimidate|boost
|-unboost|p1a: Glimmora|atk|1
|-unboost|p1b: Aegislash|atk|1
|move|p2b: Meowscarada|Flower Trick|p1a: Glimmora
|-crit|p1a: Glimmora
|-damage|p1a: Glimmora|40/100
|-activate|p1a: Glimmora|ability: Toxic Debris
|-sidestart|p2: Gabeeel|move: Toxic Spikes
|move|p1a: Glimmora|Sludge Bomb|p2b: Meowscarada
|-supereffective|p2b: Meowscarada|1
|-enditem|p2b: Meowscarada|Focus Sash
|-damage|p2b: Meowscarada|1/100
|
|upkeep
|turn|2
|
|t:|1783197005
|switch|p1b: Scovillain|Scovillain, L50, M, shiny|100/100
|detailschange|p2a: Scrafty|Scrafty-Mega, L50, M
|-mega|p2a: Scrafty|Scrafty|Scraftinite
|-ability|p2a: Scrafty|Intimidate|boost
|-unboost|p1a: Glimmora|atk|1
|-unboost|p1b: Scovillain|atk|1
|move|p1a: Glimmora|Spiky Shield|p1a: Glimmora
|-singleturn|p1a: Glimmora|move: Protect
|move|p2b: Meowscarada|Sucker Punch||[still]
|-fail|p2b: Meowscarada
|move|p2a: Scrafty|Swords Dance|p2a: Scrafty
|-boost|p2a: Scrafty|atk|2
|
|-ability|p1b: Scovillain|Moody|boost
|-boost|p1b: Scovillain|spd|2
|-unboost|p1b: Scovillain|spa|1
|upkeep
|turn|3
|
|t:|1783197030
|switch|p2b: Slowking|Slowking-Galar, L50, M|100/100
|-sideend|p2: Gabeeel|move: Toxic Spikes|[of] p2b: Slowking
|switch|p1a: Aegislash|Aegislash, L50, F, shiny|100/100
|detailschange|p1b: Scovillain|Scovillain-Mega, L50, M, shiny
|-mega|p1b: Scovillain|Scovillain|Scovillainite
|move|p2a: Scrafty|Drain Punch|p1b: Scovillain
|-damage|p1b: Scovillain|3/100
|-status|p2a: Scrafty|brn|[from] ability: Spicy Spray|[of] p1b: Scovillain
|move|p1b: Scovillain|Giga Drain|p2b: Slowking
|-resisted|p2b: Slowking|1
|-damage|p2b: Slowking|90/100
|-heal|p1b: Scovillain|8/100|[from] drain|[of] p2b: Slowking
|
|-damage|p2a: Scrafty|94/100 brn|[from] brn
|upkeep
|turn|4
|
|t:|1783197058
|move|p2b: Slowking|Protect|p2b: Slowking
|-singleturn|p2b: Slowking|Protect
|move|p1b: Scovillain|Rage Powder|p1b: Scovillain
|-singleturn|p1b: Scovillain|move: Rage Powder
|move|p2a: Scrafty|Knock Off|p1b: Scovillain
|-damage|p1b: Scovillain|0 fnt
|faint|p1b: Scovillain
|-formechange|p1a: Aegislash|Aegislash-Blade|
|move|p1a: Aegislash|Iron Head|p2a: Scrafty
|-damage|p2a: Scrafty|46/100 brn
|-damage|p1a: Aegislash|90/100|[from] item: Life Orb
|
|-damage|p2a: Scrafty|40/100 brn|[from] brn
|upkeep
|
|t:|1783197065
|switch|p1b: Glimmora|Glimmora, L50, M, shiny|40/100
|turn|5
|
|t:|1783197077
|move|p1b: Glimmora|Sludge Bomb|p2a: Scrafty
|-damage|p2a: Scrafty|0 fnt
|faint|p2a: Scrafty
|move|p1a: Aegislash|Poltergeist|p2b: Slowking
|-activate|p2b: Slowking|move: Poltergeist|Life Orb
|-supereffective|p2b: Slowking|1
|-damage|p2b: Slowking|0 fnt
|faint|p2b: Slowking
|-damage|p1a: Aegislash|81/100|[from] item: Life Orb
|
|upkeep
|
|t:|1783197083
|switch|p2a: Volcarona|Volcarona, L50, F|100/100
|switch|p2b: Meowscarada|Meowscarada, L50, F|1/100
|turn|6
|
|t:|1783197099
|move|p2b: Meowscarada|Sucker Punch|p1b: Glimmora
|-damage|p1b: Glimmora|0 fnt
|-activate|p1b: Glimmora|ability: Toxic Debris
|-sidestart|p2: Gabeeel|move: Toxic Spikes
|faint|p1b: Glimmora
|move|p1a: Aegislash|Shadow Sneak|p2b: Meowscarada
|-resisted|p2b: Meowscarada|1
|-damage|p2b: Meowscarada|0 fnt
|faint|p2b: Meowscarada
|-damage|p1a: Aegislash|71/100|[from] item: Life Orb
|move|p2a: Volcarona|Quiver Dance|p2a: Volcarona
|-boost|p2a: Volcarona|spa|1
|-boost|p2a: Volcarona|spd|1
|-boost|p2a: Volcarona|spe|1
|
|upkeep
|
|t:|1783197101
|switch|p1b: Rotom|Rotom-Wash, L50, shiny|100/100
|turn|7
|
|t:|1783197123
|-formechange|p1a: Aegislash|Aegislash|
|move|p1a: Aegislash|King's Shield|p1a: Aegislash
|-singleturn|p1a: Aegislash|Protect
|move|p1b: Rotom|Trick|p2a: Volcarona
|-activate|p1b: Rotom|move: Trick|[of] p2a: Volcarona
|-item|p2a: Volcarona|Choice Scarf|[from] move: Trick
|-item|p1b: Rotom|Leftovers|[from] move: Trick
|move|p2a: Volcarona|Giga Drain|p1b: Rotom
|-supereffective|p1b: Rotom|1
|-damage|p1b: Rotom|7/100
|
|-heal|p1b: Rotom|12/100|[from] item: Leftovers
|upkeep
|turn|8
|
|t:|1783197144
|move|p2a: Volcarona|Giga Drain|p1b: Rotom
|-supereffective|p1b: Rotom|1
|-damage|p1b: Rotom|0 fnt
|faint|p1b: Rotom
|-formechange|p1a: Aegislash|Aegislash-Blade|
|move|p1a: Aegislash|Poltergeist|p2a: Volcarona
|-activate|p2a: Volcarona|move: Poltergeist|Choice Scarf
|-damage|p2a: Volcarona|0 fnt
|faint|p2a: Volcarona
|-damage|p1a: Aegislash|62/100|[from] item: Life Orb
|
|win|Chatter Mane
||Chatter Mane is ready for game 2.
||Gabeeel is ready for game 2.
|uhtml|next|Next: Game 2 of 3
|l|☆Chatter Mane
|player|p1|
|l|☆Gabeeel
|player|p2|
|j|☆Gabeeel
|player|p2|Gabeeel|iris|
