|j|☆disguisedavalos
|j|☆Boss_Melee
|html|disguisedavalosBoss_Melee    
|uhtml|bestof|Game 2 of a best-of-3
|t:|1782637466
|gametype|doubles
|player|p1|disguisedavalos|miku-ghost|1216
|player|p2|Boss_Melee|swimmerf|1147
|gen|9
|tier|[Gen 9 Champions] VGC 2026 Reg M-B (Bo3)
|rated|
|rule|Species Clause: Limit one of each Pokémon
|rule|Item Clause: Limit 1 of each item
|clearpoke
|poke|p1|Floette-Eternal, L50, F|
|poke|p1|Incineroar, L50, F, shiny|
|poke|p1|Sinistcha, L50, shiny|
|poke|p1|Garchomp, L50, M, shiny|
|poke|p1|Whimsicott, L50, F, shiny|
|poke|p1|Charizard, L50, M, shiny|
|poke|p2|Kingambit, L50, F, shiny|
|poke|p2|Basculegion, L50, M|
|poke|p2|Garchomp, L50, F|
|poke|p2|Whimsicott, L50, M|
|poke|p2|Floette-Eternal, L50, F|
|poke|p2|Charizard, L50, F, shiny|
|teampreview|4
|showteam|p1|Floette-Eternal||Floettite|FlowerVeil|DrainingKiss,DazzlingGleam,CalmMind,Protect|Modest||F|||50|]Incineroar||Charcoal|Intimidate|FakeOut,ThroatChop,FlareBlitz,PartingShot|Adamant||F|||50|]Sinistcha||CobaBerry|Hospitality|MatchaGotcha,RagePowder,LifeDew,TrickRoom|Bold|||||50|]Garchomp||LifeOrb|RoughSkin|RockSlide,Earthquake,DragonClaw,Protect|Jolly||M|||50|]Whimsicott||FocusSash|Prankster|Moonblast,Tailwind,Encore,Protect|Timid||F|||50|]Charizard||CharizarditeY|Blaze|WeatherBall,HeatWave,SolarBeam,Protect|Modest||M|||50|
|showteam|p2|Kingambit||ChopleBerry|Defiant|KowtowCleave,IronHead,SuckerPunch,Protect|Adamant||F|||50|]Basculegion||ChoiceScarf|Adaptability|WaveCrash,LastRespects,AquaJet,FlipTurn|Adamant||M|||50|]Garchomp||LifeOrb|RoughSkin|RockSlide,Earthquake,DragonClaw,Protect|Jolly||F|||50|]Whimsicott||FocusSash|Prankster|Moonblast,Tailwind,Encore,SunnyDay|Timid||M|||50|]Floette-Eternal||Floettite|FlowerVeil|Moonblast,DazzlingGleam,LightofRuin,Protect|Modest||F|||50|]Charizard||CharizarditeY|Blaze|HeatWave,WeatherBall,SolarBeam,Protect|Timid||F|||50|
|inactive|Battle timer is ON: inactive players will automatically lose when time's up. (requested by disguisedavalos)
|inactive|Boss_Melee has 60 seconds left.
|
|t:|1782637521
|teamsize|p1|4
|teamsize|p2|4
|start
|switch|p1a: Dandelion|Floette-Eternal, L50, F|100/100
|switch|p1b: Mr. Meow|Incineroar, L50, F, shiny|100/100
|switch|p2a: LittleSpit|Basculegion, L50, M|100/100
|switch|p2b: Floette|Floette-Eternal, L50, F|100/100
|-ability|p1b: Mr. Meow|Intimidate|boost
|-unboost|p2a: LittleSpit|atk|1
|-unboost|p2b: Floette|atk|1
|turn|1
|
|t:|1782637544
|detailschange|p1a: Dandelion|Floette-Mega, L50, F
|-mega|p1a: Dandelion|Floette|Floettite
|-ability|p1a: Dandelion|Fairy Aura
|move|p2b: Floette|Protect|p2b: Floette
|-singleturn|p2b: Floette|Protect
|move|p2a: LittleSpit|Flip Turn|p1b: Mr. Meow
|-supereffective|p1b: Mr. Meow|1
|-damage|p1b: Mr. Meow|42/100
|
|t:|1782637555
|switch|p2a: Whimsicott|Whimsicott, L50, M|100/100|[from] Flip Turn
|move|p1a: Dandelion|Calm Mind|p1a: Dandelion
|-boost|p1a: Dandelion|spa|1
|-boost|p1a: Dandelion|spd|1
|move|p1b: Mr. Meow|Throat Chop|p2a: Whimsicott
|-resisted|p2a: Whimsicott|1
|-damage|p2a: Whimsicott|67/100
|-start|p2a: Whimsicott|Throat Chop|[silent]
|
|upkeep
|turn|2
|l|☆disguisedavalos
|inactive|disguisedavalos disconnected and has a minute to reconnect!
|player|p1|
|
|t:|1782637578
|detailschange|p2b: Floette|Floette-Mega, L50, F
|-mega|p2b: Floette|Floette|Floettite
|-ability|p2b: Floette|Fairy Aura
|move|p1a: Dandelion|Protect|p1a: Dandelion
|-singleturn|p1a: Dandelion|Protect
|move|p2a: Whimsicott|Encore|p1a: Dandelion
|-activate|p1a: Dandelion|move: Protect
|move|p2b: Floette|Dazzling Gleam|p1b: Mr. Meow|[spread] p1b
|-activate|p1a: Dandelion|move: Protect
|-damage|p1b: Mr. Meow|0 fnt
|faint|p1b: Mr. Meow
|
|-end|p2a: Whimsicott|Throat Chop|[silent]
|upkeep
|j|☆disguisedavalos
|inactive|disguisedavalos reconnected and has 45 seconds left.
|player|p1|disguisedavalos|miku-ghost|
|
|t:|1782637595
|switch|p1b: Flaure|Whimsicott, L50, F, shiny|100/100
|turn|3
|
|t:|1782637611
|switch|p1a: Beri|Sinistcha, L50, shiny|100/100
|move|p2a: Whimsicott|Encore||[still]
|-fail|p2a: Whimsicott
|move|p1b: Flaure|Tailwind|p1b: Flaure
|-sidestart|p1: disguisedavalos|move: Tailwind
|move|p2b: Floette|Dazzling Gleam|p1b: Flaure|[spread] p1a,p1b
|-damage|p1a: Beri|52/100
|-damage|p1b: Flaure|5/100
|
|upkeep
|turn|4
|
|t:|1782637631
|move|p2a: Whimsicott|Tailwind|p2a: Whimsicott
|-sidestart|p2: Boss_Melee|move: Tailwind
|move|p1b: Flaure|Moonblast|p2b: Floette
|-damage|p2b: Floette|59/100
|move|p2b: Floette|Dazzling Gleam|p1b: Flaure|[spread] p1a,p1b
|-damage|p1a: Beri|0 fnt
|-damage|p1b: Flaure|0 fnt
|faint|p1a: Beri
|faint|p1b: Flaure
|
|upkeep
|
|t:|1782637642
|switch|p1b: Dandelion|Floette-Mega, L50, F|100/100
|-ability|p1b: Dandelion|Fairy Aura
|turn|5
|
|t:|1782637657
|move|p2a: Whimsicott|Moonblast|p1b: Dandelion
|-damage|p1b: Dandelion|63/100
|-unboost|p1b: Dandelion|spa|1
|move|p2b: Floette|Light of Ruin|p1b: Dandelion|[miss]
|-miss|p2b: Floette|p1b: Dandelion
|move|p1b: Dandelion|Dazzling Gleam|p2a: Whimsicott|[spread] p2a,p2b
|-crit|p2b: Floette
|-damage|p2a: Whimsicott|21/100
|-damage|p2b: Floette|0 fnt
|faint|p2b: Floette
|
|upkeep
|
|t:|1782637666
|switch|p2b: Yoshimitsu|Kingambit, L50, F, shiny|100/100
|turn|6
|
|t:|1782637677
|move|p2a: Whimsicott|Moonblast|p1b: Dandelion
|-damage|p1b: Dandelion|25/100
|-unboost|p1b: Dandelion|spa|1
|move|p1b: Dandelion|Dazzling Gleam|p2b: Yoshimitsu|[spread] p2a,p2b
|-damage|p2a: Whimsicott|0 fnt
|-damage|p2b: Yoshimitsu|77/100
|faint|p2a: Whimsicott
|move|p2b: Yoshimitsu|Iron Head|p1b: Dandelion
|-supereffective|p1b: Dandelion|1
|-damage|p1b: Dandelion|0 fnt
|faint|p1b: Dandelion
|
|win|Boss_Melee
