|j|☆pod_warbatino
|j|☆captaingarchomp92
|html|pod_warbatinocaptaingarchomp92    
|uhtml|bestof|Game 2 of a best-of-3
|t:|1782765443
|gametype|doubles
|player|p1|pod_warbatino|richboy|1142
|player|p2|captaingarchomp92|265|1249
|gen|9
|tier|[Gen 9 Champions] VGC 2026 Reg M-B (Bo3)
|rated|
|rule|Species Clause: Limit one of each Pokémon
|rule|Item Clause: Limit 1 of each item
|clearpoke
|poke|p1|Ditto, L50, shiny|
|poke|p1|Glimmora, L50, F, shiny|
|poke|p1|Sneasler, L50, F, shiny|
|poke|p1|Basculegion, L50, M, shiny|
|poke|p1|Kingambit, L50, M|
|poke|p1|Whimsicott, L50, F|
|poke|p2|Gengar, L50, M|
|poke|p2|Incineroar, L50, F|
|poke|p2|Politoed, L50, M|
|poke|p2|Archaludon, L50, M|
|poke|p2|Sinistcha, L50|
|poke|p2|Basculegion, L50, M|
|teampreview|4
|showteam|p1|Ditto||Leftovers|Imposter|Transform|Bold|||||50|]Glimmora||Glimmoranite|ToxicDebris|EarthPower,PowerGem,SludgeBomb,SpikyShield|Timid||F|||50|]Sneasler||WhiteHerb|Unburden|QuickGuard,CloseCombat,FakeOut,DireClaw|Jolly||F|||50|]Basculegion||MysticWater|MoldBreaker|LastRespects,FlipTurn,Protect,WaveCrash|Sassy||M|||50|]Kingambit||ExpertBelt|Defiant|IronHead,SuckerPunch,BrickBreak,Protect|Adamant||M|||50|]Whimsicott||FocusSash|Prankster|Tailwind,DazzlingGleam,WorrySeed,HelpingHand|Bold||F|||50|
|showteam|p2|Gengar||Gengarite|CursedBody|ShadowBall,PerishSong,Disable,Protect|Timid||M|||50|]Incineroar||PasshoBerry|Intimidate|ThroatChop,PartingShot,FakeOut,Protect|Careful||F|||50|]Politoed||SitrusBerry|Drizzle|WeatherBall,PerishSong,Encore,Protect|Calm||M|||50|]Archaludon||Leftovers|Stamina|DragonPulse,ElectroShot,FlashCannon,Protect|Calm||M|||50|]Sinistcha||KasibBerry|Hospitality|MatchaGotcha,RagePowder,LifeDew,Protect|Bold|||||50|]Basculegion||ChoiceScarf|Adaptability|WaveCrash,LastRespects,FlipTurn,AquaJet|Jolly||M|||50|
|inactive|Battle timer is ON: inactive players will automatically lose when time's up. (requested by captaingarchomp92)
|
|t:|1782765466
|teamsize|p1|4
|teamsize|p2|4
|start
|switch|p1a: Theridiosa|Sneasler, L50, F, shiny|100/100
|switch|p1b: Whimsicott|Whimsicott, L50, F|100/100
|switch|p2a: Incineroar|Incineroar, L50, F|100/100
|switch|p2b: Archaludon|Archaludon, L50, M|100/100
|-ability|p2a: Incineroar|Intimidate|boost
|-unboost|p1a: Theridiosa|atk|1
|-unboost|p1b: Whimsicott|atk|1
|-enditem|p1a: Theridiosa|White Herb
|-clearnegativeboost|p1a: Theridiosa|[silent]
|turn|1
|
|t:|1782765489
|move|p1a: Theridiosa|Fake Out|p2a: Incineroar
|-damage|p2a: Incineroar|88/100
|cant|p2a: Incineroar|flinch
|move|p1b: Whimsicott|Worry Seed|p2b: Archaludon
|-ability|p2b: Archaludon|Insomnia|Stamina|[from] move: Worry Seed
|move|p2b: Archaludon|Flash Cannon|p1b: Whimsicott
|-supereffective|p1b: Whimsicott|1
|-damage|p1b: Whimsicott|1/100
|
|upkeep
|turn|2
|inactive|pod_warbatino has 30 seconds left.
|inactive|captaingarchomp92 has 30 seconds left.
|
|t:|1782765519
|switch|p2a: Sinistcha|Sinistcha, L50|100/100
|move|p1b: Whimsicott|Helping Hand|p1a: Theridiosa
|-singleturn|p1a: Theridiosa|Helping Hand|[of] p1b: Whimsicott
|move|p2b: Archaludon|Protect|p2b: Archaludon
|-singleturn|p2b: Archaludon|Protect
|move|p1a: Theridiosa|Close Combat|p2a: Sinistcha
|-immune|p2a: Sinistcha
|
|upkeep
|turn|3
|
|t:|1782765539
|switch|p2b: Incineroar|Incineroar, L50, F|88/100
|-ability|p2b: Incineroar|Intimidate|boost
|-unboost|p1a: Theridiosa|atk|1
|-unboost|p1b: Whimsicott|atk|1
|move|p1b: Whimsicott|Helping Hand|p1a: Theridiosa
|-singleturn|p1a: Theridiosa|Helping Hand|[of] p1b: Whimsicott
|move|p1a: Theridiosa|Close Combat|p2b: Incineroar
|-supereffective|p2b: Incineroar|1
|-damage|p2b: Incineroar|0 fnt
|-unboost|p1a: Theridiosa|def|1
|-unboost|p1a: Theridiosa|spd|1
|faint|p2b: Incineroar
|move|p2a: Sinistcha|Matcha Gotcha|p1b: Whimsicott|[spread] p1a,p1b
|-resisted|p1a: Theridiosa|1
|-resisted|p1b: Whimsicott|1
|-damage|p1a: Theridiosa|73/100
|-damage|p1b: Whimsicott|0 fnt
|faint|p1b: Whimsicott
|
|upkeep
|
|t:|1782765562
|switch|p1b: Kingambit|Kingambit, L50, M|100/100
|switch|p2b: Archaludon|Archaludon, L50, M|100/100
|turn|4
|
|t:|1782765585
|switch|p2a: Politoed|Politoed, L50, M|100/100
|-weather|RainDance|[from] ability: Drizzle|[of] p2a: Politoed
|move|p1a: Theridiosa|Dire Claw|p2a: Politoed
|-damage|p2a: Politoed|73/100
|move|p2b: Archaludon|Electro Shot||[still]
|-prepare|p2b: Archaludon|Electro Shot
|-boost|p2b: Archaludon|spa|1
|-anim|p2b: Archaludon|Electro Shot|p1a: Theridiosa
|-damage|p1a: Theridiosa|0 fnt
|faint|p1a: Theridiosa
|move|p1b: Kingambit|Iron Head|p2a: Politoed
|-resisted|p2a: Politoed|1
|-damage|p2a: Politoed|52/100
|
|-weather|RainDance|[upkeep]
|upkeep
|
|t:|1782765604
|switch|p1a: Ópalo|Glimmora, L50, F, shiny|100/100
|turn|5
|inactive|captaingarchomp92 has 30 seconds left.
|
|t:|1782765630
|detailschange|p1a: Ópalo|Glimmora-Mega, L50, F, shiny
|-mega|p1a: Ópalo|Glimmora|Glimmoranite
|move|p2b: Archaludon|Protect|p2b: Archaludon
|-singleturn|p2b: Archaludon|Protect
|move|p1a: Ópalo|Earth Power|p2b: Archaludon
|-activate|p2b: Archaludon|move: Protect
|move|p2a: Politoed|Weather Ball|p1a: Ópalo
|-supereffective|p1a: Ópalo|1
|-damage|p1a: Ópalo|0 fnt
|faint|p1a: Ópalo
|move|p1b: Kingambit|Brick Break|p2b: Archaludon
|-activate|p2b: Archaludon|move: Protect
|
|-weather|RainDance|[upkeep]
|upkeep
|turn|6
|
|t:|1782765645
|move|p2b: Archaludon|Electro Shot||[still]
|-prepare|p2b: Archaludon|Electro Shot
|-boost|p2b: Archaludon|spa|1
|-anim|p2b: Archaludon|Electro Shot|p1b: Kingambit
|-damage|p1b: Kingambit|34/100
|move|p2a: Politoed|Encore|p1b: Kingambit
|-start|p1b: Kingambit|Encore
|move|p1b: Kingambit|Brick Break|p2b: Archaludon
|-supereffective|p2b: Archaludon|1
|-damage|p2b: Archaludon|51/100
|-ability|p2b: Archaludon|Stamina|boost
|-boost|p2b: Archaludon|def|1
|
|-weather|RainDance|[upkeep]
|-heal|p2b: Archaludon|57/100|[from] item: Leftovers
|upkeep
|turn|7
|-message|pod_warbatino forfeited.
|raw|pod_warbatino's rating: 1142 → 1124(-18 for losing)
|raw|captaingarchomp92's rating: 1249 → 1267(+18 for winning)
|
|win|captaingarchomp92
|l|☆pod_warbatino
|player|p1|
