|j|☆iannaVi
|j|☆unatopipo
|html|iannaViunatopipo    
|uhtml|bestof|Game 2 of a best-of-3
|t:|1783937302
|gametype|doubles
|player|p1|iannaVi|cheren-gen5bw2|1228
|player|p2|unatopipo|aaron|1117
|gen|9
|tier|[Gen 9 Champions] VGC 2026 Reg M-B (Bo3)
|rated|
|rule|Species Clause: Limit one of each Pokémon
|rule|Item Clause: Limit 1 of each item
|clearpoke
|poke|p1|Sylveon, L50, F|
|poke|p1|Charizard, L50, F|
|poke|p1|Garchomp, L50, F|
|poke|p1|Aerodactyl, L50, F|
|poke|p1|Kingambit, L50, F|
|poke|p1|Farigiraf, L50, F|
|poke|p2|Sceptile, L50, F|
|poke|p2|Rotom-Heat, L50|
|poke|p2|Tinkaton, L50, F|
|poke|p2|Talonflame, L50, M|
|poke|p2|Glimmora, L50, M|
|poke|p2|Basculegion, L50, M|
|teampreview|4
|showteam|p1|Sylveon||FairyFeather|Pixilate|HyperVoice,HyperBeam,QuickAttack,Detect|Modest||F|||50|]Charizard||CharizarditeY|Blaze|WeatherBall,HeatWave,SolarBeam,Protect|Modest||F|||50|]Garchomp||LifeOrb|RoughSkin|DragonClaw,Protect,StompingTantrum,Earthquake|Jolly||F|||50|]Aerodactyl||Aerodactylite|Unnerve|RockSlide,IceFang,Tailwind,DualWingbeat|Jolly||F|||50|]Kingambit||FocusSash|Defiant|KowtowCleave,IronHead,SuckerPunch,LowKick|Adamant||F|||50|]Farigiraf||SitrusBerry|ArmorTail|TwinBeam,Thunderbolt,TrickRoom,Roar|Relaxed||F|||50|
|showteam|p2|Sceptile||Sceptilite|Overgrow|EnergyBall,DragonPulse,EarthPower,Detect|Timid||F|||50|]Rotom-Heat||ChoiceScarf|Levitate|Overheat,Discharge,WillOWisp,Trick|Timid|||||50|]Tinkaton||SitrusBerry|MoldBreaker|GigatonHammer,BrickBreak,FakeOut,Encore|Adamant||F|||50|]Talonflame||SharpBeak|GaleWings|DualWingbeat,Tailwind,Taunt,Protect|Jolly||M|||50|]Glimmora||FocusSash|ToxicDebris|SludgeBomb,PowerGem,EarthPower,SpikyShield|Modest||M|||50|]Basculegion||LifeOrb|Adaptability|LastRespects,WaveCrash,AquaJet,Protect|Adamant||M|||50|
|inactive|Battle timer is ON: inactive players will automatically lose when time's up. (requested by unatopipo)
|
|t:|1783937325
|teamsize|p1|4
|teamsize|p2|4
|start
|switch|p1a: Aerodactyl|Aerodactyl, L50, F|100/100
|switch|p1b: Kingambit|Kingambit, L50, F|100/100
|switch|p2a: Tinkaton|Tinkaton, L50, F|100/100
|switch|p2b: Glimmora|Glimmora, L50, M|100/100
|-ability|p1a: Aerodactyl|Unnerve
|-ability|p2a: Tinkaton|Mold Breaker
|turn|1
|inactive|iannaVi has 30 seconds left.
|inactive|iannaVi has 20 seconds left.
|
|t:|1783937361
|detailschange|p1a: Aerodactyl|Aerodactyl-Mega, L50, F
|-mega|p1a: Aerodactyl|Aerodactyl|Aerodactylite
|move|p1a: Aerodactyl|Tailwind|p1a: Aerodactyl
|-sidestart|p1: iannaVi|move: Tailwind
|move|p1b: Kingambit|Iron Head|p2b: Glimmora
|-supereffective|p2b: Glimmora|1
|-enditem|p2b: Glimmora|Focus Sash
|-damage|p2b: Glimmora|1/100
|-activate|p2b: Glimmora|ability: Toxic Debris
|-sidestart|p1: iannaVi|move: Toxic Spikes
|cant|p2b: Glimmora|flinch
|move|p2a: Tinkaton|Brick Break|p1b: Kingambit
|-supereffective|p1b: Kingambit|2
|-damage|p1b: Kingambit|43/100
|
|upkeep
|turn|2
|inactive|iannaVi has 30 seconds left.
|inactive|unatopipo has 30 seconds left.
|
|t:|1783937391
|move|p2b: Glimmora|Spiky Shield|p2b: Glimmora
|-singleturn|p2b: Glimmora|move: Protect
|move|p1a: Aerodactyl|Rock Slide|p2b: Glimmora|[spread] p2a
|-activate|p2b: Glimmora|move: Protect
|-resisted|p2a: Tinkaton|1
|-damage|p2a: Tinkaton|86/100
|move|p1b: Kingambit|Iron Head|p2a: Tinkaton
|-damage|p2a: Tinkaton|36/100
|-enditem|p2a: Tinkaton|Sitrus Berry|[eat]
|-heal|p2a: Tinkaton|61/100|[from] item: Sitrus Berry
|move|p2a: Tinkaton|Gigaton Hammer|p1a: Aerodactyl
|-supereffective|p1a: Aerodactyl|1
|-damage|p1a: Aerodactyl|0 fnt
|faint|p1a: Aerodactyl
|
|upkeep
|
|t:|1783937406
|switch|p1a: Garchomp|Garchomp, L50, F|100/100
|-status|p1a: Garchomp|psn
|turn|3
|
|t:|1783937423
|move|p1a: Garchomp|Stomping Tantrum|p2a: Tinkaton
|-supereffective|p2a: Tinkaton|1
|-damage|p2a: Tinkaton|0 fnt
|faint|p2a: Tinkaton
|-damage|p1a: Garchomp|90/100 psn|[from] item: Life Orb
|move|p1b: Kingambit|Iron Head|p2b: Glimmora
|-supereffective|p2b: Glimmora|1
|-damage|p2b: Glimmora|0 fnt
|-activate|p2b: Glimmora|ability: Toxic Debris
|-sidestart|p1: iannaVi|move: Toxic Spikes
|faint|p2b: Glimmora
|
|-damage|p1a: Garchomp|77/100 psn|[from] psn
|upkeep
|
|t:|1783937434
|switch|p2b: Rotom|Rotom-Heat, L50|100/100
|switch|p2a: Sceptile|Sceptile, L50, F|100/100
|turn|4
|j| pirro9
|
|t:|1783937450
|detailschange|p2a: Sceptile|Sceptile-Mega, L50, F
|-mega|p2a: Sceptile|Sceptile|Sceptilite
|move|p2a: Sceptile|Detect|p2a: Sceptile
|-singleturn|p2a: Sceptile|Protect
|move|p1b: Kingambit|Sucker Punch|p2b: Rotom
|-damage|p2b: Rotom|52/100
|move|p1a: Garchomp|Dragon Claw|p2a: Sceptile
|-activate|p2a: Sceptile|move: Protect
|move|p2b: Rotom|Discharge|p1b: Kingambit|[spread] p1b
|-activate|p2a: Sceptile|move: Protect
|-immune|p1a: Garchomp
|-damage|p1b: Kingambit|16/100
|
|-damage|p1a: Garchomp|65/100 psn|[from] psn
|-sideend|p1: iannaVi|move: Tailwind
|upkeep
|turn|5
|inactive|iannaVi has 30 seconds left.
|
|t:|1783937484
|switch|p1a: Farigiraf|Farigiraf, L50, F|100/100
|-status|p1a: Farigiraf|tox
|move|p1b: Kingambit|Sucker Punch|p2b: Rotom
|-damage|p2b: Rotom|5/100
|move|p2b: Rotom|Discharge|p1b: Kingambit|[spread] p1a,p1b
|-ability|p2a: Sceptile|Lightning Rod|boost
|-boost|p2a: Sceptile|spa|1
|-damage|p1a: Farigiraf|77/100 tox
|-damage|p1b: Kingambit|0 fnt
|faint|p1b: Kingambit
|move|p2a: Sceptile|Dragon Pulse|p1a: Farigiraf
|-damage|p1a: Farigiraf|3/100 tox
|-enditem|p1a: Farigiraf|Sitrus Berry|[eat]
|-heal|p1a: Farigiraf|28/100 tox|[from] item: Sitrus Berry
|
|-damage|p1a: Farigiraf|22/100 tox|[from] psn
|upkeep
|
|t:|1783937500
|switch|p1b: Garchomp|Garchomp, L50, F|65/100 psn
|turn|6
|
|t:|1783937506
|move|p1b: Garchomp|Protect|p1b: Garchomp
|-singleturn|p1b: Garchomp|Protect
|move|p2b: Rotom|Discharge|p1a: Farigiraf|[spread] p1a
|-activate|p1b: Garchomp|move: Protect
|-ability|p2a: Sceptile|Lightning Rod|boost
|-boost|p2a: Sceptile|spa|1
|-damage|p1a: Farigiraf|0 fnt
|faint|p1a: Farigiraf
|move|p2a: Sceptile|Dragon Pulse|p1b: Garchomp
|-activate|p1b: Garchomp|move: Protect
|
|-damage|p1b: Garchomp|52/100 psn|[from] psn
|upkeep
|turn|7
|
|t:|1783937523
|move|p2b: Rotom|Discharge|p1b: Garchomp|[spread] 
|-ability|p2a: Sceptile|Lightning Rod|boost
|-boost|p2a: Sceptile|spa|1
|-immune|p1b: Garchomp
|move|p2a: Sceptile|Dragon Pulse|p1b: Garchomp
|-supereffective|p1b: Garchomp|1
|-damage|p1b: Garchomp|0 fnt
|faint|p1b: Garchomp
|
|win|unatopipo
||iannaVi is ready for game 3.
||unatopipo is ready for game 3.
|uhtml|next|Next: Game 3 of 3
|l| pirro9
