|j|☆Quill86
|j|☆STL Donductor
|html|Quill86STL Donductor    
|uhtml|bestof|Game 2 of a best-of-3
|t:|1757908345
|gametype|doubles
|player|p1|Quill86|lucas|1211
|player|p2|STL Donductor|hilbert|1345
|gen|9
|tier|[Gen 9] VGC 2025 Reg H (Bo3)
|rated|
|rule|Species Clause: Limit one of each Pokémon
|rule|Item Clause: Limit 1 of each item
|clearpoke
|poke|p1|Incineroar, L50, F|
|poke|p1|Gholdengo, L50|
|poke|p1|Ursaluna-Bloodmoon, L50, M|
|poke|p1|Indeedee-F, L50, F|
|poke|p1|Gallade, L50, M|
|poke|p1|Torkoal, L50, M|
|poke|p2|Slaking, L50, F|
|poke|p2|Weezing, L50, F|
|poke|p2|Sneasler, L50, F|
|poke|p2|Indeedee, L50, M|
|poke|p2|Dondozo, L50, F|
|poke|p2|Tatsugiri, L50, F|
|teampreview|4
|showteam|p1|Incineroar||SafetyGoggles|Intimidate|FakeOut,FlareBlitz,KnockOff,PartingShot|||F|||50|,,,,,Ghost]Gholdengo||SitrusBerry|GoodasGold|MakeItRain,ShadowBall,NastyPlot,Protect||||||50|,,,,,Water]Ursaluna-Bloodmoon||LifeOrb|MindsEye|BloodMoon,HyperVoice,EarthPower,Protect|||M|||50|,,,,,Normal]Indeedee-F||PsychicSeed|PsychicSurge|FollowMe,TrickRoom,HelpingHand,DazzlingGleam|||F|||50|,,,,,Fairy]Gallade||ClearAmulet|Sharpness|SacredSword,PsychoCut,WideGuard,TrickRoom|||M|||50|,,,,,Grass]Torkoal||Charcoal|Drought|Eruption,WeatherBall,Yawn,Protect|||M|||50|,,,,,Fire
|showteam|p2|Slaking||ChoiceBand|Truant|DoubleEdge,KnockOff,HighHorsepower,Earthquake|||F|||50|,,,,,Ghost]Weezing||CovertCloak|NeutralizingGas|SludgeBomb,PoisonGas,Taunt,Protect|||F|||50|,,,,,Flying]Sneasler||PsychicSeed|Unburden|DireClaw,CloseCombat,ThroatChop,Protect|||F|||50|,,,,,Dark]Indeedee||FocusSash|PsychicSurge|ExpandingForce,TeraBlast,HelpingHand,Protect|||M|||50|,,,,,Psychic]Dondozo||Leftovers|Unaware|WaveCrash,Earthquake,OrderUp,Protect|||F|||50|,,,,,Grass]Tatsugiri||SafetyGoggles|Commander|DracoMeteor,MuddyWater,HelpingHand,Protect|||F|||50|,,,,,Fairy
|inactive|Battle timer is ON: inactive players will automatically lose when time's up. (requested by STL Donductor)
|inactive|Quill86 has 60 seconds left.
|
|t:|1757908388
|teamsize|p1|4
|teamsize|p2|4
|start
|switch|p1a: Incineroar|Incineroar, L50, F|100/100
|switch|p1b: Gholdengo|Gholdengo, L50|100/100
|switch|p2a: Slaking|Slaking, L50, F|100/100
|switch|p2b: Weezing|Weezing, L50, F|100/100
|-ability|p2b: Weezing|Neutralizing Gas
|turn|1
|inactive|STL Donductor has 30 seconds left.
|
|t:|1757908422
|move|p1a: Incineroar|Fake Out|p2a: Slaking
|-crit|p2a: Slaking
|-damage|p2a: Slaking|89/100
|cant|p2a: Slaking|flinch
|move|p1b: Gholdengo|Nasty Plot|p1b: Gholdengo
|-boost|p1b: Gholdengo|spa|2
|move|p2b: Weezing|Poison Gas|p1a: Incineroar|[spread] p1a
|-miss|p2b: Weezing|p1b: Gholdengo
|-status|p1a: Incineroar|psn
|
|-damage|p1a: Incineroar|88/100 psn|[from] psn
|upkeep
|turn|2
|
|t:|1757908439
|switch|p2a: Tatsugiri|Tatsugiri, L50, F, shiny|100/100
|-end|p2b: Weezing|ability: Neutralizing Gas
|-ability|p1a: Incineroar|Intimidate|boost
|-unboost|p2a: Tatsugiri|atk|1
|-unboost|p2b: Weezing|atk|1
|switch|p2b: Dondozo|Dondozo, L50, F, shiny|100/100
|-activate|p2a: Tatsugiri|ability: Commander|[of] p2b: Dondozo
|-boost|p2b: Dondozo|atk|2
|-boost|p2b: Dondozo|spa|2
|-boost|p2b: Dondozo|spe|2
|-boost|p2b: Dondozo|def|2
|-boost|p2b: Dondozo|spd|2
|move|p1b: Gholdengo|Protect|p1b: Gholdengo
|-singleturn|p1b: Gholdengo|Protect
|move|p1a: Incineroar|Parting Shot|p2a: Tatsugiri|[miss]
|-miss|p1a: Incineroar|p2a: Tatsugiri
|
|-damage|p1a: Incineroar|76/100 psn|[from] psn
|upkeep
|turn|3
|inactive|Quill86 has 30 seconds left.
|
|t:|1757908465
|move|p2b: Dondozo|Wave Crash|p1a: Incineroar
|-supereffective|p1a: Incineroar
|-damage|p1a: Incineroar|0 fnt
|faint|p1a: Incineroar
|-damage|p2b: Dondozo|78/100|[from] Recoil
|move|p1b: Gholdengo|Shadow Ball|p2b: Dondozo
|-damage|p2b: Dondozo|55/100
|
|-heal|p2b: Dondozo|62/100|[from] item: Leftovers
|upkeep
|
|t:|1757908469
|switch|p1a: Gallade|Gallade, L50, M|100/100
|turn|4
|
|t:|1757908486
|-terastallize|p1a: Gallade|Grass
|move|p2b: Dondozo|Wave Crash|p1a: Gallade
|-resisted|p1a: Gallade
|-damage|p1a: Gallade|26/100
|-damage|p2b: Dondozo|43/100|[from] Recoil
|move|p1b: Gholdengo|Shadow Ball|p2b: Dondozo
|-damage|p2b: Dondozo|19/100
|-unboost|p2b: Dondozo|spd|1
|move|p1a: Gallade|Trick Room|p1a: Gallade
|-fieldstart|move: Trick Room|[of] p1a: Gallade
|
|-heal|p2b: Dondozo|25/100|[from] item: Leftovers
|upkeep
|turn|5
|
|t:|1757908500
|move|p2b: Dondozo|Protect|p2b: Dondozo
|-singleturn|p2b: Dondozo|Protect
|move|p1a: Gallade|Sacred Sword|p2b: Dondozo
|-activate|p2b: Dondozo|move: Protect
|move|p1b: Gholdengo|Shadow Ball|p2b: Dondozo
|-activate|p2b: Dondozo|move: Protect
|
|-heal|p2b: Dondozo|31/100|[from] item: Leftovers
|upkeep
|turn|6
|inactive|STL Donductor has 30 seconds left.
|
|t:|1757908533
|move|p1a: Gallade|Sacred Sword|p2b: Dondozo
|-damage|p2b: Dondozo|0 fnt
|faint|p2b: Dondozo
|move|p1b: Gholdengo|Shadow Ball|p2a: Tatsugiri
|-damage|p2a: Tatsugiri|0 fnt
|faint|p2a: Tatsugiri
|
|upkeep
|
|t:|1757908539
|switch|p2b: Slaking|Slaking, L50, F|89/100
|switch|p2a: Weezing|Weezing, L50, F|100/100
|-ability|p2a: Weezing|Neutralizing Gas
|turn|7
|-message|STL Donductor forfeited.
|
|win|Quill86
||STL Donductor is ready for game 3.
||Quill86 is ready for game 3.
|uhtml|next|Next: Game 3 of 3
|l|☆STL Donductor
|player|p2|
