|j|☆RadonVGC
|j|☆baarboo
|html|RadonVGCbaarboo    
|uhtml|bestof|Game 1 of a best-of-3
|t:|1783349874
|gametype|doubles
|player|p1|RadonVGC|aaron|1136
|player|p2|baarboo|170|1405
|gen|9
|tier|[Gen 9 Champions] VGC 2026 Reg M-B (Bo3)
|rated|
|rule|Species Clause: Limit one of each Pokémon
|rule|Item Clause: Limit 1 of each item
|clearpoke
|poke|p1|Venusaur, L50, M|
|poke|p1|Incineroar, L50, F|
|poke|p1|Rotom-Wash, L50|
|poke|p1|Gholdengo, L50|
|poke|p1|Dragonite, L50, M|
|poke|p1|Floette-Eternal, L50, F|
|poke|p2|Charizard, L50, M|
|poke|p2|Kingambit, L50, F|
|poke|p2|Sylveon, L50, F|
|poke|p2|Farigiraf, L50, F|
|poke|p2|Garchomp, L50, M|
|poke|p2|Aerodactyl, L50, F|
|teampreview|4
|showteam|p1|Venusaur||Venusaurite|Overgrow|SludgeBomb,GigaDrain,EarthPower,Protect|Modest||M|||50|]Incineroar||ChartiBerry|Intimidate|FakeOut,PartingShot,FlareBlitz,ThroatChop|Impish||F|||50|]Rotom-Wash||SitrusBerry|Levitate|HydroPump,WillOWisp,VoltSwitch,Protect|Modest|||||50|]Gholdengo||LifeOrb|GoodasGold|NastyPlot,MakeItRain,ShadowBall,Protect|Modest|||||50|]Dragonite||DragonFang|Multiscale|DragonClaw,LowKick,Tailwind,Protect|Adamant||M|||50|]Floette-Eternal||Floettite|FlowerVeil|Moonblast,LightofRuin,DazzlingGleam,Protect|Modest||F|||50|
|showteam|p2|Charizard||CharizarditeY|SolarPower|SolarBeam,WeatherBall,Protect,HeatWave|Modest||M|||50|]Kingambit||FocusSash|Defiant|KowtowCleave,SuckerPunch,LowKick,IronHead|Adamant||F|||50|]Sylveon||FairyFeather|Pixilate|Detect,HyperBeam,HyperVoice,QuickAttack|Modest||F|||50|]Farigiraf||SitrusBerry|ArmorTail|TrickRoom,TwinBeam,GrassKnot,Thunderbolt|Bold||F|||50|]Garchomp||LifeOrb|RoughSkin|Protect,Earthquake,DragonClaw,StompingTantrum|Jolly||M|||50|]Aerodactyl||Aerodactylite|Unnerve|RockSlide,IceFang,Tailwind,DualWingbeat|Jolly||F|||50|
|inactive|Battle timer is ON: inactive players will automatically lose when time's up. (requested by RadonVGC)
|inactive|RadonVGC has 60 seconds left.
|inactive|baarboo has 60 seconds left.
|
|t:|1783349917
|teamsize|p1|4
|teamsize|p2|4
|start
|switch|p1a: Incineroar|Incineroar, L50, F|100/100
|switch|p1b: Dragonite|Dragonite, L50, M|100/100
|switch|p2a: Charizard|Charizard, L50, M|100/100
|switch|p2b: Kingambit|Kingambit, L50, F|100/100
|-ability|p1a: Incineroar|Intimidate|boost
|-unboost|p2a: Charizard|atk|1
|-unboost|p2b: Kingambit|atk|1
|-ability|p2b: Kingambit|Defiant|boost
|-boost|p2b: Kingambit|atk|2
|turn|1
|
|t:|1783349937
|switch|p2b: Garchomp|Garchomp, L50, M|100/100
|detailschange|p2a: Charizard|Charizard-Mega-Y, L50, M
|-mega|p2a: Charizard|Charizard|Charizardite Y
|-weather|SunnyDay|[from] ability: Drought|[of] p2a: Charizard
|move|p1a: Incineroar|Fake Out|p2b: Garchomp
|-damage|p2b: Garchomp|90/100
|-damage|p1a: Incineroar|87/100|[from] ability: Rough Skin|[of] p2b: Garchomp
|move|p2a: Charizard|Heat Wave|p1a: Incineroar|[spread] p1b
|-miss|p2a: Charizard|p1a: Incineroar
|-resisted|p1b: Dragonite|1
|-damage|p1b: Dragonite|83/100
|move|p1b: Dragonite|Tailwind|p1b: Dragonite
|-sidestart|p1: RadonVGC|move: Tailwind
|
|-weather|SunnyDay|[upkeep]
|upkeep
|turn|2
|
|t:|1783349951
|move|p2b: Garchomp|Protect|p2b: Garchomp
|-singleturn|p2b: Garchomp|Protect
|move|p2a: Charizard|Protect|p2a: Charizard
|-singleturn|p2a: Charizard|Protect
|move|p1b: Dragonite|Dragon Claw|p2b: Garchomp
|-activate|p2b: Garchomp|move: Protect
|move|p1a: Incineroar|Parting Shot|p2a: Charizard
|-activate|p2a: Charizard|move: Protect
|
|-weather|SunnyDay|[upkeep]
|upkeep
|turn|3
|
|t:|1783349962
|switch|p2a: Kingambit|Kingambit, L50, F|100/100
|move|p1b: Dragonite|Dragon Claw|p2a: Kingambit
|-resisted|p2a: Kingambit|1
|-damage|p2a: Kingambit|73/100
|move|p2b: Garchomp|Dragon Claw|p1b: Dragonite
|-supereffective|p1b: Dragonite|1
|-damage|p1b: Dragonite|0 fnt
|faint|p1b: Dragonite
|-damage|p2b: Garchomp|80/100|[from] item: Life Orb
|move|p1a: Incineroar|Throat Chop|p2a: Kingambit
|-resisted|p2a: Kingambit|1
|-damage|p2a: Kingambit|59/100
|-start|p2a: Kingambit|Throat Chop|[silent]
|
|-weather|SunnyDay|[upkeep]
|upkeep
|
|t:|1783349970
|switch|p1b: Venusaur|Venusaur, L50, M|100/100
|turn|4
|
|t:|1783349982
|switch|p1a: Rotom|Rotom-Wash, L50|100/100
|detailschange|p1b: Venusaur|Venusaur-Mega, L50, M
|-mega|p1b: Venusaur|Venusaur|Venusaurite
|move|p2a: Kingambit|Sucker Punch|p1b: Venusaur
|-damage|p1b: Venusaur|69/100
|move|p1b: Venusaur|Giga Drain|p2b: Garchomp
|-damage|p2b: Garchomp|40/100
|-heal|p1b: Venusaur|90/100|[from] drain|[of] p2b: Garchomp
|move|p2b: Garchomp|Earthquake|p1b: Venusaur|[spread] p2a,p1b
|-immune|p1a: Rotom|[from] ability: Levitate
|-supereffective|p2a: Kingambit|1
|-damage|p2a: Kingambit|0 fnt
|-damage|p1b: Venusaur|53/100
|faint|p2a: Kingambit
|-damage|p2b: Garchomp|31/100|[from] item: Life Orb
|
|-weather|SunnyDay|[upkeep]
|-sideend|p1: RadonVGC|move: Tailwind
|upkeep
|
|t:|1783349989
|switch|p2a: Charizard|Charizard-Mega-Y, L50, M|100/100
|turn|5
|
|t:|1783350003
|move|p1a: Rotom|Protect|p1a: Rotom
|-singleturn|p1a: Rotom|Protect
|move|p2b: Garchomp|Dragon Claw|p1a: Rotom
|-activate|p1a: Rotom|move: Protect
|move|p2a: Charizard|Solar Beam||[still]
|-prepare|p2a: Charizard|Solar Beam
|-anim|p2a: Charizard|Solar Beam|p1a: Rotom
|-activate|p1a: Rotom|move: Protect
|move|p1b: Venusaur|Giga Drain|p2b: Garchomp
|-damage|p2b: Garchomp|0 fnt
|-heal|p1b: Venusaur|69/100|[from] drain|[of] p2b: Garchomp
|faint|p2b: Garchomp
|
|-weather|none
|upkeep
|
|t:|1783350006
|switch|p2b: Sylveon|Sylveon, L50, F|100/100
|turn|6
|
|t:|1783350016
|move|p2a: Charizard|Heat Wave|p1a: Rotom|[spread] p1b
|-miss|p2a: Charizard|p1a: Rotom
|-supereffective|p1b: Venusaur|1
|-damage|p1b: Venusaur|41/100
|move|p1a: Rotom|Hydro Pump|p2a: Charizard
|-supereffective|p2a: Charizard|1
|-damage|p2a: Charizard|5/100
|move|p1b: Venusaur|Sludge Bomb|p2b: Sylveon
|-supereffective|p2b: Sylveon|1
|-crit|p2b: Sylveon
|-damage|p2b: Sylveon|0 fnt
|faint|p2b: Sylveon
|
|upkeep
|turn|7
|
|t:|1783350025
|move|p2a: Charizard|Heat Wave|p1a: Rotom|[spread] p1a,p1b
|-resisted|p1a: Rotom|1
|-supereffective|p1b: Venusaur|1
|-damage|p1a: Rotom|75/100
|-damage|p1b: Venusaur|11/100
|move|p1a: Rotom|Volt Switch|p2a: Charizard
|-supereffective|p2a: Charizard|1
|-damage|p2a: Charizard|0 fnt
|faint|p2a: Charizard
|
|win|RadonVGC
||baarboo is ready for game 2.
|l|☆baarboo
|player|p2|
||RadonVGC is ready for game 2.
|uhtml|next|Next: Game 2 of 3
|l|☆RadonVGC
|player|p1|
|j|☆baarboo
|player|p2|baarboo|170|
|l|☆baarboo
|player|p2|
|j|☆baarboo
|player|p2|baarboo|170|
