|j|☆FreezyPop439
|j|☆KushEffectx
|html|FreezyPop439KushEffectx    
|uhtml|bestof|Game 2 of a best-of-3
|t:|1782228008
|gametype|doubles
|player|p1|FreezyPop439|collector|1135
|player|p2|KushEffectx|102|1045
|gen|9
|tier|[Gen 9 Champions] VGC 2026 Reg M-B (Bo3)
|rated|
|rule|Species Clause: Limit one of each Pokémon
|rule|Item Clause: Limit 1 of each item
|clearpoke
|poke|p1|Garchomp, L50, F|
|poke|p1|Staraptor, L50, M|
|poke|p1|Grimmsnarl, L50, M|
|poke|p1|Gholdengo, L50|
|poke|p1|Maushold-Four, L50|
|poke|p1|Volcarona, L50, M|
|poke|p2|Annihilape, L50, M|
|poke|p2|Maushold-Four, L50|
|poke|p2|Sinistcha-Masterpiece, L50|
|poke|p2|Whimsicott, L50, F, shiny|
|poke|p2|Grimmsnarl, L50, M, shiny|
|poke|p2|Floette-Eternal, L50, F|
|teampreview|4
|showteam|p1|Garchomp||LifeOrb|RoughSkin|Earthquake,DragonClaw,RockSlide,Protect|Jolly||F|||50|]Staraptor||Staraptite|Intimidate|BraveBird,CloseCombat,Roost,Protect|Jolly||M|||50|]Grimmsnarl||LightClay|Prankster|SpiritBreak,LightScreen,Reflect,PartingShot|Careful||M|||50|]Gholdengo||MetalCoat|GoodasGold|MakeItRain,ShadowBall,NastyPlot,Protect|Modest|||||50|]Maushold-Four||FocusSash|FriendGuard|FollowMe,Charm,SuperFang,Protect|Jolly|||||50|]Volcarona||ChartiBerry|FlameBody|HeatWave,StruggleBug,RagePowder,Tailwind|Timid||M|||50|
|showteam|p2|Annihilape||Leftovers|Defiant|RageFist,DrainPunch,BulkUp,Protect|Adamant||M|||50|]Maushold-Four||FocusSash|FriendGuard|FollowMe,SuperFang,BeatUp,Protect|Jolly|||||50|]Sinistcha-Masterpiece||KasibBerry|Hospitality|MatchaGotcha,RagePowder,LifeDew,TrickRoom|Calm|||||50|]Whimsicott||FairyFeather|Prankster|Tailwind,Moonblast,BeatUp,Protect|Calm||F|||50|]Grimmsnarl||LightClay|Prankster|LightScreen,Reflect,PartingShot,SpiritBreak|Impish||M|||50|]Floette-Eternal||Floettite|FlowerVeil|Moonblast,DazzlingGleam,Protect,LightofRuin|Modest||F|||50|
|
|t:|1782228030
|teamsize|p1|4
|teamsize|p2|4
|start
|switch|p1a: Maushold|Maushold-Four, L50|100/100
|switch|p1b: Gholdengo|Gholdengo, L50|100/100
|switch|p2a: Annihilape|Annihilape, L50, M|100/100
|switch|p2b: Grimmsnarl|Grimmsnarl, L50, M, shiny|100/100
|turn|1
|
|t:|1782228063
|move|p1a: Maushold|Follow Me|p1a: Maushold
|-singleturn|p1a: Maushold|move: Follow Me
|move|p2b: Grimmsnarl|Light Screen|p2b: Grimmsnarl
|-sidestart|p2: KushEffectx|move: Light Screen
|move|p1b: Gholdengo|Nasty Plot|p1b: Gholdengo
|-boost|p1b: Gholdengo|spa|2
|move|p2a: Annihilape|Bulk Up|p2a: Annihilape
|-boost|p2a: Annihilape|atk|1
|-boost|p2a: Annihilape|def|1
|
|upkeep
|turn|2
|
|t:|1782228103
|move|p1a: Maushold|Follow Me|p1a: Maushold
|-singleturn|p1a: Maushold|move: Follow Me
|move|p2b: Grimmsnarl|Parting Shot|p1a: Maushold
|-unboost|p1a: Maushold|atk|1
|-unboost|p1a: Maushold|spa|1
|
|t:|1782228108
|switch|p2b: Maushold|Maushold-Four, L50|100/100|[from] Parting Shot
|move|p1b: Gholdengo|Nasty Plot|p1b: Gholdengo
|-boost|p1b: Gholdengo|spa|2
|move|p2a: Annihilape|Drain Punch|p1a: Maushold
|-supereffective|p1a: Maushold|1
|-enditem|p1a: Maushold|Focus Sash
|-damage|p1a: Maushold|1/100
|
|upkeep
|turn|3
|
|t:|1782228138
|move|p1a: Maushold|Follow Me|p1a: Maushold
|-singleturn|p1a: Maushold|move: Follow Me
|move|p2b: Maushold|Follow Me|p2b: Maushold
|-singleturn|p2b: Maushold|move: Follow Me
|move|p1b: Gholdengo|Nasty Plot|p1b: Gholdengo
|-boost|p1b: Gholdengo|spa|2
|move|p2a: Annihilape|Rage Fist|p1a: Maushold
|-immune|p1a: Maushold
|
|upkeep
|turn|4
|
|t:|1782228154
|move|p2a: Annihilape|Protect|p2a: Annihilape
|-singleturn|p2a: Annihilape|Protect
|move|p1a: Maushold|Follow Me|p1a: Maushold
|-singleturn|p1a: Maushold|move: Follow Me
|move|p2b: Maushold|Beat Up|p1a: Maushold
|-damage|p1a: Maushold|0 fnt
|faint|p1a: Maushold
|-hitcount|p1: Maushold|1
|move|p1b: Gholdengo|Make It Rain|p2b: Maushold|[spread] p2b
|-activate|p2a: Annihilape|move: Protect
|-enditem|p2b: Maushold|Focus Sash
|-damage|p2b: Maushold|1/100
|-unboost|p1b: Gholdengo|spa|2
|
|upkeep
|
|t:|1782228163
|switch|p1a: Volcarona|Volcarona, L50, M|100/100
|turn|5
|
|t:|1782228193
|move|p2b: Maushold|Follow Me|p2b: Maushold
|-singleturn|p2b: Maushold|move: Follow Me
|move|p1a: Volcarona|Tailwind|p1a: Volcarona
|-sidestart|p1: FreezyPop439|move: Tailwind
|move|p1b: Gholdengo|Make It Rain|p2a: Annihilape|[spread] p2a,p2b
|-damage|p2a: Annihilape|22/100
|-damage|p2b: Maushold|0 fnt
|-unboost|p1b: Gholdengo|spa|2
|faint|p2b: Maushold
|move|p2a: Annihilape|Rage Fist|p1b: Gholdengo
|-supereffective|p1b: Gholdengo|1
|-damage|p1b: Gholdengo|0 fnt
|faint|p1b: Gholdengo
|
|-heal|p2a: Annihilape|28/100|[from] item: Leftovers
|upkeep
|
|t:|1782228210
|switch|p2b: Grimmsnarl|Grimmsnarl, L50, M, shiny|100/100
|switch|p1b: Staraptor|Staraptor, L50, M|100/100
|-ability|p1b: Staraptor|Intimidate|boost
|-unboost|p2a: Annihilape|atk|1
|-ability|p2a: Annihilape|Defiant|boost
|-boost|p2a: Annihilape|atk|2
|-unboost|p2b: Grimmsnarl|atk|1
|turn|6
|
|t:|1782228241
|detailschange|p1b: Staraptor|Staraptor-Mega, L50, M
|-mega|p1b: Staraptor|Staraptor|Staraptite
|move|p2a: Annihilape|Protect|p2a: Annihilape
|-singleturn|p2a: Annihilape|Protect
|move|p1a: Volcarona|Rage Powder|p1a: Volcarona
|-singleturn|p1a: Volcarona|move: Rage Powder
|move|p1b: Staraptor|Close Combat|p2b: Grimmsnarl
|-damage|p2b: Grimmsnarl|51/100
|-boost|p1b: Staraptor|def|1
|-boost|p1b: Staraptor|spd|1
|move|p2b: Grimmsnarl|Spirit Break|p1a: Volcarona
|-resisted|p1a: Volcarona|1
|-damage|p1a: Volcarona|88/100
|-unboost|p1a: Volcarona|spa|1
|
|-heal|p2a: Annihilape|34/100|[from] item: Leftovers
|upkeep
|turn|7
|
|t:|1782228274
|move|p2b: Grimmsnarl|Reflect|p2b: Grimmsnarl
|-sidestart|p2: KushEffectx|Reflect
|move|p1b: Staraptor|Brave Bird|p2a: Annihilape
|-supereffective|p2a: Annihilape|1
|-damage|p2a: Annihilape|0 fnt
|faint|p2a: Annihilape
|-damage|p1b: Staraptor|87/100|[from] Recoil
|move|p1a: Volcarona|Heat Wave|p2b: Grimmsnarl
|-damage|p2b: Grimmsnarl|34/100
|
|upkeep
|
|t:|1782228280
|switch|p2a: Floette|Floette-Eternal, L50, F|100/100
|turn|8
|
|t:|1782228323
|move|p1a: Volcarona|Rage Powder|p1a: Volcarona
|-singleturn|p1a: Volcarona|move: Rage Powder
|move|p1b: Staraptor|Close Combat|p2b: Grimmsnarl
|-damage|p2b: Grimmsnarl|2/100
|-boost|p1b: Staraptor|def|1
|-boost|p1b: Staraptor|spd|1
|move|p2a: Floette|Moonblast|p1a: Volcarona
|-resisted|p1a: Volcarona|1
|-damage|p1a: Volcarona|60/100
|move|p2b: Grimmsnarl|Spirit Break|p1a: Volcarona
|-resisted|p1a: Volcarona|1
|-damage|p1a: Volcarona|48/100
|-unboost|p1a: Volcarona|spa|1
|
|-sideend|p2: KushEffectx|move: Light Screen
|-sideend|p1: FreezyPop439|move: Tailwind
|upkeep
|turn|9
|
|t:|1782228360
|move|p1b: Staraptor|Protect|p1b: Staraptor
|-singleturn|p1b: Staraptor|Protect
|move|p2b: Grimmsnarl|Light Screen|p2b: Grimmsnarl
|-sidestart|p2: KushEffectx|move: Light Screen
|move|p1a: Volcarona|Struggle Bug|p2b: Grimmsnarl|[spread] p2a,p2b
|-resisted|p2a: Floette|1
|-damage|p2a: Floette|97/100
|-damage|p2b: Grimmsnarl|0 fnt
|-unboost|p2a: Floette|spa|1
|faint|p2b: Grimmsnarl
|move|p2a: Floette|Dazzling Gleam|p1a: Volcarona|[spread] p1a
|-activate|p1b: Staraptor|move: Protect
|-resisted|p1a: Volcarona|1
|-damage|p1a: Volcarona|37/100
|
|upkeep
|turn|10
|
|t:|1782228398
|detailschange|p2a: Floette|Floette-Mega, L50, F
|-mega|p2a: Floette|Floette|Floettite
|-ability|p2a: Floette|Fairy Aura
|move|p1b: Staraptor|Brave Bird|p2a: Floette
|-damage|p2a: Floette|46/100
|-damage|p1b: Staraptor|73/100|[from] Recoil
|move|p1a: Volcarona|Struggle Bug|p2a: Floette
|-resisted|p2a: Floette|1
|-damage|p2a: Floette|43/100
|-unboost|p2a: Floette|spa|1
|move|p2a: Floette|Dazzling Gleam|p1b: Staraptor|[spread] p1a,p1b
|-resisted|p1a: Volcarona|1
|-supereffective|p1b: Staraptor|1
|-damage|p1a: Volcarona|24/100
|-damage|p1b: Staraptor|45/100
|
|upkeep
|turn|11
|c|☆KushEffectx|ggs
|c|☆FreezyPop439|gg
|
|t:|1782228427
|move|p1b: Staraptor|Brave Bird|p2a: Floette
|-damage|p2a: Floette|0 fnt
|faint|p2a: Floette
|-damage|p1b: Staraptor|34/100|[from] Recoil
|
|win|FreezyPop439
|raw|FreezyPop439's rating: 1135 → 1154(+19 for winning)
|raw|KushEffectx's rating: 1045 → 1032(-13 for losing)
