|j|☆marix_ou
|j|☆gallium1005
|html|marix_ougallium1005    
|uhtml|bestof|Game 2 of a best-of-3
|t:|1784170796
|gametype|doubles
|player|p1|marix_ou|wattson|1171
|player|p2|gallium1005|hilbert|1106
|gen|9
|tier|[Gen 9 Champions] VGC 2026 Reg M-B (Bo3)
|rated|
|rule|Species Clause: Limit one of each Pokémon
|rule|Item Clause: Limit 1 of each item
|clearpoke
|poke|p1|Charizard, L50, F|
|poke|p1|Grimmsnarl, L50, M|
|poke|p1|Pelipper, L50, F|
|poke|p1|Archaludon, L50, F|
|poke|p1|Basculegion, L50, M|
|poke|p1|Venusaur, L50, F|
|poke|p2|Swampert, L50, F|
|poke|p2|Archaludon, L50, F|
|poke|p2|Pelipper, L50, M|
|poke|p2|Sneasler, L50, M|
|poke|p2|Floette-Eternal, L50, F|
|poke|p2|Sinistcha, L50|
|teampreview|4
|showteam|p1|Charizard||CharizarditeY|Blaze|Protect,HeatWave,WeatherBall,SolarBeam|Modest||F|||50|]Grimmsnarl||LightClay|Prankster|SpiritBreak,Reflect,LightScreen,PartingShot|Sassy||M|||50|]Pelipper||SitrusBerry|Drizzle|Hurricane,WeatherBall,Tailwind,WideGuard|Modest||F|||50|]Archaludon||Leftovers|Stamina|Protect,ElectroShot,DragonPulse,FlashCannon|Calm||F|||50|]Basculegion||ChoiceScarf|Adaptability|FlipTurn,WaveCrash,AquaJet,LastRespects|Jolly||M|||50|]Venusaur||FocusSash|Chlorophyll|Protect,SleepPowder,SludgeBomb,EarthPower|Modest||F|||50|
|showteam|p2|Swampert||Swampertite|Torrent|WaveCrash,Earthquake,KnockOff,Protect|Adamant||F|||50|]Archaludon||Leftovers|Stamina|ElectroShot,DragonPulse,FlashCannon,Protect|Modest||F|||50|]Pelipper||FocusSash|Drizzle|Tailwind,Hurricane,WeatherBall,Protect|Timid||M|||50|]Sneasler||WhiteHerb|Unburden|FakeOut,DireClaw,CloseCombat,Protect|Jolly||M|||50|]Floette-Eternal||Floettite|FlowerVeil|DrainingKiss,DazzlingGleam,CalmMind,Protect|Modest||F|||50|]Sinistcha||SitrusBerry|Hospitality|MatchaGotcha,RagePowder,TrickRoom,Protect|Bold|||||50|
|
|t:|1784170842
|teamsize|p1|4
|teamsize|p2|4
|start
|switch|p1a: Grimmsnarl|Grimmsnarl, L50, M|100/100
|switch|p1b: Pelipper|Pelipper, L50, F|100/100
|switch|p2a: Archaludon|Archaludon, L50, F|100/100
|switch|p2b: Sneasler|Sneasler, L50, M|100/100
|-weather|RainDance|[from] ability: Drizzle|[of] p1b: Pelipper
|turn|1
|inactive|Battle timer is ON: inactive players will automatically lose when time's up. (requested by marix_ou)
|
|t:|1784170863
|switch|p1b: Venusaur|Venusaur, L50, F|100/100
|move|p2b: Sneasler|Fake Out|p1b: Venusaur
|-damage|p1b: Venusaur|79/100
|move|p1a: Grimmsnarl|Light Screen|p1a: Grimmsnarl
|-sidestart|p1: marix_ou|move: Light Screen
|move|p2a: Archaludon|Electro Shot||[still]
|-prepare|p2a: Archaludon|Electro Shot
|-boost|p2a: Archaludon|spa|1
|-anim|p2a: Archaludon|Electro Shot|p1b: Venusaur
|-resisted|p1b: Venusaur|1
|-damage|p1b: Venusaur|56/100
|
|-weather|RainDance|[upkeep]
|upkeep
|turn|2
|inactive|gallium1005 has 30 seconds left.
|inactive|gallium1005 has 20 seconds left.
|inactive|gallium1005 has 15 seconds left.
|inactive|gallium1005 has 10 seconds left.
|inactive|gallium1005 has 5 seconds left.
|
|t:|1784170915
|move|p1a: Grimmsnarl|Reflect|p1a: Grimmsnarl
|-sidestart|p1: marix_ou|Reflect
|move|p2b: Sneasler|Dire Claw|p1b: Venusaur
|-damage|p1b: Venusaur|21/100
|-status|p1b: Venusaur|par
|move|p2a: Archaludon|Dragon Pulse|p1b: Venusaur
|-damage|p1b: Venusaur|0 fnt
|faint|p1b: Venusaur
|
|-weather|RainDance|[upkeep]
|upkeep
|
|t:|1784170932
|switch|p1b: Charizard|Charizard, L50, F|100/100
|turn|3
|
|t:|1784170948
|detailschange|p1b: Charizard|Charizard-Mega-Y, L50, F
|-mega|p1b: Charizard|Charizard|Charizardite Y
|-weather|SunnyDay|[from] ability: Drought|[of] p1b: Charizard
|move|p2b: Sneasler|Protect|p2b: Sneasler
|-singleturn|p2b: Sneasler|Protect
|move|p2a: Archaludon|Protect|p2a: Archaludon
|-singleturn|p2a: Archaludon|Protect
|move|p1a: Grimmsnarl|Parting Shot|p2a: Archaludon
|-activate|p2a: Archaludon|move: Protect
|move|p1b: Charizard|Heat Wave|p2b: Sneasler|[spread] 
|-activate|p2a: Archaludon|move: Protect
|-activate|p2b: Sneasler|move: Protect
|
|-weather|SunnyDay|[upkeep]
|upkeep
|turn|4
|
|t:|1784170967
|switch|p2b: Pelipper|Pelipper, L50, M|100/100
|-weather|RainDance|[from] ability: Drizzle|[of] p2b: Pelipper
|switch|p1b: Pelipper|Pelipper, L50, F|100/100
|move|p1a: Grimmsnarl|Parting Shot|p2a: Archaludon
|-unboost|p2a: Archaludon|atk|1
|-unboost|p2a: Archaludon|spa|1
|
|t:|1784170975
|switch|p1a: Charizard|Charizard-Mega-Y, L50, F|100/100|[from] Parting Shot
|-weather|SunnyDay|[from] ability: Drought|[of] p1a: Charizard
|move|p2a: Archaludon|Electro Shot||[still]
|-prepare|p2a: Archaludon|Electro Shot
|-boost|p2a: Archaludon|spa|1
|
|-weather|SunnyDay|[upkeep]
|upkeep
|turn|5
|
|t:|1784170992
|move|p2b: Pelipper|Protect|p2b: Pelipper
|-singleturn|p2b: Pelipper|Protect
|move|p1a: Charizard|Weather Ball|p2a: Archaludon
|-damage|p2a: Archaludon|0 fnt
|faint|p2a: Archaludon
|move|p1b: Pelipper|Tailwind|p1b: Pelipper
|-sidestart|p1: marix_ou|move: Tailwind
|
|-weather|SunnyDay|[upkeep]
|upkeep
|
|t:|1784171002
|switch|p2a: Sneasler|Sneasler, L50, M|100/100
|turn|6
|
|t:|1784171025
|switch|p2b: Swampert|Swampert, L50, F|100/100
|move|p2a: Sneasler|Fake Out|p1a: Charizard
|-crit|p1a: Charizard
|-damage|p1a: Charizard|75/100
|cant|p1a: Charizard|flinch
|move|p1b: Pelipper|Hurricane|p2a: Sneasler|[miss]
|-miss|p1b: Pelipper|p2a: Sneasler
|
|-weather|SunnyDay|[upkeep]
|upkeep
|turn|7
|inactive|gallium1005 has 30 seconds left.
|
|t:|1784171055
|switch|p1a: Grimmsnarl|Grimmsnarl, L50, M|100/100
|switch|p2a: Pelipper|Pelipper, L50, M|100/100
|-weather|RainDance|[from] ability: Drizzle|[of] p2a: Pelipper
|detailschange|p2b: Swampert|Swampert-Mega, L50, F
|-mega|p2b: Swampert|Swampert|Swampertite
|move|p2b: Swampert|Wave Crash|p1a: Grimmsnarl
|-damage|p1a: Grimmsnarl|17/100
|-damage|p2b: Swampert|68/100|[from] Recoil
|move|p1b: Pelipper|Hurricane|p2a: Pelipper
|-damage|p2a: Pelipper|29/100
|-start|p2a: Pelipper|confusion
|
|-weather|RainDance|[upkeep]
|upkeep
|turn|8
|inactive|marix_ou has 30 seconds left.
|inactive|gallium1005 has 30 seconds left.
|inactive|gallium1005 has 20 seconds left.
|inactive|gallium1005 has 15 seconds left.
|
|t:|1784171099
|switch|p2a: Sneasler|Sneasler, L50, M|100/100
|move|p1a: Grimmsnarl|Parting Shot|p2b: Swampert
|-unboost|p2b: Swampert|atk|1
|-unboost|p2b: Swampert|spa|1
|
|t:|1784171104
|switch|p1a: Charizard|Charizard-Mega-Y, L50, F|75/100|[from] Parting Shot
|-weather|SunnyDay|[from] ability: Drought|[of] p1a: Charizard
|move|p1b: Pelipper|Hurricane|p2a: Sneasler
|-supereffective|p2a: Sneasler|1
|-damage|p2a: Sneasler|0 fnt
|faint|p2a: Sneasler
|move|p2b: Swampert|Wave Crash|p1a: Charizard
|-supereffective|p1a: Charizard|1
|-damage|p1a: Charizard|38/100
|-damage|p2b: Swampert|56/100|[from] Recoil
|
|-weather|SunnyDay|[upkeep]
|-sideend|p1: marix_ou|move: Light Screen
|-sideend|p1: marix_ou|move: Tailwind
|upkeep
|
|t:|1784171123
|switch|p2a: Pelipper|Pelipper, L50, M|29/100
|-weather|RainDance|[from] ability: Drizzle|[of] p2a: Pelipper
|turn|9
|
|t:|1784171147
|move|p1a: Charizard|Protect|p1a: Charizard
|-singleturn|p1a: Charizard|Protect
|move|p2b: Swampert|Knock Off|p1b: Pelipper
|-damage|p1b: Pelipper|82/100
|-enditem|p1b: Pelipper|Sitrus Berry|[from] move: Knock Off|[of] p2b: Swampert
|move|p2a: Pelipper|Weather Ball|p1a: Charizard
|-activate|p1a: Charizard|move: Protect
|move|p1b: Pelipper|Hurricane|p2a: Pelipper
|-damage|p2a: Pelipper|0 fnt
|faint|p2a: Pelipper
|
|-weather|RainDance|[upkeep]
|-sideend|p1: marix_ou|Reflect
|upkeep
|turn|10
|
|t:|1784171167
|switch|p1a: Grimmsnarl|Grimmsnarl, L50, M|17/100
|move|p2b: Swampert|Wave Crash|p1a: Grimmsnarl
|-damage|p1a: Grimmsnarl|0 fnt
|faint|p1a: Grimmsnarl
|-damage|p2b: Swampert|49/100|[from] Recoil
|move|p1b: Pelipper|Hurricane|p2b: Swampert
|-crit|p2b: Swampert
|-damage|p2b: Swampert|0 fnt
|faint|p2b: Swampert
|
|win|marix_ou
||gallium1005 is ready for game 3.
||marix_ou is ready for game 3.
|uhtml|next|Next: Game 3 of 3
|l|☆marix_ou
|player|p1|
