|j|☆espectrometria
|j|☆syshj
|html|espectrometriasyshj    
|uhtml|bestof|Game 2 of a best-of-3
|t:|1784719803
|gametype|doubles
|player|p1|espectrometria|nate|1111
|player|p2|syshj|dawn|1125
|gen|9
|tier|[Gen 9 Champions] VGC 2026 Reg M-B (Bo3)
|rated|
|rule|Species Clause: Limit one of each Pokémon
|rule|Item Clause: Limit 1 of each item
|clearpoke
|poke|p1|Garchomp, L50, F|
|poke|p1|Metagross, L50|
|poke|p1|Charizard, L50, M|
|poke|p1|Incineroar, L50, F|
|poke|p1|Aerodactyl, L50, F|
|poke|p1|Sylveon, L50, F|
|poke|p2|Gengar, L50, F|
|poke|p2|Archaludon, L50, M|
|poke|p2|Politoed, L50, F|
|poke|p2|Swampert, L50, M|
|poke|p2|Vivillon, L50, F|
|poke|p2|Incineroar, L50, M|
|teampreview|4
|showteam|p1|Garchomp||LifeOrb|RoughSkin|Protect,Earthquake,DragonClaw,RockSlide|Jolly||F|||50|]Metagross||Metagrossite|ClearBody|PsychicFangs,Protect,BulletPunch,BodyPress|Adamant|||||50|]Charizard||CharizarditeY|Blaze|SolarBeam,HeatWave,WeatherBall,Protect|Modest||M|||50|]Incineroar||SitrusBerry|Intimidate|FlareBlitz,DarkestLariat,FakeOut,PartingShot|Careful||F|||50|]Aerodactyl||Aerodactylite|Unnerve|RockSlide,Protect,Tailwind,DualWingbeat|Jolly||F|||50|]Sylveon||FairyFeather|Pixilate|HyperVoice,QuickAttack,HyperBeam,Detect|Modest||F|||50|
|showteam|p2|Gengar||Gengarite|CursedBody|ShadowBall,SludgeBomb,PerishSong,Protect|Modest||F|||50|]Archaludon||Leftovers|Stamina|ElectroShot,DragonPulse,FlashCannon,Protect|Bold||M|||50|]Politoed||SitrusBerry|Drizzle|WeatherBall,Hypnosis,PerishSong,Protect|Calm||F|||50|]Swampert||Swampertite|Torrent|WaveCrash,Earthquake,IcePunch,Protect|Adamant||M|||50|]Vivillon||FocusSash|CompoundEyes|Hurricane,SleepPowder,RagePowder,Protect|Timid||F|||50|]Incineroar||PasshoBerry|Intimidate|ThroatChop,FakeOut,PartingShot,Protect|Impish||M|||50|
|inactive|Battle timer is ON: inactive players will automatically lose when time's up. (requested by espectrometria)
|
|t:|1784719845
|teamsize|p1|4
|teamsize|p2|4
|start
|switch|p1a: Charizard|Charizard, L50, M|100/100
|switch|p1b: Aerodactyl|Aerodactyl, L50, F|100/100
|switch|p2a: Swampert|Swampert, L50, M|100/100
|switch|p2b: Archaludon|Archaludon, L50, M|100/100
|-ability|p1b: Aerodactyl|Unnerve
|turn|1
|
|t:|1784719870
|detailschange|p1a: Charizard|Charizard-Mega-Y, L50, M
|-mega|p1a: Charizard|Charizard|Charizardite Y
|-weather|SunnyDay|[from] ability: Drought|[of] p1a: Charizard
|move|p1a: Charizard|Protect|p1a: Charizard
|-singleturn|p1a: Charizard|Protect
|move|p2a: Swampert|Protect|p2a: Swampert
|-singleturn|p2a: Swampert|Protect
|move|p2b: Archaludon|Protect|p2b: Archaludon
|-singleturn|p2b: Archaludon|Protect
|move|p1b: Aerodactyl|Tailwind|p1b: Aerodactyl
|-sidestart|p1: espectrometria|move: Tailwind
|
|-weather|SunnyDay|[upkeep]
|upkeep
|turn|2
|
|t:|1784719891
|switch|p1a: Incineroar|Incineroar, L50, F|100/100
|-ability|p1a: Incineroar|Intimidate|boost
|-unboost|p2a: Swampert|atk|1
|-unboost|p2b: Archaludon|atk|1
|switch|p2a: Politoed|Politoed, L50, F|100/100
|-weather|RainDance|[from] ability: Drizzle|[of] p2a: Politoed
|move|p1b: Aerodactyl|Rock Slide|p2a: Politoed|[spread] p2a,p2b
|-resisted|p2b: Archaludon|1
|-damage|p2a: Politoed|75/100
|-damage|p2b: Archaludon|90/100
|-ability|p2b: Archaludon|Stamina|boost
|-boost|p2b: Archaludon|def|1
|cant|p2b: Archaludon|flinch
|
|-weather|RainDance|[upkeep]
|-heal|p2b: Archaludon|96/100|[from] item: Leftovers
|upkeep
|turn|3
|inactive|syshj has 30 seconds left.
|inactive|espectrometria has 30 seconds left.
|inactive|syshj has 20 seconds left.
|
|t:|1784719928
|switch|p1b: Charizard|Charizard-Mega-Y, L50, M|100/100
|-weather|SunnyDay|[from] ability: Drought|[of] p1b: Charizard
|move|p1a: Incineroar|Flare Blitz|p2b: Archaludon
|-damage|p2b: Archaludon|64/100
|-ability|p2b: Archaludon|Stamina|boost
|-boost|p2b: Archaludon|def|1
|-damage|p1a: Incineroar|89/100|[from] Recoil
|move|p2b: Archaludon|Dragon Pulse|p1b: Charizard
|-damage|p1b: Charizard|68/100
|move|p2a: Politoed|Hypnosis|p1b: Charizard
|-status|p1b: Charizard|slp|[from] move: Hypnosis
|
|-weather|SunnyDay|[upkeep]
|-heal|p2b: Archaludon|71/100|[from] item: Leftovers
|upkeep
|turn|4
|inactive|espectrometria has 30 seconds left.
|
|t:|1784719958
|switch|p1b: Aerodactyl|Aerodactyl, L50, F|100/100
|-ability|p1b: Aerodactyl|Unnerve
|switch|p2a: Swampert|Swampert, L50, M|100/100
|move|p1a: Incineroar|Parting Shot|p2b: Archaludon
|-unboost|p2b: Archaludon|atk|1
|-unboost|p2b: Archaludon|spa|1
|
|t:|1784719967
|switch|p1a: Garchomp|Garchomp, L50, F|100/100|[from] Parting Shot
|move|p2b: Archaludon|Dragon Pulse|p1b: Aerodactyl
|-damage|p1b: Aerodactyl|67/100
|
|-weather|SunnyDay|[upkeep]
|-heal|p2b: Archaludon|77/100|[from] item: Leftovers
|-sideend|p1: espectrometria|move: Tailwind
|upkeep
|turn|5
|inactive|syshj has 30 seconds left.
|
|t:|1784719995
|switch|p2b: Vivillon|Vivillon, L50, F|100/100
|detailschange|p2a: Swampert|Swampert-Mega, L50, M
|-mega|p2a: Swampert|Swampert|Swampertite
|move|p1b: Aerodactyl|Tailwind|p1b: Aerodactyl
|-sidestart|p1: espectrometria|move: Tailwind
|move|p1a: Garchomp|Earthquake|p2a: Swampert|[spread] p2a
|-immune|p1b: Aerodactyl
|-immune|p2b: Vivillon
|-damage|p2a: Swampert|53/100
|-damage|p1a: Garchomp|90/100|[from] item: Life Orb
|move|p2a: Swampert|Ice Punch|p1a: Garchomp
|-supereffective|p1a: Garchomp|2
|-damage|p1a: Garchomp|0 fnt
|-damage|p2a: Swampert|41/100|[from] ability: Rough Skin|[of] p1a: Garchomp
|faint|p1a: Garchomp
|
|-weather|SunnyDay|[upkeep]
|upkeep
|
|t:|1784720011
|switch|p1a: Incineroar|Incineroar, L50, F|89/100
|-ability|p1a: Incineroar|Intimidate|boost
|-unboost|p2a: Swampert|atk|1
|-unboost|p2b: Vivillon|atk|1
|turn|6
|
|t:|1784720033
|switch|p2b: Archaludon|Archaludon, L50, M|77/100
|move|p2a: Swampert|Protect|p2a: Swampert
|-singleturn|p2a: Swampert|Protect
|move|p1a: Incineroar|Fake Out|p2a: Swampert
|-activate|p2a: Swampert|move: Protect
|move|p1b: Aerodactyl|Dual Wingbeat|p2b: Archaludon
|-resisted|p2b: Archaludon|1
|-damage|p2b: Archaludon|71/100
|-ability|p2b: Archaludon|Stamina|boost
|-boost|p2b: Archaludon|def|1
|-resisted|p2b: Archaludon|1
|-damage|p2b: Archaludon|66/100
|-ability|p2b: Archaludon|Stamina|boost
|-boost|p2b: Archaludon|def|1
|-hitcount|p2b: Archaludon|2
|
|-weather|SunnyDay|[upkeep]
|-heal|p2b: Archaludon|72/100|[from] item: Leftovers
|upkeep
|turn|7
|inactive|espectrometria has 30 seconds left.
|
|t:|1784720061
|switch|p2a: Politoed|Politoed, L50, F|75/100
|-weather|RainDance|[from] ability: Drizzle|[of] p2a: Politoed
|move|p1b: Aerodactyl|Rock Slide|p2b: Archaludon|[spread] p2a,p2b
|-resisted|p2b: Archaludon|1
|-damage|p2a: Politoed|53/100
|-damage|p2b: Archaludon|68/100
|-ability|p2b: Archaludon|Stamina|boost
|-boost|p2b: Archaludon|def|1
|move|p1a: Incineroar|Parting Shot|p2b: Archaludon
|-unboost|p2b: Archaludon|atk|1
|-unboost|p2b: Archaludon|spa|1
|
|t:|1784720073
|switch|p1a: Charizard|Charizard-Mega-Y, L50, M|68/100 slp|[from] Parting Shot
|-weather|SunnyDay|[from] ability: Drought|[of] p1a: Charizard
|move|p2b: Archaludon|Electro Shot||[still]
|-prepare|p2b: Archaludon|Electro Shot
|-boost|p2b: Archaludon|spa|1
|
|-weather|SunnyDay|[upkeep]
|-heal|p2b: Archaludon|74/100|[from] item: Leftovers
|upkeep
|turn|8
|
|t:|1784720085
|move|p1b: Aerodactyl|Protect|p1b: Aerodactyl
|-singleturn|p1b: Aerodactyl|Protect
|cant|p1a: Charizard|slp
|move|p2b: Archaludon|Electro Shot|p1a: Charizard|[from] lockedmove
|-supereffective|p1a: Charizard|1
|-damage|p1a: Charizard|0 fnt
|faint|p1a: Charizard
|move|p2a: Politoed|Hypnosis|p1b: Aerodactyl
|-activate|p1b: Aerodactyl|move: Protect
|
|-weather|SunnyDay|[upkeep]
|-heal|p2b: Archaludon|80/100|[from] item: Leftovers
|-sideend|p1: espectrometria|move: Tailwind
|upkeep
|
|t:|1784720092
|switch|p1a: Incineroar|Incineroar, L50, F|89/100
|-ability|p1a: Incineroar|Intimidate|boost
|-unboost|p2a: Politoed|atk|1
|-unboost|p2b: Archaludon|atk|1
|turn|9
|
|t:|1784720106
|switch|p2a: Vivillon|Vivillon, L50, F|100/100
|move|p2b: Archaludon|Protect|p2b: Archaludon
|-singleturn|p2b: Archaludon|Protect
|move|p1b: Aerodactyl|Tailwind|p1b: Aerodactyl
|-sidestart|p1: espectrometria|move: Tailwind
|move|p1a: Incineroar|Darkest Lariat|p2a: Vivillon
|-damage|p2a: Vivillon|31/100
|
|-weather|SunnyDay|[upkeep]
|-heal|p2b: Archaludon|86/100|[from] item: Leftovers
|upkeep
|turn|10
|
|t:|1784720123
|switch|p2a: Politoed|Politoed, L50, F|53/100
|-weather|RainDance|[from] ability: Drizzle|[of] p2a: Politoed
|move|p1b: Aerodactyl|Rock Slide|p2b: Archaludon|[spread] p2a,p2b
|-resisted|p2b: Archaludon|1
|-damage|p2a: Politoed|28/100
|-damage|p2b: Archaludon|83/100
|-ability|p2b: Archaludon|Stamina|boost
|-boost|p2b: Archaludon|def|1
|move|p1a: Incineroar|Flare Blitz|p2b: Archaludon
|-damage|p2b: Archaludon|79/100
|-ability|p2b: Archaludon|Stamina|boost
|-boost|p2b: Archaludon|def|1
|-damage|p1a: Incineroar|88/100|[from] Recoil
|move|p2b: Archaludon|Electro Shot||[still]
|-prepare|p2b: Archaludon|Electro Shot
|-boost|p2b: Archaludon|spa|1
|-anim|p2b: Archaludon|Electro Shot|p1b: Aerodactyl
|-supereffective|p1b: Aerodactyl|1
|-damage|p1b: Aerodactyl|0 fnt
|-enditem|p2a: Politoed|Sitrus Berry|[eat]
|-heal|p2a: Politoed|53/100|[from] item: Sitrus Berry
|faint|p1b: Aerodactyl
|
|-weather|RainDance|[upkeep]
|-heal|p2b: Archaludon|85/100|[from] item: Leftovers
|upkeep
|turn|11
|inactive|espectrometria has 30 seconds left.
|c|☆espectrometria|Gg
|-message|espectrometria forfeited.
|
|win|syshj
|raw|espectrometria's rating: 1111 → 1087(-24 for losing)
|raw|syshj's rating: 1125 → 1149(+24 for winning)
|l|☆espectrometria
|player|p1|
|j|☆espectrometria
|player|p1|espectrometria|nate|
|l|☆espectrometria
|player|p1|
