|j|‽Pitoune901
|j|☆JavoNieto
|html|Pitoune901JavoNieto    
|uhtml|bestof|Game 1 of a best-of-3
|t:|1757787865
|gametype|doubles
|player|p1|Pitoune901|lucas|1095
|player|p2|JavoNieto|ghetsis-gen5bw|1029
|gen|9
|tier|[Gen 9] VGC 2025 Reg H (Bo3)
|rated|
|rule|Species Clause: Limit one of each Pokémon
|rule|Item Clause: Limit 1 of each item
|clearpoke
|poke|p1|Charizard, L50, M|
|poke|p1|Torkoal, L50, F|
|poke|p1|Porygon2, L50|
|poke|p1|Incineroar, L50, F|
|poke|p1|Jumpluff, L50, M|
|poke|p1|Ursaluna, L50, M|
|poke|p2|Archaludon, L50, M|
|poke|p2|Kingdra, L50, M|
|poke|p2|Politoed, L50, M|
|poke|p2|Gothitelle, L50, F|
|poke|p2|Amoonguss, L50, M|
|poke|p2|Incineroar, L50, M|
|teampreview|4
|showteam|p1|Charizard||ChoiceSpecs|SolarPower|HeatWave,Overheat,WeatherBall,AirSlash|||M|||50|,,,,,Ghost]Torkoal||EjectPack|Drought|Eruption,Overheat,HelpingHand,Protect|||F|||50|,,,,,Fire]Porygon2||Eviolite|Download|TeraBlast,IceBeam,Recover,TrickRoom||||||50|,,,,,Fighting]Incineroar||SitrusBerry|Intimidate|FlareBlitz,KnockOff,FakeOut,PartingShot|||F|||50|,,,,,Ghost]Jumpluff||CovertCloak|Chlorophyll|SleepPowder,SunnyDay,RagePowder,Tailwind|||M|||50|,,,,,Water]Ursaluna||FlameOrb|Guts|HeadlongRush,Facade,Earthquake,Protect|||M|||50|,,,,,Ghost
|showteam|p2|Archaludon||PowerHerb|Sturdy|Protect,ElectroShot,DragonPulse,FlashCannon|||M|||50|,,,,,Electric]Kingdra||LifeOrb|SwiftSwim|Protect,WeatherBall,MuddyWater,DracoMeteor|||M|||50|,,,,,Stellar]Politoed||Leftovers|Drizzle|Protect,WeatherBall,PerishSong,Encore|||M|||50|,,,,,Grass]Gothitelle||SitrusBerry|ShadowTag|Protect,Psychic,FakeOut,TrickRoom|||F|||50|,,,,,Dark]Amoonguss||EjectButton|Regenerator|Protect,Spore,RagePowder,PollenPuff|||M|||50|,,,,,Fairy]Incineroar||SafetyGoggles|Intimidate|Protect,KnockOff,FakeOut,PartingShot|||M|||50|,,,,,Ghost
|inactive|Battle timer is ON: inactive players will automatically lose when time's up. (requested by Pitoune901)
|
|t:|1757787898
|teamsize|p1|4
|teamsize|p2|4
|start
|switch|p1a: Jumpluff|Jumpluff, L50, M|100/100
|switch|p1b: Incineroar|Incineroar, L50, F|100/100
|switch|p2a: Gothitelle|Gothitelle, L50, F|100/100
|switch|p2b: Kingdra|Kingdra, L50, M, shiny|100/100
|-ability|p1b: Incineroar|Intimidate|boost
|-unboost|p2a: Gothitelle|atk|1
|-unboost|p2b: Kingdra|atk|1
|turn|1
|inactive|Pitoune901 has 30 seconds left.
|inactive|JavoNieto has 30 seconds left.
|inactive|Pitoune901 has 20 seconds left.
|inactive|JavoNieto has 20 seconds left.
|inactive|Pitoune901 has 15 seconds left.
|inactive|JavoNieto has 15 seconds left.
|
|t:|1757787941
|-terastallize|p1b: Incineroar|Ghost
|move|p2b: Kingdra|Protect|p2b: Kingdra
|-singleturn|p2b: Kingdra|Protect
|move|p1a: Jumpluff|Tailwind|p1a: Jumpluff
|-sidestart|p1: Pitoune901|move: Tailwind
|move|p1b: Incineroar|Knock Off|p2b: Kingdra
|-activate|p2b: Kingdra|move: Protect
|move|p2a: Gothitelle|Psychic|p1a: Jumpluff
|-damage|p1a: Jumpluff|71/100
|
|upkeep
|turn|2
|
|t:|1757787960
|switch|p2b: Incineroar|Incineroar, L50, M|100/100
|-ability|p2b: Incineroar|Intimidate|boost
|-unboost|p1a: Jumpluff|atk|1
|-unboost|p1b: Incineroar|atk|1
|move|p2a: Gothitelle|Protect|p2a: Gothitelle
|-singleturn|p2a: Gothitelle|Protect
|move|p1a: Jumpluff|Sleep Powder|p2a: Gothitelle
|-activate|p2a: Gothitelle|move: Protect
|move|p1b: Incineroar|Knock Off|p2b: Incineroar
|-resisted|p2b: Incineroar
|-damage|p2b: Incineroar|88/100
|-enditem|p2b: Incineroar|Safety Goggles|[from] move: Knock Off|[of] p1b: Incineroar
|
|upkeep
|turn|3
|
|t:|1757787984
|move|p1a: Jumpluff|Sleep Powder|p2a: Gothitelle
|-status|p2a: Gothitelle|slp|[from] move: Sleep Powder
|move|p1b: Incineroar|Parting Shot|p2b: Incineroar
|-unboost|p2b: Incineroar|atk|1
|-unboost|p2b: Incineroar|spa|1
|
|t:|1757787990
|switch|p1b: Torkoal|Torkoal, L50, F|100/100|[from] Parting Shot
|-weather|SunnyDay|[from] ability: Drought|[of] p1b: Torkoal
|cant|p2a: Gothitelle|slp
|move|p2b: Incineroar|Knock Off|p1a: Jumpluff
|-damage|p1a: Jumpluff|39/100
|-enditem|p1a: Jumpluff|Covert Cloak|[from] move: Knock Off|[of] p2b: Incineroar
|
|-weather|SunnyDay|[upkeep]
|upkeep
|turn|4
|
|t:|1757788012
|switch|p2b: Politoed|Politoed, L50, M, shiny|100/100
|-weather|RainDance|[from] ability: Drizzle|[of] p2b: Politoed
|move|p1a: Jumpluff|Sleep Powder|p2b: Politoed
|-status|p2b: Politoed|slp|[from] move: Sleep Powder
|cant|p2a: Gothitelle|slp
|move|p1b: Torkoal|Overheat|p2a: Gothitelle
|-damage|p2a: Gothitelle|80/100 slp
|-unboost|p1b: Torkoal|spa|2
|-enditem|p1b: Torkoal|Eject Pack
|
|t:|1757788023
|switch|p1b: Incineroar|Incineroar, L50, F, tera:Ghost|100/100
|-ability|p1b: Incineroar|Intimidate|boost
|-unboost|p2a: Gothitelle|atk|1
|-unboost|p2b: Politoed|atk|1
|
|-weather|RainDance|[upkeep]
|-sideend|p1: Pitoune901|move: Tailwind
|upkeep
|turn|5
|
|t:|1757788035
|switch|p2a: Incineroar|Incineroar, L50, M|88/100
|-ability|p2a: Incineroar|Intimidate|boost
|-unboost|p1a: Jumpluff|atk|1
|-unboost|p1b: Incineroar|atk|1
|move|p1a: Jumpluff|Tailwind|p1a: Jumpluff
|-sidestart|p1: Pitoune901|move: Tailwind
|move|p1b: Incineroar|Parting Shot|p2b: Politoed
|-unboost|p2b: Politoed|atk|1
|-unboost|p2b: Politoed|spa|1
|
|t:|1757788043
|switch|p1b: Torkoal|Torkoal, L50, F|100/100|[from] Parting Shot
|-weather|SunnyDay|[from] ability: Drought|[of] p1b: Torkoal
|cant|p2b: Politoed|slp
|
|-weather|SunnyDay|[upkeep]
|upkeep
|turn|6
|
|t:|1757788052
|switch|p2b: Gothitelle|Gothitelle, L50, F|80/100 slp
|switch|p1b: Charizard|Charizard, L50, M|100/100
|move|p2a: Incineroar|Fake Out|p1b: Charizard
|-crit|p1b: Charizard
|-damage|p1b: Charizard|79/100
|move|p1a: Jumpluff|Sleep Powder|p2a: Incineroar
|-status|p2a: Incineroar|slp|[from] move: Sleep Powder
|
|-weather|SunnyDay|[upkeep]
|-damage|p1b: Charizard|67/100|[from] ability: Solar Power|[of] p1b: Charizard
|upkeep
|turn|7
|
|t:|1757788071
|switch|p2a: Politoed|Politoed, L50, M, shiny|100/100 slp
|-weather|RainDance|[from] ability: Drizzle|[of] p2a: Politoed
|-curestatus|p2b: Gothitelle|slp|[msg]
|move|p2b: Gothitelle|Fake Out|p1b: Charizard
|-damage|p1b: Charizard|58/100
|move|p1a: Jumpluff|Sunny Day|p1a: Jumpluff
|-weather|SunnyDay
|cant|p1b: Charizard|flinch
|
|-weather|SunnyDay|[upkeep]
|-damage|p1b: Charizard|46/100|[from] ability: Solar Power|[of] p1b: Charizard
|upkeep
|turn|8
|inactive|Pitoune901 has 30 seconds left.
|
|t:|1757788102
|switch|p2b: Incineroar|Incineroar, L50, M|88/100 slp
|-ability|p2b: Incineroar|Intimidate|boost
|-unboost|p1a: Jumpluff|atk|1
|-unboost|p1b: Charizard|atk|1
|move|p1a: Jumpluff|Sleep Powder|p2b: Incineroar|[miss]
|-miss|p1a: Jumpluff|p2b: Incineroar
|move|p1b: Charizard|Heat Wave|p2b: Incineroar|[spread] p2a,p2b
|-resisted|p2a: Politoed
|-resisted|p2b: Incineroar
|-damage|p2a: Politoed|59/100 slp
|-damage|p2b: Incineroar|46/100 slp
|cant|p2a: Politoed|slp
|
|-weather|SunnyDay|[upkeep]
|-damage|p1b: Charizard|33/100|[from] ability: Solar Power|[of] p1b: Charizard
|-heal|p2a: Politoed|65/100 slp|[from] item: Leftovers
|-sideend|p1: Pitoune901|move: Tailwind
|upkeep
|turn|9
|
|t:|1757788122
|cant|p2b: Incineroar|slp
|move|p1a: Jumpluff|Tailwind|p1a: Jumpluff
|-sidestart|p1: Pitoune901|move: Tailwind
|move|p1b: Charizard|Heat Wave|p2b: Incineroar|[spread] p2b
|-miss|p1b: Charizard|p2a: Politoed
|-resisted|p2b: Incineroar
|-damage|p2b: Incineroar|9/100 slp
|cant|p2a: Politoed|slp
|
|-weather|SunnyDay|[upkeep]
|-damage|p1b: Charizard|21/100|[from] ability: Solar Power|[of] p1b: Charizard
|-heal|p2a: Politoed|72/100 slp|[from] item: Leftovers
|upkeep
|turn|10
|inactive|Pitoune901 has 30 seconds left.
|
|t:|1757788150
|switch|p1a: Incineroar|Incineroar, L50, F, tera:Ghost|100/100
|-ability|p1a: Incineroar|Intimidate|boost
|-unboost|p2a: Politoed|atk|1
|-unboost|p2b: Incineroar|atk|1
|move|p1b: Charizard|Heat Wave|p2a: Politoed|[spread] p2a,p2b
|-resisted|p2a: Politoed
|-resisted|p2b: Incineroar
|-damage|p2a: Politoed|32/100 slp
|-damage|p2b: Incineroar|0 fnt
|faint|p2b: Incineroar
|-curestatus|p2a: Politoed|slp|[msg]
|move|p2a: Politoed|Weather Ball|p1a: Incineroar
|-damage|p1a: Incineroar|72/100
|
|-weather|SunnyDay|[upkeep]
|-damage|p1b: Charizard|8/100|[from] ability: Solar Power|[of] p1b: Charizard
|-heal|p2a: Politoed|38/100|[from] item: Leftovers
|upkeep
|
|t:|1757788162
|switch|p2b: Kingdra|Kingdra, L50, M, shiny|100/100
|turn|11
|inactive|JavoNieto has 30 seconds left.
|
|t:|1757788196
|switch|p1b: Jumpluff|Jumpluff, L50, M|39/100
|move|p2b: Kingdra|Protect|p2b: Kingdra
|-singleturn|p2b: Kingdra|Protect
|move|p1a: Incineroar|Knock Off|p2a: Politoed
|-damage|p2a: Politoed|0 fnt
|-enditem|p2a: Politoed|Leftovers|[from] move: Knock Off|[of] p1a: Incineroar
|faint|p2a: Politoed
|
|-weather|none
|upkeep
|inactive|JavoNieto has 30 seconds left.
|inactive|JavoNieto has 20 seconds left.
|inactive|JavoNieto has 15 seconds left.
|-message|JavoNieto forfeited.
|
|win|Pitoune901
|l|☆JavoNieto
|player|p2|
|raw|Pitoune901's rating: 1095 → 1116(+21 for winning)
|raw|JavoNieto's rating: 1029 → 1017(-12 for losing)
