|j|☆littlemungil
|j|☆yunsen
|html|littlemungilyunsen    
|uhtml|bestof|Game 2 of a best-of-3
|t:|1782481151
|gametype|doubles
|player|p1|littlemungil|1|1048
|player|p2|yunsen|n|1073
|gen|9
|tier|[Gen 9 Champions] VGC 2026 Reg M-B (Bo3)
|rated|
|rule|Species Clause: Limit one of each Pokémon
|rule|Item Clause: Limit 1 of each item
|clearpoke
|poke|p1|Staraptor, L50, F|
|poke|p1|Grimmsnarl, L50, M|
|poke|p1|Talonflame, L50, M|
|poke|p1|Tsareena, L50, F|
|poke|p1|Raichu, L50, F|
|poke|p1|Milotic, L50, F|
|poke|p2|Raichu, L50, M|
|poke|p2|Whimsicott, L50, M|
|poke|p2|Basculegion, L50, M|
|poke|p2|Garchomp, L50, M|
|poke|p2|Floette-Eternal, L50, F|
|poke|p2|Gholdengo, L50|
|teampreview|4
|showteam|p1|Staraptor||Staraptite|Intimidate|Uturn,CloseCombat,DualWingbeat,Protect|Jolly||F|||50|]Grimmsnarl||FocusSash|Prankster|Protect,PlayRough,PartingShot,ScaryFace|Careful||M|||50|]Talonflame||BrightPowder|GaleWings|FeatherDance,Protect,DualWingbeat,Roost|Jolly||M|||50|]Tsareena||ChoiceScarf|QueenlyMajesty|HighJumpKick,TripleAxel,TropKick,KnockOff|Jolly||F|||50|]Raichu||RaichuniteY|Static|ZapCannon,FocusBlast,Electroweb,FakeOut|Serious||F|||50|]Milotic||Leftovers|MarvelScale|Protect,Hypnosis,Coil,Scald|Bold||F|||50|
|showteam|p2|Raichu||RaichuniteY|LightningRod|Protect,ZapCannon,FocusBlast,FakeOut|Modest||M|||50|]Whimsicott||FocusSash|Prankster|Protect,Moonblast,Tailwind,Encore|Timid||M|||50|]Basculegion||MysticWater|Adaptability|Protect,WaveCrash,LastRespects,AquaJet|Adamant||M|||50|]Garchomp||SitrusBerry|RoughSkin|RockSlide,StompingTantrum,DragonClaw,Protect|Jolly||M|||50|]Floette-Eternal||Floettite|FlowerVeil|Protect,Moonblast,DazzlingGleam,Psychic|Timid||F|||50|]Gholdengo||LifeOrb|GoodasGold|Protect,MakeItRain,NastyPlot,ShadowBall|Timid|||||50|
|inactive|Battle timer is ON: inactive players will automatically lose when time's up. (requested by yunsen)
|inactive|littlemungil has 60 seconds left.
|
|t:|1782481201
|teamsize|p1|4
|teamsize|p2|4
|start
|switch|p1a: Talonflame|Talonflame, L50, M|100/100
|switch|p1b: Staraptor|Staraptor, L50, F|100/100
|switch|p2a: Floette|Floette-Eternal, L50, F|100/100
|switch|p2b: Whimsicott|Whimsicott, L50, M|100/100
|-ability|p1b: Staraptor|Intimidate|boost
|-unboost|p2a: Floette|atk|1
|-block|p2b: Whimsicott|ability: Flower Veil|[of] p2a: Floette
|turn|1
|inactive|littlemungil has 30 seconds left.
|inactive|littlemungil has 20 seconds left.
|inactive|littlemungil has 15 seconds left.
|
|t:|1782481245
|detailschange|p2a: Floette|Floette-Mega, L50, F
|-mega|p2a: Floette|Floette|Floettite
|-ability|p2a: Floette|Fairy Aura
|move|p1b: Staraptor|Protect|p1b: Staraptor
|-singleturn|p1b: Staraptor|Protect
|move|p1a: Talonflame|Dual Wingbeat|p2b: Whimsicott
|-supereffective|p2b: Whimsicott|1
|-damage|p2b: Whimsicott|60/100
|-supereffective|p2b: Whimsicott|1
|-damage|p2b: Whimsicott|25/100
|-hitcount|p2b: Whimsicott|2
|move|p2b: Whimsicott|Tailwind|p2b: Whimsicott
|-sidestart|p2: yunsen|move: Tailwind
|move|p2a: Floette|Dazzling Gleam|p1b: Staraptor|[spread] p1a
|-activate|p1b: Staraptor|move: Protect
|-resisted|p1a: Talonflame|1
|-damage|p1a: Talonflame|68/100
|
|upkeep
|turn|2
|inactive|littlemungil has 30 seconds left.
|inactive|littlemungil has 20 seconds left.
|inactive|littlemungil has 15 seconds left.
|
|t:|1782481289
|switch|p1b: Milotic|Milotic, L50, F|100/100
|move|p2b: Whimsicott|Encore||[still]
|-fail|p2b: Whimsicott
|move|p2a: Floette|Moonblast|p1a: Talonflame
|-resisted|p1a: Talonflame|1
|-damage|p1a: Talonflame|16/100
|move|p1a: Talonflame|Dual Wingbeat|p2a: Floette|[miss]
|-miss|p1a: Talonflame|p2a: Floette
|
|upkeep
|turn|3
|inactive|littlemungil has 30 seconds left.
|inactive|littlemungil has 20 seconds left.
|
|t:|1782481325
|move|p2b: Whimsicott|Protect|p2b: Whimsicott
|-singleturn|p2b: Whimsicott|Protect
|move|p1a: Talonflame|Protect|p1a: Talonflame
|-singleturn|p1a: Talonflame|Protect
|move|p2a: Floette|Dazzling Gleam|p1b: Milotic|[spread] p1b
|-activate|p1a: Talonflame|move: Protect
|-damage|p1b: Milotic|64/100
|move|p1b: Milotic|Scald|p2a: Floette
|-damage|p2a: Floette|76/100
|
|-heal|p1b: Milotic|70/100|[from] item: Leftovers
|upkeep
|turn|4
|inactive|yunsen has 30 seconds left.
|
|t:|1782481353
|switch|p2b: Raichu|Raichu, L50, M|100/100
|move|p2a: Floette|Dazzling Gleam|p1a: Talonflame|[spread] p1a,p1b
|-resisted|p1a: Talonflame|1
|-damage|p1a: Talonflame|0 fnt
|-damage|p1b: Milotic|35/100
|faint|p1a: Talonflame
|move|p1b: Milotic|Coil|p1b: Milotic
|-boost|p1b: Milotic|atk|1
|-boost|p1b: Milotic|def|1
|-boost|p1b: Milotic|accuracy|1
|
|-heal|p1b: Milotic|41/100|[from] item: Leftovers
|-sideend|p2: yunsen|move: Tailwind
|upkeep
|inactive|littlemungil has 30 seconds left.
|
|t:|1782481383
|switch|p1a: Tsareena|Tsareena, L50, F|100/100
|turn|5
|inactive|littlemungil has 30 seconds left.
|inactive|littlemungil has 20 seconds left.
|inactive|littlemungil has 15 seconds left.
|inactive|littlemungil has 10 seconds left.
|inactive|yunsen has 30 seconds left.
|
|t:|1782481431
|move|p1b: Milotic|Protect|p1b: Milotic
|-singleturn|p1b: Milotic|Protect
|move|p2b: Raichu|Fake Out||[still]
|cant|p1a: Tsareena|ability: Queenly Majesty|Fake Out|[of] p2b: Raichu
|move|p1a: Tsareena|Trop Kick|p2b: Raichu
|-damage|p2b: Raichu|18/100
|-unboost|p2b: Raichu|atk|1
|move|p2a: Floette|Moonblast|p1b: Milotic
|-activate|p1b: Milotic|move: Protect
|
|-heal|p1b: Milotic|47/100|[from] item: Leftovers
|upkeep
|turn|6
|
|t:|1782481455
|move|p2a: Floette|Protect|p2a: Floette
|-singleturn|p2a: Floette|Protect
|move|p1a: Tsareena|Trop Kick|p2b: Raichu
|-damage|p2b: Raichu|0 fnt
|faint|p2b: Raichu
|move|p1b: Milotic|Hypnosis|p2a: Floette
|-activate|p2a: Floette|move: Protect
|
|-heal|p1b: Milotic|53/100|[from] item: Leftovers
|upkeep
|
|t:|1782481463
|switch|p2b: Whimsicott|Whimsicott, L50, M|25/100
|turn|7
|
|t:|1782481484
|move|p1b: Milotic|Protect|p1b: Milotic
|-singleturn|p1b: Milotic|Protect
|move|p2b: Whimsicott|Tailwind|p2b: Whimsicott
|-sidestart|p2: yunsen|move: Tailwind
|move|p2a: Floette|Moonblast|p1a: Tsareena
|-damage|p1a: Tsareena|5/100
|move|p1a: Tsareena|Trop Kick|p2a: Floette
|-damage|p2a: Floette|18/100
|-unboost|p2a: Floette|atk|1
|
|-heal|p1b: Milotic|59/100|[from] item: Leftovers
|upkeep
|turn|8
|
|t:|1782481503
|move|p2b: Whimsicott|Moonblast|p1b: Milotic
|-damage|p1b: Milotic|23/100
|move|p2a: Floette|Dazzling Gleam|p1a: Tsareena|[spread] p1a,p1b
|-damage|p1a: Tsareena|0 fnt
|-damage|p1b: Milotic|0 fnt
|faint|p1a: Tsareena
|faint|p1b: Milotic
|
|upkeep
|
|t:|1782481511
|switch|p1b: Staraptor|Staraptor, L50, F|100/100
|-ability|p1b: Staraptor|Intimidate|boost
|-unboost|p2a: Floette|atk|1
|-unboost|p2b: Whimsicott|atk|1
|turn|9
|
|t:|1782481534
|move|p1b: Staraptor|Protect|p1b: Staraptor
|-singleturn|p1b: Staraptor|Protect
|move|p2b: Whimsicott|Moonblast|p1b: Staraptor
|-activate|p1b: Staraptor|move: Protect
|move|p2a: Floette|Moonblast|p1b: Staraptor
|-activate|p1b: Staraptor|move: Protect
|
|upkeep
|turn|10
|
|t:|1782481546
|move|p1b: Staraptor|Protect||[still]
|-fail|p1b: Staraptor
|move|p2b: Whimsicott|Moonblast|p1b: Staraptor
|-damage|p1b: Staraptor|23/100
|move|p2a: Floette|Moonblast|p1b: Staraptor
|-damage|p1b: Staraptor|0 fnt
|faint|p1b: Staraptor
|
|win|yunsen
||yunsen is ready for game 3.
|inactive|littlemungil has 30 seconds to confirm battle start!
|l|☆littlemungil
|player|p1|
||littlemungil is ready for game 3.
|uhtml|next|Next: Game 3 of 3
