|j|☆red gate 0
|j|☆Sumima100
|html|red gate 0Sumima100    
|uhtml|bestof|Game 2 of a best-of-3
|t:|1757031691
|gametype|doubles
|player|p1|red gate 0|n|1210
|player|p2|Sumima100|steven|1040
|gen|9
|tier|[Gen 9] VGC 2025 Reg H (Bo3)
|rated|
|rule|Species Clause: Limit one of each Pokémon
|rule|Item Clause: Limit 1 of each item
|clearpoke
|poke|p1|Sneasler, L50, M|
|poke|p1|Gholdengo, L50|
|poke|p1|Ninetales-Alola, L50, F|
|poke|p1|Arcanine-Hisui, L50, M|
|poke|p1|Amoonguss, L50, F|
|poke|p1|Rillaboom, L50, M|
|poke|p2|Dragonite, L50, F|
|poke|p2|Sneasler, L50, F|
|poke|p2|Archaludon, L50, F|
|poke|p2|Volcarona, L50, F|
|poke|p2|Rillaboom, L50, F|
|poke|p2|Kingambit, L50, F|
|teampreview|4
|showteam|p1|Sneasler||FocusSash|PoisonTouch|DireClaw,CloseCombat,FakeOut,Protect|||M|||50|,,,,,Stellar]Gholdengo||GrassySeed|GoodasGold|MakeItRain,ShadowBall,NastyPlot,Protect||||||50|,,,,,Water]Ninetales-Alola||LightClay|SnowWarning|IcyWind,FreezeDry,AuroraVeil,Protect|||F|||50|,,,,,Ghost]Arcanine-Hisui||ClearAmulet|Intimidate|FlareBlitz,RockSlide,ExtremeSpeed,Protect|||M|||50|,,,,,Ghost]Amoonguss||SitrusBerry|Regenerator|ClearSmog,PollenPuff,Spore,RagePowder|||F|||50|,,,,,Water]Rillaboom||AssaultVest|GrassySurge|WoodHammer,GrassyGlide,HighHorsepower,FakeOut|||M|||50|,,,,,Fire
|showteam|p2|Dragonite||LoadedDice|InnerFocus|Haze,ScaleShot,ExtremeSpeed,Protect|||F|||50|,,,,,Normal]Sneasler||FocusSash|Unburden|DireClaw,Acrobatics,CloseCombat,Coaching|||F|||50|,,,,,Ghost]Archaludon||PowerHerb|Stamina|ElectroShot,DracoMeteor,BodyPress,FlashCannon|||F|||50|,,,,,Bug]Volcarona||ElectricSeed|FlameBody|GigaDrain,HeatWave,QuiverDance,RagePowder|||F|||50|,,,,,Grass]Rillaboom||AssaultVest|GrassySurge|HighHorsepower,WoodHammer,Uturn,FakeOut|||F|||50|,,,,,Ground]Kingambit||BlackGlasses|Defiant|KowtowCleave,SuckerPunch,BrickBreak,Protect|||F|||50|,,,,,Dark
|inactive|Battle timer is ON: inactive players will automatically lose when time's up. (requested by red gate 0)
|j| Xamithus
|inactive|red gate 0 has 60 seconds left.
|
|t:|1757031738
|teamsize|p1|4
|teamsize|p2|4
|start
|switch|p1a: Arcanine|Arcanine-Hisui, L50, M|100/100
|switch|p1b: Sneasler|Sneasler, L50, M, shiny|100/100
|switch|p2a: Dragonite|Dragonite, L50, F|100/100
|switch|p2b: Sneasler|Sneasler, L50, F|100/100
|-ability|p1a: Arcanine|Intimidate|boost
|-fail|p2a: Dragonite|unboost|Attack|[from] ability: Inner Focus|[of] p2a: Dragonite
|-unboost|p2b: Sneasler|atk|1
|turn|1
|inactive|red gate 0 has 30 seconds left.
|
|t:|1757031772
|switch|p1b: Gholdengo|Gholdengo, L50|100/100
|switch|p2b: Archaludon|Archaludon, L50, F|100/100
|move|p1a: Arcanine|Rock Slide|p2b: Archaludon|[spread] p2a,p2b
|-supereffective|p2a: Dragonite
|-resisted|p2b: Archaludon
|-damage|p2a: Dragonite|45/100
|-damage|p2b: Archaludon|92/100
|-ability|p2b: Archaludon|Stamina|boost
|-boost|p2b: Archaludon|def|1
|move|p2a: Dragonite|Scale Shot|p1b: Gholdengo
|-resisted|p1b: Gholdengo
|-damage|p1b: Gholdengo|92/100
|-resisted|p1b: Gholdengo
|-damage|p1b: Gholdengo|84/100
|-resisted|p1b: Gholdengo
|-damage|p1b: Gholdengo|77/100
|-resisted|p1b: Gholdengo
|-damage|p1b: Gholdengo|69/100
|-resisted|p1b: Gholdengo
|-damage|p1b: Gholdengo|61/100
|-hitcount|p1b: Gholdengo|5
|-unboost|p2a: Dragonite|def|1
|-boost|p2a: Dragonite|spe|1
|
|upkeep
|turn|2
|inactive|Sumima100 has 30 seconds left.
|inactive|Sumima100 has 20 seconds left.
|inactive|Sumima100 has 15 seconds left.
|inactive|Sumima100 has 10 seconds left.
|
|t:|1757031820
|switch|p1a: Rillaboom|Rillaboom, L50, M|100/100
|-fieldstart|move: Grassy Terrain|[from] ability: Grassy Surge|[of] p1a: Rillaboom
|-enditem|p1b: Gholdengo|Grassy Seed
|-boost|p1b: Gholdengo|def|1|[from] item: Grassy Seed
|move|p2a: Dragonite|Protect|p2a: Dragonite
|-singleturn|p2a: Dragonite|Protect
|move|p1b: Gholdengo|Protect|p1b: Gholdengo
|-singleturn|p1b: Gholdengo|Protect
|move|p2b: Archaludon|Body Press|p1a: Rillaboom
|-damage|p1a: Rillaboom|67/100
|
|-heal|p1b: Gholdengo|68/100|[from] Grassy Terrain
|-heal|p1a: Rillaboom|72/100|[from] Grassy Terrain
|-heal|p2b: Archaludon|98/100|[from] Grassy Terrain
|upkeep
|turn|3
|
|t:|1757031841
|switch|p2a: Rillaboom|Rillaboom, L50, F|100/100
|move|p1a: Rillaboom|Fake Out|p2b: Archaludon
|-resisted|p2b: Archaludon
|-damage|p2b: Archaludon|95/100
|-ability|p2b: Archaludon|Stamina|boost
|-boost|p2b: Archaludon|def|1
|move|p1b: Gholdengo|Nasty Plot|p1b: Gholdengo
|-boost|p1b: Gholdengo|spa|2
|cant|p2b: Archaludon|flinch
|
|-heal|p1b: Gholdengo|74/100|[from] Grassy Terrain
|-heal|p2b: Archaludon|100/100|[from] Grassy Terrain
|-heal|p1a: Rillaboom|78/100|[from] Grassy Terrain
|upkeep
|turn|4
|
|t:|1757031862
|switch|p1a: Arcanine|Arcanine-Hisui, L50, M|100/100
|-ability|p1a: Arcanine|Intimidate|boost
|-unboost|p2a: Rillaboom|atk|1
|-unboost|p2b: Archaludon|atk|1
|move|p1b: Gholdengo|Protect|p1b: Gholdengo
|-singleturn|p1b: Gholdengo|Protect
|move|p2a: Rillaboom|Fake Out|p1a: Arcanine
|-resisted|p1a: Arcanine
|-damage|p1a: Arcanine|95/100
|move|p2b: Archaludon|Electro Shot||[still]
|-prepare|p2b: Archaludon|Electro Shot
|-boost|p2b: Archaludon|spa|1
|-enditem|p2b: Archaludon|Power Herb
|-anim|p2b: Archaludon|Electro Shot|p1b: Gholdengo
|-activate|p1b: Gholdengo|move: Protect
|
|-heal|p1a: Arcanine|100/100|[from] Grassy Terrain
|-heal|p1b: Gholdengo|80/100|[from] Grassy Terrain
|upkeep
|turn|5
|
|t:|1757031884
|-terastallize|p2a: Rillaboom|Ground
|move|p1a: Arcanine|Flare Blitz|p2a: Rillaboom
|-damage|p2a: Rillaboom|52/100
|-damage|p1a: Arcanine|82/100|[from] Recoil
|move|p1b: Gholdengo|Nasty Plot|p1b: Gholdengo
|-boost|p1b: Gholdengo|spa|2
|move|p2b: Archaludon|Electro Shot||[still]
|-prepare|p2b: Archaludon|Electro Shot
|-boost|p2b: Archaludon|spa|1
|move|p2a: Rillaboom|High Horsepower|p1a: Arcanine
|-supereffective|p1a: Arcanine
|-damage|p1a: Arcanine|0 fnt
|faint|p1a: Arcanine
|
|-heal|p1b: Gholdengo|86/100|[from] Grassy Terrain
|-heal|p2a: Rillaboom|58/100|[from] Grassy Terrain
|upkeep
|
|t:|1757031903
|switch|p1a: Sneasler|Sneasler, L50, M, shiny|100/100
|turn|6
|
|t:|1757031917
|move|p1a: Sneasler|Fake Out|p2b: Archaludon
|-resisted|p2b: Archaludon
|-damage|p2b: Archaludon|98/100
|-ability|p2b: Archaludon|Stamina|boost
|-boost|p2b: Archaludon|def|1
|move|p1b: Gholdengo|Make It Rain|p2b: Archaludon|[spread] p2a,p2b
|-resisted|p2b: Archaludon
|-damage|p2a: Rillaboom|0 fnt
|-damage|p2b: Archaludon|23/100
|-unboost|p1b: Gholdengo|spa|1
|-ability|p2b: Archaludon|Stamina|boost
|-boost|p2b: Archaludon|def|1
|faint|p2a: Rillaboom
|cant|p2b: Archaludon|flinch
|
|-heal|p1b: Gholdengo|92/100|[from] Grassy Terrain
|-heal|p2b: Archaludon|29/100|[from] Grassy Terrain
|-fieldend|move: Grassy Terrain
|upkeep
|
|t:|1757031934
|switch|p2a: Sneasler|Sneasler, L50, F|100/100
|turn|7
|
|t:|1757031951
|move|p1a: Sneasler|Dire Claw|p2a: Sneasler
|-resisted|p2a: Sneasler
|-damage|p2a: Sneasler|68/100
|-status|p2a: Sneasler|par
|move|p1b: Gholdengo|Make It Rain|p2b: Archaludon|[spread] p2a,p2b
|-crit|p2a: Sneasler
|-resisted|p2b: Archaludon
|-damage|p2a: Sneasler|0 fnt
|-damage|p2b: Archaludon|0 fnt
|-unboost|p1b: Gholdengo|spa|1
|faint|p2a: Sneasler
|faint|p2b: Archaludon
|
|upkeep
|
|t:|1757031958
|switch|p2b: Dragonite|Dragonite, L50, F|45/100
|turn|8
|
|t:|1757031969
|-terastallize|p1a: Sneasler|Stellar
|move|p1a: Sneasler|Dire Claw|p2b: Dragonite
|-damage|p2b: Dragonite|0 fnt
|faint|p2b: Dragonite
|
|win|red gate 0
|raw|red gate 0's rating: 1210 → 1224(+14 for winning)
|raw|Sumima100's rating: 1040 → 1031(-9 for losing)
