|j|☆washingtongargacha
|j|☆TJMVI
|html|washingtongargachaTJMVI    
|uhtml|bestof|Game 1 of a best-of-3
|t:|1757092100
|gametype|doubles
|player|p1|washingtongargacha|2|1152
|player|p2|TJMVI|lance|1171
|gen|9
|tier|[Gen 9] VGC 2025 Reg H (Bo3)
|rated|
|rule|Species Clause: Limit one of each Pokémon
|rule|Item Clause: Limit 1 of each item
|clearpoke
|poke|p1|Talonflame, L50, M|
|poke|p1|Gholdengo, L50|
|poke|p1|Dragonite, L50, M|
|poke|p1|Archaludon, L50, M|
|poke|p1|Tyranitar, L50, M|
|poke|p1|Garchomp, L50, F|
|poke|p2|Tyranitar, L50, M|
|poke|p2|Garchomp, L50, M|
|poke|p2|Incineroar, L50, M|
|poke|p2|Sneasler, L50, F|
|poke|p2|Corviknight, L50, M|
|poke|p2|Gastrodon, L50, M|
|teampreview|4
|showteam|p1|Talonflame||CovertCloak|GaleWings|Tailwind,DualWingbeat,Taunt,FlareBlitz|||M|||50|,,,,,Ghost]Gholdengo||ChoiceSpecs|GoodasGold|MakeItRain,SteelBeam,ShadowBall,PowerGem||||||50|,,,,,Steel]Dragonite||LoadedDice|Multiscale|ScaleShot,IceSpinner,Haze,Protect|||M|||50|,,,,,Steel]Archaludon||PowerHerb|Sturdy|FlashCannon,ElectroShot,DracoMeteor,Protect|||M|||50|,,,,,Flying]Tyranitar||AssaultVest|SandStream|KnockOff,RockSlide,TeraBlast,LowKick|||M|||50|,,,,,Flying]Garchomp||LifeOrb|RoughSkin|DragonClaw,StompingTantrum,Earthquake,Protect|||F|||50|,,,,,Steel
|showteam|p2|Tyranitar||AssaultVest|SandStream|RockSlide,KnockOff,BrickBreak,TeraBlast|||M|||50|,,,,,Flying]Garchomp||ClearAmulet|SandVeil|RockSlide,DragonClaw,Earthquake,Protect|||M|||50|,,,,,Rock]Incineroar||SafetyGoggles|Intimidate|FlareBlitz,KnockOff,FakeOut,PartingShot|||M|||50|,,,,,Bug]Sneasler||WhiteHerb|Unburden|DireClaw,CloseCombat,FakeOut,Protect|||F|||50|,,,,,Stellar]Corviknight||SitrusBerry|MirrorArmor|BodyPress,BraveBird,Tailwind,BulkUp|||M|||50|,,,,,Ground]Gastrodon||Leftovers|StormDrain|MuddyWater,EarthPower,Recover,Protect|||M|||50|,,,,,Water
|inactive|Battle timer is ON: inactive players will automatically lose when time's up. (requested by TJMVI)
|inactive|washingtongargacha has 60 seconds left.
|
|t:|1757092136
|teamsize|p1|4
|teamsize|p2|4
|start
|switch|p1a: Dragonite|Dragonite, L50, M|100/100
|switch|p1b: Talonflame|Talonflame, L50, M|100/100
|switch|p2a: Incineroar|Incineroar, L50, M, shiny|100/100
|switch|p2b: Corviknight|Corviknight, L50, M, shiny|100/100
|-ability|p2a: Incineroar|Intimidate|boost
|-unboost|p1a: Dragonite|atk|1
|-unboost|p1b: Talonflame|atk|1
|turn|1
|inactive|washingtongargacha has 30 seconds left.
|
|t:|1757092164
|move|p1a: Dragonite|Protect|p1a: Dragonite
|-singleturn|p1a: Dragonite|Protect
|move|p2a: Incineroar|Fake Out|p1a: Dragonite
|-activate|p1a: Dragonite|move: Protect
|move|p1b: Talonflame|Flare Blitz|p2b: Corviknight
|-supereffective|p2b: Corviknight
|-damage|p2b: Corviknight|66/100
|-damage|p1b: Talonflame|89/100|[from] Recoil
|move|p2b: Corviknight|Tailwind|p2b: Corviknight
|-sidestart|p2: TJMVI|move: Tailwind
|
|upkeep
|turn|2
|
|t:|1757092182
|move|p1b: Talonflame|Tailwind|p1b: Talonflame
|-sidestart|p1: washingtongargacha|move: Tailwind
|move|p1a: Dragonite|Scale Shot|p2a: Incineroar
|-damage|p2a: Incineroar|90/100
|-damage|p2a: Incineroar|81/100
|-damage|p2a: Incineroar|72/100
|-damage|p2a: Incineroar|61/100
|-damage|p2a: Incineroar|52/100
|-hitcount|p2a: Incineroar|5
|-unboost|p1a: Dragonite|def|1
|-boost|p1a: Dragonite|spe|1
|move|p2b: Corviknight|Bulk Up|p2b: Corviknight
|-boost|p2b: Corviknight|atk|1
|-boost|p2b: Corviknight|def|1
|move|p2a: Incineroar|Knock Off|p1a: Dragonite
|-damage|p1a: Dragonite|68/100
|-enditem|p1a: Dragonite|Loaded Dice|[from] move: Knock Off|[of] p2a: Incineroar
|
|upkeep
|turn|3
|
|t:|1757092205
|move|p1a: Dragonite|Haze|p1a: Dragonite
|-clearallboost
|move|p1b: Talonflame|Flare Blitz|p2b: Corviknight
|-supereffective|p2b: Corviknight
|-damage|p2b: Corviknight|7/100
|-enditem|p2b: Corviknight|Sitrus Berry|[eat]
|-heal|p2b: Corviknight|32/100|[from] item: Sitrus Berry
|-damage|p1b: Talonflame|70/100|[from] Recoil
|move|p2b: Corviknight|Bulk Up|p2b: Corviknight
|-boost|p2b: Corviknight|atk|1
|-boost|p2b: Corviknight|def|1
|move|p2a: Incineroar|Parting Shot|p1a: Dragonite
|-unboost|p1a: Dragonite|atk|1
|-unboost|p1a: Dragonite|spa|1
|
|t:|1757092213
|switch|p2a: Tyranitar|Tyranitar, L50, M|100/100|[from] Parting Shot
|-weather|Sandstorm|[from] ability: Sand Stream|[of] p2a: Tyranitar
|
|-weather|Sandstorm|[upkeep]
|-damage|p1b: Talonflame|64/100|[from] Sandstorm
|-damage|p1a: Dragonite|62/100|[from] Sandstorm
|upkeep
|turn|4
|
|t:|1757092231
|switch|p2b: Incineroar|Incineroar, L50, M, shiny|52/100
|-ability|p2b: Incineroar|Intimidate|boost
|-unboost|p1a: Dragonite|atk|1
|-unboost|p1b: Talonflame|atk|1
|move|p1b: Talonflame|Flare Blitz|p2b: Incineroar
|-resisted|p2b: Incineroar
|-damage|p2b: Incineroar|40/100
|-damage|p1b: Talonflame|60/100|[from] Recoil
|move|p1a: Dragonite|Haze|p1a: Dragonite
|-clearallboost
|move|p2a: Tyranitar|Rock Slide|p1a: Dragonite|[spread] p1a,p1b
|-supereffective|p1a: Dragonite
|-supereffective|p1b: Talonflame
|-damage|p1a: Dragonite|0 fnt
|-damage|p1b: Talonflame|0 fnt
|faint|p1a: Dragonite
|faint|p1b: Talonflame
|
|-weather|Sandstorm|[upkeep]
|-sideend|p2: TJMVI|move: Tailwind
|upkeep
|
|t:|1757092248
|switch|p1b: Gholdengo|Gholdengo, L50|100/100
|switch|p1a: Garchomp|Garchomp, L50, F|100/100
|turn|5
|inactive|washingtongargacha has 30 seconds left.
|inactive|washingtongargacha has 20 seconds left.
|inactive|washingtongargacha has 15 seconds left.
|inactive|washingtongargacha has 10 seconds left.
|
|t:|1757092301
|-terastallize|p1b: Gholdengo|Steel
|-terastallize|p2a: Tyranitar|Flying
|move|p2b: Incineroar|Fake Out|p1a: Garchomp
|-damage|p1a: Garchomp|90/100
|-damage|p2b: Incineroar|28/100|[from] ability: Rough Skin|[of] p1a: Garchomp
|cant|p1a: Garchomp|flinch
|move|p1b: Gholdengo|Make It Rain|p2b: Incineroar|[spread] p2a,p2b
|-resisted|p2b: Incineroar
|-crit|p2b: Incineroar
|-damage|p2a: Tyranitar|43/100
|-damage|p2b: Incineroar|0 fnt
|-unboost|p1b: Gholdengo|spa|1
|faint|p2b: Incineroar
|move|p2a: Tyranitar|Knock Off|p1b: Gholdengo
|-damage|p1b: Gholdengo|44/100
|-enditem|p1b: Gholdengo|Choice Specs|[from] move: Knock Off|[of] p2a: Tyranitar
|
|-weather|Sandstorm|[upkeep]
|-damage|p2a: Tyranitar|36/100|[from] Sandstorm
|-sideend|p1: washingtongargacha|move: Tailwind
|upkeep
|
|t:|1757092319
|switch|p2b: Corviknight|Corviknight, L50, M, shiny|32/100
|turn|6
|
|t:|1757092340
|move|p1a: Garchomp|Dragon Claw|p2b: Corviknight
|-resisted|p2b: Corviknight
|-damage|p2b: Corviknight|10/100
|-damage|p1a: Garchomp|80/100|[from] item: Life Orb
|move|p1b: Gholdengo|Make It Rain|p2b: Corviknight|[spread] p2a,p2b
|-resisted|p2b: Corviknight
|-damage|p2a: Tyranitar|8/100
|-damage|p2b: Corviknight|0 fnt
|-unboost|p1b: Gholdengo|spa|1
|faint|p2b: Corviknight
|move|p2a: Tyranitar|Knock Off|p1a: Garchomp
|-damage|p1a: Garchomp|30/100
|-damage|p2a: Tyranitar|0 fnt|[from] ability: Rough Skin|[of] p1a: Garchomp
|faint|p2a: Tyranitar
|
|-weather|Sandstorm|[upkeep]
|upkeep
|
|t:|1757092350
|switch|p2b: Garchomp|Garchomp, L50, M|100/100
|turn|7
|
|t:|1757092368
|move|p1a: Garchomp|Dragon Claw|p2b: Garchomp|[miss]
|-miss|p1a: Garchomp|p2b: Garchomp
|move|p2b: Garchomp|Earthquake|p1b: Gholdengo|[spread] p1a,p1b
|-supereffective|p1b: Gholdengo
|-damage|p1a: Garchomp|0 fnt
|-damage|p1b: Gholdengo|0 fnt
|faint|p1a: Garchomp
|faint|p1b: Gholdengo
|
|win|TJMVI
