|j|☆lettitripppp
|j|☆Pokemonkey25
|html|lettitrippppPokemonkey25    
|uhtml|bestof|Game 3 of a best-of-3
|t:|1785008904
|gametype|doubles
|player|p1|lettitripppp|lucas|1187
|player|p2|Pokemonkey25|swimmerf|1157
|gen|9
|tier|[Gen 9 Champions] VGC 2026 Reg M-B (Bo3)
|rated|
|rule|Species Clause: Limit one of each Pokémon
|rule|Item Clause: Limit 1 of each item
|clearpoke
|poke|p1|Charizard, L50, F, shiny|
|poke|p1|Basculegion, L50, M, shiny|
|poke|p1|Pelipper, L50, M|
|poke|p1|Venusaur, L50, M|
|poke|p1|Archaludon, L50, F|
|poke|p1|Grimmsnarl, L50, M, shiny|
|poke|p2|Sinistcha, L50|
|poke|p2|Pelipper, L50, F|
|poke|p2|Grimmsnarl, L50, M|
|poke|p2|Maushold-Four, L50|
|poke|p2|Lucario, L50, F, shiny|
|poke|p2|Blastoise, L50, M|
|teampreview|4
|showteam|p1|Charizard||CharizarditeY|Blaze|WeatherBall,SolarBeam,HeatWave,Protect|Modest||F|||50|]Basculegion||ChoiceScarf|Adaptability|LastRespects,WaveCrash,FlipTurn,AquaJet|Jolly||M|||50|]Pelipper||SitrusBerry|Drizzle|WeatherBall,WideGuard,Hurricane,Tailwind|Modest||M|||50|]Venusaur||FocusSash|Chlorophyll|SleepPowder,SludgeBomb,EarthPower,Protect|Timid||M|||50|]Archaludon||Leftovers|Stamina|FlashCannon,DragonPulse,ElectroShot,Protect|Calm||F|||50|]Grimmsnarl||LightClay|Prankster|PartingShot,LightScreen,SpiritBreak,Reflect|Relaxed||M|||50|
|showteam|p2|Sinistcha||BrightPowder|Hospitality|RagePowder,MatchaGotcha,LifeDew,ShadowBall|Calm|||||50|]Pelipper||LifeOrb|Drizzle|WideGuard,MuddyWater,Hurricane,Tailwind|Modest||F|||50|]Grimmsnarl||LightClay|Prankster|LightScreen,Reflect,Taunt,PartingShot|Careful||M|||50|]Maushold-Four||ChopleBerry|FriendGuard|FollowMe,BeatUp,SuperFang,Protect|Impish|||||50|]Lucario||Lucarionite|Justified|ExtremeSpeed,Detect,DrainPunch,MeteorMash|Careful||F|||50|]Blastoise||Blastoisinite|RainDish|ShellSmash,DarkPulse,WaterSpout,Protect|Modest||M|||50|
|inactive|Battle timer is ON: inactive players will automatically lose when time's up. (requested by lettitripppp)
|
|t:|1785008913
|teamsize|p1|4
|teamsize|p2|4
|start
|switch|p1a: SOFT-SLEEP|Venusaur, L50, M|100/100
|switch|p1b: GO JOHAN|Grimmsnarl, L50, M, shiny|100/100
|switch|p2a: Family Hug|Maushold-Four, L50|100/100
|switch|p2b: imp or tint|Grimmsnarl, L50, M|100/100
|turn|1
|
|t:|1785008929
|move|p1a: SOFT-SLEEP|Protect|p1a: SOFT-SLEEP
|-singleturn|p1a: SOFT-SLEEP|Protect
|move|p2a: Family Hug|Protect|p2a: Family Hug
|-singleturn|p2a: Family Hug|Protect
|move|p2b: imp or tint|Taunt|p1a: SOFT-SLEEP
|-activate|p1a: SOFT-SLEEP|move: Protect
|move|p1b: GO JOHAN|Parting Shot|p2a: Family Hug
|-activate|p2a: Family Hug|move: Protect
|
|upkeep
|turn|2
|
|t:|1785008947
|switch|p1a: GHOSTWAVE|Basculegion, L50, M, shiny|100/100
|move|p2b: imp or tint|Taunt|p1a: GHOSTWAVE
|-start|p1a: GHOSTWAVE|move: Taunt
|move|p1b: GO JOHAN|Parting Shot|p2a: Family Hug
|-unboost|p2a: Family Hug|atk|1
|-unboost|p2a: Family Hug|spa|1
|
|t:|1785008955
|switch|p1b: AGNI|Charizard, L50, F, shiny|100/100|[from] Parting Shot
|move|p2a: Family Hug|Super Fang|p1a: GHOSTWAVE
|-immune|p1a: GHOSTWAVE
|
|upkeep
|turn|3
|
|t:|1785008971
|switch|p1b: GO JOHAN|Grimmsnarl, L50, M, shiny|100/100
|move|p2a: Family Hug|Protect|p2a: Family Hug
|-singleturn|p2a: Family Hug|Protect
|move|p2b: imp or tint|Light Screen|p2b: imp or tint
|-sidestart|p2: Pokemonkey25|move: Light Screen
|move|p1a: GHOSTWAVE|Wave Crash|p2a: Family Hug
|-activate|p2a: Family Hug|move: Protect
|
|upkeep
|turn|4
|
|t:|1785008988
|move|p2b: imp or tint|Reflect|p2b: imp or tint
|-sidestart|p2: Pokemonkey25|Reflect
|move|p1b: GO JOHAN|Reflect|p1b: GO JOHAN
|-sidestart|p1: lettitripppp|Reflect
|move|p1a: GHOSTWAVE|Wave Crash|p2a: Family Hug
|-damage|p2a: Family Hug|48/100
|-damage|p1a: GHOSTWAVE|84/100|[from] Recoil
|move|p2a: Family Hug|Super Fang|p1b: GO JOHAN
|-damage|p1b: GO JOHAN|50/100y
|
|-end|p1a: GHOSTWAVE|move: Taunt
|upkeep
|turn|5
|inactive|lettitripppp has 30 seconds left.
|
|t:|1785009015
|move|p2b: imp or tint|Parting Shot|p1a: GHOSTWAVE
|-unboost|p1a: GHOSTWAVE|atk|1
|-unboost|p1a: GHOSTWAVE|spa|1
|
|t:|1785009019
|switch|p2b: Zero Fox|Lucario, L50, F, shiny|100/100|[from] Parting Shot
|move|p1a: GHOSTWAVE|Wave Crash|p2a: Family Hug
|-damage|p2a: Family Hug|13/100
|-damage|p1a: GHOSTWAVE|73/100|[from] Recoil
|move|p2a: Family Hug|Beat Up|p2b: Zero Fox
|-resisted|p2b: Zero Fox|1
|-damage|p2b: Zero Fox|99/100
|-ability|p2b: Zero Fox|Justified|boost
|-boost|p2b: Zero Fox|atk|1
|-resisted|p2b: Zero Fox|1
|-damage|p2b: Zero Fox|98/100
|-ability|p2b: Zero Fox|Justified|boost
|-boost|p2b: Zero Fox|atk|1
|-resisted|p2b: Zero Fox|1
|-damage|p2b: Zero Fox|97/100
|-ability|p2b: Zero Fox|Justified|boost
|-boost|p2b: Zero Fox|atk|1
|-resisted|p2b: Zero Fox|1
|-damage|p2b: Zero Fox|96/100
|-ability|p2b: Zero Fox|Justified|boost
|-boost|p2b: Zero Fox|atk|1
|-hitcount|p2b: Zero Fox|4
|move|p1b: GO JOHAN|Spirit Break|p2a: Family Hug
|-damage|p2a: Family Hug|0 fnt
|faint|p2a: Family Hug
|
|upkeep
|inactive|Pokemonkey25 has 30 seconds left.
|
|t:|1785009052
|switch|p2a: imp or tint|Grimmsnarl, L50, M|100/100
|turn|6
|
|t:|1785009075
|detailschange|p2b: Zero Fox|Lucario-Mega, L50, F, shiny
|-mega|p2b: Zero Fox|Lucario|Lucarionite
|move|p2b: Zero Fox|Extreme Speed|p1b: GO JOHAN
|-damage|p1b: GO JOHAN|0 fnt
|faint|p1b: GO JOHAN
|move|p2a: imp or tint|Parting Shot|p1a: GHOSTWAVE
|-unboost|p1a: GHOSTWAVE|atk|1
|-unboost|p1a: GHOSTWAVE|spa|1
|
|t:|1785009084
|switch|p2a: mine|Pelipper, L50, F|100/100|[from] Parting Shot
|-weather|RainDance|[from] ability: Drizzle|[of] p2a: mine
|move|p1a: GHOSTWAVE|Wave Crash|p2a: mine
|-resisted|p2a: mine|1
|-damage|p2a: mine|77/100
|-damage|p1a: GHOSTWAVE|67/100|[from] Recoil
|
|-weather|RainDance|[upkeep]
|upkeep
|
|t:|1785009092
|switch|p1b: SOFT-SLEEP|Venusaur, L50, M|100/100
|turn|7
|
|t:|1785009111
|switch|p2a: imp or tint|Grimmsnarl, L50, M|100/100
|move|p2b: Zero Fox|Detect|p2b: Zero Fox
|-singleturn|p2b: Zero Fox|Protect
|move|p1a: GHOSTWAVE|Wave Crash|p2b: Zero Fox
|-activate|p2b: Zero Fox|move: Protect
|move|p1b: SOFT-SLEEP|Sleep Powder|p2a: imp or tint
|-status|p2a: imp or tint|slp|[from] move: Sleep Powder
|
|-weather|RainDance|[upkeep]
|upkeep
|turn|8
|
|t:|1785009136
|cant|p2a: imp or tint|slp
|move|p1a: GHOSTWAVE|Wave Crash|p2b: Zero Fox
|-damage|p2b: Zero Fox|47/100
|-damage|p1a: GHOSTWAVE|53/100|[from] Recoil
|move|p1b: SOFT-SLEEP|Earth Power|p2b: Zero Fox
|-supereffective|p2b: Zero Fox|1
|-damage|p2b: Zero Fox|14/100
|move|p2b: Zero Fox|Meteor Mash|p1b: SOFT-SLEEP
|-crit|p1b: SOFT-SLEEP
|-enditem|p1b: SOFT-SLEEP|Focus Sash
|-damage|p1b: SOFT-SLEEP|1/100
|
|-weather|RainDance|[upkeep]
|upkeep
|turn|9
|
|t:|1785009158
|move|p2b: Zero Fox|Detect|p2b: Zero Fox
|-singleturn|p2b: Zero Fox|Protect
|cant|p2a: imp or tint|slp
|move|p1a: GHOSTWAVE|Wave Crash|p2b: Zero Fox
|-activate|p2b: Zero Fox|move: Protect
|move|p1b: SOFT-SLEEP|Sludge Bomb|p2a: imp or tint
|-supereffective|p2a: imp or tint|1
|-damage|p2a: imp or tint|48/100 slp
|
|-weather|RainDance|[upkeep]
|upkeep
|turn|10
|
|t:|1785009174
|move|p2b: Zero Fox|Extreme Speed|p1b: SOFT-SLEEP
|-crit|p1b: SOFT-SLEEP
|-damage|p1b: SOFT-SLEEP|0 fnt
|faint|p1b: SOFT-SLEEP
|-curestatus|p2a: imp or tint|slp|[msg]
|move|p2a: imp or tint|Parting Shot|p1a: GHOSTWAVE
|-unboost|p1a: GHOSTWAVE|atk|1
|-unboost|p1a: GHOSTWAVE|spa|1
|
|t:|1785009184
|switch|p2a: mine|Pelipper, L50, F|77/100|[from] Parting Shot
|move|p1a: GHOSTWAVE|Wave Crash|p2b: Zero Fox
|-damage|p2b: Zero Fox|0 fnt
|faint|p2b: Zero Fox
|-damage|p1a: GHOSTWAVE|49/100|[from] Recoil
|
|-weather|none
|-sideend|p2: Pokemonkey25|move: Light Screen
|upkeep
|
|t:|1785009195
|switch|p1b: AGNI|Charizard, L50, F, shiny|100/100
|switch|p2b: imp or tint|Grimmsnarl, L50, M|48/100
|turn|11
|
|t:|1785009212
|detailschange|p1b: AGNI|Charizard-Mega-Y, L50, F, shiny
|-mega|p1b: AGNI|Charizard|Charizardite Y
|-weather|SunnyDay|[from] ability: Drought|[of] p1b: AGNI
|move|p2b: imp or tint|Light Screen|p2b: imp or tint
|-sidestart|p2: Pokemonkey25|move: Light Screen
|move|p1a: GHOSTWAVE|Wave Crash|p2b: imp or tint
|-damage|p2b: imp or tint|39/100
|-damage|p1a: GHOSTWAVE|46/100|[from] Recoil
|move|p1b: AGNI|Weather Ball|p2b: imp or tint
|-damage|p2b: imp or tint|0 fnt
|faint|p2b: imp or tint
|move|p2a: mine|Muddy Water|p1b: AGNI|[spread] p1a,p1b
|-resisted|p1a: GHOSTWAVE|1
|-supereffective|p1b: AGNI|1
|-damage|p1a: GHOSTWAVE|37/100
|-damage|p1b: AGNI|73/100
|-unboost|p1b: AGNI|accuracy|1
|-damage|p2a: mine|68/100|[from] item: Life Orb
|
|-weather|SunnyDay|[upkeep]
|-sideend|p2: Pokemonkey25|Reflect
|-sideend|p1: lettitripppp|Reflect
|upkeep
|turn|12
|
|t:|1785009236
|move|p1a: GHOSTWAVE|Wave Crash|p2a: mine
|-resisted|p2a: mine|1
|-damage|p2a: mine|60/100
|-damage|p1a: GHOSTWAVE|35/100|[from] Recoil
|move|p1b: AGNI|Solar Beam||[still]
|-prepare|p1b: AGNI|Solar Beam
|-anim|p1b: AGNI|Solar Beam|p2a: mine
|-damage|p2a: mine|19/100
|move|p2a: mine|Hurricane|p1b: AGNI|[miss]
|-miss|p2a: mine|p1b: AGNI
|
|-weather|SunnyDay|[upkeep]
|upkeep
|turn|13
|
|t:|1785009251
|move|p1a: GHOSTWAVE|Wave Crash|p2a: mine
|-resisted|p2a: mine|1
|-damage|p2a: mine|10/100
|-damage|p1a: GHOSTWAVE|32/100|[from] Recoil
|move|p1b: AGNI|Weather Ball|p2a: mine
|-resisted|p2a: mine|1
|-damage|p2a: mine|0 fnt
|faint|p2a: mine
|
|win|lettitripppp
|raw|lettitripppp's rating: 1187 → 1210(+23 for winning)
|raw|Pokemonkey25's rating: 1157 → 1134(-23 for losing)
