|j|☆psychic system
|j|☆Gaspar8
|html|psychic systemGaspar8    
|uhtml|bestof|Game 2 of a best-of-3
|t:|1756902300
|gametype|doubles
|player|p1|psychic system|lucas|1161
|player|p2|Gaspar8|2|1255
|gen|9
|tier|[Gen 9] VGC 2025 Reg H (Bo3)
|rated|
|rule|Species Clause: Limit one of each Pokémon
|rule|Item Clause: Limit 1 of each item
|clearpoke
|poke|p1|Milotic, L50, F|
|poke|p1|Florges, L50, F|
|poke|p1|Amoonguss, L50, M|
|poke|p1|Kingambit, L50, F|
|poke|p1|Typhlosion-Hisui, L50, M|
|poke|p1|Kilowattrel, L50, F|
|poke|p2|Pelipper, L50, M|
|poke|p2|Archaludon, L50, M|
|poke|p2|Amoonguss, L50, F|
|poke|p2|Incineroar, L50, F|
|poke|p2|Basculegion, L50, M|
|poke|p2|Gholdengo, L50|
|teampreview|4
|showteam|p1|Milotic||AssaultVest|Competitive|Scald,MuddyWater,IcyWind,MirrorCoat|||F|||50|,,,,,Grass]Florges||Leftovers|FlowerVeil|CalmMind,Moonblast,SkillSwap,Protect|||F|||50|,,,,,Poison]Amoonguss||SitrusBerry|Regenerator|ClearSmog,Spore,PollenPuff,RagePowder|||M|||50|,,,,,Water]Kingambit||BlackGlasses|Defiant|Protect,KowtowCleave,SuckerPunch,SwordsDance|||F|||50|,,,,,Dark]Typhlosion-Hisui||ChoiceScarf|Blaze|Eruption,HeatWave,ShadowBall,FocusBlast|||M|||50|,,,,,Fire]Kilowattrel||FocusSash|WindPower|Thunderbolt,AirSlash,Tailwind,Protect|||F|||50|,,,,,Ghost
|showteam|p2|Pelipper||FocusSash|Drizzle|Hurricane,WeatherBall,Tailwind,Protect|||M|||50|,,,,,Ghost]Archaludon||AssaultVest|Stamina|ElectroShot,FlashCannon,Snarl,BodyPress|||M|||50|,,,,,Bug]Amoonguss||SitrusBerry|Regenerator|PollenPuff,Spore,RagePowder,Protect|||F|||50|,,,,,Water]Incineroar||RockyHelmet|Intimidate|FlareBlitz,KnockOff,FakeOut,PartingShot|||F|||50|,,,,,Ghost]Basculegion||ChoiceBand|SwiftSwim|WaveCrash,LastRespects,FlipTurn,AquaJet|||M|||50|,,,,,Water]Gholdengo||Leftovers|GoodasGold|MakeItRain,ShadowBall,NastyPlot,Protect||||||50|,,,,,Water
|inactive|Battle timer is ON: inactive players will automatically lose when time's up. (requested by Gaspar8)
|
|t:|1756902305
|teamsize|p1|4
|teamsize|p2|4
|start
|switch|p1a: Milotic|Milotic, L50, F|100/100
|switch|p1b: Florges|Florges, L50, F|100/100
|switch|p2a: Pelipper|Pelipper, L50, M, shiny|100/100
|switch|p2b: Archaludon|Archaludon, L50, M, shiny|100/100
|-weather|RainDance|[from] ability: Drizzle|[of] p2a: Pelipper
|turn|1
|
|t:|1756902320
|move|p1a: Milotic|Icy Wind|p2a: Pelipper|[spread] p2a,p2b
|-damage|p2a: Pelipper|85/100
|-damage|p2b: Archaludon|94/100
|-unboost|p2a: Pelipper|spe|1
|-unboost|p2b: Archaludon|spe|1
|-ability|p2b: Archaludon|Stamina|boost
|-boost|p2b: Archaludon|def|1
|move|p1b: Florges|Calm Mind|p1b: Florges
|-boost|p1b: Florges|spa|1
|-boost|p1b: Florges|spd|1
|move|p2b: Archaludon|Electro Shot||[still]
|-prepare|p2b: Archaludon|Electro Shot
|-boost|p2b: Archaludon|spa|1
|-anim|p2b: Archaludon|Electro Shot|p1a: Milotic
|-supereffective|p1a: Milotic
|-damage|p1a: Milotic|47/100
|move|p2a: Pelipper|Hurricane|p1a: Milotic
|-damage|p1a: Milotic|26/100
|
|-weather|RainDance|[upkeep]
|upkeep
|turn|2
|inactive|psychic system has 30 seconds left.
|inactive|psychic system has 20 seconds left.
|inactive|psychic system has 15 seconds left.
|inactive|psychic system has 10 seconds left.
|inactive|psychic system has 5 seconds left.
|
|t:|1756902371
|move|p1a: Milotic|Muddy Water|p2a: Pelipper|[spread] p2a,p2b
|-resisted|p2a: Pelipper
|-resisted|p2b: Archaludon
|-damage|p2a: Pelipper|58/100
|-damage|p2b: Archaludon|81/100
|-ability|p2b: Archaludon|Stamina|boost
|-boost|p2b: Archaludon|def|1
|move|p1b: Florges|Moonblast|p2b: Archaludon
|-damage|p2b: Archaludon|41/100
|-ability|p2b: Archaludon|Stamina|boost
|-boost|p2b: Archaludon|def|1
|move|p2b: Archaludon|Electro Shot||[still]
|-prepare|p2b: Archaludon|Electro Shot
|-boost|p2b: Archaludon|spa|1
|-anim|p2b: Archaludon|Electro Shot|p1a: Milotic
|-supereffective|p1a: Milotic
|-damage|p1a: Milotic|0 fnt
|faint|p1a: Milotic
|move|p2a: Pelipper|Tailwind|p2a: Pelipper
|-sidestart|p2: Gaspar8|move: Tailwind
|
|-weather|RainDance|[upkeep]
|upkeep
|
|t:|1756902390
|switch|p1a: Kilowattrel|Kilowattrel, L50, F|100/100
|turn|3
|
|t:|1756902406
|switch|p2a: Amoonguss|Amoonguss, L50, F, shiny|100/100
|move|p1a: Kilowattrel|Tailwind|p1a: Kilowattrel
|-sidestart|p1: psychic system|move: Tailwind
|-start|p1a: Kilowattrel|Charge|Tailwind|[from] ability: Wind Power
|move|p1b: Florges|Moonblast|p2b: Archaludon
|-damage|p2b: Archaludon|5/100
|-ability|p2b: Archaludon|Stamina|boost
|-boost|p2b: Archaludon|def|1
|move|p2b: Archaludon|Snarl|p1b: Florges|[spread] p1a,p1b
|-resisted|p1b: Florges
|-damage|p1a: Kilowattrel|59/100
|-damage|p1b: Florges|95/100
|-unboost|p1a: Kilowattrel|spa|1
|-unboost|p1b: Florges|spa|1
|
|-weather|RainDance|[upkeep]
|-heal|p1b: Florges|100/100|[from] item: Leftovers
|upkeep
|turn|4
|inactive|psychic system has 30 seconds left.
|inactive|Gaspar8 has 30 seconds left.
|inactive|psychic system has 20 seconds left.
|inactive|psychic system has 15 seconds left.
|inactive|psychic system has 10 seconds left.
|
|t:|1756902455
|-terastallize|p2a: Amoonguss|Water
|move|p2a: Amoonguss|Rage Powder|p2a: Amoonguss
|-singleturn|p2a: Amoonguss|move: Rage Powder
|move|p1a: Kilowattrel|Air Slash|p2a: Amoonguss
|-damage|p2a: Amoonguss|77/100
|move|p1b: Florges|Calm Mind|p1b: Florges
|-boost|p1b: Florges|spa|1
|-boost|p1b: Florges|spd|1
|move|p2b: Archaludon|Electro Shot||[still]
|-prepare|p2b: Archaludon|Electro Shot
|-boost|p2b: Archaludon|spa|1
|-anim|p2b: Archaludon|Electro Shot|p1a: Kilowattrel
|-damage|p1a: Kilowattrel|0 fnt
|faint|p1a: Kilowattrel
|
|-weather|RainDance|[upkeep]
|upkeep
|
|t:|1756902469
|switch|p1a: Amoonguss|Amoonguss, L50, M|100/100
|turn|5
|
|t:|1756902491
|move|p1a: Amoonguss|Rage Powder|p1a: Amoonguss
|-singleturn|p1a: Amoonguss|move: Rage Powder
|move|p1b: Florges|Moonblast|p2b: Archaludon
|-damage|p2b: Archaludon|0 fnt
|faint|p2b: Archaludon
|move|p2a: Amoonguss|Pollen Puff|p1a: Amoonguss
|-damage|p1a: Amoonguss|85/100
|
|-weather|none
|-sideend|p2: Gaspar8|move: Tailwind
|upkeep
|
|t:|1756902503
|switch|p2b: Basculegion|Basculegion, L50, M|100/100
|turn|6
|
|t:|1756902511
|move|p1a: Amoonguss|Rage Powder|p1a: Amoonguss
|-singleturn|p1a: Amoonguss|move: Rage Powder
|move|p2a: Amoonguss|Rage Powder|p2a: Amoonguss
|-singleturn|p2a: Amoonguss|move: Rage Powder
|move|p1b: Florges|Moonblast|p2a: Amoonguss
|-damage|p2a: Amoonguss|26/100
|-enditem|p2a: Amoonguss|Sitrus Berry|[eat]
|-heal|p2a: Amoonguss|51/100|[from] item: Sitrus Berry
|move|p2b: Basculegion|Last Respects|p1a: Amoonguss
|-damage|p1a: Amoonguss|28/100
|-enditem|p1a: Amoonguss|Sitrus Berry|[eat]
|-heal|p1a: Amoonguss|53/100|[from] item: Sitrus Berry
|
|-sideend|p1: psychic system|move: Tailwind
|upkeep
|turn|7
|inactive|psychic system has 30 seconds left.
|
|t:|1756902539
|move|p2a: Amoonguss|Rage Powder|p2a: Amoonguss
|-singleturn|p2a: Amoonguss|move: Rage Powder
|move|p1a: Amoonguss|Rage Powder|p1a: Amoonguss
|-singleturn|p1a: Amoonguss|move: Rage Powder
|move|p2b: Basculegion|Last Respects|p1a: Amoonguss
|-damage|p1a: Amoonguss|0 fnt
|faint|p1a: Amoonguss
|move|p1b: Florges|Moonblast|p2a: Amoonguss
|-damage|p2a: Amoonguss|0 fnt
|faint|p2a: Amoonguss
|
|upkeep
|
|t:|1756902551
|switch|p2a: Pelipper|Pelipper, L50, M, shiny|58/100
|-weather|RainDance|[from] ability: Drizzle|[of] p2a: Pelipper
|turn|8
|
|t:|1756902559
|move|p2b: Basculegion|Last Respects|p1b: Florges
|-damage|p1b: Florges|0 fnt
|faint|p1b: Florges
|
|win|Gaspar8
|raw|psychic system's rating: 1161 → 1143(-18 for losing)
|raw|Gaspar8's rating: 1255 → 1273(+18 for winning)
