|j|â˜†eevee1ynn
|j|â˜†Realfrytki
|html|eevee1ynnRealfrytki    
|uhtml|bestof|Game 1 of a best-of-3
|t:|1785954713
|gametype|doubles
|player|p1|eevee1ynn|irida-masters2|
|player|p2|Realfrytki|veteranf|
|gen|9
|tier|[Gen 9 Champions] VGC 2026 Reg M-B (Bo3)
|rule|Species Clause: Limit one of each PokÃ©mon
|rule|Item Clause: Limit 1 of each item
|clearpoke
|poke|p1|Raichu, L50, M|
|poke|p1|Talonflame, L50, M|
|poke|p1|Maushold, L50|
|poke|p1|Kommo-o, L50, M|
|poke|p1|Tsareena, L50, F|
|poke|p1|Delphox, L50, F|
|poke|p2|Archaludon, L50, F|
|poke|p2|Pelipper, L50, F|
|poke|p2|Grimmsnarl, L50, M|
|poke|p2|Swampert, L50, F|
|poke|p2|Mawile, L50, F|
|poke|p2|Farigiraf, L50, M|
|teampreview|4
|showteam|p1|Raichu||RaichuniteY|LightningRod|Protect,ZapCannon,FocusBlast,FakeOut|Timid||M|||50|]Talonflame||SharpBeak|GaleWings|QuickGuard,DualWingbeat,Feint,Tailwind|Jolly||M|||50|]Maushold||FocusSash|FriendGuard|Protect,SuperFang,Encore,FollowMe|Timid|||||50|]Kommo-o||LifeOrb|Overcoat|Protect,AuraSphere,ClangingScales,VacuumWave|Modest||M|||50|]Tsareena||WideLens|QueenlyMajesty|Protect,PowerWhip,TripleAxel,Taunt|Adamant||F|||50|]Delphox||Delphoxite|Blaze|Protect,HeatWave,Psychic,Substitute|Timid||F|||50|
|showteam|p2|Archaludon||Leftovers|Stamina|DragonPulse,FlashCannon,ElectroShot,Protect|Modest||F|||50|]Pelipper||LifeOrb|Drizzle|Hurricane,WeatherBall,Protect,Tailwind|Modest||F|||50|]Grimmsnarl||LightClay|Prankster|SpiritBreak,PartingShot,LightScreen,Reflect|Sassy||M|||50|]Swampert||Swampertite|Torrent|WaveCrash,Earthquake,IcePunch,Protect|Adamant||F|||50|]Mawile||Mawilite|HyperCutter|PlayRough,SuckerPunch,RockSlide,Protect|Brave||F|||50|]Farigiraf||SitrusBerry|ArmorTail|Psychic,Thunderbolt,TrickRoom,HelpingHand|Bold||M|||50|
|c|â˜†eevee1ynn|glhf
|c|â˜†Realfrytki|glhf
|
|t:|1785954762
|teamsize|p1|4
|teamsize|p2|4
|start
|switch|p1a: Raichu|Raichu, L50, M|100/100
|switch|p1b: Tsareena|Tsareena, L50, F|100/100
|switch|p2a: Grimmsnarl|Grimmsnarl, L50, M|100/100
|switch|p2b: Swampert|Swampert, L50, F|100/100
|turn|1
|
|t:|1785954776
|switch|p2b: Archaludon|Archaludon, L50, F|100/100
|detailschange|p1a: Raichu|Raichu-Mega-Y, L50, M
|-mega|p1a: Raichu|Raichu|Raichunite Y
|move|p1a: Raichu|Fake Out|p2a: Grimmsnarl
|-damage|p2a: Grimmsnarl|91/100
|cant|p2a: Grimmsnarl|flinch
|move|p1b: Tsareena|Taunt|p2a: Grimmsnarl
|-start|p2a: Grimmsnarl|move: Taunt
|
|upkeep
|turn|2
|
|t:|1785954789
|move|p2b: Archaludon|Protect|p2b: Archaludon
|-singleturn|p2b: Archaludon|Protect
|move|p1a: Raichu|Focus Blast|p2b: Archaludon
|-activate|p2b: Archaludon|move: Protect
|move|p1b: Tsareena|Power Whip|p2a: Grimmsnarl
|-damage|p2a: Grimmsnarl|35/100
|move|p2a: Grimmsnarl|Spirit Break|p1a: Raichu
|-damage|p1a: Raichu|53/100
|-unboost|p1a: Raichu|spa|1
|
|upkeep
|turn|3
|
|t:|1785954814
|switch|p1a: Talonflame|Talonflame, L50, M|100/100
|move|p2b: Archaludon|Dragon Pulse|p1a: Talonflame
|-damage|p1a: Talonflame|32/100
|move|p1b: Tsareena|Power Whip|p2a: Grimmsnarl
|-damage|p2a: Grimmsnarl|0 fnt
|faint|p2a: Grimmsnarl
|
|upkeep
|
|t:|1785954823
|switch|p2a: Pelipper|Pelipper, L50, F|100/100
|-weather|RainDance|[from] ability: Drizzle|[of] p2a: Pelipper
|turn|4
|
|t:|1785954831
|move|p1a: Talonflame|Tailwind|p1a: Talonflame
|-sidestart|p1: eevee1ynn|move: Tailwind
|move|p1b: Tsareena|Power Whip|p2a: Pelipper
|-damage|p2a: Pelipper|35/100
|move|p2a: Pelipper|Hurricane|p1b: Tsareena
|-supereffective|p1b: Tsareena|1
|-damage|p1b: Tsareena|0 fnt
|faint|p1b: Tsareena
|-damage|p2a: Pelipper|25/100|[from] item: Life Orb
|move|p2b: Archaludon|Dragon Pulse|p1a: Talonflame
|-damage|p1a: Talonflame|0 fnt
|faint|p1a: Talonflame
|
|-weather|RainDance|[upkeep]
|upkeep
|
|t:|1785954836
|switch|p1a: Kommo-o|Kommo-o, L50, M|100/100
|switch|p1b: Raichu|Raichu-Mega-Y, L50, M|53/100
|turn|5
|
|t:|1785954853
|move|p1b: Raichu|Focus Blast|p2b: Archaludon
|-supereffective|p2b: Archaludon|1
|-damage|p2b: Archaludon|12/100
|-ability|p2b: Archaludon|Stamina|boost
|-boost|p2b: Archaludon|def|1
|move|p1a: Kommo-o|Clanging Scales|p2a: Pelipper|[spread] p2a,p2b
|-damage|p2a: Pelipper|0 fnt
|-damage|p2b: Archaludon|0 fnt
|faint|p2a: Pelipper
|faint|p2b: Archaludon
|-unboost|p1a: Kommo-o|def|1
|-damage|p1a: Kommo-o|90/100|[from] item: Life Orb
|
|-weather|RainDance|[upkeep]
|upkeep
|
|t:|1785954866
|switch|p2b: Swampert|Swampert, L50, F|100/100
|turn|6
|
|t:|1785954879
|detailschange|p2b: Swampert|Swampert-Mega, L50, F
|-mega|p2b: Swampert|Swampert|Swampertite
|move|p1b: Raichu|Focus Blast|p2b: Swampert
|-damage|p2b: Swampert|59/100
|move|p1a: Kommo-o|Clanging Scales|p2b: Swampert
|-damage|p2b: Swampert|0 fnt
|faint|p2b: Swampert
|-damage|p1a: Kommo-o|80/100|[from] item: Life Orb
|
|win|eevee1ynn
