|j|☆Bonome Negrata
|j|☆xNimxZ
|html|Bonome NegrataxNimxZ    
|uhtml|bestof|Game 1 of a best-of-3
|t:|1783534296
|gametype|doubles
|player|p1|Bonome Negrata|burglar|
|player|p2|xNimxZ|guzma|
|gen|9
|tier|[Gen 9 Champions] VGC 2026 Reg M-B (Bo3)
|rule|Species Clause: Limit one of each Pokémon
|rule|Item Clause: Limit 1 of each item
|clearpoke
|poke|p1|Staraptor, L50, M|
|poke|p1|Mawile, L50, M|
|poke|p1|Farigiraf, L50, F|
|poke|p1|Gholdengo, L50|
|poke|p1|Grimmsnarl, L50, M|
|poke|p1|Diggersby, L50, M|
|poke|p2|Sylveon, L50, M|
|poke|p2|Incineroar, L50, M|
|poke|p2|Aerodactyl, L50, F|
|poke|p2|Charizard, L50, M|
|poke|p2|Metagross, L50|
|poke|p2|Garchomp, L50, M|
|teampreview|4
|showteam|p1|Staraptor||Staraptite|Intimidate|BraveBird,CloseCombat,Roost,Protect|Jolly||M|||50|]Mawile||Mawilite|Intimidate|IronHead,BrickBreak,SuckerPunch,SwordsDance|Brave||M|||50|]Farigiraf||ColburBerry|ArmorTail|TwinBeam,Thunderbolt,HelpingHand,TrickRoom|Relaxed||F|||50|]Gholdengo||LifeOrb|GoodasGold|ShadowBall,MakeItRain,PowerGem,Protect|Modest|||||50|]Grimmsnarl||RoseliBerry|Prankster|SpiritBreak,Taunt,FakeOut,PartingShot|Careful||M|||50|]Diggersby||ChoiceScarf|HugePower|HighHorsepower,IcePunch,RockTomb,FoulPlay|Jolly||M|||50|
|showteam|p2|Sylveon||FairyFeather|Pixilate|Detect,HyperVoice,HyperBeam,QuickAttack|Modest||M|||50|]Incineroar||SitrusBerry|Intimidate|FakeOut,DarkestLariat,FlareBlitz,PartingShot|Careful||M|||50|]Aerodactyl||FocusSash|Unnerve|Protect,Tailwind,DualWingbeat,RockSlide|Jolly||F|||50|]Charizard||CharizarditeY|Blaze|Protect,HeatWave,SolarBeam,WeatherBall|Modest||M|||50|]Metagross||Metagrossite|ClearBody|BulletPunch,BodyPress,PsychicFangs,Protect|Adamant|||||50|]Garchomp||LifeOrb|RoughSkin|Protect,RockSlide,Earthquake,DragonClaw|Jolly||M|||50|
|inactive|Battle timer is ON: inactive players will automatically lose when time's up. (requested by Bonome Negrata)
|inactive|xNimxZ also wants the timer to be on.
|inactive|Bonome Negrata has 60 seconds left.
|inactive|xNimxZ has 60 seconds left.
|inactive|xNimxZ has 30 seconds left.
|inactive|xNimxZ has 20 seconds left.
|inactive|xNimxZ has 15 seconds left.
|
|t:|1783534372
|teamsize|p1|4
|teamsize|p2|4
|start
|switch|p1a: Staraptor|Staraptor, L50, M|100/100
|switch|p1b: Diggersby|Diggersby, L50, M|100/100
|switch|p2a: Charizard|Charizard, L50, M|100/100
|switch|p2b: Sylveon|Sylveon, L50, M|100/100
|-ability|p1a: Staraptor|Intimidate|boost
|-unboost|p2a: Charizard|atk|1
|-unboost|p2b: Sylveon|atk|1
|turn|1
|inactive|xNimxZ has 30 seconds left.
|
|t:|1783534400
|switch|p2a: Incineroar|Incineroar, L50, M|100/100
|-ability|p2a: Incineroar|Intimidate|boost
|-unboost|p1a: Staraptor|atk|1
|-unboost|p1b: Diggersby|atk|1
|detailschange|p1a: Staraptor|Staraptor-Mega, L50, M
|-mega|p1a: Staraptor|Staraptor|Staraptite
|move|p1b: Diggersby|Rock Tomb|p2a: Incineroar
|-supereffective|p2a: Incineroar|1
|-damage|p2a: Incineroar|69/100
|-unboost|p2a: Incineroar|spe|1
|move|p1a: Staraptor|Brave Bird|p2b: Sylveon
|-crit|p2b: Sylveon
|-damage|p2b: Sylveon|5/100
|-damage|p1a: Staraptor|68/100|[from] Recoil
|move|p2b: Sylveon|Hyper Voice|p1b: Diggersby|[spread] p1a,p1b
|-supereffective|p1a: Staraptor|1
|-damage|p1a: Staraptor|0 fnt
|-damage|p1b: Diggersby|36/100
|faint|p1a: Staraptor
|
|upkeep
|
|t:|1783534417
|switch|p1a: Gholdengo|Gholdengo, L50|100/100
|turn|2
|inactive|xNimxZ has 30 seconds left.
|
|t:|1783534446
|move|p1b: Diggersby|Rock Tomb|p2a: Incineroar
|-supereffective|p2a: Incineroar|1
|-damage|p2a: Incineroar|39/100
|-unboost|p2a: Incineroar|spe|1
|-enditem|p2a: Incineroar|Sitrus Berry|[eat]
|-heal|p2a: Incineroar|64/100|[from] item: Sitrus Berry
|move|p1a: Gholdengo|Power Gem|p2a: Incineroar
|-supereffective|p2a: Incineroar|1
|-damage|p2a: Incineroar|0 fnt
|faint|p2a: Incineroar
|-damage|p1a: Gholdengo|90/100|[from] item: Life Orb
|move|p2b: Sylveon|Hyper Voice|p1a: Gholdengo|[spread] p1a,p1b
|-resisted|p1a: Gholdengo|1
|-damage|p1a: Gholdengo|63/100
|-damage|p1b: Diggersby|0 fnt
|faint|p1b: Diggersby
|
|upkeep
|
|t:|1783534464
|switch|p1b: Grimmsnarl|Grimmsnarl, L50, M|100/100
|switch|p2a: Charizard|Charizard, L50, M|100/100
|turn|3
|inactive|Bonome Negrata has 30 seconds left.
|
|t:|1783534491
|move|p2a: Charizard|Protect|p2a: Charizard
|-singleturn|p2a: Charizard|Protect
|move|p1a: Gholdengo|Protect|p1a: Gholdengo
|-singleturn|p1a: Gholdengo|Protect
|move|p2b: Sylveon|Detect|p2b: Sylveon
|-singleturn|p2b: Sylveon|Protect
|move|p1b: Grimmsnarl|Spirit Break|p2a: Charizard
|-activate|p2a: Charizard|move: Protect
|
|upkeep
|turn|4
|inactive|Bonome Negrata has 30 seconds left.
|
|t:|1783534521
|detailschange|p2a: Charizard|Charizard-Mega-Y, L50, M
|-mega|p2a: Charizard|Charizard|Charizardite Y
|-weather|SunnyDay|[from] ability: Drought|[of] p2a: Charizard
|move|p1b: Grimmsnarl|Parting Shot|p2a: Charizard
|-unboost|p2a: Charizard|atk|1
|-unboost|p2a: Charizard|spa|1
|move|p1a: Gholdengo|Make It Rain|p2a: Charizard|[spread] p2a,p2b
|-resisted|p2a: Charizard|1
|-supereffective|p2b: Sylveon|1
|-damage|p2a: Charizard|67/100
|-damage|p2b: Sylveon|0 fnt
|-unboost|p1a: Gholdengo|spa|2
|faint|p2b: Sylveon
|-damage|p1a: Gholdengo|54/100|[from] item: Life Orb
|move|p2a: Charizard|Heat Wave|p1b: Grimmsnarl|[spread] p1a,p1b
|-supereffective|p1a: Gholdengo|1
|-damage|p1a: Gholdengo|0 fnt
|-damage|p1b: Grimmsnarl|61/100
|faint|p1a: Gholdengo
|
|-weather|SunnyDay|[upkeep]
|upkeep
|
|t:|1783534535
|switch|p2b: Garchomp|Garchomp, L50, M|100/100
|turn|5
|
|t:|1783534540
|move|p2b: Garchomp|Earthquake|p1b: Grimmsnarl|[spread] p1b
|-immune|p2a: Charizard
|-damage|p1b: Grimmsnarl|12/100
|-damage|p2b: Garchomp|90/100|[from] item: Life Orb
|move|p2a: Charizard|Weather Ball|p1b: Grimmsnarl
|-damage|p1b: Grimmsnarl|0 fnt
|faint|p1b: Grimmsnarl
|
|win|xNimxZ
||Bonome Negrata is ready for game 2.
||xNimxZ is ready for game 2.
|uhtml|next|Next: Game 2 of 3
