|j|☆harlow18
|j|☆GS Barnabe
|html|harlow18GS Barnabe    
|uhtml|bestof|Game 2 of a best-of-3
|t:|1785937703
|gametype|doubles
|player|p1|harlow18|265|1019
|player|p2|GS Barnabe|1|1128
|gen|9
|tier|[Gen 9 Champions] VGC 2026 Reg M-B (Bo3)
|rated|
|rule|Species Clause: Limit one of each Pokémon
|rule|Item Clause: Limit 1 of each item
|clearpoke
|poke|p1|Lucario, L50, F|
|poke|p1|Chandelure, L50, M|
|poke|p1|Overqwil, L50, F|
|poke|p1|Rotom-Mow, L50|
|poke|p1|Hydreigon, L50, F|
|poke|p1|Primarina, L50, F|
|poke|p2|Clefable, L50, F|
|poke|p2|Tyranitar, L50, F|
|poke|p2|Garchomp, L50, M|
|poke|p2|Gholdengo, L50|
|poke|p2|Rotom-Wash, L50|
|poke|p2|Aerodactyl, L50, M|
|teampreview|4
|showteam|p1|Lucario||Lucarionite|InnerFocus|SwordsDance,BulletPunch,DrainPunch,IcePunch|Jolly||F|||50|]Chandelure||Chandelurite|FlashFire|HeatWave,ShadowBall,Protect,Taunt|Timid||M|||50|]Overqwil||Leftovers|Intimidate|Taunt,Protect,Crunch,GunkShot|Adamant||F|||50|]Rotom-Mow||ChoiceScarf|Levitate|VoltSwitch,Electroweb,LeafStorm,WillOWisp|Timid|||||50|]Hydreigon||DragonFang|Levitate|EarthPower,DarkPulse,DragonPulse,Tailwind|Timid||F|||50|]Primarina||SitrusBerry|Torrent|Moonblast,HydroPump,CalmMind,Protect|Modest||F|||50|
|showteam|p2|Clefable||SitrusBerry|Unaware|Moonblast,FollowMe,HealPulse,Protect|Bold||F|||50|]Tyranitar||ChoiceScarf|SandStream|RockSlide,KnockOff,IcePunch,Superpower|Jolly||F|||50|]Garchomp||Garchompite|SandVeil|DracoMeteor,EarthPower,PowerGem,Protect|Modest||M|||50|]Gholdengo||LifeOrb|GoodasGold|MakeItRain,ShadowBall,NastyPlot,Protect|Modest|||||50|]Rotom-Wash||Leftovers|Levitate|HydroPump,VoltSwitch,WillOWisp,Protect|Calm|||||50|]Aerodactyl||Aerodactylite|RockHead|RockSlide,DualWingbeat,Tailwind,Protect|Jolly||M|||50|
|inactive|Battle timer is ON: inactive players will automatically lose when time's up. (requested by harlow18)
|
|t:|1785937736
|teamsize|p1|4
|teamsize|p2|4
|start
|switch|p1a: Chandelure|Chandelure, L50, M|100/100
|switch|p1b: Rotom|Rotom-Mow, L50|100/100
|switch|p2a: Tyranitar|Tyranitar, L50, F|100/100
|switch|p2b: Gholdengo|Gholdengo, L50|100/100
|-weather|Sandstorm|[from] ability: Sand Stream|[of] p2a: Tyranitar
|turn|1
|
|t:|1785937758
|switch|p2b: Garchomp|Garchomp, L50, M|100/100
|detailschange|p1a: Chandelure|Chandelure-Mega, L50, M
|-mega|p1a: Chandelure|Chandelure|Chandelurite
|move|p1a: Chandelure|Protect|p1a: Chandelure
|-singleturn|p1a: Chandelure|Protect
|move|p1b: Rotom|Electroweb|p2b: Garchomp|[spread] p2a
|-immune|p2b: Garchomp
|-damage|p2a: Tyranitar|86/100
|-unboost|p2a: Tyranitar|spe|1
|move|p2a: Tyranitar|Rock Slide|p1b: Rotom|[spread] p1b
|-activate|p1a: Chandelure|move: Protect
|-damage|p1b: Rotom|61/100
|
|-weather|Sandstorm|[upkeep]
|-damage|p1b: Rotom|55/100|[from] Sandstorm
|-damage|p1a: Chandelure|94/100|[from] Sandstorm
|upkeep
|turn|2
|inactive|GS Barnabe has 30 seconds left.
|
|t:|1785937784
|switch|p1a: Overqwil|Overqwil, L50, F|100/100
|-ability|p1a: Overqwil|Intimidate|boost
|-unboost|p2a: Tyranitar|atk|1
|-unboost|p2b: Garchomp|atk|1
|detailschange|p2b: Garchomp|Garchomp-Mega, L50, M
|-mega|p2b: Garchomp|Garchomp|Garchompite
|move|p1b: Rotom|Electroweb|p2b: Garchomp|[spread] 
|-immune|p2b: Garchomp
|-miss|p1b: Rotom|p2a: Tyranitar
|move|p2b: Garchomp|Draco Meteor|p1a: Overqwil|[miss]
|-miss|p2b: Garchomp|p1a: Overqwil
|move|p2a: Tyranitar|Rock Slide|p1b: Rotom|[spread] p1a,p1b
|-damage|p1a: Overqwil|79/100
|-damage|p1b: Rotom|29/100
|
|-weather|Sandstorm|[upkeep]
|-damage|p1b: Rotom|23/100|[from] Sandstorm
|-damage|p1a: Overqwil|72/100|[from] Sandstorm
|-heal|p1a: Overqwil|79/100|[from] item: Leftovers
|upkeep
|turn|3
|inactive|harlow18 has 30 seconds left.
|inactive|GS Barnabe has 30 seconds left.
|
|t:|1785937811
|move|p1b: Rotom|Electroweb|p2b: Garchomp|[spread] p2a
|-immune|p2b: Garchomp
|-damage|p2a: Tyranitar|73/100
|-unboost|p2a: Tyranitar|spe|1
|move|p2b: Garchomp|Earth Power|p1a: Overqwil
|-supereffective|p1a: Overqwil|1
|-damage|p1a: Overqwil|0 fnt
|faint|p1a: Overqwil
|move|p2a: Tyranitar|Rock Slide|p1b: Rotom
|-damage|p1b: Rotom|0 fnt
|faint|p1b: Rotom
|
|-weather|Sandstorm|[upkeep]
|upkeep
|
|t:|1785937821
|switch|p1b: Primarina|Primarina, L50, F|100/100
|switch|p1a: Chandelure|Chandelure-Mega, L50, M|94/100
|turn|4
|
|t:|1785937843
|move|p1a: Chandelure|Heat Wave|p2a: Tyranitar|[spread] p2a,p2b
|-resisted|p2a: Tyranitar|1
|-resisted|p2b: Garchomp|1
|-damage|p2a: Tyranitar|58/100
|-damage|p2b: Garchomp|78/100
|move|p2b: Garchomp|Earth Power|p1b: Primarina
|-damage|p1b: Primarina|47/100
|-enditem|p1b: Primarina|Sitrus Berry|[eat]
|-heal|p1b: Primarina|71/100|[from] item: Sitrus Berry
|move|p2a: Tyranitar|Rock Slide|p1b: Primarina|[spread] 
|-miss|p2a: Tyranitar|p1a: Chandelure
|-miss|p2a: Tyranitar|p1b: Primarina
|move|p1b: Primarina|Moonblast|p2a: Tyranitar
|-supereffective|p2a: Tyranitar|1
|-damage|p2a: Tyranitar|0 fnt
|faint|p2a: Tyranitar
|
|-weather|Sandstorm|[upkeep]
|-damage|p1a: Chandelure|88/100|[from] Sandstorm
|-damage|p1b: Primarina|65/100|[from] Sandstorm
|upkeep
|
|t:|1785937864
|switch|p2a: Clefable|Clefable, L50, F|100/100
|turn|5
|
|t:|1785937872
|move|p2a: Clefable|Follow Me|p2a: Clefable
|-singleturn|p2a: Clefable|move: Follow Me
|move|p1a: Chandelure|Heat Wave|p2a: Clefable|[spread] p2a,p2b
|-resisted|p2b: Garchomp|1
|-damage|p2a: Clefable|60/100
|-damage|p2b: Garchomp|57/100
|-status|p2a: Clefable|brn
|move|p2b: Garchomp|Earth Power|p1a: Chandelure
|-supereffective|p1a: Chandelure|1
|-damage|p1a: Chandelure|0 fnt
|faint|p1a: Chandelure
|move|p1b: Primarina|Moonblast|p2a: Clefable
|-damage|p2a: Clefable|17/100 brn
|-enditem|p2a: Clefable|Sitrus Berry|[eat]
|-heal|p2a: Clefable|42/100 brn|[from] item: Sitrus Berry
|
|-weather|none
|-damage|p2a: Clefable|36/100 brn|[from] brn
|upkeep
|turn|6
|inactive|GS Barnabe has 30 seconds left.
|
|t:|1785937901
|move|p2b: Garchomp|Protect|p2b: Garchomp
|-singleturn|p2b: Garchomp|Protect
|move|p2a: Clefable|Heal Pulse|p2b: Garchomp
|-activate|p2b: Garchomp|move: Protect
|move|p1b: Primarina|Moonblast|p2b: Garchomp
|-activate|p2b: Garchomp|move: Protect
|
|-damage|p2a: Clefable|30/100 brn|[from] brn
|upkeep
|turn|7
|
|t:|1785937923
|move|p2a: Clefable|Follow Me|p2a: Clefable
|-singleturn|p2a: Clefable|move: Follow Me
|move|p2b: Garchomp|Earth Power|p1b: Primarina
|-damage|p1b: Primarina|24/100
|-unboost|p1b: Primarina|spd|1
|move|p1b: Primarina|Calm Mind|p1b: Primarina
|-boost|p1b: Primarina|spa|1
|-boost|p1b: Primarina|spd|1
|
|-damage|p2a: Clefable|24/100 brn|[from] brn
|upkeep
|turn|8
|
|t:|1785937937
|move|p1b: Primarina|Protect|p1b: Primarina
|-singleturn|p1b: Primarina|Protect
|move|p2a: Clefable|Follow Me|p2a: Clefable
|-singleturn|p2a: Clefable|move: Follow Me
|move|p2b: Garchomp|Earth Power|p1b: Primarina
|-activate|p1b: Primarina|move: Protect
|
|-damage|p2a: Clefable|18/100 brn|[from] brn
|upkeep
|turn|9
|
|t:|1785937943
|move|p1b: Primarina|Protect||[still]
|-fail|p1b: Primarina
|move|p2a: Clefable|Follow Me|p2a: Clefable
|-singleturn|p2a: Clefable|move: Follow Me
|move|p2b: Garchomp|Earth Power|p1b: Primarina
|-damage|p1b: Primarina|0 fnt
|faint|p1b: Primarina
|
|win|GS Barnabe
|l|☆harlow18
|player|p1|
||harlow18 is ready for game 3.
