|j|☆Sasori07
|j|☆lefael
|html|Sasori07lefael    
|uhtml|bestof|Game 1 of a best-of-3
|t:|1783999135
|gametype|doubles
|player|p1|Sasori07|volkner|
|player|p2|lefael|schoolkid-gen4|
|gen|9
|tier|[Gen 9 Champions] VGC 2026 Reg M-B (Bo3)
|rule|Species Clause: Limit one of each Pokémon
|rule|Item Clause: Limit 1 of each item
|clearpoke
|poke|p1|Talonflame, L50, F|
|poke|p1|Rotom-Wash, L50|
|poke|p1|Froslass, L50, F|
|poke|p1|Glimmora, L50, F|
|poke|p1|Kingambit, L50, F|
|poke|p1|Garchomp, L50, M|
|poke|p2|Dragapult, L50, M|
|poke|p2|Mimikyu, L50, F|
|poke|p2|Drampa, L50, M|
|poke|p2|Espathra, L50, F|
|poke|p2|Kingambit, L50, M|
|poke|p2|Volcarona, L50, F|
|teampreview|4
|showteam|p1|Talonflame|||GaleWings|Acrobatics,Tailwind,FlareBlitz,Protect|Jolly||F|||50|]Rotom-Wash||Magnet|Levitate|Thunderbolt,HydroPump,WillOWisp,Protect|Modest|||||50|]Froslass||Froslassite|SnowCloak|Blizzard,ShadowBall,AuroraVeil,Protect|Timid||F|||50|]Glimmora||Glimmoranite|ToxicDebris|PowerGem,SludgeBomb,EarthPower,SpikyShield|Timid||F|||50|]Kingambit||ChopleBerry|Defiant|KowtowCleave,SuckerPunch,LowKick,Protect|Adamant||F|||50|]Garchomp||LumBerry|RoughSkin|DragonClaw,Earthquake,SwordsDance,Protect|Jolly||M|||50|
|showteam|p2|Dragapult||FocusSash|Infiltrator|PhantomForce,DragonClaw,Uturn,DragonDance|Adamant||M|||50|]Mimikyu||WideLens|Disguise|PlayRough,ShadowClaw,ShadowSneak,SwordsDance|Jolly||F|||50|]Drampa||Drampanite|Berserk|Flamethrower,Thunderbolt,Roost,Blizzard|Modest||M|||50|]Espathra||SitrusBerry|SpeedBoost|LuminaCrash,CalmMind,Protect,DazzlingGleam|Modest||F|||50|]Kingambit||Leftovers|SupremeOverlord|KowtowCleave,SuckerPunch,IronHead,Protect|Adamant||M|||50|]Volcarona||Charcoal|FlameBody|BugBuzz,FieryDance,QuiverDance,Psychic|Timid||F|||50|
|c|☆Sasori07|Suerte bro
|
|t:|1783999190
|teamsize|p1|4
|teamsize|p2|4
|start
|switch|p1a: Froslass|Froslass, L50, F|100/100
|switch|p1b: Garchomp|Garchomp, L50, M|100/100
|switch|p2a: Dragapult|Dragapult, L50, M|100/100
|switch|p2b: Espathra|Espathra, L50, F|100/100
|turn|1
|
|t:|1783999233
|detailschange|p1a: Froslass|Froslass-Mega, L50, F
|-mega|p1a: Froslass|Froslass|Froslassite
|-weather|Snowscape|[from] ability: Snow Warning|[of] p1a: Froslass
|move|p1b: Garchomp|Protect|p1b: Garchomp
|-singleturn|p1b: Garchomp|Protect
|move|p2a: Dragapult|Phantom Force||[still]
|-prepare|p2a: Dragapult|Phantom Force
|move|p1a: Froslass|Aurora Veil|p1a: Froslass
|-sidestart|p1: Sasori07|move: Aurora Veil
|move|p2b: Espathra|Dazzling Gleam|p1a: Froslass|[spread] p1a
|-activate|p1b: Garchomp|move: Protect
|-damage|p1a: Froslass|82/100
|
|-weather|Snowscape|[upkeep]
|-ability|p2b: Espathra|Speed Boost|boost
|-boost|p2b: Espathra|spe|1
|upkeep
|turn|2
|
|t:|1783999253
|move|p2b: Espathra|Protect|p2b: Espathra
|-singleturn|p2b: Espathra|Protect
|move|p2a: Dragapult|Phantom Force|p1a: Froslass|[from] lockedmove
|-supereffective|p1a: Froslass|1
|-damage|p1a: Froslass|0 fnt
|faint|p1a: Froslass
|move|p1b: Garchomp|Dragon Claw|p2a: Dragapult
|-supereffective|p2a: Dragapult|1
|-crit|p2a: Dragapult
|-enditem|p2a: Dragapult|Focus Sash
|-damage|p2a: Dragapult|1/100
|
|-weather|Snowscape|[upkeep]
|-ability|p2b: Espathra|Speed Boost|boost
|-boost|p2b: Espathra|spe|1
|upkeep
|
|t:|1783999262
|switch|p1a: Kingambit|Kingambit, L50, F|100/100
|turn|3
|
|t:|1783999283
|switch|p2a: Kingambit|Kingambit, L50, M|100/100
|move|p1a: Kingambit|Sucker Punch||[still]
|-fail|p1a: Kingambit
|move|p2b: Espathra|Dazzling Gleam|p1a: Kingambit|[spread] p1a,p1b
|-supereffective|p1b: Garchomp|1
|-damage|p1a: Kingambit|88/100
|-damage|p1b: Garchomp|75/100
|move|p1b: Garchomp|Swords Dance|p1b: Garchomp
|-boost|p1b: Garchomp|atk|2
|
|-weather|Snowscape|[upkeep]
|-ability|p2b: Espathra|Speed Boost|boost
|-boost|p2b: Espathra|spe|1
|upkeep
|turn|4
|
|t:|1783999312
|switch|p1a: Talonflame|Talonflame, L50, F|100/100
|move|p2a: Kingambit|Protect|p2a: Kingambit
|-singleturn|p2a: Kingambit|Protect
|move|p2b: Espathra|Lumina Crash|p1b: Garchomp
|-damage|p1b: Garchomp|48/100
|-unboost|p1b: Garchomp|spd|2
|move|p1b: Garchomp|Earthquake|p2a: Kingambit|[spread] p2b
|-activate|p2a: Kingambit|move: Protect
|-immune|p1a: Talonflame
|-damage|p2b: Espathra|0 fnt
|faint|p2b: Espathra
|
|-weather|Snowscape|[upkeep]
|upkeep
|
|t:|1783999335
|switch|p2b: Dragapult|Dragapult, L50, M|1/100
|turn|5
|
|t:|1783999350
|-end|p2a: Kingambit|fallenundefined|[silent]
|switch|p2a: Drampa|Drampa, L50, M|100/100
|move|p1a: Talonflame|Tailwind|p1a: Talonflame
|-sidestart|p1: Sasori07|move: Tailwind
|move|p1b: Garchomp|Earthquake|p2a: Drampa|[spread] p2a,p2b
|-immune|p1a: Talonflame
|-damage|p2a: Drampa|20/100y
|-damage|p2b: Dragapult|0 fnt
|faint|p2b: Dragapult
|-ability|p2a: Drampa|Berserk|boost
|-boost|p2a: Drampa|spa|1
|
|-weather|none
|-sideend|p1: Sasori07|move: Aurora Veil
|upkeep
|
|t:|1783999359
|switch|p2b: Kingambit|Kingambit, L50, M|100/100
|-activate|p2b: Kingambit|ability: Supreme Overlord
|-start|p2b: Kingambit|fallen2|[silent]
|turn|6
|
|t:|1783999374
|detailschange|p2a: Drampa|Drampa-Mega, L50, M
|-mega|p2a: Drampa|Drampa|Drampanite
|move|p1a: Talonflame|Acrobatics|p2a: Drampa
|-damage|p2a: Drampa|0 fnt
|faint|p2a: Drampa
|move|p1b: Garchomp|Earthquake|p2b: Kingambit|[spread] p2b
|-immune|p1a: Talonflame
|-supereffective|p2b: Kingambit|1
|-damage|p2b: Kingambit|0 fnt
|faint|p2b: Kingambit
|-end|p2b: Kingambit|fallen2|[silent]
|
|win|Sasori07
|inactive|Sasori07 has 30 seconds to confirm battle start!
|inactive|lefael has 30 seconds to confirm battle start!
||Sasori07 is ready for game 2.
|inactive|lefael has 20 seconds to confirm battle start!
|inactive|lefael has 10 seconds to confirm battle start!
||lefael is ready for game 2.
|uhtml|next|Next: Game 2 of 3
