|j|☆berg0123
|j|☆spellbreakvgc
|html|berg0123spellbreakvgc    
|uhtml|bestof|Game 1 of a best-of-3
|t:|1756909738
|gametype|doubles
|player|p1|berg0123|102|1139
|player|p2|spellbreakvgc|lance|1142
|gen|9
|tier|[Gen 9] VGC 2025 Reg H (Bo3)
|rated|
|rule|Species Clause: Limit one of each Pokémon
|rule|Item Clause: Limit 1 of each item
|clearpoke
|poke|p1|Kingambit, L50, F|
|poke|p1|Sneasler, L50, M|
|poke|p1|Rillaboom, L50, M|
|poke|p1|Dragapult, L50, F|
|poke|p1|Ursaluna, L50, F|
|poke|p1|Porygon2, L50|
|poke|p2|Archaludon, L50, F|
|poke|p2|Pelipper, L50, F|
|poke|p2|Basculegion, L50, M|
|poke|p2|Sinistcha, L50|
|poke|p2|Electrode-Hisui, L50|
|poke|p2|Spiritomb, L50, M|
|teampreview|4
|showteam|p1|Kingambit||BlackGlasses|Defiant|KowtowCleave,SuckerPunch,SwordsDance,Protect|||F|||50|,,,,,Dark]Sneasler||FocusSash|PoisonTouch|DireClaw,CloseCombat,Coaching,Protect|||M|||50|,,,,,Fighting]Rillaboom||AssaultVest|GrassySurge|WoodHammer,GrassyGlide,FakeOut,HighHorsepower|||M|||50|,,,,,Grass]Dragapult||ChoiceBand|ClearBody|DragonDarts,Outrage,PhantomForce,Uturn|||F|||50|,,,,,Dragon]Ursaluna||FlameOrb|Guts|Facade,HeadlongRush,DrainPunch,Protect|||F|||50|,,,,,Ghost]Porygon2||Eviolite|Download|IceBeam,TeraBlast,TrickRoom,Recover||||||50|,,,,,Flying
|showteam|p2|Archaludon||AssaultVest|Stamina|DragonPulse,Snarl,ElectroShot,BodyPress|||F|||50|,,,,,Bug]Pelipper||FocusSash|Drizzle|WeatherBall,Hurricane,Tailwind,Protect|||F|||50|,,,,,Stellar]Basculegion||LifeOrb|SwiftSwim|WaveCrash,LastRespects,AquaJet,Protect|||M|||50|,,,,,Grass]Sinistcha||SitrusBerry|Hospitality|MatchaGotcha,StrengthSap,RagePowder,TrickRoom||||||50|,,,,,Fire]Electrode-Hisui||LoadedDice|Soundproof|BulletSeed,Electroweb,Taunt,ThunderWave||||||50|,,,,,Ghost]Spiritomb||BlackGlasses|Pressure|DarkPulse,Snarl,TrickRoom,Imprison|||M|||50|,,,,,Water
|inactive|Battle timer is ON: inactive players will automatically lose when time's up. (requested by berg0123)
|inactive|spellbreakvgc has 60 seconds left.
|
|t:|1756909829
|teamsize|p1|4
|teamsize|p2|4
|start
|switch|p1a: Sneasler|Sneasler, L50, M|100/100
|switch|p1b: Dragapult|Dragapult, L50, F|100/100
|switch|p2a: Archaludon|Archaludon, L50, F|100/100
|switch|p2b: Electrode|Electrode-Hisui, L50|100/100
|turn|1
|inactive|spellbreakvgc has 30 seconds left.
|inactive|spellbreakvgc has 20 seconds left.
|inactive|spellbreakvgc has 15 seconds left.
|inactive|spellbreakvgc has 10 seconds left.
|inactive|spellbreakvgc has 5 seconds left.
|
|t:|1756909881
|move|p2b: Electrode|Bullet Seed|p2a: Archaludon
|-resisted|p2a: Archaludon
|-damage|p2a: Archaludon|99/100
|-ability|p2a: Archaludon|Stamina|boost
|-boost|p2a: Archaludon|def|1
|-resisted|p2a: Archaludon
|-crit|p2a: Archaludon
|-damage|p2a: Archaludon|99/100
|-ability|p2a: Archaludon|Stamina|boost
|-boost|p2a: Archaludon|def|1
|-resisted|p2a: Archaludon
|-damage|p2a: Archaludon|98/100
|-ability|p2a: Archaludon|Stamina|boost
|-boost|p2a: Archaludon|def|1
|-resisted|p2a: Archaludon
|-damage|p2a: Archaludon|98/100
|-ability|p2a: Archaludon|Stamina|boost
|-boost|p2a: Archaludon|def|1
|-resisted|p2a: Archaludon
|-damage|p2a: Archaludon|97/100
|-ability|p2a: Archaludon|Stamina|boost
|-boost|p2a: Archaludon|def|1
|-hitcount|p2a: Archaludon|5
|move|p1b: Dragapult|Dragon Darts|p2b: Electrode
|-damage|p2b: Electrode|41/100
|-anim|p1b: Dragapult|Dragon Darts|p2a: Archaludon
|-crit|p2a: Archaludon
|-damage|p2a: Archaludon|56/100
|-ability|p2a: Archaludon|Stamina|boost
|-boost|p2a: Archaludon|def|1
|move|p1a: Sneasler|Dire Claw|p2b: Electrode
|-supereffective|p2b: Electrode
|-damage|p2b: Electrode|0 fnt
|faint|p2b: Electrode
|move|p2a: Archaludon|Snarl|p1b: Dragapult|[spread] p1a,p1b
|-resisted|p1a: Sneasler
|-supereffective|p1b: Dragapult
|-damage|p1a: Sneasler|92/100
|-damage|p1b: Dragapult|60/100
|-unboost|p1a: Sneasler|spa|1
|
|upkeep
|inactive|spellbreakvgc has 30 seconds left.
|
|t:|1756909913
|switch|p2b: Sinistcha|Sinistcha, L50|100/100
|-heal|p2a: Archaludon|81/100|[from] ability: Hospitality|[of] p2b: Sinistcha
|turn|2
|
|t:|1756909931
|switch|p2b: Pelipper|Pelipper, L50, F|100/100
|-weather|RainDance|[from] ability: Drizzle|[of] p2b: Pelipper
|move|p1b: Dragapult|Dragon Darts|p2b: Pelipper
|-damage|p2b: Pelipper|45/100
|-anim|p1b: Dragapult|Dragon Darts|p2a: Archaludon
|-damage|p2a: Archaludon|73/100
|move|p1a: Sneasler|Dire Claw|p2b: Pelipper
|-damage|p2b: Pelipper|0 fnt
|faint|p2b: Pelipper
|move|p2a: Archaludon|Body Press|p1a: Sneasler
|-resisted|p1a: Sneasler
|-damage|p1a: Sneasler|11/100
|
|-weather|RainDance|[upkeep]
|upkeep
|
|t:|1756909947
|switch|p2b: Sinistcha|Sinistcha, L50|100/100
|-heal|p2a: Archaludon|98/100|[from] ability: Hospitality|[of] p2b: Sinistcha
|turn|3
|inactive|berg0123 has 30 seconds left.
|
|t:|1756909974
|-terastallize|p2b: Sinistcha|Fire
|move|p1b: Dragapult|Dragon Darts|p2b: Sinistcha
|-damage|p2b: Sinistcha|67/100
|-anim|p1b: Dragapult|Dragon Darts|p2a: Archaludon
|-damage|p2a: Archaludon|90/100
|move|p1a: Sneasler|Dire Claw|p2b: Sinistcha
|-damage|p2b: Sinistcha|33/100
|-status|p2b: Sinistcha|psn
|-enditem|p2b: Sinistcha|Sitrus Berry|[eat]
|-heal|p2b: Sinistcha|57/100 psn|[from] item: Sitrus Berry
|move|p2a: Archaludon|Dragon Pulse|p1b: Dragapult
|-supereffective|p1b: Dragapult
|-damage|p1b: Dragapult|0 fnt
|faint|p1b: Dragapult
|move|p2b: Sinistcha|Strength Sap|p1a: Sneasler
|-unboost|p1a: Sneasler|atk|1
|-heal|p2b: Sinistcha|100/100 psn
|
|-weather|RainDance|[upkeep]
|-damage|p2b: Sinistcha|88/100 psn|[from] psn
|upkeep
|
|t:|1756909981
|switch|p1b: Porygon2|Porygon2, L50|100/100
|-ability|p1b: Porygon2|Download|boost
|-boost|p1b: Porygon2|spa|1
|turn|4
|inactive|spellbreakvgc has 30 seconds left.
|
|t:|1756910008
|-terastallize|p1b: Porygon2|Flying
|move|p1a: Sneasler|Close Combat|p2a: Archaludon
|-supereffective|p2a: Archaludon
|-damage|p2a: Archaludon|74/100
|-unboost|p1a: Sneasler|def|1
|-unboost|p1a: Sneasler|spd|1
|move|p2a: Archaludon|Electro Shot||[still]
|-prepare|p2a: Archaludon|Electro Shot
|-boost|p2a: Archaludon|spa|1
|-anim|p2a: Archaludon|Electro Shot|p1b: Porygon2
|-supereffective|p1b: Porygon2
|-damage|p1b: Porygon2|18/100
|move|p2b: Sinistcha|Matcha Gotcha|p1a: Sneasler|[spread] p1a,p1b
|-resisted|p1a: Sneasler
|-resisted|p1b: Porygon2
|-damage|p1a: Sneasler|0 fnt
|-heal|p2b: Sinistcha|93/100 psn|[from] drain|[of] p1a: Sneasler
|-damage|p1b: Porygon2|10/100
|-heal|p2b: Sinistcha|98/100 psn|[from] drain|[of] p1b: Porygon2
|faint|p1a: Sneasler
|move|p1b: Porygon2|Trick Room|p1b: Porygon2
|-fieldstart|move: Trick Room|[of] p1b: Porygon2
|
|-weather|RainDance|[upkeep]
|-damage|p2b: Sinistcha|85/100 psn|[from] psn
|upkeep
|
|t:|1756910013
|switch|p1a: Kingambit|Kingambit, L50, F|100/100
|turn|5
|inactive|spellbreakvgc has 30 seconds left.
|inactive|spellbreakvgc has 20 seconds left.
|
|t:|1756910051
|move|p1a: Kingambit|Kowtow Cleave|p2b: Sinistcha
|-damage|p2b: Sinistcha|34/100 psn
|move|p1b: Porygon2|Ice Beam|p2a: Archaludon
|-damage|p2a: Archaludon|52/100
|move|p2b: Sinistcha|Strength Sap|p1a: Kingambit
|-unboost|p1a: Kingambit|atk|1
|-ability|p1a: Kingambit|Defiant|boost
|-boost|p1a: Kingambit|atk|2
|-heal|p2b: Sinistcha|100/100 psn
|move|p2a: Archaludon|Electro Shot||[still]
|-prepare|p2a: Archaludon|Electro Shot
|-boost|p2a: Archaludon|spa|1
|-anim|p2a: Archaludon|Electro Shot|p1b: Porygon2
|-supereffective|p1b: Porygon2
|-damage|p1b: Porygon2|0 fnt
|faint|p1b: Porygon2
|
|-weather|RainDance|[upkeep]
|-damage|p2b: Sinistcha|88/100 psn|[from] psn
|upkeep
|turn|6
|
|t:|1756910074
|move|p2b: Sinistcha|Rage Powder|p2b: Sinistcha
|-singleturn|p2b: Sinistcha|move: Rage Powder
|move|p1a: Kingambit|Kowtow Cleave|p2b: Sinistcha
|-damage|p2b: Sinistcha|11/100 psn
|move|p2a: Archaludon|Body Press|p1a: Kingambit
|-supereffective|p1a: Kingambit
|-damage|p1a: Kingambit|0 fnt
|faint|p1a: Kingambit
|
|win|spellbreakvgc
