|j|☆cecco22
|j|☆entei enthusiast
|html|cecco22entei enthusiast    
|uhtml|bestof|Game 2 of a best-of-3
|t:|1783024676
|gametype|doubles
|player|p1|cecco22|cynthia|1105
|player|p2|entei enthusiast|kamado-armor|1073
|gen|9
|tier|[Gen 9 Champions] VGC 2026 Reg M-B (Bo3)
|rated|
|rule|Species Clause: Limit one of each Pokémon
|rule|Item Clause: Limit 1 of each item
|clearpoke
|poke|p1|Goodra-Hisui, L50, F|
|poke|p1|Annihilape, L50, M, shiny|
|poke|p1|Dragonite, L50, M|
|poke|p1|Sinistcha, L50, shiny|
|poke|p1|Maushold-Four, L50|
|poke|p1|Lopunny, L50, F|
|poke|p2|Gyarados, L50, F, shiny|
|poke|p2|Floette-Eternal, L50, F|
|poke|p2|Sneasler, L50, M|
|poke|p2|Sinistcha, L50|
|poke|p2|Garchomp, L50, M|
|poke|p2|Incineroar, L50, F|
|teampreview|4
|showteam|p1|Goodra-Hisui||Leftovers|ShellArmor|Shelter,BodyPress,LifeDew,Protect|Bold||F|||50|]Annihilape||LifeOrb|Defiant|RageFist,DrainPunch,IcePunch,Protect|Jolly||M|||50|]Dragonite||Dragoninite|Multiscale|DragonDance,Outrage,Waterfall,IceSpinner|Adamant||M|||50|]Sinistcha||SitrusBerry|Hospitality|RagePowder,MatchaGotcha,ShadowBall,LifeDew|Bold|||||50|]Maushold-Four||WideLens|Technician|PopulationBomb,FollowMe,BeatUp,ThunderWave|Jolly|||||50|]Lopunny||Lopunnite|Limber|FakeOut,CloseCombat,Facade,Protect|Jolly||F|||50|
|showteam|p2|Gyarados||Gyaradosite|Intimidate|Waterfall,LashOut,DragonDance,Protect|Adamant||F|||50|]Floette-Eternal||Floettite|FlowerVeil|DrainingKiss,DazzlingGleam,CalmMind,Protect|Timid||F|||50|]Sneasler||FocusSash|PoisonTouch|CloseCombat,DireClaw,FakeOut,Coaching|Jolly||M|||50|]Sinistcha||SitrusBerry|Hospitality|MatchaGotcha,LifeDew,RagePowder,Protect|Calm|||||50|]Garchomp||LifeOrb|RoughSkin|DragonClaw,RockSlide,Earthquake,Protect|Jolly||M|||50|]Incineroar||PasshoBerry|Intimidate|FlareBlitz,FakeOut,PartingShot,Taunt|Careful||F|||50|
|inactive|Battle timer is ON: inactive players will automatically lose when time's up. (requested by cecco22)
|
|t:|1783024696
|teamsize|p1|4
|teamsize|p2|4
|start
|switch|p1a: Annihilape|Annihilape, L50, M, shiny|100/100
|switch|p1b: Maushold|Maushold-Four, L50|100/100
|switch|p2a: Floette|Floette-Eternal, L50, F|100/100
|switch|p2b: Sinistcha|Sinistcha, L50|100/100
|turn|1
|
|t:|1783024714
|detailschange|p2a: Floette|Floette-Mega, L50, F
|-mega|p2a: Floette|Floette|Floettite
|-ability|p2a: Floette|Fairy Aura
|move|p2b: Sinistcha|Rage Powder|p2b: Sinistcha
|-singleturn|p2b: Sinistcha|move: Rage Powder
|move|p1b: Maushold|Beat Up|p2b: Sinistcha
|-supereffective|p2b: Sinistcha|1
|-damage|p2b: Sinistcha|88/100
|-supereffective|p2b: Sinistcha|1
|-damage|p2b: Sinistcha|79/100
|-supereffective|p2b: Sinistcha|1
|-damage|p2b: Sinistcha|68/100
|-supereffective|p2b: Sinistcha|1
|-damage|p2b: Sinistcha|60/100
|-hitcount|p2b: Sinistcha|4
|move|p2a: Floette|Calm Mind|p2a: Floette
|-boost|p2a: Floette|spa|1
|-boost|p2a: Floette|spd|1
|move|p1a: Annihilape|Rage Fist|p2b: Sinistcha
|-supereffective|p2b: Sinistcha|1
|-damage|p2b: Sinistcha|2/100
|-enditem|p2b: Sinistcha|Sitrus Berry|[eat]
|-heal|p2b: Sinistcha|26/100|[from] item: Sitrus Berry
|-damage|p1a: Annihilape|90/100|[from] item: Life Orb
|
|upkeep
|turn|2
|inactive|cecco22 has 30 seconds left.
|
|t:|1783024745
|move|p2b: Sinistcha|Rage Powder|p2b: Sinistcha
|-singleturn|p2b: Sinistcha|move: Rage Powder
|move|p1b: Maushold|Thunder Wave|p2b: Sinistcha
|-status|p2b: Sinistcha|par
|move|p2a: Floette|Dazzling Gleam|p1b: Maushold|[spread] p1a,p1b
|-supereffective|p1a: Annihilape|1
|-damage|p1a: Annihilape|0 fnt
|-damage|p1b: Maushold|16/100
|faint|p1a: Annihilape
|
|upkeep
|
|t:|1783024754
|switch|p1a: Goodra|Goodra-Hisui, L50, F|100/100
|turn|3
|
|t:|1783024767
|switch|p2b: Incineroar|Incineroar, L50, F|100/100
|-ability|p2b: Incineroar|Intimidate|boost
|-unboost|p1a: Goodra|atk|1
|-unboost|p1b: Maushold|atk|1
|move|p1b: Maushold|Beat Up|p2b: Incineroar
|-resisted|p2b: Incineroar|1
|-damage|p2b: Incineroar|98/100
|-resisted|p2b: Incineroar|1
|-damage|p2b: Incineroar|96/100
|-resisted|p2b: Incineroar|1
|-crit|p2b: Incineroar
|-damage|p2b: Incineroar|93/100
|-hitcount|p2b: Incineroar|3
|move|p2a: Floette|Dazzling Gleam|p1b: Maushold|[spread] p1a,p1b
|-damage|p1a: Goodra|57/100
|-damage|p1b: Maushold|0 fnt
|faint|p1b: Maushold
|move|p1a: Goodra|Shelter|p1a: Goodra
|-boost|p1a: Goodra|def|2
|
|-heal|p1a: Goodra|63/100|[from] item: Leftovers
|upkeep
|
|t:|1783024774
|switch|p1b: Sinistcha|Sinistcha, L50, shiny|100/100
|-heal|p1a: Goodra|88/100|[from] ability: Hospitality|[of] p1b: Sinistcha
|turn|4
|
|t:|1783024781
|move|p1a: Goodra|Protect|p1a: Goodra
|-singleturn|p1a: Goodra|Protect
|move|p2b: Incineroar|Fake Out|p1a: Goodra
|-activate|p1a: Goodra|move: Protect
|move|p2a: Floette|Calm Mind|p2a: Floette
|-boost|p2a: Floette|spa|1
|-boost|p2a: Floette|spd|1
|move|p1b: Sinistcha|Matcha Gotcha|p2b: Incineroar|[spread] p2a,p2b
|-resisted|p2b: Incineroar|1
|-crit|p2b: Incineroar
|-damage|p2a: Floette|91/100
|-damage|p2b: Incineroar|78/100
|
|-heal|p1a: Goodra|94/100|[from] item: Leftovers
|upkeep
|turn|5
|
|t:|1783024798
|move|p2a: Floette|Dazzling Gleam|p1a: Goodra|[spread] p1a,p1b
|-damage|p1a: Goodra|40/100
|-damage|p1b: Sinistcha|2/100
|-enditem|p1b: Sinistcha|Sitrus Berry|[eat]
|-heal|p1b: Sinistcha|26/100|[from] item: Sitrus Berry
|move|p2b: Incineroar|Flare Blitz|p1b: Sinistcha
|-supereffective|p1b: Sinistcha|1
|-damage|p1b: Sinistcha|0 fnt
|faint|p1b: Sinistcha
|-damage|p2b: Incineroar|70/100|[from] Recoil
|move|p1a: Goodra|Shelter|p1a: Goodra
|-boost|p1a: Goodra|def|2
|
|-heal|p1a: Goodra|45/100|[from] item: Leftovers
|upkeep
|turn|6
|-message|cecco22 forfeited.
|
|win|entei enthusiast
|l|☆cecco22
|player|p1|
||entei enthusiast is ready for game 3.
|j|☆cecco22
|player|p1|cecco22|cynthia|
||cecco22 is ready for game 3.
|uhtml|next|Next: Game 3 of 3
|l|☆cecco22
|player|p1|
