|j|☆beppe_brescia
|j|☆Sizzle2466
|html|beppe_bresciaSizzle2466    
|uhtml|bestof|Game 1 of a best-of-3
|t:|1757708825
|gametype|doubles
|player|p1|beppe_brescia|rocketgrunt|1120
|player|p2|Sizzle2466|2|1048
|gen|9
|tier|[Gen 9] VGC 2025 Reg H (Bo3)
|rated|
|rule|Species Clause: Limit one of each Pokémon
|rule|Item Clause: Limit 1 of each item
|clearpoke
|poke|p1|Delphox, L50, M|
|poke|p1|Indeedee-F, L50, F|
|poke|p1|Sneasler, L50, F|
|poke|p1|Primarina, L50, F|
|poke|p1|Whimsicott, L50, M|
|poke|p1|Gholdengo, L50|
|poke|p2|Galvantula, L50, M|
|poke|p2|Incineroar, L50, M|
|poke|p2|Amoonguss, L50, M|
|poke|p2|Gholdengo, L50|
|poke|p2|Palafin, L50, M|
|poke|p2|Sneasler, L50, M|
|teampreview|4
|showteam|p1|Delphox||LifeOrb|Blaze|HeatWave,Protect,FocusBlast,ExpandingForce|||M|||50|,,,,,Psychic]Indeedee-F||RockyHelmet|PsychicSurge|AlluringVoice,FollowMe,HelpingHand,Protect|||F|||50|,,,,,Grass]Sneasler||PsychicSeed|Unburden|CloseCombat,DireClaw,ThroatChop,Protect|||F|||50|,,,,,Stellar]Primarina||Leftovers|LiquidVoice|Protect,CalmMind,Moonblast,HyperVoice|||F|||50|,,,,,Poison]Whimsicott||CovertCloak|Prankster|Taunt,Tailwind,EnergyBall,Encore|||M|||50|,,,,,Steel]Gholdengo||MetalCoat|GoodasGold|Protect,ShadowBall,NastyPlot,MakeItRain||||||50|,,,,,Dragon
|showteam|p2|Galvantula||AssaultVest|CompoundEyes|Electroweb,BugBuzz,Thunder,VoltSwitch|||M|||50|,,,,,Electric]Incineroar||SafetyGoggles|Intimidate|FakeOut,FlareBlitz,KnockOff,PartingShot|||M|||50|,,,,,Ghost]Amoonguss||CovertCloak|Regenerator|Spore,RagePowder,SludgeBomb,PollenPuff|||M|||50|,,,,,Ghost]Gholdengo||SitrusBerry|GoodasGold|NastyPlot,MakeItRain,ShadowBall,Protect||||||50|,,,,,Water]Palafin||MysticWater|ZerotoHero|JetPunch,WaveCrash,Protect,FlipTurn|||M|||50|,,,,,Water]Sneasler||WhiteHerb|Unburden|Protect,CloseCombat,DireClaw,ThroatChop|||M|||50|,,,,,Stellar
|
|t:|1757708859
|teamsize|p1|4
|teamsize|p2|4
|start
|switch|p1a: indeede capitalism|Indeedee-F, L50, F|100/100
|switch|p1b: new mega|Delphox, L50, M, shiny|100/100
|switch|p2a: Galvantula|Galvantula, L50, M|100/100
|switch|p2b: Palafin|Palafin, L50, M|100/100
|-fieldstart|move: Psychic Terrain|[from] ability: Psychic Surge|[of] p1a: indeede capitalism
|turn|1
|c|☆Sizzle2466|new mega babyyyy
|
|t:|1757708892
|move|p1a: indeede capitalism|Follow Me|p1a: indeede capitalism
|-singleturn|p1a: indeede capitalism|move: Follow Me
|move|p2a: Galvantula|Electroweb|p1a: indeede capitalism|[spread] p1a,p1b
|-crit|p1a: indeede capitalism
|-damage|p1a: indeede capitalism|78/100
|-damage|p1b: new mega|82/100
|-unboost|p1a: indeede capitalism|spe|1
|-unboost|p1b: new mega|spe|1
|move|p2b: Palafin|Flip Turn|p1a: indeede capitalism
|-damage|p1a: indeede capitalism|54/100
|-damage|p2b: Palafin|84/100|[from] item: Rocky Helmet|[of] p1a: indeede capitalism
|
|t:|1757708904
|detailschange|p2b: Palafin|Palafin-Hero, L50, M
|switch|p2b: Incineroar|Incineroar, L50, M|100/100|[from] Flip Turn
|-ability|p2b: Incineroar|Intimidate|boost
|-unboost|p1a: indeede capitalism|atk|1
|-unboost|p1b: new mega|atk|1
|move|p1b: new mega|Expanding Force|p2b: Incineroar|[spread] p2a
|-immune|p2b: Incineroar
|-damage|p2a: Galvantula|15/100
|-damage|p1b: new mega|72/100|[from] item: Life Orb
|
|upkeep
|turn|2
|
|t:|1757708931
|move|p1a: indeede capitalism|Follow Me|p1a: indeede capitalism
|-singleturn|p1a: indeede capitalism|move: Follow Me
|move|p2a: Galvantula|Bug Buzz|p1a: indeede capitalism
|-supereffective|p1a: indeede capitalism
|-damage|p1a: indeede capitalism|0 fnt
|faint|p1a: indeede capitalism
|move|p1b: new mega|Heat Wave|p2b: Incineroar|[spread] p2a,p2b
|-supereffective|p2a: Galvantula
|-resisted|p2b: Incineroar
|-damage|p2a: Galvantula|0 fnt
|-damage|p2b: Incineroar|80/100
|faint|p2a: Galvantula
|-damage|p1b: new mega|62/100|[from] item: Life Orb
|move|p2b: Incineroar|Knock Off|p1b: new mega
|-supereffective|p1b: new mega
|-damage|p1b: new mega|0 fnt
|-enditem|p1b: new mega|Life Orb|[from] move: Knock Off|[of] p2b: Incineroar
|faint|p1b: new mega
|
|upkeep
|
|t:|1757708947
|switch|p2a: Sneasler|Sneasler, L50, M|100/100
|switch|p1b: pepsi man|Gholdengo, L50|100/100
|switch|p1a: no name 4 this hoe|Sneasler, L50, F|100/100
|-enditem|p1a: no name 4 this hoe|Psychic Seed
|-boost|p1a: no name 4 this hoe|spd|1|[from] item: Psychic Seed
|turn|3
|
|t:|1757708977
|-terastallize|p1b: pepsi man|Dragon
|-terastallize|p2b: Incineroar|Ghost
|move|p1a: no name 4 this hoe|Throat Chop|p2b: Incineroar
|-supereffective|p2b: Incineroar
|-damage|p2b: Incineroar|25/100
|-start|p2b: Incineroar|Throat Chop|[silent]
|move|p2a: Sneasler|Throat Chop|p1b: pepsi man
|-damage|p1b: pepsi man|74/100
|-start|p1b: pepsi man|Throat Chop|[silent]
|move|p1b: pepsi man|Nasty Plot|p1b: pepsi man
|-boost|p1b: pepsi man|spa|2
|move|p2b: Incineroar|Flare Blitz|p1b: pepsi man
|-resisted|p1b: pepsi man
|-damage|p1b: pepsi man|50/100
|-damage|p2b: Incineroar|18/100|[from] Recoil
|
|upkeep
|turn|4
|
|t:|1757709018
|switch|p2b: Palafin|Palafin-Hero, L50, M|84/100
|-activate|p2b: Palafin|ability: Zero to Hero
|move|p1a: no name 4 this hoe|Dire Claw|p2a: Sneasler
|-resisted|p2a: Sneasler
|-damage|p2a: Sneasler|74/100
|move|p2a: Sneasler|Close Combat|p1b: pepsi man
|-damage|p1b: pepsi man|0 fnt
|-unboost|p2a: Sneasler|def|1
|-unboost|p2a: Sneasler|spd|1
|faint|p1b: pepsi man
|-enditem|p2a: Sneasler|White Herb
|-clearnegativeboost|p2a: Sneasler|[silent]
|
|upkeep
|turn|5
|
|t:|1757709034
|move|p2b: Palafin|Protect|p2b: Palafin
|-singleturn|p2b: Palafin|Protect
|move|p1a: no name 4 this hoe|Close Combat|p2a: Sneasler
|-resisted|p2a: Sneasler
|-damage|p2a: Sneasler|31/100
|-unboost|p1a: no name 4 this hoe|def|1
|-unboost|p1a: no name 4 this hoe|spd|1
|move|p2a: Sneasler|Close Combat|p1a: no name 4 this hoe
|-resisted|p1a: no name 4 this hoe
|-damage|p1a: no name 4 this hoe|29/100
|-unboost|p2a: Sneasler|def|1
|-unboost|p2a: Sneasler|spd|1
|
|-fieldend|move: Psychic Terrain
|upkeep
|turn|6
|-message|beppe_brescia forfeited.
|
|win|Sizzle2466
|l|☆beppe_brescia
|player|p1|
||Sizzle2466 is ready for game 2.
||beppe_brescia is ready for game 2.
|uhtml|next|Next: Game 2 of 3
