|j|☆Pukeej
|j|☆altario8211
|html|Pukeejaltario8211    
|uhtml|bestof|Game 1 of a best-of-3
|t:|1756827915
|gametype|doubles
|player|p1|Pukeej|wattson|1045
|player|p2|altario8211|hugh|1102
|gen|9
|tier|[Gen 9] VGC 2025 Reg H (Bo3)
|rated|
|rule|Species Clause: Limit one of each Pokémon
|rule|Item Clause: Limit 1 of each item
|clearpoke
|poke|p1|Garchomp, L50, M|
|poke|p1|Hydreigon, L50, F|
|poke|p1|Gholdengo, L50|
|poke|p1|Electabuzz, L50, F|
|poke|p1|Incineroar, L50, F|
|poke|p1|Sneasler, L50, M|
|poke|p2|Rillaboom, L50, F|
|poke|p2|Porygon2, L50|
|poke|p2|Tauros-Paldea-Aqua, L50, M|
|poke|p2|Talonflame, L50, F|
|poke|p2|Sneasler, L50, M|
|poke|p2|Ursaluna, L50, F|
|teampreview|4
|showteam|p1|Garchomp||LifeOrb|RoughSkin|Earthquake,StompingTantrum,DragonClaw,Protect|||M|||50|,,,,,Ground]Hydreigon||CovertCloak|Levitate|DracoMeteor,Snarl,Tailwind,Protect|||F|||50|,,,,,Poison]Gholdengo||Leftovers|GoodasGold|MakeItRain,ShadowBall,NastyPlot,Protect||||||50|,,,,,Flying]Electabuzz||Eviolite|VitalSpirit|Electroweb,FollowMe,Taunt,Protect|||F|||50|,,,,,Ghost]Incineroar||SafetyGoggles|Intimidate|FakeOut,KnockOff,FlareBlitz,PartingShot|||F|||50|,,,,,Ghost]Sneasler||ClearAmulet|PoisonTouch|CloseCombat,DireClaw,Coaching,Protect|||M|||50|,,,,,Stellar
|showteam|p2|Rillaboom||AssaultVest|GrassySurge|FakeOut,Uturn,WoodHammer,GrassyGlide|||F|||50|,,,,,Fire]Porygon2||Eviolite|Download|TrickRoom,Recover,TeraBlast,Protect||||||50|,,,,,Ground]Tauros-Paldea-Aqua||ClearAmulet|Intimidate|CloseCombat,RagingBull,Protect,AquaJet|||M|||50|,,,,,Grass]Talonflame||CovertCloak|GaleWings|Tailwind,QuickGuard,DualWingbeat,FlareBlitz|||F|||50|,,,,,Stellar]Sneasler||FocusSash|Unburden|FakeOut,CloseCombat,DireClaw,Protect|||M|||50|,,,,,Ghost]Ursaluna||FlameOrb|Guts|Facade,HeadlongRush,Protect,ShadowClaw|||F|||50|,,,,,Ghost
|inactive|Battle timer is ON: inactive players will automatically lose when time's up. (requested by altario8211)
|j| subhamcheee
|l| subhamcheee
|inactive|Pukeej has 60 seconds left.
|inactive|altario8211 has 60 seconds left.
|inactive|altario8211 has 30 seconds left.
|inactive|altario8211 has 20 seconds left.
|
|t:|1756827992
|teamsize|p1|4
|teamsize|p2|4
|start
|switch|p1a: Electabuzz|Electabuzz, L50, F|100/100
|switch|p1b: Gholdengo|Gholdengo, L50|100/100
|switch|p2a: Porygon2|Porygon2, L50|100/100
|switch|p2b: Rillaboom|Rillaboom, L50, F|100/100
|-fieldstart|move: Grassy Terrain|[from] ability: Grassy Surge|[of] p2b: Rillaboom
|-ability|p2a: Porygon2|Download|boost
|-boost|p2a: Porygon2|spa|1
|turn|1
|
|t:|1756828013
|-terastallize|p1a: Electabuzz|Ghost
|-terastallize|p2a: Porygon2|Ground
|move|p1a: Electabuzz|Taunt|p2a: Porygon2
|-start|p2a: Porygon2|move: Taunt
|move|p2b: Rillaboom|U-turn|p1a: Electabuzz
|-resisted|p1a: Electabuzz
|-damage|p1a: Electabuzz|90/100
|
|t:|1756828022
|switch|p2b: Tauros|Tauros-Paldea-Aqua, L50, M|100/100|[from] U-turn
|-ability|p2b: Tauros|Intimidate|boost
|-unboost|p1a: Electabuzz|atk|1
|-unboost|p1b: Gholdengo|atk|1
|move|p1b: Gholdengo|Nasty Plot|p1b: Gholdengo
|-boost|p1b: Gholdengo|spa|2
|move|p2a: Porygon2|Tera Blast|p1b: Gholdengo|[anim] Tera Blast Ground
|-supereffective|p1b: Gholdengo
|-damage|p1b: Gholdengo|7/100
|
|-heal|p1a: Electabuzz|96/100|[from] Grassy Terrain
|-heal|p1b: Gholdengo|13/100|[from] Grassy Terrain
|-heal|p1b: Gholdengo|19/100|[from] item: Leftovers
|upkeep
|turn|2
|inactive|altario8211 has 30 seconds left.
|
|t:|1756828050
|move|p1a: Electabuzz|Follow Me|p1a: Electabuzz
|-singleturn|p1a: Electabuzz|move: Follow Me
|move|p2b: Tauros|Raging Bull|p1a: Electabuzz
|-damage|p1a: Electabuzz|63/100
|move|p1b: Gholdengo|Make It Rain|p2a: Porygon2|[spread] p2a,p2b
|-resisted|p2b: Tauros
|-damage|p2a: Porygon2|50/100
|-damage|p2b: Tauros|26/100
|-unboost|p1b: Gholdengo|spa|1
|move|p2a: Porygon2|Tera Blast|p1a: Electabuzz|[anim] Tera Blast Ground
|-damage|p1a: Electabuzz|27/100
|
|-heal|p2b: Tauros|32/100|[from] Grassy Terrain
|-heal|p1a: Electabuzz|33/100|[from] Grassy Terrain
|-heal|p1b: Gholdengo|25/100|[from] Grassy Terrain
|-heal|p1b: Gholdengo|32/100|[from] item: Leftovers
|-heal|p2a: Porygon2|57/100|[from] Grassy Terrain
|upkeep
|turn|3
|
|t:|1756828072
|move|p1b: Gholdengo|Protect|p1b: Gholdengo
|-singleturn|p1b: Gholdengo|Protect
|move|p2b: Tauros|Raging Bull|p1a: Electabuzz
|-damage|p1a: Electabuzz|0 fnt
|faint|p1a: Electabuzz
|move|p2a: Porygon2|Tera Blast|p1b: Gholdengo|[anim] Tera Blast Ground
|-activate|p1b: Gholdengo|move: Protect
|
|-heal|p2b: Tauros|38/100|[from] Grassy Terrain
|-heal|p1b: Gholdengo|38/100|[from] Grassy Terrain
|-heal|p1b: Gholdengo|44/100|[from] item: Leftovers
|-heal|p2a: Porygon2|63/100|[from] Grassy Terrain
|-end|p2a: Porygon2|move: Taunt
|upkeep
|
|t:|1756828090
|switch|p1a: Incineroar|Incineroar, L50, F|100/100
|-ability|p1a: Incineroar|Intimidate|boost
|-unboost|p2a: Porygon2|atk|1
|-fail|p2b: Tauros|unboost|[from] item: Clear Amulet|[of] p2b: Tauros
|turn|4
|inactive|altario8211 has 30 seconds left.
|
|t:|1756828118
|move|p2b: Tauros|Protect|p2b: Tauros
|-singleturn|p2b: Tauros|Protect
|move|p1a: Incineroar|Fake Out|p2a: Porygon2
|-damage|p2a: Porygon2|57/100
|move|p1b: Gholdengo|Make It Rain|p2a: Porygon2|[spread] p2a
|-activate|p2b: Tauros|move: Protect
|-damage|p2a: Porygon2|16/100
|-unboost|p1b: Gholdengo|spa|1
|cant|p2a: Porygon2|flinch
|
|-heal|p2b: Tauros|44/100|[from] Grassy Terrain
|-heal|p1b: Gholdengo|50/100|[from] Grassy Terrain
|-heal|p1b: Gholdengo|56/100|[from] item: Leftovers
|-heal|p2a: Porygon2|22/100|[from] Grassy Terrain
|upkeep
|turn|5
|inactive|Pukeej has 30 seconds left.
|
|t:|1756828145
|switch|p1a: Hydreigon|Hydreigon, L50, F|100/100
|move|p2a: Porygon2|Protect|p2a: Porygon2
|-singleturn|p2a: Porygon2|Protect
|move|p2b: Tauros|Raging Bull|p1b: Gholdengo
|-damage|p1b: Gholdengo|19/100
|move|p1b: Gholdengo|Shadow Ball|p2a: Porygon2
|-activate|p2a: Porygon2|move: Protect
|
|-heal|p2b: Tauros|50/100|[from] Grassy Terrain
|-heal|p1b: Gholdengo|25/100|[from] Grassy Terrain
|-heal|p1b: Gholdengo|32/100|[from] item: Leftovers
|-heal|p2a: Porygon2|28/100|[from] Grassy Terrain
|-fieldend|move: Grassy Terrain
|upkeep
|turn|6
|
|t:|1756828163
|switch|p2a: Rillaboom|Rillaboom, L50, F|100/100
|-fieldstart|move: Grassy Terrain|[from] ability: Grassy Surge|[of] p2a: Rillaboom
|move|p1b: Gholdengo|Protect|p1b: Gholdengo
|-singleturn|p1b: Gholdengo|Protect
|move|p2b: Tauros|Close Combat|p1a: Hydreigon
|-supereffective|p1a: Hydreigon
|-damage|p1a: Hydreigon|0 fnt
|-unboost|p2b: Tauros|def|1
|-unboost|p2b: Tauros|spd|1
|faint|p1a: Hydreigon
|
|-heal|p2b: Tauros|56/100|[from] Grassy Terrain
|-heal|p1b: Gholdengo|38/100|[from] Grassy Terrain
|-heal|p1b: Gholdengo|44/100|[from] item: Leftovers
|upkeep
|
|t:|1756828166
|switch|p1a: Incineroar|Incineroar, L50, F|100/100
|-ability|p1a: Incineroar|Intimidate|boost
|-unboost|p2a: Rillaboom|atk|1
|-fail|p2b: Tauros|unboost|[from] item: Clear Amulet|[of] p2b: Tauros
|turn|7
|
|t:|1756828174
|move|p2a: Rillaboom|Fake Out|p1a: Incineroar
|-damage|p1a: Incineroar|93/100
|cant|p1a: Incineroar|flinch
|move|p2b: Tauros|Raging Bull|p1b: Gholdengo
|-damage|p1b: Gholdengo|7/100
|move|p1b: Gholdengo|Nasty Plot|p1b: Gholdengo
|-boost|p1b: Gholdengo|spa|2
|
|-heal|p2b: Tauros|62/100|[from] Grassy Terrain
|-heal|p1b: Gholdengo|13/100|[from] Grassy Terrain
|-heal|p1b: Gholdengo|19/100|[from] item: Leftovers
|-heal|p1a: Incineroar|99/100|[from] Grassy Terrain
|upkeep
|turn|8
|inactive|altario8211 has 30 seconds left.
|
|t:|1756828202
|move|p2b: Tauros|Raging Bull|p1b: Gholdengo
|-damage|p1b: Gholdengo|0 fnt
|faint|p1b: Gholdengo
|move|p2a: Rillaboom|U-turn|p1a: Incineroar
|-damage|p1a: Incineroar|87/100
|
|t:|1756828205
|switch|p2a: Ursaluna|Ursaluna, L50, F|100/100|[from] U-turn
|move|p1a: Incineroar|Flare Blitz|p2a: Ursaluna
|-damage|p2a: Ursaluna|63/100
|-damage|p1a: Incineroar|72/100|[from] Recoil
|
|-heal|p2b: Tauros|68/100|[from] Grassy Terrain
|-heal|p1a: Incineroar|78/100|[from] Grassy Terrain
|-heal|p2a: Ursaluna|69/100|[from] Grassy Terrain
|-status|p2a: Ursaluna|brn|[from] item: Flame Orb
|upkeep
|turn|9
|-message|Pukeej forfeited.
|
|win|altario8211
|l|☆Pukeej
|player|p1|
||Pukeej is ready for game 2.
||altario8211 is ready for game 2.
|uhtml|next|Next: Game 2 of 3
