|j|â˜†AndrewsWho
|html|MobiusVGCAndrewsWho    
|uhtml|bestof|Game 2 of a best-of-3
|t:|1756314443
|gametype|doubles
|player|p1|MobiusVGC|gentleman-gen4dp|
|player|p2|AndrewsWho|infielder|
|gen|9
|tier|[Gen 9] VGC 2025 Reg H (Bo3)
|rule|Species Clause: Limit one of each PokÃ©mon
|rule|Item Clause: Limit 1 of each item
|clearpoke
|poke|p1|Kilowattrel, L50, F|
|poke|p1|Amoonguss, L50, M|
|poke|p1|Incineroar, L50, M|
|poke|p1|Porygon2, L50|
|poke|p1|Gholdengo, L50|
|poke|p1|Ursaluna, L50, F|
|poke|p2|Charizard, L50, F|
|poke|p2|Torkoal, L50, F|
|poke|p2|Porygon2, L50|
|poke|p2|Incineroar, L50, M|
|poke|p2|Jumpluff, L50, F|
|poke|p2|Ursaluna, L50, M|
|teampreview|4
|showteam|p1|Kilowattrel||FocusSash|Competitive|Thunderbolt,AirSlash,Tailwind,Protect|||F|||50|,,,,,Ghost]Amoonguss||SitrusBerry|Regenerator|PollenPuff,Spore,RagePowder,Protect|||M|||50|,,,,,Water]Incineroar||SafetyGoggles|Intimidate|FakeOut,FlareBlitz,KnockOff,PartingShot|||M|||50|,,,,,Ghost]Porygon2||Eviolite|Download|TeraBlast,IceBeam,Recover,TrickRoom||||||50|,,,,,Fighting]Gholdengo||MetalCoat|GoodasGold|MakeItRain,ShadowBall,NastyPlot,Protect||||||50|,,,,,Flying]Ursaluna||FlameOrb|Guts|Facade,HeadlongRush,Earthquake,Protect|||F|||50|,,,,,Ghost
|showteam|p2|Charizard||ChoiceSpecs|SolarPower|HeatWave,Overheat,WeatherBall,AirSlash|||F|||50|,,,,,Ghost]Torkoal||EjectPack|Drought|Eruption,Overheat,HelpingHand,Protect|||F|||50|,,,,,Fire]Porygon2||Eviolite|Download|TeraBlast,IceBeam,Recover,TrickRoom||||||50|,,,,,Fighting]Incineroar||SitrusBerry|Intimidate|FlareBlitz,KnockOff,FakeOut,PartingShot|||M|||50|,,,,,Ghost]Jumpluff||CovertCloak|Chlorophyll|SleepPowder,SunnyDay,RagePowder,Tailwind|||F|||50|,,,,,Water]Ursaluna||FlameOrb|Guts|HeadlongRush,Facade,Earthquake,Protect|||M|||50|,,,,,Ghost
|j|â˜†MobiusVGC
|player|p1|MobiusVGC|gentleman-gen4dp|
|c|â˜†MobiusVGC|thx
|c|â˜†MobiusVGC|gl hf
|
|t:|1756314557
|teamsize|p1|4
|teamsize|p2|4
|start
|switch|p1a: Kilowattrel|Kilowattrel, L50, F|100/100
|switch|p1b: Incineroar|Incineroar, L50, M|100/100
|switch|p2a: Jumpluff|Jumpluff, L50, F|100/100
|switch|p2b: Torkoal|Torkoal, L50, F|100/100
|-ability|p1b: Incineroar|Intimidate|boost
|-unboost|p2a: Jumpluff|atk|1
|-unboost|p2b: Torkoal|atk|1
|-weather|SunnyDay|[from] ability: Drought|[of] p2b: Torkoal
|-enditem|p2b: Torkoal|Eject Pack
|
|t:|1756314563
|switch|p2b: Ursaluna|Ursaluna, L50, M|100/100
|turn|1
|
|t:|1756314580
|switch|p1a: Gholdengo|Gholdengo, L50|100/100
|-terastallize|p2b: Ursaluna|Ghost
|move|p2a: Jumpluff|Tailwind|p2a: Jumpluff
|-sidestart|p2: AndrewsWho|move: Tailwind
|move|p2b: Ursaluna|Headlong Rush|p1b: Incineroar
|-supereffective|p1b: Incineroar
|-damage|p1b: Incineroar|0 fnt
|-unboost|p2b: Ursaluna|def|1
|-unboost|p2b: Ursaluna|spd|1
|faint|p1b: Incineroar
|
|-weather|SunnyDay|[upkeep]
|-status|p2b: Ursaluna|brn|[from] item: Flame Orb
|upkeep
|
|t:|1756314591
|switch|p1b: Kilowattrel|Kilowattrel, L50, F|100/100
|turn|2
|
|t:|1756314610
|-terastallize|p1a: Gholdengo|Flying
|move|p2a: Jumpluff|Sleep Powder|p1b: Kilowattrel|[miss]
|-miss|p2a: Jumpluff|p1b: Kilowattrel
|move|p1b: Kilowattrel|Tailwind|p1b: Kilowattrel
|-sidestart|p1: MobiusVGC|move: Tailwind
|move|p1a: Gholdengo|Shadow Ball|p2b: Ursaluna
|-supereffective|p2b: Ursaluna
|-damage|p2b: Ursaluna|0 fnt
|faint|p2b: Ursaluna
|
|-weather|SunnyDay|[upkeep]
|upkeep
|
|t:|1756314618
|switch|p2b: Charizard|Charizard, L50, F|100/100
|turn|3
|
|t:|1756314630
|move|p1a: Gholdengo|Protect|p1a: Gholdengo
|-singleturn|p1a: Gholdengo|Protect
|move|p2a: Jumpluff|Rage Powder|p2a: Jumpluff
|-singleturn|p2a: Jumpluff|move: Rage Powder
|move|p1b: Kilowattrel|Thunderbolt|p2a: Jumpluff
|-damage|p2a: Jumpluff|57/100
|move|p2b: Charizard|Heat Wave|p1b: Kilowattrel|[spread] 
|-activate|p1a: Gholdengo|move: Protect
|-miss|p2b: Charizard|p1b: Kilowattrel
|
|-weather|SunnyDay|[upkeep]
|-damage|p2b: Charizard|88/100|[from] ability: Solar Power|[of] p2b: Charizard
|upkeep
|turn|4
|
|t:|1756314644
|move|p2a: Jumpluff|Sleep Powder|p1b: Kilowattrel
|-status|p1b: Kilowattrel|slp|[from] move: Sleep Powder
|cant|p1b: Kilowattrel|slp
|move|p2b: Charizard|Heat Wave|p1b: Kilowattrel|[spread] p1a,p1b
|-damage|p1a: Gholdengo|0 fnt
|-enditem|p1b: Kilowattrel|Focus Sash
|-damage|p1b: Kilowattrel|1/100 slp
|faint|p1a: Gholdengo
|
|-weather|SunnyDay|[upkeep]
|-damage|p2b: Charizard|76/100|[from] ability: Solar Power|[of] p2b: Charizard
|-sideend|p2: AndrewsWho|move: Tailwind
|upkeep
|l|â˜†MobiusVGC
|player|p1|
|j|â˜†MobiusVGC
|player|p1|MobiusVGC|gentleman-gen4dp|
|
|t:|1756314696
|switch|p1a: Ursaluna|Ursaluna, L50, F|100/100
|turn|5
|
|t:|1756314709
|move|p1a: Ursaluna|Protect|p1a: Ursaluna
|-singleturn|p1a: Ursaluna|Protect
|cant|p1b: Kilowattrel|slp
|move|p2a: Jumpluff|Tailwind|p2a: Jumpluff
|-sidestart|p2: AndrewsWho|move: Tailwind
|move|p2b: Charizard|Heat Wave|p1a: Ursaluna|[spread] p1b
|-activate|p1a: Ursaluna|move: Protect
|-damage|p1b: Kilowattrel|0 fnt
|faint|p1b: Kilowattrel
|
|-weather|none
|-sideend|p1: MobiusVGC|move: Tailwind
|-status|p1a: Ursaluna|brn|[from] item: Flame Orb
|upkeep
|turn|6
|l|â˜†MobiusVGC
|player|p1|
|j|â˜†MobiusVGC
|player|p1|MobiusVGC|gentleman-gen4dp|
|
|t:|1756314809
|switch|p2b: Torkoal|Torkoal, L50, F|100/100
|-weather|SunnyDay|[from] ability: Drought|[of] p2b: Torkoal
|move|p2a: Jumpluff|Rage Powder|p2a: Jumpluff
|-singleturn|p2a: Jumpluff|move: Rage Powder
|move|p1a: Ursaluna|Facade|p2a: Jumpluff
|-damage|p2a: Jumpluff|0 fnt
|faint|p2a: Jumpluff
|
|-weather|SunnyDay|[upkeep]
|-damage|p1a: Ursaluna|94/100 brn|[from] brn
|upkeep
|
|t:|1756314816
|switch|p2a: Charizard|Charizard, L50, F|76/100
|turn|7
|
|t:|1756314822
|move|p2b: Torkoal|Helping Hand|p2a: Charizard
|-singleturn|p2a: Charizard|Helping Hand|[of] p2b: Torkoal
|move|p1a: Ursaluna|Protect|p1a: Ursaluna
|-singleturn|p1a: Ursaluna|Protect
|move|p2a: Charizard|Weather Ball|p1a: Ursaluna
|-activate|p1a: Ursaluna|move: Protect
|
|-weather|SunnyDay|[upkeep]
|-damage|p2a: Charizard|63/100|[from] ability: Solar Power|[of] p2a: Charizard
|-damage|p1a: Ursaluna|88/100 brn|[from] brn
|upkeep
|turn|8
|
|t:|1756314830
|move|p2b: Torkoal|Helping Hand|p2a: Charizard
|-singleturn|p2a: Charizard|Helping Hand|[of] p2b: Torkoal
|move|p2a: Charizard|Weather Ball|p1a: Ursaluna
|-damage|p1a: Ursaluna|0 fnt
|faint|p1a: Ursaluna
|
|win|AndrewsWho
