|j|☆andiom123
|j|☆acemphd
|html|andiom123acemphd    
|uhtml|bestof|Game 3 of a best-of-3
|t:|1783482674
|gametype|doubles
|player|p1|andiom123|red|1197
|player|p2|acemphd|170|1170
|gen|9
|tier|[Gen 9 Champions] VGC 2026 Reg M-B (Bo3)
|rated|
|rule|Species Clause: Limit one of each Pokémon
|rule|Item Clause: Limit 1 of each item
|clearpoke
|poke|p1|Incineroar, L50, F|
|poke|p1|Farigiraf, L50, F|
|poke|p1|Sylveon, L50, F|
|poke|p1|Torkoal, L50, M|
|poke|p1|Kangaskhan, L50, F|
|poke|p1|Mawile, L50, F|
|poke|p2|Charizard, L50, M|
|poke|p2|Garchomp, L50, F|
|poke|p2|Whimsicott, L50, F|
|poke|p2|Glimmora, L50, M|
|poke|p2|Kingambit, L50, M|
|poke|p2|Farigiraf, L50, M|
|teampreview|4
|showteam|p1|Incineroar||MuscleBand|Intimidate|ThroatChop,FlareBlitz,FakeOut,PartingShot|Brave||F|||50|]Farigiraf||SitrusBerry|ArmorTail|FoulPlay,PsychicNoise,TrickRoom,HelpingHand|Relaxed||F|||50|]Sylveon||LifeOrb|Pixilate|HyperVoice,HyperBeam,QuickAttack,Detect|Modest||F|||50|]Torkoal||Charcoal|Drought|Eruption,EarthPower,Flamethrower,Protect|Quiet||M|||50|]Kangaskhan||Kangaskhanite|Scrappy|DoubleEdge,FakeOut,IcePunch,HammerArm|Brave||F|||50|]Mawile||Mawilite|HyperCutter|RockSlide,PlayRough,SuckerPunch,Protect|Brave||F|||50|
|showteam|p2|Charizard||CharizarditeY|SolarPower|WeatherBall,HeatWave,SolarBeam,Protect|Modest||M|||50|]Garchomp||LifeOrb|RoughSkin|DragonClaw,RockSlide,StompingTantrum,Protect|Jolly||F|||50|]Whimsicott||FocusSash|Prankster|Moonblast,Encore,Tailwind,Protect|Timid||F|||50|]Glimmora||Glimmoranite|ToxicDebris|SludgeBomb,EarthPower,PowerGem,SpikyShield|Timid||M|||50|]Kingambit||ChopleBerry|Defiant|LowKick,SuckerPunch,KowtowCleave,Protect|Adamant||M|||50|]Farigiraf||SitrusBerry|ArmorTail|Psychic,Thunderbolt,TrickRoom,Protect|Bold||M|||50|
|inactive|Battle timer is ON: inactive players will automatically lose when time's up. (requested by acemphd)
|
|t:|1783482709
|teamsize|p1|4
|teamsize|p2|4
|start
|switch|p1a: Farigiraf|Farigiraf, L50, F|100/100
|switch|p1b: Kangaskhan|Kangaskhan, L50, F|100/100
|switch|p2a: Glimmora|Glimmora, L50, M|100/100
|switch|p2b: Kingambit|Kingambit, L50, M|100/100
|turn|1
|inactive|andiom123 has 30 seconds left.
|inactive|acemphd has 30 seconds left.
|inactive|andiom123 has 20 seconds left.
|inactive|acemphd has 20 seconds left.
|
|t:|1783482746
|switch|p2b: Farigiraf|Farigiraf, L50, M|100/100
|detailschange|p2a: Glimmora|Glimmora-Mega, L50, M
|-mega|p2a: Glimmora|Glimmora|Glimmoranite
|detailschange|p1b: Kangaskhan|Kangaskhan-Mega, L50, F
|-mega|p1b: Kangaskhan|Kangaskhan|Kangaskhanite
|move|p1b: Kangaskhan|Fake Out||[still]
|cant|p2b: Farigiraf|ability: Armor Tail|Fake Out|[of] p1b: Kangaskhan
|move|p2a: Glimmora|Sludge Bomb|p1b: Kangaskhan
|-damage|p1b: Kangaskhan|38/100
|move|p1a: Farigiraf|Trick Room|p1a: Farigiraf
|-fieldstart|move: Trick Room|[of] p1a: Farigiraf
|
|upkeep
|turn|2
|
|t:|1783482764
|move|p2a: Glimmora|Spiky Shield|p2a: Glimmora
|-singleturn|p2a: Glimmora|move: Protect
|move|p1a: Farigiraf|Psychic Noise|p2a: Glimmora
|-activate|p2a: Glimmora|move: Protect
|move|p1b: Kangaskhan|Double-Edge|p2a: Glimmora
|-activate|p2a: Glimmora|move: Protect
|-damage|p1b: Kangaskhan|26/100|[from] Spiky Shield|[of] p2a: Glimmora
|move|p2b: Farigiraf|Trick Room|p2b: Farigiraf
|-fieldend|move: Trick Room
|
|upkeep
|turn|3
|inactive|andiom123 has 30 seconds left.
|inactive|acemphd has 30 seconds left.
|
|t:|1783482795
|switch|p2a: Kingambit|Kingambit, L50, M|100/100
|move|p1b: Kangaskhan|Double-Edge|p2b: Farigiraf
|-damage|p2b: Farigiraf|47/100
|-enditem|p2b: Farigiraf|Sitrus Berry|[eat]
|-heal|p2b: Farigiraf|72/100|[from] item: Sitrus Berry
|-damage|p2b: Farigiraf|58/100
|-hitcount|p2b: Farigiraf|2
|-damage|p1b: Kangaskhan|3/100|[from] Recoil
|move|p2b: Farigiraf|Thunderbolt|p1a: Farigiraf
|-damage|p1a: Farigiraf|79/100
|move|p1a: Farigiraf|Psychic Noise|p2a: Kingambit
|-immune|p2a: Kingambit
|
|upkeep
|turn|4
|inactive|andiom123 has 30 seconds left.
|
|t:|1783482820
|move|p1a: Farigiraf|Helping Hand|p1b: Kangaskhan
|-singleturn|p1b: Kangaskhan|Helping Hand|[of] p1a: Farigiraf
|move|p2a: Kingambit|Protect|p2a: Kingambit
|-singleturn|p2a: Kingambit|Protect
|move|p1b: Kangaskhan|Hammer Arm|p2a: Kingambit
|-activate|p2a: Kingambit|move: Protect
|move|p2b: Farigiraf|Thunderbolt|p1b: Kangaskhan
|-damage|p1b: Kangaskhan|0 fnt
|faint|p1b: Kangaskhan
|
|upkeep
|
|t:|1783482835
|switch|p1b: Sylveon|Sylveon, L50, F|100/100
|turn|5
|
|t:|1783482858
|switch|p1a: Incineroar|Incineroar, L50, F|100/100
|-ability|p1a: Incineroar|Intimidate|boost
|-unboost|p2a: Kingambit|atk|1
|-ability|p2a: Kingambit|Defiant|boost
|-boost|p2a: Kingambit|atk|2
|-unboost|p2b: Farigiraf|atk|1
|move|p2b: Farigiraf|Protect|p2b: Farigiraf
|-singleturn|p2b: Farigiraf|Protect
|move|p1b: Sylveon|Hyper Voice|p2b: Farigiraf|[spread] p2a
|-activate|p2b: Farigiraf|move: Protect
|-damage|p2a: Kingambit|53/100
|-damage|p1b: Sylveon|90/100|[from] item: Life Orb
|move|p2a: Kingambit|Kowtow Cleave|p1a: Incineroar
|-resisted|p1a: Incineroar|1
|-damage|p1a: Incineroar|65/100
|
|upkeep
|turn|6
|inactive|andiom123 has 30 seconds left.
|inactive|acemphd has 30 seconds left.
|inactive|andiom123 has 20 seconds left.
|inactive|acemphd has 20 seconds left.
|
|t:|1783482897
|switch|p2b: Glimmora|Glimmora-Mega, L50, M|100/100
|move|p2a: Kingambit|Protect|p2a: Kingambit
|-singleturn|p2a: Kingambit|Protect
|move|p1b: Sylveon|Hyper Voice|p2a: Kingambit|[spread] p2b
|-activate|p2a: Kingambit|move: Protect
|-resisted|p2b: Glimmora|1
|-damage|p2b: Glimmora|69/100
|-damage|p1b: Sylveon|80/100|[from] item: Life Orb
|move|p1a: Incineroar|Flare Blitz|p2a: Kingambit
|-activate|p2a: Kingambit|move: Protect
|
|upkeep
|turn|7
|inactive|andiom123 has 30 seconds left.
|
|t:|1783482928
|switch|p2a: Farigiraf|Farigiraf, L50, M|58/100
|move|p2b: Glimmora|Power Gem|p1a: Incineroar
|-supereffective|p1a: Incineroar|1
|-crit|p1a: Incineroar
|-damage|p1a: Incineroar|0 fnt
|faint|p1a: Incineroar
|move|p1b: Sylveon|Hyper Beam|p2b: Glimmora
|-resisted|p2b: Glimmora|1
|-damage|p2b: Glimmora|10/100
|-mustrecharge|p1b: Sylveon
|-damage|p1b: Sylveon|71/100|[from] item: Life Orb
|
|upkeep
|
|t:|1783482939
|switch|p1a: Farigiraf|Farigiraf, L50, F|79/100
|turn|8
|
|t:|1783482948
|move|p2b: Glimmora|Sludge Bomb|p1b: Sylveon
|-supereffective|p1b: Sylveon|1
|-damage|p1b: Sylveon|0 fnt
|faint|p1b: Sylveon
|move|p2a: Farigiraf|Thunderbolt|p1a: Farigiraf
|-damage|p1a: Farigiraf|58/100
|move|p1a: Farigiraf|Psychic Noise|p2b: Glimmora
|-supereffective|p2b: Glimmora|1
|-damage|p2b: Glimmora|0 fnt
|faint|p2b: Glimmora
|
|upkeep
|
|t:|1783482961
|switch|p2b: Kingambit|Kingambit, L50, M|53/100
|turn|9
|
|t:|1783482981
|move|p2a: Farigiraf|Thunderbolt|p1a: Farigiraf
|-damage|p1a: Farigiraf|34/100
|-enditem|p1a: Farigiraf|Sitrus Berry|[eat]
|-heal|p1a: Farigiraf|59/100|[from] item: Sitrus Berry
|move|p1a: Farigiraf|Foul Play|p2a: Farigiraf
|-supereffective|p2a: Farigiraf|1
|-damage|p2a: Farigiraf|31/100
|move|p2b: Kingambit|Kowtow Cleave|p1a: Farigiraf
|-supereffective|p1a: Farigiraf|1
|-damage|p1a: Farigiraf|0 fnt
|faint|p1a: Farigiraf
|
|win|acemphd
|raw|andiom123's rating: 1197 → 1170(-27 for losing)
|raw|acemphd's rating: 1170 → 1197(+27 for winning)
