|j|☆themegaisiug
|j|☆Maranineisfake
|html|themegaisiugMaranineisfake    
|uhtml|bestof|Game 1 of a best-of-3
|t:|1783801270
|gametype|doubles
|player|p1|themegaisiug|pokemaniac|1068
|player|p2|Maranineisfake|266|1050
|gen|9
|tier|[Gen 9 Champions] VGC 2026 Reg M-B (Bo3)
|rated|
|rule|Species Clause: Limit one of each Pokémon
|rule|Item Clause: Limit 1 of each item
|clearpoke
|poke|p1|Sneasler, L50, M|
|poke|p1|Blastoise, L50, M|
|poke|p1|Kingambit, L50, M|
|poke|p1|Incineroar, L50, M|
|poke|p1|Delphox, L50, F|
|poke|p1|Sinistcha, L50|
|poke|p2|Kangaskhan, L50, F|
|poke|p2|Sinistcha, L50|
|poke|p2|Torkoal, L50, F|
|poke|p2|Aerodactyl, L50, F|
|poke|p2|Staraptor, L50, M|
|poke|p2|Gholdengo, L50|
|teampreview|4
|showteam|p1|Sneasler||FocusSash|PoisonTouch|PoisonJab,CloseCombat,FakeOut,QuickGuard|Jolly||M|||50|]Blastoise||Blastoisinite|RainDish|DarkPulse,WaterSpout,ShellSmash,Protect|Modest||M|||50|]Kingambit||BlackGlasses|Defiant|KowtowCleave,SuckerPunch,SwordsDance,Protect|Adamant||M|||50|]Incineroar||SitrusBerry|Intimidate|FlareBlitz,HelpingHand,PartingShot,FakeOut|Careful||M|||50|]Delphox||Delphoxite|Blaze|HeatWave,NastyPlot,Psyshock,Protect|Modest||F|||50|]Sinistcha||KasibBerry|Hospitality|MatchaGotcha,RagePowder,TrickRoom,Protect|Bold|||||50|
|showteam|p2|Kangaskhan||Kangaskhanite|Scrappy|HammerArm,DoubleEdge,RockSlide,FakeOut|Adamant||F|||50|]Sinistcha||SitrusBerry|Hospitality|MatchaGotcha,RagePowder,TrickRoom,Protect|Modest|||||50|]Torkoal||Charcoal|Drought|Eruption,HeatWave,EarthPower,Protect|Modest||F|||50|]Aerodactyl||FocusSash|RockHead|RockSlide,DualWingbeat,Tailwind,Protect|Jolly||F|||50|]Staraptor||Staraptite|Intimidate|CloseCombat,BraveBird,Roost,Protect|Adamant||M|||50|]Gholdengo||WhiteHerb|GoodasGold|MakeItRain,ShadowBall,NastyPlot,Protect|Modest|||||50|
|
|t:|1783801305
|teamsize|p1|4
|teamsize|p2|4
|start
|switch|p1a: Blastoise|Blastoise, L50, M|100/100
|switch|p1b: Incineroar|Incineroar, L50, M|100/100
|switch|p2a: Kangaskhan|Kangaskhan, L50, F|100/100
|switch|p2b: Sinistcha|Sinistcha, L50|100/100
|-ability|p1b: Incineroar|Intimidate|boost
|-fail|p2a: Kangaskhan|unboost|Attack|[from] ability: Scrappy|[of] p2a: Kangaskhan
|-unboost|p2b: Sinistcha|atk|1
|turn|1
|
|t:|1783801326
|switch|p2a: Gholdengo|Gholdengo, L50|100/100
|switch|p1b: Sneasler|Sneasler, L50, M|100/100
|detailschange|p1a: Blastoise|Blastoise-Mega, L50, M
|-mega|p1a: Blastoise|Blastoise|Blastoisinite
|move|p1a: Blastoise|Protect|p1a: Blastoise
|-singleturn|p1a: Blastoise|Protect
|move|p2b: Sinistcha|Trick Room|p2b: Sinistcha
|-fieldstart|move: Trick Room|[of] p2b: Sinistcha
|
|upkeep
|turn|2
|
|t:|1783801355
|switch|p1b: Incineroar|Incineroar, L50, M|100/100
|-ability|p1b: Incineroar|Intimidate|boost
|-unboost|p2a: Gholdengo|atk|1
|-unboost|p2b: Sinistcha|atk|1
|-enditem|p2a: Gholdengo|White Herb
|-clearnegativeboost|p2a: Gholdengo|[silent]
|move|p2b: Sinistcha|Matcha Gotcha|p1b: Incineroar|[spread] p1a,p1b
|-supereffective|p1a: Blastoise|1
|-resisted|p1b: Incineroar|1
|-damage|p1a: Blastoise|36/100
|-damage|p1b: Incineroar|87/100
|move|p2a: Gholdengo|Make It Rain|p1b: Incineroar|[spread] p1a,p1b
|-resisted|p1a: Blastoise|1
|-resisted|p1b: Incineroar|1
|-damage|p1a: Blastoise|8/100
|-damage|p1b: Incineroar|67/100
|-unboost|p2a: Gholdengo|spa|2
|move|p1a: Blastoise|Dark Pulse|p2b: Sinistcha
|-supereffective|p2b: Sinistcha|1
|-damage|p2b: Sinistcha|0 fnt
|faint|p2b: Sinistcha
|
|upkeep
|
|t:|1783801373
|switch|p2b: Kangaskhan|Kangaskhan, L50, F|100/100
|turn|3
|
|t:|1783801392
|switch|p1a: Sinistcha|Sinistcha, L50|100/100
|-heal|p1b: Incineroar|92/100|[from] ability: Hospitality|[of] p1a: Sinistcha
|detailschange|p2b: Kangaskhan|Kangaskhan-Mega, L50, F
|-mega|p2b: Kangaskhan|Kangaskhan|Kangaskhanite
|move|p1b: Incineroar|Flare Blitz|p2a: Gholdengo
|-supereffective|p2a: Gholdengo|1
|-damage|p2a: Gholdengo|9/100
|-damage|p1b: Incineroar|63/100|[from] Recoil
|move|p2a: Gholdengo|Make It Rain|p1b: Incineroar|[spread] p1a,p1b
|-resisted|p1b: Incineroar|1
|-damage|p1a: Sinistcha|74/100
|-damage|p1b: Incineroar|52/100
|-unboost|p2a: Gholdengo|spa|2
|move|p2b: Kangaskhan|Hammer Arm|p1b: Incineroar
|-supereffective|p1b: Incineroar|1
|-damage|p1b: Incineroar|0 fnt
|-unboost|p2b: Kangaskhan|spe|1
|faint|p1b: Incineroar
|
|upkeep
|
|t:|1783801410
|switch|p1b: Sneasler|Sneasler, L50, M|100/100
|turn|4
|
|t:|1783801429
|switch|p2a: Aerodactyl|Aerodactyl, L50, F|100/100
|move|p1b: Sneasler|Fake Out|p2b: Kangaskhan
|-damage|p2b: Kangaskhan|88/100
|cant|p2b: Kangaskhan|flinch
|move|p1a: Sinistcha|Matcha Gotcha|p2b: Kangaskhan|[spread] p2a,p2b
|-damage|p2a: Aerodactyl|63/100
|-heal|p1a: Sinistcha|90/100|[from] drain|[of] p2a: Aerodactyl
|-damage|p2b: Kangaskhan|69/100
|-heal|p1a: Sinistcha|100/100|[from] drain|[of] p2b: Kangaskhan
|
|upkeep
|turn|5
|
|t:|1783801450
|move|p2a: Aerodactyl|Protect|p2a: Aerodactyl
|-singleturn|p2a: Aerodactyl|Protect
|move|p1a: Sinistcha|Rage Powder|p1a: Sinistcha
|-singleturn|p1a: Sinistcha|move: Rage Powder
|move|p2b: Kangaskhan|Rock Slide|p1a: Sinistcha|[spread] p1a,p1b
|-resisted|p1b: Sneasler|1
|-damage|p1a: Sinistcha|83/100
|-damage|p1b: Sneasler|81/100
|cant|p1b: Sneasler|flinch
|
|-fieldend|move: Trick Room
|upkeep
|turn|6
|
|t:|1783801464
|move|p1a: Sinistcha|Rage Powder|p1a: Sinistcha
|-singleturn|p1a: Sinistcha|move: Rage Powder
|move|p2a: Aerodactyl|Tailwind|p2a: Aerodactyl
|-sidestart|p2: Maranineisfake|move: Tailwind
|move|p1b: Sneasler|Close Combat|p2b: Kangaskhan
|-supereffective|p2b: Kangaskhan|1
|-damage|p2b: Kangaskhan|0 fnt
|-unboost|p1b: Sneasler|def|1
|-unboost|p1b: Sneasler|spd|1
|faint|p2b: Kangaskhan
|
|upkeep
|
|t:|1783801472
|switch|p2b: Gholdengo|Gholdengo, L50|9/100
|turn|7
|
|t:|1783801482
|move|p2a: Aerodactyl|Dual Wingbeat|p1b: Sneasler
|-supereffective|p1b: Sneasler|1
|-damage|p1b: Sneasler|0 fnt
|faint|p1b: Sneasler
|-hitcount|p1: Sneasler|1
|move|p2b: Gholdengo|Shadow Ball|p1a: Sinistcha
|-supereffective|p1a: Sinistcha|1
|-enditem|p1a: Sinistcha|Kasib Berry|[eat]
|-enditem|p1a: Sinistcha|Kasib Berry|[weaken]
|-damage|p1a: Sinistcha|38/100
|move|p1a: Sinistcha|Matcha Gotcha|p2a: Aerodactyl|[spread] p2a,p2b
|-resisted|p2b: Gholdengo|1
|-damage|p2a: Aerodactyl|28/100
|-heal|p1a: Sinistcha|54/100|[from] drain|[of] p2a: Aerodactyl
|-damage|p2b: Gholdengo|0 fnt
|-heal|p1a: Sinistcha|59/100|[from] drain|[of] p2b: Gholdengo
|faint|p2b: Gholdengo
|
|upkeep
|
|t:|1783801498
|switch|p1b: Blastoise|Blastoise-Mega, L50, M|8/100
|turn|8
|
|t:|1783801504
|move|p2a: Aerodactyl|Protect|p2a: Aerodactyl
|-singleturn|p2a: Aerodactyl|Protect
|move|p1b: Blastoise|Dark Pulse|p2a: Aerodactyl
|-activate|p2a: Aerodactyl|move: Protect
|move|p1a: Sinistcha|Matcha Gotcha|p2a: Aerodactyl
|-activate|p2a: Aerodactyl|move: Protect
|
|upkeep
|turn|9
|
|t:|1783801514
|move|p2a: Aerodactyl|Dual Wingbeat|p1a: Sinistcha
|-supereffective|p1a: Sinistcha|1
|-damage|p1a: Sinistcha|29/100
|-supereffective|p1a: Sinistcha|1
|-damage|p1a: Sinistcha|0 fnt
|faint|p1a: Sinistcha
|-hitcount|p1: Sinistcha|2
|move|p1b: Blastoise|Dark Pulse|p2a: Aerodactyl
|-damage|p2a: Aerodactyl|0 fnt
|faint|p2a: Aerodactyl
|
|win|themegaisiug
