|j|☆TheThunderstorm
|j|☆Leacenh
|html|TheThunderstormLeacenh    
|uhtml|bestof|Game 2 of a best-of-3
|t:|1786199671
|gametype|doubles
|player|p1|TheThunderstorm|102|1189
|player|p2|Leacenh|2|1139
|gen|9
|tier|[Gen 9 Champions] VGC 2026 Reg M-B (Bo3)
|rated|
|rule|Species Clause: Limit one of each Pokémon
|rule|Item Clause: Limit 1 of each item
|clearpoke
|poke|p1|Raichu, L50, F|
|poke|p1|Staraptor, L50, F|
|poke|p1|Arcanine-Hisui, L50, M|
|poke|p1|Farigiraf, L50, M|
|poke|p1|Sylveon, L50, F|
|poke|p1|Kingambit, L50, M|
|poke|p2|Metagross, L50|
|poke|p2|Whimsicott, L50, M|
|poke|p2|Basculegion, L50, M|
|poke|p2|Charizard, L50, F|
|poke|p2|Sylveon, L50, M|
|poke|p2|Garchomp, L50, M|
|teampreview|4
|showteam|p1|Raichu||RaichuniteY|LightningRod|ZapCannon,FocusBlast,FakeOut,Protect|Timid||F|||50|]Staraptor||Staraptite|Intimidate|CloseCombat,DualWingbeat,Tailwind,Protect|Jolly||F|||50|]Arcanine-Hisui||FocusSash|RockHead|FlareBlitz,HeadSmash,ExtremeSpeed,Protect|Jolly||M|||50|]Farigiraf||SitrusBerry|ArmorTail|Psychic,HelpingHand,TrickRoom,Protect|Calm||M|||50|]Sylveon||FairyFeather|Pixilate|HyperVoice,QuickAttack,HyperBeam,Detect|Modest||F|||50|]Kingambit||LifeOrb|Defiant|KowtowCleave,SuckerPunch,SwordsDance,Protect|Adamant||M|||50|
|showteam|p2|Metagross||Metagrossite|ClearBody|Protect,BulletPunch,PsychicFangs,BodyPress|Adamant|||||50|]Whimsicott||FocusSash|Prankster|Protect,Encore,Tailwind,Moonblast|Timid||M|||50|]Basculegion||LifeOrb|Adaptability|Protect,AquaJet,WaveCrash,LastRespects|Adamant||M|||50|]Charizard||CharizarditeY|Blaze|Protect,HeatWave,WeatherBall,SolarBeam|Modest||F|||50|]Sylveon||FairyFeather|Pixilate|Detect,Yawn,HyperVoice,QuickAttack|Modest||M|||50|]Garchomp||SitrusBerry|RoughSkin|Protect,DragonClaw,RockSlide,Earthquake|Adamant||M|||50|
|
|t:|1786199714
|teamsize|p1|4
|teamsize|p2|4
|start
|switch|p1a: Staraptor|Staraptor, L50, F|100/100
|switch|p1b: Arcanine|Arcanine-Hisui, L50, M|100/100
|switch|p2a: Whimsicott|Whimsicott, L50, M|100/100
|switch|p2b: Metagross|Metagross, L50|100/100
|-ability|p1a: Staraptor|Intimidate|boost
|-unboost|p2a: Whimsicott|atk|1
|-fail|p2b: Metagross|unboost|[from] ability: Clear Body|[of] p2b: Metagross
|turn|1
|
|t:|1786199739
|detailschange|p2b: Metagross|Metagross-Mega, L50
|-mega|p2b: Metagross|Metagross|Metagrossite
|move|p2a: Whimsicott|Tailwind|p2a: Whimsicott
|-sidestart|p2: Leacenh|move: Tailwind
|move|p2b: Metagross|Psychic Fangs|p1a: Staraptor
|-damage|p1a: Staraptor|3/100
|move|p1a: Staraptor|Tailwind|p1a: Staraptor
|-sidestart|p1: TheThunderstorm|move: Tailwind
|move|p1b: Arcanine|Flare Blitz|p2b: Metagross
|-supereffective|p2b: Metagross|1
|-damage|p2b: Metagross|15/100
|
|upkeep
|turn|2
|
|t:|1786199780
|detailschange|p1a: Staraptor|Staraptor-Mega, L50, F
|-mega|p1a: Staraptor|Staraptor|Staraptite
|move|p1a: Staraptor|Protect|p1a: Staraptor
|-singleturn|p1a: Staraptor|Protect
|move|p2a: Whimsicott|Moonblast|p1a: Staraptor
|-activate|p1a: Staraptor|move: Protect
|move|p2b: Metagross|Psychic Fangs|p1b: Arcanine
|-damage|p1b: Arcanine|12/100
|move|p1b: Arcanine|Flare Blitz|p2b: Metagross
|-supereffective|p2b: Metagross|1
|-damage|p2b: Metagross|0 fnt
|faint|p2b: Metagross
|
|upkeep
|
|t:|1786199803
|switch|p2b: Basculegion|Basculegion, L50, M|100/100
|turn|3
|
|t:|1786199864
|switch|p1a: Farigiraf|Farigiraf, L50, M|100/100
|move|p2b: Basculegion|Protect|p2b: Basculegion
|-singleturn|p2b: Basculegion|Protect
|move|p2a: Whimsicott|Moonblast|p1b: Arcanine
|-resisted|p1b: Arcanine|1
|-damage|p1b: Arcanine|0 fnt
|faint|p1b: Arcanine
|
|upkeep
|
|t:|1786199870
|switch|p1b: Sylveon|Sylveon, L50, F|100/100
|turn|4
|
|t:|1786199884
|move|p1b: Sylveon|Detect|p1b: Sylveon
|-singleturn|p1b: Sylveon|Protect
|move|p2a: Whimsicott|Moonblast|p1a: Farigiraf
|-damage|p1a: Farigiraf|71/100
|move|p2b: Basculegion|Wave Crash|p1a: Farigiraf
|-damage|p1a: Farigiraf|0 fnt
|faint|p1a: Farigiraf
|-damage|p2b: Basculegion|73/100|[from] Recoil
|-damage|p2b: Basculegion|63/100|[from] item: Life Orb
|
|-sideend|p2: Leacenh|move: Tailwind
|-sideend|p1: TheThunderstorm|move: Tailwind
|upkeep
|
|t:|1786199889
|switch|p1a: Staraptor|Staraptor-Mega, L50, F|3/100
|turn|5
|
|t:|1786199913
|move|p2a: Whimsicott|Tailwind|p2a: Whimsicott
|-sidestart|p2: Leacenh|move: Tailwind
|move|p2b: Basculegion|Wave Crash|p1b: Sylveon
|-damage|p1b: Sylveon|0 fnt
|faint|p1b: Sylveon
|-damage|p2b: Basculegion|33/100|[from] Recoil
|-damage|p2b: Basculegion|24/100|[from] item: Life Orb
|move|p1a: Staraptor|Dual Wingbeat|p2a: Whimsicott
|-supereffective|p2a: Whimsicott|1
|-damage|p2a: Whimsicott|41/100
|-supereffective|p2a: Whimsicott|1
|-damage|p2a: Whimsicott|0 fnt
|faint|p2a: Whimsicott
|-hitcount|p2: Whimsicott|2
|
|upkeep
|
|t:|1786199926
|switch|p2a: Sylveon|Sylveon, L50, M|100/100
|turn|6
|-message|TheThunderstorm forfeited.
|
|win|Leacenh
