|j|☆Onyak
|j|☆Quill86
|html|OnyakQuill86    
|uhtml|bestof|Game 2 of a best-of-3
|t:|1757646290
|gametype|doubles
|player|p1|Onyak|maid|1035
|player|p2|Quill86|lucas|1166
|gen|9
|tier|[Gen 9] VGC 2025 Reg H (Bo3)
|rated|
|rule|Species Clause: Limit one of each Pokémon
|rule|Item Clause: Limit 1 of each item
|clearpoke
|poke|p1|Malamar, L50, F|
|poke|p1|Sneasler, L50, M|
|poke|p1|Dragonite, L50, M|
|poke|p1|Ceruledge, L50, F|
|poke|p1|Electabuzz, L50, M|
|poke|p1|Rillaboom, L50, M|
|poke|p2|Incineroar, L50, F|
|poke|p2|Gholdengo, L50|
|poke|p2|Ursaluna-Bloodmoon, L50, M|
|poke|p2|Indeedee-F, L50, F|
|poke|p2|Gallade, L50, M|
|poke|p2|Torkoal, L50, F|
|teampreview|4
|showteam|p1|Malamar||SafetyGoggles|Contrary|Superpower,Protect,PsychoCut,BatonPass|||F|||50|,,,,,Fighting]Sneasler||GrassySeed|Unburden|FakeOut,DireClaw,Protect,CloseCombat|||M|||50|,,,,,Bug]Dragonite||LifeOrb|Multiscale|ExtremeSpeed,ScaleShot,Protect,Tailwind|||M|||50|,,,,,Normal]Ceruledge||FocusSash|FlashFire|BitterBlade,PhantomForce,ShadowSneak,SwordsDance|||F|||50|,,,,,Fire]Electabuzz||Eviolite|VitalSpirit|ThunderWave,Protect,FollowMe,Electroweb|||M|||50|,,,,,Ghost]Rillaboom||AssaultVest|GrassySurge|FakeOut,GrassyGlide,WoodHammer,DoubleEdge|||M|||50|,,,,,Flying
|showteam|p2|Incineroar||SafetyGoggles|Intimidate|FakeOut,FlareBlitz,KnockOff,PartingShot|||F|||50|,,,,,Ghost]Gholdengo||SitrusBerry|GoodasGold|MakeItRain,ShadowBall,NastyPlot,Protect||||||50|,,,,,Water]Ursaluna-Bloodmoon||LifeOrb|MindsEye|BloodMoon,HyperVoice,EarthPower,Protect|||M|||50|,,,,,Normal]Indeedee-F||PsychicSeed|PsychicSurge|FollowMe,TrickRoom,HelpingHand,DazzlingGleam|||F|||50|,,,,,Fairy]Gallade||ClearAmulet|Sharpness|SacredSword,PsychoCut,LeafBlade,TrickRoom|||M|||50|,,,,,Grass]Torkoal||Leftovers|Drought|Eruption,WeatherBall,Yawn,Protect|||F|||50|,,,,,Fire
|inactive|Battle timer is ON: inactive players will automatically lose when time's up. (requested by Quill86)
|
|t:|1757646309
|teamsize|p1|4
|teamsize|p2|4
|start
|switch|p1a: MEGAMIND|Malamar, L50, F|100/100
|switch|p1b: Roaring Knight|Ceruledge, L50, F, shiny|100/100
|switch|p2a: Indeedee|Indeedee-F, L50, F|100/100
|switch|p2b: Gallade|Gallade, L50, M|100/100
|-fieldstart|move: Psychic Terrain|[from] ability: Psychic Surge|[of] p2a: Indeedee
|-enditem|p2a: Indeedee|Psychic Seed
|-boost|p2a: Indeedee|spd|1|[from] item: Psychic Seed
|turn|1
|inactive|Onyak has 30 seconds left.
|
|t:|1757646335
|switch|p2b: Ursaluna|Ursaluna-Bloodmoon, L50, M|100/100
|move|p1b: Roaring Knight|Shadow Sneak|p2a: Indeedee
|-activate|p2a: Indeedee|move: Psychic Terrain
|move|p1a: MEGAMIND|Superpower|p2a: Indeedee
|-damage|p2a: Indeedee|72/100
|-boost|p1a: MEGAMIND|atk|1
|-boost|p1a: MEGAMIND|def|1
|move|p2a: Indeedee|Trick Room|p2a: Indeedee
|-fieldstart|move: Trick Room|[of] p2a: Indeedee
|
|upkeep
|turn|2
|
|t:|1757646349
|switch|p1b: DK|Rillaboom, L50, M, shiny|100/100
|-fieldstart|move: Grassy Terrain|[from] ability: Grassy Surge|[of] p1b: DK
|-terastallize|p2b: Ursaluna|Normal
|move|p2b: Ursaluna|Hyper Voice|p1a: MEGAMIND|[spread] p1a,p1b
|-damage|p1a: MEGAMIND|28/100
|-damage|p1b: DK|49/100
|-damage|p2b: Ursaluna|90/100|[from] item: Life Orb
|move|p2a: Indeedee|Dazzling Gleam|p1b: DK|[spread] p1a,p1b
|-supereffective|p1a: MEGAMIND
|-damage|p1a: MEGAMIND|0 fnt
|-damage|p1b: DK|40/100
|faint|p1a: MEGAMIND
|
|-heal|p2b: Ursaluna|96/100|[from] Grassy Terrain
|-heal|p2a: Indeedee|78/100|[from] Grassy Terrain
|-heal|p1b: DK|46/100|[from] Grassy Terrain
|upkeep
|
|t:|1757646365
|switch|p1a: Vegeta|Sneasler, L50, M, shiny|100/100
|-enditem|p1a: Vegeta|Grassy Seed
|-boost|p1a: Vegeta|def|1|[from] item: Grassy Seed
|turn|3
|
|t:|1757646375
|switch|p2a: Incineroar|Incineroar, L50, F|100/100
|-ability|p2a: Incineroar|Intimidate|boost
|-unboost|p1a: Vegeta|atk|1
|-unboost|p1b: DK|atk|1
|move|p2b: Ursaluna|Protect|p2b: Ursaluna
|-singleturn|p2b: Ursaluna|Protect
|move|p1b: DK|Fake Out|p2a: Incineroar
|-damage|p2a: Incineroar|94/100
|move|p1a: Vegeta|Close Combat|p2b: Ursaluna
|-activate|p2b: Ursaluna|move: Protect
|
|-heal|p2b: Ursaluna|100/100|[from] Grassy Terrain
|-heal|p2a: Incineroar|99/100|[from] Grassy Terrain
|-heal|p1b: DK|52/100|[from] Grassy Terrain
|upkeep
|turn|4
|inactive|Onyak has 30 seconds left.
|
|t:|1757646403
|-terastallize|p1b: DK|Flying
|move|p1a: Vegeta|Protect|p1a: Vegeta
|-singleturn|p1a: Vegeta|Protect
|move|p2b: Ursaluna|Hyper Voice|p1a: Vegeta|[spread] p1b
|-activate|p1a: Vegeta|move: Protect
|-damage|p1b: DK|4/100
|-damage|p2b: Ursaluna|90/100|[from] item: Life Orb
|move|p2a: Incineroar|Flare Blitz|p1b: DK
|-damage|p1b: DK|0 fnt
|faint|p1b: DK
|-damage|p2a: Incineroar|99/100|[from] Recoil
|
|-heal|p2b: Ursaluna|96/100|[from] Grassy Terrain
|-heal|p2a: Incineroar|100/100|[from] Grassy Terrain
|upkeep
|
|t:|1757646417
|switch|p1b: Roaring Knight|Ceruledge, L50, F, shiny|100/100
|turn|5
|
|t:|1757646438
|move|p2b: Ursaluna|Hyper Voice|p1b: Roaring Knight|[spread] p1a,p1b
|-damage|p1a: Vegeta|0 fnt
|-damage|p1b: Roaring Knight|22/100
|faint|p1a: Vegeta
|-damage|p2b: Ursaluna|86/100|[from] item: Life Orb
|move|p2a: Incineroar|Knock Off|p1b: Roaring Knight
|-supereffective|p1b: Roaring Knight
|-damage|p1b: Roaring Knight|0 fnt
|-enditem|p1b: Roaring Knight|Focus Sash|[from] move: Knock Off|[of] p2a: Incineroar
|faint|p1b: Roaring Knight
|
|win|Quill86
