|j|☆el ferfe
|j|☆bgf2
|html|el ferfebgf2    
|uhtml|bestof|Game 1 of a best-of-3
|t:|1782565348
|gametype|doubles
|player|p1|el ferfe|101|1155
|player|p2|bgf2|169|1040
|gen|9
|tier|[Gen 9 Champions] VGC 2026 Reg M-B (Bo3)
|rated|
|rule|Species Clause: Limit one of each Pokémon
|rule|Item Clause: Limit 1 of each item
|clearpoke
|poke|p1|Staraptor, L50, M, shiny|
|poke|p1|Grimmsnarl, L50, M, shiny|
|poke|p1|Garchomp, L50, F, shiny|
|poke|p1|Sinistcha-Masterpiece, L50, shiny|
|poke|p1|Charizard, L50, M|
|poke|p1|Whimsicott, L50, F|
|poke|p2|Charizard, L50, M|
|poke|p2|Garchomp, L50, F|
|poke|p2|Whimsicott, L50, M|
|poke|p2|Mawile, L50, F|
|poke|p2|Basculegion, L50, M|
|poke|p2|Farigiraf, L50, F|
|teampreview|4
|showteam|p1|Staraptor||Staraptite|Intimidate|BraveBird,Roost,CloseCombat,Protect|Modest||M|||50|]Grimmsnarl||LightClay|Prankster|FoulPlay,LightScreen,Reflect,PartingShot|Calm||M|||50|]Garchomp||ChoiceScarf|RoughSkin|RockTomb,Earthquake,DragonClaw,StompingTantrum|Jolly||F|||50|]Sinistcha-Masterpiece||SitrusBerry|Hospitality|StrengthSap,RagePowder,MatchaGotcha,Protect|Bold|||||50|]Charizard||CharizarditeY|Blaze|SolarBeam,WeatherBall,HeatWave,Protect|Timid||M|||50|]Whimsicott||FocusSash|Prankster|Moonblast,Charm,Protect,Tailwind|Modest||F|||50|
|showteam|p2|Charizard||CharizarditeY|Blaze|HeatCrash,WeatherBall,SolarBeam,Protect|Modest||M|||50|]Garchomp||LifeOrb|RoughSkin|DragonClaw,Earthquake,RockSlide,Protect|Jolly||F|||50|]Whimsicott||FocusSash|Prankster|Moonblast,Tailwind,Encore,Protect|Timid||M|||50|]Mawile||Mawilite|HyperCutter|PlayRough,BrickBreak,SuckerPunch,Protect|Adamant||F|||50|]Basculegion||MysticWater|Adaptability|WaveCrash,AquaJet,LastRespects,Protect|Adamant||M|||50|]Farigiraf||SitrusBerry|ArmorTail|Thunderbolt,TwinBeam,TrickRoom,HelpingHand|Bold||F|||50|
|inactive|Battle timer is ON: inactive players will automatically lose when time's up. (requested by el ferfe)
|inactive|el ferfe has 60 seconds left.
|inactive|bgf2 has 60 seconds left.
|inactive|bgf2 has 30 seconds left.
|inactive|bgf2 has 20 seconds left.
|inactive|bgf2 has 15 seconds left.
|
|t:|1782565428
|teamsize|p1|4
|teamsize|p2|4
|start
|switch|p1a: Charizard|Charizard, L50, M|100/100
|switch|p1b: Grimmsnarl|Grimmsnarl, L50, M, shiny|100/100
|switch|p2a: Whimsicott|Whimsicott, L50, M|100/100
|switch|p2b: Charizard|Charizard, L50, M|100/100
|turn|1
|inactive|bgf2 has 30 seconds left.
|
|t:|1782565461
|detailschange|p1a: Charizard|Charizard-Mega-Y, L50, M
|-mega|p1a: Charizard|Charizard|Charizardite Y
|-weather|SunnyDay|[from] ability: Drought|[of] p1a: Charizard
|detailschange|p2b: Charizard|Charizard-Mega-Y, L50, M
|-mega|p2b: Charizard|Charizard|Charizardite Y
|move|p2a: Whimsicott|Tailwind|p2a: Whimsicott
|-sidestart|p2: bgf2|move: Tailwind
|move|p1b: Grimmsnarl|Light Screen|p1b: Grimmsnarl
|-sidestart|p1: el ferfe|move: Light Screen
|move|p2b: Charizard|Weather Ball|p1a: Charizard
|-resisted|p1a: Charizard|1
|-damage|p1a: Charizard|71/100
|move|p1a: Charizard|Heat Wave|p2a: Whimsicott|[spread] p2a,p2b
|-supereffective|p2a: Whimsicott|1
|-resisted|p2b: Charizard|1
|-enditem|p2a: Whimsicott|Focus Sash
|-damage|p2a: Whimsicott|1/100
|-damage|p2b: Charizard|72/100
|
|-weather|SunnyDay|[upkeep]
|upkeep
|turn|2
|
|t:|1782565485
|move|p2a: Whimsicott|Protect|p2a: Whimsicott
|-singleturn|p2a: Whimsicott|Protect
|move|p1b: Grimmsnarl|Parting Shot|p2b: Charizard
|-unboost|p2b: Charizard|atk|1
|-unboost|p2b: Charizard|spa|1
|
|t:|1782565492
|switch|p1b: Garchomp|Garchomp, L50, F, shiny|100/100|[from] Parting Shot
|move|p2b: Charizard|Weather Ball|p1a: Charizard
|-resisted|p1a: Charizard|1
|-damage|p1a: Charizard|53/100
|move|p1a: Charizard|Heat Wave|p2b: Charizard|[spread] p2b
|-activate|p2a: Whimsicott|move: Protect
|-resisted|p2b: Charizard|1
|-damage|p2b: Charizard|43/100
|
|-weather|SunnyDay|[upkeep]
|upkeep
|turn|3
|
|t:|1782565509
|switch|p2b: Basculegion|Basculegion, L50, M|100/100
|switch|p1b: Sinistcha|Sinistcha-Masterpiece, L50, shiny|100/100
|-heal|p1a: Charizard|77/100|[from] ability: Hospitality|[of] p1b: Sinistcha
|move|p2a: Whimsicott|Moonblast|p1b: Sinistcha
|-damage|p1b: Sinistcha|76/100
|move|p1a: Charizard|Heat Wave|p2b: Basculegion|[spread] p2a,p2b
|-supereffective|p2a: Whimsicott|1
|-resisted|p2b: Basculegion|1
|-damage|p2a: Whimsicott|0 fnt
|-damage|p2b: Basculegion|72/100
|faint|p2a: Whimsicott
|
|-weather|SunnyDay|[upkeep]
|upkeep
|
|t:|1782565515
|switch|p2a: Garchomp|Garchomp, L50, F|100/100
|turn|4
|inactive|el ferfe has 30 seconds left.
|inactive|el ferfe has 20 seconds left.
|
|t:|1782565553
|switch|p1b: Grimmsnarl|Grimmsnarl, L50, M, shiny|100/100
|move|p1a: Charizard|Protect|p1a: Charizard
|-singleturn|p1a: Charizard|Protect
|move|p2a: Garchomp|Rock Slide|p1b: Grimmsnarl|[spread] p1b
|-activate|p1a: Charizard|move: Protect
|-crit|p1b: Grimmsnarl
|-damage|p1b: Grimmsnarl|59/100
|-damage|p2a: Garchomp|90/100|[from] item: Life Orb
|move|p2b: Basculegion|Last Respects|p1b: Grimmsnarl
|-resisted|p1b: Grimmsnarl|1
|-damage|p1b: Grimmsnarl|25/100
|
|-weather|SunnyDay|[upkeep]
|-sideend|p2: bgf2|move: Tailwind
|upkeep
|turn|5
|
|t:|1782565576
|move|p2b: Basculegion|Protect|p2b: Basculegion
|-singleturn|p2b: Basculegion|Protect
|move|p1b: Grimmsnarl|Reflect|p1b: Grimmsnarl
|-sidestart|p1: el ferfe|Reflect
|move|p2a: Garchomp|Rock Slide|p1b: Grimmsnarl|[spread] p1a,p1b
|-supereffective|p1a: Charizard|2
|-damage|p1a: Charizard|0 fnt
|-damage|p1b: Grimmsnarl|6/100
|faint|p1a: Charizard
|-damage|p2a: Garchomp|80/100|[from] item: Life Orb
|
|-weather|none
|upkeep
|
|t:|1782565583
|switch|p1a: Garchomp|Garchomp, L50, F, shiny|100/100
|turn|6
|
|t:|1782565606
|move|p2b: Basculegion|Aqua Jet|p1b: Grimmsnarl
|-damage|p1b: Grimmsnarl|0 fnt
|faint|p1b: Grimmsnarl
|move|p1a: Garchomp|Rock Tomb|p2b: Basculegion
|-damage|p2b: Basculegion|49/100
|-unboost|p2b: Basculegion|spe|1
|move|p2a: Garchomp|Dragon Claw|p1a: Garchomp
|-supereffective|p1a: Garchomp|1
|-damage|p1a: Garchomp|25/100
|-damage|p2a: Garchomp|68/100|[from] ability: Rough Skin|[of] p1a: Garchomp
|-damage|p2a: Garchomp|58/100|[from] item: Life Orb
|
|upkeep
|
|t:|1782565613
|switch|p1b: Sinistcha|Sinistcha-Masterpiece, L50, shiny|76/100
|-heal|p1a: Garchomp|50/100g|[from] ability: Hospitality|[of] p1b: Sinistcha
|turn|7
|l|☆el ferfe
|inactive|el ferfe disconnected and has a minute to reconnect!
|player|p1|
|inactive|el ferfe has 30 seconds left.
|inactive|el ferfe has 20 seconds left.
|inactive|el ferfe has 15 seconds left.
|inactive|el ferfe has 10 seconds left.
|inactive|el ferfe has 5 seconds left.
|-message|el ferfe lost due to inactivity.
|
|win|bgf2
