|j|☆joguisolo
|j|☆Way2Manly
|html|joguisoloWay2Manly    
|uhtml|bestof|Game 1 of a best-of-3
|t:|1785088832
|gametype|doubles
|player|p1|joguisolo|koga|
|player|p2|Way2Manly|170|
|gen|9
|tier|[Gen 9 Champions] VGC 2026 Reg M-B (Bo3)
|rule|Species Clause: Limit one of each Pokémon
|rule|Item Clause: Limit 1 of each item
|clearpoke
|poke|p1|Oranguru, L50, F|
|poke|p1|Rhyperior, L50, F|
|poke|p1|Primarina, L50, M|
|poke|p1|Tyranitar, L50, F|
|poke|p1|Armarouge, L50, F|
|poke|p1|Gardevoir, L50, F|
|poke|p2|Tyranitar, L50, F|
|poke|p2|Metagross, L50|
|poke|p2|Talonflame, L50, M|
|poke|p2|Gyarados, L50, F|
|poke|p2|Crabominable, L50, M|
|poke|p2|Hawlucha, L50, M|
|teampreview|4
|showteam|p1|Oranguru||MentalHerb|Telepathy|TrickRoom,Instruct,Psychic,Protect|Sassy||F|||50|]Rhyperior||MuscleBand|SolidRock|RockSlide,HighHorsepower,IcePunch,Protect|Brave||F|||50|]Primarina||MysticWater|LiquidVoice|HyperVoice,Moonblast,EnergyBall,Protect|Quiet||M|||50|]Tyranitar||Tyranitarite|SandStream|RockSlide,KnockOff,LowKick,Protect|Brave||F|||50|]Armarouge||TwistedSpoon|FlashFire|ArmorCannon,Psychic,TrickRoom,Protect|Quiet||F|||50|]Gardevoir||Gardevoirite|Trace|HyperVoice,Psychic,Protect,MysticalFire|Quiet||F|||50|
|showteam|p2|Tyranitar||ExpertBelt|SandStream|KnockOff,ShadowClaw,Protect,IronTail|Adamant||F|||50|]Metagross||LifeOrb|ClearBody|Protect,BodySlam,IronHead,ShadowClaw|Jolly|||||50|]Talonflame||SharpBeak|GaleWings|Thief,Protect,Uturn,BraveBird|Jolly||M|||50|]Gyarados||SitrusBerry|Intimidate|Waterfall,Crunch,PowerWhip,Protect|Adamant||F|||50|]Crabominable||Crabominite|IronFist|KnockOff,DrainPunch,IronHead,Protect|Brave||M|||50|]Hawlucha||Hawluchanite|Limber|Lunge,Trailblaze,PoisonJab,Detect|Jolly||M|||50|
|j| PorygonTheBot
|c| PorygonTheBot|Porygon has digitized into the match... booting up... successfully calibrating stats!
|
|t:|1785088937
|teamsize|p1|4
|teamsize|p2|4
|start
|switch|p1a: Oranguru|Oranguru, L50, F|100/100
|switch|p1b: Primarina|Primarina, L50, M|100/100
|switch|p2a: Talonflame|Talonflame, L50, M|100/100
|switch|p2b: Cuki Cuki|Crabominable, L50, M|100/100
|turn|1
|
|t:|1785088985
|move|p1a: Oranguru|Protect|p1a: Oranguru
|-singleturn|p1a: Oranguru|Protect
|move|p2a: Talonflame|Thief|p1a: Oranguru
|-activate|p1a: Oranguru|move: Protect
|move|p1b: Primarina|Moonblast|p2b: Cuki Cuki
|-supereffective|p2b: Cuki Cuki|1
|-damage|p2b: Cuki Cuki|0 fnt
|faint|p2b: Cuki Cuki
|
|upkeep
|
|t:|1785088997
|switch|p2b: Tyranitar|Tyranitar, L50, F|100/100
|-weather|Sandstorm|[from] ability: Sand Stream|[of] p2b: Tyranitar
|turn|2
|
|t:|1785089024
|move|p2a: Talonflame|Thief|p1a: Oranguru
|-supereffective|p1a: Oranguru|1
|-damage|p1a: Oranguru|73/100
|move|p2b: Tyranitar|Iron Tail|p1b: Primarina
|-damage|p1b: Primarina|49/100
|-unboost|p1b: Primarina|def|1
|move|p1b: Primarina|Hyper Voice|p2b: Tyranitar|[spread] p2a,p2b
|-supereffective|p2a: Talonflame|1
|-crit|p2a: Talonflame
|-supereffective|p2b: Tyranitar|1
|-damage|p2a: Talonflame|0 fnt
|-damage|p2b: Tyranitar|37/100
|faint|p2a: Talonflame
|move|p1a: Oranguru|Trick Room|p1a: Oranguru
|-fieldstart|move: Trick Room|[of] p1a: Oranguru
|
|-weather|Sandstorm|[upkeep]
|-damage|p1b: Primarina|43/100|[from] Sandstorm
|-damage|p1a: Oranguru|67/100|[from] Sandstorm
|upkeep
|
|t:|1785089038
|switch|p2a: Gyarados|Gyarados, L50, F|100/100
|-ability|p2a: Gyarados|Intimidate|boost
|-unboost|p1a: Oranguru|atk|1
|-unboost|p1b: Primarina|atk|1
|turn|3
|
|t:|1785089081
|move|p1b: Primarina|Hyper Voice|p2b: Tyranitar|[spread] p2a,p2b
|-resisted|p2a: Gyarados|1
|-supereffective|p2b: Tyranitar|1
|-damage|p2a: Gyarados|77/100
|-damage|p2b: Tyranitar|0 fnt
|faint|p2b: Tyranitar
|move|p1a: Oranguru|Instruct|p1b: Primarina
|-singleturn|p1b: Primarina|move: Instruct|[of] p1a: Oranguru
|move|p1b: Primarina|Hyper Voice|p2a: Gyarados
|-resisted|p2a: Gyarados|1
|-damage|p2a: Gyarados|43/100
|-enditem|p2a: Gyarados|Sitrus Berry|[eat]
|-heal|p2a: Gyarados|68/100|[from] item: Sitrus Berry
|move|p2a: Gyarados|Power Whip|p1b: Primarina
|-supereffective|p1b: Primarina|1
|-damage|p1b: Primarina|0 fnt
|faint|p1b: Primarina
|
|-weather|Sandstorm|[upkeep]
|-damage|p1a: Oranguru|61/100|[from] Sandstorm
|-damage|p2a: Gyarados|62/100|[from] Sandstorm
|upkeep
|
|t:|1785089112
|switch|p1b: Gardevoir|Gardevoir, L50, F|100/100
|-ability|p1b: Gardevoir|Intimidate|Trace|[from] ability: Trace|[of] p2a: Gyarados
|-ability|p1b: Gardevoir|Intimidate|boost
|-unboost|p2a: Gyarados|atk|1
|turn|4
|
|t:|1785089129
|move|p1a: Oranguru|Instruct||[still]
|-fail|p1a: Oranguru
|move|p1b: Gardevoir|Hyper Voice|p2a: Gyarados
|-damage|p2a: Gyarados|25/100
|move|p2a: Gyarados|Crunch|p1b: Gardevoir
|-crit|p1b: Gardevoir
|-damage|p1b: Gardevoir|40/100
|-unboost|p1b: Gardevoir|def|1
|
|-weather|Sandstorm|[upkeep]
|-damage|p1a: Oranguru|55/100|[from] Sandstorm
|-damage|p1b: Gardevoir|34/100|[from] Sandstorm
|-damage|p2a: Gyarados|19/100|[from] Sandstorm
|upkeep
|turn|5
|
|t:|1785089148
|move|p1a: Oranguru|Instruct|p1b: Gardevoir
|-singleturn|p1b: Gardevoir|move: Instruct|[of] p1a: Oranguru
|move|p1b: Gardevoir|Hyper Voice|p2a: Gyarados
|-damage|p2a: Gyarados|0 fnt
|faint|p2a: Gyarados
|
|win|joguisolo
