|j|☆spyjus
|j|☆zephnix
|html|spyjuszephnix    
|uhtml|bestof|Game 3 of a best-of-3
|t:|1783620593
|gametype|doubles
|player|p1|spyjus|169|1024
|player|p2|zephnix|lucas-gen4pt|1051
|gen|9
|tier|[Gen 9 Champions] VGC 2026 Reg M-B (Bo3)
|rated|
|rule|Species Clause: Limit one of each Pokémon
|rule|Item Clause: Limit 1 of each item
|clearpoke
|poke|p1|Whimsicott, L50, M|
|poke|p1|Charizard, L50, M|
|poke|p1|Samurott-Hisui, L50, F|
|poke|p1|Scolipede, L50, F|
|poke|p1|Ditto, L50|
|poke|p1|Kingambit, L50, F|
|poke|p2|Scizor, L50, F, shiny|
|poke|p2|Umbreon, L50, F|
|poke|p2|Slowking-Galar, L50, F|
|poke|p2|Chesnaught, L50, F|
|poke|p2|Garchomp, L50, F|
|poke|p2|Basculegion, L50, M|
|teampreview|4
|showteam|p1|Whimsicott||FocusSash|Prankster|Tailwind,Encore,Taunt,DazzlingGleam|Bold||M|||50|]Charizard||CharizarditeX|SolarPower|DragonClaw,FlareBlitz,SwordsDance,ShadowClaw|Naive||M|||50|]Samurott-Hisui||ScopeLens|Sharpness|CeaselessEdge,AquaCutter,DrillRun,Detect|Jolly||F|||50|]Scolipede||Scolipite|SpeedBoost|GunkShot,LeechLife,SwordsDance,Protect|Adamant||F|||50|]Ditto||LifeOrb|Imposter|Transform|Bold|||||50|]Kingambit||BlackGlasses|Defiant|IronHead,SwordsDance,Protect,SuckerPunch|Adamant||F|||50|
|showteam|p2|Scizor||Scizorite|Technician|BulletPunch,CloseCombat,KnockOff,BugBite|Adamant||F|||50|]Umbreon||Leftovers|InnerFocus|FoulPlay,Toxic,Moonlight,Substitute|Calm||F|||50|]Slowking-Galar||SitrusBerry|Regenerator|SludgeBomb,Flamethrower,CalmMind,Protect|Serious||F|||50|]Chesnaught||Chesnaughtite|Bulletproof|WoodHammer,IronDefense,BodyPress,Synthesis|Impish||F|||50|]Garchomp||FocusSash|RoughSkin|DracoMeteor,StompingTantrum,RockSlide,StealthRock|Jolly||F|||50|]Basculegion||ChoiceScarf|Adaptability|LastRespects,WaveCrash,FlipTurn,AquaJet|Jolly||M|||50|
|inactive|Battle timer is ON: inactive players will automatically lose when time's up. (requested by spyjus)
|
|t:|1783620618
|teamsize|p1|4
|teamsize|p2|4
|start
|switch|p1a: Charizard|Charizard, L50, M|100/100
|switch|p1b: Whimsicott|Whimsicott, L50, M|100/100
|switch|p2a: Scizor|Scizor, L50, F, shiny|100/100
|switch|p2b: Garchomp|Garchomp, L50, F|100/100
|turn|1
|
|t:|1783620642
|detailschange|p1a: Charizard|Charizard-Mega-X, L50, M
|-mega|p1a: Charizard|Charizard|Charizardite X
|detailschange|p2a: Scizor|Scizor-Mega, L50, F, shiny
|-mega|p2a: Scizor|Scizor|Scizorite
|move|p1b: Whimsicott|Tailwind|p1b: Whimsicott
|-sidestart|p1: spyjus|move: Tailwind
|move|p2a: Scizor|Bullet Punch|p1b: Whimsicott
|-supereffective|p1b: Whimsicott|1
|-damage|p1b: Whimsicott|34/100
|move|p1a: Charizard|Flare Blitz|p2a: Scizor
|-supereffective|p2a: Scizor|2
|-damage|p2a: Scizor|0 fnt
|faint|p2a: Scizor
|-damage|p1a: Charizard|62/100|[from] Recoil
|move|p2b: Garchomp|Rock Slide|p1b: Whimsicott|[spread] p1a,p1b
|-supereffective|p1a: Charizard|1
|-damage|p1a: Charizard|21/100
|-damage|p1b: Whimsicott|16/100
|
|upkeep
|
|t:|1783620661
|switch|p2a: Basculegion|Basculegion, L50, M|100/100
|turn|2
|inactive|spyjus has 30 seconds left.
|
|t:|1783620687
|move|p1a: Charizard|Shadow Claw|p2a: Basculegion
|-supereffective|p2a: Basculegion|1
|-damage|p2a: Basculegion|23/100
|move|p1b: Whimsicott|Dazzling Gleam|p2a: Basculegion|[spread] p2a,p2b
|-supereffective|p2b: Garchomp|1
|-crit|p2b: Garchomp
|-damage|p2a: Basculegion|3/100
|-damage|p2b: Garchomp|40/100
|move|p2a: Basculegion|Flip Turn|p1b: Whimsicott
|-resisted|p1b: Whimsicott|1
|-damage|p1b: Whimsicott|0 fnt
|faint|p1b: Whimsicott
|
|t:|1783620698
|switch|p2a: Umbreon|Umbreon, L50, F|100/100|[from] Flip Turn
|move|p2b: Garchomp|Rock Slide|p1a: Charizard
|-supereffective|p1a: Charizard|1
|-damage|p1a: Charizard|0 fnt
|faint|p1a: Charizard
|
|upkeep
|
|t:|1783620712
|switch|p1a: Ditto|Ditto, L50|100/100
|switch|p1b: Samurott|Samurott-Hisui, L50, F|100/100
|-transform|p1a: Ditto|p2b: Garchomp|[from] ability: Imposter
|turn|3
|inactive|spyjus has 30 seconds left.
|inactive|zephnix has 30 seconds left.
|
|t:|1783620743
|move|p1a: Ditto|Draco Meteor|p2b: Garchomp
|-supereffective|p2b: Garchomp|1
|-damage|p2b: Garchomp|0 fnt
|-unboost|p1a: Ditto|spa|2
|faint|p2b: Garchomp
|-damage|p1a: Ditto|90/100|[from] item: Life Orb
|move|p1b: Samurott|Aqua Cutter|p2a: Umbreon
|-damage|p2a: Umbreon|66/100
|move|p2a: Umbreon|Foul Play|p1a: Ditto
|-damage|p1a: Ditto|31/100
|-damage|p2a: Umbreon|54/100|[from] ability: Rough Skin|[of] p1a: Ditto
|
|-heal|p2a: Umbreon|60/100|[from] item: Leftovers
|upkeep
|
|t:|1783620759
|switch|p2b: Basculegion|Basculegion, L50, M|3/100
|turn|4
|
|t:|1783620783
|move|p2b: Basculegion|Aqua Jet|p1a: Ditto
|-crit|p1a: Ditto
|-damage|p1a: Ditto|0 fnt
|-damage|p2b: Basculegion|0 fnt|[from] ability: Rough Skin|[of] p1a: Ditto
|faint|p1a: Ditto
|faint|p2b: Basculegion
|move|p1b: Samurott|Ceaseless Edge|p2a: Umbreon
|-resisted|p2a: Umbreon|1
|-damage|p2a: Umbreon|45/100
|-sidestart|p2: zephnix|Spikes
|move|p2a: Umbreon|Toxic|p1b: Samurott|[miss]
|-miss|p2a: Umbreon|p1b: Samurott
|
|-heal|p2a: Umbreon|51/100|[from] item: Leftovers
|-sideend|p1: spyjus|move: Tailwind
|upkeep
|turn|5
|
|t:|1783620799
|move|p1b: Samurott|Aqua Cutter|p2a: Umbreon
|-crit|p2a: Umbreon
|-damage|p2a: Umbreon|4/100
|move|p2a: Umbreon|Toxic|p1b: Samurott
|-status|p1b: Samurott|tox
|
|-heal|p2a: Umbreon|10/100|[from] item: Leftovers
|-damage|p1b: Samurott|94/100 tox|[from] psn
|upkeep
|turn|6
|
|t:|1783620808
|move|p1b: Samurott|Aqua Cutter|p2a: Umbreon
|-damage|p2a: Umbreon|0 fnt
|faint|p2a: Umbreon
|
|win|spyjus
|raw|spyjus's rating: 1024 → 1063(+39 for winning)
|raw|zephnix's rating: 1051 → 1032(-19 for losing)
|c|☆zephnix|Why do I keep missing
|l|☆spyjus
|player|p1|
