|j|☆ronansting
|j|☆Zero_BlazeVGC
|html|ronanstingZero_BlazeVGC    
|uhtml|bestof|Game 1 of a best-of-3
|t:|1756740949
|gametype|doubles
|player|p1|ronansting|baker|1391
|player|p2|Zero_BlazeVGC|flint|1267
|gen|9
|tier|[Gen 9] VGC 2025 Reg H (Bo3)
|rated|
|rule|Species Clause: Limit one of each Pokémon
|rule|Item Clause: Limit 1 of each item
|clearpoke
|poke|p1|Archaludon, L50, M|
|poke|p1|Pelipper, L50, M|
|poke|p1|Indeedee, L50, M|
|poke|p1|Amoonguss, L50, F|
|poke|p1|Basculegion, L50, M|
|poke|p1|Hydreigon, L50, M|
|poke|p2|Gholdengo, L50|
|poke|p2|Pelipper, L50, M|
|poke|p2|Basculegion, L50, M|
|poke|p2|Amoonguss, L50, F|
|poke|p2|Archaludon, L50, M|
|poke|p2|Incineroar, L50, M|
|teampreview|4
|showteam|p1|Archaludon||AssaultVest|Stamina|ElectroShot,DracoMeteor,BodyPress,FlashCannon|||M|||50|,,,,,Grass]Pelipper||FocusSash|Drizzle|WeatherBall,Hurricane,Tailwind,Protect|||M|||50|,,,,,Ghost]Indeedee||ChoiceScarf|PsychicSurge|ExpandingForce,TeraBlast,Trick,DazzlingGleam|||M|||50|,,,,,Ground]Amoonguss||SitrusBerry|Regenerator|Spore,SludgeBomb,Protect,RagePowder|||F|||50|,,,,,Water]Basculegion||ChoiceBand|SwiftSwim|FlipTurn,WaveCrash,LastRespects,AquaJet|||M|||50|,,,,,Poison]Hydreigon||CovertCloak|Levitate|Taunt,Snarl,DracoMeteor,EarthPower|||M|||50|,,,,,Fairy
|showteam|p2|Gholdengo||LifeOrb|GoodasGold|Protect,NastyPlot,MakeItRain,ShadowBall||||||50|,,,,,Water]Pelipper||FocusSash|Drizzle|Protect,Tailwind,MuddyWater,Hurricane|||M|||50|,,,,,Stellar]Basculegion||ChoiceBand|SwiftSwim|AquaJet,WaveCrash,FlipTurn,LastRespects|||M|||50|,,,,,Fairy]Amoonguss||SitrusBerry|Regenerator|PollenPuff,Spore,RagePowder,Protect|||F|||50|,,,,,Fairy]Archaludon||AssaultVest|Stamina|ElectroShot,Snarl,FlashCannon,BodyPress|||M|||50|,,,,,Bug]Incineroar||SafetyGoggles|Intimidate|FakeOut,KnockOff,PartingShot,Taunt|||M|||50|,,,,,Ghost
|inactive|Battle timer is ON: inactive players will automatically lose when time's up. (requested by ronansting)
|
|t:|1756741005
|teamsize|p1|4
|teamsize|p2|4
|start
|switch|p1a: Piedragon|Hydreigon, L50, M|100/100
|switch|p1b: Empire|Basculegion, L50, M|100/100
|switch|p2a: Metalman|Archaludon, L50, M|100/100
|switch|p2b: Benadryl|Amoonguss, L50, F|100/100
|turn|1
|inactive|ronansting has 30 seconds left.
|inactive|Zero_BlazeVGC has 30 seconds left.
|inactive|ronansting has 20 seconds left.
|inactive|Zero_BlazeVGC has 20 seconds left.
|inactive|ronansting has 15 seconds left.
|inactive|Zero_BlazeVGC has 15 seconds left.
|inactive|ronansting has 10 seconds left.
|inactive|Zero_BlazeVGC has 10 seconds left.
|
|t:|1756741054
|move|p2b: Benadryl|Protect|p2b: Benadryl
|-singleturn|p2b: Benadryl|Protect
|move|p1a: Piedragon|Taunt|p2b: Benadryl
|-activate|p2b: Benadryl|move: Protect
|move|p2a: Metalman|Electro Shot||[still]
|-prepare|p2a: Metalman|Electro Shot
|-boost|p2a: Metalman|spa|1
|move|p1b: Empire|Flip Turn|p2b: Benadryl
|-activate|p2b: Benadryl|move: Protect
|
|upkeep
|turn|2
|inactive|Zero_BlazeVGC has 30 seconds left.
|inactive|Zero_BlazeVGC has 20 seconds left.
|inactive|Zero_BlazeVGC has 15 seconds left.
|
|t:|1756741098
|move|p1a: Piedragon|Taunt|p2b: Benadryl
|-start|p2b: Benadryl|move: Taunt
|move|p2a: Metalman|Electro Shot|p1b: Empire|[from] lockedmove
|-supereffective|p1b: Empire
|-damage|p1b: Empire|0 fnt
|faint|p1b: Empire
|cant|p2b: Benadryl|move: Taunt|Spore
|
|upkeep
|
|t:|1756741105
|switch|p1b: Schmooner|Amoonguss, L50, F|100/100
|turn|3
|
|t:|1756741127
|switch|p2b: Incineroar|Incineroar, L50, M|100/100
|-ability|p2b: Incineroar|Intimidate|boost
|-unboost|p1a: Piedragon|atk|1
|-unboost|p1b: Schmooner|atk|1
|move|p1a: Piedragon|Snarl|p2b: Incineroar|[spread] p2a,p2b
|-resisted|p2b: Incineroar
|-damage|p2a: Metalman|85/100
|-damage|p2b: Incineroar|91/100
|-unboost|p2a: Metalman|spa|1
|-unboost|p2b: Incineroar|spa|1
|-ability|p2a: Metalman|Stamina|boost
|-boost|p2a: Metalman|def|1
|move|p2a: Metalman|Flash Cannon|p1b: Schmooner
|-damage|p1b: Schmooner|73/100
|move|p1b: Schmooner|Spore|p2a: Metalman
|-status|p2a: Metalman|slp|[from] move: Spore
|
|upkeep
|turn|4
|inactive|Zero_BlazeVGC has 30 seconds left.
|inactive|Zero_BlazeVGC has 20 seconds left.
|inactive|Zero_BlazeVGC has 15 seconds left.
|inactive|Zero_BlazeVGC has 10 seconds left.
|inactive|Zero_BlazeVGC has 5 seconds left.
|
|t:|1756741179
|move|p1a: Piedragon|Earth Power|p2a: Metalman
|-supereffective|p2a: Metalman
|-damage|p2a: Metalman|42/100 slp
|-ability|p2a: Metalman|Stamina|boost
|-boost|p2a: Metalman|def|1
|cant|p2a: Metalman|slp
|move|p2b: Incineroar|Knock Off|p1a: Piedragon
|-resisted|p1a: Piedragon
|-damage|p1a: Piedragon|81/100
|-enditem|p1a: Piedragon|Covert Cloak|[from] move: Knock Off|[of] p2b: Incineroar
|move|p1b: Schmooner|Sludge Bomb|p2b: Incineroar
|-damage|p2b: Incineroar|64/100
|
|upkeep
|turn|5
|inactive|ronansting has 30 seconds left.
|inactive|Zero_BlazeVGC has 30 seconds left.
|inactive|Zero_BlazeVGC has 20 seconds left.
|
|t:|1756741216
|-terastallize|p2a: Metalman|Bug
|move|p1a: Piedragon|Draco Meteor|p2a: Metalman
|-damage|p2a: Metalman|0 fnt
|-unboost|p1a: Piedragon|spa|2
|faint|p2a: Metalman
|move|p2b: Incineroar|Taunt|p1b: Schmooner
|-start|p1b: Schmooner|move: Taunt
|move|p1b: Schmooner|Sludge Bomb|p2b: Incineroar
|-damage|p2b: Incineroar|39/100
|
|upkeep
|
|t:|1756741223
|switch|p2a: Omega|Gholdengo, L50|100/100
|turn|6
|
|t:|1756741239
|switch|p1b: Arching|Archaludon, L50, M|100/100
|move|p2a: Omega|Protect|p2a: Omega
|-singleturn|p2a: Omega|Protect
|move|p1a: Piedragon|Snarl|p2a: Omega|[spread] p2b
|-activate|p2a: Omega|move: Protect
|-resisted|p2b: Incineroar
|-damage|p2b: Incineroar|35/100
|-unboost|p2b: Incineroar|spa|1
|move|p2b: Incineroar|Parting Shot|p1a: Piedragon
|-unboost|p1a: Piedragon|atk|1
|-unboost|p1a: Piedragon|spa|1
|
|t:|1756741257
|switch|p2b: Benadryl|Amoonguss, L50, F|100/100|[from] Parting Shot
|
|upkeep
|turn|7
|
|t:|1756741283
|switch|p1a: Schmooner|Amoonguss, L50, F|100/100
|move|p2a: Omega|Nasty Plot|p2a: Omega
|-boost|p2a: Omega|spa|2
|move|p1b: Arching|Flash Cannon|p2b: Benadryl
|-damage|p2b: Benadryl|73/100
|move|p2b: Benadryl|Spore|p1a: Schmooner
|-immune|p1a: Schmooner
|
|upkeep
|turn|8
|inactive|Zero_BlazeVGC has 30 seconds left.
|inactive|Zero_BlazeVGC has 20 seconds left.
|
|t:|1756741322
|-terastallize|p1b: Arching|Grass
|move|p2a: Omega|Nasty Plot|p2a: Omega
|-boost|p2a: Omega|spa|2
|move|p1b: Arching|Flash Cannon|p2b: Benadryl
|-damage|p2b: Benadryl|43/100
|-enditem|p2b: Benadryl|Sitrus Berry|[eat]
|-heal|p2b: Benadryl|68/100|[from] item: Sitrus Berry
|move|p2b: Benadryl|Spore|p1b: Arching
|-immune|p1b: Arching
|move|p1a: Schmooner|Sludge Bomb|p2b: Benadryl
|-damage|p2b: Benadryl|46/100
|
|upkeep
|turn|9
|inactive|Zero_BlazeVGC has 30 seconds left.
|
|t:|1756741349
|move|p2b: Benadryl|Protect|p2b: Benadryl
|-singleturn|p2b: Benadryl|Protect
|move|p1a: Schmooner|Protect|p1a: Schmooner
|-singleturn|p1a: Schmooner|Protect
|move|p2a: Omega|Make It Rain|p1b: Arching|[spread] p1b
|-activate|p1a: Schmooner|move: Protect
|-damage|p1b: Arching|0 fnt
|-unboost|p2a: Omega|spa|1
|faint|p1b: Arching
|-damage|p2a: Omega|91/100|[from] item: Life Orb
|
|upkeep
|
|t:|1756741353
|switch|p1b: Piedragon|Hydreigon, L50, M|81/100
|turn|10
|
|t:|1756741364
|move|p2b: Benadryl|Rage Powder|p2b: Benadryl
|-singleturn|p2b: Benadryl|move: Rage Powder
|move|p1b: Piedragon|Snarl|p2b: Benadryl|[spread] p2a,p2b
|-supereffective|p2a: Omega
|-damage|p2a: Omega|43/100
|-damage|p2b: Benadryl|32/100
|-unboost|p2a: Omega|spa|1
|-unboost|p2b: Benadryl|spa|1
|move|p2a: Omega|Make It Rain|p1b: Piedragon|[spread] p1a,p1b
|-damage|p1a: Schmooner|3/100
|-damage|p1b: Piedragon|0 fnt
|-unboost|p2a: Omega|spa|1
|-enditem|p1a: Schmooner|Sitrus Berry|[eat]
|-heal|p1a: Schmooner|28/100|[from] item: Sitrus Berry
|faint|p1b: Piedragon
|-damage|p2a: Omega|33/100|[from] item: Life Orb
|move|p1a: Schmooner|Sludge Bomb|p2b: Benadryl
|-damage|p2b: Benadryl|8/100
|
|upkeep
|turn|11
|
|t:|1756741379
|switch|p2b: Incineroar|Incineroar, L50, M|35/100
|-ability|p2b: Incineroar|Intimidate|boost
|-unboost|p1a: Schmooner|atk|1
|move|p2a: Omega|Shadow Ball|p1a: Schmooner
|-damage|p1a: Schmooner|0 fnt
|faint|p1a: Schmooner
|-damage|p2a: Omega|23/100|[from] item: Life Orb
|
|win|Zero_BlazeVGC
||ronansting is ready for game 2.
|inactive|Zero_BlazeVGC has 30 seconds to confirm battle start!
|inactive|Zero_BlazeVGC has 20 seconds to confirm battle start!
||Zero_BlazeVGC is ready for game 2.
|uhtml|next|Next: Game 2 of 3
