|j|☆Beeetch
|j|☆SleepySilver07
|html|BeeetchSleepySilver07    
|uhtml|bestof|Game 1 of a best-of-3
|t:|1757099593
|gametype|doubles
|player|p1|Beeetch|beauty-gen4dp|1318
|player|p2|SleepySilver07|169|1215
|gen|9
|tier|[Gen 9] VGC 2025 Reg H (Bo3)
|rated|
|rule|Species Clause: Limit one of each Pokémon
|rule|Item Clause: Limit 1 of each item
|clearpoke
|poke|p1|Excadrill, L50, F|
|poke|p1|Tyranitar, L50, F|
|poke|p1|Sneasler, L50, F|
|poke|p1|Indeedee, L50, M|
|poke|p1|Corviknight, L50, M|
|poke|p1|Annihilape, L50, M|
|poke|p2|Ninetales-Alola, L50, M|
|poke|p2|Volcarona, L50, F|
|poke|p2|Rillaboom, L50, F|
|poke|p2|Incineroar, L50, M|
|poke|p2|Basculegion, L50, M|
|poke|p2|Dragonite, L50, M|
|teampreview|4
|showteam|p1|Excadrill||FocusSash|SandRush|IronHead,HighHorsepower,Earthquake,Protect|||F|||50|,,,,,Stellar]Tyranitar||AssaultVest|SandStream|RockSlide,KnockOff,TeraBlast,LowKick|||F|||50|,,,,,Flying]Sneasler||PsychicSeed|Unburden|DireClaw,CloseCombat,ThroatChop,Protect|||F|||50|,,,,,Dark]Indeedee||ChoiceScarf|PsychicSurge|ExpandingForce,TeraBlast,Protect,Trick|||M|||50|,,,,,Psychic]Corviknight||Leftovers|MirrorArmor|BraveBird,BulkUp,Roost,Tailwind|||M|||50|,,,,,Dragon]Annihilape||SafetyGoggles|Defiant|CloseCombat,FinalGambit,RageFist,Taunt|||M|||50|,,,,,Water
|showteam|p2|Ninetales-Alola||FocusSash|SnowWarning|Blizzard,IcyWind,Protect,AuroraVeil|||M|||50|,,,,,Ghost]Volcarona||CovertCloak|FlameBody|HeatWave,TeraBlast,Protect,QuiverDance|||F|||50|,,,,,Fairy]Rillaboom||MiracleSeed|GrassySurge|DrumBeating,GrassyGlide,Taunt,FakeOut|||F|||50|,,,,,Fire]Incineroar||MirrorHerb|Intimidate|FlareBlitz,KnockOff,FakeOut,PartingShot|||M|||50|,,,,,Ghost]Basculegion||ChoiceScarf|Adaptability|WaveCrash,LastRespects,FlipTurn,AquaJet|||M|||50|,,,,,Grass]Dragonite||LoadedDice|Multiscale|ScaleShot,ExtremeSpeed,Haze,Tailwind|||M|||50|,,,,,Steel
|inactive|Battle timer is ON: inactive players will automatically lose when time's up. (requested by SleepySilver07)
|inactive|Beeetch has 60 seconds left.
|
|t:|1757099692
|teamsize|p1|4
|teamsize|p2|4
|start
|switch|p1a: Annihilape|Annihilape, L50, M|100/100
|switch|p1b: Corviknight|Corviknight, L50, M|100/100
|switch|p2a: Dragonite|Dragonite, L50, M|100/100
|switch|p2b: Basculegion|Basculegion, L50, M|100/100
|turn|1
|inactive|Beeetch has 30 seconds left.
|
|t:|1757099723
|move|p2b: Basculegion|Wave Crash|p1a: Annihilape
|-damage|p1a: Annihilape|14/100
|-damage|p2b: Basculegion|71/100|[from] Recoil
|move|p1a: Annihilape|Rage Fist|p2b: Basculegion
|-supereffective|p2b: Basculegion
|-damage|p2b: Basculegion|0 fnt
|faint|p2b: Basculegion
|move|p2a: Dragonite|Scale Shot|p1a: Annihilape
|-damage|p1a: Annihilape|0 fnt
|faint|p1a: Annihilape
|-hitcount|p1: Annihilape|1
|-unboost|p2a: Dragonite|def|1
|-boost|p2a: Dragonite|spe|1
|move|p1b: Corviknight|Bulk Up|p1b: Corviknight
|-boost|p1b: Corviknight|atk|1
|-boost|p1b: Corviknight|def|1
|
|upkeep
|
|t:|1757099740
|switch|p1a: Indeedee|Indeedee, L50, M, shiny|100/100
|switch|p2b: Incineroar|Incineroar, L50, M|100/100
|-fieldstart|move: Psychic Terrain|[from] ability: Psychic Surge|[of] p1a: Indeedee
|-ability|p2b: Incineroar|Intimidate|boost
|-unboost|p1a: Indeedee|atk|1
|-ability|p1b: Corviknight|Mirror Armor
|-unboost|p2b: Incineroar|atk|1
|turn|2
|
|t:|1757099770
|switch|p1a: Tyranitar|Tyranitar, L50, F, shiny|100/100
|-weather|Sandstorm|[from] ability: Sand Stream|[of] p1a: Tyranitar
|-terastallize|p2a: Dragonite|Steel
|move|p2a: Dragonite|Haze|p2a: Dragonite
|-clearallboost
|move|p2b: Incineroar|Knock Off|p1a: Tyranitar
|-resisted|p1a: Tyranitar
|-damage|p1a: Tyranitar|84/100
|-enditem|p1a: Tyranitar|Assault Vest|[from] move: Knock Off|[of] p2b: Incineroar
|move|p1b: Corviknight|Brave Bird|p2a: Dragonite
|-resisted|p2a: Dragonite
|-damage|p2a: Dragonite|88/100
|-damage|p1b: Corviknight|97/100|[from] Recoil
|
|-weather|Sandstorm|[upkeep]
|-damage|p2b: Incineroar|95/100|[from] Sandstorm
|-heal|p1b: Corviknight|100/100|[from] item: Leftovers
|upkeep
|turn|3
|inactive|Beeetch has 30 seconds left.
|
|t:|1757099799
|switch|p2b: Rillaboom|Rillaboom, L50, F|100/100
|-fieldstart|move: Grassy Terrain|[from] ability: Grassy Surge|[of] p2b: Rillaboom
|move|p2a: Dragonite|Tailwind|p2a: Dragonite
|-sidestart|p2: SleepySilver07|move: Tailwind
|move|p1a: Tyranitar|Low Kick|p2a: Dragonite
|-supereffective|p2a: Dragonite
|-damage|p2a: Dragonite|0 fnt
|faint|p2a: Dragonite
|move|p1b: Corviknight|Brave Bird|p2b: Rillaboom
|-supereffective|p2b: Rillaboom
|-damage|p2b: Rillaboom|13/100
|-damage|p1b: Corviknight|72/100|[from] Recoil
|
|-weather|Sandstorm|[upkeep]
|-damage|p2b: Rillaboom|7/100|[from] Sandstorm
|-heal|p2b: Rillaboom|13/100|[from] Grassy Terrain
|-heal|p1a: Tyranitar|89/100|[from] Grassy Terrain
|-heal|p1b: Corviknight|78/100|[from] item: Leftovers
|upkeep
|
|t:|1757099803
|switch|p2a: Incineroar|Incineroar, L50, M|95/100
|-ability|p2a: Incineroar|Intimidate|boost
|-unboost|p1a: Tyranitar|atk|1
|-ability|p1b: Corviknight|Mirror Armor
|-unboost|p2a: Incineroar|atk|1
|turn|4
|
|t:|1757099819
|switch|p1a: Indeedee|Indeedee, L50, M, shiny|100/100
|-fieldstart|move: Psychic Terrain|[from] ability: Psychic Surge|[of] p1a: Indeedee
|move|p2b: Rillaboom|Drum Beating|p1a: Indeedee
|-damage|p1a: Indeedee|0 fnt
|faint|p1a: Indeedee
|move|p2a: Incineroar|Flare Blitz|p1b: Corviknight
|-supereffective|p1b: Corviknight
|-damage|p1b: Corviknight|24/100
|-damage|p2a: Incineroar|78/100|[from] Recoil
|move|p1b: Corviknight|Bulk Up|p1b: Corviknight
|-boost|p1b: Corviknight|atk|1
|-boost|p1b: Corviknight|def|1
|-enditem|p2a: Incineroar|Mirror Herb
|-boost|p2a: Incineroar|atk|1|[from] item: Mirror Herb
|-boost|p2a: Incineroar|def|1|[from] item: Mirror Herb
|
|-weather|Sandstorm|[upkeep]
|-damage|p2b: Rillaboom|7/100|[from] Sandstorm
|-damage|p2a: Incineroar|72/100|[from] Sandstorm
|-heal|p1b: Corviknight|31/100|[from] item: Leftovers
|upkeep
|
|t:|1757099837
|switch|p1a: Tyranitar|Tyranitar, L50, F, shiny|89/100
|turn|5
|
|t:|1757099844
|move|p2b: Rillaboom|Drum Beating|p1a: Tyranitar
|-supereffective|p1a: Tyranitar
|-damage|p1a: Tyranitar|0 fnt
|faint|p1a: Tyranitar
|move|p2a: Incineroar|Flare Blitz|p1b: Corviknight
|-supereffective|p1b: Corviknight
|-damage|p1b: Corviknight|0 fnt
|faint|p1b: Corviknight
|-damage|p2a: Incineroar|62/100|[from] Recoil
|
|win|SleepySilver07
||SleepySilver07 is ready for game 2.
