|j|☆dambro222
|j|☆redx50
|html|dambro222redx50    
|uhtml|bestof|Game 3 of a best-of-3
|t:|1755719523
|gametype|doubles
|player|p1|dambro222|ethan|1226
|player|p2|redx50|red|1161
|gen|9
|tier|[Gen 9] VGC 2025 Reg H (Bo3)
|rated|
|rule|Species Clause: Limit one of each Pokémon
|rule|Item Clause: Limit 1 of each item
|clearpoke
|poke|p1|Annihilape, L50, M|
|poke|p1|Rillaboom, L50, F|
|poke|p1|Incineroar, L50, M|
|poke|p1|Ursaluna-Bloodmoon, L50, M|
|poke|p1|Scyther, L50, M|
|poke|p1|Amoonguss, L50, F|
|poke|p2|Talonflame, L50, M|
|poke|p2|Farigiraf, L50, F|
|poke|p2|Ursaluna, L50, F|
|poke|p2|Empoleon, L50, M|
|poke|p2|Tinkaton, L50, F|
|poke|p2|Dragapult, L50, M|
|teampreview|4
|showteam|p1|Annihilape||Leftovers|Defiant|DrainPunch,RageFist,BulkUp,Protect|||M|||50|,,,,,Fire]Rillaboom||AssaultVest|GrassySurge|FakeOut,GrassyGlide,WoodHammer,Uturn|||F|||50|,,,,,Fire]Incineroar||SafetyGoggles|Intimidate|FakeOut,FlareBlitz,KnockOff,PartingShot|||M|||50|,,,,,Ghost]Ursaluna-Bloodmoon||LifeOrb|MindsEye|BloodMoon,HyperVoice,EarthPower,Protect|||M|||50|,,,,,Normal]Scyther||Eviolite|Technician|DualWingbeat,RainDance,Tailwind,Protect|||M|||50|,,,,,Water]Amoonguss||CovertCloak|Regenerator|PollenPuff,RagePowder,Spore,Protect|||F|||50|,,,,,Dark
|showteam|p2|Talonflame||SharpBeak|GaleWings|DualWingbeat,Tailwind,Uturn,Protect|||M|||50|,,,,,Ghost]Farigiraf||ThroatSpray|ArmorTail|HyperVoice,Psychic,Protect,TrickRoom|||F|||50|,,,,,Fairy]Ursaluna||FlameOrb|Guts|Facade,Protect,HeadlongRush,Earthquake|||F|||50|,,,,,Ghost]Empoleon||LifeOrb|Competitive|WaterPledge,FlashCannon,Protect,IceBeam|||M|||50|,,,,,Bug]Tinkaton||AssaultVest|MoldBreaker|FakeOut,PlayRough,Feint,GigatonHammer|||F|||50|,,,,,Grass]Dragapult||ChoiceSpecs|Infiltrator|ShadowBall,DracoMeteor,FireBlast,Thunderbolt|||M|||50|,,,,,Steel
|inactive|Battle timer is ON: inactive players will automatically lose when time's up. (requested by dambro222)
|inactive|redx50 has 60 seconds left.
|
|t:|1755719557
|teamsize|p1|4
|teamsize|p2|4
|start
|switch|p1a: Ursaluna|Ursaluna-Bloodmoon, L50, M|100/100
|switch|p1b: Rillaboom|Rillaboom, L50, F|100/100
|switch|p2a: Dragapult|Dragapult, L50, M|100/100
|switch|p2b: Farigiraf|Farigiraf, L50, F|100/100
|-fieldstart|move: Grassy Terrain|[from] ability: Grassy Surge|[of] p1b: Rillaboom
|turn|1
|inactive|dambro222 has 30 seconds left.
|
|t:|1755719589
|move|p1a: Ursaluna|Protect|p1a: Ursaluna
|-singleturn|p1a: Ursaluna|Protect
|move|p2a: Dragapult|Draco Meteor|p1a: Ursaluna
|-activate|p1a: Ursaluna|move: Protect
|move|p1b: Rillaboom|U-turn|p2b: Farigiraf
|-supereffective|p2b: Farigiraf
|-damage|p2b: Farigiraf|54/100
|
|t:|1755719599
|switch|p1b: Annihilape|Annihilape, L50, M|100/100|[from] U-turn
|move|p2b: Farigiraf|Hyper Voice|p1b: Annihilape|[spread] 
|-activate|p1a: Ursaluna|move: Protect
|-immune|p1b: Annihilape
|
|-heal|p2b: Farigiraf|60/100|[from] Grassy Terrain
|upkeep
|turn|2
|
|t:|1755719617
|switch|p2a: Ursaluna|Ursaluna, L50, F|100/100
|switch|p1a: Rillaboom|Rillaboom, L50, F|100/100
|-terastallize|p1b: Annihilape|Fire
|move|p1b: Annihilape|Bulk Up|p1b: Annihilape
|-boost|p1b: Annihilape|atk|1
|-boost|p1b: Annihilape|def|1
|move|p2b: Farigiraf|Trick Room|p2b: Farigiraf
|-fieldstart|move: Trick Room|[of] p2b: Farigiraf
|
|-heal|p2b: Farigiraf|67/100|[from] Grassy Terrain
|-status|p2a: Ursaluna|brn|[from] item: Flame Orb
|upkeep
|turn|3
|inactive|dambro222 has 30 seconds left.
|
|t:|1755719647
|-terastallize|p2a: Ursaluna|Ghost
|move|p2a: Ursaluna|Facade|p1a: Rillaboom
|-damage|p1a: Rillaboom|0 fnt
|faint|p1a: Rillaboom
|move|p2b: Farigiraf|Hyper Voice|p1b: Annihilape
|-damage|p1b: Annihilape|65/100
|-enditem|p2b: Farigiraf|Throat Spray
|-boost|p2b: Farigiraf|spa|1|[from] item: Throat Spray
|move|p1b: Annihilape|Drain Punch|p2a: Ursaluna
|-immune|p2a: Ursaluna
|
|-heal|p2b: Farigiraf|73/100|[from] Grassy Terrain
|-heal|p1b: Annihilape|72/100|[from] Grassy Terrain
|-heal|p1b: Annihilape|78/100|[from] item: Leftovers
|-damage|p2a: Ursaluna|95/100 brn|[from] brn
|upkeep
|
|t:|1755719652
|switch|p1a: Amoonguss|Amoonguss, L50, F|100/100
|turn|4
|
|t:|1755719675
|move|p2b: Farigiraf|Protect|p2b: Farigiraf
|-singleturn|p2b: Farigiraf|Protect
|move|p1b: Annihilape|Protect|p1b: Annihilape
|-singleturn|p1b: Annihilape|Protect
|move|p1a: Amoonguss|Spore|p2b: Farigiraf
|-activate|p2b: Farigiraf|move: Protect
|move|p2a: Ursaluna|Facade|p1a: Amoonguss
|-damage|p1a: Amoonguss|0 fnt
|faint|p1a: Amoonguss
|
|-heal|p2a: Ursaluna|100/100 brn|[from] Grassy Terrain
|-heal|p2b: Farigiraf|79/100|[from] Grassy Terrain
|-heal|p1b: Annihilape|84/100|[from] Grassy Terrain
|-heal|p1b: Annihilape|90/100|[from] item: Leftovers
|-damage|p2a: Ursaluna|95/100 brn|[from] brn
|upkeep
|c|☆dambro222|gg
|c|☆dambro222|outplayed
|
|t:|1755719692
|switch|p1a: Ursaluna|Ursaluna-Bloodmoon, L50, M|100/100
|turn|5
|
|t:|1755719713
|move|p1a: Ursaluna|Blood Moon|p2a: Ursaluna
|-damage|p2a: Ursaluna|0 fnt
|faint|p2a: Ursaluna
|-damage|p1a: Ursaluna|91/100|[from] item: Life Orb
|move|p2b: Farigiraf|Hyper Voice|p1a: Ursaluna|[spread] p1a,p1b
|-damage|p1a: Ursaluna|44/100
|-damage|p1b: Annihilape|57/100
|move|p1b: Annihilape|Rage Fist|p2b: Farigiraf
|-immune|p2b: Farigiraf
|
|-heal|p1a: Ursaluna|50/100|[from] Grassy Terrain
|-heal|p2b: Farigiraf|85/100|[from] Grassy Terrain
|-heal|p1b: Annihilape|63/100|[from] Grassy Terrain
|-heal|p1b: Annihilape|69/100|[from] item: Leftovers
|-fieldend|move: Grassy Terrain
|upkeep
|
|t:|1755719719
|switch|p2a: Talonflame|Talonflame, L50, M|100/100
|turn|6
|
|t:|1755719741
|move|p2a: Talonflame|Protect|p2a: Talonflame
|-singleturn|p2a: Talonflame|Protect
|move|p1a: Ursaluna|Hyper Voice|p2a: Talonflame|[spread] p2b
|-activate|p2a: Talonflame|move: Protect
|-damage|p2b: Farigiraf|31/100
|-damage|p1a: Ursaluna|41/100|[from] item: Life Orb
|move|p2b: Farigiraf|Psychic|p1b: Annihilape
|-damage|p1b: Annihilape|20/100
|move|p1b: Annihilape|Rage Fist|p2a: Talonflame
|-activate|p2a: Talonflame|move: Protect
|
|-heal|p1b: Annihilape|26/100|[from] item: Leftovers
|-fieldend|move: Trick Room
|upkeep
|turn|7
|inactive|dambro222 has 30 seconds left.
|
|t:|1755719769
|move|p1b: Annihilape|Protect|p1b: Annihilape
|-singleturn|p1b: Annihilape|Protect
|move|p2a: Talonflame|Tailwind|p2a: Talonflame
|-sidestart|p2: redx50|move: Tailwind
|move|p2b: Farigiraf|Hyper Voice|p1b: Annihilape|[spread] p1a
|-activate|p1b: Annihilape|move: Protect
|-damage|p1a: Ursaluna|0 fnt
|faint|p1a: Ursaluna
|
|-heal|p1b: Annihilape|33/100|[from] item: Leftovers
|upkeep
|turn|8
|
|t:|1755719783
|move|p2a: Talonflame|Dual Wingbeat|p1b: Annihilape
|-damage|p1b: Annihilape|19/100
|-damage|p1b: Annihilape|6/100
|-hitcount|p1b: Annihilape|2
|move|p2b: Farigiraf|Psychic|p1b: Annihilape
|-damage|p1b: Annihilape|0 fnt
|faint|p1b: Annihilape
|
|win|redx50
|raw|dambro222's rating: 1226 → 1196(-30 for losing)
|raw|redx50's rating: 1161 → 1191(+30 for winning)
