|j|☆toughlogvgc
|j|☆MsLn
|html|toughlogvgcMsLn    
|uhtml|bestof|Game 2 of a best-of-3
|t:|1784507579
|gametype|doubles
|player|p1|toughlogvgc|266|1194
|player|p2|MsLn|backpacker|1106
|gen|9
|tier|[Gen 9 Champions] VGC 2026 Reg M-B (Bo3)
|rated|
|rule|Species Clause: Limit one of each Pokémon
|rule|Item Clause: Limit 1 of each item
|clearpoke
|poke|p1|Charizard, L50, M|
|poke|p1|Garchomp, L50, M|
|poke|p1|Basculegion, L50, M|
|poke|p1|Whimsicott, L50, F|
|poke|p1|Kingambit, L50, F|
|poke|p1|Floette-Eternal, L50, F|
|poke|p2|Charizard, L50, F|
|poke|p2|Oranguru, L50, M|
|poke|p2|Torkoal, L50, F|
|poke|p2|Pelipper, L50, M|
|poke|p2|Mawile, L50, F|
|poke|p2|Sinistcha-Masterpiece, L50|
|teampreview|4
|showteam|p1|Charizard||CharizarditeY|Blaze|HeatWave,SolarBeam,Protect,WeatherBall|Modest||M|||50|]Garchomp||LifeOrb|RoughSkin|DragonClaw,Earthquake,RockSlide,Protect|Jolly||M|||50|]Basculegion||ChoiceScarf|Adaptability|WaveCrash,AquaJet,FlipTurn,LastRespects|Adamant||M|||50|]Whimsicott||FocusSash|Prankster|Moonblast,Tailwind,Protect,Encore|Timid||F|||50|]Kingambit||BlackGlasses|Defiant|IronHead,KowtowCleave,Protect,SuckerPunch|Adamant||F|||50|]Floette-Eternal||Floettite|FlowerVeil|Moonblast,LightofRuin,DazzlingGleam,Protect|Modest||F|||50|
|showteam|p2|Charizard||CharizarditeY|SolarPower|SolarBeam,WeatherBall,HeatWave,Protect|Modest||F|||50|]Oranguru||MentalHerb|InnerFocus|TrickRoom,AfterYou,Instruct,PsychicNoise|Sassy||M|||50|]Torkoal||Charcoal|Drought|Eruption,EarthPower,Protect,HeatWave|Quiet||F|||50|]Pelipper||FocusSash|Drizzle|Uturn,WeatherBall,Hurricane,WideGuard|Modest||M|||50|]Mawile||Mawilite|HyperCutter|Protect,PlayRough,SwordsDance,SuckerPunch|Adamant||F|||50|]Sinistcha-Masterpiece||Leftovers|Hospitality|TrickRoom,MatchaGotcha,Protect,RagePowder|Relaxed|||||50|
|inactive|Battle timer is ON: inactive players will automatically lose when time's up. (requested by MsLn)
|
|t:|1784507600
|teamsize|p1|4
|teamsize|p2|4
|start
|switch|p1a: Charizard|Charizard, L50, M|100/100
|switch|p1b: Garchomp|Garchomp, L50, M|100/100
|switch|p2a: Oranguru|Oranguru, L50, M|100/100
|switch|p2b: Mawile|Mawile, L50, F|100/100
|turn|1
|inactive|toughlogvgc has 30 seconds left.
|
|t:|1784507632
|switch|p2b: Pelipper|Pelipper, L50, M|100/100
|-weather|RainDance|[from] ability: Drizzle|[of] p2b: Pelipper
|detailschange|p1a: Charizard|Charizard-Mega-Y, L50, M
|-mega|p1a: Charizard|Charizard|Charizardite Y
|-weather|SunnyDay|[from] ability: Drought|[of] p1a: Charizard
|move|p1b: Garchomp|Protect|p1b: Garchomp
|-singleturn|p1b: Garchomp|Protect
|move|p1a: Charizard|Weather Ball|p2b: Pelipper
|-resisted|p2b: Pelipper|1
|-damage|p2b: Pelipper|38/100
|move|p2a: Oranguru|Trick Room|p2a: Oranguru
|-fieldstart|move: Trick Room|[of] p2a: Oranguru
|
|-weather|SunnyDay|[upkeep]
|upkeep
|turn|2
|inactive|MsLn has 30 seconds left.
|
|t:|1784507661
|move|p2a: Oranguru|Psychic Noise|p1a: Charizard
|-damage|p1a: Charizard|77/100
|-start|p1a: Charizard|move: Heal Block
|move|p2b: Pelipper|Weather Ball|p1a: Charizard
|-resisted|p1a: Charizard|1
|-damage|p1a: Charizard|57/100
|move|p1a: Charizard|Heat Wave|p2b: Pelipper|[spread] p2a
|-miss|p1a: Charizard|p2b: Pelipper
|-damage|p2a: Oranguru|55/100
|-status|p2a: Oranguru|brn
|move|p1b: Garchomp|Earthquake|p2a: Oranguru|[spread] p2a
|-immune|p1a: Charizard
|-immune|p2b: Pelipper
|-damage|p2a: Oranguru|13/100 brn
|-damage|p1b: Garchomp|90/100|[from] item: Life Orb
|
|-weather|SunnyDay|[upkeep]
|-damage|p2a: Oranguru|7/100 brn|[from] brn
|upkeep
|turn|3
|inactive|MsLn has 30 seconds left.
|
|t:|1784507693
|move|p1a: Charizard|Protect|p1a: Charizard
|-singleturn|p1a: Charizard|Protect
|move|p2b: Pelipper|Wide Guard|p2b: Pelipper
|-singleturn|p2b: Pelipper|Wide Guard
|move|p2a: Oranguru|Psychic Noise|p1a: Charizard
|-activate|p1a: Charizard|move: Protect
|move|p1b: Garchomp|Rock Slide|p2b: Pelipper|[spread] 
|-activate|p2a: Oranguru|move: Wide Guard
|-activate|p2b: Pelipper|move: Wide Guard
|
|-weather|SunnyDay|[upkeep]
|-damage|p2a: Oranguru|1/100 brn|[from] brn
|-end|p1a: Charizard|move: Heal Block
|upkeep
|turn|4
|inactive|toughlogvgc has 30 seconds left.
|inactive|MsLn has 30 seconds left.
|inactive|toughlogvgc has 20 seconds left.
|inactive|toughlogvgc has 15 seconds left.
|
|t:|1784507735
|switch|p1a: Kingambit|Kingambit, L50, F|100/100
|move|p2a: Oranguru|Psychic Noise|p1a: Kingambit
|-immune|p1a: Kingambit
|move|p2b: Pelipper|U-turn|p1a: Kingambit
|-damage|p1a: Kingambit|93/100
|
|t:|1784507744
|switch|p2b: Torkoal|Torkoal, L50, F|100/100|[from] U-turn
|move|p1b: Garchomp|Dragon Claw|p2b: Torkoal
|-damage|p2b: Torkoal|59/100
|-damage|p1b: Garchomp|80/100|[from] item: Life Orb
|
|-weather|SunnyDay|[upkeep]
|-damage|p2a: Oranguru|0 fnt|[from] brn
|faint|p2a: Oranguru
|upkeep
|
|t:|1784507758
|switch|p2a: Mawile|Mawile, L50, F|100/100
|turn|5
|
|t:|1784507774
|detailschange|p2a: Mawile|Mawile-Mega, L50, F
|-mega|p2a: Mawile|Mawile|Mawilite
|move|p1a: Kingambit|Protect|p1a: Kingambit
|-singleturn|p1a: Kingambit|Protect
|move|p1b: Garchomp|Protect|p1b: Garchomp
|-singleturn|p1b: Garchomp|Protect
|move|p2b: Torkoal|Heat Wave|p1b: Garchomp|[spread] 
|-activate|p1a: Kingambit|move: Protect
|-activate|p1b: Garchomp|move: Protect
|move|p2a: Mawile|Swords Dance|p2a: Mawile
|-boost|p2a: Mawile|atk|2
|
|-weather|none
|-fieldend|move: Trick Room
|upkeep
|turn|6
|
|t:|1784507796
|switch|p1a: Charizard|Charizard-Mega-Y, L50, M|57/100
|-weather|SunnyDay|[from] ability: Drought|[of] p1a: Charizard
|move|p2a: Mawile|Sucker Punch|p1b: Garchomp
|-damage|p1b: Garchomp|0 fnt
|-damage|p2a: Mawile|87/100|[from] ability: Rough Skin|[of] p1b: Garchomp
|faint|p1b: Garchomp
|move|p2b: Torkoal|Heat Wave|p1a: Charizard
|-resisted|p1a: Charizard|1
|-damage|p1a: Charizard|25/100
|
|-weather|SunnyDay|[upkeep]
|upkeep
|
|t:|1784507810
|switch|p1b: Kingambit|Kingambit, L50, F|93/100
|turn|7
|inactive|toughlogvgc has 30 seconds left.
|
|t:|1784507844
|move|p1a: Charizard|Protect|p1a: Charizard
|-singleturn|p1a: Charizard|Protect
|move|p2a: Mawile|Sucker Punch||[still]
|-fail|p2a: Mawile
|move|p1b: Kingambit|Kowtow Cleave|p2b: Torkoal
|-damage|p2b: Torkoal|16/100
|move|p2b: Torkoal|Heat Wave|p1b: Kingambit|[spread] p1b
|-activate|p1a: Charizard|move: Protect
|-supereffective|p1b: Kingambit|1
|-damage|p1b: Kingambit|0 fnt
|faint|p1b: Kingambit
|
|-weather|SunnyDay|[upkeep]
|upkeep
|
|t:|1784507856
|switch|p1b: Basculegion|Basculegion, L50, M|100/100
|turn|8
|inactive|toughlogvgc has 30 seconds left.
|
|t:|1784507884
|switch|p2b: Pelipper|Pelipper, L50, M|38/100
|-weather|RainDance|[from] ability: Drizzle|[of] p2b: Pelipper
|move|p2a: Mawile|Sucker Punch|p1b: Basculegion
|-supereffective|p1b: Basculegion|1
|-damage|p1b: Basculegion|0 fnt
|faint|p1b: Basculegion
|move|p1a: Charizard|Heat Wave|p2a: Mawile|[spread] p2a,p2b
|-supereffective|p2a: Mawile|1
|-resisted|p2b: Pelipper|1
|-damage|p2a: Mawile|42/100
|-damage|p2b: Pelipper|26/100
|
|-weather|RainDance|[upkeep]
|upkeep
|turn|9
|
|t:|1784507900
|move|p2b: Pelipper|Wide Guard|p2b: Pelipper
|-singleturn|p2b: Pelipper|Wide Guard
|move|p2a: Mawile|Sucker Punch|p1a: Charizard
|-damage|p1a: Charizard|0 fnt
|faint|p1a: Charizard
|
|win|MsLn
|l|☆MsLn
|player|p2|
||MsLn is ready for game 3.
||toughlogvgc is ready for game 3.
|uhtml|next|Next: Game 3 of 3
