|j|☆jicxy
|j|☆Mortipherus
|html|jicxyMortipherus    
|uhtml|bestof|Game 2 of a best-of-3
|t:|1784351860
|gametype|doubles
|player|p1|jicxy|dancer|1076
|player|p2|Mortipherus|biker-gen4|1000
|gen|9
|tier|[Gen 9 Champions] VGC 2026 Reg M-B (Bo3)
|rated|
|rule|Species Clause: Limit one of each Pokémon
|rule|Item Clause: Limit 1 of each item
|clearpoke
|poke|p1|Palafin, L50, F|
|poke|p1|Raichu, L50, M|
|poke|p1|Maushold-Four, L50|
|poke|p1|Annihilape, L50, M|
|poke|p1|Scovillain, L50, M|
|poke|p1|Archaludon, L50, F|
|poke|p2|Blastoise, L50, F|
|poke|p2|Talonflame, L50, F, shiny|
|poke|p2|Farigiraf, L50, F|
|poke|p2|Sinistcha, L50|
|poke|p2|Kingambit, L50, F|
|poke|p2|Garchomp, L50, M, shiny|
|teampreview|4
|showteam|p1|Palafin||LifeOrb|ZerotoHero|DrainPunch,FlipTurn,IcePunch,JetPunch|Adamant||F|||50|]Raichu||RaichuniteY|LightningRod|ZapCannon,FocusBlast,DazzlingGleam,Protect|Modest||M|||50|]Maushold-Four||SitrusBerry|FriendGuard|SuperFang,RainDance,FollowMe,HelpingHand|Jolly|||||50|]Annihilape||ExpertBelt|Defiant|BrickBreak,RageFist,PoisonJab,Protect|Jolly||M|||50|]Scovillain||Scovillainite|Moody|Protect,RagePowder,TemperFlare,GigaDrain|Brave||M|||50|]Archaludon||Leftovers|Stamina|ElectroShot,DragonPulse,FlashCannon,Protect|Modest||F|||50|
|showteam|p2|Blastoise||Blastoisinite|RainDish|Protect,WaterSpout,DarkPulse,IceBeam|Modest||F|||50|]Talonflame||LifeOrb|GaleWings|Protect,Tailwind,RainDance,DualWingbeat|Jolly||F|||50|]Farigiraf||ColburBerry|ArmorTail|Imprison,TrickRoom,HelpingHand,TwinBeam|Bold||F|||50|]Sinistcha||SitrusBerry|Hospitality|TrickRoom,RagePowder,MatchaGotcha,ShadowBall|Bold|||||50|]Kingambit||BlackGlasses|Defiant|Protect,SuckerPunch,KowtowCleave,IronHead|Adamant||F|||50|]Garchomp||Leftovers|RoughSkin|Protect,SwordsDance,DragonClaw,StompingTantrum|Adamant||M|||50|
|
|t:|1784351885
|teamsize|p1|4
|teamsize|p2|4
|start
|switch|p1a: Palafin|Palafin, L50, F|100/100
|switch|p1b: Maushold|Maushold-Four, L50|100/100
|switch|p2a: Garchomp|Garchomp, L50, M, shiny|100/100
|switch|p2b: Talonflame|Talonflame, L50, F, shiny|100/100
|turn|1
|
|t:|1784351913
|move|p1b: Maushold|Helping Hand|p1a: Palafin
|-singleturn|p1a: Palafin|Helping Hand|[of] p1b: Maushold
|move|p2b: Talonflame|Tailwind|p2b: Talonflame
|-sidestart|p2: Mortipherus|move: Tailwind
|move|p2a: Garchomp|Swords Dance|p2a: Garchomp
|-boost|p2a: Garchomp|atk|2
|move|p1a: Palafin|Ice Punch|p2a: Garchomp
|-supereffective|p2a: Garchomp|2
|-damage|p2a: Garchomp|0 fnt
|-damage|p1a: Palafin|87/100|[from] ability: Rough Skin|[of] p2a: Garchomp
|faint|p2a: Garchomp
|-damage|p1a: Palafin|78/100|[from] item: Life Orb
|
|upkeep
|
|t:|1784351926
|switch|p2a: Blastoise|Blastoise, L50, F|100/100
|turn|2
|
|t:|1784351934
|detailschange|p1a: Palafin|Palafin-Hero, L50, F
|switch|p1a: Scovillain|Scovillain, L50, M|100/100
|detailschange|p2a: Blastoise|Blastoise-Mega, L50, F
|-mega|p2a: Blastoise|Blastoise|Blastoisinite
|move|p2b: Talonflame|Rain Dance|p2b: Talonflame
|-weather|RainDance
|move|p2a: Blastoise|Water Spout|p1b: Maushold|[spread] p1a,p1b
|-damage|p1a: Scovillain|17/100
|-damage|p1b: Maushold|12/100
|-enditem|p1b: Maushold|Sitrus Berry|[eat]
|-heal|p1b: Maushold|37/100|[from] item: Sitrus Berry
|move|p1b: Maushold|Super Fang|p2a: Blastoise
|-damage|p2a: Blastoise|50/100y
|
|-weather|RainDance|[upkeep]
|-ability|p1a: Scovillain|Moody|boost
|-boost|p1a: Scovillain|atk|2
|-unboost|p1a: Scovillain|def|1
|upkeep
|turn|3
|
|t:|1784351974
|detailschange|p1a: Scovillain|Scovillain-Mega, L50, M
|-mega|p1a: Scovillain|Scovillain|Scovillainite
|move|p1a: Scovillain|Protect|p1a: Scovillain
|-singleturn|p1a: Scovillain|Protect
|move|p2b: Talonflame|Dual Wingbeat|p1a: Scovillain
|-activate|p1a: Scovillain|move: Protect
|move|p2a: Blastoise|Dark Pulse|p1b: Maushold
|-damage|p1b: Maushold|0 fnt
|faint|p1b: Maushold
|
|-weather|RainDance|[upkeep]
|upkeep
|
|t:|1784351985
|switch|p1b: Archaludon|Archaludon, L50, F|100/100
|turn|4
|
|t:|1784352026
|switch|p1a: Palafin|Palafin-Hero, L50, F|78/100
|-activate|p1a: Palafin|ability: Zero to Hero
|move|p2b: Talonflame|Dual Wingbeat|p1a: Palafin
|-damage|p1a: Palafin|60/100
|-damage|p1a: Palafin|43/100
|-hitcount|p1a: Palafin|2
|-damage|p2b: Talonflame|90/100|[from] item: Life Orb
|move|p2a: Blastoise|Dark Pulse|p1b: Archaludon
|-damage|p1b: Archaludon|38/100
|-ability|p1b: Archaludon|Stamina|boost
|-boost|p1b: Archaludon|def|1
|cant|p1b: Archaludon|flinch
|
|-weather|RainDance|[upkeep]
|-heal|p1b: Archaludon|44/100|[from] item: Leftovers
|-sideend|p2: Mortipherus|move: Tailwind
|upkeep
|turn|5
|
|t:|1784352058
|switch|p2b: Sinistcha|Sinistcha, L50|100/100
|-heal|p2a: Blastoise|75/100|[from] ability: Hospitality|[of] p2b: Sinistcha
|move|p1a: Palafin|Jet Punch|p2b: Sinistcha
|-resisted|p2b: Sinistcha|1
|-damage|p2b: Sinistcha|69/100
|-damage|p1a: Palafin|34/100|[from] item: Life Orb
|move|p1b: Archaludon|Electro Shot||[still]
|-prepare|p1b: Archaludon|Electro Shot
|-boost|p1b: Archaludon|spa|1
|-anim|p1b: Archaludon|Electro Shot|p2a: Blastoise
|-supereffective|p2a: Blastoise|1
|-damage|p2a: Blastoise|0 fnt
|faint|p2a: Blastoise
|
|-weather|RainDance|[upkeep]
|-heal|p1b: Archaludon|50/100g|[from] item: Leftovers
|upkeep
|
|t:|1784352073
|switch|p2a: Talonflame|Talonflame, L50, F, shiny|90/100
|turn|6
|
|t:|1784352083
|move|p2a: Talonflame|Protect|p2a: Talonflame
|-singleturn|p2a: Talonflame|Protect
|move|p1a: Palafin|Jet Punch|p2a: Talonflame
|-activate|p2a: Talonflame|move: Protect
|move|p1b: Archaludon|Electro Shot||[still]
|-prepare|p1b: Archaludon|Electro Shot
|-boost|p1b: Archaludon|spa|1
|-anim|p1b: Archaludon|Electro Shot|p2b: Sinistcha
|-resisted|p2b: Sinistcha|1
|-damage|p2b: Sinistcha|19/100
|-enditem|p2b: Sinistcha|Sitrus Berry|[eat]
|-heal|p2b: Sinistcha|43/100|[from] item: Sitrus Berry
|move|p2b: Sinistcha|Matcha Gotcha|p1a: Palafin|[spread] p1a,p1b
|-supereffective|p1a: Palafin|1
|-resisted|p1b: Archaludon|2
|-damage|p1a: Palafin|0 fnt
|-heal|p2b: Sinistcha|64/100|[from] drain|[of] p1a: Palafin
|-damage|p1b: Archaludon|41/100
|-heal|p2b: Sinistcha|68/100|[from] drain|[of] p1b: Archaludon
|-ability|p1b: Archaludon|Stamina|boost
|-boost|p1b: Archaludon|def|1
|faint|p1a: Palafin
|
|-weather|none
|-heal|p1b: Archaludon|47/100|[from] item: Leftovers
|upkeep
|
|t:|1784352106
|switch|p1a: Scovillain|Scovillain-Mega, L50, M|17/100
|turn|7
|
|t:|1784352147
|move|p1a: Scovillain|Protect|p1a: Scovillain
|-singleturn|p1a: Scovillain|Protect
|move|p2a: Talonflame|Dual Wingbeat|p1a: Scovillain
|-activate|p1a: Scovillain|move: Protect
|move|p1b: Archaludon|Dragon Pulse|p2a: Talonflame
|-damage|p2a: Talonflame|0 fnt
|faint|p2a: Talonflame
|move|p2b: Sinistcha|Shadow Ball|p1b: Archaludon
|-damage|p1b: Archaludon|0 fnt
|faint|p1b: Archaludon
|
|upkeep
|turn|8
|
|t:|1784352174
|move|p2b: Sinistcha|Shadow Ball|p1a: Scovillain
|-damage|p1a: Scovillain|0 fnt
|-status|p2b: Sinistcha|brn|[from] ability: Spicy Spray|[of] p1a: Scovillain
|faint|p1a: Scovillain
|
|win|Mortipherus
|raw|jicxy's rating: 1076 → 1050(-26 for losing)
|raw|Mortipherus's rating: 1000 → 1049(+49 for winning)
