|j|☆Osciris
|j|☆Bread2468
|html|OscirisBread2468    
|uhtml|bestof|Game 1 of a best-of-3
|t:|1757044644
|gametype|doubles
|player|p1|Osciris|169|1057
|player|p2|Bread2468|266|1115
|gen|9
|tier|[Gen 9] VGC 2025 Reg H (Bo3)
|rated|
|rule|Species Clause: Limit one of each Pokémon
|rule|Item Clause: Limit 1 of each item
|clearpoke
|poke|p1|Sneasler, L50, M|
|poke|p1|Indeedee, L50, M|
|poke|p1|Ursaluna-Bloodmoon, L50, M|
|poke|p1|Talonflame, L50, M|
|poke|p1|Electabuzz, L50, F|
|poke|p1|Incineroar, L50, F|
|poke|p2|Gholdengo, L50|
|poke|p2|Sneasler, L50, M|
|poke|p2|Incineroar, L50, M|
|poke|p2|Amoonguss, L50, M|
|poke|p2|Dragonite, L50, M|
|poke|p2|Ursaluna-Bloodmoon, L50, M|
|teampreview|4
|showteam|p1|Sneasler||PsychicSeed|Unburden|CloseCombat,DireClaw,ThroatChop,Protect|||M|||50|,,,,,Dark]Indeedee||FocusSash|PsychicSurge|ExpandingForce,TrickRoom,HelpingHand,Protect|||M|||50|,,,,,Psychic]Ursaluna-Bloodmoon||LifeOrb|MindsEye|BloodMoon,HyperVoice,EarthPower,Protect|||M|||50|,,,,,Normal]Talonflame||CovertCloak|GaleWings|FlareBlitz,DualWingbeat,WillOWisp,Tailwind|||M|||50|,,,,,Fairy]Electabuzz||Eviolite|VitalSpirit|Electroweb,FollowMe,Taunt,Protect|||F|||50|,,,,,Dragon]Incineroar||SafetyGoggles|Intimidate|FlareBlitz,KnockOff,PartingShot,FakeOut|||F|||50|,,,,,Ghost
|showteam|p2|Gholdengo||LifeOrb|GoodasGold|MakeItRain,ShadowBall,NastyPlot,Protect||||||50|,,,,,Water]Sneasler||FocusSash|PoisonTouch|ThroatChop,CloseCombat,DireClaw,Protect|||M|||50|,,,,,Stellar]Incineroar||SafetyGoggles|Intimidate|FakeOut,FlareBlitz,KnockOff,PartingShot|||M|||50|,,,,,Ghost]Amoonguss||SitrusBerry|Regenerator|Spore,RagePowder,SludgeBomb,Protect|||M|||50|,,,,,Psychic]Dragonite||LoadedDice|Multiscale|ScaleShot,Haze,Tailwind,Protect|||M|||50|,,,,,Fairy]Ursaluna-Bloodmoon||AssaultVest|MindsEye|HyperVoice,BloodMoon,EarthPower,VacuumWave|||M|||50|,,,,,Normal
|inactive|Battle timer is ON: inactive players will automatically lose when time's up. (requested by Bread2468)
|inactive|Osciris has 60 seconds left.
|inactive|Bread2468 has 60 seconds left.
|inactive|Bread2468 has 30 seconds left.
|
|t:|1757044709
|teamsize|p1|4
|teamsize|p2|4
|start
|switch|p1a: Sneasler|Sneasler, L50, M|100/100
|switch|p1b: Indeedee|Indeedee, L50, M|100/100
|switch|p2a: Dragonite|Dragonite, L50, M|100/100
|switch|p2b: Ursaluna|Ursaluna-Bloodmoon, L50, M|100/100
|-fieldstart|move: Psychic Terrain|[from] ability: Psychic Surge|[of] p1b: Indeedee
|-enditem|p1a: Sneasler|Psychic Seed
|-boost|p1a: Sneasler|spd|1|[from] item: Psychic Seed
|turn|1
|inactive|Osciris has 30 seconds left.
|inactive|Osciris has 20 seconds left.
|inactive|Bread2468 has 30 seconds left.
|inactive|Osciris has 15 seconds left.
|
|t:|1757044752
|switch|p2b: Incineroar|Incineroar, L50, M, shiny|100/100
|-ability|p2b: Incineroar|Intimidate|boost
|-unboost|p1a: Sneasler|atk|1
|-unboost|p1b: Indeedee|atk|1
|move|p1a: Sneasler|Dire Claw|p2a: Dragonite
|-damage|p2a: Dragonite|84/100
|move|p1b: Indeedee|Expanding Force|p2b: Incineroar|[spread] p2a
|-immune|p2b: Incineroar
|-damage|p2a: Dragonite|29/100
|move|p2a: Dragonite|Scale Shot|p1b: Indeedee
|-damage|p1b: Indeedee|72/100
|-damage|p1b: Indeedee|42/100
|-damage|p1b: Indeedee|12/100
|-damage|p1b: Indeedee|0 fnt
|faint|p1b: Indeedee
|-hitcount|p1: Indeedee|4
|-unboost|p2a: Dragonite|def|1
|-boost|p2a: Dragonite|spe|1
|
|upkeep
|inactive|Osciris has 30 seconds left.
|inactive|Osciris has 20 seconds left.
|
|t:|1757044788
|switch|p1b: Talonflame|Talonflame, L50, M|100/100
|turn|2
|inactive|Osciris has 30 seconds left.
|inactive|Osciris has 20 seconds left.
|inactive|Osciris has 15 seconds left.
|inactive|Osciris has 10 seconds left.
|
|t:|1757044837
|move|p2a: Dragonite|Protect|p2a: Dragonite
|-singleturn|p2a: Dragonite|Protect
|move|p1b: Talonflame|Tailwind|p1b: Talonflame
|-sidestart|p1: Osciris|move: Tailwind
|move|p1a: Sneasler|Close Combat|p2a: Dragonite
|-activate|p2a: Dragonite|move: Protect
|move|p2b: Incineroar|Parting Shot|p1b: Talonflame
|-unboost|p1b: Talonflame|atk|1
|-unboost|p1b: Talonflame|spa|1
|
|t:|1757044846
|switch|p2b: Gholdengo|Gholdengo, L50|100/100|[from] Parting Shot
|
|upkeep
|turn|3
|inactive|Osciris has 30 seconds left.
|inactive|Osciris has 20 seconds left.
|inactive|Osciris has 15 seconds left.
|inactive|Osciris has 10 seconds left.
|
|t:|1757044893
|switch|p2a: Incineroar|Incineroar, L50, M, shiny|100/100
|-ability|p2a: Incineroar|Intimidate|boost
|-unboost|p1a: Sneasler|atk|1
|-unboost|p1b: Talonflame|atk|1
|-terastallize|p1a: Sneasler|Dark
|-terastallize|p2b: Gholdengo|Water
|move|p1b: Talonflame|Dual Wingbeat|p2a: Incineroar
|-activate|p2a: Incineroar|move: Psychic Terrain
|move|p1a: Sneasler|Throat Chop|p2b: Gholdengo
|-damage|p2b: Gholdengo|75/100
|-start|p2b: Gholdengo|Throat Chop|[silent]
|move|p2b: Gholdengo|Nasty Plot|p2b: Gholdengo
|-boost|p2b: Gholdengo|spa|2
|
|upkeep
|turn|4
|inactive|Osciris has 30 seconds left.
|inactive|Osciris has 20 seconds left.
|inactive|Osciris has 15 seconds left.
|inactive|Osciris has 10 seconds left.
|
|t:|1757044942
|move|p1b: Talonflame|Dual Wingbeat|p2a: Incineroar
|-activate|p2a: Incineroar|move: Psychic Terrain
|move|p1a: Sneasler|Close Combat|p2b: Gholdengo
|-damage|p2b: Gholdengo|39/100
|-unboost|p1a: Sneasler|def|1
|-unboost|p1a: Sneasler|spd|1
|move|p2b: Gholdengo|Make It Rain|p1b: Talonflame|[spread] p1a,p1b
|-resisted|p1b: Talonflame
|-damage|p1a: Sneasler|0 fnt
|-damage|p1b: Talonflame|10/100
|-unboost|p2b: Gholdengo|spa|1
|faint|p1a: Sneasler
|-damage|p2b: Gholdengo|30/100|[from] item: Life Orb
|move|p2a: Incineroar|Parting Shot|p1b: Talonflame
|-unboost|p1b: Talonflame|atk|1
|-unboost|p1b: Talonflame|spa|1
|
|t:|1757044959
|switch|p2a: Dragonite|Dragonite, L50, M|29/100|[from] Parting Shot
|
|-end|p2b: Gholdengo|Throat Chop|[silent]
|upkeep
|
|t:|1757044969
|switch|p1a: Ursaluna|Ursaluna-Bloodmoon, L50, M|100/100
|turn|5
|inactive|Osciris has 30 seconds left.
|inactive|Osciris has 20 seconds left.
|inactive|Osciris has 15 seconds left.
|
|t:|1757045013
|move|p2b: Gholdengo|Protect|p2b: Gholdengo
|-singleturn|p2b: Gholdengo|Protect
|move|p1b: Talonflame|Tailwind||[still]
|-fail|p1b: Talonflame
|move|p1a: Ursaluna|Hyper Voice|p2a: Dragonite|[spread] p2a
|-activate|p2b: Gholdengo|move: Protect
|-damage|p2a: Dragonite|0 fnt
|faint|p2a: Dragonite
|-damage|p1a: Ursaluna|91/100|[from] item: Life Orb
|
|-sideend|p1: Osciris|move: Tailwind
|-fieldend|move: Psychic Terrain
|upkeep
|
|t:|1757045020
|switch|p2a: Incineroar|Incineroar, L50, M, shiny|100/100
|-ability|p2a: Incineroar|Intimidate|boost
|-unboost|p1a: Ursaluna|atk|1
|-unboost|p1b: Talonflame|atk|1
|turn|6
|inactive|Osciris has 30 seconds left.
|inactive|Osciris has 20 seconds left.
|inactive|Osciris has 15 seconds left.
|
|t:|1757045061
|move|p1a: Ursaluna|Protect|p1a: Ursaluna
|-singleturn|p1a: Ursaluna|Protect
|move|p2a: Incineroar|Fake Out|p1b: Talonflame
|-damage|p1b: Talonflame|0 fnt
|faint|p1b: Talonflame
|move|p2b: Gholdengo|Make It Rain|p1a: Ursaluna
|-activate|p1a: Ursaluna|move: Protect
|
|upkeep
|turn|7
|
|t:|1757045073
|move|p2b: Gholdengo|Make It Rain|p1a: Ursaluna
|-damage|p1a: Ursaluna|0 fnt
|-unboost|p2b: Gholdengo|spa|1
|faint|p1a: Ursaluna
|-damage|p2b: Gholdengo|20/100|[from] item: Life Orb
|
|win|Bread2468
|inactive|Osciris has 30 seconds to confirm battle start!
|inactive|Bread2468 has 30 seconds to confirm battle start!
||Bread2468 is ready for game 2.
|inactive|Osciris has 20 seconds to confirm battle start!
||Osciris is ready for game 2.
|uhtml|next|Next: Game 2 of 3
|l|☆Osciris
|player|p1|
