|j|☆IngeVGC
|j|☆buf47RIPMegaFlygon
|html|IngeVGCbuf47RIPMegaFlygon    
|uhtml|bestof|Game 1 of a best-of-3
|t:|1756418808
|gametype|doubles
|player|p1|IngeVGC|fisherman-gen4|1426
|player|p2|buf47RIPMegaFlygon|265|1360
|gen|9
|tier|[Gen 9] VGC 2025 Reg H (Bo3)
|rated|
|rule|Species Clause: Limit one of each Pokémon
|rule|Item Clause: Limit 1 of each item
|clearpoke
|poke|p1|Kingambit, L50, F|
|poke|p1|Rillaboom, L50, M|
|poke|p1|Electabuzz, L50, M|
|poke|p1|Volcarona, L50, F|
|poke|p1|Sneasler, L50, F|
|poke|p1|Dragonite, L50, F|
|poke|p2|Dondozo, L50, M|
|poke|p2|Tatsugiri, L50, F|
|poke|p2|Dragonite, L50, M|
|poke|p2|Annihilape, L50, F|
|poke|p2|Zoroark-Hisui, L50, M|
|poke|p2|Volcarona, L50, M|
|teampreview|4
|showteam|p1|Kingambit||BlackGlasses|Defiant|Protect,KowtowCleave,SuckerPunch,SwordsDance|||F|||50|,,,,,Dark]Rillaboom||AssaultVest|GrassySurge|WoodHammer,GrassyGlide,HighHorsepower,FakeOut|||M|||50|,,,,,Fire]Electabuzz||Eviolite|VitalSpirit|Protect,Thunderbolt,HelpingHand,FollowMe|||M|||50|,,,,,Ghost]Volcarona||CovertCloak|FlameBody|Protect,HeatWave,TeraBlast,QuiverDance|||F|||50|,,,,,Fairy]Sneasler||FocusSash|Unburden|CloseCombat,DireClaw,Coaching,FakeOut|||F|||50|,,,,,Stellar]Dragonite||LoadedDice|Multiscale|ScaleShot,Haze,ExtremeSpeed,Protect|||F|||50|,,,,,Fairy
|showteam|p2|Dondozo||Leftovers|Unaware|WaveCrash,Earthquake,OrderUp,Protect|||M|||50|,,,,,Grass]Tatsugiri||ChoiceScarf|Commander|DracoMeteor,MuddyWater,IcyWind,HelpingHand|||F|||50|,,,,,Steel]Dragonite||LoadedDice|Multiscale|ScaleShot,IronHead,Haze,Protect|||M|||50|,,,,,Fairy]Annihilape||SafetyGoggles|Defiant|CloseCombat,RageFist,Taunt,Protect|||F|||50|,,,,,Fire]Zoroark-Hisui||ChoiceSpecs|Illusion|HyperVoice,ShadowBall,Flamethrower,Trick|||M|||50|,,,,,Normal]Volcarona||SitrusBerry|FlameBody|HeatWave,StruggleBug,RagePowder,Tailwind|||M|||50|,,,,,Fairy
|
|t:|1756418841
|teamsize|p1|4
|teamsize|p2|4
|start
|switch|p1a: Nobunaga|Kingambit, L50, F, shiny|100/100
|switch|p1b: Snarf|Electabuzz, L50, M|100/100
|switch|p2a: Annihilape|Annihilape, L50, F, shiny|100/100
|switch|p2b: Volcarona|Volcarona, L50, M, shiny|100/100
|turn|1
|
|t:|1756418873
|-terastallize|p1a: Nobunaga|Dark
|move|p1b: Snarf|Helping Hand|p1a: Nobunaga
|-singleturn|p1a: Nobunaga|Helping Hand|[of] p1b: Snarf
|move|p2a: Annihilape|Taunt|p1b: Snarf
|-start|p1b: Snarf|move: Taunt
|move|p2b: Volcarona|Heat Wave|p1a: Nobunaga|[spread] p1b
|-miss|p2b: Volcarona|p1a: Nobunaga
|-damage|p1b: Snarf|75/100
|move|p1a: Nobunaga|Kowtow Cleave|p2b: Volcarona
|-crit|p2b: Volcarona
|-damage|p2b: Volcarona|0 fnt
|faint|p2b: Volcarona
|
|upkeep
|
|t:|1756418884
|switch|p2b: Dragonite|Dragonite, L50, M, shiny|100/100
|turn|2
|j| buf0722shito
|
|t:|1756418898
|move|p1a: Nobunaga|Protect|p1a: Nobunaga
|-singleturn|p1a: Nobunaga|Protect
|move|p2a: Annihilape|Close Combat|p1a: Nobunaga
|-activate|p1a: Nobunaga|move: Protect
|move|p1b: Snarf|Thunderbolt|p2b: Dragonite
|-damage|p2b: Dragonite|86/100
|move|p2b: Dragonite|Scale Shot|p1b: Snarf
|-damage|p1b: Snarf|63/100
|-damage|p1b: Snarf|51/100
|-damage|p1b: Snarf|40/100
|-damage|p1b: Snarf|29/100
|-hitcount|p1b: Snarf|4
|-unboost|p2b: Dragonite|def|1
|-boost|p2b: Dragonite|spe|1
|
|upkeep
|turn|3
|
|t:|1756418911
|move|p2b: Dragonite|Protect|p2b: Dragonite
|-singleturn|p2b: Dragonite|Protect
|move|p1a: Nobunaga|Sucker Punch|p2a: Annihilape
|-damage|p2a: Annihilape|33/100
|move|p2a: Annihilape|Close Combat|p1a: Nobunaga
|-supereffective|p1a: Nobunaga
|-damage|p1a: Nobunaga|19/100
|-unboost|p2a: Annihilape|def|1
|-unboost|p2a: Annihilape|spd|1
|move|p1b: Snarf|Thunderbolt|p2a: Annihilape
|-damage|p2a: Annihilape|0 fnt
|faint|p2a: Annihilape
|
|upkeep
|
|t:|1756418918
|switch|p2a: Dragonite|Dragonite, L50, M, shiny|100/100
|turn|4
|
|t:|1756418936
|-terastallize|p2a: Dragonite|Normal
|move|p2b: Dragonite|Protect|p2b: Dragonite
|-singleturn|p2b: Dragonite|Protect
|move|p1a: Nobunaga|Sucker Punch||[still]
|-fail|p1a: Nobunaga
|move|p2a: Dragonite|Hyper Voice|p1a: Nobunaga|[spread] p1a,p1b
|-damage|p1a: Nobunaga|0 fnt
|-damage|p1b: Snarf|0 fnt
|faint|p1a: Nobunaga
|faint|p1b: Snarf
|
|upkeep
|
|t:|1756418943
|switch|p1b: Vanessa|Sneasler, L50, F|100/100
|switch|p1a: Cassie|Dragonite, L50, F|100/100
|turn|5
|
|t:|1756418962
|move|p1b: Vanessa|Fake Out|p2b: Dragonite
|-damage|p2b: Dragonite|64/100
|move|p2a: Dragonite|Hyper Voice|p1b: Vanessa|[spread] p1a,p1b
|-damage|p1a: Cassie|65/100
|-damage|p1b: Vanessa|16/100
|cant|p2b: Dragonite|flinch
|move|p1a: Cassie|Scale Shot|p2b: Dragonite|[miss]
|-miss|p1a: Cassie|p2b: Dragonite
|
|upkeep
|turn|6
|
|t:|1756418975
|move|p1a: Cassie|Extreme Speed|p2b: Dragonite
|-damage|p2b: Dragonite|16/100
|move|p1b: Vanessa|Close Combat|p2a: Dragonite
|-supereffective|p2a: Dragonite
|-damage|p2a: Dragonite|0 fnt
|-unboost|p1b: Vanessa|def|1
|-unboost|p1b: Vanessa|spd|1
|replace|p2a: Surprise!|Zoroark-Hisui, L50, M, shiny
|-end|p2a: Surprise!|Illusion
|faint|p2a: Surprise!
|move|p2b: Dragonite|Scale Shot|p1a: Cassie
|-supereffective|p1a: Cassie
|-crit|p1a: Cassie
|-damage|p1a: Cassie|17/100
|-supereffective|p1a: Cassie
|-damage|p1a: Cassie|0 fnt
|faint|p1a: Cassie
|-hitcount|p1: Cassie|2
|-unboost|p2b: Dragonite|def|1
|-boost|p2b: Dragonite|spe|1
|
|upkeep
|turn|7
|
|t:|1756418989
|move|p2b: Dragonite|Iron Head|p1b: Vanessa
|-damage|p1b: Vanessa|0 fnt
|faint|p1b: Vanessa
|
|win|buf47RIPMegaFlygon
||buf47RIPMegaFlygon is ready for game 2.
|inactive|IngeVGC has 30 seconds to confirm battle start!
||IngeVGC is ready for game 2.
|uhtml|next|Next: Game 2 of 3
