|j|☆Olciax34
|j|☆macrameee
|html|Olciax34macrameee    
|uhtml|bestof|Game 1 of a best-of-3
|t:|1784930097
|gametype|doubles
|player|p1|Olciax34|clair|1333
|player|p2|macrameee|roark|1303
|gen|9
|tier|[Gen 9 Champions] VGC 2026 Reg M-B (Bo3)
|rated|
|rule|Species Clause: Limit one of each Pokémon
|rule|Item Clause: Limit 1 of each item
|clearpoke
|poke|p1|Charizard, L50, M|
|poke|p1|Whimsicott, L50, F|
|poke|p1|Garchomp, L50, M|
|poke|p1|Basculegion, L50, M|
|poke|p1|Sylveon, L50, M|
|poke|p1|Metagross, L50|
|poke|p2|Farigiraf, L50, F|
|poke|p2|Floette-Eternal, L50, F|
|poke|p2|Incineroar, L50, M, shiny|
|poke|p2|Conkeldurr, L50, M|
|poke|p2|Whimsicott, L50, F|
|poke|p2|Basculegion, L50, M|
|teampreview|4
|showteam|p1|Charizard||CharizarditeY|SolarPower|HeatWave,WeatherBall,SolarBeam,Protect|Modest||M|||50|]Whimsicott||FocusSash|Prankster|Moonblast,Tailwind,Encore,Protect|Timid||F|||50|]Garchomp||LifeOrb|RoughSkin|Earthquake,DragonClaw,RockSlide,Protect|Jolly||M|||50|]Basculegion||ChoiceScarf|Adaptability|WaveCrash,FlipTurn,LastRespects,AquaJet|Jolly||M|||50|]Sylveon||FairyFeather|Pixilate|HyperVoice,Yawn,HyperBeam,Protect|Modest||M|||50|]Metagross||Metagrossite|ClearBody|IronHead,PsychicFangs,BodyPress,Protect|Jolly|||||50|
|showteam|p2|Farigiraf||ColburBerry|ArmorTail|Protect,Thunderbolt,Psychic,TrickRoom|Quiet||F|||50|]Floette-Eternal||Floettite|FlowerVeil|Protect,Moonblast,DazzlingGleam,LightofRuin|Modest||F|||50|]Incineroar||SitrusBerry|Intimidate|FakeOut,FlareBlitz,PartingShot,DarkestLariat|Impish||M|||50|]Conkeldurr||LifeOrb|SheerForce|Protect,RockSlide,LowSweep,IcePunch|Brave||M|||50|]Whimsicott||FocusSash|Prankster|Protect,Tailwind,Moonblast,Encore|Modest||F|||50|]Basculegion||ChoiceScarf|Adaptability|AquaJet,WaveCrash,LastRespects,FlipTurn|Jolly||M|||50|
|inactive|Battle timer is ON: inactive players will automatically lose when time's up. (requested by Olciax34)
|inactive|Olciax34 has 60 seconds left.
|
|t:|1784930131
|teamsize|p1|4
|teamsize|p2|4
|start
|switch|p1a: Basculegion|Basculegion, L50, M|100/100
|switch|p1b: Whimsicott|Whimsicott, L50, F|100/100
|switch|p2a: Incineroar|Incineroar, L50, M, shiny|100/100
|switch|p2b: Farigiraf|Farigiraf, L50, F|100/100
|-ability|p2a: Incineroar|Intimidate|boost
|-unboost|p1a: Basculegion|atk|1
|-unboost|p1b: Whimsicott|atk|1
|turn|1
|
|t:|1784930148
|switch|p1b: Metagross|Metagross, L50|100/100
|move|p1a: Basculegion|Flip Turn|p2a: Incineroar
|-supereffective|p2a: Incineroar|1
|-damage|p2a: Incineroar|54/100
|
|t:|1784930153
|switch|p1a: Sylveon|Sylveon, L50, M|100/100|[from] Flip Turn
|move|p2a: Incineroar|Parting Shot|p1a: Sylveon
|-unboost|p1a: Sylveon|atk|1
|-unboost|p1a: Sylveon|spa|1
|
|t:|1784930159
|switch|p2a: Conkeldurr|Conkeldurr, L50, M|100/100|[from] Parting Shot
|move|p2b: Farigiraf|Trick Room|p2b: Farigiraf
|-fieldstart|move: Trick Room|[of] p2b: Farigiraf
|
|upkeep
|turn|2
|
|t:|1784930178
|move|p2a: Conkeldurr|Protect|p2a: Conkeldurr
|-singleturn|p2a: Conkeldurr|Protect
|move|p1b: Metagross|Protect|p1b: Metagross
|-singleturn|p1b: Metagross|Protect
|move|p2b: Farigiraf|Psychic|p1a: Sylveon
|-damage|p1a: Sylveon|69/100
|move|p1a: Sylveon|Hyper Beam|p2a: Conkeldurr
|-activate|p2a: Conkeldurr|move: Protect
|
|upkeep
|turn|3
|
|t:|1784930195
|detailschange|p1b: Metagross|Metagross-Mega, L50
|-mega|p1b: Metagross|Metagross|Metagrossite
|move|p2a: Conkeldurr|Rock Slide|p1a: Sylveon|[spread] p1b
|-miss|p2a: Conkeldurr|p1a: Sylveon
|-resisted|p1b: Metagross|1
|-damage|p1b: Metagross|85/100
|move|p2b: Farigiraf|Psychic|p1a: Sylveon
|-damage|p1a: Sylveon|38/100
|move|p1a: Sylveon|Hyper Beam|p2a: Conkeldurr
|-supereffective|p2a: Conkeldurr|1
|-damage|p2a: Conkeldurr|0 fnt
|-mustrecharge|p1a: Sylveon
|faint|p2a: Conkeldurr
|move|p1b: Metagross|Psychic Fangs|p2b: Farigiraf
|-resisted|p2b: Farigiraf|1
|-damage|p2b: Farigiraf|71/100
|
|upkeep
|
|t:|1784930209
|switch|p2a: Incineroar|Incineroar, L50, M, shiny|54/100
|-ability|p2a: Incineroar|Intimidate|boost
|-unboost|p1a: Sylveon|atk|1
|-unboost|p1b: Metagross|atk|1
|turn|4
|inactive|macrameee has 30 seconds left.
|inactive|macrameee has 20 seconds left.
|inactive|Olciax34 has 30 seconds left.
|
|t:|1784930250
|move|p2b: Farigiraf|Thunderbolt|p1b: Metagross
|-damage|p1b: Metagross|60/100
|cant|p1a: Sylveon|recharge
|move|p2a: Incineroar|Flare Blitz|p1a: Sylveon
|-damage|p1a: Sylveon|0 fnt
|faint|p1a: Sylveon
|-damage|p2a: Incineroar|43/100|[from] Recoil
|-enditem|p2a: Incineroar|Sitrus Berry|[eat]
|-heal|p2a: Incineroar|67/100|[from] item: Sitrus Berry
|move|p1b: Metagross|Body Press|p2a: Incineroar
|-supereffective|p2a: Incineroar|1
|-damage|p2a: Incineroar|14/100
|
|upkeep
|
|t:|1784930263
|switch|p1a: Whimsicott|Whimsicott, L50, F|100/100
|turn|5
|
|t:|1784930284
|move|p1b: Metagross|Protect|p1b: Metagross
|-singleturn|p1b: Metagross|Protect
|move|p2b: Farigiraf|Psychic|p1a: Whimsicott
|-damage|p1a: Whimsicott|33/100
|move|p2a: Incineroar|Parting Shot|p1b: Metagross
|-activate|p1b: Metagross|move: Protect
|move|p1a: Whimsicott|Moonblast|p2a: Incineroar
|-damage|p2a: Incineroar|0 fnt
|faint|p2a: Incineroar
|
|-fieldend|move: Trick Room
|upkeep
|
|t:|1784930292
|switch|p2a: Basculegion|Basculegion, L50, M|100/100
|turn|6
|inactive|Olciax34 has 30 seconds left.
|inactive|macrameee has 30 seconds left.
|inactive|Olciax34 has 20 seconds left.
|inactive|Olciax34 has 15 seconds left.
|inactive|Olciax34 has 10 seconds left.
|
|t:|1784930340
|move|p1a: Whimsicott|Protect|p1a: Whimsicott
|-singleturn|p1a: Whimsicott|Protect
|move|p2a: Basculegion|Last Respects|p1b: Metagross
|-supereffective|p1b: Metagross|1
|-damage|p1b: Metagross|0 fnt
|faint|p1b: Metagross
|move|p2b: Farigiraf|Trick Room|p2b: Farigiraf
|-fieldstart|move: Trick Room|[of] p2b: Farigiraf
|
|upkeep
|
|t:|1784930359
|switch|p1b: Basculegion|Basculegion, L50, M|100/100
|turn|7
|
|t:|1784930376
|move|p2b: Farigiraf|Psychic|p1a: Whimsicott
|-damage|p1a: Whimsicott|0 fnt
|faint|p1a: Whimsicott
|move|p1b: Basculegion|Wave Crash|p2a: Basculegion
|-resisted|p2a: Basculegion|1
|-damage|p2a: Basculegion|51/100
|-damage|p1b: Basculegion|84/100|[from] Recoil
|move|p2a: Basculegion|Last Respects|p1b: Basculegion
|-supereffective|p1b: Basculegion|1
|-damage|p1b: Basculegion|0 fnt
|faint|p1b: Basculegion
|
|win|macrameee
