|j|☆ghjk07
|j|☆chizblitzn
|html|ghjk07chizblitzn    
|uhtml|bestof|Game 1 of a best-of-3
|t:|1784386428
|gametype|doubles
|player|p1|ghjk07|hilbert|1034
|player|p2|chizblitzn|169|1000
|gen|9
|tier|[Gen 9 Champions] VGC 2026 Reg M-B (Bo3)
|rated|
|rule|Species Clause: Limit one of each Pokémon
|rule|Item Clause: Limit 1 of each item
|clearpoke
|poke|p1|Sneasler, L50, M|
|poke|p1|Farigiraf, L50, M|
|poke|p1|Torkoal, L50, M|
|poke|p1|Mawile, L50, F|
|poke|p1|Kingambit, L50, M|
|poke|p1|Crabominable, L50, M|
|poke|p2|Pidgeot, L50, M|
|poke|p2|Mamoswine, L50, F|
|poke|p2|Sneasler, L50, M|
|poke|p2|Venusaur, L50, F|
|poke|p2|Ninetales, L50, M|
|poke|p2|Basculegion, L50, M|
|teampreview|4
|showteam|p1|Sneasler||IronBall|PoisonTouch|DireClaw,CloseCombat,Protect,FakeOut|Adamant||M|||50|]Farigiraf||ColburBerry|ArmorTail|TrickRoom,TwinBeam,Thunderbolt,Protect|Relaxed||M|||50|]Torkoal||Charcoal|Drought|Eruption,EarthPower,WeatherBall,SolarBeam|Quiet||M|||50|]Mawile||Mawilite|HyperCutter|PlayRough,ThunderPunch,SuckerPunch,Protect|Brave||F|||50|]Kingambit||BlackGlasses|Defiant|IronHead,KowtowCleave,SuckerPunch,Protect|Brave||M|||50|]Crabominable||Crabominite|HyperCutter|DrainPunch,IceHammer,Protect,ThunderPunch|Brave||M|||50|
|showteam|p2|Pidgeot||Pidgeotite|TangledFeet|Hurricane,HeatWave,Tailwind,AirSlash|Modest||M|||50|]Mamoswine||FocusSash|Oblivious|IceShard,Earthquake,HighHorsepower,GigaImpact|Adamant||F|||50|]Sneasler||WhiteHerb|Unburden|LowKick,DireClaw,CloseCombat,GunkShot|Adamant||M|||50|]Venusaur||WideLens|Chlorophyll|LeafStorm,SludgeBomb,SleepPowder,EarthPower|Modest||F|||50|]Ninetales||LifeOrb|Drought|HeatWave,SolarBeam,ShadowBall,WillOWisp|Timid||M|||50|]Basculegion||ChoiceScarf|Adaptability|WaveCrash,AquaJet,LastRespects,FlipTurn|Jolly||M|||50|
|
|t:|1784386493
|teamsize|p1|4
|teamsize|p2|4
|start
|switch|p1a: Sneasler|Sneasler, L50, M|100/100
|switch|p1b: Farigiraf|Farigiraf, L50, M|100/100
|switch|p2a: Pidgeot|Pidgeot, L50, M|100/100
|switch|p2b: Mamoswine|Mamoswine, L50, F|100/100
|turn|1
|
|t:|1784386523
|move|p1a: Sneasler|Fake Out|p2b: Mamoswine
|-damage|p2b: Mamoswine|82/100
|move|p2a: Pidgeot|Hurricane|p1a: Sneasler
|-supereffective|p1a: Sneasler|1
|-damage|p1a: Sneasler|0 fnt
|faint|p1a: Sneasler
|cant|p2b: Mamoswine|flinch
|move|p1b: Farigiraf|Trick Room|p1b: Farigiraf
|-fieldstart|move: Trick Room|[of] p1b: Farigiraf
|
|upkeep
|
|t:|1784386552
|switch|p1a: Kingambit|Kingambit, L50, M|100/100
|turn|2
|
|t:|1784386568
|move|p1a: Kingambit|Kowtow Cleave|p2b: Mamoswine
|-damage|p2b: Mamoswine|14/100
|move|p1b: Farigiraf|Twin Beam|p2b: Mamoswine
|-damage|p2b: Mamoswine|0 fnt
|faint|p2b: Mamoswine
|-hitcount|p2: Mamoswine|1
|move|p2a: Pidgeot|Heat Wave|p1b: Farigiraf|[spread] p1a,p1b
|-supereffective|p1a: Kingambit|1
|-damage|p1a: Kingambit|64/100
|-damage|p1b: Farigiraf|82/100
|
|upkeep
|
|t:|1784386581
|switch|p2b: Venusaur|Venusaur, L50, F|100/100
|turn|3
|
|t:|1784386602
|move|p1a: Kingambit|Kowtow Cleave|p2b: Venusaur
|-damage|p2b: Venusaur|34/100
|move|p1b: Farigiraf|Twin Beam|p2b: Venusaur
|-supereffective|p2b: Venusaur|1
|-damage|p2b: Venusaur|3/100
|-supereffective|p2b: Venusaur|1
|-damage|p2b: Venusaur|0 fnt
|faint|p2b: Venusaur
|-hitcount|p2: Venusaur|2
|move|p2a: Pidgeot|Heat Wave|p1a: Kingambit|[spread] p1a,p1b
|-supereffective|p1a: Kingambit|1
|-damage|p1a: Kingambit|27/100
|-damage|p1b: Farigiraf|66/100
|
|upkeep
|
|t:|1784386614
|switch|p2b: Sneasler|Sneasler, L50, M|100/100
|turn|4
|
|t:|1784386659
|move|p1a: Kingambit|Kowtow Cleave|p2a: Pidgeot
|-damage|p2a: Pidgeot|20/100y
|move|p1b: Farigiraf|Thunderbolt|p2a: Pidgeot
|-supereffective|p2a: Pidgeot|1
|-damage|p2a: Pidgeot|0 fnt
|faint|p2a: Pidgeot
|move|p2b: Sneasler|Dire Claw|p1b: Farigiraf
|-damage|p1b: Farigiraf|29/100
|-status|p1b: Farigiraf|slp
|
|upkeep
|turn|5
|
|t:|1784386677
|move|p1a: Kingambit|Iron Head|p2b: Sneasler
|-damage|p2b: Sneasler|31/100
|cant|p1b: Farigiraf|slp
|move|p2b: Sneasler|Gunk Shot|p1a: Kingambit
|-immune|p1a: Kingambit
|
|-fieldend|move: Trick Room
|upkeep
|turn|6
|
|t:|1784386695
|move|p1a: Kingambit|Sucker Punch|p2b: Sneasler
|-resisted|p2b: Sneasler|1
|-damage|p2b: Sneasler|0 fnt
|faint|p2b: Sneasler
|
|win|ghjk07
