|j|☆littu_bulba
|j|☆slimeygang
|html|littu_bulbaslimeygang    
|uhtml|bestof|Game 1 of a best-of-3
|t:|1784252893
|gametype|doubles
|player|p1|littu_bulba|brock|
|player|p2|slimeygang|#orascliizekroms|
|gen|9
|tier|[Gen 9 Champions] VGC 2026 Reg M-B (Bo3)
|rule|Species Clause: Limit one of each Pokémon
|rule|Item Clause: Limit 1 of each item
|clearpoke
|poke|p1|Gengar, L50, M|
|poke|p1|Incineroar, L50, F|
|poke|p1|Maushold, L50|
|poke|p1|Politoed, L50, M|
|poke|p1|Kommo-o, L50, M|
|poke|p1|Hydrapple, L50, M|
|poke|p2|Aerodactyl, L50, M|
|poke|p2|Decidueye-Hisui, L50, F, shiny|
|poke|p2|Drampa, L50, F|
|poke|p2|Kangaskhan, L50, F|
|poke|p2|Mamoswine, L50, M|
|poke|p2|Farigiraf, L50, M|
|teampreview|4
|showteam|p1|Gengar||Gengarite|CursedBody|PerishSong,DazzlingGleam,SludgeWave,ShadowBall|Modest||M|||50|]Incineroar||SitrusBerry|Intimidate|FakeOut,PartingShot,FlareBlitz,Crunch|Sassy||F|||50|]Maushold||FocusSash|Technician|FollowMe,HelpingHand,Protect,PopulationBomb|Jolly|||||50|]Politoed||Leftovers|Drizzle|Protect,Surf,HyperVoice,IcyWind|Sassy||M|||50|]Kommo-o||LifeOrb|Soundproof|ClangingScales,ClangorousSoul,CloseCombat,IronHead|Relaxed||M|||50|]Hydrapple||ExpertBelt|Regenerator|FickleBeam,DracoMeteor,EarthPower,EnergyBall|Quiet||M|||50|
|showteam|p2|Aerodactyl||Aerodactylite|Unnerve|RockSlide,SunnyDay,Tailwind,Taunt|Jolly||M|||50|]Decidueye-Hisui||LifeOrb|Scrappy|CloseCombat,LeafBlade,SuckerPunch,Protect|Adamant||F|||50|]Drampa||Drampanite|CloudNine|HyperVoice,EarthPower,DragonPulse,Protect|Quiet||F|||50|]Kangaskhan||SilkScarf|Scrappy|FakeOut,LastResort|Jolly||F|||50|]Mamoswine||FocusSash|Oblivious|HighHorsepower,IcicleCrash,IceShard,Protect|Adamant||M|||50|]Farigiraf||SitrusBerry|ArmorTail|Psychic,LightScreen,TrickRoom,HelpingHand|Calm||M|||50|
|c|☆slimeygang|hf
|c|☆littu_bulba|hf
|c|☆slimeygang|oh was this ots or cts
|j| repeatt
|l| repeatt
|c|☆littu_bulba|i'm guessing ots..
|c|☆slimeygang|damn it was cts lol
|c|☆littu_bulba|damn..mb
|c|☆slimeygang|allg
|
|t:|1784253006
|teamsize|p1|4
|teamsize|p2|4
|start
|switch|p1a: Incineroar|Incineroar, L50, F|100/100
|switch|p1b: Gengar|Gengar, L50, M|100/100
|switch|p2a: Aerodactyl|Aerodactyl, L50, M|100/100
|switch|p2b: Kangaskhan|Kangaskhan, L50, F|100/100
|-ability|p2a: Aerodactyl|Unnerve
|-ability|p1a: Incineroar|Intimidate|boost
|-unboost|p2a: Aerodactyl|atk|1
|-fail|p2b: Kangaskhan|unboost|Attack|[from] ability: Scrappy|[of] p2b: Kangaskhan
|turn|1
|
|t:|1784253049
|detailschange|p1b: Gengar|Gengar-Mega, L50, M
|-mega|p1b: Gengar|Gengar|Gengarite
|move|p2b: Kangaskhan|Fake Out|p1b: Gengar
|-damage|p1b: Gengar|65/100
|move|p1a: Incineroar|Fake Out|p2a: Aerodactyl
|-resisted|p2a: Aerodactyl|1
|-damage|p2a: Aerodactyl|90/100
|cant|p1b: Gengar|flinch
|cant|p2a: Aerodactyl|flinch
|
|upkeep
|turn|2
|
|t:|1784253081
|detailschange|p2a: Aerodactyl|Aerodactyl-Mega, L50, M
|-mega|p2a: Aerodactyl|Aerodactyl|Aerodactylite
|move|p2a: Aerodactyl|Taunt|p1a: Incineroar
|-start|p1a: Incineroar|move: Taunt
|move|p1b: Gengar|Perish Song|p1b: Gengar
|-start|p1a: Incineroar|perish3|[silent]
|-start|p1b: Gengar|perish3|[silent]
|-start|p2a: Aerodactyl|perish3|[silent]
|-start|p2b: Kangaskhan|perish3|[silent]
|-fieldactivate|move: Perish Song
|move|p2b: Kangaskhan|Last Resort|p1b: Gengar
|-damage|p1b: Gengar|0 fnt
|faint|p1b: Gengar
|cant|p1a: Incineroar|move: Taunt|Parting Shot
|
|-start|p2a: Aerodactyl|perish3
|-start|p2b: Kangaskhan|perish3
|-start|p1a: Incineroar|perish3
|upkeep
|
|t:|1784253096
|switch|p1b: Maushold|Maushold, L50|100/100
|turn|3
|j| repeatt
|
|t:|1784253115
|move|p2a: Aerodactyl|Rock Slide|p1b: Maushold|[spread] p1a,p1b
|-supereffective|p1a: Incineroar|1
|-damage|p1a: Incineroar|61/100
|-damage|p1b: Maushold|65/100
|move|p1b: Maushold|Population Bomb|p2b: Kangaskhan
|-damage|p2b: Kangaskhan|88/100
|-damage|p2b: Kangaskhan|75/100
|-damage|p2b: Kangaskhan|62/100
|-damage|p2b: Kangaskhan|48/100
|-damage|p2b: Kangaskhan|36/100
|-damage|p2b: Kangaskhan|24/100
|-damage|p2b: Kangaskhan|12/100
|-damage|p2b: Kangaskhan|1/100
|-damage|p2b: Kangaskhan|0 fnt
|faint|p2b: Kangaskhan
|-hitcount|p2: Kangaskhan|9
|cant|p1a: Incineroar|flinch
|
|-start|p2a: Aerodactyl|perish2
|-start|p1a: Incineroar|perish2
|upkeep
|
|t:|1784253130
|switch|p2b: Decidueye|Decidueye-Hisui, L50, F, shiny|100/100
|turn|4
|
|t:|1784253193
|switch|p2a: Mamoswine|Mamoswine, L50, M|100/100
|move|p1b: Maushold|Follow Me|p1b: Maushold
|-singleturn|p1b: Maushold|move: Follow Me
|move|p2b: Decidueye|Close Combat|p1b: Maushold
|-supereffective|p1b: Maushold|1
|-damage|p1b: Maushold|0 fnt
|-unboost|p2b: Decidueye|def|1
|-unboost|p2b: Decidueye|spd|1
|faint|p1b: Maushold
|-damage|p2b: Decidueye|90/100|[from] item: Life Orb
|move|p1a: Incineroar|Flare Blitz|p2b: Decidueye
|-supereffective|p2b: Decidueye|1
|-damage|p2b: Decidueye|0 fnt
|faint|p2b: Decidueye
|-damage|p1a: Incineroar|30/100|[from] Recoil
|-enditem|p1a: Incineroar|Sitrus Berry|[eat]
|-heal|p1a: Incineroar|55/100|[from] item: Sitrus Berry
|
|-end|p1a: Incineroar|move: Taunt
|-start|p1a: Incineroar|perish1
|upkeep
|
|t:|1784253213
|switch|p1b: Kommo-o|Kommo-o, L50, M|100/100
|switch|p2b: Aerodactyl|Aerodactyl-Mega, L50, M|90/100
|turn|5
|j| Tidal
|
|t:|1784253240
|move|p2a: Mamoswine|Protect|p2a: Mamoswine
|-singleturn|p2a: Mamoswine|Protect
|move|p2b: Aerodactyl|Taunt|p1b: Kommo-o
|-start|p1b: Kommo-o|move: Taunt
|move|p1b: Kommo-o|Iron Head|p2b: Aerodactyl
|-supereffective|p2b: Aerodactyl|1
|-damage|p2b: Aerodactyl|12/100
|-damage|p1b: Kommo-o|90/100|[from] item: Life Orb
|move|p1a: Incineroar|Crunch|p2b: Aerodactyl
|-damage|p2b: Aerodactyl|0 fnt
|faint|p2b: Aerodactyl
|
|-start|p1a: Incineroar|perish0
|faint|p1a: Incineroar
|upkeep
|turn|6
|
|t:|1784253258
|move|p2a: Mamoswine|Icicle Crash|p1b: Kommo-o
|-supereffective|p1b: Kommo-o|1
|-damage|p1b: Kommo-o|16/100
|move|p1b: Kommo-o|Close Combat|p2a: Mamoswine
|-supereffective|p2a: Mamoswine|1
|-enditem|p2a: Mamoswine|Focus Sash
|-damage|p2a: Mamoswine|1/100
|-unboost|p1b: Kommo-o|def|1
|-unboost|p1b: Kommo-o|spd|1
|-damage|p1b: Kommo-o|6/100|[from] item: Life Orb
|
|upkeep
|turn|7
|l| repeatt
|
|t:|1784253273
|move|p2a: Mamoswine|Ice Shard|p1b: Kommo-o
|-supereffective|p1b: Kommo-o|1
|-damage|p1b: Kommo-o|0 fnt
|faint|p1b: Kommo-o
|
|win|slimeygang
|c|☆littu_bulba|gg1
||littu_bulba is ready for game 2.
|inactive|slimeygang has 30 seconds to confirm battle start!
|c|☆slimeygang|gg1
||slimeygang is ready for game 2.
|uhtml|next|Next: Game 2 of 3
|l| Tidal
|j| repeatt
|l| repeatt
