|j|☆MazapanAzteca
|j|☆Garmas
|html|MazapanAztecaGarmas    
|uhtml|bestof|Game 2 of a best-of-3
|t:|1756174489
|gametype|doubles
|player|p1|MazapanAzteca|ingo|1203
|player|p2|Garmas|ethan|1125
|gen|9
|tier|[Gen 9] VGC 2025 Reg H (Bo3)
|rated|
|rule|Species Clause: Limit one of each Pokémon
|rule|Item Clause: Limit 1 of each item
|clearpoke
|poke|p1|Kommo-o, L50, F|
|poke|p1|Gholdengo, L50|
|poke|p1|Sneasler, L50, F|
|poke|p1|Rillaboom, L50, F|
|poke|p1|Dondozo, L50, M|
|poke|p1|Electabuzz, L50, M|
|poke|p2|Tyranitar, L50, F|
|poke|p2|Garchomp, L50, M|
|poke|p2|Indeedee-F, L50, F|
|poke|p2|Amoonguss, L50, M|
|poke|p2|Excadrill, L50, M|
|poke|p2|Gyarados, L50, F|
|teampreview|4
|showteam|p1|Kommo-o||ThroatSpray|Soundproof|ClangingScales,Flamethrower,Protect,ClangorousSoul|||F|||50|,,,,,Fire]Gholdengo||ChoiceSpecs|GoodasGold|MakeItRain,ShadowBall,PowerGem,Trick||||||50|,,,,,Steel]Sneasler||FocusSash|Unburden|CloseCombat,DireClaw,Protect,FakeOut|||F|||50|,,,,,Stellar]Rillaboom||AssaultVest|GrassySurge|WoodHammer,GrassyGlide,HighHorsepower,FakeOut|||F|||50|,,,,,Water]Dondozo||Leftovers|Unaware|WaveCrash,Yawn,Protect,Fissure|||M|||50|,,,,,Bug]Electabuzz||Eviolite|VitalSpirit|Electroweb,FollowMe,Protect,HelpingHand|||M|||50|,,,,,Dragon
|showteam|p2|Tyranitar||ClearAmulet|SandStream|DragonDance,RockSlide,KnockOff,Protect|||F|||50|,,,,,Dragon]Garchomp||LifeOrb|SandVeil|SwordsDance,RockSlide,DragonClaw,Earthquake|||M|||50|,,,,,Steel]Indeedee-F||Leftovers|PsychicSurge|Psychic,FollowMe,TrickRoom,HelpingHand|||F|||50|,,,,,Psychic]Amoonguss||SitrusBerry|Regenerator|Spore,RagePowder,PollenPuff,Protect|||M|||50|,,,,,Water]Excadrill||ChoiceBand|SandRush|IronHead,HighHorsepower,RockSlide,XScissor|||M|||50|,,,,,Ghost]Gyarados||CovertCloak|Intimidate|Taunt,ThunderWave,Waterfall,Protect|||F|||50|,,,,,Ground
|
|t:|1756174603
|teamsize|p1|4
|teamsize|p2|4
|start
|switch|p1a: Rillaboom|Rillaboom, L50, F|100/100
|switch|p1b: Kommo-o|Kommo-o, L50, F|100/100
|switch|p2a: Gyarados|Gyarados, L50, F|100/100
|switch|p2b: Garchomp|Garchomp, L50, M, shiny|100/100
|-fieldstart|move: Grassy Terrain|[from] ability: Grassy Surge|[of] p1a: Rillaboom
|-ability|p2a: Gyarados|Intimidate|boost
|-unboost|p1a: Rillaboom|atk|1
|-unboost|p1b: Kommo-o|atk|1
|turn|1
|
|t:|1756174661
|switch|p1a: Sneasler|Sneasler, L50, F|100/100
|switch|p2a: Indeedee|Indeedee-F, L50, F|100/100
|-fieldstart|move: Psychic Terrain|[from] ability: Psychic Surge|[of] p2a: Indeedee
|-terastallize|p2b: Garchomp|Steel
|move|p1b: Kommo-o|Protect|p1b: Kommo-o
|-singleturn|p1b: Kommo-o|Protect
|move|p2b: Garchomp|Swords Dance|p2b: Garchomp
|-boost|p2b: Garchomp|atk|2
|
|upkeep
|turn|2
|
|t:|1756174710
|switch|p1b: Rillaboom|Rillaboom, L50, F|100/100
|-fieldstart|move: Grassy Terrain|[from] ability: Grassy Surge|[of] p1b: Rillaboom
|-terastallize|p1a: Sneasler|Stellar
|move|p2a: Indeedee|Follow Me|p2a: Indeedee
|-singleturn|p2a: Indeedee|move: Follow Me
|move|p1a: Sneasler|Close Combat|p2a: Indeedee
|-damage|p2a: Indeedee|9/100
|-unboost|p1a: Sneasler|def|1
|-unboost|p1a: Sneasler|spd|1
|move|p2b: Garchomp|Dragon Claw|p1b: Rillaboom
|-damage|p1b: Rillaboom|3/100
|-damage|p2b: Garchomp|91/100|[from] item: Life Orb
|
|-heal|p2b: Garchomp|97/100|[from] Grassy Terrain
|-heal|p1b: Rillaboom|9/100|[from] Grassy Terrain
|-heal|p2a: Indeedee|15/100|[from] Grassy Terrain
|-heal|p2a: Indeedee|21/100|[from] item: Leftovers
|upkeep
|turn|3
|
|t:|1756174739
|switch|p2a: Gyarados|Gyarados, L50, F|100/100
|-ability|p2a: Gyarados|Intimidate|boost
|-unboost|p1a: Sneasler|atk|1
|-unboost|p1b: Rillaboom|atk|1
|move|p1b: Rillaboom|Grassy Glide|p2b: Garchomp
|-resisted|p2b: Garchomp
|-damage|p2b: Garchomp|84/100
|move|p1a: Sneasler|Close Combat|p2b: Garchomp
|-supereffective|p2b: Garchomp
|-damage|p2b: Garchomp|0 fnt
|-unboost|p1a: Sneasler|def|1
|-unboost|p1a: Sneasler|spd|1
|faint|p2b: Garchomp
|
|-heal|p1b: Rillaboom|15/100|[from] Grassy Terrain
|upkeep
|
|t:|1756174754
|switch|p2b: Indeedee|Indeedee-F, L50, F|21/100
|-fieldstart|move: Psychic Terrain|[from] ability: Psychic Surge|[of] p2b: Indeedee
|turn|4
|
|t:|1756174783
|switch|p1b: Dondozo|Dondozo, L50, M|100/100
|move|p1a: Sneasler|Close Combat|p2b: Indeedee
|-damage|p2b: Indeedee|0 fnt
|-unboost|p1a: Sneasler|def|1
|-unboost|p1a: Sneasler|spd|1
|faint|p2b: Indeedee
|move|p2a: Gyarados|Thunder Wave|p1a: Sneasler
|-status|p1a: Sneasler|par
|
|upkeep
|
|t:|1756174792
|switch|p2b: Tyranitar|Tyranitar, L50, F|100/100
|-weather|Sandstorm|[from] ability: Sand Stream|[of] p2b: Tyranitar
|turn|5
|
|t:|1756174820
|move|p2b: Tyranitar|Rock Slide|p1b: Dondozo|[spread] p1a,p1b
|-resisted|p1a: Sneasler
|-damage|p1a: Sneasler|38/100 par
|-damage|p1b: Dondozo|84/100
|move|p2a: Gyarados|Waterfall|p1a: Sneasler
|-damage|p1a: Sneasler|0 fnt
|faint|p1a: Sneasler
|move|p1b: Dondozo|Wave Crash|p2b: Tyranitar
|-supereffective|p2b: Tyranitar
|-damage|p2b: Tyranitar|18/100
|-damage|p1b: Dondozo|65/100|[from] Recoil
|
|-weather|Sandstorm|[upkeep]
|-damage|p2a: Gyarados|94/100|[from] Sandstorm
|-damage|p1b: Dondozo|59/100|[from] Sandstorm
|-heal|p1b: Dondozo|65/100|[from] item: Leftovers
|upkeep
|
|t:|1756174828
|switch|p1a: Rillaboom|Rillaboom, L50, F|15/100
|-fieldstart|move: Grassy Terrain|[from] ability: Grassy Surge|[of] p1a: Rillaboom
|turn|6
|
|t:|1756174841
|switch|p1a: Kommo-o|Kommo-o, L50, F|100/100
|move|p2b: Tyranitar|Knock Off|p1b: Dondozo
|-damage|p1b: Dondozo|37/100
|-enditem|p1b: Dondozo|Leftovers|[from] move: Knock Off|[of] p2b: Tyranitar
|move|p2a: Gyarados|Waterfall|p1a: Kommo-o
|-resisted|p1a: Kommo-o
|-damage|p1a: Kommo-o|85/100
|move|p1b: Dondozo|Yawn|p2a: Gyarados
|-start|p2a: Gyarados|move: Yawn|[of] p1b: Dondozo
|
|-weather|Sandstorm|[upkeep]
|-damage|p1a: Kommo-o|79/100|[from] Sandstorm
|-damage|p2a: Gyarados|88/100|[from] Sandstorm
|-damage|p1b: Dondozo|31/100|[from] Sandstorm
|-heal|p1a: Kommo-o|85/100|[from] Grassy Terrain
|-heal|p2b: Tyranitar|24/100|[from] Grassy Terrain
|-heal|p1b: Dondozo|37/100|[from] Grassy Terrain
|upkeep
|turn|7
|
|t:|1756174870
|move|p1b: Dondozo|Protect|p1b: Dondozo
|-singleturn|p1b: Dondozo|Protect
|move|p1a: Kommo-o|Clangorous Soul|p1a: Kommo-o
|-boost|p1a: Kommo-o|atk|1
|-boost|p1a: Kommo-o|def|1
|-boost|p1a: Kommo-o|spa|1
|-boost|p1a: Kommo-o|spd|1
|-boost|p1a: Kommo-o|spe|1
|-damage|p1a: Kommo-o|52/100
|-enditem|p1a: Kommo-o|Throat Spray
|-boost|p1a: Kommo-o|spa|1|[from] item: Throat Spray
|move|p2b: Tyranitar|Rock Slide|p1b: Dondozo|[spread] p1a
|-activate|p1b: Dondozo|move: Protect
|-resisted|p1a: Kommo-o
|-damage|p1a: Kommo-o|43/100
|move|p2a: Gyarados|Thunder Wave|p1a: Kommo-o
|-status|p1a: Kommo-o|par
|
|-weather|Sandstorm|[upkeep]
|-damage|p1a: Kommo-o|37/100 par|[from] Sandstorm
|-damage|p2a: Gyarados|82/100|[from] Sandstorm
|-damage|p1b: Dondozo|31/100|[from] Sandstorm
|-heal|p2b: Tyranitar|30/100|[from] Grassy Terrain
|-heal|p1a: Kommo-o|43/100 par|[from] Grassy Terrain
|-heal|p1b: Dondozo|37/100|[from] Grassy Terrain
|-end|p2a: Gyarados|move: Yawn|[silent]
|-status|p2a: Gyarados|slp
|upkeep
|turn|8
|
|t:|1756174894
|move|p2b: Tyranitar|Rock Slide|p1a: Kommo-o|[spread] p1a,p1b
|-resisted|p1a: Kommo-o
|-damage|p1a: Kommo-o|33/100 par
|-damage|p1b: Dondozo|18/100
|cant|p1a: Kommo-o|par
|cant|p2a: Gyarados|slp
|move|p1b: Dondozo|Wave Crash|p2b: Tyranitar
|-supereffective|p2b: Tyranitar
|-damage|p2b: Tyranitar|0 fnt
|faint|p2b: Tyranitar
|-damage|p1b: Dondozo|12/100|[from] Recoil
|
|-weather|Sandstorm|[upkeep]
|-damage|p1a: Kommo-o|27/100 par|[from] Sandstorm
|-damage|p2a: Gyarados|76/100 slp|[from] Sandstorm
|-damage|p1b: Dondozo|6/100|[from] Sandstorm
|-heal|p1a: Kommo-o|33/100 par|[from] Grassy Terrain
|-heal|p1b: Dondozo|12/100|[from] Grassy Terrain
|upkeep
|turn|9
|
|t:|1756174914
|cant|p2a: Gyarados|slp
|move|p1a: Kommo-o|Clanging Scales|p2a: Gyarados
|-damage|p2a: Gyarados|10/100 slp
|-unboost|p1a: Kommo-o|def|1
|move|p1b: Dondozo|Yawn||[still]
|-fail|p1b: Dondozo
|
|-weather|none
|-heal|p1a: Kommo-o|39/100 par|[from] Grassy Terrain
|-heal|p1b: Dondozo|18/100|[from] Grassy Terrain
|upkeep
|turn|10
|-message|Garmas forfeited.
|
|win|MazapanAzteca
|raw|MazapanAzteca's rating: 1203 → 1222(+19 for winning)
|raw|Garmas's rating: 1125 → 1106(-19 for losing)
|l|☆Garmas
|player|p2|
