|j|☆azuree turtle
|j|☆entei enthusiast
|html|azuree turtleentei enthusiast    
|uhtml|bestof|Game 1 of a best-of-3
|t:|1756309938
|gametype|doubles
|player|p1|azuree turtle|hilbert|1180
|player|p2|entei enthusiast|265|1238
|gen|9
|tier|[Gen 9] VGC 2025 Reg H (Bo3)
|rated|
|rule|Species Clause: Limit one of each Pokémon
|rule|Item Clause: Limit 1 of each item
|clearpoke
|poke|p1|Pelipper, L50, F|
|poke|p1|Basculegion, L50, M|
|poke|p1|Amoonguss, L50, M|
|poke|p1|Archaludon, L50, M|
|poke|p1|Incineroar, L50, M|
|poke|p1|Gholdengo, L50|
|poke|p2|Gholdengo, L50|
|poke|p2|Sneasler, L50, M|
|poke|p2|Rillaboom, L50, M|
|poke|p2|Dragonite, L50, F|
|poke|p2|Ninetales-Alola, L50, F|
|poke|p2|Arcanine-Hisui, L50, F|
|teampreview|4
|showteam|p1|Pelipper||FocusSash|Drizzle|Hurricane,WeatherBall,Protect,Tailwind|||F|||50|,,,,,Ghost]Basculegion||ChoiceBand|SwiftSwim|WaveCrash,FlipTurn,AquaJet,LastRespects|||M|||50|,,,,,Water]Amoonguss||SitrusBerry|Regenerator|Spore,RagePowder,PollenPuff,ClearSmog|||M|||50|,,,,,Fairy]Archaludon||AssaultVest|Stamina|ElectroShot,DragonPulse,BodyPress,Snarl|||M|||50|,,,,,Grass]Incineroar||SafetyGoggles|Intimidate|FakeOut,FlareBlitz,KnockOff,PartingShot|||M|||50|,,,,,Ghost]Gholdengo||MetalCoat|GoodasGold|MakeItRain,ShadowBall,Protect,NastyPlot||||||50|,,,,,Steel
|showteam|p2|Gholdengo||GrassySeed|GoodasGold|NastyPlot,MakeItRain,ShadowBall,Protect||||||50|,,,,,Water]Sneasler||WhiteHerb|Unburden|CloseCombat,DireClaw,Coaching,Protect|||M|||50|,,,,,Ghost]Rillaboom||AssaultVest|GrassySurge|FakeOut,GrassyGlide,DrumBeating,HighHorsepower|||M|||50|,,,,,Fire]Dragonite||LoadedDice|Multiscale|ScaleShot,StompingTantrum,Tailwind,Protect|||F|||50|,,,,,Ground]Ninetales-Alola||FocusSash|SnowWarning|Blizzard,IcyWind,Encore,AuroraVeil|||F|||50|,,,,,Ghost]Arcanine-Hisui||ClearAmulet|Intimidate|RockSlide,FlareBlitz,ExtremeSpeed,Protect|||F|||50|,,,,,Water
|inactive|Battle timer is ON: inactive players will automatically lose when time's up. (requested by azuree turtle)
|inactive|entei enthusiast has 60 seconds left.
|
|t:|1756309994
|teamsize|p1|4
|teamsize|p2|4
|start
|switch|p1a: Incineroar|Incineroar, L50, M|100/100
|switch|p1b: Gholdengo|Gholdengo, L50|100/100
|switch|p2a: Sneasler|Sneasler, L50, M, shiny|100/100
|switch|p2b: Dragonite|Dragonite, L50, F|100/100
|-ability|p1a: Incineroar|Intimidate|boost
|-unboost|p2a: Sneasler|atk|1
|-unboost|p2b: Dragonite|atk|1
|-enditem|p2a: Sneasler|White Herb
|-clearnegativeboost|p2a: Sneasler|[silent]
|turn|1
|inactive|azuree turtle has 30 seconds left.
|inactive|entei enthusiast has 30 seconds left.
|inactive|azuree turtle has 20 seconds left.
|inactive|azuree turtle has 15 seconds left.
|inactive|azuree turtle has 10 seconds left.
|inactive|azuree turtle has 5 seconds left.
|
|t:|1756310049
|move|p1a: Incineroar|Fake Out|p2a: Sneasler
|-damage|p2a: Sneasler|85/100
|cant|p2a: Sneasler|flinch
|move|p1b: Gholdengo|Make It Rain|p2a: Sneasler|[spread] p2a,p2b
|-damage|p2a: Sneasler|14/100
|-damage|p2b: Dragonite|67/100
|-unboost|p1b: Gholdengo|spa|1
|move|p2b: Dragonite|Tailwind|p2b: Dragonite
|-sidestart|p2: entei enthusiast|move: Tailwind
|
|upkeep
|turn|2
|
|t:|1756310072
|switch|p1a: Pelipper|Pelipper, L50, F, shiny|100/100
|-weather|RainDance|[from] ability: Drizzle|[of] p1a: Pelipper
|-terastallize|p2b: Dragonite|Ground
|move|p2a: Sneasler|Close Combat|p1a: Pelipper
|-resisted|p1a: Pelipper
|-damage|p1a: Pelipper|59/100
|-unboost|p2a: Sneasler|def|1
|-unboost|p2a: Sneasler|spd|1
|move|p2b: Dragonite|Stomping Tantrum|p1b: Gholdengo
|-supereffective|p1b: Gholdengo
|-damage|p1b: Gholdengo|34/100
|move|p1b: Gholdengo|Make It Rain|p2a: Sneasler|[spread] p2a,p2b
|-damage|p2a: Sneasler|0 fnt
|-damage|p2b: Dragonite|25/100
|-unboost|p1b: Gholdengo|spa|1
|faint|p2a: Sneasler
|
|-weather|RainDance|[upkeep]
|upkeep
|
|t:|1756310089
|switch|p2a: Gholdengo|Gholdengo, L50, shiny|100/100
|turn|3
|inactive|azuree turtle has 30 seconds left.
|inactive|azuree turtle has 20 seconds left.
|inactive|azuree turtle has 15 seconds left.
|inactive|azuree turtle has 10 seconds left.
|inactive|azuree turtle has 5 seconds left.
|
|t:|1756310144
|move|p2a: Gholdengo|Shadow Ball|p1a: Pelipper
|-damage|p1a: Pelipper|0 fnt
|faint|p1a: Pelipper
|move|p2b: Dragonite|Scale Shot|p1b: Gholdengo
|-resisted|p1b: Gholdengo
|-damage|p1b: Gholdengo|28/100
|-resisted|p1b: Gholdengo
|-damage|p1b: Gholdengo|21/100
|-resisted|p1b: Gholdengo
|-damage|p1b: Gholdengo|16/100
|-resisted|p1b: Gholdengo
|-damage|p1b: Gholdengo|10/100
|-hitcount|p1b: Gholdengo|4
|-unboost|p2b: Dragonite|def|1
|-boost|p2b: Dragonite|spe|1
|move|p1b: Gholdengo|Make It Rain|p2a: Gholdengo|[spread] p2a,p2b
|-resisted|p2a: Gholdengo
|-damage|p2a: Gholdengo|83/100
|-damage|p2b: Dragonite|0 fnt
|-unboost|p1b: Gholdengo|spa|1
|faint|p2b: Dragonite
|
|-weather|RainDance|[upkeep]
|upkeep
|inactive|azuree turtle has 30 seconds left.
|
|t:|1756310174
|switch|p2b: Rillaboom|Rillaboom, L50, M|100/100
|switch|p1a: Incineroar|Incineroar, L50, M|100/100
|-fieldstart|move: Grassy Terrain|[from] ability: Grassy Surge|[of] p2b: Rillaboom
|-enditem|p2a: Gholdengo|Grassy Seed
|-boost|p2a: Gholdengo|def|1|[from] item: Grassy Seed
|-ability|p1a: Incineroar|Intimidate|boost
|-unboost|p2a: Gholdengo|atk|1
|-unboost|p2b: Rillaboom|atk|1
|turn|4
|
|t:|1756310195
|move|p2b: Rillaboom|Fake Out|p1a: Incineroar
|-damage|p1a: Incineroar|93/100
|move|p2a: Gholdengo|Nasty Plot|p2a: Gholdengo
|-boost|p2a: Gholdengo|spa|2
|move|p1b: Gholdengo|Make It Rain|p2a: Gholdengo|[spread] p2a,p2b
|-resisted|p2a: Gholdengo
|-crit|p2b: Rillaboom
|-damage|p2a: Gholdengo|71/100
|-damage|p2b: Rillaboom|19/100
|-unboost|p1b: Gholdengo|spa|1
|cant|p1a: Incineroar|flinch
|
|-weather|RainDance|[upkeep]
|-heal|p2b: Rillaboom|25/100|[from] Grassy Terrain
|-heal|p2a: Gholdengo|77/100|[from] Grassy Terrain
|-heal|p1b: Gholdengo|16/100|[from] Grassy Terrain
|-heal|p1a: Incineroar|99/100|[from] Grassy Terrain
|-sideend|p2: entei enthusiast|move: Tailwind
|upkeep
|turn|5
|inactive|azuree turtle has 30 seconds left.
|inactive|entei enthusiast has 30 seconds left.
|inactive|azuree turtle has 20 seconds left.
|inactive|azuree turtle has 15 seconds left.
|inactive|azuree turtle has 10 seconds left.
|inactive|azuree turtle has 5 seconds left.
|
|t:|1756310250
|move|p1a: Incineroar|Fake Out||[still]
|-hint|Fake Out only works on your first turn out.
|-fail|p1a: Incineroar
|move|p2b: Rillaboom|High Horsepower|p1a: Incineroar
|-supereffective|p1a: Incineroar
|-damage|p1a: Incineroar|61/100
|move|p1b: Gholdengo|Make It Rain|p2a: Gholdengo|[spread] p2a,p2b
|-resisted|p2a: Gholdengo
|-damage|p2a: Gholdengo|68/100
|-damage|p2b: Rillaboom|7/100
|-unboost|p1b: Gholdengo|spa|1
|move|p2a: Gholdengo|Make It Rain|p1b: Gholdengo|[spread] p1a,p1b
|-resisted|p1a: Incineroar
|-resisted|p1b: Gholdengo
|-damage|p1a: Incineroar|19/100
|-damage|p1b: Gholdengo|0 fnt
|-unboost|p2a: Gholdengo|spa|1
|faint|p1b: Gholdengo
|
|-weather|RainDance|[upkeep]
|-heal|p2b: Rillaboom|13/100|[from] Grassy Terrain
|-heal|p2a: Gholdengo|74/100|[from] Grassy Terrain
|-heal|p1a: Incineroar|25/100|[from] Grassy Terrain
|upkeep
|inactive|azuree turtle has 30 seconds left.
|inactive|azuree turtle has 20 seconds left.
|inactive|azuree turtle has 15 seconds left.
|inactive|azuree turtle has 10 seconds left.
|inactive|azuree turtle has 5 seconds left.
|
|t:|1756310305
|switch|p1b: Basculegion|Basculegion, L50, M|100/100
|turn|6
|inactive|azuree turtle has 30 seconds left.
|inactive|entei enthusiast has 30 seconds left.
|inactive|azuree turtle has 20 seconds left.
|inactive|entei enthusiast has 20 seconds left.
|inactive|azuree turtle has 15 seconds left.
|inactive|azuree turtle has 10 seconds left.
|inactive|azuree turtle has 5 seconds left.
|
|t:|1756310360
|move|p2a: Gholdengo|Protect|p2a: Gholdengo
|-singleturn|p2a: Gholdengo|Protect
|move|p1a: Incineroar|Fake Out||[still]
|-hint|Fake Out only works on your first turn out.
|-fail|p1a: Incineroar
|move|p1b: Basculegion|Wave Crash|p2b: Rillaboom
|-resisted|p2b: Rillaboom
|-crit|p2b: Rillaboom
|-damage|p2b: Rillaboom|0 fnt
|faint|p2b: Rillaboom
|-damage|p1b: Basculegion|96/100|[from] Recoil
|
|-weather|none
|-heal|p1b: Basculegion|100/100|[from] Grassy Terrain
|-heal|p2a: Gholdengo|80/100|[from] Grassy Terrain
|-heal|p1a: Incineroar|31/100|[from] Grassy Terrain
|upkeep
|turn|7
|inactive|azuree turtle has 30 seconds left.
|inactive|azuree turtle has 20 seconds left.
|inactive|azuree turtle has 15 seconds left.
|inactive|azuree turtle has 10 seconds left.
|inactive|azuree turtle has 5 seconds left.
|
|t:|1756310415
|move|p1a: Incineroar|Fake Out||[still]
|-hint|Fake Out only works on your first turn out.
|-fail|p1a: Incineroar
|move|p2a: Gholdengo|Shadow Ball|p1b: Basculegion
|-supereffective|p1b: Basculegion
|-damage|p1b: Basculegion|0 fnt
|faint|p1b: Basculegion
|
|-heal|p2a: Gholdengo|86/100|[from] Grassy Terrain
|-heal|p1a: Incineroar|37/100|[from] Grassy Terrain
|upkeep
|turn|8
|inactive|azuree turtle has 30 seconds left.
|inactive|azuree turtle has 20 seconds left.
|inactive|azuree turtle has 15 seconds left.
|inactive|azuree turtle has 10 seconds left.
|inactive|azuree turtle has 5 seconds left.
|-message|azuree turtle lost due to inactivity.
|
|win|entei enthusiast
||entei enthusiast is ready for game 2.
|inactive|azuree turtle has 30 seconds to confirm battle start!
|inactive|azuree turtle has 20 seconds to confirm battle start!
|inactive|azuree turtle has 10 seconds to confirm battle start!
|uhtml|next|Next: Game 2 of 3
