|j|☆tfader
|j|☆wodaiogien
|html|tfaderwodaiogien    
|uhtml|bestof|Game 2 of a best-of-3
|t:|1782228332
|gametype|doubles
|player|p1|tfader|barry|1087
|player|p2|wodaiogien|101|1000
|gen|9
|tier|[Gen 9 Champions] VGC 2026 Reg M-B (Bo3)
|rated|
|rule|Species Clause: Limit one of each Pokémon
|rule|Item Clause: Limit 1 of each item
|clearpoke
|poke|p1|Scovillain, L50, F|
|poke|p1|Houndstone, L50, F|
|poke|p1|Hydreigon, L50, M|
|poke|p1|Corviknight, L50, M|
|poke|p1|Excadrill, L50, F|
|poke|p1|Tyranitar, L50, M|
|poke|p2|Ninetales-Alola, L50, F|
|poke|p2|Raichu, L50, M|
|poke|p2|Basculegion, L50, M|
|poke|p2|Incineroar, L50, F|
|poke|p2|Kingambit, L50, M|
|poke|p2|Farigiraf, L50, M|
|teampreview|4
|showteam|p1|Scovillain||Scovillainite|Moody|GigaDrain,Flamethrower,RagePowder,Protect|Calm||F|||50|]Houndstone||SitrusBerry|SandRush|LastRespects,BodyPress,WillOWisp,Disable|Adamant||F|||50|]Hydreigon||ChoiceScarf|Levitate|DracoMeteor,DarkPulse,Snarl,HeatWave|Modest||M|||50|]Corviknight||Leftovers|MirrorArmor|BraveBird,BulkUp,BodyPress,Tailwind|Careful||M|||50|]Excadrill||FocusSash|SandRush|Earthquake,RockSlide,IronHead,Protect|Adamant||F|||50|]Tyranitar||Tyranitarite|SandStream|KnockOff,IcePunch,Protect,RockSlide|Adamant||M|||50|
|showteam|p2|Ninetales-Alola||FocusSash|SnowWarning|Blizzard,FreezeDry,Encore,Protect|Timid||F|||50|]Raichu||RaichuniteY|LightningRod|ZapCannon,FocusBlast,FakeOut,Protect|Timid||M|||50|]Basculegion||LifeOrb|Adaptability|WaveCrash,AquaJet,LastRespects,Protect|Adamant||M|||50|]Incineroar||ShucaBerry|Intimidate|FlareBlitz,PartingShot,FakeOut,Taunt|Careful||F|||50|]Kingambit||ChopleBerry|Defiant|KowtowCleave,SuckerPunch,IronHead,LowKick|Adamant||M|||50|]Farigiraf||SitrusBerry|ArmorTail|TwinBeam,TrickRoom,HelpingHand,Protect|Relaxed||M|||50|
|inactive|Battle timer is ON: inactive players will automatically lose when time's up. (requested by wodaiogien)
|
|t:|1782228358
|teamsize|p1|4
|teamsize|p2|4
|start
|switch|p1a: Excadrill|Excadrill, L50, F|100/100
|switch|p1b: Tyranitar|Tyranitar, L50, M|100/100
|switch|p2a: Kingambit|Kingambit, L50, M|100/100
|switch|p2b: Raichu|Raichu, L50, M|100/100
|-weather|Sandstorm|[from] ability: Sand Stream|[of] p1b: Tyranitar
|turn|1
|inactive|tfader has 30 seconds left.
|
|t:|1782228391
|detailschange|p2b: Raichu|Raichu-Mega-Y, L50, M
|-mega|p2b: Raichu|Raichu|Raichunite Y
|move|p1b: Tyranitar|Protect|p1b: Tyranitar
|-singleturn|p1b: Tyranitar|Protect
|move|p2b: Raichu|Fake Out|p1a: Excadrill
|-resisted|p1a: Excadrill|1
|-damage|p1a: Excadrill|94/100
|cant|p1a: Excadrill|flinch
|move|p2a: Kingambit|Low Kick|p1a: Excadrill
|-supereffective|p1a: Excadrill|1
|-damage|p1a: Excadrill|33/100
|
|-weather|Sandstorm|[upkeep]
|-damage|p2b: Raichu|94/100|[from] Sandstorm
|upkeep
|turn|2
|inactive|wodaiogien has 30 seconds left.
|
|t:|1782228424
|switch|p1b: Hydreigon|Hydreigon, L50, M|100/100
|move|p2a: Kingambit|Sucker Punch|p1a: Excadrill
|-crit|p1a: Excadrill
|-damage|p1a: Excadrill|0 fnt
|faint|p1a: Excadrill
|move|p2b: Raichu|Focus Blast|p1b: Hydreigon
|-supereffective|p1b: Hydreigon|1
|-damage|p1b: Hydreigon|0 fnt
|faint|p1b: Hydreigon
|
|-weather|Sandstorm|[upkeep]
|-damage|p2b: Raichu|88/100|[from] Sandstorm
|upkeep
|
|t:|1782228438
|switch|p1b: Tyranitar|Tyranitar, L50, M|100/100
|switch|p1a: Houndstone|Houndstone, L50, F|100/100
|turn|3
|
|t:|1782228452
|detailschange|p1b: Tyranitar|Tyranitar-Mega, L50, M
|-mega|p1b: Tyranitar|Tyranitar|Tyranitarite
|move|p1a: Houndstone|Body Press|p2a: Kingambit
|-supereffective|p2a: Kingambit|2
|-enditem|p2a: Kingambit|Chople Berry|[eat]
|-enditem|p2a: Kingambit|Chople Berry|[weaken]
|-damage|p2a: Kingambit|73/100
|move|p2b: Raichu|Focus Blast|p1b: Tyranitar
|-supereffective|p1b: Tyranitar|2
|-damage|p1b: Tyranitar|18/100
|move|p1b: Tyranitar|Ice Punch|p2b: Raichu
|-damage|p2b: Raichu|39/100
|move|p2a: Kingambit|Kowtow Cleave|p1a: Houndstone
|-supereffective|p1a: Houndstone|1
|-crit|p1a: Houndstone
|-damage|p1a: Houndstone|0 fnt
|faint|p1a: Houndstone
|
|-weather|Sandstorm|[upkeep]
|-damage|p2b: Raichu|33/100|[from] Sandstorm
|upkeep
|turn|4
|inactive|wodaiogien has 30 seconds left.
|
|t:|1782228478
|move|p1b: Tyranitar|Protect|p1b: Tyranitar
|-singleturn|p1b: Tyranitar|Protect
|move|p2a: Kingambit|Sucker Punch||[still]
|-fail|p2a: Kingambit
|move|p2b: Raichu|Focus Blast|p1b: Tyranitar
|-activate|p1b: Tyranitar|move: Protect
|
|-weather|Sandstorm|[upkeep]
|-damage|p2b: Raichu|28/100|[from] Sandstorm
|upkeep
|turn|5
|
|t:|1782228498
|move|p2a: Kingambit|Sucker Punch|p1b: Tyranitar
|-resisted|p1b: Tyranitar|1
|-damage|p1b: Tyranitar|7/100
|move|p2b: Raichu|Focus Blast|p1b: Tyranitar
|-supereffective|p1b: Tyranitar|2
|-damage|p1b: Tyranitar|0 fnt
|faint|p1b: Tyranitar
|
|win|wodaiogien
|raw|tfader's rating: 1087 → 1058(-29 for losing)
|raw|wodaiogien's rating: 1000 → 1050(+50 for winning)
|l|☆tfader
|player|p1|
