|j|☆Drilo
|j|☆1#MiraidonHater
|html|Drilo1#MiraidonHater    
|uhtml|bestof|Game 2 of a best-of-3
|t:|1782385558
|gametype|doubles
|player|p1|Drilo|veteran|1040
|player|p2|1#MiraidonHater|volkner|1132
|gen|9
|tier|[Gen 9 Champions] VGC 2026 Reg M-B (Bo3)
|rated|
|rule|Species Clause: Limit one of each Pokémon
|rule|Item Clause: Limit 1 of each item
|clearpoke
|poke|p1|Pyroar, L50, M|
|poke|p1|Whimsicott, L50, M|
|poke|p1|Basculegion, L50, M|
|poke|p1|Farigiraf, L50, M|
|poke|p1|Floette-Eternal, L50, F|
|poke|p1|Ninetales, L50, F, shiny|
|poke|p2|Dragalge, L50, F|
|poke|p2|Floette-Eternal, L50, F|
|poke|p2|Corviknight, L50, M|
|poke|p2|Incineroar, L50, F|
|poke|p2|Hydreigon, L50, M|
|poke|p2|Sinistcha, L50|
|teampreview|4
|showteam|p1|Pyroar||Pyroarite|Unnerve|HeatWave,HyperVoice,ScorchingSands,Protect|Timid||M|||50|]Whimsicott||FocusSash|Prankster|Tailwind,SunnyDay,Protect,Moonblast|Timid||M|||50|]Basculegion||LifeOrb|Adaptability|WaveCrash,AquaJet,LastRespects,Protect|Jolly||M|||50|]Farigiraf||SitrusBerry|ArmorTail|TwinBeam,Thunderbolt,HelpingHand,TrickRoom|Calm||M|||50|]Floette-Eternal||Floettite|FlowerVeil|LightofRuin,Moonblast,DazzlingGleam,Protect|Timid||F|||50|]Ninetales||ChoiceScarf|Drought|FakeTears,HeatWave,SolarBeam,Overheat|Timid||F|||50|
|showteam|p2|Dragalge||Dragalgite|PoisonPoint|Venoshock,DracoMeteor,Toxic,Protect|Bold||F|||50|]Floette-Eternal||Floettite|FlowerVeil|DrainingKiss,DazzlingGleam,CalmMind,Protect|Timid||F|||50|]Corviknight||Leftovers|MirrorArmor|BodyPress,Tailwind,BraveBird,Roost|Impish||M|||50|]Incineroar||ChopleBerry|Intimidate|FlareBlitz,ThroatChop,FakeOut,PartingShot|Impish||F|||50|]Hydreigon||ChoiceScarf|Levitate|DarkPulse,DracoMeteor,EarthPower,Snarl|Modest||M|||50|]Sinistcha||SitrusBerry|Hospitality|MatchaGotcha,RagePowder,LifeDew,TrickRoom|Calm|||||50|
|j| porygon-epilepz
|
|t:|1782385581
|teamsize|p1|4
|teamsize|p2|4
|start
|switch|p1a: Farigiraf|Farigiraf, L50, M|100/100
|switch|p1b: Whimsicott|Whimsicott, L50, M|100/100
|switch|p2a: Dragalge|Dragalge, L50, F|100/100
|switch|p2b: Hydreigon|Hydreigon, L50, M|100/100
|turn|1
|inactive|Battle timer is ON: inactive players will automatically lose when time's up. (requested by Drilo)
|
|t:|1782385609
|switch|p2b: Incineroar|Incineroar, L50, F|100/100
|-ability|p2b: Incineroar|Intimidate|boost
|-unboost|p1a: Farigiraf|atk|1
|-unboost|p1b: Whimsicott|atk|1
|detailschange|p2a: Dragalge|Dragalge-Mega, L50, F
|-mega|p2a: Dragalge|Dragalge|Dragalgite
|move|p1a: Farigiraf|Helping Hand|p1b: Whimsicott
|-singleturn|p1b: Whimsicott|Helping Hand|[of] p1a: Farigiraf
|move|p1b: Whimsicott|Moonblast|p2b: Incineroar
|-damage|p2b: Incineroar|49/100
|move|p2a: Dragalge|Toxic|p1a: Farigiraf
|-status|p1a: Farigiraf|tox
|
|-damage|p1a: Farigiraf|93/100 tox|[from] psn
|upkeep
|turn|2
|inactive|1#MiraidonHater has 30 seconds left.
|inactive|1#MiraidonHater has 20 seconds left.
|inactive|1#MiraidonHater has 15 seconds left.
|inactive|1#MiraidonHater has 10 seconds left.
|inactive|1#MiraidonHater has 5 seconds left.
|
|t:|1782385664
|move|p1a: Farigiraf|Helping Hand|p1b: Whimsicott
|-singleturn|p1b: Whimsicott|Helping Hand|[of] p1a: Farigiraf
|move|p1b: Whimsicott|Moonblast|p2b: Incineroar
|-damage|p2b: Incineroar|0 fnt
|faint|p2b: Incineroar
|move|p2a: Dragalge|Venoshock|p1b: Whimsicott
|-supereffective|p1b: Whimsicott|2
|-enditem|p1b: Whimsicott|Focus Sash
|-damage|p1b: Whimsicott|1/100
|
|-damage|p1a: Farigiraf|81/100 tox|[from] psn
|upkeep
|
|t:|1782385678
|switch|p2b: Hydreigon|Hydreigon, L50, M|100/100
|turn|3
|
|t:|1782385687
|switch|p1a: Pyroar|Pyroar, L50, M|100/100
|-ability|p1a: Pyroar|Unnerve
|move|p2b: Hydreigon|Snarl|p1a: Pyroar|[spread] p1a,p1b
|-resisted|p1b: Whimsicott|1
|-damage|p1a: Pyroar|64/100
|-damage|p1b: Whimsicott|0 fnt
|-unboost|p1a: Pyroar|spa|1
|faint|p1b: Whimsicott
|move|p2a: Dragalge|Venoshock|p1a: Pyroar
|-damage|p1a: Pyroar|17/100
|
|upkeep
|
|t:|1782385698
|switch|p1b: Ninetales|Ninetales, L50, F, shiny|100/100
|-weather|SunnyDay|[from] ability: Drought|[of] p1b: Ninetales
|turn|4
|
|t:|1782385716
|detailschange|p1a: Pyroar|Pyroar-Mega, L50, M
|-mega|p1a: Pyroar|Pyroar|Pyroarite
|move|p1b: Ninetales|Fake Tears|p2b: Hydreigon
|-unboost|p2b: Hydreigon|spd|2
|move|p2b: Hydreigon|Snarl|p1a: Pyroar|[spread] p1a
|-miss|p2b: Hydreigon|p1b: Ninetales
|-damage|p1a: Pyroar|0 fnt
|faint|p1a: Pyroar
|move|p2a: Dragalge|Toxic|p1b: Ninetales
|-status|p1b: Ninetales|tox
|
|-weather|SunnyDay|[upkeep]
|-damage|p1b: Ninetales|94/100 tox|[from] psn
|upkeep
|
|t:|1782385723
|switch|p1a: Farigiraf|Farigiraf, L50, M|81/100 tox
|turn|5
|
|t:|1782385731
|move|p1b: Ninetales|Fake Tears|p2a: Dragalge
|-unboost|p2a: Dragalge|spd|2
|move|p2b: Hydreigon|Snarl|p1a: Farigiraf|[spread] p1a,p1b
|-supereffective|p1a: Farigiraf|1
|-damage|p1a: Farigiraf|46/100 tox
|-damage|p1b: Ninetales|64/100 tox
|-unboost|p1a: Farigiraf|spa|1
|-unboost|p1b: Ninetales|spa|1
|-enditem|p1a: Farigiraf|Sitrus Berry|[eat]
|-heal|p1a: Farigiraf|70/100 tox|[from] item: Sitrus Berry
|move|p1a: Farigiraf|Twin Beam|p2a: Dragalge
|-supereffective|p2a: Dragalge|1
|-crit|p2a: Dragalge
|-damage|p2a: Dragalge|37/100
|-supereffective|p2a: Dragalge|1
|-damage|p2a: Dragalge|8/100
|-hitcount|p2a: Dragalge|2
|move|p2a: Dragalge|Venoshock|p1b: Ninetales
|-damage|p1b: Ninetales|0 fnt
|faint|p1b: Ninetales
|
|-weather|SunnyDay|[upkeep]
|-damage|p1a: Farigiraf|64/100 tox|[from] psn
|upkeep
|turn|6
|
|t:|1782385750
|move|p2b: Hydreigon|Snarl|p1a: Farigiraf
|-supereffective|p1a: Farigiraf|1
|-damage|p1a: Farigiraf|11/100 tox
|-unboost|p1a: Farigiraf|spa|1
|move|p1a: Farigiraf|Twin Beam|p2a: Dragalge
|-supereffective|p2a: Dragalge|1
|-damage|p2a: Dragalge|0 fnt
|faint|p2a: Dragalge
|-hitcount|p2: Dragalge|1
|
|-weather|SunnyDay|[upkeep]
|-damage|p1a: Farigiraf|0 fnt|[from] psn
|faint|p1a: Farigiraf
|
|win|1#MiraidonHater
||1#MiraidonHater is ready for game 3.
|l|☆Drilo
|player|p1|
|inactive|Drilo has 30 seconds to confirm battle start!
