|j|☆Brutalandathebozz
|j|☆llufamistica
|html|Brutalandathebozzllufamistica    
|uhtml|bestof|Game 2 of a best-of-3
|t:|1756283426
|gametype|doubles
|player|p1|Brutalandathebozz|102|1221
|player|p2|llufamistica|dragontamer|1179
|gen|9
|tier|[Gen 9] VGC 2025 Reg H (Bo3)
|rated|
|rule|Species Clause: Limit one of each Pokémon
|rule|Item Clause: Limit 1 of each item
|clearpoke
|poke|p1|Salamence, L50, F|
|poke|p1|Sneasler, L50, F|
|poke|p1|Kingambit, L50, M|
|poke|p1|Primarina, L50, F|
|poke|p1|Electabuzz, L50, F|
|poke|p1|Rillaboom, L50, F|
|poke|p2|Murkrow, L50, M|
|poke|p2|Garchomp, L50, M|
|poke|p2|Toxtricity, L50, M|
|poke|p2|Zoroark-Hisui, L50, M|
|poke|p2|Indeedee-F, L50, F|
|poke|p2|Annihilape, L50, F|
|teampreview|4
|showteam|p1|Salamence||LifeOrb|Intimidate|DualWingbeat,DracoMeteor,Protect,Tailwind|||F|||50|,,,,,Stellar]Sneasler||FocusSash|PoisonTouch|FakeOut,CloseCombat,DireClaw,Protect|||F|||50|,,,,,Ghost]Kingambit||BlackGlasses|Defiant|KowtowCleave,SuckerPunch,Protect,SwordsDance|||M|||50|,,,,,Dark]Primarina||SitrusBerry|LiquidVoice|HyperVoice,Moonblast,Protect,Haze|||F|||50|,,,,,Poison]Electabuzz||Eviolite|VitalSpirit|Protect,Taunt,FollowMe,Electroweb|||F|||50|,,,,,Ghost]Rillaboom||AssaultVest|GrassySurge|WoodHammer,GrassyGlide,FakeOut,HighHorsepower|||F|||50|,,,,,Fire
|showteam|p2|Murkrow||Eviolite|Prankster|Tailwind,BraveBird,Quash,Haze|||M|||50|,,,,,Ghost]Garchomp||LifeOrb|RoughSkin|Earthquake,IronHead,RockSlide,Protect|||M|||50|,,,,,Steel]Toxtricity||ChoiceSpecs|PunkRock|Boomburst,Overdrive,VoltSwitch,SludgeBomb|||M|||50|,,,,,Normal]Zoroark-Hisui||FocusSash|Illusion|ShadowBall,Protect,HyperVoice,NastyPlot|||M|||50|,,,,,Stellar]Indeedee-F||SafetyGoggles|Synchronize|FollowMe,HelpingHand,FakeOut,ShadowBall|||F|||50|,,,,,Ghost]Annihilape||ChoiceScarf|Defiant|FinalGambit,HelpingHand,ShadowClaw,CloseCombat|||F|||50|,,,,,Grass
|inactive|Battle timer is ON: inactive players will automatically lose when time's up. (requested by llufamistica)
|
|t:|1756283454
|teamsize|p1|4
|teamsize|p2|4
|start
|switch|p1a: Primarina|Primarina, L50, F|100/100
|switch|p1b: Rillaboom|Rillaboom, L50, F|100/100
|switch|p2a: Murkrow|Murkrow, L50, M, shiny|100/100
|switch|p2b: Garchomp|Garchomp, L50, M, shiny|100/100
|-fieldstart|move: Grassy Terrain|[from] ability: Grassy Surge|[of] p1b: Rillaboom
|turn|1
|inactive|llufamistica has 30 seconds left.
|inactive|llufamistica has 20 seconds left.
|inactive|Brutalandathebozz has 30 seconds left.
|inactive|llufamistica has 15 seconds left.
|inactive|llufamistica has 10 seconds left.
|
|t:|1756283504
|-terastallize|p2a: Murkrow|Ghost
|move|p2b: Garchomp|Nasty Plot|p2b: Garchomp
|-boost|p2b: Garchomp|spa|2
|move|p1b: Rillaboom|Wood Hammer|p2b: Garchomp
|-enditem|p2b: Garchomp|Focus Sash
|-damage|p2b: Garchomp|1/100
|replace|p2b: Zoroark|Zoroark-Hisui, L50, M, shiny
|-end|p2b: Zoroark|Illusion
|-damage|p1b: Rillaboom|78/100|[from] Recoil
|move|p2a: Murkrow|Brave Bird|p1b: Rillaboom
|-supereffective|p1b: Rillaboom
|-damage|p1b: Rillaboom|3/100
|-damage|p2a: Murkrow|72/100|[from] Recoil
|move|p1a: Primarina|Hyper Voice|p2a: Murkrow|[spread] p2a,p2b
|-damage|p2a: Murkrow|32/100
|-damage|p2b: Zoroark|0 fnt
|faint|p2b: Zoroark
|
|-heal|p1b: Rillaboom|9/100|[from] Grassy Terrain
|-heal|p2a: Murkrow|38/100|[from] Grassy Terrain
|upkeep
|
|t:|1756283528
|switch|p2b: Indeedee|Indeedee-F, L50, F|100/100
|turn|2
|inactive|llufamistica has 30 seconds left.
|
|t:|1756283559
|switch|p1b: Salamence|Salamence, L50, F|100/100
|-ability|p1b: Salamence|Intimidate|boost
|-unboost|p2a: Murkrow|atk|1
|-unboost|p2b: Indeedee|atk|1
|move|p1a: Primarina|Protect|p1a: Primarina
|-singleturn|p1a: Primarina|Protect
|move|p2b: Indeedee|Fake Out|p1a: Primarina
|-activate|p1a: Primarina|move: Protect
|move|p2a: Murkrow|Brave Bird|p1b: Salamence
|-damage|p1b: Salamence|78/100
|-damage|p2a: Murkrow|29/100|[from] Recoil
|
|-heal|p2a: Murkrow|35/100|[from] Grassy Terrain
|upkeep
|turn|3
|inactive|llufamistica has 30 seconds left.
|inactive|llufamistica has 20 seconds left.
|inactive|llufamistica has 15 seconds left.
|inactive|llufamistica has 10 seconds left.
|
|t:|1756283606
|switch|p2b: Garchomp|Garchomp, L50, M, shiny|100/100
|move|p2a: Murkrow|Tailwind|p2a: Murkrow
|-sidestart|p2: llufamistica|move: Tailwind
|move|p1b: Salamence|Dual Wingbeat|p2b: Garchomp
|-damage|p2b: Garchomp|75/100
|-damage|p1b: Salamence|66/100|[from] ability: Rough Skin|[of] p2b: Garchomp
|-damage|p2b: Garchomp|51/100
|-damage|p1b: Salamence|54/100|[from] ability: Rough Skin|[of] p2b: Garchomp
|-hitcount|p2b: Garchomp|2
|-damage|p1b: Salamence|44/100|[from] item: Life Orb
|move|p1a: Primarina|Hyper Voice|p2b: Garchomp|[spread] p2a,p2b
|-damage|p2a: Murkrow|0 fnt
|-damage|p2b: Garchomp|16/100
|faint|p2a: Murkrow
|
|-heal|p2b: Garchomp|22/100|[from] Grassy Terrain
|upkeep
|
|t:|1756283623
|switch|p2a: Indeedee|Indeedee-F, L50, F|100/100
|turn|4
|inactive|Brutalandathebozz has 30 seconds left.
|inactive|Brutalandathebozz has 20 seconds left.
|inactive|Brutalandathebozz has 15 seconds left.
|inactive|Brutalandathebozz has 10 seconds left.
|inactive|Brutalandathebozz has 5 seconds left.
|
|t:|1756283676
|switch|p1b: Rillaboom|Rillaboom, L50, F|9/100
|move|p2a: Indeedee|Fake Out|p1a: Primarina
|-damage|p1a: Primarina|91/100
|move|p2b: Garchomp|Rock Slide|p1a: Primarina|[spread] p1b
|-miss|p2b: Garchomp|p1a: Primarina
|-damage|p1b: Rillaboom|0 fnt
|faint|p1b: Rillaboom
|-damage|p2b: Garchomp|13/100|[from] item: Life Orb
|cant|p1a: Primarina|flinch
|
|-heal|p2b: Garchomp|19/100|[from] Grassy Terrain
|-heal|p1a: Primarina|97/100|[from] Grassy Terrain
|upkeep
|
|t:|1756283679
|switch|p1b: Salamence|Salamence, L50, F|44/100
|-ability|p1b: Salamence|Intimidate|boost
|-unboost|p2a: Indeedee|atk|1
|-unboost|p2b: Garchomp|atk|1
|turn|5
|inactive|llufamistica has 30 seconds left.
|inactive|llufamistica has 20 seconds left.
|inactive|llufamistica has 15 seconds left.
|
|t:|1756283721
|switch|p1b: Electabuzz|Electabuzz, L50, F|100/100
|move|p2a: Indeedee|Helping Hand|p2b: Garchomp
|-singleturn|p2b: Garchomp|Helping Hand|[of] p2a: Indeedee
|move|p2b: Garchomp|Rock Slide|p1b: Electabuzz|[spread] p1b
|-miss|p2b: Garchomp|p1a: Primarina
|-damage|p1b: Electabuzz|76/100
|-damage|p2b: Garchomp|9/100|[from] item: Life Orb
|move|p1a: Primarina|Hyper Voice|p2b: Garchomp|[spread] p2a,p2b
|-crit|p2a: Indeedee
|-damage|p2a: Indeedee|55/100
|-damage|p2b: Garchomp|0 fnt
|faint|p2b: Garchomp
|
|-heal|p2a: Indeedee|61/100|[from] Grassy Terrain
|-heal|p1b: Electabuzz|82/100|[from] Grassy Terrain
|-heal|p1a: Primarina|100/100|[from] Grassy Terrain
|-fieldend|move: Grassy Terrain
|upkeep
|turn|6
|-message|llufamistica forfeited.
|
|win|Brutalandathebozz
||llufamistica is ready for game 3.
|inactive|Brutalandathebozz has 30 seconds to confirm battle start!
|inactive|Brutalandathebozz has 20 seconds to confirm battle start!
|inactive|Brutalandathebozz has 10 seconds to confirm battle start!
|uhtml|next|Next: Game 3 of 3
|l|☆Brutalandathebozz
|player|p1|
