|j|☆Pelosis
|j|☆GymGlofer
|html|PelosisGymGlofer    
|uhtml|bestof|Game 1 of a best-of-3
|t:|1784313068
|gametype|doubles
|player|p1|Pelosis|266|1104
|player|p2|GymGlofer|blackbelt|1026
|gen|9
|tier|[Gen 9 Champions] VGC 2026 Reg M-B (Bo3)
|rated|
|rule|Species Clause: Limit one of each Pokémon
|rule|Item Clause: Limit 1 of each item
|clearpoke
|poke|p1|Metagross, L50|
|poke|p1|Hydreigon, L50, F|
|poke|p1|Talonflame, L50, F|
|poke|p1|Sylveon, L50, M|
|poke|p1|Sneasler, L50, F|
|poke|p1|Ninetales-Alola, L50, F|
|poke|p2|Emboar, L50, F|
|poke|p2|Arcanine-Hisui, L50, M|
|poke|p2|Ninetales, L50, M|
|poke|p2|Talonflame, L50, F|
|poke|p2|Houndoom, L50, F|
|poke|p2|Skeledirge, L50, M|
|teampreview|4
|showteam|p1|Metagross||Metagrossite|ClearBody|Protect,IronHead,ThunderPunch,PsychicFangs|Jolly|||||50|]Hydreigon||ChoiceScarf|Levitate|Snarl,DragonPulse,DarkPulse,EarthPower|Modest||F|||50|]Talonflame||SharpBeak|GaleWings|Protect,DualWingbeat,Tailwind,FlareBlitz|Adamant||F|||50|]Sylveon||FairyFeather|Pixilate|Protect,DrainingKiss,HyperVoice,CalmMind|Modest||M|||50|]Sneasler||FocusSash|Unburden|FakeOut,DireClaw,CloseCombat,Coaching|Jolly||F|||50|]Ninetales-Alola||LightClay|SnowWarning|Protect,AuroraVeil,Blizzard,FreezeDry|Timid||F|||50|
|showteam|p2|Emboar||Emboarite|Reckless|FlareBlitz,CloseCombat,SuckerPunch,Protect|Adamant||F|||50|]Arcanine-Hisui||ChoiceScarf|Intimidate|RagingFury,HeadSmash,ExtremeSpeed,RockSlide|Jolly||M|||50|]Ninetales||WideLens|Drought|Overheat,SolarBeam,Encore,Disable|Timid||M|||50|]Talonflame||FocusSash|GaleWings|BlazeKick,DualWingbeat,Tailwind,QuickGuard|Jolly||F|||50|]Houndoom||Houndoominite|Unnerve|HeatWave,DarkPulse,NastyPlot,Protect|Timid||F|||50|]Skeledirge||LifeOrb|Unaware|TorchSong,ShadowBall,EarthPower,Protect|Serious||M|||50|
|inactive|Battle timer is ON: inactive players will automatically lose when time's up. (requested by Pelosis)
|inactive|Pelosis has 60 seconds left.
|
|t:|1784313184
|teamsize|p1|4
|teamsize|p2|4
|start
|switch|p1a: Sneasler|Sneasler, L50, F|100/100
|switch|p1b: Hydreigon|Hydreigon, L50, F|100/100
|switch|p2a: Arcanine|Arcanine-Hisui, L50, M|100/100
|switch|p2b: Skeledirge|Skeledirge, L50, M|100/100
|-ability|p2a: Arcanine|Intimidate|boost
|-unboost|p1a: Sneasler|atk|1
|-unboost|p1b: Hydreigon|atk|1
|turn|1
|inactive|Pelosis has 30 seconds left.
|
|t:|1784313214
|move|p1a: Sneasler|Fake Out|p2a: Arcanine
|-resisted|p2a: Arcanine|1
|-damage|p2a: Arcanine|94/100
|cant|p2a: Arcanine|flinch
|move|p1b: Hydreigon|Earth Power|p2b: Skeledirge
|-supereffective|p2b: Skeledirge|1
|-damage|p2b: Skeledirge|30/100
|move|p2b: Skeledirge|Earth Power|p1a: Sneasler
|-supereffective|p1a: Sneasler|1
|-damage|p1a: Sneasler|1/100
|-damage|p2b: Skeledirge|20/100y|[from] item: Life Orb
|
|upkeep
|turn|2
|
|t:|1784313235
|switch|p1a: Sylveon|Sylveon, L50, M|100/100
|move|p2a: Arcanine|Extreme Speed|p1a: Sylveon
|-damage|p1a: Sylveon|70/100
|move|p1b: Hydreigon|Earth Power|p2b: Skeledirge
|-supereffective|p2b: Skeledirge|1
|-damage|p2b: Skeledirge|0 fnt
|faint|p2b: Skeledirge
|
|upkeep
|
|t:|1784313247
|switch|p2b: Ninetales|Ninetales, L50, M|100/100
|-weather|SunnyDay|[from] ability: Drought|[of] p2b: Ninetales
|turn|3
|
|t:|1784313263
|switch|p1a: Ninetales|Ninetales-Alola, L50, F|100/100
|-weather|Snowscape|[from] ability: Snow Warning|[of] p1a: Ninetales
|move|p2a: Arcanine|Extreme Speed|p1a: Ninetales
|-damage|p1a: Ninetales|72/100
|move|p1b: Hydreigon|Earth Power|p2b: Ninetales
|-supereffective|p2b: Ninetales|1
|-damage|p2b: Ninetales|24/100
|move|p2b: Ninetales|Disable|p1b: Hydreigon
|-start|p1b: Hydreigon|Disable|Earth Power
|
|-weather|Snowscape|[upkeep]
|upkeep
|turn|4
|
|t:|1784313285
|switch|p2a: Houndoom|Houndoom, L50, F|100/100
|-ability|p2a: Houndoom|Unnerve
|switch|p1b: Sneasler|Sneasler, L50, F|1/100
|move|p1a: Ninetales|Aurora Veil|p1a: Ninetales
|-sidestart|p1: Pelosis|move: Aurora Veil
|move|p2b: Ninetales|Overheat|p1a: Ninetales
|-supereffective|p1a: Ninetales|1
|-damage|p1a: Ninetales|0 fnt
|-unboost|p2b: Ninetales|spa|2
|faint|p1a: Ninetales
|
|-weather|Snowscape|[upkeep]
|upkeep
|
|t:|1784313303
|switch|p1a: Hydreigon|Hydreigon, L50, F|100/100
|turn|5
|
|t:|1784313313
|switch|p2b: Arcanine|Arcanine-Hisui, L50, M|94/100
|-ability|p2b: Arcanine|Intimidate|boost
|-unboost|p1a: Hydreigon|atk|1
|-unboost|p1b: Sneasler|atk|1
|detailschange|p2a: Houndoom|Houndoom-Mega, L50, F
|-mega|p2a: Houndoom|Houndoom|Houndoominite
|move|p1b: Sneasler|Fake Out|p2a: Houndoom
|-damage|p2a: Houndoom|86/100
|move|p1a: Hydreigon|Earth Power|p2b: Arcanine
|-supereffective|p2b: Arcanine|2
|-damage|p2b: Arcanine|0 fnt
|faint|p2b: Arcanine
|cant|p2a: Houndoom|flinch
|
|-weather|Snowscape|[upkeep]
|upkeep
|
|t:|1784313321
|switch|p2b: Ninetales|Ninetales, L50, M|24/100
|-weather|SunnyDay|[from] ability: Drought|[of] p2b: Ninetales
|turn|6
|
|t:|1784313336
|move|p1a: Hydreigon|Earth Power|p2b: Ninetales
|-supereffective|p2b: Ninetales|1
|-damage|p2b: Ninetales|0 fnt
|faint|p2b: Ninetales
|move|p1b: Sneasler|Close Combat|p2a: Houndoom
|-supereffective|p2a: Houndoom|1
|-damage|p2a: Houndoom|0 fnt
|-unboost|p1b: Sneasler|def|1
|-unboost|p1b: Sneasler|spd|1
|faint|p2a: Houndoom
|
|win|Pelosis
|l|☆GymGlofer
|player|p2|
||GymGlofer is ready for game 2.
