|j|☆robby w
|j|☆BoloinaBox
|html|robby wBoloinaBox    
|uhtml|bestof|Game 2 of a best-of-3
|t:|1756748418
|gametype|doubles
|player|p1|robby w|pokefan-gen4|1225
|player|p2|BoloinaBox|101|1145
|gen|9
|tier|[Gen 9] VGC 2025 Reg H (Bo3)
|rated|
|rule|Species Clause: Limit one of each Pokémon
|rule|Item Clause: Limit 1 of each item
|clearpoke
|poke|p1|Dondozo, L50, M|
|poke|p1|Tatsugiri, L50, F|
|poke|p1|Sneasler, L50, F|
|poke|p1|Whimsicott, L50, M|
|poke|p1|Indeedee, L50, M|
|poke|p1|Hydreigon, L50, F|
|poke|p2|Pelipper, L50, M|
|poke|p2|Archaludon, L50, F|
|poke|p2|Greninja-*, L50, M|
|poke|p2|Amoonguss, L50, M|
|poke|p2|Salamence, L50, M|
|poke|p2|Basculegion, L50, M|
|teampreview|4
|showteam|p1|Dondozo||Leftovers|Unaware|Protect,WaveCrash,Earthquake,OrderUp|||M|||50|,,,,,Grass]Tatsugiri||ChoiceScarf|Commander|DragonPulse,IcyWind,DracoMeteor,MuddyWater|||F|||50|,,,,,Stellar]Sneasler||PsychicSeed|Unburden|DireClaw,CloseCombat,Protect,ThroatChop|||F|||50|,,,,,Dark]Whimsicott||CovertCloak|Prankster|Tailwind,Moonblast,Taunt,HelpingHand|||M|||50|,,,,,Dark]Indeedee||FocusSash|PsychicSurge|ExpandingForce,TrickRoom,DazzlingGleam,Protect|||M|||50|,,,,,Fairy]Hydreigon||LifeOrb|Levitate|DracoMeteor,Snarl,HeatWave,Protect|||F|||50|,,,,,Steel
|showteam|p2|Pelipper||ChoiceScarf|Drizzle|WeatherBall,Hurricane,FeatherDance,Uturn|||M|||50|,,,,,Ghost]Archaludon||AssaultVest|Stamina|ElectroShot,FlashCannon,BodyPress,Snarl|||F|||50|,,,,,Fighting]Greninja||LoadedDice|Protean|WaterShuriken,DarkPulse,IceBeam,Protect|||M|||50|,,,,,Ghost]Amoonguss||SitrusBerry|Regenerator|ClearSmog,PollenPuff,RagePowder,Spore|||M|||50|,,,,,Fairy]Salamence||LifeOrb|Intimidate|DracoMeteor,Hurricane,Tailwind,Protect|||M|||50|,,,,,Flying]Basculegion||ChoiceBand|SwiftSwim|WaveCrash,LastRespects,TeraBlast,FlipTurn|||M|||50|,,,,,Grass
|inactive|Battle timer is ON: inactive players will automatically lose when time's up. (requested by BoloinaBox)
|
|t:|1756748442
|teamsize|p1|4
|teamsize|p2|4
|start
|switch|p1a: Whimsicott|Whimsicott, L50, M|100/100
|switch|p1b: Hydreigon|Hydreigon, L50, F|100/100
|switch|p2a: Greninja|Greninja, L50, M|100/100
|switch|p2b: Pelipper|Pelipper, L50, M|100/100
|-weather|RainDance|[from] ability: Drizzle|[of] p2b: Pelipper
|turn|1
|inactive|robby w has 30 seconds left.
|inactive|BoloinaBox has 30 seconds left.
|
|t:|1756748470
|move|p1a: Whimsicott|Tailwind|p1a: Whimsicott
|-sidestart|p1: robby w|move: Tailwind
|move|p1b: Hydreigon|Snarl|p2a: Greninja|[spread] p2a,p2b
|-resisted|p2a: Greninja
|-damage|p2a: Greninja|75/100
|-damage|p2b: Pelipper|48/100
|-unboost|p2a: Greninja|spa|1
|-unboost|p2b: Pelipper|spa|1
|-damage|p1b: Hydreigon|91/100|[from] item: Life Orb
|move|p2b: Pelipper|Hurricane|p1a: Whimsicott
|-supereffective|p1a: Whimsicott
|-damage|p1a: Whimsicott|0 fnt
|faint|p1a: Whimsicott
|move|p2a: Greninja|Ice Beam|p1b: Hydreigon
|-start|p2a: Greninja|typechange|Ice|[from] ability: Protean
|-supereffective|p1b: Hydreigon
|-damage|p1b: Hydreigon|27/100
|
|-weather|RainDance|[upkeep]
|upkeep
|
|t:|1756748491
|switch|p1a: Sneasler|Sneasler, L50, F|100/100
|turn|2
|
|t:|1756748504
|switch|p1b: Indeedee|Indeedee, L50, M|100/100
|-fieldstart|move: Psychic Terrain|[from] ability: Psychic Surge|[of] p1b: Indeedee
|-enditem|p1a: Sneasler|Psychic Seed
|-boost|p1a: Sneasler|spd|1|[from] item: Psychic Seed
|switch|p2b: Archaludon|Archaludon, L50, F, shiny|100/100
|move|p2a: Greninja|Water Shuriken|p2b: Archaludon
|-resisted|p2b: Archaludon
|-damage|p2b: Archaludon|98/100
|-ability|p2b: Archaludon|Stamina|boost
|-boost|p2b: Archaludon|def|1
|-resisted|p2b: Archaludon
|-damage|p2b: Archaludon|97/100
|-ability|p2b: Archaludon|Stamina|boost
|-boost|p2b: Archaludon|def|1
|-resisted|p2b: Archaludon
|-crit|p2b: Archaludon
|-damage|p2b: Archaludon|93/100
|-ability|p2b: Archaludon|Stamina|boost
|-boost|p2b: Archaludon|def|1
|-resisted|p2b: Archaludon
|-damage|p2b: Archaludon|92/100
|-ability|p2b: Archaludon|Stamina|boost
|-boost|p2b: Archaludon|def|1
|-hitcount|p2b: Archaludon|4
|move|p1a: Sneasler|Dire Claw|p2b: Archaludon
|-immune|p2b: Archaludon
|
|-weather|RainDance|[upkeep]
|upkeep
|turn|3
|inactive|robby w has 30 seconds left.
|inactive|BoloinaBox has 30 seconds left.
|inactive|robby w has 20 seconds left.
|inactive|BoloinaBox has 20 seconds left.
|
|t:|1756748548
|move|p1a: Sneasler|Close Combat|p2b: Archaludon
|-supereffective|p2b: Archaludon
|-damage|p2b: Archaludon|53/100
|-unboost|p1a: Sneasler|def|1
|-unboost|p1a: Sneasler|spd|1
|-ability|p2b: Archaludon|Stamina|boost
|-boost|p2b: Archaludon|def|1
|move|p1b: Indeedee|Expanding Force|p2a: Greninja|[spread] p2a,p2b
|-resisted|p2b: Archaludon
|-damage|p2a: Greninja|0 fnt
|-damage|p2b: Archaludon|35/100
|-ability|p2b: Archaludon|Stamina|boost
|-boost|p2b: Archaludon|def|1
|faint|p2a: Greninja
|move|p2b: Archaludon|Electro Shot||[still]
|-prepare|p2b: Archaludon|Electro Shot
|-boost|p2b: Archaludon|spa|1
|-anim|p2b: Archaludon|Electro Shot|p1b: Indeedee
|-damage|p1b: Indeedee|15/100
|
|-weather|RainDance|[upkeep]
|upkeep
|
|t:|1756748564
|switch|p2a: Pelipper|Pelipper, L50, M|48/100
|turn|4
|inactive|BoloinaBox has 30 seconds left.
|
|t:|1756748599
|move|p1a: Sneasler|Dire Claw|p2a: Pelipper
|-damage|p2a: Pelipper|0 fnt
|faint|p2a: Pelipper
|move|p1b: Indeedee|Expanding Force|p2b: Archaludon
|-resisted|p2b: Archaludon
|-damage|p2b: Archaludon|11/100
|move|p2b: Archaludon|Electro Shot||[still]
|-prepare|p2b: Archaludon|Electro Shot
|-boost|p2b: Archaludon|spa|1
|-anim|p2b: Archaludon|Electro Shot|p1a: Sneasler
|-damage|p1a: Sneasler|0 fnt
|faint|p1a: Sneasler
|
|-weather|RainDance|[upkeep]
|-sideend|p1: robby w|move: Tailwind
|upkeep
|
|t:|1756748612
|switch|p1a: Hydreigon|Hydreigon, L50, F|27/100
|switch|p2a: Amoonguss|Amoonguss, L50, M|100/100
|turn|5
|
|t:|1756748634
|-terastallize|p2a: Amoonguss|Fairy
|move|p1b: Indeedee|Expanding Force|p2a: Amoonguss|[spread] p2a,p2b
|-resisted|p2b: Archaludon
|-damage|p2a: Amoonguss|54/100
|-damage|p2b: Archaludon|0 fnt
|faint|p2b: Archaludon
|move|p1a: Hydreigon|Snarl|p2a: Amoonguss
|-resisted|p2a: Amoonguss
|-damage|p2a: Amoonguss|37/100
|-unboost|p2a: Amoonguss|spa|1
|-enditem|p2a: Amoonguss|Sitrus Berry|[eat]
|-heal|p2a: Amoonguss|62/100|[from] item: Sitrus Berry
|-damage|p1a: Hydreigon|17/100|[from] item: Life Orb
|move|p2a: Amoonguss|Pollen Puff|p1b: Indeedee
|-supereffective|p1b: Indeedee
|-damage|p1b: Indeedee|0 fnt
|faint|p1b: Indeedee
|
|-weather|none
|upkeep
|turn|6
|
|t:|1756748653
|move|p1a: Hydreigon|Heat Wave|p2a: Amoonguss
|-damage|p2a: Amoonguss|20/100
|-status|p2a: Amoonguss|brn
|-damage|p1a: Hydreigon|8/100|[from] item: Life Orb
|move|p2a: Amoonguss|Spore|p1a: Hydreigon
|-status|p1a: Hydreigon|slp|[from] move: Spore
|
|-damage|p2a: Amoonguss|14/100 brn|[from] brn
|-fieldend|move: Psychic Terrain
|upkeep
|turn|7
|-message|robby w forfeited.
|
|win|BoloinaBox
|raw|robby w's rating: 1225 → 1194(-31 for losing)
|raw|BoloinaBox's rating: 1145 → 1176(+31 for winning)
|l|☆robby w
|player|p1|
|l|☆BoloinaBox
|player|p2|
|j|☆robby w
|player|p1|robby w|pokefan-gen4|
