|j|☆justsillys
|j|☆Daybs
|html|justsillysDaybs    
|uhtml|bestof|Game 2 of a best-of-3
|t:|1785952315
|gametype|doubles
|player|p1|justsillys|101|1082
|player|p2|Daybs|burglar|1111
|gen|9
|tier|[Gen 9 Champions] VGC 2026 Reg M-B (Bo3)
|rated|
|rule|Species Clause: Limit one of each Pokémon
|rule|Item Clause: Limit 1 of each item
|clearpoke
|poke|p1|Hatterene, L50, F|
|poke|p1|Oranguru, L50, M|
|poke|p1|Mawile, L50, F|
|poke|p1|Kangaskhan, L50, F|
|poke|p1|Venusaur, L50, M|
|poke|p1|Torkoal, L50, M|
|poke|p2|Sneasler, L50, M|
|poke|p2|Blastoise, L50, M|
|poke|p2|Kingambit, L50, M|
|poke|p2|Incineroar, L50, M|
|poke|p2|Delphox, L50, F|
|poke|p2|Sinistcha, L50|
|teampreview|4
|showteam|p1|Hatterene||LifeOrb|MagicBounce|Protect,Psychic,TrickRoom,DazzlingGleam|Quiet||F|||50|]Oranguru||MentalHerb|InnerFocus|Protect,Instruct,Psychic,TrickRoom|Bold||M|||50|]Mawile||Mawilite|HyperCutter|SuckerPunch,PlayRough,Protect,IronHead|Brave||F|||50|]Kangaskhan||SilkScarf|Scrappy|LastResort,FakeOut|Brave||F|||50|]Venusaur||FocusSash|Chlorophyll|LeafStorm,SludgeBomb,SleepPowder,Protect|Modest||M|||50|]Torkoal||Charcoal|Drought|Eruption,Protect,EarthPower,HeatWave|Quiet||M|||50|
|showteam|p2|Sneasler||FocusSash|PoisonTouch|PoisonJab,CloseCombat,FakeOut,QuickGuard|Jolly||M|||50|]Blastoise||Blastoisinite|RainDish|DarkPulse,WaterSpout,ShellSmash,Protect|Modest||M|||50|]Kingambit||BlackGlasses|Defiant|KowtowCleave,SuckerPunch,SwordsDance,Protect|Adamant||M|||50|]Incineroar||SitrusBerry|Intimidate|FlareBlitz,HelpingHand,PartingShot,FakeOut|Careful||M|||50|]Delphox||Delphoxite|Blaze|HeatWave,NastyPlot,Psyshock,Protect|Modest||F|||50|]Sinistcha||KasibBerry|Hospitality|MatchaGotcha,RagePowder,TrickRoom,Protect|Bold|||||50|
|inactive|Battle timer is ON: inactive players will automatically lose when time's up. (requested by Daybs)
|
|t:|1785952365
|teamsize|p1|4
|teamsize|p2|4
|start
|switch|p1a: Alolan Rillaboom|Oranguru, L50, M|100/100
|switch|p1b: Luchona|Kangaskhan, L50, F|100/100
|switch|p2a: Delphox|Delphox, L50, F|100/100
|switch|p2b: Kingambit|Kingambit, L50, M|100/100
|turn|1
|
|t:|1785952387
|detailschange|p2a: Delphox|Delphox-Mega, L50, F
|-mega|p2a: Delphox|Delphox|Delphoxite
|move|p1b: Luchona|Fake Out|p2b: Kingambit
|-resisted|p2b: Kingambit|1
|-damage|p2b: Kingambit|92/100
|move|p2a: Delphox|Heat Wave|p1b: Luchona|[spread] p1a,p1b
|-damage|p1a: Alolan Rillaboom|68/100
|-damage|p1b: Luchona|59/100
|cant|p2b: Kingambit|flinch
|move|p1a: Alolan Rillaboom|Trick Room|p1a: Alolan Rillaboom
|-fieldstart|move: Trick Room|[of] p1a: Alolan Rillaboom
|
|upkeep
|turn|2
|inactive|justsillys has 30 seconds left.
|inactive|justsillys has 20 seconds left.
|inactive|justsillys has 15 seconds left.
|
|t:|1785952430
|switch|p1a: T&M|Torkoal, L50, M|100/100
|-weather|SunnyDay|[from] ability: Drought|[of] p1a: T&M
|move|p2b: Kingambit|Protect|p2b: Kingambit
|-singleturn|p2b: Kingambit|Protect
|move|p2a: Delphox|Protect|p2a: Delphox
|-singleturn|p2a: Delphox|Protect
|move|p1b: Luchona|Last Resort|p2a: Delphox
|-activate|p2a: Delphox|move: Protect
|
|-weather|SunnyDay|[upkeep]
|upkeep
|turn|3
|inactive|justsillys has 30 seconds left.
|
|t:|1785952464
|switch|p2b: Incineroar|Incineroar, L50, M|100/100
|-ability|p2b: Incineroar|Intimidate|boost
|-unboost|p1a: T&M|atk|1
|-fail|p1b: Luchona|unboost|Attack|[from] ability: Scrappy|[of] p1b: Luchona
|move|p1a: T&M|Eruption|p2a: Delphox|[spread] p2a,p2b
|-resisted|p2a: Delphox|1
|-resisted|p2b: Incineroar|1
|-damage|p2a: Delphox|65/100
|-damage|p2b: Incineroar|64/100
|move|p1b: Luchona|Last Resort|p2a: Delphox
|-damage|p2a: Delphox|0 fnt
|faint|p2a: Delphox
|
|-weather|SunnyDay|[upkeep]
|upkeep
|
|t:|1785952481
|switch|p2a: Sneasler|Sneasler, L50, M|100/100
|turn|4
|inactive|justsillys has 30 seconds left.
|
|t:|1785952507
|switch|p1b: Transylvania|Hatterene, L50, F|100/100
|move|p1a: T&M|Protect|p1a: T&M
|-singleturn|p1a: T&M|Protect
|move|p2b: Incineroar|Fake Out|p1b: Transylvania
|-damage|p1b: Transylvania|89/100
|move|p2a: Sneasler|Close Combat|p1b: Transylvania
|-resisted|p1b: Transylvania|2
|-damage|p1b: Transylvania|70/100
|-unboost|p2a: Sneasler|def|1
|-unboost|p2a: Sneasler|spd|1
|-status|p1b: Transylvania|psn|[from] ability: Poison Touch|[of] p2a: Sneasler
|
|-weather|SunnyDay|[upkeep]
|-damage|p1b: Transylvania|58/100 psn|[from] psn
|upkeep
|turn|5
|inactive|Daybs has 30 seconds left.
|inactive|Daybs has 20 seconds left.
|
|t:|1785952547
|move|p1a: T&M|Eruption|p2b: Incineroar|[spread] p2a,p2b
|-resisted|p2b: Incineroar|1
|-enditem|p2a: Sneasler|Focus Sash
|-damage|p2a: Sneasler|1/100
|-damage|p2b: Incineroar|28/100
|-enditem|p2b: Incineroar|Sitrus Berry|[eat]
|-heal|p2b: Incineroar|53/100|[from] item: Sitrus Berry
|move|p1b: Transylvania|Dazzling Gleam|p2a: Sneasler|[spread] p2a,p2b
|-damage|p2a: Sneasler|0 fnt
|-damage|p2b: Incineroar|18/100
|faint|p2a: Sneasler
|-damage|p1b: Transylvania|48/100 psn|[from] item: Life Orb
|move|p2b: Incineroar|Parting Shot|p1a: T&M
|-unboost|p1a: T&M|atk|1
|-unboost|p1a: T&M|spa|1
|
|t:|1785952555
|switch|p2b: Kingambit|Kingambit, L50, M|92/100|[from] Parting Shot
|
|-weather|SunnyDay|[upkeep]
|-damage|p1b: Transylvania|36/100 psn|[from] psn
|-fieldend|move: Trick Room
|upkeep
|
|t:|1785952557
|switch|p2a: Incineroar|Incineroar, L50, M|18/100
|-ability|p2a: Incineroar|Intimidate|boost
|-unboost|p1a: T&M|atk|1
|-unboost|p1b: Transylvania|atk|1
|turn|6
|inactive|justsillys has 30 seconds left.
|inactive|justsillys has 20 seconds left.
|inactive|justsillys has 15 seconds left.
|inactive|justsillys has 10 seconds left.
|inactive|justsillys has 5 seconds left.
|
|t:|1785952607
|switch|p1a: Luchona|Kangaskhan, L50, F|59/100
|move|p2a: Incineroar|Fake Out|p1b: Transylvania
|-damage|p1b: Transylvania|25/100 psn
|move|p2b: Kingambit|Kowtow Cleave|p1a: Luchona
|-damage|p1a: Luchona|6/100
|cant|p1b: Transylvania|flinch
|
|-weather|none
|-damage|p1b: Transylvania|12/100 psn|[from] psn
|upkeep
|turn|7
|j| Trobula72
|inactive|justsillys has 30 seconds left.
|
|t:|1785952638
|move|p1a: Luchona|Fake Out|p2b: Kingambit
|-resisted|p2b: Kingambit|1
|-damage|p2b: Kingambit|84/100
|move|p2a: Incineroar|Flare Blitz|p1a: Luchona
|-damage|p1a: Luchona|0 fnt
|faint|p1a: Luchona
|-damage|p2a: Incineroar|16/100|[from] Recoil
|cant|p2b: Kingambit|flinch
|move|p1b: Transylvania|Dazzling Gleam|p2a: Incineroar|[spread] p2a,p2b
|-damage|p2a: Incineroar|0 fnt
|-damage|p2b: Kingambit|48/100
|faint|p2a: Incineroar
|-damage|p1b: Transylvania|3/100 psn|[from] item: Life Orb
|
|-damage|p1b: Transylvania|0 fnt|[from] psn
|faint|p1b: Transylvania
|upkeep
|
|t:|1785952654
|switch|p1a: Alolan Rillaboom|Oranguru, L50, M|68/100
|switch|p1b: T&M|Torkoal, L50, M|100/100
|-weather|SunnyDay|[from] ability: Drought|[of] p1b: T&M
|turn|8
|
|t:|1785952678
|move|p2b: Kingambit|Swords Dance|p2b: Kingambit
|-boost|p2b: Kingambit|atk|2
|move|p1b: T&M|Eruption|p2b: Kingambit
|-supereffective|p2b: Kingambit|1
|-damage|p2b: Kingambit|0 fnt
|faint|p2b: Kingambit
|
|win|justsillys
|l|☆Daybs
|player|p2|
||Daybs is ready for game 3.
