|j|☆Cristante terabug
|j|☆VinceGC
|html|Cristante terabugVinceGC    
|uhtml|bestof|Game 2 of a best-of-3
|t:|1756313358
|gametype|doubles
|player|p1|Cristante terabug|kieran-champion|1197
|player|p2|VinceGC|hilbert|1180
|gen|9
|tier|[Gen 9] VGC 2025 Reg H (Bo3)
|rated|
|rule|Species Clause: Limit one of each Pokémon
|rule|Item Clause: Limit 1 of each item
|clearpoke
|poke|p1|Kommo-o, L50, F|
|poke|p1|Gholdengo, L50|
|poke|p1|Sneasler, L50, M|
|poke|p1|Rillaboom, L50, F|
|poke|p1|Dondozo, L50, F|
|poke|p1|Electabuzz, L50, F|
|poke|p2|Sneasler, L50, F|
|poke|p2|Indeedee, L50, M|
|poke|p2|Bronzong, L50|
|poke|p2|Politoed, L50, M|
|poke|p2|Archaludon, L50, M|
|poke|p2|Maushold, L50|
|teampreview|4
|showteam|p1|Kommo-o||ThroatSpray|Overcoat|ClangorousSoul,ClangingScales,Flamethrower,Protect|||F|||50|,,,,,Fire]Gholdengo||ChoiceSpecs|GoodasGold|MakeItRain,Thunderbolt,DazzlingGleam,ShadowBall||||||50|,,,,,Fairy]Sneasler||FocusSash|PoisonTouch|FakeOut,DireClaw,CloseCombat,Protect|||M|||50|,,,,,Stellar]Rillaboom||AssaultVest|GrassySurge|FakeOut,GrassyGlide,DrumBeating,HighHorsepower|||F|||50|,,,,,Fire]Dondozo||Leftovers|Unaware|WaveCrash,Fissure,Yawn,Protect|||F|||50|,,,,,Poison]Electabuzz||Eviolite|VitalSpirit|Electroweb,FollowMe,Taunt,Protect|||F|||50|,,,,,Ghost
|showteam|p2|Sneasler||PsychicSeed|Unburden|Protect,DireClaw,CloseCombat,Acrobatics|||F|||50|,,,,,Flying]Indeedee||ChoiceScarf|PsychicSurge|ExpandingForce,DazzlingGleam,ShadowBall,HyperVoice|||M|||50|,,,,,Fairy]Bronzong||MentalHerb|Levitate|TrickRoom,SkillSwap,Safeguard,HeavySlam||||||50|,,,,,Poison]Politoed||Leftovers|Drizzle|Protect,WeatherBall,IceBeam,Haze|||M|||50|,,,,,Grass]Archaludon||PowerHerb|Stalwart|Protect,ElectroShot,FlashCannon,DracoMeteor|||M|||50|,,,,,Electric]Maushold||SafetyGoggles|FriendGuard|Protect,FollowMe,HelpingHand,Uturn||||||50|,,,,,Ghost
|inactive|Battle timer is ON: inactive players will automatically lose when time's up. (requested by VinceGC)
|l|☆VinceGC
|inactive|VinceGC disconnected and has a minute to reconnect!
|player|p2|
|inactive|Cristante terabug has 60 seconds left.
|j|☆VinceGC
|inactive|VinceGC reconnected and has 60 seconds left.
|player|p2|VinceGC|hilbert|
|
|t:|1756313405
|teamsize|p1|4
|teamsize|p2|4
|start
|switch|p1a: Electabuzz|Electabuzz, L50, F|100/100
|switch|p1b: Gholdengo|Gholdengo, L50|100/100
|switch|p2a: Archaludon|Archaludon, L50, M|100/100
|switch|p2b: Indeedee|Indeedee, L50, M|100/100
|-fieldstart|move: Psychic Terrain|[from] ability: Psychic Surge|[of] p2b: Indeedee
|turn|1
|inactive|VinceGC has 30 seconds left.
|
|t:|1756313432
|switch|p2b: Politoed|Politoed, L50, M|100/100
|-weather|RainDance|[from] ability: Drizzle|[of] p2b: Politoed
|switch|p1b: Rillaboom|Rillaboom, L50, F|100/100
|-fieldstart|move: Grassy Terrain|[from] ability: Grassy Surge|[of] p1b: Rillaboom
|move|p1a: Electabuzz|Electroweb|p2a: Archaludon|[spread] p2a
|-miss|p1a: Electabuzz|p2b: Politoed
|-resisted|p2a: Archaludon
|-damage|p2a: Archaludon|90/100
|-unboost|p2a: Archaludon|spe|1
|move|p2a: Archaludon|Electro Shot||[still]
|-prepare|p2a: Archaludon|Electro Shot
|-boost|p2a: Archaludon|spa|1
|-anim|p2a: Archaludon|Electro Shot|p1b: Rillaboom
|-resisted|p1b: Rillaboom
|-damage|p1b: Rillaboom|71/100
|
|-weather|RainDance|[upkeep]
|-heal|p1b: Rillaboom|77/100|[from] Grassy Terrain
|-heal|p2a: Archaludon|96/100|[from] Grassy Terrain
|upkeep
|turn|2
|inactive|Cristante terabug has 30 seconds left.
|inactive|VinceGC has 30 seconds left.
|inactive|VinceGC has 20 seconds left.
|
|t:|1756313467
|-terastallize|p2b: Politoed|Grass
|move|p2a: Archaludon|Protect|p2a: Archaludon
|-singleturn|p2a: Archaludon|Protect
|move|p1a: Electabuzz|Electroweb|p2b: Politoed|[spread] p2b
|-activate|p2a: Archaludon|move: Protect
|-resisted|p2b: Politoed
|-damage|p2b: Politoed|94/100
|-unboost|p2b: Politoed|spe|1
|move|p1b: Rillaboom|Drum Beating|p2b: Politoed
|-resisted|p2b: Politoed
|-damage|p2b: Politoed|67/100
|-unboost|p2b: Politoed|spe|1
|move|p2b: Politoed|Ice Beam|p1b: Rillaboom
|-supereffective|p1b: Rillaboom
|-damage|p1b: Rillaboom|35/100
|
|-weather|RainDance|[upkeep]
|-heal|p1b: Rillaboom|41/100|[from] Grassy Terrain
|-heal|p2a: Archaludon|100/100|[from] Grassy Terrain
|-heal|p2b: Politoed|73/100|[from] Grassy Terrain
|-heal|p2b: Politoed|79/100|[from] item: Leftovers
|upkeep
|turn|3
|l|☆VinceGC
|inactive|VinceGC disconnected and has a minute to reconnect!
|player|p2|
|j|☆VinceGC
|inactive|VinceGC reconnected and has 35 seconds left.
|player|p2|VinceGC|hilbert|
|inactive|VinceGC has 30 seconds left.
|inactive|VinceGC has 20 seconds left.
|
|t:|1756313503
|switch|p2b: Indeedee|Indeedee, L50, M|100/100
|-fieldstart|move: Psychic Terrain|[from] ability: Psychic Surge|[of] p2b: Indeedee
|move|p1a: Electabuzz|Electroweb|p2a: Archaludon|[spread] p2a
|-miss|p1a: Electabuzz|p2b: Indeedee
|-resisted|p2a: Archaludon
|-crit|p2a: Archaludon
|-damage|p2a: Archaludon|84/100
|-unboost|p2a: Archaludon|spe|1
|move|p1b: Rillaboom|High Horsepower|p2a: Archaludon
|-supereffective|p2a: Archaludon
|-damage|p2a: Archaludon|35/100
|move|p2a: Archaludon|Draco Meteor|p1b: Rillaboom
|-damage|p1b: Rillaboom|0 fnt
|-unboost|p2a: Archaludon|spa|2
|faint|p1b: Rillaboom
|
|-weather|RainDance|[upkeep]
|upkeep
|
|t:|1756313518
|switch|p1b: Gholdengo|Gholdengo, L50|100/100
|turn|4
|l|☆VinceGC
|inactive|VinceGC disconnected and has a minute to reconnect!
|player|p2|
|j|☆VinceGC
|inactive|VinceGC reconnected and has 35 seconds left.
|player|p2|VinceGC|hilbert|
|inactive|VinceGC has 30 seconds left.
|
|t:|1756313546
|switch|p2a: Politoed|Politoed, L50, M, tera:Grass|79/100
|-terastallize|p1b: Gholdengo|Fairy
|move|p2b: Indeedee|Shadow Ball|p1b: Gholdengo
|-damage|p1b: Gholdengo|73/100
|move|p1a: Electabuzz|Electroweb|p2a: Politoed|[spread] p2a,p2b
|-resisted|p2a: Politoed
|-damage|p2a: Politoed|72/100
|-damage|p2b: Indeedee|80/100
|-unboost|p2a: Politoed|spe|1
|-unboost|p2b: Indeedee|spe|1
|move|p1b: Gholdengo|Make It Rain|p2a: Politoed|[spread] p2a,p2b
|-damage|p2a: Politoed|6/100
|-damage|p2b: Indeedee|0 fnt
|-unboost|p1b: Gholdengo|spa|1
|faint|p2b: Indeedee
|
|-weather|RainDance|[upkeep]
|-heal|p2a: Politoed|12/100|[from] item: Leftovers
|upkeep
|
|t:|1756313555
|switch|p2b: Archaludon|Archaludon, L50, M|35/100
|turn|5
|c|☆VinceGC|gg
|
|t:|1756313568
|move|p2a: Politoed|Protect|p2a: Politoed
|-singleturn|p2a: Politoed|Protect
|move|p1a: Electabuzz|Electroweb|p2a: Politoed|[spread] p2b
|-activate|p2a: Politoed|move: Protect
|-resisted|p2b: Archaludon
|-damage|p2b: Archaludon|25/100
|-unboost|p2b: Archaludon|spe|1
|move|p1b: Gholdengo|Make It Rain|p2a: Politoed|[spread] p2b
|-activate|p2a: Politoed|move: Protect
|-resisted|p2b: Archaludon
|-damage|p2b: Archaludon|0 fnt
|-unboost|p1b: Gholdengo|spa|1
|faint|p2b: Archaludon
|
|-weather|none
|-heal|p2a: Politoed|19/100|[from] item: Leftovers
|upkeep
|c|☆Cristante terabug|gg
|
|t:|1756313584
|switch|p2b: Sneasler|Sneasler, L50, F|100/100
|-enditem|p2b: Sneasler|Psychic Seed
|-boost|p2b: Sneasler|spd|1|[from] item: Psychic Seed
|turn|6
|l|☆VinceGC
|inactive|VinceGC disconnected and has a minute to reconnect!
|player|p2|
|inactive|Cristante terabug has 30 seconds left.
|
|t:|1756313610
|switch|p1b: Sneasler|Sneasler, L50, M|100/100
|move|p1a: Electabuzz|Protect|p1a: Electabuzz
|-singleturn|p1a: Electabuzz|Protect
|move|p2b: Sneasler|Dire Claw|p1b: Sneasler
|-resisted|p1b: Sneasler
|-damage|p1b: Sneasler|61/100
|move|p2a: Politoed|Ice Beam|p1a: Electabuzz
|-activate|p1a: Electabuzz|move: Protect
|
|-heal|p2a: Politoed|25/100|[from] item: Leftovers
|upkeep
|turn|7
|j|☆VinceGC
|inactive|VinceGC reconnected and has 50 seconds left.
|player|p2|VinceGC|hilbert|
|inactive|VinceGC has 30 seconds left.
|
|t:|1756313644
|move|p1a: Electabuzz|Follow Me|p1a: Electabuzz
|-singleturn|p1a: Electabuzz|move: Follow Me
|move|p2b: Sneasler|Acrobatics|p1a: Electabuzz
|-resisted|p1a: Electabuzz
|-damage|p1a: Electabuzz|80/100
|move|p1b: Sneasler|Dire Claw|p2a: Politoed
|-supereffective|p2a: Politoed
|-crit|p2a: Politoed
|-damage|p2a: Politoed|0 fnt
|faint|p2a: Politoed
|
|-fieldend|move: Psychic Terrain
|upkeep
|turn|8
|
|t:|1756313652
|move|p1a: Electabuzz|Follow Me|p1a: Electabuzz
|-singleturn|p1a: Electabuzz|move: Follow Me
|move|p2b: Sneasler|Dire Claw|p1a: Electabuzz
|-damage|p1a: Electabuzz|41/100
|move|p1b: Sneasler|Dire Claw|p2b: Sneasler
|-resisted|p2b: Sneasler
|-damage|p2b: Sneasler|64/100
|-status|p2b: Sneasler|slp
|
|upkeep
|turn|9
|inactiveoff|Battle timer is now OFF.
|l|☆VinceGC
|player|p2|
|inactive|Battle timer is ON: inactive players will automatically lose when time's up. (requested by Cristante terabug)
|inactive|VinceGC has 30 seconds left.
|inactive|VinceGC has 20 seconds left.
|inactive|VinceGC has 15 seconds left.
|inactive|VinceGC has 10 seconds left.
|inactive|VinceGC has 5 seconds left.
|-message|VinceGC lost due to inactivity.
|
|win|Cristante terabug
|raw|Cristante terabug's rating: 1197 → 1221(+24 for winning)
|raw|VinceGC's rating: 1180 → 1156(-24 for losing)
