|j|☆RealRagingBolt
|j|☆dr_sugus_vgc
|html|RealRagingBoltdr_sugus_vgc    
|uhtml|bestof|Game 2 of a best-of-3
|t:|1756570815
|gametype|doubles
|player|p1|RealRagingBolt|volkner|1260
|player|p2|dr_sugus_vgc|169|1146
|gen|9
|tier|[Gen 9] VGC 2025 Reg H (Bo3)
|rated|
|rule|Species Clause: Limit one of each Pokémon
|rule|Item Clause: Limit 1 of each item
|clearpoke
|poke|p1|Garchomp, L50, F|
|poke|p1|Gholdengo, L50|
|poke|p1|Talonflame, L50, M|
|poke|p1|Amoonguss, L50, M|
|poke|p1|Tyranitar, L50, M|
|poke|p1|Basculegion, L50, M|
|poke|p2|Tyranitar, L50, M|
|poke|p2|Corviknight, L50, M|
|poke|p2|Garchomp, L50, F|
|poke|p2|Incineroar, L50, M|
|poke|p2|Primarina, L50, M|
|poke|p2|Sinistcha, L50|
|teampreview|4
|showteam|p1|Garchomp||LifeOrb|RoughSkin|DragonClaw,StompingTantrum,Earthquake,Protect|||F|||50|,,,,,Steel]Gholdengo||MetalCoat|GoodasGold|MakeItRain,ShadowBall,NastyPlot,Protect||||||50|,,,,,Water]Talonflame||CovertCloak|GaleWings|BraveBird,WillOWisp,Tailwind,Taunt|||M|||50|,,,,,Ghost]Amoonguss||SitrusBerry|Regenerator|PollenPuff,Spore,RagePowder,Protect|||M|||50|,,,,,Water]Tyranitar||AssaultVest|SandStream|KnockOff,RockSlide,LowKick,TeraBlast|||M|||50|,,,,,Flying]Basculegion||ChoiceScarf|Adaptability|WaveCrash,LastRespects,FlipTurn,AquaJet|||M|||50|,,,,,Water
|showteam|p2|Tyranitar||AssaultVest|SandStream|RockSlide,LowKick,TeraBlast,KnockOff|||M|||50|,,,,,Flying]Corviknight||Leftovers|MirrorArmor|BraveBird,BulkUp,Roost,Tailwind|||M|||50|,,,,,Dragon]Garchomp||ClearAmulet|RoughSkin|PoisonJab,StompingTantrum,SwordsDance,Protect|||F|||50|,,,,,Steel]Incineroar||SafetyGoggles|Intimidate|FakeOut,KnockOff,FlareBlitz,PartingShot|||M|||50|,,,,,Ghost]Primarina||ThroatSpray|LiquidVoice|Moonblast,HyperVoice,Haze,Protect|||M|||50|,,,,,Poison]Sinistcha||RockyHelmet|Hospitality|MatchaGotcha,RagePowder,TrickRoom,Protect||||||50|,,,,,Rock
|
|t:|1756570855
|teamsize|p1|4
|teamsize|p2|4
|start
|switch|p1a: Basculegion|Basculegion, L50, M|100/100
|switch|p1b: Talonflame|Talonflame, L50, M|100/100
|switch|p2a: Primarina|Primarina, L50, M|100/100
|switch|p2b: Incineroar|Incineroar, L50, M|100/100
|-ability|p2b: Incineroar|Intimidate|boost
|-unboost|p1a: Basculegion|atk|1
|-unboost|p1b: Talonflame|atk|1
|turn|1
|
|t:|1756570881
|move|p1b: Talonflame|Tailwind|p1b: Talonflame
|-sidestart|p1: RealRagingBolt|move: Tailwind
|move|p1a: Basculegion|Flip Turn|p2b: Incineroar
|-supereffective|p2b: Incineroar
|-damage|p2b: Incineroar|47/100
|
|t:|1756570884
|switch|p1a: Garchomp|Garchomp, L50, F|100/100|[from] Flip Turn
|move|p2a: Primarina|Moonblast|p1a: Garchomp
|-supereffective|p1a: Garchomp
|-damage|p1a: Garchomp|5/100
|move|p2b: Incineroar|Knock Off|p1a: Garchomp
|-damage|p1a: Garchomp|0 fnt
|-damage|p2b: Incineroar|34/100|[from] ability: Rough Skin|[of] p1a: Garchomp
|-enditem|p1a: Garchomp|Life Orb|[from] move: Knock Off|[of] p2b: Incineroar
|faint|p1a: Garchomp
|
|upkeep
|
|t:|1756570892
|switch|p1a: Gholdengo|Gholdengo, L50|100/100
|turn|2
|
|t:|1756570906
|switch|p1b: Basculegion|Basculegion, L50, M|100/100
|-terastallize|p1a: Gholdengo|Water
|move|p1a: Gholdengo|Nasty Plot|p1a: Gholdengo
|-boost|p1a: Gholdengo|spa|2
|move|p2a: Primarina|Hyper Voice|p1a: Gholdengo|[spread] p1a,p1b
|-resisted|p1a: Gholdengo
|-resisted|p1b: Basculegion
|-damage|p1a: Gholdengo|85/100
|-damage|p1b: Basculegion|84/100
|-enditem|p2a: Primarina|Throat Spray
|-boost|p2a: Primarina|spa|1|[from] item: Throat Spray
|move|p2b: Incineroar|Knock Off|p1a: Gholdengo
|-damage|p1a: Gholdengo|47/100
|-enditem|p1a: Gholdengo|Metal Coat|[from] move: Knock Off|[of] p2b: Incineroar
|
|upkeep
|turn|3
|
|t:|1756570937
|move|p2a: Primarina|Protect|p2a: Primarina
|-singleturn|p2a: Primarina|Protect
|move|p1b: Basculegion|Flip Turn|p2b: Incineroar
|-supereffective|p2b: Incineroar
|-damage|p2b: Incineroar|0 fnt
|faint|p2b: Incineroar
|
|t:|1756570939
|switch|p1b: Talonflame|Talonflame, L50, M|100/100|[from] Flip Turn
|move|p1a: Gholdengo|Make It Rain|p2a: Primarina
|-activate|p2a: Primarina|move: Protect
|
|upkeep
|
|t:|1756570952
|switch|p2b: Garchomp|Garchomp, L50, F|100/100
|turn|4
|
|t:|1756570970
|-terastallize|p2b: Garchomp|Steel
|move|p1b: Talonflame|Brave Bird|p2a: Primarina
|-crit|p2a: Primarina
|-damage|p2a: Primarina|38/100
|-damage|p1b: Talonflame|76/100|[from] Recoil
|move|p1a: Gholdengo|Make It Rain|p2b: Garchomp|[spread] p2a,p2b
|-resisted|p2b: Garchomp
|-damage|p2a: Primarina|0 fnt
|-damage|p2b: Garchomp|49/100
|-unboost|p1a: Gholdengo|spa|1
|faint|p2a: Primarina
|move|p2b: Garchomp|Stomping Tantrum|p1a: Gholdengo
|-damage|p1a: Gholdengo|4/100
|
|-sideend|p1: RealRagingBolt|move: Tailwind
|upkeep
|
|t:|1756570986
|switch|p2a: Sinistcha|Sinistcha, L50|100/100
|-heal|p2b: Garchomp|74/100|[from] ability: Hospitality|[of] p2a: Sinistcha
|turn|5
|
|t:|1756570998
|move|p2b: Garchomp|Protect|p2b: Garchomp
|-singleturn|p2b: Garchomp|Protect
|move|p1b: Talonflame|Brave Bird|p2a: Sinistcha
|-supereffective|p2a: Sinistcha
|-damage|p2a: Sinistcha|26/100
|-damage|p1b: Talonflame|60/100|[from] item: Rocky Helmet|[of] p2a: Sinistcha
|-damage|p1b: Talonflame|32/100|[from] Recoil
|move|p1a: Gholdengo|Make It Rain|p2a: Sinistcha|[spread] p2a
|-activate|p2b: Garchomp|move: Protect
|-crit|p2a: Sinistcha
|-damage|p2a: Sinistcha|0 fnt
|-unboost|p1a: Gholdengo|spa|1
|faint|p2a: Sinistcha
|
|upkeep
|turn|6
|
|t:|1756571018
|move|p1b: Talonflame|Will-O-Wisp|p2b: Garchomp
|-status|p2b: Garchomp|brn
|move|p2b: Garchomp|Poison Jab|p1b: Talonflame
|-damage|p1b: Talonflame|16/100
|move|p1a: Gholdengo|Shadow Ball|p2b: Garchomp
|-damage|p2b: Garchomp|28/100 brn
|
|-damage|p2b: Garchomp|22/100 brn|[from] brn
|upkeep
|turn|7
|
|t:|1756571028
|move|p1b: Talonflame|Brave Bird|p2b: Garchomp
|-resisted|p2b: Garchomp
|-damage|p2b: Garchomp|5/100 brn
|-damage|p1b: Talonflame|4/100|[from] ability: Rough Skin|[of] p2b: Garchomp
|-damage|p1b: Talonflame|0 fnt|[from] Recoil
|faint|p1b: Talonflame
|move|p2b: Garchomp|Stomping Tantrum|p1a: Gholdengo
|-damage|p1a: Gholdengo|0 fnt
|faint|p1a: Gholdengo
|
|-damage|p2b: Garchomp|0 fnt|[from] brn
|faint|p2b: Garchomp
|
|win|RealRagingBolt
|raw|RealRagingBolt's rating: 1260 → 1277(+17 for winning)
|raw|dr_sugus_vgc's rating: 1146 → 1129(-17 for losing)
