|j|☆ParmesanLugubre206
|j|☆FALL3N_DWN
|html|ParmesanLugubre206FALL3N_DWN    
|uhtml|bestof|Game 3 of a best-of-3
|t:|1756942524
|gametype|doubles
|player|p1|ParmesanLugubre206|ethan|1128
|player|p2|FALL3N_DWN|carmine-festival|1146
|gen|9
|tier|[Gen 9] VGC 2025 Reg H (Bo3)
|rated|
|rule|Species Clause: Limit one of each Pokémon
|rule|Item Clause: Limit 1 of each item
|clearpoke
|poke|p1|Incineroar, L50, F|
|poke|p1|Rillaboom, L50, F|
|poke|p1|Gholdengo, L50|
|poke|p1|Sneasler, L50, F|
|poke|p1|Gastrodon-East, L50, M|
|poke|p1|Porygon2, L50|
|poke|p2|Electabuzz, L50, M|
|poke|p2|Kingambit, L50, M|
|poke|p2|Volcarona, L50, M|
|poke|p2|Dragonite, L50, M|
|poke|p2|Sneasler, L50, M|
|poke|p2|Rillaboom, L50, F|
|teampreview|4
|showteam|p1|Incineroar||SafetyGoggles|Intimidate|FlareBlitz,KnockOff,PartingShot,FakeOut|||F|||50|,,,,,Ghost]Rillaboom||AssaultVest|GrassySurge|DrumBeating,HighHorsepower,GrassyGlide,FakeOut|||F|||50|,,,,,Fire]Gholdengo||GrassySeed|GoodasGold|MakeItRain,ShadowBall,NastyPlot,Protect||||||50|,,,,,Water]Sneasler||FocusSash|Unburden|CloseCombat,DireClaw,ThroatChop,Protect|||F|||50|,,,,,Ghost]Gastrodon-East||Leftovers|StormDrain|EarthPower,SludgeBomb,Recover,Protect|||M|||50|,,,,,Poison]Porygon2||Eviolite|Download|TeraBlast,IceBeam,Recover,TrickRoom||||||50|,,,,,Fighting
|showteam|p2|Electabuzz||Eviolite|VitalSpirit|FollowMe,Thunderbolt,Taunt,Protect|||M|||50|,,,,,Ghost]Kingambit||BlackGlasses|Defiant|KowtowCleave,SuckerPunch,SwordsDance,Protect|||M|||50|,,,,,Dark]Volcarona||Leftovers|FlameBody|HeatWave,TeraBlast,QuiverDance,Protect|||M|||50|,,,,,Fairy]Dragonite||LoadedDice|Multiscale|ScaleShot,ExtremeSpeed,Haze,Protect|||M|||50|,,,,,Fairy]Sneasler||FocusSash|Unburden|DireClaw,CloseCombat,Coaching,FakeOut|||M|||50|,,,,,Stellar]Rillaboom||AssaultVest|GrassySurge|FakeOut,WoodHammer,GrassyGlide,HighHorsepower|||F|||50|,,,,,Fire
|inactive|Battle timer is ON: inactive players will automatically lose when time's up. (requested by ParmesanLugubre206)
|inactive|ParmesanLugubre206 has 60 seconds left.
|inactive|FALL3N_DWN has 60 seconds left.
|
|t:|1756942570
|teamsize|p1|4
|teamsize|p2|4
|start
|switch|p1a: Porygon2|Porygon2, L50|100/100
|switch|p1b: Rillaboom|Rillaboom, L50, F|100/100
|switch|p2a: Volcarona|Volcarona, L50, M|100/100
|switch|p2b: Electabuzz|Electabuzz, L50, M|100/100
|-fieldstart|move: Grassy Terrain|[from] ability: Grassy Surge|[of] p1b: Rillaboom
|-ability|p1a: Porygon2|Download|boost
|-boost|p1a: Porygon2|atk|1
|turn|1
|
|t:|1756942594
|move|p1b: Rillaboom|Fake Out|p2b: Electabuzz
|-damage|p2b: Electabuzz|90/100
|move|p2a: Volcarona|Quiver Dance|p2a: Volcarona
|-boost|p2a: Volcarona|spa|1
|-boost|p2a: Volcarona|spd|1
|-boost|p2a: Volcarona|spe|1
|cant|p2b: Electabuzz|flinch
|move|p1a: Porygon2|Trick Room|p1a: Porygon2
|-fieldstart|move: Trick Room|[of] p1a: Porygon2
|
|-heal|p2b: Electabuzz|96/100|[from] Grassy Terrain
|upkeep
|turn|2
|
|t:|1756942613
|move|p2b: Electabuzz|Follow Me|p2b: Electabuzz
|-singleturn|p2b: Electabuzz|move: Follow Me
|move|p1a: Porygon2|Tera Blast|p2b: Electabuzz
|-damage|p2b: Electabuzz|66/100
|move|p1b: Rillaboom|High Horsepower|p2b: Electabuzz
|-supereffective|p2b: Electabuzz
|-damage|p2b: Electabuzz|24/100
|move|p2a: Volcarona|Heat Wave|p1a: Porygon2|[spread] p1a,p1b
|-supereffective|p1b: Rillaboom
|-crit|p1b: Rillaboom
|-damage|p1a: Porygon2|67/100
|-damage|p1b: Rillaboom|0 fnt
|faint|p1b: Rillaboom
|
|-heal|p1a: Porygon2|73/100|[from] Grassy Terrain
|-heal|p2b: Electabuzz|30/100|[from] Grassy Terrain
|upkeep
|
|t:|1756942629
|switch|p1b: Gastrodon|Gastrodon-East, L50, M|100/100
|turn|3
|
|t:|1756942641
|switch|p2b: Rillaboom|Rillaboom, L50, F|100/100
|move|p2a: Volcarona|Protect|p2a: Volcarona
|-singleturn|p2a: Volcarona|Protect
|move|p1b: Gastrodon|Earth Power|p2b: Rillaboom
|-resisted|p2b: Rillaboom
|-damage|p2b: Rillaboom|86/100
|move|p1a: Porygon2|Tera Blast|p2a: Volcarona
|-activate|p2a: Volcarona|move: Protect
|
|-heal|p1a: Porygon2|79/100|[from] Grassy Terrain
|-heal|p2b: Rillaboom|92/100|[from] Grassy Terrain
|upkeep
|turn|4
|inactive|FALL3N_DWN has 30 seconds left.
|inactive|ParmesanLugubre206 has 30 seconds left.
|inactive|FALL3N_DWN has 20 seconds left.
|inactive|FALL3N_DWN has 15 seconds left.
|
|t:|1756942683
|-terastallize|p1b: Gastrodon|Poison
|move|p2b: Rillaboom|Fake Out|p1b: Gastrodon
|-damage|p1b: Gastrodon|86/100
|cant|p1b: Gastrodon|flinch
|move|p1a: Porygon2|Ice Beam|p2b: Rillaboom
|-supereffective|p2b: Rillaboom
|-damage|p2b: Rillaboom|49/100
|move|p2a: Volcarona|Heat Wave|p1b: Gastrodon|[spread] p1a,p1b
|-damage|p1a: Porygon2|45/100
|-damage|p1b: Gastrodon|40/100
|
|-heal|p1b: Gastrodon|46/100|[from] Grassy Terrain
|-heal|p1b: Gastrodon|52/100|[from] item: Leftovers
|-heal|p1a: Porygon2|52/100|[from] Grassy Terrain
|-heal|p2b: Rillaboom|54/100|[from] Grassy Terrain
|upkeep
|turn|5
|inactive|ParmesanLugubre206 has 30 seconds left.
|inactive|FALL3N_DWN has 30 seconds left.
|inactive|ParmesanLugubre206 has 20 seconds left.
|inactive|FALL3N_DWN has 20 seconds left.
|inactive|ParmesanLugubre206 has 15 seconds left.
|inactive|FALL3N_DWN has 15 seconds left.
|inactive|FALL3N_DWN has 10 seconds left.
|
|t:|1756942732
|switch|p2b: Kingambit|Kingambit, L50, M|100/100
|move|p2a: Volcarona|Protect|p2a: Volcarona
|-singleturn|p2a: Volcarona|Protect
|move|p1b: Gastrodon|Sludge Bomb|p2b: Kingambit
|-immune|p2b: Kingambit
|move|p1a: Porygon2|Tera Blast|p2a: Volcarona
|-activate|p2a: Volcarona|move: Protect
|
|-heal|p1b: Gastrodon|58/100|[from] Grassy Terrain
|-heal|p1b: Gastrodon|64/100|[from] item: Leftovers
|-heal|p1a: Porygon2|58/100|[from] Grassy Terrain
|-fieldend|move: Trick Room
|-fieldend|move: Grassy Terrain
|upkeep
|turn|6
|
|t:|1756942753
|move|p2a: Volcarona|Heat Wave|p1a: Porygon2|[spread] p1a,p1b
|-damage|p1a: Porygon2|21/100
|-damage|p1b: Gastrodon|18/100
|move|p2b: Kingambit|Swords Dance|p2b: Kingambit
|-boost|p2b: Kingambit|atk|2
|move|p1b: Gastrodon|Earth Power|p2b: Kingambit
|-supereffective|p2b: Kingambit
|-crit|p2b: Kingambit
|-damage|p2b: Kingambit|0 fnt
|faint|p2b: Kingambit
|move|p1a: Porygon2|Trick Room|p1a: Porygon2
|-fieldstart|move: Trick Room|[of] p1a: Porygon2
|
|-heal|p1b: Gastrodon|24/100|[from] item: Leftovers
|upkeep
|
|t:|1756942770
|switch|p2b: Rillaboom|Rillaboom, L50, F|54/100
|-fieldstart|move: Grassy Terrain|[from] ability: Grassy Surge|[of] p2b: Rillaboom
|turn|7
|
|t:|1756942784
|move|p2b: Rillaboom|Fake Out|p1a: Porygon2
|-damage|p1a: Porygon2|11/100
|move|p1b: Gastrodon|Recover|p1b: Gastrodon
|-heal|p1b: Gastrodon|74/100
|cant|p1a: Porygon2|flinch
|move|p2a: Volcarona|Heat Wave|p1b: Gastrodon|[spread] p1a,p1b
|-damage|p1a: Porygon2|0 fnt
|-damage|p1b: Gastrodon|22/100
|faint|p1a: Porygon2
|
|-heal|p1b: Gastrodon|28/100|[from] Grassy Terrain
|-heal|p1b: Gastrodon|34/100|[from] item: Leftovers
|-heal|p2b: Rillaboom|60/100|[from] Grassy Terrain
|upkeep
|
|t:|1756942801
|switch|p1a: Gholdengo|Gholdengo, L50|100/100
|-enditem|p1a: Gholdengo|Grassy Seed
|-boost|p1a: Gholdengo|def|1|[from] item: Grassy Seed
|turn|8
|inactive|FALL3N_DWN has 30 seconds left.
|
|t:|1756942827
|move|p2b: Rillaboom|Grassy Glide|p1a: Gholdengo
|-resisted|p1a: Gholdengo
|-damage|p1a: Gholdengo|87/100
|move|p1b: Gastrodon|Earth Power|p2a: Volcarona
|-damage|p2a: Volcarona|77/100
|move|p1a: Gholdengo|Shadow Ball|p2a: Volcarona
|-crit|p2a: Volcarona
|-damage|p2a: Volcarona|15/100
|-unboost|p2a: Volcarona|spd|1
|move|p2a: Volcarona|Heat Wave|p1a: Gholdengo|[spread] p1a,p1b
|-supereffective|p1a: Gholdengo
|-damage|p1a: Gholdengo|0 fnt
|-damage|p1b: Gastrodon|0 fnt
|faint|p1a: Gholdengo
|faint|p1b: Gastrodon
|
|win|FALL3N_DWN
|raw|ParmesanLugubre206's rating: 1128 → 1104(-24 for losing)
|raw|FALL3N_DWN's rating: 1146 → 1170(+24 for winning)
|l|☆ParmesanLugubre206
|player|p1|
