|j|☆SimonStork
|j|☆Chelicerate1
|html|SimonStorkChelicerate1    
|uhtml|bestof|Game 2 of a best-of-3
|t:|1783337035
|gametype|doubles
|player|p1|SimonStork|1|1118
|player|p2|Chelicerate1|ethan|1129
|gen|9
|tier|[Gen 9 Champions] VGC 2026 Reg M-B (Bo3)
|rated|
|rule|Species Clause: Limit one of each Pokémon
|rule|Item Clause: Limit 1 of each item
|clearpoke
|poke|p1|Charizard, L50, M|
|poke|p1|Venusaur, L50, F|
|poke|p1|Ninetales, L50, M|
|poke|p1|Gholdengo, L50|
|poke|p1|Milotic, L50, M|
|poke|p1|Corviknight, L50, F|
|poke|p2|Charizard, L50, M, shiny|
|poke|p2|Gholdengo, L50, shiny|
|poke|p2|Incineroar, L50, M, shiny|
|poke|p2|Floette-Eternal, L50, F|
|poke|p2|Sinistcha-Masterpiece, L50, shiny|
|poke|p2|Garchomp, L50, M, shiny|
|teampreview|4
|showteam|p1|Charizard||CharizarditeY|Blaze|HeatWave,Protect,WeatherBall,SolarBeam|Timid||M|||50|]Venusaur||Venusaurite|Chlorophyll|GigaDrain,SludgeBomb,Protect,SolarBeam|Modest||F|||50|]Ninetales||HeatRock|Drought|Encore,WeatherBall,Snarl,Flamethrower|Timid||M|||50|]Gholdengo||ChoiceScarf|GoodasGold|ShadowBall,MakeItRain,Trick,NastyPlot|Modest|||||50|]Milotic||Leftovers|Competitive|Coil,Hypnosis,MuddyWater,Protect|Bold||M|||50|]Corviknight||SitrusBerry|Pressure|BodyPress,IronDefense,Protect,Roost|Careful||F|||50|
|showteam|p2|Charizard||CharizarditeY|SolarPower|HeatWave,WeatherBall,SolarBeam,Protect|Modest||M|||50|]Gholdengo||ChoiceScarf|GoodasGold|MakeItRain,Psychic,ShadowBall,Trick|Timid|||||50|]Incineroar||SitrusBerry|Intimidate|FakeOut,ThroatChop,PartingShot,FlareBlitz|Careful||M|||50|]Floette-Eternal||Floettite|FlowerVeil|Moonblast,DazzlingGleam,CalmMind,Protect|Modest||F|||50|]Sinistcha-Masterpiece||KasibBerry|Hospitality|MatchaGotcha,RagePowder,LifeDew,Protect|Bold|||||50|]Garchomp||LifeOrb|RoughSkin|DragonClaw,RockSlide,Earthquake,Protect|Adamant||M|||50|
|inactive|Battle timer is ON: inactive players will automatically lose when time's up. (requested by Chelicerate1)
|
|t:|1783337054
|teamsize|p1|4
|teamsize|p2|4
|start
|switch|p1a: Milotic|Milotic, L50, M|100/100
|switch|p1b: Gholdengo|Gholdengo, L50|100/100
|switch|p2a: Charizard|Charizard, L50, M, shiny|100/100
|switch|p2b: Garchomp|Garchomp, L50, M, shiny|100/100
|turn|1
|inactive|SimonStork has 30 seconds left.
|inactive|Chelicerate1 has 30 seconds left.
|inactive|SimonStork has 20 seconds left.
|inactive|SimonStork has 15 seconds left.
|
|t:|1783337095
|detailschange|p2a: Charizard|Charizard-Mega-Y, L50, M, shiny
|-mega|p2a: Charizard|Charizard|Charizardite Y
|-weather|SunnyDay|[from] ability: Drought|[of] p2a: Charizard
|move|p1b: Gholdengo|Shadow Ball|p2a: Charizard
|-damage|p2a: Charizard|52/100
|move|p2b: Garchomp|Rock Slide|p1b: Gholdengo|[spread] p1a,p1b
|-resisted|p1b: Gholdengo|1
|-damage|p1a: Milotic|80/100
|-damage|p1b: Gholdengo|87/100
|-damage|p2b: Garchomp|90/100|[from] item: Life Orb
|move|p2a: Charizard|Heat Wave|p1b: Gholdengo|[spread] p1a,p1b
|-resisted|p1a: Milotic|1
|-supereffective|p1b: Gholdengo|1
|-damage|p1a: Milotic|56/100
|-damage|p1b: Gholdengo|0 fnt
|faint|p1b: Gholdengo
|move|p1a: Milotic|Muddy Water|p2a: Charizard|[spread] p2a
|-miss|p1a: Milotic|p2b: Garchomp
|-supereffective|p2a: Charizard|1
|-damage|p2a: Charizard|29/100
|
|-weather|SunnyDay|[upkeep]
|-heal|p1a: Milotic|62/100|[from] item: Leftovers
|upkeep
|
|t:|1783337114
|switch|p1b: Charizard|Charizard, L50, M|100/100
|turn|2
|inactive|Chelicerate1 has 30 seconds left.
|
|t:|1783337140
|detailschange|p1b: Charizard|Charizard-Mega-Y, L50, M
|-mega|p1b: Charizard|Charizard|Charizardite Y
|move|p1a: Milotic|Protect|p1a: Milotic
|-singleturn|p1a: Milotic|Protect
|move|p1b: Charizard|Heat Wave|p2a: Charizard|[spread] p2a,p2b
|-resisted|p2a: Charizard|1
|-resisted|p2b: Garchomp|1
|-damage|p2a: Charizard|0 fnt
|-damage|p2b: Garchomp|57/100
|faint|p2a: Charizard
|move|p2b: Garchomp|Rock Slide|p1a: Milotic|[spread] p1b
|-activate|p1a: Milotic|move: Protect
|-supereffective|p1b: Charizard|2
|-damage|p1b: Charizard|0 fnt
|faint|p1b: Charizard
|-damage|p2b: Garchomp|48/100|[from] item: Life Orb
|
|-weather|SunnyDay|[upkeep]
|-heal|p1a: Milotic|68/100|[from] item: Leftovers
|upkeep
|inactive|Chelicerate1 has 30 seconds left.
|
|t:|1783337167
|switch|p1b: Corviknight|Corviknight, L50, F|100/100
|switch|p2a: Sinistcha|Sinistcha-Masterpiece, L50, shiny|100/100
|-ability|p1b: Corviknight|Pressure
|-heal|p2b: Garchomp|72/100|[from] ability: Hospitality|[of] p2a: Sinistcha
|turn|3
|inactive|Chelicerate1 has 30 seconds left.
|inactive|Chelicerate1 has 20 seconds left.
|
|t:|1783337205
|move|p2b: Garchomp|Dragon Claw|p1b: Corviknight
|-resisted|p1b: Corviknight|1
|-damage|p1b: Corviknight|74/100
|-damage|p2b: Garchomp|63/100|[from] item: Life Orb
|move|p2a: Sinistcha|Matcha Gotcha|p1a: Milotic|[spread] p1a,p1b
|-supereffective|p1a: Milotic|1
|-resisted|p1b: Corviknight|2
|-damage|p1a: Milotic|34/100
|-damage|p1b: Corviknight|70/100
|move|p1a: Milotic|Coil|p1a: Milotic
|-boost|p1a: Milotic|atk|1
|-boost|p1a: Milotic|def|1
|-boost|p1a: Milotic|accuracy|1
|move|p1b: Corviknight|Iron Defense|p1b: Corviknight
|-boost|p1b: Corviknight|def|2
|
|-weather|SunnyDay|[upkeep]
|-heal|p1a: Milotic|40/100|[from] item: Leftovers
|upkeep
|turn|4
|inactive|Chelicerate1 has 30 seconds left.
|
|t:|1783337234
|move|p2b: Garchomp|Rock Slide|p1b: Corviknight|[spread] p1a,p1b
|-damage|p1a: Milotic|25/100
|-damage|p1b: Corviknight|59/100
|-damage|p2b: Garchomp|53/100|[from] item: Life Orb
|move|p2a: Sinistcha|Matcha Gotcha|p1a: Milotic|[spread] p1a
|-miss|p2a: Sinistcha|p1b: Corviknight
|-supereffective|p1a: Milotic|1
|-damage|p1a: Milotic|0 fnt
|faint|p1a: Milotic
|move|p1b: Corviknight|Body Press|p2b: Garchomp
|-damage|p2b: Garchomp|17/100
|-damage|p1b: Corviknight|46/100|[from] ability: Rough Skin|[of] p2b: Garchomp
|-enditem|p1b: Corviknight|Sitrus Berry|[eat]
|-heal|p1b: Corviknight|71/100|[from] item: Sitrus Berry
|
|-weather|SunnyDay|[upkeep]
|upkeep
|turn|5
|-message|SimonStork forfeited.
|
|win|Chelicerate1
|raw|SimonStork's rating: 1118 → 1094(-24 for losing)
|raw|Chelicerate1's rating: 1129 → 1153(+24 for winning)
|l|☆SimonStork
|player|p1|
