|j|☆Painter04
|j|☆BBQSwizzle1906
|html|Painter04BBQSwizzle1906    
|uhtml|bestof|Game 1 of a best-of-3
|t:|1785953112
|gametype|doubles
|player|p1|Painter04|volkner|1142
|player|p2|BBQSwizzle1906|benga|1076
|gen|9
|tier|[Gen 9 Champions] VGC 2026 Reg M-B (Bo3)
|rated|
|rule|Species Clause: Limit one of each Pokémon
|rule|Item Clause: Limit 1 of each item
|clearpoke
|poke|p1|Victreebel, L50, F|
|poke|p1|Toxapex, L50, M|
|poke|p1|Florges, L50, F|
|poke|p1|Mamoswine, L50, F|
|poke|p1|Incineroar, L50, F|
|poke|p1|Hydreigon, L50, M|
|poke|p2|Samurott-Hisui, L50, F, shiny|
|poke|p2|Milotic, L50, F|
|poke|p2|Pelipper, L50, F|
|poke|p2|Gholdengo, L50|
|poke|p2|Garchomp, L50, F|
|poke|p2|Incineroar, L50, F|
|teampreview|4
|showteam|p1|Victreebel||Victreebelite|Chlorophyll|StrengthSap,GigaDrain,SludgeBomb,LeechLife|Rash||F|||50|]Toxapex||Leftovers|Regenerator|Toxic,Infestation,WideGuard,BanefulBunker|Impish||M|||50|]Florges||SitrusBerry|FlowerVeil|Moonblast,PollenPuff,CalmMind,Protect|Calm||F|||50|]Mamoswine||FocusSash|Oblivious|IceShard,IcicleCrash,StompingTantrum,Protect|Serious||F|||50|]Incineroar||ChopleBerry|Intimidate|FakeOut,FlareBlitz,PartingShot,Protect|Adamant||F|||50|]Hydreigon||ChoiceScarf|Levitate|Snarl,DarkPulse,EarthPower,DracoMeteor|Modest||M|||50|
|showteam|p2|Samurott-Hisui||ScopeLens|Sharpness|NightSlash,AquaCutter,SuckerPunch,Protect|Jolly||F|||50|]Milotic||Leftovers|Competitive|Scald,IcyWind,LifeDew,DragonCheer|Quiet||F|||50|]Pelipper||FocusSash|Drizzle|Hurricane,Tailwind,WideGuard,Protect|Timid||F|||50|]Gholdengo||LifeOrb|GoodasGold|ShadowBall,MakeItRain,NastyPlot,Protect|Timid|||||50|]Garchomp||Garchompite|RoughSkin|DragonClaw,Earthquake,Protect,RockSlide|Jolly||F|||50|]Incineroar||SitrusBerry|Intimidate|PartingShot,FakeOut,FlareBlitz,ThroatChop|Adamant||F|||50|
|
|t:|1785953171
|teamsize|p1|4
|teamsize|p2|4
|start
|switch|p1a: Victreebel|Victreebel, L50, F|100/100
|switch|p1b: Mamoswine|Mamoswine, L50, F|100/100
|switch|p2a: Dr. Pelipper|Pelipper, L50, F|100/100
|switch|p2b: Suijin|Samurott-Hisui, L50, F, shiny|100/100
|-weather|RainDance|[from] ability: Drizzle|[of] p2a: Dr. Pelipper
|turn|1
|
|t:|1785953238
|switch|p1b: Toxapex|Toxapex, L50, M|100/100
|detailschange|p1a: Victreebel|Victreebel-Mega, L50, F
|-mega|p1a: Victreebel|Victreebel|Victreebelite
|move|p2b: Suijin|Aqua Cutter|p1b: Toxapex
|-resisted|p1b: Toxapex|1
|-crit|p1b: Toxapex
|-damage|p1b: Toxapex|61/100
|move|p2a: Dr. Pelipper|Hurricane|p1a: Victreebel
|-supereffective|p1a: Victreebel|1
|-damage|p1a: Victreebel|0 fnt
|-damage|p2a: Dr. Pelipper|0 fnt|[from] ability: Innards Out|[of] p1a: Victreebel
|faint|p1a: Victreebel
|faint|p2a: Dr. Pelipper
|
|-weather|RainDance|[upkeep]
|-heal|p1b: Toxapex|66/100|[from] item: Leftovers
|upkeep
|
|t:|1785953268
|switch|p2a: Midas|Gholdengo, L50|100/100
|switch|p1a: Florges|Florges, L50, F|100/100
|turn|2
|
|t:|1785953292
|move|p2b: Suijin|Protect|p2b: Suijin
|-singleturn|p2b: Suijin|Protect
|move|p1b: Toxapex|Wide Guard|p1b: Toxapex
|-singleturn|p1b: Toxapex|Wide Guard
|move|p2a: Midas|Nasty Plot|p2a: Midas
|-boost|p2a: Midas|spa|2
|move|p1a: Florges|Moonblast|p2b: Suijin
|-activate|p2b: Suijin|move: Protect
|
|-weather|RainDance|[upkeep]
|-heal|p1b: Toxapex|72/100|[from] item: Leftovers
|upkeep
|turn|3
|
|t:|1785953330
|move|p1b: Toxapex|Wide Guard|p1b: Toxapex
|-singleturn|p1b: Toxapex|Wide Guard
|move|p2b: Suijin|Aqua Cutter|p1a: Florges
|-crit|p1a: Florges
|-damage|p1a: Florges|0 fnt
|faint|p1a: Florges
|move|p2a: Midas|Nasty Plot|p2a: Midas
|-boost|p2a: Midas|spa|2
|
|-weather|RainDance|[upkeep]
|-heal|p1b: Toxapex|78/100|[from] item: Leftovers
|upkeep
|
|t:|1785953339
|switch|p1a: Mamoswine|Mamoswine, L50, F|100/100
|turn|4
|
|t:|1785953350
|move|p2b: Suijin|Aqua Cutter|p1a: Mamoswine
|-supereffective|p1a: Mamoswine|1
|-crit|p1a: Mamoswine
|-enditem|p1a: Mamoswine|Focus Sash
|-damage|p1a: Mamoswine|1/100
|move|p2a: Midas|Shadow Ball|p1a: Mamoswine
|-damage|p1a: Mamoswine|0 fnt
|faint|p1a: Mamoswine
|-damage|p2a: Midas|90/100|[from] item: Life Orb
|move|p1b: Toxapex|Toxic|p2b: Suijin
|-status|p2b: Suijin|tox
|
|-weather|RainDance|[upkeep]
|-heal|p1b: Toxapex|84/100|[from] item: Leftovers
|-damage|p2b: Suijin|94/100 tox|[from] psn
|upkeep
|turn|5
|
|t:|1785953365
|move|p2b: Suijin|Night Slash|p1b: Toxapex
|-damage|p1b: Toxapex|49/100
|move|p2a: Midas|Shadow Ball|p1b: Toxapex
|-damage|p1b: Toxapex|0 fnt
|faint|p1b: Toxapex
|-damage|p2a: Midas|80/100|[from] item: Life Orb
|
|win|BBQSwizzle1906
|l|☆Painter04
|player|p1|
|raw|Painter04's rating: 1142 → 1112(-30 for losing)
|raw|BBQSwizzle1906's rating: 1076 → 1110(+34 for winning)
