|j|☆falafamiredosidofa
|j|☆Woodcraft0147
|html|falafamiredosidofaWoodcraft0147    
|uhtml|bestof|Game 3 of a best-of-3
|t:|1785781860
|gametype|doubles
|player|p1|falafamiredosidofa|steven|1000
|player|p2|Woodcraft0147|piers|1085
|gen|9
|tier|[Gen 9 Champions] VGC 2026 Reg M-B (Bo3)
|rated|
|rule|Species Clause: Limit one of each Pokémon
|rule|Item Clause: Limit 1 of each item
|clearpoke
|poke|p1|Garchomp, L50, F|
|poke|p1|Venusaur, L50, M|
|poke|p1|Incineroar, L50, M|
|poke|p1|Charizard, L50, F|
|poke|p1|Toxapex, L50, M|
|poke|p1|Annihilape, L50, F|
|poke|p2|Pelipper, L50, F|
|poke|p2|Basculegion, L50, M|
|poke|p2|Farigiraf, L50, M|
|poke|p2|Swampert, L50, M|
|poke|p2|Sylveon, L50, M|
|poke|p2|Crabominable, L50, F|
|teampreview|4
|showteam|p1|Garchomp||ChoiceScarf|RoughSkin|Earthquake,RockSlide,DragonClaw,StompingTantrum|Adamant||F|||50|]Venusaur||LifeOrb|Chlorophyll|SludgeBomb,SolarBeam,EarthPower,Protect|Modest||M|||50|]Incineroar||SitrusBerry|Intimidate|FakeOut,FlareBlitz,ThroatChop,PartingShot|Impish||M|||50|]Charizard||CharizarditeY|Blaze|HeatWave,WeatherBall,Protect,HelpingHand|Modest||F|||50|]Toxapex||Leftovers|Regenerator|Infestation,Toxic,WideGuard,BanefulBunker|Impish||M|||50|]Annihilape||FocusSash|Defiant|CloseCombat,PhantomForce,RockTomb,Protect|Jolly||F|||50|
|showteam|p2|Pelipper||SitrusBerry|Drizzle|Hurricane,WeatherBall,Tailwind,WideGuard|Modest||F|||50|]Basculegion||LifeOrb|SwiftSwim|LastRespects,FlipTurn,WaveCrash,Protect|Adamant||M|||50|]Farigiraf||ColburBerry|ArmorTail|HyperVoice,Psychic,HelpingHand,TrickRoom|Quiet||M|||50|]Swampert||Swampertite|Torrent|WaveCrash,HighHorsepower,IcePunch,Protect|Adamant||M|||50|]Sylveon||Leftovers|Pixilate|HyperVoice,Psychic,ShadowBall,Protect|Modest||M|||50|]Crabominable||Crabominite|IronFist|IceHammer,DrainPunch,MachPunch,Protect|Adamant||F|||50|
|inactive|Battle timer is ON: inactive players will automatically lose when time's up. (requested by Woodcraft0147)
|
|t:|1785781889
|teamsize|p1|4
|teamsize|p2|4
|start
|switch|p1a: Incineroar|Incineroar, L50, M|100/100
|switch|p1b: Toxapex|Toxapex, L50, M|100/100
|switch|p2a: Sylveon|Sylveon, L50, M|100/100
|switch|p2b: Pelipper|Pelipper, L50, F|100/100
|-weather|RainDance|[from] ability: Drizzle|[of] p2b: Pelipper
|-ability|p1a: Incineroar|Intimidate|boost
|-unboost|p2a: Sylveon|atk|1
|-unboost|p2b: Pelipper|atk|1
|turn|1
|inactive|falafamiredosidofa has 30 seconds left.
|inactive|falafamiredosidofa has 20 seconds left.
|
|t:|1785781927
|switch|p2b: Swampert|Swampert, L50, M|100/100
|move|p2a: Sylveon|Protect|p2a: Sylveon
|-singleturn|p2a: Sylveon|Protect
|move|p1a: Incineroar|Fake Out|p2b: Swampert
|-damage|p2b: Swampert|90/100
|move|p1b: Toxapex|Infestation|p2a: Sylveon
|-activate|p2a: Sylveon|move: Protect
|
|-weather|RainDance|[upkeep]
|upkeep
|turn|2
|inactive|falafamiredosidofa has 30 seconds left.
|inactive|falafamiredosidofa has 20 seconds left.
|inactive|falafamiredosidofa has 15 seconds left.
|inactive|falafamiredosidofa has 10 seconds left.
|
|t:|1785781976
|switch|p1a: Garchomp|Garchomp, L50, F|100/100
|move|p2b: Swampert|Protect|p2b: Swampert
|-singleturn|p2b: Swampert|Protect
|move|p2a: Sylveon|Hyper Voice|p1a: Garchomp|[spread] p1a,p1b
|-supereffective|p1a: Garchomp|1
|-resisted|p1b: Toxapex|1
|-damage|p1a: Garchomp|8/100
|-damage|p1b: Toxapex|83/100
|move|p1b: Toxapex|Toxic|p2b: Swampert
|-activate|p2b: Swampert|move: Protect
|
|-weather|RainDance|[upkeep]
|-heal|p1b: Toxapex|89/100|[from] item: Leftovers
|upkeep
|turn|3
|
|t:|1785781992
|detailschange|p2b: Swampert|Swampert-Mega, L50, M
|-mega|p2b: Swampert|Swampert|Swampertite
|move|p1b: Toxapex|Wide Guard|p1b: Toxapex
|-singleturn|p1b: Toxapex|Wide Guard
|move|p1a: Garchomp|Earthquake|p2b: Swampert|[spread] p2a,p2b
|-activate|p1b: Toxapex|move: Wide Guard
|-crit|p2a: Sylveon
|-damage|p2a: Sylveon|22/100
|-damage|p2b: Swampert|58/100
|move|p2b: Swampert|High Horsepower|p1b: Toxapex
|-supereffective|p1b: Toxapex|1
|-crit|p1b: Toxapex
|-damage|p1b: Toxapex|0 fnt
|faint|p1b: Toxapex
|move|p2a: Sylveon|Hyper Voice|p1a: Garchomp
|-activate|p1a: Garchomp|move: Wide Guard
|
|-weather|RainDance|[upkeep]
|-heal|p2a: Sylveon|28/100|[from] item: Leftovers
|upkeep
|
|t:|1785782003
|switch|p1b: Charizard|Charizard, L50, F|100/100
|turn|4
|
|t:|1785782015
|detailschange|p1b: Charizard|Charizard-Mega-Y, L50, F
|-mega|p1b: Charizard|Charizard|Charizardite Y
|-weather|SunnyDay|[from] ability: Drought|[of] p1b: Charizard
|move|p2b: Swampert|Protect|p2b: Swampert
|-singleturn|p2b: Swampert|Protect
|move|p1a: Garchomp|Earthquake|p2b: Swampert|[spread] p2a
|-activate|p2b: Swampert|move: Protect
|-immune|p1b: Charizard
|-damage|p2a: Sylveon|0 fnt
|faint|p2a: Sylveon
|move|p1b: Charizard|Weather Ball|p2b: Swampert
|-activate|p2b: Swampert|move: Protect
|
|-weather|SunnyDay|[upkeep]
|upkeep
|
|t:|1785782026
|switch|p2a: Pelipper|Pelipper, L50, F|100/100
|-weather|RainDance|[from] ability: Drizzle|[of] p2a: Pelipper
|turn|5
|
|t:|1785782061
|switch|p1b: Incineroar|Incineroar, L50, M|100/100
|-ability|p1b: Incineroar|Intimidate|boost
|-unboost|p2a: Pelipper|atk|1
|-unboost|p2b: Swampert|atk|1
|move|p1a: Garchomp|Earthquake|p2b: Swampert|[spread] p1b,p2b
|-immune|p2a: Pelipper
|-supereffective|p1b: Incineroar|1
|-damage|p1b: Incineroar|45/100
|-damage|p2b: Swampert|24/100
|-enditem|p1b: Incineroar|Sitrus Berry|[eat]
|-heal|p1b: Incineroar|70/100|[from] item: Sitrus Berry
|move|p2b: Swampert|Wave Crash|p1a: Garchomp
|-damage|p1a: Garchomp|0 fnt
|-damage|p2b: Swampert|12/100|[from] ability: Rough Skin|[of] p1a: Garchomp
|faint|p1a: Garchomp
|-damage|p2b: Swampert|9/100|[from] Recoil
|move|p2a: Pelipper|Weather Ball|p1b: Incineroar
|-supereffective|p1b: Incineroar|1
|-damage|p1b: Incineroar|0 fnt
|faint|p1b: Incineroar
|
|-weather|RainDance|[upkeep]
|upkeep
|
|t:|1785782073
|switch|p1b: Charizard|Charizard-Mega-Y, L50, F|100/100
|-weather|SunnyDay|[from] ability: Drought|[of] p1b: Charizard
|turn|6
|
|t:|1785782077
|switch|p2a: Basculegion|Basculegion, L50, M|100/100
|move|p2b: Swampert|Protect|p2b: Swampert
|-singleturn|p2b: Swampert|Protect
|move|p1b: Charizard|Heat Wave|p2a: Basculegion|[spread] p2a
|-activate|p2b: Swampert|move: Protect
|-resisted|p2a: Basculegion|1
|-damage|p2a: Basculegion|64/100
|
|-weather|SunnyDay|[upkeep]
|upkeep
|turn|7
|
|t:|1785782083
|switch|p2a: Pelipper|Pelipper, L50, F|100/100
|-weather|RainDance|[from] ability: Drizzle|[of] p2a: Pelipper
|move|p2b: Swampert|Wave Crash|p1b: Charizard
|-supereffective|p1b: Charizard|1
|-damage|p1b: Charizard|0 fnt
|faint|p1b: Charizard
|-damage|p2b: Swampert|0 fnt|[from] Recoil
|faint|p2b: Swampert
|
|win|Woodcraft0147
|raw|falafamiredosidofa's rating: 1000 → 1000(+0 for losing)
|raw|Woodcraft0147's rating: 1085 → 1106(+21 for winning)
