|j|☆HyphyJavi
|j|☆hexagonfoot
|html|HyphyJavihexagonfoot    
|uhtml|bestof|Game 1 of a best-of-3
|t:|1756506968
|gametype|doubles
|player|p1|HyphyJavi|dancer|1265
|player|p2|hexagonfoot|caitlin|1220
|gen|9
|tier|[Gen 9] VGC 2025 Reg H (Bo3)
|rated|
|rule|Species Clause: Limit one of each Pokémon
|rule|Item Clause: Limit 1 of each item
|clearpoke
|poke|p1|Hatterene, L50, F|
|poke|p1|Indeedee-F, L50, F|
|poke|p1|Torkoal, L50, M|
|poke|p1|Gallade, L50, M|
|poke|p1|Sneasler, L50, M|
|poke|p1|Farigiraf, L50, M|
|poke|p2|Kingambit, L50, M|
|poke|p2|Primarina, L50, F|
|poke|p2|Sneasler, L50, F|
|poke|p2|Magmar, L50, F|
|poke|p2|Rillaboom, L50, F|
|poke|p2|Dragapult, L50, F|
|teampreview|4
|showteam|p1|Hatterene||LifeOrb|MagicBounce|ExpandingForce,DazzlingGleam,Psychic,TrickRoom|||F|||50|,,,,,Psychic]Indeedee-F||SafetyGoggles|PsychicSurge|FollowMe,HelpingHand,Psychic,TrickRoom|||F|||50|,,,,,Steel]Torkoal||Charcoal|Drought|Eruption,HeatWave,SolarBeam,WeatherBall|||M|||50|,,,,,Fire]Gallade||ClearAmulet|Sharpness|SacredSword,NightSlash,WideGuard,TrickRoom|||M|||50|,,,,,Dark]Sneasler||PsychicSeed|Unburden|DireClaw,CloseCombat,ThroatChop,RockSlide|||M|||50|,,,,,Stellar]Farigiraf||ThroatSpray|ArmorTail|HyperVoice,HelpingHand,AllySwitch,TrickRoom|||M|||50|,,,,,Fairy
|showteam|p2|Kingambit||BlackGlasses|Defiant|KowtowCleave,SuckerPunch,SwordsDance,Protect|||M|||50|,,,,,Ghost]Primarina||SitrusBerry|LiquidVoice|HyperVoice,Moonblast,Haze,Protect|||F|||50|,,,,,Water]Sneasler||FocusSash|PoisonTouch|CloseCombat,DireClaw,FakeOut,Protect|||F|||50|,,,,,Stellar]Magmar||Eviolite|VitalSpirit|Overheat,WillOWisp,FollowMe,Protect|||F|||50|,,,,,Ghost]Rillaboom||AssaultVest|GrassySurge|WoodHammer,GrassyGlide,HighHorsepower,FakeOut|||F|||50|,,,,,Fire]Dragapult||ChoiceBand|ClearBody|DragonDarts,PhantomForce,TeraBlast,Uturn|||F|||50|,,,,,Ghost
|c|☆HyphyJavi|glhf
|inactive|Battle timer is ON: inactive players will automatically lose when time's up. (requested by hexagonfoot)
|c|☆hexagonfoot|glhf
|inactive|HyphyJavi has 60 seconds left.
|
|t:|1756507022
|teamsize|p1|4
|teamsize|p2|4
|start
|switch|p1a: Indeedee|Indeedee-F, L50, F|100/100
|switch|p1b: Gallade|Gallade, L50, M|100/100
|switch|p2a: Kingambit|Kingambit, L50, M|100/100
|switch|p2b: Dragapult|Dragapult, L50, F|100/100
|-fieldstart|move: Psychic Terrain|[from] ability: Psychic Surge|[of] p1a: Indeedee
|turn|1
|inactive|hexagonfoot has 30 seconds left.
|inactive|hexagonfoot has 20 seconds left.
|inactive|hexagonfoot has 15 seconds left.
|
|t:|1756507066
|-terastallize|p1a: Indeedee|Steel
|-terastallize|p2a: Kingambit|Ghost
|move|p1a: Indeedee|Follow Me|p1a: Indeedee
|-singleturn|p1a: Indeedee|move: Follow Me
|move|p2b: Dragapult|U-turn|p1a: Indeedee
|-resisted|p1a: Indeedee
|-damage|p1a: Indeedee|82/100
|
|t:|1756507073
|switch|p2b: Rillaboom|Rillaboom, L50, F|100/100|[from] U-turn
|-fieldstart|move: Grassy Terrain|[from] ability: Grassy Surge|[of] p2b: Rillaboom
|move|p2a: Kingambit|Kowtow Cleave|p1a: Indeedee
|-damage|p1a: Indeedee|26/100
|move|p1b: Gallade|Trick Room|p1b: Gallade
|-fieldstart|move: Trick Room|[of] p1b: Gallade
|
|-heal|p1a: Indeedee|32/100|[from] Grassy Terrain
|upkeep
|turn|2
|inactive|hexagonfoot has 30 seconds left.
|
|t:|1756507100
|switch|p1a: Farigiraf|Farigiraf, L50, M|100/100
|move|p2a: Kingambit|Kowtow Cleave|p1b: Gallade
|-damage|p1b: Gallade|19/100
|move|p1b: Gallade|Night Slash|p2a: Kingambit
|-supereffective|p2a: Kingambit
|-damage|p2a: Kingambit|40/100
|move|p2b: Rillaboom|Wood Hammer|p1b: Gallade
|-damage|p1b: Gallade|0 fnt
|faint|p1b: Gallade
|-damage|p2b: Rillaboom|95/100|[from] Recoil
|
|-heal|p2a: Kingambit|46/100|[from] Grassy Terrain
|-heal|p2b: Rillaboom|100/100|[from] Grassy Terrain
|upkeep
|
|t:|1756507114
|switch|p1b: Hatterene|Hatterene, L50, F|100/100
|turn|3
|inactive|hexagonfoot has 30 seconds left.
|
|t:|1756507144
|switch|p1a: Indeedee|Indeedee-F, L50, F, tera:Steel|32/100
|-fieldstart|move: Psychic Terrain|[from] ability: Psychic Surge|[of] p1a: Indeedee
|switch|p2b: Primarina|Primarina, L50, F|100/100
|move|p2a: Kingambit|Protect|p2a: Kingambit
|-singleturn|p2a: Kingambit|Protect
|move|p1b: Hatterene|Expanding Force|p2a: Kingambit|[spread] p2b
|-activate|p2a: Kingambit|move: Protect
|-damage|p2b: Primarina|28/100
|-enditem|p2b: Primarina|Sitrus Berry|[eat]
|-heal|p2b: Primarina|53/100|[from] item: Sitrus Berry
|-damage|p1b: Hatterene|91/100|[from] item: Life Orb
|
|upkeep
|turn|4
|inactive|hexagonfoot has 30 seconds left.
|
|t:|1756507174
|switch|p2a: Rillaboom|Rillaboom, L50, F|100/100
|-fieldstart|move: Grassy Terrain|[from] ability: Grassy Surge|[of] p2a: Rillaboom
|switch|p1a: Farigiraf|Farigiraf, L50, M|100/100
|move|p1b: Hatterene|Expanding Force|p2a: Rillaboom
|-damage|p2a: Rillaboom|51/100
|-damage|p1b: Hatterene|81/100|[from] item: Life Orb
|move|p2b: Primarina|Hyper Voice|p1a: Farigiraf|[spread] p1a,p1b
|-damage|p1a: Farigiraf|70/100
|-damage|p1b: Hatterene|47/100
|
|-heal|p1b: Hatterene|54/100|[from] Grassy Terrain
|-heal|p1a: Farigiraf|76/100|[from] Grassy Terrain
|-heal|p2b: Primarina|59/100|[from] Grassy Terrain
|-heal|p2a: Rillaboom|57/100|[from] Grassy Terrain
|upkeep
|turn|5
|inactive|HyphyJavi has 30 seconds left.
|inactive|hexagonfoot has 30 seconds left.
|
|t:|1756507203
|switch|p2a: Kingambit|Kingambit, L50, M, tera:Ghost|46/100
|move|p2b: Primarina|Protect|p2b: Primarina
|-singleturn|p2b: Primarina|Protect
|move|p1b: Hatterene|Psychic|p2a: Kingambit
|-damage|p2a: Kingambit|0 fnt
|faint|p2a: Kingambit
|-damage|p1b: Hatterene|44/100|[from] item: Life Orb
|move|p1a: Farigiraf|Hyper Voice|p2b: Primarina
|-activate|p2b: Primarina|move: Protect
|
|-heal|p1b: Hatterene|50/100|[from] Grassy Terrain
|-heal|p1a: Farigiraf|82/100|[from] Grassy Terrain
|-heal|p2b: Primarina|65/100|[from] Grassy Terrain
|-fieldend|move: Trick Room
|upkeep
|
|t:|1756507222
|switch|p2a: Dragapult|Dragapult, L50, F|100/100
|turn|6
|inactive|HyphyJavi has 30 seconds left.
|inactive|hexagonfoot has 30 seconds left.
|inactive|hexagonfoot has 20 seconds left.
|
|t:|1756507265
|switch|p1b: Indeedee|Indeedee-F, L50, F, tera:Steel|32/100
|-fieldstart|move: Psychic Terrain|[from] ability: Psychic Surge|[of] p1b: Indeedee
|move|p2a: Dragapult|U-turn|p1a: Farigiraf
|-supereffective|p1a: Farigiraf
|-damage|p1a: Farigiraf|26/100
|
|t:|1756507271
|switch|p2a: Rillaboom|Rillaboom, L50, F|57/100|[from] U-turn
|-fieldstart|move: Grassy Terrain|[from] ability: Grassy Surge|[of] p2a: Rillaboom
|move|p2b: Primarina|Hyper Voice|p1a: Farigiraf|[spread] p1a,p1b
|-damage|p1a: Farigiraf|0 fnt
|-damage|p1b: Indeedee|3/100
|faint|p1a: Farigiraf
|
|-heal|p2a: Rillaboom|63/100|[from] Grassy Terrain
|-heal|p2b: Primarina|71/100|[from] Grassy Terrain
|-heal|p1b: Indeedee|9/100|[from] Grassy Terrain
|upkeep
|
|t:|1756507281
|switch|p1a: Hatterene|Hatterene, L50, F|50/100
|turn|7
|c|☆HyphyJavi|gg
|-message|HyphyJavi forfeited.
|
|win|hexagonfoot
|c|☆hexagonfoot|gg
||hexagonfoot is ready for game 2.
||HyphyJavi is ready for game 2.
|uhtml|next|Next: Game 2 of 3
