|j|☆Okknd
|j|☆battle sim trainer
|html|Okkndbattle sim trainer    
|uhtml|bestof|Game 1 of a best-of-3
|t:|1757234019
|gametype|doubles
|player|p1|Okknd|rood|1063
|player|p2|battle sim trainer|steven|1108
|gen|9
|tier|[Gen 9] VGC 2025 Reg H (Bo3)
|rated|
|rule|Species Clause: Limit one of each Pokémon
|rule|Item Clause: Limit 1 of each item
|clearpoke
|poke|p1|Glaceon, L50, F|
|poke|p1|Ninetales-Alola, L50, M|
|poke|p1|Whimsicott, L50, F|
|poke|p1|Magmar, L50, F|
|poke|p1|Annihilape, L50, M|
|poke|p1|Meowscarada, L50, M|
|poke|p2|Bronzong, L50|
|poke|p2|Pincurchin, L50, F|
|poke|p2|Toxtricity-Low-Key, L50, M|
|poke|p2|Araquanid, L50, F|
|poke|p2|Indeedee, L50, M|
|poke|p2|Raichu-Alola, L50, M|
|teampreview|4
|showteam|p1|Glaceon||LifeOrb|SnowCloak|Protect,TeraBlast,WeatherBall,Blizzard|||F|||50|,,,,,Ground]Ninetales-Alola||LightClay|SnowWarning|Blizzard,Moonblast,Protect,AuroraVeil|||M|||50|,,,,,Water]Whimsicott||CovertCloak|Prankster|Moonblast,Tailwind,Encore,BeatUp|||F|||50|,,,,,Steel]Magmar||Eviolite|VitalSpirit|FollowMe,Overheat,Protect,WillOWisp|||F|||50|,,,,,Water]Annihilape||SafetyGoggles|Defiant|BulkUp,Protect,DrainPunch,RageFist|||M|||50|,,,,,Fairy]Meowscarada||FocusSash|Overgrow|LowKick,KnockOff,FlowerTrick,Protect|||M|||50|,,,,,Poison
|showteam|p2|Bronzong||ElectricSeed|Levitate|BodyPress,TrickRoom,Protect,IronDefense||||||50|,,,,,Fire]Pincurchin||EjectButton|ElectricSurge|ToxicSpikes,RainDance,ZingZap,Protect|||F|||50|,,,,,Ghost]Toxtricity-Low-Key||ChoiceSpecs|PunkRock|Overdrive,SludgeBomb,Boomburst,VoltSwitch|||M|||50|,,,,,Electric]Araquanid||MysticWater|WaterBubble|Liquidation,WideGuard,Soak,Protect|||F|||50|,,,,,Water]Indeedee||ChoiceScarf|PsychicSurge|TrickRoom,Trick,ExpandingForce,TeraBlast|||M|||50|,,,,,Ground]Raichu-Alola||FocusSash|SurgeSurfer|VoltSwitch,Thunderbolt,ExpandingForce,FakeOut|||M|||50|,,,,,Ghost
|inactive|Battle timer is ON: inactive players will automatically lose when time's up. (requested by Okknd)
|inactive|Okknd has 60 seconds left.
|inactive|battle sim trainer has 60 seconds left.
|
|t:|1757234060
|teamsize|p1|4
|teamsize|p2|4
|start
|switch|p1a: Meowscarada|Meowscarada, L50, M|100/100
|switch|p1b: French homework|Ninetales-Alola, L50, M|100/100
|switch|p2a: Indeedee|Indeedee, L50, M|100/100
|switch|p2b: Raichu|Raichu-Alola, L50, M|100/100
|-fieldstart|move: Psychic Terrain|[from] ability: Psychic Surge|[of] p2a: Indeedee
|-weather|Snowscape|[from] ability: Snow Warning|[of] p1b: French homework
|turn|1
|inactive|battle sim trainer has 30 seconds left.
|inactive|battle sim trainer has 20 seconds left.
|inactive|battle sim trainer has 15 seconds left.
|
|t:|1757234105
|move|p2a: Indeedee|Expanding Force|p1a: Meowscarada|[spread] p1b
|-immune|p1a: Meowscarada
|-crit|p1b: French homework
|-damage|p1b: French homework|0 fnt
|faint|p1b: French homework
|move|p1a: Meowscarada|Knock Off|p2b: Raichu
|-supereffective|p2b: Raichu
|-enditem|p2b: Raichu|Focus Sash
|-damage|p2b: Raichu|1/100
|move|p2b: Raichu|Volt Switch|p1a: Meowscarada
|-resisted|p1a: Meowscarada
|-damage|p1a: Meowscarada|74/100
|
|t:|1757234116
|switch|p2b: Hug me|Bronzong, L50, shiny|100/100|[from] Volt Switch
|
|-weather|Snowscape|[upkeep]
|upkeep
|
|t:|1757234122
|switch|p1b: Glaceon|Glaceon, L50, F|100/100
|turn|2
|
|t:|1757234137
|-terastallize|p2b: Hug me|Fire
|move|p2a: Indeedee|Expanding Force|p1b: Glaceon|[spread] p1b
|-immune|p1a: Meowscarada
|-damage|p1b: Glaceon|33/100
|move|p1a: Meowscarada|Knock Off|p2b: Hug me
|-damage|p2b: Hug me|72/100
|-enditem|p2b: Hug me|Electric Seed|[from] move: Knock Off|[of] p1a: Meowscarada
|move|p1b: Glaceon|Blizzard|p2a: Indeedee|[spread] p2a,p2b
|-resisted|p2b: Hug me
|-damage|p2a: Indeedee|29/100
|-damage|p2b: Hug me|47/100
|-damage|p1b: Glaceon|23/100|[from] item: Life Orb
|move|p2b: Hug me|Trick Room|p2b: Hug me
|-fieldstart|move: Trick Room|[of] p2b: Hug me
|
|-weather|Snowscape|[upkeep]
|upkeep
|turn|3
|inactive|battle sim trainer has 30 seconds left.
|
|t:|1757234165
|switch|p2a: Thorn|Pincurchin, L50, F|100/100
|-fieldstart|move: Electric Terrain|[from] ability: Electric Surge|[of] p2a: Thorn
|move|p1b: Glaceon|Protect|p1b: Glaceon
|-singleturn|p1b: Glaceon|Protect
|move|p1a: Meowscarada|Protect|p1a: Meowscarada
|-singleturn|p1a: Meowscarada|Protect
|move|p2b: Hug me|Body Press|p1a: Meowscarada
|-activate|p1a: Meowscarada|move: Protect
|
|-weather|Snowscape|[upkeep]
|upkeep
|turn|4
|
|t:|1757234182
|move|p2a: Thorn|Zing Zap|p1b: Glaceon|[miss]
|-miss|p2a: Thorn|p1b: Glaceon
|move|p2b: Hug me|Iron Defense|p2b: Hug me
|-boost|p2b: Hug me|def|2
|move|p1b: Glaceon|Blizzard|p2b: Hug me|[spread] p2a,p2b
|-resisted|p2b: Hug me
|-damage|p2a: Thorn|45/100
|-damage|p2b: Hug me|23/100
|-enditem|p2a: Thorn|Eject Button
|-damage|p1b: Glaceon|13/100|[from] item: Life Orb
|
|t:|1757234194
|switch|p2a: Raichu|Raichu-Alola, L50, M|1/100
|move|p1a: Meowscarada|Low Kick|p2b: Hug me
|-damage|p2b: Hug me|12/100
|
|-weather|Snowscape|[upkeep]
|upkeep
|turn|5
|
|t:|1757234214
|-terastallize|p1a: Meowscarada|Poison
|move|p2a: Raichu|Fake Out|p1a: Meowscarada
|-damage|p1a: Meowscarada|61/100
|move|p2b: Hug me|Body Press|p1a: Meowscarada
|-resisted|p1a: Meowscarada
|-damage|p1a: Meowscarada|17/100
|move|p1b: Glaceon|Weather Ball|p2a: Raichu
|-damage|p2a: Raichu|0 fnt
|faint|p2a: Raichu
|-damage|p1b: Glaceon|4/100|[from] item: Life Orb
|cant|p1a: Meowscarada|flinch
|
|-weather|none
|upkeep
|
|t:|1757234225
|switch|p2a: Thorn|Pincurchin, L50, F|45/100
|turn|6
|
|t:|1757234242
|move|p1b: Glaceon|Protect|p1b: Glaceon
|-singleturn|p1b: Glaceon|Protect
|move|p1a: Meowscarada|Protect|p1a: Meowscarada
|-singleturn|p1a: Meowscarada|Protect
|move|p2a: Thorn|Zing Zap|p1a: Meowscarada
|-activate|p1a: Meowscarada|move: Protect
|move|p2b: Hug me|Body Press|p1b: Glaceon
|-activate|p1b: Glaceon|move: Protect
|
|-fieldend|move: Trick Room
|upkeep
|turn|7
|
|t:|1757234255
|switch|p1a: Annihilape|Annihilape, L50, M|100/100
|move|p1b: Glaceon|Blizzard|p2a: Thorn|[spread] p2a
|-miss|p1b: Glaceon|p2b: Hug me
|-damage|p2a: Thorn|0 fnt
|faint|p2a: Thorn
|-damage|p1b: Glaceon|0 fnt|[from] item: Life Orb
|faint|p1b: Glaceon
|move|p2b: Hug me|Body Press|p1a: Annihilape
|-immune|p1a: Annihilape
|
|-fieldend|move: Electric Terrain
|upkeep
|
|t:|1757234266
|switch|p1b: Meowscarada|Meowscarada, L50, M, tera:Poison|17/100
|switch|p2a: Indeedee|Indeedee, L50, M|29/100
|-fieldstart|move: Psychic Terrain|[from] ability: Psychic Surge|[of] p2a: Indeedee
|turn|8
|
|t:|1757234281
|move|p1b: Meowscarada|Protect|p1b: Meowscarada
|-singleturn|p1b: Meowscarada|Protect
|move|p2a: Indeedee|Expanding Force|p1a: Annihilape|[spread] p1a
|-activate|p1b: Meowscarada|move: Protect
|-supereffective|p1a: Annihilape
|-damage|p1a: Annihilape|0 fnt
|faint|p1a: Annihilape
|move|p2b: Hug me|Body Press|p1b: Meowscarada
|-activate|p1b: Meowscarada|move: Protect
|
|upkeep
|turn|9
|
|t:|1757234294
|move|p2a: Indeedee|Expanding Force|p1b: Meowscarada
|-supereffective|p1b: Meowscarada
|-damage|p1b: Meowscarada|0 fnt
|faint|p1b: Meowscarada
|
|win|battle sim trainer
