|j|☆Inushimi
|j|☆MessyBench
|html|InushimiMessyBench    
|uhtml|bestof|Game 2 of a best-of-3
|t:|1783193442
|gametype|doubles
|player|p1|Inushimi|265|1124
|player|p2|MessyBench|170|1150
|gen|9
|tier|[Gen 9 Champions] VGC 2026 Reg M-B (Bo3)
|rated|
|rule|Species Clause: Limit one of each Pokémon
|rule|Item Clause: Limit 1 of each item
|clearpoke
|poke|p1|Kingambit, L50, F|
|poke|p1|Charizard, L50, F|
|poke|p1|Aerodactyl, L50, M|
|poke|p1|Farigiraf, L50, F|
|poke|p1|Garchomp, L50, M|
|poke|p1|Sylveon, L50, M|
|poke|p2|Raichu, L50, M|
|poke|p2|Ninetales-Alola, L50, M|
|poke|p2|Jolteon, L50, M|
|poke|p2|Archaludon, L50, F|
|poke|p2|Sneasler, L50, F|
|poke|p2|Sceptile, L50, F|
|teampreview|4
|showteam|p1|Kingambit||FocusSash|Defiant|KowtowCleave,IronHead,SuckerPunch,LowKick|Adamant||F|||50|]Charizard||CharizarditeY|Blaze|HeatWave,SolarBeam,WeatherBall,Protect|Timid||F|||50|]Aerodactyl||Aerodactylite|Unnerve|RockSlide,DualWingbeat,IceFang,Tailwind|Jolly||M|||50|]Farigiraf||SitrusBerry|ArmorTail|Psychic,Thunderbolt,TrickRoom,Protect|Bold||F|||50|]Garchomp||LifeOrb|RoughSkin|Earthquake,DragonClaw,StompingTantrum,Protect|Jolly||M|||50|]Sylveon||FairyFeather|Pixilate|HyperVoice,HyperBeam,QuickAttack,Protect|Modest||M|||50|
|showteam|p2|Raichu||RaichuniteX|Static|FakeOut,VoltTackle,PlayRough,Protect|Jolly||M|||50|]Ninetales-Alola||FocusSash|SnowWarning|Blizzard,FreezeDry,Protect,AuroraVeil|Timid||M|||50|]Jolteon||LifeOrb|VoltAbsorb|RisingVoltage,Protect,Electroweb,WeatherBall|Timid||M|||50|]Archaludon||ChoiceScarf|Stalwart|Thunderbolt,DracoMeteor,FlashCannon,DragonPulse|Timid||F|||50|]Sneasler||WhiteHerb|Unburden|FakeOut,CloseCombat,DireClaw,Coaching|Jolly||F|||50|]Sceptile||Sceptilite|Overgrow|Protect,LeafStorm,DragonPulse,EarthPower|Timid||F|||50|
|inactive|Battle timer is ON: inactive players will automatically lose when time's up. (requested by Inushimi)
|inactive|MessyBench has 60 seconds left.
|
|t:|1783193486
|teamsize|p1|4
|teamsize|p2|4
|start
|switch|p1a: Charizard|Charizard, L50, F|100/100
|switch|p1b: Kingambit|Kingambit, L50, F|100/100
|switch|p2a: Jolteon|Jolteon, L50, M|100/100
|switch|p2b: Raichu|Raichu, L50, M|100/100
|turn|1
|inactive|Inushimi has 30 seconds left.
|inactive|Inushimi has 20 seconds left.
|inactive|Inushimi has 15 seconds left.
|
|t:|1783193529
|switch|p1a: Farigiraf|Farigiraf, L50, F|100/100
|detailschange|p2b: Raichu|Raichu-Mega-X, L50, M
|-mega|p2b: Raichu|Raichu|Raichunite X
|-fieldstart|move: Electric Terrain|[from] ability: Electric Surge|[of] p2b: Raichu
|move|p2a: Jolteon|Electroweb|p1b: Kingambit|[spread] p1a,p1b
|-damage|p1a: Farigiraf|69/100
|-damage|p1b: Kingambit|64/100
|-unboost|p1a: Farigiraf|spe|1
|-unboost|p1b: Kingambit|spe|1
|-ability|p1b: Kingambit|Defiant|boost
|-boost|p1b: Kingambit|atk|2
|-damage|p2a: Jolteon|90/100|[from] item: Life Orb
|move|p2b: Raichu|Volt Tackle|p1b: Kingambit
|-damage|p1b: Kingambit|0 fnt
|faint|p1b: Kingambit
|-damage|p2b: Raichu|72/100|[from] Recoil
|
|upkeep
|
|t:|1783193544
|switch|p1b: Garchomp|Garchomp, L50, M|100/100
|turn|2
|
|t:|1783193555
|move|p1b: Garchomp|Protect|p1b: Garchomp
|-singleturn|p1b: Garchomp|Protect
|move|p2a: Jolteon|Rising Voltage|p1a: Farigiraf
|-hint|Rising Voltage's BP doubled on grounded target.
|-damage|p1a: Farigiraf|0 fnt
|faint|p1a: Farigiraf
|-damage|p2a: Jolteon|80/100|[from] item: Life Orb
|move|p2b: Raichu|Volt Tackle|p1b: Garchomp
|-activate|p1b: Garchomp|move: Protect
|
|upkeep
|
|t:|1783193564
|switch|p1a: Charizard|Charizard, L50, F|100/100
|turn|3
|
|t:|1783193568
|detailschange|p1a: Charizard|Charizard-Mega-Y, L50, F
|-mega|p1a: Charizard|Charizard|Charizardite Y
|-weather|SunnyDay|[from] ability: Drought|[of] p1a: Charizard
|move|p2a: Jolteon|Protect|p2a: Jolteon
|-singleturn|p2a: Jolteon|Protect
|move|p2b: Raichu|Protect|p2b: Raichu
|-singleturn|p2b: Raichu|Protect
|move|p1b: Garchomp|Earthquake|p2b: Raichu|[spread] 
|-activate|p2a: Jolteon|move: Protect
|-activate|p2b: Raichu|move: Protect
|-immune|p1a: Charizard
|move|p1a: Charizard|Heat Wave|p2b: Raichu|[spread] 
|-activate|p2a: Jolteon|move: Protect
|-activate|p2b: Raichu|move: Protect
|
|-weather|SunnyDay|[upkeep]
|upkeep
|turn|4
|
|t:|1783193576
|switch|p2b: Ninetales|Ninetales-Alola, L50, M|100/100
|-weather|Snowscape|[from] ability: Snow Warning|[of] p2b: Ninetales
|move|p1a: Charizard|Protect|p1a: Charizard
|-singleturn|p1a: Charizard|Protect
|move|p2a: Jolteon|Weather Ball|p1b: Garchomp
|-supereffective|p1b: Garchomp|2
|-damage|p1b: Garchomp|0 fnt
|faint|p1b: Garchomp
|-damage|p2a: Jolteon|70/100|[from] item: Life Orb
|
|-weather|Snowscape|[upkeep]
|upkeep
|turn|5
|
|t:|1783193587
|move|p2a: Jolteon|Rising Voltage|p1a: Charizard
|-supereffective|p1a: Charizard|1
|-damage|p1a: Charizard|0 fnt
|faint|p1a: Charizard
|-damage|p2a: Jolteon|60/100|[from] item: Life Orb
|
|win|MessyBench
|raw|Inushimi's rating: 1124 → 1101(-23 for losing)
|raw|MessyBench's rating: 1150 → 1173(+23 for winning)
