|j|☆danicruz.music
|j|☆redpandavgclol
|html|danicruz.musicredpandavgclol    
|uhtml|bestof|Game 2 of a best-of-3
|t:|1757738157
|gametype|doubles
|player|p1|danicruz.music|whitney|1082
|player|p2|redpandavgclol|pokemonranger-gen4|1072
|gen|9
|tier|[Gen 9] VGC 2025 Reg H (Bo3)
|rated|
|rule|Species Clause: Limit one of each Pokémon
|rule|Item Clause: Limit 1 of each item
|clearpoke
|poke|p1|Dondozo, L50, M|
|poke|p1|Tatsugiri-Droopy, L50, F|
|poke|p1|Pelipper, L50, F|
|poke|p1|Archaludon, L50, M|
|poke|p1|Weezing-Galar, L50, F|
|poke|p1|Dragapult, L50, F|
|poke|p2|Rillaboom, L50, M|
|poke|p2|Archaludon, L50, F|
|poke|p2|Grimmsnarl, L50, M|
|poke|p2|Basculegion, L50, M|
|poke|p2|Politoed, L50, M|
|poke|p2|Incineroar, L50, F|
|teampreview|4
|showteam|p1|Dondozo||Leftovers|Unaware|WaveCrash,Earthquake,OrderUp,Protect|||M|||50|,,,,,Ground]Tatsugiri-Droopy||AssaultVest|Commander|DragonPulse,MirrorCoat,MuddyWater,IcyWind|||F|||50|,,,,,Fairy]Pelipper||FocusSash|Drizzle|Hurricane,WeatherBall,WideGuard,Tailwind|||F|||50|,,,,,Fire]Archaludon||PowerHerb|Stalwart|ElectroShot,FlashCannon,DracoMeteor,Protect|||M|||50|,,,,,Electric]Weezing-Galar||RockyHelmet|NeutralizingGas|DazzlingGleam,PoisonGas,SludgeBomb,Protect|||F|||50|,,,,,Flying]Dragapult||LifeOrb|ClearBody|DragonDarts,Protect,PhantomForce,TeraBlast|||F|||50|,,,,,Fighting
|showteam|p2|Rillaboom||AssaultVest|GrassySurge|GrassyGlide,Uturn,FakeOut,WoodHammer|||M|||50|,,,,,Fire]Archaludon||Leftovers|Stamina|ElectroShot,FlashCannon,BodyPress,Protect|||F|||50|,,,,,Fairy]Grimmsnarl||LightClay|Prankster|PartingShot,ThunderWave,LightScreen,Reflect|||M|||50|,,,,,Ghost]Basculegion||LifeOrb|Adaptability|AquaJet,LastRespects,WaveCrash,Protect|||M|||50|,,,,,Water]Politoed||SitrusBerry|Drizzle|Protect,WeatherBall,Haze,HelpingHand|||M|||50|,,,,,Grass]Incineroar||IapapaBerry|Intimidate|FakeOut,KnockOff,Taunt,PartingShot|||F|||50|,,,,,Grass
|inactive|Battle timer is ON: inactive players will automatically lose when time's up. (requested by danicruz.music)
|inactive|redpandavgclol has 60 seconds left.
|
|t:|1757738202
|teamsize|p1|4
|teamsize|p2|4
|start
|switch|p1a: Pelipper|Pelipper, L50, F|100/100
|switch|p1b: Archaludon|Archaludon, L50, M|100/100
|switch|p2a: frog|Grimmsnarl, L50, M, shiny|100/100
|switch|p2b: Tappan Zee|Archaludon, L50, F, shiny|100/100
|-weather|RainDance|[from] ability: Drizzle|[of] p1a: Pelipper
|turn|1
|inactive|danicruz.music has 30 seconds left.
|inactive|danicruz.music has 20 seconds left.
|
|t:|1757738237
|-terastallize|p1b: Archaludon|Electric
|move|p2a: frog|Light Screen|p2a: frog
|-sidestart|p2: redpandavgclol|move: Light Screen
|move|p1b: Archaludon|Electro Shot||[still]
|-prepare|p1b: Archaludon|Electro Shot
|-boost|p1b: Archaludon|spa|1
|-anim|p1b: Archaludon|Electro Shot|p2a: frog
|-damage|p2a: frog|29/100
|move|p2b: Tappan Zee|Electro Shot||[still]
|-prepare|p2b: Tappan Zee|Electro Shot
|-boost|p2b: Tappan Zee|spa|1
|-anim|p2b: Tappan Zee|Electro Shot|p1a: Pelipper
|-supereffective|p1a: Pelipper
|-enditem|p1a: Pelipper|Focus Sash
|-damage|p1a: Pelipper|1/100
|move|p1a: Pelipper|Tailwind|p1a: Pelipper
|-sidestart|p1: danicruz.music|move: Tailwind
|
|-weather|RainDance|[upkeep]
|upkeep
|turn|2
|inactive|redpandavgclol has 30 seconds left.
|
|t:|1757738264
|move|p2a: frog|Parting Shot|p1b: Archaludon
|-unboost|p1b: Archaludon|atk|1
|-unboost|p1b: Archaludon|spa|1
|c|☆danicruz.music|Tappan Zee is jokes LMAOOO
|c|☆redpandavgclol|you from ny?
|inactive|redpandavgclol has 30 seconds left.
|c|☆danicruz.music|Yea lol
|inactive|redpandavgclol has 20 seconds left.
|c|☆redpandavgclol|LMFAOO
|inactive|redpandavgclol has 15 seconds left.
|inactive|redpandavgclol has 10 seconds left.
|inactive|redpandavgclol has 5 seconds left.
|
|t:|1757738319
|switch|p2a: Duppy|Basculegion, L50, M|100/100|[from] Parting Shot
|move|p1b: Archaludon|Electro Shot||[still]
|-prepare|p1b: Archaludon|Electro Shot
|-boost|p1b: Archaludon|spa|1
|-anim|p1b: Archaludon|Electro Shot|p2b: Tappan Zee
|-resisted|p2b: Tappan Zee
|-damage|p2b: Tappan Zee|65/100
|-ability|p2b: Tappan Zee|Stamina|boost
|-boost|p2b: Tappan Zee|def|1
|move|p1a: Pelipper|Hurricane|p2a: Duppy
|-damage|p2a: Duppy|67/100
|move|p2b: Tappan Zee|Electro Shot||[still]
|-prepare|p2b: Tappan Zee|Electro Shot
|-boost|p2b: Tappan Zee|spa|1
|-anim|p2b: Tappan Zee|Electro Shot|p1b: Archaludon
|-resisted|p1b: Archaludon
|-damage|p1b: Archaludon|37/100
|
|-weather|RainDance|[upkeep]
|-heal|p2b: Tappan Zee|71/100|[from] item: Leftovers
|upkeep
|turn|3
|inactive|redpandavgclol has 30 seconds left.
|
|t:|1757738347
|move|p2a: Duppy|Protect|p2a: Duppy
|-singleturn|p2a: Duppy|Protect
|move|p1b: Archaludon|Electro Shot||[still]
|-prepare|p1b: Archaludon|Electro Shot
|-boost|p1b: Archaludon|spa|1
|-anim|p1b: Archaludon|Electro Shot|p2a: Duppy
|-activate|p2a: Duppy|move: Protect
|move|p1a: Pelipper|Hurricane|p2b: Tappan Zee
|-resisted|p2b: Tappan Zee
|-damage|p2b: Tappan Zee|53/100
|-ability|p2b: Tappan Zee|Stamina|boost
|-boost|p2b: Tappan Zee|def|1
|move|p2b: Tappan Zee|Electro Shot||[still]
|-prepare|p2b: Tappan Zee|Electro Shot
|-boost|p2b: Tappan Zee|spa|1
|-anim|p2b: Tappan Zee|Electro Shot|p1b: Archaludon
|-resisted|p1b: Archaludon
|-damage|p1b: Archaludon|0 fnt
|faint|p1b: Archaludon
|
|-weather|RainDance|[upkeep]
|-heal|p2b: Tappan Zee|59/100|[from] item: Leftovers
|upkeep
|
|t:|1757738351
|switch|p1b: Weezing|Weezing-Galar, L50, F|100/100
|-ability|p1b: Weezing|Neutralizing Gas
|turn|4
|
|t:|1757738375
|-terastallize|p2a: Duppy|Water
|move|p1b: Weezing|Dazzling Gleam|p2b: Tappan Zee|[spread] p2a,p2b
|-damage|p2a: Duppy|47/100
|-damage|p2b: Tappan Zee|39/100
|move|p1a: Pelipper|Hurricane|p2a: Duppy
|-crit|p2a: Duppy
|-damage|p2a: Duppy|0 fnt
|faint|p2a: Duppy
|move|p2b: Tappan Zee|Flash Cannon|p1a: Pelipper
|-resisted|p1a: Pelipper
|-damage|p1a: Pelipper|0 fnt
|faint|p1a: Pelipper
|
|-weather|RainDance|[upkeep]
|-heal|p2b: Tappan Zee|45/100|[from] item: Leftovers
|-sideend|p1: danicruz.music|move: Tailwind
|upkeep
|
|t:|1757738388
|switch|p2a: frog|Grimmsnarl, L50, M, shiny|29/100
|switch|p1a: Tatsugiri|Tatsugiri-Droopy, L50, F|100/100
|turn|5
|
|t:|1757738406
|move|p1a: Tatsugiri|Muddy Water|p2b: Tappan Zee|[spread] p2a,p2b
|-resisted|p2b: Tappan Zee
|-damage|p2a: frog|0 fnt
|-damage|p2b: Tappan Zee|26/100
|-unboost|p2b: Tappan Zee|accuracy|1
|faint|p2a: frog
|move|p2b: Tappan Zee|Electro Shot||[still]
|-prepare|p2b: Tappan Zee|Electro Shot
|-boost|p2b: Tappan Zee|spa|1
|-anim|p2b: Tappan Zee|Electro Shot|p1b: Weezing
|-damage|p1b: Weezing|0 fnt
|faint|p1b: Weezing
|-end|p1b: Weezing|ability: Neutralizing Gas
|
|-weather|none
|-heal|p2b: Tappan Zee|32/100|[from] item: Leftovers
|upkeep
|
|t:|1757738417
|switch|p2a: HoodRich|Rillaboom, L50, M|100/100
|-fieldstart|move: Grassy Terrain|[from] ability: Grassy Surge|[of] p2a: HoodRich
|turn|6
|-message|danicruz.music forfeited.
|
|win|redpandavgclol
||redpandavgclol is ready for game 3.
||danicruz.music is ready for game 3.
|uhtml|next|Next: Game 3 of 3
|l|☆redpandavgclol
|player|p2|
|l|☆danicruz.music
|player|p1|
