|j|☆MoscaacsoM
|j|☆Senli
|html|MoscaacsoMSenli    
|uhtml|bestof|Game 1 of a best-of-3
|t:|1785747294
|gametype|doubles
|player|p1|MoscaacsoM|101|1056
|player|p2|Senli|florian-bb|1000
|gen|9
|tier|[Gen 9 Champions] VGC 2026 Reg M-B (Bo3)
|rated|
|rule|Species Clause: Limit one of each Pokémon
|rule|Item Clause: Limit 1 of each item
|clearpoke
|poke|p1|Delphox, L50, F|
|poke|p1|Blastoise, L50, M|
|poke|p1|Sneasler, L50, F|
|poke|p1|Incineroar, L50, M|
|poke|p1|Kingambit, L50, M|
|poke|p1|Sinistcha, L50|
|poke|p2|Staraptor, L50, M, shiny|
|poke|p2|Glimmora, L50, F, shiny|
|poke|p2|Kingambit, L50, M, shiny|
|poke|p2|Whimsicott, L50, F, shiny|
|poke|p2|Delphox, L50, M, shiny|
|poke|p2|Garchomp, L50, F, shiny|
|teampreview|4
|showteam|p1|Delphox||Delphoxite|Blaze|HeatWave,Protect,NastyPlot,Psyshock|Timid||F|||50|]Blastoise||Blastoisinite|Torrent|WaterSpout,DarkPulse,ShellSmash,Protect|Modest||M|||50|]Sneasler||FocusSash|PoisonTouch|CloseCombat,FakeOut,PoisonJab,QuickGuard|Jolly||F|||50|]Incineroar||SitrusBerry|Intimidate|FakeOut,PartingShot,FlareBlitz,DarkestLariat|Careful||M|||50|]Kingambit||BlackGlasses|Defiant|KowtowCleave,Protect,SwordsDance,SuckerPunch|Adamant||M|||50|]Sinistcha||KasibBerry|Hospitality|MatchaGotcha,RagePowder,TrickRoom,Protect|Bold|||||50|
|showteam|p2|Staraptor||Staraptite|Intimidate|CloseCombat,BraveBird,Roost,Protect|Jolly||M|||50|]Glimmora||FocusSash|ToxicDebris|PowerGem,SludgeBomb,EarthPower,SpikyShield|Timid||F|||50|]Kingambit||ChopleBerry|Defiant|KowtowCleave,IronHead,LowKick,SuckerPunch|Adamant||M|||50|]Whimsicott||OccaBerry|Prankster|Tailwind,Moonblast,Charm,LightScreen|Timid||F|||50|]Delphox||Delphoxite|Blaze|HeatWave,Psychic,Substitute,Protect|Timid||M|||50|]Garchomp||ChoiceScarf|RoughSkin|DragonClaw,RockSlide,Earthquake,Protect|Jolly||F|||50|
|inactive|Battle timer is ON: inactive players will automatically lose when time's up. (requested by Senli)
|inactive|MoscaacsoM has 60 seconds left.
|inactive|Senli has 60 seconds left.
|inactive|MoscaacsoM has 30 seconds left.
|inactive|Senli has 30 seconds left.
|inactive|MoscaacsoM has 20 seconds left.
|inactive|Senli has 20 seconds left.
|
|t:|1785747366
|teamsize|p1|4
|teamsize|p2|4
|start
|switch|p1a: Blastoise|Blastoise, L50, M|100/100
|switch|p1b: Sneasler|Sneasler, L50, F|100/100
|switch|p2a: Kingambit|Kingambit, L50, M, shiny|100/100
|switch|p2b: Garchomp|Garchomp, L50, F, shiny|100/100
|turn|1
|inactive|Senli has 30 seconds left.
|inactive|Senli has 20 seconds left.
|inactive|Senli has 15 seconds left.
|inactive|Senli has 10 seconds left.
|
|t:|1785747415
|move|p1a: Blastoise|Protect|p1a: Blastoise
|-singleturn|p1a: Blastoise|Protect
|move|p2b: Garchomp|Earthquake|p1a: Blastoise|[spread] p2a,p1b
|-activate|p1a: Blastoise|move: Protect
|-supereffective|p2a: Kingambit|1
|-supereffective|p1b: Sneasler|1
|-damage|p2a: Kingambit|38/100
|-enditem|p1b: Sneasler|Focus Sash
|-damage|p1b: Sneasler|1/100
|move|p1b: Sneasler|Close Combat|p2a: Kingambit
|-supereffective|p2a: Kingambit|2
|-enditem|p2a: Kingambit|Chople Berry|[eat]
|-enditem|p2a: Kingambit|Chople Berry|[weaken]
|-damage|p2a: Kingambit|0 fnt
|-unboost|p1b: Sneasler|def|1
|-unboost|p1b: Sneasler|spd|1
|faint|p2a: Kingambit
|
|upkeep
|
|t:|1785747427
|switch|p2a: Delphox|Delphox, L50, M, shiny|100/100
|turn|2
|inactive|MoscaacsoM has 30 seconds left.
|inactive|MoscaacsoM has 20 seconds left.
|inactive|MoscaacsoM has 15 seconds left.
|inactive|MoscaacsoM has 10 seconds left.
|inactive|MoscaacsoM has 5 seconds left.
|
|t:|1785747482
|detailschange|p2a: Delphox|Delphox-Mega, L50, M, shiny
|-mega|p2a: Delphox|Delphox|Delphoxite
|move|p2b: Garchomp|Earthquake|p1b: Sneasler|[spread] p1a,p1b
|-immune|p2a: Delphox|[from] ability: Levitate
|-supereffective|p1b: Sneasler|1
|-damage|p1a: Blastoise|56/100
|-damage|p1b: Sneasler|0 fnt
|faint|p1b: Sneasler
|move|p2a: Delphox|Heat Wave|p1a: Blastoise
|-resisted|p1a: Blastoise|1
|-damage|p1a: Blastoise|27/100
|move|p1a: Blastoise|Water Spout|p2b: Garchomp|[spread] p2a,p2b
|-supereffective|p2a: Delphox|1
|-damage|p2a: Delphox|63/100
|-damage|p2b: Garchomp|77/100
|
|upkeep
|
|t:|1785747500
|switch|p1b: Sinistcha|Sinistcha, L50|100/100
|-heal|p1a: Blastoise|51/100|[from] ability: Hospitality|[of] p1b: Sinistcha
|turn|3
|
|t:|1785747507
|detailschange|p1a: Blastoise|Blastoise-Mega, L50, M
|-mega|p1a: Blastoise|Blastoise|Blastoisinite
|move|p1b: Sinistcha|Rage Powder|p1b: Sinistcha
|-singleturn|p1b: Sinistcha|move: Rage Powder
|move|p2b: Garchomp|Earthquake|p1b: Sinistcha|[spread] p1a,p1b
|-immune|p2a: Delphox|[from] ability: Levitate
|-resisted|p1b: Sinistcha|1
|-damage|p1a: Blastoise|14/100
|-damage|p1b: Sinistcha|85/100
|move|p2a: Delphox|Heat Wave|p1b: Sinistcha|[spread] p1a
|-miss|p2a: Delphox|p1b: Sinistcha
|-resisted|p1a: Blastoise|1
|-damage|p1a: Blastoise|0 fnt
|faint|p1a: Blastoise
|
|upkeep
|
|t:|1785747520
|switch|p1a: Kingambit|Kingambit, L50, M|100/100
|turn|4
|
|t:|1785747529
|move|p1a: Kingambit|Sucker Punch|p2a: Delphox
|-supereffective|p2a: Delphox|1
|-damage|p2a: Delphox|0 fnt
|faint|p2a: Delphox
|move|p2b: Garchomp|Earthquake|p1a: Kingambit|[spread] p1a,p1b
|-supereffective|p1a: Kingambit|1
|-resisted|p1b: Sinistcha|1
|-damage|p1a: Kingambit|39/100
|-damage|p1b: Sinistcha|70/100
|move|p1b: Sinistcha|Trick Room|p1b: Sinistcha
|-fieldstart|move: Trick Room|[of] p1b: Sinistcha
|
|upkeep
|
|t:|1785747538
|switch|p2a: Whimsicott|Whimsicott, L50, F, shiny|100/100
|turn|5
|
|t:|1785747553
|move|p1a: Kingambit|Kowtow Cleave|p2b: Garchomp
|-damage|p2b: Garchomp|14/100
|-damage|p1a: Kingambit|27/100|[from] ability: Rough Skin|[of] p2b: Garchomp
|move|p1b: Sinistcha|Matcha Gotcha|p2a: Whimsicott|[spread] p2a,p2b
|-resisted|p2a: Whimsicott|1
|-damage|p2a: Whimsicott|81/100
|-heal|p1b: Sinistcha|78/100|[from] drain|[of] p2a: Whimsicott
|-damage|p2b: Garchomp|0 fnt
|-heal|p1b: Sinistcha|86/100|[from] drain|[of] p2b: Garchomp
|faint|p2b: Garchomp
|move|p2a: Whimsicott|Moonblast|p1a: Kingambit
|-damage|p1a: Kingambit|0 fnt
|faint|p1a: Kingambit
|
|upkeep
|turn|6
|
|t:|1785747570
|move|p2a: Whimsicott|Light Screen|p2a: Whimsicott
|-sidestart|p2: Senli|move: Light Screen
|move|p1b: Sinistcha|Matcha Gotcha|p2a: Whimsicott
|-resisted|p2a: Whimsicott|1
|-damage|p2a: Whimsicott|65/100
|-heal|p1b: Sinistcha|93/100|[from] drain|[of] p2a: Whimsicott
|
|upkeep
|turn|7
|
|t:|1785747577
|move|p1b: Sinistcha|Matcha Gotcha|p2a: Whimsicott
|-resisted|p2a: Whimsicott|1
|-damage|p2a: Whimsicott|50/100g
|-heal|p1b: Sinistcha|100/100|[from] drain|[of] p2a: Whimsicott
|move|p2a: Whimsicott|Moonblast|p1b: Sinistcha
|-damage|p1b: Sinistcha|72/100
|
|upkeep
|turn|8
|
|t:|1785747587
|move|p1b: Sinistcha|Matcha Gotcha|p2a: Whimsicott|[miss]
|-miss|p1b: Sinistcha|p2a: Whimsicott
|move|p2a: Whimsicott|Moonblast|p1b: Sinistcha
|-crit|p1b: Sinistcha
|-damage|p1b: Sinistcha|26/100
|
|-fieldend|move: Trick Room
|upkeep
|turn|9
|inactive|MoscaacsoM has 30 seconds left.
|
|t:|1785747620
|move|p1b: Sinistcha|Protect|p1b: Sinistcha
|-singleturn|p1b: Sinistcha|Protect
|move|p2a: Whimsicott|Moonblast|p1b: Sinistcha
|-activate|p1b: Sinistcha|move: Protect
|
|upkeep
|turn|10
|
|t:|1785747630
|move|p2a: Whimsicott|Moonblast|p1b: Sinistcha
|-damage|p1b: Sinistcha|0 fnt
|faint|p1b: Sinistcha
|
|win|Senli
||Senli is ready for game 2.
|inactive|MoscaacsoM has 30 seconds to confirm battle start!
|inactive|MoscaacsoM has 20 seconds to confirm battle start!
|inactive|MoscaacsoM has 10 seconds to confirm battle start!
|uhtml|next|Next: Game 2 of 3
|l|☆MoscaacsoM
|player|p1|
