|j|â˜†kerzz49
|j|â˜†WochienuineProphet
|html|kerzz49WochienuineProphet    
|uhtml|bestof|Game 1 of a best-of-3
|t:|1785406041
|gametype|doubles
|player|p1|kerzz49|cilan|1175
|player|p2|WochienuineProphet|102|1327
|gen|9
|tier|[Gen 9 Champions] VGC 2026 Reg M-B (Bo3)
|rated|
|rule|Species Clause: Limit one of each PokÃ©mon
|rule|Item Clause: Limit 1 of each item
|clearpoke
|poke|p1|Kingambit, L50, M|
|poke|p1|Gardevoir, L50, F|
|poke|p1|Talonflame, L50, M|
|poke|p1|Maushold, L50|
|poke|p1|Basculegion, L50, M|
|poke|p1|Garchomp, L50, M|
|poke|p2|Garchomp, L50, F|
|poke|p2|Floette-Eternal, L50, F|
|poke|p2|Incineroar, L50, M|
|poke|p2|Sinistcha-Masterpiece, L50|
|poke|p2|Sneasler, L50, F|
|poke|p2|Kingambit, L50, M|
|teampreview|4
|showteam|p1|Kingambit||FocusSash|Defiant|KowtowCleave,IronHead,SuckerPunch,LowKick|Adamant||M|||50|]Gardevoir||Gardevoirite|Telepathy|HyperVoice,Psyshock,TrickRoom,Protect|Modest||F|||50|]Talonflame||LifeOrb|GaleWings|DualWingbeat,FlareBlitz,Tailwind,Protect|Jolly||M|||50|]Maushold||ChopleBerry|FriendGuard|Feint,SuperFang,FollowMe,Protect|Impish|||||50|]Basculegion||MysticWater|Adaptability|WaveCrash,LastRespects,AquaJet,Protect|Adamant||M|||50|]Garchomp||SitrusBerry|RoughSkin|Earthquake,StompingTantrum,RockTomb,Protect|Jolly||M|||50|
|showteam|p2|Garchomp||Garchompite|RoughSkin|Earthquake,StompingTantrum,RockSlide,Protect|Adamant||F|||50|]Floette-Eternal||Floettite|FlowerVeil|DazzlingGleam,DrainingKiss,CalmMind,Protect|Timid||F|||50|]Incineroar||Leftovers|Intimidate|FlareBlitz,HelpingHand,PartingShot,FakeOut|Sassy||M|||50|]Sinistcha-Masterpiece||SitrusBerry|Hospitality|MatchaGotcha,RagePowder,TrickRoom,Protect|Bold|||||50|]Sneasler||FocusSash|PoisonTouch|PoisonJab,CloseCombat,FakeOut,Coaching|Jolly||F|||50|]Kingambit||ChopleBerry|Defiant|KowtowCleave,SuckerPunch,IronHead,Protect|Adamant||M|||50|
|
|t:|1785406112
|teamsize|p1|4
|teamsize|p2|4
|start
|switch|p1a: Gardevoir|Gardevoir, L50, F|100/100
|switch|p1b: Talonflame|Talonflame, L50, M|100/100
|switch|p2a: Floette|Floette-Eternal, L50, F|100/100
|switch|p2b: Sinistcha|Sinistcha-Masterpiece, L50|100/100
|turn|1
|
|t:|1785406128
|detailschange|p2a: Floette|Floette-Mega, L50, F
|-mega|p2a: Floette|Floette|Floettite
|-ability|p2a: Floette|Fairy Aura
|detailschange|p1a: Gardevoir|Gardevoir-Mega, L50, F
|-mega|p1a: Gardevoir|Gardevoir|Gardevoirite
|move|p2b: Sinistcha|Rage Powder|p2b: Sinistcha
|-singleturn|p2b: Sinistcha|move: Rage Powder
|move|p1b: Talonflame|Dual Wingbeat|p2b: Sinistcha
|-supereffective|p2b: Sinistcha|1
|-damage|p2b: Sinistcha|67/100
|-supereffective|p2b: Sinistcha|1
|-damage|p2b: Sinistcha|35/100
|-enditem|p2b: Sinistcha|Sitrus Berry|[eat]
|-heal|p2b: Sinistcha|60/100|[from] item: Sitrus Berry
|-hitcount|p2b: Sinistcha|2
|-damage|p1b: Talonflame|90/100|[from] item: Life Orb
|move|p2a: Floette|Dazzling Gleam|p1a: Gardevoir|[spread] p1a,p1b
|-resisted|p1b: Talonflame|1
|-damage|p1a: Gardevoir|70/100
|-damage|p1b: Talonflame|58/100
|move|p1a: Gardevoir|Hyper Voice|p2a: Floette|[spread] p2a,p2b
|-damage|p2a: Floette|54/100
|-damage|p2b: Sinistcha|0 fnt
|faint|p2b: Sinistcha
|
|upkeep
|
|t:|1785406164
|switch|p2b: Sneasler|Sneasler, L50, F|100/100
|turn|2
|inactive|Battle timer is ON: inactive players will automatically lose when time's up. (requested by kerzz49)
|
|t:|1785406194
|move|p1b: Talonflame|Protect|p1b: Talonflame
|-singleturn|p1b: Talonflame|Protect
|move|p1a: Gardevoir|Protect|p1a: Gardevoir
|-singleturn|p1a: Gardevoir|Protect
|move|p2b: Sneasler|Poison Jab|p1b: Talonflame
|-activate|p1b: Talonflame|move: Protect
|move|p2a: Floette|Calm Mind|p2a: Floette
|-boost|p2a: Floette|spa|1
|-boost|p2a: Floette|spd|1
|
|upkeep
|turn|3
|
|t:|1785406204
|move|p1b: Talonflame|Dual Wingbeat|p2b: Sneasler
|-supereffective|p2b: Sneasler|1
|-damage|p2b: Sneasler|23/100
|-supereffective|p2b: Sneasler|1
|-damage|p2b: Sneasler|0 fnt
|faint|p2b: Sneasler
|-hitcount|p2: Sneasler|2
|-damage|p1b: Talonflame|49/100|[from] item: Life Orb
|move|p2a: Floette|Draining Kiss|p1a: Gardevoir
|-damage|p1a: Gardevoir|28/100
|-heal|p2a: Floette|85/100|[from] drain|[of] p1a: Gardevoir
|move|p1a: Gardevoir|Psyshock|p2a: Floette
|-damage|p2a: Floette|40/100
|
|upkeep
|
|t:|1785406217
|switch|p2b: Kingambit|Kingambit, L50, M|100/100
|turn|4
|inactive|kerzz49 has 30 seconds left.
|inactive|WochienuineProphet has 30 seconds left.
|inactive|kerzz49 has 20 seconds left.
|inactive|kerzz49 has 15 seconds left.
|
|t:|1785406258
|move|p1a: Gardevoir|Protect|p1a: Gardevoir
|-singleturn|p1a: Gardevoir|Protect
|move|p2b: Kingambit|Sucker Punch||[still]
|-fail|p2b: Kingambit
|move|p1b: Talonflame|Tailwind|p1b: Talonflame
|-sidestart|p1: kerzz49|move: Tailwind
|move|p2a: Floette|Draining Kiss|p1b: Talonflame
|-resisted|p1b: Talonflame|1
|-damage|p1b: Talonflame|12/100
|-heal|p2a: Floette|63/100|[from] drain|[of] p1b: Talonflame
|
|upkeep
|turn|5
|
|t:|1785406274
|move|p2b: Kingambit|Sucker Punch|p1b: Talonflame
|-damage|p1b: Talonflame|0 fnt
|faint|p1b: Talonflame
|move|p1a: Gardevoir|Hyper Voice|p2a: Floette|[spread] p2a,p2b
|-damage|p2a: Floette|30/100
|-damage|p2b: Kingambit|34/100
|move|p2a: Floette|Draining Kiss|p1a: Gardevoir
|-damage|p1a: Gardevoir|0 fnt
|-heal|p2a: Floette|51/100|[from] drain|[of] p1a: Gardevoir
|faint|p1a: Gardevoir
|
|upkeep
|
|t:|1785406280
|switch|p1b: Garchomp|Garchomp, L50, M|100/100
|switch|p1a: Basculegion|Basculegion, L50, M|100/100
|turn|6
|
|t:|1785406298
|move|p2a: Floette|Protect|p2a: Floette
|-singleturn|p2a: Floette|Protect
|move|p2b: Kingambit|Protect|p2b: Kingambit
|-singleturn|p2b: Kingambit|Protect
|move|p1b: Garchomp|Stomping Tantrum|p2b: Kingambit
|-activate|p2b: Kingambit|move: Protect
|move|p1a: Basculegion|Last Respects|p2a: Floette
|-activate|p2a: Floette|move: Protect
|
|upkeep
|turn|7
|
|t:|1785406320
|move|p2a: Floette|Protect||[still]
|-fail|p2a: Floette
|move|p2b: Kingambit|Sucker Punch|p1a: Basculegion
|-supereffective|p1a: Basculegion|1
|-damage|p1a: Basculegion|4/100
|move|p1b: Garchomp|Stomping Tantrum|p2b: Kingambit
|-supereffective|p2b: Kingambit|1
|-damage|p2b: Kingambit|0 fnt
|faint|p2b: Kingambit
|move|p1a: Basculegion|Last Respects|p2a: Floette
|-damage|p2a: Floette|0 fnt
|faint|p2a: Floette
|
|win|kerzz49
||WochienuineProphet is ready for game 2.
|inactive|kerzz49 has 30 seconds to confirm battle start!
||kerzz49 is ready for game 2.
|uhtml|next|Next: Game 2 of 3
|l|â˜†WochienuineProphet
|player|p2|
