|j|☆itbeasher
|j|☆incartamene2etti
|html|itbeasherincartamene2etti    
|uhtml|bestof|Game 1 of a best-of-3
|t:|1757083515
|gametype|doubles
|player|p1|itbeasher|1|1151
|player|p2|incartamene2etti|plasmagrunt|1248
|gen|9
|tier|[Gen 9] VGC 2025 Reg H (Bo3)
|rated|
|rule|Species Clause: Limit one of each Pokémon
|rule|Item Clause: Limit 1 of each item
|clearpoke
|poke|p1|Whimsicott, L50, M|
|poke|p1|Typhlosion-Hisui, L50, M|
|poke|p1|Sneasler, L50, M|
|poke|p1|Indeedee, L50, M|
|poke|p1|Dondozo, L50, M|
|poke|p1|Tatsugiri, L50, F|
|poke|p2|Incineroar, L50, F|
|poke|p2|Gholdengo, L50|
|poke|p2|Amoonguss, L50, M|
|poke|p2|Hydreigon, L50, F|
|poke|p2|Porygon2, L50|
|poke|p2|Ursaluna, L50, M|
|teampreview|4
|showteam|p1|Whimsicott||CovertCloak|Prankster|Tailwind,Moonblast,SunnyDay,Taunt|||M|||50|,,,,,Water]Typhlosion-Hisui||ChoiceSpecs|Blaze|Eruption,HeatWave,ShadowBall,Flamethrower|||M|||50|,,,,,Fire]Sneasler||PsychicSeed|Unburden|DireClaw,CloseCombat,ThroatChop,Coaching|||M|||50|,,,,,Dark]Indeedee||ChoiceScarf|PsychicSurge|ExpandingForce,TeraBlast,Trick,DazzlingGleam|||M|||50|,,,,,Psychic]Dondozo||Leftovers|Unaware|Protect,HeavySlam,WaveCrash,Earthquake|||M|||50|,,,,,Steel]Tatsugiri||FocusSash|Commander|MuddyWater,DracoMeteor,IcyWind,DragonPulse|||F|||50|,,,,,Steel
|showteam|p2|Incineroar||SitrusBerry|Intimidate|KnockOff,FakeOut,FlareBlitz,PartingShot|||F|||50|,,,,,Ghost]Gholdengo||LifeOrb|GoodasGold|Protect,NastyPlot,ShadowBall,MakeItRain||||||50|,,,,,Water]Amoonguss||RockyHelmet|Regenerator|Spore,RagePowder,PollenPuff,Protect|||M|||50|,,,,,Fairy]Hydreigon||SafetyGoggles|Levitate|DracoMeteor,Snarl,Tailwind,Protect|||F|||50|,,,,,Ghost]Porygon2||Eviolite|Download|Recover,IceBeam,TeraBlast,TrickRoom||||||50|,,,,,Fighting]Ursaluna||FlameOrb|Guts|Earthquake,Facade,HeadlongRush,Protect|||M|||50|,,,,,Ghost
|inactive|Battle timer is ON: inactive players will automatically lose when time's up. (requested by itbeasher)
|inactive|incartamene2etti has 60 seconds left.
|inactive|incartamene2etti has 30 seconds left.
|inactive|incartamene2etti has 20 seconds left.
|inactive|incartamene2etti has 15 seconds left.
|inactive|incartamene2etti has 10 seconds left.
|inactive|incartamene2etti has 5 seconds left.
|
|t:|1757083640
|teamsize|p1|4
|teamsize|p2|4
|start
|switch|p1a: Whimsicott|Whimsicott, L50, M|100/100
|switch|p1b: Indeedee|Indeedee, L50, M|100/100
|switch|p2a: Hydreigon|Hydreigon, L50, F|100/100
|switch|p2b: Incineroar|Incineroar, L50, F|100/100
|-fieldstart|move: Psychic Terrain|[from] ability: Psychic Surge|[of] p1b: Indeedee
|-ability|p2b: Incineroar|Intimidate|boost
|-unboost|p1a: Whimsicott|atk|1
|-unboost|p1b: Indeedee|atk|1
|turn|1
|inactive|itbeasher has 30 seconds left.
|inactive|incartamene2etti has 30 seconds left.
|inactive|incartamene2etti has 20 seconds left.
|
|t:|1757083677
|switch|p1b: Sneasler|Sneasler, L50, M|100/100
|-enditem|p1b: Sneasler|Psychic Seed
|-boost|p1b: Sneasler|spd|1|[from] item: Psychic Seed
|switch|p2a: Amoonguss|Amoonguss, L50, M|100/100
|move|p1a: Whimsicott|Tailwind|p1a: Whimsicott
|-sidestart|p1: itbeasher|move: Tailwind
|move|p2b: Incineroar|Flare Blitz|p1a: Whimsicott
|-supereffective|p1a: Whimsicott
|-damage|p1a: Whimsicott|0 fnt
|faint|p1a: Whimsicott
|-damage|p2b: Incineroar|75/100|[from] Recoil
|
|upkeep
|
|t:|1757083687
|switch|p1a: Indeedee|Indeedee, L50, M|100/100
|turn|2
|inactive|incartamene2etti has 30 seconds left.
|inactive|itbeasher has 30 seconds left.
|inactive|incartamene2etti has 20 seconds left.
|inactive|incartamene2etti has 15 seconds left.
|inactive|incartamene2etti has 10 seconds left.
|inactive|incartamene2etti has 5 seconds left.
|
|t:|1757083739
|move|p1b: Sneasler|Dire Claw|p2b: Incineroar
|-damage|p2b: Incineroar|29/100
|-status|p2b: Incineroar|psn
|-enditem|p2b: Incineroar|Sitrus Berry|[eat]
|-heal|p2b: Incineroar|53/100 psn|[from] item: Sitrus Berry
|move|p1a: Indeedee|Expanding Force|p2a: Amoonguss|[spread] p2a
|-immune|p2b: Incineroar
|-supereffective|p2a: Amoonguss
|-damage|p2a: Amoonguss|0 fnt
|faint|p2a: Amoonguss
|move|p2b: Incineroar|Parting Shot|p1b: Sneasler
|-unboost|p1b: Sneasler|atk|1
|-unboost|p1b: Sneasler|spa|1
|
|t:|1757083758
|switch|p2b: Hydreigon|Hydreigon, L50, F|100/100|[from] Parting Shot
|
|upkeep
|inactive|incartamene2etti has 30 seconds left.
|
|t:|1757083793
|switch|p2a: Gholdengo|Gholdengo, L50|100/100
|turn|3
|
|t:|1757083811
|-terastallize|p1b: Sneasler|Dark
|move|p2a: Gholdengo|Protect|p2a: Gholdengo
|-singleturn|p2a: Gholdengo|Protect
|move|p1b: Sneasler|Throat Chop|p2a: Gholdengo
|-activate|p2a: Gholdengo|move: Protect
|move|p1a: Indeedee|Expanding Force|p2b: Hydreigon|[spread] 
|-activate|p2a: Gholdengo|move: Protect
|-immune|p2b: Hydreigon
|move|p2b: Hydreigon|Tailwind|p2b: Hydreigon
|-sidestart|p2: incartamene2etti|move: Tailwind
|
|upkeep
|turn|4
|
|t:|1757083834
|switch|p2a: Incineroar|Incineroar, L50, F|53/100 psn
|-ability|p2a: Incineroar|Intimidate|boost
|-unboost|p1a: Indeedee|atk|1
|-unboost|p1b: Sneasler|atk|1
|move|p1b: Sneasler|Close Combat|p2b: Hydreigon
|-supereffective|p2b: Hydreigon
|-damage|p2b: Hydreigon|37/100
|-unboost|p1b: Sneasler|def|1
|-unboost|p1b: Sneasler|spd|1
|move|p1a: Indeedee|Expanding Force|p2b: Hydreigon|[spread] 
|-immune|p2a: Incineroar
|-immune|p2b: Hydreigon
|move|p2b: Hydreigon|Snarl|p1a: Indeedee|[spread] p1a,p1b
|-supereffective|p1a: Indeedee
|-resisted|p1b: Sneasler
|-damage|p1a: Indeedee|52/100
|-damage|p1b: Sneasler|88/100
|-unboost|p1a: Indeedee|spa|1
|-unboost|p1b: Sneasler|spa|1
|
|-damage|p2a: Incineroar|41/100 psn|[from] psn
|-sideend|p1: itbeasher|move: Tailwind
|upkeep
|turn|5
|inactive|incartamene2etti has 30 seconds left.
|inactive|incartamene2etti has 20 seconds left.
|inactive|incartamene2etti has 15 seconds left.
|
|t:|1757083877
|move|p2b: Hydreigon|Protect|p2b: Hydreigon
|-singleturn|p2b: Hydreigon|Protect
|move|p1b: Sneasler|Close Combat|p2a: Incineroar
|-supereffective|p2a: Incineroar
|-damage|p2a: Incineroar|0 fnt
|-unboost|p1b: Sneasler|def|1
|-unboost|p1b: Sneasler|spd|1
|faint|p2a: Incineroar
|move|p1a: Indeedee|Expanding Force|p2b: Hydreigon
|-activate|p2b: Hydreigon|move: Protect
|
|-fieldend|move: Psychic Terrain
|upkeep
|
|t:|1757083881
|switch|p2a: Gholdengo|Gholdengo, L50|100/100
|turn|6
|inactive|incartamene2etti has 30 seconds left.
|inactive|incartamene2etti has 20 seconds left.
|inactive|incartamene2etti has 15 seconds left.
|inactive|incartamene2etti has 10 seconds left.
|inactive|incartamene2etti has 5 seconds left.
|
|t:|1757083933
|-terastallize|p2b: Hydreigon|Ghost
|move|p1b: Sneasler|Close Combat|p2b: Hydreigon
|-immune|p2b: Hydreigon
|move|p2b: Hydreigon|Draco Meteor|p1b: Sneasler
|-damage|p1b: Sneasler|0 fnt
|-unboost|p2b: Hydreigon|spa|2
|faint|p1b: Sneasler
|move|p2a: Gholdengo|Make It Rain|p1a: Indeedee
|-damage|p1a: Indeedee|0 fnt
|-unboost|p2a: Gholdengo|spa|1
|faint|p1a: Indeedee
|-damage|p2a: Gholdengo|91/100|[from] item: Life Orb
|
|-sideend|p2: incartamene2etti|move: Tailwind
|upkeep
|
|t:|1757083944
|switch|p1a: Typhlosion|Typhlosion-Hisui, L50, M|100/100
|turn|7
|
|t:|1757083966
|move|p2a: Gholdengo|Protect|p2a: Gholdengo
|-singleturn|p2a: Gholdengo|Protect
|move|p2b: Hydreigon|Tailwind|p2b: Hydreigon
|-sidestart|p2: incartamene2etti|move: Tailwind
|move|p1a: Typhlosion|Heat Wave|p2a: Gholdengo|[spread] p2b
|-activate|p2a: Gholdengo|move: Protect
|-damage|p2b: Hydreigon|0 fnt
|faint|p2b: Hydreigon
|
|upkeep
|turn|8
|
|t:|1757083977
|move|p2a: Gholdengo|Shadow Ball|p1a: Typhlosion
|-supereffective|p1a: Typhlosion
|-damage|p1a: Typhlosion|7/100
|-damage|p2a: Gholdengo|81/100|[from] item: Life Orb
|move|p1a: Typhlosion|Heat Wave|p2a: Gholdengo
|-supereffective|p2a: Gholdengo
|-damage|p2a: Gholdengo|0 fnt
|faint|p2a: Gholdengo
|
|win|itbeasher
||itbeasher is ready for game 2.
|inactive|incartamene2etti has 30 seconds to confirm battle start!
||incartamene2etti is ready for game 2.
|uhtml|next|Next: Game 2 of 3
