|j|☆jagheter
|j|☆corndog7
|html|jaghetercorndog7    
|uhtml|bestof|Game 1 of a best-of-3
|t:|1756447183
|gametype|doubles
|player|p1|jagheter|worker|1106
|player|p2|corndog7|roughneck|1188
|gen|9
|tier|[Gen 9] VGC 2025 Reg H (Bo3)
|rated|
|rule|Species Clause: Limit one of each Pokémon
|rule|Item Clause: Limit 1 of each item
|clearpoke
|poke|p1|Venusaur, L50, F|
|poke|p1|Volcarona, L50, F|
|poke|p1|Incineroar, L50, M|
|poke|p1|Grimmsnarl, L50, M|
|poke|p1|Dondozo, L50, M|
|poke|p1|Rillaboom, L50, F|
|poke|p2|Sneasler, L50, F|
|poke|p2|Milotic, L50, F|
|poke|p2|Volcarona, L50, M|
|poke|p2|Dragapult, L50, M|
|poke|p2|Indeedee, L50, M|
|poke|p2|Electabuzz, L50, F|
|teampreview|4
|showteam|p1|Venusaur||WideLens|Chlorophyll|SleepPowder,Protect,SludgeBomb,EarthPower|||F|||50|,,,,,Ghost]Volcarona||CovertCloak|FlameBody|FieryDance,GigaDrain,QuiverDance,Protect|||F|||50|,,,,,Dragon]Incineroar||MirrorHerb|Intimidate|FakeOut,KnockOff,Taunt,FlareBlitz|||M|||50|,,,,,Ghost]Grimmsnarl||BlackGlasses|Prankster|Reflect,LightScreen,SpiritBreak,SuckerPunch|||M|||50|,,,,,Dark]Dondozo||Leftovers|Unaware|Fissure,Protect,Liquidation,Yawn|||M|||50|,,,,,Ghost]Rillaboom||AssaultVest|GrassySurge|FakeOut,WoodHammer,GrassyGlide,Uturn|||F|||50|,,,,,Fire
|showteam|p2|Sneasler||PsychicSeed|Unburden|DireClaw,CloseCombat,ThroatChop,Protect|||F|||50|,,,,,Dark]Milotic||SitrusBerry|Competitive|Scald,MuddyWater,IceBeam,Protect|||F|||50|,,,,,Dragon]Volcarona||CovertCloak|FlameBody|HeatWave,GigaDrain,QuiverDance,Protect|||M|||50|,,,,,Grass]Dragapult||ChoiceBand|ClearBody|DragonDarts,Outrage,PhantomForce,Uturn|||M|||50|,,,,,Dragon]Indeedee||FocusSash|PsychicSurge|ExpandingForce,TeraBlast,Encore,Protect|||M|||50|,,,,,Fighting]Electabuzz||Eviolite|VitalSpirit|Electroweb,Taunt,FollowMe,Protect|||F|||50|,,,,,Ghost
|inactive|Battle timer is ON: inactive players will automatically lose when time's up. (requested by corndog7)
|inactive|corndog7 has 60 seconds left.
|
|t:|1756447219
|teamsize|p1|4
|teamsize|p2|4
|start
|switch|p1a: Grimmsnarl|Grimmsnarl, L50, M, shiny|100/100
|switch|p1b: Volcarona|Volcarona, L50, F, shiny|100/100
|switch|p2a: Milotic|Milotic, L50, F|100/100
|switch|p2b: Sneasler|Sneasler, L50, F|100/100
|turn|1
|inactive|jagheter has 30 seconds left.
|
|t:|1756447249
|move|p1a: Grimmsnarl|Reflect|p1a: Grimmsnarl
|-sidestart|p1: jagheter|Reflect
|move|p2b: Sneasler|Dire Claw|p1a: Grimmsnarl
|-supereffective|p1a: Grimmsnarl
|-damage|p1a: Grimmsnarl|38/100
|move|p1b: Volcarona|Quiver Dance|p1b: Volcarona
|-boost|p1b: Volcarona|spa|1
|-boost|p1b: Volcarona|spd|1
|-boost|p1b: Volcarona|spe|1
|move|p2a: Milotic|Muddy Water|p1a: Grimmsnarl|[spread] p1a,p1b
|-supereffective|p1b: Volcarona
|-damage|p1a: Grimmsnarl|4/100
|-damage|p1b: Volcarona|66/100
|-unboost|p1a: Grimmsnarl|accuracy|1
|
|upkeep
|turn|2
|
|t:|1756447267
|-terastallize|p2a: Milotic|Dragon
|move|p2b: Sneasler|Protect|p2b: Sneasler
|-singleturn|p2b: Sneasler|Protect
|move|p1a: Grimmsnarl|Light Screen|p1a: Grimmsnarl
|-sidestart|p1: jagheter|move: Light Screen
|move|p1b: Volcarona|Quiver Dance|p1b: Volcarona
|-boost|p1b: Volcarona|spa|1
|-boost|p1b: Volcarona|spd|1
|-boost|p1b: Volcarona|spe|1
|move|p2a: Milotic|Muddy Water|p1a: Grimmsnarl|[spread] p1a,p1b
|-supereffective|p1b: Volcarona
|-damage|p1a: Grimmsnarl|0 fnt
|-damage|p1b: Volcarona|47/100
|faint|p1a: Grimmsnarl
|
|upkeep
|
|t:|1756447280
|switch|p1a: Venusaur|Venusaur, L50, F, shiny|100/100
|turn|3
|
|t:|1756447291
|switch|p2a: Indeedee|Indeedee, L50, M|100/100
|-fieldstart|move: Psychic Terrain|[from] ability: Psychic Surge|[of] p2a: Indeedee
|-enditem|p2b: Sneasler|Psychic Seed
|-boost|p2b: Sneasler|spd|1|[from] item: Psychic Seed
|move|p2b: Sneasler|Dire Claw|p1b: Volcarona
|-damage|p1b: Volcarona|17/100
|move|p1b: Volcarona|Fiery Dance|p2b: Sneasler
|-damage|p2b: Sneasler|29/100
|move|p1a: Venusaur|Sleep Powder|p2a: Indeedee
|-status|p2a: Indeedee|slp|[from] move: Sleep Powder
|
|upkeep
|turn|4
|
|t:|1756447308
|move|p2b: Sneasler|Protect|p2b: Sneasler
|-singleturn|p2b: Sneasler|Protect
|move|p1b: Volcarona|Protect|p1b: Volcarona
|-singleturn|p1b: Volcarona|Protect
|cant|p2a: Indeedee|slp
|move|p1a: Venusaur|Earth Power|p2b: Sneasler
|-activate|p2b: Sneasler|move: Protect
|
|upkeep
|turn|5
|
|t:|1756447314
|switch|p1b: Dondozo|Dondozo, L50, M, shiny|100/100
|move|p2b: Sneasler|Dire Claw|p1b: Dondozo
|-damage|p1b: Dondozo|87/100
|cant|p2a: Indeedee|slp
|move|p1a: Venusaur|Earth Power|p2b: Sneasler
|-supereffective|p2b: Sneasler
|-damage|p2b: Sneasler|0 fnt
|faint|p2b: Sneasler
|
|-heal|p1b: Dondozo|93/100|[from] item: Leftovers
|-sideend|p1: jagheter|Reflect
|upkeep
|
|t:|1756447318
|switch|p2b: Volcarona|Volcarona, L50, M|100/100
|turn|6
|inactive|jagheter has 30 seconds left.
|inactive|jagheter has 20 seconds left.
|inactive|jagheter has 15 seconds left.
|
|t:|1756447361
|move|p2b: Volcarona|Protect|p2b: Volcarona
|-singleturn|p2b: Volcarona|Protect
|-curestatus|p2a: Indeedee|slp|[msg]
|move|p2a: Indeedee|Expanding Force|p1b: Dondozo|[spread] p1a,p1b
|-supereffective|p1a: Venusaur
|-damage|p1a: Venusaur|31/100
|-damage|p1b: Dondozo|65/100
|move|p1a: Venusaur|Sludge Bomb|p2a: Indeedee
|-damage|p2a: Indeedee|54/100
|move|p1b: Dondozo|Yawn|p2b: Volcarona
|-activate|p2b: Volcarona|move: Protect
|
|-heal|p1b: Dondozo|71/100|[from] item: Leftovers
|-sideend|p1: jagheter|move: Light Screen
|upkeep
|turn|7
|
|t:|1756447373
|move|p1a: Venusaur|Protect|p1a: Venusaur
|-singleturn|p1a: Venusaur|Protect
|move|p2a: Indeedee|Expanding Force|p1a: Venusaur|[spread] p1b
|-activate|p1a: Venusaur|move: Protect
|-damage|p1b: Dondozo|26/100
|move|p2b: Volcarona|Giga Drain|p1b: Dondozo
|-supereffective|p1b: Dondozo
|-crit|p1b: Dondozo
|-damage|p1b: Dondozo|0 fnt
|faint|p1b: Dondozo
|
|-fieldend|move: Psychic Terrain
|upkeep
|
|t:|1756447382
|switch|p1b: Volcarona|Volcarona, L50, F, shiny|17/100
|turn|8
|
|t:|1756447392
|-terastallize|p1a: Venusaur|Ghost
|move|p2a: Indeedee|Expanding Force|p1a: Venusaur
|-damage|p1a: Venusaur|0 fnt
|faint|p1a: Venusaur
|move|p2b: Volcarona|Heat Wave|p1b: Volcarona
|-damage|p1b: Volcarona|0 fnt
|faint|p1b: Volcarona
|
|win|corndog7
||corndog7 is ready for game 2.
