|j|☆AviDotWav
|j|☆ItsgoodSteve
|html|AviDotWavItsgoodSteve    
|uhtml|bestof|Game 1 of a best-of-3
|t:|1756761224
|gametype|doubles
|player|p1|AviDotWav|parasollady|1078
|player|p2|ItsgoodSteve|265|1064
|gen|9
|tier|[Gen 9] VGC 2025 Reg H (Bo3)
|rated|
|rule|Species Clause: Limit one of each Pokémon
|rule|Item Clause: Limit 1 of each item
|clearpoke
|poke|p1|Hydreigon, L50, F|
|poke|p1|Amoonguss, L50, M|
|poke|p1|Incineroar, L50, M|
|poke|p1|Gholdengo, L50|
|poke|p1|Ursaluna, L50, F|
|poke|p1|Porygon2, L50|
|poke|p2|Tyranitar, L50, M|
|poke|p2|Gholdengo, L50|
|poke|p2|Ursaluna, L50, F|
|poke|p2|Feraligatr, L50, M|
|poke|p2|Whimsicott, L50, M|
|poke|p2|Farigiraf, L50, M|
|teampreview|4
|showteam|p1|Hydreigon||SafetyGoggles|Levitate|Protect,DracoMeteor,Tailwind,Snarl|||F|||50|,,,,,Ghost]Amoonguss||CovertCloak|Regenerator|PollenPuff,Spore,RagePowder,Protect|||M|||50|,,,,,Water]Incineroar||SitrusBerry|Intimidate|FakeOut,KnockOff,FlareBlitz,PartingShot|||M|||50|,,,,,Ghost]Gholdengo||MetalCoat|GoodasGold|MakeItRain,ShadowBall,NastyPlot,Protect||||||50|,,,,,Dragon]Ursaluna||FlameOrb|Guts|Facade,HeadlongRush,Protect,Earthquake|||F|||50|,,,,,Ghost]Porygon2||Eviolite|Download|IceBeam,TeraBlast,Recover,TrickRoom||||||50|,,,,,Fighting
|showteam|p2|Tyranitar||AssaultVest|SandStream|KnockOff,RockSlide,IcyWind,Snarl|||M|||50|,,,,,Flying]Gholdengo||WeaknessPolicy|GoodasGold|MakeItRain,ShadowBall,Protect,NastyPlot||||||50|,,,,,Water]Ursaluna||FlameOrb|Guts|HeadlongRush,Protect,Facade,Earthquake|||F|||50|,,,,,Ghost]Feraligatr||LifeOrb|SheerForce|Liquidation,Protect,IcePunch,Crunch|||M|||50|,,,,,Dragon]Whimsicott||CovertCloak|Prankster|Moonblast,Tailwind,Encore,Endeavor|||M|||50|,,,,,Grass]Farigiraf||SafetyGoggles|ArmorTail|TrickRoom,Psychic,HelpingHand,Protect|||M|||50|,,,,,Poison
|inactive|Battle timer is ON: inactive players will automatically lose when time's up. (requested by AviDotWav)
|
|t:|1756761255
|teamsize|p1|4
|teamsize|p2|4
|start
|switch|p1a: Hydreigon|Hydreigon, L50, F|100/100
|switch|p1b: Amoonguss|Amoonguss, L50, M|100/100
|switch|p2a: Whimsicott|Whimsicott, L50, M|100/100
|switch|p2b: Feraligatr|Feraligatr, L50, M, shiny|100/100
|turn|1
|
|t:|1756761269
|move|p1a: Hydreigon|Protect|p1a: Hydreigon
|-singleturn|p1a: Hydreigon|Protect
|move|p2a: Whimsicott|Moonblast|p1a: Hydreigon
|-activate|p1a: Hydreigon|move: Protect
|move|p2b: Feraligatr|Ice Punch|p1b: Amoonguss
|-supereffective|p1b: Amoonguss
|-damage|p1b: Amoonguss|37/100
|move|p1b: Amoonguss|Spore|p2b: Feraligatr
|-status|p2b: Feraligatr|slp|[from] move: Spore
|
|upkeep
|turn|2
|
|t:|1756761291
|switch|p1b: Gholdengo|Gholdengo, L50|100/100
|-terastallize|p1a: Hydreigon|Ghost
|move|p2a: Whimsicott|Encore|p1a: Hydreigon
|-start|p1a: Hydreigon|Encore
|move|p1a: Hydreigon|Protect||[still]
|-fail|p1a: Hydreigon
|cant|p2b: Feraligatr|slp
|
|upkeep
|turn|3
|
|t:|1756761313
|switch|p1a: Incineroar|Incineroar, L50, M|100/100
|-ability|p1a: Incineroar|Intimidate|boost
|-unboost|p2a: Whimsicott|atk|1
|-unboost|p2b: Feraligatr|atk|1
|move|p2a: Whimsicott|Tailwind|p2a: Whimsicott
|-sidestart|p2: ItsgoodSteve|move: Tailwind
|cant|p2b: Feraligatr|slp
|move|p1b: Gholdengo|Make It Rain|p2a: Whimsicott|[spread] p2a,p2b
|-supereffective|p2a: Whimsicott
|-resisted|p2b: Feraligatr
|-damage|p2a: Whimsicott|0 fnt
|-damage|p2b: Feraligatr|72/100 slp
|-unboost|p1b: Gholdengo|spa|1
|faint|p2a: Whimsicott
|
|upkeep
|
|t:|1756761327
|switch|p2a: Ursaluna|Ursaluna, L50, F, shiny|100/100
|turn|4
|
|t:|1756761338
|switch|p1b: Hydreigon|Hydreigon, L50, F, tera:Ghost|100/100
|-curestatus|p2b: Feraligatr|slp|[msg]
|move|p2b: Feraligatr|Protect|p2b: Feraligatr
|-singleturn|p2b: Feraligatr|Protect
|move|p2a: Ursaluna|Protect|p2a: Ursaluna
|-singleturn|p2a: Ursaluna|Protect
|move|p1a: Incineroar|Parting Shot|p2b: Feraligatr
|-activate|p2b: Feraligatr|move: Protect
|
|-status|p2a: Ursaluna|brn|[from] item: Flame Orb
|upkeep
|turn|5
|
|t:|1756761354
|move|p2b: Feraligatr|Crunch|p1b: Hydreigon
|-supereffective|p1b: Hydreigon
|-damage|p1b: Hydreigon|32/100
|move|p1b: Hydreigon|Tailwind|p1b: Hydreigon
|-sidestart|p1: AviDotWav|move: Tailwind
|move|p1a: Incineroar|Parting Shot|p2a: Ursaluna
|-unboost|p2a: Ursaluna|atk|1
|-unboost|p2a: Ursaluna|spa|1
|
|t:|1756761360
|switch|p1a: Amoonguss|Amoonguss, L50, M|70/100|[from] Parting Shot
|move|p2a: Ursaluna|Earthquake|p1a: Amoonguss|[spread] p2b,p1a
|-immune|p1b: Hydreigon|[from] ability: Levitate
|-damage|p2b: Feraligatr|31/100
|-damage|p1a: Amoonguss|37/100
|
|-damage|p2a: Ursaluna|95/100 brn|[from] brn
|upkeep
|turn|6
|
|t:|1756761377
|switch|p1a: Incineroar|Incineroar, L50, M|100/100
|-ability|p1a: Incineroar|Intimidate|boost
|-unboost|p2a: Ursaluna|atk|1
|-unboost|p2b: Feraligatr|atk|1
|move|p2a: Ursaluna|Protect|p2a: Ursaluna
|-singleturn|p2a: Ursaluna|Protect
|move|p1b: Hydreigon|Draco Meteor|p2a: Ursaluna
|-activate|p2a: Ursaluna|move: Protect
|move|p2b: Feraligatr|Ice Punch|p1a: Incineroar
|-resisted|p1a: Incineroar
|-damage|p1a: Incineroar|92/100
|
|-damage|p2a: Ursaluna|89/100 brn|[from] brn
|-sideend|p2: ItsgoodSteve|move: Tailwind
|upkeep
|turn|7
|inactive|AviDotWav has 30 seconds left.
|
|t:|1756761407
|switch|p1a: Amoonguss|Amoonguss, L50, M|70/100
|switch|p2a: Tyranitar|Tyranitar, L50, M, shiny|100/100
|-weather|Sandstorm|[from] ability: Sand Stream|[of] p2a: Tyranitar
|move|p1b: Hydreigon|Draco Meteor|p2a: Tyranitar
|-crit|p2a: Tyranitar
|-damage|p2a: Tyranitar|61/100
|-unboost|p1b: Hydreigon|spa|2
|move|p2b: Feraligatr|Crunch|p1b: Hydreigon
|-supereffective|p1b: Hydreigon
|-damage|p1b: Hydreigon|0 fnt
|faint|p1b: Hydreigon
|
|-weather|Sandstorm|[upkeep]
|-damage|p2b: Feraligatr|25/100|[from] Sandstorm
|-damage|p1a: Amoonguss|64/100|[from] Sandstorm
|upkeep
|
|t:|1756761424
|switch|p1b: Gholdengo|Gholdengo, L50|100/100
|turn|8
|
|t:|1756761440
|move|p2b: Feraligatr|Protect|p2b: Feraligatr
|-singleturn|p2b: Feraligatr|Protect
|move|p1b: Gholdengo|Nasty Plot|p1b: Gholdengo
|-boost|p1b: Gholdengo|spa|2
|move|p1a: Amoonguss|Spore|p2a: Tyranitar
|-status|p2a: Tyranitar|slp|[from] move: Spore
|cant|p2a: Tyranitar|slp
|
|-weather|Sandstorm|[upkeep]
|-damage|p2b: Feraligatr|19/100|[from] Sandstorm
|-damage|p1a: Amoonguss|58/100|[from] Sandstorm
|-sideend|p1: AviDotWav|move: Tailwind
|upkeep
|turn|9
|
|t:|1756761457
|switch|p1a: Incineroar|Incineroar, L50, M|92/100
|-ability|p1a: Incineroar|Intimidate|boost
|-unboost|p2a: Tyranitar|atk|1
|-unboost|p2b: Feraligatr|atk|1
|move|p1b: Gholdengo|Make It Rain|p2b: Feraligatr|[spread] p2a,p2b
|-supereffective|p2a: Tyranitar
|-resisted|p2b: Feraligatr
|-crit|p2b: Feraligatr
|-damage|p2a: Tyranitar|0 fnt
|-damage|p2b: Feraligatr|0 fnt
|-unboost|p1b: Gholdengo|spa|1
|faint|p2a: Tyranitar
|faint|p2b: Feraligatr
|
|-weather|Sandstorm|[upkeep]
|-damage|p1a: Incineroar|86/100|[from] Sandstorm
|upkeep
|-message|ItsgoodSteve forfeited.
|
|win|AviDotWav
|l|☆ItsgoodSteve
|player|p2|
|raw|AviDotWav's rating: 1078 → 1105(+27 for winning)
|raw|ItsgoodSteve's rating: 1064 → 1045(-19 for losing)
