|j|☆Mateadelvgc
|j|☆root2iris
|html|Mateadelvgcroot2iris    
|uhtml|bestof|Game 2 of a best-of-3
|t:|1756999706
|gametype|doubles
|player|p1|Mateadelvgc|giovanni|
|player|p2|root2iris|unknownf|
|gen|9
|tier|[Gen 9] VGC 2025 Reg H (Bo3)
|rule|Species Clause: Limit one of each Pokémon
|rule|Item Clause: Limit 1 of each item
|clearpoke
|poke|p1|Gholdengo, L50|
|poke|p1|Sneasler, L50, M|
|poke|p1|Rillaboom, L50, F|
|poke|p1|Dragonite, L50, F|
|poke|p1|Ninetales-Alola, L50, M|
|poke|p1|Arcanine-Hisui, L50, M|
|poke|p2|Archaludon, L50, F|
|poke|p2|Pelipper, L50, M|
|poke|p2|Amoonguss, L50, F|
|poke|p2|Incineroar, L50, M|
|poke|p2|Baxcalibur, L50, F|
|poke|p2|Annihilape, L50, M|
|teampreview|4
|showteam|p1|Gholdengo||GrassySeed|GoodasGold|NastyPlot,MakeItRain,ShadowBall,Protect||||||50|,,,,,Water]Sneasler||WhiteHerb|Unburden|CloseCombat,DireClaw,Coaching,Protect|||M|||50|,,,,,Ghost]Rillaboom||AssaultVest|GrassySurge|FakeOut,GrassyGlide,DrumBeating,HighHorsepower|||F|||50|,,,,,Fire]Dragonite||LoadedDice|Multiscale|ScaleShot,StompingTantrum,Tailwind,Protect|||F|||50|,,,,,Ground]Ninetales-Alola||FocusSash|SnowWarning|Blizzard,IcyWind,Encore,AuroraVeil|||M|||50|,,,,,Ghost]Arcanine-Hisui||ClearAmulet|Intimidate|RockSlide,FlareBlitz,ExtremeSpeed,Protect|||M|||50|,,,,,Water
|showteam|p2|Archaludon||AssaultVest|Stamina|DragonPulse,ElectroShot,BodyPress,Thunderbolt|||F|||50|,,,,,Electric]Pelipper||FocusSash|Drizzle|MuddyWater,Hurricane,Tailwind,Protect|||M|||50|,,,,,Ghost]Amoonguss||CovertCloak|Regenerator|PollenPuff,RagePowder,Spore,Protect|||F|||50|,,,,,Fairy]Incineroar||SafetyGoggles|Intimidate|KnockOff,BurningJealousy,PartingShot,FakeOut|||M|||50|,,,,,Ghost]Baxcalibur||LoadedDice|ThermalExchange|IcicleSpear,ScaleShot,HighHorsepower,Protect|||F|||50|,,,,,Ghost]Annihilape||SitrusBerry|Defiant|RageFist,FinalGambit,Coaching,Taunt|||M|||50|,,,,,Water
|inactive|Battle timer is ON: inactive players will automatically lose when time's up. (requested by root2iris)
|inactive|Mateadelvgc has 60 seconds left.
|inactive|Mateadelvgc has 30 seconds left.
|inactive|Mateadelvgc has 20 seconds left.
|inactive|Mateadelvgc has 15 seconds left.
|inactive|Mateadelvgc has 10 seconds left.
|inactive|Mateadelvgc has 5 seconds left.
|
|t:|1756999793
|teamsize|p1|4
|teamsize|p2|4
|start
|switch|p1a: Sneasler|Sneasler, L50, M|100/100
|switch|p1b: Dragonite|Dragonite, L50, F|100/100
|switch|p2a: Roxas|Archaludon, L50, F|100/100
|switch|p2b: RC|Incineroar, L50, M|100/100
|-ability|p2b: RC|Intimidate|boost
|-unboost|p1a: Sneasler|atk|1
|-unboost|p1b: Dragonite|atk|1
|-enditem|p1a: Sneasler|White Herb
|-clearnegativeboost|p1a: Sneasler|[silent]
|turn|1
|inactive|Mateadelvgc has 30 seconds left.
|inactive|root2iris has 30 seconds left.
|inactive|Mateadelvgc has 20 seconds left.
|inactive|root2iris has 20 seconds left.
|inactive|Mateadelvgc has 15 seconds left.
|inactive|root2iris has 15 seconds left.
|inactive|Mateadelvgc has 10 seconds left.
|
|t:|1756999838
|switch|p1b: Ninetales|Ninetales-Alola, L50, M|100/100
|-weather|Snowscape|[from] ability: Snow Warning|[of] p1b: Ninetales
|switch|p2a: Finishing++|Annihilape, L50, M|100/100
|-terastallize|p1a: Sneasler|Ghost
|move|p1a: Sneasler|Close Combat|p2b: RC
|-supereffective|p2b: RC
|-damage|p2b: RC|0 fnt
|-unboost|p1a: Sneasler|def|1
|-unboost|p1a: Sneasler|spd|1
|faint|p2b: RC
|
|-weather|Snowscape|[upkeep]
|upkeep
|inactive|root2iris has 30 seconds left.
|
|t:|1756999872
|switch|p2b: Oathkeeper|Pelipper, L50, M, shiny|100/100
|-weather|RainDance|[from] ability: Drizzle|[of] p2b: Oathkeeper
|turn|2
|inactive|Mateadelvgc has 30 seconds left.
|inactive|root2iris has 30 seconds left.
|inactive|Mateadelvgc has 20 seconds left.
|inactive|Mateadelvgc has 15 seconds left.
|
|t:|1756999913
|switch|p2b: Roxas|Archaludon, L50, F|100/100
|move|p1a: Sneasler|Dire Claw|p2b: Roxas
|-immune|p2b: Roxas
|move|p1b: Ninetales|Blizzard|p2a: Finishing++|[spread] 
|-miss|p1b: Ninetales|p2a: Finishing++
|-miss|p1b: Ninetales|p2b: Roxas
|move|p2a: Finishing++|Coaching|p2b: Roxas
|-boost|p2b: Roxas|atk|1
|-boost|p2b: Roxas|def|1
|
|-weather|RainDance|[upkeep]
|upkeep
|turn|3
|inactive|Mateadelvgc has 30 seconds left.
|inactive|root2iris has 30 seconds left.
|inactive|Mateadelvgc has 20 seconds left.
|inactive|root2iris has 20 seconds left.
|inactive|root2iris has 15 seconds left.
|inactive|root2iris has 10 seconds left.
|inactive|root2iris has 5 seconds left.
|
|t:|1756999966
|-terastallize|p2b: Roxas|Electric
|move|p1a: Sneasler|Dire Claw|p2a: Finishing++
|-resisted|p2a: Finishing++
|-damage|p2a: Finishing++|82/100
|-status|p2a: Finishing++|psn
|move|p1b: Ninetales|Encore|p2a: Finishing++
|-start|p2a: Finishing++|Encore
|move|p2a: Finishing++|Coaching|p2b: Roxas
|-boost|p2b: Roxas|atk|1
|-boost|p2b: Roxas|def|1
|move|p2b: Roxas|Body Press|p1b: Ninetales
|-damage|p1b: Ninetales|23/100
|
|-weather|RainDance|[upkeep]
|-damage|p2a: Finishing++|70/100 psn|[from] psn
|upkeep
|turn|4
|
|t:|1756999987
|move|p1a: Sneasler|Dire Claw|p2b: Roxas
|-damage|p2b: Roxas|86/100
|-ability|p2b: Roxas|Stamina|boost
|-boost|p2b: Roxas|def|1
|move|p1b: Ninetales|Encore|p2b: Roxas
|-start|p2b: Roxas|Encore
|move|p2a: Finishing++|Coaching|p2b: Roxas
|-boost|p2b: Roxas|atk|1
|-boost|p2b: Roxas|def|1
|move|p2b: Roxas|Body Press|p1b: Ninetales
|-damage|p1b: Ninetales|0 fnt
|faint|p1b: Ninetales
|
|-weather|RainDance|[upkeep]
|-damage|p2a: Finishing++|57/100 psn|[from] psn
|upkeep
|
|t:|1757000004
|switch|p1b: Gholdengo|Gholdengo, L50|100/100
|turn|5
|
|t:|1757000022
|move|p1a: Sneasler|Dire Claw|p2b: Roxas
|-damage|p2b: Roxas|77/100
|-ability|p2b: Roxas|Stamina|boost
|-boost|p2b: Roxas|def|1
|move|p2a: Finishing++|Coaching|p2b: Roxas
|-boost|p2b: Roxas|atk|1
|-boost|p2b: Roxas|def|1
|move|p1b: Gholdengo|Nasty Plot|p1b: Gholdengo
|-boost|p1b: Gholdengo|spa|2
|move|p2b: Roxas|Body Press|p1a: Sneasler
|-immune|p1a: Sneasler
|
|-weather|RainDance|[upkeep]
|-damage|p2a: Finishing++|45/100 psn|[from] psn
|-end|p2a: Finishing++|Encore
|upkeep
|-enditem|p2a: Finishing++|Sitrus Berry|[eat]
|-heal|p2a: Finishing++|70/100 psn|[from] item: Sitrus Berry
|turn|6
|inactive|Mateadelvgc has 30 seconds left.
|inactive|root2iris has 30 seconds left.
|
|t:|1757000053
|move|p1a: Sneasler|Dire Claw|p2b: Roxas
|-damage|p2b: Roxas|70/100
|move|p2a: Finishing++|Rage Fist|p1b: Gholdengo
|-supereffective|p1b: Gholdengo
|-damage|p1b: Gholdengo|21/100
|move|p1b: Gholdengo|Shadow Ball|p2a: Finishing++
|-supereffective|p2a: Finishing++
|-damage|p2a: Finishing++|0 fnt
|faint|p2a: Finishing++
|move|p2b: Roxas|Body Press|p1a: Sneasler
|-immune|p1a: Sneasler
|
|-weather|none
|-end|p2b: Roxas|Encore
|upkeep
|
|t:|1757000062
|switch|p2a: Oathkeeper|Pelipper, L50, M, shiny|100/100
|-weather|RainDance|[from] ability: Drizzle|[of] p2a: Oathkeeper
|turn|7
|inactive|Mateadelvgc has 30 seconds left.
|
|t:|1757000093
|move|p1a: Sneasler|Dire Claw|p2b: Roxas
|-crit|p2b: Roxas
|-damage|p2b: Roxas|29/100
|move|p1b: Gholdengo|Shadow Ball|p2b: Roxas
|-damage|p2b: Roxas|0 fnt
|faint|p2b: Roxas
|move|p2a: Oathkeeper|Muddy Water|p1b: Gholdengo|[spread] p1a
|-miss|p2a: Oathkeeper|p1b: Gholdengo
|-damage|p1a: Sneasler|16/100
|-unboost|p1a: Sneasler|accuracy|1
|
|-weather|RainDance|[upkeep]
|upkeep
|turn|8
|
|t:|1757000109
|move|p1a: Sneasler|Dire Claw|p2a: Oathkeeper
|-damage|p2a: Oathkeeper|45/100
|move|p1b: Gholdengo|Shadow Ball|p2a: Oathkeeper
|-damage|p2a: Oathkeeper|0 fnt
|faint|p2a: Oathkeeper
|
|win|Mateadelvgc
||root2iris is ready for game 3.
||Mateadelvgc is ready for game 3.
|uhtml|next|Next: Game 3 of 3
