|j|☆pinkeyt569
|html|mdkobopinkeyt569    
|uhtml|bestof|Game 2 of a best-of-3
|t:|1756338083
|gametype|doubles
|player|p1|mdkobo|morty|1048
|player|p2|pinkeyt569|169|1047
|gen|9
|tier|[Gen 9] VGC 2025 Reg H (Bo3)
|rated|
|rule|Species Clause: Limit one of each Pokémon
|rule|Item Clause: Limit 1 of each item
|clearpoke
|poke|p1|Sneasler, L50, M|
|poke|p1|Dragapult, L50, F|
|poke|p1|Primarina, L50, M|
|poke|p1|Kingambit, L50, M|
|poke|p1|Magmar, L50, M|
|poke|p1|Rillaboom, L50, F|
|poke|p2|Rillaboom, L50, F|
|poke|p2|Kilowattrel, L50, F|
|poke|p2|Farigiraf, L50, M|
|poke|p2|Ursaluna, L50, F|
|poke|p2|Tyranitar, L50, F|
|poke|p2|Gholdengo, L50|
|teampreview|4
|showteam|p1|Sneasler||FocusSash|PoisonTouch|CloseCombat,DireClaw,FakeOut,Protect|||M|||50|,,,,,Stellar]Dragapult||ChoiceBand|ClearBody|DragonDarts,TeraBlast,PhantomForce,Uturn|||F|||50|,,,,,Ghost]Primarina||SitrusBerry|LiquidVoice|HyperVoice,Moonblast,Haze,Protect|||M|||50|,,,,,Poison]Kingambit||BlackGlasses|Defiant|KowtowCleave,SuckerPunch,SwordsDance,Protect|||M|||50|,,,,,Ghost]Magmar||Eviolite|VitalSpirit|Overheat,WillOWisp,FollowMe,Protect|||M|||50|,,,,,Ghost]Rillaboom||AssaultVest|GrassySurge|WoodHammer,GrassyGlide,HighHorsepower,FakeOut|||F|||50|,,,,,Fire
|showteam|p2|Rillaboom||MiracleSeed|GrassySurge|FakeOut,GrassyGlide,KnockOff,Uturn|||F|||50|,,,,,Fire]Kilowattrel||CovertCloak|Competitive|Protect,Tailwind,Thunderbolt,AirSlash|||F|||50|,,,,,Electric]Farigiraf||SitrusBerry|ArmorTail|HyperVoice,TeraBlast,Imprison,TrickRoom|||M|||50|,,,,,Fighting]Ursaluna||FlameOrb|Guts|Protect,Facade,Earthquake,HeadlongRush|||F|||50|,,,,,Ghost]Tyranitar||AssaultVest|SandStream|RockSlide,KnockOff,TeraBlast,LowKick|||F|||50|,,,,,Flying]Gholdengo||ChoiceSpecs|GoodasGold|MakeItRain,SteelBeam,ShadowBall,PowerGem||||||50|,,,,,Steel
|j|☆mdkobo
|player|p1|mdkobo|morty|
|inactive|Battle timer is ON: inactive players will automatically lose when time's up. (requested by mdkobo)
|inactive|pinkeyt569 has 60 seconds left.
|
|t:|1756338144
|teamsize|p1|4
|teamsize|p2|4
|start
|switch|p1a: Rillaboom|Rillaboom, L50, F|100/100
|switch|p1b: Primarina|Primarina, L50, M|100/100
|switch|p2a: Rillaboom|Rillaboom, L50, F|100/100
|switch|p2b: Kilowattrel|Kilowattrel, L50, F|100/100
|-fieldstart|move: Grassy Terrain|[from] ability: Grassy Surge|[of] p1a: Rillaboom
|turn|1
|inactive|mdkobo has 30 seconds left.
|inactive|mdkobo has 20 seconds left.
|
|t:|1756338182
|move|p1a: Rillaboom|Fake Out|p2a: Rillaboom
|-damage|p2a: Rillaboom|88/100
|cant|p2a: Rillaboom|flinch
|move|p2b: Kilowattrel|Tailwind|p2b: Kilowattrel
|-sidestart|p2: pinkeyt569|move: Tailwind
|move|p1b: Primarina|Moonblast|p2b: Kilowattrel
|-damage|p2b: Kilowattrel|24/100
|
|-heal|p2a: Rillaboom|94/100|[from] Grassy Terrain
|upkeep
|turn|2
|inactive|pinkeyt569 has 30 seconds left.
|inactive|pinkeyt569 has 20 seconds left.
|inactive|pinkeyt569 has 15 seconds left.
|inactive|pinkeyt569 has 10 seconds left.
|
|t:|1756338230
|-terastallize|p1b: Primarina|Poison
|move|p1a: Rillaboom|Grassy Glide|p2b: Kilowattrel
|-resisted|p2b: Kilowattrel
|-damage|p2b: Kilowattrel|0 fnt
|faint|p2b: Kilowattrel
|move|p2a: Rillaboom|U-turn|p1a: Rillaboom
|-supereffective|p1a: Rillaboom
|-damage|p1a: Rillaboom|55/100
|
|t:|1756338238
|switch|p2a: Tyranitar|Tyranitar, L50, F|100/100|[from] U-turn
|-weather|Sandstorm|[from] ability: Sand Stream|[of] p2a: Tyranitar
|move|p1b: Primarina|Moonblast|p2a: Tyranitar
|-supereffective|p2a: Tyranitar
|-damage|p2a: Tyranitar|65/100
|
|-weather|Sandstorm|[upkeep]
|-damage|p1a: Rillaboom|49/100|[from] Sandstorm
|-damage|p1b: Primarina|95/100|[from] Sandstorm
|-heal|p2a: Tyranitar|70/100|[from] Grassy Terrain
|-heal|p1a: Rillaboom|55/100|[from] Grassy Terrain
|-heal|p1b: Primarina|100/100|[from] Grassy Terrain
|upkeep
|
|t:|1756338253
|switch|p2b: Ursaluna|Ursaluna, L50, F|100/100
|turn|3
|inactive|mdkobo has 30 seconds left.
|inactive|pinkeyt569 has 30 seconds left.
|
|t:|1756338287
|-terastallize|p2a: Tyranitar|Flying
|move|p1a: Rillaboom|Grassy Glide|p2a: Tyranitar
|-resisted|p2a: Tyranitar
|-damage|p2a: Tyranitar|56/100
|move|p2a: Tyranitar|Rock Slide|p1b: Primarina|[spread] p1a,p1b
|-crit|p1a: Rillaboom
|-damage|p1a: Rillaboom|6/100
|-damage|p1b: Primarina|69/100
|move|p2b: Ursaluna|Earthquake|p1a: Rillaboom|[spread] p1a,p1b
|-immune|p2a: Tyranitar
|-resisted|p1a: Rillaboom
|-supereffective|p1b: Primarina
|-damage|p1a: Rillaboom|0 fnt
|-damage|p1b: Primarina|28/100
|-enditem|p1b: Primarina|Sitrus Berry|[eat]
|-heal|p1b: Primarina|52/100|[from] item: Sitrus Berry
|faint|p1a: Rillaboom
|cant|p1b: Primarina|flinch
|
|-weather|Sandstorm|[upkeep]
|-damage|p2a: Tyranitar|50/100|[from] Sandstorm
|-damage|p1b: Primarina|46/100|[from] Sandstorm
|-heal|p1b: Primarina|52/100|[from] Grassy Terrain
|-status|p2b: Ursaluna|brn|[from] item: Flame Orb
|upkeep
|inactive|mdkobo has 30 seconds left.
|
|t:|1756338313
|switch|p1a: Sneasler|Sneasler, L50, M|100/100
|turn|4
|inactive|pinkeyt569 has 30 seconds left.
|inactive|pinkeyt569 has 20 seconds left.
|
|t:|1756338349
|move|p2b: Ursaluna|Protect|p2b: Ursaluna
|-singleturn|p2b: Ursaluna|Protect
|move|p1a: Sneasler|Fake Out|p2a: Tyranitar
|-damage|p2a: Tyranitar|38/100
|cant|p2a: Tyranitar|flinch
|move|p1b: Primarina|Hyper Voice|p2b: Ursaluna|[spread] p2a
|-activate|p2b: Ursaluna|move: Protect
|-damage|p2a: Tyranitar|21/100
|
|-weather|Sandstorm|[upkeep]
|-damage|p1a: Sneasler|95/100|[from] Sandstorm
|-damage|p2a: Tyranitar|15/100|[from] Sandstorm
|-damage|p1b: Primarina|46/100|[from] Sandstorm
|-heal|p1a: Sneasler|100/100|[from] Grassy Terrain
|-heal|p1b: Primarina|52/100|[from] Grassy Terrain
|-damage|p2b: Ursaluna|95/100 brn|[from] brn
|-sideend|p2: pinkeyt569|move: Tailwind
|upkeep
|turn|5
|inactive|mdkobo has 30 seconds left.
|
|t:|1756338375
|switch|p2b: Rillaboom|Rillaboom, L50, F|94/100
|move|p1a: Sneasler|Close Combat|p2b: Rillaboom
|-damage|p2b: Rillaboom|37/100
|-unboost|p1a: Sneasler|def|1
|-unboost|p1a: Sneasler|spd|1
|-status|p2b: Rillaboom|psn|[from] ability: Poison Touch|[of] p1a: Sneasler
|move|p2a: Tyranitar|Tera Blast|p1a: Sneasler|[anim] Tera Blast Flying
|-supereffective|p1a: Sneasler
|-enditem|p1a: Sneasler|Focus Sash
|-damage|p1a: Sneasler|1/100
|move|p1b: Primarina|Hyper Voice|p2a: Tyranitar|[spread] p2a,p2b
|-resisted|p2b: Rillaboom
|-damage|p2a: Tyranitar|0 fnt
|-damage|p2b: Rillaboom|21/100 psn
|faint|p2a: Tyranitar
|
|-weather|Sandstorm|[upkeep]
|-damage|p1a: Sneasler|0 fnt|[from] Sandstorm
|-damage|p2b: Rillaboom|15/100 psn|[from] Sandstorm
|-damage|p1b: Primarina|46/100|[from] Sandstorm
|faint|p1a: Sneasler
|-heal|p2b: Rillaboom|21/100 psn|[from] Grassy Terrain
|-heal|p1b: Primarina|52/100|[from] Grassy Terrain
|-damage|p2b: Rillaboom|9/100 psn|[from] psn
|-fieldend|move: Grassy Terrain
|upkeep
|inactive|mdkobo has 30 seconds left.
|
|t:|1756338400
|switch|p1a: Dragapult|Dragapult, L50, F|100/100
|switch|p2a: Ursaluna|Ursaluna, L50, F|95/100 brn
|turn|6
|inactive|mdkobo has 30 seconds left.
|
|t:|1756338439
|move|p2b: Rillaboom|Fake Out|p1b: Primarina
|-damage|p1b: Primarina|38/100
|move|p1a: Dragapult|Dragon Darts|p2a: Ursaluna
|-damage|p2a: Ursaluna|65/100 brn
|-anim|p1a: Dragapult|Dragon Darts|p2b: Rillaboom
|-damage|p2b: Rillaboom|0 fnt
|faint|p2b: Rillaboom
|cant|p1b: Primarina|flinch
|move|p2a: Ursaluna|Earthquake|p1a: Dragapult|[spread] p1a,p1b
|-supereffective|p1b: Primarina
|-damage|p1a: Dragapult|5/100
|-damage|p1b: Primarina|0 fnt
|faint|p1b: Primarina
|
|-weather|none
|-damage|p2a: Ursaluna|59/100 brn|[from] brn
|upkeep
|turn|7
|
|t:|1756338457
|move|p1a: Dragapult|Dragon Darts|p2a: Ursaluna
|-damage|p2a: Ursaluna|28/100 brn
|-anim|p1a: Dragapult|Dragon Darts|p2a: Ursaluna
|-damage|p2a: Ursaluna|0 fnt
|faint|p2a: Ursaluna
|
|win|mdkobo
||pinkeyt569 is ready for game 3.
|inactive|mdkobo has 30 seconds to confirm battle start!
|inactive|mdkobo has 20 seconds to confirm battle start!
||mdkobo is ready for game 3.
|uhtml|next|Next: Game 3 of 3
