|j|☆Jaylek
|j|☆flight30flight4
|html|Jaylekflight30flight4    
|uhtml|bestof|Game 3 of a best-of-3
|t:|1757910611
|gametype|doubles
|player|p1|Jaylek|aaron|1283
|player|p2|flight30flight4|169|1228
|gen|9
|tier|[Gen 9] VGC 2025 Reg H (Bo3)
|rated|
|rule|Species Clause: Limit one of each Pokémon
|rule|Item Clause: Limit 1 of each item
|clearpoke
|poke|p1|Basculegion, L50, M|
|poke|p1|Volcarona, L50, M|
|poke|p1|Ursaluna-Bloodmoon, L50, M|
|poke|p1|Rillaboom, L50, M|
|poke|p1|Hitmontop, L50, M|
|poke|p1|Sneasler, L50, F|
|poke|p2|Ursaluna-Bloodmoon, L50, M|
|poke|p2|Rillaboom, L50, M|
|poke|p2|Porygon2, L50|
|poke|p2|Sneasler, L50, F|
|poke|p2|Pelipper, L50, F|
|poke|p2|Archaludon, L50, M|
|teampreview|4
|showteam|p1|Basculegion||ChoiceScarf|Adaptability|WaveCrash,LastRespects,TeraBlast,FlipTurn|||M|||50|,,,,,Fairy]Volcarona||CovertCloak|FlameBody|HeatWave,TeraBlast,Protect,QuiverDance|||M|||50|,,,,,Fairy]Ursaluna-Bloodmoon||LifeOrb|MindsEye|BloodMoon,EarthPower,HyperVoice,Protect|||M|||50|,,,,,Ghost]Rillaboom||AssaultVest|GrassySurge|WoodHammer,HighHorsepower,GrassyGlide,FakeOut|||M|||50|,,,,,Dragon]Hitmontop||ClearAmulet|Intimidate|CloseCombat,WideGuard,Feint,FakeOut|||M|||50|,,,,,Dark]Sneasler||GrassySeed|Unburden|DireClaw,CloseCombat,Acrobatics,FakeOut|||F|||50|,,,,,Dark
|showteam|p2|Ursaluna-Bloodmoon||AssaultVest|MindsEye|BloodMoon,EarthPower,HyperVoice,VacuumWave|||M|||50|,,,,,Grass]Rillaboom||LoadedDice|GrassySurge|GrassyGlide,BulletSeed,Uturn,FakeOut|||M|||50|,,,,,Fire]Porygon2||Eviolite|Download|TeraBlast,IceBeam,Recover,TrickRoom||||||50|,,,,,Ghost]Sneasler||GrassySeed|Unburden|DireClaw,CloseCombat,Protect,Acrobatics|||F|||50|,,,,,Flying]Pelipper||FocusSash|Drizzle|WeatherBall,Hurricane,Tailwind,Protect|||F|||50|,,,,,Ghost]Archaludon||PowerHerb|Stamina|ElectroShot,BodyPress,DragonPulse,Protect|||M|||50|,,,,,Bug
|
|t:|1757910636
|teamsize|p1|4
|teamsize|p2|4
|start
|switch|p1a: Ursaluna|Ursaluna-Bloodmoon, L50, M|100/100
|switch|p1b: Rillaboom|Rillaboom, L50, M|100/100
|switch|p2a: Pelipper|Pelipper, L50, F|100/100
|switch|p2b: Rillaboom|Rillaboom, L50, M|100/100
|-weather|RainDance|[from] ability: Drizzle|[of] p2a: Pelipper
|-fieldstart|move: Grassy Terrain|[from] ability: Grassy Surge|[of] p2b: Rillaboom
|turn|1
|inactive|Battle timer is ON: inactive players will automatically lose when time's up. (requested by Jaylek)
|
|t:|1757910665
|-terastallize|p2a: Pelipper|Ghost
|-terastallize|p1a: Ursaluna|Ghost
|move|p2a: Pelipper|Tailwind|p2a: Pelipper
|-sidestart|p2: flight30flight4|move: Tailwind
|move|p2b: Rillaboom|Bullet Seed|p1a: Ursaluna
|-damage|p1a: Ursaluna|88/100
|-damage|p1a: Ursaluna|74/100
|-crit|p1a: Ursaluna
|-damage|p1a: Ursaluna|52/100
|-damage|p1a: Ursaluna|40/100
|-hitcount|p1a: Ursaluna|4
|move|p1b: Rillaboom|Wood Hammer|p2a: Pelipper
|-enditem|p2a: Pelipper|Focus Sash
|-damage|p2a: Pelipper|1/100
|-damage|p1b: Rillaboom|79/100|[from] Recoil
|move|p1a: Ursaluna|Hyper Voice|p2b: Rillaboom|[spread] p2a,p2b
|-damage|p2a: Pelipper|0 fnt
|-damage|p2b: Rillaboom|36/100
|faint|p2a: Pelipper
|-damage|p1a: Ursaluna|30/100|[from] item: Life Orb
|
|-weather|RainDance|[upkeep]
|-heal|p2b: Rillaboom|42/100|[from] Grassy Terrain
|-heal|p1b: Rillaboom|85/100|[from] Grassy Terrain
|-heal|p1a: Ursaluna|35/100|[from] Grassy Terrain
|upkeep
|inactive|flight30flight4 has 30 seconds left.
|
|t:|1757910699
|switch|p2a: Archaludon|Archaludon, L50, M|100/100
|turn|2
|
|t:|1757910712
|move|p2b: Rillaboom|Bullet Seed|p2a: Archaludon
|-resisted|p2a: Archaludon
|-damage|p2a: Archaludon|97/100
|-ability|p2a: Archaludon|Stamina|boost
|-boost|p2a: Archaludon|def|1
|-resisted|p2a: Archaludon
|-damage|p2a: Archaludon|95/100
|-ability|p2a: Archaludon|Stamina|boost
|-boost|p2a: Archaludon|def|1
|-resisted|p2a: Archaludon
|-damage|p2a: Archaludon|94/100
|-ability|p2a: Archaludon|Stamina|boost
|-boost|p2a: Archaludon|def|1
|-resisted|p2a: Archaludon
|-damage|p2a: Archaludon|93/100
|-ability|p2a: Archaludon|Stamina|boost
|-boost|p2a: Archaludon|def|1
|-resisted|p2a: Archaludon
|-damage|p2a: Archaludon|91/100
|-ability|p2a: Archaludon|Stamina|boost
|-boost|p2a: Archaludon|def|1
|-hitcount|p2a: Archaludon|5
|move|p2a: Archaludon|Electro Shot||[still]
|-prepare|p2a: Archaludon|Electro Shot
|-boost|p2a: Archaludon|spa|1
|-anim|p2a: Archaludon|Electro Shot|p1a: Ursaluna
|-damage|p1a: Ursaluna|0 fnt
|faint|p1a: Ursaluna
|move|p1b: Rillaboom|Wood Hammer|p2b: Rillaboom
|-resisted|p2b: Rillaboom
|-damage|p2b: Rillaboom|0 fnt
|faint|p2b: Rillaboom
|-damage|p1b: Rillaboom|72/100|[from] Recoil
|
|-weather|RainDance|[upkeep]
|-heal|p2a: Archaludon|97/100|[from] Grassy Terrain
|-heal|p1b: Rillaboom|78/100|[from] Grassy Terrain
|upkeep
|
|t:|1757910722
|switch|p2b: Sneasler|Sneasler, L50, F|100/100
|switch|p1a: Sneasler|Sneasler, L50, F|100/100
|-enditem|p2b: Sneasler|Grassy Seed
|-boost|p2b: Sneasler|def|1|[from] item: Grassy Seed
|-enditem|p1a: Sneasler|Grassy Seed
|-boost|p1a: Sneasler|def|1|[from] item: Grassy Seed
|turn|3
|
|t:|1757910745
|move|p2b: Sneasler|Protect|p2b: Sneasler
|-singleturn|p2b: Sneasler|Protect
|move|p1a: Sneasler|Acrobatics|p2b: Sneasler
|-activate|p2b: Sneasler|move: Protect
|move|p2a: Archaludon|Body Press|p1b: Rillaboom
|-damage|p1b: Rillaboom|2/100
|move|p1b: Rillaboom|High Horsepower|p2a: Archaludon
|-supereffective|p2a: Archaludon
|-damage|p2a: Archaludon|81/100
|-ability|p2a: Archaludon|Stamina|boost
|-boost|p2a: Archaludon|def|1
|
|-weather|RainDance|[upkeep]
|-heal|p2a: Archaludon|87/100|[from] Grassy Terrain
|-heal|p1b: Rillaboom|8/100|[from] Grassy Terrain
|upkeep
|turn|4
|
|t:|1757910758
|move|p1b: Rillaboom|Grassy Glide|p2a: Archaludon
|-resisted|p2a: Archaludon
|-damage|p2a: Archaludon|86/100
|move|p2b: Sneasler|Acrobatics|p1a: Sneasler
|-supereffective|p1a: Sneasler
|-damage|p1a: Sneasler|8/100
|move|p1a: Sneasler|Acrobatics|p2b: Sneasler
|-supereffective|p2b: Sneasler
|-damage|p2b: Sneasler|14/100
|move|p2a: Archaludon|Electro Shot||[still]
|-prepare|p2a: Archaludon|Electro Shot
|-boost|p2a: Archaludon|spa|1
|-anim|p2a: Archaludon|Electro Shot|p1b: Rillaboom
|-resisted|p1b: Rillaboom
|-damage|p1b: Rillaboom|0 fnt
|faint|p1b: Rillaboom
|
|-weather|RainDance|[upkeep]
|-heal|p2b: Sneasler|20/100|[from] Grassy Terrain
|-heal|p1a: Sneasler|13/100|[from] Grassy Terrain
|-heal|p2a: Archaludon|91/100|[from] Grassy Terrain
|-sideend|p2: flight30flight4|move: Tailwind
|upkeep
|
|t:|1757910772
|switch|p1b: Basculegion|Basculegion, L50, M|100/100
|turn|5
|
|t:|1757910785
|move|p2b: Sneasler|Protect|p2b: Sneasler
|-singleturn|p2b: Sneasler|Protect
|move|p1a: Sneasler|Acrobatics|p2b: Sneasler
|-activate|p2b: Sneasler|move: Protect
|move|p1b: Basculegion|Last Respects|p2a: Archaludon
|-damage|p2a: Archaludon|74/100
|move|p2a: Archaludon|Electro Shot||[still]
|-prepare|p2a: Archaludon|Electro Shot
|-boost|p2a: Archaludon|spa|1
|-anim|p2a: Archaludon|Electro Shot|p1a: Sneasler
|-damage|p1a: Sneasler|0 fnt
|faint|p1a: Sneasler
|
|-weather|none
|-heal|p2b: Sneasler|26/100|[from] Grassy Terrain
|-heal|p2a: Archaludon|80/100|[from] Grassy Terrain
|-fieldend|move: Grassy Terrain
|upkeep
|turn|6
|
|t:|1757910803
|move|p2b: Sneasler|Dire Claw|p1b: Basculegion
|-resisted|p1b: Basculegion
|-damage|p1b: Basculegion|71/100
|-status|p1b: Basculegion|slp
|cant|p1b: Basculegion|slp
|move|p2a: Archaludon|Dragon Pulse|p1b: Basculegion
|-damage|p1b: Basculegion|0 fnt
|faint|p1b: Basculegion
|
|win|flight30flight4
|raw|Jaylek's rating: 1283 → 1254(-29 for losing)
|raw|flight30flight4's rating: 1228 → 1257(+29 for winning)
|l|☆flight30flight4
|player|p2|
|l|☆Jaylek
|player|p1|
