|j|☆Sylviana GL
|j|☆sn000p
|html|Sylviana GLsn000p    
|uhtml|bestof|Game 1 of a best-of-3
|t:|1784706223
|gametype|doubles
|player|p1|Sylviana GL|caitlin|1127
|player|p2|sn000p|265|1111
|gen|9
|tier|[Gen 9 Champions] VGC 2026 Reg M-B (Bo3)
|rated|
|rule|Species Clause: Limit one of each Pokémon
|rule|Item Clause: Limit 1 of each item
|clearpoke
|poke|p1|Grimmsnarl, L50, M|
|poke|p1|Basculegion, L50, M|
|poke|p1|Charizard, L50, F|
|poke|p1|Pelipper, L50, M|
|poke|p1|Venusaur, L50, F|
|poke|p1|Archaludon, L50, M|
|poke|p2|Sylveon, L50, M|
|poke|p2|Farigiraf, L50, F|
|poke|p2|Sinistcha, L50|
|poke|p2|Golurk, L50|
|poke|p2|Kangaskhan, L50, F|
|poke|p2|Tyranitar, L50, F|
|teampreview|4
|showteam|p1|Grimmsnarl||LightClay|Prankster|SpiritBreak,PartingShot,Reflect,LightScreen|Sassy||M|||50|]Basculegion||ChoiceScarf|Adaptability|LastRespects,WaveCrash,AquaJet,FlipTurn|Jolly||M|||50|]Charizard||CharizarditeY|Blaze|Protect,HeatWave,WeatherBall,SolarBeam|Modest||F|||50|]Pelipper||SitrusBerry|Drizzle|Hurricane,WeatherBall,Tailwind,WideGuard|Modest||M|||50|]Venusaur||FocusSash|Chlorophyll|SludgeBomb,SleepPowder,EarthPower,Protect|Modest||F|||50|]Archaludon||Leftovers|Stamina|ElectroShot,DragonPulse,FlashCannon,Protect|Calm||M|||50|
|showteam|p2|Sylveon||FairyFeather|Pixilate|HyperVoice,HyperBeam,QuickAttack,Protect|Quiet||M|||50|]Farigiraf||SitrusBerry|ArmorTail|TrickRoom,TwinBeam,Thunderbolt,Protect|Bold||F|||50|]Sinistcha||OccaBerry|Hospitality|MatchaGotcha,ShadowBall,TrickRoom,LifeDew|Bold|||||50|]Golurk||Golurkite|NoGuard|Poltergeist,HeadlongRush,RockSlide,Protect|Brave|||||50|]Kangaskhan||SilkScarf|Scrappy|FakeOut,LastResort|Adamant||F|||50|]Tyranitar||Tyranitarite|SandStream|Crunch,RockSlide,HighHorsepower,Protect|Adamant||F|||50|
|inactive|Battle timer is ON: inactive players will automatically lose when time's up. (requested by sn000p)
|
|t:|1784706265
|teamsize|p1|4
|teamsize|p2|4
|start
|switch|p1a: Pelipper|Pelipper, L50, M|100/100
|switch|p1b: Grimmsnarl|Grimmsnarl, L50, M|100/100
|switch|p2a: Farigiraf|Farigiraf, L50, F|100/100
|switch|p2b: Kangaskhan|Kangaskhan, L50, F|100/100
|-weather|RainDance|[from] ability: Drizzle|[of] p1a: Pelipper
|turn|1
|
|t:|1784706275
|move|p2b: Kangaskhan|Fake Out|p1a: Pelipper
|-damage|p1a: Pelipper|74/100
|move|p1b: Grimmsnarl|Reflect|p1b: Grimmsnarl
|-sidestart|p1: Sylviana GL|Reflect
|cant|p1a: Pelipper|flinch
|move|p2a: Farigiraf|Trick Room|p2a: Farigiraf
|-fieldstart|move: Trick Room|[of] p2a: Farigiraf
|
|-weather|RainDance|[upkeep]
|upkeep
|turn|2
|
|t:|1784706299
|move|p1b: Grimmsnarl|Light Screen|p1b: Grimmsnarl
|-sidestart|p1: Sylviana GL|move: Light Screen
|move|p2a: Farigiraf|Thunderbolt|p1a: Pelipper
|-supereffective|p1a: Pelipper|2
|-damage|p1a: Pelipper|0 fnt
|faint|p1a: Pelipper
|move|p2b: Kangaskhan|Last Resort|p1b: Grimmsnarl
|-damage|p1b: Grimmsnarl|50/100g
|
|-weather|RainDance|[upkeep]
|upkeep
|
|t:|1784706304
|switch|p1a: Archaludon|Archaludon, L50, M|100/100
|turn|3
|inactive|sn000p has 30 seconds left.
|inactive|sn000p has 20 seconds left.
|inactive|sn000p has 15 seconds left.
|inactive|sn000p has 10 seconds left.
|
|t:|1784706351
|move|p2a: Farigiraf|Protect|p2a: Farigiraf
|-singleturn|p2a: Farigiraf|Protect
|move|p1b: Grimmsnarl|Spirit Break|p2a: Farigiraf
|-activate|p2a: Farigiraf|move: Protect
|move|p2b: Kangaskhan|Last Resort|p1b: Grimmsnarl
|-damage|p1b: Grimmsnarl|0 fnt
|faint|p1b: Grimmsnarl
|move|p1a: Archaludon|Electro Shot||[still]
|-prepare|p1a: Archaludon|Electro Shot
|-boost|p1a: Archaludon|spa|1
|-anim|p1a: Archaludon|Electro Shot|p2b: Kangaskhan
|-damage|p2b: Kangaskhan|43/100
|
|-weather|RainDance|[upkeep]
|upkeep
|
|t:|1784706359
|switch|p1b: Basculegion|Basculegion, L50, M|100/100
|turn|4
|
|t:|1784706372
|move|p2a: Farigiraf|Thunderbolt|p1b: Basculegion
|-supereffective|p1b: Basculegion|1
|-damage|p1b: Basculegion|66/100
|move|p2b: Kangaskhan|Last Resort|p1b: Basculegion
|-damage|p1b: Basculegion|4/100
|move|p1a: Archaludon|Flash Cannon|p2b: Kangaskhan
|-damage|p2b: Kangaskhan|0 fnt
|faint|p2b: Kangaskhan
|move|p1b: Basculegion|Wave Crash|p2a: Farigiraf
|-damage|p2a: Farigiraf|11/100
|-enditem|p2a: Farigiraf|Sitrus Berry|[eat]
|-heal|p2a: Farigiraf|36/100|[from] item: Sitrus Berry
|-damage|p1b: Basculegion|0 fnt|[from] Recoil
|faint|p1b: Basculegion
|
|-weather|RainDance|[upkeep]
|upkeep
|
|t:|1784706380
|switch|p2b: Sylveon|Sylveon, L50, M|100/100
|turn|5
|
|t:|1784706387
|move|p2b: Sylveon|Hyper Beam|p1a: Archaludon
|-damage|p1a: Archaludon|36/100
|-mustrecharge|p2b: Sylveon
|-ability|p1a: Archaludon|Stamina|boost
|-boost|p1a: Archaludon|def|1
|move|p2a: Farigiraf|Twin Beam|p1a: Archaludon
|-resisted|p1a: Archaludon|1
|-crit|p1a: Archaludon
|-damage|p1a: Archaludon|26/100
|-ability|p1a: Archaludon|Stamina|boost
|-boost|p1a: Archaludon|def|1
|-resisted|p1a: Archaludon|1
|-damage|p1a: Archaludon|22/100
|-ability|p1a: Archaludon|Stamina|boost
|-boost|p1a: Archaludon|def|1
|-hitcount|p1a: Archaludon|2
|move|p1a: Archaludon|Flash Cannon|p2b: Sylveon
|-supereffective|p2b: Sylveon|1
|-damage|p2b: Sylveon|26/100
|
|-weather|none
|-heal|p1a: Archaludon|28/100|[from] item: Leftovers
|-fieldend|move: Trick Room
|upkeep
|turn|6
|
|t:|1784706399
|move|p1a: Archaludon|Flash Cannon|p2b: Sylveon
|-supereffective|p2b: Sylveon|1
|-damage|p2b: Sylveon|0 fnt
|faint|p2b: Sylveon
|move|p2a: Farigiraf|Trick Room|p2a: Farigiraf
|-fieldstart|move: Trick Room|[of] p2a: Farigiraf
|
|-heal|p1a: Archaludon|34/100|[from] item: Leftovers
|upkeep
|
|t:|1784706401
|switch|p2b: Golurk|Golurk, L50|100/100
|turn|7
|
|t:|1784706418
|detailschange|p2b: Golurk|Golurk-Mega, L50
|-mega|p2b: Golurk|Golurk|Golurkite
|move|p1a: Archaludon|Protect|p1a: Archaludon
|-singleturn|p1a: Archaludon|Protect
|move|p2b: Golurk|Headlong Rush|p1a: Archaludon
|-supereffective|p1a: Archaludon|1
|-ability|p2b: Golurk|Unseen Fist
|-zbroken|p1a: Archaludon
|-damage|p1a: Archaludon|26/100
|-unboost|p2b: Golurk|def|1
|-unboost|p2b: Golurk|spd|1
|-ability|p1a: Archaludon|Stamina|boost
|-boost|p1a: Archaludon|def|1
|move|p2a: Farigiraf|Twin Beam|p1a: Archaludon
|-activate|p1a: Archaludon|move: Protect
|
|-heal|p1a: Archaludon|32/100|[from] item: Leftovers
|upkeep
|turn|8
|
|t:|1784706437
|move|p2b: Golurk|Headlong Rush|p1a: Archaludon
|-supereffective|p1a: Archaludon|1
|-damage|p1a: Archaludon|6/100
|-unboost|p2b: Golurk|def|1
|-unboost|p2b: Golurk|spd|1
|-ability|p1a: Archaludon|Stamina|boost
|-boost|p1a: Archaludon|def|1
|move|p2a: Farigiraf|Twin Beam|p1a: Archaludon
|-resisted|p1a: Archaludon|1
|-damage|p1a: Archaludon|2/100
|-ability|p1a: Archaludon|Stamina|boost
|-boost|p1a: Archaludon|def|1
|-resisted|p1a: Archaludon|1
|-damage|p1a: Archaludon|0 fnt
|faint|p1a: Archaludon
|-hitcount|p1: Archaludon|2
|
|win|sn000p
|l|☆sn000p
|player|p2|
||sn000p is ready for game 2.
||Sylviana GL is ready for game 2.
|uhtml|next|Next: Game 2 of 3
