|j|☆akasia
|j|☆SneakerHead44
|html|akasiaSneakerHead44    
|uhtml|bestof|Game 2 of a best-of-3
|t:|1784695023
|gametype|doubles
|player|p1|akasia|2|1137
|player|p2|SneakerHead44|rood|1131
|gen|9
|tier|[Gen 9 Champions] VGC 2026 Reg M-B (Bo3)
|rated|
|rule|Species Clause: Limit one of each Pokémon
|rule|Item Clause: Limit 1 of each item
|clearpoke
|poke|p1|Mawile, L50, F|
|poke|p1|Farigiraf, L50, F|
|poke|p1|Whimsicott, L50, F|
|poke|p1|Garchomp, L50, F|
|poke|p1|Basculegion, L50, M|
|poke|p1|Charizard, L50, F|
|poke|p2|Charizard, L50, M, shiny|
|poke|p2|Garchomp, L50, M|
|poke|p2|Incineroar, L50, M|
|poke|p2|Sylveon, L50, F, shiny|
|poke|p2|Aerodactyl, L50, F|
|poke|p2|Farigiraf, L50, F|
|teampreview|4
|showteam|p1|Mawile||Mawilite|Intimidate|PlayRough,IronHead,SuckerPunch,Protect|Adamant||F|||50|]Farigiraf||SitrusBerry|ArmorTail|Psychic,HelpingHand,Thunderbolt,TrickRoom|Modest||F|||50|]Whimsicott||FocusSash|Prankster|Moonblast,Tailwind,Encore,Protect|Timid||F|||50|]Garchomp||LifeOrb|RoughSkin|RockSlide,DragonClaw,Earthquake,Protect|Jolly||F|||50|]Basculegion||MysticWater|SwiftSwim|WaveCrash,LastRespects,AquaJet,Protect|Adamant||M|||50|]Charizard||CharizarditeY|SolarPower|HeatWave,SolarBeam,WeatherBall,Protect|Modest||F|||50|
|showteam|p2|Charizard||CharizarditeY|Blaze|HeatWave,WeatherBall,SolarBeam,Protect|Modest||M|||50|]Garchomp||LifeOrb|RoughSkin|Earthquake,StompingTantrum,DragonClaw,Protect|Jolly||M|||50|]Incineroar||SitrusBerry|Intimidate|FakeOut,FlareBlitz,ThroatChop,PartingShot|Careful||M|||50|]Sylveon||FairyFeather|Pixilate|HyperVoice,QuickAttack,Moonblast,Detect|Modest||F|||50|]Aerodactyl||FocusSash|Unnerve|RockSlide,Protect,Tailwind,WideGuard|Jolly||F|||50|]Farigiraf||ColburBerry|ArmorTail|TwinBeam,Thunderbolt,TrickRoom,HelpingHand|Relaxed||F|||50|
|
|t:|1784695044
|teamsize|p1|4
|teamsize|p2|4
|start
|switch|p1a: Garchomp|Garchomp, L50, F|100/100
|switch|p1b: Farigiraf|Farigiraf, L50, F|100/100
|switch|p2a: Incineroar|Incineroar, L50, M|100/100
|switch|p2b: Farigiraf|Farigiraf, L50, F|100/100
|-ability|p2a: Incineroar|Intimidate|boost
|-unboost|p1a: Garchomp|atk|1
|-unboost|p1b: Farigiraf|atk|1
|turn|1
|
|t:|1784695061
|move|p1b: Farigiraf|Helping Hand|p1a: Garchomp
|-singleturn|p1a: Garchomp|Helping Hand|[of] p1b: Farigiraf
|move|p1a: Garchomp|Rock Slide|p2a: Incineroar|[spread] p2a,p2b
|-supereffective|p2a: Incineroar|1
|-damage|p2a: Incineroar|59/100
|-damage|p2b: Farigiraf|79/100
|-damage|p1a: Garchomp|90/100|[from] item: Life Orb
|move|p2a: Incineroar|Parting Shot|p1a: Garchomp
|-unboost|p1a: Garchomp|atk|1
|-unboost|p1a: Garchomp|spa|1
|
|t:|1784695071
|switch|p2a: Sylveon|Sylveon, L50, F, shiny|100/100|[from] Parting Shot
|move|p2b: Farigiraf|Trick Room|p2b: Farigiraf
|-fieldstart|move: Trick Room|[of] p2b: Farigiraf
|
|upkeep
|turn|2
|
|t:|1784695086
|switch|p1a: Mawile|Mawile, L50, F|100/100
|-ability|p1a: Mawile|Intimidate|boost
|-unboost|p2a: Sylveon|atk|1
|-unboost|p2b: Farigiraf|atk|1
|move|p2b: Farigiraf|Helping Hand|p2a: Sylveon
|-singleturn|p2a: Sylveon|Helping Hand|[of] p2b: Farigiraf
|move|p1b: Farigiraf|Psychic|p2a: Sylveon
|-damage|p2a: Sylveon|66/100
|move|p2a: Sylveon|Hyper Voice|p1b: Farigiraf|[spread] p1a,p1b
|-resisted|p1a: Mawile|1
|-damage|p1a: Mawile|38/100
|-damage|p1b: Farigiraf|35/100
|-enditem|p1b: Farigiraf|Sitrus Berry|[eat]
|-heal|p1b: Farigiraf|60/100|[from] item: Sitrus Berry
|
|upkeep
|turn|3
|
|t:|1784695107
|switch|p2b: Incineroar|Incineroar, L50, M|59/100
|-ability|p2b: Incineroar|Intimidate|boost
|-unboost|p1a: Mawile|atk|1
|-unboost|p1b: Farigiraf|atk|1
|detailschange|p1a: Mawile|Mawile-Mega, L50, F
|-mega|p1a: Mawile|Mawile|Mawilite
|move|p2a: Sylveon|Detect|p2a: Sylveon
|-singleturn|p2a: Sylveon|Protect
|move|p1b: Farigiraf|Psychic|p2b: Incineroar
|-immune|p2b: Incineroar
|move|p1a: Mawile|Iron Head|p2a: Sylveon
|-activate|p2a: Sylveon|move: Protect
|
|upkeep
|turn|4
|
|t:|1784695128
|move|p1a: Mawile|Protect|p1a: Mawile
|-singleturn|p1a: Mawile|Protect
|move|p1b: Farigiraf|Psychic|p2a: Sylveon
|-damage|p2a: Sylveon|36/100
|move|p2b: Incineroar|Flare Blitz|p1a: Mawile
|-activate|p1a: Mawile|move: Protect
|move|p2a: Sylveon|Hyper Voice|p1b: Farigiraf|[spread] p1b
|-activate|p1a: Mawile|move: Protect
|-damage|p1b: Farigiraf|18/100
|
|upkeep
|turn|5
|
|t:|1784695149
|switch|p1a: Basculegion|Basculegion, L50, M|100/100
|move|p2b: Incineroar|Flare Blitz|p1a: Basculegion
|-resisted|p1a: Basculegion|1
|-damage|p1a: Basculegion|75/100
|-damage|p2b: Incineroar|51/100|[from] Recoil
|move|p1b: Farigiraf|Psychic|p2a: Sylveon
|-damage|p2a: Sylveon|2/100
|move|p2a: Sylveon|Hyper Voice|p1a: Basculegion|[spread] p1a,p1b
|-damage|p1a: Basculegion|23/100
|-damage|p1b: Farigiraf|0 fnt
|faint|p1b: Farigiraf
|
|-fieldend|move: Trick Room
|upkeep
|
|t:|1784695160
|switch|p1b: Garchomp|Garchomp, L50, F|90/100
|turn|6
|
|t:|1784695173
|switch|p2b: Farigiraf|Farigiraf, L50, F|79/100
|move|p2a: Sylveon|Quick Attack|p1a: Basculegion
|-damage|p1a: Basculegion|13/100
|move|p1b: Garchomp|Rock Slide|p2b: Farigiraf|[spread] p2a,p2b
|-damage|p2a: Sylveon|0 fnt
|-damage|p2b: Farigiraf|59/100
|faint|p2a: Sylveon
|-damage|p1b: Garchomp|80/100|[from] item: Life Orb
|move|p1a: Basculegion|Wave Crash|p2b: Farigiraf
|-damage|p2b: Farigiraf|0 fnt
|faint|p2b: Farigiraf
|-damage|p1a: Basculegion|0 fnt|[from] Recoil
|faint|p1a: Basculegion
|
|upkeep
|
|t:|1784695187
|switch|p1a: Mawile|Mawile-Mega, L50, F|38/100
|switch|p2a: Incineroar|Incineroar, L50, M|51/100
|switch|p2b: Charizard|Charizard, L50, M, shiny|100/100
|-ability|p2a: Incineroar|Intimidate|boost
|-unboost|p1a: Mawile|atk|1
|-unboost|p1b: Garchomp|atk|1
|turn|7
|
|t:|1784695198
|detailschange|p2b: Charizard|Charizard-Mega-Y, L50, M, shiny
|-mega|p2b: Charizard|Charizard|Charizardite Y
|-weather|SunnyDay|[from] ability: Drought|[of] p2b: Charizard
|move|p1b: Garchomp|Protect|p1b: Garchomp
|-singleturn|p1b: Garchomp|Protect
|move|p1a: Mawile|Protect|p1a: Mawile
|-singleturn|p1a: Mawile|Protect
|move|p2a: Incineroar|Fake Out|p1b: Garchomp
|-activate|p1b: Garchomp|move: Protect
|move|p2b: Charizard|Heat Wave|p1a: Mawile|[spread] 
|-activate|p1a: Mawile|move: Protect
|-activate|p1b: Garchomp|move: Protect
|
|-weather|SunnyDay|[upkeep]
|upkeep
|turn|8
|
|t:|1784695208
|move|p1a: Mawile|Sucker Punch|p2b: Charizard
|-damage|p2b: Charizard|74/100
|move|p1b: Garchomp|Rock Slide|p2a: Incineroar|[spread] p2b
|-miss|p1b: Garchomp|p2a: Incineroar
|-supereffective|p2b: Charizard|2
|-damage|p2b: Charizard|1/100
|-damage|p1b: Garchomp|70/100|[from] item: Life Orb
|move|p2b: Charizard|Heat Wave|p1a: Mawile|[spread] p1a,p1b
|-supereffective|p1a: Mawile|1
|-resisted|p1b: Garchomp|1
|-damage|p1a: Mawile|0 fnt
|-damage|p1b: Garchomp|36/100
|faint|p1a: Mawile
|move|p2a: Incineroar|Flare Blitz|p1b: Garchomp
|-resisted|p1b: Garchomp|1
|-damage|p1b: Garchomp|3/100
|-damage|p2a: Incineroar|39/100|[from] ability: Rough Skin|[of] p1b: Garchomp
|-enditem|p2a: Incineroar|Sitrus Berry|[eat]
|-heal|p2a: Incineroar|63/100|[from] item: Sitrus Berry
|-damage|p2a: Incineroar|53/100|[from] Recoil
|
|-weather|SunnyDay|[upkeep]
|upkeep
|turn|9
|
|t:|1784695228
|move|p2b: Charizard|Protect|p2b: Charizard
|-singleturn|p2b: Charizard|Protect
|move|p1b: Garchomp|Rock Slide|p2a: Incineroar|[spread] p2a
|-activate|p2b: Charizard|move: Protect
|-supereffective|p2a: Incineroar|1
|-damage|p2a: Incineroar|26/100
|-damage|p1b: Garchomp|0 fnt|[from] item: Life Orb
|faint|p1b: Garchomp
|
|win|SneakerHead44
|raw|akasia's rating: 1137 → 1112(-25 for losing)
|raw|SneakerHead44's rating: 1131 → 1156(+25 for winning)
