|j|☆laggd
|j|☆anderish
|html|laggdanderish    
|uhtml|bestof|Game 3 of a best-of-3
|t:|1786134179
|gametype|doubles
|player|p1|laggd|gambler|
|player|p2|anderish|hiker-gen4|
|gen|9
|tier|[Gen 9 Champions] VGC 2026 Reg M-B (Bo3)
|rule|Species Clause: Limit one of each Pokémon
|rule|Item Clause: Limit 1 of each item
|clearpoke
|poke|p1|Dragonite, L50, M|
|poke|p1|Pelipper, L50, F, shiny|
|poke|p1|Scrafty, L50, F|
|poke|p1|Scizor, L50, M|
|poke|p1|Maushold-Four, L50|
|poke|p1|Empoleon, L50, M|
|poke|p2|Aegislash, L50, M|
|poke|p2|Grimmsnarl, L50, M|
|poke|p2|Volcarona, L50, F|
|poke|p2|Gardevoir, L50, F|
|poke|p2|Luxray, L50, M|
|poke|p2|Clawitzer, L50, M|
|teampreview|4
|showteam|p1|Dragonite||Dragoninite|InnerFocus|Tailwind,Protect,Hurricane,DragonPulse|Timid||M|||50|]Pelipper||DampRock|Drizzle|WeatherBall,Hurricane,Protect,Tailwind|Modest||F|||50|]Scrafty||KingsRock|Intimidate|FakeOut,Protect,CloseCombat,KnockOff|Adamant||F|||50|]Scizor||LifeOrb|Technician|BulletPunch,Protect,CloseCombat,SwordsDance|Adamant||M|||50|]Maushold-Four||FocusSash|FriendGuard|FollowMe,Protect,SuperFang,PopulationBomb|Jolly|||||50|]Empoleon||Leftovers|Competitive|Protect,Surf,VacuumWave,FlashCannon|Modest||M|||50|
|showteam|p2|Aegislash||Leftovers|StanceChange|Substitute,ShadowSneak,KingsShield,ShadowBall|Calm||M|||50|]Grimmsnarl||LightClay|Prankster|Reflect,LightScreen,SpiritBreak,PartingShot|Careful||M|||50|]Volcarona||LifeOrb|FlameBody|GigaDrain,FieryDance,StruggleBug,Protect|Timid||F|||50|]Gardevoir||Gardevoirite|Trace|HyperVoice,Psyshock,CalmMind,Protect|Timid||F|||50|]Luxray||ShucaBerry|Intimidate|SupercellSlam,PlayRough,Trailblaze,Protect|Adamant||M|||50|]Clawitzer||ExpertBelt|MegaLauncher|WaterPulse,DragonPulse,AuraSphere,DarkPulse|Modest||M|||50|
|
|t:|1786134226
|teamsize|p1|4
|teamsize|p2|4
|start
|switch|p1a: Helium|Maushold-Four, L50|100/100
|switch|p1b: Radon|Scrafty, L50, F|100/100
|switch|p2a: Luxray|Luxray, L50, M|100/100
|switch|p2b: Clawitzer|Clawitzer, L50, M|100/100
|-ability|p2a: Luxray|Intimidate|boost
|-unboost|p1a: Helium|atk|1
|-unboost|p1b: Radon|atk|1
|-ability|p1b: Radon|Intimidate|boost
|-unboost|p2a: Luxray|atk|1
|-unboost|p2b: Clawitzer|atk|1
|turn|1
|
|t:|1786134259
|switch|p2a: Grimmsnarl|Grimmsnarl, L50, M|100/100
|move|p1b: Radon|Fake Out|p2b: Clawitzer
|-damage|p2b: Clawitzer|91/100
|move|p1a: Helium|Follow Me|p1a: Helium
|-singleturn|p1a: Helium|move: Follow Me
|cant|p2b: Clawitzer|flinch
|
|upkeep
|turn|2
|
|t:|1786134288
|switch|p2b: Luxray|Luxray, L50, M|100/100
|-ability|p2b: Luxray|Intimidate|boost
|-unboost|p1a: Helium|atk|1
|-unboost|p1b: Radon|atk|1
|move|p1a: Helium|Follow Me|p1a: Helium
|-singleturn|p1a: Helium|move: Follow Me
|move|p2a: Grimmsnarl|Reflect|p2a: Grimmsnarl
|-sidestart|p2: anderish|Reflect
|move|p1b: Radon|Knock Off|p2a: Grimmsnarl
|-resisted|p2a: Grimmsnarl|2
|-crit|p2a: Grimmsnarl
|-damage|p2a: Grimmsnarl|80/100
|-enditem|p2a: Grimmsnarl|Light Clay|[from] move: Knock Off|[of] p1b: Radon
|
|upkeep
|turn|3
|
|t:|1786134321
|switch|p2b: Clawitzer|Clawitzer, L50, M|91/100
|move|p1b: Radon|Protect|p1b: Radon
|-singleturn|p1b: Radon|Protect
|move|p2a: Grimmsnarl|Light Screen|p2a: Grimmsnarl
|-sidestart|p2: anderish|move: Light Screen
|move|p1a: Helium|Super Fang|p2a: Grimmsnarl
|-damage|p2a: Grimmsnarl|40/100
|
|upkeep
|turn|4
|
|t:|1786134371
|move|p2a: Grimmsnarl|Parting Shot|p1a: Helium
|-unboost|p1a: Helium|atk|1
|-unboost|p1a: Helium|spa|1
|
|t:|1786134376
|switch|p2a: Luxray|Luxray, L50, M|100/100|[from] Parting Shot
|-ability|p2a: Luxray|Intimidate|boost
|-unboost|p1a: Helium|atk|1
|-unboost|p1b: Radon|atk|1
|move|p1a: Helium|Super Fang|p2b: Clawitzer
|-damage|p2b: Clawitzer|45/100
|move|p2b: Clawitzer|Aura Sphere|p1b: Radon
|-supereffective|p1b: Radon|1
|-damage|p1b: Radon|26/100
|move|p1b: Radon|Knock Off|p2b: Clawitzer
|-damage|p2b: Clawitzer|32/100
|-enditem|p2b: Clawitzer|Expert Belt|[from] move: Knock Off|[of] p1b: Radon
|
|upkeep
|turn|5
|
|t:|1786134398
|switch|p1b: Argon|Dragonite, L50, M|100/100
|move|p1a: Helium|Follow Me|p1a: Helium
|-singleturn|p1a: Helium|move: Follow Me
|move|p2a: Luxray|Play Rough|p1a: Helium
|-damage|p1a: Helium|50/100g
|move|p2b: Clawitzer|Aura Sphere|p1a: Helium
|-supereffective|p1a: Helium|1
|-damage|p1a: Helium|0 fnt
|faint|p1a: Helium
|
|upkeep
|
|t:|1786134409
|switch|p1a: Radon|Scrafty, L50, F|26/100
|-ability|p1a: Radon|Intimidate|boost
|-unboost|p2a: Luxray|atk|1
|-unboost|p2b: Clawitzer|atk|1
|turn|6
|
|t:|1786134459
|switch|p2a: Grimmsnarl|Grimmsnarl, L50, M|40/100
|detailschange|p1b: Argon|Dragonite-Mega, L50, M
|-mega|p1b: Argon|Dragonite|Dragoninite
|move|p1a: Radon|Fake Out|p2a: Grimmsnarl
|-damage|p2a: Grimmsnarl|30/100
|move|p1b: Argon|Hurricane|p2b: Clawitzer
|-damage|p2b: Clawitzer|0 fnt
|faint|p2b: Clawitzer
|
|upkeep
|
|t:|1786134472
|switch|p2b: Gardevoir|Gardevoir, L50, F|100/100
|-ability|p2b: Gardevoir|Multiscale|Trace|[from] ability: Trace|[of] p1b: Argon
|turn|7
|
|t:|1786134494
|detailschange|p2b: Gardevoir|Gardevoir-Mega, L50, F
|-mega|p2b: Gardevoir|Gardevoir|Gardevoirite
|move|p1a: Radon|Protect|p1a: Radon
|-singleturn|p1a: Radon|Protect
|move|p2a: Grimmsnarl|Parting Shot|p1b: Argon
|-unboost|p1b: Argon|atk|1
|-unboost|p1b: Argon|spa|1
|
|t:|1786134501
|switch|p2a: Luxray|Luxray, L50, M|100/100|[from] Parting Shot
|-ability|p2a: Luxray|Intimidate|boost
|-unboost|p1a: Radon|atk|1
|-unboost|p1b: Argon|atk|1
|move|p1b: Argon|Hurricane|p2a: Luxray
|-resisted|p2a: Luxray|1
|-damage|p2a: Luxray|84/100
|-start|p2a: Luxray|confusion
|move|p2b: Gardevoir|Hyper Voice|p1b: Argon|[spread] p1b
|-activate|p1a: Radon|move: Protect
|-supereffective|p1b: Argon|1
|-damage|p1b: Argon|57/100
|
|-sideend|p2: anderish|move: Light Screen
|upkeep
|turn|8
|
|t:|1786134525
|switch|p1a: Neon|Pelipper, L50, F, shiny|100/100
|-weather|RainDance|[from] ability: Drizzle|[of] p1a: Neon
|move|p1b: Argon|Protect|p1b: Argon
|-singleturn|p1b: Argon|Protect
|move|p2b: Gardevoir|Hyper Voice|p1a: Neon|[spread] p1a
|-activate|p1b: Argon|move: Protect
|-damage|p1a: Neon|8/100
|-activate|p2a: Luxray|confusion
|move|p2a: Luxray|Play Rough|p1a: Neon
|-damage|p1a: Neon|0 fnt
|faint|p1a: Neon
|
|-weather|RainDance|[upkeep]
|upkeep
|
|t:|1786134538
|switch|p1a: Radon|Scrafty, L50, F|26/100
|-ability|p1a: Radon|Intimidate|boost
|-unboost|p2a: Luxray|atk|1
|-unboost|p2b: Gardevoir|atk|1
|turn|9
|
|t:|1786134561
|move|p1a: Radon|Fake Out|p2b: Gardevoir
|-damage|p2b: Gardevoir|86/100
|move|p1b: Argon|Hurricane|p2b: Gardevoir
|-damage|p2b: Gardevoir|49/100
|cant|p2b: Gardevoir|flinch
|-end|p2a: Luxray|confusion
|move|p2a: Luxray|Play Rough|p1b: Argon
|-supereffective|p1b: Argon|1
|-damage|p1b: Argon|17/100
|
|-weather|RainDance|[upkeep]
|-sideend|p2: anderish|Reflect
|upkeep
|turn|10
|
|t:|1786134584
|move|p1b: Argon|Protect|p1b: Argon
|-singleturn|p1b: Argon|Protect
|move|p2b: Gardevoir|Hyper Voice|p1b: Argon|[spread] p1a
|-activate|p1b: Argon|move: Protect
|-supereffective|p1a: Radon|2
|-damage|p1a: Radon|0 fnt
|faint|p1a: Radon
|move|p2a: Luxray|Play Rough|p1b: Argon
|-activate|p1b: Argon|move: Protect
|
|-weather|RainDance|[upkeep]
|upkeep
|turn|11
|c|☆laggd|ay gg bro
|c|☆anderish|GG
|
|t:|1786134601
|move|p1b: Argon|Hurricane|p2b: Gardevoir
|-damage|p2b: Gardevoir|10/100
|move|p2b: Gardevoir|Hyper Voice|p1b: Argon
|-supereffective|p1b: Argon|1
|-damage|p1b: Argon|0 fnt
|faint|p1b: Argon
|
|win|anderish
