|j|☆santigor
|j|☆benjitulio
|html|santigorbenjitulio    
|uhtml|bestof|Game 3 of a best-of-3
|t:|1783378216
|gametype|doubles
|player|p1|santigor|266|1052
|player|p2|benjitulio|wattson|1106
|gen|9
|tier|[Gen 9 Champions] VGC 2026 Reg M-B (Bo3)
|rated|
|rule|Species Clause: Limit one of each Pokémon
|rule|Item Clause: Limit 1 of each item
|clearpoke
|poke|p1|Delphox, L50, F|
|poke|p1|Incineroar, L50, F|
|poke|p1|Kingambit, L50, M|
|poke|p1|Sneasler, L50, F|
|poke|p1|Sinistcha, L50|
|poke|p1|Basculegion, L50, M|
|poke|p2|Maushold-Four, L50|
|poke|p2|Incineroar, L50, M|
|poke|p2|Metagross, L50|
|poke|p2|Aerodactyl, L50, M|
|poke|p2|Primarina, L50, M|
|poke|p2|Sinistcha, L50|
|teampreview|4
|showteam|p1|Delphox||Delphoxite|Blaze|HeatWave,NastyPlot,Protect,Psyshock|Timid||F|||50|]Incineroar||SitrusBerry|Blaze|FakeOut,PartingShot,FlareBlitz,DarkestLariat|Adamant||F|||50|]Kingambit||ChopleBerry|Defiant|IronHead,SuckerPunch,KowtowCleave,Protect|Adamant||M|||50|]Sneasler||FocusSash|Pressure|Protect,CloseCombat,FakeOut,DireClaw|Serious||F|||50|]Sinistcha||CobaBerry|Hospitality|MatchaGotcha,Protect,RagePowder,TrickRoom|Bold|||||50|]Basculegion||ChoiceScarf|SwiftSwim|LastRespects,WaveCrash,AquaJet,FlipTurn|Jolly||M|||50|
|showteam|p2|Maushold-Four||FocusSash|FriendGuard|FollowMe,RainDance,PopulationBomb,SuperFang|Jolly|||||50|]Incineroar||ChopleBerry|Intimidate|FakeOut,FlareBlitz,PartingShot,DarkestLariat|Impish||M|||50|]Metagross||Metagrossite|ClearBody|IronHead,Protect,PsychicFangs,Earthquake|Adamant|||||50|]Aerodactyl||Aerodactylite|Unnerve|RockSlide,Protect,Tailwind,IceFang|Jolly||M|||50|]Primarina||ChoiceScarf|LiquidVoice|HyperVoice,HydroPump,IcyWind,Moonblast|Modest||M|||50|]Sinistcha||Leftovers|Hospitality|MatchaGotcha,LifeDew,ShadowBall,RagePowder|Calm|||||50|
|inactive|Battle timer is ON: inactive players will automatically lose when time's up. (requested by santigor)
|
|t:|1783378250
|teamsize|p1|4
|teamsize|p2|4
|start
|switch|p1a: Sneasler|Sneasler, L50, F|100/100
|switch|p1b: Basculegion|Basculegion, L50, M|100/100
|switch|p2a: Primarina|Primarina, L50, M|100/100
|switch|p2b: Maushold|Maushold-Four, L50|100/100
|-ability|p1a: Sneasler|Pressure
|turn|1
|
|t:|1783378273
|switch|p2a: Incineroar|Incineroar, L50, M|100/100
|-ability|p2a: Incineroar|Intimidate|boost
|-unboost|p1a: Sneasler|atk|1
|-unboost|p1b: Basculegion|atk|1
|move|p1a: Sneasler|Fake Out|p2a: Incineroar
|-damage|p2a: Incineroar|93/100
|move|p1b: Basculegion|Wave Crash|p2b: Maushold
|-damage|p2b: Maushold|41/100
|-damage|p1b: Basculegion|85/100|[from] Recoil
|move|p2b: Maushold|Population Bomb|p1a: Sneasler
|-damage|p1a: Sneasler|87/100
|-damage|p1a: Sneasler|74/100
|-damage|p1a: Sneasler|62/100
|-damage|p1a: Sneasler|48/100
|-damage|p1a: Sneasler|36/100
|-hitcount|p1a: Sneasler|5
|
|upkeep
|turn|2
|inactive|benjitulio has 30 seconds left.
|inactive|benjitulio has 20 seconds left.
|inactive|benjitulio has 15 seconds left.
|
|t:|1783378315
|switch|p2b: Primarina|Primarina, L50, M|100/100
|switch|p2a: Sinistcha|Sinistcha, L50|100/100
|move|p1b: Basculegion|Wave Crash|p2a: Sinistcha
|-resisted|p2a: Sinistcha|1
|-damage|p2a: Sinistcha|83/100
|-damage|p1b: Basculegion|80/100|[from] Recoil
|move|p1a: Sneasler|Close Combat|p2b: Primarina
|-resisted|p2b: Primarina|1
|-damage|p2b: Primarina|71/100
|-unboost|p1a: Sneasler|def|1
|-unboost|p1a: Sneasler|spd|1
|
|-heal|p2a: Sinistcha|89/100|[from] item: Leftovers
|upkeep
|turn|3
|
|t:|1783378337
|switch|p1b: Delphox|Delphox, L50, F|100/100
|switch|p1a: Kingambit|Kingambit, L50, M|100/100
|move|p2a: Sinistcha|Rage Powder|p2a: Sinistcha
|-singleturn|p2a: Sinistcha|move: Rage Powder
|move|p2b: Primarina|Hyper Voice|p1b: Delphox|[spread] p1a,p1b
|-supereffective|p1b: Delphox|1
|-damage|p1a: Kingambit|64/100
|-damage|p1b: Delphox|13/100
|
|-heal|p2a: Sinistcha|95/100|[from] item: Leftovers
|upkeep
|turn|4
|inactive|benjitulio has 30 seconds left.
|
|t:|1783378367
|switch|p2a: Maushold|Maushold-Four, L50|41/100
|detailschange|p1b: Delphox|Delphox-Mega, L50, F
|-mega|p1b: Delphox|Delphox|Delphoxite
|move|p1b: Delphox|Psyshock|p2b: Primarina
|-damage|p2b: Primarina|17/100
|move|p2b: Primarina|Hyper Voice|p1b: Delphox|[spread] p1a,p1b
|-supereffective|p1b: Delphox|1
|-damage|p1a: Kingambit|27/100
|-damage|p1b: Delphox|0 fnt
|faint|p1b: Delphox
|move|p1a: Kingambit|Kowtow Cleave|p2a: Maushold
|-damage|p2a: Maushold|0 fnt
|faint|p2a: Maushold
|
|upkeep
|
|t:|1783378380
|switch|p1b: Sneasler|Sneasler, L50, F|36/100
|switch|p2a: Sinistcha|Sinistcha, L50|95/100
|-ability|p1b: Sneasler|Pressure
|-heal|p2b: Primarina|42/100|[from] ability: Hospitality|[of] p2a: Sinistcha
|turn|5
|
|t:|1783378404
|switch|p2b: Incineroar|Incineroar, L50, M|93/100
|-ability|p2b: Incineroar|Intimidate|boost
|-unboost|p1a: Kingambit|atk|1
|-ability|p1a: Kingambit|Defiant|boost
|-boost|p1a: Kingambit|atk|2
|-unboost|p1b: Sneasler|atk|1
|move|p1b: Sneasler|Fake Out|p2b: Incineroar
|-damage|p2b: Incineroar|85/100
|move|p2a: Sinistcha|Shadow Ball|p1b: Sneasler
|-damage|p1b: Sneasler|0 fnt
|faint|p1b: Sneasler
|move|p1a: Kingambit|Kowtow Cleave|p2a: Sinistcha
|-supereffective|p2a: Sinistcha|1
|-damage|p2a: Sinistcha|0 fnt
|faint|p2a: Sinistcha
|
|upkeep
|
|t:|1783378421
|switch|p1b: Basculegion|Basculegion, L50, M|80/100
|switch|p2a: Primarina|Primarina, L50, M|42/100
|turn|6
|inactive|benjitulio has 30 seconds left.
|
|t:|1783378452
|move|p1a: Kingambit|Sucker Punch|p2a: Primarina
|-resisted|p2a: Primarina|1
|-damage|p2a: Primarina|0 fnt
|faint|p2a: Primarina
|move|p1b: Basculegion|Wave Crash|p2b: Incineroar
|-supereffective|p2b: Incineroar|1
|-damage|p2b: Incineroar|0 fnt
|faint|p2b: Incineroar
|-damage|p1b: Basculegion|51/100|[from] Recoil
|
|win|santigor
|raw|santigor's rating: 1052 → 1089(+37 for winning)
|raw|benjitulio's rating: 1106 → 1077(-29 for losing)
