|j|☆feraligagor
|j|☆Jakobtc
|html|feraligagorJakobtc    
|uhtml|bestof|Game 2 of a best-of-3
|t:|1756575111
|gametype|doubles
|player|p1|feraligagor|pokemonbreederf-gen4|1079
|player|p2|Jakobtc|riley|1089
|gen|9
|tier|[Gen 9] VGC 2025 Reg H (Bo3)
|rated|
|rule|Species Clause: Limit one of each Pokémon
|rule|Item Clause: Limit 1 of each item
|clearpoke
|poke|p1|Primarina, L50, F|
|poke|p1|Typhlosion-Hisui, L50, F|
|poke|p1|Ursaluna-Bloodmoon, L50, M|
|poke|p1|Porygon2, L50|
|poke|p1|Incineroar, L50, M|
|poke|p1|Amoonguss, L50, F|
|poke|p2|Whimsicott, L50, M|
|poke|p2|Typhlosion-Hisui, L50, M|
|poke|p2|Ursaluna-Bloodmoon, L50, M|
|poke|p2|Farigiraf, L50, M|
|poke|p2|Kingambit, L50, F|
|poke|p2|Clefairy, L50, M|
|teampreview|4
|showteam|p1|Primarina||ThroatSpray|LiquidVoice|HyperVoice,Moonblast,Haze,Protect|||F|||50|,,,,,Water]Typhlosion-Hisui||ChoiceSpecs|Blaze|Eruption,ShadowBall,HeatWave,FocusBlast|||F|||50|,,,,,Fire]Ursaluna-Bloodmoon||Leftovers|MindsEye|BloodMoon,HyperVoice,EarthPower,Protect|||M|||50|,,,,,Ground]Porygon2||Eviolite|Download|TrickRoom,Recover,FoulPlay,IceBeam||||||50|,,,,,Normal]Incineroar||SafetyGoggles|Intimidate|FakeOut,PartingShot,FlareBlitz,KnockOff|||M|||50|,,,,,Fire]Amoonguss||RockyHelmet|Regenerator|Spore,RagePowder,PollenPuff,Protect|||F|||50|,,,,,Grass
|showteam|p2|Whimsicott||CovertCloak|Prankster|Moonblast,Tailwind,SunnyDay,MistyTerrain|||M|||50|,,,,,Dark]Typhlosion-Hisui||ChoiceSpecs|Blaze|Eruption,HeatWave,ShadowBall,Overheat|||M|||50|,,,,,Fire]Ursaluna-Bloodmoon||LifeOrb|MindsEye|BloodMoon,HyperVoice,EarthPower,Protect|||M|||50|,,,,,Normal]Farigiraf||ThroatSpray|ArmorTail|HyperVoice,Psychic,TrickRoom,Protect|||M|||50|,,,,,Fire]Kingambit||AssaultVest|Defiant|KowtowCleave,SuckerPunch,IronHead,TeraBlast|||F|||50|,,,,,Fairy]Clefairy||Eviolite|FriendGuard|FollowMe,HelpingHand,AfterYou,Protect|||M|||50|,,,,,Water
|
|t:|1756575127
|teamsize|p1|4
|teamsize|p2|4
|start
|switch|p1a: Porygon2|Porygon2, L50, shiny|100/100
|switch|p1b: Incineroar|Incineroar, L50, M, shiny|100/100
|switch|p2a: Ursaluna|Ursaluna-Bloodmoon, L50, M|100/100
|switch|p2b: Clefairy|Clefairy, L50, M|100/100
|-ability|p1b: Incineroar|Intimidate|boost
|-unboost|p2a: Ursaluna|atk|1
|-unboost|p2b: Clefairy|atk|1
|-ability|p1a: Porygon2|Download|boost
|-boost|p1a: Porygon2|spa|1
|turn|1
|
|t:|1756575149
|switch|p2b: Farigiraf|Farigiraf, L50, M|100/100
|-terastallize|p2a: Ursaluna|Normal
|move|p1b: Incineroar|Fake Out||[still]
|cant|p2b: Farigiraf|ability: Armor Tail|Fake Out|[of] p1b: Incineroar
|move|p2a: Ursaluna|Blood Moon|p1b: Incineroar
|-damage|p1b: Incineroar|10/100
|-damage|p2a: Ursaluna|91/100|[from] item: Life Orb
|move|p1a: Porygon2|Trick Room|p1a: Porygon2
|-fieldstart|move: Trick Room|[of] p1a: Porygon2
|
|upkeep
|turn|2
|
|t:|1756575175
|move|p2b: Farigiraf|Protect|p2b: Farigiraf
|-singleturn|p2b: Farigiraf|Protect
|move|p1a: Porygon2|Ice Beam|p2a: Ursaluna
|-damage|p2a: Ursaluna|55/100
|move|p1b: Incineroar|Knock Off|p2a: Ursaluna
|-damage|p2a: Ursaluna|27/100
|-enditem|p2a: Ursaluna|Life Orb|[from] move: Knock Off|[of] p1b: Incineroar
|move|p2a: Ursaluna|Hyper Voice|p1b: Incineroar|[spread] p1a,p1b
|-damage|p1a: Porygon2|67/100
|-damage|p1b: Incineroar|0 fnt
|faint|p1b: Incineroar
|
|upkeep
|
|t:|1756575189
|switch|p1b: Primarina|Primarina, L50, F, shiny|100/100
|turn|3
|
|t:|1756575199
|switch|p2a: Clefairy|Clefairy, L50, M|100/100
|-terastallize|p1b: Primarina|Water
|move|p1a: Porygon2|Ice Beam|p2a: Clefairy
|-damage|p2a: Clefairy|78/100
|move|p1b: Primarina|Hyper Voice|p2b: Farigiraf|[spread] p2a,p2b
|-damage|p2a: Clefairy|48/100
|-damage|p2b: Farigiraf|73/100
|-enditem|p1b: Primarina|Throat Spray
|-boost|p1b: Primarina|spa|1|[from] item: Throat Spray
|move|p2b: Farigiraf|Hyper Voice|p1a: Porygon2|[spread] p1a,p1b
|-damage|p1a: Porygon2|48/100
|-damage|p1b: Primarina|80/100
|-enditem|p2b: Farigiraf|Throat Spray
|-boost|p2b: Farigiraf|spa|1|[from] item: Throat Spray
|
|upkeep
|turn|4
|inactive|Battle timer is ON: inactive players will automatically lose when time's up. (requested by Jakobtc)
|
|t:|1756575213
|move|p2a: Clefairy|Protect|p2a: Clefairy
|-singleturn|p2a: Clefairy|Protect
|move|p2b: Farigiraf|Protect|p2b: Farigiraf
|-singleturn|p2b: Farigiraf|Protect
|move|p1a: Porygon2|Recover|p1a: Porygon2
|-heal|p1a: Porygon2|98/100
|move|p1b: Primarina|Hyper Voice|p2b: Farigiraf|[spread] 
|-activate|p2a: Clefairy|move: Protect
|-activate|p2b: Farigiraf|move: Protect
|
|upkeep
|turn|5
|
|t:|1756575233
|move|p2a: Clefairy|Follow Me|p2a: Clefairy
|-singleturn|p2a: Clefairy|move: Follow Me
|move|p1a: Porygon2|Foul Play|p2a: Clefairy
|-resisted|p2a: Clefairy
|-damage|p2a: Clefairy|44/100
|move|p1b: Primarina|Hyper Voice|p2a: Clefairy|[spread] p2a,p2b
|-damage|p2a: Clefairy|0 fnt
|-damage|p2b: Farigiraf|28/100
|faint|p2a: Clefairy
|move|p2b: Farigiraf|Hyper Voice|p1b: Primarina|[spread] p1a,p1b
|-damage|p1a: Porygon2|70/100
|-damage|p1b: Primarina|49/100
|
|-fieldend|move: Trick Room
|upkeep
|
|t:|1756575252
|switch|p2a: Ursaluna|Ursaluna-Bloodmoon, L50, M, tera:Normal|27/100
|turn|6
|
|t:|1756575272
|move|p2a: Ursaluna|Hyper Voice|p1b: Primarina|[spread] p1a,p1b
|-damage|p1a: Porygon2|33/100
|-damage|p1b: Primarina|16/100
|move|p2b: Farigiraf|Hyper Voice|p1a: Porygon2|[spread] p1a,p1b
|-crit|p1a: Porygon2
|-damage|p1a: Porygon2|0 fnt
|-damage|p1b: Primarina|0 fnt
|faint|p1a: Porygon2
|faint|p1b: Primarina
|
|upkeep
|
|t:|1756575279
|switch|p1a: Ursaluna|Ursaluna-Bloodmoon, L50, M|100/100
|turn|7
|
|t:|1756575283
|move|p2a: Ursaluna|Blood Moon|p1a: Ursaluna
|-damage|p1a: Ursaluna|0 fnt
|faint|p1a: Ursaluna
|
|win|Jakobtc
||feraligagor is ready for game 3.
