|j|☆A Regu1ar Guy
|j|☆ronansting
|html|A Regu1ar Guyronansting    
|uhtml|bestof|Game 3 of a best-of-3
|t:|1754510431
|gametype|doubles
|player|p1|A Regu1ar Guy|elesa|1283
|player|p2|ronansting|baker|1331
|gen|9
|tier|[Gen 9] VGC 2025 Reg H (Bo3)
|rated|
|rule|Species Clause: Limit one of each Pokémon
|rule|Item Clause: Limit 1 of each item
|clearpoke
|poke|p1|Volcarona, L50, M|
|poke|p1|Rillaboom, L50, F|
|poke|p1|Electabuzz, L50, F|
|poke|p1|Tauros-Paldea-Aqua, L50, M|
|poke|p1|Kingambit, L50, M|
|poke|p1|Dragonite, L50, M|
|poke|p2|Archaludon, L50, F|
|poke|p2|Pelipper, L50, M|
|poke|p2|Indeedee, L50, M|
|poke|p2|Amoonguss, L50, F|
|poke|p2|Basculegion, L50, M|
|poke|p2|Hydreigon, L50, F|
|teampreview|4
|showteam|p1|Volcarona||GrassySeed|FlameBody|FieryDance,GigaDrain,QuiverDance,Protect|||M|||50|,,,,,Grass]Rillaboom||AssaultVest|GrassySurge|FakeOut,WoodHammer,GrassyGlide,HighHorsepower|||F|||50|,,,,,Fire]Electabuzz||Eviolite|VitalSpirit|Thunderbolt,FollowMe,Taunt,Protect|||F|||50|,,,,,Ghost]Tauros-Paldea-Aqua||MirrorHerb|Intimidate|WaveCrash,CloseCombat,AquaJet,Protect|||M|||50|,,,,,Water]Kingambit||BlackGlasses|Defiant|KowtowCleave,SuckerPunch,Protect,SwordsDance|||M|||50|,,,,,Dark]Dragonite||LoadedDice|Multiscale|Protect,ScaleShot,Tailwind,Haze|||M|||50|,,,,,Fairy
|showteam|p2|Archaludon||AssaultVest|Stamina|ElectroShot,DracoMeteor,BodyPress,FlashCannon|||F|||50|,,,,,Grass]Pelipper||FocusSash|Drizzle|WeatherBall,Hurricane,Tailwind,Protect|||M|||50|,,,,,Ghost]Indeedee||ChoiceScarf|PsychicSurge|ExpandingForce,TeraBlast,Trick,DazzlingGleam|||M|||50|,,,,,Ground]Amoonguss||SitrusBerry|Regenerator|Spore,SludgeBomb,Protect,RagePowder|||F|||50|,,,,,Water]Basculegion||ChoiceBand|SwiftSwim|FlipTurn,WaveCrash,LastRespects,AquaJet|||M|||50|,,,,,Poison]Hydreigon||CovertCloak|Levitate|Taunt,Snarl,DracoMeteor,EarthPower|||F|||50|,,,,,Fairy
|
|t:|1754510462
|teamsize|p1|4
|teamsize|p2|4
|start
|switch|p1a: Tauros|Tauros-Paldea-Aqua, L50, M|100/100
|switch|p1b: Dragonite|Dragonite, L50, M|100/100
|switch|p2a: Smellypper|Pelipper, L50, M|100/100
|switch|p2b: Empire|Basculegion, L50, M|100/100
|-ability|p1a: Tauros|Intimidate|boost
|-unboost|p2a: Smellypper|atk|1
|-unboost|p2b: Empire|atk|1
|-weather|RainDance|[from] ability: Drizzle|[of] p2a: Smellypper
|turn|1
|
|t:|1754510473
|move|p2a: Smellypper|Protect|p2a: Smellypper
|-singleturn|p2a: Smellypper|Protect
|move|p1a: Tauros|Aqua Jet|p2a: Smellypper
|-activate|p2a: Smellypper|move: Protect
|move|p2b: Empire|Flip Turn|p1b: Dragonite
|-resisted|p1b: Dragonite
|-damage|p1b: Dragonite|89/100
|
|t:|1754510481
|switch|p2b: Schmooner|Amoonguss, L50, F|100/100|[from] Flip Turn
|move|p1b: Dragonite|Scale Shot|p2a: Smellypper
|-activate|p2a: Smellypper|move: Protect
|
|-weather|RainDance|[upkeep]
|upkeep
|turn|2
|
|t:|1754510505
|switch|p2a: Arching|Archaludon, L50, F|100/100
|-terastallize|p1a: Tauros|Water
|move|p1a: Tauros|Wave Crash|p2b: Schmooner
|-resisted|p2b: Schmooner
|-damage|p2b: Schmooner|51/100
|-damage|p1a: Tauros|76/100|[from] Recoil
|move|p1b: Dragonite|Scale Shot|p2b: Schmooner
|-damage|p2b: Schmooner|37/100
|-enditem|p2b: Schmooner|Sitrus Berry|[eat]
|-heal|p2b: Schmooner|62/100|[from] item: Sitrus Berry
|-damage|p2b: Schmooner|50/100
|-damage|p2b: Schmooner|38/100
|-damage|p2b: Schmooner|25/100
|-hitcount|p2b: Schmooner|4
|-unboost|p1b: Dragonite|def|1
|-boost|p1b: Dragonite|spe|1
|move|p2b: Schmooner|Spore|p1a: Tauros
|-status|p1a: Tauros|slp|[from] move: Spore
|
|-weather|RainDance|[upkeep]
|upkeep
|turn|3
|
|t:|1754510531
|move|p2b: Schmooner|Protect|p2b: Schmooner
|-singleturn|p2b: Schmooner|Protect
|move|p1b: Dragonite|Scale Shot|p2b: Schmooner
|-activate|p2b: Schmooner|move: Protect
|cant|p1a: Tauros|slp
|move|p2a: Arching|Draco Meteor|p1b: Dragonite
|-supereffective|p1b: Dragonite
|-damage|p1b: Dragonite|0 fnt
|-unboost|p2a: Arching|spa|2
|faint|p1b: Dragonite
|
|-weather|RainDance|[upkeep]
|upkeep
|
|t:|1754510534
|switch|p1b: Kingambit|Kingambit, L50, M|100/100
|turn|4
|
|t:|1754510543
|switch|p2b: Smellypper|Pelipper, L50, M|100/100
|-terastallize|p2a: Arching|Grass
|-curestatus|p1a: Tauros|slp|[msg]
|move|p1a: Tauros|Wave Crash|p2b: Smellypper
|-resisted|p2b: Smellypper
|-damage|p2b: Smellypper|32/100
|-damage|p1a: Tauros|56/100|[from] Recoil
|move|p2a: Arching|Electro Shot||[still]
|-prepare|p2a: Arching|Electro Shot
|-boost|p2a: Arching|spa|1
|-anim|p2a: Arching|Electro Shot|p1a: Tauros
|-supereffective|p1a: Tauros
|-damage|p1a: Tauros|0 fnt
|faint|p1a: Tauros
|move|p1b: Kingambit|Swords Dance|p1b: Kingambit
|-boost|p1b: Kingambit|atk|2
|
|-weather|RainDance|[upkeep]
|upkeep
|
|t:|1754510549
|switch|p1a: Rillaboom|Rillaboom, L50, F|100/100
|-fieldstart|move: Grassy Terrain|[from] ability: Grassy Surge|[of] p1a: Rillaboom
|turn|5
|
|t:|1754510581
|switch|p2b: Schmooner|Amoonguss, L50, F|58/100
|move|p1a: Rillaboom|Grassy Glide|p2b: Schmooner
|-resisted|p2b: Schmooner
|-damage|p2b: Schmooner|51/100
|move|p2a: Arching|Body Press|p1b: Kingambit
|-supereffective|p1b: Kingambit
|-damage|p1b: Kingambit|33/100
|move|p1b: Kingambit|Kowtow Cleave|p2a: Arching
|-damage|p2a: Arching|16/100
|-ability|p2a: Arching|Stamina|boost
|-boost|p2a: Arching|def|1
|
|-weather|none
|-heal|p2a: Arching|22/100|[from] Grassy Terrain
|-heal|p1b: Kingambit|39/100|[from] Grassy Terrain
|-heal|p2b: Schmooner|57/100|[from] Grassy Terrain
|upkeep
|turn|6
|
|t:|1754510616
|switch|p2a: Smellypper|Pelipper, L50, M|32/100
|-weather|RainDance|[from] ability: Drizzle|[of] p2a: Smellypper
|move|p1b: Kingambit|Protect|p1b: Kingambit
|-singleturn|p1b: Kingambit|Protect
|move|p2b: Schmooner|Protect|p2b: Schmooner
|-singleturn|p2b: Schmooner|Protect
|move|p1a: Rillaboom|Wood Hammer|p2a: Smellypper
|-damage|p2a: Smellypper|0 fnt
|faint|p2a: Smellypper
|-damage|p1a: Rillaboom|94/100|[from] Recoil
|
|-weather|RainDance|[upkeep]
|-heal|p1a: Rillaboom|99/100|[from] Grassy Terrain
|-heal|p1b: Kingambit|44/100|[from] Grassy Terrain
|-heal|p2b: Schmooner|62/100|[from] Grassy Terrain
|upkeep
|
|t:|1754510629
|switch|p2a: Arching|Archaludon, L50, F, tera:Grass|22/100
|turn|7
|c|☆ronansting|snap
|c|☆ronansting|went the wrong mon
|c|☆ronansting|gg
|
|t:|1754510663
|move|p1b: Kingambit|Protect|p1b: Kingambit
|-singleturn|p1b: Kingambit|Protect
|move|p2a: Arching|Body Press|p1b: Kingambit
|-activate|p1b: Kingambit|move: Protect
|move|p1a: Rillaboom|Wood Hammer|p2a: Arching
|-resisted|p2a: Arching
|-damage|p2a: Arching|0 fnt
|faint|p2a: Arching
|-damage|p1a: Rillaboom|93/100|[from] Recoil
|move|p2b: Schmooner|Spore|p1b: Kingambit
|-activate|p1b: Kingambit|move: Protect
|
|-weather|RainDance|[upkeep]
|-heal|p1a: Rillaboom|99/100|[from] Grassy Terrain
|-heal|p1b: Kingambit|50/100|[from] Grassy Terrain
|-heal|p2b: Schmooner|68/100|[from] Grassy Terrain
|upkeep
|
|t:|1754510666
|switch|p2a: Empire|Basculegion, L50, M|100/100
|turn|8
|c|☆A Regu1ar Guy|Nah you could win it
|c|☆ronansting|didn't even make a mistake lol
|c|☆ronansting|forgot arch was faster
|
|t:|1754510709
|move|p2b: Schmooner|Rage Powder|p2b: Schmooner
|-singleturn|p2b: Schmooner|move: Rage Powder
|move|p1a: Rillaboom|Grassy Glide|p2a: Empire
|-supereffective|p2a: Empire
|-damage|p2a: Empire|8/100
|move|p2a: Empire|Wave Crash|p1b: Kingambit
|-damage|p1b: Kingambit|0 fnt
|faint|p1b: Kingambit
|-damage|p2a: Empire|0 fnt|[from] Recoil
|faint|p2a: Empire
|
|-weather|RainDance|[upkeep]
|-heal|p1a: Rillaboom|100/100|[from] Grassy Terrain
|-heal|p2b: Schmooner|74/100|[from] Grassy Terrain
|upkeep
|turn|9
|
|t:|1754510723
|move|p1a: Rillaboom|High Horsepower|p2b: Schmooner
|-damage|p2b: Schmooner|47/100
|move|p2b: Schmooner|Sludge Bomb|p1a: Rillaboom
|-supereffective|p1a: Rillaboom
|-crit|p1a: Rillaboom
|-damage|p1a: Rillaboom|42/100
|
|-weather|RainDance|[upkeep]
|-heal|p1a: Rillaboom|47/100|[from] Grassy Terrain
|-heal|p2b: Schmooner|53/100|[from] Grassy Terrain
|-fieldend|move: Grassy Terrain
|upkeep
|turn|10
|
|t:|1754510731
|move|p1a: Rillaboom|High Horsepower|p2b: Schmooner
|-damage|p2b: Schmooner|26/100
|move|p2b: Schmooner|Sludge Bomb|p1a: Rillaboom
|-supereffective|p1a: Rillaboom
|-damage|p1a: Rillaboom|12/100
|
|-weather|none
|upkeep
|turn|11
|
|t:|1754510741
|move|p1a: Rillaboom|High Horsepower|p2b: Schmooner
|-damage|p2b: Schmooner|0 fnt
|faint|p2b: Schmooner
|
|win|A Regu1ar Guy
|raw|A Regu1ar Guy's rating: 1283 → 1311(+28 for winning)
|raw|ronansting's rating: 1331 → 1308(-23 for losing)
|c|☆ronansting|gg
|c|☆A Regu1ar Guy|ggs lad
|c|☆A Regu1ar Guy|Perhaps I should change glasses to goggles
|c|☆ronansting|i guess double protect lost me
|c|☆ronansting|if you are not using ebuzz yeah
|c|☆ronansting|tho ebuzz + gambit is just really good vs arch teams
|c|☆ronansting|they can't really deal with it well
|c|☆ronansting|surprised you didn't use it
