|j|☆herlum
|j|☆Capravolante97
|html|herlumCapravolante97    
|uhtml|bestof|Game 2 of a best-of-3
|t:|1756413859
|gametype|doubles
|player|p1|herlum|169|1278
|player|p2|Capravolante97|fantina|1428
|gen|9
|tier|[Gen 9] VGC 2025 Reg H (Bo3)
|rated|
|rule|Species Clause: Limit one of each Pokémon
|rule|Item Clause: Limit 1 of each item
|clearpoke
|poke|p1|Kingambit, L50, F|
|poke|p1|Volcarona, L50, F|
|poke|p1|Ursaluna-Bloodmoon, L50, M|
|poke|p1|Sneasler, L50, F|
|poke|p1|Rillaboom, L50, M|
|poke|p1|Farigiraf, L50, M|
|poke|p2|Whimsicott, L50, F|
|poke|p2|Meowscarada, L50, M|
|poke|p2|Indeedee, L50, M|
|poke|p2|Sneasler, L50, F|
|poke|p2|Ursaluna-Bloodmoon, L50, M|
|poke|p2|Archaludon, L50, M|
|teampreview|4
|showteam|p1|Kingambit||SafetyGoggles|Defiant|SwordsDance,SuckerPunch,KowtowCleave,Protect|||F|||50|,,,,,Dark]Volcarona||CovertCloak|FlameBody|RagePowder,FieryDance,Tailwind,StruggleBug|||F|||50|,,,,,Fairy]Ursaluna-Bloodmoon||LifeOrb|MindsEye|BloodMoon,HyperVoice,EarthPower,Protect|||M|||50|,,,,,Normal]Sneasler||GrassySeed|Unburden|DireClaw,CloseCombat,Acrobatics,Protect|||F|||50|,,,,,Flying]Rillaboom||AssaultVest|GrassySurge|WoodHammer,Uturn,GrassyGlide,FakeOut|||M|||50|,,,,,Fire]Farigiraf||SitrusBerry|ArmorTail|TrickRoom,DazzlingGleam,Psychic,HelpingHand|||M|||50|,,,,,Fairy
|showteam|p2|Whimsicott||CovertCloak|Prankster|Moonblast,Taunt,Tailwind,FakeTears|||F|||50|,,,,,Water]Meowscarada||ChoiceBand|Protean|FlowerTrick,TripleAxel,Uturn,KnockOff|||M|||50|,,,,,Ghost]Indeedee||FocusSash|PsychicSurge|ExpandingForce,TeraBlast,Imprison,TrickRoom|||M|||50|,,,,,Psychic]Sneasler||PsychicSeed|Unburden|CloseCombat,DireClaw,ThroatChop,Protect|||F|||50|,,,,,Dark]Ursaluna-Bloodmoon||LifeOrb|MindsEye|HyperVoice,BloodMoon,EarthPower,Protect|||M|||50|,,,,,Normal]Archaludon||PowerHerb|Stalwart|ElectroShot,DragonPulse,Thunderbolt,Protect|||M|||50|,,,,,Electric
|inactive|Battle timer is ON: inactive players will automatically lose when time's up. (requested by Capravolante97)
|inactive|herlum has 60 seconds left.
|inactive|Capravolante97 has 60 seconds left.
|
|t:|1756413910
|teamsize|p1|4
|teamsize|p2|4
|start
|switch|p1a: Volcarona|Volcarona, L50, F|100/100
|switch|p1b: Ursaluna|Ursaluna-Bloodmoon, L50, M|100/100
|switch|p2a: Meowscarada|Meowscarada, L50, M|100/100
|switch|p2b: Sneasler|Sneasler, L50, F|100/100
|turn|1
|
|t:|1756413933
|-terastallize|p1b: Ursaluna|Normal
|move|p1a: Volcarona|Rage Powder|p1a: Volcarona
|-singleturn|p1a: Volcarona|move: Rage Powder
|move|p2a: Meowscarada|Knock Off|p1a: Volcarona
|-start|p2a: Meowscarada|typechange|Dark|[from] ability: Protean
|-damage|p1a: Volcarona|11/100
|-enditem|p1a: Volcarona|Covert Cloak|[from] move: Knock Off|[of] p2a: Meowscarada
|move|p2b: Sneasler|Dire Claw|p1a: Volcarona
|-damage|p1a: Volcarona|0 fnt
|faint|p1a: Volcarona
|move|p1b: Ursaluna|Hyper Voice|p2b: Sneasler|[spread] p2a,p2b
|-damage|p2a: Meowscarada|0 fnt
|-damage|p2b: Sneasler|6/100
|faint|p2a: Meowscarada
|-damage|p1b: Ursaluna|91/100|[from] item: Life Orb
|
|upkeep
|inactive|herlum has 30 seconds left.
|
|t:|1756413968
|switch|p2a: Ursaluna|Ursaluna-Bloodmoon, L50, M|100/100
|switch|p1a: Sneasler|Sneasler, L50, F|100/100
|turn|2
|inactive|Capravolante97 has 30 seconds left.
|inactive|Capravolante97 has 20 seconds left.
|
|t:|1756414006
|switch|p1b: Rillaboom|Rillaboom, L50, M|100/100
|-fieldstart|move: Grassy Terrain|[from] ability: Grassy Surge|[of] p1b: Rillaboom
|-enditem|p1a: Sneasler|Grassy Seed
|-boost|p1a: Sneasler|def|1|[from] item: Grassy Seed
|move|p2a: Ursaluna|Protect|p2a: Ursaluna
|-singleturn|p2a: Ursaluna|Protect
|move|p1a: Sneasler|Close Combat|p2a: Ursaluna
|-activate|p2a: Ursaluna|move: Protect
|move|p2b: Sneasler|Dire Claw|p1a: Sneasler
|-resisted|p1a: Sneasler
|-crit|p1a: Sneasler
|-damage|p1a: Sneasler|49/100
|
|-heal|p1a: Sneasler|55/100|[from] Grassy Terrain
|-heal|p2b: Sneasler|11/100|[from] Grassy Terrain
|upkeep
|turn|3
|inactive|herlum has 30 seconds left.
|inactive|Capravolante97 has 30 seconds left.
|inactive|herlum has 20 seconds left.
|inactive|Capravolante97 has 20 seconds left.
|inactive|Capravolante97 has 15 seconds left.
|
|t:|1756414050
|switch|p2a: Indeedee|Indeedee, L50, M|100/100
|-fieldstart|move: Psychic Terrain|[from] ability: Psychic Surge|[of] p2a: Indeedee
|-enditem|p2b: Sneasler|Psychic Seed
|-boost|p2b: Sneasler|spd|1|[from] item: Psychic Seed
|move|p1a: Sneasler|Close Combat|p2a: Indeedee
|-enditem|p2a: Indeedee|Focus Sash
|-damage|p2a: Indeedee|1/100
|-unboost|p1a: Sneasler|def|1
|-unboost|p1a: Sneasler|spd|1
|move|p2b: Sneasler|Dire Claw|p1b: Rillaboom
|-supereffective|p1b: Rillaboom
|-damage|p1b: Rillaboom|13/100
|move|p1b: Rillaboom|U-turn|p2a: Indeedee
|-supereffective|p2a: Indeedee
|-damage|p2a: Indeedee|0 fnt
|faint|p2a: Indeedee
|
|t:|1756414068
|switch|p1b: Ursaluna|Ursaluna-Bloodmoon, L50, M, tera:Normal|91/100|[from] U-turn
|
|upkeep
|
|t:|1756414071
|switch|p2a: Ursaluna|Ursaluna-Bloodmoon, L50, M|100/100
|turn|4
|
|t:|1756414088
|-terastallize|p2a: Ursaluna|Normal
|move|p1a: Sneasler|Acrobatics|p2b: Sneasler
|-supereffective|p2b: Sneasler
|-damage|p2b: Sneasler|0 fnt
|faint|p2b: Sneasler
|move|p2a: Ursaluna|Blood Moon|p1b: Ursaluna
|-damage|p1b: Ursaluna|0 fnt
|faint|p1b: Ursaluna
|-damage|p2a: Ursaluna|91/100|[from] item: Life Orb
|
|upkeep
|
|t:|1756414101
|switch|p1b: Rillaboom|Rillaboom, L50, M|13/100
|-fieldstart|move: Grassy Terrain|[from] ability: Grassy Surge|[of] p1b: Rillaboom
|turn|5
|
|t:|1756414109
|move|p2a: Ursaluna|Protect|p2a: Ursaluna
|-singleturn|p2a: Ursaluna|Protect
|move|p1b: Rillaboom|Fake Out|p2a: Ursaluna
|-activate|p2a: Ursaluna|move: Protect
|move|p1a: Sneasler|Close Combat|p2a: Ursaluna
|-activate|p2a: Ursaluna|move: Protect
|
|-heal|p1a: Sneasler|61/100|[from] Grassy Terrain
|-heal|p2a: Ursaluna|97/100|[from] Grassy Terrain
|-heal|p1b: Rillaboom|19/100|[from] Grassy Terrain
|upkeep
|turn|6
|
|t:|1756414124
|move|p1b: Rillaboom|Grassy Glide|p2a: Ursaluna
|-damage|p2a: Ursaluna|68/100
|move|p1a: Sneasler|Close Combat|p2a: Ursaluna
|-supereffective|p2a: Ursaluna
|-damage|p2a: Ursaluna|0 fnt
|-unboost|p1a: Sneasler|def|1
|-unboost|p1a: Sneasler|spd|1
|faint|p2a: Ursaluna
|
|win|herlum
|raw|herlum's rating: 1278 → 1313(+35 for winning)
|raw|Capravolante97's rating: 1428 → 1400(-28 for losing)
|l|☆Capravolante97
|player|p2|
