|j|☆new mental
|j|☆longlegs828
|html|new mentallonglegs828    
|uhtml|bestof|Game 3 of a best-of-3
|t:|1785062894
|gametype|doubles
|player|p1|new mental|volkner|1228
|player|p2|longlegs828|artist|1214
|gen|9
|tier|[Gen 9 Champions] VGC 2026 Reg M-B (Bo3)
|rated|
|rule|Species Clause: Limit one of each Pokémon
|rule|Item Clause: Limit 1 of each item
|clearpoke
|poke|p1|Charizard, L50, M|
|poke|p1|Garchomp, L50, F|
|poke|p1|Incineroar, L50, M|
|poke|p1|Venusaur, L50, M|
|poke|p1|Toxapex, L50, M|
|poke|p1|Sylveon, L50, M|
|poke|p2|Aerodactyl, L50, M|
|poke|p2|Garchomp, L50, F|
|poke|p2|Kingambit, L50, F|
|poke|p2|Charizard, L50, M|
|poke|p2|Basculegion, L50, M|
|poke|p2|Incineroar, L50, M|
|teampreview|4
|showteam|p1|Charizard||CharizarditeY|SolarPower|WeatherBall,HeatWave,AncientPower,Protect|Modest||M|||50|]Garchomp||ChoiceScarf|RoughSkin|RockSlide,DragonClaw,Earthquake,StompingTantrum|Adamant||F|||50|]Incineroar||SitrusBerry|Intimidate|FlareBlitz,FakeOut,DarkestLariat,PartingShot|Impish||M|||50|]Venusaur||LifeOrb|Chlorophyll|SludgeBomb,LeafStorm,EarthPower,Protect|Modest||M|||50|]Toxapex||Leftovers|Regenerator|Infestation,Toxic,WideGuard,BanefulBunker|Bold||M|||50|]Sylveon||FairyFeather|Pixilate|HyperVoice,QuickAttack,Yawn,Detect|Modest||M|||50|
|showteam|p2|Aerodactyl||Aerodactylite|RockHead|IceFang,RockSlide,DualWingbeat,Tailwind|Jolly||M|||50|]Garchomp||LifeOrb|RoughSkin|RockTomb,DragonClaw,Earthquake,Protect|Jolly||F|||50|]Kingambit||FocusSash|Defiant|LowKick,KowtowCleave,SuckerPunch,IronHead|Adamant||F|||50|]Charizard||CharizarditeY|Blaze|HeatWave,WeatherBall,SolarBeam,Protect|Modest||M|||50|]Basculegion||ChoiceScarf|Adaptability|LastRespects,WaveCrash,AquaJet,FlipTurn|Jolly||M|||50|]Incineroar||SitrusBerry|Blaze|FakeOut,PartingShot,FlareBlitz,DarkestLariat|Careful||M|||50|
|inactive|Battle timer is ON: inactive players will automatically lose when time's up. (requested by longlegs828)
|
|t:|1785062954
|teamsize|p1|4
|teamsize|p2|4
|start
|switch|p1a: Charizard|Charizard, L50, M|100/100
|switch|p1b: Incineroar|Incineroar, L50, M|100/100
|switch|p2a: Aerodactyl|Aerodactyl, L50, M|100/100
|switch|p2b: Incineroar|Incineroar, L50, M|100/100
|-ability|p1b: Incineroar|Intimidate|boost
|-unboost|p2a: Aerodactyl|atk|1
|-unboost|p2b: Incineroar|atk|1
|turn|1
|
|t:|1785062979
|switch|p2a: Garchomp|Garchomp, L50, F|100/100
|switch|p1a: Toxapex|Toxapex, L50, M|100/100
|move|p1b: Incineroar|Fake Out|p2a: Garchomp
|-damage|p2a: Garchomp|88/100
|-damage|p1b: Incineroar|87/100|[from] ability: Rough Skin|[of] p2a: Garchomp
|move|p2b: Incineroar|Parting Shot|p1a: Toxapex
|-unboost|p1a: Toxapex|atk|1
|-unboost|p1a: Toxapex|spa|1
|
|t:|1785062992
|switch|p2b: Basculegion|Basculegion, L50, M|100/100|[from] Parting Shot
|
|upkeep
|turn|2
|
|t:|1785063015
|switch|p1b: Garchomp|Garchomp, L50, F|100/100
|move|p1a: Toxapex|Baneful Bunker|p1a: Toxapex
|-singleturn|p1a: Toxapex|move: Protect
|move|p2b: Basculegion|Wave Crash|p1b: Garchomp
|-damage|p1b: Garchomp|33/100
|-damage|p2b: Basculegion|87/100|[from] ability: Rough Skin|[of] p1b: Garchomp
|-damage|p2b: Basculegion|67/100|[from] Recoil
|move|p2a: Garchomp|Earthquake|p1b: Garchomp|[spread] p2b,p1b
|-activate|p1a: Toxapex|move: Protect
|-damage|p2b: Basculegion|4/100
|-damage|p1b: Garchomp|0 fnt
|faint|p1b: Garchomp
|-damage|p2a: Garchomp|78/100|[from] item: Life Orb
|
|upkeep
|
|t:|1785063021
|switch|p1b: Incineroar|Incineroar, L50, M|87/100
|-ability|p1b: Incineroar|Intimidate|boost
|-unboost|p2a: Garchomp|atk|1
|-unboost|p2b: Basculegion|atk|1
|turn|3
|
|t:|1785063041
|switch|p2b: Aerodactyl|Aerodactyl, L50, M|100/100
|switch|p2a: Incineroar|Incineroar, L50, M|100/100
|move|p1b: Incineroar|Parting Shot|p2b: Aerodactyl
|-unboost|p2b: Aerodactyl|atk|1
|-unboost|p2b: Aerodactyl|spa|1
|
|t:|1785063048
|switch|p1b: Charizard|Charizard, L50, M|100/100|[from] Parting Shot
|move|p1a: Toxapex|Infestation|p2a: Incineroar
|-damage|p2a: Incineroar|98/100
|-activate|p2a: Incineroar|move: Infestation|[of] p1a: Toxapex
|
|-damage|p2a: Incineroar|86/100|[from] move: Infestation|[partiallytrapped]
|upkeep
|turn|4
|
|t:|1785063070
|detailschange|p2b: Aerodactyl|Aerodactyl-Mega, L50, M
|-mega|p2b: Aerodactyl|Aerodactyl|Aerodactylite
|move|p1b: Charizard|Protect|p1b: Charizard
|-singleturn|p1b: Charizard|Protect
|move|p2a: Incineroar|Fake Out|p1a: Toxapex
|-damage|p1a: Toxapex|92/100
|move|p2b: Aerodactyl|Rock Slide|p1b: Charizard|[spread] p1a
|-activate|p1b: Charizard|move: Protect
|-damage|p1a: Toxapex|80/100
|cant|p1a: Toxapex|flinch
|
|-heal|p1a: Toxapex|86/100|[from] item: Leftovers
|-damage|p2a: Incineroar|73/100|[from] move: Infestation|[partiallytrapped]
|upkeep
|turn|5
|inactive|longlegs828 has 30 seconds left.
|inactive|longlegs828 has 20 seconds left.
|inactive|longlegs828 has 15 seconds left.
|inactive|longlegs828 has 10 seconds left.
|inactive|longlegs828 has 5 seconds left.
|
|t:|1785063120
|switch|p2b: Basculegion|Basculegion, L50, M|4/100
|switch|p1b: Incineroar|Incineroar, L50, M|87/100
|-ability|p1b: Incineroar|Intimidate|boost
|-unboost|p2a: Incineroar|atk|1
|-unboost|p2b: Basculegion|atk|1
|move|p2a: Incineroar|Parting Shot|p1b: Incineroar
|-unboost|p1b: Incineroar|atk|1
|-unboost|p1b: Incineroar|spa|1
|
|t:|1785063134
|switch|p2a: Garchomp|Garchomp, L50, F|78/100|[from] Parting Shot
|move|p1a: Toxapex|Infestation|p2b: Basculegion
|-resisted|p2b: Basculegion|1
|-damage|p2b: Basculegion|3/100
|-activate|p2b: Basculegion|move: Infestation|[of] p1a: Toxapex
|
|-heal|p1a: Toxapex|92/100|[from] item: Leftovers
|-damage|p2b: Basculegion|0 fnt|[from] move: Infestation|[partiallytrapped]
|faint|p2b: Basculegion
|upkeep
|
|t:|1785063143
|switch|p2b: Aerodactyl|Aerodactyl-Mega, L50, M|100/100
|turn|6
|
|t:|1785063165
|move|p1a: Toxapex|Wide Guard|p1a: Toxapex
|-singleturn|p1a: Toxapex|Wide Guard
|move|p2b: Aerodactyl|Dual Wingbeat|p1b: Incineroar
|-damage|p1b: Incineroar|68/100
|-damage|p1b: Incineroar|50/100g
|-hitcount|p1b: Incineroar|2
|move|p2a: Garchomp|Rock Tomb|p1b: Incineroar
|-supereffective|p1b: Incineroar|1
|-damage|p1b: Incineroar|9/100
|-unboost|p1b: Incineroar|spe|1
|-enditem|p1b: Incineroar|Sitrus Berry|[eat]
|-heal|p1b: Incineroar|34/100|[from] item: Sitrus Berry
|-damage|p2a: Garchomp|68/100|[from] item: Life Orb
|move|p1b: Incineroar|Parting Shot|p2a: Garchomp
|-unboost|p2a: Garchomp|atk|1
|-unboost|p2a: Garchomp|spa|1
|
|t:|1785063173
|switch|p1b: Charizard|Charizard, L50, M|100/100|[from] Parting Shot
|
|-heal|p1a: Toxapex|98/100|[from] item: Leftovers
|upkeep
|turn|7
|inactive|longlegs828 has 30 seconds left.
|
|t:|1785063200
|switch|p2a: Incineroar|Incineroar, L50, M|73/100
|switch|p1b: Incineroar|Incineroar, L50, M|34/100
|-ability|p1b: Incineroar|Intimidate|boost
|-unboost|p2a: Incineroar|atk|1
|-unboost|p2b: Aerodactyl|atk|1
|move|p2b: Aerodactyl|Dual Wingbeat|p1a: Toxapex
|-damage|p1a: Toxapex|86/100
|-damage|p1a: Toxapex|75/100
|-hitcount|p1a: Toxapex|2
|move|p1a: Toxapex|Infestation|p2b: Aerodactyl
|-resisted|p2b: Aerodactyl|1
|-damage|p2b: Aerodactyl|98/100
|-activate|p2b: Aerodactyl|move: Infestation|[of] p1a: Toxapex
|
|-heal|p1a: Toxapex|80/100|[from] item: Leftovers
|-damage|p2b: Aerodactyl|86/100|[from] move: Infestation|[partiallytrapped]
|upkeep
|turn|8
|inactive|longlegs828 has 30 seconds left.
|
|t:|1785063234
|switch|p1b: Charizard|Charizard, L50, M|100/100
|move|p1a: Toxapex|Wide Guard|p1a: Toxapex
|-singleturn|p1a: Toxapex|Wide Guard
|move|p2b: Aerodactyl|Rock Slide|p1b: Charizard|[spread] 
|-activate|p1a: Toxapex|move: Wide Guard
|-activate|p1b: Charizard|move: Wide Guard
|move|p2a: Incineroar|Parting Shot|p1b: Charizard
|-unboost|p1b: Charizard|atk|1
|-unboost|p1b: Charizard|spa|1
|
|t:|1785063244
|switch|p2a: Garchomp|Garchomp, L50, F|68/100|[from] Parting Shot
|
|-heal|p1a: Toxapex|86/100|[from] item: Leftovers
|-damage|p2b: Aerodactyl|74/100|[from] move: Infestation|[partiallytrapped]
|upkeep
|turn|9
|inactive|longlegs828 has 30 seconds left.
|
|t:|1785063275
|switch|p1b: Incineroar|Incineroar, L50, M|34/100
|-ability|p1b: Incineroar|Intimidate|boost
|-unboost|p2a: Garchomp|atk|1
|-unboost|p2b: Aerodactyl|atk|1
|move|p2b: Aerodactyl|Dual Wingbeat|p1b: Incineroar
|-damage|p1b: Incineroar|25/100
|-damage|p1b: Incineroar|15/100
|-hitcount|p1b: Incineroar|2
|move|p2a: Garchomp|Dragon Claw|p1b: Incineroar
|-damage|p1b: Incineroar|0 fnt
|faint|p1b: Incineroar
|-damage|p2a: Garchomp|58/100|[from] item: Life Orb
|move|p1a: Toxapex|Infestation|p2a: Garchomp
|-damage|p2a: Garchomp|56/100
|-activate|p2a: Garchomp|move: Infestation|[of] p1a: Toxapex
|-damage|p1a: Toxapex|74/100|[from] ability: Rough Skin|[of] p2a: Garchomp
|
|-heal|p1a: Toxapex|80/100|[from] item: Leftovers
|-damage|p2b: Aerodactyl|62/100|[from] move: Infestation|[partiallytrapped]
|-damage|p2a: Garchomp|43/100|[from] move: Infestation|[partiallytrapped]
|upkeep
|
|t:|1785063294
|switch|p1b: Charizard|Charizard, L50, M|100/100
|turn|10
|inactive|longlegs828 has 30 seconds left.
|inactive|longlegs828 has 20 seconds left.
|inactive|longlegs828 has 15 seconds left.
|inactive|longlegs828 has 10 seconds left.
|
|t:|1785063343
|move|p2a: Garchomp|Protect|p2a: Garchomp
|-singleturn|p2a: Garchomp|Protect
|move|p1b: Charizard|Protect|p1b: Charizard
|-singleturn|p1b: Charizard|Protect
|move|p2b: Aerodactyl|Rock Slide|p1b: Charizard|[spread] p1a
|-activate|p1b: Charizard|move: Protect
|-damage|p1a: Toxapex|71/100
|move|p1a: Toxapex|Toxic|p2a: Garchomp
|-activate|p2a: Garchomp|move: Protect
|
|-heal|p1a: Toxapex|77/100|[from] item: Leftovers
|-damage|p2b: Aerodactyl|50/100g|[from] move: Infestation|[partiallytrapped]
|-damage|p2a: Garchomp|31/100|[from] move: Infestation|[partiallytrapped]
|upkeep
|turn|11
|
|t:|1785063363
|detailschange|p1b: Charizard|Charizard-Mega-Y, L50, M
|-mega|p1b: Charizard|Charizard|Charizardite Y
|-weather|SunnyDay|[from] ability: Drought|[of] p1b: Charizard
|move|p1a: Toxapex|Wide Guard|p1a: Toxapex
|-singleturn|p1a: Toxapex|Wide Guard
|move|p2b: Aerodactyl|Dual Wingbeat|p1b: Charizard
|-damage|p1b: Charizard|88/100
|-damage|p1b: Charizard|77/100
|-hitcount|p1b: Charizard|2
|move|p2a: Garchomp|Rock Tomb|p1b: Charizard
|-supereffective|p1b: Charizard|2
|-damage|p1b: Charizard|15/100
|-unboost|p1b: Charizard|spe|1
|-damage|p2a: Garchomp|21/100|[from] item: Life Orb
|move|p1b: Charizard|Heat Wave|p2b: Aerodactyl|[spread] p2a,p2b
|-resisted|p2a: Garchomp|1
|-crit|p2a: Garchomp
|-resisted|p2b: Aerodactyl|1
|-damage|p2a: Garchomp|0 fnt
|-damage|p2b: Aerodactyl|21/100
|faint|p2a: Garchomp
|
|-weather|SunnyDay|[upkeep]
|-heal|p1a: Toxapex|83/100|[from] item: Leftovers
|-damage|p2b: Aerodactyl|9/100|[from] move: Infestation|[partiallytrapped]
|upkeep
|
|t:|1785063384
|switch|p2a: Incineroar|Incineroar, L50, M|73/100
|turn|12
|
|t:|1785063398
|move|p1b: Charizard|Protect|p1b: Charizard
|-singleturn|p1b: Charizard|Protect
|move|p2a: Incineroar|Fake Out|p1a: Toxapex
|-crit|p1a: Toxapex
|-damage|p1a: Toxapex|72/100
|move|p2b: Aerodactyl|Dual Wingbeat|p1b: Charizard
|-activate|p1b: Charizard|move: Protect
|cant|p1a: Toxapex|flinch
|
|-weather|SunnyDay|[upkeep]
|-heal|p1a: Toxapex|78/100|[from] item: Leftovers
|-end|p2b: Aerodactyl|Infestation|[partiallytrapped]
|upkeep
|turn|13
|inactive|longlegs828 has 30 seconds left.
|inactive|longlegs828 has 20 seconds left.
|
|t:|1785063437
|move|p2b: Aerodactyl|Dual Wingbeat|p1b: Charizard
|-damage|p1b: Charizard|4/100
|-damage|p1b: Charizard|0 fnt
|faint|p1b: Charizard
|-hitcount|p1: Charizard|2
|move|p2a: Incineroar|Darkest Lariat|p1a: Toxapex
|-damage|p1a: Toxapex|57/100
|move|p1a: Toxapex|Toxic|p2a: Incineroar
|-status|p2a: Incineroar|tox
|
|-weather|SunnyDay|[upkeep]
|-heal|p1a: Toxapex|63/100|[from] item: Leftovers
|-damage|p2a: Incineroar|67/100 tox|[from] psn
|upkeep
|turn|14
|inactive|longlegs828 has 30 seconds left this turn.
|inactive|longlegs828 has 20 seconds left.
|inactive|longlegs828 has 15 seconds left.
|inactive|longlegs828 has 10 seconds left.
|
|t:|1785063460
|move|p2b: Aerodactyl|Dual Wingbeat|p1a: Toxapex
|-damage|p1a: Toxapex|54/100
|-damage|p1a: Toxapex|47/100
|-hitcount|p1a: Toxapex|2
|move|p2a: Incineroar|Darkest Lariat|p1a: Toxapex
|-damage|p1a: Toxapex|25/100
|move|p1a: Toxapex|Infestation|p2b: Aerodactyl
|-resisted|p2b: Aerodactyl|1
|-damage|p2b: Aerodactyl|8/100
|-activate|p2b: Aerodactyl|move: Infestation|[of] p1a: Toxapex
|
|-weather|SunnyDay|[upkeep]
|-heal|p1a: Toxapex|31/100|[from] item: Leftovers
|-damage|p2a: Incineroar|55/100 tox|[from] psn
|-damage|p2b: Aerodactyl|0 fnt|[from] move: Infestation|[partiallytrapped]
|faint|p2b: Aerodactyl
|upkeep
|turn|15
|inactive|longlegs828 has 10 seconds left this turn.
|inactive|longlegs828 has 5 seconds left.
|-message|longlegs828 lost due to inactivity.
|
|win|new mental
|raw|new mental's rating: 1228 → 1252(+24 for winning)
|raw|longlegs828's rating: 1214 → 1190(-24 for losing)
