|j|☆angusgrind13
|j|☆johnnyboythegreat
|html|angusgrind13johnnyboythegreat    
|uhtml|bestof|Game 1 of a best-of-3
|t:|1784821539
|gametype|doubles
|player|p1|angusgrind13|steven|1194
|player|p2|johnnyboythegreat|veteran|1071
|gen|9
|tier|[Gen 9 Champions] VGC 2026 Reg M-B (Bo3)
|rated|
|rule|Species Clause: Limit one of each Pokémon
|rule|Item Clause: Limit 1 of each item
|clearpoke
|poke|p1|Primarina, L50, F|
|poke|p1|Kingambit, L50, M|
|poke|p1|Froslass, L50, F|
|poke|p1|Sneasler, L50, F|
|poke|p1|Lycanroc-Dusk, L50, F|
|poke|p1|Dragonite, L50, M|
|poke|p2|Raichu, L50, F, shiny|
|poke|p2|Dragonite, L50, F|
|poke|p2|Incineroar, L50, M|
|poke|p2|Grimmsnarl, L50, M, shiny|
|poke|p2|Primarina, L50, F, shiny|
|poke|p2|Gholdengo, L50|
|teampreview|4
|showteam|p1|Primarina||LifeOrb|LiquidVoice|HyperVoice,Moonblast,Haze,Protect|Modest||F|||50|]Kingambit||BlackGlasses|Defiant|KowtowCleave,SuckerPunch,SwordsDance,Protect|Adamant||M|||50|]Froslass||Froslassite|CursedBody|Blizzard,ShadowBall,AuroraVeil,Protect|Timid||F|||50|]Sneasler||WhiteHerb|Unburden|GunkShot,CloseCombat,FakeOut,Protect|Adamant||F|||50|]Lycanroc-Dusk||FocusSash|ToughClaws|RockSlide,Accelerock,CloseCombat,Protect|Adamant||F|||50|]Dragonite||Dragoninite|Multiscale|DragonPulse,Flamethrower,Tailwind,Protect|Modest||M|||50|
|showteam|p2|Raichu||RaichuniteY|LightningRod|ZapCannon,Protect,FocusBlast,AlluringVoice|Timid||F|||50|]Dragonite||DragonFang|Multiscale|DragonClaw,ExtremeSpeed,Protect,Tailwind|Adamant||F|||50|]Incineroar||SitrusBerry|Intimidate|FakeOut,PartingShot,FlareBlitz,ThroatChop|Adamant||M|||50|]Grimmsnarl||LightClay|Prankster|Reflect,LightScreen,SpiritBreak,FoulPlay|Impish||M|||50|]Primarina||MysticWater|LiquidVoice|HyperVoice,Protect,Moonblast,IceBeam|Modest||F|||50|]Gholdengo||MetalCoat|GoodasGold|MakeItRain,NastyPlot,Protect,ShadowBall|Modest|||||50|
|inactive|Battle timer is ON: inactive players will automatically lose when time's up. (requested by johnnyboythegreat)
|
|t:|1784821583
|teamsize|p1|4
|teamsize|p2|4
|start
|switch|p1a: Froslass|Froslass, L50, F|100/100
|switch|p1b: Sneasler|Sneasler, L50, F|100/100
|switch|p2a: Raichu|Raichu, L50, F, shiny|100/100
|switch|p2b: Dragonite|Dragonite, L50, F|100/100
|turn|1
|
|t:|1784821598
|switch|p2a: Incineroar|Incineroar, L50, M|100/100
|-ability|p2a: Incineroar|Intimidate|boost
|-unboost|p1a: Froslass|atk|1
|-unboost|p1b: Sneasler|atk|1
|-enditem|p1b: Sneasler|White Herb
|-clearnegativeboost|p1b: Sneasler|[silent]
|detailschange|p1a: Froslass|Froslass-Mega, L50, F
|-mega|p1a: Froslass|Froslass|Froslassite
|-weather|Snowscape|[from] ability: Snow Warning|[of] p1a: Froslass
|move|p2b: Dragonite|Protect|p2b: Dragonite
|-singleturn|p2b: Dragonite|Protect
|move|p1b: Sneasler|Fake Out|p2a: Incineroar
|-damage|p2a: Incineroar|87/100
|move|p1a: Froslass|Blizzard|p2a: Incineroar|[spread] p2a
|-activate|p2b: Dragonite|move: Protect
|-resisted|p2a: Incineroar|1
|-damage|p2a: Incineroar|66/100
|
|-weather|Snowscape|[upkeep]
|upkeep
|turn|2
|
|t:|1784821619
|switch|p2a: Primarina|Primarina, L50, F, shiny|100/100
|move|p1b: Sneasler|Protect|p1b: Sneasler
|-singleturn|p1b: Sneasler|Protect
|move|p1a: Froslass|Blizzard|p2b: Dragonite|[spread] p2a,p2b
|-resisted|p2a: Primarina|1
|-supereffective|p2b: Dragonite|2
|-damage|p2a: Primarina|77/100
|-damage|p2b: Dragonite|6/100
|move|p2b: Dragonite|Dragon Claw|p1b: Sneasler
|-activate|p1b: Sneasler|move: Protect
|
|-weather|Snowscape|[upkeep]
|upkeep
|turn|3
|
|t:|1784821634
|switch|p2b: Incineroar|Incineroar, L50, M|66/100
|-ability|p2b: Incineroar|Intimidate|boost
|-unboost|p1a: Froslass|atk|1
|-unboost|p1b: Sneasler|atk|1
|move|p2a: Primarina|Protect|p2a: Primarina
|-singleturn|p2a: Primarina|Protect
|move|p1b: Sneasler|Gunk Shot|p2a: Primarina
|-activate|p2a: Primarina|move: Protect
|move|p1a: Froslass|Blizzard|p2a: Primarina|[spread] p2b
|-activate|p2a: Primarina|move: Protect
|-resisted|p2b: Incineroar|1
|-damage|p2b: Incineroar|47/100
|-enditem|p2b: Incineroar|Sitrus Berry|[eat]
|-heal|p2b: Incineroar|72/100|[from] item: Sitrus Berry
|
|-weather|Snowscape|[upkeep]
|upkeep
|turn|4
|inactive|johnnyboythegreat has 30 seconds left.
|
|t:|1784821661
|switch|p1b: Kingambit|Kingambit, L50, M|100/100
|switch|p1a: Primarina|Primarina, L50, F|100/100
|switch|p2a: Dragonite|Dragonite, L50, F|6/100
|move|p2b: Incineroar|Flare Blitz|p1a: Primarina
|-resisted|p1a: Primarina|1
|-damage|p1a: Primarina|54/100
|-damage|p2b: Incineroar|60/100|[from] Recoil
|
|-weather|Snowscape|[upkeep]
|upkeep
|turn|5
|
|t:|1784821678
|switch|p2b: Primarina|Primarina, L50, F, shiny|77/100
|move|p2a: Dragonite|Extreme Speed|p1a: Primarina
|-crit|p1a: Primarina
|-damage|p1a: Primarina|0 fnt
|faint|p1a: Primarina
|move|p1b: Kingambit|Swords Dance|p1b: Kingambit
|-boost|p1b: Kingambit|atk|2
|
|-weather|none
|upkeep
|
|t:|1784821687
|switch|p1a: Sneasler|Sneasler, L50, F|100/100
|turn|6
|
|t:|1784821694
|move|p1a: Sneasler|Fake Out|p2a: Dragonite
|-damage|p2a: Dragonite|0 fnt
|faint|p2a: Dragonite
|move|p1b: Kingambit|Sucker Punch|p2b: Primarina
|-resisted|p2b: Primarina|1
|-damage|p2b: Primarina|11/100
|move|p2b: Primarina|Hyper Voice|p1a: Sneasler|[spread] p1a,p1b
|-damage|p1a: Sneasler|47/100
|-damage|p1b: Kingambit|59/100
|
|upkeep
|
|t:|1784821703
|switch|p2a: Raichu|Raichu, L50, F, shiny|100/100
|turn|7
|
|t:|1784821716
|move|p2b: Primarina|Protect|p2b: Primarina
|-singleturn|p2b: Primarina|Protect
|move|p1b: Kingambit|Protect|p1b: Kingambit
|-singleturn|p1b: Kingambit|Protect
|move|p2a: Raichu|Zap Cannon|p1a: Sneasler|[miss]
|-miss|p2a: Raichu|p1a: Sneasler
|move|p1a: Sneasler|Gunk Shot|p2b: Primarina
|-activate|p2b: Primarina|move: Protect
|
|upkeep
|turn|8
|
|t:|1784821730
|detailschange|p2a: Raichu|Raichu-Mega-Y, L50, F, shiny
|-mega|p2a: Raichu|Raichu|Raichunite Y
|move|p2b: Primarina|Protect||[still]
|-fail|p2b: Primarina
|move|p1b: Kingambit|Sucker Punch|p2a: Raichu
|-damage|p2a: Raichu|0 fnt
|faint|p2a: Raichu
|move|p1a: Sneasler|Gunk Shot|p2b: Primarina
|-supereffective|p2b: Primarina|1
|-damage|p2b: Primarina|0 fnt
|faint|p2b: Primarina
|
|upkeep
|
|t:|1784821742
|switch|p2b: Incineroar|Incineroar, L50, M|60/100
|-ability|p2b: Incineroar|Intimidate|boost
|-unboost|p1a: Sneasler|atk|1
|-unboost|p1b: Kingambit|atk|1
|-ability|p1b: Kingambit|Defiant|boost
|-boost|p1b: Kingambit|atk|2
|turn|9
|
|t:|1784821749
|move|p1b: Kingambit|Sucker Punch|p2b: Incineroar
|-resisted|p2b: Incineroar|1
|-damage|p2b: Incineroar|6/100
|move|p1a: Sneasler|Close Combat|p2b: Incineroar
|-supereffective|p2b: Incineroar|1
|-damage|p2b: Incineroar|0 fnt
|-unboost|p1a: Sneasler|def|1
|-unboost|p1a: Sneasler|spd|1
|faint|p2b: Incineroar
|
|win|angusgrind13
