|j|☆Blitzenss
|j|☆ScoobyDrewPOKMN
|html|BlitzenssScoobyDrewPOKMN    
|uhtml|bestof|Game 2 of a best-of-3
|t:|1757815691
|gametype|doubles
|player|p1|Blitzenss|170|1086
|player|p2|ScoobyDrewPOKMN|ltsurge|1013
|gen|9
|tier|[Gen 9] VGC 2025 Reg H (Bo3)
|rated|
|rule|Species Clause: Limit one of each Pokémon
|rule|Item Clause: Limit 1 of each item
|clearpoke
|poke|p1|Pelipper, L50, M|
|poke|p1|Archaludon, L50, F|
|poke|p1|Annihilape, L50, M|
|poke|p1|Maushold, L50|
|poke|p1|Rillaboom, L50, F|
|poke|p1|Basculegion, L50, M|
|poke|p2|Slaking, L50, M|
|poke|p2|Grafaiai, L50, M|
|poke|p2|Sneasler, L50, F|
|poke|p2|Grimmsnarl, L50, M|
|poke|p2|Gyarados, L50, F|
|poke|p2|Weezing, L50, M|
|teampreview|4
|showteam|p1|Pelipper||FocusSash|Drizzle|WeatherBall,Hurricane,WideGuard,Tailwind|||M|||50|,,,,,Ghost]Archaludon||AssaultVest|Stamina|ElectroShot,DracoMeteor,FlashCannon,BodyPress|||F|||50|,,,,,Grass]Annihilape||SafetyGoggles|Defiant|RageFist,DrainPunch,BulkUp,Protect|||M|||50|,,,,,Fire]Maushold||SitrusBerry|FriendGuard|BeatUp,FollowMe,Taunt,Protect||||||50|,,,,,Ghost]Rillaboom||MiracleSeed|GrassySurge|FakeOut,GrassyGlide,WoodHammer,Uturn|||F|||50|,,,,,Fire]Basculegion||ChoiceBand|SwiftSwim|WaveCrash,AquaJet,LastRespects,FlipTurn|||M|||50|,,,,,Water
|showteam|p2|Slaking||Leftovers|Truant|BodySlam,Protect,DrainPunch,HighHorsepower|||M|||50|,,,,,Ghost]Grafaiai||MentalHerb|Prankster|Doodle,Toxic,Protect,GunkShot|||M|||50|,,,,,Steel]Sneasler||WhiteHerb|Unburden|DireClaw,CloseCombat,Acrobatics,Protect|||F|||50|,,,,,Stellar]Grimmsnarl||AbilityShield|Prankster|ThunderWave,LightScreen,FoulPlay,Reflect|||M|||50|,,,,,Dark]Gyarados||WacanBerry|Intimidate|Waterfall,TeraBlast,Protect,DragonDance|||F|||50|,,,,,Flying]Weezing||SitrusBerry|NeutralizingGas|Toxic,Protect,Explosion,Haze|||M|||50|,,,,,Steel
|inactive|Battle timer is ON: inactive players will automatically lose when time's up. (requested by ScoobyDrewPOKMN)
|
|t:|1757815710
|teamsize|p1|4
|teamsize|p2|4
|start
|switch|p1a: Rillaboom|Rillaboom, L50, F|100/100
|switch|p1b: Archaludon|Archaludon, L50, F, shiny|100/100
|switch|p2a: Grimmsnarl|Grimmsnarl, L50, M|100/100
|switch|p2b: Slaking|Slaking, L50, M|100/100
|-fieldstart|move: Grassy Terrain|[from] ability: Grassy Surge|[of] p1a: Rillaboom
|turn|1
|inactive|ScoobyDrewPOKMN has 30 seconds left.
|inactive|ScoobyDrewPOKMN has 20 seconds left.
|inactive|ScoobyDrewPOKMN has 15 seconds left.
|
|t:|1757815752
|-terastallize|p1b: Archaludon|Grass
|move|p1a: Rillaboom|Fake Out|p2a: Grimmsnarl
|-damage|p2a: Grimmsnarl|85/100
|cant|p2a: Grimmsnarl|flinch
|move|p1b: Archaludon|Flash Cannon|p2a: Grimmsnarl
|-supereffective|p2a: Grimmsnarl
|-damage|p2a: Grimmsnarl|27/100
|move|p2b: Slaking|Drain Punch|p1b: Archaludon
|-damage|p1b: Archaludon|75/100
|-ability|p1b: Archaludon|Stamina|boost
|-boost|p1b: Archaludon|def|1
|
|-heal|p1b: Archaludon|80/100|[from] Grassy Terrain
|-heal|p2a: Grimmsnarl|33/100|[from] Grassy Terrain
|upkeep
|turn|2
|inactive|ScoobyDrewPOKMN has 30 seconds left.
|
|t:|1757815786
|switch|p2b: Sneasler|Sneasler, L50, F|100/100
|move|p1a: Rillaboom|Grassy Glide|p2a: Grimmsnarl
|-damage|p2a: Grimmsnarl|0 fnt
|faint|p2a: Grimmsnarl
|move|p1b: Archaludon|Body Press|p2b: Sneasler
|-resisted|p2b: Sneasler
|-damage|p2b: Sneasler|71/100
|
|-heal|p2b: Sneasler|77/100|[from] Grassy Terrain
|-heal|p1b: Archaludon|86/100|[from] Grassy Terrain
|upkeep
|
|t:|1757815800
|switch|p2a: Slaking|Slaking, L50, M|100/100
|turn|3
|
|t:|1757815820
|switch|p1b: Basculegion|Basculegion, L50, M|100/100
|switch|p1a: Pelipper|Pelipper, L50, M|100/100
|-weather|RainDance|[from] ability: Drizzle|[of] p1a: Pelipper
|move|p2b: Sneasler|Dire Claw|p1b: Basculegion
|-resisted|p1b: Basculegion
|-damage|p1b: Basculegion|69/100
|-status|p1b: Basculegion|par
|move|p2a: Slaking|Body Slam|p1a: Pelipper
|-damage|p1a: Pelipper|26/100
|-status|p1a: Pelipper|par
|
|-weather|RainDance|[upkeep]
|-heal|p2b: Sneasler|82/100|[from] Grassy Terrain
|-heal|p1b: Basculegion|75/100 par|[from] Grassy Terrain
|upkeep
|turn|4
|inactive|ScoobyDrewPOKMN has 30 seconds left.
|inactive|ScoobyDrewPOKMN has 20 seconds left.
|inactive|ScoobyDrewPOKMN has 15 seconds left.
|inactive|ScoobyDrewPOKMN has 10 seconds left.
|inactive|ScoobyDrewPOKMN has 5 seconds left.
|
|t:|1757815870
|switch|p2a: Grafaiai|Grafaiai, L50, M, shiny|100/100
|move|p2b: Sneasler|Dire Claw|p1b: Basculegion
|-resisted|p1b: Basculegion
|-damage|p1b: Basculegion|44/100 par
|cant|p1b: Basculegion|par
|move|p1a: Pelipper|Tailwind|p1a: Pelipper
|-sidestart|p1: Blitzenss|move: Tailwind
|
|-weather|RainDance|[upkeep]
|-heal|p1b: Basculegion|50/100 par|[from] Grassy Terrain
|-heal|p2b: Sneasler|88/100|[from] Grassy Terrain
|upkeep
|turn|5
|
|t:|1757815889
|switch|p2b: Slaking|Slaking, L50, M|100/100
|move|p2a: Grafaiai|Doodle|p1b: Basculegion
|-ability|p2a: Grafaiai|Swift Swim|Prankster|[from] move: Doodle
|-ability|p2b: Slaking|Swift Swim|Truant|[from] move: Doodle
|move|p1b: Basculegion|Flip Turn|p2b: Slaking
|-damage|p2b: Slaking|55/100
|
|t:|1757815899
|switch|p1b: Rillaboom|Rillaboom, L50, F|100/100|[from] Flip Turn
|cant|p1a: Pelipper|par
|
|-weather|RainDance|[upkeep]
|-heal|p2b: Slaking|61/100|[from] Grassy Terrain
|-heal|p2b: Slaking|67/100|[from] item: Leftovers
|-fieldend|move: Grassy Terrain
|upkeep
|turn|6
|inactive|Blitzenss has 30 seconds left.
|
|t:|1757815929
|switch|p1a: Archaludon|Archaludon, L50, F, shiny, tera:Grass|86/100
|move|p1b: Rillaboom|Fake Out|p2a: Grafaiai
|-damage|p2a: Grafaiai|82/100
|cant|p2a: Grafaiai|flinch
|move|p2b: Slaking|Body Slam|p1b: Rillaboom
|-damage|p1b: Rillaboom|42/100
|
|-weather|RainDance|[upkeep]
|-heal|p2b: Slaking|73/100|[from] item: Leftovers
|upkeep
|turn|7
|inactive|ScoobyDrewPOKMN has 30 seconds left.
|
|t:|1757815956
|move|p2a: Grafaiai|Gunk Shot|p1a: Archaludon
|-supereffective|p1a: Archaludon
|-damage|p1a: Archaludon|23/100
|-ability|p1a: Archaludon|Stamina|boost
|-boost|p1a: Archaludon|def|1
|move|p1a: Archaludon|Electro Shot||[still]
|-prepare|p1a: Archaludon|Electro Shot
|-boost|p1a: Archaludon|spa|1
|-anim|p1a: Archaludon|Electro Shot|p2b: Slaking
|-damage|p2b: Slaking|14/100
|move|p2b: Slaking|Body Slam|p1b: Rillaboom
|-damage|p1b: Rillaboom|0 fnt
|faint|p1b: Rillaboom
|
|-weather|none
|-heal|p2b: Slaking|20/100|[from] item: Leftovers
|-sideend|p1: Blitzenss|move: Tailwind
|upkeep
|
|t:|1757815971
|switch|p1b: Pelipper|Pelipper, L50, M|26/100 par
|-weather|RainDance|[from] ability: Drizzle|[of] p1b: Pelipper
|turn|8
|
|t:|1757815981
|move|p2a: Grafaiai|Gunk Shot|p1b: Pelipper
|-damage|p1b: Pelipper|0 fnt
|faint|p1b: Pelipper
|move|p2b: Slaking|Drain Punch|p1a: Archaludon
|-damage|p1a: Archaludon|7/100
|-heal|p2b: Slaking|26/100|[from] drain|[of] p1a: Archaludon
|-ability|p1a: Archaludon|Stamina|boost
|-boost|p1a: Archaludon|def|1
|move|p1a: Archaludon|Body Press|p2b: Slaking
|-supereffective|p2b: Slaking
|-damage|p2b: Slaking|0 fnt
|faint|p2b: Slaking
|
|-weather|RainDance|[upkeep]
|upkeep
|
|t:|1757815997
|switch|p2b: Sneasler|Sneasler, L50, F|88/100
|switch|p1b: Basculegion|Basculegion, L50, M|50/100 par
|turn|9
|
|t:|1757816017
|-terastallize|p2b: Sneasler|Stellar
|move|p1b: Basculegion|Aqua Jet|p2b: Sneasler
|-damage|p2b: Sneasler|13/100
|move|p2a: Grafaiai|Gunk Shot|p1a: Archaludon
|-supereffective|p1a: Archaludon
|-damage|p1a: Archaludon|0 fnt
|faint|p1a: Archaludon
|move|p2b: Sneasler|Dire Claw|p1b: Basculegion
|-resisted|p1b: Basculegion
|-damage|p1b: Basculegion|11/100 par
|
|-weather|RainDance|[upkeep]
|upkeep
|turn|10
|
|t:|1757816027
|cant|p1b: Basculegion|par
|move|p2a: Grafaiai|Gunk Shot|p1b: Basculegion
|-resisted|p1b: Basculegion
|-damage|p1b: Basculegion|0 fnt
|faint|p1b: Basculegion
|
|win|ScoobyDrewPOKMN
||ScoobyDrewPOKMN is ready for game 3.
|inactive|Blitzenss has 30 seconds to confirm battle start!
||Blitzenss is ready for game 3.
|uhtml|next|Next: Game 3 of 3
