|j|☆breloomb01
|j|☆Kevinsky
|html|breloomb01Kevinsky    
|uhtml|bestof|Game 2 of a best-of-3
|t:|1785506441
|gametype|doubles
|player|p1|breloomb01|roughneck|1238
|player|p2|Kevinsky|ruinmaniac|1224
|gen|9
|tier|[Gen 9 Champions] VGC 2026 Reg M-B (Bo3)
|rated|
|rule|Species Clause: Limit one of each Pokémon
|rule|Item Clause: Limit 1 of each item
|clearpoke
|poke|p1|Floette-Eternal, L50, F|
|poke|p1|Incineroar, L50, M|
|poke|p1|Sinistcha, L50|
|poke|p1|Garchomp, L50, M|
|poke|p1|Sneasler, L50, F|
|poke|p1|Rotom-Wash, L50|
|poke|p2|Delphox, L50, M|
|poke|p2|Staraptor, L50, M, shiny|
|poke|p2|Whimsicott, L50, F|
|poke|p2|Glimmora, L50, M|
|poke|p2|Garchomp, L50, M|
|poke|p2|Kingambit, L50, F|
|teampreview|4
|showteam|p1|Floette-Eternal||Floettite|FlowerVeil|DrainingKiss,DazzlingGleam,CalmMind,Protect|Modest||F|||50|]Incineroar||SitrusBerry|Intimidate|FakeOut,FlareBlitz,ThroatChop,PartingShot|Careful||M|||50|]Sinistcha||KasibBerry|Hospitality|Protect,RagePowder,MatchaGotcha,TrickRoom|Calm|||||50|]Garchomp||LifeOrb|RoughSkin|Earthquake,DragonClaw,RockSlide,Protect|Jolly||M|||50|]Sneasler||FocusSash|PoisonTouch|FakeOut,DireClaw,CloseCombat,Protect|Jolly||F|||50|]Rotom-Wash||Leftovers|Levitate|HydroPump,Protect,WillOWisp,Electroweb|Bold|||||50|
|showteam|p2|Delphox||Delphoxite|Blaze|HeatWave,Psychic,Encore,Protect|Timid||M|||50|]Staraptor||Staraptite|Intimidate|CloseCombat,BraveBird,Roost,Protect|Jolly||M|||50|]Whimsicott||OccaBerry|Prankster|Moonblast,Tailwind,Charm,LightScreen|Timid||F|||50|]Glimmora||FocusSash|ToxicDebris|SludgeBomb,PowerGem,EarthPower,SpikyShield|Timid||M|||50|]Garchomp||LifeOrb|RoughSkin|Earthquake,DragonClaw,RockSlide,Protect|Jolly||M|||50|]Kingambit||ChopleBerry|Defiant|KowtowCleave,IronHead,LowKick,SuckerPunch|Adamant||F|||50|
|inactive|Battle timer is ON: inactive players will automatically lose when time's up. (requested by Kevinsky)
|
|t:|1785506459
|teamsize|p1|4
|teamsize|p2|4
|start
|switch|p1a: Floette|Floette-Eternal, L50, F|100/100
|switch|p1b: Incineroar|Incineroar, L50, M|100/100
|switch|p2a: Whimsicott|Whimsicott, L50, F|100/100
|switch|p2b: Kingambit|Kingambit, L50, F|100/100
|-ability|p1b: Incineroar|Intimidate|boost
|-unboost|p2a: Whimsicott|atk|1
|-unboost|p2b: Kingambit|atk|1
|-ability|p2b: Kingambit|Defiant|boost
|-boost|p2b: Kingambit|atk|2
|turn|1
|
|t:|1785506471
|detailschange|p1a: Floette|Floette-Mega, L50, F
|-mega|p1a: Floette|Floette|Floettite
|-ability|p1a: Floette|Fairy Aura
|move|p1b: Incineroar|Fake Out|p2b: Kingambit
|-resisted|p2b: Kingambit|1
|-damage|p2b: Kingambit|96/100
|move|p2a: Whimsicott|Moonblast|p1b: Incineroar
|-damage|p1b: Incineroar|74/100
|move|p1a: Floette|Calm Mind|p1a: Floette
|-boost|p1a: Floette|spa|1
|-boost|p1a: Floette|spd|1
|cant|p2b: Kingambit|flinch
|
|upkeep
|turn|2
|
|t:|1785506486
|move|p1a: Floette|Protect|p1a: Floette
|-singleturn|p1a: Floette|Protect
|move|p2a: Whimsicott|Light Screen|p2a: Whimsicott
|-sidestart|p2: Kevinsky|move: Light Screen
|move|p1b: Incineroar|Parting Shot|p2a: Whimsicott
|-unboost|p2a: Whimsicott|atk|1
|-unboost|p2a: Whimsicott|spa|1
|
|t:|1785506493
|switch|p1b: Sneasler|Sneasler, L50, F|100/100|[from] Parting Shot
|move|p2b: Kingambit|Iron Head|p1b: Sneasler
|-enditem|p1b: Sneasler|Focus Sash
|-damage|p1b: Sneasler|1/100
|
|upkeep
|turn|3
|
|t:|1785506503
|switch|p1a: Rotom|Rotom-Wash, L50|100/100
|move|p1b: Sneasler|Close Combat|p2b: Kingambit
|-supereffective|p2b: Kingambit|2
|-crit|p2b: Kingambit
|-enditem|p2b: Kingambit|Chople Berry|[eat]
|-enditem|p2b: Kingambit|Chople Berry|[weaken]
|-damage|p2b: Kingambit|0 fnt
|-unboost|p1b: Sneasler|def|1
|-unboost|p1b: Sneasler|spd|1
|faint|p2b: Kingambit
|move|p2a: Whimsicott|Moonblast|p1b: Sneasler
|-damage|p1b: Sneasler|0 fnt
|faint|p1b: Sneasler
|
|upkeep
|
|t:|1785506513
|switch|p1b: Floette|Floette-Mega, L50, F|100/100
|switch|p2b: Staraptor|Staraptor, L50, M, shiny|100/100
|-ability|p2b: Staraptor|Intimidate|boost
|-unboost|p1a: Rotom|atk|1
|-unboost|p1b: Floette|atk|1
|-ability|p1b: Floette|Fairy Aura
|turn|4
|
|t:|1785506534
|detailschange|p2b: Staraptor|Staraptor-Mega, L50, M, shiny
|-mega|p2b: Staraptor|Staraptor|Staraptite
|move|p2a: Whimsicott|Charm|p2b: Staraptor
|-boost|p2b: Staraptor|atk|2
|move|p2b: Staraptor|Close Combat|p1a: Rotom
|-damage|p1a: Rotom|0 fnt
|-boost|p2b: Staraptor|def|1
|-boost|p2b: Staraptor|spd|1
|faint|p1a: Rotom
|move|p1b: Floette|Calm Mind|p1b: Floette
|-boost|p1b: Floette|spa|1
|-boost|p1b: Floette|spd|1
|
|upkeep
|
|t:|1785506538
|switch|p1a: Incineroar|Incineroar, L50, M|74/100
|-ability|p1a: Incineroar|Intimidate|boost
|-unboost|p2a: Whimsicott|atk|1
|-boost|p2b: Staraptor|atk|1
|turn|5
|
|t:|1785506553
|move|p2b: Staraptor|Protect|p2b: Staraptor
|-singleturn|p2b: Staraptor|Protect
|move|p1a: Incineroar|Fake Out|p2b: Staraptor
|-activate|p2b: Staraptor|move: Protect
|move|p2a: Whimsicott|Tailwind|p2a: Whimsicott
|-sidestart|p2: Kevinsky|move: Tailwind
|move|p1b: Floette|Dazzling Gleam|p2b: Staraptor|[spread] p2a
|-activate|p2b: Staraptor|move: Protect
|-damage|p2a: Whimsicott|26/100
|
|upkeep
|turn|6
|
|t:|1785506562
|move|p2b: Staraptor|Close Combat|p1a: Incineroar
|-supereffective|p1a: Incineroar|1
|-damage|p1a: Incineroar|0 fnt
|-boost|p2b: Staraptor|def|1
|-boost|p2b: Staraptor|spd|1
|faint|p1a: Incineroar
|move|p2a: Whimsicott|Moonblast|p1b: Floette
|-damage|p1b: Floette|88/100
|move|p1b: Floette|Draining Kiss|p2b: Staraptor
|-supereffective|p2b: Staraptor|1
|-damage|p2b: Staraptor|58/100
|-heal|p1b: Floette|100/100|[from] drain|[of] p2b: Staraptor
|
|-sideend|p2: Kevinsky|move: Light Screen
|upkeep
|turn|7
|
|t:|1785506570
|move|p2a: Whimsicott|Light Screen|p2a: Whimsicott
|-sidestart|p2: Kevinsky|move: Light Screen
|move|p2b: Staraptor|Brave Bird|p1b: Floette
|-damage|p1b: Floette|0 fnt
|faint|p1b: Floette
|-damage|p2b: Staraptor|26/100|[from] Recoil
|
|win|Kevinsky
|raw|breloomb01's rating: 1238 → 1212(-26 for losing)
|raw|Kevinsky's rating: 1224 → 1250(+26 for winning)
|l|☆Kevinsky
|player|p2|
