|j|☆JP the president
|j|☆imsavusnic
|html|JP the presidentimsavusnic    
|uhtml|bestof|Game 1 of a best-of-3
|t:|1784741571
|gametype|doubles
|player|p1|JP the president|steven|1112
|player|p2|imsavusnic|boarder|1084
|gen|9
|tier|[Gen 9 Champions] VGC 2026 Reg M-B (Bo3)
|rated|
|rule|Species Clause: Limit one of each Pokémon
|rule|Item Clause: Limit 1 of each item
|clearpoke
|poke|p1|Sableye, L50, M, shiny|
|poke|p1|Incineroar, L50, M, shiny|
|poke|p1|Swampert, L50, M|
|poke|p1|Charizard, L50, M, shiny|
|poke|p1|Venusaur, L50, M, shiny|
|poke|p1|Garchomp, L50, M|
|poke|p2|Charizard, L50, M|
|poke|p2|Grimmsnarl, L50, M|
|poke|p2|Pelipper, L50, M|
|poke|p2|Archaludon, L50, M|
|poke|p2|Basculegion, L50, M|
|poke|p2|Venusaur, L50, M|
|teampreview|4
|showteam|p1|Sableye||FocusSash|Prankster|ThunderWave,Disable,Encore,RainDance|Calm||M|||50|]Incineroar||SitrusBerry|Intimidate|FakeOut,FlareBlitz,PartingShot,Protect|Careful||M|||50|]Swampert||Swampertite|Damp|Earthquake,Protect,WaveCrash,IcePunch|Adamant||M|||50|]Charizard||CharizarditeY|SolarPower|HeatWave,AncientPower,Protect,SolarBeam|Hasty||M|||50|]Venusaur||Leftovers|Chlorophyll|LeechSeed,SludgeBomb,SleepPowder,Protect|Modest||M|||50|]Garchomp||LifeOrb|RoughSkin|Earthquake,Protect,RockSlide,DragonClaw|Jolly||M|||50|
|showteam|p2|Charizard||CharizarditeY|Blaze|HeatWave,WeatherBall,SolarBeam,Protect|Modest||M|||50|]Grimmsnarl||LightClay|Prankster|SpiritBreak,Reflect,LightScreen,PartingShot|Impish||M|||50|]Pelipper||SitrusBerry|Drizzle|WeatherBall,Hurricane,Tailwind,WideGuard|Jolly||M|||50|]Archaludon||Leftovers|Stamina|FlashCannon,DragonPulse,ElectroShot,Protect|Calm||M|||50|]Basculegion||ChoiceScarf|Adaptability|WaveCrash,AquaJet,LastRespects,FlipTurn|Jolly||M|||50|]Venusaur||FocusSash|Chlorophyll|SludgeBomb,EarthPower,SleepPowder,Protect|Modest||M|||50|
|inactive|Battle timer is ON: inactive players will automatically lose when time's up. (requested by JP the president)
|inactive|imsavusnic has 60 seconds left.
|
|t:|1784741635
|teamsize|p1|4
|teamsize|p2|4
|start
|switch|p1a: Lizardo|Charizard, L50, M, shiny|100/100
|switch|p1b: Incineroar|Incineroar, L50, M, shiny|100/100
|switch|p2a: Pelipper|Pelipper, L50, M|100/100
|switch|p2b: Basculegion|Basculegion, L50, M|100/100
|-weather|RainDance|[from] ability: Drizzle|[of] p2a: Pelipper
|-ability|p1b: Incineroar|Intimidate|boost
|-unboost|p2a: Pelipper|atk|1
|-unboost|p2b: Basculegion|atk|1
|turn|1
|inactive|JP the president has 30 seconds left.
|inactive|imsavusnic has 30 seconds left.
|inactive|JP the president has 20 seconds left.
|inactive|JP the president has 15 seconds left.
|inactive|JP the president has 10 seconds left.
|inactive|JP the president has 5 seconds left.
|
|t:|1784741690
|switch|p2a: Archaludon|Archaludon, L50, M|100/100
|move|p1b: Incineroar|Fake Out|p2a: Archaludon
|-resisted|p2a: Archaludon|1
|-damage|p2a: Archaludon|95/100
|-ability|p2a: Archaludon|Stamina|boost
|-boost|p2a: Archaludon|def|1
|move|p2b: Basculegion|Flip Turn|p1b: Incineroar
|-supereffective|p1b: Incineroar|1
|-damage|p1b: Incineroar|31/100
|-enditem|p1b: Incineroar|Sitrus Berry|[eat]
|-heal|p1b: Incineroar|56/100|[from] item: Sitrus Berry
|
|t:|1784741708
|switch|p2b: Pelipper|Pelipper, L50, M|100/100|[from] Flip Turn
|move|p1a: Lizardo|Heat Wave|p2a: Archaludon|[spread] p2a,p2b
|-resisted|p2b: Pelipper|1
|-damage|p2a: Archaludon|83/100
|-damage|p2b: Pelipper|89/100
|-ability|p2a: Archaludon|Stamina|boost
|-boost|p2a: Archaludon|def|1
|
|-weather|RainDance|[upkeep]
|-heal|p2a: Archaludon|89/100|[from] item: Leftovers
|upkeep
|turn|2
|inactive|JP the president has 30 seconds left.
|inactive|imsavusnic has 30 seconds left.
|
|t:|1784741740
|switch|p2b: Basculegion|Basculegion, L50, M|100/100
|detailschange|p1a: Lizardo|Charizard-Mega-Y, L50, M, shiny
|-mega|p1a: Lizardo|Charizard|Charizardite Y
|-weather|SunnyDay|[from] ability: Drought|[of] p1a: Lizardo
|move|p1a: Lizardo|Ancient Power|p2b: Basculegion
|-damage|p2b: Basculegion|69/100
|move|p2a: Archaludon|Dragon Pulse|p1a: Lizardo
|-damage|p1a: Lizardo|63/100
|move|p1b: Incineroar|Parting Shot|p2a: Archaludon
|-unboost|p2a: Archaludon|atk|1
|-unboost|p2a: Archaludon|spa|1
|
|t:|1784741763
|switch|p1b: Garchomp|Garchomp, L50, M|100/100|[from] Parting Shot
|
|-weather|SunnyDay|[upkeep]
|-heal|p2a: Archaludon|95/100|[from] item: Leftovers
|upkeep
|turn|3
|inactive|JP the president has 30 seconds left.
|
|t:|1784741789
|switch|p2a: Pelipper|Pelipper, L50, M|89/100
|-weather|RainDance|[from] ability: Drizzle|[of] p2a: Pelipper
|move|p1a: Lizardo|Protect|p1a: Lizardo
|-singleturn|p1a: Lizardo|Protect
|move|p2b: Basculegion|Flip Turn|p1a: Lizardo
|-activate|p1a: Lizardo|move: Protect
|move|p1b: Garchomp|Earthquake|p2a: Pelipper|[spread] p2b
|-activate|p1a: Lizardo|move: Protect
|-immune|p2a: Pelipper
|-damage|p2b: Basculegion|3/100
|-damage|p1b: Garchomp|90/100|[from] item: Life Orb
|
|-weather|RainDance|[upkeep]
|upkeep
|turn|4
|inactive|JP the president has 30 seconds left.
|inactive|imsavusnic has 30 seconds left.
|inactive|imsavusnic has 20 seconds left.
|
|t:|1784741824
|switch|p1a: Venusaur|Venusaur, L50, M, shiny|100/100
|move|p2a: Pelipper|Wide Guard|p2a: Pelipper
|-singleturn|p2a: Pelipper|Wide Guard
|move|p2b: Basculegion|Flip Turn|p1a: Venusaur
|-resisted|p1a: Venusaur|1
|-damage|p1a: Venusaur|65/100
|
|t:|1784741841
|switch|p2b: Charizard|Charizard, L50, M|100/100|[from] Flip Turn
|move|p1b: Garchomp|Dragon Claw|p2b: Charizard
|-damage|p2b: Charizard|41/100
|-damage|p1b: Garchomp|80/100|[from] item: Life Orb
|
|-weather|RainDance|[upkeep]
|-heal|p1a: Venusaur|71/100|[from] item: Leftovers
|upkeep
|turn|5
|inactive|JP the president has 30 seconds left.
|
|t:|1784741867
|switch|p1b: Lizardo|Charizard-Mega-Y, L50, M, shiny|63/100
|-weather|SunnyDay|[from] ability: Drought|[of] p1b: Lizardo
|move|p2b: Charizard|Protect|p2b: Charizard
|-singleturn|p2b: Charizard|Protect
|move|p1a: Venusaur|Sleep Powder|p2b: Charizard
|-activate|p2b: Charizard|move: Protect
|move|p2a: Pelipper|Tailwind|p2a: Pelipper
|-sidestart|p2: imsavusnic|move: Tailwind
|
|-weather|SunnyDay|[upkeep]
|-heal|p1a: Venusaur|77/100|[from] item: Leftovers
|upkeep
|turn|6
|inactive|JP the president has 30 seconds left.
|inactive|imsavusnic has 30 seconds left.
|
|t:|1784741899
|switch|p1a: Incineroar|Incineroar, L50, M, shiny|56/100
|-ability|p1a: Incineroar|Intimidate|boost
|-unboost|p2a: Pelipper|atk|1
|-unboost|p2b: Charizard|atk|1
|detailschange|p2b: Charizard|Charizard-Mega-Y, L50, M
|-mega|p2b: Charizard|Charizard|Charizardite Y
|move|p2b: Charizard|Heat Wave|p1a: Incineroar|[spread] p1a,p1b
|-resisted|p1a: Incineroar|1
|-resisted|p1b: Lizardo|1
|-damage|p1a: Incineroar|33/100
|-damage|p1b: Lizardo|34/100
|move|p2a: Pelipper|Weather Ball|p1b: Lizardo
|-resisted|p1b: Lizardo|1
|-damage|p1b: Lizardo|18/100
|move|p1b: Lizardo|Ancient Power|p2b: Charizard
|-supereffective|p2b: Charizard|2
|-damage|p2b: Charizard|0 fnt
|faint|p2b: Charizard
|
|-weather|SunnyDay|[upkeep]
|upkeep
|
|t:|1784741917
|switch|p2b: Basculegion|Basculegion, L50, M|3/100
|turn|7
|inactive|imsavusnic has 30 seconds left.
|
|t:|1784741943
|switch|p2a: Archaludon|Archaludon, L50, M|95/100
|switch|p1b: Garchomp|Garchomp, L50, M|80/100
|move|p1a: Incineroar|Fake Out|p2a: Archaludon
|-resisted|p2a: Archaludon|1
|-damage|p2a: Archaludon|91/100
|-ability|p2a: Archaludon|Stamina|boost
|-boost|p2a: Archaludon|def|1
|move|p2b: Basculegion|Flip Turn|p1a: Incineroar
|-supereffective|p1a: Incineroar|1
|-damage|p1a: Incineroar|0 fnt
|faint|p1a: Incineroar
|
|t:|1784741955
|switch|p2b: Pelipper|Pelipper, L50, M|89/100|[from] Flip Turn
|-weather|RainDance|[from] ability: Drizzle|[of] p2b: Pelipper
|
|-weather|RainDance|[upkeep]
|-heal|p2a: Archaludon|97/100|[from] item: Leftovers
|upkeep
|
|t:|1784741970
|switch|p1a: Lizardo|Charizard-Mega-Y, L50, M, shiny|18/100
|-weather|SunnyDay|[from] ability: Drought|[of] p1a: Lizardo
|turn|8
|inactive|imsavusnic has 30 seconds left.
|
|t:|1784742003
|move|p1b: Garchomp|Protect|p1b: Garchomp
|-singleturn|p1b: Garchomp|Protect
|move|p1a: Lizardo|Protect|p1a: Lizardo
|-singleturn|p1a: Lizardo|Protect
|move|p2b: Pelipper|Wide Guard|p2b: Pelipper
|-singleturn|p2b: Pelipper|Wide Guard
|move|p2a: Archaludon|Dragon Pulse|p1b: Garchomp
|-activate|p1b: Garchomp|move: Protect
|
|-weather|SunnyDay|[upkeep]
|-heal|p2a: Archaludon|100/100|[from] item: Leftovers
|-sideend|p2: imsavusnic|move: Tailwind
|upkeep
|turn|9
|
|t:|1784742025
|switch|p1b: Venusaur|Venusaur, L50, M, shiny|77/100
|move|p1a: Lizardo|Ancient Power|p2b: Pelipper
|-supereffective|p2b: Pelipper|1
|-damage|p2b: Pelipper|32/100
|-enditem|p2b: Pelipper|Sitrus Berry|[eat]
|-heal|p2b: Pelipper|56/100|[from] item: Sitrus Berry
|move|p2b: Pelipper|Tailwind|p2b: Pelipper
|-sidestart|p2: imsavusnic|move: Tailwind
|move|p2a: Archaludon|Dragon Pulse|p1b: Venusaur
|-damage|p1b: Venusaur|40/100
|
|-weather|SunnyDay|[upkeep]
|-heal|p1b: Venusaur|46/100|[from] item: Leftovers
|upkeep
|turn|10
|inactive|JP the president has 30 seconds left.
|inactive|imsavusnic has 30 seconds left.
|inactive|imsavusnic has 20 seconds left.
|
|t:|1784742064
|move|p2a: Archaludon|Protect|p2a: Archaludon
|-singleturn|p2a: Archaludon|Protect
|move|p1b: Venusaur|Sleep Powder|p2a: Archaludon
|-activate|p2a: Archaludon|move: Protect
|move|p2b: Pelipper|Weather Ball|p1b: Venusaur
|-supereffective|p1b: Venusaur|1
|-damage|p1b: Venusaur|0 fnt
|faint|p1b: Venusaur
|move|p1a: Lizardo|Heat Wave|p2b: Pelipper|[spread] p2b
|-activate|p2a: Archaludon|move: Protect
|-resisted|p2b: Pelipper|1
|-damage|p2b: Pelipper|19/100
|
|-weather|SunnyDay|[upkeep]
|upkeep
|
|t:|1784742085
|switch|p1b: Garchomp|Garchomp, L50, M|80/100
|turn|11
|
|t:|1784742108
|move|p1b: Garchomp|Protect|p1b: Garchomp
|-singleturn|p1b: Garchomp|Protect
|move|p2b: Pelipper|Wide Guard|p2b: Pelipper
|-singleturn|p2b: Pelipper|Wide Guard
|move|p2a: Archaludon|Dragon Pulse|p1b: Garchomp
|-activate|p1b: Garchomp|move: Protect
|move|p1a: Lizardo|Ancient Power|p2b: Pelipper
|-supereffective|p2b: Pelipper|1
|-damage|p2b: Pelipper|0 fnt
|faint|p2b: Pelipper
|
|-weather|SunnyDay|[upkeep]
|upkeep
|
|t:|1784742118
|switch|p2b: Basculegion|Basculegion, L50, M|3/100
|turn|12
|
|t:|1784742137
|move|p1b: Garchomp|Protect||[still]
|-fail|p1b: Garchomp
|move|p1a: Lizardo|Protect|p1a: Lizardo
|-singleturn|p1a: Lizardo|Protect
|move|p2b: Basculegion|Wave Crash|p1b: Garchomp
|-damage|p1b: Garchomp|45/100
|-damage|p2b: Basculegion|0 fnt|[from] ability: Rough Skin|[of] p1b: Garchomp
|faint|p2b: Basculegion
|move|p2a: Archaludon|Dragon Pulse|p1b: Garchomp
|-supereffective|p1b: Garchomp|1
|-damage|p1b: Garchomp|0 fnt
|faint|p1b: Garchomp
|
|-weather|none
|-sideend|p2: imsavusnic|move: Tailwind
|upkeep
|turn|13
|
|t:|1784742156
|move|p1a: Lizardo|Heat Wave|p2a: Archaludon|[miss]
|-miss|p1a: Lizardo|p2a: Archaludon
|move|p2a: Archaludon|Dragon Pulse|p1a: Lizardo
|-damage|p1a: Lizardo|0 fnt
|faint|p1a: Lizardo
|
|win|imsavusnic
||imsavusnic is ready for game 2.
||JP the president is ready for game 2.
|uhtml|next|Next: Game 2 of 3
