|j|☆jeanmape
|j|☆Donko28
|html|jeanmapeDonko28    
|uhtml|bestof|Game 2 of a best-of-3
|t:|1782224280
|gametype|doubles
|player|p1|jeanmape|linebacker|
|player|p2|Donko28|170|
|gen|9
|tier|[Gen 9 Champions] VGC 2026 Reg M-B (Bo3)
|rule|Species Clause: Limit one of each Pokémon
|rule|Item Clause: Limit 1 of each item
|clearpoke
|poke|p1|Pyroar, L50, M|
|poke|p1|Ninetales, L50, F|
|poke|p1|Corviknight, L50, F|
|poke|p1|Garchomp, L50, F|
|poke|p1|Sylveon, L50, F|
|poke|p1|Farigiraf, L50, M|
|poke|p2|Charizard, L50, F|
|poke|p2|Venusaur, L50, F|
|poke|p2|Incineroar, L50, M|
|poke|p2|Whimsicott, L50, F|
|poke|p2|Sneasler, L50, F|
|poke|p2|Garchomp, L50, M|
|teampreview|4
|showteam|p1|Pyroar||Pyroarite|Unnerve|HeatWave,Overheat,SolarBeam,Protect|Timid||M|||50|]Ninetales||ChoiceScarf|Drought|Overheat,HeatWave,Psyshock,SunnyDay|Modest||F|||50|]Corviknight||OccaBerry|MirrorArmor|Tailwind,BraveBird,Roost,Protect|Adamant||F|||50|]Garchomp||LifeOrb|RoughSkin|StompingTantrum,DragonClaw,RockSlide,Protect|Jolly||F|||50|]Sylveon||FairyFeather|Pixilate|HyperVoice,HyperBeam,QuickAttack,Detect|Modest||F|||50|]Farigiraf||SitrusBerry|ArmorTail|HyperVoice,Psychic,TrickRoom,HelpingHand|Modest||M|||50|
|showteam|p2|Charizard||CharizarditeY|SolarPower|HeatWave,SolarBeam,Protect,WeatherBall|Timid||F|||50|]Venusaur||WiseGlasses|Chlorophyll|SolarBeam,SludgeBomb,SleepPowder,Protect|Modest||F|||50|]Incineroar||SitrusBerry|Intimidate|DarkestLariat,PartingShot,FlareBlitz,FakeOut|Jolly||M|||50|]Whimsicott||FocusSash|Prankster|Moonblast,Tailwind,Encore,Protect|Timid||F|||50|]Sneasler||WhiteHerb|Unburden|CloseCombat,FakeOut,DireClaw,Protect|Jolly||F|||50|]Garchomp||LifeOrb|RoughSkin|Earthquake,DragonClaw,RockSlide,Protect|Jolly||M|||50|
|
|t:|1782224387
|teamsize|p1|4
|teamsize|p2|4
|start
|switch|p1a: Garchomp|Garchomp, L50, F|100/100
|switch|p1b: Pyroar|Pyroar, L50, M|100/100
|switch|p2a: Incineroar|Incineroar, L50, M|100/100
|switch|p2b: Whimsicott|Whimsicott, L50, F|100/100
|-ability|p1b: Pyroar|Unnerve
|-ability|p2a: Incineroar|Intimidate|boost
|-unboost|p1a: Garchomp|atk|1
|-unboost|p1b: Pyroar|atk|1
|turn|1
|
|t:|1782224468
|switch|p1a: Farigiraf|Farigiraf, L50, M|100/100
|detailschange|p1b: Pyroar|Pyroar-Mega, L50, M
|-mega|p1b: Pyroar|Pyroar|Pyroarite
|move|p2a: Incineroar|Fake Out||[still]
|cant|p1a: Farigiraf|ability: Armor Tail|Fake Out|[of] p2a: Incineroar
|move|p2b: Whimsicott|Tailwind|p2b: Whimsicott
|-sidestart|p2: Donko28|move: Tailwind
|move|p1b: Pyroar|Heat Wave|p2b: Whimsicott|[spread] p2a,p2b
|-resisted|p2a: Incineroar|1
|-supereffective|p2b: Whimsicott|1
|-damage|p2a: Incineroar|71/100
|-enditem|p2b: Whimsicott|Focus Sash
|-damage|p2b: Whimsicott|1/100
|-status|p2b: Whimsicott|brn
|
|-damage|p2b: Whimsicott|0 fnt|[from] brn
|faint|p2b: Whimsicott
|upkeep
|
|t:|1782224488
|switch|p2b: Charizard|Charizard, L50, F|100/100
|turn|2
|
|t:|1782224534
|detailschange|p2b: Charizard|Charizard-Mega-Y, L50, F
|-mega|p2b: Charizard|Charizard|Charizardite Y
|-weather|SunnyDay|[from] ability: Drought|[of] p2b: Charizard
|move|p1a: Farigiraf|Helping Hand|p1b: Pyroar
|-singleturn|p1b: Pyroar|Helping Hand|[of] p1a: Farigiraf
|move|p2b: Charizard|Weather Ball|p1a: Farigiraf
|-damage|p1a: Farigiraf|17/100
|-enditem|p1a: Farigiraf|Sitrus Berry|[eat]
|-heal|p1a: Farigiraf|42/100|[from] item: Sitrus Berry
|move|p2a: Incineroar|Parting Shot|p1b: Pyroar
|-unboost|p1b: Pyroar|atk|1
|-unboost|p1b: Pyroar|spa|1
|
|t:|1782224547
|switch|p2a: Venusaur|Venusaur, L50, F|100/100|[from] Parting Shot
|move|p1b: Pyroar|Overheat|p2b: Charizard
|-resisted|p2b: Charizard|1
|-damage|p2b: Charizard|27/100
|-unboost|p1b: Pyroar|spa|2
|
|-weather|SunnyDay|[upkeep]
|upkeep
|turn|3
|
|t:|1782224572
|move|p1b: Pyroar|Protect|p1b: Pyroar
|-singleturn|p1b: Pyroar|Protect
|move|p2a: Venusaur|Sludge Bomb|p1b: Pyroar
|-activate|p1b: Pyroar|move: Protect
|move|p2b: Charizard|Heat Wave|p1b: Pyroar|[spread] p1a
|-activate|p1b: Pyroar|move: Protect
|-damage|p1a: Farigiraf|0 fnt
|faint|p1a: Farigiraf
|
|-weather|SunnyDay|[upkeep]
|upkeep
|
|t:|1782224588
|switch|p1a: Corviknight|Corviknight, L50, F|100/100
|turn|4
|
|t:|1782224607
|move|p2a: Venusaur|Sleep Powder|p1b: Pyroar|[miss]
|-miss|p2a: Venusaur|p1b: Pyroar
|move|p2b: Charizard|Weather Ball|p1a: Corviknight
|-supereffective|p1a: Corviknight|1
|-enditem|p1a: Corviknight|Occa Berry|[eat]
|-enditem|p1a: Corviknight|Occa Berry|[weaken]
|-damage|p1a: Corviknight|14/100
|move|p1b: Pyroar|Heat Wave|p2b: Charizard|[spread] p2a,p2b
|-supereffective|p2a: Venusaur|1
|-crit|p2a: Venusaur
|-resisted|p2b: Charizard|1
|-damage|p2a: Venusaur|0 fnt
|-damage|p2b: Charizard|9/100
|faint|p2a: Venusaur
|move|p1a: Corviknight|Tailwind|p1a: Corviknight
|-sidestart|p1: jeanmape|move: Tailwind
|
|-weather|SunnyDay|[upkeep]
|-sideend|p2: Donko28|move: Tailwind
|upkeep
|
|t:|1782224621
|switch|p2a: Incineroar|Incineroar, L50, M|71/100
|-ability|p2a: Incineroar|Intimidate|boost
|-ability|p1a: Corviknight|Mirror Armor
|-unboost|p2a: Incineroar|atk|1
|-unboost|p1b: Pyroar|atk|1
|turn|5
|
|t:|1782224740
|move|p1b: Pyroar|Protect|p1b: Pyroar
|-singleturn|p1b: Pyroar|Protect
|move|p1a: Corviknight|Protect|p1a: Corviknight
|-singleturn|p1a: Corviknight|Protect
|move|p2a: Incineroar|Fake Out|p1b: Pyroar
|-activate|p1b: Pyroar|move: Protect
|move|p2b: Charizard|Heat Wave|p1a: Corviknight|[spread] 
|-activate|p1a: Corviknight|move: Protect
|-activate|p1b: Pyroar|move: Protect
|
|-weather|SunnyDay|[upkeep]
|upkeep
|turn|6
|
|t:|1782224769
|move|p1b: Pyroar|Heat Wave|p2a: Incineroar|[spread] p2a,p2b
|-resisted|p2a: Incineroar|1
|-resisted|p2b: Charizard|1
|-damage|p2a: Incineroar|57/100
|-damage|p2b: Charizard|0 fnt
|faint|p2b: Charizard
|move|p1a: Corviknight|Brave Bird|p2a: Incineroar
|-damage|p2a: Incineroar|22/100
|-enditem|p2a: Incineroar|Sitrus Berry|[eat]
|-heal|p2a: Incineroar|47/100|[from] item: Sitrus Berry
|-damage|p1a: Corviknight|3/100|[from] Recoil
|move|p2a: Incineroar|Darkest Lariat|p1b: Pyroar
|-damage|p1b: Pyroar|72/100
|
|-weather|none
|upkeep
|turn|7
|-message|Donko28 forfeited.
|
|win|jeanmape
|l|☆Donko28
|player|p2|
