|j|☆veryreally
|j|☆wittraid
|html|veryreallywittraid    
|uhtml|bestof|Game 2 of a best-of-3
|t:|1757080676
|gametype|doubles
|player|p1|veryreally|266|1233
|player|p2|wittraid|101|1205
|gen|9
|tier|[Gen 9] VGC 2025 Reg H (Bo3)
|rated|
|rule|Species Clause: Limit one of each Pokémon
|rule|Item Clause: Limit 1 of each item
|clearpoke
|poke|p1|Baxcalibur, L50, F|
|poke|p1|Dondozo, L50, M|
|poke|p1|Kingambit, L50, M|
|poke|p1|Rillaboom, L50, M|
|poke|p1|Sneasler, L50, F|
|poke|p1|Volcarona, L50, M|
|poke|p2|Pelipper, L50, F|
|poke|p2|Archaludon, L50, F|
|poke|p2|Basculegion, L50, M|
|poke|p2|Incineroar, L50, F|
|poke|p2|Sinistcha-Masterpiece, L50|
|poke|p2|Dragonite, L50, F|
|teampreview|4
|showteam|p1|Baxcalibur||LoadedDice|ThermalExchange|IcicleSpear,ScaleShot,Protect,IceShard|||F|||50|,,,,,Ghost]Dondozo||Leftovers|Unaware|Liquidation,Fissure,Protect,Yawn|||M|||50|,,,,,Bug]Kingambit||SafetyGoggles|Defiant|KowtowCleave,SuckerPunch,Protect,SwordsDance|||M|||50|,,,,,Dark]Rillaboom||AssaultVest|GrassySurge|FakeOut,GrassyGlide,HighHorsepower,WoodHammer|||M|||50|,,,,,Water]Sneasler||FocusSash|Unburden|DireClaw,CloseCombat,Protect,Coaching|||F|||50|,,,,,Stellar]Volcarona||CovertCloak|FlameBody|HeatWave,TeraBlast,RagePowder,QuiverDance|||M|||50|,,,,,Fairy
|showteam|p2|Pelipper||FocusSash|Drizzle|Tailwind,WideGuard,Hurricane,Protect|||F|||50|,,,,,Ghost]Archaludon||AssaultVest|Stamina|ElectroShot,DragonPulse,BodyPress,Snarl|||F|||50|,,,,,Grass]Basculegion||ChoiceBand|SwiftSwim|WaveCrash,LastRespects,AquaJet,FlipTurn|||M|||50|,,,,,Grass]Incineroar||SafetyGoggles|Intimidate|FakeOut,KnockOff,Taunt,PartingShot|||F|||50|,,,,,Ghost]Sinistcha-Masterpiece||SitrusBerry|Hospitality|RagePowder,MatchaGotcha,TrickRoom,Protect||||||50|,,,,,Dark]Dragonite||LoadedDice|InnerFocus|ScaleShot,ExtremeSpeed,Haze,Protect|||F|||50|,,,,,Normal
|inactive|Battle timer is ON: inactive players will automatically lose when time's up. (requested by wittraid)
|
|t:|1757080687
|teamsize|p1|4
|teamsize|p2|4
|start
|switch|p1a: Sneasler|Sneasler, L50, F|100/100
|switch|p1b: Baxcalibur|Baxcalibur, L50, F|100/100
|switch|p2a: Pelipper|Pelipper, L50, F|100/100
|switch|p2b: Archaludon|Archaludon, L50, F|100/100
|-weather|RainDance|[from] ability: Drizzle|[of] p2a: Pelipper
|turn|1
|
|t:|1757080704
|-terastallize|p2b: Archaludon|Grass
|move|p1a: Sneasler|Dire Claw|p2a: Pelipper
|-damage|p2a: Pelipper|59/100
|-status|p2a: Pelipper|par
|move|p1b: Baxcalibur|Icicle Spear|p2a: Pelipper
|-damage|p2a: Pelipper|42/100 par
|-damage|p2a: Pelipper|27/100 par
|-crit|p2a: Pelipper
|-damage|p2a: Pelipper|2/100 par
|-damage|p2a: Pelipper|0 fnt
|faint|p2a: Pelipper
|-hitcount|p2: Pelipper|4
|move|p2b: Archaludon|Electro Shot||[still]
|-prepare|p2b: Archaludon|Electro Shot
|-boost|p2b: Archaludon|spa|1
|-anim|p2b: Archaludon|Electro Shot|p1b: Baxcalibur
|-resisted|p1b: Baxcalibur
|-damage|p1b: Baxcalibur|70/100
|
|-weather|RainDance|[upkeep]
|upkeep
|
|t:|1757080722
|switch|p2a: Incineroar|Incineroar, L50, F|100/100
|-ability|p2a: Incineroar|Intimidate|boost
|-unboost|p1a: Sneasler|atk|1
|-unboost|p1b: Baxcalibur|atk|1
|turn|2
|
|t:|1757080734
|move|p1a: Sneasler|Protect|p1a: Sneasler
|-singleturn|p1a: Sneasler|Protect
|move|p1b: Baxcalibur|Protect|p1b: Baxcalibur
|-singleturn|p1b: Baxcalibur|Protect
|move|p2a: Incineroar|Fake Out|p1a: Sneasler
|-activate|p1a: Sneasler|move: Protect
|move|p2b: Archaludon|Electro Shot||[still]
|-prepare|p2b: Archaludon|Electro Shot
|-boost|p2b: Archaludon|spa|1
|-anim|p2b: Archaludon|Electro Shot|p1a: Sneasler
|-activate|p1a: Sneasler|move: Protect
|
|-weather|RainDance|[upkeep]
|upkeep
|turn|3
|
|t:|1757080759
|switch|p1b: Rillaboom|Rillaboom, L50, M|100/100
|-fieldstart|move: Grassy Terrain|[from] ability: Grassy Surge|[of] p1b: Rillaboom
|-terastallize|p1a: Sneasler|Stellar
|move|p1a: Sneasler|Close Combat|p2a: Incineroar
|-supereffective|p2a: Incineroar
|-damage|p2a: Incineroar|7/100
|-unboost|p1a: Sneasler|def|1
|-unboost|p1a: Sneasler|spd|1
|move|p2b: Archaludon|Dragon Pulse|p1b: Rillaboom
|-damage|p1b: Rillaboom|51/100
|move|p2a: Incineroar|Parting Shot|p1a: Sneasler
|-unboost|p1a: Sneasler|atk|1
|-unboost|p1a: Sneasler|spa|1
|
|t:|1757080773
|switch|p2a: Dragonite|Dragonite, L50, F|100/100|[from] Parting Shot
|
|-weather|RainDance|[upkeep]
|-heal|p1b: Rillaboom|57/100|[from] Grassy Terrain
|upkeep
|turn|4
|
|t:|1757080797
|switch|p1a: Baxcalibur|Baxcalibur, L50, F|70/100
|move|p1b: Rillaboom|Fake Out|p2a: Dragonite
|-damage|p2a: Dragonite|84/100
|move|p2a: Dragonite|Scale Shot|p1a: Baxcalibur
|-supereffective|p1a: Baxcalibur
|-damage|p1a: Baxcalibur|39/100
|-supereffective|p1a: Baxcalibur
|-damage|p1a: Baxcalibur|11/100
|-supereffective|p1a: Baxcalibur
|-damage|p1a: Baxcalibur|0 fnt
|faint|p1a: Baxcalibur
|-hitcount|p1: Baxcalibur|3
|-unboost|p2a: Dragonite|def|1
|-boost|p2a: Dragonite|spe|1
|move|p2b: Archaludon|Electro Shot||[still]
|-prepare|p2b: Archaludon|Electro Shot
|-boost|p2b: Archaludon|spa|1
|-anim|p2b: Archaludon|Electro Shot|p1b: Rillaboom
|-resisted|p1b: Rillaboom
|-damage|p1b: Rillaboom|25/100
|
|-weather|RainDance|[upkeep]
|-heal|p1b: Rillaboom|31/100|[from] Grassy Terrain
|upkeep
|
|t:|1757080810
|switch|p1a: Sneasler|Sneasler, L50, F, tera:Stellar|100/100
|turn|5
|inactive|wittraid has 30 seconds left.
|
|t:|1757080836
|move|p1a: Sneasler|Protect|p1a: Sneasler
|-singleturn|p1a: Sneasler|Protect
|move|p1b: Rillaboom|Grassy Glide|p2a: Dragonite
|-resisted|p2a: Dragonite
|-damage|p2a: Dragonite|70/100
|move|p2a: Dragonite|Scale Shot|p1a: Sneasler
|-activate|p1a: Sneasler|move: Protect
|move|p2b: Archaludon|Electro Shot||[still]
|-prepare|p2b: Archaludon|Electro Shot
|-boost|p2b: Archaludon|spa|1
|-anim|p2b: Archaludon|Electro Shot|p1a: Sneasler
|-activate|p1a: Sneasler|move: Protect
|
|-weather|none
|-heal|p1b: Rillaboom|37/100|[from] Grassy Terrain
|upkeep
|turn|6
|
|t:|1757080858
|switch|p1b: Dondozo|Dondozo, L50, M|100/100
|move|p2a: Dragonite|Scale Shot|p1a: Sneasler
|-damage|p1a: Sneasler|73/100
|-crit|p1a: Sneasler
|-damage|p1a: Sneasler|33/100
|-damage|p1a: Sneasler|9/100
|-damage|p1a: Sneasler|0 fnt
|faint|p1a: Sneasler
|-hitcount|p1: Sneasler|4
|-unboost|p2a: Dragonite|def|1
|-boost|p2a: Dragonite|spe|1
|move|p2b: Archaludon|Dragon Pulse|p1b: Dondozo
|-damage|p1b: Dondozo|75/100
|
|-heal|p1b: Dondozo|82/100|[from] Grassy Terrain
|-heal|p1b: Dondozo|88/100|[from] item: Leftovers
|upkeep
|
|t:|1757080861
|switch|p1a: Rillaboom|Rillaboom, L50, M|37/100
|turn|7
|inactive|wittraid has 30 seconds left.
|
|t:|1757080886
|move|p1a: Rillaboom|Fake Out|p2b: Archaludon
|-damage|p2b: Archaludon|92/100
|-ability|p2b: Archaludon|Stamina|boost
|-boost|p2b: Archaludon|def|1
|move|p2a: Dragonite|Scale Shot|p1a: Rillaboom
|-damage|p1a: Rillaboom|22/100
|-damage|p1a: Rillaboom|7/100
|-damage|p1a: Rillaboom|0 fnt
|faint|p1a: Rillaboom
|-hitcount|p1: Rillaboom|3
|-unboost|p2a: Dragonite|def|1
|-boost|p2a: Dragonite|spe|1
|cant|p2b: Archaludon|flinch
|move|p1b: Dondozo|Fissure|p2b: Archaludon|[miss]
|-miss|p1b: Dondozo|p2b: Archaludon
|
|-heal|p2b: Archaludon|98/100|[from] Grassy Terrain
|-heal|p1b: Dondozo|94/100|[from] Grassy Terrain
|-heal|p1b: Dondozo|100/100|[from] item: Leftovers
|-fieldend|move: Grassy Terrain
|upkeep
|turn|8
|
|t:|1757080908
|move|p2a: Dragonite|Scale Shot|p1b: Dondozo
|-damage|p1b: Dondozo|91/100
|-damage|p1b: Dondozo|83/100
|-damage|p1b: Dondozo|75/100
|-damage|p1b: Dondozo|65/100
|-damage|p1b: Dondozo|56/100
|-hitcount|p1b: Dondozo|5
|-unboost|p2a: Dragonite|def|1
|-boost|p2a: Dragonite|spe|1
|move|p2b: Archaludon|Electro Shot||[still]
|-prepare|p2b: Archaludon|Electro Shot
|-boost|p2b: Archaludon|spa|1
|move|p1b: Dondozo|Fissure|p2b: Archaludon
|-damage|p2b: Archaludon|0 fnt
|faint|p2b: Archaludon
|-ohko
|
|-heal|p1b: Dondozo|62/100|[from] item: Leftovers
|upkeep
|
|t:|1757080926
|switch|p2b: Incineroar|Incineroar, L50, F|7/100
|-ability|p2b: Incineroar|Intimidate|boost
|-unboost|p1b: Dondozo|atk|1
|turn|9
|-message|veryreally forfeited.
|
|win|wittraid
|raw|veryreally's rating: 1233 → 1206(-27 for losing)
|raw|wittraid's rating: 1205 → 1232(+27 for winning)
|l|☆veryreally
|player|p1|
