|j|☆olciax34
|j|☆tmjp01
|html|olciax34tmjp01    
|uhtml|bestof|Game 1 of a best-of-3
|t:|1782243915
|gametype|doubles
|player|p1|olciax34|170|1220
|player|p2|tmjp01|169|1157
|gen|9
|tier|[Gen 9 Champions] VGC 2026 Reg M-B (Bo3)
|rated|
|rule|Species Clause: Limit one of each Pokémon
|rule|Item Clause: Limit 1 of each item
|clearpoke
|poke|p1|Garchomp, L50, M|
|poke|p1|Gholdengo, L50|
|poke|p1|Whimsicott, L50, M|
|poke|p1|Incineroar, L50, M|
|poke|p1|Kangaskhan, L50, F|
|poke|p1|Charizard, L50, M|
|poke|p2|Corviknight, L50, F|
|poke|p2|Tyranitar, L50, F|
|poke|p2|Hydreigon, L50, M|
|poke|p2|Froslass, L50, F|
|poke|p2|Garchomp, L50, M|
|poke|p2|Arcanine-Hisui, L50, F|
|teampreview|4
|showteam|p1|Garchomp||LifeOrb|RoughSkin|Earthquake,RockSlide,DragonClaw,Protect|Jolly||M|||50|]Gholdengo||SpellTag|GoodasGold|MakeItRain,ShadowBall,NastyPlot,Protect|Modest|||||50|]Whimsicott||FocusSash|Prankster|Moonblast,Tailwind,Encore,Protect|Timid||M|||50|]Incineroar||SitrusBerry|Intimidate|FakeOut,ThroatChop,FlareBlitz,PartingShot|Careful||M|||50|]Kangaskhan||Kangaskhanite|Scrappy|FakeOut,IcePunch,LowKick,DoubleEdge|Adamant||F|||50|]Charizard||CharizarditeY|SolarPower|HeatWave,WeatherBall,SolarBeam,Protect|Modest||M|||50|
|showteam|p2|Corviknight||OccaBerry|MirrorArmor|BraveBird,Protect,IronHead,Tailwind|Adamant||F|||50|]Tyranitar||Tyranitarite|SandStream|Protect,KnockOff,RockSlide,DragonDance|Adamant||F|||50|]Hydreigon||ChoiceScarf|Levitate|DarkPulse,DracoMeteor,EarthPower,ZenHeadbutt|Timid||M|||50|]Froslass||Froslassite|SnowCloak|Blizzard,Protect,ShadowBall,WeatherBall|Timid||F|||50|]Garchomp||LifeOrb|RoughSkin|Protect,DragonClaw,RockSlide,Earthquake|Jolly||M|||50|]Arcanine-Hisui||FocusSash|RockHead|Protect,HeadSmash,ExtremeSpeed,FlareBlitz|Adamant||F|||50|
|inactive|Battle timer is ON: inactive players will automatically lose when time's up. (requested by olciax34)
|inactive|tmjp01 has 60 seconds left.
|
|t:|1782243957
|teamsize|p1|4
|teamsize|p2|4
|start
|switch|p1a: Kangaskhan|Kangaskhan, L50, F|100/100
|switch|p1b: Incineroar|Incineroar, L50, M|100/100
|switch|p2a: Corviknight|Corviknight, L50, F|100/100
|switch|p2b: Arcanine|Arcanine-Hisui, L50, F|100/100
|-ability|p1b: Incineroar|Intimidate|boost
|-ability|p2a: Corviknight|Mirror Armor
|-unboost|p1b: Incineroar|atk|1
|-unboost|p2b: Arcanine|atk|1
|turn|1
|inactive|olciax34 has 30 seconds left.
|
|t:|1782243995
|switch|p1a: Whimsicott|Whimsicott, L50, M|100/100
|switch|p1b: Garchomp|Garchomp, L50, M|100/100
|move|p2b: Arcanine|Protect|p2b: Arcanine
|-singleturn|p2b: Arcanine|Protect
|move|p2a: Corviknight|Protect||[still]
|-fail|p2a: Corviknight
|
|upkeep
|turn|2
|inactive|tmjp01 has 30 seconds left.
|
|t:|1782244020
|move|p1a: Whimsicott|Encore|p2b: Arcanine
|-start|p2b: Arcanine|Encore
|move|p2b: Arcanine|Protect||[still]
|-fail|p2b: Arcanine
|move|p1b: Garchomp|Rock Slide|p2b: Arcanine|[spread] p2b
|-miss|p1b: Garchomp|p2a: Corviknight
|-supereffective|p2b: Arcanine|1
|-damage|p2b: Arcanine|33/100
|-damage|p1b: Garchomp|90/100|[from] item: Life Orb
|move|p2a: Corviknight|Tailwind|p2a: Corviknight
|-sidestart|p2: tmjp01|move: Tailwind
|
|upkeep
|turn|3
|inactive|tmjp01 has 30 seconds left.
|
|t:|1782244047
|move|p2b: Arcanine|Protect|p2b: Arcanine
|-singleturn|p2b: Arcanine|Protect
|move|p1a: Whimsicott|Encore|p2a: Corviknight
|-start|p2a: Corviknight|Encore
|move|p2a: Corviknight|Tailwind||[still]
|-fail|p2a: Corviknight
|move|p1b: Garchomp|Rock Slide|p2a: Corviknight|[spread] p2a
|-activate|p2b: Arcanine|move: Protect
|-damage|p2a: Corviknight|79/100
|-damage|p1b: Garchomp|80/100|[from] item: Life Orb
|
|upkeep
|turn|4
|
|t:|1782244061
|switch|p2a: Froslass|Froslass, L50, F|100/100
|move|p2b: Arcanine|Protect||[still]
|-fail|p2b: Arcanine
|move|p1a: Whimsicott|Moonblast|p2a: Froslass
|-damage|p2a: Froslass|48/100
|move|p1b: Garchomp|Rock Slide|p2b: Arcanine|[spread] p2b
|-miss|p1b: Garchomp|p2a: Froslass
|-supereffective|p2b: Arcanine|1
|-damage|p2b: Arcanine|0 fnt
|faint|p2b: Arcanine
|-damage|p1b: Garchomp|70/100|[from] item: Life Orb
|
|upkeep
|
|t:|1782244070
|switch|p2b: Garchomp|Garchomp, L50, M|100/100
|turn|5
|
|t:|1782244080
|switch|p2a: Corviknight|Corviknight, L50, F|79/100
|move|p1a: Whimsicott|Protect|p1a: Whimsicott
|-singleturn|p1a: Whimsicott|Protect
|move|p1b: Garchomp|Protect|p1b: Garchomp
|-singleturn|p1b: Garchomp|Protect
|move|p2b: Garchomp|Earthquake|p1a: Whimsicott|[spread] 
|-activate|p1a: Whimsicott|move: Protect
|-activate|p1b: Garchomp|move: Protect
|-immune|p2a: Corviknight
|
|-sideend|p2: tmjp01|move: Tailwind
|upkeep
|turn|6
|
|t:|1782244097
|move|p1a: Whimsicott|Tailwind|p1a: Whimsicott
|-sidestart|p1: olciax34|move: Tailwind
|move|p1b: Garchomp|Dragon Claw|p2b: Garchomp
|-supereffective|p2b: Garchomp|1
|-damage|p2b: Garchomp|0 fnt
|-damage|p1b: Garchomp|58/100|[from] ability: Rough Skin|[of] p2b: Garchomp
|faint|p2b: Garchomp
|-damage|p1b: Garchomp|48/100|[from] item: Life Orb
|move|p2a: Corviknight|Tailwind|p2a: Corviknight
|-sidestart|p2: tmjp01|move: Tailwind
|
|upkeep
|
|t:|1782244102
|switch|p2b: Froslass|Froslass, L50, F|48/100
|turn|7
|
|t:|1782244118
|detailschange|p2b: Froslass|Froslass-Mega, L50, F
|-mega|p2b: Froslass|Froslass|Froslassite
|-weather|Snowscape|[from] ability: Snow Warning|[of] p2b: Froslass
|move|p1a: Whimsicott|Encore|p2a: Corviknight
|-start|p2a: Corviknight|Encore
|move|p2b: Froslass|Blizzard|p1b: Garchomp|[spread] p1a,p1b
|-supereffective|p1a: Whimsicott|1
|-supereffective|p1b: Garchomp|2
|-enditem|p1a: Whimsicott|Focus Sash
|-damage|p1a: Whimsicott|1/100
|-damage|p1b: Garchomp|0 fnt
|faint|p1b: Garchomp
|move|p2a: Corviknight|Tailwind||[still]
|-fail|p2a: Corviknight
|
|-weather|Snowscape|[upkeep]
|upkeep
|
|t:|1782244133
|switch|p1b: Kangaskhan|Kangaskhan, L50, F|100/100
|turn|8
|-message|tmjp01 forfeited.
|
|win|olciax34
||tmjp01 is ready for game 2.
||olciax34 is ready for game 2.
|uhtml|next|Next: Game 2 of 3
|l|☆olciax34
|player|p1|
