|j|Ōśåleogamemaster
|j|Ōśåsmearglehater21
|html|leogamemastersmearglehater21    
|uhtml|bestof|Game 2 of a best-of-3
|t:|1784737915
|gametype|doubles
|player|p1|leogamemaster|lucas|1247
|player|p2|smearglehater21|nate|1119
|gen|9
|tier|[Gen 9 Champions] VGC 2026 Reg M-B (Bo3)
|rated|
|rule|Species Clause: Limit one of each Pok├®mon
|rule|Item Clause: Limit 1 of each item
|clearpoke
|poke|p1|Floette-Eternal, L50, F|
|poke|p1|Garchomp, L50, F|
|poke|p1|Incineroar, L50, M|
|poke|p1|Sinistcha, L50|
|poke|p1|Gholdengo, L50|
|poke|p1|Raichu, L50, M|
|poke|p2|Kingambit, L50, M|
|poke|p2|Whimsicott, L50, F|
|poke|p2|Basculegion, L50, M|
|poke|p2|Garchomp, L50, M|
|poke|p2|Charizard, L50, F|
|poke|p2|Floette-Eternal, L50, F|
|teampreview|4
|showteam|p1|Floette-Eternal||Floettite|FlowerVeil|Protect,Moonblast,DazzlingGleam,LightofRuin|Timid||F|||50|]Garchomp||LifeOrb|RoughSkin|Protect,RockSlide,DragonClaw,StompingTantrum|Jolly||F|||50|]Incineroar||SitrusBerry|Intimidate|FakeOut,PartingShot,FlareBlitz,ThroatChop|Careful||M|||50|]Sinistcha||KasibBerry|Hospitality|RagePowder,MatchaGotcha,LifeDew,LeafStorm|Bold|||||50|]Gholdengo||MetalCoat|GoodasGold|Protect,NastyPlot,MakeItRain,ShadowBall|Modest|||||50|]Raichu||RaichuniteY|Static|Protect,FakeOut,ZapCannon,FocusBlast|Timid||M|||50|
|showteam|p2|Kingambit||ChopleBerry|Defiant|KowtowCleave,LowKick,SuckerPunch,IronHead|Adamant||M|||50|]Whimsicott||FocusSash|Prankster|Moonblast,Tailwind,Encore,Protect|Timid||F|||50|]Basculegion||MysticWater|Adaptability|WaveCrash,LastRespects,AquaJet,Protect|Adamant||M|||50|]Garchomp||LifeOrb|RoughSkin|DragonClaw,RockSlide,Earthquake,Protect|Jolly||M|||50|]Charizard||CharizarditeY|Blaze|WeatherBall,HeatWave,SolarBeam,Protect|Modest||F|||50|]Floette-Eternal||Floettite|FlowerVeil|Moonblast,DazzlingGleam,LightofRuin,Protect|Timid||F|||50|
|inactive|Battle timer is ON: inactive players will automatically lose when time's up. (requested by smearglehater21)
|c|Ōśåleogamemaster|did not derserve that win
|c|Ōśåleogamemaster|i got lucky
|
|t:|1784737940
|teamsize|p1|4
|teamsize|p2|4
|start
|switch|p1a: Raichu|Raichu, L50, M|100/100
|switch|p1b: Incineroar|Incineroar, L50, M|100/100
|switch|p2a: Garchomp|Garchomp, L50, M|100/100
|switch|p2b: Kingambit|Kingambit, L50, M|100/100
|-ability|p1b: Incineroar|Intimidate|boost
|-unboost|p2a: Garchomp|atk|1
|-unboost|p2b: Kingambit|atk|1
|-ability|p2b: Kingambit|Defiant|boost
|-boost|p2b: Kingambit|atk|2
|turn|1
|c|Ōśåsmearglehater21|Not that much, you played it well tbf
|c|Ōśåleogamemaster|maybe
|inactive|smearglehater21 has 30 seconds left.
|
|t:|1784737968
|switch|p2b: Whimsicott|Whimsicott, L50, F|100/100
|detailschange|p1a: Raichu|Raichu-Mega-Y, L50, M
|-mega|p1a: Raichu|Raichu|Raichunite Y
|move|p2a: Garchomp|Protect|p2a: Garchomp
|-singleturn|p2a: Garchomp|Protect
|move|p1b: Incineroar|Fake Out|p2b: Whimsicott
|-damage|p2b: Whimsicott|85/100
|move|p1a: Raichu|Focus Blast|p2b: Whimsicott
|-resisted|p2b: Whimsicott|1
|-damage|p2b: Whimsicott|48/100
|-unboost|p2b: Whimsicott|spd|1
|
|upkeep
|turn|2
|c|Ōśåleogamemaster|if u attacked there
|c|Ōśåleogamemaster|i was cooked
|c|Ōśåleogamemaster|i made a huge risk
|inactive|leogamemaster has 30 seconds left.
|inactive|smearglehater21 has 30 seconds left.
|inactive|leogamemaster has 20 seconds left.
|inactive|leogamemaster has 15 seconds left.
|inactive|leogamemaster has 10 seconds left.
|
|t:|1784738014
|move|p1a: Raichu|Protect|p1a: Raichu
|-singleturn|p1a: Raichu|Protect
|move|p2b: Whimsicott|Tailwind|p2b: Whimsicott
|-sidestart|p2: smearglehater21|move: Tailwind
|move|p2a: Garchomp|Rock Slide|p1a: Raichu|[spread] p1b
|-activate|p1a: Raichu|move: Protect
|-supereffective|p1b: Incineroar|1
|-damage|p1b: Incineroar|72/100
|-damage|p2a: Garchomp|90/100|[from] item: Life Orb
|move|p1b: Incineroar|Parting Shot|p2a: Garchomp
|-unboost|p2a: Garchomp|atk|1
|-unboost|p2a: Garchomp|spa|1
|
|t:|1784738032
|switch|p1b: Sinistcha|Sinistcha, L50|100/100|[from] Parting Shot
|
|upkeep
|turn|3
|
|t:|1784738039
|switch|p2a: Floette|Floette-Eternal, L50, F|100/100
|switch|p1a: Incineroar|Incineroar, L50, M|72/100
|-ability|p1a: Incineroar|Intimidate|boost
|-unboost|p2a: Floette|atk|1
|-block|p2b: Whimsicott|ability: Flower Veil|[of] p2a: Floette
|move|p2b: Whimsicott|Encore|p1a: Incineroar
|-hint|Since gen 7, Dark is immune to Prankster moves.
|-immune|p1a: Incineroar
|move|p1b: Sinistcha|Matcha Gotcha|p2a: Floette|[spread] p2b
|-miss|p1b: Sinistcha|p2a: Floette
|-resisted|p2b: Whimsicott|1
|-damage|p2b: Whimsicott|16/100
|
|upkeep
|turn|4
|
|t:|1784738054
|move|p2b: Whimsicott|Protect|p2b: Whimsicott
|-singleturn|p2b: Whimsicott|Protect
|move|p2a: Floette|Protect|p2a: Floette
|-singleturn|p2a: Floette|Protect
|move|p1a: Incineroar|Fake Out|p2a: Floette
|-activate|p2a: Floette|move: Protect
|move|p1b: Sinistcha|Matcha Gotcha|p2a: Floette|[spread] 
|-activate|p2a: Floette|move: Protect
|-activate|p2b: Whimsicott|move: Protect
|
|upkeep
|turn|5
|
|t:|1784738066
|detailschange|p2a: Floette|Floette-Mega, L50, F
|-mega|p2a: Floette|Floette|Floettite
|-ability|p2a: Floette|Fairy Aura
|move|p2b: Whimsicott|Moonblast|p1a: Incineroar
|-damage|p1a: Incineroar|35/100
|-enditem|p1a: Incineroar|Sitrus Berry|[eat]
|-heal|p1a: Incineroar|59/100|[from] item: Sitrus Berry
|move|p2a: Floette|Dazzling Gleam|p1a: Incineroar|[spread] p1a,p1b
|-damage|p1a: Incineroar|25/100
|-damage|p1b: Sinistcha|54/100
|move|p1b: Sinistcha|Matcha Gotcha|p2a: Floette|[spread] p2a,p2b
|-resisted|p2b: Whimsicott|1
|-damage|p2a: Floette|79/100
|-heal|p1b: Sinistcha|63/100|[from] drain|[of] p2a: Floette
|-damage|p2b: Whimsicott|0 fnt
|-heal|p1b: Sinistcha|69/100|[from] drain|[of] p2b: Whimsicott
|faint|p2b: Whimsicott
|move|p1a: Incineroar|Throat Chop|p2a: Floette
|-resisted|p2a: Floette|1
|-damage|p2a: Floette|60/100
|-start|p2a: Floette|Throat Chop|[silent]
|
|-sideend|p2: smearglehater21|move: Tailwind
|upkeep
|
|t:|1784738089
|switch|p2b: Garchomp|Garchomp, L50, M|90/100
|turn|6
|c|Ōśåleogamemaster|shit i misclicked
|c|Ōśåleogamemaster|i ment to do parting shot
|
|t:|1784738102
|move|p2a: Floette|Dazzling Gleam|p1a: Incineroar|[spread] p1a,p1b
|-damage|p1a: Incineroar|0 fnt
|-damage|p1b: Sinistcha|21/100
|faint|p1a: Incineroar
|move|p2b: Garchomp|Dragon Claw|p1b: Sinistcha
|-damage|p1b: Sinistcha|0 fnt
|faint|p1b: Sinistcha
|-damage|p2b: Garchomp|80/100|[from] item: Life Orb
|
|-end|p2a: Floette|Throat Chop|[silent]
|upkeep
|
|t:|1784738106
|switch|p1b: Raichu|Raichu-Mega-Y, L50, M|100/100
|switch|p1a: Garchomp|Garchomp, L50, F|100/100
|turn|7
|
|t:|1784738114
|move|p2a: Floette|Protect|p2a: Floette
|-singleturn|p2a: Floette|Protect
|move|p2b: Garchomp|Protect|p2b: Garchomp
|-singleturn|p2b: Garchomp|Protect
|move|p1b: Raichu|Zap Cannon|p2a: Floette
|-activate|p2a: Floette|move: Protect
|move|p1a: Garchomp|Dragon Claw|p2b: Garchomp
|-activate|p2b: Garchomp|move: Protect
|
|upkeep
|turn|8
|
|t:|1784738135
|switch|p2a: Kingambit|Kingambit, L50, M|100/100
|move|p1b: Raichu|Zap Cannon|p2a: Kingambit
|-damage|p2a: Kingambit|24/100
|-status|p2a: Kingambit|par
|move|p2b: Garchomp|Dragon Claw|p1a: Garchomp
|-supereffective|p1a: Garchomp|1
|-damage|p1a: Garchomp|0 fnt
|-damage|p2b: Garchomp|68/100|[from] ability: Rough Skin|[of] p1a: Garchomp
|faint|p1a: Garchomp
|-damage|p2b: Garchomp|58/100|[from] item: Life Orb
|
|upkeep
|turn|9
|c|Ōśåleogamemaster|maybe i still win
|
|t:|1784738149
|move|p2a: Kingambit|Sucker Punch|p1b: Raichu
|-damage|p1b: Raichu|18/100
|move|p1b: Raichu|Focus Blast|p2b: Garchomp
|-damage|p2b: Garchomp|3/100
|move|p2b: Garchomp|Dragon Claw|p1b: Raichu
|-damage|p1b: Raichu|0 fnt
|faint|p1b: Raichu
|-damage|p2b: Garchomp|0 fnt|[from] item: Life Orb
|faint|p2b: Garchomp
|
|win|smearglehater21
