|j|‽bermusinho
|j|☆CalvosForever
|html|bermusinhoCalvosForever    
|uhtml|bestof|Game 3 of a best-of-3
|t:|1783934862
|gametype|doubles
|player|p1|bermusinho|1|1154
|player|p2|CalvosForever|170|1109
|gen|9
|tier|[Gen 9 Champions] VGC 2026 Reg M-B (Bo3)
|rated|
|rule|Species Clause: Limit one of each Pokémon
|rule|Item Clause: Limit 1 of each item
|clearpoke
|poke|p1|Aerodactyl, L50, F|
|poke|p1|Charizard, L50, F|
|poke|p1|Kingambit, L50, M|
|poke|p1|Sylveon, L50, M|
|poke|p1|Garchomp, L50, M|
|poke|p1|Farigiraf, L50, M|
|poke|p2|Delphox, L50, M|
|poke|p2|Sneasler, L50, M|
|poke|p2|Incineroar, L50, F|
|poke|p2|Sinistcha, L50|
|poke|p2|Maushold-Four, L50|
|poke|p2|Blastoise, L50, M|
|teampreview|4
|showteam|p1|Aerodactyl||Aerodactylite|RockHead|RockSlide,DualWingbeat,Tailwind,IceFang|Jolly||F|||50|]Charizard||CharizarditeY|Blaze|Protect,HeatWave,WeatherBall,SolarBeam|Modest||F|||50|]Kingambit||FocusSash|Defiant|KowtowCleave,SuckerPunch,IronHead,LowKick|Jolly||M|||50|]Sylveon||FairyFeather|Pixilate|Protect,HyperBeam,HyperVoice,QuickAttack|Modest||M|||50|]Garchomp||LifeOrb|RoughSkin|Protect,DragonClaw,Earthquake,RockSlide|Jolly||M|||50|]Farigiraf||SitrusBerry|ArmorTail|TwinBeam,TrickRoom,Thunderbolt,HelpingHand|Relaxed||M|||50|
|showteam|p2|Delphox||Delphoxite|Blaze|HeatWave,Psyshock,NastyPlot,Protect|Timid||M|||50|]Sneasler||FocusSash|PoisonTouch|CloseCombat,PoisonJab,FakeOut,QuickGuard|Jolly||M|||50|]Incineroar||SitrusBerry|Intimidate|FlareBlitz,ThroatChop,FakeOut,PartingShot|Impish||F|||50|]Sinistcha||OccaBerry|Hospitality|MatchaGotcha,RagePowder,LifeDew,Protect|Bold|||||50|]Maushold-Four||ChopleBerry|FriendGuard|FollowMe,Feint,HelpingHand,Protect|Impish|||||50|]Blastoise||Blastoisinite|RainDish|WaterSpout,DarkPulse,ShellSmash,Protect|Modest||M|||50|
|
|t:|1783934883
|teamsize|p1|4
|teamsize|p2|4
|start
|switch|p1a: Charizard|Charizard, L50, F|100/100
|switch|p1b: Farigiraf|Farigiraf, L50, M|100/100
|switch|p2a: Delphox|Delphox, L50, M|100/100
|switch|p2b: Maushold|Maushold-Four, L50|100/100
|turn|1
|inactive|Battle timer is ON: inactive players will automatically lose when time's up. (requested by CalvosForever)
|
|t:|1783934902
|switch|p1a: Sylveon|Sylveon, L50, M|100/100
|detailschange|p2a: Delphox|Delphox-Mega, L50, M
|-mega|p2a: Delphox|Delphox|Delphoxite
|move|p2b: Maushold|Helping Hand|p2a: Delphox
|-singleturn|p2a: Delphox|Helping Hand|[of] p2b: Maushold
|move|p2a: Delphox|Heat Wave|p1b: Farigiraf|[spread] p1a,p1b
|-damage|p1a: Sylveon|51/100
|-damage|p1b: Farigiraf|41/100
|-status|p1b: Farigiraf|brn
|-enditem|p1b: Farigiraf|Sitrus Berry|[eat]
|-heal|p1b: Farigiraf|66/100 brn|[from] item: Sitrus Berry
|move|p1b: Farigiraf|Trick Room|p1b: Farigiraf
|-fieldstart|move: Trick Room|[of] p1b: Farigiraf
|
|-damage|p1b: Farigiraf|59/100 brn|[from] brn
|upkeep
|turn|2
|
|t:|1783934924
|switch|p1b: Charizard|Charizard, L50, F|100/100
|move|p2b: Maushold|Protect|p2b: Maushold
|-singleturn|p2b: Maushold|Protect
|move|p1a: Sylveon|Hyper Voice|p2b: Maushold|[spread] p2a
|-activate|p2b: Maushold|move: Protect
|-resisted|p2a: Delphox|1
|-damage|p2a: Delphox|84/100
|move|p2a: Delphox|Psyshock|p1a: Sylveon
|-damage|p1a: Sylveon|5/100
|
|upkeep
|turn|3
|
|t:|1783934939
|detailschange|p1b: Charizard|Charizard-Mega-Y, L50, F
|-mega|p1b: Charizard|Charizard|Charizardite Y
|-weather|SunnyDay|[from] ability: Drought|[of] p1b: Charizard
|move|p2b: Maushold|Helping Hand|p2a: Delphox
|-singleturn|p2a: Delphox|Helping Hand|[of] p2b: Maushold
|move|p1a: Sylveon|Hyper Voice|p2b: Maushold|[spread] p2a,p2b
|-resisted|p2a: Delphox|1
|-damage|p2a: Delphox|68/100
|-damage|p2b: Maushold|51/100
|move|p1b: Charizard|Heat Wave|p2a: Delphox|[spread] p2a,p2b
|-resisted|p2a: Delphox|1
|-damage|p2a: Delphox|47/100
|-damage|p2b: Maushold|0 fnt
|faint|p2b: Maushold
|move|p2a: Delphox|Heat Wave|p1b: Charizard|[spread] p1a,p1b
|-resisted|p1b: Charizard|1
|-damage|p1a: Sylveon|0 fnt
|-damage|p1b: Charizard|61/100
|faint|p1a: Sylveon
|
|-weather|SunnyDay|[upkeep]
|upkeep
|
|t:|1783934960
|switch|p1a: Kingambit|Kingambit, L50, M|100/100
|switch|p2b: Sinistcha|Sinistcha, L50|100/100
|-heal|p2a: Delphox|72/100|[from] ability: Hospitality|[of] p2b: Sinistcha
|turn|4
|
|t:|1783934978
|move|p2b: Sinistcha|Protect|p2b: Sinistcha
|-singleturn|p2b: Sinistcha|Protect
|move|p2a: Delphox|Protect|p2a: Delphox
|-singleturn|p2a: Delphox|Protect
|move|p1a: Kingambit|Kowtow Cleave|p2a: Delphox
|-activate|p2a: Delphox|move: Protect
|move|p1b: Charizard|Weather Ball|p2b: Sinistcha
|-activate|p2b: Sinistcha|move: Protect
|
|-weather|SunnyDay|[upkeep]
|upkeep
|turn|5
|
|t:|1783935003
|move|p2b: Sinistcha|Rage Powder|p2b: Sinistcha
|-singleturn|p2b: Sinistcha|move: Rage Powder
|move|p1a: Kingambit|Kowtow Cleave|p2b: Sinistcha
|-supereffective|p2b: Sinistcha|1
|-damage|p2b: Sinistcha|31/100
|move|p1b: Charizard|Heat Wave|p2b: Sinistcha|[spread] p2a,p2b
|-resisted|p2a: Delphox|1
|-supereffective|p2b: Sinistcha|1
|-enditem|p2b: Sinistcha|Occa Berry|[eat]
|-enditem|p2b: Sinistcha|Occa Berry|[weaken]
|-damage|p2a: Delphox|42/100
|-damage|p2b: Sinistcha|0 fnt
|faint|p2b: Sinistcha
|move|p2a: Delphox|Heat Wave|p1b: Charizard|[spread] p1a,p1b
|-supereffective|p1a: Kingambit|1
|-resisted|p1b: Charizard|1
|-enditem|p1a: Kingambit|Focus Sash
|-damage|p1a: Kingambit|1/100
|-damage|p1b: Charizard|37/100
|
|-weather|SunnyDay|[upkeep]
|-fieldend|move: Trick Room
|upkeep
|
|t:|1783935019
|switch|p2b: Sneasler|Sneasler, L50, M|100/100
|turn|6
|
|t:|1783935026
|switch|p1b: Farigiraf|Farigiraf, L50, M|59/100 brn
|move|p2b: Sneasler|Quick Guard|p2b: Sneasler
|-singleturn|p2b: Sneasler|Quick Guard
|move|p1a: Kingambit|Sucker Punch|p2a: Delphox
|-activate|p2a: Delphox|move: Quick Guard
|move|p2a: Delphox|Heat Wave|p1a: Kingambit|[spread] p1a,p1b
|-supereffective|p1a: Kingambit|1
|-damage|p1a: Kingambit|0 fnt
|-damage|p1b: Farigiraf|2/100 brn
|faint|p1a: Kingambit
|
|-weather|SunnyDay|[upkeep]
|-damage|p1b: Farigiraf|0 fnt|[from] brn
|faint|p1b: Farigiraf
|upkeep
|-message|bermusinho forfeited.
|raw|bermusinho's rating: 1154 → 1126(-28 for losing)
|raw|CalvosForever's rating: 1109 → 1137(+28 for winning)
|
|win|CalvosForever
|l|‽bermusinho
|player|p1|
