|j|☆ArekkusuKage
|j|☆ESCharge
|html|ArekkusuKageESCharge    
|uhtml|bestof|Game 3 of a best-of-3
|t:|1786098739
|gametype|doubles
|player|p1|ArekkusuKage|beni-ninja|
|player|p2|ESCharge|byron|
|gen|9
|tier|[Gen 9 Champions] VGC 2026 Reg M-B (Bo3)
|rule|Species Clause: Limit one of each Pokémon
|rule|Item Clause: Limit 1 of each item
|clearpoke
|poke|p1|Tinkaton, L50, F|
|poke|p1|Toucannon, L50, M, shiny|
|poke|p1|Zoroark, L50, M|
|poke|p1|Sableye, L50, M, shiny|
|poke|p1|Abomasnow, L50, M, shiny|
|poke|p1|Mr. Rime, L50, M, shiny|
|poke|p2|Heliolisk, L50, M|
|poke|p2|Slowbro, L50, M|
|poke|p2|Runerigus, L50, F, shiny|
|poke|p2|Zoroark, L50, F|
|poke|p2|Tinkaton, L50, F|
|poke|p2|Sableye, L50, M|
|teampreview|4
|showteam|p1|Tinkaton||ExpertBelt|MoldBreaker|GigatonHammer,PlayRough,RockSlide,IceHammer|Jolly||F|||50|]Toucannon||LifeOrb|SkillLink|BulletSeed,RockBlast,BeakBlast,Roost|Adamant||M|||50|]Zoroark||Leftovers|Illusion|KnockOff,SludgeBomb,Psychic,Uturn|Hasty||M|||50|]Sableye||LightClay|Prankster|Reflect,LightScreen,KnockOff,FakeOut|Adamant||M|||50|]Abomasnow||Abomasite|SnowWarning|Blizzard,IceShard,GigaDrain,EarthPower|Quiet||M|||50|]Mr. Rime||NeverMeltIce|IceBody|Blizzard,DazzlingGleam,Protect,Psychic|Modest||M|||50|
|showteam|p2|Heliolisk||WiseGlasses|SandVeil|Discharge,MorningSun,Substitute,HyperVoice|Timid||M|||50|]Slowbro||Slowbronite|Oblivious|SlackOff,IronDefense,Amnesia,StoredPower|Calm||M|||50|]Runerigus||SmoothRock|WanderingSpirit|IronDefense,BodyPress,DestinyBond,Sandstorm|Calm||F|||50|]Zoroark||WideLens|Illusion|Snarl,FocusBlast,Protect,Detect|Timid||F|||50|]Tinkaton||MuscleBand|OwnTempo|GigatonHammer,IceHammer,PlayRough,FakeOut|Adamant||F|||50|]Sableye||Sablenite|Prankster|ThunderWave,WillOWisp,PainSplit,Recover|Calm||M|||50|
|inactive|Battle timer is ON: inactive players will automatically lose when time's up. (requested by ESCharge)
|
|t:|1786098756
|teamsize|p1|4
|teamsize|p2|4
|start
|switch|p1a: Taous|Toucannon, L50, M, shiny|100/100
|switch|p1b: Saybai|Sableye, L50, M, shiny|100/100
|switch|p2a: Demond|Sableye, L50, M|100/100
|switch|p2b: Tinkaton|Tinkaton, L50, F|100/100
|turn|1
|
|t:|1786098776
|-singleturn|p1a: Taous|move: Beak Blast
|move|p1b: Saybai|Reflect|p1b: Saybai
|-sidestart|p1: ArekkusuKage|Reflect
|move|p2a: Demond|Will-O-Wisp|p1a: Taous
|-status|p1a: Taous|brn
|move|p2b: Tinkaton|Gigaton Hammer|p1b: Saybai
|-damage|p1b: Saybai|34/100
|move|p1a: Taous|Beak Blast|p2b: Tinkaton
|-resisted|p2b: Tinkaton|1
|-damage|p2b: Tinkaton|77/100
|-damage|p1a: Taous|90/100 brn|[from] item: Life Orb
|
|-damage|p1a: Taous|84/100 brn|[from] brn
|upkeep
|turn|2
|inactive|ESCharge has 30 seconds left.
|
|t:|1786098805
|-singleturn|p1a: Taous|move: Beak Blast
|move|p2a: Demond|Thunder Wave||[still]
|-fail|p2a: Demond
|move|p2b: Tinkaton|Play Rough|p1b: Saybai
|-supereffective|p1b: Saybai|1
|-damage|p1b: Saybai|0 fnt
|faint|p1b: Saybai
|move|p1a: Taous|Beak Blast|p2b: Tinkaton
|-resisted|p2b: Tinkaton|1
|-damage|p2b: Tinkaton|55/100
|-damage|p1a: Taous|74/100 brn|[from] item: Life Orb
|
|-damage|p1a: Taous|68/100 brn|[from] brn
|upkeep
|
|t:|1786098815
|switch|p1b: Rimerio|Mr. Rime, L50, M, shiny|100/100
|turn|3
|
|t:|1786098827
|switch|p1a: Ambaries|Abomasnow, L50, M, shiny|100/100
|-weather|Snowscape|[from] ability: Snow Warning|[of] p1a: Ambaries
|move|p2a: Demond|Thunder Wave|p1b: Rimerio
|-status|p1b: Rimerio|par
|move|p2b: Tinkaton|Gigaton Hammer|p1b: Rimerio
|-supereffective|p1b: Rimerio|1
|-damage|p1b: Rimerio|1/100 par
|move|p1b: Rimerio|Blizzard|p2b: Tinkaton|[spread] p2a,p2b
|-resisted|p2b: Tinkaton|1
|-damage|p2a: Demond|48/100
|-damage|p2b: Tinkaton|33/100
|
|-weather|Snowscape|[upkeep]
|-heal|p1b: Rimerio|7/100 par|[from] ability: Ice Body
|upkeep
|turn|4
|
|t:|1786098849
|detailschange|p1a: Ambaries|Abomasnow-Mega, L50, M, shiny
|-mega|p1a: Ambaries|Abomasnow|Abomasite
|move|p2a: Demond|Pain Split|p1a: Ambaries
|-sethp|p1a: Ambaries|69/100|[from] move: Pain Split|[silent]
|-sethp|p2a: Demond|86/100|[from] move: Pain Split
|move|p2b: Tinkaton|Play Rough|p1b: Rimerio|[miss]
|-miss|p2b: Tinkaton|p1b: Rimerio
|move|p1b: Rimerio|Blizzard|p2b: Tinkaton|[spread] p2a,p2b
|-resisted|p2b: Tinkaton|1
|-damage|p2a: Demond|35/100
|-damage|p2b: Tinkaton|10/100
|move|p1a: Ambaries|Blizzard|p2a: Demond|[spread] p2a,p2b
|-resisted|p2b: Tinkaton|1
|-damage|p2a: Demond|0 fnt
|-damage|p2b: Tinkaton|0 fnt
|faint|p2a: Demond
|faint|p2b: Tinkaton
|
|-weather|Snowscape|[upkeep]
|-heal|p1b: Rimerio|13/100 par|[from] ability: Ice Body
|upkeep
|
|t:|1786098871
|switch|p2b: Slowgobrrr|Slowbro, L50, M|100/100
|switch|p2a: Nicola|Heliolisk, L50, M|100/100
|turn|5
|
|t:|1786098886
|detailschange|p2b: Slowgobrrr|Slowbro-Mega, L50, M
|-mega|p2b: Slowgobrrr|Slowbro|Slowbronite
|move|p2a: Nicola|Hyper Voice|p1b: Rimerio|[spread] p1a,p1b
|-damage|p1a: Ambaries|36/100
|-damage|p1b: Rimerio|0 fnt
|faint|p1b: Rimerio
|move|p2b: Slowgobrrr|Amnesia|p2b: Slowgobrrr
|-boost|p2b: Slowgobrrr|spd|2
|move|p1a: Ambaries|Giga Drain|p2b: Slowgobrrr
|-supereffective|p2b: Slowgobrrr|1
|-damage|p2b: Slowgobrrr|70/100
|-heal|p1a: Ambaries|51/100|[from] drain|[of] p2b: Slowgobrrr
|
|-weather|Snowscape|[upkeep]
|upkeep
|
|t:|1786098897
|switch|p1b: Taous|Toucannon, L50, M, shiny|68/100 brn
|turn|6
|
|t:|1786098914
|move|p2a: Nicola|Discharge|p1b: Taous|[spread] p2b,p1a,p1b
|-supereffective|p2b: Slowgobrrr|1
|-resisted|p1a: Ambaries|1
|-supereffective|p1b: Taous|1
|-damage|p2b: Slowgobrrr|48/100
|-damage|p1a: Ambaries|38/100
|-damage|p1b: Taous|0 fnt
|faint|p1b: Taous
|move|p2b: Slowgobrrr|Iron Defense|p2b: Slowgobrrr
|-boost|p2b: Slowgobrrr|def|2
|move|p1a: Ambaries|Earth Power|p2a: Nicola
|-supereffective|p2a: Nicola|1
|-damage|p2a: Nicola|9/100
|
|-weather|Snowscape|[upkeep]
|upkeep
|turn|7
|
|t:|1786098931
|move|p1a: Ambaries|Ice Shard|p2a: Nicola
|-damage|p2a: Nicola|0 fnt
|faint|p2a: Nicola
|move|p2b: Slowgobrrr|Stored Power|p1a: Ambaries
|-damage|p1a: Ambaries|0 fnt
|faint|p1a: Ambaries
|
|win|ESCharge
|c|☆ArekkusuKage|Gg
