|j|☆advisory committee
|j|☆SudoBits
|html|advisory committeeSudoBits    
|uhtml|bestof|Game 1 of a best-of-3
|t:|1785408510
|gametype|doubles
|player|p1|advisory committee|scientist-gen4dp|1000
|player|p2|SudoBits|266|1004
|gen|9
|tier|[Gen 9 Champions] VGC 2026 Reg M-B (Bo3)
|rated|
|rule|Species Clause: Limit one of each Pokémon
|rule|Item Clause: Limit 1 of each item
|clearpoke
|poke|p1|Garchomp, L50, F|
|poke|p1|Tyranitar, L50, M|
|poke|p1|Gholdengo, L50|
|poke|p1|Mamoswine, L50, F|
|poke|p1|Clefable, L50, F|
|poke|p1|Whimsicott, L50, M|
|poke|p2|Gengar, L50, M|
|poke|p2|Incineroar, L50, M|
|poke|p2|Sinistcha, L50|
|poke|p2|Politoed, L50, F|
|poke|p2|Archaludon, L50, F|
|poke|p2|Garchomp, L50, F|
|teampreview|4
|showteam|p1|Garchomp||Garchompite|SandVeil|EarthPower,DracoMeteor,PowerGem,Protect|Modest||F|||50|]Tyranitar||ChoiceScarf|SandStream|RockSlide,IcePunch,IronHead,KnockOff|Adamant||M|||50|]Gholdengo||LifeOrb|GoodasGold|MakeItRain,NastyPlot,Protect,ShadowBall|Modest|||||50|]Mamoswine||FocusSash|Oblivious|HighHorsepower,Protect,Avalanche,IceShard|Jolly||F|||50|]Clefable||SitrusBerry|MagicGuard|Protect,FollowMe,ThunderWave,Moonblast|Calm||F|||50|]Whimsicott||MentalHerb|Prankster|Tailwind,Encore,Protect,Moonblast|Bold||M|||50|
|showteam|p2|Gengar||Gengarite|CursedBody|ShadowBall,Disable,PerishSong,Protect|Modest||M|||50|]Incineroar||SitrusBerry|Intimidate|FlareBlitz,PartingShot,FakeOut,Protect|Adamant||M|||50|]Sinistcha||KasibBerry|Hospitality|MatchaGotcha,RagePowder,TrickRoom,Protect|Bold|||||50|]Politoed||FocusSash|Drizzle|WeatherBall,Encore,PerishSong,Protect|Calm||F|||50|]Archaludon||Leftovers|Stamina|ElectroShot,FlashCannon,DragonPulse,Protect|Timid||F|||50|]Garchomp||LifeOrb|RoughSkin|DragonClaw,Protect,Earthquake,RockSlide|Jolly||F|||50|
|inactive|Battle timer is ON: inactive players will automatically lose when time's up. (requested by advisory committee)
|inactive|advisory committee has 60 seconds left.
|
|t:|1785408565
|teamsize|p1|4
|teamsize|p2|4
|start
|switch|p1a: Gholdengo|Gholdengo, L50|100/100
|switch|p1b: Whimsicott|Whimsicott, L50, M|100/100
|switch|p2a: Gengar|Gengar, L50, M|100/100
|switch|p2b: Incineroar|Incineroar, L50, M|100/100
|-ability|p2b: Incineroar|Intimidate|boost
|-unboost|p1a: Gholdengo|atk|1
|-unboost|p1b: Whimsicott|atk|1
|turn|1
|
|t:|1785408586
|detailschange|p2a: Gengar|Gengar-Mega, L50, M
|-mega|p2a: Gengar|Gengar|Gengarite
|move|p1b: Whimsicott|Protect|p1b: Whimsicott
|-singleturn|p1b: Whimsicott|Protect
|move|p2b: Incineroar|Fake Out|p1b: Whimsicott
|-activate|p1b: Whimsicott|move: Protect
|move|p2a: Gengar|Shadow Ball|p1a: Gholdengo
|-supereffective|p1a: Gholdengo|1
|-damage|p1a: Gholdengo|0 fnt
|faint|p1a: Gholdengo
|
|upkeep
|
|t:|1785408596
|switch|p1a: Tyranitar|Tyranitar, L50, M|100/100
|-weather|Sandstorm|[from] ability: Sand Stream|[of] p1a: Tyranitar
|turn|2
|
|t:|1785408611
|move|p1b: Whimsicott|Encore|p2a: Gengar
|-start|p2a: Gengar|Encore
|move|p2a: Gengar|Shadow Ball|p1a: Tyranitar
|-resisted|p1a: Tyranitar|1
|-damage|p1a: Tyranitar|82/100
|move|p1a: Tyranitar|Knock Off|p2a: Gengar
|-supereffective|p2a: Gengar|1
|-damage|p2a: Gengar|1/100
|move|p2b: Incineroar|Flare Blitz|p1b: Whimsicott
|-supereffective|p1b: Whimsicott|1
|-damage|p1b: Whimsicott|0 fnt
|faint|p1b: Whimsicott
|-damage|p2b: Incineroar|72/100|[from] Recoil
|
|-weather|Sandstorm|[upkeep]
|-damage|p2a: Gengar|0 fnt|[from] Sandstorm
|-damage|p2b: Incineroar|66/100|[from] Sandstorm
|faint|p2a: Gengar
|upkeep
|
|t:|1785408626
|switch|p2a: Politoed|Politoed, L50, F|100/100
|switch|p1b: Garchomp|Garchomp, L50, F|100/100
|-weather|RainDance|[from] ability: Drizzle|[of] p2a: Politoed
|turn|3
|inactive|advisory committee has 30 seconds left.
|inactive|advisory committee has 20 seconds left.
|inactive|advisory committee has 15 seconds left.
|
|t:|1785408668
|switch|p2b: Archaludon|Archaludon, L50, F|100/100
|detailschange|p1b: Garchomp|Garchomp-Mega, L50, F
|-mega|p1b: Garchomp|Garchomp|Garchompite
|move|p1a: Tyranitar|Knock Off|p2a: Politoed
|-damage|p2a: Politoed|37/100
|-enditem|p2a: Politoed|Focus Sash|[from] move: Knock Off|[of] p1a: Tyranitar
|move|p1b: Garchomp|Earth Power|p2a: Politoed
|-damage|p2a: Politoed|6/100
|move|p2a: Politoed|Weather Ball|p1a: Tyranitar
|-supereffective|p1a: Tyranitar|1
|-damage|p1a: Tyranitar|0 fnt
|faint|p1a: Tyranitar
|
|-weather|RainDance|[upkeep]
|upkeep
|turn|4
|
|t:|1785408692
|switch|p2a: Incineroar|Incineroar, L50, M|66/100
|-ability|p2a: Incineroar|Intimidate|boost
|-unboost|p1b: Garchomp|atk|1
|move|p2b: Archaludon|Dragon Pulse|p1b: Garchomp
|-supereffective|p1b: Garchomp|1
|-damage|p1b: Garchomp|16/100
|move|p1b: Garchomp|Draco Meteor|p2b: Archaludon|[miss]
|-miss|p1b: Garchomp|p2b: Archaludon
|
|-weather|RainDance|[upkeep]
|upkeep
|turn|5
|-message|advisory committee forfeited.
|
|win|SudoBits
||advisory committee is ready for game 2.
||SudoBits is ready for game 2.
|uhtml|next|Next: Game 2 of 3
|l|☆SudoBits
|player|p2|
