|j|☆hamilton60
|j|☆chewy230
|html|hamilton60chewy230    
|uhtml|bestof|Game 1 of a best-of-3
|t:|1783503323
|gametype|doubles
|player|p1|hamilton60|170|1050
|player|p2|chewy230|blaine|1087
|gen|9
|tier|[Gen 9 Champions] VGC 2026 Reg M-B (Bo3)
|rated|
|rule|Species Clause: Limit one of each Pokémon
|rule|Item Clause: Limit 1 of each item
|clearpoke
|poke|p1|Venusaur, L50, F|
|poke|p1|Charizard, L50, F|
|poke|p1|Primarina, L50, F|
|poke|p1|Incineroar, L50, M|
|poke|p1|Meowscarada, L50, M|
|poke|p1|Feraligatr, L50, F|
|poke|p2|Clefable, L50, M|
|poke|p2|Scizor, L50, F|
|poke|p2|Pelipper, L50, F|
|poke|p2|Hydreigon, L50, M|
|poke|p2|Sneasler, L50, M|
|poke|p2|Kingambit, L50, F|
|teampreview|4
|showteam|p1|Venusaur||MentalHerb|Chlorophyll|SleepPowder,SludgeBomb,Synthesis,Protect|Timid||F|||50|]Charizard||CharizarditeY|SolarPower|SolarBeam,Flamethrower,AirSlash,Protect|Timid||F|||50|]Primarina||LifeOrb|LiquidVoice|HyperVoice,Substitute,Moonblast,Protect|Modest||F|||50|]Incineroar||Leftovers|Intimidate|FakeOut,PartingShot,FlareBlitz,HelpingHand|Adamant||M|||50|]Meowscarada||ChoiceScarf|Protean|FlowerTrick,ShadowClaw,KnockOff,BrickBreak|Jolly||M|||50|]Feraligatr||Feraligite|Torrent|DragonDance,DoubleEdge,Protect,Waterfall|Adamant||F|||50|
|showteam|p2|Clefable||Clefablite|Unaware|Moonblast,FollowMe,LifeDew,Protect|Timid||M|||50|]Scizor||Scizorite|Technician|BugBite,BulletPunch,SwordsDance,Protect|Careful||F|||50|]Pelipper||Leftovers|Drizzle|Hurricane,IceBeam,Tailwind,Protect|Bold||F|||50|]Hydreigon||RoseliBerry|Levitate|DarkPulse,DracoMeteor,FlashCannon,NastyPlot|Calm||M|||50|]Sneasler||WhiteHerb|Unburden|Feint,CloseCombat,DireClaw,Coaching|Jolly||M|||50|]Kingambit||BlackGlasses|Defiant|SuckerPunch,KowtowCleave,IronHead,Protect|Impish||F|||50|
|inactive|Battle timer is ON: inactive players will automatically lose when time's up. (requested by hamilton60)
|c|☆chewy230|I like your team
|c|☆chewy230|Starters only?
|c|☆chewy230|gl hf
|inactive|hamilton60 has 60 seconds left.
|inactive|chewy230 has 60 seconds left.
|
|t:|1783503360
|teamsize|p1|4
|teamsize|p2|4
|start
|switch|p1a: Charizard|Charizard, L50, F|100/100
|switch|p1b: Feraligatr|Feraligatr, L50, F|100/100
|switch|p2a: Sneasler|Sneasler, L50, M|100/100
|switch|p2b: Kingambit|Kingambit, L50, F|100/100
|turn|1
|
|t:|1783503376
|move|p1a: Charizard|Protect|p1a: Charizard
|-singleturn|p1a: Charizard|Protect
|move|p2b: Kingambit|Protect|p2b: Kingambit
|-singleturn|p2b: Kingambit|Protect
|move|p2a: Sneasler|Coaching|p2b: Kingambit
|-boost|p2b: Kingambit|atk|1
|-boost|p2b: Kingambit|def|1
|move|p1b: Feraligatr|Dragon Dance|p1b: Feraligatr
|-boost|p1b: Feraligatr|atk|1
|-boost|p1b: Feraligatr|spe|1
|
|upkeep
|turn|2
|inactive|chewy230 has 30 seconds left.
|
|t:|1783503402
|move|p1b: Feraligatr|Dragon Dance|p1b: Feraligatr
|-boost|p1b: Feraligatr|atk|1
|-boost|p1b: Feraligatr|spe|1
|move|p2a: Sneasler|Dire Claw|p1a: Charizard
|-damage|p1a: Charizard|43/100
|move|p1a: Charizard|Air Slash|p2a: Sneasler
|-supereffective|p2a: Sneasler|1
|-damage|p2a: Sneasler|2/100
|move|p2b: Kingambit|Kowtow Cleave|p1b: Feraligatr
|-damage|p1b: Feraligatr|13/100
|
|upkeep
|turn|3
|inactive|chewy230 has 30 seconds left.
|
|t:|1783503427
|move|p1b: Feraligatr|Protect|p1b: Feraligatr
|-singleturn|p1b: Feraligatr|Protect
|move|p2b: Kingambit|Protect|p2b: Kingambit
|-singleturn|p2b: Kingambit|Protect
|move|p2a: Sneasler|Coaching|p2b: Kingambit
|-boost|p2b: Kingambit|atk|1
|-boost|p2b: Kingambit|def|1
|move|p1a: Charizard|Flamethrower|p2b: Kingambit
|-activate|p2b: Kingambit|move: Protect
|
|upkeep
|turn|4
|c|☆hamilton60|Sorry i didnt see your message gl hf
|inactive|hamilton60 has 30 seconds left.
|c|☆chewy230|no worries
|
|t:|1783503461
|detailschange|p1a: Charizard|Charizard-Mega-Y, L50, F
|-mega|p1a: Charizard|Charizard|Charizardite Y
|-weather|SunnyDay|[from] ability: Drought|[of] p1a: Charizard
|move|p2b: Kingambit|Sucker Punch||[still]
|-fail|p2b: Kingambit
|move|p1b: Feraligatr|Dragon Dance|p1b: Feraligatr
|-boost|p1b: Feraligatr|atk|1
|-boost|p1b: Feraligatr|spe|1
|move|p2a: Sneasler|Dire Claw|p1a: Charizard
|-damage|p1a: Charizard|0 fnt
|faint|p1a: Charizard
|
|-weather|SunnyDay|[upkeep]
|upkeep
|
|t:|1783503473
|switch|p1a: Incineroar|Incineroar, L50, M|100/100
|-ability|p1a: Incineroar|Intimidate|boost
|-unboost|p2a: Sneasler|atk|1
|-unboost|p2b: Kingambit|atk|1
|-ability|p2b: Kingambit|Defiant|boost
|-boost|p2b: Kingambit|atk|2
|-enditem|p2a: Sneasler|White Herb
|-clearnegativeboost|p2a: Sneasler|[silent]
|turn|5
|
|t:|1783503485
|move|p2b: Kingambit|Protect|p2b: Kingambit
|-singleturn|p2b: Kingambit|Protect
|move|p1a: Incineroar|Fake Out|p2b: Kingambit
|-activate|p2b: Kingambit|move: Protect
|move|p2a: Sneasler|Feint|p1b: Feraligatr
|-damage|p1b: Feraligatr|1/100
|move|p1b: Feraligatr|Waterfall|p2a: Sneasler
|-damage|p2a: Sneasler|0 fnt
|faint|p2a: Sneasler
|
|-weather|SunnyDay|[upkeep]
|upkeep
|
|t:|1783503497
|switch|p2a: Pelipper|Pelipper, L50, F|100/100
|-weather|RainDance|[from] ability: Drizzle|[of] p2a: Pelipper
|turn|6
|
|t:|1783503520
|move|p1a: Incineroar|Helping Hand|p1b: Feraligatr
|-singleturn|p1b: Feraligatr|Helping Hand|[of] p1a: Incineroar
|move|p1b: Feraligatr|Waterfall|p2b: Kingambit
|-damage|p2b: Kingambit|2/100
|move|p2a: Pelipper|Ice Beam|p1b: Feraligatr
|-resisted|p1b: Feraligatr|1
|-damage|p1b: Feraligatr|0 fnt
|faint|p1b: Feraligatr
|cant|p2b: Kingambit|flinch
|
|-weather|RainDance|[upkeep]
|upkeep
|
|t:|1783503536
|switch|p1b: Primarina|Primarina, L50, F|100/100
|turn|7
|
|t:|1783503560
|move|p2b: Kingambit|Protect|p2b: Kingambit
|-singleturn|p2b: Kingambit|Protect
|move|p2a: Pelipper|Hurricane|p1a: Incineroar
|-damage|p1a: Incineroar|65/100
|move|p1b: Primarina|Substitute|p1b: Primarina
|-start|p1b: Primarina|Substitute
|-damage|p1b: Primarina|75/100
|move|p1a: Incineroar|Flare Blitz|p2b: Kingambit
|-activate|p2b: Kingambit|move: Protect
|
|-weather|RainDance|[upkeep]
|-heal|p1a: Incineroar|71/100|[from] item: Leftovers
|upkeep
|turn|8
|inactive|chewy230 has 30 seconds left.
|
|t:|1783503591
|move|p2b: Kingambit|Sucker Punch|p1a: Incineroar
|-resisted|p1a: Incineroar|1
|-damage|p1a: Incineroar|19/100
|move|p2a: Pelipper|Hurricane|p1a: Incineroar
|-damage|p1a: Incineroar|0 fnt
|faint|p1a: Incineroar
|move|p1b: Primarina|Moonblast|p2a: Pelipper
|-crit|p2a: Pelipper
|-damage|p2a: Pelipper|0 fnt
|faint|p2a: Pelipper
|-damage|p1b: Primarina|65/100|[from] item: Life Orb
|
|-weather|RainDance|[upkeep]
|upkeep
|
|t:|1783503600
|switch|p2a: Scizor|Scizor, L50, F|100/100
|turn|9
|
|t:|1783503609
|detailschange|p2a: Scizor|Scizor-Mega, L50, F
|-mega|p2a: Scizor|Scizor|Scizorite
|move|p2a: Scizor|Bullet Punch|p1b: Primarina
|-end|p1b: Primarina|Substitute
|move|p2b: Kingambit|Sucker Punch|p1b: Primarina
|-resisted|p1b: Primarina|1
|-damage|p1b: Primarina|5/100
|move|p1b: Primarina|Hyper Voice|p2b: Kingambit|[spread] p2a,p2b
|-damage|p2a: Scizor|36/100
|-damage|p2b: Kingambit|0 fnt
|faint|p2b: Kingambit
|-damage|p1b: Primarina|0 fnt|[from] item: Life Orb
|faint|p1b: Primarina
|
|win|chewy230
|inactive|hamilton60 has 30 seconds to confirm battle start!
|inactive|chewy230 has 30 seconds to confirm battle start!
||chewy230 is ready for game 2.
||hamilton60 is ready for game 2.
|uhtml|next|Next: Game 2 of 3
|l|☆chewy230
|player|p2|
