|j|☆stunfisk boi gang
|j|☆itina99
|html|stunfisk boi gangitina99    
|uhtml|bestof|Game 3 of a best-of-3
|t:|1756970217
|gametype|doubles
|player|p1|stunfisk boi gang|zinzolin|1177
|player|p2|itina99|170|1212
|gen|9
|tier|[Gen 9] VGC 2025 Reg H (Bo3)
|rated|
|rule|Species Clause: Limit one of each Pokémon
|rule|Item Clause: Limit 1 of each item
|clearpoke
|poke|p1|Annihilape, L50, M|
|poke|p1|Sinistcha-Masterpiece, L50|
|poke|p1|Grimmsnarl, L50, M|
|poke|p1|Maushold-Four, L50|
|poke|p1|Incineroar, L50, M|
|poke|p1|Raichu, L50, M|
|poke|p2|Sneasler, L50, M|
|poke|p2|Indeedee, L50, M|
|poke|p2|Volcarona, L50, F|
|poke|p2|Ursaluna-Bloodmoon, L50, M|
|poke|p2|Annihilape, L50, M|
|poke|p2|Tyranitar, L50, M|
|teampreview|4
|showteam|p1|Annihilape||Leftovers|Defiant|RageFist,DrainPunch,BulkUp,Protect|||M|||50|,,,,,Water]Sinistcha-Masterpiece||SitrusBerry|Hospitality|TrickRoom,RagePowder,LifeDew,MatchaGotcha||||||50|,,,,,Water]Grimmsnarl||LightClay|Prankster|LightScreen,Reflect,MistyTerrain,SpiritBreak|||M|||50|,,,,,Ghost]Maushold-Four||SafetyGoggles|FriendGuard|BeatUp,Protect,Taunt,FollowMe||||||50|,,,,,Ghost]Incineroar||AssaultVest|Intimidate|FlareBlitz,Uturn,FakeOut,KnockOff|||M|||50|,,,,,Ghost]Raichu||FocusSash|LightningRod|Electroweb,Endeavor,Protect,FakeOut|||M|||50|,,,,,Ghost
|showteam|p2|Sneasler||PsychicSeed|Unburden|CloseCombat,DireClaw,ThroatChop,Protect|||M|||50|,,,,,Dark]Indeedee||ChoiceScarf|PsychicSurge|ExpandingForce,TeraBlast,Trick,Protect|||M|||50|,,,,,Psychic]Volcarona||SitrusBerry|FlameBody|Overheat,StruggleBug,RagePowder,Tailwind|||F|||50|,,,,,Grass]Ursaluna-Bloodmoon||LifeOrb|MindsEye|BloodMoon,HyperVoice,EarthPower,Protect|||M|||50|,,,,,Normal]Annihilape||SafetyGoggles|Defiant|CloseCombat,RageFist,Taunt,FinalGambit|||M|||50|,,,,,Fairy]Tyranitar||AssaultVest|SandStream|RockSlide,KnockOff,TeraBlast,LowKick|||M|||50|,,,,,Flying
|inactive|Battle timer is ON: inactive players will automatically lose when time's up. (requested by stunfisk boi gang)
|
|t:|1756970279
|teamsize|p1|4
|teamsize|p2|4
|start
|switch|p1a: Annihilape|Annihilape, L50, M|100/100
|switch|p1b: Maushold|Maushold-Four, L50|100/100
|switch|p2a: Annihilape|Annihilape, L50, M|100/100
|switch|p2b: Volcarona|Volcarona, L50, F|100/100
|turn|1
|inactive|stunfisk boi gang has 30 seconds left.
|inactive|itina99 has 30 seconds left.
|inactive|itina99 has 20 seconds left.
|
|t:|1756970315
|move|p1b: Maushold|Beat Up|p1a: Annihilape
|-damage|p1a: Annihilape|99/100
|-damage|p1a: Annihilape|97/100
|-damage|p1a: Annihilape|95/100
|-damage|p1a: Annihilape|93/100
|-hitcount|p1a: Annihilape|4
|move|p2b: Volcarona|Tailwind|p2b: Volcarona
|-sidestart|p2: itina99|move: Tailwind
|move|p2a: Annihilape|Close Combat|p1b: Maushold
|-supereffective|p1b: Maushold
|-damage|p1b: Maushold|0 fnt
|-unboost|p2a: Annihilape|def|1
|-unboost|p2a: Annihilape|spd|1
|faint|p1b: Maushold
|move|p1a: Annihilape|Rage Fist|p2a: Annihilape
|-supereffective|p2a: Annihilape
|-damage|p2a: Annihilape|0 fnt
|faint|p2a: Annihilape
|
|-heal|p1a: Annihilape|99/100|[from] item: Leftovers
|upkeep
|inactive|stunfisk boi gang has 30 seconds left.
|
|t:|1756970342
|switch|p1b: Grimmsnarl|Grimmsnarl, L50, M|100/100
|switch|p2a: Tyranitar|Tyranitar, L50, M|100/100
|-weather|Sandstorm|[from] ability: Sand Stream|[of] p2a: Tyranitar
|turn|2
|
|t:|1756970364
|-terastallize|p2a: Tyranitar|Flying
|-terastallize|p1a: Annihilape|Water
|move|p2b: Volcarona|Rage Powder|p2b: Volcarona
|-singleturn|p2b: Volcarona|move: Rage Powder
|move|p1b: Grimmsnarl|Misty Terrain|p1b: Grimmsnarl
|-fieldstart|move: Misty Terrain
|move|p2a: Tyranitar|Tera Blast|p1a: Annihilape|[anim] Tera Blast Flying
|-crit|p1a: Annihilape
|-damage|p1a: Annihilape|31/100
|move|p1a: Annihilape|Rage Fist|p2b: Volcarona
|-damage|p2b: Volcarona|0 fnt
|faint|p2b: Volcarona
|
|-weather|Sandstorm|[upkeep]
|-damage|p2a: Tyranitar|95/100|[from] Sandstorm
|-damage|p1a: Annihilape|25/100|[from] Sandstorm
|-damage|p1b: Grimmsnarl|95/100|[from] Sandstorm
|-heal|p1a: Annihilape|31/100|[from] item: Leftovers
|upkeep
|
|t:|1756970380
|switch|p2b: Indeedee|Indeedee, L50, M|100/100
|-fieldstart|move: Psychic Terrain|[from] ability: Psychic Surge|[of] p2b: Indeedee
|turn|3
|inactive|itina99 has 30 seconds left.
|inactive|itina99 has 20 seconds left.
|
|t:|1756970417
|move|p1a: Annihilape|Protect|p1a: Annihilape
|-singleturn|p1a: Annihilape|Protect
|move|p1b: Grimmsnarl|Misty Terrain|p1b: Grimmsnarl
|-fieldstart|move: Misty Terrain
|move|p2b: Indeedee|Expanding Force|p1a: Annihilape
|-activate|p1a: Annihilape|move: Protect
|move|p2a: Tyranitar|Tera Blast|p1b: Grimmsnarl|[anim] Tera Blast Flying
|-damage|p1b: Grimmsnarl|52/100
|
|-weather|Sandstorm|[upkeep]
|-damage|p2b: Indeedee|95/100|[from] Sandstorm
|-damage|p2a: Tyranitar|89/100|[from] Sandstorm
|-damage|p1a: Annihilape|25/100|[from] Sandstorm
|-damage|p1b: Grimmsnarl|47/100|[from] Sandstorm
|-heal|p1a: Annihilape|31/100|[from] item: Leftovers
|upkeep
|turn|4
|inactive|stunfisk boi gang has 30 seconds left.
|
|t:|1756970443
|switch|p1a: Incineroar|Incineroar, L50, M|100/100
|-ability|p1a: Incineroar|Intimidate|boost
|-unboost|p2a: Tyranitar|atk|1
|-unboost|p2b: Indeedee|atk|1
|move|p1b: Grimmsnarl|Reflect|p1b: Grimmsnarl
|-sidestart|p1: stunfisk boi gang|Reflect
|move|p2b: Indeedee|Expanding Force|p1a: Incineroar
|-immune|p1a: Incineroar
|move|p2a: Tyranitar|Knock Off|p1a: Incineroar
|-resisted|p1a: Incineroar
|-damage|p1a: Incineroar|88/100
|-enditem|p1a: Incineroar|Assault Vest|[from] move: Knock Off|[of] p2a: Tyranitar
|
|-weather|Sandstorm|[upkeep]
|-damage|p2b: Indeedee|89/100|[from] Sandstorm
|-damage|p2a: Tyranitar|83/100|[from] Sandstorm
|-damage|p1b: Grimmsnarl|41/100|[from] Sandstorm
|-damage|p1a: Incineroar|82/100|[from] Sandstorm
|-sideend|p2: itina99|move: Tailwind
|upkeep
|turn|5
|inactive|stunfisk boi gang has 30 seconds left.
|
|t:|1756970469
|move|p2b: Indeedee|Expanding Force|p1b: Grimmsnarl
|-immune|p1b: Grimmsnarl
|move|p2a: Tyranitar|Rock Slide|p1a: Incineroar|[spread] p1a,p1b
|-supereffective|p1a: Incineroar
|-damage|p1a: Incineroar|55/100
|-damage|p1b: Grimmsnarl|27/100
|move|p1b: Grimmsnarl|Spirit Break|p2a: Tyranitar
|-crit|p2a: Tyranitar
|-damage|p2a: Tyranitar|40/100
|-unboost|p2a: Tyranitar|spa|1
|move|p1a: Incineroar|Knock Off|p2a: Tyranitar
|-damage|p2a: Tyranitar|0 fnt
|-enditem|p2a: Tyranitar|Assault Vest|[from] move: Knock Off|[of] p1a: Incineroar
|faint|p2a: Tyranitar
|
|-weather|Sandstorm|[upkeep]
|-damage|p2b: Indeedee|83/100|[from] Sandstorm
|-damage|p1b: Grimmsnarl|21/100|[from] Sandstorm
|-damage|p1a: Incineroar|49/100|[from] Sandstorm
|upkeep
|turn|6
|-message|itina99 forfeited.
|
|win|stunfisk boi gang
|raw|stunfisk boi gang's rating: 1177 → 1205(+28 for winning)
|raw|itina99's rating: 1212 → 1184(-28 for losing)
|l|☆itina99
|player|p2|
