|j|☆toadsamongmen
|j|☆Gurrasnurra5
|html|toadsamongmenGurrasnurra5    
|uhtml|bestof|Game 1 of a best-of-3
|t:|1783533965
|gametype|doubles
|player|p1|toadsamongmen|surfer|
|player|p2|Gurrasnurra5|170|
|gen|9
|tier|[Gen 9 Champions] VGC 2026 Reg M-B (Bo3)
|rule|Species Clause: Limit one of each Pokémon
|rule|Item Clause: Limit 1 of each item
|clearpoke
|poke|p1|Mawile, L50, M|
|poke|p1|Archaludon, L50, M|
|poke|p1|Pelipper, L50, M|
|poke|p1|Swampert, L50, F|
|poke|p1|Incineroar, L50, F|
|poke|p1|Farigiraf, L50, F|
|poke|p2|Blaziken, L50, M|
|poke|p2|Garchomp, L50, F|
|poke|p2|Corviknight, L50, M|
|poke|p2|Ninetales-Alola, L50, F|
|poke|p2|Milotic, L50, F|
|poke|p2|Sneasler, L50, M|
|teampreview|4
|showteam|p1|Mawile||Mawilite|HyperCutter|SuckerPunch,RockSlide,PlayRough,IronHead|Brave||M|||50|]Archaludon||Leftovers|Stamina|ElectroShot,DragonPulse,AuraSphere,Protect|Calm||M|||50|]Pelipper||FocusSash|Drizzle|Tailwind,WeatherBall,Hurricane,Protect|Modest||M|||50|]Swampert||Swampertite|Damp|HighHorsepower,WaveCrash,Protect,KnockOff|Adamant||F|||50|]Incineroar||Charcoal|Intimidate|FakeOut,FlareBlitz,CloseCombat,ThroatChop|Adamant||F|||50|]Farigiraf||ColburBerry|ArmorTail|TrickRoom,Psychic,HelpingHand,FoulPlay|Relaxed||F|||50|
|showteam|p2|Blaziken||Blazikenite|SpeedBoost|FlareBlitz,CloseCombat,Coaching,Protect|Adamant||M|||50|]Garchomp||LifeOrb|RoughSkin|Earthquake,StompingTantrum,DragonClaw,Protect|Adamant||F|||50|]Corviknight||SitrusBerry|MirrorArmor|BraveBird,Tailwind,Roost,Protect|Calm||M|||50|]Ninetales-Alola||NeverMeltIce|SnowWarning|Blizzard,AuroraVeil,Encore,Protect|Timid||F|||50|]Milotic||Leftovers|Competitive|MuddyWater,IceBeam,Recover,Protect|Calm||F|||50|]Sneasler||FocusSash|PoisonTouch|FakeOut,CloseCombat,DireClaw,Protect|Jolly||M|||50|
|c|☆Gurrasnurra5|glhf!
|c|☆toadsamongmen|u2
|
|t:|1783533996
|teamsize|p1|4
|teamsize|p2|4
|start
|switch|p1a: Farigiraf|Farigiraf, L50, F|100/100
|switch|p1b: Incineroar|Incineroar, L50, F|100/100
|switch|p2a: Sneasler|Sneasler, L50, M|100/100
|switch|p2b: Milotic|Milotic, L50, F|100/100
|-ability|p1b: Incineroar|Intimidate|boost
|-unboost|p2a: Sneasler|atk|1
|-unboost|p2b: Milotic|atk|1
|-ability|p2b: Milotic|Competitive|boost
|-boost|p2b: Milotic|spa|2
|turn|1
|
|t:|1783534020
|move|p1b: Incineroar|Fake Out|p2a: Sneasler
|-damage|p2a: Sneasler|77/100
|cant|p2a: Sneasler|flinch
|move|p2b: Milotic|Muddy Water|p1b: Incineroar|[spread] p1a,p1b
|-supereffective|p1b: Incineroar|1
|-damage|p1a: Farigiraf|49/100
|-damage|p1b: Incineroar|18/100
|move|p1a: Farigiraf|Trick Room|p1a: Farigiraf
|-fieldstart|move: Trick Room|[of] p1a: Farigiraf
|
|upkeep
|turn|2
|
|t:|1783534036
|move|p2a: Sneasler|Protect|p2a: Sneasler
|-singleturn|p2a: Sneasler|Protect
|move|p1a: Farigiraf|Psychic|p2a: Sneasler
|-activate|p2a: Sneasler|move: Protect
|move|p1b: Incineroar|Throat Chop|p2b: Milotic
|-damage|p2b: Milotic|56/100
|-start|p2b: Milotic|Throat Chop|[silent]
|move|p2b: Milotic|Muddy Water|p1b: Incineroar|[spread] 
|-miss|p2b: Milotic|p1a: Farigiraf
|-miss|p2b: Milotic|p1b: Incineroar
|
|-heal|p2b: Milotic|62/100|[from] item: Leftovers
|upkeep
|turn|3
|
|t:|1783534051
|switch|p2a: Ninetales|Ninetales-Alola, L50, F|100/100
|-weather|Snowscape|[from] ability: Snow Warning|[of] p2a: Ninetales
|move|p1a: Farigiraf|Psychic|p2a: Ninetales
|-damage|p2a: Ninetales|58/100
|move|p1b: Incineroar|Throat Chop|p2b: Milotic
|-damage|p2b: Milotic|19/100
|move|p2b: Milotic|Muddy Water|p1a: Farigiraf|[spread] p1a
|-miss|p2b: Milotic|p1b: Incineroar
|-damage|p1a: Farigiraf|0 fnt
|faint|p1a: Farigiraf
|
|-weather|Snowscape|[upkeep]
|-heal|p2b: Milotic|25/100|[from] item: Leftovers
|-end|p2b: Milotic|Throat Chop|[silent]
|upkeep
|
|t:|1783534056
|switch|p1a: Mawile|Mawile, L50, M|100/100
|turn|4
|
|t:|1783534075
|switch|p2a: Blaziken|Blaziken, L50, M|100/100
|detailschange|p1a: Mawile|Mawile-Mega, L50, M
|-mega|p1a: Mawile|Mawile|Mawilite
|move|p2b: Milotic|Protect|p2b: Milotic
|-singleturn|p2b: Milotic|Protect
|move|p1a: Mawile|Iron Head|p2a: Blaziken
|-resisted|p2a: Blaziken|1
|-damage|p2a: Blaziken|39/100
|move|p1b: Incineroar|Throat Chop|p2b: Milotic
|-activate|p2b: Milotic|move: Protect
|
|-weather|Snowscape|[upkeep]
|-heal|p2b: Milotic|31/100|[from] item: Leftovers
|upkeep
|turn|5
|
|t:|1783534109
|move|p2a: Blaziken|Protect|p2a: Blaziken
|-singleturn|p2a: Blaziken|Protect
|move|p1a: Mawile|Iron Head|p2a: Blaziken
|-activate|p2a: Blaziken|move: Protect
|move|p1b: Incineroar|Throat Chop|p2b: Milotic
|-crit|p2b: Milotic
|-damage|p2b: Milotic|0 fnt
|faint|p2b: Milotic
|
|-weather|Snowscape|[upkeep]
|-fieldend|move: Trick Room
|-ability|p2a: Blaziken|Speed Boost|boost
|-boost|p2a: Blaziken|spe|1
|upkeep
|
|t:|1783534121
|switch|p2b: Sneasler|Sneasler, L50, M|77/100
|turn|6
|
|t:|1783534147
|detailschange|p2a: Blaziken|Blaziken-Mega, L50, M
|-mega|p2a: Blaziken|Blaziken|Blazikenite
|move|p1a: Mawile|Sucker Punch|p2a: Blaziken
|-resisted|p2a: Blaziken|1
|-damage|p2a: Blaziken|8/100
|move|p2a: Blaziken|Flare Blitz|p1a: Mawile
|-supereffective|p1a: Mawile|1
|-damage|p1a: Mawile|0 fnt
|faint|p1a: Mawile
|-damage|p2a: Blaziken|0 fnt|[from] Recoil
|faint|p2a: Blaziken
|move|p2b: Sneasler|Close Combat|p1b: Incineroar
|-supereffective|p1b: Incineroar|1
|-damage|p1b: Incineroar|0 fnt
|-unboost|p2b: Sneasler|def|1
|-unboost|p2b: Sneasler|spd|1
|faint|p1b: Incineroar
|
|-weather|Snowscape|[upkeep]
|upkeep
|
|t:|1783534163
|switch|p2a: Ninetales|Ninetales-Alola, L50, F|58/100
|switch|p1a: Pelipper|Pelipper, L50, M|100/100
|-weather|RainDance|[from] ability: Drizzle|[of] p1a: Pelipper
|turn|7
|
|t:|1783534188
|move|p2b: Sneasler|Dire Claw|p1a: Pelipper
|-damage|p1a: Pelipper|45/100
|-status|p1a: Pelipper|par
|move|p2a: Ninetales|Blizzard|p1a: Pelipper
|-damage|p1a: Pelipper|0 fnt
|faint|p1a: Pelipper
|
|win|Gurrasnurra5
||Gurrasnurra5 is ready for game 2.
||toadsamongmen is ready for game 2.
|uhtml|next|Next: Game 2 of 3
|l|☆Gurrasnurra5
|player|p2|
