|j|☆OhNoValentine
|j|☆bignucks
|html|OhNoValentinebignucks    
|uhtml|bestof|Game 2 of a best-of-3
|t:|1756827500
|gametype|doubles
|player|p1|OhNoValentine|2|1167
|player|p2|bignucks|lucas-gen4pt|1132
|gen|9
|tier|[Gen 9] VGC 2025 Reg H (Bo3)
|rated|
|rule|Species Clause: Limit one of each Pokémon
|rule|Item Clause: Limit 1 of each item
|clearpoke
|poke|p1|Primarina, L50, M|
|poke|p1|Garchomp, L50, F|
|poke|p1|Gholdengo, L50|
|poke|p1|Talonflame, L50, F|
|poke|p1|Tyranitar, L50, F|
|poke|p1|Amoonguss, L50, F|
|poke|p2|Sneasler, L50, F|
|poke|p2|Indeedee, L50, M|
|poke|p2|Dragapult, L50, F|
|poke|p2|Typhlosion-Hisui, L50, M|
|poke|p2|Whimsicott, L50, M|
|poke|p2|Electabuzz, L50, M|
|teampreview|4
|showteam|p1|Primarina||ThroatSpray|LiquidVoice|Haze,Moonblast,Protect,HyperVoice|||M|||50|,,,,,Steel]Garchomp||LifeOrb|SandVeil|Protect,Earthquake,StompingTantrum,DragonClaw|||F|||50|,,,,,Fire]Gholdengo||MetalCoat|GoodasGold|Protect,NastyPlot,ShadowBall,MakeItRain||||||50|,,,,,Flying]Talonflame||CovertCloak|GaleWings|BraveBird,Tailwind,WillOWisp,Taunt|||F|||50|,,,,,Flying]Tyranitar||AssaultVest|SandStream|KnockOff,TeraBlast,LowKick,RockSlide|||F|||50|,,,,,Flying]Amoonguss||SitrusBerry|Regenerator|RagePowder,Spore,PollenPuff,Protect|||F|||50|,,,,,Water
|showteam|p2|Sneasler||PsychicSeed|Unburden|DireClaw,CloseCombat,ThroatChop,Protect|||F|||50|,,,,,Dark]Indeedee||FocusSash|PsychicSurge|ExpandingForce,HelpingHand,Imprison,TrickRoom|||M|||50|,,,,,Psychic]Dragapult||ChoiceBand|ClearBody|DragonDarts,PhantomForce,Outrage,Uturn|||F|||50|,,,,,Dragon]Typhlosion-Hisui||ChoiceSpecs|Blaze|Eruption,HeatWave,Overheat,ShadowBall|||M|||50|,,,,,Fire]Whimsicott||CovertCloak|Prankster|Tailwind,Moonblast,SunnyDay,Encore|||M|||50|,,,,,Water]Electabuzz||Eviolite|VitalSpirit|FollowMe,Electroweb,Taunt,Protect|||M|||50|,,,,,Ghost
|inactive|Battle timer is ON: inactive players will automatically lose when time's up. (requested by OhNoValentine)
|inactive|bignucks has 60 seconds left.
|
|t:|1756827557
|teamsize|p1|4
|teamsize|p2|4
|start
|switch|p1a: Garchomp|Garchomp, L50, F|100/100
|switch|p1b: Tyranitar|Tyranitar, L50, F|100/100
|switch|p2a: Indeedee|Indeedee, L50, M|100/100
|switch|p2b: Dragapult|Dragapult, L50, F|100/100
|-fieldstart|move: Psychic Terrain|[from] ability: Psychic Surge|[of] p2a: Indeedee
|-weather|Sandstorm|[from] ability: Sand Stream|[of] p1b: Tyranitar
|turn|1
|inactive|OhNoValentine has 30 seconds left.
|
|t:|1756827591
|switch|p1a: Gholdengo|Gholdengo, L50|100/100
|-terastallize|p2b: Dragapult|Dragon
|move|p2b: Dragapult|Dragon Darts|p1b: Tyranitar
|-damage|p1b: Tyranitar|51/100
|-anim|p2b: Dragapult|Dragon Darts|p1a: Gholdengo
|-resisted|p1a: Gholdengo
|-damage|p1a: Gholdengo|68/100
|move|p2a: Indeedee|Expanding Force|p1b: Tyranitar|[spread] p1a
|-immune|p1b: Tyranitar
|-resisted|p1a: Gholdengo
|-damage|p1a: Gholdengo|37/100
|move|p1b: Tyranitar|Rock Slide|p2b: Dragapult|[spread] p2a,p2b
|-damage|p2a: Indeedee|34/100
|-damage|p2b: Dragapult|56/100
|
|-weather|Sandstorm|[upkeep]
|-damage|p2b: Dragapult|50/100|[from] Sandstorm
|-damage|p2a: Indeedee|28/100|[from] Sandstorm
|upkeep
|turn|2
|
|t:|1756827613
|move|p2a: Indeedee|Helping Hand|p2b: Dragapult
|-singleturn|p2b: Dragapult|Helping Hand|[of] p2a: Indeedee
|move|p2b: Dragapult|Dragon Darts|p1b: Tyranitar
|-damage|p1b: Tyranitar|0 fnt
|-anim|p2b: Dragapult|Dragon Darts|p1a: Gholdengo
|-resisted|p1a: Gholdengo
|-damage|p1a: Gholdengo|0 fnt
|faint|p1b: Tyranitar
|faint|p1a: Gholdengo
|
|-weather|Sandstorm|[upkeep]
|-damage|p2b: Dragapult|44/100|[from] Sandstorm
|-damage|p2a: Indeedee|22/100|[from] Sandstorm
|upkeep
|
|t:|1756827615
|switch|p1a: Talonflame|Talonflame, L50, F|100/100
|switch|p1b: Garchomp|Garchomp, L50, F|100/100
|turn|3
|
|t:|1756827632
|switch|p2b: Whimsicott|Whimsicott, L50, M|100/100
|move|p1a: Talonflame|Tailwind|p1a: Talonflame
|-sidestart|p1: OhNoValentine|move: Tailwind
|move|p1b: Garchomp|Earthquake|p2a: Indeedee|[spread] p2a,p2b
|-immune|p1a: Talonflame
|-resisted|p2b: Whimsicott
|-damage|p2a: Indeedee|0 fnt
|-damage|p2b: Whimsicott|67/100
|faint|p2a: Indeedee
|-damage|p1b: Garchomp|91/100|[from] item: Life Orb
|
|-weather|Sandstorm|[upkeep]
|-damage|p1a: Talonflame|95/100|[from] Sandstorm
|-damage|p2b: Whimsicott|60/100|[from] Sandstorm
|upkeep
|
|t:|1756827648
|switch|p2a: Sneasler|Sneasler, L50, F|100/100
|-enditem|p2a: Sneasler|Psychic Seed
|-boost|p2a: Sneasler|spd|1|[from] item: Psychic Seed
|turn|4
|
|t:|1756827667
|move|p2b: Whimsicott|Tailwind|p2b: Whimsicott
|-sidestart|p2: bignucks|move: Tailwind
|move|p2a: Sneasler|Dire Claw|p1a: Talonflame
|-damage|p1a: Talonflame|30/100
|move|p1a: Talonflame|Brave Bird|p2b: Whimsicott
|-supereffective|p2b: Whimsicott
|-damage|p2b: Whimsicott|0 fnt
|faint|p2b: Whimsicott
|-damage|p1a: Talonflame|8/100|[from] Recoil
|move|p1b: Garchomp|Dragon Claw|p2a: Sneasler
|-damage|p2a: Sneasler|11/100
|-damage|p1b: Garchomp|81/100|[from] item: Life Orb
|
|-weather|Sandstorm|[upkeep]
|-damage|p2a: Sneasler|6/100|[from] Sandstorm
|-damage|p1a: Talonflame|2/100|[from] Sandstorm
|upkeep
|
|t:|1756827682
|switch|p2b: Dragapult|Dragapult, L50, F, tera:Dragon|44/100
|turn|5
|
|t:|1756827696
|-terastallize|p1b: Garchomp|Fire
|move|p2a: Sneasler|Dire Claw|p1a: Talonflame
|-damage|p1a: Talonflame|0 fnt
|faint|p1a: Talonflame
|move|p2b: Dragapult|Dragon Darts|p1b: Garchomp
|-crit|p1b: Garchomp
|-damage|p1b: Garchomp|0 fnt
|faint|p1b: Garchomp
|
|win|bignucks
