|j|☆WaluigiVGC
|j|☆meekmatt
|html|WaluigiVGCmeekmatt    
|uhtml|bestof|Game 2 of a best-of-3
|t:|1756482611
|gametype|doubles
|player|p1|WaluigiVGC|170|1099
|player|p2|meekmatt|101|1071
|gen|9
|tier|[Gen 9] VGC 2025 Reg H (Bo3)
|rated|
|rule|Species Clause: Limit one of each Pokémon
|rule|Item Clause: Limit 1 of each item
|clearpoke
|poke|p1|Pelipper, L50, M|
|poke|p1|Tatsugiri-Droopy, L50, F|
|poke|p1|Dondozo, L50, F|
|poke|p1|Archaludon, L50, M|
|poke|p1|Sneasler, L50, M|
|poke|p1|Indeedee, L50, M|
|poke|p2|Whimsicott, L50, M|
|poke|p2|Annihilape, L50, M|
|poke|p2|Typhlosion-Hisui, L50, M|
|poke|p2|Incineroar, L50, F|
|poke|p2|Gholdengo, L50|
|poke|p2|Torkoal, L50, M|
|teampreview|4
|showteam|p1|Pelipper||CovertCloak|Drizzle|Hurricane,WeatherBall,Tailwind,Protect|||M|||50|,,,,,Grass]Tatsugiri-Droopy||SafetyGoggles|Commander|MuddyWater,DracoMeteor,Taunt,Protect|||F|||50|,,,,,Ghost]Dondozo||Leftovers|Unaware|Earthquake,OrderUp,BodyPress,Protect|||F|||50|,,,,,Steel]Archaludon||AssaultVest|Stamina|ElectroShot,FlashCannon,BodyPress,DragonPulse|||M|||50|,,,,,Grass]Sneasler||PsychicSeed|Unburden|DireClaw,CloseCombat,ThroatChop,Protect|||M|||50|,,,,,Dark]Indeedee||FocusSash|PsychicSurge|ExpandingForce,TrickRoom,Imprison,Protect|||M|||50|,,,,,Ghost
|showteam|p2|Whimsicott||CovertCloak|Prankster|Moonblast,Tailwind,Taunt,SunnyDay|||M|||50|,,,,,Fairy]Annihilape||FocusSash|Defiant|FinalGambit,CloseCombat,RageFist,Protect|||M|||50|,,,,,Grass]Typhlosion-Hisui||ChoiceSpecs|Blaze|Eruption,HeatWave,ShadowBall,Overheat|||M|||50|,,,,,Fire]Incineroar||SafetyGoggles|Intimidate|FakeOut,HelpingHand,KnockOff,FlareBlitz|||F|||50|,,,,,Ghost]Gholdengo||LifeOrb|GoodasGold|MakeItRain,Protect,ShadowBall,DazzlingGleam||||||50|,,,,,Fairy]Torkoal||SitrusBerry|Drought|Eruption,HelpingHand,Yawn,Overheat|||M|||50|,,,,,Fire
|inactive|Battle timer is ON: inactive players will automatically lose when time's up. (requested by meekmatt)
|
|t:|1756482643
|teamsize|p1|4
|teamsize|p2|4
|start
|switch|p1a: Indeedee|Indeedee, L50, M|100/100
|switch|p1b: Sneasler|Sneasler, L50, M|100/100
|switch|p2a: Lovely Bastards|Whimsicott, L50, M|100/100
|switch|p2b: Golden Gun|Gholdengo, L50|100/100
|-fieldstart|move: Psychic Terrain|[from] ability: Psychic Surge|[of] p1a: Indeedee
|-enditem|p1b: Sneasler|Psychic Seed
|-boost|p1b: Sneasler|spd|1|[from] item: Psychic Seed
|turn|1
|inactive|WaluigiVGC has 30 seconds left.
|
|t:|1756482669
|-terastallize|p1b: Sneasler|Dark
|-terastallize|p2b: Golden Gun|Fairy
|move|p2a: Lovely Bastards|Tailwind|p2a: Lovely Bastards
|-sidestart|p2: meekmatt|move: Tailwind
|move|p1b: Sneasler|Throat Chop|p2b: Golden Gun
|-resisted|p2b: Golden Gun
|-damage|p2b: Golden Gun|76/100
|-start|p2b: Golden Gun|Throat Chop|[silent]
|move|p2b: Golden Gun|Dazzling Gleam|p1a: Indeedee|[spread] p1a,p1b
|-supereffective|p1b: Sneasler
|-damage|p1a: Indeedee|45/100
|-damage|p1b: Sneasler|24/100
|-damage|p2b: Golden Gun|67/100|[from] item: Life Orb
|move|p1a: Indeedee|Expanding Force|p2a: Lovely Bastards|[spread] p2a,p2b
|-damage|p2a: Lovely Bastards|27/100
|-damage|p2b: Golden Gun|5/100
|
|upkeep
|turn|2
|
|t:|1756482691
|move|p1b: Sneasler|Protect|p1b: Sneasler
|-singleturn|p1b: Sneasler|Protect
|move|p2b: Golden Gun|Protect|p2b: Golden Gun
|-singleturn|p2b: Golden Gun|Protect
|move|p1a: Indeedee|Protect|p1a: Indeedee
|-singleturn|p1a: Indeedee|Protect
|move|p2a: Lovely Bastards|Moonblast|p1b: Sneasler
|-activate|p1b: Sneasler|move: Protect
|
|-end|p2b: Golden Gun|Throat Chop|[silent]
|upkeep
|turn|3
|
|t:|1756482702
|switch|p1b: Dondozo|Dondozo, L50, F|100/100
|switch|p1a: Tatsugiri|Tatsugiri-Droopy, L50, F|100/100
|-activate|p1a: Tatsugiri|ability: Commander|[of] p1b: Dondozo
|-boost|p1b: Dondozo|atk|2
|-boost|p1b: Dondozo|spa|2
|-boost|p1b: Dondozo|spe|2
|-boost|p1b: Dondozo|def|2
|-boost|p1b: Dondozo|spd|2
|move|p2b: Golden Gun|Protect|p2b: Golden Gun
|-singleturn|p2b: Golden Gun|Protect
|move|p2a: Lovely Bastards|Moonblast|p1b: Dondozo
|-damage|p1b: Dondozo|88/100
|
|-heal|p1b: Dondozo|94/100|[from] item: Leftovers
|upkeep
|turn|4
|inactive|meekmatt has 30 seconds left.
|
|t:|1756482737
|move|p2a: Lovely Bastards|Sunny Day|p2a: Lovely Bastards
|-weather|SunnyDay
|move|p2b: Golden Gun|Shadow Ball|p1b: Dondozo
|-crit|p1b: Dondozo
|-damage|p1b: Dondozo|20/100
|-unboost|p1b: Dondozo|spd|1
|-damage|p2b: Golden Gun|0 fnt|[from] item: Life Orb
|faint|p2b: Golden Gun
|move|p1b: Dondozo|Earthquake|p2a: Lovely Bastards|[spread] p2a
|-miss|p1b: Dondozo|p1a: Tatsugiri
|-resisted|p2a: Lovely Bastards
|-crit|p2a: Lovely Bastards
|-damage|p2a: Lovely Bastards|0 fnt
|faint|p2a: Lovely Bastards
|
|-weather|SunnyDay|[upkeep]
|-heal|p1b: Dondozo|26/100|[from] item: Leftovers
|-sideend|p2: meekmatt|move: Tailwind
|upkeep
|
|t:|1756482751
|switch|p2a: Monkey|Annihilape, L50, M|100/100
|switch|p2b: Hot Dog|Typhlosion-Hisui, L50, M|100/100
|turn|5
|
|t:|1756482757
|move|p2a: Monkey|Protect|p2a: Monkey
|-singleturn|p2a: Monkey|Protect
|move|p1b: Dondozo|Protect|p1b: Dondozo
|-singleturn|p1b: Dondozo|Protect
|move|p2b: Hot Dog|Shadow Ball|p1b: Dondozo
|-activate|p1b: Dondozo|move: Protect
|
|-weather|SunnyDay|[upkeep]
|-heal|p1b: Dondozo|32/100|[from] item: Leftovers
|-fieldend|move: Psychic Terrain
|upkeep
|turn|6
|inactive|WaluigiVGC has 30 seconds left.
|
|t:|1756482784
|move|p2a: Monkey|Protect|p2a: Monkey
|-singleturn|p2a: Monkey|Protect
|move|p2b: Hot Dog|Shadow Ball|p1b: Dondozo
|-damage|p1b: Dondozo|0 fnt
|faint|p1b: Dondozo
|
|-weather|SunnyDay|[upkeep]
|upkeep
|
|t:|1756482795
|switch|p1b: Sneasler|Sneasler, L50, M, tera:Dark|24/100
|turn|7
|
|t:|1756482813
|move|p1a: Tatsugiri|Protect|p1a: Tatsugiri
|-singleturn|p1a: Tatsugiri|Protect
|move|p1b: Sneasler|Throat Chop|p2b: Hot Dog
|-supereffective|p2b: Hot Dog
|-damage|p2b: Hot Dog|0 fnt
|faint|p2b: Hot Dog
|move|p2a: Monkey|Close Combat|p1b: Sneasler
|-supereffective|p1b: Sneasler
|-crit|p1b: Sneasler
|-damage|p1b: Sneasler|0 fnt
|-unboost|p2a: Monkey|def|1
|-unboost|p2a: Monkey|spd|1
|faint|p1b: Sneasler
|
|-weather|SunnyDay|[upkeep]
|upkeep
|
|t:|1756482825
|switch|p1b: Indeedee|Indeedee, L50, M|45/100
|-fieldstart|move: Psychic Terrain|[from] ability: Psychic Surge|[of] p1b: Indeedee
|turn|8
|
|t:|1756482838
|move|p1b: Indeedee|Expanding Force|p2a: Monkey
|-supereffective|p2a: Monkey
|-enditem|p2a: Monkey|Focus Sash
|-damage|p2a: Monkey|1/100
|move|p2a: Monkey|Close Combat|p1b: Indeedee
|-damage|p1b: Indeedee|0 fnt
|-unboost|p2a: Monkey|def|1
|-unboost|p2a: Monkey|spd|1
|faint|p1b: Indeedee
|move|p1a: Tatsugiri|Draco Meteor|p2a: Monkey
|-damage|p2a: Monkey|0 fnt
|-unboost|p1a: Tatsugiri|spa|2
|faint|p2a: Monkey
|
|win|WaluigiVGC
|raw|WaluigiVGC's rating: 1099 → 1122(+23 for winning)
|raw|meekmatt's rating: 1071 → 1052(-19 for losing)
|l|☆meekmatt
|player|p2|
