|j|☆lukashz
|j|☆paintleg4cy
|html|lukashzpaintleg4cy    
|uhtml|bestof|Game 1 of a best-of-3
|t:|1783614371
|gametype|doubles
|player|p1|lukashz|elesa|1328
|player|p2|paintleg4cy|dawn-gen4pt|1290
|gen|9
|tier|[Gen 9 Champions] VGC 2026 Reg M-B (Bo3)
|rated|
|rule|Species Clause: Limit one of each Pokémon
|rule|Item Clause: Limit 1 of each item
|clearpoke
|poke|p1|Chandelure, L50, F|
|poke|p1|Kangaskhan, L50, F|
|poke|p1|Sylveon, L50, M|
|poke|p1|Kingambit, L50, M|
|poke|p1|Sneasler, L50, F|
|poke|p1|Venusaur, L50, M|
|poke|p2|Charizard, L50, F|
|poke|p2|Basculegion, L50, M|
|poke|p2|Whimsicott, L50, M|
|poke|p2|Garchomp, L50, M|
|poke|p2|Floette-Eternal, L50, F|
|poke|p2|Kingambit, L50, F|
|teampreview|4
|showteam|p1|Chandelure||FocusSash|FlashFire|HeatWave,ShadowBall,TrickRoom,Taunt|Quiet||F|||50|]Kangaskhan||Kangaskhanite|InnerFocus|FakeOut,DoubleEdge,SuckerPunch,HammerArm|Brave||F|||50|]Sylveon||FairyFeather|Pixilate|HyperVoice,Protect,HyperBeam,QuickAttack|Quiet||M|||50|]Kingambit||BlackGlasses|Defiant|KowtowCleave,SuckerPunch,IronHead,Protect|Brave||M|||50|]Sneasler||WhiteHerb|Unburden|FakeOut,Coaching,CloseCombat,DireClaw|Jolly||F|||50|]Venusaur||Venusaurite|Chlorophyll|EarthPower,SleepPowder,GigaDrain,Protect|Modest||M|||50|
|showteam|p2|Charizard||CharizarditeY|Blaze|HeatWave,SolarBeam,WeatherBall,Protect|Modest||F|||50|]Basculegion||ChoiceScarf|Adaptability|WaveCrash,AquaJet,FlipTurn,LastRespects|Jolly||M|||50|]Whimsicott||FocusSash|Prankster|Moonblast,Tailwind,Encore,Protect|Timid||M|||50|]Garchomp||LifeOrb|RoughSkin|Earthquake,RockSlide,DragonClaw,Protect|Jolly||M|||50|]Floette-Eternal||Floettite|FlowerVeil|Moonblast,LightofRuin,DazzlingGleam,Protect|Timid||F|||50|]Kingambit||BlackGlasses|Defiant|KowtowCleave,SuckerPunch,Protect,SwordsDance|Adamant||F|||50|
|inactive|Battle timer is ON: inactive players will automatically lose when time's up. (requested by paintleg4cy)
|inactive|lukashz has 60 seconds left.
|
|t:|1783614483
|teamsize|p1|4
|teamsize|p2|4
|start
|switch|p1a: Chandelure|Chandelure, L50, F|100/100
|switch|p1b: Kingambit|Kingambit, L50, M|100/100
|switch|p2a: Basculegion|Basculegion, L50, M|100/100
|switch|p2b: Charizard|Charizard, L50, F|100/100
|turn|1
|inactive|paintleg4cy has 30 seconds left.
|inactive|paintleg4cy has 20 seconds left.
|
|t:|1783614522
|switch|p2a: Garchomp|Garchomp, L50, M|100/100
|switch|p2b: Kingambit|Kingambit, L50, F|100/100
|move|p1b: Kingambit|Protect|p1b: Kingambit
|-singleturn|p1b: Kingambit|Protect
|move|p1a: Chandelure|Trick Room|p1a: Chandelure
|-fieldstart|move: Trick Room|[of] p1a: Chandelure
|
|upkeep
|turn|2
|inactive|lukashz has 30 seconds left.
|inactive|lukashz has 20 seconds left.
|
|t:|1783614558
|move|p2b: Kingambit|Protect|p2b: Kingambit
|-singleturn|p2b: Kingambit|Protect
|move|p1b: Kingambit|Kowtow Cleave|p2a: Garchomp
|-damage|p2a: Garchomp|41/100
|-damage|p1b: Kingambit|87/100|[from] ability: Rough Skin|[of] p2a: Garchomp
|move|p1a: Chandelure|Heat Wave|p2a: Garchomp|[spread] p2a
|-activate|p2b: Kingambit|move: Protect
|-resisted|p2a: Garchomp|1
|-damage|p2a: Garchomp|18/100
|move|p2a: Garchomp|Earthquake|p1a: Chandelure|[spread] p1a,p1b
|-activate|p2b: Kingambit|move: Protect
|-supereffective|p1a: Chandelure|1
|-supereffective|p1b: Kingambit|1
|-enditem|p1a: Chandelure|Focus Sash
|-damage|p1a: Chandelure|1/100
|-damage|p1b: Kingambit|12/100
|-damage|p2a: Garchomp|9/100|[from] item: Life Orb
|
|upkeep
|turn|3
|inactive|paintleg4cy has 30 seconds left.
|
|t:|1783614588
|move|p1b: Kingambit|Protect|p1b: Kingambit
|-singleturn|p1b: Kingambit|Protect
|move|p2a: Garchomp|Protect|p2a: Garchomp
|-singleturn|p2a: Garchomp|Protect
|move|p2b: Kingambit|Swords Dance|p2b: Kingambit
|-boost|p2b: Kingambit|atk|2
|move|p1a: Chandelure|Taunt|p2b: Kingambit
|-start|p2b: Kingambit|move: Taunt
|
|upkeep
|turn|4
|
|t:|1783614606
|move|p2a: Garchomp|Protect||[still]
|-fail|p2a: Garchomp
|move|p1b: Kingambit|Kowtow Cleave|p2a: Garchomp
|-damage|p2a: Garchomp|0 fnt
|-damage|p1b: Kingambit|1/100|[from] ability: Rough Skin|[of] p2a: Garchomp
|faint|p2a: Garchomp
|move|p2b: Kingambit|Kowtow Cleave|p1a: Chandelure
|-supereffective|p1a: Chandelure|1
|-damage|p1a: Chandelure|0 fnt
|faint|p1a: Chandelure
|
|upkeep
|
|t:|1783614617
|switch|p1a: Sneasler|Sneasler, L50, F|100/100
|switch|p2a: Charizard|Charizard, L50, F|100/100
|turn|5
|
|t:|1783614625
|detailschange|p2a: Charizard|Charizard-Mega-Y, L50, F
|-mega|p2a: Charizard|Charizard|Charizardite Y
|-weather|SunnyDay|[from] ability: Drought|[of] p2a: Charizard
|move|p1a: Sneasler|Fake Out|p2b: Kingambit
|-resisted|p2b: Kingambit|1
|-damage|p2b: Kingambit|95/100
|move|p1b: Kingambit|Kowtow Cleave|p2a: Charizard
|-damage|p2a: Charizard|38/100
|cant|p2b: Kingambit|flinch
|move|p2a: Charizard|Heat Wave|p1b: Kingambit|[spread] p1a,p1b
|-supereffective|p1b: Kingambit|1
|-crit|p1b: Kingambit
|-damage|p1a: Sneasler|36/100
|-damage|p1b: Kingambit|0 fnt
|faint|p1b: Kingambit
|
|-weather|SunnyDay|[upkeep]
|-fieldend|move: Trick Room
|upkeep
|
|t:|1783614633
|switch|p1b: Venusaur|Venusaur, L50, M|100/100
|turn|6
|
|t:|1783614643
|move|p2b: Kingambit|Sucker Punch||[still]
|-fail|p2b: Kingambit
|move|p1b: Venusaur|Sleep Powder|p2a: Charizard
|-status|p2a: Charizard|slp|[from] move: Sleep Powder
|move|p1a: Sneasler|Coaching|p1b: Venusaur
|-boost|p1b: Venusaur|atk|1
|-boost|p1b: Venusaur|def|1
|cant|p2a: Charizard|slp
|
|-weather|SunnyDay|[upkeep]
|-end|p2b: Kingambit|move: Taunt
|upkeep
|turn|7
|
|t:|1783614659
|move|p2b: Kingambit|Protect|p2b: Kingambit
|-singleturn|p2b: Kingambit|Protect
|move|p1b: Venusaur|Sleep Powder|p2b: Kingambit
|-activate|p2b: Kingambit|move: Protect
|move|p1a: Sneasler|Coaching|p1b: Venusaur
|-boost|p1b: Venusaur|atk|1
|-boost|p1b: Venusaur|def|1
|cant|p2a: Charizard|slp
|
|-weather|SunnyDay|[upkeep]
|upkeep
|turn|8
|inactive|lukashz has 30 seconds left.
|
|t:|1783614686
|move|p2b: Kingambit|Sucker Punch|p1a: Sneasler
|-resisted|p1a: Sneasler|1
|-damage|p1a: Sneasler|0 fnt
|faint|p1a: Sneasler
|move|p1b: Venusaur|Sleep Powder|p2b: Kingambit
|-status|p2b: Kingambit|slp|[from] move: Sleep Powder
|-curestatus|p2a: Charizard|slp|[msg]
|move|p2a: Charizard|Heat Wave|p1b: Venusaur
|-supereffective|p1b: Venusaur|1
|-damage|p1b: Venusaur|0 fnt
|faint|p1b: Venusaur
|
|win|paintleg4cy
||lukashz is ready for game 2.
||paintleg4cy is ready for game 2.
|uhtml|next|Next: Game 2 of 3
|l|☆paintleg4cy
|player|p2|
