|j|☆Slowerik9
|j|☆FunAxel64
|html|Slowerik9FunAxel64    
|uhtml|bestof|Game 2 of a best-of-3
|t:|1785793171
|gametype|doubles
|player|p1|Slowerik9|riley|
|player|p2|FunAxel64|102|
|gen|9
|tier|[Gen 9 Champions] VGC 2026 Reg M-B (Bo3)
|rule|Species Clause: Limit one of each Pokémon
|rule|Item Clause: Limit 1 of each item
|clearpoke
|poke|p1|Tyranitar, L50, M|
|poke|p1|Excadrill, L50, F|
|poke|p1|Gholdengo, L50|
|poke|p1|Milotic, L50, F|
|poke|p1|Sinistcha-Masterpiece, L50|
|poke|p1|Staraptor, L50, M|
|poke|p2|Aggron, L50, F|
|poke|p2|Sinistcha, L50|
|poke|p2|Tyranitar, L50, M|
|poke|p2|Excadrill, L50, F|
|poke|p2|Aegislash, L50, F|
|poke|p2|Mr. Rime, L50, M|
|teampreview|4
|showteam|p1|Tyranitar||Tyranitarite|SandStream|RockSlide,KnockOff,LowKick,Protect|Jolly||M|||50|]Excadrill||FocusSash|SandRush|HighHorsepower,IronHead,RockSlide,Protect|Adamant||F|||50|]Gholdengo||LifeOrb|GoodasGold|ShadowBall,MakeItRain,NastyPlot,Protect|Serious|||||50|]Milotic||SitrusBerry|Competitive|Scald,IceBeam,IcyWind,Protect|Calm||F|||50|]Sinistcha-Masterpiece||ColburBerry|Hospitality|ShadowBall,MatchaGotcha,RagePowder,Protect|Bold|||||50|]Staraptor||Staraptite|Intimidate|CloseCombat,BraveBird,Tailwind,Protect|Jolly||M|||50|
|showteam|p2|Aggron||Aggronite|Sturdy|HeavySlam,BodyPress,IronDefense,Protect|Careful||F|||50|]Sinistcha||Leftovers|Heatproof|TrickRoom,MatchaGotcha,ShadowBall,RagePowder|Bold|||||50|]Tyranitar||ChoiceScarf|SandStream|RockSlide,KnockOff,IcePunch,LowKick|Adamant||M|||50|]Excadrill||FocusSash|SandRush|RockSlide,IronHead,Protect,HighHorsepower|Adamant||F|||50|]Aegislash||OccaBerry|StanceChange|KingsShield,WideGuard,ShadowBall,FlashCannon|Modest||F|||50|]Mr. Rime||SitrusBerry|ScreenCleaner|FreezeDry,FakeOut,Psychic,Protect|Timid||M|||50|
|inactive|Battle timer is ON: inactive players will automatically lose when time's up. (requested by Slowerik9)
|inactive|Slowerik9 has 60 seconds left.
|
|t:|1785793211
|teamsize|p1|4
|teamsize|p2|4
|start
|switch|p1a: Tyranitar|Tyranitar, L50, M|100/100
|switch|p1b: Excadrill|Excadrill, L50, F|100/100
|switch|p2a: Tyranitar|Tyranitar, L50, M|100/100
|switch|p2b: Aegislash|Aegislash, L50, F|100/100
|-weather|Sandstorm|[from] ability: Sand Stream|[of] p2a: Tyranitar
|turn|1
|
|t:|1785793224
|move|p1b: Excadrill|Protect|p1b: Excadrill
|-singleturn|p1b: Excadrill|Protect
|move|p2b: Aegislash|Wide Guard|p2b: Aegislash
|-singleturn|p2b: Aegislash|Wide Guard
|move|p2a: Tyranitar|Low Kick|p1a: Tyranitar
|-supereffective|p1a: Tyranitar|2
|-damage|p1a: Tyranitar|0 fnt
|faint|p1a: Tyranitar
|
|-weather|Sandstorm|[upkeep]
|upkeep
|
|t:|1785793234
|switch|p1a: Staraptor|Staraptor, L50, M|100/100
|-ability|p1a: Staraptor|Intimidate|boost
|-unboost|p2a: Tyranitar|atk|1
|-unboost|p2b: Aegislash|atk|1
|turn|2
|
|t:|1785793248
|switch|p2a: Mr. Rime|Mr. Rime, L50, M|100/100
|switch|p2b: Excadrill|Excadrill, L50, F|100/100
|detailschange|p1a: Staraptor|Staraptor-Mega, L50, M
|-mega|p1a: Staraptor|Staraptor|Staraptite
|move|p1b: Excadrill|High Horsepower|p2b: Excadrill
|-supereffective|p2b: Excadrill|1
|-enditem|p2b: Excadrill|Focus Sash
|-damage|p2b: Excadrill|1/100
|move|p1a: Staraptor|Close Combat|p2a: Mr. Rime
|-damage|p2a: Mr. Rime|24/100
|-boost|p1a: Staraptor|def|1
|-boost|p1a: Staraptor|spd|1
|-enditem|p2a: Mr. Rime|Sitrus Berry|[eat]
|-heal|p2a: Mr. Rime|48/100|[from] item: Sitrus Berry
|
|-weather|Sandstorm|[upkeep]
|-damage|p1a: Staraptor|93/100|[from] Sandstorm
|-damage|p2a: Mr. Rime|42/100|[from] Sandstorm
|upkeep
|turn|3
|c|☆FunAxel64|Dame un segundo
|inactive|FunAxel64 has 30 seconds left.
|inactive|FunAxel64 has 20 seconds left.
|c|☆FunAxel64|okay, volvi
|inactiveoff|Battle timer is now OFF.
|
|t:|1785793298
|move|p1a: Staraptor|Protect|p1a: Staraptor
|-singleturn|p1a: Staraptor|Protect
|move|p2a: Mr. Rime|Fake Out|p1b: Excadrill
|-resisted|p1b: Excadrill|1
|-damage|p1b: Excadrill|95/100
|move|p2b: Excadrill|Rock Slide|p1b: Excadrill|[spread] p1b
|-activate|p1a: Staraptor|move: Protect
|-resisted|p1b: Excadrill|2
|-damage|p1b: Excadrill|87/100
|cant|p1b: Excadrill|flinch
|
|-weather|Sandstorm|[upkeep]
|-damage|p1a: Staraptor|87/100|[from] Sandstorm
|-damage|p2a: Mr. Rime|36/100|[from] Sandstorm
|upkeep
|turn|4
|
|t:|1785793315
|move|p2b: Excadrill|Protect|p2b: Excadrill
|-singleturn|p2b: Excadrill|Protect
|move|p1b: Excadrill|Rock Slide|p2b: Excadrill|[spread] p2a
|-activate|p2b: Excadrill|move: Protect
|-supereffective|p2a: Mr. Rime|1
|-damage|p2a: Mr. Rime|0 fnt
|faint|p2a: Mr. Rime
|move|p1a: Staraptor|Close Combat|p2b: Excadrill
|-activate|p2b: Excadrill|move: Protect
|
|-weather|Sandstorm|[upkeep]
|-damage|p1a: Staraptor|81/100|[from] Sandstorm
|upkeep
|
|t:|1785793327
|switch|p2a: Tyranitar|Tyranitar, L50, M|100/100
|turn|5
|
|t:|1785793340
|move|p1a: Staraptor|Protect|p1a: Staraptor
|-singleturn|p1a: Staraptor|Protect
|move|p1b: Excadrill|Rock Slide|p2b: Excadrill|[spread] p2a,p2b
|-resisted|p2b: Excadrill|2
|-damage|p2a: Tyranitar|79/100
|-damage|p2b: Excadrill|0 fnt
|faint|p2b: Excadrill
|move|p2a: Tyranitar|Rock Slide|p1a: Staraptor|[spread] p1b
|-activate|p1a: Staraptor|move: Protect
|-resisted|p1b: Excadrill|2
|-damage|p1b: Excadrill|75/100
|
|-weather|none
|upkeep
|
|t:|1785793351
|switch|p2b: Aegislash|Aegislash, L50, F|100/100
|turn|6
|
|t:|1785793362
|move|p1b: Excadrill|Protect|p1b: Excadrill
|-singleturn|p1b: Excadrill|Protect
|move|p2b: Aegislash|Wide Guard|p2b: Aegislash
|-singleturn|p2b: Aegislash|Wide Guard
|move|p1a: Staraptor|Close Combat|p2a: Tyranitar
|-supereffective|p2a: Tyranitar|2
|-damage|p2a: Tyranitar|0 fnt
|-boost|p1a: Staraptor|def|1
|-boost|p1a: Staraptor|spd|1
|faint|p2a: Tyranitar
|
|upkeep
|turn|7
|
|t:|1785793379
|switch|p1a: Sinistcha|Sinistcha-Masterpiece, L50|100/100
|-heal|p1b: Excadrill|100/100|[from] ability: Hospitality|[of] p1a: Sinistcha
|move|p1b: Excadrill|High Horsepower|p2b: Aegislash
|-supereffective|p2b: Aegislash|1
|-damage|p2b: Aegislash|8/100
|-formechange|p2b: Aegislash|Aegislash-Blade|
|move|p2b: Aegislash|Shadow Ball|p1a: Sinistcha
|-supereffective|p1a: Sinistcha|1
|-damage|p1a: Sinistcha|0 fnt
|faint|p1a: Sinistcha
|
|upkeep
|
|t:|1785793390
|switch|p1a: Staraptor|Staraptor-Mega, L50, M|81/100
|turn|8
|
|t:|1785793397
|-formechange|p2b: Aegislash|Aegislash|
|move|p2b: Aegislash|King's Shield|p2b: Aegislash
|-singleturn|p2b: Aegislash|Protect
|move|p1a: Staraptor|Brave Bird|p2b: Aegislash
|-activate|p2b: Aegislash|move: Protect
|-boost|p1a: Staraptor|atk|1
|move|p1b: Excadrill|High Horsepower|p2b: Aegislash
|-activate|p2b: Aegislash|move: Protect
|-unboost|p1b: Excadrill|atk|1
|
|upkeep
|turn|9
|
|t:|1785793410
|move|p2b: Aegislash|King's Shield||[still]
|-fail|p2b: Aegislash
|move|p1a: Staraptor|Brave Bird|p2b: Aegislash
|-resisted|p2b: Aegislash|1
|-damage|p2b: Aegislash|0 fnt
|faint|p2b: Aegislash
|-damage|p1a: Staraptor|78/100|[from] Recoil
|
|win|Slowerik9
||FunAxel64 is ready for game 3.
|inactive|Slowerik9 has 30 seconds to confirm battle start!
||Slowerik9 is ready for game 3.
|uhtml|next|Next: Game 3 of 3
|l|☆Slowerik9
|player|p1|
|l|☆FunAxel64
|player|p2|
|j|☆FunAxel64
|player|p2|FunAxel64|102|
