|j|☆MBL25
|j|☆EthernetSac
|html|MBL25EthernetSac    
|uhtml|bestof|Game 1 of a best-of-3
|t:|1757199250
|gametype|doubles
|player|p1|MBL25|2|1108
|player|p2|EthernetSac|sonia-professor|1119
|gen|9
|tier|[Gen 9] VGC 2025 Reg H (Bo3)
|rated|
|rule|Species Clause: Limit one of each Pokémon
|rule|Item Clause: Limit 1 of each item
|clearpoke
|poke|p1|Sneasler, L50, M|
|poke|p1|Amoonguss, L50, M|
|poke|p1|Gholdengo, L50|
|poke|p1|Incineroar, L50, M|
|poke|p1|Dragonite, L50, F|
|poke|p1|Ursaluna-Bloodmoon, L50, M|
|poke|p2|Rillaboom, L50, F|
|poke|p2|Dragonite, L50, M|
|poke|p2|Sneasler, L50, M|
|poke|p2|Maushold-Four, L50|
|poke|p2|Ninetales-Alola, L50, M|
|poke|p2|Volcarona, L50, F|
|teampreview|4
|showteam|p1|Sneasler||FocusSash|Unburden|DireClaw,CloseCombat,Protect,ThroatChop|||M|||50|,,,,,Stellar]Amoonguss||SitrusBerry|Regenerator|RagePowder,Spore,PollenPuff,Protect|||M|||50|,,,,,Water]Gholdengo||LifeOrb|GoodasGold|MakeItRain,ShadowBall,Protect,NastyPlot||||||50|,,,,,Water]Incineroar||SafetyGoggles|Intimidate|FlareBlitz,PartingShot,FakeOut,KnockOff|||M|||50|,,,,,Ghost]Dragonite||LoadedDice|Multiscale|ScaleShot,Tailwind,Protect,Haze|||F|||50|,,,,,Fairy]Ursaluna-Bloodmoon||AssaultVest|MindsEye|BloodMoon,VacuumWave,HyperVoice,EarthPower|||M|||50|,,,,,Water
|showteam|p2|Rillaboom||AssaultVest|GrassySurge|WoodHammer,GrassyGlide,HighHorsepower,FakeOut|||F|||50|,,,,,Fire]Dragonite||LoadedDice|Multiscale|ScaleShot,ExtremeSpeed,Haze,Protect|||M|||50|,,,,,Fairy]Sneasler||FocusSash|Unburden|CloseCombat,DireClaw,Coaching,Protect|||M|||50|,,,,,Dark]Maushold-Four||SafetyGoggles|FriendGuard|SuperFang,FollowMe,Taunt,Protect||||||50|,,,,,Ghost]Ninetales-Alola||CovertCloak|SnowWarning|Protect,AuroraVeil,Blizzard,Moonblast|||M|||50|,,,,,Water]Volcarona||Leftovers|FlameBody|HeatWave,TeraBlast,Protect,QuiverDance|||F|||50|,,,,,Fairy
|inactive|Battle timer is ON: inactive players will automatically lose when time's up. (requested by EthernetSac)
|inactive|MBL25 has 60 seconds left.
|inactive|EthernetSac has 60 seconds left.
|
|t:|1757199297
|teamsize|p1|4
|teamsize|p2|4
|start
|switch|p1a: Dragonite|Dragonite, L50, F|100/100
|switch|p1b: Incineroar|Incineroar, L50, M|100/100
|switch|p2a: Volcarona|Volcarona, L50, F, shiny|100/100
|switch|p2b: Ninetales|Ninetales-Alola, L50, M|100/100
|-weather|Snowscape|[from] ability: Snow Warning|[of] p2b: Ninetales
|-ability|p1b: Incineroar|Intimidate|boost
|-unboost|p2a: Volcarona|atk|1
|-unboost|p2b: Ninetales|atk|1
|turn|1
|inactive|MBL25 has 30 seconds left.
|
|t:|1757199325
|-terastallize|p1a: Dragonite|Fairy
|move|p2b: Ninetales|Aurora Veil|p2b: Ninetales
|-sidestart|p2: EthernetSac|move: Aurora Veil
|move|p2a: Volcarona|Quiver Dance|p2a: Volcarona
|-boost|p2a: Volcarona|spa|1
|-boost|p2a: Volcarona|spd|1
|-boost|p2a: Volcarona|spe|1
|move|p1a: Dragonite|Scale Shot|p2a: Volcarona
|-damage|p2a: Volcarona|89/100
|-damage|p2a: Volcarona|77/100
|-crit|p2a: Volcarona
|-damage|p2a: Volcarona|53/100
|-damage|p2a: Volcarona|43/100
|-damage|p2a: Volcarona|31/100
|-hitcount|p2a: Volcarona|5
|-unboost|p1a: Dragonite|def|1
|-boost|p1a: Dragonite|spe|1
|move|p1b: Incineroar|Flare Blitz|p2a: Volcarona
|-damage|p2a: Volcarona|0 fnt
|faint|p2a: Volcarona
|-damage|p1b: Incineroar|91/100|[from] Recoil
|
|-weather|Snowscape|[upkeep]
|upkeep
|
|t:|1757199340
|switch|p2a: Rillaboom|Rillaboom, L50, F|100/100
|-fieldstart|move: Grassy Terrain|[from] ability: Grassy Surge|[of] p2a: Rillaboom
|turn|2
|inactive|MBL25 has 30 seconds left.
|
|t:|1757199369
|move|p1a: Dragonite|Protect|p1a: Dragonite
|-singleturn|p1a: Dragonite|Protect
|move|p2b: Ninetales|Moonblast|p1b: Incineroar
|-damage|p1b: Incineroar|59/100
|-unboost|p1b: Incineroar|spa|1
|move|p2a: Rillaboom|High Horsepower|p1b: Incineroar
|-supereffective|p1b: Incineroar
|-damage|p1b: Incineroar|0 fnt
|faint|p1b: Incineroar
|
|-weather|Snowscape|[upkeep]
|upkeep
|
|t:|1757199380
|switch|p1b: Gholdengo|Gholdengo, L50|100/100
|turn|3
|
|t:|1757199388
|move|p2b: Ninetales|Protect|p2b: Ninetales
|-singleturn|p2b: Ninetales|Protect
|move|p1a: Dragonite|Tailwind|p1a: Dragonite
|-sidestart|p1: MBL25|move: Tailwind
|move|p1b: Gholdengo|Nasty Plot|p1b: Gholdengo
|-boost|p1b: Gholdengo|spa|2
|move|p2a: Rillaboom|High Horsepower|p1b: Gholdengo
|-supereffective|p1b: Gholdengo
|-damage|p1b: Gholdengo|29/100
|
|-weather|Snowscape|[upkeep]
|-heal|p1b: Gholdengo|35/100|[from] Grassy Terrain
|upkeep
|turn|4
|
|t:|1757199406
|switch|p2b: Maushold|Maushold-Four, L50|100/100
|-terastallize|p2a: Rillaboom|Fire
|move|p1a: Dragonite|Scale Shot|p2a: Rillaboom
|-damage|p2a: Rillaboom|93/100
|-damage|p2a: Rillaboom|85/100
|-damage|p2a: Rillaboom|78/100
|-damage|p2a: Rillaboom|70/100
|-damage|p2a: Rillaboom|63/100
|-hitcount|p2a: Rillaboom|5
|-unboost|p1a: Dragonite|def|1
|-boost|p1a: Dragonite|spe|1
|move|p1b: Gholdengo|Make It Rain|p2b: Maushold|[spread] p2a,p2b
|-resisted|p2a: Rillaboom
|-damage|p2a: Rillaboom|40/100
|-damage|p2b: Maushold|8/100
|-unboost|p1b: Gholdengo|spa|1
|-damage|p1b: Gholdengo|26/100|[from] item: Life Orb
|move|p2a: Rillaboom|High Horsepower|p1b: Gholdengo
|-supereffective|p1b: Gholdengo
|-damage|p1b: Gholdengo|0 fnt
|faint|p1b: Gholdengo
|
|-weather|Snowscape|[upkeep]
|-heal|p2b: Maushold|14/100|[from] Grassy Terrain
|-heal|p2a: Rillaboom|46/100|[from] Grassy Terrain
|upkeep
|
|t:|1757199420
|switch|p1b: Sneasler|Sneasler, L50, M|100/100
|turn|5
|
|t:|1757199443
|move|p1b: Sneasler|Protect|p1b: Sneasler
|-singleturn|p1b: Sneasler|Protect
|move|p2b: Maushold|Protect|p2b: Maushold
|-singleturn|p2b: Maushold|Protect
|move|p2a: Rillaboom|Grassy Glide|p1b: Sneasler
|-activate|p1b: Sneasler|move: Protect
|move|p1a: Dragonite|Haze|p1a: Dragonite
|-clearallboost
|
|-weather|none
|-heal|p2b: Maushold|20/100|[from] Grassy Terrain
|-heal|p2a: Rillaboom|52/100|[from] Grassy Terrain
|-sideend|p2: EthernetSac|move: Aurora Veil
|upkeep
|turn|6
|
|t:|1757199461
|move|p1b: Sneasler|Dire Claw|p2b: Maushold
|-damage|p2b: Maushold|0 fnt
|faint|p2b: Maushold
|move|p1a: Dragonite|Scale Shot|p2a: Rillaboom|[miss]
|-miss|p1a: Dragonite|p2a: Rillaboom
|move|p2a: Rillaboom|High Horsepower|p1b: Sneasler
|-supereffective|p1b: Sneasler
|-enditem|p1b: Sneasler|Focus Sash
|-damage|p1b: Sneasler|1/100
|
|-heal|p1b: Sneasler|7/100|[from] Grassy Terrain
|-heal|p2a: Rillaboom|58/100|[from] Grassy Terrain
|-sideend|p1: MBL25|move: Tailwind
|-fieldend|move: Grassy Terrain
|upkeep
|
|t:|1757199466
|switch|p2b: Ninetales|Ninetales-Alola, L50, M|100/100
|-weather|Snowscape|[from] ability: Snow Warning|[of] p2b: Ninetales
|turn|7
|
|t:|1757199484
|move|p1b: Sneasler|Protect|p1b: Sneasler
|-singleturn|p1b: Sneasler|Protect
|move|p2b: Ninetales|Blizzard|p1b: Sneasler|[spread] p1a
|-activate|p1b: Sneasler|move: Protect
|-damage|p1a: Dragonite|84/100
|move|p1a: Dragonite|Scale Shot|p2a: Rillaboom
|-damage|p2a: Rillaboom|43/100
|-damage|p2a: Rillaboom|28/100
|-damage|p2a: Rillaboom|13/100
|-damage|p2a: Rillaboom|0 fnt
|faint|p2a: Rillaboom
|-hitcount|p2: Rillaboom|4
|-unboost|p1a: Dragonite|def|1
|-boost|p1a: Dragonite|spe|1
|
|-weather|Snowscape|[upkeep]
|upkeep
|turn|8
|
|t:|1757199504
|move|p1b: Sneasler|Dire Claw|p2b: Ninetales
|-supereffective|p2b: Ninetales
|-damage|p2b: Ninetales|12/100
|move|p1a: Dragonite|Scale Shot|p2b: Ninetales
|-immune|p2b: Ninetales
|move|p2b: Ninetales|Blizzard|p1b: Sneasler|[spread] p1a,p1b
|-damage|p1a: Dragonite|52/100
|-damage|p1b: Sneasler|0 fnt
|faint|p1b: Sneasler
|
|-weather|Snowscape|[upkeep]
|upkeep
|turn|9
|
|t:|1757199514
|move|p1a: Dragonite|Scale Shot|p2b: Ninetales
|-immune|p2b: Ninetales
|move|p2b: Ninetales|Blizzard|p1a: Dragonite
|-damage|p1a: Dragonite|7/100
|
|-weather|Snowscape|[upkeep]
|upkeep
|turn|10
|
|t:|1757199517
|move|p1a: Dragonite|Scale Shot|p2b: Ninetales
|-immune|p2b: Ninetales
|move|p2b: Ninetales|Blizzard|p1a: Dragonite
|-crit|p1a: Dragonite
|-damage|p1a: Dragonite|0 fnt
|faint|p1a: Dragonite
|
|win|EthernetSac
||EthernetSac is ready for game 2.
|inactive|MBL25 has 30 seconds to confirm battle start!
|inactive|MBL25 has 20 seconds to confirm battle start!
|inactive|MBL25 has 10 seconds to confirm battle start!
|uhtml|next|Next: Game 2 of 3
