|j|‽Juaner95
|j|☆ToastedArt
|html|Juaner95ToastedArt    
|uhtml|bestof|Game 2 of a best-of-3
|t:|1784415477
|gametype|doubles
|player|p1|Juaner95|ash-hoenn|1111
|player|p2|ToastedArt|clemont|1134
|gen|9
|tier|[Gen 9 Champions] VGC 2026 Reg M-B (Bo3)
|rated|
|rule|Species Clause: Limit one of each Pokémon
|rule|Item Clause: Limit 1 of each item
|clearpoke
|poke|p1|Scrafty, L50, M|
|poke|p1|Vileplume, L50, M, shiny|
|poke|p1|Oranguru, L50, M|
|poke|p1|Torkoal, L50, F, shiny|
|poke|p1|Gholdengo, L50, shiny|
|poke|p1|Lucario, L50, M|
|poke|p2|Falinks, L50, shiny|
|poke|p2|Gholdengo, L50|
|poke|p2|Hydreigon, L50, F, shiny|
|poke|p2|Sneasler, L50, F|
|poke|p2|Talonflame, L50, F, shiny|
|poke|p2|Kingambit, L50, M|
|teampreview|4
|showteam|p1|Scrafty||Scraftinite|Intimidate|FakeOut,KnockOff,DrainPunch,RockSlide|Brave||M|||50|]Vileplume||FocusSash|Chlorophyll|AfterYou,SludgeBomb,LeafStorm,Protect|Modest||M|||50|]Oranguru||MentalHerb|InnerFocus|Instruct,Encore,TrickRoom,Protect|Bold||M|||50|]Torkoal||Charcoal|Drought|Eruption,EarthPower,HeatWave,Protect|Quiet||F|||50|]Gholdengo||LifeOrb|GoodasGold|ShadowBall,MakeItRain,NastyPlot,Protect|Timid|||||50|]Lucario||ChoiceScarf|InnerFocus|FinalGambit,HelpingHand,SunnyDay,HealPulse|Timid||M|||50|
|showteam|p2|Falinks||Falinksite|Defiant|NoRetreat,BulkUp,CloseCombat,Protect|Careful|||||50|]Gholdengo||SpellTag|GoodasGold|MakeItRain,ShadowBall,NastyPlot,Protect|Modest|||||50|]Hydreigon||LifeOrb|Levitate|DracoMeteor,Snarl,EarthPower,DarkPulse|Modest||F|||50|]Sneasler||FocusSash|PoisonTouch|CloseCombat,PoisonJab,Coaching,FakeOut|Jolly||F|||50|]Talonflame||SharpBeak|GaleWings|BraveBird,Tailwind,Uturn,QuickGuard|Adamant||F|||50|]Kingambit||BlackGlasses|Defiant|KowtowCleave,SuckerPunch,SwordsDance,Protect|Adamant||M|||50|
|inactive|Battle timer is ON: inactive players will automatically lose when time's up. (requested by ToastedArt)
|inactive|Juaner95 has 60 seconds left.
|inactive|Juaner95 has 30 seconds left.
|inactive|Juaner95 has 20 seconds left.
|inactive|Juaner95 has 15 seconds left.
|
|t:|1784415554
|teamsize|p1|4
|teamsize|p2|4
|start
|switch|p1a: Lucario|Lucario, L50, M|100/100
|switch|p1b: Torkoal|Torkoal, L50, F, shiny|100/100
|switch|p2a: Sneasler|Sneasler, L50, F|100/100
|switch|p2b: Kingambit|Kingambit, L50, M|100/100
|-weather|SunnyDay|[from] ability: Drought|[of] p1b: Torkoal
|turn|1
|inactive|Juaner95 has 30 seconds left.
|inactive|Juaner95 has 20 seconds left.
|
|t:|1784415592
|move|p1b: Torkoal|Protect|p1b: Torkoal
|-singleturn|p1b: Torkoal|Protect
|move|p1a: Lucario|Final Gambit|p2b: Kingambit
|-damage|p2b: Kingambit|14/100
|faint|p1a: Lucario
|move|p2a: Sneasler|Coaching|p2b: Kingambit
|-boost|p2b: Kingambit|atk|1
|-boost|p2b: Kingambit|def|1
|move|p2b: Kingambit|Kowtow Cleave|p1b: Torkoal
|-activate|p1b: Torkoal|move: Protect
|
|-weather|SunnyDay|[upkeep]
|upkeep
|
|t:|1784415606
|switch|p1a: Vileplume|Vileplume, L50, M, shiny|100/100
|turn|2
|
|t:|1784415620
|move|p2b: Kingambit|Protect|p2b: Kingambit
|-singleturn|p2b: Kingambit|Protect
|move|p1a: Vileplume|After You|p1b: Torkoal
|-activate|p1b: Torkoal|move: After You
|move|p1b: Torkoal|Eruption|p2a: Sneasler|[spread] p2a
|-activate|p2b: Kingambit|move: Protect
|-enditem|p2a: Sneasler|Focus Sash
|-damage|p2a: Sneasler|1/100
|move|p2a: Sneasler|Coaching|p2b: Kingambit
|-boost|p2b: Kingambit|atk|1
|-boost|p2b: Kingambit|def|1
|
|-weather|SunnyDay|[upkeep]
|upkeep
|turn|3
|
|t:|1784415636
|move|p2b: Kingambit|Sucker Punch|p1b: Torkoal
|-damage|p1b: Torkoal|22/100
|move|p1a: Vileplume|After You|p1b: Torkoal
|-activate|p1b: Torkoal|move: After You
|move|p1b: Torkoal|Eruption|p2a: Sneasler|[spread] p2a,p2b
|-supereffective|p2b: Kingambit|1
|-damage|p2a: Sneasler|0 fnt
|-damage|p2b: Kingambit|0 fnt
|faint|p2a: Sneasler
|faint|p2b: Kingambit
|
|-weather|SunnyDay|[upkeep]
|upkeep
|
|t:|1784415642
|switch|p2a: Hydreigon|Hydreigon, L50, F, shiny|100/100
|switch|p2b: Talonflame|Talonflame, L50, F, shiny|100/100
|turn|4
|inactive|Juaner95 has 30 seconds left.
|
|t:|1784415668
|move|p2b: Talonflame|Tailwind|p2b: Talonflame
|-sidestart|p2: ToastedArt|move: Tailwind
|move|p2a: Hydreigon|Snarl|p1a: Vileplume|[spread] p1a,p1b
|-damage|p1a: Vileplume|60/100
|-damage|p1b: Torkoal|0 fnt
|-unboost|p1a: Vileplume|spa|1
|faint|p1b: Torkoal
|-damage|p2a: Hydreigon|90/100|[from] item: Life Orb
|move|p1a: Vileplume|After You|p1: Torkoal|[notarget]
|-fail|p1a: Vileplume
|
|-weather|SunnyDay|[upkeep]
|upkeep
|
|t:|1784415674
|switch|p1b: Scrafty|Scrafty, L50, M|100/100
|-ability|p1b: Scrafty|Intimidate|boost
|-unboost|p2a: Hydreigon|atk|1
|-unboost|p2b: Talonflame|atk|1
|turn|5
|inactive|ToastedArt has 30 seconds left.
|
|t:|1784415707
|detailschange|p1b: Scrafty|Scrafty-Mega, L50, M
|-mega|p1b: Scrafty|Scrafty|Scraftinite
|-ability|p1b: Scrafty|Intimidate|boost
|-unboost|p2a: Hydreigon|atk|1
|-unboost|p2b: Talonflame|atk|1
|move|p2b: Talonflame|Quick Guard|p2b: Talonflame
|-singleturn|p2b: Talonflame|Quick Guard
|move|p1b: Scrafty|Fake Out|p2b: Talonflame
|-activate|p2b: Talonflame|move: Quick Guard
|move|p2a: Hydreigon|Draco Meteor|p1b: Scrafty
|-damage|p1b: Scrafty|30/100
|-unboost|p2a: Hydreigon|spa|2
|-damage|p2a: Hydreigon|81/100|[from] item: Life Orb
|move|p1a: Vileplume|Sludge Bomb|p2a: Hydreigon
|-damage|p2a: Hydreigon|43/100
|
|-weather|none
|upkeep
|turn|6
|
|t:|1784415728
|move|p2b: Talonflame|Brave Bird|p1b: Scrafty
|-supereffective|p1b: Scrafty|1
|-damage|p1b: Scrafty|0 fnt
|faint|p1b: Scrafty
|-damage|p2b: Talonflame|89/100|[from] Recoil
|move|p2a: Hydreigon|Draco Meteor|p1a: Vileplume
|-crit|p1a: Vileplume
|-damage|p1a: Vileplume|0 fnt
|-unboost|p2a: Hydreigon|spa|2
|faint|p1a: Vileplume
|-damage|p2a: Hydreigon|33/100|[from] item: Life Orb
|
|win|ToastedArt
