|j|☆kazu1003
|j|☆washingtongargacha
|html|kazu1003washingtongargacha    
|uhtml|bestof|Game 2 of a best-of-3
|t:|1756888496
|gametype|doubles
|player|p1|kazu1003|lucas|1207
|player|p2|washingtongargacha|102|1093
|gen|9
|tier|[Gen 9] VGC 2025 Reg H (Bo3)
|rated|
|rule|Species Clause: Limit one of each Pokémon
|rule|Item Clause: Limit 1 of each item
|clearpoke
|poke|p1|Flamigo, L50, M|
|poke|p1|Porygon2, L50|
|poke|p1|Ursaluna, L50, M|
|poke|p1|Archaludon, L50, F|
|poke|p1|Tyranitar, L50, M|
|poke|p1|Incineroar, L50, M|
|poke|p2|Talonflame, L50, M|
|poke|p2|Gholdengo, L50|
|poke|p2|Dragonite, L50, M|
|poke|p2|Archaludon, L50, M|
|poke|p2|Tyranitar, L50, F|
|poke|p2|Garchomp, L50, M|
|teampreview|4
|showteam|p1|Flamigo||ChoiceScarf|Scrappy|BraveBird,DualWingbeat,CloseCombat,Uturn|||M|||50|,,,,,Ghost]Porygon2||Eviolite|Download|Thunderbolt,TeraBlast,TrickRoom,Protect||||||50|,,,,,Flying]Ursaluna||FlameOrb|Guts|Facade,Earthquake,HeadlongRush,Protect|||M|||50|,,,,,Ghost]Archaludon||AssaultVest|Stamina|ElectroShot,DarkPulse,BodyPress,DracoMeteor|||F|||50|,,,,,Grass]Tyranitar||FocusSash|SandStream|RockSlide,LowKick,KnockOff,Protect|||M|||50|,,,,,Flying]Incineroar||PasshoBerry|Intimidate|KnockOff,FlareBlitz,FakeOut,PartingShot|||M|||50|,,,,,Ghost
|showteam|p2|Talonflame||CovertCloak|GaleWings|Tailwind,BraveBird,Taunt,WillOWisp|||M|||50|,,,,,Ghost]Gholdengo||ChoiceSpecs|GoodasGold|MakeItRain,SteelBeam,ShadowBall,PowerGem||||||50|,,,,,Steel]Dragonite||LoadedDice|Multiscale|ScaleShot,IceSpinner,Haze,Protect|||M|||50|,,,,,Steel]Archaludon||PowerHerb|Sturdy|FlashCannon,ElectroShot,DracoMeteor,Protect|||M|||50|,,,,,Flying]Tyranitar||AssaultVest|SandStream|KnockOff,RockSlide,TeraBlast,LowKick|||F|||50|,,,,,Flying]Garchomp||LifeOrb|RoughSkin|DragonClaw,StompingTantrum,Earthquake,Protect|||M|||50|,,,,,Steel
|inactive|Battle timer is ON: inactive players will automatically lose when time's up. (requested by kazu1003)
|inactive|washingtongargacha has 60 seconds left.
|
|t:|1756888530
|teamsize|p1|4
|teamsize|p2|4
|start
|switch|p1a: Winglade|Flamigo, L50, M|100/100
|switch|p1b: swatchling|Porygon2, L50|100/100
|switch|p2a: Talonflame|Talonflame, L50, M|100/100
|switch|p2b: Archaludon|Archaludon, L50, M|100/100
|-ability|p1b: swatchling|Download|boost
|-boost|p1b: swatchling|spa|1
|turn|1
|inactive|kazu1003 has 30 seconds left.
|
|t:|1756888562
|move|p2a: Talonflame|Brave Bird|p1a: Winglade
|-supereffective|p1a: Winglade
|-damage|p1a: Winglade|0 fnt
|faint|p1a: Winglade
|-damage|p2a: Talonflame|71/100|[from] Recoil
|move|p2b: Archaludon|Draco Meteor|p1b: swatchling
|-damage|p1b: swatchling|60/100
|-unboost|p2b: Archaludon|spa|2
|move|p1b: swatchling|Trick Room|p1b: swatchling
|-fieldstart|move: Trick Room|[of] p1b: swatchling
|
|upkeep
|
|t:|1756888573
|switch|p1a: Jackenstein|Incineroar, L50, M, shiny|100/100
|-ability|p1a: Jackenstein|Intimidate|boost
|-unboost|p2a: Talonflame|atk|1
|-unboost|p2b: Archaludon|atk|1
|turn|2
|inactive|washingtongargacha has 30 seconds left.
|inactive|washingtongargacha has 20 seconds left.
|inactive|washingtongargacha has 15 seconds left.
|inactive|washingtongargacha has 10 seconds left.
|
|t:|1756888620
|move|p1a: Jackenstein|Fake Out|p2b: Archaludon
|-resisted|p2b: Archaludon
|-damage|p2b: Archaludon|96/100
|move|p1b: swatchling|Thunderbolt|p2a: Talonflame
|-supereffective|p2a: Talonflame
|-damage|p2a: Talonflame|0 fnt
|faint|p2a: Talonflame
|cant|p2b: Archaludon|flinch
|
|upkeep
|
|t:|1756888633
|switch|p2a: Garchomp|Garchomp, L50, M|100/100
|turn|3
|
|t:|1756888645
|switch|p2b: Dragonite|Dragonite, L50, M|100/100
|move|p1b: swatchling|Tera Blast|p2a: Garchomp
|-damage|p2a: Garchomp|46/100
|move|p1a: Jackenstein|Flare Blitz|p2b: Dragonite
|-resisted|p2b: Dragonite
|-damage|p2b: Dragonite|87/100
|-damage|p1a: Jackenstein|97/100|[from] Recoil
|move|p2a: Garchomp|Earthquake|p1a: Jackenstein|[spread] p1a,p1b
|-immune|p2b: Dragonite
|-supereffective|p1a: Jackenstein
|-damage|p1a: Jackenstein|16/100
|-damage|p1b: swatchling|27/100
|-damage|p2a: Garchomp|36/100|[from] item: Life Orb
|
|upkeep
|turn|4
|inactive|washingtongargacha has 30 seconds left.
|inactive|kazu1003 has 30 seconds left.
|inactive|washingtongargacha has 20 seconds left.
|
|t:|1756888684
|-terastallize|p1b: swatchling|Flying
|move|p2a: Garchomp|Protect|p2a: Garchomp
|-singleturn|p2a: Garchomp|Protect
|move|p1b: swatchling|Tera Blast|p2b: Dragonite|[anim] Tera Blast Flying
|-damage|p2b: Dragonite|33/100
|move|p1a: Jackenstein|Knock Off|p2b: Dragonite
|-damage|p2b: Dragonite|0 fnt
|-enditem|p2b: Dragonite|Loaded Dice|[from] move: Knock Off|[of] p1a: Jackenstein
|faint|p2b: Dragonite
|
|upkeep
|
|t:|1756888693
|switch|p2b: Archaludon|Archaludon, L50, M|96/100
|turn|5
|
|t:|1756888714
|-terastallize|p2b: Archaludon|Flying
|move|p1b: swatchling|Tera Blast|p2a: Garchomp|[anim] Tera Blast Flying
|-damage|p2a: Garchomp|0 fnt
|faint|p2a: Garchomp
|move|p1a: Jackenstein|Knock Off|p2b: Archaludon
|-damage|p2b: Archaludon|65/100
|-enditem|p2b: Archaludon|Power Herb|[from] move: Knock Off|[of] p1a: Jackenstein
|move|p2b: Archaludon|Flash Cannon|p1b: swatchling
|-damage|p1b: swatchling|6/100
|
|-fieldend|move: Trick Room
|upkeep
|turn|6
|
|t:|1756888732
|move|p2b: Archaludon|Flash Cannon|p1b: swatchling
|-damage|p1b: swatchling|0 fnt
|faint|p1b: swatchling
|move|p1a: Jackenstein|Parting Shot|p2b: Archaludon
|-unboost|p2b: Archaludon|atk|1
|-unboost|p2b: Archaludon|spa|1
|
|t:|1756888738
|switch|p1a: Balthizard|Ursaluna, L50, M, shiny|100/100|[from] Parting Shot
|
|-status|p1a: Balthizard|brn|[from] item: Flame Orb
|upkeep
|
|t:|1756888741
|switch|p1b: Jackenstein|Incineroar, L50, M, shiny|16/100
|-ability|p1b: Jackenstein|Intimidate|boost
|-unboost|p2b: Archaludon|atk|1
|turn|7
|-message|washingtongargacha forfeited.
|
|win|kazu1003
|raw|kazu1003's rating: 1207 → 1224(+17 for winning)
|raw|washingtongargacha's rating: 1093 → 1077(-16 for losing)
