|j|☆catsharknado
|j|☆snailboss
|html|catsharknadosnailboss    
|uhtml|bestof|Game 2 of a best-of-3
|t:|1757715448
|gametype|doubles
|player|p1|catsharknado|1|1102
|player|p2|snailboss|hilda-wonderlauncher|1207
|gen|9
|tier|[Gen 9] VGC 2025 Reg H (Bo3)
|rated|
|rule|Species Clause: Limit one of each Pokémon
|rule|Item Clause: Limit 1 of each item
|clearpoke
|poke|p1|Annihilape, L50, F|
|poke|p1|Sinistcha, L50|
|poke|p1|Maushold-Four, L50|
|poke|p1|Klefki, L50, F|
|poke|p1|Ursaluna-Bloodmoon, L50, M|
|poke|p1|Ninetales-Alola, L50, F|
|poke|p2|Kingambit, L50, F|
|poke|p2|Rillaboom, L50, F|
|poke|p2|Volcarona, L50, F|
|poke|p2|Tauros-Paldea-Aqua, L50, M|
|poke|p2|Electabuzz, L50, M|
|poke|p2|Ninetales-Alola, L50, F|
|teampreview|4
|showteam|p1|Annihilape||Leftovers|Defiant|Protect,BulkUp,DrainPunch,RageFist|||F|||50|,,,,,Fire]Sinistcha||SitrusBerry|Hospitality|MatchaGotcha,TrickRoom,LifeDew,RagePowder||||||50|,,,,,Water]Maushold-Four||SafetyGoggles|FriendGuard|FollowMe,Taunt,BeatUp,Protect||||||50|,,,,,Ghost]Klefki||LightClay|Prankster|Reflect,LightScreen,MistyTerrain,DazzlingGleam|||F|||50|,,,,,Ghost]Ursaluna-Bloodmoon||AssaultVest|MindsEye|BloodMoon,HyperVoice,EarthPower,VacuumWave|||M|||50|,,,,,Water]Ninetales-Alola||FocusSash|SnowWarning|Protect,Encore,FreezeDry,Blizzard|||F|||50|,,,,,Ghost
|showteam|p2|Kingambit||BlackGlasses|Defiant|SuckerPunch,KowtowCleave,SwordsDance,Protect|||F|||50|,,,,,Fire]Rillaboom||AssaultVest|GrassySurge|FakeOut,GrassyGlide,WoodHammer,HighHorsepower|||F|||50|,,,,,Fire]Volcarona||CovertCloak|FlameBody|QuiverDance,HeatWave,GigaDrain,Protect|||F|||50|,,,,,Grass]Tauros-Paldea-Aqua||GrassySeed|Intimidate|WaveCrash,BodyPress,Protect,AquaJet|||M|||50|,,,,,Fire]Electabuzz||Eviolite|VitalSpirit|Taunt,Thunderbolt,Protect,FollowMe|||M|||50|,,,,,Ghost]Ninetales-Alola||FocusSash|SnowWarning|Protect,Encore,FreezeDry,Disable|||F|||50|,,,,,Ghost
|inactive|Battle timer is ON: inactive players will automatically lose when time's up. (requested by catsharknado)
|
|t:|1757715478
|teamsize|p1|4
|teamsize|p2|4
|start
|switch|p1a: Annihilape|Annihilape, L50, F, shiny|100/100
|switch|p1b: Maushold|Maushold-Four, L50|100/100
|switch|p2a: Kingambit|Kingambit, L50, F|100/100
|switch|p2b: Rillaboom|Rillaboom, L50, F|100/100
|-fieldstart|move: Grassy Terrain|[from] ability: Grassy Surge|[of] p2b: Rillaboom
|turn|1
|inactive|snailboss has 30 seconds left.
|inactive|snailboss has 20 seconds left.
|inactive|snailboss has 15 seconds left.
|inactive|snailboss has 10 seconds left.
|
|t:|1757715525
|move|p2a: Kingambit|Protect|p2a: Kingambit
|-singleturn|p2a: Kingambit|Protect
|move|p1b: Maushold|Beat Up|p1a: Annihilape
|-damage|p1a: Annihilape|98/100
|-damage|p1a: Annihilape|96/100
|-damage|p1a: Annihilape|95/100
|-damage|p1a: Annihilape|93/100
|-hitcount|p1a: Annihilape|4
|move|p1a: Annihilape|Bulk Up|p1a: Annihilape
|-boost|p1a: Annihilape|atk|1
|-boost|p1a: Annihilape|def|1
|move|p2b: Rillaboom|Wood Hammer|p1a: Annihilape
|-damage|p1a: Annihilape|50/100
|-damage|p2b: Rillaboom|86/100|[from] Recoil
|
|-heal|p1a: Annihilape|57/100|[from] Grassy Terrain
|-heal|p1a: Annihilape|63/100|[from] item: Leftovers
|-heal|p2b: Rillaboom|92/100|[from] Grassy Terrain
|upkeep
|turn|2
|inactive|snailboss has 30 seconds left.
|inactive|snailboss has 20 seconds left.
|inactive|snailboss has 15 seconds left.
|inactive|snailboss has 10 seconds left.
|
|t:|1757715572
|switch|p2a: Volcarona|Volcarona, L50, F|100/100
|move|p1b: Maushold|Follow Me|p1b: Maushold
|-singleturn|p1b: Maushold|move: Follow Me
|move|p1a: Annihilape|Rage Fist|p2b: Rillaboom
|-crit|p2b: Rillaboom
|-damage|p2b: Rillaboom|0 fnt
|faint|p2b: Rillaboom
|
|-heal|p1a: Annihilape|69/100|[from] Grassy Terrain
|-heal|p1a: Annihilape|75/100|[from] item: Leftovers
|upkeep
|
|t:|1757715586
|switch|p2b: Ninetales|Ninetales-Alola, L50, F|100/100
|-weather|Snowscape|[from] ability: Snow Warning|[of] p2b: Ninetales
|turn|3
|
|t:|1757715610
|-terastallize|p1a: Annihilape|Fire
|move|p2a: Volcarona|Protect|p2a: Volcarona
|-singleturn|p2a: Volcarona|Protect
|move|p2b: Ninetales|Disable|p1a: Annihilape
|-start|p1a: Annihilape|Disable|Rage Fist
|move|p1b: Maushold|Taunt|p2b: Ninetales
|-start|p2b: Ninetales|move: Taunt
|cant|p1a: Annihilape|Disable|Rage Fist
|
|-weather|Snowscape|[upkeep]
|-heal|p1a: Annihilape|82/100|[from] Grassy Terrain
|-heal|p1a: Annihilape|88/100|[from] item: Leftovers
|upkeep
|turn|4
|inactive|snailboss has 30 seconds left.
|inactive|snailboss has 20 seconds left.
|
|t:|1757715646
|-terastallize|p2b: Ninetales|Ghost
|move|p2b: Ninetales|Freeze-Dry|p1b: Maushold
|-damage|p1b: Maushold|67/100
|move|p1b: Maushold|Taunt|p2a: Volcarona
|-start|p2a: Volcarona|move: Taunt
|move|p1a: Annihilape|Drain Punch|p2b: Ninetales
|-immune|p2b: Ninetales
|move|p2a: Volcarona|Heat Wave|p1a: Annihilape|[spread] p1a
|-miss|p2a: Volcarona|p1b: Maushold
|-resisted|p1a: Annihilape
|-damage|p1a: Annihilape|77/100
|
|-weather|Snowscape|[upkeep]
|-heal|p1b: Maushold|73/100|[from] Grassy Terrain
|-heal|p1a: Annihilape|84/100|[from] Grassy Terrain
|-heal|p1a: Annihilape|90/100|[from] item: Leftovers
|upkeep
|turn|5
|j| Trestkon
|
|t:|1757715672
|move|p1b: Maushold|Protect|p1b: Maushold
|-singleturn|p1b: Maushold|Protect
|move|p2b: Ninetales|Freeze-Dry|p1b: Maushold
|-activate|p1b: Maushold|move: Protect
|move|p1a: Annihilape|Drain Punch|p2a: Volcarona
|-resisted|p2a: Volcarona
|-damage|p2a: Volcarona|78/100
|-heal|p1a: Annihilape|100/100|[from] drain|[of] p2a: Volcarona
|move|p2a: Volcarona|Heat Wave|p1a: Annihilape|[spread] p1a
|-activate|p1b: Maushold|move: Protect
|-resisted|p1a: Annihilape
|-damage|p1a: Annihilape|90/100
|
|-weather|Snowscape|[upkeep]
|-heal|p1b: Maushold|79/100|[from] Grassy Terrain
|-heal|p1a: Annihilape|96/100|[from] Grassy Terrain
|-heal|p1a: Annihilape|100/100|[from] item: Leftovers
|-heal|p2a: Volcarona|84/100|[from] Grassy Terrain
|-fieldend|move: Grassy Terrain
|upkeep
|turn|6
|
|t:|1757715691
|switch|p1b: Sinistcha|Sinistcha, L50|100/100
|move|p2b: Ninetales|Freeze-Dry|p1b: Sinistcha
|-supereffective|p1b: Sinistcha
|-damage|p1b: Sinistcha|47/100
|-enditem|p1b: Sinistcha|Sitrus Berry|[eat]
|-heal|p1b: Sinistcha|71/100|[from] item: Sitrus Berry
|move|p1a: Annihilape|Drain Punch|p2a: Volcarona
|-resisted|p2a: Volcarona
|-damage|p2a: Volcarona|61/100
|move|p2a: Volcarona|Heat Wave|p1a: Annihilape|[spread] p1b
|-miss|p2a: Volcarona|p1a: Annihilape
|-supereffective|p1b: Sinistcha
|-damage|p1b: Sinistcha|11/100
|
|-weather|Snowscape|[upkeep]
|-end|p2b: Ninetales|move: Taunt
|-end|p2a: Volcarona|move: Taunt
|-end|p1a: Annihilape|Disable
|upkeep
|turn|7
|inactive|snailboss has 30 seconds left.
|inactive|snailboss has 20 seconds left.
|
|t:|1757715730
|move|p2a: Volcarona|Protect|p2a: Volcarona
|-singleturn|p2a: Volcarona|Protect
|move|p1b: Sinistcha|Rage Powder|p1b: Sinistcha
|-singleturn|p1b: Sinistcha|move: Rage Powder
|move|p2b: Ninetales|Disable|p1b: Sinistcha
|-start|p1b: Sinistcha|Disable|Rage Powder
|move|p1a: Annihilape|Rage Fist|p2a: Volcarona
|-activate|p2a: Volcarona|move: Protect
|
|-weather|none
|upkeep
|turn|8
|
|t:|1757715745
|move|p1a: Annihilape|Protect|p1a: Annihilape
|-singleturn|p1a: Annihilape|Protect
|move|p2b: Ninetales|Disable|p1a: Annihilape
|-activate|p1a: Annihilape|move: Protect
|move|p2a: Volcarona|Quiver Dance|p2a: Volcarona
|-boost|p2a: Volcarona|spa|1
|-boost|p2a: Volcarona|spd|1
|-boost|p2a: Volcarona|spe|1
|move|p1b: Sinistcha|Trick Room|p1b: Sinistcha
|-fieldstart|move: Trick Room|[of] p1b: Sinistcha
|
|upkeep
|turn|9
|inactive|snailboss has 30 seconds left.
|
|t:|1757715771
|move|p2a: Volcarona|Protect|p2a: Volcarona
|-singleturn|p2a: Volcarona|Protect
|move|p1b: Sinistcha|Matcha Gotcha|p2a: Volcarona|[spread] 
|-activate|p2a: Volcarona|move: Protect
|-miss|p1b: Sinistcha|p2b: Ninetales
|move|p1a: Annihilape|Rage Fist|p2b: Ninetales
|-supereffective|p2b: Ninetales
|-enditem|p2b: Ninetales|Focus Sash
|-damage|p2b: Ninetales|1/100
|move|p2b: Ninetales|Disable|p1a: Annihilape
|-start|p1a: Annihilape|Disable|Rage Fist
|
|upkeep
|turn|10
|
|t:|1757715791
|move|p2b: Ninetales|Protect|p2b: Ninetales
|-singleturn|p2b: Ninetales|Protect
|move|p1b: Sinistcha|Matcha Gotcha|p2b: Ninetales|[spread] p2a
|-activate|p2b: Ninetales|move: Protect
|-resisted|p2a: Volcarona
|-damage|p2a: Volcarona|58/100
|-heal|p1b: Sinistcha|12/100|[from] drain|[of] p2a: Volcarona
|move|p1a: Annihilape|Drain Punch|p2a: Volcarona
|-resisted|p2a: Volcarona
|-damage|p2a: Volcarona|32/100
|move|p2a: Volcarona|Heat Wave|p1a: Annihilape|[spread] p1a
|-miss|p2a: Volcarona|p1b: Sinistcha
|-resisted|p1a: Annihilape
|-damage|p1a: Annihilape|77/100
|
|-heal|p1a: Annihilape|84/100|[from] item: Leftovers
|upkeep
|turn|11
|
|t:|1757715810
|switch|p2b: Kingambit|Kingambit, L50, F|100/100
|move|p1b: Sinistcha|Matcha Gotcha|p2b: Kingambit|[spread] p2a,p2b
|-resisted|p2a: Volcarona
|-resisted|p2b: Kingambit
|-damage|p2a: Volcarona|28/100
|-heal|p1b: Sinistcha|15/100|[from] drain|[of] p2a: Volcarona
|-damage|p2b: Kingambit|88/100
|-heal|p1b: Sinistcha|21/100|[from] drain|[of] p2b: Kingambit
|move|p1a: Annihilape|Drain Punch|p2a: Volcarona
|-resisted|p2a: Volcarona
|-damage|p2a: Volcarona|3/100
|-heal|p1a: Annihilape|96/100|[from] drain|[of] p2a: Volcarona
|move|p2a: Volcarona|Heat Wave|p1b: Sinistcha|[spread] p1b
|-miss|p2a: Volcarona|p1a: Annihilape
|-supereffective|p1b: Sinistcha
|-damage|p1b: Sinistcha|0 fnt
|faint|p1b: Sinistcha
|
|-heal|p1a: Annihilape|100/100|[from] item: Leftovers
|upkeep
|
|t:|1757715826
|switch|p1b: Ursaluna|Ursaluna-Bloodmoon, L50, M|100/100
|turn|12
|inactive|snailboss has 30 seconds left.
|
|t:|1757715855
|move|p2b: Kingambit|Swords Dance|p2b: Kingambit
|-boost|p2b: Kingambit|atk|2
|move|p1b: Ursaluna|Hyper Voice|p2a: Volcarona|[spread] p2a,p2b
|-resisted|p2b: Kingambit
|-damage|p2a: Volcarona|0 fnt
|-damage|p2b: Kingambit|70/100
|faint|p2a: Volcarona
|move|p1a: Annihilape|Drain Punch|p2b: Kingambit
|-supereffective|p2b: Kingambit
|-damage|p2b: Kingambit|0 fnt
|faint|p2b: Kingambit
|
|-fieldend|move: Trick Room
|upkeep
|
|t:|1757715864
|switch|p2b: Ninetales|Ninetales-Alola, L50, F, tera:Ghost|1/100
|-weather|Snowscape|[from] ability: Snow Warning|[of] p2b: Ninetales
|turn|13
|-message|snailboss forfeited.
|
|win|catsharknado
|raw|catsharknado's rating: 1102 → 1134(+32 for winning)
|raw|snailboss's rating: 1207 → 1175(-32 for losing)
|l|☆catsharknado
|player|p1|
