|j|☆balance bro
|j|☆HalcyonJon
|html|balance broHalcyonJon    
|uhtml|bestof|Game 1 of a best-of-3
|t:|1757647383
|gametype|doubles
|player|p1|balance bro|buck|1131
|player|p2|HalcyonJon|pokemonbreeder|1165
|gen|9
|tier|[Gen 9] VGC 2025 Reg H (Bo3)
|rated|
|rule|Species Clause: Limit one of each Pokémon
|rule|Item Clause: Limit 1 of each item
|clearpoke
|poke|p1|Porygon2, L50|
|poke|p1|Hydreigon, L50, M|
|poke|p1|Incineroar, L50, M|
|poke|p1|Garchomp, L50, F|
|poke|p1|Amoonguss, L50, M|
|poke|p1|Gholdengo, L50|
|poke|p2|Espeon, L50, M|
|poke|p2|Indeedee-F, L50, F|
|poke|p2|Glimmora, L50, M|
|poke|p2|Primarina, L50, F|
|poke|p2|Braviary, L50, M|
|poke|p2|Tyranitar, L50, F|
|teampreview|4
|showteam|p1|Porygon2||Eviolite|Download|TeraBlast,IceBeam,TrickRoom,Recover||||||50|,,,,,Fighting]Hydreigon||SafetyGoggles|Levitate|Snarl,DracoMeteor,Tailwind,Protect|||M|||50|,,,,,Ghost]Incineroar||SitrusBerry|Intimidate|FlareBlitz,KnockOff,PartingShot,FakeOut|||M|||50|,,,,,Grass]Garchomp||LoadedDice|RoughSkin|ScaleShot,Earthquake,StompingTantrum,Protect|||F|||50|,,,,,Fire]Amoonguss||CovertCloak|Regenerator|PollenPuff,Spore,RagePowder,Protect|||M|||50|,,,,,Fire]Gholdengo||MetalCoat|GoodasGold|MakeItRain,ShadowBall,NastyPlot,Protect||||||50|,,,,,Flying
|showteam|p2|Espeon||FocusSash|MagicBounce|ExpandingForce,TeraBlast,SkillSwap,Detect|||M|||50|,,,,,Ground]Indeedee-F||RockyHelmet|PsychicSurge|Psychic,FollowMe,HelpingHand,TrickRoom|||F|||50|,,,,,Fairy]Glimmora||PowerHerb|ToxicDebris|SludgeBomb,MeteorBeam,StealthRock,SpikyShield|||M|||50|,,,,,Grass]Primarina||SafetyGoggles|LiquidVoice|HyperVoice,Moonblast,Haze,Protect|||F|||50|,,,,,Steel]Braviary||SitrusBerry|Defiant|BraveBird,CloseCombat,Tailwind,Protect|||M|||50|,,,,,Fighting]Tyranitar||AssaultVest|SandStream|KnockOff,RockSlide,TeraBlast,BreakingSwipe|||F|||50|,,,,,Flying
|
|t:|1757647414
|teamsize|p1|4
|teamsize|p2|4
|start
|switch|p1a: Hydreigon|Hydreigon, L50, M, shiny|100/100
|switch|p1b: Garchomp|Garchomp, L50, F, shiny|100/100
|switch|p2a: Espeon|Espeon, L50, M|100/100
|switch|p2b: Indeedee|Indeedee-F, L50, F|100/100
|-fieldstart|move: Psychic Terrain|[from] ability: Psychic Surge|[of] p2b: Indeedee
|turn|1
|
|t:|1757647447
|switch|p2a: Braviary|Braviary, L50, M|100/100
|move|p1a: Hydreigon|Snarl|p2a: Braviary|[spread] p2a,p2b
|-supereffective|p2b: Indeedee
|-damage|p2a: Braviary|76/100
|-damage|p2b: Indeedee|67/100
|-unboost|p2a: Braviary|spa|1
|-ability|p2a: Braviary|Defiant|boost
|-boost|p2a: Braviary|atk|2
|-unboost|p2b: Indeedee|spa|1
|move|p1b: Garchomp|Earthquake|p2b: Indeedee|[spread] p2b
|-immune|p1a: Hydreigon|[from] ability: Levitate
|-immune|p2a: Braviary
|-damage|p2b: Indeedee|21/100
|move|p2b: Indeedee|Trick Room|p2b: Indeedee
|-fieldstart|move: Trick Room|[of] p2b: Indeedee
|
|upkeep
|turn|2
|
|t:|1757647498
|switch|p1a: Gholdengo|Gholdengo, L50|100/100
|move|p2b: Indeedee|Follow Me|p2b: Indeedee
|-singleturn|p2b: Indeedee|move: Follow Me
|move|p2a: Braviary|Brave Bird|p1a: Gholdengo
|-resisted|p1a: Gholdengo
|-damage|p1a: Gholdengo|42/100
|-damage|p2a: Braviary|55/100|[from] Recoil
|move|p1b: Garchomp|Scale Shot|p2b: Indeedee
|-damage|p2b: Indeedee|6/100
|-damage|p2b: Indeedee|0 fnt
|faint|p2b: Indeedee
|-hitcount|p2: Indeedee|2
|-unboost|p1b: Garchomp|def|1
|-boost|p1b: Garchomp|spe|1
|
|upkeep
|
|t:|1757647513
|switch|p2b: Primarina|Primarina, L50, F|100/100
|turn|3
|
|t:|1757647530
|move|p1a: Gholdengo|Protect|p1a: Gholdengo
|-singleturn|p1a: Gholdengo|Protect
|move|p1b: Garchomp|Protect|p1b: Garchomp
|-singleturn|p1b: Garchomp|Protect
|move|p2b: Primarina|Hyper Voice|p1b: Garchomp|[spread] 
|-activate|p1a: Gholdengo|move: Protect
|-activate|p1b: Garchomp|move: Protect
|move|p2a: Braviary|Close Combat|p1b: Garchomp
|-activate|p1b: Garchomp|move: Protect
|
|upkeep
|turn|4
|
|t:|1757647558
|switch|p1a: Hydreigon|Hydreigon, L50, M, shiny|100/100
|move|p2b: Primarina|Hyper Voice|p1b: Garchomp|[spread] p1a,p1b
|-resisted|p1a: Hydreigon
|-crit|p1b: Garchomp
|-damage|p1a: Hydreigon|80/100
|-damage|p1b: Garchomp|42/100
|move|p2a: Braviary|Brave Bird|p1b: Garchomp
|-damage|p1b: Garchomp|0 fnt
|-damage|p2a: Braviary|43/100|[from] ability: Rough Skin|[of] p1b: Garchomp
|-enditem|p2a: Braviary|Sitrus Berry|[eat]
|-heal|p2a: Braviary|67/100|[from] item: Sitrus Berry
|faint|p1b: Garchomp
|-damage|p2a: Braviary|53/100|[from] Recoil
|
|upkeep
|
|t:|1757647574
|switch|p1b: Gholdengo|Gholdengo, L50|42/100
|turn|5
|
|t:|1757647586
|move|p1b: Gholdengo|Protect|p1b: Gholdengo
|-singleturn|p1b: Gholdengo|Protect
|move|p1a: Hydreigon|Protect|p1a: Hydreigon
|-singleturn|p1a: Hydreigon|Protect
|move|p2b: Primarina|Hyper Voice|p1b: Gholdengo|[spread] 
|-activate|p1a: Hydreigon|move: Protect
|-activate|p1b: Gholdengo|move: Protect
|move|p2a: Braviary|Tailwind|p2a: Braviary
|-sidestart|p2: HalcyonJon|move: Tailwind
|
|-fieldend|move: Trick Room
|-fieldend|move: Psychic Terrain
|upkeep
|turn|6
|
|t:|1757647607
|-terastallize|p1a: Hydreigon|Ghost
|move|p2a: Braviary|Brave Bird|p1a: Hydreigon
|-damage|p1a: Hydreigon|0 fnt
|faint|p1a: Hydreigon
|-damage|p2a: Braviary|26/100|[from] Recoil
|move|p2b: Primarina|Hyper Voice|p1b: Gholdengo
|-damage|p1b: Gholdengo|0 fnt
|faint|p1b: Gholdengo
|
|upkeep
|-message|balance bro forfeited.
|
|win|HalcyonJon
