|j|☆steelag0
|j|☆Aeon_Twins
|html|steelag0Aeon_Twins    
|uhtml|bestof|Game 3 of a best-of-3
|t:|1782415148
|gametype|doubles
|player|p1|steelag0|policeman-gen4|1085
|player|p2|Aeon_Twins|n|1070
|gen|9
|tier|[Gen 9 Champions] VGC 2026 Reg M-B (Bo3)
|rated|
|rule|Species Clause: Limit one of each Pokémon
|rule|Item Clause: Limit 1 of each item
|clearpoke
|poke|p1|Blaziken, L50, F|
|poke|p1|Hydreigon, L50, M|
|poke|p1|Basculegion, L50, M|
|poke|p1|Whimsicott, L50, F|
|poke|p1|Farigiraf, L50, M|
|poke|p1|Metagross, L50|
|poke|p2|Raichu, L50, M|
|poke|p2|Mawile, L50, F|
|poke|p2|Sinistcha, L50|
|poke|p2|Ceruledge, L50, F|
|poke|p2|Milotic, L50, M|
|poke|p2|Incineroar, L50, M|
|teampreview|4
|showteam|p1|Blaziken||Blazikenite|SpeedBoost|FlareBlitz,CloseCombat,RockSlide,Detect|Adamant||F|||50|]Hydreigon||ChoiceScarf|Levitate|DracoMeteor,DarkPulse,EarthPower,Snarl|Modest||M|||50|]Basculegion||LifeOrb|Adaptability|WaveCrash,LastRespects,AquaJet,Protect|Adamant||M|||50|]Whimsicott||FocusSash|Prankster|Moonblast,EnergyBall,Tailwind,Protect|Timid||F|||50|]Farigiraf||SitrusBerry|CudChew|Psychic,Thunderbolt,Roar,TrickRoom|Bold||M|||50|]Metagross||Metagrossite|ClearBody|PsychicFangs,IronDefense,StompingTantrum,Protect|Jolly|||||50|
|showteam|p2|Raichu||RaichuniteY|LightningRod|ZapCannon,FocusBlast,FakeOut,Protect|Timid||M|||50|]Mawile||Mawilite|HyperCutter|PlayRough,SuckerPunch,SwordsDance,Protect|Adamant||F|||50|]Sinistcha||KasibBerry|Hospitality|MatchaGotcha,LifeDew,RagePowder,Protect|Relaxed|||||50|]Ceruledge||ColburBerry|FlashFire|BitterBlade,ShadowSneak,BulkUp,Protect|Adamant||F|||50|]Milotic||Leftovers|Competitive|MuddyWater,Coil,Hypnosis,Protect|Calm||M|||50|]Incineroar||SitrusBerry|Intimidate|FlareBlitz,ThroatChop,FakeOut,PartingShot|Impish||M|||50|
|
|t:|1782415196
|teamsize|p1|4
|teamsize|p2|4
|start
|switch|p1a: Farigiraf|Farigiraf, L50, M|100/100
|switch|p1b: Metagross|Metagross, L50|100/100
|switch|p2a: Milotic|Milotic, L50, M|100/100
|switch|p2b: Incineroar|Incineroar, L50, M|100/100
|-ability|p2b: Incineroar|Intimidate|boost
|-unboost|p1a: Farigiraf|atk|1
|-fail|p1b: Metagross|unboost|[from] ability: Clear Body|[of] p1b: Metagross
|turn|1
|
|t:|1782415230
|detailschange|p1b: Metagross|Metagross-Mega, L50
|-mega|p1b: Metagross|Metagross|Metagrossite
|move|p1b: Metagross|Stomping Tantrum|p2b: Incineroar
|-supereffective|p2b: Incineroar|1
|-damage|p2b: Incineroar|45/100
|-enditem|p2b: Incineroar|Sitrus Berry|[eat]
|-heal|p2b: Incineroar|70/100|[from] item: Sitrus Berry
|move|p2a: Milotic|Coil|p2a: Milotic
|-boost|p2a: Milotic|atk|1
|-boost|p2a: Milotic|def|1
|-boost|p2a: Milotic|accuracy|1
|move|p2b: Incineroar|Throat Chop|p1a: Farigiraf
|-supereffective|p1a: Farigiraf|1
|-damage|p1a: Farigiraf|53/100
|-start|p1a: Farigiraf|Throat Chop|[silent]
|move|p1a: Farigiraf|Thunderbolt|p2a: Milotic
|-supereffective|p2a: Milotic|1
|-damage|p2a: Milotic|69/100
|
|-heal|p2a: Milotic|75/100|[from] item: Leftovers
|upkeep
|turn|2
|
|t:|1782415262
|move|p1b: Metagross|Psychic Fangs|p2a: Milotic
|-damage|p2a: Milotic|42/100
|move|p2a: Milotic|Coil|p2a: Milotic
|-boost|p2a: Milotic|atk|1
|-boost|p2a: Milotic|def|1
|-boost|p2a: Milotic|accuracy|1
|move|p2b: Incineroar|Throat Chop|p1a: Farigiraf
|-supereffective|p1a: Farigiraf|1
|-damage|p1a: Farigiraf|6/100
|-enditem|p1a: Farigiraf|Sitrus Berry|[eat]
|-heal|p1a: Farigiraf|31/100|[from] item: Sitrus Berry
|move|p1a: Farigiraf|Thunderbolt|p2a: Milotic
|-supereffective|p2a: Milotic|1
|-damage|p2a: Milotic|13/100
|
|-heal|p2a: Milotic|19/100|[from] item: Leftovers
|-end|p1a: Farigiraf|Throat Chop|[silent]
|upkeep
|turn|3
|
|t:|1782415294
|move|p2a: Milotic|Protect|p2a: Milotic
|-singleturn|p2a: Milotic|Protect
|move|p1b: Metagross|Psychic Fangs|p2a: Milotic
|-activate|p2a: Milotic|move: Protect
|move|p2b: Incineroar|Parting Shot|p1b: Metagross
|-unboost|p1b: Metagross|atk|1
|-unboost|p1b: Metagross|spa|1
|
|t:|1782415300
|switch|p2b: Sinistcha|Sinistcha, L50|100/100|[from] Parting Shot
|-heal|p2a: Milotic|44/100|[from] ability: Hospitality|[of] p2b: Sinistcha
|move|p1a: Farigiraf|Thunderbolt|p2b: Sinistcha
|-resisted|p2b: Sinistcha|1
|-damage|p2b: Sinistcha|88/100
|
|-heal|p2a: Milotic|50/100y|[from] item: Leftovers
|-activate|p1a: Farigiraf|ability: Cud Chew
|-enditem|p1a: Farigiraf|Sitrus Berry|[eat]
|-heal|p1a: Farigiraf|56/100|[from] item: Sitrus Berry
|upkeep
|turn|4
|
|t:|1782415323
|move|p2b: Sinistcha|Rage Powder|p2b: Sinistcha
|-singleturn|p2b: Sinistcha|move: Rage Powder
|move|p1b: Metagross|Psychic Fangs|p2b: Sinistcha
|-damage|p2b: Sinistcha|53/100
|move|p2a: Milotic|Hypnosis|p1b: Metagross
|-status|p1b: Metagross|slp|[from] move: Hypnosis
|move|p1a: Farigiraf|Roar|p2b: Sinistcha
|drag|p2b: Mawile|Mawile, L50, F|100/100
|
|-heal|p2a: Milotic|55/100|[from] item: Leftovers
|upkeep
|turn|5
|
|t:|1782415335
|detailschange|p2b: Mawile|Mawile-Mega, L50, F
|-mega|p2b: Mawile|Mawile|Mawilite
|cant|p1b: Metagross|slp
|move|p2a: Milotic|Muddy Water|p1b: Metagross|[spread] p1a,p1b
|-damage|p1a: Farigiraf|35/100
|-damage|p1b: Metagross|78/100 slp
|move|p2b: Mawile|Play Rough|p1a: Farigiraf
|-damage|p1a: Farigiraf|0 fnt
|faint|p1a: Farigiraf
|
|-heal|p2a: Milotic|61/100|[from] item: Leftovers
|upkeep
|
|t:|1782415349
|switch|p1a: Hydreigon|Hydreigon, L50, M|100/100
|turn|6
|
|t:|1782415370
|move|p2b: Mawile|Protect|p2b: Mawile
|-singleturn|p2b: Mawile|Protect
|move|p1a: Hydreigon|Dark Pulse|p2a: Milotic
|-damage|p2a: Milotic|35/100
|cant|p1b: Metagross|slp
|move|p2a: Milotic|Hypnosis|p1a: Hydreigon
|-status|p1a: Hydreigon|slp|[from] move: Hypnosis
|
|-heal|p2a: Milotic|41/100|[from] item: Leftovers
|upkeep
|turn|7
|
|t:|1782415388
|cant|p1a: Hydreigon|slp
|-curestatus|p1b: Metagross|slp|[msg]
|move|p1b: Metagross|Psychic Fangs|p2a: Milotic
|-damage|p2a: Milotic|22/100
|move|p2a: Milotic|Hypnosis|p1b: Metagross
|-status|p1b: Metagross|slp|[from] move: Hypnosis
|move|p2b: Mawile|Play Rough|p1a: Hydreigon
|-supereffective|p1a: Hydreigon|2
|-damage|p1a: Hydreigon|0 fnt
|faint|p1a: Hydreigon
|
|-heal|p2a: Milotic|28/100|[from] item: Leftovers
|upkeep
|
|t:|1782415401
|switch|p1a: Basculegion|Basculegion, L50, M|100/100
|turn|8
|
|t:|1782415413
|switch|p2b: Incineroar|Incineroar, L50, M|70/100
|-ability|p2b: Incineroar|Intimidate|boost
|-unboost|p1a: Basculegion|atk|1
|-unboost|p1b: Metagross|atk|1
|cant|p1b: Metagross|slp
|move|p1a: Basculegion|Last Respects|p2a: Milotic
|-damage|p2a: Milotic|0 fnt
|faint|p2a: Milotic
|-damage|p1a: Basculegion|90/100|[from] item: Life Orb
|
|upkeep
|
|t:|1782415425
|switch|p2a: Mawile|Mawile-Mega, L50, F|100/100
|turn|9
|
|t:|1782415440
|switch|p2b: Sinistcha|Sinistcha, L50|53/100
|move|p2a: Mawile|Sucker Punch|p1a: Basculegion
|-supereffective|p1a: Basculegion|1
|-damage|p1a: Basculegion|5/100
|cant|p1b: Metagross|slp
|move|p1a: Basculegion|Wave Crash|p2a: Mawile
|-damage|p2a: Mawile|36/100
|-damage|p1a: Basculegion|0 fnt|[from] Recoil
|faint|p1a: Basculegion
|
|upkeep
|turn|10
|c|☆steelag0|gg
|c|☆steelag0|i hate milo
|-message|steelag0 forfeited.
|
|win|Aeon_Twins
|raw|steelag0's rating: 1085 → 1063(-22 for losing)
|raw|Aeon_Twins's rating: 1097 → 1122(+25 for winning)
|c|☆Aeon_Twins|ggs
|l|☆steelag0
|player|p1|
|l|☆Aeon_Twins
|player|p2|
|j|☆steelag0
|player|p1|steelag0|policeman-gen4|
