|j|☆TeyOnTheRox
|j|☆raucho
|html|TeyOnTheRoxraucho    
|uhtml|bestof|Game 1 of a best-of-3
|t:|1757743983
|gametype|doubles
|player|p1|TeyOnTheRox|benga|1172
|player|p2|raucho|n|1211
|gen|9
|tier|[Gen 9] VGC 2025 Reg H (Bo3)
|rated|
|rule|Species Clause: Limit one of each Pokémon
|rule|Item Clause: Limit 1 of each item
|clearpoke
|poke|p1|Tyranitar, L50, M|
|poke|p1|Excadrill, L50, F|
|poke|p1|Sneasler, L50, F|
|poke|p1|Indeedee, L50, M|
|poke|p1|Corviknight, L50, F|
|poke|p1|Annihilape, L50, M|
|poke|p2|Gholdengo, L50|
|poke|p2|Whimsicott, L50, F|
|poke|p2|Indeedee, L50, M|
|poke|p2|Sneasler, L50, M|
|poke|p2|Electabuzz, L50, M|
|poke|p2|Ursaluna-Bloodmoon, L50, M|
|teampreview|4
|showteam|p1|Tyranitar||AssaultVest|SandStream|RockSlide,KnockOff,TeraBlast,LowKick|||M|||50|,,,,,Flying]Excadrill||FocusSash|SandRush|IronHead,HighHorsepower,Earthquake,Protect|||F|||50|,,,,,Stellar]Sneasler||PsychicSeed|Unburden|DireClaw,CloseCombat,ThroatChop,Protect|||F|||50|,,,,,Dark]Indeedee||ChoiceScarf|PsychicSurge|ExpandingForce,TeraBlast,Protect,Trick|||M|||50|,,,,,Psychic]Corviknight||Leftovers|MirrorArmor|BraveBird,BulkUp,Roost,Tailwind|||F|||50|,,,,,Dragon]Annihilape||SafetyGoggles|Defiant|CloseCombat,FinalGambit,RageFist,Taunt|||M|||50|,,,,,Water
|showteam|p2|Gholdengo||IronPlate|GoodasGold|MakeItRain,ShadowBall,NastyPlot,Protect||||||50|,,,,,Dragon]Whimsicott||CovertCloak|Prankster|Moonblast,Tailwind,LightScreen,Encore|||F|||50|,,,,,Rock]Indeedee||FocusSash|PsychicSurge|ExpandingForce,Imprison,TrickRoom,Protect|||M|||50|,,,,,Psychic]Sneasler||PsychicSeed|Unburden|ThroatChop,CloseCombat,DireClaw,Protect|||M|||50|,,,,,Dark]Electabuzz||Eviolite|VitalSpirit|Electroweb,Taunt,FollowMe,Protect|||M|||50|,,,,,Dragon]Ursaluna-Bloodmoon||LifeOrb|MindsEye|HyperVoice,BloodMoon,EarthPower,Protect|||M|||50|,,,,,Normal
|inactive|Battle timer is ON: inactive players will automatically lose when time's up. (requested by raucho)
|inactive|TeyOnTheRox has 60 seconds left.
|inactive|raucho has 60 seconds left.
|
|t:|1757744035
|teamsize|p1|4
|teamsize|p2|4
|start
|switch|p1a: Cars II|Corviknight, L50, F|100/100
|switch|p1b: Cachiiga|Annihilape, L50, M|100/100
|switch|p2a: Whimsicott|Whimsicott, L50, F, shiny|100/100
|switch|p2b: Gholdengo|Gholdengo, L50, shiny|100/100
|turn|1
|
|t:|1757744057
|move|p2b: Gholdengo|Protect|p2b: Gholdengo
|-singleturn|p2b: Gholdengo|Protect
|move|p2a: Whimsicott|Tailwind|p2a: Whimsicott
|-sidestart|p2: raucho|move: Tailwind
|move|p1b: Cachiiga|Taunt|p2a: Whimsicott
|-start|p2a: Whimsicott|move: Taunt
|move|p1a: Cars II|Tailwind|p1a: Cars II
|-sidestart|p1: TeyOnTheRox|move: Tailwind
|
|upkeep
|turn|2
|inactive|TeyOnTheRox has 30 seconds left.
|
|t:|1757744084
|-terastallize|p1b: Cachiiga|Water
|-terastallize|p2b: Gholdengo|Dragon
|move|p1b: Cachiiga|Rage Fist|p2b: Gholdengo
|-damage|p2b: Gholdengo|78/100
|move|p2a: Whimsicott|Moonblast|p1b: Cachiiga
|-damage|p1b: Cachiiga|73/100
|-unboost|p1b: Cachiiga|spa|1
|-ability|p1b: Cachiiga|Defiant|boost
|-boost|p1b: Cachiiga|atk|2
|move|p2b: Gholdengo|Nasty Plot|p2b: Gholdengo
|-boost|p2b: Gholdengo|spa|2
|move|p1a: Cars II|Bulk Up|p1a: Cars II
|-boost|p1a: Cars II|atk|1
|-boost|p1a: Cars II|def|1
|
|upkeep
|turn|3
|inactive|TeyOnTheRox has 30 seconds left.
|inactive|TeyOnTheRox has 20 seconds left.
|inactive|TeyOnTheRox has 15 seconds left.
|
|t:|1757744127
|move|p2b: Gholdengo|Protect|p2b: Gholdengo
|-singleturn|p2b: Gholdengo|Protect
|move|p1b: Cachiiga|Rage Fist|p2b: Gholdengo
|-activate|p2b: Gholdengo|move: Protect
|move|p2a: Whimsicott|Moonblast|p1b: Cachiiga
|-damage|p1b: Cachiiga|48/100
|move|p1a: Cars II|Brave Bird|p2a: Whimsicott
|-supereffective|p2a: Whimsicott
|-damage|p2a: Whimsicott|0 fnt
|faint|p2a: Whimsicott
|-damage|p1a: Cars II|73/100|[from] Recoil
|
|-heal|p1a: Cars II|79/100|[from] item: Leftovers
|upkeep
|inactive|raucho has 30 seconds left.
|
|t:|1757744153
|switch|p2a: Sneasler|Sneasler, L50, M, shiny|100/100
|turn|4
|
|t:|1757744172
|move|p2a: Sneasler|Dire Claw|p1b: Cachiiga
|-damage|p1b: Cachiiga|4/100
|-status|p1b: Cachiiga|psn
|move|p1b: Cachiiga|Close Combat|p2b: Gholdengo
|-crit|p2b: Gholdengo
|-damage|p2b: Gholdengo|0 fnt
|-unboost|p1b: Cachiiga|def|1
|-unboost|p1b: Cachiiga|spd|1
|faint|p2b: Gholdengo
|move|p1a: Cars II|Brave Bird|p2a: Sneasler
|-supereffective|p2a: Sneasler
|-damage|p2a: Sneasler|0 fnt
|faint|p2a: Sneasler
|-damage|p1a: Cars II|53/100|[from] Recoil
|
|-heal|p1a: Cars II|59/100|[from] item: Leftovers
|-damage|p1b: Cachiiga|0 fnt|[from] psn
|faint|p1b: Cachiiga
|-sideend|p2: raucho|move: Tailwind
|-sideend|p1: TeyOnTheRox|move: Tailwind
|upkeep
|
|t:|1757744185
|switch|p1b: Doc Hudson|Tyranitar, L50, M, shiny|100/100
|switch|p2b: Indeedee|Indeedee, L50, M, shiny|100/100
|-fieldstart|move: Psychic Terrain|[from] ability: Psychic Surge|[of] p2b: Indeedee
|-weather|Sandstorm|[from] ability: Sand Stream|[of] p1b: Doc Hudson
|turn|5
|
|t:|1757744197
|move|p2b: Indeedee|Expanding Force|p1b: Doc Hudson|[spread] p1a
|-immune|p1b: Doc Hudson
|-resisted|p1a: Cars II
|-damage|p1a: Cars II|34/100
|move|p1b: Doc Hudson|Knock Off|p2b: Indeedee
|-supereffective|p2b: Indeedee
|-enditem|p2b: Indeedee|Focus Sash
|-damage|p2b: Indeedee|1/100
|move|p1a: Cars II|Brave Bird|p2b: Indeedee
|-damage|p2b: Indeedee|0 fnt
|faint|p2b: Indeedee
|-damage|p1a: Cars II|34/100|[from] Recoil
|
|win|TeyOnTheRox
||TeyOnTheRox is ready for game 2.
