|j|☆Viophire
|j|☆calamella
|html|Viophirecalamella    
|uhtml|bestof|Game 3 of a best-of-3
|t:|1783608666
|gametype|doubles
|player|p1|Viophire|rosa|1087
|player|p2|calamella|li|1186
|gen|9
|tier|[Gen 9 Champions] VGC 2026 Reg M-B (Bo3)
|rated|
|rule|Species Clause: Limit one of each Pokémon
|rule|Item Clause: Limit 1 of each item
|clearpoke
|poke|p1|Charizard, L50, M|
|poke|p1|Sylveon, L50, F, shiny|
|poke|p1|Sinistcha, L50|
|poke|p1|Sneasler, L50, F|
|poke|p1|Incineroar, L50, F|
|poke|p1|Metagross, L50, shiny|
|poke|p2|Charizard, L50, M|
|poke|p2|Aerodactyl, L50, M|
|poke|p2|Kingambit, L50, M|
|poke|p2|Farigiraf, L50, F|
|poke|p2|Garchomp, L50, M|
|poke|p2|Sylveon, L50, F|
|teampreview|4
|showteam|p1|Charizard||CharizarditeX|Blaze|FlareBlitz,DragonClaw,DragonDance,Protect|Adamant||M|||50|]Sylveon||FairyFeather|Pixilate|Moonblast,HyperVoice,CalmMind,Detect|Modest||F|||50|]Sinistcha||Leftovers|Hospitality|MatchaGotcha,LifeDew,RagePowder,Protect|Bold|||||50|]Sneasler||WhiteHerb|Unburden|FakeOut,DireClaw,CloseCombat,Coaching|Jolly||F|||50|]Incineroar||SitrusBerry|Intimidate|FakeOut,FlareBlitz,ThroatChop,PartingShot|Adamant||F|||50|]Metagross||Metagrossite|ClearBody|IronHead,PsychicFangs,IcePunch,Protect|Jolly|||||50|
|showteam|p2|Charizard||CharizarditeY|Blaze|HeatWave,SolarBeam,WeatherBall,Protect|Modest||M|||50|]Aerodactyl||Aerodactylite|Unnerve|RockSlide,DualWingbeat,IceFang,Tailwind|Jolly||M|||50|]Kingambit||FocusSash|Defiant|KowtowCleave,IronHead,SuckerPunch,LowKick|Adamant||M|||50|]Farigiraf||SitrusBerry|ArmorTail|Psychic,Thunderbolt,TrickRoom,Protect|Bold||F|||50|]Garchomp||LifeOrb|RoughSkin|Earthquake,DragonClaw,StompingTantrum,Protect|Jolly||M|||50|]Sylveon||FairyFeather|Pixilate|HyperVoice,HyperBeam,QuickAttack,Protect|Modest||F|||50|
|
|t:|1783608744
|teamsize|p1|4
|teamsize|p2|4
|start
|switch|p1a: Mejiro Ardan|Charizard, L50, M|100/100
|switch|p1b: Sneasler|Sneasler, L50, F|100/100
|switch|p2a: Kingambit|Kingambit, L50, M|100/100
|switch|p2b: Aerodactyl|Aerodactyl, L50, M|100/100
|-ability|p2b: Aerodactyl|Unnerve
|turn|1
|inactive|Battle timer is ON: inactive players will automatically lose when time's up. (requested by calamella)
|
|t:|1783608819
|switch|p2a: Garchomp|Garchomp, L50, M|100/100
|detailschange|p1a: Mejiro Ardan|Charizard-Mega-X, L50, M
|-mega|p1a: Mejiro Ardan|Charizard|Charizardite X
|move|p2b: Aerodactyl|Dual Wingbeat|p1b: Sneasler|[miss]
|-miss|p2b: Aerodactyl|p1b: Sneasler
|move|p1b: Sneasler|Close Combat|p2a: Garchomp
|-damage|p2a: Garchomp|41/100
|-unboost|p1b: Sneasler|def|1
|-unboost|p1b: Sneasler|spd|1
|-damage|p1b: Sneasler|87/100|[from] ability: Rough Skin|[of] p2a: Garchomp
|-enditem|p1b: Sneasler|White Herb
|-clearnegativeboost|p1b: Sneasler|[silent]
|move|p1a: Mejiro Ardan|Dragon Dance|p1a: Mejiro Ardan
|-boost|p1a: Mejiro Ardan|atk|1
|-boost|p1a: Mejiro Ardan|spe|1
|
|upkeep
|turn|2
|inactive|Viophire has 30 seconds left.
|
|t:|1783608844
|switch|p1b: Nice Nature|Incineroar, L50, F|100/100
|-ability|p1b: Nice Nature|Intimidate|boost
|-unboost|p2a: Garchomp|atk|1
|-unboost|p2b: Aerodactyl|atk|1
|move|p1a: Mejiro Ardan|Protect|p1a: Mejiro Ardan
|-singleturn|p1a: Mejiro Ardan|Protect
|move|p2b: Aerodactyl|Tailwind|p2b: Aerodactyl
|-sidestart|p2: calamella|move: Tailwind
|move|p2a: Garchomp|Earthquake|p1a: Mejiro Ardan|[spread] p1b
|-activate|p1a: Mejiro Ardan|move: Protect
|-immune|p2b: Aerodactyl
|-supereffective|p1b: Nice Nature|1
|-damage|p1b: Nice Nature|38/100
|-damage|p2a: Garchomp|32/100|[from] item: Life Orb
|
|upkeep
|turn|3
|inactive|Viophire has 30 seconds left.
|inactive|Viophire has 20 seconds left.
|
|t:|1783608884
|switch|p1b: Sneasler|Sneasler, L50, F|87/100
|move|p2b: Aerodactyl|Rock Slide|p1b: Sneasler|[spread] p1a,p1b
|-supereffective|p1a: Mejiro Ardan|1
|-resisted|p1b: Sneasler|1
|-damage|p1a: Mejiro Ardan|73/100
|-damage|p1b: Sneasler|74/100
|move|p2a: Garchomp|Earthquake|p1a: Mejiro Ardan|[spread] p1a,p1b
|-immune|p2b: Aerodactyl
|-supereffective|p1a: Mejiro Ardan|1
|-supereffective|p1b: Sneasler|1
|-damage|p1a: Mejiro Ardan|22/100
|-damage|p1b: Sneasler|0 fnt
|faint|p1b: Sneasler
|-damage|p2a: Garchomp|22/100|[from] item: Life Orb
|move|p1a: Mejiro Ardan|Dragon Claw|p2a: Garchomp
|-supereffective|p2a: Garchomp|1
|-damage|p2a: Garchomp|0 fnt
|-damage|p1a: Mejiro Ardan|10/100|[from] ability: Rough Skin|[of] p2a: Garchomp
|faint|p2a: Garchomp
|
|upkeep
|inactive|Viophire has 30 seconds left.
|
|t:|1783608909
|switch|p1b: Mannhantan Cafe|Sinistcha, L50|100/100
|switch|p2a: Kingambit|Kingambit, L50, M|100/100
|-heal|p1a: Mejiro Ardan|35/100|[from] ability: Hospitality|[of] p1b: Mannhantan Cafe
|turn|4
|
|t:|1783608934
|move|p1a: Mejiro Ardan|Protect|p1a: Mejiro Ardan
|-singleturn|p1a: Mejiro Ardan|Protect
|move|p2b: Aerodactyl|Rock Slide|p1b: Mannhantan Cafe|[spread] p1b
|-activate|p1a: Mejiro Ardan|move: Protect
|-damage|p1b: Mannhantan Cafe|91/100
|move|p2a: Kingambit|Kowtow Cleave|p1a: Mejiro Ardan
|-activate|p1a: Mejiro Ardan|move: Protect
|move|p1b: Mannhantan Cafe|Life Dew|p1b: Mannhantan Cafe|[spread] p1a,p1b
|-heal|p1a: Mejiro Ardan|60/100
|-heal|p1b: Mannhantan Cafe|100/100
|
|upkeep
|turn|5
|
|t:|1783608953
|move|p1b: Mannhantan Cafe|Rage Powder|p1b: Mannhantan Cafe
|-singleturn|p1b: Mannhantan Cafe|move: Rage Powder
|move|p2b: Aerodactyl|Rock Slide|p1a: Mejiro Ardan|[spread] p1a,p1b
|-supereffective|p1a: Mejiro Ardan|1
|-damage|p1a: Mejiro Ardan|37/100
|-damage|p1b: Mannhantan Cafe|89/100
|move|p2a: Kingambit|Kowtow Cleave|p1b: Mannhantan Cafe
|-supereffective|p1b: Mannhantan Cafe|1
|-damage|p1b: Mannhantan Cafe|17/100
|move|p1a: Mejiro Ardan|Flare Blitz|p2a: Kingambit
|-supereffective|p2a: Kingambit|1
|-enditem|p2a: Kingambit|Focus Sash
|-damage|p2a: Kingambit|1/100
|-damage|p1a: Mejiro Ardan|5/100|[from] Recoil
|
|-heal|p1b: Mannhantan Cafe|23/100|[from] item: Leftovers
|-sideend|p2: calamella|move: Tailwind
|upkeep
|turn|6
|inactive|Viophire has 30 seconds left.
|inactive|calamella has 30 seconds left.
|
|t:|1783608990
|switch|p1b: Nice Nature|Incineroar, L50, F|38/100
|-ability|p1b: Nice Nature|Intimidate|boost
|-unboost|p2a: Kingambit|atk|1
|-ability|p2a: Kingambit|Defiant|boost
|-boost|p2a: Kingambit|atk|2
|-unboost|p2b: Aerodactyl|atk|1
|move|p1a: Mejiro Ardan|Protect|p1a: Mejiro Ardan
|-singleturn|p1a: Mejiro Ardan|Protect
|move|p2b: Aerodactyl|Rock Slide|p1a: Mejiro Ardan|[spread] p1b
|-activate|p1a: Mejiro Ardan|move: Protect
|-supereffective|p1b: Nice Nature|1
|-damage|p1b: Nice Nature|20/100y
|move|p2a: Kingambit|Kowtow Cleave|p1b: Nice Nature
|-resisted|p1b: Nice Nature|1
|-damage|p1b: Nice Nature|0 fnt
|faint|p1b: Nice Nature
|
|upkeep
|
|t:|1783608993
|switch|p1b: Mannhantan Cafe|Sinistcha, L50|23/100
|-heal|p1a: Mejiro Ardan|30/100|[from] ability: Hospitality|[of] p1b: Mannhantan Cafe
|turn|7
|
|t:|1783609011
|move|p1b: Mannhantan Cafe|Rage Powder|p1b: Mannhantan Cafe
|-singleturn|p1b: Mannhantan Cafe|move: Rage Powder
|move|p2b: Aerodactyl|Tailwind|p2b: Aerodactyl
|-sidestart|p2: calamella|move: Tailwind
|move|p2a: Kingambit|Kowtow Cleave|p1b: Mannhantan Cafe
|-supereffective|p1b: Mannhantan Cafe|1
|-damage|p1b: Mannhantan Cafe|0 fnt
|faint|p1b: Mannhantan Cafe
|move|p1a: Mejiro Ardan|Dragon Claw|p2a: Kingambit
|-resisted|p2a: Kingambit|1
|-damage|p2a: Kingambit|0 fnt
|faint|p2a: Kingambit
|
|upkeep
|
|t:|1783609018
|switch|p2a: Charizard|Charizard, L50, M|100/100
|turn|8
|
|t:|1783609027
|detailschange|p2a: Charizard|Charizard-Mega-Y, L50, M
|-mega|p2a: Charizard|Charizard|Charizardite Y
|-weather|SunnyDay|[from] ability: Drought|[of] p2a: Charizard
|move|p1a: Mejiro Ardan|Protect|p1a: Mejiro Ardan
|-singleturn|p1a: Mejiro Ardan|Protect
|move|p2b: Aerodactyl|Rock Slide|p1a: Mejiro Ardan
|-activate|p1a: Mejiro Ardan|move: Protect
|move|p2a: Charizard|Weather Ball|p1a: Mejiro Ardan
|-activate|p1a: Mejiro Ardan|move: Protect
|
|-weather|SunnyDay|[upkeep]
|upkeep
|turn|9
|
|t:|1783609037
|move|p2b: Aerodactyl|Rock Slide|p1a: Mejiro Ardan
|-supereffective|p1a: Mejiro Ardan|1
|-damage|p1a: Mejiro Ardan|7/100
|move|p2a: Charizard|Weather Ball|p1a: Mejiro Ardan
|-resisted|p1a: Mejiro Ardan|2
|-damage|p1a: Mejiro Ardan|0 fnt
|faint|p1a: Mejiro Ardan
|
|win|calamella
|raw|Viophire's rating: 1087 → 1070(-17 for losing)
|raw|calamella's rating: 1186 → 1204(+18 for winning)
|c|☆calamella|ggs
|c|☆calamella|nice game
|c|☆Viophire|gg
