|j|☆dragonboy2100
|j|☆furretusedpunch
|html|dragonboy2100furretusedpunch    
|uhtml|bestof|Game 1 of a best-of-3
|t:|1757221096
|gametype|doubles
|player|p1|dragonboy2100|sage|1367
|player|p2|furretusedpunch|lacey|1293
|gen|9
|tier|[Gen 9] VGC 2025 Reg H (Bo3)
|rated|
|rule|Species Clause: Limit one of each Pokémon
|rule|Item Clause: Limit 1 of each item
|clearpoke
|poke|p1|Rillaboom, L50, M|
|poke|p1|Volcarona, L50, F|
|poke|p1|Electabuzz, L50, M|
|poke|p1|Garchomp, L50, M|
|poke|p1|Incineroar, L50, F|
|poke|p1|Palafin, L50, M|
|poke|p2|Gholdengo, L50|
|poke|p2|Rillaboom, L50, M|
|poke|p2|Dragonite, L50, F|
|poke|p2|Ninetales-Alola, L50, F|
|poke|p2|Incineroar, L50, M|
|poke|p2|Garchomp, L50, F|
|teampreview|4
|showteam|p1|Rillaboom||AssaultVest|GrassySurge|WoodHammer,GrassyGlide,FakeOut,Uturn|||M|||50|,,,,,Fire]Volcarona||GrassySeed|FlameBody|HeatWave,TeraBlast,QuiverDance,Protect|||F|||50|,,,,,Fairy]Electabuzz||Eviolite|VitalSpirit|Electroweb,Taunt,FollowMe,Protect|||M|||50|,,,,,Ghost]Garchomp||LoadedDice|RoughSkin|ScaleShot,StompingTantrum,SwordsDance,Protect|||M|||50|,,,,,Psychic]Incineroar||SafetyGoggles|Intimidate|FlareBlitz,KnockOff,FakeOut,PartingShot|||F|||50|,,,,,Ghost]Palafin||MysticWater|ZerotoHero|WaveCrash,JetPunch,Haze,Protect|||M|||50|,,,,,Water
|showteam|p2|Gholdengo||LifeOrb|GoodasGold|NastyPlot,MakeItRain,ShadowBall,Protect||||||50|,,,,,Water]Rillaboom||AssaultVest|GrassySurge|FakeOut,GrassyGlide,DrumBeating,HighHorsepower|||M|||50|,,,,,Fire]Dragonite||LoadedDice|Multiscale|ScaleShot,Haze,Tailwind,Protect|||F|||50|,,,,,Steel]Ninetales-Alola||FocusSash|SnowWarning|IcyWind,Encore,FreezeDry,AuroraVeil|||F|||50|,,,,,Ghost]Incineroar||SitrusBerry|Intimidate|FlareBlitz,KnockOff,FakeOut,PartingShot|||M|||50|,,,,,Ghost]Garchomp||ChoiceBand|RoughSkin|StompingTantrum,DragonClaw,RockSlide,Earthquake|||F|||50|,,,,,Fire
|inactive|Battle timer is ON: inactive players will automatically lose when time's up. (requested by dragonboy2100)
|inactive|dragonboy2100 has 60 seconds left.
|inactive|furretusedpunch has 60 seconds left.
|inactive|dragonboy2100 has 30 seconds left.
|inactive|furretusedpunch has 30 seconds left.
|inactive|dragonboy2100 has 20 seconds left.
|inactive|dragonboy2100 has 15 seconds left.
|inactive|dragonboy2100 has 10 seconds left.
|inactive|dragonboy2100 has 5 seconds left.
|
|t:|1757221188
|teamsize|p1|4
|teamsize|p2|4
|start
|switch|p1a: Incineroar|Incineroar, L50, F|100/100
|switch|p1b: Volcarona|Volcarona, L50, F|100/100
|switch|p2a: Garchomp|Garchomp, L50, F|100/100
|switch|p2b: Dragonite|Dragonite, L50, F|100/100
|-ability|p1a: Incineroar|Intimidate|boost
|-unboost|p2a: Garchomp|atk|1
|-unboost|p2b: Dragonite|atk|1
|turn|1
|inactive|dragonboy2100 has 30 seconds left.
|inactive|furretusedpunch has 30 seconds left.
|
|t:|1757221216
|-terastallize|p1b: Volcarona|Fairy
|move|p1a: Incineroar|Fake Out|p2b: Dragonite
|-damage|p2b: Dragonite|95/100
|move|p2a: Garchomp|Rock Slide|p1a: Incineroar|[spread] p1a
|-miss|p2a: Garchomp|p1b: Volcarona
|-supereffective|p1a: Incineroar
|-damage|p1a: Incineroar|71/100
|move|p1b: Volcarona|Quiver Dance|p1b: Volcarona
|-boost|p1b: Volcarona|spa|1
|-boost|p1b: Volcarona|spd|1
|-boost|p1b: Volcarona|spe|1
|cant|p2b: Dragonite|flinch
|
|upkeep
|turn|2
|
|t:|1757221244
|move|p1b: Volcarona|Tera Blast|p2a: Garchomp|[anim] Tera Blast Fairy
|-supereffective|p2a: Garchomp
|-damage|p2a: Garchomp|0 fnt
|faint|p2a: Garchomp
|move|p2b: Dragonite|Tailwind|p2b: Dragonite
|-sidestart|p2: furretusedpunch|move: Tailwind
|move|p1a: Incineroar|Parting Shot|p2b: Dragonite
|-unboost|p2b: Dragonite|atk|1
|-unboost|p2b: Dragonite|spa|1
|
|t:|1757221253
|switch|p1a: Electabuzz|Electabuzz, L50, M|100/100|[from] Parting Shot
|
|upkeep
|
|t:|1757221256
|switch|p2a: Gholdengo|Gholdengo, L50|100/100
|turn|3
|
|t:|1757221269
|-terastallize|p2a: Gholdengo|Water
|move|p1b: Volcarona|Protect|p1b: Volcarona
|-singleturn|p1b: Volcarona|Protect
|move|p2a: Gholdengo|Make It Rain|p1b: Volcarona|[spread] p1a
|-activate|p1b: Volcarona|move: Protect
|-resisted|p1a: Electabuzz
|-damage|p1a: Electabuzz|76/100
|-unboost|p2a: Gholdengo|spa|1
|-damage|p2a: Gholdengo|91/100|[from] item: Life Orb
|move|p2b: Dragonite|Haze|p2b: Dragonite
|-clearallboost
|move|p1a: Electabuzz|Electroweb|p2a: Gholdengo|[spread] p2a,p2b
|-supereffective|p2a: Gholdengo
|-damage|p2a: Gholdengo|63/100
|-damage|p2b: Dragonite|81/100
|-unboost|p2a: Gholdengo|spe|1
|-unboost|p2b: Dragonite|spe|1
|
|upkeep
|turn|4
|
|t:|1757221286
|switch|p1a: Incineroar|Incineroar, L50, F|71/100
|-ability|p1a: Incineroar|Intimidate|boost
|-unboost|p2a: Gholdengo|atk|1
|-unboost|p2b: Dragonite|atk|1
|move|p2b: Dragonite|Haze|p2b: Dragonite
|-clearallboost
|move|p2a: Gholdengo|Make It Rain|p1b: Volcarona|[spread] p1a,p1b
|-resisted|p1a: Incineroar
|-supereffective|p1b: Volcarona
|-damage|p1a: Incineroar|42/100
|-damage|p1b: Volcarona|0 fnt
|-unboost|p2a: Gholdengo|spa|1
|faint|p1b: Volcarona
|-damage|p2a: Gholdengo|54/100|[from] item: Life Orb
|
|upkeep
|c|☆dragonboy2100|misclicked
|
|t:|1757221305
|switch|p1b: Garchomp|Garchomp, L50, M|100/100
|turn|5
|inactive|dragonboy2100 has 30 seconds left.
|inactive|furretusedpunch has 30 seconds left.
|inactive|dragonboy2100 has 20 seconds left.
|inactive|furretusedpunch has 20 seconds left.
|inactive|dragonboy2100 has 15 seconds left.
|inactive|furretusedpunch has 15 seconds left.
|inactive|furretusedpunch has 10 seconds left.
|
|t:|1757221350
|switch|p2b: Ninetales|Ninetales-Alola, L50, F|100/100
|-weather|Snowscape|[from] ability: Snow Warning|[of] p2b: Ninetales
|move|p2a: Gholdengo|Protect|p2a: Gholdengo
|-singleturn|p2a: Gholdengo|Protect
|move|p1a: Incineroar|Fake Out|p2b: Ninetales
|-damage|p2b: Ninetales|90/100
|move|p1b: Garchomp|Scale Shot|p2a: Gholdengo
|-activate|p2a: Gholdengo|move: Protect
|
|-weather|Snowscape|[upkeep]
|-sideend|p2: furretusedpunch|move: Tailwind
|upkeep
|turn|6
|inactive|furretusedpunch has 30 seconds left.
|
|t:|1757221380
|switch|p1b: Electabuzz|Electabuzz, L50, M|76/100
|move|p2b: Ninetales|Freeze-Dry|p1b: Electabuzz
|-damage|p1b: Electabuzz|51/100
|move|p2a: Gholdengo|Nasty Plot|p2a: Gholdengo
|-boost|p2a: Gholdengo|spa|2
|move|p1a: Incineroar|Flare Blitz|p2b: Ninetales
|-supereffective|p2b: Ninetales
|-damage|p2b: Ninetales|0 fnt
|faint|p2b: Ninetales
|-damage|p1a: Incineroar|20/100|[from] Recoil
|
|-weather|Snowscape|[upkeep]
|upkeep
|
|t:|1757221388
|switch|p2b: Dragonite|Dragonite, L50, F|81/100
|turn|7
|
|t:|1757221417
|move|p1b: Electabuzz|Protect|p1b: Electabuzz
|-singleturn|p1b: Electabuzz|Protect
|move|p2a: Gholdengo|Shadow Ball|p1b: Electabuzz
|-activate|p1b: Electabuzz|move: Protect
|move|p2b: Dragonite|Scale Shot|p1a: Incineroar
|-damage|p1a: Incineroar|10/100
|-damage|p1a: Incineroar|0 fnt
|faint|p1a: Incineroar
|-hitcount|p1: Incineroar|2
|-unboost|p2b: Dragonite|def|1
|-boost|p2b: Dragonite|spe|1
|
|-weather|Snowscape|[upkeep]
|upkeep
|
|t:|1757221424
|switch|p1a: Garchomp|Garchomp, L50, M|100/100
|turn|8
|
|t:|1757221440
|move|p1b: Electabuzz|Follow Me|p1b: Electabuzz
|-singleturn|p1b: Electabuzz|move: Follow Me
|move|p2b: Dragonite|Tailwind|p2b: Dragonite
|-sidestart|p2: furretusedpunch|move: Tailwind
|move|p2a: Gholdengo|Make It Rain|p1b: Electabuzz|[spread] p1a,p1b
|-resisted|p1b: Electabuzz
|-damage|p1a: Garchomp|1/100
|-damage|p1b: Electabuzz|9/100
|-unboost|p2a: Gholdengo|spa|1
|-damage|p2a: Gholdengo|44/100|[from] item: Life Orb
|move|p1a: Garchomp|Scale Shot|p2b: Dragonite
|-supereffective|p2b: Dragonite
|-damage|p2b: Dragonite|34/100
|-supereffective|p2b: Dragonite
|-damage|p2b: Dragonite|0 fnt
|faint|p2b: Dragonite
|-hitcount|p2: Dragonite|2
|-unboost|p1a: Garchomp|def|1
|-boost|p1a: Garchomp|spe|1
|
|-weather|Snowscape|[upkeep]
|upkeep
|turn|9
|
|t:|1757221462
|move|p1b: Electabuzz|Follow Me|p1b: Electabuzz
|-singleturn|p1b: Electabuzz|move: Follow Me
|move|p2a: Gholdengo|Make It Rain|p1b: Electabuzz|[spread] p1a,p1b
|-resisted|p1b: Electabuzz
|-damage|p1a: Garchomp|0 fnt
|-damage|p1b: Electabuzz|0 fnt
|-unboost|p2a: Gholdengo|spa|1
|faint|p1a: Garchomp
|faint|p1b: Electabuzz
|-damage|p2a: Gholdengo|35/100|[from] item: Life Orb
|
|win|furretusedpunch
