|j|☆new mental
|j|☆Kinyachta
|html|new mentalKinyachta    
|uhtml|bestof|Game 3 of a best-of-3
|t:|1786127853
|gametype|doubles
|player|p1|new mental|volkner|1142
|player|p2|Kinyachta|1|1262
|gen|9
|tier|[Gen 9 Champions] VGC 2026 Reg M-B (Bo3)
|rated|
|rule|Species Clause: Limit one of each Pokémon
|rule|Item Clause: Limit 1 of each item
|clearpoke
|poke|p1|Charizard, L50, F|
|poke|p1|Garchomp, L50, F|
|poke|p1|Incineroar, L50, M|
|poke|p1|Venusaur, L50, M|
|poke|p1|Toxapex, L50, F|
|poke|p1|Sylveon, L50, M|
|poke|p2|Floette-Eternal, L50, F|
|poke|p2|Farigiraf, L50, F|
|poke|p2|Sneasler, L50, F|
|poke|p2|Garchomp, L50, F|
|poke|p2|Charizard, L50, M|
|poke|p2|Whimsicott, L50, F|
|teampreview|4
|showteam|p1|Charizard||CharizarditeY|Blaze|WeatherBall,HeatWave,AncientPower,Protect|Modest||F|||50|]Garchomp||ChoiceScarf|RoughSkin|RockSlide,DragonClaw,Earthquake,StompingTantrum|Adamant||F|||50|]Incineroar||SitrusBerry|Intimidate|FlareBlitz,FakeOut,DarkestLariat,PartingShot|Impish||M|||50|]Venusaur||LifeOrb|Chlorophyll|SludgeBomb,LeafStorm,EarthPower,Protect|Modest||M|||50|]Toxapex||Leftovers|Regenerator|Infestation,Toxic,WideGuard,BanefulBunker|Bold||F|||50|]Sylveon||FairyFeather|Pixilate|HyperVoice,QuickAttack,Yawn,Detect|Modest||M|||50|
|showteam|p2|Floette-Eternal||Floettite|FlowerVeil|Moonblast,Protect,DazzlingGleam,LightofRuin|Timid||F|||50|]Farigiraf||SitrusBerry|ArmorTail|TrickRoom,HelpingHand,TwinBeam,HyperVoice|Quiet||F|||50|]Sneasler||WhiteHerb|Unburden|Protect,CloseCombat,Coaching,DireClaw|Jolly||F|||50|]Garchomp||Leftovers|RoughSkin|DragonClaw,RockSlide,Protect,Earthquake|Adamant||F|||50|]Charizard||CharizarditeY|SolarPower|WeatherBall,Protect,HeatWave,SolarBeam|Modest||M|||50|]Whimsicott||FocusSash|Prankster|Tailwind,CottonSpore,Encore,Moonblast|Modest||F|||50|
|inactive|Battle timer is ON: inactive players will automatically lose when time's up. (requested by Kinyachta)
|
|t:|1786127877
|teamsize|p1|4
|teamsize|p2|4
|start
|switch|p1a: Incineroar|Incineroar, L50, M|100/100
|switch|p1b: Toxapex|Toxapex, L50, F|100/100
|switch|p2a: Farigiraf|Farigiraf, L50, F|100/100
|switch|p2b: Floette|Floette-Eternal, L50, F|100/100
|-ability|p1a: Incineroar|Intimidate|boost
|-unboost|p2a: Farigiraf|atk|1
|-unboost|p2b: Floette|atk|1
|turn|1
|
|t:|1786127889
|detailschange|p2b: Floette|Floette-Mega, L50, F
|-mega|p2b: Floette|Floette|Floettite
|-ability|p2b: Floette|Fairy Aura
|move|p2a: Farigiraf|Helping Hand|p2b: Floette
|-singleturn|p2b: Floette|Helping Hand|[of] p2a: Farigiraf
|move|p2b: Floette|Moonblast|p1a: Incineroar
|-damage|p1a: Incineroar|0 fnt
|faint|p1a: Incineroar
|move|p1b: Toxapex|Toxic|p2b: Floette
|-status|p2b: Floette|tox
|
|-damage|p2b: Floette|93/100 tox|[from] psn
|upkeep
|
|t:|1786127900
|switch|p1a: Charizard|Charizard, L50, F|100/100
|turn|2
|
|t:|1786127907
|detailschange|p1a: Charizard|Charizard-Mega-Y, L50, F
|-mega|p1a: Charizard|Charizard|Charizardite Y
|-weather|SunnyDay|[from] ability: Drought|[of] p1a: Charizard
|move|p1b: Toxapex|Baneful Bunker|p1b: Toxapex
|-singleturn|p1b: Toxapex|move: Protect
|move|p2b: Floette|Light of Ruin|p1b: Toxapex
|-activate|p1b: Toxapex|move: Protect
|move|p1a: Charizard|Heat Wave|p2a: Farigiraf|[spread] p2a,p2b
|-damage|p2a: Farigiraf|36/100
|-damage|p2b: Floette|39/100 tox
|-enditem|p2a: Farigiraf|Sitrus Berry|[eat]
|-heal|p2a: Farigiraf|61/100|[from] item: Sitrus Berry
|move|p2a: Farigiraf|Twin Beam|p1b: Toxapex
|-activate|p1b: Toxapex|move: Protect
|
|-weather|SunnyDay|[upkeep]
|-damage|p2b: Floette|27/100 tox|[from] psn
|upkeep
|turn|3
|
|t:|1786127930
|move|p2a: Farigiraf|Helping Hand|p2b: Floette
|-singleturn|p2b: Floette|Helping Hand|[of] p2a: Farigiraf
|move|p1b: Toxapex|Baneful Bunker|p1b: Toxapex
|-singleturn|p1b: Toxapex|move: Protect
|move|p2b: Floette|Light of Ruin|p1a: Charizard
|-resisted|p1a: Charizard|1
|-damage|p1a: Charizard|16/100
|-damage|p2b: Floette|0 fnt|[from] Recoil
|faint|p2b: Floette
|move|p1a: Charizard|Heat Wave|p2a: Farigiraf
|-damage|p2a: Farigiraf|0 fnt
|faint|p2a: Farigiraf
|
|-weather|SunnyDay|[upkeep]
|upkeep
|
|t:|1786127943
|switch|p2b: Garchomp|Garchomp, L50, F|100/100
|switch|p2a: Sneasler|Sneasler, L50, F|100/100
|turn|4
|
|t:|1786127960
|move|p1a: Charizard|Protect|p1a: Charizard
|-singleturn|p1a: Charizard|Protect
|move|p2a: Sneasler|Coaching|p2b: Garchomp
|-boost|p2b: Garchomp|atk|1
|-boost|p2b: Garchomp|def|1
|move|p2b: Garchomp|Dragon Claw|p1b: Toxapex
|-damage|p1b: Toxapex|56/100
|move|p1b: Toxapex|Toxic|p2b: Garchomp
|-status|p2b: Garchomp|tox
|
|-weather|SunnyDay|[upkeep]
|-heal|p1b: Toxapex|61/100|[from] item: Leftovers
|-damage|p2b: Garchomp|93/100 tox|[from] psn
|upkeep
|turn|5
|
|t:|1786127979
|move|p2a: Sneasler|Dire Claw|p1a: Charizard
|-damage|p1a: Charizard|0 fnt
|faint|p1a: Charizard
|move|p2b: Garchomp|Dragon Claw|p1b: Toxapex
|-damage|p1b: Toxapex|15/100
|move|p1b: Toxapex|Infestation|p2b: Garchomp
|-damage|p2b: Garchomp|91/100 tox
|-activate|p2b: Garchomp|move: Infestation|[of] p1b: Toxapex
|-damage|p1b: Toxapex|3/100|[from] ability: Rough Skin|[of] p2b: Garchomp
|
|-weather|SunnyDay|[upkeep]
|-heal|p2b: Garchomp|97/100 tox|[from] item: Leftovers
|-heal|p1b: Toxapex|8/100|[from] item: Leftovers
|-damage|p2b: Garchomp|85/100 tox|[from] psn
|-damage|p2b: Garchomp|73/100 tox|[from] move: Infestation|[partiallytrapped]
|upkeep
|
|t:|1786127981
|switch|p1a: Garchomp|Garchomp, L50, F|100/100
|turn|6
|inactive|new mental has 30 seconds left.
|inactive|Kinyachta has 30 seconds left.
|inactive|new mental has 20 seconds left.
|
|t:|1786128021
|move|p2a: Sneasler|Protect|p2a: Sneasler
|-singleturn|p2a: Sneasler|Protect
|move|p1a: Garchomp|Dragon Claw|p2b: Garchomp
|-supereffective|p2b: Garchomp|1
|-damage|p2b: Garchomp|20/100r tox
|-damage|p1a: Garchomp|87/100|[from] ability: Rough Skin|[of] p2b: Garchomp
|move|p2b: Garchomp|Dragon Claw|p1a: Garchomp
|-supereffective|p1a: Garchomp|1
|-damage|p1a: Garchomp|0 fnt
|-damage|p2b: Garchomp|7/100 tox|[from] ability: Rough Skin|[of] p1a: Garchomp
|faint|p1a: Garchomp
|move|p1b: Toxapex|Infestation|p2a: Sneasler
|-activate|p2a: Sneasler|move: Protect
|
|-weather|none
|-heal|p2b: Garchomp|13/100 tox|[from] item: Leftovers
|-heal|p1b: Toxapex|14/100|[from] item: Leftovers
|-damage|p2b: Garchomp|0 fnt|[from] psn
|faint|p2b: Garchomp
|upkeep
|turn|7
|c|☆Kinyachta|L
|
|t:|1786128040
|move|p1b: Toxapex|Baneful Bunker|p1b: Toxapex
|-singleturn|p1b: Toxapex|move: Protect
|move|p2a: Sneasler|Close Combat|p1b: Toxapex
|-activate|p1b: Toxapex|move: Protect
|
|-heal|p1b: Toxapex|20/100y|[from] item: Leftovers
|upkeep
|turn|8
|
|t:|1786128048
|move|p2a: Sneasler|Close Combat|p1b: Toxapex
|-resisted|p1b: Toxapex|1
|-damage|p1b: Toxapex|0 fnt
|-unboost|p2a: Sneasler|def|1
|-unboost|p2a: Sneasler|spd|1
|faint|p1b: Toxapex
|
|win|Kinyachta
|raw|new mental's rating: 1142 → 1125(-17 for losing)
|raw|Kinyachta's rating: 1262 → 1279(+17 for winning)
