|j|☆ghostfood687
|j|☆schmachz
|html|ghostfood687schmachz    
|uhtml|bestof|Game 1 of a best-of-3
|t:|1782353390
|gametype|doubles
|player|p1|ghostfood687|psychic-gen4|1000
|player|p2|schmachz|2|1000
|gen|9
|tier|[Gen 9 Champions] VGC 2026 Reg M-B (Bo3)
|rated|
|rule|Species Clause: Limit one of each Pokémon
|rule|Item Clause: Limit 1 of each item
|clearpoke
|poke|p1|Dragonite, L50, F|
|poke|p1|Sinistcha, L50|
|poke|p1|Absol, L50, F|
|poke|p1|Salazzle, L50, F|
|poke|p1|Froslass, L50, F|
|poke|p1|Sceptile, L50, M|
|poke|p2|Palafin, L50, F|
|poke|p2|Incineroar, L50, F|
|poke|p2|Staraptor, L50, F|
|poke|p2|Froslass, L50, F|
|poke|p2|Whimsicott, L50, F|
|poke|p2|Garchomp, L50, M|
|teampreview|4
|showteam|p1|Dragonite||Dragoninite|Multiscale|BreakingSwipe,Earthquake,ExtremeSpeed,Protect|Jolly||F|||50|]Sinistcha||SitrusBerry|Hospitality|MatchaGotcha,RagePowder,LifeDew,Protect|Quiet|||||50|]Absol||ChoiceScarf|Justified|Sandstorm,BatonPass,QuickAttack,SuckerPunch|Jolly||F|||50|]Salazzle||FocusSash|Corrosion|BeatUp,SludgeBomb,FakeOut,Overheat|Timid||F|||50|]Froslass||BabiriBerry|SnowCloak|Avalanche,Blizzard,AuroraVeil,BodySlam|Hasty||F|||50|]Sceptile||LifeOrb|Overgrow|Acrobatics,Agility,BodySlam,BrickBreak|Adamant||M|||50|
|showteam|p2|Palafin||MysticWater|ZerotoHero|FlipTurn,JetPunch,WaveCrash,Protect|Jolly||F|||50|]Incineroar||SitrusBerry|Intimidate|FakeOut,Taunt,PartingShot,FlareBlitz|Sassy||F|||50|]Staraptor||Staraptite|Intimidate|CloseCombat,DualWingbeat,Uturn,Protect|Jolly||F|||50|]Froslass||Froslassite|CursedBody|AuroraVeil,Blizzard,Haze,Protect|Timid||F|||50|]Whimsicott||FocusSash|Prankster|Tailwind,Charm,Encore,Moonblast|Bold||F|||50|]Garchomp||ChoiceScarf|RoughSkin|RockSlide,Earthquake,DragonClaw,PoisonJab|Jolly||M|||50|
|
|t:|1782353459
|teamsize|p1|4
|teamsize|p2|4
|start
|switch|p1a: Sinistcha|Sinistcha, L50|100/100
|switch|p1b: Salazzle|Salazzle, L50, F|100/100
|switch|p2a: Froslass|Froslass, L50, F|100/100
|switch|p2b: Palafin|Palafin, L50, F|100/100
|turn|1
|
|t:|1782353503
|detailschange|p2b: Palafin|Palafin-Hero, L50, F
|switch|p2b: Incineroar|Incineroar, L50, F|100/100
|-ability|p2b: Incineroar|Intimidate|boost
|-unboost|p1a: Sinistcha|atk|1
|-unboost|p1b: Salazzle|atk|1
|switch|p1a: Absol|Absol, L50, F|100/100
|detailschange|p2a: Froslass|Froslass-Mega, L50, F
|-mega|p2a: Froslass|Froslass|Froslassite
|-weather|Snowscape|[from] ability: Snow Warning|[of] p2a: Froslass
|move|p2a: Froslass|Protect|p2a: Froslass
|-singleturn|p2a: Froslass|Protect
|move|p1b: Salazzle|Beat Up|p1a: Absol
|-resisted|p1a: Absol|1
|-damage|p1a: Absol|98/100
|-ability|p1a: Absol|Justified|boost
|-boost|p1a: Absol|atk|1
|-resisted|p1a: Absol|1
|-damage|p1a: Absol|98/100
|-ability|p1a: Absol|Justified|boost
|-boost|p1a: Absol|atk|1
|-resisted|p1a: Absol|1
|-damage|p1a: Absol|97/100
|-ability|p1a: Absol|Justified|boost
|-boost|p1a: Absol|atk|1
|-resisted|p1a: Absol|1
|-damage|p1a: Absol|96/100
|-ability|p1a: Absol|Justified|boost
|-boost|p1a: Absol|atk|1
|-hitcount|p1a: Absol|4
|
|-weather|Snowscape|[upkeep]
|upkeep
|turn|2
|
|t:|1782353546
|move|p2b: Incineroar|Fake Out|p1a: Absol
|-damage|p1a: Absol|83/100
|move|p2a: Froslass|Blizzard|p1b: Salazzle|[spread] p1a,p1b
|-resisted|p1b: Salazzle|1
|-damage|p1a: Absol|29/100
|-damage|p1b: Salazzle|67/100
|move|p1b: Salazzle|Overheat|p2a: Froslass
|-supereffective|p2a: Froslass|1
|-crit|p2a: Froslass
|-damage|p2a: Froslass|0 fnt
|-unboost|p1b: Salazzle|spa|2
|faint|p2a: Froslass
|cant|p1a: Absol|flinch
|
|-weather|Snowscape|[upkeep]
|upkeep
|
|t:|1782353559
|switch|p2a: Palafin|Palafin-Hero, L50, F|100/100
|-activate|p2a: Palafin|ability: Zero to Hero
|turn|3
|
|t:|1782353583
|switch|p1b: Sinistcha|Sinistcha, L50|100/100
|-heal|p1a: Absol|54/100|[from] ability: Hospitality|[of] p1b: Sinistcha
|move|p2a: Palafin|Jet Punch|p1a: Absol
|-damage|p1a: Absol|0 fnt
|faint|p1a: Absol
|move|p2b: Incineroar|Flare Blitz|p1b: Sinistcha
|-supereffective|p1b: Sinistcha|1
|-damage|p1b: Sinistcha|2/100
|-enditem|p1b: Sinistcha|Sitrus Berry|[eat]
|-heal|p1b: Sinistcha|26/100|[from] item: Sitrus Berry
|-damage|p2b: Incineroar|71/100|[from] Recoil
|
|-weather|Snowscape|[upkeep]
|upkeep
|
|t:|1782353600
|switch|p1a: Dragonite|Dragonite, L50, F|100/100
|turn|4
|
|t:|1782353626
|switch|p1b: Salazzle|Salazzle, L50, F|67/100
|detailschange|p1a: Dragonite|Dragonite-Mega, L50, F
|-mega|p1a: Dragonite|Dragonite|Dragoninite
|move|p1a: Dragonite|Breaking Swipe|p2b: Incineroar|[spread] p2a,p2b
|-damage|p2a: Palafin|81/100
|-damage|p2b: Incineroar|53/100
|-unboost|p2a: Palafin|atk|1
|-unboost|p2b: Incineroar|atk|1
|move|p2a: Palafin|Wave Crash|p1b: Salazzle
|-supereffective|p1b: Salazzle|1
|-crit|p1b: Salazzle
|-damage|p1b: Salazzle|0 fnt
|faint|p1b: Salazzle
|-damage|p2a: Palafin|63/100|[from] Recoil
|move|p2b: Incineroar|Parting Shot|p1a: Dragonite
|-unboost|p1a: Dragonite|atk|1
|-unboost|p1a: Dragonite|spa|1
|
|t:|1782353643
|switch|p2b: Garchomp|Garchomp, L50, M|100/100|[from] Parting Shot
|
|-weather|Snowscape|[upkeep]
|upkeep
|
|t:|1782353648
|switch|p1b: Sinistcha|Sinistcha, L50|26/100
|turn|5
|l|☆ghostfood687
|player|p1|
|j|☆ghostfood687
|player|p1|ghostfood687|psychic-gen4|
|
|t:|1782353677
|switch|p2a: Incineroar|Incineroar, L50, F|53/100
|-ability|p2a: Incineroar|Intimidate|boost
|-unboost|p1a: Dragonite|atk|1
|-unboost|p1b: Sinistcha|atk|1
|move|p2b: Garchomp|Rock Slide|p1b: Sinistcha|[spread] p1a,p1b
|-supereffective|p1a: Dragonite|1
|-damage|p1a: Dragonite|82/100
|-damage|p1b: Sinistcha|9/100
|move|p1a: Dragonite|Breaking Swipe|p2b: Garchomp|[spread] p2a,p2b
|-supereffective|p2b: Garchomp|1
|-damage|p2a: Incineroar|44/100
|-damage|p2b: Garchomp|82/100
|-unboost|p2a: Incineroar|atk|1
|-unboost|p2b: Garchomp|atk|1
|-damage|p1a: Dragonite|70/100|[from] ability: Rough Skin|[of] p2b: Garchomp
|-enditem|p2a: Incineroar|Sitrus Berry|[eat]
|-heal|p2a: Incineroar|69/100|[from] item: Sitrus Berry
|move|p1b: Sinistcha|Life Dew|p1b: Sinistcha|[spread] p1a,p1b
|-heal|p1a: Dragonite|95/100
|-heal|p1b: Sinistcha|34/100
|
|-weather|none
|upkeep
|turn|6
|
|t:|1782353717
|switch|p2b: Palafin|Palafin-Hero, L50, F|63/100
|move|p2a: Incineroar|Fake Out|p1a: Dragonite
|-damage|p1a: Dragonite|89/100
|cant|p1a: Dragonite|flinch
|move|p1b: Sinistcha|Life Dew|p1b: Sinistcha|[spread] p1a,p1b
|-heal|p1a: Dragonite|100/100
|-heal|p1b: Sinistcha|60/100
|
|upkeep
|turn|7
|
|t:|1782353745
|move|p1b: Sinistcha|Protect|p1b: Sinistcha
|-singleturn|p1b: Sinistcha|Protect
|move|p2b: Palafin|Wave Crash|p1b: Sinistcha
|-activate|p1b: Sinistcha|move: Protect
|move|p1a: Dragonite|Breaking Swipe|p2b: Palafin|[spread] p2a,p2b
|-damage|p2a: Incineroar|60/100
|-damage|p2b: Palafin|53/100
|-unboost|p2a: Incineroar|atk|1
|-unboost|p2b: Palafin|atk|1
|move|p2a: Incineroar|Flare Blitz|p1b: Sinistcha
|-activate|p1b: Sinistcha|move: Protect
|
|upkeep
|turn|8
|
|t:|1782353777
|move|p2b: Palafin|Protect|p2b: Palafin
|-singleturn|p2b: Palafin|Protect
|move|p1a: Dragonite|Breaking Swipe|p2a: Incineroar|[spread] p2a
|-activate|p2b: Palafin|move: Protect
|-damage|p2a: Incineroar|51/100
|-unboost|p2a: Incineroar|atk|1
|move|p1b: Sinistcha|Matcha Gotcha|p2a: Incineroar|[spread] p2a
|-activate|p2b: Palafin|move: Protect
|-resisted|p2a: Incineroar|1
|-damage|p2a: Incineroar|41/100
|-heal|p1b: Sinistcha|66/100|[from] drain|[of] p2a: Incineroar
|move|p2a: Incineroar|Parting Shot|p1a: Dragonite
|-unboost|p1a: Dragonite|atk|1
|-unboost|p1a: Dragonite|spa|1
|
|t:|1782353793
|switch|p2a: Garchomp|Garchomp, L50, M|82/100|[from] Parting Shot
|
|upkeep
|turn|9
|
|t:|1782353817
|switch|p2b: Incineroar|Incineroar, L50, F|41/100
|-ability|p2b: Incineroar|Intimidate|boost
|-unboost|p1a: Dragonite|atk|1
|-unboost|p1b: Sinistcha|atk|1
|move|p2a: Garchomp|Poison Jab|p1b: Sinistcha
|-damage|p1b: Sinistcha|37/100
|move|p1a: Dragonite|Breaking Swipe|p2a: Garchomp|[spread] p2a,p2b
|-supereffective|p2a: Garchomp|1
|-damage|p2a: Garchomp|68/100
|-damage|p2b: Incineroar|34/100
|-unboost|p2a: Garchomp|atk|1
|-unboost|p2b: Incineroar|atk|1
|-damage|p1a: Dragonite|87/100|[from] ability: Rough Skin|[of] p2a: Garchomp
|move|p1b: Sinistcha|Matcha Gotcha|p2a: Garchomp|[spread] p2a,p2b
|-resisted|p2b: Incineroar|1
|-damage|p2a: Garchomp|34/100
|-heal|p1b: Sinistcha|55/100|[from] drain|[of] p2a: Garchomp
|-damage|p2b: Incineroar|24/100
|-heal|p1b: Sinistcha|61/100|[from] drain|[of] p2b: Incineroar
|
|upkeep
|turn|10
|
|t:|1782353850
|move|p1b: Sinistcha|Protect|p1b: Sinistcha
|-singleturn|p1b: Sinistcha|Protect
|move|p2b: Incineroar|Fake Out|p1b: Sinistcha
|-activate|p1b: Sinistcha|move: Protect
|move|p2a: Garchomp|Poison Jab|p1b: Sinistcha
|-activate|p1b: Sinistcha|move: Protect
|move|p1a: Dragonite|Breaking Swipe|p2b: Incineroar|[spread] p2a,p2b
|-supereffective|p2a: Garchomp|1
|-damage|p2a: Garchomp|20/100y
|-damage|p2b: Incineroar|18/100
|-unboost|p2a: Garchomp|atk|1
|-unboost|p2b: Incineroar|atk|1
|-damage|p1a: Dragonite|75/100|[from] ability: Rough Skin|[of] p2a: Garchomp
|
|upkeep
|turn|11
|
|t:|1782353863
|move|p2a: Garchomp|Poison Jab|p1b: Sinistcha
|-damage|p1b: Sinistcha|46/100
|-status|p1b: Sinistcha|psn
|move|p1a: Dragonite|Breaking Swipe|p2b: Incineroar|[spread] p2a,p2b
|-supereffective|p2a: Garchomp|1
|-damage|p2a: Garchomp|6/100
|-damage|p2b: Incineroar|11/100
|-unboost|p2a: Garchomp|atk|1
|-unboost|p2b: Incineroar|atk|1
|-damage|p1a: Dragonite|63/100|[from] ability: Rough Skin|[of] p2a: Garchomp
|move|p1b: Sinistcha|Life Dew|p1b: Sinistcha|[spread] p1a,p1b
|-heal|p1a: Dragonite|88/100
|-heal|p1b: Sinistcha|71/100 psn
|move|p2b: Incineroar|Parting Shot|p1a: Dragonite
|-unboost|p1a: Dragonite|atk|1
|-unboost|p1a: Dragonite|spa|1
|
|t:|1782353879
|switch|p2b: Palafin|Palafin-Hero, L50, F|53/100|[from] Parting Shot
|
|-damage|p1b: Sinistcha|59/100 psn|[from] psn
|upkeep
|turn|12
|
|t:|1782353895
|move|p2a: Garchomp|Poison Jab|p1b: Sinistcha
|-damage|p1b: Sinistcha|47/100 psn
|move|p2b: Palafin|Wave Crash|p1b: Sinistcha
|-resisted|p1b: Sinistcha|1
|-damage|p1b: Sinistcha|6/100 psn
|-damage|p2b: Palafin|39/100|[from] Recoil
|move|p1a: Dragonite|Breaking Swipe|p2a: Garchomp|[spread] p2a,p2b
|-supereffective|p2a: Garchomp|1
|-damage|p2a: Garchomp|0 fnt
|-damage|p2b: Palafin|34/100
|-unboost|p2b: Palafin|atk|1
|-damage|p1a: Dragonite|76/100|[from] ability: Rough Skin|[of] p2a: Garchomp
|faint|p2a: Garchomp
|move|p1b: Sinistcha|Life Dew|p1b: Sinistcha|[spread] p1a,p1b
|-heal|p1a: Dragonite|100/100
|-heal|p1b: Sinistcha|32/100 psn
|
|-damage|p1b: Sinistcha|19/100 psn|[from] psn
|upkeep
|
|t:|1782353912
|switch|p2a: Incineroar|Incineroar, L50, F|11/100
|-ability|p2a: Incineroar|Intimidate|boost
|-unboost|p1a: Dragonite|atk|1
|-unboost|p1b: Sinistcha|atk|1
|turn|13
|
|t:|1782353926
|move|p1b: Sinistcha|Protect|p1b: Sinistcha
|-singleturn|p1b: Sinistcha|Protect
|move|p2a: Incineroar|Fake Out|p1a: Dragonite
|-crit|p1a: Dragonite
|-damage|p1a: Dragonite|93/100
|move|p2b: Palafin|Wave Crash|p1a: Dragonite
|-resisted|p1a: Dragonite|1
|-damage|p1a: Dragonite|71/100
|-damage|p2b: Palafin|25/100|[from] Recoil
|cant|p1a: Dragonite|flinch
|
|-damage|p1b: Sinistcha|7/100 psn|[from] psn
|upkeep
|turn|14
|
|t:|1782353961
|move|p2b: Palafin|Jet Punch|p1b: Sinistcha
|-resisted|p1b: Sinistcha|1
|-damage|p1b: Sinistcha|0 fnt
|faint|p1b: Sinistcha
|move|p1a: Dragonite|Breaking Swipe|p2b: Palafin|[spread] p2a,p2b
|-damage|p2a: Incineroar|7/100
|-damage|p2b: Palafin|20/100y
|-unboost|p2a: Incineroar|atk|1
|-unboost|p2b: Palafin|atk|1
|move|p2a: Incineroar|Flare Blitz|p1a: Dragonite
|-resisted|p1a: Dragonite|1
|-damage|p1a: Dragonite|59/100
|-damage|p2a: Incineroar|3/100|[from] Recoil
|
|upkeep
|turn|15
|
|t:|1782353987
|move|p2b: Palafin|Wave Crash|p1a: Dragonite
|-resisted|p1a: Dragonite|1
|-damage|p1a: Dragonite|42/100
|-damage|p2b: Palafin|14/100|[from] Recoil
|move|p1a: Dragonite|Breaking Swipe|p2a: Incineroar|[spread] p2a,p2b
|-damage|p2a: Incineroar|0 fnt
|-damage|p2b: Palafin|9/100
|-unboost|p2b: Palafin|atk|1
|faint|p2a: Incineroar
|
|upkeep
|turn|16
|
|t:|1782353999
|move|p1a: Dragonite|Extreme Speed|p2b: Palafin
|-damage|p2b: Palafin|3/100
|move|p2b: Palafin|Wave Crash|p1a: Dragonite
|-resisted|p1a: Dragonite|1
|-damage|p1a: Dragonite|27/100
|-damage|p2b: Palafin|0 fnt|[from] Recoil
|faint|p2b: Palafin
|
|win|ghostfood687
||schmachz is ready for game 2.
|l|☆schmachz
|player|p2|
|inactive|ghostfood687 has 30 seconds to confirm battle start!
|raw|ghostfood687's rating: 1000 → 1040(+40 for winning)
|raw|schmachz's rating: 1000 → 1000(+0 for losing)
