|j|☆Sheevpnew
|j|☆Kyooby
|html|SheevpnewKyooby    
|uhtml|bestof|Game 2 of a best-of-3
|t:|1786018469
|gametype|doubles
|player|p1|Sheevpnew|101|1101
|player|p2|Kyooby|volkner|1054
|gen|9
|tier|[Gen 9 Champions] VGC 2026 Reg M-B (Bo3)
|rated|
|rule|Species Clause: Limit one of each Pokémon
|rule|Item Clause: Limit 1 of each item
|clearpoke
|poke|p1|Staraptor, L50, M|
|poke|p1|Milotic, L50, F|
|poke|p1|Tyranitar, L50, M|
|poke|p1|Gholdengo, L50|
|poke|p1|Excadrill, L50, M|
|poke|p1|Sinistcha, L50|
|poke|p2|Gengar, L50, F|
|poke|p2|Swampert, L50, F|
|poke|p2|Incineroar, L50, M|
|poke|p2|Politoed, L50, F|
|poke|p2|Archaludon, L50, F|
|poke|p2|Vivillon, L50, F|
|teampreview|4
|showteam|p1|Staraptor||Staraptite|Intimidate|BraveBird,CloseCombat,Tailwind,Protect|Jolly||M|||50|]Milotic||SitrusBerry|Competitive|Scald,IceBeam,IcyWind,Recover|Modest||F|||50|]Tyranitar||Tyranitarite|SandStream|RockSlide,KnockOff,LowKick,Protect|Adamant||M|||50|]Gholdengo||LifeOrb|GoodasGold|ShadowBall,MakeItRain,NastyPlot,Protect|Modest|||||50|]Excadrill||FocusSash|SandRush|HighHorsepower,IronHead,RockSlide,Protect|Adamant||M|||50|]Sinistcha||ColburBerry|Hospitality|MatchaGotcha,RagePowder,TrickRoom,Protect|Bold|||||50|
|showteam|p2|Gengar||Gengarite|CursedBody|ShadowBall,PerishSong,SludgeBomb,Protect|Timid||F|||50|]Swampert||Swampertite|Torrent|WaveCrash,Earthquake,IcePunch,Protect|Adamant||F|||50|]Incineroar||PasshoBerry|Intimidate|ThroatChop,PartingShot,FakeOut,Protect|Sassy||M|||50|]Politoed||SitrusBerry|Drizzle|WeatherBall,PerishSong,Encore,Protect|Calm||F|||50|]Archaludon||Leftovers|Stamina|DragonPulse,FlashCannon,ElectroShot,Protect|Bold||F|||50|]Vivillon||FocusSash|CompoundEyes|Hurricane,SleepPowder,RagePowder,Protect|Timid||F|||50|
|inactive|Battle timer is ON: inactive players will automatically lose when time's up. (requested by Kyooby)
|inactive|Kyooby has 60 seconds left.
|
|t:|1786018500
|teamsize|p1|4
|teamsize|p2|4
|start
|switch|p1a: Milotic|Milotic, L50, F|100/100
|switch|p1b: Staraptor|Staraptor, L50, M|100/100
|switch|p2a: Vivillon|Vivillon, L50, F|100/100
|switch|p2b: Swampert|Swampert, L50, F|100/100
|-ability|p1b: Staraptor|Intimidate|boost
|-unboost|p2a: Vivillon|atk|1
|-unboost|p2b: Swampert|atk|1
|turn|1
|inactive|Sheevpnew has 30 seconds left.
|
|t:|1786018530
|detailschange|p1b: Staraptor|Staraptor-Mega, L50, M
|-mega|p1b: Staraptor|Staraptor|Staraptite
|detailschange|p2b: Swampert|Swampert-Mega, L50, F
|-mega|p2b: Swampert|Swampert|Swampertite
|move|p2a: Vivillon|Protect|p2a: Vivillon
|-singleturn|p2a: Vivillon|Protect
|move|p1b: Staraptor|Brave Bird|p2a: Vivillon
|-activate|p2a: Vivillon|move: Protect
|move|p2b: Swampert|Wave Crash|p1b: Staraptor
|-damage|p1b: Staraptor|54/100
|-damage|p2b: Swampert|84/100|[from] Recoil
|move|p1a: Milotic|Icy Wind|p2a: Vivillon|[spread] p2b
|-activate|p2a: Vivillon|move: Protect
|-damage|p2b: Swampert|74/100
|-unboost|p2b: Swampert|spe|1
|
|upkeep
|turn|2
|inactive|Kyooby has 30 seconds left.
|
|t:|1786018563
|switch|p2b: Archaludon|Archaludon, L50, F|100/100
|move|p1b: Staraptor|Protect|p1b: Staraptor
|-singleturn|p1b: Staraptor|Protect
|move|p2a: Vivillon|Sleep Powder|p1a: Milotic
|-status|p1a: Milotic|slp|[from] move: Sleep Powder
|cant|p1a: Milotic|slp
|
|upkeep
|turn|3
|
|t:|1786018585
|switch|p1b: Sinistcha|Sinistcha, L50|100/100
|move|p2a: Vivillon|Sleep Powder|p1b: Sinistcha
|-immune|p1b: Sinistcha
|-curestatus|p1a: Milotic|slp|[msg]
|move|p1a: Milotic|Scald|p2a: Vivillon
|-damage|p2a: Vivillon|36/100
|move|p2b: Archaludon|Electro Shot||[still]
|-prepare|p2b: Archaludon|Electro Shot
|-boost|p2b: Archaludon|spa|1
|
|upkeep
|turn|4
|
|t:|1786018607
|switch|p2a: Politoed|Politoed, L50, F|100/100
|-weather|RainDance|[from] ability: Drizzle|[of] p2a: Politoed
|move|p1b: Sinistcha|Rage Powder|p1b: Sinistcha
|-singleturn|p1b: Sinistcha|move: Rage Powder
|move|p1a: Milotic|Scald|p2a: Politoed
|-resisted|p2a: Politoed|1
|-damage|p2a: Politoed|81/100
|move|p2b: Archaludon|Electro Shot|p1b: Sinistcha|[from] lockedmove
|-resisted|p1b: Sinistcha|1
|-damage|p1b: Sinistcha|74/100
|
|-weather|RainDance|[upkeep]
|upkeep
|turn|5
|inactive|Kyooby has 30 seconds left.
|
|t:|1786018639
|switch|p1a: Tyranitar|Tyranitar, L50, M|100/100
|-weather|Sandstorm|[from] ability: Sand Stream|[of] p1a: Tyranitar
|move|p2b: Archaludon|Electro Shot||[still]
|-prepare|p2b: Archaludon|Electro Shot
|-boost|p2b: Archaludon|spa|1
|move|p2a: Politoed|Encore|p1b: Sinistcha
|-start|p1b: Sinistcha|Encore
|move|p1b: Sinistcha|Rage Powder|p1b: Sinistcha
|-singleturn|p1b: Sinistcha|move: Rage Powder
|
|-weather|Sandstorm|[upkeep]
|-damage|p2a: Politoed|75/100|[from] Sandstorm
|-damage|p1b: Sinistcha|68/100|[from] Sandstorm
|upkeep
|turn|6
|
|t:|1786018658
|switch|p2a: Swampert|Swampert-Mega, L50, F|74/100
|switch|p1b: Staraptor|Staraptor-Mega, L50, M|54/100
|move|p1a: Tyranitar|Knock Off|p2b: Archaludon
|-damage|p2b: Archaludon|66/100
|-ability|p2b: Archaludon|Stamina|boost
|-boost|p2b: Archaludon|def|1
|-enditem|p2b: Archaludon|Leftovers|[from] move: Knock Off|[of] p1a: Tyranitar
|move|p2b: Archaludon|Electro Shot|p1a: Tyranitar|[from] lockedmove
|-damage|p1a: Tyranitar|54/100
|
|-weather|Sandstorm|[upkeep]
|-damage|p1b: Staraptor|48/100|[from] Sandstorm
|upkeep
|turn|7
|inactive|Kyooby has 30 seconds left.
|inactive|Kyooby has 20 seconds left.
|
|t:|1786018697
|switch|p1a: Sinistcha|Sinistcha, L50|68/100
|-heal|p1b: Staraptor|72/100|[from] ability: Hospitality|[of] p1a: Sinistcha
|move|p1b: Staraptor|Protect|p1b: Staraptor
|-singleturn|p1b: Staraptor|Protect
|move|p2a: Swampert|Wave Crash|p1a: Sinistcha
|-resisted|p1a: Sinistcha|1
|-damage|p1a: Sinistcha|34/100
|-damage|p2a: Swampert|63/100|[from] Recoil
|move|p2b: Archaludon|Dragon Pulse|p1b: Staraptor
|-activate|p1b: Staraptor|move: Protect
|
|-weather|Sandstorm|[upkeep]
|-damage|p1b: Staraptor|66/100|[from] Sandstorm
|-damage|p1a: Sinistcha|28/100|[from] Sandstorm
|upkeep
|turn|8
|
|t:|1786018719
|move|p1a: Sinistcha|Rage Powder|p1a: Sinistcha
|-singleturn|p1a: Sinistcha|move: Rage Powder
|move|p1b: Staraptor|Close Combat|p2b: Archaludon
|-supereffective|p2b: Archaludon|1
|-damage|p2b: Archaludon|16/100
|-boost|p1b: Staraptor|def|1
|-boost|p1b: Staraptor|spd|1
|-ability|p2b: Archaludon|Stamina|boost
|-boost|p2b: Archaludon|def|1
|move|p2a: Swampert|Ice Punch|p1a: Sinistcha
|-supereffective|p1a: Sinistcha|1
|-damage|p1a: Sinistcha|0 fnt
|faint|p1a: Sinistcha
|move|p2b: Archaludon|Dragon Pulse|p1b: Staraptor
|-damage|p1b: Staraptor|16/100
|
|-weather|Sandstorm|[upkeep]
|-damage|p1b: Staraptor|10/100|[from] Sandstorm
|upkeep
|
|t:|1786018727
|switch|p1a: Milotic|Milotic, L50, F|100/100
|turn|9
|
|t:|1786018747
|switch|p1a: Tyranitar|Tyranitar, L50, M|54/100
|switch|p2b: Politoed|Politoed, L50, F|75/100
|-weather|RainDance|[from] ability: Drizzle|[of] p2b: Politoed
|move|p2a: Swampert|Wave Crash|p1b: Staraptor
|-damage|p1b: Staraptor|0 fnt
|faint|p1b: Staraptor
|-damage|p2a: Swampert|60/100|[from] Recoil
|
|-weather|RainDance|[upkeep]
|upkeep
|
|t:|1786018761
|switch|p1b: Milotic|Milotic, L50, F|100/100
|turn|10
|-message|Sheevpnew forfeited.
|
|win|Kyooby
