|j|☆bphind722
|j|☆kolten
|html|bphind722kolten    
|uhtml|bestof|Game 1 of a best-of-3
|t:|1785711742
|gametype|doubles
|player|p1|bphind722|169|
|player|p2|kolten|170|
|gen|9
|tier|[Gen 9 Champions] VGC 2026 Reg M-B (Bo3)
|rule|Species Clause: Limit one of each Pokémon
|rule|Item Clause: Limit 1 of each item
|clearpoke
|poke|p1|Charizard, L50, M, shiny|
|poke|p1|Milotic, L50, F, shiny|
|poke|p1|Tinkaton, L50, F|
|poke|p1|Venusaur, L50, F|
|poke|p1|Talonflame, L50, M, shiny|
|poke|p1|Greninja, L50, M|
|poke|p2|Farigiraf, L50, M|
|poke|p2|Torkoal, L50, M|
|poke|p2|Scovillain, L50, F|
|poke|p2|Araquanid, L50, F|
|poke|p2|Dragonite, L50, F|
|poke|p2|Alakazam, L50, F|
|teampreview|4
|showteam|p1|Charizard||CharizarditeY|Blaze|HeatWave,SolarBeam,Protect,Overheat|Modest||M|||50|]Milotic||Leftovers|Competitive|Scald,Recover,Protect,IceBeam|Bold||F|||50|]Tinkaton||OccaBerry|MoldBreaker|FakeOut,KnockOff,GigatonHammer,Encore|Adamant||F|||50|]Venusaur||WideLens|Chlorophyll|SludgeBomb,EarthPower,SleepPowder,Protect|Modest||F|||50|]Talonflame||FocusSash|GaleWings|Tailwind,Taunt,BraveBird,FlareBlitz|Adamant||M|||50|]Greninja||LifeOrb|Torrent|GunkShot,DarkPulse,IceBeam,Taunt|Naughty||M|||50|
|showteam|p2|Farigiraf||SitrusBerry|ArmorTail|ExpandingForce,PsychicTerrain,AllySwitch,TrickRoom|Sassy||M|||50|]Torkoal||Charcoal|Drought|Eruption,AncientPower,HeatWave,SolarBeam|Quiet||M|||50|]Scovillain||Scovillainite|Moody|RagePowder,LeechSeed,Flamethrower,Protect|Calm||F|||50|]Araquanid||MysticWater|WaterBubble|Liquidation,WideGuard,LeechLife,Protect|Adamant||F|||50|]Dragonite||LifeOrb|InnerFocus|ExtremeSpeed,DragonClaw,Protect,AerialAce|Jolly||F|||50|]Alakazam||Alakazite|InnerFocus|ExpandingForce,Protect,DazzlingGleam,Psychic|Modest||F|||50|
|inactive|Battle timer is ON: inactive players will automatically lose when time's up. (requested by bphind722)
|j| NewTrainaOnDaBlock
|inactiveoff|Battle timer is now OFF.
|j| jerry rivera
|
|t:|1785711910
|teamsize|p1|4
|teamsize|p2|4
|start
|switch|p1a: Tinkaton|Tinkaton, L50, F|100/100
|switch|p1b: Greninja|Greninja, L50, M|100/100
|switch|p2a: Farigiraf|Farigiraf, L50, M|100/100
|switch|p2b: Scovillain|Scovillain, L50, F|100/100
|-ability|p1a: Tinkaton|Mold Breaker
|turn|1
|
|t:|1785711933
|detailschange|p2b: Scovillain|Scovillain-Mega, L50, F
|-mega|p2b: Scovillain|Scovillain|Scovillainite
|move|p1a: Tinkaton|Fake Out|p2a: Farigiraf
|-damage|p2a: Farigiraf|88/100
|move|p1b: Greninja|Gunk Shot|p2b: Scovillain
|-supereffective|p2b: Scovillain|1
|-damage|p2b: Scovillain|0 fnt
|-status|p1b: Greninja|brn|[from] ability: Spicy Spray|[of] p2b: Scovillain
|faint|p2b: Scovillain
|-damage|p1b: Greninja|90/100 brn|[from] item: Life Orb
|cant|p2a: Farigiraf|flinch
|
|-damage|p1b: Greninja|84/100 brn|[from] brn
|upkeep
|
|t:|1785711952
|switch|p2b: Alakazam|Alakazam, L50, F|100/100
|turn|2
|
|t:|1785711972
|move|p2a: Farigiraf|Ally Switch|p2a: Farigiraf
|swap|p2a: Farigiraf|1|[from] move: Ally Switch
|move|p2a: Alakazam|Dazzling Gleam|p1a: Tinkaton|[spread] p1a,p1b
|-resisted|p1a: Tinkaton|1
|-supereffective|p1b: Greninja|1
|-damage|p1a: Tinkaton|90/100
|-damage|p1b: Greninja|1/100 brn
|move|p1b: Greninja|Dark Pulse|p2a: Alakazam
|-supereffective|p2a: Alakazam|1
|-damage|p2a: Alakazam|0 fnt
|faint|p2a: Alakazam
|-damage|p1b: Greninja|0 fnt|[from] item: Life Orb
|faint|p1b: Greninja
|move|p1a: Tinkaton|Knock Off|p2b: Farigiraf
|-supereffective|p2b: Farigiraf|1
|-damage|p2b: Farigiraf|32/100
|-enditem|p2b: Farigiraf|Sitrus Berry|[from] move: Knock Off|[of] p1a: Tinkaton
|
|upkeep
|
|t:|1785711998
|switch|p2a: Araquanid|Araquanid, L50, F|100/100
|switch|p1b: Charizard|Charizard, L50, M, shiny|100/100
|turn|3
|
|t:|1785712015
|detailschange|p1b: Charizard|Charizard-Mega-Y, L50, M, shiny
|-mega|p1b: Charizard|Charizard|Charizardite Y
|-weather|SunnyDay|[from] ability: Drought|[of] p1b: Charizard
|move|p2a: Araquanid|Wide Guard|p2a: Araquanid
|-singleturn|p2a: Araquanid|Wide Guard
|move|p1b: Charizard|Heat Wave|p2a: Araquanid|[spread] 
|-activate|p2a: Araquanid|move: Wide Guard
|-activate|p2b: Farigiraf|move: Wide Guard
|move|p1a: Tinkaton|Knock Off|p2b: Farigiraf
|-supereffective|p2b: Farigiraf|1
|-damage|p2b: Farigiraf|0 fnt
|faint|p2b: Farigiraf
|
|-weather|SunnyDay|[upkeep]
|upkeep
|turn|4
|
|t:|1785712033
|move|p1b: Charizard|Solar Beam||[still]
|-prepare|p1b: Charizard|Solar Beam
|-anim|p1b: Charizard|Solar Beam|p2a: Araquanid
|-damage|p2a: Araquanid|59/100
|move|p1a: Tinkaton|Knock Off|p2a: Araquanid
|-damage|p2a: Araquanid|33/100
|-enditem|p2a: Araquanid|Mystic Water|[from] move: Knock Off|[of] p1a: Tinkaton
|move|p2a: Araquanid|Liquidation|p1b: Charizard
|-supereffective|p1b: Charizard|1
|-damage|p1b: Charizard|9/100
|
|-weather|SunnyDay|[upkeep]
|upkeep
|turn|5
|
|t:|1785712050
|move|p1b: Charizard|Solar Beam||[still]
|-prepare|p1b: Charizard|Solar Beam
|-anim|p1b: Charizard|Solar Beam|p2a: Araquanid
|-damage|p2a: Araquanid|0 fnt
|faint|p2a: Araquanid
|
|win|bphind722
||bphind722 is ready for game 2.
|inactive|kolten has 30 seconds to confirm battle start!
|inactive|kolten has 20 seconds to confirm battle start!
