|j|☆Needels
|j|☆KarmaPoliceVGC
|html|NeedelsKarmaPoliceVGC    
|uhtml|bestof|Game 1 of a best-of-3
|t:|1756951674
|gametype|doubles
|player|p1|Needels|eusine|1138
|player|p2|KarmaPoliceVGC|scientist-gen4|1184
|gen|9
|tier|[Gen 9] VGC 2025 Reg H (Bo3)
|rated|
|rule|Species Clause: Limit one of each Pokémon
|rule|Item Clause: Limit 1 of each item
|clearpoke
|poke|p1|Ursaluna, L50, F|
|poke|p1|Jumpluff, L50, M|
|poke|p1|Charizard, L50, F|
|poke|p1|Torkoal, L50, F|
|poke|p1|Incineroar, L50, F|
|poke|p1|Porygon2, L50|
|poke|p2|Milotic, L50, F|
|poke|p2|Garchomp, L50, F|
|poke|p2|Sinistcha, L50|
|poke|p2|Murkrow, L50, F|
|poke|p2|Pawmot, L50, F|
|poke|p2|Ninetales-Alola, L50, M|
|teampreview|4
|showteam|p1|Ursaluna||FlameOrb|Guts|HeadlongRush,Facade,Earthquake,Protect|||F|||50|,,,,,Ghost]Jumpluff||CovertCloak|Chlorophyll|SleepPowder,SunnyDay,Tailwind,RagePowder|||M|||50|,,,,,Fire]Charizard||ChoiceSpecs|SolarPower|DragonPulse,HeatWave,Overheat,WeatherBall|||F|||50|,,,,,Ghost]Torkoal||EjectPack|Drought|HelpingHand,Eruption,Overheat,Protect|||F|||50|,,,,,Fire]Incineroar||SitrusBerry|Intimidate|FakeOut,FlareBlitz,KnockOff,PartingShot|||F|||50|,,,,,Ghost]Porygon2||Eviolite|Download|TeraBlast,IceBeam,Recover,TrickRoom||||||50|,,,,,Fighting
|showteam|p2|Milotic||AssaultVest|Competitive|FlipTurn,MuddyWater,Scald,IceBeam|||F|||50|,,,,,Grass]Garchomp||LifeOrb|RoughSkin|Protect,StompingTantrum,DragonClaw,Earthquake|||F|||50|,,,,,Ground]Sinistcha||SitrusBerry|Hospitality|Protect,RagePowder,LifeDew,MatchaGotcha||||||50|,,,,,Water]Murkrow||Eviolite|Prankster|Protect,Tailwind,Quash,FoulPlay|||F|||50|,,,,,Ghost]Pawmot||FocusSash|VoltAbsorb|Protect,FakeOut,CloseCombat,DoubleShock|||F|||50|,,,,,Electric]Ninetales-Alola||ChoiceSpecs|SnowWarning|IcyWind,Blizzard,FreezeDry,Moonblast|||M|||50|,,,,,Ice
|j| teamthief420
|l| teamthief420
|
|t:|1756951727
|teamsize|p1|4
|teamsize|p2|4
|start
|switch|p1a: Charizard|Charizard, L50, F, shiny|100/100
|switch|p1b: Porygon2|Porygon2, L50, shiny|100/100
|switch|p2a: Murkrow|Murkrow, L50, F|100/100
|switch|p2b: Milotic|Milotic, L50, F|100/100
|-ability|p1b: Porygon2|Download|boost
|-boost|p1b: Porygon2|atk|1
|turn|1
|
|t:|1756951757
|switch|p1a: Ursaluna|Ursaluna, L50, F|100/100
|move|p2a: Murkrow|Foul Play|p1a: Ursaluna
|-crit|p1a: Ursaluna
|-damage|p1a: Ursaluna|40/100
|move|p2b: Milotic|Scald|p1a: Ursaluna
|-supereffective|p1a: Ursaluna
|-damage|p1a: Ursaluna|0 fnt
|faint|p1a: Ursaluna
|move|p1b: Porygon2|Trick Room|p1b: Porygon2
|-fieldstart|move: Trick Room|[of] p1b: Porygon2
|
|upkeep
|
|t:|1756951765
|switch|p1a: Torkoal|Torkoal, L50, F|100/100
|-weather|SunnyDay|[from] ability: Drought|[of] p1a: Torkoal
|turn|2
|
|t:|1756951777
|-terastallize|p1a: Torkoal|Fire
|move|p2a: Murkrow|Quash|p1a: Torkoal
|-activate|p1a: Torkoal|move: Quash
|move|p1b: Porygon2|Tera Blast|p2b: Milotic
|-damage|p2b: Milotic|81/100
|move|p2b: Milotic|Scald|p1a: Torkoal
|-supereffective|p1a: Torkoal
|-damage|p1a: Torkoal|50/100
|move|p1a: Torkoal|Eruption|p2a: Murkrow|[spread] p2a,p2b
|-resisted|p2b: Milotic
|-damage|p2a: Murkrow|48/100
|-damage|p2b: Milotic|67/100
|
|-weather|SunnyDay|[upkeep]
|upkeep
|turn|3
|
|t:|1756951811
|move|p1a: Torkoal|Protect|p1a: Torkoal
|-singleturn|p1a: Torkoal|Protect
|move|p2a: Murkrow|Quash|p1a: Torkoal
|-activate|p1a: Torkoal|move: Protect
|move|p1b: Porygon2|Ice Beam|p2a: Murkrow
|-supereffective|p2a: Murkrow
|-damage|p2a: Murkrow|0 fnt
|faint|p2a: Murkrow
|move|p2b: Milotic|Muddy Water|p1b: Porygon2|[spread] 
|-activate|p1a: Torkoal|move: Protect
|-miss|p2b: Milotic|p1b: Porygon2
|
|-weather|SunnyDay|[upkeep]
|upkeep
|
|t:|1756951824
|switch|p2a: Ninetales|Ninetales-Alola, L50, M|100/100
|-weather|Snowscape|[from] ability: Snow Warning|[of] p2a: Ninetales
|turn|4
|
|t:|1756951849
|move|p1a: Torkoal|Overheat|p2a: Ninetales
|-supereffective|p2a: Ninetales
|-damage|p2a: Ninetales|0 fnt
|-unboost|p1a: Torkoal|spa|2
|faint|p2a: Ninetales
|-enditem|p1a: Torkoal|Eject Pack
|
|t:|1756951854
|switch|p1a: Charizard|Charizard, L50, F, shiny|100/100
|move|p1b: Porygon2|Tera Blast|p2b: Milotic
|-damage|p2b: Milotic|50/100
|move|p2b: Milotic|Scald|p1a: Charizard
|-supereffective|p1a: Charizard
|-damage|p1a: Charizard|9/100
|
|-weather|Snowscape|[upkeep]
|upkeep
|
|t:|1756951864
|switch|p2a: Garchomp|Garchomp, L50, F|100/100
|turn|5
|
|t:|1756951884
|switch|p1a: Torkoal|Torkoal, L50, F, tera:Fire|50/100
|-weather|SunnyDay|[from] ability: Drought|[of] p1a: Torkoal
|-terastallize|p2a: Garchomp|Ground
|move|p1b: Porygon2|Tera Blast|p2b: Milotic
|-damage|p2b: Milotic|30/100
|move|p2b: Milotic|Muddy Water|p1a: Torkoal|[spread] p1a
|-miss|p2b: Milotic|p1b: Porygon2
|-supereffective|p1a: Torkoal
|-damage|p1a: Torkoal|9/100
|move|p2a: Garchomp|Stomping Tantrum|p1b: Porygon2
|-damage|p1b: Porygon2|58/100
|-damage|p2a: Garchomp|91/100|[from] item: Life Orb
|
|-weather|SunnyDay|[upkeep]
|-fieldend|move: Trick Room
|upkeep
|turn|6
|
|t:|1756951912
|move|p1a: Torkoal|Helping Hand|p1b: Porygon2
|-singleturn|p1b: Porygon2|Helping Hand|[of] p1a: Torkoal
|move|p2a: Garchomp|Stomping Tantrum|p1b: Porygon2
|-damage|p1b: Porygon2|12/100
|-damage|p2a: Garchomp|81/100|[from] item: Life Orb
|move|p2b: Milotic|Ice Beam|p1b: Porygon2
|-damage|p1b: Porygon2|0 fnt
|faint|p1b: Porygon2
|
|-weather|SunnyDay|[upkeep]
|upkeep
|
|t:|1756951922
|switch|p1b: Charizard|Charizard, L50, F, shiny|9/100
|turn|7
|
|t:|1756951933
|move|p1a: Torkoal|Helping Hand|p1b: Charizard
|-singleturn|p1b: Charizard|Helping Hand|[of] p1a: Torkoal
|move|p2a: Garchomp|Dragon Claw|p1b: Charizard
|-damage|p1b: Charizard|0 fnt
|faint|p1b: Charizard
|-damage|p2a: Garchomp|71/100|[from] item: Life Orb
|move|p2b: Milotic|Muddy Water|p1a: Torkoal
|-supereffective|p1a: Torkoal
|-damage|p1a: Torkoal|0 fnt
|faint|p1a: Torkoal
|
|win|KarmaPoliceVGC
||KarmaPoliceVGC is ready for game 2.
|inactive|Needels has 30 seconds to confirm battle start!
