|j|☆iron labubu
|j|☆uglybeast
|html|iron labubuuglybeast    
|uhtml|bestof|Game 1 of a best-of-3
|t:|1756150727
|gametype|doubles
|player|p1|iron labubu|grimsley-masters|1140
|player|p2|uglybeast|lucas|1210
|gen|9
|tier|[Gen 9] VGC 2025 Reg H (Bo3)
|rated|
|rule|Species Clause: Limit one of each Pokémon
|rule|Item Clause: Limit 1 of each item
|clearpoke
|poke|p1|Dragapult, L50, M|
|poke|p1|Primarina, L50, M|
|poke|p1|Sneasler, L50, F|
|poke|p1|Indeedee, L50, M|
|poke|p1|Ursaluna-Bloodmoon, L50, M|
|poke|p1|Volcarona, L50, M|
|poke|p2|Murkrow, L50, F|
|poke|p2|Ursaluna-Bloodmoon, L50, M|
|poke|p2|Sneasler, L50, F|
|poke|p2|Dragapult, L50, F|
|poke|p2|Armarouge, L50, F|
|poke|p2|Indeedee-F, L50, F|
|teampreview|4
|showteam|p1|Dragapult||ChoiceBand|ClearBody|DragonDarts,Uturn,PhantomForce,TeraBlast|||M|||50|,,,,,Ghost]Primarina||ThroatSpray|LiquidVoice|HyperVoice,Moonblast,Haze,Protect|||M|||50|,,,,,Grass]Sneasler||PsychicSeed|Unburden|CloseCombat,DireClaw,Protect,ThroatChop|||F|||50|,,,,,Dark]Indeedee||FocusSash|PsychicSurge|ExpandingForce,TrickRoom,TeraBlast,Imprison|||M|||50|,,,,,Fairy]Ursaluna-Bloodmoon||AssaultVest|MindsEye|EarthPower,BloodMoon,HyperVoice,VacuumWave|||M|||50|,,,,,Normal]Volcarona||ChoiceSpecs|FlameBody|HeatWave,Overheat,GigaDrain,BugBuzz|||M|||50|,,,,,Grass
|showteam|p2|Murkrow||Eviolite|Prankster|Haze,SunnyDay,Tailwind,BraveBird|||F|||50|,,,,,Ghost]Ursaluna-Bloodmoon||LifeOrb|MindsEye|BloodMoon,HyperVoice,Protect,EarthPower|||M|||50|,,,,,Normal]Sneasler||PsychicSeed|Unburden|ThroatChop,DireClaw,CloseCombat,Protect|||F|||50|,,,,,Dark]Dragapult||ChoiceBand|ClearBody|DragonDarts,Outrage,Uturn,PhantomForce|||F|||50|,,,,,Dragon]Armarouge||PowerHerb|FlashFire|HeatWave,MeteorBeam,ExpandingForce,Protect|||F|||50|,,,,,Grass]Indeedee-F||RockyHelmet|PsychicSurge|DazzlingGleam,FollowMe,HelpingHand,TrickRoom|||F|||50|,,,,,Grass
|inactive|Battle timer is ON: inactive players will automatically lose when time's up. (requested by iron labubu)
|inactive|iron labubu has 60 seconds left.
|inactive|uglybeast has 60 seconds left.
|inactive|uglybeast has 30 seconds left.
|inactive|uglybeast has 20 seconds left.
|inactive|uglybeast has 15 seconds left.
|
|t:|1756150805
|teamsize|p1|4
|teamsize|p2|4
|start
|switch|p1a: Indeedee|Indeedee, L50, M|100/100
|switch|p1b: Volcarona|Volcarona, L50, M|100/100
|switch|p2a: Kwstas|Murkrow, L50, F|100/100
|switch|p2b: Giandam|Armarouge, L50, F|100/100
|-fieldstart|move: Psychic Terrain|[from] ability: Psychic Surge|[of] p1a: Indeedee
|turn|1
|inactive|uglybeast has 30 seconds left.
|inactive|uglybeast has 20 seconds left.
|inactive|uglybeast has 15 seconds left.
|
|t:|1756150847
|-terastallize|p1b: Volcarona|Grass
|move|p2b: Giandam|Protect|p2b: Giandam
|-singleturn|p2b: Giandam|Protect
|move|p1b: Volcarona|Bug Buzz|p2a: Kwstas
|-damage|p2a: Kwstas|14/100
|move|p2a: Kwstas|Brave Bird|p1a: Indeedee
|-damage|p1a: Indeedee|14/100
|-damage|p2a: Kwstas|0 fnt|[from] Recoil
|faint|p2a: Kwstas
|move|p1a: Indeedee|Trick Room|p1a: Indeedee
|-fieldstart|move: Trick Room|[of] p1a: Indeedee
|
|upkeep
|
|t:|1756150862
|switch|p2a: Blade|Indeedee-F, L50, F|100/100
|turn|2
|
|t:|1756150875
|move|p2a: Blade|Helping Hand|p2b: Giandam
|-singleturn|p2b: Giandam|Helping Hand|[of] p2a: Blade
|move|p2b: Giandam|Heat Wave|p1b: Volcarona|[spread] p1a
|-miss|p2b: Giandam|p1b: Volcarona
|-damage|p1a: Indeedee|0 fnt
|faint|p1a: Indeedee
|move|p1b: Volcarona|Bug Buzz|p2a: Blade
|-supereffective|p2a: Blade
|-damage|p2a: Blade|0 fnt
|faint|p2a: Blade
|
|upkeep
|
|t:|1756150884
|switch|p2a: Anagnoman|Sneasler, L50, F|100/100
|switch|p1a: Dragapult|Dragapult, L50, M|100/100
|-enditem|p2a: Anagnoman|Psychic Seed
|-boost|p2a: Anagnoman|spd|1|[from] item: Psychic Seed
|turn|3
|
|t:|1756150898
|-terastallize|p2a: Anagnoman|Dark
|move|p2b: Giandam|Heat Wave|p1a: Dragapult|[spread] p1a,p1b
|-resisted|p1a: Dragapult
|-supereffective|p1b: Volcarona
|-damage|p1a: Dragapult|78/100
|-damage|p1b: Volcarona|21/100
|move|p1b: Volcarona|Bug Buzz|p2b: Giandam
|-damage|p2b: Giandam|7/100
|move|p1a: Dragapult|Phantom Force||[still]
|-prepare|p1a: Dragapult|Phantom Force
|move|p2a: Anagnoman|Throat Chop|p1a: Dragapult|[miss]
|-miss|p2a: Anagnoman|p1a: Dragapult
|
|upkeep
|turn|4
|
|t:|1756150921
|switch|p1b: Sneasler|Sneasler, L50, F|100/100
|-enditem|p1b: Sneasler|Psychic Seed
|-boost|p1b: Sneasler|spd|1|[from] item: Psychic Seed
|move|p2b: Giandam|Expanding Force|p1b: Sneasler|[spread] p1b
|-miss|p2b: Giandam|p1a: Dragapult
|-supereffective|p1b: Sneasler
|-damage|p1b: Sneasler|0 fnt
|faint|p1b: Sneasler
|move|p1a: Dragapult|Phantom Force|p2b: Giandam|[from] lockedmove
|-supereffective|p2b: Giandam
|-damage|p2b: Giandam|0 fnt
|faint|p2b: Giandam
|move|p2a: Anagnoman|Throat Chop|p1a: Dragapult
|-supereffective|p1a: Dragapult
|-damage|p1a: Dragapult|0 fnt
|faint|p1a: Dragapult
|
|upkeep
|
|t:|1756150932
|switch|p1b: Volcarona|Volcarona, L50, M, tera:Grass|21/100
|turn|5
|
|t:|1756150936
|move|p2a: Anagnoman|Protect|p2a: Anagnoman
|-singleturn|p2a: Anagnoman|Protect
|move|p1b: Volcarona|Bug Buzz|p2a: Anagnoman
|-activate|p2a: Anagnoman|move: Protect
|
|-fieldend|move: Trick Room
|-fieldend|move: Psychic Terrain
|upkeep
|turn|6
|-message|iron labubu forfeited.
|
|win|uglybeast
|l|☆iron labubu
|player|p1|
||iron labubu is ready for game 2.
||uglybeast is ready for game 2.
|uhtml|next|Next: Game 2 of 3
|j| 13XH
|l| 13XH
