|j|☆SpeedRacerRex999
|j|☆eklyst
|html|SpeedRacerRex999eklyst    
|uhtml|bestof|Game 1 of a best-of-3
|t:|1782347676
|gametype|doubles
|player|p1|SpeedRacerRex999|1|1090
|player|p2|eklyst|pokemaniac|1096
|gen|9
|tier|[Gen 9 Champions] VGC 2026 Reg M-B (Bo3)
|rated|
|rule|Species Clause: Limit one of each Pokémon
|rule|Item Clause: Limit 1 of each item
|clearpoke
|poke|p1|Aerodactyl, L50, M|
|poke|p1|Tyranitar, L50, F|
|poke|p1|Glimmora, L50, F|
|poke|p1|Archaludon, L50, F|
|poke|p1|Sinistcha-Masterpiece, L50|
|poke|p1|Pelipper, L50, M|
|poke|p2|Metagross, L50|
|poke|p2|Annihilape, L50, M|
|poke|p2|Garchomp, L50, M|
|poke|p2|Whimsicott, L50, M|
|poke|p2|Arcanine-Hisui, L50, M|
|poke|p2|Kingambit, L50, F|
|teampreview|4
|showteam|p1|Aerodactyl||SharpBeak|Unnerve|DualWingbeat,RockSlide,Tailwind,Protect|Jolly||M|||50|]Tyranitar||Tyranitarite|SandStream|HelpingHand,Earthquake,RockSlide,IcePunch|Adamant||F|||50|]Glimmora||PoisonBarb|ToxicDebris|SludgeWave,DazzlingGleam,EnergyBall,Protect|Timid||F|||50|]Archaludon||ChoiceScarf|Sturdy|ElectroShot,DracoMeteor,SteelBeam,SolarBeam|Timid||F|||50|]Sinistcha-Masterpiece||LifeOrb|Hospitality|MatchaGotcha,ShadowBall,RagePowder,StrengthSap|Timid|||||50|]Pelipper||FocusSash|Drizzle|Tailwind,Hurricane,WeatherBall,WideGuard|Modest||M|||50|
|showteam|p2|Metagross||Metagrossite|ClearBody|BulletPunch,PsychicFangs,MeteorMash,Protect|Adamant|||||50|]Annihilape||Leftovers|Defiant|RageFist,DrainPunch,BulkUp,Protect|Adamant||M|||50|]Garchomp||LifeOrb|RoughSkin|RockSlide,StompingTantrum,DragonClaw,Protect|Jolly||M|||50|]Whimsicott||FocusSash|Prankster|Moonblast,Tailwind,Encore,BeatUp|Timid||M|||50|]Arcanine-Hisui||ChoiceScarf|RockHead|HeadSmash,FlareBlitz,RockSlide,ExtremeSpeed|Adamant||M|||50|]Kingambit||BlackGlasses|Defiant|KowtowCleave,IronHead,SuckerPunch,Protect|Brave||F|||50|
|inactive|Battle timer is ON: inactive players will automatically lose when time's up. (requested by eklyst)
|inactive|SpeedRacerRex999 also wants the timer to be on.
|inactive|eklyst has 60 seconds left.
|inactive|eklyst has 30 seconds left.
|
|t:|1782347740
|teamsize|p1|4
|teamsize|p2|4
|start
|switch|p1a: Aerodactyl|Aerodactyl, L50, M|100/100
|switch|p1b: Tyranitar|Tyranitar, L50, F|100/100
|switch|p2a: Kingambit|Kingambit, L50, F|100/100
|switch|p2b: Metagross|Metagross, L50|100/100
|-ability|p1a: Aerodactyl|Unnerve
|-weather|Sandstorm|[from] ability: Sand Stream|[of] p1b: Tyranitar
|turn|1
|
|t:|1782347753
|detailschange|p2b: Metagross|Metagross-Mega, L50
|-mega|p2b: Metagross|Metagross|Metagrossite
|detailschange|p1b: Tyranitar|Tyranitar-Mega, L50, F
|-mega|p1b: Tyranitar|Tyranitar|Tyranitarite
|move|p2b: Metagross|Bullet Punch|p1a: Aerodactyl
|-supereffective|p1a: Aerodactyl|1
|-damage|p1a: Aerodactyl|3/100
|move|p1a: Aerodactyl|Tailwind|p1a: Aerodactyl
|-sidestart|p1: SpeedRacerRex999|move: Tailwind
|move|p1b: Tyranitar|Earthquake|p2a: Kingambit|[spread] p2a,p2b
|-immune|p1a: Aerodactyl
|-supereffective|p2a: Kingambit|1
|-supereffective|p2b: Metagross|1
|-damage|p2a: Kingambit|47/100
|-damage|p2b: Metagross|49/100
|move|p2a: Kingambit|Iron Head|p1b: Tyranitar
|-supereffective|p1b: Tyranitar|1
|-damage|p1b: Tyranitar|41/100
|
|-weather|Sandstorm|[upkeep]
|upkeep
|turn|2
|
|t:|1782347777
|move|p1a: Aerodactyl|Protect|p1a: Aerodactyl
|-singleturn|p1a: Aerodactyl|Protect
|move|p2a: Kingambit|Sucker Punch||[still]
|-fail|p2a: Kingambit
|move|p1b: Tyranitar|Earthquake|p2b: Metagross|[spread] p2a,p2b
|-activate|p1a: Aerodactyl|move: Protect
|-supereffective|p2a: Kingambit|1
|-supereffective|p2b: Metagross|1
|-damage|p2a: Kingambit|1/100
|-damage|p2b: Metagross|0 fnt
|faint|p2b: Metagross
|
|-weather|Sandstorm|[upkeep]
|upkeep
|
|t:|1782347787
|switch|p2b: Garchomp|Garchomp, L50, M|100/100
|turn|3
|
|t:|1782347802
|move|p2a: Kingambit|Sucker Punch|p1a: Aerodactyl
|-damage|p1a: Aerodactyl|0 fnt
|faint|p1a: Aerodactyl
|move|p1b: Tyranitar|Ice Punch|p2b: Garchomp
|-supereffective|p2b: Garchomp|2
|-damage|p2b: Garchomp|0 fnt
|-damage|p1b: Tyranitar|28/100|[from] ability: Rough Skin|[of] p2b: Garchomp
|faint|p2b: Garchomp
|
|-weather|Sandstorm|[upkeep]
|upkeep
|
|t:|1782347816
|switch|p1a: Sinistcha|Sinistcha-Masterpiece, L50|100/100
|switch|p2b: Annihilape|Annihilape, L50, M|100/100
|-heal|p1b: Tyranitar|53/100|[from] ability: Hospitality|[of] p1a: Sinistcha
|turn|4
|inactive|SpeedRacerRex999 has 30 seconds left.
|
|t:|1782347845
|move|p2a: Kingambit|Protect|p2a: Kingambit
|-singleturn|p2a: Kingambit|Protect
|move|p1a: Sinistcha|Matcha Gotcha|p2b: Annihilape|[spread] 
|-activate|p2a: Kingambit|move: Protect
|-miss|p1a: Sinistcha|p2b: Annihilape
|move|p1b: Tyranitar|Earthquake|p2a: Kingambit|[spread] p1a,p2b
|-activate|p2a: Kingambit|move: Protect
|-resisted|p1a: Sinistcha|1
|-damage|p1a: Sinistcha|81/100
|-damage|p2b: Annihilape|69/100
|move|p2b: Annihilape|Drain Punch|p1b: Tyranitar
|-supereffective|p1b: Tyranitar|2
|-damage|p1b: Tyranitar|0 fnt
|-heal|p2b: Annihilape|96/100|[from] drain|[of] p1b: Tyranitar
|faint|p1b: Tyranitar
|
|-weather|Sandstorm|[upkeep]
|-damage|p1a: Sinistcha|75/100|[from] Sandstorm
|-damage|p2b: Annihilape|90/100|[from] Sandstorm
|-heal|p2b: Annihilape|96/100|[from] item: Leftovers
|-sideend|p1: SpeedRacerRex999|move: Tailwind
|upkeep
|
|t:|1782347863
|switch|p1b: Archaludon|Archaludon, L50, F|100/100
|turn|5
|inactive|SpeedRacerRex999 has 30 seconds left.
|
|t:|1782347889
|move|p2a: Kingambit|Sucker Punch|p1a: Sinistcha
|-supereffective|p1a: Sinistcha|1
|-damage|p1a: Sinistcha|0 fnt
|faint|p1a: Sinistcha
|move|p1b: Archaludon|Draco Meteor|p2b: Annihilape
|-damage|p2b: Annihilape|36/100
|-unboost|p1b: Archaludon|spa|2
|move|p2b: Annihilape|Bulk Up|p2b: Annihilape
|-boost|p2b: Annihilape|atk|1
|-boost|p2b: Annihilape|def|1
|
|-weather|none
|-heal|p2b: Annihilape|42/100|[from] item: Leftovers
|upkeep
|turn|6
|
|t:|1782347909
|move|p1b: Archaludon|Draco Meteor|p2b: Annihilape
|-damage|p2b: Annihilape|8/100
|-unboost|p1b: Archaludon|spa|2
|move|p2b: Annihilape|Drain Punch|p1b: Archaludon
|-supereffective|p1b: Archaludon|1
|-ability|p1b: Archaludon|Sturdy
|-damage|p1b: Archaludon|1/100
|-heal|p2b: Annihilape|49/100|[from] drain|[of] p1b: Archaludon
|move|p2a: Kingambit|Kowtow Cleave|p1b: Archaludon
|-damage|p1b: Archaludon|0 fnt
|faint|p1b: Archaludon
|
|win|eklyst
||SpeedRacerRex999 is ready for game 2.
|inactive|eklyst has 30 seconds to confirm battle start!
||eklyst is ready for game 2.
|uhtml|next|Next: Game 2 of 3
