|j|☆gallegutsito
|j|☆spodermees
|html|gallegutsitospodermees    
|uhtml|bestof|Game 2 of a best-of-3
|t:|1785079338
|gametype|doubles
|player|p1|gallegutsito|102|1367
|player|p2|spodermees|sailor|1369
|gen|9
|tier|[Gen 9 Champions] VGC 2026 Reg M-B (Bo3)
|rated|
|rule|Species Clause: Limit one of each Pokémon
|rule|Item Clause: Limit 1 of each item
|clearpoke
|poke|p1|Staraptor, L50, F|
|poke|p1|Delphox, L50, F|
|poke|p1|Whimsicott, L50, F|
|poke|p1|Kingambit, L50, F|
|poke|p1|Glimmora, L50, M|
|poke|p1|Garchomp, L50, M|
|poke|p2|Charizard, L50, F|
|poke|p2|Staraptor, L50, F|
|poke|p2|Whimsicott, L50, M|
|poke|p2|Basculegion, L50, M|
|poke|p2|Garchomp, L50, F|
|poke|p2|Incineroar, L50, F|
|teampreview|4
|showteam|p1|Staraptor||Staraptite|Intimidate|CloseCombat,DualWingbeat,Roost,Protect|Jolly||F|||50|]Delphox||Delphoxite|Blaze|HeatWave,Psychic,Encore,Protect|Timid||F|||50|]Whimsicott||OccaBerry|Prankster|Tailwind,Moonblast,Charm,LightScreen|Timid||F|||50|]Kingambit||ChopleBerry|Defiant|KowtowCleave,IronHead,LowKick,SuckerPunch|Adamant||F|||50|]Glimmora||FocusSash|ToxicDebris|EarthPower,PowerGem,SludgeBomb,SpikyShield|Modest||M|||50|]Garchomp||ChoiceScarf|RoughSkin|Earthquake,DragonClaw,RockSlide,StompingTantrum|Adamant||M|||50|
|showteam|p2|Charizard||CharizarditeY|Blaze|HeatWave,WeatherBall,SolarBeam,Protect|Modest||F|||50|]Staraptor||Staraptite|Intimidate|CloseCombat,BraveBird,Roost,Protect|Jolly||F|||50|]Whimsicott||FocusSash|Prankster|Moonblast,Tickle,Tailwind,Encore|Timid||M|||50|]Basculegion||MysticWater|Adaptability|WaveCrash,LastRespects,AquaJet,Protect|Jolly||M|||50|]Garchomp||LifeOrb|RoughSkin|Protect,Earthquake,RockSlide,DragonClaw|Jolly||F|||50|]Incineroar||SitrusBerry|Intimidate|FakeOut,FlareBlitz,DarkestLariat,PartingShot|Careful||F|||50|
|inactive|Battle timer is ON: inactive players will automatically lose when time's up. (requested by spodermees)
|inactive|gallegutsito has 60 seconds left.
|inactive|spodermees has 60 seconds left.
|
|t:|1785079384
|teamsize|p1|4
|teamsize|p2|4
|start
|switch|p1a: Delphox|Delphox, L50, F|100/100
|switch|p1b: Garchomp|Garchomp, L50, M|100/100
|switch|p2a: Basculegion|Basculegion, L50, M|100/100
|switch|p2b: Whimsicott|Whimsicott, L50, M|100/100
|turn|1
|inactive|gallegutsito has 30 seconds left.
|
|t:|1785079415
|detailschange|p1a: Delphox|Delphox-Mega, L50, F
|-mega|p1a: Delphox|Delphox|Delphoxite
|move|p2b: Whimsicott|Tickle|p1b: Garchomp
|-unboost|p1b: Garchomp|atk|1
|-unboost|p1b: Garchomp|def|1
|move|p1b: Garchomp|Earthquake|p2b: Whimsicott|[spread] p2a,p2b
|-immune|p1a: Delphox|[from] ability: Levitate
|-resisted|p2b: Whimsicott|1
|-damage|p2a: Basculegion|63/100
|-damage|p2b: Whimsicott|85/100
|move|p1a: Delphox|Heat Wave|p2a: Basculegion|[spread] p2b
|-miss|p1a: Delphox|p2a: Basculegion
|-supereffective|p2b: Whimsicott|1
|-damage|p2b: Whimsicott|0 fnt
|faint|p2b: Whimsicott
|move|p2a: Basculegion|Wave Crash|p1b: Garchomp
|-damage|p1b: Garchomp|0 fnt
|-damage|p2a: Basculegion|51/100|[from] ability: Rough Skin|[of] p1b: Garchomp
|faint|p1b: Garchomp
|-damage|p2a: Basculegion|18/100|[from] Recoil
|
|upkeep
|inactive|gallegutsito has 30 seconds left.
|
|t:|1785079440
|switch|p2b: Charizard|Charizard, L50, F|100/100
|switch|p1b: Kingambit|Kingambit, L50, F|100/100
|turn|2
|inactive|gallegutsito has 30 seconds left.
|
|t:|1785079473
|detailschange|p2b: Charizard|Charizard-Mega-Y, L50, F
|-mega|p2b: Charizard|Charizard|Charizardite Y
|-weather|SunnyDay|[from] ability: Drought|[of] p2b: Charizard
|move|p2a: Basculegion|Protect|p2a: Basculegion
|-singleturn|p2a: Basculegion|Protect
|move|p1b: Kingambit|Sucker Punch|p2b: Charizard
|-damage|p2b: Charizard|43/100
|move|p1a: Delphox|Heat Wave|p2b: Charizard|[spread] p2b
|-activate|p2a: Basculegion|move: Protect
|-resisted|p2b: Charizard|1
|-damage|p2b: Charizard|12/100
|move|p2b: Charizard|Weather Ball|p1b: Kingambit
|-supereffective|p1b: Kingambit|1
|-damage|p1b: Kingambit|0 fnt
|faint|p1b: Kingambit
|
|-weather|SunnyDay|[upkeep]
|upkeep
|
|t:|1785079484
|switch|p1b: Glimmora|Glimmora, L50, M|100/100
|turn|3
|inactive|gallegutsito has 30 seconds left.
|inactive|spodermees has 30 seconds left.
|
|t:|1785079516
|move|p2a: Basculegion|Aqua Jet|p1a: Delphox
|-supereffective|p1a: Delphox|1
|-damage|p1a: Delphox|57/100
|move|p1a: Delphox|Heat Wave|p2b: Charizard|[spread] p2a,p2b
|-resisted|p2a: Basculegion|1
|-resisted|p2b: Charizard|1
|-damage|p2a: Basculegion|0 fnt
|-damage|p2b: Charizard|0 fnt
|faint|p2a: Basculegion
|faint|p2b: Charizard
|move|p1b: Glimmora|Earth Power|p2: Basculegion|[notarget]
|-fail|p1b: Glimmora
|
|-weather|SunnyDay|[upkeep]
|upkeep
|
|t:|1785079521
|switch|p2b: Garchomp|Garchomp, L50, F|100/100
|turn|4
|
|t:|1785079528
|move|p1a: Delphox|Protect|p1a: Delphox
|-singleturn|p1a: Delphox|Protect
|move|p1b: Glimmora|Spiky Shield|p1b: Glimmora
|-singleturn|p1b: Glimmora|move: Protect
|move|p2b: Garchomp|Rock Slide|p1b: Glimmora|[spread] 
|-activate|p1a: Delphox|move: Protect
|-activate|p1b: Glimmora|move: Protect
|
|-weather|SunnyDay|[upkeep]
|upkeep
|turn|5
|
|t:|1785079537
|move|p1a: Delphox|Encore|p2b: Garchomp
|-start|p2b: Garchomp|Encore
|move|p2b: Garchomp|Rock Slide|p1b: Glimmora|[spread] p1a,p1b
|-supereffective|p1a: Delphox|1
|-damage|p1a: Delphox|0 fnt
|-damage|p1b: Glimmora|71/100
|-activate|p1b: Glimmora|ability: Toxic Debris
|-sidestart|p2: spodermees|move: Toxic Spikes
|faint|p1a: Delphox
|-damage|p2b: Garchomp|90/100|[from] item: Life Orb
|move|p1b: Glimmora|Earth Power|p2b: Garchomp
|-damage|p2b: Garchomp|52/100
|-unboost|p2b: Garchomp|spd|1
|
|-weather|SunnyDay|[upkeep]
|upkeep
|turn|6
|
|t:|1785079550
|move|p2b: Garchomp|Rock Slide|p1b: Glimmora
|-damage|p1b: Glimmora|33/100
|-activate|p1b: Glimmora|ability: Toxic Debris
|-sidestart|p2: spodermees|move: Toxic Spikes
|-damage|p2b: Garchomp|42/100|[from] item: Life Orb
|move|p1b: Glimmora|Earth Power|p2b: Garchomp
|-damage|p2b: Garchomp|0 fnt
|faint|p2b: Garchomp
|
|win|gallegutsito
|raw|gallegutsito's rating: 1367 → 1387(+20 for winning)
|raw|spodermees's rating: 1369 → 1349(-20 for losing)
