|j|☆Mew7000
|j|☆Dawsonschris
|html|Mew7000Dawsonschris    
|uhtml|bestof|Game 2 of a best-of-3
|t:|1756931974
|gametype|doubles
|player|p1|Mew7000|scientist-gen1rb|1081
|player|p2|Dawsonschris|artist-gen4|1103
|gen|9
|tier|[Gen 9] VGC 2025 Reg H (Bo3)
|rated|
|rule|Species Clause: Limit one of each Pokémon
|rule|Item Clause: Limit 1 of each item
|clearpoke
|poke|p1|Poliwrath, L50, F|
|poke|p1|Gholdengo, L50|
|poke|p1|Archaludon, L50, M|
|poke|p1|Pelipper, L50, F|
|poke|p1|Amoonguss, L50, F|
|poke|p1|Incineroar, L50, F|
|poke|p2|Ursaluna-Bloodmoon, L50, M|
|poke|p2|Electabuzz, L50, F|
|poke|p2|Sneasler, L50, F|
|poke|p2|Indeedee, L50, M|
|poke|p2|Incineroar, L50, M|
|poke|p2|Whimsicott, L50, M|
|teampreview|4
|showteam|p1|Poliwrath||LifeOrb|SwiftSwim|Liquidation,CloseCombat,Haze,Protect|||F|||50|,,,,,Stellar]Gholdengo||Leftovers|GoodasGold|MakeItRain,ShadowBall,NastyPlot,Protect||||||50|,,,,,Water]Archaludon||AssaultVest|Stamina|ElectroShot,FlashCannon,DragonPulse,BodyPress|||M|||50|,,,,,Bug]Pelipper||FocusSash|Drizzle|Hurricane,WeatherBall,Tailwind,Protect|||F|||50|,,,,,Ground]Amoonguss||CovertCloak|Regenerator|Spore,PollenPuff,RagePowder,Protect|||F|||50|,,,,,Fire]Incineroar||SafetyGoggles|Intimidate|FakeOut,KnockOff,Taunt,PartingShot|||F|||50|,,,,,Ghost
|showteam|p2|Ursaluna-Bloodmoon||LifeOrb|MindsEye|Protect,BloodMoon,EarthPower,HyperVoice|||M|||50|,,,,,Normal]Electabuzz||Eviolite|VitalSpirit|FollowMe,Taunt,Electroweb,Protect|||F|||50|,,,,,Dragon]Sneasler||PsychicSeed|Unburden|ThroatChop,DireClaw,CloseCombat,Protect|||F|||50|,,,,,Dark]Indeedee||FocusSash|PsychicSurge|ExpandingForce,TrickRoom,HelpingHand,Protect|||M|||50|,,,,,Psychic]Incineroar||SafetyGoggles|Intimidate|FakeOut,KnockOff,PartingShot,FlareBlitz|||M|||50|,,,,,Ghost]Whimsicott||CovertCloak|Prankster|Tailwind,Moonblast,Encore,SunnyDay|||M|||50|,,,,,Ghost
|inactive|Battle timer is ON: inactive players will automatically lose when time's up. (requested by Dawsonschris)
|
|t:|1756932012
|teamsize|p1|4
|teamsize|p2|4
|start
|switch|p1a: Pelipper|Pelipper, L50, F|100/100
|switch|p1b: Poliwrath|Poliwrath, L50, F, shiny|100/100
|switch|p2a: Whimsicott|Whimsicott, L50, M|100/100
|switch|p2b: Ursaluna|Ursaluna-Bloodmoon, L50, M|100/100
|-weather|RainDance|[from] ability: Drizzle|[of] p1a: Pelipper
|turn|1
|
|t:|1756932036
|move|p2b: Ursaluna|Protect|p2b: Ursaluna
|-singleturn|p2b: Ursaluna|Protect
|move|p2a: Whimsicott|Sunny Day|p2a: Whimsicott
|-weather|SunnyDay
|move|p1a: Pelipper|Tailwind|p1a: Pelipper
|-sidestart|p1: Mew7000|move: Tailwind
|move|p1b: Poliwrath|Close Combat|p2b: Ursaluna
|-activate|p2b: Ursaluna|move: Protect
|
|-weather|SunnyDay|[upkeep]
|upkeep
|turn|2
|
|t:|1756932054
|switch|p1b: Archaludon|Archaludon, L50, M|100/100
|-terastallize|p2b: Ursaluna|Normal
|move|p2a: Whimsicott|Tailwind|p2a: Whimsicott
|-sidestart|p2: Dawsonschris|move: Tailwind
|move|p1a: Pelipper|Weather Ball|p2a: Whimsicott
|-supereffective|p2a: Whimsicott
|-damage|p2a: Whimsicott|0 fnt
|faint|p2a: Whimsicott
|move|p2b: Ursaluna|Hyper Voice|p1b: Archaludon|[spread] p1a,p1b
|-resisted|p1b: Archaludon
|-enditem|p1a: Pelipper|Focus Sash
|-damage|p1a: Pelipper|1/100
|-damage|p1b: Archaludon|76/100
|-ability|p1b: Archaludon|Stamina|boost
|-boost|p1b: Archaludon|def|1
|-damage|p2b: Ursaluna|91/100|[from] item: Life Orb
|
|-weather|SunnyDay|[upkeep]
|upkeep
|
|t:|1756932078
|switch|p2a: Electabuzz|Electabuzz, L50, F|100/100
|turn|3
|
|t:|1756932091
|switch|p1a: Gholdengo|Gholdengo, L50|100/100
|move|p2a: Electabuzz|Electroweb|p1b: Archaludon|[spread] p1a,p1b
|-resisted|p1b: Archaludon
|-damage|p1a: Gholdengo|88/100
|-damage|p1b: Archaludon|71/100
|-unboost|p1a: Gholdengo|spe|1
|-unboost|p1b: Archaludon|spe|1
|-ability|p1b: Archaludon|Stamina|boost
|-boost|p1b: Archaludon|def|1
|move|p2b: Ursaluna|Blood Moon|p1b: Archaludon
|-resisted|p1b: Archaludon
|-damage|p1b: Archaludon|24/100
|-ability|p1b: Archaludon|Stamina|boost
|-boost|p1b: Archaludon|def|1
|-damage|p2b: Ursaluna|81/100|[from] item: Life Orb
|move|p1b: Archaludon|Body Press|p2b: Ursaluna
|-supereffective|p2b: Ursaluna
|-damage|p2b: Ursaluna|0 fnt
|faint|p2b: Ursaluna
|
|-weather|SunnyDay|[upkeep]
|-heal|p1a: Gholdengo|94/100|[from] item: Leftovers
|upkeep
|
|t:|1756932113
|switch|p2b: Sneasler|Sneasler, L50, F|100/100
|turn|4
|
|t:|1756932131
|switch|p1a: Pelipper|Pelipper, L50, F|1/100
|-weather|RainDance|[from] ability: Drizzle|[of] p1a: Pelipper
|-terastallize|p1b: Archaludon|Bug
|move|p2a: Electabuzz|Follow Me|p2a: Electabuzz
|-singleturn|p2a: Electabuzz|move: Follow Me
|move|p2b: Sneasler|Throat Chop|p1a: Pelipper
|-damage|p1a: Pelipper|0 fnt
|faint|p1a: Pelipper
|move|p1b: Archaludon|Electro Shot||[still]
|-prepare|p1b: Archaludon|Electro Shot
|-boost|p1b: Archaludon|spa|1
|-anim|p1b: Archaludon|Electro Shot|p2a: Electabuzz
|-resisted|p2a: Electabuzz
|-damage|p2a: Electabuzz|72/100
|
|-weather|RainDance|[upkeep]
|-sideend|p1: Mew7000|move: Tailwind
|upkeep
|
|t:|1756932143
|switch|p1a: Poliwrath|Poliwrath, L50, F, shiny|100/100
|turn|5
|
|t:|1756932157
|move|p1a: Poliwrath|Protect|p1a: Poliwrath
|-singleturn|p1a: Poliwrath|Protect
|move|p2a: Electabuzz|Follow Me|p2a: Electabuzz
|-singleturn|p2a: Electabuzz|move: Follow Me
|move|p2b: Sneasler|Dire Claw|p1a: Poliwrath
|-activate|p1a: Poliwrath|move: Protect
|move|p1b: Archaludon|Electro Shot||[still]
|-prepare|p1b: Archaludon|Electro Shot
|-boost|p1b: Archaludon|spa|1
|-anim|p1b: Archaludon|Electro Shot|p2a: Electabuzz
|-resisted|p2a: Electabuzz
|-damage|p2a: Electabuzz|40/100
|
|-weather|RainDance|[upkeep]
|-sideend|p2: Dawsonschris|move: Tailwind
|upkeep
|turn|6
|
|t:|1756932176
|move|p2a: Electabuzz|Follow Me|p2a: Electabuzz
|-singleturn|p2a: Electabuzz|move: Follow Me
|move|p1a: Poliwrath|Liquidation|p2a: Electabuzz
|-damage|p2a: Electabuzz|0 fnt
|faint|p2a: Electabuzz
|-damage|p1a: Poliwrath|91/100|[from] item: Life Orb
|move|p2b: Sneasler|Dire Claw|p1a: Poliwrath
|-damage|p1a: Poliwrath|34/100
|-status|p1a: Poliwrath|slp
|move|p1b: Archaludon|Dragon Pulse|p2b: Sneasler
|-damage|p2b: Sneasler|0 fnt
|faint|p2b: Sneasler
|
|win|Mew7000
|inactive|Mew7000 has 30 seconds to confirm battle start!
|inactive|Dawsonschris has 30 seconds to confirm battle start!
