|j|‽Dr3ntel
|j|☆tirion
|html|Dr3nteltirion    
|uhtml|bestof|Game 3 of a best-of-3
|t:|1782633520
|gametype|doubles
|player|p1|Dr3ntel|1|1069
|player|p2|tirion|102|1085
|gen|9
|tier|[Gen 9 Champions] VGC 2026 Reg M-B (Bo3)
|rated|
|rule|Species Clause: Limit one of each Pokémon
|rule|Item Clause: Limit 1 of each item
|clearpoke
|poke|p1|Pyroar, L50, F|
|poke|p1|Whimsicott, L50, F|
|poke|p1|Ninetales, L50, M|
|poke|p1|Farigiraf, L50, M|
|poke|p1|Basculegion, L50, M|
|poke|p1|Floette-Eternal, L50, F|
|poke|p2|Blastoise, L50, M|
|poke|p2|Archaludon, L50, M|
|poke|p2|Sinistcha, L50|
|poke|p2|Politoed, L50, F|
|poke|p2|Scizor, L50, F|
|poke|p2|Farigiraf, L50, F|
|teampreview|4
|showteam|p1|Pyroar||Pyroarite|Unnerve|HeatWave,Overheat,SolarBeam,Protect|Timid||F|||50|]Whimsicott||FocusSash|Prankster|Moonblast,Tailwind,SunnyDay,Encore|Bold||F|||50|]Ninetales||ChoiceScarf|Drought|Overheat,HeatWave,SolarBeam,FakeTears|Modest||M|||50|]Farigiraf||SitrusBerry|ArmorTail|Thunderbolt,TwinBeam,TrickRoom,HelpingHand|Bold||M|||50|]Basculegion||LifeOrb|Adaptability|WaveCrash,LastRespects,AquaJet,Protect|Adamant||M|||50|]Floette-Eternal||Floettite|FlowerVeil|Moonblast,DazzlingGleam,LightofRuin,Protect|Modest||F|||50|
|showteam|p2|Blastoise||Blastoisinite|RainDish|WaterSpout,AuraSphere,DarkPulse,Protect|Quiet||M|||50|]Archaludon||Leftovers|Stamina|ElectroShot,AuraSphere,FlashCannon,Protect|Bold||M|||50|]Sinistcha||CobaBerry|Hospitality|MatchaGotcha,RagePowder,TrickRoom,LifeDew|Sassy|||||50|]Politoed||MysticWater|Drizzle|ChillingWater,IceBeam,WeatherBall,HelpingHand|Bold||F|||50|]Scizor||Scizorite|Technician|BugBite,BulletPunch,KnockOff,SwordsDance|Brave||F|||50|]Farigiraf||ColburBerry|ArmorTail|TwinBeam,TrickRoom,RainDance,HelpingHand|Relaxed||F|||50|
|inactive|Battle timer is ON: inactive players will automatically lose when time's up. (requested by Dr3ntel)
|inactive|tirion has 60 seconds left.
|
|t:|1782633565
|teamsize|p1|4
|teamsize|p2|4
|start
|switch|p1a: Ninetales|Ninetales, L50, M|100/100
|switch|p1b: Pyroar|Pyroar, L50, F|100/100
|switch|p2a: Blastoise|Blastoise, L50, M|100/100
|switch|p2b: Farigiraf|Farigiraf, L50, F|100/100
|-ability|p1b: Pyroar|Unnerve
|-weather|SunnyDay|[from] ability: Drought|[of] p1a: Ninetales
|turn|1
|inactive|Dr3ntel has 30 seconds left.
|inactive|tirion has 30 seconds left.
|inactive|Dr3ntel has 20 seconds left.
|
|t:|1782633604
|switch|p1a: Whimsicott|Whimsicott, L50, F|100/100
|switch|p2a: Politoed|Politoed, L50, F|100/100
|-weather|RainDance|[from] ability: Drizzle|[of] p2a: Politoed
|detailschange|p1b: Pyroar|Pyroar-Mega, L50, F
|-mega|p1b: Pyroar|Pyroar|Pyroarite
|move|p1b: Pyroar|Protect|p1b: Pyroar
|-singleturn|p1b: Pyroar|Protect
|move|p2b: Farigiraf|Trick Room|p2b: Farigiraf
|-fieldstart|move: Trick Room|[of] p2b: Farigiraf
|
|-weather|RainDance|[upkeep]
|upkeep
|turn|2
|
|t:|1782633627
|switch|p1a: Ninetales|Ninetales, L50, M|100/100
|-weather|SunnyDay|[from] ability: Drought|[of] p1a: Ninetales
|switch|p1b: Farigiraf|Farigiraf, L50, M|100/100
|move|p2b: Farigiraf|Helping Hand|p2a: Politoed
|-singleturn|p2a: Politoed|Helping Hand|[of] p2b: Farigiraf
|move|p2a: Politoed|Weather Ball|p1a: Ninetales
|-resisted|p1a: Ninetales|1
|-damage|p1a: Ninetales|70/100
|
|-weather|SunnyDay|[upkeep]
|upkeep
|turn|3
|inactive|Dr3ntel has 30 seconds left.
|inactive|tirion has 30 seconds left.
|inactive|tirion has 20 seconds left.
|inactive|tirion has 15 seconds left.
|
|t:|1782633670
|move|p2b: Farigiraf|Rain Dance|p2b: Farigiraf
|-weather|RainDance
|move|p2a: Politoed|Weather Ball|p1a: Ninetales
|-supereffective|p1a: Ninetales|1
|-damage|p1a: Ninetales|0 fnt
|faint|p1a: Ninetales
|move|p1b: Farigiraf|Trick Room|p1b: Farigiraf
|-fieldend|move: Trick Room
|
|-weather|RainDance|[upkeep]
|upkeep
|c|☆tirion|pokemon is crazy lol
|
|t:|1782633693
|switch|p1a: Whimsicott|Whimsicott, L50, F|100/100
|turn|4
|inactive|tirion has 30 seconds left.
|
|t:|1782633718
|switch|p1b: Pyroar|Pyroar-Mega, L50, F|100/100
|move|p1a: Whimsicott|Sunny Day|p1a: Whimsicott
|-weather|SunnyDay
|move|p2a: Politoed|Ice Beam|p1a: Whimsicott
|-supereffective|p1a: Whimsicott|1
|-damage|p1a: Whimsicott|44/100
|move|p2b: Farigiraf|Twin Beam|p1a: Whimsicott
|-crit|p1a: Whimsicott
|-damage|p1a: Whimsicott|14/100
|-damage|p1a: Whimsicott|0 fnt
|faint|p1a: Whimsicott
|-hitcount|p1: Whimsicott|2
|
|-weather|SunnyDay|[upkeep]
|upkeep
|
|t:|1782633726
|switch|p1a: Farigiraf|Farigiraf, L50, M|100/100
|turn|5
|
|t:|1782633750
|move|p1b: Pyroar|Heat Wave|p2b: Farigiraf|[spread] p2a,p2b
|-resisted|p2a: Politoed|1
|-damage|p2a: Politoed|62/100
|-damage|p2b: Farigiraf|28/100
|move|p2a: Politoed|Weather Ball|p1a: Farigiraf
|-damage|p1a: Farigiraf|68/100
|move|p1a: Farigiraf|Thunderbolt|p2a: Politoed
|-supereffective|p2a: Politoed|1
|-damage|p2a: Politoed|23/100
|move|p2b: Farigiraf|Rain Dance|p2b: Farigiraf
|-weather|RainDance
|
|-weather|RainDance|[upkeep]
|upkeep
|turn|6
|
|t:|1782633771
|move|p1a: Farigiraf|Helping Hand|p1b: Pyroar
|-singleturn|p1b: Pyroar|Helping Hand|[of] p1a: Farigiraf
|move|p2b: Farigiraf|Helping Hand|p2a: Politoed
|-singleturn|p2a: Politoed|Helping Hand|[of] p2b: Farigiraf
|move|p1b: Pyroar|Heat Wave|p2b: Farigiraf|[spread] p2a,p2b
|-resisted|p2a: Politoed|1
|-damage|p2a: Politoed|5/100
|-damage|p2b: Farigiraf|0 fnt
|faint|p2b: Farigiraf
|move|p2a: Politoed|Weather Ball|p1b: Pyroar
|-supereffective|p1b: Pyroar|1
|-crit|p1b: Pyroar
|-damage|p1b: Pyroar|0 fnt
|faint|p1b: Pyroar
|
|-weather|RainDance|[upkeep]
|upkeep
|-message|Dr3ntel forfeited.
|raw|Dr3ntel's rating: 1069 → 1050(-19 for losing)
|raw|tirion's rating: 1085 → 1111(+26 for winning)
|
|win|tirion
|l|‽Dr3ntel
|player|p1|
|c|☆tirion|gg
