|j|â˜†Nickit Nicole
|j|â˜†TailwindMakeItRain
|html|Nickit NicoleTailwindMakeItRain    
|uhtml|bestof|Game 3 of a best-of-3
|t:|1755013199
|gametype|doubles
|player|p1|Nickit Nicole|will|1314
|player|p2|TailwindMakeItRain|iris|1432
|gen|9
|tier|[Gen 9] VGC 2025 Reg H (Bo3)
|rated|
|rule|Species Clause: Limit one of each PokÃ©mon
|rule|Item Clause: Limit 1 of each item
|clearpoke
|poke|p1|Grimmsnarl, L50, M|
|poke|p1|Annihilape, L50, F|
|poke|p1|Archaludon, L50, M|
|poke|p1|Pelipper, L50, F|
|poke|p1|Maushold-Four, L50|
|poke|p1|Overqwil, L50, M|
|poke|p2|Gholdengo, L50|
|poke|p2|Amoonguss, L50, M|
|poke|p2|Incineroar, L50, F|
|poke|p2|Dragonite, L50, F|
|poke|p2|Porygon2, L50|
|poke|p2|Ursaluna, L50, F|
|teampreview|4
|showteam|p1|Grimmsnarl||LightClay|Prankster|Reflect,LightScreen,MistyTerrain,SpiritBreak|||M|||50|,,,,,Steel]Annihilape||Leftovers|Defiant|Protect,BulkUp,RageFist,DrainPunch|||F|||50|,,,,,Fire]Archaludon||AssaultVest|Stamina|ElectroShot,BodyPress,DracoMeteor,FlashCannon|||M|||50|,,,,,Grass]Pelipper||FocusSash|Drizzle|Protect,Hurricane,WeatherBall,Tailwind|||F|||50|,,,,,Ghost]Maushold-Four||SafetyGoggles|FriendGuard|Protect,FollowMe,Taunt,BeatUp||||||50|,,,,,Ghost]Overqwil||LifeOrb|SwiftSwim|Protect,Crunch,PoisonJab,Liquidation|||M|||50|,,,,,Water
|showteam|p2|Gholdengo||LifeOrb|GoodasGold|MakeItRain,ShadowBall,NastyPlot,Protect||||||50|,,,,,Water]Amoonguss||CovertCloak|Regenerator|Spore,RagePowder,PollenPuff,Protect|||M|||50|,,,,,Psychic]Incineroar||SafetyGoggles|Intimidate|KnockOff,FlareBlitz,PartingShot,FakeOut|||F|||50|,,,,,Ghost]Dragonite||LoadedDice|Multiscale|ScaleShot,Tailwind,Haze,Protect|||F|||50|,,,,,Fairy]Porygon2||Eviolite|Download|TeraBlast,IceBeam,Recover,TrickRoom||||||50|,,,,,Fighting]Ursaluna||FlameOrb|Guts|Facade,HeadlongRush,Earthquake,Protect|||F|||50|,,,,,Ghost
|j| spicy rider
|inactive|Battle timer is ON: inactive players will automatically lose when time's up. (requested by Nickit Nicole)
|
|t:|1755013270
|teamsize|p1|4
|teamsize|p2|4
|start
|switch|p1a: Grimmsnarl|Grimmsnarl, L50, M|100/100
|switch|p1b: Noel|Annihilape, L50, F|100/100
|switch|p2a: Gholdengo|Gholdengo, L50|100/100
|switch|p2b: Dragonite|Dragonite, L50, F|100/100
|turn|1
|inactive|Nickit Nicole has 30 seconds left.
|
|t:|1755013295
|-terastallize|p1b: Noel|Fire
|move|p1a: Grimmsnarl|Light Screen|p1a: Grimmsnarl
|-sidestart|p1: Nickit Nicole|move: Light Screen
|move|p1b: Noel|Bulk Up|p1b: Noel
|-boost|p1b: Noel|atk|1
|-boost|p1b: Noel|def|1
|move|p2a: Gholdengo|Nasty Plot|p2a: Gholdengo
|-boost|p2a: Gholdengo|spa|2
|move|p2b: Dragonite|Tailwind|p2b: Dragonite
|-sidestart|p2: TailwindMakeItRain|move: Tailwind
|
|upkeep
|turn|2
|
|t:|1755013310
|switch|p2b: Ursaluna|Ursaluna, L50, F|100/100
|move|p2a: Gholdengo|Protect|p2a: Gholdengo
|-singleturn|p2a: Gholdengo|Protect
|move|p1a: Grimmsnarl|Reflect|p1a: Grimmsnarl
|-sidestart|p1: Nickit Nicole|Reflect
|move|p1b: Noel|Rage Fist|p2a: Gholdengo
|-activate|p2a: Gholdengo|move: Protect
|
|-status|p2b: Ursaluna|brn|[from] item: Flame Orb
|upkeep
|turn|3
|
|t:|1755013324
|move|p1b: Noel|Protect|p1b: Noel
|-singleturn|p1b: Noel|Protect
|move|p2a: Gholdengo|Make It Rain|p1b: Noel|[spread] p1a
|-activate|p1b: Noel|move: Protect
|-supereffective|p1a: Grimmsnarl
|-damage|p1a: Grimmsnarl|0 fnt
|-unboost|p2a: Gholdengo|spa|1
|faint|p1a: Grimmsnarl
|-damage|p2a: Gholdengo|91/100|[from] item: Life Orb
|move|p2b: Ursaluna|Headlong Rush|p1b: Noel
|-activate|p1b: Noel|move: Protect
|
|-damage|p2b: Ursaluna|94/100 brn|[from] brn
|upkeep
|
|t:|1755013329
|switch|p1a: Los RamÃ­rez|Maushold-Four, L50|100/100
|turn|4
|inactive|TailwindMakeItRain has 30 seconds left.
|
|t:|1755013356
|move|p1a: Los RamÃ­rez|Follow Me|p1a: Los RamÃ­rez
|-singleturn|p1a: Los RamÃ­rez|move: Follow Me
|move|p2a: Gholdengo|Make It Rain|p1a: Los RamÃ­rez|[spread] p1a,p1b
|-resisted|p1b: Noel
|-damage|p1a: Los RamÃ­rez|14/100
|-damage|p1b: Noel|81/100
|-unboost|p2a: Gholdengo|spa|1
|-damage|p2a: Gholdengo|82/100|[from] item: Life Orb
|move|p2b: Ursaluna|Headlong Rush|p1a: Los RamÃ­rez
|-damage|p1a: Los RamÃ­rez|0 fnt
|-unboost|p2b: Ursaluna|def|1
|-unboost|p2b: Ursaluna|spd|1
|faint|p1a: Los RamÃ­rez
|move|p1b: Noel|Drain Punch|p2b: Ursaluna
|-supereffective|p2b: Ursaluna
|-damage|p2b: Ursaluna|0 fnt
|-heal|p1b: Noel|100/100|[from] drain|[of] p2b: Ursaluna
|faint|p2b: Ursaluna
|
|-sideend|p2: TailwindMakeItRain|move: Tailwind
|upkeep
|
|t:|1755013366
|switch|p1a: Archaludon|Archaludon, L50, M|100/100
|switch|p2b: Amoonguss|Amoonguss, L50, M, shiny|100/100
|turn|5
|inactive|TailwindMakeItRain has 30 seconds left.
|
|t:|1755013392
|move|p2b: Amoonguss|Protect|p2b: Amoonguss
|-singleturn|p2b: Amoonguss|Protect
|move|p1b: Noel|Rage Fist|p2b: Amoonguss
|-activate|p2b: Amoonguss|move: Protect
|move|p2a: Gholdengo|Nasty Plot|p2a: Gholdengo
|-boost|p2a: Gholdengo|spa|2
|move|p1a: Archaludon|Flash Cannon|p2b: Amoonguss
|-activate|p2b: Amoonguss|move: Protect
|
|upkeep
|turn|6
|inactive|Nickit Nicole has 30 seconds left.
|
|t:|1755013417
|move|p2b: Amoonguss|Rage Powder|p2b: Amoonguss
|-singleturn|p2b: Amoonguss|move: Rage Powder
|move|p1b: Noel|Rage Fist|p2b: Amoonguss
|-damage|p2b: Amoonguss|52/100
|move|p2a: Gholdengo|Shadow Ball|p1b: Noel
|-damage|p1b: Noel|42/100
|-damage|p2a: Gholdengo|72/100|[from] item: Life Orb
|move|p1a: Archaludon|Flash Cannon|p2b: Amoonguss
|-damage|p2b: Amoonguss|21/100
|
|-heal|p1b: Noel|49/100|[from] item: Leftovers
|upkeep
|turn|7
|
|t:|1755013441
|move|p1b: Noel|Protect|p1b: Noel
|-singleturn|p1b: Noel|Protect
|move|p2a: Gholdengo|Protect|p2a: Gholdengo
|-singleturn|p2a: Gholdengo|Protect
|move|p2b: Amoonguss|Protect|p2b: Amoonguss
|-singleturn|p2b: Amoonguss|Protect
|move|p1a: Archaludon|Flash Cannon|p2b: Amoonguss
|-activate|p2b: Amoonguss|move: Protect
|
|-heal|p1b: Noel|55/100|[from] item: Leftovers
|upkeep
|turn|8
|inactive|Nickit Nicole has 30 seconds left.
|
|t:|1755013472
|move|p1b: Noel|Protect||[still]
|-fail|p1b: Noel
|move|p2b: Amoonguss|Rage Powder|p2b: Amoonguss
|-singleturn|p2b: Amoonguss|move: Rage Powder
|move|p2a: Gholdengo|Shadow Ball|p1b: Noel
|-damage|p1b: Noel|0 fnt
|faint|p1b: Noel
|-damage|p2a: Gholdengo|63/100|[from] item: Life Orb
|move|p1a: Archaludon|Flash Cannon|p2b: Amoonguss
|-damage|p2b: Amoonguss|0 fnt
|faint|p2b: Amoonguss
|
|-sideend|p1: Nickit Nicole|move: Light Screen
|upkeep
|
|t:|1755013474
|switch|p2b: Dragonite|Dragonite, L50, F|100/100
|turn|9
|-message|Nickit Nicole forfeited.
|raw|Nickit Nicole's rating: 1314 → 1301(-13 for losing)
|raw|TailwindMakeItRain's rating: 1432 → 1445(+13 for winning)
|
|win|TailwindMakeItRain
|l|â˜†Nickit Nicole
|player|p1|
