|j|☆Astterio
|j|☆robby w
|html|Astteriorobby w    
|uhtml|bestof|Game 3 of a best-of-3
|t:|1756564147
|gametype|doubles
|player|p1|Astterio|eusine|1287
|player|p2|robby w|pokekid|1320
|gen|9
|tier|[Gen 9] VGC 2025 Reg H (Bo3)
|rated|
|rule|Species Clause: Limit one of each Pokémon
|rule|Item Clause: Limit 1 of each item
|clearpoke
|poke|p1|Porygon2, L50|
|poke|p1|Hydreigon, L50, M|
|poke|p1|Incineroar, L50, M|
|poke|p1|Ursaluna, L50, M|
|poke|p1|Amoonguss, L50, M|
|poke|p1|Gholdengo, L50|
|poke|p2|Dondozo, L50, F|
|poke|p2|Tatsugiri, L50, F|
|poke|p2|Sneasler, L50, M|
|poke|p2|Indeedee, L50, M|
|poke|p2|Ursaluna-Bloodmoon, L50, M|
|poke|p2|Electabuzz, L50, F|
|teampreview|4
|showteam|p1|Porygon2||Eviolite|Download|TeraBlast,IceBeam,TrickRoom,Recover||||||50|,,,,,Fighting]Hydreigon||SafetyGoggles|Levitate|Snarl,DracoMeteor,Tailwind,Protect|||M|||50|,,,,,Ghost]Incineroar||SitrusBerry|Intimidate|FlareBlitz,KnockOff,PartingShot,FakeOut|||M|||50|,,,,,Grass]Ursaluna||FlameOrb|Guts|Facade,HeadlongRush,Earthquake,Protect|||M|||50|,,,,,Ghost]Amoonguss||CovertCloak|Regenerator|PollenPuff,Spore,RagePowder,Protect|||M|||50|,,,,,Fire]Gholdengo||LifeOrb|GoodasGold|MakeItRain,ShadowBall,NastyPlot,Protect||||||50|,,,,,Water
|showteam|p2|Dondozo||Leftovers|Unaware|Protect,WaveCrash,Earthquake,OrderUp|||F|||50|,,,,,Grass]Tatsugiri||ChoiceScarf|Commander|DragonPulse,IcyWind,DracoMeteor,MuddyWater|||F|||50|,,,,,Stellar]Sneasler||PsychicSeed|Unburden|DireClaw,CloseCombat,Protect,ThroatChop|||M|||50|,,,,,Dark]Indeedee||FocusSash|PsychicSurge|DazzlingGleam,TrickRoom,ExpandingForce,Protect|||M|||50|,,,,,Fairy]Ursaluna-Bloodmoon||LifeOrb|MindsEye|BloodMoon,Protect,HyperVoice,EarthPower|||M|||50|,,,,,Normal]Electabuzz||Eviolite|VitalSpirit|Electroweb,Protect,FollowMe,Taunt|||F|||50|,,,,,Ghost
|inactive|Battle timer is ON: inactive players will automatically lose when time's up. (requested by Astterio)
|
|t:|1756564159
|teamsize|p1|4
|teamsize|p2|4
|start
|switch|p1a: Hydreigon|Hydreigon, L50, M, shiny|100/100
|switch|p1b: Ursaluna|Ursaluna, L50, M|100/100
|switch|p2a: Dondozo|Dondozo, L50, F, shiny|100/100
|switch|p2b: Sneasler|Sneasler, L50, M|100/100
|turn|1
|inactive|robby w has 30 seconds left.
|
|t:|1756564188
|switch|p2b: Tatsugiri|Tatsugiri, L50, F|100/100
|-activate|p2b: Tatsugiri|ability: Commander|[of] p2a: Dondozo
|-boost|p2a: Dondozo|atk|2
|-boost|p2a: Dondozo|spa|2
|-boost|p2a: Dondozo|spe|2
|-boost|p2a: Dondozo|def|2
|-boost|p2a: Dondozo|spd|2
|-terastallize|p1a: Hydreigon|Ghost
|move|p2a: Dondozo|Order Up|p1a: Hydreigon
|-damage|p1a: Hydreigon|48/100
|-boost|p2a: Dondozo|atk|1
|move|p1a: Hydreigon|Draco Meteor|p2a: Dondozo
|-damage|p2a: Dondozo|66/100
|-unboost|p1a: Hydreigon|spa|2
|move|p1b: Ursaluna|Headlong Rush|p2a: Dondozo
|-damage|p2a: Dondozo|42/100
|-unboost|p1b: Ursaluna|def|1
|-unboost|p1b: Ursaluna|spd|1
|
|-heal|p2a: Dondozo|48/100|[from] item: Leftovers
|-status|p1b: Ursaluna|brn|[from] item: Flame Orb
|upkeep
|turn|2
|inactive|Astterio has 30 seconds left.
|inactive|robby w has 30 seconds left.
|
|t:|1756564216
|move|p2a: Dondozo|Wave Crash|p1b: Ursaluna
|-supereffective|p1b: Ursaluna
|-damage|p1b: Ursaluna|0 fnt
|faint|p1b: Ursaluna
|-damage|p2a: Dondozo|17/100|[from] Recoil
|move|p1a: Hydreigon|Tailwind|p1a: Hydreigon
|-sidestart|p1: Astterio|move: Tailwind
|
|-heal|p2a: Dondozo|23/100|[from] item: Leftovers
|upkeep
|
|t:|1756564220
|switch|p1b: Amoonguss|Amoonguss, L50, M, shiny|100/100
|turn|3
|
|t:|1756564229
|move|p2a: Dondozo|Protect|p2a: Dondozo
|-singleturn|p2a: Dondozo|Protect
|move|p1a: Hydreigon|Draco Meteor|p2a: Dondozo
|-activate|p2a: Dondozo|move: Protect
|move|p1b: Amoonguss|Spore|p2b: Tatsugiri|[miss]
|-miss|p1b: Amoonguss|p2b: Tatsugiri
|
|-heal|p2a: Dondozo|29/100|[from] item: Leftovers
|upkeep
|turn|4
|
|t:|1756564253
|move|p1a: Hydreigon|Draco Meteor|p2a: Dondozo
|-damage|p2a: Dondozo|0 fnt
|-unboost|p1a: Hydreigon|spa|2
|faint|p2a: Dondozo
|move|p1b: Amoonguss|Spore|p2b: Tatsugiri
|-status|p2b: Tatsugiri|slp|[from] move: Spore
|
|upkeep
|
|t:|1756564268
|switch|p2a: Sneasler|Sneasler, L50, M|100/100
|turn|5
|inactive|robby w has 30 seconds left.
|
|t:|1756564298
|switch|p1a: Porygon2|Porygon2, L50, shiny|100/100
|-ability|p1a: Porygon2|Download|boost
|-boost|p1a: Porygon2|atk|1
|switch|p2b: Indeedee|Indeedee, L50, M|100/100
|-fieldstart|move: Psychic Terrain|[from] ability: Psychic Surge|[of] p2b: Indeedee
|-enditem|p2a: Sneasler|Psychic Seed
|-boost|p2a: Sneasler|spd|1|[from] item: Psychic Seed
|move|p2a: Sneasler|Dire Claw|p1b: Amoonguss
|-damage|p1b: Amoonguss|55/100
|move|p1b: Amoonguss|Spore|p2a: Sneasler
|-status|p2a: Sneasler|slp|[from] move: Spore
|
|-sideend|p1: Astterio|move: Tailwind
|upkeep
|turn|6
|inactive|robby w has 30 seconds left.
|
|t:|1756564330
|move|p1b: Amoonguss|Protect|p1b: Amoonguss
|-singleturn|p1b: Amoonguss|Protect
|cant|p2a: Sneasler|slp
|move|p2b: Indeedee|Expanding Force|p1b: Amoonguss|[spread] p1a
|-activate|p1b: Amoonguss|move: Protect
|-damage|p1a: Porygon2|69/100
|move|p1a: Porygon2|Trick Room|p1a: Porygon2
|-fieldstart|move: Trick Room|[of] p1a: Porygon2
|
|upkeep
|turn|7
|
|t:|1756564346
|move|p2b: Indeedee|Protect|p2b: Indeedee
|-singleturn|p2b: Indeedee|Protect
|move|p1b: Amoonguss|Spore|p2b: Indeedee
|-activate|p2b: Indeedee|move: Protect
|move|p1a: Porygon2|Tera Blast|p2b: Indeedee
|-activate|p2b: Indeedee|move: Protect
|-curestatus|p2a: Sneasler|slp|[msg]
|move|p2a: Sneasler|Close Combat|p1a: Porygon2
|-supereffective|p1a: Porygon2
|-damage|p1a: Porygon2|0 fnt
|-unboost|p2a: Sneasler|def|1
|-unboost|p2a: Sneasler|spd|1
|faint|p1a: Porygon2
|
|upkeep
|
|t:|1756564348
|switch|p1a: Hydreigon|Hydreigon, L50, M, shiny, tera:Ghost|48/100
|turn|8
|
|t:|1756564367
|switch|p2b: Tatsugiri|Tatsugiri, L50, F|100/100 slp
|move|p1a: Hydreigon|Protect|p1a: Hydreigon
|-singleturn|p1a: Hydreigon|Protect
|move|p1b: Amoonguss|Spore|p2b: Tatsugiri
|-fail|p2b: Tatsugiri|slp
|move|p2a: Sneasler|Throat Chop|p1a: Hydreigon
|-activate|p1a: Hydreigon|move: Protect
|
|upkeep
|turn|9
|inactive|robby w has 30 seconds left.
|
|t:|1756564398
|move|p1b: Amoonguss|Pollen Puff|p1a: Hydreigon
|-heal|p1a: Hydreigon|98/100
|move|p1a: Hydreigon|Tailwind|p1a: Hydreigon
|-sidestart|p1: Astterio|move: Tailwind
|cant|p2b: Tatsugiri|slp
|move|p2a: Sneasler|Throat Chop|p1a: Hydreigon
|-supereffective|p1a: Hydreigon
|-damage|p1a: Hydreigon|30/100
|-start|p1a: Hydreigon|Throat Chop|[silent]
|
|-fieldend|move: Psychic Terrain
|upkeep
|turn|10
|
|t:|1756564418
|move|p1b: Amoonguss|Pollen Puff|p2b: Tatsugiri
|-damage|p2b: Tatsugiri|75/100 slp
|-curestatus|p2b: Tatsugiri|slp|[msg]
|move|p2b: Tatsugiri|Icy Wind|p1a: Hydreigon|[spread] p1a,p1b
|-supereffective|p1b: Amoonguss
|-damage|p1a: Hydreigon|14/100
|-damage|p1b: Amoonguss|33/100
|-unboost|p1a: Hydreigon|spe|1
|move|p1a: Hydreigon|Draco Meteor|p2b: Tatsugiri
|-supereffective|p2b: Tatsugiri
|-damage|p2b: Tatsugiri|0 fnt
|-unboost|p1a: Hydreigon|spa|2
|faint|p2b: Tatsugiri
|move|p2a: Sneasler|Dire Claw|p1b: Amoonguss
|-damage|p1b: Amoonguss|0 fnt
|faint|p1b: Amoonguss
|
|-end|p1a: Hydreigon|Throat Chop|[silent]
|-fieldend|move: Trick Room
|upkeep
|c|☆Astterio|Missclick
|c|☆Astterio|Gg
|-message|Astterio forfeited.
|
|win|robby w
|raw|Astterio's rating: 1287 → 1264(-23 for losing)
|raw|robby w's rating: 1320 → 1338(+18 for winning)
|l|☆Astterio
|player|p1|
|c|☆robby w|gg's
