|j|☆Snowsquall brute
|j|☆lukashz
|html|Snowsquall brutelukashz    
|uhtml|bestof|Game 2 of a best-of-3
|t:|1784261221
|gametype|doubles
|player|p1|Snowsquall brute|170|1347
|player|p2|lukashz|elesa|1357
|gen|9
|tier|[Gen 9 Champions] VGC 2026 Reg M-B (Bo3)
|rated|
|rule|Species Clause: Limit one of each Pokémon
|rule|Item Clause: Limit 1 of each item
|clearpoke
|poke|p1|Staraptor, L50, M|
|poke|p1|Glimmora, L50, F|
|poke|p1|Kingambit, L50, M|
|poke|p1|Dragapult, L50, M|
|poke|p1|Rotom-Heat, L50|
|poke|p1|Araquanid, L50, M|
|poke|p2|Sylveon, L50, F|
|poke|p2|Weavile, L50, M|
|poke|p2|Basculegion, L50, M|
|poke|p2|Garchomp, L50, M|
|poke|p2|Roserade, L50, M|
|poke|p2|Aerodactyl, L50, F|
|teampreview|4
|showteam|p1|Staraptor||Staraptite|Intimidate|BraveBird,CloseCombat,Roost,Protect|Impish||M|||50|]Glimmora||Glimmoranite|ToxicDebris|SludgeBomb,PowerGem,EarthPower,SpikyShield|Bold||F|||50|]Kingambit||BlackGlasses|Defiant|IronHead,KowtowCleave,SuckerPunch,Protect|Adamant||M|||50|]Dragapult||FocusSash|CursedBody|DracoMeteor,WillOWisp,Hex,Protect|Timid||M|||50|]Rotom-Heat||PasshoBerry|Levitate|SunnyDay,Overheat,Thunderbolt,Protect|Modest|||||50|]Araquanid||BabiriBerry|WaterBubble|Facade|Serious||M|||50|
|showteam|p2|Sylveon||FairyFeather|Pixilate|HyperVoice,Protect,HyperBeam,HelpingHand|Modest||F|||50|]Weavile||FocusSash|Pressure|FakeOut,KnockOff,IcicleCrash,IceShard|Jolly||M|||50|]Basculegion||ChoiceScarf|Adaptability|AquaJet,FlipTurn,WaveCrash,LastRespects|Adamant||M|||50|]Garchomp||LifeOrb|RoughSkin|DragonClaw,Earthquake,Protect,StompingTantrum|Jolly||M|||50|]Roserade||WideLens|PoisonPoint|SleepPowder,SludgeBomb,LeafStorm,Protect|Timid||M|||50|]Aerodactyl||Aerodactylite|Unnerve|RockSlide,Protect,Tailwind,DualWingbeat|Jolly||F|||50|
|
|t:|1784261257
|teamsize|p1|4
|teamsize|p2|4
|start
|switch|p1a: Glimmora|Glimmora, L50, F|100/100
|switch|p1b: Dragapult|Dragapult, L50, M|100/100
|switch|p2a: Triple H|Sylveon, L50, F|100/100
|switch|p2b: Aerodactyl|Aerodactyl, L50, F|100/100
|-ability|p2b: Aerodactyl|Unnerve
|turn|1
|
|t:|1784261303
|switch|p2a: Garchomp|Garchomp, L50, M|100/100
|move|p1b: Dragapult|Protect|p1b: Dragapult
|-singleturn|p1b: Dragapult|Protect
|move|p2b: Aerodactyl|Tailwind|p2b: Aerodactyl
|-sidestart|p2: lukashz|move: Tailwind
|move|p1a: Glimmora|Sludge Bomb|p2a: Garchomp
|-resisted|p2a: Garchomp|1
|-damage|p2a: Garchomp|76/100
|
|upkeep
|turn|2
|
|t:|1784261310
|switch|p1a: Staraptor|Staraptor, L50, M|100/100
|-ability|p1a: Staraptor|Intimidate|boost
|-unboost|p2a: Garchomp|atk|1
|-unboost|p2b: Aerodactyl|atk|1
|detailschange|p2b: Aerodactyl|Aerodactyl-Mega, L50, F
|-mega|p2b: Aerodactyl|Aerodactyl|Aerodactylite
|move|p1b: Dragapult|Protect||[still]
|-fail|p1b: Dragapult
|move|p2b: Aerodactyl|Rock Slide|p1b: Dragapult|[spread] p1a,p1b
|-supereffective|p1a: Staraptor|1
|-damage|p1a: Staraptor|65/100
|-damage|p1b: Dragapult|76/100
|move|p2a: Garchomp|Earthquake|p1b: Dragapult|[spread] p1b
|-immune|p2b: Aerodactyl
|-immune|p1a: Staraptor
|-damage|p1b: Dragapult|33/100
|-damage|p2a: Garchomp|67/100|[from] item: Life Orb
|
|upkeep
|turn|3
|
|t:|1784261328
|switch|p1b: Kingambit|Kingambit, L50, M|100/100
|detailschange|p1a: Staraptor|Staraptor-Mega, L50, M
|-mega|p1a: Staraptor|Staraptor|Staraptite
|move|p2b: Aerodactyl|Dual Wingbeat|p1a: Staraptor
|-supereffective|p1a: Staraptor|1
|-damage|p1a: Staraptor|37/100
|-supereffective|p1a: Staraptor|1
|-damage|p1a: Staraptor|8/100
|-hitcount|p1a: Staraptor|2
|move|p2a: Garchomp|Dragon Claw|p1a: Staraptor
|-damage|p1a: Staraptor|0 fnt
|faint|p1a: Staraptor
|-damage|p2a: Garchomp|57/100|[from] item: Life Orb
|
|upkeep
|
|t:|1784261334
|switch|p1a: Dragapult|Dragapult, L50, M|33/100
|turn|4
|
|t:|1784261346
|move|p2b: Aerodactyl|Protect|p2b: Aerodactyl
|-singleturn|p2b: Aerodactyl|Protect
|move|p2a: Garchomp|Protect|p2a: Garchomp
|-singleturn|p2a: Garchomp|Protect
|move|p1a: Dragapult|Protect|p1a: Dragapult
|-singleturn|p1a: Dragapult|Protect
|move|p1b: Kingambit|Kowtow Cleave|p2b: Aerodactyl
|-activate|p2b: Aerodactyl|move: Protect
|
|-sideend|p2: lukashz|move: Tailwind
|upkeep
|turn|5
|-message|Snowsquall brute forfeited.
|
|win|lukashz
|l|☆Snowsquall brute
|player|p1|
||lukashz is ready for game 3.
||Snowsquall brute is ready for game 3.
|uhtml|next|Next: Game 3 of 3
