|j|☆EpiclyEpicGamerW
|j|☆amaryllisvgc
|html|EpiclyEpicGamerWamaryllisvgc    
|uhtml|bestof|Game 3 of a best-of-3
|t:|1755234377
|gametype|doubles
|player|p1|EpiclyEpicGamerW|red-masters|1165
|player|p2|amaryllisvgc|2|1244
|gen|9
|tier|[Gen 9] VGC 2025 Reg H (Bo3)
|rated|
|rule|Species Clause: Limit one of each Pokémon
|rule|Item Clause: Limit 1 of each item
|clearpoke
|poke|p1|Hydreigon, L50, M|
|poke|p1|Ursaluna, L50, M|
|poke|p1|Amoonguss, L50, M|
|poke|p1|Incineroar, L50, F|
|poke|p1|Gholdengo, L50|
|poke|p1|Porygon2, L50|
|poke|p2|Ursaluna, L50, F|
|poke|p2|Kilowattrel, L50, F|
|poke|p2|Gholdengo, L50|
|poke|p2|Incineroar, L50, F|
|poke|p2|Amoonguss, L50, F|
|poke|p2|Porygon2, L50|
|teampreview|4
|showteam|p1|Hydreigon||SafetyGoggles|Levitate|DracoMeteor,Snarl,Tailwind,Protect|||M|||50|,,,,,Ghost]Ursaluna||FlameOrb|Guts|HeadlongRush,Facade,Earthquake,Protect|||M|||50|,,,,,Poison]Amoonguss||CovertCloak|Regenerator|RagePowder,Spore,PollenPuff,Protect|||M|||50|,,,,,Water]Incineroar||AssaultVest|Intimidate|FakeOut,FlareBlitz,KnockOff,Uturn|||F|||50|,,,,,Bug]Gholdengo||SitrusBerry|GoodasGold|MakeItRain,ShadowBall,NastyPlot,Protect||||||50|,,,,,Flying]Porygon2||Eviolite|Download|TeraBlast,IceBeam,Recover,TrickRoom||||||50|,,,,,Fighting
|showteam|p2|Ursaluna||FlameOrb|Guts|Facade,HeadlongRush,Earthquake,Protect|||F|||50|,,,,,Fairy]Kilowattrel||FocusSash|Competitive|Thunderbolt,AirSlash,Tailwind,Protect|||F|||50|,,,,,Ghost]Gholdengo||LifeOrb|GoodasGold|MakeItRain,ShadowBall,NastyPlot,Protect||||||50|,,,,,Dragon]Incineroar||AssaultVest|Intimidate|KnockOff,FlareBlitz,Uturn,FakeOut|||F|||50|,,,,,Grass]Amoonguss||MentalHerb|Regenerator|Spore,RagePowder,SludgeBomb,Protect|||F|||50|,,,,,Fairy]Porygon2||Eviolite|Download|TeraBlast,IceBeam,Recover,TrickRoom||||||50|,,,,,Fighting
|inactive|Battle timer is ON: inactive players will automatically lose when time's up. (requested by EpiclyEpicGamerW)
|
|t:|1755234398
|teamsize|p1|4
|teamsize|p2|4
|start
|switch|p1a: Hydreigon|Hydreigon, L50, M|100/100
|switch|p1b: Porygon2|Porygon2, L50, shiny|100/100
|switch|p2a: Kilowattrel|Kilowattrel, L50, F|100/100
|switch|p2b: Incin|Incineroar, L50, F, shiny|100/100
|-ability|p2b: Incin|Intimidate|boost
|-unboost|p1a: Hydreigon|atk|1
|-unboost|p1b: Porygon2|atk|1
|-ability|p1b: Porygon2|Download|boost
|-boost|p1b: Porygon2|spa|1
|turn|1
|inactive|EpiclyEpicGamerW has 30 seconds left.
|inactive|EpiclyEpicGamerW has 20 seconds left.
|inactive|EpiclyEpicGamerW has 15 seconds left.
|
|t:|1755234439
|switch|p1b: Ursaluna|Ursaluna, L50, M, shiny|100/100
|move|p2b: Incin|Fake Out|p1b: Ursaluna
|-damage|p1b: Ursaluna|91/100
|move|p2a: Kilowattrel|Air Slash|p1a: Hydreigon
|-damage|p1a: Hydreigon|66/100
|move|p1a: Hydreigon|Draco Meteor|p2a: Kilowattrel
|-enditem|p2a: Kilowattrel|Focus Sash
|-damage|p2a: Kilowattrel|1/100
|-unboost|p1a: Hydreigon|spa|2
|
|-status|p1b: Ursaluna|brn|[from] item: Flame Orb
|upkeep
|turn|2
|inactive|EpiclyEpicGamerW has 30 seconds left.
|inactive|amaryllisvgc has 30 seconds left.
|
|t:|1755234468
|move|p2a: Kilowattrel|Tailwind|p2a: Kilowattrel
|-sidestart|p2: amaryllisvgc|move: Tailwind
|move|p2b: Incin|U-turn|p1a: Hydreigon
|-supereffective|p1a: Hydreigon
|-damage|p1a: Hydreigon|24/100
|
|t:|1755234473
|switch|p2b: Ursaluna|Ursaluna, L50, F|100/100|[from] U-turn
|move|p1a: Hydreigon|Snarl|p2a: Kilowattrel|[spread] p2a,p2b
|-damage|p2a: Kilowattrel|0 fnt
|-damage|p2b: Ursaluna|90/100
|-unboost|p2b: Ursaluna|spa|1
|faint|p2a: Kilowattrel
|move|p1b: Ursaluna|Earthquake|p2b: Ursaluna|[spread] p2b
|-immune|p1a: Hydreigon|[from] ability: Levitate
|-damage|p2b: Ursaluna|35/100
|
|-damage|p1b: Ursaluna|84/100 brn|[from] brn
|-status|p2b: Ursaluna|brn|[from] item: Flame Orb
|upkeep
|
|t:|1755234479
|switch|p2a: Incin|Incineroar, L50, F, shiny|100/100
|-ability|p2a: Incin|Intimidate|boost
|-unboost|p1a: Hydreigon|atk|1
|-unboost|p1b: Ursaluna|atk|1
|turn|3
|
|t:|1755234495
|switch|p1a: Amoonguss|Amoonguss, L50, M|100/100
|move|p1b: Ursaluna|Protect|p1b: Ursaluna
|-singleturn|p1b: Ursaluna|Protect
|move|p2a: Incin|U-turn|p1a: Amoonguss
|-crit|p1a: Amoonguss
|-damage|p1a: Amoonguss|75/100
|
|t:|1755234503
|switch|p2a: Gholdengo|Gholdengo, L50|100/100|[from] U-turn
|move|p2b: Ursaluna|Headlong Rush|p1b: Ursaluna
|-activate|p1b: Ursaluna|move: Protect
|
|-damage|p2b: Ursaluna|29/100 brn|[from] brn
|-damage|p1b: Ursaluna|78/100 brn|[from] brn
|upkeep
|turn|4
|inactive|EpiclyEpicGamerW has 30 seconds left.
|inactive|amaryllisvgc has 30 seconds left.
|
|t:|1755234534
|switch|p1b: Porygon2|Porygon2, L50, shiny|100/100
|-ability|p1b: Porygon2|Download|boost
|-boost|p1b: Porygon2|spa|1
|move|p1a: Amoonguss|Protect|p1a: Amoonguss
|-singleturn|p1a: Amoonguss|Protect
|move|p2a: Gholdengo|Make It Rain|p1a: Amoonguss|[spread] p1b
|-activate|p1a: Amoonguss|move: Protect
|-damage|p1b: Porygon2|66/100
|-unboost|p2a: Gholdengo|spa|1
|-damage|p2a: Gholdengo|91/100|[from] item: Life Orb
|move|p2b: Ursaluna|Facade|p1a: Amoonguss
|-activate|p1a: Amoonguss|move: Protect
|
|-damage|p2b: Ursaluna|24/100 brn|[from] brn
|upkeep
|turn|5
|inactive|amaryllisvgc has 30 seconds left.
|
|t:|1755234562
|switch|p2a: Incin|Incineroar, L50, F, shiny|100/100
|-ability|p2a: Incin|Intimidate|boost
|-unboost|p1a: Amoonguss|atk|1
|-unboost|p1b: Porygon2|atk|1
|move|p1a: Amoonguss|Rage Powder|p1a: Amoonguss
|-singleturn|p1a: Amoonguss|move: Rage Powder
|move|p2b: Ursaluna|Facade|p1a: Amoonguss
|-damage|p1a: Amoonguss|0 fnt
|faint|p1a: Amoonguss
|move|p1b: Porygon2|Trick Room|p1b: Porygon2
|-fieldstart|move: Trick Room|[of] p1b: Porygon2
|
|-damage|p2b: Ursaluna|18/100 brn|[from] brn
|-sideend|p2: amaryllisvgc|move: Tailwind
|upkeep
|
|t:|1755234577
|switch|p1a: Ursaluna|Ursaluna, L50, M, shiny|78/100 brn
|turn|6
|
|t:|1755234600
|switch|p2b: Gholdengo|Gholdengo, L50|91/100
|move|p1a: Ursaluna|Protect|p1a: Ursaluna
|-singleturn|p1a: Ursaluna|Protect
|move|p1b: Porygon2|Tera Blast|p2b: Gholdengo
|-immune|p2b: Gholdengo
|move|p2a: Incin|Flare Blitz|p1a: Ursaluna
|-activate|p1a: Ursaluna|move: Protect
|
|-damage|p1a: Ursaluna|72/100 brn|[from] brn
|upkeep
|turn|7
|
|t:|1755234620
|-terastallize|p2a: Incin|Grass
|move|p1b: Porygon2|Recover|p1b: Porygon2
|-heal|p1b: Porygon2|100/100
|move|p1a: Ursaluna|Facade|p2a: Incin
|-damage|p2a: Incin|0 fnt
|faint|p2a: Incin
|move|p2b: Gholdengo|Make It Rain|p1a: Ursaluna|[spread] p1a,p1b
|-damage|p1a: Ursaluna|20/100 brn
|-damage|p1b: Porygon2|66/100
|-unboost|p2b: Gholdengo|spa|1
|-damage|p2b: Gholdengo|82/100|[from] item: Life Orb
|
|-damage|p1a: Ursaluna|14/100 brn|[from] brn
|upkeep
|
|t:|1755234638
|switch|p2a: Ursaluna|Ursaluna, L50, F|18/100 brn
|turn|8
|
|t:|1755234651
|move|p1b: Porygon2|Tera Blast|p2a: Ursaluna
|-damage|p2a: Ursaluna|0 fnt
|faint|p2a: Ursaluna
|move|p1a: Ursaluna|Earthquake|p2b: Gholdengo|[spread] p1b,p2b
|-supereffective|p2b: Gholdengo
|-damage|p1b: Porygon2|20/100
|-damage|p2b: Gholdengo|0 fnt
|faint|p2b: Gholdengo
|
|win|EpiclyEpicGamerW
|raw|EpiclyEpicGamerW's rating: 1165 → 1196(+31 for winning)
|raw|amaryllisvgc's rating: 1244 → 1213(-31 for losing)
