|j|☆ItsDrakeLionheart
|j|☆RobinFalkner
|html|ItsDrakeLionheartRobinFalkner    
|uhtml|bestof|Game 3 of a best-of-3
|t:|1783301701
|gametype|doubles
|player|p1|ItsDrakeLionheart|giovanni|
|player|p2|RobinFalkner|burglar|
|gen|9
|tier|[Gen 9 Champions] VGC 2026 Reg M-B (Bo3)
|rule|Species Clause: Limit one of each Pokémon
|rule|Item Clause: Limit 1 of each item
|clearpoke
|poke|p1|Gengar, L50, M, shiny|
|poke|p1|Incineroar, L50, F, shiny|
|poke|p1|Aerodactyl, L50, F|
|poke|p1|Gliscor, L50, M, shiny|
|poke|p1|Goodra, L50, F|
|poke|p1|Lucario, L50, M|
|poke|p2|Oranguru, L50, F|
|poke|p2|Mawile, L50, F|
|poke|p2|Dragonite, L50, M|
|poke|p2|Tyranitar, L50, F|
|poke|p2|Milotic, L50, F|
|poke|p2|Liepard, L50, F|
|teampreview|4
|showteam|p1|Gengar||Gengarite|CursedBody|Protect,PerishSong,Disable,ShadowBall|Modest||M|||50|]Incineroar||SitrusBerry|Intimidate|FakeOut,Protect,FlareBlitz,PartingShot|Adamant||F|||50|]Aerodactyl||Aerodactylite|Unnerve|Crunch,WideGuard,SunnyDay,EarthPower|Impish||F|||50|]Gliscor||ExpertBelt|HyperCutter|Earthquake,Crunch,Crabhammer,Protect|Jolly||M|||50|]Goodra||Leftovers|Gooey|FirePunch,DracoMeteor,Superpower,Protect|Sassy||F|||50|]Lucario||ShucaBerry|Steadfast|AuraSphere,FlashCannon,WaterPulse,Protect|Timid||M|||50|
|showteam|p2|Oranguru||ColburBerry|InnerFocus|TrickRoom,Psyshock,Protect,Thunderbolt|Quiet||F|||50|]Mawile||Mawilite|HyperCutter|IronHead,PlayRough,SuckerPunch,Protect|Brave||F|||50|]Dragonite||Dragoninite|InnerFocus|Thunderbolt,DragonPulse,Tailwind,Protect|Modest||M|||50|]Tyranitar||ChopleBerry|SandStream|Crunch,IronDefense,BodyPress,Protect|Impish||F|||50|]Milotic||Leftovers|Competitive|Scald,FlipTurn,LifeDew,Protect|Quiet||F|||50|]Liepard||FocusSash|Prankster|FakeOut,Encore,Taunt,Snarl|Timid||F|||50|
|j| eternal_nighters
|
|t:|1783301787
|teamsize|p1|4
|teamsize|p2|4
|start
|switch|p1a: ProtagoNick|Lucario, L50, M|100/100
|switch|p1b: Marina Shafir|Incineroar, L50, F, shiny|100/100
|switch|p2a: Milotic|Milotic, L50, F|100/100
|switch|p2b: Liepard|Liepard, L50, F|100/100
|-ability|p1b: Marina Shafir|Intimidate|boost
|-unboost|p2a: Milotic|atk|1
|-ability|p2a: Milotic|Competitive|boost
|-boost|p2a: Milotic|spa|2
|-unboost|p2b: Liepard|atk|1
|turn|1
|
|t:|1783301824
|move|p2b: Liepard|Fake Out|p1b: Marina Shafir
|-crit|p1b: Marina Shafir
|-damage|p1b: Marina Shafir|91/100
|cant|p1b: Marina Shafir|flinch
|move|p1a: ProtagoNick|Aura Sphere|p2b: Liepard
|-supereffective|p2b: Liepard|1
|-enditem|p2b: Liepard|Focus Sash
|-damage|p2b: Liepard|1/100
|move|p2a: Milotic|Scald|p1a: ProtagoNick
|-damage|p1a: ProtagoNick|0 fnt
|faint|p1a: ProtagoNick
|
|upkeep
|
|t:|1783301847
|switch|p1a: Sticky|Goodra, L50, F|100/100
|turn|2
|inactive|Battle timer is ON: inactive players will automatically lose when time's up. (requested by ItsDrakeLionheart)
|inactive|RobinFalkner has 30 seconds left.
|inactive|RobinFalkner has 20 seconds left.
|
|t:|1783301904
|switch|p1b: William Afton|Gengar, L50, M, shiny|100/100
|move|p2b: Liepard|Snarl|p1b: William Afton|[spread] p1a,p1b
|-supereffective|p1b: William Afton|1
|-damage|p1a: Sticky|92/100
|-damage|p1b: William Afton|67/100
|-unboost|p1a: Sticky|spa|1
|-unboost|p1b: William Afton|spa|1
|-start|p2b: Liepard|Disable|Snarl|[from] ability: Cursed Body|[of] p1b: William Afton
|move|p2a: Milotic|Scald|p1b: William Afton
|-damage|p1b: William Afton|0 fnt
|faint|p1b: William Afton
|move|p1a: Sticky|Fire Punch|p2b: Liepard
|-damage|p2b: Liepard|0 fnt
|faint|p2b: Liepard
|
|-heal|p1a: Sticky|98/100|[from] item: Leftovers
|upkeep
|
|t:|1783301920
|switch|p2b: Dragonite|Dragonite, L50, M|100/100
|switch|p1b: Marina Shafir|Incineroar, L50, F, shiny|91/100
|-ability|p1b: Marina Shafir|Intimidate|boost
|-unboost|p2a: Milotic|atk|1
|-ability|p2a: Milotic|Competitive|boost
|-boost|p2a: Milotic|spa|2
|-fail|p2b: Dragonite|unboost|Attack|[from] ability: Inner Focus|[of] p2b: Dragonite
|turn|3
|
|t:|1783301932
|move|p1b: Marina Shafir|Fake Out|p2b: Dragonite
|-damage|p2b: Dragonite|87/100
|move|p2b: Dragonite|Tailwind|p2b: Dragonite
|-sidestart|p2: RobinFalkner|move: Tailwind
|move|p2a: Milotic|Scald|p1b: Marina Shafir
|-supereffective|p1b: Marina Shafir|1
|-crit|p1b: Marina Shafir
|-damage|p1b: Marina Shafir|0 fnt
|faint|p1b: Marina Shafir
|move|p1a: Sticky|Draco Meteor|p2b: Dragonite
|-supereffective|p2b: Dragonite|1
|-damage|p2b: Dragonite|35/100
|-unboost|p1a: Sticky|spa|2
|
|-heal|p1a: Sticky|100/100|[from] item: Leftovers
|upkeep
|turn|4
|c|☆ItsDrakeLionheart|GGs!
|
|t:|1783301951
|detailschange|p2b: Dragonite|Dragonite-Mega, L50, M
|-mega|p2b: Dragonite|Dragonite|Dragoninite
|move|p2b: Dragonite|Dragon Pulse|p1a: Sticky
|-supereffective|p1a: Sticky|1
|-damage|p1a: Sticky|41/100
|move|p2a: Milotic|Scald|p1a: Sticky
|-resisted|p1a: Sticky|1
|-damage|p1a: Sticky|11/100
|move|p1a: Sticky|Draco Meteor|p2b: Dragonite
|-supereffective|p2b: Dragonite|1
|-damage|p2b: Dragonite|5/100
|-unboost|p1a: Sticky|spa|2
|
|-heal|p1a: Sticky|17/100|[from] item: Leftovers
|upkeep
|turn|5
|c|☆RobinFalkner|ggs!
|
|t:|1783301973
|move|p2b: Dragonite|Dragon Pulse|p1a: Sticky
|-supereffective|p1a: Sticky|1
|-damage|p1a: Sticky|0 fnt
|faint|p1a: Sticky
|
|win|RobinFalkner
|l| eternal_nighters
