|j|☆ScillyWi11y
|j|☆JustAddBacon
|html|ScillyWi11yJustAddBacon    
|uhtml|bestof|Game 1 of a best-of-3
|t:|1757793902
|gametype|doubles
|player|p1|ScillyWi11y|169|1090
|player|p2|JustAddBacon|palmer|1113
|gen|9
|tier|[Gen 9] VGC 2025 Reg H (Bo3)
|rated|
|rule|Species Clause: Limit one of each Pokémon
|rule|Item Clause: Limit 1 of each item
|clearpoke
|poke|p1|Garchomp, L50, M|
|poke|p1|Whimsicott, L50, M|
|poke|p1|Incineroar, L50, F|
|poke|p1|Gengar, L50, F|
|poke|p1|Primarina, L50, F|
|poke|p1|Kingambit, L50, F|
|poke|p2|Rillaboom, L50, F|
|poke|p2|Chesnaught, L50, F|
|poke|p2|Incineroar, L50, F|
|poke|p2|Porygon2, L50|
|poke|p2|Sinistcha-Masterpiece, L50|
|poke|p2|Kommo-o, L50, M|
|teampreview|4
|showteam|p1|Garchomp||LifeOrb|RoughSkin|Earthquake,Protect,DragonClaw,StompingTantrum|||M|||50|,,,,,Fairy]Whimsicott||CovertCloak|Prankster|Tailwind,Encore,Taunt,Moonblast|||M|||50|,,,,,Fairy]Incineroar||SafetyGoggles|Intimidate|FakeOut,FlareBlitz,PartingShot,KnockOff|||F|||50|,,,,,Bug]Gengar||FocusSash|CursedBody|SludgeBomb,ShadowBall,Protect,TrickRoom|||F|||50|,,,,,Ghost]Primarina||ThroatSpray|LiquidVoice|Moonblast,HyperVoice,CalmMind,Protect|||F|||50|,,,,,Water]Kingambit||BlackGlasses|Defiant|SuckerPunch,KowtowCleave,Protect,IronHead|||F|||50|,,,,,Flying
|showteam|p2|Rillaboom||AssaultVest|GrassySurge|FakeOut,GrassyGlide,Uturn,KnockOff|||F|||50|,,,,,Water]Chesnaught||SitrusBerry|Bulletproof|BellyDrum,GrassyGlide,DrainPunch,SpikyShield|||F|||50|,,,,,Fire]Incineroar||SafetyGoggles|Intimidate|FakeOut,PartingShot,KnockOff,FlareBlitz|||F|||50|,,,,,Water]Porygon2||Eviolite|Download|TrickRoom,Recover,IceBeam,TeraBlast||||||50|,,,,,Fighting]Sinistcha-Masterpiece||Leftovers|Hospitality|MatchaGotcha,RagePowder,TrickRoom,Protect||||||50|,,,,,Water]Kommo-o||GrassySeed|Overcoat|BodyPress,ClangorousSoul,DrainPunch,Protect|||M|||50|,,,,,Fire
|inactive|Battle timer is ON: inactive players will automatically lose when time's up. (requested by ScillyWi11y)
|inactive|JustAddBacon has 60 seconds left.
|
|t:|1757793976
|teamsize|p1|4
|teamsize|p2|4
|start
|switch|p1a: Kingambit|Kingambit, L50, F|100/100
|switch|p1b: Whimsicott|Whimsicott, L50, M|100/100
|switch|p2a: Rillaboom|Rillaboom, L50, F|100/100
|switch|p2b: Kommo-o|Kommo-o, L50, M|100/100
|-fieldstart|move: Grassy Terrain|[from] ability: Grassy Surge|[of] p2a: Rillaboom
|-enditem|p2b: Kommo-o|Grassy Seed
|-boost|p2b: Kommo-o|def|1|[from] item: Grassy Seed
|turn|1
|inactive|ScillyWi11y has 30 seconds left.
|inactive|JustAddBacon has 30 seconds left.
|inactive|JustAddBacon has 20 seconds left.
|inactive|JustAddBacon has 15 seconds left.
|inactive|JustAddBacon has 10 seconds left.
|
|t:|1757794021
|switch|p1a: Gengar|Gengar, L50, F|100/100
|-terastallize|p2b: Kommo-o|Fire
|move|p1b: Whimsicott|Moonblast|p2b: Kommo-o
|-resisted|p2b: Kommo-o
|-damage|p2b: Kommo-o|91/100
|move|p2b: Kommo-o|Clangorous Soul|p2b: Kommo-o
|-boost|p2b: Kommo-o|atk|1
|-boost|p2b: Kommo-o|def|1
|-boost|p2b: Kommo-o|spa|1
|-boost|p2b: Kommo-o|spd|1
|-boost|p2b: Kommo-o|spe|1
|-damage|p2b: Kommo-o|58/100
|move|p2a: Rillaboom|U-turn|p1a: Gengar
|-resisted|p1a: Gengar
|-damage|p1a: Gengar|87/100
|
|t:|1757794040
|switch|p2a: Sinistcha|Sinistcha-Masterpiece, L50|100/100|[from] U-turn
|-heal|p2b: Kommo-o|82/100|[from] ability: Hospitality|[of] p2a: Sinistcha
|
|-heal|p1a: Gengar|93/100|[from] Grassy Terrain
|-heal|p2b: Kommo-o|88/100|[from] Grassy Terrain
|upkeep
|turn|2
|inactive|ScillyWi11y has 30 seconds left.
|inactive|JustAddBacon has 30 seconds left.
|inactive|ScillyWi11y has 20 seconds left.
|inactive|JustAddBacon has 20 seconds left.
|inactive|ScillyWi11y has 15 seconds left.
|inactive|JustAddBacon has 15 seconds left.
|inactive|ScillyWi11y has 10 seconds left.
|inactive|JustAddBacon has 10 seconds left.
|inactive|JustAddBacon has 5 seconds left.
|
|t:|1757794095
|switch|p2a: Incineroar|Incineroar, L50, F|100/100
|-ability|p2a: Incineroar|Intimidate|boost
|-unboost|p1a: Gengar|atk|1
|-unboost|p1b: Whimsicott|atk|1
|move|p1b: Whimsicott|Taunt|p2a: Incineroar
|-hint|Since gen 7, Dark is immune to Prankster moves.
|-immune|p2a: Incineroar
|move|p1a: Gengar|Sludge Bomb|p2b: Kommo-o
|-damage|p2b: Kommo-o|65/100
|move|p2b: Kommo-o|Body Press|p1b: Whimsicott
|-resisted|p1b: Whimsicott
|-damage|p1b: Whimsicott|68/100
|
|-heal|p1a: Gengar|99/100|[from] Grassy Terrain
|-heal|p2b: Kommo-o|71/100|[from] Grassy Terrain
|-heal|p1b: Whimsicott|74/100|[from] Grassy Terrain
|upkeep
|turn|3
|inactive|ScillyWi11y has 30 seconds left.
|inactive|ScillyWi11y has 20 seconds left.
|inactive|ScillyWi11y has 15 seconds left.
|
|t:|1757794138
|switch|p1b: Primarina|Primarina, L50, F|100/100
|move|p1a: Gengar|Protect|p1a: Gengar
|-singleturn|p1a: Gengar|Protect
|move|p2b: Kommo-o|Body Press|p1b: Primarina
|-resisted|p1b: Primarina
|-damage|p1b: Primarina|56/100
|move|p2a: Incineroar|Knock Off|p1a: Gengar
|-activate|p1a: Gengar|move: Protect
|
|-heal|p1a: Gengar|100/100|[from] Grassy Terrain
|-heal|p2b: Kommo-o|77/100|[from] Grassy Terrain
|-heal|p1b: Primarina|62/100|[from] Grassy Terrain
|upkeep
|turn|4
|inactive|JustAddBacon has 30 seconds left.
|inactive|JustAddBacon has 20 seconds left.
|
|t:|1757794177
|move|p1b: Primarina|Protect|p1b: Primarina
|-singleturn|p1b: Primarina|Protect
|move|p2b: Kommo-o|Body Press|p1b: Primarina
|-activate|p1b: Primarina|move: Protect
|move|p2a: Incineroar|Knock Off|p1b: Primarina
|-activate|p1b: Primarina|move: Protect
|move|p1a: Gengar|Trick Room|p1a: Gengar
|-fieldstart|move: Trick Room|[of] p1a: Gengar
|
|-heal|p1b: Primarina|68/100|[from] Grassy Terrain
|-heal|p2b: Kommo-o|83/100|[from] Grassy Terrain
|upkeep
|turn|5
|inactive|ScillyWi11y has 30 seconds left.
|inactive|JustAddBacon has 30 seconds left.
|
|t:|1757794208
|switch|p1a: Kingambit|Kingambit, L50, F|100/100
|move|p2b: Kommo-o|Protect|p2b: Kommo-o
|-singleturn|p2b: Kommo-o|Protect
|move|p1b: Primarina|Calm Mind|p1b: Primarina
|-boost|p1b: Primarina|spa|1
|-boost|p1b: Primarina|spd|1
|move|p2a: Incineroar|Parting Shot|p1b: Primarina
|-unboost|p1b: Primarina|atk|1
|-unboost|p1b: Primarina|spa|1
|
|t:|1757794226
|switch|p2a: Sinistcha|Sinistcha-Masterpiece, L50|100/100|[from] Parting Shot
|-heal|p2b: Kommo-o|100/100|[from] ability: Hospitality|[of] p2a: Sinistcha
|
|-heal|p1b: Primarina|74/100|[from] Grassy Terrain
|-fieldend|move: Grassy Terrain
|upkeep
|turn|6
|inactive|ScillyWi11y has 30 seconds left.
|inactive|JustAddBacon has 30 seconds left.
|
|t:|1757794260
|switch|p2a: Rillaboom|Rillaboom, L50, F|100/100
|-fieldstart|move: Grassy Terrain|[from] ability: Grassy Surge|[of] p2a: Rillaboom
|move|p1a: Kingambit|Kowtow Cleave|p2a: Rillaboom
|-damage|p2a: Rillaboom|45/100
|move|p1b: Primarina|Calm Mind|p1b: Primarina
|-boost|p1b: Primarina|spa|1
|-boost|p1b: Primarina|spd|1
|move|p2b: Kommo-o|Body Press|p1b: Primarina
|-resisted|p1b: Primarina
|-damage|p1b: Primarina|36/100
|
|-heal|p1b: Primarina|42/100|[from] Grassy Terrain
|-heal|p2a: Rillaboom|51/100|[from] Grassy Terrain
|upkeep
|turn|7
|inactive|ScillyWi11y has 30 seconds left.
|
|t:|1757794291
|-terastallize|p1a: Kingambit|Flying
|move|p1b: Primarina|Protect|p1b: Primarina
|-singleturn|p1b: Primarina|Protect
|move|p2a: Rillaboom|Grassy Glide|p1b: Primarina
|-activate|p1b: Primarina|move: Protect
|move|p1a: Kingambit|Kowtow Cleave|p2a: Rillaboom
|-damage|p2a: Rillaboom|0 fnt
|faint|p2a: Rillaboom
|move|p2b: Kommo-o|Clangorous Soul|p2b: Kommo-o
|-boost|p2b: Kommo-o|atk|1
|-boost|p2b: Kommo-o|def|1
|-boost|p2b: Kommo-o|spa|1
|-boost|p2b: Kommo-o|spd|1
|-boost|p2b: Kommo-o|spe|1
|-damage|p2b: Kommo-o|68/100
|
|-heal|p1b: Primarina|48/100|[from] Grassy Terrain
|-heal|p2b: Kommo-o|74/100|[from] Grassy Terrain
|upkeep
|
|t:|1757794309
|switch|p2a: Sinistcha|Sinistcha-Masterpiece, L50|100/100
|-heal|p2b: Kommo-o|98/100|[from] ability: Hospitality|[of] p2a: Sinistcha
|turn|8
|inactive|ScillyWi11y has 30 seconds left.
|
|t:|1757794342
|switch|p1a: Gengar|Gengar, L50, F|100/100
|move|p2a: Sinistcha|Protect|p2a: Sinistcha
|-singleturn|p2a: Sinistcha|Protect
|move|p1b: Primarina|Hyper Voice|p2b: Kommo-o|[spread] p2b
|-activate|p2a: Sinistcha|move: Protect
|-supereffective|p2b: Kommo-o
|-damage|p2b: Kommo-o|55/100
|-enditem|p1b: Primarina|Throat Spray
|-boost|p1b: Primarina|spa|1|[from] item: Throat Spray
|move|p2b: Kommo-o|Body Press|p1a: Gengar
|-immune|p1a: Gengar
|
|-heal|p1b: Primarina|53/100|[from] Grassy Terrain
|-heal|p2b: Kommo-o|61/100|[from] Grassy Terrain
|-fieldend|move: Trick Room
|upkeep
|turn|9
|inactive|ScillyWi11y has 30 seconds left.
|inactive|JustAddBacon has 30 seconds left.
|inactive|ScillyWi11y has 20 seconds left.
|inactive|JustAddBacon has 20 seconds left.
|inactive|JustAddBacon has 15 seconds left.
|inactive|ScillyWi11y has 15 seconds left.
|inactive|JustAddBacon has 10 seconds left.
|
|t:|1757794390
|move|p1b: Primarina|Protect|p1b: Primarina
|-singleturn|p1b: Primarina|Protect
|move|p2b: Kommo-o|Body Press|p1b: Primarina
|-activate|p1b: Primarina|move: Protect
|move|p2a: Sinistcha|Matcha Gotcha|p1b: Primarina|[spread] p1a
|-activate|p1b: Primarina|move: Protect
|-resisted|p1a: Gengar
|-damage|p1a: Gengar|68/100
|-start|p2a: Sinistcha|Disable|Matcha Gotcha|[from] ability: Cursed Body|[of] p1a: Gengar
|move|p1a: Gengar|Trick Room|p1a: Gengar
|-fieldstart|move: Trick Room|[of] p1a: Gengar
|
|-heal|p1b: Primarina|59/100|[from] Grassy Terrain
|-heal|p1a: Gengar|74/100|[from] Grassy Terrain
|-heal|p2b: Kommo-o|68/100|[from] Grassy Terrain
|upkeep
|turn|10
|inactive|ScillyWi11y has 30 seconds left.
|
|t:|1757794418
|move|p1b: Primarina|Hyper Voice|p2a: Sinistcha|[spread] p2a,p2b
|-resisted|p2a: Sinistcha
|-crit|p2a: Sinistcha
|-supereffective|p2b: Kommo-o
|-damage|p2a: Sinistcha|32/100
|-damage|p2b: Kommo-o|15/100
|move|p1a: Gengar|Sludge Bomb|p2b: Kommo-o
|-damage|p2b: Kommo-o|0 fnt
|faint|p2b: Kommo-o
|move|p2a: Sinistcha|Trick Room|p2a: Sinistcha
|-fieldend|move: Trick Room
|
|-heal|p1a: Gengar|80/100|[from] Grassy Terrain
|-heal|p1b: Primarina|65/100|[from] Grassy Terrain
|-heal|p2a: Sinistcha|38/100|[from] Grassy Terrain
|-heal|p2a: Sinistcha|44/100|[from] item: Leftovers
|-fieldend|move: Grassy Terrain
|upkeep
|
|t:|1757794430
|switch|p2b: Incineroar|Incineroar, L50, F|100/100
|-ability|p2b: Incineroar|Intimidate|boost
|-unboost|p1a: Gengar|atk|1
|-unboost|p1b: Primarina|atk|1
|turn|11
|
|t:|1757794442
|move|p1b: Primarina|Protect|p1b: Primarina
|-singleturn|p1b: Primarina|Protect
|move|p2a: Sinistcha|Protect|p2a: Sinistcha
|-singleturn|p2a: Sinistcha|Protect
|move|p1a: Gengar|Sludge Bomb|p2a: Sinistcha
|-activate|p2a: Sinistcha|move: Protect
|move|p2b: Incineroar|Knock Off|p1a: Gengar
|-supereffective|p1a: Gengar
|-damage|p1a: Gengar|0 fnt
|-enditem|p1a: Gengar|Focus Sash|[from] move: Knock Off|[of] p2b: Incineroar
|faint|p1a: Gengar
|
|-heal|p2a: Sinistcha|50/100|[from] item: Leftovers
|upkeep
|-message|JustAddBacon forfeited.
|
|win|ScillyWi11y
|l|☆JustAddBacon
|player|p2|
||JustAddBacon is ready for game 2.
|inactive|ScillyWi11y has 30 seconds to confirm battle start!
||ScillyWi11y is ready for game 2.
|uhtml|next|Next: Game 2 of 3
|j|☆JustAddBacon
|player|p2|JustAddBacon|palmer|
