|j|☆blackstorm games
|j|☆spellbreakvgc
|html|blackstorm gamesspellbreakvgc    
|uhtml|bestof|Game 3 of a best-of-3
|t:|1756931405
|gametype|doubles
|player|p1|blackstorm games|266|1210
|player|p2|spellbreakvgc|lance|1183
|gen|9
|tier|[Gen 9] VGC 2025 Reg H (Bo3)
|rated|
|rule|Species Clause: Limit one of each Pokémon
|rule|Item Clause: Limit 1 of each item
|clearpoke
|poke|p1|Dragonite, L50, F|
|poke|p1|Pelipper, L50, M|
|poke|p1|Gholdengo, L50|
|poke|p1|Archaludon, L50, M|
|poke|p1|Sinistcha, L50|
|poke|p1|Ursaluna, L50, M|
|poke|p2|Glimmora, L50, M|
|poke|p2|Dondozo, L50, F|
|poke|p2|Tatsugiri-Droopy, L50, M|
|poke|p2|Archaludon, L50, M|
|poke|p2|Gholdengo, L50|
|poke|p2|Maushold, L50|
|teampreview|4
|showteam|p1|Dragonite||LoadedDice|Multiscale|ScaleShot,Tailwind,Haze,Protect|||F|||50|,,,,,Fairy]Pelipper||FocusSash|Drizzle|Hurricane,Tailwind,WeatherBall,Protect|||M|||50|,,,,,Ghost]Gholdengo||LifeOrb|GoodasGold|MakeItRain,ShadowBall,NastyPlot,Protect||||||50|,,,,,Water]Archaludon||AssaultVest|Stamina|ElectroShot,BodyPress,DracoMeteor,Snarl|||M|||50|,,,,,Fighting]Sinistcha||SitrusBerry|Hospitality|MatchaGotcha,LifeDew,RagePowder,TrickRoom||||||50|,,,,,Dark]Ursaluna||FlameOrb|Guts|HeadlongRush,Earthquake,Facade,Protect|||M|||50|,,,,,Ghost
|showteam|p2|Glimmora||CovertCloak|ToxicDebris|MortalSpin,PowerGem,EarthPower,SpikyShield|||M|||50|,,,,,Bug]Dondozo||Leftovers|Unaware|Earthquake,OrderUp,BodyPress,Protect|||F|||50|,,,,,Grass]Tatsugiri-Droopy||FocusSash|Commander|DracoMeteor,MuddyWater,HelpingHand,Protect|||M|||50|,,,,,Stellar]Archaludon||AssaultVest|Stamina|ElectroShot,FlashCannon,DragonPulse,BodyPress|||M|||50|,,,,,Bug]Gholdengo||ChoiceScarf|GoodasGold|MakeItRain,ShadowBall,DazzlingGleam,Trick||||||50|,,,,,Fairy]Maushold||SafetyGoggles|FriendGuard|BeatUp,Taunt,FollowMe,Protect||||||50|,,,,,Ghost
|inactive|Battle timer is ON: inactive players will automatically lose when time's up. (requested by spellbreakvgc)
|
|t:|1756931454
|teamsize|p1|4
|teamsize|p2|4
|start
|switch|p1a: Dragonite|Dragonite, L50, F|100/100
|switch|p1b: Sinistcha|Sinistcha, L50|100/100
|switch|p2a: Glimmora|Glimmora, L50, M|100/100
|switch|p2b: Dondozo|Dondozo, L50, F|100/100
|turn|1
|
|t:|1756931471
|-terastallize|p2b: Dondozo|Grass
|move|p1b: Sinistcha|Rage Powder|p1b: Sinistcha
|-singleturn|p1b: Sinistcha|move: Rage Powder
|move|p1a: Dragonite|Scale Shot|p2a: Glimmora
|-damage|p2a: Glimmora|85/100
|-activate|p2a: Glimmora|ability: Toxic Debris
|-sidestart|p1: blackstorm games|move: Toxic Spikes
|-damage|p2a: Glimmora|70/100
|-activate|p2a: Glimmora|ability: Toxic Debris
|-sidestart|p1: blackstorm games|move: Toxic Spikes
|-damage|p2a: Glimmora|56/100
|-damage|p2a: Glimmora|41/100
|-damage|p2a: Glimmora|26/100
|-hitcount|p2a: Glimmora|5
|-unboost|p1a: Dragonite|def|1
|-boost|p1a: Dragonite|spe|1
|move|p2a: Glimmora|Mortal Spin|p1b: Sinistcha|[spread] p1a,p1b
|-damage|p1a: Dragonite|97/100
|-damage|p1b: Sinistcha|97/100
|-status|p1a: Dragonite|psn
|-status|p1b: Sinistcha|psn
|move|p2b: Dondozo|Order Up|p1a: Dragonite
|-supereffective|p1a: Dragonite
|-damage|p1a: Dragonite|58/100 psn
|
|-damage|p1a: Dragonite|46/100 psn|[from] psn
|-damage|p1b: Sinistcha|84/100 psn|[from] psn
|upkeep
|turn|2
|inactive|blackstorm games has 30 seconds left.
|inactive|spellbreakvgc has 30 seconds left.
|inactive|spellbreakvgc has 20 seconds left.
|inactive|spellbreakvgc has 15 seconds left.
|inactive|spellbreakvgc has 10 seconds left.
|inactive|blackstorm games has 20 seconds left.
|
|t:|1756931524
|move|p2a: Glimmora|Spiky Shield|p2a: Glimmora
|-singleturn|p2a: Glimmora|move: Protect
|move|p2b: Dondozo|Protect|p2b: Dondozo
|-singleturn|p2b: Dondozo|Protect
|move|p1a: Dragonite|Tailwind|p1a: Dragonite
|-sidestart|p1: blackstorm games|move: Tailwind
|move|p1b: Sinistcha|Matcha Gotcha|p2a: Glimmora|[spread] 
|-activate|p2a: Glimmora|move: Protect
|-activate|p2b: Dondozo|move: Protect
|
|-damage|p1a: Dragonite|34/100 psn|[from] psn
|-damage|p1b: Sinistcha|72/100 psn|[from] psn
|upkeep
|turn|3
|inactive|spellbreakvgc has 30 seconds left.
|inactive|spellbreakvgc has 20 seconds left.
|
|t:|1756931559
|switch|p1a: Archaludon|Archaludon, L50, M|100/100
|switch|p2a: Gholdengo|Gholdengo, L50|100/100
|move|p1b: Sinistcha|Matcha Gotcha|p2a: Gholdengo|[spread] p2a,p2b
|-resisted|p2a: Gholdengo
|-resisted|p2b: Dondozo
|-damage|p2a: Gholdengo|86/100
|-heal|p1b: Sinistcha|79/100 psn|[from] drain|[of] p2a: Gholdengo
|-damage|p2b: Dondozo|91/100
|-heal|p1b: Sinistcha|85/100 psn|[from] drain|[of] p2b: Dondozo
|move|p2b: Dondozo|Order Up|p1a: Archaludon
|-damage|p1a: Archaludon|88/100
|-ability|p1a: Archaludon|Stamina|boost
|-boost|p1a: Archaludon|def|1
|
|-heal|p2b: Dondozo|97/100|[from] item: Leftovers
|-damage|p1b: Sinistcha|73/100 psn|[from] psn
|upkeep
|turn|4
|inactive|blackstorm games has 30 seconds left.
|inactive|spellbreakvgc has 30 seconds left.
|inactive|blackstorm games has 20 seconds left.
|inactive|spellbreakvgc has 20 seconds left.
|inactive|blackstorm games has 15 seconds left.
|inactive|spellbreakvgc has 15 seconds left.
|inactive|spellbreakvgc has 10 seconds left.
|
|t:|1756931614
|-terastallize|p1a: Archaludon|Fighting
|move|p1a: Archaludon|Body Press|p2b: Dondozo
|-damage|p2b: Dondozo|75/100
|move|p2a: Gholdengo|Shadow Ball|p1b: Sinistcha
|-supereffective|p1b: Sinistcha
|-damage|p1b: Sinistcha|0 fnt
|faint|p1b: Sinistcha
|move|p2b: Dondozo|Earthquake|p1a: Archaludon|[spread] p2a,p1a
|-supereffective|p2a: Gholdengo
|-damage|p2a: Gholdengo|49/100
|-damage|p1a: Archaludon|76/100
|-ability|p1a: Archaludon|Stamina|boost
|-boost|p1a: Archaludon|def|1
|
|-heal|p2b: Dondozo|81/100|[from] item: Leftovers
|upkeep
|
|t:|1756931628
|switch|p1b: Gholdengo|Gholdengo, L50|100/100
|turn|5
|
|t:|1756931640
|switch|p2a: Glimmora|Glimmora, L50, M|26/100
|move|p2b: Dondozo|Protect|p2b: Dondozo
|-singleturn|p2b: Dondozo|Protect
|move|p1b: Gholdengo|Shadow Ball|p2a: Glimmora
|-damage|p2a: Glimmora|0 fnt
|faint|p2a: Glimmora
|-damage|p1b: Gholdengo|91/100|[from] item: Life Orb
|move|p1a: Archaludon|Body Press|p2b: Dondozo
|-activate|p2b: Dondozo|move: Protect
|
|-heal|p2b: Dondozo|87/100|[from] item: Leftovers
|-sideend|p1: blackstorm games|move: Tailwind
|upkeep
|inactive|spellbreakvgc has 30 seconds left.
|
|t:|1756931665
|switch|p2a: Gholdengo|Gholdengo, L50|49/100
|turn|6
|
|t:|1756931677
|switch|p1b: Dragonite|Dragonite, L50, F|34/100 psn
|switch|p2b: Tatsugiri|Tatsugiri-Droopy, L50, M, shiny|100/100
|move|p2a: Gholdengo|Shadow Ball|p1b: Dragonite
|-damage|p1b: Dragonite|0 fnt
|faint|p1b: Dragonite
|move|p1a: Archaludon|Snarl|p2a: Gholdengo|[spread] p2a,p2b
|-supereffective|p2a: Gholdengo
|-damage|p2a: Gholdengo|16/100
|-damage|p2b: Tatsugiri|82/100
|-unboost|p2a: Gholdengo|spa|1
|-unboost|p2b: Tatsugiri|spa|1
|
|upkeep
|
|t:|1756931689
|switch|p1b: Gholdengo|Gholdengo, L50|91/100
|turn|7
|
|t:|1756931707
|move|p1b: Gholdengo|Protect|p1b: Gholdengo
|-singleturn|p1b: Gholdengo|Protect
|move|p2b: Tatsugiri|Protect|p2b: Tatsugiri
|-singleturn|p2b: Tatsugiri|Protect
|move|p2a: Gholdengo|Shadow Ball|p1a: Archaludon
|-damage|p1a: Archaludon|50/100
|-ability|p1a: Archaludon|Stamina|boost
|-boost|p1a: Archaludon|def|1
|move|p1a: Archaludon|Snarl|p2b: Tatsugiri|[spread] p2a
|-activate|p2b: Tatsugiri|move: Protect
|-supereffective|p2a: Gholdengo
|-damage|p2a: Gholdengo|0 fnt
|faint|p2a: Gholdengo
|
|upkeep
|
|t:|1756931723
|switch|p2a: Dondozo|Dondozo, L50, F, tera:Grass|87/100
|-activate|p2b: Tatsugiri|ability: Commander|[of] p2a: Dondozo
|-boost|p2a: Dondozo|atk|2
|-boost|p2a: Dondozo|spa|2
|-boost|p2a: Dondozo|spe|2
|-boost|p2a: Dondozo|def|2
|-boost|p2a: Dondozo|spd|2
|turn|8
|
|t:|1756931738
|move|p1b: Gholdengo|Shadow Ball|p2a: Dondozo
|-damage|p2a: Dondozo|67/100
|-damage|p1b: Gholdengo|82/100|[from] item: Life Orb
|move|p2a: Dondozo|Earthquake|p1b: Gholdengo|[spread] p1a,p1b
|-miss|p2a: Dondozo|p2b: Tatsugiri
|-crit|p1a: Archaludon
|-supereffective|p1b: Gholdengo
|-damage|p1a: Archaludon|11/100
|-damage|p1b: Gholdengo|15/100
|-ability|p1a: Archaludon|Stamina|boost
|-boost|p1a: Archaludon|def|1
|move|p1a: Archaludon|Draco Meteor|p2a: Dondozo
|-damage|p2a: Dondozo|43/100
|-unboost|p1a: Archaludon|spa|2
|
|-heal|p2a: Dondozo|49/100|[from] item: Leftovers
|upkeep
|turn|9
|inactive|blackstorm games has 30 seconds left.
|inactive|blackstorm games has 20 seconds left.
|
|t:|1756931774
|move|p1b: Gholdengo|Make It Rain|p2b: Tatsugiri|[spread] p2a
|-miss|p1b: Gholdengo|p2b: Tatsugiri
|-damage|p2a: Dondozo|28/100
|-unboost|p1b: Gholdengo|spa|1
|-damage|p1b: Gholdengo|6/100|[from] item: Life Orb
|move|p2a: Dondozo|Earthquake|p1a: Archaludon|[spread] p1a,p1b
|-miss|p2a: Dondozo|p2b: Tatsugiri
|-supereffective|p1b: Gholdengo
|-damage|p1a: Archaludon|0 fnt
|-damage|p1b: Gholdengo|0 fnt
|faint|p1a: Archaludon
|faint|p1b: Gholdengo
|
|win|spellbreakvgc
|raw|blackstorm games's rating: 1210 → 1183(-27 for losing)
|raw|spellbreakvgc's rating: 1183 → 1210(+27 for winning)
