|j|☆gridius
|j|☆Lightoz
|html|gridiusLightoz    
|uhtml|bestof|Game 1 of a best-of-3
|t:|1785270333
|gametype|doubles
|player|p1|gridius|101|1255
|player|p2|Lightoz|blue-gen2|1518
|gen|9
|tier|[Gen 9 Champions] VGC 2026 Reg M-B (Bo3)
|rated|
|rule|Species Clause: Limit one of each Pokémon
|rule|Item Clause: Limit 1 of each item
|clearpoke
|poke|p1|Pelipper, L50, M|
|poke|p1|Charizard, L50, M, shiny|
|poke|p1|Grimmsnarl, L50, M|
|poke|p1|Archaludon, L50, M, shiny|
|poke|p1|Venusaur, L50, F|
|poke|p1|Swampert, L50, M|
|poke|p2|Staraptor, L50, F|
|poke|p2|Arcanine-Hisui, L50, F|
|poke|p2|Kingambit, L50, F|
|poke|p2|Raichu, L50, M|
|poke|p2|Farigiraf, L50, F|
|poke|p2|Sylveon, L50, M, shiny|
|teampreview|4
|showteam|p1|Pelipper||SitrusBerry|Drizzle|Hurricane,WeatherBall,Tailwind,WideGuard|Modest||M|||50|]Charizard||CharizarditeY|Blaze|Protect,HeatWave,WeatherBall,SolarBeam|Modest||M|||50|]Grimmsnarl||LightClay|Prankster|SpiritBreak,Reflect,LightScreen,PartingShot|Sassy||M|||50|]Archaludon||Leftovers|Stamina|Protect,ElectroShot,DragonPulse,FlashCannon|Calm||M|||50|]Venusaur||FocusSash|Chlorophyll|Protect,SleepPowder,SludgeBomb,EarthPower|Modest||F|||50|]Swampert||Swampertite|Torrent|Protect,Earthquake,WaveCrash,IcePunch|Adamant||M|||50|
|showteam|p2|Staraptor||Staraptite|Intimidate|DualWingbeat,CloseCombat,Tailwind,Protect|Jolly||F|||50|]Arcanine-Hisui||FocusSash|RockHead|FlareBlitz,HeadSmash,ExtremeSpeed,Protect|Jolly||F|||50|]Kingambit||LifeOrb|Defiant|KowtowCleave,SuckerPunch,SwordsDance,Protect|Adamant||F|||50|]Raichu||RaichuniteY|LightningRod|ZapCannon,FocusBlast,FakeOut,Protect|Timid||M|||50|]Farigiraf||SitrusBerry|ArmorTail|Psychic,HelpingHand,TrickRoom,Protect|Bold||F|||50|]Sylveon||FairyFeather|Pixilate|HyperVoice,HyperBeam,QuickAttack,Detect|Modest||M|||50|
|inactive|Battle timer is ON: inactive players will automatically lose when time's up. (requested by gridius)
|inactive|gridius has 60 seconds left.
|
|t:|1785270391
|teamsize|p1|4
|teamsize|p2|4
|start
|switch|p1a: Swampert|Swampert, L50, M|100/100
|switch|p1b: Grimmsnarl|Grimmsnarl, L50, M|100/100
|switch|p2a: Arcanine|Arcanine-Hisui, L50, F|100/100
|switch|p2b: Staraptor|Staraptor, L50, F|100/100
|-ability|p2b: Staraptor|Intimidate|boost
|-unboost|p1a: Swampert|atk|1
|-unboost|p1b: Grimmsnarl|atk|1
|turn|1
|inactive|gridius has 30 seconds left.
|inactive|gridius has 20 seconds left.
|inactive|gridius has 15 seconds left.
|
|t:|1785270434
|switch|p2a: Sylveon|Sylveon, L50, M, shiny|100/100
|detailschange|p2b: Staraptor|Staraptor-Mega, L50, F
|-mega|p2b: Staraptor|Staraptor|Staraptite
|detailschange|p1a: Swampert|Swampert-Mega, L50, M
|-mega|p1a: Swampert|Swampert|Swampertite
|move|p1b: Grimmsnarl|Reflect|p1b: Grimmsnarl
|-sidestart|p1: gridius|Reflect
|move|p2b: Staraptor|Close Combat|p1b: Grimmsnarl
|-damage|p1b: Grimmsnarl|63/100
|-boost|p2b: Staraptor|def|1
|-boost|p2b: Staraptor|spd|1
|move|p1a: Swampert|Ice Punch|p2b: Staraptor
|-supereffective|p2b: Staraptor|1
|-damage|p2b: Staraptor|75/100
|
|upkeep
|turn|2
|inactive|gridius has 30 seconds left.
|
|t:|1785270464
|move|p1b: Grimmsnarl|Light Screen|p1b: Grimmsnarl
|-sidestart|p1: gridius|move: Light Screen
|move|p2b: Staraptor|Tailwind|p2b: Staraptor
|-sidestart|p2: Lightoz|move: Tailwind
|move|p2a: Sylveon|Hyper Voice|p1a: Swampert|[spread] p1a,p1b
|-supereffective|p1b: Grimmsnarl|1
|-damage|p1a: Swampert|73/100
|-damage|p1b: Grimmsnarl|13/100
|move|p1a: Swampert|Wave Crash|p2b: Staraptor
|-damage|p2b: Staraptor|46/100
|-damage|p1a: Swampert|64/100|[from] Recoil
|
|upkeep
|turn|3
|
|t:|1785270481
|move|p2a: Sylveon|Detect|p2a: Sylveon
|-singleturn|p2a: Sylveon|Protect
|move|p1b: Grimmsnarl|Parting Shot|p2a: Sylveon
|-activate|p2a: Sylveon|move: Protect
|move|p2b: Staraptor|Close Combat|p1a: Swampert
|-damage|p1a: Swampert|34/100
|-boost|p2b: Staraptor|def|1
|-boost|p2b: Staraptor|spd|1
|move|p1a: Swampert|Wave Crash|p2a: Sylveon
|-activate|p2a: Sylveon|move: Protect
|
|upkeep
|turn|4
|
|t:|1785270506
|switch|p1a: Pelipper|Pelipper, L50, M|100/100
|-weather|RainDance|[from] ability: Drizzle|[of] p1a: Pelipper
|move|p1b: Grimmsnarl|Parting Shot|p2a: Sylveon
|-unboost|p2a: Sylveon|atk|1
|-unboost|p2a: Sylveon|spa|1
|
|t:|1785270512
|switch|p1b: Archaludon|Archaludon, L50, M, shiny|100/100|[from] Parting Shot
|move|p2b: Staraptor|Close Combat|p1a: Pelipper
|-resisted|p1a: Pelipper|1
|-damage|p1a: Pelipper|78/100
|-boost|p2b: Staraptor|def|1
|-boost|p2b: Staraptor|spd|1
|move|p2a: Sylveon|Hyper Voice|p1b: Archaludon|[spread] p1a,p1b
|-damage|p1a: Pelipper|55/100
|-damage|p1b: Archaludon|81/100
|-ability|p1b: Archaludon|Stamina|boost
|-boost|p1b: Archaludon|def|1
|
|-weather|RainDance|[upkeep]
|-heal|p1b: Archaludon|87/100|[from] item: Leftovers
|upkeep
|turn|5
|inactive|Lightoz has 30 seconds left.
|
|t:|1785270543
|switch|p2a: Kingambit|Kingambit, L50, F|100/100
|move|p2b: Staraptor|Close Combat|p1b: Archaludon
|-supereffective|p1b: Archaludon|1
|-damage|p1b: Archaludon|52/100
|-boost|p2b: Staraptor|def|1
|-boost|p2b: Staraptor|spd|1
|-ability|p1b: Archaludon|Stamina|boost
|-boost|p1b: Archaludon|def|1
|move|p1b: Archaludon|Electro Shot||[still]
|-prepare|p1b: Archaludon|Electro Shot
|-boost|p1b: Archaludon|spa|1
|-anim|p1b: Archaludon|Electro Shot|p2b: Staraptor
|-supereffective|p2b: Staraptor|1
|-damage|p2b: Staraptor|7/100
|move|p1a: Pelipper|Tailwind|p1a: Pelipper
|-sidestart|p1: gridius|move: Tailwind
|
|-weather|RainDance|[upkeep]
|-heal|p1b: Archaludon|58/100|[from] item: Leftovers
|-sideend|p2: Lightoz|move: Tailwind
|upkeep
|turn|6
|inactive|gridius has 30 seconds left.
|
|t:|1785270574
|move|p2b: Staraptor|Protect|p2b: Staraptor
|-singleturn|p2b: Staraptor|Protect
|move|p1b: Archaludon|Electro Shot||[still]
|-prepare|p1b: Archaludon|Electro Shot
|-boost|p1b: Archaludon|spa|1
|-anim|p1b: Archaludon|Electro Shot|p2a: Kingambit
|-damage|p2a: Kingambit|29/100
|move|p1a: Pelipper|Hurricane|p2b: Staraptor
|-activate|p2b: Staraptor|move: Protect
|move|p2a: Kingambit|Swords Dance|p2a: Kingambit
|-boost|p2a: Kingambit|atk|2
|
|-weather|RainDance|[upkeep]
|-heal|p1b: Archaludon|64/100|[from] item: Leftovers
|upkeep
|turn|7
|
|t:|1785270592
|switch|p1a: Swampert|Swampert-Mega, L50, M|34/100
|move|p2a: Kingambit|Sucker Punch||[still]
|-fail|p2a: Kingambit
|move|p1b: Archaludon|Electro Shot||[still]
|-prepare|p1b: Archaludon|Electro Shot
|-boost|p1b: Archaludon|spa|1
|-anim|p1b: Archaludon|Electro Shot|p2b: Staraptor
|-supereffective|p2b: Staraptor|1
|-damage|p2b: Staraptor|0 fnt
|faint|p2b: Staraptor
|
|-weather|RainDance|[upkeep]
|-heal|p1b: Archaludon|70/100|[from] item: Leftovers
|upkeep
|
|t:|1785270598
|switch|p2b: Sylveon|Sylveon, L50, M, shiny|100/100
|turn|8
|
|t:|1785270617
|move|p1a: Swampert|Protect|p1a: Swampert
|-singleturn|p1a: Swampert|Protect
|move|p2a: Kingambit|Protect|p2a: Kingambit
|-singleturn|p2a: Kingambit|Protect
|move|p1b: Archaludon|Electro Shot||[still]
|-prepare|p1b: Archaludon|Electro Shot
|-boost|p1b: Archaludon|spa|1
|-anim|p1b: Archaludon|Electro Shot|p2a: Kingambit
|-activate|p2a: Kingambit|move: Protect
|move|p2b: Sylveon|Hyper Beam|p1b: Archaludon
|-damage|p1b: Archaludon|6/100
|-mustrecharge|p2b: Sylveon
|-ability|p1b: Archaludon|Stamina|boost
|-boost|p1b: Archaludon|def|1
|
|-weather|none
|-heal|p1b: Archaludon|12/100|[from] item: Leftovers
|-sideend|p1: gridius|Reflect
|-sideend|p1: gridius|move: Tailwind
|upkeep
|turn|9
|inactive|gridius has 30 seconds left.
|
|t:|1785270651
|move|p2a: Kingambit|Sucker Punch|p1a: Swampert
|-damage|p1a: Swampert|0 fnt
|faint|p1a: Swampert
|-damage|p2a: Kingambit|19/100|[from] item: Life Orb
|move|p1b: Archaludon|Flash Cannon|p2b: Sylveon
|-supereffective|p2b: Sylveon|1
|-damage|p2b: Sylveon|0 fnt
|faint|p2b: Sylveon
|
|-heal|p1b: Archaludon|18/100|[from] item: Leftovers
|-sideend|p1: gridius|move: Light Screen
|upkeep
|
|t:|1785270662
|switch|p1a: Grimmsnarl|Grimmsnarl, L50, M|13/100
|switch|p2b: Arcanine|Arcanine-Hisui, L50, F|100/100
|turn|10
|
|t:|1785270672
|move|p1b: Archaludon|Protect|p1b: Archaludon
|-singleturn|p1b: Archaludon|Protect
|move|p2a: Kingambit|Sucker Punch||[still]
|-fail|p2a: Kingambit
|move|p1a: Grimmsnarl|Reflect|p1a: Grimmsnarl
|-sidestart|p1: gridius|Reflect
|move|p2b: Arcanine|Flare Blitz|p1b: Archaludon
|-activate|p1b: Archaludon|move: Protect
|
|-heal|p1b: Archaludon|24/100|[from] item: Leftovers
|upkeep
|turn|11
|inactive|gridius has 30 seconds left.
|
|t:|1785270702
|move|p2a: Kingambit|Sucker Punch|p1b: Archaludon
|-damage|p1b: Archaludon|1/100
|-ability|p1b: Archaludon|Stamina|boost
|-boost|p1b: Archaludon|def|1
|-damage|p2a: Kingambit|10/100|[from] item: Life Orb
|move|p1a: Grimmsnarl|Parting Shot|p2b: Arcanine
|-unboost|p2b: Arcanine|atk|1
|-unboost|p2b: Arcanine|spa|1
|
|t:|1785270710
|switch|p1a: Pelipper|Pelipper, L50, M|55/100|[from] Parting Shot
|-weather|RainDance|[from] ability: Drizzle|[of] p1a: Pelipper
|move|p2b: Arcanine|Flare Blitz|p1b: Archaludon
|-damage|p1b: Archaludon|0 fnt
|faint|p1b: Archaludon
|
|-weather|RainDance|[upkeep]
|upkeep
|
|t:|1785270720
|switch|p1b: Grimmsnarl|Grimmsnarl, L50, M|13/100
|turn|12
|
|t:|1785270740
|move|p2a: Kingambit|Sucker Punch||[still]
|-fail|p2a: Kingambit
|move|p2b: Arcanine|Head Smash|p1a: Pelipper
|-supereffective|p1a: Pelipper|1
|-damage|p1a: Pelipper|0 fnt
|faint|p1a: Pelipper
|move|p1b: Grimmsnarl|Spirit Break|p2a: Kingambit
|-damage|p2a: Kingambit|0 fnt
|faint|p2a: Kingambit
|
|-weather|RainDance|[upkeep]
|upkeep
|turn|13
|
|t:|1785270760
|move|p2b: Arcanine|Flare Blitz|p1b: Grimmsnarl
|-damage|p1b: Grimmsnarl|1/100
|move|p1b: Grimmsnarl|Spirit Break|p2b: Arcanine
|-resisted|p2b: Arcanine|1
|-damage|p2b: Arcanine|80/100
|-unboost|p2b: Arcanine|spa|1
|
|-weather|RainDance|[upkeep]
|upkeep
|turn|14
|
|t:|1785270768
|move|p2b: Arcanine|Extreme Speed|p1b: Grimmsnarl
|-damage|p1b: Grimmsnarl|0 fnt
|faint|p1b: Grimmsnarl
|
|win|Lightoz
||gridius is ready for game 2.
||Lightoz is ready for game 2.
|uhtml|next|Next: Game 2 of 3
|j| soulmoonvgc
