|j|☆keqingstan
|j|☆MSS23
|html|keqingstanMSS23    
|uhtml|bestof|Game 3 of a best-of-3
|t:|1755787948
|gametype|doubles
|player|p1|keqingstan|miku-grass|1234
|player|p2|MSS23|ethan|1244
|gen|9
|tier|[Gen 9] VGC 2025 Reg H (Bo3)
|rated|
|rule|Species Clause: Limit one of each Pokémon
|rule|Item Clause: Limit 1 of each item
|clearpoke
|poke|p1|Dragonite, L50, F|
|poke|p1|Annihilape, L50, M|
|poke|p1|Rillaboom, L50, M|
|poke|p1|Gholdengo, L50|
|poke|p1|Incineroar, L50, F|
|poke|p1|Volcarona, L50, M|
|poke|p2|Rillaboom, L50, F|
|poke|p2|Kingambit, L50, M|
|poke|p2|Sneasler, L50, M|
|poke|p2|Volcarona, L50, F|
|poke|p2|Electabuzz, L50, F|
|poke|p2|Dragonite, L50, M|
|teampreview|4
|showteam|p1|Dragonite||LoadedDice|Multiscale|Protect,ScaleShot,ExtremeSpeed,Haze|||F|||50|,,,,,Fairy]Annihilape||FocusSash|Defiant|Protect,Coaching,RageFist,CloseCombat|||M|||50|,,,,,Stellar]Rillaboom||AssaultVest|GrassySurge|FakeOut,GrassyGlide,HighHorsepower,WoodHammer|||M|||50|,,,,,Fire]Gholdengo||SitrusBerry|GoodasGold|Protect,NastyPlot,MakeItRain,ShadowBall||||||50|,,,,,Water]Incineroar||SafetyGoggles|Intimidate|FakeOut,KnockOff,FlareBlitz,PartingShot|||F|||50|,,,,,Ghost]Volcarona||RockyHelmet|FlameBody|WillOWisp,RagePowder,HeatWave,Protect|||M|||50|,,,,,Grass
|showteam|p2|Rillaboom||AssaultVest|GrassySurge|FakeOut,WoodHammer,HighHorsepower,GrassyGlide|||F|||50|,,,,,Fire]Kingambit||BlackGlasses|Defiant|KowtowCleave,SuckerPunch,SwordsDance,Protect|||M|||50|,,,,,Dark]Sneasler||FocusSash|Unburden|CloseCombat,DireClaw,Coaching,FakeOut|||M|||50|,,,,,Stellar]Volcarona||CovertCloak|FlameBody|HeatWave,GigaDrain,QuiverDance,Protect|||F|||50|,,,,,Dragon]Electabuzz||Eviolite|VitalSpirit|Thunderbolt,FollowMe,Taunt,Protect|||F|||50|,,,,,Fairy]Dragonite||LoadedDice|Multiscale|ExtremeSpeed,ScaleShot,Haze,Protect|||M|||50|,,,,,Fairy
|
|t:|1755787989
|teamsize|p1|4
|teamsize|p2|4
|start
|switch|p1a: Volcarona|Volcarona, L50, M|100/100
|switch|p1b: Gholdengo|Gholdengo, L50|100/100
|switch|p2a: Electabuzz|Electabuzz, L50, F|100/100
|switch|p2b: Kingambit|Kingambit, L50, M|100/100
|turn|1
|inactive|Battle timer is ON: inactive players will automatically lose when time's up. (requested by keqingstan)
|
|t:|1755788008
|switch|p1b: Incineroar|Incineroar, L50, F|100/100
|-ability|p1b: Incineroar|Intimidate|boost
|-unboost|p2a: Electabuzz|atk|1
|-unboost|p2b: Kingambit|atk|1
|-ability|p2b: Kingambit|Defiant|boost
|-boost|p2b: Kingambit|atk|2
|move|p2b: Kingambit|Protect|p2b: Kingambit
|-singleturn|p2b: Kingambit|Protect
|move|p2a: Electabuzz|Taunt|p1a: Volcarona
|-start|p1a: Volcarona|move: Taunt
|move|p1a: Volcarona|Heat Wave|p2b: Kingambit|[spread] p2a
|-activate|p2b: Kingambit|move: Protect
|-damage|p2a: Electabuzz|74/100
|-status|p2a: Electabuzz|brn
|
|-damage|p2a: Electabuzz|68/100 brn|[from] brn
|upkeep
|turn|2
|inactive|MSS23 has 30 seconds left.
|inactive|MSS23 has 20 seconds left.
|
|t:|1755788046
|-terastallize|p2b: Kingambit|Dark
|move|p2a: Electabuzz|Thunderbolt|p1a: Volcarona
|-damage|p1a: Volcarona|72/100
|move|p1a: Volcarona|Heat Wave|p2a: Electabuzz|[spread] p2a,p2b
|-damage|p2a: Electabuzz|41/100 brn
|-damage|p2b: Kingambit|69/100
|move|p1b: Incineroar|Flare Blitz|p2b: Kingambit
|-damage|p2b: Kingambit|27/100
|-damage|p1b: Incineroar|86/100|[from] Recoil
|move|p2b: Kingambit|Kowtow Cleave|p1a: Volcarona
|-damage|p1a: Volcarona|0 fnt
|-damage|p2b: Kingambit|10/100|[from] item: Rocky Helmet|[of] p1a: Volcarona
|faint|p1a: Volcarona
|
|-damage|p2a: Electabuzz|36/100 brn|[from] brn
|upkeep
|
|t:|1755788063
|switch|p1a: Dragonite|Dragonite, L50, F|100/100
|turn|3
|
|t:|1755788080
|-terastallize|p1a: Dragonite|Fairy
|move|p2b: Kingambit|Sucker Punch|p1b: Incineroar
|-resisted|p1b: Incineroar
|-damage|p1b: Incineroar|43/100
|move|p2a: Electabuzz|Thunderbolt|p1a: Dragonite
|-damage|p1a: Dragonite|86/100
|move|p1a: Dragonite|Scale Shot|p2a: Electabuzz|[miss]
|-miss|p1a: Dragonite|p2a: Electabuzz
|move|p1b: Incineroar|Flare Blitz|p2b: Kingambit
|-damage|p2b: Kingambit|0 fnt
|faint|p2b: Kingambit
|-damage|p1b: Incineroar|39/100|[from] Recoil
|
|-damage|p2a: Electabuzz|30/100 brn|[from] brn
|upkeep
|
|t:|1755788095
|switch|p2b: Volcarona|Volcarona, L50, F|100/100
|turn|4
|
|t:|1755788099
|move|p2a: Electabuzz|Follow Me|p2a: Electabuzz
|-singleturn|p2a: Electabuzz|move: Follow Me
|move|p2b: Volcarona|Quiver Dance|p2b: Volcarona
|-boost|p2b: Volcarona|spa|1
|-boost|p2b: Volcarona|spd|1
|-boost|p2b: Volcarona|spe|1
|move|p1a: Dragonite|Scale Shot|p2a: Electabuzz
|-damage|p2a: Electabuzz|19/100 brn
|-damage|p2a: Electabuzz|6/100 brn
|-damage|p2a: Electabuzz|0 fnt
|faint|p2a: Electabuzz
|-hitcount|p2: Electabuzz|3
|-unboost|p1a: Dragonite|def|1
|-boost|p1a: Dragonite|spe|1
|move|p1b: Incineroar|Flare Blitz|p2b: Volcarona
|-damage|p2b: Volcarona|39/100
|-damage|p1b: Incineroar|21/100|[from] Recoil
|
|upkeep
|
|t:|1755788115
|switch|p2a: Sneasler|Sneasler, L50, M|100/100
|turn|5
|
|t:|1755788125
|switch|p1b: Gholdengo|Gholdengo, L50|100/100
|move|p2a: Sneasler|Fake Out|p1a: Dragonite
|-damage|p1a: Dragonite|62/100
|move|p2b: Volcarona|Heat Wave|p1b: Gholdengo|[spread] p1a,p1b
|-supereffective|p1b: Gholdengo
|-damage|p1a: Dragonite|5/100
|-damage|p1b: Gholdengo|0 fnt
|-status|p1a: Dragonite|brn
|faint|p1b: Gholdengo
|cant|p1a: Dragonite|flinch
|
|-damage|p1a: Dragonite|0 fnt|[from] brn
|faint|p1a: Dragonite
|upkeep
|
|t:|1755788132
|switch|p1b: Incineroar|Incineroar, L50, F|21/100
|-ability|p1b: Incineroar|Intimidate|boost
|-unboost|p2a: Sneasler|atk|1
|-unboost|p2b: Volcarona|atk|1
|turn|6
|-message|keqingstan forfeited.
|
|win|MSS23
|raw|keqingstan's rating: 1234 → 1210(-24 for losing)
|raw|MSS23's rating: 1244 → 1268(+24 for winning)
