|j|☆endK649
|j|☆capspungo
|html|endK649capspungo    
|uhtml|bestof|Game 2 of a best-of-3
|t:|1756397755
|gametype|doubles
|player|p1|endK649|169|1173
|player|p2|capspungo|pokefan-gen4|1156
|gen|9
|tier|[Gen 9] VGC 2025 Reg H (Bo3)
|rated|
|rule|Species Clause: Limit one of each Pokémon
|rule|Item Clause: Limit 1 of each item
|clearpoke
|poke|p1|Feraligatr, L50, M|
|poke|p1|Gholdengo, L50|
|poke|p1|Politoed, L50, F|
|poke|p1|Amoonguss, L50, F|
|poke|p1|Rillaboom, L50, F|
|poke|p1|Incineroar, L50, M|
|poke|p2|Toedscruel, L50, F|
|poke|p2|Weezing-Galar, L50, M|
|poke|p2|Pawmot, L50, M|
|poke|p2|Typhlosion-Hisui, L50, M|
|poke|p2|Corviknight, L50, M|
|poke|p2|Garchomp, L50, F|
|teampreview|4
|showteam|p1|Feraligatr||LifeOrb|SheerForce|Liquidation,Crunch,DragonDance,Protect|||M|||50|,,,,,Dark]Gholdengo||Leftovers|GoodasGold|MakeItRain,ShadowBall,NastyPlot,Protect||||||50|,,,,,Dragon]Politoed||SitrusBerry|Drizzle|WeatherBall,IcyWind,Haze,Protect|||F|||50|,,,,,Grass]Amoonguss||CovertCloak|Regenerator|PollenPuff,Spore,RagePowder,Protect|||F|||50|,,,,,Water]Rillaboom||AssaultVest|GrassySurge|WoodHammer,GrassyGlide,FakeOut,Uturn|||F|||50|,,,,,Fire]Incineroar||SafetyGoggles|Intimidate|KnockOff,FakeOut,Taunt,PartingShot|||M|||50|,,,,,Ghost
|showteam|p2|Toedscruel||CovertCloak|MyceliumMight|RagePowder,Spore,EarthPower,AcidSpray|||F|||50|,,,,,Water]Weezing-Galar||ChoiceSpecs|NeutralizingGas|DazzlingGleam,SludgeBomb,StrangeSteam,HeatWave|||M|||50|,,,,,Fire]Pawmot||FocusSash|NaturalCure|FakeOut,CloseCombat,DoubleShock,Protect|||M|||50|,,,,,Electric]Typhlosion-Hisui||ChoiceScarf|Blaze|Eruption,ShadowBall,HeatWave,SleepTalk|||M|||50|,,,,,Fire]Corviknight||SitrusBerry|MirrorArmor|BraveBird,Tailwind,Protect,Roost|||M|||50|,,,,,Dragon]Garchomp||LifeOrb|RoughSkin|Earthquake,StompingTantrum,DragonClaw,Protect|||F|||50|,,,,,Ground
|inactive|Battle timer is ON: inactive players will automatically lose when time's up. (requested by capspungo)
|
|t:|1756397803
|teamsize|p1|4
|teamsize|p2|4
|start
|switch|p1a: Incineroar|Incineroar, L50, M, shiny|100/100
|switch|p1b: Gholdengo|Gholdengo, L50|100/100
|switch|p2a: Toedscruel|Toedscruel, L50, F|100/100
|switch|p2b: Weezing|Weezing-Galar, L50, M|100/100
|-ability|p2b: Weezing|Neutralizing Gas
|turn|1
|inactive|capspungo has 30 seconds left.
|
|t:|1756397833
|-terastallize|p2b: Weezing|Fire
|move|p1b: Gholdengo|Protect|p1b: Gholdengo
|-singleturn|p1b: Gholdengo|Protect
|move|p2a: Toedscruel|Spore|p1b: Gholdengo
|-activate|p1b: Gholdengo|move: Protect
|move|p2b: Weezing|Strange Steam|p1a: Incineroar|[miss]
|-miss|p2b: Weezing|p1a: Incineroar
|move|p1a: Incineroar|Knock Off|p2a: Toedscruel
|-damage|p2a: Toedscruel|48/100
|-enditem|p2a: Toedscruel|Covert Cloak|[from] move: Knock Off|[of] p1a: Incineroar
|
|upkeep
|turn|2
|
|t:|1756397855
|switch|p1b: Amoonguss|Amoonguss, L50, F, shiny|100/100
|move|p2a: Toedscruel|Spore|p1b: Amoonguss
|-immune|p1b: Amoonguss
|move|p2b: Weezing|Strange Steam|p1a: Incineroar
|-damage|p1a: Incineroar|64/100
|move|p1a: Incineroar|Parting Shot|p2b: Weezing
|-unboost|p2b: Weezing|atk|1
|-unboost|p2b: Weezing|spa|1
|inactive|endK649 has 30 seconds left.
|
|t:|1756397881
|switch|p1a: Rillaboom|Rillaboom, L50, F, shiny|100/100|[from] Parting Shot
|
|upkeep
|turn|3
|
|t:|1756397894
|-end|p2b: Weezing|ability: Neutralizing Gas
|-fieldstart|move: Grassy Terrain|[from] ability: Grassy Surge|[of] p1a: Rillaboom
|switch|p2b: Typhlosion|Typhlosion-Hisui, L50, M|100/100
|move|p2a: Toedscruel|Acid Spray|p1b: Amoonguss
|-damage|p1b: Amoonguss|94/100
|move|p1a: Rillaboom|Wood Hammer|p2a: Toedscruel
|-damage|p2a: Toedscruel|0 fnt
|faint|p2a: Toedscruel
|-damage|p1a: Rillaboom|87/100|[from] Recoil
|move|p1b: Amoonguss|Spore|p2b: Typhlosion
|-status|p2b: Typhlosion|slp|[from] move: Spore
|
|-heal|p1a: Rillaboom|93/100|[from] Grassy Terrain
|-heal|p1b: Amoonguss|99/100|[from] Grassy Terrain
|upkeep
|
|t:|1756397917
|switch|p2a: Weezing|Weezing-Galar, L50, M, tera:Fire|100/100
|-ability|p2a: Weezing|Neutralizing Gas
|turn|4
|
|t:|1756397929
|switch|p1b: Incineroar|Incineroar, L50, M, shiny|64/100
|cant|p2b: Typhlosion|slp
|move|p2b: Typhlosion|Sleep Talk|p2b: Typhlosion
|move|p2b: Typhlosion|Shadow Ball|p1b: Incineroar|[from] move: Sleep Talk
|-resisted|p1b: Incineroar
|-damage|p1b: Incineroar|47/100
|move|p1a: Rillaboom|U-turn|p2b: Typhlosion
|-resisted|p2b: Typhlosion
|-damage|p2b: Typhlosion|92/100 slp
|
|t:|1756397940
|switch|p1a: Gholdengo|Gholdengo, L50|100/100|[from] U-turn
|move|p2a: Weezing|Strange Steam|p1b: Incineroar
|-damage|p1b: Incineroar|8/100
|
|-heal|p2b: Typhlosion|98/100 slp|[from] Grassy Terrain
|-heal|p1b: Incineroar|14/100|[from] Grassy Terrain
|upkeep
|turn|5
|inactive|endK649 has 30 seconds left.
|
|t:|1756397971
|cant|p2b: Typhlosion|slp
|move|p2b: Typhlosion|Sleep Talk|p2b: Typhlosion
|move|p2b: Typhlosion|Shadow Ball|p1b: Incineroar|[from] move: Sleep Talk
|-resisted|p1b: Incineroar
|-damage|p1b: Incineroar|0 fnt
|faint|p1b: Incineroar
|move|p1a: Gholdengo|Shadow Ball|p2b: Typhlosion
|-supereffective|p2b: Typhlosion
|-damage|p2b: Typhlosion|0 fnt
|faint|p2b: Typhlosion
|move|p2a: Weezing|Strange Steam|p1a: Gholdengo
|-resisted|p1a: Gholdengo
|-damage|p1a: Gholdengo|76/100
|
|-heal|p1a: Gholdengo|82/100|[from] Grassy Terrain
|-heal|p1a: Gholdengo|88/100|[from] item: Leftovers
|upkeep
|
|t:|1756397986
|switch|p2b: Pawmot|Pawmot, L50, M|100/100
|switch|p1b: Rillaboom|Rillaboom, L50, F, shiny|93/100
|turn|6
|
|t:|1756398001
|move|p2b: Pawmot|Fake Out|p1b: Rillaboom
|-damage|p1b: Rillaboom|81/100
|cant|p1b: Rillaboom|flinch
|move|p1a: Gholdengo|Shadow Ball|p2a: Weezing
|-damage|p2a: Weezing|46/100
|move|p2a: Weezing|Strange Steam|p1b: Rillaboom
|-damage|p1b: Rillaboom|46/100
|-start|p1b: Rillaboom|confusion
|
|-heal|p1a: Gholdengo|94/100|[from] Grassy Terrain
|-heal|p1a: Gholdengo|99/100|[from] item: Leftovers
|-heal|p1b: Rillaboom|52/100|[from] Grassy Terrain
|-heal|p2a: Weezing|51/100|[from] Grassy Terrain
|upkeep
|turn|7
|inactive|capspungo has 30 seconds left.
|inactive|capspungo has 20 seconds left.
|inactive|capspungo has 15 seconds left.
|
|t:|1756398042
|move|p2b: Pawmot|Protect|p2b: Pawmot
|-singleturn|p2b: Pawmot|Protect
|move|p1a: Gholdengo|Shadow Ball|p2a: Weezing
|-damage|p2a: Weezing|0 fnt
|faint|p2a: Weezing
|-end|p2a: Weezing|ability: Neutralizing Gas
|-activate|p1b: Rillaboom|confusion
|move|p1b: Rillaboom|U-turn|p2b: Pawmot
|-activate|p2b: Pawmot|move: Protect
|
|-heal|p1a: Gholdengo|100/100|[from] Grassy Terrain
|-heal|p1b: Rillaboom|58/100|[from] Grassy Terrain
|-fieldend|move: Grassy Terrain
|upkeep
|turn|8
|
|t:|1756398058
|move|p1a: Gholdengo|Protect|p1a: Gholdengo
|-singleturn|p1a: Gholdengo|Protect
|move|p2b: Pawmot|Close Combat|p1b: Rillaboom
|-damage|p1b: Rillaboom|4/100
|-unboost|p2b: Pawmot|def|1
|-unboost|p2b: Pawmot|spd|1
|-activate|p1b: Rillaboom|confusion
|move|p1b: Rillaboom|U-turn|p2b: Pawmot
|-resisted|p2b: Pawmot
|-damage|p2b: Pawmot|70/100
|
|t:|1756398066
|switch|p1b: Amoonguss|Amoonguss, L50, F, shiny|99/100|[from] U-turn
|
|upkeep
|turn|9
|-message|capspungo forfeited.
|raw|endK649's rating: 1173 → 1197(+24 for winning)
|raw|capspungo's rating: 1156 → 1132(-24 for losing)
|
|win|endK649
|l|☆capspungo
|player|p2|
