|j|☆blackstorm games
|j|☆spellbreakvgc
|html|blackstorm gamesspellbreakvgc    
|uhtml|bestof|Game 1 of a best-of-3
|t:|1756930587
|gametype|doubles
|player|p1|blackstorm games|266|1210
|player|p2|spellbreakvgc|lance|1183
|gen|9
|tier|[Gen 9] VGC 2025 Reg H (Bo3)
|rated|
|rule|Species Clause: Limit one of each Pokémon
|rule|Item Clause: Limit 1 of each item
|clearpoke
|poke|p1|Dragonite, L50, F|
|poke|p1|Pelipper, L50, M|
|poke|p1|Gholdengo, L50|
|poke|p1|Archaludon, L50, M|
|poke|p1|Sinistcha, L50|
|poke|p1|Ursaluna, L50, M|
|poke|p2|Glimmora, L50, M|
|poke|p2|Dondozo, L50, F|
|poke|p2|Tatsugiri-Droopy, L50, M|
|poke|p2|Archaludon, L50, M|
|poke|p2|Gholdengo, L50|
|poke|p2|Maushold, L50|
|teampreview|4
|showteam|p1|Dragonite||LoadedDice|Multiscale|ScaleShot,Tailwind,Haze,Protect|||F|||50|,,,,,Fairy]Pelipper||FocusSash|Drizzle|Hurricane,Tailwind,WeatherBall,Protect|||M|||50|,,,,,Ghost]Gholdengo||LifeOrb|GoodasGold|MakeItRain,ShadowBall,NastyPlot,Protect||||||50|,,,,,Water]Archaludon||AssaultVest|Stamina|ElectroShot,BodyPress,DracoMeteor,Snarl|||M|||50|,,,,,Fighting]Sinistcha||SitrusBerry|Hospitality|MatchaGotcha,LifeDew,RagePowder,TrickRoom||||||50|,,,,,Dark]Ursaluna||FlameOrb|Guts|HeadlongRush,Earthquake,Facade,Protect|||M|||50|,,,,,Ghost
|showteam|p2|Glimmora||CovertCloak|ToxicDebris|MortalSpin,PowerGem,EarthPower,SpikyShield|||M|||50|,,,,,Bug]Dondozo||Leftovers|Unaware|Earthquake,OrderUp,BodyPress,Protect|||F|||50|,,,,,Grass]Tatsugiri-Droopy||FocusSash|Commander|DracoMeteor,MuddyWater,HelpingHand,Protect|||M|||50|,,,,,Stellar]Archaludon||AssaultVest|Stamina|ElectroShot,FlashCannon,DragonPulse,BodyPress|||M|||50|,,,,,Bug]Gholdengo||ChoiceScarf|GoodasGold|MakeItRain,ShadowBall,DazzlingGleam,Trick||||||50|,,,,,Fairy]Maushold||SafetyGoggles|FriendGuard|BeatUp,Taunt,FollowMe,Protect||||||50|,,,,,Ghost
|inactive|Battle timer is ON: inactive players will automatically lose when time's up. (requested by spellbreakvgc)
|
|t:|1756930672
|teamsize|p1|4
|teamsize|p2|4
|start
|switch|p1a: Dragonite|Dragonite, L50, F|100/100
|switch|p1b: Archaludon|Archaludon, L50, M|100/100
|switch|p2a: Archaludon|Archaludon, L50, M|100/100
|switch|p2b: Maushold|Maushold, L50|100/100
|turn|1
|inactive|spellbreakvgc has 30 seconds left.
|inactive|spellbreakvgc has 20 seconds left.
|inactive|spellbreakvgc has 15 seconds left.
|
|t:|1756930716
|switch|p1b: Sinistcha|Sinistcha, L50|100/100
|move|p2b: Maushold|Beat Up|p2a: Archaludon
|-damage|p2a: Archaludon|99/100
|-ability|p2a: Archaludon|Stamina|boost
|-boost|p2a: Archaludon|def|1
|-damage|p2a: Archaludon|98/100
|-ability|p2a: Archaludon|Stamina|boost
|-boost|p2a: Archaludon|def|1
|-damage|p2a: Archaludon|97/100
|-ability|p2a: Archaludon|Stamina|boost
|-boost|p2a: Archaludon|def|1
|-damage|p2a: Archaludon|97/100
|-ability|p2a: Archaludon|Stamina|boost
|-boost|p2a: Archaludon|def|1
|-hitcount|p2a: Archaludon|4
|move|p1a: Dragonite|Scale Shot|p2b: Maushold
|-damage|p2b: Maushold|82/100
|-damage|p2b: Maushold|65/100
|-damage|p2b: Maushold|45/100
|-damage|p2b: Maushold|28/100
|-hitcount|p2b: Maushold|4
|-unboost|p1a: Dragonite|def|1
|-boost|p1a: Dragonite|spe|1
|move|p2a: Archaludon|Flash Cannon|p1a: Dragonite
|-damage|p1a: Dragonite|82/100
|
|upkeep
|turn|2
|inactive|blackstorm games has 30 seconds left.
|inactive|spellbreakvgc has 30 seconds left.
|inactive|blackstorm games has 20 seconds left.
|inactive|spellbreakvgc has 20 seconds left.
|inactive|spellbreakvgc has 15 seconds left.
|
|t:|1756930762
|move|p1b: Sinistcha|Rage Powder|p1b: Sinistcha
|-singleturn|p1b: Sinistcha|move: Rage Powder
|move|p1a: Dragonite|Haze|p1a: Dragonite
|-clearallboost
|move|p2b: Maushold|Taunt|p1a: Dragonite
|-start|p1a: Dragonite|move: Taunt
|move|p2a: Archaludon|Dragon Pulse|p1b: Sinistcha
|-damage|p1b: Sinistcha|61/100
|
|upkeep
|turn|3
|
|t:|1756930783
|switch|p1a: Ursaluna|Ursaluna, L50, M|100/100
|move|p2b: Maushold|Beat Up|p2a: Archaludon
|-damage|p2a: Archaludon|95/100
|-ability|p2a: Archaludon|Stamina|boost
|-boost|p2a: Archaludon|def|1
|-damage|p2a: Archaludon|94/100
|-ability|p2a: Archaludon|Stamina|boost
|-boost|p2a: Archaludon|def|1
|-damage|p2a: Archaludon|94/100
|-ability|p2a: Archaludon|Stamina|boost
|-boost|p2a: Archaludon|def|1
|-damage|p2a: Archaludon|93/100
|-ability|p2a: Archaludon|Stamina|boost
|-boost|p2a: Archaludon|def|1
|-hitcount|p2a: Archaludon|4
|move|p2a: Archaludon|Dragon Pulse|p1a: Ursaluna
|-damage|p1a: Ursaluna|60/100
|move|p1b: Sinistcha|Trick Room|p1b: Sinistcha
|-fieldstart|move: Trick Room|[of] p1b: Sinistcha
|
|-status|p1a: Ursaluna|brn|[from] item: Flame Orb
|upkeep
|turn|4
|inactive|blackstorm games has 30 seconds left.
|inactive|spellbreakvgc has 30 seconds left.
|inactive|spellbreakvgc has 20 seconds left.
|inactive|spellbreakvgc has 15 seconds left.
|
|t:|1756930827
|-terastallize|p1a: Ursaluna|Ghost
|move|p2b: Maushold|Protect|p2b: Maushold
|-singleturn|p2b: Maushold|Protect
|move|p1b: Sinistcha|Life Dew|p1b: Sinistcha|[spread] p1a,p1b
|-heal|p1a: Ursaluna|85/100 brn
|-heal|p1b: Sinistcha|86/100
|move|p1a: Ursaluna|Facade|p2b: Maushold
|-activate|p2b: Maushold|move: Protect
|move|p2a: Archaludon|Dragon Pulse|p1a: Ursaluna
|-damage|p1a: Ursaluna|47/100 brn
|
|-damage|p1a: Ursaluna|42/100 brn|[from] brn
|upkeep
|turn|5
|inactive|spellbreakvgc has 30 seconds left.
|inactive|spellbreakvgc has 20 seconds left.
|inactive|spellbreakvgc has 15 seconds left.
|
|t:|1756930871
|move|p2b: Maushold|Follow Me|p2b: Maushold
|-singleturn|p2b: Maushold|move: Follow Me
|move|p1b: Sinistcha|Life Dew|p1b: Sinistcha|[spread] p1a,p1b
|-heal|p1a: Ursaluna|67/100 brn
|-heal|p1b: Sinistcha|100/100
|move|p1a: Ursaluna|Earthquake|p2b: Maushold|[spread] p1b,p2a,p2b
|-resisted|p1b: Sinistcha
|-supereffective|p2a: Archaludon
|-damage|p1b: Sinistcha|73/100
|-damage|p2a: Archaludon|65/100
|-damage|p2b: Maushold|0 fnt
|-ability|p2a: Archaludon|Stamina|boost
|-boost|p2a: Archaludon|def|1
|faint|p2b: Maushold
|move|p2a: Archaludon|Dragon Pulse|p1a: Ursaluna
|-damage|p1a: Ursaluna|27/100 brn
|
|-damage|p1a: Ursaluna|21/100 brn|[from] brn
|upkeep
|
|t:|1756930891
|switch|p2b: Tatsugiri|Tatsugiri-Droopy, L50, M, shiny|100/100
|turn|6
|inactive|blackstorm games has 30 seconds left.
|
|t:|1756930920
|move|p1a: Ursaluna|Protect|p1a: Ursaluna
|-singleturn|p1a: Ursaluna|Protect
|move|p1b: Sinistcha|Life Dew|p1b: Sinistcha|[spread] p1a,p1b
|-heal|p1a: Ursaluna|46/100 brn
|-heal|p1b: Sinistcha|98/100
|move|p2a: Archaludon|Dragon Pulse|p1a: Ursaluna
|-activate|p1a: Ursaluna|move: Protect
|move|p2b: Tatsugiri|Muddy Water|p1b: Sinistcha|[spread] p1b
|-activate|p1a: Ursaluna|move: Protect
|-resisted|p1b: Sinistcha
|-damage|p1b: Sinistcha|84/100
|
|-damage|p1a: Ursaluna|41/100 brn|[from] brn
|upkeep
|turn|7
|inactive|spellbreakvgc has 30 seconds left.
|
|t:|1756930947
|move|p2b: Tatsugiri|Protect|p2b: Tatsugiri
|-singleturn|p2b: Tatsugiri|Protect
|move|p1b: Sinistcha|Matcha Gotcha|p2a: Archaludon|[spread] p2a
|-activate|p2b: Tatsugiri|move: Protect
|-resisted|p2a: Archaludon
|-damage|p2a: Archaludon|61/100
|-heal|p1b: Sinistcha|85/100|[from] drain|[of] p2a: Archaludon
|-status|p2a: Archaludon|brn
|-ability|p2a: Archaludon|Stamina|boost
|-boost|p2a: Archaludon|def|1
|move|p1a: Ursaluna|Earthquake|p2b: Tatsugiri|[spread] p1b,p2a
|-activate|p2b: Tatsugiri|move: Protect
|-resisted|p1b: Sinistcha
|-supereffective|p2a: Archaludon
|-damage|p1b: Sinistcha|53/100
|-damage|p2a: Archaludon|37/100 brn
|move|p2a: Archaludon|Dragon Pulse|p1a: Ursaluna
|-damage|p1a: Ursaluna|0 fnt
|faint|p1a: Ursaluna
|
|-damage|p2a: Archaludon|31/100 brn|[from] brn
|-fieldend|move: Trick Room
|upkeep
|
|t:|1756930967
|switch|p1a: Dragonite|Dragonite, L50, F|82/100
|turn|8
|
|t:|1756930988
|-terastallize|p2b: Tatsugiri|Stellar
|move|p1b: Sinistcha|Rage Powder|p1b: Sinistcha
|-singleturn|p1b: Sinistcha|move: Rage Powder
|move|p2b: Tatsugiri|Muddy Water|p1a: Dragonite|[spread] p1a,p1b
|-resisted|p1a: Dragonite
|-resisted|p1b: Sinistcha
|-damage|p1a: Dragonite|60/100
|-damage|p1b: Sinistcha|31/100
|-unboost|p1a: Dragonite|accuracy|1
|-enditem|p1b: Sinistcha|Sitrus Berry|[eat]
|-heal|p1b: Sinistcha|56/100|[from] item: Sitrus Berry
|move|p1a: Dragonite|Haze|p1a: Dragonite
|-clearallboost
|move|p2a: Archaludon|Dragon Pulse|p1b: Sinistcha
|-damage|p1b: Sinistcha|21/100
|
|-damage|p2a: Archaludon|25/100 brn|[from] brn
|upkeep
|turn|9
|inactive|spellbreakvgc has 30 seconds left.
|
|t:|1756931014
|move|p2b: Tatsugiri|Protect|p2b: Tatsugiri
|-singleturn|p2b: Tatsugiri|Protect
|move|p1b: Sinistcha|Rage Powder|p1b: Sinistcha
|-singleturn|p1b: Sinistcha|move: Rage Powder
|move|p1a: Dragonite|Scale Shot|p2b: Tatsugiri
|-activate|p2b: Tatsugiri|move: Protect
|move|p2a: Archaludon|Dragon Pulse|p1b: Sinistcha
|-damage|p1b: Sinistcha|0 fnt
|faint|p1b: Sinistcha
|
|-damage|p2a: Archaludon|18/100 brn|[from] brn
|upkeep
|
|t:|1756931024
|switch|p1b: Archaludon|Archaludon, L50, M|100/100
|turn|10
|
|t:|1756931041
|move|p1a: Dragonite|Protect|p1a: Dragonite
|-singleturn|p1a: Dragonite|Protect
|move|p2b: Tatsugiri|Draco Meteor|p1a: Dragonite
|-activate|p1a: Dragonite|move: Protect
|move|p1b: Archaludon|Body Press|p2a: Archaludon
|-supereffective|p2a: Archaludon
|-damage|p2a: Archaludon|0 fnt
|faint|p2a: Archaludon
|
|upkeep
|
|t:|1756931046
|switch|p2a: Dondozo|Dondozo, L50, F|100/100
|-activate|p2b: Tatsugiri|ability: Commander|[of] p2a: Dondozo
|-boost|p2a: Dondozo|atk|2
|-boost|p2a: Dondozo|spa|2
|-boost|p2a: Dondozo|spe|2
|-boost|p2a: Dondozo|def|2
|-boost|p2a: Dondozo|spd|2
|turn|11
|
|t:|1756931062
|move|p1a: Dragonite|Haze|p1a: Dragonite
|-clearallboost
|move|p1b: Archaludon|Electro Shot||[still]
|-prepare|p1b: Archaludon|Electro Shot
|-boost|p1b: Archaludon|spa|1
|move|p2a: Dondozo|Order Up|p1a: Dragonite
|-supereffective|p1a: Dragonite
|-crit|p1a: Dragonite
|-damage|p1a: Dragonite|0 fnt
|faint|p1a: Dragonite
|-boost|p2a: Dondozo|def|1
|
|upkeep
|turn|12
|
|t:|1756931075
|move|p2a: Dondozo|Protect|p2a: Dondozo
|-singleturn|p2a: Dondozo|Protect
|move|p1b: Archaludon|Electro Shot|p2a: Dondozo|[from] lockedmove
|-activate|p2a: Dondozo|move: Protect
|
|upkeep
|turn|13
|
|t:|1756931088
|move|p1b: Archaludon|Draco Meteor|p2a: Dondozo
|-damage|p2a: Dondozo|51/100
|-unboost|p1b: Archaludon|spa|2
|move|p2a: Dondozo|Body Press|p1b: Archaludon
|-supereffective|p1b: Archaludon
|-damage|p1b: Archaludon|44/100
|-ability|p1b: Archaludon|Stamina|boost
|-boost|p1b: Archaludon|def|1
|
|-heal|p2a: Dondozo|58/100|[from] item: Leftovers
|upkeep
|turn|14
|
|t:|1756931102
|move|p1b: Archaludon|Draco Meteor|p2a: Dondozo
|-damage|p2a: Dondozo|10/100
|-unboost|p1b: Archaludon|spa|2
|move|p2a: Dondozo|Body Press|p1b: Archaludon
|-supereffective|p1b: Archaludon
|-damage|p1b: Archaludon|0 fnt
|faint|p1b: Archaludon
|
|win|spellbreakvgc
||spellbreakvgc is ready for game 2.
||blackstorm games is ready for game 2.
|uhtml|next|Next: Game 2 of 3
|l|☆spellbreakvgc
|player|p2|
