|j|☆cantchat_sorry
|j|☆CrazyComet37
|html|cantchat_sorryCrazyComet37    
|uhtml|bestof|Game 1 of a best-of-3
|t:|1783384896
|gametype|doubles
|player|p1|cantchat_sorry|clair|1040
|player|p2|CrazyComet37|flint|1181
|gen|9
|tier|[Gen 9 Champions] VGC 2026 Reg M-B (Bo3)
|rated|
|rule|Species Clause: Limit one of each Pokémon
|rule|Item Clause: Limit 1 of each item
|clearpoke
|poke|p1|Rotom-Heat, L50|
|poke|p1|Venusaur, L50, F|
|poke|p1|Sableye, L50, M|
|poke|p1|Garchomp, L50, F|
|poke|p1|Milotic, L50, F|
|poke|p1|Aegislash, L50, F|
|poke|p2|Whimsicott, L50, M|
|poke|p2|Garchomp, L50, F|
|poke|p2|Charizard, L50, M|
|poke|p2|Floette-Eternal, L50, F|
|poke|p2|Kingambit, L50, M|
|poke|p2|Basculegion, L50, M|
|teampreview|4
|showteam|p1|Rotom-Heat||ChoiceScarf|Levitate|Thunderbolt,Overheat,Electroweb,Trick|Timid|||||50|]Venusaur||Venusaurite|Chlorophyll|GigaDrain,SludgeBomb,EarthPower,Protect|Modest||F|||50|]Sableye||RoseliBerry|Prankster|FoulPlay,Reflect,LightScreen,ThunderWave|Bold||M|||50|]Garchomp||DragonFang|RoughSkin|ScaleShot,Earthquake,RockTomb,Protect|Jolly||F|||50|]Milotic||Leftovers|Competitive|Scald,IceBeam,LifeDew,Protect|Bold||F|||50|]Aegislash||SpellTag|StanceChange|Poltergeist,ShadowSneak,SacredSword,KingsShield|Adamant||F|||50|
|showteam|p2|Whimsicott||FocusSash|Prankster|Protect,Tailwind,Moonblast,Encore|Timid||M|||50|]Garchomp||LifeOrb|RoughSkin|Protect,Earthquake,DragonClaw,RockSlide|Jolly||F|||50|]Charizard||CharizarditeY|Blaze|Protect,HeatWave,WeatherBall,SolarBeam|Modest||M|||50|]Floette-Eternal||Floettite|FlowerVeil|Protect,LightofRuin,DazzlingGleam,Moonblast|Modest||F|||50|]Kingambit||ChopleBerry|Defiant|IronHead,SuckerPunch,KowtowCleave,LowKick|Adamant||M|||50|]Basculegion||MysticWater|Adaptability|Protect,AquaJet,LastRespects,WaveCrash|Adamant||M|||50|
|inactive|Battle timer is ON: inactive players will automatically lose when time's up. (requested by cantchat_sorry)
|inactive|CrazyComet37 has 60 seconds left.
|inactive|CrazyComet37 has 30 seconds left.
|inactive|CrazyComet37 has 20 seconds left.
|inactive|CrazyComet37 has 15 seconds left.
|inactive|CrazyComet37 has 10 seconds left.
|
|t:|1783385028
|teamsize|p1|4
|teamsize|p2|4
|start
|switch|p1a: Rotom|Rotom-Heat, L50|100/100
|switch|p1b: Sableye|Sableye, L50, M|100/100
|switch|p2a: Whimsicott|Whimsicott, L50, M|100/100
|switch|p2b: Basculegion|Basculegion, L50, M|100/100
|turn|1
|inactive|cantchat_sorry has 30 seconds left.
|
|t:|1783385063
|switch|p2b: Garchomp|Garchomp, L50, F|100/100
|move|p1b: Sableye|Thunder Wave|p2b: Garchomp
|-immune|p2b: Garchomp
|move|p1a: Rotom|Thunderbolt|p2b: Garchomp
|-immune|p2b: Garchomp
|move|p2a: Whimsicott|Moonblast|p1b: Sableye
|-supereffective|p1b: Sableye|1
|-enditem|p1b: Sableye|Roseli Berry|[eat]
|-enditem|p1b: Sableye|Roseli Berry|[weaken]
|-damage|p1b: Sableye|42/100
|
|upkeep
|turn|2
|
|t:|1783385082
|switch|p1a: Milotic|Milotic, L50, F|100/100
|move|p1b: Sableye|Reflect|p1b: Sableye
|-sidestart|p1: cantchat_sorry|Reflect
|move|p2a: Whimsicott|Moonblast|p1b: Sableye
|-supereffective|p1b: Sableye|1
|-damage|p1b: Sableye|0 fnt
|faint|p1b: Sableye
|move|p2b: Garchomp|Rock Slide|p1a: Milotic|[miss]
|-miss|p2b: Garchomp|p1a: Milotic
|
|upkeep
|
|t:|1783385094
|switch|p1b: Venusaur|Venusaur, L50, F|100/100
|turn|3
|
|t:|1783385109
|detailschange|p1b: Venusaur|Venusaur-Mega, L50, F
|-mega|p1b: Venusaur|Venusaur|Venusaurite
|move|p2a: Whimsicott|Protect|p2a: Whimsicott
|-singleturn|p2a: Whimsicott|Protect
|move|p2b: Garchomp|Protect|p2b: Garchomp
|-singleturn|p2b: Garchomp|Protect
|move|p1b: Venusaur|Giga Drain|p2b: Garchomp
|-activate|p2b: Garchomp|move: Protect
|move|p1a: Milotic|Ice Beam|p2a: Whimsicott
|-activate|p2a: Whimsicott|move: Protect
|
|upkeep
|turn|4
|
|t:|1783385127
|move|p2a: Whimsicott|Tailwind|p2a: Whimsicott
|-sidestart|p2: CrazyComet37|move: Tailwind
|move|p2b: Garchomp|Earthquake|p1a: Milotic|[spread] p2a,p1a,p1b
|-resisted|p2a: Whimsicott|1
|-damage|p2a: Whimsicott|61/100
|-damage|p1a: Milotic|75/100
|-damage|p1b: Venusaur|68/100
|-damage|p2b: Garchomp|90/100|[from] item: Life Orb
|move|p1b: Venusaur|Giga Drain|p2b: Garchomp
|-damage|p2b: Garchomp|47/100
|-heal|p1b: Venusaur|94/100|[from] drain|[of] p2b: Garchomp
|move|p1a: Milotic|Ice Beam|p2b: Garchomp
|-supereffective|p2b: Garchomp|2
|-damage|p2b: Garchomp|0 fnt
|faint|p2b: Garchomp
|
|-heal|p1a: Milotic|81/100|[from] item: Leftovers
|upkeep
|
|t:|1783385139
|switch|p2b: Charizard|Charizard, L50, M|100/100
|turn|5
|
|t:|1783385153
|detailschange|p2b: Charizard|Charizard-Mega-Y, L50, M
|-mega|p2b: Charizard|Charizard|Charizardite Y
|-weather|SunnyDay|[from] ability: Drought|[of] p2b: Charizard
|move|p1b: Venusaur|Protect|p1b: Venusaur
|-singleturn|p1b: Venusaur|Protect
|move|p2a: Whimsicott|Encore|p1b: Venusaur
|-activate|p1b: Venusaur|move: Protect
|move|p2b: Charizard|Solar Beam||[still]
|-prepare|p2b: Charizard|Solar Beam
|-anim|p2b: Charizard|Solar Beam|p1a: Milotic
|-supereffective|p1a: Milotic|1
|-damage|p1a: Milotic|0 fnt
|faint|p1a: Milotic
|
|-weather|SunnyDay|[upkeep]
|upkeep
|
|t:|1783385165
|switch|p1a: Rotom|Rotom-Heat, L50|100/100
|turn|6
|
|t:|1783385177
|move|p2a: Whimsicott|Encore|p1b: Venusaur
|-start|p1b: Venusaur|Encore
|move|p1b: Venusaur|Protect||[still]
|-fail|p1b: Venusaur
|move|p2b: Charizard|Weather Ball|p1a: Rotom
|-resisted|p1a: Rotom|1
|-damage|p1a: Rotom|33/100
|move|p1a: Rotom|Electroweb|p2b: Charizard|[spread] p2a
|-miss|p1a: Rotom|p2b: Charizard
|-resisted|p2a: Whimsicott|1
|-damage|p2a: Whimsicott|46/100
|-unboost|p2a: Whimsicott|spe|1
|
|-weather|SunnyDay|[upkeep]
|-sideend|p1: cantchat_sorry|Reflect
|upkeep
|turn|7
|c|☆cantchat_sorry|that miss man
|
|t:|1783385193
|move|p1b: Venusaur|Protect|p1b: Venusaur
|-singleturn|p1b: Venusaur|Protect
|move|p2b: Charizard|Weather Ball|p1a: Rotom
|-resisted|p1a: Rotom|1
|-damage|p1a: Rotom|0 fnt
|faint|p1a: Rotom
|move|p2a: Whimsicott|Moonblast|p1b: Venusaur
|-activate|p1b: Venusaur|move: Protect
|
|-weather|SunnyDay|[upkeep]
|-sideend|p2: CrazyComet37|move: Tailwind
|upkeep
|turn|8
|-message|cantchat_sorry forfeited.
|
|win|CrazyComet37
|l|☆cantchat_sorry
|player|p1|
|c|☆CrazyComet37|yeah sorry for hax
||cantchat_sorry is ready for game 2.
|inactive|CrazyComet37 has 30 seconds to confirm battle start!
||CrazyComet37 is ready for game 2.
|uhtml|next|Next: Game 2 of 3
