|j|☆andiom123
|j|☆s!dd_1
|html|andiom123s!dd_1    
|uhtml|bestof|Game 2 of a best-of-3
|t:|1783483328
|gametype|doubles
|player|p1|andiom123|red|1170
|player|p2|s!dd_1|flannery-gen6|1258
|gen|9
|tier|[Gen 9 Champions] VGC 2026 Reg M-B (Bo3)
|rated|
|rule|Species Clause: Limit one of each Pokémon
|rule|Item Clause: Limit 1 of each item
|clearpoke
|poke|p1|Incineroar, L50, F|
|poke|p1|Farigiraf, L50, M|
|poke|p1|Sylveon, L50, F|
|poke|p1|Torkoal, L50, M|
|poke|p1|Kangaskhan, L50, F|
|poke|p1|Mawile, L50, F|
|poke|p2|Blaziken, L50, F|
|poke|p2|Kingambit, L50, M|
|poke|p2|Incineroar, L50, M|
|poke|p2|Whimsicott, L50, M|
|poke|p2|Froslass, L50, F|
|poke|p2|Basculegion, L50, M|
|teampreview|4
|showteam|p1|Incineroar||MuscleBand|Intimidate|ThroatChop,FlareBlitz,FakeOut,PartingShot|Brave||F|||50|]Farigiraf||SitrusBerry|ArmorTail|FoulPlay,PsychicNoise,TrickRoom,HelpingHand|Relaxed||M|||50|]Sylveon||LifeOrb|Pixilate|HyperVoice,HyperBeam,QuickAttack,Detect|Modest||F|||50|]Torkoal||Charcoal|Drought|Eruption,EarthPower,Flamethrower,Protect|Quiet||M|||50|]Kangaskhan||Kangaskhanite|Scrappy|DoubleEdge,FakeOut,IcePunch,HammerArm|Brave||F|||50|]Mawile||Mawilite|HyperCutter|RockSlide,PlayRough,SuckerPunch,Protect|Brave||F|||50|
|showteam|p2|Blaziken||Blazikenite|SpeedBoost|FlareBlitz,CloseCombat,RockSlide,Detect|Jolly||F|||50|]Kingambit||BlackGlasses|Defiant|KowtowCleave,SuckerPunch,SwordsDance,Protect|Brave||M|||50|]Incineroar||PasshoBerry|Intimidate|FlareBlitz,Snarl,FakeOut,PartingShot|Impish||M|||50|]Whimsicott||LifeOrb|Prankster|Moonblast,EnergyBall,Tailwind,Protect|Timid||M|||50|]Froslass||Froslassite|CursedBody|Blizzard,ShadowBall,AuroraVeil,Protect|Timid||F|||50|]Basculegion||ChoiceScarf|Adaptability|WaveCrash,LastRespects,AquaJet,FlipTurn|Jolly||M|||50|
|inactive|Battle timer is ON: inactive players will automatically lose when time's up. (requested by s!dd_1)
|inactive|andiom123 has 60 seconds left.
|inactive|s!dd_1 has 60 seconds left.
|
|t:|1783483384
|teamsize|p1|4
|teamsize|p2|4
|start
|switch|p1a: Farigiraf|Farigiraf, L50, M|100/100
|switch|p1b: Kangaskhan|Kangaskhan, L50, F|100/100
|switch|p2a: Vulcan|Froslass, L50, F|100/100
|switch|p2b: Basculegion|Basculegion, L50, M|100/100
|turn|1
|
|t:|1783483407
|detailschange|p2a: Vulcan|Froslass-Mega, L50, F
|-mega|p2a: Vulcan|Froslass|Froslassite
|-weather|Snowscape|[from] ability: Snow Warning|[of] p2a: Vulcan
|move|p2b: Basculegion|Flip Turn|p1a: Farigiraf
|-damage|p1a: Farigiraf|70/100
|
|t:|1783483414
|switch|p2b: Matador|Incineroar, L50, M|100/100|[from] Flip Turn
|-ability|p2b: Matador|Intimidate|boost
|-unboost|p1a: Farigiraf|atk|1
|-fail|p1b: Kangaskhan|unboost|Attack|[from] ability: Scrappy|[of] p1b: Kangaskhan
|move|p2a: Vulcan|Aurora Veil|p2a: Vulcan
|-sidestart|p2: s!dd_1|move: Aurora Veil
|move|p1b: Kangaskhan|Hammer Arm|p2b: Matador
|-supereffective|p2b: Matador|1
|-damage|p2b: Matador|68/100
|-unboost|p1b: Kangaskhan|spe|1
|move|p1a: Farigiraf|Trick Room|p1a: Farigiraf
|-fieldstart|move: Trick Room|[of] p1a: Farigiraf
|
|-weather|Snowscape|[upkeep]
|upkeep
|turn|2
|
|t:|1783483436
|switch|p2a: Basculegion|Basculegion, L50, M|100/100
|detailschange|p1b: Kangaskhan|Kangaskhan-Mega, L50, F
|-mega|p1b: Kangaskhan|Kangaskhan|Kangaskhanite
|move|p1a: Farigiraf|Helping Hand|p1b: Kangaskhan
|-singleturn|p1b: Kangaskhan|Helping Hand|[of] p1a: Farigiraf
|move|p1b: Kangaskhan|Hammer Arm|p2b: Matador
|-supereffective|p2b: Matador|1
|-damage|p2b: Matador|13/100
|-unboost|p1b: Kangaskhan|spe|1
|-supereffective|p2b: Matador|1
|-damage|p2b: Matador|0 fnt
|-unboost|p1b: Kangaskhan|spe|1
|faint|p2b: Matador
|-hitcount|p2: Matador|2
|
|-weather|Snowscape|[upkeep]
|upkeep
|
|t:|1783483447
|switch|p2b: Vulcan|Froslass-Mega, L50, F|100/100
|turn|3
|inactive|andiom123 has 30 seconds left.
|
|t:|1783483473
|switch|p1b: Torkoal|Torkoal, L50, M|100/100
|-weather|SunnyDay|[from] ability: Drought|[of] p1b: Torkoal
|move|p1a: Farigiraf|Foul Play|p2a: Basculegion
|-supereffective|p2a: Basculegion|1
|-damage|p2a: Basculegion|44/100
|move|p2b: Vulcan|Blizzard|p1a: Farigiraf|[spread] 
|-miss|p2b: Vulcan|p1a: Farigiraf
|-miss|p2b: Vulcan|p1b: Torkoal
|move|p2a: Basculegion|Wave Crash|p1a: Farigiraf
|-damage|p1a: Farigiraf|41/100
|-enditem|p1a: Farigiraf|Sitrus Berry|[eat]
|-heal|p1a: Farigiraf|66/100|[from] item: Sitrus Berry
|-damage|p2a: Basculegion|34/100|[from] Recoil
|
|-weather|SunnyDay|[upkeep]
|upkeep
|turn|4
|
|t:|1783483493
|switch|p2b: Gipsy|Blaziken, L50, F|100/100
|move|p1a: Farigiraf|Helping Hand|p1b: Torkoal
|-singleturn|p1b: Torkoal|Helping Hand|[of] p1a: Farigiraf
|move|p1b: Torkoal|Eruption|p2a: Basculegion|[spread] p2a,p2b
|-resisted|p2a: Basculegion|1
|-resisted|p2b: Gipsy|1
|-damage|p2a: Basculegion|0 fnt
|-damage|p2b: Gipsy|29/100
|faint|p2a: Basculegion
|
|-weather|SunnyDay|[upkeep]
|upkeep
|
|t:|1783483504
|switch|p2a: Vulcan|Froslass-Mega, L50, F|100/100
|-weather|Snowscape|[from] ability: Snow Warning|[of] p2a: Vulcan
|turn|5
|
|t:|1783483519
|switch|p1b: Kangaskhan|Kangaskhan-Mega, L50, F|100/100
|move|p2b: Gipsy|Detect|p2b: Gipsy
|-singleturn|p2b: Gipsy|Protect
|move|p1a: Farigiraf|Psychic Noise|p2b: Gipsy
|-activate|p2b: Gipsy|move: Protect
|move|p2a: Vulcan|Blizzard|p1a: Farigiraf|[spread] p1a,p1b
|-damage|p1a: Farigiraf|22/100
|-damage|p1b: Kangaskhan|66/100
|-status|p1b: Kangaskhan|frz
|
|-weather|Snowscape|[upkeep]
|-sideend|p2: s!dd_1|move: Aurora Veil
|-fieldend|move: Trick Room
|-ability|p2b: Gipsy|Speed Boost|boost
|-boost|p2b: Gipsy|spe|1
|upkeep
|turn|6
|inactive|andiom123 has 30 seconds left.
|inactive|andiom123 has 20 seconds left.
|
|t:|1783483557
|switch|p1b: Torkoal|Torkoal, L50, M|100/100
|-weather|SunnyDay|[from] ability: Drought|[of] p1b: Torkoal
|move|p2b: Gipsy|Close Combat|p1a: Farigiraf
|-damage|p1a: Farigiraf|0 fnt
|-unboost|p2b: Gipsy|def|1
|-unboost|p2b: Gipsy|spd|1
|faint|p1a: Farigiraf
|move|p2a: Vulcan|Blizzard|p1b: Torkoal
|-resisted|p1b: Torkoal|1
|-damage|p1b: Torkoal|63/100
|
|-weather|SunnyDay|[upkeep]
|-ability|p2b: Gipsy|Speed Boost|boost
|-boost|p2b: Gipsy|spe|1
|upkeep
|
|t:|1783483571
|switch|p1a: Sylveon|Sylveon, L50, F|100/100
|turn|7
|
|t:|1783483590
|move|p2b: Gipsy|Flare Blitz|p1a: Sylveon
|-damage|p1a: Sylveon|15/100
|-damage|p2b: Gipsy|0 fnt|[from] Recoil
|faint|p2b: Gipsy
|move|p2a: Vulcan|Shadow Ball|p1b: Torkoal
|-damage|p1b: Torkoal|5/100
|move|p1a: Sylveon|Hyper Voice|p2a: Vulcan
|-damage|p2a: Vulcan|27/100
|-damage|p1a: Sylveon|6/100|[from] item: Life Orb
|move|p1b: Torkoal|Flamethrower|p2a: Vulcan
|-supereffective|p2a: Vulcan|1
|-damage|p2a: Vulcan|0 fnt
|faint|p2a: Vulcan
|
|win|andiom123
|raw|andiom123's rating: 1170 → 1201(+31 for winning)
|raw|s!dd_1's rating: 1258 → 1227(-31 for losing)
|l|☆s!dd_1
|player|p2|
