|j|☆jihyo7508
|j|☆the-vsc
|html|jihyo7508the-vsc    
|uhtml|bestof|Game 1 of a best-of-3
|t:|1783469831
|gametype|doubles
|player|p1|jihyo7508|2|1028
|player|p2|the-vsc|red|1002
|gen|9
|tier|[Gen 9 Champions] VGC 2026 Reg M-B (Bo3)
|rated|
|rule|Species Clause: Limit one of each Pokémon
|rule|Item Clause: Limit 1 of each item
|clearpoke
|poke|p1|Vileplume, L50, M|
|poke|p1|Torkoal, L50, M|
|poke|p1|Ditto, L50|
|poke|p1|Hawlucha, L50, M|
|poke|p1|Mr. Rime, L50, M|
|poke|p1|Whimsicott, L50, F|
|poke|p2|Abomasnow, L50, F, shiny|
|poke|p2|Reuniclus, L50, F|
|poke|p2|Incineroar, L50, F|
|poke|p2|Machamp, L50, F, shiny|
|poke|p2|Mamoswine, L50, M|
|poke|p2|Primarina, L50, M|
|teampreview|4
|showteam|p1|Vileplume||Leftovers|Chlorophyll|SolarBeam,SleepPowder,SludgeBomb,AfterYou|Timid||M|||50|]Torkoal||Charcoal|Drought|Eruption,Protect,EarthPower,SolarBeam|Modest||M|||50|]Ditto||BrightPowder|Imposter|Transform|Naive|||||50|]Hawlucha||Hawluchanite|Limber|Entrainment,HighJumpKick,Detect,RockSlide|Jolly||M|||50|]Mr. Rime||ChoiceScarf|ScreenCleaner|SheerCold,Blizzard,ExpandingForce,FreezeDry|Serious||M|||50|]Whimsicott||SitrusBerry|Prankster|Tailwind,Encore,Moonblast,Uturn|Calm||F|||50|
|showteam|p2|Abomasnow||Abomasite|SnowWarning|Blizzard,AuroraVeil,LeafStorm,Protect|Quiet||F|||50|]Reuniclus||SitrusBerry|Regenerator|TrickRoom,Imprison,Psychic,Protect|Relaxed||F|||50|]Incineroar||ChopleBerry|Intimidate|FakeOut,FlareBlitz,ThroatChop,PartingShot|Sassy||F|||50|]Machamp||ScopeLens|NoGuard|CrossChop,StoneEdge,HighHorsepower,Protect|Brave||F|||50|]Mamoswine||FocusSash|SnowCloak|IcicleCrash,HighHorsepower,HeavySlam,Protect|Brave||M|||50|]Primarina||LifeOrb|LiquidVoice|HyperVoice,DazzlingGleam,Blizzard,Protect|Relaxed||M|||50|
|
|t:|1783469877
|teamsize|p1|4
|teamsize|p2|4
|start
|switch|p1a: Mr. Rime|Mr. Rime, L50, M|100/100
|switch|p1b: Hawlucha|Hawlucha, L50, M|100/100
|switch|p2a: Reuniclus|Reuniclus, L50, F|100/100
|switch|p2b: Incineroar|Incineroar, L50, F|100/100
|-ability|p2b: Incineroar|Intimidate|boost
|-unboost|p1a: Mr. Rime|atk|1
|-unboost|p1b: Hawlucha|atk|1
|turn|1
|inactive|Battle timer is ON: inactive players will automatically lose when time's up. (requested by jihyo7508)
|inactive|the-vsc has 60 seconds left.
|
|t:|1783469926
|detailschange|p1b: Hawlucha|Hawlucha-Mega, L50, M
|-mega|p1b: Hawlucha|Hawlucha|Hawluchanite
|move|p2b: Incineroar|Fake Out|p1b: Hawlucha
|-damage|p1b: Hawlucha|83/100
|cant|p1b: Hawlucha|flinch
|move|p1a: Mr. Rime|Sheer Cold|p2a: Reuniclus
|-damage|p2a: Reuniclus|0 fnt
|faint|p2a: Reuniclus
|-ohko
|
|upkeep
|
|t:|1783469940
|switch|p2a: Primarina|Primarina, L50, M|100/100
|turn|2
|
|t:|1783469952
|move|p2a: Primarina|Protect|p2a: Primarina
|-singleturn|p2a: Primarina|Protect
|move|p1b: Hawlucha|Entrainment|p1a: Mr. Rime
|-ability|p1a: Mr. Rime|No Guard|Screen Cleaner|[from] move: Entrainment|[of] p1b: Hawlucha
|move|p1a: Mr. Rime|Sheer Cold|p2a: Primarina
|-activate|p2a: Primarina|move: Protect
|move|p2b: Incineroar|Flare Blitz|p1a: Mr. Rime
|-supereffective|p1a: Mr. Rime|1
|-damage|p1a: Mr. Rime|0 fnt
|faint|p1a: Mr. Rime
|-damage|p2b: Incineroar|69/100|[from] Recoil
|
|upkeep
|
|t:|1783469968
|switch|p1a: Torkoal|Torkoal, L50, M|100/100
|-weather|SunnyDay|[from] ability: Drought|[of] p1a: Torkoal
|turn|3
|
|t:|1783469980
|switch|p2b: Abomasnow|Abomasnow, L50, F, shiny|100/100
|-weather|Snowscape|[from] ability: Snow Warning|[of] p2b: Abomasnow
|switch|p1a: Vileplume|Vileplume, L50, M|100/100
|move|p1b: Hawlucha|Detect|p1b: Hawlucha
|-singleturn|p1b: Hawlucha|Protect
|move|p2a: Primarina|Hyper Voice|p1a: Vileplume|[spread] p1a
|-activate|p1b: Hawlucha|move: Protect
|-resisted|p1a: Vileplume|1
|-damage|p1a: Vileplume|69/100
|-damage|p2a: Primarina|90/100|[from] item: Life Orb
|
|-weather|Snowscape|[upkeep]
|-heal|p1a: Vileplume|75/100|[from] item: Leftovers
|upkeep
|turn|4
|inactive|the-vsc has 30 seconds left.
|
|t:|1783470014
|switch|p1b: Torkoal|Torkoal, L50, M|100/100
|-weather|SunnyDay|[from] ability: Drought|[of] p1b: Torkoal
|detailschange|p2b: Abomasnow|Abomasnow-Mega, L50, F, shiny
|-mega|p2b: Abomasnow|Abomasnow|Abomasite
|-weather|Snowscape|[from] ability: Snow Warning|[of] p2b: Abomasnow
|move|p1a: Vileplume|Solar Beam||[still]
|-prepare|p1a: Vileplume|Solar Beam
|move|p2a: Primarina|Hyper Voice|p1a: Vileplume|[spread] p1a,p1b
|-resisted|p1a: Vileplume|1
|-supereffective|p1b: Torkoal|1
|-damage|p1a: Vileplume|48/100
|-damage|p1b: Torkoal|0 fnt
|faint|p1b: Torkoal
|-damage|p2a: Primarina|80/100|[from] item: Life Orb
|move|p2b: Abomasnow|Blizzard|p1a: Vileplume
|-supereffective|p1a: Vileplume|1
|-damage|p1a: Vileplume|0 fnt
|faint|p1a: Vileplume
|
|-weather|Snowscape|[upkeep]
|upkeep
|
|t:|1783470037
|switch|p1a: Hawlucha|Hawlucha-Mega, L50, M|83/100
|turn|5
|
|t:|1783470045
|move|p1a: Hawlucha|Rock Slide|p2a: Primarina|[spread] p2a,p2b
|-supereffective|p2b: Abomasnow|1
|-damage|p2a: Primarina|61/100
|-damage|p2b: Abomasnow|76/100
|cant|p2a: Primarina|flinch
|cant|p2b: Abomasnow|flinch
|
|-weather|Snowscape|[upkeep]
|upkeep
|turn|6
|
|t:|1783470056
|move|p1a: Hawlucha|High Jump Kick|p2b: Abomasnow
|-supereffective|p2b: Abomasnow|1
|-damage|p2b: Abomasnow|0 fnt
|faint|p2b: Abomasnow
|move|p2a: Primarina|Dazzling Gleam|p1a: Hawlucha
|-supereffective|p1a: Hawlucha|1
|-damage|p1a: Hawlucha|0 fnt
|faint|p1a: Hawlucha
|-damage|p2a: Primarina|51/100|[from] item: Life Orb
|
|win|the-vsc
||the-vsc is ready for game 2.
|inactive|jihyo7508 has 30 seconds to confirm battle start!
|l|☆jihyo7508
|player|p1|
|inactive|jihyo7508 has 20 seconds to confirm battle start!
|j|☆jihyo7508
|player|p1|jihyo7508|2|
|inactive|jihyo7508 has 10 seconds to confirm battle start!
