|j|☆exessvgc
|j|☆gluconfix
|html|exessvgcgluconfix    
|uhtml|bestof|Game 1 of a best-of-3
|t:|1782391099
|gametype|doubles
|player|p1|exessvgc|lucas|1149
|player|p2|gluconfix|proton|1060
|gen|9
|tier|[Gen 9 Champions] VGC 2026 Reg M-B (Bo3)
|rated|
|rule|Species Clause: Limit one of each Pokémon
|rule|Item Clause: Limit 1 of each item
|clearpoke
|poke|p1|Charizard, L50, F|
|poke|p1|Sneasler, L50, M|
|poke|p1|Farigiraf, L50, M|
|poke|p1|Aerodactyl, L50, F|
|poke|p1|Kingambit, L50, M|
|poke|p1|Sylveon, L50, F|
|poke|p2|Froslass, L50, F, shiny|
|poke|p2|Drampa, L50, F|
|poke|p2|Charizard, L50, M, shiny|
|poke|p2|Ceruledge, L50, M, shiny|
|poke|p2|Politoed, L50, M|
|poke|p2|Palafin, L50, M, shiny|
|teampreview|4
|showteam|p1|Charizard||CharizarditeX|Blaze|DragonDance,DragonClaw,FlareBlitz,Protect|Jolly||F|||50|]Sneasler||WhiteHerb|Unburden|FakeOut,Protect,CloseCombat,DireClaw|Jolly||M|||50|]Farigiraf||SitrusBerry|ArmorTail|TrickRoom,Thunderbolt,HelpingHand,TwinBeam|Calm||M|||50|]Aerodactyl||FocusSash|Unnerve|RockSlide,Tailwind,DualWingbeat,Protect|Jolly||F|||50|]Kingambit||LifeOrb|Defiant|KowtowCleave,SuckerPunch,IronHead,Protect|Brave||M|||50|]Sylveon||FairyFeather|Pixilate|HyperVoice,HyperBeam,Protect,QuickAttack|Quiet||F|||50|
|showteam|p2|Froslass||Froslassite|CursedBody|AuroraVeil,Blizzard,IcyWind,WillOWisp|Timid||F|||50|]Drampa||LifeOrb|Berserk|Blizzard,CalmMind,HeatWave,Hurricane|Modest||F|||50|]Charizard||CharizarditeY|Blaze|Protect,Roost,HeatWave,SolarBeam|Modest||M|||50|]Ceruledge||ExpertBelt|WeakArmor|BitterBlade,CloseCombat,Curse,Poltergeist|Jolly||M|||50|]Politoed||Leftovers|Drizzle|HydroPump,Haze,Protect,IceBeam|Calm||M|||50|]Palafin||ChoiceScarf|ZerotoHero|FlipTurn,Liquidation,BodySlam,DrainPunch|Jolly||M|||50|
|inactive|Battle timer is ON: inactive players will automatically lose when time's up. (requested by gluconfix)
|inactive|exessvgc has 60 seconds left.
|
|t:|1782391149
|teamsize|p1|4
|teamsize|p2|4
|start
|switch|p1a: DINOSAUVO|Aerodactyl, L50, F|100/100
|switch|p1b: EXESS|Charizard, L50, F|100/100
|switch|p2a: Politoed|Politoed, L50, M|100/100
|switch|p2b: Palafin|Palafin, L50, M, shiny|100/100
|-ability|p1a: DINOSAUVO|Unnerve
|-weather|RainDance|[from] ability: Drizzle|[of] p2a: Politoed
|turn|1
|inactive|exessvgc has 30 seconds left.
|inactive|exessvgc has 20 seconds left.
|
|t:|1782391187
|detailschange|p1b: EXESS|Charizard-Mega-X, L50, F
|-mega|p1b: EXESS|Charizard|Charizardite X
|move|p1a: DINOSAUVO|Protect|p1a: DINOSAUVO
|-singleturn|p1a: DINOSAUVO|Protect
|move|p2b: Palafin|Flip Turn|p1b: EXESS
|-damage|p1b: EXESS|68/100
|
|t:|1782391198
|detailschange|p2b: Palafin|Palafin-Hero, L50, M, shiny
|switch|p2b: Drampa|Drampa, L50, F|100/100|[from] Flip Turn
|move|p1b: EXESS|Dragon Claw|p2b: Drampa
|-supereffective|p2b: Drampa|1
|-damage|p2b: Drampa|0 fnt
|faint|p2b: Drampa
|move|p2a: Politoed|Hydro Pump|p1b: EXESS
|-damage|p1b: EXESS|0 fnt
|faint|p1b: EXESS
|
|-weather|RainDance|[upkeep]
|upkeep
|
|t:|1782391214
|switch|p1b: LA GIRAFFA|Farigiraf, L50, M|100/100
|switch|p2b: Palafin|Palafin-Hero, L50, M, shiny|100/100
|-activate|p2b: Palafin|ability: Zero to Hero
|turn|2
|
|t:|1782391228
|move|p2b: Palafin|Liquidation|p1b: LA GIRAFFA
|-damage|p1b: LA GIRAFFA|31/100
|-enditem|p1b: LA GIRAFFA|Sitrus Berry|[eat]
|-heal|p1b: LA GIRAFFA|55/100|[from] item: Sitrus Berry
|move|p1a: DINOSAUVO|Tailwind|p1a: DINOSAUVO
|-sidestart|p1: exessvgc|move: Tailwind
|move|p1b: LA GIRAFFA|Thunderbolt|p2b: Palafin
|-supereffective|p2b: Palafin|1
|-damage|p2b: Palafin|52/100
|move|p2a: Politoed|Hydro Pump|p1a: DINOSAUVO
|-supereffective|p1a: DINOSAUVO|1
|-enditem|p1a: DINOSAUVO|Focus Sash
|-damage|p1a: DINOSAUVO|1/100
|
|-weather|RainDance|[upkeep]
|upkeep
|turn|3
|
|t:|1782391252
|move|p1a: DINOSAUVO|Protect|p1a: DINOSAUVO
|-singleturn|p1a: DINOSAUVO|Protect
|move|p2b: Palafin|Liquidation|p1b: LA GIRAFFA
|-damage|p1b: LA GIRAFFA|0 fnt
|faint|p1b: LA GIRAFFA
|move|p2a: Politoed|Ice Beam|p1a: DINOSAUVO
|-activate|p1a: DINOSAUVO|move: Protect
|
|-weather|RainDance|[upkeep]
|upkeep
|
|t:|1782391257
|switch|p1b: Sylveon|Sylveon, L50, F|100/100
|turn|4
|
|t:|1782391268
|move|p1a: DINOSAUVO|Rock Slide|p2a: Politoed|[spread] p2a,p2b
|-damage|p2a: Politoed|68/100
|-damage|p2b: Palafin|28/100
|move|p2b: Palafin|Liquidation|p1b: Sylveon
|-damage|p1b: Sylveon|9/100
|-unboost|p1b: Sylveon|def|1
|move|p1b: Sylveon|Hyper Voice|p2b: Palafin|[spread] p2a,p2b
|-damage|p2a: Politoed|37/100
|-damage|p2b: Palafin|0 fnt
|faint|p2b: Palafin
|move|p2a: Politoed|Hydro Pump|p1b: Sylveon
|-damage|p1b: Sylveon|0 fnt
|faint|p1b: Sylveon
|
|-weather|RainDance|[upkeep]
|-heal|p2a: Politoed|43/100|[from] item: Leftovers
|upkeep
|
|t:|1782391280
|switch|p2b: Froslass|Froslass, L50, F, shiny|100/100
|turn|5
|
|t:|1782391291
|move|p1a: DINOSAUVO|Rock Slide|p2b: Froslass|[spread] p2a,p2b
|-supereffective|p2b: Froslass|1
|-damage|p2a: Politoed|14/100
|-damage|p2b: Froslass|21/100
|move|p2b: Froslass|Icy Wind|p1a: DINOSAUVO
|-supereffective|p1a: DINOSAUVO|1
|-damage|p1a: DINOSAUVO|0 fnt
|faint|p1a: DINOSAUVO
|
|win|gluconfix
||gluconfix is ready for game 2.
||exessvgc is ready for game 2.
|uhtml|next|Next: Game 2 of 3
|l|☆gluconfix
|player|p2|
