|j|☆luckyross
|j|☆Sedrav
|html|luckyrossSedrav    
|uhtml|bestof|Game 1 of a best-of-3
|t:|1756950479
|gametype|doubles
|player|p1|luckyross|fisherman-gen4|1201
|player|p2|Sedrav|265|1200
|gen|9
|tier|[Gen 9] VGC 2025 Reg H (Bo3)
|rated|
|rule|Species Clause: Limit one of each Pokémon
|rule|Item Clause: Limit 1 of each item
|clearpoke
|poke|p1|Tyranitar, L50, F|
|poke|p1|Excadrill, L50, F|
|poke|p1|Indeedee, L50, M|
|poke|p1|Sneasler, L50, M|
|poke|p1|Corviknight, L50, F|
|poke|p1|Hydreigon, L50, F|
|poke|p2|Garchomp, L50, F|
|poke|p2|Talonflame, L50, F|
|poke|p2|Gholdengo, L50|
|poke|p2|Tyranitar, L50, M|
|poke|p2|Amoonguss, L50, F|
|poke|p2|Milotic, L50, M|
|teampreview|4
|showteam|p1|Tyranitar||AssaultVest|SandStream|KnockOff,RockSlide,TeraBlast,LowKick|||F|||50|,,,,,Flying]Excadrill||FocusSash|SandRush|Earthquake,IronHead,HighHorsepower,Protect|||F|||50|,,,,,Stellar]Indeedee||ChoiceScarf|PsychicSurge|ExpandingForce,TeraBlast,Trick,Protect|||M|||50|,,,,,Psychic]Sneasler||WhiteHerb|Unburden|DireClaw,CloseCombat,Coaching,FakeOut|||M|||50|,,,,,Stellar]Corviknight||PsychicSeed|MirrorArmor|BraveBird,PowerTrip,BulkUp,Roost|||F|||50|,,,,,Water]Hydreigon||LifeOrb|Levitate|DracoMeteor,DarkPulse,Protect,Tailwind|||F|||50|,,,,,Ghost
|showteam|p2|Garchomp||LifeOrb|RoughSkin|DragonClaw,StompingTantrum,Earthquake,Protect|||F|||50|,,,,,Fairy]Talonflame||CovertCloak|GaleWings|BraveBird,Tailwind,WillOWisp,Taunt|||F|||50|,,,,,Grass]Gholdengo||MetalCoat|GoodasGold|MakeItRain,ShadowBall,NastyPlot,Protect||||||50|,,,,,Flying]Tyranitar||AssaultVest|SandStream|RockSlide,KnockOff,LowKick,TeraBlast|||M|||50|,,,,,Flying]Amoonguss||SitrusBerry|Regenerator|Spore,RagePowder,PollenPuff,Protect|||F|||50|,,,,,Water]Milotic||SafetyGoggles|Competitive|Scald,IcyWind,Haze,Protect|||M|||50|,,,,,Dragon
|inactive|Battle timer is ON: inactive players will automatically lose when time's up. (requested by Sedrav)
|inactive|luckyross has 60 seconds left.
|inactive|Sedrav has 60 seconds left.
|
|t:|1756950540
|teamsize|p1|4
|teamsize|p2|4
|start
|switch|p1a: Tyranitar|Tyranitar, L50, F|100/100
|switch|p1b: Excadrill|Excadrill, L50, F|100/100
|switch|p2a: Garchomp|Garchomp, L50, F|100/100
|switch|p2b: Amoonguss|Amoonguss, L50, F|100/100
|-weather|Sandstorm|[from] ability: Sand Stream|[of] p1a: Tyranitar
|turn|1
|inactive|luckyross has 30 seconds left.
|
|t:|1756950572
|-terastallize|p1a: Tyranitar|Flying
|move|p1b: Excadrill|Earthquake|p2a: Garchomp|[spread] p2a,p2b
|-immune|p1a: Tyranitar
|-damage|p2a: Garchomp|60/100
|-damage|p2b: Amoonguss|64/100
|move|p2a: Garchomp|Stomping Tantrum|p1b: Excadrill
|-supereffective|p1b: Excadrill
|-crit|p1b: Excadrill
|-enditem|p1b: Excadrill|Focus Sash
|-damage|p1b: Excadrill|1/100
|-damage|p2a: Garchomp|50/100|[from] item: Life Orb
|move|p1a: Tyranitar|Tera Blast|p2b: Amoonguss|[anim] Tera Blast Flying
|-supereffective|p2b: Amoonguss
|-crit|p2b: Amoonguss
|-damage|p2b: Amoonguss|0 fnt
|faint|p2b: Amoonguss
|
|-weather|Sandstorm|[upkeep]
|-damage|p1a: Tyranitar|95/100|[from] Sandstorm
|upkeep
|
|t:|1756950596
|switch|p2b: Talonflame|Talonflame, L50, F|100/100
|turn|2
|inactive|Sedrav has 30 seconds left.
|inactive|Sedrav has 20 seconds left.
|inactive|Sedrav has 15 seconds left.
|
|t:|1756950640
|switch|p2a: Gholdengo|Gholdengo, L50|100/100
|-terastallize|p2b: Talonflame|Grass
|move|p1b: Excadrill|Protect|p1b: Excadrill
|-singleturn|p1b: Excadrill|Protect
|move|p2b: Talonflame|Tailwind|p2b: Talonflame
|-sidestart|p2: Sedrav|move: Tailwind
|move|p1a: Tyranitar|Tera Blast|p2a: Gholdengo|[anim] Tera Blast Flying
|-resisted|p2a: Gholdengo
|-damage|p2a: Gholdengo|77/100
|
|-weather|Sandstorm|[upkeep]
|-damage|p2b: Talonflame|95/100|[from] Sandstorm
|-damage|p1a: Tyranitar|89/100|[from] Sandstorm
|upkeep
|turn|3
|inactive|luckyross has 30 seconds left.
|inactive|Sedrav has 30 seconds left.
|inactive|Sedrav has 20 seconds left.
|inactive|Sedrav has 15 seconds left.
|
|t:|1756950680
|move|p1b: Excadrill|Protect||[still]
|-fail|p1b: Excadrill
|move|p2a: Gholdengo|Protect|p2a: Gholdengo
|-singleturn|p2a: Gholdengo|Protect
|move|p2b: Talonflame|Brave Bird|p1b: Excadrill
|-resisted|p1b: Excadrill
|-damage|p1b: Excadrill|0 fnt
|faint|p1b: Excadrill
|-damage|p2b: Talonflame|94/100|[from] Recoil
|move|p1a: Tyranitar|Tera Blast|p2b: Talonflame|[anim] Tera Blast Flying
|-supereffective|p2b: Talonflame
|-damage|p2b: Talonflame|0 fnt
|faint|p2b: Talonflame
|
|-weather|Sandstorm|[upkeep]
|-damage|p1a: Tyranitar|83/100|[from] Sandstorm
|upkeep
|
|t:|1756950700
|switch|p2b: Garchomp|Garchomp, L50, F|50/100
|switch|p1b: My Goat|Hydreigon, L50, F|100/100
|turn|4
|inactive|luckyross has 30 seconds left.
|inactive|Sedrav has 30 seconds left.
|inactive|luckyross has 20 seconds left.
|inactive|luckyross has 15 seconds left.
|
|t:|1756950744
|move|p2b: Garchomp|Dragon Claw|p1a: Tyranitar
|-damage|p1a: Tyranitar|36/100
|-damage|p2b: Garchomp|40/100|[from] item: Life Orb
|move|p2a: Gholdengo|Make It Rain|p1b: My Goat|[spread] p1a,p1b
|-crit|p1b: My Goat
|-damage|p1a: Tyranitar|2/100
|-damage|p1b: My Goat|9/100
|-unboost|p2a: Gholdengo|spa|1
|move|p1b: My Goat|Tailwind|p1b: My Goat
|-sidestart|p1: luckyross|move: Tailwind
|move|p1a: Tyranitar|Knock Off|p2b: Garchomp
|-damage|p2b: Garchomp|0 fnt
|-damage|p1a: Tyranitar|0 fnt|[from] ability: Rough Skin|[of] p2b: Garchomp
|faint|p2b: Garchomp
|faint|p1a: Tyranitar
|
|-weather|Sandstorm|[upkeep]
|-damage|p1b: My Goat|3/100|[from] Sandstorm
|upkeep
|
|t:|1756950768
|switch|p1a: Indeedee|Indeedee, L50, M|100/100
|-fieldstart|move: Psychic Terrain|[from] ability: Psychic Surge|[of] p1a: Indeedee
|turn|5
|
|t:|1756950781
|move|p1b: My Goat|Protect|p1b: My Goat
|-singleturn|p1b: My Goat|Protect
|move|p1a: Indeedee|Expanding Force|p2a: Gholdengo
|-resisted|p2a: Gholdengo
|-damage|p2a: Gholdengo|31/100
|move|p2a: Gholdengo|Make It Rain|p1a: Indeedee|[spread] p1a
|-activate|p1b: My Goat|move: Protect
|-damage|p1a: Indeedee|49/100
|-unboost|p2a: Gholdengo|spa|1
|
|-weather|none
|-sideend|p2: Sedrav|move: Tailwind
|upkeep
|turn|6
|
|t:|1756950798
|move|p1a: Indeedee|Expanding Force|p2a: Gholdengo
|-resisted|p2a: Gholdengo
|-damage|p2a: Gholdengo|0 fnt
|faint|p2a: Gholdengo
|
|win|luckyross
