|j|☆thegrinchofficial
|j|☆Talos2BA.G.
|html|thegrinchofficialTalos2BA.G.    
|uhtml|bestof|Game 3 of a best-of-3
|t:|1784050710
|gametype|doubles
|player|p1|thegrinchofficial|baker|1034
|player|p2|Talos2BA.G.|steven|1075
|gen|9
|tier|[Gen 9 Champions] VGC 2026 Reg M-B (Bo3)
|rated|
|rule|Species Clause: Limit one of each Pokémon
|rule|Item Clause: Limit 1 of each item
|clearpoke
|poke|p1|Liepard, L50, F|
|poke|p1|Chandelure, L50, F|
|poke|p1|Skarmory, L50, M|
|poke|p1|Rotom-Mow, L50|
|poke|p1|Gardevoir, L50, F|
|poke|p1|Krookodile, L50, F|
|poke|p2|Sneasler, L50, F, shiny|
|poke|p2|Sinistcha, L50|
|poke|p2|Talonflame, L50, M|
|poke|p2|Steelix, L50, M, shiny|
|poke|p2|Rotom-Wash, L50, shiny|
|poke|p2|Tyranitar, L50, F|
|teampreview|4
|showteam|p1|Liepard||FocusSash|Prankster|FakeOut,Encore,SunnyDay,FoulPlay|Jolly||F|||50|]Chandelure||Chandelurite|FlashFire|Protect,HeatWave,ShadowBall,SolarBeam|Modest||F|||50|]Skarmory||Leftovers|Sturdy|Tailwind,IronDefense,BodyPress,IronHead|Impish||M|||50|]Rotom-Mow||ChoiceScarf|Levitate|Discharge,LeafStorm,Electroweb,LightScreen|Modest|||||50|]Gardevoir||SitrusBerry|Telepathy|TrickRoom,Imprison,Psychic,Moonblast|Calm||F|||50|]Krookodile||LifeOrb|Intimidate|Earthquake,RockSlide,KnockOff,Protect|Jolly||F|||50|
|showteam|p2|Sneasler||WhiteHerb|Unburden|Protect,CloseCombat,DireClaw,FakeOut|Jolly||F|||50|]Sinistcha||SitrusBerry|Hospitality|RagePowder,TrickRoom,MatchaGotcha,Protect|Bold|||||50|]Talonflame||LifeOrb|GaleWings|SwordsDance,Protect,BraveBird,FlareBlitz|Jolly||M|||50|]Steelix||Steelixite|Sturdy|Protect,HeavySlam,HighHorsepower,WideGuard|Brave||M|||50|]Rotom-Wash||Leftovers|Levitate|WillOWisp,Thunderbolt,HydroPump,LightScreen|Modest|||||50|]Tyranitar||Tyranitarite|SandStream|Protect,RockSlide,KnockOff,DragonDance|Adamant||F|||50|
|
|t:|1784050739
|teamsize|p1|4
|teamsize|p2|4
|start
|switch|p1a: Skarmory|Skarmory, L50, M|100/100
|switch|p1b: Rotom|Rotom-Mow, L50|100/100
|switch|p2a: Sneasler|Sneasler, L50, F, shiny|100/100
|switch|p2b: Rotom|Rotom-Wash, L50, shiny|100/100
|turn|1
|
|t:|1784050759
|switch|p2b: Talonflame|Talonflame, L50, M|100/100
|move|p2a: Sneasler|Dire Claw|p1b: Rotom
|-supereffective|p1b: Rotom|1
|-damage|p1b: Rotom|0 fnt
|faint|p1b: Rotom
|move|p1a: Skarmory|Tailwind|p1a: Skarmory
|-sidestart|p1: thegrinchofficial|move: Tailwind
|
|upkeep
|
|t:|1784050770
|switch|p1b: Liepard|Liepard, L50, F|100/100
|turn|2
|
|t:|1784050781
|move|p2b: Talonflame|Brave Bird|p1b: Liepard
|-enditem|p1b: Liepard|Focus Sash
|-damage|p1b: Liepard|1/100
|-damage|p2b: Talonflame|63/100|[from] Recoil
|-damage|p2b: Talonflame|54/100|[from] item: Life Orb
|move|p1b: Liepard|Foul Play|p2b: Talonflame
|-damage|p2b: Talonflame|1/100
|move|p1a: Skarmory|Iron Defense|p1a: Skarmory
|-boost|p1a: Skarmory|def|2
|move|p2a: Sneasler|Close Combat|p1b: Liepard
|-supereffective|p1b: Liepard|1
|-damage|p1b: Liepard|0 fnt
|-unboost|p2a: Sneasler|def|1
|-unboost|p2a: Sneasler|spd|1
|faint|p1b: Liepard
|-enditem|p2a: Sneasler|White Herb
|-clearnegativeboost|p2a: Sneasler|[silent]
|
|upkeep
|
|t:|1784050798
|switch|p1b: Chandelure|Chandelure, L50, F|100/100
|turn|3
|
|t:|1784050816
|switch|p2b: Rotom|Rotom-Wash, L50, shiny|100/100
|detailschange|p1b: Chandelure|Chandelure-Mega, L50, F
|-mega|p1b: Chandelure|Chandelure|Chandelurite
|move|p2a: Sneasler|Close Combat|p1a: Skarmory
|-damage|p1a: Skarmory|80/100
|-unboost|p2a: Sneasler|def|1
|-unboost|p2a: Sneasler|spd|1
|move|p1b: Chandelure|Heat Wave|p2a: Sneasler|[spread] p2a,p2b
|-resisted|p2b: Rotom|1
|-damage|p2a: Sneasler|10/100
|-damage|p2b: Rotom|72/100
|move|p1a: Skarmory|Iron Defense|p1a: Skarmory
|-boost|p1a: Skarmory|def|2
|
|-heal|p1a: Skarmory|86/100|[from] item: Leftovers
|-heal|p2b: Rotom|79/100|[from] item: Leftovers
|upkeep
|turn|4
|
|t:|1784050836
|move|p2a: Sneasler|Dire Claw|p1b: Chandelure
|-resisted|p1b: Chandelure|1
|-damage|p1b: Chandelure|76/100
|move|p1b: Chandelure|Heat Wave|p2b: Rotom|[spread] p2a,p2b
|-resisted|p2b: Rotom|1
|-damage|p2a: Sneasler|0 fnt
|-damage|p2b: Rotom|50/100g
|faint|p2a: Sneasler
|move|p1a: Skarmory|Body Press|p2b: Rotom
|-damage|p2b: Rotom|0 fnt
|faint|p2b: Rotom
|
|-heal|p1a: Skarmory|92/100|[from] item: Leftovers
|-sideend|p1: thegrinchofficial|move: Tailwind
|upkeep
|
|t:|1784050843
|switch|p2a: Talonflame|Talonflame, L50, M|1/100
|switch|p2b: Tyranitar|Tyranitar, L50, F|100/100
|-weather|Sandstorm|[from] ability: Sand Stream|[of] p2b: Tyranitar
|turn|5
|
|t:|1784050855
|detailschange|p2b: Tyranitar|Tyranitar-Mega, L50, F
|-mega|p2b: Tyranitar|Tyranitar|Tyranitarite
|move|p1b: Chandelure|Protect|p1b: Chandelure
|-singleturn|p1b: Chandelure|Protect
|move|p2a: Talonflame|Brave Bird|p1b: Chandelure
|-activate|p1b: Chandelure|move: Protect
|move|p1a: Skarmory|Body Press|p2b: Tyranitar
|-supereffective|p2b: Tyranitar|2
|-damage|p2b: Tyranitar|0 fnt
|faint|p2b: Tyranitar
|
|-weather|Sandstorm|[upkeep]
|-damage|p2a: Talonflame|0 fnt|[from] Sandstorm
|-damage|p1b: Chandelure|71/100|[from] Sandstorm
|faint|p2a: Talonflame
|
|win|thegrinchofficial
|raw|thegrinchofficial's rating: 1034 → 1073(+39 for winning)
|raw|Talos2BA.G.'s rating: 1075 → 1051(-24 for losing)
|l|☆Talos2BA.G.
|player|p2|
