|j|☆EastyLiam
|j|☆failandimprove5
|html|EastyLiamfailandimprove5    
|uhtml|bestof|Game 1 of a best-of-3
|t:|1784500260
|gametype|doubles
|player|p1|EastyLiam|101|1316
|player|p2|failandimprove5|266|1389
|gen|9
|tier|[Gen 9 Champions] VGC 2026 Reg M-B (Bo3)
|rated|
|rule|Species Clause: Limit one of each Pokémon
|rule|Item Clause: Limit 1 of each item
|clearpoke
|poke|p1|Ninetales-Alola, L50, M|
|poke|p1|Kommo-o, L50, F|
|poke|p1|Glimmora, L50, F|
|poke|p1|Whimsicott, L50, M|
|poke|p1|Kingambit, L50, M|
|poke|p1|Basculegion, L50, M|
|poke|p2|Garchomp, L50, F|
|poke|p2|Venusaur, L50, M|
|poke|p2|Incineroar, L50, F|
|poke|p2|Charizard, L50, M|
|poke|p2|Toxapex, L50, M|
|poke|p2|Annihilape, L50, M|
|teampreview|4
|showteam|p1|Ninetales-Alola||NeverMeltIce|SnowWarning|Blizzard,FreezeDry,HelpingHand,Protect|Timid||M|||50|]Kommo-o||LifeOrb|Soundproof|ClangingScales,AuraSphere,DracoMeteor,Protect|Timid||F|||50|]Glimmora||Glimmoranite|ToxicDebris|PowerGem,SludgeBomb,EarthPower,SpikyShield|Timid||F|||50|]Whimsicott||FocusSash|Prankster|Moonblast,Tailwind,Encore,Protect|Timid||M|||50|]Kingambit||ChopleBerry|Defiant|KowtowCleave,LowKick,SuckerPunch,Protect|Adamant||M|||50|]Basculegion||ChoiceScarf|SwiftSwim|WaveCrash,LastRespects,FlipTurn,AquaJet|Jolly||M|||50|
|showteam|p2|Garchomp||ChoiceScarf|RoughSkin|Earthquake,RockSlide,DragonClaw,StompingTantrum|Adamant||F|||50|]Venusaur||LifeOrb|Chlorophyll|SludgeBomb,SolarBeam,EarthPower,Protect|Modest||M|||50|]Incineroar||SitrusBerry|Intimidate|FakeOut,FlareBlitz,ThroatChop,PartingShot|Impish||F|||50|]Charizard||CharizarditeY|Blaze|HeatWave,WeatherBall,HelpingHand,Protect|Modest||M|||50|]Toxapex||Leftovers|Regenerator|Infestation,Toxic,WideGuard,BanefulBunker|Bold||M|||50|]Annihilape||FocusSash|Defiant|CloseCombat,PhantomForce,RockTomb,Protect|Jolly||M|||50|
|inactive|Battle timer is ON: inactive players will automatically lose when time's up. (requested by failandimprove5)
|inactive|EastyLiam has 60 seconds left.
|inactive|failandimprove5 has 60 seconds left.
|inactive|EastyLiam has 30 seconds left.
|inactive|failandimprove5 has 30 seconds left.
|inactive|EastyLiam has 20 seconds left.
|inactive|failandimprove5 has 20 seconds left.
|inactive|failandimprove5 has 15 seconds left.
|
|t:|1784500339
|teamsize|p1|4
|teamsize|p2|4
|start
|switch|p1a: Kommo-o|Kommo-o, L50, F|100/100
|switch|p1b: Kingambit|Kingambit, L50, M|100/100
|switch|p2a: Toxapex|Toxapex, L50, M|100/100
|switch|p2b: Incineroar|Incineroar, L50, F|100/100
|-ability|p2b: Incineroar|Intimidate|boost
|-unboost|p1a: Kommo-o|atk|1
|-unboost|p1b: Kingambit|atk|1
|-ability|p1b: Kingambit|Defiant|boost
|-boost|p1b: Kingambit|atk|2
|turn|1
|inactive|failandimprove5 has 30 seconds left.
|inactive|failandimprove5 has 20 seconds left.
|inactive|failandimprove5 has 15 seconds left.
|
|t:|1784500382
|move|p2b: Incineroar|Fake Out|p1a: Kommo-o
|-damage|p1a: Kommo-o|89/100
|cant|p1a: Kommo-o|flinch
|move|p1b: Kingambit|Kowtow Cleave|p2a: Toxapex
|-damage|p2a: Toxapex|50/100g
|move|p2a: Toxapex|Infestation|p1a: Kommo-o
|-resisted|p1a: Kommo-o|1
|-crit|p1a: Kommo-o
|-damage|p1a: Kommo-o|86/100
|-activate|p1a: Kommo-o|move: Infestation|[of] p2a: Toxapex
|
|-heal|p2a: Toxapex|56/100|[from] item: Leftovers
|-damage|p1a: Kommo-o|74/100|[from] move: Infestation|[partiallytrapped]
|upkeep
|turn|2
|
|t:|1784500404
|move|p2a: Toxapex|Baneful Bunker|p2a: Toxapex
|-singleturn|p2a: Toxapex|move: Protect
|move|p1a: Kommo-o|Clanging Scales|p2b: Incineroar|[spread] p2b
|-activate|p2a: Toxapex|move: Protect
|-damage|p2b: Incineroar|59/100
|-unboost|p1a: Kommo-o|def|1
|-damage|p1a: Kommo-o|64/100|[from] item: Life Orb
|move|p2b: Incineroar|Flare Blitz|p1b: Kingambit
|-supereffective|p1b: Kingambit|1
|-damage|p1b: Kingambit|27/100
|-damage|p2b: Incineroar|35/100|[from] Recoil
|-enditem|p2b: Incineroar|Sitrus Berry|[eat]
|-heal|p2b: Incineroar|60/100|[from] item: Sitrus Berry
|move|p1b: Kingambit|Low Kick|p2b: Incineroar
|-supereffective|p2b: Incineroar|1
|-damage|p2b: Incineroar|0 fnt
|faint|p2b: Incineroar
|
|-heal|p2a: Toxapex|61/100|[from] item: Leftovers
|-damage|p1a: Kommo-o|52/100|[from] move: Infestation|[partiallytrapped]
|upkeep
|
|t:|1784500413
|switch|p2b: Garchomp|Garchomp, L50, F|100/100
|turn|3
|
|t:|1784500431
|switch|p1b: Ninetales|Ninetales-Alola, L50, M|100/100
|-weather|Snowscape|[from] ability: Snow Warning|[of] p1b: Ninetales
|move|p1a: Kommo-o|Protect|p1a: Kommo-o
|-singleturn|p1a: Kommo-o|Protect
|move|p2a: Toxapex|Wide Guard|p2a: Toxapex
|-singleturn|p2a: Toxapex|Wide Guard
|move|p2b: Garchomp|Earthquake|p1b: Ninetales|[spread] p1b
|-activate|p2a: Toxapex|move: Wide Guard
|-activate|p1a: Kommo-o|move: Protect
|-damage|p1b: Ninetales|63/100
|
|-weather|Snowscape|[upkeep]
|-heal|p2a: Toxapex|67/100|[from] item: Leftovers
|-damage|p1a: Kommo-o|41/100|[from] move: Infestation|[partiallytrapped]
|upkeep
|turn|4
|inactive|failandimprove5 has 30 seconds left.
|
|t:|1784500458
|-heal|p2a: Toxapex|100/100|[from] ability: Regenerator|[silent]
|switch|p2a: Charizard|Charizard, L50, M|100/100
|move|p2b: Garchomp|Earthquake|p1a: Kommo-o|[spread] p1a,p1b
|-immune|p2a: Charizard
|-damage|p1a: Kommo-o|0 fnt
|-damage|p1b: Ninetales|23/100
|faint|p1a: Kommo-o
|move|p1b: Ninetales|Freeze-Dry|p2b: Garchomp
|-supereffective|p2b: Garchomp|2
|-damage|p2b: Garchomp|0 fnt
|faint|p2b: Garchomp
|
|-weather|Snowscape|[upkeep]
|upkeep
|
|t:|1784500475
|switch|p2b: Toxapex|Toxapex, L50, M|100/100
|switch|p1a: Glimmora|Glimmora, L50, F|100/100
|turn|5
|inactive|failandimprove5 has 30 seconds left.
|-message|failandimprove5 forfeited.
|
|win|EastyLiam
