|j|☆iamstrawberry93
|j|☆TheBallistic1
|html|iamstrawberry93TheBallistic1    
|uhtml|bestof|Game 1 of a best-of-3
|t:|1757230011
|gametype|doubles
|player|p1|iamstrawberry93|2|1125
|player|p2|TheBallistic1|265|1000
|gen|9
|tier|[Gen 9] VGC 2025 Reg H (Bo3)
|rated|
|rule|Species Clause: Limit one of each Pokémon
|rule|Item Clause: Limit 1 of each item
|clearpoke
|poke|p1|Ursaluna-Bloodmoon, L50, M|
|poke|p1|Sneasler, L50, M|
|poke|p1|Electabuzz, L50, M|
|poke|p1|Gholdengo, L50|
|poke|p1|Incineroar, L50, M|
|poke|p1|Dragonite, L50, F|
|poke|p2|Indeedee, L50, M|
|poke|p2|Sneasler, L50, M|
|poke|p2|Excadrill, L50, M|
|poke|p2|Magmar, L50, M|
|poke|p2|Tyranitar, L50, M|
|poke|p2|Corviknight, L50, F|
|teampreview|4
|showteam|p1|Ursaluna-Bloodmoon||AssaultVest|MindsEye|BloodMoon,HyperVoice,EarthPower,VacuumWave|||M|||50|,,,,,Normal]Sneasler||FocusSash|Unburden|DireClaw,FakeOut,CloseCombat,Protect|||M|||50|,,,,,Stellar]Electabuzz||Eviolite|VitalSpirit|FollowMe,Electroweb,Protect,Taunt|||M|||50|,,,,,Ghost]Gholdengo||LifeOrb|GoodasGold|MakeItRain,ShadowBall,NastyPlot,Protect||||||50|,,,,,Dragon]Incineroar||SafetyGoggles|Intimidate|FlareBlitz,KnockOff,PartingShot,FakeOut|||M|||50|,,,,,Water]Dragonite||LoadedDice|Multiscale|ScaleShot,Haze,Protect,Tailwind|||F|||50|,,,,,Fairy
|showteam|p2|Indeedee||ChoiceScarf|PsychicSurge|ExpandingForce,TeraBlast,Trick,Protect|||M|||50|,,,,,Ground]Sneasler||PsychicSeed|Unburden|ThroatChop,CloseCombat,DireClaw,Acrobatics|||M|||50|,,,,,Flying]Excadrill||FocusSash|SandRush|Earthquake,IronHead,SwordsDance,Protect|||M|||50|,,,,,Ground]Magmar||Eviolite|VitalSpirit|HeatWave,FollowMe,HelpingHand,Protect|||M|||50|,,,,,Flying]Tyranitar||AssaultVest|SandStream|RockSlide,KnockOff,LowKick,TeraBlast|||M|||50|,,,,,Flying]Corviknight||SitrusBerry|MirrorArmor|BraveBird,Roost,Tailwind,BulkUp|||F|||50|,,,,,Dragon
|inactive|Battle timer is ON: inactive players will automatically lose when time's up. (requested by iamstrawberry93)
|inactive|TheBallistic1 also wants the timer to be on.
|inactive|iamstrawberry93 has 60 seconds left.
|inactive|TheBallistic1 has 60 seconds left.
|
|t:|1757230068
|teamsize|p1|4
|teamsize|p2|4
|start
|switch|p1a: Gholdengo|Gholdengo, L50, shiny|100/100
|switch|p1b: Incineroar|Incineroar, L50, M|100/100
|switch|p2a: Excadrill|Excadrill, L50, M|100/100
|switch|p2b: Tyranitar|Tyranitar, L50, M|100/100
|-ability|p1b: Incineroar|Intimidate|boost
|-unboost|p2a: Excadrill|atk|1
|-unboost|p2b: Tyranitar|atk|1
|-weather|Sandstorm|[from] ability: Sand Stream|[of] p2b: Tyranitar
|turn|1
|inactive|TheBallistic1 has 30 seconds left.
|
|t:|1757230094
|-terastallize|p1a: Gholdengo|Dragon
|-terastallize|p2b: Tyranitar|Flying
|move|p1b: Incineroar|Fake Out|p2a: Excadrill
|-resisted|p2a: Excadrill
|-damage|p2a: Excadrill|92/100
|cant|p2a: Excadrill|flinch
|move|p1a: Gholdengo|Nasty Plot|p1a: Gholdengo
|-boost|p1a: Gholdengo|spa|2
|move|p2b: Tyranitar|Rock Slide|p1b: Incineroar|[spread] p1a,p1b
|-supereffective|p1b: Incineroar
|-damage|p1a: Gholdengo|78/100
|-damage|p1b: Incineroar|67/100
|
|-weather|Sandstorm|[upkeep]
|-damage|p1a: Gholdengo|72/100|[from] Sandstorm
|-damage|p2b: Tyranitar|95/100|[from] Sandstorm
|upkeep
|turn|2
|
|t:|1757230108
|move|p1a: Gholdengo|Protect|p1a: Gholdengo
|-singleturn|p1a: Gholdengo|Protect
|move|p2a: Excadrill|Earthquake|p1b: Incineroar|[spread] p1b
|-activate|p1a: Gholdengo|move: Protect
|-immune|p2b: Tyranitar
|-supereffective|p1b: Incineroar
|-damage|p1b: Incineroar|20/100
|move|p1b: Incineroar|Parting Shot|p2a: Excadrill
|-unboost|p2a: Excadrill|atk|1
|-unboost|p2a: Excadrill|spa|1
|
|t:|1757230112
|switch|p1b: Electabuzz|Electabuzz, L50, M|100/100|[from] Parting Shot
|move|p2b: Tyranitar|Low Kick|p1b: Electabuzz
|-damage|p1b: Electabuzz|85/100
|
|-weather|Sandstorm|[upkeep]
|-damage|p1b: Electabuzz|79/100|[from] Sandstorm
|-damage|p1a: Gholdengo|66/100|[from] Sandstorm
|-damage|p2b: Tyranitar|89/100|[from] Sandstorm
|upkeep
|turn|3
|
|t:|1757230125
|switch|p2a: Indeedee|Indeedee, L50, M|100/100
|-fieldstart|move: Psychic Terrain|[from] ability: Psychic Surge|[of] p2a: Indeedee
|move|p1b: Electabuzz|Electroweb|p2b: Tyranitar|[spread] p2b
|-miss|p1b: Electabuzz|p2a: Indeedee
|-supereffective|p2b: Tyranitar
|-damage|p2b: Tyranitar|73/100
|-unboost|p2b: Tyranitar|spe|1
|move|p1a: Gholdengo|Shadow Ball|p2a: Indeedee
|-immune|p2a: Indeedee
|move|p2b: Tyranitar|Rock Slide|p1b: Electabuzz|[spread] p1a,p1b
|-damage|p1a: Gholdengo|45/100
|-damage|p1b: Electabuzz|55/100
|
|-weather|Sandstorm|[upkeep]
|-damage|p2a: Indeedee|95/100|[from] Sandstorm
|-damage|p1b: Electabuzz|49/100|[from] Sandstorm
|-damage|p1a: Gholdengo|39/100|[from] Sandstorm
|-damage|p2b: Tyranitar|68/100|[from] Sandstorm
|upkeep
|turn|4
|inactive|TheBallistic1 has 30 seconds left.
|
|t:|1757230151
|move|p1a: Gholdengo|Protect|p1a: Gholdengo
|-singleturn|p1a: Gholdengo|Protect
|move|p2a: Indeedee|Expanding Force|p1a: Gholdengo|[spread] p1b
|-activate|p1a: Gholdengo|move: Protect
|-crit|p1b: Electabuzz
|-damage|p1b: Electabuzz|0 fnt
|faint|p1b: Electabuzz
|move|p2b: Tyranitar|Low Kick|p1a: Gholdengo
|-activate|p1a: Gholdengo|move: Protect
|
|-weather|Sandstorm|[upkeep]
|-damage|p2a: Indeedee|89/100|[from] Sandstorm
|-damage|p1a: Gholdengo|33/100|[from] Sandstorm
|-damage|p2b: Tyranitar|62/100|[from] Sandstorm
|upkeep
|
|t:|1757230160
|switch|p1b: Ursaluna|Ursaluna-Bloodmoon, L50, M|100/100
|turn|5
|
|t:|1757230167
|switch|p1a: Incineroar|Incineroar, L50, M|20/100
|-ability|p1a: Incineroar|Intimidate|boost
|-unboost|p2a: Indeedee|atk|1
|-unboost|p2b: Tyranitar|atk|1
|move|p2a: Indeedee|Expanding Force|p1b: Ursaluna|[spread] p1b
|-immune|p1a: Incineroar
|-damage|p1b: Ursaluna|62/100
|move|p1b: Ursaluna|Hyper Voice|p2a: Indeedee|[spread] p2a,p2b
|-damage|p2a: Indeedee|31/100
|-damage|p2b: Tyranitar|39/100
|move|p2b: Tyranitar|Low Kick|p1b: Ursaluna
|-supereffective|p1b: Ursaluna
|-damage|p1b: Ursaluna|29/100
|
|-weather|none
|upkeep
|turn|6
|inactive|iamstrawberry93 has 30 seconds left.
|inactive|TheBallistic1 has 30 seconds left.
|
|t:|1757230201
|switch|p1b: Gholdengo|Gholdengo, L50, shiny, tera:Dragon|33/100
|move|p2a: Indeedee|Expanding Force|p1a: Incineroar|[spread] p1b
|-immune|p1a: Incineroar
|-damage|p1b: Gholdengo|0 fnt
|faint|p1b: Gholdengo
|move|p1a: Incineroar|Knock Off|p2a: Indeedee
|-supereffective|p2a: Indeedee
|-damage|p2a: Indeedee|0 fnt
|-enditem|p2a: Indeedee|Choice Scarf|[from] move: Knock Off|[of] p1a: Incineroar
|faint|p2a: Indeedee
|move|p2b: Tyranitar|Rock Slide|p1a: Incineroar
|-supereffective|p1a: Incineroar
|-damage|p1a: Incineroar|0 fnt
|faint|p1a: Incineroar
|
|upkeep
|-message|iamstrawberry93 forfeited.
|
|win|TheBallistic1
|l|☆iamstrawberry93
|player|p1|
||iamstrawberry93 is ready for game 2.
