|j|☆DrChunkalicious
|j|☆FruitloopsFL
|html|DrChunkaliciousFruitloopsFL    
|uhtml|bestof|Game 2 of a best-of-3
|t:|1783450303
|gametype|doubles
|player|p1|DrChunkalicious|scientist-gen4|
|player|p2|FruitloopsFL|alder|
|gen|9
|tier|[Gen 9 Champions] VGC 2026 Reg M-B (Bo3)
|rule|Species Clause: Limit one of each Pokémon
|rule|Item Clause: Limit 1 of each item
|clearpoke
|poke|p1|Raichu, L50, M, shiny|
|poke|p1|Sinistcha-Masterpiece, L50, shiny|
|poke|p1|Sneasler, L50, F, shiny|
|poke|p1|Primarina, L50, M, shiny|
|poke|p1|Gengar, L50, F, shiny|
|poke|p1|Ditto, L50, shiny|
|poke|p2|Toucannon, L50, M|
|poke|p2|Grimmsnarl, L50, M|
|poke|p2|Raichu, L50, F|
|poke|p2|Garchomp, L50, F|
|poke|p2|Annihilape, L50, F|
|poke|p2|Volcarona, L50, F|
|teampreview|4
|showteam|p1|Raichu||RaichuniteY|LightningRod|ZapCannon,FocusBlast,Surf,NastyPlot|Timid||M|||50|]Sinistcha-Masterpiece||Leftovers|Hospitality|RagePowder,MatchaGotcha,Hex,LifeDew|Bold|||||50|]Sneasler||WhiteHerb|Unburden|Acrobatics,CloseCombat,DireClaw,FakeOut|Adamant||F|||50|]Primarina||ShedShell|LiquidVoice|PerishSong,HyperVoice,Moonblast,IceBeam|Modest||M|||50|]Gengar||Gengarite|CursedBody|DestinyBond,DarkPulse,SludgeWave,ShadowBall|Timid||F|||50|]Ditto||ChoiceScarf|Imposter|Transform|Bold|||||50|
|showteam|p2|Toucannon||SilkScarf|SkillLink|Tailwind,BulletSeed,Boomburst,Protect|Impish||M|||50|]Grimmsnarl||LightClay|Prankster|FakeOut,PartingShot,Reflect,LightScreen|Careful||M|||50|]Raichu||RaichuniteY|LightningRod|FakeOut,GrassKnot,FocusBlast,ZapCannon|Hasty||F|||50|]Garchomp||LifeOrb|RoughSkin|RockSlide,Earthquake,DragonClaw,Protect|Jolly||F|||50|]Annihilape||Leftovers|Defiant|IcePunch,RageFist,DrainPunch,Protect|Adamant||F|||50|]Volcarona||ChartiBerry|FlameBody|RagePowder,MorningSun,WillOWisp,HeatWave|Calm||F|||50|
|c|☆DrChunkalicious|glhf
|
|t:|1783450338
|teamsize|p1|4
|teamsize|p2|4
|start
|switch|p1a: #bestshiny|Gengar, L50, F, shiny|100/100
|switch|p1b: Antique|Sinistcha-Masterpiece, L50, shiny|100/100
|switch|p2a: Grimmsnarl|Grimmsnarl, L50, M|100/100
|switch|p2b: Annihilape|Annihilape, L50, F|100/100
|turn|1
|c|☆FruitloopsFL|glhf
|
|t:|1783450416
|detailschange|p1a: #bestshiny|Gengar-Mega, L50, F, shiny
|-mega|p1a: #bestshiny|Gengar|Gengarite
|move|p2a: Grimmsnarl|Light Screen|p2a: Grimmsnarl
|-sidestart|p2: FruitloopsFL|move: Light Screen
|move|p1a: #bestshiny|Sludge Wave|p2b: Annihilape|[spread] p1b,p2a,p2b
|-supereffective|p2a: Grimmsnarl|1
|-resisted|p2b: Annihilape|1
|-damage|p1b: Antique|43/100
|-damage|p2a: Grimmsnarl|57/100
|-damage|p2b: Annihilape|87/100
|-status|p2b: Annihilape|psn
|move|p2b: Annihilape|Rage Fist|p1a: #bestshiny
|-supereffective|p1a: #bestshiny|1
|-damage|p1a: #bestshiny|0 fnt
|faint|p1a: #bestshiny
|move|p1b: Antique|Matcha Gotcha|p2a: Grimmsnarl|[spread] p2a,p2b
|-damage|p2a: Grimmsnarl|44/100
|-heal|p1b: Antique|51/100|[from] drain|[of] p2a: Grimmsnarl
|-damage|p2b: Annihilape|72/100 psn
|-heal|p1b: Antique|60/100|[from] drain|[of] p2b: Annihilape
|
|-heal|p2b: Annihilape|78/100 psn|[from] item: Leftovers
|-heal|p1b: Antique|66/100|[from] item: Leftovers
|-damage|p2b: Annihilape|65/100 psn|[from] psn
|upkeep
|
|t:|1783450430
|switch|p1a: Yoinked|Ditto, L50, shiny|100/100
|-transform|p1a: Yoinked|p2b: Annihilape|[from] ability: Imposter
|turn|2
|
|t:|1783450454
|move|p1b: Antique|Rage Powder|p1b: Antique
|-singleturn|p1b: Antique|move: Rage Powder
|move|p2a: Grimmsnarl|Parting Shot|p1b: Antique
|-unboost|p1b: Antique|atk|1
|-unboost|p1b: Antique|spa|1
|
|t:|1783450459
|switch|p2a: Volcarona|Volcarona, L50, F|100/100|[from] Parting Shot
|move|p1a: Yoinked|Rage Fist|p2b: Annihilape
|-supereffective|p2b: Annihilape|1
|-damage|p2b: Annihilape|0 fnt
|faint|p2b: Annihilape
|
|-heal|p1b: Antique|73/100|[from] item: Leftovers
|upkeep
|
|t:|1783450467
|switch|p2b: Grimmsnarl|Grimmsnarl, L50, M|44/100
|turn|3
|
|t:|1783450491
|switch|p1a: Salon|Sneasler, L50, F, shiny|100/100
|move|p2b: Grimmsnarl|Reflect|p2b: Grimmsnarl
|-sidestart|p2: FruitloopsFL|Reflect
|move|p2a: Volcarona|Heat Wave|p1a: Salon|[spread] p1a,p1b
|-supereffective|p1b: Antique|1
|-damage|p1a: Salon|54/100
|-damage|p1b: Antique|0 fnt
|faint|p1b: Antique
|
|upkeep
|
|t:|1783450497
|switch|p1b: Yoinked|Ditto, L50, shiny|100/100
|-transform|p1b: Yoinked|p2a: Volcarona|[from] ability: Imposter
|turn|4
|
|t:|1783450513
|move|p1a: Salon|Fake Out|p2a: Volcarona
|-damage|p2a: Volcarona|85/100
|move|p2b: Grimmsnarl|Parting Shot|p1b: Yoinked
|-unboost|p1b: Yoinked|atk|1
|-unboost|p1b: Yoinked|spa|1
|
|t:|1783450519
|switch|p2b: Raichu|Raichu, L50, F|100/100|[from] Parting Shot
|move|p1b: Yoinked|Heat Wave|p2b: Raichu|[spread] p2a,p2b
|-damage|p2a: Volcarona|76/100
|-damage|p2b: Raichu|77/100
|-status|p2b: Raichu|brn
|cant|p2a: Volcarona|flinch
|
|-damage|p2b: Raichu|71/100 brn|[from] brn
|upkeep
|turn|5
|c|☆DrChunkalicious|hm
|
|t:|1783450539
|detailschange|p2b: Raichu|Raichu-Mega-Y, L50, F
|-mega|p2b: Raichu|Raichu|Raichunite Y
|move|p2a: Volcarona|Rage Powder|p2a: Volcarona
|-singleturn|p2a: Volcarona|move: Rage Powder
|move|p2b: Raichu|Zap Cannon|p1a: Salon
|-damage|p1a: Salon|0 fnt
|faint|p1a: Salon
|move|p1b: Yoinked|Heat Wave|p2b: Raichu|[spread] p2a,p2b
|-damage|p2a: Volcarona|67/100
|-damage|p2b: Raichu|51/100 brn
|
|-damage|p2b: Raichu|45/100 brn|[from] brn
|upkeep
|turn|6
|
|t:|1783450554
|move|p2b: Raichu|Zap Cannon|p1b: Yoinked
|-damage|p1b: Yoinked|38/100
|-status|p1b: Yoinked|par
|move|p2a: Volcarona|Heat Wave|p1b: Yoinked
|-damage|p1b: Yoinked|3/100 par
|move|p1b: Yoinked|Heat Wave|p2a: Volcarona|[spread] p2a,p2b
|-crit|p2b: Raichu
|-damage|p2a: Volcarona|57/100
|-damage|p2b: Raichu|0 fnt
|faint|p2b: Raichu
|
|upkeep
|
|t:|1783450562
|switch|p2b: Grimmsnarl|Grimmsnarl, L50, M|44/100
|turn|7
|c|☆DrChunkalicious|gg
|
|t:|1783450568
|move|p2b: Grimmsnarl|Fake Out|p1b: Yoinked
|-damage|p1b: Yoinked|0 fnt
|faint|p1b: Yoinked
|
|win|FruitloopsFL
|c|☆FruitloopsFL|gg
||DrChunkalicious is ready for game 3.
||FruitloopsFL is ready for game 3.
|uhtml|next|Next: Game 3 of 3
|j| bark bark barkkkk
