|j|☆SMuscheS
|j|☆seanonalia
|html|SMuscheSseanonalia    
|uhtml|bestof|Game 3 of a best-of-3
|t:|1757759352
|gametype|doubles
|player|p1|SMuscheS|265|1136
|player|p2|seanonalia|iris|1053
|gen|9
|tier|[Gen 9] VGC 2025 Reg H (Bo3)
|rated|
|rule|Species Clause: Limit one of each Pokémon
|rule|Item Clause: Limit 1 of each item
|clearpoke
|poke|p1|Tyranitar, L50, M|
|poke|p1|Excadrill, L50, M|
|poke|p1|Kilowattrel, L50, F|
|poke|p1|Hydreigon, L50, M|
|poke|p1|Basculegion, L50, M|
|poke|p1|Magmar, L50, F|
|poke|p2|Kommo-o, L50, F|
|poke|p2|Gholdengo, L50|
|poke|p2|Tyranitar, L50, F|
|poke|p2|Volcarona, L50, M|
|poke|p2|Rillaboom, L50, M|
|poke|p2|Weezing-Galar, L50, F|
|teampreview|4
|showteam|p1|Tyranitar||AssaultVest|SandStream|RockSlide,KnockOff,TeraBlast,LowKick|||M|||50|,,,,,Flying]Excadrill||FocusSash|SandRush|IronHead,Earthquake,SwordsDance,Protect|||M|||50|,,,,,Ghost]Kilowattrel||CovertCloak|Competitive|Thunderbolt,AirSlash,Tailwind,Protect|||F|||50|,,,,,Rock]Hydreigon||SafetyGoggles|Levitate|DragonPulse,Snarl,Taunt,Protect|||M|||50|,,,,,Ghost]Basculegion||ChoiceScarf|Adaptability|WaveCrash,LastRespects,AquaJet,FlipTurn|||M|||50|,,,,,Water]Magmar||Eviolite|VitalSpirit|BurningJealousy,ClearSmog,FollowMe,Protect|||F|||50|,,,,,Flying
|showteam|p2|Kommo-o||Leftovers|Overcoat|BodyPress,IronDefense,Flamethrower,Protect|||F|||50|,,,,,Fire]Gholdengo||GrassySeed|GoodasGold|MakeItRain,ShadowBall,NastyPlot,Protect||||||50|,,,,,Normal]Tyranitar||AssaultVest|SandStream|RockSlide,KnockOff,TeraBlast,LowKick|||F|||50|,,,,,Flying]Volcarona||SafetyGoggles|FlameBody|Overheat,StruggleBug,Tailwind,RagePowder|||M|||50|,,,,,Fairy]Rillaboom||MiracleSeed|GrassySurge|WoodHammer,GrassyGlide,FakeOut,Uturn|||M|||50|,,,,,Fire]Weezing-Galar||SitrusBerry|NeutralizingGas|StrangeSteam,WillOWisp,Taunt,Protect|||F|||50|,,,,,Normal
|inactive|Battle timer is ON: inactive players will automatically lose when time's up. (requested by SMuscheS)
|inactive|seanonalia also wants the timer to be on.
|
|t:|1757759378
|teamsize|p1|4
|teamsize|p2|4
|start
|switch|p1a: Excadrill|Excadrill, L50, M|100/100
|switch|p1b: Tyranitar|Tyranitar, L50, M|100/100
|switch|p2a: Havelock|Tyranitar, L50, F|100/100
|switch|p2b: Lady Boyle|Volcarona, L50, M|100/100
|-weather|Sandstorm|[from] ability: Sand Stream|[of] p1b: Tyranitar
|turn|1
|inactive|SMuscheS has 30 seconds left.
|inactive|seanonalia has 30 seconds left.
|
|t:|1757759412
|-terastallize|p1b: Tyranitar|Flying
|-terastallize|p2a: Havelock|Flying
|move|p1a: Excadrill|Earthquake|p2a: Havelock|[spread] p2b
|-immune|p1b: Tyranitar
|-immune|p2a: Havelock
|-damage|p2b: Lady Boyle|61/100
|move|p2b: Lady Boyle|Tailwind|p2b: Lady Boyle
|-sidestart|p2: seanonalia|move: Tailwind
|move|p2a: Havelock|Low Kick|p1b: Tyranitar
|-resisted|p1b: Tyranitar
|-damage|p1b: Tyranitar|82/100
|move|p1b: Tyranitar|Rock Slide|p2a: Havelock|[spread] p2a,p2b
|-supereffective|p2a: Havelock
|-supereffective|p2b: Lady Boyle
|-damage|p2a: Havelock|50/100
|-damage|p2b: Lady Boyle|0 fnt
|faint|p2b: Lady Boyle
|
|-weather|Sandstorm|[upkeep]
|-damage|p2a: Havelock|44/100|[from] Sandstorm
|-damage|p1b: Tyranitar|76/100|[from] Sandstorm
|upkeep
|
|t:|1757759416
|switch|p2b: Sokolov|Rillaboom, L50, M|100/100
|-fieldstart|move: Grassy Terrain|[from] ability: Grassy Surge|[of] p2b: Sokolov
|turn|2
|inactive|SMuscheS has 30 seconds left.
|inactive|SMuscheS has 20 seconds left.
|inactive|SMuscheS has 15 seconds left.
|
|t:|1757759457
|move|p1a: Excadrill|Protect|p1a: Excadrill
|-singleturn|p1a: Excadrill|Protect
|move|p2b: Sokolov|Wood Hammer|p1b: Tyranitar
|-resisted|p1b: Tyranitar
|-damage|p1b: Tyranitar|39/100
|-damage|p2b: Sokolov|89/100|[from] Recoil
|move|p2a: Havelock|Rock Slide|p1a: Excadrill|[spread] p1b
|-activate|p1a: Excadrill|move: Protect
|-supereffective|p1b: Tyranitar
|-damage|p1b: Tyranitar|0 fnt
|faint|p1b: Tyranitar
|
|-weather|Sandstorm|[upkeep]
|-damage|p2b: Sokolov|83/100|[from] Sandstorm
|-damage|p2a: Havelock|39/100|[from] Sandstorm
|-heal|p2b: Sokolov|89/100|[from] Grassy Terrain
|upkeep
|
|t:|1757759470
|switch|p1b: Hydreigon|Hydreigon, L50, M|100/100
|turn|3
|
|t:|1757759491
|move|p1a: Excadrill|Iron Head|p2a: Havelock
|-damage|p2a: Havelock|7/100
|move|p2b: Sokolov|U-turn|p1b: Hydreigon
|-supereffective|p1b: Hydreigon
|-damage|p1b: Hydreigon|54/100
|
|t:|1757759496
|switch|p2b: Rothwild|Gholdengo, L50|100/100|[from] U-turn
|-enditem|p2b: Rothwild|Grassy Seed
|-boost|p2b: Rothwild|def|1|[from] item: Grassy Seed
|move|p2a: Havelock|Knock Off|p1a: Excadrill
|-damage|p1a: Excadrill|30/100
|-enditem|p1a: Excadrill|Focus Sash|[from] move: Knock Off|[of] p2a: Havelock
|move|p1b: Hydreigon|Dragon Pulse|p2a: Havelock
|-damage|p2a: Havelock|0 fnt
|faint|p2a: Havelock
|
|-weather|Sandstorm|[upkeep]
|-heal|p1a: Excadrill|36/100|[from] Grassy Terrain
|upkeep
|
|t:|1757759503
|switch|p2a: Sokolov|Rillaboom, L50, M|89/100
|turn|4
|
|t:|1757759516
|move|p1a: Excadrill|Protect|p1a: Excadrill
|-singleturn|p1a: Excadrill|Protect
|move|p1b: Hydreigon|Protect|p1b: Hydreigon
|-singleturn|p1b: Hydreigon|Protect
|move|p2a: Sokolov|Fake Out|p1b: Hydreigon
|-activate|p1b: Hydreigon|move: Protect
|move|p2b: Rothwild|Nasty Plot|p2b: Rothwild
|-boost|p2b: Rothwild|spa|2
|
|-weather|Sandstorm|[upkeep]
|-damage|p2a: Sokolov|83/100|[from] Sandstorm
|-heal|p1a: Excadrill|42/100|[from] Grassy Terrain
|-heal|p2a: Sokolov|89/100|[from] Grassy Terrain
|-sideend|p2: seanonalia|move: Tailwind
|upkeep
|turn|5
|
|t:|1757759537
|move|p1a: Excadrill|Iron Head|p2b: Rothwild
|-resisted|p2b: Rothwild
|-damage|p2b: Rothwild|84/100
|move|p1b: Hydreigon|Snarl|p2a: Sokolov|[spread] p2a,p2b
|-supereffective|p2b: Rothwild
|-damage|p2a: Sokolov|67/100
|-damage|p2b: Rothwild|35/100
|-unboost|p2a: Sokolov|spa|1
|-unboost|p2b: Rothwild|spa|1
|move|p2b: Rothwild|Make It Rain|p1a: Excadrill|[spread] p1a,p1b
|-resisted|p1a: Excadrill
|-damage|p1a: Excadrill|0 fnt
|-damage|p1b: Hydreigon|0 fnt
|-unboost|p2b: Rothwild|spa|1
|faint|p1a: Excadrill
|faint|p1b: Hydreigon
|move|p2a: Sokolov|U-turn|p1: Excadrill|[notarget]
|-fail|p2a: Sokolov
|
|-weather|none
|-heal|p2b: Rothwild|41/100|[from] Grassy Terrain
|-heal|p2a: Sokolov|72/100|[from] Grassy Terrain
|upkeep
|
|t:|1757759548
|switch|p1b: Basculegion|Basculegion, L50, M|100/100
|turn|6
|
|t:|1757759555
|move|p2a: Sokolov|Grassy Glide|p1b: Basculegion
|-supereffective|p1b: Basculegion
|-damage|p1b: Basculegion|0 fnt
|faint|p1b: Basculegion
|
|win|seanonalia
|raw|SMuscheS's rating: 1136 → 1105(-31 for losing)
|raw|seanonalia's rating: 1053 → 1093(+40 for winning)
|l|☆SMuscheS
|player|p1|
