|j|☆LynxVGC
|j|☆toughlogvgc
|html|LynxVGCtoughlogvgc    
|uhtml|bestof|Game 1 of a best-of-3
|t:|1783877949
|gametype|doubles
|player|p1|LynxVGC|larry|1159
|player|p2|toughlogvgc|1|1172
|gen|9
|tier|[Gen 9 Champions] VGC 2026 Reg M-B (Bo3)
|rated|
|rule|Species Clause: Limit one of each Pokémon
|rule|Item Clause: Limit 1 of each item
|clearpoke
|poke|p1|Swampert, L50, M|
|poke|p1|Archaludon, L50, F|
|poke|p1|Pelipper, L50, F|
|poke|p1|Venusaur, L50, M|
|poke|p1|Sableye, L50, F|
|poke|p1|Incineroar, L50, M|
|poke|p2|Charizard, L50, M|
|poke|p2|Garchomp, L50, M|
|poke|p2|Basculegion, L50, M|
|poke|p2|Whimsicott, L50, F|
|poke|p2|Kingambit, L50, F|
|poke|p2|Floette-Eternal, L50, F|
|teampreview|4
|showteam|p1|Swampert||Swampertite|Damp|Protect,WaveCrash,Earthquake,IcePunch|Adamant||M|||50|]Archaludon||Leftovers|Stamina|FlashCannon,Protect,ElectroShot,DragonPulse|Calm||F|||50|]Pelipper||SitrusBerry|Drizzle|Hurricane,Tailwind,WideGuard,WeatherBall|Bold||F|||50|]Venusaur||Venusaurite|Chlorophyll|GigaDrain,SludgeBomb,Protect,EarthPower|Modest||M|||50|]Sableye||LightClay|Prankster|Disable,Encore,RainDance,LightScreen|Bold||F|||50|]Incineroar||PasshoBerry|Intimidate|FlareBlitz,ThroatChop,PartingShot,FakeOut|Careful||M|||50|
|showteam|p2|Charizard||CharizarditeY|Blaze|HeatWave,SolarBeam,Protect,WeatherBall|Modest||M|||50|]Garchomp||LifeOrb|RoughSkin|DragonClaw,Earthquake,RockSlide,Protect|Jolly||M|||50|]Basculegion||ChoiceScarf|Adaptability|WaveCrash,AquaJet,FlipTurn,LastRespects|Adamant||M|||50|]Whimsicott||FocusSash|Prankster|Moonblast,Tailwind,Protect,Encore|Timid||F|||50|]Kingambit||BlackGlasses|Defiant|IronHead,KowtowCleave,Protect,SuckerPunch|Adamant||F|||50|]Floette-Eternal||Floettite|FlowerVeil|Moonblast,LightofRuin,DazzlingGleam,Protect|Modest||F|||50|
|
|t:|1783877991
|teamsize|p1|4
|teamsize|p2|4
|start
|switch|p1a: Venusaur|Venusaur, L50, M|100/100
|switch|p1b: Sableye|Sableye, L50, F|100/100
|switch|p2a: Whimsicott|Whimsicott, L50, F|100/100
|switch|p2b: Floette|Floette-Eternal, L50, F|100/100
|turn|1
|
|t:|1783878016
|switch|p2b: Garchomp|Garchomp, L50, M|100/100
|detailschange|p1a: Venusaur|Venusaur-Mega, L50, M
|-mega|p1a: Venusaur|Venusaur|Venusaurite
|move|p2a: Whimsicott|Tailwind|p2a: Whimsicott
|-sidestart|p2: toughlogvgc|move: Tailwind
|move|p1b: Sableye|Light Screen|p1b: Sableye
|-sidestart|p1: LynxVGC|move: Light Screen
|move|p1a: Venusaur|Sludge Bomb|p2b: Garchomp
|-resisted|p2b: Garchomp|1
|-damage|p2b: Garchomp|75/100
|-status|p2b: Garchomp|psn
|
|-damage|p2b: Garchomp|63/100 psn|[from] psn
|upkeep
|turn|2
|
|t:|1783878050
|move|p2a: Whimsicott|Protect|p2a: Whimsicott
|-singleturn|p2a: Whimsicott|Protect
|move|p1a: Venusaur|Protect|p1a: Venusaur
|-singleturn|p1a: Venusaur|Protect
|move|p1b: Sableye|Encore|p2a: Whimsicott
|-activate|p2a: Whimsicott|move: Protect
|move|p2b: Garchomp|Earthquake|p1b: Sableye|[spread] p1b
|-activate|p2a: Whimsicott|move: Protect
|-activate|p1a: Venusaur|move: Protect
|-damage|p1b: Sableye|44/100
|-damage|p2b: Garchomp|53/100 psn|[from] item: Life Orb
|
|-damage|p2b: Garchomp|41/100 psn|[from] psn
|upkeep
|turn|3
|
|t:|1783878071
|move|p2a: Whimsicott|Encore|p1a: Venusaur
|-start|p1a: Venusaur|Encore
|move|p1a: Venusaur|Protect|p1a: Venusaur
|-singleturn|p1a: Venusaur|Protect
|move|p1b: Sableye|Disable|p2b: Garchomp
|-start|p2b: Garchomp|Disable|Earthquake
|move|p2b: Garchomp|Dragon Claw|p1b: Sableye
|-damage|p1b: Sableye|0 fnt
|faint|p1b: Sableye
|-damage|p2b: Garchomp|31/100 psn|[from] item: Life Orb
|
|-damage|p2b: Garchomp|19/100 psn|[from] psn
|upkeep
|
|t:|1783878083
|switch|p1b: Archaludon|Archaludon, L50, F|100/100
|turn|4
|
|t:|1783878119
|switch|p2b: Floette|Floette-Eternal, L50, F|100/100
|switch|p1a: Pelipper|Pelipper, L50, F|100/100
|-weather|RainDance|[from] ability: Drizzle|[of] p1a: Pelipper
|move|p2a: Whimsicott|Protect|p2a: Whimsicott
|-singleturn|p2a: Whimsicott|Protect
|move|p1b: Archaludon|Electro Shot||[still]
|-prepare|p1b: Archaludon|Electro Shot
|-boost|p1b: Archaludon|spa|1
|-anim|p1b: Archaludon|Electro Shot|p2a: Whimsicott
|-activate|p2a: Whimsicott|move: Protect
|
|-weather|RainDance|[upkeep]
|-sideend|p2: toughlogvgc|move: Tailwind
|upkeep
|turn|5
|
|t:|1783878165
|detailschange|p2b: Floette|Floette-Mega, L50, F
|-mega|p2b: Floette|Floette|Floettite
|-ability|p2b: Floette|Fairy Aura
|move|p2a: Whimsicott|Tailwind|p2a: Whimsicott
|-sidestart|p2: toughlogvgc|move: Tailwind
|move|p2b: Floette|Light of Ruin|p1b: Archaludon
|-damage|p1b: Archaludon|42/100
|-ability|p1b: Archaludon|Stamina|boost
|-boost|p1b: Archaludon|def|1
|-damage|p2b: Floette|64/100|[from] Recoil
|move|p1b: Archaludon|Flash Cannon|p2b: Floette
|-supereffective|p2b: Floette|1
|-damage|p2b: Floette|0 fnt
|faint|p2b: Floette
|move|p1a: Pelipper|Hurricane|p2a: Whimsicott
|-supereffective|p2a: Whimsicott|1
|-enditem|p2a: Whimsicott|Focus Sash
|-damage|p2a: Whimsicott|1/100
|
|-weather|RainDance|[upkeep]
|-heal|p1b: Archaludon|48/100|[from] item: Leftovers
|upkeep
|
|t:|1783878185
|switch|p2b: Garchomp|Garchomp, L50, M|19/100 psn
|turn|6
|
|t:|1783878214
|move|p2a: Whimsicott|Encore|p1b: Archaludon
|-start|p1b: Archaludon|Encore
|move|p2b: Garchomp|Earthquake|p1a: Pelipper|[spread] p2a,p1b
|-immune|p1a: Pelipper
|-resisted|p2a: Whimsicott|1
|-supereffective|p1b: Archaludon|1
|-damage|p2a: Whimsicott|0 fnt
|-damage|p1b: Archaludon|0 fnt
|faint|p2a: Whimsicott
|faint|p1b: Archaludon
|-damage|p2b: Garchomp|9/100 psn|[from] item: Life Orb
|move|p1a: Pelipper|Hurricane|p2b: Garchomp
|-damage|p2b: Garchomp|0 fnt
|faint|p2b: Garchomp
|
|-weather|RainDance|[upkeep]
|upkeep
|
|t:|1783878236
|switch|p2a: Basculegion|Basculegion, L50, M|100/100
|switch|p1b: Venusaur|Venusaur-Mega, L50, M|100/100
|turn|7
|
|t:|1783878260
|move|p1b: Venusaur|Protect|p1b: Venusaur
|-singleturn|p1b: Venusaur|Protect
|move|p2a: Basculegion|Last Respects|p1b: Venusaur
|-activate|p1b: Venusaur|move: Protect
|move|p1a: Pelipper|Hurricane|p2a: Basculegion
|-damage|p2a: Basculegion|59/100
|
|-weather|RainDance|[upkeep]
|upkeep
|turn|8
|inactive|Battle timer is ON: inactive players will automatically lose when time's up. (requested by toughlogvgc)
|
|t:|1783878276
|move|p2a: Basculegion|Last Respects|p1b: Venusaur
|-damage|p1b: Venusaur|0 fnt
|faint|p1b: Venusaur
|move|p1a: Pelipper|Hurricane|p2a: Basculegion
|-damage|p2a: Basculegion|15/100
|
|-weather|none
|-sideend|p1: LynxVGC|move: Light Screen
|-sideend|p2: toughlogvgc|move: Tailwind
|upkeep
|turn|9
|
|t:|1783878285
|move|p2a: Basculegion|Last Respects|p1a: Pelipper
|-damage|p1a: Pelipper|0 fnt
|faint|p1a: Pelipper
|
|win|toughlogvgc
||LynxVGC is ready for game 2.
|inactive|toughlogvgc has 30 seconds to confirm battle start!
|inactive|toughlogvgc has 20 seconds to confirm battle start!
||toughlogvgc is ready for game 2.
|uhtml|next|Next: Game 2 of 3
|l|☆LynxVGC
|player|p1|
