|j|☆lolgz
|j|☆candice001
|html|lolgzcandice001    
|uhtml|bestof|Game 1 of a best-of-3
|t:|1782194552
|gametype|doubles
|player|p1|lolgz|dawn|1188
|player|p2|candice001|candice|1160
|gen|9
|tier|[Gen 9 Champions] VGC 2026 Reg M-B (Bo3)
|rated|
|rule|Species Clause: Limit one of each Pokémon
|rule|Item Clause: Limit 1 of each item
|clearpoke
|poke|p1|Torkoal, L50, F|
|poke|p1|Vileplume, L50, M|
|poke|p1|Farigiraf, L50, F|
|poke|p1|Scrafty, L50, M|
|poke|p1|Gallade, L50, M|
|poke|p1|Mawile, L50, M|
|poke|p2|Pidgeot, L50, M|
|poke|p2|Sylveon, L50, F|
|poke|p2|Sneasler, L50, M|
|poke|p2|Tyranitar, L50, M|
|poke|p2|Basculegion, L50, M|
|poke|p2|Kingambit, L50, M|
|teampreview|4
|showteam|p1|Torkoal||Charcoal|Drought|Eruption,WeatherBall,EarthPower,Protect|Quiet||F|||50|]Vileplume||FocusSash|Chlorophyll|EnergyBall,SludgeBomb,SleepPowder,AfterYou|Timid||M|||50|]Farigiraf||SitrusBerry|ArmorTail|TrickRoom,Protect,Psychic,HelpingHand|Bold||F|||50|]Scrafty||Scraftinite|Intimidate|CloseCombat,KnockOff,FakeOut,RockSlide|Brave||M|||50|]Gallade||IronBall|Sharpness|SacredSword,PsychoCut,WideGuard,TrickRoom|Brave||M|||50|]Mawile||Mawilite|Intimidate|SuckerPunch,PlayRough,SwordsDance,Protect|Brave||M|||50|
|showteam|p2|Pidgeot||Pidgeotite|KeenEye|Hurricane,Round,HeatWave,Protect|Timid||M|||50|]Sylveon||FairyFeather|Pixilate|Round,HyperVoice,HyperBeam,Detect|Modest||F|||50|]Sneasler||WhiteHerb|Unburden|FakeOut,CloseCombat,DireClaw,Feint|Jolly||M|||50|]Tyranitar||Tyranitarite|SandStream|DragonDance,Protect,KnockOff,RockSlide|Adamant||M|||50|]Basculegion||ChoiceScarf|Adaptability|WaveCrash,AquaJet,LastRespects,FlipTurn|Jolly||M|||50|]Kingambit||LifeOrb|Defiant|SuckerPunch,LowKick,IronHead,Protect|Adamant||M|||50|
|inactive|Battle timer is ON: inactive players will automatically lose when time's up. (requested by lolgz)
|
|t:|1782194574
|teamsize|p1|4
|teamsize|p2|4
|start
|switch|p1a: Vileplume|Vileplume, L50, M|100/100
|switch|p1b: Torkoal|Torkoal, L50, F|100/100
|switch|p2a: Sylveon|Sylveon, L50, F|100/100
|switch|p2b: Pidgeot|Pidgeot, L50, M|100/100
|-weather|SunnyDay|[from] ability: Drought|[of] p1b: Torkoal
|turn|1
|inactive|lolgz has 30 seconds left.
|inactive|candice001 has 30 seconds left.
|inactive|lolgz has 20 seconds left.
|inactive|candice001 has 20 seconds left.
|inactive|candice001 has 15 seconds left.
|
|t:|1782194619
|switch|p2a: Tyranitar|Tyranitar, L50, M|100/100
|-weather|Sandstorm|[from] ability: Sand Stream|[of] p2a: Tyranitar
|detailschange|p2b: Pidgeot|Pidgeot-Mega, L50, M
|-mega|p2b: Pidgeot|Pidgeot|Pidgeotite
|move|p2b: Pidgeot|Hurricane|p1a: Vileplume
|-supereffective|p1a: Vileplume|1
|-enditem|p1a: Vileplume|Focus Sash
|-damage|p1a: Vileplume|1/100
|move|p1a: Vileplume|Sleep Powder|p2b: Pidgeot
|-status|p2b: Pidgeot|slp|[from] move: Sleep Powder
|move|p1b: Torkoal|Weather Ball|p2a: Tyranitar
|-damage|p2a: Tyranitar|80/100
|
|-weather|Sandstorm|[upkeep]
|-damage|p2b: Pidgeot|94/100 slp|[from] Sandstorm
|-damage|p1a: Vileplume|0 fnt|[from] Sandstorm
|-damage|p1b: Torkoal|93/100|[from] Sandstorm
|faint|p1a: Vileplume
|upkeep
|
|t:|1782194637
|switch|p1a: Farigiraf|Farigiraf, L50, F|100/100
|turn|2
|
|t:|1782194647
|cant|p2b: Pidgeot|slp
|move|p2a: Tyranitar|Rock Slide|p1a: Farigiraf|[spread] p1a
|-miss|p2a: Tyranitar|p1b: Torkoal
|-damage|p1a: Farigiraf|74/100
|move|p1b: Torkoal|Weather Ball|p2b: Pidgeot
|-supereffective|p2b: Pidgeot|1
|-damage|p2b: Pidgeot|13/100 slp
|move|p1a: Farigiraf|Trick Room|p1a: Farigiraf
|-fieldstart|move: Trick Room|[of] p1a: Farigiraf
|
|-weather|Sandstorm|[upkeep]
|-damage|p1b: Torkoal|87/100|[from] Sandstorm
|-damage|p1a: Farigiraf|68/100|[from] Sandstorm
|-damage|p2b: Pidgeot|8/100 slp|[from] Sandstorm
|upkeep
|turn|3
|
|t:|1782194668
|switch|p1b: Mawile|Mawile, L50, M|100/100
|-ability|p1b: Mawile|Intimidate|boost
|-unboost|p2a: Tyranitar|atk|1
|-unboost|p2b: Pidgeot|atk|1
|move|p1a: Farigiraf|Psychic|p2b: Pidgeot
|-damage|p2b: Pidgeot|0 fnt
|faint|p2b: Pidgeot
|move|p2a: Tyranitar|Rock Slide|p1a: Farigiraf|[spread] p1a,p1b
|-resisted|p1b: Mawile|1
|-damage|p1a: Farigiraf|50/100g
|-damage|p1b: Mawile|85/100
|
|-weather|Sandstorm|[upkeep]
|-damage|p1a: Farigiraf|44/100|[from] Sandstorm
|-enditem|p1a: Farigiraf|Sitrus Berry|[eat]
|-heal|p1a: Farigiraf|69/100|[from] item: Sitrus Berry
|upkeep
|
|t:|1782194686
|switch|p2b: Sylveon|Sylveon, L50, F|100/100
|turn|4
|
|t:|1782194694
|switch|p2a: Kingambit|Kingambit, L50, M|100/100
|detailschange|p1b: Mawile|Mawile-Mega, L50, M
|-mega|p1b: Mawile|Mawile|Mawilite
|move|p1a: Farigiraf|Helping Hand|p1b: Mawile
|-singleturn|p1b: Mawile|Helping Hand|[of] p1a: Farigiraf
|move|p2b: Sylveon|Detect|p2b: Sylveon
|-singleturn|p2b: Sylveon|Protect
|move|p1b: Mawile|Play Rough|p2b: Sylveon
|-activate|p2b: Sylveon|move: Protect
|
|-weather|Sandstorm|[upkeep]
|-damage|p2b: Sylveon|94/100|[from] Sandstorm
|-damage|p1a: Farigiraf|62/100|[from] Sandstorm
|upkeep
|turn|5
|
|t:|1782194710
|switch|p1a: Torkoal|Torkoal, L50, F|87/100
|-weather|SunnyDay|[from] ability: Drought|[of] p1a: Torkoal
|move|p1b: Mawile|Play Rough|p2a: Kingambit
|-damage|p2a: Kingambit|39/100
|move|p2a: Kingambit|Iron Head|p1b: Mawile
|-damage|p1b: Mawile|22/100
|-damage|p2a: Kingambit|29/100|[from] item: Life Orb
|move|p2b: Sylveon|Hyper Voice|p1a: Torkoal|[spread] p1a,p1b
|-resisted|p1a: Torkoal|1
|-resisted|p1b: Mawile|1
|-damage|p1a: Torkoal|54/100
|-damage|p1b: Mawile|0 fnt
|faint|p1b: Mawile
|
|-weather|SunnyDay|[upkeep]
|upkeep
|
|t:|1782194717
|switch|p1b: Farigiraf|Farigiraf, L50, F|62/100
|turn|6
|
|t:|1782194728
|move|p2a: Kingambit|Protect|p2a: Kingambit
|-singleturn|p2a: Kingambit|Protect
|move|p2b: Sylveon|Detect|p2b: Sylveon
|-singleturn|p2b: Sylveon|Protect
|move|p1a: Torkoal|Eruption|p2b: Sylveon|[spread] 
|-activate|p2a: Kingambit|move: Protect
|-activate|p2b: Sylveon|move: Protect
|move|p1b: Farigiraf|Psychic|p2b: Sylveon
|-activate|p2b: Sylveon|move: Protect
|
|-weather|SunnyDay|[upkeep]
|-fieldend|move: Trick Room
|upkeep
|turn|7
|-message|lolgz forfeited.
|
|win|candice001
