|j|☆ming0mang0
|j|☆Buhbuhbuhdoof
|html|ming0mang0Buhbuhbuhdoof    
|uhtml|bestof|Game 1 of a best-of-3
|t:|1756848302
|gametype|doubles
|player|p1|ming0mang0|harlequin|1040
|player|p2|Buhbuhbuhdoof|169|1012
|gen|9
|tier|[Gen 9] VGC 2025 Reg H (Bo3)
|rated|
|rule|Species Clause: Limit one of each Pokémon
|rule|Item Clause: Limit 1 of each item
|clearpoke
|poke|p1|Excadrill, L50, F|
|poke|p1|Tyranitar, L50, M|
|poke|p1|Sneasler, L50, M|
|poke|p1|Indeedee, L50, M|
|poke|p1|Corviknight, L50, M|
|poke|p1|Annihilape, L50, M|
|poke|p2|Sneasler, L50, M|
|poke|p2|Rillaboom, L50, F|
|poke|p2|Gholdengo, L50|
|poke|p2|Ursaluna, L50, M|
|poke|p2|Dragonite, L50, M|
|poke|p2|Incineroar, L50, M|
|teampreview|4
|showteam|p1|Excadrill||FocusSash|SandRush|IronHead,HighHorsepower,Earthquake,Protect|||F|||50|,,,,,Stellar]Tyranitar||AssaultVest|SandStream|RockSlide,KnockOff,TeraBlast,LowKick|||M|||50|,,,,,Flying]Sneasler||PsychicSeed|Unburden|DireClaw,CloseCombat,ThroatChop,Protect|||M|||50|,,,,,Dark]Indeedee||ChoiceScarf|PsychicSurge|ExpandingForce,TeraBlast,Protect,Trick|||M|||50|,,,,,Psychic]Corviknight||Leftovers|MirrorArmor|BraveBird,BulkUp,Roost,Tailwind|||M|||50|,,,,,Dragon]Annihilape||SafetyGoggles|Defiant|CloseCombat,FinalGambit,RageFist,Taunt|||M|||50|,,,,,Water
|showteam|p2|Sneasler||GrassySeed|Unburden|DireClaw,CloseCombat,ThroatChop,Protect|||M|||50|,,,,,Poison]Rillaboom||MiracleSeed|GrassySurge|HighHorsepower,GrassyGlide,Protect,FakeOut|||F|||50|,,,,,Fire]Gholdengo||LifeOrb|GoodasGold|NastyPlot,MakeItRain,ShadowBall,Protect||||||50|,,,,,Water]Ursaluna||FlameOrb|Guts|Facade,HeadlongRush,Protect,Earthquake|||M|||50|,,,,,Normal]Dragonite||LoadedDice|InnerFocus|ScaleShot,Haze,Tailwind,ThunderPunch|||M|||50|,,,,,Fairy]Incineroar||SalacBerry|Intimidate|FlareBlitz,KnockOff,FakeOut,PartingShot|||M|||50|,,,,,Fire
|inactive|Battle timer is ON: inactive players will automatically lose when time's up. (requested by Buhbuhbuhdoof)
|inactive|ming0mang0 has 60 seconds left.
|inactive|ming0mang0 has 30 seconds left.
|inactive|ming0mang0 has 20 seconds left.
|inactive|ming0mang0 has 15 seconds left.
|inactive|ming0mang0 has 10 seconds left.
|inactive|ming0mang0 has 5 seconds left.
|inactive|Buhbuhbuhdoof has 30 seconds left.
|
|t:|1756848431
|teamsize|p1|4
|teamsize|p2|4
|start
|switch|p1a: Corviknight|Corviknight, L50, M, shiny|100/100
|switch|p1b: Annihilape|Annihilape, L50, M|100/100
|switch|p2a: Sneasler|Sneasler, L50, M|100/100
|switch|p2b: Gholdengo|Gholdengo, L50|100/100
|turn|1
|inactive|ming0mang0 has 30 seconds left.
|inactive|ming0mang0 has 20 seconds left.
|inactive|ming0mang0 has 15 seconds left.
|inactive|ming0mang0 has 10 seconds left.
|
|t:|1756848477
|move|p2a: Sneasler|Throat Chop|p1b: Annihilape
|-crit|p1b: Annihilape
|-damage|p1b: Annihilape|53/100
|-start|p1b: Annihilape|Throat Chop|[silent]
|move|p1b: Annihilape|Rage Fist|p2b: Gholdengo
|-supereffective|p2b: Gholdengo
|-damage|p2b: Gholdengo|8/100
|move|p2b: Gholdengo|Nasty Plot|p2b: Gholdengo
|-boost|p2b: Gholdengo|spa|2
|move|p1a: Corviknight|Tailwind|p1a: Corviknight
|-sidestart|p1: ming0mang0|move: Tailwind
|
|upkeep
|turn|2
|inactive|ming0mang0 has 30 seconds left.
|inactive|Buhbuhbuhdoof has 30 seconds left.
|inactive|ming0mang0 has 20 seconds left.
|inactive|ming0mang0 has 15 seconds left.
|inactive|ming0mang0 has 10 seconds left.
|
|t:|1756848527
|move|p2b: Gholdengo|Protect|p2b: Gholdengo
|-singleturn|p2b: Gholdengo|Protect
|move|p1b: Annihilape|Rage Fist|p2b: Gholdengo
|-activate|p2b: Gholdengo|move: Protect
|move|p1a: Corviknight|Bulk Up|p1a: Corviknight
|-boost|p1a: Corviknight|atk|1
|-boost|p1a: Corviknight|def|1
|move|p2a: Sneasler|Close Combat|p1a: Corviknight
|-damage|p1a: Corviknight|61/100
|-unboost|p2a: Sneasler|def|1
|-unboost|p2a: Sneasler|spd|1
|
|-heal|p1a: Corviknight|68/100|[from] item: Leftovers
|-end|p1b: Annihilape|Throat Chop|[silent]
|upkeep
|turn|3
|
|t:|1756848549
|switch|p2b: Rillaboom|Rillaboom, L50, F|100/100
|-fieldstart|move: Grassy Terrain|[from] ability: Grassy Surge|[of] p2b: Rillaboom
|-enditem|p2a: Sneasler|Grassy Seed
|-boost|p2a: Sneasler|def|1|[from] item: Grassy Seed
|move|p2a: Sneasler|Throat Chop|p1b: Annihilape
|-damage|p1b: Annihilape|22/100
|-start|p1b: Annihilape|Throat Chop|[silent]
|move|p1b: Annihilape|Rage Fist|p2b: Rillaboom
|-damage|p2b: Rillaboom|42/100
|move|p1a: Corviknight|Roost|p1a: Corviknight
|-heal|p1a: Corviknight|100/100
|-singleturn|p1a: Corviknight|move: Roost
|
|-heal|p1b: Annihilape|28/100|[from] Grassy Terrain
|-heal|p2b: Rillaboom|49/100|[from] Grassy Terrain
|upkeep
|turn|4
|inactive|ming0mang0 has 30 seconds left.
|inactive|Buhbuhbuhdoof has 30 seconds left.
|inactive|ming0mang0 has 20 seconds left.
|inactive|ming0mang0 has 15 seconds left.
|inactive|ming0mang0 has 10 seconds left.
|inactive|ming0mang0 has 5 seconds left.
|
|t:|1756848603
|move|p2b: Rillaboom|Fake Out|p1a: Corviknight
|-resisted|p1a: Corviknight
|-damage|p1a: Corviknight|96/100
|move|p2a: Sneasler|Throat Chop|p1b: Annihilape
|-damage|p1b: Annihilape|0 fnt
|faint|p1b: Annihilape
|cant|p1a: Corviknight|flinch
|
|-heal|p1a: Corviknight|100/100|[from] item: Leftovers
|-heal|p2b: Rillaboom|55/100|[from] Grassy Terrain
|-sideend|p1: ming0mang0|move: Tailwind
|upkeep
|inactive|ming0mang0 has 30 seconds left.
|inactive|ming0mang0 has 20 seconds left.
|inactive|ming0mang0 has 15 seconds left.
|inactive|ming0mang0 has 10 seconds left.
|
|t:|1756848650
|switch|p1b: Excadrill|Excadrill, L50, F|100/100
|turn|5
|
|t:|1756848662
|move|p1b: Excadrill|Protect|p1b: Excadrill
|-singleturn|p1b: Excadrill|Protect
|move|p2b: Rillaboom|Grassy Glide|p1b: Excadrill
|-activate|p1b: Excadrill|move: Protect
|move|p2a: Sneasler|Close Combat|p1a: Corviknight
|-damage|p1a: Corviknight|57/100
|-unboost|p2a: Sneasler|def|1
|-unboost|p2a: Sneasler|spd|1
|move|p1a: Corviknight|Tailwind|p1a: Corviknight
|-sidestart|p1: ming0mang0|move: Tailwind
|
|-heal|p1a: Corviknight|63/100|[from] item: Leftovers
|-heal|p2b: Rillaboom|61/100|[from] Grassy Terrain
|upkeep
|turn|6
|inactive|ming0mang0 has 30 seconds left.
|inactive|ming0mang0 has 20 seconds left.
|inactive|ming0mang0 has 15 seconds left.
|
|t:|1756848704
|-terastallize|p1b: Excadrill|Stellar
|move|p2a: Sneasler|Close Combat|p1a: Corviknight
|-damage|p1a: Corviknight|24/100
|-unboost|p2a: Sneasler|def|1
|-unboost|p2a: Sneasler|spd|1
|move|p1b: Excadrill|Iron Head|p2a: Sneasler
|-damage|p2a: Sneasler|0 fnt
|faint|p2a: Sneasler
|move|p1a: Corviknight|Bulk Up|p1a: Corviknight
|-boost|p1a: Corviknight|atk|1
|-boost|p1a: Corviknight|def|1
|move|p2b: Rillaboom|High Horsepower|p1a: Corviknight
|-immune|p1a: Corviknight
|
|-heal|p1a: Corviknight|30/100|[from] item: Leftovers
|-heal|p2b: Rillaboom|67/100|[from] Grassy Terrain
|upkeep
|inactive|Buhbuhbuhdoof has 30 seconds left.
|
|t:|1756848733
|switch|p2a: Dragonite|Dragonite, L50, M|100/100
|turn|7
|inactive|ming0mang0 has 30 seconds left.
|inactive|Buhbuhbuhdoof has 30 seconds left.
|
|t:|1756848762
|move|p2b: Rillaboom|Protect|p2b: Rillaboom
|-singleturn|p2b: Rillaboom|Protect
|move|p1b: Excadrill|Iron Head|p2b: Rillaboom
|-activate|p2b: Rillaboom|move: Protect
|move|p1a: Corviknight|Roost|p1a: Corviknight
|-heal|p1a: Corviknight|80/100
|-singleturn|p1a: Corviknight|move: Roost
|move|p2a: Dragonite|Scale Shot|p1b: Excadrill|[miss]
|-miss|p2a: Dragonite|p1b: Excadrill
|
|-heal|p1a: Corviknight|86/100|[from] Grassy Terrain
|-heal|p1a: Corviknight|93/100|[from] item: Leftovers
|-heal|p2b: Rillaboom|73/100|[from] Grassy Terrain
|-fieldend|move: Grassy Terrain
|upkeep
|turn|8
|inactive|ming0mang0 has 30 seconds left.
|inactive|Buhbuhbuhdoof has 30 seconds left.
|inactive|ming0mang0 has 20 seconds left.
|
|t:|1756848800
|-terastallize|p2b: Rillaboom|Fire
|move|p1b: Excadrill|Iron Head|p2a: Dragonite
|-damage|p2a: Dragonite|53/100
|move|p1a: Corviknight|Brave Bird|p2b: Rillaboom
|-damage|p2b: Rillaboom|0 fnt
|faint|p2b: Rillaboom
|-damage|p1a: Corviknight|70/100|[from] Recoil
|move|p2a: Dragonite|Scale Shot|p1b: Excadrill
|-resisted|p1b: Excadrill
|-damage|p1b: Excadrill|90/100
|-resisted|p1b: Excadrill
|-damage|p1b: Excadrill|81/100
|-resisted|p1b: Excadrill
|-damage|p1b: Excadrill|71/100
|-resisted|p1b: Excadrill
|-damage|p1b: Excadrill|61/100
|-resisted|p1b: Excadrill
|-damage|p1b: Excadrill|50/100
|-hitcount|p1b: Excadrill|5
|-unboost|p2a: Dragonite|def|1
|-boost|p2a: Dragonite|spe|1
|
|-heal|p1a: Corviknight|77/100|[from] item: Leftovers
|-sideend|p1: ming0mang0|move: Tailwind
|upkeep
|
|t:|1756848823
|switch|p2b: Gholdengo|Gholdengo, L50|8/100
|turn|9
|inactive|ming0mang0 has 30 seconds left.
|inactive|Buhbuhbuhdoof has 30 seconds left.
|
|t:|1756848855
|move|p1b: Excadrill|Protect|p1b: Excadrill
|-singleturn|p1b: Excadrill|Protect
|move|p2a: Dragonite|Tailwind|p2a: Dragonite
|-sidestart|p2: Buhbuhbuhdoof|move: Tailwind
|move|p2b: Gholdengo|Shadow Ball|p1b: Excadrill
|-activate|p1b: Excadrill|move: Protect
|move|p1a: Corviknight|Tailwind|p1a: Corviknight
|-sidestart|p1: ming0mang0|move: Tailwind
|
|-heal|p1a: Corviknight|83/100|[from] item: Leftovers
|upkeep
|turn|10
|inactive|ming0mang0 has 30 seconds left.
|inactive|ming0mang0 has 20 seconds left.
|
|t:|1756848894
|switch|p1a: Tyranitar|Tyranitar, L50, M|100/100
|-weather|Sandstorm|[from] ability: Sand Stream|[of] p1a: Tyranitar
|move|p1b: Excadrill|High Horsepower|p2b: Gholdengo
|-supereffective|p2b: Gholdengo
|-crit|p2b: Gholdengo
|-damage|p2b: Gholdengo|0 fnt
|faint|p2b: Gholdengo
|move|p2a: Dragonite|Scale Shot|p1b: Excadrill
|-resisted|p1b: Excadrill
|-damage|p1b: Excadrill|41/100
|-resisted|p1b: Excadrill
|-damage|p1b: Excadrill|31/100
|-resisted|p1b: Excadrill
|-crit|p1b: Excadrill
|-damage|p1b: Excadrill|17/100
|-resisted|p1b: Excadrill
|-damage|p1b: Excadrill|7/100
|-resisted|p1b: Excadrill
|-damage|p1b: Excadrill|0 fnt
|faint|p1b: Excadrill
|-hitcount|p1: Excadrill|5
|-unboost|p2a: Dragonite|def|1
|-boost|p2a: Dragonite|spe|1
|
|-weather|Sandstorm|[upkeep]
|-damage|p2a: Dragonite|47/100|[from] Sandstorm
|upkeep
|inactive|ming0mang0 has 30 seconds left.
|
|t:|1756848915
|switch|p1b: Corviknight|Corviknight, L50, M, shiny|83/100
|turn|11
|inactive|ming0mang0 has 30 seconds left this turn.
|inactive|ming0mang0 has 20 seconds left.
|inactive|ming0mang0 has 15 seconds left.
|inactive|ming0mang0 has 10 seconds left.
|
|t:|1756848937
|move|p2a: Dragonite|Thunder Punch|p1b: Corviknight
|-supereffective|p1b: Corviknight
|-damage|p1b: Corviknight|37/100
|move|p1b: Corviknight|Roost|p1b: Corviknight
|-heal|p1b: Corviknight|87/100
|-singleturn|p1b: Corviknight|move: Roost
|move|p1a: Tyranitar|Knock Off|p2a: Dragonite
|-damage|p2a: Dragonite|0 fnt
|-enditem|p2a: Dragonite|Loaded Dice|[from] move: Knock Off|[of] p1a: Tyranitar
|faint|p2a: Dragonite
|
|win|ming0mang0
|inactive|ming0mang0 has 30 seconds to confirm battle start!
|inactive|Buhbuhbuhdoof has 30 seconds to confirm battle start!
||Buhbuhbuhdoof is ready for game 2.
|inactive|ming0mang0 has 20 seconds to confirm battle start!
||ming0mang0 is ready for game 2.
|uhtml|next|Next: Game 2 of 3
