|j|☆LeonardPlayz
|j|☆NPCMystic
|html|LeonardPlayzNPCMystic    
|uhtml|bestof|Game 1 of a best-of-3
|t:|1783483549
|gametype|doubles
|player|p1|LeonardPlayz|hilbert-wonderlauncher|1048
|player|p2|NPCMystic|cynthia-gen4|1013
|gen|9
|tier|[Gen 9 Champions] VGC 2026 Reg M-B (Bo3)
|rated|
|rule|Species Clause: Limit one of each Pokémon
|rule|Item Clause: Limit 1 of each item
|clearpoke
|poke|p1|Tyranitar, L50, M|
|poke|p1|Mawile, L50, M|
|poke|p1|Excadrill, L50, M|
|poke|p1|Houndstone, L50, M|
|poke|p1|Sinistcha, L50|
|poke|p1|Conkeldurr, L50, F|
|poke|p2|Castform, L50, F|
|poke|p2|Pelipper, L50, F|
|poke|p2|Torkoal, L50, M, shiny|
|poke|p2|Froslass, L50, F|
|poke|p2|Tyranitar, L50, F|
|poke|p2|Garchomp, L50, F|
|teampreview|4
|showteam|p1|Tyranitar||Tyranitarite|SandStream|RockSlide,Crunch,IcePunch,Protect|Brave||M|||50|]Mawile||Mawilite|Intimidate|SuckerPunch,PlayRough,IronHead,Protect|Brave||M|||50|]Excadrill||FocusSash|SandRush|IronHead,RockSlide,Earthquake,Protect|Adamant||M|||50|]Houndstone||ColburBerry|SandRush|LastRespects,Howl,AllySwitch,Protect|Adamant||M|||50|]Sinistcha||SitrusBerry|Hospitality|RagePowder,MatchaGotcha,TrickRoom,Protect|Modest|||||50|]Conkeldurr||LifeOrb|SheerForce|MachPunch,LowSweep,ThunderPunch,WideGuard|Brave||F|||50|
|showteam|p2|Castform||LifeOrb|Forecast|WeatherBall,SolarBeam,Blizzard,Protect|Timid||F|||50|]Pelipper||SitrusBerry|Drizzle|WideGuard,Tailwind,Hurricane,WeatherBall|Modest||F|||50|]Torkoal||QuickClaw|Drought|HeatWave,WeatherBall,EarthPower,Protect|Modest||M|||50|]Froslass||Froslassite|CursedBody|Blizzard,ShadowBall,IceShard,Protect|Hasty||F|||50|]Tyranitar||WhiteHerb|SandStream|KnockOff,Earthquake,Superpower,Protect|Adamant||F|||50|]Garchomp||Garchompite|SandVeil|Earthquake,DragonClaw,RockSlide,Protect|Jolly||F|||50|
|inactive|Battle timer is ON: inactive players will automatically lose when time's up. (requested by LeonardPlayz)
|c|☆LeonardPlayz|the castform is kind of scary
|c|☆NPCMystic|nuh uh
|inactive|LeonardPlayz has 60 seconds left.
|c|☆NPCMystic|just rebuilt the team completely
|c|☆LeonardPlayz|no idea how to fight this
|inactive|LeonardPlayz has 30 seconds left.
|inactive|LeonardPlayz has 20 seconds left.
|c|☆NPCMystic|i have no idea how to run this ngl
|c|☆NPCMystic|gonna wing it
|inactive|LeonardPlayz has 15 seconds left.
|c|☆LeonardPlayz|imma wing it too
|inactive|LeonardPlayz has 10 seconds left.
|inactive|LeonardPlayz has 5 seconds left.
|
|t:|1783483635
|teamsize|p1|4
|teamsize|p2|4
|start
|switch|p1a: Excadrill|Excadrill, L50, M|100/100
|switch|p1b: Hot To Go|Sinistcha, L50|100/100
|switch|p2a: Castform|Castform, L50, F|100/100
|switch|p2b: Pelipper|Pelipper, L50, F|100/100
|-weather|RainDance|[from] ability: Drizzle|[of] p2b: Pelipper
|-formechange|p2a: Castform|Castform-Rainy|[msg]|[from] ability: Forecast
|turn|1
|inactive|NPCMystic has 30 seconds left.
|
|t:|1783483663
|move|p2b: Pelipper|Wide Guard|p2b: Pelipper
|-singleturn|p2b: Pelipper|Wide Guard
|move|p1a: Excadrill|Rock Slide|p2b: Pelipper|[spread] 
|-activate|p2a: Castform|move: Wide Guard
|-activate|p2b: Pelipper|move: Wide Guard
|move|p2a: Castform|Weather Ball|p1a: Excadrill
|-supereffective|p1a: Excadrill|1
|-enditem|p1a: Excadrill|Focus Sash
|-damage|p1a: Excadrill|1/100
|-damage|p2a: Castform|90/100|[from] item: Life Orb
|move|p1b: Hot To Go|Matcha Gotcha|p2b: Pelipper|[spread] 
|-activate|p2a: Castform|move: Wide Guard
|-activate|p2b: Pelipper|move: Wide Guard
|
|-weather|RainDance|[upkeep]
|upkeep
|turn|2
|c|☆LeonardPlayz|yeah no idea at all
|inactive|LeonardPlayz has 30 seconds left.
|inactive|LeonardPlayz has 20 seconds left.
|c|☆NPCMystic|lol
|
|t:|1783483701
|move|p2a: Castform|Protect|p2a: Castform
|-singleturn|p2a: Castform|Protect
|move|p1b: Hot To Go|Rage Powder|p1b: Hot To Go
|-singleturn|p1b: Hot To Go|move: Rage Powder
|move|p1a: Excadrill|Iron Head|p2a: Castform
|-activate|p2a: Castform|move: Protect
|move|p2b: Pelipper|Hurricane|p1b: Hot To Go
|-supereffective|p1b: Hot To Go|1
|-damage|p1b: Hot To Go|0 fnt
|faint|p1b: Hot To Go
|
|-weather|RainDance|[upkeep]
|upkeep
|
|t:|1783483711
|switch|p1b: Tyranitar|Tyranitar, L50, M|100/100
|-weather|Sandstorm|[from] ability: Sand Stream|[of] p1b: Tyranitar
|-formechange|p2a: Castform|Castform|[msg]|[from] ability: Forecast
|turn|3
|
|t:|1783483727
|switch|p2b: Torkoal|Torkoal, L50, M, shiny|100/100
|-weather|SunnyDay|[from] ability: Drought|[of] p2b: Torkoal
|-formechange|p2a: Castform|Castform-Sunny|[msg]|[from] ability: Forecast
|move|p1a: Excadrill|Protect|p1a: Excadrill
|-singleturn|p1a: Excadrill|Protect
|move|p2a: Castform|Solar Beam||[still]
|-prepare|p2a: Castform|Solar Beam
|-anim|p2a: Castform|Solar Beam|p1b: Tyranitar
|-supereffective|p1b: Tyranitar|1
|-crit|p1b: Tyranitar
|-damage|p1b: Tyranitar|9/100
|-damage|p2a: Castform|80/100|[from] item: Life Orb
|move|p1b: Tyranitar|Crunch|p2b: Torkoal
|-damage|p2b: Torkoal|66/100
|
|-weather|SunnyDay|[upkeep]
|upkeep
|turn|4
|inactive|NPCMystic has 30 seconds left.
|inactive|NPCMystic has 20 seconds left.
|c|☆LeonardPlayz|first match of the day and I'm forced to fight a castform
|inactive|NPCMystic has 15 seconds left.
|c|☆NPCMystic|its ok twin
|inactive|NPCMystic has 10 seconds left.
|
|t:|1783483773
|switch|p2a: Garchomp|Garchomp, L50, F|100/100
|move|p1b: Tyranitar|Protect|p1b: Tyranitar
|-singleturn|p1b: Tyranitar|Protect
|move|p1a: Excadrill|Earthquake|p2a: Garchomp|[spread] p2a,p2b
|-activate|p1b: Tyranitar|move: Protect
|-supereffective|p2b: Torkoal|1
|-crit|p2b: Torkoal
|-damage|p2a: Garchomp|57/100
|-damage|p2b: Torkoal|0 fnt
|faint|p2b: Torkoal
|
|-weather|SunnyDay|[upkeep]
|upkeep
|
|t:|1783483781
|switch|p2b: Pelipper|Pelipper, L50, F|100/100
|-weather|RainDance|[from] ability: Drizzle|[of] p2b: Pelipper
|turn|5
|
|t:|1783483792
|detailschange|p2a: Garchomp|Garchomp-Mega, L50, F
|-mega|p2a: Garchomp|Garchomp|Garchompite
|detailschange|p1b: Tyranitar|Tyranitar-Mega, L50, M
|-mega|p1b: Tyranitar|Tyranitar|Tyranitarite
|-weather|Sandstorm|[from] ability: Sand Stream|[of] p1b: Tyranitar
|move|p1a: Excadrill|Iron Head|p2a: Garchomp
|-damage|p2a: Garchomp|15/100
|move|p2a: Garchomp|Earthquake|p1a: Excadrill|[spread] p1a,p1b
|-immune|p2b: Pelipper
|-supereffective|p1a: Excadrill|1
|-supereffective|p1b: Tyranitar|1
|-damage|p1a: Excadrill|0 fnt
|-damage|p1b: Tyranitar|0 fnt
|faint|p1a: Excadrill
|faint|p1b: Tyranitar
|move|p2b: Pelipper|Tailwind|p2b: Pelipper
|-sidestart|p2: NPCMystic|move: Tailwind
|
|-weather|Sandstorm|[upkeep]
|-damage|p2b: Pelipper|94/100|[from] Sandstorm
|upkeep
|
|t:|1783483801
|switch|p1a: Houndstone|Houndstone, L50, M|100/100
|turn|6
|
|t:|1783483809
|move|p2a: Garchomp|Dragon Claw|p1a: Houndstone
|-damage|p1a: Houndstone|38/100
|move|p1a: Houndstone|Last Respects|p2a: Garchomp
|-damage|p2a: Garchomp|0 fnt
|faint|p2a: Garchomp
|move|p2b: Pelipper|Weather Ball|p1a: Houndstone
|-damage|p1a: Houndstone|3/100
|
|-weather|Sandstorm|[upkeep]
|-damage|p2b: Pelipper|88/100|[from] Sandstorm
|upkeep
|
|t:|1783483817
|switch|p2a: Castform|Castform, L50, F|80/100
|turn|7
|c|☆NPCMystic|good round
|c|☆LeonardPlayz|oh yeah, I'm cooked
|-message|LeonardPlayz forfeited.
|
|win|NPCMystic
|l|☆LeonardPlayz
|player|p1|
||LeonardPlayz is ready for game 2.
||NPCMystic is ready for game 2.
|uhtml|next|Next: Game 2 of 3
|l|☆NPCMystic
|player|p2|
|j|☆LeonardPlayz
|player|p1|LeonardPlayz|hilbert-wonderlauncher|
