|j|☆WoolHearted
|j|☆MazeLooper
|html|WoolHeartedMazeLooper    
|uhtml|bestof|Game 2 of a best-of-3
|t:|1784578398
|gametype|doubles
|player|p1|WoolHearted|fantina|
|player|p2|MazeLooper|170|
|gen|9
|tier|[Gen 9 Champions] VGC 2026 Reg M-B (Bo3)
|rule|Species Clause: Limit one of each Pokémon
|rule|Item Clause: Limit 1 of each item
|clearpoke
|poke|p1|Rotom-Heat, L50|
|poke|p1|Charizard, L50, F|
|poke|p1|Venusaur, L50, F|
|poke|p1|Passimian, L50, F|
|poke|p1|Audino, L50, F|
|poke|p1|Ditto, L50|
|poke|p2|Archaludon, L50, F|
|poke|p2|Pelipper, L50, F|
|poke|p2|Swampert, L50, M|
|poke|p2|Overqwil, L50, F|
|poke|p2|Scovillain, L50, M|
|poke|p2|Skarmory, L50, M|
|teampreview|4
|showteam|p1|Rotom-Heat||ExpertBelt|Levitate|Thunder,WillOWisp,SunnyDay,Overheat|Modest|||||50|]Charizard||CharizarditeY|SolarPower|WeatherBall,WillOWisp,Protect,ScorchingSands|Modest||F|||50|]Venusaur||LifeOrb|Chlorophyll|SolarBeam,SludgeWave,EarthPower,WeatherBall|Modest||F|||50|]Passimian||HeatRock|Receiver|Taunt,SunnyDay,Protect,CloseCombat|Jolly||F|||50|]Audino||Leftovers|Regenerator|HealPulse,Encore,Protect,Yawn|Calm||F|||50|]Ditto||ChoiceScarf|Imposter|Transform|Naive|||||50|
|showteam|p2|Archaludon||Leftovers|Stamina|ElectroShot,Protect,FlashCannon,DragonPulse|Modest||F|||50|]Pelipper||DampRock|Drizzle|Hurricane,WeatherBall,Tailwind,WideGuard|Timid||F|||50|]Swampert||Swampertite|Torrent|Liquidation,Earthquake,IcePunch,Protect|Adamant||M|||50|]Overqwil||FocusSash|Intimidate|GunkShot,Liquidation,AquaJet,Protect|Adamant||F|||50|]Scovillain||Scovillainite|Chlorophyll|RagePowder,Protect,HelpingHand,Overheat|Calm||M|||50|]Skarmory||ExpertBelt|Sturdy|IronHead,Protect,BraveBird,RockTomb|Adamant||M|||50|
|j| Fcjavic67
|l| Fcjavic67
|
|t:|1784578470
|teamsize|p1|4
|teamsize|p2|4
|start
|switch|p1a: Passimian|Passimian, L50, F|100/100
|switch|p1b: Rotom|Rotom-Heat, L50|100/100
|switch|p2a: Lemmy The Mine|Overqwil, L50, F|100/100
|switch|p2b: Thing 1 & Thing 2|Scovillain, L50, M|100/100
|-ability|p2a: Lemmy The Mine|Intimidate|boost
|-unboost|p1a: Passimian|atk|1
|-unboost|p1b: Rotom|atk|1
|turn|1
|
|t:|1784578499
|move|p2a: Lemmy The Mine|Protect|p2a: Lemmy The Mine
|-singleturn|p2a: Lemmy The Mine|Protect
|move|p2b: Thing 1 & Thing 2|Protect|p2b: Thing 1 & Thing 2
|-singleturn|p2b: Thing 1 & Thing 2|Protect
|move|p1a: Passimian|Taunt|p2b: Thing 1 & Thing 2
|-activate|p2b: Thing 1 & Thing 2|move: Protect
|move|p1b: Rotom|Will-O-Wisp|p2a: Lemmy The Mine
|-activate|p2a: Lemmy The Mine|move: Protect
|
|upkeep
|turn|2
|
|t:|1784578530
|move|p2b: Thing 1 & Thing 2|Helping Hand|p2a: Lemmy The Mine
|-singleturn|p2a: Lemmy The Mine|Helping Hand|[of] p2b: Thing 1 & Thing 2
|move|p1a: Passimian|Sunny Day|p1a: Passimian
|-weather|SunnyDay
|move|p1b: Rotom|Overheat|p2a: Lemmy The Mine|[miss]
|-miss|p1b: Rotom|p2a: Lemmy The Mine
|move|p2a: Lemmy The Mine|Liquidation|p1b: Rotom
|-supereffective|p1b: Rotom|1
|-damage|p1b: Rotom|37/100
|
|-weather|SunnyDay|[upkeep]
|upkeep
|turn|3
|
|t:|1784578559
|detailschange|p2b: Thing 1 & Thing 2|Scovillain-Mega, L50, M
|-mega|p2b: Thing 1 & Thing 2|Scovillain|Scovillainite
|move|p2b: Thing 1 & Thing 2|Helping Hand|p2a: Lemmy The Mine
|-singleturn|p2a: Lemmy The Mine|Helping Hand|[of] p2b: Thing 1 & Thing 2
|move|p2a: Lemmy The Mine|Aqua Jet|p1b: Rotom
|-supereffective|p1b: Rotom|1
|-damage|p1b: Rotom|10/100
|move|p1a: Passimian|Taunt|p2b: Thing 1 & Thing 2
|-start|p2b: Thing 1 & Thing 2|move: Taunt
|move|p1b: Rotom|Thunder|p2a: Lemmy The Mine
|-damage|p2a: Lemmy The Mine|21/100
|
|-weather|SunnyDay|[upkeep]
|upkeep
|turn|4
|
|t:|1784578582
|switch|p2b: PEDs Man|Swampert, L50, M|100/100
|move|p2a: Lemmy The Mine|Aqua Jet|p1b: Rotom
|-supereffective|p1b: Rotom|1
|-damage|p1b: Rotom|0 fnt
|faint|p1b: Rotom
|-ability|p1a: Passimian|Levitate|Receiver|[from] ability: Receiver|[of] p1b: Rotom
|move|p1a: Passimian|Close Combat|p2a: Lemmy The Mine
|-damage|p2a: Lemmy The Mine|0 fnt
|-unboost|p1a: Passimian|def|1
|-unboost|p1a: Passimian|spd|1
|faint|p2a: Lemmy The Mine
|
|-weather|SunnyDay|[upkeep]
|upkeep
|
|t:|1784578596
|switch|p1b: Ditto|Ditto, L50|100/100
|switch|p2a: The TARDIS|Archaludon, L50, F|100/100
|-transform|p1b: Ditto|p2a: The TARDIS|[from] ability: Imposter
|turn|5
|
|t:|1784578623
|switch|p1b: Charizard|Charizard, L50, F|100/100
|move|p1a: Passimian|Protect|p1a: Passimian
|-singleturn|p1a: Passimian|Protect
|move|p2b: PEDs Man|Ice Punch|p1a: Passimian
|-activate|p1a: Passimian|move: Protect
|move|p2a: The TARDIS|Dragon Pulse|p1b: Charizard
|-damage|p1b: Charizard|53/100
|
|-weather|SunnyDay|[upkeep]
|-damage|p1b: Charizard|41/100|[from] ability: Solar Power|[of] p1b: Charizard
|upkeep
|turn|6
|
|t:|1784578647
|detailschange|p1b: Charizard|Charizard-Mega-Y, L50, F
|-mega|p1b: Charizard|Charizard|Charizardite Y
|move|p2b: PEDs Man|Protect|p2b: PEDs Man
|-singleturn|p2b: PEDs Man|Protect
|move|p2a: The TARDIS|Protect|p2a: The TARDIS
|-singleturn|p2a: The TARDIS|Protect
|move|p1a: Passimian|Taunt|p2b: PEDs Man
|-activate|p2b: PEDs Man|move: Protect
|move|p1b: Charizard|Weather Ball|p2a: The TARDIS
|-activate|p2a: The TARDIS|move: Protect
|
|-weather|SunnyDay|[upkeep]
|upkeep
|turn|7
|
|t:|1784578708
|move|p1a: Passimian|Close Combat|p2a: The TARDIS
|-supereffective|p2a: The TARDIS|1
|-damage|p2a: The TARDIS|50/100g
|-unboost|p1a: Passimian|def|1
|-unboost|p1a: Passimian|spd|1
|-ability|p2a: The TARDIS|Stamina|boost
|-boost|p2a: The TARDIS|def|1
|move|p1b: Charizard|Weather Ball|p2a: The TARDIS
|-damage|p2a: The TARDIS|0 fnt
|faint|p2a: The TARDIS
|move|p2b: PEDs Man|Liquidation|p1b: Charizard
|-supereffective|p1b: Charizard|1
|-damage|p1b: Charizard|0 fnt
|faint|p1b: Charizard
|
|-weather|SunnyDay|[upkeep]
|upkeep
|
|t:|1784578723
|switch|p1b: Ditto|Ditto, L50|100/100
|switch|p2a: Thing 1 & Thing 2|Scovillain-Mega, L50, M|100/100
|-transform|p1b: Ditto|p2a: Thing 1 & Thing 2|[from] ability: Imposter
|turn|8
|
|t:|1784578747
|move|p2a: Thing 1 & Thing 2|Helping Hand|p2b: PEDs Man
|-singleturn|p2b: PEDs Man|Helping Hand|[of] p2a: Thing 1 & Thing 2
|move|p1a: Passimian|Close Combat|p2b: PEDs Man
|-damage|p2b: PEDs Man|62/100
|-unboost|p1a: Passimian|def|1
|-unboost|p1a: Passimian|spd|1
|move|p1b: Ditto|Overheat|p2a: Thing 1 & Thing 2
|-damage|p2a: Thing 1 & Thing 2|18/100
|-unboost|p1b: Ditto|spa|2
|-immune|p1b: Ditto
|move|p2b: PEDs Man|Ice Punch|p1b: Ditto
|-damage|p1b: Ditto|60/100
|-status|p2b: PEDs Man|brn|[from] ability: Spicy Spray|[of] p1b: Ditto
|
|-weather|SunnyDay|[upkeep]
|-damage|p2b: PEDs Man|56/100 brn|[from] brn
|upkeep
|turn|9
|
|t:|1784578770
|move|p1a: Passimian|Close Combat|p2b: PEDs Man
|-damage|p2b: PEDs Man|19/100 brn
|-unboost|p1a: Passimian|def|1
|-unboost|p1a: Passimian|spd|1
|move|p1b: Ditto|Overheat|p2a: Thing 1 & Thing 2
|-damage|p2a: Thing 1 & Thing 2|0 fnt
|-unboost|p1b: Ditto|spa|2
|-immune|p1b: Ditto
|faint|p2a: Thing 1 & Thing 2
|move|p2b: PEDs Man|Liquidation|p1b: Ditto
|-damage|p1b: Ditto|41/100
|
|-weather|none
|-damage|p2b: PEDs Man|12/100 brn|[from] brn
|upkeep
|turn|10
|
|t:|1784578790
|move|p1a: Passimian|Protect|p1a: Passimian
|-singleturn|p1a: Passimian|Protect
|move|p1b: Ditto|Overheat|p2b: PEDs Man
|-resisted|p2b: PEDs Man|1
|-damage|p2b: PEDs Man|2/100 brn
|-unboost|p1b: Ditto|spa|2
|move|p2b: PEDs Man|Liquidation|p1b: Ditto
|-damage|p1b: Ditto|2/100
|
|-damage|p2b: PEDs Man|0 fnt|[from] brn
|faint|p2b: PEDs Man
|
|win|WoolHearted
|l|☆MazeLooper
|player|p2|
|c|☆WoolHearted|GG
|l|☆WoolHearted
|player|p1|
|j|☆MazeLooper
|player|p2|MazeLooper|170|
|l|☆MazeLooper
|player|p2|
