|j|☆WashYoButt
|j|☆Polite Peony
|html|WashYoButtPolite Peony    
|uhtml|bestof|Game 1 of a best-of-3
|t:|1757096897
|gametype|doubles
|player|p1|WashYoButt|ariana|1074
|player|p2|Polite Peony|lady|1161
|gen|9
|tier|[Gen 9] VGC 2025 Reg H (Bo3)
|rated|
|rule|Species Clause: Limit one of each Pokémon
|rule|Item Clause: Limit 1 of each item
|clearpoke
|poke|p1|Talonflame, L50, M|
|poke|p1|Sneasler, L50, M|
|poke|p1|Gholdengo, L50|
|poke|p1|Ursaluna-Bloodmoon, L50, M|
|poke|p1|Ninetales-Alola, L50, M|
|poke|p1|Milotic, L50, M|
|poke|p2|Gholdengo, L50|
|poke|p2|Whimsicott, L50, F|
|poke|p2|Indeedee, L50, M|
|poke|p2|Archaludon, L50, M|
|poke|p2|Ursaluna-Bloodmoon, L50, M|
|poke|p2|Sneasler, L50, F|
|teampreview|4
|showteam|p1|Talonflame||CovertCloak|GaleWings|Tailwind,FlareBlitz,BraveBird,Taunt|||M|||50|,,,,,Grass]Sneasler||FocusSash|Unburden|Protect,DireClaw,CloseCombat,ThroatChop|||M|||50|,,,,,Stellar]Gholdengo||Leftovers|GoodasGold|Protect,NastyPlot,MakeItRain,ShadowBall||||||50|,,,,,Dragon]Ursaluna-Bloodmoon||ThroatSpray|MindsEye|Protect,HyperVoice,BloodMoon,EarthPower|||M|||50|,,,,,Normal]Ninetales-Alola||NeverMeltIce|SnowWarning|Protect,Blizzard,FreezeDry,Moonblast|||M|||50|,,,,,Ghost]Milotic||SitrusBerry|Competitive|Protect,Haze,Scald,IceBeam|||M|||50|,,,,,Grass
|showteam|p2|Gholdengo||ChoiceSpecs|GoodasGold|MakeItRain,DazzlingGleam,ShadowBall,Trick||||||50|,,,,,Fairy]Whimsicott||CovertCloak|Prankster|Moonblast,FakeTears,Tailwind,Taunt|||F|||50|,,,,,Water]Indeedee||FocusSash|PsychicSurge|ExpandingForce,Imprison,TeraBlast,TrickRoom|||M|||50|,,,,,Psychic]Archaludon||PowerHerb|Stalwart|Protect,DragonPulse,ElectroShot,Thunderbolt|||M|||50|,,,,,Electric]Ursaluna-Bloodmoon||LifeOrb|MindsEye|Protect,BloodMoon,EarthPower,HyperVoice|||M|||50|,,,,,Normal]Sneasler||PsychicSeed|Unburden|Protect,CloseCombat,DireClaw,ThroatChop|||F|||50|,,,,,Dark
|l|☆Polite Peony
|player|p2|
|j|☆Polite Peony
|player|p2|Polite Peony|lady|
|inactive|Battle timer is ON: inactive players will automatically lose when time's up. (requested by WashYoButt)
|inactive|Polite Peony has 60 seconds left.
|inactive|Polite Peony has 30 seconds left.
|inactive|Polite Peony has 20 seconds left.
|inactive|Polite Peony has 15 seconds left.
|
|t:|1757097034
|teamsize|p1|4
|teamsize|p2|4
|start
|switch|p1a: Talonflame|Talonflame, L50, M|100/100
|switch|p1b: Sneasler|Sneasler, L50, M|100/100
|switch|p2a: Whimsicott|Whimsicott, L50, F|100/100
|switch|p2b: Indeedee|Indeedee, L50, M|100/100
|-fieldstart|move: Psychic Terrain|[from] ability: Psychic Surge|[of] p2b: Indeedee
|turn|1
|
|t:|1757097054
|move|p1b: Sneasler|Protect|p1b: Sneasler
|-singleturn|p1b: Sneasler|Protect
|move|p2a: Whimsicott|Tailwind|p2a: Whimsicott
|-sidestart|p2: Polite Peony|move: Tailwind
|move|p2b: Indeedee|Expanding Force|p1a: Talonflame|[spread] p1a
|-activate|p1b: Sneasler|move: Protect
|-damage|p1a: Talonflame|11/100
|move|p1a: Talonflame|Flare Blitz|p2a: Whimsicott
|-supereffective|p2a: Whimsicott
|-damage|p2a: Whimsicott|0 fnt
|faint|p2a: Whimsicott
|-damage|p1a: Talonflame|0 fnt|[from] Recoil
|faint|p1a: Talonflame
|
|upkeep
|inactive|Polite Peony has 30 seconds left.
|
|t:|1757097082
|switch|p1a: Gholdengo|Gholdengo, L50|100/100
|switch|p2a: Sneasler|Sneasler, L50, F|100/100
|-enditem|p2a: Sneasler|Psychic Seed
|-boost|p2a: Sneasler|spd|1|[from] item: Psychic Seed
|turn|2
|inactive|Polite Peony has 30 seconds left.
|
|t:|1757097107
|move|p2a: Sneasler|Dire Claw|p1b: Sneasler
|-resisted|p1b: Sneasler
|-damage|p1b: Sneasler|67/100
|move|p2b: Indeedee|Expanding Force|p1b: Sneasler|[spread] p1a,p1b
|-resisted|p1a: Gholdengo
|-supereffective|p1b: Sneasler
|-damage|p1a: Gholdengo|79/100
|-damage|p1b: Sneasler|0 fnt
|faint|p1b: Sneasler
|move|p1a: Gholdengo|Nasty Plot|p1a: Gholdengo
|-boost|p1a: Gholdengo|spa|2
|
|-heal|p1a: Gholdengo|85/100|[from] item: Leftovers
|upkeep
|
|t:|1757097119
|switch|p1b: Milotic|Milotic, L50, M|100/100
|turn|3
|
|t:|1757097143
|-terastallize|p2a: Sneasler|Dark
|move|p1a: Gholdengo|Protect|p1a: Gholdengo
|-singleturn|p1a: Gholdengo|Protect
|move|p2a: Sneasler|Throat Chop|p1a: Gholdengo
|-activate|p1a: Gholdengo|move: Protect
|move|p2b: Indeedee|Expanding Force|p1b: Milotic|[spread] p1b
|-activate|p1a: Gholdengo|move: Protect
|-damage|p1b: Milotic|63/100
|move|p1b: Milotic|Scald|p2a: Sneasler
|-damage|p2a: Sneasler|73/100
|
|-heal|p1a: Gholdengo|91/100|[from] item: Leftovers
|upkeep
|turn|4
|
|t:|1757097162
|-terastallize|p1a: Gholdengo|Dragon
|move|p2a: Sneasler|Throat Chop|p1a: Gholdengo
|-damage|p1a: Gholdengo|57/100
|-start|p1a: Gholdengo|Throat Chop|[silent]
|move|p2b: Indeedee|Expanding Force|p1b: Milotic|[spread] p1a,p1b
|-damage|p1a: Gholdengo|12/100
|-damage|p1b: Milotic|27/100
|-enditem|p1b: Milotic|Sitrus Berry|[eat]
|-heal|p1b: Milotic|52/100|[from] item: Sitrus Berry
|move|p1a: Gholdengo|Make It Rain|p2b: Indeedee|[spread] p2a,p2b
|-damage|p2a: Sneasler|0 fnt
|-enditem|p2b: Indeedee|Focus Sash
|-damage|p2b: Indeedee|1/100
|-unboost|p1a: Gholdengo|spa|1
|faint|p2a: Sneasler
|move|p1b: Milotic|Scald|p2b: Indeedee
|-damage|p2b: Indeedee|0 fnt
|faint|p2b: Indeedee
|
|-heal|p1a: Gholdengo|19/100|[from] item: Leftovers
|-sideend|p2: Polite Peony|move: Tailwind
|upkeep
|
|t:|1757097174
|switch|p2a: Archaludon|Archaludon, L50, M, shiny|100/100
|turn|5
|inactive|Polite Peony has 30 seconds left.
|
|t:|1757097203
|move|p2a: Archaludon|Electro Shot||[still]
|-prepare|p2a: Archaludon|Electro Shot
|-boost|p2a: Archaludon|spa|1
|-enditem|p2a: Archaludon|Power Herb
|-anim|p2a: Archaludon|Electro Shot|p1b: Milotic
|-supereffective|p1b: Milotic
|-damage|p1b: Milotic|0 fnt
|faint|p1b: Milotic
|move|p1a: Gholdengo|Shadow Ball|p2a: Archaludon
|-damage|p2a: Archaludon|10/100
|
|-heal|p1a: Gholdengo|25/100|[from] item: Leftovers
|-end|p1a: Gholdengo|Throat Chop|[silent]
|-fieldend|move: Psychic Terrain
|upkeep
|turn|6
|
|t:|1757097210
|move|p1a: Gholdengo|Protect|p1a: Gholdengo
|-singleturn|p1a: Gholdengo|Protect
|move|p2a: Archaludon|Dragon Pulse|p1a: Gholdengo
|-activate|p1a: Gholdengo|move: Protect
|
|-heal|p1a: Gholdengo|31/100|[from] item: Leftovers
|upkeep
|turn|7
|
|t:|1757097215
|move|p2a: Archaludon|Dragon Pulse|p1a: Gholdengo
|-supereffective|p1a: Gholdengo
|-damage|p1a: Gholdengo|0 fnt
|faint|p1a: Gholdengo
|
|win|Polite Peony
||Polite Peony is ready for game 2.
