|j|☆Mrpizzaofoz
|j|☆Dipankar_tai-ahom
|html|MrpizzaofozDipankar_tai-ahom    
|uhtml|bestof|Game 1 of a best-of-3
|t:|1784991567
|gametype|doubles
|player|p1|Mrpizzaofoz|corbeau|
|player|p2|Dipankar_tai-ahom|steven|
|gen|9
|tier|[Gen 9 Champions] VGC 2026 Reg M-B (Bo3)
|rule|Species Clause: Limit one of each Pokémon
|rule|Item Clause: Limit 1 of each item
|clearpoke
|poke|p1|Swampert, L50, M|
|poke|p1|Pelipper, L50, F|
|poke|p1|Archaludon, L50, F|
|poke|p1|Grimmsnarl, L50, M|
|poke|p1|Kingambit, L50, F|
|poke|p1|Venusaur, L50, F|
|poke|p2|Gengar, L50, M, shiny|
|poke|p2|Ninetales-Alola, L50, F|
|poke|p2|Incineroar, L50, M|
|poke|p2|Sneasler, L50, F|
|poke|p2|Kingambit, L50, M|
|poke|p2|Toxapex, L50, F|
|teampreview|4
|showteam|p1|Swampert||Swampertite|Torrent|WaveCrash,HighHorsepower,FlipTurn,Protect|Adamant||M|||50|]Pelipper||LifeOrb|Drizzle|WeatherBall,Hurricane,WideGuard,Protect|Quiet||F|||50|]Archaludon||Leftovers|Stamina|FlashCannon,DragonPulse,ElectroShot,Protect|Calm||F|||50|]Grimmsnarl||LightClay|Prankster|Reflect,LightScreen,SpiritBreak,PartingShot|Impish||M|||50|]Kingambit||FocusSash|Defiant|KowtowCleave,SuckerPunch,IronHead,LowKick|Adamant||F|||50|]Venusaur||Venusaurite|Chlorophyll|SludgeWave,GigaDrain,WeatherBall,Protect|Calm||F|||50|
|showteam|p2|Gengar||Gengarite|CursedBody|ShadowBall,Protect,SludgeBomb,PerishSong|Timid||M|||50|]Ninetales-Alola||NeverMeltIce|SnowWarning|Blizzard,Protect,FreezeDry,Encore|Timid||F|||50|]Incineroar||SitrusBerry|Intimidate|FakeOut,PartingShot,Protect,DarkestLariat|Careful||M|||50|]Sneasler||FocusSash|Unburden|Protect,DireClaw,FakeOut,CloseCombat|Hasty||F|||50|]Kingambit||ChopleBerry|Defiant|SuckerPunch,IronHead,Protect,KowtowCleave|Sassy||M|||50|]Toxapex||LifeOrb|Regenerator|BanefulBunker,IceBeam,Surf,Protect|Sassy||F|||50|
|inactive|Battle timer is ON: inactive players will automatically lose when time's up. (requested by Dipankar_tai-ahom)
|c|☆Mrpizzaofoz|glhf
|
|t:|1784991588
|teamsize|p1|4
|teamsize|p2|4
|start
|switch|p1a: Prachand|Archaludon, L50, F|100/100
|switch|p1b: Piku|Pelipper, L50, F|100/100
|switch|p2a: Gengar|Gengar, L50, M, shiny|100/100
|switch|p2b: Incineroar|Incineroar, L50, M|100/100
|-ability|p2b: Incineroar|Intimidate|boost
|-unboost|p1a: Prachand|atk|1
|-unboost|p1b: Piku|atk|1
|-weather|RainDance|[from] ability: Drizzle|[of] p1b: Piku
|turn|1
|
|t:|1784991605
|switch|p1a: Dharmender|Swampert, L50, M|100/100
|switch|p1b: Shaitaan|Grimmsnarl, L50, M|100/100
|detailschange|p2a: Gengar|Gengar-Mega, L50, M, shiny
|-mega|p2a: Gengar|Gengar|Gengarite
|move|p2b: Incineroar|Fake Out|p1a: Dharmender
|-damage|p1a: Dharmender|87/100
|move|p2a: Gengar|Perish Song|p2a: Gengar
|-start|p1a: Dharmender|perish3|[silent]
|-start|p1b: Shaitaan|perish3|[silent]
|-start|p2a: Gengar|perish3|[silent]
|-start|p2b: Incineroar|perish3|[silent]
|-fieldactivate|move: Perish Song
|
|-weather|RainDance|[upkeep]
|-start|p2a: Gengar|perish3
|-start|p1a: Dharmender|perish3
|-start|p2b: Incineroar|perish3
|-start|p1b: Shaitaan|perish3
|upkeep
|turn|2
|inactive|Mrpizzaofoz has 30 seconds left.
|inactive|Mrpizzaofoz has 20 seconds left.
|
|t:|1784991643
|detailschange|p1a: Dharmender|Swampert-Mega, L50, M
|-mega|p1a: Dharmender|Swampert|Swampertite
|move|p2a: Gengar|Protect|p2a: Gengar
|-singleturn|p2a: Gengar|Protect
|move|p2b: Incineroar|Protect|p2b: Incineroar
|-singleturn|p2b: Incineroar|Protect
|move|p1b: Shaitaan|Parting Shot|p2a: Gengar
|-activate|p2a: Gengar|move: Protect
|move|p1a: Dharmender|High Horsepower|p2a: Gengar
|-activate|p2a: Gengar|move: Protect
|
|-weather|RainDance|[upkeep]
|-start|p1a: Dharmender|perish2
|-start|p2a: Gengar|perish2
|-start|p1b: Shaitaan|perish2
|-start|p2b: Incineroar|perish2
|upkeep
|turn|3
|inactive|Dipankar_tai-ahom has 30 seconds left.
|
|t:|1784991675
|switch|p2a: Sneasler|Sneasler, L50, F|100/100
|move|p1b: Shaitaan|Parting Shot|p2a: Sneasler
|-unboost|p2a: Sneasler|atk|1
|-unboost|p2a: Sneasler|spa|1
|
|t:|1784991682
|switch|p1b: Piku|Pelipper, L50, F|100/100|[from] Parting Shot
|move|p1a: Dharmender|Flip Turn|p2b: Incineroar
|-supereffective|p2b: Incineroar|1
|-damage|p2b: Incineroar|19/100
|-enditem|p2b: Incineroar|Sitrus Berry|[eat]
|-heal|p2b: Incineroar|44/100|[from] item: Sitrus Berry
|
|t:|1784991695
|switch|p1a: Prachand|Archaludon, L50, F|100/100|[from] Flip Turn
|move|p2b: Incineroar|Parting Shot|p1a: Prachand
|-unboost|p1a: Prachand|atk|1
|-unboost|p1a: Prachand|spa|1
|
|t:|1784991702
|switch|p2b: Ninetales|Ninetales-Alola, L50, F|100/100|[from] Parting Shot
|-weather|Snowscape|[from] ability: Snow Warning|[of] p2b: Ninetales
|
|-weather|Snowscape|[upkeep]
|upkeep
|turn|4
|
|t:|1784991725
|switch|p1b: Shaitaan|Grimmsnarl, L50, M|100/100
|move|p2a: Sneasler|Fake Out|p1b: Shaitaan
|-damage|p1b: Shaitaan|91/100
|move|p2b: Ninetales|Freeze-Dry|p1b: Shaitaan
|-damage|p1b: Shaitaan|59/100
|move|p1a: Prachand|Flash Cannon|p2b: Ninetales
|-supereffective|p2b: Ninetales|2
|-damage|p2b: Ninetales|0 fnt
|faint|p2b: Ninetales
|
|-weather|Snowscape|[upkeep]
|upkeep
|
|t:|1784991739
|switch|p2b: Gengar|Gengar-Mega, L50, M, shiny|100/100
|turn|5
|inactive|Mrpizzaofoz has 30 seconds left.
|inactive|Dipankar_tai-ahom has 30 seconds left.
|
|t:|1784991774
|move|p1b: Shaitaan|Parting Shot|p2a: Sneasler
|-unboost|p2a: Sneasler|atk|1
|-unboost|p2a: Sneasler|spa|1
|
|t:|1784991776
|switch|p1b: Piku|Pelipper, L50, F|100/100|[from] Parting Shot
|-weather|RainDance|[from] ability: Drizzle|[of] p1b: Piku
|move|p2b: Gengar|Shadow Ball|p1a: Prachand
|-crit|p1a: Prachand
|-damage|p1a: Prachand|37/100
|-unboost|p1a: Prachand|spd|1
|-ability|p1a: Prachand|Stamina|boost
|-boost|p1a: Prachand|def|1
|move|p2a: Sneasler|Close Combat|p1a: Prachand
|-supereffective|p1a: Prachand|1
|-damage|p1a: Prachand|6/100
|-unboost|p2a: Sneasler|def|1
|-unboost|p2a: Sneasler|spd|1
|-ability|p1a: Prachand|Stamina|boost
|-boost|p1a: Prachand|def|1
|move|p1a: Prachand|Electro Shot||[still]
|-prepare|p1a: Prachand|Electro Shot
|-boost|p1a: Prachand|spa|1
|-anim|p1a: Prachand|Electro Shot|p2b: Gengar
|-crit|p2b: Gengar
|-damage|p2b: Gengar|34/100
|
|-weather|RainDance|[upkeep]
|-heal|p1a: Prachand|12/100|[from] item: Leftovers
|upkeep
|turn|6
|inactive|Mrpizzaofoz has 30 seconds left.
|inactive|Dipankar_tai-ahom has 30 seconds left.
|
|t:|1784991810
|move|p2b: Gengar|Protect|p2b: Gengar
|-singleturn|p2b: Gengar|Protect
|move|p1a: Prachand|Protect|p1a: Prachand
|-singleturn|p1a: Prachand|Protect
|move|p2a: Sneasler|Close Combat|p1a: Prachand
|-activate|p1a: Prachand|move: Protect
|move|p1b: Piku|Hurricane|p2a: Sneasler
|-supereffective|p2a: Sneasler|1
|-enditem|p2a: Sneasler|Focus Sash
|-damage|p2a: Sneasler|1/100
|-damage|p1b: Piku|90/100|[from] item: Life Orb
|
|-weather|RainDance|[upkeep]
|-heal|p1a: Prachand|18/100|[from] item: Leftovers
|upkeep
|turn|7
|inactive|Mrpizzaofoz has 30 seconds left.
|
|t:|1784991837
|move|p2a: Sneasler|Close Combat|p1a: Prachand
|-supereffective|p1a: Prachand|1
|-damage|p1a: Prachand|0 fnt
|-unboost|p2a: Sneasler|def|1
|-unboost|p2a: Sneasler|spd|1
|faint|p1a: Prachand
|move|p2b: Gengar|Shadow Ball|p1b: Piku
|-damage|p1b: Piku|38/100
|move|p1b: Piku|Weather Ball|p2b: Gengar
|-damage|p2b: Gengar|0 fnt
|faint|p2b: Gengar
|-damage|p1b: Piku|28/100|[from] item: Life Orb
|
|-weather|RainDance|[upkeep]
|upkeep
|
|t:|1784991853
|switch|p2b: Incineroar|Incineroar, L50, M|44/100
|switch|p1a: Shaitaan|Grimmsnarl, L50, M|59/100
|-ability|p2b: Incineroar|Intimidate|boost
|-unboost|p1a: Shaitaan|atk|1
|-unboost|p1b: Piku|atk|1
|turn|8
|
|t:|1784991869
|move|p2b: Incineroar|Fake Out|p1b: Piku
|-damage|p1b: Piku|16/100
|move|p2a: Sneasler|Dire Claw|p1a: Shaitaan
|-supereffective|p1a: Shaitaan|1
|-damage|p1a: Shaitaan|21/100
|move|p1a: Shaitaan|Spirit Break|p2a: Sneasler
|-damage|p2a: Sneasler|0 fnt
|faint|p2a: Sneasler
|cant|p1b: Piku|flinch
|
|-weather|RainDance|[upkeep]
|upkeep
|turn|9
|
|t:|1784991884
|move|p2b: Incineroar|Darkest Lariat|p1b: Piku
|-damage|p1b: Piku|0 fnt
|faint|p1b: Piku
|move|p1a: Shaitaan|Spirit Break|p2b: Incineroar
|-damage|p2b: Incineroar|29/100
|-unboost|p2b: Incineroar|spa|1
|
|-weather|none
|upkeep
|
|t:|1784991898
|switch|p1b: Dharmender|Swampert-Mega, L50, M|87/100
|turn|10
|
|t:|1784991903
|move|p1b: Dharmender|Wave Crash|p2b: Incineroar
|-supereffective|p2b: Incineroar|1
|-damage|p2b: Incineroar|0 fnt
|faint|p2b: Incineroar
|-damage|p1b: Dharmender|76/100|[from] Recoil
|
|win|Mrpizzaofoz
||Mrpizzaofoz is ready for game 2.
||Dipankar_tai-ahom is ready for game 2.
|uhtml|next|Next: Game 2 of 3
|l|☆Dipankar_tai-ahom
|player|p2|
