|j|☆robbie0301
|j|☆Miggle SoCal
|html|robbie0301Miggle SoCal    
|uhtml|bestof|Game 2 of a best-of-3
|t:|1785449106
|gametype|doubles
|player|p1|robbie0301|iono|
|player|p2|Miggle SoCal|lucas|
|gen|9
|tier|[Gen 9 Champions] VGC 2026 Reg M-B (Bo3)
|rule|Species Clause: Limit one of each Pokémon
|rule|Item Clause: Limit 1 of each item
|clearpoke
|poke|p1|Garchomp, L50, F|
|poke|p1|Tyranitar, L50, M|
|poke|p1|Corviknight, L50, F|
|poke|p1|Milotic, L50, F|
|poke|p1|Sinistcha, L50|
|poke|p1|Ceruledge, L50, M|
|poke|p2|Tyranitar, L50, M|
|poke|p2|Excadrill, L50, M|
|poke|p2|Milotic, L50, M|
|poke|p2|Sinistcha, L50|
|poke|p2|Staraptor, L50, F|
|poke|p2|Gholdengo, L50|
|teampreview|4
|showteam|p1|Garchomp||Garchompite|RoughSkin|EarthPower,DracoMeteor,PowerGem,Protect|Modest||F|||50|]Tyranitar||ChoiceScarf|SandStream|KnockOff,RockSlide,IcePunch,LowKick|Jolly||M|||50|]Corviknight||LifeOrb|MirrorArmor|BraveBird,IronHead,Tailwind,Protect|Jolly||F|||50|]Milotic||SitrusBerry|Competitive|Scald,IcyWind,Haze,Protect|Bold||F|||50|]Sinistcha||KasibBerry|Hospitality|MatchaGotcha,RagePowder,TrickRoom,Protect|Bold|||||50|]Ceruledge||ColburBerry|FlashFire|BitterBlade,ShadowSneak,BulkUp,Protect|Adamant||M|||50|
|showteam|p2|Tyranitar||Tyranitarite|SandStream|KnockOff,RockSlide,HighHorsepower,Protect|Jolly||M|||50|]Excadrill||FocusSash|SandRush|Earthquake,IronHead,RockSlide,Protect|Adamant||M|||50|]Milotic||SitrusBerry|Competitive|Scald,IcyWind,Haze,Protect|Calm||M|||50|]Sinistcha||ColburBerry|Hospitality|MatchaGotcha,ShadowBall,Protect,RagePowder|Bold|||||50|]Staraptor||Staraptite|Intimidate|CloseCombat,BraveBird,Tailwind,Protect|Jolly||F|||50|]Gholdengo||LifeOrb|GoodasGold|MakeItRain,ShadowBall,NastyPlot,Protect|Modest|||||50|
|j| pecheador24
|j| EmperorGambit
|l| EmperorGambit
|
|t:|1785449191
|teamsize|p1|4
|teamsize|p2|4
|start
|switch|p1a: Corviknight|Corviknight, L50, F|100/100
|switch|p1b: Garchomp|Garchomp, L50, F|100/100
|switch|p2a: Tyranitar|Tyranitar, L50, M|100/100
|switch|p2b: Excadrill|Excadrill, L50, M|100/100
|-weather|Sandstorm|[from] ability: Sand Stream|[of] p2a: Tyranitar
|turn|1
|j| EmperorGambit
|j| Fardeen X
|
|t:|1785449280
|detailschange|p1b: Garchomp|Garchomp-Mega, L50, F
|-mega|p1b: Garchomp|Garchomp|Garchompite
|move|p2b: Excadrill|Rock Slide|p1b: Garchomp|[spread] p1a,p1b
|-resisted|p1b: Garchomp|1
|-damage|p1a: Corviknight|79/100
|-damage|p1b: Garchomp|90/100
|cant|p1b: Garchomp|flinch
|move|p1a: Corviknight|Iron Head|p2a: Tyranitar
|-supereffective|p2a: Tyranitar|1
|-damage|p2a: Tyranitar|29/100
|-damage|p1a: Corviknight|69/100|[from] item: Life Orb
|move|p2a: Tyranitar|Knock Off|p1a: Corviknight
|-damage|p1a: Corviknight|24/100
|-enditem|p1a: Corviknight|Life Orb|[from] move: Knock Off|[of] p2a: Tyranitar
|
|-weather|Sandstorm|[upkeep]
|upkeep
|turn|2
|
|t:|1785449312
|move|p1a: Corviknight|Protect|p1a: Corviknight
|-singleturn|p1a: Corviknight|Protect
|move|p2a: Tyranitar|Protect|p2a: Tyranitar
|-singleturn|p2a: Tyranitar|Protect
|move|p2b: Excadrill|Earthquake|p1a: Corviknight|[spread] p1b
|-activate|p2a: Tyranitar|move: Protect
|-activate|p1a: Corviknight|move: Protect
|-damage|p1b: Garchomp|57/100
|move|p1b: Garchomp|Earth Power|p2b: Excadrill
|-supereffective|p2b: Excadrill|1
|-enditem|p2b: Excadrill|Focus Sash
|-damage|p2b: Excadrill|1/100
|
|-weather|Sandstorm|[upkeep]
|upkeep
|turn|3
|
|t:|1785449350
|switch|p1a: Sinistcha|Sinistcha, L50|100/100
|-heal|p1b: Garchomp|82/100|[from] ability: Hospitality|[of] p1a: Sinistcha
|switch|p2a: Staraptor|Staraptor, L50, F|100/100
|-ability|p2a: Staraptor|Intimidate|boost
|-unboost|p1a: Sinistcha|atk|1
|-unboost|p1b: Garchomp|atk|1
|move|p2b: Excadrill|Iron Head|p1b: Garchomp
|-damage|p1b: Garchomp|45/100
|move|p1b: Garchomp|Earth Power|p2a: Staraptor
|-immune|p2a: Staraptor
|
|-weather|Sandstorm|[upkeep]
|-damage|p2a: Staraptor|94/100|[from] Sandstorm
|-damage|p1a: Sinistcha|94/100|[from] Sandstorm
|upkeep
|turn|4
|
|t:|1785449370
|detailschange|p2a: Staraptor|Staraptor-Mega, L50, F
|-mega|p2a: Staraptor|Staraptor|Staraptite
|move|p1a: Sinistcha|Rage Powder|p1a: Sinistcha
|-singleturn|p1a: Sinistcha|move: Rage Powder
|move|p2b: Excadrill|Earthquake|p1a: Sinistcha|[spread] p1a,p1b
|-immune|p2a: Staraptor
|-resisted|p1a: Sinistcha|1
|-damage|p1a: Sinistcha|77/100
|-damage|p1b: Garchomp|10/100
|move|p2a: Staraptor|Brave Bird|p1a: Sinistcha
|-supereffective|p1a: Sinistcha|1
|-damage|p1a: Sinistcha|0 fnt
|faint|p1a: Sinistcha
|-damage|p2a: Staraptor|70/100|[from] Recoil
|move|p1b: Garchomp|Draco Meteor|p2a: Staraptor
|-damage|p2a: Staraptor|5/100
|-unboost|p1b: Garchomp|spa|2
|
|-weather|Sandstorm|[upkeep]
|-damage|p2a: Staraptor|0 fnt|[from] Sandstorm
|faint|p2a: Staraptor
|upkeep
|
|t:|1785449388
|switch|p2a: Milotic|Milotic, L50, M|100/100
|switch|p1a: Tyranitar|Tyranitar, L50, M|100/100
|turn|5
|
|t:|1785449406
|switch|p1b: Corviknight|Corviknight, L50, F|24/100
|move|p2b: Excadrill|Iron Head|p1a: Tyranitar
|-supereffective|p1a: Tyranitar|1
|-damage|p1a: Tyranitar|14/100
|move|p1a: Tyranitar|Rock Slide|p2b: Excadrill|[spread] p2a,p2b
|-resisted|p2b: Excadrill|2
|-damage|p2a: Milotic|73/100
|-damage|p2b: Excadrill|0 fnt
|faint|p2b: Excadrill
|move|p2a: Milotic|Scald|p1a: Tyranitar
|-supereffective|p1a: Tyranitar|1
|-damage|p1a: Tyranitar|0 fnt
|faint|p1a: Tyranitar
|
|-weather|none
|upkeep
|
|t:|1785449417
|switch|p2b: Tyranitar|Tyranitar, L50, M|29/100
|switch|p1a: Garchomp|Garchomp-Mega, L50, F|10/100
|-weather|Sandstorm|[from] ability: Sand Stream|[of] p2b: Tyranitar
|turn|6
|
|t:|1785449443
|move|p1a: Garchomp|Draco Meteor|p2a: Milotic
|-damage|p2a: Milotic|22/100
|-unboost|p1a: Garchomp|spa|2
|-enditem|p2a: Milotic|Sitrus Berry|[eat]
|-heal|p2a: Milotic|47/100|[from] item: Sitrus Berry
|move|p1b: Corviknight|Iron Head|p2a: Milotic
|-resisted|p2a: Milotic|1
|-damage|p2a: Milotic|32/100
|move|p2b: Tyranitar|Rock Slide|p1b: Corviknight|[spread] p1a,p1b
|-resisted|p1a: Garchomp|1
|-damage|p1a: Garchomp|0 fnt
|-damage|p1b: Corviknight|0 fnt
|faint|p1a: Garchomp
|faint|p1b: Corviknight
|
|win|Miggle SoCal
||robbie0301 is ready for game 3.
|inactive|Miggle SoCal has 30 seconds to confirm battle start!
||Miggle SoCal is ready for game 3.
|uhtml|next|Next: Game 3 of 3
|j| Kuronohwei
|j| celaerity
|l| celaerity
|l| EmperorGambit
|l| Kuronohwei
|l| pecheador24
|j| pecheador24
|l|☆robbie0301
|player|p1|
|l| pecheador24
