|j|☆s!dd_1
|j|☆Marvcolor
|html|s!dd_1Marvcolor    
|uhtml|bestof|Game 3 of a best-of-3
|t:|1784098269
|gametype|doubles
|player|p1|s!dd_1|flannery-gen6|1445
|player|p2|Marvcolor|giovanni|1314
|gen|9
|tier|[Gen 9 Champions] VGC 2026 Reg M-B (Bo3)
|rated|
|rule|Species Clause: Limit one of each Pokémon
|rule|Item Clause: Limit 1 of each item
|clearpoke
|poke|p1|Raichu, L50, F|
|poke|p1|Mamoswine, L50, M|
|poke|p1|Sinistcha, L50|
|poke|p1|Sylveon, L50, M|
|poke|p1|Arcanine-Hisui, L50, F|
|poke|p1|Hydreigon, L50, M|
|poke|p2|Gengar, L50, F, shiny|
|poke|p2|Politoed, L50, M, shiny|
|poke|p2|Archaludon, L50, F, shiny|
|poke|p2|Swampert, L50, M, shiny|
|poke|p2|Incineroar, L50, M, shiny|
|poke|p2|Vivillon, L50, F, shiny|
|teampreview|4
|showteam|p1|Raichu||RaichuniteY|LightningRod|ZapCannon,FocusBlast,FakeOut,Protect|Timid||F|||50|]Mamoswine||LifeOrb|Oblivious|IcicleCrash,IceShard,HighHorsepower,Protect|Adamant||M|||50|]Sinistcha||ColburBerry|Hospitality|MatchaGotcha,RagePowder,TrickRoom,Protect|Relaxed|||||50|]Sylveon||FairyFeather|Pixilate|HyperVoice,HyperBeam,CalmMind,Detect|Modest||M|||50|]Arcanine-Hisui||FocusSash|Intimidate|FlareBlitz,RockSlide,ExtremeSpeed,Protect|Adamant||F|||50|]Hydreigon||ChoiceScarf|Levitate|DracoMeteor,DarkPulse,EarthPower,Snarl|Modest||M|||50|
|showteam|p2|Gengar||Gengarite|CursedBody|ShadowBall,SludgeBomb,PerishSong,Protect|Modest||F|||50|]Politoed||SitrusBerry|Drizzle|WeatherBall,PerishSong,Encore,Protect|Calm||M|||50|]Archaludon||Leftovers|Stamina|ElectroShot,DragonPulse,FlashCannon,Protect|Bold||F|||50|]Swampert||Swampertite|Damp|WaveCrash,Earthquake,IcePunch,Protect|Adamant||M|||50|]Incineroar||PasshoBerry|Intimidate|ThroatChop,PartingShot,Protect,FakeOut|Sassy||M|||50|]Vivillon||FocusSash|CompoundEyes|Hurricane,SleepPowder,RagePowder,Protect|Timid||F|||50|
|inactive|Battle timer is ON: inactive players will automatically lose when time's up. (requested by Marvcolor)
|inactive|s!dd_1 also wants the timer to be on.
|inactive|Marvcolor has 60 seconds left.
|
|t:|1784098301
|teamsize|p1|4
|teamsize|p2|4
|start
|switch|p1a: Gipsy Danger|Raichu, L50, F|100/100
|switch|p1b: Matador|Mamoswine, L50, M|100/100
|switch|p2a: Mishra|Gengar, L50, F, shiny|100/100
|switch|p2b: Mankira|Incineroar, L50, M, shiny|100/100
|-ability|p2b: Mankira|Intimidate|boost
|-unboost|p1a: Gipsy Danger|atk|1
|-fail|p1b: Matador|unboost|Attack|[from] ability: Oblivious|[of] p1b: Matador
|turn|1
|inactive|Marvcolor has 30 seconds left.
|inactive|Marvcolor has 20 seconds left.
|
|t:|1784098337
|switch|p2b: Centralian|Archaludon, L50, F, shiny|100/100
|detailschange|p1a: Gipsy Danger|Raichu-Mega-Y, L50, F
|-mega|p1a: Gipsy Danger|Raichu|Raichunite Y
|detailschange|p2a: Mishra|Gengar-Mega, L50, F, shiny
|-mega|p2a: Mishra|Gengar|Gengarite
|move|p2a: Mishra|Protect|p2a: Mishra
|-singleturn|p2a: Mishra|Protect
|move|p1a: Gipsy Danger|Zap Cannon|p2b: Centralian
|-resisted|p2b: Centralian|1
|-damage|p2b: Centralian|68/100
|-status|p2b: Centralian|par
|-ability|p2b: Centralian|Stamina|boost
|-boost|p2b: Centralian|def|1
|move|p1b: Matador|Icicle Crash|p2b: Centralian
|-damage|p2b: Centralian|39/100 par
|-ability|p2b: Centralian|Stamina|boost
|-boost|p2b: Centralian|def|1
|-damage|p1b: Matador|90/100|[from] item: Life Orb
|
|-heal|p2b: Centralian|45/100 par|[from] item: Leftovers
|upkeep
|turn|2
|c|☆s!dd_1|expected a vivillon switch in
|
|t:|1784098362
|switch|p2a: Connect|Politoed, L50, M, shiny|100/100
|-weather|RainDance|[from] ability: Drizzle|[of] p2a: Connect
|move|p1a: Gipsy Danger|Focus Blast|p2b: Centralian
|-supereffective|p2b: Centralian|1
|-damage|p2b: Centralian|0 fnt
|faint|p2b: Centralian
|move|p1b: Matador|High Horsepower|p2a: Connect
|-damage|p2a: Connect|31/100
|-enditem|p2a: Connect|Sitrus Berry|[eat]
|-heal|p2a: Connect|56/100|[from] item: Sitrus Berry
|-damage|p1b: Matador|80/100|[from] item: Life Orb
|
|-weather|RainDance|[upkeep]
|upkeep
|
|t:|1784098369
|switch|p2b: Mankira|Incineroar, L50, M, shiny|100/100
|-ability|p2b: Mankira|Intimidate|boost
|-unboost|p1a: Gipsy Danger|atk|1
|-fail|p1b: Matador|unboost|Attack|[from] ability: Oblivious|[of] p1b: Matador
|turn|3
|
|t:|1784098376
|switch|p2b: Mishra|Gengar-Mega, L50, F, shiny|100/100
|move|p1a: Gipsy Danger|Protect|p1a: Gipsy Danger
|-singleturn|p1a: Gipsy Danger|Protect
|move|p1b: Matador|Protect|p1b: Matador
|-singleturn|p1b: Matador|Protect
|move|p2a: Connect|Perish Song|p2a: Connect
|-start|p1a: Gipsy Danger|perish3|[silent]
|-start|p1b: Matador|perish3|[silent]
|-start|p2a: Connect|perish3|[silent]
|-start|p2b: Mishra|perish3|[silent]
|-fieldactivate|move: Perish Song
|
|-weather|RainDance|[upkeep]
|-start|p1a: Gipsy Danger|perish3
|-start|p2b: Mishra|perish3
|-start|p1b: Matador|perish3
|-start|p2a: Connect|perish3
|upkeep
|turn|4
|
|t:|1784098400
|move|p2b: Mishra|Protect|p2b: Mishra
|-singleturn|p2b: Mishra|Protect
|move|p2a: Connect|Protect|p2a: Connect
|-singleturn|p2a: Connect|Protect
|move|p1a: Gipsy Danger|Zap Cannon|p2a: Connect
|-activate|p2a: Connect|move: Protect
|move|p1b: Matador|High Horsepower|p2b: Mishra
|-activate|p2b: Mishra|move: Protect
|
|-weather|RainDance|[upkeep]
|-start|p1a: Gipsy Danger|perish2
|-start|p2b: Mishra|perish2
|-start|p1b: Matador|perish2
|-start|p2a: Connect|perish2
|upkeep
|turn|5
|
|t:|1784098423
|switch|p2b: Mankira|Incineroar, L50, M, shiny|100/100
|-ability|p2b: Mankira|Intimidate|boost
|-unboost|p1a: Gipsy Danger|atk|1
|-fail|p1b: Matador|unboost|Attack|[from] ability: Oblivious|[of] p1b: Matador
|move|p1a: Gipsy Danger|Zap Cannon|p2a: Connect
|-supereffective|p2a: Connect|1
|-damage|p2a: Connect|0 fnt
|faint|p2a: Connect
|move|p1b: Matador|High Horsepower|p2b: Mankira
|-supereffective|p2b: Mankira|1
|-damage|p2b: Mankira|0 fnt
|faint|p2b: Mankira
|-damage|p1b: Matador|71/100|[from] item: Life Orb
|
|-weather|RainDance|[upkeep]
|-start|p1a: Gipsy Danger|perish1
|-start|p1b: Matador|perish1
|upkeep
|
|t:|1784098432
|switch|p2b: Mishra|Gengar-Mega, L50, F, shiny|100/100
|turn|6
|
|t:|1784098437
|move|p2b: Mishra|Protect|p2b: Mishra
|-singleturn|p2b: Mishra|Protect
|move|p1a: Gipsy Danger|Zap Cannon|p2b: Mishra
|-activate|p2b: Mishra|move: Protect
|move|p1b: Matador|High Horsepower|p2b: Mishra
|-activate|p2b: Mishra|move: Protect
|
|-weather|none
|-start|p1a: Gipsy Danger|perish0
|-start|p1b: Matador|perish0
|faint|p1a: Gipsy Danger
|faint|p1b: Matador
|upkeep
|
|t:|1784098439
|switch|p1a: Shaolin|Sinistcha, L50|100/100
|switch|p1b: Vulcan|Sylveon, L50, M|100/100
|turn|7
|
|t:|1784098453
|move|p1a: Shaolin|Protect|p1a: Shaolin
|-singleturn|p1a: Shaolin|Protect
|move|p2b: Mishra|Shadow Ball|p1a: Shaolin
|-activate|p1a: Shaolin|move: Protect
|move|p1b: Vulcan|Hyper Voice|p2b: Mishra
|-resisted|p2b: Mishra|1
|-damage|p2b: Mishra|70/100
|
|upkeep
|turn|8
|
|t:|1784098467
|move|p2b: Mishra|Sludge Bomb|p1b: Vulcan
|-supereffective|p1b: Vulcan|1
|-crit|p1b: Vulcan
|-damage|p1b: Vulcan|0 fnt
|faint|p1b: Vulcan
|move|p1a: Shaolin|Trick Room|p1a: Shaolin
|-fieldstart|move: Trick Room|[of] p1a: Shaolin
|
|upkeep
|turn|9
|
|t:|1784098473
|move|p1a: Shaolin|Matcha Gotcha|p2b: Mishra
|-resisted|p2b: Mishra|1
|-damage|p2b: Mishra|56/100
|move|p2b: Mishra|Shadow Ball|p1a: Shaolin
|-supereffective|p1a: Shaolin|1
|-damage|p1a: Shaolin|4/100
|
|upkeep
|turn|10
|
|t:|1784098481
|move|p1a: Shaolin|Matcha Gotcha|p2b: Mishra
|-resisted|p2b: Mishra|1
|-damage|p2b: Mishra|40/100
|-heal|p1a: Shaolin|12/100|[from] drain|[of] p2b: Mishra
|move|p2b: Mishra|Shadow Ball|p1a: Shaolin
|-supereffective|p1a: Shaolin|1
|-damage|p1a: Shaolin|0 fnt
|faint|p1a: Shaolin
|
|win|Marvcolor
|raw|s!dd_1's rating: 1445 → 1418(-27 for losing)
|raw|Marvcolor's rating: 1314 → 1341(+27 for winning)
|l|☆s!dd_1
|player|p1|
|j|☆s!dd_1
|player|p1|s!dd_1|flannery-gen6|
|l|☆s!dd_1
|player|p1|
