|j|☆Mclovingods
|j|☆Lemmy
|html|MclovingodsLemmy    
|uhtml|bestof|Game 2 of a best-of-3
|t:|1782675449
|gametype|doubles
|player|p1|Mclovingods|266|1196
|player|p2|Lemmy|cilan|1184
|gen|9
|tier|[Gen 9 Champions] VGC 2026 Reg M-B (Bo3)
|rated|
|rule|Species Clause: Limit one of each Pokémon
|rule|Item Clause: Limit 1 of each item
|clearpoke
|poke|p1|Delphox, L50, F|
|poke|p1|Basculegion, L50, M|
|poke|p1|Sinistcha, L50|
|poke|p1|Incineroar, L50, F|
|poke|p1|Garchomp, L50, M|
|poke|p1|Staraptor, L50, M|
|poke|p2|Staraptor, L50, M|
|poke|p2|Grimmsnarl, L50, M|
|poke|p2|Ninetales-Alola, L50, M|
|poke|p2|Garchomp, L50, F|
|poke|p2|Delphox, L50, M|
|poke|p2|Whimsicott, L50, F|
|teampreview|4
|showteam|p1|Delphox||Delphoxite|Blaze|NastyPlot,HeatWave,Psychic,Protect|Timid||F|||50|]Basculegion||MysticWater|Adaptability|WaveCrash,AquaJet,LastRespects,Protect|Jolly||M|||50|]Sinistcha||CobaBerry|Hospitality|MatchaGotcha,RagePowder,LifeDew,TrickRoom|Calm|||||50|]Incineroar||SitrusBerry|Intimidate|FakeOut,PartingShot,FlareBlitz,DarkestLariat|Careful||F|||50|]Garchomp||LifeOrb|RoughSkin|Earthquake,DragonClaw,RockSlide,Protect|Jolly||M|||50|]Staraptor||Staraptite|Intimidate|CloseCombat,BraveBird,Protect,Roost|Jolly||M|||50|
|showteam|p2|Staraptor||Staraptite|Intimidate|CloseCombat,Roost,Protect,BraveBird|Jolly||M|||50|]Grimmsnarl||LightClay|Prankster|LightScreen,Reflect,PartingShot,SpiritBreak|Careful||M|||50|]Ninetales-Alola||LifeOrb|SnowWarning|Blizzard,FreezeDry,Encore,Protect|Timid||M|||50|]Garchomp||ChoiceScarf|RoughSkin|Earthquake,IronHead,RockSlide,DragonClaw|Jolly||F|||50|]Delphox||Delphoxite|Blaze|HeatWave,Substitute,Psychic,Protect|Timid||M|||50|]Whimsicott||FocusSash|Prankster|Moonblast,Tailwind,Encore,Charm|Bold||F|||50|
|
|t:|1782675486
|teamsize|p1|4
|teamsize|p2|4
|start
|switch|p1a: Delphox|Delphox, L50, F|100/100
|switch|p1b: Sinistcha|Sinistcha, L50|100/100
|switch|p2a: Staraptor|Staraptor, L50, M|100/100
|switch|p2b: Grimmsnarl|Grimmsnarl, L50, M|100/100
|-ability|p2a: Staraptor|Intimidate|boost
|-unboost|p1a: Delphox|atk|1
|-unboost|p1b: Sinistcha|atk|1
|turn|1
|
|t:|1782675504
|detailschange|p1a: Delphox|Delphox-Mega, L50, F
|-mega|p1a: Delphox|Delphox|Delphoxite
|detailschange|p2a: Staraptor|Staraptor-Mega, L50, M
|-mega|p2a: Staraptor|Staraptor|Staraptite
|move|p2a: Staraptor|Protect|p2a: Staraptor
|-singleturn|p2a: Staraptor|Protect
|move|p1b: Sinistcha|Rage Powder|p1b: Sinistcha
|-singleturn|p1b: Sinistcha|move: Rage Powder
|move|p2b: Grimmsnarl|Light Screen|p2b: Grimmsnarl
|-sidestart|p2: Lemmy|move: Light Screen
|move|p1a: Delphox|Nasty Plot|p1a: Delphox
|-boost|p1a: Delphox|spa|2
|
|upkeep
|turn|2
|
|t:|1782675520
|switch|p2a: Garchomp|Garchomp, L50, F|100/100
|move|p1b: Sinistcha|Rage Powder|p1b: Sinistcha
|-singleturn|p1b: Sinistcha|move: Rage Powder
|move|p1a: Delphox|Psychic|p2a: Garchomp
|-damage|p2a: Garchomp|20/100y
|move|p2b: Grimmsnarl|Spirit Break|p1b: Sinistcha
|-damage|p1b: Sinistcha|72/100
|-unboost|p1b: Sinistcha|spa|1
|
|upkeep
|turn|3
|
|t:|1782675530
|move|p1b: Sinistcha|Rage Powder|p1b: Sinistcha
|-singleturn|p1b: Sinistcha|move: Rage Powder
|move|p2a: Garchomp|Rock Slide|p1b: Sinistcha|[spread] p1a,p1b
|-supereffective|p1a: Delphox|1
|-damage|p1a: Delphox|43/100
|-damage|p1b: Sinistcha|54/100
|move|p1a: Delphox|Heat Wave|p2a: Garchomp|[spread] p2a,p2b
|-resisted|p2a: Garchomp|1
|-damage|p2a: Garchomp|0 fnt
|-damage|p2b: Grimmsnarl|46/100
|faint|p2a: Garchomp
|move|p2b: Grimmsnarl|Spirit Break|p1b: Sinistcha
|-damage|p1b: Sinistcha|25/100
|-unboost|p1b: Sinistcha|spa|1
|
|upkeep
|
|t:|1782675540
|switch|p2a: Ninetales|Ninetales-Alola, L50, M|100/100
|-weather|Snowscape|[from] ability: Snow Warning|[of] p2a: Ninetales
|turn|4
|
|t:|1782675545
|move|p1a: Delphox|Protect|p1a: Delphox
|-singleturn|p1a: Delphox|Protect
|move|p2a: Ninetales|Blizzard|p1b: Sinistcha|[spread] p1b
|-activate|p1a: Delphox|move: Protect
|-supereffective|p1b: Sinistcha|1
|-damage|p1b: Sinistcha|0 fnt
|faint|p1b: Sinistcha
|-damage|p2a: Ninetales|90/100|[from] item: Life Orb
|move|p2b: Grimmsnarl|Spirit Break|p1a: Delphox
|-activate|p1a: Delphox|move: Protect
|
|-weather|Snowscape|[upkeep]
|upkeep
|
|t:|1782675551
|switch|p1b: Incineroar|Incineroar, L50, F|100/100
|-ability|p1b: Incineroar|Intimidate|boost
|-unboost|p2a: Ninetales|atk|1
|-unboost|p2b: Grimmsnarl|atk|1
|turn|5
|
|t:|1782675558
|move|p2a: Ninetales|Protect|p2a: Ninetales
|-singleturn|p2a: Ninetales|Protect
|move|p1b: Incineroar|Fake Out|p2b: Grimmsnarl
|-damage|p2b: Grimmsnarl|35/100
|cant|p2b: Grimmsnarl|flinch
|move|p1a: Delphox|Heat Wave|p2b: Grimmsnarl|[spread] 
|-activate|p2a: Ninetales|move: Protect
|-miss|p1a: Delphox|p2b: Grimmsnarl
|
|-weather|Snowscape|[upkeep]
|upkeep
|turn|6
|
|t:|1782675575
|move|p1a: Delphox|Heat Wave|p2a: Ninetales|[spread] p2a,p2b
|-supereffective|p2a: Ninetales|1
|-crit|p2a: Ninetales
|-damage|p2a: Ninetales|0 fnt
|-damage|p2b: Grimmsnarl|0 fnt
|faint|p2a: Ninetales
|faint|p2b: Grimmsnarl
|move|p1b: Incineroar|Flare Blitz|p2: Ninetales|[notarget]
|-fail|p1b: Incineroar
|
|-weather|Snowscape|[upkeep]
|upkeep
|
|t:|1782675582
|switch|p2b: Staraptor|Staraptor-Mega, L50, M|100/100
|turn|7
|
|t:|1782675585
|move|p1a: Delphox|Psychic|p2b: Staraptor
|-supereffective|p2b: Staraptor|1
|-damage|p2b: Staraptor|0 fnt
|faint|p2b: Staraptor
|
|win|Mclovingods
|raw|Mclovingods's rating: 1196 → 1220(+24 for winning)
|raw|Lemmy's rating: 1184 → 1160(-24 for losing)
|l|☆Lemmy
|player|p2|
|c|☆Mclovingods|gg
