|j|☆Hemz0 0
|j|☆nicven
|html|Hemz0 0nicven    
|uhtml|bestof|Game 1 of a best-of-3
|t:|1756366770
|gametype|doubles
|player|p1|Hemz0 0|depotagent|1325
|player|p2|nicven|101|1467
|gen|9
|tier|[Gen 9] VGC 2025 Reg H (Bo3)
|rated|
|rule|Species Clause: Limit one of each Pokémon
|rule|Item Clause: Limit 1 of each item
|clearpoke
|poke|p1|Incineroar, L50, F|
|poke|p1|Ursaluna, L50, M|
|poke|p1|Pelipper, L50, M|
|poke|p1|Sinistcha, L50|
|poke|p1|Archaludon, L50, F|
|poke|p1|Dragonite, L50, M|
|poke|p2|Sneasler, L50, F|
|poke|p2|Dragonite, L50, M|
|poke|p2|Rillaboom, L50, F|
|poke|p2|Basculegion, L50, M|
|poke|p2|Volcarona, L50, F|
|poke|p2|Kingambit, L50, M|
|teampreview|4
|showteam|p1|Incineroar||SafetyGoggles|Intimidate|FlareBlitz,KnockOff,FakeOut,PartingShot|||F|||50|,,,,,Ghost]Ursaluna||FlameOrb|Guts|Protect,Facade,HeadlongRush,Earthquake|||M|||50|,,,,,Ghost]Pelipper||FocusSash|Drizzle|Protect,MuddyWater,Hurricane,WideGuard|||M|||50|,,,,,Stellar]Sinistcha||SitrusBerry|Hospitality|GigaDrain,LifeDew,RagePowder,TrickRoom||||||50|,,,,,Dark]Archaludon||AssaultVest|Stamina|FlashCannon,BodyPress,ElectroShot,DragonPulse|||F|||50|,,,,,Grass]Dragonite||LoadedDice|Multiscale|Protect,ScaleShot,Tailwind,Haze|||M|||50|,,,,,Steel
|showteam|p2|Sneasler||FocusSash|Unburden|CloseCombat,DireClaw,Coaching,Protect|||F|||50|,,,,,Ghost]Dragonite||LoadedDice|Multiscale|ScaleShot,ExtremeSpeed,Haze,Protect|||M|||50|,,,,,Fairy]Rillaboom||MiracleSeed|GrassySurge|WoodHammer,GrassyGlide,Taunt,FakeOut|||F|||50|,,,,,Fire]Basculegion||ChoiceScarf|Adaptability|WaveCrash,FlipTurn,LastRespects,TeraBlast|||M|||50|,,,,,Fighting]Volcarona||CovertCloak|FlameBody|HeatWave,TeraBlast,QuiverDance,Protect|||F|||50|,,,,,Fairy]Kingambit||AssaultVest|Defiant|KowtowCleave,SuckerPunch,IronHead,LowKick|||M|||50|,,,,,Flying
|
|t:|1756366845
|teamsize|p1|4
|teamsize|p2|4
|start
|switch|p1a: Archaludon|Archaludon, L50, F|100/100
|switch|p1b: Dragonite|Dragonite, L50, M|100/100
|switch|p2a: Sneasler|Sneasler, L50, F|100/100
|switch|p2b: Basculegion|Basculegion, L50, M|100/100
|turn|1
|
|t:|1756366895
|switch|p1a: Sinistcha|Sinistcha, L50|100/100
|-terastallize|p2b: Basculegion|Fighting
|move|p2b: Basculegion|Tera Blast|p1a: Sinistcha|[anim] Tera Blast Fighting
|-immune|p1a: Sinistcha
|move|p2a: Sneasler|Dire Claw|p1a: Sinistcha
|-damage|p1a: Sinistcha|66/100
|-status|p1a: Sinistcha|slp
|move|p1b: Dragonite|Scale Shot|p2a: Sneasler
|-damage|p2a: Sneasler|75/100
|-damage|p2a: Sneasler|49/100
|-damage|p2a: Sneasler|22/100
|-damage|p2a: Sneasler|0 fnt
|faint|p2a: Sneasler
|-hitcount|p2: Sneasler|4
|-unboost|p1b: Dragonite|def|1
|-boost|p1b: Dragonite|spe|1
|
|upkeep
|
|t:|1756366911
|switch|p2a: Kingambit|Kingambit, L50, M|100/100
|turn|2
|
|t:|1756366958
|switch|p1a: Pelipper|Pelipper, L50, M|100/100
|-weather|RainDance|[from] ability: Drizzle|[of] p1a: Pelipper
|move|p2b: Basculegion|Tera Blast|p1b: Dragonite|[anim] Tera Blast Fighting
|-resisted|p1b: Dragonite
|-damage|p1b: Dragonite|78/100
|move|p1b: Dragonite|Scale Shot|p2b: Basculegion
|-damage|p2b: Basculegion|82/100
|-damage|p2b: Basculegion|62/100
|-damage|p2b: Basculegion|43/100
|-damage|p2b: Basculegion|22/100
|-damage|p2b: Basculegion|3/100
|-hitcount|p2b: Basculegion|5
|-unboost|p1b: Dragonite|def|1
|-boost|p1b: Dragonite|spe|1
|move|p2a: Kingambit|Iron Head|p1b: Dragonite
|-damage|p1b: Dragonite|0 fnt
|faint|p1b: Dragonite
|
|-weather|RainDance|[upkeep]
|upkeep
|
|t:|1756366983
|switch|p1b: Archaludon|Archaludon, L50, F|100/100
|turn|3
|
|t:|1756367016
|switch|p2b: Dragonite|Dragonite, L50, M|100/100
|switch|p1b: Sinistcha|Sinistcha, L50|66/100 slp
|move|p1a: Pelipper|Muddy Water|p2a: Kingambit|[spread] p2a,p2b
|-resisted|p2b: Dragonite
|-damage|p2a: Kingambit|69/100
|-damage|p2b: Dragonite|88/100
|move|p2a: Kingambit|Kowtow Cleave|p1a: Pelipper
|-damage|p1a: Pelipper|40/100
|
|-weather|RainDance|[upkeep]
|upkeep
|turn|4
|
|t:|1756367077
|switch|p1a: Archaludon|Archaludon, L50, F|100/100
|-terastallize|p1b: Sinistcha|Dark
|move|p2b: Dragonite|Scale Shot|p1b: Sinistcha
|-damage|p1b: Sinistcha|53/100 slp
|-damage|p1b: Sinistcha|39/100 slp
|-enditem|p1b: Sinistcha|Sitrus Berry|[eat]
|-heal|p1b: Sinistcha|64/100 slp|[from] item: Sitrus Berry
|-damage|p1b: Sinistcha|50/100 slp
|-damage|p1b: Sinistcha|36/100 slp
|-hitcount|p1b: Sinistcha|4
|-unboost|p2b: Dragonite|def|1
|-boost|p2b: Dragonite|spe|1
|move|p2a: Kingambit|Kowtow Cleave|p1b: Sinistcha
|-resisted|p1b: Sinistcha
|-damage|p1b: Sinistcha|16/100 slp
|cant|p1b: Sinistcha|slp
|
|-weather|RainDance|[upkeep]
|upkeep
|turn|5
|
|t:|1756367129
|switch|p1b: Pelipper|Pelipper, L50, M|40/100
|move|p2b: Dragonite|Scale Shot|p1b: Pelipper|[miss]
|-miss|p2b: Dragonite|p1b: Pelipper
|move|p1a: Archaludon|Dragon Pulse|p2b: Dragonite
|-supereffective|p2b: Dragonite
|-damage|p2b: Dragonite|0 fnt
|faint|p2b: Dragonite
|move|p2a: Kingambit|Low Kick|p1a: Archaludon
|-supereffective|p1a: Archaludon
|-crit|p1a: Archaludon
|-damage|p1a: Archaludon|30/100
|-ability|p1a: Archaludon|Stamina|boost
|-boost|p1a: Archaludon|def|1
|
|-weather|RainDance|[upkeep]
|upkeep
|
|t:|1756367140
|switch|p2b: Basculegion|Basculegion, L50, M, tera:Fighting|3/100
|turn|6
|
|t:|1756367161
|switch|p1b: Sinistcha|Sinistcha, L50, tera:Dark|16/100 slp
|-heal|p1a: Archaludon|55/100|[from] ability: Hospitality|[of] p1b: Sinistcha
|move|p2a: Kingambit|Sucker Punch||[still]
|-fail|p2a: Kingambit
|move|p2b: Basculegion|Tera Blast|p1a: Archaludon|[anim] Tera Blast Fighting
|-supereffective|p1a: Archaludon
|-damage|p1a: Archaludon|9/100
|-ability|p1a: Archaludon|Stamina|boost
|-boost|p1a: Archaludon|def|1
|move|p1a: Archaludon|Body Press|p2a: Kingambit
|-supereffective|p2a: Kingambit
|-damage|p2a: Kingambit|0 fnt
|faint|p2a: Kingambit
|
|-weather|none
|upkeep
|turn|7
|
|t:|1756367180
|move|p2b: Basculegion|Tera Blast|p1a: Archaludon|[anim] Tera Blast Fighting
|-supereffective|p1a: Archaludon
|-damage|p1a: Archaludon|0 fnt
|faint|p1a: Archaludon
|cant|p1b: Sinistcha|slp
|
|upkeep
|
|t:|1756367183
|switch|p1a: Pelipper|Pelipper, L50, M|40/100
|-weather|RainDance|[from] ability: Drizzle|[of] p1a: Pelipper
|turn|8
|
|t:|1756367194
|move|p2b: Basculegion|Tera Blast|p1a: Pelipper|[anim] Tera Blast Fighting
|-resisted|p1a: Pelipper
|-damage|p1a: Pelipper|4/100
|move|p1a: Pelipper|Hurricane|p2b: Basculegion
|-supereffective|p2b: Basculegion
|-damage|p2b: Basculegion|0 fnt
|faint|p2b: Basculegion
|
|win|Hemz0 0
||nicven is ready for game 2.
|inactive|Hemz0 0 has 30 seconds to confirm battle start!
|inactive|Hemz0 0 has 20 seconds to confirm battle start!
|inactive|Hemz0 0 has 10 seconds to confirm battle start!
||Hemz0 0 is ready for game 2.
|uhtml|next|Next: Game 2 of 3
