|j|☆malaninja
|j|☆sweetlysunny
|html|malaninjasweetlysunny    
|uhtml|bestof|Game 2 of a best-of-3
|t:|1783294769
|gametype|doubles
|player|p1|malaninja|266|1000
|player|p2|sweetlysunny|serena|1059
|gen|9
|tier|[Gen 9 Champions] VGC 2026 Reg M-B (Bo3)
|rated|
|rule|Species Clause: Limit one of each Pokémon
|rule|Item Clause: Limit 1 of each item
|clearpoke
|poke|p1|Mawile, L50, F|
|poke|p1|Farigiraf, L50, M|
|poke|p1|Archaludon, L50, F|
|poke|p1|Torkoal, L50, M|
|poke|p1|Scrafty, L50, F|
|poke|p1|Sinistcha, L50|
|poke|p2|Torkoal, L50, F|
|poke|p2|Pyroar, L50, M|
|poke|p2|Vileplume, L50, F|
|poke|p2|Scrafty, L50, F|
|poke|p2|Farigiraf, L50, F|
|poke|p2|Sylveon, L50, M|
|teampreview|4
|showteam|p1|Mawile||Mawilite|Intimidate|KnockOff,PlayRough,Protect,IronHead|Brave||F|||50|]Farigiraf||ColburBerry|ArmorTail|TrickRoom,TwinBeam,Protect,RainDance|Quiet||M|||50|]Archaludon||BrightPowder|Stamina|ElectroShot,DragonPulse,FlashCannon,AuraSphere|Quiet||F|||50|]Torkoal||Charcoal|Drought|HeatWave,Eruption,Protect,EarthPower|Quiet||M|||50|]Scrafty||Scraftinite|Intimidate|CloseCombat,FakeOut,Protect,KnockOff|Adamant||F|||50|]Sinistcha||Leftovers|Hospitality|MatchaGotcha,TrickRoom,RagePowder,Scald|Quiet|||||50|
|showteam|p2|Torkoal||Charcoal|Drought|HeatWave,Eruption,HelpingHand,Protect|Quiet||F|||50|]Pyroar||Pyroarite|Unnerve|HeatWave,Overheat,ScorchingSands,Protect|Timid||M|||50|]Vileplume||FocusSash|Chlorophyll|EnergyBall,SludgeBomb,SleepPowder,AfterYou|Timid||F|||50|]Scrafty||Scraftinite|Intimidate|FakeOut,CloseCombat,PoisonJab,KnockOff|Brave||F|||50|]Farigiraf||SitrusBerry|ArmorTail|HyperVoice,Psychic,HelpingHand,TrickRoom|Bold||F|||50|]Sylveon||FairyFeather|Pixilate|HyperVoice,HyperBeam,QuickAttack,Protect|Quiet||M|||50|
|inactive|Battle timer is ON: inactive players will automatically lose when time's up. (requested by sweetlysunny)
|inactive|malaninja has 60 seconds left.
|inactive|malaninja has 30 seconds left.
|
|t:|1783294834
|teamsize|p1|4
|teamsize|p2|4
|start
|switch|p1a: Farigiraf|Farigiraf, L50, M|100/100
|switch|p1b: Sinistcha|Sinistcha, L50|100/100
|switch|p2a: Farigiraf|Farigiraf, L50, F|100/100
|switch|p2b: Scrafty|Scrafty, L50, F|100/100
|-ability|p2b: Scrafty|Intimidate|boost
|-unboost|p1a: Farigiraf|atk|1
|-unboost|p1b: Sinistcha|atk|1
|turn|1
|inactive|sweetlysunny has 30 seconds left.
|
|t:|1783294867
|switch|p1b: Scrafty|Scrafty, L50, F|100/100
|-ability|p1b: Scrafty|Intimidate|boost
|-unboost|p2a: Farigiraf|atk|1
|-unboost|p2b: Scrafty|atk|1
|detailschange|p2b: Scrafty|Scrafty-Mega, L50, F
|-mega|p2b: Scrafty|Scrafty|Scraftinite
|-ability|p2b: Scrafty|Intimidate|boost
|-unboost|p1a: Farigiraf|atk|1
|-unboost|p1b: Scrafty|atk|1
|move|p2a: Farigiraf|Helping Hand|p2b: Scrafty
|-singleturn|p2b: Scrafty|Helping Hand|[of] p2a: Farigiraf
|move|p2b: Scrafty|Knock Off|p1a: Farigiraf
|-supereffective|p1a: Farigiraf|1
|-enditem|p1a: Farigiraf|Colbur Berry|[eat]
|-enditem|p1a: Farigiraf|Colbur Berry|[weaken]
|-damage|p1a: Farigiraf|46/100
|move|p1a: Farigiraf|Twin Beam|p2b: Scrafty
|-immune|p2b: Scrafty
|
|upkeep
|turn|2
|c|☆malaninja|im an idiot
|inactive|malaninja has 30 seconds left.
|inactive|malaninja has 20 seconds left.
|inactive|malaninja has 15 seconds left.
|inactive|malaninja has 10 seconds left.
|inactive|malaninja has 5 seconds left.
|
|t:|1783294917
|switch|p1a: Torkoal|Torkoal, L50, M|100/100
|-weather|SunnyDay|[from] ability: Drought|[of] p1a: Torkoal
|detailschange|p1b: Scrafty|Scrafty-Mega, L50, F
|-mega|p1b: Scrafty|Scrafty|Scraftinite
|-ability|p1b: Scrafty|Intimidate|boost
|-unboost|p2a: Farigiraf|atk|1
|-unboost|p2b: Scrafty|atk|1
|move|p1b: Scrafty|Knock Off|p2a: Farigiraf
|-supereffective|p2a: Farigiraf|1
|-damage|p2a: Farigiraf|41/100
|-enditem|p2a: Farigiraf|Sitrus Berry|[from] move: Knock Off|[of] p1b: Scrafty
|move|p2b: Scrafty|Knock Off|p1a: Torkoal
|-damage|p1a: Torkoal|77/100
|-enditem|p1a: Torkoal|Charcoal|[from] move: Knock Off|[of] p2b: Scrafty
|move|p2a: Farigiraf|Trick Room|p2a: Farigiraf
|-fieldstart|move: Trick Room|[of] p2a: Farigiraf
|
|-weather|SunnyDay|[upkeep]
|upkeep
|turn|3
|
|t:|1783294941
|move|p1a: Torkoal|Heat Wave|p2b: Scrafty|[spread] p2a,p2b
|-crit|p2b: Scrafty
|-damage|p2a: Farigiraf|0 fnt
|-damage|p2b: Scrafty|45/100
|faint|p2a: Farigiraf
|move|p2b: Scrafty|Close Combat|p1b: Scrafty
|-supereffective|p1b: Scrafty|1
|-crit|p1b: Scrafty
|-damage|p1b: Scrafty|0 fnt
|-unboost|p2b: Scrafty|def|1
|-unboost|p2b: Scrafty|spd|1
|faint|p1b: Scrafty
|
|-weather|SunnyDay|[upkeep]
|upkeep
|
|t:|1783294952
|switch|p2a: Torkoal|Torkoal, L50, F|100/100
|switch|p1b: Sinistcha|Sinistcha, L50|100/100
|-heal|p1a: Torkoal|100/100|[from] ability: Hospitality|[of] p1b: Sinistcha
|turn|4
|
|t:|1783294974
|move|p2a: Torkoal|Eruption|p1a: Torkoal|[spread] p1a,p1b
|-resisted|p1a: Torkoal|1
|-supereffective|p1b: Sinistcha|1
|-damage|p1a: Torkoal|46/100
|-damage|p1b: Sinistcha|0 fnt
|faint|p1b: Sinistcha
|move|p1a: Torkoal|Earth Power|p2a: Torkoal
|-supereffective|p2a: Torkoal|1
|-damage|p2a: Torkoal|36/100
|move|p2b: Scrafty|Poison Jab|p1a: Torkoal
|-damage|p1a: Torkoal|33/100
|-status|p1a: Torkoal|psn
|
|-weather|SunnyDay|[upkeep]
|-damage|p1a: Torkoal|20/100y psn|[from] psn
|upkeep
|
|t:|1783294987
|switch|p1b: Farigiraf|Farigiraf, L50, M|46/100
|turn|5
|
|t:|1783294995
|move|p2a: Torkoal|Heat Wave|p1b: Farigiraf|[spread] p1a
|-miss|p2a: Torkoal|p1b: Farigiraf
|-resisted|p1a: Torkoal|1
|-damage|p1a: Torkoal|0 fnt
|faint|p1a: Torkoal
|move|p1b: Farigiraf|Twin Beam|p2a: Torkoal
|-damage|p2a: Torkoal|11/100
|-damage|p2a: Torkoal|0 fnt
|faint|p2a: Torkoal
|-hitcount|p2: Torkoal|2
|move|p2b: Scrafty|Poison Jab|p1b: Farigiraf
|-damage|p1b: Farigiraf|32/100
|
|-weather|SunnyDay|[upkeep]
|upkeep
|
|t:|1783295007
|switch|p2a: Pyroar|Pyroar, L50, M|100/100
|-ability|p2a: Pyroar|Unnerve
|turn|6
|c|☆malaninja|gg
|c|☆sweetlysunny|gg
|
|t:|1783295014
|move|p2a: Pyroar|Protect|p2a: Pyroar
|-singleturn|p2a: Pyroar|Protect
|move|p1b: Farigiraf|Rain Dance|p1b: Farigiraf
|-weather|RainDance
|move|p2b: Scrafty|Knock Off|p1b: Farigiraf
|-supereffective|p1b: Farigiraf|1
|-damage|p1b: Farigiraf|0 fnt
|faint|p1b: Farigiraf
|
|win|sweetlysunny
|raw|malaninja's rating: 1000 → 1000(+0 for losing)
|raw|sweetlysunny's rating: 1059 → 1085(+26 for winning)
