|j|☆222salad
|j|☆strifesada
|html|222saladstrifesada    
|uhtml|bestof|Game 1 of a best-of-3
|t:|1783984618
|gametype|doubles
|player|p1|222salad|guitarist|1239
|player|p2|strifesada|piers|1182
|gen|9
|tier|[Gen 9 Champions] VGC 2026 Reg M-B (Bo3)
|rated|
|rule|Species Clause: Limit one of each Pokémon
|rule|Item Clause: Limit 1 of each item
|clearpoke
|poke|p1|Gengar, L50, M|
|poke|p1|Incineroar, L50, M|
|poke|p1|Politoed, L50, F|
|poke|p1|Archaludon, L50, F|
|poke|p1|Charizard, L50, F|
|poke|p1|Grimmsnarl, L50, M|
|poke|p2|Raichu, L50, M|
|poke|p2|Incineroar, L50, F|
|poke|p2|Sylveon, L50, M|
|poke|p2|Whimsicott, L50, F|
|poke|p2|Charizard, L50, M|
|poke|p2|Garchomp, L50, M|
|teampreview|4
|showteam|p1|Gengar||Gengarite|CursedBody|SludgeBomb,ShadowBall,PerishSong,Protect|Modest||M|||50|]Incineroar||PasshoBerry|Intimidate|FlareBlitz,PartingShot,FakeOut,Protect|Relaxed||M|||50|]Politoed||SitrusBerry|Drizzle|WeatherBall,Encore,PerishSong,Protect|Bold||F|||50|]Archaludon||Leftovers|Stamina|DragonPulse,FlashCannon,ElectroShot,Protect|Bold||F|||50|]Charizard||CharizarditeY|Blaze|HeatWave,WeatherBall,SolarBeam,Protect|Modest||F|||50|]Grimmsnarl||LightClay|Prankster|SpiritBreak,PartingShot,FakeOut,Protect|Impish||M|||50|
|showteam|p2|Raichu||RaichuniteY|LightningRod|ZapCannon,FocusBlast,FakeOut,Protect|Timid||M|||50|]Incineroar||SitrusBerry|Intimidate|FakeOut,FlareBlitz,ThroatChop,PartingShot|Impish||F|||50|]Sylveon||FairyFeather|Pixilate|HyperVoice,CalmMind,QuickAttack,Protect|Modest||M|||50|]Whimsicott||FocusSash|Prankster|Encore,Protect,Tailwind,EnergyBall|Timid||F|||50|]Charizard||CharizarditeY|Blaze|HeatWave,WeatherBall,SolarBeam,Protect|Modest||M|||50|]Garchomp||ChoiceScarf|SandVeil|Earthquake,DragonClaw,RockSlide,StompingTantrum|Adamant||M|||50|
|inactive|Battle timer is ON: inactive players will automatically lose when time's up. (requested by 222salad)
|inactive|strifesada has 60 seconds left.
|inactive|strifesada has 30 seconds left.
|
|t:|1783984684
|teamsize|p1|4
|teamsize|p2|4
|start
|switch|p1a: Gengar|Gengar, L50, M|100/100
|switch|p1b: Grimmsnarl|Grimmsnarl, L50, M|100/100
|switch|p2a: Raichu|Raichu, L50, M|100/100
|switch|p2b: Sylveon|Sylveon, L50, M|100/100
|turn|1
|inactive|strifesada has 30 seconds left.
|
|t:|1783984711
|switch|p2b: Garchomp|Garchomp, L50, M|100/100
|detailschange|p2a: Raichu|Raichu-Mega-Y, L50, M
|-mega|p2a: Raichu|Raichu|Raichunite Y
|detailschange|p1a: Gengar|Gengar-Mega, L50, M
|-mega|p1a: Gengar|Gengar|Gengarite
|move|p1b: Grimmsnarl|Fake Out|p2a: Raichu
|-damage|p2a: Raichu|83/100
|cant|p2a: Raichu|flinch
|move|p1a: Gengar|Perish Song|p1a: Gengar
|-start|p1a: Gengar|perish3|[silent]
|-start|p1b: Grimmsnarl|perish3|[silent]
|-start|p2a: Raichu|perish3|[silent]
|-start|p2b: Garchomp|perish3|[silent]
|-fieldactivate|move: Perish Song
|
|-start|p2b: Garchomp|perish3
|-start|p2a: Raichu|perish3
|-start|p1a: Gengar|perish3
|-start|p1b: Grimmsnarl|perish3
|upkeep
|turn|2
|inactive|strifesada has 30 seconds left.
|inactive|strifesada has 20 seconds left.
|
|t:|1783984748
|move|p1a: Gengar|Protect|p1a: Gengar
|-singleturn|p1a: Gengar|Protect
|move|p1b: Grimmsnarl|Parting Shot|p2b: Garchomp
|-unboost|p2b: Garchomp|atk|1
|-unboost|p2b: Garchomp|spa|1
|
|t:|1783984754
|switch|p1b: Incineroar|Incineroar, L50, M|100/100|[from] Parting Shot
|-ability|p1b: Incineroar|Intimidate|boost
|-unboost|p2a: Raichu|atk|1
|-unboost|p2b: Garchomp|atk|1
|move|p2b: Garchomp|Stomping Tantrum|p1a: Gengar
|-activate|p1a: Gengar|move: Protect
|move|p2a: Raichu|Focus Blast|p1b: Incineroar
|-supereffective|p1b: Incineroar|1
|-damage|p1b: Incineroar|30/100
|
|-start|p2b: Garchomp|perish2
|-start|p2a: Raichu|perish2
|-start|p1a: Gengar|perish2
|upkeep
|turn|3
|inactive|222salad has 30 seconds left.
|
|t:|1783984785
|switch|p1a: Grimmsnarl|Grimmsnarl, L50, M|100/100
|move|p2b: Garchomp|Stomping Tantrum|p1b: Incineroar
|-supereffective|p1b: Incineroar|1
|-damage|p1b: Incineroar|0 fnt
|faint|p1b: Incineroar
|move|p2a: Raichu|Zap Cannon|p1a: Grimmsnarl
|-damage|p1a: Grimmsnarl|46/100
|-status|p1a: Grimmsnarl|par
|
|-start|p2b: Garchomp|perish1
|-start|p2a: Raichu|perish1
|upkeep
|
|t:|1783984793
|switch|p1b: Gengar|Gengar-Mega, L50, M|100/100
|turn|4
|
|t:|1783984801
|cant|p1a: Grimmsnarl|par
|move|p1b: Gengar|Protect|p1b: Gengar
|-singleturn|p1b: Gengar|Protect
|move|p2b: Garchomp|Stomping Tantrum|p1b: Gengar
|-activate|p1b: Gengar|move: Protect
|move|p2a: Raichu|Zap Cannon|p1b: Gengar
|-activate|p1b: Gengar|move: Protect
|
|-start|p2b: Garchomp|perish0
|-start|p2a: Raichu|perish0
|faint|p2b: Garchomp
|faint|p2a: Raichu
|upkeep
|
|t:|1783984805
|switch|p2a: Sylveon|Sylveon, L50, M|100/100
|switch|p2b: Incineroar|Incineroar, L50, F|100/100
|-ability|p2b: Incineroar|Intimidate|boost
|-unboost|p1a: Grimmsnarl|atk|1
|-unboost|p1b: Gengar|atk|1
|turn|5
|
|t:|1783984815
|move|p2a: Sylveon|Protect|p2a: Sylveon
|-singleturn|p2a: Sylveon|Protect
|cant|p1a: Grimmsnarl|par
|move|p1b: Gengar|Perish Song|p1b: Gengar
|-start|p1a: Grimmsnarl|perish3|[silent]
|-start|p1b: Gengar|perish3|[silent]
|-start|p2a: Sylveon|perish3|[silent]
|-start|p2b: Incineroar|perish3|[silent]
|-fieldactivate|move: Perish Song
|move|p2b: Incineroar|Throat Chop|p1b: Gengar
|-supereffective|p1b: Gengar|1
|-damage|p1b: Gengar|30/100
|-start|p1b: Gengar|Throat Chop|[silent]
|
|-start|p1b: Gengar|perish3
|-start|p2a: Sylveon|perish3
|-start|p2b: Incineroar|perish3
|-start|p1a: Grimmsnarl|perish3
|upkeep
|turn|6
|
|t:|1783984831
|move|p1a: Grimmsnarl|Protect|p1a: Grimmsnarl
|-singleturn|p1a: Grimmsnarl|Protect
|move|p1b: Gengar|Protect|p1b: Gengar
|-singleturn|p1b: Gengar|Protect
|move|p2a: Sylveon|Hyper Voice|p1a: Grimmsnarl|[spread] 
|-activate|p1a: Grimmsnarl|move: Protect
|-activate|p1b: Gengar|move: Protect
|move|p2b: Incineroar|Flare Blitz|p1b: Gengar
|-activate|p1b: Gengar|move: Protect
|
|-end|p1b: Gengar|Throat Chop|[silent]
|-start|p1b: Gengar|perish2
|-start|p2a: Sylveon|perish2
|-start|p2b: Incineroar|perish2
|-start|p1a: Grimmsnarl|perish2
|upkeep
|turn|7
|
|t:|1783984842
|move|p1a: Grimmsnarl|Protect||[still]
|-fail|p1a: Grimmsnarl
|move|p1b: Gengar|Protect|p1b: Gengar
|-singleturn|p1b: Gengar|Protect
|move|p2a: Sylveon|Hyper Voice|p1a: Grimmsnarl|[spread] p1a
|-activate|p1b: Gengar|move: Protect
|-supereffective|p1a: Grimmsnarl|1
|-damage|p1a: Grimmsnarl|0 fnt
|faint|p1a: Grimmsnarl
|move|p2b: Incineroar|Flare Blitz|p1b: Gengar
|-activate|p1b: Gengar|move: Protect
|
|-start|p1b: Gengar|perish1
|-start|p2a: Sylveon|perish1
|-start|p2b: Incineroar|perish1
|upkeep
|
|t:|1783984845
|switch|p1a: Politoed|Politoed, L50, F|100/100
|-weather|RainDance|[from] ability: Drizzle|[of] p1a: Politoed
|turn|8
|-message|strifesada forfeited.
|
|win|222salad
