|j|☆Gengarlover1234
|j|☆echoes630
|html|Gengarlover1234echoes630    
|uhtml|bestof|Game 2 of a best-of-3
|t:|1786012398
|gametype|doubles
|player|p1|Gengarlover1234|266|1282
|player|p2|echoes630|101|1278
|gen|9
|tier|[Gen 9 Champions] VGC 2026 Reg M-B (Bo3)
|rated|
|rule|Species Clause: Limit one of each Pokémon
|rule|Item Clause: Limit 1 of each item
|clearpoke
|poke|p1|Gengar, L50, F, shiny|
|poke|p1|Incineroar, L50, M|
|poke|p1|Politoed, L50, M, shiny|
|poke|p1|Vivillon-Pokeball, L50, M|
|poke|p1|Basculegion, L50, M, shiny|
|poke|p1|Kommo-o, L50, M, shiny|
|poke|p2|Farigiraf, L50, M|
|poke|p2|Torkoal, L50, M|
|poke|p2|Pyroar, L50, F|
|poke|p2|Vileplume, L50, M|
|poke|p2|Scrafty, L50, F|
|poke|p2|Basculegion, L50, M|
|teampreview|4
|showteam|p1|Gengar||Gengarite|CursedBody|ShadowBall,PerishSong,SludgeBomb,Protect|Timid||F|||50|]Incineroar||PasshoBerry|Intimidate|ThroatChop,PartingShot,FakeOut,Protect|Sassy||M|||50|]Politoed||SitrusBerry|Drizzle|WeatherBall,PerishSong,Protect,HelpingHand|Bold||M|||50|]Vivillon-Pokeball||FocusSash|CompoundEyes|Hurricane,RagePowder,SleepPowder,Protect|Timid||M|||50|]Basculegion||LifeOrb|SwiftSwim|LastRespects,WaveCrash,AquaJet,Protect|Adamant||M|||50|]Kommo-o||Leftovers|Soundproof|ClangingScales,AuraSphere,ClangorousSoul,Protect|Modest||M|||50|
|showteam|p2|Farigiraf||ColburBerry|ArmorTail|Psychic,HelpingHand,TrickRoom,Protect|Relaxed||M|||50|]Torkoal||Charcoal|Drought|Eruption,HeatWave,WeatherBall,EarthPower|Quiet||M|||50|]Pyroar||Pyroarite|Unnerve|HeatWave,Overheat,SolarBeam,Protect|Timid||F|||50|]Vileplume||FocusSash|Chlorophyll|LeafStorm,SleepPowder,AfterYou,Protect|Timid||M|||50|]Scrafty||Scraftinite|Intimidate|FakeOut,KnockOff,CloseCombat,Snarl|Adamant||F|||50|]Basculegion||ChoiceScarf|Adaptability|LastRespects,WaveCrash,FlipTurn,AquaJet|Jolly||M|||50|
|inactive|Battle timer is ON: inactive players will automatically lose when time's up. (requested by Gengarlover1234)
|
|t:|1786012442
|teamsize|p1|4
|teamsize|p2|4
|start
|switch|p1a: Gengar|Gengar, L50, F, shiny|100/100
|switch|p1b: Kommo-o|Kommo-o, L50, M, shiny|100/100
|switch|p2a: Basculegion|Basculegion, L50, M|100/100
|switch|p2b: Farigiraf|Farigiraf, L50, M|100/100
|turn|1
|
|t:|1786012453
|detailschange|p1a: Gengar|Gengar-Mega, L50, F, shiny
|-mega|p1a: Gengar|Gengar|Gengarite
|move|p1a: Gengar|Protect|p1a: Gengar
|-singleturn|p1a: Gengar|Protect
|move|p2a: Basculegion|Flip Turn|p1b: Kommo-o
|-resisted|p1b: Kommo-o|1
|-damage|p1b: Kommo-o|83/100
|
|t:|1786012459
|switch|p2a: Vileplume|Vileplume, L50, M|100/100|[from] Flip Turn
|move|p1b: Kommo-o|Clangorous Soul|p1b: Kommo-o
|-boost|p1b: Kommo-o|atk|1
|-boost|p1b: Kommo-o|def|1
|-boost|p1b: Kommo-o|spa|1
|-boost|p1b: Kommo-o|spd|1
|-boost|p1b: Kommo-o|spe|1
|-damage|p1b: Kommo-o|50/100g
|move|p2b: Farigiraf|Trick Room|p2b: Farigiraf
|-fieldstart|move: Trick Room|[of] p2b: Farigiraf
|
|-heal|p1b: Kommo-o|56/100|[from] item: Leftovers
|upkeep
|turn|2
|
|t:|1786012483
|switch|p1a: Incineroar|Incineroar, L50, M|100/100
|-ability|p1a: Incineroar|Intimidate|boost
|-unboost|p2a: Vileplume|atk|1
|-unboost|p2b: Farigiraf|atk|1
|move|p1b: Kommo-o|Protect|p1b: Kommo-o
|-singleturn|p1b: Kommo-o|Protect
|move|p2b: Farigiraf|Psychic|p1a: Incineroar
|-immune|p1a: Incineroar
|move|p2a: Vileplume|Sleep Powder|p1b: Kommo-o
|-activate|p1b: Kommo-o|move: Protect
|
|-heal|p1b: Kommo-o|62/100|[from] item: Leftovers
|upkeep
|turn|3
|
|t:|1786012508
|move|p2b: Farigiraf|Psychic|p1b: Kommo-o
|-supereffective|p1b: Kommo-o|1
|-damage|p1b: Kommo-o|13/100
|move|p1a: Incineroar|Parting Shot|p2b: Farigiraf
|-unboost|p2b: Farigiraf|atk|1
|-unboost|p2b: Farigiraf|spa|1
|
|t:|1786012518
|switch|p1a: Politoed|Politoed, L50, M, shiny|100/100|[from] Parting Shot
|-weather|RainDance|[from] ability: Drizzle|[of] p1a: Politoed
|move|p2a: Vileplume|Sleep Powder|p1b: Kommo-o
|-status|p1b: Kommo-o|slp|[from] move: Sleep Powder
|cant|p1b: Kommo-o|slp
|
|-weather|RainDance|[upkeep]
|-heal|p1b: Kommo-o|18/100 slp|[from] item: Leftovers
|upkeep
|turn|4
|
|t:|1786012534
|switch|p1b: Incineroar|Incineroar, L50, M|100/100
|-ability|p1b: Incineroar|Intimidate|boost
|-unboost|p2a: Vileplume|atk|1
|-unboost|p2b: Farigiraf|atk|1
|move|p2b: Farigiraf|Psychic|p1b: Incineroar
|-immune|p1b: Incineroar
|move|p1a: Politoed|Perish Song|p1a: Politoed
|-start|p1a: Politoed|perish3|[silent]
|-start|p1b: Incineroar|perish3|[silent]
|-start|p2a: Vileplume|perish3|[silent]
|-start|p2b: Farigiraf|perish3|[silent]
|-fieldactivate|move: Perish Song
|move|p2a: Vileplume|Sleep Powder|p1a: Politoed|[miss]
|-miss|p2a: Vileplume|p1a: Politoed
|
|-weather|RainDance|[upkeep]
|-start|p1b: Incineroar|perish3
|-start|p2b: Farigiraf|perish3
|-start|p1a: Politoed|perish3
|-start|p2a: Vileplume|perish3
|upkeep
|turn|5
|
|t:|1786012552
|switch|p2b: Scrafty|Scrafty, L50, F|100/100
|-ability|p2b: Scrafty|Intimidate|boost
|-unboost|p1a: Politoed|atk|1
|-unboost|p1b: Incineroar|atk|1
|switch|p2a: Basculegion|Basculegion, L50, M|100/100
|move|p1a: Politoed|Protect|p1a: Politoed
|-singleturn|p1a: Politoed|Protect
|move|p1b: Incineroar|Parting Shot|p2a: Basculegion
|-unboost|p2a: Basculegion|atk|1
|-unboost|p2a: Basculegion|spa|1
|
|t:|1786012571
|switch|p1b: Gengar|Gengar-Mega, L50, F, shiny|100/100|[from] Parting Shot
|
|-weather|RainDance|[upkeep]
|-start|p1a: Politoed|perish2
|-fieldend|move: Trick Room
|upkeep
|turn|6
|inactive|Gengarlover1234 has 30 seconds left.
|
|t:|1786012599
|detailschange|p2b: Scrafty|Scrafty-Mega, L50, F
|-mega|p2b: Scrafty|Scrafty|Scraftinite
|-ability|p2b: Scrafty|Intimidate|boost
|-unboost|p1a: Politoed|atk|1
|-unboost|p1b: Gengar|atk|1
|move|p2a: Basculegion|Flip Turn|p1a: Politoed
|-resisted|p1a: Politoed|1
|-damage|p1a: Politoed|84/100
|
|t:|1786012606
|switch|p2a: Farigiraf|Farigiraf, L50, M|100/100|[from] Flip Turn
|move|p1b: Gengar|Sludge Bomb|p2b: Scrafty
|-damage|p2b: Scrafty|56/100
|-status|p2b: Scrafty|psn
|move|p1a: Politoed|Weather Ball|p2b: Scrafty
|-damage|p2b: Scrafty|20/100y psn
|move|p2b: Scrafty|Close Combat|p1a: Politoed
|-damage|p1a: Politoed|29/100
|-unboost|p2b: Scrafty|def|1
|-unboost|p2b: Scrafty|spd|1
|-enditem|p1a: Politoed|Sitrus Berry|[eat]
|-heal|p1a: Politoed|54/100|[from] item: Sitrus Berry
|
|-weather|RainDance|[upkeep]
|-damage|p2b: Scrafty|8/100 psn|[from] psn
|-start|p1a: Politoed|perish1
|upkeep
|turn|7
|inactive|Gengarlover1234 has 30 seconds left.
|inactive|echoes630 has 30 seconds left.
|
|t:|1786012639
|switch|p1a: Incineroar|Incineroar, L50, M|100/100
|-ability|p1a: Incineroar|Intimidate|boost
|-unboost|p2a: Farigiraf|atk|1
|-unboost|p2b: Scrafty|atk|1
|move|p1b: Gengar|Protect|p1b: Gengar
|-singleturn|p1b: Gengar|Protect
|move|p2b: Scrafty|Knock Off|p1a: Incineroar
|-resisted|p1a: Incineroar|1
|-damage|p1a: Incineroar|83/100
|-enditem|p1a: Incineroar|Passho Berry|[from] move: Knock Off|[of] p2b: Scrafty
|move|p2a: Farigiraf|Psychic|p1a: Incineroar
|-immune|p1a: Incineroar
|
|-weather|none
|-damage|p2b: Scrafty|0 fnt|[from] psn
|faint|p2b: Scrafty
|upkeep
|
|t:|1786012643
|switch|p2b: Basculegion|Basculegion, L50, M|100/100
|turn|8
|inactive|Gengarlover1234 has 30 seconds left.
|inactive|Gengarlover1234 has 20 seconds left.
|inactive|echoes630 has 30 seconds left.
|inactive|echoes630 has 20 seconds left.
|
|t:|1786012698
|move|p2b: Basculegion|Wave Crash|p1a: Incineroar
|-supereffective|p1a: Incineroar|1
|-damage|p1a: Incineroar|0 fnt
|faint|p1a: Incineroar
|-damage|p2b: Basculegion|71/100|[from] Recoil
|move|p1b: Gengar|Shadow Ball|p2b: Basculegion
|-supereffective|p2b: Basculegion|1
|-damage|p2b: Basculegion|0 fnt
|faint|p2b: Basculegion
|move|p2a: Farigiraf|Psychic|p1b: Gengar
|-supereffective|p1b: Gengar|1
|-damage|p1b: Gengar|34/100
|
|upkeep
|
|t:|1786012715
|switch|p2b: Vileplume|Vileplume, L50, M|100/100
|switch|p1a: Kommo-o|Kommo-o, L50, M, shiny|18/100 slp
|turn|9
|
|t:|1786012728
|move|p1b: Gengar|Perish Song|p1b: Gengar
|-immune|p1a: Kommo-o|[from] ability: Soundproof
|-start|p1b: Gengar|perish3|[silent]
|-start|p2a: Farigiraf|perish3|[silent]
|-start|p2b: Vileplume|perish3|[silent]
|-fieldactivate|move: Perish Song
|-curestatus|p1a: Kommo-o|slp|[msg]
|move|p1a: Kommo-o|Clanging Scales|p2b: Vileplume|[spread] p2a,p2b
|-damage|p2a: Farigiraf|65/100
|-damage|p2b: Vileplume|53/100
|-unboost|p1a: Kommo-o|def|1
|move|p2b: Vileplume|Leaf Storm|p1a: Kommo-o
|-resisted|p1a: Kommo-o|1
|-damage|p1a: Kommo-o|0 fnt
|-unboost|p2b: Vileplume|spa|2
|faint|p1a: Kommo-o
|move|p2a: Farigiraf|Trick Room|p2a: Farigiraf
|-fieldstart|move: Trick Room|[of] p2a: Farigiraf
|
|-start|p2a: Farigiraf|perish3
|-start|p2b: Vileplume|perish3
|-start|p1b: Gengar|perish3
|upkeep
|
|t:|1786012731
|switch|p1a: Politoed|Politoed, L50, M, shiny|54/100
|-weather|RainDance|[from] ability: Drizzle|[of] p1a: Politoed
|turn|10
|
|t:|1786012739
|move|p1a: Politoed|Protect|p1a: Politoed
|-singleturn|p1a: Politoed|Protect
|move|p1b: Gengar|Protect|p1b: Gengar
|-singleturn|p1b: Gengar|Protect
|move|p2a: Farigiraf|Psychic|p1b: Gengar
|-activate|p1b: Gengar|move: Protect
|move|p2b: Vileplume|Sleep Powder|p1a: Politoed
|-activate|p1a: Politoed|move: Protect
|
|-weather|RainDance|[upkeep]
|-start|p2a: Farigiraf|perish2
|-start|p2b: Vileplume|perish2
|-start|p1b: Gengar|perish2
|upkeep
|turn|11
|
|t:|1786012755
|move|p1a: Politoed|Helping Hand|p1b: Gengar
|-singleturn|p1b: Gengar|Helping Hand|[of] p1a: Politoed
|move|p2a: Farigiraf|Psychic|p1b: Gengar
|-supereffective|p1b: Gengar|1
|-damage|p1b: Gengar|0 fnt
|faint|p1b: Gengar
|move|p2b: Vileplume|Sleep Powder|p1a: Politoed
|-status|p1a: Politoed|slp|[from] move: Sleep Powder
|
|-weather|RainDance|[upkeep]
|-start|p2a: Farigiraf|perish1
|-start|p2b: Vileplume|perish1
|upkeep
|turn|12
|
|t:|1786012771
|move|p2a: Farigiraf|Helping Hand|p2b: Vileplume
|-singleturn|p2b: Vileplume|Helping Hand|[of] p2a: Farigiraf
|cant|p1a: Politoed|slp
|move|p2b: Vileplume|Leaf Storm|p1a: Politoed
|-supereffective|p1a: Politoed|1
|-damage|p1a: Politoed|0 fnt
|-unboost|p2b: Vileplume|spa|2
|faint|p1a: Politoed
|
|win|echoes630
|raw|Gengarlover1234's rating: 1282 → 1257(-25 for losing)
|raw|echoes630's rating: 1278 → 1303(+25 for winning)
|c|☆echoes630|ggwp
|l|☆Gengarlover1234
|player|p1|
