|j|☆cccfff
|j|☆axcoquette
|html|cccfffaxcoquette    
|uhtml|bestof|Game 1 of a best-of-3
|t:|1783301419
|gametype|doubles
|player|p1|cccfff|swimmer|1222
|player|p2|axcoquette|maid|1201
|gen|9
|tier|[Gen 9 Champions] VGC 2026 Reg M-B (Bo3)
|rated|
|rule|Species Clause: Limit one of each Pokémon
|rule|Item Clause: Limit 1 of each item
|clearpoke
|poke|p1|Raichu, L50, F|
|poke|p1|Jolteon, L50, M, shiny|
|poke|p1|Basculegion, L50, M|
|poke|p1|Mamoswine, L50, M|
|poke|p1|Hydrapple, L50, M|
|poke|p1|Blaziken, L50, M|
|poke|p2|Delphox, L50, F|
|poke|p2|Sneasler, L50, F|
|poke|p2|Sinistcha, L50|
|poke|p2|Incineroar, L50, M|
|poke|p2|Kingambit, L50, F|
|poke|p2|Floette-Eternal, L50, F|
|teampreview|4
|showteam|p1|Raichu||RaichuniteX|LightningRod|Discharge,FakeOut,Protect,RisingVoltage|Modest||F|||50|]Jolteon||LifeOrb|VoltAbsorb|Discharge,RisingVoltage,Protect,VoltSwitch|Modest||M|||50|]Basculegion||ChoiceScarf|Adaptability|AquaJet,LastRespects,FlipTurn,WaveCrash|Adamant||M|||50|]Mamoswine||NeverMeltIce|ThickFat|HighHorsepower,IceShard,IcicleCrash,Protect|Brave||M|||50|]Hydrapple||WhiteHerb|Regenerator|DracoMeteor,GrassKnot,Protect,LeafStorm|Quiet||M|||50|]Blaziken||Blazikenite|SpeedBoost|CloseCombat,Detect,FlareBlitz,Uturn|Adamant||M|||50|
|showteam|p2|Delphox||Delphoxite|Blaze|Protect,NastyPlot,HeatWave,Psychic|Timid||F|||50|]Sneasler||FocusSash|Unburden|Protect,FakeOut,DireClaw,CloseCombat|Jolly||F|||50|]Sinistcha||KasibBerry|Hospitality|Protect,RagePowder,MatchaGotcha,LifeDew|Bold|||||50|]Incineroar||SitrusBerry|Intimidate|FakeOut,FlareBlitz,HelpingHand,PartingShot|Careful||M|||50|]Kingambit||BlackGlasses|Defiant|KowtowCleave,SwordsDance,SuckerPunch,Protect|Adamant||F|||50|]Floette-Eternal||Floettite|FlowerVeil|Moonblast,DazzlingGleam,CalmMind,Protect|Modest||F|||50|
|inactive|Battle timer is ON: inactive players will automatically lose when time's up. (requested by axcoquette)
|inactive|cccfff has 60 seconds left.
|inactive|axcoquette has 60 seconds left.
|inactive|cccfff has 30 seconds left.
|
|t:|1783301486
|teamsize|p1|4
|teamsize|p2|4
|start
|switch|p1a: Basculegion|Basculegion, L50, M|100/100
|switch|p1b: Raichu|Raichu, L50, F|100/100
|switch|p2a: Incineroar|Incineroar, L50, M|100/100
|switch|p2b: Sneasler|Sneasler, L50, F|100/100
|-ability|p2a: Incineroar|Intimidate|boost
|-unboost|p1a: Basculegion|atk|1
|-unboost|p1b: Raichu|atk|1
|turn|1
|
|t:|1783301508
|detailschange|p1b: Raichu|Raichu-Mega-X, L50, F
|-mega|p1b: Raichu|Raichu|Raichunite X
|-fieldstart|move: Electric Terrain|[from] ability: Electric Surge|[of] p1b: Raichu
|move|p2b: Sneasler|Protect|p2b: Sneasler
|-singleturn|p2b: Sneasler|Protect
|move|p1b: Raichu|Protect|p1b: Raichu
|-singleturn|p1b: Raichu|Protect
|move|p1a: Basculegion|Flip Turn|p2a: Incineroar
|-supereffective|p2a: Incineroar|1
|-damage|p2a: Incineroar|50/100g
|
|t:|1783301522
|switch|p1a: Mamoswine|Mamoswine, L50, M|100/100|[from] Flip Turn
|move|p2a: Incineroar|Parting Shot|p1a: Mamoswine
|-unboost|p1a: Mamoswine|atk|1
|-unboost|p1a: Mamoswine|spa|1
|
|t:|1783301534
|switch|p2a: Delphox|Delphox, L50, F|100/100|[from] Parting Shot
|
|upkeep
|turn|2
|
|t:|1783301556
|detailschange|p2a: Delphox|Delphox-Mega, L50, F
|-mega|p2a: Delphox|Delphox|Delphoxite
|move|p2a: Delphox|Psychic|p1b: Raichu
|-damage|p1b: Raichu|28/100
|move|p2b: Sneasler|Dire Claw|p1b: Raichu
|-damage|p1b: Raichu|0 fnt
|faint|p1b: Raichu
|move|p1a: Mamoswine|High Horsepower|p2b: Sneasler
|-supereffective|p2b: Sneasler|1
|-enditem|p2b: Sneasler|Focus Sash
|-damage|p2b: Sneasler|1/100
|
|upkeep
|
|t:|1783301570
|switch|p1b: Basculegion|Basculegion, L50, M|100/100
|turn|3
|
|t:|1783301580
|switch|p2a: Incineroar|Incineroar, L50, M|50/100g
|-ability|p2a: Incineroar|Intimidate|boost
|-unboost|p1a: Mamoswine|atk|1
|-unboost|p1b: Basculegion|atk|1
|move|p2b: Sneasler|Protect|p2b: Sneasler
|-singleturn|p2b: Sneasler|Protect
|move|p1a: Mamoswine|Ice Shard|p2b: Sneasler
|-activate|p2b: Sneasler|move: Protect
|move|p1b: Basculegion|Wave Crash|p2a: Incineroar
|-supereffective|p2a: Incineroar|1
|-damage|p2a: Incineroar|0 fnt
|faint|p2a: Incineroar
|-damage|p1b: Basculegion|83/100|[from] Recoil
|
|upkeep
|
|t:|1783301594
|switch|p2a: Kingambit|Kingambit, L50, F|100/100
|turn|4
|
|t:|1783301601
|switch|p2b: Delphox|Delphox-Mega, L50, F|100/100
|switch|p1b: Jolteon|Jolteon, L50, M, shiny|100/100
|move|p1a: Mamoswine|Ice Shard|p2b: Delphox
|-resisted|p2b: Delphox|1
|-damage|p2b: Delphox|89/100
|move|p2a: Kingambit|Sucker Punch||[still]
|-fail|p2a: Kingambit
|
|upkeep
|turn|5
|inactive|cccfff has 30 seconds left.
|inactive|axcoquette has 30 seconds left.
|inactive|cccfff has 20 seconds left.
|inactive|cccfff has 15 seconds left.
|
|t:|1783301641
|move|p2b: Delphox|Protect|p2b: Delphox
|-singleturn|p2b: Delphox|Protect
|move|p1a: Mamoswine|Protect|p1a: Mamoswine
|-singleturn|p1a: Mamoswine|Protect
|move|p1b: Jolteon|Rising Voltage|p2a: Kingambit
|-hint|Rising Voltage's BP doubled on grounded target.
|-damage|p2a: Kingambit|0 fnt
|faint|p2a: Kingambit
|-damage|p1b: Jolteon|90/100|[from] item: Life Orb
|
|-fieldend|move: Electric Terrain
|upkeep
|
|t:|1783301651
|switch|p2a: Sneasler|Sneasler, L50, F|1/100
|turn|6
|inactive|cccfff has 30 seconds left.
|inactive|cccfff has 20 seconds left.
|
|t:|1783301687
|move|p1b: Jolteon|Protect|p1b: Jolteon
|-singleturn|p1b: Jolteon|Protect
|move|p1a: Mamoswine|Protect||[still]
|-fail|p1a: Mamoswine
|move|p2a: Sneasler|Fake Out|p1a: Mamoswine
|-damage|p1a: Mamoswine|85/100
|move|p2b: Delphox|Heat Wave|p1a: Mamoswine|[spread] p1a
|-activate|p1b: Jolteon|move: Protect
|-supereffective|p1a: Mamoswine|1
|-damage|p1a: Mamoswine|33/100
|
|upkeep
|turn|7
|
|t:|1783301705
|move|p2a: Sneasler|Protect|p2a: Sneasler
|-singleturn|p2a: Sneasler|Protect
|move|p1a: Mamoswine|Ice Shard|p2a: Sneasler
|-activate|p2a: Sneasler|move: Protect
|move|p2b: Delphox|Heat Wave|p1b: Jolteon|[spread] p1b
|-miss|p2b: Delphox|p1a: Mamoswine
|-damage|p1b: Jolteon|33/100
|-status|p1b: Jolteon|brn
|move|p1b: Jolteon|Volt Switch|p2b: Delphox
|-damage|p2b: Delphox|52/100
|-damage|p1b: Jolteon|23/100 brn|[from] item: Life Orb
|
|t:|1783301717
|switch|p1b: Basculegion|Basculegion, L50, M|83/100|[from] Volt Switch
|
|upkeep
|turn|8
|
|t:|1783301723
|move|p2a: Sneasler|Protect||[still]
|-fail|p2a: Sneasler
|move|p1b: Basculegion|Aqua Jet|p2b: Delphox
|-supereffective|p2b: Delphox|1
|-crit|p2b: Delphox
|-damage|p2b: Delphox|0 fnt
|faint|p2b: Delphox
|move|p1a: Mamoswine|Ice Shard|p2a: Sneasler
|-damage|p2a: Sneasler|0 fnt
|faint|p2a: Sneasler
|
|win|cccfff
