|j|☆Kalycgos
|j|☆Bray62835
|html|KalycgosBray62835    
|uhtml|bestof|Game 2 of a best-of-3
|t:|1785116434
|gametype|doubles
|player|p1|Kalycgos|shadowtriad|1123
|player|p2|Bray62835|nate|1047
|gen|9
|tier|[Gen 9 Champions] VGC 2026 Reg M-B (Bo3)
|rated|
|rule|Species Clause: Limit one of each Pokémon
|rule|Item Clause: Limit 1 of each item
|clearpoke
|poke|p1|Garchomp, L50, F, shiny|
|poke|p1|Charizard, L50, M, shiny|
|poke|p1|Whimsicott, L50, F|
|poke|p1|Floette-Eternal, L50, F|
|poke|p1|Kingambit, L50, F|
|poke|p1|Basculegion, L50, M|
|poke|p2|Dragonite, L50, F, shiny|
|poke|p2|Pelipper, L50, M|
|poke|p2|Raichu, L50, M|
|poke|p2|Gholdengo, L50|
|poke|p2|Sneasler, L50, M|
|poke|p2|Kingambit, L50, F|
|teampreview|4
|showteam|p1|Garchomp||LifeOrb|RoughSkin|DragonClaw,Earthquake,RockSlide,Protect|Jolly||F|||50|]Charizard||CharizarditeY|Blaze|HeatWave,SolarBeam,AncientPower,Protect|Timid||M|||50|]Whimsicott||FocusSash|Prankster|Moonblast,Tailwind,Encore,Protect|Jolly||F|||50|]Floette-Eternal||Floettite|FlowerVeil|LightofRuin,Moonblast,DazzlingGleam,Protect|Timid||F|||50|]Kingambit||BlackGlasses|Defiant|KowtowCleave,SuckerPunch,LowKick,Protect|Adamant||F|||50|]Basculegion||MysticWater|Adaptability|LastRespects,WaveCrash,AquaJet,Protect|Jolly||M|||50|
|showteam|p2|Dragonite||Dragoninite|Multiscale|Hurricane,DracoMeteor,DragonPulse,Protect|Modest||F|||50|]Pelipper||SitrusBerry|Drizzle|Hurricane,WeatherBall,Tailwind,Protect|Bold||M|||50|]Raichu||RaichuniteY|Static|FocusBlast,ZapCannon,FakeOut,Protect|Hasty||M|||50|]Gholdengo||LifeOrb|GoodasGold|MakeItRain,Memento,PowerGem,Protect|Timid|||||50|]Sneasler||WhiteHerb|Unburden|CloseCombat,DireClaw,FakeOut,Protect|Adamant||M|||50|]Kingambit||FocusSash|Defiant|KowtowCleave,SuckerPunch,IronHead,LowKick|Adamant||F|||50|
|
|t:|1785116466
|teamsize|p1|4
|teamsize|p2|4
|start
|switch|p1a: Bard|Whimsicott, L50, F|100/100
|switch|p1b: Black Mage|Charizard, L50, M, shiny|100/100
|switch|p2a: Gholdengo|Gholdengo, L50|100/100
|switch|p2b: Sneasler|Sneasler, L50, M|100/100
|turn|1
|inactive|Battle timer is ON: inactive players will automatically lose when time's up. (requested by Kalycgos)
|
|t:|1785116486
|detailschange|p1b: Black Mage|Charizard-Mega-Y, L50, M, shiny
|-mega|p1b: Black Mage|Charizard|Charizardite Y
|-weather|SunnyDay|[from] ability: Drought|[of] p1b: Black Mage
|move|p2b: Sneasler|Fake Out|p1b: Black Mage
|-damage|p1b: Black Mage|79/100
|move|p1a: Bard|Tailwind|p1a: Bard
|-sidestart|p1: Kalycgos|move: Tailwind
|cant|p1b: Black Mage|flinch
|move|p2a: Gholdengo|Power Gem|p1b: Black Mage
|-supereffective|p1b: Black Mage|2
|-damage|p1b: Black Mage|0 fnt
|faint|p1b: Black Mage
|-damage|p2a: Gholdengo|90/100|[from] item: Life Orb
|
|-weather|SunnyDay|[upkeep]
|upkeep
|
|t:|1785116497
|switch|p1b: Dragoon|Garchomp, L50, F, shiny|100/100
|turn|2
|
|t:|1785116522
|move|p1a: Bard|Encore|p2b: Sneasler
|-start|p2b: Sneasler|Encore
|move|p2b: Sneasler|Fake Out||[still]
|-hint|Fake Out only works on your first turn out.
|-fail|p2b: Sneasler
|move|p1b: Dragoon|Earthquake|p2a: Gholdengo|[spread] p1a,p2a,p2b
|-resisted|p1a: Bard|1
|-supereffective|p2a: Gholdengo|1
|-supereffective|p2b: Sneasler|1
|-damage|p1a: Bard|69/100
|-damage|p2a: Gholdengo|0 fnt
|-damage|p2b: Sneasler|0 fnt
|faint|p2a: Gholdengo
|faint|p2b: Sneasler
|-damage|p1b: Dragoon|90/100|[from] item: Life Orb
|
|-weather|SunnyDay|[upkeep]
|upkeep
|
|t:|1785116538
|switch|p2b: Dragonite|Dragonite, L50, F, shiny|100/100
|switch|p2a: Kingambit|Kingambit, L50, F|100/100
|turn|3
|inactive|Bray62835 has 30 seconds left.
|inactive|Bray62835 has 20 seconds left.
|inactive|Bray62835 has 15 seconds left.
|
|t:|1785116583
|detailschange|p2b: Dragonite|Dragonite-Mega, L50, F, shiny
|-mega|p2b: Dragonite|Dragonite|Dragoninite
|move|p1a: Bard|Moonblast|p2b: Dragonite
|-supereffective|p2b: Dragonite|1
|-damage|p2b: Dragonite|81/100
|move|p1b: Dragoon|Dragon Claw|p2b: Dragonite
|-supereffective|p2b: Dragonite|1
|-damage|p2b: Dragonite|0 fnt
|faint|p2b: Dragonite
|-damage|p1b: Dragoon|80/100|[from] item: Life Orb
|move|p2a: Kingambit|Iron Head|p1a: Bard
|-supereffective|p1a: Bard|1
|-damage|p1a: Bard|0 fnt
|faint|p1a: Bard
|
|-weather|SunnyDay|[upkeep]
|upkeep
|
|t:|1785116593
|switch|p1a: Reaper|Basculegion, L50, M|100/100
|turn|4
|
|t:|1785116603
|move|p2a: Kingambit|Sucker Punch|p1a: Reaper
|-supereffective|p1a: Reaper|1
|-damage|p1a: Reaper|21/100
|move|p1b: Dragoon|Earthquake|p2a: Kingambit|[spread] p1a,p2a
|-supereffective|p2a: Kingambit|1
|-damage|p1a: Reaper|0 fnt
|-damage|p2a: Kingambit|24/100
|faint|p1a: Reaper
|-damage|p1b: Dragoon|70/100|[from] item: Life Orb
|
|-weather|SunnyDay|[upkeep]
|-sideend|p1: Kalycgos|move: Tailwind
|upkeep
|turn|5
|
|t:|1785116623
|move|p2a: Kingambit|Sucker Punch|p1b: Dragoon
|-damage|p1b: Dragoon|30/100
|-damage|p2a: Kingambit|12/100|[from] ability: Rough Skin|[of] p1b: Dragoon
|move|p1b: Dragoon|Earthquake|p2a: Kingambit
|-supereffective|p2a: Kingambit|1
|-damage|p2a: Kingambit|0 fnt
|faint|p2a: Kingambit
|-damage|p1b: Dragoon|20/100y|[from] item: Life Orb
|
|win|Kalycgos
|raw|Kalycgos's rating: 1123 → 1143(+20 for winning)
|raw|Bray62835's rating: 1047 → 1034(-13 for losing)
|c|☆Kalycgos|gg
