|j|☆Aizenmack
|j|☆TeyOnTheRox
|html|AizenmackTeyOnTheRox    
|uhtml|bestof|Game 1 of a best-of-3
|t:|1757903867
|gametype|doubles
|player|p1|Aizenmack|veteran|1241
|player|p2|TeyOnTheRox|benga|1359
|gen|9
|tier|[Gen 9] VGC 2025 Reg H (Bo3)
|rated|
|rule|Species Clause: Limit one of each Pokémon
|rule|Item Clause: Limit 1 of each item
|clearpoke
|poke|p1|Metagross, L50|
|poke|p1|Garchomp, L50, M|
|poke|p1|Kingambit, L50, M|
|poke|p1|Sneasler, L50, F|
|poke|p1|Ninetales-Alola, L50, F|
|poke|p1|Magmar, L50, M|
|poke|p2|Tyranitar, L50, M|
|poke|p2|Excadrill, L50, F|
|poke|p2|Sneasler, L50, M|
|poke|p2|Indeedee, L50, M|
|poke|p2|Corviknight, L50, M|
|poke|p2|Annihilape, L50, M|
|teampreview|4
|showteam|p1|Metagross||AssaultVest|ClearBody|BulletPunch,HeavySlam,PsychicFangs,StompingTantrum||||||50|,,,,,Flying]Garchomp||LifeOrb|RoughSkin|Earthquake,DragonClaw,Protect,StompingTantrum|||M|||50|,,,,,Steel]Kingambit||BlackGlasses|Defiant|SuckerPunch,SwordsDance,Protect,KowtowCleave|||M|||50|,,,,,Flying]Sneasler||FocusSash|PoisonTouch|FakeOut,CloseCombat,Coaching,DireClaw|||F|||50|,,,,,Flying]Ninetales-Alola||NeverMeltIce|SnowWarning|Blizzard,FreezeDry,AuroraVeil,Protect|||F|||50|,,,,,Ice]Magmar||Eviolite|VitalSpirit|FollowMe,Protect,FireSpin,Overheat|||M|||50|,,,,,Flying
|showteam|p2|Tyranitar||AssaultVest|SandStream|RockSlide,KnockOff,TeraBlast,LowKick|||M|||50|,,,,,Flying]Excadrill||FocusSash|SandRush|IronHead,HighHorsepower,Earthquake,Protect|||F|||50|,,,,,Stellar]Sneasler||PsychicSeed|Unburden|DireClaw,CloseCombat,ThroatChop,Protect|||M|||50|,,,,,Dark]Indeedee||ChoiceScarf|PsychicSurge|ExpandingForce,TeraBlast,Protect,Trick|||M|||50|,,,,,Psychic]Corviknight||Leftovers|MirrorArmor|BraveBird,BulkUp,Roost,Tailwind|||M|||50|,,,,,Dragon]Annihilape||SafetyGoggles|Defiant|CloseCombat,FinalGambit,RageFist,Taunt|||M|||50|,,,,,Water
|inactive|Battle timer is ON: inactive players will automatically lose when time's up. (requested by Aizenmack)
|inactive|TeyOnTheRox has 60 seconds left.
|
|t:|1757903912
|teamsize|p1|4
|teamsize|p2|4
|start
|switch|p1a: Metagross|Metagross, L50, shiny|100/100
|switch|p1b: Sneasler|Sneasler, L50, F|100/100
|switch|p2a: Mack|Corviknight, L50, M|100/100
|switch|p2b: Chicks Hicks|Annihilape, L50, M|100/100
|turn|1
|inactive|Aizenmack has 30 seconds left.
|inactive|Aizenmack has 20 seconds left.
|inactive|Aizenmack has 15 seconds left.
|inactive|Aizenmack has 10 seconds left.
|
|t:|1757903960
|move|p1b: Sneasler|Coaching|p1a: Metagross
|-boost|p1a: Metagross|atk|1
|-boost|p1a: Metagross|def|1
|move|p2b: Chicks Hicks|Final Gambit|p1a: Metagross
|-damage|p1a: Metagross|0 fnt
|faint|p2b: Chicks Hicks
|faint|p1a: Metagross
|move|p2a: Mack|Tailwind|p2a: Mack
|-sidestart|p2: TeyOnTheRox|move: Tailwind
|
|upkeep
|
|t:|1757903971
|switch|p2b: Tow Mater|Excadrill, L50, F|100/100
|switch|p1a: Ninetales|Ninetales-Alola, L50, F, shiny|100/100
|-weather|Snowscape|[from] ability: Snow Warning|[of] p1a: Ninetales
|turn|2
|
|t:|1757903992
|move|p2b: Tow Mater|Iron Head|p1a: Ninetales
|-supereffective|p1a: Ninetales
|-damage|p1a: Ninetales|0 fnt
|faint|p1a: Ninetales
|move|p2a: Mack|Brave Bird|p1b: Sneasler
|-supereffective|p1b: Sneasler
|-enditem|p1b: Sneasler|Focus Sash
|-damage|p1b: Sneasler|1/100
|-damage|p2a: Mack|75/100|[from] Recoil
|move|p1b: Sneasler|Close Combat|p2b: Tow Mater
|-supereffective|p2b: Tow Mater
|-enditem|p2b: Tow Mater|Focus Sash
|-damage|p2b: Tow Mater|1/100
|-unboost|p1b: Sneasler|def|1
|-unboost|p1b: Sneasler|spd|1
|
|-weather|Snowscape|[upkeep]
|-heal|p2a: Mack|81/100|[from] item: Leftovers
|upkeep
|
|t:|1757903998
|switch|p1a: Garchomp|Garchomp, L50, M, shiny|100/100
|turn|3
|
|t:|1757904017
|move|p2b: Tow Mater|Earthquake|p1a: Garchomp|[spread] p1a,p1b
|-immune|p2a: Mack
|-supereffective|p1b: Sneasler
|-damage|p1a: Garchomp|56/100
|-damage|p1b: Sneasler|0 fnt
|faint|p1b: Sneasler
|move|p2a: Mack|Bulk Up|p2a: Mack
|-boost|p2a: Mack|atk|1
|-boost|p2a: Mack|def|1
|move|p1a: Garchomp|Dragon Claw|p2b: Tow Mater
|-resisted|p2b: Tow Mater
|-damage|p2b: Tow Mater|0 fnt
|faint|p2b: Tow Mater
|-damage|p1a: Garchomp|46/100|[from] item: Life Orb
|
|-weather|Snowscape|[upkeep]
|-heal|p2a: Mack|87/100|[from] item: Leftovers
|upkeep
|
|t:|1757904021
|switch|p2b: Doc Hudson|Tyranitar, L50, M, shiny|100/100
|-weather|Sandstorm|[from] ability: Sand Stream|[of] p2b: Doc Hudson
|turn|4
|
|t:|1757904037
|-terastallize|p2b: Doc Hudson|Flying
|move|p1a: Garchomp|Protect|p1a: Garchomp
|-singleturn|p1a: Garchomp|Protect
|move|p2b: Doc Hudson|Tera Blast|p1a: Garchomp|[anim] Tera Blast Flying
|-activate|p1a: Garchomp|move: Protect
|move|p2a: Mack|Brave Bird|p1a: Garchomp
|-activate|p1a: Garchomp|move: Protect
|
|-weather|Sandstorm|[upkeep]
|-damage|p2b: Doc Hudson|95/100|[from] Sandstorm
|-heal|p2a: Mack|93/100|[from] item: Leftovers
|-sideend|p2: TeyOnTheRox|move: Tailwind
|upkeep
|turn|5
|
|t:|1757904051
|move|p1a: Garchomp|Dragon Claw|p2b: Doc Hudson
|-damage|p2b: Doc Hudson|50/100
|-damage|p1a: Garchomp|37/100|[from] item: Life Orb
|move|p2b: Doc Hudson|Tera Blast|p1a: Garchomp|[anim] Tera Blast Flying
|-damage|p1a: Garchomp|0 fnt
|faint|p1a: Garchomp
|
|win|TeyOnTheRox
