|j|☆xxAKIxx
|j|☆A_TerroneVGC
|html|xxAKIxxA_TerroneVGC    
|uhtml|bestof|Game 1 of a best-of-3
|t:|1756541840
|gametype|doubles
|player|p1|xxAKIxx|169|
|player|p2|A_TerroneVGC|265|
|gen|9
|tier|[Gen 9] VGC 2025 Reg H (Bo3)
|rule|Species Clause: Limit one of each Pokémon
|rule|Item Clause: Limit 1 of each item
|clearpoke
|poke|p1|Volcarona, L50, F|
|poke|p1|Primarina, L50, M|
|poke|p1|Tyranitar, L50, M|
|poke|p1|Excadrill, L50, F|
|poke|p1|Braviary, L50, M|
|poke|p1|Gothitelle, L50, M|
|poke|p2|Basculegion, L50, M|
|poke|p2|Gholdengo, L50|
|poke|p2|Archaludon, L50, M|
|poke|p2|Pelipper, L50, M|
|poke|p2|Incineroar, L50, M|
|poke|p2|Amoonguss, L50, M|
|teampreview|4
|showteam|p1|Volcarona||SitrusBerry|FlameBody|Protect,QuiverDance,HeatWave,GigaDrain|||F|||50|,,,,,Fairy]Primarina||MentalHerb|LiquidVoice|Haze,PerishSong,HyperVoice,Protect|||M|||50|,,,,,Water]Tyranitar||AssaultVest|SandStream|KnockOff,TeraBlast,RockSlide,BrickBreak|||M|||50|,,,,,Flying]Excadrill||LifeOrb|SandRush|Protect,IronHead,Earthquake,HighHorsepower|||F|||50|,,,,,Dragon]Braviary||SafetyGoggles|Defiant|DualWingbeat,Tailwind,Protect,Facade|||M|||50|,,,,,Ghost]Gothitelle||Leftovers|ShadowTag|TrickRoom,Protect,FakeOut,Psychic|||M|||50|,,,,,Water
|showteam|p2|Basculegion||ChoiceBand|SwiftSwim|WaveCrash,LastRespects,FlipTurn,AquaJet|||M|||50|,,,,,Water]Gholdengo||LifeOrb|GoodasGold|MakeItRain,ShadowBall,NastyPlot,Protect||||||50|,,,,,Water]Archaludon||AssaultVest|Stamina|FlashCannon,DracoMeteor,ElectroShot,BodyPress|||M|||50|,,,,,Bug]Pelipper||FocusSash|Drizzle|WeatherBall,Hurricane,Tailwind,Protect|||M|||50|,,,,,Ground]Incineroar||SafetyGoggles|Intimidate|FlareBlitz,KnockOff,FakeOut,PartingShot|||M|||50|,,,,,Ghost]Amoonguss||CovertCloak|Regenerator|PollenPuff,Spore,RagePowder,Protect|||M|||50|,,,,,Fairy
|
|t:|1756541903
|teamsize|p1|4
|teamsize|p2|4
|start
|switch|p1a: Volcarona|Volcarona, L50, F|100/100
|switch|p1b: Braviary|Braviary, L50, M|100/100
|switch|p2a: Gholdengo|Gholdengo, L50|100/100
|switch|p2b: Basculegion|Basculegion, L50, M|100/100
|turn|1
|
|t:|1756541952
|move|p1a: Volcarona|Quiver Dance|p1a: Volcarona
|-boost|p1a: Volcarona|spa|1
|-boost|p1a: Volcarona|spd|1
|-boost|p1a: Volcarona|spe|1
|move|p2a: Gholdengo|Nasty Plot|p2a: Gholdengo
|-boost|p2a: Gholdengo|spa|2
|move|p1b: Braviary|Dual Wingbeat|p2b: Basculegion|[miss]
|-miss|p1b: Braviary|p2b: Basculegion
|move|p2b: Basculegion|Flip Turn|p1a: Volcarona
|-supereffective|p1a: Volcarona
|-damage|p1a: Volcarona|0 fnt
|faint|p1a: Volcarona
|c|☆A_TerroneVGC|Già sculo
|
|t:|1756541968
|switch|p2b: Pelipper|Pelipper, L50, M|100/100|[from] Flip Turn
|-weather|RainDance|[from] ability: Drizzle|[of] p2b: Pelipper
|
|-weather|RainDance|[upkeep]
|upkeep
|c|☆xxAKIxx|INIZIAMO BENE
|
|t:|1756541982
|switch|p1a: Tyranitar|Tyranitar, L50, M|100/100
|-weather|Sandstorm|[from] ability: Sand Stream|[of] p1a: Tyranitar
|turn|2
|
|t:|1756542005
|switch|p2b: Incineroar|Incineroar, L50, M|100/100
|-ability|p2b: Incineroar|Intimidate|boost
|-unboost|p1a: Tyranitar|atk|1
|-unboost|p1b: Braviary|atk|1
|-ability|p1b: Braviary|Defiant|boost
|-boost|p1b: Braviary|atk|2
|-terastallize|p2a: Gholdengo|Water
|-terastallize|p1a: Tyranitar|Flying
|move|p2a: Gholdengo|Make It Rain|p1a: Tyranitar|[spread] p1a,p1b
|-damage|p1a: Tyranitar|24/100
|-damage|p1b: Braviary|0 fnt
|-unboost|p2a: Gholdengo|spa|1
|faint|p1b: Braviary
|-damage|p2a: Gholdengo|91/100|[from] item: Life Orb
|move|p1a: Tyranitar|Rock Slide|p2a: Gholdengo|[spread] p2a,p2b
|-crit|p2a: Gholdengo
|-supereffective|p2b: Incineroar
|-damage|p2a: Gholdengo|39/100
|-damage|p2b: Incineroar|67/100
|
|-weather|Sandstorm|[upkeep]
|-damage|p2a: Gholdengo|33/100|[from] Sandstorm
|-damage|p1a: Tyranitar|17/100|[from] Sandstorm
|upkeep
|
|t:|1756542025
|switch|p1b: Excadrill|Excadrill, L50, F|100/100
|turn|3
|
|t:|1756542041
|move|p2a: Gholdengo|Protect|p2a: Gholdengo
|-singleturn|p2a: Gholdengo|Protect
|move|p1b: Excadrill|Earthquake|p2a: Gholdengo|[spread] p2b
|-activate|p2a: Gholdengo|move: Protect
|-immune|p1a: Tyranitar
|-supereffective|p2b: Incineroar
|-crit|p2b: Incineroar
|-damage|p2b: Incineroar|0 fnt
|faint|p2b: Incineroar
|-damage|p1b: Excadrill|91/100|[from] item: Life Orb
|move|p1a: Tyranitar|Rock Slide|p2a: Gholdengo
|-activate|p2a: Gholdengo|move: Protect
|
|-weather|Sandstorm|[upkeep]
|-damage|p2a: Gholdengo|27/100|[from] Sandstorm
|-damage|p1a: Tyranitar|11/100|[from] Sandstorm
|upkeep
|c|☆xxAKIxx|GG
|
|t:|1756542062
|switch|p2b: Basculegion|Basculegion, L50, M|100/100
|turn|4
|
|t:|1756542081
|switch|p2a: Pelipper|Pelipper, L50, M|100/100
|-weather|RainDance|[from] ability: Drizzle|[of] p2a: Pelipper
|move|p2b: Basculegion|Flip Turn|p1b: Excadrill
|-supereffective|p1b: Excadrill
|-damage|p1b: Excadrill|0 fnt
|faint|p1b: Excadrill
|
|t:|1756542093
|switch|p2b: Gholdengo|Gholdengo, L50, tera:Water|27/100|[from] Flip Turn
|move|p1a: Tyranitar|Knock Off|p2b: Gholdengo
|-damage|p2b: Gholdengo|0 fnt
|-enditem|p2b: Gholdengo|Life Orb|[from] move: Knock Off|[of] p1a: Tyranitar
|faint|p2b: Gholdengo
|
|-weather|RainDance|[upkeep]
|upkeep
|
|t:|1756542101
|switch|p2b: Basculegion|Basculegion, L50, M|100/100
|turn|5
|-message|xxAKIxx forfeited.
|
|win|A_TerroneVGC
|l|☆xxAKIxx
|player|p1|
||xxAKIxx is ready for game 2.
||A_TerroneVGC is ready for game 2.
|uhtml|next|Next: Game 2 of 3
