|j|☆thesuperwombat
|j|☆fylekull
|html|thesuperwombatfylekull    
|uhtml|bestof|Game 1 of a best-of-3
|t:|1783732895
|gametype|doubles
|player|p1|thesuperwombat|acetrainer-gen4dp|
|player|p2|fylekull|265|
|gen|9
|tier|[Gen 9 Champions] VGC 2026 Reg M-B (Bo3)
|rule|Species Clause: Limit one of each Pokémon
|rule|Item Clause: Limit 1 of each item
|clearpoke
|poke|p1|Torkoal, L50, M|
|poke|p1|Mawile, L50, M|
|poke|p1|Sinistcha, L50|
|poke|p1|Oranguru, L50, M|
|poke|p1|Maushold-Four, L50|
|poke|p1|Azumarill, L50, M|
|poke|p2|Farigiraf, L50, F|
|poke|p2|Weavile, L50, F|
|poke|p2|Klefki, L50, F|
|poke|p2|Blaziken, L50, M|
|poke|p2|Greninja, L50, F|
|poke|p2|Cofagrigus, L50, F, shiny|
|teampreview|4
|showteam|p1|Torkoal||Charcoal|Drought|Eruption,HeatWave,SolarBeam,Protect|Quiet||M|||50|]Mawile||Mawilite|HyperCutter|Crunch,PlayRough,Protect,ThunderPunch|Adamant||M|||50|]Sinistcha||SitrusBerry|Heatproof|TrickRoom,RagePowder,MatchaGotcha,StrengthSap|Calm|||||50|]Oranguru||ColburBerry|InnerFocus|Protect,Thunderbolt,Instruct,TrickRoom|Sassy||M|||50|]Maushold-Four||WideLens|FriendGuard|Protect,Uturn,PopulationBomb,FollowMe|Brave|||||50|]Azumarill||MysticWater|ThickFat|Superpower,AquaJet,Liquidation,PlayRough|Brave||M|||50|
|showteam|p2|Farigiraf||SitrusBerry|ArmorTail|TrickRoom,Imprison,TwinBeam,Protect|Quiet||F|||50|]Weavile||FocusSash|Pickpocket|IceShard,FakeOut,Taunt,KnockOff|Jolly||F|||50|]Klefki||LightClay|Prankster|Protect,LightScreen,DazzlingGleam,RainDance|Bold||F|||50|]Blaziken||Blazikenite|SpeedBoost|FlareBlitz,CloseCombat,RockSlide,Detect|Adamant||M|||50|]Greninja||Greninjite|Torrent|WaterShuriken,DarkPulse,IceBeam,GrassKnot|Serious||F|||50|]Cofagrigus||LumBerry|Mummy|WillOWisp,RainDance,ToxicSpikes,Hex|Relaxed||F|||50|
|
|t:|1783732933
|teamsize|p1|4
|teamsize|p2|4
|start
|switch|p1a: Oranguru|Oranguru, L50, M|100/100
|switch|p1b: Maushold|Maushold-Four, L50|100/100
|switch|p2a: Weavile|Weavile, L50, F|100/100
|switch|p2b: Klefki|Klefki, L50, F|100/100
|turn|1
|c|☆thesuperwombat|Same
|
|t:|1783732998
|move|p2b: Klefki|Light Screen|p2b: Klefki
|-sidestart|p2: fylekull|move: Light Screen
|move|p2a: Weavile|Taunt|p1a: Oranguru
|-start|p1a: Oranguru|move: Taunt
|move|p1b: Maushold|U-turn|p2a: Weavile
|-supereffective|p2a: Weavile|1
|-damage|p2a: Weavile|31/100
|
|t:|1783733008
|switch|p1b: Mawile|Mawile, L50, M|100/100|[from] U-turn
|cant|p1a: Oranguru|move: Taunt|Trick Room
|
|upkeep
|turn|2
|c|☆thesuperwombat|Yooo
|c|☆thesuperwombat|I forgot to fit intimidate
|c|☆thesuperwombat|rip
|c|☆fylekull|rip
|
|t:|1783733051
|switch|p2a: Cofagrigus|Cofagrigus, L50, F, shiny|100/100
|detailschange|p1b: Mawile|Mawile-Mega, L50, M
|-mega|p1b: Mawile|Mawile|Mawilite
|move|p2b: Klefki|Protect|p2b: Klefki
|-singleturn|p2b: Klefki|Protect
|move|p1b: Mawile|Protect|p1b: Mawile
|-singleturn|p1b: Mawile|Protect
|move|p1a: Oranguru|Thunderbolt|p2a: Cofagrigus
|-damage|p2a: Cofagrigus|86/100
|
|upkeep
|turn|3
|
|t:|1783733080
|move|p2b: Klefki|Dazzling Gleam|p1a: Oranguru|[spread] p1a,p1b
|-resisted|p1b: Mawile|1
|-damage|p1a: Oranguru|87/100
|-damage|p1b: Mawile|89/100
|move|p1a: Oranguru|Thunderbolt|p2a: Cofagrigus
|-damage|p2a: Cofagrigus|74/100
|move|p1b: Mawile|Crunch|p2a: Cofagrigus
|-supereffective|p2a: Cofagrigus|1
|-damage|p2a: Cofagrigus|0 fnt
|-activate|p2a: Cofagrigus|ability: Mummy|p1b: Mawile|[ability] Huge Power
|faint|p2a: Cofagrigus
|
|-end|p1a: Oranguru|move: Taunt
|upkeep
|
|t:|1783733092
|switch|p2a: Weavile|Weavile, L50, F|31/100
|turn|4
|
|t:|1783733108
|switch|p2b: Blaziken|Blaziken, L50, M|100/100
|move|p1a: Oranguru|Protect|p1a: Oranguru
|-singleturn|p1a: Oranguru|Protect
|move|p1b: Mawile|Protect|p1b: Mawile
|-singleturn|p1b: Mawile|Protect
|move|p2a: Weavile|Taunt|p1a: Oranguru
|-activate|p1a: Oranguru|move: Protect
|
|upkeep
|turn|5
|
|t:|1783733131
|switch|p1a: Torkoal|Torkoal, L50, M|100/100
|-weather|SunnyDay|[from] ability: Drought|[of] p1a: Torkoal
|switch|p1b: Maushold|Maushold-Four, L50|100/100
|move|p2a: Weavile|Taunt|p1a: Torkoal
|-start|p1a: Torkoal|move: Taunt
|move|p2b: Blaziken|Flare Blitz|p1b: Maushold
|-damage|p1b: Maushold|0 fnt
|faint|p1b: Maushold
|-damage|p2b: Blaziken|61/100|[from] Recoil
|
|-weather|SunnyDay|[upkeep]
|-ability|p2b: Blaziken|Speed Boost|boost
|-boost|p2b: Blaziken|spe|1
|upkeep
|
|t:|1783733136
|switch|p1b: Mawile|Mawile-Mega, L50, M|89/100
|turn|6
|
|t:|1783733191
|switch|p2a: Klefki|Klefki, L50, F|100/100
|move|p2b: Blaziken|Detect|p2b: Blaziken
|-singleturn|p2b: Blaziken|Protect
|move|p1b: Mawile|Protect|p1b: Mawile
|-singleturn|p1b: Mawile|Protect
|move|p1a: Torkoal|Heat Wave|p2a: Klefki|[spread] p2a
|-activate|p2b: Blaziken|move: Protect
|-supereffective|p2a: Klefki|1
|-damage|p2a: Klefki|29/100
|
|-weather|SunnyDay|[upkeep]
|-ability|p2b: Blaziken|Speed Boost|boost
|-boost|p2b: Blaziken|spe|1
|upkeep
|turn|7
|
|t:|1783733245
|switch|p1b: Oranguru|Oranguru, L50, M|87/100
|detailschange|p2b: Blaziken|Blaziken-Mega, L50, M
|-mega|p2b: Blaziken|Blaziken|Blazikenite
|move|p2a: Klefki|Protect|p2a: Klefki
|-singleturn|p2a: Klefki|Protect
|move|p2b: Blaziken|Close Combat|p1b: Oranguru
|-damage|p1b: Oranguru|14/100
|-unboost|p2b: Blaziken|def|1
|-unboost|p2b: Blaziken|spd|1
|move|p1a: Torkoal|Heat Wave|p2a: Klefki|[spread] p2b
|-activate|p2a: Klefki|move: Protect
|-resisted|p2b: Blaziken|1
|-damage|p2b: Blaziken|25/100
|
|-weather|SunnyDay|[upkeep]
|-end|p1a: Torkoal|move: Taunt
|-ability|p2b: Blaziken|Speed Boost|boost
|-boost|p2b: Blaziken|spe|1
|upkeep
|turn|8
|
|t:|1783733278
|move|p1b: Oranguru|Protect|p1b: Oranguru
|-singleturn|p1b: Oranguru|Protect
|move|p2b: Blaziken|Rock Slide|p1a: Torkoal|[spread] p1a
|-activate|p1b: Oranguru|move: Protect
|-supereffective|p1a: Torkoal|1
|-damage|p1a: Torkoal|52/100
|move|p2a: Klefki|Dazzling Gleam|p1a: Torkoal|[spread] p1a
|-activate|p1b: Oranguru|move: Protect
|-resisted|p1a: Torkoal|1
|-damage|p1a: Torkoal|43/100
|move|p1a: Torkoal|Heat Wave|p2b: Blaziken|[spread] p2a,p2b
|-supereffective|p2a: Klefki|1
|-resisted|p2b: Blaziken|1
|-damage|p2a: Klefki|0 fnt
|-damage|p2b: Blaziken|0 fnt
|faint|p2a: Klefki
|faint|p2b: Blaziken
|
|-weather|SunnyDay|[upkeep]
|-sideend|p2: fylekull|move: Light Screen
|upkeep
|
|t:|1783733295
|switch|p2a: Weavile|Weavile, L50, F|31/100
|turn|9
|
|t:|1783733304
|move|p1a: Torkoal|Protect|p1a: Torkoal
|-singleturn|p1a: Torkoal|Protect
|move|p2a: Weavile|Knock Off|p1b: Oranguru
|-supereffective|p1b: Oranguru|1
|-enditem|p1b: Oranguru|Colbur Berry|[eat]
|-enditem|p1b: Oranguru|Colbur Berry|[weaken]
|-damage|p1b: Oranguru|0 fnt
|faint|p1b: Oranguru
|
|-weather|none
|upkeep
|
|t:|1783733305
|switch|p1b: Mawile|Mawile-Mega, L50, M|89/100
|turn|10
|
|t:|1783733316
|move|p2a: Weavile|Knock Off|p1a: Torkoal
|-damage|p1a: Torkoal|0 fnt
|-enditem|p1a: Torkoal|Charcoal|[from] move: Knock Off|[of] p2a: Weavile
|faint|p1a: Torkoal
|move|p1b: Mawile|Play Rough|p2a: Weavile
|-supereffective|p2a: Weavile|1
|-damage|p2a: Weavile|0 fnt
|faint|p2a: Weavile
|
|win|thesuperwombat
||fylekull is ready for game 2.
|c|☆thesuperwombat|Gg
||thesuperwombat is ready for game 2.
|uhtml|next|Next: Game 2 of 3
|l|☆thesuperwombat
|player|p1|
