|j|☆Nindudeman
|j|☆ElPatood
|html|NindudemanElPatood    
|uhtml|bestof|Game 1 of a best-of-3
|t:|1783788101
|gametype|doubles
|player|p1|Nindudeman|265|1017
|player|p2|ElPatood|102|1044
|gen|9
|tier|[Gen 9 Champions] VGC 2026 Reg M-B (Bo3)
|rated|
|rule|Species Clause: Limit one of each Pokémon
|rule|Item Clause: Limit 1 of each item
|clearpoke
|poke|p1|Swampert, L50, F, shiny|
|poke|p1|Whimsicott, L50, M, shiny|
|poke|p1|Mimikyu, L50, M, shiny|
|poke|p1|Incineroar, L50, F, shiny|
|poke|p1|Eelektross, L50, M, shiny|
|poke|p1|Kingambit, L50, M|
|poke|p2|Swampert, L50, M|
|poke|p2|Venusaur, L50, F|
|poke|p2|Archaludon, L50, M|
|poke|p2|Pelipper, L50, F|
|poke|p2|Grimmsnarl, L50, M|
|poke|p2|Farigiraf, L50, M|
|teampreview|4
|showteam|p1|Swampert||Swampertite|Torrent|EarthPower,Protect,Waterfall,FlipTurn|Adamant||F|||50|]Whimsicott||FocusSash|Prankster|Tailwind,Protect,Moonblast,Encore|Timid||M|||50|]Mimikyu||Leftovers|Disguise|ShadowSneak,Protect,PlayRough,TrickRoom|Adamant||M|||50|]Incineroar||SitrusBerry|Intimidate|PartingShot,DarkestLariat,FakeOut,FlareBlitz|Serious||F|||50|]Eelektross||Eelektrossite|Levitate|Thunderbolt,Protect,GigaDrain,Flamethrower|Serious||M|||50|]Kingambit||LifeOrb|Defiant|SuckerPunch,IronHead,KowtowCleave,Protect|Adamant||M|||50|
|showteam|p2|Swampert||Swampertite|Torrent|Earthquake,IcePunch,WaveCrash,Protect|Adamant||M|||50|]Venusaur||Venusaurite|Chlorophyll|SludgeBomb,GigaDrain,EarthPower,EnergyBall|Modest||F|||50|]Archaludon||Leftovers|Stamina|ElectroShot,DragonPulse,FlashCannon,Protect|Timid||M|||50|]Pelipper||FocusSash|Drizzle|Hurricane,WeatherBall,Tailwind,WideGuard|Modest||F|||50|]Grimmsnarl||LightClay|Prankster|Reflect,LightScreen,PartingShot,FoulPlay|Calm||M|||50|]Farigiraf||SitrusBerry|ArmorTail|TrickRoom,RainDance,HelpingHand,TwinBeam|Calm||M|||50|
|
|t:|1783788180
|teamsize|p1|4
|teamsize|p2|4
|start
|switch|p1a: The Reverse Flash|Mimikyu, L50, M, shiny|100/100
|switch|p1b: GothamChess|Kingambit, L50, M|100/100
|switch|p2a: Venusaur|Venusaur, L50, F|100/100
|switch|p2b: Grimmsnarl|Grimmsnarl, L50, M|100/100
|turn|1
|
|t:|1783788197
|detailschange|p2a: Venusaur|Venusaur-Mega, L50, F
|-mega|p2a: Venusaur|Venusaur|Venusaurite
|move|p1b: GothamChess|Protect|p1b: GothamChess
|-singleturn|p1b: GothamChess|Protect
|move|p2a: Venusaur|Earth Power|p1b: GothamChess
|-activate|p1b: GothamChess|move: Protect
|move|p2b: Grimmsnarl|Foul Play|p1a: The Reverse Flash
|-activate|p1a: The Reverse Flash|ability: Disguise
|-damage|p1a: The Reverse Flash|100/100
|detailschange|p1a: The Reverse Flash|Mimikyu-Busted, L50, M, shiny
|-damage|p1a: The Reverse Flash|87/100|[from] pokemon: Mimikyu-Busted
|move|p1a: The Reverse Flash|Trick Room|p1a: The Reverse Flash
|-fieldstart|move: Trick Room|[of] p1a: The Reverse Flash
|
|-heal|p1a: The Reverse Flash|93/100|[from] item: Leftovers
|upkeep
|turn|2
|
|t:|1783788236
|move|p2b: Grimmsnarl|Parting Shot|p1a: The Reverse Flash
|-unboost|p1a: The Reverse Flash|atk|1
|-unboost|p1a: The Reverse Flash|spa|1
|
|t:|1783788240
|switch|p2b: Farigiraf|Farigiraf, L50, M|100/100|[from] Parting Shot
|move|p1b: GothamChess|Kowtow Cleave|p2a: Venusaur
|-damage|p2a: Venusaur|33/100
|-damage|p1b: GothamChess|90/100|[from] item: Life Orb
|move|p1a: The Reverse Flash|Play Rough|p2b: Farigiraf
|-damage|p2b: Farigiraf|73/100
|move|p2a: Venusaur|Earth Power|p1b: GothamChess
|-supereffective|p1b: GothamChess|1
|-damage|p1b: GothamChess|21/100
|
|-heal|p1a: The Reverse Flash|100/100|[from] item: Leftovers
|upkeep
|turn|3
|
|t:|1783788289
|switch|p2a: Archaludon|Archaludon, L50, M|100/100
|move|p1a: The Reverse Flash|Protect|p1a: The Reverse Flash
|-singleturn|p1a: The Reverse Flash|Protect
|move|p1b: GothamChess|Kowtow Cleave|p2a: Archaludon
|-damage|p2a: Archaludon|45/100
|-ability|p2a: Archaludon|Stamina|boost
|-boost|p2a: Archaludon|def|1
|-damage|p1b: GothamChess|12/100|[from] item: Life Orb
|move|p2b: Farigiraf|Trick Room|p2b: Farigiraf
|-fieldend|move: Trick Room
|
|-heal|p2a: Archaludon|51/100|[from] item: Leftovers
|upkeep
|turn|4
|
|t:|1783788313
|move|p1b: GothamChess|Protect|p1b: GothamChess
|-singleturn|p1b: GothamChess|Protect
|move|p2a: Archaludon|Flash Cannon|p1a: The Reverse Flash
|-supereffective|p1a: The Reverse Flash|1
|-damage|p1a: The Reverse Flash|13/100
|move|p2b: Farigiraf|Rain Dance|p2b: Farigiraf
|-weather|RainDance
|move|p1a: The Reverse Flash|Trick Room|p1a: The Reverse Flash
|-fieldstart|move: Trick Room|[of] p1a: The Reverse Flash
|
|-weather|RainDance|[upkeep]
|-heal|p1a: The Reverse Flash|19/100|[from] item: Leftovers
|-heal|p2a: Archaludon|57/100|[from] item: Leftovers
|upkeep
|turn|5
|
|t:|1783788333
|switch|p2b: Grimmsnarl|Grimmsnarl, L50, M|100/100
|move|p2a: Archaludon|Protect|p2a: Archaludon
|-singleturn|p2a: Archaludon|Protect
|move|p1b: GothamChess|Kowtow Cleave|p2b: Grimmsnarl
|-resisted|p2b: Grimmsnarl|2
|-damage|p2b: Grimmsnarl|81/100
|-damage|p1b: GothamChess|2/100|[from] item: Life Orb
|move|p1a: The Reverse Flash|Play Rough|p2b: Grimmsnarl
|-supereffective|p2b: Grimmsnarl|1
|-damage|p2b: Grimmsnarl|14/100
|
|-weather|RainDance|[upkeep]
|-heal|p1a: The Reverse Flash|25/100|[from] item: Leftovers
|-heal|p2a: Archaludon|63/100|[from] item: Leftovers
|upkeep
|turn|6
|
|t:|1783788360
|move|p1b: GothamChess|Kowtow Cleave|p2a: Archaludon
|-damage|p2a: Archaludon|26/100
|-ability|p2a: Archaludon|Stamina|boost
|-boost|p2a: Archaludon|def|1
|-damage|p1b: GothamChess|0 fnt|[from] item: Life Orb
|faint|p1b: GothamChess
|move|p2b: Grimmsnarl|Foul Play|p1a: The Reverse Flash
|-damage|p1a: The Reverse Flash|0 fnt
|faint|p1a: The Reverse Flash
|move|p2a: Archaludon|Electro Shot||[still]
|-prepare|p2a: Archaludon|Electro Shot
|-boost|p2a: Archaludon|spa|1
|-anim|p2a: Archaludon|Electro Shot|p1: The Reverse Flash|[notarget]
|-fail|p2a: Archaludon
|
|-weather|RainDance|[upkeep]
|-heal|p2a: Archaludon|32/100|[from] item: Leftovers
|upkeep
|
|t:|1783788365
|switch|p1b: Wolfe|Incineroar, L50, F, shiny|100/100
|switch|p1a: Me Float|Eelektross, L50, M, shiny|100/100
|-ability|p1b: Wolfe|Intimidate|boost
|-unboost|p2a: Archaludon|atk|1
|-unboost|p2b: Grimmsnarl|atk|1
|turn|7
|
|t:|1783788392
|detailschange|p1a: Me Float|Eelektross-Mega, L50, M, shiny
|-mega|p1a: Me Float|Eelektross|Eelektrossite
|move|p2a: Archaludon|Protect|p2a: Archaludon
|-singleturn|p2a: Archaludon|Protect
|move|p1b: Wolfe|Fake Out|p2a: Archaludon
|-activate|p2a: Archaludon|move: Protect
|move|p2b: Grimmsnarl|Parting Shot|p1a: Me Float
|-unboost|p1a: Me Float|atk|1
|-unboost|p1a: Me Float|spa|1
|
|t:|1783788401
|switch|p2b: Farigiraf|Farigiraf, L50, M|73/100|[from] Parting Shot
|move|p1a: Me Float|Flamethrower|p2b: Farigiraf
|-damage|p2b: Farigiraf|65/100
|-status|p2b: Farigiraf|brn
|
|-weather|RainDance|[upkeep]
|-heal|p2a: Archaludon|38/100|[from] item: Leftovers
|-damage|p2b: Farigiraf|59/100 brn|[from] brn
|upkeep
|turn|8
|
|t:|1783788425
|move|p1b: Wolfe|Darkest Lariat|p2b: Farigiraf
|-supereffective|p2b: Farigiraf|1
|-damage|p2b: Farigiraf|0 fnt
|faint|p2b: Farigiraf
|move|p1a: Me Float|Thunderbolt|p2a: Archaludon
|-resisted|p2a: Archaludon|1
|-damage|p2a: Archaludon|13/100
|-ability|p2a: Archaludon|Stamina|boost
|-boost|p2a: Archaludon|def|1
|move|p2a: Archaludon|Electro Shot||[still]
|-prepare|p2a: Archaludon|Electro Shot
|-boost|p2a: Archaludon|spa|1
|-anim|p2a: Archaludon|Electro Shot|p1b: Wolfe
|-damage|p1b: Wolfe|13/100
|-enditem|p1b: Wolfe|Sitrus Berry|[eat]
|-heal|p1b: Wolfe|38/100|[from] item: Sitrus Berry
|
|-weather|none
|-heal|p2a: Archaludon|19/100|[from] item: Leftovers
|-fieldend|move: Trick Room
|upkeep
|
|t:|1783788446
|switch|p2b: Grimmsnarl|Grimmsnarl, L50, M|14/100
|turn|9
|
|t:|1783788479
|move|p2b: Grimmsnarl|Parting Shot|p1a: Me Float
|-unboost|p1a: Me Float|atk|1
|-unboost|p1a: Me Float|spa|1
|
|t:|1783788485
|switch|p2b: Venusaur|Venusaur-Mega, L50, F|33/100|[from] Parting Shot
|move|p2a: Archaludon|Electro Shot||[still]
|-prepare|p2a: Archaludon|Electro Shot
|-boost|p2a: Archaludon|spa|1
|move|p1a: Me Float|Flamethrower|p2a: Archaludon
|-damage|p2a: Archaludon|0 fnt
|faint|p2a: Archaludon
|-ability|p1a: Me Float|Eelevate|boost
|-boost|p1a: Me Float|spa|1
|move|p1b: Wolfe|Flare Blitz|p2b: Venusaur
|-supereffective|p2b: Venusaur|1
|-damage|p2b: Venusaur|0 fnt
|faint|p2b: Venusaur
|-damage|p1b: Wolfe|30/100|[from] Recoil
|
|upkeep
|
|t:|1783788503
|switch|p2a: Grimmsnarl|Grimmsnarl, L50, M|14/100
|turn|10
|-message|ElPatood forfeited.
|
|win|Nindudeman
|l|☆ElPatood
|player|p2|
||Nindudeman is ready for game 2.
||ElPatood is ready for game 2.
|uhtml|next|Next: Game 2 of 3
|l|☆Nindudeman
|player|p1|
|j|☆ElPatood
|player|p2|ElPatood|102|
