|j|☆freudianbreath
|j|☆Bogebebaru
|html|freudianbreathBogebebaru    
|uhtml|bestof|Game 3 of a best-of-3
|t:|1756627105
|gametype|doubles
|player|p1|freudianbreath|1|1047
|player|p2|Bogebebaru|psychic-gen4|1019
|gen|9
|tier|[Gen 9] VGC 2025 Reg H (Bo3)
|rated|
|rule|Species Clause: Limit one of each Pokémon
|rule|Item Clause: Limit 1 of each item
|clearpoke
|poke|p1|Incineroar, L50, M|
|poke|p1|Ursaluna, L50, F|
|poke|p1|Porygon2, L50|
|poke|p1|Dragonite, L50, M|
|poke|p1|Persian-Alola, L50, M|
|poke|p1|Kingambit, L50, M|
|poke|p2|Politoed, L50, F|
|poke|p2|Gothitelle, L50, M|
|poke|p2|Incineroar, L50, M|
|poke|p2|Amoonguss, L50, F|
|poke|p2|Kingdra, L50, F|
|poke|p2|Archaludon, L50, F|
|teampreview|4
|showteam|p1|Incineroar||SitrusBerry|Intimidate|FakeOut,KnockOff,WillOWisp,PartingShot|||M|||50|,,,,,Grass]Ursaluna||FlameOrb|Guts|Facade,HeadlongRush,Protect,Earthquake|||F|||50|,,,,,Ghost]Porygon2||Eviolite|Download|IceBeam,TeraBlast,Recover,TrickRoom||||||50|,,,,,Flying]Dragonite||LoadedDice|Multiscale|Protect,ScaleShot,ExtremeSpeed,StompingTantrum|||M|||50|,,,,,Steel]Persian-Alola||FocusSash|FurCoat|FakeOut,Protect,PartingShot,KnockOff|||M|||50|,,,,,Ghost]Kingambit||AssaultVest|Defiant|SuckerPunch,KowtowCleave,IronHead,LowKick|||M|||50|,,,,,Flying
|showteam|p2|Politoed||Leftovers|Drizzle|Protect,WeatherBall,PerishSong,Encore|||F|||50|,,,,,Grass]Gothitelle||SitrusBerry|ShadowTag|Protect,Psychic,FakeOut,TrickRoom|||M|||50|,,,,,Dark]Incineroar||SafetyGoggles|Intimidate|Protect,KnockOff,FakeOut,PartingShot|||M|||50|,,,,,Ghost]Amoonguss||EjectButton|Regenerator|Protect,RagePowder,PollenPuff,Spore|||F|||50|,,,,,Fairy]Kingdra||LifeOrb|SwiftSwim|Protect,WeatherBall,DracoMeteor,MuddyWater|||F|||50|,,,,,Stellar]Archaludon||PowerHerb|Sturdy|Protect,ElectroShot,DragonPulse,FlashCannon|||F|||50|,,,,,Electric
|
|t:|1756627187
|teamsize|p1|4
|teamsize|p2|4
|start
|switch|p1a: Persian|Persian-Alola, L50, M|100/100
|switch|p1b: Kingambit|Kingambit, L50, M|100/100
|switch|p2a: Incineroar|Incineroar, L50, M|100/100
|switch|p2b: Kingdra|Kingdra, L50, F|100/100
|-ability|p2a: Incineroar|Intimidate|boost
|-unboost|p1a: Persian|atk|1
|-unboost|p1b: Kingambit|atk|1
|-ability|p1b: Kingambit|Defiant|boost
|-boost|p1b: Kingambit|atk|2
|turn|1
|
|t:|1756627258
|switch|p2a: Politoed|Politoed, L50, F|100/100
|-weather|RainDance|[from] ability: Drizzle|[of] p2a: Politoed
|move|p2b: Kingdra|Protect|p2b: Kingdra
|-singleturn|p2b: Kingdra|Protect
|move|p1a: Persian|Fake Out|p2b: Kingdra
|-activate|p2b: Kingdra|move: Protect
|move|p1b: Kingambit|Kowtow Cleave|p2a: Politoed
|-damage|p2a: Politoed|21/100
|
|-weather|RainDance|[upkeep]
|-heal|p2a: Politoed|27/100|[from] item: Leftovers
|upkeep
|turn|2
|
|t:|1756627317
|switch|p1a: Porygon2|Porygon2, L50|100/100
|-ability|p1a: Porygon2|Download|boost
|-boost|p1a: Porygon2|atk|1
|move|p2b: Kingdra|Muddy Water|p1b: Kingambit|[spread] p1a
|-miss|p2b: Kingdra|p1b: Kingambit
|-damage|p1a: Porygon2|66/100
|-damage|p2b: Kingdra|91/100|[from] item: Life Orb
|move|p2a: Politoed|Perish Song|p2a: Politoed
|-start|p1a: Porygon2|perish3|[silent]
|-start|p1b: Kingambit|perish3|[silent]
|-start|p2a: Politoed|perish3|[silent]
|-start|p2b: Kingdra|perish3|[silent]
|-fieldactivate|move: Perish Song
|move|p1b: Kingambit|Kowtow Cleave|p2b: Kingdra
|-damage|p2b: Kingdra|0 fnt
|faint|p2b: Kingdra
|
|-weather|RainDance|[upkeep]
|-heal|p2a: Politoed|33/100|[from] item: Leftovers
|-start|p2a: Politoed|perish3
|-start|p1b: Kingambit|perish3
|-start|p1a: Porygon2|perish3
|upkeep
|
|t:|1756627329
|switch|p2b: Gothitelle|Gothitelle, L50, M|100/100
|turn|3
|
|t:|1756627362
|switch|p2a: Incineroar|Incineroar, L50, M|100/100
|-ability|p2a: Incineroar|Intimidate|boost
|-unboost|p1a: Porygon2|atk|1
|-unboost|p1b: Kingambit|atk|1
|-ability|p1b: Kingambit|Defiant|boost
|-boost|p1b: Kingambit|atk|2
|move|p2b: Gothitelle|Fake Out|p1b: Kingambit
|-resisted|p1b: Kingambit
|-damage|p1b: Kingambit|99/100
|cant|p1b: Kingambit|flinch
|move|p1a: Porygon2|Ice Beam|p2b: Gothitelle
|-damage|p2b: Gothitelle|82/100
|
|-weather|RainDance|[upkeep]
|-start|p1b: Kingambit|perish2
|-start|p1a: Porygon2|perish2
|upkeep
|turn|4
|inactive|Battle timer is ON: inactive players will automatically lose when time's up. (requested by Bogebebaru)
|
|t:|1756627419
|move|p2a: Incineroar|Fake Out|p1b: Kingambit
|-resisted|p1b: Kingambit
|-damage|p1b: Kingambit|95/100
|cant|p1b: Kingambit|flinch
|move|p2b: Gothitelle|Psychic|p1a: Porygon2
|-damage|p1a: Porygon2|49/100
|move|p1a: Porygon2|Ice Beam|p2b: Gothitelle
|-damage|p2b: Gothitelle|63/100
|
|-weather|RainDance|[upkeep]
|-start|p1b: Kingambit|perish1
|-start|p1a: Porygon2|perish1
|upkeep
|turn|5
|inactive|freudianbreath has 30 seconds left.
|
|t:|1756627447
|move|p2b: Gothitelle|Protect|p2b: Gothitelle
|-singleturn|p2b: Gothitelle|Protect
|move|p1b: Kingambit|Kowtow Cleave|p2a: Incineroar
|-resisted|p2a: Incineroar
|-crit|p2a: Incineroar
|-damage|p2a: Incineroar|31/100
|move|p1a: Porygon2|Ice Beam|p2b: Gothitelle
|-activate|p2b: Gothitelle|move: Protect
|move|p2a: Incineroar|Parting Shot|p1a: Porygon2
|-unboost|p1a: Porygon2|atk|1
|-unboost|p1a: Porygon2|spa|1
|
|t:|1756627457
|switch|p2a: Politoed|Politoed, L50, F|33/100|[from] Parting Shot
|
|-weather|none
|-heal|p2a: Politoed|40/100|[from] item: Leftovers
|-start|p1b: Kingambit|perish0
|-start|p1a: Porygon2|perish0
|faint|p1b: Kingambit
|faint|p1a: Porygon2
|upkeep
|
|t:|1756627460
|switch|p1b: Dragonite|Dragonite, L50, M|100/100
|switch|p1a: Persian|Persian-Alola, L50, M|100/100
|turn|6
|inactive|freudianbreath has 30 seconds left.
|inactive|freudianbreath has 20 seconds left.
|inactive|freudianbreath has 15 seconds left.
|inactive|freudianbreath has 10 seconds left.
|
|t:|1756627506
|switch|p2b: Incineroar|Incineroar, L50, M|31/100
|-ability|p2b: Incineroar|Intimidate|boost
|-unboost|p1a: Persian|atk|1
|-unboost|p1b: Dragonite|atk|1
|move|p1a: Persian|Fake Out|p2a: Politoed
|-damage|p2a: Politoed|35/100
|move|p1b: Dragonite|Scale Shot|p2b: Incineroar
|-damage|p2b: Incineroar|22/100
|-damage|p2b: Incineroar|12/100
|-damage|p2b: Incineroar|2/100
|-damage|p2b: Incineroar|0 fnt
|faint|p2b: Incineroar
|-hitcount|p2: Incineroar|4
|-unboost|p1b: Dragonite|def|1
|-boost|p1b: Dragonite|spe|1
|cant|p2a: Politoed|flinch
|
|-heal|p2a: Politoed|41/100|[from] item: Leftovers
|upkeep
|
|t:|1756627514
|switch|p2b: Gothitelle|Gothitelle, L50, M|63/100
|turn|7
|inactive|freudianbreath has 30 seconds left.
|
|t:|1756627543
|-terastallize|p1a: Persian|Ghost
|-terastallize|p2b: Gothitelle|Dark
|move|p2b: Gothitelle|Fake Out|p1b: Dragonite
|-damage|p1b: Dragonite|96/100
|cant|p1b: Dragonite|flinch
|move|p1a: Persian|Knock Off|p2a: Politoed
|-damage|p2a: Politoed|25/100
|-enditem|p2a: Politoed|Leftovers|[from] move: Knock Off|[of] p1a: Persian
|move|p2a: Politoed|Perish Song|p2a: Politoed
|-start|p1a: Persian|perish3|[silent]
|-start|p1b: Dragonite|perish3|[silent]
|-start|p2a: Politoed|perish3|[silent]
|-start|p2b: Gothitelle|perish3|[silent]
|-fieldactivate|move: Perish Song
|
|-start|p1a: Persian|perish3
|-start|p1b: Dragonite|perish3
|-start|p2a: Politoed|perish3
|-start|p2b: Gothitelle|perish3
|upkeep
|turn|8
|inactive|freudianbreath has 30 seconds left.
|inactive|freudianbreath has 20 seconds left.
|inactive|freudianbreath has 15 seconds left.
|inactive|freudianbreath has 10 seconds left.
|inactive|freudianbreath has 5 seconds left.
|
|t:|1756627594
|move|p2b: Gothitelle|Protect|p2b: Gothitelle
|-singleturn|p2b: Gothitelle|Protect
|move|p1b: Dragonite|Extreme Speed|p2a: Politoed
|-damage|p2a: Politoed|3/100
|move|p1a: Persian|Knock Off|p2b: Gothitelle
|-activate|p2b: Gothitelle|move: Protect
|move|p2a: Politoed|Encore|p1b: Dragonite
|-start|p1b: Dragonite|Encore
|
|-start|p1a: Persian|perish2
|-start|p1b: Dragonite|perish2
|-start|p2a: Politoed|perish2
|-start|p2b: Gothitelle|perish2
|upkeep
|turn|9
|inactive|freudianbreath has 30 seconds left.
|inactive|Bogebebaru has 30 seconds left.
|inactive|freudianbreath has 20 seconds left.
|
|t:|1756627631
|move|p1b: Dragonite|Extreme Speed|p2b: Gothitelle
|-damage|p2b: Gothitelle|45/100
|-enditem|p2b: Gothitelle|Sitrus Berry|[eat]
|-heal|p2b: Gothitelle|69/100|[from] item: Sitrus Berry
|move|p1a: Persian|Knock Off|p2b: Gothitelle
|-resisted|p2b: Gothitelle
|-damage|p2b: Gothitelle|64/100
|move|p2a: Politoed|Encore|p1a: Persian
|-start|p1a: Persian|Encore
|move|p2b: Gothitelle|Psychic|p1b: Dragonite
|-damage|p1b: Dragonite|68/100
|
|-start|p1a: Persian|perish1
|-start|p1b: Dragonite|perish1
|-start|p2a: Politoed|perish1
|-start|p2b: Gothitelle|perish1
|upkeep
|turn|10
|
|t:|1756627654
|move|p2a: Politoed|Protect|p2a: Politoed
|-singleturn|p2a: Politoed|Protect
|move|p2b: Gothitelle|Protect|p2b: Gothitelle
|-singleturn|p2b: Gothitelle|Protect
|move|p1b: Dragonite|Extreme Speed|p2a: Politoed
|-activate|p2a: Politoed|move: Protect
|move|p1a: Persian|Knock Off|p2b: Gothitelle
|-activate|p2b: Gothitelle|move: Protect
|
|-start|p1a: Persian|perish0
|-start|p1b: Dragonite|perish0
|-start|p2a: Politoed|perish0
|-start|p2b: Gothitelle|perish0
|faint|p1a: Persian
|faint|p1b: Dragonite
|faint|p2a: Politoed
|faint|p2b: Gothitelle
|
|win|Bogebebaru
|raw|freudianbreath's rating: 1047 → 1029(-18 for losing)
|raw|Bogebebaru's rating: 1019 → 1059(+40 for winning)
