|j|☆Sap 3
|j|☆KodeBeast0526
|html|Sap 3KodeBeast0526    
|uhtml|bestof|Game 3 of a best-of-3
|t:|1784256970
|gametype|doubles
|player|p1|Sap 3|boarder|1040
|player|p2|KodeBeast0526|sailor|1161
|gen|9
|tier|[Gen 9 Champions] VGC 2026 Reg M-B (Bo3)
|rated|
|rule|Species Clause: Limit one of each Pokémon
|rule|Item Clause: Limit 1 of each item
|clearpoke
|poke|p1|Swampert, L50, F|
|poke|p1|Sceptile, L50, M|
|poke|p1|Pelipper, L50, M|
|poke|p1|Rotom-Wash, L50|
|poke|p1|Toxapex, L50, F|
|poke|p1|Sneasler, L50, F|
|poke|p2|Aerodactyl, L50, M|
|poke|p2|Kingambit, L50, M|
|poke|p2|Sylveon, L50, M|
|poke|p2|Garchomp, L50, M|
|poke|p2|Charizard, L50, M|
|poke|p2|Incineroar, L50, M|
|teampreview|4
|showteam|p1|Swampert||Swampertite|Torrent|WaveCrash,Earthquake,RockSlide,Protect|Jolly||F|||50|]Sceptile||Sceptilite|Overgrow|GigaDrain,DragonPulse,EarthPower,Protect|Timid||M|||50|]Pelipper||FocusSash|Drizzle|Hurricane,WeatherBall,IcyWind,Tailwind|Modest||M|||50|]Rotom-Wash||SitrusBerry|Levitate|Discharge,HydroPump,Thunderbolt,WillOWisp|Calm|||||50|]Toxapex||Leftovers|Regenerator|Liquidation,CrossPoison,Infestation,BanefulBunker|Careful||F|||50|]Sneasler||MuscleBand|PoisonTouch|CloseCombat,DireClaw,FakeOut,Uturn|Jolly||F|||50|
|showteam|p2|Aerodactyl||Aerodactylite|Unnerve|RockSlide,IceFang,Tailwind,WideGuard|Jolly||M|||50|]Kingambit||FocusSash|Defiant|KowtowCleave,SuckerPunch,IronHead,Protect|Adamant||M|||50|]Sylveon||FairyFeather|Pixilate|Detect,HyperVoice,HyperBeam,QuickAttack|Modest||M|||50|]Garchomp||LifeOrb|RoughSkin|Earthquake,DragonClaw,StompingTantrum,Protect|Jolly||M|||50|]Charizard||CharizarditeY|Blaze|Protect,HeatWave,SolarBeam,WeatherBall|Modest||M|||50|]Incineroar||SitrusBerry|Intimidate|DarkestLariat,FlareBlitz,FakeOut,PartingShot|Impish||M|||50|
|
|t:|1784256984
|teamsize|p1|4
|teamsize|p2|4
|start
|switch|p1a: Leaves|Sceptile, L50, M|100/100
|switch|p1b: Washington|Rotom-Wash, L50|100/100
|switch|p2a: Incineroar|Incineroar, L50, M|100/100
|switch|p2b: Charizard|Charizard, L50, M|100/100
|-ability|p2a: Incineroar|Intimidate|boost
|-unboost|p1a: Leaves|atk|1
|-unboost|p1b: Washington|atk|1
|turn|1
|
|t:|1784256999
|detailschange|p2b: Charizard|Charizard-Mega-Y, L50, M
|-mega|p2b: Charizard|Charizard|Charizardite Y
|-weather|SunnyDay|[from] ability: Drought|[of] p2b: Charizard
|move|p1a: Leaves|Protect|p1a: Leaves
|-singleturn|p1a: Leaves|Protect
|move|p2a: Incineroar|Fake Out|p1b: Washington
|-damage|p1b: Washington|87/100
|move|p2b: Charizard|Heat Wave|p1a: Leaves|[spread] p1b
|-activate|p1a: Leaves|move: Protect
|-resisted|p1b: Washington|1
|-damage|p1b: Washington|64/100
|cant|p1b: Washington|flinch
|
|-weather|SunnyDay|[upkeep]
|upkeep
|turn|2
|
|t:|1784257017
|switch|p1a: Gooper|Pelipper, L50, M|100/100
|-weather|RainDance|[from] ability: Drizzle|[of] p1a: Gooper
|switch|p2b: Garchomp|Garchomp, L50, M|100/100
|switch|p1b: Swamps|Swampert, L50, F|100/100
|move|p2a: Incineroar|Parting Shot|p1a: Gooper
|-unboost|p1a: Gooper|atk|1
|-unboost|p1a: Gooper|spa|1
|
|t:|1784257036
|switch|p2a: Charizard|Charizard-Mega-Y, L50, M|100/100|[from] Parting Shot
|-weather|SunnyDay|[from] ability: Drought|[of] p2a: Charizard
|
|-weather|SunnyDay|[upkeep]
|upkeep
|turn|3
|
|t:|1784257055
|switch|p1a: Washington|Rotom-Wash, L50|64/100
|move|p1b: Swamps|Protect|p1b: Swamps
|-singleturn|p1b: Swamps|Protect
|move|p2b: Garchomp|Dragon Claw|p1a: Washington
|-damage|p1a: Washington|7/100
|-enditem|p1a: Washington|Sitrus Berry|[eat]
|-heal|p1a: Washington|32/100|[from] item: Sitrus Berry
|-damage|p2b: Garchomp|90/100|[from] item: Life Orb
|move|p2a: Charizard|Solar Beam||[still]
|-prepare|p2a: Charizard|Solar Beam
|-anim|p2a: Charizard|Solar Beam|p1b: Swamps
|-activate|p1b: Swamps|move: Protect
|
|-weather|SunnyDay|[upkeep]
|upkeep
|turn|4
|
|t:|1784257082
|switch|p2a: Incineroar|Incineroar, L50, M|100/100
|-ability|p2a: Incineroar|Intimidate|boost
|-unboost|p1a: Washington|atk|1
|-unboost|p1b: Swamps|atk|1
|switch|p1b: Leaves|Sceptile, L50, M|100/100
|move|p2b: Garchomp|Dragon Claw|p1a: Washington
|-damage|p1a: Washington|0 fnt
|faint|p1a: Washington
|-damage|p2b: Garchomp|80/100|[from] item: Life Orb
|
|-weather|SunnyDay|[upkeep]
|upkeep
|
|t:|1784257097
|switch|p1a: Gooper|Pelipper, L50, M|100/100
|-weather|RainDance|[from] ability: Drizzle|[of] p1a: Gooper
|turn|5
|
|t:|1784257112
|switch|p2b: Charizard|Charizard-Mega-Y, L50, M|100/100
|-weather|SunnyDay|[from] ability: Drought|[of] p2b: Charizard
|move|p1b: Leaves|Dragon Pulse|p2b: Charizard
|-damage|p2b: Charizard|75/100
|move|p1a: Gooper|Weather Ball|p2a: Incineroar
|-resisted|p2a: Incineroar|1
|-damage|p2a: Incineroar|79/100
|move|p2a: Incineroar|Flare Blitz|p1b: Leaves
|-supereffective|p1b: Leaves|1
|-damage|p1b: Leaves|0 fnt
|faint|p1b: Leaves
|-damage|p2a: Incineroar|54/100|[from] Recoil
|
|-weather|SunnyDay|[upkeep]
|upkeep
|
|t:|1784257121
|switch|p1b: Swamps|Swampert, L50, F|100/100
|turn|6
|
|t:|1784257132
|detailschange|p1b: Swamps|Swampert-Mega, L50, F
|-mega|p1b: Swamps|Swampert|Swampertite
|move|p1b: Swamps|Protect|p1b: Swamps
|-singleturn|p1b: Swamps|Protect
|move|p2b: Charizard|Solar Beam||[still]
|-prepare|p2b: Charizard|Solar Beam
|-anim|p2b: Charizard|Solar Beam|p1b: Swamps
|-activate|p1b: Swamps|move: Protect
|move|p1a: Gooper|Tailwind|p1a: Gooper
|-sidestart|p1: Sap 3|move: Tailwind
|move|p2a: Incineroar|Parting Shot|p1a: Gooper
|-unboost|p1a: Gooper|atk|1
|-unboost|p1a: Gooper|spa|1
|
|t:|1784257140
|switch|p2a: Sylveon|Sylveon, L50, M|100/100|[from] Parting Shot
|
|-weather|SunnyDay|[upkeep]
|upkeep
|turn|7
|
|t:|1784257153
|move|p1b: Swamps|Rock Slide|p2a: Sylveon|[spread] p2b
|-miss|p1b: Swamps|p2a: Sylveon
|-supereffective|p2b: Charizard|2
|-damage|p2b: Charizard|0 fnt
|faint|p2b: Charizard
|move|p1a: Gooper|Weather Ball|p2a: Sylveon
|-damage|p2a: Sylveon|77/100
|move|p2a: Sylveon|Hyper Beam|p1a: Gooper
|-enditem|p1a: Gooper|Focus Sash
|-damage|p1a: Gooper|1/100
|-mustrecharge|p2a: Sylveon
|
|-weather|SunnyDay|[upkeep]
|upkeep
|
|t:|1784257158
|switch|p2b: Incineroar|Incineroar, L50, M|54/100
|-ability|p2b: Incineroar|Intimidate|boost
|-unboost|p1a: Gooper|atk|1
|-unboost|p1b: Swamps|atk|1
|turn|8
|
|t:|1784257174
|move|p2b: Incineroar|Fake Out|p1b: Swamps
|-damage|p1b: Swamps|89/100
|cant|p1b: Swamps|flinch
|move|p1a: Gooper|Weather Ball|p2a: Sylveon
|-damage|p2a: Sylveon|51/100
|cant|p2a: Sylveon|recharge
|
|-weather|SunnyDay|[upkeep]
|upkeep
|turn|9
|
|t:|1784257209
|switch|p2a: Garchomp|Garchomp, L50, M|80/100
|move|p1b: Swamps|Earthquake|p2b: Incineroar|[spread] p2a,p2b
|-immune|p1a: Gooper
|-supereffective|p2b: Incineroar|1
|-damage|p2a: Garchomp|49/100
|-damage|p2b: Incineroar|18/100
|-enditem|p2b: Incineroar|Sitrus Berry|[eat]
|-heal|p2b: Incineroar|43/100|[from] item: Sitrus Berry
|move|p1a: Gooper|Weather Ball|p2a: Garchomp
|-resisted|p2a: Garchomp|1
|-damage|p2a: Garchomp|31/100
|move|p2b: Incineroar|Darkest Lariat|p1a: Gooper
|-damage|p1a: Gooper|0 fnt
|faint|p1a: Gooper
|
|-weather|none
|-sideend|p1: Sap 3|move: Tailwind
|upkeep
|turn|10
|inactive|Battle timer is ON: inactive players will automatically lose when time's up. (requested by Sap 3)
|
|t:|1784257231
|move|p2a: Garchomp|Dragon Claw|p1b: Swamps
|-damage|p1b: Swamps|33/100
|-damage|p2a: Garchomp|21/100|[from] item: Life Orb
|move|p1b: Swamps|Earthquake|p2b: Incineroar|[spread] p2a,p2b
|-supereffective|p2b: Incineroar|1
|-damage|p2a: Garchomp|0 fnt
|-damage|p2b: Incineroar|3/100
|faint|p2a: Garchomp
|move|p2b: Incineroar|Parting Shot|p1b: Swamps
|-unboost|p1b: Swamps|atk|1
|-unboost|p1b: Swamps|spa|1
|
|t:|1784257237
|switch|p2b: Sylveon|Sylveon, L50, M|51/100|[from] Parting Shot
|
|upkeep
|
|t:|1784257239
|switch|p2a: Incineroar|Incineroar, L50, M|3/100
|-ability|p2a: Incineroar|Intimidate|boost
|-unboost|p1b: Swamps|atk|1
|turn|11
|
|t:|1784257245
|move|p1b: Swamps|Protect|p1b: Swamps
|-singleturn|p1b: Swamps|Protect
|move|p2a: Incineroar|Fake Out|p1b: Swamps
|-activate|p1b: Swamps|move: Protect
|move|p2b: Sylveon|Hyper Beam|p1b: Swamps
|-activate|p1b: Swamps|move: Protect
|
|upkeep
|turn|12
|
|t:|1784257251
|move|p1b: Swamps|Earthquake|p2a: Incineroar|[spread] p2a,p2b
|-supereffective|p2a: Incineroar|1
|-damage|p2a: Incineroar|0 fnt
|-damage|p2b: Sylveon|28/100
|faint|p2a: Incineroar
|move|p2b: Sylveon|Hyper Beam|p1b: Swamps
|-damage|p1b: Swamps|0 fnt
|-mustrecharge|p2b: Sylveon
|faint|p1b: Swamps
|
|win|KodeBeast0526
|raw|Sap 3's rating: 1040 → 1029(-11 for losing)
|raw|KodeBeast0526's rating: 1161 → 1178(+17 for winning)
