|j|☆IronStandsEternal
|j|☆danicruz.music
|html|IronStandsEternaldanicruz.music    
|uhtml|bestof|Game 2 of a best-of-3
|t:|1757081842
|gametype|doubles
|player|p1|IronStandsEternal|flint|1131
|player|p2|danicruz.music|whitney|1197
|gen|9
|tier|[Gen 9] VGC 2025 Reg H (Bo3)
|rated|
|rule|Species Clause: Limit one of each Pokémon
|rule|Item Clause: Limit 1 of each item
|clearpoke
|poke|p1|Rillaboom, L50, M|
|poke|p1|Dragonite, L50, M|
|poke|p1|Sneasler, L50, M|
|poke|p1|Ninetales-Alola, L50, F|
|poke|p1|Kingambit, L50, M|
|poke|p1|Volcarona, L50, M|
|poke|p2|Dondozo, L50, M|
|poke|p2|Tatsugiri-Stretchy, L50, F|
|poke|p2|Pelipper, L50, F|
|poke|p2|Archaludon, L50, F|
|poke|p2|Weezing-Galar, L50, M|
|poke|p2|Dragapult, L50, F|
|teampreview|4
|showteam|p1|Rillaboom||AssaultVest|GrassySurge|WoodHammer,GrassyGlide,HighHorsepower,FakeOut|||M|||50|,,,,,Fire]Dragonite||LoadedDice|Multiscale|Protect,ScaleShot,LowKick,Haze|||M|||50|,,,,,Fairy]Sneasler||WhiteHerb|Unburden|Protect,DireClaw,CloseCombat,Coaching|||M|||50|,,,,,Ghost]Ninetales-Alola||ChoiceSpecs|SnowWarning|Blizzard,IcyWind,Moonblast,FreezeDry|||F|||50|,,,,,Ghost]Kingambit||SafetyGoggles|Defiant|Protect,KowtowCleave,SuckerPunch,SwordsDance|||M|||50|,,,,,Dark]Volcarona||CovertCloak|FlameBody|StruggleBug,RagePowder,Overheat,WillOWisp|||M|||50|,,,,,Fairy
|showteam|p2|Dondozo||Leftovers|Unaware|WaveCrash,Earthquake,OrderUp,Protect|||M|||50|,,,,,Ground]Tatsugiri-Stretchy||FocusSash|Commander|DragonPulse,DracoMeteor,MuddyWater,IcyWind|||F|||50|,,,,,Fairy]Pelipper||CovertCloak|Drizzle|Hurricane,WeatherBall,WideGuard,Tailwind|||F|||50|,,,,,Fire]Archaludon||PowerHerb|Stalwart|ElectroShot,FlashCannon,DracoMeteor,Protect|||F|||50|,,,,,Electric]Weezing-Galar||RockyHelmet|NeutralizingGas|DazzlingGleam,StrangeSteam,SludgeBomb,Protect|||M|||50|,,,,,Poison]Dragapult||ChoiceBand|ClearBody|DragonDarts,Uturn,PhantomForce,DoubleEdge|||F|||50|,,,,,Normal
|inactive|Battle timer is ON: inactive players will automatically lose when time's up. (requested by danicruz.music)
|inactive|IronStandsEternal has 60 seconds left.
|
|t:|1757081879
|teamsize|p1|4
|teamsize|p2|4
|start
|switch|p1a: Volcarona|Volcarona, L50, M|100/100
|switch|p1b: Dragonite|Dragonite, L50, M|100/100
|switch|p2a: Weezing|Weezing-Galar, L50, M|100/100
|switch|p2b: Dragapult|Dragapult, L50, F|100/100
|-ability|p2a: Weezing|Neutralizing Gas
|turn|1
|inactive|IronStandsEternal has 30 seconds left.
|
|t:|1757081908
|-terastallize|p1a: Volcarona|Fairy
|move|p1b: Dragonite|Protect|p1b: Dragonite
|-singleturn|p1b: Dragonite|Protect
|move|p2b: Dragapult|Dragon Darts|p1a: Volcarona
|-immune|p1a: Volcarona
|move|p1a: Volcarona|Will-O-Wisp|p2b: Dragapult
|-status|p2b: Dragapult|brn
|move|p2a: Weezing|Sludge Bomb|p1b: Dragonite
|-activate|p1b: Dragonite|move: Protect
|
|-damage|p2b: Dragapult|94/100 brn|[from] brn
|upkeep
|turn|2
|inactive|IronStandsEternal has 30 seconds left.
|
|t:|1757081937
|move|p1a: Volcarona|Rage Powder|p1a: Volcarona
|-singleturn|p1a: Volcarona|move: Rage Powder
|move|p2b: Dragapult|Dragon Darts|p1a: Volcarona
|-immune|p1a: Volcarona
|move|p1b: Dragonite|Scale Shot|p2b: Dragapult
|-supereffective|p2b: Dragapult
|-damage|p2b: Dragapult|54/100 brn
|-supereffective|p2b: Dragapult
|-crit|p2b: Dragapult
|-damage|p2b: Dragapult|0 fnt
|faint|p2b: Dragapult
|-hitcount|p2: Dragapult|2
|-unboost|p1b: Dragonite|def|1
|-boost|p1b: Dragonite|spe|1
|move|p2a: Weezing|Sludge Bomb|p1a: Volcarona
|-supereffective|p1a: Volcarona
|-damage|p1a: Volcarona|25/100
|
|upkeep
|
|t:|1757081943
|switch|p2b: Archaludon|Archaludon, L50, F|100/100
|turn|3
|inactive|IronStandsEternal has 30 seconds left.
|
|t:|1757081971
|move|p2b: Archaludon|Protect|p2b: Archaludon
|-singleturn|p2b: Archaludon|Protect
|move|p1b: Dragonite|Scale Shot|p2b: Archaludon
|-activate|p2b: Archaludon|move: Protect
|move|p1a: Volcarona|Overheat|p2b: Archaludon
|-activate|p2b: Archaludon|move: Protect
|move|p2a: Weezing|Dazzling Gleam|p1b: Dragonite|[spread] p1a,p1b
|-supereffective|p1b: Dragonite
|-damage|p1a: Volcarona|2/100
|-damage|p1b: Dragonite|42/100
|
|upkeep
|turn|4
|inactive|IronStandsEternal has 30 seconds left.
|inactive|IronStandsEternal has 20 seconds left.
|inactive|IronStandsEternal has 15 seconds left.
|inactive|IronStandsEternal has 10 seconds left.
|inactive|IronStandsEternal has 5 seconds left.
|
|t:|1757082022
|-terastallize|p2b: Archaludon|Electric
|move|p1b: Dragonite|Low Kick|p2b: Archaludon
|-damage|p2b: Archaludon|76/100
|move|p1a: Volcarona|Overheat|p2b: Archaludon|[miss]
|-miss|p1a: Volcarona|p2b: Archaludon
|move|p2b: Archaludon|Electro Shot||[still]
|-prepare|p2b: Archaludon|Electro Shot
|-boost|p2b: Archaludon|spa|1
|-enditem|p2b: Archaludon|Power Herb
|-anim|p2b: Archaludon|Electro Shot|p1b: Dragonite
|-damage|p1b: Dragonite|0 fnt
|faint|p1b: Dragonite
|move|p2a: Weezing|Dazzling Gleam|p1a: Volcarona
|-damage|p1a: Volcarona|0 fnt
|faint|p1a: Volcarona
|
|upkeep
|
|t:|1757082031
|switch|p1a: Sneasler|Sneasler, L50, M|100/100
|switch|p1b: Ninetales|Ninetales-Alola, L50, F|100/100
|turn|5
|inactive|IronStandsEternal has 30 seconds left.
|inactive|IronStandsEternal has 20 seconds left.
|inactive|IronStandsEternal has 15 seconds left.
|inactive|IronStandsEternal has 10 seconds left.
|
|t:|1757082080
|move|p1a: Sneasler|Close Combat|p2b: Archaludon
|-damage|p2b: Archaludon|28/100
|-unboost|p1a: Sneasler|def|1
|-unboost|p1a: Sneasler|spd|1
|-enditem|p1a: Sneasler|White Herb
|-clearnegativeboost|p1a: Sneasler|[silent]
|move|p1b: Ninetales|Blizzard|p2b: Archaludon|[spread] p2a,p2b
|-crit|p2b: Archaludon
|-damage|p2a: Weezing|35/100
|-damage|p2b: Archaludon|0 fnt
|faint|p2b: Archaludon
|move|p2a: Weezing|Sludge Bomb|p1b: Ninetales
|-supereffective|p1b: Ninetales
|-damage|p1b: Ninetales|5/100
|
|upkeep
|
|t:|1757082089
|switch|p2b: Pelipper|Pelipper, L50, F|100/100
|turn|6
|
|t:|1757082105
|move|p1a: Sneasler|Dire Claw|p2b: Pelipper
|-crit|p2b: Pelipper
|-damage|p2b: Pelipper|39/100
|move|p1b: Ninetales|Blizzard|p2a: Weezing|[spread] p2a,p2b
|-damage|p2a: Weezing|0 fnt
|-damage|p2b: Pelipper|0 fnt
|faint|p2a: Weezing
|-end|p2a: Weezing|ability: Neutralizing Gas
|-weather|Snowscape|[from] ability: Snow Warning|[of] p1b: Ninetales
|-weather|RainDance|[from] ability: Drizzle|[of] p2b: Pelipper
|faint|p2b: Pelipper
|
|win|IronStandsEternal
|l|☆danicruz.music
|player|p2|
||danicruz.music is ready for game 3.
|inactive|IronStandsEternal has 30 seconds to confirm battle start!
|inactive|IronStandsEternal has 20 seconds to confirm battle start!
||IronStandsEternal is ready for game 3.
|uhtml|next|Next: Game 3 of 3
