|j|☆f27 BuffLucario
|j|☆Nesuts
|html|f27 BuffLucarioNesuts    
|uhtml|bestof|Game 2 of a best-of-3
|t:|1785081687
|gametype|doubles
|player|p1|f27 BuffLucario|265|
|player|p2|Nesuts|blue|
|gen|9
|tier|[Gen 9 Champions] VGC 2026 Reg M-B (Bo3)
|rule|Species Clause: Limit one of each Pokémon
|rule|Item Clause: Limit 1 of each item
|clearpoke
|poke|p1|Gardevoir, L50, F|
|poke|p1|Maushold-Four, L50|
|poke|p1|Basculegion, L50, M|
|poke|p1|Garchomp, L50, F|
|poke|p1|Kingambit, L50, M|
|poke|p1|Talonflame, L50, M|
|poke|p2|Staraptor, L50, M|
|poke|p2|Vanilluxe, L50, M|
|poke|p2|Farigiraf, L50, M|
|poke|p2|Blastoise, L50, M|
|poke|p2|Kingambit, L50, M|
|poke|p2|Camerupt, L50, M|
|teampreview|4
|showteam|p1|Gardevoir||Gardevoirite|Trace|HyperVoice,Psyshock,TrickRoom,Protect|Modest||F|||50|]Maushold-Four||ChopleBerry|FriendGuard|Feint,FollowMe,Protect,SuperFang|Impish|||||50|]Basculegion||MysticWater|Adaptability|WaveCrash,AquaJet,LastRespects,Protect|Adamant||M|||50|]Garchomp||SitrusBerry|RoughSkin|Earthquake,StompingTantrum,Protect,RockTomb|Jolly||F|||50|]Kingambit||FocusSash|Defiant|KowtowCleave,SuckerPunch,IronHead,LowKick|Adamant||M|||50|]Talonflame||LifeOrb|GaleWings|BraveBird,Protect,Tailwind,FlareBlitz|Jolly||M|||50|
|showteam|p2|Staraptor||ChoiceScarf|Intimidate|FinalGambit,BraveBird,CloseCombat,Uturn|Jolly||M|||50|]Vanilluxe||NeverMeltIce|SnowWarning|Blizzard,FreezeDry,Protect,IceShard|Quiet||M|||50|]Farigiraf||SitrusBerry|ArmorTail|PsychicFangs,HyperVoice,HelpingHand,TrickRoom|Relaxed||M|||50|]Blastoise||Blastoisinite|RainDish|FakeOut,WaterSpout,AuraSphere,DarkPulse|Quiet||M|||50|]Kingambit||LifeOrb|Defiant|KowtowCleave,IronHead,Protect,SuckerPunch|Brave||M|||50|]Camerupt||Cameruptite|SolidRock|HeatWave,EarthPower,Protect,AncientPower|Quiet||M|||50|
|j| f50 NemesisVGC
|j| kotamager34
|inactive|Battle timer is ON: inactive players will automatically lose when time's up. (requested by Nesuts)
|j| WeatherCode76
|
|t:|1785081701
|teamsize|p1|4
|teamsize|p2|4
|start
|switch|p1a: Gardevoir|Gardevoir, L50, F|100/100
|switch|p1b: Maushold|Maushold-Four, L50|100/100
|switch|p2a: Brachiosaur|Farigiraf, L50, M|100/100
|switch|p2b: Blastoise|Blastoise, L50, M|100/100
|-ability|p1a: Gardevoir|Rain Dish|Trace|[from] ability: Trace|[of] p2b: Blastoise
|turn|1
|j| BygameJorge
|inactive|Nesuts has 30 seconds left.
|inactive|Nesuts has 20 seconds left.
|inactive|Nesuts has 15 seconds left.
|inactive|Nesuts has 10 seconds left.
|
|t:|1785081747
|switch|p2b: Samurai Edge|Kingambit, L50, M|100/100
|detailschange|p1a: Gardevoir|Gardevoir-Mega, L50, F
|-mega|p1a: Gardevoir|Gardevoir|Gardevoirite
|move|p1b: Maushold|Super Fang|p2b: Samurai Edge
|-damage|p2b: Samurai Edge|50/100g
|move|p1a: Gardevoir|Hyper Voice|p2b: Samurai Edge|[spread] p2a,p2b
|-damage|p2a: Brachiosaur|54/100
|-damage|p2b: Samurai Edge|6/100
|move|p2a: Brachiosaur|Trick Room|p2a: Brachiosaur
|-fieldstart|move: Trick Room|[of] p2a: Brachiosaur
|
|upkeep
|turn|2
|
|t:|1785081771
|move|p1b: Maushold|Follow Me|p1b: Maushold
|-singleturn|p1b: Maushold|move: Follow Me
|move|p2b: Samurai Edge|Iron Head|p1b: Maushold
|-damage|p1b: Maushold|37/100
|-damage|p2b: Samurai Edge|0 fnt|[from] item: Life Orb
|faint|p2b: Samurai Edge
|move|p2a: Brachiosaur|Hyper Voice|p1a: Gardevoir|[spread] p1a,p1b
|-damage|p1a: Gardevoir|84/100
|-damage|p1b: Maushold|8/100
|move|p1a: Gardevoir|Trick Room|p1a: Gardevoir
|-fieldend|move: Trick Room
|
|upkeep
|
|t:|1785081782
|switch|p2b: Blastoise|Blastoise, L50, M|100/100
|turn|3
|
|t:|1785081792
|detailschange|p2b: Blastoise|Blastoise-Mega, L50, M
|-mega|p2b: Blastoise|Blastoise|Blastoisinite
|move|p2b: Blastoise|Fake Out|p1b: Maushold
|-damage|p1b: Maushold|0 fnt
|faint|p1b: Maushold
|move|p1a: Gardevoir|Hyper Voice|p2a: Brachiosaur|[spread] p2a,p2b
|-damage|p2a: Brachiosaur|9/100
|-damage|p2b: Blastoise|58/100
|-enditem|p2a: Brachiosaur|Sitrus Berry|[eat]
|-heal|p2a: Brachiosaur|34/100|[from] item: Sitrus Berry
|move|p2a: Brachiosaur|Trick Room|p2a: Brachiosaur
|-fieldstart|move: Trick Room|[of] p2a: Brachiosaur
|
|upkeep
|
|t:|1785081801
|switch|p1b: Basculegion|Basculegion, L50, M|100/100
|turn|4
|
|t:|1785081821
|move|p2a: Brachiosaur|Psychic Fangs|p1a: Gardevoir
|-resisted|p1a: Gardevoir|1
|-damage|p1a: Gardevoir|68/100
|move|p2b: Blastoise|Dark Pulse|p1a: Gardevoir
|-damage|p1a: Gardevoir|30/100
|move|p1b: Basculegion|Last Respects|p2b: Blastoise
|-damage|p2b: Blastoise|0 fnt
|faint|p2b: Blastoise
|move|p1a: Gardevoir|Trick Room|p1a: Gardevoir
|-fieldend|move: Trick Room
|
|upkeep
|
|t:|1785081831
|switch|p2b: Vanilluxe|Vanilluxe, L50, M|100/100
|-weather|Snowscape|[from] ability: Snow Warning|[of] p2b: Vanilluxe
|turn|5
|
|t:|1785081839
|move|p1a: Gardevoir|Hyper Voice|p2a: Brachiosaur|[spread] p2a,p2b
|-damage|p2a: Brachiosaur|0 fnt
|-damage|p2b: Vanilluxe|52/100
|faint|p2a: Brachiosaur
|move|p1b: Basculegion|Wave Crash|p2b: Vanilluxe
|-damage|p2b: Vanilluxe|0 fnt
|faint|p2b: Vanilluxe
|-damage|p1b: Basculegion|84/100|[from] Recoil
|
|win|f27 BuffLucario
|c|☆f27 BuffLucario|Gg
|c|☆Nesuts|gg
|l| f50 NemesisVGC
|l|☆Nesuts
|player|p2|
|l| BygameJorge
|l| kotamager34
|l|☆f27 BuffLucario
|player|p1|
|l| WeatherCode76
|j|☆f27 BuffLucario
|player|p1|f27 BuffLucario|265|
