|j|☆wingblade33
|j|☆Im_Neutro
|html|wingblade33Im_Neutro    
|uhtml|bestof|Game 1 of a best-of-3
|t:|1784746393
|gametype|doubles
|player|p1|wingblade33|266|1108
|player|p2|Im_Neutro|noland|1190
|gen|9
|tier|[Gen 9 Champions] VGC 2026 Reg M-B (Bo3)
|rated|
|rule|Species Clause: Limit one of each Pokémon
|rule|Item Clause: Limit 1 of each item
|clearpoke
|poke|p1|Tyranitar, L50, M|
|poke|p1|Milotic, L50, M|
|poke|p1|Farigiraf, L50, M|
|poke|p1|Gholdengo, L50|
|poke|p1|Excadrill, L50, M|
|poke|p1|Staraptor, L50, M|
|poke|p2|Gengar, L50, F|
|poke|p2|Kingambit, L50, F|
|poke|p2|Incineroar, L50, M|
|poke|p2|Farigiraf, L50, M|
|poke|p2|Sylveon, L50, F|
|poke|p2|Kommo-o, L50, F|
|teampreview|4
|showteam|p1|Tyranitar||Tyranitarite|SandStream|KnockOff,DragonDance,RockSlide,Protect|Adamant||M|||50|]Milotic||Leftovers|Competitive|IcyWind,Scald,Haze,Protect|Calm||M|||50|]Farigiraf||SitrusBerry|ArmorTail|Psychic,TrickRoom,Roar,Thunderbolt|Modest||M|||50|]Gholdengo||LifeOrb|GoodasGold|MakeItRain,ShadowBall,NastyPlot,Protect|Modest|||||50|]Excadrill||FocusSash|SandRush|HighHorsepower,IronHead,RockSlide,Protect|Adamant||M|||50|]Staraptor||Staraptite|Intimidate|CloseCombat,BraveBird,Tailwind,Protect|Jolly||M|||50|
|showteam|p2|Gengar||Gengarite|CursedBody|PerishSong,Protect,ShadowBall,Disable|Timid||F|||50|]Kingambit||BlackGlasses|Defiant|KowtowCleave,IronHead,SuckerPunch,Protect|Brave||F|||50|]Incineroar||PasshoBerry|Intimidate|FlareBlitz,FakeOut,PartingShot,Protect|Relaxed||M|||50|]Farigiraf||ColburBerry|ArmorTail|TrickRoom,Roar,Protect,TwinBeam|Sassy||M|||50|]Sylveon||LifeOrb|Pixilate|HyperVoice,Detect,HyperBeam,QuickAttack|Quiet||F|||50|]Kommo-o||Leftovers|Soundproof|ClangorousSoul,ClangingScales,AuraSphere,Protect|Modest||F|||50|
|inactive|Battle timer is ON: inactive players will automatically lose when time's up. (requested by Im_Neutro)
|
|t:|1784746414
|teamsize|p1|4
|teamsize|p2|4
|start
|switch|p1a: Farigiraf|Farigiraf, L50, M|100/100
|switch|p1b: Tyranitar|Tyranitar, L50, M|100/100
|switch|p2a: Gengar|Gengar, L50, F|100/100
|switch|p2b: Incineroar|Incineroar, L50, M|100/100
|-weather|Sandstorm|[from] ability: Sand Stream|[of] p1b: Tyranitar
|-ability|p2b: Incineroar|Intimidate|boost
|-unboost|p1a: Farigiraf|atk|1
|-unboost|p1b: Tyranitar|atk|1
|turn|1
|inactive|wingblade33 has 30 seconds left.
|inactive|Im_Neutro has 30 seconds left.
|inactive|wingblade33 has 20 seconds left.
|inactive|Im_Neutro has 20 seconds left.
|inactive|Im_Neutro has 15 seconds left.
|inactive|wingblade33 has 15 seconds left.
|inactive|wingblade33 has 10 seconds left.
|inactive|wingblade33 has 5 seconds left.
|
|t:|1784746473
|detailschange|p2a: Gengar|Gengar-Mega, L50, F
|-mega|p2a: Gengar|Gengar|Gengarite
|detailschange|p1b: Tyranitar|Tyranitar-Mega, L50, M
|-mega|p1b: Tyranitar|Tyranitar|Tyranitarite
|move|p2a: Gengar|Protect|p2a: Gengar
|-singleturn|p2a: Gengar|Protect
|move|p1b: Tyranitar|Rock Slide|p2b: Incineroar|[spread] p2b
|-activate|p2a: Gengar|move: Protect
|-supereffective|p2b: Incineroar|1
|-damage|p2b: Incineroar|66/100
|move|p1a: Farigiraf|Psychic|p2a: Gengar
|-activate|p2a: Gengar|move: Protect
|move|p2b: Incineroar|Parting Shot|p1b: Tyranitar
|-unboost|p1b: Tyranitar|atk|1
|-unboost|p1b: Tyranitar|spa|1
|inactive|Im_Neutro has 30 seconds left.
|inactive|Im_Neutro has 20 seconds left.
|inactive|Im_Neutro has 15 seconds left.
|
|t:|1784746515
|switch|p2b: Kingambit|Kingambit, L50, F|100/100|[from] Parting Shot
|
|-weather|Sandstorm|[upkeep]
|-damage|p2a: Gengar|94/100|[from] Sandstorm
|-damage|p1a: Farigiraf|93/100|[from] Sandstorm
|upkeep
|turn|2
|inactive|wingblade33 has 30 seconds left.
|inactive|Im_Neutro has 30 seconds left.
|
|t:|1784746542
|move|p2a: Gengar|Disable|p1b: Tyranitar
|-start|p1b: Tyranitar|Disable|Rock Slide
|move|p1b: Tyranitar|Knock Off|p2b: Kingambit
|-resisted|p2b: Kingambit|1
|-damage|p2b: Kingambit|89/100
|-enditem|p2b: Kingambit|Black Glasses|[from] move: Knock Off|[of] p1b: Tyranitar
|move|p2b: Kingambit|Kowtow Cleave|p1a: Farigiraf
|-supereffective|p1a: Farigiraf|1
|-damage|p1a: Farigiraf|11/100
|-enditem|p1a: Farigiraf|Sitrus Berry|[eat]
|-heal|p1a: Farigiraf|36/100|[from] item: Sitrus Berry
|move|p1a: Farigiraf|Roar|p2a: Gengar
|drag|p2a: Kommo-o|Kommo-o, L50, F|100/100
|
|-weather|Sandstorm|[upkeep]
|-damage|p2a: Kommo-o|93/100|[from] Sandstorm
|-damage|p1a: Farigiraf|30/100|[from] Sandstorm
|-heal|p2a: Kommo-o|100/100|[from] item: Leftovers
|upkeep
|turn|3
|inactive|wingblade33 has 30 seconds left.
|inactive|wingblade33 has 20 seconds left.
|inactive|wingblade33 has 15 seconds left.
|
|t:|1784746584
|switch|p1b: Gholdengo|Gholdengo, L50|100/100
|switch|p1a: Excadrill|Excadrill, L50, M|100/100
|move|p2a: Kommo-o|Clangorous Soul|p2a: Kommo-o
|-boost|p2a: Kommo-o|atk|1
|-boost|p2a: Kommo-o|def|1
|-boost|p2a: Kommo-o|spa|1
|-boost|p2a: Kommo-o|spd|1
|-boost|p2a: Kommo-o|spe|1
|-damage|p2a: Kommo-o|67/100
|move|p2b: Kingambit|Kowtow Cleave|p1a: Excadrill
|-damage|p1a: Excadrill|30/100
|
|-weather|Sandstorm|[upkeep]
|-damage|p2a: Kommo-o|61/100|[from] Sandstorm
|-heal|p2a: Kommo-o|67/100|[from] item: Leftovers
|upkeep
|turn|4
|inactive|Im_Neutro has 30 seconds left.
|inactive|Im_Neutro has 20 seconds left.
|inactive|Im_Neutro has 15 seconds left.
|inactive|Im_Neutro has 10 seconds left.
|inactive|Im_Neutro has 5 seconds left.
|
|t:|1784746634
|switch|p1a: Farigiraf|Farigiraf, L50, M|30/100
|move|p2b: Kingambit|Sucker Punch||[still]
|cant|p1a: Farigiraf|ability: Armor Tail|Sucker Punch|[of] p2b: Kingambit
|move|p2a: Kommo-o|Clanging Scales|p1a: Farigiraf|[spread] p1a,p1b
|-resisted|p1b: Gholdengo|1
|-damage|p1a: Farigiraf|0 fnt
|-damage|p1b: Gholdengo|71/100
|faint|p1a: Farigiraf
|-unboost|p2a: Kommo-o|def|1
|move|p1b: Gholdengo|Shadow Ball|p2a: Kommo-o
|-damage|p2a: Kommo-o|27/100
|-damage|p1b: Gholdengo|61/100|[from] item: Life Orb
|
|-weather|Sandstorm|[upkeep]
|-damage|p2a: Kommo-o|21/100|[from] Sandstorm
|-heal|p2a: Kommo-o|27/100|[from] item: Leftovers
|upkeep
|
|t:|1784746652
|switch|p1a: Excadrill|Excadrill, L50, M|30/100
|turn|5
|
|t:|1784746669
|move|p2a: Kommo-o|Protect|p2a: Kommo-o
|-singleturn|p2a: Kommo-o|Protect
|move|p2b: Kingambit|Sucker Punch|p1a: Excadrill
|-damage|p1a: Excadrill|0 fnt
|faint|p1a: Excadrill
|move|p1b: Gholdengo|Shadow Ball|p2a: Kommo-o
|-activate|p2a: Kommo-o|move: Protect
|
|-weather|none
|-heal|p2a: Kommo-o|33/100|[from] item: Leftovers
|upkeep
|
|t:|1784746671
|switch|p1a: Tyranitar|Tyranitar-Mega, L50, M|100/100
|-weather|Sandstorm|[from] ability: Sand Stream|[of] p1a: Tyranitar
|turn|6
|
|t:|1784746684
|move|p1b: Gholdengo|Protect|p1b: Gholdengo
|-singleturn|p1b: Gholdengo|Protect
|move|p2b: Kingambit|Sucker Punch||[still]
|-fail|p2b: Kingambit
|move|p2a: Kommo-o|Aura Sphere|p1a: Tyranitar
|-supereffective|p1a: Tyranitar|2
|-damage|p1a: Tyranitar|0 fnt
|faint|p1a: Tyranitar
|
|-weather|Sandstorm|[upkeep]
|-damage|p2a: Kommo-o|27/100|[from] Sandstorm
|-heal|p2a: Kommo-o|33/100|[from] item: Leftovers
|upkeep
|turn|7
|-message|wingblade33 forfeited.
|
|win|Im_Neutro
