|j|☆zeclos
|j|☆illll_cn
|html|zeclosillll_cn    
|uhtml|bestof|Game 2 of a best-of-3
|t:|1757670578
|gametype|doubles
|player|p1|zeclos|170|1043
|player|p2|illll_cn|backersf|1128
|gen|9
|tier|[Gen 9] VGC 2025 Reg H (Bo3)
|rated|
|rule|Species Clause: Limit one of each Pokémon
|rule|Item Clause: Limit 1 of each item
|clearpoke
|poke|p1|Sylveon, L50, F|
|poke|p1|Gholdengo, L50|
|poke|p1|Dragonite, L50, M|
|poke|p1|Whimsicott, L50, F|
|poke|p1|Typhlosion-Hisui, L50, M|
|poke|p1|Scrafty, L50, M|
|poke|p2|Rillaboom, L50, F|
|poke|p2|Sneasler, L50, F|
|poke|p2|Archaludon, L50, M|
|poke|p2|Pelipper, L50, M|
|poke|p2|Ursaluna-Bloodmoon, L50, M|
|poke|p2|Sinistcha, L50|
|teampreview|4
|showteam|p1|Sylveon||ChoiceSpecs|Pixilate|HyperVoice,HyperBeam,TeraBlast,ShadowBall|||F|||50|,,,,,Fire]Gholdengo||LifeOrb|GoodasGold|MakeItRain,ShadowBall,Protect,NastyPlot||||||50|,,,,,Steel]Dragonite||LoadedDice|Multiscale|ScaleShot,Protect,ExtremeSpeed,Haze|||M|||50|,,,,,Fairy]Whimsicott||CovertCloak|Prankster|Tailwind,Moonblast,Encore,SunnyDay|||F|||50|,,,,,Ghost]Typhlosion-Hisui||ChoiceScarf|Blaze|Eruption,HeatWave,ShadowBall,Flamethrower|||M|||50|,,,,,Fire]Scrafty||AssaultVest|Intimidate|FakeOut,KnockOff,CloseCombat,DrainPunch|||M|||50|,,,,,Poison
|showteam|p2|Rillaboom||AssaultVest|GrassySurge|GrassyGlide,FakeOut,Uturn,WoodHammer|||F|||50|,,,,,Fire]Sneasler||GrassySeed|Unburden|DireClaw,FakeOut,ThroatChop,CloseCombat|||F|||50|,,,,,Dark]Archaludon||PowerHerb|Stamina|ElectroShot,Protect,DracoMeteor,BodyPress|||M|||50|,,,,,Bug]Pelipper||FocusSash|Drizzle|Protect,WeatherBall,Hurricane,Tailwind|||M|||50|,,,,,Ghost]Ursaluna-Bloodmoon||LifeOrb|MindsEye|BloodMoon,EarthPower,HyperVoice,Protect|||M|||50|,,,,,Ghost]Sinistcha||SitrusBerry|Hospitality|MatchaGotcha,ShadowBall,TrickRoom,RagePowder||||||50|,,,,,Water
|inactive|Battle timer is ON: inactive players will automatically lose when time's up. (requested by zeclos)
|
|t:|1757670598
|teamsize|p1|4
|teamsize|p2|4
|start
|switch|p1a: Scrafty|Scrafty, L50, M|100/100
|switch|p1b: Gholdengo|Gholdengo, L50|100/100
|switch|p2a: Rillaboom|Rillaboom, L50, F|100/100
|switch|p2b: Sneasler|Sneasler, L50, F|100/100
|-fieldstart|move: Grassy Terrain|[from] ability: Grassy Surge|[of] p2a: Rillaboom
|-enditem|p2b: Sneasler|Grassy Seed
|-boost|p2b: Sneasler|def|1|[from] item: Grassy Seed
|-ability|p1a: Scrafty|Intimidate|boost
|-unboost|p2a: Rillaboom|atk|1
|-unboost|p2b: Sneasler|atk|1
|turn|1
|inactive|illll_cn has 30 seconds left.
|inactive|illll_cn has 20 seconds left.
|
|t:|1757670636
|move|p1a: Scrafty|Fake Out|p2b: Sneasler
|-damage|p2b: Sneasler|86/100
|cant|p2b: Sneasler|flinch
|move|p1b: Gholdengo|Nasty Plot|p1b: Gholdengo
|-boost|p1b: Gholdengo|spa|2
|move|p2a: Rillaboom|U-turn|p1a: Scrafty
|-damage|p1a: Scrafty|85/100
|
|t:|1757670649
|switch|p2a: Pelipper|Pelipper, L50, M|100/100|[from] U-turn
|-weather|RainDance|[from] ability: Drizzle|[of] p2a: Pelipper
|
|-weather|RainDance|[upkeep]
|-heal|p2b: Sneasler|92/100|[from] Grassy Terrain
|-heal|p1a: Scrafty|91/100|[from] Grassy Terrain
|upkeep
|turn|2
|
|t:|1757670662
|-terastallize|p2b: Sneasler|Dark
|move|p2b: Sneasler|Throat Chop|p1b: Gholdengo
|-supereffective|p1b: Gholdengo
|-damage|p1b: Gholdengo|26/100
|-start|p1b: Gholdengo|Throat Chop|[silent]
|move|p1b: Gholdengo|Make It Rain|p2b: Sneasler|[spread] p2a,p2b
|-resisted|p2a: Pelipper
|-enditem|p2a: Pelipper|Focus Sash
|-damage|p2a: Pelipper|1/100
|-damage|p2b: Sneasler|0 fnt
|-unboost|p1b: Gholdengo|spa|1
|faint|p2b: Sneasler
|-damage|p1b: Gholdengo|16/100|[from] item: Life Orb
|move|p2a: Pelipper|Tailwind|p2a: Pelipper
|-sidestart|p2: illll_cn|move: Tailwind
|move|p1a: Scrafty|Knock Off|p2a: Pelipper
|-damage|p2a: Pelipper|0 fnt
|faint|p2a: Pelipper
|
|-weather|RainDance|[upkeep]
|-heal|p1b: Gholdengo|22/100|[from] Grassy Terrain
|-heal|p1a: Scrafty|97/100|[from] Grassy Terrain
|upkeep
|
|t:|1757670679
|switch|p2b: Ursaluna|Ursaluna-Bloodmoon, L50, M|100/100
|switch|p2a: Rillaboom|Rillaboom, L50, F|100/100
|turn|3
|
|t:|1757670695
|move|p1b: Gholdengo|Protect|p1b: Gholdengo
|-singleturn|p1b: Gholdengo|Protect
|move|p2a: Rillaboom|Fake Out|p1a: Scrafty
|-damage|p1a: Scrafty|84/100
|move|p2b: Ursaluna|Earth Power|p1b: Gholdengo
|-activate|p1b: Gholdengo|move: Protect
|cant|p1a: Scrafty|flinch
|
|-weather|RainDance|[upkeep]
|-heal|p1b: Gholdengo|28/100|[from] Grassy Terrain
|-heal|p1a: Scrafty|90/100|[from] Grassy Terrain
|-end|p1b: Gholdengo|Throat Chop|[silent]
|upkeep
|turn|4
|inactive|illll_cn has 30 seconds left.
|
|t:|1757670721
|move|p2a: Rillaboom|Wood Hammer|p1a: Scrafty
|-damage|p1a: Scrafty|17/100
|-damage|p2a: Rillaboom|80/100|[from] Recoil
|move|p2b: Ursaluna|Hyper Voice|p1a: Scrafty|[spread] p1a,p1b
|-resisted|p1b: Gholdengo
|-damage|p1a: Scrafty|0 fnt
|-damage|p1b: Gholdengo|0 fnt
|faint|p1a: Scrafty
|faint|p1b: Gholdengo
|-damage|p2b: Ursaluna|90/100|[from] item: Life Orb
|
|-weather|RainDance|[upkeep]
|-heal|p2a: Rillaboom|86/100|[from] Grassy Terrain
|-heal|p2b: Ursaluna|96/100|[from] Grassy Terrain
|upkeep
|
|t:|1757670730
|switch|p1b: Typhlosion|Typhlosion-Hisui, L50, M|100/100
|switch|p1a: Whimsicott|Whimsicott, L50, F|100/100
|turn|5
|
|t:|1757670747
|-terastallize|p1b: Typhlosion|Fire
|move|p1a: Whimsicott|Sunny Day|p1a: Whimsicott
|-weather|SunnyDay
|move|p1b: Typhlosion|Eruption|p2a: Rillaboom|[spread] p2a,p2b
|-supereffective|p2a: Rillaboom
|-damage|p2a: Rillaboom|0 fnt
|-damage|p2b: Ursaluna|0 fnt
|faint|p2a: Rillaboom
|faint|p2b: Ursaluna
|
|win|zeclos
||zeclos is ready for game 3.
||illll_cn is ready for game 3.
|uhtml|next|Next: Game 3 of 3
|l|☆illll_cn
|player|p2|
|l|☆zeclos
|player|p1|
