|j|☆cocacolaindahhouse
|j|☆txabo mctxabo
|html|cocacolaindahhousetxabo mctxabo    
|uhtml|bestof|Game 2 of a best-of-3
|t:|1755726404
|gametype|doubles
|player|p1|cocacolaindahhouse|170|1210
|player|p2|txabo mctxabo|2|1154
|gen|9
|tier|[Gen 9] VGC 2025 Reg H (Bo3)
|rated|
|rule|Species Clause: Limit one of each Pokémon
|rule|Item Clause: Limit 1 of each item
|clearpoke
|poke|p1|Rillaboom, L50, M|
|poke|p1|Magmar, L50, M|
|poke|p1|Kingambit, L50, M|
|poke|p1|Ninetales-Alola, L50, M|
|poke|p1|Basculegion, L50, M|
|poke|p1|Sneasler, L50, F|
|poke|p2|Gliscor, L50, F|
|poke|p2|Dondozo, L50, F|
|poke|p2|Gholdengo, L50|
|poke|p2|Rillaboom, L50, M|
|poke|p2|Dragapult, L50, M|
|poke|p2|Pawmot, L50, M|
|teampreview|4
|showteam|p1|Rillaboom||AssaultVest|GrassySurge|WoodHammer,GrassyGlide,Uturn,FakeOut|||M|||50|,,,,,Water]Magmar||Eviolite|VitalSpirit|Taunt,HeatWave,FollowMe,Protect|||M|||50|,,,,,Water]Kingambit||SafetyGoggles|Defiant|KowtowCleave,SuckerPunch,SwordsDance,Protect|||M|||50|,,,,,Fire]Ninetales-Alola||LifeOrb|SnowWarning|Blizzard,FreezeDry,Encore,Protect|||M|||50|,,,,,Ghost]Basculegion||ChoiceScarf|Adaptability|WaveCrash,LastRespects,FlipTurn,TeraBlast|||M|||50|,,,,,Fighting]Sneasler||FocusSash|Unburden|CloseCombat,DireClaw,FakeOut,Protect|||F|||50|,,,,,Stellar
|showteam|p2|Gliscor||ToxicOrb|PoisonHeal|SandTomb,Protect,DualWingbeat,HighHorsepower|||F|||50|,,,,,Water]Dondozo||Leftovers|Unaware|Yawn,WaveCrash,Protect,Fissure|||F|||50|,,,,,Poison]Gholdengo||ChoiceScarf|GoodasGold|MakeItRain,ShadowBall,Trick,Thunderbolt||||||50|,,,,,Steel]Rillaboom||MiracleSeed|GrassySurge|FakeOut,GrassyGlide,WoodHammer,Uturn|||M|||50|,,,,,Fire]Dragapult||ChoiceBand|ClearBody|DragonDarts,Uturn,Outrage,PhantomForce|||M|||50|,,,,,Dragon]Pawmot||FocusSash|NaturalCure|FakeOut,RevivalBlessing,CloseCombat,DoubleShock|||M|||50|,,,,,Electric
|inactive|Battle timer is ON: inactive players will automatically lose when time's up. (requested by txabo mctxabo)
|inactive|cocacolaindahhouse has 60 seconds left.
|
|t:|1755726445
|teamsize|p1|4
|teamsize|p2|4
|start
|switch|p1a: Magmar|Magmar, L50, M, shiny|100/100
|switch|p1b: Ninetales|Ninetales-Alola, L50, M, shiny|100/100
|switch|p2a: Gliscor|Gliscor, L50, F|100/100
|switch|p2b: Dondozo|Dondozo, L50, F|100/100
|-weather|Snowscape|[from] ability: Snow Warning|[of] p1b: Ninetales
|turn|1
|inactive|txabo mctxabo has 30 seconds left.
|
|t:|1755726478
|-terastallize|p1a: Magmar|Water
|move|p1b: Ninetales|Freeze-Dry|p2a: Gliscor
|-supereffective|p2a: Gliscor
|-damage|p2a: Gliscor|0 fnt
|faint|p2a: Gliscor
|-damage|p1b: Ninetales|91/100|[from] item: Life Orb
|move|p1a: Magmar|Taunt|p2b: Dondozo
|-start|p2b: Dondozo|move: Taunt
|move|p2b: Dondozo|Wave Crash|p1a: Magmar
|-resisted|p1a: Magmar
|-damage|p1a: Magmar|84/100
|-damage|p2b: Dondozo|97/100|[from] Recoil
|
|-weather|Snowscape|[upkeep]
|-heal|p2b: Dondozo|100/100|[from] item: Leftovers
|upkeep
|
|t:|1755726485
|switch|p2a: Pawmot|Pawmot, L50, M|100/100
|turn|2
|
|t:|1755726506
|move|p1a: Magmar|Protect|p1a: Magmar
|-singleturn|p1a: Magmar|Protect
|move|p1b: Ninetales|Blizzard|p2b: Dondozo|[spread] p2a,p2b
|-resisted|p2b: Dondozo
|-damage|p2a: Pawmot|32/100
|-damage|p2b: Dondozo|88/100
|-damage|p1b: Ninetales|82/100|[from] item: Life Orb
|move|p2a: Pawmot|Revival Blessing|p2a: Pawmot
|
|t:|1755726515
|-heal|p2: Gliscor|50/100|[from] move: Revival Blessing
|move|p2b: Dondozo|Wave Crash|p1b: Ninetales
|-damage|p1b: Ninetales|43/100
|-damage|p2b: Dondozo|81/100|[from] Recoil
|
|-weather|Snowscape|[upkeep]
|-heal|p2b: Dondozo|87/100|[from] item: Leftovers
|upkeep
|turn|3
|
|t:|1755726538
|switch|p2a: Gholdengo|Gholdengo, L50|100/100
|move|p1a: Magmar|Follow Me|p1a: Magmar
|-singleturn|p1a: Magmar|move: Follow Me
|move|p1b: Ninetales|Blizzard|p2b: Dondozo|[spread] p2a,p2b
|-resisted|p2a: Gholdengo
|-resisted|p2b: Dondozo
|-damage|p2a: Gholdengo|78/100
|-damage|p2b: Dondozo|75/100
|-damage|p1b: Ninetales|33/100|[from] item: Life Orb
|move|p2b: Dondozo|Wave Crash|p1a: Magmar
|-resisted|p1a: Magmar
|-damage|p1a: Magmar|67/100
|-damage|p2b: Dondozo|71/100|[from] Recoil
|
|-weather|Snowscape|[upkeep]
|-heal|p2b: Dondozo|77/100|[from] item: Leftovers
|-end|p2b: Dondozo|move: Taunt
|upkeep
|turn|4
|
|t:|1755726563
|switch|p1b: Basculegion|Basculegion, L50, M, shiny|100/100
|move|p1a: Magmar|Follow Me|p1a: Magmar
|-singleturn|p1a: Magmar|move: Follow Me
|move|p2a: Gholdengo|Thunderbolt|p1a: Magmar
|-supereffective|p1a: Magmar
|-damage|p1a: Magmar|9/100
|move|p2b: Dondozo|Yawn|p1a: Magmar
|-immune|p1a: Magmar|[from] ability: Vital Spirit
|
|-weather|Snowscape|[upkeep]
|-heal|p2b: Dondozo|83/100|[from] item: Leftovers
|upkeep
|turn|5
|
|t:|1755726588
|switch|p2a: Gliscor|Gliscor, L50, F|50/100
|move|p1a: Magmar|Follow Me|p1a: Magmar
|-singleturn|p1a: Magmar|move: Follow Me
|move|p1b: Basculegion|Wave Crash|p2a: Gliscor
|-supereffective|p2a: Gliscor
|-damage|p2a: Gliscor|0 fnt
|faint|p2a: Gliscor
|-damage|p1b: Basculegion|86/100|[from] Recoil
|move|p2b: Dondozo|Wave Crash|p1a: Magmar
|-resisted|p1a: Magmar
|-damage|p1a: Magmar|0 fnt
|faint|p1a: Magmar
|-damage|p2b: Dondozo|81/100|[from] Recoil
|
|-weather|none
|-heal|p2b: Dondozo|88/100|[from] item: Leftovers
|upkeep
|
|t:|1755726607
|switch|p1a: Sneasler|Sneasler, L50, F|100/100
|switch|p2a: Pawmot|Pawmot, L50, M|32/100
|turn|6
|
|t:|1755726624
|move|p1a: Sneasler|Protect|p1a: Sneasler
|-singleturn|p1a: Sneasler|Protect
|move|p2a: Pawmot|Fake Out|p1a: Sneasler
|-activate|p1a: Sneasler|move: Protect
|move|p1b: Basculegion|Wave Crash|p2a: Pawmot
|-damage|p2a: Pawmot|0 fnt
|faint|p2a: Pawmot
|-damage|p1b: Basculegion|78/100|[from] Recoil
|move|p2b: Dondozo|Yawn|p1b: Basculegion
|-start|p1b: Basculegion|move: Yawn|[of] p2b: Dondozo
|
|-heal|p2b: Dondozo|94/100|[from] item: Leftovers
|upkeep
|
|t:|1755726632
|switch|p2a: Gholdengo|Gholdengo, L50|78/100
|turn|7
|inactive|txabo mctxabo has 30 seconds left.
|
|t:|1755726657
|switch|p1b: Ninetales|Ninetales-Alola, L50, M, shiny|33/100
|-weather|Snowscape|[from] ability: Snow Warning|[of] p1b: Ninetales
|move|p2a: Gholdengo|Make It Rain|p1a: Sneasler|[spread] p1a,p1b
|-supereffective|p1b: Ninetales
|-damage|p1a: Sneasler|26/100
|-damage|p1b: Ninetales|0 fnt
|-unboost|p2a: Gholdengo|spa|1
|faint|p1b: Ninetales
|move|p1a: Sneasler|Dire Claw|p2b: Dondozo
|-crit|p2b: Dondozo
|-damage|p2b: Dondozo|58/100
|move|p2b: Dondozo|Wave Crash|p1a: Sneasler
|-damage|p1a: Sneasler|0 fnt
|faint|p1a: Sneasler
|-damage|p2b: Dondozo|52/100|[from] Recoil
|
|-weather|Snowscape|[upkeep]
|-heal|p2b: Dondozo|59/100|[from] item: Leftovers
|upkeep
|
|t:|1755726677
|switch|p1b: Basculegion|Basculegion, L50, M, shiny|78/100
|turn|8
|
|t:|1755726683
|-terastallize|p2a: Gholdengo|Steel
|move|p2a: Gholdengo|Make It Rain|p1b: Basculegion
|-resisted|p1b: Basculegion
|-crit|p1b: Basculegion
|-damage|p1b: Basculegion|0 fnt
|-unboost|p2a: Gholdengo|spa|1
|faint|p1b: Basculegion
|
|win|txabo mctxabo
|raw|cocacolaindahhouse's rating: 1210 → 1181(-29 for losing)
|raw|txabo mctxabo's rating: 1154 → 1183(+29 for winning)
|l|☆txabo mctxabo
|player|p2|
