|j|☆Jakobtc
|j|☆iamflorete
|html|Jakobtciamflorete    
|uhtml|bestof|Game 2 of a best-of-3
|t:|1785016604
|gametype|doubles
|player|p1|Jakobtc|riley|1143
|player|p2|iamflorete|169|1079
|gen|9
|tier|[Gen 9 Champions] VGC 2026 Reg M-B (Bo3)
|rated|
|rule|Species Clause: Limit one of each Pokémon
|rule|Item Clause: Limit 1 of each item
|clearpoke
|poke|p1|Floette-Eternal, L50, F|
|poke|p1|Kangaskhan, L50, F|
|poke|p1|Azumarill, L50, M|
|poke|p1|Sinistcha, L50|
|poke|p1|Incineroar, L50, F|
|poke|p1|Annihilape, L50, F|
|poke|p2|Vanilluxe, L50, F|
|poke|p2|Tauros-Paldea-Blaze, L50, M, shiny|
|poke|p2|Meowstic, L50, M, shiny|
|poke|p2|Starmie, L50, shiny|
|poke|p2|Kingambit, L50, F|
|poke|p2|Raichu, L50, F, shiny|
|teampreview|4
|showteam|p1|Floette-Eternal||Floettite|FlowerVeil|Moonblast,DazzlingGleam,LightofRuin,Protect|Timid||F|||50|]Kangaskhan||Kangaskhanite|EarlyBird|FakeOut,DrainPunch,IcePunch,DoubleEdge|Adamant||F|||50|]Azumarill||SitrusBerry|HugePower|AquaJet,PlayRough,BellyDrum,Protect|Adamant||M|||50|]Sinistcha||ColburBerry|Hospitality|MatchaGotcha,RagePowder,TrickRoom,Protect|Bold|||||50|]Incineroar||ChopleBerry|Intimidate|FakeOut,FlareBlitz,ThroatChop,PartingShot|Bold||F|||50|]Annihilape||FocusSash|Defiant|RageFist,CloseCombat,Taunt,Protect|Jolly||F|||50|
|showteam|p2|Vanilluxe||ChoiceScarf|SnowWarning|FrostBreath,FlashCannon,FreezeDry,Blizzard|Serious||F|||50|]Tauros-Paldea-Blaze||Leftovers|AngerPoint|RockSlide,FlameCharge,Protect,CloseCombat|Jolly||M|||50|]Meowstic||LightClay|Prankster|Charm,FakeOut,LightScreen,Reflect|Bold||M|||50|]Starmie||Starminite|NaturalCure|IceSpinner,ZenHeadbutt,AquaJet,Protect|Jolly|||||50|]Kingambit||BlackGlasses|Defiant|IronHead,KowtowCleave,SuckerPunch,Protect|Serious||F|||50|]Raichu||FocusSash|Static|FakeOut,Encore,Nuzzle,VoltSwitch|Serious||F|||50|
|inactive|Battle timer is ON: inactive players will automatically lose when time's up. (requested by Jakobtc)
|inactive|iamflorete has 60 seconds left.
|
|t:|1785016660
|teamsize|p1|4
|teamsize|p2|4
|start
|switch|p1a: Kangaskhan|Kangaskhan, L50, F|100/100
|switch|p1b: Azumarill|Azumarill, L50, M|100/100
|switch|p2a: Starmie|Starmie, L50, shiny|100/100
|switch|p2b: Kingambit|Kingambit, L50, F|100/100
|turn|1
|
|t:|1785016677
|detailschange|p1a: Kangaskhan|Kangaskhan-Mega, L50, F
|-mega|p1a: Kangaskhan|Kangaskhan|Kangaskhanite
|move|p2a: Starmie|Protect|p2a: Starmie
|-singleturn|p2a: Starmie|Protect
|move|p2b: Kingambit|Protect|p2b: Kingambit
|-singleturn|p2b: Kingambit|Protect
|move|p1a: Kangaskhan|Fake Out|p2b: Kingambit
|-activate|p2b: Kingambit|move: Protect
|move|p1b: Azumarill|Belly Drum|p1b: Azumarill
|-damage|p1b: Azumarill|50/100y
|-setboost|p1b: Azumarill|atk|6|[from] move: Belly Drum
|-enditem|p1b: Azumarill|Sitrus Berry|[eat]
|-heal|p1b: Azumarill|75/100|[from] item: Sitrus Berry
|
|upkeep
|turn|2
|inactive|iamflorete has 30 seconds left.
|
|t:|1785016708
|detailschange|p2a: Starmie|Starmie-Mega, L50, shiny
|-mega|p2a: Starmie|Starmie|Starminite
|move|p2b: Kingambit|Sucker Punch|p1a: Kangaskhan
|-damage|p1a: Kangaskhan|62/100
|move|p2a: Starmie|Zen Headbutt|p1b: Azumarill
|-damage|p1b: Azumarill|4/100
|move|p1a: Kangaskhan|Drain Punch|p2b: Kingambit
|-supereffective|p2b: Kingambit|2
|-damage|p2b: Kingambit|14/100
|-heal|p1a: Kangaskhan|100/100|[from] drain|[of] p2b: Kingambit
|-supereffective|p2b: Kingambit|2
|-damage|p2b: Kingambit|0 fnt
|faint|p2b: Kingambit
|-hitcount|p2: Kingambit|2
|cant|p1b: Azumarill|flinch
|
|upkeep
|
|t:|1785016728
|switch|p2b: Tauros|Tauros-Paldea-Blaze, L50, M, shiny|100/100
|turn|3
|
|t:|1785016743
|move|p1b: Azumarill|Protect|p1b: Azumarill
|-singleturn|p1b: Azumarill|Protect
|move|p2a: Starmie|Aqua Jet|p1b: Azumarill
|-activate|p1b: Azumarill|move: Protect
|move|p2b: Tauros|Close Combat|p1a: Kangaskhan
|-supereffective|p1a: Kangaskhan|1
|-damage|p1a: Kangaskhan|17/100
|-unboost|p2b: Tauros|def|1
|-unboost|p2b: Tauros|spd|1
|move|p1a: Kangaskhan|Double-Edge|p2a: Starmie
|-damage|p2a: Starmie|15/100
|-damage|p2a: Starmie|0 fnt
|faint|p2a: Starmie
|-hitcount|p2: Starmie|2
|-damage|p1a: Kangaskhan|0 fnt|[from] Recoil
|faint|p1a: Kangaskhan
|
|upkeep
|
|t:|1785016767
|switch|p2a: Vanilluxe|Vanilluxe, L50, F|100/100
|switch|p1a: Annihilape|Annihilape, L50, F|100/100
|-weather|Snowscape|[from] ability: Snow Warning|[of] p2a: Vanilluxe
|turn|4
|
|t:|1785016780
|move|p2b: Tauros|Protect|p2b: Tauros
|-singleturn|p2b: Tauros|Protect
|move|p1b: Azumarill|Aqua Jet|p2a: Vanilluxe
|-damage|p2a: Vanilluxe|20/100y
|move|p2a: Vanilluxe|Blizzard|p1a: Annihilape|[spread] p1a,p1b
|-resisted|p1b: Azumarill|1
|-crit|p1b: Azumarill
|-damage|p1a: Annihilape|66/100
|-damage|p1b: Azumarill|0 fnt
|faint|p1b: Azumarill
|move|p1a: Annihilape|Close Combat|p2b: Tauros
|-activate|p2b: Tauros|move: Protect
|
|-weather|Snowscape|[upkeep]
|upkeep
|
|t:|1785016792
|switch|p1b: Sinistcha|Sinistcha, L50|100/100
|-heal|p1a: Annihilape|90/100|[from] ability: Hospitality|[of] p1b: Sinistcha
|turn|5
|
|t:|1785016806
|move|p2a: Vanilluxe|Blizzard|p1a: Annihilape|[spread] p1a,p1b
|-supereffective|p1b: Sinistcha|1
|-damage|p1a: Annihilape|61/100
|-damage|p1b: Sinistcha|41/100
|move|p2b: Tauros|Flame Charge|p1b: Sinistcha
|-supereffective|p1b: Sinistcha|1
|-damage|p1b: Sinistcha|6/100
|-boost|p2b: Tauros|spe|1
|move|p1a: Annihilape|Close Combat|p2b: Tauros
|-damage|p2b: Tauros|7/100
|-unboost|p1a: Annihilape|def|1
|-unboost|p1a: Annihilape|spd|1
|move|p1b: Sinistcha|Matcha Gotcha|p2b: Tauros|[spread] p2a,p2b
|-resisted|p2b: Tauros|1
|-damage|p2a: Vanilluxe|0 fnt
|-heal|p1b: Sinistcha|16/100|[from] drain|[of] p2a: Vanilluxe
|-damage|p2b: Tauros|0 fnt
|-heal|p1b: Sinistcha|20/100y|[from] drain|[of] p2b: Tauros
|faint|p2a: Vanilluxe
|faint|p2b: Tauros
|
|win|Jakobtc
|raw|Jakobtc's rating: 1143 → 1163(+20 for winning)
|raw|iamflorete's rating: 1079 → 1061(-18 for losing)
|l|☆iamflorete
|player|p2|
