|j|☆Chandeliere
|j|☆Jakobtc
|html|ChandeliereJakobtc    
|uhtml|bestof|Game 3 of a best-of-3
|t:|1756519730
|gametype|doubles
|player|p1|Chandeliere|ethan|1062
|player|p2|Jakobtc|riley|1128
|gen|9
|tier|[Gen 9] VGC 2025 Reg H (Bo3)
|rated|
|rule|Species Clause: Limit one of each Pokémon
|rule|Item Clause: Limit 1 of each item
|clearpoke
|poke|p1|Incineroar, L50, M|
|poke|p1|Dragonite, L50, F|
|poke|p1|Porygon2, L50|
|poke|p1|Ursaluna-Bloodmoon, L50, M|
|poke|p1|Ninetales-Alola, L50, M|
|poke|p1|Annihilape, L50, M|
|poke|p2|Tyranitar, L50, F|
|poke|p2|Excadrill, L50, F|
|poke|p2|Reuniclus, L50, M|
|poke|p2|Indeedee-F, L50, F|
|poke|p2|Incineroar, L50, F|
|poke|p2|Kommo-o, L50, M|
|teampreview|4
|showteam|p1|Incineroar||ChopleBerry|Intimidate|FlareBlitz,KnockOff,FakeOut,PartingShot|||M|||50|,,,,,Grass]Dragonite||LoadedDice|Multiscale|ScaleShot,Tailwind,Haze,Protect|||F|||50|,,,,,Steel]Porygon2||Eviolite|Download|TeraBlast,IceBeam,Recover,TrickRoom||||||50|,,,,,Fighting]Ursaluna-Bloodmoon||AssaultVest|MindsEye|HyperVoice,BloodMoon,VacuumWave,EarthPower|||M|||50|,,,,,Water]Ninetales-Alola||LightClay|SnowWarning|IcicleSpear,Encore,IcyWind,AuroraVeil|||M|||50|,,,,,Ghost]Annihilape||SafetyGoggles|Defiant|DrainPunch,RageFist,BulkUp,Protect|||M|||50|,,,,,Fire
|showteam|p2|Tyranitar||AssaultVest|SandStream|RockSlide,KnockOff,LowKick,TeraBlast|||F|||50|,,,,,Flying]Excadrill||FocusSash|SandRush|HighHorsepower,IronHead,RockSlide,Protect|||F|||50|,,,,,Ground]Reuniclus||LifeOrb|MagicGuard|ExpandingForce,TeraBlast,TrickRoom,Protect|||M|||50|,,,,,Fighting]Indeedee-F||PsychicSeed|PsychicSurge|FollowMe,HealPulse,TrickRoom,DazzlingGleam|||F|||50|,,,,,Water]Incineroar||SafetyGoggles|Intimidate|FakeOut,FlareBlitz,KnockOff,PartingShot|||F|||50|,,,,,Ghost]Kommo-o||ThroatSpray|Overcoat|ClangingScales,AuraSphere,ClangorousSoul,Protect|||M|||50|,,,,,Steel
|j| bunii on spotify
|c|☆Jakobtc|i suck i think lol
|c| bunii on spotify|lock im
|
|t:|1756519769
|teamsize|p1|4
|teamsize|p2|4
|start
|switch|p1a: Ninetales|Ninetales-Alola, L50, M|100/100
|switch|p1b: Annihilape|Annihilape, L50, M|100/100
|switch|p2a: Kommo-o|Kommo-o, L50, M|100/100
|switch|p2b: Reuniclus|Reuniclus, L50, M, shiny|100/100
|-weather|Snowscape|[from] ability: Snow Warning|[of] p1a: Ninetales
|turn|1
|
|t:|1756519788
|switch|p2a: Indeedee|Indeedee-F, L50, F|100/100
|-fieldstart|move: Psychic Terrain|[from] ability: Psychic Surge|[of] p2a: Indeedee
|-enditem|p2a: Indeedee|Psychic Seed
|-boost|p2a: Indeedee|spd|1|[from] item: Psychic Seed
|-terastallize|p2b: Reuniclus|Fighting
|move|p1a: Ninetales|Icicle Spear|p1b: Annihilape
|-damage|p1b: Annihilape|94/100
|-damage|p1b: Annihilape|88/100
|-hitcount|p1b: Annihilape|2
|move|p1b: Annihilape|Rage Fist|p2b: Reuniclus
|-damage|p2b: Reuniclus|38/100
|move|p2b: Reuniclus|Expanding Force|p1a: Ninetales|[spread] p1a,p1b
|-supereffective|p1b: Annihilape
|-damage|p1a: Ninetales|8/100
|-damage|p1b: Annihilape|0 fnt
|faint|p1b: Annihilape
|
|-weather|Snowscape|[upkeep]
|upkeep
|
|t:|1756519811
|switch|p1b: Ursaluna|Ursaluna-Bloodmoon, L50, M|100/100
|turn|2
|c| bunii on spotify|2??
|c| bunii on spotify|inconsistent master
|c|☆Chandeliere|yeah it is
|c|☆Jakobtc|ya
|
|t:|1756519854
|switch|p2a: Tyranitar|Tyranitar, L50, F|100/100
|-weather|Sandstorm|[from] ability: Sand Stream|[of] p2a: Tyranitar
|-terastallize|p1b: Ursaluna|Water
|move|p2b: Reuniclus|Protect|p2b: Reuniclus
|-singleturn|p2b: Reuniclus|Protect
|move|p1a: Ninetales|Aurora Veil||[still]
|-fail|p1a: Ninetales
|move|p1b: Ursaluna|Blood Moon|p2a: Tyranitar
|-resisted|p2a: Tyranitar
|-damage|p2a: Tyranitar|86/100
|
|-weather|Sandstorm|[upkeep]
|-damage|p1a: Ninetales|2/100|[from] Sandstorm
|-damage|p1b: Ursaluna|94/100|[from] Sandstorm
|upkeep
|turn|3
|
|t:|1756519877
|switch|p1a: Incineroar|Incineroar, L50, M|100/100
|-ability|p1a: Incineroar|Intimidate|boost
|-unboost|p2a: Tyranitar|atk|1
|-unboost|p2b: Reuniclus|atk|1
|switch|p2b: Indeedee|Indeedee-F, L50, F|100/100
|move|p1b: Ursaluna|Hyper Voice|p2b: Indeedee|[spread] p2a,p2b
|-resisted|p2a: Tyranitar
|-damage|p2a: Tyranitar|79/100
|-damage|p2b: Indeedee|63/100
|move|p2a: Tyranitar|Rock Slide|p1a: Incineroar|[spread] p1a,p1b
|-supereffective|p1a: Incineroar
|-damage|p1a: Incineroar|55/100
|-damage|p1b: Ursaluna|80/100
|
|-weather|Sandstorm|[upkeep]
|-damage|p1a: Incineroar|48/100|[from] Sandstorm
|-damage|p1b: Ursaluna|74/100|[from] Sandstorm
|-damage|p2b: Indeedee|57/100|[from] Sandstorm
|upkeep
|turn|4
|
|t:|1756519897
|move|p1a: Incineroar|Knock Off|p2b: Indeedee
|-supereffective|p2b: Indeedee
|-damage|p2b: Indeedee|4/100
|move|p1b: Ursaluna|Earth Power|p2a: Tyranitar
|-supereffective|p2a: Tyranitar
|-damage|p2a: Tyranitar|37/100
|move|p2b: Indeedee|Heal Pulse|p2a: Tyranitar
|-heal|p2a: Tyranitar|87/100
|move|p2a: Tyranitar|Rock Slide|p1b: Ursaluna|[spread] p1a,p1b
|-supereffective|p1a: Incineroar
|-damage|p1a: Incineroar|9/100
|-damage|p1b: Ursaluna|58/100
|
|-weather|Sandstorm|[upkeep]
|-damage|p1a: Incineroar|3/100|[from] Sandstorm
|-damage|p1b: Ursaluna|51/100|[from] Sandstorm
|-damage|p2b: Indeedee|0 fnt|[from] Sandstorm
|faint|p2b: Indeedee
|upkeep
|
|t:|1756519913
|switch|p2b: Kommo-o|Kommo-o, L50, M|100/100
|turn|5
|
|t:|1756519946
|move|p2b: Kommo-o|Clangorous Soul|p2b: Kommo-o
|-boost|p2b: Kommo-o|atk|1
|-boost|p2b: Kommo-o|def|1
|-boost|p2b: Kommo-o|spa|1
|-boost|p2b: Kommo-o|spd|1
|-boost|p2b: Kommo-o|spe|1
|-damage|p2b: Kommo-o|68/100
|-enditem|p2b: Kommo-o|Throat Spray
|-boost|p2b: Kommo-o|spa|1|[from] item: Throat Spray
|move|p1a: Incineroar|Knock Off|p2b: Kommo-o
|-resisted|p2b: Kommo-o
|-damage|p2b: Kommo-o|59/100
|move|p1b: Ursaluna|Blood Moon|p2b: Kommo-o
|-damage|p2b: Kommo-o|3/100
|move|p2a: Tyranitar|Knock Off|p1b: Ursaluna
|-damage|p1b: Ursaluna|24/100
|-enditem|p1b: Ursaluna|Assault Vest|[from] move: Knock Off|[of] p2a: Tyranitar
|
|-weather|Sandstorm|[upkeep]
|-damage|p1a: Incineroar|0 fnt|[from] Sandstorm
|-damage|p1b: Ursaluna|18/100|[from] Sandstorm
|faint|p1a: Incineroar
|-fieldend|move: Psychic Terrain
|upkeep
|
|t:|1756519964
|switch|p1a: Ninetales|Ninetales-Alola, L50, M|2/100
|-weather|Snowscape|[from] ability: Snow Warning|[of] p1a: Ninetales
|turn|6
|
|t:|1756519977
|move|p2b: Kommo-o|Aura Sphere|p1a: Ninetales
|-damage|p1a: Ninetales|0 fnt
|faint|p1a: Ninetales
|move|p1b: Ursaluna|Earth Power|p2a: Tyranitar
|-supereffective|p2a: Tyranitar
|-damage|p2a: Tyranitar|34/100
|move|p2a: Tyranitar|Rock Slide|p1b: Ursaluna
|-damage|p1b: Ursaluna|0 fnt
|faint|p1b: Ursaluna
|
|win|Jakobtc
|raw|Chandeliere's rating: 1062 → 1046(-16 for losing)
|raw|Jakobtc's rating: 1128 → 1148(+20 for winning)
|c| bunii on spotify|gg
|c|☆Jakobtc|gg
|c|☆Chandeliere|gg
|c| bunii on spotify|0/6
|c|☆Chandeliere|lmao
|c|☆Jakobtc|finally a win lol
|c| bunii on spotify|just nap n it’ll refresh your mind
|c|☆Chandeliere|my mind? what mind lol
|c|☆Jakobtc|lol
|c| bunii on spotify|yours lol
|c| bunii on spotify|u got that
|c|☆Chandeliere|nah im braindead fr u seeing my plays?
|c|☆Jakobtc|i got lucky in game 3
|c| bunii on spotify|nothing looks wrong clearly it’s just the spear roll
|c|☆Jakobtc|ya
|c|☆Chandeliere|yeah that;s the issue. i need to stop relying on rng when it never breaks my way. i need to start using my ocnsistent strategies
