|j|☆dialghite
|j|☆jacre22
|html|dialghitejacre22    
|uhtml|bestof|Game 2 of a best-of-3
|t:|1756672036
|gametype|doubles
|player|p1|dialghite|volkner|1483
|player|p2|jacre22|iris-gen5bw2|1438
|gen|9
|tier|[Gen 9] VGC 2025 Reg H (Bo3)
|rated|
|rule|Species Clause: Limit one of each Pokémon
|rule|Item Clause: Limit 1 of each item
|clearpoke
|poke|p1|Indeedee, L50, M|
|poke|p1|Sneasler, L50, F|
|poke|p1|Tyranitar, L50, F|
|poke|p1|Excadrill, L50, F|
|poke|p1|Corviknight, L50, M|
|poke|p1|Annihilape, L50, F|
|poke|p2|Whimsicott, L50, F|
|poke|p2|Garchomp, L50, F|
|poke|p2|Gholdengo, L50|
|poke|p2|Incineroar, L50, M|
|poke|p2|Sneasler, L50, F|
|poke|p2|Dragonite, L50, F|
|teampreview|4
|showteam|p1|Indeedee||ChoiceScarf|PsychicSurge|ExpandingForce,TeraBlast,Trick,Protect|||M|||50|,,,,,Psychic]Sneasler||PsychicSeed|Unburden|CloseCombat,DireClaw,ThroatChop,Protect|||F|||50|,,,,,Dark]Tyranitar||AssaultVest|SandStream|RockSlide,KnockOff,TeraBlast,LowKick|||F|||50|,,,,,Flying]Excadrill||FocusSash|SandRush|Earthquake,IronHead,HighHorsepower,Protect|||F|||50|,,,,,Ground]Corviknight||Leftovers|MirrorArmor|BraveBird,Tailwind,Roost,BulkUp|||M|||50|,,,,,Dragon]Annihilape||SafetyGoggles|Defiant|CloseCombat,RageFist,FinalGambit,Taunt|||F|||50|,,,,,Water
|showteam|p2|Whimsicott||FocusSash|Prankster|Moonblast,Tailwind,Encore,Protect|||F|||50|,,,,,Ghost]Garchomp||LifeOrb|RoughSkin|Earthquake,DragonClaw,StompingTantrum,Protect|||F|||50|,,,,,Ground]Gholdengo||ChoiceSpecs|GoodasGold|MakeItRain,ShadowBall,Trick,PowerGem||||||50|,,,,,Steel]Incineroar||AssaultVest|Intimidate|FakeOut,FlareBlitz,KnockOff,Uturn|||M|||50|,,,,,Grass]Sneasler||WhiteHerb|Unburden|FakeOut,DireClaw,CloseCombat,Protect|||F|||50|,,,,,Stellar]Dragonite||ChoiceBand|InnerFocus|ExtremeSpeed,Outrage,IceSpinner,StompingTantrum|||F|||50|,,,,,Normal
|j| birra di ciconia
|inactive|Battle timer is ON: inactive players will automatically lose when time's up. (requested by dialghite)
|
|t:|1756672085
|teamsize|p1|4
|teamsize|p2|4
|start
|switch|p1a: Annihilape|Annihilape, L50, F|100/100
|switch|p1b: Tyranitar|Tyranitar, L50, F|100/100
|switch|p2a: Incineroar|Incineroar, L50, M|100/100
|switch|p2b: Gholdengo|Gholdengo, L50|100/100
|-ability|p2a: Incineroar|Intimidate|boost
|-unboost|p1a: Annihilape|atk|1
|-ability|p1a: Annihilape|Defiant|boost
|-boost|p1a: Annihilape|atk|2
|-unboost|p1b: Tyranitar|atk|1
|-weather|Sandstorm|[from] ability: Sand Stream|[of] p1b: Tyranitar
|turn|1
|inactive|dialghite has 30 seconds left.
|inactive|jacre22 has 30 seconds left.
|
|t:|1756672117
|switch|p1b: Corviknight|Corviknight, L50, M|100/100
|-terastallize|p1a: Annihilape|Water
|move|p2a: Incineroar|Fake Out|p1b: Corviknight
|-resisted|p1b: Corviknight
|-damage|p1b: Corviknight|96/100
|move|p1a: Annihilape|Rage Fist|p2b: Gholdengo
|-supereffective|p2b: Gholdengo
|-damage|p2b: Gholdengo|32/100
|move|p2b: Gholdengo|Shadow Ball|p1a: Annihilape
|-crit|p1a: Annihilape
|-damage|p1a: Annihilape|8/100
|-unboost|p1a: Annihilape|spd|1
|-ability|p1a: Annihilape|Defiant|boost
|-boost|p1a: Annihilape|atk|2
|
|-weather|Sandstorm|[upkeep]
|-damage|p2a: Incineroar|94/100|[from] Sandstorm
|-heal|p1b: Corviknight|100/100|[from] item: Leftovers
|upkeep
|turn|2
|inactive|dialghite has 30 seconds left.
|inactive|jacre22 has 30 seconds left.
|
|t:|1756672145
|move|p1a: Annihilape|Rage Fist|p2b: Gholdengo
|-supereffective|p2b: Gholdengo
|-damage|p2b: Gholdengo|0 fnt
|faint|p2b: Gholdengo
|move|p2a: Incineroar|Flare Blitz|p1b: Corviknight
|-supereffective|p1b: Corviknight
|-damage|p1b: Corviknight|17/100
|-damage|p2a: Incineroar|65/100|[from] Recoil
|move|p1b: Corviknight|Bulk Up|p1b: Corviknight
|-boost|p1b: Corviknight|atk|1
|-boost|p1b: Corviknight|def|1
|
|-weather|Sandstorm|[upkeep]
|-damage|p2a: Incineroar|59/100|[from] Sandstorm
|-heal|p1b: Corviknight|23/100|[from] item: Leftovers
|upkeep
|
|t:|1756672160
|switch|p2b: Whimsicott|Whimsicott, L50, F|100/100
|turn|3
|inactive|dialghite has 30 seconds left.
|
|t:|1756672187
|move|p2b: Whimsicott|Moonblast|p1a: Annihilape
|-damage|p1a: Annihilape|0 fnt
|faint|p1a: Annihilape
|move|p2a: Incineroar|Flare Blitz|p1b: Corviknight
|-supereffective|p1b: Corviknight
|-damage|p1b: Corviknight|0 fnt
|faint|p1b: Corviknight
|-damage|p2a: Incineroar|51/100|[from] Recoil
|
|-weather|Sandstorm|[upkeep]
|-damage|p2b: Whimsicott|95/100|[from] Sandstorm
|-damage|p2a: Incineroar|45/100|[from] Sandstorm
|upkeep
|
|t:|1756672192
|switch|p1a: Excadrill|Excadrill, L50, F|100/100
|switch|p1b: Tyranitar|Tyranitar, L50, F|100/100
|turn|4
|inactive|jacre22 has 30 seconds left.
|
|t:|1756672223
|switch|p2a: Dragonite|Dragonite, L50, F|100/100
|move|p2b: Whimsicott|Protect|p2b: Whimsicott
|-singleturn|p2b: Whimsicott|Protect
|move|p1a: Excadrill|Iron Head|p2b: Whimsicott
|-activate|p2b: Whimsicott|move: Protect
|move|p1b: Tyranitar|Rock Slide|p2a: Dragonite|[spread] p2a
|-activate|p2b: Whimsicott|move: Protect
|-supereffective|p2a: Dragonite
|-damage|p2a: Dragonite|40/100
|
|-weather|Sandstorm|[upkeep]
|-damage|p2b: Whimsicott|89/100|[from] Sandstorm
|-damage|p2a: Dragonite|34/100|[from] Sandstorm
|upkeep
|turn|5
|inactive|dialghite has 30 seconds left.
|inactive|jacre22 has 30 seconds left.
|
|t:|1756672255
|switch|p2a: Incineroar|Incineroar, L50, M|45/100
|-ability|p2a: Incineroar|Intimidate|boost
|-unboost|p1a: Excadrill|atk|1
|-unboost|p1b: Tyranitar|atk|1
|move|p2b: Whimsicott|Tailwind|p2b: Whimsicott
|-sidestart|p2: jacre22|move: Tailwind
|move|p1a: Excadrill|Iron Head|p2b: Whimsicott
|-supereffective|p2b: Whimsicott
|-damage|p2b: Whimsicott|0 fnt
|faint|p2b: Whimsicott
|move|p1b: Tyranitar|Rock Slide|p2a: Incineroar
|-supereffective|p2a: Incineroar
|-damage|p2a: Incineroar|0 fnt
|faint|p2a: Incineroar
|
|-weather|none
|upkeep
|
|t:|1756672269
|switch|p2b: Dragonite|Dragonite, L50, F|34/100
|turn|6
|
|t:|1756672282
|move|p2b: Dragonite|Stomping Tantrum|p1b: Tyranitar
|-supereffective|p1b: Tyranitar
|-damage|p1b: Tyranitar|26/100
|move|p1a: Excadrill|Iron Head|p2b: Dragonite
|-damage|p2b: Dragonite|3/100
|move|p1b: Tyranitar|Knock Off|p2b: Dragonite
|-damage|p2b: Dragonite|0 fnt
|-enditem|p2b: Dragonite|Choice Band|[from] move: Knock Off|[of] p1b: Tyranitar
|faint|p2b: Dragonite
|
|win|dialghite
|raw|dialghite's rating: 1458 → 1477(+19 for winning)
|raw|jacre22's rating: 1438 → 1419(-19 for losing)
|c|☆jacre22|ggs
|c|☆dialghite|gg
|l|☆dialghite
|player|p1|
