|j|☆Mashuno
|j|☆roggenrola05019
|html|Mashunoroggenrola05019    
|uhtml|bestof|Game 2 of a best-of-3
|t:|1785423686
|gametype|doubles
|player|p1|Mashuno|harlequin|1278
|player|p2|roggenrola05019|101|1275
|gen|9
|tier|[Gen 9 Champions] VGC 2026 Reg M-B (Bo3)
|rated|
|rule|Species Clause: Limit one of each Pokémon
|rule|Item Clause: Limit 1 of each item
|clearpoke
|poke|p1|Pelipper, L50, F|
|poke|p1|Dragonite, L50, F|
|poke|p1|Gholdengo, L50|
|poke|p1|Incineroar, L50, M|
|poke|p1|Sinistcha, L50|
|poke|p1|Swampert, L50, M|
|poke|p2|Mawile, L50, M|
|poke|p2|Charizard, L50, M|
|poke|p2|Farigiraf, L50, F|
|poke|p2|Garchomp, L50, F|
|poke|p2|Venusaur, L50, M|
|poke|p2|Incineroar, L50, F, shiny|
|teampreview|4
|showteam|p1|Pelipper||FocusSash|Drizzle|WeatherBall,Hurricane,Tailwind,RainDance|Modest||F|||50|]Dragonite||Dragoninite|Multiscale|Protect,DragonPulse,Hurricane,AquaJet|Adamant||F|||50|]Gholdengo||LifeOrb|GoodasGold|Protect,MakeItRain,ShadowBall,NastyPlot|Timid|||||50|]Incineroar||PasshoBerry|Intimidate|FakeOut,FlareBlitz,ThroatChop,PartingShot|Impish||M|||50|]Sinistcha||SitrusBerry|Hospitality|Protect,MatchaGotcha,RagePowder,LifeDew|Bold|||||50|]Swampert||Swampertite|Torrent|Protect,WaveCrash,Earthquake,BulkUp|Adamant||M|||50|
|showteam|p2|Mawile||Mawilite|HyperCutter|PlayRough,SuckerPunch,RockSlide,Protect|Brave||M|||50|]Charizard||CharizarditeY|Blaze|HeatWave,WeatherBall,SolarBeam,Protect|Modest||M|||50|]Farigiraf||ColburBerry|ArmorTail|Psychic,Thunderbolt,HelpingHand,TrickRoom|Modest||F|||50|]Garchomp||LifeOrb|RoughSkin|DragonClaw,Earthquake,RockSlide,Protect|Jolly||F|||50|]Venusaur||FocusSash|Chlorophyll|LeafStorm,SludgeBomb,SleepPowder,Protect|Modest||M|||50|]Incineroar||SitrusBerry|Intimidate|FlareBlitz,DarkestLariat,PartingShot,FakeOut|Careful||F|||50|
|
|t:|1785423705
|teamsize|p1|4
|teamsize|p2|4
|start
|switch|p1a: Dragonite|Dragonite, L50, F|100/100
|switch|p1b: Pelipper|Pelipper, L50, F|100/100
|switch|p2a: Incineroar|Incineroar, L50, F, shiny|100/100
|switch|p2b: Venusaur|Venusaur, L50, M|100/100
|-weather|RainDance|[from] ability: Drizzle|[of] p1b: Pelipper
|-ability|p2a: Incineroar|Intimidate|boost
|-unboost|p1a: Dragonite|atk|1
|-unboost|p1b: Pelipper|atk|1
|turn|1
|
|t:|1785423743
|switch|p1b: Gholdengo|Gholdengo, L50|100/100
|move|p1a: Dragonite|Protect|p1a: Dragonite
|-singleturn|p1a: Dragonite|Protect
|move|p2a: Incineroar|Fake Out|p1b: Gholdengo
|-immune|p1b: Gholdengo
|move|p2b: Venusaur|Sleep Powder|p1a: Dragonite
|-activate|p1a: Dragonite|move: Protect
|
|-weather|RainDance|[upkeep]
|upkeep
|turn|2
|
|t:|1785423782
|switch|p1b: Incineroar|Incineroar, L50, M|100/100
|-ability|p1b: Incineroar|Intimidate|boost
|-unboost|p2a: Incineroar|atk|1
|-unboost|p2b: Venusaur|atk|1
|detailschange|p1a: Dragonite|Dragonite-Mega, L50, F
|-mega|p1a: Dragonite|Dragonite|Dragoninite
|move|p2b: Venusaur|Protect|p2b: Venusaur
|-singleturn|p2b: Venusaur|Protect
|move|p1a: Dragonite|Hurricane|p2a: Incineroar
|-damage|p2a: Incineroar|65/100
|move|p2a: Incineroar|Parting Shot|p1a: Dragonite
|-unboost|p1a: Dragonite|atk|1
|-unboost|p1a: Dragonite|spa|1
|
|t:|1785423802
|switch|p2a: Garchomp|Garchomp, L50, F|100/100|[from] Parting Shot
|
|-weather|RainDance|[upkeep]
|upkeep
|turn|3
|
|t:|1785423824
|switch|p1a: Gholdengo|Gholdengo, L50|100/100
|move|p2a: Garchomp|Protect|p2a: Garchomp
|-singleturn|p2a: Garchomp|Protect
|move|p2b: Venusaur|Sludge Bomb|p1a: Gholdengo
|-immune|p1a: Gholdengo
|move|p1b: Incineroar|Parting Shot|p2a: Garchomp
|-activate|p2a: Garchomp|move: Protect
|
|-weather|RainDance|[upkeep]
|upkeep
|turn|4
|
|t:|1785423853
|switch|p2b: Charizard|Charizard, L50, M|100/100
|switch|p1b: Dragonite|Dragonite-Mega, L50, F|100/100
|move|p1a: Gholdengo|Protect|p1a: Gholdengo
|-singleturn|p1a: Gholdengo|Protect
|move|p2a: Garchomp|Earthquake|p1b: Dragonite|[spread] 
|-activate|p1a: Gholdengo|move: Protect
|-immune|p2b: Charizard
|-immune|p1b: Dragonite
|
|-weather|RainDance|[upkeep]
|upkeep
|turn|5
|
|t:|1785423906
|switch|p1a: Incineroar|Incineroar, L50, M|100/100
|-ability|p1a: Incineroar|Intimidate|boost
|-unboost|p2a: Garchomp|atk|1
|-unboost|p2b: Charizard|atk|1
|move|p2a: Garchomp|Earthquake|p1a: Incineroar|[spread] p1a
|-immune|p2b: Charizard
|-immune|p1b: Dragonite
|-supereffective|p1a: Incineroar|1
|-damage|p1a: Incineroar|53/100
|-damage|p2a: Garchomp|90/100|[from] item: Life Orb
|move|p1b: Dragonite|Dragon Pulse|p2a: Garchomp
|-supereffective|p2a: Garchomp|1
|-damage|p2a: Garchomp|4/100
|move|p2b: Charizard|Weather Ball|p1a: Incineroar
|-supereffective|p1a: Incineroar|1
|-enditem|p1a: Incineroar|Passho Berry|[eat]
|-enditem|p1a: Incineroar|Passho Berry|[weaken]
|-damage|p1a: Incineroar|7/100
|
|-weather|none
|upkeep
|turn|6
|
|t:|1785423941
|switch|p2a: Incineroar|Incineroar, L50, F, shiny|65/100
|-ability|p2a: Incineroar|Intimidate|boost
|-unboost|p1a: Incineroar|atk|1
|-unboost|p1b: Dragonite|atk|1
|move|p1a: Incineroar|Fake Out|p2b: Charizard
|-damage|p2b: Charizard|92/100
|move|p1b: Dragonite|Hurricane|p2b: Charizard|[miss]
|-miss|p1b: Dragonite|p2b: Charizard
|cant|p2b: Charizard|flinch
|
|upkeep
|turn|7
|c|☆Mashuno|aw man :(
|
|t:|1785423996
|switch|p1a: Pelipper|Pelipper, L50, F|100/100
|-weather|RainDance|[from] ability: Drizzle|[of] p1a: Pelipper
|move|p1b: Dragonite|Protect|p1b: Dragonite
|-singleturn|p1b: Dragonite|Protect
|move|p2b: Charizard|Heat Wave|p1b: Dragonite|[spread] p1a
|-activate|p1b: Dragonite|move: Protect
|-resisted|p1a: Pelipper|1
|-damage|p1a: Pelipper|89/100
|move|p2a: Incineroar|Parting Shot|p1b: Dragonite
|-activate|p1b: Dragonite|move: Protect
|
|-weather|RainDance|[upkeep]
|upkeep
|turn|8
|
|t:|1785424020
|detailschange|p2b: Charizard|Charizard-Mega-Y, L50, M
|-mega|p2b: Charizard|Charizard|Charizardite Y
|-weather|SunnyDay|[from] ability: Drought|[of] p2b: Charizard
|move|p1b: Dragonite|Dragon Pulse|p2b: Charizard
|-damage|p2b: Charizard|56/100
|move|p2b: Charizard|Heat Wave|p1a: Pelipper|[spread] p1a
|-miss|p2b: Charizard|p1b: Dragonite
|-resisted|p1a: Pelipper|1
|-damage|p1a: Pelipper|43/100
|move|p1a: Pelipper|Tailwind|p1a: Pelipper
|-sidestart|p1: Mashuno|move: Tailwind
|move|p2a: Incineroar|Darkest Lariat|p1a: Pelipper
|-damage|p1a: Pelipper|8/100
|
|-weather|SunnyDay|[upkeep]
|upkeep
|turn|9
|
|t:|1785424095
|switch|p1a: Gholdengo|Gholdengo, L50|100/100
|switch|p2a: Venusaur|Venusaur, L50, M|100/100
|move|p1b: Dragonite|Dragon Pulse|p2b: Charizard
|-damage|p2b: Charizard|21/100
|move|p2b: Charizard|Heat Wave|p1a: Gholdengo|[spread] p1a,p1b
|-supereffective|p1a: Gholdengo|1
|-resisted|p1b: Dragonite|1
|-damage|p1a: Gholdengo|0 fnt
|-damage|p1b: Dragonite|84/100
|faint|p1a: Gholdengo
|
|-weather|SunnyDay|[upkeep]
|upkeep
|
|t:|1785424108
|switch|p1a: Pelipper|Pelipper, L50, F|8/100
|-weather|RainDance|[from] ability: Drizzle|[of] p1a: Pelipper
|turn|10
|
|t:|1785424131
|switch|p2b: Incineroar|Incineroar, L50, F, shiny|65/100
|-ability|p2b: Incineroar|Intimidate|boost
|-unboost|p1a: Pelipper|atk|1
|-unboost|p1b: Dragonite|atk|1
|move|p2a: Venusaur|Protect|p2a: Venusaur
|-singleturn|p2a: Venusaur|Protect
|move|p1b: Dragonite|Aqua Jet|p2b: Incineroar
|-supereffective|p2b: Incineroar|1
|-damage|p2b: Incineroar|43/100
|-enditem|p2b: Incineroar|Sitrus Berry|[eat]
|-heal|p2b: Incineroar|68/100|[from] item: Sitrus Berry
|move|p1a: Pelipper|Hurricane|p2a: Venusaur
|-activate|p2a: Venusaur|move: Protect
|
|-weather|RainDance|[upkeep]
|upkeep
|turn|11
|
|t:|1785424150
|switch|p1a: Incineroar|Incineroar, L50, M|7/100
|-ability|p1a: Incineroar|Intimidate|boost
|-unboost|p2a: Venusaur|atk|1
|-unboost|p2b: Incineroar|atk|1
|move|p1b: Dragonite|Protect|p1b: Dragonite
|-singleturn|p1b: Dragonite|Protect
|move|p2b: Incineroar|Fake Out|p1a: Incineroar
|-damage|p1a: Incineroar|1/100
|move|p2a: Venusaur|Sludge Bomb|p1a: Incineroar
|-damage|p1a: Incineroar|0 fnt
|faint|p1a: Incineroar
|
|-weather|RainDance|[upkeep]
|-sideend|p1: Mashuno|move: Tailwind
|upkeep
|
|t:|1785424163
|switch|p1a: Pelipper|Pelipper, L50, F|8/100
|turn|12
|
|t:|1785424175
|switch|p2b: Charizard|Charizard-Mega-Y, L50, M|21/100
|-weather|SunnyDay|[from] ability: Drought|[of] p2b: Charizard
|move|p2a: Venusaur|Sludge Bomb|p1a: Pelipper
|-damage|p1a: Pelipper|0 fnt
|faint|p1a: Pelipper
|move|p1b: Dragonite|Hurricane|p2a: Venusaur|[miss]
|-miss|p1b: Dragonite|p2a: Venusaur
|
|-weather|SunnyDay|[upkeep]
|upkeep
|turn|13
|c|☆Mashuno|ggs
|c|☆roggenrola05019|ggs
|c|☆Mashuno|completely and utterly cooked me lol
|-message|Mashuno forfeited.
|
|win|roggenrola05019
|raw|Mashuno's rating: 1278 → 1253(-25 for losing)
|raw|roggenrola05019's rating: 1275 → 1300(+25 for winning)
|c|☆roggenrola05019|i think if you got the right nature this game would be fine
|c|☆Mashuno|nah
|c|☆roggenrola05019|even with the miss
|c|☆Mashuno|i think you just outplayed at every turn
|c|☆Mashuno|youre reall good, you deserve to win for sure
|c|☆roggenrola05019|thx
