|j|☆CrawlingKingSnake
|j|‽DarkSoul8000
|html|CrawlingKingSnakeDarkSoul8000    
|uhtml|bestof|Game 2 of a best-of-3
|t:|1785292783
|gametype|doubles
|player|p1|CrawlingKingSnake|kamado-armor|1272
|player|p2|DarkSoul8000|2|1287
|gen|9
|tier|[Gen 9 Champions] VGC 2026 Reg M-B (Bo3)
|rated|
|rule|Species Clause: Limit one of each Pokémon
|rule|Item Clause: Limit 1 of each item
|clearpoke
|poke|p1|Floette-Eternal, L50, F|
|poke|p1|Palafin, L50, M, shiny|
|poke|p1|Incineroar, L50, F|
|poke|p1|Toxapex, L50, F|
|poke|p1|Delphox, L50, M|
|poke|p1|Kingambit, L50, M|
|poke|p2|Charizard, L50, F|
|poke|p2|Garchomp, L50, M|
|poke|p2|Sylveon, L50, F|
|poke|p2|Venusaur, L50, F|
|poke|p2|Incineroar, L50, F|
|poke|p2|Farigiraf, L50, M|
|teampreview|4
|showteam|p1|Floette-Eternal||Floettite|FlowerVeil|DazzlingGleam,DrainingKiss,CalmMind,Protect|Modest||F|||50|]Palafin||LifeOrb|ZerotoHero|WaveCrash,JetPunch,CloseCombat,Protect|Adamant||M|||50|]Incineroar||SitrusBerry|Intimidate|FlareBlitz,FakeOut,DarkestLariat,PartingShot|Careful||F|||50|]Toxapex||Leftovers|Regenerator|Infestation,Toxic,WideGuard,BanefulBunker|Bold||F|||50|]Delphox||Delphoxite|Blaze|HeatWave,Psychic,Substitute,Protect|Timid||M|||50|]Kingambit||FocusSash|Defiant|KowtowCleave,SuckerPunch,IronHead,LowKick|Adamant||M|||50|
|showteam|p2|Charizard||CharizarditeY|Blaze|HeatWave,SolarBeam,WeatherBall,Protect|Timid||F|||50|]Garchomp||LifeOrb|RoughSkin|RockSlide,StompingTantrum,DragonClaw,Protect|Jolly||M|||50|]Sylveon||FairyFeather|Pixilate|HyperBeam,HyperVoice,Protect,QuickAttack|Modest||F|||50|]Venusaur||Venusaurite|Chlorophyll|GigaDrain,SludgeBomb,EarthPower,Protect|Modest||F|||50|]Incineroar||SitrusBerry|Intimidate|FakeOut,FlareBlitz,DarkestLariat,PartingShot|Adamant||F|||50|]Farigiraf||ColburBerry|ArmorTail|TrickRoom,HelpingHand,Psychic,Thunderbolt|Bold||M|||50|
|inactive|Battle timer is ON: inactive players will automatically lose when time's up. (requested by CrawlingKingSnake)
|inactive|CrawlingKingSnake has 60 seconds left.
|inactive|DarkSoul8000 has 60 seconds left.
|
|t:|1785292841
|teamsize|p1|4
|teamsize|p2|4
|start
|switch|p1a: Delphox|Delphox, L50, M|100/100
|switch|p1b: Palafin|Palafin, L50, M, shiny|100/100
|switch|p2a: Garchomp|Garchomp, L50, M|100/100
|switch|p2b: Charizard|Charizard, L50, F|100/100
|turn|1
|inactive|DarkSoul8000 has 30 seconds left.
|
|t:|1785292869
|detailschange|p1b: Palafin|Palafin-Hero, L50, M, shiny
|switch|p1b: Incineroar|Incineroar, L50, F|100/100
|-ability|p1b: Incineroar|Intimidate|boost
|-unboost|p2a: Garchomp|atk|1
|-unboost|p2b: Charizard|atk|1
|detailschange|p1a: Delphox|Delphox-Mega, L50, M
|-mega|p1a: Delphox|Delphox|Delphoxite
|detailschange|p2b: Charizard|Charizard-Mega-Y, L50, F
|-mega|p2b: Charizard|Charizard|Charizardite Y
|-weather|SunnyDay|[from] ability: Drought|[of] p2b: Charizard
|move|p1a: Delphox|Protect|p1a: Delphox
|-singleturn|p1a: Delphox|Protect
|move|p2a: Garchomp|Rock Slide|p1b: Incineroar|[spread] p1b
|-activate|p1a: Delphox|move: Protect
|-supereffective|p1b: Incineroar|1
|-damage|p1b: Incineroar|65/100
|-damage|p2a: Garchomp|90/100|[from] item: Life Orb
|move|p2b: Charizard|Solar Beam||[still]
|-prepare|p2b: Charizard|Solar Beam
|-anim|p2b: Charizard|Solar Beam|p1b: Incineroar
|-resisted|p1b: Incineroar|1
|-damage|p1b: Incineroar|47/100
|-enditem|p1b: Incineroar|Sitrus Berry|[eat]
|-heal|p1b: Incineroar|72/100|[from] item: Sitrus Berry
|
|-weather|SunnyDay|[upkeep]
|upkeep
|turn|2
|inactive|CrawlingKingSnake has 30 seconds left.
|inactive|DarkSoul8000 has 30 seconds left.
|inactive|CrawlingKingSnake has 20 seconds left.
|inactive|DarkSoul8000 has 20 seconds left.
|inactive|CrawlingKingSnake has 15 seconds left.
|inactive|DarkSoul8000 has 15 seconds left.
|inactive|DarkSoul8000 has 10 seconds left.
|
|t:|1785292916
|switch|p2a: Incineroar|Incineroar, L50, F|100/100
|-ability|p2a: Incineroar|Intimidate|boost
|-unboost|p1a: Delphox|atk|1
|-unboost|p1b: Incineroar|atk|1
|move|p1b: Incineroar|Fake Out|p2a: Incineroar
|-damage|p2a: Incineroar|93/100
|move|p1a: Delphox|Substitute|p1a: Delphox
|-start|p1a: Delphox|Substitute
|-damage|p1a: Delphox|75/100
|move|p2b: Charizard|Heat Wave|p1a: Delphox|[spread] p1a,p1b
|-resisted|p1a: Delphox|1
|-end|p1a: Delphox|Substitute
|-resisted|p1b: Incineroar|1
|-damage|p1b: Incineroar|46/100
|
|-weather|SunnyDay|[upkeep]
|upkeep
|turn|3
|inactive|CrawlingKingSnake has 30 seconds left.
|inactive|DarkSoul8000 has 30 seconds left.
|inactive|CrawlingKingSnake has 20 seconds left.
|inactive|CrawlingKingSnake has 15 seconds left.
|
|t:|1785292961
|switch|p2b: Garchomp|Garchomp, L50, M|90/100
|move|p1a: Delphox|Heat Wave|p2b: Garchomp|[spread] p2a,p2b
|-resisted|p2a: Incineroar|1
|-resisted|p2b: Garchomp|1
|-damage|p2a: Incineroar|64/100
|-damage|p2b: Garchomp|51/100
|move|p1b: Incineroar|Parting Shot|p2b: Garchomp
|-unboost|p2b: Garchomp|atk|1
|-unboost|p2b: Garchomp|spa|1
|
|t:|1785292973
|switch|p1b: Palafin|Palafin-Hero, L50, M, shiny|100/100|[from] Parting Shot
|-activate|p1b: Palafin|ability: Zero to Hero
|move|p2a: Incineroar|Darkest Lariat|p1a: Delphox
|-supereffective|p1a: Delphox|1
|-damage|p1a: Delphox|0 fnt
|faint|p1a: Delphox
|
|-weather|SunnyDay|[upkeep]
|upkeep
|
|t:|1785292984
|switch|p1a: Incineroar|Incineroar, L50, F|46/100
|-ability|p1a: Incineroar|Intimidate|boost
|-unboost|p2a: Incineroar|atk|1
|-unboost|p2b: Garchomp|atk|1
|turn|4
|inactive|CrawlingKingSnake has 30 seconds left.
|
|t:|1785293020
|move|p2b: Garchomp|Stomping Tantrum|p1a: Incineroar
|-supereffective|p1a: Incineroar|1
|-damage|p1a: Incineroar|0 fnt
|faint|p1a: Incineroar
|-damage|p2b: Garchomp|42/100|[from] item: Life Orb
|move|p1b: Palafin|Wave Crash|p2b: Garchomp
|-damage|p2b: Garchomp|0 fnt
|-damage|p1b: Palafin|87/100|[from] ability: Rough Skin|[of] p2b: Garchomp
|faint|p2b: Garchomp
|-damage|p1b: Palafin|73/100|[from] Recoil
|-damage|p1b: Palafin|63/100|[from] item: Life Orb
|move|p2a: Incineroar|Parting Shot|p1b: Palafin
|-unboost|p1b: Palafin|atk|1
|-unboost|p1b: Palafin|spa|1
|
|t:|1785293037
|switch|p2a: Charizard|Charizard-Mega-Y, L50, F|100/100|[from] Parting Shot
|
|-weather|SunnyDay|[upkeep]
|upkeep
|
|t:|1785293062
|switch|p2b: Incineroar|Incineroar, L50, F|64/100
|switch|p1a: Kingambit|Kingambit, L50, M|100/100
|-ability|p2b: Incineroar|Intimidate|boost
|-unboost|p1a: Kingambit|atk|1
|-ability|p1a: Kingambit|Defiant|boost
|-boost|p1a: Kingambit|atk|2
|-unboost|p1b: Palafin|atk|1
|turn|5
|
|t:|1785293074
|move|p2b: Incineroar|Fake Out|p1a: Kingambit
|-resisted|p1a: Kingambit|1
|-crit|p1a: Kingambit
|-damage|p1a: Kingambit|90/100
|cant|p1a: Kingambit|flinch
|move|p2a: Charizard|Heat Wave|p1a: Kingambit|[spread] p1b
|-miss|p2a: Charizard|p1a: Kingambit
|-resisted|p1b: Palafin|1
|-damage|p1b: Palafin|31/100
|move|p1b: Palafin|Wave Crash|p2a: Charizard
|-supereffective|p2a: Charizard|1
|-damage|p2a: Charizard|38/100
|-damage|p1b: Palafin|11/100|[from] Recoil
|-damage|p1b: Palafin|1/100|[from] item: Life Orb
|
|-weather|none
|upkeep
|turn|6
|inactive|CrawlingKingSnake has 30 seconds left.
|inactive|CrawlingKingSnake has 20 seconds left.
|inactive|CrawlingKingSnake has 15 seconds left.
|
|t:|1785293117
|move|p1b: Palafin|Protect|p1b: Palafin
|-singleturn|p1b: Palafin|Protect
|move|p2a: Charizard|Heat Wave|p1a: Kingambit|[spread] 
|-activate|p1b: Palafin|move: Protect
|-miss|p2a: Charizard|p1a: Kingambit
|move|p1a: Kingambit|Kowtow Cleave|p2a: Charizard
|-damage|p2a: Charizard|0 fnt
|faint|p2a: Charizard
|move|p2b: Incineroar|Flare Blitz|p1a: Kingambit
|-supereffective|p1a: Kingambit|1
|-damage|p1a: Kingambit|0 fnt
|faint|p1a: Kingambit
|-damage|p2b: Incineroar|38/100|[from] Recoil
|-enditem|p2b: Incineroar|Sitrus Berry|[eat]
|-heal|p2b: Incineroar|63/100|[from] item: Sitrus Berry
|
|upkeep
|
|t:|1785293132
|switch|p2a: Sylveon|Sylveon, L50, F|100/100
|turn|7
|
|t:|1785293139
|move|p2a: Sylveon|Quick Attack|p1b: Palafin
|-damage|p1b: Palafin|0 fnt
|faint|p1b: Palafin
|
|win|DarkSoul8000
||CrawlingKingSnake is ready for game 3.
||DarkSoul8000 is ready for game 3.
|uhtml|next|Next: Game 3 of 3
