|j|☆MiraiPidgeon
|j|☆reghgenius
|html|MiraiPidgeonreghgenius    
|uhtml|bestof|Game 2 of a best-of-3
|t:|1756575632
|gametype|doubles
|player|p1|MiraiPidgeon|266|1333
|player|p2|reghgenius|170|1334
|gen|9
|tier|[Gen 9] VGC 2025 Reg H (Bo3)
|rated|
|rule|Species Clause: Limit one of each Pokémon
|rule|Item Clause: Limit 1 of each item
|clearpoke
|poke|p1|Talonflame, L50, F|
|poke|p1|Garchomp, L50, F|
|poke|p1|Annihilape, L50, F|
|poke|p1|Tyranitar, L50, F|
|poke|p1|Gholdengo, L50|
|poke|p1|Amoonguss, L50, M|
|poke|p2|Gholdengo, L50|
|poke|p2|Sneasler, L50, M|
|poke|p2|Rillaboom, L50, M|
|poke|p2|Dragonite, L50, F|
|poke|p2|Ninetales-Alola, L50, M|
|poke|p2|Arcanine-Hisui, L50, F|
|teampreview|4
|showteam|p1|Talonflame||SharpBeak|GaleWings|Tailwind,DualWingbeat,WillOWisp,Protect|||F|||50|,,,,,Ghost]Garchomp||LoadedDice|RoughSkin|Earthquake,ScaleShot,Protect,StompingTantrum|||F|||50|,,,,,Fairy]Annihilape||FocusSash|Defiant|CloseCombat,RageFist,Coaching,Taunt|||F|||50|,,,,,Grass]Tyranitar||AssaultVest|SandStream|KnockOff,RockSlide,LowKick,TeraBlast|||F|||50|,,,,,Flying]Gholdengo||MetalCoat|GoodasGold|MakeItRain,ShadowBall,NastyPlot,Protect||||||50|,,,,,Water]Amoonguss||SitrusBerry|Regenerator|Spore,RagePowder,PollenPuff,ClearSmog|||M|||50|,,,,,Water
|showteam|p2|Gholdengo||GrassySeed|GoodasGold|NastyPlot,MakeItRain,ShadowBall,Protect||||||50|,,,,,Water]Sneasler||WhiteHerb|Unburden|CloseCombat,DireClaw,Coaching,Protect|||M|||50|,,,,,Ghost]Rillaboom||AssaultVest|GrassySurge|FakeOut,GrassyGlide,DrumBeating,HighHorsepower|||M|||50|,,,,,Fire]Dragonite||LoadedDice|Multiscale|ScaleShot,StompingTantrum,Tailwind,Protect|||F|||50|,,,,,Ground]Ninetales-Alola||FocusSash|SnowWarning|Blizzard,IcyWind,Encore,AuroraVeil|||M|||50|,,,,,Ghost]Arcanine-Hisui||ClearAmulet|Intimidate|RockSlide,FlareBlitz,ExtremeSpeed,Protect|||F|||50|,,,,,Water
|inactive|Battle timer is ON: inactive players will automatically lose when time's up. (requested by reghgenius)
|
|t:|1756575653
|teamsize|p1|4
|teamsize|p2|4
|start
|switch|p1a: Talonflame|Talonflame, L50, F|100/100
|switch|p1b: Gholdengo|Gholdengo, L50|100/100
|switch|p2a: Ninetales|Ninetales-Alola, L50, M|100/100
|switch|p2b: Dragonite|Dragonite, L50, F|100/100
|-weather|Snowscape|[from] ability: Snow Warning|[of] p2a: Ninetales
|turn|1
|
|t:|1756575667
|move|p1a: Talonflame|Will-O-Wisp|p2b: Dragonite
|-status|p2b: Dragonite|brn
|move|p2a: Ninetales|Icy Wind|p1a: Talonflame|[spread] p1a,p1b
|-resisted|p1b: Gholdengo
|-damage|p1a: Talonflame|75/100
|-damage|p1b: Gholdengo|92/100
|-unboost|p1a: Talonflame|spe|1
|-unboost|p1b: Gholdengo|spe|1
|move|p2b: Dragonite|Scale Shot|p1a: Talonflame
|-crit|p1a: Talonflame
|-damage|p1a: Talonflame|59/100
|-damage|p1a: Talonflame|47/100
|-damage|p1a: Talonflame|37/100
|-damage|p1a: Talonflame|26/100
|-hitcount|p1a: Talonflame|4
|-unboost|p2b: Dragonite|def|1
|-boost|p2b: Dragonite|spe|1
|move|p1b: Gholdengo|Nasty Plot|p1b: Gholdengo
|-boost|p1b: Gholdengo|spa|2
|
|-weather|Snowscape|[upkeep]
|-damage|p2b: Dragonite|95/100 brn|[from] brn
|upkeep
|turn|2
|
|t:|1756575690
|switch|p1a: Tyranitar|Tyranitar, L50, F|100/100
|-weather|Sandstorm|[from] ability: Sand Stream|[of] p1a: Tyranitar
|-terastallize|p2b: Dragonite|Ground
|move|p2b: Dragonite|Stomping Tantrum|p1b: Gholdengo
|-supereffective|p1b: Gholdengo
|-damage|p1b: Gholdengo|39/100
|move|p2a: Ninetales|Blizzard|p1a: Tyranitar|[spread] p1a,p1b
|-resisted|p1b: Gholdengo
|-damage|p1a: Tyranitar|88/100
|-damage|p1b: Gholdengo|20/100
|-status|p1b: Gholdengo|frz
|cant|p1b: Gholdengo|frz
|
|-weather|Sandstorm|[upkeep]
|-damage|p2a: Ninetales|94/100|[from] Sandstorm
|-damage|p2b: Dragonite|89/100 brn|[from] brn
|upkeep
|turn|3
|inactive|reghgenius has 30 seconds left.
|
|t:|1756575715
|switch|p2a: Rillaboom|Rillaboom, L50, M|100/100
|-fieldstart|move: Grassy Terrain|[from] ability: Grassy Surge|[of] p2a: Rillaboom
|-terastallize|p1a: Tyranitar|Flying
|move|p2b: Dragonite|Tailwind|p2b: Dragonite
|-sidestart|p2: reghgenius|move: Tailwind
|-curestatus|p1b: Gholdengo|frz|[msg]
|move|p1b: Gholdengo|Make It Rain|p2a: Rillaboom|[spread] p2a,p2b
|-damage|p2a: Rillaboom|8/100
|-damage|p2b: Dragonite|0 fnt
|-unboost|p1b: Gholdengo|spa|1
|faint|p2b: Dragonite
|move|p1a: Tyranitar|Knock Off|p2a: Rillaboom
|-damage|p2a: Rillaboom|0 fnt
|-enditem|p2a: Rillaboom|Assault Vest|[from] move: Knock Off|[of] p1a: Tyranitar
|faint|p2a: Rillaboom
|
|-weather|Sandstorm|[upkeep]
|-damage|p1a: Tyranitar|82/100|[from] Sandstorm
|-heal|p1b: Gholdengo|26/100|[from] Grassy Terrain
|upkeep
|
|t:|1756575720
|switch|p2a: Gholdengo|Gholdengo, L50|100/100
|switch|p2b: Ninetales|Ninetales-Alola, L50, M|94/100
|-weather|Snowscape|[from] ability: Snow Warning|[of] p2b: Ninetales
|-enditem|p2a: Gholdengo|Grassy Seed
|-boost|p2a: Gholdengo|def|1|[from] item: Grassy Seed
|turn|4
|
|t:|1756575738
|switch|p1a: Talonflame|Talonflame, L50, F|26/100
|move|p2b: Ninetales|Blizzard|p1b: Gholdengo|[spread] p1a,p1b
|-crit|p1a: Talonflame
|-resisted|p1b: Gholdengo
|-damage|p1a: Talonflame|0 fnt
|-damage|p1b: Gholdengo|7/100
|faint|p1a: Talonflame
|move|p2a: Gholdengo|Shadow Ball|p1b: Gholdengo
|-supereffective|p1b: Gholdengo
|-damage|p1b: Gholdengo|0 fnt
|faint|p1b: Gholdengo
|
|-weather|Snowscape|[upkeep]
|-heal|p2b: Ninetales|100/100|[from] Grassy Terrain
|upkeep
|
|t:|1756575747
|switch|p1a: Tyranitar|Tyranitar, L50, F, tera:Flying|82/100
|switch|p1b: Garchomp|Garchomp, L50, F|100/100
|-weather|Sandstorm|[from] ability: Sand Stream|[of] p1a: Tyranitar
|turn|5
|
|t:|1756575760
|move|p1b: Garchomp|Protect|p1b: Garchomp
|-singleturn|p1b: Garchomp|Protect
|move|p2b: Ninetales|Icy Wind|p1a: Tyranitar|[spread] p1a
|-activate|p1b: Garchomp|move: Protect
|-supereffective|p1a: Tyranitar
|-damage|p1a: Tyranitar|65/100
|-unboost|p1a: Tyranitar|spe|1
|move|p2a: Gholdengo|Make It Rain|p1a: Tyranitar|[spread] p1a
|-activate|p1b: Garchomp|move: Protect
|-damage|p1a: Tyranitar|41/100
|-unboost|p2a: Gholdengo|spa|1
|move|p1a: Tyranitar|Rock Slide|p2b: Ninetales|[spread] p2b
|-miss|p1a: Tyranitar|p2a: Gholdengo
|-supereffective|p2b: Ninetales
|-damage|p2b: Ninetales|3/100
|
|-weather|Sandstorm|[upkeep]
|-damage|p2b: Ninetales|0 fnt|[from] Sandstorm
|-damage|p1a: Tyranitar|35/100|[from] Sandstorm
|faint|p2b: Ninetales
|upkeep
|turn|6
|inactive|MiraiPidgeon has 30 seconds left.
|
|t:|1756575786
|move|p2a: Gholdengo|Make It Rain|p1a: Tyranitar|[spread] p1a,p1b
|-damage|p1a: Tyranitar|17/100
|-damage|p1b: Garchomp|69/100
|-unboost|p2a: Gholdengo|spa|1
|move|p1b: Garchomp|Earthquake|p2a: Gholdengo|[spread] p2a
|-immune|p1a: Tyranitar
|-supereffective|p2a: Gholdengo
|-damage|p2a: Gholdengo|74/100
|move|p1a: Tyranitar|Knock Off|p2a: Gholdengo
|-supereffective|p2a: Gholdengo
|-damage|p2a: Gholdengo|21/100
|
|-weather|Sandstorm|[upkeep]
|-damage|p1a: Tyranitar|10/100|[from] Sandstorm
|-heal|p2a: Gholdengo|28/100|[from] Grassy Terrain
|-heal|p1b: Garchomp|75/100|[from] Grassy Terrain
|-sideend|p2: reghgenius|move: Tailwind
|upkeep
|turn|7
|
|t:|1756575793
|move|p1b: Garchomp|Earthquake|p2a: Gholdengo|[spread] p2a
|-immune|p1a: Tyranitar
|-supereffective|p2a: Gholdengo
|-damage|p2a: Gholdengo|0 fnt
|faint|p2a: Gholdengo
|
|win|MiraiPidgeon
||MiraiPidgeon is ready for game 3.
||reghgenius is ready for game 3.
|uhtml|next|Next: Game 3 of 3
|l|☆MiraiPidgeon
|player|p1|
