|j|☆abgesaftet
|j|☆TestingTeamsOut64
|html|abgesaftetTestingTeamsOut64    
|uhtml|bestof|Game 1 of a best-of-3
|t:|1783190229
|gametype|doubles
|player|p1|abgesaftet|ballguy|1466
|player|p2|TestingTeamsOut64|boarder|1407
|gen|9
|tier|[Gen 9 Champions] VGC 2026 Reg M-B (Bo3)
|rated|
|rule|Species Clause: Limit one of each Pokémon
|rule|Item Clause: Limit 1 of each item
|clearpoke
|poke|p1|Sinistcha-Masterpiece, L50|
|poke|p1|Kingambit, L50, F|
|poke|p1|Sneasler, L50, M|
|poke|p1|Floette-Eternal, L50, F|
|poke|p1|Delphox, L50, F|
|poke|p1|Incineroar, L50, F|
|poke|p2|Blastoise, L50, M|
|poke|p2|Delphox, L50, F|
|poke|p2|Kingambit, L50, M|
|poke|p2|Sneasler, L50, F|
|poke|p2|Sinistcha, L50|
|poke|p2|Incineroar, L50, F|
|teampreview|4
|showteam|p1|Sinistcha-Masterpiece||KasibBerry|Hospitality|MatchaGotcha,RagePowder,TrickRoom,Protect|Bold|||||50|]Kingambit||BlackGlasses|Defiant|KowtowCleave,SuckerPunch,SwordsDance,Protect|Adamant||F|||50|]Sneasler||FocusSash|PoisonTouch|FakeOut,CloseCombat,DireClaw,QuickGuard|Jolly||M|||50|]Floette-Eternal||Floettite|FlowerVeil|Moonblast,DazzlingGleam,CalmMind,Protect|Modest||F|||50|]Delphox||Delphoxite|Blaze|HeatWave,Psyshock,NastyPlot,Protect|Timid||F|||50|]Incineroar||SitrusBerry|Intimidate|PartingShot,FlareBlitz,ThroatChop,FakeOut|Careful||F|||50|
|showteam|p2|Blastoise||Blastoisinite|Torrent|WaterSpout,DarkPulse,ShellSmash,Protect|Modest||M|||50|]Delphox||Delphoxite|Blaze|HeatWave,Psyshock,NastyPlot,Protect|Timid||F|||50|]Kingambit||BlackGlasses|Defiant|KowtowCleave,SuckerPunch,SwordsDance,Protect|Adamant||M|||50|]Sneasler||FocusSash|PoisonTouch|FakeOut,CloseCombat,DireClaw,Protect|Jolly||F|||50|]Sinistcha||KasibBerry|Hospitality|MatchaGotcha,RagePowder,LifeDew,Protect|Relaxed|||||50|]Incineroar||SitrusBerry|Intimidate|FakeOut,FlareBlitz,ThroatChop,PartingShot|Impish||F|||50|
|
|t:|1783190256
|teamsize|p1|4
|teamsize|p2|4
|start
|switch|p1a: Floette|Floette-Eternal, L50, F|100/100
|switch|p1b: Sinistcha|Sinistcha-Masterpiece, L50|100/100
|switch|p2a: Blastoise|Blastoise, L50, M|100/100
|switch|p2b: Sneasler|Sneasler, L50, F|100/100
|turn|1
|inactive|Battle timer is ON: inactive players will automatically lose when time's up. (requested by abgesaftet)
|
|t:|1783190274
|detailschange|p2a: Blastoise|Blastoise-Mega, L50, M
|-mega|p2a: Blastoise|Blastoise|Blastoisinite
|move|p1a: Floette|Protect|p1a: Floette
|-singleturn|p1a: Floette|Protect
|move|p2b: Sneasler|Dire Claw|p1b: Sinistcha
|-damage|p1b: Sinistcha|67/100
|move|p2a: Blastoise|Dark Pulse|p1b: Sinistcha
|-supereffective|p1b: Sinistcha|1
|-damage|p1b: Sinistcha|0 fnt
|faint|p1b: Sinistcha
|
|upkeep
|
|t:|1783190285
|switch|p1b: Sneasler|Sneasler, L50, M|100/100
|turn|2
|
|t:|1783190291
|detailschange|p1a: Floette|Floette-Mega, L50, F
|-mega|p1a: Floette|Floette|Floettite
|-ability|p1a: Floette|Fairy Aura
|move|p1b: Sneasler|Fake Out|p2b: Sneasler
|-damage|p2b: Sneasler|76/100
|cant|p2b: Sneasler|flinch
|move|p1a: Floette|Moonblast|p2b: Sneasler
|-damage|p2b: Sneasler|0 fnt
|faint|p2b: Sneasler
|move|p2a: Blastoise|Water Spout|p1b: Sneasler|[spread] p1a,p1b
|-damage|p1a: Floette|47/100
|-damage|p1b: Sneasler|14/100
|
|upkeep
|
|t:|1783190307
|switch|p2b: Kingambit|Kingambit, L50, M|100/100
|turn|3
|
|t:|1783190317
|move|p2b: Kingambit|Sucker Punch|p1b: Sneasler
|-resisted|p1b: Sneasler|1
|-damage|p1b: Sneasler|0 fnt
|faint|p1b: Sneasler
|move|p1a: Floette|Moonblast|p2a: Blastoise
|-damage|p2a: Blastoise|25/100
|move|p2a: Blastoise|Shell Smash|p2a: Blastoise
|-unboost|p2a: Blastoise|def|1
|-unboost|p2a: Blastoise|spd|1
|-boost|p2a: Blastoise|atk|2
|-boost|p2a: Blastoise|spa|2
|-boost|p2a: Blastoise|spe|2
|
|upkeep
|
|t:|1783190319
|switch|p1b: Kingambit|Kingambit, L50, F|100/100
|turn|4
|
|t:|1783190334
|switch|p2b: Sinistcha|Sinistcha, L50|100/100
|-heal|p2a: Blastoise|50/100g|[from] ability: Hospitality|[of] p2b: Sinistcha
|move|p2a: Blastoise|Protect|p2a: Blastoise
|-singleturn|p2a: Blastoise|Protect
|move|p1b: Kingambit|Sucker Punch||[still]
|-fail|p1b: Kingambit
|move|p1a: Floette|Moonblast|p2b: Sinistcha
|-damage|p2b: Sinistcha|32/100
|
|upkeep
|turn|5
|
|t:|1783190357
|move|p1a: Floette|Protect|p1a: Floette
|-singleturn|p1a: Floette|Protect
|move|p2a: Blastoise|Water Spout|p1a: Floette|[spread] p1b
|-activate|p1a: Floette|move: Protect
|-damage|p1b: Kingambit|39/100
|move|p2b: Sinistcha|Life Dew|p2b: Sinistcha|[spread] p2a,p2b
|-heal|p2a: Blastoise|75/100
|-heal|p2b: Sinistcha|57/100
|move|p1b: Kingambit|Kowtow Cleave|p2a: Blastoise
|-crit|p2a: Blastoise
|-damage|p2a: Blastoise|0 fnt
|faint|p2a: Blastoise
|
|upkeep
|
|t:|1783190365
|switch|p2a: Kingambit|Kingambit, L50, M|100/100
|turn|6
|
|t:|1783190386
|move|p2b: Sinistcha|Protect|p2b: Sinistcha
|-singleturn|p2b: Sinistcha|Protect
|move|p1a: Floette|Calm Mind|p1a: Floette
|-boost|p1a: Floette|spa|1
|-boost|p1a: Floette|spd|1
|move|p2a: Kingambit|Swords Dance|p2a: Kingambit
|-boost|p2a: Kingambit|atk|2
|move|p1b: Kingambit|Kowtow Cleave|p2b: Sinistcha
|-activate|p2b: Sinistcha|move: Protect
|
|upkeep
|turn|7
|
|t:|1783190398
|move|p2b: Sinistcha|Rage Powder|p2b: Sinistcha
|-singleturn|p2b: Sinistcha|move: Rage Powder
|move|p1a: Floette|Calm Mind|p1a: Floette
|-boost|p1a: Floette|spa|1
|-boost|p1a: Floette|spd|1
|move|p2a: Kingambit|Kowtow Cleave|p1b: Kingambit
|-resisted|p1b: Kingambit|1
|-damage|p1b: Kingambit|0 fnt
|faint|p1b: Kingambit
|
|upkeep
|turn|8
|
|t:|1783190404
|move|p2b: Sinistcha|Rage Powder|p2b: Sinistcha
|-singleturn|p2b: Sinistcha|move: Rage Powder
|move|p1a: Floette|Dazzling Gleam|p2b: Sinistcha|[spread] p2a,p2b
|-damage|p2a: Kingambit|1/100
|-damage|p2b: Sinistcha|0 fnt
|faint|p2b: Sinistcha
|move|p2a: Kingambit|Kowtow Cleave|p1a: Floette
|-resisted|p1a: Floette|1
|-damage|p1a: Floette|0 fnt
|faint|p1a: Floette
|
|win|TestingTeamsOut64
||TestingTeamsOut64 is ready for game 2.
||abgesaftet is ready for game 2.
|uhtml|next|Next: Game 2 of 3
