|j|☆EXESSVGC
|j|☆Prepucio Santos
|html|EXESSVGCPrepucio Santos    
|uhtml|bestof|Game 2 of a best-of-3
|t:|1784390289
|gametype|doubles
|player|p1|EXESSVGC|266|1308
|player|p2|Prepucio Santos|striker|1259
|gen|9
|tier|[Gen 9 Champions] VGC 2026 Reg M-B (Bo3)
|rated|
|rule|Species Clause: Limit one of each Pokémon
|rule|Item Clause: Limit 1 of each item
|clearpoke
|poke|p1|Farigiraf, L50, M|
|poke|p1|Aerodactyl, L50, M|
|poke|p1|Sylveon, L50, F|
|poke|p1|Kingambit, L50, F|
|poke|p1|Garchomp, L50, M|
|poke|p1|Charizard, L50, M|
|poke|p2|Charizard, L50, M|
|poke|p2|Venusaur, L50, M|
|poke|p2|Pelipper, L50, M|
|poke|p2|Grimmsnarl, L50, M|
|poke|p2|Basculegion, L50, M|
|poke|p2|Archaludon, L50, M|
|teampreview|4
|showteam|p1|Farigiraf||SitrusBerry|ArmorTail|TrickRoom,TwinBeam,HelpingHand,Thunderbolt|Bold||M|||50|]Aerodactyl||Aerodactylite|Unnerve|RockSlide,Protect,Tailwind,Taunt|Jolly||M|||50|]Sylveon||FairyFeather|Pixilate|HyperVoice,HyperBeam,Protect,QuickAttack|Modest||F|||50|]Kingambit||FocusSash|Defiant|IronHead,SuckerPunch,LowKick,Protect|Adamant||F|||50|]Garchomp||LifeOrb|RoughSkin|DragonClaw,Earthquake,StompingTantrum,Protect|Adamant||M|||50|]Charizard||CharizarditeY|Blaze|WeatherBall,HeatWave,SolarBeam,Protect|Modest||M|||50|
|showteam|p2|Charizard||CharizarditeY|Blaze|HeatWave,WeatherBall,SolarBeam,Protect|Modest||M|||50|]Venusaur||FocusSash|Chlorophyll|SludgeBomb,EarthPower,SleepPowder,Protect|Modest||M|||50|]Pelipper||SitrusBerry|Drizzle|Hurricane,WeatherBall,WideGuard,Tailwind|Modest||M|||50|]Grimmsnarl||LightClay|Prankster|SpiritBreak,Reflect,LightScreen,PartingShot|Sassy||M|||50|]Basculegion||ChoiceScarf|Adaptability|WaveCrash,LastRespects,FlipTurn,AquaJet|Jolly||M|||50|]Archaludon||Leftovers|Stamina|DragonPulse,FlashCannon,ElectroShot,Protect|Calm||M|||50|
|inactive|Battle timer is ON: inactive players will automatically lose when time's up. (requested by EXESSVGC)
|inactive|Prepucio Santos has 60 seconds left.
|
|t:|1784390341
|teamsize|p1|4
|teamsize|p2|4
|start
|switch|p1a: Garchomp|Garchomp, L50, M|100/100
|switch|p1b: Charizard|Charizard, L50, M|100/100
|switch|p2a: Charizard|Charizard, L50, M|100/100
|switch|p2b: Venusaur|Venusaur, L50, M|100/100
|turn|1
|inactive|EXESSVGC has 30 seconds left.
|inactive|Prepucio Santos has 30 seconds left.
|inactive|EXESSVGC has 20 seconds left.
|
|t:|1784390380
|detailschange|p1b: Charizard|Charizard-Mega-Y, L50, M
|-mega|p1b: Charizard|Charizard|Charizardite Y
|-weather|SunnyDay|[from] ability: Drought|[of] p1b: Charizard
|detailschange|p2a: Charizard|Charizard-Mega-Y, L50, M
|-mega|p2a: Charizard|Charizard|Charizardite Y
|move|p2b: Venusaur|Sleep Powder|p1b: Charizard
|-status|p1b: Charizard|slp|[from] move: Sleep Powder
|cant|p1b: Charizard|slp
|move|p2a: Charizard|Heat Wave|p1b: Charizard|[spread] p1a,p1b
|-resisted|p1a: Garchomp|1
|-resisted|p1b: Charizard|1
|-damage|p1a: Garchomp|72/100
|-damage|p1b: Charizard|74/100 slp
|move|p1a: Garchomp|Earthquake|p2a: Charizard|[spread] p2b
|-immune|p1b: Charizard
|-immune|p2a: Charizard
|-damage|p2b: Venusaur|22/100
|-damage|p1a: Garchomp|62/100|[from] item: Life Orb
|
|-weather|SunnyDay|[upkeep]
|upkeep
|turn|2
|
|t:|1784390405
|switch|p2b: Pelipper|Pelipper, L50, M|100/100
|-weather|RainDance|[from] ability: Drizzle|[of] p2b: Pelipper
|cant|p1b: Charizard|slp
|move|p2a: Charizard|Weather Ball|p1b: Charizard
|-supereffective|p1b: Charizard|1
|-damage|p1b: Charizard|0 fnt
|faint|p1b: Charizard
|move|p1a: Garchomp|Dragon Claw|p2a: Charizard
|-damage|p2a: Charizard|46/100
|-damage|p1a: Garchomp|52/100|[from] item: Life Orb
|
|-weather|RainDance|[upkeep]
|upkeep
|
|t:|1784390419
|switch|p1b: LA GIRAFFA|Farigiraf, L50, M|100/100
|turn|3
|
|t:|1784390432
|switch|p2b: Archaludon|Archaludon, L50, M|100/100
|move|p2a: Charizard|Weather Ball|p1a: Garchomp
|-damage|p1a: Garchomp|7/100
|move|p1a: Garchomp|Dragon Claw|p2a: Charizard
|-damage|p2a: Charizard|0 fnt
|faint|p2a: Charizard
|-damage|p1a: Garchomp|0 fnt|[from] item: Life Orb
|faint|p1a: Garchomp
|move|p1b: LA GIRAFFA|Thunderbolt|p2b: Archaludon
|-resisted|p2b: Archaludon|1
|-damage|p2b: Archaludon|90/100
|-ability|p2b: Archaludon|Stamina|boost
|-boost|p2b: Archaludon|def|1
|
|-weather|RainDance|[upkeep]
|-heal|p2b: Archaludon|96/100|[from] item: Leftovers
|upkeep
|inactive|Prepucio Santos has 30 seconds left.
|
|t:|1784390458
|switch|p2a: Venusaur|Venusaur, L50, M|22/100
|switch|p1a: Marianela|Sylveon, L50, F|100/100
|turn|4
|
|t:|1784390475
|move|p2a: Venusaur|Sleep Powder|p1b: LA GIRAFFA
|-status|p1b: LA GIRAFFA|slp|[from] move: Sleep Powder
|move|p2b: Archaludon|Flash Cannon|p1a: Marianela
|-supereffective|p1a: Marianela|1
|-damage|p1a: Marianela|52/100
|cant|p1b: LA GIRAFFA|slp
|move|p1a: Marianela|Hyper Beam|p2b: Archaludon
|-damage|p2b: Archaludon|5/100
|-mustrecharge|p1a: Marianela
|-ability|p2b: Archaludon|Stamina|boost
|-boost|p2b: Archaludon|def|1
|
|-weather|RainDance|[upkeep]
|-heal|p2b: Archaludon|11/100|[from] item: Leftovers
|upkeep
|turn|5
|
|t:|1784390499
|move|p2a: Venusaur|Sludge Bomb|p1a: Marianela
|-supereffective|p1a: Marianela|1
|-damage|p1a: Marianela|0 fnt
|faint|p1a: Marianela
|move|p2b: Archaludon|Electro Shot||[still]
|-prepare|p2b: Archaludon|Electro Shot
|-boost|p2b: Archaludon|spa|1
|-anim|p2b: Archaludon|Electro Shot|p1b: LA GIRAFFA
|-damage|p1b: LA GIRAFFA|48/100 slp
|-enditem|p1b: LA GIRAFFA|Sitrus Berry|[eat]
|-heal|p1b: LA GIRAFFA|73/100 slp|[from] item: Sitrus Berry
|cant|p1b: LA GIRAFFA|slp
|
|-weather|RainDance|[upkeep]
|-heal|p2b: Archaludon|17/100|[from] item: Leftovers
|upkeep
|turn|6
|inactive|EXESSVGC has 30 seconds left.
|-message|EXESSVGC forfeited.
|
|win|Prepucio Santos
|l|☆EXESSVGC
|player|p1|
||EXESSVGC is ready for game 3.
|inactive|Prepucio Santos has 30 seconds to confirm battle start!
||Prepucio Santos is ready for game 3.
|uhtml|next|Next: Game 3 of 3
|j|☆EXESSVGC
|player|p1|EXESSVGC|266|
