|j|â˜†snailboss
|j|â˜†LemonLimeScizor
|html|snailbossLemonLimeScizor    
|uhtml|bestof|Game 2 of a best-of-3
|t:|1756516771
|gametype|doubles
|player|p1|snailboss|102|1151
|player|p2|LemonLimeScizor|drayden|1000
|gen|9
|tier|[Gen 9] VGC 2025 Reg H (Bo3)
|rated|
|rule|Species Clause: Limit one of each PokÃ©mon
|rule|Item Clause: Limit 1 of each item
|clearpoke
|poke|p1|Tyranitar, L50, F|
|poke|p1|Excadrill, L50, F|
|poke|p1|Indeedee-F, L50, F|
|poke|p1|Zoroark-Hisui, L50, F|
|poke|p1|Corviknight, L50, F|
|poke|p1|Amoonguss, L50, F|
|poke|p2|Serperior, L50, M|
|poke|p2|Incineroar, L50, F|
|poke|p2|Primarina, L50, M|
|poke|p2|Archaludon, L50, F|
|poke|p2|Murkrow, L50, M|
|poke|p2|Sneasler, L50, F|
|teampreview|4
|showteam|p1|Tyranitar||AssaultVest|SandStream|RockSlide,KnockOff,LowKick,TeraBlast|||F|||50|,,,,,Flying]Excadrill||FocusSash|SandRush|IronHead,Protect,SwordsDance,Earthquake|||F|||50|,,,,,Ground]Indeedee-F||SafetyGoggles|PsychicSurge|TrickRoom,FollowMe,Psychic,HelpingHand|||F|||50|,,,,,Fairy]Zoroark-Hisui||ChoiceSpecs|Illusion|HyperVoice,ShadowBall,HyperBeam,Flamethrower|||F|||50|,,,,,Normal]Corviknight||PsychicSeed|MirrorArmor|BraveBird,PowerTrip,BulkUp,Roost|||F|||50|,,,,,Dragon]Amoonguss||SitrusBerry|Regenerator|Spore,Protect,RagePowder,ClearSmog|||F|||50|,,,,,Grass
|showteam|p2|Serperior||LifeOrb|Contrary|LeafStorm,Protect,TeraBlast,Glare|||M|||50|,,,,,Stellar]Incineroar||SafetyGoggles|Intimidate|FakeOut,KnockOff,PartingShot,FlareBlitz|||F|||50|,,,,,Grass]Primarina||ThroatSpray|LiquidVoice|HyperVoice,Moonblast,Protect,IcyWind|||M|||50|,,,,,Steel]Archaludon||AssaultVest|Stamina|ElectroShot,FlashCannon,DracoMeteor,BodyPress|||F|||50|,,,,,Grass]Murkrow||Eviolite|Prankster|Tailwind,FoulPlay,Haze,RainDance|||M|||50|,,,,,Dark]Sneasler||WhiteHerb|Unburden|CloseCombat,DireClaw,Protect,ThroatChop|||F|||50|,,,,,Fairy
|
|t:|1756516800
|teamsize|p1|4
|teamsize|p2|4
|start
|switch|p1a: Indeedee|Indeedee-F, L50, F|100/100
|switch|p1b: Excadrill|Excadrill, L50, F|100/100
|switch|p2a: Murkrow|Murkrow, L50, M|100/100
|switch|p2b: Archaludon|Archaludon, L50, F|100/100
|-fieldstart|move: Psychic Terrain|[from] ability: Psychic Surge|[of] p1a: Indeedee
|turn|1
|
|t:|1756516826
|-terastallize|p2b: Archaludon|Grass
|move|p1a: Indeedee|Helping Hand|p1b: Excadrill
|-singleturn|p1b: Excadrill|Helping Hand|[of] p1a: Indeedee
|move|p2a: Murkrow|Tailwind|p2a: Murkrow
|-sidestart|p2: LemonLimeScizor|move: Tailwind
|move|p2b: Archaludon|Draco Meteor|p1a: Indeedee
|-damage|p1a: Indeedee|32/100
|-unboost|p2b: Archaludon|spa|2
|move|p1b: Excadrill|Shadow Ball|p2b: Archaludon
|-damage|p2b: Archaludon|12/100
|-ability|p2b: Archaludon|Stamina|boost
|-boost|p2b: Archaludon|def|1
|
|upkeep
|turn|2
|
|t:|1756516919
|switch|p1b: Excadrill|Excadrill, L50, F|100/100
|move|p2a: Murkrow|Rain Dance|p2a: Murkrow
|-weather|RainDance
|move|p2b: Archaludon|Body Press|p1b: Excadrill
|-supereffective|p1b: Excadrill
|-enditem|p1b: Excadrill|Focus Sash
|-damage|p1b: Excadrill|1/100
|move|p1a: Indeedee|Psychic|p2b: Archaludon
|-damage|p2b: Archaludon|0 fnt
|faint|p2b: Archaludon
|
|-weather|RainDance|[upkeep]
|upkeep
|
|t:|1756516931
|switch|p2b: Primarina|Primarina, L50, M|100/100
|turn|3
|
|t:|1756516946
|move|p1b: Excadrill|Protect|p1b: Excadrill
|-singleturn|p1b: Excadrill|Protect
|move|p2a: Murkrow|Foul Play|p1b: Excadrill
|-activate|p1b: Excadrill|move: Protect
|move|p2b: Primarina|Hyper Voice|p1a: Indeedee|[spread] p1a
|-activate|p1b: Excadrill|move: Protect
|-damage|p1a: Indeedee|0 fnt
|faint|p1a: Indeedee
|-enditem|p2b: Primarina|Throat Spray
|-boost|p2b: Primarina|spa|1|[from] item: Throat Spray
|
|-weather|RainDance|[upkeep]
|upkeep
|
|t:|1756516961
|switch|p1a: Tyranitar|Tyranitar, L50, F|100/100
|-weather|Sandstorm|[from] ability: Sand Stream|[of] p1a: Tyranitar
|turn|4
|
|t:|1756516969
|-terastallize|p1a: Tyranitar|Flying
|move|p2b: Primarina|Protect|p2b: Primarina
|-singleturn|p2b: Primarina|Protect
|move|p1b: Excadrill|Iron Head|p2b: Primarina
|-activate|p2b: Primarina|move: Protect
|move|p2a: Murkrow|Foul Play|p1b: Excadrill
|-damage|p1b: Excadrill|0 fnt
|faint|p1b: Excadrill
|move|p1a: Tyranitar|Rock Slide|p2b: Primarina|[spread] 
|-activate|p2b: Primarina|move: Protect
|-miss|p1a: Tyranitar|p2a: Murkrow
|
|-weather|Sandstorm|[upkeep]
|-damage|p2a: Murkrow|95/100|[from] Sandstorm
|-damage|p2b: Primarina|94/100|[from] Sandstorm
|-damage|p1a: Tyranitar|95/100|[from] Sandstorm
|-sideend|p2: LemonLimeScizor|move: Tailwind
|upkeep
|
|t:|1756516980
|switch|p1b: Zoroark|Zoroark-Hisui, L50, F|100/100
|turn|5
|
|t:|1756516990
|move|p1b: Zoroark|Hyper Voice|p2b: Primarina|[spread] p2a,p2b
|-damage|p2a: Murkrow|23/100
|-damage|p2b: Primarina|54/100
|move|p1a: Tyranitar|Rock Slide|p2b: Primarina|[spread] p2a,p2b
|-supereffective|p2a: Murkrow
|-crit|p2b: Primarina
|-damage|p2a: Murkrow|0 fnt
|-damage|p2b: Primarina|0 fnt
|faint|p2a: Murkrow
|faint|p2b: Primarina
|
|-weather|Sandstorm|[upkeep]
|-damage|p1b: Zoroark|94/100|[from] Sandstorm
|-damage|p1a: Tyranitar|89/100|[from] Sandstorm
|-fieldend|move: Psychic Terrain
|upkeep
|c|â˜†snailboss|I got bailed
|
|t:|1756517002
|switch|p2b: Sneasler|Sneasler, L50, F|100/100
|turn|6
|c|â˜†LemonLimeScizor|was a good crit for you
|c|â˜†LemonLimeScizor|idk if it wouldve killed w/o it
|c|â˜†snailboss|nah it def wouldn't have
|
|t:|1756517027
|move|p2b: Sneasler|Close Combat|p1a: Tyranitar
|-resisted|p1a: Tyranitar
|-damage|p1a: Tyranitar|62/100
|-unboost|p2b: Sneasler|def|1
|-unboost|p2b: Sneasler|spd|1
|-enditem|p2b: Sneasler|White Herb
|-clearnegativeboost|p2b: Sneasler|[silent]
|move|p1b: Zoroark|Hyper Voice|p2b: Sneasler
|-damage|p2b: Sneasler|8/100
|move|p1a: Tyranitar|Tera Blast|p2b: Sneasler|[anim] Tera Blast Flying
|-supereffective|p2b: Sneasler
|-damage|p2b: Sneasler|0 fnt
|faint|p2b: Sneasler
|
|win|snailboss
|c|â˜†snailboss|I got turbo bailed
||LemonLimeScizor is ready for game 3.
|inactive|snailboss has 30 seconds to confirm battle start!
