|j|☆Keeper08
|j|☆MrMaro
|html|Keeper08MrMaro    
|uhtml|bestof|Game 2 of a best-of-3
|t:|1757848035
|gametype|doubles
|player|p1|Keeper08|lance|1049
|player|p2|MrMaro|1|1143
|gen|9
|tier|[Gen 9] VGC 2025 Reg H (Bo3)
|rated|
|rule|Species Clause: Limit one of each Pokémon
|rule|Item Clause: Limit 1 of each item
|clearpoke
|poke|p1|Dusclops, L50, M|
|poke|p1|Hydreigon, L50, M|
|poke|p1|Rillaboom, L50, F|
|poke|p1|Klefki, L50, F|
|poke|p1|Electivire, L50, M|
|poke|p1|Volcarona, L50, M|
|poke|p2|Ninetales-Alola, L50, F|
|poke|p2|Ursaluna-Bloodmoon, L50, M|
|poke|p2|Sneasler, L50, F|
|poke|p2|Indeedee, L50, M|
|poke|p2|Dragonite, L50, F|
|poke|p2|Alcremie, L50, F|
|teampreview|4
|showteam|p1|Dusclops||Eviolite|Pressure|NightShade,Protect,IcyWind,WillOWisp|||M|||50|,,,,,Normal]Hydreigon||CovertCloak|Levitate|DracoMeteor,Snarl,Tailwind,DarkPulse|||M|||50|,,,,,Poison]Rillaboom||AssaultVest|GrassySurge|FakeOut,WoodHammer,GrassyGlide,HighHorsepower|||F|||50|,,,,,Ground]Klefki||Leftovers|Prankster|LightScreen,Reflect,ThunderWave,DazzlingGleam|||F|||50|,,,,,Water]Electivire||ChoiceBand|VitalSpirit|SupercellSlam,Earthquake,KnockOff,LowKick|||M|||50|,,,,,Flying]Volcarona||SitrusBerry|FlameBody|HeatWave,BugBuzz,QuiverDance,Protect|||M|||50|,,,,,Water
|showteam|p2|Ninetales-Alola||LightClay|SnowWarning|AuroraVeil,Blizzard,Encore,Disable|||F|||50|,,,,,Fire]Ursaluna-Bloodmoon||AssaultVest|MindsEye|HyperVoice,BloodMoon,EarthPower,Snarl|||M|||50|,,,,,Water]Sneasler||PsychicSeed|Unburden|DireClaw,CloseCombat,ThroatChop,Protect|||F|||50|,,,,,Dark]Indeedee||ChoiceScarf|PsychicSurge|ExpandingForce,Imprison,Trick,TrickRoom|||M|||50|,,,,,Fairy]Dragonite||Leftovers|Multiscale|DragonDance,IceSpinner,ExtremeSpeed,Protect|||F|||50|,,,,,Normal]Alcremie||KeeBerry|SweetVeil|Decorate,PsychUp,AlluringVoice,Protect|||F|||50|,,,,,Steel
|inactive|Battle timer is ON: inactive players will automatically lose when time's up. (requested by Keeper08)
|
|t:|1757848068
|teamsize|p1|4
|teamsize|p2|4
|start
|switch|p1a: Klefki|Klefki, L50, F|100/100
|switch|p1b: Dusclops|Dusclops, L50, M, shiny|100/100
|switch|p2a: Alcremie|Alcremie, L50, F|100/100
|switch|p2b: Ursaluna|Ursaluna-Bloodmoon, L50, M|100/100
|-ability|p1b: Dusclops|Pressure
|turn|1
|
|t:|1757848090
|switch|p1b: Hydreigon|Hydreigon, L50, M|100/100
|move|p1a: Klefki|Light Screen|p1a: Klefki
|-sidestart|p1: Keeper08|move: Light Screen
|move|p2b: Ursaluna|Earth Power|p1a: Klefki
|-supereffective|p1a: Klefki
|-damage|p1a: Klefki|37/100
|-unboost|p1a: Klefki|spd|1
|move|p2a: Alcremie|Decorate|p2b: Ursaluna
|-boost|p2b: Ursaluna|atk|2
|-boost|p2b: Ursaluna|spa|2
|
|-heal|p1a: Klefki|43/100|[from] item: Leftovers
|upkeep
|turn|2
|inactive|MrMaro has 30 seconds left.
|
|t:|1757848117
|switch|p1a: Dusclops|Dusclops, L50, M, shiny|100/100
|-ability|p1a: Dusclops|Pressure
|move|p1b: Hydreigon|Snarl|p2a: Alcremie|[spread] p2a,p2b
|-resisted|p2a: Alcremie
|-damage|p2a: Alcremie|92/100
|-damage|p2b: Ursaluna|85/100
|-unboost|p2a: Alcremie|spa|1
|-unboost|p2b: Ursaluna|spa|1
|move|p2b: Ursaluna|Hyper Voice|p1a: Dusclops|[spread] p1a,p1b
|-damage|p1a: Dusclops|79/100
|-damage|p1b: Hydreigon|69/100
|move|p2a: Alcremie|Psych Up|p2b: Ursaluna
|-copyboost|p2a: Alcremie|p2b: Ursaluna|[from] move: Psych Up
|
|upkeep
|turn|3
|inactive|MrMaro has 30 seconds left.
|inactive|MrMaro has 20 seconds left.
|
|t:|1757848155
|move|p1b: Hydreigon|Snarl|p2a: Alcremie|[spread] p2a,p2b
|-resisted|p2a: Alcremie
|-crit|p2b: Ursaluna
|-damage|p2a: Alcremie|84/100
|-damage|p2b: Ursaluna|61/100
|-unboost|p2a: Alcremie|spa|1
|-unboost|p2b: Ursaluna|spa|1
|move|p2b: Ursaluna|Blood Moon|p1a: Dusclops
|-damage|p1a: Dusclops|49/100
|move|p2a: Alcremie|Decorate|p2b: Ursaluna
|-boost|p2b: Ursaluna|atk|2
|-boost|p2b: Ursaluna|spa|2
|move|p1a: Dusclops|Will-O-Wisp|p2b: Ursaluna
|-status|p2b: Ursaluna|brn
|
|-damage|p2b: Ursaluna|55/100 brn|[from] brn
|upkeep
|turn|4
|
|t:|1757848179
|move|p1b: Hydreigon|Draco Meteor|p2b: Ursaluna
|-damage|p2b: Ursaluna|7/100 brn
|-unboost|p1b: Hydreigon|spa|2
|move|p2b: Ursaluna|Hyper Voice|p1b: Hydreigon|[spread] p1a,p1b
|-damage|p1a: Dusclops|22/100
|-damage|p1b: Hydreigon|27/100
|move|p2a: Alcremie|Alluring Voice|p1b: Hydreigon
|-supereffective|p1b: Hydreigon
|-damage|p1b: Hydreigon|0 fnt
|faint|p1b: Hydreigon
|move|p1a: Dusclops|Night Shade|p2b: Ursaluna
|-immune|p2b: Ursaluna
|
|-damage|p2b: Ursaluna|0 fnt|[from] brn
|faint|p2b: Ursaluna
|upkeep
|
|t:|1757848197
|switch|p1b: Volcarona|Volcarona, L50, M, shiny|100/100
|switch|p2b: Sneasler|Sneasler, L50, F|100/100
|turn|5
|inactive|MrMaro has 30 seconds left.
|
|t:|1757848223
|move|p2b: Sneasler|Dire Claw|p1a: Dusclops
|-resisted|p1a: Dusclops
|-damage|p1a: Dusclops|10/100
|-status|p1a: Dusclops|slp
|move|p1b: Volcarona|Quiver Dance|p1b: Volcarona
|-boost|p1b: Volcarona|spa|1
|-boost|p1b: Volcarona|spd|1
|-boost|p1b: Volcarona|spe|1
|move|p2a: Alcremie|Decorate|p2b: Sneasler
|-boost|p2b: Sneasler|atk|2
|-boost|p2b: Sneasler|spa|2
|cant|p1a: Dusclops|slp
|
|-sideend|p1: Keeper08|move: Light Screen
|upkeep
|turn|6
|
|t:|1757848245
|switch|p2a: Indeedee|Indeedee, L50, M|100/100
|-fieldstart|move: Psychic Terrain|[from] ability: Psychic Surge|[of] p2a: Indeedee
|-enditem|p2b: Sneasler|Psychic Seed
|-boost|p2b: Sneasler|spd|1|[from] item: Psychic Seed
|switch|p1a: Klefki|Klefki, L50, F|43/100
|move|p2b: Sneasler|Dire Claw|p1b: Volcarona
|-damage|p1b: Volcarona|0 fnt
|faint|p1b: Volcarona
|
|-heal|p1a: Klefki|48/100|[from] item: Leftovers
|upkeep
|
|t:|1757848261
|switch|p1b: Dusclops|Dusclops, L50, M, shiny|10/100 slp
|-ability|p1b: Dusclops|Pressure
|turn|7
|-message|Keeper08 forfeited.
|
|win|MrMaro
|l|☆Keeper08
|player|p1|
||Keeper08 is ready for game 3.
||MrMaro is ready for game 3.
|uhtml|next|Next: Game 3 of 3
