|j|☆kaiqueg6789
|j|☆lancerh
|html|kaiqueg6789lancerh    
|uhtml|bestof|Game 1 of a best-of-3
|t:|1757719805
|gametype|doubles
|player|p1|kaiqueg6789|102|1044
|player|p2|lancerh|169|1146
|gen|9
|tier|[Gen 9] VGC 2025 Reg H (Bo3)
|rated|
|rule|Species Clause: Limit one of each Pokémon
|rule|Item Clause: Limit 1 of each item
|clearpoke
|poke|p1|Kingdra, L50, M|
|poke|p1|Rillaboom, L50, M|
|poke|p1|Gholdengo, L50|
|poke|p1|Politoed, L50, F|
|poke|p1|Dragonite, L50, M|
|poke|p1|Volcarona, L50, M|
|poke|p2|Indeedee, L50, M|
|poke|p2|Dondozo, L50, F|
|poke|p2|Tatsugiri, L50, F|
|poke|p2|Ninetales-Alola, L50, F|
|poke|p2|Armarouge, L50, M|
|poke|p2|Sneasler, L50, M|
|teampreview|4
|showteam|p1|Kingdra||LifeOrb|SwiftSwim|WeatherBall,DracoMeteor,MuddyWater,Protect|||M|||50|,,,,,Stellar]Rillaboom||AssaultVest|GrassySurge|WoodHammer,HighHorsepower,GrassyGlide,FakeOut|||M|||50|,,,,,Fire]Gholdengo||SafetyGoggles|GoodasGold|MakeItRain,ShadowBall,NastyPlot,Protect||||||50|,,,,,Water]Politoed||SitrusBerry|Drizzle|WeatherBall,Encore,HelpingHand,Protect|||F|||50|,,,,,Water]Dragonite||LoadedDice|Multiscale|Tailwind,ScaleShot,Haze,Protect|||M|||50|,,,,,Dragon]Volcarona||MentalHerb|FlameBody|RagePowder,QuiverDance,BugBuzz,Protect|||M|||50|,,,,,Bug
|showteam|p2|Indeedee||FocusSash|PsychicSurge|TrickRoom,ExpandingForce,TeraBlast,Protect|||M|||50|,,,,,Fighting]Dondozo||Leftovers|Unaware|OrderUp,Protect,Yawn,WaveCrash|||F|||50|,,,,,Steel]Tatsugiri||ChoiceScarf|Commander|MuddyWater,IcyWind,DracoMeteor,DragonPulse|||F|||50|,,,,,Stellar]Ninetales-Alola||IciclePlate|SnowWarning|Blizzard,AuroraVeil,FreezeDry,Moonblast|||F|||50|,,,,,Water]Armarouge||PowerHerb|FlashFire|ExpandingForce,HeatWave,MeteorBeam,Protect|||M|||50|,,,,,Grass]Sneasler||PsychicSeed|Unburden|DireClaw,CloseCombat,ThroatChop,Protect|||M|||50|,,,,,Dark
|inactive|Battle timer is ON: inactive players will automatically lose when time's up. (requested by lancerh)
|
|t:|1757719878
|teamsize|p1|4
|teamsize|p2|4
|start
|switch|p1a: Gholdengo|Gholdengo, L50|100/100
|switch|p1b: Politoed|Politoed, L50, F|100/100
|switch|p2a: Tatsugiri|Tatsugiri, L50, F|100/100
|switch|p2b: Sneasler|Sneasler, L50, M, shiny|100/100
|-weather|RainDance|[from] ability: Drizzle|[of] p1b: Politoed
|turn|1
|inactive|kaiqueg6789 has 30 seconds left.
|inactive|lancerh has 30 seconds left.
|
|t:|1757719909
|-terastallize|p2b: Sneasler|Dark
|move|p1a: Gholdengo|Protect|p1a: Gholdengo
|-singleturn|p1a: Gholdengo|Protect
|move|p2a: Tatsugiri|Muddy Water|p1b: Politoed|[spread] p1b
|-activate|p1a: Gholdengo|move: Protect
|-resisted|p1b: Politoed
|-damage|p1b: Politoed|81/100
|move|p2b: Sneasler|Throat Chop|p1a: Gholdengo
|-activate|p1a: Gholdengo|move: Protect
|move|p1b: Politoed|Weather Ball|p2b: Sneasler
|-damage|p2b: Sneasler|36/100
|
|-weather|RainDance|[upkeep]
|upkeep
|turn|2
|inactive|kaiqueg6789 has 30 seconds left.
|
|t:|1757719936
|switch|p1a: Dragonite|Dragonite, L50, M|100/100
|move|p2a: Tatsugiri|Muddy Water|p1b: Politoed|[spread] p1a,p1b
|-resisted|p1a: Dragonite
|-resisted|p1b: Politoed
|-damage|p1a: Dragonite|88/100
|-damage|p1b: Politoed|60/100
|-unboost|p1a: Dragonite|accuracy|1
|move|p2b: Sneasler|Close Combat|p1a: Dragonite
|-resisted|p1a: Dragonite
|-damage|p1a: Dragonite|50/100
|-unboost|p2b: Sneasler|def|1
|-unboost|p2b: Sneasler|spd|1
|move|p1b: Politoed|Weather Ball|p2b: Sneasler
|-damage|p2b: Sneasler|0 fnt
|faint|p2b: Sneasler
|
|-weather|RainDance|[upkeep]
|upkeep
|
|t:|1757719941
|switch|p2b: Ninetales|Ninetales-Alola, L50, F|100/100
|-weather|Snowscape|[from] ability: Snow Warning|[of] p2b: Ninetales
|turn|3
|
|t:|1757719962
|switch|p1b: Gholdengo|Gholdengo, L50|100/100
|move|p1a: Dragonite|Protect|p1a: Dragonite
|-singleturn|p1a: Dragonite|Protect
|move|p2a: Tatsugiri|Muddy Water|p1b: Gholdengo|[spread] p1b
|-activate|p1a: Dragonite|move: Protect
|-damage|p1b: Gholdengo|65/100
|move|p2b: Ninetales|Freeze-Dry|p1b: Gholdengo
|-resisted|p1b: Gholdengo
|-damage|p1b: Gholdengo|48/100
|-status|p1b: Gholdengo|frz
|
|-weather|Snowscape|[upkeep]
|upkeep
|turn|4
|
|t:|1757719981
|cant|p1b: Gholdengo|frz
|move|p2a: Tatsugiri|Muddy Water|p1a: Dragonite|[spread] p1a
|-miss|p2a: Tatsugiri|p1b: Gholdengo
|-resisted|p1a: Dragonite
|-damage|p1a: Dragonite|33/100
|-unboost|p1a: Dragonite|accuracy|1
|move|p2b: Ninetales|Freeze-Dry|p1a: Dragonite
|-supereffective|p1a: Dragonite
|-damage|p1a: Dragonite|0 fnt
|faint|p1a: Dragonite
|
|-weather|Snowscape|[upkeep]
|upkeep
|
|t:|1757719990
|switch|p1a: Politoed|Politoed, L50, F|60/100
|-weather|RainDance|[from] ability: Drizzle|[of] p1a: Politoed
|turn|5
|
|t:|1757720006
|-terastallize|p1b: Gholdengo|Water
|move|p2a: Tatsugiri|Muddy Water|p1a: Politoed|[spread] p1a,p1b
|-resisted|p1a: Politoed
|-resisted|p1b: Gholdengo
|-damage|p1a: Politoed|40/100
|-damage|p1b: Gholdengo|21/100 frz
|-unboost|p1b: Gholdengo|accuracy|1
|-enditem|p1a: Politoed|Sitrus Berry|[eat]
|-heal|p1a: Politoed|64/100|[from] item: Sitrus Berry
|move|p2b: Ninetales|Freeze-Dry|p1a: Politoed
|-supereffective|p1a: Politoed
|-damage|p1a: Politoed|16/100
|cant|p1b: Gholdengo|frz
|move|p1a: Politoed|Weather Ball|p2b: Ninetales
|-damage|p2b: Ninetales|46/100
|
|-weather|RainDance|[upkeep]
|upkeep
|turn|6
|
|t:|1757720024
|move|p1a: Politoed|Helping Hand|p1b: Gholdengo
|-immune|p1b: Gholdengo|[from] ability: Good as Gold
|move|p2a: Tatsugiri|Muddy Water|p1a: Politoed|[spread] p1a,p1b
|-resisted|p1a: Politoed
|-resisted|p1b: Gholdengo
|-damage|p1a: Politoed|0 fnt
|-damage|p1b: Gholdengo|0 fnt
|faint|p1a: Politoed
|faint|p1b: Gholdengo
|move|p2b: Ninetales|Freeze-Dry|p1: Politoed|[notarget]
|-fail|p2b: Ninetales
|
|-weather|RainDance|[upkeep]
|upkeep
|
|t:|1757720029
|switch|p1b: Rillaboom|Rillaboom, L50, M|100/100
|-fieldstart|move: Grassy Terrain|[from] ability: Grassy Surge|[of] p1b: Rillaboom
|turn|7
|
|t:|1757720040
|switch|p2a: Indeedee|Indeedee, L50, M|100/100
|-fieldstart|move: Psychic Terrain|[from] ability: Psychic Surge|[of] p2a: Indeedee
|move|p1b: Rillaboom|Fake Out|p2b: Ninetales
|-activate|p2b: Ninetales|move: Psychic Terrain
|move|p2b: Ninetales|Freeze-Dry|p1b: Rillaboom
|-supereffective|p1b: Rillaboom
|-damage|p1b: Rillaboom|58/100
|
|-weather|RainDance|[upkeep]
|upkeep
|turn|8
|
|t:|1757720050
|move|p2b: Ninetales|Freeze-Dry|p1b: Rillaboom
|-supereffective|p1b: Rillaboom
|-damage|p1b: Rillaboom|16/100
|move|p2a: Indeedee|Expanding Force|p1b: Rillaboom
|-damage|p1b: Rillaboom|0 fnt
|faint|p1b: Rillaboom
|
|win|lancerh
||kaiqueg6789 is ready for game 2.
