|j|☆willem da ally
|j|☆Dr.Aero
|html|willem da allyDr.Aero    
|uhtml|bestof|Game 1 of a best-of-3
|t:|1784985073
|gametype|doubles
|player|p1|willem da ally|265|
|player|p2|Dr.Aero|cyrus|
|gen|9
|tier|[Gen 9 Champions] VGC 2026 Reg M-B (Bo3)
|rule|Species Clause: Limit one of each Pokémon
|rule|Item Clause: Limit 1 of each item
|clearpoke
|poke|p1|Camerupt, L50, F, shiny|
|poke|p1|Rotom-Wash, L50|
|poke|p1|Krookodile, L50, F|
|poke|p1|Metagross, L50|
|poke|p1|Basculegion, L50, M|
|poke|p1|Whimsicott, L50, M|
|poke|p2|Blastoise, L50, F|
|poke|p2|Aerodactyl, L50, M|
|poke|p2|Ariados, L50, M|
|poke|p2|Hydreigon, L50, M|
|poke|p2|Kangaskhan, L50, F|
|poke|p2|Ceruledge, L50, M|
|teampreview|4
|showteam|p1|Camerupt||Cameruptite|SolidRock|EarthPower,HeatWave,Flamethrower,Protect|Quiet||F|||50|]Rotom-Wash||ChoiceScarf|Levitate|Thunderbolt,VoltSwitch,Electroweb,Trick|Timid|||||50|]Krookodile||RoseliBerry|Intimidate|RockSlide,Earthquake,KnockOff,Protect|Jolly||F|||50|]Metagross||Metagrossite|ClearBody|IronHead,StompingTantrum,PsychicFangs,Protect|Adamant|||||50|]Basculegion||FocusSash|Adaptability|LastRespects,Liquidation,AquaJet,Protect|Adamant||M|||50|]Whimsicott||OccaBerry|Prankster|Tailwind,Encore,Moonblast,Protect|Calm||M|||50|
|showteam|p2|Blastoise||Blastoisinite|RainDish|WaterSpout,DarkPulse,ShellSmash,Protect|Modest||F|||50|]Aerodactyl||Aerodactylite|Unnerve|RockSlide,DualWingbeat,WideGuard,Protect|Adamant||M|||50|]Ariados||PoisonBarb|Insomnia|RagePowder,PoisonJab,SuckerPunch,Protect|Calm||M|||50|]Hydreigon||BlackGlasses|Levitate|DarkPulse,DracoMeteor,NastyPlot,Protect|Timid||M|||50|]Kangaskhan||ChopleBerry|Scrappy|FakeOut,DrainPunch,SuckerPunch,Protect|Jolly||F|||50|]Ceruledge||ChoiceScarf|FlashFire|BitterBlade,Poltergeist,PoisonJab,CloseCombat|Adamant||M|||50|
|inactive|Battle timer is ON: inactive players will automatically lose when time's up. (requested by willem da ally)
|inactive|Dr.Aero also wants the timer to be on.
|inactive|willem da ally has 60 seconds left.
|inactive|Dr.Aero has 60 seconds left.
|c|☆Dr.Aero|i hate ots shows nature
|c|☆willem da ally|yeah
|c|☆willem da ally|nature shouldnt be shown
|inactive|willem da ally has 30 seconds left.
|inactive|Dr.Aero has 30 seconds left.
|inactive|willem da ally has 20 seconds left.
|inactive|Dr.Aero has 20 seconds left.
|inactive|willem da ally has 15 seconds left.
|inactive|Dr.Aero has 15 seconds left.
|inactive|Dr.Aero has 10 seconds left.
|inactive|Dr.Aero has 5 seconds left.
|
|t:|1784985159
|teamsize|p1|4
|teamsize|p2|4
|start
|switch|p1a: Whimsicott|Whimsicott, L50, M|100/100
|switch|p1b: Metagross|Metagross, L50|100/100
|switch|p2a: Ceruledge|Ceruledge, L50, M|100/100
|switch|p2b: Kangaskhan|Kangaskhan, L50, F|100/100
|turn|1
|inactive|willem da ally has 30 seconds left.
|
|t:|1784985185
|move|p2b: Kangaskhan|Fake Out|p1a: Whimsicott
|-damage|p1a: Whimsicott|79/100
|cant|p1a: Whimsicott|flinch
|move|p2a: Ceruledge|Bitter Blade|p1b: Metagross
|-supereffective|p1b: Metagross|1
|-damage|p1b: Metagross|7/100
|move|p1b: Metagross|Stomping Tantrum|p2a: Ceruledge
|-supereffective|p2a: Ceruledge|1
|-damage|p2a: Ceruledge|11/100
|
|upkeep
|turn|2
|inactive|Dr.Aero has 30 seconds left.
|
|t:|1784985210
|move|p2b: Kangaskhan|Sucker Punch|p1b: Metagross
|-supereffective|p1b: Metagross|1
|-damage|p1b: Metagross|0 fnt
|faint|p1b: Metagross
|move|p1a: Whimsicott|Tailwind|p1a: Whimsicott
|-sidestart|p1: willem da ally|move: Tailwind
|move|p2a: Ceruledge|Bitter Blade|p1a: Whimsicott
|-supereffective|p1a: Whimsicott|1
|-enditem|p1a: Whimsicott|Occa Berry|[eat]
|-enditem|p1a: Whimsicott|Occa Berry|[weaken]
|-damage|p1a: Whimsicott|23/100
|-heal|p2a: Ceruledge|42/100|[from] drain|[of] p1a: Whimsicott
|
|upkeep
|
|t:|1784985219
|switch|p1b: Basculegion|Basculegion, L50, M|100/100
|turn|3
|
|t:|1784985238
|switch|p2a: Hydreigon|Hydreigon, L50, M|100/100
|move|p2b: Kangaskhan|Sucker Punch|p1a: Whimsicott
|-resisted|p1a: Whimsicott|1
|-damage|p1a: Whimsicott|13/100
|move|p1a: Whimsicott|Moonblast|p2b: Kangaskhan
|-damage|p2b: Kangaskhan|69/100
|move|p1b: Basculegion|Last Respects|p2a: Hydreigon
|-resisted|p2a: Hydreigon|1
|-damage|p2a: Hydreigon|65/100
|
|upkeep
|turn|4
|
|t:|1784985257
|move|p1b: Basculegion|Protect|p1b: Basculegion
|-singleturn|p1b: Basculegion|Protect
|move|p2b: Kangaskhan|Protect|p2b: Kangaskhan
|-singleturn|p2b: Kangaskhan|Protect
|move|p1a: Whimsicott|Encore|p2b: Kangaskhan
|-activate|p2b: Kangaskhan|move: Protect
|move|p2a: Hydreigon|Nasty Plot|p2a: Hydreigon
|-boost|p2a: Hydreigon|spa|2
|
|upkeep
|turn|5
|
|t:|1784985276
|move|p2a: Hydreigon|Protect|p2a: Hydreigon
|-singleturn|p2a: Hydreigon|Protect
|move|p2b: Kangaskhan|Sucker Punch|p1b: Basculegion
|-supereffective|p1b: Basculegion|1
|-damage|p1b: Basculegion|48/100
|move|p1a: Whimsicott|Moonblast|p2a: Hydreigon
|-activate|p2a: Hydreigon|move: Protect
|move|p1b: Basculegion|Liquidation|p2b: Kangaskhan
|-damage|p2b: Kangaskhan|9/100
|
|-sideend|p1: willem da ally|move: Tailwind
|upkeep
|turn|6
|inactive|willem da ally has 30 seconds left.
|
|t:|1784985304
|switch|p2b: Ceruledge|Ceruledge, L50, M|42/100
|move|p2a: Hydreigon|Protect||[still]
|-fail|p2a: Hydreigon
|move|p1b: Basculegion|Aqua Jet|p2b: Ceruledge
|-supereffective|p2b: Ceruledge|1
|-damage|p2b: Ceruledge|0 fnt
|faint|p2b: Ceruledge
|move|p1a: Whimsicott|Moonblast|p2a: Hydreigon
|-supereffective|p2a: Hydreigon|2
|-damage|p2a: Hydreigon|0 fnt
|faint|p2a: Hydreigon
|
|upkeep
|
|t:|1784985313
|switch|p2a: Aerodactyl|Aerodactyl, L50, M|100/100
|switch|p2b: Kangaskhan|Kangaskhan, L50, F|9/100
|-ability|p2a: Aerodactyl|Unnerve
|turn|7
|
|t:|1784985337
|detailschange|p2a: Aerodactyl|Aerodactyl-Mega, L50, M
|-mega|p2a: Aerodactyl|Aerodactyl|Aerodactylite
|move|p1b: Basculegion|Protect|p1b: Basculegion
|-singleturn|p1b: Basculegion|Protect
|move|p2b: Kangaskhan|Fake Out|p1b: Basculegion
|-activate|p1b: Basculegion|move: Protect
|move|p1a: Whimsicott|Tailwind|p1a: Whimsicott
|-sidestart|p1: willem da ally|move: Tailwind
|move|p2a: Aerodactyl|Rock Slide|p1a: Whimsicott|[spread] p1a
|-activate|p1b: Basculegion|move: Protect
|-damage|p1a: Whimsicott|0 fnt
|faint|p1a: Whimsicott
|
|upkeep
|
|t:|1784985340
|switch|p1a: Rotom|Rotom-Wash, L50|100/100
|turn|8
|
|t:|1784985354
|move|p2a: Aerodactyl|Wide Guard|p2a: Aerodactyl
|-singleturn|p2a: Aerodactyl|Wide Guard
|move|p2b: Kangaskhan|Sucker Punch|p1b: Basculegion
|-supereffective|p1b: Basculegion|1
|-damage|p1b: Basculegion|0 fnt
|faint|p1b: Basculegion
|move|p1a: Rotom|Electroweb|p2a: Aerodactyl|[spread] 
|-activate|p2a: Aerodactyl|move: Wide Guard
|-activate|p2b: Kangaskhan|move: Wide Guard
|
|upkeep
|turn|9
|
|t:|1784985367
|move|p2a: Aerodactyl|Wide Guard|p2a: Aerodactyl
|-singleturn|p2a: Aerodactyl|Wide Guard
|move|p1a: Rotom|Electroweb|p2a: Aerodactyl|[spread] 
|-activate|p2a: Aerodactyl|move: Wide Guard
|-activate|p2b: Kangaskhan|move: Wide Guard
|move|p2b: Kangaskhan|Drain Punch|p1a: Rotom
|-damage|p1a: Rotom|70/100
|-heal|p2b: Kangaskhan|19/100|[from] drain|[of] p1a: Rotom
|
|upkeep
|turn|10
|
|t:|1784985380
|move|p2a: Aerodactyl|Wide Guard|p2a: Aerodactyl
|-singleturn|p2a: Aerodactyl|Wide Guard
|move|p1a: Rotom|Electroweb|p2a: Aerodactyl|[spread] 
|-activate|p2a: Aerodactyl|move: Wide Guard
|-activate|p2b: Kangaskhan|move: Wide Guard
|move|p2b: Kangaskhan|Drain Punch|p1a: Rotom
|-damage|p1a: Rotom|41/100
|-heal|p2b: Kangaskhan|29/100|[from] drain|[of] p1a: Rotom
|
|-sideend|p1: willem da ally|move: Tailwind
|upkeep
|turn|11
|
|t:|1784985391
|move|p2a: Aerodactyl|Wide Guard|p2a: Aerodactyl
|-singleturn|p2a: Aerodactyl|Wide Guard
|move|p1a: Rotom|Electroweb|p2a: Aerodactyl|[spread] 
|-activate|p2a: Aerodactyl|move: Wide Guard
|-activate|p2b: Kangaskhan|move: Wide Guard
|move|p2b: Kangaskhan|Drain Punch|p1a: Rotom
|-damage|p1a: Rotom|11/100
|-heal|p2b: Kangaskhan|38/100|[from] drain|[of] p1a: Rotom
|
|upkeep
|turn|12
|
|t:|1784985407
|move|p2a: Aerodactyl|Wide Guard|p2a: Aerodactyl
|-singleturn|p2a: Aerodactyl|Wide Guard
|move|p1a: Rotom|Electroweb|p2a: Aerodactyl|[spread] 
|-activate|p2a: Aerodactyl|move: Wide Guard
|-activate|p2b: Kangaskhan|move: Wide Guard
|move|p2b: Kangaskhan|Drain Punch|p1a: Rotom
|-damage|p1a: Rotom|0 fnt
|-heal|p2b: Kangaskhan|43/100|[from] drain|[of] p1a: Rotom
|faint|p1a: Rotom
|
|win|Dr.Aero
||Dr.Aero is ready for game 2.
|inactive|willem da ally has 30 seconds to confirm battle start!
||willem da ally is ready for game 2.
|uhtml|next|Next: Game 2 of 3
|l|☆Dr.Aero
|player|p2|
|j|☆Dr.Aero
|player|p2|Dr.Aero|cyrus|
|l|☆Dr.Aero
|player|p2|
|j|☆Dr.Aero
|player|p2|Dr.Aero|cyrus|
