|j|☆KatKraydel
|j|☆Meriwis
|html|KatKraydelMeriwis    
|uhtml|bestof|Game 1 of a best-of-3
|t:|1785021857
|gametype|doubles
|player|p1|KatKraydel|lebanne|
|player|p2|Meriwis|aquasuit|
|gen|9
|tier|[Gen 9 Champions] VGC 2026 Reg M-B (Bo3)
|rule|Species Clause: Limit one of each Pokémon
|rule|Item Clause: Limit 1 of each item
|clearpoke
|poke|p1|Garchomp, L50, F|
|poke|p1|Whimsicott, L50, M|
|poke|p1|Kingambit, L50, M|
|poke|p1|Hawlucha, L50, M|
|poke|p1|Ceruledge, L50, M|
|poke|p1|Ninetales-Alola, L50, F|
|poke|p2|Floette-Eternal, L50, F|
|poke|p2|Sneasler, L50, M|
|poke|p2|Pelipper, L50, F|
|poke|p2|Lycanroc-Dusk, L50, F, shiny|
|poke|p2|Archaludon, L50, F|
|poke|p2|Venusaur, L50, M|
|teampreview|4
|showteam|p1|Garchomp||LifeOrb|RoughSkin|StompingTantrum,DragonClaw,RockSlide,Protect|Jolly||F|||50|]Whimsicott||FocusSash|Prankster|Moonblast,Tailwind,LightScreen,Protect|Timid||M|||50|]Kingambit||BlackGlasses|Defiant|KowtowCleave,SuckerPunch,IronHead,Protect|Adamant||M|||50|]Hawlucha||Hawluchanite|MoldBreaker|CloseCombat,BraveBird,StoneEdge,Protect|Adamant||M|||50|]Ceruledge||ColburBerry|FlashFire|BitterBlade,ShadowSneak,BulkUp,Protect|Adamant||M|||50|]Ninetales-Alola||NeverMeltIce|SnowWarning|Blizzard,FreezeDry,Encore,Protect|Timid||F|||50|
|showteam|p2|Floette-Eternal||Floettite|FlowerVeil|LightofRuin,DazzlingGleam,Moonblast,Protect|Modest||F|||50|]Sneasler||WhiteHerb|Unburden|CloseCombat,DireClaw,FakeOut,Protect|Jolly||M|||50|]Pelipper||SitrusBerry|Drizzle|Hurricane,WeatherBall,Tailwind,Protect|Bold||F|||50|]Lycanroc-Dusk||FocusSash|ToughClaws|Accelerock,CloseCombat,RockSlide,Protect|Adamant||F|||50|]Archaludon||Leftovers|Stamina|ElectroShot,DragonPulse,FlashCannon,Protect|Modest||F|||50|]Venusaur||Venusaurite|Chlorophyll|GigaDrain,EarthPower,SludgeBomb,Protect|Modest||M|||50|
|c|☆KatKraydel|Lemme finish ladder
|c|☆Meriwis|ff
|c|☆Meriwis|and battle me instead
|c|☆Meriwis|5 minute checkin btw
|j| larpnoahc17
|c|☆Meriwis|any day now
|c| larpnoahc17|larp
|c|☆Meriwis|noah you are awake?
|j| NOT_A_PENGUIN81
|c| larpnoahc17|no I'm rice
|c| larpnoahc17|larpnoah
|c| larpnoahc17|get it
|c| larpnoahc17|cause I'm running his tour
|
|t:|1785022093
|teamsize|p1|4
|teamsize|p2|4
|start
|switch|p1a: Ninetales|Ninetales-Alola, L50, F|100/100
|switch|p1b: Whimsicott|Whimsicott, L50, M|100/100
|switch|p2a: Sneasler|Sneasler, L50, M|100/100
|switch|p2b: Lycanroc|Lycanroc-Dusk, L50, F, shiny|100/100
|-weather|Snowscape|[from] ability: Snow Warning|[of] p1a: Ninetales
|turn|1
|
|t:|1785022122
|move|p1b: Whimsicott|Tailwind|p1b: Whimsicott
|-sidestart|p1: KatKraydel|move: Tailwind
|move|p1a: Ninetales|Blizzard|p2b: Lycanroc|[spread] p2a,p2b
|-damage|p2a: Sneasler|60/100
|-damage|p2b: Lycanroc|38/100
|move|p2a: Sneasler|Dire Claw|p1b: Whimsicott
|-supereffective|p1b: Whimsicott|2
|-crit|p1b: Whimsicott
|-enditem|p1b: Whimsicott|Focus Sash
|-damage|p1b: Whimsicott|1/100
|move|p2b: Lycanroc|Rock Slide|p1b: Whimsicott|[spread] p1a,p1b
|-supereffective|p1a: Ninetales|1
|-damage|p1a: Ninetales|47/100
|-damage|p1b: Whimsicott|0 fnt
|faint|p1b: Whimsicott
|
|-weather|Snowscape|[upkeep]
|upkeep
|c| larpnoahc17|unecessary crit
|
|t:|1785022142
|switch|p1b: Kingambit|Kingambit, L50, M|100/100
|turn|2
|
|t:|1785022152
|move|p1b: Kingambit|Sucker Punch|p2b: Lycanroc
|-damage|p2b: Lycanroc|0 fnt
|faint|p2b: Lycanroc
|move|p1a: Ninetales|Blizzard|p2a: Sneasler
|-damage|p2a: Sneasler|6/100
|move|p2a: Sneasler|Close Combat|p1b: Kingambit
|-supereffective|p1b: Kingambit|2
|-damage|p1b: Kingambit|0 fnt
|-unboost|p2a: Sneasler|def|1
|-unboost|p2a: Sneasler|spd|1
|faint|p1b: Kingambit
|-enditem|p2a: Sneasler|White Herb
|-clearnegativeboost|p2a: Sneasler|[silent]
|
|-weather|Snowscape|[upkeep]
|upkeep
|c|☆KatKraydel|Okay
|c| NOT_A_PENGUIN81|no swords dance on gambit smh
|c|☆KatKraydel|What the fuck is that ninetales
|c|☆KatKraydel|Lock in
|
|t:|1785022176
|switch|p2b: Floette|Floette-Eternal, L50, F|100/100
|switch|p1b: Hawlucha|Hawlucha, L50, M|100/100
|-ability|p1b: Hawlucha|Mold Breaker
|turn|3
|c|☆KatKraydel|This is a gamble
|
|t:|1785022205
|detailschange|p1b: Hawlucha|Hawlucha-Mega, L50, M
|-mega|p1b: Hawlucha|Hawlucha|Hawluchanite
|detailschange|p2b: Floette|Floette-Mega, L50, F
|-mega|p2b: Floette|Floette|Floettite
|-ability|p2b: Floette|Fairy Aura
|move|p1a: Ninetales|Protect|p1a: Ninetales
|-singleturn|p1a: Ninetales|Protect
|move|p2b: Floette|Protect|p2b: Floette
|-singleturn|p2b: Floette|Protect
|move|p2a: Sneasler|Dire Claw|p1b: Hawlucha
|-damage|p1b: Hawlucha|57/100
|move|p1b: Hawlucha|Brave Bird|p2b: Floette
|-activate|p2b: Floette|move: Protect
|
|-weather|Snowscape|[upkeep]
|upkeep
|turn|4
|
|t:|1785022223
|switch|p2b: Archaludon|Archaludon, L50, F|100/100
|move|p2a: Sneasler|Dire Claw|p1b: Hawlucha
|-damage|p1b: Hawlucha|14/100
|move|p1b: Hawlucha|Brave Bird|p2b: Archaludon
|-resisted|p2b: Archaludon|1
|-damage|p2b: Archaludon|73/100
|-ability|p2b: Archaludon|Stamina|boost
|-boost|p2b: Archaludon|def|1
|-damage|p1b: Hawlucha|3/100|[from] Recoil
|move|p1a: Ninetales|Blizzard|p2b: Archaludon|[spread] p2a,p2b
|-damage|p2a: Sneasler|0 fnt
|-damage|p2b: Archaludon|43/100
|-ability|p2b: Archaludon|Stamina|boost
|-boost|p2b: Archaludon|def|1
|faint|p2a: Sneasler
|
|-weather|Snowscape|[upkeep]
|-heal|p2b: Archaludon|49/100|[from] item: Leftovers
|-sideend|p1: KatKraydel|move: Tailwind
|upkeep
|
|t:|1785022235
|switch|p2a: Floette|Floette-Mega, L50, F|100/100
|-ability|p2a: Floette|Fairy Aura
|turn|5
|
|t:|1785022256
|move|p1b: Hawlucha|Brave Bird|p2a: Floette
|-damage|p2a: Floette|4/100
|-damage|p1b: Hawlucha|0 fnt|[from] Recoil
|faint|p1b: Hawlucha
|move|p1a: Ninetales|Blizzard|p2a: Floette|[spread] p2a,p2b
|-damage|p2a: Floette|0 fnt
|-damage|p2b: Archaludon|18/100
|-ability|p2b: Archaludon|Stamina|boost
|-boost|p2b: Archaludon|def|1
|faint|p2a: Floette
|move|p2b: Archaludon|Dragon Pulse|p1a: Ninetales
|-immune|p1a: Ninetales
|
|-weather|none
|-heal|p2b: Archaludon|24/100|[from] item: Leftovers
|upkeep
|turn|6
|c| NOT_A_PENGUIN81|she brave on my bird till im damaged by the recoil
|c|☆Meriwis|fuck i wasnt looking
|c| larpnoahc17|LMAO DPULSE
|
|t:|1785022278
|move|p1a: Ninetales|Freeze-Dry|p2b: Archaludon
|-damage|p2b: Archaludon|0 fnt
|faint|p2b: Archaludon
|
|win|KatKraydel
||KatKraydel is ready for game 2.
|c| larpnoahc17|guaranteed win> guaranteed loss
|inactive|Meriwis has 30 seconds to confirm battle start!
|c|☆KatKraydel|Meri is getting merried
|inactive|Meriwis has 20 seconds to confirm battle start!
||Meriwis is ready for game 2.
|uhtml|next|Next: Game 2 of 3
|l| NOT_A_PENGUIN81
|l| larpnoahc17
