|j|☆Dugtrio64
|j|☆melon storme
|html|Dugtrio64melon storme    
|uhtml|bestof|Game 1 of a best-of-3
|t:|1786113355
|gametype|doubles
|player|p1|Dugtrio64|102|1204
|player|p2|melon storme|kieran-masters|1136
|gen|9
|tier|[Gen 9 Champions] VGC 2026 Reg M-B (Bo3)
|rated|
|rule|Species Clause: Limit one of each Pokémon
|rule|Item Clause: Limit 1 of each item
|clearpoke
|poke|p1|Charizard, L50, F|
|poke|p1|Garchomp, L50, M|
|poke|p1|Whimsicott, L50, M|
|poke|p1|Basculegion, L50, M|
|poke|p1|Floette-Eternal, L50, F|
|poke|p1|Kingambit, L50, F|
|poke|p2|Pyroar, L50, F|
|poke|p2|Aerodactyl, L50, M|
|poke|p2|Torkoal, L50, M|
|poke|p2|Vileplume, L50, M|
|poke|p2|Farigiraf, L50, F, shiny|
|poke|p2|Mawile, L50, F|
|teampreview|4
|showteam|p1|Charizard||CharizarditeY|Blaze|HeatWave,SolarBeam,WeatherBall,Protect|Modest||F|||50|]Garchomp||LifeOrb|RoughSkin|DragonClaw,StompingTantrum,RockSlide,Protect|Jolly||M|||50|]Whimsicott||FocusSash|Prankster|Moonblast,Tailwind,Encore,Protect|Timid||M|||50|]Basculegion||MysticWater|Adaptability|WaveCrash,LastRespects,AquaJet,Protect|Adamant||M|||50|]Floette-Eternal||Floettite|FlowerVeil|Moonblast,DazzlingGleam,LightofRuin,Protect|Modest||F|||50|]Kingambit||ChopleBerry|Defiant|KowtowCleave,IronHead,LowKick,SuckerPunch|Adamant||F|||50|
|showteam|p2|Pyroar||Pyroarite|Rivalry|Taunt,HeatWave,Overheat,Protect|Timid||F|||50|]Aerodactyl||SitrusBerry|Unnerve|RockSlide,Tailwind,WideGuard,DualWingbeat|Jolly||M|||50|]Torkoal||Charcoal|Drought|Eruption,HeatWave,SolarBeam,Protect|Quiet||M|||50|]Vileplume||FocusSash|Chlorophyll|EnergyBall,SludgeBomb,AfterYou,SleepPowder|Timid||M|||50|]Farigiraf||Leftovers|ArmorTail|HyperVoice,Psychic,Protect,TrickRoom|Relaxed||F|||50|]Mawile||Mawilite|Intimidate|IronHead,PlayRough,SwordsDance,SuckerPunch|Sassy||F|||50|
|
|t:|1786113399
|teamsize|p1|4
|teamsize|p2|4
|start
|switch|p1a: Kingambit|Kingambit, L50, F|100/100
|switch|p1b: Floette|Floette-Eternal, L50, F|100/100
|switch|p2a: 4-loko|Pyroar, L50, F|100/100
|switch|p2b: Mahrukasha|Aerodactyl, L50, M|100/100
|-ability|p2b: Mahrukasha|Unnerve
|turn|1
|l|☆Dugtrio64
|player|p1|
|j|☆Dugtrio64
|player|p1|Dugtrio64|102|
|
|t:|1786113465
|switch|p1a: Whimsicott|Whimsicott, L50, M|100/100
|detailschange|p1b: Floette|Floette-Mega, L50, F
|-mega|p1b: Floette|Floette|Floettite
|-ability|p1b: Floette|Fairy Aura
|move|p2a: 4-loko|Protect|p2a: 4-loko
|-singleturn|p2a: 4-loko|Protect
|move|p2b: Mahrukasha|Tailwind|p2b: Mahrukasha
|-sidestart|p2: melon storme|move: Tailwind
|move|p1b: Floette|Dazzling Gleam|p2b: Mahrukasha|[spread] p2b
|-activate|p2a: 4-loko|move: Protect
|-damage|p2b: Mahrukasha|41/100
|-enditem|p2b: Mahrukasha|Sitrus Berry|[eat]
|-heal|p2b: Mahrukasha|66/100|[from] item: Sitrus Berry
|
|upkeep
|turn|2
|
|t:|1786113484
|detailschange|p2a: 4-loko|Pyroar-Mega, L50, F
|-mega|p2a: 4-loko|Pyroar|Pyroarite
|move|p1a: Whimsicott|Encore|p2a: 4-loko
|-start|p2a: 4-loko|Encore
|move|p2a: 4-loko|Protect|p2a: 4-loko
|-singleturn|p2a: 4-loko|Protect
|move|p2b: Mahrukasha|Rock Slide|p1a: Whimsicott|[spread] p1a,p1b
|-damage|p1a: Whimsicott|70/100
|-damage|p1b: Floette|71/100
|cant|p1b: Floette|flinch
|
|upkeep
|turn|3
|
|t:|1786113509
|switch|p2a: Can of Beans|Farigiraf, L50, F, shiny|100/100
|move|p2b: Mahrukasha|Dual Wingbeat|p1a: Whimsicott
|-supereffective|p1a: Whimsicott|1
|-damage|p1a: Whimsicott|21/100
|-supereffective|p1a: Whimsicott|1
|-damage|p1a: Whimsicott|0 fnt
|faint|p1a: Whimsicott
|-hitcount|p1: Whimsicott|2
|move|p1b: Floette|Dazzling Gleam|p2a: Can of Beans|[spread] p2a,p2b
|-damage|p2a: Can of Beans|57/100
|-damage|p2b: Mahrukasha|2/100
|
|-heal|p2a: Can of Beans|63/100|[from] item: Leftovers
|upkeep
|
|t:|1786113522
|switch|p1a: Kingambit|Kingambit, L50, F|100/100
|turn|4
|
|t:|1786113530
|move|p2a: Can of Beans|Protect|p2a: Can of Beans
|-singleturn|p2a: Can of Beans|Protect
|move|p2b: Mahrukasha|Rock Slide|p1a: Kingambit|[spread] p1a,p1b
|-resisted|p1a: Kingambit|1
|-damage|p1a: Kingambit|92/100
|-damage|p1b: Floette|45/100
|move|p1b: Floette|Moonblast|p2a: Can of Beans
|-activate|p2a: Can of Beans|move: Protect
|move|p1a: Kingambit|Kowtow Cleave|p2a: Can of Beans
|-activate|p2a: Can of Beans|move: Protect
|
|-heal|p2a: Can of Beans|69/100|[from] item: Leftovers
|-sideend|p2: melon storme|move: Tailwind
|upkeep
|turn|5
|
|t:|1786113552
|move|p2b: Mahrukasha|Rock Slide|p1a: Kingambit|[spread] p1a,p1b
|-resisted|p1a: Kingambit|1
|-damage|p1a: Kingambit|85/100
|-damage|p1b: Floette|14/100
|move|p1b: Floette|Moonblast|p2a: Can of Beans
|-damage|p2a: Can of Beans|0 fnt
|faint|p2a: Can of Beans
|move|p1a: Kingambit|Kowtow Cleave|p2b: Mahrukasha
|-damage|p2b: Mahrukasha|0 fnt
|faint|p2b: Mahrukasha
|
|upkeep
|
|t:|1786113560
|switch|p2b: Mr bean|Vileplume, L50, M|100/100
|switch|p2a: 4-loko|Pyroar-Mega, L50, F|100/100
|turn|6
|
|t:|1786113585
|move|p1a: Kingambit|Sucker Punch||[still]
|-fail|p1a: Kingambit
|move|p2a: 4-loko|Heat Wave|p1b: Floette|[spread] p1a,p1b
|-supereffective|p1a: Kingambit|1
|-damage|p1a: Kingambit|0 fnt
|-damage|p1b: Floette|0 fnt
|faint|p1a: Kingambit
|faint|p1b: Floette
|move|p2b: Mr bean|Sleep Powder|p1: Kingambit|[notarget]
|-fail|p2b: Mr bean
|
|upkeep
|
|t:|1786113593
|switch|p1a: Garchomp|Garchomp, L50, M|100/100
|turn|7
|
|t:|1786113603
|move|p2a: 4-loko|Protect|p2a: 4-loko
|-singleturn|p2a: 4-loko|Protect
|move|p1a: Garchomp|Rock Slide|p2b: Mr bean|[spread] p2b
|-activate|p2a: 4-loko|move: Protect
|-crit|p2b: Mr bean
|-damage|p2b: Mr bean|43/100
|-damage|p1a: Garchomp|90/100|[from] item: Life Orb
|cant|p2b: Mr bean|flinch
|
|upkeep
|turn|8
|
|t:|1786113615
|move|p2a: 4-loko|Overheat|p1a: Garchomp
|-resisted|p1a: Garchomp|1
|-damage|p1a: Garchomp|36/100
|-unboost|p2a: 4-loko|spa|2
|move|p1a: Garchomp|Rock Slide|p2b: Mr bean|[spread] p2a,p2b
|-supereffective|p2a: 4-loko|1
|-damage|p2a: 4-loko|41/100
|-damage|p2b: Mr bean|9/100
|-damage|p1a: Garchomp|26/100|[from] item: Life Orb
|cant|p2b: Mr bean|flinch
|
|upkeep
|turn|9
|
|t:|1786113634
|move|p2a: 4-loko|Protect|p2a: 4-loko
|-singleturn|p2a: 4-loko|Protect
|move|p1a: Garchomp|Rock Slide|p2a: 4-loko|[spread] p2b
|-activate|p2a: 4-loko|move: Protect
|-damage|p2b: Mr bean|0 fnt
|faint|p2b: Mr bean
|-damage|p1a: Garchomp|16/100|[from] item: Life Orb
|
|upkeep
|turn|10
|
|t:|1786113642
|move|p2a: 4-loko|Heat Wave|p1a: Garchomp
|-resisted|p1a: Garchomp|1
|-damage|p1a: Garchomp|0 fnt
|faint|p1a: Garchomp
|
|win|melon storme
||melon storme is ready for game 2.
||Dugtrio64 is ready for game 2.
|uhtml|next|Next: Game 2 of 3
|l|☆Dugtrio64
|player|p1|
