|j|☆Trestkon
|j|☆ryanpowneyissoslay
|html|Trestkonryanpowneyissoslay    
|uhtml|bestof|Game 2 of a best-of-3
|t:|1757775352
|gametype|doubles
|player|p1|Trestkon|1|1285
|player|p2|ryanpowneyissoslay|ghetsis|1338
|gen|9
|tier|[Gen 9] VGC 2025 Reg H (Bo3)
|rated|
|rule|Species Clause: Limit one of each Pokémon
|rule|Item Clause: Limit 1 of each item
|clearpoke
|poke|p1|Indeedee-F, L50, F|
|poke|p1|Gallade, L50, M|
|poke|p1|Torkoal, L50, F|
|poke|p1|Volcarona, L50, M|
|poke|p1|Armarouge, L50, M|
|poke|p1|Exeggutor, L50, F|
|poke|p2|Porygon2, L50|
|poke|p2|Ursaluna, L50, M|
|poke|p2|Incineroar, L50, F|
|poke|p2|Gholdengo, L50|
|poke|p2|Ribombee, L50, M|
|poke|p2|Annihilape, L50, F|
|teampreview|4
|showteam|p1|Indeedee-F||SafetyGoggles|PsychicSurge|FollowMe,Psychic,HelpingHand,TrickRoom|||F|||50|,,,,,Fairy]Gallade||ClearAmulet|Sharpness|PsychoCut,SacredSword,WideGuard,TrickRoom|||M|||50|,,,,,Steel]Torkoal||Charcoal|Drought|Eruption,WeatherBall,ClearSmog,Protect|||F|||50|,,,,,Fire]Volcarona||CovertCloak|FlameBody|FieryDance,StruggleBug,RagePowder,WillOWisp|||M|||50|,,,,,Dragon]Armarouge||PowerHerb|FlashFire|ArmorCannon,ExpandingForce,MeteorBeam,TrickRoom|||M|||50|,,,,,Grass]Exeggutor||FocusSash|Chlorophyll|TrickRoom,ExpandingForce,EnergyBall,SleepPowder|||F|||50|,,,,,Psychic
|showteam|p2|Porygon2||Eviolite|Download|TeraBlast,IceBeam,Recover,TrickRoom||||||50|,,,,,Fighting]Ursaluna||FlameOrb|Guts|Facade,HeadlongRush,Earthquake,Protect|||M|||50|,,,,,Ghost]Incineroar||AssaultVest|Intimidate|FlareBlitz,KnockOff,Uturn,FakeOut|||F|||50|,,,,,Water]Gholdengo||LifeOrb|GoodasGold|MakeItRain,ShadowBall,NastyPlot,Protect||||||50|,,,,,Water]Ribombee||FocusSash|ShieldDust|Moonblast,PollenPuff,Tailwind,Protect|||M|||50|,,,,,Flying]Annihilape||SafetyGoggles|Defiant|CloseCombat,RageFist,FinalGambit,Protect|||F|||50|,,,,,Water
|inactive|Battle timer is ON: inactive players will automatically lose when time's up. (requested by ryanpowneyissoslay)
|
|t:|1757775368
|teamsize|p1|4
|teamsize|p2|4
|start
|switch|p1a: Dermezel|Indeedee-F, L50, F|100/100
|switch|p1b: Rockman.EXE|Armarouge, L50, M|100/100
|switch|p2a: Incineroar|Incineroar, L50, F|100/100
|switch|p2b: Gholdengo|Gholdengo, L50|100/100
|-ability|p2a: Incineroar|Intimidate|boost
|-unboost|p1a: Dermezel|atk|1
|-unboost|p1b: Rockman.EXE|atk|1
|-fieldstart|move: Psychic Terrain|[from] ability: Psychic Surge|[of] p1a: Dermezel
|turn|1
|
|t:|1757775388
|-terastallize|p1b: Rockman.EXE|Grass
|move|p2b: Gholdengo|Nasty Plot|p2b: Gholdengo
|-boost|p2b: Gholdengo|spa|2
|move|p2a: Incineroar|Knock Off|p1b: Rockman.EXE
|-damage|p1b: Rockman.EXE|62/100
|-enditem|p1b: Rockman.EXE|Power Herb|[from] move: Knock Off|[of] p2a: Incineroar
|move|p1b: Rockman.EXE|Armor Cannon|p2b: Gholdengo
|-supereffective|p2b: Gholdengo
|-damage|p2b: Gholdengo|0 fnt
|-unboost|p1b: Rockman.EXE|def|1
|-unboost|p1b: Rockman.EXE|spd|1
|faint|p2b: Gholdengo
|move|p1a: Dermezel|Trick Room|p1a: Dermezel
|-fieldstart|move: Trick Room|[of] p1a: Dermezel
|
|upkeep
|
|t:|1757775398
|switch|p2b: Porygon2|Porygon2, L50|100/100
|-ability|p2b: Porygon2|Download|boost
|-boost|p2b: Porygon2|spa|1
|turn|2
|
|t:|1757775417
|move|p1a: Dermezel|Helping Hand|p1b: Rockman.EXE
|-singleturn|p1b: Rockman.EXE|Helping Hand|[of] p1a: Dermezel
|move|p1b: Rockman.EXE|Expanding Force|p2a: Incineroar|[spread] p2b
|-immune|p2a: Incineroar
|-damage|p2b: Porygon2|44/100
|move|p2a: Incineroar|U-turn|p1b: Rockman.EXE
|-supereffective|p1b: Rockman.EXE
|-damage|p1b: Rockman.EXE|6/100
|inactive|ryanpowneyissoslay has 30 seconds left.
|
|t:|1757775448
|switch|p2a: Ursaluna|Ursaluna, L50, M|100/100|[from] U-turn
|move|p2b: Porygon2|Trick Room|p2b: Porygon2
|-fieldend|move: Trick Room
|
|-status|p2a: Ursaluna|brn|[from] item: Flame Orb
|upkeep
|turn|3
|
|t:|1757775465
|move|p2a: Ursaluna|Facade|p1a: Dermezel
|-damage|p1a: Dermezel|0 fnt
|faint|p1a: Dermezel
|move|p2b: Porygon2|Ice Beam|p1b: Rockman.EXE
|-supereffective|p1b: Rockman.EXE
|-damage|p1b: Rockman.EXE|0 fnt
|faint|p1b: Rockman.EXE
|
|-damage|p2a: Ursaluna|94/100 brn|[from] brn
|upkeep
|
|t:|1757775470
|switch|p1a: Dr. Love|Torkoal, L50, F|100/100
|switch|p1b: Ronin|Gallade, L50, M|100/100
|-weather|SunnyDay|[from] ability: Drought|[of] p1a: Dr. Love
|turn|4
|
|t:|1757775482
|-terastallize|p2a: Ursaluna|Ghost
|move|p1b: Ronin|Wide Guard|p1b: Ronin
|-singleturn|p1b: Ronin|Wide Guard
|move|p2a: Ursaluna|Facade|p1b: Ronin
|-damage|p1b: Ronin|0 fnt
|faint|p1b: Ronin
|move|p2b: Porygon2|Tera Blast|p1a: Dr. Love
|-damage|p1a: Dr. Love|25/100
|move|p1a: Dr. Love|Eruption|p2a: Ursaluna|[spread] p2a,p2b
|-damage|p2a: Ursaluna|74/100 brn
|-damage|p2b: Porygon2|30/100
|
|-weather|SunnyDay|[upkeep]
|-damage|p2a: Ursaluna|68/100 brn|[from] brn
|upkeep
|turn|5
|
|t:|1757775494
|move|p2a: Ursaluna|Facade|p1a: Dr. Love
|-damage|p1a: Dr. Love|0 fnt
|faint|p1a: Dr. Love
|
|win|ryanpowneyissoslay
||Trestkon is ready for game 3.
||ryanpowneyissoslay is ready for game 3.
|uhtml|next|Next: Game 3 of 3
