|j|☆causatorres
|j|☆spellbreakvgc
|html|causatorresspellbreakvgc    
|uhtml|bestof|Game 1 of a best-of-3
|t:|1756945222
|gametype|doubles
|player|p1|causatorres|colress|1103
|player|p2|spellbreakvgc|lance|1135
|gen|9
|tier|[Gen 9] VGC 2025 Reg H (Bo3)
|rated|
|rule|Species Clause: Limit one of each Pokémon
|rule|Item Clause: Limit 1 of each item
|clearpoke
|poke|p1|Lilligant-Hisui, L50, F|
|poke|p1|Blaziken, L50, F|
|poke|p1|Torkoal, L50, M|
|poke|p1|Gastrodon, L50, M|
|poke|p1|Volcarona, L50, M|
|poke|p1|Oricorio-Sensu, L50, M|
|poke|p2|Typhlosion-Hisui, L50, F|
|poke|p2|Tatsugiri, L50, M|
|poke|p2|Whimsicott, L50, F|
|poke|p2|Dondozo, L50, M|
|poke|p2|Rillaboom, L50, F|
|poke|p2|Gholdengo, L50|
|teampreview|4
|showteam|p1|Lilligant-Hisui||FocusSash|Chlorophyll|CloseCombat,LeafBlade,AfterYou,IceSpinner|||F|||50|,,,,,Ghost]Blaziken||LifeOrb|SpeedBoost|BlazeKick,LowSweep,Overheat,Detect|||F|||50|,,,,,Bug]Torkoal||ChoiceSpecs|Drought|Eruption,HeatWave,WeatherBall,SolarBeam|||M|||50|,,,,,Fire]Gastrodon||AssaultVest|StormDrain|MuddyWater,IcyWind,EarthPower,ClearSmog|||M|||50|,,,,,Poison]Volcarona||CovertCloak|FlameBody|HeatWave,GigaDrain,QuiverDance,Protect|||M|||50|,,,,,Grass]Oricorio-Sensu||SafetyGoggles|Dancer|AirSlash,Tailwind,Taunt,Protect|||M|||50|,,,,,Normal
|showteam|p2|Typhlosion-Hisui||ChoiceSpecs|Blaze|Eruption,ShadowBall,Flamethrower,HeatWave|||F|||50|,,,,,Fire]Tatsugiri||FocusSash|Commander|DracoMeteor,TeraBlast,DragonPulse,Protect|||M|||50|,,,,,Fairy]Whimsicott||CovertCloak|Prankster|Moonblast,FakeTears,Tailwind,Taunt|||F|||50|,,,,,Water]Dondozo||AssaultVest|Unaware|Earthquake,OrderUp,WaveCrash,HeavySlam|||M|||50|,,,,,Grass]Rillaboom||SitrusBerry|GrassySurge|FakeOut,Uturn,LeechSeed,Taunt|||F|||50|,,,,,Grass]Gholdengo||GrassySeed|GoodasGold|NastyPlot,MakeItRain,ShadowBall,Protect||||||50|,,,,,Water
|inactive|Battle timer is ON: inactive players will automatically lose when time's up. (requested by causatorres)
|inactive|spellbreakvgc has 60 seconds left.
|inactive|spellbreakvgc has 30 seconds left.
|inactive|spellbreakvgc has 20 seconds left.
|inactive|spellbreakvgc has 15 seconds left.
|
|t:|1756945300
|teamsize|p1|4
|teamsize|p2|4
|start
|switch|p1a: Blaziken|Blaziken, L50, F|100/100
|switch|p1b: Volcarona|Volcarona, L50, M|100/100
|switch|p2a: Rillaboom|Rillaboom, L50, F|100/100
|switch|p2b: Typhlosion|Typhlosion-Hisui, L50, F|100/100
|-fieldstart|move: Grassy Terrain|[from] ability: Grassy Surge|[of] p2a: Rillaboom
|turn|1
|inactive|causatorres has 30 seconds left.
|inactive|spellbreakvgc has 30 seconds left.
|
|t:|1756945329
|move|p1a: Blaziken|Detect|p1a: Blaziken
|-singleturn|p1a: Blaziken|Protect
|move|p2b: Typhlosion|Eruption|p1a: Blaziken|[spread] p1b
|-activate|p1a: Blaziken|move: Protect
|-damage|p1b: Volcarona|20/100
|move|p1b: Volcarona|Heat Wave|p2b: Typhlosion|[spread] p2a
|-miss|p1b: Volcarona|p2b: Typhlosion
|-supereffective|p2a: Rillaboom
|-damage|p2a: Rillaboom|27/100
|-enditem|p2a: Rillaboom|Sitrus Berry|[eat]
|-heal|p2a: Rillaboom|52/100|[from] item: Sitrus Berry
|move|p2a: Rillaboom|Taunt|p1b: Volcarona
|-start|p1b: Volcarona|move: Taunt
|
|-heal|p1b: Volcarona|26/100|[from] Grassy Terrain
|-heal|p2a: Rillaboom|58/100|[from] Grassy Terrain
|-ability|p1a: Blaziken|Speed Boost|boost
|-boost|p1a: Blaziken|spe|1
|upkeep
|turn|2
|inactive|causatorres has 30 seconds left.
|inactive|spellbreakvgc has 30 seconds left.
|
|t:|1756945360
|switch|p2a: Dondozo|Dondozo, L50, M|100/100
|move|p1a: Blaziken|Blaze Kick|p2b: Typhlosion
|-resisted|p2b: Typhlosion
|-damage|p2b: Typhlosion|54/100
|-damage|p1a: Blaziken|91/100|[from] item: Life Orb
|move|p2b: Typhlosion|Eruption|p1a: Blaziken|[spread] p1a,p1b
|-resisted|p1a: Blaziken
|-damage|p1a: Blaziken|58/100
|-damage|p1b: Volcarona|0 fnt
|faint|p1b: Volcarona
|
|-heal|p1a: Blaziken|64/100|[from] Grassy Terrain
|-heal|p2b: Typhlosion|60/100|[from] Grassy Terrain
|-ability|p1a: Blaziken|Speed Boost|boost
|-boost|p1a: Blaziken|spe|1
|upkeep
|inactive|causatorres has 30 seconds left.
|inactive|causatorres has 20 seconds left.
|
|t:|1756945400
|switch|p1b: Torkoal|Torkoal, L50, M|100/100
|-weather|SunnyDay|[from] ability: Drought|[of] p1b: Torkoal
|turn|3
|inactive|spellbreakvgc has 30 seconds left.
|inactive|spellbreakvgc has 20 seconds left.
|inactive|spellbreakvgc has 15 seconds left.
|
|t:|1756945444
|switch|p2b: Tatsugiri|Tatsugiri, L50, M|100/100
|-activate|p2b: Tatsugiri|ability: Commander|[of] p2a: Dondozo
|-boost|p2a: Dondozo|atk|2
|-boost|p2a: Dondozo|spa|2
|-boost|p2a: Dondozo|spe|2
|-boost|p2a: Dondozo|def|2
|-boost|p2a: Dondozo|spd|2
|move|p1a: Blaziken|Blaze Kick|p2b: Tatsugiri|[miss]
|-miss|p1a: Blaziken|p2b: Tatsugiri
|move|p2a: Dondozo|Earthquake|p1a: Blaziken|[spread] p1a,p1b
|-miss|p2a: Dondozo|p2b: Tatsugiri
|-supereffective|p1a: Blaziken
|-supereffective|p1b: Torkoal
|-damage|p1a: Blaziken|0 fnt
|-damage|p1b: Torkoal|71/100
|faint|p1a: Blaziken
|move|p1b: Torkoal|Solar Beam||[still]
|-prepare|p1b: Torkoal|Solar Beam
|-anim|p1b: Torkoal|Solar Beam|p2a: Dondozo
|-supereffective|p2a: Dondozo
|-damage|p2a: Dondozo|65/100
|
|-weather|SunnyDay|[upkeep]
|-heal|p2a: Dondozo|72/100|[from] Grassy Terrain
|-heal|p1b: Torkoal|77/100|[from] Grassy Terrain
|upkeep
|
|t:|1756945458
|switch|p1a: Lilligant|Lilligant-Hisui, L50, F|100/100
|turn|4
|
|t:|1756945482
|-terastallize|p2a: Dondozo|Grass
|move|p1a: Lilligant|Leaf Blade|p2a: Dondozo
|-resisted|p2a: Dondozo
|-damage|p2a: Dondozo|63/100
|move|p2a: Dondozo|Earthquake|p1a: Lilligant|[spread] p1a,p1b
|-miss|p2a: Dondozo|p2b: Tatsugiri
|-resisted|p1a: Lilligant
|-supereffective|p1b: Torkoal
|-damage|p1a: Lilligant|83/100
|-damage|p1b: Torkoal|45/100
|move|p1b: Torkoal|Solar Beam||[still]
|-prepare|p1b: Torkoal|Solar Beam
|-anim|p1b: Torkoal|Solar Beam|p2a: Dondozo
|-resisted|p2a: Dondozo
|-damage|p2a: Dondozo|54/100
|
|-weather|SunnyDay|[upkeep]
|-heal|p1a: Lilligant|89/100|[from] Grassy Terrain
|-heal|p2a: Dondozo|60/100|[from] Grassy Terrain
|-heal|p1b: Torkoal|51/100|[from] Grassy Terrain
|upkeep
|turn|5
|inactive|causatorres has 30 seconds left.
|inactive|spellbreakvgc has 30 seconds left.
|inactive|spellbreakvgc has 20 seconds left.
|inactive|spellbreakvgc has 15 seconds left.
|inactive|spellbreakvgc has 10 seconds left.
|
|t:|1756945530
|move|p1a: Lilligant|Close Combat|p2a: Dondozo
|-damage|p2a: Dondozo|40/100
|-unboost|p1a: Lilligant|def|1
|-unboost|p1a: Lilligant|spd|1
|move|p2a: Dondozo|Heavy Slam|p1a: Lilligant
|-damage|p1a: Lilligant|0 fnt
|faint|p1a: Lilligant
|move|p1b: Torkoal|Solar Beam||[still]
|-prepare|p1b: Torkoal|Solar Beam
|-anim|p1b: Torkoal|Solar Beam|p2a: Dondozo
|-resisted|p2a: Dondozo
|-damage|p2a: Dondozo|32/100
|
|-weather|SunnyDay|[upkeep]
|-heal|p2a: Dondozo|38/100|[from] Grassy Terrain
|-heal|p1b: Torkoal|57/100|[from] Grassy Terrain
|-fieldend|move: Grassy Terrain
|upkeep
|turn|6
|
|t:|1756945551
|move|p2a: Dondozo|Earthquake|p1b: Torkoal|[spread] p1b
|-miss|p2a: Dondozo|p2b: Tatsugiri
|-supereffective|p1b: Torkoal
|-damage|p1b: Torkoal|0 fnt
|faint|p1b: Torkoal
|
|win|spellbreakvgc
|l|☆causatorres
|player|p1|
|raw|causatorres's rating: 1103 → 1080(-23 for losing)
|raw|spellbreakvgc's rating: 1135 → 1158(+23 for winning)
