|j|Ōśåafkahaoai
|j|Ōśåsorecruiser
|html|afkahaoaisorecruiser    
|uhtml|bestof|Game 3 of a best-of-3
|t:|1756924236
|gametype|doubles
|player|p1|afkahaoai|rosa|1090
|player|p2|sorecruiser|furisodegirl-black|1161
|gen|9
|tier|[Gen 9] VGC 2025 Reg H (Bo3)
|rated|
|rule|Species Clause: Limit one of each Pok├®mon
|rule|Item Clause: Limit 1 of each item
|clearpoke
|poke|p1|Serperior, L50, F|
|poke|p1|Typhlosion-Hisui, L50, F|
|poke|p1|Empoleon, L50, M|
|poke|p1|Dragonite, L50, F|
|poke|p1|Ninetales-Alola, L50, F|
|poke|p1|Gholdengo, L50|
|poke|p2|Gholdengo, L50|
|poke|p2|Whimsicott, L50, F|
|poke|p2|Sneasler, L50, M|
|poke|p2|Basculegion, L50, M|
|poke|p2|Hydreigon, L50, F|
|poke|p2|Magmar, L50, F|
|teampreview|4
|showteam|p1|Serperior||LifeOrb|Contrary|LeafStorm,TeraBlast,GrassPledge,Protect|||F|||50|,,,,,Stellar]Typhlosion-Hisui||Charcoal|Frisk|Eruption,InfernalParade,FirePledge,Protect|||F|||50|,,,,,Fire]Empoleon||WeaknessPolicy|Competitive|WaterPledge,FlashCannon,VacuumWave,Protect|||M|||50|,,,,,Ground]Dragonite||LoadedDice|Multiscale|Tailwind,Haze,ScaleShot,ExtremeSpeed|||F|||50|,,,,,Fairy]Ninetales-Alola||CovertCloak|SnowWarning|Blizzard,IcyWind,AuroraVeil,Protect|||F|||50|,,,,,Ice]Gholdengo||ChoiceSpecs|GoodasGold|MakeItRain,ShadowBall,Thunderbolt,Trick||||||50|,,,,,Steel
|showteam|p2|Gholdengo||MetalCoat|GoodasGold|MakeItRain,ShadowBall,NastyPlot,Protect||||||50|,,,,,Steel]Whimsicott||CovertCloak|Prankster|Tailwind,Encore,FakeTears,Moonblast|||F|||50|,,,,,Dark]Sneasler||FocusSash|PoisonTouch|Protect,CloseCombat,DireClaw,ThroatChop|||M|||50|,,,,,Dark]Basculegion||ChoiceScarf|Adaptability|LastRespects,WaveCrash,AquaJet,FlipTurn|||M|||50|,,,,,Ghost]Hydreigon||ChoiceSpecs|Levitate|DarkPulse,DracoMeteor,Snarl,HeatWave|||F|||50|,,,,,Fire]Magmar||Eviolite|VitalSpirit|Protect,FollowMe,HeatWave,Taunt|||F|||50|,,,,,Water
|inactive|Battle timer is ON: inactive players will automatically lose when time's up. (requested by afkahaoai)
|inactive|sorecruiser has 60 seconds left.
|inactive|afkahaoai has 60 seconds left.
|
|t:|1756924286
|teamsize|p1|4
|teamsize|p2|4
|start
|switch|p1a: Serperior|Serperior, L50, F|100/100
|switch|p1b: Empoleon|Empoleon, L50, M|100/100
|switch|p2a: Gholdengo|Gholdengo, L50|100/100
|switch|p2b: Whimsicott|Whimsicott, L50, F|100/100
|turn|1
|inactive|sorecruiser has 30 seconds left.
|
|t:|1756924315
|move|p2b: Whimsicott|Fake Tears|p1a: Serperior
|-boost|p1a: Serperior|spd|2
|move|p1a: Serperior|Grass Pledge|p2a: Gholdengo
|-waiting|p1a: Serperior|p1b: Empoleon
|move|p1b: Empoleon|Water Pledge|p2a: Gholdengo|[from] move: Grass Pledge
|-combine
|-resisted|p2a: Gholdengo
|-damage|p2a: Gholdengo|59/100
|-sidestart|p2: sorecruiser|Grass Pledge
|move|p2a: Gholdengo|Nasty Plot|p2a: Gholdengo
|-boost|p2a: Gholdengo|spa|2
|
|upkeep
|turn|2
|c|Ōśåsorecruiser|shit
|c|Ōśåsorecruiser|lmao
|c|Ōśåsorecruiser|double stat boosting moves
|inactive|afkahaoai has 30 seconds left.
|
|t:|1756924343
|-terastallize|p2a: Gholdengo|Steel
|move|p1b: Empoleon|Protect|p1b: Empoleon
|-singleturn|p1b: Empoleon|Protect
|move|p2b: Whimsicott|Encore|p1a: Serperior
|-start|p1a: Serperior|Encore
|move|p1a: Serperior|Grass Pledge|p2b: Whimsicott
|-resisted|p2b: Whimsicott
|-damage|p2b: Whimsicott|80/100
|-damage|p1a: Serperior|91/100|[from] item: Life Orb
|move|p2a: Gholdengo|Make It Rain|p1b: Empoleon|[spread] p1a
|-activate|p1b: Empoleon|move: Protect
|-damage|p1a: Serperior|18/100
|-unboost|p2a: Gholdengo|spa|1
|
|upkeep
|turn|3
|inactive|afkahaoai has 30 seconds left.
|inactive|afkahaoai has 20 seconds left.
|
|t:|1756924383
|switch|p1a: Dragonite|Dragonite, L50, F|100/100
|switch|p1b: Typhlosion|Typhlosion-Hisui, L50, F|100/100
|-item|p2a: Gholdengo|Metal Coat|[from] ability: Frisk|[of] p1b: Typhlosion
|-item|p2b: Whimsicott|Covert Cloak|[from] ability: Frisk|[of] p1b: Typhlosion
|move|p2b: Whimsicott|Encore||[still]
|-fail|p2b: Whimsicott
|move|p2a: Gholdengo|Shadow Ball|p1a: Dragonite
|-damage|p1a: Dragonite|75/100
|
|upkeep
|turn|4
|
|t:|1756924400
|-terastallize|p1b: Typhlosion|Fire
|move|p2a: Gholdengo|Protect|p2a: Gholdengo
|-singleturn|p2a: Gholdengo|Protect
|move|p2b: Whimsicott|Tailwind|p2b: Whimsicott
|-sidestart|p2: sorecruiser|move: Tailwind
|move|p1b: Typhlosion|Eruption|p2a: Gholdengo|[spread] p2b
|-activate|p2a: Gholdengo|move: Protect
|-supereffective|p2b: Whimsicott
|-damage|p2b: Whimsicott|0 fnt
|faint|p2b: Whimsicott
|move|p1a: Dragonite|Tailwind|p1a: Dragonite
|-sidestart|p1: afkahaoai|move: Tailwind
|
|-sideend|p2: sorecruiser|Grass Pledge
|upkeep
|
|t:|1756924416
|switch|p2b: Basculegion|Basculegion, L50, M|100/100
|turn|5
|
|t:|1756924434
|switch|p1b: Empoleon|Empoleon, L50, M|100/100
|move|p2b: Basculegion|Wave Crash|p1b: Empoleon
|-resisted|p1b: Empoleon
|-damage|p1b: Empoleon|54/100
|-damage|p2b: Basculegion|86/100|[from] Recoil
|move|p2a: Gholdengo|Nasty Plot|p2a: Gholdengo
|-boost|p2a: Gholdengo|spa|2
|move|p1a: Dragonite|Haze|p1a: Dragonite
|-clearallboost
|
|upkeep
|turn|6
|
|t:|1756924450
|move|p1b: Empoleon|Vacuum Wave|p2a: Gholdengo
|-supereffective|p2a: Gholdengo
|-damage|p2a: Gholdengo|26/100
|move|p2b: Basculegion|Wave Crash|p1b: Empoleon
|-resisted|p1b: Empoleon
|-damage|p1b: Empoleon|13/100
|-damage|p2b: Basculegion|72/100|[from] Recoil
|move|p2a: Gholdengo|Shadow Ball|p1b: Empoleon
|-damage|p1b: Empoleon|0 fnt
|faint|p1b: Empoleon
|move|p1a: Dragonite|Scale Shot|p2b: Basculegion
|-damage|p2b: Basculegion|52/100
|-damage|p2b: Basculegion|32/100
|-damage|p2b: Basculegion|14/100
|-damage|p2b: Basculegion|0 fnt
|faint|p2b: Basculegion
|-hitcount|p2: Basculegion|4
|-unboost|p1a: Dragonite|def|1
|-boost|p1a: Dragonite|spe|1
|
|upkeep
|
|t:|1756924469
|switch|p2b: Sneasler|Sneasler, L50, M|100/100
|switch|p1b: Typhlosion|Typhlosion-Hisui, L50, F, tera:Fire|100/100
|-item|p2a: Gholdengo|Metal Coat|[from] ability: Frisk|[of] p1b: Typhlosion
|-item|p2b: Sneasler|Focus Sash|[from] ability: Frisk|[of] p1b: Typhlosion
|turn|7
|inactive|afkahaoai has 30 seconds left.
|inactive|sorecruiser has 30 seconds left.
|inactive|sorecruiser has 20 seconds left.
|inactive|sorecruiser has 15 seconds left.
|
|t:|1756924510
|move|p2b: Sneasler|Dire Claw|p1b: Typhlosion
|-damage|p1b: Typhlosion|30/100
|move|p1b: Typhlosion|Eruption|p2a: Gholdengo|[spread] p2a,p2b
|-supereffective|p2a: Gholdengo
|-damage|p2a: Gholdengo|0 fnt
|-damage|p2b: Sneasler|62/100
|faint|p2a: Gholdengo
|move|p1a: Dragonite|Scale Shot|p2b: Sneasler
|-damage|p2b: Sneasler|36/100
|-damage|p2b: Sneasler|11/100
|-damage|p2b: Sneasler|0 fnt
|faint|p2b: Sneasler
|-hitcount|p2: Sneasler|3
|
|win|afkahaoai
|raw|afkahaoai's rating: 1090 → 1122(+32 for winning)
|raw|sorecruiser's rating: 1161 → 1131(-30 for losing)
|c|Ōśåsorecruiser|ggwp
