|j|☆pablittoo
|j|☆StarDoor01
|html|pablittooStarDoor01    
|uhtml|bestof|Game 1 of a best-of-3
|t:|1785409905
|gametype|doubles
|player|p1|pablittoo|102|1291
|player|p2|StarDoor01|2|1226
|gen|9
|tier|[Gen 9 Champions] VGC 2026 Reg M-B (Bo3)
|rated|
|rule|Species Clause: Limit one of each Pokémon
|rule|Item Clause: Limit 1 of each item
|clearpoke
|poke|p1|Floette-Eternal, L50, F|
|poke|p1|Whimsicott, L50, F|
|poke|p1|Rotom-Heat, L50|
|poke|p1|Gholdengo, L50|
|poke|p1|Sneasler, L50, M|
|poke|p1|Basculegion, L50, M|
|poke|p2|Scovillain, L50, F|
|poke|p2|Sylveon, L50, M|
|poke|p2|Kingambit, L50, M|
|poke|p2|Lycanroc-Dusk, L50, M|
|poke|p2|Basculegion, L50, M|
|poke|p2|Metagross, L50|
|teampreview|4
|showteam|p1|Floette-Eternal||Floettite|FlowerVeil|Moonblast,DazzlingGleam,LightofRuin,Protect|Modest||F|||50|]Whimsicott||FocusSash|Prankster|Encore,Moonblast,Tailwind,Protect|Timid||F|||50|]Rotom-Heat||ChoiceScarf|Levitate|Electroweb,VoltSwitch,Overheat,Thunderbolt|Timid|||||50|]Gholdengo||LifeOrb|GoodasGold|ShadowBall,PowerGem,MakeItRain,Protect|Timid|||||50|]Sneasler||WhiteHerb|Unburden|FakeOut,QuickGuard,CloseCombat,DireClaw|Jolly||M|||50|]Basculegion||MysticWater|Adaptability|WaveCrash,AquaJet,LastRespects,Protect|Adamant||M|||50|
|showteam|p2|Scovillain||Scovillainite|Moody|GigaDrain,Overheat,RagePowder,Protect|Bold||F|||50|]Sylveon||FairyFeather|Pixilate|HyperVoice,HyperBeam,QuickAttack,Detect|Modest||M|||50|]Kingambit||BlackGlasses|Defiant|KowtowCleave,SuckerPunch,SwordsDance,Protect|Adamant||M|||50|]Lycanroc-Dusk||FocusSash|ToughClaws|CloseCombat,Accelerock,RockSlide,Protect|Adamant||M|||50|]Basculegion||SitrusBerry|Adaptability|WaveCrash,LastRespects,AquaJet,Protect|Adamant||M|||50|]Metagross||Metagrossite|ClearBody|PsychicFangs,IcePunch,IronHead,Protect|Jolly|||||50|
|inactive|Battle timer is ON: inactive players will automatically lose when time's up. (requested by StarDoor01)
|inactive|StarDoor01 has 60 seconds left.
|
|t:|1785409992
|teamsize|p1|4
|teamsize|p2|4
|start
|switch|p1a: Whimsicott|Whimsicott, L50, F|100/100
|switch|p1b: Gholdengo|Gholdengo, L50|100/100
|switch|p2a: Kindred|Lycanroc-Dusk, L50, M|100/100
|switch|p2b: Basculegion|Basculegion, L50, M|100/100
|turn|1
|inactive|StarDoor01 has 30 seconds left.
|
|t:|1785410023
|switch|p2a: Metagross|Metagross, L50|100/100
|move|p2b: Basculegion|Protect|p2b: Basculegion
|-singleturn|p2b: Basculegion|Protect
|move|p1a: Whimsicott|Moonblast|p2a: Metagross
|-resisted|p2a: Metagross|1
|-damage|p2a: Metagross|80/100
|move|p1b: Gholdengo|Make It Rain|p2a: Metagross|[spread] p2a
|-activate|p2b: Basculegion|move: Protect
|-resisted|p2a: Metagross|1
|-damage|p2a: Metagross|45/100
|-unboost|p1b: Gholdengo|spa|2
|-damage|p1b: Gholdengo|90/100|[from] item: Life Orb
|
|upkeep
|turn|2
|inactive|StarDoor01 has 30 seconds left.
|inactive|StarDoor01 has 20 seconds left.
|inactive|StarDoor01 has 15 seconds left.
|inactive|StarDoor01 has 10 seconds left.
|
|t:|1785410073
|switch|p2b: Kingambit|Kingambit, L50, M|100/100
|detailschange|p2a: Metagross|Metagross-Mega, L50
|-mega|p2a: Metagross|Metagross|Metagrossite
|move|p1a: Whimsicott|Encore|p2b: Kingambit
|-hint|Since gen 7, Dark is immune to Prankster moves.
|-immune|p2b: Kingambit
|move|p2a: Metagross|Ice Punch|p1a: Whimsicott
|-supereffective|p1a: Whimsicott|1
|-enditem|p1a: Whimsicott|Focus Sash
|-damage|p1a: Whimsicott|1/100
|move|p1b: Gholdengo|Shadow Ball|p2a: Metagross
|-supereffective|p2a: Metagross|1
|-damage|p2a: Metagross|0 fnt
|faint|p2a: Metagross
|-damage|p1b: Gholdengo|80/100|[from] item: Life Orb
|
|upkeep
|
|t:|1785410093
|switch|p2a: Kindred|Lycanroc-Dusk, L50, M|100/100
|turn|3
|
|t:|1785410117
|move|p1a: Whimsicott|Tailwind|p1a: Whimsicott
|-sidestart|p1: pablittoo|move: Tailwind
|move|p1b: Gholdengo|Make It Rain|p2b: Kingambit|[spread] p2a,p2b
|-supereffective|p2a: Kindred|1
|-resisted|p2b: Kingambit|1
|-damage|p2a: Kindred|15/100
|-damage|p2b: Kingambit|85/100
|-unboost|p1b: Gholdengo|spa|2
|-damage|p1b: Gholdengo|71/100|[from] item: Life Orb
|move|p2a: Kindred|Rock Slide|p1b: Gholdengo|[spread] p1a,p1b
|-resisted|p1b: Gholdengo|1
|-damage|p1a: Whimsicott|0 fnt
|-damage|p1b: Gholdengo|58/100
|faint|p1a: Whimsicott
|move|p2b: Kingambit|Kowtow Cleave|p1b: Gholdengo
|-supereffective|p1b: Gholdengo|1
|-damage|p1b: Gholdengo|0 fnt
|faint|p1b: Gholdengo
|
|upkeep
|
|t:|1785410124
|switch|p1a: Basculegion|Basculegion, L50, M|100/100
|switch|p1b: Floette|Floette-Eternal, L50, F|100/100
|turn|4
|inactive|StarDoor01 has 30 seconds left.
|
|t:|1785410156
|detailschange|p1b: Floette|Floette-Mega, L50, F
|-mega|p1b: Floette|Floette|Floettite
|-ability|p1b: Floette|Fairy Aura
|move|p1a: Basculegion|Aqua Jet|p2a: Kindred
|-supereffective|p2a: Kindred|1
|-damage|p2a: Kindred|0 fnt
|faint|p2a: Kindred
|move|p2b: Kingambit|Sucker Punch||[still]
|-fail|p2b: Kingambit
|move|p1b: Floette|Light of Ruin|p2b: Kingambit
|-damage|p2b: Kingambit|0 fnt
|faint|p2b: Kingambit
|-damage|p1b: Floette|40/100|[from] Recoil
|
|upkeep
|
|t:|1785410163
|switch|p2a: Basculegion|Basculegion, L50, M|100/100
|turn|5
|
|t:|1785410178
|move|p1b: Floette|Protect|p1b: Floette
|-singleturn|p1b: Floette|Protect
|move|p1a: Basculegion|Last Respects|p2a: Basculegion
|-supereffective|p2a: Basculegion|1
|-damage|p2a: Basculegion|0 fnt
|faint|p2a: Basculegion
|
|win|pablittoo
