|j|☆learning to perish
|j|☆MrPhoenixGC
|html|learning to perishMrPhoenixGC    
|uhtml|bestof|Game 2 of a best-of-3
|t:|1757000442
|gametype|doubles
|player|p1|learning to perish|2|1249
|player|p2|MrPhoenixGC|steven|1194
|gen|9
|tier|[Gen 9] VGC 2025 Reg H (Bo3)
|rated|
|rule|Species Clause: Limit one of each Pokémon
|rule|Item Clause: Limit 1 of each item
|clearpoke
|poke|p1|Azumarill, L50, M|
|poke|p1|Gothitelle, L50, F|
|poke|p1|Torkoal, L50, M|
|poke|p1|Charizard, L50, M|
|poke|p1|Incineroar, L50, F|
|poke|p1|Ursaluna-Bloodmoon, L50, M|
|poke|p2|Gholdengo, L50|
|poke|p2|Pelipper, L50, F|
|poke|p2|Archaludon, L50, F|
|poke|p2|Ursaluna, L50, M|
|poke|p2|Dragonite, L50, F|
|poke|p2|Sinistcha, L50|
|teampreview|4
|showteam|p1|Azumarill||MentalHerb|SapSipper|AquaJet,PerishSong,Encore,Protect|||M|||50|,,,,,Ground]Gothitelle||SitrusBerry|ShadowTag|Psychic,TrickRoom,FakeOut,Protect|||F|||50|,,,,,Dark]Torkoal||EjectPack|Drought|Overheat,Eruption,HelpingHand,Protect|||M|||50|,,,,,Fire]Charizard||ChoiceSpecs|SolarPower|HeatWave,Overheat,WeatherBall,Protect|||M|||50|,,,,,Ghost]Incineroar||ChopleBerry|Intimidate|KnockOff,PartingShot,FakeOut,Protect|||F|||50|,,,,,Grass]Ursaluna-Bloodmoon||LifeOrb|MindsEye|BloodMoon,HyperVoice,EarthPower,Protect|||M|||50|,,,,,Normal
|showteam|p2|Gholdengo||ChoiceScarf|GoodasGold|MakeItRain,ShadowBall,Trick,Protect||||||50|,,,,,Water]Pelipper||FocusSash|Drizzle|Protect,MuddyWater,Hurricane,WideGuard|||F|||50|,,,,,Ghost]Archaludon||AssaultVest|Stamina|BodyPress,Snarl,ElectroShot,FlashCannon|||F|||50|,,,,,Bug]Ursaluna||FlameOrb|Guts|Protect,Facade,Earthquake,HeadlongRush|||M|||50|,,,,,Ghost]Dragonite||LoadedDice|Multiscale|ScaleShot,Haze,Tailwind,Protect|||F|||50|,,,,,Fairy]Sinistcha||SitrusBerry|Hospitality|TrickRoom,MatchaGotcha,LifeDew,RagePowder||||||50|,,,,,Dark
|inactive|Battle timer is ON: inactive players will automatically lose when time's up. (requested by learning to perish)
|inactive|MrPhoenixGC has 60 seconds left.
|inactive|MrPhoenixGC has 30 seconds left.
|
|t:|1757000509
|teamsize|p1|4
|teamsize|p2|4
|start
|switch|p1a: Charizard|Charizard, L50, M|100/100
|switch|p1b: Gothitelle|Gothitelle, L50, F|100/100
|switch|p2a: Pelipper|Pelipper, L50, F|100/100
|switch|p2b: Dragonite|Dragonite, L50, F|100/100
|-weather|RainDance|[from] ability: Drizzle|[of] p2a: Pelipper
|turn|1
|inactive|MrPhoenixGC has 30 seconds left.
|inactive|MrPhoenixGC has 20 seconds left.
|
|t:|1757000545
|switch|p1a: Torkoal|Torkoal, L50, M|100/100
|-weather|SunnyDay|[from] ability: Drought|[of] p1a: Torkoal
|move|p2b: Dragonite|Scale Shot|p1b: Gothitelle
|-damage|p1b: Gothitelle|89/100
|-damage|p1b: Gothitelle|75/100
|-damage|p1b: Gothitelle|63/100
|-damage|p1b: Gothitelle|49/100
|-enditem|p1b: Gothitelle|Sitrus Berry|[eat]
|-heal|p1b: Gothitelle|74/100|[from] item: Sitrus Berry
|-hitcount|p1b: Gothitelle|4
|-unboost|p2b: Dragonite|def|1
|-boost|p2b: Dragonite|spe|1
|move|p2a: Pelipper|Hurricane|p1b: Gothitelle
|-damage|p1b: Gothitelle|33/100
|move|p1b: Gothitelle|Trick Room|p1b: Gothitelle
|-fieldstart|move: Trick Room|[of] p1b: Gothitelle
|
|-weather|SunnyDay|[upkeep]
|upkeep
|turn|2
|inactive|MrPhoenixGC has 30 seconds left.
|
|t:|1757000575
|switch|p1b: Ursaluna|Ursaluna-Bloodmoon, L50, M|100/100
|move|p2a: Pelipper|Wide Guard|p2a: Pelipper
|-singleturn|p2a: Pelipper|Wide Guard
|move|p1a: Torkoal|Overheat|p2a: Pelipper
|-resisted|p2a: Pelipper
|-damage|p2a: Pelipper|31/100
|-unboost|p1a: Torkoal|spa|2
|-enditem|p1a: Torkoal|Eject Pack
|
|t:|1757000582
|switch|p1a: Gothitelle|Gothitelle, L50, F|33/100
|move|p2b: Dragonite|Scale Shot|p1b: Ursaluna
|-damage|p1b: Ursaluna|89/100
|-damage|p1b: Ursaluna|78/100
|-damage|p1b: Ursaluna|67/100
|-damage|p1b: Ursaluna|55/100
|-hitcount|p1b: Ursaluna|4
|-unboost|p2b: Dragonite|def|1
|-boost|p2b: Dragonite|spe|1
|
|-weather|SunnyDay|[upkeep]
|upkeep
|turn|3
|inactive|MrPhoenixGC has 30 seconds left.
|inactive|learning to perish has 30 seconds left.
|
|t:|1757000614
|move|p2a: Pelipper|Protect||[still]
|-fail|p2a: Pelipper
|move|p1b: Ursaluna|Blood Moon|p2b: Dragonite
|-damage|p2b: Dragonite|46/100
|-damage|p1b: Ursaluna|45/100|[from] item: Life Orb
|move|p1a: Gothitelle|Psychic|p2a: Pelipper
|-damage|p2a: Pelipper|0 fnt
|faint|p2a: Pelipper
|move|p2b: Dragonite|Scale Shot|p1a: Gothitelle
|-damage|p1a: Gothitelle|19/100
|-damage|p1a: Gothitelle|6/100
|-damage|p1a: Gothitelle|0 fnt
|faint|p1a: Gothitelle
|-hitcount|p1: Gothitelle|3
|-unboost|p2b: Dragonite|def|1
|-boost|p2b: Dragonite|spe|1
|
|-weather|SunnyDay|[upkeep]
|upkeep
|inactive|MrPhoenixGC has 30 seconds left.
|inactive|MrPhoenixGC has 20 seconds left.
|
|t:|1757000651
|switch|p1a: Torkoal|Torkoal, L50, M|100/100
|switch|p2a: Ursaluna|Ursaluna, L50, M|100/100
|turn|4
|inactive|MrPhoenixGC has 30 seconds left.
|
|t:|1757000682
|move|p2a: Ursaluna|Protect|p2a: Ursaluna
|-singleturn|p2a: Ursaluna|Protect
|move|p1a: Torkoal|Eruption|p2a: Ursaluna|[spread] p2b
|-activate|p2a: Ursaluna|move: Protect
|-resisted|p2b: Dragonite
|-damage|p2b: Dragonite|11/100
|move|p1b: Ursaluna|Hyper Voice|p2b: Dragonite|[spread] p2b
|-activate|p2a: Ursaluna|move: Protect
|-damage|p2b: Dragonite|0 fnt
|faint|p2b: Dragonite
|-damage|p1b: Ursaluna|36/100|[from] item: Life Orb
|
|-weather|SunnyDay|[upkeep]
|-status|p2a: Ursaluna|brn|[from] item: Flame Orb
|upkeep
|
|t:|1757000696
|switch|p2b: Archaludon|Archaludon, L50, F|100/100
|turn|5
|
|t:|1757000720
|-terastallize|p1a: Torkoal|Fire
|-terastallize|p2a: Ursaluna|Ghost
|move|p1a: Torkoal|Eruption|p2a: Ursaluna|[spread] p2a,p2b
|-damage|p2a: Ursaluna|0 fnt
|-damage|p2b: Archaludon|33/100
|-ability|p2b: Archaludon|Stamina|boost
|-boost|p2b: Archaludon|def|1
|faint|p2a: Ursaluna
|move|p1b: Ursaluna|Earth Power|p2b: Archaludon
|-supereffective|p2b: Archaludon
|-damage|p2b: Archaludon|0 fnt
|faint|p2b: Archaludon
|-damage|p1b: Ursaluna|26/100|[from] item: Life Orb
|
|win|learning to perish
||learning to perish is ready for game 3.
|inactive|MrPhoenixGC has 30 seconds to confirm battle start!
|inactive|MrPhoenixGC has 20 seconds to confirm battle start!
