|j|☆fangyusuhe
|j|☆yyfsx
|html|fangyusuheyyfsx    
|uhtml|bestof|Game 2 of a best-of-3
|t:|1785995224
|gametype|doubles
|player|p1|fangyusuhe|dawn|
|player|p2|yyfsx|preschoolerf|
|gen|9
|tier|[Gen 9 Champions] VGC 2026 Reg M-B (Bo3)
|rule|Species Clause: Limit one of each Pokémon
|rule|Item Clause: Limit 1 of each item
|clearpoke
|poke|p1|Charizard, L50, M|
|poke|p1|Kingambit, L50, F|
|poke|p1|Whimsicott, L50, F|
|poke|p1|Floette-Eternal, L50, F|
|poke|p1|Garchomp, L50, M|
|poke|p1|Basculegion, L50, M|
|poke|p2|Swampert, L50, M|
|poke|p2|Pelipper, L50, M|
|poke|p2|Sableye, L50, M|
|poke|p2|Sylveon, L50, M|
|poke|p2|Archaludon, L50, F|
|poke|p2|Venusaur, L50, M|
|teampreview|4
|showteam|p1|Charizard||CharizarditeY|Blaze|HeatWave,SolarBeam,WeatherBall,Protect|Modest||M|||50|]Kingambit||ChopleBerry|Defiant|Protect,SuckerPunch,IronHead,KowtowCleave|Adamant||F|||50|]Whimsicott||FocusSash|Prankster|Moonblast,Tailwind,Encore,Protect|Timid||F|||50|]Floette-Eternal||Floettite|FlowerVeil|Moonblast,DazzlingGleam,LightofRuin,Protect|Modest||F|||50|]Garchomp||SitrusBerry|RoughSkin|Earthquake,DragonClaw,RockSlide,Protect|Adamant||M|||50|]Basculegion||LifeOrb|Adaptability|WaveCrash,LastRespects,AquaJet,Protect|Adamant||M|||50|
|showteam|p2|Swampert||Swampertite|Damp|Protect,WaveCrash,Earthquake,HighHorsepower|Adamant||M|||50|]Pelipper||SitrusBerry|Drizzle|Protect,WeatherBall,Hurricane,Tailwind|Bold||M|||50|]Sableye||RoseliBerry|Prankster|Encore,LightScreen,WillOWisp,RainDance|Bold||M|||50|]Sylveon||FairyFeather|Pixilate|Detect,HyperVoice,Moonblast,QuickAttack|Modest||M|||50|]Archaludon||Leftovers|Stamina|Protect,DragonPulse,FlashCannon,ElectroShot|Modest||F|||50|]Venusaur||Venusaurite|Chlorophyll|Protect,GigaDrain,SludgeBomb,EarthPower|Modest||M|||50|
|inactive|Battle timer is ON: inactive players will automatically lose when time's up. (requested by fangyusuhe)
|
|t:|1785995249
|teamsize|p1|4
|teamsize|p2|4
|start
|switch|p1a: Charizard|Charizard, L50, M|100/100
|switch|p1b: Basculegion|Basculegion, L50, M|100/100
|switch|p2a: Sableye|Sableye, L50, M|100/100
|switch|p2b: Swampert|Swampert, L50, M|100/100
|turn|1
|
|t:|1785995269
|switch|p2b: Archaludon|Archaludon, L50, F|100/100
|move|p1a: Charizard|Protect|p1a: Charizard
|-singleturn|p1a: Charizard|Protect
|move|p2a: Sableye|Will-O-Wisp|p1b: Basculegion
|-status|p1b: Basculegion|brn
|move|p1b: Basculegion|Wave Crash|p2a: Sableye
|-damage|p2a: Sableye|36/100
|-damage|p1b: Basculegion|83/100 brn|[from] Recoil
|-damage|p1b: Basculegion|73/100 brn|[from] item: Life Orb
|
|-damage|p1b: Basculegion|67/100 brn|[from] brn
|upkeep
|turn|2
|
|t:|1785995281
|switch|p1a: Floette|Floette-Eternal, L50, F|100/100
|move|p2a: Sableye|Rain Dance|p2a: Sableye
|-weather|RainDance
|move|p1b: Basculegion|Wave Crash|p2a: Sableye
|-damage|p2a: Sableye|0 fnt
|faint|p2a: Sableye
|-damage|p1b: Basculegion|58/100 brn|[from] Recoil
|-damage|p1b: Basculegion|48/100 brn|[from] item: Life Orb
|move|p2b: Archaludon|Electro Shot||[still]
|-prepare|p2b: Archaludon|Electro Shot
|-boost|p2b: Archaludon|spa|1
|-anim|p2b: Archaludon|Electro Shot|p1a: Floette
|-damage|p1a: Floette|40/100
|
|-weather|RainDance|[upkeep]
|-damage|p1b: Basculegion|42/100 brn|[from] brn
|upkeep
|
|t:|1785995295
|switch|p2a: Swampert|Swampert, L50, M|100/100
|turn|3
|
|t:|1785995300
|detailschange|p2a: Swampert|Swampert-Mega, L50, M
|-mega|p2a: Swampert|Swampert|Swampertite
|move|p1a: Floette|Protect|p1a: Floette
|-singleturn|p1a: Floette|Protect
|move|p2b: Archaludon|Protect|p2b: Archaludon
|-singleturn|p2b: Archaludon|Protect
|move|p2a: Swampert|Earthquake|p1b: Basculegion|[spread] p1b
|-activate|p2b: Archaludon|move: Protect
|-activate|p1a: Floette|move: Protect
|-damage|p1b: Basculegion|0 fnt
|faint|p1b: Basculegion
|
|-weather|RainDance|[upkeep]
|upkeep
|
|t:|1785995304
|switch|p1b: Charizard|Charizard, L50, M|100/100
|turn|4
|
|t:|1785995320
|detailschange|p1b: Charizard|Charizard-Mega-Y, L50, M
|-mega|p1b: Charizard|Charizard|Charizardite Y
|-weather|SunnyDay|[from] ability: Drought|[of] p1b: Charizard
|move|p2a: Swampert|Protect|p2a: Swampert
|-singleturn|p2a: Swampert|Protect
|move|p1a: Floette|Dazzling Gleam|p2b: Archaludon|[spread] p2b
|-activate|p2a: Swampert|move: Protect
|-damage|p2b: Archaludon|64/100
|-ability|p2b: Archaludon|Stamina|boost
|-boost|p2b: Archaludon|def|1
|move|p1b: Charizard|Weather Ball|p2b: Archaludon
|-damage|p2b: Archaludon|0 fnt
|faint|p2b: Archaludon
|
|-weather|SunnyDay|[upkeep]
|upkeep
|
|t:|1785995335
|switch|p2b: Pelipper|Pelipper, L50, M|100/100
|-weather|RainDance|[from] ability: Drizzle|[of] p2b: Pelipper
|turn|5
|
|t:|1785995346
|switch|p1b: Kingambit|Kingambit, L50, F|100/100
|move|p2a: Swampert|Earthquake|p1a: Floette|[spread] p1a,p1b
|-immune|p2b: Pelipper
|-supereffective|p1b: Kingambit|1
|-damage|p1a: Floette|0 fnt
|-damage|p1b: Kingambit|30/100
|faint|p1a: Floette
|move|p2b: Pelipper|Hurricane|p1b: Kingambit
|-resisted|p1b: Kingambit|1
|-damage|p1b: Kingambit|10/100
|
|-weather|RainDance|[upkeep]
|upkeep
|
|t:|1785995350
|switch|p1a: Charizard|Charizard-Mega-Y, L50, M|100/100
|-weather|SunnyDay|[from] ability: Drought|[of] p1a: Charizard
|turn|6
|inactive|yyfsx has 30 seconds left.
|
|t:|1785995378
|move|p2a: Swampert|Protect|p2a: Swampert
|-singleturn|p2a: Swampert|Protect
|move|p1a: Charizard|Solar Beam||[still]
|-prepare|p1a: Charizard|Solar Beam
|-anim|p1a: Charizard|Solar Beam|p2b: Pelipper
|-damage|p2b: Pelipper|51/100
|move|p2b: Pelipper|Tailwind|p2b: Pelipper
|-sidestart|p2: yyfsx|move: Tailwind
|move|p1b: Kingambit|Kowtow Cleave|p2b: Pelipper
|-damage|p2b: Pelipper|0 fnt
|faint|p2b: Pelipper
|
|-weather|SunnyDay|[upkeep]
|upkeep
|turn|7
|
|t:|1785995392
|move|p1b: Kingambit|Sucker Punch|p2a: Swampert
|-damage|p2a: Swampert|62/100
|move|p2a: Swampert|Wave Crash|p1a: Charizard
|-supereffective|p1a: Charizard|1
|-damage|p1a: Charizard|25/100
|-damage|p2a: Swampert|40/100|[from] Recoil
|move|p1a: Charizard|Solar Beam||[still]
|-prepare|p1a: Charizard|Solar Beam
|-anim|p1a: Charizard|Solar Beam|p2a: Swampert
|-supereffective|p2a: Swampert|2
|-damage|p2a: Swampert|0 fnt
|faint|p2a: Swampert
|
|win|fangyusuhe
|l|☆yyfsx
|player|p2|
