|j|☆bola696
|j|☆lux raymundi
|html|bola696lux raymundi    
|uhtml|bestof|Game 3 of a best-of-3
|t:|1785770382
|gametype|doubles
|player|p1|bola696|red|1149
|player|p2|lux raymundi|169|1282
|gen|9
|tier|[Gen 9 Champions] VGC 2026 Reg M-B (Bo3)
|rated|
|rule|Species Clause: Limit one of each Pokémon
|rule|Item Clause: Limit 1 of each item
|clearpoke
|poke|p1|Gholdengo, L50|
|poke|p1|Staraptor, L50, M|
|poke|p1|Raichu, L50, M|
|poke|p1|Whimsicott, L50, F|
|poke|p1|Kingambit, L50, M|
|poke|p1|Farigiraf, L50, F|
|poke|p2|Sneasler, L50, M|
|poke|p2|Blastoise, L50, M|
|poke|p2|Kingambit, L50, M|
|poke|p2|Incineroar, L50, M|
|poke|p2|Delphox, L50, F|
|poke|p2|Sinistcha, L50|
|teampreview|4
|showteam|p1|Gholdengo||LifeOrb|GoodasGold|Protect,MakeItRain,ShadowBall,NastyPlot|Timid|||||50|]Staraptor||Staraptite|Intimidate|Protect,CloseCombat,BraveBird,Roost|Adamant||M|||50|]Raichu||RaichuniteX|LightningRod|PlayRough,FakeOut,VoltTackle,Protect|Jolly||M|||50|]Whimsicott||FocusSash|Prankster|Encore,Tailwind,Charm,Moonblast|Timid||F|||50|]Kingambit||ChopleBerry|Defiant|KowtowCleave,LowKick,SuckerPunch,Protect|Adamant||M|||50|]Farigiraf||ColburBerry|ArmorTail|TrickRoom,HyperVoice,HelpingHand,Psychic|Bold||F|||50|
|showteam|p2|Sneasler||FocusSash|PoisonTouch|PoisonJab,CloseCombat,FakeOut,QuickGuard|Jolly||M|||50|]Blastoise||Blastoisinite|RainDish|DarkPulse,WaterSpout,ShellSmash,Protect|Modest||M|||50|]Kingambit||BlackGlasses|Defiant|KowtowCleave,SuckerPunch,SwordsDance,Protect|Adamant||M|||50|]Incineroar||SitrusBerry|Intimidate|FlareBlitz,ThroatChop,PartingShot,FakeOut|Careful||M|||50|]Delphox||Delphoxite|Blaze|HeatWave,NastyPlot,Psychic,Protect|Timid||F|||50|]Sinistcha||KasibBerry|Hospitality|MatchaGotcha,RagePowder,TrickRoom,Protect|Bold|||||50|
|
|t:|1785770409
|teamsize|p1|4
|teamsize|p2|4
|start
|switch|p1a: Farigiraf|Farigiraf, L50, F|100/100
|switch|p1b: Kingambit|Kingambit, L50, M|100/100
|switch|p2a: Incineroar|Incineroar, L50, M|100/100
|switch|p2b: Delphox|Delphox, L50, F|100/100
|-ability|p2a: Incineroar|Intimidate|boost
|-unboost|p1a: Farigiraf|atk|1
|-unboost|p1b: Kingambit|atk|1
|-ability|p1b: Kingambit|Defiant|boost
|-boost|p1b: Kingambit|atk|2
|turn|1
|inactive|Battle timer is ON: inactive players will automatically lose when time's up. (requested by bola696)
|
|t:|1785770430
|switch|p2b: Sinistcha|Sinistcha, L50|100/100
|move|p1b: Kingambit|Sucker Punch||[still]
|-fail|p1b: Kingambit
|move|p2a: Incineroar|Flare Blitz|p1b: Kingambit
|-supereffective|p1b: Kingambit|1
|-damage|p1b: Kingambit|33/100
|-damage|p2a: Incineroar|77/100|[from] Recoil
|move|p1a: Farigiraf|Trick Room|p1a: Farigiraf
|-fieldstart|move: Trick Room|[of] p1a: Farigiraf
|
|upkeep
|turn|2
|inactive|bola696 has 30 seconds left.
|inactive|bola696 has 20 seconds left.
|inactive|bola696 has 15 seconds left.
|inactive|bola696 has 10 seconds left.
|inactive|bola696 has 5 seconds left.
|
|t:|1785770483
|switch|p1b: Staraptor|Staraptor, L50, M|100/100
|-ability|p1b: Staraptor|Intimidate|boost
|-unboost|p2a: Incineroar|atk|1
|-unboost|p2b: Sinistcha|atk|1
|switch|p1a: Gholdengo|Gholdengo, L50|100/100
|move|p2b: Sinistcha|Rage Powder|p2b: Sinistcha
|-singleturn|p2b: Sinistcha|move: Rage Powder
|move|p2a: Incineroar|Flare Blitz|p1b: Staraptor
|-damage|p1b: Staraptor|59/100
|-damage|p2a: Incineroar|64/100|[from] Recoil
|
|upkeep
|turn|3
|inactive|lux raymundi has 30 seconds left.
|
|t:|1785770510
|switch|p1a: Farigiraf|Farigiraf, L50, F|100/100
|detailschange|p1b: Staraptor|Staraptor-Mega, L50, M
|-mega|p1b: Staraptor|Staraptor|Staraptite
|move|p2b: Sinistcha|Matcha Gotcha|p1a: Farigiraf|[spread] p1a,p1b
|-resisted|p1b: Staraptor|1
|-damage|p1a: Farigiraf|77/100
|-damage|p1b: Staraptor|46/100
|-status|p1a: Farigiraf|brn
|move|p2a: Incineroar|Flare Blitz|p1b: Staraptor
|-damage|p1b: Staraptor|17/100
|-damage|p2a: Incineroar|54/100|[from] Recoil
|move|p1b: Staraptor|Brave Bird|p2b: Sinistcha
|-supereffective|p2b: Sinistcha|1
|-damage|p2b: Sinistcha|0 fnt
|faint|p2b: Sinistcha
|-damage|p1b: Staraptor|0 fnt|[from] Recoil
|faint|p1b: Staraptor
|
|-damage|p1a: Farigiraf|70/100 brn|[from] brn
|upkeep
|
|t:|1785770531
|switch|p2b: Kingambit|Kingambit, L50, M|100/100
|switch|p1b: Kingambit|Kingambit, L50, M|33/100
|turn|4
|inactive|bola696 has 30 seconds left.
|
|t:|1785770565
|move|p1b: Kingambit|Low Kick|p2b: Kingambit
|-supereffective|p2b: Kingambit|2
|-damage|p2b: Kingambit|0 fnt
|faint|p2b: Kingambit
|move|p2a: Incineroar|Flare Blitz|p1b: Kingambit
|-supereffective|p1b: Kingambit|1
|-damage|p1b: Kingambit|0 fnt
|faint|p1b: Kingambit
|-damage|p2a: Incineroar|43/100|[from] Recoil
|-enditem|p2a: Incineroar|Sitrus Berry|[eat]
|-heal|p2a: Incineroar|68/100|[from] item: Sitrus Berry
|move|p1a: Farigiraf|Trick Room|p1a: Farigiraf
|-fieldend|move: Trick Room
|
|-damage|p1a: Farigiraf|64/100 brn|[from] brn
|upkeep
|
|t:|1785770577
|switch|p2b: Delphox|Delphox, L50, F|100/100
|switch|p1b: Gholdengo|Gholdengo, L50|100/100
|turn|5
|
|t:|1785770589
|detailschange|p2b: Delphox|Delphox-Mega, L50, F
|-mega|p2b: Delphox|Delphox|Delphoxite
|move|p1b: Gholdengo|Protect|p1b: Gholdengo
|-singleturn|p1b: Gholdengo|Protect
|move|p2b: Delphox|Heat Wave|p1b: Gholdengo|[spread] p1a
|-activate|p1b: Gholdengo|move: Protect
|-damage|p1a: Farigiraf|23/100 brn
|move|p2a: Incineroar|Throat Chop|p1a: Farigiraf
|-supereffective|p1a: Farigiraf|1
|-enditem|p1a: Farigiraf|Colbur Berry|[eat]
|-enditem|p1a: Farigiraf|Colbur Berry|[weaken]
|-damage|p1a: Farigiraf|7/100 brn
|-start|p1a: Farigiraf|Throat Chop|[silent]
|move|p1a: Farigiraf|Trick Room|p1a: Farigiraf
|-fieldstart|move: Trick Room|[of] p1a: Farigiraf
|
|-damage|p1a: Farigiraf|1/100 brn|[from] brn
|upkeep
|turn|6
|inactive|bola696 has 30 seconds left.
|inactive|lux raymundi has 30 seconds left.
|
|t:|1785770617
|move|p1a: Farigiraf|Helping Hand|p1b: Gholdengo
|-immune|p1b: Gholdengo|[from] ability: Good as Gold
|move|p2b: Delphox|Protect|p2b: Delphox
|-singleturn|p2b: Delphox|Protect
|move|p2a: Incineroar|Flare Blitz|p1b: Gholdengo
|-supereffective|p1b: Gholdengo|1
|-damage|p1b: Gholdengo|32/100
|-damage|p2a: Incineroar|50/100g|[from] Recoil
|move|p1b: Gholdengo|Shadow Ball|p2a: Incineroar
|-resisted|p2a: Incineroar|1
|-damage|p2a: Incineroar|29/100
|-damage|p1b: Gholdengo|22/100|[from] item: Life Orb
|
|-damage|p1a: Farigiraf|0 fnt|[from] brn
|faint|p1a: Farigiraf
|upkeep
|turn|7
|-message|bola696 forfeited.
|
|win|lux raymundi
|raw|bola696's rating: 1149 → 1133(-16 for losing)
|raw|lux raymundi's rating: 1282 → 1298(+16 for winning)
