|j|☆boredatwork785
|j|☆Yenabi
|html|boredatwork785Yenabi    
|uhtml|bestof|Game 1 of a best-of-3
|t:|1756845693
|gametype|doubles
|player|p1|boredatwork785|2|1083
|player|p2|Yenabi|170|1129
|gen|9
|tier|[Gen 9] VGC 2025 Reg H (Bo3)
|rated|
|rule|Species Clause: Limit one of each Pokémon
|rule|Item Clause: Limit 1 of each item
|clearpoke
|poke|p1|Gliscor, L50, F|
|poke|p1|Rillaboom, L50, F|
|poke|p1|Talonflame, L50, F|
|poke|p1|Archaludon, L50, M|
|poke|p1|Kingambit, L50, F|
|poke|p1|Annihilape, L50, F|
|poke|p2|Archaludon, L50, M|
|poke|p2|Dragonite, L50, M|
|poke|p2|Pelipper, L50, M|
|poke|p2|Ursaluna, L50, M|
|poke|p2|Sinistcha, L50|
|poke|p2|Gholdengo, L50|
|teampreview|4
|showteam|p1|Gliscor||GrassySeed|HyperCutter|HighHorsepower,Acrobatics,SwordsDance,Protect|||F|||50|,,,,,Flying]Rillaboom||AssaultVest|GrassySurge|FakeOut,GrassyGlide,WoodHammer,Snarl|||F|||50|,,,,,Fire]Talonflame||SafetyGoggles|GaleWings|Tailwind,FlareBlitz,WillOWisp,FeatherDance|||F|||50|,,,,,Ghost]Archaludon||PowerHerb|Sturdy|Thunderbolt,ElectroShot,DragonPulse,Protect|||M|||50|,,,,,Electric]Kingambit||BlackGlasses|Defiant|KowtowCleave,SuckerPunch,SwordsDance,Protect|||F|||50|,,,,,Dark]Annihilape||ChoiceScarf|Defiant|CloseCombat,RageFist,FinalGambit,Uturn|||F|||50|,,,,,Fire
|showteam|p2|Archaludon||AssaultVest|Stamina|FlashCannon,BodyPress,ElectroShot,Snarl|||M|||50|,,,,,Fighting]Dragonite||LoadedDice|Multiscale|ScaleShot,Tailwind,Haze,Protect|||M|||50|,,,,,Fairy]Pelipper||FocusSash|Drizzle|MuddyWater,Hurricane,Tailwind,Protect|||M|||50|,,,,,Ghost]Ursaluna||FlameOrb|Guts|Facade,HeadlongRush,Earthquake,Protect|||M|||50|,,,,,Ghost]Sinistcha||SitrusBerry|Hospitality|MatchaGotcha,LifeDew,RagePowder,TrickRoom||||||50|,,,,,Dark]Gholdengo||ChoiceScarf|GoodasGold|MakeItRain,ShadowBall,PowerGem,Trick||||||50|,,,,,Flying
|inactive|Battle timer is ON: inactive players will automatically lose when time's up. (requested by boredatwork785)
|inactive|Yenabi has 60 seconds left.
|
|t:|1756845752
|teamsize|p1|4
|teamsize|p2|4
|start
|switch|p1a: Gliscor|Gliscor, L50, F|100/100
|switch|p1b: Archaludon|Archaludon, L50, M|100/100
|switch|p2a: Sinistcha|Sinistcha, L50|100/100
|switch|p2b: Ursaluna|Ursaluna, L50, M|100/100
|turn|1
|
|t:|1756845763
|-terastallize|p1a: Gliscor|Flying
|-terastallize|p2a: Sinistcha|Dark
|move|p2b: Ursaluna|Protect|p2b: Ursaluna
|-singleturn|p2b: Ursaluna|Protect
|move|p1a: Gliscor|Acrobatics|p2a: Sinistcha
|-damage|p2a: Sinistcha|70/100
|move|p1b: Archaludon|Dragon Pulse|p2a: Sinistcha
|-damage|p2a: Sinistcha|31/100
|-enditem|p2a: Sinistcha|Sitrus Berry|[eat]
|-heal|p2a: Sinistcha|56/100|[from] item: Sitrus Berry
|move|p2a: Sinistcha|Trick Room|p2a: Sinistcha
|-fieldstart|move: Trick Room|[of] p2a: Sinistcha
|
|-status|p2b: Ursaluna|brn|[from] item: Flame Orb
|upkeep
|turn|2
|inactive|Yenabi has 30 seconds left.
|
|t:|1756845793
|switch|p1b: Rillaboom|Rillaboom, L50, F|100/100
|-fieldstart|move: Grassy Terrain|[from] ability: Grassy Surge|[of] p1b: Rillaboom
|-enditem|p1a: Gliscor|Grassy Seed
|-boost|p1a: Gliscor|def|1|[from] item: Grassy Seed
|move|p2a: Sinistcha|Matcha Gotcha|p1b: Rillaboom|[spread] p1a,p1b
|-resisted|p1a: Gliscor
|-resisted|p1b: Rillaboom
|-damage|p1a: Gliscor|80/100
|-heal|p2a: Sinistcha|65/100|[from] drain|[of] p1a: Gliscor
|-damage|p1b: Rillaboom|90/100
|-heal|p2a: Sinistcha|71/100|[from] drain|[of] p1b: Rillaboom
|move|p2b: Ursaluna|Facade|p1b: Rillaboom
|-damage|p1b: Rillaboom|0 fnt
|faint|p1b: Rillaboom
|move|p1a: Gliscor|Acrobatics|p2a: Sinistcha
|-damage|p2a: Sinistcha|15/100
|
|-heal|p2a: Sinistcha|21/100|[from] Grassy Terrain
|-damage|p2b: Ursaluna|94/100 brn|[from] brn
|upkeep
|
|t:|1756845813
|switch|p1b: Archaludon|Archaludon, L50, M|100/100
|turn|3
|
|t:|1756845830
|move|p1b: Archaludon|Protect|p1b: Archaludon
|-singleturn|p1b: Archaludon|Protect
|move|p2a: Sinistcha|Life Dew|p2a: Sinistcha|[spread] p2a,p2b
|-heal|p2a: Sinistcha|47/100
|-heal|p2b: Ursaluna|100/100 brn
|move|p2b: Ursaluna|Facade|p1a: Gliscor
|-damage|p1a: Gliscor|9/100
|move|p1a: Gliscor|Acrobatics|p2a: Sinistcha
|-damage|p2a: Sinistcha|0 fnt
|faint|p2a: Sinistcha
|
|-damage|p2b: Ursaluna|94/100 brn|[from] brn
|upkeep
|
|t:|1756845842
|switch|p2a: Archaludon|Archaludon, L50, M|100/100
|turn|4
|
|t:|1756845853
|move|p2b: Ursaluna|Headlong Rush|p1b: Archaludon
|-supereffective|p1b: Archaludon
|-ability|p1b: Archaludon|Sturdy
|-damage|p1b: Archaludon|1/100
|-unboost|p2b: Ursaluna|def|1
|-unboost|p2b: Ursaluna|spd|1
|move|p2a: Archaludon|Snarl|p1a: Gliscor|[spread] p1a,p1b
|-damage|p1a: Gliscor|0 fnt
|-damage|p1b: Archaludon|0 fnt
|faint|p1a: Gliscor
|faint|p1b: Archaludon
|
|-heal|p2b: Ursaluna|100/100 brn|[from] Grassy Terrain
|-damage|p2b: Ursaluna|94/100 brn|[from] brn
|upkeep
|
|t:|1756845856
|switch|p1b: Kingambit|Kingambit, L50, F|100/100
|turn|5
|inactive|Yenabi has 30 seconds left.
|inactive|Yenabi has 20 seconds left.
|
|t:|1756845892
|move|p1b: Kingambit|Kowtow Cleave|p2b: Ursaluna
|-damage|p2b: Ursaluna|19/100 brn
|move|p2b: Ursaluna|Headlong Rush|p1b: Kingambit
|-supereffective|p1b: Kingambit
|-damage|p1b: Kingambit|0 fnt
|-unboost|p2b: Ursaluna|def|1
|-unboost|p2b: Ursaluna|spd|1
|faint|p1b: Kingambit
|
|win|Yenabi
