|j|☆Oldcoldrainynights
|j|☆gilded9
|html|Oldcoldrainynightsgilded9    
|uhtml|bestof|Game 1 of a best-of-3
|t:|1783990162
|gametype|doubles
|player|p1|Oldcoldrainynights|nate|1039
|player|p2|gilded9|flannery|1040
|gen|9
|tier|[Gen 9 Champions] VGC 2026 Reg M-B (Bo3)
|rated|
|rule|Species Clause: Limit one of each Pokémon
|rule|Item Clause: Limit 1 of each item
|clearpoke
|poke|p1|Ninetales-Alola, L50, M|
|poke|p1|Archaludon, L50, M|
|poke|p1|Pelipper, L50, F|
|poke|p1|Swampert, L50, F|
|poke|p1|Gholdengo, L50|
|poke|p1|Blaziken, L50, M|
|poke|p2|Rotom-Wash, L50|
|poke|p2|Charizard, L50, M|
|poke|p2|Incineroar, L50, F|
|poke|p2|Whimsicott, L50, F|
|poke|p2|Lucario, L50, M|
|poke|p2|Tsareena, L50, F|
|teampreview|4
|showteam|p1|Ninetales-Alola||FocusSash|SnowWarning|Blizzard,AuroraVeil,RainDance,Protect|Timid||M|||50|]Archaludon||Leftovers|Stamina|ElectroShot,FlashCannon,DragonPulse,Protect|Modest||M|||50|]Pelipper||SitrusBerry|Drizzle|WeatherBall,Hurricane,Tailwind,WideGuard|Modest||F|||50|]Swampert||Swampertite|Torrent|WaveCrash,HighHorsepower,IcePunch,Protect|Adamant||F|||50|]Gholdengo||LifeOrb|GoodasGold|MakeItRain,ShadowBall,NastyPlot,Protect|Modest|||||50|]Blaziken||Blazikenite|SpeedBoost|CloseCombat,FlareBlitz,RockSlide,Detect|Adamant||M|||50|
|showteam|p2|Rotom-Wash||LifeOrb|Levitate|Thunderbolt,VoltSwitch,HydroPump,Protect|Serious|||||50|]Charizard||CharizarditeX|Blaze|DragonClaw,FlareBlitz,DragonDance,Protect|Serious||M|||50|]Incineroar||SitrusBerry|Intimidate|FakeOut,PartingShot,FlareBlitz,DarkestLariat|Adamant||F|||50|]Whimsicott||FocusSash|Prankster|Tailwind,Encore,Moonblast,BeatUp|Modest||F|||50|]Lucario||Lucarionite|Justified|CloseCombat,MeteorMash,BulletPunch,DrainPunch|Adamant||M|||50|]Tsareena||Leftovers|QueenlyMajesty|TropKick,TripleAxel,Acupressure,Protect|Adamant||F|||50|
|inactive|Battle timer is ON: inactive players will automatically lose when time's up. (requested by Oldcoldrainynights)
|inactive|Oldcoldrainynights has 60 seconds left.
|inactive|gilded9 has 60 seconds left.
|
|t:|1783990212
|teamsize|p1|4
|teamsize|p2|4
|start
|switch|p1a: Archaludon|Archaludon, L50, M|100/100
|switch|p1b: Blaziken|Blaziken, L50, M|100/100
|switch|p2a: Whimsicott|Whimsicott, L50, F|100/100
|switch|p2b: Rotom|Rotom-Wash, L50|100/100
|turn|1
|
|t:|1783990238
|move|p1b: Blaziken|Detect|p1b: Blaziken
|-singleturn|p1b: Blaziken|Protect
|move|p2a: Whimsicott|Tailwind|p2a: Whimsicott
|-sidestart|p2: gilded9|move: Tailwind
|move|p2b: Rotom|Hydro Pump|p1b: Blaziken
|-activate|p1b: Blaziken|move: Protect
|move|p1a: Archaludon|Flash Cannon|p2a: Whimsicott
|-supereffective|p2a: Whimsicott|1
|-enditem|p2a: Whimsicott|Focus Sash
|-damage|p2a: Whimsicott|1/100
|-unboost|p2a: Whimsicott|spd|1
|
|-ability|p1b: Blaziken|Speed Boost|boost
|-boost|p1b: Blaziken|spe|1
|upkeep
|turn|2
|
|t:|1783990255
|switch|p2a: Incineroar|Incineroar, L50, F|100/100
|-ability|p2a: Incineroar|Intimidate|boost
|-unboost|p1a: Archaludon|atk|1
|-unboost|p1b: Blaziken|atk|1
|switch|p1b: Gholdengo|Gholdengo, L50|100/100
|move|p2b: Rotom|Hydro Pump|p1b: Gholdengo
|-damage|p1b: Gholdengo|32/100
|-damage|p2b: Rotom|90/100|[from] item: Life Orb
|move|p1a: Archaludon|Flash Cannon|p2a: Incineroar
|-resisted|p2a: Incineroar|1
|-damage|p2a: Incineroar|80/100
|
|upkeep
|turn|3
|inactive|gilded9 has 30 seconds left.
|
|t:|1783990281
|move|p1b: Gholdengo|Protect|p1b: Gholdengo
|-singleturn|p1b: Gholdengo|Protect
|move|p1a: Archaludon|Protect|p1a: Archaludon
|-singleturn|p1a: Archaludon|Protect
|move|p2a: Incineroar|Fake Out|p1a: Archaludon
|-activate|p1a: Archaludon|move: Protect
|move|p2b: Rotom|Thunderbolt|p1b: Gholdengo
|-activate|p1b: Gholdengo|move: Protect
|
|upkeep
|turn|4
|
|t:|1783990305
|switch|p2b: Lucario|Lucario, L50, M|100/100
|move|p2a: Incineroar|Darkest Lariat|p1b: Gholdengo
|-supereffective|p1b: Gholdengo|1
|-damage|p1b: Gholdengo|0 fnt
|faint|p1b: Gholdengo
|move|p1a: Archaludon|Electro Shot||[still]
|-prepare|p1a: Archaludon|Electro Shot
|-boost|p1a: Archaludon|spa|1
|
|-sideend|p2: gilded9|move: Tailwind
|upkeep
|
|t:|1783990311
|switch|p1b: Blaziken|Blaziken, L50, M|100/100
|turn|5
|
|t:|1783990333
|detailschange|p1b: Blaziken|Blaziken-Mega, L50, M
|-mega|p1b: Blaziken|Blaziken|Blazikenite
|move|p1b: Blaziken|Close Combat|p2a: Incineroar
|-supereffective|p2a: Incineroar|1
|-crit|p2a: Incineroar
|-damage|p2a: Incineroar|0 fnt
|-unboost|p1b: Blaziken|def|1
|-unboost|p1b: Blaziken|spd|1
|faint|p2a: Incineroar
|move|p2b: Lucario|Close Combat|p1a: Archaludon
|-supereffective|p1a: Archaludon|1
|-damage|p1a: Archaludon|31/100
|-unboost|p2b: Lucario|def|1
|-unboost|p2b: Lucario|spd|1
|-ability|p1a: Archaludon|Stamina|boost
|-boost|p1a: Archaludon|def|1
|move|p1a: Archaludon|Electro Shot|p2b: Lucario|[from] lockedmove
|-damage|p2b: Lucario|0 fnt
|faint|p2b: Lucario
|
|-heal|p1a: Archaludon|38/100|[from] item: Leftovers
|-ability|p1b: Blaziken|Speed Boost|boost
|-boost|p1b: Blaziken|spe|1
|upkeep
|
|t:|1783990341
|switch|p2b: Rotom|Rotom-Wash, L50|90/100
|switch|p2a: Whimsicott|Whimsicott, L50, F|1/100
|turn|6
|l|☆gilded9
|inactive|gilded9 disconnected and has a minute to reconnect!
|player|p2|
|inactive|Oldcoldrainynights has 30 seconds left.
|inactive|gilded9 has 30 seconds left.
|inactive|gilded9 has 20 seconds left.
|inactive|gilded9 has 15 seconds left.
|inactive|gilded9 has 10 seconds left.
|inactive|gilded9 has 5 seconds left.
|-message|gilded9 lost due to inactivity.
|
|win|Oldcoldrainynights
