|j|☆BackPAC
|j|☆Nussloni
|html|BackPACNussloni    
|uhtml|bestof|Game 1 of a best-of-3
|t:|1756538002
|gametype|doubles
|player|p1|BackPAC|burglar|1129
|player|p2|Nussloni|169|1123
|gen|9
|tier|[Gen 9] VGC 2025 Reg H (Bo3)
|rated|
|rule|Species Clause: Limit one of each Pokémon
|rule|Item Clause: Limit 1 of each item
|clearpoke
|poke|p1|Maushold-Four, L50|
|poke|p1|Annihilape, L50, F|
|poke|p1|Incineroar, L50, M|
|poke|p1|Rillaboom, L50, M|
|poke|p1|Ninetales-Alola, L50, M|
|poke|p1|Kingambit, L50, M|
|poke|p2|Sneasler, L50, F|
|poke|p2|Indeedee, L50, M|
|poke|p2|Ursaluna-Bloodmoon, L50, M|
|poke|p2|Gholdengo, L50|
|poke|p2|Incineroar, L50, M|
|poke|p2|Dragonite, L50, F|
|teampreview|4
|showteam|p1|Maushold-Four||WideLens|Technician|Protect,Encore,FollowMe,PopulationBomb||||||50|,,,,,Ghost]Annihilape||SafetyGoggles|Defiant|FinalGambit,Taunt,RageFist,CloseCombat|||F|||50|,,,,,Fairy]Incineroar||RockyHelmet|Intimidate|PartingShot,FakeOut,KnockOff,FlareBlitz|||M|||50|,,,,,Ghost]Rillaboom||AssaultVest|GrassySurge|FakeOut,GrassyGlide,HighHorsepower,WoodHammer|||M|||50|,,,,,Fire]Ninetales-Alola||LifeOrb|SnowWarning|Protect,AuroraVeil,Moonblast,Blizzard|||M|||50|,,,,,Water]Kingambit||DreadPlate|Defiant|Protect,SwordsDance,KowtowCleave,SuckerPunch|||M|||50|,,,,,Dark
|showteam|p2|Sneasler||PsychicSeed|Unburden|DireClaw,CloseCombat,LashOut,Protect|||F|||50|,,,,,Dark]Indeedee||FocusSash|PsychicSurge|ExpandingForce,TrickRoom,Encore,Protect|||M|||50|,,,,,Psychic]Ursaluna-Bloodmoon||LifeOrb|MindsEye|BloodMoon,EarthPower,HyperVoice,Protect|||M|||50|,,,,,Normal]Gholdengo||MetalCoat|GoodasGold|NastyPlot,MakeItRain,ShadowBall,Protect||||||50|,,,,,Fairy]Incineroar||SafetyGoggles|Intimidate|FlareBlitz,KnockOff,PartingShot,FakeOut|||M|||50|,,,,,Ghost]Dragonite||CovertCloak|Multiscale|Tailwind,Encore,ScaleShot,Protect|||F|||50|,,,,,Fairy
|
|t:|1756538061
|teamsize|p1|4
|teamsize|p2|4
|start
|switch|p1a: Maushold|Maushold-Four, L50|100/100
|switch|p1b: Incineroar|Incineroar, L50, M|100/100
|switch|p2a: Sneasler|Sneasler, L50, F|100/100
|switch|p2b: Gholdengo|Gholdengo, L50|100/100
|-ability|p1b: Incineroar|Intimidate|boost
|-unboost|p2a: Sneasler|atk|1
|-unboost|p2b: Gholdengo|atk|1
|turn|1
|
|t:|1756538103
|-terastallize|p1a: Maushold|Ghost
|move|p2a: Sneasler|Protect|p2a: Sneasler
|-singleturn|p2a: Sneasler|Protect
|move|p2b: Gholdengo|Protect|p2b: Gholdengo
|-singleturn|p2b: Gholdengo|Protect
|move|p1a: Maushold|Population Bomb|p2a: Sneasler
|-activate|p2a: Sneasler|move: Protect
|move|p1b: Incineroar|Knock Off|p2b: Gholdengo
|-activate|p2b: Gholdengo|move: Protect
|
|upkeep
|turn|2
|
|t:|1756538147
|switch|p2a: Incineroar|Incineroar, L50, M|100/100
|-ability|p2a: Incineroar|Intimidate|boost
|-unboost|p1a: Maushold|atk|1
|-unboost|p1b: Incineroar|atk|1
|-terastallize|p2b: Gholdengo|Fairy
|move|p1a: Maushold|Protect|p1a: Maushold
|-singleturn|p1a: Maushold|Protect
|move|p2b: Gholdengo|Nasty Plot|p2b: Gholdengo
|-boost|p2b: Gholdengo|spa|2
|move|p1b: Incineroar|Parting Shot|p2a: Incineroar
|-unboost|p2a: Incineroar|atk|1
|-unboost|p2a: Incineroar|spa|1
|
|t:|1756538158
|switch|p1b: Rillaboom|Rillaboom, L50, M|100/100|[from] Parting Shot
|-fieldstart|move: Grassy Terrain|[from] ability: Grassy Surge|[of] p1b: Rillaboom
|
|upkeep
|turn|3
|
|t:|1756538187
|switch|p1a: Incineroar|Incineroar, L50, M|100/100
|-ability|p1a: Incineroar|Intimidate|boost
|-unboost|p2a: Incineroar|atk|1
|-unboost|p2b: Gholdengo|atk|1
|switch|p2a: Indeedee|Indeedee, L50, M|100/100
|-fieldstart|move: Psychic Terrain|[from] ability: Psychic Surge|[of] p2a: Indeedee
|move|p1b: Rillaboom|Fake Out|p2b: Gholdengo
|-activate|p2b: Gholdengo|move: Psychic Terrain
|move|p2b: Gholdengo|Make It Rain|p1b: Rillaboom|[spread] p1a,p1b
|-resisted|p1a: Incineroar
|-damage|p1a: Incineroar|52/100
|-damage|p1b: Rillaboom|26/100
|-unboost|p2b: Gholdengo|spa|1
|
|upkeep
|turn|4
|
|t:|1756538211
|switch|p2a: Incineroar|Incineroar, L50, M|100/100
|-ability|p2a: Incineroar|Intimidate|boost
|-unboost|p1a: Incineroar|atk|1
|-unboost|p1b: Rillaboom|atk|1
|switch|p1b: Kingambit|Kingambit, L50, M|100/100
|move|p2b: Gholdengo|Protect|p2b: Gholdengo
|-singleturn|p2b: Gholdengo|Protect
|move|p1a: Incineroar|Knock Off|p2a: Incineroar
|-resisted|p2a: Incineroar
|-damage|p2a: Incineroar|87/100
|-enditem|p2a: Incineroar|Safety Goggles|[from] move: Knock Off|[of] p1a: Incineroar
|
|upkeep
|turn|5
|
|t:|1756538254
|move|p2b: Gholdengo|Nasty Plot|p2b: Gholdengo
|-boost|p2b: Gholdengo|spa|2
|move|p1a: Incineroar|Knock Off|p2b: Gholdengo
|-resisted|p2b: Gholdengo
|-damage|p2b: Gholdengo|85/100
|-enditem|p2b: Gholdengo|Metal Coat|[from] move: Knock Off|[of] p1a: Incineroar
|move|p2a: Incineroar|Parting Shot|p1a: Incineroar
|-unboost|p1a: Incineroar|atk|1
|-unboost|p1a: Incineroar|spa|1
|
|t:|1756538284
|switch|p2a: Sneasler|Sneasler, L50, F|100/100|[from] Parting Shot
|-enditem|p2a: Sneasler|Psychic Seed
|-boost|p2a: Sneasler|spd|1|[from] item: Psychic Seed
|move|p1b: Kingambit|Swords Dance|p1b: Kingambit
|-boost|p1b: Kingambit|atk|2
|
|upkeep
|turn|6
|
|t:|1756538310
|switch|p1a: Rillaboom|Rillaboom, L50, M|26/100
|-fieldstart|move: Grassy Terrain|[from] ability: Grassy Surge|[of] p1a: Rillaboom
|move|p1b: Kingambit|Sucker Punch|p2a: Sneasler
|-resisted|p2a: Sneasler
|-damage|p2a: Sneasler|19/100
|move|p2a: Sneasler|Dire Claw|p1a: Rillaboom
|-supereffective|p1a: Rillaboom
|-damage|p1a: Rillaboom|0 fnt
|faint|p1a: Rillaboom
|move|p2b: Gholdengo|Make It Rain|p1b: Kingambit
|-resisted|p1b: Kingambit
|-damage|p1b: Kingambit|40/100
|-unboost|p2b: Gholdengo|spa|1
|
|-heal|p2a: Sneasler|24/100|[from] Grassy Terrain
|-heal|p2b: Gholdengo|92/100|[from] Grassy Terrain
|-heal|p1b: Kingambit|46/100|[from] Grassy Terrain
|upkeep
|
|t:|1756538324
|switch|p1a: Maushold|Maushold-Four, L50, tera:Ghost|100/100
|turn|7
|inactive|Battle timer is ON: inactive players will automatically lose when time's up. (requested by BackPAC)
|
|t:|1756538417
|switch|p2b: Indeedee|Indeedee, L50, M|100/100
|-fieldstart|move: Psychic Terrain|[from] ability: Psychic Surge|[of] p2b: Indeedee
|move|p1b: Kingambit|Sucker Punch||[still]
|-fail|p1b: Kingambit
|move|p2a: Sneasler|Lash Out|p1a: Maushold
|-supereffective|p1a: Maushold
|-damage|p1a: Maushold|15/100
|move|p1a: Maushold|Population Bomb|p2b: Indeedee
|-damage|p2b: Indeedee|76/100
|-damage|p2b: Indeedee|51/100
|-damage|p2b: Indeedee|26/100
|-damage|p2b: Indeedee|1/100
|-damage|p2b: Indeedee|0 fnt
|faint|p2b: Indeedee
|-hitcount|p2: Indeedee|5
|
|upkeep
|inactive|Nussloni has 30 seconds left.
|
|t:|1756538448
|switch|p2b: Incineroar|Incineroar, L50, M|87/100
|-ability|p2b: Incineroar|Intimidate|boost
|-unboost|p1a: Maushold|atk|1
|-unboost|p1b: Kingambit|atk|1
|-ability|p1b: Kingambit|Defiant|boost
|-boost|p1b: Kingambit|atk|2
|turn|8
|
|t:|1756538472
|switch|p1a: Incineroar|Incineroar, L50, M|52/100
|-ability|p1a: Incineroar|Intimidate|boost
|-unboost|p2a: Sneasler|atk|1
|-unboost|p2b: Incineroar|atk|1
|move|p2a: Sneasler|Lash Out|p1a: Incineroar
|-resisted|p1a: Incineroar
|-damage|p1a: Incineroar|35/100
|-damage|p2a: Sneasler|8/100|[from] item: Rocky Helmet|[of] p1a: Incineroar
|move|p2b: Incineroar|Flare Blitz|p1b: Kingambit
|-supereffective|p1b: Kingambit
|-damage|p1b: Kingambit|0 fnt
|faint|p1b: Kingambit
|-damage|p2b: Incineroar|72/100|[from] Recoil
|
|upkeep
|
|t:|1756538482
|switch|p1b: Maushold|Maushold-Four, L50, tera:Ghost|15/100
|turn|9
|
|t:|1756538497
|move|p1b: Maushold|Protect|p1b: Maushold
|-singleturn|p1b: Maushold|Protect
|move|p2a: Sneasler|Close Combat|p1a: Incineroar
|-supereffective|p1a: Incineroar
|-damage|p1a: Incineroar|0 fnt
|-unboost|p2a: Sneasler|def|1
|-unboost|p2a: Sneasler|spd|1
|-damage|p2a: Sneasler|0 fnt|[from] item: Rocky Helmet|[of] p1a: Incineroar
|faint|p1a: Incineroar
|faint|p2a: Sneasler
|move|p2b: Incineroar|Knock Off|p1b: Maushold
|-activate|p1b: Maushold|move: Protect
|
|upkeep
|
|t:|1756538508
|switch|p2a: Gholdengo|Gholdengo, L50, tera:Fairy|92/100
|turn|10
|
|t:|1756538515
|move|p1b: Maushold|Population Bomb|p2a: Gholdengo
|-damage|p2a: Gholdengo|79/100
|-crit|p2a: Gholdengo
|-damage|p2a: Gholdengo|59/100
|-damage|p2a: Gholdengo|47/100
|-damage|p2a: Gholdengo|35/100
|-damage|p2a: Gholdengo|23/100
|-damage|p2a: Gholdengo|11/100
|-crit|p2a: Gholdengo
|-damage|p2a: Gholdengo|0 fnt
|faint|p2a: Gholdengo
|-hitcount|p2: Gholdengo|7
|move|p2b: Incineroar|Knock Off|p1b: Maushold
|-supereffective|p1b: Maushold
|-crit|p1b: Maushold
|-damage|p1b: Maushold|0 fnt
|-enditem|p1b: Maushold|Wide Lens|[from] move: Knock Off|[of] p2b: Incineroar
|faint|p1b: Maushold
|
|win|Nussloni
||BackPAC is ready for game 2.
|inactive|Nussloni has 30 seconds to confirm battle start!
||Nussloni is ready for game 2.
|uhtml|next|Next: Game 2 of 3
|l|☆BackPAC
|player|p1|
