|j|☆jomivgc
|j|☆Dreamliner
|html|jomivgcDreamliner    
|uhtml|bestof|Game 1 of a best-of-3
|t:|1784037421
|gametype|doubles
|player|p1|jomivgc|falkner-gen2|1104
|player|p2|Dreamliner|101|1000
|gen|9
|tier|[Gen 9 Champions] VGC 2026 Reg M-B (Bo3)
|rated|
|rule|Species Clause: Limit one of each Pokémon
|rule|Item Clause: Limit 1 of each item
|clearpoke
|poke|p1|Charizard, L50, M|
|poke|p1|Pelipper, L50, M|
|poke|p1|Archaludon, L50, F|
|poke|p1|Grimmsnarl, L50, M|
|poke|p1|Basculegion, L50, M|
|poke|p1|Venusaur, L50, M|
|poke|p2|Pelipper, L50, F|
|poke|p2|Archaludon, L50, M|
|poke|p2|Basculegion, L50, M|
|poke|p2|Swampert, L50, M|
|poke|p2|Politoed, L50, M|
|poke|p2|Greninja, L50, F|
|teampreview|4
|showteam|p1|Charizard||CharizarditeY|Blaze|Protect,HeatWave,SolarBeam,WeatherBall|Modest||M|||50|]Pelipper||SitrusBerry|Drizzle|Hurricane,WeatherBall,Tailwind,WideGuard|Modest||M|||50|]Archaludon||Leftovers|Stamina|ElectroShot,FlashCannon,Protect,DragonPulse|Modest||F|||50|]Grimmsnarl||LightClay|Prankster|LightScreen,PartingShot,Reflect,SpiritBreak|Careful||M|||50|]Basculegion||ChoiceScarf|Adaptability|LastRespects,AquaJet,WaveCrash,FlipTurn|Adamant||M|||50|]Venusaur||FocusSash|Chlorophyll|SludgeBomb,Protect,EarthPower,SleepPowder|Modest||M|||50|
|showteam|p2|Pelipper||DampRock|Drizzle|WeatherBall,Hurricane,Tailwind,HelpingHand|Modest||F|||50|]Archaludon||Leftovers|Stamina|ElectroShot,DragonPulse,Snarl,Protect|Modest||M|||50|]Basculegion||LifeOrb|SwiftSwim|LastRespects,WaveCrash,AquaJet,Protect|Adamant||M|||50|]Swampert||Swampertite|Damp|Earthquake,WaveCrash,HighHorsepower,WideGuard|Adamant||M|||50|]Politoed||ChoiceScarf|Drizzle|WeatherBall,IcyWind,EarthPower,RainDance|Timid||M|||50|]Greninja||FocusSash|Torrent|WeatherBall,WaterShuriken,DarkPulse,Protect|Timid||F|||50|
|inactive|Battle timer is ON: inactive players will automatically lose when time's up. (requested by jomivgc)
|inactive|Dreamliner has 60 seconds left.
|
|t:|1784037457
|teamsize|p1|4
|teamsize|p2|4
|start
|switch|p1a: Grimmsnarl|Grimmsnarl, L50, M|100/100
|switch|p1b: Basculegion|Basculegion, L50, M|100/100
|switch|p2a: Pelipper|Pelipper, L50, F|100/100
|switch|p2b: Swampert|Swampert, L50, M|100/100
|-weather|RainDance|[from] ability: Drizzle|[of] p2a: Pelipper
|turn|1
|
|t:|1784037475
|detailschange|p2b: Swampert|Swampert-Mega, L50, M
|-mega|p2b: Swampert|Swampert|Swampertite
|move|p1a: Grimmsnarl|Reflect|p1a: Grimmsnarl
|-sidestart|p1: jomivgc|Reflect
|move|p2b: Swampert|Wave Crash|p1a: Grimmsnarl
|-damage|p1a: Grimmsnarl|30/100
|-damage|p2b: Swampert|76/100|[from] Recoil
|move|p1b: Basculegion|Flip Turn|p2b: Swampert
|-damage|p2b: Swampert|26/100
|
|t:|1784037490
|switch|p1b: Charizard|Charizard, L50, M|100/100|[from] Flip Turn
|move|p2a: Pelipper|Tailwind|p2a: Pelipper
|-sidestart|p2: Dreamliner|move: Tailwind
|
|-weather|RainDance|[upkeep]
|upkeep
|turn|2
|inactive|Dreamliner has 30 seconds left.
|inactive|Dreamliner has 20 seconds left.
|
|t:|1784037528
|switch|p2a: Greninja|Greninja, L50, F|100/100
|move|p1b: Charizard|Protect|p1b: Charizard
|-singleturn|p1b: Charizard|Protect
|move|p2b: Swampert|Wide Guard|p2b: Swampert
|-singleturn|p2b: Swampert|Wide Guard
|move|p1a: Grimmsnarl|Parting Shot|p2b: Swampert
|-unboost|p2b: Swampert|atk|1
|-unboost|p2b: Swampert|spa|1
|
|t:|1784037539
|switch|p1a: Venusaur|Venusaur, L50, M|100/100|[from] Parting Shot
|
|-weather|RainDance|[upkeep]
|upkeep
|turn|3
|inactive|jomivgc has 30 seconds left.
|inactive|jomivgc has 20 seconds left.
|
|t:|1784037578
|switch|p2b: Archaludon|Archaludon, L50, M|100/100
|detailschange|p1b: Charizard|Charizard-Mega-Y, L50, M
|-mega|p1b: Charizard|Charizard|Charizardite Y
|-weather|SunnyDay|[from] ability: Drought|[of] p1b: Charizard
|move|p2a: Greninja|Protect|p2a: Greninja
|-singleturn|p2a: Greninja|Protect
|move|p1a: Venusaur|Sludge Bomb|p2a: Greninja
|-activate|p2a: Greninja|move: Protect
|move|p1b: Charizard|Solar Beam||[still]
|-prepare|p1b: Charizard|Solar Beam
|-anim|p1b: Charizard|Solar Beam|p2b: Archaludon
|-resisted|p2b: Archaludon|2
|-damage|p2b: Archaludon|85/100
|-ability|p2b: Archaludon|Stamina|boost
|-boost|p2b: Archaludon|def|1
|
|-weather|SunnyDay|[upkeep]
|-heal|p2b: Archaludon|92/100|[from] item: Leftovers
|upkeep
|turn|4
|inactive|Dreamliner has 30 seconds left.
|
|t:|1784037611
|switch|p2a: Pelipper|Pelipper, L50, F|100/100
|-weather|RainDance|[from] ability: Drizzle|[of] p2a: Pelipper
|switch|p1b: Grimmsnarl|Grimmsnarl, L50, M|30/100
|move|p2b: Archaludon|Electro Shot||[still]
|-prepare|p2b: Archaludon|Electro Shot
|-boost|p2b: Archaludon|spa|1
|-anim|p2b: Archaludon|Electro Shot|p1a: Venusaur
|-resisted|p1a: Venusaur|1
|-damage|p1a: Venusaur|63/100
|move|p1a: Venusaur|Sleep Powder|p2b: Archaludon
|-status|p2b: Archaludon|slp|[from] move: Sleep Powder
|
|-weather|RainDance|[upkeep]
|-heal|p2b: Archaludon|98/100 slp|[from] item: Leftovers
|-sideend|p2: Dreamliner|move: Tailwind
|upkeep
|turn|5
|
|t:|1784037631
|move|p1b: Grimmsnarl|Light Screen|p1b: Grimmsnarl
|-sidestart|p1: jomivgc|move: Light Screen
|move|p1a: Venusaur|Earth Power|p2b: Archaludon
|-supereffective|p2b: Archaludon|1
|-damage|p2b: Archaludon|35/100 slp
|-ability|p2b: Archaludon|Stamina|boost
|-boost|p2b: Archaludon|def|1
|cant|p2b: Archaludon|slp
|move|p2a: Pelipper|Hurricane|p1a: Venusaur
|-supereffective|p1a: Venusaur|1
|-damage|p1a: Venusaur|0 fnt
|faint|p1a: Venusaur
|
|-weather|RainDance|[upkeep]
|-heal|p2b: Archaludon|42/100 slp|[from] item: Leftovers
|upkeep
|
|t:|1784037640
|switch|p1a: Charizard|Charizard-Mega-Y, L50, M|100/100
|-weather|SunnyDay|[from] ability: Drought|[of] p1a: Charizard
|turn|6
|
|t:|1784037658
|switch|p2a: Greninja|Greninja, L50, F|100/100
|move|p1b: Grimmsnarl|Parting Shot|p2a: Greninja
|-hint|Since gen 7, Dark is immune to Prankster moves.
|-immune|p2a: Greninja
|move|p1a: Charizard|Weather Ball|p2b: Archaludon
|-damage|p2b: Archaludon|0 fnt
|faint|p2b: Archaludon
|
|-weather|SunnyDay|[upkeep]
|upkeep
|
|t:|1784037661
|switch|p2b: Pelipper|Pelipper, L50, F|100/100
|-weather|RainDance|[from] ability: Drizzle|[of] p2b: Pelipper
|turn|7
|
|t:|1784037676
|switch|p1a: Basculegion|Basculegion, L50, M|100/100
|move|p2a: Greninja|Weather Ball|p1b: Grimmsnarl
|-damage|p1b: Grimmsnarl|0 fnt
|faint|p1b: Grimmsnarl
|move|p2b: Pelipper|Hurricane|p1a: Basculegion
|-damage|p1a: Basculegion|68/100
|
|-weather|RainDance|[upkeep]
|upkeep
|l|☆jomivgc
|inactive|jomivgc disconnected and has a minute to reconnect!
|player|p1|
|j|☆jomivgc
|inactive|jomivgc reconnected and has 35 seconds left.
|player|p1|jomivgc|falkner-gen2|
|inactive|jomivgc has 30 seconds left.
|
|t:|1784037705
|switch|p1b: Charizard|Charizard-Mega-Y, L50, M|100/100
|-weather|SunnyDay|[from] ability: Drought|[of] p1b: Charizard
|turn|8
|
|t:|1784037718
|switch|p2b: Swampert|Swampert-Mega, L50, M|26/100
|move|p2a: Greninja|Protect|p2a: Greninja
|-singleturn|p2a: Greninja|Protect
|move|p1a: Basculegion|Last Respects|p2b: Swampert
|-damage|p2b: Swampert|0 fnt
|faint|p2b: Swampert
|move|p1b: Charizard|Solar Beam||[still]
|-prepare|p1b: Charizard|Solar Beam
|-anim|p1b: Charizard|Solar Beam|p2a: Greninja
|-activate|p2a: Greninja|move: Protect
|
|-weather|SunnyDay|[upkeep]
|-sideend|p1: jomivgc|Reflect
|upkeep
|
|t:|1784037721
|switch|p2b: Pelipper|Pelipper, L50, F|100/100
|-weather|RainDance|[from] ability: Drizzle|[of] p2b: Pelipper
|turn|9
|
|t:|1784037743
|move|p2b: Pelipper|Helping Hand|p2a: Greninja
|-singleturn|p2a: Greninja|Helping Hand|[of] p2b: Pelipper
|move|p1b: Charizard|Protect|p1b: Charizard
|-singleturn|p1b: Charizard|Protect
|move|p1a: Basculegion|Last Respects|p2b: Pelipper
|-damage|p2b: Pelipper|0 fnt
|faint|p2b: Pelipper
|move|p2a: Greninja|Weather Ball|p1b: Charizard
|-activate|p1b: Charizard|move: Protect
|
|-weather|RainDance|[upkeep]
|upkeep
|turn|10
|
|t:|1784037761
|move|p1a: Basculegion|Last Respects|p2a: Greninja
|-resisted|p2a: Greninja|1
|-damage|p2a: Greninja|18/100
|move|p2a: Greninja|Weather Ball|p1b: Charizard
|-supereffective|p1b: Charizard|1
|-damage|p1b: Charizard|0 fnt
|faint|p1b: Charizard
|
|-weather|RainDance|[upkeep]
|upkeep
|turn|11
|
|t:|1784037767
|move|p1a: Basculegion|Last Respects|p2a: Greninja
|-resisted|p2a: Greninja|1
|-damage|p2a: Greninja|0 fnt
|faint|p2a: Greninja
|
|win|jomivgc
||Dreamliner is ready for game 2.
