|j|☆incartamene2etti
|j|☆leoscerni
|html|incartamene2ettileoscerni    
|uhtml|bestof|Game 2 of a best-of-3
|t:|1754684133
|gametype|doubles
|player|p1|incartamene2etti|plasmagrunt|1207
|player|p2|leoscerni|170|1300
|gen|9
|tier|[Gen 9] VGC 2025 Reg H (Bo3)
|rated|
|rule|Species Clause: Limit one of each Pokémon
|rule|Item Clause: Limit 1 of each item
|clearpoke
|poke|p1|Pelipper, L50, M|
|poke|p1|Archaludon, L50, F|
|poke|p1|Basculegion, L50, M|
|poke|p1|Amoonguss, L50, F|
|poke|p1|Incineroar, L50, M|
|poke|p1|Gholdengo, L50|
|poke|p2|Tyranitar, L50, M|
|poke|p2|Talonflame, L50, M|
|poke|p2|Gyarados, L50, M|
|poke|p2|Amoonguss, L50, M|
|poke|p2|Garchomp, L50, M|
|poke|p2|Gholdengo, L50|
|teampreview|4
|showteam|p1|Pelipper||FocusSash|Drizzle|WeatherBall,Hurricane,Tailwind,Protect|||M|||50|,,,,,Ghost]Archaludon||AssaultVest|Stamina|ElectroShot,DragonPulse,BodyPress,FlashCannon|||F|||50|,,,,,Grass]Basculegion||ChoiceBand|SwiftSwim|WaveCrash,AquaJet,LastRespects,FlipTurn|||M|||50|,,,,,Water]Amoonguss||SitrusBerry|Regenerator|Spore,Protect,RagePowder,PollenPuff|||F|||50|,,,,,Fairy]Incineroar||SafetyGoggles|Intimidate|FakeOut,Taunt,PartingShot,KnockOff|||M|||50|,,,,,Ghost]Gholdengo||LifeOrb|GoodasGold|MakeItRain,ShadowBall,NastyPlot,Protect||||||50|,,,,,Water
|showteam|p2|Tyranitar||AssaultVest|SandStream|KnockOff,RockSlide,LowKick,TeraBlast|||M|||50|,,,,,Flying]Talonflame||CovertCloak|GaleWings|WillOWisp,BraveBird,FlareBlitz,Tailwind|||M|||50|,,,,,Flying]Gyarados||SitrusBerry|Intimidate|Waterfall,ThunderWave,Taunt,Protect|||M|||50|,,,,,Grass]Amoonguss||RockyHelmet|Regenerator|LeafStorm,Spore,RagePowder,Protect|||M|||50|,,,,,Water]Garchomp||LifeOrb|SandVeil|Protect,DragonClaw,StompingTantrum,Earthquake|||M|||50|,,,,,Fire]Gholdengo||ChoiceSpecs|GoodasGold|Trick,Thunderbolt,MakeItRain,ShadowBall||||||50|,,,,,Steel
|inactive|Battle timer is ON: inactive players will automatically lose when time's up. (requested by incartamene2etti)
|
|t:|1754684168
|teamsize|p1|4
|teamsize|p2|4
|start
|switch|p1a: Basculegion|Basculegion, L50, M|100/100
|switch|p1b: Incineroar|Incineroar, L50, M|100/100
|switch|p2a: Gyarados|Gyarados, L50, M|100/100
|switch|p2b: Garchomp|Garchomp, L50, M|100/100
|-ability|p2a: Gyarados|Intimidate|boost
|-unboost|p1a: Basculegion|atk|1
|-unboost|p1b: Incineroar|atk|1
|-ability|p1b: Incineroar|Intimidate|boost
|-unboost|p2a: Gyarados|atk|1
|-unboost|p2b: Garchomp|atk|1
|turn|1
|inactive|incartamene2etti has 30 seconds left.
|inactive|incartamene2etti has 20 seconds left.
|
|t:|1754684207
|switch|p1a: Pelipper|Pelipper, L50, M|100/100
|-weather|RainDance|[from] ability: Drizzle|[of] p1a: Pelipper
|move|p2b: Garchomp|Earthquake|p1b: Incineroar|[spread] p1b
|-immune|p2a: Gyarados
|-immune|p1a: Pelipper
|-supereffective|p1b: Incineroar
|-damage|p1b: Incineroar|44/100
|-damage|p2b: Garchomp|91/100|[from] item: Life Orb
|move|p2a: Gyarados|Thunder Wave|p1a: Pelipper|[miss]
|-miss|p2a: Gyarados|p1a: Pelipper
|move|p1b: Incineroar|Taunt|p2a: Gyarados
|-start|p2a: Gyarados|move: Taunt
|
|-weather|RainDance|[upkeep]
|upkeep
|turn|2
|inactive|incartamene2etti has 30 seconds left.
|inactive|leoscerni has 30 seconds left.
|inactive|incartamene2etti has 20 seconds left.
|inactive|incartamene2etti has 15 seconds left.
|inactive|incartamene2etti has 10 seconds left.
|inactive|incartamene2etti has 5 seconds left.
|
|t:|1754684261
|switch|p2a: Tyranitar|Tyranitar, L50, M|100/100
|-weather|Sandstorm|[from] ability: Sand Stream|[of] p2a: Tyranitar
|move|p2b: Garchomp|Stomping Tantrum|p1b: Incineroar
|-supereffective|p1b: Incineroar
|-damage|p1b: Incineroar|0 fnt
|faint|p1b: Incineroar
|-damage|p2b: Garchomp|81/100|[from] item: Life Orb
|move|p1a: Pelipper|Tailwind|p1a: Pelipper
|-sidestart|p1: incartamene2etti|move: Tailwind
|
|-weather|Sandstorm|[upkeep]
|-damage|p1a: Pelipper|95/100|[from] Sandstorm
|upkeep
|
|t:|1754684283
|switch|p1b: Basculegion|Basculegion, L50, M|100/100
|turn|3
|inactive|incartamene2etti has 30 seconds left.
|inactive|leoscerni has 30 seconds left.
|
|t:|1754684318
|switch|p1a: Archaludon|Archaludon, L50, F|100/100
|switch|p2a: Gyarados|Gyarados, L50, M|100/100
|-ability|p2a: Gyarados|Intimidate|boost
|-unboost|p1a: Archaludon|atk|1
|-unboost|p1b: Basculegion|atk|1
|move|p1b: Basculegion|Flip Turn|p2b: Garchomp|[miss]
|-miss|p1b: Basculegion|p2b: Garchomp
|move|p2b: Garchomp|Earthquake|p1b: Basculegion|[spread] p1a,p1b
|-immune|p2a: Gyarados
|-supereffective|p1a: Archaludon
|-damage|p1a: Archaludon|48/100
|-damage|p1b: Basculegion|55/100
|-ability|p1a: Archaludon|Stamina|boost
|-boost|p1a: Archaludon|def|1
|-damage|p2b: Garchomp|71/100|[from] item: Life Orb
|
|-weather|Sandstorm|[upkeep]
|-damage|p1b: Basculegion|49/100|[from] Sandstorm
|-damage|p2a: Gyarados|95/100|[from] Sandstorm
|upkeep
|turn|4
|inactive|incartamene2etti has 30 seconds left.
|inactive|leoscerni has 30 seconds left.
|inactive|incartamene2etti has 20 seconds left.
|inactive|leoscerni has 20 seconds left.
|inactive|incartamene2etti has 15 seconds left.
|inactive|incartamene2etti has 10 seconds left.
|
|t:|1754684367
|-terastallize|p1b: Basculegion|Water
|move|p2b: Garchomp|Protect|p2b: Garchomp
|-singleturn|p2b: Garchomp|Protect
|move|p2a: Gyarados|Protect|p2a: Gyarados
|-singleturn|p2a: Gyarados|Protect
|move|p1b: Basculegion|Flip Turn|p2b: Garchomp
|-activate|p2b: Garchomp|move: Protect
|move|p1a: Archaludon|Body Press|p2a: Gyarados
|-activate|p2a: Gyarados|move: Protect
|
|-weather|Sandstorm|[upkeep]
|-damage|p1b: Basculegion|43/100|[from] Sandstorm
|-damage|p2a: Gyarados|89/100|[from] Sandstorm
|upkeep
|turn|5
|inactive|leoscerni has 30 seconds left.
|inactive|leoscerni has 20 seconds left.
|inactive|leoscerni has 15 seconds left.
|inactive|leoscerni has 10 seconds left.
|inactive|leoscerni has 5 seconds left.
|
|t:|1754684418
|move|p1b: Basculegion|Flip Turn|p2b: Garchomp
|-damage|p2b: Garchomp|29/100
|
|t:|1754684423
|switch|p1b: Pelipper|Pelipper, L50, M|95/100|[from] Flip Turn
|-weather|RainDance|[from] ability: Drizzle|[of] p1b: Pelipper
|move|p1a: Archaludon|Body Press|p2a: Gyarados
|-resisted|p2a: Gyarados
|-damage|p2a: Gyarados|69/100
|move|p2b: Garchomp|Earthquake|p1b: Pelipper|[spread] p1a
|-immune|p2a: Gyarados
|-immune|p1b: Pelipper
|-supereffective|p1a: Archaludon
|-damage|p1a: Archaludon|7/100
|-ability|p1a: Archaludon|Stamina|boost
|-boost|p1a: Archaludon|def|1
|-damage|p2b: Garchomp|19/100|[from] item: Life Orb
|move|p2a: Gyarados|Thunder Wave|p1a: Archaludon
|-status|p1a: Archaludon|par
|
|-weather|RainDance|[upkeep]
|-sideend|p1: incartamene2etti|move: Tailwind
|upkeep
|turn|6
|inactive|incartamene2etti has 30 seconds left.
|inactive|leoscerni has 30 seconds left.
|
|t:|1754684449
|move|p2b: Garchomp|Stomping Tantrum|p1a: Archaludon
|-supereffective|p1a: Archaludon
|-damage|p1a: Archaludon|0 fnt
|faint|p1a: Archaludon
|-damage|p2b: Garchomp|9/100|[from] item: Life Orb
|move|p2a: Gyarados|Taunt|p1b: Pelipper
|-start|p1b: Pelipper|move: Taunt
|cant|p1b: Pelipper|move: Taunt|Tailwind
|
|-weather|RainDance|[upkeep]
|upkeep
|-message|incartamene2etti forfeited.
|
|win|leoscerni
|raw|incartamene2etti's rating: 1207 → 1189(-18 for losing)
|raw|leoscerni's rating: 1300 → 1318(+18 for winning)
