|j|☆randomguy1114s
|j|☆Timothim Chalombre
|html|randomguy1114sTimothim Chalombre    
|uhtml|bestof|Game 1 of a best-of-3
|t:|1756940569
|gametype|doubles
|player|p1|randomguy1114s|lillie-masters|1189
|player|p2|Timothim Chalombre|caitlin|1175
|gen|9
|tier|[Gen 9] VGC 2025 Reg H (Bo3)
|rated|
|rule|Species Clause: Limit one of each Pokémon
|rule|Item Clause: Limit 1 of each item
|clearpoke
|poke|p1|Talonflame, L50, M|
|poke|p1|Garchomp, L50, F|
|poke|p1|Ursaluna-Bloodmoon, L50, M|
|poke|p1|Tyranitar, L50, M|
|poke|p1|Incineroar, L50, M|
|poke|p1|Sinistcha, L50|
|poke|p2|Baxcalibur, L50, F|
|poke|p2|Basculegion, L50, M|
|poke|p2|Arcanine-Hisui, L50, M|
|poke|p2|Rillaboom, L50, M|
|poke|p2|Clefable, L50, M|
|poke|p2|Gholdengo, L50|
|teampreview|4
|showteam|p1|Talonflame||SafetyGoggles|GaleWings|Tailwind,FlareBlitz,BraveBird,WillOWisp|||M|||50|,,,,,Ghost]Garchomp||ClearAmulet|SandVeil|Earthquake,DragonClaw,StompingTantrum,Protect|||F|||50|,,,,,Steel]Ursaluna-Bloodmoon||LifeOrb|MindsEye|BloodMoon,HyperVoice,EarthPower,Protect|||M|||50|,,,,,Normal]Tyranitar||AssaultVest|SandStream|RockSlide,KnockOff,TeraBlast,LowKick|||M|||50|,,,,,Flying]Incineroar||SitrusBerry|Intimidate|FakeOut,KnockOff,Taunt,PartingShot|||M|||50|,,,,,Ghost]Sinistcha||MentalHerb|Hospitality|RagePowder,TrickRoom,MatchaGotcha,Protect||||||50|,,,,,Water
|showteam|p2|Baxcalibur||LoadedDice|ThermalExchange|IcicleSpear,ScaleShot,IceShard,Protect|||F|||50|,,,,,Poison]Basculegion||ChoiceScarf|Adaptability|WaveCrash,LastRespects,AquaJet,FlipTurn|||M|||50|,,,,,Water]Arcanine-Hisui||ClearAmulet|Intimidate|FlareBlitz,RockSlide,ExtremeSpeed,Protect|||M|||50|,,,,,Water]Rillaboom||AssaultVest|GrassySurge|FakeOut,WoodHammer,GrassyGlide,HighHorsepower|||M|||50|,,,,,Fire]Clefable||SitrusBerry|Unaware|Moonblast,FollowMe,ThunderWave,Protect|||M|||50|,,,,,Grass]Gholdengo||GrassySeed|GoodasGold|MakeItRain,ShadowBall,NastyPlot,Protect||||||50|,,,,,Water
|inactive|Battle timer is ON: inactive players will automatically lose when time's up. (requested by Timothim Chalombre)
|inactive|randomguy1114s has 60 seconds left.
|
|t:|1756940635
|teamsize|p1|4
|teamsize|p2|4
|start
|switch|p1a: Shatcinis|Sinistcha, L50, shiny|100/100
|switch|p1b: DINOOOO|Tyranitar, L50, M, shiny|100/100
|switch|p2a: Baxcalibur|Baxcalibur, L50, F|100/100
|switch|p2b: Arcanine|Arcanine-Hisui, L50, M|100/100
|-ability|p2b: Arcanine|Intimidate|boost
|-unboost|p1a: Shatcinis|atk|1
|-unboost|p1b: DINOOOO|atk|1
|-weather|Sandstorm|[from] ability: Sand Stream|[of] p1b: DINOOOO
|turn|1
|inactive|Timothim Chalombre has 30 seconds left.
|
|t:|1756940669
|switch|p2b: Rillaboom|Rillaboom, L50, M|100/100
|-fieldstart|move: Grassy Terrain|[from] ability: Grassy Surge|[of] p2b: Rillaboom
|-terastallize|p1a: Shatcinis|Water
|move|p2a: Baxcalibur|Icicle Spear|p1a: Shatcinis
|-resisted|p1a: Shatcinis
|-damage|p1a: Shatcinis|94/100
|-resisted|p1a: Shatcinis
|-damage|p1a: Shatcinis|87/100
|-resisted|p1a: Shatcinis
|-damage|p1a: Shatcinis|80/100
|-resisted|p1a: Shatcinis
|-damage|p1a: Shatcinis|73/100
|-resisted|p1a: Shatcinis
|-damage|p1a: Shatcinis|66/100
|-hitcount|p1a: Shatcinis|5
|move|p1b: DINOOOO|Rock Slide|p2b: Rillaboom|[spread] p2a,p2b
|-supereffective|p2a: Baxcalibur
|-damage|p2a: Baxcalibur|59/100
|-damage|p2b: Rillaboom|81/100
|move|p1a: Shatcinis|Trick Room|p1a: Shatcinis
|-fieldstart|move: Trick Room|[of] p1a: Shatcinis
|
|-weather|Sandstorm|[upkeep]
|-damage|p1a: Shatcinis|60/100|[from] Sandstorm
|-damage|p2b: Rillaboom|75/100|[from] Sandstorm
|-damage|p2a: Baxcalibur|53/100|[from] Sandstorm
|-heal|p1a: Shatcinis|66/100|[from] Grassy Terrain
|-heal|p2b: Rillaboom|81/100|[from] Grassy Terrain
|-heal|p2a: Baxcalibur|59/100|[from] Grassy Terrain
|upkeep
|turn|2
|inactive|randomguy1114s has 30 seconds left.
|
|t:|1756940694
|move|p2b: Rillaboom|Fake Out|p1b: DINOOOO
|-resisted|p1b: DINOOOO
|-damage|p1b: DINOOOO|95/100
|move|p1a: Shatcinis|Matcha Gotcha|p2a: Baxcalibur|[spread] p2a,p2b
|-resisted|p2a: Baxcalibur
|-resisted|p2b: Rillaboom
|-damage|p2a: Baxcalibur|43/100
|-heal|p1a: Shatcinis|75/100|[from] drain|[of] p2a: Baxcalibur
|-damage|p2b: Rillaboom|69/100
|-heal|p1a: Shatcinis|82/100|[from] drain|[of] p2b: Rillaboom
|cant|p1b: DINOOOO|flinch
|move|p2a: Baxcalibur|Icicle Spear|p1b: DINOOOO
|-damage|p1b: DINOOOO|80/100
|-damage|p1b: DINOOOO|66/100
|-damage|p1b: DINOOOO|53/100
|-damage|p1b: DINOOOO|40/100
|-hitcount|p1b: DINOOOO|4
|
|-weather|Sandstorm|[upkeep]
|-damage|p1a: Shatcinis|76/100|[from] Sandstorm
|-damage|p2b: Rillaboom|63/100|[from] Sandstorm
|-damage|p2a: Baxcalibur|37/100|[from] Sandstorm
|-heal|p1a: Shatcinis|82/100|[from] Grassy Terrain
|-heal|p1b: DINOOOO|46/100|[from] Grassy Terrain
|-heal|p2b: Rillaboom|69/100|[from] Grassy Terrain
|-heal|p2a: Baxcalibur|43/100|[from] Grassy Terrain
|upkeep
|turn|3
|
|t:|1756940707
|move|p2a: Baxcalibur|Protect|p2a: Baxcalibur
|-singleturn|p2a: Baxcalibur|Protect
|move|p1a: Shatcinis|Rage Powder|p1a: Shatcinis
|-singleturn|p1a: Shatcinis|move: Rage Powder
|move|p1b: DINOOOO|Rock Slide|p2b: Rillaboom|[spread] p2b
|-activate|p2a: Baxcalibur|move: Protect
|-damage|p2b: Rillaboom|49/100
|move|p2b: Rillaboom|Wood Hammer|p1a: Shatcinis
|-supereffective|p1a: Shatcinis
|-damage|p1a: Shatcinis|0 fnt
|faint|p1a: Shatcinis
|-damage|p2b: Rillaboom|26/100|[from] Recoil
|
|-weather|Sandstorm|[upkeep]
|-damage|p2b: Rillaboom|20/100|[from] Sandstorm
|-damage|p2a: Baxcalibur|37/100|[from] Sandstorm
|-heal|p1b: DINOOOO|52/100|[from] Grassy Terrain
|-heal|p2b: Rillaboom|26/100|[from] Grassy Terrain
|-heal|p2a: Baxcalibur|43/100|[from] Grassy Terrain
|upkeep
|
|t:|1756940721
|switch|p1a: BEARRRRRR|Ursaluna-Bloodmoon, L50, M|100/100
|turn|4
|
|t:|1756940734
|switch|p2a: Arcanine|Arcanine-Hisui, L50, M|100/100
|-ability|p2a: Arcanine|Intimidate|boost
|-unboost|p1a: BEARRRRRR|atk|1
|-unboost|p1b: DINOOOO|atk|1
|move|p2b: Rillaboom|Grassy Glide|p1a: BEARRRRRR
|-supereffective|p1a: BEARRRRRR
|-damage|p1a: BEARRRRRR|39/100
|move|p1a: BEARRRRRR|Hyper Voice|p2a: Arcanine|[spread] p2a,p2b
|-resisted|p2a: Arcanine
|-damage|p2a: Arcanine|82/100
|-damage|p2b: Rillaboom|0 fnt
|faint|p2b: Rillaboom
|-damage|p1a: BEARRRRRR|30/100|[from] item: Life Orb
|move|p1b: DINOOOO|Knock Off|p2a: Arcanine
|-damage|p2a: Arcanine|49/100
|-enditem|p2a: Arcanine|Clear Amulet|[from] move: Knock Off|[of] p1b: DINOOOO
|
|-weather|Sandstorm|[upkeep]
|-heal|p1a: BEARRRRRR|35/100|[from] Grassy Terrain
|-heal|p1b: DINOOOO|58/100|[from] Grassy Terrain
|-heal|p2a: Arcanine|56/100|[from] Grassy Terrain
|upkeep
|
|t:|1756940737
|switch|p2b: Baxcalibur|Baxcalibur, L50, F|43/100
|turn|5
|
|t:|1756940757
|switch|p1b: SHARKKK|Garchomp, L50, F, shiny|100/100
|move|p2a: Arcanine|Protect|p2a: Arcanine
|-singleturn|p2a: Arcanine|Protect
|move|p2b: Baxcalibur|Protect|p2b: Baxcalibur
|-singleturn|p2b: Baxcalibur|Protect
|move|p1a: BEARRRRRR|Hyper Voice|p2a: Arcanine|[spread] 
|-activate|p2a: Arcanine|move: Protect
|-activate|p2b: Baxcalibur|move: Protect
|
|-weather|none
|-heal|p1a: BEARRRRRR|41/100|[from] Grassy Terrain
|-heal|p2a: Arcanine|62/100|[from] Grassy Terrain
|-heal|p2b: Baxcalibur|49/100|[from] Grassy Terrain
|-fieldend|move: Trick Room
|-fieldend|move: Grassy Terrain
|upkeep
|turn|6
|inactive|Timothim Chalombre has 30 seconds left.
|
|t:|1756940788
|move|p2a: Arcanine|Extreme Speed|p1b: SHARKKK
|-damage|p1b: SHARKKK|74/100
|move|p2b: Baxcalibur|Ice Shard|p1b: SHARKKK
|-supereffective|p1b: SHARKKK
|-damage|p1b: SHARKKK|0 fnt
|faint|p1b: SHARKKK
|move|p1a: BEARRRRRR|Earth Power|p2a: Arcanine
|-supereffective|p2a: Arcanine
|-damage|p2a: Arcanine|0 fnt
|faint|p2a: Arcanine
|-damage|p1a: BEARRRRRR|32/100|[from] item: Life Orb
|
|upkeep
|
|t:|1756940796
|switch|p1b: DINOOOO|Tyranitar, L50, M, shiny|58/100
|switch|p2a: Basculegion|Basculegion, L50, M|100/100
|-weather|Sandstorm|[from] ability: Sand Stream|[of] p1b: DINOOOO
|turn|7
|
|t:|1756940815
|-terastallize|p2a: Basculegion|Water
|move|p2a: Basculegion|Wave Crash|p1b: DINOOOO
|-supereffective|p1b: DINOOOO
|-damage|p1b: DINOOOO|0 fnt
|faint|p1b: DINOOOO
|-damage|p2a: Basculegion|82/100|[from] Recoil
|move|p2b: Baxcalibur|Icicle Spear|p1a: BEARRRRRR
|-supereffective|p1a: BEARRRRRR
|-damage|p1a: BEARRRRRR|8/100
|-supereffective|p1a: BEARRRRRR
|-damage|p1a: BEARRRRRR|0 fnt
|faint|p1a: BEARRRRRR
|-hitcount|p1: BEARRRRRR|2
|
|win|Timothim Chalombre
||Timothim Chalombre is ready for game 2.
|inactive|randomguy1114s has 30 seconds to confirm battle start!
