|j|☆PR1NC3735
|j|☆I am the Sweeper
|html|PR1NC3735I am the Sweeper    
|uhtml|bestof|Game 1 of a best-of-3
|t:|1757720955
|gametype|doubles
|player|p1|PR1NC3735|266|1044
|player|p2|I am the Sweeper|janitor|1134
|gen|9
|tier|[Gen 9] VGC 2025 Reg H (Bo3)
|rated|
|rule|Species Clause: Limit one of each Pokémon
|rule|Item Clause: Limit 1 of each item
|clearpoke
|poke|p1|Garchomp, L50, M|
|poke|p1|Gholdengo, L50|
|poke|p1|Murkrow, L50, F|
|poke|p1|Indeedee-F, L50, F|
|poke|p1|Incineroar, L50, F|
|poke|p1|Annihilape, L50, F|
|poke|p2|Annihilape, L50, M|
|poke|p2|Archaludon, L50, F|
|poke|p2|Pelipper, L50, F|
|poke|p2|Maushold-Four, L50|
|poke|p2|Sinistcha, L50|
|poke|p2|Grimmsnarl, L50, M|
|teampreview|4
|showteam|p1|Garchomp||LifeOrb|RoughSkin|Earthquake,DragonClaw,SwordsDance,Protect|||M|||50|,,,,,Steel]Gholdengo||IronPlate|GoodasGold|MakeItRain,ShadowBall,NastyPlot,Protect||||||50|,,,,,Steel]Murkrow||Eviolite|Prankster|FoulPlay,Tailwind,Taunt,Protect|||F|||50|,,,,,Ghost]Indeedee-F||SafetyGoggles|PsychicSurge|DazzlingGleam,FollowMe,Protect,Psychic|||F|||50|,,,,,Flying]Incineroar||AguavBerry|Intimidate|PartingShot,FlareBlitz,KnockOff,FakeOut|||F|||50|,,,,,Flying]Annihilape||PsychicSeed|Defiant|DrainPunch,RageFist,Protect,BulkUp|||F|||50|,,,,,Grass
|showteam|p2|Annihilape||SpellTag|Defiant|RageFist,DrainPunch,BulkUp,Protect|||M|||50|,,,,,Fire]Archaludon||AssaultVest|Stamina|ElectroShot,DracoMeteor,Snarl,BodyPress|||F|||50|,,,,,Bug]Pelipper||LifeOrb|Drizzle|Tailwind,Hurricane,WeatherBall,Protect|||F|||50|,,,,,Stellar]Maushold-Four||SafetyGoggles|FriendGuard|Taunt,FollowMe,BeatUp,Protect||||||50|,,,,,Ghost]Sinistcha||SitrusBerry|Hospitality|LifeDew,TrickRoom,StrengthSap,MatchaGotcha||||||50|,,,,,Water]Grimmsnarl||LightClay|Prankster|ThunderWave,LightScreen,Reflect,SpiritBreak|||M|||50|,,,,,Ghost
|
|t:|1757720995
|teamsize|p1|4
|teamsize|p2|4
|start
|switch|p1a: Gholdengo|Gholdengo, L50|100/100
|switch|p1b: Murkrow|Murkrow, L50, F|100/100
|switch|p2a: Grimmsnarl|Grimmsnarl, L50, M|100/100
|switch|p2b: Pelipper|Pelipper, L50, F|100/100
|-weather|RainDance|[from] ability: Drizzle|[of] p2b: Pelipper
|turn|1
|
|t:|1757721022
|move|p1b: Murkrow|Taunt|p2b: Pelipper
|-start|p2b: Pelipper|move: Taunt
|move|p1a: Gholdengo|Nasty Plot|p1a: Gholdengo
|-boost|p1a: Gholdengo|spa|2
|move|p2b: Pelipper|Weather Ball|p1a: Gholdengo
|-damage|p1a: Gholdengo|0 fnt
|faint|p1a: Gholdengo
|-damage|p2b: Pelipper|91/100|[from] item: Life Orb
|move|p2a: Grimmsnarl|Spirit Break|p1b: Murkrow
|-supereffective|p1b: Murkrow
|-damage|p1b: Murkrow|31/100
|-unboost|p1b: Murkrow|spa|1
|
|-weather|RainDance|[upkeep]
|upkeep
|
|t:|1757721046
|switch|p1a: Garchomp|Garchomp, L50, M|100/100
|turn|2
|
|t:|1757721067
|-terastallize|p1a: Garchomp|Steel
|move|p1b: Murkrow|Tailwind|p1b: Murkrow
|-sidestart|p1: PR1NC3735|move: Tailwind
|move|p1a: Garchomp|Swords Dance|p1a: Garchomp
|-boost|p1a: Garchomp|atk|2
|move|p2b: Pelipper|Weather Ball|p1a: Garchomp
|-damage|p1a: Garchomp|5/100
|-damage|p2b: Pelipper|81/100|[from] item: Life Orb
|move|p2a: Grimmsnarl|Spirit Break|p1b: Murkrow
|-supereffective|p1b: Murkrow
|-damage|p1b: Murkrow|0 fnt
|faint|p1b: Murkrow
|
|-weather|RainDance|[upkeep]
|upkeep
|
|t:|1757721086
|switch|p1b: Indeedee|Indeedee-F, L50, F|100/100
|-fieldstart|move: Psychic Terrain|[from] ability: Psychic Surge|[of] p1b: Indeedee
|turn|3
|
|t:|1757721116
|switch|p2b: Archaludon|Archaludon, L50, F|100/100
|move|p1b: Indeedee|Follow Me|p1b: Indeedee
|-singleturn|p1b: Indeedee|move: Follow Me
|move|p1a: Garchomp|Dragon Claw|p2b: Archaludon
|-damage|p2b: Archaludon|27/100
|-ability|p2b: Archaludon|Stamina|boost
|-boost|p2b: Archaludon|def|1
|-damage|p1a: Garchomp|0 fnt|[from] item: Life Orb
|faint|p1a: Garchomp
|move|p2a: Grimmsnarl|Spirit Break|p1b: Indeedee
|-damage|p1b: Indeedee|72/100
|-unboost|p1b: Indeedee|spa|1
|
|-weather|RainDance|[upkeep]
|upkeep
|turn|4
|
|t:|1757721137
|move|p1b: Indeedee|Dazzling Gleam|p2a: Grimmsnarl|[spread] p2a,p2b
|-supereffective|p2a: Grimmsnarl
|-damage|p2a: Grimmsnarl|86/100
|-damage|p2b: Archaludon|22/100
|-ability|p2b: Archaludon|Stamina|boost
|-boost|p2b: Archaludon|def|1
|move|p2b: Archaludon|Snarl|p1b: Indeedee
|-supereffective|p1b: Indeedee
|-damage|p1b: Indeedee|38/100
|-unboost|p1b: Indeedee|spa|1
|move|p2a: Grimmsnarl|Spirit Break|p1b: Indeedee
|-damage|p1b: Indeedee|7/100
|-unboost|p1b: Indeedee|spa|1
|
|-weather|RainDance|[upkeep]
|upkeep
|turn|5
|
|t:|1757721154
|move|p1b: Indeedee|Dazzling Gleam|p2a: Grimmsnarl|[spread] p2a,p2b
|-supereffective|p2a: Grimmsnarl
|-damage|p2a: Grimmsnarl|76/100
|-damage|p2b: Archaludon|19/100
|-ability|p2b: Archaludon|Stamina|boost
|-boost|p2b: Archaludon|def|1
|move|p2b: Archaludon|Body Press|p1b: Indeedee
|-damage|p1b: Indeedee|0 fnt
|faint|p1b: Indeedee
|
|win|I am the Sweeper
||I am the Sweeper is ready for game 2.
|inactive|PR1NC3735 has 30 seconds to confirm battle start!
||PR1NC3735 is ready for game 2.
|uhtml|next|Next: Game 2 of 3
|l|☆PR1NC3735
|player|p1|
