|j|☆lettitripppp
|j|☆akasia
|html|lettitrippppakasia    
|uhtml|bestof|Game 2 of a best-of-3
|t:|1785797812
|gametype|doubles
|player|p1|lettitripppp|lucas|1186
|player|p2|akasia|265|1131
|gen|9
|tier|[Gen 9 Champions] VGC 2026 Reg M-B (Bo3)
|rated|
|rule|Species Clause: Limit one of each Pokémon
|rule|Item Clause: Limit 1 of each item
|clearpoke
|poke|p1|Charizard, L50, F|
|poke|p1|Floette-Eternal, L50, F|
|poke|p1|Basculegion, L50, M|
|poke|p1|Whimsicott, L50, M, shiny|
|poke|p1|Garchomp, L50, F|
|poke|p1|Kingambit, L50, F, shiny|
|poke|p2|Mawile, L50, M|
|poke|p2|Farigiraf, L50, M|
|poke|p2|Whimsicott, L50, F|
|poke|p2|Garchomp, L50, M|
|poke|p2|Basculegion, L50, M|
|poke|p2|Charizard, L50, F|
|teampreview|4
|showteam|p1|Charizard||CharizarditeY|Blaze|WeatherBall,SolarBeam,HeatWave,Protect|Modest||F|||50|]Floette-Eternal||Floettite|Symbiosis|DazzlingGleam,LightofRuin,Moonblast,Protect|Modest||F|||50|]Basculegion||MysticWater|Adaptability|LastRespects,WaveCrash,AquaJet,Protect|Adamant||M|||50|]Whimsicott||FocusSash|Prankster|Moonblast,Tailwind,Encore,Protect|Timid||M|||50|]Garchomp||LifeOrb|RoughSkin|StompingTantrum,DragonClaw,RockSlide,Protect|Jolly||F|||50|]Kingambit||ChopleBerry|Defiant|KowtowCleave,SuckerPunch,IronHead,LowKick|Adamant||F|||50|
|showteam|p2|Mawile||Mawilite|Intimidate|PlayRough,IronHead,SuckerPunch,Protect|Adamant||M|||50|]Farigiraf||SitrusBerry|ArmorTail|Psychic,HelpingHand,Thunderbolt,TrickRoom|Modest||M|||50|]Whimsicott||FocusSash|Prankster|Moonblast,Tailwind,Encore,Protect|Timid||F|||50|]Garchomp||LifeOrb|RoughSkin|RockSlide,DragonClaw,Earthquake,Protect|Jolly||M|||50|]Basculegion||MysticWater|SwiftSwim|WaveCrash,LastRespects,AquaJet,Protect|Adamant||M|||50|]Charizard||CharizarditeY|SolarPower|HeatWave,SolarBeam,WeatherBall,Protect|Modest||F|||50|
|inactive|Battle timer is ON: inactive players will automatically lose when time's up. (requested by lettitripppp)
|
|t:|1785797821
|teamsize|p1|4
|teamsize|p2|4
|start
|switch|p1a: RUINOUS LIGHT|Floette-Eternal, L50, F|100/100
|switch|p1b: LETS GO AGAIN|Whimsicott, L50, M, shiny|100/100
|switch|p2a: Farigiraf|Farigiraf, L50, M|100/100
|switch|p2b: Garchomp|Garchomp, L50, M|100/100
|turn|1
|
|t:|1785797839
|detailschange|p1a: RUINOUS LIGHT|Floette-Mega, L50, F
|-mega|p1a: RUINOUS LIGHT|Floette|Floettite
|-ability|p1a: RUINOUS LIGHT|Fairy Aura
|move|p1b: LETS GO AGAIN|Moonblast|p2b: Garchomp
|-supereffective|p2b: Garchomp|1
|-damage|p2b: Garchomp|0 fnt
|faint|p2b: Garchomp
|move|p1a: RUINOUS LIGHT|Light of Ruin|p2a: Farigiraf
|-damage|p2a: Farigiraf|0 fnt
|faint|p2a: Farigiraf
|-damage|p1a: RUINOUS LIGHT|29/100|[from] Recoil
|
|upkeep
|
|t:|1785797846
|switch|p2b: Mawile|Mawile, L50, M|100/100
|switch|p2a: Basculegion|Basculegion, L50, M|100/100
|-ability|p2b: Mawile|Intimidate|boost
|-unboost|p1a: RUINOUS LIGHT|atk|1
|-unboost|p1b: LETS GO AGAIN|atk|1
|turn|2
|
|t:|1785797862
|detailschange|p2b: Mawile|Mawile-Mega, L50, M
|-mega|p2b: Mawile|Mawile|Mawilite
|move|p1a: RUINOUS LIGHT|Protect|p1a: RUINOUS LIGHT
|-singleturn|p1a: RUINOUS LIGHT|Protect
|move|p1b: LETS GO AGAIN|Tailwind|p1b: LETS GO AGAIN
|-sidestart|p1: lettitripppp|move: Tailwind
|move|p2a: Basculegion|Last Respects|p1b: LETS GO AGAIN
|-enditem|p1b: LETS GO AGAIN|Focus Sash
|-damage|p1b: LETS GO AGAIN|1/100
|move|p2b: Mawile|Iron Head|p1a: RUINOUS LIGHT
|-activate|p1a: RUINOUS LIGHT|move: Protect
|
|upkeep
|turn|3
|
|t:|1785797881
|move|p1b: LETS GO AGAIN|Encore|p2a: Basculegion
|-start|p2a: Basculegion|Encore
|move|p2b: Mawile|Sucker Punch|p1a: RUINOUS LIGHT
|-resisted|p1a: RUINOUS LIGHT|1
|-damage|p1a: RUINOUS LIGHT|5/100
|move|p1a: RUINOUS LIGHT|Light of Ruin|p2a: Basculegion
|-damage|p2a: Basculegion|0 fnt
|faint|p2a: Basculegion
|-damage|p1a: RUINOUS LIGHT|0 fnt|[from] Recoil
|faint|p1a: RUINOUS LIGHT
|
|upkeep
|
|t:|1785797897
|switch|p1a: GHOSTWAVE|Basculegion, L50, M|100/100
|turn|4
|
|t:|1785797911
|move|p1b: LETS GO AGAIN|Encore|p2b: Mawile
|-start|p2b: Mawile|Encore
|move|p2b: Mawile|Sucker Punch|p1a: GHOSTWAVE
|-supereffective|p1a: GHOSTWAVE|1
|-damage|p1a: GHOSTWAVE|18/100
|move|p1a: GHOSTWAVE|Wave Crash|p2b: Mawile
|-damage|p2b: Mawile|17/100
|-damage|p1a: GHOSTWAVE|0 fnt|[from] Recoil
|faint|p1a: GHOSTWAVE
|
|upkeep
|
|t:|1785797919
|switch|p1a: CRUSH SHARK|Garchomp, L50, F|100/100
|turn|5
|
|t:|1785797923
|move|p2b: Mawile|Sucker Punch|p1b: LETS GO AGAIN
|-resisted|p1b: LETS GO AGAIN|1
|-damage|p1b: LETS GO AGAIN|0 fnt
|faint|p1b: LETS GO AGAIN
|move|p1a: CRUSH SHARK|Stomping Tantrum|p2b: Mawile
|-supereffective|p2b: Mawile|1
|-damage|p2b: Mawile|0 fnt
|faint|p2b: Mawile
|-damage|p1a: CRUSH SHARK|90/100|[from] item: Life Orb
|
|win|lettitripppp
||akasia is ready for game 3.
