|j|☆SQDGiorgi
|j|☆Tracansao
|html|SQDGiorgiTracansao    
|uhtml|bestof|Game 1 of a best-of-3
|t:|1782660574
|gametype|doubles
|player|p1|SQDGiorgi|steven|
|player|p2|Tracansao|flannery|
|gen|9
|tier|[Gen 9 Champions] VGC 2026 Reg M-B (Bo3)
|rule|Species Clause: Limit one of each Pokémon
|rule|Item Clause: Limit 1 of each item
|clearpoke
|poke|p1|Staraptor, L50, F|
|poke|p1|Whimsicott, L50, M|
|poke|p1|Basculegion, L50, M|
|poke|p1|Incineroar, L50, M|
|poke|p1|Glimmora, L50, M|
|poke|p1|Zoroark-Hisui, L50, F|
|poke|p2|Pelipper, L50, M, shiny|
|poke|p2|Sinistcha, L50|
|poke|p2|Archaludon, L50, M, shiny|
|poke|p2|Sableye, L50, M, shiny|
|poke|p2|Raichu, L50, F|
|poke|p2|Palafin, L50, F|
|teampreview|4
|showteam|p1|Staraptor||Staraptite|Intimidate|CloseCombat,BraveBird,Roost,Protect|Jolly||F|||50|]Whimsicott||KebiaBerry|Prankster|Tailwind,Charm,Encore,Moonblast|Timid||M|||50|]Basculegion||ChoiceScarf|Adaptability|LastRespects,WaveCrash,FlipTurn,IceFang|Adamant||M|||50|]Incineroar||ShucaBerry|Intimidate|FakeOut,PartingShot,FlareBlitz,ThroatChop|Careful||M|||50|]Glimmora||FocusSash|ToxicDebris|SludgeBomb,PowerGem,EarthPower,SpikyShield|Timid||M|||50|]Zoroark-Hisui||LifeOrb|Illusion|IcyWind,HyperVoice,ShadowBall,Taunt|Timid||F|||50|
|showteam|p2|Pelipper||FocusSash|Drizzle|WeatherBall,Hurricane,Tailwind,WideGuard|Modest||M|||50|]Sinistcha||KasibBerry|Hospitality|MatchaGotcha,RagePowder,LifeDew,TrickRoom|Bold|||||50|]Archaludon||Leftovers|Stamina|ElectroShot,FlashCannon,DragonPulse,Protect|Modest||M|||50|]Sableye||RoseliBerry|Prankster|Encore,Reflect,LightScreen,RainDance|Sassy||M|||50|]Raichu||RaichuniteY|LightningRod|FakeOut,Protect,ZapCannon,FocusBlast|Hasty||F|||50|]Palafin||MysticWater|ZerotoHero|WaveCrash,JetPunch,CloseCombat,Protect|Jolly||F|||50|
|inactive|Battle timer is ON: inactive players will automatically lose when time's up. (requested by SQDGiorgi)
|inactive|Tracansao also wants the timer to be on.
|inactive|SQDGiorgi no longer wants the timer on, but the timer is staying on because tracansao still does.
|j| archyx05
|inactive|SQDGiorgi has 60 seconds left.
|inactive|Tracansao has 60 seconds left.
|
|t:|1782660622
|teamsize|p1|4
|teamsize|p2|4
|start
|switch|p1a: Staraptor|Staraptor, L50, F|100/100
|switch|p1b: Whimsicott|Whimsicott, L50, M|100/100
|switch|p2a: Raichu|Raichu, L50, F|100/100
|switch|p2b: Palafin|Palafin, L50, F|100/100
|-ability|p1a: Staraptor|Intimidate|boost
|-unboost|p2a: Raichu|atk|1
|-unboost|p2b: Palafin|atk|1
|turn|1
|inactive|Tracansao has 30 seconds left.
|inactive|Tracansao has 20 seconds left.
|
|t:|1782660665
|detailschange|p2b: Palafin|Palafin-Hero, L50, F
|switch|p2b: Sableye|Sableye, L50, M, shiny|100/100
|move|p1a: Staraptor|Protect|p1a: Staraptor
|-singleturn|p1a: Staraptor|Protect
|move|p2a: Raichu|Fake Out|p1a: Staraptor
|-activate|p1a: Staraptor|move: Protect
|move|p1b: Whimsicott|Icy Wind|p2b: Sableye|[spread] p2a,p2b
|-damage|p2a: Raichu|73/100
|-damage|p2b: Sableye|79/100
|-unboost|p2a: Raichu|spe|1
|-unboost|p2b: Sableye|spe|1
|-damage|p1b: Whimsicott|90/100|[from] item: Life Orb
|
|upkeep
|turn|2
|
|t:|1782660687
|switch|p1a: Whimsicott|Whimsicott, L50, M|100/100
|detailschange|p2a: Raichu|Raichu-Mega-Y, L50, F
|-mega|p2a: Raichu|Raichu|Raichunite Y
|move|p2b: Sableye|Light Screen|p2b: Sableye
|-sidestart|p2: Tracansao|move: Light Screen
|move|p1b: Whimsicott|Shadow Ball|p2a: Raichu
|-damage|p2a: Raichu|20/100y
|-damage|p1b: Whimsicott|80/100|[from] item: Life Orb
|move|p2a: Raichu|Zap Cannon|p1a: Whimsicott
|-resisted|p1a: Whimsicott|1
|-damage|p1a: Whimsicott|40/100
|-status|p1a: Whimsicott|par
|
|upkeep
|turn|3
|
|t:|1782660707
|switch|p2a: Archaludon|Archaludon, L50, M, shiny|100/100
|cant|p1a: Whimsicott|par
|move|p2b: Sableye|Reflect|p2b: Sableye
|-sidestart|p2: Tracansao|Reflect
|move|p1b: Whimsicott|Shadow Ball|p2a: Archaludon
|-damage|p2a: Archaludon|61/100
|-ability|p2a: Archaludon|Stamina|boost
|-boost|p2a: Archaludon|def|1
|-damage|p1b: Whimsicott|70/100|[from] item: Life Orb
|
|-heal|p2a: Archaludon|67/100|[from] item: Leftovers
|upkeep
|turn|4
|
|t:|1782660732
|move|p1a: Whimsicott|Tailwind|p1a: Whimsicott
|-sidestart|p1: SQDGiorgi|move: Tailwind
|move|p2b: Sableye|Rain Dance|p2b: Sableye
|-weather|RainDance
|move|p1b: Whimsicott|Shadow Ball|p2a: Archaludon
|-crit|p2a: Archaludon
|-damage|p2a: Archaludon|0 fnt
|faint|p2a: Archaludon
|-damage|p1b: Whimsicott|60/100|[from] item: Life Orb
|
|-weather|RainDance|[upkeep]
|upkeep
|
|t:|1782660742
|switch|p2a: Palafin|Palafin-Hero, L50, F|100/100
|-activate|p2a: Palafin|ability: Zero to Hero
|turn|5
|
|t:|1782660750
|move|p1a: Whimsicott|Charm|p2a: Palafin
|-unboost|p2a: Palafin|atk|2
|move|p2a: Palafin|Jet Punch|p1b: Whimsicott
|-damage|p1b: Whimsicott|0 fnt
|replace|p1b: Zoroark|Zoroark-Hisui, L50, F
|-end|p1b: Zoroark|Illusion
|faint|p1b: Zoroark
|move|p2b: Sableye|Encore|p1a: Whimsicott
|-start|p1a: Whimsicott|Encore
|
|-weather|RainDance|[upkeep]
|upkeep
|
|t:|1782660758
|switch|p1b: Staraptor|Staraptor, L50, F|100/100
|-ability|p1b: Staraptor|Intimidate|boost
|-unboost|p2a: Palafin|atk|1
|-unboost|p2b: Sableye|atk|1
|turn|6
|
|t:|1782660770
|switch|p2b: Raichu|Raichu-Mega-Y, L50, F|20/100y
|detailschange|p1b: Staraptor|Staraptor-Mega, L50, F
|-mega|p1b: Staraptor|Staraptor|Staraptite
|move|p1a: Whimsicott|Charm|p1b: Staraptor
|-boost|p1b: Staraptor|atk|2
|move|p1b: Staraptor|Close Combat|p2a: Palafin
|-damage|p2a: Palafin|24/100
|-boost|p1b: Staraptor|def|1
|-boost|p1b: Staraptor|spd|1
|move|p2a: Palafin|Wave Crash|p1b: Staraptor
|-damage|p1b: Staraptor|66/100
|-damage|p2a: Palafin|13/100|[from] Recoil
|
|-weather|RainDance|[upkeep]
|-sideend|p2: Tracansao|move: Light Screen
|upkeep
|turn|7
|inactive|SQDGiorgi has 30 seconds left.
|inactive|Tracansao has 30 seconds left.
|inactive|Tracansao has 20 seconds left.
|
|t:|1782660808
|move|p2b: Raichu|Fake Out|p1b: Staraptor
|-damage|p1b: Staraptor|60/100
|move|p1a: Whimsicott|Charm|p2a: Palafin
|-unboost|p2a: Palafin|atk|2
|cant|p1b: Staraptor|flinch
|move|p2a: Palafin|Wave Crash|p1b: Staraptor
|-damage|p1b: Staraptor|36/100
|-damage|p2a: Palafin|5/100|[from] Recoil
|
|-weather|RainDance|[upkeep]
|-sideend|p2: Tracansao|Reflect
|-sideend|p1: SQDGiorgi|move: Tailwind
|upkeep
|turn|8
|
|t:|1782660828
|switch|p2a: Sableye|Sableye, L50, M, shiny|79/100
|move|p1b: Staraptor|Protect|p1b: Staraptor
|-singleturn|p1b: Staraptor|Protect
|cant|p1a: Whimsicott|par
|move|p2b: Raichu|Zap Cannon|p1a: Whimsicott
|-resisted|p1a: Whimsicott|1
|-damage|p1a: Whimsicott|0 fnt
|faint|p1a: Whimsicott
|
|-weather|none
|upkeep
|
|t:|1782660836
|switch|p1a: Glimmora|Glimmora, L50, M|100/100
|turn|9
|
|t:|1782660849
|move|p1b: Staraptor|Protect|p1b: Staraptor
|-singleturn|p1b: Staraptor|Protect
|move|p2a: Sableye|Light Screen|p2a: Sableye
|-sidestart|p2: Tracansao|move: Light Screen
|move|p2b: Raichu|Zap Cannon|p1b: Staraptor
|-activate|p1b: Staraptor|move: Protect
|move|p1a: Glimmora|Earth Power|p2b: Raichu
|-supereffective|p2b: Raichu|1
|-damage|p2b: Raichu|0 fnt
|faint|p2b: Raichu
|
|upkeep
|
|t:|1782660852
|switch|p2b: Palafin|Palafin-Hero, L50, F|5/100
|turn|10
|
|t:|1782660874
|move|p2b: Palafin|Jet Punch|p1a: Glimmora
|-supereffective|p1a: Glimmora|1
|-enditem|p1a: Glimmora|Focus Sash
|-damage|p1a: Glimmora|1/100
|-activate|p1a: Glimmora|ability: Toxic Debris
|-sidestart|p2: Tracansao|move: Toxic Spikes
|move|p2a: Sableye|Encore|p1b: Staraptor
|-start|p1b: Staraptor|Encore
|move|p1b: Staraptor|Protect|p1b: Staraptor
|-singleturn|p1b: Staraptor|Protect
|move|p1a: Glimmora|Sludge Bomb|p2b: Palafin
|-damage|p2b: Palafin|0 fnt
|faint|p2b: Palafin
|
|upkeep
|turn|11
|-message|Tracansao forfeited.
|
|win|SQDGiorgi
|l|☆Tracansao
|player|p2|
||Tracansao is ready for game 2.
||SQDGiorgi is ready for game 2.
|uhtml|next|Next: Game 2 of 3
|l|☆SQDGiorgi
|player|p1|
|j|☆Tracansao
|player|p2|Tracansao|flannery|
