|j|☆Cannon14
|j|☆homerj71
|html|Cannon14homerj71    
|uhtml|bestof|Game 1 of a best-of-3
|t:|1785659192
|gametype|doubles
|player|p1|Cannon14|gentleman|1232
|player|p2|homerj71|1|1187
|gen|9
|tier|[Gen 9 Champions] VGC 2026 Reg M-B (Bo3)
|rated|
|rule|Species Clause: Limit one of each Pokémon
|rule|Item Clause: Limit 1 of each item
|clearpoke
|poke|p1|Dragonite, L50, M|
|poke|p1|Floette-Eternal, L50, F|
|poke|p1|Whimsicott, L50, F|
|poke|p1|Kingambit, L50, M|
|poke|p1|Arcanine-Hisui, L50, M|
|poke|p1|Farigiraf, L50, F|
|poke|p2|Tyranitar, L50, F|
|poke|p2|Staraptor, L50, M|
|poke|p2|Gholdengo, L50|
|poke|p2|Excadrill, L50, M|
|poke|p2|Sinistcha, L50|
|poke|p2|Milotic, L50, F|
|teampreview|4
|showteam|p1|Dragonite||DragonFang|InnerFocus|DragonClaw,LowKick,ExtremeSpeed,Protect|Adamant||M|||50|]Floette-Eternal||Floettite|FlowerVeil|Moonblast,DazzlingGleam,LightofRuin,Protect|Calm||F|||50|]Whimsicott||FocusSash|Prankster|Tailwind,Moonblast,Encore,Protect|Modest||F|||50|]Kingambit||BlackGlasses|Defiant|KowtowCleave,SuckerPunch,IronHead,SwordsDance|Adamant||M|||50|]Arcanine-Hisui||ChopleBerry|Intimidate|FlareBlitz,RockSlide,HeadSmash,Protect|Jolly||M|||50|]Farigiraf||SitrusBerry|ArmorTail|TwinBeam,Thunderbolt,TrickRoom,Protect|Relaxed||F|||50|
|showteam|p2|Tyranitar||Tyranitarite|SandStream|KnockOff,RockSlide,Protect,LowKick|Jolly||F|||50|]Staraptor||Staraptite|Intimidate|DualWingbeat,CloseCombat,Protect,Tailwind|Jolly||M|||50|]Gholdengo||LifeOrb|GoodasGold|MakeItRain,NastyPlot,Protect,ShadowBall|Timid|||||50|]Excadrill||FocusSash|SandRush|HighHorsepower,IronHead,RockSlide,Protect|Adamant||M|||50|]Sinistcha||SitrusBerry|Hospitality|MatchaGotcha,RagePowder,ShadowBall,Protect|Calm|||||50|]Milotic||Leftovers|Competitive|Scald,IcyWind,Protect,IceBeam|Modest||F|||50|
|inactive|Battle timer is ON: inactive players will automatically lose when time's up. (requested by Cannon14)
|inactive|Cannon14 has 60 seconds left.
|
|t:|1785659242
|teamsize|p1|4
|teamsize|p2|4
|start
|switch|p1a: Whilpy|Whimsicott, L50, F|100/100
|switch|p1b: Sushi|Kingambit, L50, M|100/100
|switch|p2a: Milotic|Milotic, L50, F|100/100
|switch|p2b: Gholdengo|Gholdengo, L50|100/100
|turn|1
|inactive|homerj71 has 30 seconds left.
|
|t:|1785659268
|switch|p2b: Tyranitar|Tyranitar, L50, F|100/100
|-weather|Sandstorm|[from] ability: Sand Stream|[of] p2b: Tyranitar
|move|p1a: Whilpy|Tailwind|p1a: Whilpy
|-sidestart|p1: Cannon14|move: Tailwind
|move|p1b: Sushi|Swords Dance|p1b: Sushi
|-boost|p1b: Sushi|atk|2
|move|p2a: Milotic|Scald|p1b: Sushi
|-damage|p1b: Sushi|60/100
|-status|p1b: Sushi|brn
|
|-weather|Sandstorm|[upkeep]
|-damage|p1a: Whilpy|94/100|[from] Sandstorm
|-damage|p2a: Milotic|94/100|[from] Sandstorm
|-heal|p2a: Milotic|100/100|[from] item: Leftovers
|-damage|p1b: Sushi|54/100 brn|[from] brn
|upkeep
|turn|2
|
|t:|1785659286
|detailschange|p2b: Tyranitar|Tyranitar-Mega, L50, F
|-mega|p2b: Tyranitar|Tyranitar|Tyranitarite
|move|p1a: Whilpy|Moonblast|p2b: Tyranitar
|-supereffective|p2b: Tyranitar|1
|-damage|p2b: Tyranitar|53/100
|move|p1b: Sushi|Iron Head|p2b: Tyranitar
|-supereffective|p2b: Tyranitar|1
|-damage|p2b: Tyranitar|0 fnt
|faint|p2b: Tyranitar
|move|p2a: Milotic|Ice Beam|p1a: Whilpy
|-supereffective|p1a: Whilpy|1
|-damage|p1a: Whilpy|13/100
|
|-weather|Sandstorm|[upkeep]
|-damage|p1a: Whilpy|7/100|[from] Sandstorm
|-damage|p2a: Milotic|94/100|[from] Sandstorm
|-heal|p2a: Milotic|100/100|[from] item: Leftovers
|-damage|p1b: Sushi|48/100 brn|[from] brn
|upkeep
|
|t:|1785659297
|switch|p2b: Gholdengo|Gholdengo, L50|100/100
|turn|3
|
|t:|1785659305
|switch|p2b: Excadrill|Excadrill, L50, M|100/100
|move|p1a: Whilpy|Moonblast|p2a: Milotic
|-damage|p2a: Milotic|74/100
|-unboost|p2a: Milotic|spa|1
|-ability|p2a: Milotic|Competitive|boost
|-boost|p2a: Milotic|spa|2
|move|p1b: Sushi|Kowtow Cleave|p2a: Milotic
|-damage|p2a: Milotic|19/100
|move|p2a: Milotic|Scald|p1b: Sushi
|-damage|p1b: Sushi|0 fnt
|faint|p1b: Sushi
|
|-weather|Sandstorm|[upkeep]
|-damage|p1a: Whilpy|2/100|[from] Sandstorm
|-damage|p2a: Milotic|13/100|[from] Sandstorm
|-heal|p2a: Milotic|19/100|[from] item: Leftovers
|upkeep
|
|t:|1785659319
|switch|p1b: Bloop|Dragonite, L50, M|100/100
|turn|4
|inactive|Cannon14 has 30 seconds left.
|inactive|Cannon14 has 20 seconds left.
|
|t:|1785659359
|move|p2b: Excadrill|Protect|p2b: Excadrill
|-singleturn|p2b: Excadrill|Protect
|move|p2a: Milotic|Protect|p2a: Milotic
|-singleturn|p2a: Milotic|Protect
|move|p1b: Bloop|Extreme Speed|p2a: Milotic
|-activate|p2a: Milotic|move: Protect
|move|p1a: Whilpy|Moonblast|p2b: Excadrill
|-activate|p2b: Excadrill|move: Protect
|
|-weather|Sandstorm|[upkeep]
|-damage|p1a: Whilpy|0 fnt|[from] Sandstorm
|-damage|p1b: Bloop|93/100|[from] Sandstorm
|-damage|p2a: Milotic|13/100|[from] Sandstorm
|faint|p1a: Whilpy
|-heal|p2a: Milotic|19/100|[from] item: Leftovers
|-sideend|p1: Cannon14|move: Tailwind
|upkeep
|
|t:|1785659363
|switch|p1a: Gojo|Floette-Eternal, L50, F|100/100
|turn|5
|
|t:|1785659376
|move|p1a: Gojo|Protect|p1a: Gojo
|-singleturn|p1a: Gojo|Protect
|move|p1b: Bloop|Extreme Speed|p2a: Milotic
|-damage|p2a: Milotic|0 fnt
|faint|p2a: Milotic
|move|p2b: Excadrill|Iron Head|p1a: Gojo
|-activate|p1a: Gojo|move: Protect
|
|-weather|none
|upkeep
|
|t:|1785659380
|switch|p2a: Gholdengo|Gholdengo, L50|100/100
|turn|6
|
|t:|1785659396
|detailschange|p1a: Gojo|Floette-Mega, L50, F
|-mega|p1a: Gojo|Floette|Floettite
|-ability|p1a: Gojo|Fairy Aura
|move|p2a: Gholdengo|Shadow Ball|p1b: Bloop
|-damage|p1b: Bloop|48/100
|-damage|p2a: Gholdengo|90/100|[from] item: Life Orb
|move|p2b: Excadrill|Iron Head|p1a: Gojo
|-supereffective|p1a: Gojo|1
|-damage|p1a: Gojo|11/100
|move|p1a: Gojo|Dazzling Gleam|p2b: Excadrill|[spread] p2a,p2b
|-resisted|p2a: Gholdengo|1
|-resisted|p2b: Excadrill|1
|-crit|p2b: Excadrill
|-damage|p2a: Gholdengo|70/100
|-damage|p2b: Excadrill|57/100
|move|p1b: Bloop|Low Kick|p2b: Excadrill
|-supereffective|p2b: Excadrill|1
|-damage|p2b: Excadrill|0 fnt
|faint|p2b: Excadrill
|
|upkeep
|turn|7
|
|t:|1785659417
|move|p1b: Bloop|Protect|p1b: Bloop
|-singleturn|p1b: Bloop|Protect
|move|p2a: Gholdengo|Make It Rain|p1a: Gojo|[spread] p1a
|-activate|p1b: Bloop|move: Protect
|-supereffective|p1a: Gojo|1
|-damage|p1a: Gojo|0 fnt
|-unboost|p2a: Gholdengo|spa|2
|faint|p1a: Gojo
|-damage|p2a: Gholdengo|60/100|[from] item: Life Orb
|
|upkeep
|turn|8
|
|t:|1785659427
|move|p2a: Gholdengo|Nasty Plot|p2a: Gholdengo
|-boost|p2a: Gholdengo|spa|2
|move|p1b: Bloop|Dragon Claw|p2a: Gholdengo
|-resisted|p2a: Gholdengo|1
|-damage|p2a: Gholdengo|33/100
|
|upkeep
|turn|9
|
|t:|1785659435
|move|p2a: Gholdengo|Shadow Ball|p1b: Bloop
|-damage|p1b: Bloop|1/100
|-damage|p2a: Gholdengo|23/100|[from] item: Life Orb
|move|p1b: Bloop|Dragon Claw|p2a: Gholdengo
|-resisted|p2a: Gholdengo|1
|-damage|p2a: Gholdengo|0 fnt
|faint|p2a: Gholdengo
|
|win|Cannon14
