|j|☆Moitamo
|j|☆bigdamagego
|html|Moitamobigdamagego    
|uhtml|bestof|Game 2 of a best-of-3
|t:|1783427113
|gametype|doubles
|player|p1|Moitamo|101|1193
|player|p2|bigdamagego|steven|1179
|gen|9
|tier|[Gen 9 Champions] VGC 2026 Reg M-B (Bo3)
|rated|
|rule|Species Clause: Limit one of each Pokémon
|rule|Item Clause: Limit 1 of each item
|clearpoke
|poke|p1|Farigiraf, L50, F|
|poke|p1|Whimsicott, L50, M|
|poke|p1|Incineroar, L50, M|
|poke|p1|Metagross, L50|
|poke|p1|Blastoise, L50, F|
|poke|p1|Sneasler, L50, F|
|poke|p2|Floette-Eternal, L50, F|
|poke|p2|Delphox, L50, M|
|poke|p2|Kingambit, L50, F|
|poke|p2|Sneasler, L50, F|
|poke|p2|Sinistcha, L50|
|poke|p2|Incineroar, L50, F|
|teampreview|4
|showteam|p1|Farigiraf||SitrusBerry|ArmorTail|Psychic,Thunderbolt,HelpingHand,TrickRoom|Modest||F|||50|]Whimsicott||OccaBerry|Prankster|Moonblast,Encore,Tailwind,Protect|Calm||M|||50|]Incineroar||ChopleBerry|Intimidate|DarkestLariat,FlareBlitz,PartingShot,FakeOut|Adamant||M|||50|]Metagross||Metagrossite|ClearBody|BulletPunch,IronHead,Protect,PsychicFangs|Jolly|||||50|]Blastoise||Blastoisinite|Torrent|Protect,WaterSpout,ShellSmash,DarkPulse|Modest||F|||50|]Sneasler||WhiteHerb|Unburden|CloseCombat,FakeOut,Coaching,DireClaw|Jolly||F|||50|
|showteam|p2|Floette-Eternal||Floettite|FlowerVeil|Protect,CalmMind,DazzlingGleam,DrainingKiss|Modest||F|||50|]Delphox||Delphoxite|Blaze|HeatWave,Psychic,NastyPlot,Protect|Timid||M|||50|]Kingambit||BlackGlasses|Defiant|SuckerPunch,KowtowCleave,SwordsDance,Protect|Adamant||F|||50|]Sneasler||FocusSash|PoisonTouch|FakeOut,PoisonJab,CloseCombat,QuickGuard|Jolly||F|||50|]Sinistcha||CobaBerry|Hospitality|MatchaGotcha,RagePowder,Protect,TrickRoom|Calm|||||50|]Incineroar||SitrusBerry|Intimidate|FakeOut,FlareBlitz,ThroatChop,PartingShot|Bold||F|||50|
|inactive|Battle timer is ON: inactive players will automatically lose when time's up. (requested by Moitamo)
|inactive|bigdamagego has 60 seconds left.
|
|t:|1783427147
|teamsize|p1|4
|teamsize|p2|4
|start
|switch|p1a: Sneasler|Sneasler, L50, F|100/100
|switch|p1b: Farigiraf|Farigiraf, L50, F|100/100
|switch|p2a: Kingambit|Kingambit, L50, F|100/100
|switch|p2b: Delphox|Delphox, L50, M|100/100
|turn|1
|
|t:|1783427161
|switch|p2a: Sinistcha|Sinistcha, L50|100/100
|detailschange|p2b: Delphox|Delphox-Mega, L50, M
|-mega|p2b: Delphox|Delphox|Delphoxite
|move|p1a: Sneasler|Fake Out|p2b: Delphox
|-damage|p2b: Delphox|81/100
|cant|p2b: Delphox|flinch
|move|p1b: Farigiraf|Trick Room|p1b: Farigiraf
|-fieldstart|move: Trick Room|[of] p1b: Farigiraf
|
|upkeep
|turn|2
|
|t:|1783427178
|move|p2a: Sinistcha|Rage Powder|p2a: Sinistcha
|-singleturn|p2a: Sinistcha|move: Rage Powder
|move|p1b: Farigiraf|Psychic|p2a: Sinistcha
|-damage|p2a: Sinistcha|62/100
|-unboost|p2a: Sinistcha|spd|1
|move|p1a: Sneasler|Dire Claw|p2a: Sinistcha
|-damage|p2a: Sinistcha|28/100
|move|p2b: Delphox|Heat Wave|p1a: Sneasler|[spread] p1a,p1b
|-damage|p1a: Sneasler|53/100
|-damage|p1b: Farigiraf|66/100
|
|upkeep
|turn|3
|
|t:|1783427192
|move|p2a: Sinistcha|Protect|p2a: Sinistcha
|-singleturn|p2a: Sinistcha|Protect
|move|p1b: Farigiraf|Psychic|p2a: Sinistcha
|-activate|p2a: Sinistcha|move: Protect
|move|p1a: Sneasler|Dire Claw|p2b: Delphox
|-damage|p2b: Delphox|26/100
|move|p2b: Delphox|Nasty Plot|p2b: Delphox
|-boost|p2b: Delphox|spa|2
|
|upkeep
|turn|4
|
|t:|1783427213
|switch|p2a: Incineroar|Incineroar, L50, F|100/100
|-ability|p2a: Incineroar|Intimidate|boost
|-unboost|p1a: Sneasler|atk|1
|-unboost|p1b: Farigiraf|atk|1
|-enditem|p1a: Sneasler|White Herb
|-clearnegativeboost|p1a: Sneasler|[silent]
|move|p1b: Farigiraf|Psychic|p2a: Incineroar
|-immune|p2a: Incineroar
|move|p2b: Delphox|Heat Wave|p1b: Farigiraf|[spread] p1a,p1b
|-damage|p1a: Sneasler|0 fnt
|-damage|p1b: Farigiraf|3/100
|-status|p1b: Farigiraf|brn
|-enditem|p1b: Farigiraf|Sitrus Berry|[eat]
|-heal|p1b: Farigiraf|28/100 brn|[from] item: Sitrus Berry
|faint|p1a: Sneasler
|
|-damage|p1b: Farigiraf|22/100 brn|[from] brn
|upkeep
|
|t:|1783427218
|switch|p1a: Blastoise|Blastoise, L50, F|100/100
|turn|5
|
|t:|1783427234
|switch|p1b: Whimsicott|Whimsicott, L50, M|100/100
|detailschange|p1a: Blastoise|Blastoise-Mega, L50, F
|-mega|p1a: Blastoise|Blastoise|Blastoisinite
|move|p2b: Delphox|Protect|p2b: Delphox
|-singleturn|p2b: Delphox|Protect
|move|p2a: Incineroar|Throat Chop|p1b: Whimsicott
|-resisted|p1b: Whimsicott|1
|-damage|p1b: Whimsicott|82/100
|-start|p1b: Whimsicott|Throat Chop|[silent]
|move|p1a: Blastoise|Shell Smash|p1a: Blastoise
|-unboost|p1a: Blastoise|def|1
|-unboost|p1a: Blastoise|spd|1
|-boost|p1a: Blastoise|atk|2
|-boost|p1a: Blastoise|spa|2
|-boost|p1a: Blastoise|spe|2
|
|-fieldend|move: Trick Room
|upkeep
|turn|6
|inactive|bigdamagego has 30 seconds left.
|
|t:|1783427261
|switch|p2b: Kingambit|Kingambit, L50, F|100/100
|switch|p2a: Sinistcha|Sinistcha, L50|28/100
|move|p1b: Whimsicott|Tailwind|p1b: Whimsicott
|-sidestart|p1: Moitamo|move: Tailwind
|move|p1a: Blastoise|Water Spout|p2a: Sinistcha|[spread] p2a,p2b
|-resisted|p2a: Sinistcha|1
|-damage|p2a: Sinistcha|0 fnt
|-damage|p2b: Kingambit|0 fnt
|faint|p2a: Sinistcha
|faint|p2b: Kingambit
|
|-end|p1b: Whimsicott|Throat Chop|[silent]
|upkeep
|
|t:|1783427270
|switch|p2a: Incineroar|Incineroar, L50, F|100/100
|switch|p2b: Delphox|Delphox-Mega, L50, M|26/100
|-ability|p2a: Incineroar|Intimidate|boost
|-unboost|p1a: Blastoise|atk|1
|-unboost|p1b: Whimsicott|atk|1
|turn|7
|
|t:|1783427286
|switch|p1b: Farigiraf|Farigiraf, L50, F|22/100 brn
|move|p1a: Blastoise|Water Spout|p2a: Incineroar|[spread] p2a,p2b
|-supereffective|p2a: Incineroar|1
|-supereffective|p2b: Delphox|1
|-damage|p2a: Incineroar|0 fnt
|-damage|p2b: Delphox|0 fnt
|faint|p2a: Incineroar
|faint|p2b: Delphox
|
|win|Moitamo
|raw|Moitamo's rating: 1193 → 1217(+24 for winning)
|raw|bigdamagego's rating: 1179 → 1155(-24 for losing)
