|j|☆R4ka
|j|‽Freaky torkoal
|html|R4kaFreaky torkoal    
|uhtml|bestof|Game 2 of a best-of-3
|t:|1756925688
|gametype|doubles
|player|p1|R4ka|riley|
|player|p2|Freaky torkoal|266|
|gen|9
|tier|[Gen 9] VGC 2025 Reg H (Bo3)
|rule|Species Clause: Limit one of each Pokémon
|rule|Item Clause: Limit 1 of each item
|clearpoke
|poke|p1|Rillaboom, L50, M|
|poke|p1|Dragonite, L50, M|
|poke|p1|Sneasler, L50, F|
|poke|p1|Kingambit, L50, F|
|poke|p1|Electabuzz, L50, M|
|poke|p1|Volcarona, L50, M|
|poke|p2|Charizard, L50, F|
|poke|p2|Torkoal, L50, M|
|poke|p2|Porygon2, L50|
|poke|p2|Incineroar, L50, F|
|poke|p2|Jumpluff, L50, M|
|poke|p2|Ursaluna, L50, M|
|teampreview|4
|showteam|p1|Rillaboom||AssaultVest|GrassySurge|FakeOut,HighHorsepower,WoodHammer,GrassyGlide|||M|||50|,,,,,Fire]Dragonite||LoadedDice|Multiscale|ExtremeSpeed,ScaleShot,Protect,Haze|||M|||50|,,,,,Steel]Sneasler||FocusSash|PoisonTouch|DireClaw,CloseCombat,FakeOut,Coaching|||F|||50|,,,,,Stellar]Kingambit||BlackGlasses|Defiant|KowtowCleave,SuckerPunch,SwordsDance,Protect|||F|||50|,,,,,Ghost]Electabuzz||Eviolite|VitalSpirit|Thunderbolt,Taunt,Protect,FollowMe|||M|||50|,,,,,Ghost]Volcarona||Leftovers|FlameBody|HeatWave,TeraBlast,QuiverDance,Protect|||M|||50|,,,,,Fairy
|showteam|p2|Charizard||ChoiceSpecs|SolarPower|HeatWave,Overheat,WeatherBall,AirSlash|||F|||50|,,,,,Ghost]Torkoal||EjectPack|Drought|Eruption,Overheat,HelpingHand,Protect|||M|||50|,,,,,Fire]Porygon2||Eviolite|Download|IceBeam,TeraBlast,TrickRoom,Recover||||||50|,,,,,Fighting]Incineroar||SitrusBerry|Intimidate|FlareBlitz,KnockOff,FakeOut,PartingShot|||F|||50|,,,,,Ghost]Jumpluff||CovertCloak|Chlorophyll|SleepPowder,SunnyDay,RagePowder,Tailwind|||M|||50|,,,,,Water]Ursaluna||FlameOrb|Guts|HeadlongRush,Facade,Earthquake,Protect|||M|||50|,,,,,Ghost
|inactive|Battle timer is ON: inactive players will automatically lose when time's up. (requested by Freaky torkoal)
|
|t:|1756925731
|teamsize|p1|4
|teamsize|p2|4
|start
|switch|p1a: Sneasler|Sneasler, L50, F|100/100
|switch|p1b: Rillaboom|Rillaboom, L50, M|100/100
|switch|p2a: Jumpluff|Jumpluff, L50, M|100/100
|switch|p2b: Charizard|Charizard, L50, F|100/100
|-fieldstart|move: Grassy Terrain|[from] ability: Grassy Surge|[of] p1b: Rillaboom
|turn|1
|inactive|R4ka has 30 seconds left.
|inactive|R4ka has 20 seconds left.
|
|t:|1756925770
|-terastallize|p1a: Sneasler|Stellar
|move|p1a: Sneasler|Dire Claw|p2b: Charizard
|-damage|p2b: Charizard|26/100
|-status|p2b: Charizard|slp
|move|p2a: Jumpluff|Sunny Day|p2a: Jumpluff
|-weather|SunnyDay
|cant|p2b: Charizard|slp
|move|p1b: Rillaboom|High Horsepower|p2b: Charizard
|-immune|p2b: Charizard
|
|-weather|SunnyDay|[upkeep]
|-damage|p2b: Charizard|14/100 slp|[from] ability: Solar Power|[of] p2b: Charizard
|upkeep
|turn|2
|j| ImGonnaFondleYou
|
|t:|1756925795
|switch|p1a: Electabuzz|Electabuzz, L50, M|100/100
|switch|p1b: Volcarona|Volcarona, L50, M|100/100
|move|p2a: Jumpluff|Sleep Powder|p1a: Electabuzz
|-immune|p1a: Electabuzz|[from] ability: Vital Spirit
|-curestatus|p2b: Charizard|slp|[msg]
|move|p2b: Charizard|Heat Wave|p1b: Volcarona|[spread] p1a,p1b
|-damage|p1a: Electabuzz|16/100
|-damage|p1b: Volcarona|0 fnt
|faint|p1b: Volcarona
|
|-weather|SunnyDay|[upkeep]
|-damage|p2b: Charizard|1/100|[from] ability: Solar Power|[of] p2b: Charizard
|-heal|p1a: Electabuzz|22/100|[from] Grassy Terrain
|upkeep
|
|t:|1756925811
|switch|p1b: Sneasler|Sneasler, L50, F, tera:Stellar|100/100
|turn|3
|
|t:|1756925827
|-terastallize|p2b: Charizard|Ghost
|move|p1a: Electabuzz|Follow Me|p1a: Electabuzz
|-singleturn|p1a: Electabuzz|move: Follow Me
|move|p2a: Jumpluff|Tailwind|p2a: Jumpluff
|-sidestart|p2: Freaky torkoal|move: Tailwind
|move|p2b: Charizard|Heat Wave|p1a: Electabuzz|[spread] p1a,p1b
|-crit|p1b: Sneasler
|-damage|p1a: Electabuzz|0 fnt
|-enditem|p1b: Sneasler|Focus Sash
|-damage|p1b: Sneasler|1/100
|faint|p1a: Electabuzz
|move|p1b: Sneasler|Dire Claw|p2b: Charizard
|-resisted|p2b: Charizard
|-damage|p2b: Charizard|0 fnt
|faint|p2b: Charizard
|
|-weather|SunnyDay|[upkeep]
|-heal|p1b: Sneasler|7/100|[from] Grassy Terrain
|upkeep
|
|t:|1756925843
|switch|p2b: Incineroar|Incineroar, L50, F|100/100
|switch|p1a: Rillaboom|Rillaboom, L50, M|100/100
|-ability|p2b: Incineroar|Intimidate|boost
|-unboost|p1a: Rillaboom|atk|1
|-unboost|p1b: Sneasler|atk|1
|turn|4
|
|t:|1756925861
|move|p1a: Rillaboom|Fake Out|p2b: Incineroar
|-damage|p2b: Incineroar|92/100
|move|p2a: Jumpluff|Rage Powder|p2a: Jumpluff
|-singleturn|p2a: Jumpluff|move: Rage Powder
|cant|p2b: Incineroar|flinch
|move|p1b: Sneasler|Dire Claw|p2a: Jumpluff
|-supereffective|p2a: Jumpluff
|-damage|p2a: Jumpluff|30/100
|
|-weather|SunnyDay|[upkeep]
|-heal|p2b: Incineroar|98/100|[from] Grassy Terrain
|-heal|p1b: Sneasler|13/100|[from] Grassy Terrain
|upkeep
|turn|5
|
|t:|1756925883
|move|p2a: Jumpluff|Rage Powder|p2a: Jumpluff
|-singleturn|p2a: Jumpluff|move: Rage Powder
|move|p1a: Rillaboom|Grassy Glide|p2a: Jumpluff
|-resisted|p2a: Jumpluff
|-damage|p2a: Jumpluff|24/100
|move|p2b: Incineroar|Flare Blitz|p1a: Rillaboom
|-supereffective|p1a: Rillaboom
|-damage|p1a: Rillaboom|0 fnt
|faint|p1a: Rillaboom
|-damage|p2b: Incineroar|65/100|[from] Recoil
|move|p1b: Sneasler|Close Combat|p2a: Jumpluff
|-resisted|p2a: Jumpluff
|-damage|p2a: Jumpluff|0 fnt
|-unboost|p1b: Sneasler|def|1
|-unboost|p1b: Sneasler|spd|1
|faint|p2a: Jumpluff
|
|-weather|none
|-heal|p2b: Incineroar|71/100|[from] Grassy Terrain
|-heal|p1b: Sneasler|19/100|[from] Grassy Terrain
|-fieldend|move: Grassy Terrain
|upkeep
|
|t:|1756925899
|switch|p2a: Torkoal|Torkoal, L50, M|100/100
|-weather|SunnyDay|[from] ability: Drought|[of] p2a: Torkoal
|turn|6
|
|t:|1756925904
|move|p2b: Incineroar|Flare Blitz|p1b: Sneasler
|-damage|p1b: Sneasler|0 fnt
|faint|p1b: Sneasler
|-damage|p2b: Incineroar|66/100|[from] Recoil
|
|win|Freaky torkoal
|c|☆R4ka|ggwp
