|j|☆rossatwork26
|j|☆ale_z_plumber
|html|rossatwork26ale_z_plumber    
|uhtml|bestof|Game 3 of a best-of-3
|t:|1784228101
|gametype|doubles
|player|p1|rossatwork26|102|1119
|player|p2|ale_z_plumber|lucas-gen4pt|1046
|gen|9
|tier|[Gen 9 Champions] VGC 2026 Reg M-B (Bo3)
|rated|
|rule|Species Clause: Limit one of each Pokémon
|rule|Item Clause: Limit 1 of each item
|clearpoke
|poke|p1|Sneasler, L50, M|
|poke|p1|Blastoise, L50, M|
|poke|p1|Kingambit, L50, M|
|poke|p1|Incineroar, L50, M|
|poke|p1|Delphox, L50, F|
|poke|p1|Sinistcha, L50|
|poke|p2|Blaziken, L50, M|
|poke|p2|Aerodactyl, L50, M|
|poke|p2|Kingambit, L50, F|
|poke|p2|Basculegion, L50, M|
|poke|p2|Sylveon, L50, M|
|poke|p2|Torkoal, L50, F|
|teampreview|4
|showteam|p1|Sneasler||FocusSash|PoisonTouch|PoisonJab,CloseCombat,FakeOut,QuickGuard|Jolly||M|||50|]Blastoise||Blastoisinite|RainDish|DarkPulse,WaterSpout,ShellSmash,Protect|Modest||M|||50|]Kingambit||BlackGlasses|Defiant|KowtowCleave,SuckerPunch,SwordsDance,Protect|Adamant||M|||50|]Incineroar||SitrusBerry|Intimidate|FlareBlitz,HelpingHand,PartingShot,FakeOut|Careful||M|||50|]Delphox||Delphoxite|Blaze|HeatWave,NastyPlot,Psyshock,Protect|Modest||F|||50|]Sinistcha||KasibBerry|Hospitality|MatchaGotcha,RagePowder,TrickRoom,Protect|Bold|||||50|
|showteam|p2|Blaziken||Blazikenite|SpeedBoost|FlareBlitz,CloseCombat,RockSlide,Protect|Adamant||M|||50|]Aerodactyl||Aerodactylite|Unnerve|RockSlide,DualWingbeat,IceFang,Tailwind|Jolly||M|||50|]Kingambit||LifeOrb|Defiant|KowtowCleave,IronHead,SuckerPunch,Protect|Adamant||F|||50|]Basculegion||FocusSash|Adaptability|LastRespects,Liquidation,AquaJet,Protect|Adamant||M|||50|]Sylveon||FairyFeather|Pixilate|HyperVoice,Moonblast,QuickAttack,Protect|Modest||M|||50|]Torkoal||Leftovers|Drought|WeatherBall,BurningJealousy,Yawn,Protect|Relaxed||F|||50|
|
|t:|1784228161
|teamsize|p1|4
|teamsize|p2|4
|start
|switch|p1a: Incineroar|Incineroar, L50, M|100/100
|switch|p1b: Blastoise|Blastoise, L50, M|100/100
|switch|p2a: Basculegion|Basculegion, L50, M|100/100
|switch|p2b: Aerodactyl|Aerodactyl, L50, M|100/100
|-ability|p2b: Aerodactyl|Unnerve
|-ability|p1a: Incineroar|Intimidate|boost
|-unboost|p2a: Basculegion|atk|1
|-unboost|p2b: Aerodactyl|atk|1
|turn|1
|
|t:|1784228210
|detailschange|p1b: Blastoise|Blastoise-Mega, L50, M
|-mega|p1b: Blastoise|Blastoise|Blastoisinite
|move|p1a: Incineroar|Fake Out|p2b: Aerodactyl
|-resisted|p2b: Aerodactyl|1
|-damage|p2b: Aerodactyl|92/100
|cant|p2b: Aerodactyl|flinch
|move|p2a: Basculegion|Liquidation|p1a: Incineroar
|-supereffective|p1a: Incineroar|1
|-damage|p1a: Incineroar|18/100
|move|p1b: Blastoise|Dark Pulse|p2a: Basculegion
|-supereffective|p2a: Basculegion|1
|-crit|p2a: Basculegion
|-enditem|p2a: Basculegion|Focus Sash
|-damage|p2a: Basculegion|1/100
|
|upkeep
|turn|2
|
|t:|1784228238
|switch|p1a: Sinistcha|Sinistcha, L50|100/100
|move|p2b: Aerodactyl|Rock Slide|p1a: Sinistcha|[spread] p1a,p1b
|-damage|p1a: Sinistcha|87/100
|-damage|p1b: Blastoise|85/100
|move|p2a: Basculegion|Liquidation|p1a: Sinistcha
|-resisted|p1a: Sinistcha|1
|-damage|p1a: Sinistcha|71/100
|-unboost|p1a: Sinistcha|def|1
|move|p1b: Blastoise|Water Spout|p2b: Aerodactyl|[spread] p2a,p2b
|-resisted|p2a: Basculegion|1
|-supereffective|p2b: Aerodactyl|1
|-damage|p2a: Basculegion|0 fnt
|-damage|p2b: Aerodactyl|0 fnt
|faint|p2a: Basculegion
|faint|p2b: Aerodactyl
|
|upkeep
|
|t:|1784228253
|switch|p2b: Torkoal|Torkoal, L50, F|100/100
|switch|p2a: Blaziken|Blaziken, L50, M|100/100
|-weather|SunnyDay|[from] ability: Drought|[of] p2b: Torkoal
|turn|3
|
|t:|1784228294
|switch|p1a: Incineroar|Incineroar, L50, M|18/100
|-enditem|p1a: Incineroar|Sitrus Berry|[eat]
|-heal|p1a: Incineroar|43/100|[from] item: Sitrus Berry
|-ability|p1a: Incineroar|Intimidate|boost
|-unboost|p2a: Blaziken|atk|1
|-unboost|p2b: Torkoal|atk|1
|detailschange|p2a: Blaziken|Blaziken-Mega, L50, M
|-mega|p2a: Blaziken|Blaziken|Blazikenite
|move|p2a: Blaziken|Flare Blitz|p1b: Blastoise
|-resisted|p1b: Blastoise|1
|-damage|p1b: Blastoise|48/100
|-damage|p2a: Blaziken|87/100|[from] Recoil
|move|p1b: Blastoise|Shell Smash|p1b: Blastoise
|-unboost|p1b: Blastoise|def|1
|-unboost|p1b: Blastoise|spd|1
|-boost|p1b: Blastoise|atk|2
|-boost|p1b: Blastoise|spa|2
|-boost|p1b: Blastoise|spe|2
|move|p2b: Torkoal|Yawn|p1b: Blastoise
|-start|p1b: Blastoise|move: Yawn|[of] p2b: Torkoal
|
|-weather|SunnyDay|[upkeep]
|-ability|p2a: Blaziken|Speed Boost|boost
|-boost|p2a: Blaziken|spe|1
|upkeep
|turn|4
|
|t:|1784228331
|switch|p1a: Sinistcha|Sinistcha, L50|71/100
|-heal|p1b: Blastoise|72/100|[from] ability: Hospitality|[of] p1a: Sinistcha
|move|p2a: Blaziken|Protect|p2a: Blaziken
|-singleturn|p2a: Blaziken|Protect
|move|p2b: Torkoal|Protect|p2b: Torkoal
|-singleturn|p2b: Torkoal|Protect
|move|p1b: Blastoise|Water Spout|p2b: Torkoal|[spread] 
|-activate|p2a: Blaziken|move: Protect
|-activate|p2b: Torkoal|move: Protect
|
|-weather|SunnyDay|[upkeep]
|-end|p1b: Blastoise|move: Yawn|[silent]
|-status|p1b: Blastoise|slp
|-ability|p2a: Blaziken|Speed Boost|boost
|-boost|p2a: Blaziken|spe|1
|upkeep
|turn|5
|
|t:|1784228395
|switch|p1a: Incineroar|Incineroar, L50, M|43/100
|-ability|p1a: Incineroar|Intimidate|boost
|-unboost|p2a: Blaziken|atk|1
|-unboost|p2b: Torkoal|atk|1
|cant|p1b: Blastoise|slp
|move|p2a: Blaziken|Flare Blitz|p1b: Blastoise
|-resisted|p1b: Blastoise|1
|-damage|p1b: Blastoise|30/100 slp
|-damage|p2a: Blaziken|74/100|[from] Recoil
|move|p2b: Torkoal|Weather Ball|p1b: Blastoise
|-resisted|p1b: Blastoise|1
|-damage|p1b: Blastoise|0 fnt
|faint|p1b: Blastoise
|
|-weather|SunnyDay|[upkeep]
|-ability|p2a: Blaziken|Speed Boost|boost
|-boost|p2a: Blaziken|spe|1
|upkeep
|inactive|Battle timer is ON: inactive players will automatically lose when time's up. (requested by ale_z_plumber)
|inactive|rossatwork26 has 60 seconds left.
|
|t:|1784228480
|switch|p1b: Sneasler|Sneasler, L50, M|100/100
|turn|6
|inactive|rossatwork26 has 30 seconds left.
|inactive|ale_z_plumber has 30 seconds left.
|inactive|rossatwork26 has 20 seconds left.
|
|t:|1784228518
|move|p2a: Blaziken|Close Combat|p1a: Incineroar
|-supereffective|p1a: Incineroar|1
|-damage|p1a: Incineroar|0 fnt
|-unboost|p2a: Blaziken|def|1
|-unboost|p2a: Blaziken|spd|1
|faint|p1a: Incineroar
|move|p1b: Sneasler|Close Combat|p2a: Blaziken
|-crit|p2a: Blaziken
|-damage|p2a: Blaziken|0 fnt
|-unboost|p1b: Sneasler|def|1
|-unboost|p1b: Sneasler|spd|1
|faint|p2a: Blaziken
|move|p2b: Torkoal|Burning Jealousy|p1b: Sneasler
|-damage|p1b: Sneasler|19/100
|
|-weather|SunnyDay|[upkeep]
|upkeep
|
|t:|1784228520
|switch|p1a: Sinistcha|Sinistcha, L50|71/100
|-heal|p1b: Sneasler|44/100|[from] ability: Hospitality|[of] p1a: Sinistcha
|turn|7
|
|t:|1784228537
|move|p1a: Sinistcha|Rage Powder|p1a: Sinistcha
|-singleturn|p1a: Sinistcha|move: Rage Powder
|move|p1b: Sneasler|Poison Jab|p2b: Torkoal
|-damage|p2b: Torkoal|72/100
|move|p2b: Torkoal|Burning Jealousy|p1b: Sneasler|[spread] p1a,p1b
|-supereffective|p1a: Sinistcha|1
|-damage|p1a: Sinistcha|23/100
|-damage|p1b: Sneasler|0 fnt
|faint|p1b: Sneasler
|
|-weather|none
|-heal|p2b: Torkoal|78/100|[from] item: Leftovers
|upkeep
|turn|8
|-message|rossatwork26 forfeited.
|
|win|ale_z_plumber
|raw|rossatwork26's rating: 1119 → 1089(-30 for losing)
|raw|ale_z_plumber's rating: 1046 → 1086(+40 for winning)
|l|☆rossatwork26
|player|p1|
