|j|☆pgoiko
|j|☆chocokoala vgc
|html|pgoikochocokoala vgc    
|uhtml|bestof|Game 1 of a best-of-3
|t:|1784109951
|gametype|doubles
|player|p1|pgoiko|1|1201
|player|p2|chocokoala vgc|benga|1233
|gen|9
|tier|[Gen 9 Champions] VGC 2026 Reg M-B (Bo3)
|rated|
|rule|Species Clause: Limit one of each Pokémon
|rule|Item Clause: Limit 1 of each item
|clearpoke
|poke|p1|Aerodactyl, L50, F|
|poke|p1|Garchomp, L50, M|
|poke|p1|Kingambit, L50, F|
|poke|p1|Charizard, L50, M|
|poke|p1|Sylveon, L50, F|
|poke|p1|Farigiraf, L50, F|
|poke|p2|Slowbro, L50, F|
|poke|p2|Appletun, L50, F|
|poke|p2|Incineroar, L50, F|
|poke|p2|Glimmora, L50, M|
|poke|p2|Ninetales-Alola, L50, M|
|poke|p2|Conkeldurr, L50, M|
|teampreview|4
|showteam|p1|Aerodactyl||Aerodactylite|Unnerve|IceFang,RockSlide,Tailwind,DualWingbeat|Jolly||F|||50|]Garchomp||LifeOrb|RoughSkin|DragonClaw,StompingTantrum,Earthquake,Protect|Jolly||M|||50|]Kingambit||FocusSash|Defiant|SuckerPunch,KowtowCleave,IronHead,LowKick|Adamant||F|||50|]Charizard||CharizarditeY|Blaze|Protect,WeatherBall,HeatWave,SolarBeam|Modest||M|||50|]Sylveon||FairyFeather|Pixilate|Protect,HyperVoice,HyperBeam,QuickAttack|Modest||F|||50|]Farigiraf||SitrusBerry|ArmorTail|TrickRoom,Thunderbolt,Roar,TwinBeam|Bold||F|||50|
|showteam|p2|Slowbro||Slowbronite|Regenerator|Psychic,Scald,Protect,TrickRoom|Modest||F|||50|]Appletun||Leftovers|ThickFat|AppleAcid,DragonPulse,Protect,LeechSeed|Sassy||F|||50|]Incineroar||SitrusBerry|Intimidate|FakeOut,PartingShot,FlareBlitz,DarkestLariat|Careful||F|||50|]Glimmora||Glimmoranite|ToxicDebris|PowerGem,SludgeBomb,SpikyShield,EarthPower|Timid||M|||50|]Ninetales-Alola||LightClay|SnowWarning|Blizzard,Moonblast,Protect,AuroraVeil|Timid||M|||50|]Conkeldurr||LifeOrb|IronFist|MachPunch,DrainPunch,Protect,KnockOff|Brave||M|||50|
|inactive|Battle timer is ON: inactive players will automatically lose when time's up. (requested by chocokoala vgc)
|inactive|pgoiko has 60 seconds left.
|
|t:|1784109998
|teamsize|p1|4
|teamsize|p2|4
|start
|switch|p1a: Farigiraf|Farigiraf, L50, F|100/100
|switch|p1b: Kingambit|Kingambit, L50, F|100/100
|switch|p2a: Glimmora|Glimmora, L50, M|100/100
|switch|p2b: Conkeldurr|Conkeldurr, L50, M|100/100
|turn|1
|
|t:|1784110011
|switch|p1b: Charizard|Charizard, L50, M|100/100
|move|p2a: Glimmora|Spiky Shield|p2a: Glimmora
|-singleturn|p2a: Glimmora|move: Protect
|move|p1a: Farigiraf|Twin Beam|p2a: Glimmora
|-activate|p2a: Glimmora|move: Protect
|move|p2b: Conkeldurr|Drain Punch|p1b: Charizard
|-resisted|p1b: Charizard|1
|-damage|p1b: Charizard|66/100
|-damage|p2b: Conkeldurr|90/100|[from] item: Life Orb
|
|upkeep
|turn|2
|
|t:|1784110028
|switch|p2a: Incineroar|Incineroar, L50, F|100/100
|-ability|p2a: Incineroar|Intimidate|boost
|-unboost|p1a: Farigiraf|atk|1
|-unboost|p1b: Charizard|atk|1
|move|p1b: Charizard|Protect|p1b: Charizard
|-singleturn|p1b: Charizard|Protect
|move|p1a: Farigiraf|Twin Beam|p2a: Incineroar
|-immune|p2a: Incineroar
|move|p2b: Conkeldurr|Drain Punch|p1a: Farigiraf
|-damage|p1a: Farigiraf|41/100
|-heal|p2b: Conkeldurr|100/100|[from] drain|[of] p1a: Farigiraf
|-enditem|p1a: Farigiraf|Sitrus Berry|[eat]
|-heal|p1a: Farigiraf|66/100|[from] item: Sitrus Berry
|-damage|p2b: Conkeldurr|90/100|[from] item: Life Orb
|
|upkeep
|turn|3
|
|t:|1784110048
|detailschange|p1b: Charizard|Charizard-Mega-Y, L50, M
|-mega|p1b: Charizard|Charizard|Charizardite Y
|-weather|SunnyDay|[from] ability: Drought|[of] p1b: Charizard
|move|p2b: Conkeldurr|Protect|p2b: Conkeldurr
|-singleturn|p2b: Conkeldurr|Protect
|move|p1b: Charizard|Weather Ball|p2b: Conkeldurr
|-activate|p2b: Conkeldurr|move: Protect
|move|p2a: Incineroar|Flare Blitz|p1a: Farigiraf
|-crit|p1a: Farigiraf
|-damage|p1a: Farigiraf|0 fnt
|faint|p1a: Farigiraf
|-damage|p2a: Incineroar|76/100|[from] Recoil
|
|-weather|SunnyDay|[upkeep]
|upkeep
|
|t:|1784110058
|switch|p1a: Garchomp|Garchomp, L50, M|100/100
|turn|4
|
|t:|1784110070
|switch|p2a: Ninetales|Ninetales-Alola, L50, M|100/100
|-weather|Snowscape|[from] ability: Snow Warning|[of] p2a: Ninetales
|move|p1a: Garchomp|Earthquake|p2b: Conkeldurr|[spread] p2a,p2b
|-immune|p1b: Charizard
|-damage|p2a: Ninetales|54/100
|-damage|p2b: Conkeldurr|47/100
|-damage|p1a: Garchomp|90/100|[from] item: Life Orb
|move|p1b: Charizard|Weather Ball|p2b: Conkeldurr
|-damage|p2b: Conkeldurr|3/100
|move|p2b: Conkeldurr|Drain Punch|p1a: Garchomp
|-damage|p1a: Garchomp|24/100
|-heal|p2b: Conkeldurr|33/100|[from] drain|[of] p1a: Garchomp
|-damage|p2b: Conkeldurr|21/100|[from] ability: Rough Skin|[of] p1a: Garchomp
|-damage|p2b: Conkeldurr|11/100|[from] item: Life Orb
|
|-weather|Snowscape|[upkeep]
|upkeep
|turn|5
|
|t:|1784110092
|switch|p2b: Incineroar|Incineroar, L50, F|76/100
|-ability|p2b: Incineroar|Intimidate|boost
|-unboost|p1a: Garchomp|atk|1
|-unboost|p1b: Charizard|atk|1
|move|p1a: Garchomp|Protect|p1a: Garchomp
|-singleturn|p1a: Garchomp|Protect
|move|p2a: Ninetales|Blizzard|p1b: Charizard|[spread] p1b
|-activate|p1a: Garchomp|move: Protect
|-damage|p1b: Charizard|36/100
|move|p1b: Charizard|Heat Wave|p2a: Ninetales|[spread] p2a,p2b
|-supereffective|p2a: Ninetales|1
|-resisted|p2b: Incineroar|1
|-crit|p2b: Incineroar
|-damage|p2a: Ninetales|0 fnt
|-damage|p2b: Incineroar|54/100
|faint|p2a: Ninetales
|
|-weather|Snowscape|[upkeep]
|upkeep
|
|t:|1784110100
|switch|p2a: Glimmora|Glimmora, L50, M|100/100
|turn|6
|
|t:|1784110108
|switch|p1b: Kingambit|Kingambit, L50, F|100/100
|detailschange|p2a: Glimmora|Glimmora-Mega, L50, M
|-mega|p2a: Glimmora|Glimmora|Glimmoranite
|move|p2b: Incineroar|Fake Out|p1a: Garchomp
|-damage|p1a: Garchomp|13/100
|-damage|p2b: Incineroar|41/100|[from] ability: Rough Skin|[of] p1a: Garchomp
|-enditem|p2b: Incineroar|Sitrus Berry|[eat]
|-heal|p2b: Incineroar|66/100|[from] item: Sitrus Berry
|cant|p1a: Garchomp|flinch
|move|p2a: Glimmora|Sludge Bomb|p1a: Garchomp
|-resisted|p1a: Garchomp|1
|-damage|p1a: Garchomp|0 fnt
|faint|p1a: Garchomp
|
|-weather|Snowscape|[upkeep]
|upkeep
|
|t:|1784110119
|switch|p1a: Charizard|Charizard-Mega-Y, L50, M|36/100
|-weather|SunnyDay|[from] ability: Drought|[of] p1a: Charizard
|turn|7
|
|t:|1784110126
|move|p2a: Glimmora|Spiky Shield|p2a: Glimmora
|-singleturn|p2a: Glimmora|move: Protect
|move|p1a: Charizard|Weather Ball|p2b: Incineroar
|-resisted|p2b: Incineroar|1
|-damage|p2b: Incineroar|32/100
|move|p1b: Kingambit|Iron Head|p2a: Glimmora
|-activate|p2a: Glimmora|move: Protect
|-damage|p1b: Kingambit|87/100|[from] Spiky Shield|[of] p2a: Glimmora
|move|p2b: Incineroar|Flare Blitz|p1b: Kingambit
|-supereffective|p1b: Kingambit|1
|-damage|p1b: Kingambit|0 fnt
|faint|p1b: Kingambit
|-damage|p2b: Incineroar|6/100|[from] Recoil
|
|-weather|SunnyDay|[upkeep]
|upkeep
|turn|8
|
|t:|1784110138
|move|p2a: Glimmora|Power Gem|p1a: Charizard
|-supereffective|p1a: Charizard|2
|-damage|p1a: Charizard|0 fnt
|faint|p1a: Charizard
|
|win|chocokoala vgc
