|j|☆ryanpowneyissoslay
|j|☆hungry hillo
|html|ryanpowneyissoslayhungry hillo    
|uhtml|bestof|Game 2 of a best-of-3
|t:|1756152743
|gametype|doubles
|player|p1|ryanpowneyissoslay|ghetsis|
|player|p2|hungry hillo|n|
|gen|9
|tier|[Gen 9] VGC 2025 Reg H (Bo3)
|rule|Species Clause: Limit one of each Pokémon
|rule|Item Clause: Limit 1 of each item
|clearpoke
|poke|p1|Annihilape, L50, F|
|poke|p1|Maushold, L50|
|poke|p1|Pelipper, L50, M|
|poke|p1|Archaludon, L50, F|
|poke|p1|Basculegion, L50, M|
|poke|p1|Amoonguss, L50, F|
|poke|p2|Sneasler, L50, M|
|poke|p2|Clefable, L50, M|
|poke|p2|Gholdengo, L50|
|poke|p2|Magmar, L50, F|
|poke|p2|Dragapult, L50, F|
|poke|p2|Rillaboom, L50, M|
|teampreview|4
|showteam|p1|Annihilape||SpellTag|Defiant|DrainPunch,RageFist,BulkUp,Protect|||F|||50|,,,,,Water]Maushold||SafetyGoggles|FriendGuard|BeatUp,FollowMe,Taunt,Protect||||||50|,,,,,Ghost]Pelipper||FocusSash|Drizzle|MuddyWater,Hurricane,Tailwind,Protect|||M|||50|,,,,,Stellar]Archaludon||AssaultVest|Stamina|ElectroShot,BodyPress,Snarl,DragonPulse|||F|||50|,,,,,Bug]Basculegion||ChoiceBand|SwiftSwim|WaveCrash,LastRespects,FlipTurn,AquaJet|||M|||50|,,,,,Water]Amoonguss||SitrusBerry|Regenerator|Spore,RagePowder,PollenPuff,Protect|||F|||50|,,,,,Water
|showteam|p2|Sneasler||FocusSash|Unburden|CloseCombat,DireClaw,Protect,ThroatChop|||M|||50|,,,,,Dark]Clefable||RockyHelmet|Unaware|Moonblast,IcyWind,FollowMe,Protect|||M|||50|,,,,,Steel]Gholdengo||LifeOrb|GoodasGold|MakeItRain,ShadowBall,NastyPlot,Protect||||||50|,,,,,Water]Magmar||Eviolite|VitalSpirit|Taunt,Overheat,FollowMe,Protect|||F|||50|,,,,,Ghost]Dragapult||ChoiceSpecs|ClearBody|Flamethrower,ShadowBall,DracoMeteor,Thunderbolt|||F|||50|,,,,,Fire]Rillaboom||AssaultVest|GrassySurge|WoodHammer,GrassyGlide,HighHorsepower,FakeOut|||M|||50|,,,,,Fire
|inactive|Battle timer is ON: inactive players will automatically lose when time's up. (requested by ryanpowneyissoslay)
|inactive|hungry hillo has 60 seconds left.
|
|t:|1756152783
|teamsize|p1|4
|teamsize|p2|4
|start
|switch|p1a: Annihilape|Annihilape, L50, F|100/100
|switch|p1b: Maushold|Maushold, L50|100/100
|switch|p2a: Devil|Clefable, L50, M, shiny|100/100
|switch|p2b: Mr krabe|Gholdengo, L50|100/100
|turn|1
|
|t:|1756152807
|-terastallize|p1a: Annihilape|Water
|move|p2a: Devil|Follow Me|p2a: Devil
|-singleturn|p2a: Devil|move: Follow Me
|move|p1b: Maushold|Beat Up|p2a: Devil
|-resisted|p2a: Devil
|-damage|p2a: Devil|99/100
|-resisted|p2a: Devil
|-damage|p2a: Devil|99/100
|-resisted|p2a: Devil
|-damage|p2a: Devil|98/100
|-resisted|p2a: Devil
|-damage|p2a: Devil|97/100
|-hitcount|p2a: Devil|4
|move|p1a: Annihilape|Rage Fist|p2a: Devil
|-damage|p2a: Devil|76/100
|-damage|p1a: Annihilape|84/100|[from] item: Rocky Helmet|[of] p2a: Devil
|move|p2b: Mr krabe|Nasty Plot|p2b: Mr krabe
|-boost|p2b: Mr krabe|spa|2
|
|upkeep
|turn|2
|
|t:|1756152829
|move|p2a: Devil|Follow Me|p2a: Devil
|-singleturn|p2a: Devil|move: Follow Me
|move|p1b: Maushold|Taunt|p2a: Devil
|-start|p2a: Devil|move: Taunt
|move|p1a: Annihilape|Bulk Up|p1a: Annihilape
|-boost|p1a: Annihilape|atk|1
|-boost|p1a: Annihilape|def|1
|move|p2b: Mr krabe|Make It Rain|p1a: Annihilape|[spread] p1a,p1b
|-resisted|p1a: Annihilape
|-damage|p1a: Annihilape|45/100
|-damage|p1b: Maushold|0 fnt
|-unboost|p2b: Mr krabe|spa|1
|faint|p1b: Maushold
|-damage|p2b: Mr krabe|91/100|[from] item: Life Orb
|
|upkeep
|
|t:|1756152846
|switch|p1b: Basculegion|Basculegion, L50, M|100/100
|turn|3
|
|t:|1756152854
|-terastallize|p2a: Devil|Steel
|move|p2b: Mr krabe|Protect|p2b: Mr krabe
|-singleturn|p2b: Mr krabe|Protect
|move|p1a: Annihilape|Rage Fist|p2b: Mr krabe
|-activate|p2b: Mr krabe|move: Protect
|move|p1b: Basculegion|Last Respects|p2b: Mr krabe
|-activate|p2b: Mr krabe|move: Protect
|move|p2a: Devil|Icy Wind|p1b: Basculegion|[spread] p1a,p1b
|-resisted|p1a: Annihilape
|-resisted|p1b: Basculegion
|-damage|p1a: Annihilape|41/100
|-damage|p1b: Basculegion|95/100
|-unboost|p1a: Annihilape|spe|1
|-ability|p1a: Annihilape|Defiant|boost
|-boost|p1a: Annihilape|atk|2
|-unboost|p1b: Basculegion|spe|1
|
|upkeep
|turn|4
|inactive|hungry hillo has 30 seconds left.
|
|t:|1756152880
|switch|p1a: Pelipper|Pelipper, L50, M|100/100
|-weather|RainDance|[from] ability: Drizzle|[of] p1a: Pelipper
|move|p1b: Basculegion|Last Respects|p2b: Mr krabe
|-supereffective|p2b: Mr krabe
|-damage|p2b: Mr krabe|0 fnt
|faint|p2b: Mr krabe
|move|p2a: Devil|Icy Wind|p1b: Basculegion|[spread] p1a,p1b
|-resisted|p1b: Basculegion
|-damage|p1a: Pelipper|84/100
|-damage|p1b: Basculegion|90/100
|-unboost|p1a: Pelipper|spe|1
|-unboost|p1b: Basculegion|spe|1
|
|-weather|RainDance|[upkeep]
|upkeep
|
|t:|1756152890
|switch|p2b: Wisper|Dragapult, L50, F|100/100
|turn|5
|
|t:|1756152904
|switch|p1b: Annihilape|Annihilape, L50, F, tera:Water|41/100
|move|p2b: Wisper|Shadow Ball|p1b: Annihilape
|-damage|p1b: Annihilape|0 fnt
|faint|p1b: Annihilape
|move|p2a: Devil|Moonblast|p1a: Pelipper
|-damage|p1a: Pelipper|32/100
|move|p1a: Pelipper|Tailwind|p1a: Pelipper
|-sidestart|p1: ryanpowneyissoslay|move: Tailwind
|
|-weather|RainDance|[upkeep]
|-end|p2a: Devil|move: Taunt
|upkeep
|
|t:|1756152909
|switch|p1b: Basculegion|Basculegion, L50, M|90/100
|turn|6
|
|t:|1756152917
|move|p2a: Devil|Follow Me|p2a: Devil
|-singleturn|p2a: Devil|move: Follow Me
|move|p1b: Basculegion|Last Respects|p2a: Devil
|-damage|p2a: Devil|0 fnt
|faint|p2a: Devil
|move|p2b: Wisper|Shadow Ball|p1b: Basculegion
|-supereffective|p1b: Basculegion
|-crit|p1b: Basculegion
|-damage|p1b: Basculegion|0 fnt
|faint|p1b: Basculegion
|move|p1a: Pelipper|Hurricane|p2b: Wisper
|-damage|p2b: Wisper|25/100
|
|-weather|RainDance|[upkeep]
|upkeep
|
|t:|1756152925
|switch|p2a: ƁºƁ|Sneasler, L50, M|100/100
|turn|7
|
|t:|1756152934
|move|p2b: Wisper|Shadow Ball|p1a: Pelipper
|-damage|p1a: Pelipper|0 fnt
|faint|p1a: Pelipper
|
|win|hungry hillo
||ryanpowneyissoslay is ready for game 3.
|inactive|hungry hillo has 30 seconds to confirm battle start!
||hungry hillo is ready for game 3.
|uhtml|next|Next: Game 3 of 3
|l|☆ryanpowneyissoslay
|player|p1|
|l|☆hungry hillo
|player|p2|
|j|☆hungry hillo
|player|p2|hungry hillo|n|
