|j|☆ga sneasler
|j|☆Soratami
|html|ga sneaslerSoratami    
|uhtml|bestof|Game 2 of a best-of-3
|t:|1757912526
|gametype|doubles
|player|p1|ga sneasler|170|1397
|player|p2|Soratami|ethan|1272
|gen|9
|tier|[Gen 9] VGC 2025 Reg H (Bo3)
|rated|
|rule|Species Clause: Limit one of each Pokémon
|rule|Item Clause: Limit 1 of each item
|clearpoke
|poke|p1|Dragapult, L50, M|
|poke|p1|Kingambit, L50, F|
|poke|p1|Electabuzz, L50, F|
|poke|p1|Blaziken, L50, F|
|poke|p1|Primarina, L50, M|
|poke|p1|Rillaboom, L50, M|
|poke|p2|Pelipper, L50, M|
|poke|p2|Blastoise, L50, F|
|poke|p2|Dragonite, L50, M|
|poke|p2|Archaludon, L50, M|
|poke|p2|Electabuzz, L50, F|
|poke|p2|Rillaboom, L50, F|
|teampreview|4
|showteam|p1|Dragapult||ChoiceBand|ClearBody|Outrage,DragonDarts,PhantomForce,Uturn|||M|||50|,,,,,Dragon]Kingambit||SafetyGoggles|Defiant|KowtowCleave,SuckerPunch,SwordsDance,Protect|||F|||50|,,,,,Dark]Electabuzz||Eviolite|VitalSpirit|Thunderbolt,HelpingHand,FollowMe,Protect|||F|||50|,,,,,Fairy]Blaziken||FocusSash|SpeedBoost|HeatWave,AuraSphere,Coaching,Detect|||F|||50|,,,,,Stellar]Primarina||SitrusBerry|LiquidVoice|Moonblast,HyperVoice,Haze,Protect|||M|||50|,,,,,Water]Rillaboom||AssaultVest|GrassySurge|WoodHammer,GrassyGlide,FakeOut,Uturn|||M|||50|,,,,,Fire
|showteam|p2|Pelipper||FocusSash|Drizzle|Hurricane,Tailwind,WeatherBall,WideGuard|||M|||50|,,,,,Steel]Blastoise||MysticWater|RainDish|HydroPump,ShellSmash,WaterSpout,Protect|||F|||50|,,,,,Water]Dragonite||LoadedDice|Multiscale|ExtremeSpeed,Haze,ScaleShot,Protect|||M|||50|,,,,,Fairy]Archaludon||AssaultVest|Stamina|BodyPress,ElectroShot,DracoMeteor,FlashCannon|||M|||50|,,,,,Grass]Electabuzz||Eviolite|VitalSpirit|FollowMe,ThunderWave,Thunderbolt,Protect|||F|||50|,,,,,Ghost]Rillaboom||MiracleSeed|GrassySurge|FakeOut,GrassyGlide,WoodHammer,HighHorsepower|||F|||50|,,,,,Fire
|inactive|Battle timer is ON: inactive players will automatically lose when time's up. (requested by Soratami)
|inactive|ga sneasler also wants the timer to be on.
|inactive|Soratami has 60 seconds left.
|inactive|Soratami has 30 seconds left.
|inactive|Soratami has 20 seconds left.
|
|t:|1757912598
|teamsize|p1|4
|teamsize|p2|4
|start
|switch|p1a: Rillaboom|Rillaboom, L50, M|100/100
|switch|p1b: Kingambit|Kingambit, L50, F|100/100
|switch|p2a: Dragonite|Dragonite, L50, M|100/100
|switch|p2b: Archaludon|Archaludon, L50, M|100/100
|-fieldstart|move: Grassy Terrain|[from] ability: Grassy Surge|[of] p1a: Rillaboom
|turn|1
|
|t:|1757912611
|-terastallize|p1b: Kingambit|Dark
|move|p2a: Dragonite|Protect|p2a: Dragonite
|-singleturn|p2a: Dragonite|Protect
|move|p1a: Rillaboom|U-turn|p2a: Dragonite
|-activate|p2a: Dragonite|move: Protect
|move|p2b: Archaludon|Body Press|p1b: Kingambit
|-supereffective|p1b: Kingambit
|-damage|p1b: Kingambit|65/100
|move|p1b: Kingambit|Kowtow Cleave|p2a: Dragonite
|-activate|p2a: Dragonite|move: Protect
|
|-heal|p1b: Kingambit|71/100|[from] Grassy Terrain
|upkeep
|turn|2
|
|t:|1757912632
|switch|p2a: Electabuzz|Electabuzz, L50, F|100/100
|move|p1b: Kingambit|Protect|p1b: Kingambit
|-singleturn|p1b: Kingambit|Protect
|move|p1a: Rillaboom|U-turn|p2a: Electabuzz
|-damage|p2a: Electabuzz|81/100
|
|t:|1757912636
|switch|p1a: Electabuzz|Electabuzz, L50, F|100/100|[from] U-turn
|move|p2b: Archaludon|Body Press|p1b: Kingambit
|-activate|p1b: Kingambit|move: Protect
|
|-heal|p2a: Electabuzz|87/100|[from] Grassy Terrain
|-heal|p1b: Kingambit|76/100|[from] Grassy Terrain
|upkeep
|turn|3
|
|t:|1757912652
|switch|p2b: Dragonite|Dragonite, L50, M|100/100
|move|p1a: Electabuzz|Follow Me|p1a: Electabuzz
|-singleturn|p1a: Electabuzz|move: Follow Me
|move|p2a: Electabuzz|Follow Me|p2a: Electabuzz
|-singleturn|p2a: Electabuzz|move: Follow Me
|move|p1b: Kingambit|Swords Dance|p1b: Kingambit
|-boost|p1b: Kingambit|atk|2
|
|-heal|p2a: Electabuzz|92/100|[from] Grassy Terrain
|-heal|p1b: Kingambit|82/100|[from] Grassy Terrain
|upkeep
|turn|4
|
|t:|1757912669
|move|p1a: Electabuzz|Helping Hand|p1b: Kingambit
|-singleturn|p1b: Kingambit|Helping Hand|[of] p1a: Electabuzz
|move|p2a: Electabuzz|Follow Me|p2a: Electabuzz
|-singleturn|p2a: Electabuzz|move: Follow Me
|move|p2b: Dragonite|Haze|p2b: Dragonite
|-clearallboost
|move|p1b: Kingambit|Kowtow Cleave|p2a: Electabuzz
|-damage|p2a: Electabuzz|13/100
|
|-heal|p2a: Electabuzz|19/100|[from] Grassy Terrain
|-heal|p1b: Kingambit|88/100|[from] Grassy Terrain
|upkeep
|turn|5
|inactive|ga sneasler has 30 seconds left.
|
|t:|1757912697
|switch|p1a: Blaziken|Blaziken, L50, F|100/100
|move|p2a: Electabuzz|Follow Me|p2a: Electabuzz
|-singleturn|p2a: Electabuzz|move: Follow Me
|move|p2b: Dragonite|Scale Shot|p1a: Blaziken
|-damage|p1a: Blaziken|79/100
|-damage|p1a: Blaziken|58/100
|-damage|p1a: Blaziken|34/100
|-damage|p1a: Blaziken|13/100
|-damage|p1a: Blaziken|0 fnt
|faint|p1a: Blaziken
|-hitcount|p1: Blaziken|5
|-unboost|p2b: Dragonite|def|1
|-boost|p2b: Dragonite|spe|1
|move|p1b: Kingambit|Swords Dance|p1b: Kingambit
|-boost|p1b: Kingambit|atk|2
|
|-heal|p2a: Electabuzz|25/100|[from] Grassy Terrain
|-heal|p1b: Kingambit|94/100|[from] Grassy Terrain
|-fieldend|move: Grassy Terrain
|upkeep
|
|t:|1757912701
|switch|p1a: Rillaboom|Rillaboom, L50, M|100/100
|-fieldstart|move: Grassy Terrain|[from] ability: Grassy Surge|[of] p1a: Rillaboom
|turn|6
|
|t:|1757912723
|move|p2b: Dragonite|Protect|p2b: Dragonite
|-singleturn|p2b: Dragonite|Protect
|move|p2a: Electabuzz|Protect|p2a: Electabuzz
|-singleturn|p2a: Electabuzz|Protect
|move|p1a: Rillaboom|Fake Out|p2b: Dragonite
|-activate|p2b: Dragonite|move: Protect
|move|p1b: Kingambit|Kowtow Cleave|p2a: Electabuzz
|-activate|p2a: Electabuzz|move: Protect
|
|-heal|p2a: Electabuzz|31/100|[from] Grassy Terrain
|-heal|p1b: Kingambit|99/100|[from] Grassy Terrain
|upkeep
|turn|7
|
|t:|1757912743
|move|p2a: Electabuzz|Follow Me|p2a: Electabuzz
|-singleturn|p2a: Electabuzz|move: Follow Me
|move|p1a: Rillaboom|Grassy Glide|p2a: Electabuzz
|-damage|p2a: Electabuzz|0 fnt
|faint|p2a: Electabuzz
|move|p2b: Dragonite|Haze|p2b: Dragonite
|-clearallboost
|move|p1b: Kingambit|Kowtow Cleave|p2b: Dragonite
|-damage|p2b: Dragonite|66/100
|
|-heal|p1b: Kingambit|100/100|[from] Grassy Terrain
|upkeep
|
|t:|1757912757
|switch|p2a: Pelipper|Pelipper, L50, M|100/100
|-weather|RainDance|[from] ability: Drizzle|[of] p2a: Pelipper
|turn|8
|inactive|Soratami has 30 seconds left.
|inactive|ga sneasler has 30 seconds left.
|
|t:|1757912795
|-terastallize|p2b: Dragonite|Fairy
|move|p1a: Rillaboom|Grassy Glide|p2a: Pelipper
|-damage|p2a: Pelipper|44/100
|move|p1b: Kingambit|Sucker Punch|p2a: Pelipper
|-damage|p2a: Pelipper|0 fnt
|faint|p2a: Pelipper
|move|p2b: Dragonite|Scale Shot|p1b: Kingambit
|-damage|p1b: Kingambit|89/100
|-damage|p1b: Kingambit|78/100
|-damage|p1b: Kingambit|68/100
|-damage|p1b: Kingambit|56/100
|-hitcount|p1b: Kingambit|4
|-unboost|p2b: Dragonite|def|1
|-boost|p2b: Dragonite|spe|1
|
|-weather|RainDance|[upkeep]
|-heal|p2b: Dragonite|72/100|[from] Grassy Terrain
|-heal|p1b: Kingambit|61/100|[from] Grassy Terrain
|upkeep
|
|t:|1757912812
|switch|p2a: Archaludon|Archaludon, L50, M|100/100
|turn|9
|
|t:|1757912823
|move|p1b: Kingambit|Protect|p1b: Kingambit
|-singleturn|p1b: Kingambit|Protect
|move|p2b: Dragonite|Scale Shot|p1b: Kingambit
|-activate|p1b: Kingambit|move: Protect
|move|p1a: Rillaboom|Wood Hammer|p2b: Dragonite
|-damage|p2b: Dragonite|0 fnt
|faint|p2b: Dragonite
|-damage|p1a: Rillaboom|81/100|[from] Recoil
|move|p2a: Archaludon|Electro Shot||[still]
|-prepare|p2a: Archaludon|Electro Shot
|-boost|p2a: Archaludon|spa|1
|-anim|p2a: Archaludon|Electro Shot|p1b: Kingambit
|-activate|p1b: Kingambit|move: Protect
|
|-weather|RainDance|[upkeep]
|-heal|p1a: Rillaboom|87/100|[from] Grassy Terrain
|-heal|p1b: Kingambit|67/100|[from] Grassy Terrain
|upkeep
|turn|10
|
|t:|1757912841
|switch|p1b: Electabuzz|Electabuzz, L50, F|100/100
|move|p1a: Rillaboom|U-turn|p1b: Electabuzz
|-damage|p1b: Electabuzz|79/100
|
|t:|1757912843
|switch|p1a: Kingambit|Kingambit, L50, F, tera:Dark|67/100|[from] U-turn
|move|p2a: Archaludon|Electro Shot||[still]
|-prepare|p2a: Archaludon|Electro Shot
|-boost|p2a: Archaludon|spa|1
|-anim|p2a: Archaludon|Electro Shot|p1b: Electabuzz
|-resisted|p1b: Electabuzz
|-crit|p1b: Electabuzz
|-damage|p1b: Electabuzz|35/100
|
|-weather|RainDance|[upkeep]
|-heal|p1b: Electabuzz|41/100|[from] Grassy Terrain
|-heal|p1a: Kingambit|73/100|[from] Grassy Terrain
|-fieldend|move: Grassy Terrain
|upkeep
|turn|11
|
|t:|1757912860
|move|p1b: Electabuzz|Follow Me|p1b: Electabuzz
|-singleturn|p1b: Electabuzz|move: Follow Me
|move|p2a: Archaludon|Electro Shot||[still]
|-prepare|p2a: Archaludon|Electro Shot
|-boost|p2a: Archaludon|spa|1
|-anim|p2a: Archaludon|Electro Shot|p1b: Electabuzz
|-resisted|p1b: Electabuzz
|-damage|p1b: Electabuzz|6/100
|move|p1a: Kingambit|Swords Dance|p1a: Kingambit
|-boost|p1a: Kingambit|atk|2
|
|-weather|RainDance|[upkeep]
|upkeep
|turn|12
|
|t:|1757912873
|move|p1b: Electabuzz|Helping Hand|p1a: Kingambit
|-singleturn|p1a: Kingambit|Helping Hand|[of] p1b: Electabuzz
|move|p1a: Kingambit|Sucker Punch|p2a: Archaludon
|-damage|p2a: Archaludon|0 fnt
|faint|p2a: Archaludon
|
|win|ga sneasler
|raw|ga sneasler's rating: 1397 → 1410(+13 for winning)
|raw|Soratami's rating: 1272 → 1256(-16 for losing)
|l|☆ga sneasler
|player|p1|
|l|☆Soratami
|player|p2|
