|j|☆Chandeliere
|j|☆RICHARDHAVOC
|html|ChandeliereRICHARDHAVOC    
|uhtml|bestof|Game 2 of a best-of-3
|t:|1756691503
|gametype|doubles
|player|p1|Chandeliere|ethan|1260
|player|p2|RICHARDHAVOC|265|1322
|gen|9
|tier|[Gen 9] VGC 2025 Reg H (Bo3)
|rated|
|rule|Species Clause: Limit one of each Pokémon
|rule|Item Clause: Limit 1 of each item
|clearpoke
|poke|p1|Ninetales-Alola, L50, M|
|poke|p1|Gholdengo, L50|
|poke|p1|Garchomp, L50, M|
|poke|p1|Incineroar, L50, F|
|poke|p1|Sneasler, L50, F|
|poke|p1|Corviknight, L50, F|
|poke|p2|Whimsicott, L50, F|
|poke|p2|Garchomp, L50, F|
|poke|p2|Gholdengo, L50|
|poke|p2|Incineroar, L50, M|
|poke|p2|Dragonite, L50, M|
|poke|p2|Sneasler, L50, F|
|teampreview|4
|showteam|p1|Ninetales-Alola||LightClay|SnowWarning|AuroraVeil,Blizzard,FreezeDry,Protect|||M|||50|,,,,,Ghost]Gholdengo||LifeOrb|GoodasGold|MakeItRain,ShadowBall,NastyPlot,Protect||||||50|,,,,,Water]Garchomp||ClearAmulet|RoughSkin|Earthquake,StompingTantrum,DragonClaw,Protect|||M|||50|,,,,,Ground]Incineroar||SafetyGoggles|Intimidate|FakeOut,KnockOff,FlareBlitz,PartingShot|||F|||50|,,,,,Ghost]Sneasler||WhiteHerb|Unburden|Coaching,CloseCombat,DireClaw,Protect|||F|||50|,,,,,Ghost]Corviknight||SitrusBerry|MirrorArmor|BodyPress,BraveBird,Tailwind,Protect|||F|||50|,,,,,Fire
|showteam|p2|Whimsicott||FocusSash|Prankster|Moonblast,Tailwind,Encore,Protect|||F|||50|,,,,,Ghost]Garchomp||ClearAmulet|RoughSkin|Earthquake,DragonClaw,StompingTantrum,Protect|||F|||50|,,,,,Ground]Gholdengo||ChoiceSpecs|GoodasGold|MakeItRain,ShadowBall,Trick,Protect||||||50|,,,,,Flying]Incineroar||SafetyGoggles|Intimidate|FakeOut,PartingShot,FlareBlitz,KnockOff|||M|||50|,,,,,Ghost]Dragonite||ChoiceBand|InnerFocus|ExtremeSpeed,AerialAce,IceSpinner,Outrage|||M|||50|,,,,,Normal]Sneasler||WhiteHerb|Unburden|FakeOut,DireClaw,CloseCombat,Protect|||F|||50|,,,,,Stellar
|
|t:|1756691582
|teamsize|p1|4
|teamsize|p2|4
|start
|switch|p1a: Incineroar|Incineroar, L50, F|100/100
|switch|p1b: Corviknight|Corviknight, L50, F|100/100
|switch|p2a: Gholdengo|Gholdengo, L50, shiny|100/100
|switch|p2b: Whimsicott|Whimsicott, L50, F, shiny|100/100
|-ability|p1a: Incineroar|Intimidate|boost
|-unboost|p2a: Gholdengo|atk|1
|-unboost|p2b: Whimsicott|atk|1
|turn|1
|
|t:|1756691602
|switch|p2a: Garchomp|Garchomp, L50, F, shiny|100/100
|move|p2b: Whimsicott|Moonblast|p1a: Incineroar
|-damage|p1a: Incineroar|68/100
|move|p1b: Corviknight|Brave Bird|p2a: Garchomp
|-damage|p2a: Garchomp|60/100
|-damage|p1b: Corviknight|88/100|[from] ability: Rough Skin|[of] p2a: Garchomp
|-damage|p1b: Corviknight|76/100|[from] Recoil
|move|p1a: Incineroar|Flare Blitz|p2a: Garchomp
|-resisted|p2a: Garchomp
|-damage|p2a: Garchomp|36/100
|-damage|p1a: Incineroar|55/100|[from] ability: Rough Skin|[of] p2a: Garchomp
|-damage|p1a: Incineroar|49/100|[from] Recoil
|
|upkeep
|turn|2
|
|t:|1756691640
|switch|p1a: Garchomp|Garchomp, L50, M|100/100
|move|p2b: Whimsicott|Encore|p1b: Corviknight
|-start|p1b: Corviknight|Encore
|move|p2a: Garchomp|Stomping Tantrum|p1a: Garchomp
|-damage|p1a: Garchomp|64/100
|-damage|p2a: Garchomp|24/100|[from] ability: Rough Skin|[of] p1a: Garchomp
|move|p1b: Corviknight|Brave Bird|p2b: Whimsicott
|-supereffective|p2b: Whimsicott
|-enditem|p2b: Whimsicott|Focus Sash
|-damage|p2b: Whimsicott|1/100
|-damage|p1b: Corviknight|54/100|[from] Recoil
|
|upkeep
|turn|3
|
|t:|1756691663
|-terastallize|p1a: Garchomp|Ground
|move|p2a: Garchomp|Protect|p2a: Garchomp
|-singleturn|p2a: Garchomp|Protect
|move|p2b: Whimsicott|Tailwind|p2b: Whimsicott
|-sidestart|p2: RICHARDHAVOC|move: Tailwind
|move|p1a: Garchomp|Stomping Tantrum|p2a: Garchomp
|-activate|p2a: Garchomp|move: Protect
|move|p1b: Corviknight|Brave Bird|p2b: Whimsicott
|-supereffective|p2b: Whimsicott
|-damage|p2b: Whimsicott|0 fnt
|faint|p2b: Whimsicott
|-damage|p1b: Corviknight|54/100|[from] Recoil
|
|upkeep
|
|t:|1756691676
|switch|p2b: Gholdengo|Gholdengo, L50, shiny|100/100
|turn|4
|
|t:|1756691690
|-terastallize|p2b: Gholdengo|Flying
|move|p2a: Garchomp|Stomping Tantrum|p1a: Garchomp
|-damage|p1a: Garchomp|23/100
|-damage|p2a: Garchomp|11/100|[from] ability: Rough Skin|[of] p1a: Garchomp
|move|p2b: Gholdengo|Shadow Ball|p1b: Corviknight
|-damage|p1b: Corviknight|0 fnt
|faint|p1b: Corviknight
|move|p1a: Garchomp|Earthquake|p2a: Garchomp|[spread] p2a
|-immune|p2b: Gholdengo
|-damage|p2a: Garchomp|0 fnt
|faint|p2a: Garchomp
|
|upkeep
|
|t:|1756691705
|switch|p2a: Sneasler|Sneasler, L50, F, shiny|100/100
|switch|p1b: Incineroar|Incineroar, L50, F|49/100
|-ability|p1b: Incineroar|Intimidate|boost
|-unboost|p2a: Sneasler|atk|1
|-unboost|p2b: Gholdengo|atk|1
|-enditem|p2a: Sneasler|White Herb
|-clearnegativeboost|p2a: Sneasler|[silent]
|turn|5
|
|t:|1756691733
|move|p2a: Sneasler|Fake Out|p1b: Incineroar
|-damage|p1b: Incineroar|37/100
|cant|p1b: Incineroar|flinch
|move|p2b: Gholdengo|Shadow Ball|p1a: Garchomp
|-damage|p1a: Garchomp|0 fnt
|faint|p1a: Garchomp
|
|upkeep
|
|t:|1756691741
|switch|p1a: Sneasler|Sneasler, L50, F|100/100
|turn|6
|
|t:|1756691747
|move|p1a: Sneasler|Protect|p1a: Sneasler
|-singleturn|p1a: Sneasler|Protect
|move|p2a: Sneasler|Close Combat|p1b: Incineroar
|-supereffective|p1b: Incineroar
|-damage|p1b: Incineroar|0 fnt
|-unboost|p2a: Sneasler|def|1
|-unboost|p2a: Sneasler|spd|1
|faint|p1b: Incineroar
|move|p2b: Gholdengo|Shadow Ball|p1a: Sneasler
|-activate|p1a: Sneasler|move: Protect
|
|-sideend|p2: RICHARDHAVOC|move: Tailwind
|upkeep
|turn|7
|
|t:|1756691762
|move|p2a: Sneasler|Close Combat|p1a: Sneasler
|-resisted|p1a: Sneasler
|-damage|p1a: Sneasler|53/100
|-unboost|p2a: Sneasler|def|1
|-unboost|p2a: Sneasler|spd|1
|move|p1a: Sneasler|Dire Claw|p2b: Gholdengo
|-damage|p2b: Gholdengo|53/100
|move|p2b: Gholdengo|Shadow Ball|p1a: Sneasler
|-damage|p1a: Sneasler|0 fnt
|faint|p1a: Sneasler
|
|win|RICHARDHAVOC
|raw|Chandeliere's rating: 1260 → 1239(-21 for losing)
|raw|RICHARDHAVOC's rating: 1322 → 1338(+16 for winning)
|l|☆RICHARDHAVOC
|player|p2|
