|j|☆bluntmaster9000
|j|☆SupernovaSZ8
|html|bluntmaster9000SupernovaSZ8    
|uhtml|bestof|Game 2 of a best-of-3
|t:|1755469637
|gametype|doubles
|player|p1|bluntmaster9000|2|1212
|player|p2|SupernovaSZ8|nessa|1245
|gen|9
|tier|[Gen 9] VGC 2025 Reg H (Bo3)
|rated|
|rule|Species Clause: Limit one of each Pokémon
|rule|Item Clause: Limit 1 of each item
|clearpoke
|poke|p1|Gholdengo, L50|
|poke|p1|Rillaboom, L50, M|
|poke|p1|Baxcalibur, L50, M|
|poke|p1|Ninetales-Alola, L50, F|
|poke|p1|Annihilape, L50, M|
|poke|p1|Incineroar, L50, M|
|poke|p2|Blastoise, L50, M|
|poke|p2|Maushold, L50|
|poke|p2|Murkrow, L50, M|
|poke|p2|Amoonguss, L50, F|
|poke|p2|Gholdengo, L50|
|poke|p2|Sneasler, L50, F|
|teampreview|4
|showteam|p1|Gholdengo||ChoiceScarf|GoodasGold|MakeItRain,ShadowBall,PowerGem,Trick||||||50|,,,,,Steel]Rillaboom||AssaultVest|GrassySurge|GrassyGlide,WoodHammer,HighHorsepower,FakeOut|||M|||50|,,,,,Fire]Baxcalibur||LoadedDice|ThermalExchange|IcicleSpear,ScaleShot,HighHorsepower,Protect|||M|||50|,,,,,Ghost]Ninetales-Alola||CovertCloak|SnowWarning|IcyWind,FreezeDry,AuroraVeil,Encore|||F|||50|,,,,,Water]Annihilape||FocusSash|Defiant|CloseCombat,RageFist,Coaching,Protect|||M|||50|,,,,,Grass]Incineroar||SafetyGoggles|Intimidate|FlareBlitz,KnockOff,PartingShot,FakeOut|||M|||50|,,,,,Bug
|showteam|p2|Blastoise||MysticWater|Torrent|WaterSpout,WaterPledge,ShellSmash,Protect|||M|||50|,,,,,Water]Maushold||WideLens|Technician|PopulationBomb,SuperFang,FollowMe,Protect||||||50|,,,,,Grass]Murkrow||Eviolite|Prankster|Tailwind,RainDance,Haze,FoulPlay|||M|||50|,,,,,Ghost]Amoonguss||SitrusBerry|Regenerator|Spore,RagePowder,PollenPuff,Protect|||F|||50|,,,,,Fire]Gholdengo||ChoiceSpecs|GoodasGold|MakeItRain,ShadowBall,PowerGem,Thunderbolt||||||50|,,,,,Steel]Sneasler||FocusSash|Unburden|FakeOut,DireClaw,CloseCombat,Protect|||F|||50|,,,,,Stellar
|inactive|Battle timer is ON: inactive players will automatically lose when time's up. (requested by bluntmaster9000)
|inactive|SupernovaSZ8 has 60 seconds left.
|
|t:|1755469672
|teamsize|p1|4
|teamsize|p2|4
|start
|switch|p1a: Rillaboom|Rillaboom, L50, M, shiny|100/100
|switch|p1b: Annihilape|Annihilape, L50, M, shiny|100/100
|switch|p2a: Murkrow|Murkrow, L50, M|100/100
|switch|p2b: Gholdengo|Gholdengo, L50, shiny|100/100
|-fieldstart|move: Grassy Terrain|[from] ability: Grassy Surge|[of] p1a: Rillaboom
|turn|1
|inactive|bluntmaster9000 has 30 seconds left.
|inactive|bluntmaster9000 has 20 seconds left.
|inactive|bluntmaster9000 has 15 seconds left.
|
|t:|1755469713
|-terastallize|p2a: Murkrow|Ghost
|move|p2a: Murkrow|Tailwind|p2a: Murkrow
|-sidestart|p2: SupernovaSZ8|move: Tailwind
|move|p2b: Gholdengo|Make It Rain|p1b: Annihilape|[spread] p1a,p1b
|-damage|p1a: Rillaboom|52/100
|-damage|p1b: Annihilape|23/100
|-unboost|p2b: Gholdengo|spa|1
|move|p1b: Annihilape|Rage Fist|p2b: Gholdengo
|-supereffective|p2b: Gholdengo
|-damage|p2b: Gholdengo|0 fnt
|faint|p2b: Gholdengo
|move|p1a: Rillaboom|High Horsepower|p2a: Murkrow|[miss]
|-miss|p1a: Rillaboom|p2a: Murkrow
|
|-heal|p1b: Annihilape|29/100|[from] Grassy Terrain
|-heal|p1a: Rillaboom|58/100|[from] Grassy Terrain
|upkeep
|
|t:|1755469722
|switch|p2b: Sneasler|Sneasler, L50, F|100/100
|turn|2
|
|t:|1755469745
|move|p1b: Annihilape|Protect|p1b: Annihilape
|-singleturn|p1b: Annihilape|Protect
|move|p1a: Rillaboom|Grassy Glide|p2b: Sneasler
|-resisted|p2b: Sneasler
|-damage|p2b: Sneasler|71/100
|move|p2b: Sneasler|Dire Claw|p1a: Rillaboom
|-supereffective|p1a: Rillaboom
|-damage|p1a: Rillaboom|0 fnt
|faint|p1a: Rillaboom
|move|p2a: Murkrow|Foul Play|p1b: Annihilape
|-activate|p1b: Annihilape|move: Protect
|
|-heal|p2b: Sneasler|77/100|[from] Grassy Terrain
|-heal|p1b: Annihilape|35/100|[from] Grassy Terrain
|upkeep
|inactive|bluntmaster9000 has 30 seconds left.
|inactive|bluntmaster9000 has 20 seconds left.
|
|t:|1755469785
|switch|p1a: Ninetales|Ninetales-Alola, L50, F, shiny|100/100
|-weather|Snowscape|[from] ability: Snow Warning|[of] p1a: Ninetales
|turn|3
|inactive|bluntmaster9000 has 30 seconds left.
|
|t:|1755469812
|move|p2b: Sneasler|Dire Claw|p1b: Annihilape
|-resisted|p1b: Annihilape
|-damage|p1b: Annihilape|8/100
|-status|p1b: Annihilape|psn
|move|p2a: Murkrow|Foul Play|p1b: Annihilape
|-damage|p1b: Annihilape|0 fnt
|faint|p1b: Annihilape
|move|p1a: Ninetales|Icy Wind|p2b: Sneasler|[spread] p2b
|-miss|p1a: Ninetales|p2a: Murkrow
|-damage|p2b: Sneasler|61/100
|-unboost|p2b: Sneasler|spe|1
|
|-weather|Snowscape|[upkeep]
|-heal|p2b: Sneasler|67/100|[from] Grassy Terrain
|upkeep
|
|t:|1755469821
|switch|p1b: Baxcalibur|Baxcalibur, L50, M, shiny|100/100
|turn|4
|
|t:|1755469837
|move|p2b: Sneasler|Protect|p2b: Sneasler
|-singleturn|p2b: Sneasler|Protect
|move|p2a: Murkrow|Rain Dance|p2a: Murkrow
|-weather|RainDance
|move|p1a: Ninetales|Aurora Veil||[still]
|-fail|p1a: Ninetales
|move|p1b: Baxcalibur|Scale Shot|p2a: Murkrow
|-damage|p2a: Murkrow|83/100
|-damage|p2a: Murkrow|66/100
|-damage|p2a: Murkrow|51/100
|-damage|p2a: Murkrow|33/100
|-hitcount|p2a: Murkrow|4
|-unboost|p1b: Baxcalibur|def|1
|-boost|p1b: Baxcalibur|spe|1
|
|-weather|RainDance|[upkeep]
|-heal|p2b: Sneasler|73/100|[from] Grassy Terrain
|-heal|p2a: Murkrow|39/100|[from] Grassy Terrain
|-sideend|p2: SupernovaSZ8|move: Tailwind
|upkeep
|turn|5
|inactive|bluntmaster9000 has 30 seconds left.
|
|t:|1755469864
|move|p1b: Baxcalibur|Protect|p1b: Baxcalibur
|-singleturn|p1b: Baxcalibur|Protect
|move|p2a: Murkrow|Tailwind|p2a: Murkrow
|-sidestart|p2: SupernovaSZ8|move: Tailwind
|move|p2b: Sneasler|Dire Claw|p1a: Ninetales
|-supereffective|p1a: Ninetales
|-damage|p1a: Ninetales|0 fnt
|faint|p1a: Ninetales
|
|-weather|RainDance|[upkeep]
|-heal|p2b: Sneasler|79/100|[from] Grassy Terrain
|-heal|p2a: Murkrow|45/100|[from] Grassy Terrain
|-fieldend|move: Grassy Terrain
|upkeep
|turn|6
|
|t:|1755469879
|move|p2a: Murkrow|Haze|p2a: Murkrow
|-clearallboost
|move|p2b: Sneasler|Close Combat|p1b: Baxcalibur
|-supereffective|p1b: Baxcalibur
|-damage|p1b: Baxcalibur|0 fnt
|-unboost|p2b: Sneasler|def|1
|-unboost|p2b: Sneasler|spd|1
|faint|p1b: Baxcalibur
|
|win|SupernovaSZ8
|raw|bluntmaster9000's rating: 1212 → 1189(-23 for losing)
|raw|SupernovaSZ8's rating: 1245 → 1268(+23 for winning)
