|j|☆Kampfstube
|j|☆oppePoiZ
|html|KampfstubeoppePoiZ    
|uhtml|bestof|Game 2 of a best-of-3
|t:|1757780933
|gametype|doubles
|player|p1|Kampfstube|n|
|player|p2|oppePoiZ|unknown|
|gen|9
|tier|[Gen 9] VGC 2025 Reg H (Bo3)
|rule|Species Clause: Limit one of each Pokémon
|rule|Item Clause: Limit 1 of each item
|clearpoke
|poke|p1|Grimmsnarl, L50, M|
|poke|p1|Volcarona, L50, M|
|poke|p1|Annihilape, L50, F|
|poke|p1|Ursaluna-Bloodmoon, L50, M|
|poke|p1|Sneasler, L50, M|
|poke|p1|Dragonite, L50, M|
|poke|p2|Sneasler, L50, M|
|poke|p2|Indeedee, L50, M|
|poke|p2|Talonflame, L50, M|
|poke|p2|Garchomp, L50, F|
|poke|p2|Dragonite, L50, F|
|poke|p2|Gholdengo, L50|
|teampreview|4
|showteam|p1|Grimmsnarl||CovertCloak|Prankster|SpiritBreak,LightScreen,Reflect,ThunderWave|||M|||50|,,,,,Steel]Volcarona||SitrusBerry|FlameBody|GigaDrain,QuiverDance,FieryDance,Protect|||M|||50|,,,,,Grass]Annihilape||SafetyGoggles|Defiant|BulkUp,DrainPunch,Protect,RageFist|||F|||50|,,,,,Fire]Ursaluna-Bloodmoon||AssaultVest|MindsEye|EarthPower,BloodMoon,HyperVoice,VacuumWave|||M|||50|,,,,,Water]Sneasler||FocusSash|Unburden|FakeOut,Coaching,CloseCombat,DireClaw|||M|||50|,,,,,Ghost]Dragonite||LoadedDice|Multiscale|ScaleShot,Protect,Haze,ExtremeSpeed|||M|||50|,,,,,Steel
|showteam|p2|Sneasler||PsychicSeed|Unburden|ThroatChop,CloseCombat,DireClaw,Protect|||M|||50|,,,,,Dark]Indeedee||FocusSash|PsychicSurge|ExpandingForce,TeraBlast,TrickRoom,Imprison|||M|||50|,,,,,Psychic]Talonflame||CovertCloak|GaleWings|Tailwind,BraveBird,Taunt,WillOWisp|||M|||50|,,,,,Steel]Garchomp||ClearAmulet|RoughSkin|Earthquake,StompingTantrum,Protect,DragonClaw|||F|||50|,,,,,Ground]Dragonite||LoadedDice|Multiscale|ScaleShot,Protect,Haze,Tailwind|||F|||50|,,,,,Fairy]Gholdengo||LifeOrb|GoodasGold|MakeItRain,ShadowBall,Protect,NastyPlot||||||50|,,,,,Steel
|inactive|Battle timer is ON: inactive players will automatically lose when time's up. (requested by Kampfstube)
|inactive|Kampfstube has 60 seconds left.
|inactive|oppePoiZ has 60 seconds left.
|
|t:|1757780979
|teamsize|p1|4
|teamsize|p2|4
|start
|switch|p1a: Grimmsnarl|Grimmsnarl, L50, M|100/100
|switch|p1b: Volcarona|Volcarona, L50, M, shiny|100/100
|switch|p2a: Sneasler|Sneasler, L50, M, shiny|100/100
|switch|p2b: Indeedee|Indeedee, L50, M|100/100
|-fieldstart|move: Psychic Terrain|[from] ability: Psychic Surge|[of] p2b: Indeedee
|-enditem|p2a: Sneasler|Psychic Seed
|-boost|p2a: Sneasler|spd|1|[from] item: Psychic Seed
|turn|1
|
|t:|1757780998
|move|p1a: Grimmsnarl|Reflect|p1a: Grimmsnarl
|-sidestart|p1: Kampfstube|Reflect
|move|p2a: Sneasler|Dire Claw|p1a: Grimmsnarl
|-supereffective|p1a: Grimmsnarl
|-damage|p1a: Grimmsnarl|50/100
|move|p2b: Indeedee|Tera Blast|p1a: Grimmsnarl
|-damage|p1a: Grimmsnarl|15/100
|move|p1b: Volcarona|Quiver Dance|p1b: Volcarona
|-boost|p1b: Volcarona|spa|1
|-boost|p1b: Volcarona|spd|1
|-boost|p1b: Volcarona|spe|1
|
|upkeep
|turn|2
|inactive|Kampfstube has 30 seconds left.
|inactive|oppePoiZ has 30 seconds left.
|
|t:|1757781027
|move|p1b: Volcarona|Protect|p1b: Volcarona
|-singleturn|p1b: Volcarona|Protect
|move|p1a: Grimmsnarl|Reflect||[still]
|-fail|p1a: Grimmsnarl
|move|p2a: Sneasler|Dire Claw|p1b: Volcarona
|-activate|p1b: Volcarona|move: Protect
|move|p2b: Indeedee|Tera Blast|p1a: Grimmsnarl
|-damage|p1a: Grimmsnarl|0 fnt
|faint|p1a: Grimmsnarl
|
|upkeep
|
|t:|1757781040
|switch|p1a: Sneasler|Sneasler, L50, M, shiny|100/100
|turn|3
|
|t:|1757781063
|move|p2a: Sneasler|Dire Claw|p1b: Volcarona
|-damage|p1b: Volcarona|74/100
|-status|p1b: Volcarona|psn
|move|p1a: Sneasler|Dire Claw|p2b: Indeedee
|-damage|p2b: Indeedee|14/100
|-status|p2b: Indeedee|psn
|move|p1b: Volcarona|Fiery Dance|p2b: Indeedee
|-crit|p2b: Indeedee
|-damage|p2b: Indeedee|0 fnt
|-boost|p1b: Volcarona|spa|1
|faint|p2b: Indeedee
|
|-damage|p1b: Volcarona|61/100 psn|[from] psn
|upkeep
|
|t:|1757781082
|switch|p2b: Dragonite|Dragonite, L50, F|100/100
|turn|4
|
|t:|1757781095
|move|p2a: Sneasler|Protect|p2a: Sneasler
|-singleturn|p2a: Sneasler|Protect
|move|p1a: Sneasler|Dire Claw|p2b: Dragonite
|-damage|p2b: Dragonite|76/100
|move|p1b: Volcarona|Giga Drain|p2b: Dragonite
|-resisted|p2b: Dragonite
|-damage|p2b: Dragonite|65/100
|-heal|p1b: Volcarona|66/100 psn|[from] drain|[of] p2b: Dragonite
|move|p2b: Dragonite|Tailwind|p2b: Dragonite
|-sidestart|p2: oppePoiZ|move: Tailwind
|
|-damage|p1b: Volcarona|54/100 psn|[from] psn
|upkeep
|turn|5
|
|t:|1757781117
|switch|p1a: Annihilape|Annihilape, L50, F|100/100
|move|p1b: Volcarona|Protect|p1b: Volcarona
|-singleturn|p1b: Volcarona|Protect
|move|p2a: Sneasler|Dire Claw|p1b: Volcarona
|-activate|p1b: Volcarona|move: Protect
|move|p2b: Dragonite|Haze|p2b: Dragonite
|-clearallboost
|
|-damage|p1b: Volcarona|41/100 psn|[from] psn
|-sideend|p1: Kampfstube|Reflect
|-fieldend|move: Psychic Terrain
|upkeep
|-enditem|p1b: Volcarona|Sitrus Berry|[eat]
|-heal|p1b: Volcarona|66/100 psn|[from] item: Sitrus Berry
|turn|6
|inactive|Kampfstube has 30 seconds left.
|inactive|oppePoiZ has 30 seconds left.
|
|t:|1757781146
|move|p2a: Sneasler|Throat Chop|p1a: Annihilape
|-damage|p1a: Annihilape|74/100
|-start|p1a: Annihilape|Throat Chop|[silent]
|move|p2b: Dragonite|Scale Shot|p1b: Volcarona|[miss]
|-miss|p2b: Dragonite|p1b: Volcarona
|move|p1b: Volcarona|Fiery Dance|p2b: Dragonite
|-resisted|p2b: Dragonite
|-damage|p2b: Dragonite|47/100
|move|p1a: Annihilape|Rage Fist|p2b: Dragonite
|-damage|p2b: Dragonite|0 fnt
|faint|p2b: Dragonite
|
|-damage|p1b: Volcarona|54/100 psn|[from] psn
|upkeep
|
|t:|1757781158
|switch|p2b: Gholdengo|Gholdengo, L50|100/100
|turn|7
|
|t:|1757781177
|move|p1a: Annihilape|Protect|p1a: Annihilape
|-singleturn|p1a: Annihilape|Protect
|move|p2a: Sneasler|Dire Claw|p1b: Volcarona
|-damage|p1b: Volcarona|16/100 psn
|move|p2b: Gholdengo|Nasty Plot|p2b: Gholdengo
|-boost|p2b: Gholdengo|spa|2
|move|p1b: Volcarona|Fiery Dance|p2b: Gholdengo
|-supereffective|p2b: Gholdengo
|-damage|p2b: Gholdengo|11/100
|
|-damage|p1b: Volcarona|4/100 psn|[from] psn
|-end|p1a: Annihilape|Throat Chop|[silent]
|-sideend|p2: oppePoiZ|move: Tailwind
|upkeep
|turn|8
|
|t:|1757781199
|-terastallize|p1a: Annihilape|Fire
|move|p2b: Gholdengo|Protect|p2b: Gholdengo
|-singleturn|p2b: Gholdengo|Protect
|move|p2a: Sneasler|Dire Claw|p1a: Annihilape
|-damage|p1a: Annihilape|36/100
|move|p1b: Volcarona|Giga Drain|p2a: Sneasler
|-resisted|p2a: Sneasler
|-damage|p2a: Sneasler|84/100
|-heal|p1b: Volcarona|10/100 psn|[from] drain|[of] p2a: Sneasler
|move|p1a: Annihilape|Rage Fist|p2b: Gholdengo
|-activate|p2b: Gholdengo|move: Protect
|
|-damage|p1b: Volcarona|0 fnt|[from] psn
|faint|p1b: Volcarona
|upkeep
|
|t:|1757781217
|switch|p1b: Sneasler|Sneasler, L50, M, shiny|100/100
|turn|9
|inactive|Kampfstube has 30 seconds left.
|inactive|oppePoiZ has 30 seconds left.
|inactive|Kampfstube has 20 seconds left.
|inactive|oppePoiZ has 20 seconds left.
|inactive|Kampfstube has 15 seconds left.
|inactive|oppePoiZ has 15 seconds left.
|inactive|oppePoiZ has 10 seconds left.
|
|t:|1757781266
|move|p2a: Sneasler|Protect|p2a: Sneasler
|-singleturn|p2a: Sneasler|Protect
|move|p2b: Gholdengo|Protect||[still]
|-fail|p2b: Gholdengo
|move|p1b: Sneasler|Fake Out|p2b: Gholdengo
|-immune|p2b: Gholdengo
|move|p1a: Annihilape|Drain Punch|p2b: Gholdengo
|-immune|p2b: Gholdengo
|
|upkeep
|turn|10
|inactive|oppePoiZ has 30 seconds left.
|inactive|oppePoiZ has 20 seconds left.
|inactive|oppePoiZ has 15 seconds left.
|
|t:|1757781307
|move|p1a: Annihilape|Protect|p1a: Annihilape
|-singleturn|p1a: Annihilape|Protect
|move|p2a: Sneasler|Dire Claw|p1a: Annihilape
|-activate|p1a: Annihilape|move: Protect
|move|p1b: Sneasler|Dire Claw|p2a: Sneasler
|-resisted|p2a: Sneasler
|-damage|p2a: Sneasler|51/100
|move|p2b: Gholdengo|Nasty Plot|p2b: Gholdengo
|-boost|p2b: Gholdengo|spa|2
|
|upkeep
|turn|11
|inactive|Kampfstube has 30 seconds left.
|
|t:|1757781340
|move|p2a: Sneasler|Dire Claw|p1a: Annihilape
|-damage|p1a: Annihilape|0 fnt
|faint|p1a: Annihilape
|move|p1b: Sneasler|Dire Claw|p2a: Sneasler
|-resisted|p2a: Sneasler
|-damage|p2a: Sneasler|19/100
|move|p2b: Gholdengo|Make It Rain|p1b: Sneasler
|-enditem|p1b: Sneasler|Focus Sash
|-damage|p1b: Sneasler|1/100
|-unboost|p2b: Gholdengo|spa|1
|-damage|p2b: Gholdengo|1/100|[from] item: Life Orb
|
|upkeep
|turn|12
|-message|Kampfstube forfeited.
|
|win|oppePoiZ
