|j|☆Jcjxjxjxjxjxn
|j|☆memeberserk
|html|Jcjxjxjxjxjxnmemeberserk    
|uhtml|bestof|Game 1 of a best-of-3
|t:|1782329946
|gametype|doubles
|player|p1|Jcjxjxjxjxjxn|266|1000
|player|p2|memeberserk|lance|1000
|gen|9
|tier|[Gen 9 Champions] VGC 2026 Reg M-B (Bo3)
|rated|
|rule|Species Clause: Limit one of each Pokémon
|rule|Item Clause: Limit 1 of each item
|clearpoke
|poke|p1|Dragalge, L50, M|
|poke|p1|Grimmsnarl, L50, M|
|poke|p1|Incineroar, L50, F|
|poke|p1|Sinistcha, L50|
|poke|p1|Eelektross, L50, F|
|poke|p1|Hydreigon, L50, F|
|poke|p2|Grimmsnarl, L50, M|
|poke|p2|Archaludon, L50, F|
|poke|p2|Toxapex, L50, M|
|poke|p2|Pelipper, L50, F|
|poke|p2|Swampert, L50, F|
|poke|p2|Staraptor, L50, M|
|teampreview|4
|showteam|p1|Dragalge||Dragalgite|Adaptability|DracoMeteor,SludgeBomb,Thunderbolt,Protect|Modest||M|||50|]Grimmsnarl||LightClay|Prankster|SpiritBreak,PartingShot,LightScreen,Reflect|Careful||M|||50|]Incineroar||SitrusBerry|Intimidate|FlareBlitz,ThroatChop,PartingShot,FakeOut|Careful||F|||50|]Sinistcha||CobaBerry|Hospitality|MatchaGotcha,LifeDew,RagePowder,TrickRoom|Sassy|||||50|]Eelektross||Eelektrossite|Levitate|Thunderbolt,Discharge,GrassKnot,Protect|Modest||F|||50|]Hydreigon||FocusSash|Levitate|DracoMeteor,Snarl,EarthPower,Protect|Timid||F|||50|
|showteam|p2|Grimmsnarl||LightClay|Prankster|LightScreen,Reflect,PartingShot,SpiritBreak|Careful||M|||50|]Archaludon||ChopleBerry|Stamina|ElectroShot,DracoMeteor,Protect,Snarl|Timid||F|||50|]Toxapex||Leftovers|Regenerator|Infestation,ToxicSpikes,BanefulBunker,WideGuard|Bold||M|||50|]Pelipper||FocusSash|Drizzle|Hurricane,WeatherBall,Protect,Tailwind|Timid||F|||50|]Swampert||Swampertite|Torrent|HighHorsepower,WaveCrash,Protect,FlipTurn|Careful||F|||50|]Staraptor||Staraptite|Intimidate|CloseCombat,Roost,Protect,BraveBird|Adamant||M|||50|
|inactive|Battle timer is ON: inactive players will automatically lose when time's up. (requested by Jcjxjxjxjxjxn)
|
|t:|1782329975
|teamsize|p1|4
|teamsize|p2|4
|start
|switch|p1a: Incineroar|Incineroar, L50, F|100/100
|switch|p1b: Eelektross|Eelektross, L50, F|100/100
|switch|p2a: Grimmsnarl|Grimmsnarl, L50, M|100/100
|switch|p2b: Pelipper|Pelipper, L50, F|100/100
|-weather|RainDance|[from] ability: Drizzle|[of] p2b: Pelipper
|-ability|p1a: Incineroar|Intimidate|boost
|-unboost|p2a: Grimmsnarl|atk|1
|-unboost|p2b: Pelipper|atk|1
|turn|1
|
|t:|1782329997
|switch|p2b: Swampert|Swampert, L50, F|100/100
|detailschange|p1b: Eelektross|Eelektross-Mega, L50, F
|-mega|p1b: Eelektross|Eelektross|Eelektrossite
|move|p1a: Incineroar|Fake Out|p2b: Swampert
|-crit|p2b: Swampert
|-damage|p2b: Swampert|85/100
|move|p2a: Grimmsnarl|Light Screen|p2a: Grimmsnarl
|-sidestart|p2: memeberserk|move: Light Screen
|move|p1b: Eelektross|Discharge|p2a: Grimmsnarl|[spread] p1a,p2a
|-immune|p2b: Swampert
|-damage|p1a: Incineroar|70/100
|-damage|p2a: Grimmsnarl|82/100
|-status|p1a: Incineroar|par
|-status|p2a: Grimmsnarl|par
|
|-weather|RainDance|[upkeep]
|upkeep
|turn|2
|inactive|memeberserk has 30 seconds left.
|
|t:|1782330022
|switch|p1a: Sinistcha|Sinistcha, L50|100/100
|detailschange|p2b: Swampert|Swampert-Mega, L50, F
|-mega|p2b: Swampert|Swampert|Swampertite
|move|p2a: Grimmsnarl|Parting Shot|p1b: Eelektross
|-unboost|p1b: Eelektross|atk|1
|-unboost|p1b: Eelektross|spa|1
|inactive|memeberserk has 30 seconds left.
|
|t:|1782330050
|switch|p2a: Toxapex|Toxapex, L50, M|100/100|[from] Parting Shot
|move|p2b: Swampert|Flip Turn|p1a: Sinistcha
|-resisted|p1a: Sinistcha|1
|-damage|p1a: Sinistcha|79/100
|
|t:|1782330056
|switch|p2b: Grimmsnarl|Grimmsnarl, L50, M|82/100 par|[from] Flip Turn
|move|p1b: Eelektross|Grass Knot|p2b: Grimmsnarl
|-damage|p2b: Grimmsnarl|71/100 par
|
|-weather|RainDance|[upkeep]
|upkeep
|turn|3
|
|t:|1782330075
|move|p1a: Sinistcha|Rage Powder|p1a: Sinistcha
|-singleturn|p1a: Sinistcha|move: Rage Powder
|move|p1b: Eelektross|Thunderbolt|p2a: Toxapex
|-supereffective|p2a: Toxapex|1
|-damage|p2a: Toxapex|58/100
|move|p2a: Toxapex|Infestation|p1a: Sinistcha
|-damage|p1a: Sinistcha|76/100
|-activate|p1a: Sinistcha|move: Infestation|[of] p2a: Toxapex
|move|p2b: Grimmsnarl|Spirit Break|p1a: Sinistcha
|-damage|p1a: Sinistcha|50/100y
|-unboost|p1a: Sinistcha|spa|1
|
|-weather|RainDance|[upkeep]
|-heal|p2a: Toxapex|64/100|[from] item: Leftovers
|-damage|p1a: Sinistcha|37/100|[from] move: Infestation|[partiallytrapped]
|upkeep
|turn|4
|
|t:|1782330096
|move|p1b: Eelektross|Discharge|p2b: Grimmsnarl|[spread] p1a,p2a,p2b
|-resisted|p1a: Sinistcha|1
|-supereffective|p2a: Toxapex|1
|-crit|p2b: Grimmsnarl
|-damage|p1a: Sinistcha|27/100
|-damage|p2a: Toxapex|40/100
|-damage|p2b: Grimmsnarl|33/100 par
|-status|p1a: Sinistcha|par
|move|p2a: Toxapex|Toxic Spikes|p1b: Eelektross
|-sidestart|p1: Jcjxjxjxjxjxn|move: Toxic Spikes
|move|p1a: Sinistcha|Life Dew||[still]|[spread] p1a,p1b
|-heal|p1a: Sinistcha|52/100 par
|-fail|p1b: Eelektross|heal
|move|p2b: Grimmsnarl|Spirit Break|p1a: Sinistcha
|-damage|p1a: Sinistcha|24/100 par
|-unboost|p1a: Sinistcha|spa|1
|
|-weather|RainDance|[upkeep]
|-heal|p2a: Toxapex|46/100|[from] item: Leftovers
|-damage|p1a: Sinistcha|11/100 par|[from] move: Infestation|[partiallytrapped]
|upkeep
|turn|5
|
|t:|1782330115
|move|p2a: Toxapex|Baneful Bunker|p2a: Toxapex
|-singleturn|p2a: Toxapex|move: Protect
|move|p1a: Sinistcha|Rage Powder|p1a: Sinistcha
|-singleturn|p1a: Sinistcha|move: Rage Powder
|cant|p2b: Grimmsnarl|par
|move|p1b: Eelektross|Thunderbolt|p2a: Toxapex
|-activate|p2a: Toxapex|move: Protect
|
|-weather|none
|-heal|p2a: Toxapex|52/100|[from] item: Leftovers
|-damage|p1a: Sinistcha|0 fnt|[from] move: Infestation|[partiallytrapped]
|faint|p1a: Sinistcha
|upkeep
|
|t:|1782330118
|switch|p1a: Incineroar|Incineroar, L50, F|70/100 par
|-ability|p1a: Incineroar|Intimidate|boost
|-unboost|p2a: Toxapex|atk|1
|-unboost|p2b: Grimmsnarl|atk|1
|turn|6
|inactive|memeberserk has 30 seconds left.
|
|t:|1782330144
|-heal|p2a: Toxapex|85/100|[from] ability: Regenerator|[silent]
|switch|p2a: Swampert|Swampert-Mega, L50, F|85/100
|move|p1a: Incineroar|Fake Out|p2b: Grimmsnarl
|-damage|p2b: Grimmsnarl|20/100y par
|cant|p2b: Grimmsnarl|flinch
|move|p1b: Eelektross|Discharge|p2a: Swampert|[spread] p1a,p2b
|-immune|p2a: Swampert
|-damage|p1a: Incineroar|51/100 par
|-damage|p2b: Grimmsnarl|9/100 par
|
|upkeep
|turn|7
|
|t:|1782330168
|move|p1b: Eelektross|Protect|p1b: Eelektross
|-singleturn|p1b: Eelektross|Protect
|move|p2b: Grimmsnarl|Parting Shot|p1b: Eelektross
|-activate|p1b: Eelektross|move: Protect
|move|p2a: Swampert|Wave Crash|p1b: Eelektross
|-activate|p1b: Eelektross|move: Protect
|move|p1a: Incineroar|Parting Shot|p2a: Swampert
|-unboost|p2a: Swampert|atk|1
|-unboost|p2a: Swampert|spa|1
|
|t:|1782330184
|switch|p1a: Dragalge|Dragalge, L50, M|100/100|[from] Parting Shot
|-sideend|p1: Jcjxjxjxjxjxn|move: Toxic Spikes|[of] p1a: Dragalge
|
|upkeep
|turn|8
|
|t:|1782330198
|switch|p1a: Incineroar|Incineroar, L50, F|51/100 par
|-ability|p1a: Incineroar|Intimidate|boost
|-unboost|p2a: Swampert|atk|1
|-unboost|p2b: Grimmsnarl|atk|1
|switch|p2b: Toxapex|Toxapex, L50, M|85/100
|move|p2a: Swampert|Protect|p2a: Swampert
|-singleturn|p2a: Swampert|Protect
|move|p1b: Eelektross|Thunderbolt|p2b: Toxapex
|-supereffective|p2b: Toxapex|1
|-damage|p2b: Toxapex|47/100
|-status|p2b: Toxapex|par
|
|-heal|p2b: Toxapex|52/100 par|[from] item: Leftovers
|-sideend|p2: memeberserk|move: Light Screen
|upkeep
|turn|9
|
|t:|1782330219
|switch|p2a: Grimmsnarl|Grimmsnarl, L50, M|9/100 par
|cant|p1a: Incineroar|par
|move|p2b: Toxapex|Wide Guard|p2b: Toxapex
|-singleturn|p2b: Toxapex|Wide Guard
|move|p1b: Eelektross|Grass Knot|p2a: Grimmsnarl
|-damage|p2a: Grimmsnarl|0 fnt
|faint|p2a: Grimmsnarl
|-ability|p1b: Eelektross|Eelevate|boost
|-boost|p1b: Eelektross|spa|1
|
|-heal|p2b: Toxapex|58/100 par|[from] item: Leftovers
|upkeep
|
|t:|1782330231
|switch|p2a: Pelipper|Pelipper, L50, F|100/100
|-weather|RainDance|[from] ability: Drizzle|[of] p2a: Pelipper
|turn|10
|
|t:|1782330244
|move|p2a: Pelipper|Tailwind|p2a: Pelipper
|-sidestart|p2: memeberserk|move: Tailwind
|move|p1b: Eelektross|Thunderbolt|p2b: Toxapex
|-supereffective|p2b: Toxapex|1
|-damage|p2b: Toxapex|0 fnt
|faint|p2b: Toxapex
|-ability|p1b: Eelektross|Eelevate|boost
|-boost|p1b: Eelektross|spa|1
|cant|p1a: Incineroar|par
|
|-weather|RainDance|[upkeep]
|upkeep
|
|t:|1782330255
|switch|p2b: Swampert|Swampert-Mega, L50, F|85/100
|turn|11
|
|t:|1782330262
|move|p1b: Eelektross|Protect|p1b: Eelektross
|-singleturn|p1b: Eelektross|Protect
|move|p2b: Swampert|Wave Crash|p1b: Eelektross
|-activate|p1b: Eelektross|move: Protect
|move|p2a: Pelipper|Weather Ball|p1a: Incineroar
|-supereffective|p1a: Incineroar|1
|-damage|p1a: Incineroar|0 fnt
|faint|p1a: Incineroar
|
|-weather|RainDance|[upkeep]
|upkeep
|
|t:|1782330272
|switch|p1a: Dragalge|Dragalge, L50, M|100/100
|turn|12
|
|t:|1782330278
|move|p2b: Swampert|Wave Crash|p1b: Eelektross
|-damage|p1b: Eelektross|5/100
|-damage|p2b: Swampert|56/100|[from] Recoil
|move|p2a: Pelipper|Hurricane|p1b: Eelektross
|-resisted|p1b: Eelektross|1
|-damage|p1b: Eelektross|0 fnt
|faint|p1b: Eelektross
|move|p1a: Dragalge|Sludge Bomb|p2b: Swampert
|-resisted|p2b: Swampert|1
|-damage|p2b: Swampert|40/100
|-status|p2b: Swampert|psn
|
|-weather|RainDance|[upkeep]
|-damage|p2b: Swampert|28/100 psn|[from] psn
|upkeep
|turn|13
|
|t:|1782330298
|move|p1a: Dragalge|Protect|p1a: Dragalge
|-singleturn|p1a: Dragalge|Protect
|move|p2b: Swampert|High Horsepower|p1a: Dragalge
|-activate|p1a: Dragalge|move: Protect
|move|p2a: Pelipper|Hurricane|p1a: Dragalge
|-activate|p1a: Dragalge|move: Protect
|
|-weather|RainDance|[upkeep]
|-damage|p2b: Swampert|15/100 psn|[from] psn
|-sideend|p2: memeberserk|move: Tailwind
|upkeep
|turn|14
|
|t:|1782330311
|move|p2b: Swampert|High Horsepower|p1a: Dragalge
|-supereffective|p1a: Dragalge|1
|-damage|p1a: Dragalge|0 fnt
|faint|p1a: Dragalge
|
|win|memeberserk
|l|☆Jcjxjxjxjxjxn
|player|p1|
||Jcjxjxjxjxjxn is ready for game 2.
|inactive|memeberserk has 30 seconds to confirm battle start!
