|j|☆KMMULLER2020
|j|☆Hawkc10ie
|html|KMMULLER2020Hawkc10ie    
|uhtml|bestof|Game 1 of a best-of-3
|t:|1786004525
|gametype|doubles
|player|p1|KMMULLER2020|nate|1218
|player|p2|Hawkc10ie|169|1152
|gen|9
|tier|[Gen 9 Champions] VGC 2026 Reg M-B (Bo3)
|rated|
|rule|Species Clause: Limit one of each Pokémon
|rule|Item Clause: Limit 1 of each item
|clearpoke
|poke|p1|Gengar, L50, M|
|poke|p1|Politoed, L50, F|
|poke|p1|Incineroar, L50, F|
|poke|p1|Sinistcha, L50|
|poke|p1|Hydreigon, L50, F|
|poke|p1|Aggron, L50, M|
|poke|p2|Whimsicott, L50, F|
|poke|p2|Staraptor, L50, M|
|poke|p2|Incineroar, L50, M|
|poke|p2|Basculegion, L50, M|
|poke|p2|Kingambit, L50, M|
|poke|p2|Raichu, L50, F|
|teampreview|4
|showteam|p1|Gengar||Gengarite|CursedBody|Protect,PerishSong,Disable,ShadowBall|Timid||M|||50|]Politoed||Leftovers|Drizzle|Protect,PerishSong,Encore,WeatherBall|Sassy||F|||50|]Incineroar||SitrusBerry|Intimidate|Protect,FakeOut,PartingShot,ThroatChop|Relaxed||F|||50|]Sinistcha||FocusSash|Hospitality|Protect,RagePowder,TrickRoom,MatchaGotcha|Relaxed|||||50|]Hydreigon||LifeOrb|Levitate|Protect,NastyPlot,DragonPulse,DarkPulse|Modest||F|||50|]Aggron||Aggronite|Sturdy|Protect,IronDefense,BodyPress,StoneEdge|Sassy||M|||50|
|showteam|p2|Whimsicott||MentalHerb|Prankster|Tailwind,Charm,FakeTears,Moonblast|Bold||F|||50|]Staraptor||Staraptite|Intimidate|Protect,CloseCombat,Roost,BraveBird|Adamant||M|||50|]Incineroar||PasshoBerry|Intimidate|FakeOut,PartingShot,FlareBlitz,ThroatChop|Careful||M|||50|]Basculegion||ChoiceScarf|Adaptability|AquaJet,WaveCrash,LastRespects,FlipTurn|Timid||M|||50|]Kingambit||LifeOrb|Defiant|Protect,SuckerPunch,KowtowCleave,IronHead|Adamant||M|||50|]Raichu||RaichuniteY|LightningRod|Protect,ZapCannon,FocusBlast,FakeOut|Timid||F|||50|
|inactive|Battle timer is ON: inactive players will automatically lose when time's up. (requested by KMMULLER2020)
|inactive|KMMULLER2020 has 60 seconds left.
|inactive|KMMULLER2020 has 30 seconds left.
|inactive|KMMULLER2020 has 20 seconds left.
|inactive|KMMULLER2020 has 15 seconds left.
|inactive|KMMULLER2020 has 10 seconds left.
|
|t:|1786004610
|teamsize|p1|4
|teamsize|p2|4
|start
|switch|p1a: Gengar|Gengar, L50, M|100/100
|switch|p1b: Incineroar|Incineroar, L50, F|100/100
|switch|p2a: Kingambit|Kingambit, L50, M|100/100
|switch|p2b: Raichu|Raichu, L50, F|100/100
|-ability|p1b: Incineroar|Intimidate|boost
|-unboost|p2a: Kingambit|atk|1
|-ability|p2a: Kingambit|Defiant|boost
|-boost|p2a: Kingambit|atk|2
|-unboost|p2b: Raichu|atk|1
|turn|1
|
|t:|1786004626
|switch|p1b: Sinistcha|Sinistcha, L50|100/100
|detailschange|p2b: Raichu|Raichu-Mega-Y, L50, F
|-mega|p2b: Raichu|Raichu|Raichunite Y
|detailschange|p1a: Gengar|Gengar-Mega, L50, M
|-mega|p1a: Gengar|Gengar|Gengarite
|move|p1a: Gengar|Protect|p1a: Gengar
|-singleturn|p1a: Gengar|Protect
|move|p2b: Raichu|Fake Out|p1b: Sinistcha
|-immune|p1b: Sinistcha
|move|p2a: Kingambit|Kowtow Cleave|p1a: Gengar
|-activate|p1a: Gengar|move: Protect
|
|upkeep
|turn|2
|
|t:|1786004647
|move|p1b: Sinistcha|Rage Powder|p1b: Sinistcha
|-singleturn|p1b: Sinistcha|move: Rage Powder
|move|p2b: Raichu|Zap Cannon|p1b: Sinistcha
|-resisted|p1b: Sinistcha|1
|-damage|p1b: Sinistcha|70/100
|-status|p1b: Sinistcha|par
|move|p1a: Gengar|Perish Song|p1a: Gengar
|-start|p1a: Gengar|perish3|[silent]
|-start|p1b: Sinistcha|perish3|[silent]
|-start|p2a: Kingambit|perish3|[silent]
|-start|p2b: Raichu|perish3|[silent]
|-fieldactivate|move: Perish Song
|move|p2a: Kingambit|Iron Head|p1b: Sinistcha
|-damage|p1b: Sinistcha|0 fnt
|faint|p1b: Sinistcha
|-damage|p2a: Kingambit|90/100|[from] item: Life Orb
|
|-start|p2b: Raichu|perish3
|-start|p1a: Gengar|perish3
|-start|p2a: Kingambit|perish3
|upkeep
|inactive|KMMULLER2020 has 30 seconds left.
|
|t:|1786004678
|switch|p1b: Incineroar|Incineroar, L50, F|100/100
|-ability|p1b: Incineroar|Intimidate|boost
|-unboost|p2a: Kingambit|atk|1
|-ability|p2a: Kingambit|Defiant|boost
|-boost|p2a: Kingambit|atk|2
|-unboost|p2b: Raichu|atk|1
|turn|3
|inactive|KMMULLER2020 has 30 seconds left.
|
|t:|1786004710
|move|p1b: Incineroar|Fake Out|p2a: Kingambit
|-resisted|p2a: Kingambit|1
|-damage|p2a: Kingambit|86/100
|move|p2b: Raichu|Zap Cannon|p1a: Gengar
|-damage|p1a: Gengar|35/100
|-status|p1a: Gengar|par
|move|p1a: Gengar|Disable|p2b: Raichu
|-start|p2b: Raichu|Disable|Zap Cannon
|cant|p2a: Kingambit|flinch
|
|-start|p2b: Raichu|perish2
|-start|p1a: Gengar|perish2
|-start|p2a: Kingambit|perish2
|upkeep
|turn|4
|inactive|KMMULLER2020 has 30 seconds left.
|
|t:|1786004739
|move|p1a: Gengar|Protect|p1a: Gengar
|-singleturn|p1a: Gengar|Protect
|move|p1b: Incineroar|Protect|p1b: Incineroar
|-singleturn|p1b: Incineroar|Protect
|move|p2b: Raichu|Focus Blast|p1b: Incineroar
|-activate|p1b: Incineroar|move: Protect
|move|p2a: Kingambit|Iron Head|p1a: Gengar
|-activate|p1a: Gengar|move: Protect
|
|-start|p2b: Raichu|perish1
|-start|p1a: Gengar|perish1
|-start|p2a: Kingambit|perish1
|upkeep
|turn|5
|
|t:|1786004757
|switch|p1a: Politoed|Politoed, L50, F|100/100
|-weather|RainDance|[from] ability: Drizzle|[of] p1a: Politoed
|move|p2b: Raichu|Focus Blast|p1b: Incineroar
|-supereffective|p1b: Incineroar|1
|-damage|p1b: Incineroar|32/100
|-unboost|p1b: Incineroar|spd|1
|-enditem|p1b: Incineroar|Sitrus Berry|[eat]
|-heal|p1b: Incineroar|57/100|[from] item: Sitrus Berry
|move|p1b: Incineroar|Parting Shot|p2b: Raichu
|-unboost|p2b: Raichu|atk|1
|-unboost|p2b: Raichu|spa|1
|
|t:|1786004769
|switch|p1b: Gengar|Gengar-Mega, L50, M|35/100 par|[from] Parting Shot
|move|p2a: Kingambit|Iron Head|p1a: Politoed
|-resisted|p1a: Politoed|1
|-damage|p1a: Politoed|43/100
|-damage|p2a: Kingambit|77/100|[from] item: Life Orb
|
|-weather|RainDance|[upkeep]
|-heal|p1a: Politoed|49/100|[from] item: Leftovers
|-start|p2b: Raichu|perish0
|-start|p2a: Kingambit|perish0
|upkeep
|faint|p2b: Raichu
|faint|p2a: Kingambit
|
|t:|1786004777
|switch|p2b: Basculegion|Basculegion, L50, M|100/100
|switch|p2a: Whimsicott|Whimsicott, L50, F|100/100
|turn|6
|
|t:|1786004796
|switch|p1b: Incineroar|Incineroar, L50, F|57/100
|-ability|p1b: Incineroar|Intimidate|boost
|-unboost|p2a: Whimsicott|atk|1
|-unboost|p2b: Basculegion|atk|1
|move|p2b: Basculegion|Last Respects|p1a: Politoed
|-damage|p1a: Politoed|1/100
|move|p2a: Whimsicott|Moonblast|p1b: Incineroar
|-damage|p1b: Incineroar|36/100
|-unboost|p1b: Incineroar|spa|1
|move|p1a: Politoed|Perish Song|p1a: Politoed
|-start|p1a: Politoed|perish3|[silent]
|-start|p1b: Incineroar|perish3|[silent]
|-start|p2a: Whimsicott|perish3|[silent]
|-start|p2b: Basculegion|perish3|[silent]
|-fieldactivate|move: Perish Song
|
|-weather|RainDance|[upkeep]
|-heal|p1a: Politoed|6/100|[from] item: Leftovers
|-start|p2b: Basculegion|perish3
|-start|p2a: Whimsicott|perish3
|-start|p1a: Politoed|perish3
|-start|p1b: Incineroar|perish3
|upkeep
|turn|7
|inactive|KMMULLER2020 has 30 seconds left.
|inactive|KMMULLER2020 has 20 seconds left.
|inactive|KMMULLER2020 has 15 seconds left.
|
|t:|1786004839
|move|p1a: Politoed|Protect|p1a: Politoed
|-singleturn|p1a: Politoed|Protect
|move|p1b: Incineroar|Protect|p1b: Incineroar
|-singleturn|p1b: Incineroar|Protect
|move|p2b: Basculegion|Last Respects|p1a: Politoed
|-activate|p1a: Politoed|move: Protect
|move|p2a: Whimsicott|Moonblast|p1b: Incineroar
|-activate|p1b: Incineroar|move: Protect
|
|-weather|RainDance|[upkeep]
|-heal|p1a: Politoed|12/100|[from] item: Leftovers
|-start|p2b: Basculegion|perish2
|-start|p2a: Whimsicott|perish2
|-start|p1a: Politoed|perish2
|-start|p1b: Incineroar|perish2
|upkeep
|turn|8
|
|t:|1786004856
|switch|p1a: Gengar|Gengar-Mega, L50, M|35/100 par
|move|p2b: Basculegion|Last Respects|p1b: Incineroar
|-resisted|p1b: Incineroar|1
|-damage|p1b: Incineroar|13/100
|move|p2a: Whimsicott|Moonblast|p1a: Gengar
|-resisted|p1a: Gengar|1
|-damage|p1a: Gengar|20/100y par
|move|p1b: Incineroar|Parting Shot|p2b: Basculegion
|-unboost|p2b: Basculegion|atk|1
|-unboost|p2b: Basculegion|spa|1
|
|t:|1786004866
|switch|p1b: Politoed|Politoed, L50, F|12/100|[from] Parting Shot
|
|-weather|RainDance|[upkeep]
|-heal|p1b: Politoed|18/100|[from] item: Leftovers
|-start|p2b: Basculegion|perish1
|-start|p2a: Whimsicott|perish1
|upkeep
|turn|9
|-message|Hawkc10ie forfeited.
|
|win|KMMULLER2020
|l|☆Hawkc10ie
|player|p2|
||Hawkc10ie is ready for game 2.
|inactive|KMMULLER2020 has 30 seconds to confirm battle start!
||KMMULLER2020 is ready for game 2.
|uhtml|next|Next: Game 2 of 3
