|j|☆raksbach
|j|☆purpled_yuki
|html|raksbachpurpled_yuki    
|uhtml|bestof|Game 3 of a best-of-3
|t:|1783693682
|gametype|doubles
|player|p1|raksbach|169|1160
|player|p2|purpled_yuki|rosa|1075
|gen|9
|tier|[Gen 9 Champions] VGC 2026 Reg M-B (Bo3)
|rated|
|rule|Species Clause: Limit one of each Pokémon
|rule|Item Clause: Limit 1 of each item
|clearpoke
|poke|p1|Incineroar, L50, M|
|poke|p1|Maushold, L50|
|poke|p1|Sinistcha, L50|
|poke|p1|Sneasler, L50, M|
|poke|p1|Blastoise, L50, M|
|poke|p1|Delphox, L50, M|
|poke|p2|Sinistcha, L50|
|poke|p2|Incineroar, L50, F|
|poke|p2|Pelipper, L50, F|
|poke|p2|Gengar, L50, M|
|poke|p2|Archaludon, L50, F|
|poke|p2|Palafin, L50, M|
|teampreview|4
|showteam|p1|Incineroar||SitrusBerry|Intimidate|FakeOut,FlareBlitz,DarkestLariat,PartingShot|Impish||M|||50|]Maushold||ChopleBerry|FriendGuard|SuperFang,FollowMe,Protect,Feint|Impish|||||50|]Sinistcha||OccaBerry|Hospitality|MatchaGotcha,LifeDew,RagePowder,Protect|Bold|||||50|]Sneasler||FocusSash|PoisonTouch|FakeOut,CloseCombat,DireClaw,QuickGuard|Jolly||M|||50|]Blastoise||Blastoisinite|Torrent|WaterSpout,DarkPulse,ShellSmash,Protect|Modest||M|||50|]Delphox||Delphoxite|Blaze|HeatWave,Psychic,NastyPlot,Protect|Timid||M|||50|
|showteam|p2|Sinistcha||SitrusBerry|Hospitality|MatchaGotcha,LifeDew,TrickRoom,RagePowder|Calm|||||50|]Incineroar||Leftovers|Intimidate|DarkestLariat,PartingShot,Protect,FakeOut|Adamant||F|||50|]Pelipper||FocusSash|Drizzle|WeatherBall,Protect,Hurricane,Tailwind|Timid||F|||50|]Gengar||Gengarite|CursedBody|PerishSong,Protect,SludgeBomb,ShadowBall|Calm||M|||50|]Archaludon||MetalCoat|Stamina|ElectroShot,Protect,FlashCannon,DragonPulse|Calm||F|||50|]Palafin||MysticWater|ZerotoHero|JetPunch,WaveCrash,Protect,FlipTurn|Jolly||M|||50|
|inactive|Battle timer is ON: inactive players will automatically lose when time's up. (requested by purpled_yuki)
|inactive|raksbach also wants the timer to be on.
|j| ashavathama
|
|t:|1783693699
|teamsize|p1|4
|teamsize|p2|4
|start
|switch|p1a: Blastoise|Blastoise, L50, M|100/100
|switch|p1b: Sneasler|Sneasler, L50, M|100/100
|switch|p2a: Gengar|Gengar, L50, M|100/100
|switch|p2b: Incineroar|Incineroar, L50, F|100/100
|-ability|p2b: Incineroar|Intimidate|boost
|-unboost|p1a: Blastoise|atk|1
|-unboost|p1b: Sneasler|atk|1
|turn|1
|inactive|purpled_yuki has 30 seconds left.
|
|t:|1783693731
|detailschange|p2a: Gengar|Gengar-Mega, L50, M
|-mega|p2a: Gengar|Gengar|Gengarite
|detailschange|p1a: Blastoise|Blastoise-Mega, L50, M
|-mega|p1a: Blastoise|Blastoise|Blastoisinite
|move|p1b: Sneasler|Fake Out|p2b: Incineroar
|-damage|p2b: Incineroar|90/100
|cant|p2b: Incineroar|flinch
|move|p2a: Gengar|Shadow Ball|p1a: Blastoise
|-damage|p1a: Blastoise|52/100
|-unboost|p1a: Blastoise|spd|1
|move|p1a: Blastoise|Shell Smash|p1a: Blastoise
|-unboost|p1a: Blastoise|def|1
|-unboost|p1a: Blastoise|spd|1
|-boost|p1a: Blastoise|atk|2
|-boost|p1a: Blastoise|spa|2
|-boost|p1a: Blastoise|spe|2
|
|-heal|p2b: Incineroar|96/100|[from] item: Leftovers
|upkeep
|turn|2
|inactive|raksbach has 30 seconds left.
|
|t:|1783693756
|move|p1a: Blastoise|Protect|p1a: Blastoise
|-singleturn|p1a: Blastoise|Protect
|move|p1b: Sneasler|Close Combat|p2b: Incineroar
|-supereffective|p2b: Incineroar|1
|-damage|p2b: Incineroar|6/100
|-unboost|p1b: Sneasler|def|1
|-unboost|p1b: Sneasler|spd|1
|move|p2a: Gengar|Perish Song|p2a: Gengar
|-start|p1a: Blastoise|perish3|[silent]
|-start|p1b: Sneasler|perish3|[silent]
|-start|p2a: Gengar|perish3|[silent]
|-start|p2b: Incineroar|perish3|[silent]
|-fieldactivate|move: Perish Song
|move|p2b: Incineroar|Parting Shot|p1a: Blastoise
|-activate|p1a: Blastoise|move: Protect
|
|-heal|p2b: Incineroar|12/100|[from] item: Leftovers
|-start|p1a: Blastoise|perish3
|-start|p1b: Sneasler|perish3
|-start|p2a: Gengar|perish3
|-start|p2b: Incineroar|perish3
|upkeep
|turn|3
|
|t:|1783693771
|move|p2a: Gengar|Protect|p2a: Gengar
|-singleturn|p2a: Gengar|Protect
|move|p2b: Incineroar|Protect|p2b: Incineroar
|-singleturn|p2b: Incineroar|Protect
|move|p1a: Blastoise|Dark Pulse|p2a: Gengar
|-activate|p2a: Gengar|move: Protect
|move|p1b: Sneasler|Dire Claw|p2b: Incineroar
|-activate|p2b: Incineroar|move: Protect
|
|-heal|p2b: Incineroar|18/100|[from] item: Leftovers
|-start|p1a: Blastoise|perish2
|-start|p1b: Sneasler|perish2
|-start|p2a: Gengar|perish2
|-start|p2b: Incineroar|perish2
|upkeep
|turn|4
|
|t:|1783693785
|switch|p2a: Palafin|Palafin, L50, M|100/100
|move|p1a: Blastoise|Dark Pulse|p2a: Palafin
|-damage|p2a: Palafin|0 fnt
|faint|p2a: Palafin
|move|p1b: Sneasler|Close Combat|p2b: Incineroar
|-supereffective|p2b: Incineroar|1
|-damage|p2b: Incineroar|0 fnt
|-unboost|p1b: Sneasler|def|1
|-unboost|p1b: Sneasler|spd|1
|faint|p2b: Incineroar
|
|-start|p1a: Blastoise|perish1
|-start|p1b: Sneasler|perish1
|upkeep
|
|t:|1783693793
|switch|p2a: Gengar|Gengar-Mega, L50, M|100/100
|switch|p2b: Sinistcha|Sinistcha, L50|100/100
|turn|5
|
|t:|1783693808
|move|p2a: Gengar|Protect|p2a: Gengar
|-singleturn|p2a: Gengar|Protect
|move|p1a: Blastoise|Dark Pulse|p2b: Sinistcha
|-supereffective|p2b: Sinistcha|1
|-damage|p2b: Sinistcha|0 fnt
|faint|p2b: Sinistcha
|move|p1b: Sneasler|Dire Claw|p2a: Gengar
|-activate|p2a: Gengar|move: Protect
|
|-start|p1a: Blastoise|perish0
|-start|p1b: Sneasler|perish0
|faint|p1a: Blastoise
|faint|p1b: Sneasler
|upkeep
|c|☆raksbach|I do not have maushold now xd
|
|t:|1783693829
|switch|p1b: Sinistcha|Sinistcha, L50|100/100
|switch|p1a: Incineroar|Incineroar, L50, M|100/100
|-ability|p1a: Incineroar|Intimidate|boost
|-unboost|p2a: Gengar|atk|1
|turn|6
|
|t:|1783693846
|move|p2a: Gengar|Sludge Bomb|p1a: Incineroar
|-damage|p1a: Incineroar|59/100
|move|p1b: Sinistcha|Life Dew||[still]|[spread] p1a,p1b
|-heal|p1a: Incineroar|84/100
|-fail|p1b: Sinistcha|heal
|move|p1a: Incineroar|Darkest Lariat|p2a: Gengar
|-supereffective|p2a: Gengar|1
|-damage|p2a: Gengar|18/100
|
|upkeep
|turn|7
|l| ashavathama
|-message|purpled_yuki forfeited.
|
|win|raksbach
|raw|raksbach's rating: 1160 → 1179(+19 for winning)
|raw|purpled_yuki's rating: 1075 → 1059(-16 for losing)
|l|☆purpled_yuki
|player|p2|
