|j|☆lettitripppp
|j|☆puli95
|html|lettitripppppuli95    
|uhtml|bestof|Game 1 of a best-of-3
|t:|1785453257
|gametype|doubles
|player|p1|lettitripppp|lucas|1138
|player|p2|puli95|266|1028
|gen|9
|tier|[Gen 9 Champions] VGC 2026 Reg M-B (Bo3)
|rated|
|rule|Species Clause: Limit one of each Pokémon
|rule|Item Clause: Limit 1 of each item
|clearpoke
|poke|p1|Charizard, L50, M|
|poke|p1|Glimmora, L50, F|
|poke|p1|Ninetales-Alola, L50, F|
|poke|p1|Whimsicott, L50, F|
|poke|p1|Kingambit, L50, M, shiny|
|poke|p1|Kommo-o, L50, M|
|poke|p2|Hydreigon, L50, M|
|poke|p2|Aerodactyl, L50, M|
|poke|p2|Milotic, L50, F|
|poke|p2|Metagross, L50|
|poke|p2|Incineroar, L50, M|
|poke|p2|Hippowdon, L50, M|
|teampreview|4
|showteam|p1|Charizard||CharizarditeY|Blaze|WeatherBall,SolarBeam,HeatWave,Protect|Modest||M|||50|]Glimmora||Glimmoranite|ToxicDebris|SludgeBomb,EarthPower,PowerGem,SpikyShield|Timid||F|||50|]Ninetales-Alola||NeverMeltIce|SnowWarning|FreezeDry,Blizzard,Disable,Protect|Timid||F|||50|]Whimsicott||FocusSash|Prankster|Moonblast,Tailwind,Encore,Protect|Timid||F|||50|]Kingambit||BlackGlasses|Defiant|KowtowCleave,SuckerPunch,IronHead,Protect|Adamant||M|||50|]Kommo-o||LifeOrb|Overcoat|ClangingScales,VacuumWave,AuraSphere,Protect|Timid||M|||50|
|showteam|p2|Hydreigon||LifeOrb|Levitate|DarkPulse,DracoMeteor,EarthPower,Protect|Modest||M|||50|]Aerodactyl||Aerodactylite|RockHead|RockSlide,DualWingbeat,IceFang,Tailwind|Jolly||M|||50|]Milotic||Leftovers|Competitive|Scald,IceBeam,IcyWind,Protect|Bold||F|||50|]Metagross||Metagrossite|ClearBody|IronHead,BodyPress,BulletPunch,Protect|Jolly|||||50|]Incineroar||PasshoBerry|Intimidate|FlareBlitz,HelpingHand,FakeOut,PartingShot|Careful||M|||50|]Hippowdon||SitrusBerry|SandStream|SandTomb,Yawn,HelpingHand,Protect|Sassy||M|||50|
|inactive|Battle timer is ON: inactive players will automatically lose when time's up. (requested by lettitripppp)
|inactive|lettitripppp has 60 seconds left.
|
|t:|1785453308
|teamsize|p1|4
|teamsize|p2|4
|start
|switch|p1a: SNOWRUMA|Ninetales-Alola, L50, F|100/100
|switch|p1b: LETS GO GO|Whimsicott, L50, F|100/100
|switch|p2a: Aerodactyl|Aerodactyl, L50, M|100/100
|switch|p2b: Milotic|Milotic, L50, F|100/100
|-weather|Snowscape|[from] ability: Snow Warning|[of] p1a: SNOWRUMA
|turn|1
|inactive|puli95 has 30 seconds left.
|
|t:|1785453335
|move|p1b: LETS GO GO|Tailwind|p1b: LETS GO GO
|-sidestart|p1: lettitripppp|move: Tailwind
|move|p1a: SNOWRUMA|Blizzard|p2a: Aerodactyl|[spread] p2a,p2b
|-supereffective|p2a: Aerodactyl|1
|-resisted|p2b: Milotic|1
|-damage|p2a: Aerodactyl|2/100
|-damage|p2b: Milotic|87/100
|-status|p2a: Aerodactyl|frz
|cant|p2a: Aerodactyl|frz
|move|p2b: Milotic|Icy Wind|p1b: LETS GO GO|[spread] p1a,p1b
|-resisted|p1a: SNOWRUMA|1
|-supereffective|p1b: LETS GO GO|1
|-damage|p1a: SNOWRUMA|94/100
|-damage|p1b: LETS GO GO|69/100
|-unboost|p1a: SNOWRUMA|spe|1
|-unboost|p1b: LETS GO GO|spe|1
|
|-weather|Snowscape|[upkeep]
|-heal|p2b: Milotic|93/100|[from] item: Leftovers
|upkeep
|turn|2
|
|t:|1785453356
|switch|p1a: GENERAL BLADUS|Kingambit, L50, M, shiny|100/100
|move|p1b: LETS GO GO|Moonblast|p2a: Aerodactyl
|-damage|p2a: Aerodactyl|0 fnt
|faint|p2a: Aerodactyl
|move|p2b: Milotic|Ice Beam|p1b: LETS GO GO
|-supereffective|p1b: LETS GO GO|1
|-crit|p1b: LETS GO GO
|-damage|p1b: LETS GO GO|0 fnt
|faint|p1b: LETS GO GO
|
|-weather|Snowscape|[upkeep]
|-heal|p2b: Milotic|100/100|[from] item: Leftovers
|upkeep
|
|t:|1785453372
|switch|p2a: Hydreigon|Hydreigon, L50, M|100/100
|switch|p1b: AGNI|Charizard, L50, M|100/100
|turn|3
|
|t:|1785453389
|detailschange|p1b: AGNI|Charizard-Mega-Y, L50, M
|-mega|p1b: AGNI|Charizard|Charizardite Y
|-weather|SunnyDay|[from] ability: Drought|[of] p1b: AGNI
|move|p1b: AGNI|Solar Beam||[still]
|-prepare|p1b: AGNI|Solar Beam
|-anim|p1b: AGNI|Solar Beam|p2b: Milotic
|-supereffective|p2b: Milotic|1
|-damage|p2b: Milotic|38/100
|move|p1a: GENERAL BLADUS|Kowtow Cleave|p2b: Milotic
|-damage|p2b: Milotic|0 fnt
|faint|p2b: Milotic
|move|p2a: Hydreigon|Earth Power|p1a: GENERAL BLADUS
|-supereffective|p1a: GENERAL BLADUS|1
|-damage|p1a: GENERAL BLADUS|14/100
|-damage|p2a: Hydreigon|90/100|[from] item: Life Orb
|
|-weather|SunnyDay|[upkeep]
|upkeep
|
|t:|1785453404
|switch|p2b: Metagross|Metagross, L50|100/100
|turn|4
|
|t:|1785453417
|move|p2a: Hydreigon|Protect|p2a: Hydreigon
|-singleturn|p2a: Hydreigon|Protect
|move|p2b: Metagross|Protect|p2b: Metagross
|-singleturn|p2b: Metagross|Protect
|move|p1a: GENERAL BLADUS|Sucker Punch||[still]
|-fail|p1a: GENERAL BLADUS
|move|p1b: AGNI|Heat Wave|p2a: Hydreigon|[spread] 
|-activate|p2a: Hydreigon|move: Protect
|-activate|p2b: Metagross|move: Protect
|
|-weather|SunnyDay|[upkeep]
|-sideend|p1: lettitripppp|move: Tailwind
|upkeep
|turn|5
|inactive|puli95 has 30 seconds left.
|
|t:|1785453451
|detailschange|p2b: Metagross|Metagross-Mega, L50
|-mega|p2b: Metagross|Metagross|Metagrossite
|move|p2b: Metagross|Bullet Punch|p1a: GENERAL BLADUS
|-resisted|p1a: GENERAL BLADUS|1
|-damage|p1a: GENERAL BLADUS|4/100
|move|p1a: GENERAL BLADUS|Sucker Punch||[still]
|-fail|p1a: GENERAL BLADUS
|move|p2a: Hydreigon|Draco Meteor|p1b: AGNI
|-damage|p1b: AGNI|15/100
|-unboost|p2a: Hydreigon|spa|2
|-damage|p2a: Hydreigon|80/100|[from] item: Life Orb
|move|p1b: AGNI|Weather Ball|p2b: Metagross
|-supereffective|p2b: Metagross|1
|-damage|p2b: Metagross|0 fnt
|faint|p2b: Metagross
|
|-weather|SunnyDay|[upkeep]
|upkeep
|turn|6
|-message|puli95 forfeited.
|
|win|lettitripppp
|l|☆puli95
|player|p2|
