|j|☆VGC_HEARTGOLD
|j|☆Zzag
|html|VGC_HEARTGOLDZzag    
|uhtml|bestof|Game 3 of a best-of-3
|t:|1757111040
|gametype|doubles
|player|p1|VGC_HEARTGOLD|ethan|1076
|player|p2|Zzag|102|1168
|gen|9
|tier|[Gen 9] VGC 2025 Reg H (Bo3)
|rated|
|rule|Species Clause: Limit one of each Pokémon
|rule|Item Clause: Limit 1 of each item
|clearpoke
|poke|p1|Gholdengo, L50|
|poke|p1|Ursaluna-Bloodmoon, L50, M|
|poke|p1|Dragonite, L50, M|
|poke|p1|Rillaboom, L50, F|
|poke|p1|Maushold, L50|
|poke|p1|Annihilape, L50, M|
|poke|p2|Pelipper, L50, F|
|poke|p2|Baxcalibur, L50, F|
|poke|p2|Dragonite, L50, F|
|poke|p2|Basculegion, L50, M|
|poke|p2|Amoonguss, L50, M|
|poke|p2|Incineroar, L50, M|
|teampreview|4
|showteam|p1|Gholdengo||LifeOrb|GoodasGold|MakeItRain,ShadowBall,NastyPlot,Protect||||||50|,,,,,Dragon]Ursaluna-Bloodmoon||AssaultVest|MindsEye|BloodMoon,HyperVoice,EarthPower,VacuumWave|||M|||50|,,,,,Normal]Dragonite||LoadedDice|Multiscale|ScaleShot,Tailwind,Haze,Protect|||M|||50|,,,,,Fairy]Rillaboom||MiracleSeed|GrassySurge|DrumBeating,GrassyGlide,FakeOut,KnockOff|||F|||50|,,,,,Fire]Maushold||FocusSash|FriendGuard|SuperFang,FollowMe,BeatUp,Protect||||||50|,,,,,Ghost]Annihilape||SafetyGoggles|Defiant|DrainPunch,RageFist,BulkUp,Protect|||M|||50|,,,,,Water
|showteam|p2|Pelipper||FocusSash|Drizzle|Hurricane,WeatherBall,Protect,Tailwind|||F|||50|,,,,,Stellar]Baxcalibur||DracoPlate|ThermalExchange|IceShard,IcicleCrash,GlaiveRush,Protect|||F|||50|,,,,,Poison]Dragonite||LoadedDice|Multiscale|ScaleShot,ExtremeSpeed,Haze,Protect|||F|||50|,,,,,Fairy]Basculegion||LifeOrb|SwiftSwim|LastRespects,WaveCrash,AquaJet,Protect|||M|||50|,,,,,Water]Amoonguss||SitrusBerry|Regenerator|Protect,PollenPuff,RagePowder,Spore|||M|||50|,,,,,Steel]Incineroar||AssaultVest|Intimidate|FakeOut,DrainPunch,KnockOff,Uturn|||M|||50|,,,,,Grass
|inactive|Battle timer is ON: inactive players will automatically lose when time's up. (requested by Zzag)
|inactive|VGC_HEARTGOLD has 60 seconds left.
|inactive|Zzag has 60 seconds left.
|inactive|Zzag has 30 seconds left.
|
|t:|1757111106
|teamsize|p1|4
|teamsize|p2|4
|start
|switch|p1a: Rillaboom|Rillaboom, L50, F|100/100
|switch|p1b: Ursaluna|Ursaluna-Bloodmoon, L50, M|100/100
|switch|p2a: Pelipper|Pelipper, L50, F|100/100
|switch|p2b: Amoonguss|Amoonguss, L50, M, shiny|100/100
|-weather|RainDance|[from] ability: Drizzle|[of] p2a: Pelipper
|-fieldstart|move: Grassy Terrain|[from] ability: Grassy Surge|[of] p1a: Rillaboom
|turn|1
|inactive|VGC_HEARTGOLD has 30 seconds left.
|inactive|Zzag has 30 seconds left.
|
|t:|1757111137
|-terastallize|p1b: Ursaluna|Normal
|move|p2a: Pelipper|Protect|p2a: Pelipper
|-singleturn|p2a: Pelipper|Protect
|move|p1a: Rillaboom|Fake Out|p2b: Amoonguss
|-damage|p2b: Amoonguss|89/100
|move|p1b: Ursaluna|Blood Moon|p2a: Pelipper
|-activate|p2a: Pelipper|move: Protect
|cant|p2b: Amoonguss|flinch
|
|-weather|RainDance|[upkeep]
|-heal|p2b: Amoonguss|95/100|[from] Grassy Terrain
|upkeep
|turn|2
|
|t:|1757111156
|move|p1a: Rillaboom|Grassy Glide|p2a: Pelipper
|-damage|p2a: Pelipper|40/100
|move|p2a: Pelipper|Hurricane|p1a: Rillaboom
|-supereffective|p1a: Rillaboom
|-damage|p1a: Rillaboom|0 fnt
|faint|p1a: Rillaboom
|move|p1b: Ursaluna|Hyper Voice|p2b: Amoonguss|[spread] p2a,p2b
|-damage|p2a: Pelipper|0 fnt
|-damage|p2b: Amoonguss|59/100
|faint|p2a: Pelipper
|move|p2b: Amoonguss|Spore|p1b: Ursaluna
|-status|p1b: Ursaluna|slp|[from] move: Spore
|
|-weather|RainDance|[upkeep]
|-heal|p2b: Amoonguss|65/100|[from] Grassy Terrain
|upkeep
|
|t:|1757111175
|switch|p2a: Basculegion|Basculegion, L50, M|100/100
|switch|p1a: Gholdengo|Gholdengo, L50|100/100
|turn|3
|inactive|Zzag has 30 seconds left.
|
|t:|1757111211
|move|p2b: Amoonguss|Rage Powder|p2b: Amoonguss
|-singleturn|p2b: Amoonguss|move: Rage Powder
|move|p2a: Basculegion|Wave Crash|p1b: Ursaluna
|-damage|p1b: Ursaluna|24/100 slp
|-damage|p2a: Basculegion|76/100|[from] Recoil
|-damage|p2a: Basculegion|66/100|[from] item: Life Orb
|move|p1a: Gholdengo|Nasty Plot|p1a: Gholdengo
|-boost|p1a: Gholdengo|spa|2
|cant|p1b: Ursaluna|slp
|
|-weather|RainDance|[upkeep]
|-heal|p2a: Basculegion|72/100|[from] Grassy Terrain
|-heal|p1b: Ursaluna|30/100 slp|[from] Grassy Terrain
|-heal|p2b: Amoonguss|71/100|[from] Grassy Terrain
|upkeep
|turn|4
|
|t:|1757111231
|-terastallize|p2a: Basculegion|Water
|move|p2a: Basculegion|Wave Crash|p1a: Gholdengo
|-damage|p1a: Gholdengo|0 fnt
|faint|p1a: Gholdengo
|-damage|p2a: Basculegion|44/100|[from] Recoil
|-damage|p2a: Basculegion|34/100|[from] item: Life Orb
|-curestatus|p1b: Ursaluna|slp|[msg]
|move|p1b: Ursaluna|Blood Moon|p2a: Basculegion
|-damage|p2a: Basculegion|0 fnt
|faint|p2a: Basculegion
|move|p2b: Amoonguss|Spore|p1b: Ursaluna
|-status|p1b: Ursaluna|slp|[from] move: Spore
|
|-weather|RainDance|[upkeep]
|-heal|p1b: Ursaluna|36/100 slp|[from] Grassy Terrain
|-heal|p2b: Amoonguss|77/100|[from] Grassy Terrain
|upkeep
|
|t:|1757111251
|switch|p1a: Dragonite|Dragonite, L50, M|100/100
|switch|p2a: Baxcalibur|Baxcalibur, L50, F|100/100
|turn|5
|
|t:|1757111263
|move|p2b: Amoonguss|Rage Powder|p2b: Amoonguss
|-singleturn|p2b: Amoonguss|move: Rage Powder
|move|p2a: Baxcalibur|Icicle Crash|p1a: Dragonite
|-supereffective|p1a: Dragonite
|-damage|p1a: Dragonite|0 fnt
|faint|p1a: Dragonite
|cant|p1b: Ursaluna|slp
|
|-weather|none
|-heal|p1b: Ursaluna|42/100 slp|[from] Grassy Terrain
|-heal|p2b: Amoonguss|83/100|[from] Grassy Terrain
|-fieldend|move: Grassy Terrain
|upkeep
|turn|6
|
|t:|1757111272
|move|p2b: Amoonguss|Rage Powder|p2b: Amoonguss
|-singleturn|p2b: Amoonguss|move: Rage Powder
|move|p2a: Baxcalibur|Glaive Rush|p1b: Ursaluna
|-damage|p1b: Ursaluna|0 fnt
|-singlemove|p2a: Baxcalibur|Glaive Rush|[silent]
|faint|p1b: Ursaluna
|
|win|Zzag
|raw|VGC_HEARTGOLD's rating: 1076 → 1060(-16 for losing)
|raw|Zzag's rating: 1168 → 1187(+19 for winning)
|l|☆VGC_HEARTGOLD
|player|p1|
