|j|☆tang de maracuja
|j|☆godoftoasty
|html|tang de maracujagodoftoasty    
|uhtml|bestof|Game 1 of a best-of-3
|t:|1784653850
|gametype|doubles
|player|p1|tang de maracuja|morty|1154
|player|p2|godoftoasty|2|1201
|gen|9
|tier|[Gen 9 Champions] VGC 2026 Reg M-B (Bo3)
|rated|
|rule|Species Clause: Limit one of each Pokémon
|rule|Item Clause: Limit 1 of each item
|clearpoke
|poke|p1|Gengar, L50, M|
|poke|p1|Archaludon, L50, M|
|poke|p1|Politoed, L50, M|
|poke|p1|Swampert, L50, F|
|poke|p1|Vivillon, L50, M|
|poke|p1|Incineroar, L50, F|
|poke|p2|Gengar, L50, F, shiny|
|poke|p2|Incineroar, L50, M|
|poke|p2|Garchomp, L50, M|
|poke|p2|Ninetales-Alola, L50, F|
|poke|p2|Blaziken, L50, M|
|poke|p2|Kingambit, L50, M|
|teampreview|4
|showteam|p1|Gengar||Gengarite|CursedBody|ShadowBall,SludgeBomb,PerishSong,Protect|Modest||M|||50|]Archaludon||Leftovers|Stamina|ElectroShot,DragonPulse,FlashCannon,Protect|Bold||M|||50|]Politoed||SitrusBerry|Drizzle|WeatherBall,Hypnosis,PerishSong,Protect|Calm||M|||50|]Swampert||Swampertite|Torrent|WaveCrash,Earthquake,IcePunch,Protect|Adamant||F|||50|]Vivillon||FocusSash|CompoundEyes|Hurricane,SleepPowder,RagePowder,Protect|Timid||M|||50|]Incineroar||PasshoBerry|Intimidate|ThroatChop,FakeOut,PartingShot,Protect|Impish||F|||50|
|showteam|p2|Gengar||Gengarite|CursedBody|ShadowBall,SludgeBomb,PerishSong,Protect|Timid||F|||50|]Incineroar||SitrusBerry|Intimidate|FakeOut,PartingShot,Protect,FlareBlitz|Impish||M|||50|]Garchomp||LifeOrb|RoughSkin|DragonClaw,StompingTantrum,RockSlide,Protect|Jolly||M|||50|]Ninetales-Alola||FocusSash|SnowWarning|Blizzard,Encore,Disable,Protect|Timid||F|||50|]Blaziken||Blazikenite|SpeedBoost|FlareBlitz,CloseCombat,RockSlide,Detect|Adamant||M|||50|]Kingambit||ExpertBelt|Defiant|KowtowCleave,SuckerPunch,IronHead,Protect|Adamant||M|||50|
|inactive|Battle timer is ON: inactive players will automatically lose when time's up. (requested by tang de maracuja)
|inactive|tang de maracuja has 60 seconds left.
|inactive|godoftoasty has 60 seconds left.
|inactive|tang de maracuja has 30 seconds left.
|
|t:|1784653915
|teamsize|p1|4
|teamsize|p2|4
|start
|switch|p1a: Swampert|Swampert, L50, F|100/100
|switch|p1b: Vivillon|Vivillon, L50, M|100/100
|switch|p2a: Gengar|Gengar, L50, F, shiny|100/100
|switch|p2b: Ninetales|Ninetales-Alola, L50, F|100/100
|-weather|Snowscape|[from] ability: Snow Warning|[of] p2b: Ninetales
|turn|1
|inactive|godoftoasty has 30 seconds left.
|
|t:|1784653942
|switch|p2b: Incineroar|Incineroar, L50, M|100/100
|-ability|p2b: Incineroar|Intimidate|boost
|-unboost|p1a: Swampert|atk|1
|-unboost|p1b: Vivillon|atk|1
|switch|p1b: Politoed|Politoed, L50, M|100/100
|-weather|RainDance|[from] ability: Drizzle|[of] p1b: Politoed
|detailschange|p2a: Gengar|Gengar-Mega, L50, F, shiny
|-mega|p2a: Gengar|Gengar|Gengarite
|detailschange|p1a: Swampert|Swampert-Mega, L50, F
|-mega|p1a: Swampert|Swampert|Swampertite
|move|p2a: Gengar|Protect|p2a: Gengar
|-singleturn|p2a: Gengar|Protect
|move|p1a: Swampert|Earthquake|p2b: Incineroar|[spread] p1b,p2b
|-activate|p2a: Gengar|move: Protect
|-supereffective|p2b: Incineroar|1
|-crit|p2b: Incineroar
|-damage|p1b: Politoed|70/100
|-damage|p2b: Incineroar|0 fnt
|faint|p2b: Incineroar
|
|-weather|RainDance|[upkeep]
|upkeep
|
|t:|1784653948
|switch|p2b: Ninetales|Ninetales-Alola, L50, F|100/100
|-weather|Snowscape|[from] ability: Snow Warning|[of] p2b: Ninetales
|turn|2
|
|t:|1784653973
|move|p1a: Swampert|Protect|p1a: Swampert
|-singleturn|p1a: Swampert|Protect
|move|p2a: Gengar|Sludge Bomb|p1b: Politoed
|-damage|p1b: Politoed|30/100
|-enditem|p1b: Politoed|Sitrus Berry|[eat]
|-heal|p1b: Politoed|55/100|[from] item: Sitrus Berry
|move|p2b: Ninetales|Disable|p1a: Swampert
|-activate|p1a: Swampert|move: Protect
|move|p1b: Politoed|Perish Song|p1b: Politoed
|-start|p1a: Swampert|perish3|[silent]
|-start|p1b: Politoed|perish3|[silent]
|-start|p2a: Gengar|perish3|[silent]
|-start|p2b: Ninetales|perish3|[silent]
|-fieldactivate|move: Perish Song
|
|-weather|Snowscape|[upkeep]
|-start|p2a: Gengar|perish3
|-start|p2b: Ninetales|perish3
|-start|p1a: Swampert|perish3
|-start|p1b: Politoed|perish3
|upkeep
|turn|3
|
|t:|1784653991
|move|p2a: Gengar|Sludge Bomb|p1b: Politoed
|-damage|p1b: Politoed|16/100
|move|p2b: Ninetales|Encore|p1a: Swampert
|-start|p1a: Swampert|Encore
|move|p1a: Swampert|Protect||[still]
|-fail|p1a: Swampert
|move|p1b: Politoed|Hypnosis|p2a: Gengar
|-status|p2a: Gengar|slp|[from] move: Hypnosis
|
|-weather|Snowscape|[upkeep]
|-start|p2a: Gengar|perish2
|-start|p2b: Ninetales|perish2
|-start|p1a: Swampert|perish2
|-start|p1b: Politoed|perish2
|upkeep
|turn|4
|
|t:|1784653999
|switch|p2b: Garchomp|Garchomp, L50, M|100/100
|cant|p2a: Gengar|slp
|move|p1a: Swampert|Protect|p1a: Swampert
|-singleturn|p1a: Swampert|Protect
|move|p1b: Politoed|Hypnosis|p2b: Garchomp
|-status|p2b: Garchomp|slp|[from] move: Hypnosis
|
|-weather|Snowscape|[upkeep]
|-start|p2a: Gengar|perish1
|-start|p1a: Swampert|perish1
|-start|p1b: Politoed|perish1
|upkeep
|turn|5
|
|t:|1784654009
|switch|p2a: Ninetales|Ninetales-Alola, L50, F|100/100
|move|p1a: Swampert|Protect|p1a: Swampert
|-singleturn|p1a: Swampert|Protect
|cant|p2b: Garchomp|slp
|move|p1b: Politoed|Weather Ball|p2b: Garchomp
|-supereffective|p2b: Garchomp|2
|-damage|p2b: Garchomp|12/100 slp
|
|-weather|Snowscape|[upkeep]
|-end|p1a: Swampert|Encore
|-start|p1a: Swampert|perish0
|-start|p1b: Politoed|perish0
|faint|p1a: Swampert
|faint|p1b: Politoed
|upkeep
|
|t:|1784654013
|switch|p1a: Vivillon|Vivillon, L50, M|100/100
|switch|p1b: Archaludon|Archaludon, L50, M|100/100
|turn|6
|
|t:|1784654028
|move|p1a: Vivillon|Protect|p1a: Vivillon
|-singleturn|p1a: Vivillon|Protect
|move|p2a: Ninetales|Blizzard|p1b: Archaludon|[spread] p1b
|-activate|p1a: Vivillon|move: Protect
|-damage|p1b: Archaludon|75/100
|-ability|p1b: Archaludon|Stamina|boost
|-boost|p1b: Archaludon|def|1
|cant|p2b: Garchomp|slp
|move|p1b: Archaludon|Flash Cannon|p2a: Ninetales
|-supereffective|p2a: Ninetales|2
|-enditem|p2a: Ninetales|Focus Sash
|-damage|p2a: Ninetales|1/100
|
|-weather|none
|-heal|p1b: Archaludon|81/100|[from] item: Leftovers
|upkeep
|turn|7
|
|t:|1784654044
|move|p1a: Vivillon|Rage Powder|p1a: Vivillon
|-singleturn|p1a: Vivillon|move: Rage Powder
|move|p2a: Ninetales|Encore|p1a: Vivillon
|-start|p1a: Vivillon|Encore
|-curestatus|p2b: Garchomp|slp|[msg]
|move|p2b: Garchomp|Stomping Tantrum|p1a: Vivillon
|-immune|p1a: Vivillon
|move|p1b: Archaludon|Flash Cannon|p2a: Ninetales
|-supereffective|p2a: Ninetales|2
|-damage|p2a: Ninetales|0 fnt
|faint|p2a: Ninetales
|
|-heal|p1b: Archaludon|87/100|[from] item: Leftovers
|upkeep
|
|t:|1784654047
|switch|p2a: Gengar|Gengar-Mega, L50, F, shiny|100/100 slp
|turn|8
|
|t:|1784654066
|move|p1a: Vivillon|Rage Powder|p1a: Vivillon
|-singleturn|p1a: Vivillon|move: Rage Powder
|cant|p2a: Gengar|slp
|move|p2b: Garchomp|Rock Slide|p1b: Archaludon|[spread] p1a,p1b
|-supereffective|p1a: Vivillon|2
|-resisted|p1b: Archaludon|1
|-enditem|p1a: Vivillon|Focus Sash
|-damage|p1a: Vivillon|1/100
|-damage|p1b: Archaludon|81/100
|-ability|p1b: Archaludon|Stamina|boost
|-boost|p1b: Archaludon|def|1
|-damage|p2b: Garchomp|2/100|[from] item: Life Orb
|move|p1b: Archaludon|Dragon Pulse|p2a: Gengar
|-damage|p2a: Gengar|58/100 slp
|
|-heal|p1b: Archaludon|87/100|[from] item: Leftovers
|upkeep
|turn|9
|
|t:|1784654079
|move|p1a: Vivillon|Rage Powder|p1a: Vivillon
|-singleturn|p1a: Vivillon|move: Rage Powder
|-curestatus|p2a: Gengar|slp|[msg]
|move|p2a: Gengar|Shadow Ball|p1a: Vivillon
|-damage|p1a: Vivillon|0 fnt
|faint|p1a: Vivillon
|move|p2b: Garchomp|Stomping Tantrum|p1b: Archaludon
|-supereffective|p1b: Archaludon|1
|-damage|p1b: Archaludon|52/100
|-ability|p1b: Archaludon|Stamina|boost
|-boost|p1b: Archaludon|def|1
|-damage|p2b: Garchomp|0 fnt|[from] item: Life Orb
|faint|p2b: Garchomp
|move|p1b: Archaludon|Dragon Pulse|p2a: Gengar
|-damage|p2a: Gengar|17/100
|
|-heal|p1b: Archaludon|58/100|[from] item: Leftovers
|upkeep
|turn|10
|
|t:|1784654091
|move|p2a: Gengar|Shadow Ball|p1b: Archaludon
|-damage|p1b: Archaludon|13/100
|-ability|p1b: Archaludon|Stamina|boost
|-boost|p1b: Archaludon|def|1
|move|p1b: Archaludon|Dragon Pulse|p2a: Gengar
|-damage|p2a: Gengar|0 fnt
|faint|p2a: Gengar
|
|win|tang de maracuja
||tang de maracuja is ready for game 2.
||godoftoasty is ready for game 2.
|uhtml|next|Next: Game 2 of 3
