|j|☆lolgz
|j|☆M1To006
|html|lolgzM1To006    
|uhtml|bestof|Game 2 of a best-of-3
|t:|1783032738
|gametype|doubles
|player|p1|lolgz|dawn|1113
|player|p2|M1To006|266|1192
|gen|9
|tier|[Gen 9 Champions] VGC 2026 Reg M-B (Bo3)
|rated|
|rule|Species Clause: Limit one of each Pokémon
|rule|Item Clause: Limit 1 of each item
|clearpoke
|poke|p1|Scrafty, L50, F|
|poke|p1|Vivillon, L50, F|
|poke|p1|Incineroar, L50, F|
|poke|p1|Sinistcha, L50|
|poke|p1|Rotom-Wash, L50|
|poke|p1|Delphox, L50, M|
|poke|p2|Charizard, L50, M|
|poke|p2|Aerodactyl, L50, M|
|poke|p2|Garchomp, L50, F|
|poke|p2|Sylveon, L50, F|
|poke|p2|Kingambit, L50, F|
|poke|p2|Farigiraf, L50, M|
|teampreview|4
|showteam|p1|Scrafty||Scraftinite|Intimidate|DrainPunch,KnockOff,Protect,DragonDance|Jolly||F|||50|]Vivillon||ChoiceScarf|CompoundEyes|SleepPowder,Hurricane,RagePowder,Tailwind|Timid||F|||50|]Incineroar||PasshoBerry|Intimidate|PartingShot,FakeOut,ThroatChop,FlareBlitz|Careful||F|||50|]Sinistcha||KasibBerry|Hospitality|MatchaGotcha,RagePowder,LifeDew,Protect|Serious|||||50|]Rotom-Wash||SitrusBerry|Levitate|HydroPump,WillOWisp,VoltSwitch,LightScreen|Modest|||||50|]Delphox||Delphoxite|Blaze|HeatWave,Psychic,Protect,NastyPlot|Timid||M|||50|
|showteam|p2|Charizard||CharizarditeY|Blaze|WeatherBall,HeatWave,SolarBeam,Protect|Modest||M|||50|]Aerodactyl||Aerodactylite|Unnerve|DualWingbeat,RockSlide,Tailwind,IceFang|Jolly||M|||50|]Garchomp||LifeOrb|RoughSkin|Earthquake,DragonClaw,StompingTantrum,Protect|Jolly||F|||50|]Sylveon||FairyFeather|Pixilate|HyperVoice,HyperBeam,QuickAttack,Protect|Modest||F|||50|]Kingambit||FocusSash|Defiant|KowtowCleave,IronHead,SuckerPunch,LowKick|Adamant||F|||50|]Farigiraf||SitrusBerry|ArmorTail|Psychic,Thunderbolt,TrickRoom,Roar|Bold||M|||50|
|inactive|Battle timer is ON: inactive players will automatically lose when time's up. (requested by lolgz)
|inactive|M1To006 has 60 seconds left.
|
|t:|1783032797
|teamsize|p1|4
|teamsize|p2|4
|start
|switch|p1a: Vivillon|Vivillon, L50, F|100/100
|switch|p1b: Delphox|Delphox, L50, M|100/100
|switch|p2a: Sylveon|Sylveon, L50, F|100/100
|switch|p2b: Farigiraf|Farigiraf, L50, M|100/100
|turn|1
|
|t:|1783032812
|detailschange|p1b: Delphox|Delphox-Mega, L50, M
|-mega|p1b: Delphox|Delphox|Delphoxite
|move|p2a: Sylveon|Protect|p2a: Sylveon
|-singleturn|p2a: Sylveon|Protect
|move|p1a: Vivillon|Sleep Powder|p2b: Farigiraf
|-status|p2b: Farigiraf|slp|[from] move: Sleep Powder
|move|p1b: Delphox|Nasty Plot|p1b: Delphox
|-boost|p1b: Delphox|spa|2
|cant|p2b: Farigiraf|slp
|
|upkeep
|turn|2
|
|t:|1783032821
|move|p2a: Sylveon|Protect|p2a: Sylveon
|-singleturn|p2a: Sylveon|Protect
|move|p1a: Vivillon|Sleep Powder|p2a: Sylveon
|-activate|p2a: Sylveon|move: Protect
|move|p1b: Delphox|Nasty Plot|p1b: Delphox
|-boost|p1b: Delphox|spa|2
|-curestatus|p2b: Farigiraf|slp|[msg]
|move|p2b: Farigiraf|Trick Room|p2b: Farigiraf
|-fieldstart|move: Trick Room|[of] p2b: Farigiraf
|
|upkeep
|turn|3
|
|t:|1783032832
|move|p1b: Delphox|Protect|p1b: Delphox
|-singleturn|p1b: Delphox|Protect
|move|p2b: Farigiraf|Thunderbolt|p1a: Vivillon
|-supereffective|p1a: Vivillon|1
|-damage|p1a: Vivillon|13/100
|move|p2a: Sylveon|Hyper Voice|p1a: Vivillon|[spread] p1a
|-activate|p1b: Delphox|move: Protect
|-damage|p1a: Vivillon|0 fnt
|faint|p1a: Vivillon
|
|upkeep
|
|t:|1783032837
|switch|p1a: Rotom|Rotom-Wash, L50|100/100
|turn|4
|
|t:|1783032845
|move|p2a: Sylveon|Hyper Voice|p1b: Delphox|[spread] p1a,p1b
|-resisted|p1b: Delphox|1
|-crit|p1b: Delphox
|-damage|p1a: Rotom|45/100
|-damage|p1b: Delphox|69/100
|-enditem|p1a: Rotom|Sitrus Berry|[eat]
|-heal|p1a: Rotom|70/100|[from] item: Sitrus Berry
|move|p1a: Rotom|Light Screen|p1a: Rotom
|-sidestart|p1: lolgz|move: Light Screen
|move|p1b: Delphox|Heat Wave|p2a: Sylveon|[spread] p2a,p2b
|-crit|p2a: Sylveon
|-damage|p2a: Sylveon|0 fnt
|-damage|p2b: Farigiraf|0 fnt
|faint|p2a: Sylveon
|faint|p2b: Farigiraf
|
|upkeep
|
|t:|1783032856
|switch|p2b: Kingambit|Kingambit, L50, F|100/100
|switch|p2a: Aerodactyl|Aerodactyl, L50, M|100/100
|-ability|p2a: Aerodactyl|Unnerve
|turn|5
|
|t:|1783032868
|move|p1b: Delphox|Protect|p1b: Delphox
|-singleturn|p1b: Delphox|Protect
|move|p2b: Kingambit|Kowtow Cleave|p1a: Rotom
|-damage|p1a: Rotom|21/100
|move|p1a: Rotom|Will-O-Wisp|p2b: Kingambit
|-status|p2b: Kingambit|brn
|move|p2a: Aerodactyl|Rock Slide|p1a: Rotom|[spread] p1a
|-activate|p1b: Delphox|move: Protect
|-crit|p1a: Rotom
|-damage|p1a: Rotom|0 fnt
|faint|p1a: Rotom
|
|-damage|p2b: Kingambit|93/100 brn|[from] brn
|upkeep
|
|t:|1783032873
|switch|p1a: Incineroar|Incineroar, L50, F|100/100
|-ability|p1a: Incineroar|Intimidate|boost
|-unboost|p2a: Aerodactyl|atk|1
|-unboost|p2b: Kingambit|atk|1
|-ability|p2b: Kingambit|Defiant|boost
|-boost|p2b: Kingambit|atk|2
|turn|6
|
|t:|1783032891
|move|p1a: Incineroar|Fake Out|p2b: Kingambit
|-resisted|p2b: Kingambit|1
|-damage|p2b: Kingambit|89/100 brn
|cant|p2b: Kingambit|flinch
|move|p2a: Aerodactyl|Rock Slide|p1a: Incineroar|[spread] p1a,p1b
|-supereffective|p1a: Incineroar|1
|-supereffective|p1b: Delphox|1
|-damage|p1a: Incineroar|75/100
|-damage|p1b: Delphox|32/100
|move|p1b: Delphox|Heat Wave|p2a: Aerodactyl|[spread] p2a,p2b
|-resisted|p2a: Aerodactyl|1
|-supereffective|p2b: Kingambit|1
|-damage|p2a: Aerodactyl|27/100
|-damage|p2b: Kingambit|0 fnt
|faint|p2b: Kingambit
|
|-fieldend|move: Trick Room
|upkeep
|turn|7
|
|t:|1783032904
|detailschange|p2a: Aerodactyl|Aerodactyl-Mega, L50, M
|-mega|p2a: Aerodactyl|Aerodactyl|Aerodactylite
|move|p2a: Aerodactyl|Rock Slide|p1a: Incineroar|[spread] p1a,p1b
|-supereffective|p1a: Incineroar|1
|-supereffective|p1b: Delphox|1
|-damage|p1a: Incineroar|41/100
|-damage|p1b: Delphox|0 fnt
|faint|p1b: Delphox
|cant|p1a: Incineroar|flinch
|
|upkeep
|turn|8
|inactive|M1To006 has 30 seconds left.
|inactive|M1To006 has 20 seconds left.
|inactive|M1To006 has 15 seconds left.
|
|t:|1783032948
|move|p2a: Aerodactyl|Rock Slide|p1a: Incineroar
|-supereffective|p1a: Incineroar|1
|-damage|p1a: Incineroar|0 fnt
|faint|p1a: Incineroar
|
|win|M1To006
