|j|☆Fedemitra9
|j|☆CuboX11n
|html|Fedemitra9CuboX11n    
|uhtml|bestof|Game 1 of a best-of-3
|t:|1757847939
|gametype|doubles
|player|p1|Fedemitra9|hiker-gen4|1454
|player|p2|CuboX11n|crasherwake|1321
|gen|9
|tier|[Gen 9] VGC 2025 Reg H (Bo3)
|rated|
|rule|Species Clause: Limit one of each Pokémon
|rule|Item Clause: Limit 1 of each item
|clearpoke
|poke|p1|Charizard, L50, M|
|poke|p1|Torkoal, L50, M|
|poke|p1|Porygon2, L50|
|poke|p1|Incineroar, L50, M|
|poke|p1|Jumpluff, L50, M|
|poke|p1|Ursaluna, L50, M|
|poke|p2|Tyranitar, L50, M|
|poke|p2|Garchomp, L50, M|
|poke|p2|Basculegion, L50, M|
|poke|p2|Volcarona, L50, M|
|poke|p2|Amoonguss, L50, M|
|poke|p2|Grimmsnarl, L50, M|
|teampreview|4
|showteam|p1|Charizard||ChoiceSpecs|SolarPower|HeatWave,Overheat,WeatherBall,AirSlash|||M|||50|,,,,,Ghost]Torkoal||EjectPack|Drought|Eruption,Overheat,HelpingHand,Protect|||M|||50|,,,,,Fire]Porygon2||Eviolite|Download|TeraBlast,IceBeam,Recover,TrickRoom||||||50|,,,,,Fighting]Incineroar||SitrusBerry|Intimidate|FlareBlitz,KnockOff,FakeOut,PartingShot|||M|||50|,,,,,Ghost]Jumpluff||CovertCloak|Chlorophyll|SunnyDay,SleepPowder,RagePowder,Tailwind|||M|||50|,,,,,Water]Ursaluna||FlameOrb|Guts|HeadlongRush,Facade,Earthquake,Protect|||M|||50|,,,,,Ghost
|showteam|p2|Tyranitar||AssaultVest|SandStream|LowKick,TeraBlast,RockSlide,KnockOff|||M|||50|,,,,,Flying]Garchomp||LoadedDice|SandVeil|StompingTantrum,ScaleShot,SwordsDance,Protect|||M|||50|,,,,,Poison]Basculegion||ChoiceScarf|Adaptability|LastRespects,WaveCrash,FlipTurn,TeraBlast|||M|||50|,,,,,Ghost]Volcarona||Leftovers|FlameBody|HeatWave,GigaDrain,QuiverDance,Protect|||M|||50|,,,,,Grass]Amoonguss||SitrusBerry|Regenerator|Spore,RagePowder,LeafStorm,ClearSmog|||M|||50|,,,,,Steel]Grimmsnarl||LightClay|Prankster|ThunderWave,LightScreen,Reflect,SpiritBreak|||M|||50|,,,,,Water
|inactive|Battle timer is ON: inactive players will automatically lose when time's up. (requested by Fedemitra9)
|inactive|Fedemitra9 has 60 seconds left.
|
|t:|1757847989
|teamsize|p1|4
|teamsize|p2|4
|start
|switch|p1a: Charizard|Charizard, L50, M, shiny|100/100
|switch|p1b: Jumpluff|Jumpluff, L50, M, shiny|100/100
|switch|p2a: Grimmsnarl|Grimmsnarl, L50, M, shiny|100/100
|switch|p2b: Volcarona|Volcarona, L50, M|100/100
|turn|1
|
|t:|1757848001
|move|p2a: Grimmsnarl|Light Screen|p2a: Grimmsnarl
|-sidestart|p2: CuboX11n|move: Light Screen
|move|p1b: Jumpluff|Sunny Day|p1b: Jumpluff
|-weather|SunnyDay
|move|p1a: Charizard|Heat Wave|p2a: Grimmsnarl|[spread] p2a
|-miss|p1a: Charizard|p2b: Volcarona
|-damage|p2a: Grimmsnarl|28/100
|move|p2b: Volcarona|Heat Wave|p1a: Charizard|[spread] p1a,p1b
|-resisted|p1a: Charizard
|-supereffective|p1b: Jumpluff
|-damage|p1a: Charizard|64/100
|-damage|p1b: Jumpluff|0 fnt
|faint|p1b: Jumpluff
|
|-weather|SunnyDay|[upkeep]
|-damage|p1a: Charizard|51/100|[from] ability: Solar Power|[of] p1a: Charizard
|upkeep
|
|t:|1757848022
|switch|p1b: Porygon2|Porygon2, L50, shiny|100/100
|-ability|p1b: Porygon2|Download|boost
|-boost|p1b: Porygon2|atk|1
|turn|2
|
|t:|1757848031
|move|p2a: Grimmsnarl|Thunder Wave|p1a: Charizard
|-status|p1a: Charizard|par
|move|p2b: Volcarona|Heat Wave|p1b: Porygon2|[spread] p1a
|-miss|p2b: Volcarona|p1b: Porygon2
|-resisted|p1a: Charizard
|-damage|p1a: Charizard|16/100 par
|cant|p1a: Charizard|par
|move|p1b: Porygon2|Trick Room|p1b: Porygon2
|-fieldstart|move: Trick Room|[of] p1b: Porygon2
|
|-weather|SunnyDay|[upkeep]
|-damage|p1a: Charizard|3/100 par|[from] ability: Solar Power|[of] p1a: Charizard
|upkeep
|turn|3
|
|t:|1757848051
|switch|p2a: Tyranitar|Tyranitar, L50, M|100/100
|-weather|Sandstorm|[from] ability: Sand Stream|[of] p2a: Tyranitar
|move|p1b: Porygon2|Tera Blast|p2b: Volcarona
|-damage|p2b: Volcarona|78/100
|move|p1a: Charizard|Heat Wave|p2b: Volcarona|[spread] p2a,p2b
|-resisted|p2a: Tyranitar
|-damage|p2a: Tyranitar|94/100
|-damage|p2b: Volcarona|50/100
|move|p2b: Volcarona|Quiver Dance|p2b: Volcarona
|-boost|p2b: Volcarona|spa|1
|-boost|p2b: Volcarona|spd|1
|-boost|p2b: Volcarona|spe|1
|
|-weather|Sandstorm|[upkeep]
|-damage|p1b: Porygon2|94/100|[from] Sandstorm
|-damage|p1a: Charizard|0 fnt|[from] Sandstorm
|-damage|p2b: Volcarona|44/100|[from] Sandstorm
|faint|p1a: Charizard
|-heal|p2b: Volcarona|50/100|[from] item: Leftovers
|upkeep
|
|t:|1757848071
|switch|p1a: Ursaluna|Ursaluna, L50, M, shiny|100/100
|turn|4
|inactive|Fedemitra9 has 30 seconds left.
|
|t:|1757848104
|-terastallize|p2a: Tyranitar|Flying
|move|p1a: Ursaluna|Protect|p1a: Ursaluna
|-singleturn|p1a: Ursaluna|Protect
|move|p1b: Porygon2|Tera Blast|p2b: Volcarona
|-damage|p2b: Volcarona|36/100
|move|p2a: Tyranitar|Knock Off|p1a: Ursaluna
|-activate|p1a: Ursaluna|move: Protect
|move|p2b: Volcarona|Heat Wave|p1b: Porygon2|[spread] p1b
|-activate|p1a: Ursaluna|move: Protect
|-damage|p1b: Porygon2|61/100
|
|-weather|Sandstorm|[upkeep]
|-damage|p1b: Porygon2|55/100|[from] Sandstorm
|-damage|p2a: Tyranitar|88/100|[from] Sandstorm
|-damage|p2b: Volcarona|30/100|[from] Sandstorm
|-heal|p2b: Volcarona|36/100|[from] item: Leftovers
|-status|p1a: Ursaluna|brn|[from] item: Flame Orb
|upkeep
|turn|5
|
|t:|1757848126
|move|p1b: Porygon2|Recover|p1b: Porygon2
|-heal|p1b: Porygon2|100/100
|move|p1a: Ursaluna|Facade|p2a: Tyranitar
|-damage|p2a: Tyranitar|0 fnt
|faint|p2a: Tyranitar
|move|p2b: Volcarona|Heat Wave|p1b: Porygon2|[spread] p1a
|-miss|p2b: Volcarona|p1b: Porygon2
|-damage|p1a: Ursaluna|45/100 brn
|
|-weather|Sandstorm|[upkeep]
|-damage|p1b: Porygon2|94/100|[from] Sandstorm
|-damage|p2b: Volcarona|30/100|[from] Sandstorm
|-heal|p2b: Volcarona|36/100|[from] item: Leftovers
|-damage|p1a: Ursaluna|39/100 brn|[from] brn
|upkeep
|
|t:|1757848132
|switch|p2a: Grimmsnarl|Grimmsnarl, L50, M, shiny|28/100
|turn|6
|
|t:|1757848151
|move|p2b: Volcarona|Protect|p2b: Volcarona
|-singleturn|p2b: Volcarona|Protect
|move|p2a: Grimmsnarl|Reflect|p2a: Grimmsnarl
|-sidestart|p2: CuboX11n|Reflect
|move|p1b: Porygon2|Tera Blast|p2a: Grimmsnarl
|-crit|p2a: Grimmsnarl
|-damage|p2a: Grimmsnarl|0 fnt
|faint|p2a: Grimmsnarl
|move|p1a: Ursaluna|Facade|p2b: Volcarona
|-activate|p2b: Volcarona|move: Protect
|
|-weather|Sandstorm|[upkeep]
|-damage|p1b: Porygon2|88/100|[from] Sandstorm
|-damage|p2b: Volcarona|30/100|[from] Sandstorm
|-heal|p2b: Volcarona|36/100|[from] item: Leftovers
|-damage|p1a: Ursaluna|33/100 brn|[from] brn
|-fieldend|move: Trick Room
|upkeep
|
|t:|1757848159
|switch|p2a: Garchomp|Garchomp, L50, M|100/100
|turn|7
|
|t:|1757848177
|move|p1a: Ursaluna|Protect|p1a: Ursaluna
|-singleturn|p1a: Ursaluna|Protect
|move|p2b: Volcarona|Heat Wave|p1b: Porygon2|[spread] p1b
|-activate|p1a: Ursaluna|move: Protect
|-damage|p1b: Porygon2|53/100
|move|p2a: Garchomp|Scale Shot|p1b: Porygon2|[miss]
|-miss|p2a: Garchomp|p1b: Porygon2
|move|p1b: Porygon2|Trick Room|p1b: Porygon2
|-fieldstart|move: Trick Room|[of] p1b: Porygon2
|
|-weather|none
|-heal|p2b: Volcarona|42/100|[from] item: Leftovers
|-damage|p1a: Ursaluna|27/100 brn|[from] brn
|upkeep
|turn|8
|
|t:|1757848195
|move|p2b: Volcarona|Protect|p2b: Volcarona
|-singleturn|p2b: Volcarona|Protect
|move|p1b: Porygon2|Ice Beam|p2a: Garchomp
|-supereffective|p2a: Garchomp
|-damage|p2a: Garchomp|21/100
|move|p1a: Ursaluna|Facade|p2b: Volcarona
|-activate|p2b: Volcarona|move: Protect
|move|p2a: Garchomp|Stomping Tantrum|p1a: Ursaluna
|-damage|p1a: Ursaluna|0 fnt
|faint|p1a: Ursaluna
|
|-heal|p2b: Volcarona|48/100|[from] item: Leftovers
|-sideend|p2: CuboX11n|move: Light Screen
|upkeep
|turn|9
|
|t:|1757848219
|move|p1b: Porygon2|Ice Beam|p2a: Garchomp
|-supereffective|p2a: Garchomp
|-damage|p2a: Garchomp|0 fnt
|faint|p2a: Garchomp
|move|p2b: Volcarona|Heat Wave|p1b: Porygon2
|-damage|p1b: Porygon2|4/100
|
|-heal|p2b: Volcarona|55/100|[from] item: Leftovers
|upkeep
|turn|10
|
|t:|1757848233
|move|p1b: Porygon2|Recover|p1b: Porygon2
|-heal|p1b: Porygon2|54/100
|move|p2b: Volcarona|Heat Wave|p1b: Porygon2
|-damage|p1b: Porygon2|11/100
|-status|p1b: Porygon2|brn
|
|-heal|p2b: Volcarona|61/100|[from] item: Leftovers
|-damage|p1b: Porygon2|5/100 brn|[from] brn
|upkeep
|turn|11
|-message|Fedemitra9 forfeited.
|
|win|CuboX11n
||CuboX11n is ready for game 2.
|inactive|Fedemitra9 has 30 seconds to confirm battle start!
||Fedemitra9 is ready for game 2.
|uhtml|next|Next: Game 2 of 3
