|j|☆dingle bong
|j|☆x-demon18
|html|dingle bongx-demon18    
|uhtml|bestof|Game 3 of a best-of-3
|t:|1783969068
|gametype|doubles
|player|p1|dingle bong|2|1286
|player|p2|x-demon18|lucas|1258
|gen|9
|tier|[Gen 9 Champions] VGC 2026 Reg M-B (Bo3)
|rated|
|rule|Species Clause: Limit one of each Pokémon
|rule|Item Clause: Limit 1 of each item
|clearpoke
|poke|p1|Blaziken, L50, M, shiny|
|poke|p1|Venusaur, L50, F, shiny|
|poke|p1|Ninetales-Alola, L50, F, shiny|
|poke|p1|Lycanroc-Dusk, L50, F|
|poke|p1|Kingambit, L50, M, shiny|
|poke|p1|Basculegion, L50, M|
|poke|p2|Incineroar, L50, F|
|poke|p2|Rotom-Wash, L50|
|poke|p2|Venusaur, L50, F|
|poke|p2|Garchomp, L50, M|
|poke|p2|Sylveon, L50, F|
|poke|p2|Corviknight, L50, M|
|teampreview|4
|showteam|p1|Blaziken||Blazikenite|SpeedBoost|CloseCombat,FlareBlitz,RockSlide,Detect|Adamant||M|||50|]Venusaur||Venusaurite|Chlorophyll|SludgeBomb,EarthPower,GigaDrain,Protect|Modest||F|||50|]Ninetales-Alola||NeverMeltIce|SnowWarning|Blizzard,FreezeDry,Encore,Protect|Timid||F|||50|]Lycanroc-Dusk||FocusSash|ToughClaws|Accelerock,PsychicFangs,CloseCombat,Protect|Adamant||F|||50|]Kingambit||LifeOrb|Defiant|KowtowCleave,Protect,IronHead,SuckerPunch|Adamant||M|||50|]Basculegion||ChoiceScarf|Adaptability|WaveCrash,LastRespects,FlipTurn,AquaJet|Jolly||M|||50|
|showteam|p2|Incineroar||ExpertBelt|Intimidate|FakeOut,TemperFlare,ThroatChop,PartingShot|Adamant||F|||50|]Rotom-Wash||SitrusBerry|Levitate|HydroPump,Electroweb,WillOWisp,VoltSwitch|Modest|||||50|]Venusaur||Venusaurite|Chlorophyll|GigaDrain,SludgeBomb,EarthPower,Protect|Modest||F|||50|]Garchomp||LifeOrb|RoughSkin|RockSlide,DragonClaw,StompingTantrum,Protect|Jolly||M|||50|]Sylveon||FairyFeather|Pixilate|HyperVoice,QuickAttack,Yawn,Detect|Modest||F|||50|]Corviknight||OccaBerry|MirrorArmor|Tailwind,BraveBird,IronHead,BodyPress|Careful||M|||50|
|
|t:|1783969089
|teamsize|p1|4
|teamsize|p2|4
|start
|switch|p1a: Ninetales|Ninetales-Alola, L50, F, shiny|100/100
|switch|p1b: Kingambit|Kingambit, L50, M, shiny|100/100
|switch|p2a: Yggdrasil|Venusaur, L50, F|100/100
|switch|p2b: Griffith|Corviknight, L50, M|100/100
|-weather|Snowscape|[from] ability: Snow Warning|[of] p1a: Ninetales
|turn|1
|
|t:|1783969103
|detailschange|p2a: Yggdrasil|Venusaur-Mega, L50, F
|-mega|p2a: Yggdrasil|Venusaur|Venusaurite
|move|p2a: Yggdrasil|Protect|p2a: Yggdrasil
|-singleturn|p2a: Yggdrasil|Protect
|move|p1a: Ninetales|Blizzard|p2b: Griffith|[spread] p2b
|-activate|p2a: Yggdrasil|move: Protect
|-crit|p2b: Griffith
|-damage|p2b: Griffith|52/100
|move|p2b: Griffith|Iron Head|p1a: Ninetales
|-supereffective|p1a: Ninetales|2
|-damage|p1a: Ninetales|0 fnt
|faint|p1a: Ninetales
|move|p1b: Kingambit|Kowtow Cleave|p2a: Yggdrasil
|-activate|p2a: Yggdrasil|move: Protect
|
|-weather|Snowscape|[upkeep]
|upkeep
|
|t:|1783969108
|switch|p1a: Blaziken|Blaziken, L50, M, shiny|100/100
|turn|2
|
|t:|1783969124
|detailschange|p1a: Blaziken|Blaziken-Mega, L50, M, shiny
|-mega|p1a: Blaziken|Blaziken|Blazikenite
|move|p1a: Blaziken|Flare Blitz|p2b: Griffith
|-supereffective|p2b: Griffith|1
|-enditem|p2b: Griffith|Occa Berry|[eat]
|-enditem|p2b: Griffith|Occa Berry|[weaken]
|-damage|p2b: Griffith|0 fnt
|faint|p2b: Griffith
|-damage|p1a: Blaziken|78/100|[from] Recoil
|move|p2a: Yggdrasil|Earth Power|p1b: Kingambit
|-supereffective|p1b: Kingambit|1
|-damage|p1b: Kingambit|41/100
|move|p1b: Kingambit|Kowtow Cleave|p2a: Yggdrasil
|-damage|p2a: Yggdrasil|46/100
|-damage|p1b: Kingambit|32/100|[from] item: Life Orb
|
|-weather|Snowscape|[upkeep]
|-ability|p1a: Blaziken|Speed Boost|boost
|-boost|p1a: Blaziken|spe|1
|upkeep
|
|t:|1783969143
|switch|p2b: HydroVolt|Rotom-Wash, L50|100/100
|turn|3
|
|t:|1783969167
|move|p1a: Blaziken|Detect|p1a: Blaziken
|-singleturn|p1a: Blaziken|Protect
|move|p2a: Yggdrasil|Protect|p2a: Yggdrasil
|-singleturn|p2a: Yggdrasil|Protect
|move|p1b: Kingambit|Protect|p1b: Kingambit
|-singleturn|p1b: Kingambit|Protect
|move|p2b: HydroVolt|Hydro Pump|p1a: Blaziken
|-activate|p1a: Blaziken|move: Protect
|
|-weather|Snowscape|[upkeep]
|-ability|p1a: Blaziken|Speed Boost|boost
|-boost|p1a: Blaziken|spe|1
|upkeep
|turn|4
|
|t:|1783969191
|move|p1a: Blaziken|Flare Blitz|p2a: Yggdrasil
|-supereffective|p2a: Yggdrasil|1
|-damage|p2a: Yggdrasil|0 fnt
|faint|p2a: Yggdrasil
|-damage|p1a: Blaziken|61/100|[from] Recoil
|move|p2b: HydroVolt|Will-O-Wisp|p1b: Kingambit
|-status|p1b: Kingambit|brn
|move|p1b: Kingambit|Kowtow Cleave|p2b: HydroVolt
|-damage|p2b: HydroVolt|67/100
|-damage|p1b: Kingambit|22/100 brn|[from] item: Life Orb
|
|-weather|Snowscape|[upkeep]
|-damage|p1b: Kingambit|16/100 brn|[from] brn
|-ability|p1a: Blaziken|Speed Boost|boost
|-boost|p1a: Blaziken|spe|1
|upkeep
|
|t:|1783969208
|switch|p2a: Wolverine|Incineroar, L50, F|100/100
|-ability|p2a: Wolverine|Intimidate|boost
|-unboost|p1a: Blaziken|atk|1
|-unboost|p1b: Kingambit|atk|1
|-ability|p1b: Kingambit|Defiant|boost
|-boost|p1b: Kingambit|atk|2
|turn|5
|
|t:|1783969224
|switch|p1a: Basculegion|Basculegion, L50, M|100/100
|move|p2a: Wolverine|Fake Out|p1a: Basculegion
|-immune|p1a: Basculegion
|move|p1b: Kingambit|Sucker Punch|p2b: HydroVolt
|-damage|p2b: HydroVolt|27/100
|-enditem|p2b: HydroVolt|Sitrus Berry|[eat]
|-heal|p2b: HydroVolt|52/100|[from] item: Sitrus Berry
|-damage|p1b: Kingambit|7/100 brn|[from] item: Life Orb
|move|p2b: HydroVolt|Volt Switch|p1b: Kingambit
|-damage|p1b: Kingambit|0 fnt
|faint|p1b: Kingambit
|
|-weather|none
|upkeep
|
|t:|1783969236
|switch|p1b: Blaziken|Blaziken-Mega, L50, M, shiny|61/100
|turn|6
|l|☆x-demon18
|player|p2|
|j|☆x-demon18
|player|p2|x-demon18|lucas|
|
|t:|1783969308
|move|p1a: Basculegion|Last Respects|p2b: HydroVolt
|-damage|p2b: HydroVolt|0 fnt
|faint|p2b: HydroVolt
|move|p1b: Blaziken|Close Combat|p2a: Wolverine
|-supereffective|p2a: Wolverine|1
|-damage|p2a: Wolverine|0 fnt
|-unboost|p1b: Blaziken|def|1
|-unboost|p1b: Blaziken|spd|1
|faint|p2a: Wolverine
|
|win|dingle bong
|raw|dingle bong's rating: 1286 → 1309(+23 for winning)
|raw|x-demon18's rating: 1258 → 1235(-23 for losing)
