|j|☆keeplearning
|j|☆merr123
|html|keeplearningmerr123    
|uhtml|bestof|Game 2 of a best-of-3
|t:|1756968321
|gametype|doubles
|player|p1|keeplearning|266|1258
|player|p2|merr123|sisandbro|1377
|gen|9
|tier|[Gen 9] VGC 2025 Reg H (Bo3)
|rated|
|rule|Species Clause: Limit one of each Pokémon
|rule|Item Clause: Limit 1 of each item
|clearpoke
|poke|p1|Dragonite, L50, F|
|poke|p1|Annihilape, L50, F|
|poke|p1|Rillaboom, L50, F|
|poke|p1|Gholdengo, L50|
|poke|p1|Dondozo, L50, M|
|poke|p1|Incineroar, L50, M|
|poke|p2|Sneasler, L50, F|
|poke|p2|Gholdengo, L50|
|poke|p2|Amoonguss, L50, M|
|poke|p2|Incineroar, L50, M|
|poke|p2|Ursaluna-Bloodmoon, L50, M|
|poke|p2|Farigiraf, L50, M|
|teampreview|4
|showteam|p1|Dragonite||LoadedDice|Multiscale|Protect,ScaleShot,Tailwind,Haze|||F|||50|,,,,,Fairy]Annihilape||FocusSash|Defiant|FinalGambit,Coaching,RageFist,CloseCombat|||F|||50|,,,,,Stellar]Rillaboom||AssaultVest|GrassySurge|FakeOut,GrassyGlide,HighHorsepower,WoodHammer|||F|||50|,,,,,Fire]Gholdengo||LifeOrb|GoodasGold|Protect,NastyPlot,MakeItRain,ShadowBall||||||50|,,,,,Water]Dondozo||Leftovers|Unaware|Protect,WaveCrash,Yawn,Fissure|||M|||50|,,,,,Grass]Incineroar||SafetyGoggles|Intimidate|FakeOut,KnockOff,FlareBlitz,PartingShot|||M|||50|,,,,,Ghost
|showteam|p2|Sneasler||ClearAmulet|PoisonTouch|FakeOut,CloseCombat,DireClaw,Protect|||F|||50|,,,,,Water]Gholdengo||MetalCoat|GoodasGold|NastyPlot,MakeItRain,ShadowBall,Protect||||||50|,,,,,Water]Amoonguss||SitrusBerry|Regenerator|Spore,RagePowder,PollenPuff,Protect|||M|||50|,,,,,Water]Incineroar||SafetyGoggles|Intimidate|FakeOut,FlareBlitz,KnockOff,PartingShot|||M|||50|,,,,,Ghost]Ursaluna-Bloodmoon||LifeOrb|MindsEye|HyperVoice,EarthPower,BloodMoon,Protect|||M|||50|,,,,,Poison]Farigiraf||MentalHerb|ArmorTail|Psychic,HelpingHand,TrickRoom,Protect|||M|||50|,,,,,Dragon
|inactive|Battle timer is ON: inactive players will automatically lose when time's up. (requested by merr123)
|inactive|merr123 has 60 seconds left.
|
|t:|1756968369
|teamsize|p1|4
|teamsize|p2|4
|start
|switch|p1a: Incineroar|Incineroar, L50, M|100/100
|switch|p1b: Gholdengo|Gholdengo, L50|100/100
|switch|p2a: Incineroar|Incineroar, L50, M|100/100
|switch|p2b: Ursaluna|Ursaluna-Bloodmoon, L50, M|100/100
|-ability|p1a: Incineroar|Intimidate|boost
|-unboost|p2a: Incineroar|atk|1
|-unboost|p2b: Ursaluna|atk|1
|-ability|p2a: Incineroar|Intimidate|boost
|-unboost|p1a: Incineroar|atk|1
|-unboost|p1b: Gholdengo|atk|1
|turn|1
|inactive|keeplearning has 30 seconds left.
|inactive|merr123 has 30 seconds left.
|inactive|keeplearning has 20 seconds left.
|inactive|merr123 has 20 seconds left.
|inactive|keeplearning has 15 seconds left.
|inactive|merr123 has 15 seconds left.
|inactive|merr123 has 10 seconds left.
|inactive|merr123 has 5 seconds left.
|
|t:|1756968421
|-terastallize|p1b: Gholdengo|Water
|move|p1a: Incineroar|Fake Out|p2b: Ursaluna
|-damage|p2b: Ursaluna|93/100
|move|p1b: Gholdengo|Nasty Plot|p1b: Gholdengo
|-boost|p1b: Gholdengo|spa|2
|cant|p2b: Ursaluna|flinch
|move|p2a: Incineroar|Knock Off|p1b: Gholdengo
|-crit|p1b: Gholdengo
|-damage|p1b: Gholdengo|29/100
|-enditem|p1b: Gholdengo|Life Orb|[from] move: Knock Off|[of] p2a: Incineroar
|
|upkeep
|turn|2
|inactive|merr123 has 30 seconds left.
|inactive|merr123 has 20 seconds left.
|inactive|merr123 has 15 seconds left.
|inactive|merr123 has 10 seconds left.
|inactive|merr123 has 5 seconds left.
|
|t:|1756968473
|move|p1b: Gholdengo|Protect|p1b: Gholdengo
|-singleturn|p1b: Gholdengo|Protect
|move|p2b: Ursaluna|Blood Moon|p1a: Incineroar
|-damage|p1a: Incineroar|24/100
|-damage|p2b: Ursaluna|84/100|[from] item: Life Orb
|move|p2a: Incineroar|Parting Shot|p1a: Incineroar
|-unboost|p1a: Incineroar|atk|1
|-unboost|p1a: Incineroar|spa|1
|
|t:|1756968484
|switch|p2a: Gholdengo|Gholdengo, L50|100/100|[from] Parting Shot
|move|p1a: Incineroar|Parting Shot|p2b: Ursaluna
|-unboost|p2b: Ursaluna|atk|1
|-unboost|p2b: Ursaluna|spa|1
|
|t:|1756968490
|switch|p1a: Rillaboom|Rillaboom, L50, F|100/100|[from] Parting Shot
|-fieldstart|move: Grassy Terrain|[from] ability: Grassy Surge|[of] p1a: Rillaboom
|
|-heal|p1b: Gholdengo|36/100|[from] Grassy Terrain
|-heal|p2b: Ursaluna|90/100|[from] Grassy Terrain
|upkeep
|turn|3
|inactive|merr123 has 30 seconds left.
|
|t:|1756968522
|switch|p2b: Farigiraf|Farigiraf, L50, M|100/100
|-terastallize|p2a: Gholdengo|Water
|move|p1a: Rillaboom|Fake Out||[still]
|cant|p2b: Farigiraf|ability: Armor Tail|Fake Out|[of] p1a: Rillaboom
|move|p1b: Gholdengo|Shadow Ball|p2a: Gholdengo
|-damage|p2a: Gholdengo|17/100
|move|p2a: Gholdengo|Shadow Ball|p1b: Gholdengo
|-damage|p1b: Gholdengo|0 fnt
|faint|p1b: Gholdengo
|
|-heal|p2a: Gholdengo|23/100|[from] Grassy Terrain
|upkeep
|
|t:|1756968539
|switch|p1b: Incineroar|Incineroar, L50, M|24/100
|-ability|p1b: Incineroar|Intimidate|boost
|-unboost|p2a: Gholdengo|atk|1
|-unboost|p2b: Farigiraf|atk|1
|turn|4
|inactive|merr123 has 30 seconds left.
|
|t:|1756968571
|move|p1a: Rillaboom|Wood Hammer|p2a: Gholdengo
|-supereffective|p2a: Gholdengo
|-damage|p2a: Gholdengo|0 fnt
|faint|p2a: Gholdengo
|-damage|p1a: Rillaboom|94/100|[from] Recoil
|move|p1b: Incineroar|Knock Off|p2b: Farigiraf
|-supereffective|p2b: Farigiraf
|-damage|p2b: Farigiraf|24/100
|-enditem|p2b: Farigiraf|Mental Herb|[from] move: Knock Off|[of] p1b: Incineroar
|move|p2b: Farigiraf|Trick Room|p2b: Farigiraf
|-fieldstart|move: Trick Room|[of] p2b: Farigiraf
|
|-heal|p2b: Farigiraf|30/100|[from] Grassy Terrain
|-heal|p1b: Incineroar|30/100|[from] Grassy Terrain
|-heal|p1a: Rillaboom|99/100|[from] Grassy Terrain
|upkeep
|inactive|merr123 has 30 seconds left.
|
|t:|1756968604
|switch|p2a: Ursaluna|Ursaluna-Bloodmoon, L50, M|90/100
|turn|5
|
|t:|1756968617
|switch|p2b: Incineroar|Incineroar, L50, M|100/100
|-ability|p2b: Incineroar|Intimidate|boost
|-unboost|p1a: Rillaboom|atk|1
|-unboost|p1b: Incineroar|atk|1
|switch|p1a: Dondozo|Dondozo, L50, M|100/100
|move|p2a: Ursaluna|Protect|p2a: Ursaluna
|-singleturn|p2a: Ursaluna|Protect
|move|p1b: Incineroar|Knock Off|p2b: Incineroar
|-resisted|p2b: Incineroar
|-damage|p2b: Incineroar|86/100
|-enditem|p2b: Incineroar|Safety Goggles|[from] move: Knock Off|[of] p1b: Incineroar
|
|-heal|p1b: Incineroar|36/100|[from] Grassy Terrain
|-heal|p2b: Incineroar|92/100|[from] Grassy Terrain
|-heal|p2a: Ursaluna|96/100|[from] Grassy Terrain
|upkeep
|turn|6
|
|t:|1756968639
|move|p1a: Dondozo|Protect|p1a: Dondozo
|-singleturn|p1a: Dondozo|Protect
|move|p2b: Incineroar|Fake Out|p1a: Dondozo
|-activate|p1a: Dondozo|move: Protect
|move|p1b: Incineroar|Parting Shot|p2a: Ursaluna
|-unboost|p2a: Ursaluna|atk|1
|-unboost|p2a: Ursaluna|spa|1
|
|t:|1756968646
|switch|p1b: Rillaboom|Rillaboom, L50, F|99/100|[from] Parting Shot
|move|p2a: Ursaluna|Blood Moon|p1b: Rillaboom
|-damage|p1b: Rillaboom|53/100
|-damage|p2a: Ursaluna|87/100|[from] item: Life Orb
|
|-heal|p2b: Incineroar|98/100|[from] Grassy Terrain
|-heal|p2a: Ursaluna|93/100|[from] Grassy Terrain
|-heal|p1b: Rillaboom|58/100|[from] Grassy Terrain
|-fieldend|move: Grassy Terrain
|upkeep
|turn|7
|
|t:|1756968662
|move|p1b: Rillaboom|Fake Out|p2b: Incineroar
|-damage|p2b: Incineroar|84/100
|move|p1a: Dondozo|Yawn|p2a: Ursaluna
|-start|p2a: Ursaluna|move: Yawn|[of] p1a: Dondozo
|cant|p2b: Incineroar|flinch
|move|p2a: Ursaluna|Hyper Voice|p1a: Dondozo|[spread] p1a,p1b
|-damage|p1a: Dondozo|63/100
|-damage|p1b: Rillaboom|35/100
|-damage|p2a: Ursaluna|83/100|[from] item: Life Orb
|
|-heal|p1a: Dondozo|70/100|[from] item: Leftovers
|upkeep
|turn|8
|
|t:|1756968686
|switch|p2a: Farigiraf|Farigiraf, L50, M|30/100
|switch|p1b: Incineroar|Incineroar, L50, M|36/100
|-ability|p1b: Incineroar|Intimidate|boost
|-unboost|p2a: Farigiraf|atk|1
|-unboost|p2b: Incineroar|atk|1
|move|p1a: Dondozo|Wave Crash|p2a: Farigiraf
|-damage|p2a: Farigiraf|0 fnt
|faint|p2a: Farigiraf
|-damage|p1a: Dondozo|61/100|[from] Recoil
|move|p2b: Incineroar|Parting Shot|p1a: Dondozo
|-unboost|p1a: Dondozo|atk|1
|-unboost|p1a: Dondozo|spa|1
|
|t:|1756968693
|switch|p2b: Ursaluna|Ursaluna-Bloodmoon, L50, M|83/100|[from] Parting Shot
|
|-heal|p1a: Dondozo|67/100|[from] item: Leftovers
|-fieldend|move: Trick Room
|upkeep
|
|t:|1756968694
|switch|p2a: Incineroar|Incineroar, L50, M|84/100
|-ability|p2a: Incineroar|Intimidate|boost
|-unboost|p1a: Dondozo|atk|1
|-unboost|p1b: Incineroar|atk|1
|turn|9
|inactive|merr123 has 30 seconds left.
|inactive|keeplearning has 30 seconds left.
|inactive|merr123 has 20 seconds left.
|
|t:|1756968732
|move|p2a: Incineroar|Fake Out|p1b: Incineroar
|-damage|p1b: Incineroar|24/100
|cant|p1b: Incineroar|flinch
|move|p2b: Ursaluna|Blood Moon|p1a: Dondozo
|-damage|p1a: Dondozo|0 fnt
|faint|p1a: Dondozo
|-damage|p2b: Ursaluna|74/100|[from] item: Life Orb
|
|upkeep
|
|t:|1756968741
|switch|p1a: Rillaboom|Rillaboom, L50, F|35/100
|-fieldstart|move: Grassy Terrain|[from] ability: Grassy Surge|[of] p1a: Rillaboom
|turn|10
|
|t:|1756968753
|move|p1a: Rillaboom|Fake Out|p2a: Incineroar
|-damage|p2a: Incineroar|72/100
|move|p2b: Ursaluna|Earth Power|p1b: Incineroar
|-supereffective|p1b: Incineroar
|-damage|p1b: Incineroar|0 fnt
|faint|p1b: Incineroar
|-damage|p2b: Ursaluna|64/100|[from] item: Life Orb
|cant|p2a: Incineroar|flinch
|
|-heal|p1a: Rillaboom|41/100|[from] Grassy Terrain
|-heal|p2b: Ursaluna|70/100|[from] Grassy Terrain
|-heal|p2a: Incineroar|78/100|[from] Grassy Terrain
|upkeep
|turn|11
|
|t:|1756968765
|move|p1a: Rillaboom|High Horsepower|p2a: Incineroar
|-supereffective|p2a: Incineroar
|-damage|p2a: Incineroar|21/100
|move|p2b: Ursaluna|Blood Moon|p1a: Rillaboom
|-damage|p1a: Rillaboom|0 fnt
|faint|p1a: Rillaboom
|-damage|p2b: Ursaluna|61/100|[from] item: Life Orb
|
|win|merr123
