|j|☆Eeeth019
|j|☆Yutsami
|html|Eeeth019Yutsami    
|uhtml|bestof|Game 1 of a best-of-3
|t:|1782326012
|gametype|doubles
|player|p1|Eeeth019|1|1040
|player|p2|Yutsami|n|1068
|gen|9
|tier|[Gen 9 Champions] VGC 2026 Reg M-B (Bo3)
|rated|
|rule|Species Clause: Limit one of each Pokémon
|rule|Item Clause: Limit 1 of each item
|clearpoke
|poke|p1|Sinistcha, L50|
|poke|p1|Gardevoir, L50, F, shiny|
|poke|p1|Snorlax, L50, M, shiny|
|poke|p1|Farigiraf, L50, M|
|poke|p1|Incineroar, L50, M|
|poke|p1|Aegislash, L50, F, shiny|
|poke|p2|Whimsicott, L50, M|
|poke|p2|Staraptor, L50, M|
|poke|p2|Garchomp, L50, F|
|poke|p2|Gholdengo, L50|
|poke|p2|Basculegion, L50, M|
|poke|p2|Typhlosion-Hisui, L50, F|
|teampreview|4
|showteam|p1|Sinistcha||KasibBerry|Hospitality|MatchaGotcha,RagePowder,LifeDew,TrickRoom|Bold|||||50|]Gardevoir||Gardevoirite|Telepathy|HyperVoice,HealPulse,TrickRoom,Protect|Quiet||F|||50|]Snorlax||LumBerry|ThickFat|BellyDrum,Protect,BodySlam,Earthquake|Brave||M|||50|]Farigiraf||ColburBerry|ArmorTail|Psychic,Protect,HelpingHand,TrickRoom|Quiet||M|||50|]Incineroar||SitrusBerry|Intimidate|FlareBlitz,ThroatChop,PartingShot,FakeOut|Careful||M|||50|]Aegislash||FocusSash|StanceChange|Poltergeist,CloseCombat,IronHead,KingsShield|Adamant||F|||50|
|showteam|p2|Whimsicott||FocusSash|Prankster|Moonblast,Tickle,FakeTears,Tailwind|Timid||M|||50|]Staraptor||Staraptite|Intimidate|BraveBird,CloseCombat,Roost,Protect|Jolly||M|||50|]Garchomp||RoseliBerry|RoughSkin|DragonClaw,StompingTantrum,RockSlide,PoisonJab|Jolly||F|||50|]Gholdengo||LifeOrb|GoodasGold|MakeItRain,ShadowBall,PowerGem,Protect|Modest|||||50|]Basculegion||MysticWater|Adaptability|WaveCrash,LastRespects,AquaJet,Protect|Adamant||M|||50|]Typhlosion-Hisui||ChoiceScarf|Frisk|ShadowBall,Eruption,HeatWave,BurnUp|Modest||F|||50|
|inactive|Battle timer is ON: inactive players will automatically lose when time's up. (requested by Yutsami)
|inactive|Eeeth019 has 60 seconds left.
|inactive|Yutsami has 60 seconds left.
|inactive|Yutsami has 30 seconds left.
|
|t:|1782326074
|teamsize|p1|4
|teamsize|p2|4
|start
|switch|p1a: Incineroar|Incineroar, L50, M|100/100
|switch|p1b: Gardevoir|Gardevoir, L50, F, shiny|100/100
|switch|p2a: Gholdengo|Gholdengo, L50|100/100
|switch|p2b: Basculegion|Basculegion, L50, M|100/100
|-ability|p1a: Incineroar|Intimidate|boost
|-unboost|p2a: Gholdengo|atk|1
|-unboost|p2b: Basculegion|atk|1
|turn|1
|inactive|Eeeth019 has 30 seconds left.
|inactive|Yutsami has 30 seconds left.
|inactive|Eeeth019 has 20 seconds left.
|inactive|Yutsami has 20 seconds left.
|inactive|Eeeth019 has 15 seconds left.
|
|t:|1782326119
|switch|p1b: Aegislash|Aegislash, L50, F, shiny|100/100
|move|p2a: Gholdengo|Shadow Ball|p1b: Aegislash
|-supereffective|p1b: Aegislash|1
|-crit|p1b: Aegislash
|-enditem|p1b: Aegislash|Focus Sash
|-damage|p1b: Aegislash|1/100
|-damage|p2a: Gholdengo|90/100|[from] item: Life Orb
|move|p2b: Basculegion|Wave Crash|p1b: Aegislash
|-damage|p1b: Aegislash|0 fnt
|faint|p1b: Aegislash
|-damage|p2b: Basculegion|99/100|[from] Recoil
|move|p1a: Incineroar|Parting Shot|p2b: Basculegion
|-unboost|p2b: Basculegion|atk|1
|-unboost|p2b: Basculegion|spa|1
|
|t:|1782326135
|switch|p1a: Sinistcha|Sinistcha, L50|100/100|[from] Parting Shot
|
|upkeep
|
|t:|1782326141
|switch|p1b: Incineroar|Incineroar, L50, M|100/100
|-ability|p1b: Incineroar|Intimidate|boost
|-unboost|p2a: Gholdengo|atk|1
|-unboost|p2b: Basculegion|atk|1
|turn|2
|inactive|Yutsami has 30 seconds left.
|inactive|Yutsami has 20 seconds left.
|
|t:|1782326181
|move|p2a: Gholdengo|Shadow Ball|p1a: Sinistcha
|-supereffective|p1a: Sinistcha|1
|-enditem|p1a: Sinistcha|Kasib Berry|[eat]
|-enditem|p1a: Sinistcha|Kasib Berry|[weaken]
|-damage|p1a: Sinistcha|35/100
|-damage|p2a: Gholdengo|80/100|[from] item: Life Orb
|move|p2b: Basculegion|Last Respects|p1a: Sinistcha
|-supereffective|p1a: Sinistcha|1
|-damage|p1a: Sinistcha|13/100
|move|p1b: Incineroar|Throat Chop|p2a: Gholdengo
|-supereffective|p2a: Gholdengo|1
|-damage|p2a: Gholdengo|0 fnt
|faint|p2a: Gholdengo
|move|p1a: Sinistcha|Trick Room|p1a: Sinistcha
|-fieldstart|move: Trick Room|[of] p1a: Sinistcha
|
|upkeep
|
|t:|1782326194
|switch|p2a: Staraptor|Staraptor, L50, M|100/100
|-ability|p2a: Staraptor|Intimidate|boost
|-unboost|p1a: Sinistcha|atk|1
|-unboost|p1b: Incineroar|atk|1
|turn|3
|inactive|Yutsami has 30 seconds left.
|
|t:|1782326223
|switch|p2b: Typhlosion|Typhlosion-Hisui, L50, F|100/100
|-item|p1b: Incineroar|Sitrus Berry|[from] ability: Frisk|[of] p2b: Typhlosion
|detailschange|p2a: Staraptor|Staraptor-Mega, L50, M
|-mega|p2a: Staraptor|Staraptor|Staraptite
|move|p1b: Incineroar|Parting Shot|p2b: Typhlosion
|-unboost|p2b: Typhlosion|atk|1
|-unboost|p2b: Typhlosion|spa|1
|
|t:|1782326231
|switch|p1b: Gardevoir|Gardevoir, L50, F, shiny|100/100|[from] Parting Shot
|move|p1a: Sinistcha|Matcha Gotcha|p2b: Typhlosion|[spread] p2a,p2b
|-resisted|p2a: Staraptor|1
|-resisted|p2b: Typhlosion|1
|-damage|p2a: Staraptor|83/100
|-heal|p1a: Sinistcha|20/100y|[from] drain|[of] p2a: Staraptor
|-damage|p2b: Typhlosion|84/100
|-heal|p1a: Sinistcha|27/100|[from] drain|[of] p2b: Typhlosion
|move|p2a: Staraptor|Brave Bird|p1a: Sinistcha
|-supereffective|p1a: Sinistcha|1
|-damage|p1a: Sinistcha|0 fnt
|faint|p1a: Sinistcha
|-damage|p2a: Staraptor|74/100|[from] Recoil
|
|upkeep
|
|t:|1782326246
|switch|p1a: Incineroar|Incineroar, L50, M|100/100
|-ability|p1a: Incineroar|Intimidate|boost
|-boost|p2a: Staraptor|atk|1
|-unboost|p2b: Typhlosion|atk|1
|turn|4
|
|t:|1782326258
|detailschange|p1b: Gardevoir|Gardevoir-Mega, L50, F, shiny
|-mega|p1b: Gardevoir|Gardevoir|Gardevoirite
|move|p2a: Staraptor|Protect|p2a: Staraptor
|-singleturn|p2a: Staraptor|Protect
|move|p1a: Incineroar|Throat Chop|p2b: Typhlosion
|-supereffective|p2b: Typhlosion|1
|-damage|p2b: Typhlosion|0 fnt
|faint|p2b: Typhlosion
|move|p1b: Gardevoir|Hyper Voice|p2a: Staraptor
|-activate|p2a: Staraptor|move: Protect
|
|upkeep
|
|t:|1782326267
|switch|p2b: Basculegion|Basculegion, L50, M|99/100
|turn|5
|c|☆Yutsami|!dt Telepathy
|c|☆Yutsami|/raw Telepathy This Pokemon does not take damage from attacks made by its allies. 
|c|☆Yutsami|/raw Gen: 5 |  ✓ Ignored by Mold Breaker

|inactive|Yutsami has 30 seconds left.
|
|t:|1782326299
|move|p1a: Incineroar|Throat Chop|p2b: Basculegion
|-supereffective|p2b: Basculegion|1
|-damage|p2b: Basculegion|27/100
|-start|p2b: Basculegion|Throat Chop|[silent]
|move|p1b: Gardevoir|Hyper Voice|p2b: Basculegion|[spread] p2a,p2b
|-supereffective|p2a: Staraptor|1
|-damage|p2a: Staraptor|0 fnt
|-damage|p2b: Basculegion|0 fnt
|faint|p2a: Staraptor
|faint|p2b: Basculegion
|
|win|Eeeth019
