|j|☆Jojo_Z.ro1015
|j|☆Areaavi
|html|Jojo_Z.ro1015Areaavi    
|uhtml|bestof|Game 2 of a best-of-3
|t:|1785395788
|gametype|doubles
|player|p1|Jojo_Z.ro1015|cynthia-gen4|1047
|player|p2|Areaavi|1|1053
|gen|9
|tier|[Gen 9 Champions] VGC 2026 Reg M-B (Bo3)
|rated|
|rule|Species Clause: Limit one of each Pokémon
|rule|Item Clause: Limit 1 of each item
|clearpoke
|poke|p1|Sceptile, L50, M, shiny|
|poke|p1|Jolteon, L50, M|
|poke|p1|Staraptor, L50, M, shiny|
|poke|p1|Talonflame, L50, M, shiny|
|poke|p1|Sinistcha-Masterpiece, L50|
|poke|p1|Garchomp, L50, M, shiny|
|poke|p2|Dragalge, L50, F|
|poke|p2|Whimsicott, L50, F|
|poke|p2|Incineroar, L50, M|
|poke|p2|Corviknight, L50, M|
|poke|p2|Kingambit, L50, F|
|poke|p2|Rotom-Heat, L50|
|teampreview|4
|showteam|p1|Sceptile||Sceptilite|Unburden|DragonPulse,EnergyBall,Detect,EarthPower|Modest||M|||50|]Jolteon||ChoiceScarf|VoltAbsorb|Protect,Discharge,AlluringVoice,Thunderbolt|Timid||M|||50|]Staraptor||Staraptite|Intimidate|CloseCombat,BraveBird,Tailwind,Roost|Adamant||M|||50|]Talonflame|||GaleWings|Tailwind,Acrobatics,BlazeKick,Protect|Jolly||M|||50|]Sinistcha-Masterpiece||SitrusBerry|Hospitality|StrengthSap,MatchaGotcha,RagePowder,LifeDew|Bold|||||50|]Garchomp||YacheBerry|RoughSkin|DragonClaw,SwordsDance,FireFang,Earthquake|Jolly||M|||50|
|showteam|p2|Dragalge||Dragalgite|Adaptability|SludgeBomb,DracoMeteor,Thunderbolt,Protect|Modest||F|||50|]Whimsicott||FocusSash|Prankster|Tailwind,TrickRoom,Moonblast,Encore|Timid||F|||50|]Incineroar||SitrusBerry|Intimidate|FakeOut,PartingShot,FlareBlitz,CloseCombat|Adamant||M|||50|]Corviknight||Leftovers|MirrorArmor|BraveBird,BulkUp,Roost,Protect|Impish||M|||50|]Kingambit||LifeOrb|Defiant|KowtowCleave,LowKick,SuckerPunch,Protect|Adamant||F|||50|]Rotom-Heat||ChoiceScarf|Levitate|Overheat,Thunderbolt,WillOWisp,VoltSwitch|Modest|||||50|
|inactive|Battle timer is ON: inactive players will automatically lose when time's up. (requested by Jojo_Z.ro1015)
|
|t:|1785395809
|teamsize|p1|4
|teamsize|p2|4
|start
|switch|p1a: Sinistcha|Sinistcha-Masterpiece, L50|100/100
|switch|p1b: Talonflame|Talonflame, L50, M, shiny|100/100
|switch|p2a: Corviknight|Corviknight, L50, M|100/100
|switch|p2b: Whimsicott|Whimsicott, L50, F|100/100
|turn|1
|inactive|Areaavi has 30 seconds left.
|
|t:|1785395841
|move|p1a: Sinistcha|Rage Powder|p1a: Sinistcha
|-singleturn|p1a: Sinistcha|move: Rage Powder
|move|p1b: Talonflame|Acrobatics|p2b: Whimsicott
|-supereffective|p2b: Whimsicott|1
|-enditem|p2b: Whimsicott|Focus Sash
|-damage|p2b: Whimsicott|1/100
|move|p2a: Corviknight|Brave Bird|p1a: Sinistcha
|-supereffective|p1a: Sinistcha|1
|-damage|p1a: Sinistcha|29/100
|-enditem|p1a: Sinistcha|Sitrus Berry|[eat]
|-heal|p1a: Sinistcha|53/100|[from] item: Sitrus Berry
|-damage|p2a: Corviknight|79/100|[from] Recoil
|move|p2b: Whimsicott|Trick Room|p2b: Whimsicott
|-fieldstart|move: Trick Room|[of] p2b: Whimsicott
|
|-heal|p2a: Corviknight|85/100|[from] item: Leftovers
|upkeep
|turn|2
|inactive|Jojo_Z.ro1015 has 30 seconds left.
|inactive|Areaavi has 30 seconds left.
|
|t:|1785395872
|switch|p2b: Dragalge|Dragalge, L50, F|100/100
|move|p2a: Corviknight|Brave Bird|p1a: Sinistcha
|-supereffective|p1a: Sinistcha|1
|-damage|p1a: Sinistcha|0 fnt
|faint|p1a: Sinistcha
|-damage|p2a: Corviknight|69/100|[from] Recoil
|move|p1b: Talonflame|Blaze Kick|p2a: Corviknight
|-supereffective|p2a: Corviknight|1
|-damage|p2a: Corviknight|22/100
|
|-heal|p2a: Corviknight|28/100|[from] item: Leftovers
|upkeep
|
|t:|1785395885
|switch|p1a: Garchomp|Garchomp, L50, M, shiny|100/100
|turn|3
|
|t:|1785395909
|detailschange|p2b: Dragalge|Dragalge-Mega, L50, F
|-mega|p2b: Dragalge|Dragalge|Dragalgite
|move|p2a: Corviknight|Protect|p2a: Corviknight
|-singleturn|p2a: Corviknight|Protect
|move|p1b: Talonflame|Acrobatics|p2b: Dragalge
|-damage|p2b: Dragalge|57/100
|move|p2b: Dragalge|Draco Meteor|p1a: Garchomp|[miss]
|-miss|p2b: Dragalge|p1a: Garchomp
|move|p1a: Garchomp|Fire Fang|p2a: Corviknight
|-activate|p2a: Corviknight|move: Protect
|
|-heal|p2a: Corviknight|34/100|[from] item: Leftovers
|upkeep
|turn|4
|inactive|Areaavi has 30 seconds left.
|
|t:|1785395934
|move|p2b: Dragalge|Draco Meteor|p1a: Garchomp
|-supereffective|p1a: Garchomp|1
|-damage|p1a: Garchomp|0 fnt
|-unboost|p2b: Dragalge|spa|2
|faint|p1a: Garchomp
|move|p2a: Corviknight|Brave Bird|p1b: Talonflame
|-damage|p1b: Talonflame|30/100
|-damage|p2a: Corviknight|17/100|[from] Recoil
|move|p1b: Talonflame|Blaze Kick|p2a: Corviknight
|-supereffective|p2a: Corviknight|1
|-crit|p2a: Corviknight
|-damage|p2a: Corviknight|0 fnt
|faint|p2a: Corviknight
|
|upkeep
|
|t:|1785395950
|switch|p2a: Rotom|Rotom-Heat, L50|100/100
|switch|p1a: Staraptor|Staraptor, L50, M, shiny|100/100
|-ability|p1a: Staraptor|Intimidate|boost
|-unboost|p2a: Rotom|atk|1
|-unboost|p2b: Dragalge|atk|1
|turn|5
|
|t:|1785395974
|-heal|p2b: Dragalge|90/100|[from] ability: Regenerator|[silent]
|switch|p2b: Whimsicott|Whimsicott, L50, F|1/100
|detailschange|p1a: Staraptor|Staraptor-Mega, L50, M, shiny
|-mega|p1a: Staraptor|Staraptor|Staraptite
|move|p1b: Talonflame|Protect|p1b: Talonflame
|-singleturn|p1b: Talonflame|Protect
|move|p1a: Staraptor|Close Combat|p2a: Rotom
|-damage|p2a: Rotom|17/100
|-boost|p1a: Staraptor|def|1
|-boost|p1a: Staraptor|spd|1
|move|p2a: Rotom|Volt Switch|p1a: Staraptor
|-supereffective|p1a: Staraptor|1
|-damage|p1a: Staraptor|56/100
|
|t:|1785395990
|switch|p2a: Dragalge|Dragalge-Mega, L50, F|90/100|[from] Volt Switch
|
|-fieldend|move: Trick Room
|upkeep
|turn|6
|
|t:|1785396010
|move|p2b: Whimsicott|Tailwind|p2b: Whimsicott
|-sidestart|p2: Areaavi|move: Tailwind
|move|p1b: Talonflame|Blaze Kick|p2b: Whimsicott
|-supereffective|p2b: Whimsicott|1
|-crit|p2b: Whimsicott
|-damage|p2b: Whimsicott|0 fnt
|faint|p2b: Whimsicott
|move|p1a: Staraptor|Roost|p1a: Staraptor
|-heal|p1a: Staraptor|100/100
|-singleturn|p1a: Staraptor|move: Roost
|move|p2a: Dragalge|Thunderbolt|p1a: Staraptor
|-damage|p1a: Staraptor|78/100
|-status|p1a: Staraptor|par
|
|upkeep
|
|t:|1785396026
|switch|p2b: Rotom|Rotom-Heat, L50|17/100
|turn|7
|
|t:|1785396041
|move|p2b: Rotom|Thunderbolt|p1a: Staraptor
|-supereffective|p1a: Staraptor|1
|-damage|p1a: Staraptor|17/100 par
|move|p1b: Talonflame|Acrobatics|p2a: Dragalge
|-damage|p2a: Dragalge|47/100
|move|p2a: Dragalge|Thunderbolt|p1a: Staraptor
|-supereffective|p1a: Staraptor|1
|-damage|p1a: Staraptor|0 fnt
|faint|p1a: Staraptor
|
|upkeep
|turn|8
|-message|Jojo_Z.ro1015 forfeited.
|
|win|Areaavi
|l|☆Jojo_Z.ro1015
|player|p1|
||Areaavi is ready for game 3.
||Jojo_Z.ro1015 is ready for game 3.
|uhtml|next|Next: Game 3 of 3
|l|☆Areaavi
|player|p2|
|j|☆Jojo_Z.ro1015
|player|p1|Jojo_Z.ro1015|cynthia-gen4|
