|j|☆KrimsunFizz
|j|☆jiaco5
|html|KrimsunFizzjiaco5    
|uhtml|bestof|Game 2 of a best-of-3
|t:|1783996071
|gametype|doubles
|player|p1|KrimsunFizz|170|1137
|player|p2|jiaco5|102|1281
|gen|9
|tier|[Gen 9 Champions] VGC 2026 Reg M-B (Bo3)
|rated|
|rule|Species Clause: Limit one of each Pokémon
|rule|Item Clause: Limit 1 of each item
|clearpoke
|poke|p1|Sceptile, L50, M, shiny|
|poke|p1|Gardevoir, L50, F, shiny|
|poke|p1|Mudsdale, L50, M, shiny|
|poke|p1|Vivillon-Pokeball, L50, F, shiny|
|poke|p1|Torkoal, L50, M, shiny|
|poke|p1|Farigiraf, L50, F, shiny|
|poke|p2|Blastoise, L50, F|
|poke|p2|Sinistcha, L50|
|poke|p2|Delphox, L50, M|
|poke|p2|Sneasler, L50, M|
|poke|p2|Incineroar, L50, F|
|poke|p2|Kingambit, L50, F|
|teampreview|4
|showteam|p1|Sceptile||Sceptilite|Overgrow|LeafStorm,DragonPulse,Protect,EarthPower|Timid||M|||50|]Gardevoir||Gardevoirite|Trace|Psychic,HyperVoice,TrickRoom,Protect|Quiet||F|||50|]Mudsdale||LifeOrb|InnerFocus|RockSlide,HeavySlam,Earthquake,HighHorsepower|Brave||M|||50|]Vivillon-Pokeball||FocusSash|CompoundEyes|Hurricane,Protect,RagePowder,SleepPowder|Timid||F|||50|]Torkoal||Charcoal|Drought|Eruption,Flamethrower,EarthPower,Protect|Quiet||M|||50|]Farigiraf||ColburBerry|ArmorTail|Protect,TrickRoom,Thunderbolt,HelpingHand|Relaxed||F|||50|
|showteam|p2|Blastoise||Blastoisinite|RainDish|WaterSpout,DarkPulse,ShellSmash,Protect|Modest||F|||50|]Sinistcha||OccaBerry|Hospitality|MatchaGotcha,TrickRoom,RagePowder,Protect|Relaxed|||||50|]Delphox||Delphoxite|Blaze|HeatWave,Psyshock,NastyPlot,Protect|Timid||M|||50|]Sneasler||FocusSash|PoisonTouch|CloseCombat,DireClaw,FakeOut,QuickGuard|Jolly||M|||50|]Incineroar||SitrusBerry|Intimidate|FlareBlitz,FakeOut,ThroatChop,PartingShot|Impish||F|||50|]Kingambit||BlackGlasses|Defiant|KowtowCleave,SuckerPunch,SwordsDance,Protect|Adamant||F|||50|
|inactive|Battle timer is ON: inactive players will automatically lose when time's up. (requested by KrimsunFizz)
|inactive|KrimsunFizz has 30 seconds left.
|
|t:|1783996124
|teamsize|p1|4
|teamsize|p2|4
|start
|switch|p1a: Gardevoir|Gardevoir, L50, F, shiny|100/100
|switch|p1b: Farigiraf|Farigiraf, L50, F, shiny|100/100
|switch|p2a: Incineroar|Incineroar, L50, F|100/100
|switch|p2b: Delphox|Delphox, L50, M|100/100
|-ability|p1a: Gardevoir|Blaze|Trace|[from] ability: Trace|[of] p2b: Delphox
|-ability|p2a: Incineroar|Intimidate|boost
|-unboost|p1a: Gardevoir|atk|1
|-unboost|p1b: Farigiraf|atk|1
|turn|1
|
|t:|1783996139
|detailschange|p2b: Delphox|Delphox-Mega, L50, M
|-mega|p2b: Delphox|Delphox|Delphoxite
|detailschange|p1a: Gardevoir|Gardevoir-Mega, L50, F, shiny
|-mega|p1a: Gardevoir|Gardevoir|Gardevoirite
|move|p1a: Gardevoir|Protect|p1a: Gardevoir
|-singleturn|p1a: Gardevoir|Protect
|move|p2b: Delphox|Nasty Plot|p2b: Delphox
|-boost|p2b: Delphox|spa|2
|move|p2a: Incineroar|Parting Shot|p1a: Gardevoir
|-activate|p1a: Gardevoir|move: Protect
|move|p1b: Farigiraf|Trick Room|p1b: Farigiraf
|-fieldstart|move: Trick Room|[of] p1b: Farigiraf
|
|upkeep
|turn|2
|
|t:|1783996154
|move|p1b: Farigiraf|Helping Hand|p1a: Gardevoir
|-singleturn|p1a: Gardevoir|Helping Hand|[of] p1b: Farigiraf
|move|p2a: Incineroar|Flare Blitz|p1a: Gardevoir
|-damage|p1a: Gardevoir|37/100
|-damage|p2a: Incineroar|85/100|[from] Recoil
|move|p1a: Gardevoir|Hyper Voice|p2b: Delphox|[spread] p2a,p2b
|-resisted|p2b: Delphox|1
|-damage|p2a: Incineroar|13/100
|-damage|p2b: Delphox|64/100
|-enditem|p2a: Incineroar|Sitrus Berry|[eat]
|-heal|p2a: Incineroar|38/100|[from] item: Sitrus Berry
|move|p2b: Delphox|Heat Wave|p1a: Gardevoir|[spread] p1a,p1b
|-damage|p1a: Gardevoir|0 fnt
|-damage|p1b: Farigiraf|39/100
|faint|p1a: Gardevoir
|
|upkeep
|
|t:|1783996169
|switch|p1a: Mudsdale|Mudsdale, L50, M, shiny|100/100
|turn|3
|
|t:|1783996179
|switch|p2a: Sinistcha|Sinistcha, L50|100/100
|-heal|p2b: Delphox|89/100|[from] ability: Hospitality|[of] p2a: Sinistcha
|move|p1b: Farigiraf|Helping Hand|p1a: Mudsdale
|-singleturn|p1a: Mudsdale|Helping Hand|[of] p1b: Farigiraf
|move|p2b: Delphox|Protect|p2b: Delphox
|-singleturn|p2b: Delphox|Protect
|move|p1a: Mudsdale|Rock Slide|p2a: Sinistcha|[spread] p2a
|-activate|p2b: Delphox|move: Protect
|-damage|p2a: Sinistcha|68/100
|-damage|p1a: Mudsdale|90/100|[from] item: Life Orb
|
|upkeep
|turn|4
|inactive|jiaco5 has 30 seconds left.
|
|t:|1783996205
|switch|p2b: Kingambit|Kingambit, L50, F|100/100
|move|p1b: Farigiraf|Helping Hand|p1a: Mudsdale
|-singleturn|p1a: Mudsdale|Helping Hand|[of] p1b: Farigiraf
|move|p1a: Mudsdale|Rock Slide|p2a: Sinistcha|[spread] p2a,p2b
|-resisted|p2b: Kingambit|1
|-damage|p2a: Sinistcha|35/100
|-damage|p2b: Kingambit|84/100
|-damage|p1a: Mudsdale|80/100|[from] item: Life Orb
|move|p2a: Sinistcha|Matcha Gotcha|p1b: Farigiraf|[spread] p1a,p1b
|-supereffective|p1a: Mudsdale|1
|-damage|p1a: Mudsdale|38/100
|-heal|p2a: Sinistcha|56/100|[from] drain|[of] p1a: Mudsdale
|-damage|p1b: Farigiraf|18/100
|-heal|p2a: Sinistcha|67/100|[from] drain|[of] p1b: Farigiraf
|-status|p1a: Mudsdale|brn
|
|-damage|p1a: Mudsdale|32/100 brn|[from] brn
|upkeep
|turn|5
|inactive|KrimsunFizz has 30 seconds left.
|
|t:|1783996238
|move|p1b: Farigiraf|Protect|p1b: Farigiraf
|-singleturn|p1b: Farigiraf|Protect
|move|p1a: Mudsdale|Earthquake|p2a: Sinistcha|[spread] p2a,p2b
|-activate|p1b: Farigiraf|move: Protect
|-resisted|p2a: Sinistcha|1
|-supereffective|p2b: Kingambit|1
|-damage|p2a: Sinistcha|57/100
|-damage|p2b: Kingambit|42/100
|-damage|p1a: Mudsdale|22/100 brn|[from] item: Life Orb
|move|p2b: Kingambit|Kowtow Cleave|p1b: Farigiraf
|-activate|p1b: Farigiraf|move: Protect
|move|p2a: Sinistcha|Matcha Gotcha|p1a: Mudsdale|[spread] p1a
|-activate|p1b: Farigiraf|move: Protect
|-supereffective|p1a: Mudsdale|1
|-damage|p1a: Mudsdale|0 fnt
|-heal|p2a: Sinistcha|68/100|[from] drain|[of] p1a: Mudsdale
|faint|p1a: Mudsdale
|
|-fieldend|move: Trick Room
|upkeep
|
|t:|1783996251
|switch|p1a: Torkoal|Torkoal, L50, M, shiny|100/100
|-weather|SunnyDay|[from] ability: Drought|[of] p1a: Torkoal
|turn|6
|
|t:|1783996266
|switch|p2a: Incineroar|Incineroar, L50, F|38/100
|-ability|p2a: Incineroar|Intimidate|boost
|-unboost|p1a: Torkoal|atk|1
|-unboost|p1b: Farigiraf|atk|1
|move|p1a: Torkoal|Protect|p1a: Torkoal
|-singleturn|p1a: Torkoal|Protect
|move|p2b: Kingambit|Kowtow Cleave|p1b: Farigiraf
|-supereffective|p1b: Farigiraf|1
|-enditem|p1b: Farigiraf|Colbur Berry|[eat]
|-enditem|p1b: Farigiraf|Colbur Berry|[weaken]
|-damage|p1b: Farigiraf|0 fnt
|faint|p1b: Farigiraf
|
|-weather|SunnyDay|[upkeep]
|upkeep
|turn|7
|
|t:|1783996278
|move|p2a: Incineroar|Fake Out|p1a: Torkoal
|-damage|p1a: Torkoal|91/100
|move|p2b: Kingambit|Swords Dance|p2b: Kingambit
|-boost|p2b: Kingambit|atk|2
|cant|p1a: Torkoal|flinch
|
|-weather|SunnyDay|[upkeep]
|upkeep
|turn|8
|
|t:|1783996284
|move|p2a: Incineroar|Throat Chop|p1a: Torkoal
|-damage|p1a: Torkoal|63/100
|-start|p1a: Torkoal|Throat Chop|[silent]
|move|p2b: Kingambit|Kowtow Cleave|p1a: Torkoal
|-damage|p1a: Torkoal|0 fnt
|faint|p1a: Torkoal
|
|win|jiaco5
|raw|KrimsunFizz's rating: 1137 → 1122(-15 for losing)
|raw|jiaco5's rating: 1281 → 1296(+15 for winning)
|l|☆KrimsunFizz
|player|p1|
