|j|☆soap1170
|j|☆BinkPlayz
|html|soap1170BinkPlayz    
|uhtml|bestof|Game 3 of a best-of-3
|t:|1783396058
|gametype|doubles
|player|p1|soap1170|102|1068
|player|p2|BinkPlayz|veteran|1160
|gen|9
|tier|[Gen 9 Champions] VGC 2026 Reg M-B (Bo3)
|rated|
|rule|Species Clause: Limit one of each Pokémon
|rule|Item Clause: Limit 1 of each item
|clearpoke
|poke|p1|Swampert, L50, F|
|poke|p1|Sableye, L50, M|
|poke|p1|Sneasler, L50, F|
|poke|p1|Sinistcha-Masterpiece, L50|
|poke|p1|Pelipper, L50, M|
|poke|p1|Gengar, L50, F, shiny|
|poke|p2|Staraptor, L50, M|
|poke|p2|Whimsicott, L50, M|
|poke|p2|Delphox, L50, M|
|poke|p2|Grimmsnarl, L50, M|
|poke|p2|Sinistcha, L50|
|poke|p2|Garchomp, L50, F|
|teampreview|4
|showteam|p1|Swampert||Swampertite|Damp|WaveCrash,BrickBreak,HighHorsepower,Protect|Jolly||F|||50|]Sableye||Leftovers|Prankster|Taunt,KnockOff,ShadowSneak,LightScreen|Impish||M|||50|]Sneasler||WhiteHerb|Unburden|CloseCombat,DireClaw,FakeOut,Uturn|Adamant||F|||50|]Sinistcha-Masterpiece||LumBerry|Hospitality|LifeDew,ShadowBall,MatchaGotcha,Protect|Bold|||||50|]Pelipper||FocusSash|Drizzle|Hurricane,Roost,Tailwind,Protect|Bold||M|||50|]Gengar||Gengarite|CursedBody|SludgeWave,Protect,ShadowBall,Thunderbolt|Timid||F|||50|
|showteam|p2|Staraptor||Staraptite|Intimidate|BraveBird,CloseCombat,Roost,Protect|Adamant||M|||50|]Whimsicott||FocusSash|Prankster|Moonblast,Tailwind,Charm,Protect|Timid||M|||50|]Delphox||Delphoxite|Blaze|HeatWave,Psyshock,NastyPlot,Protect|Timid||M|||50|]Grimmsnarl||LightClay|Prankster|SpiritBreak,Reflect,LightScreen,ScaryFace|Bold||M|||50|]Sinistcha||SitrusBerry|Hospitality|MatchaGotcha,RagePowder,LifeDew,TrickRoom|Bold|||||50|]Garchomp||LifeOrb|RoughSkin|DragonClaw,Earthquake,StompingTantrum,Protect|Jolly||F|||50|
|inactive|Battle timer is ON: inactive players will automatically lose when time's up. (requested by BinkPlayz)
|
|t:|1783396081
|teamsize|p1|4
|teamsize|p2|4
|start
|switch|p1a: Swampert|Swampert, L50, F|100/100
|switch|p1b: Pelipper|Pelipper, L50, M|100/100
|switch|p2a: Grimmsnarl|Grimmsnarl, L50, M|100/100
|switch|p2b: Sinistcha|Sinistcha, L50|100/100
|-weather|RainDance|[from] ability: Drizzle|[of] p1b: Pelipper
|turn|1
|inactive|soap1170 has 30 seconds left.
|
|t:|1783396108
|detailschange|p1a: Swampert|Swampert-Mega, L50, F
|-mega|p1a: Swampert|Swampert|Swampertite
|move|p1a: Swampert|Protect|p1a: Swampert
|-singleturn|p1a: Swampert|Protect
|move|p2a: Grimmsnarl|Scary Face|p1b: Pelipper
|-unboost|p1b: Pelipper|spe|2
|move|p2b: Sinistcha|Matcha Gotcha|p1b: Pelipper|[spread] p1b
|-activate|p1a: Swampert|move: Protect
|-damage|p1b: Pelipper|67/100
|move|p1b: Pelipper|Hurricane|p2b: Sinistcha
|-supereffective|p2b: Sinistcha|1
|-damage|p2b: Sinistcha|28/100
|-enditem|p2b: Sinistcha|Sitrus Berry|[eat]
|-heal|p2b: Sinistcha|52/100|[from] item: Sitrus Berry
|
|-weather|RainDance|[upkeep]
|upkeep
|turn|2
|
|t:|1783396126
|switch|p1a: Sinistcha|Sinistcha-Masterpiece, L50|100/100
|-heal|p1b: Pelipper|92/100|[from] ability: Hospitality|[of] p1a: Sinistcha
|move|p2b: Sinistcha|Matcha Gotcha|p1a: Sinistcha|[spread] p1a,p1b
|-resisted|p1a: Sinistcha|1
|-damage|p1a: Sinistcha|85/100
|-heal|p2b: Sinistcha|60/100|[from] drain|[of] p1a: Sinistcha
|-damage|p1b: Pelipper|57/100
|-heal|p2b: Sinistcha|76/100|[from] drain|[of] p1b: Pelipper
|-status|p1a: Sinistcha|brn
|-enditem|p1a: Sinistcha|Lum Berry|[eat]
|-curestatus|p1a: Sinistcha|brn|[msg]
|move|p2a: Grimmsnarl|Spirit Break|p1b: Pelipper
|-damage|p1b: Pelipper|35/100
|-unboost|p1b: Pelipper|spa|1
|move|p1b: Pelipper|Hurricane|p2b: Sinistcha
|-supereffective|p2b: Sinistcha|1
|-damage|p2b: Sinistcha|19/100
|
|-weather|RainDance|[upkeep]
|upkeep
|turn|3
|inactive|soap1170 has 30 seconds left.
|
|t:|1783396152
|move|p2a: Grimmsnarl|Light Screen|p2a: Grimmsnarl
|-sidestart|p2: BinkPlayz|move: Light Screen
|move|p1a: Sinistcha|Shadow Ball|p2b: Sinistcha
|-supereffective|p2b: Sinistcha|1
|-damage|p2b: Sinistcha|0 fnt
|faint|p2b: Sinistcha
|move|p1b: Pelipper|Tailwind|p1b: Pelipper
|-sidestart|p1: soap1170|move: Tailwind
|
|-weather|RainDance|[upkeep]
|upkeep
|
|t:|1783396157
|switch|p2b: Staraptor|Staraptor, L50, M|100/100
|-ability|p2b: Staraptor|Intimidate|boost
|-unboost|p1a: Sinistcha|atk|1
|-unboost|p1b: Pelipper|atk|1
|turn|4
|
|t:|1783396179
|switch|p1b: Sneasler|Sneasler, L50, F|100/100
|detailschange|p2b: Staraptor|Staraptor-Mega, L50, M
|-mega|p2b: Staraptor|Staraptor|Staraptite
|move|p1a: Sinistcha|Matcha Gotcha|p2a: Grimmsnarl|[spread] p2a,p2b
|-resisted|p2b: Staraptor|1
|-damage|p2a: Grimmsnarl|85/100
|-heal|p1a: Sinistcha|94/100|[from] drain|[of] p2a: Grimmsnarl
|-damage|p2b: Staraptor|90/100
|-heal|p1a: Sinistcha|98/100|[from] drain|[of] p2b: Staraptor
|move|p2b: Staraptor|Brave Bird|p1a: Sinistcha
|-supereffective|p1a: Sinistcha|1
|-damage|p1a: Sinistcha|3/100
|-damage|p2b: Staraptor|55/100|[from] Recoil
|move|p2a: Grimmsnarl|Spirit Break|p1b: Sneasler
|-damage|p1b: Sneasler|52/100
|-unboost|p1b: Sneasler|spa|1
|-enditem|p1b: Sneasler|White Herb
|-clearnegativeboost|p1b: Sneasler|[silent]
|
|-weather|RainDance|[upkeep]
|upkeep
|turn|5
|inactive|soap1170 has 30 seconds left.
|inactive|BinkPlayz has 30 seconds left.
|
|t:|1783396210
|move|p1b: Sneasler|Fake Out|p2b: Staraptor
|-damage|p2b: Staraptor|38/100
|move|p1a: Sinistcha|Shadow Ball|p2b: Staraptor
|-damage|p2b: Staraptor|11/100
|cant|p2b: Staraptor|flinch
|move|p2a: Grimmsnarl|Spirit Break|p1a: Sinistcha
|-damage|p1a: Sinistcha|0 fnt
|faint|p1a: Sinistcha
|
|-weather|none
|upkeep
|
|t:|1783396212
|switch|p1a: Pelipper|Pelipper, L50, M|35/100
|-weather|RainDance|[from] ability: Drizzle|[of] p1a: Pelipper
|turn|6
|
|t:|1783396231
|move|p2b: Staraptor|Protect|p2b: Staraptor
|-singleturn|p2b: Staraptor|Protect
|move|p2a: Grimmsnarl|Reflect|p2a: Grimmsnarl
|-sidestart|p2: BinkPlayz|Reflect
|move|p1b: Sneasler|Dire Claw|p2a: Grimmsnarl
|-supereffective|p2a: Grimmsnarl|1
|-damage|p2a: Grimmsnarl|27/100
|-status|p2a: Grimmsnarl|psn
|move|p1a: Pelipper|Roost|p1a: Pelipper
|-heal|p1a: Pelipper|85/100
|-singleturn|p1a: Pelipper|move: Roost
|
|-weather|RainDance|[upkeep]
|-damage|p2a: Grimmsnarl|15/100 psn|[from] psn
|-sideend|p1: soap1170|move: Tailwind
|upkeep
|turn|7
|
|t:|1783396253
|move|p2a: Grimmsnarl|Scary Face|p1a: Pelipper
|-unboost|p1a: Pelipper|spe|2
|move|p1b: Sneasler|Dire Claw|p2a: Grimmsnarl
|-supereffective|p2a: Grimmsnarl|1
|-damage|p2a: Grimmsnarl|0 fnt
|faint|p2a: Grimmsnarl
|move|p2b: Staraptor|Roost|p2b: Staraptor
|-heal|p2b: Staraptor|61/100
|-singleturn|p2b: Staraptor|move: Roost
|move|p1a: Pelipper|Tailwind|p1a: Pelipper
|-sidestart|p1: soap1170|move: Tailwind
|
|-weather|RainDance|[upkeep]
|upkeep
|
|t:|1783396256
|switch|p2a: Whimsicott|Whimsicott, L50, M|100/100
|turn|8
|
|t:|1783396268
|move|p2a: Whimsicott|Tailwind|p2a: Whimsicott
|-sidestart|p2: BinkPlayz|move: Tailwind
|move|p1b: Sneasler|Dire Claw|p2a: Whimsicott
|-supereffective|p2a: Whimsicott|2
|-enditem|p2a: Whimsicott|Focus Sash
|-damage|p2a: Whimsicott|1/100
|-status|p2a: Whimsicott|par
|move|p2b: Staraptor|Close Combat|p1b: Sneasler
|-resisted|p1b: Sneasler|1
|-damage|p1b: Sneasler|0 fnt
|-boost|p2b: Staraptor|def|1
|-boost|p2b: Staraptor|spd|1
|faint|p1b: Sneasler
|move|p1a: Pelipper|Hurricane|p2a: Whimsicott
|-supereffective|p2a: Whimsicott|1
|-damage|p2a: Whimsicott|0 fnt
|faint|p2a: Whimsicott
|
|-weather|RainDance|[upkeep]
|upkeep
|
|t:|1783396282
|switch|p1b: Swampert|Swampert-Mega, L50, F|100/100
|turn|9
|
|t:|1783396300
|move|p1b: Swampert|Wave Crash|p2b: Staraptor
|-damage|p2b: Staraptor|9/100
|-damage|p1b: Swampert|84/100|[from] Recoil
|move|p2b: Staraptor|Brave Bird|p1a: Pelipper
|-damage|p1a: Pelipper|29/100
|-damage|p2b: Staraptor|0 fnt|[from] Recoil
|faint|p2b: Staraptor
|
|win|soap1170
|raw|soap1170's rating: 1068 → 1106(+38 for winning)
|raw|BinkPlayz's rating: 1160 → 1129(-31 for losing)
|l|☆BinkPlayz
|player|p2|
|c|☆soap1170|ggs
