|j|☆lillyrosethedemon
|j|☆Mega Chime Time
|html|lillyrosethedemonMega Chime Time    
|uhtml|bestof|Game 1 of a best-of-3
|t:|1783355473
|gametype|doubles
|player|p1|lillyrosethedemon|madame|
|player|p2|Mega Chime Time|miku-flying|
|gen|9
|tier|[Gen 9 Champions] VGC 2026 Reg M-B (Bo3)
|rule|Species Clause: Limit one of each Pokémon
|rule|Item Clause: Limit 1 of each item
|clearpoke
|poke|p1|Crabominable, L50, F|
|poke|p1|Slowking-Galar, L50, F|
|poke|p1|Rhyperior, L50, F|
|poke|p1|Starmie, L50|
|poke|p1|Ariados, L50, M|
|poke|p1|Houndoom, L50, M|
|poke|p2|Chimecho, L50, F|
|poke|p2|Blastoise, L50, M|
|poke|p2|Lucario, L50, F, shiny|
|poke|p2|Hippowdon, L50, M|
|poke|p2|Steelix, L50, F|
|poke|p2|Dragalge, L50, F|
|teampreview|4
|showteam|p1|Crabominable||Crabominite|HyperCutter|IceHammer,DrainPunch,Protect,BulkUp|Brave||F|||50|]Slowking-Galar||MentalHerb|Regenerator|ChillyReception,TrickRoom,SludgeBomb,Protect|Calm||F|||50|]Rhyperior||LifeOrb|SolidRock|RockSlide,HighHorsepower,Protect,HeatCrash|Brave||F|||50|]Starmie||Starminite|Illuminate|Liquidation,ZenHeadbutt,Protect,IceSpinner|Jolly|||||50|]Ariados||SitrusBerry|Insomnia|RagePowder,KnockOff,ToxicThread,Protect|Careful||M|||50|]Houndoom||FocusSash|FlashFire|Snarl,DarkPulse,HeatWave,Protect|Timid||M|||50|
|showteam|p2|Chimecho||Chimechite|Levitate|Psychic,FlashCannon,Protect,TrickRoom|Modest||F|||50|]Blastoise||SitrusBerry|RainDish|FakeOut,WaveCrash,Yawn,FlipTurn|Adamant||M|||50|]Lucario||ChoiceScarf|InnerFocus|FinalGambit,CloseCombat,Coaching,RockTomb|Jolly||F|||50|]Hippowdon||Leftovers|SandStream|RockSlide,Protect,SandTomb,Yawn|Sassy||M|||50|]Steelix||Steelixite|RockHead|Earthquake,HeavySlam,Protect,RockSlide|Brave||F|||50|]Dragalge||PoisonBarb|Adaptability|SludgeBomb,SludgeWave,DragonPulse,Protect|Modest||F|||50|
|inactive|Battle timer is ON: inactive players will automatically lose when time's up. (requested by Mega Chime Time)
|c|☆Mega Chime Time|gl hf
|c|☆lillyrosethedemon|hf
|inactive|lillyrosethedemon has 60 seconds left.
|
|t:|1783355510
|teamsize|p1|4
|teamsize|p2|4
|start
|switch|p1a: Ariados|Ariados, L50, M|100/100
|switch|p1b: Slowking|Slowking-Galar, L50, F|100/100
|switch|p2a: Lucario|Lucario, L50, F, shiny|100/100
|switch|p2b: Chimecho|Chimecho, L50, F|100/100
|turn|1
|inactive|Mega Chime Time has 30 seconds left.
|inactive|Mega Chime Time has 20 seconds left.
|inactive|Mega Chime Time has 15 seconds left.
|
|t:|1783355550
|detailschange|p2b: Chimecho|Chimecho-Mega, L50, F
|-mega|p2b: Chimecho|Chimecho|Chimechite
|move|p1a: Ariados|Rage Powder|p1a: Ariados
|-singleturn|p1a: Ariados|move: Rage Powder
|move|p2a: Lucario|Coaching|p2b: Chimecho
|-boost|p2b: Chimecho|atk|1
|-boost|p2b: Chimecho|def|1
|move|p2b: Chimecho|Psychic|p1a: Ariados
|-supereffective|p1a: Ariados|1
|-damage|p1a: Ariados|1/100
|-enditem|p1a: Ariados|Sitrus Berry|[eat]
|-heal|p1a: Ariados|26/100|[from] item: Sitrus Berry
|-prepare|p1b: Slowking|Chilly Reception|[premajor]
|move|p1b: Slowking|Chilly Reception|p1b: Slowking
|-weather|Snowscape
|
|t:|1783355567
|switch|p1b: Crabominable|Crabominable, L50, F|100/100|[from] Chilly Reception
|
|-weather|Snowscape|[upkeep]
|upkeep
|turn|2
|
|t:|1783355591
|move|p1b: Crabominable|Protect|p1b: Crabominable
|-singleturn|p1b: Crabominable|Protect
|move|p2a: Lucario|Coaching|p2b: Chimecho
|-boost|p2b: Chimecho|atk|1
|-boost|p2b: Chimecho|def|1
|move|p2b: Chimecho|Flash Cannon|p1a: Ariados
|-damage|p1a: Ariados|0 fnt
|faint|p1a: Ariados
|
|-weather|Snowscape|[upkeep]
|upkeep
|
|t:|1783355607
|switch|p1a: Slowking|Slowking-Galar, L50, F|100/100
|turn|3
|
|t:|1783355618
|switch|p2a: Dragalge|Dragalge, L50, F|100/100
|detailschange|p1b: Crabominable|Crabominable-Mega, L50, F
|-mega|p1b: Crabominable|Crabominable|Crabominite
|move|p2b: Chimecho|Flash Cannon|p1b: Crabominable
|-supereffective|p1b: Crabominable|1
|-damage|p1b: Crabominable|26/100
|move|p1b: Crabominable|Drain Punch|p2a: Dragalge
|-resisted|p2a: Dragalge|1
|-damage|p2a: Dragalge|69/100
|-heal|p1b: Crabominable|39/100|[from] drain|[of] p2a: Dragalge
|move|p1a: Slowking|Trick Room|p1a: Slowking
|-fieldstart|move: Trick Room|[of] p1a: Slowking
|
|-weather|Snowscape|[upkeep]
|upkeep
|turn|4
|inactive|Mega Chime Time has 30 seconds left.
|
|t:|1783355644
|move|p1b: Crabominable|Drain Punch|p2b: Chimecho
|-damage|p2b: Chimecho|73/100
|-heal|p1b: Crabominable|51/100|[from] drain|[of] p2b: Chimecho
|move|p1a: Slowking|Sludge Bomb|p2a: Dragalge
|-resisted|p2a: Dragalge|1
|-damage|p2a: Dragalge|53/100
|move|p2a: Dragalge|Sludge Wave|p1b: Crabominable|[spread] p1a,p1b
|-immune|p2b: Chimecho
|-resisted|p1a: Slowking|1
|-damage|p1a: Slowking|82/100
|-damage|p1b: Crabominable|4/100
|move|p2b: Chimecho|Flash Cannon|p1b: Crabominable
|-supereffective|p1b: Crabominable|1
|-damage|p1b: Crabominable|0 fnt
|faint|p1b: Crabominable
|
|-weather|Snowscape|[upkeep]
|upkeep
|
|t:|1783355658
|switch|p1b: Rhyperior|Rhyperior, L50, F|100/100
|turn|5
|
|t:|1783355676
|move|p1a: Slowking|Sludge Bomb|p2a: Dragalge
|-resisted|p2a: Dragalge|1
|-damage|p2a: Dragalge|39/100
|move|p1b: Rhyperior|Heat Crash|p2b: Chimecho
|-supereffective|p2b: Chimecho|1
|-damage|p2b: Chimecho|19/100
|-damage|p1b: Rhyperior|90/100|[from] item: Life Orb
|move|p2a: Dragalge|Dragon Pulse|p1b: Rhyperior
|-damage|p1b: Rhyperior|21/100
|move|p2b: Chimecho|Psychic|p1a: Slowking
|-crit|p1a: Slowking
|-damage|p1a: Slowking|30/100
|
|-weather|none
|upkeep
|turn|6
|inactive|lillyrosethedemon has 30 seconds left.
|
|t:|1783355704
|switch|p2a: Blastoise|Blastoise, L50, M|100/100
|move|p2b: Chimecho|Protect|p2b: Chimecho
|-singleturn|p2b: Chimecho|Protect
|move|p1a: Slowking|Sludge Bomb|p2a: Blastoise
|-damage|p2a: Blastoise|67/100
|move|p1b: Rhyperior|High Horsepower|p2a: Blastoise
|-damage|p2a: Blastoise|0 fnt
|faint|p2a: Blastoise
|-damage|p1b: Rhyperior|11/100|[from] item: Life Orb
|
|upkeep
|
|t:|1783355718
|switch|p2a: Dragalge|Dragalge, L50, F|39/100
|turn|7
|
|t:|1783355728
|move|p2a: Dragalge|Protect|p2a: Dragalge
|-singleturn|p2a: Dragalge|Protect
|move|p2b: Chimecho|Protect|p2b: Chimecho
|-singleturn|p2b: Chimecho|Protect
|move|p1a: Slowking|Sludge Bomb|p2a: Dragalge
|-activate|p2a: Dragalge|move: Protect
|move|p1b: Rhyperior|Rock Slide|p2a: Dragalge|[spread] 
|-activate|p2a: Dragalge|move: Protect
|-activate|p2b: Chimecho|move: Protect
|
|-fieldend|move: Trick Room
|upkeep
|turn|8
|-message|lillyrosethedemon forfeited.
|
|win|Mega Chime Time
||lillyrosethedemon is ready for game 2.
||Mega Chime Time is ready for game 2.
|uhtml|next|Next: Game 2 of 3
|l|☆Mega Chime Time
|player|p2|
|j| sumire labubu
