|j|☆C0ozer
|j|☆zephcore
|html|C0ozerzephcore    
|uhtml|bestof|Game 1 of a best-of-3
|t:|1782258806
|gametype|doubles
|player|p1|C0ozer|lucas|1072
|player|p2|zephcore|170|1083
|gen|9
|tier|[Gen 9 Champions] VGC 2026 Reg M-B (Bo3)
|rated|
|rule|Species Clause: Limit one of each Pokémon
|rule|Item Clause: Limit 1 of each item
|clearpoke
|poke|p1|Charizard, L50, F|
|poke|p1|Scrafty, L50, M|
|poke|p1|Gholdengo, L50|
|poke|p1|Whimsicott, L50, F|
|poke|p1|Toxapex, L50, F|
|poke|p1|Garchomp, L50, F|
|poke|p2|Floette-Eternal, L50, F, shiny|
|poke|p2|Farigiraf, L50, M, shiny|
|poke|p2|Ninetales, L50, F, shiny|
|poke|p2|Basculegion, L50, M, shiny|
|poke|p2|Pyroar, L50, F, shiny|
|poke|p2|Whimsicott, L50, F, shiny|
|teampreview|4
|showteam|p1|Charizard||CharizarditeY|Blaze|HeatWave,WeatherBall,SolarBeam,Protect|Timid||F|||50|]Scrafty||Scraftinite|Intimidate|FakeOut,KnockOff,CloseCombat,Detect|Impish||M|||50|]Gholdengo||LifeOrb|GoodasGold|FlashCannon,ShadowBall,NastyPlot,Protect|Timid|||||50|]Whimsicott||FocusSash|Prankster|Moonblast,Encore,Tailwind,Protect|Timid||F|||50|]Toxapex||Leftovers|Regenerator|Toxic,Haze,Infestation,BanefulBunker|Bold||F|||50|]Garchomp||SitrusBerry|RoughSkin|BreakingSwipe,RockSlide,StompingTantrum,Protect|Adamant||F|||50|
|showteam|p2|Floette-Eternal||Floettite|FlowerVeil|LightofRuin,DazzlingGleam,Moonblast,Protect|Modest||F|||50|]Farigiraf||SitrusBerry|ArmorTail|TwinBeam,Thunderbolt,TrickRoom,HelpingHand|Bold||M|||50|]Ninetales||ChoiceScarf|Drought|Overheat,HeatWave,FakeTears,SolarBeam|Modest||F|||50|]Basculegion||LifeOrb|Adaptability|WaveCrash,AquaJet,LastRespects,Protect|Adamant||M|||50|]Pyroar||Pyroarite|Unnerve|HeatWave,SolarBeam,Overheat,Protect|Timid||F|||50|]Whimsicott||FocusSash|Prankster|Tailwind,SunnyDay,Moonblast,Protect|Timid||F|||50|
|inactive|Battle timer is ON: inactive players will automatically lose when time's up. (requested by C0ozer)
|inactive|C0ozer has 60 seconds left.
|inactive|zephcore has 60 seconds left.
|c|☆C0ozer|Is that really shiny ninetales
|c|☆zephcore|jo
|inactive|zephcore has 30 seconds left.
|inactive|zephcore has 20 seconds left.
|
|t:|1782258880
|teamsize|p1|4
|teamsize|p2|4
|start
|switch|p1a: Toxapex|Toxapex, L50, F|100/100
|switch|p1b: Scrafty|Scrafty, L50, M|100/100
|switch|p2a: Floette|Floette-Eternal, L50, F, shiny|100/100
|switch|p2b: Ninetales|Ninetales, L50, F, shiny|100/100
|-weather|SunnyDay|[from] ability: Drought|[of] p2b: Ninetales
|-ability|p1b: Scrafty|Intimidate|boost
|-unboost|p2a: Floette|atk|1
|-unboost|p2b: Ninetales|atk|1
|turn|1
|inactive|C0ozer has 30 seconds left.
|inactive|zephcore has 30 seconds left.
|inactive|C0ozer has 20 seconds left.
|inactive|C0ozer has 15 seconds left.
|
|t:|1782258920
|detailschange|p1b: Scrafty|Scrafty-Mega, L50, M
|-mega|p1b: Scrafty|Scrafty|Scraftinite
|-ability|p1b: Scrafty|Intimidate|boost
|-unboost|p2a: Floette|atk|1
|-unboost|p2b: Ninetales|atk|1
|move|p2a: Floette|Protect|p2a: Floette
|-singleturn|p2a: Floette|Protect
|move|p1b: Scrafty|Fake Out|p2a: Floette
|-activate|p2a: Floette|move: Protect
|move|p2b: Ninetales|Fake Tears|p1a: Toxapex
|-unboost|p1a: Toxapex|spd|2
|move|p1a: Toxapex|Toxic|p2b: Ninetales
|-status|p2b: Ninetales|tox
|
|-weather|SunnyDay|[upkeep]
|-damage|p2b: Ninetales|93/100 tox|[from] psn
|upkeep
|turn|2
|inactive|C0ozer has 30 seconds left.
|inactive|zephcore has 30 seconds left.
|
|t:|1782258952
|switch|p1a: Gholdengo|Gholdengo, L50|100/100
|detailschange|p2a: Floette|Floette-Mega, L50, F, shiny
|-mega|p2a: Floette|Floette|Floettite
|-ability|p2a: Floette|Fairy Aura
|move|p1b: Scrafty|Detect|p1b: Scrafty
|-singleturn|p1b: Scrafty|Protect
|move|p2b: Ninetales|Fake Tears|p1a: Gholdengo
|-immune|p1a: Gholdengo|[from] ability: Good as Gold
|move|p2a: Floette|Dazzling Gleam|p1a: Gholdengo|[spread] p1a
|-activate|p1b: Scrafty|move: Protect
|-resisted|p1a: Gholdengo|1
|-damage|p1a: Gholdengo|72/100
|
|-weather|SunnyDay|[upkeep]
|-damage|p2b: Ninetales|81/100 tox|[from] psn
|upkeep
|turn|3
|inactive|zephcore has 30 seconds left.
|inactive|zephcore has 20 seconds left.
|
|t:|1782258989
|switch|p2b: Farigiraf|Farigiraf, L50, M, shiny|100/100
|switch|p1b: Toxapex|Toxapex, L50, F|100/100
|move|p2a: Floette|Protect|p2a: Floette
|-singleturn|p2a: Floette|Protect
|move|p1a: Gholdengo|Protect||[still]
|-fail|p1a: Gholdengo
|
|-weather|SunnyDay|[upkeep]
|upkeep
|turn|4
|inactive|C0ozer has 30 seconds left.
|
|t:|1782259016
|switch|p2a: Ninetales|Ninetales, L50, F, shiny|81/100 tox
|move|p1a: Gholdengo|Flash Cannon|p2a: Ninetales
|-resisted|p2a: Ninetales|1
|-damage|p2a: Ninetales|52/100 tox
|-damage|p1a: Gholdengo|62/100|[from] item: Life Orb
|move|p2b: Farigiraf|Thunderbolt|p1b: Toxapex
|-supereffective|p1b: Toxapex|1
|-damage|p1b: Toxapex|64/100
|move|p1b: Toxapex|Toxic|p2a: Ninetales
|-fail|p2a: Ninetales|tox
|
|-weather|SunnyDay|[upkeep]
|-heal|p1b: Toxapex|70/100|[from] item: Leftovers
|-damage|p2a: Ninetales|46/100 tox|[from] psn
|upkeep
|turn|5
|
|t:|1782259039
|move|p1a: Gholdengo|Protect|p1a: Gholdengo
|-singleturn|p1a: Gholdengo|Protect
|move|p1b: Toxapex|Baneful Bunker|p1b: Toxapex
|-singleturn|p1b: Toxapex|move: Protect
|move|p2a: Ninetales|Fake Tears|p1b: Toxapex
|-activate|p1b: Toxapex|move: Protect
|move|p2b: Farigiraf|Thunderbolt|p1b: Toxapex
|-activate|p1b: Toxapex|move: Protect
|
|-weather|none
|-heal|p1b: Toxapex|75/100|[from] item: Leftovers
|-damage|p2a: Ninetales|34/100 tox|[from] psn
|upkeep
|turn|6
|inactive|C0ozer has 30 seconds left.
|
|t:|1782259067
|-heal|p1b: Toxapex|100/100|[from] ability: Regenerator|[silent]
|switch|p1b: Scrafty|Scrafty-Mega, L50, M|100/100
|-ability|p1b: Scrafty|Intimidate|boost
|-unboost|p2a: Ninetales|atk|1
|-unboost|p2b: Farigiraf|atk|1
|move|p2a: Ninetales|Fake Tears|p1b: Scrafty
|-unboost|p1b: Scrafty|spd|2
|move|p1a: Gholdengo|Flash Cannon|p2b: Farigiraf
|-damage|p2b: Farigiraf|58/100
|-damage|p1a: Gholdengo|52/100|[from] item: Life Orb
|move|p2b: Farigiraf|Thunderbolt|p1b: Scrafty
|-damage|p1b: Scrafty|62/100
|
|-damage|p2a: Ninetales|16/100 tox|[from] psn
|upkeep
|turn|7
|
|t:|1782259089
|move|p1a: Gholdengo|Protect|p1a: Gholdengo
|-singleturn|p1a: Gholdengo|Protect
|move|p1b: Scrafty|Detect|p1b: Scrafty
|-singleturn|p1b: Scrafty|Protect
|move|p2a: Ninetales|Fake Tears|p1b: Scrafty
|-activate|p1b: Scrafty|move: Protect
|move|p2b: Farigiraf|Thunderbolt|p1b: Scrafty
|-activate|p1b: Scrafty|move: Protect
|
|-damage|p2a: Ninetales|0 fnt|[from] psn
|faint|p2a: Ninetales
|upkeep
|inactive|zephcore has 30 seconds left.
|
|t:|1782259117
|switch|p2a: Floette|Floette-Mega, L50, F, shiny|100/100
|-ability|p2a: Floette|Fairy Aura
|turn|8
|inactive|zephcore has 30 seconds left.
|
|t:|1782259146
|move|p2a: Floette|Protect|p2a: Floette
|-singleturn|p2a: Floette|Protect
|move|p1a: Gholdengo|Flash Cannon|p2a: Floette
|-activate|p2a: Floette|move: Protect
|move|p1b: Scrafty|Knock Off|p2b: Farigiraf
|-supereffective|p2b: Farigiraf|1
|-damage|p2b: Farigiraf|0 fnt
|-enditem|p2b: Farigiraf|Sitrus Berry|[from] move: Knock Off|[of] p1b: Scrafty
|faint|p2b: Farigiraf
|
|upkeep
|
|t:|1782259156
|switch|p2b: Basculegion|Basculegion, L50, M, shiny|100/100
|turn|9
|
|t:|1782259175
|switch|p1b: Toxapex|Toxapex, L50, F|100/100
|move|p2a: Floette|Dazzling Gleam|p1a: Gholdengo|[spread] p1a,p1b
|-resisted|p1a: Gholdengo|1
|-resisted|p1b: Toxapex|1
|-damage|p1a: Gholdengo|24/100
|-damage|p1b: Toxapex|78/100
|move|p1a: Gholdengo|Shadow Ball|p2b: Basculegion
|-supereffective|p2b: Basculegion|1
|-damage|p2b: Basculegion|3/100
|-unboost|p2b: Basculegion|spd|1
|-damage|p1a: Gholdengo|14/100|[from] item: Life Orb
|move|p2b: Basculegion|Last Respects|p1a: Gholdengo
|-supereffective|p1a: Gholdengo|1
|-crit|p1a: Gholdengo
|-damage|p1a: Gholdengo|0 fnt
|faint|p1a: Gholdengo
|-damage|p2b: Basculegion|0 fnt|[from] item: Life Orb
|faint|p2b: Basculegion
|
|-heal|p1b: Toxapex|84/100|[from] item: Leftovers
|upkeep
|
|t:|1782259193
|switch|p1a: Scrafty|Scrafty-Mega, L50, M|62/100
|-ability|p1a: Scrafty|Intimidate|boost
|-unboost|p2a: Floette|atk|1
|turn|10
|
|t:|1782259200
|move|p2a: Floette|Protect|p2a: Floette
|-singleturn|p2a: Floette|Protect
|move|p1a: Scrafty|Fake Out|p2a: Floette
|-activate|p2a: Floette|move: Protect
|move|p1b: Toxapex|Toxic|p2a: Floette
|-activate|p2a: Floette|move: Protect
|
|-heal|p1b: Toxapex|90/100|[from] item: Leftovers
|upkeep
|turn|11
|
|t:|1782259220
|move|p1a: Scrafty|Detect|p1a: Scrafty
|-singleturn|p1a: Scrafty|Protect
|move|p2a: Floette|Dazzling Gleam|p1b: Toxapex|[spread] p1b
|-activate|p1a: Scrafty|move: Protect
|-resisted|p1b: Toxapex|1
|-damage|p1b: Toxapex|69/100
|move|p1b: Toxapex|Toxic|p2a: Floette
|-status|p2a: Floette|tox
|
|-heal|p1b: Toxapex|75/100|[from] item: Leftovers
|-damage|p2a: Floette|93/100 tox|[from] psn
|upkeep
|turn|12
|inactive|C0ozer has 30 seconds left.
|
|t:|1782259247
|switch|p1a: Garchomp|Garchomp, L50, F|100/100
|move|p2a: Floette|Dazzling Gleam|p1a: Garchomp|[spread] p1a,p1b
|-supereffective|p1a: Garchomp|1
|-resisted|p1b: Toxapex|1
|-damage|p1a: Garchomp|5/100
|-damage|p1b: Toxapex|56/100
|-enditem|p1a: Garchomp|Sitrus Berry|[eat]
|-heal|p1a: Garchomp|29/100|[from] item: Sitrus Berry
|move|p1b: Toxapex|Infestation|p2a: Floette
|-resisted|p2a: Floette|1
|-damage|p2a: Floette|92/100 tox
|-activate|p2a: Floette|move: Infestation|[of] p1b: Toxapex
|
|-heal|p1b: Toxapex|61/100|[from] item: Leftovers
|-damage|p2a: Floette|80/100 tox|[from] psn
|-damage|p2a: Floette|68/100 tox|[from] move: Infestation|[partiallytrapped]
|upkeep
|turn|13
|
|t:|1782259265
|move|p1a: Garchomp|Protect|p1a: Garchomp
|-singleturn|p1a: Garchomp|Protect
|move|p1b: Toxapex|Baneful Bunker|p1b: Toxapex
|-singleturn|p1b: Toxapex|move: Protect
|move|p2a: Floette|Light of Ruin|p1b: Toxapex
|-activate|p1b: Toxapex|move: Protect
|
|-heal|p1b: Toxapex|67/100|[from] item: Leftovers
|-damage|p2a: Floette|50/100g tox|[from] psn
|-damage|p2a: Floette|38/100 tox|[from] move: Infestation|[partiallytrapped]
|upkeep
|turn|14
|-message|zephcore forfeited.
|
|win|C0ozer
|l|☆zephcore
|player|p2|
||zephcore is ready for game 2.
|inactive|C0ozer has 30 seconds to confirm battle start!
||C0ozer is ready for game 2.
|uhtml|next|Next: Game 2 of 3
