|j|☆hertsu
|j|☆axcoquette
|html|hertsuaxcoquette    
|uhtml|bestof|Game 2 of a best-of-3
|t:|1784580340
|gametype|doubles
|player|p1|hertsu|lyra|1148
|player|p2|axcoquette|2|1198
|gen|9
|tier|[Gen 9 Champions] VGC 2026 Reg M-B (Bo3)
|rated|
|rule|Species Clause: Limit one of each Pokémon
|rule|Item Clause: Limit 1 of each item
|clearpoke
|poke|p1|Trevenant, L50, M|
|poke|p1|Charizard, L50, M|
|poke|p1|Aerodactyl, L50, M|
|poke|p1|Torkoal, L50, M|
|poke|p1|Mawile, L50, F|
|poke|p1|Incineroar, L50, F|
|poke|p2|Aerodactyl, L50, M|
|poke|p2|Kingambit, L50, F|
|poke|p2|Sylveon, L50, F|
|poke|p2|Garchomp, L50, M|
|poke|p2|Charizard, L50, F|
|poke|p2|Incineroar, L50, F|
|teampreview|4
|showteam|p1|Trevenant||SitrusBerry|Harvest|Poltergeist,Curse,TrickRoom,Protect|Relaxed||M|||50|]Charizard||CharizarditeY|SolarPower|Protect,WeatherBall,SolarBeam,HeatWave|Modest||M|||50|]Aerodactyl||FocusSash|Unnerve|Tailwind,WideGuard,RockSlide,DualWingbeat|Jolly||M|||50|]Torkoal||Charcoal|Drought|Eruption,HelpingHand,Overheat,Protect|Quiet||M|||50|]Mawile||Mawilite|Intimidate|PlayRough,SuckerPunch,SwordsDance,Protect|Adamant||F|||50|]Incineroar||LifeOrb|Intimidate|FakeOut,FlareBlitz,DarkestLariat,PartingShot|Brave||F|||50|
|showteam|p2|Aerodactyl||Aerodactylite|Unnerve|IceFang,RockSlide,Tailwind,WideGuard|Jolly||M|||50|]Kingambit||FocusSash|Defiant|KowtowCleave,SuckerPunch,IronHead,Protect|Adamant||F|||50|]Sylveon||FairyFeather|Pixilate|Detect,HyperVoice,HyperBeam,QuickAttack|Modest||F|||50|]Garchomp||LifeOrb|RoughSkin|Earthquake,DragonClaw,StompingTantrum,Protect|Jolly||M|||50|]Charizard||CharizarditeY|Blaze|Protect,HeatWave,SolarBeam,WeatherBall|Modest||F|||50|]Incineroar||SitrusBerry|Intimidate|DarkestLariat,FlareBlitz,FakeOut,PartingShot|Impish||F|||50|
|inactive|Battle timer is ON: inactive players will automatically lose when time's up. (requested by axcoquette)
|
|t:|1784580358
|teamsize|p1|4
|teamsize|p2|4
|start
|switch|p1a: Charizard|Charizard, L50, M|100/100
|switch|p1b: Aerodactyl|Aerodactyl, L50, M|100/100
|switch|p2a: Kingambit|Kingambit, L50, F|100/100
|switch|p2b: Garchomp|Garchomp, L50, M|100/100
|-ability|p1b: Aerodactyl|Unnerve
|turn|1
|
|t:|1784580380
|switch|p2a: Charizard|Charizard, L50, F|100/100
|detailschange|p1a: Charizard|Charizard-Mega-Y, L50, M
|-mega|p1a: Charizard|Charizard|Charizardite Y
|-weather|SunnyDay|[from] ability: Drought|[of] p1a: Charizard
|move|p1b: Aerodactyl|Tailwind|p1b: Aerodactyl
|-sidestart|p1: hertsu|move: Tailwind
|move|p1a: Charizard|Heat Wave|p2a: Charizard|[spread] p2a,p2b
|-resisted|p2a: Charizard|1
|-resisted|p2b: Garchomp|1
|-damage|p2a: Charizard|57/100
|-damage|p2b: Garchomp|58/100
|-status|p2b: Garchomp|brn
|move|p2b: Garchomp|Dragon Claw|p1a: Charizard
|-damage|p1a: Charizard|60/100
|-damage|p2b: Garchomp|48/100 brn|[from] item: Life Orb
|
|-weather|SunnyDay|[upkeep]
|-damage|p2b: Garchomp|42/100 brn|[from] brn
|upkeep
|turn|2
|inactive|hertsu has 30 seconds left.
|inactive|axcoquette has 30 seconds left.
|
|t:|1784580412
|switch|p2a: Incineroar|Incineroar, L50, F|100/100
|-ability|p2a: Incineroar|Intimidate|boost
|-unboost|p1a: Charizard|atk|1
|-unboost|p1b: Aerodactyl|atk|1
|move|p2b: Garchomp|Protect|p2b: Garchomp
|-singleturn|p2b: Garchomp|Protect
|move|p1b: Aerodactyl|Rock Slide|p2a: Incineroar|[spread] p2a
|-activate|p2b: Garchomp|move: Protect
|-supereffective|p2a: Incineroar|1
|-damage|p2a: Incineroar|73/100
|move|p1a: Charizard|Heat Wave|p2b: Garchomp|[spread] p2a
|-activate|p2b: Garchomp|move: Protect
|-resisted|p2a: Incineroar|1
|-damage|p2a: Incineroar|37/100
|
|-weather|SunnyDay|[upkeep]
|-damage|p2b: Garchomp|36/100 brn|[from] brn
|upkeep
|turn|3
|
|t:|1784580431
|move|p2a: Incineroar|Fake Out|p1a: Charizard
|-damage|p1a: Charizard|45/100
|move|p1b: Aerodactyl|Rock Slide|p2a: Incineroar|[spread] p2a,p2b
|-supereffective|p2a: Incineroar|1
|-resisted|p2b: Garchomp|1
|-damage|p2a: Incineroar|12/100
|-damage|p2b: Garchomp|28/100 brn
|cant|p1a: Charizard|flinch
|cant|p2b: Garchomp|flinch
|
|-weather|SunnyDay|[upkeep]
|-damage|p2b: Garchomp|22/100 brn|[from] brn
|upkeep
|turn|4
|
|t:|1784580456
|move|p1b: Aerodactyl|Rock Slide|p2b: Garchomp|[spread] p2a,p2b
|-supereffective|p2a: Incineroar|1
|-resisted|p2b: Garchomp|1
|-damage|p2a: Incineroar|0 fnt
|-damage|p2b: Garchomp|14/100 brn
|faint|p2a: Incineroar
|move|p1a: Charizard|Heat Wave|p2b: Garchomp
|-resisted|p2b: Garchomp|1
|-damage|p2b: Garchomp|0 fnt
|faint|p2b: Garchomp
|
|-weather|SunnyDay|[upkeep]
|-sideend|p1: hertsu|move: Tailwind
|upkeep
|
|t:|1784580465
|switch|p2b: Charizard|Charizard, L50, F|57/100
|switch|p2a: Kingambit|Kingambit, L50, F|100/100
|turn|5
|
|t:|1784580472
|detailschange|p2b: Charizard|Charizard-Mega-Y, L50, F
|-mega|p2b: Charizard|Charizard|Charizardite Y
|move|p2a: Kingambit|Sucker Punch|p1a: Charizard
|-damage|p1a: Charizard|0 fnt
|faint|p1a: Charizard
|move|p1b: Aerodactyl|Rock Slide|p2b: Charizard|[spread] p2b
|-miss|p1b: Aerodactyl|p2a: Kingambit
|-supereffective|p2b: Charizard|2
|-damage|p2b: Charizard|0 fnt
|faint|p2b: Charizard
|
|-weather|none
|upkeep
|
|t:|1784580483
|switch|p1a: Trevenant|Trevenant, L50, M|100/100
|turn|6
|
|t:|1784580498
|move|p1b: Aerodactyl|Rock Slide|p2a: Kingambit
|-resisted|p2a: Kingambit|1
|-damage|p2a: Kingambit|90/100
|move|p2a: Kingambit|Kowtow Cleave|p1a: Trevenant
|-supereffective|p1a: Trevenant|1
|-damage|p1a: Trevenant|2/100
|-enditem|p1a: Trevenant|Sitrus Berry|[eat]
|-heal|p1a: Trevenant|27/100|[from] item: Sitrus Berry
|move|p1a: Trevenant|Curse|p2a: Kingambit
|-start|p2a: Kingambit|Curse|[of] p1a: Trevenant
|-damage|p1a: Trevenant|0 fnt
|faint|p1a: Trevenant
|
|-damage|p2a: Kingambit|65/100|[from] Curse
|upkeep
|
|t:|1784580512
|switch|p1a: Incineroar|Incineroar, L50, F|100/100
|-ability|p1a: Incineroar|Intimidate|boost
|-unboost|p2a: Kingambit|atk|1
|-ability|p2a: Kingambit|Defiant|boost
|-boost|p2a: Kingambit|atk|2
|turn|7
|
|t:|1784580522
|move|p1a: Incineroar|Fake Out|p2a: Kingambit
|-resisted|p2a: Kingambit|1
|-damage|p2a: Kingambit|58/100
|-damage|p1a: Incineroar|90/100|[from] item: Life Orb
|move|p1b: Aerodactyl|Tailwind|p1b: Aerodactyl
|-sidestart|p1: hertsu|move: Tailwind
|cant|p2a: Kingambit|flinch
|
|-damage|p2a: Kingambit|33/100|[from] Curse
|upkeep
|turn|8
|
|t:|1784580535
|move|p1b: Aerodactyl|Rock Slide|p2a: Kingambit
|-resisted|p2a: Kingambit|1
|-damage|p2a: Kingambit|23/100
|move|p1a: Incineroar|Flare Blitz|p2a: Kingambit
|-supereffective|p2a: Kingambit|1
|-damage|p2a: Kingambit|0 fnt
|faint|p2a: Kingambit
|-damage|p1a: Incineroar|82/100|[from] Recoil
|-damage|p1a: Incineroar|72/100|[from] item: Life Orb
|
|win|hertsu
