|j|☆Coruno
|j|☆rowlet pesetero
|html|Corunorowlet pesetero    
|uhtml|bestof|Game 3 of a best-of-3
|t:|1755778380
|gametype|doubles
|player|p1|Coruno|265|1144
|player|p2|rowlet pesetero|cheren-gen5bw2|1235
|gen|9
|tier|[Gen 9] VGC 2025 Reg H (Bo3)
|rated|
|rule|Species Clause: Limit one of each Pokémon
|rule|Item Clause: Limit 1 of each item
|clearpoke
|poke|p1|Annihilape, L50, F|
|poke|p1|Rillaboom, L50, M|
|poke|p1|Salamence, L50, M|
|poke|p1|Clefairy, L50, F|
|poke|p1|Volcarona, L50, F|
|poke|p1|Basculegion, L50, M|
|poke|p2|Sneasler, L50, M|
|poke|p2|Indeedee, L50, M|
|poke|p2|Volcarona, L50, M|
|poke|p2|Ursaluna-Bloodmoon, L50, M|
|poke|p2|Annihilape, L50, F|
|poke|p2|Tyranitar, L50, M|
|teampreview|4
|showteam|p1|Annihilape||Leftovers|Defiant|Protect,BulkUp,RageFist,DrainPunch|||F|||50|,,,,,Fire]Rillaboom||LoadedDice|GrassySurge|Protect,FakeOut,BulletSeed,HighHorsepower|||M|||50|,,,,,Fire]Salamence||ClearAmulet|Intimidate|Protect,Tailwind,DualWingbeat,DragonClaw|||M|||50|,,,,,Steel]Clefairy||Eviolite|FriendGuard|Protect,FollowMe,AfterYou,SkillSwap|||F|||50|,,,,,Grass]Volcarona||GrassySeed|FlameBody|Protect,QuiverDance,GigaDrain,HeatWave|||F|||50|,,,,,Fairy]Basculegion||ChoiceScarf|Adaptability|AquaJet,LastRespects,WaveCrash,FlipTurn|||M|||50|,,,,,Water
|showteam|p2|Sneasler||PsychicSeed|Unburden|CloseCombat,DireClaw,ThroatChop,Protect|||M|||50|,,,,,Dark]Indeedee||ChoiceScarf|PsychicSurge|ExpandingForce,TeraBlast,Trick,Protect|||M|||50|,,,,,Psychic]Volcarona||SitrusBerry|FlameBody|Overheat,StruggleBug,RagePowder,Tailwind|||M|||50|,,,,,Grass]Ursaluna-Bloodmoon||LifeOrb|MindsEye|BloodMoon,HyperVoice,EarthPower,Protect|||M|||50|,,,,,Normal]Annihilape||SafetyGoggles|Defiant|CloseCombat,Taunt,RageFist,FinalGambit|||F|||50|,,,,,Fairy]Tyranitar||AssaultVest|SandStream|RockSlide,KnockOff,LowKick,TeraBlast|||M|||50|,,,,,Flying
|
|t:|1755778416
|teamsize|p1|4
|teamsize|p2|4
|start
|switch|p1a: Rillaboom|Rillaboom, L50, M|100/100
|switch|p1b: Salamence|Salamence, L50, M|100/100
|switch|p2a: Sneasler|Sneasler, L50, M|100/100
|switch|p2b: Indeedee|Indeedee, L50, M|100/100
|-fieldstart|move: Psychic Terrain|[from] ability: Psychic Surge|[of] p2b: Indeedee
|-enditem|p2a: Sneasler|Psychic Seed
|-boost|p2a: Sneasler|spd|1|[from] item: Psychic Seed
|-ability|p1b: Salamence|Intimidate|boost
|-unboost|p2a: Sneasler|atk|1
|-unboost|p2b: Indeedee|atk|1
|-fieldstart|move: Grassy Terrain|[from] ability: Grassy Surge|[of] p1a: Rillaboom
|turn|1
|
|t:|1755778434
|switch|p2b: Volcarona|Volcarona, L50, M|100/100
|move|p2a: Sneasler|Protect|p2a: Sneasler
|-singleturn|p2a: Sneasler|Protect
|move|p1a: Rillaboom|Fake Out|p2b: Volcarona
|-damage|p2b: Volcarona|83/100
|move|p1b: Salamence|Tailwind|p1b: Salamence
|-sidestart|p1: Coruno|move: Tailwind
|
|-heal|p2b: Volcarona|89/100|[from] Grassy Terrain
|upkeep
|turn|2
|
|t:|1755778462
|switch|p1a: Volcarona|Volcarona, L50, F|100/100
|-enditem|p1a: Volcarona|Grassy Seed
|-boost|p1a: Volcarona|def|1|[from] item: Grassy Seed
|move|p2a: Sneasler|Dire Claw|p1a: Volcarona
|-damage|p1a: Volcarona|74/100
|-status|p2a: Sneasler|brn|[from] ability: Flame Body|[of] p1a: Volcarona
|move|p1b: Salamence|Dual Wingbeat|p2b: Volcarona|[miss]
|-miss|p1b: Salamence|p2b: Volcarona
|move|p2b: Volcarona|Tailwind|p2b: Volcarona
|-sidestart|p2: rowlet pesetero|move: Tailwind
|
|-heal|p2b: Volcarona|95/100|[from] Grassy Terrain
|-heal|p1a: Volcarona|80/100|[from] Grassy Terrain
|-damage|p2a: Sneasler|95/100 brn|[from] brn
|upkeep
|turn|3
|
|t:|1755778483
|move|p2a: Sneasler|Dire Claw|p1a: Volcarona
|-damage|p1a: Volcarona|68/100
|-status|p1a: Volcarona|psn
|move|p2b: Volcarona|Overheat|p1a: Volcarona
|-damage|p1a: Volcarona|14/100 psn
|-unboost|p2b: Volcarona|spa|2
|move|p1b: Salamence|Dual Wingbeat|p2b: Volcarona
|-supereffective|p2b: Volcarona
|-damage|p2b: Volcarona|42/100
|-enditem|p2b: Volcarona|Sitrus Berry|[eat]
|-heal|p2b: Volcarona|67/100|[from] item: Sitrus Berry
|-supereffective|p2b: Volcarona
|-damage|p2b: Volcarona|9/100
|-status|p1b: Salamence|brn|[from] ability: Flame Body|[of] p2b: Volcarona
|-hitcount|p2b: Volcarona|2
|move|p1a: Volcarona|Quiver Dance|p1a: Volcarona
|-boost|p1a: Volcarona|spa|1
|-boost|p1a: Volcarona|spd|1
|-boost|p1a: Volcarona|spe|1
|
|-heal|p2a: Sneasler|100/100 brn|[from] Grassy Terrain
|-heal|p1a: Volcarona|20/100 psn|[from] Grassy Terrain
|-heal|p2b: Volcarona|15/100|[from] Grassy Terrain
|-damage|p1a: Volcarona|8/100 psn|[from] psn
|-damage|p2a: Sneasler|95/100 brn|[from] brn
|-damage|p1b: Salamence|95/100 brn|[from] brn
|upkeep
|turn|4
|
|t:|1755778518
|move|p2b: Volcarona|Rage Powder|p2b: Volcarona
|-singleturn|p2b: Volcarona|move: Rage Powder
|move|p2a: Sneasler|Dire Claw|p1a: Volcarona
|-damage|p1a: Volcarona|0 fnt
|faint|p1a: Volcarona
|move|p1b: Salamence|Dual Wingbeat|p2b: Volcarona
|-supereffective|p2b: Volcarona
|-damage|p2b: Volcarona|0 fnt
|faint|p2b: Volcarona
|-hitcount|p2: Volcarona|1
|
|-heal|p2a: Sneasler|100/100 brn|[from] Grassy Terrain
|-damage|p2a: Sneasler|95/100 brn|[from] brn
|-damage|p1b: Salamence|89/100 brn|[from] brn
|-sideend|p1: Coruno|move: Tailwind
|upkeep
|inactive|Battle timer is ON: inactive players will automatically lose when time's up. (requested by rowlet pesetero)
|
|t:|1755778541
|switch|p2b: Annihilape|Annihilape, L50, F|100/100
|switch|p1a: Basculegion|Basculegion, L50, M|100/100
|turn|5
|inactive|rowlet pesetero has 30 seconds left.
|inactive|Coruno has 30 seconds left.
|inactive|rowlet pesetero has 20 seconds left.
|inactive|rowlet pesetero has 15 seconds left.
|inactive|rowlet pesetero has 10 seconds left.
|
|t:|1755778586
|-terastallize|p2a: Sneasler|Dark
|move|p2a: Sneasler|Throat Chop|p1a: Basculegion
|-supereffective|p1a: Basculegion
|-damage|p1a: Basculegion|58/100
|-start|p1a: Basculegion|Throat Chop|[silent]
|move|p2b: Annihilape|Rage Fist|p1a: Basculegion
|-supereffective|p1a: Basculegion
|-damage|p1a: Basculegion|8/100
|move|p1a: Basculegion|Flip Turn|p2a: Sneasler
|-damage|p2a: Sneasler|22/100 brn
|
|t:|1755778597
|switch|p1a: Rillaboom|Rillaboom, L50, M|100/100|[from] Flip Turn
|move|p1b: Salamence|Tailwind|p1b: Salamence
|-sidestart|p1: Coruno|move: Tailwind
|
|-heal|p2a: Sneasler|28/100 brn|[from] Grassy Terrain
|-damage|p2a: Sneasler|22/100 brn|[from] brn
|-damage|p1b: Salamence|83/100 brn|[from] brn
|-sideend|p2: rowlet pesetero|move: Tailwind
|-fieldend|move: Grassy Terrain
|upkeep
|turn|6
|
|t:|1755778615
|switch|p2b: Indeedee|Indeedee, L50, M|100/100
|-fieldstart|move: Psychic Terrain|[from] ability: Psychic Surge|[of] p2b: Indeedee
|move|p2a: Sneasler|Dire Claw|p1a: Rillaboom
|-supereffective|p1a: Rillaboom
|-damage|p1a: Rillaboom|66/100
|move|p1b: Salamence|Dual Wingbeat|p2b: Indeedee
|-damage|p2b: Indeedee|76/100
|-damage|p2b: Indeedee|54/100
|-hitcount|p2b: Indeedee|2
|move|p1a: Rillaboom|Bullet Seed|p2b: Indeedee
|-damage|p2b: Indeedee|28/100
|-damage|p2b: Indeedee|3/100
|-damage|p2b: Indeedee|0 fnt
|faint|p2b: Indeedee
|-hitcount|p2: Indeedee|3
|
|-damage|p2a: Sneasler|17/100 brn|[from] brn
|-damage|p1b: Salamence|77/100 brn|[from] brn
|upkeep
|
|t:|1755778625
|switch|p2b: Annihilape|Annihilape, L50, F|100/100
|turn|7
|
|t:|1755778635
|move|p2a: Sneasler|Dire Claw|p1a: Rillaboom
|-supereffective|p1a: Rillaboom
|-crit|p1a: Rillaboom
|-damage|p1a: Rillaboom|0 fnt
|faint|p1a: Rillaboom
|move|p1b: Salamence|Dual Wingbeat|p2a: Sneasler
|-damage|p2a: Sneasler|0 fnt
|faint|p2a: Sneasler
|-hitcount|p2: Sneasler|1
|move|p2b: Annihilape|Rage Fist|p1b: Salamence
|-damage|p1b: Salamence|50/100 brn
|
|-damage|p1b: Salamence|44/100 brn|[from] brn
|upkeep
|
|t:|1755778646
|switch|p1a: Basculegion|Basculegion, L50, M|8/100
|turn|8
|
|t:|1755778654
|move|p1a: Basculegion|Last Respects|p2b: Annihilape
|-supereffective|p2b: Annihilape
|-damage|p2b: Annihilape|0 fnt
|faint|p2b: Annihilape
|
|win|Coruno
|raw|Coruno's rating: 1144 → 1175(+31 for winning)
|raw|rowlet pesetero's rating: 1235 → 1204(-31 for losing)
