|j|☆lol lol lol blue
|j|☆frankino98
|html|lol lol lol bluefrankino98    
|uhtml|bestof|Game 1 of a best-of-3
|t:|1757782514
|gametype|doubles
|player|p1|lol lol lol blue|gentleman-gen4|1110
|player|p2|frankino98|cynthia|1205
|gen|9
|tier|[Gen 9] VGC 2025 Reg H (Bo3)
|rated|
|rule|Species Clause: Limit one of each Pokémon
|rule|Item Clause: Limit 1 of each item
|clearpoke
|poke|p1|Gholdengo, L50|
|poke|p1|Magmar, L50, M|
|poke|p1|Dragonite, L50, F|
|poke|p1|Sneasler, L50, M|
|poke|p1|Ursaluna-Bloodmoon, L50, M|
|poke|p1|Farigiraf, L50, F|
|poke|p2|Annihilape, L50, F|
|poke|p2|Sinistcha, L50|
|poke|p2|Maushold-Four, L50|
|poke|p2|Klefki, L50, F|
|poke|p2|Ursaluna-Bloodmoon, L50, M|
|poke|p2|Ninetales-Alola, L50, F|
|teampreview|4
|showteam|p1|Gholdengo||ChoiceScarf|GoodasGold|MakeItRain,ShadowBall,Trick,TeraBlast||||||50|,,,,,Water]Magmar||Eviolite|VitalSpirit|FollowMe,Protect,Flamethrower,WillOWisp|||M|||50|,,,,,Fairy]Dragonite||LoadedDice|Multiscale|ScaleShot,Protect,Tailwind,Haze|||F|||50|,,,,,Fairy]Sneasler||FocusSash|Unburden|ThroatChop,DireClaw,CloseCombat,Protect|||M|||50|,,,,,Stellar]Ursaluna-Bloodmoon||LifeOrb|MindsEye|BloodMoon,Protect,EarthPower,HyperVoice|||M|||50|,,,,,Normal]Farigiraf||SitrusBerry|ArmorTail|TrickRoom,HelpingHand,Psychic,Protect|||F|||50|,,,,,Water
|showteam|p2|Annihilape||Leftovers|Defiant|Protect,BulkUp,DrainPunch,RageFist|||F|||50|,,,,,Fire]Sinistcha||SitrusBerry|Hospitality|MatchaGotcha,TrickRoom,LifeDew,RagePowder||||||50|,,,,,Water]Maushold-Four||SafetyGoggles|FriendGuard|FollowMe,Taunt,BeatUp,Protect||||||50|,,,,,Ghost]Klefki||LightClay|Prankster|Reflect,LightScreen,MistyTerrain,DazzlingGleam|||F|||50|,,,,,Ghost]Ursaluna-Bloodmoon||AssaultVest|MindsEye|BloodMoon,HyperVoice,EarthPower,VacuumWave|||M|||50|,,,,,Water]Ninetales-Alola||FocusSash|SnowWarning|Protect,Encore,FreezeDry,Blizzard|||F|||50|,,,,,Ghost
|inactive|Battle timer is ON: inactive players will automatically lose when time's up. (requested by frankino98)
|inactive|lol lol lol blue has 60 seconds left.
|inactive|lol lol lol blue has 30 seconds left.
|inactive|lol lol lol blue has 20 seconds left.
|
|t:|1757782625
|teamsize|p1|4
|teamsize|p2|4
|start
|switch|p1a: Ursaluna|Ursaluna-Bloodmoon, L50, M|100/100
|switch|p1b: Magmar|Magmar, L50, M, shiny|100/100
|switch|p2a: Annihilape|Annihilape, L50, F, shiny|100/100
|switch|p2b: Maushold|Maushold-Four, L50|100/100
|turn|1
|inactive|frankino98 has 30 seconds left.
|inactive|frankino98 has 20 seconds left.
|inactive|frankino98 has 15 seconds left.
|
|t:|1757782667
|-terastallize|p1a: Ursaluna|Normal
|move|p1b: Magmar|Protect|p1b: Magmar
|-singleturn|p1b: Magmar|Protect
|move|p2b: Maushold|Follow Me|p2b: Maushold
|-singleturn|p2b: Maushold|move: Follow Me
|move|p2a: Annihilape|Bulk Up|p2a: Annihilape
|-boost|p2a: Annihilape|atk|1
|-boost|p2a: Annihilape|def|1
|move|p1a: Ursaluna|Hyper Voice|p2b: Maushold|[spread] p2a,p2b
|-damage|p2a: Annihilape|57/100
|-damage|p2b: Maushold|5/100
|-damage|p1a: Ursaluna|90/100|[from] item: Life Orb
|
|-heal|p2a: Annihilape|63/100|[from] item: Leftovers
|upkeep
|turn|2
|
|t:|1757782690
|move|p2a: Annihilape|Protect|p2a: Annihilape
|-singleturn|p2a: Annihilape|Protect
|move|p1b: Magmar|Follow Me|p1b: Magmar
|-singleturn|p1b: Magmar|move: Follow Me
|move|p2b: Maushold|Taunt|p1b: Magmar
|-start|p1b: Magmar|move: Taunt
|move|p1a: Ursaluna|Hyper Voice|p2b: Maushold|[spread] p2b
|-activate|p2a: Annihilape|move: Protect
|-damage|p2b: Maushold|0 fnt
|faint|p2b: Maushold
|-damage|p1a: Ursaluna|80/100|[from] item: Life Orb
|
|-heal|p2a: Annihilape|70/100|[from] item: Leftovers
|upkeep
|
|t:|1757782705
|switch|p2b: Sinistcha|Sinistcha, L50|100/100
|-heal|p2a: Annihilape|95/100|[from] ability: Hospitality|[of] p2b: Sinistcha
|turn|3
|inactive|frankino98 has 30 seconds left.
|
|t:|1757782738
|switch|p2b: Ursaluna|Ursaluna-Bloodmoon, L50, M|100/100
|switch|p1a: Gholdengo|Gholdengo, L50|100/100
|move|p2a: Annihilape|Drain Punch|p1a: Gholdengo
|-immune|p1a: Gholdengo
|move|p1b: Magmar|Flamethrower|p2b: Ursaluna
|-damage|p2b: Ursaluna|81/100
|
|-heal|p2a: Annihilape|100/100|[from] item: Leftovers
|upkeep
|turn|4
|inactive|lol lol lol blue has 30 seconds left.
|inactive|frankino98 has 30 seconds left.
|inactive|frankino98 has 20 seconds left.
|inactive|lol lol lol blue has 20 seconds left.
|inactive|frankino98 has 15 seconds left.
|inactive|frankino98 has 10 seconds left.
|
|t:|1757782783
|-terastallize|p2a: Annihilape|Fire
|move|p1a: Gholdengo|Make It Rain|p2a: Annihilape|[spread] p2a,p2b
|-resisted|p2a: Annihilape
|-damage|p2a: Annihilape|77/100
|-damage|p2b: Ursaluna|48/100
|-unboost|p1a: Gholdengo|spa|1
|move|p2a: Annihilape|Bulk Up|p2a: Annihilape
|-boost|p2a: Annihilape|atk|1
|-boost|p2a: Annihilape|def|1
|move|p1b: Magmar|Flamethrower|p2b: Ursaluna
|-damage|p2b: Ursaluna|27/100
|move|p2b: Ursaluna|Earth Power|p1b: Magmar
|-supereffective|p1b: Magmar
|-damage|p1b: Magmar|27/100
|
|-heal|p2a: Annihilape|84/100|[from] item: Leftovers
|upkeep
|turn|5
|
|t:|1757782806
|move|p1a: Gholdengo|Make It Rain|p2b: Ursaluna|[spread] p2a,p2b
|-resisted|p2a: Annihilape
|-damage|p2a: Annihilape|69/100
|-damage|p2b: Ursaluna|4/100
|-unboost|p1a: Gholdengo|spa|1
|move|p2a: Annihilape|Rage Fist|p1a: Gholdengo
|-supereffective|p1a: Gholdengo
|-damage|p1a: Gholdengo|0 fnt
|faint|p1a: Gholdengo
|move|p1b: Magmar|Flamethrower|p2b: Ursaluna
|-damage|p2b: Ursaluna|0 fnt
|faint|p2b: Ursaluna
|
|-heal|p2a: Annihilape|75/100|[from] item: Leftovers
|-end|p1b: Magmar|move: Taunt
|upkeep
|
|t:|1757782821
|switch|p1a: Dragonita|Dragonite, L50, F|100/100
|switch|p2b: Sinistcha|Sinistcha, L50|100/100
|-heal|p2a: Annihilape|100/100|[from] ability: Hospitality|[of] p2b: Sinistcha
|turn|6
|
|t:|1757782845
|move|p1b: Magmar|Follow Me|p1b: Magmar
|-singleturn|p1b: Magmar|move: Follow Me
|move|p2a: Annihilape|Rage Fist|p1b: Magmar
|-damage|p1b: Magmar|0 fnt
|faint|p1b: Magmar
|move|p1a: Dragonita|Haze|p1a: Dragonita
|-clearallboost
|move|p2b: Sinistcha|Life Dew||[still]|[still]|[spread] 
|-fail|p2a: Annihilape|heal
|-fail|p2b: Sinistcha|heal
|
|upkeep
|
|t:|1757782849
|switch|p1b: Ursaluna|Ursaluna-Bloodmoon, L50, M, tera:Normal|80/100
|turn|7
|
|t:|1757782863
|move|p2b: Sinistcha|Rage Powder|p2b: Sinistcha
|-singleturn|p2b: Sinistcha|move: Rage Powder
|move|p2a: Annihilape|Drain Punch|p1b: Ursaluna
|-supereffective|p1b: Ursaluna
|-crit|p1b: Ursaluna
|-damage|p1b: Ursaluna|22/100
|move|p1a: Dragonita|Tailwind|p1a: Dragonita
|-sidestart|p1: lol lol lol blue|move: Tailwind
|move|p1b: Ursaluna|Blood Moon|p2b: Sinistcha
|-damage|p2b: Sinistcha|0 fnt
|faint|p2b: Sinistcha
|-damage|p1b: Ursaluna|12/100|[from] item: Life Orb
|
|upkeep
|turn|8
|inactive|frankino98 has 30 seconds left.
|
|t:|1757782895
|move|p2a: Annihilape|Protect|p2a: Annihilape
|-singleturn|p2a: Annihilape|Protect
|move|p1b: Ursaluna|Protect|p1b: Ursaluna
|-singleturn|p1b: Ursaluna|Protect
|move|p1a: Dragonita|Scale Shot|p2a: Annihilape
|-activate|p2a: Annihilape|move: Protect
|
|upkeep
|turn|9
|
|t:|1757782904
|move|p1a: Dragonita|Scale Shot|p2a: Annihilape
|-damage|p2a: Annihilape|88/100
|-damage|p2a: Annihilape|74/100
|-damage|p2a: Annihilape|60/100
|-damage|p2a: Annihilape|45/100
|-hitcount|p2a: Annihilape|4
|-unboost|p1a: Dragonita|def|1
|-boost|p1a: Dragonita|spe|1
|move|p2a: Annihilape|Drain Punch|p1b: Ursaluna
|-supereffective|p1b: Ursaluna
|-crit|p1b: Ursaluna
|-damage|p1b: Ursaluna|0 fnt
|-heal|p2a: Annihilape|51/100|[from] drain|[of] p1b: Ursaluna
|faint|p1b: Ursaluna
|
|-heal|p2a: Annihilape|58/100|[from] item: Leftovers
|upkeep
|turn|10
|
|t:|1757782920
|move|p2a: Annihilape|Protect|p2a: Annihilape
|-singleturn|p2a: Annihilape|Protect
|move|p1a: Dragonita|Scale Shot|p2a: Annihilape
|-activate|p2a: Annihilape|move: Protect
|
|-heal|p2a: Annihilape|64/100|[from] item: Leftovers
|-sideend|p1: lol lol lol blue|move: Tailwind
|upkeep
|turn|11
|
|t:|1757782928
|move|p1a: Dragonita|Scale Shot|p2a: Annihilape
|-damage|p2a: Annihilape|49/100
|-damage|p2a: Annihilape|34/100
|-damage|p2a: Annihilape|20/100
|-damage|p2a: Annihilape|6/100
|-damage|p2a: Annihilape|0 fnt
|faint|p2a: Annihilape
|-hitcount|p2: Annihilape|5
|
|win|lol lol lol blue
|l|☆frankino98
|player|p2|
||lol lol lol blue is ready for game 2.
|inactive|frankino98 has 30 seconds to confirm battle start!
||frankino98 is ready for game 2.
|uhtml|next|Next: Game 2 of 3
