|j|☆exessvgc
|j|☆Orion11Vgc
|html|exessvgcOrion11Vgc    
|uhtml|bestof|Game 1 of a best-of-3
|t:|1782297324
|gametype|doubles
|player|p1|exessvgc|lucas|1141
|player|p2|Orion11Vgc|lucas|1137
|gen|9
|tier|[Gen 9 Champions] VGC 2026 Reg M-B (Bo3)
|rated|
|rule|Species Clause: Limit one of each Pokémon
|rule|Item Clause: Limit 1 of each item
|clearpoke
|poke|p1|Charizard, L50, F|
|poke|p1|Sneasler, L50, F|
|poke|p1|Incineroar, L50, M|
|poke|p1|Sinistcha, L50|
|poke|p1|Farigiraf, L50, F|
|poke|p1|Aerodactyl, L50, M|
|poke|p2|Metagross, L50|
|poke|p2|Sneasler, L50, M|
|poke|p2|Incineroar, L50, F|
|poke|p2|Hydreigon, L50, F|
|poke|p2|Aerodactyl, L50, F|
|poke|p2|Floette-Eternal, L50, F|
|teampreview|4
|showteam|p1|Charizard||CharizarditeX|Blaze|DragonDance,DragonClaw,FlareBlitz,Protect|Jolly||F|||50|]Sneasler||WhiteHerb|PoisonTouch|FakeOut,Coaching,CloseCombat,DireClaw|Jolly||F|||50|]Incineroar||PasshoBerry|Intimidate|ThroatChop,PartingShot,FakeOut,Protect|Impish||M|||50|]Sinistcha||OccaBerry|Hospitality|MatchaGotcha,RagePowder,TrickRoom,Protect|Bold|||||50|]Farigiraf||SitrusBerry|ArmorTail|TrickRoom,Thunderbolt,HelpingHand,TwinBeam|Calm||F|||50|]Aerodactyl||FocusSash|Unnerve|RockSlide,Tailwind,DualWingbeat,Protect|Jolly||M|||50|
|showteam|p2|Metagross||Metagrossite|ClearBody|IronHead,PsychicFangs,BodyPress,Protect|Jolly|||||50|]Sneasler||WhiteHerb|Unburden|FakeOut,CloseCombat,DireClaw,Coaching|Jolly||M|||50|]Incineroar||PasshoBerry|Intimidate|FakeOut,FlareBlitz,ThroatChop,PartingShot|Careful||F|||50|]Hydreigon||ChoiceScarf|Levitate|DracoMeteor,DarkPulse,Snarl,Flamethrower|Modest||F|||50|]Aerodactyl||FocusSash|Unnerve|RockSlide,Tailwind,DualWingbeat,WideGuard|Jolly||F|||50|]Floette-Eternal||Floettite|FlowerVeil|DrainingKiss,DazzlingGleam,CalmMind,Protect|Modest||F|||50|
|inactive|Battle timer is ON: inactive players will automatically lose when time's up. (requested by Orion11Vgc)
|inactive|exessvgc has 60 seconds left.
|inactive|Orion11Vgc has 60 seconds left.
|
|t:|1782297377
|teamsize|p1|4
|teamsize|p2|4
|start
|switch|p1a: IL COACH|Sneasler, L50, F|100/100
|switch|p1b: Aerodactyl|Aerodactyl, L50, M|100/100
|switch|p2a: Aerodactyl|Aerodactyl, L50, F|100/100
|switch|p2b: Sneasler|Sneasler, L50, M|100/100
|-ability|p2a: Aerodactyl|Unnerve
|-ability|p1b: Aerodactyl|Unnerve
|turn|1
|inactive|Orion11Vgc has 30 seconds left.
|inactive|exessvgc has 30 seconds left.
|
|t:|1782297408
|move|p1a: IL COACH|Fake Out|p2b: Sneasler
|-damage|p2b: Sneasler|81/100
|move|p1b: Aerodactyl|Tailwind|p1b: Aerodactyl
|-sidestart|p1: exessvgc|move: Tailwind
|move|p2a: Aerodactyl|Rock Slide|p1a: IL COACH|[spread] p1a,p1b
|-resisted|p1a: IL COACH|1
|-supereffective|p1b: Aerodactyl|1
|-damage|p1a: IL COACH|78/100
|-damage|p1b: Aerodactyl|15/100
|cant|p2b: Sneasler|flinch
|
|upkeep
|turn|2
|
|t:|1782297429
|switch|p2b: Incineroar|Incineroar, L50, F|100/100
|-ability|p2b: Incineroar|Intimidate|boost
|-unboost|p1a: IL COACH|atk|1
|-unboost|p1b: Aerodactyl|atk|1
|-enditem|p1a: IL COACH|White Herb
|-clearnegativeboost|p1a: IL COACH|[silent]
|move|p1b: Aerodactyl|Dual Wingbeat|p2b: Incineroar
|-damage|p2b: Incineroar|89/100
|-damage|p2b: Incineroar|78/100
|-hitcount|p2b: Incineroar|2
|move|p1a: IL COACH|Close Combat|p2a: Aerodactyl
|-enditem|p2a: Aerodactyl|Focus Sash
|-damage|p2a: Aerodactyl|1/100
|-unboost|p1a: IL COACH|def|1
|-unboost|p1a: IL COACH|spd|1
|-status|p2a: Aerodactyl|psn|[from] ability: Poison Touch|[of] p1a: IL COACH
|move|p2a: Aerodactyl|Dual Wingbeat|p1a: IL COACH
|-supereffective|p1a: IL COACH|1
|-damage|p1a: IL COACH|0 fnt
|faint|p1a: IL COACH
|-hitcount|p1: IL COACH|1
|
|-damage|p2a: Aerodactyl|0 fnt|[from] psn
|faint|p2a: Aerodactyl
|upkeep
|inactive|Orion11Vgc has 30 seconds left.
|
|t:|1782297456
|switch|p2a: Sneasler|Sneasler, L50, M|81/100
|switch|p1a: EXESS|Charizard, L50, F|100/100
|turn|3
|
|t:|1782297475
|move|p1b: Aerodactyl|Protect|p1b: Aerodactyl
|-singleturn|p1b: Aerodactyl|Protect
|move|p1a: EXESS|Protect|p1a: EXESS
|-singleturn|p1a: EXESS|Protect
|move|p2a: Sneasler|Fake Out|p1a: EXESS
|-activate|p1a: EXESS|move: Protect
|move|p2b: Incineroar|Parting Shot|p1a: EXESS
|-activate|p1a: EXESS|move: Protect
|
|upkeep
|turn|4
|inactive|exessvgc has 30 seconds left.
|
|t:|1782297502
|switch|p2a: Hydreigon|Hydreigon, L50, F|100/100
|detailschange|p1a: EXESS|Charizard-Mega-X, L50, F
|-mega|p1a: EXESS|Charizard|Charizardite X
|move|p1b: Aerodactyl|Dual Wingbeat|p2a: Hydreigon
|-damage|p2a: Hydreigon|85/100
|-damage|p2a: Hydreigon|71/100
|-hitcount|p2a: Hydreigon|2
|move|p1a: EXESS|Dragon Dance|p1a: EXESS
|-boost|p1a: EXESS|atk|1
|-boost|p1a: EXESS|spe|1
|move|p2b: Incineroar|Parting Shot|p1a: EXESS
|-unboost|p1a: EXESS|atk|1
|-unboost|p1a: EXESS|spa|1
|
|t:|1782297516
|switch|p2b: Sneasler|Sneasler, L50, M|81/100|[from] Parting Shot
|
|-sideend|p1: exessvgc|move: Tailwind
|upkeep
|turn|5
|inactive|exessvgc has 30 seconds left.
|
|t:|1782297546
|switch|p1b: IL CAMPIONE|Incineroar, L50, M|100/100
|-ability|p1b: IL CAMPIONE|Intimidate|boost
|-unboost|p2a: Hydreigon|atk|1
|-unboost|p2b: Sneasler|atk|1
|-enditem|p2b: Sneasler|White Herb
|-clearnegativeboost|p2b: Sneasler|[silent]
|move|p1a: EXESS|Protect|p1a: EXESS
|-singleturn|p1a: EXESS|Protect
|move|p2b: Sneasler|Coaching|p2a: Hydreigon
|-boost|p2a: Hydreigon|atk|1
|-boost|p2a: Hydreigon|def|1
|move|p2a: Hydreigon|Draco Meteor|p1a: EXESS
|-activate|p1a: EXESS|move: Protect
|
|upkeep
|turn|6
|inactive|exessvgc has 30 seconds left.
|inactive|exessvgc has 20 seconds left.
|
|t:|1782297583
|switch|p2a: Incineroar|Incineroar, L50, F|78/100
|-ability|p2a: Incineroar|Intimidate|boost
|-unboost|p1a: EXESS|atk|1
|-unboost|p1b: IL CAMPIONE|atk|1
|move|p1b: IL CAMPIONE|Fake Out|p2b: Sneasler
|-damage|p2b: Sneasler|71/100
|cant|p2b: Sneasler|flinch
|move|p1a: EXESS|Dragon Dance|p1a: EXESS
|-boost|p1a: EXESS|atk|1
|-boost|p1a: EXESS|spe|1
|
|upkeep
|turn|7
|inactive|exessvgc has 30 seconds left.
|
|t:|1782297608
|move|p2b: Sneasler|Close Combat|p1b: IL CAMPIONE
|-supereffective|p1b: IL CAMPIONE|1
|-damage|p1b: IL CAMPIONE|6/100
|-unboost|p2b: Sneasler|def|1
|-unboost|p2b: Sneasler|spd|1
|move|p1a: EXESS|Dragon Dance|p1a: EXESS
|-boost|p1a: EXESS|atk|1
|-boost|p1a: EXESS|spe|1
|move|p1b: IL CAMPIONE|Parting Shot|p2b: Sneasler
|-unboost|p2b: Sneasler|atk|1
|-unboost|p2b: Sneasler|spa|1
|
|t:|1782297618
|switch|p1b: Aerodactyl|Aerodactyl, L50, M|15/100|[from] Parting Shot
|-ability|p1b: Aerodactyl|Unnerve
|move|p2a: Incineroar|Parting Shot|p1b: Aerodactyl
|-unboost|p1b: Aerodactyl|atk|1
|-unboost|p1b: Aerodactyl|spa|1
|
|t:|1782297626
|switch|p2a: Hydreigon|Hydreigon, L50, F|71/100|[from] Parting Shot
|
|upkeep
|turn|8
|inactive|exessvgc has 30 seconds left.
|
|t:|1782297658
|switch|p2b: Incineroar|Incineroar, L50, F|78/100
|-ability|p2b: Incineroar|Intimidate|boost
|-unboost|p1a: EXESS|atk|1
|-unboost|p1b: Aerodactyl|atk|1
|move|p1a: EXESS|Dragon Claw|p2a: Hydreigon
|-supereffective|p2a: Hydreigon|1
|-damage|p2a: Hydreigon|0 fnt
|faint|p2a: Hydreigon
|move|p1b: Aerodactyl|Rock Slide|p2b: Incineroar
|-supereffective|p2b: Incineroar|1
|-damage|p2b: Incineroar|49/100
|
|upkeep
|
|t:|1782297670
|switch|p2a: Sneasler|Sneasler, L50, M|71/100
|turn|9
|
|t:|1782297687
|move|p1a: EXESS|Protect|p1a: EXESS
|-singleturn|p1a: EXESS|Protect
|move|p1b: Aerodactyl|Protect|p1b: Aerodactyl
|-singleturn|p1b: Aerodactyl|Protect
|move|p2b: Incineroar|Fake Out|p1b: Aerodactyl
|-activate|p1b: Aerodactyl|move: Protect
|move|p2a: Sneasler|Dire Claw|p1a: EXESS
|-activate|p1a: EXESS|move: Protect
|
|upkeep
|turn|10
|
|t:|1782297704
|switch|p1b: IL CAMPIONE|Incineroar, L50, M|6/100
|-ability|p1b: IL CAMPIONE|Intimidate|boost
|-unboost|p2a: Sneasler|atk|1
|-unboost|p2b: Incineroar|atk|1
|move|p1a: EXESS|Flare Blitz|p2a: Sneasler
|-damage|p2a: Sneasler|0 fnt
|faint|p2a: Sneasler
|-damage|p1a: EXESS|76/100|[from] Recoil
|move|p2b: Incineroar|Parting Shot|p1a: EXESS
|-unboost|p1a: EXESS|atk|1
|-unboost|p1a: EXESS|spa|1
|
|upkeep
|turn|11
|
|t:|1782297721
|move|p1b: IL CAMPIONE|Fake Out|p2b: Incineroar
|-damage|p2b: Incineroar|39/100
|move|p1a: EXESS|Dragon Dance|p1a: EXESS
|-boost|p1a: EXESS|atk|1
|-boost|p1a: EXESS|spe|1
|cant|p2b: Incineroar|flinch
|
|upkeep
|turn|12
|
|t:|1782297732
|move|p1a: EXESS|Dragon Claw|p2b: Incineroar
|-damage|p2b: Incineroar|0 fnt
|faint|p2b: Incineroar
|
|win|exessvgc
||exessvgc is ready for game 2.
||Orion11Vgc is ready for game 2.
|uhtml|next|Next: Game 2 of 3
