|badge|p1|bronze|gen9ou|100-6
|uhtml|medal-msg|Curious what those medals under the avatar are? PS now has Ladder Seasons! For more information, check out the thread on Smogon.
|j|☆JackRG1
|j|☆ZilverZurfer
|html|JackRG1ZilverZurfer    
|uhtml|bestof|Game 3 of a best-of-3
|t:|1757640228
|gametype|doubles
|player|p1|JackRG1|dawn-gen4pt|1278
|player|p2|ZilverZurfer|2|1167
|gen|9
|tier|[Gen 9] VGC 2025 Reg H (Bo3)
|rated|
|rule|Species Clause: Limit one of each Pokémon
|rule|Item Clause: Limit 1 of each item
|clearpoke
|poke|p1|Tyranitar, L50, F|
|poke|p1|Excadrill, L50, F|
|poke|p1|Milotic, L50, M|
|poke|p1|Reuniclus, L50, F|
|poke|p1|Indeedee-F, L50, F|
|poke|p1|Volcarona, L50, F|
|poke|p2|Torkoal, L50, M|
|poke|p2|Lilligant-Hisui, L50, F|
|poke|p2|Indeedee-F, L50, F|
|poke|p2|Hatterene, L50, F|
|poke|p2|Gallade, L50, M|
|poke|p2|Ursaluna, L50, M|
|teampreview|4
|showteam|p1|Tyranitar||AssaultVest|SandStream|RockSlide,KnockOff,LowKick,TeraBlast|||F|||50|,,,,,Flying]Excadrill||FocusSash|SandRush|Earthquake,HighHorsepower,IronHead,Protect|||F|||50|,,,,,Stellar]Milotic||CovertCloak|Competitive|Scald,IcyWind,Haze,Protect|||M|||50|,,,,,Grass]Reuniclus||LifeOrb|MagicGuard|ExpandingForce,TrickRoom,Protect,TeraBlast|||F|||50|,,,,,Fighting]Indeedee-F||SafetyGoggles|PsychicSurge|TrickRoom,Protect,Psychic,FollowMe|||F|||50|,,,,,Fairy]Volcarona||Leftovers|FlameBody|Protect,HeatWave,QuiverDance,GigaDrain|||F|||50|,,,,,Grass
|showteam|p2|Torkoal||ChoiceSpecs|Drought|Eruption,HeatWave,EarthPower,WeatherBall|||M|||50|,,,,,Fire]Lilligant-Hisui||FocusSash|Chlorophyll|Protect,AfterYou,CloseCombat,SolarBlade|||F|||50|,,,,,Ghost]Indeedee-F||PsychicSeed|PsychicSurge|Psychic,HelpingHand,TrickRoom,FollowMe|||F|||50|,,,,,Water]Hatterene||LifeOrb|MagicBounce|Protect,ExpandingForce,DazzlingGleam,TrickRoom|||F|||50|,,,,,Fire]Gallade||ClearAmulet|Sharpness|SacredSword,PsychoCut,TrickRoom,WideGuard|||M|||50|,,,,,Grass]Ursaluna||FlameOrb|Guts|Protect,HeadlongRush,Earthquake,Facade|||M|||50|,,,,,Ghost
|inactive|Battle timer is ON: inactive players will automatically lose when time's up. (requested by JackRG1)
|
|t:|1757640252
|teamsize|p1|4
|teamsize|p2|4
|start
|switch|p1a: Excadrill|Excadrill, L50, F|100/100
|switch|p1b: Indeedee|Indeedee-F, L50, F|100/100
|switch|p2a: Lilligant|Lilligant-Hisui, L50, F|100/100
|switch|p2b: Gallade|Gallade, L50, M|100/100
|-fieldstart|move: Psychic Terrain|[from] ability: Psychic Surge|[of] p1b: Indeedee
|turn|1
|
|t:|1757640274
|move|p2a: Lilligant|Close Combat|p1a: Excadrill
|-supereffective|p1a: Excadrill
|-enditem|p1a: Excadrill|Focus Sash
|-damage|p1a: Excadrill|1/100
|-unboost|p2a: Lilligant|def|1
|-unboost|p2a: Lilligant|spd|1
|move|p1a: Excadrill|Iron Head|p2b: Gallade
|-damage|p2b: Gallade|46/100
|move|p1b: Indeedee|Psychic|p2b: Gallade
|-damage|p2b: Gallade|7/100
|move|p2b: Gallade|Sacred Sword|p1a: Excadrill
|-supereffective|p1a: Excadrill
|-damage|p1a: Excadrill|0 fnt
|faint|p1a: Excadrill
|
|upkeep
|
|t:|1757640285
|switch|p1a: Reuniclus|Reuniclus, L50, F|100/100
|turn|2
|
|t:|1757640297
|move|p2b: Gallade|Wide Guard|p2b: Gallade
|-singleturn|p2b: Gallade|Wide Guard
|move|p2a: Lilligant|Close Combat|p1b: Indeedee
|-damage|p1b: Indeedee|46/100
|-unboost|p2a: Lilligant|def|1
|-unboost|p2a: Lilligant|spd|1
|move|p1b: Indeedee|Psychic|p2b: Gallade
|-crit|p2b: Gallade
|-damage|p2b: Gallade|0 fnt
|faint|p2b: Gallade
|move|p1a: Reuniclus|Trick Room|p1a: Reuniclus
|-fieldstart|move: Trick Room|[of] p1a: Reuniclus
|
|upkeep
|
|t:|1757640309
|switch|p2b: Torkoal|Torkoal, L50, M|100/100
|-weather|SunnyDay|[from] ability: Drought|[of] p2b: Torkoal
|turn|3
|
|t:|1757640317
|switch|p1b: Tyranitar|Tyranitar, L50, F|100/100
|-weather|Sandstorm|[from] ability: Sand Stream|[of] p1b: Tyranitar
|switch|p2a: Ursaluna|Ursaluna, L50, M|100/100
|-terastallize|p2b: Torkoal|Fire
|move|p1a: Reuniclus|Protect|p1a: Reuniclus
|-singleturn|p1a: Reuniclus|Protect
|move|p2b: Torkoal|Eruption|p1a: Reuniclus|[spread] p1b
|-activate|p1a: Reuniclus|move: Protect
|-resisted|p1b: Tyranitar
|-crit|p1b: Tyranitar
|-damage|p1b: Tyranitar|74/100
|
|-weather|Sandstorm|[upkeep]
|-damage|p2b: Torkoal|94/100|[from] Sandstorm
|-status|p2a: Ursaluna|brn|[from] item: Flame Orb
|upkeep
|turn|4
|inactive|ZilverZurfer has 30 seconds left.
|
|t:|1757640343
|move|p2b: Torkoal|Eruption|p1a: Reuniclus|[spread] p1a,p1b
|-resisted|p1b: Tyranitar
|-damage|p1a: Reuniclus|16/100
|-damage|p1b: Tyranitar|58/100
|move|p1a: Reuniclus|Expanding Force|p2a: Ursaluna|[spread] p2a,p2b
|-damage|p2a: Ursaluna|36/100 brn
|-damage|p2b: Torkoal|0 fnt
|faint|p2b: Torkoal
|move|p2a: Ursaluna|Facade|p1b: Tyranitar
|-resisted|p1b: Tyranitar
|-damage|p1b: Tyranitar|3/100
|move|p1b: Tyranitar|Knock Off|p2a: Ursaluna
|-damage|p2a: Ursaluna|0 fnt
|-enditem|p2a: Ursaluna|Flame Orb|[from] move: Knock Off|[of] p1b: Tyranitar
|faint|p2a: Ursaluna
|
|-weather|Sandstorm|[upkeep]
|upkeep
|
|t:|1757640355
|switch|p2b: Lilligant|Lilligant-Hisui, L50, F|100/100
|turn|5
|
|t:|1757640366
|move|p2b: Lilligant|Protect|p2b: Lilligant
|-singleturn|p2b: Lilligant|Protect
|move|p1a: Reuniclus|Expanding Force|p2b: Lilligant
|-activate|p2b: Lilligant|move: Protect
|move|p1b: Tyranitar|Low Kick|p2b: Lilligant
|-activate|p2b: Lilligant|move: Protect
|
|-weather|Sandstorm|[upkeep]
|-damage|p2b: Lilligant|94/100|[from] Sandstorm
|-fieldend|move: Psychic Terrain
|upkeep
|turn|6
|
|t:|1757640372
|move|p2b: Lilligant|Protect|p2b: Lilligant
|-singleturn|p2b: Lilligant|Protect
|move|p1a: Reuniclus|Expanding Force|p2b: Lilligant
|-activate|p2b: Lilligant|move: Protect
|move|p1b: Tyranitar|Knock Off|p2b: Lilligant
|-activate|p2b: Lilligant|move: Protect
|
|-weather|Sandstorm|[upkeep]
|-damage|p2b: Lilligant|88/100|[from] Sandstorm
|-fieldend|move: Trick Room
|upkeep
|turn|7
|inactive|ZilverZurfer has 30 seconds left.
|
|t:|1757640404
|-terastallize|p1b: Tyranitar|Flying
|move|p1a: Reuniclus|Protect|p1a: Reuniclus
|-singleturn|p1a: Reuniclus|Protect
|move|p2b: Lilligant|Close Combat|p1a: Reuniclus
|-activate|p1a: Reuniclus|move: Protect
|move|p1b: Tyranitar|Tera Blast|p2b: Lilligant|[anim] Tera Blast Flying
|-supereffective|p2b: Lilligant
|-damage|p2b: Lilligant|0 fnt
|faint|p2b: Lilligant
|
|win|JackRG1
|raw|JackRG1's rating: 1278 → 1295(+17 for winning)
|raw|ZilverZurfer's rating: 1167 → 1150(-17 for losing)
