|j|☆Joshee01
|j|☆gorillastew
|html|Joshee01gorillastew    
|uhtml|bestof|Game 1 of a best-of-3
|t:|1786057774
|gametype|doubles
|player|p1|Joshee01|cameraman|1000
|player|p2|gorillastew|clerkf|1000
|gen|9
|tier|[Gen 9 Champions] VGC 2026 Reg M-B (Bo3)
|rated|
|rule|Species Clause: Limit one of each Pokémon
|rule|Item Clause: Limit 1 of each item
|clearpoke
|poke|p1|Gholdengo, L50|
|poke|p1|Klefki, L50, F|
|poke|p1|Archaludon, L50, F|
|poke|p1|Kingambit, L50, F|
|poke|p1|Orthworm, L50, M|
|poke|p1|Scizor, L50, F|
|poke|p2|Glimmora, L50, M, shiny|
|poke|p2|Whimsicott, L50, M|
|poke|p2|Orthworm, L50, F, shiny|
|poke|p2|Basculegion, L50, M|
|poke|p2|Raichu, L50, M|
|poke|p2|Ninetales-Alola, L50, F|
|teampreview|4
|showteam|p1|Gholdengo||LifeOrb|GoodasGold|NastyPlot,MakeItRain,PowerGem,ShadowBall|Timid|||||50|]Klefki||FocusSash|Prankster|Reflect,LightScreen,PlayRough,TrickRoom|Relaxed||F|||50|]Archaludon||Leftovers|Stamina|DragonPulse,IronHead,Protect,Thunderbolt|Naive||F|||50|]Kingambit||ChopleBerry|Defiant|SuckerPunch,KowtowCleave,IronHead,Protect|Adamant||F|||50|]Orthworm||SitrusBerry|EarthEater|RockSlide,BodyPress,ShedTail,Protect|Relaxed||M|||50|]Scizor||Scizorite|Technician|BulletPunch,Uturn,CloseCombat,Protect|Impish||F|||50|
|showteam|p2|Glimmora||Glimmoranite|ToxicDebris|SpikyShield,SludgeBomb,PowerGem,EarthPower|Timid||M|||50|]Whimsicott||FocusSash|Prankster|Tailwind,Moonblast,Encore,Protect|Modest||M|||50|]Orthworm||Leftovers|EarthEater|HeavySlam,Protect,IronDefense,BodyPress|Impish||F|||50|]Basculegion||MysticWater|Adaptability|LastRespects,WaveCrash,AquaJet,Protect|Jolly||M|||50|]Raichu||RaichuniteY|LightningRod|ZapCannon,Protect,FakeOut,FocusBlast|Modest||M|||50|]Ninetales-Alola||NeverMeltIce|SnowWarning|Blizzard,AuroraVeil,FreezeDry,Protect|Timid||F|||50|
|inactive|Battle timer is ON: inactive players will automatically lose when time's up. (requested by Joshee01)
|inactive|gorillastew has 60 seconds left.
|
|t:|1786057828
|teamsize|p1|4
|teamsize|p2|4
|start
|switch|p1a: Scizor|Scizor, L50, F|100/100
|switch|p1b: Orthworm|Orthworm, L50, M|100/100
|switch|p2a: Whimsicott|Whimsicott, L50, M|100/100
|switch|p2b: Basculegion|Basculegion, L50, M|100/100
|turn|1
|inactive|gorillastew has 30 seconds left.
|
|t:|1786057855
|detailschange|p1a: Scizor|Scizor-Mega, L50, F
|-mega|p1a: Scizor|Scizor|Scizorite
|move|p2b: Basculegion|Protect|p2b: Basculegion
|-singleturn|p2b: Basculegion|Protect
|move|p1a: Scizor|Bullet Punch|p2a: Whimsicott
|-supereffective|p2a: Whimsicott|1
|-damage|p2a: Whimsicott|29/100
|move|p2a: Whimsicott|Moonblast|p1a: Scizor
|-resisted|p1a: Scizor|1
|-damage|p1a: Scizor|80/100
|move|p1b: Orthworm|Shed Tail|p1b: Orthworm
|-start|p1b: Orthworm|Substitute|[from] move: Shed Tail
|-damage|p1b: Orthworm|49/100
|-enditem|p1b: Orthworm|Sitrus Berry|[eat]
|-heal|p1b: Orthworm|74/100|[from] item: Sitrus Berry
|
|t:|1786057870
|switch|p1b: Kingambit|Kingambit, L50, F|100/100|[from] Shed Tail
|
|upkeep
|turn|2
|
|t:|1786057881
|move|p2a: Whimsicott|Protect|p2a: Whimsicott
|-singleturn|p2a: Whimsicott|Protect
|move|p1a: Scizor|Bullet Punch|p2a: Whimsicott
|-activate|p2a: Whimsicott|move: Protect
|move|p1b: Kingambit|Sucker Punch|p2b: Basculegion
|-supereffective|p2b: Basculegion|1
|-damage|p2b: Basculegion|0 fnt
|faint|p2b: Basculegion
|
|upkeep
|
|t:|1786057892
|switch|p2b: Orthworm|Orthworm, L50, F, shiny|100/100
|turn|3
|
|t:|1786057907
|move|p2a: Whimsicott|Encore|p1b: Kingambit
|-hint|Since gen 7, Dark is immune to Prankster moves.
|-immune|p1b: Kingambit
|move|p1b: Kingambit|Sucker Punch||[still]
|-fail|p1b: Kingambit
|move|p1a: Scizor|Close Combat|p2b: Orthworm
|-supereffective|p2b: Orthworm|1
|-damage|p2b: Orthworm|52/100
|-unboost|p1a: Scizor|def|1
|-unboost|p1a: Scizor|spd|1
|move|p2b: Orthworm|Iron Defense|p2b: Orthworm
|-boost|p2b: Orthworm|def|2
|
|-heal|p2b: Orthworm|58/100|[from] item: Leftovers
|upkeep
|turn|4
|
|t:|1786057926
|move|p2b: Orthworm|Protect|p2b: Orthworm
|-singleturn|p2b: Orthworm|Protect
|move|p2a: Whimsicott|Tailwind|p2a: Whimsicott
|-sidestart|p2: gorillastew|move: Tailwind
|move|p1b: Kingambit|Sucker Punch||[still]
|-fail|p1b: Kingambit
|move|p1a: Scizor|Close Combat|p2b: Orthworm
|-activate|p2b: Orthworm|move: Protect
|
|-heal|p2b: Orthworm|64/100|[from] item: Leftovers
|upkeep
|turn|5
|
|t:|1786057947
|move|p2a: Whimsicott|Protect|p2a: Whimsicott
|-singleturn|p2a: Whimsicott|Protect
|move|p2b: Orthworm|Body Press|p1b: Kingambit
|-supereffective|p1b: Kingambit|2
|-end|p1b: Kingambit|Substitute
|move|p1a: Scizor|Close Combat|p2b: Orthworm
|-supereffective|p2b: Orthworm|1
|-damage|p2b: Orthworm|41/100
|-unboost|p1a: Scizor|def|1
|-unboost|p1a: Scizor|spd|1
|move|p1b: Kingambit|Kowtow Cleave|p2b: Orthworm
|-damage|p2b: Orthworm|27/100
|
|-heal|p2b: Orthworm|33/100|[from] item: Leftovers
|upkeep
|turn|6
|
|t:|1786057967
|move|p2a: Whimsicott|Moonblast|p1a: Scizor
|-resisted|p1a: Scizor|1
|-damage|p1a: Scizor|43/100
|move|p2b: Orthworm|Body Press|p1b: Kingambit
|-supereffective|p1b: Kingambit|2
|-enditem|p1b: Kingambit|Chople Berry|[eat]
|-enditem|p1b: Kingambit|Chople Berry|[weaken]
|-damage|p1b: Kingambit|0 fnt
|faint|p1b: Kingambit
|move|p1a: Scizor|Close Combat|p2b: Orthworm
|-supereffective|p2b: Orthworm|1
|-damage|p2b: Orthworm|11/100
|-unboost|p1a: Scizor|def|1
|-unboost|p1a: Scizor|spd|1
|
|-heal|p2b: Orthworm|17/100|[from] item: Leftovers
|upkeep
|
|t:|1786057978
|switch|p1b: Golden|Gholdengo, L50|100/100
|turn|7
|
|t:|1786057989
|move|p2b: Orthworm|Protect|p2b: Orthworm
|-singleturn|p2b: Orthworm|Protect
|move|p2a: Whimsicott|Moonblast|p1a: Scizor
|-resisted|p1a: Scizor|1
|-damage|p1a: Scizor|0 fnt
|faint|p1a: Scizor
|move|p1b: Golden|Make It Rain|p2b: Orthworm|[spread] p2a
|-activate|p2b: Orthworm|move: Protect
|-supereffective|p2a: Whimsicott|1
|-damage|p2a: Whimsicott|0 fnt
|-unboost|p1b: Golden|spa|2
|faint|p2a: Whimsicott
|-damage|p1b: Golden|90/100|[from] item: Life Orb
|
|-heal|p2b: Orthworm|23/100|[from] item: Leftovers
|-sideend|p2: gorillastew|move: Tailwind
|upkeep
|
|t:|1786058004
|switch|p2a: Raichu|Raichu, L50, M|100/100
|switch|p1a: Orthworm|Orthworm, L50, M|74/100
|turn|8
|
|t:|1786058018
|detailschange|p2a: Raichu|Raichu-Mega-Y, L50, M
|-mega|p2a: Raichu|Raichu|Raichunite Y
|move|p2a: Raichu|Zap Cannon|p1b: Golden
|-damage|p1b: Golden|2/100
|-status|p1b: Golden|par
|move|p2b: Orthworm|Body Press|p1a: Orthworm
|-supereffective|p1a: Orthworm|1
|-damage|p1a: Orthworm|2/100
|move|p1a: Orthworm|Body Press|p2b: Orthworm
|-supereffective|p2b: Orthworm|1
|-damage|p2b: Orthworm|5/100
|move|p1b: Golden|Shadow Ball|p2a: Raichu
|-damage|p2a: Raichu|62/100
|-damage|p1b: Golden|0 fnt|[from] item: Life Orb
|faint|p1b: Golden
|
|-heal|p2b: Orthworm|11/100|[from] item: Leftovers
|upkeep
|turn|9
|
|t:|1786058040
|move|p2b: Orthworm|Protect|p2b: Orthworm
|-singleturn|p2b: Orthworm|Protect
|move|p2a: Raichu|Zap Cannon|p1a: Orthworm
|-damage|p1a: Orthworm|0 fnt
|faint|p1a: Orthworm
|
|win|gorillastew
|l|☆Joshee01
|player|p1|
|raw|Joshee01's rating: 1000 → 1000(+0 for losing)
|raw|gorillastew's rating: 1000 → 1040(+40 for winning)
