|j|☆KodeBeast0526
|j|☆Jess(ie)a
|html|KodeBeast0526Jess(ie)a    
|uhtml|bestof|Game 2 of a best-of-3
|t:|1783471313
|gametype|doubles
|player|p1|KodeBeast0526|sailor|1154
|player|p2|Jess(ie)a|2|1097
|gen|9
|tier|[Gen 9 Champions] VGC 2026 Reg M-B (Bo3)
|rated|
|rule|Species Clause: Limit one of each Pokémon
|rule|Item Clause: Limit 1 of each item
|clearpoke
|poke|p1|Gengar, L50, M, shiny|
|poke|p1|Swampert, L50, F, shiny|
|poke|p1|Incineroar, L50, M, shiny|
|poke|p1|Politoed, L50, M, shiny|
|poke|p1|Archaludon, L50, M|
|poke|p1|Vivillon-Ocean, L50, M|
|poke|p2|Mawile, L50, F|
|poke|p2|Farigiraf, L50, M|
|poke|p2|Whimsicott, L50, M|
|poke|p2|Eelektross, L50, F|
|poke|p2|Orthworm, L50, F|
|poke|p2|Tinkaton, L50, F|
|teampreview|4
|showteam|p1|Gengar||Gengarite|CursedBody|ShadowBall,PerishSong,SludgeBomb,Protect|Timid||M|||50|]Swampert||Swampertite|Torrent|WaveCrash,Earthquake,IcePunch,Protect|Adamant||F|||50|]Incineroar||PasshoBerry|Intimidate|ThroatChop,PartingShot,FakeOut,Protect|Sassy||M|||50|]Politoed||SitrusBerry|Drizzle|WeatherBall,PerishSong,Encore,Protect|Calm||M|||50|]Archaludon||Leftovers|Stamina|DragonPulse,FlashCannon,ElectroShot,Protect|Bold||M|||50|]Vivillon-Ocean||FocusSash|CompoundEyes|Hurricane,SleepPowder,RagePowder,Protect|Timid||M|||50|
|showteam|p2|Mawile||Mawilite|Intimidate|IronHead,Protect,PlayRough,KnockOff|Brave||F|||50|]Farigiraf||MentalHerb|ArmorTail|TrickRoom,TwinBeam,AllySwitch,HelpingHand|Relaxed||M|||50|]Whimsicott||FocusSash|Prankster|TrickRoom,Tailwind,Protect,Moonblast|Timid||M|||50|]Eelektross||Eelektrossite|Levitate|Coil,SupercellSlam,DragonClaw,Protect|Adamant||F|||50|]Orthworm||SitrusBerry|EarthEater|ShedTail,HeavySlam,BodyPress,HighHorsepower|Careful||F|||50|]Tinkaton||OccaBerry|MoldBreaker|FakeOut,GigatonHammer,Feint,KnockOff|Jolly||F|||50|
|
|t:|1783471334
|teamsize|p1|4
|teamsize|p2|4
|start
|switch|p1a: Swampert|Swampert, L50, F, shiny|100/100
|switch|p1b: Politoed|Politoed, L50, M, shiny|100/100
|switch|p2a: Farigiraf|Farigiraf, L50, M|100/100
|switch|p2b: Orthworm|Orthworm, L50, F|100/100
|-weather|RainDance|[from] ability: Drizzle|[of] p1b: Politoed
|turn|1
|
|t:|1783471351
|switch|p1b: Archaludon|Archaludon, L50, M|100/100
|detailschange|p1a: Swampert|Swampert-Mega, L50, F, shiny
|-mega|p1a: Swampert|Swampert|Swampertite
|move|p1a: Swampert|Wave Crash|p2a: Farigiraf
|-damage|p2a: Farigiraf|11/100
|-damage|p1a: Swampert|69/100|[from] Recoil
|move|p2b: Orthworm|Shed Tail|p2b: Orthworm
|-start|p2b: Orthworm|Substitute|[from] move: Shed Tail
|-damage|p2b: Orthworm|49/100
|-enditem|p2b: Orthworm|Sitrus Berry|[eat]
|-heal|p2b: Orthworm|74/100|[from] item: Sitrus Berry
|j| MiXwX_
|
|t:|1783471362
|switch|p2b: Eelektross|Eelektross, L50, F|100/100|[from] Shed Tail
|move|p2a: Farigiraf|Trick Room|p2a: Farigiraf
|-fieldstart|move: Trick Room|[of] p2a: Farigiraf
|
|-weather|RainDance|[upkeep]
|upkeep
|turn|2
|
|t:|1783471384
|switch|p1a: Vivillon|Vivillon-Ocean, L50, M|100/100
|detailschange|p2b: Eelektross|Eelektross-Mega, L50, F
|-mega|p2b: Eelektross|Eelektross|Eelektrossite
|move|p2a: Farigiraf|Twin Beam|p1a: Vivillon
|-damage|p1a: Vivillon|68/100
|-damage|p1a: Vivillon|40/100
|-hitcount|p1a: Vivillon|2
|move|p2b: Eelektross|Coil|p2b: Eelektross
|-boost|p2b: Eelektross|atk|1
|-boost|p2b: Eelektross|def|1
|-boost|p2b: Eelektross|accuracy|1
|move|p1b: Archaludon|Electro Shot||[still]
|-prepare|p1b: Archaludon|Electro Shot
|-boost|p1b: Archaludon|spa|1
|-anim|p1b: Archaludon|Electro Shot|p2a: Farigiraf
|-damage|p2a: Farigiraf|0 fnt
|faint|p2a: Farigiraf
|
|-weather|RainDance|[upkeep]
|upkeep
|
|t:|1783471410
|switch|p2a: Tinkaton|Tinkaton, L50, F|100/100
|-ability|p2a: Tinkaton|Mold Breaker
|turn|3
|
|t:|1783471437
|move|p2a: Tinkaton|Fake Out|p1a: Vivillon
|-damage|p1a: Vivillon|20/100y
|move|p2b: Eelektross|Coil|p2b: Eelektross
|-boost|p2b: Eelektross|atk|1
|-boost|p2b: Eelektross|def|1
|-boost|p2b: Eelektross|accuracy|1
|move|p1b: Archaludon|Electro Shot||[still]
|-prepare|p1b: Archaludon|Electro Shot
|-boost|p1b: Archaludon|spa|1
|-anim|p1b: Archaludon|Electro Shot|p2a: Tinkaton
|-damage|p2a: Tinkaton|22/100
|cant|p1a: Vivillon|flinch
|
|-weather|RainDance|[upkeep]
|upkeep
|turn|4
|
|t:|1783471465
|move|p2a: Tinkaton|Feint|p1b: Archaludon
|-resisted|p1b: Archaludon|1
|-damage|p1b: Archaludon|97/100
|-ability|p1b: Archaludon|Stamina|boost
|-boost|p1b: Archaludon|def|1
|move|p2b: Eelektross|Dragon Claw|p1b: Archaludon
|-damage|p1b: Archaludon|70/100
|-ability|p1b: Archaludon|Stamina|boost
|-boost|p1b: Archaludon|def|1
|move|p1b: Archaludon|Dragon Pulse|p2b: Eelektross
|-end|p2b: Eelektross|Substitute
|move|p1a: Vivillon|Sleep Powder|p2b: Eelektross
|-status|p2b: Eelektross|slp|[from] move: Sleep Powder
|
|-weather|RainDance|[upkeep]
|-heal|p1b: Archaludon|76/100|[from] item: Leftovers
|upkeep
|turn|5
|
|t:|1783471488
|cant|p2b: Eelektross|slp
|move|p1b: Archaludon|Electro Shot||[still]
|-prepare|p1b: Archaludon|Electro Shot
|-boost|p1b: Archaludon|spa|1
|-anim|p1b: Archaludon|Electro Shot|p2a: Tinkaton
|-damage|p2a: Tinkaton|0 fnt
|faint|p2a: Tinkaton
|move|p1a: Vivillon|Hurricane|p2b: Eelektross
|-resisted|p2b: Eelektross|1
|-damage|p2b: Eelektross|76/100 slp
|
|-weather|none
|-heal|p1b: Archaludon|82/100|[from] item: Leftovers
|-fieldend|move: Trick Room
|upkeep
|
|t:|1783471499
|switch|p2a: Orthworm|Orthworm, L50, F|74/100
|turn|6
|
|t:|1783471513
|switch|p1a: Politoed|Politoed, L50, M, shiny|100/100
|-weather|RainDance|[from] ability: Drizzle|[of] p1a: Politoed
|move|p1b: Archaludon|Electro Shot||[still]
|-prepare|p1b: Archaludon|Electro Shot
|-boost|p1b: Archaludon|spa|1
|-anim|p1b: Archaludon|Electro Shot|p2a: Orthworm
|-damage|p2a: Orthworm|0 fnt
|faint|p2a: Orthworm
|-curestatus|p2b: Eelektross|slp|[msg]
|move|p2b: Eelektross|Coil|p2b: Eelektross
|-boost|p2b: Eelektross|atk|1
|-boost|p2b: Eelektross|def|1
|-boost|p2b: Eelektross|accuracy|1
|
|-weather|RainDance|[upkeep]
|-heal|p1b: Archaludon|88/100|[from] item: Leftovers
|upkeep
|turn|7
|
|t:|1783471532
|move|p1b: Archaludon|Electro Shot||[still]
|-prepare|p1b: Archaludon|Electro Shot
|-boost|p1b: Archaludon|spa|1
|-anim|p1b: Archaludon|Electro Shot|p2b: Eelektross
|-resisted|p2b: Eelektross|1
|-damage|p2b: Eelektross|10/100
|move|p2b: Eelektross|Dragon Claw|p1b: Archaludon
|-damage|p1b: Archaludon|60/100
|-ability|p1b: Archaludon|Stamina|boost
|-boost|p1b: Archaludon|def|1
|move|p1a: Politoed|Perish Song|p1a: Politoed
|-start|p1a: Politoed|perish3|[silent]
|-start|p1b: Archaludon|perish3|[silent]
|-start|p2b: Eelektross|perish3|[silent]
|-fieldactivate|move: Perish Song
|
|-weather|RainDance|[upkeep]
|-heal|p1b: Archaludon|67/100|[from] item: Leftovers
|-start|p1b: Archaludon|perish3
|-start|p2b: Eelektross|perish3
|-start|p1a: Politoed|perish3
|upkeep
|turn|8
|
|t:|1783471549
|switch|p1b: Swampert|Swampert-Mega, L50, F, shiny|69/100
|switch|p1a: Vivillon|Vivillon-Ocean, L50, M|20/100y
|move|p2b: Eelektross|Supercell Slam|p1a: Vivillon
|-supereffective|p1a: Vivillon|1
|-damage|p1a: Vivillon|0 fnt
|faint|p1a: Vivillon
|-ability|p2b: Eelektross|Eelevate|boost
|-boost|p2b: Eelektross|atk|1
|
|-weather|RainDance|[upkeep]
|-start|p2b: Eelektross|perish2
|upkeep
|
|t:|1783471561
|switch|p1a: Archaludon|Archaludon, L50, M|67/100
|turn|9
|
|t:|1783471567
|move|p1b: Swampert|Wave Crash|p2b: Eelektross
|-damage|p2b: Eelektross|0 fnt
|faint|p2b: Eelektross
|-damage|p1b: Swampert|65/100|[from] Recoil
|
|win|KodeBeast0526
|raw|KodeBeast0526's rating: 1154 → 1175(+21 for winning)
|raw|Jess(ie)a's rating: 1097 → 1076(-21 for losing)
