|j|☆Fell Blue
|j|☆tooon
|html|Fell Bluetooon    
|uhtml|bestof|Game 1 of a best-of-3
|t:|1784173299
|gametype|doubles
|player|p1|Fell Blue|fantina|1215
|player|p2|tooon|gambler|1162
|gen|9
|tier|[Gen 9 Champions] VGC 2026 Reg M-B (Bo3)
|rated|
|rule|Species Clause: Limit one of each Pokémon
|rule|Item Clause: Limit 1 of each item
|clearpoke
|poke|p1|Mawile, L50, F|
|poke|p1|Farigiraf, L50, F|
|poke|p1|Drampa, L50, M|
|poke|p1|Kleavor, L50, F|
|poke|p1|Araquanid, L50, F|
|poke|p1|Incineroar, L50, M|
|poke|p2|Tyranitar, L50, F|
|poke|p2|Excadrill, L50, M|
|poke|p2|Staraptor, L50, M|
|poke|p2|Sinistcha, L50|
|poke|p2|Milotic, L50, M|
|poke|p2|Gholdengo, L50|
|teampreview|4
|showteam|p1|Mawile||Mawilite|HyperCutter|RockSlide,PlayRough,SuckerPunch,BrickBreak|Brave||F|||50|]Farigiraf||SitrusBerry|ArmorTail|Thunderbolt,HelpingHand,Psychic,TrickRoom|Modest||F|||50|]Drampa||Drampanite|CloudNine|EarthPower,EnergyBall,Thunderbolt,Protect|Quiet||M|||50|]Kleavor||FocusSash|Sharpness|StoneAxe,CloseCombat,XScissor,NightSlash|Adamant||F|||50|]Araquanid||MysticWater|WaterBubble|Surf,HydroPump,MirrorCoat,Endeavor|Quiet||F|||50|]Incineroar||LifeOrb|Intimidate|CloseCombat,FlareBlitz,FakeOut,ThroatChop|Brave||M|||50|
|showteam|p2|Tyranitar||Tyranitarite|SandStream|RockSlide,KnockOff,DragonDance,Protect|Adamant||F|||50|]Excadrill||FocusSash|SandRush|IronHead,HighHorsepower,RockSlide,Protect|Adamant||M|||50|]Staraptor||Staraptite|Intimidate|CloseCombat,BraveBird,Tailwind,Protect|Jolly||M|||50|]Sinistcha||SitrusBerry|Hospitality|MatchaGotcha,TrickRoom,RagePowder,Protect|Bold|||||50|]Milotic||Leftovers|Competitive|Scald,IceBeam,Recover,Protect|Modest||M|||50|]Gholdengo||LifeOrb|GoodasGold|MakeItRain,ShadowBall,NastyPlot,Protect|Modest|||||50|
|l|☆Fell Blue
|player|p1|
|
|t:|1784173360
|teamsize|p1|4
|teamsize|p2|4
|start
|switch|p1a: Farigiraf|Farigiraf, L50, F|100/100
|switch|p1b: Drampa|Drampa, L50, M|100/100
|switch|p2a: Milotic|Milotic, L50, M|100/100
|switch|p2b: Staraptor|Staraptor, L50, M|100/100
|-ability|p2b: Staraptor|Intimidate|boost
|-unboost|p1a: Farigiraf|atk|1
|-unboost|p1b: Drampa|atk|1
|-ability|p1b: Drampa|Cloud Nine
|turn|1
|j|☆Fell Blue
|player|p1|Fell Blue|fantina|
|
|t:|1784173394
|detailschange|p2b: Staraptor|Staraptor-Mega, L50, M
|-mega|p2b: Staraptor|Staraptor|Staraptite
|move|p1b: Drampa|Protect|p1b: Drampa
|-singleturn|p1b: Drampa|Protect
|move|p2b: Staraptor|Close Combat|p1b: Drampa
|-activate|p1b: Drampa|move: Protect
|move|p2a: Milotic|Scald|p1a: Farigiraf
|-damage|p1a: Farigiraf|67/100
|move|p1a: Farigiraf|Trick Room|p1a: Farigiraf
|-fieldstart|move: Trick Room|[of] p1a: Farigiraf
|
|upkeep
|turn|2
|
|t:|1784173414
|switch|p2b: Sinistcha|Sinistcha, L50|100/100
|move|p1b: Drampa|Thunderbolt|p2a: Milotic
|-supereffective|p2a: Milotic|1
|-damage|p2a: Milotic|59/100
|move|p1a: Farigiraf|Thunderbolt|p2a: Milotic
|-supereffective|p2a: Milotic|1
|-crit|p2a: Milotic
|-damage|p2a: Milotic|9/100
|move|p2a: Milotic|Ice Beam|p1b: Drampa
|-supereffective|p1b: Drampa|1
|-damage|p1b: Drampa|57/100
|
|-heal|p2a: Milotic|15/100|[from] item: Leftovers
|upkeep
|turn|3
|
|t:|1784173436
|switch|p1b: Mawile|Mawile, L50, F|100/100
|move|p2b: Sinistcha|Rage Powder|p2b: Sinistcha
|-singleturn|p2b: Sinistcha|move: Rage Powder
|move|p1a: Farigiraf|Psychic|p2b: Sinistcha
|-damage|p2b: Sinistcha|64/100
|move|p2a: Milotic|Recover|p2a: Milotic
|-heal|p2a: Milotic|65/100
|
|-heal|p2a: Milotic|71/100|[from] item: Leftovers
|upkeep
|turn|4
|
|t:|1784173451
|detailschange|p1b: Mawile|Mawile-Mega, L50, F
|-mega|p1b: Mawile|Mawile|Mawilite
|move|p1b: Mawile|Play Rough|p2a: Milotic
|-damage|p2a: Milotic|0 fnt
|faint|p2a: Milotic
|move|p1a: Farigiraf|Thunderbolt|p2b: Sinistcha
|-resisted|p2b: Sinistcha|1
|-damage|p2b: Sinistcha|50/100g
|move|p2b: Sinistcha|Trick Room|p2b: Sinistcha
|-fieldend|move: Trick Room
|
|upkeep
|
|t:|1784173466
|switch|p2a: Gholdengo|Gholdengo, L50|100/100
|turn|5
|
|t:|1784173473
|move|p2a: Gholdengo|Make It Rain|p1a: Farigiraf|[spread] p1a,p1b
|-damage|p1a: Farigiraf|8/100
|-damage|p1b: Mawile|29/100
|-unboost|p2a: Gholdengo|spa|2
|-enditem|p1a: Farigiraf|Sitrus Berry|[eat]
|-heal|p1a: Farigiraf|33/100|[from] item: Sitrus Berry
|-damage|p2a: Gholdengo|90/100|[from] item: Life Orb
|move|p2b: Sinistcha|Matcha Gotcha|p1b: Mawile|[spread] p1a,p1b
|-resisted|p1b: Mawile|1
|-damage|p1a: Farigiraf|11/100
|-heal|p2b: Sinistcha|64/100|[from] drain|[of] p1a: Farigiraf
|-damage|p1b: Mawile|15/100
|-heal|p2b: Sinistcha|71/100|[from] drain|[of] p1b: Mawile
|move|p1b: Mawile|Play Rough|p2b: Sinistcha
|-damage|p2b: Sinistcha|1/100
|-enditem|p2b: Sinistcha|Sitrus Berry|[eat]
|-heal|p2b: Sinistcha|26/100|[from] item: Sitrus Berry
|move|p1a: Farigiraf|Trick Room|p1a: Farigiraf
|-fieldstart|move: Trick Room|[of] p1a: Farigiraf
|
|upkeep
|turn|6
|
|t:|1784173491
|switch|p1b: Incineroar|Incineroar, L50, M|100/100
|-ability|p1b: Incineroar|Intimidate|boost
|-unboost|p2a: Gholdengo|atk|1
|-unboost|p2b: Sinistcha|atk|1
|move|p1a: Farigiraf|Psychic|p2b: Sinistcha
|-damage|p2b: Sinistcha|0 fnt
|faint|p2b: Sinistcha
|move|p2a: Gholdengo|Shadow Ball|p1b: Incineroar
|-resisted|p1b: Incineroar|1
|-damage|p1b: Incineroar|87/100
|-damage|p2a: Gholdengo|80/100|[from] item: Life Orb
|
|upkeep
|
|t:|1784173499
|switch|p2b: Staraptor|Staraptor-Mega, L50, M|100/100
|turn|7
|
|t:|1784173508
|move|p1b: Incineroar|Throat Chop|p2a: Gholdengo
|-supereffective|p2a: Gholdengo|1
|-damage|p2a: Gholdengo|0 fnt
|faint|p2a: Gholdengo
|-damage|p1b: Incineroar|77/100|[from] item: Life Orb
|move|p1a: Farigiraf|Psychic|p2b: Staraptor
|-supereffective|p2b: Staraptor|1
|-damage|p2b: Staraptor|20/100y
|-boost|p2b: Staraptor|spd|1
|move|p2b: Staraptor|Close Combat|p1b: Incineroar
|-supereffective|p1b: Incineroar|1
|-damage|p1b: Incineroar|0 fnt
|-boost|p2b: Staraptor|def|1
|-boost|p2b: Staraptor|spd|1
|faint|p1b: Incineroar
|
|upkeep
|
|t:|1784173518
|switch|p1b: Mawile|Mawile-Mega, L50, F|15/100
|turn|8
|
|t:|1784173524
|move|p1b: Mawile|Play Rough|p2b: Staraptor|[miss]
|-miss|p1b: Mawile|p2b: Staraptor
|move|p1a: Farigiraf|Psychic|p2b: Staraptor
|-supereffective|p2b: Staraptor|1
|-crit|p2b: Staraptor
|-damage|p2b: Staraptor|0 fnt
|faint|p2b: Staraptor
|
|win|Fell Blue
||tooon is ready for game 2.
