|j|☆GymGlofer
|j|☆ferpshowdown
|html|GymGloferferpshowdown    
|uhtml|bestof|Game 1 of a best-of-3
|t:|1783786775
|gametype|doubles
|player|p1|GymGlofer|2|1137
|player|p2|ferpshowdown|lucas|1225
|gen|9
|tier|[Gen 9 Champions] VGC 2026 Reg M-B (Bo3)
|rated|
|rule|Species Clause: Limit one of each Pokémon
|rule|Item Clause: Limit 1 of each item
|clearpoke
|poke|p1|Whimsicott, L50, F|
|poke|p1|Meowscarada, L50, M|
|poke|p1|Scovillain, L50, M|
|poke|p1|Tsareena, L50, F|
|poke|p1|Venusaur, L50, F|
|poke|p1|Decidueye, L50, F|
|poke|p2|Charizard, L50, F|
|poke|p2|Garchomp, L50, M|
|poke|p2|Aerodactyl, L50, F|
|poke|p2|Farigiraf, L50, F|
|poke|p2|Kingambit, L50, M|
|poke|p2|Sylveon, L50, F|
|teampreview|4
|showteam|p1|Whimsicott||FocusSash|Prankster|Moonblast,CottonSpore,Encore,Protect|Timid||F|||50|]Meowscarada||LifeOrb|Protean|FlowerTrick,ThroatChop,ThunderPunch,BrickBreak|Adamant||M|||50|]Scovillain||Scovillainite|Moody|Flamethrower,LeechSeed,RagePowder,Protect|Bold||M|||50|]Tsareena||ChoiceScarf|QueenlyMajesty|TropKick,HighJumpKick,ZenHeadbutt,TripleAxel|Adamant||F|||50|]Venusaur||Venusaurite|Chlorophyll|SludgeBomb,EarthPower,SleepPowder,Protect|Modest||F|||50|]Decidueye||SitrusBerry|LongReach|LeafBlade,SpiritShackle,RainDance,Protect|Jolly||F|||50|
|showteam|p2|Charizard||CharizarditeY|Blaze|HeatWave,WeatherBall,SolarBeam,Protect|Modest||F|||50|]Garchomp||LifeOrb|RoughSkin|DragonClaw,Earthquake,RockSlide,Protect|Jolly||M|||50|]Aerodactyl||Aerodactylite|RockHead|RockSlide,IceFang,Tailwind,WideGuard|Jolly||F|||50|]Farigiraf||SitrusBerry|ArmorTail|Psychic,Thunderbolt,SunnyDay,TrickRoom|Bold||F|||50|]Kingambit||FocusSash|Defiant|KowtowCleave,IronHead,SuckerPunch,LowKick|Adamant||M|||50|]Sylveon||FairyFeather|Pixilate|HyperVoice,HyperBeam,QuickAttack,Detect|Modest||F|||50|
|inactive|Battle timer is ON: inactive players will automatically lose when time's up. (requested by GymGlofer)
|inactive|ferpshowdown has 60 seconds left.
|
|t:|1783786846
|teamsize|p1|4
|teamsize|p2|4
|start
|switch|p1a: Whimsicott|Whimsicott, L50, F|100/100
|switch|p1b: Decidueye|Decidueye, L50, F|100/100
|switch|p2a: Aerodactyl|Aerodactyl, L50, F|100/100
|switch|p2b: Charizard|Charizard, L50, F|100/100
|turn|1
|inactive|ferpshowdown has 30 seconds left.
|inactive|ferpshowdown has 20 seconds left.
|inactive|ferpshowdown has 15 seconds left.
|inactive|ferpshowdown has 10 seconds left.
|
|t:|1783786893
|detailschange|p2b: Charizard|Charizard-Mega-Y, L50, F
|-mega|p2b: Charizard|Charizard|Charizardite Y
|-weather|SunnyDay|[from] ability: Drought|[of] p2b: Charizard
|move|p1a: Whimsicott|Cotton Spore|p2a: Aerodactyl|[spread] p2a,p2b
|-unboost|p2a: Aerodactyl|spe|2
|-unboost|p2b: Charizard|spe|2
|move|p1b: Decidueye|Rain Dance|p1b: Decidueye
|-weather|RainDance
|move|p2a: Aerodactyl|Tailwind|p2a: Aerodactyl
|-sidestart|p2: ferpshowdown|move: Tailwind
|move|p2b: Charizard|Heat Wave|p1a: Whimsicott|[spread] p1a
|-miss|p2b: Charizard|p1b: Decidueye
|-supereffective|p1a: Whimsicott|1
|-damage|p1a: Whimsicott|34/100
|
|-weather|RainDance|[upkeep]
|upkeep
|turn|2
|inactive|ferpshowdown has 30 seconds left.
|inactive|ferpshowdown has 20 seconds left.
|inactive|ferpshowdown has 15 seconds left.
|inactive|ferpshowdown has 10 seconds left.
|inactive|ferpshowdown has 5 seconds left.
|
|t:|1783786945
|switch|p2a: Sylveon|Sylveon, L50, F|100/100
|switch|p2b: Garchomp|Garchomp, L50, M|100/100
|move|p1a: Whimsicott|Encore||[still]
|-fail|p1a: Whimsicott
|move|p1b: Decidueye|Spirit Shackle|p2b: Garchomp
|-damage|p2b: Garchomp|64/100
|-activate|p2b: Garchomp|trapped
|
|-weather|RainDance|[upkeep]
|upkeep
|turn|3
|inactive|ferpshowdown has 30 seconds left.
|inactive|GymGlofer has 30 seconds left.
|
|t:|1783786983
|move|p1a: Whimsicott|Protect|p1a: Whimsicott
|-singleturn|p1a: Whimsicott|Protect
|move|p2b: Garchomp|Rock Slide|p1a: Whimsicott|[spread] p1b
|-activate|p1a: Whimsicott|move: Protect
|-damage|p1b: Decidueye|70/100
|-damage|p2b: Garchomp|54/100|[from] item: Life Orb
|move|p2a: Sylveon|Hyper Voice|p1a: Whimsicott|[spread] p1b
|-activate|p1a: Whimsicott|move: Protect
|-damage|p1b: Decidueye|23/100
|-enditem|p1b: Decidueye|Sitrus Berry|[eat]
|-heal|p1b: Decidueye|48/100|[from] item: Sitrus Berry
|cant|p1b: Decidueye|flinch
|
|-weather|RainDance|[upkeep]
|upkeep
|turn|4
|inactive|ferpshowdown has 30 seconds left.
|
|t:|1783787017
|move|p1b: Decidueye|Protect|p1b: Decidueye
|-singleturn|p1b: Decidueye|Protect
|move|p1a: Whimsicott|Cotton Spore|p2b: Garchomp|[spread] p2a,p2b
|-unboost|p2a: Sylveon|spe|2
|-unboost|p2b: Garchomp|spe|2
|move|p2b: Garchomp|Rock Slide|p1a: Whimsicott|[spread] 
|-activate|p1b: Decidueye|move: Protect
|-miss|p2b: Garchomp|p1a: Whimsicott
|move|p2a: Sylveon|Hyper Voice|p1b: Decidueye|[spread] p1a
|-activate|p1b: Decidueye|move: Protect
|-damage|p1a: Whimsicott|0 fnt
|faint|p1a: Whimsicott
|
|-weather|RainDance|[upkeep]
|-sideend|p2: ferpshowdown|move: Tailwind
|upkeep
|
|t:|1783787030
|switch|p1a: Scovillain|Scovillain, L50, M|100/100
|turn|5
|
|t:|1783787044
|switch|p1b: Meowscarada|Meowscarada, L50, M|100/100
|detailschange|p1a: Scovillain|Scovillain-Mega, L50, M
|-mega|p1a: Scovillain|Scovillain|Scovillainite
|move|p2b: Garchomp|Protect|p2b: Garchomp
|-singleturn|p2b: Garchomp|Protect
|move|p1a: Scovillain|Leech Seed|p2b: Garchomp
|-activate|p2b: Garchomp|move: Protect
|move|p2a: Sylveon|Hyper Voice|p1b: Meowscarada|[spread] p1a,p1b
|-resisted|p1a: Scovillain|1
|-supereffective|p1b: Meowscarada|1
|-damage|p1a: Scovillain|69/100
|-damage|p1b: Meowscarada|0 fnt
|-status|p2a: Sylveon|brn|[from] ability: Spicy Spray|[of] p1a: Scovillain
|faint|p1b: Meowscarada
|
|-weather|none
|-damage|p2a: Sylveon|94/100 brn|[from] brn
|upkeep
|
|t:|1783787051
|switch|p1b: Decidueye|Decidueye, L50, F|48/100
|turn|6
|inactive|ferpshowdown has 30 seconds left.
|inactive|ferpshowdown has 20 seconds left.
|
|t:|1783787086
|switch|p2b: Charizard|Charizard-Mega-Y, L50, F|100/100
|-weather|SunnyDay|[from] ability: Drought|[of] p2b: Charizard
|move|p1b: Decidueye|Leaf Blade|p2b: Charizard
|-resisted|p2b: Charizard|2
|-damage|p2b: Charizard|91/100
|move|p1a: Scovillain|Flamethrower|p2a: Sylveon
|-damage|p2a: Sylveon|41/100 brn
|move|p2a: Sylveon|Hyper Voice|p1b: Decidueye|[spread] p1a,p1b
|-resisted|p1a: Scovillain|1
|-damage|p1a: Scovillain|40/100
|-damage|p1b: Decidueye|0 fnt
|faint|p1b: Decidueye
|
|-weather|SunnyDay|[upkeep]
|-damage|p2a: Sylveon|35/100 brn|[from] brn
|upkeep
|turn|7
|
|t:|1783787105
|move|p2b: Charizard|Weather Ball|p1a: Scovillain
|-damage|p1a: Scovillain|0 fnt
|-immune|p2b: Charizard
|faint|p1a: Scovillain
|
|win|ferpshowdown
||GymGlofer is ready for game 2.
||ferpshowdown is ready for game 2.
|uhtml|next|Next: Game 2 of 3
