|j|☆DaGondy
|j|☆Khenzhu
|html|DaGondyKhenzhu    
|uhtml|bestof|Game 3 of a best-of-3
|t:|1783307981
|gametype|doubles
|player|p1|DaGondy|mars|
|player|p2|Khenzhu|cynthia|
|gen|9
|tier|[Gen 9 Champions] VGC 2026 Reg M-B (Bo3)
|rule|Species Clause: Limit one of each Pokémon
|rule|Item Clause: Limit 1 of each item
|clearpoke
|poke|p1|Pelipper, L50, M|
|poke|p1|Basculegion-F, L50, F|
|poke|p1|Sylveon, L50, M|
|poke|p1|Whimsicott, L50, M|
|poke|p1|Chandelure, L50, M|
|poke|p1|Conkeldurr, L50, M|
|poke|p2|Dragonite, L50, M, shiny|
|poke|p2|Torkoal, L50, F|
|poke|p2|Mawile, L50, M|
|poke|p2|Hatterene, L50, F|
|poke|p2|Vileplume, L50, F|
|poke|p2|Kangaskhan, L50, F|
|teampreview|4
|showteam|p1|Pelipper||WacanBerry|Drizzle|Tailwind,Hurricane,Roost,Protect|Bold||M|||50|]Basculegion-F||FocusSash|SwiftSwim|AquaJet,FlipTurn,Liquidation,Protect|Adamant||F|||50|]Sylveon||FairyFeather|Pixilate|AlluringVoice,HyperVoice,Wish,Moonblast|Modest||M|||50|]Whimsicott||Leftovers|Prankster|TrickRoom,StunSpore,LeechSeed,EnergyBall|Bold||M|||50|]Chandelure||ColburBerry|Infiltrator|WillOWisp,Haze,Flamethrower,TrickRoom|Sassy||M|||50|]Conkeldurr||LifeOrb|Guts|Facade,Protect,MachPunch,BrickBreak|Adamant||M|||50|
|showteam|p2|Dragonite||Dragoninite|Multiscale|DracoMeteor,ExtremeSpeed,Flamethrower,Agility|Naive||M|||50|]Torkoal||Charcoal|Drought|Eruption,Protect,Flamethrower,SolarBeam|Quiet||F|||50|]Mawile||ChoiceScarf|HyperCutter|IronHead,SuckerPunch,PlayRough,Protect|Adamant||M|||50|]Hatterene||Leftovers|MagicBounce|TrickRoom,HealingWish,DazzlingGleam,PsychicNoise|Quiet||F|||50|]Vileplume||FocusSash|Chlorophyll|AfterYou,SleepPowder,SludgeBomb,LeafStorm|Timid||F|||50|]Kangaskhan||LifeOrb|Scrappy|FakeOut,DoubleEdge,HammerArm,IcePunch|Brave||F|||50|
|
|t:|1783308015
|teamsize|p1|4
|teamsize|p2|4
|start
|switch|p1a: Basculegion|Basculegion-F, L50, F|100/100
|switch|p1b: Pelipper|Pelipper, L50, M|100/100
|switch|p2a: Hatterene|Hatterene, L50, F|100/100
|switch|p2b: Vileplume|Vileplume, L50, F|100/100
|-weather|RainDance|[from] ability: Drizzle|[of] p1b: Pelipper
|turn|1
|inactive|Battle timer is ON: inactive players will automatically lose when time's up. (requested by Khenzhu)
|
|t:|1783308041
|move|p1a: Basculegion|Aqua Jet|p2a: Hatterene
|-damage|p2a: Hatterene|68/100
|move|p1b: Pelipper|Hurricane|p2b: Vileplume
|-supereffective|p2b: Vileplume|1
|-damage|p2b: Vileplume|26/100
|move|p2b: Vileplume|Leaf Storm|p1a: Basculegion|[miss]
|-miss|p2b: Vileplume|p1a: Basculegion
|move|p2a: Hatterene|Trick Room|p2a: Hatterene
|-fieldstart|move: Trick Room|[of] p2a: Hatterene
|
|-weather|RainDance|[upkeep]
|-heal|p2a: Hatterene|74/100|[from] item: Leftovers
|upkeep
|turn|2
|inactive|DaGondy has 30 seconds left.
|
|t:|1783308068
|move|p1a: Basculegion|Aqua Jet|p2a: Hatterene
|-damage|p2a: Hatterene|44/100
|move|p2a: Hatterene|Healing Wish|p2a: Hatterene
|faint|p2a: Hatterene
|move|p2b: Vileplume|Leaf Storm|p1a: Basculegion
|-supereffective|p1a: Basculegion|1
|-enditem|p1a: Basculegion|Focus Sash
|-damage|p1a: Basculegion|1/100
|-unboost|p2b: Vileplume|spa|2
|move|p1b: Pelipper|Hurricane|p2b: Vileplume
|-supereffective|p2b: Vileplume|1
|-damage|p2b: Vileplume|0 fnt
|faint|p2b: Vileplume
|
|-weather|RainDance|[upkeep]
|upkeep
|
|t:|1783308081
|switch|p2a: Dragonite|Dragonite, L50, M, shiny|100/100
|switch|p2b: Mawile|Mawile, L50, M|100/100
|turn|3
|
|t:|1783308102
|detailschange|p2a: Dragonite|Dragonite-Mega, L50, M, shiny
|-mega|p2a: Dragonite|Dragonite|Dragoninite
|move|p1b: Pelipper|Protect|p1b: Pelipper
|-singleturn|p1b: Pelipper|Protect
|move|p2a: Dragonite|Extreme Speed|p1a: Basculegion
|-immune|p1a: Basculegion
|move|p2b: Mawile|Sucker Punch||[still]
|-fail|p2b: Mawile
|move|p1a: Basculegion|Aqua Jet|p2b: Mawile
|-damage|p2b: Mawile|64/100
|
|-weather|RainDance|[upkeep]
|upkeep
|turn|4
|
|t:|1783308123
|move|p2b: Mawile|Sucker Punch|p1a: Basculegion
|-supereffective|p1a: Basculegion|1
|-damage|p1a: Basculegion|0 fnt
|faint|p1a: Basculegion
|move|p1b: Pelipper|Hurricane|p2a: Dragonite
|-damage|p2a: Dragonite|80/100
|move|p2a: Dragonite|Draco Meteor|p1b: Pelipper
|-damage|p1b: Pelipper|0 fnt
|-unboost|p2a: Dragonite|spa|2
|faint|p1b: Pelipper
|
|-weather|RainDance|[upkeep]
|upkeep
|
|t:|1783308137
|switch|p1b: Sylveon|Sylveon, L50, M|100/100
|switch|p1a: Whimsicott|Whimsicott, L50, M|100/100
|turn|5
|inactive|DaGondy has 30 seconds left.
|inactive|DaGondy has 20 seconds left.
|
|t:|1783308175
|move|p2b: Mawile|Sucker Punch||[still]
|-fail|p2b: Mawile
|move|p1a: Whimsicott|Leech Seed|p2b: Mawile|[miss]
|-miss|p1a: Whimsicott|p2b: Mawile
|move|p1b: Sylveon|Hyper Voice|p2a: Dragonite|[spread] p2a,p2b
|-supereffective|p2a: Dragonite|1
|-resisted|p2b: Mawile|1
|-damage|p2a: Dragonite|0 fnt
|-damage|p2b: Mawile|11/100
|faint|p2a: Dragonite
|
|-weather|none
|-fieldend|move: Trick Room
|upkeep
|turn|6
|
|t:|1783308197
|move|p2b: Mawile|Sucker Punch|p1a: Whimsicott
|-resisted|p1a: Whimsicott|1
|-damage|p1a: Whimsicott|91/100
|move|p1a: Whimsicott|Energy Ball|p2b: Mawile
|-resisted|p2b: Mawile|1
|-crit|p2b: Mawile
|-damage|p2b: Mawile|0 fnt
|faint|p2b: Mawile
|
|win|DaGondy
