|j|☆ElravinoZ
|j|☆PixelJaguar
|html|ElravinoZPixelJaguar    
|uhtml|bestof|Game 1 of a best-of-3
|t:|1785767442
|gametype|doubles
|player|p1|ElravinoZ|hilbert|1067
|player|p2|PixelJaguar|brycen|1106
|gen|9
|tier|[Gen 9 Champions] VGC 2026 Reg M-B (Bo3)
|rated|
|rule|Species Clause: Limit one of each Pokémon
|rule|Item Clause: Limit 1 of each item
|clearpoke
|poke|p1|Beartic, L50, M|
|poke|p1|Tauros-Paldea-Aqua, L50, M|
|poke|p1|Pelipper, L50, F|
|poke|p1|Meganium, L50, M|
|poke|p1|Dragonite, L50, M|
|poke|p1|Sinistcha-Masterpiece, L50|
|poke|p2|Staraptor, L50, M|
|poke|p2|Metagross, L50|
|poke|p2|Farigiraf, L50, F|
|poke|p2|Whimsicott, L50, M|
|poke|p2|Garchomp, L50, F|
|poke|p2|Ceruledge, L50, M|
|teampreview|4
|showteam|p1|Beartic||WideLens|SwiftSwim|FrostBreath,IcicleCrash,Protect,RockSlide|Adamant||M|||50|]Tauros-Paldea-Aqua||YacheBerry|AngerPoint|AquaJet,CloseCombat,Earthquake,Protect|Adamant||M|||50|]Pelipper||FocusSash|Drizzle|WideGuard,Hurricane,WeatherBall,Tailwind|Modest||F|||50|]Meganium||Meganiumite|Overgrow|Protect,SolarBeam,WeatherBall,DazzlingGleam|Timid||M|||50|]Dragonite||Dragoninite|InnerFocus|Hurricane,Thunder,DragonPulse,Protect|Modest||M|||50|]Sinistcha-Masterpiece||Leftovers|Hospitality|RagePowder,MatchaGotcha,TrickRoom,Memento|Relaxed|||||50|
|showteam|p2|Staraptor||Staraptite|Intimidate|CloseCombat,BraveBird,Protect,Roost|Jolly||M|||50|]Metagross||Metagrossite|ClearBody|Protect,IronHead,PsychicFangs,StompingTantrum|Adamant|||||50|]Farigiraf||SitrusBerry|ArmorTail|HelpingHand,Psychic,Thunderbolt,TrickRoom|Calm||F|||50|]Whimsicott||FocusSash|Prankster|Moonblast,Tailwind,Charm,Encore|Timid||M|||50|]Garchomp||LifeOrb|RoughSkin|Protect,StompingTantrum,RockSlide,DragonClaw|Jolly||F|||50|]Ceruledge||ColburBerry|FlashFire|Protect,ShadowSneak,BulkUp,BitterBlade|Adamant||M|||50|
|
|t:|1785767502
|teamsize|p1|4
|teamsize|p2|4
|start
|switch|p1a: Beartic|Beartic, L50, M|100/100
|switch|p1b: Tauros|Tauros-Paldea-Aqua, L50, M|100/100
|switch|p2a: Ceruledge|Ceruledge, L50, M|100/100
|switch|p2b: Garchomp|Garchomp, L50, F|100/100
|turn|1
|inactive|Battle timer is ON: inactive players will automatically lose when time's up. (requested by ElravinoZ)
|inactive|ElravinoZ has 60 seconds left.
|
|t:|1785767550
|switch|p1b: Pm23lipper|Pelipper, L50, F|100/100
|-weather|RainDance|[from] ability: Drizzle|[of] p1b: Pm23lipper
|move|p1a: Beartic|Icicle Crash|p2b: Garchomp
|-supereffective|p2b: Garchomp|2
|-damage|p2b: Garchomp|0 fnt
|faint|p2b: Garchomp
|move|p2a: Ceruledge|Bitter Blade|p1a: Beartic
|-supereffective|p1a: Beartic|1
|-damage|p1a: Beartic|43/100
|
|-weather|RainDance|[upkeep]
|upkeep
|
|t:|1785767568
|switch|p2b: Whimsicott|Whimsicott, L50, M|100/100
|turn|2
|
|t:|1785767579
|switch|p1b: Tauros|Tauros-Paldea-Aqua, L50, M|100/100
|move|p2b: Whimsicott|Tailwind|p2b: Whimsicott
|-sidestart|p2: PixelJaguar|move: Tailwind
|move|p2a: Ceruledge|Bitter Blade|p1a: Beartic
|-supereffective|p1a: Beartic|1
|-damage|p1a: Beartic|0 fnt
|faint|p1a: Beartic
|
|-weather|RainDance|[upkeep]
|upkeep
|
|t:|1785767591
|switch|p1a: Pm23lipper|Pelipper, L50, F|100/100
|turn|3
|inactive|PixelJaguar has 30 seconds left.
|
|t:|1785767625
|move|p2a: Ceruledge|Shadow Sneak|p1b: Tauros
|-damage|p1b: Tauros|76/100
|move|p1b: Tauros|Aqua Jet|p2a: Ceruledge
|-supereffective|p2a: Ceruledge|1
|-damage|p2a: Ceruledge|36/100
|move|p2b: Whimsicott|Moonblast|p1b: Tauros
|-supereffective|p1b: Tauros|1
|-damage|p1b: Tauros|0 fnt
|faint|p1b: Tauros
|move|p1a: Pm23lipper|Tailwind|p1a: Pm23lipper
|-sidestart|p1: ElravinoZ|move: Tailwind
|
|-weather|RainDance|[upkeep]
|upkeep
|
|t:|1785767636
|switch|p1b: Dragonite|Dragonite, L50, M|100/100
|turn|4
|
|t:|1785767651
|detailschange|p1b: Dragonite|Dragonite-Mega, L50, M
|-mega|p1b: Dragonite|Dragonite|Dragoninite
|move|p2b: Whimsicott|Charm|p1b: Dragonite
|-unboost|p1b: Dragonite|atk|2
|move|p2a: Ceruledge|Shadow Sneak|p1b: Dragonite
|-damage|p1b: Dragonite|89/100
|move|p1b: Dragonite|Hurricane|p2b: Whimsicott
|-supereffective|p2b: Whimsicott|1
|-enditem|p2b: Whimsicott|Focus Sash
|-damage|p2b: Whimsicott|1/100
|move|p1a: Pm23lipper|Hurricane|p2b: Whimsicott
|-supereffective|p2b: Whimsicott|1
|-damage|p2b: Whimsicott|0 fnt
|faint|p2b: Whimsicott
|
|-weather|RainDance|[upkeep]
|upkeep
|
|t:|1785767664
|switch|p2b: Metagross|Metagross, L50|100/100
|turn|5
|inactive|ElravinoZ has 30 seconds left.
|inactive|ElravinoZ has 20 seconds left.
|inactive|ElravinoZ has 15 seconds left.
|inactive|ElravinoZ has 10 seconds left.
|
|t:|1785767712
|detailschange|p2b: Metagross|Metagross-Mega, L50
|-mega|p2b: Metagross|Metagross|Metagrossite
|move|p1b: Dragonite|Protect|p1b: Dragonite
|-singleturn|p1b: Dragonite|Protect
|move|p2a: Ceruledge|Shadow Sneak|p1b: Dragonite
|-activate|p1b: Dragonite|move: Protect
|move|p2b: Metagross|Psychic Fangs|p1a: Pm23lipper
|-damage|p1a: Pm23lipper|19/100
|move|p1a: Pm23lipper|Weather Ball|p2a: Ceruledge
|-supereffective|p2a: Ceruledge|1
|-crit|p2a: Ceruledge
|-damage|p2a: Ceruledge|0 fnt
|faint|p2a: Ceruledge
|
|-weather|none
|-sideend|p2: PixelJaguar|move: Tailwind
|upkeep
|turn|6
|inactive|ElravinoZ has 30 seconds left.
|inactive|ElravinoZ has 20 seconds left.
|
|t:|1785767748
|move|p2b: Metagross|Protect|p2b: Metagross
|-singleturn|p2b: Metagross|Protect
|move|p1b: Dragonite|Thunder|p2b: Metagross
|-activate|p2b: Metagross|move: Protect
|move|p1a: Pm23lipper|Hurricane|p2b: Metagross
|-activate|p2b: Metagross|move: Protect
|
|-sideend|p1: ElravinoZ|move: Tailwind
|upkeep
|turn|7
|
|t:|1785767763
|move|p2b: Metagross|Psychic Fangs|p1a: Pm23lipper
|-damage|p1a: Pm23lipper|0 fnt
|faint|p1a: Pm23lipper
|move|p1b: Dragonite|Thunder|p2b: Metagross|[miss]
|-miss|p1b: Dragonite|p2b: Metagross
|
|upkeep
|turn|8
|l|☆ElravinoZ
|inactive|ElravinoZ disconnected and has a minute to reconnect!
|player|p1|
|inactive|ElravinoZ has 30 seconds left.
|inactive|ElravinoZ has 20 seconds left.
|inactive|ElravinoZ has 15 seconds left.
|inactive|ElravinoZ has 10 seconds left.
|inactive|ElravinoZ has 5 seconds left.
|-message|ElravinoZ lost due to inactivity.
|
|win|PixelJaguar
||PixelJaguar is ready for game 2.
|j|☆ElravinoZ
|player|p1|ElravinoZ|hilbert|
