|j|☆KaiserBN1
|j|☆darth boring
|html|KaiserBN1darth boring    
|uhtml|bestof|Game 2 of a best-of-3
|t:|1756940853
|gametype|doubles
|player|p1|KaiserBN1|n|1109
|player|p2|darth boring|102|1003
|gen|9
|tier|[Gen 9] VGC 2025 Reg H (Bo3)
|rated|
|rule|Species Clause: Limit one of each Pokémon
|rule|Item Clause: Limit 1 of each item
|clearpoke
|poke|p1|Amoonguss, L50, M|
|poke|p1|Sneasler, L50, M|
|poke|p1|Gholdengo, L50|
|poke|p1|Incineroar, L50, M|
|poke|p1|Ursaluna-Bloodmoon, L50, M|
|poke|p1|Dragonite, L50, F|
|poke|p2|Indeedee, L50, M|
|poke|p2|Sneasler, L50, F|
|poke|p2|Garchomp, L50, M|
|poke|p2|Typhlosion-Hisui, L50, F|
|poke|p2|Murkrow, L50, F|
|poke|p2|Amoonguss, L50, F|
|teampreview|4
|showteam|p1|Amoonguss||SitrusBerry|Regenerator|RagePowder,Spore,PollenPuff,Protect|||M|||50|,,,,,Psychic]Sneasler||FocusSash|Unburden|Protect,DireClaw,CloseCombat,ThroatChop|||M|||50|,,,,,Stellar]Gholdengo||LifeOrb|GoodasGold|Protect,MakeItRain,ShadowBall,NastyPlot||||||50|,,,,,Water]Incineroar||SafetyGoggles|Intimidate|KnockOff,PartingShot,FlareBlitz,FakeOut|||M|||50|,,,,,Ghost]Ursaluna-Bloodmoon||AssaultVest|MindsEye|BloodMoon,EarthPower,VacuumWave,HyperVoice|||M|||50|,,,,,Water]Dragonite||LoadedDice|Multiscale|ScaleShot,Tailwind,Haze,Protect|||F|||50|,,,,,Fairy
|showteam|p2|Indeedee||FocusSash|PsychicSurge|ExpandingForce,TeraBlast,Imprison,TrickRoom|||M|||50|,,,,,Fighting]Sneasler||PsychicSeed|Unburden|DireClaw,CloseCombat,ThroatChop,Protect|||F|||50|,,,,,Dark]Garchomp||LifeOrb|RoughSkin|StompingTantrum,Earthquake,RockSlide,Protect|||M|||50|,,,,,Ground]Typhlosion-Hisui||ChoiceSpecs|Frisk|HeatWave,Overheat,Eruption,ShadowBall|||F|||50|,,,,,Fire]Murkrow||Eviolite|Prankster|FoulPlay,Haze,Tailwind,SunnyDay|||F|||50|,,,,,Ghost]Amoonguss||SitrusBerry|Regenerator|SludgeBomb,Spore,RagePowder,Protect|||F|||50|,,,,,Fairy
|inactive|Battle timer is ON: inactive players will automatically lose when time's up. (requested by KaiserBN1)
|
|t:|1756940881
|teamsize|p1|4
|teamsize|p2|4
|start
|switch|p1a: 8|Sneasler, L50, M|100/100
|switch|p1b: Golden Wind|Dragonite, L50, F|100/100
|switch|p2a: Garchomp|Garchomp, L50, M|100/100
|switch|p2b: Amoonguss|Amoonguss, L50, F|100/100
|turn|1
|inactive|KaiserBN1 has 30 seconds left.
|inactive|darth boring has 30 seconds left.
|inactive|KaiserBN1 has 20 seconds left.
|inactive|darth boring has 20 seconds left.
|inactive|KaiserBN1 has 15 seconds left.
|inactive|KaiserBN1 has 10 seconds left.
|
|t:|1756940926
|-terastallize|p1b: Golden Wind|Fairy
|move|p2b: Amoonguss|Rage Powder|p2b: Amoonguss
|-singleturn|p2b: Amoonguss|move: Rage Powder
|move|p1a: 8|Dire Claw|p2b: Amoonguss
|-damage|p2b: Amoonguss|65/100
|-status|p2b: Amoonguss|par
|move|p2a: Garchomp|Rock Slide|p1a: 8|[spread] p1a,p1b
|-resisted|p1a: 8
|-damage|p1a: 8|76/100
|-damage|p1b: Golden Wind|87/100
|-damage|p2a: Garchomp|91/100|[from] item: Life Orb
|move|p1b: Golden Wind|Scale Shot|p2b: Amoonguss
|-damage|p2b: Amoonguss|51/100 par
|-damage|p2b: Amoonguss|37/100 par
|-enditem|p2b: Amoonguss|Sitrus Berry|[eat]
|-heal|p2b: Amoonguss|62/100 par|[from] item: Sitrus Berry
|-damage|p2b: Amoonguss|48/100 par
|-damage|p2b: Amoonguss|35/100 par
|-hitcount|p2b: Amoonguss|4
|-unboost|p1b: Golden Wind|def|1
|-boost|p1b: Golden Wind|spe|1
|
|upkeep
|turn|2
|inactive|KaiserBN1 has 30 seconds left.
|inactive|darth boring has 30 seconds left.
|inactive|darth boring has 20 seconds left.
|
|t:|1756940971
|-terastallize|p2a: Garchomp|Ground
|move|p1a: 8|Protect|p1a: 8
|-singleturn|p1a: 8|Protect
|move|p2b: Amoonguss|Protect|p2b: Amoonguss
|-singleturn|p2b: Amoonguss|Protect
|move|p1b: Golden Wind|Scale Shot|p2b: Amoonguss
|-activate|p2b: Amoonguss|move: Protect
|move|p2a: Garchomp|Earthquake|p1b: Golden Wind|[spread] p1b
|-activate|p2b: Amoonguss|move: Protect
|-activate|p1a: 8|move: Protect
|-damage|p1b: Golden Wind|0 fnt
|faint|p1b: Golden Wind
|-damage|p2a: Garchomp|81/100|[from] item: Life Orb
|
|upkeep
|inactive|KaiserBN1 has 30 seconds left.
|inactive|KaiserBN1 has 20 seconds left.
|
|t:|1756941006
|switch|p1b: Say Cheese|Gholdengo, L50|100/100
|turn|3
|
|t:|1756941023
|move|p1b: Say Cheese|Protect|p1b: Say Cheese
|-singleturn|p1b: Say Cheese|Protect
|cant|p2b: Amoonguss|par
|move|p1a: 8|Dire Claw|p2b: Amoonguss
|-damage|p2b: Amoonguss|0 fnt
|faint|p2b: Amoonguss
|move|p2a: Garchomp|Earthquake|p1b: Say Cheese|[spread] p1a
|-activate|p1b: Say Cheese|move: Protect
|-supereffective|p1a: 8
|-damage|p1a: 8|0 fnt
|faint|p1a: 8
|-damage|p2a: Garchomp|71/100|[from] item: Life Orb
|
|upkeep
|inactive|darth boring has 30 seconds left.
|
|t:|1756941049
|switch|p1a: Luffy|Incineroar, L50, M|100/100
|switch|p2b: Indeedee|Indeedee, L50, M|100/100
|-fieldstart|move: Psychic Terrain|[from] ability: Psychic Surge|[of] p2b: Indeedee
|-ability|p1a: Luffy|Intimidate|boost
|-unboost|p2a: Garchomp|atk|1
|-unboost|p2b: Indeedee|atk|1
|turn|4
|inactive|darth boring has 30 seconds left.
|inactive|darth boring has 20 seconds left.
|
|t:|1756941089
|move|p2a: Garchomp|Earthquake|p1a: Luffy|[spread] p2b,p1a,p1b
|-supereffective|p1a: Luffy
|-supereffective|p1b: Say Cheese
|-damage|p2b: Indeedee|1/100
|-damage|p1a: Luffy|21/100
|-damage|p1b: Say Cheese|11/100
|-damage|p2a: Garchomp|61/100|[from] item: Life Orb
|move|p2b: Indeedee|Expanding Force|p1a: Luffy|[spread] p1b
|-immune|p1a: Luffy
|-resisted|p1b: Say Cheese
|-damage|p1b: Say Cheese|0 fnt
|faint|p1b: Say Cheese
|move|p1a: Luffy|Knock Off|p2b: Indeedee
|-supereffective|p2b: Indeedee
|-damage|p2b: Indeedee|0 fnt
|-enditem|p2b: Indeedee|Focus Sash|[from] move: Knock Off|[of] p1a: Luffy
|faint|p2b: Indeedee
|
|upkeep
|
|t:|1756941101
|switch|p2b: Sneasler|Sneasler, L50, F|100/100
|-enditem|p2b: Sneasler|Psychic Seed
|-boost|p2b: Sneasler|spd|1|[from] item: Psychic Seed
|turn|5
|
|t:|1756941107
|move|p2b: Sneasler|Dire Claw|p1a: Luffy
|-damage|p1a: Luffy|0 fnt
|faint|p1a: Luffy
|
|win|darth boring
||KaiserBN1 is ready for game 3.
|inactive|darth boring has 30 seconds to confirm battle start!
||darth boring is ready for game 3.
|uhtml|next|Next: Game 3 of 3
