|j|☆TobiYume
|j|☆H3NRG
|html|TobiYumeH3NRG    
|uhtml|bestof|Game 1 of a best-of-3
|t:|1756922331
|gametype|doubles
|player|p1|TobiYume|roxie|1121
|player|p2|H3NRG|cynthia|1035
|gen|9
|tier|[Gen 9] VGC 2025 Reg H (Bo3)
|rated|
|rule|Species Clause: Limit one of each Pokémon
|rule|Item Clause: Limit 1 of each item
|clearpoke
|poke|p1|Garchomp, L50, M|
|poke|p1|Talonflame, L50, F|
|poke|p1|Sylveon, L50, F|
|poke|p1|Tyranitar, L50, M|
|poke|p1|Decidueye-Hisui, L50, F|
|poke|p1|Gholdengo, L50|
|poke|p2|Gallade, L50, M|
|poke|p2|Exeggutor, L50, F|
|poke|p2|Zoroark-Hisui, L50, M|
|poke|p2|Ursaluna, L50, M|
|poke|p2|Torkoal, L50, F|
|poke|p2|Indeedee-F, L50, F|
|teampreview|4
|showteam|p1|Garchomp||LifeOrb|RoughSkin|DragonClaw,StompingTantrum,Earthquake,Protect|||M|||50|,,,,,Steel]Talonflame||CovertCloak|GaleWings|Tailwind,WillOWisp,BraveBird,Taunt|||F|||50|,,,,,Grass]Sylveon||ThroatSpray|Pixilate|HyperVoice,HyperBeam,TeraBlast,Protect|||F|||50|,,,,,Water]Tyranitar||AssaultVest|SandStream|RockSlide,KnockOff,TeraBlast,LowKick|||M|||50|,,,,,Flying]Decidueye-Hisui||RazorClaw|Scrappy|TripleArrows,LeafBlade,SuckerPunch,Protect|||F|||50|,,,,,Fire]Gholdengo||Leftovers|GoodasGold|MakeItRain,ShadowBall,NastyPlot,Protect||||||50|,,,,,Dragon
|showteam|p2|Gallade||ClearAmulet|Sharpness|PsychoCut,TrickRoom,WideGuard,SacredSword|||M|||50|,,,,,Fire]Exeggutor||FocusSash|Chlorophyll|TrickRoom,ExpandingForce,EnergyBall,SleepPowder|||F|||50|,,,,,Psychic]Zoroark-Hisui||ChoiceSpecs|Illusion|HyperVoice,Flamethrower,ShadowBall,TeraBlast|||M|||50|,,,,,Stellar]Ursaluna||FlameOrb|Guts|Facade,Protect,HeadlongRush,Earthquake|||M|||50|,,,,,Ghost]Torkoal||Charcoal|Drought|Eruption,ClearSmog,Protect,WeatherBall|||F|||50|,,,,,Fire]Indeedee-F||PsychicSeed|PsychicSurge|TrickRoom,FollowMe,Psychic,HelpingHand|||F|||50|,,,,,Grass
|inactive|Battle timer is ON: inactive players will automatically lose when time's up. (requested by H3NRG)
|
|t:|1756922356
|teamsize|p1|4
|teamsize|p2|4
|start
|switch|p1a: Elie|Talonflame, L50, F|100/100
|switch|p1b: Lloyd|Garchomp, L50, M|100/100
|switch|p2a: Exeggutor|Exeggutor, L50, F|100/100
|switch|p2b: Torkoal|Torkoal, L50, F|100/100
|-weather|SunnyDay|[from] ability: Drought|[of] p2b: Torkoal
|turn|1
|inactive|H3NRG has 30 seconds left.
|inactive|H3NRG has 20 seconds left.
|inactive|H3NRG has 15 seconds left.
|
|t:|1756922401
|switch|p2b: Indeedee|Indeedee-F, L50, F|100/100
|-fieldstart|move: Psychic Terrain|[from] ability: Psychic Surge|[of] p2b: Indeedee
|-enditem|p2b: Indeedee|Psychic Seed
|-boost|p2b: Indeedee|spd|1|[from] item: Psychic Seed
|move|p1a: Elie|Brave Bird|p2a: Exeggutor
|-activate|p2a: Exeggutor|move: Psychic Terrain
|move|p2a: Exeggutor|Expanding Force|p1a: Elie|[spread] p1a,p1b
|-damage|p1a: Elie|14/100
|-damage|p1b: Lloyd|30/100
|move|p1b: Lloyd|Stomping Tantrum|p2b: Indeedee
|-damage|p2b: Indeedee|51/100
|-damage|p1b: Lloyd|21/100|[from] item: Life Orb
|
|-weather|SunnyDay|[upkeep]
|upkeep
|turn|2
|
|t:|1756922418
|switch|p1b: Randy|Tyranitar, L50, M|100/100
|-weather|Sandstorm|[from] ability: Sand Stream|[of] p1b: Randy
|move|p2b: Indeedee|Follow Me|p2b: Indeedee
|-singleturn|p2b: Indeedee|move: Follow Me
|move|p1a: Elie|Brave Bird|p2b: Indeedee
|-damage|p2b: Indeedee|19/100
|-damage|p1a: Elie|4/100|[from] Recoil
|move|p2a: Exeggutor|Trick Room|p2a: Exeggutor
|-fieldstart|move: Trick Room|[of] p2a: Exeggutor
|
|-weather|Sandstorm|[upkeep]
|-damage|p2b: Indeedee|12/100|[from] Sandstorm
|-damage|p2a: Exeggutor|95/100|[from] Sandstorm
|-damage|p1a: Elie|0 fnt|[from] Sandstorm
|faint|p1a: Elie
|upkeep
|
|t:|1756922431
|switch|p1a: Tio|Sylveon, L50, F, shiny|100/100
|turn|3
|
|t:|1756922452
|move|p2b: Indeedee|Follow Me|p2b: Indeedee
|-singleturn|p2b: Indeedee|move: Follow Me
|move|p1a: Tio|Hyper Voice|p2b: Indeedee|[spread] p2a,p2b
|-damage|p2a: Exeggutor|39/100
|-damage|p2b: Indeedee|0 fnt
|faint|p2b: Indeedee
|-enditem|p1a: Tio|Throat Spray
|-boost|p1a: Tio|spa|1|[from] item: Throat Spray
|move|p1b: Randy|Knock Off|p2a: Exeggutor
|-supereffective|p2a: Exeggutor
|-damage|p2a: Exeggutor|0 fnt
|-enditem|p2a: Exeggutor|Focus Sash|[from] move: Knock Off|[of] p1b: Randy
|faint|p2a: Exeggutor
|
|-weather|Sandstorm|[upkeep]
|-damage|p1a: Tio|95/100|[from] Sandstorm
|upkeep
|
|t:|1756922457
|switch|p2b: Torkoal|Torkoal, L50, F|100/100
|switch|p2a: Gallade|Gallade, L50, M|100/100
|-weather|SunnyDay|[from] ability: Drought|[of] p2b: Torkoal
|turn|4
|
|t:|1756922471
|-terastallize|p2b: Torkoal|Fire
|-terastallize|p1a: Tio|Water
|move|p2b: Torkoal|Eruption|p1a: Tio|[spread] p1a,p1b
|-resisted|p1a: Tio
|-resisted|p1b: Randy
|-damage|p1a: Tio|50/100
|-damage|p1b: Randy|68/100
|move|p1a: Tio|Hyper Beam|p2a: Gallade
|-supereffective|p2a: Gallade
|-damage|p2a: Gallade|0 fnt
|-mustrecharge|p1a: Tio
|faint|p2a: Gallade
|move|p1b: Randy|Rock Slide|p2b: Torkoal
|-supereffective|p2b: Torkoal
|-damage|p2b: Torkoal|32/100
|
|-weather|SunnyDay|[upkeep]
|upkeep
|turn|5
|
|t:|1756922486
|move|p2b: Torkoal|Weather Ball|p1b: Randy
|-resisted|p1b: Randy
|-damage|p1b: Randy|36/100
|cant|p1a: Tio|recharge
|move|p1b: Randy|Knock Off|p2b: Torkoal
|-damage|p2b: Torkoal|0 fnt
|-enditem|p2b: Torkoal|Charcoal|[from] move: Knock Off|[of] p1b: Randy
|faint|p2b: Torkoal
|
|win|TobiYume
|l|☆H3NRG
|player|p2|
||TobiYume is ready for game 2.
||H3NRG is ready for game 2.
|uhtml|next|Next: Game 2 of 3
