|j|☆OroRosaXIV
|j|☆witlix
|html|OroRosaXIVwitlix    
|uhtml|bestof|Game 1 of a best-of-3
|t:|1785704688
|gametype|doubles
|player|p1|OroRosaXIV|cynthia-gen4|
|player|p2|witlix|benga|
|gen|9
|tier|[Gen 9 Champions] VGC 2026 Reg M-B (Bo3)
|rule|Species Clause: Limit one of each Pokémon
|rule|Item Clause: Limit 1 of each item
|clearpoke
|poke|p1|Glalie, L50, F|
|poke|p1|Sableye, L50, M|
|poke|p1|Swampert, L50, M|
|poke|p1|Palafin, L50, M|
|poke|p1|Blaziken, L50, M|
|poke|p1|Lycanroc-Dusk, L50, M|
|poke|p2|Meowstic, L50, M|
|poke|p2|Floette-Eternal, L50, F|
|poke|p2|Ninetales, L50, F|
|poke|p2|Victreebel, L50, F|
|poke|p2|Maushold, L50|
|poke|p2|Corviknight, L50, F|
|teampreview|4
|showteam|p1|Glalie||Glalitite|InnerFocus|Explosion,BodySlam,Earthquake,Protect|Adamant||F|||50|]Sableye||MentalHerb|Prankster|FakeOut,RainDance,WillOWisp,Encore|Bold||M|||50|]Swampert||Swampertite|Torrent|WaveCrash,Earthquake,HammerArm,Protect|Adamant||M|||50|]Palafin||SitrusBerry|ZerotoHero|WaveCrash,JetPunch,Protect,IronHead|Jolly||M|||50|]Blaziken||FocusSash|SpeedBoost|BatonPass,CloseCombat,Protect,SwordsDance|Jolly||M|||50|]Lycanroc-Dusk||LifeOrb|ToughClaws|StoneEdge,Accelerock,CloseCombat,QuickGuard|Jolly||M|||50|
|showteam|p2|Meowstic||MentalHerb|Prankster|FakeOut,SunnyDay,LightScreen,Reflect|Calm||M|||50|]Floette-Eternal||Floettite|FlowerVeil|CalmMind,Moonblast,Protect,DrainingKiss|Modest||F|||50|]Ninetales||LifeOrb|Drought|WeatherBall,SolarBeam,Extrasensory,Protect|Timid||F|||50|]Victreebel||WideLens|Chlorophyll|GigaDrain,WeatherBall,SleepPowder,Protect|Modest||F|||50|]Maushold||FocusSash|FriendGuard|Protect,FollowMe,SuperFang,Feint|Jolly|||||50|]Corviknight||Leftovers|MirrorArmor|IronDefense,BodyPress,Roost,BraveBird|Impish||F|||50|
|inactive|Battle timer is ON: inactive players will automatically lose when time's up. (requested by witlix)
|inactive|witlix has 60 seconds left.
|c|☆witlix|glhf
|j| Tearamizuu
|
|t:|1785704741
|teamsize|p1|4
|teamsize|p2|4
|start
|switch|p1a: Sableye|Sableye, L50, M|100/100
|switch|p1b: Blaziken|Blaziken, L50, M|100/100
|switch|p2a: Maushold|Maushold, L50|100/100
|switch|p2b: Floette|Floette-Eternal, L50, F|100/100
|turn|1
|l| Tearamizuu
|j| Tearamizuu
|inactive|OroRosaXIV has 30 seconds left.
|inactive|witlix has 30 seconds left.
|inactive|OroRosaXIV has 20 seconds left.
|l| Tearamizuu
|
|t:|1785704780
|detailschange|p2b: Floette|Floette-Mega, L50, F
|-mega|p2b: Floette|Floette|Floettite
|-ability|p2b: Floette|Fairy Aura
|move|p1a: Sableye|Fake Out|p2b: Floette
|-damage|p2b: Floette|95/100
|move|p2a: Maushold|Super Fang|p1b: Blaziken|[miss]
|-miss|p2a: Maushold|p1b: Blaziken
|move|p1b: Blaziken|Swords Dance|p1b: Blaziken
|-boost|p1b: Blaziken|atk|2
|cant|p2b: Floette|flinch
|
|-ability|p1b: Blaziken|Speed Boost|boost
|-boost|p1b: Blaziken|spe|1
|upkeep
|turn|2
|j| Tearamizuu
|inactive|OroRosaXIV has 30 seconds left.
|inactive|witlix has 30 seconds left.
|inactive|OroRosaXIV has 20 seconds left.
|
|t:|1785704815
|move|p1b: Blaziken|Protect|p1b: Blaziken
|-singleturn|p1b: Blaziken|Protect
|move|p1a: Sableye|Rain Dance|p1a: Sableye
|-weather|RainDance
|move|p2a: Maushold|Super Fang|p1b: Blaziken
|-activate|p1b: Blaziken|move: Protect
|move|p2b: Floette|Moonblast|p1b: Blaziken
|-activate|p1b: Blaziken|move: Protect
|
|-weather|RainDance|[upkeep]
|-ability|p1b: Blaziken|Speed Boost|boost
|-boost|p1b: Blaziken|spe|1
|upkeep
|turn|3
|
|t:|1785704832
|switch|p1a: Swampert|Swampert, L50, M|100/100
|move|p1b: Blaziken|Close Combat|p2a: Maushold
|-supereffective|p2a: Maushold|1
|-enditem|p2a: Maushold|Focus Sash
|-damage|p2a: Maushold|1/100
|-unboost|p1b: Blaziken|def|1
|-unboost|p1b: Blaziken|spd|1
|move|p2a: Maushold|Super Fang|p1b: Blaziken|[miss]
|-miss|p2a: Maushold|p1b: Blaziken
|move|p2b: Floette|Moonblast|p1b: Blaziken
|-enditem|p1b: Blaziken|Focus Sash
|-damage|p1b: Blaziken|1/100
|
|-weather|RainDance|[upkeep]
|-ability|p1b: Blaziken|Speed Boost|boost
|-boost|p1b: Blaziken|spe|1
|upkeep
|turn|4
|
|t:|1785704852
|detailschange|p1a: Swampert|Swampert-Mega, L50, M
|-mega|p1a: Swampert|Swampert|Swampertite
|move|p2b: Floette|Protect|p2b: Floette
|-singleturn|p2b: Floette|Protect
|move|p2a: Maushold|Feint|p1b: Blaziken
|-damage|p1b: Blaziken|0 fnt
|faint|p1b: Blaziken
|move|p1a: Swampert|Wave Crash|p2b: Floette
|-activate|p2b: Floette|move: Protect
|
|-weather|RainDance|[upkeep]
|upkeep
|
|t:|1785704862
|switch|p1b: Sableye|Sableye, L50, M|100/100
|turn|5
|inactive|witlix has 30 seconds left.
|inactive|witlix has 20 seconds left.
|
|t:|1785704899
|switch|p2a: Ninetales|Ninetales, L50, F|100/100
|-weather|SunnyDay|[from] ability: Drought|[of] p2a: Ninetales
|switch|p2b: Victreebel|Victreebel, L50, F|100/100
|move|p1b: Sableye|Fake Out|p2a: Ninetales
|-damage|p2a: Ninetales|89/100
|move|p1a: Swampert|Wave Crash|p2b: Victreebel
|-resisted|p2b: Victreebel|1
|-damage|p2b: Victreebel|71/100
|-damage|p1a: Swampert|91/100|[from] Recoil
|
|-weather|SunnyDay|[upkeep]
|upkeep
|turn|6
|inactive|OroRosaXIV has 30 seconds left.
|inactive|witlix has 30 seconds left.
|
|t:|1785704928
|switch|p2a: Maushold|Maushold, L50|1/100
|move|p1a: Swampert|Protect|p1a: Swampert
|-singleturn|p1a: Swampert|Protect
|move|p1b: Sableye|Rain Dance|p1b: Sableye
|-weather|RainDance
|move|p2b: Victreebel|Giga Drain|p1a: Swampert
|-activate|p1a: Swampert|move: Protect
|
|-weather|RainDance|[upkeep]
|upkeep
|turn|7
|
|t:|1785704940
|switch|p1a: Glalie|Glalie, L50, F|100/100
|move|p2a: Maushold|Follow Me|p2a: Maushold
|-singleturn|p2a: Maushold|move: Follow Me
|move|p1b: Sableye|Will-O-Wisp|p2a: Maushold
|-status|p2a: Maushold|brn
|move|p2b: Victreebel|Giga Drain|p1a: Glalie
|-damage|p1a: Glalie|59/100
|-heal|p2b: Victreebel|92/100|[from] drain|[of] p1a: Glalie
|
|-weather|RainDance|[upkeep]
|-damage|p2a: Maushold|0 fnt|[from] brn
|faint|p2a: Maushold
|upkeep
|
|t:|1785704950
|switch|p2a: Ninetales|Ninetales, L50, F|89/100
|-weather|SunnyDay|[from] ability: Drought|[of] p2a: Ninetales
|turn|8
|
|t:|1785704966
|move|p1a: Glalie|Protect|p1a: Glalie
|-singleturn|p1a: Glalie|Protect
|move|p1b: Sableye|Rain Dance|p1b: Sableye
|-weather|RainDance
|move|p2a: Ninetales|Weather Ball|p1a: Glalie
|-activate|p1a: Glalie|move: Protect
|move|p2b: Victreebel|Sleep Powder|p1b: Sableye
|-status|p1b: Sableye|slp|[from] move: Sleep Powder
|
|-weather|RainDance|[upkeep]
|upkeep
|turn|9
|l| Tearamizuu
|j| Tearamizuu
|
|t:|1785704987
|switch|p2b: Floette|Floette-Mega, L50, F|95/100
|-ability|p2b: Floette|Fairy Aura
|move|p2a: Ninetales|Protect|p2a: Ninetales
|-singleturn|p2a: Ninetales|Protect
|cant|p1b: Sableye|slp
|move|p1a: Glalie|Explosion|p2b: Floette|[spread] p2b
|-activate|p2a: Ninetales|move: Protect
|-immune|p1b: Sableye
|-damage|p2b: Floette|49/100
|faint|p1a: Glalie
|
|-weather|RainDance|[upkeep]
|upkeep
|
|t:|1785704990
|switch|p1a: Swampert|Swampert-Mega, L50, M|91/100
|turn|10
|
|t:|1785705010
|switch|p2a: Victreebel|Victreebel, L50, F|92/100
|move|p2b: Floette|Protect|p2b: Floette
|-singleturn|p2b: Floette|Protect
|cant|p1b: Sableye|slp
|move|p1a: Swampert|Wave Crash|p2b: Floette
|-activate|p2b: Floette|move: Protect
|
|-weather|RainDance|[upkeep]
|upkeep
|turn|11
|
|t:|1785705034
|switch|p2b: Ninetales|Ninetales, L50, F|89/100
|-weather|SunnyDay|[from] ability: Drought|[of] p2b: Ninetales
|-curestatus|p1b: Sableye|slp|[msg]
|move|p1b: Sableye|Encore||[still]
|-fail|p1b: Sableye
|move|p2a: Victreebel|Giga Drain|p1b: Sableye
|-damage|p1b: Sableye|40/100
|-heal|p2a: Victreebel|100/100|[from] drain|[of] p1b: Sableye
|move|p1a: Swampert|Earthquake|p2b: Ninetales|[spread] p1b,p2a,p2b
|-supereffective|p2b: Ninetales|1
|-damage|p1b: Sableye|0 fnt
|-damage|p2a: Victreebel|29/100
|-damage|p2b: Ninetales|0 fnt
|faint|p1b: Sableye
|faint|p2b: Ninetales
|
|-weather|SunnyDay|[upkeep]
|upkeep
|j| kaalaas7
|
|t:|1785705049
|switch|p2b: Floette|Floette-Mega, L50, F|49/100
|-ability|p2b: Floette|Fairy Aura
|turn|12
|
|t:|1785705056
|move|p1a: Swampert|Protect|p1a: Swampert
|-singleturn|p1a: Swampert|Protect
|move|p2a: Victreebel|Giga Drain|p1a: Swampert
|-activate|p1a: Swampert|move: Protect
|move|p2b: Floette|Draining Kiss|p1a: Swampert
|-activate|p1a: Swampert|move: Protect
|
|-weather|SunnyDay|[upkeep]
|upkeep
|turn|13
|
|t:|1785705061
|move|p2a: Victreebel|Giga Drain|p1a: Swampert
|-supereffective|p1a: Swampert|2
|-damage|p1a: Swampert|0 fnt
|-heal|p2a: Victreebel|84/100|[from] drain|[of] p1a: Swampert
|faint|p1a: Swampert
|
|win|witlix
||OroRosaXIV is ready for game 2.
|c|☆witlix|ggwp
||witlix is ready for game 2.
|uhtml|next|Next: Game 2 of 3
|c|☆OroRosaXIV|Gg
|l|☆OroRosaXIV
|player|p1|
