|j|☆moth.o
|j|☆jonen
|html|moth.ojonen    
|uhtml|bestof|Game 3 of a best-of-3
|t:|1756126318
|gametype|doubles
|player|p1|moth.o|roxie|1206
|player|p2|jonen|hiker-gen4|1195
|gen|9
|tier|[Gen 9] VGC 2025 Reg H (Bo3)
|rated|
|rule|Species Clause: Limit one of each Pokémon
|rule|Item Clause: Limit 1 of each item
|clearpoke
|poke|p1|Arcanine-Hisui, L50, F|
|poke|p1|Indeedee-F, L50, F|
|poke|p1|Gallade, L50, M|
|poke|p1|Gholdengo, L50|
|poke|p1|Whimsicott, L50, M|
|poke|p1|Hydreigon, L50, M|
|poke|p2|Garchomp, L50, F|
|poke|p2|Weezing-Galar, L50, M|
|poke|p2|Archaludon, L50, M|
|poke|p2|Gholdengo, L50|
|poke|p2|Talonflame, L50, M|
|poke|p2|Annihilape, L50, F|
|teampreview|4
|showteam|p1|Arcanine-Hisui||SafetyGoggles|Intimidate|Protect,RockSlide,FlareBlitz,TeraBlast|||F|||50|,,,,,Fairy]Indeedee-F||SitrusBerry|PsychicSurge|Protect,FollowMe,Psychic,HelpingHand|||F|||50|,,,,,Fairy]Gallade||LifeOrb|Sharpness|Protect,WideGuard,SacredSword,PsychoCut|||M|||50|,,,,,Fire]Gholdengo||MetalCoat|GoodasGold|MakeItRain,ShadowBall,NastyPlot,Protect||||||50|,,,,,Steel]Whimsicott||CovertCloak|Prankster|SunnyDay,Moonblast,Encore,Tailwind|||M|||50|,,,,,Dark]Hydreigon||AssaultVest|Levitate|BreakingSwipe,Snarl,DarkPulse,DracoMeteor|||M|||50|,,,,,Ghost
|showteam|p2|Garchomp||LifeOrb|RoughSkin|DragonClaw,Earthquake,StompingTantrum,Protect|||F|||50|,,,,,Ground]Weezing-Galar||FocusSash|NeutralizingGas|Protect,SludgeBomb,Taunt,StrangeSteam|||M|||50|,,,,,Flying]Archaludon||PowerHerb|Sturdy|ElectroShot,Thunderbolt,DracoMeteor,Protect|||M|||50|,,,,,Electric]Gholdengo||ChoiceSpecs|GoodasGold|ShadowBall,DazzlingGleam,PowerGem,MakeItRain||||||50|,,,,,Fairy]Talonflame||CovertCloak|GaleWings|Tailwind,DualWingbeat,WillOWisp,FlareBlitz|||M|||50|,,,,,Fairy]Annihilape||AssaultVest|Defiant|CloseCombat,RageFist,FinalGambit,IcePunch|||F|||50|,,,,,Grass
|
|t:|1756126350
|teamsize|p1|4
|teamsize|p2|4
|start
|switch|p1a: Fenrir|Arcanine-Hisui, L50, F|100/100
|switch|p1b: Meigallo|Whimsicott, L50, M, shiny|100/100
|switch|p2a: Talonflame|Talonflame, L50, M|100/100
|switch|p2b: Annihilape|Annihilape, L50, F|100/100
|-ability|p1a: Fenrir|Intimidate|boost
|-unboost|p2a: Talonflame|atk|1
|-unboost|p2b: Annihilape|atk|1
|-ability|p2b: Annihilape|Defiant|boost
|-boost|p2b: Annihilape|atk|2
|turn|1
|
|t:|1756126369
|move|p1a: Fenrir|Protect|p1a: Fenrir
|-singleturn|p1a: Fenrir|Protect
|move|p2a: Talonflame|Tailwind|p2a: Talonflame
|-sidestart|p2: jonen|move: Tailwind
|move|p1b: Meigallo|Tailwind|p1b: Meigallo
|-sidestart|p1: moth.o|move: Tailwind
|move|p2b: Annihilape|Ice Punch|p1b: Meigallo
|-supereffective|p1b: Meigallo
|-damage|p1b: Meigallo|22/100
|
|upkeep
|turn|2
|
|t:|1756126399
|switch|p1b: Servicial|Indeedee-F, L50, F|100/100
|-fieldstart|move: Psychic Terrain|[from] ability: Psychic Surge|[of] p1b: Servicial
|-terastallize|p1a: Fenrir|Fairy
|move|p2a: Talonflame|Dual Wingbeat|p1b: Servicial
|-activate|p1b: Servicial|move: Psychic Terrain
|move|p1a: Fenrir|Flare Blitz|p2b: Annihilape
|-damage|p2b: Annihilape|35/100
|-damage|p1a: Fenrir|75/100|[from] Recoil
|move|p2b: Annihilape|Close Combat|p1a: Fenrir
|-resisted|p1a: Fenrir
|-damage|p1a: Fenrir|28/100
|-unboost|p2b: Annihilape|def|1
|-unboost|p2b: Annihilape|spd|1
|
|upkeep
|turn|3
|
|t:|1756126439
|switch|p2a: Garchomp|Garchomp, L50, F|100/100
|move|p1b: Servicial|Follow Me|p1b: Servicial
|-singleturn|p1b: Servicial|move: Follow Me
|move|p1a: Fenrir|Tera Blast|p2b: Annihilape|[anim] Tera Blast Fairy
|-supereffective|p2b: Annihilape
|-damage|p2b: Annihilape|0 fnt
|faint|p2b: Annihilape
|
|upkeep
|
|t:|1756126448
|switch|p2b: Gholdengo|Gholdengo, L50|100/100
|turn|4
|
|t:|1756126463
|switch|p2b: Talonflame|Talonflame, L50, M|100/100
|-terastallize|p2a: Garchomp|Ground
|move|p1a: Fenrir|Protect|p1a: Fenrir
|-singleturn|p1a: Fenrir|Protect
|move|p2a: Garchomp|Earthquake|p1b: Servicial|[spread] p1b
|-activate|p1a: Fenrir|move: Protect
|-immune|p2b: Talonflame
|-damage|p1b: Servicial|30/100
|-enditem|p1b: Servicial|Sitrus Berry|[eat]
|-heal|p1b: Servicial|55/100|[from] item: Sitrus Berry
|-damage|p2a: Garchomp|91/100|[from] item: Life Orb
|move|p1b: Servicial|Psychic|p2a: Garchomp
|-damage|p2a: Garchomp|47/100
|
|-sideend|p1: moth.o|move: Tailwind
|-sideend|p2: jonen|move: Tailwind
|upkeep
|turn|5
|
|t:|1756126496
|move|p2b: Talonflame|Tailwind|p2b: Talonflame
|-sidestart|p2: jonen|move: Tailwind
|move|p2a: Garchomp|Earthquake|p1b: Servicial|[spread] p1a,p1b
|-immune|p2b: Talonflame
|-damage|p1a: Fenrir|0 fnt
|-damage|p1b: Servicial|0 fnt
|faint|p1a: Fenrir
|faint|p1b: Servicial
|-damage|p2a: Garchomp|37/100|[from] item: Life Orb
|
|upkeep
|
|t:|1756126507
|switch|p1a: Galantería|Gallade, L50, M, shiny|100/100
|switch|p1b: Meigallo|Whimsicott, L50, M, shiny|22/100
|turn|6
|
|t:|1756126527
|move|p2a: Garchomp|Protect|p2a: Garchomp
|-singleturn|p2a: Garchomp|Protect
|move|p1b: Meigallo|Tailwind|p1b: Meigallo
|-sidestart|p1: moth.o|move: Tailwind
|move|p2b: Talonflame|Flare Blitz|p1b: Meigallo
|-supereffective|p1b: Meigallo
|-damage|p1b: Meigallo|0 fnt
|faint|p1b: Meigallo
|-damage|p2b: Talonflame|93/100|[from] Recoil
|move|p1a: Galantería|Psycho Cut|p2a: Garchomp
|-activate|p2a: Garchomp|move: Protect
|
|-fieldend|move: Psychic Terrain
|upkeep
|turn|7
|
|t:|1756126543
|move|p2b: Talonflame|Flare Blitz|p1a: Galantería
|-damage|p1a: Galantería|10/100
|-damage|p2b: Talonflame|65/100|[from] Recoil
|move|p2a: Garchomp|Dragon Claw|p1a: Galantería
|-crit|p1a: Galantería
|-damage|p1a: Galantería|0 fnt
|faint|p1a: Galantería
|-damage|p2a: Garchomp|27/100|[from] item: Life Orb
|
|win|jonen
|raw|moth.o's rating: 1206 → 1180(-26 for losing)
|raw|jonen's rating: 1195 → 1221(+26 for winning)
