|j|â˜†Moonlight Flutter
|j|â˜†lakaka siuuu
|html|Moonlight Flutterlakaka siuuu    
|uhtml|bestof|Game 3 of a best-of-3
|t:|1782477279
|gametype|doubles
|player|p1|Moonlight Flutter|miku-flying|1295
|player|p2|lakaka siuuu|expert-gen6|1348
|gen|9
|tier|[Gen 9 Champions] VGC 2026 Reg M-B (Bo3)
|rated|
|rule|Species Clause: Limit one of each PokÃ©mon
|rule|Item Clause: Limit 1 of each item
|clearpoke
|poke|p1|Sinistcha, L50|
|poke|p1|Incineroar, L50, F|
|poke|p1|Milotic, L50, F|
|poke|p1|Raichu, L50, F|
|poke|p1|Ceruledge, L50, M|
|poke|p1|Mawile, L50, F|
|poke|p2|Floette-Eternal, L50, F|
|poke|p2|Sinistcha, L50|
|poke|p2|Incineroar, L50, M|
|poke|p2|Delphox, L50, M|
|poke|p2|Kingambit, L50, M|
|poke|p2|Sneasler, L50, M|
|teampreview|4
|showteam|p1|Sinistcha||KasibBerry|Hospitality|MatchaGotcha,LifeDew,RagePowder,Protect|Relaxed|||||50|]Incineroar||SitrusBerry|Intimidate|FlareBlitz,ThroatChop,FakeOut,PartingShot|Impish||F|||50|]Milotic||Leftovers|Competitive|MuddyWater,Coil,Hypnosis,Protect|Calm||F|||50|]Raichu||RaichuniteY|LightningRod|ZapCannon,FocusBlast,FakeOut,Protect|Timid||F|||50|]Ceruledge||ColburBerry|FlashFire|BitterBlade,ShadowSneak,BulkUp,Protect|Adamant||M|||50|]Mawile||Mawilite|HyperCutter|PlayRough,SuckerPunch,SwordsDance,Protect|Adamant||F|||50|
|showteam|p2|Floette-Eternal||Floettite|FlowerVeil|Moonblast,DazzlingGleam,CalmMind,Protect|Modest||F|||50|]Sinistcha||ColburBerry|Hospitality|MatchaGotcha,RagePowder,Protect,TrickRoom|Bold|||||50|]Incineroar||SitrusBerry|Intimidate|FlareBlitz,PartingShot,FakeOut,HelpingHand|Careful||M|||50|]Delphox||Delphoxite|Blaze|HeatWave,Psyshock,NastyPlot,Protect|Timid||M|||50|]Kingambit||BlackGlasses|Defiant|KowtowCleave,SuckerPunch,SwordsDance,Protect|Adamant||M|||50|]Sneasler||FocusSash|Unburden|CloseCombat,DireClaw,FakeOut,QuickGuard|Jolly||M|||50|
|inactive|Battle timer is ON: inactive players will automatically lose when time's up. (requested by Moonlight Flutter)
|
|t:|1782477324
|teamsize|p1|4
|teamsize|p2|4
|start
|switch|p1a: Raichu|Raichu, L50, F|100/100
|switch|p1b: Ceruledge|Ceruledge, L50, M|100/100
|switch|p2a: Delphox|Delphox, L50, M|100/100
|switch|p2b: Il Conto?|Sinistcha, L50|100/100
|turn|1
|inactive|lakaka siuuu has 30 seconds left.
|
|t:|1782477357
|switch|p2b: Gradisce|Incineroar, L50, M|100/100
|-ability|p2b: Gradisce|Intimidate|boost
|-unboost|p1a: Raichu|atk|1
|-unboost|p1b: Ceruledge|atk|1
|detailschange|p1a: Raichu|Raichu-Mega-Y, L50, F
|-mega|p1a: Raichu|Raichu|Raichunite Y
|detailschange|p2a: Delphox|Delphox-Mega, L50, M
|-mega|p2a: Delphox|Delphox|Delphoxite
|move|p1a: Raichu|Fake Out|p2a: Delphox
|-damage|p2a: Delphox|92/100
|cant|p2a: Delphox|flinch
|move|p1b: Ceruledge|Bulk Up|p1b: Ceruledge
|-boost|p1b: Ceruledge|atk|1
|-boost|p1b: Ceruledge|def|1
|
|upkeep
|turn|2
|inactive|lakaka siuuu has 30 seconds left.
|
|t:|1782477386
|switch|p1a: Incineroar|Incineroar, L50, F|100/100
|-ability|p1a: Incineroar|Intimidate|boost
|-unboost|p2a: Delphox|atk|1
|-unboost|p2b: Gradisce|atk|1
|switch|p2b: Il Conto?|Sinistcha, L50|100/100
|-heal|p2a: Delphox|100/100|[from] ability: Hospitality|[of] p2b: Il Conto?
|move|p2a: Delphox|Psyshock|p1a: Incineroar
|-immune|p1a: Incineroar
|move|p1b: Ceruledge|Bulk Up|p1b: Ceruledge
|-boost|p1b: Ceruledge|atk|1
|-boost|p1b: Ceruledge|def|1
|
|upkeep
|turn|3
|
|t:|1782477409
|switch|p2b: Gradisce|Incineroar, L50, M|100/100
|-ability|p2b: Gradisce|Intimidate|boost
|-unboost|p1a: Incineroar|atk|1
|-unboost|p1b: Ceruledge|atk|1
|move|p2a: Delphox|Protect|p2a: Delphox
|-singleturn|p2a: Delphox|Protect
|move|p1b: Ceruledge|Bulk Up|p1b: Ceruledge
|-boost|p1b: Ceruledge|atk|1
|-boost|p1b: Ceruledge|def|1
|move|p1a: Incineroar|Throat Chop|p2a: Delphox
|-activate|p2a: Delphox|move: Protect
|
|upkeep
|turn|4
|c|â˜†lakaka siuuu|lol unwinnable matchup
|c|â˜†Moonlight Flutter|you played really well tho
|c|â˜†Moonlight Flutter|not over yet
|inactive|lakaka siuuu has 30 seconds left.
|
|t:|1782477435
|switch|p2a: Apache Kid|Kingambit, L50, M|100/100
|move|p1b: Ceruledge|Bulk Up|p1b: Ceruledge
|-boost|p1b: Ceruledge|atk|1
|-boost|p1b: Ceruledge|def|1
|move|p1a: Incineroar|Throat Chop|p2a: Apache Kid
|-resisted|p2a: Apache Kid|1
|-damage|p2a: Apache Kid|91/100
|-start|p2a: Apache Kid|Throat Chop|[silent]
|move|p2b: Gradisce|Parting Shot|p1b: Ceruledge
|-unboost|p1b: Ceruledge|atk|1
|-unboost|p1b: Ceruledge|spa|1
|
|t:|1782477445
|switch|p2b: Il Conto?|Sinistcha, L50|100/100|[from] Parting Shot
|-heal|p2a: Apache Kid|100/100|[from] ability: Hospitality|[of] p2b: Il Conto?
|
|upkeep
|turn|5
|
|t:|1782477454
|move|p2b: Il Conto?|Rage Powder|p2b: Il Conto?
|-singleturn|p2b: Il Conto?|move: Rage Powder
|move|p1b: Ceruledge|Bitter Blade|p2b: Il Conto?
|-supereffective|p2b: Il Conto?|1
|-damage|p2b: Il Conto?|0 fnt
|faint|p2b: Il Conto?
|move|p1a: Incineroar|Flare Blitz|p2a: Apache Kid
|-supereffective|p2a: Apache Kid|1
|-damage|p2a: Apache Kid|56/100
|-damage|p1a: Incineroar|85/100|[from] Recoil
|move|p2a: Apache Kid|Kowtow Cleave|p1b: Ceruledge
|-supereffective|p1b: Ceruledge|1
|-enditem|p1b: Ceruledge|Colbur Berry|[eat]
|-enditem|p1b: Ceruledge|Colbur Berry|[weaken]
|-damage|p1b: Ceruledge|79/100
|
|-end|p2a: Apache Kid|Throat Chop|[silent]
|upkeep
|
|t:|1782477471
|switch|p2b: Gradisce|Incineroar, L50, M|100/100
|-ability|p2b: Gradisce|Intimidate|boost
|-unboost|p1a: Incineroar|atk|1
|-unboost|p1b: Ceruledge|atk|1
|turn|6
|
|t:|1782477502
|move|p2b: Gradisce|Helping Hand|p2a: Apache Kid
|-singleturn|p2a: Apache Kid|Helping Hand|[of] p2b: Gradisce
|move|p2a: Apache Kid|Sucker Punch|p1b: Ceruledge
|-supereffective|p1b: Ceruledge|1
|-damage|p1b: Ceruledge|26/100
|move|p1b: Ceruledge|Bitter Blade|p2a: Apache Kid
|-supereffective|p2a: Apache Kid|1
|-damage|p2a: Apache Kid|0 fnt
|-heal|p1b: Ceruledge|58/100|[from] drain|[of] p2a: Apache Kid
|faint|p2a: Apache Kid
|move|p1a: Incineroar|Flare Blitz|p2b: Gradisce
|-resisted|p2b: Gradisce|1
|-damage|p2b: Gradisce|89/100
|-damage|p1a: Incineroar|81/100|[from] Recoil
|
|upkeep
|c|â˜†lakaka siuuu|gg
|c|â˜†Moonlight Flutter|gg
|-message|lakaka siuuu forfeited.
|
|win|Moonlight Flutter
|raw|Moonlight Flutter's rating: 1295 → 1324(+29 for winning)
|raw|lakaka siuuu's rating: 1348 → 1325(-23 for losing)
|l|â˜†lakaka siuuu
|player|p2|
|l|â˜†Moonlight Flutter
|player|p1|
|j|â˜†Moonlight Flutter
|player|p1|Moonlight Flutter|miku-flying|
