|j|☆tr setter
|j|☆Lacossg
|html|tr setterLacossg    
|uhtml|bestof|Game 3 of a best-of-3
|t:|1754390449
|gametype|doubles
|player|p1|tr setter|zinzolin|1258
|player|p2|Lacossg|170|1240
|gen|9
|tier|[Gen 9] VGC 2025 Reg H (Bo3)
|rated|
|rule|Species Clause: Limit one of each Pokémon
|rule|Item Clause: Limit 1 of each item
|clearpoke
|poke|p1|Indeedee-F, L50, F|
|poke|p1|Hatterene, L50, F|
|poke|p1|Gallade, L50, M|
|poke|p1|Annihilape, L50, M|
|poke|p1|Torkoal, L50, F|
|poke|p1|Kingambit, L50, M|
|poke|p2|Espathra, L50, M|
|poke|p2|Annihilape, L50, M|
|poke|p2|Amoonguss, L50, F|
|poke|p2|Typhlosion, L50, M|
|poke|p2|Indeedee-F, L50, F|
|poke|p2|Glimmora, L50, M|
|teampreview|4
|showteam|p1|Indeedee-F||PsychicSeed|PsychicSurge|TrickRoom,FollowMe,Psychic,HelpingHand|||F|||50|,,,,,Grass]Hatterene||LifeOrb|MagicBounce|ExpandingForce,DazzlingGleam,TrickRoom,Protect|||F|||50|,,,,,Fire]Gallade||ClearAmulet|Sharpness|PsychoCut,SacredSword,TrickRoom,WideGuard|||M|||50|,,,,,Steel]Annihilape||ChoiceScarf|Defiant|FinalGambit,CloseCombat,RageFist,Uturn|||M|||50|,,,,,Grass]Torkoal||Charcoal|Drought|Eruption,WeatherBall,Protect,EarthPower|||F|||50|,,,,,Fire]Kingambit||SafetyGoggles|Defiant|KowtowCleave,SuckerPunch,LowKick,Protect|||M|||50|,,,,,Dark
|showteam|p2|Espathra||FocusSash|SpeedBoost|LuminaCrash,Protect,ExpandingForce,DazzlingGleam|||M|||50|,,,,,Psychic]Annihilape||CovertCloak|Defiant|DrainPunch,RageFist,BulkUp,Protect|||M|||50|,,,,,Fairy]Amoonguss||RockyHelmet|Regenerator|Spore,Protect,SludgeBomb,RagePowder|||F|||50|,,,,,Water]Typhlosion||ChoiceSpecs|FlashFire|ScorchingSands,Eruption,HeatWave,ShadowBall|||M|||50|,,,,,Flying]Indeedee-F||PsychicSeed|PsychicSurge|DazzlingGleam,FollowMe,TrickRoom,HelpingHand|||F|||50|,,,,,Fairy]Glimmora||LifeOrb|ToxicDebris|SpikyShield,SludgeBomb,EarthPower,PowerGem|||M|||50|,,,,,Ground
|
|t:|1754390482
|teamsize|p1|4
|teamsize|p2|4
|start
|switch|p1a: Hatterene|Hatterene, L50, F|100/100
|switch|p1b: Kingambit|Kingambit, L50, M|100/100
|switch|p2a: Espathra|Espathra, L50, M|100/100
|switch|p2b: Amoonguss|Amoonguss, L50, F|100/100
|turn|1
|l|☆Lacossg
|player|p2|
|j|☆Lacossg
|player|p2|Lacossg|170|
|
|t:|1754390509
|-terastallize|p1a: Hatterene|Fire
|move|p2a: Espathra|Lumina Crash|p1a: Hatterene
|-damage|p1a: Hatterene|58/100
|-unboost|p1a: Hatterene|spd|2
|move|p1b: Kingambit|Kowtow Cleave|p2a: Espathra
|-supereffective|p2a: Espathra
|-enditem|p2a: Espathra|Focus Sash
|-damage|p2a: Espathra|1/100
|move|p2b: Amoonguss|Sludge Bomb|p1a: Hatterene
|-damage|p1a: Hatterene|0 fnt
|faint|p1a: Hatterene
|
|-ability|p2a: Espathra|Speed Boost|boost
|-boost|p2a: Espathra|spe|1
|upkeep
|
|t:|1754390525
|switch|p1a: Indeedee|Indeedee-F, L50, F|100/100
|-fieldstart|move: Psychic Terrain|[from] ability: Psychic Surge|[of] p1a: Indeedee
|-enditem|p1a: Indeedee|Psychic Seed
|-boost|p1a: Indeedee|spd|1|[from] item: Psychic Seed
|turn|2
|
|t:|1754390540
|move|p2a: Espathra|Lumina Crash|p1a: Indeedee
|-resisted|p1a: Indeedee
|-damage|p1a: Indeedee|85/100
|-unboost|p1a: Indeedee|spd|2
|move|p1a: Indeedee|Psychic|p2b: Amoonguss
|-supereffective|p2b: Amoonguss
|-damage|p2b: Amoonguss|40/100
|move|p1b: Kingambit|Kowtow Cleave|p2b: Amoonguss
|-damage|p2b: Amoonguss|0 fnt
|-damage|p1b: Kingambit|84/100|[from] item: Rocky Helmet|[of] p2b: Amoonguss
|faint|p2b: Amoonguss
|
|-ability|p2a: Espathra|Speed Boost|boost
|-boost|p2a: Espathra|spe|1
|upkeep
|
|t:|1754390554
|switch|p2b: Typhlosion|Typhlosion, L50, M|100/100
|turn|3
|
|t:|1754390582
|move|p1b: Kingambit|Protect|p1b: Kingambit
|-singleturn|p1b: Kingambit|Protect
|move|p2a: Espathra|Lumina Crash|p1a: Indeedee
|-resisted|p1a: Indeedee
|-damage|p1a: Indeedee|52/100
|-unboost|p1a: Indeedee|spd|2
|move|p2b: Typhlosion|Eruption|p1a: Indeedee|[spread] p1a
|-activate|p1b: Kingambit|move: Protect
|-damage|p1a: Indeedee|0 fnt
|faint|p1a: Indeedee
|
|-ability|p2a: Espathra|Speed Boost|boost
|-boost|p2a: Espathra|spe|1
|upkeep
|
|t:|1754390587
|switch|p1a: Torkoal|Torkoal, L50, F|100/100
|-weather|SunnyDay|[from] ability: Drought|[of] p1a: Torkoal
|turn|4
|c|☆tr setter|Gg
|
|t:|1754390608
|move|p1a: Torkoal|Protect|p1a: Torkoal
|-singleturn|p1a: Torkoal|Protect
|move|p2a: Espathra|Expanding Force|p1b: Kingambit|[spread] 
|-activate|p1a: Torkoal|move: Protect
|-immune|p1b: Kingambit
|move|p2b: Typhlosion|Eruption|p1b: Kingambit|[spread] p1b
|-activate|p1a: Torkoal|move: Protect
|-supereffective|p1b: Kingambit
|-damage|p1b: Kingambit|0 fnt
|faint|p1b: Kingambit
|
|-weather|SunnyDay|[upkeep]
|-ability|p2a: Espathra|Speed Boost|boost
|-boost|p2a: Espathra|spe|1
|upkeep
|turn|5
|l|☆Lacossg
|player|p2|
|-message|tr setter forfeited.
|raw|tr setter's rating: 1258 → 1232(-26 for losing)
|raw|Lacossg's rating: 1240 → 1266(+26 for winning)
|
|win|Lacossg
|j|☆Lacossg
|player|p2|Lacossg|170|
