|j|☆yurinasaan
|j|☆TehCruzeFan123
|html|yurinasaanTehCruzeFan123    
|uhtml|bestof|Game 1 of a best-of-3
|t:|1784949939
|gametype|doubles
|player|p1|yurinasaan|170|1083
|player|p2|TehCruzeFan123|guzma|1040
|gen|9
|tier|[Gen 9 Champions] VGC 2026 Reg M-B (Bo3)
|rated|
|rule|Species Clause: Limit one of each Pokémon
|rule|Item Clause: Limit 1 of each item
|clearpoke
|poke|p1|Delphox, L50, M|
|poke|p1|Blastoise, L50, F|
|poke|p1|Sinistcha, L50|
|poke|p1|Sneasler, L50, F|
|poke|p1|Incineroar, L50, F|
|poke|p1|Kingambit, L50, F|
|poke|p2|Aerodactyl, L50, M|
|poke|p2|Hippowdon, L50, F|
|poke|p2|Gholdengo, L50|
|poke|p2|Sneasler, L50, F|
|poke|p2|Basculegion, L50, M|
|poke|p2|Floette-Eternal, L50, F|
|teampreview|4
|showteam|p1|Delphox||Delphoxite|Blaze|Psyshock,HeatWave,NastyPlot,Protect|Timid||M|||50|]Blastoise||Blastoisinite|Torrent|WaterSpout,DarkPulse,ShellSmash,Protect|Modest||F|||50|]Sinistcha||ColburBerry|Hospitality|MatchaGotcha,RagePowder,TrickRoom,Protect|Bold|||||50|]Sneasler||FocusSash|PoisonTouch|DireClaw,CloseCombat,FakeOut,QuickGuard|Jolly||F|||50|]Incineroar||SitrusBerry|Intimidate|FlareBlitz,HelpingHand,PartingShot,FakeOut|Careful||F|||50|]Kingambit||LifeOrb|Defiant|KowtowCleave,SuckerPunch,SwordsDance,Protect|Adamant||F|||50|
|showteam|p2|Aerodactyl||Aerodactylite|RockHead|DualWingbeat,RockSlide,IceFang,Tailwind|Jolly||M|||50|]Hippowdon||Leftovers|SandStream|Protect,Yawn,HighHorsepower,StoneEdge|Adamant||F|||50|]Gholdengo||FocusSash|GoodasGold|Protect,MakeItRain,ShadowBall,NastyPlot|Modest|||||50|]Sneasler||WhiteHerb|Unburden|Protect,FakeOut,CloseCombat,DireClaw|Jolly||F|||50|]Basculegion||KasibBerry|Adaptability|Protect,WaveCrash,LastRespects,AquaJet|Adamant||M|||50|]Floette-Eternal||Floettite|FlowerVeil|Protect,Moonblast,DazzlingGleam,LightofRuin|Timid||F|||50|
|inactive|Battle timer is ON: inactive players will automatically lose when time's up. (requested by TehCruzeFan123)
|inactive|yurinasaan has 60 seconds left.
|inactive|TehCruzeFan123 has 60 seconds left.
|
|t:|1784949991
|teamsize|p1|4
|teamsize|p2|4
|start
|switch|p1a: Blastoise|Blastoise, L50, F|100/100
|switch|p1b: Incineroar|Incineroar, L50, F|100/100
|switch|p2a: Sneasler|Sneasler, L50, F|100/100
|switch|p2b: Aerodactyl|Aerodactyl, L50, M|100/100
|-ability|p1b: Incineroar|Intimidate|boost
|-unboost|p2a: Sneasler|atk|1
|-unboost|p2b: Aerodactyl|atk|1
|-enditem|p2a: Sneasler|White Herb
|-clearnegativeboost|p2a: Sneasler|[silent]
|turn|1
|inactive|yurinasaan has 30 seconds left.
|
|t:|1784950017
|switch|p1b: Sneasler|Sneasler, L50, F|100/100
|detailschange|p1a: Blastoise|Blastoise-Mega, L50, F
|-mega|p1a: Blastoise|Blastoise|Blastoisinite
|move|p1a: Blastoise|Protect|p1a: Blastoise
|-singleturn|p1a: Blastoise|Protect
|move|p2a: Sneasler|Close Combat|p1b: Sneasler
|-resisted|p1b: Sneasler|1
|-damage|p1b: Sneasler|57/100
|-unboost|p2a: Sneasler|def|1
|-unboost|p2a: Sneasler|spd|1
|move|p2b: Aerodactyl|Rock Slide|p1a: Blastoise|[spread] 
|-activate|p1a: Blastoise|move: Protect
|-miss|p2b: Aerodactyl|p1b: Sneasler
|
|upkeep
|turn|2
|inactive|TehCruzeFan123 has 30 seconds left.
|
|t:|1784950042
|move|p2a: Sneasler|Protect|p2a: Sneasler
|-singleturn|p2a: Sneasler|Protect
|move|p1b: Sneasler|Fake Out|p2a: Sneasler
|-activate|p2a: Sneasler|move: Protect
|move|p2b: Aerodactyl|Dual Wingbeat|p1b: Sneasler
|-supereffective|p1b: Sneasler|1
|-damage|p1b: Sneasler|25/100
|-supereffective|p1b: Sneasler|1
|-damage|p1b: Sneasler|0 fnt
|faint|p1b: Sneasler
|-hitcount|p1: Sneasler|2
|move|p1a: Blastoise|Water Spout|p2a: Sneasler|[spread] p2b
|-activate|p2a: Sneasler|move: Protect
|-supereffective|p2b: Aerodactyl|1
|-damage|p2b: Aerodactyl|0 fnt
|faint|p2b: Aerodactyl
|
|upkeep
|
|t:|1784950061
|switch|p1b: Incineroar|Incineroar, L50, F|100/100
|switch|p2b: Floette|Floette-Eternal, L50, F|100/100
|-ability|p1b: Incineroar|Intimidate|boost
|-unboost|p2a: Sneasler|atk|1
|-unboost|p2b: Floette|atk|1
|turn|3
|
|t:|1784950075
|detailschange|p2b: Floette|Floette-Mega, L50, F
|-mega|p2b: Floette|Floette|Floettite
|-ability|p2b: Floette|Fairy Aura
|move|p1b: Incineroar|Fake Out|p2b: Floette
|-damage|p2b: Floette|86/100
|move|p2a: Sneasler|Close Combat|p1a: Blastoise
|-damage|p1a: Blastoise|68/100
|-unboost|p2a: Sneasler|def|1
|-unboost|p2a: Sneasler|spd|1
|cant|p2b: Floette|flinch
|move|p1a: Blastoise|Water Spout|p2b: Floette|[spread] p2a,p2b
|-damage|p2a: Sneasler|0 fnt
|-damage|p2b: Floette|44/100
|faint|p2a: Sneasler
|
|upkeep
|
|t:|1784950087
|switch|p2a: Basculegion|Basculegion, L50, M|100/100
|turn|4
|inactive|TehCruzeFan123 has 30 seconds left.
|
|t:|1784950112
|move|p1a: Blastoise|Protect|p1a: Blastoise
|-singleturn|p1a: Blastoise|Protect
|move|p2b: Floette|Light of Ruin|p1a: Blastoise
|-activate|p1a: Blastoise|move: Protect
|move|p2a: Basculegion|Wave Crash|p1b: Incineroar
|-supereffective|p1b: Incineroar|1
|-damage|p1b: Incineroar|0 fnt
|faint|p1b: Incineroar
|-damage|p2a: Basculegion|65/100|[from] Recoil
|
|upkeep
|
|t:|1784950123
|switch|p1b: Kingambit|Kingambit, L50, F|100/100
|turn|5
|
|t:|1784950152
|move|p2b: Floette|Moonblast|p1a: Blastoise
|-damage|p1a: Blastoise|0 fnt
|faint|p1a: Blastoise
|move|p2a: Basculegion|Wave Crash|p1b: Kingambit
|-damage|p1b: Kingambit|44/100
|-damage|p2a: Basculegion|46/100|[from] Recoil
|move|p1b: Kingambit|Swords Dance|p1b: Kingambit
|-boost|p1b: Kingambit|atk|2
|
|upkeep
|turn|6
|
|t:|1784950165
|move|p1b: Kingambit|Sucker Punch|p2a: Basculegion
|-supereffective|p2a: Basculegion|1
|-damage|p2a: Basculegion|0 fnt
|faint|p2a: Basculegion
|-damage|p1b: Kingambit|35/100|[from] item: Life Orb
|move|p2b: Floette|Moonblast|p1b: Kingambit
|-damage|p1b: Kingambit|0 fnt
|faint|p1b: Kingambit
|
|win|TehCruzeFan123
