|j|☆Pokeniner
|j|☆mcstupidly_
|html|Pokeninermcstupidly_    
|uhtml|bestof|Game 2 of a best-of-3
|t:|1782598705
|gametype|doubles
|player|p1|Pokeniner|169|
|player|p2|mcstupidly_|taunie|
|gen|9
|tier|[Gen 9 Champions] VGC 2026 Reg M-B (Bo3)
|rule|Species Clause: Limit one of each Pokémon
|rule|Item Clause: Limit 1 of each item
|clearpoke
|poke|p1|Meganium, L50, F|
|poke|p1|Swampert, L50, F|
|poke|p1|Pelipper, L50, M|
|poke|p1|Archaludon, L50, F|
|poke|p1|Arcanine-Hisui, L50, F|
|poke|p1|Alcremie, L50, F|
|poke|p2|Toxapex, L50, F, shiny|
|poke|p2|Kingambit, L50, F|
|poke|p2|Sinistcha, L50|
|poke|p2|Wyrdeer, L50, F|
|poke|p2|Banette, L50, F|
|poke|p2|Eelektross, L50, M|
|teampreview|4
|showteam|p1|Meganium||Meganiumite|Overgrow|SolarBeam,WeatherBall,DazzlingGleam,Protect|Modest||F|||50|]Swampert||Swampertite|Torrent|Protect,WaveCrash,HighHorsepower,IcePunch|Adamant||F|||50|]Pelipper||FocusSash|Drizzle|Hurricane,Tailwind,WeatherBall,WideGuard|Timid||M|||50|]Archaludon||Leftovers|Stamina|ElectroShot,DracoMeteor,FlashCannon,Snarl|Modest||F|||50|]Arcanine-Hisui||LifeOrb|RockHead|FlareBlitz,WildCharge,HeadSmash,PsychicFangs|Adamant||F|||50|]Alcremie||SitrusBerry|AromaVeil|Decorate,Protect,HelpingHand,DazzlingGleam|Bold||F|||50|
|showteam|p2|Toxapex||MentalHerb|Regenerator|BanefulBunker,WideGuard,Toxic,PainSplit|Bold||F|||50|]Kingambit||ChopleBerry|Defiant|Protect,KowtowCleave,LowKick,SuckerPunch|Adamant||F|||50|]Sinistcha||Leftovers|Hospitality|MatchaGotcha,RagePowder,Protect,StrengthSap|Bold|||||50|]Wyrdeer||SitrusBerry|Intimidate|TrickRoom,PsyshieldBash,WildCharge,HighHorsepower|Brave||F|||50|]Banette||Banettite|Frisk|KnockOff,WillOWisp,TrickRoom,Poltergeist|Sassy||F|||50|]Eelektross||Eelektrossite|Levitate|SupercellSlam,Coil,PsychicFangs,DrainPunch|Sassy||M|||50|
|j| BlabberSaur
|
|t:|1782598759
|teamsize|p1|4
|teamsize|p2|4
|start
|switch|p1a: Alcremie|Alcremie, L50, F|100/100
|switch|p1b: Arcanine|Arcanine-Hisui, L50, F|100/100
|switch|p2a: Kingambit|Kingambit, L50, F|100/100
|switch|p2b: Wyrdeer|Wyrdeer, L50, F|100/100
|-ability|p2b: Wyrdeer|Intimidate|boost
|-unboost|p1a: Alcremie|atk|1
|-unboost|p1b: Arcanine|atk|1
|turn|1
|
|t:|1782598809
|move|p1a: Alcremie|Helping Hand|p1b: Arcanine
|-singleturn|p1b: Arcanine|Helping Hand|[of] p1a: Alcremie
|move|p2a: Kingambit|Protect|p2a: Kingambit
|-singleturn|p2a: Kingambit|Protect
|move|p1b: Arcanine|Head Smash|p2b: Wyrdeer
|-damage|p2b: Wyrdeer|0 fnt
|faint|p2b: Wyrdeer
|-damage|p1b: Arcanine|90/100|[from] item: Life Orb
|
|upkeep
|
|t:|1782598823
|switch|p2b: Sinistcha|Sinistcha, L50|100/100
|turn|2
|
|t:|1782598838
|switch|p2a: Eelektross|Eelektross, L50, M|100/100
|move|p1a: Alcremie|Helping Hand|p1b: Arcanine
|-singleturn|p1b: Arcanine|Helping Hand|[of] p1a: Alcremie
|move|p1b: Arcanine|Flare Blitz|p2a: Eelektross
|-damage|p2a: Eelektross|0 fnt
|faint|p2a: Eelektross
|-damage|p1b: Arcanine|80/100|[from] item: Life Orb
|move|p2b: Sinistcha|Matcha Gotcha|p1b: Arcanine|[spread] p1a,p1b
|-damage|p1a: Alcremie|78/100
|-damage|p1b: Arcanine|48/100
|
|upkeep
|
|t:|1782598846
|switch|p2a: Kingambit|Kingambit, L50, F|100/100
|turn|3
|
|t:|1782598859
|move|p2a: Kingambit|Sucker Punch|p1b: Arcanine
|-damage|p1b: Arcanine|0 fnt
|faint|p1b: Arcanine
|move|p2b: Sinistcha|Matcha Gotcha|p1a: Alcremie
|-damage|p1a: Alcremie|48/100
|-enditem|p1a: Alcremie|Sitrus Berry|[eat]
|-heal|p1a: Alcremie|73/100|[from] item: Sitrus Berry
|move|p1a: Alcremie|Decorate|p1: Arcanine|[notarget]
|-fail|p1a: Alcremie
|
|upkeep
|
|t:|1782598862
|switch|p1b: Pelipper|Pelipper, L50, M|100/100
|-weather|RainDance|[from] ability: Drizzle|[of] p1b: Pelipper
|turn|4
|
|t:|1782598872
|move|p2b: Sinistcha|Protect|p2b: Sinistcha
|-singleturn|p2b: Sinistcha|Protect
|move|p1b: Pelipper|Tailwind|p1b: Pelipper
|-sidestart|p1: Pokeniner|move: Tailwind
|move|p1a: Alcremie|Decorate|p1b: Pelipper
|-boost|p1b: Pelipper|atk|2
|-boost|p1b: Pelipper|spa|2
|move|p2a: Kingambit|Kowtow Cleave|p1b: Pelipper
|-damage|p1b: Pelipper|48/100
|
|-weather|RainDance|[upkeep]
|upkeep
|turn|5
|
|t:|1782598906
|switch|p1a: Swampert|Swampert, L50, F|100/100
|move|p1b: Pelipper|Wide Guard|p1b: Pelipper
|-singleturn|p1b: Pelipper|Wide Guard
|move|p2b: Sinistcha|Rage Powder|p2b: Sinistcha
|-singleturn|p2b: Sinistcha|move: Rage Powder
|move|p2a: Kingambit|Kowtow Cleave|p1b: Pelipper
|-damage|p1b: Pelipper|0 fnt
|faint|p1b: Pelipper
|
|-weather|RainDance|[upkeep]
|upkeep
|
|t:|1782598913
|switch|p1b: Alcremie|Alcremie, L50, F|73/100
|turn|6
|
|t:|1782598982
|detailschange|p1a: Swampert|Swampert-Mega, L50, F
|-mega|p1a: Swampert|Swampert|Swampertite
|move|p1b: Alcremie|Helping Hand|p1a: Swampert
|-singleturn|p1a: Swampert|Helping Hand|[of] p1b: Alcremie
|move|p2a: Kingambit|Sucker Punch|p1a: Swampert
|-crit|p1a: Swampert
|-damage|p1a: Swampert|45/100
|move|p1a: Swampert|Ice Punch|p2b: Sinistcha
|-supereffective|p2b: Sinistcha|1
|-damage|p2b: Sinistcha|31/100
|move|p2b: Sinistcha|Matcha Gotcha|p1b: Alcremie|[spread] p1a,p1b
|-supereffective|p1a: Swampert|2
|-damage|p1a: Swampert|0 fnt
|-heal|p2b: Sinistcha|54/100|[from] drain|[of] p1a: Swampert
|-damage|p1b: Alcremie|51/100
|-heal|p2b: Sinistcha|65/100|[from] drain|[of] p1b: Alcremie
|faint|p1a: Swampert
|
|-weather|RainDance|[upkeep]
|-heal|p2b: Sinistcha|71/100|[from] item: Leftovers
|upkeep
|turn|7
|
|t:|1782598998
|move|p1b: Alcremie|Dazzling Gleam|p2b: Sinistcha|[spread] p2a,p2b
|-damage|p2a: Kingambit|78/100
|-damage|p2b: Sinistcha|42/100
|move|p2b: Sinistcha|Matcha Gotcha|p1b: Alcremie
|-damage|p1b: Alcremie|25/100
|-heal|p2b: Sinistcha|55/100|[from] drain|[of] p1b: Alcremie
|move|p2a: Kingambit|Kowtow Cleave|p1b: Alcremie
|-resisted|p1b: Alcremie|1
|-damage|p1b: Alcremie|4/100
|
|-weather|RainDance|[upkeep]
|-heal|p2b: Sinistcha|61/100|[from] item: Leftovers
|-sideend|p1: Pokeniner|move: Tailwind
|upkeep
|turn|8
|
|t:|1782599004
|move|p2a: Kingambit|Sucker Punch|p1b: Alcremie
|-resisted|p1b: Alcremie|1
|-damage|p1b: Alcremie|0 fnt
|faint|p1b: Alcremie
|
|win|mcstupidly_
||Pokeniner is ready for game 3.
|inactive|mcstupidly_ has 30 seconds to confirm battle start!
