|j|☆beppe_brescia
|j|☆yveltyy
|html|beppe_bresciayveltyy    
|uhtml|bestof|Game 2 of a best-of-3
|t:|1757837315
|gametype|doubles
|player|p1|beppe_brescia|rocketgrunt|1047
|player|p2|yveltyy|plasmagruntf-gen5bw|1010
|gen|9
|tier|[Gen 9] VGC 2025 Reg H (Bo3)
|rated|
|rule|Species Clause: Limit one of each Pokémon
|rule|Item Clause: Limit 1 of each item
|clearpoke
|poke|p1|Delphox, L50, M|
|poke|p1|Indeedee-F, L50, F|
|poke|p1|Sneasler, L50, F|
|poke|p1|Whimsicott, L50, F|
|poke|p1|Palafin, L50, M|
|poke|p1|Hydreigon, L50, F|
|poke|p2|Zoroark-Hisui, L50, M|
|poke|p2|Incineroar, L50, F|
|poke|p2|Maushold, L50|
|poke|p2|Annihilape, L50, M|
|poke|p2|Sinistcha, L50|
|poke|p2|Ursaluna-Bloodmoon, L50, M|
|teampreview|4
|showteam|p1|Delphox||LifeOrb|Blaze|HeatWave,Protect,DazzlingGleam,ExpandingForce|||M|||50|,,,,,Psychic]Indeedee-F||RockyHelmet|PsychicSurge|Psyshock,FollowMe,HelpingHand,Protect|||F|||50|,,,,,Grass]Sneasler||PsychicSeed|Unburden|CloseCombat,DireClaw,ThroatChop,Protect|||F|||50|,,,,,Stellar]Whimsicott||CovertCloak|Prankster|Taunt,Tailwind,EnergyBall,Encore|||F|||50|,,,,,Steel]Palafin||ClearAmulet|ZerotoHero|JetPunch,Protect,FlipTurn,WaveCrash|||M|||50|,,,,,Water]Hydreigon||ScopeLens|Levitate|FocusEnergy,DarkPulse,Protect,DracoMeteor|||F|||50|,,,,,Poison
|showteam|p2|Zoroark-Hisui||FocusSash|Illusion|ShadowBall,Protect,HyperVoice,Taunt|||M|||50|,,,,,Normal]Incineroar||AssaultVest|Intimidate|FakeOut,KnockOff,FlareBlitz,Uturn|||F|||50|,,,,,Grass]Maushold||CovertCloak|FriendGuard|BeatUp,FollowMe,Taunt,Protect||||||50|,,,,,Ghost]Annihilape||Leftovers|Defiant|BulkUp,RageFist,DrainPunch,Protect|||M|||50|,,,,,Fire]Sinistcha||SitrusBerry|Hospitality|RagePowder,TrickRoom,MatchaGotcha,LifeDew||||||50|,,,,,Fire]Ursaluna-Bloodmoon||LifeOrb|MindsEye|HyperVoice,BloodMoon,EarthPower,Protect|||M|||50|,,,,,Normal
|inactive|Battle timer is ON: inactive players will automatically lose when time's up. (requested by yveltyy)
|j| facod
|
|t:|1757837340
|teamsize|p1|4
|teamsize|p2|4
|start
|switch|p1a: cotton thing|Whimsicott, L50, F|100/100
|switch|p1b: Palafin|Palafin, L50, M|100/100
|switch|p2a: Ursaluna|Ursaluna-Bloodmoon, L50, M|100/100
|switch|p2b: Incineroar|Incineroar, L50, F|100/100
|-ability|p2b: Incineroar|Intimidate|boost
|-unboost|p1a: cotton thing|atk|1
|-fail|p1b: Palafin|unboost|[from] item: Clear Amulet|[of] p1b: Palafin
|turn|1
|inactive|beppe_brescia has 30 seconds left.
|inactive|beppe_brescia has 20 seconds left.
|inactive|beppe_brescia has 15 seconds left.
|
|t:|1757837380
|move|p2a: Ursaluna|Protect|p2a: Ursaluna
|-singleturn|p2a: Ursaluna|Protect
|move|p1a: cotton thing|Tailwind|p1a: cotton thing
|-sidestart|p1: beppe_brescia|move: Tailwind
|move|p1b: Palafin|Flip Turn|p2a: Ursaluna
|-activate|p2a: Ursaluna|move: Protect
|move|p2b: Incineroar|Flare Blitz|p1a: cotton thing
|-supereffective|p1a: cotton thing
|-damage|p1a: cotton thing|0 fnt
|faint|p1a: cotton thing
|-damage|p2b: Incineroar|73/100|[from] Recoil
|
|upkeep
|
|t:|1757837393
|switch|p1a: new mega|Delphox, L50, M, shiny|100/100
|turn|2
|
|t:|1757837419
|move|p1a: new mega|Dazzling Gleam|p2a: Ursaluna|[spread] p2a,p2b
|-damage|p2a: Ursaluna|50/100
|-damage|p2b: Incineroar|58/100
|replace|p2a: Zoroark|Zoroark-Hisui, L50, M, shiny
|-end|p2a: Zoroark|Illusion
|-damage|p1a: new mega|91/100|[from] item: Life Orb
|move|p1b: Palafin|Flip Turn|p2b: Incineroar
|-supereffective|p2b: Incineroar
|-damage|p2b: Incineroar|13/100
|
|t:|1757837430
|detailschange|p1b: Palafin|Palafin-Hero, L50, M
|switch|p1b: indeede capitalism|Indeedee-F, L50, F|100/100|[from] Flip Turn
|-fieldstart|move: Psychic Terrain|[from] ability: Psychic Surge|[of] p1b: indeede capitalism
|move|p2a: Zoroark|Shadow Ball|p1a: new mega
|-supereffective|p1a: new mega
|-damage|p1a: new mega|0 fnt
|faint|p1a: new mega
|move|p2b: Incineroar|U-turn|p1b: indeede capitalism
|-supereffective|p1b: indeede capitalism
|-damage|p1b: indeede capitalism|61/100
|-damage|p2b: Incineroar|0 fnt|[from] item: Rocky Helmet|[of] p1b: indeede capitalism
|faint|p2b: Incineroar
|
|upkeep
|
|t:|1757837443
|switch|p1a: Palafin|Palafin-Hero, L50, M|100/100
|switch|p2b: Sinistcha|Sinistcha, L50|100/100
|-activate|p1a: Palafin|ability: Zero to Hero
|-heal|p2a: Zoroark|74/100|[from] ability: Hospitality|[of] p2b: Sinistcha
|turn|3
|
|t:|1757837465
|-terastallize|p1a: Palafin|Water
|move|p1b: indeede capitalism|Helping Hand|p1a: Palafin
|-singleturn|p1a: Palafin|Helping Hand|[of] p1b: indeede capitalism
|move|p2a: Zoroark|Protect|p2a: Zoroark
|-singleturn|p2a: Zoroark|Protect
|move|p1a: Palafin|Wave Crash|p2b: Sinistcha
|-resisted|p2b: Sinistcha
|-damage|p2b: Sinistcha|21/100
|-enditem|p2b: Sinistcha|Sitrus Berry|[eat]
|-heal|p2b: Sinistcha|46/100|[from] item: Sitrus Berry
|-damage|p1a: Palafin|74/100|[from] Recoil
|move|p2b: Sinistcha|Matcha Gotcha|p1a: Palafin|[spread] p1a
|-miss|p2b: Sinistcha|p1b: indeede capitalism
|-supereffective|p1a: Palafin
|-damage|p1a: Palafin|19/100
|-heal|p2b: Sinistcha|73/100|[from] drain|[of] p1a: Palafin
|
|upkeep
|turn|4
|inactive|beppe_brescia has 30 seconds left.
|inactive|yveltyy has 30 seconds left.
|
|t:|1757837498
|move|p1b: indeede capitalism|Helping Hand|p1a: Palafin
|-singleturn|p1a: Palafin|Helping Hand|[of] p1b: indeede capitalism
|move|p1a: Palafin|Wave Crash|p2b: Sinistcha
|-resisted|p2b: Sinistcha
|-damage|p2b: Sinistcha|0 fnt
|faint|p2b: Sinistcha
|-damage|p1a: Palafin|0 fnt|[from] Recoil
|faint|p1a: Palafin
|move|p2a: Zoroark|Shadow Ball|p1b: indeede capitalism
|-immune|p1b: indeede capitalism
|
|-sideend|p1: beppe_brescia|move: Tailwind
|upkeep
|
|t:|1757837507
|switch|p2b: Ursaluna|Ursaluna-Bloodmoon, L50, M|100/100
|turn|5
|
|t:|1757837513
|move|p2a: Zoroark|Hyper Voice|p1b: indeede capitalism
|-crit|p1b: indeede capitalism
|-damage|p1b: indeede capitalism|0 fnt
|faint|p1b: indeede capitalism
|
|win|yveltyy
||beppe_brescia is ready for game 3.
||yveltyy is ready for game 3.
|uhtml|next|Next: Game 3 of 3
|l| facod
|l|☆beppe_brescia
|player|p1|
|l|☆yveltyy
|player|p2|
