|j|☆danolp2
|j|☆Esponjo
|html|danolp2Esponjo    
|uhtml|bestof|Game 1 of a best-of-3
|t:|1785902636
|gametype|doubles
|player|p1|danolp2|170|1023
|player|p2|Esponjo|265|1000
|gen|9
|tier|[Gen 9 Champions] VGC 2026 Reg M-B (Bo3)
|rated|
|rule|Species Clause: Limit one of each Pokémon
|rule|Item Clause: Limit 1 of each item
|clearpoke
|poke|p1|Gengar, L50, F, shiny|
|poke|p1|Skarmory, L50, F, shiny|
|poke|p1|Ninetales-Alola, L50, F|
|poke|p1|Hydreigon, L50, F|
|poke|p1|Sableye, L50, M|
|poke|p1|Incineroar, L50, F|
|poke|p2|Staraptor, L50, F|
|poke|p2|Arcanine-Hisui, L50, F|
|poke|p2|Kingambit, L50, F|
|poke|p2|Raichu, L50, M|
|poke|p2|Farigiraf, L50, M|
|poke|p2|Sylveon, L50, F|
|teampreview|4
|showteam|p1|Gengar||Gengarite|CursedBody|DazzlingGleam,ShadowBall,Thunderbolt,Protect|Timid||F|||50|]Skarmory||Skarmorite|Sturdy|Tailwind,BraveBird,BodyPress,Taunt|Jolly||F|||50|]Ninetales-Alola||LightClay|SnowWarning|AuroraVeil,NastyPlot,Blizzard,Protect|Timid||F|||50|]Hydreigon||LifeOrb|Levitate|DracoMeteor,DarkPulse,HeatWave,Protect|Timid||F|||50|]Sableye||SilkScarf|Prankster|FakeOut,Encore,WillOWisp,ThunderWave|Impish||M|||50|]Incineroar||SitrusBerry|Intimidate|PartingShot,FakeOut,FlareBlitz,Taunt|Adamant||F|||50|
|showteam|p2|Staraptor||Staraptite|Intimidate|DualWingbeat,CloseCombat,Tailwind,Protect|Jolly||F|||50|]Arcanine-Hisui||FocusSash|RockHead|FlareBlitz,HeadSmash,ExtremeSpeed,Protect|Jolly||F|||50|]Kingambit||LifeOrb|Defiant|KowtowCleave,SuckerPunch,SwordsDance,Protect|Adamant||F|||50|]Raichu||RaichuniteY|LightningRod|ZapCannon,FocusBlast,FakeOut,Protect|Modest||M|||50|]Farigiraf||SitrusBerry|ArmorTail|Psychic,HelpingHand,TrickRoom,Protect|Bold||M|||50|]Sylveon||FairyFeather|Pixilate|HyperVoice,HyperBeam,QuickAttack,Detect|Modest||F|||50|
|inactive|Battle timer is ON: inactive players will automatically lose when time's up. (requested by Esponjo)
|inactive|danolp2 has 60 seconds left.
|
|t:|1785902690
|teamsize|p1|4
|teamsize|p2|4
|start
|switch|p1a: Skarmory|Skarmory, L50, F, shiny|100/100
|switch|p1b: Incineroar|Incineroar, L50, F|100/100
|switch|p2a: Staraptor|Staraptor, L50, F|100/100
|switch|p2b: Arcanine|Arcanine-Hisui, L50, F|100/100
|-ability|p2a: Staraptor|Intimidate|boost
|-unboost|p1a: Skarmory|atk|1
|-unboost|p1b: Incineroar|atk|1
|-ability|p1b: Incineroar|Intimidate|boost
|-unboost|p2a: Staraptor|atk|1
|-unboost|p2b: Arcanine|atk|1
|turn|1
|inactive|Esponjo has 30 seconds left.
|
|t:|1785902718
|detailschange|p2a: Staraptor|Staraptor-Mega, L50, F
|-mega|p2a: Staraptor|Staraptor|Staraptite
|move|p2a: Staraptor|Protect|p2a: Staraptor
|-singleturn|p2a: Staraptor|Protect
|move|p1b: Incineroar|Fake Out|p2b: Arcanine
|-resisted|p2b: Arcanine|1
|-damage|p2b: Arcanine|94/100
|cant|p2b: Arcanine|flinch
|move|p1a: Skarmory|Tailwind|p1a: Skarmory
|-sidestart|p1: danolp2|move: Tailwind
|
|upkeep
|turn|2
|inactive|danolp2 has 30 seconds left.
|
|t:|1785902751
|move|p1a: Skarmory|Taunt|p2a: Staraptor
|-start|p2a: Staraptor|move: Taunt
|cant|p2a: Staraptor|move: Taunt|Tailwind
|move|p1b: Incineroar|Taunt|p2b: Arcanine
|-start|p2b: Arcanine|move: Taunt
|move|p2b: Arcanine|Flare Blitz|p1a: Skarmory
|-supereffective|p1a: Skarmory|1
|-damage|p1a: Skarmory|37/100
|
|upkeep
|turn|3
|
|t:|1785902768
|move|p1a: Skarmory|Body Press|p2b: Arcanine
|-supereffective|p2b: Arcanine|1
|-damage|p2b: Arcanine|26/100
|move|p2a: Staraptor|Close Combat|p1b: Incineroar
|-supereffective|p1b: Incineroar|1
|-damage|p1b: Incineroar|28/100
|-boost|p2a: Staraptor|def|1
|-boost|p2a: Staraptor|spd|1
|-enditem|p1b: Incineroar|Sitrus Berry|[eat]
|-heal|p1b: Incineroar|53/100|[from] item: Sitrus Berry
|move|p1b: Incineroar|Parting Shot|p2b: Arcanine
|-unboost|p2b: Arcanine|atk|1
|-unboost|p2b: Arcanine|spa|1
|
|t:|1785902779
|switch|p1b: Gengar|Gengar, L50, F, shiny|100/100|[from] Parting Shot
|move|p2b: Arcanine|Flare Blitz|p1a: Skarmory
|-supereffective|p1a: Skarmory|1
|-damage|p1a: Skarmory|0 fnt
|faint|p1a: Skarmory
|
|upkeep
|
|t:|1785902784
|switch|p1a: Hydreigon|Hydreigon, L50, F|100/100
|turn|4
|
|t:|1785902807
|detailschange|p1b: Gengar|Gengar-Mega, L50, F, shiny
|-mega|p1b: Gengar|Gengar|Gengarite
|move|p1b: Gengar|Dazzling Gleam|p2b: Arcanine|[spread] p2a,p2b
|-supereffective|p2a: Staraptor|1
|-resisted|p2b: Arcanine|1
|-damage|p2a: Staraptor|63/100
|-damage|p2b: Arcanine|11/100
|move|p1a: Hydreigon|Heat Wave|p2b: Arcanine|[spread] p2a,p2b
|-resisted|p2b: Arcanine|2
|-damage|p2a: Staraptor|41/100
|-damage|p2b: Arcanine|1/100
|-damage|p1a: Hydreigon|90/100|[from] item: Life Orb
|move|p2a: Staraptor|Close Combat|p1a: Hydreigon
|-supereffective|p1a: Hydreigon|1
|-damage|p1a: Hydreigon|0 fnt
|-boost|p2a: Staraptor|def|1
|-boost|p2a: Staraptor|spd|1
|faint|p1a: Hydreigon
|move|p2b: Arcanine|Head Smash|p1b: Gengar
|-damage|p1b: Gengar|43/100
|
|-end|p2a: Staraptor|move: Taunt
|-end|p2b: Arcanine|move: Taunt
|-sideend|p1: danolp2|move: Tailwind
|upkeep
|
|t:|1785902818
|switch|p1a: Incineroar|Incineroar, L50, F|53/100
|-ability|p1a: Incineroar|Intimidate|boost
|-boost|p2a: Staraptor|atk|1
|-unboost|p2b: Arcanine|atk|1
|turn|5
|
|t:|1785902841
|move|p1a: Incineroar|Fake Out|p2b: Arcanine
|-resisted|p2b: Arcanine|1
|-damage|p2b: Arcanine|0 fnt
|faint|p2b: Arcanine
|move|p1b: Gengar|Thunderbolt|p2a: Staraptor
|-supereffective|p2a: Staraptor|1
|-damage|p2a: Staraptor|5/100
|move|p2a: Staraptor|Dual Wingbeat|p1b: Gengar
|-damage|p1b: Gengar|13/100
|-crit|p1b: Gengar
|-damage|p1b: Gengar|0 fnt
|faint|p1b: Gengar
|-hitcount|p1: Gengar|2
|
|upkeep
|-message|danolp2 forfeited.
|
|win|Esponjo
|l|☆danolp2
|player|p1|
||danolp2 is ready for game 2.
||Esponjo is ready for game 2.
|uhtml|next|Next: Game 2 of 3
