|j|☆kyriepokemon
|j|☆naibot2814
|html|kyriepokemonnaibot2814    
|uhtml|bestof|Game 2 of a best-of-3
|t:|1783223333
|gametype|doubles
|player|p1|kyriepokemon|265|1242
|player|p2|naibot2814|ghetsis|1367
|gen|9
|tier|[Gen 9 Champions] VGC 2026 Reg M-B (Bo3)
|rated|
|rule|Species Clause: Limit one of each Pokémon
|rule|Item Clause: Limit 1 of each item
|clearpoke
|poke|p1|Tyranitar, L50, M|
|poke|p1|Corviknight, L50, M|
|poke|p1|Grimmsnarl, L50, M|
|poke|p1|Milotic, L50, F|
|poke|p1|Sinistcha, L50|
|poke|p1|Rotom-Heat, L50|
|poke|p2|Incineroar, L50, M|
|poke|p2|Sinistcha, L50, shiny|
|poke|p2|Maushold-Four, L50|
|poke|p2|Delphox, L50, F|
|poke|p2|Sneasler, L50, M|
|poke|p2|Blastoise, L50, M|
|teampreview|4
|showteam|p1|Tyranitar||Tyranitarite|SandStream|KnockOff,Protect,RockSlide,Earthquake|Adamant||M|||50|]Corviknight||Leftovers|MirrorArmor|BodyPress,IronHead,BulkUp,Roost|Impish||M|||50|]Grimmsnarl||LightClay|Prankster|SpiritBreak,LightScreen,PartingShot,Reflect|Impish||M|||50|]Milotic||WideLens|Competitive|MuddyWater,Coil,Hypnosis,Recover|Bold||F|||50|]Sinistcha||SitrusBerry|Hospitality|MatchaGotcha,StrengthSap,TrickRoom,RagePowder|Bold|||||50|]Rotom-Heat||ChoiceScarf|Levitate|Thunderbolt,VoltSwitch,Electroweb,Overheat|Modest|||||50|
|showteam|p2|Incineroar||SitrusBerry|Intimidate|FakeOut,DarkestLariat,FlareBlitz,PartingShot|Impish||M|||50|]Sinistcha||KasibBerry|Hospitality|MatchaGotcha,RagePowder,TrickRoom,Protect|Bold|||||50|]Maushold-Four||ChopleBerry|FriendGuard|SuperFang,Feint,FollowMe,Protect|Impish|||||50|]Delphox||Delphoxite|Blaze|HeatWave,Psyshock,NastyPlot,Protect|Timid||F|||50|]Sneasler||FocusSash|PoisonTouch|FakeOut,PoisonJab,CloseCombat,QuickGuard|Jolly||M|||50|]Blastoise||Blastoisinite|Torrent|WaterSpout,DarkPulse,ShellSmash,Protect|Modest||M|||50|
|
|t:|1783223366
|teamsize|p1|4
|teamsize|p2|4
|start
|switch|p1a: Tyranitar|Tyranitar, L50, M|100/100
|switch|p1b: Sinistcha|Sinistcha, L50|100/100
|switch|p2a: Delphox|Delphox, L50, F|100/100
|switch|p2b: Sneasler|Sneasler, L50, M|100/100
|-weather|Sandstorm|[from] ability: Sand Stream|[of] p1a: Tyranitar
|turn|1
|
|t:|1783223413
|detailschange|p2a: Delphox|Delphox-Mega, L50, F
|-mega|p2a: Delphox|Delphox|Delphoxite
|detailschange|p1a: Tyranitar|Tyranitar-Mega, L50, M
|-mega|p1a: Tyranitar|Tyranitar|Tyranitarite
|move|p2a: Delphox|Heat Wave|p1b: Sinistcha|[spread] p1a,p1b
|-resisted|p1a: Tyranitar|1
|-supereffective|p1b: Sinistcha|1
|-damage|p1a: Tyranitar|89/100
|-damage|p1b: Sinistcha|22/100
|-status|p1a: Tyranitar|brn
|-enditem|p1b: Sinistcha|Sitrus Berry|[eat]
|-heal|p1b: Sinistcha|47/100|[from] item: Sitrus Berry
|move|p2b: Sneasler|Poison Jab|p1b: Sinistcha
|-damage|p1b: Sinistcha|9/100
|move|p1a: Tyranitar|Rock Slide|p2a: Delphox|[spread] p2a
|-miss|p1a: Tyranitar|p2b: Sneasler
|-supereffective|p2a: Delphox|1
|-damage|p2a: Delphox|49/100
|move|p1b: Sinistcha|Trick Room|p1b: Sinistcha
|-fieldstart|move: Trick Room|[of] p1b: Sinistcha
|
|-weather|Sandstorm|[upkeep]
|-damage|p1b: Sinistcha|3/100|[from] Sandstorm
|-damage|p2b: Sneasler|94/100|[from] Sandstorm
|-damage|p2a: Delphox|43/100|[from] Sandstorm
|-damage|p1a: Tyranitar|84/100 brn|[from] brn
|upkeep
|turn|2
|
|t:|1783223486
|switch|p1b: Milotic|Milotic, L50, F|100/100
|switch|p1a: Grimmsnarl|Grimmsnarl, L50, M|100/100
|switch|p2b: Sinistcha|Sinistcha, L50, shiny|100/100
|-heal|p2a: Delphox|68/100|[from] ability: Hospitality|[of] p2b: Sinistcha
|move|p2a: Delphox|Protect||[still]
|-fail|p2a: Delphox
|
|-weather|Sandstorm|[upkeep]
|-damage|p1a: Grimmsnarl|94/100|[from] Sandstorm
|-damage|p2b: Sinistcha|93/100|[from] Sandstorm
|-damage|p1b: Milotic|94/100|[from] Sandstorm
|-damage|p2a: Delphox|62/100|[from] Sandstorm
|upkeep
|turn|3
|
|t:|1783223524
|move|p1a: Grimmsnarl|Light Screen|p1a: Grimmsnarl
|-sidestart|p1: kyriepokemon|move: Light Screen
|move|p2b: Sinistcha|Matcha Gotcha|p1b: Milotic|[spread] p1a,p1b
|-supereffective|p1b: Milotic|1
|-damage|p1a: Grimmsnarl|78/100
|-heal|p2b: Sinistcha|100/100|[from] drain|[of] p1a: Grimmsnarl
|-damage|p1b: Milotic|73/100
|move|p1b: Milotic|Coil|p1b: Milotic
|-boost|p1b: Milotic|atk|1
|-boost|p1b: Milotic|def|1
|-boost|p1b: Milotic|accuracy|1
|move|p2a: Delphox|Psyshock|p1b: Milotic
|-damage|p1b: Milotic|52/100
|
|-weather|Sandstorm|[upkeep]
|-damage|p1a: Grimmsnarl|72/100|[from] Sandstorm
|-damage|p2b: Sinistcha|93/100|[from] Sandstorm
|-damage|p1b: Milotic|47/100|[from] Sandstorm
|-damage|p2a: Delphox|56/100|[from] Sandstorm
|upkeep
|turn|4
|
|t:|1783223548
|move|p1a: Grimmsnarl|Reflect|p1a: Grimmsnarl
|-sidestart|p1: kyriepokemon|Reflect
|move|p2b: Sinistcha|Matcha Gotcha|p1a: Grimmsnarl|[spread] p1b
|-miss|p2b: Sinistcha|p1a: Grimmsnarl
|-supereffective|p1b: Milotic|1
|-crit|p1b: Milotic
|-damage|p1b: Milotic|5/100
|-heal|p2b: Sinistcha|100/100|[from] drain|[of] p1b: Milotic
|move|p1b: Milotic|Recover|p1b: Milotic
|-heal|p1b: Milotic|55/100
|move|p2a: Delphox|Nasty Plot|p2a: Delphox
|-boost|p2a: Delphox|spa|2
|
|-weather|Sandstorm|[upkeep]
|-damage|p1a: Grimmsnarl|66/100|[from] Sandstorm
|-damage|p2b: Sinistcha|93/100|[from] Sandstorm
|-damage|p1b: Milotic|49/100|[from] Sandstorm
|-damage|p2a: Delphox|50/100y|[from] Sandstorm
|upkeep
|turn|5
|
|t:|1783223600
|move|p2a: Delphox|Protect|p2a: Delphox
|-singleturn|p2a: Delphox|Protect
|move|p1a: Grimmsnarl|Parting Shot|p1b: Milotic
|-unboost|p1b: Milotic|atk|1
|-unboost|p1b: Milotic|spa|1
|
|t:|1783223610
|switch|p1a: Tyranitar|Tyranitar-Mega, L50, M|84/100 brn|[from] Parting Shot
|move|p2b: Sinistcha|Matcha Gotcha|p1a: Tyranitar|[spread] p1a,p1b
|-supereffective|p1a: Tyranitar|1
|-supereffective|p1b: Milotic|1
|-damage|p1a: Tyranitar|66/100 brn
|-heal|p2b: Sinistcha|100/100|[from] drain|[of] p1a: Tyranitar
|-damage|p1b: Milotic|27/100
|move|p1b: Milotic|Recover|p1b: Milotic
|-heal|p1b: Milotic|77/100
|
|-weather|none
|-damage|p1a: Tyranitar|60/100 brn|[from] brn
|-fieldend|move: Trick Room
|upkeep
|turn|6
|
|t:|1783223643
|move|p2a: Delphox|Psyshock|p1b: Milotic
|-damage|p1b: Milotic|37/100
|move|p1b: Milotic|Muddy Water|p2a: Delphox|[spread] p2a,p2b
|-supereffective|p2a: Delphox|1
|-resisted|p2b: Sinistcha|1
|-damage|p2a: Delphox|24/100
|-damage|p2b: Sinistcha|92/100
|-unboost|p2a: Delphox|accuracy|1
|move|p1a: Tyranitar|Knock Off|p2b: Sinistcha
|-supereffective|p2b: Sinistcha|1
|-damage|p2b: Sinistcha|41/100
|-enditem|p2b: Sinistcha|Kasib Berry|[from] move: Knock Off|[of] p1a: Tyranitar
|move|p2b: Sinistcha|Matcha Gotcha|p1b: Milotic|[spread] p1a,p1b
|-supereffective|p1a: Tyranitar|1
|-supereffective|p1b: Milotic|1
|-damage|p1a: Tyranitar|37/100 brn
|-heal|p2b: Sinistcha|55/100|[from] drain|[of] p1a: Tyranitar
|-damage|p1b: Milotic|15/100
|-heal|p2b: Sinistcha|67/100|[from] drain|[of] p1b: Milotic
|
|-damage|p1a: Tyranitar|31/100 brn|[from] brn
|upkeep
|turn|7
|
|t:|1783223682
|move|p2b: Sinistcha|Protect|p2b: Sinistcha
|-singleturn|p2b: Sinistcha|Protect
|move|p2a: Delphox|Psyshock|p1b: Milotic|[miss]
|-miss|p2a: Delphox|p1b: Milotic
|move|p1b: Milotic|Recover|p1b: Milotic
|-heal|p1b: Milotic|65/100
|move|p1a: Tyranitar|Rock Slide|p2a: Delphox|[spread] p2a
|-activate|p2b: Sinistcha|move: Protect
|-supereffective|p2a: Delphox|1
|-damage|p2a: Delphox|0 fnt
|faint|p2a: Delphox
|
|-damage|p1a: Tyranitar|26/100 brn|[from] brn
|upkeep
|
|t:|1783223691
|switch|p2a: Sneasler|Sneasler, L50, M|94/100
|turn|8
|
|t:|1783223713
|switch|p1a: Sinistcha|Sinistcha, L50|3/100
|-heal|p1b: Milotic|90/100|[from] ability: Hospitality|[of] p1a: Sinistcha
|move|p2a: Sneasler|Fake Out|p1b: Milotic
|-damage|p1b: Milotic|84/100
|cant|p1b: Milotic|flinch
|move|p2b: Sinistcha|Matcha Gotcha|p1a: Sinistcha|[spread] p1a,p1b
|-resisted|p1a: Sinistcha|1
|-supereffective|p1b: Milotic|1
|-damage|p1a: Sinistcha|0 fnt
|-heal|p2b: Sinistcha|69/100|[from] drain|[of] p1a: Sinistcha
|-damage|p1b: Milotic|61/100
|-heal|p2b: Sinistcha|82/100|[from] drain|[of] p1b: Milotic
|faint|p1a: Sinistcha
|
|upkeep
|
|t:|1783223732
|switch|p1a: Grimmsnarl|Grimmsnarl, L50, M|66/100
|turn|9
|
|t:|1783223750
|move|p1a: Grimmsnarl|Parting Shot|p2a: Sneasler
|-unboost|p2a: Sneasler|atk|1
|-unboost|p2a: Sneasler|spa|1
|
|t:|1783223754
|switch|p1a: Tyranitar|Tyranitar-Mega, L50, M|26/100 brn|[from] Parting Shot
|-weather|Sandstorm|[from] ability: Sand Stream|[of] p1a: Tyranitar
|move|p2a: Sneasler|Poison Jab|p1b: Milotic
|-damage|p1b: Milotic|50/100g
|-status|p1b: Milotic|psn|[from] ability: Poison Touch|[of] p2a: Sneasler
|move|p1b: Milotic|Hypnosis|p2b: Sinistcha
|-status|p2b: Sinistcha|slp|[from] move: Hypnosis
|cant|p2b: Sinistcha|slp
|
|-weather|Sandstorm|[upkeep]
|-damage|p2a: Sneasler|88/100|[from] Sandstorm
|-damage|p1b: Milotic|44/100 psn|[from] Sandstorm
|-damage|p2b: Sinistcha|75/100 slp|[from] Sandstorm
|-damage|p1b: Milotic|32/100 psn|[from] psn
|-damage|p1a: Tyranitar|20/100y brn|[from] brn
|upkeep
|turn|10
|
|t:|1783223775
|switch|p1a: Grimmsnarl|Grimmsnarl, L50, M|66/100
|move|p2a: Sneasler|Close Combat|p1a: Grimmsnarl
|-damage|p1a: Grimmsnarl|38/100
|-unboost|p2a: Sneasler|def|1
|-unboost|p2a: Sneasler|spd|1
|move|p1b: Milotic|Recover|p1b: Milotic
|-heal|p1b: Milotic|82/100 psn
|cant|p2b: Sinistcha|slp
|
|-weather|Sandstorm|[upkeep]
|-damage|p2a: Sneasler|82/100|[from] Sandstorm
|-damage|p1b: Milotic|76/100 psn|[from] Sandstorm
|-damage|p2b: Sinistcha|69/100 slp|[from] Sandstorm
|-damage|p1a: Grimmsnarl|32/100|[from] Sandstorm
|-damage|p1b: Milotic|63/100 psn|[from] psn
|-sideend|p1: kyriepokemon|move: Light Screen
|upkeep
|turn|11
|
|t:|1783223806
|switch|p2a: Gumball|Incineroar, L50, M|100/100
|-ability|p2a: Gumball|Intimidate|boost
|-unboost|p1a: Grimmsnarl|atk|1
|-unboost|p1b: Milotic|atk|1
|-ability|p1b: Milotic|Competitive|boost
|-boost|p1b: Milotic|spa|2
|move|p1a: Grimmsnarl|Light Screen|p1a: Grimmsnarl
|-sidestart|p1: kyriepokemon|move: Light Screen
|move|p1b: Milotic|Coil|p1b: Milotic
|-boost|p1b: Milotic|atk|1
|-boost|p1b: Milotic|def|1
|-boost|p1b: Milotic|accuracy|1
|-curestatus|p2b: Sinistcha|slp|[msg]
|move|p2b: Sinistcha|Matcha Gotcha|p1a: Grimmsnarl|[spread] p1a,p1b
|-supereffective|p1b: Milotic|1
|-damage|p1a: Grimmsnarl|16/100
|-heal|p2b: Sinistcha|78/100|[from] drain|[of] p1a: Grimmsnarl
|-damage|p1b: Milotic|44/100 psn
|-heal|p2b: Sinistcha|89/100|[from] drain|[of] p1b: Milotic
|
|-weather|Sandstorm|[upkeep]
|-damage|p1b: Milotic|38/100 psn|[from] Sandstorm
|-damage|p2b: Sinistcha|83/100|[from] Sandstorm
|-damage|p2a: Gumball|94/100|[from] Sandstorm
|-damage|p1a: Grimmsnarl|10/100|[from] Sandstorm
|-damage|p1b: Milotic|25/100 psn|[from] psn
|-sideend|p1: kyriepokemon|Reflect
|upkeep
|turn|12
|inactive|Battle timer is ON: inactive players will automatically lose when time's up. (requested by kyriepokemon)
|
|t:|1783223844
|move|p2a: Gumball|Fake Out|p1b: Milotic
|-damage|p1b: Milotic|20/100y psn
|move|p1a: Grimmsnarl|Parting Shot|p2b: Sinistcha
|-unboost|p2b: Sinistcha|atk|1
|-unboost|p2b: Sinistcha|spa|1
|
|t:|1783223850
|switch|p1a: Tyranitar|Tyranitar-Mega, L50, M|20/100y brn|[from] Parting Shot
|cant|p1b: Milotic|flinch
|move|p2b: Sinistcha|Matcha Gotcha|p1a: Tyranitar|[spread] p1a,p1b
|-supereffective|p1a: Tyranitar|1
|-supereffective|p1b: Milotic|1
|-damage|p1a: Tyranitar|10/100 brn
|-heal|p2b: Sinistcha|89/100|[from] drain|[of] p1a: Tyranitar
|-damage|p1b: Milotic|5/100 psn
|-heal|p2b: Sinistcha|98/100|[from] drain|[of] p1b: Milotic
|
|-weather|Sandstorm|[upkeep]
|-damage|p1b: Milotic|0 fnt|[from] Sandstorm
|-damage|p2b: Sinistcha|92/100|[from] Sandstorm
|-damage|p2a: Gumball|88/100|[from] Sandstorm
|faint|p1b: Milotic
|-damage|p1a: Tyranitar|4/100 brn|[from] brn
|upkeep
|
|t:|1783223869
|switch|p1b: Grimmsnarl|Grimmsnarl, L50, M|10/100
|turn|13
|inactive|naibot2814 has 30 seconds left.
|
|t:|1783223896
|move|p1a: Tyranitar|Earthquake|p2a: Gumball|[spread] p1b,p2a,p2b
|-supereffective|p2a: Gumball|1
|-resisted|p2b: Sinistcha|1
|-damage|p1b: Grimmsnarl|0 fnt
|-damage|p2a: Gumball|65/100
|-damage|p2b: Sinistcha|85/100
|faint|p1b: Grimmsnarl
|move|p2b: Sinistcha|Matcha Gotcha|p1a: Tyranitar
|-supereffective|p1a: Tyranitar|1
|-damage|p1a: Tyranitar|0 fnt
|-heal|p2b: Sinistcha|88/100|[from] drain|[of] p1a: Tyranitar
|faint|p1a: Tyranitar
|
|win|naibot2814
|raw|kyriepokemon's rating: 1242 → 1226(-16 for losing)
|raw|naibot2814's rating: 1367 → 1380(+13 for winning)
|l|☆kyriepokemon
|player|p1|
