|j|☆SleepySilver07
|j|☆TeachMeHow2Hoopa
|html|SleepySilver07TeachMeHow2Hoopa    
|uhtml|bestof|Game 2 of a best-of-3
|t:|1784684832
|gametype|doubles
|player|p1|SleepySilver07|265|1132
|player|p2|TeachMeHow2Hoopa|silver|1191
|gen|9
|tier|[Gen 9 Champions] VGC 2026 Reg M-B (Bo3)
|rated|
|rule|Species Clause: Limit one of each Pokémon
|rule|Item Clause: Limit 1 of each item
|clearpoke
|poke|p1|Scrafty, L50, F|
|poke|p1|Toxapex, L50, M|
|poke|p1|Sinistcha, L50|
|poke|p1|Snorlax, L50, M|
|poke|p1|Dragonite, L50, M|
|poke|p1|Ceruledge, L50, F|
|poke|p2|Pidgeot, L50, F|
|poke|p2|Excadrill, L50, M|
|poke|p2|Tyranitar, L50, F|
|poke|p2|Tsareena, L50, F|
|poke|p2|Gholdengo, L50|
|poke|p2|Rotom-Wash, L50|
|teampreview|4
|showteam|p1|Scrafty||Scraftinite|Moxie|DrainPunch,KnockOff,FakeOut,Detect|Adamant||F|||50|]Toxapex||Leftovers|Regenerator|Infestation,Protect,WideGuard,Toxic|Relaxed||M|||50|]Sinistcha||FocusSash|Hospitality|MatchaGotcha,RagePowder,Protect,TrickRoom|Modest|||||50|]Snorlax||SilkScarf|ThickFat|DoubleEdge,Crunch,Rest,SleepTalk|Brave||M|||50|]Dragonite||LifeOrb|InnerFocus|DragonClaw,LowKick,Protect,ExtremeSpeed|Adamant||M|||50|]Ceruledge||ColburBerry|FlashFire|BitterBlade,ShadowSneak,Protect,BulkUp|Adamant||F|||50|
|showteam|p2|Pidgeot||Pidgeotite|BigPecks|Hurricane,HeatWave,Tailwind,Protect|Timid||F|||50|]Excadrill||FocusSash|SandRush|Earthquake,IronHead,RockSlide,Protect|Adamant||M|||50|]Tyranitar||Tyranitarite|SandStream|RockSlide,KnockOff,Protect,LowKick|Adamant||F|||50|]Tsareena||ChoiceScarf|QueenlyMajesty|PowerWhip,TripleAxel,Uturn,LowKick|Jolly||F|||50|]Gholdengo||Leftovers|GoodasGold|ShadowBall,MakeItRain,NastyPlot,Protect|Modest|||||50|]Rotom-Wash||SitrusBerry|Levitate|HydroPump,Thunderbolt,WillOWisp,Protect|Bold|||||50|
|
|t:|1784684866
|teamsize|p1|4
|teamsize|p2|4
|start
|switch|p1a: Scrafty|Scrafty, L50, F|100/100
|switch|p1b: Sinistcha|Sinistcha, L50|100/100
|switch|p2a: Pidgeot|Pidgeot, L50, F|100/100
|switch|p2b: Tsareena|Tsareena, L50, F|100/100
|turn|1
|
|t:|1784684893
|detailschange|p2a: Pidgeot|Pidgeot-Mega, L50, F
|-mega|p2a: Pidgeot|Pidgeot|Pidgeotite
|detailschange|p1a: Scrafty|Scrafty-Mega, L50, F
|-mega|p1a: Scrafty|Scrafty|Scraftinite
|-ability|p1a: Scrafty|Intimidate|boost
|-unboost|p2a: Pidgeot|atk|1
|-unboost|p2b: Tsareena|atk|1
|move|p2b: Tsareena|U-turn|p1b: Sinistcha
|-damage|p1b: Sinistcha|84/100
|
|t:|1784684901
|switch|p2b: Rotom|Rotom-Wash, L50|100/100|[from] U-turn
|move|p2a: Pidgeot|Hurricane|p1b: Sinistcha
|-supereffective|p1b: Sinistcha|1
|-damage|p1b: Sinistcha|0 fnt
|faint|p1b: Sinistcha
|move|p1a: Scrafty|Drain Punch|p2a: Pidgeot
|-damage|p2a: Pidgeot|45/100
|
|upkeep
|
|t:|1784684909
|switch|p1b: Snorlax|Snorlax, L50, M|100/100
|turn|2
|
|t:|1784684917
|move|p2a: Pidgeot|Protect|p2a: Pidgeot
|-singleturn|p2a: Pidgeot|Protect
|move|p1a: Scrafty|Detect|p1a: Scrafty
|-singleturn|p1a: Scrafty|Protect
|move|p2b: Rotom|Will-O-Wisp|p1a: Scrafty
|-activate|p1a: Scrafty|move: Protect
|move|p1b: Snorlax|Double-Edge|p2a: Pidgeot
|-activate|p2a: Pidgeot|move: Protect
|
|upkeep
|turn|3
|
|t:|1784684925
|move|p2a: Pidgeot|Hurricane|p1a: Scrafty
|-supereffective|p1a: Scrafty|1
|-damage|p1a: Scrafty|2/100
|move|p2b: Rotom|Thunderbolt|p1a: Scrafty
|-damage|p1a: Scrafty|0 fnt
|faint|p1a: Scrafty
|move|p1b: Snorlax|Double-Edge|p2a: Pidgeot
|-damage|p2a: Pidgeot|0 fnt
|faint|p2a: Pidgeot
|-damage|p1b: Snorlax|91/100|[from] Recoil
|
|upkeep
|
|t:|1784684932
|switch|p2a: Gholdengo|Gholdengo, L50|100/100
|switch|p1a: Dragonite|Dragonite, L50, M|100/100
|turn|4
|
|t:|1784684943
|move|p2a: Gholdengo|Nasty Plot|p2a: Gholdengo
|-boost|p2a: Gholdengo|spa|2
|move|p2b: Rotom|Will-O-Wisp|p1a: Dragonite
|-status|p1a: Dragonite|brn
|move|p1a: Dragonite|Dragon Claw|p2b: Rotom
|-damage|p2b: Rotom|72/100
|-damage|p1a: Dragonite|90/100 brn|[from] item: Life Orb
|move|p1b: Snorlax|Crunch|p2a: Gholdengo
|-supereffective|p2a: Gholdengo|1
|-damage|p2a: Gholdengo|48/100
|
|-heal|p2a: Gholdengo|55/100|[from] item: Leftovers
|-damage|p1a: Dragonite|84/100 brn|[from] brn
|upkeep
|turn|5
|
|t:|1784684961
|move|p2a: Gholdengo|Make It Rain|p1a: Dragonite|[spread] p1a
|-miss|p2a: Gholdengo|p1b: Snorlax
|-damage|p1a: Dragonite|0 fnt
|-unboost|p2a: Gholdengo|spa|2
|faint|p1a: Dragonite
|move|p2b: Rotom|Thunderbolt|p1b: Snorlax
|-damage|p1b: Snorlax|71/100
|move|p1b: Snorlax|Crunch|p2a: Gholdengo
|-supereffective|p2a: Gholdengo|1
|-damage|p2a: Gholdengo|0 fnt
|faint|p2a: Gholdengo
|
|upkeep
|
|t:|1784684967
|switch|p2a: Tsareena|Tsareena, L50, F|100/100
|turn|6
|
|t:|1784684973
|move|p2a: Tsareena|Low Kick|p1b: Snorlax
|-supereffective|p1b: Snorlax|1
|-damage|p1b: Snorlax|1/100
|move|p2b: Rotom|Thunderbolt|p1b: Snorlax
|-damage|p1b: Snorlax|0 fnt
|faint|p1b: Snorlax
|
|win|TeachMeHow2Hoopa
|raw|SleepySilver07's rating: 1132 → 1111(-21 for losing)
|raw|TeachMeHow2Hoopa's rating: 1191 → 1212(+21 for winning)
|l|☆SleepySilver07
|player|p1|
