|j|☆Jboys1970
|j|☆JuanGuerrero09
|html|Jboys1970JuanGuerrero09    
|uhtml|bestof|Game 2 of a best-of-3
|t:|1757239250
|gametype|doubles
|player|p1|Jboys1970|169|1150
|player|p2|JuanGuerrero09|265|1076
|gen|9
|tier|[Gen 9] VGC 2025 Reg H (Bo3)
|rated|
|rule|Species Clause: Limit one of each Pokémon
|rule|Item Clause: Limit 1 of each item
|clearpoke
|poke|p1|Incineroar, L50, M|
|poke|p1|Kingambit, L50, M|
|poke|p1|Dragonite, L50, F|
|poke|p1|Gastrodon, L50, F|
|poke|p1|Sinistcha, L50|
|poke|p1|Electabuzz, L50, M|
|poke|p2|Sneasler, L50, M|
|poke|p2|Indeedee, L50, M|
|poke|p2|Tyranitar, L50, M|
|poke|p2|Excadrill, L50, M|
|poke|p2|Gholdengo, L50|
|poke|p2|Incineroar, L50, M|
|teampreview|4
|showteam|p1|Incineroar||RockyHelmet|Intimidate|FakeOut,KnockOff,PartingShot,FlareBlitz|||M|||50|,,,,,Ghost]Kingambit||BlackGlasses|Defiant|Protect,SuckerPunch,KowtowCleave,SwordsDance|||M|||50|,,,,,Dark]Dragonite||ChoiceBand|Multiscale|IceSpinner,ExtremeSpeed,StompingTantrum,TeraBlast|||F|||50|,,,,,Flying]Gastrodon||SitrusBerry|StormDrain|Protect,IceBeam,EarthPower,MuddyWater|||F|||50|,,,,,Grass]Sinistcha||Leftovers|Hospitality|RagePowder,TrickRoom,MatchaGotcha,LifeDew||||||50|,,,,,Poison]Electabuzz||Eviolite|VitalSpirit|FollowMe,HelpingHand,Taunt,Thunderbolt|||M|||50|,,,,,Water
|showteam|p2|Sneasler||PsychicSeed|Unburden|CloseCombat,DireClaw,ThroatChop,Protect|||M|||50|,,,,,Stellar]Indeedee||ChoiceScarf|PsychicSurge|ExpandingForce,TeraBlast,Trick,Protect|||M|||50|,,,,,Fire]Tyranitar||AssaultVest|SandStream|RockSlide,KnockOff,TeraBlast,LowKick|||M|||50|,,,,,Flying]Excadrill||FocusSash|SandRush|HighHorsepower,Earthquake,IronHead,Protect|||M|||50|,,,,,Ground]Gholdengo||MetalCoat|GoodasGold|ShadowBall,Protect,MakeItRain,NastyPlot||||||50|,,,,,Water]Incineroar||SafetyGoggles|Intimidate|FakeOut,KnockOff,FlareBlitz,PartingShot|||M|||50|,,,,,Ghost
|
|t:|1757239299
|teamsize|p1|4
|teamsize|p2|4
|start
|switch|p1a: Kingambit|Kingambit, L50, M|100/100
|switch|p1b: Sinistcha|Sinistcha, L50|100/100
|switch|p2a: Tyranitar|Tyranitar, L50, M|100/100
|switch|p2b: Indeedee|Indeedee, L50, M|100/100
|-fieldstart|move: Psychic Terrain|[from] ability: Psychic Surge|[of] p2b: Indeedee
|-weather|Sandstorm|[from] ability: Sand Stream|[of] p2a: Tyranitar
|turn|1
|
|t:|1757239323
|-terastallize|p2b: Indeedee|Fire
|move|p1b: Sinistcha|Rage Powder|p1b: Sinistcha
|-singleturn|p1b: Sinistcha|move: Rage Powder
|move|p2b: Indeedee|Tera Blast|p1b: Sinistcha|[anim] Tera Blast Fire
|-supereffective|p1b: Sinistcha
|-damage|p1b: Sinistcha|32/100
|move|p2a: Tyranitar|Low Kick|p1b: Sinistcha
|-immune|p1b: Sinistcha
|move|p1a: Kingambit|Swords Dance|p1a: Kingambit
|-boost|p1a: Kingambit|atk|2
|
|-weather|Sandstorm|[upkeep]
|-damage|p2b: Indeedee|95/100|[from] Sandstorm
|-damage|p1b: Sinistcha|26/100|[from] Sandstorm
|-heal|p1b: Sinistcha|32/100|[from] item: Leftovers
|upkeep
|turn|2
|
|t:|1757239361
|switch|p2b: Excadrill|Excadrill, L50, M|100/100
|move|p1a: Kingambit|Protect|p1a: Kingambit
|-singleturn|p1a: Kingambit|Protect
|move|p2a: Tyranitar|Knock Off|p1a: Kingambit
|-activate|p1a: Kingambit|move: Protect
|move|p1b: Sinistcha|Trick Room|p1b: Sinistcha
|-fieldstart|move: Trick Room|[of] p1b: Sinistcha
|
|-weather|Sandstorm|[upkeep]
|-damage|p1b: Sinistcha|26/100|[from] Sandstorm
|-heal|p1b: Sinistcha|32/100|[from] item: Leftovers
|upkeep
|turn|3
|
|t:|1757239381
|-terastallize|p1a: Kingambit|Dark
|move|p1a: Kingambit|Kowtow Cleave|p2a: Tyranitar
|-resisted|p2a: Tyranitar
|-damage|p2a: Tyranitar|37/100
|move|p2a: Tyranitar|Knock Off|p1b: Sinistcha
|-supereffective|p1b: Sinistcha
|-damage|p1b: Sinistcha|0 fnt
|-enditem|p1b: Sinistcha|Leftovers|[from] move: Knock Off|[of] p2a: Tyranitar
|faint|p1b: Sinistcha
|move|p2b: Excadrill|High Horsepower|p1a: Kingambit
|-damage|p1a: Kingambit|62/100
|
|-weather|Sandstorm|[upkeep]
|-damage|p1a: Kingambit|57/100|[from] Sandstorm
|upkeep
|
|t:|1757239389
|switch|p1b: Incineroar|Incineroar, L50, M|100/100
|-ability|p1b: Incineroar|Intimidate|boost
|-unboost|p2a: Tyranitar|atk|1
|-unboost|p2b: Excadrill|atk|1
|turn|4
|
|t:|1757239425
|switch|p2a: Sneasler|Sneasler, L50, M|100/100
|-enditem|p2a: Sneasler|Psychic Seed
|-boost|p2a: Sneasler|spd|1|[from] item: Psychic Seed
|move|p1b: Incineroar|Fake Out|p2b: Excadrill
|-activate|p2b: Excadrill|move: Psychic Terrain
|move|p1a: Kingambit|Kowtow Cleave|p2a: Sneasler
|-resisted|p2a: Sneasler
|-damage|p2a: Sneasler|0 fnt
|faint|p2a: Sneasler
|move|p2b: Excadrill|High Horsepower|p1b: Incineroar
|-supereffective|p1b: Incineroar
|-damage|p1b: Incineroar|33/100
|-damage|p2b: Excadrill|84/100|[from] item: Rocky Helmet|[of] p1b: Incineroar
|
|-weather|Sandstorm|[upkeep]
|-damage|p1a: Kingambit|51/100|[from] Sandstorm
|-damage|p1b: Incineroar|27/100|[from] Sandstorm
|upkeep
|
|t:|1757239440
|switch|p2a: Tyranitar|Tyranitar, L50, M|37/100
|turn|5
|
|t:|1757239461
|move|p2b: Excadrill|Protect|p2b: Excadrill
|-singleturn|p2b: Excadrill|Protect
|move|p1a: Kingambit|Kowtow Cleave|p2a: Tyranitar
|-resisted|p2a: Tyranitar
|-damage|p2a: Tyranitar|0 fnt
|faint|p2a: Tyranitar
|move|p1b: Incineroar|Parting Shot|p2b: Excadrill
|-activate|p2b: Excadrill|move: Protect
|
|-weather|none
|-fieldend|move: Psychic Terrain
|upkeep
|
|t:|1757239467
|switch|p2a: Indeedee|Indeedee, L50, M, tera:Fire|95/100
|-fieldstart|move: Psychic Terrain|[from] ability: Psychic Surge|[of] p2a: Indeedee
|turn|6
|
|t:|1757239488
|move|p1a: Kingambit|Kowtow Cleave|p2a: Indeedee
|-damage|p2a: Indeedee|0 fnt
|faint|p2a: Indeedee
|move|p1b: Incineroar|Parting Shot|p2b: Excadrill
|-unboost|p2b: Excadrill|atk|1
|-unboost|p2b: Excadrill|spa|1
|
|t:|1757239501
|switch|p1b: Gastrodon|Gastrodon, L50, F|100/100|[from] Parting Shot
|move|p2b: Excadrill|High Horsepower|p1b: Gastrodon
|-damage|p1b: Gastrodon|71/100
|
|-fieldend|move: Trick Room
|upkeep
|turn|7
|-message|JuanGuerrero09 forfeited.
|
|win|Jboys1970
