|j|☆GottaLuvRandomizer
|j|☆Liminal Rain
|html|GottaLuvRandomizerLiminal Rain    
|uhtml|bestof|Game 1 of a best-of-3
|t:|1783163158
|gametype|doubles
|player|p1|GottaLuvRandomizer|brycen|1057
|player|p2|Liminal Rain|cynthia-gen4|1136
|gen|9
|tier|[Gen 9 Champions] VGC 2026 Reg M-B (Bo3)
|rated|
|rule|Species Clause: Limit one of each Pokémon
|rule|Item Clause: Limit 1 of each item
|clearpoke
|poke|p1|Eelektross, L50, M|
|poke|p1|Incineroar, L50, F|
|poke|p1|Oranguru, L50, F|
|poke|p1|Swampert, L50, M|
|poke|p1|Camerupt, L50, F, shiny|
|poke|p1|Torkoal, L50, F|
|poke|p2|Delphox, L50, M|
|poke|p2|Maushold, L50|
|poke|p2|Sylveon, L50, F|
|poke|p2|Scizor, L50, M|
|poke|p2|Basculegion, L50, M|
|poke|p2|Mamoswine, L50, F|
|teampreview|4
|showteam|p1|Eelektross||Eelektrossite|Levitate|Discharge,Flamethrower,FlashCannon,GrassKnot|Quiet||M|||50|]Incineroar||SitrusBerry|Intimidate|FakeOut,PartingShot,WillOWisp,DarkestLariat|Sassy||F|||50|]Oranguru||MentalHerb|InnerFocus|Instruct,TrickRoom,Psychic,Reflect|Sassy||F|||50|]Swampert||RindoBerry|Torrent|Earthquake,ChillingWater,IcyWind,Protect|Sassy||M|||50|]Camerupt||Cameruptite|MagmaArmor|Protect,Eruption,EarthPower,HeatWave|Quiet||F|||50|]Torkoal||Charcoal|Drought|Eruption,HeatWave,Protect,ScorchingSands|Quiet||F|||50|
|showteam|p2|Delphox||Delphoxite|Blaze|NastyPlot,HeatWave,Psychic,Protect|Timid||M|||50|]Maushold||FocusSash|FriendGuard|SuperFang,HelpingHand,FollowMe,Taunt|Timid|||||50|]Sylveon||FairyFeather|Pixilate|HyperVoice,HyperBeam,QuickAttack,Detect|Quiet||F|||50|]Scizor||Scizorite|Technician|SwordsDance,Trailblaze,BulletPunch,BugBite|Adamant||M|||50|]Basculegion||ChoiceScarf|Adaptability|FlipTurn,WaveCrash,LastRespects,AquaJet|Jolly||M|||50|]Mamoswine||LifeOrb|Oblivious|IceShard,IcicleCrash,HighHorsepower,Protect|Jolly||F|||50|
|j| Kach_15
|inactive|Battle timer is ON: inactive players will automatically lose when time's up. (requested by GottaLuvRandomizer)
|inactive|Liminal Rain has 60 seconds left.
|
|t:|1783163219
|teamsize|p1|4
|teamsize|p2|4
|start
|switch|p1a: Oranguru|Oranguru, L50, F|100/100
|switch|p1b: Camerupt|Camerupt, L50, F, shiny|100/100
|switch|p2a: Delphox|Delphox, L50, M|100/100
|switch|p2b: Sylveon|Sylveon, L50, F|100/100
|turn|1
|
|t:|1783163234
|detailschange|p2a: Delphox|Delphox-Mega, L50, M
|-mega|p2a: Delphox|Delphox|Delphoxite
|detailschange|p1b: Camerupt|Camerupt-Mega, L50, F, shiny
|-mega|p1b: Camerupt|Camerupt|Cameruptite
|move|p1b: Camerupt|Protect|p1b: Camerupt
|-singleturn|p1b: Camerupt|Protect
|move|p2a: Delphox|Nasty Plot|p2a: Delphox
|-boost|p2a: Delphox|spa|2
|move|p2b: Sylveon|Hyper Voice|p1a: Oranguru|[spread] p1a
|-activate|p1b: Camerupt|move: Protect
|-damage|p1a: Oranguru|68/100
|move|p1a: Oranguru|Trick Room|p1a: Oranguru
|-fieldstart|move: Trick Room|[of] p1a: Oranguru
|
|upkeep
|turn|2
|inactive|Liminal Rain has 30 seconds left.
|inactive|GottaLuvRandomizer has 30 seconds left.
|inactive|Liminal Rain has 20 seconds left.
|inactive|Liminal Rain has 15 seconds left.
|inactive|Liminal Rain has 10 seconds left.
|
|t:|1783163282
|switch|p1a: Torkoal|Torkoal, L50, F|100/100
|-weather|SunnyDay|[from] ability: Drought|[of] p1a: Torkoal
|move|p2a: Delphox|Protect|p2a: Delphox
|-singleturn|p2a: Delphox|Protect
|move|p1b: Camerupt|Eruption|p2b: Sylveon|[spread] p2b
|-activate|p2a: Delphox|move: Protect
|-damage|p2b: Sylveon|31/100
|move|p2b: Sylveon|Hyper Voice|p1b: Camerupt|[spread] p1a,p1b
|-resisted|p1a: Torkoal|1
|-resisted|p1b: Camerupt|1
|-damage|p1a: Torkoal|64/100
|-damage|p1b: Camerupt|77/100
|
|-weather|SunnyDay|[upkeep]
|upkeep
|turn|3
|
|t:|1783163300
|move|p2b: Sylveon|Quick Attack|p1b: Camerupt
|-resisted|p1b: Camerupt|1
|-damage|p1b: Camerupt|71/100
|move|p1a: Torkoal|Heat Wave|p2b: Sylveon|[spread] p2a,p2b
|-resisted|p2a: Delphox|1
|-damage|p2a: Delphox|72/100
|-damage|p2b: Sylveon|0 fnt
|faint|p2b: Sylveon
|move|p1b: Camerupt|Heat Wave|p2a: Delphox|[miss]
|-miss|p1b: Camerupt|p2a: Delphox
|move|p2a: Delphox|Heat Wave|p1a: Torkoal|[spread] p1a,p1b
|-resisted|p1a: Torkoal|1
|-resisted|p1b: Camerupt|1
|-damage|p1a: Torkoal|0 fnt
|-damage|p1b: Camerupt|7/100
|faint|p1a: Torkoal
|
|-weather|SunnyDay|[upkeep]
|upkeep
|
|t:|1783163314
|switch|p1a: Incineroar|Incineroar, L50, F|100/100
|switch|p2b: Mamoswine|Mamoswine, L50, F|100/100
|-ability|p1a: Incineroar|Intimidate|boost
|-unboost|p2a: Delphox|atk|1
|-fail|p2b: Mamoswine|unboost|Attack|[from] ability: Oblivious|[of] p2b: Mamoswine
|turn|4
|
|t:|1783163319
|move|p1b: Camerupt|Protect|p1b: Camerupt
|-singleturn|p1b: Camerupt|Protect
|move|p2b: Mamoswine|Protect|p2b: Mamoswine
|-singleturn|p2b: Mamoswine|Protect
|move|p2a: Delphox|Protect|p2a: Delphox
|-singleturn|p2a: Delphox|Protect
|move|p1a: Incineroar|Will-O-Wisp|p2b: Mamoswine
|-activate|p2b: Mamoswine|move: Protect
|
|-weather|SunnyDay|[upkeep]
|upkeep
|turn|5
|inactive|Liminal Rain has 30 seconds left.
|
|t:|1783163352
|move|p2b: Mamoswine|Ice Shard|p1b: Camerupt
|-damage|p1b: Camerupt|0 fnt
|faint|p1b: Camerupt
|-damage|p2b: Mamoswine|90/100|[from] item: Life Orb
|move|p1a: Incineroar|Darkest Lariat|p2a: Delphox
|-supereffective|p2a: Delphox|1
|-damage|p2a: Delphox|0 fnt
|faint|p2a: Delphox
|
|-weather|SunnyDay|[upkeep]
|-fieldend|move: Trick Room
|upkeep
|
|t:|1783163359
|switch|p2a: Basculegion|Basculegion, L50, M|100/100
|switch|p1b: Oranguru|Oranguru, L50, F|68/100
|turn|6
|
|t:|1783163367
|move|p2a: Basculegion|Wave Crash|p1b: Oranguru
|-damage|p1b: Oranguru|30/100
|-damage|p2a: Basculegion|87/100|[from] Recoil
|move|p2b: Mamoswine|High Horsepower|p1a: Incineroar
|-supereffective|p1a: Incineroar|1
|-damage|p1a: Incineroar|0 fnt
|faint|p1a: Incineroar
|-damage|p2b: Mamoswine|80/100|[from] item: Life Orb
|move|p1b: Oranguru|Trick Room|p1b: Oranguru
|-fieldstart|move: Trick Room|[of] p1b: Oranguru
|
|-weather|none
|upkeep
|turn|7
|-message|GottaLuvRandomizer forfeited.
|
|win|Liminal Rain
|l|☆GottaLuvRandomizer
|player|p1|
|inactive|GottaLuvRandomizer has 30 seconds to confirm battle start!
|inactive|Liminal Rain has 30 seconds to confirm battle start!
|l|☆Liminal Rain
|player|p2|
||Liminal Rain is ready for game 2.
|inactive|GottaLuvRandomizer has 20 seconds to confirm battle start!
|inactive|GottaLuvRandomizer has 10 seconds to confirm battle start!
|uhtml|next|Next: Game 2 of 3
|j|☆Liminal Rain
|player|p2|Liminal Rain|cynthia-gen4|
