|j|☆gordon1357924681
|j|☆leiden2005
|html|gordon1357924681leiden2005    
|uhtml|bestof|Game 1 of a best-of-3
|t:|1785404606
|gametype|doubles
|player|p1|gordon1357924681|parasollady|1087
|player|p2|leiden2005|2|1000
|gen|9
|tier|[Gen 9 Champions] VGC 2026 Reg M-B (Bo3)
|rated|
|rule|Species Clause: Limit one of each Pokémon
|rule|Item Clause: Limit 1 of each item
|clearpoke
|poke|p1|Politoed, L50, M|
|poke|p1|Gengar, L50, M|
|poke|p1|Incineroar, L50, F|
|poke|p1|Sinistcha, L50|
|poke|p1|Froslass, L50, F|
|poke|p1|Araquanid, L50, M, shiny|
|poke|p2|Medicham, L50, M|
|poke|p2|Lopunny, L50, F|
|poke|p2|Farigiraf, L50, M|
|poke|p2|Clefable, L50, F|
|poke|p2|Milotic, L50, M|
|poke|p2|Incineroar, L50, F|
|teampreview|4
|showteam|p1|Politoed||SitrusBerry|Drizzle|Protect,PerishSong,WeatherBall,Encore|Bold||M|||50|]Gengar||Gengarite|CursedBody|PerishSong,Protect,ShadowBall,Disable|Timid||M|||50|]Incineroar||PasshoBerry|Intimidate|Protect,PartingShot,DarkestLariat,FakeOut|Impish||F|||50|]Sinistcha||ColburBerry|Hospitality|MatchaGotcha,Protect,RagePowder,TrickRoom|Calm|||||50|]Froslass||Froslassite|SnowCloak|AuroraVeil,Blizzard,Protect,RainDance|Timid||F|||50|]Araquanid||MysticWater|WaterBubble|WideGuard,Liquidation,Protect,LeechLife|Brave||M|||50|
|showteam|p2|Medicham||ChoiceScarf|PurePower|ZenHeadbutt,SkillSwap,FakeOut,CloseCombat|Jolly||M|||50|]Lopunny||Lopunnite|CuteCharm|TripleAxel,CloseCombat,FakeOut,MegaKick|Jolly||F|||50|]Farigiraf||SitrusBerry|ArmorTail|PsychicNoise,DazzlingGleam,HelpingHand,Protect|Calm||M|||50|]Clefable||BabiriBerry|Unaware|FollowMe,Moonblast,HelpingHand,Protect|Calm||F|||50|]Milotic||Leftovers|Competitive|Scald,IceBeam,Recover,Protect|Bold||M|||50|]Incineroar||ExpertBelt|Intimidate|PartingShot,FakeOut,FlareBlitz,DarkestLariat|Adamant||F|||50|
|
|t:|1785404622
|teamsize|p1|4
|teamsize|p2|4
|start
|switch|p1a: Froslass|Froslass, L50, F|100/100
|switch|p1b: Araquanid|Araquanid, L50, M, shiny|100/100
|switch|p2a: Medicham|Medicham, L50, M|100/100
|switch|p2b: Lopunny|Lopunny, L50, F|100/100
|turn|1
|inactive|Battle timer is ON: inactive players will automatically lose when time's up. (requested by gordon1357924681)
|
|t:|1785404672
|detailschange|p2b: Lopunny|Lopunny-Mega, L50, F
|-mega|p2b: Lopunny|Lopunny|Lopunnite
|detailschange|p1a: Froslass|Froslass-Mega, L50, F
|-mega|p1a: Froslass|Froslass|Froslassite
|-weather|Snowscape|[from] ability: Snow Warning|[of] p1a: Froslass
|move|p2b: Lopunny|Fake Out|p1b: Araquanid
|-damage|p1b: Araquanid|76/100
|move|p2a: Medicham|Skill Swap|p2b: Lopunny
|-activate|p2a: Medicham|Skill Swap|||[of] p2b: Lopunny
|move|p1a: Froslass|Aurora Veil|p1a: Froslass
|-sidestart|p1: gordon1357924681|move: Aurora Veil
|cant|p1b: Araquanid|flinch
|
|-weather|Snowscape|[upkeep]
|upkeep
|turn|2
|
|t:|1785404696
|switch|p2a: Farigiraf|Farigiraf, L50, M|100/100
|switch|p2b: Incineroar|Incineroar, L50, F|100/100
|-ability|p2b: Incineroar|Intimidate|boost
|-unboost|p1a: Froslass|atk|1
|-unboost|p1b: Araquanid|atk|1
|move|p1a: Froslass|Blizzard|p2b: Incineroar|[spread] p2a,p2b
|-resisted|p2b: Incineroar|1
|-damage|p2a: Farigiraf|67/100
|-damage|p2b: Incineroar|77/100
|move|p1b: Araquanid|Liquidation|p2b: Incineroar
|-supereffective|p2b: Incineroar|1
|-damage|p2b: Incineroar|0 fnt
|faint|p2b: Incineroar
|
|-weather|Snowscape|[upkeep]
|upkeep
|
|t:|1785404713
|switch|p2b: Medicham|Medicham, L50, M|100/100
|turn|3
|inactive|gordon1357924681 has 30 seconds left.
|inactive|leiden2005 has 30 seconds left.
|
|t:|1785404746
|switch|p1b: Sinistcha|Sinistcha, L50|100/100
|move|p2a: Farigiraf|Helping Hand|p2b: Medicham
|-singleturn|p2b: Medicham|Helping Hand|[of] p2a: Farigiraf
|move|p2b: Medicham|Close Combat|p1b: Sinistcha
|-immune|p1b: Sinistcha
|move|p1a: Froslass|Blizzard|p2a: Farigiraf|[spread] p2a,p2b
|-damage|p2a: Farigiraf|37/100
|-damage|p2b: Medicham|21/100
|-enditem|p2a: Farigiraf|Sitrus Berry|[eat]
|-heal|p2a: Farigiraf|62/100|[from] item: Sitrus Berry
|
|-weather|Snowscape|[upkeep]
|upkeep
|turn|4
|
|t:|1785404768
|switch|p2b: Lopunny|Lopunny-Mega, L50, F|100/100
|move|p1a: Froslass|Blizzard|p2b: Lopunny|[spread] p2a,p2b
|-damage|p2a: Farigiraf|28/100
|-damage|p2b: Lopunny|46/100
|-status|p2a: Farigiraf|frz
|cant|p2a: Farigiraf|frz
|move|p1b: Sinistcha|Trick Room|p1b: Sinistcha
|-fieldstart|move: Trick Room|[of] p1b: Sinistcha
|
|-weather|Snowscape|[upkeep]
|upkeep
|turn|5
|inactive|gordon1357924681 has 30 seconds left.
|inactive|leiden2005 has 30 seconds left.
|inactive|gordon1357924681 has 20 seconds left.
|
|t:|1785404807
|cant|p2a: Farigiraf|frz
|move|p1b: Sinistcha|Rage Powder|p1b: Sinistcha
|-singleturn|p1b: Sinistcha|move: Rage Powder
|move|p1a: Froslass|Blizzard|p2a: Farigiraf|[spread] p2a,p2b
|-damage|p2a: Farigiraf|0 fnt
|-damage|p2b: Lopunny|0 fnt
|faint|p2a: Farigiraf
|faint|p2b: Lopunny
|
|-weather|none
|-sideend|p1: gordon1357924681|move: Aurora Veil
|upkeep
|-message|leiden2005 forfeited.
|raw|gordon1357924681's rating: 1087 → 1107(+20 for winning)
|raw|leiden2005's rating: 1000 → 1000(+0 for losing)
|
|win|gordon1357924681
|j| tedidn
