|j|☆SelvesterTheYAK
|j|☆MBL25
|html|SelvesterTheYAKMBL25    
|uhtml|bestof|Game 1 of a best-of-3
|t:|1756872922
|gametype|doubles
|player|p1|SelvesterTheYAK|170|1156
|player|p2|MBL25|170|1151
|gen|9
|tier|[Gen 9] VGC 2025 Reg H (Bo3)
|rated|
|rule|Species Clause: Limit one of each Pokémon
|rule|Item Clause: Limit 1 of each item
|clearpoke
|poke|p1|Tyranitar, L50, F|
|poke|p1|Arcanine-Hisui, L50, M|
|poke|p1|Kommo-o, L50, M|
|poke|p1|Gholdengo, L50|
|poke|p1|Rillaboom, L50, F|
|poke|p1|Electabuzz, L50, M|
|poke|p2|Sneasler, L50, F|
|poke|p2|Amoonguss, L50, M|
|poke|p2|Gholdengo, L50|
|poke|p2|Incineroar, L50, M|
|poke|p2|Dragonite, L50, F|
|poke|p2|Ursaluna-Bloodmoon, L50, M|
|teampreview|4
|showteam|p1|Tyranitar||AssaultVest|SandStream|RockSlide,KnockOff,TeraBlast,LowKick|||F|||50|,,,,,Flying]Arcanine-Hisui||SitrusBerry|Intimidate|RockSlide,FlareBlitz,WillOWisp,Howl|||M|||50|,,,,,Water]Kommo-o||Leftovers|Overcoat|IronDefense,BodyPress,Protect,DragonClaw|||M|||50|,,,,,Steel]Gholdengo||LifeOrb|GoodasGold|MakeItRain,ShadowBall,NastyPlot,Protect||||||50|,,,,,Steel]Rillaboom||MiracleSeed|GrassySurge|FakeOut,GrassyGlide,WoodHammer,Protect|||F|||50|,,,,,Grass]Electabuzz||Eviolite|VitalSpirit|Taunt,Protect,Electroweb,FollowMe|||M|||50|,,,,,Ghost
|showteam|p2|Sneasler||FocusSash|Unburden|DireClaw,CloseCombat,Protect,ThroatChop|||F|||50|,,,,,Stellar]Amoonguss||SitrusBerry|Regenerator|RagePowder,Spore,PollenPuff,Protect|||M|||50|,,,,,Water]Gholdengo||LifeOrb|GoodasGold|MakeItRain,ShadowBall,Protect,NastyPlot||||||50|,,,,,Water]Incineroar||SafetyGoggles|Intimidate|FlareBlitz,PartingShot,FakeOut,KnockOff|||M|||50|,,,,,Ghost]Dragonite||LoadedDice|Multiscale|ScaleShot,Tailwind,Protect,Haze|||F|||50|,,,,,Fairy]Ursaluna-Bloodmoon||AssaultVest|MindsEye|BloodMoon,VacuumWave,HyperVoice,EarthPower|||M|||50|,,,,,Water
|
|t:|1756872962
|teamsize|p1|4
|teamsize|p2|4
|start
|switch|p1a: Arcanine|Arcanine-Hisui, L50, M|100/100
|switch|p1b: Rillaboom|Rillaboom, L50, F|100/100
|switch|p2a: Gholdengo|Gholdengo, L50|100/100
|switch|p2b: Amoonguss|Amoonguss, L50, M|100/100
|-ability|p1a: Arcanine|Intimidate|boost
|-unboost|p2a: Gholdengo|atk|1
|-unboost|p2b: Amoonguss|atk|1
|-fieldstart|move: Grassy Terrain|[from] ability: Grassy Surge|[of] p1b: Rillaboom
|turn|1
|
|t:|1756872996
|switch|p2a: Incineroar|Incineroar, L50, M|100/100
|-ability|p2a: Incineroar|Intimidate|boost
|-unboost|p1a: Arcanine|atk|1
|-unboost|p1b: Rillaboom|atk|1
|move|p2b: Amoonguss|Protect|p2b: Amoonguss
|-singleturn|p2b: Amoonguss|Protect
|move|p1b: Rillaboom|Fake Out|p2b: Amoonguss
|-activate|p2b: Amoonguss|move: Protect
|move|p1a: Arcanine|Flare Blitz|p2a: Incineroar
|-resisted|p2a: Incineroar
|-damage|p2a: Incineroar|85/100
|-damage|p1a: Arcanine|95/100|[from] Recoil
|
|-heal|p1a: Arcanine|100/100|[from] Grassy Terrain
|-heal|p2a: Incineroar|91/100|[from] Grassy Terrain
|upkeep
|turn|2
|
|t:|1756873047
|switch|p1b: Kommo-o|Kommo-o, L50, M|100/100
|move|p1a: Arcanine|Flare Blitz|p2b: Amoonguss
|-supereffective|p2b: Amoonguss
|-damage|p2b: Amoonguss|49/100
|-enditem|p2b: Amoonguss|Sitrus Berry|[eat]
|-heal|p2b: Amoonguss|74/100|[from] item: Sitrus Berry
|-damage|p1a: Arcanine|81/100|[from] Recoil
|move|p2a: Incineroar|Knock Off|p1a: Arcanine
|-damage|p1a: Arcanine|33/100
|-enditem|p1a: Arcanine|Sitrus Berry|[from] move: Knock Off|[of] p2a: Incineroar
|move|p2b: Amoonguss|Spore|p1a: Arcanine
|-status|p1a: Arcanine|slp|[from] move: Spore
|
|-heal|p1a: Arcanine|39/100 slp|[from] Grassy Terrain
|-heal|p2a: Incineroar|97/100|[from] Grassy Terrain
|-heal|p2b: Amoonguss|80/100|[from] Grassy Terrain
|upkeep
|turn|3
|
|t:|1756873089
|switch|p2b: Gholdengo|Gholdengo, L50|100/100
|cant|p1a: Arcanine|slp
|move|p1b: Kommo-o|Body Press|p2a: Incineroar
|-supereffective|p2a: Incineroar
|-damage|p2a: Incineroar|21/100
|move|p2a: Incineroar|Parting Shot|p1b: Kommo-o
|-unboost|p1b: Kommo-o|atk|1
|-unboost|p1b: Kommo-o|spa|1
|
|t:|1756873103
|switch|p2a: Amoonguss|Amoonguss, L50, M|100/100|[from] Parting Shot
|
|-heal|p1a: Arcanine|45/100 slp|[from] Grassy Terrain
|upkeep
|turn|4
|
|t:|1756873124
|move|p2a: Amoonguss|Rage Powder|p2a: Amoonguss
|-singleturn|p2a: Amoonguss|move: Rage Powder
|cant|p1a: Arcanine|slp
|move|p2b: Gholdengo|Nasty Plot|p2b: Gholdengo
|-boost|p2b: Gholdengo|spa|2
|move|p1b: Kommo-o|Body Press|p2a: Amoonguss
|-resisted|p2a: Amoonguss
|-damage|p2a: Amoonguss|83/100
|
|-heal|p1a: Arcanine|51/100 slp|[from] Grassy Terrain
|-heal|p2a: Amoonguss|89/100|[from] Grassy Terrain
|upkeep
|turn|5
|
|t:|1756873152
|move|p2a: Amoonguss|Rage Powder|p2a: Amoonguss
|-singleturn|p2a: Amoonguss|move: Rage Powder
|cant|p1a: Arcanine|slp
|move|p2b: Gholdengo|Make It Rain|p1a: Arcanine|[spread] p1a,p1b
|-damage|p1a: Arcanine|0 fnt
|-damage|p1b: Kommo-o|0 fnt
|-unboost|p2b: Gholdengo|spa|1
|faint|p1a: Arcanine
|faint|p1b: Kommo-o
|-damage|p2b: Gholdengo|91/100|[from] item: Life Orb
|
|-heal|p2b: Gholdengo|97/100|[from] Grassy Terrain
|-heal|p2a: Amoonguss|95/100|[from] Grassy Terrain
|-fieldend|move: Grassy Terrain
|upkeep
|
|t:|1756873164
|switch|p1a: Rillaboom|Rillaboom, L50, F|100/100
|switch|p1b: Tyranitar|Tyranitar, L50, F|100/100
|-fieldstart|move: Grassy Terrain|[from] ability: Grassy Surge|[of] p1a: Rillaboom
|-weather|Sandstorm|[from] ability: Sand Stream|[of] p1b: Tyranitar
|turn|6
|
|t:|1756873180
|-terastallize|p1b: Tyranitar|Flying
|move|p2b: Gholdengo|Protect|p2b: Gholdengo
|-singleturn|p2b: Gholdengo|Protect
|move|p1a: Rillaboom|Fake Out|p2a: Amoonguss
|-damage|p2a: Amoonguss|82/100
|move|p1b: Tyranitar|Knock Off|p2b: Gholdengo
|-activate|p2b: Gholdengo|move: Protect
|cant|p2a: Amoonguss|flinch
|
|-weather|Sandstorm|[upkeep]
|-damage|p1a: Rillaboom|95/100|[from] Sandstorm
|-damage|p1b: Tyranitar|95/100|[from] Sandstorm
|-damage|p2a: Amoonguss|76/100|[from] Sandstorm
|-heal|p2b: Gholdengo|100/100|[from] Grassy Terrain
|-heal|p1a: Rillaboom|100/100|[from] Grassy Terrain
|-heal|p2a: Amoonguss|82/100|[from] Grassy Terrain
|upkeep
|turn|7
|
|t:|1756873201
|move|p2a: Amoonguss|Rage Powder|p2a: Amoonguss
|-singleturn|p2a: Amoonguss|move: Rage Powder
|move|p2b: Gholdengo|Make It Rain|p1b: Tyranitar|[spread] p1a,p1b
|-damage|p1a: Rillaboom|7/100
|-damage|p1b: Tyranitar|42/100
|-unboost|p2b: Gholdengo|spa|1
|-damage|p2b: Gholdengo|91/100|[from] item: Life Orb
|move|p1a: Rillaboom|Wood Hammer|p2a: Amoonguss
|-resisted|p2a: Amoonguss
|-damage|p2a: Amoonguss|62/100
|-damage|p1a: Rillaboom|0 fnt|[from] Recoil
|faint|p1a: Rillaboom
|move|p1b: Tyranitar|Tera Blast|p2a: Amoonguss|[anim] Tera Blast Flying
|-supereffective|p2a: Amoonguss
|-damage|p2a: Amoonguss|0 fnt
|faint|p2a: Amoonguss
|
|-weather|Sandstorm|[upkeep]
|-damage|p1b: Tyranitar|36/100|[from] Sandstorm
|-heal|p2b: Gholdengo|97/100|[from] Grassy Terrain
|upkeep
|
|t:|1756873218
|switch|p2a: Incineroar|Incineroar, L50, M|21/100
|-ability|p2a: Incineroar|Intimidate|boost
|-unboost|p1b: Tyranitar|atk|1
|turn|8
|
|t:|1756873229
|move|p2a: Incineroar|Fake Out|p1b: Tyranitar
|-damage|p1b: Tyranitar|25/100
|move|p2b: Gholdengo|Nasty Plot|p2b: Gholdengo
|-boost|p2b: Gholdengo|spa|2
|cant|p1b: Tyranitar|flinch
|
|-weather|Sandstorm|[upkeep]
|-damage|p1b: Tyranitar|19/100|[from] Sandstorm
|-heal|p2b: Gholdengo|100/100|[from] Grassy Terrain
|-heal|p2a: Incineroar|27/100|[from] Grassy Terrain
|upkeep
|turn|9
|
|t:|1756873247
|move|p2b: Gholdengo|Shadow Ball|p1b: Tyranitar
|-damage|p1b: Tyranitar|0 fnt
|faint|p1b: Tyranitar
|-damage|p2b: Gholdengo|91/100|[from] item: Life Orb
|
|win|MBL25
||MBL25 is ready for game 2.
||SelvesterTheYAK is ready for game 2.
|uhtml|next|Next: Game 2 of 3
|l|☆MBL25
|player|p2|
