|j|☆ChalkyCheeks
|j|☆natsukivgc
|html|ChalkyCheeksnatsukivgc    
|uhtml|bestof|Game 2 of a best-of-3
|t:|1785469231
|gametype|doubles
|player|p1|ChalkyCheeks|2|1172
|player|p2|natsukivgc|1|1101
|gen|9
|tier|[Gen 9 Champions] VGC 2026 Reg M-B (Bo3)
|rated|
|rule|Species Clause: Limit one of each Pokémon
|rule|Item Clause: Limit 1 of each item
|clearpoke
|poke|p1|Chesnaught, L50, M|
|poke|p1|Incineroar, L50, F|
|poke|p1|Basculegion, L50, M|
|poke|p1|Lycanroc-Dusk, L50, M, shiny|
|poke|p1|Sylveon, L50, M|
|poke|p1|Farigiraf, L50, M|
|poke|p2|Charizard, L50, M|
|poke|p2|Sneasler, L50, M|
|poke|p2|Kingambit, L50, F|
|poke|p2|Dragonite, L50, F|
|poke|p2|Floette-Eternal, L50, F|
|poke|p2|Whimsicott, L50, F|
|teampreview|4
|showteam|p1|Chesnaught||Chesnaughtite|Bulletproof|BodyPress,GrassyGlide,SpikyShield,GrassyTerrain|Careful||M|||50|]Incineroar||ChopleBerry|Intimidate|FlareBlitz,ThroatChop,PartingShot,FakeOut|Adamant||F|||50|]Basculegion||SitrusBerry|Adaptability|WaveCrash,LastRespects,Protect,AquaJet|Adamant||M|||50|]Lycanroc-Dusk||FocusSash|ToughClaws|Accelerock,CloseCombat,Protect,RockTomb|Adamant||M|||50|]Sylveon||FairyFeather|Pixilate|HyperVoice,HyperBeam,Protect,QuickAttack|Modest||M|||50|]Farigiraf||ColburBerry|ArmorTail|HyperVoice,Psychic,HelpingHand,TrickRoom|Bold||M|||50|
|showteam|p2|Charizard||CharizarditeY|Blaze|HeatWave,SolarBeam,WeatherBall,Protect|Modest||M|||50|]Sneasler||WhiteHerb|Unburden|CloseCombat,DireClaw,FakeOut,Coaching|Jolly||M|||50|]Kingambit||BlackGlasses|Defiant|KowtowCleave,SuckerPunch,SwordsDance,Protect|Adamant||F|||50|]Dragonite||LifeOrb|InnerFocus|DragonClaw,LowKick,ExtremeSpeed,Protect|Adamant||F|||50|]Floette-Eternal||Floettite|FlowerVeil|Moonblast,DazzlingGleam,LightofRuin,Protect|Modest||F|||50|]Whimsicott||FocusSash|Prankster|Moonblast,Tailwind,Encore,Protect|Timid||F|||50|
|
|t:|1785469264
|teamsize|p1|4
|teamsize|p2|4
|start
|switch|p1a: Sylveon|Sylveon, L50, M|100/100
|switch|p1b: Chesnaught|Chesnaught, L50, M|100/100
|switch|p2a: Sneasler|Sneasler, L50, M|100/100
|switch|p2b: Kingambit|Kingambit, L50, F|100/100
|turn|1
|
|t:|1785469298
|switch|p1a: Farigiraf|Farigiraf, L50, M|100/100
|detailschange|p1b: Chesnaught|Chesnaught-Mega, L50, M
|-mega|p1b: Chesnaught|Chesnaught|Chesnaughtite
|move|p2a: Sneasler|Fake Out||[still]
|cant|p1a: Farigiraf|ability: Armor Tail|Fake Out|[of] p2a: Sneasler
|move|p2b: Kingambit|Swords Dance|p2b: Kingambit
|-boost|p2b: Kingambit|atk|2
|move|p1b: Chesnaught|Body Press|p2b: Kingambit
|-supereffective|p2b: Kingambit|2
|-damage|p2b: Kingambit|0 fnt
|faint|p2b: Kingambit
|
|upkeep
|
|t:|1785469312
|switch|p2b: Dragonite|Dragonite, L50, F|100/100
|turn|2
|
|t:|1785469331
|move|p2a: Sneasler|Close Combat|p1a: Farigiraf
|-damage|p1a: Farigiraf|51/100
|-unboost|p2a: Sneasler|def|1
|-unboost|p2a: Sneasler|spd|1
|-enditem|p2a: Sneasler|White Herb
|-clearnegativeboost|p2a: Sneasler|[silent]
|move|p2b: Dragonite|Dragon Claw|p1a: Farigiraf
|-damage|p1a: Farigiraf|1/100
|-damage|p2b: Dragonite|90/100|[from] item: Life Orb
|move|p1b: Chesnaught|Grassy Terrain|p1b: Chesnaught
|-fieldstart|move: Grassy Terrain
|move|p1a: Farigiraf|Trick Room|p1a: Farigiraf
|-fieldstart|move: Trick Room|[of] p1a: Farigiraf
|
|-heal|p1a: Farigiraf|7/100|[from] Grassy Terrain
|upkeep
|turn|3
|
|t:|1785469366
|switch|p2a: Floette|Floette-Eternal, L50, F|100/100
|move|p2b: Dragonite|Protect|p2b: Dragonite
|-singleturn|p2b: Dragonite|Protect
|move|p1b: Chesnaught|Body Press|p2a: Floette
|-resisted|p2a: Floette|1
|-damage|p2a: Floette|61/100
|move|p1a: Farigiraf|Psychic|p2a: Floette
|-damage|p2a: Floette|24/100
|
|-heal|p1a: Farigiraf|13/100|[from] Grassy Terrain
|-heal|p2a: Floette|30/100|[from] Grassy Terrain
|upkeep
|turn|4
|
|t:|1785469392
|detailschange|p2a: Floette|Floette-Mega, L50, F
|-mega|p2a: Floette|Floette|Floettite
|-ability|p2a: Floette|Fairy Aura
|move|p2a: Floette|Protect|p2a: Floette
|-singleturn|p2a: Floette|Protect
|move|p1b: Chesnaught|Grassy Glide|p2a: Floette
|-activate|p2a: Floette|move: Protect
|move|p1a: Farigiraf|Hyper Voice|p2b: Dragonite|[spread] p2b
|-activate|p2a: Floette|move: Protect
|-damage|p2b: Dragonite|66/100
|move|p2b: Dragonite|Dragon Claw|p1a: Farigiraf
|-damage|p1a: Farigiraf|0 fnt
|faint|p1a: Farigiraf
|-damage|p2b: Dragonite|56/100|[from] item: Life Orb
|
|-heal|p2a: Floette|36/100|[from] Grassy Terrain
|upkeep
|
|t:|1785469397
|switch|p1a: Sylveon|Sylveon, L50, M|100/100
|turn|5
|
|t:|1785469446
|switch|p2b: Sneasler|Sneasler, L50, M|100/100
|move|p1b: Chesnaught|Grassy Glide|p2a: Floette
|-damage|p2a: Floette|0 fnt
|faint|p2a: Floette
|move|p1a: Sylveon|Hyper Voice|p2b: Sneasler
|-damage|p2b: Sneasler|23/100
|
|-heal|p2b: Sneasler|29/100|[from] Grassy Terrain
|upkeep
|
|t:|1785469456
|switch|p2a: Dragonite|Dragonite, L50, F|56/100
|turn|6
|
|t:|1785469473
|switch|p1b: Basculegion|Basculegion, L50, M|100/100
|move|p1a: Sylveon|Hyper Voice|p2b: Sneasler|[spread] p2a,p2b
|-supereffective|p2a: Dragonite|1
|-damage|p2a: Dragonite|0 fnt
|-damage|p2b: Sneasler|0 fnt
|faint|p2a: Dragonite
|faint|p2b: Sneasler
|
|win|ChalkyCheeks
