|j|☆thesuperwombat
|j|☆ayeeetonyyy
|html|thesuperwombatayeeetonyyy    
|uhtml|bestof|Game 1 of a best-of-3
|t:|1785805435
|gametype|doubles
|player|p1|thesuperwombat|acetrainer-gen4dp|
|player|p2|ayeeetonyyy|marshal|
|gen|9
|tier|[Gen 9 Champions] VGC 2026 Reg M-B (Bo3)
|rule|Species Clause: Limit one of each Pokémon
|rule|Item Clause: Limit 1 of each item
|clearpoke
|poke|p1|Torkoal, L50, M|
|poke|p1|Mawile, L50, M|
|poke|p1|Sinistcha, L50|
|poke|p1|Oranguru, L50, M|
|poke|p1|Maushold-Four, L50|
|poke|p1|Hatterene, L50, F|
|poke|p2|Pelipper, L50, M|
|poke|p2|Archaludon, L50, M|
|poke|p2|Blastoise, L50, F|
|poke|p2|Rotom-Heat, L50|
|poke|p2|Eelektross, L50, M|
|poke|p2|Jolteon, L50, M|
|teampreview|4
|showteam|p1|Torkoal||Charcoal|Drought|Eruption,HeatWave,SolarBeam,Protect|Quiet||M|||50|]Mawile||Mawilite|Intimidate|BrickBreak,PlayRough,Protect,SuckerPunch|Brave||M|||50|]Sinistcha||SitrusBerry|Hospitality|Protect,TrickRoom,MatchaGotcha,ShadowBall|Sassy|||||50|]Oranguru||MentalHerb|InnerFocus|Thunderbolt,FocusBlast,Instruct,TrickRoom|Serious||M|||50|]Maushold-Four||WideLens|FriendGuard|Protect,Uturn,PopulationBomb,FollowMe|Adamant|||||50|]Hatterene||LifeOrb|MagicBounce|DazzlingGleam,Psychic,Protect,GigaDrain|Modest||F|||50|
|showteam|p2|Pelipper||SitrusBerry|Drizzle|GunkShot,Hurricane,SeedBomb,Uturn|Brave||M|||50|]Archaludon||ChoiceScarf|Stamina|DracoMeteor,FlashCannon,ElectroShot,AuraSphere|Timid||M|||50|]Blastoise||Blastoisinite|RainDish|WaterSpout,FocusBlast,AuraSphere,FakeOut|Quiet||F|||50|]Rotom-Heat||FocusSash|Levitate|WillOWisp,HyperVoice,Overheat,Thunder|Timid|||||50|]Eelektross||Eelektrossite|Levitate|Superpower,Flamethrower,DrainPunch,CloseCombat|Hasty||M|||50|]Jolteon||ShucaBerry|VoltAbsorb|VoltSwitch,Thunder,AlluringVoice,RainDance|Timid||M|||50|
|
|t:|1785805457
|teamsize|p1|4
|teamsize|p2|4
|start
|switch|p1a: Oranguru|Oranguru, L50, M|100/100
|switch|p1b: Hatterene|Hatterene, L50, F|100/100
|switch|p2a: Pelipper|Pelipper, L50, M|100/100
|switch|p2b: Blastoise|Blastoise, L50, F|100/100
|-weather|RainDance|[from] ability: Drizzle|[of] p2a: Pelipper
|turn|1
|
|t:|1785805478
|detailschange|p2b: Blastoise|Blastoise-Mega, L50, F
|-mega|p2b: Blastoise|Blastoise|Blastoisinite
|move|p2b: Blastoise|Water Spout|p1b: Hatterene|[spread] p1a,p1b
|-damage|p1a: Oranguru|32/100
|-damage|p1b: Hatterene|0 fnt
|faint|p1b: Hatterene
|move|p2a: Pelipper|Gunk Shot|p1a: Oranguru
|-damage|p1a: Oranguru|2/100
|move|p1a: Oranguru|Trick Room|p1a: Oranguru
|-fieldstart|move: Trick Room|[of] p1a: Oranguru
|
|-weather|RainDance|[upkeep]
|upkeep
|
|t:|1785805482
|switch|p1b: Torkoal|Torkoal, L50, M|100/100
|-weather|SunnyDay|[from] ability: Drought|[of] p1b: Torkoal
|turn|2
|
|t:|1785805494
|move|p1b: Torkoal|Eruption|p2a: Pelipper|[spread] p2a,p2b
|-resisted|p2a: Pelipper|1
|-resisted|p2b: Blastoise|1
|-damage|p2a: Pelipper|43/100
|-damage|p2b: Blastoise|64/100
|-enditem|p2a: Pelipper|Sitrus Berry|[eat]
|-heal|p2a: Pelipper|67/100|[from] item: Sitrus Berry
|move|p2a: Pelipper|U-turn|p1a: Oranguru
|-supereffective|p1a: Oranguru|1
|-damage|p1a: Oranguru|0 fnt
|faint|p1a: Oranguru
|
|t:|1785805506
|switch|p2a: Archaludon|Archaludon, L50, M|100/100|[from] U-turn
|move|p2b: Blastoise|Water Spout|p1b: Torkoal
|-supereffective|p1b: Torkoal|1
|-damage|p1b: Torkoal|26/100
|
|-weather|SunnyDay|[upkeep]
|upkeep
|
|t:|1785805510
|switch|p1a: Mawile|Mawile, L50, M|100/100
|-ability|p1a: Mawile|Intimidate|boost
|-unboost|p2a: Archaludon|atk|1
|-unboost|p2b: Blastoise|atk|1
|turn|3
|
|t:|1785805546
|switch|p2a: Pelipper|Pelipper, L50, M|67/100
|-weather|RainDance|[from] ability: Drizzle|[of] p2a: Pelipper
|detailschange|p1a: Mawile|Mawile-Mega, L50, M
|-mega|p1a: Mawile|Mawile|Mawilite
|move|p1b: Torkoal|Heat Wave|p2b: Blastoise|[spread] p2a
|-miss|p1b: Torkoal|p2b: Blastoise
|-resisted|p2a: Pelipper|1
|-damage|p2a: Pelipper|53/100
|move|p1a: Mawile|Play Rough|p2b: Blastoise
|-damage|p2b: Blastoise|0 fnt
|faint|p2b: Blastoise
|
|-weather|RainDance|[upkeep]
|upkeep
|
|t:|1785805560
|switch|p2b: Eelektross|Eelektross, L50, M|100/100
|turn|4
|
|t:|1785805576
|move|p1b: Torkoal|Protect|p1b: Torkoal
|-singleturn|p1b: Torkoal|Protect
|move|p1a: Mawile|Play Rough|p2b: Eelektross
|-damage|p2b: Eelektross|0 fnt
|faint|p2b: Eelektross
|move|p2a: Pelipper|Gunk Shot|p1b: Torkoal
|-activate|p1b: Torkoal|move: Protect
|
|-weather|RainDance|[upkeep]
|upkeep
|
|t:|1785805585
|switch|p2b: Archaludon|Archaludon, L50, M|100/100
|turn|5
|
|t:|1785805612
|move|p1b: Torkoal|Heat Wave|p2a: Pelipper|[spread] p2a,p2b
|-resisted|p2a: Pelipper|1
|-damage|p2a: Pelipper|39/100
|-damage|p2b: Archaludon|73/100
|-ability|p2b: Archaludon|Stamina|boost
|-boost|p2b: Archaludon|def|1
|move|p1a: Mawile|Brick Break|p2b: Archaludon
|-supereffective|p2b: Archaludon|1
|-crit|p2b: Archaludon
|-damage|p2b: Archaludon|0 fnt
|faint|p2b: Archaludon
|move|p2a: Pelipper|Gunk Shot|p1b: Torkoal
|-damage|p1b: Torkoal|4/100
|
|-weather|RainDance|[upkeep]
|-fieldend|move: Trick Room
|upkeep
|turn|6
|
|t:|1785805627
|move|p2a: Pelipper|Hurricane|p1b: Torkoal
|-damage|p1b: Torkoal|0 fnt
|faint|p1b: Torkoal
|move|p1a: Mawile|Play Rough|p2a: Pelipper
|-damage|p2a: Pelipper|0 fnt
|faint|p2a: Pelipper
|
|win|thesuperwombat
|inactive|thesuperwombat has 30 seconds to confirm battle start!
|inactive|ayeeetonyyy has 30 seconds to confirm battle start!
|l|☆thesuperwombat
|player|p1|
|j|☆thesuperwombat
|player|p1|thesuperwombat|acetrainer-gen4dp|
