|j|☆sloth_wishes
|j|☆Cieoli
|html|sloth_wishesCieoli    
|uhtml|bestof|Game 2 of a best-of-3
|t:|1757911604
|gametype|doubles
|player|p1|sloth_wishes|pryce-gen2|1046
|player|p2|Cieoli|hilda-wonderlauncher|1093
|gen|9
|tier|[Gen 9] VGC 2025 Reg H (Bo3)
|rated|
|rule|Species Clause: Limit one of each Pokémon
|rule|Item Clause: Limit 1 of each item
|clearpoke
|poke|p1|Smeargle, L50, M|
|poke|p1|Sneasler, L50, M|
|poke|p1|Muk-Alola, L50, M|
|poke|p1|Flamigo, L50, F|
|poke|p1|Indeedee-F, L50, F|
|poke|p1|Hatterene, L50, F|
|poke|p2|Gallade, L50, M|
|poke|p2|Ursaluna, L50, M|
|poke|p2|Torkoal, L50, F|
|poke|p2|Indeedee-F, L50, F|
|poke|p2|Hatterene, L50, F|
|poke|p2|Maushold, L50|
|teampreview|4
|showteam|p1|Smeargle||FocusSash|Moody|FollowMe,Spore,FakeOut,Encore|||M|||50|,,,,,Ghost]Sneasler||PsychicSeed|Unburden|CloseCombat,ThroatChop,DireClaw,Protect|||M|||50|,,,,,Dark]Muk-Alola||Leftovers|PowerofAlchemy|Minimize,Toxic,Protect,KnockOff|||M|||50|,,,,,Poison]Flamigo||LifeOrb|Costar|CloseCombat,Protect,DualWingbeat,ThroatChop|||F|||50|,,,,,Steel]Indeedee-F||ColburBerry|PsychicSurge|FollowMe,DazzlingGleam,TrickRoom,HealPulse|||F|||50|,,,,,Fairy]Hatterene||SitrusBerry|MagicBounce|TrickRoom,ExpandingForce,DazzlingGleam,Protect|||F|||50|,,,,,Psychic
|showteam|p2|Gallade||ClearAmulet|Sharpness|SacredSword,PsychoCut,WideGuard,TrickRoom|||M|||50|,,,,,Grass]Ursaluna||FlameOrb|Guts|Facade,HeadlongRush,Earthquake,Protect|||M|||50|,,,,,Ghost]Torkoal||ChoiceSpecs|Drought|Eruption,HeatWave,EarthPower,WeatherBall|||F|||50|,,,,,Fire]Indeedee-F||PsychicSeed|PsychicSurge|FollowMe,TrickRoom,Psychic,HelpingHand|||F|||50|,,,,,Grass]Hatterene||LifeOrb|MagicBounce|ExpandingForce,DazzlingGleam,TeraBlast,TrickRoom|||F|||50|,,,,,Fire]Maushold||WideLens|Technician|PopulationBomb,Taunt,FollowMe,Protect||||||50|,,,,,Poison
|inactive|Battle timer is ON: inactive players will automatically lose when time's up. (requested by sloth_wishes)
|
|t:|1757911650
|teamsize|p1|4
|teamsize|p2|4
|start
|switch|p1a: My Son|Smeargle, L50, M, shiny|100/100
|switch|p1b: Sidewalk Gum|Muk-Alola, L50, M, shiny|100/100
|switch|p2a: Winx Club|Indeedee-F, L50, F|100/100
|switch|p2b: Totally Spies|Hatterene, L50, F|100/100
|-fieldstart|move: Psychic Terrain|[from] ability: Psychic Surge|[of] p2a: Winx Club
|-enditem|p2a: Winx Club|Psychic Seed
|-boost|p2a: Winx Club|spd|1|[from] item: Psychic Seed
|turn|1
|inactive|sloth_wishes has 30 seconds left.
|
|t:|1757911677
|-terastallize|p2a: Winx Club|Grass
|move|p1a: My Son|Follow Me|p1a: My Son
|-singleturn|p1a: My Son|move: Follow Me
|move|p1b: Sidewalk Gum|Minimize|p1b: Sidewalk Gum
|-boost|p1b: Sidewalk Gum|evasion|2
|move|p2b: Totally Spies|Expanding Force|p1b: Sidewalk Gum|[spread] p1a
|-immune|p1b: Sidewalk Gum
|-enditem|p1a: My Son|Focus Sash
|-damage|p1a: My Son|1/100
|-damage|p2b: Totally Spies|91/100|[from] item: Life Orb
|move|p2a: Winx Club|Trick Room|p2a: Winx Club
|-fieldstart|move: Trick Room|[of] p2a: Winx Club
|
|-ability|p1a: My Son|Moody|boost
|-boost|p1a: My Son|atk|2
|-unboost|p1a: My Son|spa|1
|upkeep
|turn|2
|
|t:|1757911699
|move|p2a: Winx Club|Helping Hand|p2b: Totally Spies
|-singleturn|p2b: Totally Spies|Helping Hand|[of] p2a: Winx Club
|move|p1a: My Son|Follow Me|p1a: My Son
|-singleturn|p1a: My Son|move: Follow Me
|move|p2b: Totally Spies|Dazzling Gleam|p1b: Sidewalk Gum|[spread] p1a
|-miss|p2b: Totally Spies|p1b: Sidewalk Gum
|-damage|p1a: My Son|0 fnt
|faint|p1a: My Son
|-ability|p1b: Sidewalk Gum|Moody|Power of Alchemy|[from] ability: Power of Alchemy|[of] p1a: My Son
|-damage|p2b: Totally Spies|81/100|[from] item: Life Orb
|move|p1b: Sidewalk Gum|Minimize|p1b: Sidewalk Gum
|-boost|p1b: Sidewalk Gum|evasion|2
|
|-ability|p1b: Sidewalk Gum|Moody|boost
|-boost|p1b: Sidewalk Gum|spa|2
|-unboost|p1b: Sidewalk Gum|def|1
|upkeep
|
|t:|1757911716
|switch|p1a: Indeed a Woman|Indeedee-F, L50, F, shiny|100/100
|turn|3
|inactive|Cieoli has 30 seconds left.
|
|t:|1757911741
|move|p2a: Winx Club|Helping Hand|p2b: Totally Spies
|-singleturn|p2b: Totally Spies|Helping Hand|[of] p2a: Winx Club
|move|p1a: Indeed a Woman|Follow Me|p1a: Indeed a Woman
|-singleturn|p1a: Indeed a Woman|move: Follow Me
|move|p2b: Totally Spies|Dazzling Gleam|p1a: Indeed a Woman|[spread] p1a,p1b
|-damage|p1a: Indeed a Woman|34/100
|-damage|p1b: Sidewalk Gum|56/100
|-damage|p2b: Totally Spies|71/100|[from] item: Life Orb
|move|p1b: Sidewalk Gum|Minimize|p1b: Sidewalk Gum
|-boost|p1b: Sidewalk Gum|evasion|2
|
|-heal|p1b: Sidewalk Gum|62/100|[from] item: Leftovers
|-ability|p1b: Sidewalk Gum|Moody|boost
|-boost|p1b: Sidewalk Gum|spa|2
|-unboost|p1b: Sidewalk Gum|atk|1
|upkeep
|turn|4
|inactive|sloth_wishes has 30 seconds left.
|inactive|sloth_wishes has 20 seconds left.
|inactive|sloth_wishes has 15 seconds left.
|inactive|sloth_wishes has 10 seconds left.
|
|t:|1757911788
|move|p2a: Winx Club|Helping Hand|p2b: Totally Spies
|-singleturn|p2b: Totally Spies|Helping Hand|[of] p2a: Winx Club
|move|p2b: Totally Spies|Dazzling Gleam|p1a: Indeed a Woman|[spread] p1a,p1b
|-damage|p1a: Indeed a Woman|0 fnt
|-damage|p1b: Sidewalk Gum|17/100
|faint|p1a: Indeed a Woman
|-damage|p2b: Totally Spies|61/100|[from] item: Life Orb
|move|p1b: Sidewalk Gum|Knock Off|p2b: Totally Spies
|-damage|p2b: Totally Spies|35/100
|-enditem|p2b: Totally Spies|Life Orb|[from] move: Knock Off|[of] p1b: Sidewalk Gum
|
|-heal|p1b: Sidewalk Gum|23/100|[from] item: Leftovers
|-ability|p1b: Sidewalk Gum|Moody|boost
|-boost|p1b: Sidewalk Gum|spd|2
|-unboost|p1b: Sidewalk Gum|def|1
|upkeep
|
|t:|1757911802
|switch|p1a: Lawn Flamingo|Flamigo, L50, F, shiny|100/100
|-copyboost|p1a: Lawn Flamingo|p1b: Sidewalk Gum|[from] ability: Costar
|turn|5
|inactive|Cieoli has 30 seconds left.
|inactive|Cieoli has 20 seconds left.
|inactive|Cieoli has 15 seconds left.
|inactive|Cieoli has 10 seconds left.
|
|t:|1757911850
|switch|p2a: Kim Possible|Torkoal, L50, F|100/100
|-weather|SunnyDay|[from] ability: Drought|[of] p2a: Kim Possible
|move|p1b: Sidewalk Gum|Protect|p1b: Sidewalk Gum
|-singleturn|p1b: Sidewalk Gum|Protect
|move|p1a: Lawn Flamingo|Protect|p1a: Lawn Flamingo
|-singleturn|p1a: Lawn Flamingo|Protect
|move|p2b: Totally Spies|Dazzling Gleam|p1b: Sidewalk Gum|[spread] 
|-activate|p1a: Lawn Flamingo|move: Protect
|-activate|p1b: Sidewalk Gum|move: Protect
|
|-weather|SunnyDay|[upkeep]
|-heal|p1b: Sidewalk Gum|29/100|[from] item: Leftovers
|-fieldend|move: Trick Room
|-fieldend|move: Psychic Terrain
|-ability|p1b: Sidewalk Gum|Moody|boost
|-boost|p1b: Sidewalk Gum|spa|2
|-unboost|p1b: Sidewalk Gum|atk|1
|upkeep
|turn|6
|inactive|sloth_wishes has 30 seconds left.
|
|t:|1757911876
|move|p1a: Lawn Flamingo|Close Combat|p2a: Kim Possible
|-damage|p2a: Kim Possible|62/100
|-unboost|p1a: Lawn Flamingo|def|1
|-unboost|p1a: Lawn Flamingo|spd|1
|-damage|p1a: Lawn Flamingo|91/100|[from] item: Life Orb
|move|p1b: Sidewalk Gum|Knock Off|p2b: Totally Spies
|-damage|p2b: Totally Spies|22/100
|move|p2b: Totally Spies|Dazzling Gleam|p1b: Sidewalk Gum|[spread] p1b
|-miss|p2b: Totally Spies|p1a: Lawn Flamingo
|-damage|p1b: Sidewalk Gum|18/100
|move|p2a: Kim Possible|Heat Wave|p1b: Sidewalk Gum|[spread] p1a
|-miss|p2a: Kim Possible|p1b: Sidewalk Gum
|-damage|p1a: Lawn Flamingo|18/100
|
|-weather|SunnyDay|[upkeep]
|-heal|p1b: Sidewalk Gum|24/100|[from] item: Leftovers
|-ability|p1b: Sidewalk Gum|Moody|boost
|-boost|p1b: Sidewalk Gum|atk|2
|-unboost|p1b: Sidewalk Gum|spe|1
|upkeep
|turn|7
|
|t:|1757911900
|move|p1a: Lawn Flamingo|Dual Wingbeat|p2b: Totally Spies
|-damage|p2b: Totally Spies|2/100
|-damage|p2b: Totally Spies|0 fnt
|faint|p2b: Totally Spies
|-hitcount|p2: Totally Spies|2
|-damage|p1a: Lawn Flamingo|9/100|[from] item: Life Orb
|move|p1b: Sidewalk Gum|Toxic|p2a: Kim Possible
|-status|p2a: Kim Possible|tox
|move|p2a: Kim Possible|Heat Wave|p1b: Sidewalk Gum|[spread] 
|-miss|p2a: Kim Possible|p1a: Lawn Flamingo
|-miss|p2a: Kim Possible|p1b: Sidewalk Gum
|
|-weather|SunnyDay|[upkeep]
|-heal|p1b: Sidewalk Gum|30/100|[from] item: Leftovers
|-damage|p2a: Kim Possible|56/100 tox|[from] psn
|-ability|p1b: Sidewalk Gum|Moody|boost
|-boost|p1b: Sidewalk Gum|spd|2
|-unboost|p1b: Sidewalk Gum|spe|1
|upkeep
|
|t:|1757911917
|switch|p2b: Winx Club|Indeedee-F, L50, F, tera:Grass|100/100
|-fieldstart|move: Psychic Terrain|[from] ability: Psychic Surge|[of] p2b: Winx Club
|turn|8
|
|t:|1757911941
|move|p1a: Lawn Flamingo|Dual Wingbeat|p2b: Winx Club
|-supereffective|p2b: Winx Club
|-damage|p2b: Winx Club|55/100
|-supereffective|p2b: Winx Club
|-damage|p2b: Winx Club|6/100
|-hitcount|p2b: Winx Club|2
|-damage|p1a: Lawn Flamingo|0 fnt|[from] item: Life Orb
|faint|p1a: Lawn Flamingo
|move|p1b: Sidewalk Gum|Knock Off|p2a: Kim Possible
|-damage|p2a: Kim Possible|27/100 tox
|-enditem|p2a: Kim Possible|Choice Specs|[from] move: Knock Off|[of] p1b: Sidewalk Gum
|move|p2a: Kim Possible|Heat Wave|p1b: Sidewalk Gum|[miss]
|-miss|p2a: Kim Possible|p1b: Sidewalk Gum
|move|p2b: Winx Club|Trick Room|p2b: Winx Club
|-fieldstart|move: Trick Room|[of] p2b: Winx Club
|
|-weather|SunnyDay|[upkeep]
|-heal|p1b: Sidewalk Gum|36/100|[from] item: Leftovers
|-damage|p2a: Kim Possible|15/100 tox|[from] psn
|-ability|p1b: Sidewalk Gum|Moody|boost
|-boost|p1b: Sidewalk Gum|spd|2
|-unboost|p1b: Sidewalk Gum|def|1
|upkeep
|turn|9
|inactive|sloth_wishes has 30 seconds left.
|inactive|Cieoli has 30 seconds left.
|
|t:|1757911974
|move|p1b: Sidewalk Gum|Protect|p1b: Sidewalk Gum
|-singleturn|p1b: Sidewalk Gum|Protect
|move|p2b: Winx Club|Follow Me|p2b: Winx Club
|-singleturn|p2b: Winx Club|move: Follow Me
|move|p2a: Kim Possible|Heat Wave|p1b: Sidewalk Gum
|-activate|p1b: Sidewalk Gum|move: Protect
|
|-weather|none
|-heal|p1b: Sidewalk Gum|42/100|[from] item: Leftovers
|-damage|p2a: Kim Possible|0 fnt|[from] psn
|faint|p2a: Kim Possible
|-ability|p1b: Sidewalk Gum|Moody|boost
|-boost|p1b: Sidewalk Gum|atk|2
|-unboost|p1b: Sidewalk Gum|def|1
|upkeep
|
|t:|1757911979
|switch|p2a: Ben 10|Gallade, L50, M|100/100
|turn|10
|
|t:|1757911999
|move|p2b: Winx Club|Helping Hand|p2a: Ben 10
|-singleturn|p2a: Ben 10|Helping Hand|[of] p2b: Winx Club
|move|p1b: Sidewalk Gum|Toxic|p2a: Ben 10
|-status|p2a: Ben 10|tox
|move|p2a: Ben 10|Sacred Sword|p1b: Sidewalk Gum
|-damage|p1b: Sidewalk Gum|0 fnt
|faint|p1b: Sidewalk Gum
|
|win|Cieoli
||Cieoli is ready for game 3.
|inactive|sloth_wishes has 30 seconds to confirm battle start!
||sloth_wishes is ready for game 3.
|uhtml|next|Next: Game 3 of 3
