|j|☆Truevillany123
|j|☆noodleSandwich111
|html|Truevillany123noodleSandwich111    
|uhtml|bestof|Game 2 of a best-of-3
|t:|1757712614
|gametype|doubles
|player|p1|Truevillany123|1|1059
|player|p2|noodleSandwich111|unknownf|1033
|gen|9
|tier|[Gen 9] VGC 2025 Reg H (Bo3)
|rated|
|rule|Species Clause: Limit one of each Pokémon
|rule|Item Clause: Limit 1 of each item
|clearpoke
|poke|p1|Dragonite, L50, F|
|poke|p1|Ursaluna-Bloodmoon, L50, M|
|poke|p1|Gholdengo, L50|
|poke|p1|Annihilape, L50, M|
|poke|p1|Ninetales-Alola, L50, F|
|poke|p1|Rillaboom, L50, F|
|poke|p2|Volcarona, L50, F|
|poke|p2|Grimmsnarl, L50, M|
|poke|p2|Dragonite, L50, M|
|poke|p2|Sneasler, L50, M|
|poke|p2|Annihilape, L50, F|
|poke|p2|Ursaluna-Bloodmoon, L50, M|
|teampreview|4
|showteam|p1|Dragonite||LoadedDice|Multiscale|ScaleShot,Protect,Haze,Tailwind|||F|||50|,,,,,Fairy]Ursaluna-Bloodmoon||LifeOrb|MindsEye|BloodMoon,HyperVoice,EarthPower,Protect|||M|||50|,,,,,Normal]Gholdengo||ChoiceSpecs|GoodasGold|MakeItRain,ShadowBall,PowerGem,Trick||||||50|,,,,,Steel]Annihilape||SitrusBerry|Defiant|DrainPunch,RageFist,Protect,BulkUp|||M|||50|,,,,,Fire]Ninetales-Alola||FocusSash|SnowWarning|FreezeDry,AuroraVeil,Encore,IcicleSpear|||F|||50|,,,,,Ghost]Rillaboom||AssaultVest|GrassySurge|FakeOut,WoodHammer,HighHorsepower,Uturn|||F|||50|,,,,,Fire
|showteam|p2|Volcarona||Leftovers|FlameBody|Protect,HeatWave,QuiverDance,GigaDrain|||F|||50|,,,,,Grass]Grimmsnarl||LightClay|Prankster|SpiritBreak,LightScreen,Reflect,ThunderWave|||M|||50|,,,,,Steel]Dragonite||LoadedDice|InnerFocus|ScaleShot,LowKick,ExtremeSpeed,Haze|||M|||50|,,,,,Steel]Sneasler||FocusSash|Unburden|DireClaw,FakeOut,CloseCombat,ThroatChop|||M|||50|,,,,,Dark]Annihilape||SafetyGoggles|Defiant|Protect,DrainPunch,BulkUp,RageFist|||F|||50|,,,,,Fire]Ursaluna-Bloodmoon||AssaultVest|MindsEye|EarthPower,BloodMoon,HyperVoice,VacuumWave|||M|||50|,,,,,Water
|inactive|Battle timer is ON: inactive players will automatically lose when time's up. (requested by Truevillany123)
|
|t:|1757712681
|teamsize|p1|4
|teamsize|p2|4
|start
|switch|p1a: Gholdengo|Gholdengo, L50|100/100
|switch|p1b: Ninetales|Ninetales-Alola, L50, F|100/100
|switch|p2a: Volcarona|Volcarona, L50, F, shiny|100/100
|switch|p2b: Sneasler|Sneasler, L50, M|100/100
|-weather|Snowscape|[from] ability: Snow Warning|[of] p1b: Ninetales
|turn|1
|inactive|Truevillany123 has 30 seconds left.
|
|t:|1757712707
|-terastallize|p1b: Ninetales|Ghost
|-terastallize|p2a: Volcarona|Grass
|move|p2b: Sneasler|Fake Out|p1b: Ninetales
|-immune|p1b: Ninetales
|move|p1b: Ninetales|Aurora Veil|p1b: Ninetales
|-sidestart|p1: Truevillany123|move: Aurora Veil
|move|p1a: Gholdengo|Trick|p2a: Volcarona
|-activate|p1a: Gholdengo|move: Trick|[of] p2a: Volcarona
|-item|p2a: Volcarona|Choice Specs|[from] move: Trick
|-item|p1a: Gholdengo|Leftovers|[from] move: Trick
|move|p2a: Volcarona|Quiver Dance|p2a: Volcarona
|-boost|p2a: Volcarona|spa|1
|-boost|p2a: Volcarona|spd|1
|-boost|p2a: Volcarona|spe|1
|
|-weather|Snowscape|[upkeep]
|upkeep
|turn|2
|inactive|noodleSandwich111 has 30 seconds left.
|inactive|noodleSandwich111 has 20 seconds left.
|inactive|noodleSandwich111 has 15 seconds left.
|
|t:|1757712749
|switch|p2a: Annihilape|Annihilape, L50, F, shiny|100/100
|move|p1b: Ninetales|Freeze-Dry|p2a: Annihilape
|-damage|p2a: Annihilape|78/100
|move|p2b: Sneasler|Throat Chop|p1b: Ninetales
|-supereffective|p1b: Ninetales
|-damage|p1b: Ninetales|33/100
|-start|p1b: Ninetales|Throat Chop|[silent]
|move|p1a: Gholdengo|Make It Rain|p2a: Annihilape|[spread] p2a,p2b
|-damage|p2a: Annihilape|43/100
|-damage|p2b: Sneasler|31/100
|-unboost|p1a: Gholdengo|spa|1
|
|-weather|Snowscape|[upkeep]
|upkeep
|turn|3
|inactive|Truevillany123 has 30 seconds left.
|
|t:|1757712779
|switch|p1a: Annihilape|Annihilape, L50, M|100/100
|move|p1b: Ninetales|Encore|p2b: Sneasler
|-start|p2b: Sneasler|Encore
|move|p2b: Sneasler|Throat Chop|p1b: Ninetales
|-supereffective|p1b: Ninetales
|-damage|p1b: Ninetales|0 fnt
|faint|p1b: Ninetales
|move|p2a: Annihilape|Rage Fist|p1a: Annihilape
|-supereffective|p1a: Annihilape
|-crit|p1a: Annihilape
|-damage|p1a: Annihilape|0 fnt
|faint|p1a: Annihilape
|
|-weather|Snowscape|[upkeep]
|upkeep
|
|t:|1757712790
|switch|p1b: Gholdengo|Gholdengo, L50|100/100
|switch|p1a: Dragonite|Dragonite, L50, F, shiny|100/100
|turn|4
|inactive|Truevillany123 has 30 seconds left.
|inactive|noodleSandwich111 has 30 seconds left.
|inactive|noodleSandwich111 has 20 seconds left.
|inactive|noodleSandwich111 has 15 seconds left.
|
|t:|1757712840
|move|p2b: Sneasler|Throat Chop|p1b: Gholdengo
|-supereffective|p1b: Gholdengo
|-damage|p1b: Gholdengo|57/100
|-start|p1b: Gholdengo|Throat Chop|[silent]
|move|p1b: Gholdengo|Shadow Ball|p2b: Sneasler
|-damage|p2b: Sneasler|0 fnt
|faint|p2b: Sneasler
|move|p1a: Dragonite|Scale Shot|p2a: Annihilape
|-damage|p2a: Annihilape|29/100
|-damage|p2a: Annihilape|15/100
|-damage|p2a: Annihilape|2/100
|-damage|p2a: Annihilape|0 fnt
|faint|p2a: Annihilape
|-hitcount|p2: Annihilape|4
|-unboost|p1a: Dragonite|def|1
|-boost|p1a: Dragonite|spe|1
|
|-weather|Snowscape|[upkeep]
|-heal|p1b: Gholdengo|63/100|[from] item: Leftovers
|upkeep
|
|t:|1757712854
|switch|p2b: Dragonite|Dragonite, L50, M|100/100
|switch|p2a: Volcarona|Volcarona, L50, F, shiny, tera:Grass|100/100
|turn|5
|inactive|noodleSandwich111 has 30 seconds left.
|inactive|noodleSandwich111 has 20 seconds left.
|
|t:|1757712893
|move|p2b: Dragonite|Extreme Speed|p1a: Dragonite
|-damage|p1a: Dragonite|84/100
|move|p1a: Dragonite|Scale Shot|p2b: Dragonite
|-supereffective|p2b: Dragonite
|-damage|p2b: Dragonite|69/100
|-supereffective|p2b: Dragonite
|-damage|p2b: Dragonite|38/100
|-supereffective|p2b: Dragonite
|-damage|p2b: Dragonite|6/100
|-supereffective|p2b: Dragonite
|-damage|p2b: Dragonite|0 fnt
|faint|p2b: Dragonite
|-hitcount|p2: Dragonite|4
|-unboost|p1a: Dragonite|def|1
|-boost|p1a: Dragonite|spe|1
|move|p1b: Gholdengo|Make It Rain|p2a: Volcarona
|-damage|p2a: Volcarona|44/100
|-unboost|p1b: Gholdengo|spa|1
|move|p2a: Volcarona|Heat Wave|p1a: Dragonite|[spread] p1a,p1b
|-resisted|p1a: Dragonite
|-supereffective|p1b: Gholdengo
|-damage|p1a: Dragonite|66/100
|-damage|p1b: Gholdengo|0 fnt
|faint|p1b: Gholdengo
|
|-weather|none
|-sideend|p1: Truevillany123|move: Aurora Veil
|upkeep
|turn|6
|
|t:|1757712916
|move|p1a: Dragonite|Scale Shot|p2a: Volcarona
|-damage|p2a: Volcarona|27/100
|-damage|p2a: Volcarona|11/100
|-damage|p2a: Volcarona|0 fnt
|faint|p2a: Volcarona
|-hitcount|p2: Volcarona|3
|
|win|Truevillany123
|raw|Truevillany123's rating: 1059 → 1088(+29 for winning)
|raw|noodleSandwich111's rating: 1033 → 1019(-14 for losing)
