|j|☆zootvgc
|j|☆Juicelo8
|html|zootvgcJuicelo8    
|uhtml|bestof|Game 1 of a best-of-3
|t:|1782517073
|gametype|doubles
|player|p1|zootvgc|palmer|
|player|p2|Juicelo8|170|
|gen|9
|tier|[Gen 9 Champions] VGC 2026 Reg M-B (Bo3)
|rule|Species Clause: Limit one of each Pokémon
|rule|Item Clause: Limit 1 of each item
|clearpoke
|poke|p1|Farigiraf, L50, F|
|poke|p1|Scrafty, L50, F|
|poke|p1|Torkoal, L50, F|
|poke|p1|Mamoswine, L50, F|
|poke|p1|Venusaur, L50, F|
|poke|p1|Pyroar, L50, M|
|poke|p2|Swampert, L50, M|
|poke|p2|Pelipper, L50, F|
|poke|p2|Archaludon, L50, M, shiny|
|poke|p2|Grimmsnarl, L50, M, shiny|
|poke|p2|Sinistcha-Masterpiece, L50|
|poke|p2|Metagross, L50, shiny|
|teampreview|4
|showteam|p1|Farigiraf||SitrusBerry|ArmorTail|Psychic,Thunderbolt,Protect,TrickRoom|Quiet||F|||50|]Scrafty||Scraftinite|Intimidate|KnockOff,DrainPunch,IcePunch,FakeOut|Adamant||F|||50|]Torkoal||Leftovers|Drought|Eruption,WeatherBall,HelpingHand,Protect|Quiet||F|||50|]Mamoswine||FocusSash|Oblivious|HighHorsepower,RockSlide,IceShard,Protect|Jolly||F|||50|]Venusaur||LifeOrb|Chlorophyll|EnergyBall,SludgeBomb,Protect,SleepPowder|Modest||F|||50|]Pyroar||Pyroarite|Unnerve|Overheat,HeatWave,Yawn,Protect|Timid||M|||50|
|showteam|p2|Swampert||Swampertite|Damp|WaveCrash,Earthquake,PoisonJab,Protect|Adamant||M|||50|]Pelipper||FocusSash|Drizzle|WeatherBall,Hurricane,Protect,Tailwind|Modest||F|||50|]Archaludon||Leftovers|Stamina|ElectroShot,FlashCannon,DragonPulse,Protect|Timid||M|||50|]Grimmsnarl|||Prankster|Reflect,FakeOut,LightScreen,PartingShot|Careful||M|||50|]Sinistcha-Masterpiece||SitrusBerry|Hospitality|MatchaGotcha,TrickRoom,RagePowder,Protect|Bold|||||50|]Metagross||Metagrossite|ClearBody|BodyPress,PsychicFangs,IronHead,Protect|Adamant|||||50|
|inactive|Battle timer is ON: inactive players will automatically lose when time's up. (requested by zootvgc)
|l|☆Juicelo8
|inactive|Juicelo8 disconnected and has 300 seconds to reconnect!
|player|p2|
|inactive|Juicelo8 has 270 seconds to reconnect!
|j|☆Juicelo8
|inactive|Juicelo8 reconnected and has 85 seconds left.
|player|p2|Juicelo8|170|
|inactive|Juicelo8 has 60 seconds left.
|
|t:|1782517164
|teamsize|p1|4
|teamsize|p2|4
|start
|switch|p1a: Farigiraf|Farigiraf, L50, F|100/100
|switch|p1b: Scrafty|Scrafty, L50, F|100/100
|switch|p2a: Metagross|Metagross, L50, shiny|100/100
|switch|p2b: Grimmsnarl|Grimmsnarl, L50, M, shiny|100/100
|-ability|p1b: Scrafty|Intimidate|boost
|-fail|p2a: Metagross|unboost|[from] ability: Clear Body|[of] p2a: Metagross
|-unboost|p2b: Grimmsnarl|atk|1
|turn|1
|inactive|zootvgc has 30 seconds left.
|inactive|Juicelo8 has 30 seconds left.
|inactive|Juicelo8 has 20 seconds left.
|inactive|Juicelo8 has 15 seconds left.
|
|t:|1782517205
|switch|p1b: Torkoal|Torkoal, L50, F|100/100
|-weather|SunnyDay|[from] ability: Drought|[of] p1b: Torkoal
|move|p2a: Metagross|Protect|p2a: Metagross
|-singleturn|p2a: Metagross|Protect
|move|p2b: Grimmsnarl|Reflect|p2b: Grimmsnarl
|-sidestart|p2: Juicelo8|Reflect
|move|p1a: Farigiraf|Trick Room|p1a: Farigiraf
|-fieldstart|move: Trick Room|[of] p1a: Farigiraf
|
|-weather|SunnyDay|[upkeep]
|upkeep
|turn|2
|inactive|zootvgc has 30 seconds left.
|inactive|Juicelo8 has 30 seconds left.
|inactive|zootvgc has 20 seconds left.
|inactive|Juicelo8 has 20 seconds left.
|inactive|Juicelo8 has 15 seconds left.
|
|t:|1782517246
|switch|p2b: Pelipper|Pelipper, L50, F|100/100
|-weather|RainDance|[from] ability: Drizzle|[of] p2b: Pelipper
|switch|p2a: Archaludon|Archaludon, L50, M, shiny|100/100
|move|p1b: Torkoal|Eruption|p2a: Archaludon|[spread] p2a,p2b
|-resisted|p2b: Pelipper|1
|-damage|p2a: Archaludon|72/100
|-damage|p2b: Pelipper|80/100
|-ability|p2a: Archaludon|Stamina|boost
|-boost|p2a: Archaludon|def|1
|move|p1a: Farigiraf|Thunderbolt|p2b: Pelipper
|-supereffective|p2b: Pelipper|2
|-damage|p2b: Pelipper|0 fnt
|faint|p2b: Pelipper
|
|-weather|RainDance|[upkeep]
|-heal|p2a: Archaludon|78/100|[from] item: Leftovers
|upkeep
|
|t:|1782517270
|switch|p2b: Grimmsnarl|Grimmsnarl, L50, M, shiny|100/100
|turn|3
|inactive|zootvgc has 30 seconds left.
|inactive|zootvgc has 20 seconds left.
|
|t:|1782517306
|switch|p1a: Venusaur|Venusaur, L50, F|100/100
|move|p1b: Torkoal|Protect|p1b: Torkoal
|-singleturn|p1b: Torkoal|Protect
|move|p2b: Grimmsnarl|Light Screen|p2b: Grimmsnarl
|-sidestart|p2: Juicelo8|move: Light Screen
|move|p2a: Archaludon|Electro Shot||[still]
|-prepare|p2a: Archaludon|Electro Shot
|-boost|p2a: Archaludon|spa|1
|-anim|p2a: Archaludon|Electro Shot|p1b: Torkoal
|-activate|p1b: Torkoal|move: Protect
|
|-weather|RainDance|[upkeep]
|-heal|p2a: Archaludon|84/100|[from] item: Leftovers
|upkeep
|turn|4
|inactive|Juicelo8 has 30 seconds left.
|
|t:|1782517336
|switch|p1b: Farigiraf|Farigiraf, L50, F|100/100
|move|p2b: Grimmsnarl|Parting Shot||[still]
|cant|p1b: Farigiraf|ability: Armor Tail|Parting Shot|[of] p2b: Grimmsnarl
|move|p2a: Archaludon|Electro Shot||[still]
|-prepare|p2a: Archaludon|Electro Shot
|-boost|p2a: Archaludon|spa|1
|-anim|p2a: Archaludon|Electro Shot|p1b: Farigiraf
|-damage|p1b: Farigiraf|22/100
|-enditem|p1b: Farigiraf|Sitrus Berry|[eat]
|-heal|p1b: Farigiraf|46/100|[from] item: Sitrus Berry
|move|p1a: Venusaur|Sleep Powder|p2a: Archaludon
|-status|p2a: Archaludon|slp|[from] move: Sleep Powder
|
|-weather|RainDance|[upkeep]
|-heal|p2a: Archaludon|90/100 slp|[from] item: Leftovers
|upkeep
|turn|5
|inactive|zootvgc has 30 seconds left.
|inactive|Juicelo8 has 30 seconds left.
|
|t:|1782517370
|switch|p2b: Metagross|Metagross, L50, shiny|100/100
|switch|p1a: Scrafty|Scrafty, L50, F|100/100
|-ability|p1a: Scrafty|Intimidate|boost
|-unboost|p2a: Archaludon|atk|1
|-fail|p2b: Metagross|unboost|[from] ability: Clear Body|[of] p2b: Metagross
|move|p1b: Farigiraf|Psychic|p2b: Metagross
|-resisted|p2b: Metagross|2
|-damage|p2b: Metagross|92/100
|cant|p2a: Archaludon|slp
|
|-weather|RainDance|[upkeep]
|-heal|p2a: Archaludon|96/100 slp|[from] item: Leftovers
|-sideend|p2: Juicelo8|Reflect
|-fieldend|move: Trick Room
|upkeep
|turn|6
|inactive|zootvgc has 30 seconds left.
|inactive|Juicelo8 has 30 seconds left.
|
|t:|1782517404
|detailschange|p1a: Scrafty|Scrafty-Mega, L50, F
|-mega|p1a: Scrafty|Scrafty|Scraftinite
|-ability|p1a: Scrafty|Intimidate|boost
|-unboost|p2a: Archaludon|atk|1
|-fail|p2b: Metagross|unboost|[from] ability: Clear Body|[of] p2b: Metagross
|move|p1a: Scrafty|Fake Out|p2a: Archaludon
|-resisted|p2a: Archaludon|1
|-damage|p2a: Archaludon|92/100 slp
|-ability|p2a: Archaludon|Stamina|boost
|-boost|p2a: Archaludon|def|1
|cant|p2a: Archaludon|slp
|move|p2b: Metagross|Body Press|p1a: Scrafty
|-supereffective|p1a: Scrafty|1
|-damage|p1a: Scrafty|61/100
|move|p1b: Farigiraf|Trick Room|p1b: Farigiraf
|-fieldstart|move: Trick Room|[of] p1b: Farigiraf
|
|-weather|none
|-heal|p2a: Archaludon|98/100 slp|[from] item: Leftovers
|upkeep
|turn|7
|inactive|zootvgc has 30 seconds left.
|inactive|zootvgc has 20 seconds left.
|
|t:|1782517442
|detailschange|p2b: Metagross|Metagross-Mega, L50, shiny
|-mega|p2b: Metagross|Metagross|Metagrossite
|-curestatus|p2a: Archaludon|slp|[msg]
|move|p2a: Archaludon|Protect|p2a: Archaludon
|-singleturn|p2a: Archaludon|Protect
|move|p1b: Farigiraf|Thunderbolt|p2b: Metagross
|-damage|p2b: Metagross|73/100
|move|p1a: Scrafty|Knock Off|p2b: Metagross
|-supereffective|p2b: Metagross|1
|-damage|p2b: Metagross|8/100
|move|p2b: Metagross|Body Press|p1a: Scrafty
|-supereffective|p1a: Scrafty|1
|-damage|p1a: Scrafty|7/100
|
|-heal|p2a: Archaludon|100/100|[from] item: Leftovers
|-sideend|p2: Juicelo8|move: Light Screen
|upkeep
|turn|8
|inactive|Juicelo8 has 30 seconds left.
|
|t:|1782517469
|move|p2b: Metagross|Protect|p2b: Metagross
|-singleturn|p2b: Metagross|Protect
|move|p1b: Farigiraf|Thunderbolt|p2b: Metagross
|-activate|p2b: Metagross|move: Protect
|move|p1a: Scrafty|Drain Punch|p2a: Archaludon
|-supereffective|p2a: Archaludon|1
|-damage|p2a: Archaludon|60/100
|-heal|p1a: Scrafty|26/100|[from] drain|[of] p2a: Archaludon
|-ability|p2a: Archaludon|Stamina|boost
|-boost|p2a: Archaludon|def|1
|move|p2a: Archaludon|Dragon Pulse|p1a: Scrafty
|-damage|p1a: Scrafty|0 fnt
|faint|p1a: Scrafty
|
|-heal|p2a: Archaludon|66/100|[from] item: Leftovers
|upkeep
|
|t:|1782517483
|switch|p1a: Torkoal|Torkoal, L50, F|100/100
|-weather|SunnyDay|[from] ability: Drought|[of] p1a: Torkoal
|turn|9
|
|t:|1782517507
|move|p2a: Archaludon|Protect|p2a: Archaludon
|-singleturn|p2a: Archaludon|Protect
|move|p1a: Torkoal|Eruption|p2a: Archaludon|[spread] p2b
|-activate|p2a: Archaludon|move: Protect
|-supereffective|p2b: Metagross|1
|-damage|p2b: Metagross|0 fnt
|faint|p2b: Metagross
|move|p1b: Farigiraf|Thunderbolt|p2a: Archaludon
|-activate|p2a: Archaludon|move: Protect
|
|-weather|SunnyDay|[upkeep]
|-heal|p2a: Archaludon|72/100|[from] item: Leftovers
|upkeep
|
|t:|1782517519
|switch|p2b: Grimmsnarl|Grimmsnarl, L50, M, shiny|100/100
|turn|10
|
|t:|1782517541
|move|p2b: Grimmsnarl|Light Screen|p2b: Grimmsnarl
|-sidestart|p2: Juicelo8|move: Light Screen
|move|p1a: Torkoal|Eruption|p2a: Archaludon|[spread] p2a,p2b
|-crit|p2a: Archaludon
|-damage|p2a: Archaludon|0 fnt
|-damage|p2b: Grimmsnarl|55/100
|faint|p2a: Archaludon
|move|p1b: Farigiraf|Psychic|p2b: Grimmsnarl
|-immune|p2b: Grimmsnarl
|
|-weather|SunnyDay|[upkeep]
|-fieldend|move: Trick Room
|upkeep
|turn|11
|-message|Juicelo8 forfeited.
|
|win|zootvgc
|l|☆Juicelo8
|player|p2|
