|j|☆fr3aky b1lly
|j|☆is_katabo
|html|fr3aky b1llyis_katabo    
|uhtml|bestof|Game 2 of a best-of-3
|t:|1782608730
|gametype|doubles
|player|p1|fr3aky b1lly|jacinthe|
|player|p2|is_katabo|youngster-gen4dp|
|gen|9
|tier|[Gen 9 Champions] VGC 2026 Reg M-B (Bo3)
|rule|Species Clause: Limit one of each Pokémon
|rule|Item Clause: Limit 1 of each item
|clearpoke
|poke|p1|Charizard, L50, M, shiny|
|poke|p1|Sinistcha, L50|
|poke|p1|Incineroar, L50, M|
|poke|p1|Corviknight, L50, F, shiny|
|poke|p1|Sneasler, L50, M|
|poke|p1|Floette-Eternal, L50, F|
|poke|p2|Metagross, L50|
|poke|p2|Ninetales-Alola, L50, F|
|poke|p2|Hydreigon, L50, F|
|poke|p2|Talonflame, L50, F|
|poke|p2|Garchomp, L50, F|
|poke|p2|Rotom-Wash, L50|
|teampreview|4
|showteam|p1|Charizard||CharizarditeX|Blaze|DragonClaw,FlareBlitz,DragonDance,Protect|Adamant||M|||50|]Sinistcha||SitrusBerry|Hospitality|MatchaGotcha,RagePowder,LifeDew,TrickRoom|Bold|||||50|]Incineroar||PasshoBerry|Intimidate|FakeOut,DarkestLariat,FlareBlitz,PartingShot|Adamant||M|||50|]Corviknight||Leftovers|MirrorArmor|BraveBird,Tailwind,Roost,BulkUp|Adamant||F|||50|]Sneasler||WhiteHerb|Unburden|CloseCombat,DireClaw,Coaching,FakeOut|Adamant||M|||50|]Floette-Eternal||Floettite|FlowerVeil|DazzlingGleam,Moonblast,CalmMind,Protect|Modest||F|||50|
|showteam|p2|Metagross||Metagrossite|ClearBody|IronHead,PsychicFangs,BodyPress,Protect|Jolly|||||50|]Ninetales-Alola||NeverMeltIce|SnowWarning|Blizzard,FreezeDry,Encore,Protect|Timid||F|||50|]Hydreigon||FocusSash|Levitate|DracoMeteor,DarkPulse,EarthPower,Protect|Timid||F|||50|]Talonflame|||GaleWings|Acrobatics,FlareBlitz,Tailwind,Protect|Jolly||F|||50|]Garchomp||SitrusBerry|RoughSkin|DragonClaw,Earthquake,RockSlide,Protect|Adamant||F|||50|]Rotom-Wash||Magnet|Levitate|Thunderbolt,HydroPump,WillOWisp,Protect|Modest|||||50|
|j| TimidThunderWave
|
|t:|1782608792
|teamsize|p1|4
|teamsize|p2|4
|start
|switch|p1a: Inferno X|Charizard, L50, M, shiny|100/100
|switch|p1b: UwU So Scary!|Incineroar, L50, M|100/100
|switch|p2a: Metagross|Metagross, L50|100/100
|switch|p2b: Ninetales|Ninetales-Alola, L50, F|100/100
|-weather|Snowscape|[from] ability: Snow Warning|[of] p2b: Ninetales
|-ability|p1b: UwU So Scary!|Intimidate|boost
|-fail|p2a: Metagross|unboost|[from] ability: Clear Body|[of] p2a: Metagross
|-unboost|p2b: Ninetales|atk|1
|turn|1
|
|t:|1782608833
|detailschange|p2a: Metagross|Metagross-Mega, L50
|-mega|p2a: Metagross|Metagross|Metagrossite
|detailschange|p1a: Inferno X|Charizard-Mega-X, L50, M, shiny
|-mega|p1a: Inferno X|Charizard|Charizardite X
|move|p1b: UwU So Scary!|Fake Out|p2a: Metagross
|-resisted|p2a: Metagross|1
|-damage|p2a: Metagross|95/100
|cant|p2a: Metagross|flinch
|move|p2b: Ninetales|Encore|p1b: UwU So Scary!
|-start|p1b: UwU So Scary!|Encore
|move|p1a: Inferno X|Dragon Dance|p1a: Inferno X
|-boost|p1a: Inferno X|atk|1
|-boost|p1a: Inferno X|spe|1
|
|-weather|Snowscape|[upkeep]
|upkeep
|turn|2
|
|t:|1782608884
|switch|p1b: BSR Pill|Sneasler, L50, M|100/100
|move|p1a: Inferno X|Flare Blitz|p2a: Metagross
|-supereffective|p2a: Metagross|1
|-damage|p2a: Metagross|0 fnt
|faint|p2a: Metagross
|-damage|p1a: Inferno X|71/100|[from] Recoil
|move|p2b: Ninetales|Blizzard|p1a: Inferno X|[spread] p1a,p1b
|-damage|p1a: Inferno X|37/100
|-damage|p1b: BSR Pill|57/100
|-status|p1a: Inferno X|frz
|-status|p1b: BSR Pill|frz
|
|-weather|Snowscape|[upkeep]
|upkeep
|c|☆fr3aky b1lly|ok
|
|t:|1782608900
|switch|p2a: Rotom|Rotom-Wash, L50|100/100
|turn|3
|c|☆fr3aky b1lly|ok
|c|☆fr3aky b1lly|ok
|c|☆fr3aky b1lly|ok
|c|☆fr3aky b1lly|ok
|
|t:|1782608924
|switch|p1b: Sippy Cup|Sinistcha, L50|100/100
|-heal|p1a: Inferno X|61/100 frz|[from] ability: Hospitality|[of] p1b: Sippy Cup
|move|p2b: Ninetales|Protect|p2b: Ninetales
|-singleturn|p2b: Ninetales|Protect
|-curestatus|p1a: Inferno X|frz|[from] move: Flare Blitz
|move|p1a: Inferno X|Flare Blitz|p2b: Ninetales
|-activate|p2b: Ninetales|move: Protect
|move|p2a: Rotom|Hydro Pump|p1a: Inferno X
|-damage|p1a: Inferno X|2/100
|
|-weather|Snowscape|[upkeep]
|upkeep
|turn|4
|c|☆fr3aky b1lly|yo what roids is that washing machine on bro
|
|t:|1782608967
|switch|p2b: Hydreigon|Hydreigon, L50, F|100/100
|move|p1a: Inferno X|Flare Blitz|p2b: Hydreigon
|-resisted|p2b: Hydreigon|1
|-damage|p2b: Hydreigon|23/100
|-damage|p1a: Inferno X|0 fnt|[from] Recoil
|faint|p1a: Inferno X
|move|p2a: Rotom|Thunderbolt|p1b: Sippy Cup
|-resisted|p1b: Sippy Cup|1
|-damage|p1b: Sippy Cup|75/100
|move|p1b: Sippy Cup|Matcha Gotcha|p2a: Rotom|[spread] p2a,p2b
|-supereffective|p2a: Rotom|1
|-resisted|p2b: Hydreigon|1
|-damage|p2a: Rotom|48/100
|-heal|p1b: Sippy Cup|96/100|[from] drain|[of] p2a: Rotom
|-damage|p2b: Hydreigon|9/100
|-heal|p1b: Sippy Cup|100/100|[from] drain|[of] p2b: Hydreigon
|-status|p2b: Hydreigon|brn
|
|-weather|Snowscape|[upkeep]
|-damage|p2b: Hydreigon|3/100 brn|[from] brn
|upkeep
|
|t:|1782608988
|switch|p1a: BSR Pill|Sneasler, L50, M|57/100 frz
|turn|5
|
|t:|1782609003
|switch|p1b: UwU So Scary!|Incineroar, L50, M|100/100
|-ability|p1b: UwU So Scary!|Intimidate|boost
|-unboost|p2a: Rotom|atk|1
|-unboost|p2b: Hydreigon|atk|1
|cant|p1a: BSR Pill|frz
|move|p2b: Hydreigon|Dark Pulse|p1b: UwU So Scary!
|-resisted|p1b: UwU So Scary!|1
|-damage|p1b: UwU So Scary!|83/100
|move|p2a: Rotom|Thunderbolt|p1a: BSR Pill
|-damage|p1a: BSR Pill|0 fnt
|faint|p1a: BSR Pill
|
|-weather|none
|-damage|p2b: Hydreigon|0 fnt|[from] brn
|faint|p2b: Hydreigon
|upkeep
|
|t:|1782609019
|switch|p1a: Sippy Cup|Sinistcha, L50|100/100
|switch|p2b: Ninetales|Ninetales-Alola, L50, F|100/100
|-weather|Snowscape|[from] ability: Snow Warning|[of] p2b: Ninetales
|-heal|p1b: UwU So Scary!|100/100|[from] ability: Hospitality|[of] p1a: Sippy Cup
|turn|6
|
|t:|1782609033
|move|p2b: Ninetales|Blizzard|p1b: UwU So Scary!|[spread] p1a,p1b
|-supereffective|p1a: Sippy Cup|1
|-resisted|p1b: UwU So Scary!|1
|-damage|p1a: Sippy Cup|32/100
|-damage|p1b: UwU So Scary!|86/100
|-status|p1a: Sippy Cup|frz
|-enditem|p1a: Sippy Cup|Sitrus Berry|[eat]
|-heal|p1a: Sippy Cup|57/100 frz|[from] item: Sitrus Berry
|move|p2a: Rotom|Hydro Pump|p1b: UwU So Scary!
|-supereffective|p1b: UwU So Scary!|1
|-enditem|p1b: UwU So Scary!|Passho Berry|[eat]
|-enditem|p1b: UwU So Scary!|Passho Berry|[weaken]
|-damage|p1b: UwU So Scary!|45/100
|-curestatus|p1a: Sippy Cup|frz|[from] move: Matcha Gotcha
|move|p1a: Sippy Cup|Matcha Gotcha|p2b: Ninetales|[spread] p2b
|-miss|p1a: Sippy Cup|p2a: Rotom
|-damage|p2b: Ninetales|71/100
|-heal|p1a: Sippy Cup|70/100|[from] drain|[of] p2b: Ninetales
|move|p1b: UwU So Scary!|Flare Blitz|p2b: Ninetales
|-supereffective|p2b: Ninetales|1
|-damage|p2b: Ninetales|0 fnt
|faint|p2b: Ninetales
|-damage|p1b: UwU So Scary!|26/100|[from] Recoil
|
|-weather|Snowscape|[upkeep]
|upkeep
|turn|7
|
|t:|1782609062
|move|p2a: Rotom|Thunderbolt|p1b: UwU So Scary!
|-damage|p1b: UwU So Scary!|0 fnt
|faint|p1b: UwU So Scary!
|move|p1a: Sippy Cup|Matcha Gotcha|p2a: Rotom
|-supereffective|p2a: Rotom|1
|-damage|p2a: Rotom|0 fnt
|-heal|p1a: Sippy Cup|90/100|[from] drain|[of] p2a: Rotom
|faint|p2a: Rotom
|
|win|fr3aky b1lly
||is_katabo is ready for game 3.
||fr3aky b1lly is ready for game 3.
|uhtml|next|Next: Game 3 of 3
|l|☆fr3aky b1lly
|player|p1|
