|j|☆spellbreakvgc
|j|☆huezinhu
|html|spellbreakvgchuezinhu    
|uhtml|bestof|Game 1 of a best-of-3
|t:|1756929433
|gametype|doubles
|player|p1|spellbreakvgc|lance|1216
|player|p2|huezinhu|102|1105
|gen|9
|tier|[Gen 9] VGC 2025 Reg H (Bo3)
|rated|
|rule|Species Clause: Limit one of each Pokémon
|rule|Item Clause: Limit 1 of each item
|clearpoke
|poke|p1|Dondozo, L50, F|
|poke|p1|Tatsugiri-Stretchy, L50, F|
|poke|p1|Ursaluna, L50, F|
|poke|p1|Cinccino, L50, M|
|poke|p1|Weezing-Galar, L50, M|
|poke|p1|Koffing, L50, F|
|poke|p2|Kingambit, L50, M|
|poke|p2|Annihilape, L50, F|
|poke|p2|Maushold, L50|
|poke|p2|Sinistcha, L50|
|poke|p2|Gholdengo, L50|
|poke|p2|Archaludon, L50, M|
|teampreview|4
|showteam|p1|Dondozo||Leftovers|Unaware|BodyPress,Avalanche,Substitute,Protect|||F|||50|,,,,,Steel]Tatsugiri-Stretchy||FocusSash|Commander|Surf,DracoMeteor,MirrorCoat,Protect|||F|||50|,,,,,Fairy]Ursaluna||AssaultVest|Bulletproof|HeadlongRush,Earthquake,DoubleEdge,IcePunch|||F|||50|,,,,,Electric]Cinccino||CovertCloak|CuteCharm|TripleAxel,AfterYou,Encore,Protect|||M|||50|,,,,,Ghost]Weezing-Galar||ChoiceSpecs|NeutralizingGas|StrangeSteam,DazzlingGleam,Overheat,Toxic|||M|||50|,,,,,Fairy]Koffing||Eviolite|NeutralizingGas|SludgeBomb,PoisonGas,ToxicSpikes,Protect|||F|||50|,,,,,Water
|showteam|p2|Kingambit||AssaultVest|Defiant|KowtowCleave,SuckerPunch,LowKick,IronHead|||M|||50|,,,,,Dark]Annihilape||Leftovers|Defiant|BulkUp,DrainPunch,RageFist,Protect|||F|||50|,,,,,Fire]Maushold||SafetyGoggles|FriendGuard|FollowMe,Protect,Taunt,BeatUp||||||50|,,,,,Ghost]Sinistcha||SitrusBerry|Hospitality|MatchaGotcha,RagePowder,TrickRoom,LifeDew||||||50|,,,,,Water]Gholdengo||ChoiceScarf|GoodasGold|MakeItRain,ShadowBall,Thunderbolt,PowerGem||||||50|,,,,,Water]Archaludon||PowerHerb|Stamina|ElectroShot,DragonPulse,Protect,BodyPress|||M|||50|,,,,,Grass
|inactive|Battle timer is ON: inactive players will automatically lose when time's up. (requested by spellbreakvgc)
|inactive|spellbreakvgc has 60 seconds left.
|inactive|huezinhu has 60 seconds left.
|inactive|spellbreakvgc has 30 seconds left.
|inactive|spellbreakvgc has 20 seconds left.
|inactive|spellbreakvgc has 15 seconds left.
|inactive|spellbreakvgc has 10 seconds left.
|
|t:|1756929533
|teamsize|p1|4
|teamsize|p2|4
|start
|switch|p1a: Koffing|Koffing, L50, F|100/100
|switch|p1b: Ursaluna|Ursaluna, L50, F|100/100
|switch|p2a: Annihilape|Annihilape, L50, F|100/100
|switch|p2b: Maushold|Maushold, L50|100/100
|-ability|p1a: Koffing|Neutralizing Gas
|turn|1
|inactive|spellbreakvgc has 30 seconds left.
|inactive|huezinhu has 30 seconds left.
|inactive|huezinhu has 20 seconds left.
|inactive|spellbreakvgc has 20 seconds left.
|inactive|huezinhu has 15 seconds left.
|inactive|spellbreakvgc has 15 seconds left.
|inactive|huezinhu has 10 seconds left.
|
|t:|1756929581
|move|p2b: Maushold|Beat Up|p2a: Annihilape
|-damage|p2a: Annihilape|98/100
|-damage|p2a: Annihilape|96/100
|-damage|p2a: Annihilape|94/100
|-damage|p2a: Annihilape|92/100
|-hitcount|p2a: Annihilape|4
|move|p2a: Annihilape|Bulk Up|p2a: Annihilape
|-boost|p2a: Annihilape|atk|1
|-boost|p2a: Annihilape|def|1
|move|p1b: Ursaluna|Double-Edge|p2b: Maushold
|-damage|p2b: Maushold|21/100
|-damage|p1b: Ursaluna|81/100|[from] Recoil
|move|p1a: Koffing|Poison Gas|p2b: Maushold|[spread] p2a,p2b
|-status|p2a: Annihilape|psn
|-status|p2b: Maushold|psn
|
|-heal|p2a: Annihilape|98/100 psn|[from] item: Leftovers
|-damage|p2b: Maushold|9/100 psn|[from] psn
|-damage|p2a: Annihilape|85/100 psn|[from] psn
|upkeep
|turn|2
|inactive|spellbreakvgc has 30 seconds left.
|inactive|huezinhu has 30 seconds left.
|inactive|spellbreakvgc has 20 seconds left.
|inactive|spellbreakvgc has 15 seconds left.
|inactive|spellbreakvgc has 10 seconds left.
|
|t:|1756929631
|move|p1a: Koffing|Protect|p1a: Koffing
|-singleturn|p1a: Koffing|Protect
|move|p2b: Maushold|Taunt|p1a: Koffing
|-activate|p1a: Koffing|move: Protect
|move|p2a: Annihilape|Bulk Up|p2a: Annihilape
|-boost|p2a: Annihilape|atk|1
|-boost|p2a: Annihilape|def|1
|move|p1b: Ursaluna|Earthquake|p2b: Maushold|[spread] p2a,p2b
|-activate|p1a: Koffing|move: Protect
|-damage|p2a: Annihilape|65/100 psn
|-damage|p2b: Maushold|0 fnt
|faint|p2b: Maushold
|
|-heal|p2a: Annihilape|71/100 psn|[from] item: Leftovers
|-damage|p2a: Annihilape|58/100 psn|[from] psn
|upkeep
|
|t:|1756929648
|switch|p2b: Sinistcha|Sinistcha, L50|100/100
|turn|3
|inactive|spellbreakvgc has 30 seconds left.
|inactive|spellbreakvgc has 20 seconds left.
|
|t:|1756929686
|move|p2b: Sinistcha|Rage Powder|p2b: Sinistcha
|-singleturn|p2b: Sinistcha|move: Rage Powder
|move|p2a: Annihilape|Drain Punch|p1b: Ursaluna
|-supereffective|p1b: Ursaluna
|-damage|p1b: Ursaluna|0 fnt
|-heal|p2a: Annihilape|100/100 psn|[from] drain|[of] p1b: Ursaluna
|faint|p1b: Ursaluna
|move|p1a: Koffing|Poison Gas|p2a: Annihilape|[spread] p2a,p2b
|-fail|p2a: Annihilape|psn
|-status|p2b: Sinistcha|psn
|
|-damage|p2a: Annihilape|88/100 psn|[from] psn
|-damage|p2b: Sinistcha|88/100 psn|[from] psn
|upkeep
|
|t:|1756929700
|switch|p1b: Dondozo|Dondozo, L50, F|100/100
|turn|4
|inactive|spellbreakvgc has 30 seconds left.
|
|t:|1756929730
|move|p1b: Dondozo|Protect|p1b: Dondozo
|-singleturn|p1b: Dondozo|Protect
|move|p2a: Annihilape|Rage Fist|p1b: Dondozo
|-activate|p1b: Dondozo|move: Protect
|move|p2b: Sinistcha|Matcha Gotcha|p1a: Koffing|[spread] p1a
|-activate|p1b: Dondozo|move: Protect
|-resisted|p1a: Koffing
|-damage|p1a: Koffing|88/100
|-heal|p2b: Sinistcha|93/100 psn|[from] drain|[of] p1a: Koffing
|move|p1a: Koffing|Sludge Bomb|p2a: Annihilape
|-resisted|p2a: Annihilape
|-damage|p2a: Annihilape|78/100 psn
|
|-heal|p2a: Annihilape|84/100 psn|[from] item: Leftovers
|-damage|p2a: Annihilape|72/100 psn|[from] psn
|-damage|p2b: Sinistcha|81/100 psn|[from] psn
|upkeep
|turn|5
|inactive|spellbreakvgc has 30 seconds left.
|inactive|spellbreakvgc has 20 seconds left.
|inactive|spellbreakvgc has 15 seconds left.
|inactive|spellbreakvgc has 10 seconds left.
|
|t:|1756929778
|-end|p1a: Koffing|ability: Neutralizing Gas
|-heal|p2a: Annihilape|97/100 psn|[from] ability: Hospitality|[of] p2b: Sinistcha
|switch|p1a: Tatsugiri|Tatsugiri-Stretchy, L50, F|100/100
|-activate|p1a: Tatsugiri|ability: Commander|[of] p1b: Dondozo
|-boost|p1b: Dondozo|atk|2
|-boost|p1b: Dondozo|spa|2
|-boost|p1b: Dondozo|spe|2
|-boost|p1b: Dondozo|def|2
|-boost|p1b: Dondozo|spd|2
|move|p2a: Annihilape|Rage Fist|p1b: Dondozo
|-damage|p1b: Dondozo|51/100
|move|p1b: Dondozo|Substitute|p1b: Dondozo
|-start|p1b: Dondozo|Substitute
|-damage|p1b: Dondozo|26/100
|move|p2b: Sinistcha|Matcha Gotcha|p1b: Dondozo|[spread] p1b
|-miss|p2b: Sinistcha|p1a: Tatsugiri
|-supereffective|p1b: Dondozo
|-activate|p1b: Dondozo|move: Substitute|[damage]
|-heal|p2b: Sinistcha|93/100 psn|[from] drain|[of] p1b: Dondozo
|
|-heal|p2a: Annihilape|100/100 psn|[from] item: Leftovers
|-heal|p1b: Dondozo|32/100|[from] item: Leftovers
|-damage|p2a: Annihilape|88/100 psn|[from] psn
|-damage|p2b: Sinistcha|80/100 psn|[from] psn
|upkeep
|turn|6
|inactive|spellbreakvgc has 30 seconds left.
|inactive|huezinhu has 30 seconds left.
|
|t:|1756929806
|move|p1b: Dondozo|Protect|p1b: Dondozo
|-singleturn|p1b: Dondozo|Protect
|move|p2a: Annihilape|Bulk Up|p2a: Annihilape
|-boost|p2a: Annihilape|atk|1
|-boost|p2a: Annihilape|def|1
|move|p2b: Sinistcha|Matcha Gotcha|p1b: Dondozo|[spread] 
|-miss|p2b: Sinistcha|p1a: Tatsugiri
|-activate|p1b: Dondozo|move: Protect
|
|-heal|p2a: Annihilape|94/100 psn|[from] item: Leftovers
|-heal|p1b: Dondozo|39/100|[from] item: Leftovers
|-damage|p2a: Annihilape|82/100 psn|[from] psn
|-damage|p2b: Sinistcha|68/100 psn|[from] psn
|upkeep
|turn|7
|
|t:|1756929826
|move|p2a: Annihilape|Protect|p2a: Annihilape
|-singleturn|p2a: Annihilape|Protect
|move|p2b: Sinistcha|Matcha Gotcha|p1b: Dondozo|[spread] p1b
|-miss|p2b: Sinistcha|p1a: Tatsugiri
|-supereffective|p1b: Dondozo
|-end|p1b: Dondozo|Substitute
|-heal|p2b: Sinistcha|72/100 psn|[from] drain|[of] p1b: Dondozo
|move|p1b: Dondozo|Avalanche|p2b: Sinistcha
|-supereffective|p2b: Sinistcha
|-damage|p2b: Sinistcha|19/100 psn
|-enditem|p2b: Sinistcha|Sitrus Berry|[eat]
|-heal|p2b: Sinistcha|44/100 psn|[from] item: Sitrus Berry
|
|-heal|p2a: Annihilape|88/100 psn|[from] item: Leftovers
|-heal|p1b: Dondozo|45/100|[from] item: Leftovers
|-damage|p2a: Annihilape|75/100 psn|[from] psn
|-damage|p2b: Sinistcha|31/100 psn|[from] psn
|upkeep
|turn|8
|inactive|huezinhu has 30 seconds left.
|
|t:|1756929855
|move|p1b: Dondozo|Protect|p1b: Dondozo
|-singleturn|p1b: Dondozo|Protect
|move|p2a: Annihilape|Rage Fist|p1b: Dondozo
|-activate|p1b: Dondozo|move: Protect
|move|p2b: Sinistcha|Life Dew|p2b: Sinistcha|[spread] p2a,p2b
|-heal|p2a: Annihilape|99/100 psn
|-heal|p2b: Sinistcha|57/100 psn
|
|-heal|p2a: Annihilape|100/100 psn|[from] item: Leftovers
|-heal|p1b: Dondozo|51/100|[from] item: Leftovers
|-damage|p2a: Annihilape|88/100 psn|[from] psn
|-damage|p2b: Sinistcha|44/100 psn|[from] psn
|upkeep
|turn|9
|
|t:|1756929876
|-terastallize|p1b: Dondozo|Steel
|move|p2a: Annihilape|Rage Fist|p1b: Dondozo
|-damage|p1b: Dondozo|0 fnt
|faint|p1b: Dondozo
|move|p2b: Sinistcha|Life Dew|p2b: Sinistcha|[spread] p2a,p2b
|-heal|p2a: Annihilape|100/100 psn
|-heal|p2b: Sinistcha|70/100 psn
|
|-damage|p2a: Annihilape|88/100 psn|[from] psn
|-damage|p2b: Sinistcha|57/100 psn|[from] psn
|upkeep
|-message|spellbreakvgc forfeited.
|
|win|huezinhu
