|j|‽nbadrose2
|j|☆Ogercooked
|html|nbadrose2Ogercooked    
|uhtml|bestof|Game 3 of a best-of-3
|t:|1755968593
|gametype|doubles
|player|p1|nbadrose2|bea|1312
|player|p2|Ogercooked|riley|1426
|gen|9
|tier|[Gen 9] VGC 2025 Reg H (Bo3)
|rated|
|rule|Species Clause: Limit one of each Pokémon
|rule|Item Clause: Limit 1 of each item
|clearpoke
|poke|p1|Archaludon, L50, F|
|poke|p1|Pelipper, L50, M|
|poke|p1|Sinistcha, L50|
|poke|p1|Garchomp, L50, F|
|poke|p1|Kingambit, L50, F|
|poke|p1|Basculegion, L50, M|
|poke|p2|Weavile, L50, M|
|poke|p2|Annihilape, L50, F|
|poke|p2|Pelipper, L50, F|
|poke|p2|Archaludon, L50, M|
|poke|p2|Basculegion, L50, M|
|poke|p2|Rillaboom, L50, F|
|teampreview|4
|showteam|p1|Archaludon||AssaultVest|Stamina|ElectroShot,DragonPulse,FlashCannon,BodyPress|||F|||50|,,,,,Grass]Pelipper||FocusSash|Drizzle|WeatherBall,Hurricane,Tailwind,Protect|||M|||50|,,,,,Ghost]Sinistcha||SitrusBerry|Hospitality|RagePowder,MatchaGotcha,Scald,Protect||||||50|,,,,,Water]Garchomp||LoadedDice|RoughSkin|ScaleShot,Earthquake,StompingTantrum,Protect|||F|||50|,,,,,Fairy]Kingambit||SafetyGoggles|Defiant|SuckerPunch,KowtowCleave,IronHead,Protect|||F|||50|,,,,,Flying]Basculegion||MysticWater|SwiftSwim|WaveCrash,FlipTurn,AquaJet,LastRespects|||M|||50|,,,,,Grass
|showteam|p2|Weavile||FocusSash|Pickpocket|TripleAxel,KnockOff,BeatUp,FakeOut|||M|||50|,,,,,Ghost]Annihilape||SafetyGoggles|Defiant|DrainPunch,RageFist,BulkUp,Protect|||F|||50|,,,,,Fire]Pelipper||CovertCloak|Drizzle|Hurricane,WeatherBall,WideGuard,Protect|||F|||50|,,,,,Grass]Archaludon||AssaultVest|Stamina|DragonPulse,ElectroShot,Snarl,BodyPress|||M|||50|,,,,,Fighting]Basculegion||ChoiceBand|SwiftSwim|WaveCrash,LastRespects,AquaJet,FlipTurn|||M|||50|,,,,,Water]Rillaboom||MiracleSeed|GrassySurge|WoodHammer,Uturn,GrassyGlide,FakeOut|||F|||50|,,,,,Grass
|inactive|Battle timer is ON: inactive players will automatically lose when time's up. (requested by Ogercooked)
|inactive|nbadrose2 has 60 seconds left.
|
|t:|1755968642
|teamsize|p1|4
|teamsize|p2|4
|start
|switch|p1a: Pelipper|Pelipper, L50, M|100/100
|switch|p1b: Basculegion|Basculegion, L50, M, shiny|100/100
|switch|p2a: Archaludon|Archaludon, L50, M|100/100
|switch|p2b: Weavile|Weavile, L50, M|100/100
|-weather|RainDance|[from] ability: Drizzle|[of] p1a: Pelipper
|turn|1
|inactive|nbadrose2 has 30 seconds left.
|inactive|Ogercooked has 30 seconds left.
|inactive|nbadrose2 has 20 seconds left.
|inactive|nbadrose2 has 15 seconds left.
|
|t:|1755968687
|switch|p1a: Archaludon|Archaludon, L50, F, shiny|100/100
|move|p1b: Basculegion|Wave Crash|p2b: Weavile
|-enditem|p2b: Weavile|Focus Sash
|-damage|p2b: Weavile|1/100
|-damage|p1b: Basculegion|76/100|[from] Recoil
|-enditem|p1b: Basculegion|Mystic Water|[silent]|[from] ability: Pickpocket|[of] p1b: Basculegion
|-item|p2b: Weavile|Mystic Water|[from] ability: Pickpocket|[of] p1b: Basculegion
|move|p2b: Weavile|Knock Off|p1b: Basculegion
|-supereffective|p1b: Basculegion
|-damage|p1b: Basculegion|0 fnt
|faint|p1b: Basculegion
|move|p2a: Archaludon|Dragon Pulse|p1a: Archaludon
|-damage|p1a: Archaludon|74/100
|-ability|p1a: Archaludon|Stamina|boost
|-boost|p1a: Archaludon|def|1
|
|-weather|RainDance|[upkeep]
|upkeep
|
|t:|1755968702
|switch|p1b: Sinistcha|Sinistcha, L50|100/100
|-heal|p1a: Archaludon|99/100|[from] ability: Hospitality|[of] p1b: Sinistcha
|turn|2
|inactive|nbadrose2 has 30 seconds left.
|
|t:|1755968731
|-terastallize|p1a: Archaludon|Grass
|move|p1b: Sinistcha|Protect|p1b: Sinistcha
|-singleturn|p1b: Sinistcha|Protect
|move|p2b: Weavile|Knock Off|p1a: Archaludon
|-damage|p1a: Archaludon|76/100
|-ability|p1a: Archaludon|Stamina|boost
|-boost|p1a: Archaludon|def|1
|-enditem|p1a: Archaludon|Assault Vest|[from] move: Knock Off|[of] p2b: Weavile
|move|p2a: Archaludon|Dragon Pulse|p1a: Archaludon
|-damage|p1a: Archaludon|41/100
|-ability|p1a: Archaludon|Stamina|boost
|-boost|p1a: Archaludon|def|1
|move|p1a: Archaludon|Electro Shot||[still]
|-prepare|p1a: Archaludon|Electro Shot
|-boost|p1a: Archaludon|spa|1
|-anim|p1a: Archaludon|Electro Shot|p2b: Weavile
|-damage|p2b: Weavile|0 fnt
|faint|p2b: Weavile
|
|-weather|RainDance|[upkeep]
|upkeep
|
|t:|1755968746
|switch|p2b: Basculegion|Basculegion, L50, M|100/100
|turn|3
|inactive|nbadrose2 has 30 seconds left.
|
|t:|1755968777
|move|p1b: Sinistcha|Rage Powder|p1b: Sinistcha
|-singleturn|p1b: Sinistcha|move: Rage Powder
|move|p2b: Basculegion|Flip Turn|p1b: Sinistcha
|-resisted|p1b: Sinistcha
|-damage|p1b: Sinistcha|74/100
|
|t:|1755968782
|switch|p2b: Rillaboom|Rillaboom, L50, F|100/100|[from] Flip Turn
|-fieldstart|move: Grassy Terrain|[from] ability: Grassy Surge|[of] p2b: Rillaboom
|move|p2a: Archaludon|Dragon Pulse|p1b: Sinistcha
|-damage|p1b: Sinistcha|35/100
|-enditem|p1b: Sinistcha|Sitrus Berry|[eat]
|-heal|p1b: Sinistcha|59/100|[from] item: Sitrus Berry
|move|p1a: Archaludon|Electro Shot||[still]
|-prepare|p1a: Archaludon|Electro Shot
|-boost|p1a: Archaludon|spa|1
|-anim|p1a: Archaludon|Electro Shot|p2b: Rillaboom
|-resisted|p2b: Rillaboom
|-damage|p2b: Rillaboom|45/100
|
|-weather|RainDance|[upkeep]
|-heal|p2b: Rillaboom|51/100|[from] Grassy Terrain
|-heal|p1a: Archaludon|47/100|[from] Grassy Terrain
|-heal|p1b: Sinistcha|66/100|[from] Grassy Terrain
|upkeep
|turn|4
|inactive|nbadrose2 has 30 seconds left.
|inactive|nbadrose2 has 20 seconds left.
|inactive|nbadrose2 has 15 seconds left.
|
|t:|1755968824
|move|p2b: Rillaboom|Fake Out|p1a: Archaludon
|-damage|p1a: Archaludon|43/100
|-ability|p1a: Archaludon|Stamina|boost
|-boost|p1a: Archaludon|def|1
|move|p1b: Sinistcha|Rage Powder|p1b: Sinistcha
|-singleturn|p1b: Sinistcha|move: Rage Powder
|move|p2a: Archaludon|Electro Shot||[still]
|-prepare|p2a: Archaludon|Electro Shot
|-boost|p2a: Archaludon|spa|1
|-anim|p2a: Archaludon|Electro Shot|p1b: Sinistcha
|-resisted|p1b: Sinistcha
|-damage|p1b: Sinistcha|38/100
|cant|p1a: Archaludon|flinch
|
|-weather|RainDance|[upkeep]
|-heal|p2b: Rillaboom|56/100|[from] Grassy Terrain
|-heal|p1a: Archaludon|49/100|[from] Grassy Terrain
|-heal|p1b: Sinistcha|44/100|[from] Grassy Terrain
|upkeep
|turn|5
|inactive|nbadrose2 has 30 seconds left.
|
|t:|1755968849
|move|p1b: Sinistcha|Rage Powder|p1b: Sinistcha
|-singleturn|p1b: Sinistcha|move: Rage Powder
|move|p2b: Rillaboom|Wood Hammer|p1b: Sinistcha
|-resisted|p1b: Sinistcha
|-damage|p1b: Sinistcha|4/100
|-damage|p2b: Rillaboom|43/100|[from] Recoil
|move|p2a: Archaludon|Dragon Pulse|p1b: Sinistcha
|-damage|p1b: Sinistcha|0 fnt
|faint|p1b: Sinistcha
|move|p1a: Archaludon|Electro Shot||[still]
|-prepare|p1a: Archaludon|Electro Shot
|-boost|p1a: Archaludon|spa|1
|-anim|p1a: Archaludon|Electro Shot|p2a: Archaludon
|-resisted|p2a: Archaludon
|-damage|p2a: Archaludon|60/100
|-ability|p2a: Archaludon|Stamina|boost
|-boost|p2a: Archaludon|def|1
|
|-weather|none
|-heal|p2b: Rillaboom|48/100|[from] Grassy Terrain
|-heal|p2a: Archaludon|66/100|[from] Grassy Terrain
|-heal|p1a: Archaludon|55/100|[from] Grassy Terrain
|upkeep
|
|t:|1755968857
|switch|p1b: Pelipper|Pelipper, L50, M|100/100
|-weather|RainDance|[from] ability: Drizzle|[of] p1b: Pelipper
|turn|6
|
|t:|1755968875
|move|p2b: Rillaboom|U-turn|p1a: Archaludon
|-supereffective|p1a: Archaludon
|-damage|p1a: Archaludon|42/100
|-ability|p1a: Archaludon|Stamina|boost
|-boost|p1a: Archaludon|def|1
|
|t:|1755968879
|switch|p2b: Basculegion|Basculegion, L50, M|100/100|[from] U-turn
|move|p2a: Archaludon|Dragon Pulse|p1a: Archaludon
|-damage|p1a: Archaludon|0 fnt
|faint|p1a: Archaludon
|move|p1b: Pelipper|Tailwind|p1b: Pelipper
|-sidestart|p1: nbadrose2|move: Tailwind
|
|-weather|RainDance|[upkeep]
|-heal|p2a: Archaludon|73/100|[from] Grassy Terrain
|upkeep
|turn|7
|inactive|nbadrose2 has 30 seconds left.
|inactive|nbadrose2 has 20 seconds left.
|-message|nbadrose2 forfeited.
|
|win|Ogercooked
|raw|nbadrose2's rating: 1312 → 1298(-14 for losing)
|raw|Ogercooked's rating: 1426 → 1440(+14 for winning)
