|j|☆ben harpic
|j|☆Crystneel
|html|ben harpicCrystneel    
|uhtml|bestof|Game 1 of a best-of-3
|t:|1757172024
|gametype|doubles
|player|p1|ben harpic|265|1216
|player|p2|Crystneel|ethan|1163
|gen|9
|tier|[Gen 9] VGC 2025 Reg H (Bo3)
|rated|
|rule|Species Clause: Limit one of each Pokémon
|rule|Item Clause: Limit 1 of each item
|clearpoke
|poke|p1|Dragapult, L50, M|
|poke|p1|Milotic, L50, M|
|poke|p1|Rillaboom, L50, M|
|poke|p1|Annihilape, L50, F|
|poke|p1|Maushold-Four, L50|
|poke|p1|Weezing, L50, M|
|poke|p2|Volcarona, L50, M|
|poke|p2|Electabuzz, L50, M|
|poke|p2|Sneasler, L50, M|
|poke|p2|Rillaboom, L50, F|
|poke|p2|Dragonite, L50, M|
|poke|p2|Ursaluna-Bloodmoon, L50, M|
|teampreview|4
|showteam|p1|Dragapult||LightClay|ClearBody|DragonDarts,Reflect,LightScreen,ThunderWave|||M|||50|,,,,,Steel]Milotic||CovertCloak|Competitive|Scald,Protect,Haze,LifeDew|||M|||50|,,,,,Dragon]Rillaboom||MiracleSeed|GrassySurge|WoodHammer,FakeOut,WorrySeed,GrassyGlide|||M|||50|,,,,,Grass]Annihilape||Leftovers|Defiant|RageFist,Protect,BulkUp,DrainPunch|||F|||50|,,,,,Normal]Maushold-Four||WideLens|FriendGuard|PopulationBomb,Protect,Taunt,ThunderWave||||||50|,,,,,Ghost]Weezing||WikiBerry|NeutralizingGas|SludgeBomb,Protect,Taunt,WillOWisp|||M|||50|,,,,,Ghost
|showteam|p2|Volcarona||Leftovers|FlameBody|FieryDance,QuiverDance,GigaDrain,Protect|||M|||50|,,,,,Water]Electabuzz||Eviolite|Static|FollowMe,Electroweb,VoltSwitch,Taunt|||M|||50|,,,,,Fairy]Sneasler||GrassySeed|Unburden|DireClaw,CloseCombat,ThroatChop,Protect|||M|||50|,,,,,Dark]Rillaboom||AssaultVest|GrassySurge|FakeOut,GrassyGlide,WoodHammer,Uturn|||F|||50|,,,,,Fire]Dragonite||LoadedDice|Multiscale|ExtremeSpeed,ScaleShot,IceSpinner,LowKick|||M|||50|,,,,,Normal]Ursaluna-Bloodmoon||ThroatSpray|MindsEye|BloodMoon,HyperVoice,EarthPower,Protect|||M|||50|,,,,,Poison
|inactive|Battle timer is ON: inactive players will automatically lose when time's up. (requested by Crystneel)
|j| xhenryx
|
|t:|1757172077
|teamsize|p1|4
|teamsize|p2|4
|start
|switch|p1a: Dragapult|Dragapult, L50, M|100/100
|switch|p1b: Maushold|Maushold-Four, L50|100/100
|switch|p2a: Electabuzz|Electabuzz, L50, M|100/100
|switch|p2b: Volcarona|Volcarona, L50, M|100/100
|turn|1
|inactive|Crystneel has 30 seconds left.
|inactive|Crystneel has 20 seconds left.
|inactive|Crystneel has 15 seconds left.
|inactive|Crystneel has 10 seconds left.
|
|t:|1757172125
|-terastallize|p2a: Electabuzz|Fairy
|move|p2a: Electabuzz|Follow Me|p2a: Electabuzz
|-singleturn|p2a: Electabuzz|move: Follow Me
|move|p1a: Dragapult|Light Screen|p1a: Dragapult
|-sidestart|p1: ben harpic|move: Light Screen
|move|p1b: Maushold|Taunt|p2a: Electabuzz
|-start|p2a: Electabuzz|move: Taunt
|move|p2b: Volcarona|Quiver Dance|p2b: Volcarona
|-boost|p2b: Volcarona|spa|1
|-boost|p2b: Volcarona|spd|1
|-boost|p2b: Volcarona|spe|1
|
|upkeep
|turn|2
|
|t:|1757172149
|move|p2b: Volcarona|Fiery Dance|p1b: Maushold
|-damage|p1b: Maushold|53/100
|-boost|p2b: Volcarona|spa|1
|move|p1a: Dragapult|Thunder Wave|p2b: Volcarona
|-status|p2b: Volcarona|par
|move|p1b: Maushold|Population Bomb|p2a: Electabuzz
|-damage|p2a: Electabuzz|95/100
|-damage|p2a: Electabuzz|89/100
|-status|p1b: Maushold|par|[from] ability: Static|[of] p2a: Electabuzz
|-damage|p2a: Electabuzz|83/100
|-damage|p2a: Electabuzz|78/100
|-damage|p2a: Electabuzz|72/100
|-damage|p2a: Electabuzz|66/100
|-damage|p2a: Electabuzz|60/100
|-crit|p2a: Electabuzz
|-damage|p2a: Electabuzz|51/100
|-damage|p2a: Electabuzz|45/100
|-damage|p2a: Electabuzz|39/100
|-hitcount|p2a: Electabuzz|10
|move|p2a: Electabuzz|Volt Switch|p1b: Maushold
|-damage|p1b: Maushold|32/100 par
|
|t:|1757172174
|switch|p2a: Ursaluna|Ursaluna-Bloodmoon, L50, M|100/100|[from] Volt Switch
|
|upkeep
|turn|3
|l| xhenryx
|
|t:|1757172186
|move|p1b: Maushold|Protect|p1b: Maushold
|-singleturn|p1b: Maushold|Protect
|move|p1a: Dragapult|Dragon Darts|p2b: Volcarona
|-damage|p2b: Volcarona|75/100 par
|-anim|p1a: Dragapult|Dragon Darts|p2a: Ursaluna
|-damage|p2a: Ursaluna|86/100
|move|p2b: Volcarona|Fiery Dance|p1a: Dragapult
|-resisted|p1a: Dragapult
|-damage|p1a: Dragapult|81/100
|move|p2a: Ursaluna|Hyper Voice|p1b: Maushold|[spread] p1a
|-activate|p1b: Maushold|move: Protect
|-damage|p1a: Dragapult|58/100
|-enditem|p2a: Ursaluna|Throat Spray
|-boost|p2a: Ursaluna|spa|1|[from] item: Throat Spray
|
|-heal|p2b: Volcarona|81/100 par|[from] item: Leftovers
|upkeep
|turn|4
|
|t:|1757172204
|move|p1a: Dragapult|Dragon Darts|p2b: Volcarona
|-damage|p2b: Volcarona|55/100 par
|-anim|p1a: Dragapult|Dragon Darts|p2a: Ursaluna
|-damage|p2a: Ursaluna|73/100
|move|p2b: Volcarona|Fiery Dance|p1b: Maushold
|-damage|p1b: Maushold|0 fnt
|-boost|p2b: Volcarona|spa|1
|faint|p1b: Maushold
|move|p2a: Ursaluna|Blood Moon|p1a: Dragapult
|-damage|p1a: Dragapult|0 fnt
|faint|p1a: Dragapult
|
|-heal|p2b: Volcarona|61/100 par|[from] item: Leftovers
|upkeep
|j| xhenryx
|
|t:|1757172212
|switch|p1a: Annihilape|Annihilape, L50, F|100/100
|switch|p1b: Weezing|Weezing, L50, M|100/100
|-ability|p1b: Weezing|Neutralizing Gas
|turn|5
|
|t:|1757172234
|move|p1a: Annihilape|Bulk Up|p1a: Annihilape
|-boost|p1a: Annihilape|atk|1
|-boost|p1a: Annihilape|def|1
|move|p2b: Volcarona|Fiery Dance|p1b: Weezing
|-damage|p1b: Weezing|32/100
|-boost|p2b: Volcarona|spa|1
|move|p1b: Weezing|Sludge Bomb|p1a: Annihilape
|-resisted|p1a: Annihilape
|-crit|p1a: Annihilape
|-damage|p1a: Annihilape|87/100
|-status|p1a: Annihilape|psn
|move|p2a: Ursaluna|Earth Power|p1b: Weezing
|-supereffective|p1b: Weezing
|-crit|p1b: Weezing
|-damage|p1b: Weezing|0 fnt
|faint|p1b: Weezing
|-end|p1b: Weezing|ability: Neutralizing Gas
|
|-heal|p1a: Annihilape|93/100 psn|[from] item: Leftovers
|-heal|p2b: Volcarona|67/100 par|[from] item: Leftovers
|-damage|p1a: Annihilape|80/100 psn|[from] psn
|upkeep
|turn|6
|
|t:|1757172255
|move|p1a: Annihilape|Drain Punch|p2a: Ursaluna
|-supereffective|p2a: Ursaluna
|-damage|p2a: Ursaluna|7/100
|-heal|p1a: Annihilape|100/100 psn|[from] drain|[of] p2a: Ursaluna
|move|p2b: Volcarona|Fiery Dance|p1a: Annihilape
|-damage|p1a: Annihilape|49/100 psn
|move|p2a: Ursaluna|Blood Moon|p1a: Annihilape
|-damage|p1a: Annihilape|0 fnt
|faint|p1a: Annihilape
|
|win|Crystneel
||ben harpic is ready for game 2.
