|j|☆15Hugs
|j|☆Slothpk
|html|15HugsSlothpk    
|uhtml|bestof|Game 1 of a best-of-3
|t:|1786040991
|gametype|doubles
|player|p1|15Hugs|ingo|1150
|player|p2|Slothpk|265|1155
|gen|9
|tier|[Gen 9 Champions] VGC 2026 Reg M-B (Bo3)
|rated|
|rule|Species Clause: Limit one of each Pokémon
|rule|Item Clause: Limit 1 of each item
|clearpoke
|poke|p1|Mawile, L50, M|
|poke|p1|Sneasler, L50, M|
|poke|p1|Raichu, L50, M|
|poke|p1|Hydreigon, L50, M|
|poke|p1|Farigiraf, L50, M, shiny|
|poke|p1|Sinistcha, L50|
|poke|p2|Garchomp, L50, F|
|poke|p2|Whimsicott, L50, M|
|poke|p2|Tyranitar, L50, F|
|poke|p2|Scizor, L50, M|
|poke|p2|Sinistcha, L50|
|poke|p2|Basculegion, L50, M|
|teampreview|4
|showteam|p1|Mawile||Mawilite|Intimidate|Protect,PlayRough,IronHead,SuckerPunch|Brave||M|||50|]Sneasler||WhiteHerb|Unburden|FakeOut,RockTomb,CloseCombat,DireClaw|Jolly||M|||50|]Raichu||RaichuniteY|LightningRod|Protect,FakeOut,ZapCannon,FocusBlast|Timid||M|||50|]Hydreigon||ChoiceScarf|Levitate|DracoMeteor,Snarl,DarkPulse,EarthPower|Timid||M|||50|]Farigiraf||SitrusBerry|ArmorTail|TrickRoom,HelpingHand,FoulPlay,Psychic|Quiet||M|||50|]Sinistcha||KasibBerry|Hospitality|TrickRoom,Hex,MatchaGotcha,RagePowder|Modest|||||50|
|showteam|p2|Garchomp||Garchompite|SandVeil|Protect,EarthPower,DracoMeteor,PowerGem|Modest||F|||50|]Whimsicott||FairyFeather|Prankster|Protect,Tailwind,LightScreen,Moonblast|Bold||M|||50|]Tyranitar||Leftovers|SandStream|Protect,RockSlide,KnockOff,LowKick|Adamant||F|||50|]Scizor||Scizorite|Technician|BulletPunch,BugBite,Protect,SwordsDance|Brave||M|||50|]Sinistcha||SitrusBerry|Hospitality|Protect,RagePowder,MatchaGotcha,TrickRoom|Modest|||||50|]Basculegion||ChoiceScarf|Adaptability|WaveCrash,LastRespects,FlipTurn,IceFang|Adamant||M|||50|
|inactive|Battle timer is ON: inactive players will automatically lose when time's up. (requested by Slothpk)
|inactive|Slothpk has 60 seconds left.
|
|t:|1786041056
|teamsize|p1|4
|teamsize|p2|4
|start
|switch|p1a: Sinistcha|Sinistcha, L50|100/100
|switch|p1b: Hydreigon|Hydreigon, L50, M|100/100
|switch|p2a: Scizor|Scizor, L50, M|100/100
|switch|p2b: Basculegion|Basculegion, L50, M|100/100
|turn|1
|inactive|15Hugs has 30 seconds left.
|inactive|Slothpk has 30 seconds left.
|inactive|Slothpk has 20 seconds left.
|inactive|Slothpk has 15 seconds left.
|inactive|Slothpk has 10 seconds left.
|inactive|Slothpk has 5 seconds left.
|
|t:|1786041111
|switch|p2b: Sinistcha|Sinistcha, L50|100/100
|detailschange|p2a: Scizor|Scizor-Mega, L50, M
|-mega|p2a: Scizor|Scizor|Scizorite
|move|p1b: Hydreigon|Snarl|p2b: Sinistcha|[spread] p2a,p2b
|-supereffective|p2b: Sinistcha|1
|-damage|p2a: Scizor|77/100
|-damage|p2b: Sinistcha|61/100
|-unboost|p2a: Scizor|spa|1
|-unboost|p2b: Sinistcha|spa|1
|move|p1a: Sinistcha|Matcha Gotcha|p2a: Scizor|[spread] p2a,p2b
|-resisted|p2a: Scizor|2
|-resisted|p2b: Sinistcha|1
|-damage|p2a: Scizor|70/100
|-damage|p2b: Sinistcha|47/100
|-enditem|p2b: Sinistcha|Sitrus Berry|[eat]
|-heal|p2b: Sinistcha|71/100|[from] item: Sitrus Berry
|move|p2a: Scizor|Swords Dance|p2a: Scizor
|-boost|p2a: Scizor|atk|2
|
|upkeep
|turn|2
|inactive|Slothpk has 30 seconds left.
|inactive|Slothpk has 20 seconds left.
|inactive|Slothpk has 15 seconds left.
|inactive|Slothpk has 10 seconds left.
|
|t:|1786041160
|move|p1b: Hydreigon|Snarl|p2a: Scizor|[spread] p2a,p2b
|-supereffective|p2b: Sinistcha|1
|-damage|p2a: Scizor|48/100
|-damage|p2b: Sinistcha|30/100
|-unboost|p2a: Scizor|spa|1
|-unboost|p2b: Sinistcha|spa|1
|move|p1a: Sinistcha|Matcha Gotcha|p2b: Sinistcha|[spread] p2a
|-miss|p1a: Sinistcha|p2b: Sinistcha
|-resisted|p2a: Scizor|2
|-crit|p2a: Scizor
|-damage|p2a: Scizor|37/100
|move|p2b: Sinistcha|Matcha Gotcha|p1b: Hydreigon|[spread] p1a,p1b
|-resisted|p1a: Sinistcha|1
|-resisted|p1b: Hydreigon|1
|-damage|p1a: Sinistcha|92/100
|-heal|p2b: Sinistcha|34/100|[from] drain|[of] p1a: Sinistcha
|-damage|p1b: Hydreigon|92/100
|-heal|p2b: Sinistcha|38/100|[from] drain|[of] p1b: Hydreigon
|move|p2a: Scizor|Bug Bite|p1b: Hydreigon
|-supereffective|p1b: Hydreigon|1
|-damage|p1b: Hydreigon|0 fnt
|faint|p1b: Hydreigon
|
|upkeep
|
|t:|1786041184
|switch|p1b: Sneasler|Sneasler, L50, M|100/100
|turn|3
|
|t:|1786041199
|move|p1b: Sneasler|Fake Out|p2a: Scizor
|-resisted|p2a: Scizor|1
|-damage|p2a: Scizor|31/100
|move|p2b: Sinistcha|Rage Powder|p2b: Sinistcha
|-singleturn|p2b: Sinistcha|move: Rage Powder
|cant|p2a: Scizor|flinch
|move|p1a: Sinistcha|Hex|p2a: Scizor
|-damage|p2a: Scizor|0 fnt
|faint|p2a: Scizor
|
|upkeep
|
|t:|1786041213
|switch|p2a: Tyranitar|Tyranitar, L50, F|100/100
|-weather|Sandstorm|[from] ability: Sand Stream|[of] p2a: Tyranitar
|turn|4
|
|t:|1786041236
|move|p2b: Sinistcha|Rage Powder|p2b: Sinistcha
|-singleturn|p2b: Sinistcha|move: Rage Powder
|move|p1b: Sneasler|Dire Claw|p2b: Sinistcha
|-crit|p2b: Sinistcha
|-damage|p2b: Sinistcha|0 fnt
|faint|p2b: Sinistcha
|move|p2a: Tyranitar|Knock Off|p1a: Sinistcha
|-supereffective|p1a: Sinistcha|1
|-damage|p1a: Sinistcha|0 fnt
|-enditem|p1a: Sinistcha|Kasib Berry|[from] move: Knock Off|[of] p2a: Tyranitar
|faint|p1a: Sinistcha
|
|-weather|Sandstorm|[upkeep]
|-damage|p1b: Sneasler|94/100|[from] Sandstorm
|upkeep
|
|t:|1786041249
|switch|p1a: Mawile|Mawile, L50, M|100/100
|switch|p2b: Basculegion|Basculegion, L50, M|100/100
|-ability|p1a: Mawile|Intimidate|boost
|-unboost|p2a: Tyranitar|atk|1
|-unboost|p2b: Basculegion|atk|1
|turn|5
|inactive|15Hugs has 30 seconds left.
|
|t:|1786041281
|detailschange|p1a: Mawile|Mawile-Mega, L50, M
|-mega|p1a: Mawile|Mawile|Mawilite
|move|p1a: Mawile|Sucker Punch|p2b: Basculegion
|-supereffective|p2b: Basculegion|1
|-damage|p2b: Basculegion|0 fnt
|faint|p2b: Basculegion
|move|p1b: Sneasler|Close Combat|p2a: Tyranitar
|-supereffective|p2a: Tyranitar|2
|-damage|p2a: Tyranitar|0 fnt
|-unboost|p1b: Sneasler|def|1
|-unboost|p1b: Sneasler|spd|1
|faint|p2a: Tyranitar
|
|win|15Hugs
||15Hugs is ready for game 2.
||Slothpk is ready for game 2.
|uhtml|next|Next: Game 2 of 3
|l|☆Slothpk
|player|p2|
