|j|☆lettitripppp
|j|☆chungoc
|html|lettitrippppchungoc    
|uhtml|bestof|Game 1 of a best-of-3
|t:|1783788897
|gametype|doubles
|player|p1|lettitripppp|lucas|1249
|player|p2|chungoc|birdkeeper|1113
|gen|9
|tier|[Gen 9 Champions] VGC 2026 Reg M-B (Bo3)
|rated|
|rule|Species Clause: Limit one of each Pokémon
|rule|Item Clause: Limit 1 of each item
|clearpoke
|poke|p1|Charizard, L50, F|
|poke|p1|Basculegion, L50, M|
|poke|p1|Whimsicott, L50, M, shiny|
|poke|p1|Garchomp, L50, M, shiny|
|poke|p1|Floette-Eternal, L50, F|
|poke|p1|Kingambit, L50, F, shiny|
|poke|p2|Staraptor, L50, M|
|poke|p2|Whimsicott, L50, F|
|poke|p2|Sinistcha-Masterpiece, L50|
|poke|p2|Rotom-Wash, L50|
|poke|p2|Gholdengo, L50|
|poke|p2|Incineroar, L50, M|
|teampreview|4
|showteam|p1|Charizard||CharizarditeY|Blaze|WeatherBall,SolarBeam,HeatWave,Protect|Modest||F|||50|]Basculegion||MysticWater|Adaptability|LastRespects,WaveCrash,AquaJet,Protect|Adamant||M|||50|]Whimsicott||FocusSash|Prankster|Moonblast,Tailwind,Encore,Protect|Timid||M|||50|]Garchomp||LifeOrb|RoughSkin|DragonClaw,Earthquake,RockSlide,Protect|Jolly||M|||50|]Floette-Eternal||Floettite|FlowerVeil|DazzlingGleam,LightofRuin,Moonblast,Protect|Modest||F|||50|]Kingambit||ChopleBerry|Defiant|KowtowCleave,SuckerPunch,IronHead,LowKick|Adamant||F|||50|
|showteam|p2|Staraptor||Staraptite|Intimidate|CloseCombat,Uturn,BraveBird,Protect|Jolly||M|||50|]Whimsicott||FocusSash|Prankster|Charm,Tailwind,Moonblast,Taunt|Timid||F|||50|]Sinistcha-Masterpiece||BigRoot|Hospitality|MatchaGotcha,LifeDew,RagePowder,StrengthSap|Bold|||||50|]Rotom-Wash||SitrusBerry|Levitate|HydroPump,Thunderbolt,WillOWisp,Protect|Modest|||||50|]Gholdengo||LifeOrb|GoodasGold|MakeItRain,ShadowBall,Protect,Psychic|Modest|||||50|]Incineroar||Leftovers|Intimidate|FakeOut,FlareBlitz,PartingShot,Protect|Adamant||M|||50|
|inactive|Battle timer is ON: inactive players will automatically lose when time's up. (requested by lettitripppp)
|inactive|lettitripppp has 60 seconds left.
|inactive|chungoc has 60 seconds left.
|
|t:|1783788950
|teamsize|p1|4
|teamsize|p2|4
|start
|switch|p1a: AGNI|Charizard, L50, F|100/100
|switch|p1b: LETS GO GO|Whimsicott, L50, M, shiny|100/100
|switch|p2a: Whimsicott|Whimsicott, L50, F|100/100
|switch|p2b: Incineroar|Incineroar, L50, M|100/100
|-ability|p2b: Incineroar|Intimidate|boost
|-unboost|p1a: AGNI|atk|1
|-unboost|p1b: LETS GO GO|atk|1
|turn|1
|
|t:|1783788970
|detailschange|p1a: AGNI|Charizard-Mega-Y, L50, F
|-mega|p1a: AGNI|Charizard|Charizardite Y
|-weather|SunnyDay|[from] ability: Drought|[of] p1a: AGNI
|move|p2b: Incineroar|Fake Out|p1b: LETS GO GO
|-crit|p1b: LETS GO GO
|-damage|p1b: LETS GO GO|74/100
|cant|p1b: LETS GO GO|flinch
|move|p2a: Whimsicott|Tailwind|p2a: Whimsicott
|-sidestart|p2: chungoc|move: Tailwind
|move|p1a: AGNI|Heat Wave|p2b: Incineroar|[spread] p2a,p2b
|-supereffective|p2a: Whimsicott|1
|-resisted|p2b: Incineroar|1
|-enditem|p2a: Whimsicott|Focus Sash
|-damage|p2a: Whimsicott|1/100
|-damage|p2b: Incineroar|64/100
|
|-weather|SunnyDay|[upkeep]
|-heal|p2b: Incineroar|70/100|[from] item: Leftovers
|upkeep
|turn|2
|inactive|chungoc has 30 seconds left.
|inactive|chungoc has 20 seconds left.
|inactive|chungoc has 15 seconds left.
|inactive|chungoc has 10 seconds left.
|
|t:|1783789019
|move|p1b: LETS GO GO|Protect|p1b: LETS GO GO
|-singleturn|p1b: LETS GO GO|Protect
|move|p1a: AGNI|Protect|p1a: AGNI
|-singleturn|p1a: AGNI|Protect
|move|p2a: Whimsicott|Taunt|p1b: LETS GO GO
|-activate|p1b: LETS GO GO|move: Protect
|move|p2b: Incineroar|Parting Shot|p1a: AGNI
|-activate|p1a: AGNI|move: Protect
|
|-weather|SunnyDay|[upkeep]
|-heal|p2b: Incineroar|76/100|[from] item: Leftovers
|upkeep
|turn|3
|
|t:|1783789036
|switch|p1b: CRUSH SHARK|Garchomp, L50, M, shiny|100/100
|switch|p1a: GENERAL BLADUS|Kingambit, L50, F, shiny|100/100
|move|p2a: Whimsicott|Taunt|p1b: CRUSH SHARK
|-start|p1b: CRUSH SHARK|move: Taunt
|move|p2b: Incineroar|Parting Shot|p1a: GENERAL BLADUS
|-unboost|p1a: GENERAL BLADUS|atk|1
|-ability|p1a: GENERAL BLADUS|Defiant|boost
|-boost|p1a: GENERAL BLADUS|atk|2
|-unboost|p1a: GENERAL BLADUS|spa|1
|-ability|p1a: GENERAL BLADUS|Defiant|boost
|-boost|p1a: GENERAL BLADUS|atk|2
|
|t:|1783789052
|switch|p2b: Staraptor|Staraptor, L50, M|100/100|[from] Parting Shot
|-ability|p2b: Staraptor|Intimidate|boost
|-unboost|p1a: GENERAL BLADUS|atk|1
|-ability|p1a: GENERAL BLADUS|Defiant|boost
|-boost|p1a: GENERAL BLADUS|atk|2
|-unboost|p1b: CRUSH SHARK|atk|1
|
|-weather|SunnyDay|[upkeep]
|upkeep
|turn|4
|inactive|chungoc has 30 seconds left.
|
|t:|1783789081
|detailschange|p2b: Staraptor|Staraptor-Mega, L50, M
|-mega|p2b: Staraptor|Staraptor|Staraptite
|move|p2b: Staraptor|Protect|p2b: Staraptor
|-singleturn|p2b: Staraptor|Protect
|move|p1a: GENERAL BLADUS|Sucker Punch||[still]
|-fail|p1a: GENERAL BLADUS
|move|p2a: Whimsicott|Moonblast|p1b: CRUSH SHARK
|-supereffective|p1b: CRUSH SHARK|1
|-damage|p1b: CRUSH SHARK|22/100
|move|p1b: CRUSH SHARK|Rock Slide|p2b: Staraptor|[spread] p2a
|-activate|p2b: Staraptor|move: Protect
|-damage|p2a: Whimsicott|0 fnt
|faint|p2a: Whimsicott
|-damage|p1b: CRUSH SHARK|12/100|[from] item: Life Orb
|
|-weather|SunnyDay|[upkeep]
|-sideend|p2: chungoc|move: Tailwind
|upkeep
|
|t:|1783789102
|switch|p2a: Incineroar|Incineroar, L50, M|76/100
|-ability|p2a: Incineroar|Intimidate|boost
|-unboost|p1a: GENERAL BLADUS|atk|1
|-ability|p1a: GENERAL BLADUS|Defiant|boost
|-boost|p1a: GENERAL BLADUS|atk|2
|-unboost|p1b: CRUSH SHARK|atk|1
|turn|5
|
|t:|1783789119
|move|p2a: Incineroar|Fake Out|p1a: GENERAL BLADUS
|-resisted|p1a: GENERAL BLADUS|1
|-damage|p1a: GENERAL BLADUS|94/100
|move|p2b: Staraptor|Close Combat|p1a: GENERAL BLADUS
|-supereffective|p1a: GENERAL BLADUS|2
|-enditem|p1a: GENERAL BLADUS|Chople Berry|[eat]
|-enditem|p1a: GENERAL BLADUS|Chople Berry|[weaken]
|-damage|p1a: GENERAL BLADUS|0 fnt
|-boost|p2b: Staraptor|def|1
|-boost|p2b: Staraptor|spd|1
|faint|p1a: GENERAL BLADUS
|move|p1b: CRUSH SHARK|Dragon Claw|p2b: Staraptor
|-damage|p2b: Staraptor|80/100
|-damage|p1b: CRUSH SHARK|2/100|[from] item: Life Orb
|
|-weather|none
|-heal|p2a: Incineroar|82/100|[from] item: Leftovers
|-end|p1b: CRUSH SHARK|move: Taunt
|upkeep
|
|t:|1783789134
|switch|p1a: LETS GO GO|Whimsicott, L50, M, shiny|74/100
|turn|6
|inactive|chungoc has 30 seconds left.
|
|t:|1783789169
|move|p2b: Staraptor|Protect|p2b: Staraptor
|-singleturn|p2b: Staraptor|Protect
|move|p1a: LETS GO GO|Tailwind|p1a: LETS GO GO
|-sidestart|p1: lettitripppp|move: Tailwind
|move|p1b: CRUSH SHARK|Rock Slide|p2a: Incineroar|[spread] p2a
|-activate|p2b: Staraptor|move: Protect
|-supereffective|p2a: Incineroar|1
|-damage|p2a: Incineroar|56/100
|-damage|p1b: CRUSH SHARK|0 fnt|[from] item: Life Orb
|faint|p1b: CRUSH SHARK
|move|p2a: Incineroar|Flare Blitz|p1a: LETS GO GO
|-supereffective|p1a: LETS GO GO|1
|-damage|p1a: LETS GO GO|0 fnt
|faint|p1a: LETS GO GO
|-damage|p2a: Incineroar|37/100|[from] Recoil
|
|-heal|p2a: Incineroar|43/100|[from] item: Leftovers
|upkeep
|
|t:|1783789181
|switch|p1b: AGNI|Charizard-Mega-Y, L50, F|100/100
|-weather|SunnyDay|[from] ability: Drought|[of] p1b: AGNI
|turn|7
|
|t:|1783789200
|move|p1b: AGNI|Heat Wave|p2a: Incineroar|[spread] p2a,p2b
|-resisted|p2a: Incineroar|1
|-damage|p2a: Incineroar|10/100
|-damage|p2b: Staraptor|28/100
|move|p2b: Staraptor|Close Combat|p1b: AGNI
|-resisted|p1b: AGNI|1
|-damage|p1b: AGNI|64/100
|-boost|p2b: Staraptor|def|1
|-boost|p2b: Staraptor|spd|1
|move|p2a: Incineroar|Parting Shot|p1b: AGNI
|-unboost|p1b: AGNI|atk|1
|-unboost|p1b: AGNI|spa|1
|
|t:|1783789211
|switch|p2a: Gholdengo|Gholdengo, L50|100/100|[from] Parting Shot
|
|-weather|SunnyDay|[upkeep]
|upkeep
|turn|8
|
|t:|1783789233
|move|p2a: Gholdengo|Protect|p2a: Gholdengo
|-singleturn|p2a: Gholdengo|Protect
|move|p1b: AGNI|Heat Wave|p2a: Gholdengo|[spread] p2b
|-activate|p2a: Gholdengo|move: Protect
|-damage|p2b: Staraptor|1/100
|move|p2b: Staraptor|Brave Bird|p1b: AGNI
|-damage|p1b: AGNI|0 fnt
|faint|p1b: AGNI
|-damage|p2b: Staraptor|0 fnt|[from] Recoil
|faint|p2b: Staraptor
|
|win|chungoc
