|j|☆FrancoilCieco777
|j|☆the_foxdark
|html|FrancoilCieco777the_foxdark    
|uhtml|bestof|Game 3 of a best-of-3
|t:|1757006862
|gametype|doubles
|player|p1|FrancoilCieco777|baker|1087
|player|p2|the_foxdark|gambler|1076
|gen|9
|tier|[Gen 9] VGC 2025 Reg H (Bo3)
|rated|
|rule|Species Clause: Limit one of each Pokémon
|rule|Item Clause: Limit 1 of each item
|clearpoke
|poke|p1|Volcarona, L50, F|
|poke|p1|Electabuzz, L50, F|
|poke|p1|Sneasler, L50, M|
|poke|p1|Kingambit, L50, M|
|poke|p1|Dragonite, L50, M|
|poke|p1|Rillaboom, L50, F|
|poke|p2|Jolteon, L50, M|
|poke|p2|Corviknight, L50, M|
|poke|p2|Garchomp, L50, F|
|poke|p2|Volcarona, L50, M|
|poke|p2|Amoonguss, L50, M|
|poke|p2|Samurott-Hisui, L50, F|
|teampreview|4
|showteam|p1|Volcarona||CovertCloak|FlameBody|HeatWave,TeraBlast,QuiverDance,Protect|||F|||50|,,,,,Fairy]Electabuzz||Eviolite|VitalSpirit|Thunderbolt,FollowMe,Taunt,Protect|||F|||50|,,,,,Ghost]Sneasler||FocusSash|Unburden|FakeOut,CloseCombat,DireClaw,Coaching|||M|||50|,,,,,Stellar]Kingambit||BlackGlasses|Defiant|KowtowCleave,SuckerPunch,SwordsDance,Protect|||M|||50|,,,,,Dark]Dragonite||LoadedDice|Multiscale|ScaleShot,ExtremeSpeed,Haze,Protect|||M|||50|,,,,,Normal]Rillaboom||AssaultVest|GrassySurge|WoodHammer,GrassyGlide,HighHorsepower,FakeOut|||F|||50|,,,,,Fire
|showteam|p2|Jolteon||FocusSash|VoltAbsorb|Electroweb,VoltSwitch,TeraBlast,Protect|||M|||50|,,,,,Ice]Corviknight||RockyHelmet|MirrorArmor|BraveBird,BodyPress,Roost,Tailwind|||M|||50|,,,,,Dragon]Garchomp||LifeOrb|RoughSkin|DragonClaw,Earthquake,StompingTantrum,Protect|||F|||50|,,,,,Steel]Volcarona||Leftovers|FlameBody|Flamethrower,GigaDrain,QuiverDance,Protect|||M|||50|,,,,,Grass]Amoonguss||MentalHerb|Regenerator|ClearSmog,PollenPuff,RagePowder,Spore|||M|||50|,,,,,Water]Samurott-Hisui||AssaultVest|Sharpness|AquaCutter,NightSlash,SacredSword,SuckerPunch|||F|||50|,,,,,Poison
|inactive|Battle timer is ON: inactive players will automatically lose when time's up. (requested by FrancoilCieco777)
|
|t:|1757006871
|teamsize|p1|4
|teamsize|p2|4
|start
|switch|p1a: Volcarona|Volcarona, L50, F|100/100
|switch|p1b: Electabuzz|Electabuzz, L50, F|100/100
|switch|p2a: Jolteon|Jolteon, L50, M, shiny|100/100
|switch|p2b: Corviknight|Corviknight, L50, M, shiny|100/100
|turn|1
|
|t:|1757006883
|-terastallize|p1a: Volcarona|Fairy
|move|p2a: Jolteon|Electroweb|p1a: Volcarona|[spread] p1a,p1b
|-resisted|p1b: Electabuzz
|-damage|p1a: Volcarona|83/100
|-damage|p1b: Electabuzz|93/100
|-unboost|p1b: Electabuzz|spe|1
|move|p1a: Volcarona|Heat Wave|p2b: Corviknight|[spread] p2a,p2b
|-supereffective|p2b: Corviknight
|-damage|p2a: Jolteon|53/100
|-damage|p2b: Corviknight|26/100
|move|p2b: Corviknight|Tailwind|p2b: Corviknight
|-sidestart|p2: the_foxdark|move: Tailwind
|move|p1b: Electabuzz|Taunt|p2b: Corviknight
|-start|p2b: Corviknight|move: Taunt
|
|upkeep
|turn|2
|
|t:|1757006904
|move|p2a: Jolteon|Electroweb|p1a: Volcarona|[spread] p1a,p1b
|-resisted|p1b: Electabuzz
|-damage|p1a: Volcarona|66/100
|-damage|p1b: Electabuzz|85/100
|-unboost|p1b: Electabuzz|spe|1
|move|p2b: Corviknight|Brave Bird|p1a: Volcarona
|-damage|p1a: Volcarona|15/100
|-status|p2b: Corviknight|brn|[from] ability: Flame Body|[of] p1a: Volcarona
|-damage|p2b: Corviknight|11/100 brn|[from] Recoil
|move|p1a: Volcarona|Quiver Dance|p1a: Volcarona
|-boost|p1a: Volcarona|spa|1
|-boost|p1a: Volcarona|spd|1
|-boost|p1a: Volcarona|spe|1
|move|p1b: Electabuzz|Taunt||[still]
|-fail|p1b: Electabuzz
|
|-damage|p2b: Corviknight|5/100 brn|[from] brn
|upkeep
|turn|3
|
|t:|1757006929
|switch|p2b: Garchomp|Garchomp, L50, F, shiny|100/100
|switch|p1b: Rillaboom|Rillaboom, L50, F|100/100
|-fieldstart|move: Grassy Terrain|[from] ability: Grassy Surge|[of] p1b: Rillaboom
|move|p1a: Volcarona|Protect|p1a: Volcarona
|-singleturn|p1a: Volcarona|Protect
|move|p2a: Jolteon|Electroweb|p1a: Volcarona|[spread] p1b
|-activate|p1a: Volcarona|move: Protect
|-resisted|p1b: Rillaboom
|-damage|p1b: Rillaboom|94/100
|-unboost|p1b: Rillaboom|spe|1
|
|-heal|p2a: Jolteon|58/100|[from] Grassy Terrain
|-heal|p1a: Volcarona|21/100|[from] Grassy Terrain
|-heal|p1b: Rillaboom|99/100|[from] Grassy Terrain
|upkeep
|turn|4
|
|t:|1757006948
|move|p2a: Jolteon|Protect|p2a: Jolteon
|-singleturn|p2a: Jolteon|Protect
|move|p2b: Garchomp|Protect|p2b: Garchomp
|-singleturn|p2b: Garchomp|Protect
|move|p1b: Rillaboom|Fake Out|p2b: Garchomp
|-activate|p2b: Garchomp|move: Protect
|move|p1a: Volcarona|Tera Blast|p2a: Jolteon|[anim] Tera Blast Fairy
|-activate|p2a: Jolteon|move: Protect
|
|-heal|p2a: Jolteon|64/100|[from] Grassy Terrain
|-heal|p1a: Volcarona|27/100|[from] Grassy Terrain
|-heal|p1b: Rillaboom|100/100|[from] Grassy Terrain
|-sideend|p2: the_foxdark|move: Tailwind
|upkeep
|turn|5
|
|t:|1757006970
|switch|p2b: Volcarona|Volcarona, L50, M, shiny|100/100
|move|p1a: Volcarona|Heat Wave|p2a: Jolteon|[spread] p2a,p2b
|-damage|p2a: Jolteon|0 fnt
|-damage|p2b: Volcarona|52/100
|faint|p2a: Jolteon
|move|p1b: Rillaboom|Wood Hammer|p2b: Volcarona
|-resisted|p2b: Volcarona
|-damage|p2b: Volcarona|30/100
|-status|p1b: Rillaboom|brn|[from] ability: Flame Body|[of] p2b: Volcarona
|-damage|p1b: Rillaboom|93/100 brn|[from] Recoil
|
|-heal|p1a: Volcarona|33/100|[from] Grassy Terrain
|-heal|p2b: Volcarona|36/100|[from] Grassy Terrain
|-heal|p2b: Volcarona|42/100|[from] item: Leftovers
|-heal|p1b: Rillaboom|99/100 brn|[from] Grassy Terrain
|-damage|p1b: Rillaboom|93/100 brn|[from] brn
|upkeep
|
|t:|1757006986
|switch|p2a: Garchomp|Garchomp, L50, F, shiny|100/100
|turn|6
|
|t:|1757006995
|move|p1a: Volcarona|Heat Wave|p2b: Volcarona|[spread] p2a,p2b
|-resisted|p2a: Garchomp
|-damage|p2a: Garchomp|70/100
|-damage|p2b: Volcarona|0 fnt
|faint|p2b: Volcarona
|move|p2a: Garchomp|Stomping Tantrum|p1a: Volcarona
|-crit|p1a: Volcarona
|-damage|p1a: Volcarona|0 fnt
|-status|p2a: Garchomp|brn|[from] ability: Flame Body|[of] p1a: Volcarona
|faint|p1a: Volcarona
|-damage|p2a: Garchomp|61/100 brn|[from] item: Life Orb
|move|p1b: Rillaboom|High Horsepower|p2a: Garchomp
|-damage|p2a: Garchomp|45/100 brn
|-damage|p1b: Rillaboom|81/100 brn|[from] ability: Rough Skin|[of] p2a: Garchomp
|
|-heal|p2a: Garchomp|51/100 brn|[from] Grassy Terrain
|-heal|p1b: Rillaboom|87/100 brn|[from] Grassy Terrain
|-damage|p2a: Garchomp|45/100 brn|[from] brn
|-damage|p1b: Rillaboom|81/100 brn|[from] brn
|upkeep
|
|t:|1757007012
|switch|p2b: Corviknight|Corviknight, L50, M, shiny|5/100 brn
|switch|p1a: Electabuzz|Electabuzz, L50, F|85/100
|turn|7
|
|t:|1757007022
|move|p1b: Rillaboom|Grassy Glide|p2b: Corviknight
|-resisted|p2b: Corviknight
|-damage|p2b: Corviknight|1/100 brn
|-damage|p1b: Rillaboom|65/100 brn|[from] item: Rocky Helmet|[of] p2b: Corviknight
|move|p2a: Garchomp|Earthquake|p1a: Electabuzz|[spread] p1a,p1b
|-immune|p2b: Corviknight
|-supereffective|p1a: Electabuzz
|-resisted|p1b: Rillaboom
|-damage|p1a: Electabuzz|66/100
|-damage|p1b: Rillaboom|59/100 brn
|-damage|p2a: Garchomp|35/100 brn|[from] item: Life Orb
|move|p1a: Electabuzz|Thunderbolt|p2b: Corviknight
|-supereffective|p2b: Corviknight
|-damage|p2b: Corviknight|0 fnt
|faint|p2b: Corviknight
|
|-heal|p2a: Garchomp|41/100 brn|[from] Grassy Terrain
|-heal|p1a: Electabuzz|72/100|[from] Grassy Terrain
|-heal|p1b: Rillaboom|65/100 brn|[from] Grassy Terrain
|-damage|p2a: Garchomp|35/100 brn|[from] brn
|-damage|p1b: Rillaboom|59/100 brn|[from] brn
|-fieldend|move: Grassy Terrain
|upkeep
|turn|8
|
|t:|1757007042
|-terastallize|p2a: Garchomp|Steel
|move|p1a: Electabuzz|Protect|p1a: Electabuzz
|-singleturn|p1a: Electabuzz|Protect
|move|p2a: Garchomp|Stomping Tantrum|p1a: Electabuzz
|-activate|p1a: Electabuzz|move: Protect
|move|p1b: Rillaboom|Wood Hammer|p2a: Garchomp
|-resisted|p2a: Garchomp
|-damage|p2a: Garchomp|22/100 brn
|-damage|p1b: Rillaboom|47/100 brn|[from] ability: Rough Skin|[of] p2a: Garchomp
|-damage|p1b: Rillaboom|43/100 brn|[from] Recoil
|
|-damage|p2a: Garchomp|16/100 brn|[from] brn
|-damage|p1b: Rillaboom|37/100 brn|[from] brn
|upkeep
|turn|9
|
|t:|1757007057
|move|p2a: Garchomp|Stomping Tantrum|p1a: Electabuzz
|-supereffective|p1a: Electabuzz
|-damage|p1a: Electabuzz|33/100
|-damage|p2a: Garchomp|6/100 brn|[from] item: Life Orb
|move|p1a: Electabuzz|Thunderbolt|p2a: Garchomp
|-damage|p2a: Garchomp|0 fnt
|faint|p2a: Garchomp
|
|win|FrancoilCieco777
|raw|FrancoilCieco777's rating: 1087 → 1113(+26 for winning)
|raw|the_foxdark's rating: 1076 → 1055(-21 for losing)
