|j|☆AntonioCartana
|j|☆sturmkitten69
|html|AntonioCartanasturmkitten69    
|uhtml|bestof|Game 2 of a best-of-3
|t:|1757150623
|gametype|doubles
|player|p1|AntonioCartana|bruno|1053
|player|p2|sturmkitten69|fisherman|1044
|gen|9
|tier|[Gen 9] VGC 2025 Reg H (Bo3)
|rated|
|rule|Species Clause: Limit one of each Pokémon
|rule|Item Clause: Limit 1 of each item
|clearpoke
|poke|p1|Indeedee-F, L50, F|
|poke|p1|Gallade, L50, M|
|poke|p1|Torkoal, L50, M|
|poke|p1|Ursaluna, L50, F|
|poke|p1|Exeggutor, L50, F|
|poke|p1|Zoroark-Hisui, L50, M|
|poke|p2|Ninetales-Alola, L50, M|
|poke|p2|Dragonite, L50, F|
|poke|p2|Rillaboom, L50, M|
|poke|p2|Ursaluna-Bloodmoon, L50, M|
|poke|p2|Porygon2, L50|
|poke|p2|Incineroar, L50, M|
|teampreview|4
|showteam|p1|Indeedee-F||RockyHelmet|PsychicSurge|Psychic,HelpingHand,FollowMe,TrickRoom|||F|||50|,,,,,Grass]Gallade||ScopeLens|Sharpness|SacredSword,PsychoCut,TrickRoom,WideGuard|||M|||50|,,,,,Grass]Torkoal||Charcoal|Drought|Eruption,WeatherBall,ClearSmog,Protect|||M|||50|,,,,,Fire]Ursaluna||FlameOrb|Guts|Facade,HeadlongRush,Earthquake,Protect|||F|||50|,,,,,Ghost]Exeggutor||FocusSash|Chlorophyll|ExpandingForce,LeafStorm,SleepPowder,TrickRoom|||F|||50|,,,,,Psychic]Zoroark-Hisui||ChoiceSpecs|Illusion|HyperBeam,HyperVoice,ShadowBall,Snarl|||M|||50|,,,,,Normal
|showteam|p2|Ninetales-Alola||FocusSash|SnowWarning|AuroraVeil,Moonblast,IcyWind,Protect|||M|||50|,,,,,Ghost]Dragonite||LoadedDice|Multiscale|ScaleShot,Protect,Tailwind,Haze|||F|||50|,,,,,Steel]Rillaboom||MiracleSeed|GrassySurge|BulletSeed,FakeOut,Uturn,GrassyGlide|||M|||50|,,,,,Grass]Ursaluna-Bloodmoon||AssaultVest|MindsEye|EarthPower,VacuumWave,HyperVoice,BloodMoon|||M|||50|,,,,,Ghost]Porygon2||Eviolite|Download|TrickRoom,IceBeam,TeraBlast,Recover||||||50|,,,,,Fighting]Incineroar||SafetyGoggles|Intimidate|FlareBlitz,KnockOff,FakeOut,Protect|||M|||50|,,,,,Ghost
|inactive|Battle timer is ON: inactive players will automatically lose when time's up. (requested by AntonioCartana)
|inactive|sturmkitten69 has 60 seconds left.
|
|t:|1757150669
|teamsize|p1|4
|teamsize|p2|4
|start
|switch|p1a: Ursaluna|Ursaluna, L50, F|100/100
|switch|p1b: Indeedee|Indeedee-F, L50, F|100/100
|switch|p2a: Dragonite|Dragonite, L50, F|100/100
|switch|p2b: Ursaluna|Ursaluna-Bloodmoon, L50, M|100/100
|-fieldstart|move: Psychic Terrain|[from] ability: Psychic Surge|[of] p1b: Indeedee
|turn|1
|inactive|AntonioCartana has 30 seconds left.
|
|t:|1757150695
|move|p1a: Ursaluna|Snarl|p2b: Ursaluna|[spread] p2a,p2b
|-damage|p2a: Dragonite|89/100
|-damage|p2b: Ursaluna|84/100
|-unboost|p2a: Dragonite|spa|1
|-unboost|p2b: Ursaluna|spa|1
|move|p2a: Dragonite|Scale Shot|p1b: Indeedee
|-damage|p1b: Indeedee|86/100
|-damage|p1b: Indeedee|71/100
|-damage|p1b: Indeedee|56/100
|-damage|p1b: Indeedee|42/100
|-damage|p1b: Indeedee|28/100
|-hitcount|p1b: Indeedee|5
|-unboost|p2a: Dragonite|def|1
|-boost|p2a: Dragonite|spe|1
|move|p2b: Ursaluna|Earth Power|p1b: Indeedee
|-damage|p1b: Indeedee|0 fnt
|faint|p1b: Indeedee
|
|upkeep
|
|t:|1757150701
|switch|p1b: Exeggutor|Exeggutor, L50, F|100/100
|turn|2
|inactive|sturmkitten69 has 30 seconds left.
|inactive|sturmkitten69 has 20 seconds left.
|
|t:|1757150738
|move|p2b: Ursaluna|Vacuum Wave|p1a: Ursaluna
|-activate|p1a: Ursaluna|move: Psychic Terrain
|move|p2a: Dragonite|Scale Shot|p1b: Exeggutor
|-damage|p1b: Exeggutor|81/100
|-damage|p1b: Exeggutor|64/100
|-damage|p1b: Exeggutor|46/100
|-damage|p1b: Exeggutor|27/100
|-damage|p1b: Exeggutor|9/100
|-hitcount|p1b: Exeggutor|5
|-unboost|p2a: Dragonite|def|1
|-boost|p2a: Dragonite|spe|1
|move|p1a: Ursaluna|Snarl|p2b: Ursaluna|[spread] p2a,p2b
|-damage|p2a: Dragonite|65/100
|-damage|p2b: Ursaluna|68/100
|-unboost|p2a: Dragonite|spa|1
|-unboost|p2b: Ursaluna|spa|1
|move|p1b: Exeggutor|Trick Room|p1b: Exeggutor
|-fieldstart|move: Trick Room|[of] p1b: Exeggutor
|
|upkeep
|turn|3
|inactive|sturmkitten69 has 30 seconds left.
|inactive|sturmkitten69 has 20 seconds left.
|
|t:|1757150774
|switch|p2a: Porygon2|Porygon2, L50|100/100
|-ability|p2a: Porygon2|Download|boost
|-boost|p2a: Porygon2|spa|1
|move|p2b: Ursaluna|Hyper Voice|p1a: Ursaluna|[spread] p1a,p1b
|-damage|p1a: Ursaluna|61/100
|-damage|p1b: Exeggutor|0 fnt
|replace|p1a: Zoroark|Zoroark-Hisui, L50, M
|-end|p1a: Zoroark|Illusion
|faint|p1b: Exeggutor
|move|p1a: Zoroark|Snarl|p2a: Porygon2|[spread] p2a,p2b
|-damage|p2a: Porygon2|88/100
|-damage|p2b: Ursaluna|53/100
|-unboost|p2a: Porygon2|spa|1
|-unboost|p2b: Ursaluna|spa|1
|
|upkeep
|
|t:|1757150788
|switch|p1b: Ursaluna|Ursaluna, L50, F|100/100
|turn|4
|inactive|AntonioCartana has 30 seconds left.
|
|t:|1757150817
|switch|p2b: Incineroar|Incineroar, L50, M|100/100
|-ability|p2b: Incineroar|Intimidate|boost
|-unboost|p1a: Zoroark|atk|1
|-unboost|p1b: Ursaluna|atk|1
|-terastallize|p1b: Ursaluna|Ghost
|-terastallize|p2a: Porygon2|Fighting
|move|p1b: Ursaluna|Facade|p2b: Incineroar
|-damage|p2b: Incineroar|76/100
|move|p2a: Porygon2|Tera Blast|p1b: Ursaluna|[anim] Tera Blast Fighting
|-immune|p1b: Ursaluna
|move|p1a: Zoroark|Snarl|p2a: Porygon2|[spread] p2a,p2b
|-resisted|p2a: Porygon2
|-resisted|p2b: Incineroar
|-damage|p2a: Porygon2|82/100
|-damage|p2b: Incineroar|67/100
|-unboost|p2a: Porygon2|spa|1
|-unboost|p2b: Incineroar|spa|1
|
|-status|p1b: Ursaluna|brn|[from] item: Flame Orb
|upkeep
|turn|5
|inactive|sturmkitten69 has 30 seconds left.
|inactive|sturmkitten69 has 20 seconds left.
|
|t:|1757150856
|switch|p2b: Dragonite|Dragonite, L50, F|65/100
|move|p1b: Ursaluna|Earthquake|p2b: Dragonite|[spread] p1a,p2a
|-immune|p2b: Dragonite
|-damage|p1a: Zoroark|0 fnt
|-damage|p2a: Porygon2|55/100
|faint|p1a: Zoroark
|move|p2a: Porygon2|Ice Beam|p1b: Ursaluna
|-damage|p1b: Ursaluna|86/100 brn
|
|-damage|p1b: Ursaluna|80/100 brn|[from] brn
|-fieldend|move: Psychic Terrain
|upkeep
|turn|6
|
|t:|1757150877
|move|p2b: Dragonite|Protect|p2b: Dragonite
|-singleturn|p2b: Dragonite|Protect
|move|p1b: Ursaluna|Facade|p2a: Porygon2
|-damage|p2a: Porygon2|9/100
|move|p2a: Porygon2|Recover|p2a: Porygon2
|-heal|p2a: Porygon2|60/100
|
|-damage|p1b: Ursaluna|74/100 brn|[from] brn
|-fieldend|move: Trick Room
|upkeep
|turn|7
|-message|AntonioCartana forfeited.
|
|win|sturmkitten69
|raw|AntonioCartana's rating: 1053 → 1035(-18 for losing)
|raw|sturmkitten69's rating: 1044 → 1078(+34 for winning)
