|j|☆marcosdeltasena31
|j|☆dinglustan
|html|marcosdeltasena31dinglustan    
|uhtml|bestof|Game 2 of a best-of-3
|t:|1757201604
|gametype|doubles
|player|p1|marcosdeltasena31|hilbert|1324
|player|p2|dinglustan|265|1311
|gen|9
|tier|[Gen 9] VGC 2025 Reg H (Bo3)
|rated|
|rule|Species Clause: Limit one of each Pokémon
|rule|Item Clause: Limit 1 of each item
|clearpoke
|poke|p1|Dragonite, L50, F|
|poke|p1|Sneasler, L50, F|
|poke|p1|Volcarona, L50, F|
|poke|p1|Rillaboom, L50, M|
|poke|p1|Kingambit, L50, F|
|poke|p1|Electabuzz, L50, F|
|poke|p2|Whimsicott, L50, F|
|poke|p2|Basculegion, L50, M|
|poke|p2|Arcanine-Hisui, L50, F|
|poke|p2|Hydreigon, L50, M|
|poke|p2|Farigiraf, L50, F|
|poke|p2|Pawmot, L50, M|
|teampreview|4
|showteam|p1|Dragonite||LoadedDice|Multiscale|ScaleShot,ExtremeSpeed,Haze,Protect|||F|||50|,,,,,Fairy]Sneasler||FocusSash|PoisonTouch|DireClaw,CloseCombat,FakeOut,Coaching|||F|||50|,,,,,Ghost]Volcarona||CovertCloak|FlameBody|HeatWave,TeraBlast,QuiverDance,Protect|||F|||50|,,,,,Fairy]Rillaboom||AssaultVest|GrassySurge|WoodHammer,FakeOut,GrassyGlide,HighHorsepower|||M|||50|,,,,,Fire]Kingambit||BlackGlasses|Defiant|KowtowCleave,SwordsDance,SuckerPunch,Protect|||F|||50|,,,,,Dark]Electabuzz||Eviolite|VitalSpirit|Thunderbolt,FollowMe,Taunt,Protect|||F|||50|,,,,,Ghost
|showteam|p2|Whimsicott||CovertCloak|Prankster|Tailwind,Moonblast,GigaDrain,Encore|||F|||50|,,,,,Water]Basculegion||ChoiceBand|Adaptability|AquaJet,LastRespects,WaveCrash,TeraBlast|||M|||50|,,,,,Fairy]Arcanine-Hisui||AssaultVest|Intimidate|ExtremeSpeed,FlareBlitz,RockSlide,TeraBlast|||F|||50|,,,,,Grass]Hydreigon||LifeOrb|Levitate|Protect,DracoMeteor,DarkPulse,HeatWave|||M|||50|,,,,,Fire]Farigiraf||ThroatSpray|ArmorTail|Protect,TrickRoom,HyperVoice,TwinBeam|||F|||50|,,,,,Grass]Pawmot||FocusSash|VoltAbsorb|FakeOut,DoubleShock,CloseCombat,RevivalBlessing|||M|||50|,,,,,Electric
|inactive|Battle timer is ON: inactive players will automatically lose when time's up. (requested by dinglustan)
|
|t:|1757201629
|teamsize|p1|4
|teamsize|p2|4
|start
|switch|p1a: Volcarona|Volcarona, L50, F|100/100
|switch|p1b: Electabuzz|Electabuzz, L50, F|100/100
|switch|p2a: Whimsicott|Whimsicott, L50, F|100/100
|switch|p2b: Hydreigon|Hydreigon, L50, M|100/100
|turn|1
|
|t:|1757201640
|move|p1b: Electabuzz|Follow Me|p1b: Electabuzz
|-singleturn|p1b: Electabuzz|move: Follow Me
|move|p2a: Whimsicott|Tailwind|p2a: Whimsicott
|-sidestart|p2: dinglustan|move: Tailwind
|move|p2b: Hydreigon|Draco Meteor|p1b: Electabuzz
|-damage|p1b: Electabuzz|30/100
|-unboost|p2b: Hydreigon|spa|2
|-damage|p2b: Hydreigon|91/100|[from] item: Life Orb
|move|p1a: Volcarona|Quiver Dance|p1a: Volcarona
|-boost|p1a: Volcarona|spa|1
|-boost|p1a: Volcarona|spd|1
|-boost|p1a: Volcarona|spe|1
|
|upkeep
|turn|2
|
|t:|1757201652
|move|p1b: Electabuzz|Follow Me|p1b: Electabuzz
|-singleturn|p1b: Electabuzz|move: Follow Me
|move|p2b: Hydreigon|Draco Meteor|p1b: Electabuzz
|-damage|p1b: Electabuzz|0 fnt
|-unboost|p2b: Hydreigon|spa|2
|faint|p1b: Electabuzz
|-damage|p2b: Hydreigon|82/100|[from] item: Life Orb
|move|p2a: Whimsicott|Moonblast|p1a: Volcarona
|-resisted|p1a: Volcarona
|-damage|p1a: Volcarona|92/100
|move|p1a: Volcarona|Heat Wave|p2b: Hydreigon|[spread] p2a,p2b
|-supereffective|p2a: Whimsicott
|-resisted|p2b: Hydreigon
|-damage|p2a: Whimsicott|0 fnt
|-damage|p2b: Hydreigon|51/100
|faint|p2a: Whimsicott
|
|upkeep
|
|t:|1757201668
|switch|p2a: Basculegion|Basculegion, L50, M|100/100
|switch|p1b: Kingambit|Kingambit, L50, F|100/100
|turn|3
|
|t:|1757201679
|switch|p2b: Pawmot|Pawmot, L50, M|100/100
|-terastallize|p2a: Basculegion|Fairy
|move|p1a: Volcarona|Protect|p1a: Volcarona
|-singleturn|p1a: Volcarona|Protect
|move|p1b: Kingambit|Protect|p1b: Kingambit
|-singleturn|p1b: Kingambit|Protect
|move|p2a: Basculegion|Tera Blast|p1b: Kingambit|[anim] Tera Blast Fairy
|-activate|p1b: Kingambit|move: Protect
|
|upkeep
|turn|4
|
|t:|1757201699
|move|p1b: Kingambit|Sucker Punch|p2b: Pawmot
|-resisted|p2b: Pawmot
|-damage|p2b: Pawmot|61/100
|move|p2b: Pawmot|Double Shock|p1a: Volcarona
|-damage|p1a: Volcarona|13/100
|-start|p2b: Pawmot|typechange|???/Fighting|[from] move: Double Shock
|move|p2a: Basculegion|Tera Blast|p1b: Kingambit|[anim] Tera Blast Fairy
|-damage|p1b: Kingambit|47/100
|move|p1a: Volcarona|Heat Wave|p2a: Basculegion|[spread] p2a,p2b
|-damage|p2a: Basculegion|41/100
|-damage|p2b: Pawmot|0 fnt
|faint|p2b: Pawmot
|
|-sideend|p2: dinglustan|move: Tailwind
|upkeep
|
|t:|1757201706
|switch|p2b: Hydreigon|Hydreigon, L50, M|51/100
|turn|5
|
|t:|1757201722
|move|p1a: Volcarona|Protect|p1a: Volcarona
|-singleturn|p1a: Volcarona|Protect
|move|p1b: Kingambit|Sucker Punch|p2a: Basculegion
|-resisted|p2a: Basculegion
|-damage|p2a: Basculegion|18/100
|move|p2b: Hydreigon|Heat Wave|p1b: Kingambit|[spread] p1b
|-activate|p1a: Volcarona|move: Protect
|-supereffective|p1b: Kingambit
|-damage|p1b: Kingambit|0 fnt
|faint|p1b: Kingambit
|-damage|p2b: Hydreigon|41/100|[from] item: Life Orb
|move|p2a: Basculegion|Tera Blast|p1a: Volcarona|[anim] Tera Blast Fairy
|-activate|p1a: Volcarona|move: Protect
|
|upkeep
|
|t:|1757201732
|switch|p1b: Sneasler|Sneasler, L50, F|100/100
|turn|6
|
|t:|1757201742
|-terastallize|p1a: Volcarona|Fairy
|move|p1b: Sneasler|Fake Out|p2a: Basculegion
|-damage|p2a: Basculegion|3/100
|-status|p2a: Basculegion|psn|[from] ability: Poison Touch|[of] p1b: Sneasler
|move|p1a: Volcarona|Tera Blast|p2b: Hydreigon|[anim] Tera Blast Fairy
|-supereffective|p2b: Hydreigon
|-damage|p2b: Hydreigon|0 fnt
|faint|p2b: Hydreigon
|cant|p2a: Basculegion|flinch
|
|-damage|p2a: Basculegion|0 fnt|[from] psn
|faint|p2a: Basculegion
|
|win|marcosdeltasena31
||dinglustan is ready for game 3.
