|j|☆cowboy octopus
|j|☆steelag0
|html|cowboy octopussteelag0    
|uhtml|bestof|Game 2 of a best-of-3
|t:|1782425107
|gametype|doubles
|player|p1|cowboy octopus|bellelba|1125
|player|p2|steelag0|169|1037
|gen|9
|tier|[Gen 9 Champions] VGC 2026 Reg M-B (Bo3)
|rated|
|rule|Species Clause: Limit one of each Pokémon
|rule|Item Clause: Limit 1 of each item
|clearpoke
|poke|p1|Meganium, L50, F|
|poke|p1|Tyranitar, L50, F|
|poke|p1|Excadrill, L50, M|
|poke|p1|Rotom-Wash, L50|
|poke|p1|Aerodactyl, L50, F|
|poke|p1|Volcarona, L50, F|
|poke|p2|Blaziken, L50, M|
|poke|p2|Hydreigon, L50, M|
|poke|p2|Basculegion, L50, M|
|poke|p2|Whimsicott, L50, M|
|poke|p2|Farigiraf, L50, M|
|poke|p2|Metagross, L50|
|teampreview|4
|showteam|p1|Meganium||Meganiumite|Overgrow|Protect,SolarBeam,WeatherBall,GigaDrain|Modest||F|||50|]Tyranitar||Tyranitarite|SandStream|RockSlide,KnockOff,DragonDance,Protect|Adamant||F|||50|]Excadrill||LifeOrb|SandRush|IronHead,Earthquake,RockSlide,Protect|Adamant||M|||50|]Rotom-Wash||Leftovers|Levitate|WillOWisp,HydroPump,VoltSwitch,Protect|Calm|||||50|]Aerodactyl||FocusSash|RockHead|DualWingbeat,RockSlide,StoneEdge,Protect|Jolly||F|||50|]Volcarona||SitrusBerry|FlameBody|HeatWave,RagePowder,BugBuzz,Protect|Calm||F|||50|
|showteam|p2|Blaziken||Blazikenite|SpeedBoost|FlareBlitz,CloseCombat,RockSlide,Detect|Adamant||M|||50|]Hydreigon||ChoiceScarf|Levitate|DracoMeteor,DarkPulse,EarthPower,Snarl|Modest||M|||50|]Basculegion||LifeOrb|Adaptability|WaveCrash,LastRespects,AquaJet,Protect|Adamant||M|||50|]Whimsicott||FocusSash|Prankster|Moonblast,EnergyBall,Tailwind,Protect|Timid||M|||50|]Farigiraf||SitrusBerry|ArmorTail|Psychic,Thunderbolt,Roar,TrickRoom|Bold||M|||50|]Metagross||Metagrossite|ClearBody|PsychicFangs,IronHead,StompingTantrum,Protect|Jolly|||||50|
|inactive|Battle timer is ON: inactive players will automatically lose when time's up. (requested by cowboy octopus)
|inactive|cowboy octopus has 60 seconds left.
|
|t:|1782425143
|teamsize|p1|4
|teamsize|p2|4
|start
|switch|p1a: Tyranitar|Tyranitar, L50, F|100/100
|switch|p1b: Rotom|Rotom-Wash, L50|100/100
|switch|p2a: Blaziken|Blaziken, L50, M|100/100
|switch|p2b: Whimsicott|Whimsicott, L50, M|100/100
|-weather|Sandstorm|[from] ability: Sand Stream|[of] p1a: Tyranitar
|turn|1
|
|t:|1782425157
|detailschange|p2a: Blaziken|Blaziken-Mega, L50, M
|-mega|p2a: Blaziken|Blaziken|Blazikenite
|detailschange|p1a: Tyranitar|Tyranitar-Mega, L50, F
|-mega|p1a: Tyranitar|Tyranitar|Tyranitarite
|move|p2a: Blaziken|Detect|p2a: Blaziken
|-singleturn|p2a: Blaziken|Protect
|move|p1a: Tyranitar|Protect|p1a: Tyranitar
|-singleturn|p1a: Tyranitar|Protect
|move|p2b: Whimsicott|Energy Ball|p1b: Rotom
|-supereffective|p1b: Rotom|1
|-damage|p1b: Rotom|50/100g
|move|p1b: Rotom|Volt Switch|p2b: Whimsicott
|-resisted|p2b: Whimsicott|1
|-damage|p2b: Whimsicott|80/100
|
|t:|1782425168
|switch|p1b: Volcarona|Volcarona, L50, F|100/100|[from] Volt Switch
|
|-weather|Sandstorm|[upkeep]
|-damage|p2b: Whimsicott|74/100|[from] Sandstorm
|-damage|p2a: Blaziken|94/100|[from] Sandstorm
|-damage|p1b: Volcarona|94/100|[from] Sandstorm
|-ability|p2a: Blaziken|Speed Boost|boost
|-boost|p2a: Blaziken|spe|1
|upkeep
|turn|2
|
|t:|1782425182
|move|p1b: Volcarona|Protect|p1b: Volcarona
|-singleturn|p1b: Volcarona|Protect
|move|p2a: Blaziken|Rock Slide|p1b: Volcarona|[spread] p1a
|-activate|p1b: Volcarona|move: Protect
|-damage|p1a: Tyranitar|84/100
|move|p2b: Whimsicott|Moonblast|p1a: Tyranitar
|-supereffective|p1a: Tyranitar|1
|-damage|p1a: Tyranitar|45/100
|cant|p1a: Tyranitar|flinch
|
|-weather|Sandstorm|[upkeep]
|-damage|p2a: Blaziken|88/100|[from] Sandstorm
|-damage|p2b: Whimsicott|68/100|[from] Sandstorm
|-damage|p1b: Volcarona|88/100|[from] Sandstorm
|-ability|p2a: Blaziken|Speed Boost|boost
|-boost|p2a: Blaziken|spe|1
|upkeep
|turn|3
|
|t:|1782425206
|move|p2b: Whimsicott|Tailwind|p2b: Whimsicott
|-sidestart|p2: steelag0|move: Tailwind
|move|p2a: Blaziken|Rock Slide|p1b: Volcarona|[spread] p1a,p1b
|-supereffective|p1b: Volcarona|2
|-damage|p1a: Tyranitar|27/100
|-damage|p1b: Volcarona|0 fnt
|faint|p1b: Volcarona
|move|p1a: Tyranitar|Rock Slide|p2b: Whimsicott|[spread] p2a,p2b
|-damage|p2a: Blaziken|33/100
|-damage|p2b: Whimsicott|15/100
|
|-weather|Sandstorm|[upkeep]
|-damage|p2a: Blaziken|27/100|[from] Sandstorm
|-damage|p2b: Whimsicott|9/100|[from] Sandstorm
|-ability|p2a: Blaziken|Speed Boost|boost
|-boost|p2a: Blaziken|spe|1
|upkeep
|
|t:|1782425220
|switch|p1b: Rotom|Rotom-Wash, L50|50/100g
|turn|4
|
|t:|1782425237
|move|p2a: Blaziken|Detect|p2a: Blaziken
|-singleturn|p2a: Blaziken|Protect
|move|p1a: Tyranitar|Protect|p1a: Tyranitar
|-singleturn|p1a: Tyranitar|Protect
|move|p2b: Whimsicott|Energy Ball|p1b: Rotom
|-supereffective|p1b: Rotom|1
|-damage|p1b: Rotom|0 fnt
|faint|p1b: Rotom
|
|-weather|Sandstorm|[upkeep]
|-damage|p2a: Blaziken|21/100|[from] Sandstorm
|-damage|p2b: Whimsicott|3/100|[from] Sandstorm
|-ability|p2a: Blaziken|Speed Boost|boost
|-boost|p2a: Blaziken|spe|1
|upkeep
|
|t:|1782425243
|switch|p1b: Excadrill|Excadrill, L50, M|100/100
|turn|5
|
|t:|1782425265
|move|p2a: Blaziken|Flare Blitz|p1b: Excadrill
|-supereffective|p1b: Excadrill|1
|-damage|p1b: Excadrill|0 fnt
|faint|p1b: Excadrill
|-damage|p2a: Blaziken|0 fnt|[from] Recoil
|faint|p2a: Blaziken
|move|p2b: Whimsicott|Moonblast|p1a: Tyranitar
|-supereffective|p1a: Tyranitar|1
|-damage|p1a: Tyranitar|0 fnt
|faint|p1a: Tyranitar
|
|win|steelag0
|raw|cowboy octopus's rating: 1125 → 1094(-31 for losing)
|raw|steelag0's rating: 1037 → 1080(+43 for winning)
|l|☆cowboy octopus
|player|p1|
