|j|☆bcam1
|j|☆hutchencemanr
|html|bcam1hutchencemanr    
|uhtml|bestof|Game 2 of a best-of-3
|t:|1783358808
|gametype|doubles
|player|p1|bcam1|266|1099
|player|p2|hutchencemanr|265|1000
|gen|9
|tier|[Gen 9 Champions] VGC 2026 Reg M-B (Bo3)
|rated|
|rule|Species Clause: Limit one of each Pokémon
|rule|Item Clause: Limit 1 of each item
|clearpoke
|poke|p1|Staraptor, L50, F|
|poke|p1|Grimmsnarl, L50, M|
|poke|p1|Whimsicott, L50, F|
|poke|p1|Incineroar, L50, M|
|poke|p1|Pelipper, L50, M|
|poke|p1|Archaludon, L50, M|
|poke|p2|Scrafty, L50, M, shiny|
|poke|p2|Gholdengo, L50|
|poke|p2|Toxapex, L50, M|
|poke|p2|Charizard, L50, M, shiny|
|poke|p2|Venusaur, L50, M|
|poke|p2|Garchomp, L50, F, shiny|
|teampreview|4
|showteam|p1|Staraptor||Staraptite|Intimidate|Protect,CloseCombat,DualWingbeat,Roost|Adamant||F|||50|]Grimmsnarl||LightClay|Prankster|FakeOut,PartingShot,SpiritBreak,Reflect|Careful||M|||50|]Whimsicott||FocusSash|Prankster|Charm,Tailwind,Moonblast,Taunt|Bold||F|||50|]Incineroar||SitrusBerry|Intimidate|FakeOut,PartingShot,WillOWisp,FlareBlitz|Careful||M|||50|]Pelipper||MentalHerb|Drizzle|Protect,Tailwind,WideGuard,Hurricane|Bold||M|||50|]Archaludon||ChoiceScarf|Stalwart|ElectroShot,FlashCannon,DracoMeteor,Snarl|Timid||M|||50|
|showteam|p2|Scrafty||Scraftinite|Intimidate|FakeOut,Detect,DrainPunch,KnockOff|Careful||M|||50|]Gholdengo||MetalCoat|GoodasGold|Protect,ShadowBall,NastyPlot,MakeItRain|Modest|||||50|]Toxapex||Leftovers|Regenerator|WideGuard,Infestation,Toxic,BanefulBunker|Sassy||M|||50|]Charizard||CharizarditeY|Blaze|HeatWave,AncientPower,Protect,SolarBeam|Modest||M|||50|]Venusaur||WideLens|Chlorophyll|Protect,SleepPowder,GigaDrain,HelpingHand|Timid||M|||50|]Garchomp||SitrusBerry|RoughSkin|SwordsDance,Protect,DragonClaw,Earthquake|Adamant||F|||50|
|inactive|Battle timer is ON: inactive players will automatically lose when time's up. (requested by bcam1)
|
|t:|1783358824
|teamsize|p1|4
|teamsize|p2|4
|start
|switch|p1a: Pelipper|Pelipper, L50, M|100/100
|switch|p1b: Archaludon|Archaludon, L50, M|100/100
|switch|p2a: Gholdengo|Gholdengo, L50|100/100
|switch|p2b: Scrafty|Scrafty, L50, M, shiny|100/100
|-weather|RainDance|[from] ability: Drizzle|[of] p1a: Pelipper
|-ability|p2b: Scrafty|Intimidate|boost
|-unboost|p1a: Pelipper|atk|1
|-unboost|p1b: Archaludon|atk|1
|turn|1
|
|t:|1783358843
|switch|p2a: Garchomp|Garchomp, L50, F, shiny|100/100
|move|p2b: Scrafty|Fake Out|p1a: Pelipper
|-damage|p1a: Pelipper|92/100
|move|p1b: Archaludon|Electro Shot||[still]
|-prepare|p1b: Archaludon|Electro Shot
|-boost|p1b: Archaludon|spa|1
|-anim|p1b: Archaludon|Electro Shot|p2a: Garchomp
|-immune|p2a: Garchomp
|cant|p1a: Pelipper|flinch
|
|-weather|RainDance|[upkeep]
|upkeep
|turn|2
|
|t:|1783358862
|move|p2b: Scrafty|Detect|p2b: Scrafty
|-singleturn|p2b: Scrafty|Protect
|move|p1b: Archaludon|Electro Shot||[still]
|-prepare|p1b: Archaludon|Electro Shot
|-boost|p1b: Archaludon|spa|1
|-anim|p1b: Archaludon|Electro Shot|p2b: Scrafty
|-activate|p2b: Scrafty|move: Protect
|move|p2a: Garchomp|Swords Dance|p2a: Garchomp
|-boost|p2a: Garchomp|atk|2
|move|p1a: Pelipper|Hurricane|p2a: Garchomp
|-damage|p2a: Garchomp|65/100
|-start|p2a: Garchomp|confusion
|
|-weather|RainDance|[upkeep]
|upkeep
|turn|3
|
|t:|1783358885
|switch|p1a: Staraptor|Staraptor, L50, F|100/100
|-ability|p1a: Staraptor|Intimidate|boost
|-unboost|p2a: Garchomp|atk|1
|-unboost|p2b: Scrafty|atk|1
|switch|p2b: Toxapex|Toxapex, L50, M|100/100
|move|p1b: Archaludon|Electro Shot||[still]
|-prepare|p1b: Archaludon|Electro Shot
|-boost|p1b: Archaludon|spa|1
|-anim|p1b: Archaludon|Electro Shot|p2b: Toxapex
|-supereffective|p2b: Toxapex|1
|-damage|p2b: Toxapex|0 fnt
|faint|p2b: Toxapex
|-activate|p2a: Garchomp|confusion
|move|p2a: Garchomp|Dragon Claw|p1a: Staraptor
|-damage|p1a: Staraptor|23/100
|
|-weather|RainDance|[upkeep]
|upkeep
|
|t:|1783358903
|switch|p2b: Scrafty|Scrafty, L50, M, shiny|100/100
|-ability|p2b: Scrafty|Intimidate|boost
|-unboost|p1a: Staraptor|atk|1
|-unboost|p1b: Archaludon|atk|1
|turn|4
|
|t:|1783358914
|switch|p1a: Whimsicott|Whimsicott, L50, F|100/100
|move|p2b: Scrafty|Detect|p2b: Scrafty
|-singleturn|p2b: Scrafty|Protect
|move|p1b: Archaludon|Electro Shot||[still]
|-prepare|p1b: Archaludon|Electro Shot
|-boost|p1b: Archaludon|spa|1
|-anim|p1b: Archaludon|Electro Shot|p2b: Scrafty
|-activate|p2b: Scrafty|move: Protect
|-end|p2a: Garchomp|confusion
|move|p2a: Garchomp|Earthquake|p1a: Whimsicott|[spread] p1a,p1b
|-activate|p2b: Scrafty|move: Protect
|-resisted|p1a: Whimsicott|1
|-supereffective|p1b: Archaludon|1
|-damage|p1a: Whimsicott|76/100
|-damage|p1b: Archaludon|1/100
|
|-weather|RainDance|[upkeep]
|upkeep
|turn|5
|inactive|hutchencemanr has 30 seconds left.
|
|t:|1783358940
|switch|p2a: Gholdengo|Gholdengo, L50|100/100
|detailschange|p2b: Scrafty|Scrafty-Mega, L50, M, shiny
|-mega|p2b: Scrafty|Scrafty|Scraftinite
|-ability|p2b: Scrafty|Intimidate|boost
|-unboost|p1a: Whimsicott|atk|1
|-unboost|p1b: Archaludon|atk|1
|move|p1b: Archaludon|Electro Shot||[still]
|-prepare|p1b: Archaludon|Electro Shot
|-boost|p1b: Archaludon|spa|1
|-anim|p1b: Archaludon|Electro Shot|p2b: Scrafty
|-damage|p2b: Scrafty|8/100
|move|p1a: Whimsicott|Moonblast|p2a: Gholdengo
|-resisted|p2a: Gholdengo|1
|-damage|p2a: Gholdengo|88/100
|move|p2b: Scrafty|Drain Punch|p1b: Archaludon
|-supereffective|p1b: Archaludon|1
|-damage|p1b: Archaludon|0 fnt
|-heal|p2b: Scrafty|9/100|[from] drain|[of] p1b: Archaludon
|faint|p1b: Archaludon
|
|-weather|none
|upkeep
|
|t:|1783358954
|switch|p1b: Staraptor|Staraptor, L50, F|23/100
|-ability|p1b: Staraptor|Intimidate|boost
|-unboost|p2a: Gholdengo|atk|1
|-unboost|p2b: Scrafty|atk|1
|turn|6
|
|t:|1783358967
|detailschange|p1b: Staraptor|Staraptor-Mega, L50, F
|-mega|p1b: Staraptor|Staraptor|Staraptite
|move|p2b: Scrafty|Detect|p2b: Scrafty
|-singleturn|p2b: Scrafty|Protect
|move|p1a: Whimsicott|Tailwind|p1a: Whimsicott
|-sidestart|p1: bcam1|move: Tailwind
|move|p1b: Staraptor|Close Combat|p2b: Scrafty
|-activate|p2b: Scrafty|move: Protect
|move|p2a: Gholdengo|Make It Rain|p1a: Whimsicott|[spread] p1a,p1b
|-supereffective|p1a: Whimsicott|1
|-damage|p1a: Whimsicott|0 fnt
|-damage|p1b: Staraptor|0 fnt
|-unboost|p2a: Gholdengo|spa|2
|faint|p1a: Whimsicott
|faint|p1b: Staraptor
|
|upkeep
|
|t:|1783358970
|switch|p1b: Pelipper|Pelipper, L50, M|92/100
|-weather|RainDance|[from] ability: Drizzle|[of] p1b: Pelipper
|turn|7
|c|☆hutchencemanr|Lol
|
|t:|1783358995
|switch|p2b: Garchomp|Garchomp, L50, F, shiny|65/100
|move|p1b: Pelipper|Hurricane|p2b: Garchomp
|-damage|p2b: Garchomp|30/100
|-start|p2b: Garchomp|confusion
|-enditem|p2b: Garchomp|Sitrus Berry|[eat]
|-heal|p2b: Garchomp|55/100|[from] item: Sitrus Berry
|move|p2a: Gholdengo|Nasty Plot|p2a: Gholdengo
|-boost|p2a: Gholdengo|spa|2
|
|-weather|RainDance|[upkeep]
|upkeep
|turn|8
|
|t:|1783359013
|switch|p2b: Scrafty|Scrafty-Mega, L50, M, shiny|9/100
|-ability|p2b: Scrafty|Intimidate|boost
|-unboost|p1b: Pelipper|atk|1
|move|p2a: Gholdengo|Protect|p2a: Gholdengo
|-singleturn|p2a: Gholdengo|Protect
|move|p1b: Pelipper|Hurricane|p2a: Gholdengo
|-activate|p2a: Gholdengo|move: Protect
|
|-weather|RainDance|[upkeep]
|upkeep
|turn|9
|
|t:|1783359028
|move|p1b: Pelipper|Protect|p1b: Pelipper
|-singleturn|p1b: Pelipper|Protect
|move|p2b: Scrafty|Fake Out|p1b: Pelipper
|-activate|p1b: Pelipper|move: Protect
|move|p2a: Gholdengo|Nasty Plot|p2a: Gholdengo
|-boost|p2a: Gholdengo|spa|2
|
|-weather|RainDance|[upkeep]
|-sideend|p1: bcam1|move: Tailwind
|upkeep
|turn|10
|
|t:|1783359040
|switch|p2b: Garchomp|Garchomp, L50, F, shiny|55/100
|move|p2a: Gholdengo|Protect|p2a: Gholdengo
|-singleturn|p2a: Gholdengo|Protect
|move|p1b: Pelipper|Wide Guard||[still]
|-fail|p1b: Pelipper
|
|-weather|RainDance|[upkeep]
|upkeep
|turn|11
|
|t:|1783359052
|move|p2b: Garchomp|Swords Dance|p2b: Garchomp
|-boost|p2b: Garchomp|atk|2
|move|p2a: Gholdengo|Shadow Ball|p1b: Pelipper
|-damage|p1b: Pelipper|0 fnt
|faint|p1b: Pelipper
|
|win|hutchencemanr
|raw|bcam1's rating: 1099 → 1067(-32 for losing)
|raw|hutchencemanr's rating: 1000 → 1051(+51 for winning)
|l|☆bcam1
|player|p1|
|c|☆hutchencemanr|Gg
