|j|☆OssiGT
|j|☆Il Mule
|html|OssiGTIl Mule    
|uhtml|bestof|Game 2 of a best-of-3
|t:|1784543309
|gametype|doubles
|player|p1|OssiGT|hilbert-wonderlauncher|1328
|player|p2|Il Mule|salvatore|1427
|gen|9
|tier|[Gen 9 Champions] VGC 2026 Reg M-B (Bo3)
|rated|
|rule|Species Clause: Limit one of each Pokémon
|rule|Item Clause: Limit 1 of each item
|clearpoke
|poke|p1|Raichu, L50, M|
|poke|p1|Mawile, L50, F|
|poke|p1|Sinistcha, L50|
|poke|p1|Ceruledge, L50, F|
|poke|p1|Milotic, L50, M|
|poke|p1|Incineroar, L50, M|
|poke|p2|Excadrill, L50, F|
|poke|p2|Tyranitar, L50, F|
|poke|p2|Sneasler, L50, F|
|poke|p2|Incineroar, L50, F|
|poke|p2|Froslass, L50, F|
|poke|p2|Sinistcha, L50|
|teampreview|4
|showteam|p1|Raichu||RaichuniteY|LightningRod|ZapCannon,FocusBlast,FakeOut,Protect|Timid||M|||50|]Mawile||Mawilite|HyperCutter|PlayRough,SuckerPunch,SwordsDance,Protect|Adamant||F|||50|]Sinistcha||KasibBerry|Hospitality|MatchaGotcha,LifeDew,RagePowder,Protect|Relaxed|||||50|]Ceruledge||ColburBerry|FlashFire|BitterBlade,ShadowSneak,BulkUp,Protect|Adamant||F|||50|]Milotic||Leftovers|Competitive|MuddyWater,Coil,Hypnosis,Protect|Calm||M|||50|]Incineroar||SitrusBerry|Intimidate|FlareBlitz,ThroatChop,FakeOut,PartingShot|Impish||M|||50|
|showteam|p2|Excadrill||FocusSash|SandRush|HighHorsepower,RockSlide,IronHead,Protect|Adamant||F|||50|]Tyranitar||Tyranitarite|SandStream|KnockOff,RockSlide,DragonDance,Protect|Adamant||F|||50|]Sneasler||WhiteHerb|Unburden|CloseCombat,DireClaw,Coaching,FakeOut|Jolly||F|||50|]Incineroar||SitrusBerry|Intimidate|FlareBlitz,HelpingHand,PartingShot,FakeOut|Impish||F|||50|]Froslass||Froslassite|CursedBody|Blizzard,ShadowBall,NastyPlot,Protect|Timid||F|||50|]Sinistcha||ColburBerry|Hospitality|ShadowBall,LeafStorm,RagePowder,Protect|Bold|||||50|
|j| lakaka siuuu
|j| luckydolphin
|
|t:|1784543337
|teamsize|p1|4
|teamsize|p2|4
|start
|switch|p1a: Incineroar|Incineroar, L50, M|100/100
|switch|p1b: Raichu|Raichu, L50, M|100/100
|switch|p2a: Sabotage|Sneasler, L50, F|100/100
|switch|p2b: Quando provo|Tyranitar, L50, F|100/100
|-weather|Sandstorm|[from] ability: Sand Stream|[of] p2b: Quando provo
|-ability|p1a: Incineroar|Intimidate|boost
|-unboost|p2a: Sabotage|atk|1
|-unboost|p2b: Quando provo|atk|1
|-enditem|p2a: Sabotage|White Herb
|-clearnegativeboost|p2a: Sabotage|[silent]
|turn|1
|
|t:|1784543373
|detailschange|p1b: Raichu|Raichu-Mega-Y, L50, M
|-mega|p1b: Raichu|Raichu|Raichunite Y
|move|p2a: Sabotage|Fake Out|p1b: Raichu
|-damage|p1b: Raichu|82/100
|cant|p1b: Raichu|flinch
|move|p2b: Quando provo|Dragon Dance|p2b: Quando provo
|-boost|p2b: Quando provo|atk|1
|-boost|p2b: Quando provo|spe|1
|move|p1a: Incineroar|Parting Shot|p2a: Sabotage
|-unboost|p2a: Sabotage|atk|1
|-unboost|p2a: Sabotage|spa|1
|
|t:|1784543395
|switch|p1a: Mawile|Mawile, L50, F|100/100|[from] Parting Shot
|
|-weather|Sandstorm|[upkeep]
|-damage|p2a: Sabotage|93/100|[from] Sandstorm
|-damage|p1b: Raichu|76/100|[from] Sandstorm
|upkeep
|turn|2
|c| lakaka siuuu|cosa
|
|t:|1784543416
|switch|p1b: Incineroar|Incineroar, L50, M|100/100
|-ability|p1b: Incineroar|Intimidate|boost
|-unboost|p2a: Sabotage|atk|1
|-unboost|p2b: Quando provo|atk|1
|move|p2b: Quando provo|Protect|p2b: Quando provo
|-singleturn|p2b: Quando provo|Protect
|move|p2a: Sabotage|Close Combat|p1b: Incineroar
|-supereffective|p1b: Incineroar|1
|-damage|p1b: Incineroar|60/100
|-unboost|p2a: Sabotage|def|1
|-unboost|p2a: Sabotage|spd|1
|move|p1a: Mawile|Swords Dance|p1a: Mawile
|-boost|p1a: Mawile|atk|2
|
|-weather|Sandstorm|[upkeep]
|-damage|p2a: Sabotage|87/100|[from] Sandstorm
|-damage|p1b: Incineroar|54/100|[from] Sandstorm
|upkeep
|turn|3
|j| goldaniga
|c|☆Il Mule|g3
|
|t:|1784543439
|detailschange|p2b: Quando provo|Tyranitar-Mega, L50, F
|-mega|p2b: Quando provo|Tyranitar|Tyranitarite
|move|p1b: Incineroar|Fake Out|p2b: Quando provo
|-resisted|p2b: Quando provo|1
|-damage|p2b: Quando provo|97/100
|move|p2a: Sabotage|Coaching|p2b: Quando provo
|-boost|p2b: Quando provo|atk|1
|-boost|p2b: Quando provo|def|1
|cant|p2b: Quando provo|flinch
|move|p1a: Mawile|Play Rough|p2b: Quando provo
|-supereffective|p2b: Quando provo|1
|-damage|p2b: Quando provo|43/100
|
|-weather|Sandstorm|[upkeep]
|-damage|p2a: Sabotage|81/100|[from] Sandstorm
|-damage|p1b: Incineroar|48/100|[from] Sandstorm
|-enditem|p1b: Incineroar|Sitrus Berry|[eat]
|-heal|p1b: Incineroar|73/100|[from] item: Sitrus Berry
|upkeep
|turn|4
|j| rovesciaporci
|c| lakaka siuuu|con tutto il rispetto
|l| goldaniga
|c| lakaka siuuu|non penso proprio
|c|☆Il Mule|sì era un funny
|c|☆Il Mule|per dire che è perduta
|
|t:|1784543483
|move|p2a: Sabotage|Coaching|p2b: Quando provo
|-boost|p2b: Quando provo|atk|1
|-boost|p2b: Quando provo|def|1
|move|p2b: Quando provo|Rock Slide|p1b: Incineroar|[spread] p1a,p1b
|-resisted|p1a: Mawile|1
|-supereffective|p1b: Incineroar|1
|-damage|p1a: Mawile|68/100
|-damage|p1b: Incineroar|0 fnt
|faint|p1b: Incineroar
|move|p1a: Mawile|Play Rough|p2a: Sabotage
|-damage|p2a: Sabotage|0 fnt
|faint|p2a: Sabotage
|
|-weather|Sandstorm|[upkeep]
|upkeep
|c|☆OssiGT|Non so raga, io mi sento decisamente in una posizione del cazzo
|
|t:|1784543504
|switch|p2a: Las brulè|Sinistcha, L50|100/100
|switch|p1b: Sinistcha|Sinistcha, L50|100/100
|-heal|p2b: Quando provo|68/100|[from] ability: Hospitality|[of] p2a: Las brulè
|-heal|p1a: Mawile|92/100|[from] ability: Hospitality|[of] p1b: Sinistcha
|turn|5
|
|t:|1784543526
|move|p2a: Las brulè|Rage Powder|p2a: Las brulè
|-singleturn|p2a: Las brulè|move: Rage Powder
|move|p2b: Quando provo|Dragon Dance|p2b: Quando provo
|-boost|p2b: Quando provo|atk|1
|-boost|p2b: Quando provo|spe|1
|move|p1b: Sinistcha|Matcha Gotcha|p2a: Las brulè|[spread] p2a,p2b
|-resisted|p2a: Las brulè|1
|-supereffective|p2b: Quando provo|1
|-damage|p2a: Las brulè|88/100
|-damage|p2b: Quando provo|43/100
|-status|p2b: Quando provo|brn
|move|p1a: Mawile|Play Rough|p2a: Las brulè
|-damage|p2a: Las brulè|30/100
|
|-weather|none
|-damage|p2b: Quando provo|37/100 brn|[from] brn
|upkeep
|turn|6
|
|t:|1784543559
|switch|p2a: Sidy|Incineroar, L50, F|100/100
|-ability|p2a: Sidy|Intimidate|boost
|-fail|p1a: Mawile|unboost|Attack|[from] ability: Hyper Cutter|[of] p1a: Mawile
|-unboost|p1b: Sinistcha|atk|1
|move|p1b: Sinistcha|Protect|p1b: Sinistcha
|-singleturn|p1b: Sinistcha|Protect
|move|p2b: Quando provo|Knock Off|p1b: Sinistcha
|-activate|p1b: Sinistcha|move: Protect
|move|p1a: Mawile|Play Rough|p2b: Quando provo
|-supereffective|p2b: Quando provo|1
|-damage|p2b: Quando provo|0 fnt
|faint|p2b: Quando provo
|
|upkeep
|-message|Il Mule forfeited.
|
|win|OssiGT
|raw|OssiGT's rating: 1328 → 1354(+26 for winning)
|raw|Il Mule's rating: 1427 → 1401(-26 for losing)
|l|☆Il Mule
|player|p2|
