|j|☆FinalIHave
|j|☆Tsuki Beri
|html|FinalIHaveTsuki Beri    
|uhtml|bestof|Game 1 of a best-of-3
|t:|1786086649
|gametype|doubles
|player|p1|FinalIHave|blackbelt-gen4dp|1143
|player|p2|Tsuki Beri|169|1000
|gen|9
|tier|[Gen 9 Champions] VGC 2026 Reg M-B (Bo3)
|rated|
|rule|Species Clause: Limit one of each Pokémon
|rule|Item Clause: Limit 1 of each item
|clearpoke
|poke|p1|Krookodile, L50, M|
|poke|p1|Raichu, L50, F|
|poke|p1|Ninetales-Alola, L50, F|
|poke|p1|Starmie, L50|
|poke|p1|Rotom-Mow, L50|
|poke|p1|Talonflame, L50, M|
|poke|p2|Delphox, L50, F|
|poke|p2|Sneasler, L50, F|
|poke|p2|Garchomp, L50, M|
|poke|p2|Kingambit, L50, M|
|poke|p2|Clefable, L50, M|
|poke|p2|Primarina, L50, F|
|teampreview|4
|showteam|p1|Krookodile||Leftovers|Intimidate|HighHorsepower,KnockOff,GunkShot,Protect|Adamant||M|||50|]Raichu||RaichuniteX|LightningRod|VoltTackle,DrainPunch,FakeOut,Protect|Jolly||F|||50|]Ninetales-Alola||LightClay|SnowWarning|Blizzard,AuroraVeil,Imprison,Protect|Timid||F|||50|]Starmie||MysticWater|Analytic|HydroPump,Blizzard,TrickRoom,Protect|Timid|||||50|]Rotom-Mow||WhiteHerb|Levitate|RisingVoltage,LeafStorm,WillOWisp,Protect|Timid|||||50|]Talonflame||SitrusBerry|GaleWings|FlareBlitz,BraveBird,Tailwind,Protect|Jolly||M|||50|
|showteam|p2|Delphox||Delphoxite|Blaze|Protect,HeatWave,Psychic,NastyPlot|Timid||F|||50|]Sneasler||WhiteHerb|Unburden|CloseCombat,FakeOut,DireClaw,Protect|Jolly||F|||50|]Garchomp||ChoiceScarf|RoughSkin|Earthquake,Outrage,RockSlide,StompingTantrum|Jolly||M|||50|]Kingambit||BlackGlasses|Defiant|SuckerPunch,KowtowCleave,Protect,SwordsDance|Brave||M|||50|]Clefable||SitrusBerry|Unaware|Protect,FollowMe,Moonblast,HelpingHand|Bold||M|||50|]Primarina||WiseGlasses|LiquidVoice|Protect,HyperVoice,Moonblast,CalmMind|Modest||F|||50|
|inactive|Battle timer is ON: inactive players will automatically lose when time's up. (requested by FinalIHave)
|inactive|FinalIHave has 60 seconds left.
|
|t:|1786086719
|teamsize|p1|4
|teamsize|p2|4
|start
|switch|p1a: Raichu|Raichu, L50, F|100/100
|switch|p1b: Ninetales|Ninetales-Alola, L50, F|100/100
|switch|p2a: Delphox|Delphox, L50, F|100/100
|switch|p2b: Sneasler|Sneasler, L50, F|100/100
|-weather|Snowscape|[from] ability: Snow Warning|[of] p1b: Ninetales
|turn|1
|inactive|FinalIHave has 30 seconds left.
|inactive|Tsuki Beri has 30 seconds left.
|inactive|FinalIHave has 20 seconds left.
|inactive|FinalIHave has 15 seconds left.
|inactive|FinalIHave has 10 seconds left.
|
|t:|1786086766
|detailschange|p2a: Delphox|Delphox-Mega, L50, F
|-mega|p2a: Delphox|Delphox|Delphoxite
|move|p1a: Raichu|Protect|p1a: Raichu
|-singleturn|p1a: Raichu|Protect
|move|p1b: Ninetales|Protect|p1b: Ninetales
|-singleturn|p1b: Ninetales|Protect
|move|p2b: Sneasler|Fake Out|p1a: Raichu
|-activate|p1a: Raichu|move: Protect
|move|p2a: Delphox|Heat Wave|p1a: Raichu|[spread] 
|-activate|p1a: Raichu|move: Protect
|-activate|p1b: Ninetales|move: Protect
|
|-weather|Snowscape|[upkeep]
|upkeep
|turn|2
|inactive|Tsuki Beri has 30 seconds left.
|inactive|Tsuki Beri has 20 seconds left.
|
|t:|1786086801
|detailschange|p1a: Raichu|Raichu-Mega-X, L50, F
|-mega|p1a: Raichu|Raichu|Raichunite X
|-fieldstart|move: Electric Terrain|[from] ability: Electric Surge|[of] p1a: Raichu
|move|p2a: Delphox|Heat Wave|p1b: Ninetales|[spread] p1a,p1b
|-supereffective|p1b: Ninetales|1
|-damage|p1a: Raichu|37/100
|-damage|p1b: Ninetales|0 fnt
|faint|p1b: Ninetales
|move|p2b: Sneasler|Close Combat|p1a: Raichu
|-damage|p1a: Raichu|0 fnt
|-unboost|p2b: Sneasler|def|1
|-unboost|p2b: Sneasler|spd|1
|faint|p1a: Raichu
|-enditem|p2b: Sneasler|White Herb
|-clearnegativeboost|p2b: Sneasler|[silent]
|
|-weather|Snowscape|[upkeep]
|upkeep
|
|t:|1786086811
|switch|p1a: Starmie|Starmie, L50|100/100
|switch|p1b: Rotom|Rotom-Mow, L50|100/100
|turn|3
|inactive|Tsuki Beri has 30 seconds left.
|inactive|Tsuki Beri has 20 seconds left.
|inactive|Tsuki Beri has 15 seconds left.
|inactive|Tsuki Beri has 10 seconds left.
|inactive|Tsuki Beri has 5 seconds left.
|
|t:|1786086864
|switch|p2a: Garchomp|Garchomp, L50, M|100/100
|move|p1b: Rotom|Protect|p1b: Rotom
|-singleturn|p1b: Rotom|Protect
|move|p2b: Sneasler|Dire Claw|p1b: Rotom
|-activate|p1b: Rotom|move: Protect
|move|p1a: Starmie|Hydro Pump|p2a: Garchomp
|-damage|p2a: Garchomp|22/100
|
|-weather|Snowscape|[upkeep]
|upkeep
|turn|4
|inactive|Tsuki Beri has 30 seconds left.
|
|t:|1786086895
|move|p1a: Starmie|Protect|p1a: Starmie
|-singleturn|p1a: Starmie|Protect
|move|p2b: Sneasler|Close Combat|p1a: Starmie
|-activate|p1a: Starmie|move: Protect
|move|p2a: Garchomp|Earthquake|p1a: Starmie|[spread] p2b
|-activate|p1a: Starmie|move: Protect
|-immune|p1b: Rotom|[from] ability: Levitate
|-supereffective|p2b: Sneasler|1
|-damage|p2b: Sneasler|0 fnt
|faint|p2b: Sneasler
|move|p1b: Rotom|Leaf Storm|p2a: Garchomp
|-damage|p2a: Garchomp|0 fnt
|-unboost|p1b: Rotom|spa|2
|faint|p2a: Garchomp
|-enditem|p1b: Rotom|White Herb
|-clearnegativeboost|p1b: Rotom|[silent]
|
|-weather|Snowscape|[upkeep]
|upkeep
|
|t:|1786086919
|switch|p2b: Kingambit|Kingambit, L50, M|100/100
|switch|p2a: Delphox|Delphox-Mega, L50, F|100/100
|turn|5
|
|t:|1786086935
|move|p2b: Kingambit|Sucker Punch||[still]
|-fail|p2b: Kingambit
|move|p2a: Delphox|Psychic|p1a: Starmie
|-resisted|p1a: Starmie|1
|-damage|p1a: Starmie|58/100
|move|p1b: Rotom|Will-O-Wisp|p2b: Kingambit|[miss]
|-miss|p1b: Rotom|p2b: Kingambit
|move|p1a: Starmie|Trick Room|p1a: Starmie
|-fieldstart|move: Trick Room|[of] p1a: Starmie
|
|-weather|none
|upkeep
|turn|6
|inactive|FinalIHave has 30 seconds left.
|inactive|Tsuki Beri has 30 seconds left.
|inactive|FinalIHave has 20 seconds left.
|inactive|FinalIHave has 15 seconds left.
|inactive|FinalIHave has 10 seconds left.
|inactive|FinalIHave has 5 seconds left.
|
|t:|1786086989
|move|p2b: Kingambit|Sucker Punch|p1a: Starmie
|-supereffective|p1a: Starmie|1
|-damage|p1a: Starmie|0 fnt
|faint|p1a: Starmie
|move|p1b: Rotom|Will-O-Wisp|p2b: Kingambit
|-status|p2b: Kingambit|brn
|move|p2a: Delphox|Psychic|p1b: Rotom
|-damage|p1b: Rotom|24/100
|
|-damage|p2b: Kingambit|94/100 brn|[from] brn
|-fieldend|move: Electric Terrain
|upkeep
|turn|7
|
|t:|1786087013
|move|p2b: Kingambit|Kowtow Cleave|p1b: Rotom
|-damage|p1b: Rotom|0 fnt
|faint|p1b: Rotom
|
|win|Tsuki Beri
|l|☆FinalIHave
|player|p1|
||FinalIHave is ready for game 2.
|inactive|Tsuki Beri has 30 seconds to confirm battle start!
|inactive|Tsuki Beri has 20 seconds to confirm battle start!
|inactive|Tsuki Beri has 10 seconds to confirm battle start!
