|j|☆xdi8723
|j|☆Dude12350
|html|xdi8723Dude12350    
|uhtml|bestof|Game 2 of a best-of-3
|t:|1785883025
|gametype|doubles
|player|p1|xdi8723|265|1091
|player|p2|Dude12350|102|1000
|gen|9
|tier|[Gen 9 Champions] VGC 2026 Reg M-B (Bo3)
|rated|
|rule|Species Clause: Limit one of each Pokémon
|rule|Item Clause: Limit 1 of each item
|clearpoke
|poke|p1|Archaludon, L50, F|
|poke|p1|Pelipper, L50, F|
|poke|p1|Grimmsnarl, L50, M|
|poke|p1|Sinistcha, L50|
|poke|p1|Swampert, L50, F|
|poke|p1|Lycanroc-Dusk, L50, F|
|poke|p2|Pelipper, L50, F|
|poke|p2|Grimmsnarl, L50, M|
|poke|p2|Archaludon, L50, F|
|poke|p2|Swampert, L50, M|
|poke|p2|Sinistcha-Masterpiece, L50|
|poke|p2|Gholdengo, L50|
|teampreview|4
|showteam|p1|Archaludon||Leftovers|Stamina|ElectroShot,AuraSphere,FlashCannon,Protect|Modest||F|||50|]Pelipper||SitrusBerry|Drizzle|Tailwind,WeatherBall,Hurricane,WideGuard|Modest||F|||50|]Grimmsnarl||LightClay|Prankster|PartingShot,SpiritBreak,Reflect,LightScreen|Calm||M|||50|]Sinistcha||KasibBerry|Hospitality|MatchaGotcha,LifeDew,RagePowder,TrickRoom|Calm|||||50|]Swampert||Swampertite|Torrent|WaveCrash,Earthquake,IcePunch,Protect|Adamant||F|||50|]Lycanroc-Dusk||FocusSash|ToughClaws|Protect,RockSlide,Accelerock,CloseCombat|Jolly||F|||50|
|showteam|p2|Pelipper||SitrusBerry|Drizzle|WideGuard,Hurricane,WeatherBall,Tailwind|Modest||F|||50|]Grimmsnarl||LightClay|Prankster|PartingShot,FoulPlay,Reflect,LightScreen|Sassy||M|||50|]Archaludon||Leftovers|Stamina|Protect,ElectroShot,DragonPulse,FlashCannon|Modest||F|||50|]Swampert||Swampertite|Torrent|Protect,WaveCrash,Earthquake,IcePunch|Adamant||M|||50|]Sinistcha-Masterpiece||CobaBerry|Hospitality|Protect,RagePowder,MatchaGotcha,LifeDew|Bold|||||50|]Gholdengo||LifeOrb|GoodasGold|Protect,MakeItRain,ShadowBall,NastyPlot|Modest|||||50|
|inactive|Battle timer is ON: inactive players will automatically lose when time's up. (requested by xdi8723)
|inactive|Dude12350 has 60 seconds left.
|
|t:|1785883078
|teamsize|p1|4
|teamsize|p2|4
|start
|switch|p1a: Grimmsnarl|Grimmsnarl, L50, M|100/100
|switch|p1b: Swampert|Swampert, L50, F|100/100
|switch|p2a: Sinistcha|Sinistcha-Masterpiece, L50|100/100
|switch|p2b: Gholdengo|Gholdengo, L50|100/100
|turn|1
|
|t:|1785883100
|detailschange|p1b: Swampert|Swampert-Mega, L50, F
|-mega|p1b: Swampert|Swampert|Swampertite
|move|p1a: Grimmsnarl|Light Screen|p1a: Grimmsnarl
|-sidestart|p1: xdi8723|move: Light Screen
|move|p2b: Gholdengo|Nasty Plot|p2b: Gholdengo
|-boost|p2b: Gholdengo|spa|2
|move|p1b: Swampert|Ice Punch|p2a: Sinistcha
|-supereffective|p2a: Sinistcha|1
|-damage|p2a: Sinistcha|53/100
|move|p2a: Sinistcha|Matcha Gotcha|p1a: Grimmsnarl|[spread] p1a,p1b
|-supereffective|p1b: Swampert|2
|-damage|p1a: Grimmsnarl|84/100
|-heal|p2a: Sinistcha|62/100|[from] drain|[of] p1a: Grimmsnarl
|-damage|p1b: Swampert|46/100
|-heal|p2a: Sinistcha|92/100|[from] drain|[of] p1b: Swampert
|
|upkeep
|turn|2
|inactive|xdi8723 has 30 seconds left.
|inactive|Dude12350 has 30 seconds left.
|inactive|xdi8723 has 20 seconds left.
|inactive|Dude12350 has 20 seconds left.
|inactive|xdi8723 has 15 seconds left.
|
|t:|1785883140
|move|p2b: Gholdengo|Protect|p2b: Gholdengo
|-singleturn|p2b: Gholdengo|Protect
|move|p1a: Grimmsnarl|Parting Shot|p2a: Sinistcha
|-unboost|p2a: Sinistcha|atk|1
|-unboost|p2a: Sinistcha|spa|1
|
|t:|1785883146
|switch|p1a: Pelipper|Pelipper, L50, F|100/100|[from] Parting Shot
|-weather|RainDance|[from] ability: Drizzle|[of] p1a: Pelipper
|move|p1b: Swampert|Earthquake|p2a: Sinistcha|[spread] p2a
|-activate|p2b: Gholdengo|move: Protect
|-immune|p1a: Pelipper
|-resisted|p2a: Sinistcha|1
|-damage|p2a: Sinistcha|73/100
|move|p2a: Sinistcha|Matcha Gotcha|p1b: Swampert|[spread] p1a,p1b
|-supereffective|p1b: Swampert|2
|-damage|p1a: Pelipper|86/100
|-heal|p2a: Sinistcha|79/100|[from] drain|[of] p1a: Pelipper
|-damage|p1b: Swampert|9/100
|-heal|p2a: Sinistcha|100/100|[from] drain|[of] p1b: Swampert
|
|-weather|RainDance|[upkeep]
|upkeep
|turn|3
|inactive|Dude12350 has 30 seconds left.
|inactive|Dude12350 has 20 seconds left.
|inactive|Dude12350 has 15 seconds left.
|inactive|Dude12350 has 10 seconds left.
|
|t:|1785883193
|move|p1b: Swampert|Wave Crash|p2b: Gholdengo
|-damage|p2b: Gholdengo|0 fnt
|faint|p2b: Gholdengo
|-damage|p1b: Swampert|0 fnt|[from] Recoil
|faint|p1b: Swampert
|move|p1a: Pelipper|Hurricane|p2a: Sinistcha
|-supereffective|p2a: Sinistcha|1
|-enditem|p2a: Sinistcha|Coba Berry|[eat]
|-enditem|p2a: Sinistcha|Coba Berry|[weaken]
|-damage|p2a: Sinistcha|55/100
|move|p2a: Sinistcha|Matcha Gotcha|p1a: Pelipper
|-damage|p1a: Pelipper|67/100
|-heal|p2a: Sinistcha|64/100|[from] drain|[of] p1a: Pelipper
|
|-weather|RainDance|[upkeep]
|upkeep
|
|t:|1785883209
|switch|p2b: Swampert|Swampert, L50, M|100/100
|switch|p1b: Archaludon|Archaludon, L50, F|100/100
|turn|4
|
|t:|1785883226
|switch|p1a: Grimmsnarl|Grimmsnarl, L50, M|84/100
|switch|p2a: Pelipper|Pelipper, L50, F|100/100
|detailschange|p2b: Swampert|Swampert-Mega, L50, M
|-mega|p2b: Swampert|Swampert|Swampertite
|move|p1b: Archaludon|Protect|p1b: Archaludon
|-singleturn|p1b: Archaludon|Protect
|move|p2b: Swampert|Earthquake|p1a: Grimmsnarl|[spread] p1a
|-activate|p1b: Archaludon|move: Protect
|-immune|p2a: Pelipper
|-damage|p1a: Grimmsnarl|41/100
|
|-weather|RainDance|[upkeep]
|upkeep
|turn|5
|inactive|Dude12350 has 30 seconds left.
|
|t:|1785883254
|switch|p2a: Sinistcha|Sinistcha-Masterpiece, L50|64/100
|move|p1a: Grimmsnarl|Reflect|p1a: Grimmsnarl
|-sidestart|p1: xdi8723|Reflect
|move|p2b: Swampert|Earthquake|p1b: Archaludon|[spread] p2a,p1a,p1b
|-resisted|p2a: Sinistcha|1
|-supereffective|p1b: Archaludon|1
|-damage|p2a: Sinistcha|47/100
|-damage|p1a: Grimmsnarl|13/100
|-damage|p1b: Archaludon|54/100
|-ability|p1b: Archaludon|Stamina|boost
|-boost|p1b: Archaludon|def|1
|move|p1b: Archaludon|Electro Shot||[still]
|-prepare|p1b: Archaludon|Electro Shot
|-boost|p1b: Archaludon|spa|1
|-anim|p1b: Archaludon|Electro Shot|p2a: Sinistcha
|-resisted|p2a: Sinistcha|1
|-damage|p2a: Sinistcha|14/100
|
|-weather|RainDance|[upkeep]
|-heal|p1b: Archaludon|60/100|[from] item: Leftovers
|upkeep
|turn|6
|inactive|xdi8723 has 30 seconds left.
|inactive|Dude12350 has 30 seconds left.
|inactive|xdi8723 has 20 seconds left.
|
|t:|1785883293
|move|p2a: Sinistcha|Protect|p2a: Sinistcha
|-singleturn|p2a: Sinistcha|Protect
|move|p1a: Grimmsnarl|Parting Shot|p2b: Swampert
|-unboost|p2b: Swampert|atk|1
|-unboost|p2b: Swampert|spa|1
|
|t:|1785883299
|switch|p1a: Pelipper|Pelipper, L50, F|67/100|[from] Parting Shot
|move|p2b: Swampert|Earthquake|p1b: Archaludon|[spread] p1b
|-activate|p2a: Sinistcha|move: Protect
|-immune|p1a: Pelipper
|-supereffective|p1b: Archaludon|1
|-damage|p1b: Archaludon|39/100
|-ability|p1b: Archaludon|Stamina|boost
|-boost|p1b: Archaludon|def|1
|move|p1b: Archaludon|Electro Shot||[still]
|-prepare|p1b: Archaludon|Electro Shot
|-boost|p1b: Archaludon|spa|1
|-anim|p1b: Archaludon|Electro Shot|p2a: Sinistcha
|-activate|p2a: Sinistcha|move: Protect
|
|-weather|none
|-heal|p1b: Archaludon|45/100|[from] item: Leftovers
|upkeep
|turn|7
|inactive|xdi8723 has 30 seconds left.
|inactive|Dude12350 has 30 seconds left.
|
|t:|1785883332
|switch|p2b: Pelipper|Pelipper, L50, F|100/100
|-weather|RainDance|[from] ability: Drizzle|[of] p2b: Pelipper
|switch|p1a: Grimmsnarl|Grimmsnarl, L50, M|13/100
|move|p1b: Archaludon|Aura Sphere|p2b: Pelipper
|-resisted|p2b: Pelipper|1
|-damage|p2b: Pelipper|69/100
|move|p2a: Sinistcha|Matcha Gotcha|p1b: Archaludon|[spread] p1a,p1b
|-resisted|p1b: Archaludon|2
|-damage|p1a: Grimmsnarl|0 fnt
|-heal|p2a: Sinistcha|22/100|[from] drain|[of] p1a: Grimmsnarl
|-damage|p1b: Archaludon|41/100
|-heal|p2a: Sinistcha|25/100|[from] drain|[of] p1b: Archaludon
|-ability|p1b: Archaludon|Stamina|boost
|-boost|p1b: Archaludon|def|1
|faint|p1a: Grimmsnarl
|
|-weather|RainDance|[upkeep]
|-heal|p1b: Archaludon|47/100|[from] item: Leftovers
|upkeep
|
|t:|1785883351
|switch|p1a: Pelipper|Pelipper, L50, F|67/100
|turn|8
|inactive|Dude12350 has 30 seconds left.
|inactive|Dude12350 has 20 seconds left.
|
|t:|1785883391
|move|p2a: Sinistcha|Rage Powder|p2a: Sinistcha
|-singleturn|p2a: Sinistcha|move: Rage Powder
|move|p1b: Archaludon|Flash Cannon|p2a: Sinistcha
|-damage|p2a: Sinistcha|0 fnt
|faint|p2a: Sinistcha
|move|p2b: Pelipper|Weather Ball|p1b: Archaludon
|-resisted|p1b: Archaludon|1
|-damage|p1b: Archaludon|26/100
|-ability|p1b: Archaludon|Stamina|boost
|-boost|p1b: Archaludon|def|1
|move|p1a: Pelipper|Hurricane|p2b: Pelipper
|-damage|p2b: Pelipper|23/100
|-enditem|p2b: Pelipper|Sitrus Berry|[eat]
|-heal|p2b: Pelipper|48/100|[from] item: Sitrus Berry
|
|-weather|RainDance|[upkeep]
|-heal|p1b: Archaludon|32/100|[from] item: Leftovers
|-sideend|p1: xdi8723|move: Light Screen
|upkeep
|
|t:|1785883405
|switch|p2a: Swampert|Swampert-Mega, L50, M|100/100
|turn|9
|
|t:|1785883424
|move|p1b: Archaludon|Protect|p1b: Archaludon
|-singleturn|p1b: Archaludon|Protect
|move|p2a: Swampert|Earthquake|p1a: Pelipper|[spread] 
|-activate|p1b: Archaludon|move: Protect
|-immune|p2b: Pelipper
|-immune|p1a: Pelipper
|move|p1a: Pelipper|Hurricane|p2a: Swampert
|-crit|p2a: Swampert
|-damage|p2a: Swampert|42/100
|-start|p2a: Swampert|confusion
|move|p2b: Pelipper|Weather Ball|p1b: Archaludon
|-activate|p1b: Archaludon|move: Protect
|
|-weather|RainDance|[upkeep]
|-heal|p1b: Archaludon|39/100|[from] item: Leftovers
|upkeep
|turn|10
|
|t:|1785883448
|move|p1a: Pelipper|Wide Guard|p1a: Pelipper
|-singleturn|p1a: Pelipper|Wide Guard
|-activate|p2a: Swampert|confusion
|-damage|p2a: Swampert|28/100|[from] confusion
|move|p1b: Archaludon|Electro Shot||[still]
|-prepare|p1b: Archaludon|Electro Shot
|-boost|p1b: Archaludon|spa|1
|-anim|p1b: Archaludon|Electro Shot|p2b: Pelipper
|-supereffective|p2b: Pelipper|2
|-damage|p2b: Pelipper|0 fnt
|faint|p2b: Pelipper
|
|-weather|RainDance|[upkeep]
|-heal|p1b: Archaludon|45/100|[from] item: Leftovers
|upkeep
|turn|11
|inactive|Dude12350 has 30 seconds left.
|
|t:|1785883474
|-activate|p2a: Swampert|confusion
|move|p2a: Swampert|Wave Crash|p1b: Archaludon
|-resisted|p1b: Archaludon|1
|-damage|p1b: Archaludon|34/100
|-ability|p1b: Archaludon|Stamina|boost
|-boost|p1b: Archaludon|def|1
|-damage|p2a: Swampert|25/100|[from] Recoil
|move|p1b: Archaludon|Aura Sphere|p2a: Swampert
|-crit|p2a: Swampert
|-damage|p2a: Swampert|0 fnt
|faint|p2a: Swampert
|
|win|xdi8723
||xdi8723 is ready for game 3.
|inactive|Dude12350 has 30 seconds to confirm battle start!
||Dude12350 is ready for game 3.
|uhtml|next|Next: Game 3 of 3
