|j|☆jokkebrok
|j|☆SOADVGC
|html|jokkebrokSOADVGC    
|uhtml|bestof|Game 1 of a best-of-3
|t:|1756282887
|gametype|doubles
|player|p1|jokkebrok|larry|1060
|player|p2|SOADVGC|roxie|1161
|gen|9
|tier|[Gen 9] VGC 2025 Reg H (Bo3)
|rated|
|rule|Species Clause: Limit one of each Pokémon
|rule|Item Clause: Limit 1 of each item
|clearpoke
|poke|p1|Greninja-*, L50, M|
|poke|p1|Annihilape, L50, M|
|poke|p1|Indeedee-F, L50, F|
|poke|p1|Armarouge, L50, M|
|poke|p1|Pelipper, L50, M|
|poke|p1|Basculegion, L50, M|
|poke|p2|Dragonite, L50, M|
|poke|p2|Whimsicott, L50, F|
|poke|p2|Volcarona, L50, M|
|poke|p2|Sneasler, L50, F|
|poke|p2|Kingambit, L50, F|
|poke|p2|Annihilape, L50, F|
|teampreview|4
|showteam|p1|Greninja||LoadedDice|Torrent|WaterShuriken,ShadowSneak,Haze,Protect|||M|||50|,,,,,Ghost]Annihilape||ChoiceScarf|Defiant|RageFist,CloseCombat,FinalGambit,Uturn|||M|||50|,,,,,Steel]Indeedee-F||SafetyGoggles|PsychicSurge|Psychic,HealPulse,FollowMe,HelpingHand|||F|||50|,,,,,Fairy]Armarouge||WeaknessPolicy|WeakArmor|ExpandingForce,HeatWave,AuraSphere,EnergyBall|||M|||50|,,,,,Grass]Pelipper||FocusSash|Drizzle|Tailwind,Hurricane,WeatherBall,Protect|||M|||50|,,,,,Ground]Basculegion||ChoiceBand|SwiftSwim|AquaJet,FlipTurn,WaveCrash,LastRespects|||M|||50|,,,,,Ghost
|showteam|p2|Dragonite||LoadedDice|Multiscale|ScaleShot,TeraBlast,ExtremeSpeed,Protect|||M|||50|,,,,,Flying]Whimsicott||FocusSash|Prankster|Moonblast,Tailwind,BeatUp,Protect|||F|||50|,,,,,Ghost]Volcarona||CovertCloak|FlameBody|HeatWave,TeraBlast,QuiverDance,Protect|||M|||50|,,,,,Fairy]Sneasler||WhiteHerb|Unburden|FakeOut,DireClaw,CloseCombat,Protect|||F|||50|,,,,,Stellar]Kingambit||BlackGlasses|Defiant|SuckerPunch,KowtowCleave,LowKick,Protect|||F|||50|,,,,,Dark]Annihilape||SafetyGoggles|Defiant|CloseCombat,RageFist,FinalGambit,Protect|||F|||50|,,,,,Water
|inactive|Battle timer is ON: inactive players will automatically lose when time's up. (requested by SOADVGC)
|inactive|SOADVGC has 60 seconds left.
|
|t:|1756282926
|teamsize|p1|4
|teamsize|p2|4
|start
|switch|p1a: Greninja|Greninja, L50, M|100/100
|switch|p1b: Annihilape|Annihilape, L50, M|100/100
|switch|p2a: Whimsicott|Whimsicott, L50, F|100/100
|switch|p2b: Dragonite|Dragonite, L50, M|100/100
|turn|1
|inactive|jokkebrok has 30 seconds left.
|
|t:|1756282952
|-terastallize|p1b: Annihilape|Steel
|-terastallize|p2b: Dragonite|Flying
|move|p1a: Greninja|Water Shuriken|p1b: Annihilape
|-damage|p1b: Annihilape|95/100
|-damage|p1b: Annihilape|90/100
|-damage|p1b: Annihilape|84/100
|-damage|p1b: Annihilape|79/100
|-damage|p1b: Annihilape|73/100
|-hitcount|p1b: Annihilape|5
|move|p2a: Whimsicott|Tailwind|p2a: Whimsicott
|-sidestart|p2: SOADVGC|move: Tailwind
|move|p2b: Dragonite|Tera Blast|p1b: Annihilape|[anim] Tera Blast Flying
|-resisted|p1b: Annihilape
|-damage|p1b: Annihilape|37/100
|move|p1b: Annihilape|Rage Fist|p2b: Dragonite
|-damage|p2b: Dragonite|3/100
|
|upkeep
|turn|2
|
|t:|1756282972
|switch|p1b: Pelipper|Pelipper, L50, M|100/100
|-weather|RainDance|[from] ability: Drizzle|[of] p1b: Pelipper
|move|p2b: Dragonite|Protect|p2b: Dragonite
|-singleturn|p2b: Dragonite|Protect
|move|p1a: Greninja|Water Shuriken|p2b: Dragonite
|-activate|p2b: Dragonite|move: Protect
|move|p2a: Whimsicott|Moonblast|p1a: Greninja
|-supereffective|p1a: Greninja
|-damage|p1a: Greninja|3/100
|-unboost|p1a: Greninja|spa|1
|
|-weather|RainDance|[upkeep]
|upkeep
|turn|3
|
|t:|1756282987
|move|p2b: Dragonite|Extreme Speed|p1b: Pelipper
|-damage|p1b: Pelipper|68/100
|move|p1a: Greninja|Water Shuriken|p2b: Dragonite
|-damage|p2b: Dragonite|0 fnt
|faint|p2b: Dragonite
|-hitcount|p2: Dragonite|1
|move|p2a: Whimsicott|Moonblast|p1b: Pelipper
|-damage|p1b: Pelipper|19/100
|move|p1b: Pelipper|Hurricane|p2a: Whimsicott
|-supereffective|p2a: Whimsicott
|-enditem|p2a: Whimsicott|Focus Sash
|-damage|p2a: Whimsicott|1/100
|
|-weather|RainDance|[upkeep]
|upkeep
|
|t:|1756282997
|switch|p2b: Sneasler|Sneasler, L50, F|100/100
|turn|4
|
|t:|1756283005
|move|p2a: Whimsicott|Protect|p2a: Whimsicott
|-singleturn|p2a: Whimsicott|Protect
|move|p1a: Greninja|Protect|p1a: Greninja
|-singleturn|p1a: Greninja|Protect
|move|p1b: Pelipper|Protect|p1b: Pelipper
|-singleturn|p1b: Pelipper|Protect
|move|p2b: Sneasler|Dire Claw|p1a: Greninja
|-activate|p1a: Greninja|move: Protect
|
|-weather|RainDance|[upkeep]
|-sideend|p2: SOADVGC|move: Tailwind
|upkeep
|turn|5
|
|t:|1756283019
|move|p1a: Greninja|Water Shuriken|p2a: Whimsicott
|-resisted|p2a: Whimsicott
|-damage|p2a: Whimsicott|0 fnt
|faint|p2a: Whimsicott
|-hitcount|p2: Whimsicott|1
|move|p2b: Sneasler|Dire Claw|p1b: Pelipper
|-damage|p1b: Pelipper|0 fnt
|faint|p1b: Pelipper
|
|-weather|RainDance|[upkeep]
|upkeep
|
|t:|1756283031
|switch|p2a: Kingambit|Kingambit, L50, F|100/100
|switch|p1b: Basculegion|Basculegion, L50, M|100/100
|turn|6
|
|t:|1756283044
|move|p1b: Basculegion|Aqua Jet|p2b: Sneasler
|-damage|p2b: Sneasler|22/100
|move|p1a: Greninja|Water Shuriken|p2b: Sneasler
|-damage|p2b: Sneasler|12/100
|-damage|p2b: Sneasler|2/100
|-damage|p2b: Sneasler|0 fnt
|faint|p2b: Sneasler
|-hitcount|p2: Sneasler|3
|move|p2a: Kingambit|Sucker Punch||[still]
|-fail|p2a: Kingambit
|
|-weather|none
|upkeep
|turn|7
|-message|SOADVGC forfeited.
|
|win|jokkebrok
|l|☆SOADVGC
|player|p2|
||SOADVGC is ready for game 2.
||jokkebrok is ready for game 2.
|uhtml|next|Next: Game 2 of 3
