|j|‽Juaner95
|j|☆funntymann
|html|Juaner95funntymann    
|uhtml|bestof|Game 2 of a best-of-3
|t:|1785049539
|gametype|doubles
|player|p1|Juaner95|ash-hoenn|1182
|player|p2|funntymann|2|1162
|gen|9
|tier|[Gen 9 Champions] VGC 2026 Reg M-B (Bo3)
|rated|
|rule|Species Clause: Limit one of each Pokémon
|rule|Item Clause: Limit 1 of each item
|clearpoke
|poke|p1|Eelektross, L50, F|
|poke|p1|Ninetales-Alola, L50, F, shiny|
|poke|p1|Talonflame, L50, M|
|poke|p1|Garchomp, L50, M|
|poke|p1|Incineroar, L50, M, shiny|
|poke|p1|Kingambit, L50, M|
|poke|p2|Rotom-Wash, L50|
|poke|p2|Corviknight, L50, M|
|poke|p2|Delphox, L50, M|
|poke|p2|Sinistcha-Masterpiece, L50|
|poke|p2|Sneasler, L50, F|
|poke|p2|Tyranitar, L50, F|
|teampreview|4
|showteam|p1|Eelektross||Eelektrossite|Levitate|SupercellSlam,DrainPunch,Coil,Protect|Adamant||F|||50|]Ninetales-Alola||ChoiceScarf|SnowWarning|Blizzard,FreezeDry,IcyWind,Moonblast|Modest||F|||50|]Talonflame||SharpBeak|GaleWings|BraveBird,FlareBlitz,Tailwind,Protect|Jolly||M|||50|]Garchomp||LifeOrb|RoughSkin|RockSlide,Earthquake,DragonClaw,Protect|Jolly||M|||50|]Incineroar||SitrusBerry|Intimidate|FlareBlitz,ThroatChop,PartingShot,FakeOut|Careful||M|||50|]Kingambit||FocusSash|Defiant|KowtowCleave,SuckerPunch,LowKick,Protect|Adamant||M|||50|
|showteam|p2|Rotom-Wash||SitrusBerry|Levitate|HydroPump,Thunderbolt,WillOWisp,Protect|Modest|||||50|]Corviknight||Leftovers|MirrorArmor|BraveBird,BulkUp,Roost,Tailwind|Careful||M|||50|]Delphox||Delphoxite|Blaze|HeatWave,Psyshock,NastyPlot,Protect|Timid||M|||50|]Sinistcha-Masterpiece||ColburBerry|Hospitality|MatchaGotcha,RagePowder,TrickRoom,LifeDew|Bold|||||50|]Sneasler||FocusSash|PoisonTouch|CloseCombat,DireClaw,FakeOut,QuickGuard|Jolly||F|||50|]Tyranitar||Tyranitarite|SandStream|KnockOff,RockSlide,Protect,LowKick|Adamant||F|||50|
|inactive|Battle timer is ON: inactive players will automatically lose when time's up. (requested by funntymann)
|inactive|Juaner95 has 60 seconds left.
|inactive|Juaner95 has 30 seconds left.
|inactive|Juaner95 has 20 seconds left.
|
|t:|1785049616
|teamsize|p1|4
|teamsize|p2|4
|start
|switch|p1a: Talonflame|Talonflame, L50, M|100/100
|switch|p1b: Ninetales|Ninetales-Alola, L50, F, shiny|100/100
|switch|p2a: Rotom|Rotom-Wash, L50|100/100
|switch|p2b: Corviknight|Corviknight, L50, M|100/100
|-weather|Snowscape|[from] ability: Snow Warning|[of] p1b: Ninetales
|turn|1
|
|t:|1785049632
|move|p1a: Talonflame|Tailwind|p1a: Talonflame
|-sidestart|p1: Juaner95|move: Tailwind
|move|p1b: Ninetales|Blizzard|p2b: Corviknight|[spread] p2a,p2b
|-resisted|p2a: Rotom|1
|-crit|p2b: Corviknight
|-damage|p2a: Rotom|84/100
|-damage|p2b: Corviknight|59/100
|move|p2b: Corviknight|Bulk Up|p2b: Corviknight
|-boost|p2b: Corviknight|atk|1
|-boost|p2b: Corviknight|def|1
|move|p2a: Rotom|Hydro Pump|p1a: Talonflame
|-supereffective|p1a: Talonflame|1
|-damage|p1a: Talonflame|0 fnt
|faint|p1a: Talonflame
|
|-weather|Snowscape|[upkeep]
|-heal|p2b: Corviknight|65/100|[from] item: Leftovers
|upkeep
|
|t:|1785049642
|switch|p1a: Eelektross|Eelektross, L50, F|100/100
|turn|2
|
|t:|1785049651
|detailschange|p1a: Eelektross|Eelektross-Mega, L50, F
|-mega|p1a: Eelektross|Eelektross|Eelektrossite
|move|p1b: Ninetales|Blizzard|p2b: Corviknight|[spread] p2a,p2b
|-resisted|p2a: Rotom|1
|-damage|p2a: Rotom|68/100
|-damage|p2b: Corviknight|34/100
|move|p1a: Eelektross|Coil|p1a: Eelektross
|-boost|p1a: Eelektross|atk|1
|-boost|p1a: Eelektross|def|1
|-boost|p1a: Eelektross|accuracy|1
|move|p2b: Corviknight|Bulk Up|p2b: Corviknight
|-boost|p2b: Corviknight|atk|1
|-boost|p2b: Corviknight|def|1
|move|p2a: Rotom|Will-O-Wisp|p1a: Eelektross|[miss]
|-miss|p2a: Rotom|p1a: Eelektross
|
|-weather|Snowscape|[upkeep]
|-heal|p2b: Corviknight|40/100|[from] item: Leftovers
|upkeep
|turn|3
|c|☆funntymann|HIT YOUR WISP ROTOM
|inactive|Juaner95 has 30 seconds left.
|
|t:|1785049678
|switch|p2a: WashTheDishes|Sinistcha-Masterpiece, L50|100/100
|-heal|p2b: Corviknight|65/100|[from] ability: Hospitality|[of] p2a: WashTheDishes
|move|p1b: Ninetales|Blizzard|p2b: Corviknight|[spread] p2a,p2b
|-supereffective|p2a: WashTheDishes|1
|-damage|p2a: WashTheDishes|29/100
|-damage|p2b: Corviknight|33/100
|-status|p2b: Corviknight|frz
|move|p1a: Eelektross|Supercell Slam|p2b: Corviknight
|-supereffective|p2b: Corviknight|1
|-damage|p2b: Corviknight|0 fnt
|faint|p2b: Corviknight
|-ability|p1a: Eelektross|Eelevate|boost
|-boost|p1a: Eelektross|atk|1
|
|-weather|Snowscape|[upkeep]
|upkeep
|
|t:|1785049693
|switch|p2b: Tyranitar|Tyranitar, L50, F|100/100
|-weather|Sandstorm|[from] ability: Sand Stream|[of] p2b: Tyranitar
|turn|4
|
|t:|1785049700
|switch|p1b: Garchomp|Garchomp, L50, M|100/100
|detailschange|p2b: Tyranitar|Tyranitar-Mega, L50, F
|-mega|p2b: Tyranitar|Tyranitar|Tyranitarite
|move|p2a: WashTheDishes|Rage Powder|p2a: WashTheDishes
|-singleturn|p2a: WashTheDishes|move: Rage Powder
|move|p1a: Eelektross|Drain Punch|p2a: WashTheDishes
|-immune|p2a: WashTheDishes
|move|p2b: Tyranitar|Rock Slide|p1b: Garchomp|[spread] p1a,p1b
|-resisted|p1b: Garchomp|1
|-damage|p1a: Eelektross|74/100
|-damage|p1b: Garchomp|80/100
|
|-weather|Sandstorm|[upkeep]
|-damage|p1a: Eelektross|68/100|[from] Sandstorm
|-damage|p2a: WashTheDishes|23/100|[from] Sandstorm
|-sideend|p1: Juaner95|move: Tailwind
|upkeep
|turn|5
|inactive|funntymann has 30 seconds left.
|inactive|funntymann has 20 seconds left.
|inactive|funntymann has 15 seconds left.
|
|t:|1785049745
|move|p2a: WashTheDishes|Rage Powder|p2a: WashTheDishes
|-singleturn|p2a: WashTheDishes|move: Rage Powder
|move|p1b: Garchomp|Earthquake|p2b: Tyranitar|[spread] p2a,p2b
|-immune|p1a: Eelektross|[from] ability: Eelevate
|-resisted|p2a: WashTheDishes|1
|-supereffective|p2b: Tyranitar|1
|-damage|p2a: WashTheDishes|5/100
|-damage|p2b: Tyranitar|39/100
|-damage|p1b: Garchomp|70/100|[from] item: Life Orb
|move|p1a: Eelektross|Coil|p1a: Eelektross
|-boost|p1a: Eelektross|atk|1
|-boost|p1a: Eelektross|def|1
|-boost|p1a: Eelektross|accuracy|1
|move|p2b: Tyranitar|Rock Slide|p1a: Eelektross|[spread] p1a,p1b
|-resisted|p1b: Garchomp|1
|-damage|p1a: Eelektross|49/100
|-damage|p1b: Garchomp|53/100
|
|-weather|Sandstorm|[upkeep]
|-damage|p1a: Eelektross|43/100|[from] Sandstorm
|-damage|p2a: WashTheDishes|0 fnt|[from] Sandstorm
|faint|p2a: WashTheDishes
|upkeep
|
|t:|1785049758
|switch|p2a: Rotom|Rotom-Wash, L50|68/100
|turn|6
|
|t:|1785049768
|move|p2b: Tyranitar|Protect|p2b: Tyranitar
|-singleturn|p2b: Tyranitar|Protect
|move|p1b: Garchomp|Dragon Claw|p2a: Rotom
|-damage|p2a: Rotom|8/100
|-enditem|p2a: Rotom|Sitrus Berry|[eat]
|-heal|p2a: Rotom|33/100|[from] item: Sitrus Berry
|-damage|p1b: Garchomp|43/100|[from] item: Life Orb
|move|p1a: Eelektross|Drain Punch|p2b: Tyranitar
|-activate|p2b: Tyranitar|move: Protect
|move|p2a: Rotom|Will-O-Wisp|p1b: Garchomp
|-status|p1b: Garchomp|brn
|
|-weather|Sandstorm|[upkeep]
|-damage|p1a: Eelektross|37/100|[from] Sandstorm
|-damage|p2a: Rotom|27/100|[from] Sandstorm
|-damage|p1b: Garchomp|37/100 brn|[from] brn
|upkeep
|turn|7
|inactive|funntymann has 30 seconds left.
|
|t:|1785049799
|move|p1b: Garchomp|Dragon Claw|p2a: Rotom
|-damage|p2a: Rotom|0 fnt
|faint|p2a: Rotom
|-damage|p1b: Garchomp|27/100 brn|[from] item: Life Orb
|move|p1a: Eelektross|Drain Punch|p2b: Tyranitar
|-supereffective|p2b: Tyranitar|2
|-damage|p2b: Tyranitar|0 fnt
|-heal|p1a: Eelektross|58/100|[from] drain|[of] p2b: Tyranitar
|faint|p2b: Tyranitar
|
|win|Juaner95
|raw|Juaner95's rating: 1182 → 1206(+24 for winning)
|raw|funntymann's rating: 1162 → 1138(-24 for losing)
|l|☆funntymann
|player|p2|
