|j|☆Era ella
|j|☆malaninja
|html|Era ellamalaninja    
|uhtml|bestof|Game 1 of a best-of-3
|t:|1783336474
|gametype|doubles
|player|p1|Era ella|nate|1094
|player|p2|malaninja|170|1089
|gen|9
|tier|[Gen 9 Champions] VGC 2026 Reg M-B (Bo3)
|rated|
|rule|Species Clause: Limit one of each Pokémon
|rule|Item Clause: Limit 1 of each item
|clearpoke
|poke|p1|Farigiraf, L50, M|
|poke|p1|Camerupt, L50, M|
|poke|p1|Vivillon, L50, M|
|poke|p1|Kingambit, L50, F|
|poke|p1|Sylveon, L50, M|
|poke|p1|Venusaur, L50, F|
|poke|p2|Lucario, L50, M|
|poke|p2|Whimsicott, L50, F|
|poke|p2|Primarina, L50, M|
|poke|p2|Garchomp, L50, M|
|poke|p2|Chandelure, L50, F|
|poke|p2|Meowscarada, L50, M|
|teampreview|4
|showteam|p1|Farigiraf||SitrusBerry|ArmorTail|Psychic,Thunderbolt,TrickRoom,Protect|Bold||M|||50|]Camerupt||Cameruptite|SolidRock|HeatWave,EarthPower,AncientPower,Protect|Quiet||M|||50|]Vivillon||FocusSash|CompoundEyes|Hurricane,SleepPowder,RagePowder,Protect|Timid||M|||50|]Kingambit||BlackGlasses|Defiant|KowtowCleave,SuckerPunch,SwordsDance,Protect|Adamant||F|||50|]Sylveon||LifeOrb|Pixilate|HyperVoice,HyperBeam,QuickAttack,Detect|Quiet||M|||50|]Venusaur||Venusaurite|Chlorophyll|GigaDrain,SludgeBomb,EarthPower,Protect|Modest||F|||50|
|showteam|p2|Lucario||Lucarionite|InnerFocus|Protect,CloseCombat,MeteorMash,Earthquake|Jolly||M|||50|]Whimsicott||FairyFeather|Prankster|Moonblast,Tailwind,StunSpore,Taunt|Timid||F|||50|]Primarina||MysticWater|LiquidVoice|DazzlingGleam,HyperVoice,Protect,SparklingAria|Modest||M|||50|]Garchomp||LifeOrb|RoughSkin|Earthquake,DragonClaw,RockSlide,Protect|Adamant||M|||50|]Chandelure||FocusSash|Infiltrator|ShadowBall,HeatWave,Protect,WillOWisp|Timid||F|||50|]Meowscarada||ChoiceScarf|Protean|FlowerTrick,TripleAxel,PlayRough,KnockOff|Jolly||M|||50|
|inactive|Battle timer is ON: inactive players will automatically lose when time's up. (requested by Era ella)
|inactive|malaninja has 60 seconds left.
|
|t:|1783336514
|teamsize|p1|4
|teamsize|p2|4
|start
|switch|p1a: Vivillon|Vivillon, L50, M|100/100
|switch|p1b: Venusaur|Venusaur, L50, F|100/100
|switch|p2a: Whimsicott|Whimsicott, L50, F|100/100
|switch|p2b: Chandelure|Chandelure, L50, F|100/100
|turn|1
|
|t:|1783336535
|detailschange|p1b: Venusaur|Venusaur-Mega, L50, F
|-mega|p1b: Venusaur|Venusaur|Venusaurite
|move|p2a: Whimsicott|Taunt|p1a: Vivillon
|-start|p1a: Vivillon|move: Taunt
|cant|p1a: Vivillon|move: Taunt|Sleep Powder
|move|p2b: Chandelure|Heat Wave|p1a: Vivillon|[spread] p1a,p1b
|-supereffective|p1a: Vivillon|1
|-supereffective|p1b: Venusaur|1
|-enditem|p1a: Vivillon|Focus Sash
|-damage|p1a: Vivillon|1/100
|-damage|p1b: Venusaur|74/100
|move|p1b: Venusaur|Earth Power|p2b: Chandelure
|-supereffective|p2b: Chandelure|1
|-damage|p2b: Chandelure|36/100
|
|upkeep
|turn|2
|
|t:|1783336552
|move|p2a: Whimsicott|Tailwind|p2a: Whimsicott
|-sidestart|p2: malaninja|move: Tailwind
|move|p2b: Chandelure|Heat Wave|p1b: Venusaur|[spread] p1a,p1b
|-supereffective|p1a: Vivillon|1
|-supereffective|p1b: Venusaur|1
|-damage|p1a: Vivillon|0 fnt
|-damage|p1b: Venusaur|45/100
|faint|p1a: Vivillon
|move|p1b: Venusaur|Earth Power|p2b: Chandelure
|-supereffective|p2b: Chandelure|1
|-damage|p2b: Chandelure|0 fnt
|faint|p2b: Chandelure
|
|upkeep
|
|t:|1783336566
|switch|p1a: Farigiraf|Farigiraf, L50, M|100/100
|switch|p2b: Lucario|Lucario, L50, M|100/100
|turn|3
|inactive|malaninja has 30 seconds left.
|
|t:|1783336593
|detailschange|p2b: Lucario|Lucario-Mega, L50, M
|-mega|p2b: Lucario|Lucario|Lucarionite
|move|p1b: Venusaur|Protect|p1b: Venusaur
|-singleturn|p1b: Venusaur|Protect
|move|p2b: Lucario|Close Combat|p1a: Farigiraf
|-damage|p1a: Farigiraf|31/100
|-unboost|p2b: Lucario|def|1
|-unboost|p2b: Lucario|spd|1
|-enditem|p1a: Farigiraf|Sitrus Berry|[eat]
|-heal|p1a: Farigiraf|56/100|[from] item: Sitrus Berry
|move|p2a: Whimsicott|Moonblast|p1a: Farigiraf
|-damage|p1a: Farigiraf|18/100
|move|p1a: Farigiraf|Trick Room|p1a: Farigiraf
|-fieldstart|move: Trick Room|[of] p1a: Farigiraf
|
|upkeep
|turn|4
|inactive|Era ella has 30 seconds left.
|
|t:|1783336620
|move|p2b: Lucario|Protect|p2b: Lucario
|-singleturn|p2b: Lucario|Protect
|move|p1a: Farigiraf|Psychic|p2a: Whimsicott
|-damage|p2a: Whimsicott|55/100
|-unboost|p2a: Whimsicott|spd|1
|move|p1b: Venusaur|Earth Power|p2b: Lucario
|-activate|p2b: Lucario|move: Protect
|move|p2a: Whimsicott|Moonblast|p1a: Farigiraf
|-damage|p1a: Farigiraf|0 fnt
|faint|p1a: Farigiraf
|
|upkeep
|
|t:|1783336630
|switch|p1a: Sylveon|Sylveon, L50, M|100/100
|turn|5
|inactive|malaninja has 30 seconds left.
|inactive|malaninja has 20 seconds left.
|inactive|malaninja has 15 seconds left.
|
|t:|1783336671
|move|p1a: Sylveon|Hyper Voice|p2a: Whimsicott|[spread] p2a,p2b
|-damage|p2a: Whimsicott|0 fnt
|-damage|p2b: Lucario|0 fnt
|faint|p2a: Whimsicott
|faint|p2b: Lucario
|-damage|p1a: Sylveon|90/100|[from] item: Life Orb
|move|p1b: Venusaur|Earth Power|p2: Whimsicott|[notarget]
|-fail|p1b: Venusaur
|
|-sideend|p2: malaninja|move: Tailwind
|upkeep
|
|t:|1783336681
|switch|p2b: Meowscarada|Meowscarada, L50, M|100/100
|turn|6
|
|t:|1783336696
|move|p1a: Sylveon|Hyper Voice|p2b: Meowscarada
|-supereffective|p2b: Meowscarada|1
|-damage|p2b: Meowscarada|0 fnt
|faint|p2b: Meowscarada
|-damage|p1a: Sylveon|80/100|[from] item: Life Orb
|
|win|Era ella
