|j|☆predahound
|j|☆jchase42
|html|predahoundjchase42    
|uhtml|bestof|Game 1 of a best-of-3
|t:|1756336393
|gametype|doubles
|player|p1|predahound|volkner|1208
|player|p2|jchase42|hiker-gen4|1114
|gen|9
|tier|[Gen 9] VGC 2025 Reg H (Bo3)
|rated|
|rule|Species Clause: Limit one of each Pokémon
|rule|Item Clause: Limit 1 of each item
|clearpoke
|poke|p1|Ursaluna-Bloodmoon, L50, M|
|poke|p1|Rillaboom, L50, F|
|poke|p1|Incineroar, L50, F|
|poke|p1|Electabuzz, L50, F|
|poke|p1|Annihilape, L50, M|
|poke|p1|Pelipper, L50, M|
|poke|p2|Indeedee-F, L50, F|
|poke|p2|Torkoal, L50, F|
|poke|p2|Gallade, L50, M|
|poke|p2|Hatterene, L50, F|
|poke|p2|Maushold-Four, L50|
|poke|p2|Sinistcha, L50|
|teampreview|4
|showteam|p1|Ursaluna-Bloodmoon||Leftovers|MindsEye|HyperVoice,EarthPower,CalmMind,Protect|||M|||50|,,,,,Normal]Rillaboom||AssaultVest|GrassySurge|FakeOut,GrassyGlide,KnockOff,Uturn|||F|||50|,,,,,Fire]Incineroar||FigyBerry|Intimidate|FakeOut,KnockOff,PartingShot,WillOWisp|||F|||50|,,,,,Dragon]Electabuzz||Eviolite|VitalSpirit|Electroweb,FollowMe,EerieImpulse,Protect|||F|||50|,,,,,Ghost]Annihilape||SafetyGoggles|Defiant|DrainPunch,RageFist,BulkUp,Protect|||M|||50|,,,,,Poison]Pelipper||FocusSash|Drizzle|MuddyWater,Hurricane,Tailwind,Protect|||M|||50|,,,,,Ground
|showteam|p2|Indeedee-F||PsychicSeed|PsychicSurge|Psychic,FollowMe,HelpingHand,TrickRoom|||F|||50|,,,,,Grass]Torkoal||ChoiceSpecs|Drought|Eruption,HeatWave,WeatherBall,EarthPower|||F|||50|,,,,,Fire]Gallade||ClearAmulet|Sharpness|PsychoCut,SacredSword,WideGuard,TrickRoom|||M|||50|,,,,,Grass]Hatterene||CovertCloak|MagicBounce|ExpandingForce,DazzlingGleam,Protect,TrickRoom|||F|||50|,,,,,Fire]Maushold-Four||WideLens|Technician|PopulationBomb,Taunt,FollowMe,Protect||||||50|,,,,,Fire]Sinistcha||SitrusBerry|Hospitality|MatchaGotcha,ShadowBall,RagePowder,TrickRoom||||||50|,,,,,Fairy
|
|t:|1756336423
|teamsize|p1|4
|teamsize|p2|4
|start
|switch|p1a: Ursaluna|Ursaluna-Bloodmoon, L50, M|100/100
|switch|p1b: Incineroar|Incineroar, L50, F|100/100
|switch|p2a: Indeedee|Indeedee-F, L50, F|100/100
|switch|p2b: Hatterene|Hatterene, L50, F|100/100
|-fieldstart|move: Psychic Terrain|[from] ability: Psychic Surge|[of] p2a: Indeedee
|-enditem|p2a: Indeedee|Psychic Seed
|-boost|p2a: Indeedee|spd|1|[from] item: Psychic Seed
|-ability|p1b: Incineroar|Intimidate|boost
|-unboost|p2a: Indeedee|atk|1
|-unboost|p2b: Hatterene|atk|1
|turn|1
|
|t:|1756336459
|switch|p1a: Rillaboom|Rillaboom, L50, F|100/100
|-fieldstart|move: Grassy Terrain|[from] ability: Grassy Surge|[of] p1a: Rillaboom
|move|p1b: Incineroar|Fake Out|p2b: Hatterene
|-damage|p2b: Hatterene|88/100
|move|p2b: Hatterene|Expanding Force|p1a: Rillaboom
|-damage|p1a: Rillaboom|67/100
|move|p2a: Indeedee|Trick Room|p2a: Indeedee
|-fieldstart|move: Trick Room|[of] p2a: Indeedee
|
|-heal|p2b: Hatterene|94/100|[from] Grassy Terrain
|-heal|p1a: Rillaboom|72/100|[from] Grassy Terrain
|upkeep
|turn|2
|inactive|Battle timer is ON: inactive players will automatically lose when time's up. (requested by predahound)
|inactive|predahound has 60 seconds left.
|inactive|jchase42 has 60 seconds left.
|
|t:|1756336507
|switch|p2a: Torkoal|Torkoal, L50, F|100/100
|-weather|SunnyDay|[from] ability: Drought|[of] p2a: Torkoal
|move|p2b: Hatterene|Dazzling Gleam|p1a: Rillaboom|[spread] p1a,p1b
|-damage|p1a: Rillaboom|50/100
|-damage|p1b: Incineroar|75/100
|move|p1b: Incineroar|Knock Off|p2a: Torkoal
|-damage|p2a: Torkoal|72/100
|-enditem|p2a: Torkoal|Choice Specs|[from] move: Knock Off|[of] p1b: Incineroar
|move|p1a: Rillaboom|U-turn|p2b: Hatterene
|-damage|p2b: Hatterene|67/100
|
|t:|1756336519
|switch|p1a: Pelipper|Pelipper, L50, M|100/100|[from] U-turn
|-weather|RainDance|[from] ability: Drizzle|[of] p1a: Pelipper
|
|-weather|RainDance|[upkeep]
|-heal|p2a: Torkoal|78/100|[from] Grassy Terrain
|-heal|p2b: Hatterene|73/100|[from] Grassy Terrain
|-heal|p1b: Incineroar|81/100|[from] Grassy Terrain
|upkeep
|turn|3
|
|t:|1756336535
|switch|p2a: Indeedee|Indeedee-F, L50, F|100/100
|-fieldstart|move: Psychic Terrain|[from] ability: Psychic Surge|[of] p2a: Indeedee
|move|p2b: Hatterene|Expanding Force|p1a: Pelipper|[spread] p1a
|-immune|p1b: Incineroar
|-enditem|p1a: Pelipper|Focus Sash
|-damage|p1a: Pelipper|1/100
|move|p1b: Incineroar|Parting Shot|p2a: Indeedee
|-unboost|p2a: Indeedee|atk|1
|-unboost|p2a: Indeedee|spa|1
|
|t:|1756336547
|switch|p1b: Ursaluna|Ursaluna-Bloodmoon, L50, M|100/100|[from] Parting Shot
|move|p1a: Pelipper|Muddy Water|p2a: Indeedee|[spread] p2a,p2b
|-damage|p2a: Indeedee|63/100
|-damage|p2b: Hatterene|27/100
|-unboost|p2a: Indeedee|accuracy|1
|
|-weather|RainDance|[upkeep]
|upkeep
|turn|4
|
|t:|1756336561
|switch|p1a: Rillaboom|Rillaboom, L50, F|50/100
|-fieldstart|move: Grassy Terrain|[from] ability: Grassy Surge|[of] p1a: Rillaboom
|move|p2b: Hatterene|Expanding Force|p1b: Ursaluna
|-damage|p1b: Ursaluna|53/100
|move|p1b: Ursaluna|Hyper Voice|p2a: Indeedee|[spread] p2a,p2b
|-damage|p2a: Indeedee|30/100
|-damage|p2b: Hatterene|0 fnt
|faint|p2b: Hatterene
|move|p2a: Indeedee|Psychic|p1b: Ursaluna
|-damage|p1b: Ursaluna|33/100
|
|-weather|RainDance|[upkeep]
|-heal|p1b: Ursaluna|39/100|[from] Grassy Terrain
|-heal|p1b: Ursaluna|45/100|[from] item: Leftovers
|-heal|p2a: Indeedee|36/100|[from] Grassy Terrain
|-heal|p1a: Rillaboom|56/100|[from] Grassy Terrain
|upkeep
|inactive|jchase42 has 30 seconds left.
|
|t:|1756336589
|switch|p2b: Gallade|Gallade, L50, M|100/100
|turn|5
|
|t:|1756336611
|switch|p2a: Torkoal|Torkoal, L50, F|78/100
|-weather|SunnyDay|[from] ability: Drought|[of] p2a: Torkoal
|move|p2b: Gallade|Wide Guard|p2b: Gallade
|-singleturn|p2b: Gallade|Wide Guard
|move|p1a: Rillaboom|Fake Out|p2b: Gallade
|-damage|p2b: Gallade|80/100
|move|p1b: Ursaluna|Calm Mind|p1b: Ursaluna
|-boost|p1b: Ursaluna|spa|1
|-boost|p1b: Ursaluna|spd|1
|
|-weather|SunnyDay|[upkeep]
|-heal|p2a: Torkoal|84/100|[from] Grassy Terrain
|-heal|p1b: Ursaluna|51/100|[from] Grassy Terrain
|-heal|p1b: Ursaluna|58/100|[from] item: Leftovers
|-heal|p2b: Gallade|86/100|[from] Grassy Terrain
|-heal|p1a: Rillaboom|62/100|[from] Grassy Terrain
|-fieldend|move: Trick Room
|upkeep
|turn|6
|inactive|jchase42 has 30 seconds left.
|
|t:|1756336645
|switch|p2a: Indeedee|Indeedee-F, L50, F|36/100
|-fieldstart|move: Psychic Terrain|[from] ability: Psychic Surge|[of] p2a: Indeedee
|-terastallize|p2b: Gallade|Grass
|move|p1b: Ursaluna|Protect|p1b: Ursaluna
|-singleturn|p1b: Ursaluna|Protect
|move|p1a: Rillaboom|Knock Off|p2b: Gallade
|-damage|p2b: Gallade|40/100
|-enditem|p2b: Gallade|Clear Amulet|[from] move: Knock Off|[of] p1a: Rillaboom
|move|p2b: Gallade|Trick Room|p2b: Gallade
|-fieldstart|move: Trick Room|[of] p2b: Gallade
|
|-weather|SunnyDay|[upkeep]
|-heal|p1b: Ursaluna|64/100|[from] item: Leftovers
|upkeep
|turn|7
|inactive|predahound has 30 seconds left.
|inactive|predahound has 20 seconds left.
|inactive|predahound has 15 seconds left.
|
|t:|1756336686
|move|p2a: Indeedee|Follow Me|p2a: Indeedee
|-singleturn|p2a: Indeedee|move: Follow Me
|move|p1b: Ursaluna|Hyper Voice|p2a: Indeedee|[spread] p2a,p2b
|-damage|p2a: Indeedee|0 fnt
|-damage|p2b: Gallade|0 fnt
|faint|p2a: Indeedee
|faint|p2b: Gallade
|move|p1a: Rillaboom|U-turn|p2: Indeedee|[notarget]
|-fail|p1a: Rillaboom
|
|-weather|SunnyDay|[upkeep]
|-heal|p1b: Ursaluna|70/100|[from] item: Leftovers
|upkeep
|
|t:|1756336697
|switch|p2b: Torkoal|Torkoal, L50, F|84/100
|turn|8
|
|t:|1756336703
|switch|p1a: Pelipper|Pelipper, L50, M|1/100
|-weather|RainDance|[from] ability: Drizzle|[of] p1a: Pelipper
|move|p2b: Torkoal|Eruption|p1a: Pelipper|[spread] p1a,p1b
|-resisted|p1a: Pelipper
|-damage|p1a: Pelipper|0 fnt
|-damage|p1b: Ursaluna|58/100
|faint|p1a: Pelipper
|move|p1b: Ursaluna|Earth Power|p2b: Torkoal
|-supereffective|p2b: Torkoal
|-damage|p2b: Torkoal|0 fnt
|faint|p2b: Torkoal
|
|win|predahound
||jchase42 is ready for game 2.
|inactive|predahound has 30 seconds to confirm battle start!
||predahound is ready for game 2.
|uhtml|next|Next: Game 2 of 3
|l|☆predahound
|player|p1|
