|j|☆Cartercaio
|j|☆endk649
|html|Cartercaioendk649    
|uhtml|bestof|Game 2 of a best-of-3
|t:|1756219667
|gametype|doubles
|player|p1|Cartercaio|cheren-gen5bw2|1094
|player|p2|endk649|gambler|1175
|gen|9
|tier|[Gen 9] VGC 2025 Reg H (Bo3)
|rated|
|rule|Species Clause: Limit one of each Pokémon
|rule|Item Clause: Limit 1 of each item
|clearpoke
|poke|p1|Dragonite, L50, M|
|poke|p1|Volcarona, L50, F|
|poke|p1|Sneasler, L50, M|
|poke|p1|Rillaboom, L50, M|
|poke|p1|Electabuzz, L50, M|
|poke|p1|Kingambit, L50, M|
|poke|p2|Feraligatr, L50, F|
|poke|p2|Gholdengo, L50|
|poke|p2|Pelipper, L50, F|
|poke|p2|Amoonguss, L50, M|
|poke|p2|Rillaboom, L50, M|
|poke|p2|Incineroar, L50, F|
|teampreview|4
|showteam|p1|Dragonite||LoadedDice|Multiscale|ScaleShot,ExtremeSpeed,Haze,Protect|||M|||50|,,,,,Fairy]Volcarona||CovertCloak|FlameBody|HeatWave,TeraBlast,QuiverDance,Protect|||F|||50|,,,,,Fairy]Sneasler||FocusSash|Unburden|CloseCombat,DireClaw,Coaching,Protect|||M|||50|,,,,,Stellar]Rillaboom||AssaultVest|GrassySurge|WoodHammer,GrassyGlide,HighHorsepower,FakeOut|||M|||50|,,,,,Fire]Electabuzz||Eviolite|VitalSpirit|Thunderbolt,FollowMe,Taunt,Protect|||M|||50|,,,,,Ghost]Kingambit||BlackGlasses|Defiant|KowtowCleave,SuckerPunch,SwordsDance,Protect|||M|||50|,,,,,Dark
|showteam|p2|Feraligatr||LifeOrb|SheerForce|Liquidation,Crunch,DragonDance,Protect|||F|||50|,,,,,Dark]Gholdengo||Leftovers|GoodasGold|MakeItRain,ShadowBall,NastyPlot,Protect||||||50|,,,,,Water]Pelipper||FocusSash|Drizzle|WeatherBall,Hurricane,Tailwind,Protect|||F|||50|,,,,,Stellar]Amoonguss||CovertCloak|Regenerator|PollenPuff,Spore,RagePowder,Protect|||M|||50|,,,,,Water]Rillaboom||AssaultVest|GrassySurge|WoodHammer,GrassyGlide,FakeOut,Uturn|||M|||50|,,,,,Fire]Incineroar||SafetyGoggles|Intimidate|KnockOff,FakeOut,Taunt,PartingShot|||F|||50|,,,,,Ghost
|
|t:|1756219683
|teamsize|p1|4
|teamsize|p2|4
|start
|switch|p1a: Volcarona|Volcarona, L50, F|100/100
|switch|p1b: Rillaboom|Rillaboom, L50, M|100/100
|switch|p2a: Incineroar|Incineroar, L50, F, shiny|100/100
|switch|p2b: Feraligatr|Feraligatr, L50, F, shiny|100/100
|-fieldstart|move: Grassy Terrain|[from] ability: Grassy Surge|[of] p1b: Rillaboom
|-ability|p2a: Incineroar|Intimidate|boost
|-unboost|p1a: Volcarona|atk|1
|-unboost|p1b: Rillaboom|atk|1
|turn|1
|inactive|Battle timer is ON: inactive players will automatically lose when time's up. (requested by Cartercaio)
|inactive|Cartercaio has 60 seconds left.
|
|t:|1756219720
|switch|p2b: Rillaboom|Rillaboom, L50, M, shiny|100/100
|move|p1b: Rillaboom|Fake Out|p2b: Rillaboom
|-damage|p2b: Rillaboom|92/100
|move|p1a: Volcarona|Quiver Dance|p1a: Volcarona
|-boost|p1a: Volcarona|spa|1
|-boost|p1a: Volcarona|spd|1
|-boost|p1a: Volcarona|spe|1
|move|p2a: Incineroar|Knock Off|p1a: Volcarona
|-damage|p1a: Volcarona|48/100
|-enditem|p1a: Volcarona|Covert Cloak|[from] move: Knock Off|[of] p2a: Incineroar
|
|-heal|p1a: Volcarona|54/100|[from] Grassy Terrain
|-heal|p2b: Rillaboom|98/100|[from] Grassy Terrain
|upkeep
|turn|2
|inactive|Cartercaio has 30 seconds left.
|
|t:|1756219748
|switch|p1b: Kingambit|Kingambit, L50, M, shiny|100/100
|move|p1a: Volcarona|Protect|p1a: Volcarona
|-singleturn|p1a: Volcarona|Protect
|move|p2b: Rillaboom|U-turn|p1b: Kingambit
|-crit|p1b: Kingambit
|-damage|p1b: Kingambit|74/100
|
|t:|1756219761
|switch|p2b: Feraligatr|Feraligatr, L50, F, shiny|100/100|[from] U-turn
|move|p2a: Incineroar|Parting Shot|p1b: Kingambit
|-unboost|p1b: Kingambit|atk|1
|-ability|p1b: Kingambit|Defiant|boost
|-boost|p1b: Kingambit|atk|2
|-unboost|p1b: Kingambit|spa|1
|-ability|p1b: Kingambit|Defiant|boost
|-boost|p1b: Kingambit|atk|2
|
|t:|1756219762
|switch|p2a: Amoonguss|Amoonguss, L50, M, shiny|100/100|[from] Parting Shot
|
|-heal|p1a: Volcarona|60/100|[from] Grassy Terrain
|-heal|p1b: Kingambit|80/100|[from] Grassy Terrain
|upkeep
|turn|3
|inactive|Cartercaio has 30 seconds left.
|inactive|endk649 has 30 seconds left.
|inactive|Cartercaio has 20 seconds left.
|
|t:|1756219799
|-terastallize|p1b: Kingambit|Dark
|move|p2a: Amoonguss|Rage Powder|p2a: Amoonguss
|-singleturn|p2a: Amoonguss|move: Rage Powder
|move|p1a: Volcarona|Heat Wave|p2b: Feraligatr|[spread] p2b
|-miss|p1a: Volcarona|p2a: Amoonguss
|-resisted|p2b: Feraligatr
|-damage|p2b: Feraligatr|66/100
|move|p2b: Feraligatr|Dragon Dance|p2b: Feraligatr
|-boost|p2b: Feraligatr|atk|1
|-boost|p2b: Feraligatr|spe|1
|move|p1b: Kingambit|Kowtow Cleave|p2a: Amoonguss
|-damage|p2a: Amoonguss|0 fnt
|faint|p2a: Amoonguss
|
|-heal|p1a: Volcarona|67/100|[from] Grassy Terrain
|-heal|p2b: Feraligatr|72/100|[from] Grassy Terrain
|-heal|p1b: Kingambit|86/100|[from] Grassy Terrain
|upkeep
|
|t:|1756219807
|switch|p2a: Rillaboom|Rillaboom, L50, M, shiny|98/100
|turn|4
|
|t:|1756219828
|move|p2a: Rillaboom|Fake Out|p1b: Kingambit
|-damage|p1b: Kingambit|76/100
|cant|p1b: Kingambit|flinch
|move|p1a: Volcarona|Heat Wave|p2b: Feraligatr|[spread] p2a
|-miss|p1a: Volcarona|p2b: Feraligatr
|-supereffective|p2a: Rillaboom
|-damage|p2a: Rillaboom|30/100
|-status|p2a: Rillaboom|brn
|move|p2b: Feraligatr|Liquidation|p1a: Volcarona
|-supereffective|p1a: Volcarona
|-damage|p1a: Volcarona|0 fnt
|-status|p2b: Feraligatr|brn|[from] ability: Flame Body|[of] p1a: Volcarona
|faint|p1a: Volcarona
|
|-heal|p2b: Feraligatr|78/100 brn|[from] Grassy Terrain
|-heal|p2a: Rillaboom|36/100 brn|[from] Grassy Terrain
|-heal|p1b: Kingambit|82/100|[from] Grassy Terrain
|-damage|p2b: Feraligatr|72/100 brn|[from] brn
|-damage|p2a: Rillaboom|30/100 brn|[from] brn
|upkeep
|c|☆endk649|Wtf
|
|t:|1756219849
|switch|p1a: Rillaboom|Rillaboom, L50, M|100/100
|turn|5
|inactive|Cartercaio has 30 seconds left.
|inactive|Cartercaio has 20 seconds left.
|inactive|Cartercaio has 15 seconds left.
|inactive|Cartercaio has 10 seconds left.
|
|t:|1756219895
|move|p2b: Feraligatr|Protect|p2b: Feraligatr
|-singleturn|p2b: Feraligatr|Protect
|move|p1a: Rillaboom|Grassy Glide|p2b: Feraligatr
|-activate|p2b: Feraligatr|move: Protect
|move|p2a: Rillaboom|U-turn|p1b: Kingambit
|-supereffective|p1b: Kingambit
|-damage|p1b: Kingambit|65/100
|
|t:|1756219900
|switch|p2a: Incineroar|Incineroar, L50, F, shiny|100/100|[from] U-turn
|-ability|p2a: Incineroar|Intimidate|boost
|-unboost|p1a: Rillaboom|atk|1
|-unboost|p1b: Kingambit|atk|1
|-ability|p1b: Kingambit|Defiant|boost
|-boost|p1b: Kingambit|atk|2
|move|p1b: Kingambit|Kowtow Cleave|p2a: Incineroar
|-resisted|p2a: Incineroar
|-damage|p2a: Incineroar|0 fnt
|faint|p2a: Incineroar
|
|-heal|p2b: Feraligatr|78/100 brn|[from] Grassy Terrain
|-heal|p1b: Kingambit|71/100|[from] Grassy Terrain
|-damage|p2b: Feraligatr|72/100 brn|[from] brn
|-fieldend|move: Grassy Terrain
|upkeep
|
|t:|1756219901
|switch|p2a: Rillaboom|Rillaboom, L50, M, shiny|30/100 brn
|-fieldstart|move: Grassy Terrain|[from] ability: Grassy Surge|[of] p2a: Rillaboom
|turn|6
|
|t:|1756219924
|-terastallize|p2b: Feraligatr|Dark
|move|p2a: Rillaboom|Fake Out|p1b: Kingambit
|-damage|p1b: Kingambit|66/100
|move|p1a: Rillaboom|Grassy Glide|p2b: Feraligatr
|-damage|p2b: Feraligatr|47/100 brn
|cant|p1b: Kingambit|flinch
|move|p2b: Feraligatr|Liquidation|p1b: Kingambit
|-damage|p1b: Kingambit|30/100
|
|-heal|p2b: Feraligatr|53/100 brn|[from] Grassy Terrain
|-heal|p2a: Rillaboom|36/100 brn|[from] Grassy Terrain
|-heal|p1b: Kingambit|36/100|[from] Grassy Terrain
|-damage|p2b: Feraligatr|47/100 brn|[from] brn
|-damage|p2a: Rillaboom|30/100 brn|[from] brn
|upkeep
|turn|7
|inactive|Cartercaio has 30 seconds left.
|inactive|endk649 has 30 seconds left.
|
|t:|1756219957
|move|p2b: Feraligatr|Protect|p2b: Feraligatr
|-singleturn|p2b: Feraligatr|Protect
|move|p1b: Kingambit|Sucker Punch||[still]
|-fail|p1b: Kingambit
|move|p1a: Rillaboom|Wood Hammer|p2b: Feraligatr
|-activate|p2b: Feraligatr|move: Protect
|move|p2a: Rillaboom|Wood Hammer|p1b: Kingambit
|-damage|p1b: Kingambit|7/100
|-damage|p2a: Rillaboom|20/100 brn|[from] Recoil
|
|-heal|p2b: Feraligatr|53/100 brn|[from] Grassy Terrain
|-heal|p2a: Rillaboom|26/100 brn|[from] Grassy Terrain
|-heal|p1b: Kingambit|13/100|[from] Grassy Terrain
|-damage|p2b: Feraligatr|47/100 brn|[from] brn
|-damage|p2a: Rillaboom|20/100 brn|[from] brn
|upkeep
|turn|8
|inactive|endk649 has 30 seconds left.
|
|t:|1756219984
|move|p1b: Kingambit|Protect|p1b: Kingambit
|-singleturn|p1b: Kingambit|Protect
|move|p2a: Rillaboom|Grassy Glide|p1b: Kingambit
|-activate|p1b: Kingambit|move: Protect
|move|p2b: Feraligatr|Crunch|p1a: Rillaboom
|-damage|p1a: Rillaboom|58/100
|move|p1a: Rillaboom|Wood Hammer|p2b: Feraligatr
|-damage|p2b: Feraligatr|0 fnt
|faint|p2b: Feraligatr
|-damage|p1a: Rillaboom|45/100|[from] Recoil
|
|-heal|p1a: Rillaboom|51/100|[from] Grassy Terrain
|-heal|p2a: Rillaboom|26/100 brn|[from] Grassy Terrain
|-heal|p1b: Kingambit|19/100|[from] Grassy Terrain
|-damage|p2a: Rillaboom|20/100 brn|[from] brn
|upkeep
|turn|9
|-message|endk649 forfeited.
|
|win|Cartercaio
|raw|Cartercaio's rating: 1094 → 1126(+32 for winning)
|raw|endk649's rating: 1175 → 1144(-31 for losing)
