|j|☆AuroraDefiant
|j|☆PTP_VGC
|html|AuroraDefiantPTP_VGC    
|uhtml|bestof|Game 3 of a best-of-3
|t:|1754345856
|gametype|doubles
|player|p1|AuroraDefiant|harmony|1279
|player|p2|PTP_VGC|birdkeeper|1246
|gen|9
|tier|[Gen 9] VGC 2025 Reg H (Bo3)
|rated|
|rule|Species Clause: Limit one of each Pokémon
|rule|Item Clause: Limit 1 of each item
|clearpoke
|poke|p1|Incineroar, L50, F|
|poke|p1|Amoonguss, L50, M|
|poke|p1|Annihilape, L50, M|
|poke|p1|Ninetales-Alola, L50, F|
|poke|p1|Rillaboom, L50, F|
|poke|p1|Drifblim, L50, F|
|poke|p2|Arcanine-Hisui, L50, M|
|poke|p2|Weezing, L50, F|
|poke|p2|Porygon2, L50|
|poke|p2|Weavile, L50, F|
|poke|p2|Pawmot, L50, M|
|poke|p2|Toedscruel, L50, M|
|teampreview|4
|showteam|p1|Incineroar||AssaultVest|Intimidate|FakeOut,KnockOff,FlareBlitz,Uturn|||F|||50|,,,,,Ghost]Amoonguss||RockyHelmet|Regenerator|PollenPuff,ClearSmog,RagePowder,Spore|||M|||50|,,,,,Fairy]Annihilape||Leftovers|Defiant|RageFist,DrainPunch,BulkUp,Protect|||M|||50|,,,,,Fire]Ninetales-Alola||CovertCloak|SnowWarning|Blizzard,Encore,Moonblast,AuroraVeil|||F|||50|,,,,,Fire]Rillaboom||MiracleSeed|GrassySurge|Uturn,WoodHammer,GrassyGlide,FakeOut|||F|||50|,,,,,Fire]Drifblim||GrassySeed|Unburden|WillOWisp,Haze,IcyWind,ShadowBall|||F|||50|,,,,,Dark
|showteam|p2|Arcanine-Hisui||AbilityShield|Intimidate|FlareBlitz,RockSlide,ExtremeSpeed,Protect|||M|||50|,,,,,Ghost]Weezing||SitrusBerry|NeutralizingGas|SludgeBomb,WillOWisp,Taunt,Protect|||F|||50|,,,,,Grass]Porygon2||Eviolite|Download|TeraBlast,IceBeam,Recover,TrickRoom||||||50|,,,,,Water]Weavile||WideLens|Pressure|KnockOff,TripleAxel,FakeOut,Protect|||F|||50|,,,,,Stellar]Pawmot||FocusSash|NaturalCure|DoubleShock,CloseCombat,RevivalBlessing,Protect|||M|||50|,,,,,Stellar]Toedscruel||LifeOrb|MyceliumMight|EarthPower,EnergyBall,Spore,RagePowder|||M|||50|,,,,,Water
|inactive|Battle timer is ON: inactive players will automatically lose when time's up. (requested by AuroraDefiant)
|inactive|PTP_VGC has 60 seconds left.
|
|t:|1754345893
|teamsize|p1|4
|teamsize|p2|4
|start
|switch|p1a: Incineroar|Incineroar, L50, F, shiny|100/100
|switch|p1b: Annihilape|Annihilape, L50, M|100/100
|switch|p2a: gbombsz|Toedscruel, L50, M|100/100
|switch|p2b: Adr. & Adr.|Weezing, L50, F|100/100
|-ability|p2b: Adr. & Adr.|Neutralizing Gas
|turn|1
|
|t:|1754345907
|switch|p1b: Ninetales|Ninetales-Alola, L50, F|100/100
|move|p1a: Incineroar|Fake Out|p2a: gbombsz
|-damage|p2a: gbombsz|83/100
|cant|p2a: gbombsz|flinch
|move|p2b: Adr. & Adr.|Taunt|p1b: Ninetales
|-start|p1b: Ninetales|move: Taunt
|
|upkeep
|turn|2
|
|t:|1754345921
|switch|p2a: Vulfmon|Arcanine-Hisui, L50, M|100/100
|-ability|p2a: Vulfmon|Intimidate|boost
|-unboost|p1a: Incineroar|atk|1
|-unboost|p1b: Ninetales|atk|1
|switch|p1a: Rillaboom|Rillaboom, L50, F, shiny|100/100
|move|p1b: Ninetales|Blizzard|p2b: Adr. & Adr.|[spread] p2a
|-miss|p1b: Ninetales|p2b: Adr. & Adr.
|-resisted|p2a: Vulfmon
|-damage|p2a: Vulfmon|85/100
|move|p2b: Adr. & Adr.|Sludge Bomb|p1a: Rillaboom
|-supereffective|p1a: Rillaboom
|-damage|p1a: Rillaboom|33/100
|-status|p1a: Rillaboom|psn
|
|-damage|p1a: Rillaboom|20/100 psn|[from] psn
|upkeep
|turn|3
|
|t:|1754345936
|switch|p1b: Incineroar|Incineroar, L50, F, shiny|100/100
|switch|p1a: Annihilape|Annihilape, L50, M|100/100
|move|p2a: Vulfmon|Rock Slide|p1b: Incineroar|[spread] p1a,p1b
|-resisted|p1a: Annihilape
|-supereffective|p1b: Incineroar
|-damage|p1a: Annihilape|89/100
|-damage|p1b: Incineroar|64/100
|move|p2b: Adr. & Adr.|Sludge Bomb|p1b: Incineroar
|-damage|p1b: Incineroar|46/100
|
|-heal|p1a: Annihilape|95/100|[from] item: Leftovers
|upkeep
|turn|4
|
|t:|1754345956
|switch|p2a: gbombsz|Toedscruel, L50, M|83/100
|move|p1b: Incineroar|Fake Out|p2b: Adr. & Adr.
|-damage|p2b: Adr. & Adr.|92/100
|move|p1a: Annihilape|Bulk Up|p1a: Annihilape
|-boost|p1a: Annihilape|atk|1
|-boost|p1a: Annihilape|def|1
|cant|p2b: Adr. & Adr.|flinch
|
|-heal|p1a: Annihilape|100/100|[from] item: Leftovers
|upkeep
|turn|5
|
|t:|1754345971
|switch|p1b: Rillaboom|Rillaboom, L50, F, shiny|20/100 psn
|move|p1a: Annihilape|Protect|p1a: Annihilape
|-singleturn|p1a: Annihilape|Protect
|move|p2a: gbombsz|Spore|p1a: Annihilape
|-activate|p1a: Annihilape|move: Protect
|move|p2b: Adr. & Adr.|Sludge Bomb|p1b: Rillaboom
|-supereffective|p1b: Rillaboom
|-crit|p1b: Rillaboom
|-damage|p1b: Rillaboom|0 fnt
|faint|p1b: Rillaboom
|
|upkeep
|
|t:|1754345980
|switch|p1b: Ninetales|Ninetales-Alola, L50, F|100/100
|turn|6
|
|t:|1754345993
|switch|p2a: Vulfmon|Arcanine-Hisui, L50, M|85/100
|-ability|p2a: Vulfmon|Intimidate|boost
|-unboost|p1a: Annihilape|atk|1
|-unboost|p1b: Ninetales|atk|1
|move|p1b: Ninetales|Blizzard|p2b: Adr. & Adr.|[spread] p2a,p2b
|-resisted|p2a: Vulfmon
|-damage|p2a: Vulfmon|68/100
|-damage|p2b: Adr. & Adr.|60/100
|move|p1a: Annihilape|Bulk Up|p1a: Annihilape
|-boost|p1a: Annihilape|atk|1
|-boost|p1a: Annihilape|def|1
|move|p2b: Adr. & Adr.|Will-O-Wisp|p1a: Annihilape
|-status|p1a: Annihilape|brn
|
|-damage|p1a: Annihilape|94/100 brn|[from] brn
|upkeep
|turn|7
|
|t:|1754346013
|-terastallize|p1b: Ninetales|Fire
|move|p1b: Ninetales|Blizzard|p2a: Vulfmon|[spread] p2a,p2b
|-resisted|p2a: Vulfmon
|-damage|p2a: Vulfmon|51/100
|-damage|p2b: Adr. & Adr.|29/100
|-enditem|p2b: Adr. & Adr.|Sitrus Berry|[eat]
|-heal|p2b: Adr. & Adr.|54/100|[from] item: Sitrus Berry
|move|p2a: Vulfmon|Flare Blitz|p1b: Ninetales
|-resisted|p1b: Ninetales
|-damage|p1b: Ninetales|60/100
|-damage|p2a: Vulfmon|41/100|[from] Recoil
|move|p1a: Annihilape|Drain Punch|p2a: Vulfmon
|-supereffective|p2a: Vulfmon
|-damage|p2a: Vulfmon|0 fnt
|-heal|p1a: Annihilape|100/100 brn|[from] drain|[of] p2a: Vulfmon
|faint|p2a: Vulfmon
|move|p2b: Adr. & Adr.|Taunt|p1a: Annihilape
|-start|p1a: Annihilape|move: Taunt
|
|-damage|p1a: Annihilape|94/100 brn|[from] brn
|upkeep
|inactive|PTP_VGC has 30 seconds left.
|
|t:|1754346047
|switch|p2a: Back Pocket|Pawmot, L50, M|100/100
|turn|8
|
|t:|1754346062
|move|p2a: Back Pocket|Protect|p2a: Back Pocket
|-singleturn|p2a: Back Pocket|Protect
|move|p1b: Ninetales|Encore|p2b: Adr. & Adr.
|-start|p2b: Adr. & Adr.|Encore
|move|p1a: Annihilape|Rage Fist|p2b: Adr. & Adr.
|-damage|p2b: Adr. & Adr.|26/100
|move|p2b: Adr. & Adr.|Taunt|p1b: Ninetales
|-start|p1b: Ninetales|move: Taunt
|
|-heal|p1a: Annihilape|100/100 brn|[from] item: Leftovers
|-damage|p1a: Annihilape|94/100 brn|[from] brn
|upkeep
|turn|9
|inactive|PTP_VGC has 30 seconds left.
|
|t:|1754346091
|-end|p2b: Adr. & Adr.|ability: Neutralizing Gas
|-weather|Snowscape|[from] ability: Snow Warning|[of] p1b: Ninetales
|switch|p2b: gbombsz|Toedscruel, L50, M|83/100
|move|p1b: Ninetales|Moonblast|p2a: Back Pocket
|-supereffective|p2a: Back Pocket
|-crit|p2a: Back Pocket
|-enditem|p2a: Back Pocket|Focus Sash
|-damage|p2a: Back Pocket|1/100
|-unboost|p2a: Back Pocket|spa|1
|move|p2a: Back Pocket|Revival Blessing|p2a: Back Pocket
|
|t:|1754346094
|-heal|p2: Vulfmon|50/100|[from] move: Revival Blessing
|move|p1a: Annihilape|Rage Fist|p2b: gbombsz
|-damage|p2b: gbombsz|32/100
|
|-weather|Snowscape|[upkeep]
|-heal|p1a: Annihilape|100/100 brn|[from] item: Leftovers
|-damage|p1a: Annihilape|94/100 brn|[from] brn
|upkeep
|turn|10
|inactive|PTP_VGC has 30 seconds left.
|
|t:|1754346129
|-terastallize|p2b: gbombsz|Water
|move|p2a: Back Pocket|Protect|p2a: Back Pocket
|-singleturn|p2a: Back Pocket|Protect
|move|p1b: Ninetales|Blizzard|p2a: Back Pocket|[spread] p2b
|-activate|p2a: Back Pocket|move: Protect
|-resisted|p2b: gbombsz
|-damage|p2b: gbombsz|18/100
|move|p2b: gbombsz|Earth Power|p1b: Ninetales
|-supereffective|p1b: Ninetales
|-damage|p1b: Ninetales|0 fnt
|faint|p1b: Ninetales
|-damage|p2b: gbombsz|8/100|[from] item: Life Orb
|move|p1a: Annihilape|Rage Fist|p2b: gbombsz
|-damage|p2b: gbombsz|0 fnt
|faint|p2b: gbombsz
|
|-weather|Snowscape|[upkeep]
|-heal|p1a: Annihilape|100/100 brn|[from] item: Leftovers
|-damage|p1a: Annihilape|94/100 brn|[from] brn
|-end|p1a: Annihilape|move: Taunt
|upkeep
|
|t:|1754346147
|switch|p1b: Incineroar|Incineroar, L50, F, shiny|46/100
|switch|p2b: Adr. & Adr.|Weezing, L50, F|26/100
|-ability|p2b: Adr. & Adr.|Neutralizing Gas
|turn|11
|
|t:|1754346155
|switch|p2a: Vulfmon|Arcanine-Hisui, L50, M|50/100
|-ability|p2a: Vulfmon|Intimidate|boost
|-unboost|p1a: Annihilape|atk|1
|-unboost|p1b: Incineroar|atk|1
|move|p1b: Incineroar|Fake Out|p2a: Vulfmon
|-resisted|p2a: Vulfmon
|-damage|p2a: Vulfmon|46/100
|move|p1a: Annihilape|Rage Fist|p2b: Adr. & Adr.
|-damage|p2b: Adr. & Adr.|6/100
|move|p2b: Adr. & Adr.|Taunt|p1a: Annihilape
|-start|p1a: Annihilape|move: Taunt
|
|-weather|Snowscape|[upkeep]
|-heal|p1a: Annihilape|100/100 brn|[from] item: Leftovers
|-damage|p1a: Annihilape|94/100 brn|[from] brn
|upkeep
|turn|12
|
|t:|1754346177
|move|p2a: Vulfmon|Rock Slide|p1b: Incineroar|[spread] p1a,p1b
|-resisted|p1a: Annihilape
|-supereffective|p1b: Incineroar
|-damage|p1a: Annihilape|89/100 brn
|-damage|p1b: Incineroar|9/100
|move|p1a: Annihilape|Drain Punch|p2a: Vulfmon
|-supereffective|p2a: Vulfmon
|-damage|p2a: Vulfmon|9/100
|-heal|p1a: Annihilape|100/100 brn|[from] drain|[of] p2a: Vulfmon
|move|p2b: Adr. & Adr.|Sludge Bomb|p1b: Incineroar
|-crit|p1b: Incineroar
|-damage|p1b: Incineroar|0 fnt
|faint|p1b: Incineroar
|
|-weather|Snowscape|[upkeep]
|-damage|p1a: Annihilape|94/100 brn|[from] brn
|upkeep
|turn|13
|inactive|PTP_VGC has 30 seconds left.
|inactive|PTP_VGC has 20 seconds left.
|inactive|PTP_VGC has 15 seconds left.
|
|t:|1754346218
|move|p2b: Adr. & Adr.|Protect|p2b: Adr. & Adr.
|-singleturn|p2b: Adr. & Adr.|Protect
|move|p2a: Vulfmon|Flare Blitz|p1a: Annihilape
|-damage|p1a: Annihilape|71/100 brn
|-damage|p2a: Vulfmon|1/100|[from] Recoil
|move|p1a: Annihilape|Rage Fist|p2b: Adr. & Adr.
|-activate|p2b: Adr. & Adr.|move: Protect
|
|-weather|none
|-heal|p1a: Annihilape|77/100 brn|[from] item: Leftovers
|-damage|p1a: Annihilape|71/100 brn|[from] brn
|upkeep
|turn|14
|
|t:|1754346233
|move|p2a: Vulfmon|Flare Blitz|p1a: Annihilape
|-damage|p1a: Annihilape|46/100 brn
|-damage|p2a: Vulfmon|0 fnt|[from] Recoil
|faint|p2a: Vulfmon
|move|p1a: Annihilape|Rage Fist|p2b: Adr. & Adr.
|-crit|p2b: Adr. & Adr.
|-damage|p2b: Adr. & Adr.|0 fnt
|faint|p2b: Adr. & Adr.
|-end|p2b: Adr. & Adr.|ability: Neutralizing Gas
|
|-heal|p1a: Annihilape|52/100 brn|[from] item: Leftovers
|-damage|p1a: Annihilape|46/100 brn|[from] brn
|-end|p1a: Annihilape|move: Taunt
|upkeep
|
|t:|1754346237
|switch|p2b: Back Pocket|Pawmot, L50, M|1/100
|turn|15
|
|t:|1754346243
|move|p1a: Annihilape|Protect|p1a: Annihilape
|-singleturn|p1a: Annihilape|Protect
|move|p2b: Back Pocket|Double Shock|p1a: Annihilape
|-activate|p1a: Annihilape|move: Protect
|
|-heal|p1a: Annihilape|52/100 brn|[from] item: Leftovers
|-damage|p1a: Annihilape|46/100 brn|[from] brn
|upkeep
|turn|16
|
|t:|1754346249
|move|p2b: Back Pocket|Double Shock|p1a: Annihilape
|-damage|p1a: Annihilape|21/100 brn
|-start|p2b: Back Pocket|typechange|???/Fighting|[from] move: Double Shock
|move|p1a: Annihilape|Drain Punch|p2b: Back Pocket
|-damage|p2b: Back Pocket|0 fnt
|-heal|p1a: Annihilape|22/100 brn|[from] drain|[of] p2b: Back Pocket
|faint|p2b: Back Pocket
|
|win|AuroraDefiant
|raw|AuroraDefiant's rating: 1279 → 1302(+23 for winning)
|raw|PTP_VGC's rating: 1246 → 1223(-23 for losing)
|c|☆AuroraDefiant|gg
|c|☆AuroraDefiant|this team
|c|☆AuroraDefiant|is so annoying to play against
|c|☆AuroraDefiant|kudos
|c|☆PTP_VGC|ggs
