|j|☆silknotsong
|j|☆Ruben1452
|html|silknotsongRuben1452    
|uhtml|bestof|Game 3 of a best-of-3
|t:|1756298557
|gametype|doubles
|player|p1|silknotsong|infielder|1106
|player|p2|Ruben1452|hilbert-wonderlauncher|1154
|gen|9
|tier|[Gen 9] VGC 2025 Reg H (Bo3)
|rated|
|rule|Species Clause: Limit one of each Pokémon
|rule|Item Clause: Limit 1 of each item
|clearpoke
|poke|p1|Charizard, L50, M|
|poke|p1|Torkoal, L50, M|
|poke|p1|Porygon2, L50|
|poke|p1|Incineroar, L50, M|
|poke|p1|Jumpluff, L50, M|
|poke|p1|Ursaluna, L50, M|
|poke|p2|Incineroar, L50, M|
|poke|p2|Basculegion, L50, M|
|poke|p2|Pelipper, L50, M|
|poke|p2|Amoonguss, L50, M|
|poke|p2|Archaludon, L50, M|
|poke|p2|Gholdengo, L50|
|teampreview|4
|showteam|p1|Charizard||ChoiceSpecs|SolarPower|HeatWave,Overheat,WeatherBall,AirSlash|||M|||50|,,,,,Ghost]Torkoal||EjectPack|Drought|Eruption,Overheat,HelpingHand,Protect|||M|||50|,,,,,Fire]Porygon2||Eviolite|Download|TeraBlast,IceBeam,Recover,TrickRoom||||||50|,,,,,Fighting]Incineroar||SitrusBerry|Intimidate|FlareBlitz,KnockOff,FakeOut,PartingShot|||M|||50|,,,,,Ghost]Jumpluff||CovertCloak|Chlorophyll|SleepPowder,SunnyDay,RagePowder,Tailwind|||M|||50|,,,,,Water]Ursaluna||FlameOrb|Guts|HeadlongRush,Facade,Earthquake,Protect|||M|||50|,,,,,Ghost
|showteam|p2|Incineroar||SafetyGoggles|Intimidate|FakeOut,PartingShot,Taunt,KnockOff|||M|||50|,,,,,Ghost]Basculegion||ChoiceBand|SwiftSwim|WaveCrash,LastRespects,FlipTurn,AquaJet|||M|||50|,,,,,Grass]Pelipper||FocusSash|Drizzle|WeatherBall,Hurricane,Tailwind,WideGuard|||M|||50|,,,,,Ground]Amoonguss||SitrusBerry|Regenerator|Spore,RagePowder,PollenPuff,Protect|||M|||50|,,,,,Water]Archaludon||AssaultVest|Stamina|ElectroShot,DragonPulse,FlashCannon,BodyPress|||M|||50|,,,,,Bug]Gholdengo||LifeOrb|GoodasGold|MakeItRain,ShadowBall,NastyPlot,Protect||||||50|,,,,,Water
|inactive|Battle timer is ON: inactive players will automatically lose when time's up. (requested by Ruben1452)
|
|t:|1756298571
|teamsize|p1|4
|teamsize|p2|4
|start
|switch|p1a: Incineroar|Incineroar, L50, M|100/100
|switch|p1b: Jumpluff|Jumpluff, L50, M|100/100
|switch|p2a: Pelipper|Pelipper, L50, M|100/100
|switch|p2b: Amoonguss|Amoonguss, L50, M|100/100
|-weather|RainDance|[from] ability: Drizzle|[of] p2a: Pelipper
|-ability|p1a: Incineroar|Intimidate|boost
|-unboost|p2a: Pelipper|atk|1
|-unboost|p2b: Amoonguss|atk|1
|turn|1
|inactive|Ruben1452 has 30 seconds left.
|inactive|Ruben1452 has 20 seconds left.
|inactive|Ruben1452 has 15 seconds left.
|
|t:|1756298614
|move|p2b: Amoonguss|Protect|p2b: Amoonguss
|-singleturn|p2b: Amoonguss|Protect
|move|p1b: Jumpluff|Sunny Day|p1b: Jumpluff
|-weather|SunnyDay
|move|p2a: Pelipper|Weather Ball|p1b: Jumpluff
|-supereffective|p1b: Jumpluff
|-damage|p1b: Jumpluff|0 fnt
|faint|p1b: Jumpluff
|move|p1a: Incineroar|Flare Blitz|p2b: Amoonguss
|-activate|p2b: Amoonguss|move: Protect
|
|-weather|SunnyDay|[upkeep]
|upkeep
|
|t:|1756298621
|switch|p1b: Charizard|Charizard, L50, M|100/100
|turn|2
|inactive|silknotsong has 30 seconds left.
|
|t:|1756298648
|switch|p2b: Incineroar|Incineroar, L50, M|100/100
|-ability|p2b: Incineroar|Intimidate|boost
|-unboost|p1a: Incineroar|atk|1
|-unboost|p1b: Charizard|atk|1
|move|p1b: Charizard|Weather Ball|p2b: Incineroar
|-resisted|p2b: Incineroar
|-damage|p2b: Incineroar|36/100
|move|p2a: Pelipper|Tailwind|p2a: Pelipper
|-sidestart|p2: Ruben1452|move: Tailwind
|move|p1a: Incineroar|Knock Off|p2b: Incineroar
|-resisted|p2b: Incineroar
|-damage|p2b: Incineroar|23/100
|-enditem|p2b: Incineroar|Safety Goggles|[from] move: Knock Off|[of] p1a: Incineroar
|
|-weather|SunnyDay|[upkeep]
|-damage|p1b: Charizard|88/100|[from] ability: Solar Power|[of] p1b: Charizard
|upkeep
|turn|3
|
|t:|1756298671
|switch|p2a: Amoonguss|Amoonguss, L50, M|100/100
|move|p1b: Charizard|Weather Ball|p2a: Amoonguss
|-supereffective|p2a: Amoonguss
|-crit|p2a: Amoonguss
|-damage|p2a: Amoonguss|0 fnt
|faint|p2a: Amoonguss
|move|p2b: Incineroar|Knock Off|p1b: Charizard
|-damage|p1b: Charizard|36/100
|-enditem|p1b: Charizard|Choice Specs|[from] move: Knock Off|[of] p2b: Incineroar
|move|p1a: Incineroar|Flare Blitz|p2b: Incineroar
|-resisted|p2b: Incineroar
|-damage|p2b: Incineroar|0 fnt
|faint|p2b: Incineroar
|-damage|p1a: Incineroar|93/100|[from] Recoil
|
|-weather|SunnyDay|[upkeep]
|-damage|p1b: Charizard|24/100|[from] ability: Solar Power|[of] p1b: Charizard
|upkeep
|
|t:|1756298678
|switch|p2b: Gholdengo|Gholdengo, L50|100/100
|switch|p2a: Pelipper|Pelipper, L50, M|100/100
|-weather|RainDance|[from] ability: Drizzle|[of] p2a: Pelipper
|turn|4
|inactive|silknotsong has 30 seconds left.
|
|t:|1756298708
|switch|p1b: Torkoal|Torkoal, L50, M|100/100
|-weather|SunnyDay|[from] ability: Drought|[of] p1b: Torkoal
|-terastallize|p2b: Gholdengo|Water
|move|p2b: Gholdengo|Shadow Ball|p1b: Torkoal
|-damage|p1b: Torkoal|25/100
|-damage|p2b: Gholdengo|91/100|[from] item: Life Orb
|move|p2a: Pelipper|Weather Ball|p1a: Incineroar
|-resisted|p1a: Incineroar
|-damage|p1a: Incineroar|69/100
|move|p1a: Incineroar|Knock Off|p2b: Gholdengo
|-damage|p2b: Gholdengo|58/100
|-enditem|p2b: Gholdengo|Life Orb|[from] move: Knock Off|[of] p1a: Incineroar
|
|-weather|SunnyDay|[upkeep]
|upkeep
|turn|5
|inactive|silknotsong has 30 seconds left.
|inactive|Ruben1452 has 30 seconds left.
|inactive|silknotsong has 20 seconds left.
|
|t:|1756298743
|move|p1b: Torkoal|Helping Hand|p1a: Incineroar
|-singleturn|p1a: Incineroar|Helping Hand|[of] p1b: Torkoal
|move|p2b: Gholdengo|Protect|p2b: Gholdengo
|-singleturn|p2b: Gholdengo|Protect
|move|p2a: Pelipper|Weather Ball|p1b: Torkoal
|-resisted|p1b: Torkoal
|-damage|p1b: Torkoal|0 fnt
|faint|p1b: Torkoal
|move|p1a: Incineroar|Knock Off|p2a: Pelipper
|-damage|p2a: Pelipper|45/100
|-enditem|p2a: Pelipper|Focus Sash|[from] move: Knock Off|[of] p1a: Incineroar
|
|-weather|SunnyDay|[upkeep]
|-sideend|p2: Ruben1452|move: Tailwind
|upkeep
|
|t:|1756298750
|switch|p1b: Charizard|Charizard, L50, M|24/100
|turn|6
|
|t:|1756298774
|move|p1b: Charizard|Weather Ball|p2b: Gholdengo
|-resisted|p2b: Gholdengo
|-damage|p2b: Gholdengo|0 fnt
|faint|p2b: Gholdengo
|move|p2a: Pelipper|Weather Ball|p1b: Charizard
|-resisted|p1b: Charizard
|-damage|p1b: Charizard|0 fnt
|faint|p1b: Charizard
|move|p1a: Incineroar|Knock Off|p2a: Pelipper
|-damage|p2a: Pelipper|20/100
|
|-weather|SunnyDay|[upkeep]
|upkeep
|turn|7
|
|t:|1756298783
|move|p2a: Pelipper|Weather Ball|p1a: Incineroar
|-resisted|p1a: Incineroar
|-damage|p1a: Incineroar|47/100
|-enditem|p1a: Incineroar|Sitrus Berry|[eat]
|-heal|p1a: Incineroar|71/100|[from] item: Sitrus Berry
|move|p1a: Incineroar|Knock Off|p2a: Pelipper
|-damage|p2a: Pelipper|0 fnt
|faint|p2a: Pelipper
|
|win|silknotsong
|raw|silknotsong's rating: 1106 → 1134(+28 for winning)
|raw|Ruben1452's rating: 1154 → 1126(-28 for losing)
