|j|☆Eneix1234
|j|☆guyq
|html|Eneix1234guyq    
|uhtml|bestof|Game 2 of a best-of-3
|t:|1782251505
|gametype|doubles
|player|p1|Eneix1234|266|1070
|player|p2|guyq|briar|1172
|gen|9
|tier|[Gen 9 Champions] VGC 2026 Reg M-B (Bo3)
|rated|
|rule|Species Clause: Limit one of each Pokémon
|rule|Item Clause: Limit 1 of each item
|clearpoke
|poke|p1|Froslass, L50, F|
|poke|p1|Sneasler, L50, M|
|poke|p1|Arcanine, L50, F|
|poke|p1|Rotom-Wash, L50|
|poke|p1|Meowscarada, L50, M|
|poke|p1|Ditto, L50|
|poke|p2|Metagross, L50|
|poke|p2|Staraptor, L50, M|
|poke|p2|Garchomp, L50, M|
|poke|p2|Whimsicott, L50, M|
|poke|p2|Rotom-Wash, L50|
|poke|p2|Incineroar, L50, F|
|teampreview|4
|showteam|p1|Froslass||Froslassite|CursedBody|Blizzard,ShadowBall,AuroraVeil,Protect|Timid||F|||50|]Sneasler||WhiteHerb|Unburden|CloseCombat,DireClaw,FakeOut,Protect|Jolly||M|||50|]Arcanine||LifeOrb|Intimidate|HeatWave,ScorchingSands,Protect,WillOWisp|Timid||F|||50|]Rotom-Wash||ChoiceScarf|Levitate|VoltSwitch,Thunderbolt,HydroPump,Trick|Modest|||||50|]Meowscarada||FocusSash|Protean|FlowerTrick,Protect,PlayRough,ThroatChop|Jolly||M|||50|]Ditto||Leftovers|Imposter|Transform|Serious|||||50|
|showteam|p2|Metagross||Metagrossite|ClearBody|PsychicFangs,BulletPunch,StompingTantrum,Protect|Jolly|||||50|]Staraptor||Staraptite|Intimidate|BraveBird,CloseCombat,QuickAttack,Protect|Jolly||M|||50|]Garchomp||LifeOrb|RoughSkin|DragonClaw,Earthquake,RockSlide,Protect|Jolly||M|||50|]Whimsicott||FocusSash|Prankster|Moonblast,Tailwind,Charm,Protect|Timid||M|||50|]Rotom-Wash||Leftovers|Levitate|Thunderbolt,HydroPump,WillOWisp,Protect|Modest|||||50|]Incineroar||SitrusBerry|Intimidate|FlareBlitz,ThroatChop,PartingShot,FakeOut|Adamant||F|||50|
|inactive|Battle timer is ON: inactive players will automatically lose when time's up. (requested by Eneix1234)
|
|t:|1782251531
|teamsize|p1|4
|teamsize|p2|4
|start
|switch|p1a: Froslass|Froslass, L50, F|100/100
|switch|p1b: Arcanine|Arcanine, L50, F|100/100
|switch|p2a: Staraptor|Staraptor, L50, M|100/100
|switch|p2b: Incineroar|Incineroar, L50, F|100/100
|-ability|p2a: Staraptor|Intimidate|boost
|-unboost|p1a: Froslass|atk|1
|-unboost|p1b: Arcanine|atk|1
|-ability|p1b: Arcanine|Intimidate|boost
|-unboost|p2a: Staraptor|atk|1
|-unboost|p2b: Incineroar|atk|1
|-ability|p2b: Incineroar|Intimidate|boost
|-unboost|p1a: Froslass|atk|1
|-unboost|p1b: Arcanine|atk|1
|turn|1
|inactive|Eneix1234 has 30 seconds left.
|
|t:|1782251562
|switch|p2a: Rotom|Rotom-Wash, L50|100/100
|move|p1a: Froslass|Protect|p1a: Froslass
|-singleturn|p1a: Froslass|Protect
|move|p1b: Arcanine|Scorching Sands|p2b: Incineroar
|-supereffective|p2b: Incineroar|1
|-damage|p2b: Incineroar|53/100
|-damage|p1b: Arcanine|90/100|[from] item: Life Orb
|move|p2b: Incineroar|Throat Chop|p1a: Froslass
|-activate|p1a: Froslass|move: Protect
|
|upkeep
|turn|2
|
|t:|1782251579
|switch|p1a: Rotom|Rotom-Wash, L50|100/100
|move|p1b: Arcanine|Protect|p1b: Arcanine
|-singleturn|p1b: Arcanine|Protect
|move|p2a: Rotom|Hydro Pump|p1b: Arcanine
|-activate|p1b: Arcanine|move: Protect
|move|p2b: Incineroar|Throat Chop|p1a: Rotom
|-damage|p1a: Rotom|70/100
|-start|p1a: Rotom|Throat Chop|[silent]
|
|upkeep
|turn|3
|
|t:|1782251597
|switch|p1b: Sneasler|Sneasler, L50, M|100/100
|move|p1a: Rotom|Hydro Pump|p2b: Incineroar
|-supereffective|p2b: Incineroar|1
|-damage|p2b: Incineroar|0 fnt
|faint|p2b: Incineroar
|move|p2a: Rotom|Thunderbolt|p1a: Rotom
|-damage|p1a: Rotom|23/100
|
|-end|p1a: Rotom|Throat Chop|[silent]
|upkeep
|
|t:|1782251608
|switch|p2b: Staraptor|Staraptor, L50, M|100/100
|-ability|p2b: Staraptor|Intimidate|boost
|-unboost|p1a: Rotom|atk|1
|-unboost|p1b: Sneasler|atk|1
|-enditem|p1b: Sneasler|White Herb
|-clearnegativeboost|p1b: Sneasler|[silent]
|turn|4
|inactive|Eneix1234 has 30 seconds left.
|inactive|guyq has 30 seconds left.
|
|t:|1782251637
|detailschange|p2b: Staraptor|Staraptor-Mega, L50, M
|-mega|p2b: Staraptor|Staraptor|Staraptite
|move|p1b: Sneasler|Close Combat|p2a: Rotom
|-damage|p2a: Rotom|48/100
|-unboost|p1b: Sneasler|def|1
|-unboost|p1b: Sneasler|spd|1
|move|p1a: Rotom|Hydro Pump|p2b: Staraptor
|-damage|p2b: Staraptor|29/100
|move|p2b: Staraptor|Close Combat|p1a: Rotom
|-damage|p1a: Rotom|0 fnt
|-boost|p2b: Staraptor|def|1
|-boost|p2b: Staraptor|spd|1
|faint|p1a: Rotom
|move|p2a: Rotom|Thunderbolt|p1b: Sneasler
|-damage|p1b: Sneasler|21/100
|
|-heal|p2a: Rotom|54/100|[from] item: Leftovers
|upkeep
|
|t:|1782251655
|switch|p1a: Froslass|Froslass, L50, F|100/100
|turn|5
|inactive|guyq has 30 seconds left.
|
|t:|1782251691
|switch|p2a: Whimsicott|Whimsicott, L50, M|100/100
|detailschange|p1a: Froslass|Froslass-Mega, L50, F
|-mega|p1a: Froslass|Froslass|Froslassite
|-weather|Snowscape|[from] ability: Snow Warning|[of] p1a: Froslass
|move|p1b: Sneasler|Protect|p1b: Sneasler
|-singleturn|p1b: Sneasler|Protect
|move|p2b: Staraptor|Protect|p2b: Staraptor
|-singleturn|p2b: Staraptor|Protect
|move|p1a: Froslass|Aurora Veil|p1a: Froslass
|-sidestart|p1: Eneix1234|move: Aurora Veil
|
|-weather|Snowscape|[upkeep]
|upkeep
|turn|6
|inactive|guyq has 30 seconds left.
|
|t:|1782251718
|move|p2b: Staraptor|Quick Attack|p1b: Sneasler
|-damage|p1b: Sneasler|3/100
|move|p1b: Sneasler|Dire Claw|p2b: Staraptor
|-damage|p2b: Staraptor|4/100
|move|p1a: Froslass|Blizzard|p2a: Whimsicott|[spread] p2a,p2b
|-supereffective|p2a: Whimsicott|1
|-supereffective|p2b: Staraptor|1
|-enditem|p2a: Whimsicott|Focus Sash
|-damage|p2a: Whimsicott|1/100
|-damage|p2b: Staraptor|0 fnt
|faint|p2b: Staraptor
|move|p2a: Whimsicott|Moonblast|p1a: Froslass
|-damage|p1a: Froslass|70/100
|
|-weather|Snowscape|[upkeep]
|upkeep
|
|t:|1782251731
|switch|p2b: Rotom|Rotom-Wash, L50|54/100
|turn|7
|
|t:|1782251745
|move|p2b: Rotom|Protect|p2b: Rotom
|-singleturn|p2b: Rotom|Protect
|move|p2a: Whimsicott|Tailwind|p2a: Whimsicott
|-sidestart|p2: guyq|move: Tailwind
|move|p1b: Sneasler|Close Combat|p2b: Rotom
|-activate|p2b: Rotom|move: Protect
|move|p1a: Froslass|Blizzard|p2a: Whimsicott|[spread] p2a
|-activate|p2b: Rotom|move: Protect
|-supereffective|p2a: Whimsicott|1
|-damage|p2a: Whimsicott|0 fnt
|faint|p2a: Whimsicott
|
|-weather|Snowscape|[upkeep]
|-heal|p2b: Rotom|59/100|[from] item: Leftovers
|upkeep
|turn|8
|
|t:|1782251765
|move|p1b: Sneasler|Close Combat|p2b: Rotom
|-damage|p2b: Rotom|9/100
|-unboost|p1b: Sneasler|def|1
|-unboost|p1b: Sneasler|spd|1
|move|p2b: Rotom|Thunderbolt|p1b: Sneasler
|-damage|p1b: Sneasler|0 fnt
|faint|p1b: Sneasler
|move|p1a: Froslass|Blizzard|p2b: Rotom
|-resisted|p2b: Rotom|1
|-damage|p2b: Rotom|0 fnt
|faint|p2b: Rotom
|
|win|Eneix1234
||Eneix1234 is ready for game 3.
|inactive|guyq has 30 seconds to confirm battle start!
||guyq is ready for game 3.
|uhtml|next|Next: Game 3 of 3
|l|☆Eneix1234
|player|p1|
