|j|☆P!nkbearz07
|j|☆JCosio
|html|P!nkbearz07JCosio    
|uhtml|bestof|Game 3 of a best-of-3
|t:|1783662059
|gametype|doubles
|player|p1|P!nkbearz07|1|1165
|player|p2|JCosio|fisherman-gen4|1193
|gen|9
|tier|[Gen 9 Champions] VGC 2026 Reg M-B (Bo3)
|rated|
|rule|Species Clause: Limit one of each Pokémon
|rule|Item Clause: Limit 1 of each item
|clearpoke
|poke|p1|Banette, L50, M, shiny|
|poke|p1|Blastoise, L50, F, shiny|
|poke|p1|Incineroar, L50, F, shiny|
|poke|p1|Farigiraf, L50, M, shiny|
|poke|p1|Kommo-o, L50, F, shiny|
|poke|p1|Whimsicott, L50, M, shiny|
|poke|p2|Whimsicott, L50, F|
|poke|p2|Charizard, L50, F|
|poke|p2|Sneasler, L50, M|
|poke|p2|Garchomp, L50, F|
|poke|p2|Kingambit, L50, M|
|poke|p2|Farigiraf, L50, M|
|teampreview|4
|showteam|p1|Banette||Banettite|Insomnia|KnockOff,ShadowSneak,PsychUp,WillOWisp|Impish||M|||50|]Blastoise||Blastoisinite|Torrent|WaterSpout,AuraSphere,IceBeam,Protect|Modest||F|||50|]Incineroar||SitrusBerry|Intimidate|FakeOut,FlareBlitz,DarkestLariat,PartingShot|Careful||F|||50|]Farigiraf||ColburBerry|ArmorTail|TwinBeam,Thunderbolt,TrickRoom,Protect|Modest||M|||50|]Kommo-o||Leftovers|Soundproof|DrainPunch,IronHead,ClangorousSoul,Protect|Adamant||F|||50|]Whimsicott||FocusSash|Prankster|Moonblast,Tailwind,Encore,Endeavor|Timid||M|||50|
|showteam|p2|Whimsicott||FocusSash|Prankster|Protect,Encore,Tailwind,Moonblast|Timid||F|||50|]Charizard||CharizarditeY|Blaze|SolarBeam,WeatherBall,Protect,HeatWave|Timid||F|||50|]Sneasler||WhiteHerb|Unburden|DireClaw,CloseCombat,FakeOut,Protect|Jolly||M|||50|]Garchomp||LifeOrb|RoughSkin|Protect,DragonClaw,Earthquake,RockSlide|Jolly||F|||50|]Kingambit||BlackGlasses|Defiant|KowtowCleave,IronHead,SuckerPunch,Protect|Adamant||M|||50|]Farigiraf||SitrusBerry|ArmorTail|TrickRoom,HyperVoice,Psychic,HelpingHand|Modest||M|||50|
|inactive|Battle timer is ON: inactive players will automatically lose when time's up. (requested by P!nkbearz07)
|inactive|JCosio also wants the timer to be on.
|inactive|P!nkbearz07 has 60 seconds left.
|inactive|JCosio has 60 seconds left.
|inactive|P!nkbearz07 has 30 seconds left.
|inactive|P!nkbearz07 has 20 seconds left.
|inactive|P!nkbearz07 has 15 seconds left.
|inactive|P!nkbearz07 has 10 seconds left.
|
|t:|1783662142
|teamsize|p1|4
|teamsize|p2|4
|start
|switch|p1a: Blastoise|Blastoise, L50, F, shiny|100/100
|switch|p1b: Whimsicott|Whimsicott, L50, M, shiny|100/100
|switch|p2a: Kingambit|Kingambit, L50, M|100/100
|switch|p2b: Farigiraf|Farigiraf, L50, M|100/100
|turn|1
|inactive|P!nkbearz07 has 30 seconds left.
|inactive|JCosio has 30 seconds left.
|inactive|P!nkbearz07 has 20 seconds left.
|inactive|JCosio has 20 seconds left.
|inactive|JCosio has 15 seconds left.
|inactive|JCosio has 10 seconds left.
|inactive|JCosio has 5 seconds left.
|
|t:|1783662195
|detailschange|p1a: Blastoise|Blastoise-Mega, L50, F, shiny
|-mega|p1a: Blastoise|Blastoise|Blastoisinite
|move|p2a: Kingambit|Sucker Punch|p1a: Blastoise
|-damage|p1a: Blastoise|60/100
|move|p1b: Whimsicott|Endeavor|p2b: Farigiraf
|-damage|p2b: Farigiraf|61/100
|move|p1a: Blastoise|Aura Sphere|p2b: Farigiraf
|-crit|p2b: Farigiraf
|-damage|p2b: Farigiraf|1/100
|-enditem|p2b: Farigiraf|Sitrus Berry|[eat]
|-heal|p2b: Farigiraf|26/100|[from] item: Sitrus Berry
|move|p2b: Farigiraf|Hyper Voice|p1b: Whimsicott|[spread] p1a,p1b
|-crit|p1b: Whimsicott
|-damage|p1a: Blastoise|34/100
|-damage|p1b: Whimsicott|21/100
|
|upkeep
|turn|2
|inactive|P!nkbearz07 has 30 seconds left.
|inactive|JCosio has 30 seconds left.
|inactive|JCosio has 20 seconds left.
|inactive|JCosio has 15 seconds left.
|
|t:|1783662236
|switch|p1b: Farigiraf|Farigiraf, L50, M, shiny|100/100
|move|p2a: Kingambit|Sucker Punch||[still]
|cant|p1b: Farigiraf|ability: Armor Tail|Sucker Punch|[of] p2a: Kingambit
|move|p1a: Blastoise|Aura Sphere|p2b: Farigiraf
|-damage|p2b: Farigiraf|0 fnt
|faint|p2b: Farigiraf
|
|upkeep
|
|t:|1783662249
|switch|p2b: Charizard|Charizard, L50, F|100/100
|turn|3
|inactive|P!nkbearz07 has 30 seconds left.
|inactive|P!nkbearz07 has 20 seconds left.
|
|t:|1783662288
|switch|p1a: Kommo-o|Kommo-o, L50, F, shiny|100/100
|detailschange|p2b: Charizard|Charizard-Mega-Y, L50, F
|-mega|p2b: Charizard|Charizard|Charizardite Y
|-weather|SunnyDay|[from] ability: Drought|[of] p2b: Charizard
|move|p2b: Charizard|Protect|p2b: Charizard
|-singleturn|p2b: Charizard|Protect
|move|p1b: Farigiraf|Thunderbolt|p2b: Charizard
|-activate|p2b: Charizard|move: Protect
|move|p2a: Kingambit|Kowtow Cleave|p1b: Farigiraf
|-supereffective|p1b: Farigiraf|1
|-enditem|p1b: Farigiraf|Colbur Berry|[eat]
|-enditem|p1b: Farigiraf|Colbur Berry|[weaken]
|-damage|p1b: Farigiraf|41/100
|
|-weather|SunnyDay|[upkeep]
|upkeep
|turn|4
|inactive|JCosio has 30 seconds left.
|inactive|JCosio has 20 seconds left.
|inactive|JCosio has 15 seconds left.
|inactive|JCosio has 10 seconds left.
|
|t:|1783662334
|move|p1b: Farigiraf|Protect|p1b: Farigiraf
|-singleturn|p1b: Farigiraf|Protect
|move|p2a: Kingambit|Protect|p2a: Kingambit
|-singleturn|p2a: Kingambit|Protect
|move|p2b: Charizard|Heat Wave|p1a: Kommo-o|[spread] p1a
|-activate|p1b: Farigiraf|move: Protect
|-resisted|p1a: Kommo-o|1
|-damage|p1a: Kommo-o|68/100
|-status|p1a: Kommo-o|brn
|move|p1a: Kommo-o|Drain Punch|p2a: Kingambit
|-activate|p2a: Kingambit|move: Protect
|
|-weather|SunnyDay|[upkeep]
|-heal|p1a: Kommo-o|75/100 brn|[from] item: Leftovers
|-damage|p1a: Kommo-o|68/100 brn|[from] brn
|upkeep
|turn|5
|inactive|JCosio has 30 seconds left.
|
|t:|1783662360
|move|p2b: Charizard|Heat Wave|p1a: Kommo-o|[spread] p1a,p1b
|-resisted|p1a: Kommo-o|1
|-damage|p1a: Kommo-o|36/100 brn
|-damage|p1b: Farigiraf|0 fnt
|faint|p1b: Farigiraf
|move|p1a: Kommo-o|Drain Punch|p2a: Kingambit
|-supereffective|p2a: Kingambit|2
|-damage|p2a: Kingambit|49/100
|-heal|p1a: Kommo-o|68/100 brn|[from] drain|[of] p2a: Kingambit
|move|p2a: Kingambit|Iron Head|p1a: Kommo-o
|-damage|p1a: Kommo-o|25/100 brn
|
|-weather|SunnyDay|[upkeep]
|-heal|p1a: Kommo-o|31/100 brn|[from] item: Leftovers
|-damage|p1a: Kommo-o|25/100 brn|[from] brn
|upkeep
|
|t:|1783662375
|switch|p1b: Whimsicott|Whimsicott, L50, M, shiny|21/100
|turn|6
|
|t:|1783662396
|move|p1a: Kommo-o|Protect|p1a: Kommo-o
|-singleturn|p1a: Kommo-o|Protect
|move|p1b: Whimsicott|Tailwind|p1b: Whimsicott
|-sidestart|p1: P!nkbearz07|move: Tailwind
|move|p2a: Kingambit|Sucker Punch||[still]
|-fail|p2a: Kingambit
|move|p2b: Charizard|Heat Wave|p1a: Kommo-o|[spread] p1b
|-activate|p1a: Kommo-o|move: Protect
|-supereffective|p1b: Whimsicott|1
|-damage|p1b: Whimsicott|0 fnt
|faint|p1b: Whimsicott
|
|-weather|SunnyDay|[upkeep]
|-heal|p1a: Kommo-o|31/100 brn|[from] item: Leftovers
|-damage|p1a: Kommo-o|25/100 brn|[from] brn
|upkeep
|
|t:|1783662404
|switch|p1b: Blastoise|Blastoise-Mega, L50, F, shiny|34/100
|turn|7
|inactive|JCosio has 30 seconds left.
|inactive|JCosio has 20 seconds left.
|inactive|JCosio has 15 seconds left.
|
|t:|1783662446
|move|p1b: Blastoise|Protect|p1b: Blastoise
|-singleturn|p1b: Blastoise|Protect
|move|p2b: Charizard|Protect|p2b: Charizard
|-singleturn|p2b: Charizard|Protect
|move|p2a: Kingambit|Protect|p2a: Kingambit
|-singleturn|p2a: Kingambit|Protect
|move|p1a: Kommo-o|Drain Punch|p2a: Kingambit
|-activate|p2a: Kingambit|move: Protect
|
|-weather|none
|-heal|p1a: Kommo-o|31/100 brn|[from] item: Leftovers
|-damage|p1a: Kommo-o|25/100 brn|[from] brn
|upkeep
|turn|8
|inactive|JCosio has 30 seconds left.
|inactive|JCosio has 20 seconds left.
|
|t:|1783662481
|switch|p2b: Sneasler|Sneasler, L50, M|100/100
|move|p1b: Blastoise|Protect|p1b: Blastoise
|-singleturn|p1b: Blastoise|Protect
|move|p2a: Kingambit|Sucker Punch||[still]
|-fail|p2a: Kingambit
|move|p1a: Kommo-o|Drain Punch|p2a: Kingambit
|-supereffective|p2a: Kingambit|2
|-damage|p2a: Kingambit|0 fnt
|-heal|p1a: Kommo-o|57/100 brn|[from] drain|[of] p2a: Kingambit
|faint|p2a: Kingambit
|
|-heal|p1a: Kommo-o|63/100 brn|[from] item: Leftovers
|-damage|p1a: Kommo-o|57/100 brn|[from] brn
|upkeep
|
|t:|1783662495
|switch|p2a: Charizard|Charizard-Mega-Y, L50, F|100/100
|-weather|SunnyDay|[from] ability: Drought|[of] p2a: Charizard
|turn|9
|inactive|JCosio has 30 seconds left.
|inactive|P!nkbearz07 has 30 seconds left.
|inactive|JCosio has 20 seconds left.
|
|t:|1783662537
|move|p2b: Sneasler|Fake Out|p1b: Blastoise
|-damage|p1b: Blastoise|22/100
|move|p1a: Kommo-o|Iron Head|p2a: Charizard
|-resisted|p2a: Charizard|1
|-damage|p2a: Charizard|90/100
|cant|p1b: Blastoise|flinch
|move|p2a: Charizard|Weather Ball|p1a: Kommo-o
|-resisted|p1a: Kommo-o|1
|-damage|p1a: Kommo-o|11/100 brn
|
|-weather|SunnyDay|[upkeep]
|-heal|p1a: Kommo-o|17/100 brn|[from] item: Leftovers
|-damage|p1a: Kommo-o|11/100 brn|[from] brn
|-sideend|p1: P!nkbearz07|move: Tailwind
|upkeep
|turn|10
|c|☆P!nkbearz07|ggwp
|-message|P!nkbearz07 forfeited.
|raw|P!nkbearz07's rating: 1165 → 1142(-23 for losing)
|raw|JCosio's rating: 1193 → 1216(+23 for winning)
|
|win|JCosio
|c|☆JCosio|ggwp
|c|☆JCosio|nice match bro
|c|☆P!nkbearz07|yeah that was clean
|l|☆P!nkbearz07
|player|p1|
