|j|☆Jojo_Z.ro1015
|j|☆goatdengo80
|html|Jojo_Z.ro1015goatdengo80    
|uhtml|bestof|Game 2 of a best-of-3
|t:|1785342716
|gametype|doubles
|player|p1|Jojo_Z.ro1015|riley|1086
|player|p2|goatdengo80|artist|1128
|gen|9
|tier|[Gen 9 Champions] VGC 2026 Reg M-B (Bo3)
|rated|
|rule|Species Clause: Limit one of each Pokémon
|rule|Item Clause: Limit 1 of each item
|clearpoke
|poke|p1|Sceptile, L50, M, shiny|
|poke|p1|Jolteon, L50, M|
|poke|p1|Staraptor, L50, M, shiny|
|poke|p1|Talonflame, L50, M, shiny|
|poke|p1|Sinistcha-Masterpiece, L50|
|poke|p1|Garchomp, L50, M, shiny|
|poke|p2|Floette-Eternal, L50, F|
|poke|p2|Incineroar, L50, F|
|poke|p2|Farigiraf, L50, M|
|poke|p2|Milotic, L50, M|
|poke|p2|Delphox, L50, M|
|poke|p2|Sneasler, L50, M|
|teampreview|4
|showteam|p1|Sceptile||Sceptilite|Unburden|DragonPulse,EnergyBall,Detect,EarthPower|Modest||M|||50|]Jolteon||ChoiceScarf|VoltAbsorb|Protect,Discharge,AlluringVoice,Thunderbolt|Timid||M|||50|]Staraptor||Staraptite|Intimidate|CloseCombat,BraveBird,Tailwind,Roost|Adamant||M|||50|]Talonflame|||GaleWings|Tailwind,Acrobatics,BlazeKick,Protect|Jolly||M|||50|]Sinistcha-Masterpiece||SitrusBerry|Hospitality|StrengthSap,MatchaGotcha,RagePowder,LifeDew|Bold|||||50|]Garchomp||YacheBerry|RoughSkin|DragonClaw,SwordsDance,FireFang,Earthquake|Jolly||M|||50|
|showteam|p2|Floette-Eternal||Floettite|FlowerVeil|DrainingKiss,DazzlingGleam,LightofRuin,Protect|Timid||F|||50|]Incineroar||ChopleBerry|Intimidate|FakeOut,ThroatChop,FlareBlitz,PartingShot|Impish||F|||50|]Farigiraf||SitrusBerry|ArmorTail|TwinBeam,Thunderbolt,Roar,TrickRoom|Quiet||M|||50|]Milotic||Leftovers|Competitive|MuddyWater,Hypnosis,Recover,Coil|Bold||M|||50|]Delphox||Delphoxite|Blaze|HeatWave,Psyshock,NastyPlot,Protect|Timid||M|||50|]Sneasler||WhiteHerb|Unburden|FakeOut,CloseCombat,DireClaw,ThroatChop|Jolly||M|||50|
|inactive|Battle timer is ON: inactive players will automatically lose when time's up. (requested by Jojo_Z.ro1015)
|inactive|goatdengo80 has 60 seconds left.
|
|t:|1785342755
|teamsize|p1|4
|teamsize|p2|4
|start
|switch|p1a: Sinistcha|Sinistcha-Masterpiece, L50|100/100
|switch|p1b: Staraptor|Staraptor, L50, M, shiny|100/100
|switch|p2a: Floette|Floette-Eternal, L50, F|100/100
|switch|p2b: Incineroar|Incineroar, L50, F|100/100
|-ability|p1b: Staraptor|Intimidate|boost
|-unboost|p2a: Floette|atk|1
|-unboost|p2b: Incineroar|atk|1
|-ability|p2b: Incineroar|Intimidate|boost
|-unboost|p1a: Sinistcha|atk|1
|-unboost|p1b: Staraptor|atk|1
|turn|1
|inactive|Jojo_Z.ro1015 has 30 seconds left.
|inactive|goatdengo80 has 30 seconds left.
|inactive|Jojo_Z.ro1015 has 20 seconds left.
|inactive|Jojo_Z.ro1015 has 15 seconds left.
|
|t:|1785342798
|detailschange|p2a: Floette|Floette-Mega, L50, F
|-mega|p2a: Floette|Floette|Floettite
|-ability|p2a: Floette|Fairy Aura
|detailschange|p1b: Staraptor|Staraptor-Mega, L50, M, shiny
|-mega|p1b: Staraptor|Staraptor|Staraptite
|move|p2b: Incineroar|Fake Out|p1b: Staraptor
|-damage|p1b: Staraptor|93/100
|move|p2a: Floette|Dazzling Gleam|p1a: Sinistcha|[spread] p1a,p1b
|-supereffective|p1b: Staraptor|1
|-damage|p1a: Sinistcha|41/100
|-damage|p1b: Staraptor|4/100
|-enditem|p1a: Sinistcha|Sitrus Berry|[eat]
|-heal|p1a: Sinistcha|65/100|[from] item: Sitrus Berry
|cant|p1b: Staraptor|flinch
|move|p1a: Sinistcha|Matcha Gotcha|p2b: Incineroar|[spread] p2a
|-miss|p1a: Sinistcha|p2b: Incineroar
|-damage|p2a: Floette|81/100
|-heal|p1a: Sinistcha|73/100|[from] drain|[of] p2a: Floette
|
|upkeep
|turn|2
|
|t:|1785342818
|move|p2a: Floette|Dazzling Gleam|p1a: Sinistcha|[spread] p1a,p1b
|-supereffective|p1b: Staraptor|1
|-damage|p1a: Sinistcha|16/100
|-damage|p1b: Staraptor|0 fnt
|faint|p1b: Staraptor
|move|p1a: Sinistcha|Life Dew|p1a: Sinistcha
|-heal|p1a: Sinistcha|41/100
|move|p2b: Incineroar|Parting Shot|p1a: Sinistcha
|-unboost|p1a: Sinistcha|atk|1
|-unboost|p1a: Sinistcha|spa|1
|
|t:|1785342832
|switch|p2b: Sneasler|Sneasler, L50, M|100/100|[from] Parting Shot
|
|upkeep
|
|t:|1785342838
|switch|p1b: Garchomp|Garchomp, L50, M, shiny|100/100
|turn|3
|inactive|goatdengo80 has 30 seconds left.
|
|t:|1785342867
|switch|p2b: Incineroar|Incineroar, L50, F|100/100
|-ability|p2b: Incineroar|Intimidate|boost
|-unboost|p1a: Sinistcha|atk|1
|-unboost|p1b: Garchomp|atk|1
|move|p1b: Garchomp|Earthquake|p2b: Incineroar|[spread] p1a,p2a,p2b
|-resisted|p1a: Sinistcha|1
|-supereffective|p2b: Incineroar|1
|-damage|p1a: Sinistcha|33/100
|-damage|p2a: Floette|49/100
|-damage|p2b: Incineroar|60/100
|move|p2a: Floette|Dazzling Gleam|p1b: Garchomp|[spread] p1a,p1b
|-supereffective|p1b: Garchomp|1
|-crit|p1b: Garchomp
|-damage|p1a: Sinistcha|0 fnt
|-damage|p1b: Garchomp|0 fnt
|faint|p1a: Sinistcha
|faint|p1b: Garchomp
|
|upkeep
|
|t:|1785342876
|switch|p1b: Talonflame|Talonflame, L50, M, shiny|100/100
|turn|4
|
|t:|1785342885
|move|p2b: Incineroar|Fake Out|p1b: Talonflame
|-damage|p1b: Talonflame|83/100
|cant|p1b: Talonflame|flinch
|move|p2a: Floette|Dazzling Gleam|p1b: Talonflame
|-resisted|p1b: Talonflame|1
|-damage|p1b: Talonflame|35/100
|
|upkeep
|turn|5
|
|t:|1785342891
|move|p1b: Talonflame|Acrobatics|p2a: Floette
|-damage|p2a: Floette|0 fnt
|faint|p2a: Floette
|move|p2b: Incineroar|Throat Chop|p1b: Talonflame
|-damage|p1b: Talonflame|0 fnt
|faint|p1b: Talonflame
|
|win|goatdengo80
||goatdengo80 is ready for game 3.
||Jojo_Z.ro1015 is ready for game 3.
|uhtml|next|Next: Game 3 of 3
|l|☆goatdengo80
|player|p2|
