|j|☆Ragultrazero
|j|☆madhav56464
|html|Ragultrazeromadhav56464    
|uhtml|bestof|Game 1 of a best-of-3
|t:|1785006688
|gametype|doubles
|player|p1|Ragultrazero|cynthia|1034
|player|p2|madhav56464|roxie|1132
|gen|9
|tier|[Gen 9 Champions] VGC 2026 Reg M-B (Bo3)
|rated|
|rule|Species Clause: Limit one of each Pokémon
|rule|Item Clause: Limit 1 of each item
|clearpoke
|poke|p1|Tsareena, L50, F|
|poke|p1|Mimikyu, L50, M|
|poke|p1|Milotic, L50, F|
|poke|p1|Incineroar, L50, F|
|poke|p1|Scrafty, L50, F|
|poke|p1|Espeon, L50, M|
|poke|p2|Blaziken, L50, M|
|poke|p2|Milotic, L50, M|
|poke|p2|Whimsicott, L50, M|
|poke|p2|Ninetales-Alola, L50, M|
|poke|p2|Farigiraf, L50, F|
|poke|p2|Garchomp, L50, M|
|teampreview|4
|showteam|p1|Tsareena||KebiaBerry|QueenlyMajesty|TripleAxel,TropKick,KnockOff,PlayRough|Brave||F|||50|]Mimikyu||FocusSash|Disguise|ShadowClaw,ShadowSneak,TrickRoom,SwordsDance|Brave||M|||50|]Milotic||Leftovers|Competitive|Scald,IcyWind,LifeDew,Protect|Bold||F|||50|]Incineroar||SitrusBerry|Intimidate|FakeOut,PartingShot,DarkestLariat,FlareBlitz|Adamant||F|||50|]Scrafty||Scraftinite|Intimidate|IronHead,Protect,KnockOff,CloseCombat|Adamant||F|||50|]Espeon||MentalHerb|MagicBounce|SkillSwap,Protect,TrickRoom,ExpandingForce|Sassy||M|||50|
|showteam|p2|Blaziken||Blazikenite|SpeedBoost|FlareBlitz,CloseCombat,RockSlide,Protect|Adamant||M|||50|]Milotic||Leftovers|Competitive|Scald,HelpingHand,Protect,IceBeam|Modest||M|||50|]Whimsicott||FocusSash|Prankster|Tailwind,EnergyBall,Moonblast,Encore|Timid||M|||50|]Ninetales-Alola||NeverMeltIce|SnowWarning|Protect,Roar,Blizzard,FreezeDry|Modest||M|||50|]Farigiraf||SitrusBerry|ArmorTail|HyperVoice,HelpingHand,TrickRoom,Imprison|Bold||F|||50|]Garchomp||LifeOrb|RoughSkin|DragonClaw,StompingTantrum,RockSlide,Protect|Adamant||M|||50|
|inactive|Battle timer is ON: inactive players will automatically lose when time's up. (requested by Ragultrazero)
|
|t:|1785006764
|teamsize|p1|4
|teamsize|p2|4
|start
|switch|p1a: Incineroar|Incineroar, L50, F|100/100
|switch|p1b: Mimikyu|Mimikyu, L50, M|100/100
|switch|p2a: Milotic|Milotic, L50, M|100/100
|switch|p2b: Blaziken|Blaziken, L50, M|100/100
|-ability|p1a: Incineroar|Intimidate|boost
|-unboost|p2a: Milotic|atk|1
|-ability|p2a: Milotic|Competitive|boost
|-boost|p2a: Milotic|spa|2
|-unboost|p2b: Blaziken|atk|1
|turn|1
|
|t:|1785006787
|switch|p2b: Farigiraf|Farigiraf, L50, F|100/100
|move|p2a: Milotic|Scald|p1b: Mimikyu
|-activate|p1b: Mimikyu|ability: Disguise
|-damage|p1b: Mimikyu|100/100
|detailschange|p1b: Mimikyu|Mimikyu-Busted, L50, M
|-damage|p1b: Mimikyu|87/100|[from] pokemon: Mimikyu-Busted
|move|p1a: Incineroar|Parting Shot|p2b: Farigiraf
|-unboost|p2b: Farigiraf|atk|1
|-unboost|p2b: Farigiraf|spa|1
|
|t:|1785006801
|switch|p1a: Milotic|Milotic, L50, F|100/100|[from] Parting Shot
|move|p1b: Mimikyu|Trick Room|p1b: Mimikyu
|-fieldstart|move: Trick Room|[of] p1b: Mimikyu
|
|upkeep
|turn|2
|
|t:|1785006813
|move|p2b: Farigiraf|Hyper Voice|p1b: Mimikyu|[spread] p1a
|-immune|p1b: Mimikyu
|-damage|p1a: Milotic|86/100
|move|p1a: Milotic|Life Dew|p1a: Milotic|[spread] p1a,p1b
|-heal|p1a: Milotic|100/100
|-heal|p1b: Mimikyu|100/100
|move|p1b: Mimikyu|Swords Dance|p1b: Mimikyu
|-boost|p1b: Mimikyu|atk|2
|move|p2a: Milotic|Scald|p1b: Mimikyu
|-damage|p1b: Mimikyu|16/100
|
|upkeep
|turn|3
|inactive|madhav56464 has 30 seconds left.
|
|t:|1785006843
|move|p2b: Farigiraf|Hyper Voice|p1b: Mimikyu|[spread] p1a
|-immune|p1b: Mimikyu
|-damage|p1a: Milotic|88/100
|move|p1a: Milotic|Icy Wind|p2b: Farigiraf|[spread] p2a,p2b
|-resisted|p2a: Milotic|1
|-damage|p2a: Milotic|96/100
|-damage|p2b: Farigiraf|91/100
|-unboost|p2a: Milotic|spe|1
|-ability|p2a: Milotic|Competitive|boost
|-boost|p2a: Milotic|spa|2
|-unboost|p2b: Farigiraf|spe|1
|move|p2a: Milotic|Scald|p1b: Mimikyu
|-damage|p1b: Mimikyu|0 fnt
|faint|p1b: Mimikyu
|
|-heal|p2a: Milotic|100/100|[from] item: Leftovers
|-heal|p1a: Milotic|94/100|[from] item: Leftovers
|upkeep
|
|t:|1785006864
|switch|p1b: Espeon|Espeon, L50, M|100/100
|turn|4
|
|t:|1785006876
|move|p2b: Farigiraf|Helping Hand|p2a: Milotic
|-singleturn|p2a: Milotic|Helping Hand|[of] p2b: Farigiraf
|move|p2a: Milotic|Scald|p1b: Espeon
|-damage|p1b: Espeon|0 fnt
|faint|p1b: Espeon
|move|p1a: Milotic|Scald|p2a: Milotic
|-resisted|p2a: Milotic|1
|-damage|p2a: Milotic|89/100
|
|-heal|p2a: Milotic|95/100|[from] item: Leftovers
|-heal|p1a: Milotic|100/100|[from] item: Leftovers
|upkeep
|
|t:|1785006893
|switch|p1b: Incineroar|Incineroar, L50, F|100/100
|-ability|p1b: Incineroar|Intimidate|boost
|-unboost|p2a: Milotic|atk|1
|-ability|p2a: Milotic|Competitive|boost
|-boost|p2a: Milotic|spa|2
|-unboost|p2b: Farigiraf|atk|1
|turn|5
|
|t:|1785006909
|move|p2b: Farigiraf|Helping Hand|p2a: Milotic
|-singleturn|p2a: Milotic|Helping Hand|[of] p2b: Farigiraf
|move|p2a: Milotic|Scald|p1b: Incineroar
|-supereffective|p1b: Incineroar|1
|-damage|p1b: Incineroar|0 fnt
|faint|p1b: Incineroar
|move|p1a: Milotic|Scald|p2b: Farigiraf
|-damage|p2b: Farigiraf|65/100
|-status|p2b: Farigiraf|brn
|
|-heal|p2a: Milotic|100/100|[from] item: Leftovers
|-damage|p2b: Farigiraf|59/100 brn|[from] brn
|-fieldend|move: Trick Room
|upkeep
|turn|6
|
|t:|1785006927
|move|p2b: Farigiraf|Helping Hand|p2a: Milotic
|-singleturn|p2a: Milotic|Helping Hand|[of] p2b: Farigiraf
|move|p1a: Milotic|Scald|p2a: Milotic
|-resisted|p2a: Milotic|1
|-damage|p2a: Milotic|90/100
|move|p2a: Milotic|Scald|p1a: Milotic
|-resisted|p1a: Milotic|1
|-damage|p1a: Milotic|17/100
|-status|p1a: Milotic|brn
|
|-heal|p1a: Milotic|23/100 brn|[from] item: Leftovers
|-heal|p2a: Milotic|96/100|[from] item: Leftovers
|-damage|p1a: Milotic|17/100 brn|[from] brn
|-damage|p2b: Farigiraf|53/100 brn|[from] brn
|upkeep
|turn|7
|
|t:|1785006942
|move|p1a: Milotic|Scald|p2a: Milotic
|-resisted|p2a: Milotic|1
|-damage|p2a: Milotic|84/100
|move|p2a: Milotic|Scald|p1a: Milotic
|-resisted|p1a: Milotic|1
|-damage|p1a: Milotic|0 fnt
|faint|p1a: Milotic
|
|win|madhav56464
||madhav56464 is ready for game 2.
||Ragultrazero is ready for game 2.
|uhtml|next|Next: Game 2 of 3
|l|☆Ragultrazero
|player|p1|
