|j|☆lillbro64
|j|☆itina99
|html|lillbro64itina99    
|uhtml|bestof|Game 3 of a best-of-3
|t:|1756993484
|gametype|doubles
|player|p1|lillbro64|veteran|1090
|player|p2|itina99|170|1157
|gen|9
|tier|[Gen 9] VGC 2025 Reg H (Bo3)
|rated|
|rule|Species Clause: Limit one of each Pokémon
|rule|Item Clause: Limit 1 of each item
|clearpoke
|poke|p1|Grimmsnarl, L50, M|
|poke|p1|Volcarona, L50, M|
|poke|p1|Tyranitar, L50, M|
|poke|p1|Rillaboom, L50, F|
|poke|p1|Garchomp, L50, F|
|poke|p1|Primarina, L50, F|
|poke|p2|Sneasler, L50, F|
|poke|p2|Indeedee, L50, M|
|poke|p2|Volcarona, L50, F|
|poke|p2|Ursaluna-Bloodmoon, L50, M|
|poke|p2|Annihilape, L50, F|
|poke|p2|Tyranitar, L50, M|
|teampreview|4
|showteam|p1|Grimmsnarl||CovertCloak|Prankster|FakeOut,SpiritBreak,ThunderWave,FakeTears|||M|||50|,,,,,Steel]Volcarona||SafetyGoggles|FlameBody|FieryDance,StruggleBug,QuiverDance,Protect|||M|||50|,,,,,Steel]Tyranitar||AssaultVest|SandStream|RockSlide,LowKick,KnockOff,TeraBlast|||M|||50|,,,,,Flying]Rillaboom||MiracleSeed|GrassySurge|FakeOut,WoodHammer,GrassyGlide,Protect|||F|||50|,,,,,Grass]Garchomp||ClearAmulet|SandVeil|Earthquake,DragonClaw,BreakingSwipe,Protect|||F|||50|,,,,,Fairy]Primarina||MysticWater|LiquidVoice|DazzlingGleam,HyperVoice,Haze,Protect|||F|||50|,,,,,Ground
|showteam|p2|Sneasler||PsychicSeed|Unburden|CloseCombat,DireClaw,ThroatChop,Protect|||F|||50|,,,,,Dark]Indeedee||ChoiceScarf|PsychicSurge|ExpandingForce,TeraBlast,Trick,Protect|||M|||50|,,,,,Psychic]Volcarona||SitrusBerry|FlameBody|Overheat,StruggleBug,RagePowder,Tailwind|||F|||50|,,,,,Grass]Ursaluna-Bloodmoon||LifeOrb|MindsEye|BloodMoon,HyperVoice,EarthPower,Protect|||M|||50|,,,,,Normal]Annihilape||SafetyGoggles|Defiant|CloseCombat,RageFist,Taunt,FinalGambit|||F|||50|,,,,,Fairy]Tyranitar||AssaultVest|SandStream|RockSlide,KnockOff,TeraBlast,LowKick|||M|||50|,,,,,Flying
|inactive|Battle timer is ON: inactive players will automatically lose when time's up. (requested by lillbro64)
|
|t:|1756993513
|teamsize|p1|4
|teamsize|p2|4
|start
|switch|p1a: Tyrannis|Tyranitar, L50, M, shiny|100/100
|switch|p1b: Tricky Rick|Grimmsnarl, L50, M|100/100
|switch|p2a: Sneasler|Sneasler, L50, F|100/100
|switch|p2b: Indeedee|Indeedee, L50, M|100/100
|-fieldstart|move: Psychic Terrain|[from] ability: Psychic Surge|[of] p2b: Indeedee
|-enditem|p2a: Sneasler|Psychic Seed
|-boost|p2a: Sneasler|spd|1|[from] item: Psychic Seed
|-weather|Sandstorm|[from] ability: Sand Stream|[of] p1a: Tyrannis
|turn|1
|inactive|lillbro64 has 30 seconds left.
|inactive|itina99 has 30 seconds left.
|
|t:|1756993538
|switch|p1b: Donkey Kong|Rillaboom, L50, F|100/100
|-fieldstart|move: Grassy Terrain|[from] ability: Grassy Surge|[of] p1b: Donkey Kong
|-terastallize|p1a: Tyrannis|Flying
|move|p2a: Sneasler|Close Combat|p1a: Tyrannis
|-resisted|p1a: Tyrannis
|-damage|p1a: Tyrannis|73/100
|-unboost|p2a: Sneasler|def|1
|-unboost|p2a: Sneasler|spd|1
|move|p2b: Indeedee|Expanding Force|p1a: Tyrannis
|-damage|p1a: Tyrannis|52/100
|move|p1a: Tyrannis|Tera Blast|p2a: Sneasler|[anim] Tera Blast Flying
|-supereffective|p2a: Sneasler
|-damage|p2a: Sneasler|0 fnt
|faint|p2a: Sneasler
|
|-weather|Sandstorm|[upkeep]
|-damage|p2b: Indeedee|95/100|[from] Sandstorm
|-damage|p1b: Donkey Kong|95/100|[from] Sandstorm
|-damage|p1a: Tyrannis|46/100|[from] Sandstorm
|-heal|p2b: Indeedee|100/100|[from] Grassy Terrain
|-heal|p1b: Donkey Kong|100/100|[from] Grassy Terrain
|upkeep
|
|t:|1756993559
|switch|p2a: Tyranitar|Tyranitar, L50, M|100/100
|turn|2
|
|t:|1756993572
|switch|p2b: Annihilape|Annihilape, L50, F|100/100
|-terastallize|p2a: Tyranitar|Flying
|move|p1b: Donkey Kong|Fake Out|p2a: Tyranitar
|-damage|p2a: Tyranitar|89/100
|cant|p2a: Tyranitar|flinch
|move|p1a: Tyrannis|Rock Slide|p2b: Annihilape|[spread] p2a,p2b
|-supereffective|p2a: Tyranitar
|-resisted|p2b: Annihilape
|-damage|p2a: Tyranitar|36/100
|-damage|p2b: Annihilape|84/100
|
|-weather|Sandstorm|[upkeep]
|-damage|p1b: Donkey Kong|95/100|[from] Sandstorm
|-damage|p2a: Tyranitar|30/100|[from] Sandstorm
|-damage|p1a: Tyrannis|40/100|[from] Sandstorm
|-heal|p2b: Annihilape|90/100|[from] Grassy Terrain
|-heal|p1b: Donkey Kong|100/100|[from] Grassy Terrain
|upkeep
|turn|3
|inactive|itina99 has 30 seconds left.
|inactive|itina99 has 20 seconds left.
|inactive|itina99 has 15 seconds left.
|inactive|itina99 has 10 seconds left.
|
|t:|1756993620
|move|p2b: Annihilape|Rage Fist|p1a: Tyrannis
|-damage|p1a: Tyrannis|7/100
|move|p1b: Donkey Kong|Wood Hammer|p2a: Tyranitar
|-resisted|p2a: Tyranitar
|-damage|p2a: Tyranitar|0 fnt
|faint|p2a: Tyranitar
|-damage|p1b: Donkey Kong|90/100|[from] Recoil
|move|p1a: Tyrannis|Tera Blast|p2b: Annihilape|[anim] Tera Blast Flying
|-supereffective|p2b: Annihilape
|-damage|p2b: Annihilape|0 fnt
|faint|p2b: Annihilape
|
|-weather|Sandstorm|[upkeep]
|-damage|p1b: Donkey Kong|84/100|[from] Sandstorm
|-damage|p1a: Tyrannis|1/100|[from] Sandstorm
|-heal|p1b: Donkey Kong|90/100|[from] Grassy Terrain
|upkeep
|
|t:|1756993637
|switch|p2b: Indeedee|Indeedee, L50, M|100/100
|-fieldstart|move: Psychic Terrain|[from] ability: Psychic Surge|[of] p2b: Indeedee
|turn|4
|c|☆itina99|gg
|c|☆lillbro64|gg
|
|t:|1756993648
|switch|p1b: Tricky Rick|Grimmsnarl, L50, M|100/100
|move|p2b: Indeedee|Expanding Force|p1a: Tyrannis|[spread] p1a
|-immune|p1b: Tricky Rick
|-damage|p1a: Tyrannis|0 fnt
|faint|p1a: Tyrannis
|
|-weather|Sandstorm|[upkeep]
|-damage|p2b: Indeedee|95/100|[from] Sandstorm
|-damage|p1b: Tricky Rick|94/100|[from] Sandstorm
|upkeep
|
|t:|1756993655
|switch|p1a: Donkey Kong|Rillaboom, L50, F|90/100
|-fieldstart|move: Grassy Terrain|[from] ability: Grassy Surge|[of] p1a: Donkey Kong
|turn|5
|inactive|itina99 has 30 seconds left.
|inactive|itina99 has 20 seconds left.
|inactive|itina99 has 15 seconds left.
|inactive|itina99 has 10 seconds left.
|inactive|itina99 has 5 seconds left.
|-message|itina99 forfeited.
|
|win|lillbro64
|raw|lillbro64's rating: 1090 → 1122(+32 for winning)
|raw|itina99's rating: 1157 → 1127(-30 for losing)
