|j|☆Isam_26011
|j|☆Pickle315
|html|Isam_26011Pickle315    
|uhtml|bestof|Game 2 of a best-of-3
|t:|1756953326
|gametype|doubles
|player|p1|Isam_26011|n|1083
|player|p2|Pickle315|hilbert|1040
|gen|9
|tier|[Gen 9] VGC 2025 Reg H (Bo3)
|rated|
|rule|Species Clause: Limit one of each Pokémon
|rule|Item Clause: Limit 1 of each item
|clearpoke
|poke|p1|Indeedee-F, L50, F|
|poke|p1|Hatterene, L50, F|
|poke|p1|Gallade, L50, M|
|poke|p1|Ursaluna, L50, M|
|poke|p1|Sunflora, L50, M|
|poke|p1|Torkoal, L50, M|
|poke|p2|Torkoal, L50, F|
|poke|p2|Amoonguss, L50, M|
|poke|p2|Charizard, L50, F|
|poke|p2|Kingambit, L50, M|
|poke|p2|Rillaboom, L50, M|
|poke|p2|Dragapult, L50, F|
|teampreview|4
|showteam|p1|Indeedee-F||PsychicSeed|PsychicSurge|TrickRoom,FollowMe,HelpingHand,DazzlingGleam|||F|||50|,,,,,Fire]Hatterene||LifeOrb|MagicBounce|ExpandingForce,TrickRoom,DazzlingGleam,Protect|||F|||50|,,,,,Psychic]Gallade||ClearAmulet|Sharpness|PsychoCut,TrickRoom,SacredSword,WideGuard|||M|||50|,,,,,Grass]Ursaluna||FlameOrb|Guts|HeadlongRush,Facade,SwordsDance,Protect|||M|||50|,,,,,Ghost]Sunflora||AssaultVest|SolarPower|EnergyBall,WeatherBall,SludgeBomb,EarthPower|||M|||50|,,,,,Fire]Torkoal||ChoiceSpecs|Drought|Eruption,HeatWave,WeatherBall,EarthPower|||M|||50|,,,,,Fire
|showteam|p2|Torkoal||SafetyGoggles|Drought|BodyPress,HeatWave,HelpingHand,WillOWisp|||F|||50|,,,,,Fighting]Amoonguss||RockyHelmet|Regenerator|PollenPuff,RagePowder,Spore,Synthesis|||M|||50|,,,,,Water]Charizard||LifeOrb|SolarPower|TeraBlast,HeatWave,Protect,SolarBeam|||F|||50|,,,,,Flying]Kingambit||AssaultVest|Defiant|KowtowCleave,IronHead,SuckerPunch,BrickBreak|||M|||50|,,,,,Ghost]Rillaboom||SitrusBerry|GrassySurge|HighHorsepower,GrassyGlide,SolarBlade,FakeOut|||M|||50|,,,,,Electric]Dragapult||ColburBerry|ClearBody|SunnyDay,Protect,DracoMeteor,Thunderbolt|||F|||50|,,,,,Steel
|c|☆Isam_26011|Is your mouth okay buddy?
|c|☆Pickle315|yeah, i have gausse in it now
|
|t:|1756953377
|teamsize|p1|4
|teamsize|p2|4
|start
|switch|p1a: Shura|Gallade, L50, M, shiny|100/100
|switch|p1b: Mbappe|Torkoal, L50, M, shiny|100/100
|switch|p2a: Torkoal|Torkoal, L50, F|100/100
|switch|p2b: Charizard|Charizard, L50, F|100/100
|-weather|SunnyDay|[from] ability: Drought|[of] p1b: Mbappe
|turn|1
|
|t:|1756953402
|-terastallize|p2b: Charizard|Flying
|move|p2b: Charizard|Tera Blast|p1a: Shura|[anim] Tera Blast Flying
|-supereffective|p1a: Shura
|-damage|p1a: Shura|0 fnt
|faint|p1a: Shura
|-damage|p2b: Charizard|91/100|[from] item: Life Orb
|move|p2a: Torkoal|Body Press|p1b: Mbappe
|-damage|p1b: Mbappe|76/100
|move|p1b: Mbappe|Earth Power|p2a: Torkoal
|-supereffective|p2a: Torkoal
|-damage|p2a: Torkoal|0 fnt
|faint|p2a: Torkoal
|
|-weather|SunnyDay|[upkeep]
|-damage|p2b: Charizard|78/100|[from] ability: Solar Power|[of] p2b: Charizard
|upkeep
|
|t:|1756953421
|switch|p1a: Paty|Indeedee-F, L50, F, shiny|100/100
|switch|p2a: Rillaboom|Rillaboom, L50, M|100/100
|-fieldstart|move: Grassy Terrain|[from] ability: Grassy Surge|[of] p2a: Rillaboom
|-fieldstart|move: Psychic Terrain|[from] ability: Psychic Surge|[of] p1a: Paty
|-enditem|p1a: Paty|Psychic Seed
|-boost|p1a: Paty|spd|1|[from] item: Psychic Seed
|turn|2
|c|☆Isam_26011|... Problems of playing while sleepy
|
|t:|1756953464
|switch|p2a: Kingambit|Kingambit, L50, M|100/100
|switch|p1b: Acelga|Hatterene, L50, F, shiny|100/100
|-terastallize|p1a: Paty|Fire
|move|p2b: Charizard|Tera Blast|p1b: Acelga|[anim] Tera Blast Flying
|-damage|p1b: Acelga|0 fnt
|faint|p1b: Acelga
|-damage|p2b: Charizard|69/100|[from] item: Life Orb
|move|p1a: Paty|Trick Room|p1a: Paty
|-fieldstart|move: Trick Room|[of] p1a: Paty
|
|-weather|SunnyDay|[upkeep]
|-damage|p2b: Charizard|56/100|[from] ability: Solar Power|[of] p2b: Charizard
|upkeep
|
|t:|1756953470
|switch|p1b: Mbappe|Torkoal, L50, M, shiny|76/100
|turn|3
|c|☆Pickle315|im still unsure of this team
|
|t:|1756953489
|move|p1a: Paty|Helping Hand|p1b: Mbappe
|-singleturn|p1b: Mbappe|Helping Hand|[of] p1a: Paty
|move|p2b: Charizard|Protect|p2b: Charizard
|-singleturn|p2b: Charizard|Protect
|move|p2a: Kingambit|Sucker Punch|p1b: Mbappe
|-activate|p1b: Mbappe|move: Psychic Terrain
|move|p1b: Mbappe|Eruption|p2a: Kingambit|[spread] p2a
|-activate|p2b: Charizard|move: Protect
|-supereffective|p2a: Kingambit
|-damage|p2a: Kingambit|0 fnt
|faint|p2a: Kingambit
|
|-weather|SunnyDay|[upkeep]
|-damage|p2b: Charizard|44/100|[from] ability: Solar Power|[of] p2b: Charizard
|upkeep
|c|☆Pickle315|im so dumb
|
|t:|1756953502
|switch|p2a: Rillaboom|Rillaboom, L50, M|100/100
|-fieldstart|move: Grassy Terrain|[from] ability: Grassy Surge|[of] p2a: Rillaboom
|turn|4
|c|☆Isam_26011|Don't say that
|
|t:|1756953539
|move|p2a: Rillaboom|Fake Out|p1b: Mbappe
|-damage|p1b: Mbappe|65/100
|cant|p1b: Mbappe|flinch
|move|p1a: Paty|Dazzling Gleam|p2a: Rillaboom|[spread] p2a,p2b
|-damage|p2a: Rillaboom|87/100
|-damage|p2b: Charizard|27/100
|move|p2b: Charizard|Tera Blast|p1b: Mbappe|[anim] Tera Blast Flying
|-damage|p1b: Mbappe|0 fnt
|faint|p1b: Mbappe
|-damage|p2b: Charizard|17/100|[from] item: Life Orb
|
|-weather|SunnyDay|[upkeep]
|-damage|p2b: Charizard|5/100|[from] ability: Solar Power|[of] p2b: Charizard
|-heal|p2a: Rillaboom|93/100|[from] Grassy Terrain
|upkeep
|turn|5
|c|☆Pickle315|you should have follow med
|
|t:|1756953563
|move|p1a: Paty|Dazzling Gleam|p2a: Rillaboom|[spread] p2a,p2b
|-damage|p2a: Rillaboom|79/100
|-damage|p2b: Charizard|0 fnt
|faint|p2b: Charizard
|move|p2a: Rillaboom|High Horsepower|p1a: Paty
|-supereffective|p1a: Paty
|-damage|p1a: Paty|44/100
|
|-weather|none
|-heal|p1a: Paty|50/100|[from] Grassy Terrain
|-heal|p2a: Rillaboom|85/100|[from] Grassy Terrain
|upkeep
|turn|6
|inactive|Battle timer is ON: inactive players will automatically lose when time's up. (requested by Pickle315)
|c|☆Isam_26011|Follow Me has +2, Fake Out +3
|
|t:|1756953632
|move|p1a: Paty|Dazzling Gleam|p2a: Rillaboom
|-damage|p2a: Rillaboom|65/100
|move|p2a: Rillaboom|High Horsepower|p1a: Paty
|-supereffective|p1a: Paty
|-damage|p1a: Paty|0 fnt
|faint|p1a: Paty
|
|win|Pickle315
||Pickle315 is ready for game 3.
||Isam_26011 is ready for game 3.
|uhtml|next|Next: Game 3 of 3
