|j|☆cgam226
|j|☆Hadrian1917
|html|cgam226Hadrian1917    
|uhtml|bestof|Game 1 of a best-of-3
|t:|1785460127
|gametype|doubles
|player|p1|cgam226|cyclistf-gen4|1180
|player|p2|Hadrian1917|169|1103
|gen|9
|tier|[Gen 9 Champions] VGC 2026 Reg M-B (Bo3)
|rated|
|rule|Species Clause: Limit one of each Pokémon
|rule|Item Clause: Limit 1 of each item
|clearpoke
|poke|p1|Liepard, L50, F|
|poke|p1|Blaziken, L50, F|
|poke|p1|Kleavor, L50, M|
|poke|p1|Froslass, L50, F|
|poke|p1|Toxapex, L50, M|
|poke|p1|Zoroark-Hisui, L50, F, shiny|
|poke|p2|Kingambit, L50, M|
|poke|p2|Staraptor, L50, F|
|poke|p2|Whimsicott, L50, M|
|poke|p2|Sinistcha, L50|
|poke|p2|Pelipper, L50, M|
|poke|p2|Incineroar, L50, M|
|teampreview|4
|showteam|p1|Liepard||BlackGlasses|Prankster|FakeOut,Encore,Taunt,FoulPlay|Impish||F|||50|]Blaziken||LifeOrb|SpeedBoost|Protect,ScorchingSands,AuraSphere,HeatWave|Modest||F|||50|]Kleavor||ChoiceScarf|Sharpness|StoneAxe,XScissor,NightSlash,RockSlide|Adamant||M|||50|]Froslass||Froslassite|SnowCloak|Blizzard,AuroraVeil,ShadowBall,Protect|Timid||F|||50|]Toxapex||Leftovers|Regenerator|Recover,WideGuard,Infestation,Toxic|Careful||M|||50|]Zoroark-Hisui||FocusSash|Illusion|BitterMalice,Snarl,Protect,HyperVoice|Timid||F|||50|
|showteam|p2|Kingambit||BlackGlasses|Defiant|KowtowCleave,Protect,SwordsDance,SuckerPunch|Careful||M|||50|]Staraptor||Staraptite|Intimidate|CloseCombat,BrickBreak,DualWingbeat,Protect|Jolly||F|||50|]Whimsicott||FocusSash|Prankster|Moonblast,Charm,Tailwind,Encore|Modest||M|||50|]Sinistcha||BrightPowder|Hospitality|MatchaGotcha,LifeDew,Protect,RagePowder|Bold|||||50|]Pelipper||SitrusBerry|Drizzle|Hurricane,WeatherBall,WideGuard,Protect|Calm||M|||50|]Incineroar||ShucaBerry|Intimidate|FlareBlitz,FakeOut,PartingShot,ThroatChop|Adamant||M|||50|
|inactive|Battle timer is ON: inactive players will automatically lose when time's up. (requested by cgam226)
|
|t:|1785460185
|teamsize|p1|4
|teamsize|p2|4
|start
|switch|p1a: Froslass|Froslass, L50, F|100/100
|switch|p1b: Toxapex|Toxapex, L50, M|100/100
|switch|p2a: Kingambit|Kingambit, L50, M|100/100
|switch|p2b: Incineroar|Incineroar, L50, M|100/100
|-ability|p2b: Incineroar|Intimidate|boost
|-unboost|p1a: Froslass|atk|1
|-unboost|p1b: Toxapex|atk|1
|turn|1
|inactive|cgam226 has 30 seconds left.
|
|t:|1785460215
|detailschange|p1a: Froslass|Froslass-Mega, L50, F
|-mega|p1a: Froslass|Froslass|Froslassite
|-weather|Snowscape|[from] ability: Snow Warning|[of] p1a: Froslass
|move|p1a: Froslass|Aurora Veil|p1a: Froslass
|-sidestart|p1: cgam226|move: Aurora Veil
|move|p2b: Incineroar|Parting Shot|p1a: Froslass
|-unboost|p1a: Froslass|atk|1
|-unboost|p1a: Froslass|spa|1
|
|t:|1785460224
|switch|p2b: Pelipper|Pelipper, L50, M|100/100|[from] Parting Shot
|-weather|RainDance|[from] ability: Drizzle|[of] p2b: Pelipper
|move|p2a: Kingambit|Swords Dance|p2a: Kingambit
|-boost|p2a: Kingambit|atk|2
|move|p1b: Toxapex|Toxic|p2b: Pelipper
|-status|p2b: Pelipper|tox
|
|-weather|RainDance|[upkeep]
|-damage|p2b: Pelipper|94/100 tox|[from] psn
|upkeep
|turn|2
|
|t:|1785460240
|switch|p1a: Froslass|Froslass-Mega, L50, F|100/100
|move|p2b: Pelipper|Hurricane|p1b: Toxapex
|-damage|p1b: Toxapex|78/100
|move|p2a: Kingambit|Swords Dance|p2a: Kingambit
|-boost|p2a: Kingambit|atk|2
|move|p1b: Toxapex|Infestation|p2a: Kingambit
|-damage|p2a: Kingambit|98/100
|-activate|p2a: Kingambit|move: Infestation|[of] p1b: Toxapex
|
|-weather|RainDance|[upkeep]
|-heal|p1b: Toxapex|84/100|[from] item: Leftovers
|-damage|p2b: Pelipper|82/100 tox|[from] psn
|-damage|p2a: Kingambit|85/100|[from] move: Infestation|[partiallytrapped]
|upkeep
|turn|3
|
|t:|1785460264
|move|p2b: Pelipper|Protect|p2b: Pelipper
|-singleturn|p2b: Pelipper|Protect
|move|p1a: Froslass|Bitter Malice|p2a: Kingambit
|-resisted|p2a: Kingambit|1
|-damage|p2a: Kingambit|71/100
|-unboost|p2a: Kingambit|atk|1
|-ability|p2a: Kingambit|Defiant|boost
|-boost|p2a: Kingambit|atk|2
|move|p2a: Kingambit|Swords Dance|p2a: Kingambit
|-boost|p2a: Kingambit|atk|1
|move|p1b: Toxapex|Infestation|p2b: Pelipper
|-activate|p2b: Pelipper|move: Protect
|
|-weather|RainDance|[upkeep]
|-heal|p1b: Toxapex|90/100|[from] item: Leftovers
|-damage|p2b: Pelipper|64/100 tox|[from] psn
|-damage|p2a: Kingambit|59/100|[from] move: Infestation|[partiallytrapped]
|upkeep
|turn|4
|
|t:|1785460283
|switch|p2b: Sinistcha|Sinistcha, L50|100/100
|-heal|p2a: Kingambit|84/100|[from] ability: Hospitality|[of] p2b: Sinistcha
|move|p1a: Froslass|Hyper Voice|p2b: Sinistcha|[spread] p2a
|-immune|p2b: Sinistcha
|-resisted|p2a: Kingambit|1
|-damage|p2a: Kingambit|71/100
|move|p2a: Kingambit|Kowtow Cleave|p1b: Toxapex
|-damage|p1b: Toxapex|5/100
|move|p1b: Toxapex|Infestation|p2a: Kingambit
|-crit|p2a: Kingambit
|-damage|p2a: Kingambit|68/100
|
|-weather|RainDance|[upkeep]
|-heal|p1b: Toxapex|10/100|[from] item: Leftovers
|-damage|p2a: Kingambit|56/100|[from] move: Infestation|[partiallytrapped]
|upkeep
|turn|5
|
|t:|1785460306
|move|p1a: Froslass|Hyper Voice|p2b: Sinistcha|[spread] p2a
|-immune|p2b: Sinistcha
|-resisted|p2a: Kingambit|1
|-damage|p2a: Kingambit|43/100
|move|p2b: Sinistcha|Matcha Gotcha|p1a: Froslass|[spread] p1a,p1b
|-damage|p1a: Froslass|63/100
|-damage|p1b: Toxapex|0 fnt
|replace|p1a: Zoroark|Zoroark-Hisui, L50, F, shiny
|-end|p1a: Zoroark|Illusion
|faint|p1b: Toxapex
|move|p2a: Kingambit|Kowtow Cleave|p1a: Zoroark
|-supereffective|p1a: Zoroark|1
|-damage|p1a: Zoroark|0 fnt
|faint|p1a: Zoroark
|
|-weather|none
|-end|p2a: Kingambit|Infestation|[partiallytrapped]|[silent]
|-sideend|p1: cgam226|move: Aurora Veil
|upkeep
|
|t:|1785460315
|switch|p1a: Blaziken|Blaziken, L50, F|100/100
|switch|p1b: Froslass|Froslass-Mega, L50, F|100/100
|-weather|Snowscape|[from] ability: Snow Warning|[of] p1b: Froslass
|turn|6
|
|t:|1785460328
|switch|p2b: Pelipper|Pelipper, L50, M|64/100 tox
|-weather|RainDance|[from] ability: Drizzle|[of] p2b: Pelipper
|move|p2a: Kingambit|Protect|p2a: Kingambit
|-singleturn|p2a: Kingambit|Protect
|move|p1b: Froslass|Aurora Veil||[still]
|-fail|p1b: Froslass
|move|p1a: Blaziken|Aura Sphere|p2a: Kingambit
|-activate|p2a: Kingambit|move: Protect
|
|-weather|RainDance|[upkeep]
|-damage|p2b: Pelipper|58/100 tox|[from] psn
|-ability|p1a: Blaziken|Speed Boost|boost
|-boost|p1a: Blaziken|spe|1
|upkeep
|turn|7
|
|t:|1785460348
|switch|p2b: Sinistcha|Sinistcha, L50|100/100
|-heal|p2a: Kingambit|68/100|[from] ability: Hospitality|[of] p2b: Sinistcha
|move|p2a: Kingambit|Sucker Punch|p1a: Blaziken
|-resisted|p1a: Blaziken|1
|-damage|p1a: Blaziken|0 fnt
|faint|p1a: Blaziken
|move|p1b: Froslass|Blizzard|p2a: Kingambit|[spread] p2a,p2b
|-resisted|p2a: Kingambit|1
|-supereffective|p2b: Sinistcha|1
|-damage|p2a: Kingambit|53/100
|-damage|p2b: Sinistcha|11/100
|
|-weather|RainDance|[upkeep]
|upkeep
|turn|8
|
|t:|1785460361
|switch|p2b: Incineroar|Incineroar, L50, M|100/100
|-ability|p2b: Incineroar|Intimidate|boost
|-unboost|p1b: Froslass|atk|1
|move|p1b: Froslass|Blizzard|p2a: Kingambit|[spread] p2a,p2b
|-resisted|p2a: Kingambit|1
|-resisted|p2b: Incineroar|1
|-damage|p2a: Kingambit|37/100
|-damage|p2b: Incineroar|82/100
|move|p2a: Kingambit|Kowtow Cleave|p1b: Froslass
|-supereffective|p1b: Froslass|1
|-damage|p1b: Froslass|0 fnt
|faint|p1b: Froslass
|
|win|Hadrian1917
|l|☆cgam226
|player|p1|
||cgam226 is ready for game 2.
||Hadrian1917 is ready for game 2.
|uhtml|next|Next: Game 2 of 3
