|j|☆poopybutt714
|j|☆is_katabo
|html|poopybutt714is_katabo    
|uhtml|bestof|Game 1 of a best-of-3
|t:|1784520641
|gametype|doubles
|player|p1|poopybutt714|102|1263
|player|p2|is_katabo|youngster-gen4dp|1320
|gen|9
|tier|[Gen 9 Champions] VGC 2026 Reg M-B (Bo3)
|rated|
|rule|Species Clause: Limit one of each Pokémon
|rule|Item Clause: Limit 1 of each item
|clearpoke
|poke|p1|Sneasler, L50, M|
|poke|p1|Delphox, L50, M|
|poke|p1|Raichu, L50, M|
|poke|p1|Farigiraf, L50, M|
|poke|p1|Kingambit, L50, F|
|poke|p1|Torkoal, L50, F|
|poke|p2|Metagross, L50|
|poke|p2|Charizard, L50, F|
|poke|p2|Incineroar, L50, M|
|poke|p2|Toxapex, L50, M|
|poke|p2|Garchomp, L50, M|
|poke|p2|Hydreigon, L50, M|
|teampreview|4
|showteam|p1|Sneasler||FocusSash|PoisonTouch|DireClaw,Protect,FakeOut,CloseCombat|Jolly||M|||50|]Delphox||Delphoxite|Blaze|HeatWave,Encore,Protect,ExpandingForce|Timid||M|||50|]Raichu||RaichuniteY|Static|Protect,GrassKnot,FocusBlast,ZapCannon|Timid||M|||50|]Farigiraf||SitrusBerry|ArmorTail|Protect,HyperVoice,Thunderbolt,TrickRoom|Sassy||M|||50|]Kingambit||ExpertBelt|Defiant|Protect,KowtowCleave,IronHead,SuckerPunch|Brave||F|||50|]Torkoal||Charcoal|Drought|HeatWave,SolarBeam,LavaPlume,Eruption|Modest||F|||50|
|showteam|p2|Metagross||Metagrossite|ClearBody|PsychicFangs,BulletPunch,IcePunch,Protect|Jolly|||||50|]Charizard||CharizarditeY|Blaze|WeatherBall,SolarBeam,HeatWave,Protect|Modest||F|||50|]Incineroar||SitrusBerry|Intimidate|FakeOut,ThroatChop,FlareBlitz,PartingShot|Careful||M|||50|]Toxapex||Leftovers|Regenerator|Infestation,Toxic,WideGuard,BanefulBunker|Bold||M|||50|]Garchomp||LifeOrb|RoughSkin|DragonClaw,Earthquake,RockSlide,Protect|Jolly||M|||50|]Hydreigon||ChoiceScarf|Levitate|DracoMeteor,DarkPulse,Snarl,EarthPower|Modest||M|||50|
|inactive|Battle timer is ON: inactive players will automatically lose when time's up. (requested by poopybutt714)
|
|t:|1784520697
|teamsize|p1|4
|teamsize|p2|4
|start
|switch|p1a: Sneasler|Sneasler, L50, M|100/100
|switch|p1b: Farigiraf|Farigiraf, L50, M|100/100
|switch|p2a: Hydreigon|Hydreigon, L50, M|100/100
|switch|p2b: Toxapex|Toxapex, L50, M|100/100
|turn|1
|
|t:|1784520720
|switch|p2a: Incineroar|Incineroar, L50, M|100/100
|-ability|p2a: Incineroar|Intimidate|boost
|-unboost|p1a: Sneasler|atk|1
|-unboost|p1b: Farigiraf|atk|1
|move|p1a: Sneasler|Close Combat|p2a: Incineroar
|-supereffective|p2a: Incineroar|1
|-damage|p2a: Incineroar|30/100
|-unboost|p1a: Sneasler|def|1
|-unboost|p1a: Sneasler|spd|1
|-enditem|p2a: Incineroar|Sitrus Berry|[eat]
|-heal|p2a: Incineroar|55/100|[from] item: Sitrus Berry
|move|p1b: Farigiraf|Thunderbolt|p2b: Toxapex
|-supereffective|p2b: Toxapex|1
|-crit|p2b: Toxapex
|-damage|p2b: Toxapex|49/100
|move|p2b: Toxapex|Infestation|p1a: Sneasler
|-resisted|p1a: Sneasler|2
|-damage|p1a: Sneasler|98/100
|-activate|p1a: Sneasler|move: Infestation|[of] p2b: Toxapex
|
|-heal|p2b: Toxapex|54/100|[from] item: Leftovers
|-damage|p1a: Sneasler|86/100|[from] move: Infestation|[partiallytrapped]
|upkeep
|turn|2
|inactive|is_katabo has 30 seconds left.
|inactive|is_katabo has 20 seconds left.
|inactive|is_katabo has 15 seconds left.
|
|t:|1784520764
|switch|p2a: Charizard|Charizard, L50, F|100/100
|move|p2b: Toxapex|Baneful Bunker|p2b: Toxapex
|-singleturn|p2b: Toxapex|move: Protect
|move|p1a: Sneasler|Close Combat|p2a: Charizard
|-resisted|p2a: Charizard|1
|-damage|p2a: Charizard|82/100
|-unboost|p1a: Sneasler|def|1
|-unboost|p1a: Sneasler|spd|1
|-status|p2a: Charizard|psn|[from] ability: Poison Touch|[of] p1a: Sneasler
|move|p1b: Farigiraf|Thunderbolt|p2b: Toxapex
|-activate|p2b: Toxapex|move: Protect
|
|-heal|p2b: Toxapex|60/100|[from] item: Leftovers
|-damage|p2a: Charizard|70/100 psn|[from] psn
|-damage|p1a: Sneasler|74/100|[from] move: Infestation|[partiallytrapped]
|upkeep
|turn|3
|
|t:|1784520783
|detailschange|p2a: Charizard|Charizard-Mega-Y, L50, F
|-mega|p2a: Charizard|Charizard|Charizardite Y
|-weather|SunnyDay|[from] ability: Drought|[of] p2a: Charizard
|move|p1a: Sneasler|Dire Claw|p2a: Charizard
|-damage|p2a: Charizard|44/100 psn
|move|p2a: Charizard|Heat Wave|p1a: Sneasler|[spread] p1a,p1b
|-damage|p1a: Sneasler|0 fnt
|-damage|p1b: Farigiraf|50/100g
|faint|p1a: Sneasler
|move|p1b: Farigiraf|Thunderbolt|p2b: Toxapex
|-supereffective|p2b: Toxapex|1
|-damage|p2b: Toxapex|24/100
|move|p2b: Toxapex|Infestation|p1b: Farigiraf
|-supereffective|p1b: Farigiraf|1
|-damage|p1b: Farigiraf|44/100
|-activate|p1b: Farigiraf|move: Infestation|[of] p2b: Toxapex
|-enditem|p1b: Farigiraf|Sitrus Berry|[eat]
|-heal|p1b: Farigiraf|69/100|[from] item: Sitrus Berry
|
|-weather|SunnyDay|[upkeep]
|-heal|p2b: Toxapex|30/100|[from] item: Leftovers
|-damage|p2a: Charizard|32/100 psn|[from] psn
|-damage|p1b: Farigiraf|56/100|[from] move: Infestation|[partiallytrapped]
|upkeep
|
|t:|1784520803
|switch|p1a: Raichu|Raichu, L50, M|100/100
|turn|4
|inactive|is_katabo has 30 seconds left.
|inactive|is_katabo has 20 seconds left.
|
|t:|1784520841
|detailschange|p1a: Raichu|Raichu-Mega-Y, L50, M
|-mega|p1a: Raichu|Raichu|Raichunite Y
|move|p1a: Raichu|Protect|p1a: Raichu
|-singleturn|p1a: Raichu|Protect
|move|p2a: Charizard|Heat Wave|p1b: Farigiraf|[spread] p1b
|-activate|p1a: Raichu|move: Protect
|-damage|p1b: Farigiraf|9/100
|move|p1b: Farigiraf|Hyper Voice|p2b: Toxapex|[spread] p2a,p2b
|-damage|p2a: Charizard|10/100 psn
|-damage|p2b: Toxapex|10/100
|move|p2b: Toxapex|Infestation|p1a: Raichu
|-activate|p1a: Raichu|move: Protect
|
|-weather|SunnyDay|[upkeep]
|-heal|p2b: Toxapex|16/100|[from] item: Leftovers
|-damage|p2a: Charizard|0 fnt|[from] psn
|faint|p2a: Charizard
|-damage|p1b: Farigiraf|0 fnt|[from] move: Infestation|[partiallytrapped]
|faint|p1b: Farigiraf
|upkeep
|
|t:|1784520855
|switch|p2a: Hydreigon|Hydreigon, L50, M|100/100
|switch|p1b: Kingambit|Kingambit, L50, F|100/100
|turn|5
|
|t:|1784520872
|move|p2a: Hydreigon|Earth Power|p1a: Raichu
|-supereffective|p1a: Raichu|1
|-damage|p1a: Raichu|2/100
|move|p1a: Raichu|Focus Blast|p2a: Hydreigon
|-supereffective|p2a: Hydreigon|1
|-damage|p2a: Hydreigon|0 fnt
|faint|p2a: Hydreigon
|move|p1b: Kingambit|Kowtow Cleave|p2b: Toxapex
|-damage|p2b: Toxapex|0 fnt
|faint|p2b: Toxapex
|
|-weather|SunnyDay|[upkeep]
|upkeep
|
|t:|1784520881
|switch|p2b: Incineroar|Incineroar, L50, M|55/100
|-ability|p2b: Incineroar|Intimidate|boost
|-unboost|p1a: Raichu|atk|1
|-unboost|p1b: Kingambit|atk|1
|-ability|p1b: Kingambit|Defiant|boost
|-boost|p1b: Kingambit|atk|2
|turn|6
|
|t:|1784520888
|move|p1a: Raichu|Protect|p1a: Raichu
|-singleturn|p1a: Raichu|Protect
|move|p1b: Kingambit|Protect|p1b: Kingambit
|-singleturn|p1b: Kingambit|Protect
|move|p2b: Incineroar|Flare Blitz|p1b: Kingambit
|-activate|p1b: Kingambit|move: Protect
|
|-weather|SunnyDay|[upkeep]
|upkeep
|turn|7
|-message|is_katabo forfeited.
|
|win|poopybutt714
||poopybutt714 is ready for game 2.
||is_katabo is ready for game 2.
|uhtml|next|Next: Game 2 of 3
