|j|☆Actoradoboy fan
|j|☆Soratami
|html|Actoradoboy fanSoratami    
|uhtml|bestof|Game 1 of a best-of-3
|t:|1757910565
|gametype|doubles
|player|p1|Actoradoboy fan|wattson|1380
|player|p2|Soratami|ethan|1272
|gen|9
|tier|[Gen 9] VGC 2025 Reg H (Bo3)
|rated|
|rule|Species Clause: Limit one of each Pokémon
|rule|Item Clause: Limit 1 of each item
|clearpoke
|poke|p1|Ursaluna-Bloodmoon, L50, M|
|poke|p1|Annihilape, L50, M|
|poke|p1|Ninetales-Alola, L50, F|
|poke|p1|Gholdengo, L50|
|poke|p1|Volcarona, L50, M|
|poke|p1|Dragonite, L50, F|
|poke|p2|Pelipper, L50, M|
|poke|p2|Blastoise, L50, M|
|poke|p2|Dragonite, L50, F|
|poke|p2|Archaludon, L50, M|
|poke|p2|Electabuzz, L50, F|
|poke|p2|Rillaboom, L50, M|
|teampreview|4
|showteam|p1|Ursaluna-Bloodmoon||AssaultVest|MindsEye|BloodMoon,EarthPower,HyperVoice,VacuumWave|||M|||50|,,,,,Water]Annihilape||LumBerry|Defiant|RageFist,DrainPunch,BulkUp,Protect|||M|||50|,,,,,Fire]Ninetales-Alola||FocusSash|SnowWarning|Blizzard,IcyWind,AuroraVeil,IcicleSpear|||F|||50|,,,,,Ghost]Gholdengo||LifeOrb|GoodasGold|MakeItRain,ShadowBall,NastyPlot,Protect||||||50|,,,,,Water]Volcarona||SitrusBerry|FlameBody|Overheat,StruggleBug,RagePowder,Tailwind|||M|||50|,,,,,Steel]Dragonite||LoadedDice|Multiscale|ScaleShot,Tailwind,Haze,Protect|||F|||50|,,,,,Steel
|showteam|p2|Pelipper||FocusSash|Drizzle|Hurricane,Tailwind,WeatherBall,WideGuard|||M|||50|,,,,,Steel]Blastoise||MysticWater|RainDish|HydroPump,ShellSmash,WaterSpout,Protect|||M|||50|,,,,,Water]Dragonite||LoadedDice|Multiscale|ExtremeSpeed,Haze,ScaleShot,Protect|||F|||50|,,,,,Fairy]Archaludon||AssaultVest|Stamina|BodyPress,ElectroShot,DracoMeteor,FlashCannon|||M|||50|,,,,,Grass]Electabuzz||Eviolite|VitalSpirit|FollowMe,ThunderWave,Thunderbolt,Protect|||F|||50|,,,,,Ghost]Rillaboom||MiracleSeed|GrassySurge|FakeOut,GrassyGlide,WoodHammer,HighHorsepower|||M|||50|,,,,,Fire
|inactive|Battle timer is ON: inactive players will automatically lose when time's up. (requested by Actoradoboy fan)
|inactive|Soratami also wants the timer to be on.
|inactive|Soratami has 60 seconds left.
|
|t:|1757910598
|teamsize|p1|4
|teamsize|p2|4
|start
|switch|p1a: Sidneycrosby|Dragonite, L50, F|100/100
|switch|p1b: Paul skenes|Gholdengo, L50|100/100
|switch|p2a: Electabuzz|Electabuzz, L50, F|100/100
|switch|p2b: Blastoise|Blastoise, L50, M|100/100
|turn|1
|
|t:|1757910623
|-terastallize|p2b: Blastoise|Water
|move|p2a: Electabuzz|Follow Me|p2a: Electabuzz
|-singleturn|p2a: Electabuzz|move: Follow Me
|move|p1b: Paul skenes|Nasty Plot|p1b: Paul skenes
|-boost|p1b: Paul skenes|spa|2
|move|p1a: Sidneycrosby|Tailwind|p1a: Sidneycrosby
|-sidestart|p1: Actoradoboy fan|move: Tailwind
|move|p2b: Blastoise|Hydro Pump|p1b: Paul skenes
|-damage|p1b: Paul skenes|23/100
|
|upkeep
|turn|2
|
|t:|1757910638
|move|p2b: Blastoise|Protect|p2b: Blastoise
|-singleturn|p2b: Blastoise|Protect
|move|p1b: Paul skenes|Make It Rain|p2b: Blastoise|[spread] p2a
|-activate|p2b: Blastoise|move: Protect
|-resisted|p2a: Electabuzz
|-damage|p2a: Electabuzz|60/100
|-unboost|p1b: Paul skenes|spa|1
|-damage|p1b: Paul skenes|14/100|[from] item: Life Orb
|move|p1a: Sidneycrosby|Scale Shot|p2a: Electabuzz
|-damage|p2a: Electabuzz|48/100
|-damage|p2a: Electabuzz|35/100
|-damage|p2a: Electabuzz|23/100
|-damage|p2a: Electabuzz|10/100
|-damage|p2a: Electabuzz|0 fnt
|faint|p2a: Electabuzz
|-hitcount|p2: Electabuzz|5
|-unboost|p1a: Sidneycrosby|def|1
|-boost|p1a: Sidneycrosby|spe|1
|
|upkeep
|
|t:|1757910658
|switch|p2a: Archaludon|Archaludon, L50, M|100/100
|turn|3
|
|t:|1757910674
|move|p1a: Sidneycrosby|Scale Shot|p2b: Blastoise
|-damage|p2b: Blastoise|85/100
|-damage|p2b: Blastoise|69/100
|-damage|p2b: Blastoise|53/100
|-damage|p2b: Blastoise|39/100
|-damage|p2b: Blastoise|23/100
|-hitcount|p2b: Blastoise|5
|-unboost|p1a: Sidneycrosby|def|1
|-boost|p1a: Sidneycrosby|spe|1
|move|p1b: Paul skenes|Make It Rain|p2a: Archaludon|[spread] p2a,p2b
|-resisted|p2a: Archaludon
|-resisted|p2b: Blastoise
|-damage|p2a: Archaludon|73/100
|-damage|p2b: Blastoise|0 fnt
|-unboost|p1b: Paul skenes|spa|1
|-ability|p2a: Archaludon|Stamina|boost
|-boost|p2a: Archaludon|def|1
|faint|p2b: Blastoise
|-damage|p1b: Paul skenes|4/100|[from] item: Life Orb
|move|p2a: Archaludon|Flash Cannon|p1a: Sidneycrosby
|-damage|p1a: Sidneycrosby|81/100
|
|upkeep
|
|t:|1757910693
|switch|p2b: Pelipper|Pelipper, L50, M|100/100
|-weather|RainDance|[from] ability: Drizzle|[of] p2b: Pelipper
|turn|4
|
|t:|1757910708
|move|p2b: Pelipper|Wide Guard|p2b: Pelipper
|-singleturn|p2b: Pelipper|Wide Guard
|move|p1a: Sidneycrosby|Scale Shot|p2b: Pelipper
|-damage|p2b: Pelipper|80/100
|-damage|p2b: Pelipper|60/100
|-damage|p2b: Pelipper|40/100
|-damage|p2b: Pelipper|21/100
|-hitcount|p2b: Pelipper|4
|-unboost|p1a: Sidneycrosby|def|1
|-boost|p1a: Sidneycrosby|spe|1
|move|p1b: Paul skenes|Shadow Ball|p2b: Pelipper
|-damage|p2b: Pelipper|0 fnt
|faint|p2b: Pelipper
|-damage|p1b: Paul skenes|0 fnt|[from] item: Life Orb
|faint|p1b: Paul skenes
|move|p2a: Archaludon|Electro Shot||[still]
|-prepare|p2a: Archaludon|Electro Shot
|-boost|p2a: Archaludon|spa|1
|-anim|p2a: Archaludon|Electro Shot|p1a: Sidneycrosby
|-damage|p1a: Sidneycrosby|9/100
|
|-weather|RainDance|[upkeep]
|-sideend|p1: Actoradoboy fan|move: Tailwind
|upkeep
|
|t:|1757910713
|switch|p1b: Jeromebettis|Ursaluna-Bloodmoon, L50, M|100/100
|turn|5
|inactive|Soratami has 30 seconds left.
|
|t:|1757910745
|move|p1a: Sidneycrosby|Tailwind|p1a: Sidneycrosby
|-sidestart|p1: Actoradoboy fan|move: Tailwind
|move|p1b: Jeromebettis|Earth Power|p2a: Archaludon
|-supereffective|p2a: Archaludon
|-damage|p2a: Archaludon|5/100
|-ability|p2a: Archaludon|Stamina|boost
|-boost|p2a: Archaludon|def|1
|move|p2a: Archaludon|Electro Shot||[still]
|-prepare|p2a: Archaludon|Electro Shot
|-boost|p2a: Archaludon|spa|1
|-anim|p2a: Archaludon|Electro Shot|p1b: Jeromebettis
|-immune|p1b: Jeromebettis
|
|-weather|RainDance|[upkeep]
|upkeep
|turn|6
|-message|Soratami forfeited.
|
|win|Actoradoboy fan
||Soratami is ready for game 2.
||Actoradoboy fan is ready for game 2.
|uhtml|next|Next: Game 2 of 3
|l|☆Actoradoboy fan
|player|p1|
|l|☆Soratami
|player|p2|
