|j|☆Awammy
|j|☆Braixen coxuda
|html|AwammyBraixen coxuda    
|uhtml|bestof|Game 1 of a best-of-3
|t:|1757775750
|gametype|doubles
|player|p1|Awammy|colress|
|player|p2|Braixen coxuda|caitlin|
|gen|9
|tier|[Gen 9] VGC 2025 Reg H (Bo3)
|rule|Species Clause: Limit one of each Pokémon
|rule|Item Clause: Limit 1 of each item
|clearpoke
|poke|p1|Rillaboom, L50, M|
|poke|p1|Kingambit, L50, F|
|poke|p1|Pelipper, L50, M|
|poke|p1|Archaludon, L50, M|
|poke|p1|Basculegion, L50, M|
|poke|p1|Amoonguss, L50, M|
|poke|p2|Rillaboom, L50, M|
|poke|p2|Ursaluna-Bloodmoon, L50, M|
|poke|p2|Basculegion, L50, M|
|poke|p2|Murkrow, L50, M|
|poke|p2|Pelipper, L50, F|
|poke|p2|Archaludon, L50, M|
|teampreview|4
|showteam|p1|Rillaboom||LoadedDice|GrassySurge|FakeOut,GrassyGlide,BulletSeed,Taunt|||M|||50|,,,,,Fire]Kingambit||SafetyGoggles|Defiant|KowtowCleave,SuckerPunch,SwordsDance,Protect|||F|||50|,,,,,Dark]Pelipper||FocusSash|Drizzle|Hurricane,WeatherBall,Tailwind,Protect|||M|||50|,,,,,Ground]Archaludon||AssaultVest|Stamina|ElectroShot,DragonPulse,FlashCannon,BodyPress|||M|||50|,,,,,Fairy]Basculegion||LifeOrb|SwiftSwim|WaveCrash,AquaJet,Protect,LastRespects|||M|||50|,,,,,Water]Amoonguss||SitrusBerry|Regenerator|Protect,Spore,RagePowder,PollenPuff|||M|||50|,,,,,Water
|showteam|p2|Rillaboom||MiracleSeed|GrassySurge|WoodHammer,GrassyGlide,Taunt,FakeOut|||M|||50|,,,,,Fire]Ursaluna-Bloodmoon||LifeOrb|MindsEye|HyperVoice,Protect,BloodMoon,EarthPower|||M|||50|,,,,,Normal]Basculegion||ChoiceBand|SwiftSwim|FlipTurn,WaveCrash,AquaJet,LastRespects|||M|||50|,,,,,Grass]Murkrow||Eviolite|Prankster|Tailwind,Haze,FoulPlay,RainDance|||M|||50|,,,,,Ghost]Pelipper||FocusSash|Drizzle|Hurricane,WeatherBall,Protect,WideGuard|||F|||50|,,,,,Stellar]Archaludon||AssaultVest|Stamina|BodyPress,ElectroShot,FlashCannon,DragonPulse|||M|||50|,,,,,Bug
|inactive|Battle timer is ON: inactive players will automatically lose when time's up. (requested by Awammy)
|inactive|Braixen coxuda also wants the timer to be on.
|inactive|Awammy has 60 seconds left.
|inactive|Awammy has 30 seconds left.
|inactive|Awammy has 20 seconds left.
|inactive|Awammy has 15 seconds left.
|inactive|Awammy has 10 seconds left.
|inactive|Awammy has 5 seconds left.
|
|t:|1757775840
|teamsize|p1|4
|teamsize|p2|4
|start
|switch|p1a: Rillaboom|Rillaboom, L50, M|100/100
|switch|p1b: Archaludon|Archaludon, L50, M, shiny|100/100
|switch|p2a: Murkrow|Murkrow, L50, M|100/100
|switch|p2b: Ursaluna|Ursaluna-Bloodmoon, L50, M|100/100
|-fieldstart|move: Grassy Terrain|[from] ability: Grassy Surge|[of] p1a: Rillaboom
|turn|1
|inactive|Awammy has 30 seconds left.
|inactive|Awammy has 20 seconds left.
|inactive|Awammy has 15 seconds left.
|
|t:|1757775884
|switch|p1b: Pelipper|Pelipper, L50, M, shiny|100/100
|-weather|RainDance|[from] ability: Drizzle|[of] p1b: Pelipper
|move|p1a: Rillaboom|Fake Out|p2a: Murkrow
|-damage|p2a: Murkrow|86/100
|cant|p2a: Murkrow|flinch
|move|p2b: Ursaluna|Earth Power|p1b: Pelipper
|-immune|p1b: Pelipper
|
|-weather|RainDance|[upkeep]
|upkeep
|turn|2
|inactive|Awammy has 30 seconds left.
|
|t:|1757775911
|switch|p2b: Gendo|Archaludon, L50, M|100/100
|move|p1a: Rillaboom|Bullet Seed|p2b: Gendo
|-resisted|p2b: Gendo
|-damage|p2b: Gendo|98/100
|-ability|p2b: Gendo|Stamina|boost
|-boost|p2b: Gendo|def|1
|-resisted|p2b: Gendo
|-damage|p2b: Gendo|96/100
|-ability|p2b: Gendo|Stamina|boost
|-boost|p2b: Gendo|def|1
|-resisted|p2b: Gendo
|-damage|p2b: Gendo|94/100
|-ability|p2b: Gendo|Stamina|boost
|-boost|p2b: Gendo|def|1
|-resisted|p2b: Gendo
|-damage|p2b: Gendo|93/100
|-ability|p2b: Gendo|Stamina|boost
|-boost|p2b: Gendo|def|1
|-resisted|p2b: Gendo
|-crit|p2b: Gendo
|-damage|p2b: Gendo|88/100
|-ability|p2b: Gendo|Stamina|boost
|-boost|p2b: Gendo|def|1
|-hitcount|p2b: Gendo|5
|move|p1b: Pelipper|Tailwind|p1b: Pelipper
|-sidestart|p1: Awammy|move: Tailwind
|move|p2a: Murkrow|Foul Play|p1a: Rillaboom
|-damage|p1a: Rillaboom|50/100
|
|-weather|RainDance|[upkeep]
|-heal|p1a: Rillaboom|56/100|[from] Grassy Terrain
|-heal|p2b: Gendo|94/100|[from] Grassy Terrain
|upkeep
|turn|3
|inactive|Awammy has 30 seconds left.
|c|☆Awammy|oh no
|inactive|Awammy has 20 seconds left.
|inactive|Awammy has 15 seconds left.
|inactive|Awammy has 10 seconds left.
|inactive|Awammy has 5 seconds left.
|
|t:|1757775965
|move|p2a: Murkrow|Tailwind|p2a: Murkrow
|-sidestart|p2: Braixen coxuda|move: Tailwind
|move|p1a: Rillaboom|Taunt|p2a: Murkrow
|-start|p2a: Murkrow|move: Taunt
|move|p1b: Pelipper|Weather Ball|p2b: Gendo
|-resisted|p2b: Gendo
|-damage|p2b: Gendo|69/100
|-ability|p2b: Gendo|Stamina|boost
|-boost|p2b: Gendo|def|1
|move|p2b: Gendo|Body Press|p1a: Rillaboom
|-crit|p1a: Rillaboom
|-damage|p1a: Rillaboom|0 fnt
|faint|p1a: Rillaboom
|
|-weather|RainDance|[upkeep]
|-heal|p2b: Gendo|75/100|[from] Grassy Terrain
|upkeep
|
|t:|1757775984
|switch|p1a: Archaludon|Archaludon, L50, M, shiny|100/100
|turn|4
|inactive|Awammy has 30 seconds left.
|inactive|Awammy has 20 seconds left.
|
|t:|1757776021
|switch|p2a: Nobunaga|Basculegion, L50, M, shiny|100/100
|-terastallize|p1a: Archaludon|Fairy
|move|p1b: Pelipper|Hurricane|p2b: Gendo
|-resisted|p2b: Gendo
|-damage|p2b: Gendo|56/100
|move|p1a: Archaludon|Electro Shot||[still]
|-prepare|p1a: Archaludon|Electro Shot
|-boost|p1a: Archaludon|spa|1
|-anim|p1a: Archaludon|Electro Shot|p2a: Nobunaga
|-supereffective|p2a: Nobunaga
|-damage|p2a: Nobunaga|0 fnt
|faint|p2a: Nobunaga
|move|p2b: Gendo|Electro Shot||[still]
|-prepare|p2b: Gendo|Electro Shot
|-boost|p2b: Gendo|spa|1
|-anim|p2b: Gendo|Electro Shot|p1b: Pelipper
|-supereffective|p1b: Pelipper
|-enditem|p1b: Pelipper|Focus Sash
|-damage|p1b: Pelipper|1/100
|
|-weather|RainDance|[upkeep]
|-heal|p2b: Gendo|62/100|[from] Grassy Terrain
|upkeep
|
|t:|1757776036
|switch|p2a: Ursaluna|Ursaluna-Bloodmoon, L50, M|100/100
|turn|5
|inactive|Awammy has 30 seconds left.
|inactive|Awammy has 20 seconds left.
|inactive|Awammy has 15 seconds left.
|
|t:|1757776079
|move|p2a: Ursaluna|Protect|p2a: Ursaluna
|-singleturn|p2a: Ursaluna|Protect
|move|p1b: Pelipper|Weather Ball|p2a: Ursaluna
|-activate|p2a: Ursaluna|move: Protect
|move|p1a: Archaludon|Dragon Pulse|p2b: Gendo
|-damage|p2b: Gendo|13/100
|move|p2b: Gendo|Electro Shot||[still]
|-prepare|p2b: Gendo|Electro Shot
|-boost|p2b: Gendo|spa|1
|-anim|p2b: Gendo|Electro Shot|p1b: Pelipper
|-supereffective|p1b: Pelipper
|-damage|p1b: Pelipper|0 fnt
|faint|p1b: Pelipper
|
|-weather|none
|-heal|p2b: Gendo|19/100|[from] Grassy Terrain
|-sideend|p1: Awammy|move: Tailwind
|-fieldend|move: Grassy Terrain
|upkeep
|
|t:|1757776095
|switch|p1b: Basculegion|Basculegion, L50, M|100/100
|turn|6
|inactive|Awammy has 30 seconds left.
|inactive|Awammy has 20 seconds left.
|inactive|Awammy has 15 seconds left.
|inactive|Awammy has 10 seconds left.
|inactive|Awammy has 5 seconds left.
|
|t:|1757776145
|-terastallize|p2a: Ursaluna|Normal
|move|p2b: Gendo|Flash Cannon|p1a: Archaludon
|-supereffective|p1a: Archaludon
|-damage|p1a: Archaludon|0 fnt
|faint|p1a: Archaludon
|move|p2a: Ursaluna|Blood Moon|p1b: Basculegion
|-damage|p1b: Basculegion|0 fnt
|faint|p1b: Basculegion
|-damage|p2a: Ursaluna|91/100|[from] item: Life Orb
|
|win|Braixen coxuda
