|j|☆M00ncell
|j|☆Sky_Yagami95
|html|M00ncellSky_Yagami95    
|uhtml|bestof|Game 2 of a best-of-3
|t:|1783768127
|gametype|doubles
|player|p1|M00ncell|plasmagrunt|
|player|p2|Sky_Yagami95|riley|
|gen|9
|tier|[Gen 9 Champions] VGC 2026 Reg M-B (Bo3)
|rule|Species Clause: Limit one of each Pokémon
|rule|Item Clause: Limit 1 of each item
|clearpoke
|poke|p1|Staraptor, L50, F|
|poke|p1|Whimsicott, L50, M|
|poke|p1|Garchomp, L50, M|
|poke|p1|Basculegion, L50, M|
|poke|p1|Incineroar, L50, M|
|poke|p1|Charizard, L50, M|
|poke|p2|Lycanroc, L50, M|
|poke|p2|Lucario, L50, M|
|poke|p2|Goodra, L50, M|
|poke|p2|Samurott-Hisui, L50, M|
|poke|p2|Altaria, L50, F|
|poke|p2|Umbreon, L50, M|
|teampreview|4
|showteam|p1|Staraptor||Staraptite|Intimidate|CloseCombat,BraveBird,Protect,Roost|Jolly||F|||50|]Whimsicott||FocusSash|Prankster|Moonblast,Tailwind,Encore,Protect|Timid||M|||50|]Garchomp||LifeOrb|RoughSkin|DragonClaw,Protect,Earthquake,RockSlide|Jolly||M|||50|]Basculegion||ChoiceScarf|Adaptability|LastRespects,AquaJet,WaveCrash,FlipTurn|Adamant||M|||50|]Incineroar||SitrusBerry|Intimidate|FakeOut,PartingShot,FlareBlitz,ThroatChop|Careful||M|||50|]Charizard||CharizarditeY|Blaze|Protect,HeatWave,SolarBeam,WeatherBall|Modest||M|||50|
|showteam|p2|Lycanroc||FocusSash|KeenEye|PlayRough,DrillRun,Endeavor,SuckerPunch|Jolly||M|||50|]Lucario||Lucarionite|InnerFocus|CloseCombat,MeteorMash,BulletPunch,BrickBreak|Jolly||M|||50|]Goodra||DampRock|Hydration|RainDance,DracoMeteor,Toxic,Rest|Calm||M|||50|]Samurott-Hisui||MentalHerb|Sharpness|AquaCutter,AirSlash,NightSlash,SacredSword|Naive||M|||50|]Altaria||Altarianite|CloudNine|DracoMeteor,BraveBird,Facade,AlluringVoice|Rash||F|||50|]Umbreon||LumBerry|Synchronize|Toxic,Substitute,Moonlight,DarkPulse|Calm||M|||50|
|
|t:|1783768158
|teamsize|p1|4
|teamsize|p2|4
|start
|switch|p1a: Whimsicott|Whimsicott, L50, M|100/100
|switch|p1b: Incineroar|Incineroar, L50, M|100/100
|switch|p2a: Umbreon|Umbreon, L50, M|100/100
|switch|p2b: Altaria|Altaria, L50, F|100/100
|-ability|p2b: Altaria|Cloud Nine
|-ability|p1b: Incineroar|Intimidate|boost
|-unboost|p2a: Umbreon|atk|1
|-unboost|p2b: Altaria|atk|1
|turn|1
|
|t:|1783768204
|detailschange|p2b: Altaria|Altaria-Mega, L50, F
|-mega|p2b: Altaria|Altaria|Altarianite
|move|p1b: Incineroar|Fake Out|p2b: Altaria
|-damage|p2b: Altaria|90/100
|move|p1a: Whimsicott|Moonblast|p2b: Altaria
|-supereffective|p2b: Altaria|1
|-damage|p2b: Altaria|8/100
|cant|p2b: Altaria|flinch
|move|p2a: Umbreon|Toxic|p1b: Incineroar
|-status|p1b: Incineroar|tox
|
|-damage|p1b: Incineroar|94/100 tox|[from] psn
|upkeep
|turn|2
|
|t:|1783768254
|move|p1a: Whimsicott|Moonblast|p2b: Altaria
|-supereffective|p2b: Altaria|1
|-damage|p2b: Altaria|0 fnt
|faint|p2b: Altaria
|move|p2a: Umbreon|Substitute|p2a: Umbreon
|-start|p2a: Umbreon|Substitute
|-damage|p2a: Umbreon|75/100
|move|p1b: Incineroar|Parting Shot|p2a: Umbreon
|-unboost|p2a: Umbreon|atk|1
|-unboost|p2a: Umbreon|spa|1
|
|t:|1783768263
|switch|p1b: Staraptor|Staraptor, L50, F|100/100|[from] Parting Shot
|-ability|p1b: Staraptor|Intimidate|boost
|-immune|p2a: Umbreon
|
|upkeep
|
|t:|1783768271
|switch|p2b: Samurott|Samurott-Hisui, L50, M|100/100
|turn|3
|
|t:|1783768280
|detailschange|p1b: Staraptor|Staraptor-Mega, L50, F
|-mega|p1b: Staraptor|Staraptor|Staraptite
|move|p1a: Whimsicott|Encore|p2a: Umbreon
|-hint|Since gen 7, Dark is immune to Prankster moves.
|-immune|p2a: Umbreon
|move|p1b: Staraptor|Close Combat|p2b: Samurott
|-supereffective|p2b: Samurott|1
|-damage|p2b: Samurott|0 fnt
|-boost|p1b: Staraptor|def|1
|-boost|p1b: Staraptor|spd|1
|faint|p2b: Samurott
|move|p2a: Umbreon|Moonlight|p2a: Umbreon
|-heal|p2a: Umbreon|100/100
|
|upkeep
|
|t:|1783768295
|switch|p2b: Lucario|Lucario, L50, M|100/100
|turn|4
|
|t:|1783768318
|move|p2b: Lucario|Bullet Punch|p1a: Whimsicott
|-supereffective|p1a: Whimsicott|1
|-damage|p1a: Whimsicott|47/100
|move|p1a: Whimsicott|Moonblast|p2b: Lucario
|-crit|p2b: Lucario
|-damage|p2b: Lucario|7/100
|move|p1b: Staraptor|Close Combat|p2b: Lucario
|-supereffective|p2b: Lucario|1
|-damage|p2b: Lucario|0 fnt
|-boost|p1b: Staraptor|def|1
|-boost|p1b: Staraptor|spd|1
|faint|p2b: Lucario
|move|p2a: Umbreon|Toxic|p1b: Staraptor
|-status|p1b: Staraptor|tox
|
|-damage|p1b: Staraptor|93/100 tox|[from] psn
|upkeep
|turn|5
|
|t:|1783768340
|move|p1a: Whimsicott|Moonblast|p2a: Umbreon
|-supereffective|p2a: Umbreon|1
|-end|p2a: Umbreon|Substitute
|move|p1b: Staraptor|Close Combat|p2a: Umbreon
|-supereffective|p2a: Umbreon|1
|-damage|p2a: Umbreon|0 fnt
|-boost|p1b: Staraptor|def|1
|-boost|p1b: Staraptor|spd|1
|faint|p2a: Umbreon
|
|win|M00ncell
|c|☆M00ncell|gg
