|j|☆lukeberno2
|j|☆GepecavaIIi
|html|lukeberno2GepecavaIIi    
|uhtml|bestof|Game 1 of a best-of-3
|t:|1757749847
|gametype|doubles
|player|p1|lukeberno2|n|1104
|player|p2|GepecavaIIi|lance|1121
|gen|9
|tier|[Gen 9] VGC 2025 Reg H (Bo3)
|rated|
|rule|Species Clause: Limit one of each Pokémon
|rule|Item Clause: Limit 1 of each item
|clearpoke
|poke|p1|Gothitelle, L50, F|
|poke|p1|Kingdra, L50, F|
|poke|p1|Politoed, L50, F|
|poke|p1|Incineroar, L50, M|
|poke|p1|Amoonguss, L50, M|
|poke|p1|Ursaluna, L50, M|
|poke|p2|Gothitelle, L50, M|
|poke|p2|Primarina, L50, F|
|poke|p2|Ursaluna-Bloodmoon, L50, M|
|poke|p2|Rillaboom, L50, F|
|poke|p2|Sneasler, L50, M|
|poke|p2|Incineroar, L50, M|
|teampreview|4
|showteam|p1|Gothitelle||SitrusBerry|ShadowTag|Psychic,FakeOut,Protect,TrickRoom|||F|||50|,,,,,Fairy]Kingdra||LifeOrb|SwiftSwim|DracoMeteor,WeatherBall,Protect,Hurricane|||F|||50|,,,,,Stellar]Politoed||Leftovers|Drizzle|WeatherBall,Protect,Encore,PerishSong|||F|||50|,,,,,Grass]Incineroar||SafetyGoggles|Intimidate|KnockOff,FakeOut,Protect,PartingShot|||M|||50|,,,,,Ghost]Amoonguss||MentalHerb|Regenerator|Spore,PollenPuff,Protect,RagePowder|||M|||50|,,,,,Water]Ursaluna||FlameOrb|Guts|Facade,Earthquake,HeadlongRush,Protect|||M|||50|,,,,,Normal
|showteam|p2|Gothitelle||SitrusBerry|ShadowTag|Psychic,Protect,TrickRoom,FakeOut|||M|||50|,,,,,Water]Primarina||ThroatSpray|LiquidVoice|HyperVoice,Moonblast,Protect,PerishSong|||F|||50|,,,,,Steel]Ursaluna-Bloodmoon||LifeOrb|MindsEye|HyperVoice,EarthPower,BloodMoon,Protect|||M|||50|,,,,,Grass]Rillaboom||AssaultVest|GrassySurge|GrassyGlide,KnockOff,FakeOut,Uturn|||F|||50|,,,,,Fire]Sneasler||FocusSash|Unburden|Protect,CloseCombat,ThroatChop,DireClaw|||M|||50|,,,,,Dark]Incineroar||SafetyGoggles|Intimidate|FakeOut,FlareBlitz,Protect,PartingShot|||M|||50|,,,,,Ghost
|inactive|Battle timer is ON: inactive players will automatically lose when time's up. (requested by lukeberno2)
|inactive|lukeberno2 has 60 seconds left.
|inactive|GepecavaIIi has 60 seconds left.
|inactive|lukeberno2 has 30 seconds left.
|inactive|GepecavaIIi has 30 seconds left.
|inactive|lukeberno2 has 20 seconds left.
|inactive|GepecavaIIi has 20 seconds left.
|inactive|lukeberno2 has 15 seconds left.
|inactive|GepecavaIIi has 15 seconds left.
|inactive|lukeberno2 has 10 seconds left.
|
|t:|1757749935
|teamsize|p1|4
|teamsize|p2|4
|start
|switch|p1a: Gothitelle|Gothitelle, L50, F, shiny|100/100
|switch|p1b: Kingdra|Kingdra, L50, F|100/100
|switch|p2a: Gothitelle|Gothitelle, L50, M|100/100
|switch|p2b: Incineroar|Incineroar, L50, M|100/100
|-ability|p2b: Incineroar|Intimidate|boost
|-unboost|p1a: Gothitelle|atk|1
|-unboost|p1b: Kingdra|atk|1
|turn|1
|inactive|lukeberno2 has 30 seconds left.
|inactive|GepecavaIIi has 30 seconds left.
|inactive|lukeberno2 has 20 seconds left.
|inactive|lukeberno2 has 15 seconds left.
|inactive|GepecavaIIi has 20 seconds left.
|inactive|lukeberno2 has 10 seconds left.
|inactive|lukeberno2 has 5 seconds left.
|inactive|GepecavaIIi has 15 seconds left.
|
|t:|1757749988
|move|p1a: Gothitelle|Fake Out|p2a: Gothitelle
|-damage|p2a: Gothitelle|97/100
|move|p2b: Incineroar|Fake Out|p1b: Kingdra
|-damage|p1b: Kingdra|87/100
|cant|p1b: Kingdra|flinch
|cant|p2a: Gothitelle|flinch
|
|upkeep
|turn|2
|inactive|lukeberno2 has 30 seconds left.
|inactive|lukeberno2 has 20 seconds left.
|inactive|lukeberno2 has 15 seconds left.
|inactive|lukeberno2 has 10 seconds left.
|
|t:|1757750038
|switch|p1a: Politoed|Politoed, L50, F, shiny|100/100
|-weather|RainDance|[from] ability: Drizzle|[of] p1a: Politoed
|move|p1b: Kingdra|Weather Ball|p2b: Incineroar
|-supereffective|p2b: Incineroar
|-damage|p2b: Incineroar|0 fnt
|faint|p2b: Incineroar
|-damage|p1b: Kingdra|77/100|[from] item: Life Orb
|move|p2a: Gothitelle|Trick Room|p2a: Gothitelle
|-fieldstart|move: Trick Room|[of] p2a: Gothitelle
|
|-weather|RainDance|[upkeep]
|upkeep
|
|t:|1757750061
|switch|p2b: Rillaboom|Rillaboom, L50, F|100/100
|-fieldstart|move: Grassy Terrain|[from] ability: Grassy Surge|[of] p2b: Rillaboom
|turn|3
|
|t:|1757750078
|move|p1a: Politoed|Protect|p1a: Politoed
|-singleturn|p1a: Politoed|Protect
|move|p1b: Kingdra|Protect|p1b: Kingdra
|-singleturn|p1b: Kingdra|Protect
|move|p2b: Rillaboom|Fake Out|p1a: Politoed
|-activate|p1a: Politoed|move: Protect
|move|p2a: Gothitelle|Psychic|p1b: Kingdra
|-activate|p1b: Kingdra|move: Protect
|
|-weather|RainDance|[upkeep]
|-heal|p2a: Gothitelle|100/100|[from] Grassy Terrain
|-heal|p1b: Kingdra|83/100|[from] Grassy Terrain
|upkeep
|turn|4
|inactive|lukeberno2 has 30 seconds left.
|inactive|lukeberno2 has 20 seconds left.
|inactive|lukeberno2 has 15 seconds left.
|inactive|lukeberno2 has 10 seconds left.
|
|t:|1757750127
|switch|p2a: Primarina|Primarina, L50, F|100/100
|-terastallize|p1b: Kingdra|Stellar
|move|p2b: Rillaboom|Grassy Glide|p1a: Politoed
|-supereffective|p1a: Politoed
|-damage|p1a: Politoed|6/100
|move|p1a: Politoed|Encore|p2b: Rillaboom
|-start|p2b: Rillaboom|Encore
|move|p1b: Kingdra|Hurricane|p2b: Rillaboom
|-supereffective|p2b: Rillaboom
|-damage|p2b: Rillaboom|20/100
|-damage|p1b: Kingdra|73/100|[from] item: Life Orb
|
|-weather|RainDance|[upkeep]
|-heal|p1a: Politoed|12/100|[from] Grassy Terrain
|-heal|p1a: Politoed|18/100|[from] item: Leftovers
|-heal|p2b: Rillaboom|26/100|[from] Grassy Terrain
|-heal|p1b: Kingdra|79/100|[from] Grassy Terrain
|upkeep
|turn|5
|inactive|lukeberno2 has 30 seconds left.
|inactive|GepecavaIIi has 30 seconds left.
|inactive|lukeberno2 has 20 seconds left.
|inactive|GepecavaIIi has 20 seconds left.
|inactive|lukeberno2 has 15 seconds left.
|inactive|lukeberno2 has 10 seconds left.
|
|t:|1757750180
|switch|p1a: Amoonguss|Amoonguss, L50, M|100/100
|move|p1b: Kingdra|Protect|p1b: Kingdra
|-singleturn|p1b: Kingdra|Protect
|move|p2b: Rillaboom|Grassy Glide|p1a: Amoonguss
|-resisted|p1a: Amoonguss
|-damage|p1a: Amoonguss|91/100
|move|p2a: Primarina|Hyper Voice|p1a: Amoonguss|[spread] p1a
|-activate|p1b: Kingdra|move: Protect
|-resisted|p1a: Amoonguss
|-damage|p1a: Amoonguss|73/100
|-enditem|p2a: Primarina|Throat Spray
|-boost|p2a: Primarina|spa|1|[from] item: Throat Spray
|
|-weather|RainDance|[upkeep]
|-heal|p1a: Amoonguss|79/100|[from] Grassy Terrain
|-heal|p2b: Rillaboom|32/100|[from] Grassy Terrain
|-heal|p1b: Kingdra|85/100|[from] Grassy Terrain
|upkeep
|turn|6
|inactive|lukeberno2 has 30 seconds left.
|inactive|lukeberno2 has 20 seconds left.
|inactive|lukeberno2 has 15 seconds left.
|inactive|lukeberno2 has 10 seconds left.
|
|t:|1757750225
|move|p2a: Primarina|Protect|p2a: Primarina
|-singleturn|p2a: Primarina|Protect
|move|p2b: Rillaboom|Grassy Glide|p1b: Kingdra
|-damage|p1b: Kingdra|40/100
|move|p1a: Amoonguss|Spore|p2a: Primarina
|-activate|p2a: Primarina|move: Protect
|move|p1b: Kingdra|Draco Meteor|p2b: Rillaboom
|-damage|p2b: Rillaboom|0 fnt
|-unboost|p1b: Kingdra|spa|2
|faint|p2b: Rillaboom
|-damage|p1b: Kingdra|30/100|[from] item: Life Orb
|
|-weather|none
|-heal|p1a: Amoonguss|85/100|[from] Grassy Terrain
|-heal|p1b: Kingdra|36/100|[from] Grassy Terrain
|-fieldend|move: Trick Room
|upkeep
|
|t:|1757750235
|switch|p2b: Gothitelle|Gothitelle, L50, M|100/100
|turn|7
|inactive|lukeberno2 has 30 seconds left.
|inactive|lukeberno2 has 20 seconds left.
|inactive|lukeberno2 has 15 seconds left.
|inactive|lukeberno2 has 10 seconds left.
|
|t:|1757750284
|move|p2b: Gothitelle|Fake Out|p1a: Amoonguss
|-damage|p1a: Amoonguss|79/100
|move|p1b: Kingdra|Draco Meteor|p2b: Gothitelle
|-damage|p2b: Gothitelle|73/100
|-unboost|p1b: Kingdra|spa|2
|-damage|p1b: Kingdra|26/100|[from] item: Life Orb
|move|p2a: Primarina|Moonblast|p1b: Kingdra
|-supereffective|p1b: Kingdra
|-damage|p1b: Kingdra|0 fnt
|faint|p1b: Kingdra
|cant|p1a: Amoonguss|flinch
|
|-heal|p2b: Gothitelle|80/100|[from] Grassy Terrain
|-heal|p1a: Amoonguss|85/100|[from] Grassy Terrain
|-fieldend|move: Grassy Terrain
|upkeep
|inactive|lukeberno2 has 30 seconds left.
|
|t:|1757750318
|switch|p1b: Politoed|Politoed, L50, F, shiny|18/100
|-weather|RainDance|[from] ability: Drizzle|[of] p1b: Politoed
|turn|8
|
|t:|1757750339
|move|p1a: Amoonguss|Rage Powder|p1a: Amoonguss
|-singleturn|p1a: Amoonguss|move: Rage Powder
|move|p1b: Politoed|Perish Song|p1b: Politoed
|-start|p1a: Amoonguss|perish3|[silent]
|-start|p1b: Politoed|perish3|[silent]
|-start|p2a: Primarina|perish3|[silent]
|-start|p2b: Gothitelle|perish3|[silent]
|-fieldactivate|move: Perish Song
|move|p2b: Gothitelle|Psychic|p1a: Amoonguss
|-supereffective|p1a: Amoonguss
|-damage|p1a: Amoonguss|47/100
|move|p2a: Primarina|Hyper Voice|p1b: Politoed|[spread] p1a,p1b
|-resisted|p1a: Amoonguss
|-resisted|p1b: Politoed
|-damage|p1a: Amoonguss|20/100
|-damage|p1b: Politoed|0 fnt
|faint|p1b: Politoed
|
|-weather|RainDance|[upkeep]
|-start|p2b: Gothitelle|perish3
|-start|p2a: Primarina|perish3
|-start|p1a: Amoonguss|perish3
|upkeep
|
|t:|1757750357
|switch|p1b: Gothitelle|Gothitelle, L50, F, shiny|100/100
|turn|9
|inactive|lukeberno2 has 30 seconds left.
|inactive|lukeberno2 has 20 seconds left.
|inactive|lukeberno2 has 15 seconds left.
|
|t:|1757750401
|move|p1b: Gothitelle|Protect|p1b: Gothitelle
|-singleturn|p1b: Gothitelle|Protect
|move|p1a: Amoonguss|Protect|p1a: Amoonguss
|-singleturn|p1a: Amoonguss|Protect
|move|p2b: Gothitelle|Psychic|p1a: Amoonguss
|-activate|p1a: Amoonguss|move: Protect
|move|p2a: Primarina|Hyper Voice|p1b: Gothitelle|[spread] 
|-activate|p1a: Amoonguss|move: Protect
|-activate|p1b: Gothitelle|move: Protect
|
|-weather|RainDance|[upkeep]
|-start|p2b: Gothitelle|perish2
|-start|p2a: Primarina|perish2
|-start|p1a: Amoonguss|perish2
|upkeep
|turn|10
|
|t:|1757750420
|move|p1a: Amoonguss|Rage Powder|p1a: Amoonguss
|-singleturn|p1a: Amoonguss|move: Rage Powder
|move|p1b: Gothitelle|Psychic|p2a: Primarina
|-damage|p2a: Primarina|73/100
|move|p2b: Gothitelle|Psychic|p1a: Amoonguss
|-supereffective|p1a: Amoonguss
|-damage|p1a: Amoonguss|0 fnt
|faint|p1a: Amoonguss
|move|p2a: Primarina|Hyper Voice|p1b: Gothitelle
|-damage|p1b: Gothitelle|27/100
|-enditem|p1b: Gothitelle|Sitrus Berry|[eat]
|-heal|p1b: Gothitelle|52/100|[from] item: Sitrus Berry
|
|-weather|RainDance|[upkeep]
|-start|p2b: Gothitelle|perish1
|-start|p2a: Primarina|perish1
|upkeep
|turn|11
|
|t:|1757750430
|move|p1b: Gothitelle|Protect|p1b: Gothitelle
|-singleturn|p1b: Gothitelle|Protect
|move|p2b: Gothitelle|Psychic|p1b: Gothitelle
|-activate|p1b: Gothitelle|move: Protect
|move|p2a: Primarina|Hyper Voice|p1b: Gothitelle
|-activate|p1b: Gothitelle|move: Protect
|
|-weather|RainDance|[upkeep]
|-start|p2b: Gothitelle|perish0
|-start|p2a: Primarina|perish0
|faint|p2b: Gothitelle
|faint|p2a: Primarina
|
|win|lukeberno2
|c|☆GepecavaIIi|good play
||GepecavaIIi is ready for game 2.
|inactive|lukeberno2 has 30 seconds to confirm battle start!
|inactive|lukeberno2 has 20 seconds to confirm battle start!
|inactive|lukeberno2 has 10 seconds to confirm battle start!
|c|☆lukeberno2|Thx
|uhtml|next|Next: Game 2 of 3
