|j|☆ToastedArt
|j|☆Zero Kfz
|html|ToastedArtZero Kfz    
|uhtml|bestof|Game 2 of a best-of-3
|t:|1784391315
|gametype|doubles
|player|p1|ToastedArt|iris|1149
|player|p2|Zero Kfz|170|1040
|gen|9
|tier|[Gen 9 Champions] VGC 2026 Reg M-B (Bo3)
|rated|
|rule|Species Clause: Limit one of each Pokémon
|rule|Item Clause: Limit 1 of each item
|clearpoke
|poke|p1|Sinistcha, L50, shiny|
|poke|p1|Hydreigon, L50, F, shiny|
|poke|p1|Sneasler, L50, F|
|poke|p1|Incineroar, L50, M|
|poke|p1|Falinks, L50, shiny|
|poke|p1|Gholdengo, L50|
|poke|p2|Gardevoir, L50, F, shiny|
|poke|p2|Whimsicott, L50, F|
|poke|p2|Arcanine-Hisui, L50, M|
|poke|p2|Rotom-Wash, L50|
|poke|p2|Sinistcha, L50|
|poke|p2|Kingambit, L50, F|
|teampreview|4
|showteam|p1|Sinistcha||CobaBerry|Hospitality|MatchaGotcha,RagePowder,LifeDew,Protect|Calm|||||50|]Hydreigon||LifeOrb|Levitate|Snarl,DarkPulse,EarthPower,DracoMeteor|Modest||F|||50|]Sneasler||FocusSash|PoisonTouch|FakeOut,PoisonJab,CloseCombat,QuickGuard|Jolly||F|||50|]Incineroar||SitrusBerry|Intimidate|FakeOut,FlareBlitz,ThroatChop,PartingShot|Careful||M|||50|]Falinks||Falinksite|Defiant|NoRetreat,SwordsDance,CloseCombat,Protect|Adamant|||||50|]Gholdengo||SpellTag|GoodasGold|ShadowBall,MakeItRain,NastyPlot,Protect|Timid|||||50|
|showteam|p2|Gardevoir||Gardevoirite|Synchronize|HyperVoice,Psyshock,HyperBeam,Protect|Modest||F|||50|]Whimsicott||FocusSash|Prankster|Moonblast,Protect,Tailwind,Encore|Timid||F|||50|]Arcanine-Hisui||LifeOrb|RockHead|FlareBlitz,RockSlide,ExtremeSpeed,Protect|Adamant||M|||50|]Rotom-Wash||SitrusBerry|Levitate|VoltSwitch,HydroPump,WillOWisp,Protect|Calm|||||50|]Sinistcha||Leftovers|Hospitality|MatchaGotcha,TrickRoom,RagePowder,LifeDew|Relaxed|||||50|]Kingambit||BlackGlasses|Defiant|KowtowCleave,SuckerPunch,IronHead,Protect|Adamant||F|||50|
|inactive|Battle timer is ON: inactive players will automatically lose when time's up. (requested by ToastedArt)
|
|t:|1784391345
|teamsize|p1|4
|teamsize|p2|4
|start
|switch|p1a: Falinks|Falinks, L50, shiny|100/100
|switch|p1b: Sneasler|Sneasler, L50, F|100/100
|switch|p2a: Whimsicott|Whimsicott, L50, F|100/100
|switch|p2b: Rotom|Rotom-Wash, L50|100/100
|turn|1
|inactive|ToastedArt has 30 seconds left.
|inactive|Zero Kfz has 30 seconds left.
|
|t:|1784391375
|detailschange|p1a: Falinks|Falinks-Mega, L50, shiny
|-mega|p1a: Falinks|Falinks|Falinksite
|move|p2a: Whimsicott|Protect|p2a: Whimsicott
|-singleturn|p2a: Whimsicott|Protect
|move|p1a: Falinks|Protect|p1a: Falinks
|-singleturn|p1a: Falinks|Protect
|move|p2b: Rotom|Protect|p2b: Rotom
|-singleturn|p2b: Rotom|Protect
|move|p1b: Sneasler|Poison Jab|p2a: Whimsicott
|-activate|p2a: Whimsicott|move: Protect
|
|upkeep
|turn|2
|
|t:|1784391398
|switch|p1a: Gholdengo|Gholdengo, L50|100/100
|move|p2a: Whimsicott|Tailwind|p2a: Whimsicott
|-sidestart|p2: Zero Kfz|move: Tailwind
|move|p2b: Rotom|Will-O-Wisp|p1b: Sneasler|[miss]
|-miss|p2b: Rotom|p1b: Sneasler
|move|p1b: Sneasler|Poison Jab|p2a: Whimsicott
|-supereffective|p2a: Whimsicott|2
|-enditem|p2a: Whimsicott|Focus Sash
|-damage|p2a: Whimsicott|1/100
|-status|p2a: Whimsicott|psn
|
|-damage|p2a: Whimsicott|0 fnt|[from] psn
|faint|p2a: Whimsicott
|upkeep
|inactive|Zero Kfz has 30 seconds left.
|
|t:|1784391424
|switch|p2a: Gardevoir|Gardevoir, L50, F, shiny|100/100
|turn|3
|
|t:|1784391442
|detailschange|p2a: Gardevoir|Gardevoir-Mega, L50, F, shiny
|-mega|p2a: Gardevoir|Gardevoir|Gardevoirite
|move|p2a: Gardevoir|Hyper Voice|p1a: Gholdengo|[spread] p1a,p1b
|-resisted|p1a: Gholdengo|1
|-damage|p1a: Gholdengo|71/100
|-damage|p1b: Sneasler|33/100
|move|p2b: Rotom|Volt Switch|p1a: Gholdengo
|-damage|p1a: Gholdengo|40/100
|
|t:|1784391450
|switch|p2b: Kingambit|Kingambit, L50, F|100/100|[from] Volt Switch
|move|p1b: Sneasler|Poison Jab|p2a: Gardevoir
|-supereffective|p2a: Gardevoir|1
|-damage|p2a: Gardevoir|0 fnt
|faint|p2a: Gardevoir
|move|p1a: Gholdengo|Nasty Plot|p1a: Gholdengo
|-boost|p1a: Gholdengo|spa|2
|
|upkeep
|
|t:|1784391460
|switch|p2a: Rotom|Rotom-Wash, L50|100/100
|turn|4
|
|t:|1784391472
|move|p1a: Gholdengo|Protect|p1a: Gholdengo
|-singleturn|p1a: Gholdengo|Protect
|move|p2b: Kingambit|Sucker Punch||[still]
|-fail|p2b: Kingambit
|move|p2a: Rotom|Hydro Pump|p1b: Sneasler
|-damage|p1b: Sneasler|0 fnt
|faint|p1b: Sneasler
|
|upkeep
|
|t:|1784391482
|switch|p1b: Falinks|Falinks-Mega, L50, shiny|100/100
|turn|5
|
|t:|1784391491
|switch|p1a: Incineroar|Incineroar, L50, M|100/100
|-ability|p1a: Incineroar|Intimidate|boost
|-unboost|p2a: Rotom|atk|1
|-unboost|p2b: Kingambit|atk|1
|-ability|p2b: Kingambit|Defiant|boost
|-boost|p2b: Kingambit|atk|2
|move|p2b: Kingambit|Protect|p2b: Kingambit
|-singleturn|p2b: Kingambit|Protect
|move|p1b: Falinks|Protect|p1b: Falinks
|-singleturn|p1b: Falinks|Protect
|move|p2a: Rotom|Will-O-Wisp|p1b: Falinks
|-activate|p1b: Falinks|move: Protect
|
|-sideend|p2: Zero Kfz|move: Tailwind
|upkeep
|turn|6
|inactive|Zero Kfz has 30 seconds left.
|
|t:|1784391526
|move|p1a: Incineroar|Fake Out|p2a: Rotom
|-damage|p2a: Rotom|90/100
|move|p1b: Falinks|Close Combat|p2b: Kingambit
|-supereffective|p2b: Kingambit|2
|-damage|p2b: Kingambit|0 fnt
|-unboost|p1b: Falinks|def|1
|-unboost|p1b: Falinks|spd|1
|faint|p2b: Kingambit
|cant|p2a: Rotom|flinch
|
|upkeep
|turn|7
|
|t:|1784391538
|move|p1b: Falinks|Close Combat|p2a: Rotom
|-damage|p2a: Rotom|32/100
|-unboost|p1b: Falinks|def|1
|-unboost|p1b: Falinks|spd|1
|-enditem|p2a: Rotom|Sitrus Berry|[eat]
|-heal|p2a: Rotom|57/100|[from] item: Sitrus Berry
|move|p2a: Rotom|Hydro Pump|p1a: Incineroar
|-supereffective|p1a: Incineroar|1
|-damage|p1a: Incineroar|40/100
|-enditem|p1a: Incineroar|Sitrus Berry|[eat]
|-heal|p1a: Incineroar|65/100|[from] item: Sitrus Berry
|move|p1a: Incineroar|Parting Shot|p2a: Rotom
|-unboost|p2a: Rotom|atk|1
|-unboost|p2a: Rotom|spa|1
|
|t:|1784391542
|switch|p1a: Gholdengo|Gholdengo, L50|40/100|[from] Parting Shot
|
|upkeep
|turn|8
|
|t:|1784391556
|move|p1a: Gholdengo|Shadow Ball|p2a: Rotom
|-damage|p2a: Rotom|9/100
|move|p1b: Falinks|Close Combat|p2a: Rotom
|-damage|p2a: Rotom|0 fnt
|-unboost|p1b: Falinks|def|1
|-unboost|p1b: Falinks|spd|1
|faint|p2a: Rotom
|
|win|ToastedArt
