|j|☆gundot
|j|‽Dr3ntel
|html|gundotDr3ntel    
|uhtml|bestof|Game 2 of a best-of-3
|t:|1783582663
|gametype|doubles
|player|p1|gundot|ethan-gen2|1185
|player|p2|Dr3ntel|266|1210
|gen|9
|tier|[Gen 9 Champions] VGC 2026 Reg M-B (Bo3)
|rated|
|rule|Species Clause: Limit one of each Pokémon
|rule|Item Clause: Limit 1 of each item
|clearpoke
|poke|p1|Charizard, L50, F|
|poke|p1|Aerodactyl, L50, F|
|poke|p1|Farigiraf, L50, F|
|poke|p1|Incineroar, L50, F|
|poke|p1|Garchomp, L50, F|
|poke|p1|Sylveon, L50, M|
|poke|p2|Venusaur, L50, M|
|poke|p2|Grimmsnarl, L50, M|
|poke|p2|Pelipper, L50, F|
|poke|p2|Archaludon, L50, F|
|poke|p2|Swampert, L50, F|
|poke|p2|Hydreigon, L50, F|
|teampreview|4
|showteam|p1|Charizard||CharizarditeY|Blaze|HeatWave,SolarBeam,BlastBurn,Protect|Modest||F|||50|]Aerodactyl||FocusSash|Unnerve|RockSlide,DualWingbeat,WideGuard,Tailwind|Jolly||F|||50|]Farigiraf||SitrusBerry|ArmorTail|Psychic,Thunderbolt,TrickRoom,Roar|Sassy||F|||50|]Incineroar||Charcoal|Intimidate|FlareBlitz,DarkestLariat,FakeOut,PartingShot|Brave||F|||50|]Garchomp||Garchompite|RoughSkin|DragonClaw,Earthquake,StompingTantrum,Protect|Adamant||F|||50|]Sylveon||FairyFeather|Pixilate|HyperVoice,HyperBeam,QuickAttack,Detect|Modest||M|||50|
|showteam|p2|Venusaur||Venusaurite|Chlorophyll|Protect,SludgeBomb,GigaDrain,EarthPower|Modest||M|||50|]Grimmsnarl||LightClay|Prankster|SpiritBreak,Reflect,LightScreen,PartingShot|Careful||M|||50|]Pelipper||SitrusBerry|Drizzle|Hurricane,WeatherBall,Tailwind,WideGuard|Bold||F|||50|]Archaludon||Leftovers|Stamina|Protect,ElectroShot,DragonPulse,FlashCannon|Modest||F|||50|]Swampert||Swampertite|Torrent|Protect,WaveCrash,Earthquake,IcePunch|Adamant||F|||50|]Hydreigon||ChoiceScarf|Levitate|DarkPulse,Snarl,DracoMeteor,Uturn|Modest||F|||50|
|inactive|Battle timer is ON: inactive players will automatically lose when time's up. (requested by gundot)
|inactive|Dr3ntel has 60 seconds left.
|
|t:|1783582699
|teamsize|p1|4
|teamsize|p2|4
|start
|switch|p1a: Incineroar|Incineroar, L50, F|100/100
|switch|p1b: Farigiraf|Farigiraf, L50, F|100/100
|switch|p2a: Grimmsnarl|Grimmsnarl, L50, M|100/100
|switch|p2b: Archaludon|Archaludon, L50, F|100/100
|-ability|p1a: Incineroar|Intimidate|boost
|-unboost|p2a: Grimmsnarl|atk|1
|-unboost|p2b: Archaludon|atk|1
|turn|1
|inactive|gundot has 30 seconds left.
|
|t:|1783582725
|move|p2b: Archaludon|Protect|p2b: Archaludon
|-singleturn|p2b: Archaludon|Protect
|move|p2a: Grimmsnarl|Light Screen|p2a: Grimmsnarl
|-sidestart|p2: Dr3ntel|move: Light Screen
|move|p1a: Incineroar|Parting Shot|p2a: Grimmsnarl
|-unboost|p2a: Grimmsnarl|atk|1
|-unboost|p2a: Grimmsnarl|spa|1
|
|t:|1783582731
|switch|p1a: Sylveon|Sylveon, L50, M|100/100|[from] Parting Shot
|move|p1b: Farigiraf|Trick Room|p1b: Farigiraf
|-fieldstart|move: Trick Room|[of] p1b: Farigiraf
|
|upkeep
|turn|2
|
|t:|1783582747
|switch|p2a: Pelipper|Pelipper, L50, F|100/100
|-weather|RainDance|[from] ability: Drizzle|[of] p2a: Pelipper
|move|p1a: Sylveon|Hyper Voice|p2a: Pelipper|[spread] p2a,p2b
|-damage|p2a: Pelipper|54/100
|-damage|p2b: Archaludon|51/100
|-ability|p2b: Archaludon|Stamina|boost
|-boost|p2b: Archaludon|def|1
|move|p2b: Archaludon|Electro Shot||[still]
|-prepare|p2b: Archaludon|Electro Shot
|-boost|p2b: Archaludon|spa|1
|-anim|p2b: Archaludon|Electro Shot|p1a: Sylveon
|-damage|p1a: Sylveon|40/100
|move|p1b: Farigiraf|Roar|p2b: Archaludon
|drag|p2b: Grimmsnarl|Grimmsnarl, L50, M|100/100
|
|-weather|RainDance|[upkeep]
|upkeep
|turn|3
|inactive|gundot has 30 seconds left.
|
|t:|1783582781
|switch|p2a: Venusaur|Venusaur, L50, M|100/100
|move|p1b: Farigiraf|Thunderbolt|p2a: Venusaur
|-resisted|p2a: Venusaur|1
|-damage|p2a: Venusaur|92/100
|move|p2b: Grimmsnarl|Spirit Break|p1a: Sylveon
|-damage|p1a: Sylveon|4/100
|-unboost|p1a: Sylveon|spa|1
|move|p1a: Sylveon|Hyper Beam|p2a: Venusaur
|-resisted|p2a: Venusaur|1
|-damage|p2a: Venusaur|66/100
|-mustrecharge|p1a: Sylveon
|
|-weather|RainDance|[upkeep]
|upkeep
|turn|4
|
|t:|1783582805
|detailschange|p2a: Venusaur|Venusaur-Mega, L50, M
|-mega|p2a: Venusaur|Venusaur|Venusaurite
|move|p2a: Venusaur|Protect|p2a: Venusaur
|-singleturn|p2a: Venusaur|Protect
|move|p1b: Farigiraf|Psychic|p2a: Venusaur
|-activate|p2a: Venusaur|move: Protect
|move|p2b: Grimmsnarl|Spirit Break|p1a: Sylveon
|-damage|p1a: Sylveon|0 fnt
|faint|p1a: Sylveon
|
|-weather|RainDance|[upkeep]
|upkeep
|
|t:|1783582815
|switch|p1a: Incineroar|Incineroar, L50, F|100/100
|-ability|p1a: Incineroar|Intimidate|boost
|-unboost|p2a: Venusaur|atk|1
|-unboost|p2b: Grimmsnarl|atk|1
|turn|5
|inactive|gundot has 30 seconds left.
|
|t:|1783582840
|switch|p2a: Archaludon|Archaludon, L50, F|51/100
|move|p2b: Grimmsnarl|Reflect|p2b: Grimmsnarl
|-sidestart|p2: Dr3ntel|Reflect
|move|p1a: Incineroar|Parting Shot|p2a: Archaludon
|-unboost|p2a: Archaludon|atk|1
|-unboost|p2a: Archaludon|spa|1
|
|t:|1783582844
|switch|p1a: Charizard|Charizard, L50, F|100/100|[from] Parting Shot
|move|p1b: Farigiraf|Psychic|p2a: Archaludon
|-resisted|p2a: Archaludon|1
|-damage|p2a: Archaludon|35/100
|-ability|p2a: Archaludon|Stamina|boost
|-boost|p2a: Archaludon|def|1
|
|-weather|RainDance|[upkeep]
|-heal|p2a: Archaludon|41/100|[from] item: Leftovers
|-fieldend|move: Trick Room
|upkeep
|turn|6
|
|t:|1783582865
|move|p2a: Archaludon|Protect|p2a: Archaludon
|-singleturn|p2a: Archaludon|Protect
|move|p1a: Charizard|Protect|p1a: Charizard
|-singleturn|p1a: Charizard|Protect
|move|p2b: Grimmsnarl|Spirit Break|p1a: Charizard
|-activate|p1a: Charizard|move: Protect
|move|p1b: Farigiraf|Psychic|p2a: Archaludon
|-activate|p2a: Archaludon|move: Protect
|
|-weather|none
|-heal|p2a: Archaludon|47/100|[from] item: Leftovers
|upkeep
|turn|7
|
|t:|1783582878
|switch|p2a: Pelipper|Pelipper, L50, F|54/100
|-weather|RainDance|[from] ability: Drizzle|[of] p2a: Pelipper
|switch|p2b: Venusaur|Venusaur-Mega, L50, M|66/100
|move|p1a: Charizard|Heat Wave|p2a: Pelipper|[spread] p2a,p2b
|-resisted|p2a: Pelipper|1
|-supereffective|p2b: Venusaur|1
|-damage|p2a: Pelipper|47/100
|-damage|p2b: Venusaur|57/100
|-enditem|p2a: Pelipper|Sitrus Berry|[eat]
|-heal|p2a: Pelipper|72/100|[from] item: Sitrus Berry
|move|p1b: Farigiraf|Psychic|p2a: Pelipper
|-damage|p2a: Pelipper|37/100
|
|-weather|RainDance|[upkeep]
|upkeep
|turn|8
|
|t:|1783582898
|switch|p2a: Grimmsnarl|Grimmsnarl, L50, M|100/100
|detailschange|p1a: Charizard|Charizard-Mega-Y, L50, F
|-mega|p1a: Charizard|Charizard|Charizardite Y
|-weather|SunnyDay|[from] ability: Drought|[of] p1a: Charizard
|move|p2b: Venusaur|Protect|p2b: Venusaur
|-singleturn|p2b: Venusaur|Protect
|move|p1a: Charizard|Blast Burn|p2a: Grimmsnarl
|-damage|p2a: Grimmsnarl|30/100
|-mustrecharge|p1a: Charizard
|move|p1b: Farigiraf|Psychic|p2b: Venusaur
|-activate|p2b: Venusaur|move: Protect
|
|-weather|SunnyDay|[upkeep]
|-sideend|p2: Dr3ntel|move: Light Screen
|upkeep
|turn|9
|
|t:|1783582914
|switch|p2b: Pelipper|Pelipper, L50, F|37/100
|-weather|RainDance|[from] ability: Drizzle|[of] p2b: Pelipper
|cant|p1a: Charizard|recharge
|move|p2a: Grimmsnarl|Spirit Break|p1a: Charizard
|-resisted|p1a: Charizard|1
|-damage|p1a: Charizard|84/100
|-unboost|p1a: Charizard|spa|1
|move|p1b: Farigiraf|Psychic|p2b: Pelipper
|-damage|p2b: Pelipper|0 fnt
|faint|p2b: Pelipper
|
|-weather|RainDance|[upkeep]
|upkeep
|
|t:|1783582918
|switch|p2b: Archaludon|Archaludon, L50, F|47/100
|turn|10
|
|t:|1783582929
|switch|p1a: Incineroar|Incineroar, L50, F|100/100
|-ability|p1a: Incineroar|Intimidate|boost
|-unboost|p2a: Grimmsnarl|atk|1
|-unboost|p2b: Archaludon|atk|1
|move|p2a: Grimmsnarl|Light Screen|p2a: Grimmsnarl
|-sidestart|p2: Dr3ntel|move: Light Screen
|move|p2b: Archaludon|Electro Shot||[still]
|-prepare|p2b: Archaludon|Electro Shot
|-boost|p2b: Archaludon|spa|1
|-anim|p2b: Archaludon|Electro Shot|p1a: Incineroar
|-damage|p1a: Incineroar|33/100
|move|p1b: Farigiraf|Roar|p1a: Incineroar
|drag|p1a: Charizard|Charizard-Mega-Y, L50, F|84/100
|-weather|SunnyDay|[from] ability: Drought|[of] p1a: Charizard
|
|-weather|SunnyDay|[upkeep]
|-heal|p2b: Archaludon|53/100|[from] item: Leftovers
|upkeep
|turn|11
|
|t:|1783582952
|move|p2b: Archaludon|Dragon Pulse|p1a: Charizard
|-damage|p1a: Charizard|14/100
|move|p1a: Charizard|Heat Wave|p2b: Archaludon|[spread] p2a,p2b
|-damage|p2a: Grimmsnarl|0 fnt
|-damage|p2b: Archaludon|0 fnt
|faint|p2a: Grimmsnarl
|faint|p2b: Archaludon
|move|p1b: Farigiraf|Psychic|p2: Grimmsnarl|[notarget]
|-fail|p1b: Farigiraf
|
|-weather|SunnyDay|[upkeep]
|upkeep
|
|t:|1783582959
|switch|p2b: Venusaur|Venusaur-Mega, L50, M|57/100
|turn|12
|-message|Dr3ntel forfeited.
|raw|gundot's rating: 1185 → 1212(+27 for winning)
|raw|Dr3ntel's rating: 1210 → 1183(-27 for losing)
|
|win|gundot
|l|‽Dr3ntel
|player|p2|
