|j|â˜†notoriousczr
|j|â˜†PaoloIsAnOshawott
|html|notoriousczrPaoloIsAnOshawott    
|uhtml|bestof|Game 2 of a best-of-3
|t:|1785611254
|gametype|doubles
|player|p1|notoriousczr|clown|
|player|p2|PaoloIsAnOshawott|hugh|
|gen|9
|tier|[Gen 9 Champions] VGC 2026 Reg M-B (Bo3)
|rule|Species Clause: Limit one of each PokÃ©mon
|rule|Item Clause: Limit 1 of each item
|clearpoke
|poke|p1|Drampa, L50, M|
|poke|p1|Diggersby, L50, F|
|poke|p1|Zoroark-Hisui, L50, M|
|poke|p1|Kangaskhan, L50, F|
|poke|p1|Staraptor, L50, M|
|poke|p1|Farigiraf, L50, F|
|poke|p2|Pelipper, L50, M|
|poke|p2|Swampert, L50, F|
|poke|p2|Basculegion, L50, M|
|poke|p2|Empoleon, L50, M, shiny|
|poke|p2|Samurott-Hisui, L50, M|
|poke|p2|Toxapex, L50, F, shiny|
|teampreview|4
|showteam|p1|Drampa||SitrusBerry|Berserk|DragonPulse,HyperVoice,HeatWave,Protect|Quiet||M|||50|]Diggersby||SilkScarf|HugePower|BodySlam,HighHorsepower,QuickAttack,Protect|Adamant||F|||50|]Zoroark-Hisui||LifeOrb|Illusion|BitterMalice,NastyPlot,HyperVoice,Protect|Timid||M|||50|]Kangaskhan||Kangaskhanite|Scrappy|FakeOut,HammerArm,DoubleEdge,SuckerPunch|Adamant||F|||50|]Staraptor||FocusSash|Intimidate|DualWingbeat,CloseCombat,Tailwind,Protect|Jolly||M|||50|]Farigiraf||ColburBerry|ArmorTail|TrickRoom,Protect,HyperVoice,Psychic|Quiet||F|||50|
|showteam|p2|Pelipper||FocusSash|Drizzle|Hurricane,WeatherBall,Tailwind,Protect|Timid||M|||50|]Swampert||Swampertite|Damp|WaveCrash,HighHorsepower,Protect,IcePunch|Adamant||F|||50|]Basculegion||ChoiceScarf|Adaptability|LastRespects,WaveCrash,FlipTurn,AquaJet|Jolly||M|||50|]Empoleon||SitrusBerry|Competitive|Surf,FlashCannon,Roost,Roar|Quiet||M|||50|]Samurott-Hisui||LifeOrb|Sharpness|CeaselessEdge,AquaCutter,SuckerPunch,SacredSword|Adamant||M|||50|]Toxapex||Leftovers|Merciless|Toxic,Infestation,WideGuard,Recover|Sassy||F|||50|
|
|t:|1785611308
|teamsize|p1|4
|teamsize|p2|4
|start
|switch|p1a: MonoNormal(genius)|Kangaskhan, L50, F|100/100
|switch|p1b: MonoPsychic|Farigiraf, L50, F|100/100
|switch|p2a: Samurott|Samurott-Hisui, L50, M|100/100
|switch|p2b: Empoleon|Empoleon, L50, M, shiny|100/100
|turn|1
|
|t:|1785611339
|move|p1a: MonoNormal(genius)|Nasty Plot|p1a: MonoNormal(genius)
|-boost|p1a: MonoNormal(genius)|spa|2
|move|p2a: Samurott|Sacred Sword|p1a: MonoNormal(genius)
|-immune|p1a: MonoNormal(genius)
|move|p1b: MonoPsychic|Hyper Voice|p2a: Samurott|[spread] p2a,p2b
|-resisted|p2b: Empoleon|1
|-damage|p2a: Samurott|58/100
|-damage|p2b: Empoleon|86/100
|move|p2b: Empoleon|Roar|p1b: MonoPsychic
|drag|p1b: MonoNormal(genius)|Kangaskhan, L50, F|100/100
|
|upkeep
|turn|2
|c|â˜†PaoloIsAnOshawott|Oh W
|
|t:|1785611365
|detailschange|p1b: MonoNormal(genius)|Kangaskhan-Mega, L50, F
|-mega|p1b: MonoNormal(genius)|Kangaskhan|Kangaskhanite
|move|p1a: MonoNormal(genius)|Protect|p1a: MonoNormal(genius)
|-singleturn|p1a: MonoNormal(genius)|Protect
|move|p2a: Samurott|Sucker Punch||[still]
|-fail|p2a: Samurott
|move|p1b: MonoNormal(genius)|Hammer Arm|p2b: Empoleon
|-supereffective|p2b: Empoleon|1
|-damage|p2b: Empoleon|18/100
|-unboost|p1b: MonoNormal(genius)|spe|1
|-enditem|p2b: Empoleon|Sitrus Berry|[eat]
|-heal|p2b: Empoleon|43/100|[from] item: Sitrus Berry
|-supereffective|p2b: Empoleon|1
|-damage|p2b: Empoleon|24/100
|-unboost|p1b: MonoNormal(genius)|spe|1
|-hitcount|p2b: Empoleon|2
|move|p2b: Empoleon|Flash Cannon|p1b: MonoNormal(genius)
|-damage|p1b: MonoNormal(genius)|66/100
|
|upkeep
|turn|3
|
|t:|1785611403
|switch|p1b: MonoPsychic|Farigiraf, L50, F|100/100
|move|p1a: MonoNormal(genius)|Hyper Voice|p2a: Samurott|[spread] p2a,p2b
|-resisted|p2b: Empoleon|1
|-damage|p2a: Samurott|0 fnt
|-damage|p2b: Empoleon|0 fnt
|faint|p2a: Samurott
|faint|p2b: Empoleon
|-damage|p1a: MonoNormal(genius)|90/100|[from] item: Life Orb
|
|upkeep
|
|t:|1785611408
|switch|p2a: Toxapex|Toxapex, L50, F, shiny|100/100
|switch|p2b: Swampert|Swampert, L50, F|100/100
|turn|4
|
|t:|1785611421
|detailschange|p2b: Swampert|Swampert-Mega, L50, F
|-mega|p2b: Swampert|Swampert|Swampertite
|move|p1a: MonoNormal(genius)|Bitter Malice|p2b: Swampert
|-damage|p2b: Swampert|10/100
|-unboost|p2b: Swampert|atk|1
|-damage|p1a: MonoNormal(genius)|80/100|[from] item: Life Orb
|move|p2b: Swampert|High Horsepower|p1a: MonoNormal(genius)
|-damage|p1a: MonoNormal(genius)|0 fnt
|replace|p1a: MonoGhost|Zoroark-Hisui, L50, M
|-end|p1a: MonoGhost|Illusion
|faint|p1a: MonoGhost
|move|p1b: MonoPsychic|Psychic|p2a: Toxapex
|-supereffective|p2a: Toxapex|1
|-damage|p2a: Toxapex|48/100
|move|p2a: Toxapex|Infestation|p1b: MonoPsychic
|-supereffective|p1b: MonoPsychic|1
|-damage|p1b: MonoPsychic|93/100
|-activate|p1b: MonoPsychic|move: Infestation|[of] p2a: Toxapex
|
|-heal|p2a: Toxapex|54/100|[from] item: Leftovers
|-damage|p1b: MonoPsychic|81/100|[from] move: Infestation|[partiallytrapped]
|upkeep
|
|t:|1785611437
|switch|p1a: MonoGround|Diggersby, L50, F|100/100
|turn|5
|
|t:|1785611450
|move|p2b: Swampert|Protect|p2b: Swampert
|-singleturn|p2b: Swampert|Protect
|move|p1a: MonoGround|Quick Attack|p2b: Swampert
|-activate|p2b: Swampert|move: Protect
|move|p1b: MonoPsychic|Psychic|p2a: Toxapex
|-supereffective|p2a: Toxapex|1
|-damage|p2a: Toxapex|4/100
|move|p2a: Toxapex|Recover|p2a: Toxapex
|-heal|p2a: Toxapex|54/100
|
|-heal|p2a: Toxapex|60/100|[from] item: Leftovers
|-damage|p1b: MonoPsychic|69/100|[from] move: Infestation|[partiallytrapped]
|upkeep
|turn|6
|
|t:|1785611466
|move|p1a: MonoGround|Quick Attack|p2b: Swampert
|-damage|p2b: Swampert|0 fnt
|faint|p2b: Swampert
|move|p1b: MonoPsychic|Psychic|p2a: Toxapex
|-supereffective|p2a: Toxapex|1
|-damage|p2a: Toxapex|6/100
|move|p2a: Toxapex|Recover|p2a: Toxapex
|-heal|p2a: Toxapex|56/100
|
|-heal|p2a: Toxapex|62/100|[from] item: Leftovers
|-damage|p1b: MonoPsychic|56/100|[from] move: Infestation|[partiallytrapped]
|upkeep
|turn|7
|
|t:|1785611474
|move|p1a: MonoGround|High Horsepower|p2a: Toxapex
|-supereffective|p2a: Toxapex|1
|-damage|p2a: Toxapex|0 fnt
|faint|p2a: Toxapex
|
|win|notoriousczr
||PaoloIsAnOshawott is ready for game 3.
||notoriousczr is ready for game 3.
|uhtml|next|Next: Game 3 of 3
|l|â˜†notoriousczr
|player|p1|
|j|â˜†notoriousczr
|player|p1|notoriousczr|clown|
