|j|☆charizard_best2015
|j|☆VersaceZ
|html|charizard_best2015VersaceZ    
|uhtml|bestof|Game 3 of a best-of-3
|t:|1782433109
|gametype|doubles
|player|p1|charizard_best2015|alain|1000
|player|p2|VersaceZ|169|1000
|gen|9
|tier|[Gen 9 Champions] VGC 2026 Reg M-B (Bo3)
|rated|
|rule|Species Clause: Limit one of each Pokémon
|rule|Item Clause: Limit 1 of each item
|clearpoke
|poke|p1|Skarmory, L50, F|
|poke|p1|Garchomp, L50, F|
|poke|p1|Sneasler, L50, F|
|poke|p1|Pelipper, L50, F|
|poke|p1|Basculegion, L50, M|
|poke|p1|Archaludon, L50, M|
|poke|p2|Tyranitar, L50, M|
|poke|p2|Steelix, L50, F|
|poke|p2|Sinistcha, L50|
|poke|p2|Rotom-Wash, L50|
|poke|p2|Sneasler, L50, M|
|poke|p2|Dragapult, L50, M|
|teampreview|4
|showteam|p1|Skarmory||Skarmorite|Sturdy|BraveBird,IronHead,BodyPress,Protect|Adamant||F|||50|]Garchomp||LifeOrb|RoughSkin|Earthquake,DragonClaw,RockSlide,Protect|Serious||F|||50|]Sneasler||WhiteHerb|Unburden|CloseCombat,DireClaw,FakeOut,Protect|Adamant||F|||50|]Pelipper||FocusSash|Drizzle|Tailwind,Hurricane,Protect,WeatherBall|Modest||F|||50|]Basculegion||MysticWater|SwiftSwim|Protect,LastRespects,WaveCrash,AquaJet|Adamant||M|||50|]Archaludon||ChoiceScarf|Stamina|ElectroShot,Protect,FlashCannon,DracoMeteor|Modest||M|||50|
|showteam|p2|Tyranitar||Tyranitarite|SandStream|RockSlide,KnockOff,DragonDance,Protect|Jolly||M|||50|]Steelix||Steelixite|Sturdy|HeavySlam,HighHorsepower,Protect,WideGuard|Brave||F|||50|]Sinistcha||SitrusBerry|Hospitality|ShadowBall,MatchaGotcha,RagePowder,TrickRoom|Bold|||||50|]Rotom-Wash||Leftovers|Levitate|WillOWisp,HydroPump,Thunderbolt,LightScreen|Bold|||||50|]Sneasler||WhiteHerb|Unburden|FakeOut,DireClaw,CloseCombat,Protect|Jolly||M|||50|]Dragapult||LifeOrb|Infiltrator|ShadowBall,DragonPulse,DracoMeteor,Flamethrower|Timid||M|||50|
|inactive|Battle timer is ON: inactive players will automatically lose when time's up. (requested by charizard_best2015)
|inactive|VersaceZ has 60 seconds left.
|
|t:|1782433157
|teamsize|p1|4
|teamsize|p2|4
|start
|switch|p1a: Pelipper|Pelipper, L50, F|100/100
|switch|p1b: Sneasler|Sneasler, L50, F|100/100
|switch|p2a: Rotom|Rotom-Wash, L50|100/100
|switch|p2b: Dragapult|Dragapult, L50, M|100/100
|-weather|RainDance|[from] ability: Drizzle|[of] p1a: Pelipper
|turn|1
|
|t:|1782433174
|move|p1b: Sneasler|Fake Out|p2a: Rotom
|-damage|p2a: Rotom|87/100
|move|p2b: Dragapult|Draco Meteor|p1a: Pelipper|[miss]
|-miss|p2b: Dragapult|p1a: Pelipper
|cant|p2a: Rotom|flinch
|move|p1a: Pelipper|Tailwind|p1a: Pelipper
|-sidestart|p1: charizard_best2015|move: Tailwind
|
|-weather|RainDance|[upkeep]
|-heal|p2a: Rotom|93/100|[from] item: Leftovers
|upkeep
|turn|2
|
|t:|1782433194
|move|p1b: Sneasler|Close Combat|p2a: Rotom
|-damage|p2a: Rotom|36/100
|-unboost|p1b: Sneasler|def|1
|-unboost|p1b: Sneasler|spd|1
|-enditem|p1b: Sneasler|White Herb
|-clearnegativeboost|p1b: Sneasler|[silent]
|move|p2b: Dragapult|Shadow Ball|p1b: Sneasler
|-damage|p1b: Sneasler|38/100
|-damage|p2b: Dragapult|90/100|[from] item: Life Orb
|move|p1a: Pelipper|Hurricane|p2b: Dragapult
|-damage|p2b: Dragapult|27/100
|move|p2a: Rotom|Thunderbolt|p1a: Pelipper
|-supereffective|p1a: Pelipper|2
|-enditem|p1a: Pelipper|Focus Sash
|-damage|p1a: Pelipper|1/100
|
|-weather|RainDance|[upkeep]
|-heal|p2a: Rotom|42/100|[from] item: Leftovers
|upkeep
|turn|3
|inactive|charizard_best2015 has 30 seconds left.
|
|t:|1782433219
|switch|p2a: Sneasler|Sneasler, L50, M|100/100
|move|p1b: Sneasler|Close Combat|p2a: Sneasler
|-resisted|p2a: Sneasler|1
|-damage|p2a: Sneasler|46/100
|-unboost|p1b: Sneasler|def|1
|-unboost|p1b: Sneasler|spd|1
|move|p2b: Dragapult|Shadow Ball|p1a: Pelipper
|-crit|p1a: Pelipper
|-damage|p1a: Pelipper|0 fnt
|faint|p1a: Pelipper
|-damage|p2b: Dragapult|18/100|[from] item: Life Orb
|
|-weather|RainDance|[upkeep]
|upkeep
|
|t:|1782433231
|switch|p1a: Skarmory|Skarmory, L50, F|100/100
|turn|4
|inactive|charizard_best2015 has 30 seconds left.
|
|t:|1782433264
|switch|p2b: Rotom|Rotom-Wash, L50|42/100
|detailschange|p1a: Skarmory|Skarmory-Mega, L50, F
|-mega|p1a: Skarmory|Skarmory|Skarmorite
|move|p1b: Sneasler|Protect|p1b: Sneasler
|-singleturn|p1b: Sneasler|Protect
|move|p2a: Sneasler|Fake Out|p1b: Sneasler
|-activate|p1b: Sneasler|move: Protect
|move|p1a: Skarmory|Brave Bird|p2a: Sneasler
|-supereffective|p2a: Sneasler|1
|-damage|p2a: Sneasler|0 fnt
|faint|p2a: Sneasler
|-damage|p1a: Skarmory|85/100|[from] Recoil
|
|-weather|RainDance|[upkeep]
|-heal|p2b: Rotom|47/100|[from] item: Leftovers
|-sideend|p1: charizard_best2015|move: Tailwind
|upkeep
|
|t:|1782433280
|switch|p2a: Tyranitar|Tyranitar, L50, M|100/100
|-weather|Sandstorm|[from] ability: Sand Stream|[of] p2a: Tyranitar
|turn|5
|inactive|VersaceZ has 30 seconds left.
|
|t:|1782433310
|detailschange|p2a: Tyranitar|Tyranitar-Mega, L50, M
|-mega|p2a: Tyranitar|Tyranitar|Tyranitarite
|move|p1a: Skarmory|Protect|p1a: Skarmory
|-singleturn|p1a: Skarmory|Protect
|move|p1b: Sneasler|Close Combat|p2b: Rotom
|-damage|p2b: Rotom|0 fnt
|-unboost|p1b: Sneasler|def|1
|-unboost|p1b: Sneasler|spd|1
|faint|p2b: Rotom
|move|p2a: Tyranitar|Rock Slide|p1a: Skarmory|[spread] p1b
|-activate|p1a: Skarmory|move: Protect
|-resisted|p1b: Sneasler|1
|-damage|p1b: Sneasler|0 fnt
|faint|p1b: Sneasler
|
|-weather|Sandstorm|[upkeep]
|upkeep
|
|t:|1782433321
|switch|p1b: Basculegion|Basculegion, L50, M|100/100
|switch|p2b: Dragapult|Dragapult, L50, M|18/100
|turn|6
|
|t:|1782433334
|move|p1b: Basculegion|Protect|p1b: Basculegion
|-singleturn|p1b: Basculegion|Protect
|move|p2b: Dragapult|Flamethrower|p1a: Skarmory
|-supereffective|p1a: Skarmory|1
|-damage|p1a: Skarmory|12/100
|-damage|p2b: Dragapult|8/100|[from] item: Life Orb
|move|p2a: Tyranitar|Knock Off|p1b: Basculegion
|-activate|p1b: Basculegion|move: Protect
|move|p1a: Skarmory|Iron Head|p2b: Dragapult
|-damage|p2b: Dragapult|0 fnt
|faint|p2b: Dragapult
|
|-weather|Sandstorm|[upkeep]
|-damage|p1b: Basculegion|93/100|[from] Sandstorm
|upkeep
|turn|7
|
|t:|1782433355
|move|p2a: Tyranitar|Rock Slide|p1b: Basculegion|[spread] p1a,p1b
|-damage|p1a: Skarmory|0 fnt
|-damage|p1b: Basculegion|59/100
|faint|p1a: Skarmory
|move|p1b: Basculegion|Wave Crash|p2a: Tyranitar
|-supereffective|p2a: Tyranitar|1
|-damage|p2a: Tyranitar|0 fnt
|faint|p2a: Tyranitar
|-damage|p1b: Basculegion|31/100|[from] Recoil
|
|win|charizard_best2015
|raw|charizard_best2015's rating: 1000 → 1040(+40 for winning)
|raw|VersaceZ's rating: 1000 → 1000(+0 for losing)
|c|☆charizard_best2015|ggs
|l|☆VersaceZ
|player|p2|
|l|☆charizard_best2015
|player|p1|
|j|☆charizard_best2015
|player|p1|charizard_best2015|alain|
