|j|☆FranciscoRPT
|j|☆Z4RDEL
|html|FranciscoRPTZ4RDEL    
|uhtml|bestof|Game 3 of a best-of-3
|t:|1783276405
|gametype|doubles
|player|p1|FranciscoRPT|102|
|player|p2|Z4RDEL|miku-fire|
|gen|9
|tier|[Gen 9 Champions] VGC 2026 Reg M-B (Bo3)
|rule|Species Clause: Limit one of each Pokémon
|rule|Item Clause: Limit 1 of each item
|clearpoke
|poke|p1|Floette-Eternal, L50, F|
|poke|p1|Charizard, L50, M|
|poke|p1|Whimsicott, L50, F|
|poke|p1|Garchomp, L50, F|
|poke|p1|Basculegion, L50, M|
|poke|p1|Kingambit, L50, M|
|poke|p2|Froslass, L50, F|
|poke|p2|Incineroar, L50, M|
|poke|p2|Glimmora, L50, M|
|poke|p2|Sinistcha-Masterpiece, L50|
|poke|p2|Archaludon, L50, F|
|poke|p2|Raichu, L50, F|
|teampreview|4
|showteam|p1|Floette-Eternal||Floettite|FlowerVeil|Moonblast,DazzlingGleam,LightofRuin,Protect|Modest||F|||50|]Charizard||CharizarditeY|Blaze|HeatWave,WeatherBall,SolarBeam,Protect|Modest||M|||50|]Whimsicott||FocusSash|Prankster|Moonblast,Encore,Tailwind,Protect|Timid||F|||50|]Garchomp||RoseliBerry|RoughSkin|DragonClaw,StompingTantrum,PoisonJab,RockSlide|Jolly||F|||50|]Basculegion||LifeOrb|Adaptability|WaveCrash,LastRespects,AquaJet,Protect|Adamant||M|||50|]Kingambit||ChopleBerry|Defiant|KowtowCleave,Protect,SuckerPunch,LowKick|Adamant||M|||50|
|showteam|p2|Froslass||Froslassite|CursedBody|Blizzard,ShadowBall,AuroraVeil,Protect|Modest||F|||50|]Incineroar||QuickClaw|Intimidate|PartingShot,FlareBlitz,DarkestLariat,FakeOut|Adamant||M|||50|]Glimmora||FocusSash|ToxicDebris|StealthRock,EarthPower,PowerGem,MortalSpin|Modest||M|||50|]Sinistcha-Masterpiece||SitrusBerry|Hospitality|MatchaGotcha,RagePowder,TrickRoom,LifeDew|Sassy|||||50|]Archaludon||Leftovers|Stamina|ElectroShot,DracoMeteor,FlashCannon,Protect|Bold||F|||50|]Raichu||RaichuniteY|Static|RainDance,ZapCannon,Encore,Protect|Timid||F|||50|
|inactive|Battle timer is ON: inactive players will automatically lose when time's up. (requested by Z4RDEL)
|inactive|FranciscoRPT has 60 seconds left.
|
|t:|1783276439
|teamsize|p1|4
|teamsize|p2|4
|start
|switch|p1a: Whimsicott|Whimsicott, L50, F|100/100
|switch|p1b: Garchomp|Garchomp, L50, F|100/100
|switch|p2a: Froslass|Froslass, L50, F|100/100
|switch|p2b: Glimmora|Glimmora, L50, M|100/100
|turn|1
|inactive|FranciscoRPT has 30 seconds left.
|
|t:|1783276469
|switch|p2a: Archaludon|Archaludon, L50, F|100/100
|move|p1a: Whimsicott|Tailwind|p1a: Whimsicott
|-sidestart|p1: FranciscoRPT|move: Tailwind
|move|p1b: Garchomp|Rock Slide|p2a: Archaludon|[spread] p2a,p2b
|-resisted|p2a: Archaludon|1
|-damage|p2a: Archaludon|94/100
|-damage|p2b: Glimmora|78/100
|-ability|p2a: Archaludon|Stamina|boost
|-boost|p2a: Archaludon|def|1
|-activate|p2b: Glimmora|ability: Toxic Debris
|-sidestart|p1: FranciscoRPT|move: Toxic Spikes
|move|p2b: Glimmora|Stealth Rock|p1b: Garchomp
|-sidestart|p1: FranciscoRPT|move: Stealth Rock
|
|-heal|p2a: Archaludon|100/100|[from] item: Leftovers
|upkeep
|turn|2
|inactive|FranciscoRPT has 30 seconds left.
|
|t:|1783276498
|switch|p2b: Sinistcha|Sinistcha-Masterpiece, L50|100/100
|move|p1a: Whimsicott|Moonblast|p2a: Archaludon
|-damage|p2a: Archaludon|51/100
|-ability|p2a: Archaludon|Stamina|boost
|-boost|p2a: Archaludon|def|1
|move|p1b: Garchomp|Stomping Tantrum|p2b: Sinistcha
|-resisted|p2b: Sinistcha|1
|-damage|p2b: Sinistcha|83/100
|move|p2a: Archaludon|Flash Cannon|p1a: Whimsicott
|-supereffective|p1a: Whimsicott|1
|-enditem|p1a: Whimsicott|Focus Sash
|-damage|p1a: Whimsicott|1/100
|
|-heal|p2a: Archaludon|57/100|[from] item: Leftovers
|upkeep
|turn|3
|inactive|Z4RDEL has 30 seconds left.
|
|t:|1783276525
|move|p2a: Archaludon|Protect|p2a: Archaludon
|-singleturn|p2a: Archaludon|Protect
|move|p1a: Whimsicott|Moonblast|p2a: Archaludon
|-activate|p2a: Archaludon|move: Protect
|move|p1b: Garchomp|Rock Slide|p2a: Archaludon|[spread] p2b
|-activate|p2a: Archaludon|move: Protect
|-damage|p2b: Sinistcha|65/100
|move|p2b: Sinistcha|Matcha Gotcha|p1b: Garchomp|[spread] p1a,p1b
|-resisted|p1a: Whimsicott|1
|-damage|p1a: Whimsicott|0 fnt
|-heal|p2b: Sinistcha|66/100|[from] drain|[of] p1a: Whimsicott
|-damage|p1b: Garchomp|74/100
|-heal|p2b: Sinistcha|79/100|[from] drain|[of] p1b: Garchomp
|faint|p1a: Whimsicott
|
|-heal|p2a: Archaludon|63/100|[from] item: Leftovers
|upkeep
|
|t:|1783276544
|switch|p1a: Basculegion|Basculegion, L50, M|100/100
|-status|p1a: Basculegion|psn
|-damage|p1a: Basculegion|87/100 psn|[from] Stealth Rock
|turn|4
|inactive|Z4RDEL has 30 seconds left.
|inactive|Z4RDEL has 20 seconds left.
|
|t:|1783276579
|switch|p1b: Floette|Floette-Eternal, L50, F|100/100
|-status|p1b: Floette|psn
|-damage|p1b: Floette|87/100 psn|[from] Stealth Rock
|switch|p2b: Glimmora|Glimmora, L50, M|78/100
|move|p1a: Basculegion|Last Respects|p2b: Glimmora
|-damage|p2b: Glimmora|0 fnt
|-activate|p2b: Glimmora|ability: Toxic Debris
|-sidestart|p1: FranciscoRPT|move: Toxic Spikes
|faint|p2b: Glimmora
|-damage|p1a: Basculegion|78/100 psn|[from] item: Life Orb
|move|p2a: Archaludon|Flash Cannon|p1b: Floette
|-supereffective|p1b: Floette|1
|-damage|p1b: Floette|29/100 psn
|
|-heal|p2a: Archaludon|69/100|[from] item: Leftovers
|-damage|p1b: Floette|17/100 psn|[from] psn
|-damage|p1a: Basculegion|66/100 psn|[from] psn
|-sideend|p1: FranciscoRPT|move: Tailwind
|upkeep
|inactive|Z4RDEL has 30 seconds left.
|
|t:|1783276611
|switch|p2b: Froslass|Froslass, L50, F|100/100
|turn|5
|
|t:|1783276617
|detailschange|p1b: Floette|Floette-Mega, L50, F
|-mega|p1b: Floette|Floette|Floettite
|-ability|p1b: Floette|Fairy Aura
|move|p2b: Froslass|Protect|p2b: Froslass
|-singleturn|p2b: Froslass|Protect
|move|p2a: Archaludon|Protect|p2a: Archaludon
|-singleturn|p2a: Archaludon|Protect
|move|p1b: Floette|Light of Ruin|p2a: Archaludon
|-activate|p2a: Archaludon|move: Protect
|move|p1a: Basculegion|Last Respects|p2b: Froslass
|-activate|p2b: Froslass|move: Protect
|
|-heal|p2a: Archaludon|75/100|[from] item: Leftovers
|-damage|p1b: Floette|5/100 psn|[from] psn
|-damage|p1a: Basculegion|54/100 psn|[from] psn
|upkeep
|turn|6
|inactive|Z4RDEL has 30 seconds left.
|inactive|Z4RDEL has 20 seconds left.
|
|t:|1783276655
|detailschange|p2b: Froslass|Froslass-Mega, L50, F
|-mega|p2b: Froslass|Froslass|Froslassite
|-weather|Snowscape|[from] ability: Snow Warning|[of] p2b: Froslass
|move|p2b: Froslass|Blizzard|p1b: Floette|[spread] p1a,p1b
|-resisted|p1a: Basculegion|1
|-damage|p1a: Basculegion|28/100 psn
|-damage|p1b: Floette|0 fnt
|faint|p1b: Floette
|move|p1a: Basculegion|Last Respects|p2b: Froslass
|-supereffective|p2b: Froslass|1
|-damage|p2b: Froslass|0 fnt
|faint|p2b: Froslass
|-damage|p1a: Basculegion|19/100 psn|[from] item: Life Orb
|move|p2a: Archaludon|Flash Cannon|p1a: Basculegion
|-resisted|p1a: Basculegion|1
|-damage|p1a: Basculegion|1/100 psn
|
|-weather|Snowscape|[upkeep]
|-heal|p2a: Archaludon|81/100|[from] item: Leftovers
|-damage|p1a: Basculegion|0 fnt|[from] psn
|faint|p1a: Basculegion
|upkeep
|
|t:|1783276676
|switch|p2b: Sinistcha|Sinistcha-Masterpiece, L50|79/100
|switch|p1b: Garchomp|Garchomp, L50, F|74/100
|-status|p1b: Garchomp|tox
|-damage|p1b: Garchomp|69/100 tox|[from] Stealth Rock
|-heal|p2a: Archaludon|100/100|[from] ability: Hospitality|[of] p2b: Sinistcha
|turn|7
|
|t:|1783276689
|move|p1b: Garchomp|Stomping Tantrum|p2a: Archaludon
|-supereffective|p2a: Archaludon|1
|-damage|p2a: Archaludon|77/100
|-ability|p2a: Archaludon|Stamina|boost
|-boost|p2a: Archaludon|def|1
|move|p2a: Archaludon|Draco Meteor|p1b: Garchomp
|-supereffective|p1b: Garchomp|1
|-damage|p1b: Garchomp|0 fnt
|-unboost|p2a: Archaludon|spa|2
|faint|p1b: Garchomp
|
|win|Z4RDEL
|l|☆FranciscoRPT
|player|p1|
