|j|☆Mateadelvgc
|j|☆skywalkingchris
|html|Mateadelvgcskywalkingchris    
|uhtml|bestof|Game 1 of a best-of-3
|t:|1756151027
|gametype|doubles
|player|p1|Mateadelvgc|giovanni|1189
|player|p2|skywalkingchris|102|1240
|gen|9
|tier|[Gen 9] VGC 2025 Reg H (Bo3)
|rated|
|rule|Species Clause: Limit one of each Pokémon
|rule|Item Clause: Limit 1 of each item
|clearpoke
|poke|p1|Rillaboom, L50, M|
|poke|p1|Maushold-Four, L50|
|poke|p1|Dragonite, L50, M|
|poke|p1|Gholdengo, L50|
|poke|p1|Ursaluna-Bloodmoon, L50, M|
|poke|p1|Annihilape, L50, M|
|poke|p2|Murkrow, L50, M|
|poke|p2|Sneasler, L50, M|
|poke|p2|Archaludon, L50, M|
|poke|p2|Indeedee, L50, M|
|poke|p2|Gholdengo, L50|
|poke|p2|Grimmsnarl, L50, M|
|teampreview|4
|showteam|p1|Rillaboom||MiracleSeed|GrassySurge|WoodHammer,GrassyGlide,FakeOut,HighHorsepower|||M|||50|,,,,,Fire]Maushold-Four||WideLens|Technician|PopulationBomb,FollowMe,BeatUp,Protect||||||50|,,,,,Ghost]Dragonite||LoadedDice|Multiscale|Tailwind,ExtremeSpeed,Protect,ScaleShot|||M|||50|,,,,,Steel]Gholdengo||LifeOrb|GoodasGold|MakeItRain,ShadowBall,NastyPlot,Protect||||||50|,,,,,Water]Ursaluna-Bloodmoon||AssaultVest|MindsEye|VacuumWave,BloodMoon,HyperVoice,EarthPower|||M|||50|,,,,,Poison]Annihilape||SafetyGoggles|Defiant|DrainPunch,RageFist,BulkUp,Protect|||M|||50|,,,,,Fire
|showteam|p2|Murkrow||Eviolite|Prankster|Haze,Tailwind,RainDance,BraveBird|||M|||50|,,,,,Ghost]Sneasler||PsychicSeed|Unburden|Protect,ThroatChop,CloseCombat,DireClaw|||M|||50|,,,,,Dark]Archaludon||AssaultVest|Stamina|ElectroShot,BodyPress,FlashCannon,DragonPulse|||M|||50|,,,,,Bug]Indeedee||FocusSash|PsychicSurge|Imprison,TrickRoom,DazzlingGleam,ExpandingForce|||M|||50|,,,,,Psychic]Gholdengo||ChoiceSpecs|GoodasGold|Trick,TeraBlast,ShadowBall,MakeItRain||||||50|,,,,,Water]Grimmsnarl||LightClay|Prankster|Reflect,LightScreen,ThunderWave,SpiritBreak|||M|||50|,,,,,Steel
|inactive|Battle timer is ON: inactive players will automatically lose when time's up. (requested by Mateadelvgc)
|inactive|Mateadelvgc has 60 seconds left.
|inactive|skywalkingchris has 60 seconds left.
|
|t:|1756151108
|teamsize|p1|4
|teamsize|p2|4
|start
|switch|p1a: Rillaboom|Rillaboom, L50, M, shiny|100/100
|switch|p1b: Gholdengo|Gholdengo, L50, shiny|100/100
|switch|p2a: Sneasler|Sneasler, L50, M|100/100
|switch|p2b: Murkrow|Murkrow, L50, M|100/100
|-fieldstart|move: Grassy Terrain|[from] ability: Grassy Surge|[of] p1a: Rillaboom
|turn|1
|inactive|Mateadelvgc has 30 seconds left.
|
|t:|1756151141
|move|p2a: Sneasler|Protect|p2a: Sneasler
|-singleturn|p2a: Sneasler|Protect
|move|p1a: Rillaboom|Fake Out|p2a: Sneasler
|-activate|p2a: Sneasler|move: Protect
|move|p2b: Murkrow|Brave Bird|p1a: Rillaboom
|-supereffective|p1a: Rillaboom
|-damage|p1a: Rillaboom|5/100
|-damage|p2b: Murkrow|54/100|[from] Recoil
|move|p1b: Gholdengo|Nasty Plot|p1b: Gholdengo
|-boost|p1b: Gholdengo|spa|2
|
|-heal|p1a: Rillaboom|11/100|[from] Grassy Terrain
|upkeep
|turn|2
|inactive|Mateadelvgc has 30 seconds left.
|inactive|Mateadelvgc has 20 seconds left.
|inactive|Mateadelvgc has 15 seconds left.
|
|t:|1756151186
|-terastallize|p1b: Gholdengo|Water
|move|p2b: Murkrow|Haze|p2b: Murkrow
|-clearallboost
|move|p2a: Sneasler|Throat Chop|p1b: Gholdengo
|-damage|p1b: Gholdengo|72/100
|-start|p1b: Gholdengo|Throat Chop|[silent]
|move|p1b: Gholdengo|Shadow Ball|p2a: Sneasler
|-damage|p2a: Sneasler|31/100
|-damage|p1b: Gholdengo|63/100|[from] item: Life Orb
|move|p1a: Rillaboom|Wood Hammer|p2b: Murkrow
|-resisted|p2b: Murkrow
|-damage|p2b: Murkrow|0 fnt
|faint|p2b: Murkrow
|-damage|p1a: Rillaboom|0 fnt|[from] Recoil
|faint|p1a: Rillaboom
|
|-heal|p2a: Sneasler|37/100|[from] Grassy Terrain
|-heal|p1b: Gholdengo|69/100|[from] Grassy Terrain
|upkeep
|
|t:|1756151210
|switch|p2b: Indeedee|Indeedee, L50, M|100/100
|switch|p1a: Annihilape|Annihilape, L50, M, shiny|100/100
|-fieldstart|move: Psychic Terrain|[from] ability: Psychic Surge|[of] p2b: Indeedee
|-enditem|p2a: Sneasler|Psychic Seed
|-boost|p2a: Sneasler|spd|1|[from] item: Psychic Seed
|turn|3
|inactive|Mateadelvgc has 30 seconds left.
|
|t:|1756151243
|move|p1a: Annihilape|Protect|p1a: Annihilape
|-singleturn|p1a: Annihilape|Protect
|move|p2a: Sneasler|Throat Chop|p1a: Annihilape
|-activate|p1a: Annihilape|move: Protect
|move|p2b: Indeedee|Expanding Force|p1a: Annihilape|[spread] p1b
|-activate|p1a: Annihilape|move: Protect
|-damage|p1b: Gholdengo|6/100
|move|p1b: Gholdengo|Make It Rain|p2a: Sneasler|[spread] p2a,p2b
|-crit|p2b: Indeedee
|-damage|p2a: Sneasler|0 fnt
|-enditem|p2b: Indeedee|Focus Sash
|-damage|p2b: Indeedee|1/100
|-unboost|p1b: Gholdengo|spa|1
|faint|p2a: Sneasler
|-damage|p1b: Gholdengo|0 fnt|[from] item: Life Orb
|faint|p1b: Gholdengo
|
|upkeep
|
|t:|1756151261
|switch|p2a: Archaludon|Archaludon, L50, M|100/100
|switch|p1b: Ursaluna|Ursaluna-Bloodmoon, L50, M|100/100
|turn|4
|
|t:|1756151273
|-terastallize|p2a: Archaludon|Bug
|move|p1a: Annihilape|Protect||[still]
|-fail|p1a: Annihilape
|move|p2b: Indeedee|Expanding Force|p1a: Annihilape|[spread] p1a,p1b
|-supereffective|p1a: Annihilape
|-damage|p1a: Annihilape|0 fnt
|-damage|p1b: Ursaluna|66/100
|faint|p1a: Annihilape
|move|p2a: Archaludon|Body Press|p1b: Ursaluna
|-supereffective|p1b: Ursaluna
|-damage|p1b: Ursaluna|32/100
|move|p1b: Ursaluna|Hyper Voice|p2b: Indeedee|[spread] p2a,p2b
|-damage|p2a: Archaludon|77/100
|-damage|p2b: Indeedee|0 fnt
|-ability|p2a: Archaludon|Stamina|boost
|-boost|p2a: Archaludon|def|1
|faint|p2b: Indeedee
|
|upkeep
|turn|5
|
|t:|1756151295
|move|p2a: Archaludon|Body Press|p1b: Ursaluna
|-supereffective|p1b: Ursaluna
|-damage|p1b: Ursaluna|0 fnt
|faint|p1b: Ursaluna
|
|win|skywalkingchris
||Mateadelvgc is ready for game 2.
|inactive|skywalkingchris has 30 seconds to confirm battle start!
