|j|☆Bob Lobster
|j|☆nicven
|html|Bob Lobsternicven    
|uhtml|bestof|Game 3 of a best-of-3
|t:|1756042787
|gametype|doubles
|player|p1|Bob Lobster|steven|1314
|player|p2|nicven|265|1369
|gen|9
|tier|[Gen 9] VGC 2025 Reg H (Bo3)
|rated|
|rule|Species Clause: Limit one of each Pokémon
|rule|Item Clause: Limit 1 of each item
|clearpoke
|poke|p1|Gholdengo, L50|
|poke|p1|Sneasler, L50, M|
|poke|p1|Rillaboom, L50, F|
|poke|p1|Dragonite, L50, M|
|poke|p1|Ninetales-Alola, L50, F|
|poke|p1|Arcanine-Hisui, L50, M|
|poke|p2|Gholdengo, L50|
|poke|p2|Rillaboom, L50, M|
|poke|p2|Dragonite, L50, M|
|poke|p2|Ninetales-Alola, L50, M|
|poke|p2|Annihilape, L50, M|
|poke|p2|Magmar, L50, M|
|teampreview|4
|showteam|p1|Gholdengo||GrassySeed|GoodasGold|NastyPlot,MakeItRain,ShadowBall,Protect||||||50|,,,,,Water]Sneasler||WhiteHerb|Unburden|CloseCombat,DireClaw,Coaching,Protect|||M|||50|,,,,,Ghost]Rillaboom||AssaultVest|GrassySurge|FakeOut,GrassyGlide,DrumBeating,HighHorsepower|||F|||50|,,,,,Fire]Dragonite||LoadedDice|Multiscale|ScaleShot,StompingTantrum,Tailwind,Protect|||M|||50|,,,,,Ground]Ninetales-Alola||FocusSash|SnowWarning|Blizzard,IcyWind,Encore,AuroraVeil|||F|||50|,,,,,Ghost]Arcanine-Hisui||ClearAmulet|Intimidate|RockSlide,FlareBlitz,ExtremeSpeed,Protect|||M|||50|,,,,,Water
|showteam|p2|Gholdengo||GrassySeed|GoodasGold|MakeItRain,ShadowBall,NastyPlot,Protect||||||50|,,,,,Water]Rillaboom||AssaultVest|GrassySurge|DrumBeating,GrassyGlide,FakeOut,HighHorsepower|||M|||50|,,,,,Fire]Dragonite||LoadedDice|Multiscale|ScaleShot,StompingTantrum,Tailwind,Protect|||M|||50|,,,,,Ground]Ninetales-Alola||ChoiceSpecs|SnowWarning|Blizzard,Moonblast,FreezeDry,IcyWind|||M|||50|,,,,,Ghost]Annihilape||SafetyGoggles|Defiant|RageFist,DrainPunch,BulkUp,Protect|||M|||50|,,,,,Fire]Magmar||Eviolite|FlameBody|HeatWave,Taunt,FollowMe,Protect|||M|||50|,,,,,Ghost
|inactive|Battle timer is ON: inactive players will automatically lose when time's up. (requested by Bob Lobster)
|inactive|nicven has 60 seconds left.
|inactive|nicven has 30 seconds left.
|inactive|nicven has 20 seconds left.
|inactive|nicven has 15 seconds left.
|
|t:|1756042866
|teamsize|p1|4
|teamsize|p2|4
|start
|switch|p1a: Gholdengo|Gholdengo, L50|100/100
|switch|p1b: Ninetales|Ninetales-Alola, L50, F|100/100
|switch|p2a: Gholdengo|Gholdengo, L50|100/100
|switch|p2b: Ninetales|Ninetales-Alola, L50, M|100/100
|-weather|Snowscape|[from] ability: Snow Warning|[of] p1b: Ninetales
|turn|1
|inactive|Bob Lobster has 30 seconds left.
|inactive|nicven has 30 seconds left.
|inactive|Bob Lobster has 20 seconds left.
|
|t:|1756042903
|move|p1a: Gholdengo|Protect|p1a: Gholdengo
|-singleturn|p1a: Gholdengo|Protect
|move|p1b: Ninetales|Aurora Veil|p1b: Ninetales
|-sidestart|p1: Bob Lobster|move: Aurora Veil
|move|p2b: Ninetales|Icy Wind|p1b: Ninetales|[spread] p1b
|-activate|p1a: Gholdengo|move: Protect
|-resisted|p1b: Ninetales
|-damage|p1b: Ninetales|92/100
|-unboost|p1b: Ninetales|spe|1
|move|p2a: Gholdengo|Nasty Plot|p2a: Gholdengo
|-boost|p2a: Gholdengo|spa|2
|
|-weather|Snowscape|[upkeep]
|upkeep
|turn|2
|inactive|Bob Lobster has 30 seconds left.
|inactive|nicven has 30 seconds left.
|
|t:|1756042933
|switch|p1b: Rillaboom|Rillaboom, L50, F|100/100
|-fieldstart|move: Grassy Terrain|[from] ability: Grassy Surge|[of] p1b: Rillaboom
|-enditem|p2a: Gholdengo|Grassy Seed
|-boost|p2a: Gholdengo|def|1|[from] item: Grassy Seed
|-enditem|p1a: Gholdengo|Grassy Seed
|-boost|p1a: Gholdengo|def|1|[from] item: Grassy Seed
|-terastallize|p2a: Gholdengo|Water
|-terastallize|p1a: Gholdengo|Water
|move|p2b: Ninetales|Icy Wind|p1b: Rillaboom|[spread] p1a,p1b
|-resisted|p1a: Gholdengo
|-supereffective|p1b: Rillaboom
|-damage|p1a: Gholdengo|94/100
|-damage|p1b: Rillaboom|77/100
|-unboost|p1a: Gholdengo|spe|1
|-unboost|p1b: Rillaboom|spe|1
|move|p2a: Gholdengo|Make It Rain|p1b: Rillaboom|[spread] p1a,p1b
|-resisted|p1a: Gholdengo
|-damage|p1a: Gholdengo|67/100
|-damage|p1b: Rillaboom|31/100
|-unboost|p2a: Gholdengo|spa|1
|move|p1a: Gholdengo|Shadow Ball|p2a: Gholdengo
|-damage|p2a: Gholdengo|64/100
|
|-weather|Snowscape|[upkeep]
|-heal|p2a: Gholdengo|69/100|[from] Grassy Terrain
|-heal|p1b: Rillaboom|36/100|[from] Grassy Terrain
|-heal|p1a: Gholdengo|73/100|[from] Grassy Terrain
|upkeep
|turn|3
|inactive|Bob Lobster has 30 seconds left.
|inactive|nicven has 30 seconds left.
|inactive|nicven has 20 seconds left.
|inactive|Bob Lobster has 20 seconds left.
|inactive|nicven has 15 seconds left.
|inactive|nicven has 10 seconds left.
|
|t:|1756042982
|switch|p2b: Magmar|Magmar, L50, M|100/100
|move|p2a: Gholdengo|Protect|p2a: Gholdengo
|-singleturn|p2a: Gholdengo|Protect
|move|p1b: Rillaboom|Grassy Glide|p2a: Gholdengo
|-activate|p2a: Gholdengo|move: Protect
|move|p1a: Gholdengo|Nasty Plot|p1a: Gholdengo
|-boost|p1a: Gholdengo|spa|2
|
|-weather|Snowscape|[upkeep]
|-heal|p2a: Gholdengo|75/100|[from] Grassy Terrain
|-heal|p1b: Rillaboom|42/100|[from] Grassy Terrain
|-heal|p1a: Gholdengo|79/100|[from] Grassy Terrain
|upkeep
|turn|4
|inactive|Bob Lobster has 30 seconds left.
|inactive|nicven has 30 seconds left.
|inactive|nicven has 20 seconds left.
|
|t:|1756043020
|move|p2b: Magmar|Follow Me|p2b: Magmar
|-singleturn|p2b: Magmar|move: Follow Me
|move|p2a: Gholdengo|Nasty Plot|p2a: Gholdengo
|-boost|p2a: Gholdengo|spa|2
|move|p1b: Rillaboom|Drum Beating|p2b: Magmar
|-resisted|p2b: Magmar
|-damage|p2b: Magmar|80/100
|-unboost|p2b: Magmar|spe|1
|move|p1a: Gholdengo|Nasty Plot|p1a: Gholdengo
|-boost|p1a: Gholdengo|spa|2
|
|-weather|Snowscape|[upkeep]
|-heal|p2a: Gholdengo|81/100|[from] Grassy Terrain
|-heal|p1b: Rillaboom|48/100|[from] Grassy Terrain
|-heal|p2b: Magmar|86/100|[from] Grassy Terrain
|-heal|p1a: Gholdengo|85/100|[from] Grassy Terrain
|upkeep
|turn|5
|inactive|nicven has 30 seconds left.
|inactive|nicven has 20 seconds left.
|
|t:|1756043055
|move|p2b: Magmar|Follow Me|p2b: Magmar
|-singleturn|p2b: Magmar|move: Follow Me
|move|p2a: Gholdengo|Make It Rain|p1a: Gholdengo|[spread] p1a,p1b
|-resisted|p1a: Gholdengo
|-damage|p1a: Gholdengo|50/100
|-damage|p1b: Rillaboom|0 fnt
|-unboost|p2a: Gholdengo|spa|1
|faint|p1b: Rillaboom
|move|p1a: Gholdengo|Shadow Ball|p2b: Magmar
|-damage|p2b: Magmar|0 fnt
|faint|p2b: Magmar
|
|-weather|none
|-heal|p2a: Gholdengo|87/100|[from] Grassy Terrain
|-heal|p1a: Gholdengo|56/100|[from] Grassy Terrain
|-sideend|p1: Bob Lobster|move: Aurora Veil
|upkeep
|inactive|Bob Lobster has 30 seconds left.
|
|t:|1756043081
|switch|p1b: Ninetales|Ninetales-Alola, L50, F|92/100
|switch|p2b: Rillaboom|Rillaboom, L50, M|100/100
|-weather|Snowscape|[from] ability: Snow Warning|[of] p1b: Ninetales
|turn|6
|inactive|nicven has 30 seconds left.
|
|t:|1756043114
|switch|p1b: Dragonite|Dragonite, L50, M|100/100
|move|p2b: Rillaboom|Grassy Glide|p1a: Gholdengo
|-supereffective|p1a: Gholdengo
|-damage|p1a: Gholdengo|15/100
|move|p2a: Gholdengo|Make It Rain|p1b: Dragonite|[spread] p1a,p1b
|-resisted|p1a: Gholdengo
|-damage|p1a: Gholdengo|0 fnt
|-damage|p1b: Dragonite|54/100
|-unboost|p2a: Gholdengo|spa|1
|faint|p1a: Gholdengo
|
|-weather|Snowscape|[upkeep]
|-heal|p2a: Gholdengo|93/100|[from] Grassy Terrain
|-fieldend|move: Grassy Terrain
|upkeep
|
|t:|1756043127
|switch|p1a: Ninetales|Ninetales-Alola, L50, F|92/100
|turn|7
|
|t:|1756043147
|move|p1a: Ninetales|Blizzard|p2b: Rillaboom|[spread] p2a,p2b
|-resisted|p2a: Gholdengo
|-supereffective|p2b: Rillaboom
|-damage|p2a: Gholdengo|76/100
|-damage|p2b: Rillaboom|55/100
|move|p2b: Rillaboom|Drum Beating|p1b: Dragonite
|-resisted|p1b: Dragonite
|-damage|p1b: Dragonite|44/100
|-unboost|p1b: Dragonite|spe|1
|move|p2a: Gholdengo|Make It Rain|p1b: Dragonite|[spread] p1a,p1b
|-supereffective|p1a: Ninetales
|-damage|p1a: Ninetales|0 fnt
|-damage|p1b: Dragonite|0 fnt
|-unboost|p2a: Gholdengo|spa|1
|faint|p1a: Ninetales
|faint|p1b: Dragonite
|
|win|nicven
|raw|Bob Lobster's rating: 1314 → 1297(-17 for losing)
|raw|nicven's rating: 1369 → 1386(+17 for winning)
