|j|☆N0rin
|j|☆r4ka
|html|N0rinr4ka    
|uhtml|bestof|Game 1 of a best-of-3
|t:|1756404134
|gametype|doubles
|player|p1|N0rin|psychic-gen4|
|player|p2|r4ka|265|
|gen|9
|tier|[Gen 9] VGC 2025 Reg H (Bo3)
|rule|Species Clause: Limit one of each Pokémon
|rule|Item Clause: Limit 1 of each item
|clearpoke
|poke|p1|Politoed, L50, F|
|poke|p1|Gothitelle, L50, M|
|poke|p1|Kingdra, L50, M|
|poke|p1|Archaludon, L50, M|
|poke|p1|Amoonguss, L50, F|
|poke|p1|Incineroar, L50, M|
|poke|p2|Rillaboom, L50, F|
|poke|p2|Dragonite, L50, M|
|poke|p2|Sneasler, L50, M|
|poke|p2|Kingambit, L50, F|
|poke|p2|Electabuzz, L50, M|
|poke|p2|Volcarona, L50, F|
|teampreview|4
|showteam|p1|Politoed||Leftovers|Drizzle|WeatherBall,PerishSong,Encore,Protect|||F|||50|,,,,,Grass]Gothitelle||SitrusBerry|ShadowTag|Psychic,FakeOut,TrickRoom,Protect|||M|||50|,,,,,Dark]Kingdra||LifeOrb|SwiftSwim|WeatherBall,MuddyWater,DracoMeteor,Protect|||M|||50|,,,,,Stellar]Archaludon||PowerHerb|Sturdy|ElectroShot,FlashCannon,DragonPulse,Protect|||M|||50|,,,,,Electric]Amoonguss||EjectButton|Regenerator|RagePowder,Spore,PollenPuff,Protect|||F|||50|,,,,,Fairy]Incineroar||SafetyGoggles|Intimidate|FakeOut,PartingShot,KnockOff,Protect|||M|||50|,,,,,Ghost
|showteam|p2|Rillaboom||AssaultVest|GrassySurge|FakeOut,Uturn,WoodHammer,GrassyGlide|||F|||50|,,,,,Fire]Dragonite||LoadedDice|Multiscale|ExtremeSpeed,ScaleShot,Protect,Haze|||M|||50|,,,,,Fairy]Sneasler||FocusSash|PoisonTouch|DireClaw,CloseCombat,FakeOut,Coaching|||M|||50|,,,,,Stellar]Kingambit||BlackGlasses|Defiant|KowtowCleave,SuckerPunch,SwordsDance,Protect|||F|||50|,,,,,Dark]Electabuzz||Eviolite|VitalSpirit|Thunderbolt,Taunt,Protect,FollowMe|||M|||50|,,,,,Ghost]Volcarona||Leftovers|FlameBody|HeatWave,TeraBlast,QuiverDance,Protect|||F|||50|,,,,,Fairy
|c|☆N0rin|glhf
|c|☆r4ka|gl hf
|
|t:|1756404194
|teamsize|p1|4
|teamsize|p2|4
|start
|switch|p1a: Politoed|Politoed, L50, F|100/100
|switch|p1b: Gothitelle|Gothitelle, L50, M|100/100
|switch|p2a: Electabuzz|Electabuzz, L50, M|100/100
|switch|p2b: Rillaboom|Rillaboom, L50, F|100/100
|-fieldstart|move: Grassy Terrain|[from] ability: Grassy Surge|[of] p2b: Rillaboom
|-weather|RainDance|[from] ability: Drizzle|[of] p1a: Politoed
|turn|1
|
|t:|1756404240
|switch|p1a: Incineroar|Incineroar, L50, M|100/100
|-ability|p1a: Incineroar|Intimidate|boost
|-unboost|p2a: Electabuzz|atk|1
|-unboost|p2b: Rillaboom|atk|1
|-terastallize|p2a: Electabuzz|Ghost
|move|p2a: Electabuzz|Taunt|p1a: Incineroar
|-start|p1a: Incineroar|move: Taunt
|move|p2b: Rillaboom|U-turn|p1a: Incineroar
|-damage|p1a: Incineroar|87/100
|
|t:|1756404254
|switch|p2b: Sneasler|Sneasler, L50, M|100/100|[from] U-turn
|move|p1b: Gothitelle|Psychic|p2a: Electabuzz
|-crit|p2a: Electabuzz
|-damage|p2a: Electabuzz|66/100
|
|-weather|RainDance|[upkeep]
|-heal|p2a: Electabuzz|71/100|[from] Grassy Terrain
|-heal|p1a: Incineroar|93/100|[from] Grassy Terrain
|upkeep
|turn|2
|
|t:|1756404282
|-terastallize|p1a: Incineroar|Ghost
|move|p2a: Electabuzz|Protect|p2a: Electabuzz
|-singleturn|p2a: Electabuzz|Protect
|move|p2b: Sneasler|Fake Out|p1b: Gothitelle
|-damage|p1b: Gothitelle|89/100
|cant|p1b: Gothitelle|flinch
|move|p1a: Incineroar|Knock Off|p2a: Electabuzz
|-activate|p2a: Electabuzz|move: Protect
|
|-weather|RainDance|[upkeep]
|-heal|p2a: Electabuzz|77/100|[from] Grassy Terrain
|-heal|p1b: Gothitelle|95/100|[from] Grassy Terrain
|-heal|p1a: Incineroar|99/100|[from] Grassy Terrain
|upkeep
|turn|3
|
|t:|1756404314
|switch|p2a: Rillaboom|Rillaboom, L50, F|100/100
|move|p2b: Sneasler|Close Combat|p1a: Incineroar
|-immune|p1a: Incineroar
|move|p1b: Gothitelle|Psychic|p2b: Sneasler
|-supereffective|p2b: Sneasler
|-enditem|p2b: Sneasler|Focus Sash
|-damage|p2b: Sneasler|1/100
|move|p1a: Incineroar|Knock Off|p2a: Rillaboom
|-damage|p2a: Rillaboom|65/100
|-enditem|p2a: Rillaboom|Assault Vest|[from] move: Knock Off|[of] p1a: Incineroar
|
|-weather|RainDance|[upkeep]
|-heal|p2b: Sneasler|7/100|[from] Grassy Terrain
|-heal|p2a: Rillaboom|71/100|[from] Grassy Terrain
|-heal|p1b: Gothitelle|100/100|[from] Grassy Terrain
|-heal|p1a: Incineroar|100/100|[from] Grassy Terrain
|-end|p1a: Incineroar|move: Taunt
|upkeep
|turn|4
|
|t:|1756404351
|move|p2b: Sneasler|Dire Claw|p1a: Incineroar
|-resisted|p1a: Incineroar
|-damage|p1a: Incineroar|81/100
|-status|p1a: Incineroar|psn
|move|p2a: Rillaboom|U-turn|p1a: Incineroar
|-resisted|p1a: Incineroar
|-damage|p1a: Incineroar|70/100 psn
|
|t:|1756404360
|switch|p2a: Electabuzz|Electabuzz, L50, M, tera:Ghost|77/100|[from] U-turn
|move|p1b: Gothitelle|Psychic|p2b: Sneasler
|-supereffective|p2b: Sneasler
|-damage|p2b: Sneasler|0 fnt
|faint|p2b: Sneasler
|move|p1a: Incineroar|Parting Shot|p2a: Electabuzz
|-unboost|p2a: Electabuzz|atk|1
|-unboost|p2a: Electabuzz|spa|1
|
|t:|1756404369
|switch|p1a: Politoed|Politoed, L50, F|100/100|[from] Parting Shot
|
|-weather|RainDance|[upkeep]
|-heal|p2a: Electabuzz|83/100|[from] Grassy Terrain
|upkeep
|
|t:|1756404374
|switch|p2b: Kingambit|Kingambit, L50, F, shiny|100/100
|turn|5
|
|t:|1756404405
|switch|p1b: Amoonguss|Amoonguss, L50, F|100/100
|move|p2a: Electabuzz|Taunt|p1a: Politoed
|-start|p1a: Politoed|move: Taunt
|move|p1a: Politoed|Weather Ball|p2a: Electabuzz
|-damage|p2a: Electabuzz|48/100
|move|p2b: Kingambit|Kowtow Cleave|p1b: Amoonguss
|-damage|p1b: Amoonguss|56/100
|-enditem|p1b: Amoonguss|Eject Button
|
|t:|1756404417
|switch|p1b: Gothitelle|Gothitelle, L50, M|100/100
|
|-weather|none
|-heal|p2a: Electabuzz|54/100|[from] Grassy Terrain
|-fieldend|move: Grassy Terrain
|upkeep
|turn|6
|
|t:|1756404442
|switch|p1a: Amoonguss|Amoonguss, L50, F|89/100
|move|p2a: Electabuzz|Protect|p2a: Electabuzz
|-singleturn|p2a: Electabuzz|Protect
|move|p2b: Kingambit|Swords Dance|p2b: Kingambit
|-boost|p2b: Kingambit|atk|2
|move|p1b: Gothitelle|Psychic|p2a: Electabuzz
|-activate|p2a: Electabuzz|move: Protect
|
|upkeep
|turn|7
|
|t:|1756404481
|move|p2a: Electabuzz|Taunt|p1a: Amoonguss
|-start|p1a: Amoonguss|move: Taunt
|move|p2b: Kingambit|Kowtow Cleave|p1b: Gothitelle
|-supereffective|p1b: Gothitelle
|-damage|p1b: Gothitelle|0 fnt
|faint|p1b: Gothitelle
|cant|p1a: Amoonguss|move: Taunt|Spore
|
|upkeep
|
|t:|1756404491
|switch|p1b: Politoed|Politoed, L50, F|100/100
|-weather|RainDance|[from] ability: Drizzle|[of] p1b: Politoed
|turn|8
|
|t:|1756404504
|move|p2a: Electabuzz|Taunt|p1b: Politoed
|-start|p1b: Politoed|move: Taunt
|move|p1b: Politoed|Weather Ball|p2b: Kingambit
|-damage|p2b: Kingambit|50/100
|move|p2b: Kingambit|Kowtow Cleave|p1b: Politoed
|-damage|p1b: Politoed|0 fnt
|faint|p1b: Politoed
|move|p1a: Amoonguss|Pollen Puff|p1: Politoed|[notarget]
|-fail|p1a: Amoonguss
|
|-weather|RainDance|[upkeep]
|upkeep
|
|t:|1756404515
|switch|p1b: Incineroar|Incineroar, L50, M, tera:Ghost|70/100 psn
|-ability|p1b: Incineroar|Intimidate|boost
|-unboost|p2a: Electabuzz|atk|1
|-unboost|p2b: Kingambit|atk|1
|-ability|p2b: Kingambit|Defiant|boost
|-boost|p2b: Kingambit|atk|2
|turn|9
|
|t:|1756404536
|move|p2a: Electabuzz|Protect|p2a: Electabuzz
|-singleturn|p2a: Electabuzz|Protect
|move|p2b: Kingambit|Protect|p2b: Kingambit
|-singleturn|p2b: Kingambit|Protect
|move|p1b: Incineroar|Knock Off|p2a: Electabuzz
|-activate|p2a: Electabuzz|move: Protect
|move|p1a: Amoonguss|Pollen Puff|p2b: Kingambit
|-activate|p2b: Kingambit|move: Protect
|
|-weather|RainDance|[upkeep]
|-damage|p1b: Incineroar|58/100 psn|[from] psn
|-end|p1a: Amoonguss|move: Taunt
|upkeep
|turn|10
|
|t:|1756404555
|move|p2b: Kingambit|Sucker Punch|p1b: Incineroar
|-supereffective|p1b: Incineroar
|-damage|p1b: Incineroar|0 fnt
|faint|p1b: Incineroar
|move|p2a: Electabuzz|Taunt|p1a: Amoonguss
|-start|p1a: Amoonguss|move: Taunt
|move|p1a: Amoonguss|Pollen Puff|p1: Incineroar|[notarget]
|-fail|p1a: Amoonguss
|
|-weather|RainDance|[upkeep]
|upkeep
|turn|11
|
|t:|1756404565
|move|p2a: Electabuzz|Thunderbolt|p1a: Amoonguss
|-resisted|p1a: Amoonguss
|-damage|p1a: Amoonguss|80/100
|move|p2b: Kingambit|Kowtow Cleave|p1a: Amoonguss
|-damage|p1a: Amoonguss|0 fnt
|faint|p1a: Amoonguss
|
|win|r4ka
||N0rin is ready for game 2.
||r4ka is ready for game 2.
|uhtml|next|Next: Game 2 of 3
