|j|☆thelostsaint
|j|☆tatsulol
|html|thelostsainttatsulol    
|uhtml|bestof|Game 2 of a best-of-3
|t:|1786208264
|gametype|doubles
|player|p1|thelostsaint|corbeau|1201
|player|p2|tatsulol|265|1344
|gen|9
|tier|[Gen 9 Champions] VGC 2026 Reg M-B (Bo3)
|rated|
|rule|Species Clause: Limit one of each Pokémon
|rule|Item Clause: Limit 1 of each item
|clearpoke
|poke|p1|Whimsicott, L50, F, shiny|
|poke|p1|Metagross, L50, shiny|
|poke|p1|Rotom-Wash, L50|
|poke|p1|Incineroar, L50, F|
|poke|p1|Floette-Eternal, L50, F|
|poke|p1|Garchomp, L50, F|
|poke|p2|Staraptor, L50, M|
|poke|p2|Tyranitar, L50, M|
|poke|p2|Gholdengo, L50|
|poke|p2|Excadrill, L50, M|
|poke|p2|Sinistcha, L50|
|poke|p2|Milotic, L50, F|
|teampreview|4
|showteam|p1|Whimsicott||FocusSash|Prankster|Tailwind,Moonblast,Protect,Encore|Timid||F|||50|]Metagross||Metagrossite|ClearBody|Protect,MeteorMash,PsychicFangs,BodyPress|Jolly|||||50|]Rotom-Wash||ChoiceScarf|Levitate|Electroweb,Trick,HydroPump,VoltSwitch|Timid|||||50|]Incineroar||ChopleBerry|Intimidate|FakeOut,ThroatChop,PartingShot,FlareBlitz|Careful||F|||50|]Floette-Eternal||Floettite|FlowerVeil|Protect,CalmMind,DazzlingGleam,Moonblast|Bold||F|||50|]Garchomp||LifeOrb|RoughSkin|Earthquake,RockSlide,Protect,DragonClaw|Jolly||F|||50|
|showteam|p2|Staraptor||Staraptite|Intimidate|BraveBird,CloseCombat,Tailwind,Protect|Jolly||M|||50|]Tyranitar||Tyranitarite|SandStream|RockSlide,KnockOff,LowKick,Protect|Adamant||M|||50|]Gholdengo||ChoiceScarf|GoodasGold|ShadowBall,MakeItRain,Thunderbolt,PowerGem|Modest|||||50|]Excadrill||FocusSash|SandRush|HighHorsepower,IronHead,RockSlide,Protect|Adamant||M|||50|]Sinistcha||CobaBerry|Hospitality|MatchaGotcha,RagePowder,TrickRoom,LifeDew|Relaxed|||||50|]Milotic||SitrusBerry|Competitive|Scald,IceBeam,IcyWind,Protect|Modest||F|||50|
|
|t:|1786208308
|teamsize|p1|4
|teamsize|p2|4
|start
|switch|p1a: Metagross|Metagross, L50, shiny|100/100
|switch|p1b: Rotom|Rotom-Wash, L50|100/100
|switch|p2a: Staraptor|Staraptor, L50, M|100/100
|switch|p2b: Milotic|Milotic, L50, F|100/100
|-ability|p2a: Staraptor|Intimidate|boost
|-fail|p1a: Metagross|unboost|[from] ability: Clear Body|[of] p1a: Metagross
|-unboost|p1b: Rotom|atk|1
|turn|1
|
|t:|1786208390
|switch|p2b: Sinistcha|Sinistcha, L50|100/100
|detailschange|p2a: Staraptor|Staraptor-Mega, L50, M
|-mega|p2a: Staraptor|Staraptor|Staraptite
|detailschange|p1a: Metagross|Metagross-Mega, L50, shiny
|-mega|p1a: Metagross|Metagross|Metagrossite
|move|p1b: Rotom|Volt Switch|p2b: Sinistcha
|-resisted|p2b: Sinistcha|1
|-damage|p2b: Sinistcha|85/100
|
|t:|1786208400
|switch|p1b: Whimsicott|Whimsicott, L50, F, shiny|100/100|[from] Volt Switch
|move|p2a: Staraptor|Tailwind|p2a: Staraptor
|-sidestart|p2: tatsulol|move: Tailwind
|move|p1a: Metagross|Meteor Mash|p2a: Staraptor
|-damage|p2a: Staraptor|29/100
|
|upkeep
|turn|2
|
|t:|1786208450
|move|p2b: Sinistcha|Rage Powder|p2b: Sinistcha
|-singleturn|p2b: Sinistcha|move: Rage Powder
|move|p1b: Whimsicott|Encore|p2a: Staraptor
|-start|p2a: Staraptor|Encore
|move|p2a: Staraptor|Tailwind||[still]
|-fail|p2a: Staraptor
|move|p1a: Metagross|Meteor Mash|p2b: Sinistcha
|-damage|p2b: Sinistcha|30/100
|
|upkeep
|turn|3
|
|t:|1786208502
|switch|p2a: Excadrill|Excadrill, L50, M|100/100
|switch|p2b: Milotic|Milotic, L50, F|100/100
|move|p1b: Whimsicott|Tailwind|p1b: Whimsicott
|-sidestart|p1: thelostsaint|move: Tailwind
|move|p1a: Metagross|Psychic Fangs|p2b: Milotic
|-damage|p2b: Milotic|44/100
|-enditem|p2b: Milotic|Sitrus Berry|[eat]
|-heal|p2b: Milotic|69/100|[from] item: Sitrus Berry
|
|upkeep
|turn|4
|
|t:|1786208540
|move|p1b: Whimsicott|Moonblast|p2a: Excadrill
|-resisted|p2a: Excadrill|1
|-damage|p2a: Excadrill|80/100
|move|p1a: Metagross|Body Press|p2a: Excadrill
|-supereffective|p2a: Excadrill|1
|-damage|p2a: Excadrill|0 fnt
|faint|p2a: Excadrill
|move|p2b: Milotic|Icy Wind|p1a: Metagross|[spread] p1a,p1b
|-resisted|p1a: Metagross|1
|-supereffective|p1b: Whimsicott|1
|-crit|p1b: Whimsicott
|-damage|p1a: Metagross|94/100
|-damage|p1b: Whimsicott|56/100
|-unboost|p1a: Metagross|spe|1
|-unboost|p1b: Whimsicott|spe|1
|
|-sideend|p2: tatsulol|move: Tailwind
|upkeep
|
|t:|1786208567
|switch|p2a: Sinistcha|Sinistcha, L50|30/100
|-heal|p2b: Milotic|94/100|[from] ability: Hospitality|[of] p2a: Sinistcha
|turn|5
|
|t:|1786208576
|switch|p2b: Staraptor|Staraptor-Mega, L50, M|29/100
|move|p1b: Whimsicott|Moonblast|p2a: Sinistcha
|-damage|p2a: Sinistcha|5/100
|move|p1a: Metagross|Psychic Fangs|p2a: Sinistcha
|-damage|p2a: Sinistcha|0 fnt
|faint|p2a: Sinistcha
|
|upkeep
|
|t:|1786208585
|switch|p2a: Milotic|Milotic, L50, F|94/100
|turn|6
|
|t:|1786208596
|move|p2b: Staraptor|Protect|p2b: Staraptor
|-singleturn|p2b: Staraptor|Protect
|move|p1b: Whimsicott|Moonblast|p2b: Staraptor
|-activate|p2b: Staraptor|move: Protect
|move|p1a: Metagross|Psychic Fangs|p2a: Milotic
|-damage|p2a: Milotic|42/100
|move|p2a: Milotic|Ice Beam|p1b: Whimsicott
|-supereffective|p1b: Whimsicott|1
|-damage|p1b: Whimsicott|0 fnt
|faint|p1b: Whimsicott
|
|-sideend|p1: thelostsaint|move: Tailwind
|upkeep
|
|t:|1786208608
|switch|p1b: Rotom|Rotom-Wash, L50|100/100
|turn|7
|-message|tatsulol forfeited.
|
|win|thelostsaint
|l|☆tatsulol
|player|p2|
||tatsulol is ready for game 3.
||thelostsaint is ready for game 3.
|uhtml|next|Next: Game 3 of 3
