|j|☆VGVG8585
|j|☆PawmotNo1
|html|VGVG8585PawmotNo1    
|uhtml|bestof|Game 3 of a best-of-3
|t:|1785163525
|gametype|doubles
|player|p1|VGVG8585|169|
|player|p2|PawmotNo1|ethan|
|gen|9
|tier|[Gen 9 Champions] VGC 2026 Reg M-B (Bo3)
|rule|Species Clause: Limit one of each Pokémon
|rule|Item Clause: Limit 1 of each item
|clearpoke
|poke|p1|Delphox, L50, M|
|poke|p1|Floette-Eternal, L50, F|
|poke|p1|Sinistcha-Masterpiece, L50|
|poke|p1|Sneasler, L50, M|
|poke|p1|Incineroar, L50, F|
|poke|p1|Garchomp, L50, M|
|poke|p2|Kangaskhan, L50, F, shiny|
|poke|p2|Chandelure, L50, M, shiny|
|poke|p2|Kingambit, L50, M, shiny|
|poke|p2|Basculegion, L50, M, shiny|
|poke|p2|Kommo-o, L50, F, shiny|
|poke|p2|Gallade, L50, M, shiny|
|teampreview|4
|showteam|p1|Delphox||Delphoxite|Magician|HeatWave,Psychic,NastyPlot,Protect|Timid||M|||50|]Floette-Eternal||Floettite|FlowerVeil|CalmMind,Moonblast,DazzlingGleam,Protect|Modest||F|||50|]Sinistcha-Masterpiece||OccaBerry|Hospitality|MatchaGotcha,TrickRoom,RagePowder,Protect|Bold|||||50|]Sneasler||FocusSash|PoisonTouch|CloseCombat,DireClaw,FakeOut,QuickGuard|Jolly||M|||50|]Incineroar||SitrusBerry|Intimidate|FakeOut,PartingShot,FlareBlitz,DarkestLariat|Impish||F|||50|]Garchomp||ChoiceScarf|RoughSkin|Earthquake,DragonClaw,RockSlide,StompingTantrum|Jolly||M|||50|
|showteam|p2|Kangaskhan||Kangaskhanite|Scrappy|FakeOut,SuckerPunch,BrickBreak,DoubleEdge|Brave||F|||50|]Chandelure||FocusSash|FlashFire|Protect,TrickRoom,HeatWave,ShadowBall|Quiet||M|||50|]Kingambit||ChopleBerry|Defiant|SuckerPunch,LowKick,IronHead,KowtowCleave|Brave||M|||50|]Basculegion||SitrusBerry|Adaptability|Protect,AquaJet,LastRespects,WaveCrash|Brave||M|||50|]Kommo-o||LifeOrb|Soundproof|Protect,Flamethrower,AuraSphere,ClangingScales|Quiet||F|||50|]Gallade||ExpertBelt|Sharpness|Protect,LeafBlade,PsychoCut,SacredSword|Brave||M|||50|
|inactive|Battle timer is ON: inactive players will automatically lose when time's up. (requested by VGVG8585)
|inactive|PawmotNo1 also wants the timer to be on.
|j| TrainerPoMa
|inactive|VGVG8585 has 60 seconds left.
|inactive|PawmotNo1 has 60 seconds left.
|inactive|VGVG8585 has 30 seconds left.
|inactive|PawmotNo1 has 30 seconds left.
|inactive|VGVG8585 has 20 seconds left.
|inactive|PawmotNo1 has 20 seconds left.
|inactive|PawmotNo1 has 15 seconds left.
|
|t:|1785163602
|teamsize|p1|4
|teamsize|p2|4
|start
|switch|p1a: Garchomp|Garchomp, L50, M|100/100
|switch|p1b: Sneasler|Sneasler, L50, M|100/100
|switch|p2a: Kangaskhan|Kangaskhan, L50, F, shiny|100/100
|switch|p2b: Chandelure|Chandelure, L50, M, shiny|100/100
|turn|1
|
|t:|1785163626
|switch|p2a: Kommo-o|Kommo-o, L50, F, shiny|100/100
|move|p1b: Sneasler|Fake Out|p2a: Kommo-o
|-damage|p2a: Kommo-o|87/100
|move|p1a: Garchomp|Rock Slide|p2b: Chandelure|[spread] p2a,p2b
|-resisted|p2a: Kommo-o|1
|-supereffective|p2b: Chandelure|1
|-damage|p2a: Kommo-o|78/100
|-damage|p2b: Chandelure|53/100
|cant|p2b: Chandelure|flinch
|
|upkeep
|turn|2
|
|t:|1785163647
|switch|p2b: Kangaskhan|Kangaskhan, L50, F, shiny|100/100
|move|p1a: Garchomp|Rock Slide|p2b: Kangaskhan|[spread] p2a,p2b
|-resisted|p2a: Kommo-o|1
|-damage|p2a: Kommo-o|70/100
|-damage|p2b: Kangaskhan|78/100
|move|p1b: Sneasler|Close Combat|p2a: Kommo-o
|-damage|p2a: Kommo-o|18/100
|-unboost|p1b: Sneasler|def|1
|-unboost|p1b: Sneasler|spd|1
|-status|p2a: Kommo-o|psn|[from] ability: Poison Touch|[of] p1b: Sneasler
|move|p2a: Kommo-o|Clanging Scales|p1b: Sneasler|[spread] p1a,p1b
|-supereffective|p1a: Garchomp|1
|-damage|p1a: Garchomp|0 fnt
|-enditem|p1b: Sneasler|Focus Sash
|-damage|p1b: Sneasler|1/100
|faint|p1a: Garchomp
|-unboost|p2a: Kommo-o|def|1
|-damage|p2a: Kommo-o|9/100 psn|[from] item: Life Orb
|
|-damage|p2a: Kommo-o|0 fnt|[from] psn
|faint|p2a: Kommo-o
|upkeep
|
|t:|1785163670
|switch|p1a: Incineroar|Incineroar, L50, F|100/100
|switch|p2a: Chandelure|Chandelure, L50, M, shiny|53/100
|-ability|p1a: Incineroar|Intimidate|boost
|-unboost|p2a: Chandelure|atk|1
|-fail|p2b: Kangaskhan|unboost|Attack|[from] ability: Scrappy|[of] p2b: Kangaskhan
|turn|3
|
|t:|1785163681
|switch|p1b: Sinistcha|Sinistcha-Masterpiece, L50|100/100
|detailschange|p2b: Kangaskhan|Kangaskhan-Mega, L50, F, shiny
|-mega|p2b: Kangaskhan|Kangaskhan|Kangaskhanite
|move|p2b: Kangaskhan|Fake Out|p1a: Incineroar
|-damage|p1a: Incineroar|84/100
|-damage|p1a: Incineroar|81/100
|-hitcount|p1a: Incineroar|2
|cant|p1a: Incineroar|flinch
|move|p2a: Chandelure|Trick Room|p2a: Chandelure
|-fieldstart|move: Trick Room|[of] p2a: Chandelure
|
|upkeep
|turn|4
|inactive|VGVG8585 has 30 seconds left.
|inactive|PawmotNo1 has 30 seconds left.
|
|t:|1785163712
|switch|p2a: Kingambit|Kingambit, L50, M, shiny|100/100
|move|p1a: Incineroar|Darkest Lariat|p2a: Kingambit
|-resisted|p2a: Kingambit|1
|-damage|p2a: Kingambit|86/100
|move|p1b: Sinistcha|Matcha Gotcha|p2a: Kingambit|[spread] p2a,p2b
|-resisted|p2a: Kingambit|1
|-damage|p2a: Kingambit|75/100
|-damage|p2b: Kangaskhan|57/100
|move|p2b: Kangaskhan|Double-Edge|p1a: Incineroar
|-damage|p1a: Incineroar|32/100
|-enditem|p1a: Incineroar|Sitrus Berry|[eat]
|-heal|p1a: Incineroar|57/100|[from] item: Sitrus Berry
|-damage|p1a: Incineroar|45/100
|-hitcount|p1a: Incineroar|2
|-damage|p2b: Kangaskhan|38/100|[from] Recoil
|
|upkeep
|turn|5
|inactive|PawmotNo1 has 30 seconds left.
|inactive|VGVG8585 has 30 seconds left.
|inactive|VGVG8585 has 20 seconds left.
|inactive|VGVG8585 has 15 seconds left.
|inactive|VGVG8585 has 10 seconds left.
|
|t:|1785163768
|move|p1b: Sinistcha|Rage Powder|p1b: Sinistcha
|-singleturn|p1b: Sinistcha|move: Rage Powder
|move|p2b: Kangaskhan|Sucker Punch||[still]
|-fail|p2b: Kangaskhan
|move|p2a: Kingambit|Kowtow Cleave|p1b: Sinistcha
|-supereffective|p1b: Sinistcha|1
|-damage|p1b: Sinistcha|21/100
|move|p1a: Incineroar|Flare Blitz|p2a: Kingambit
|-supereffective|p2a: Kingambit|1
|-damage|p2a: Kingambit|11/100
|-damage|p1a: Incineroar|23/100|[from] Recoil
|
|upkeep
|turn|6
|inactive|VGVG8585 has 30 seconds left.
|inactive|VGVG8585 has 20 seconds left.
|inactive|VGVG8585 has 15 seconds left.
|inactive|VGVG8585 has 10 seconds left.
|inactive|VGVG8585 has 5 seconds left.
|
|t:|1785163822
|move|p1b: Sinistcha|Protect|p1b: Sinistcha
|-singleturn|p1b: Sinistcha|Protect
|move|p2a: Kingambit|Kowtow Cleave|p1b: Sinistcha
|-activate|p1b: Sinistcha|move: Protect
|move|p1a: Incineroar|Flare Blitz|p2b: Kangaskhan
|-damage|p2b: Kangaskhan|0 fnt
|faint|p2b: Kangaskhan
|-damage|p1a: Incineroar|9/100|[from] Recoil
|
|upkeep
|
|t:|1785163831
|switch|p2b: Chandelure|Chandelure, L50, M, shiny|53/100
|turn|7
|inactive|VGVG8585 has 30 seconds left.
|inactive|VGVG8585 has 20 seconds left.
|inactive|VGVG8585 has 15 seconds left.
|inactive|VGVG8585 has 10 seconds left.
|inactive|PawmotNo1 has 30 seconds left.
|inactive|PawmotNo1 has 20 seconds left.
|
|t:|1785163887
|move|p2b: Chandelure|Protect|p2b: Chandelure
|-singleturn|p2b: Chandelure|Protect
|move|p1b: Sinistcha|Rage Powder|p1b: Sinistcha
|-singleturn|p1b: Sinistcha|move: Rage Powder
|move|p2a: Kingambit|Kowtow Cleave|p1b: Sinistcha
|-supereffective|p1b: Sinistcha|1
|-damage|p1b: Sinistcha|0 fnt
|faint|p1b: Sinistcha
|move|p1a: Incineroar|Flare Blitz|p2a: Kingambit
|-supereffective|p2a: Kingambit|1
|-damage|p2a: Kingambit|0 fnt
|faint|p2a: Kingambit
|-damage|p1a: Incineroar|5/100|[from] Recoil
|
|-fieldend|move: Trick Room
|upkeep
|
|t:|1785163894
|switch|p1b: Sneasler|Sneasler, L50, M|1/100
|turn|8
|
|t:|1785163906
|move|p1b: Sneasler|Dire Claw|p2b: Chandelure
|-resisted|p2b: Chandelure|1
|-damage|p2b: Chandelure|30/100
|move|p2b: Chandelure|Heat Wave|p1a: Incineroar|[spread] p1b
|-miss|p2b: Chandelure|p1a: Incineroar
|-damage|p1b: Sneasler|0 fnt
|faint|p1b: Sneasler
|move|p1a: Incineroar|Darkest Lariat|p2b: Chandelure
|-supereffective|p2b: Chandelure|1
|-damage|p2b: Chandelure|0 fnt
|faint|p2b: Chandelure
|
|win|VGVG8585
|c|☆VGVG8585|hmm
|c|☆VGVG8585|3Q
|c|☆PawmotNo1|GG
