|j|☆billimagchili
|j|☆hexagonfoot
|html|billimagchilihexagonfoot    
|uhtml|bestof|Game 1 of a best-of-3
|t:|1756651293
|gametype|doubles
|player|p1|billimagchili|red|1162
|player|p2|hexagonfoot|caitlin|1230
|gen|9
|tier|[Gen 9] VGC 2025 Reg H (Bo3)
|rated|
|rule|Species Clause: Limit one of each Pokémon
|rule|Item Clause: Limit 1 of each item
|clearpoke
|poke|p1|Incineroar, L50, M|
|poke|p1|Dragonite, L50, M|
|poke|p1|Whimsicott, L50, F|
|poke|p1|Sneasler, L50, F|
|poke|p1|Primarina, L50, F|
|poke|p1|Annihilape, L50, M|
|poke|p2|Kingambit, L50, F|
|poke|p2|Primarina, L50, M|
|poke|p2|Sneasler, L50, M|
|poke|p2|Magmar, L50, M|
|poke|p2|Rillaboom, L50, M|
|poke|p2|Dragapult, L50, F|
|teampreview|4
|showteam|p1|Incineroar||SafetyGoggles|Intimidate|FakeOut,KnockOff,PartingShot,Taunt|||M|||50|,,,,,Ghost]Dragonite||LoadedDice|InnerFocus|ScaleShot,ExtremeSpeed,Protect,Encore|||M|||50|,,,,,Fairy]Whimsicott||CovertCloak|Prankster|Tailwind,Encore,Moonblast,SunnyDay|||F|||50|,,,,,Poison]Sneasler||WhiteHerb|Unburden|DireClaw,CloseCombat,Taunt,Protect|||F|||50|,,,,,Grass]Primarina||ThroatSpray|LiquidVoice|HyperVoice,Moonblast,DrainingKiss,Protect|||F|||50|,,,,,Poison]Annihilape||SitrusBerry|Defiant|RageFist,DrainPunch,Protect,BulkUp|||M|||50|,,,,,Fire
|showteam|p2|Kingambit||BlackGlasses|Defiant|KowtowCleave,SuckerPunch,SwordsDance,Protect|||F|||50|,,,,,Ghost]Primarina||SitrusBerry|LiquidVoice|HyperVoice,Moonblast,Haze,Protect|||M|||50|,,,,,Water]Sneasler||FocusSash|PoisonTouch|CloseCombat,DireClaw,FakeOut,Protect|||M|||50|,,,,,Stellar]Magmar||Eviolite|VitalSpirit|Overheat,WillOWisp,FollowMe,Protect|||M|||50|,,,,,Ghost]Rillaboom||AssaultVest|GrassySurge|WoodHammer,GrassyGlide,HighHorsepower,FakeOut|||M|||50|,,,,,Fire]Dragapult||ChoiceBand|ClearBody|DragonDarts,PhantomForce,TeraBlast,Uturn|||F|||50|,,,,,Ghost
|inactive|Battle timer is ON: inactive players will automatically lose when time's up. (requested by hexagonfoot)
|inactive|billimagchili has 60 seconds left.
|inactive|billimagchili has 30 seconds left.
|inactive|billimagchili has 20 seconds left.
|
|t:|1756651377
|teamsize|p1|4
|teamsize|p2|4
|start
|switch|p1a: Aurra Sing|Sneasler, L50, F, shiny|100/100
|switch|p1b: Rikki|Primarina, L50, F, shiny|100/100
|switch|p2a: Syon Lane|Magmar, L50, M|100/100
|switch|p2b: Headstone Lane|Dragapult, L50, F|100/100
|turn|1
|inactive|hexagonfoot has 30 seconds left.
|inactive|hexagonfoot has 20 seconds left.
|inactive|hexagonfoot has 15 seconds left.
|
|t:|1756651419
|switch|p1a: Silvermist|Whimsicott, L50, F, shiny|100/100
|move|p2a: Syon Lane|Follow Me|p2a: Syon Lane
|-singleturn|p2a: Syon Lane|move: Follow Me
|move|p2b: Headstone Lane|Dragon Darts|p1a: Silvermist
|move|p1b: Rikki|Hyper Voice|p2b: Headstone Lane|[spread] p2a,p2b
|-supereffective|p2a: Syon Lane
|-resisted|p2b: Headstone Lane
|-damage|p2a: Syon Lane|45/100
|-damage|p2b: Headstone Lane|76/100
|-enditem|p1b: Rikki|Throat Spray
|-boost|p1b: Rikki|spa|1|[from] item: Throat Spray
|
|upkeep
|turn|2
|
|t:|1756651442
|switch|p2b: Canary Wharf|Primarina, L50, M|100/100
|move|p2a: Syon Lane|Protect|p2a: Syon Lane
|-singleturn|p2a: Syon Lane|Protect
|move|p1a: Silvermist|Tailwind|p1a: Silvermist
|-sidestart|p1: billimagchili|move: Tailwind
|move|p1b: Rikki|Hyper Voice|p2a: Syon Lane|[spread] p2b
|-activate|p2a: Syon Lane|move: Protect
|-resisted|p2b: Canary Wharf
|-damage|p2b: Canary Wharf|75/100
|
|upkeep
|turn|3
|inactive|hexagonfoot has 30 seconds left.
|
|t:|1756651470
|switch|p2a: Headstone Lane|Dragapult, L50, F|76/100
|move|p1a: Silvermist|Encore||[still]
|-fail|p1a: Silvermist
|move|p1b: Rikki|Moonblast|p2b: Canary Wharf
|-damage|p2b: Canary Wharf|8/100
|-unboost|p2b: Canary Wharf|spa|1
|-enditem|p2b: Canary Wharf|Sitrus Berry|[eat]
|-heal|p2b: Canary Wharf|33/100|[from] item: Sitrus Berry
|move|p2b: Canary Wharf|Moonblast|p1b: Rikki
|-damage|p1b: Rikki|71/100
|
|upkeep
|turn|4
|inactive|billimagchili has 30 seconds left.
|
|t:|1756651500
|switch|p2a: Syon Lane|Magmar, L50, M|45/100
|move|p1a: Silvermist|Moonblast|p2b: Canary Wharf
|-damage|p2b: Canary Wharf|1/100
|move|p1b: Rikki|Draining Kiss|p2a: Syon Lane
|-resisted|p2a: Syon Lane
|-damage|p2a: Syon Lane|30/100
|-heal|p1b: Rikki|82/100|[from] drain|[of] p2a: Syon Lane
|move|p2b: Canary Wharf|Moonblast|p1b: Rikki
|-damage|p1b: Rikki|54/100
|
|upkeep
|turn|5
|
|t:|1756651522
|switch|p1a: Ape-Bananza|Annihilape, L50, M, shiny|100/100
|move|p1b: Rikki|Hyper Voice|p2a: Syon Lane|[spread] p2a,p2b
|-supereffective|p2a: Syon Lane
|-resisted|p2b: Canary Wharf
|-crit|p2b: Canary Wharf
|-damage|p2a: Syon Lane|0 fnt
|-damage|p2b: Canary Wharf|0 fnt
|faint|p2a: Syon Lane
|faint|p2b: Canary Wharf
|
|-sideend|p1: billimagchili|move: Tailwind
|upkeep
|
|t:|1756651528
|switch|p2a: Slough|Sneasler, L50, M|100/100
|switch|p2b: Headstone Lane|Dragapult, L50, F|76/100
|turn|6
|inactive|billimagchili has 30 seconds left.
|
|t:|1756651555
|-terastallize|p2b: Headstone Lane|Ghost
|move|p1b: Rikki|Protect|p1b: Rikki
|-singleturn|p1b: Rikki|Protect
|move|p2a: Slough|Fake Out|p1b: Rikki
|-activate|p1b: Rikki|move: Protect
|move|p2b: Headstone Lane|Tera Blast|p1a: Ape-Bananza|[anim] Tera Blast Ghost
|-supereffective|p1a: Ape-Bananza
|-damage|p1a: Ape-Bananza|0 fnt
|faint|p1a: Ape-Bananza
|
|upkeep
|
|t:|1756651565
|switch|p1a: Silvermist|Whimsicott, L50, F, shiny|100/100
|turn|7
|
|t:|1756651585
|-terastallize|p1b: Rikki|Poison
|move|p1a: Silvermist|Tailwind|p1a: Silvermist
|-sidestart|p1: billimagchili|move: Tailwind
|move|p2b: Headstone Lane|Tera Blast|p1b: Rikki|[anim] Tera Blast Ghost
|-damage|p1b: Rikki|0 fnt
|faint|p1b: Rikki
|move|p2a: Slough|Dire Claw|p1a: Silvermist
|-supereffective|p1a: Silvermist
|-damage|p1a: Silvermist|0 fnt
|faint|p1a: Silvermist
|
|upkeep
|
|t:|1756651595
|switch|p1b: Aurra Sing|Sneasler, L50, F, shiny|100/100
|turn|8
|
|t:|1756651607
|move|p1b: Aurra Sing|Dire Claw|p2b: Headstone Lane
|-resisted|p2b: Headstone Lane
|-damage|p2b: Headstone Lane|45/100
|-status|p2b: Headstone Lane|psn
|move|p2b: Headstone Lane|Tera Blast|p1b: Aurra Sing|[anim] Tera Blast Ghost
|-damage|p1b: Aurra Sing|0 fnt
|faint|p1b: Aurra Sing
|
|win|hexagonfoot
|l|☆billimagchili
|player|p1|
||hexagonfoot is ready for game 2.
||billimagchili is ready for game 2.
|uhtml|next|Next: Game 2 of 3
