|j|☆F14B TOMCAT
|j|☆bruinbroker01
|html|F14B TOMCATbruinbroker01    
|uhtml|bestof|Game 1 of a best-of-3
|t:|1756406849
|gametype|doubles
|player|p1|F14B TOMCAT|169|1080
|player|p2|bruinbroker01|2|1059
|gen|9
|tier|[Gen 9] VGC 2025 Reg H (Bo3)
|rated|
|rule|Species Clause: Limit one of each Pokémon
|rule|Item Clause: Limit 1 of each item
|clearpoke
|poke|p1|Ursaluna-Bloodmoon, L50, M|
|poke|p1|Gholdengo, L50|
|poke|p1|Amoonguss, L50, M|
|poke|p1|Incineroar, L50, M|
|poke|p1|Dragapult, L50, M|
|poke|p1|Sneasler, L50, F|
|poke|p2|Primarina, L50, M|
|poke|p2|Sylveon, L50, F|
|poke|p2|Indeedee, L50, M|
|poke|p2|Meowscarada, L50, F|
|poke|p2|Sneasler, L50, M|
|poke|p2|Decidueye-Hisui, L50, F|
|teampreview|4
|showteam|p1|Ursaluna-Bloodmoon||AssaultVest|MindsEye|BloodMoon,HyperVoice,EarthPower,VacuumWave|||M|||50|,,,,,Normal]Gholdengo||MetalCoat|GoodasGold|MakeItRain,ShadowBall,NastyPlot,Protect||||||50|,,,,,Water]Amoonguss||CovertCloak|Regenerator|Spore,RagePowder,PollenPuff,SludgeBomb|||M|||50|,,,,,Water]Incineroar||SafetyGoggles|Intimidate|KnockOff,FakeOut,PartingShot,FlareBlitz|||M|||50|,,,,,Ghost]Dragapult||ChoiceBand|ClearBody|DragonDarts,TeraBlast,PhantomForce,Uturn|||M|||50|,,,,,Ghost]Sneasler||FocusSash|PoisonTouch|CloseCombat,DireClaw,ThroatChop,FakeOut|||F|||50|,,,,,Dark
|showteam|p2|Primarina||LifeOrb|LiquidVoice|WaterPledge,HyperVoice,Moonblast,Protect|||M|||50|,,,,,Steel]Sylveon||ChoiceSpecs|Pixilate|HyperVoice,ShadowBall,HyperBeam,Psychic|||F|||50|,,,,,Ghost]Indeedee||SafetyGoggles|PsychicSurge|ExpandingForce,TeraBlast,TrickRoom,Imprison|||M|||50|,,,,,Fire]Meowscarada||FocusSash|Overgrow|KnockOff,FlowerTrick,Protect,GrassPledge|||F|||50|,,,,,Fairy]Sneasler||PsychicSeed|Unburden|DireClaw,Acrobatics,CloseCombat,Protect|||M|||50|,,,,,Grass]Decidueye-Hisui||RazorClaw|Scrappy|TripleArrows,Haze,LeafBlade,Protect|||F|||50|,,,,,Fire
|
|t:|1756406881
|teamsize|p1|4
|teamsize|p2|4
|start
|switch|p1a: Gholdengo|Gholdengo, L50|100/100
|switch|p1b: Sneasler|Sneasler, L50, F|100/100
|switch|p2a: Meowscarada|Meowscarada, L50, F, shiny|100/100
|switch|p2b: Primarina|Primarina, L50, M, shiny|100/100
|turn|1
|inactive|Battle timer is ON: inactive players will automatically lose when time's up. (requested by F14B TOMCAT)
|inactive|F14B TOMCAT has 60 seconds left.
|
|t:|1756406924
|move|p2a: Meowscarada|Protect|p2a: Meowscarada
|-singleturn|p2a: Meowscarada|Protect
|move|p2b: Primarina|Protect|p2b: Primarina
|-singleturn|p2b: Primarina|Protect
|move|p1b: Sneasler|Fake Out|p2a: Meowscarada
|-activate|p2a: Meowscarada|move: Protect
|move|p1a: Gholdengo|Nasty Plot|p1a: Gholdengo
|-boost|p1a: Gholdengo|spa|2
|
|upkeep
|turn|2
|
|t:|1756406937
|move|p2a: Meowscarada|Grass Pledge|p1b: Sneasler
|-waiting|p2a: Meowscarada|p2b: Primarina
|move|p2b: Primarina|Water Pledge|p1b: Sneasler|[from] move: Grass Pledge
|-combine
|-resisted|p1b: Sneasler
|-damage|p1b: Sneasler|28/100
|-sidestart|p1: F14B TOMCAT|Grass Pledge
|-damage|p2b: Primarina|91/100|[from] item: Life Orb
|move|p1b: Sneasler|Dire Claw|p2a: Meowscarada
|-supereffective|p2a: Meowscarada
|-enditem|p2a: Meowscarada|Focus Sash
|-damage|p2a: Meowscarada|1/100
|-status|p2a: Meowscarada|psn|[from] ability: Poison Touch|[of] p1b: Sneasler
|move|p1a: Gholdengo|Make It Rain|p2a: Meowscarada|[spread] p2a,p2b
|-damage|p2a: Meowscarada|0 fnt
|-damage|p2b: Primarina|0 fnt
|-unboost|p1a: Gholdengo|spa|1
|faint|p2a: Meowscarada
|faint|p2b: Primarina
|
|upkeep
|
|t:|1756406945
|switch|p2a: Indeedee|Indeedee, L50, M, shiny|100/100
|switch|p2b: Decidueye|Decidueye-Hisui, L50, F, shiny|100/100
|-fieldstart|move: Psychic Terrain|[from] ability: Psychic Surge|[of] p2a: Indeedee
|turn|3
|inactive|F14B TOMCAT has 30 seconds left.
|inactive|bruinbroker01 has 30 seconds left.
|inactive|F14B TOMCAT has 20 seconds left.
|
|t:|1756406984
|-terastallize|p2b: Decidueye|Fire
|-terastallize|p1a: Gholdengo|Water
|move|p2a: Indeedee|Expanding Force|p1a: Gholdengo|[spread] p1a,p1b
|-supereffective|p1b: Sneasler
|-damage|p1a: Gholdengo|38/100
|-damage|p1b: Sneasler|0 fnt
|faint|p1b: Sneasler
|move|p2b: Decidueye|Triple Arrows|p1a: Gholdengo
|-crit|p1a: Gholdengo
|-damage|p1a: Gholdengo|0 fnt
|faint|p1a: Gholdengo
|
|upkeep
|
|t:|1756406996
|switch|p1b: Amoonguss|Amoonguss, L50, M|100/100
|switch|p1a: Ursaluna|Ursaluna-Bloodmoon, L50, M|100/100
|turn|4
|
|t:|1756407016
|move|p1b: Amoonguss|Rage Powder|p1b: Amoonguss
|-singleturn|p1b: Amoonguss|move: Rage Powder
|move|p2a: Indeedee|Expanding Force|p1b: Amoonguss|[spread] p1a,p1b
|-supereffective|p1b: Amoonguss
|-damage|p1a: Ursaluna|65/100
|-damage|p1b: Amoonguss|11/100
|move|p2b: Decidueye|Leaf Blade|p1b: Amoonguss
|-resisted|p1b: Amoonguss
|-crit|p1b: Amoonguss
|-damage|p1b: Amoonguss|0 fnt
|faint|p1b: Amoonguss
|move|p1a: Ursaluna|Earth Power|p2b: Decidueye
|-supereffective|p2b: Decidueye
|-damage|p2b: Decidueye|0 fnt
|faint|p2b: Decidueye
|
|upkeep
|turn|5
|
|t:|1756407034
|move|p2a: Indeedee|Expanding Force|p1a: Ursaluna
|-damage|p1a: Ursaluna|20/100
|move|p1a: Ursaluna|Blood Moon|p2a: Indeedee
|-damage|p2a: Indeedee|1/100
|
|-sideend|p1: F14B TOMCAT|Grass Pledge
|upkeep
|turn|6
|
|t:|1756407045
|move|p2a: Indeedee|Expanding Force|p1a: Ursaluna
|-damage|p1a: Ursaluna|0 fnt
|faint|p1a: Ursaluna
|
|win|bruinbroker01
||F14B TOMCAT is ready for game 2.
||bruinbroker01 is ready for game 2.
|uhtml|next|Next: Game 2 of 3
|l|☆F14B TOMCAT
|player|p1|
