|j|‽Pokemon but bad
|j|☆Lewis Hamilton Fan
|html|Pokemon but badLewis Hamilton Fan    
|uhtml|bestof|Game 2 of a best-of-3
|t:|1783191461
|gametype|doubles
|player|p1|Pokemon but bad|rood|1075
|player|p2|Lewis Hamilton Fan|benga|1178
|gen|9
|tier|[Gen 9 Champions] VGC 2026 Reg M-B (Bo3)
|rated|
|rule|Species Clause: Limit one of each Pokémon
|rule|Item Clause: Limit 1 of each item
|clearpoke
|poke|p1|Scrafty, L50, M|
|poke|p1|Gholdengo, L50|
|poke|p1|Aerodactyl, L50, M|
|poke|p1|Garchomp, L50, F|
|poke|p1|Sylveon, L50, F|
|poke|p1|Ninetales-Alola, L50, F|
|poke|p2|Blastoise, L50, M|
|poke|p2|Sinistcha, L50|
|poke|p2|Kingambit, L50, F|
|poke|p2|Sneasler, L50, F|
|poke|p2|Incineroar, L50, M|
|poke|p2|Floette-Eternal, L50, F|
|teampreview|4
|showteam|p1|Scrafty||Scraftinite|Intimidate|DrainPunch,SwordsDance,KnockOff,FakeOut|Adamant||M|||50|]Gholdengo||ChoiceScarf|GoodasGold|MakeItRain,SteelBeam,ShadowBall,PowerGem|Modest|||||50|]Aerodactyl||FocusSash|Unnerve|DualWingbeat,RockSlide,Tailwind,Protect|Jolly||M|||50|]Garchomp||RoseliBerry|RoughSkin|DragonClaw,RockSlide,PoisonJab,Earthquake|Adamant||F|||50|]Sylveon||LifeOrb|Pixilate|HyperBeam,HyperVoice,QuickAttack,Detect|Modest||F|||50|]Ninetales-Alola||LightClay|SnowWarning|AuroraVeil,IcyWind,Encore,Blizzard|Timid||F|||50|
|showteam|p2|Blastoise||Blastoisinite|Torrent|WaterSpout,Protect,DarkPulse,ShellSmash|Modest||M|||50|]Sinistcha||KasibBerry|Hospitality|MatchaGotcha,RagePowder,Protect,TrickRoom|Bold|||||50|]Kingambit||BlackGlasses|Defiant|SuckerPunch,KowtowCleave,Protect,IronHead|Adamant||F|||50|]Sneasler||WhiteHerb|Unburden|CloseCombat,FakeOut,DireClaw,Protect|Jolly||F|||50|]Incineroar||SitrusBerry|Intimidate|FakeOut,PartingShot,FlareBlitz,ThroatChop|Relaxed||M|||50|]Floette-Eternal||Floettite|FlowerVeil|Protect,DazzlingGleam,Moonblast,CalmMind|Timid||F|||50|
|
|t:|1783191480
|teamsize|p1|4
|teamsize|p2|4
|start
|switch|p1a: Ninetales|Ninetales-Alola, L50, F|100/100
|switch|p1b: Scrafty|Scrafty, L50, M|100/100
|switch|p2a: Incineroar|Incineroar, L50, M|100/100
|switch|p2b: Floette|Floette-Eternal, L50, F|100/100
|-weather|Snowscape|[from] ability: Snow Warning|[of] p1a: Ninetales
|-ability|p1b: Scrafty|Intimidate|boost
|-unboost|p2a: Incineroar|atk|1
|-unboost|p2b: Floette|atk|1
|-ability|p2a: Incineroar|Intimidate|boost
|-unboost|p1a: Ninetales|atk|1
|-unboost|p1b: Scrafty|atk|1
|turn|1
|inactive|Battle timer is ON: inactive players will automatically lose when time's up. (requested by Lewis Hamilton Fan)
|
|t:|1783191498
|detailschange|p2b: Floette|Floette-Mega, L50, F
|-mega|p2b: Floette|Floette|Floettite
|-ability|p2b: Floette|Fairy Aura
|move|p1b: Scrafty|Fake Out|p2b: Floette
|-crit|p2b: Floette
|-damage|p2b: Floette|81/100
|move|p1a: Ninetales|Aurora Veil|p1a: Ninetales
|-sidestart|p1: Pokemon but bad|move: Aurora Veil
|cant|p2b: Floette|flinch
|move|p2a: Incineroar|Parting Shot|p1a: Ninetales
|-unboost|p1a: Ninetales|atk|1
|-unboost|p1a: Ninetales|spa|1
|
|t:|1783191508
|switch|p2a: Sneasler|Sneasler, L50, F|100/100|[from] Parting Shot
|
|-weather|Snowscape|[upkeep]
|upkeep
|turn|2
|
|t:|1783191518
|switch|p1b: Gholdengo|Gholdengo, L50|100/100
|move|p2a: Sneasler|Fake Out|p1a: Ninetales
|-damage|p1a: Ninetales|91/100
|cant|p1a: Ninetales|flinch
|move|p2b: Floette|Dazzling Gleam|p1a: Ninetales|[spread] p1a,p1b
|-resisted|p1b: Gholdengo|1
|-damage|p1a: Ninetales|60/100
|-damage|p1b: Gholdengo|85/100
|
|-weather|Snowscape|[upkeep]
|upkeep
|turn|3
|
|t:|1783191532
|switch|p2b: Kingambit|Kingambit, L50, F|100/100
|move|p1b: Gholdengo|Make It Rain|p2a: Sneasler|[spread] p2a,p2b
|-resisted|p2b: Kingambit|1
|-damage|p2a: Sneasler|33/100
|-damage|p2b: Kingambit|76/100
|-unboost|p1b: Gholdengo|spa|2
|move|p2a: Sneasler|Dire Claw|p1a: Ninetales
|-supereffective|p1a: Ninetales|1
|-damage|p1a: Ninetales|10/100
|move|p1a: Ninetales|Blizzard|p2b: Kingambit|[spread] p2a,p2b
|-resisted|p2b: Kingambit|1
|-damage|p2a: Sneasler|7/100
|-damage|p2b: Kingambit|67/100
|-status|p2b: Kingambit|frz
|
|-weather|Snowscape|[upkeep]
|upkeep
|turn|4
|
|t:|1783191551
|switch|p1b: Scrafty|Scrafty, L50, M|100/100
|-ability|p1b: Scrafty|Intimidate|boost
|-unboost|p2a: Sneasler|atk|1
|-unboost|p2b: Kingambit|atk|1
|-ability|p2b: Kingambit|Defiant|boost
|-boost|p2b: Kingambit|atk|2
|-enditem|p2a: Sneasler|White Herb
|-clearnegativeboost|p2a: Sneasler|[silent]
|move|p2a: Sneasler|Dire Claw|p1a: Ninetales
|-supereffective|p1a: Ninetales|1
|-damage|p1a: Ninetales|0 fnt
|faint|p1a: Ninetales
|cant|p2b: Kingambit|frz
|
|-weather|Snowscape|[upkeep]
|upkeep
|
|t:|1783191559
|switch|p1a: Sylveon|Sylveon, L50, F|100/100
|turn|5
|
|t:|1783191568
|move|p2a: Sneasler|Protect|p2a: Sneasler
|-singleturn|p2a: Sneasler|Protect
|cant|p2b: Kingambit|frz
|move|p1a: Sylveon|Quick Attack|p2a: Sneasler
|-activate|p2a: Sneasler|move: Protect
|move|p1b: Scrafty|Drain Punch|p2b: Kingambit
|-supereffective|p2b: Kingambit|2
|-damage|p2b: Kingambit|0 fnt
|faint|p2b: Kingambit
|
|-weather|none
|upkeep
|
|t:|1783191573
|switch|p2b: Incineroar|Incineroar, L50, M|100/100
|-ability|p2b: Incineroar|Intimidate|boost
|-unboost|p1a: Sylveon|atk|1
|-unboost|p1b: Scrafty|atk|1
|turn|6
|
|t:|1783191581
|switch|p1b: Gholdengo|Gholdengo, L50|85/100
|move|p2b: Incineroar|Fake Out|p1a: Sylveon
|-damage|p1a: Sylveon|90/100
|move|p2a: Sneasler|Close Combat|p1b: Gholdengo
|-immune|p1b: Gholdengo
|cant|p1a: Sylveon|flinch
|
|upkeep
|turn|7
|
|t:|1783191593
|move|p2a: Sneasler|Protect|p2a: Sneasler
|-singleturn|p2a: Sneasler|Protect
|move|p1b: Gholdengo|Power Gem|p2b: Incineroar
|-supereffective|p2b: Incineroar|1
|-damage|p2b: Incineroar|44/100
|-enditem|p2b: Incineroar|Sitrus Berry|[eat]
|-heal|p2b: Incineroar|69/100|[from] item: Sitrus Berry
|move|p1a: Sylveon|Hyper Voice|p2b: Incineroar|[spread] p2b
|-activate|p2a: Sneasler|move: Protect
|-damage|p2b: Incineroar|22/100
|-damage|p1a: Sylveon|80/100|[from] item: Life Orb
|move|p2b: Incineroar|Flare Blitz|p1b: Gholdengo
|-supereffective|p1b: Gholdengo|1
|-crit|p1b: Gholdengo
|-damage|p1b: Gholdengo|0 fnt
|faint|p1b: Gholdengo
|-damage|p2b: Incineroar|0 fnt|[from] Recoil
|faint|p2b: Incineroar
|
|upkeep
|
|t:|1783191609
|switch|p1b: Scrafty|Scrafty, L50, M|100/100
|switch|p2b: Floette|Floette-Mega, L50, F|81/100
|-ability|p2b: Floette|Fairy Aura
|-ability|p1b: Scrafty|Intimidate|boost
|-unboost|p2a: Sneasler|atk|1
|-unboost|p2b: Floette|atk|1
|turn|8
|
|t:|1783191622
|detailschange|p1b: Scrafty|Scrafty-Mega, L50, M
|-mega|p1b: Scrafty|Scrafty|Scraftinite
|-ability|p1b: Scrafty|Intimidate|boost
|-unboost|p2a: Sneasler|atk|1
|-unboost|p2b: Floette|atk|1
|move|p2b: Floette|Protect|p2b: Floette
|-singleturn|p2b: Floette|Protect
|move|p1b: Scrafty|Fake Out|p2b: Floette
|-activate|p2b: Floette|move: Protect
|move|p1a: Sylveon|Quick Attack|p2a: Sneasler
|-damage|p2a: Sneasler|0 fnt
|faint|p2a: Sneasler
|-damage|p1a: Sylveon|70/100|[from] item: Life Orb
|
|-sideend|p1: Pokemon but bad|move: Aurora Veil
|upkeep
|turn|9
|
|t:|1783191635
|move|p2b: Floette|Dazzling Gleam|p1b: Scrafty|[spread] p1a,p1b
|-supereffective|p1b: Scrafty|2
|-damage|p1a: Sylveon|40/100
|-damage|p1b: Scrafty|0 fnt
|faint|p1b: Scrafty
|move|p1a: Sylveon|Hyper Voice|p2b: Floette
|-damage|p2b: Floette|7/100
|-damage|p1a: Sylveon|30/100|[from] item: Life Orb
|
|upkeep
|turn|10
|
|t:|1783191640
|move|p1a: Sylveon|Quick Attack|p2b: Floette
|-damage|p2b: Floette|0 fnt
|faint|p2b: Floette
|-damage|p1a: Sylveon|20/100r|[from] item: Life Orb
|
|win|Pokemon but bad
|raw|Pokemon but bad's rating: 1075 → 1112(+37 for winning)
|raw|Lewis Hamilton Fan's rating: 1178 → 1146(-32 for losing)
