|j|☆DrunkPestoBirb
|j|‽ADenOfTheives
|html|DrunkPestoBirbADenOfTheives    
|uhtml|bestof|Game 2 of a best-of-3
|t:|1783916330
|gametype|doubles
|player|p1|DrunkPestoBirb|169|1035
|player|p2|ADenOfTheives|169|1000
|gen|9
|tier|[Gen 9 Champions] VGC 2026 Reg M-B (Bo3)
|rated|
|rule|Species Clause: Limit one of each Pokémon
|rule|Item Clause: Limit 1 of each item
|clearpoke
|poke|p1|Raichu, L50, F|
|poke|p1|Sylveon, L50, M|
|poke|p1|Whimsicott, L50, M|
|poke|p1|Farigiraf, L50, M|
|poke|p1|Volcarona, L50, F|
|poke|p1|Aegislash, L50, M|
|poke|p2|Scrafty, L50, F|
|poke|p2|Sylveon, L50, F|
|poke|p2|Gholdengo, L50|
|poke|p2|Pelipper, L50, F|
|poke|p2|Dragonite, L50, F|
|poke|p2|Sinistcha, L50|
|teampreview|4
|showteam|p1|Raichu||RaichuniteY|LightningRod|ZapCannon,FocusBlast,GrassKnot,FakeOut|Hasty||F|||50|]Sylveon||BrightPowder|Pixilate|HyperVoice,ShadowBall,MysticalFire,Protect|Calm||M|||50|]Whimsicott||KebiaBerry|Prankster|Tailwind,Moonblast,Taunt,Encore|Bold||M|||50|]Farigiraf||MentalHerb|ArmorTail|HyperVoice,TwinBeam,EnergyBall,Protect|Modest||M|||50|]Volcarona||FocusSash|FlameBody|RagePowder,QuiverDance,BugBuzz,FieryDance|Modest||F|||50|]Aegislash|||StanceChange|NightSlash,KingsShield,SacredSword,SwordsDance|Adamant||M|||50|
|showteam|p2|Scrafty||Scraftinite|Intimidate|IcePunch,ThroatChop,SwordsDance,DrainPunch|Adamant||F|||50|]Sylveon||LifeOrb|Pixilate|HyperVoice,QuickAttack,HyperBeam,Protect|Mild||F|||50|]Gholdengo||WhiteHerb|GoodasGold|MakeItRain,Protect,ShadowBall,NastyPlot|Modest|||||50|]Pelipper||SitrusBerry|Drizzle|Tailwind,Hurricane,MuddyWater,WideGuard|Modest||F|||50|]Dragonite||Leftovers|Multiscale|RockSlide,Haze,Tailwind,HelpingHand|Adamant||F|||50|]Sinistcha||FocusSash|Hospitality|MatchaGotcha,TrickRoom,RagePowder,LifeDew|Modest|||||50|
|
|t:|1783916362
|teamsize|p1|4
|teamsize|p2|4
|start
|switch|p1a: Raichu|Raichu, L50, F|100/100
|switch|p1b: Whimsicott|Whimsicott, L50, M|100/100
|switch|p2a: Scrafty|Scrafty, L50, F|100/100
|switch|p2b: Dragonite|Dragonite, L50, F|100/100
|-ability|p2a: Scrafty|Intimidate|boost
|-unboost|p1a: Raichu|atk|1
|-unboost|p1b: Whimsicott|atk|1
|turn|1
|
|t:|1783916397
|detailschange|p1a: Raichu|Raichu-Mega-Y, L50, F
|-mega|p1a: Raichu|Raichu|Raichunite Y
|detailschange|p2a: Scrafty|Scrafty-Mega, L50, F
|-mega|p2a: Scrafty|Scrafty|Scraftinite
|-ability|p2a: Scrafty|Intimidate|boost
|-unboost|p1a: Raichu|atk|1
|-unboost|p1b: Whimsicott|atk|1
|move|p1a: Raichu|Fake Out|p2b: Dragonite
|-damage|p2b: Dragonite|97/100
|move|p1b: Whimsicott|Tailwind|p1b: Whimsicott
|-sidestart|p1: DrunkPestoBirb|move: Tailwind
|cant|p2b: Dragonite|flinch
|move|p2a: Scrafty|Swords Dance|p2a: Scrafty
|-boost|p2a: Scrafty|atk|2
|
|-heal|p2b: Dragonite|100/100|[from] item: Leftovers
|upkeep
|turn|2
|
|t:|1783916431
|switch|p2a: Gholdengo|Gholdengo, L50|100/100
|move|p1a: Raichu|Zap Cannon|p2b: Dragonite
|-damage|p2b: Dragonite|68/100
|-status|p2b: Dragonite|par
|move|p1b: Whimsicott|Moonblast|p2a: Gholdengo
|-resisted|p2a: Gholdengo|1
|-damage|p2a: Gholdengo|87/100
|cant|p2b: Dragonite|par
|
|-heal|p2b: Dragonite|74/100 par|[from] item: Leftovers
|upkeep
|turn|3
|
|t:|1783916453
|move|p1a: Raichu|Zap Cannon|p2a: Gholdengo
|-damage|p2a: Gholdengo|19/100
|-status|p2a: Gholdengo|par
|move|p1b: Whimsicott|Moonblast|p2b: Dragonite
|-supereffective|p2b: Dragonite|1
|-damage|p2b: Dragonite|26/100 par
|move|p2a: Gholdengo|Make It Rain|p1a: Raichu|[spread] p1a,p1b
|-resisted|p1a: Raichu|1
|-supereffective|p1b: Whimsicott|1
|-damage|p1a: Raichu|60/100
|-damage|p1b: Whimsicott|0 fnt
|-unboost|p2a: Gholdengo|spa|2
|faint|p1b: Whimsicott
|-enditem|p2a: Gholdengo|White Herb
|-clearnegativeboost|p2a: Gholdengo|[silent]
|cant|p2b: Dragonite|par
|
|-heal|p2b: Dragonite|32/100 par|[from] item: Leftovers
|upkeep
|
|t:|1783916466
|switch|p1b: Sylveon|Sylveon, L50, M|100/100
|turn|4
|
|t:|1783916486
|move|p2a: Gholdengo|Protect|p2a: Gholdengo
|-singleturn|p2a: Gholdengo|Protect
|move|p1a: Raichu|Zap Cannon|p2a: Gholdengo
|-activate|p2a: Gholdengo|move: Protect
|move|p1b: Sylveon|Hyper Voice|p2a: Gholdengo|[spread] p2b
|-activate|p2a: Gholdengo|move: Protect
|-supereffective|p2b: Dragonite|1
|-damage|p2b: Dragonite|0 fnt
|faint|p2b: Dragonite
|
|-sideend|p1: DrunkPestoBirb|move: Tailwind
|upkeep
|
|t:|1783916504
|switch|p2b: Pelipper|Pelipper, L50, F|100/100
|-weather|RainDance|[from] ability: Drizzle|[of] p2b: Pelipper
|turn|5
|
|t:|1783916519
|move|p2b: Pelipper|Wide Guard|p2b: Pelipper
|-singleturn|p2b: Pelipper|Wide Guard
|move|p1a: Raichu|Zap Cannon|p2b: Pelipper
|-supereffective|p2b: Pelipper|2
|-damage|p2b: Pelipper|0 fnt
|faint|p2b: Pelipper
|move|p1b: Sylveon|Mystical Fire|p2a: Gholdengo
|-supereffective|p2a: Gholdengo|1
|-damage|p2a: Gholdengo|1/100 par
|-unboost|p2a: Gholdengo|spa|1
|move|p2a: Gholdengo|Make It Rain|p1b: Sylveon|[spread] p1a,p1b
|-resisted|p1a: Raichu|1
|-supereffective|p1b: Sylveon|1
|-damage|p1a: Raichu|34/100
|-damage|p1b: Sylveon|64/100
|-unboost|p2a: Gholdengo|spa|2
|
|-weather|RainDance|[upkeep]
|upkeep
|
|t:|1783916535
|switch|p2b: Scrafty|Scrafty-Mega, L50, F|100/100
|-ability|p2b: Scrafty|Intimidate|boost
|-unboost|p1a: Raichu|atk|1
|-unboost|p1b: Sylveon|atk|1
|turn|6
|l|☆DrunkPestoBirb
|player|p1|
|j|☆DrunkPestoBirb
|player|p1|DrunkPestoBirb|169|
|
|t:|1783916568
|move|p2a: Gholdengo|Protect|p2a: Gholdengo
|-singleturn|p2a: Gholdengo|Protect
|move|p1a: Raichu|Zap Cannon|p2b: Scrafty
|-damage|p2b: Scrafty|40/100
|-status|p2b: Scrafty|par
|move|p1b: Sylveon|Mystical Fire|p2a: Gholdengo
|-activate|p2a: Gholdengo|move: Protect
|move|p2b: Scrafty|Ice Punch|p1b: Sylveon
|-crit|p1b: Sylveon
|-damage|p1b: Sylveon|14/100
|-status|p1b: Sylveon|frz
|
|-weather|RainDance|[upkeep]
|upkeep
|turn|7
|
|t:|1783916593
|move|p1a: Raichu|Zap Cannon|p2b: Scrafty
|-damage|p2b: Scrafty|0 fnt
|faint|p2b: Scrafty
|cant|p1b: Sylveon|frz
|move|p2a: Gholdengo|Make It Rain|p1b: Sylveon|[spread] p1a,p1b
|-resisted|p1a: Raichu|1
|-supereffective|p1b: Sylveon|1
|-damage|p1a: Raichu|18/100
|-damage|p1b: Sylveon|0 fnt
|-unboost|p2a: Gholdengo|spa|2
|faint|p1b: Sylveon
|
|-weather|RainDance|[upkeep]
|upkeep
|
|t:|1783916601
|switch|p1b: Aegislash|Aegislash, L50, M|100/100
|turn|8
|
|t:|1783916608
|move|p2a: Gholdengo|Protect|p2a: Gholdengo
|-singleturn|p2a: Gholdengo|Protect
|move|p1a: Raichu|Zap Cannon|p2a: Gholdengo
|-activate|p2a: Gholdengo|move: Protect
|-formechange|p1b: Aegislash|Aegislash-Blade|
|move|p1b: Aegislash|Night Slash|p2a: Gholdengo
|-activate|p2a: Gholdengo|move: Protect
|
|-weather|RainDance|[upkeep]
|upkeep
|turn|9
|
|t:|1783916627
|move|p1a: Raichu|Zap Cannon|p2a: Gholdengo
|-damage|p2a: Gholdengo|0 fnt
|faint|p2a: Gholdengo
|
|win|DrunkPestoBirb
||ADenOfTheives is ready for game 3.
|l|☆DrunkPestoBirb
|player|p1|
|inactive|DrunkPestoBirb has 30 seconds to confirm battle start!
|j|☆DrunkPestoBirb
|player|p1|DrunkPestoBirb|169|
