|j|☆bigdamagego
|j|☆Numberskull
|html|bigdamagegoNumberskull    
|uhtml|bestof|Game 3 of a best-of-3
|t:|1783424090
|gametype|doubles
|player|p1|bigdamagego|steven|1000
|player|p2|Numberskull|169|1045
|gen|9
|tier|[Gen 9 Champions] VGC 2026 Reg M-B (Bo3)
|rated|
|rule|Species Clause: Limit one of each Pokémon
|rule|Item Clause: Limit 1 of each item
|clearpoke
|poke|p1|Floette-Eternal, L50, F|
|poke|p1|Delphox, L50, M|
|poke|p1|Kingambit, L50, M|
|poke|p1|Sneasler, L50, M|
|poke|p1|Sinistcha, L50|
|poke|p1|Incineroar, L50, F|
|poke|p2|Sceptile, L50, M|
|poke|p2|Rotom-Heat, L50|
|poke|p2|Basculegion, L50, M|
|poke|p2|Aerodactyl, L50, M|
|poke|p2|Garchomp, L50, M|
|poke|p2|Floette-Eternal, L50, F|
|teampreview|4
|showteam|p1|Floette-Eternal||Floettite|FlowerVeil|Protect,CalmMind,DazzlingGleam,DrainingKiss|Modest||F|||50|]Delphox||Delphoxite|Blaze|HeatWave,Psychic,NastyPlot,Protect|Timid||M|||50|]Kingambit||BlackGlasses|Defiant|SuckerPunch,KowtowCleave,SwordsDance,Protect|Adamant||M|||50|]Sneasler||FocusSash|PoisonTouch|FakeOut,PoisonJab,CloseCombat,QuickGuard|Jolly||M|||50|]Sinistcha||CobaBerry|Hospitality|MatchaGotcha,RagePowder,LifeDew,TrickRoom|Calm|||||50|]Incineroar||SitrusBerry|Intimidate|FakeOut,FlareBlitz,ThroatChop,PartingShot|Bold||F|||50|
|showteam|p2|Sceptile||Sceptilite|Overgrow|GrassKnot,DragonPulse,EarthPower,Detect|Timid||M|||50|]Rotom-Heat||ChoiceScarf|Levitate|Thunderbolt,Overheat,VoltSwitch,Discharge|Timid|||||50|]Basculegion||SitrusBerry|Adaptability|WaveCrash,LastRespects,AquaJet,Protect|Adamant||M|||50|]Aerodactyl||FocusSash|Unnerve|RockSlide,DualWingbeat,Tailwind,WideGuard|Jolly||M|||50|]Garchomp||LifeOrb|RoughSkin|DragonClaw,Earthquake,RockSlide,Protect|Jolly||M|||50|]Floette-Eternal||Floettite|FlowerVeil|Moonblast,DazzlingGleam,LightofRuin,Protect|Timid||F|||50|
|inactive|Battle timer is ON: inactive players will automatically lose when time's up. (requested by Numberskull)
|inactive|bigdamagego has 60 seconds left.
|
|t:|1783424140
|teamsize|p1|4
|teamsize|p2|4
|start
|switch|p1a: Incineroar|Incineroar, L50, F|100/100
|switch|p1b: Floette|Floette-Eternal, L50, F|100/100
|switch|p2a: Sceptile|Sceptile, L50, M|100/100
|switch|p2b: Rotom|Rotom-Heat, L50|100/100
|-ability|p1a: Incineroar|Intimidate|boost
|-unboost|p2a: Sceptile|atk|1
|-unboost|p2b: Rotom|atk|1
|turn|1
|
|t:|1783424163
|detailschange|p2a: Sceptile|Sceptile-Mega, L50, M
|-mega|p2a: Sceptile|Sceptile|Sceptilite
|detailschange|p1b: Floette|Floette-Mega, L50, F
|-mega|p1b: Floette|Floette|Floettite
|-ability|p1b: Floette|Fairy Aura
|move|p1a: Incineroar|Fake Out|p2a: Sceptile
|-damage|p2a: Sceptile|84/100
|move|p2b: Rotom|Discharge|p1b: Floette|[spread] p1a,p1b
|-ability|p2a: Sceptile|Lightning Rod|boost
|-boost|p2a: Sceptile|spa|1
|-damage|p1a: Incineroar|74/100
|-damage|p1b: Floette|79/100
|-status|p1a: Incineroar|par
|-status|p1b: Floette|par
|cant|p2a: Sceptile|flinch
|move|p1b: Floette|Calm Mind|p1b: Floette
|-boost|p1b: Floette|spa|1
|-boost|p1b: Floette|spd|1
|
|upkeep
|turn|2
|
|t:|1783424175
|switch|p1a: Sinistcha|Sinistcha, L50|100/100
|-heal|p1b: Floette|100/100 par|[from] ability: Hospitality|[of] p1a: Sinistcha
|move|p2b: Rotom|Discharge|p1a: Sinistcha|[spread] p1a,p1b
|-ability|p2a: Sceptile|Lightning Rod|boost
|-boost|p2a: Sceptile|spa|1
|-resisted|p1a: Sinistcha|1
|-damage|p1a: Sinistcha|88/100
|-damage|p1b: Floette|87/100 par
|move|p2a: Sceptile|Earth Power|p1a: Sinistcha
|-resisted|p1a: Sinistcha|1
|-damage|p1a: Sinistcha|57/100
|move|p1b: Floette|Dazzling Gleam|p2a: Sceptile|[spread] p2a,p2b
|-supereffective|p2a: Sceptile|1
|-resisted|p2b: Rotom|1
|-damage|p2a: Sceptile|0 fnt
|-damage|p2b: Rotom|54/100
|faint|p2a: Sceptile
|
|upkeep
|
|t:|1783424183
|switch|p2a: Aerodactyl|Aerodactyl, L50, M|100/100
|-ability|p2a: Aerodactyl|Unnerve
|turn|3
|
|t:|1783424196
|switch|p2b: Basculegion|Basculegion, L50, M|100/100
|move|p2a: Aerodactyl|Rock Slide|p1a: Sinistcha|[spread] p1a,p1b
|-damage|p1a: Sinistcha|33/100
|-damage|p1b: Floette|59/100 par
|move|p1b: Floette|Draining Kiss|p2a: Aerodactyl
|-damage|p2a: Aerodactyl|12/100
|-heal|p1b: Floette|100/100 par|[from] drain|[of] p2a: Aerodactyl
|move|p1a: Sinistcha|Trick Room|p1a: Sinistcha
|-fieldstart|move: Trick Room|[of] p1a: Sinistcha
|
|upkeep
|turn|4
|
|t:|1783424213
|move|p2b: Basculegion|Protect|p2b: Basculegion
|-singleturn|p2b: Basculegion|Protect
|move|p1a: Sinistcha|Rage Powder|p1a: Sinistcha
|-singleturn|p1a: Sinistcha|move: Rage Powder
|move|p1b: Floette|Draining Kiss|p2a: Aerodactyl
|-damage|p2a: Aerodactyl|0 fnt
|faint|p2a: Aerodactyl
|
|upkeep
|
|t:|1783424217
|switch|p2a: Rotom|Rotom-Heat, L50|54/100
|turn|5
|
|t:|1783424232
|move|p1b: Floette|Dazzling Gleam|p2b: Basculegion|[spread] p2a,p2b
|-resisted|p2a: Rotom|1
|-damage|p2a: Rotom|11/100
|-damage|p2b: Basculegion|16/100
|-enditem|p2b: Basculegion|Sitrus Berry|[eat]
|-heal|p2b: Basculegion|41/100|[from] item: Sitrus Berry
|move|p1a: Sinistcha|Matcha Gotcha|p2a: Rotom|[spread] p2a,p2b
|-resisted|p2a: Rotom|1
|-supereffective|p2b: Basculegion|1
|-damage|p2a: Rotom|0 fnt
|-heal|p1a: Sinistcha|38/100|[from] drain|[of] p2a: Rotom
|-damage|p2b: Basculegion|0 fnt
|-heal|p1a: Sinistcha|61/100|[from] drain|[of] p2b: Basculegion
|faint|p2a: Rotom
|faint|p2b: Basculegion
|
|win|bigdamagego
|raw|bigdamagego's rating: 1000 → 1045(+45 for winning)
|raw|Numberskull's rating: 1045 → 1026(-19 for losing)
