|j|☆spellbreakvgc
|j|☆adam z.x.y
|html|spellbreakvgcadam z.x.y    
|uhtml|bestof|Game 1 of a best-of-3
|t:|1756990157
|gametype|doubles
|player|p1|spellbreakvgc|lance|1118
|player|p2|adam z.x.y|ethan|1044
|gen|9
|tier|[Gen 9] VGC 2025 Reg H (Bo3)
|rated|
|rule|Species Clause: Limit one of each Pokémon
|rule|Item Clause: Limit 1 of each item
|clearpoke
|poke|p1|Baxcalibur, L50, F|
|poke|p1|Kingambit, L50, M|
|poke|p1|Volcarona, L50, M|
|poke|p1|Dondozo, L50, M|
|poke|p1|Sneasler, L50, F|
|poke|p1|Rillaboom, L50, M|
|poke|p2|Scizor, L50, F|
|poke|p2|Clefairy, L50, F|
|poke|p2|Primarina, L50, M|
|poke|p2|Volcarona, L50, M|
|poke|p2|Arboliva, L50, F|
|teampreview|4
|showteam|p1|Baxcalibur||LoadedDice|ThermalExchange|Protect,IcicleSpear,ScaleShot,IceShard|||F|||50|,,,,,Ghost]Kingambit||SafetyGoggles|Defiant|Protect,KowtowCleave,SuckerPunch,SwordsDance|||M|||50|,,,,,Ghost]Volcarona||CovertCloak|FlameBody|HeatWave,TeraBlast,QuiverDance,RagePowder|||M|||50|,,,,,Fairy]Dondozo||Leftovers|Unaware|Protect,Liquidation,Yawn,Fissure|||M|||50|,,,,,Poison]Sneasler||FocusSash|Unburden|Protect,CloseCombat,DireClaw,Coaching|||F|||50|,,,,,Stellar]Rillaboom||AssaultVest|GrassySurge|WoodHammer,GrassyGlide,FakeOut,HighHorsepower|||M|||50|,,,,,Water
|showteam|p2|Scizor||MetalCoat|Technician|BulletPunch,Pounce,SwordsDance,Trailblaze|||F|||50|,,,,,Dragon]Clefairy||Eviolite|FriendGuard|FollowMe,DazzlingGleam,HelpingHand,Protect|||F|||50|,,,,,Stellar]Primarina||ThroatSpray|LiquidVoice|HyperVoice,Moonblast,IceBeam,Protect|||M|||50|,,,,,Ice]Volcarona||FocusSash|FlameBody|QuiverDance,FieryDance,BugBuzz,GigaDrain|||M|||50|,,,,,Water]Arboliva||Leftovers|SeedSower|EnergyBall,PollenPuff,Protect,LeechSeed|||F|||50|,,,,,Grass
|inactive|Battle timer is ON: inactive players will automatically lose when time's up. (requested by spellbreakvgc)
|
|t:|1756990228
|teamsize|p1|4
|teamsize|p2|4
|start
|switch|p1a: Dondozo|Dondozo, L50, M|100/100
|switch|p1b: Rillaboom|Rillaboom, L50, M|100/100
|switch|p2a: Scizor|Scizor, L50, F|100/100
|switch|p2b: Clefairy|Clefairy, L50, F|100/100
|-fieldstart|move: Grassy Terrain|[from] ability: Grassy Surge|[of] p1b: Rillaboom
|turn|1
|inactive|adam z.x.y has 30 seconds left.
|
|t:|1756990261
|move|p1b: Rillaboom|Fake Out|p2a: Scizor
|-resisted|p2a: Scizor
|-damage|p2a: Scizor|95/100
|cant|p2a: Scizor|flinch
|move|p1a: Dondozo|Yawn|p2b: Clefairy
|-start|p2b: Clefairy|move: Yawn|[of] p1a: Dondozo
|move|p2b: Clefairy|Dazzling Gleam|p1a: Dondozo|[spread] p1a,p1b
|-damage|p1a: Dondozo|91/100
|-damage|p1b: Rillaboom|91/100
|
|-heal|p1b: Rillaboom|97/100|[from] Grassy Terrain
|-heal|p2a: Scizor|100/100|[from] Grassy Terrain
|-heal|p1a: Dondozo|97/100|[from] Grassy Terrain
|-heal|p1a: Dondozo|100/100|[from] item: Leftovers
|upkeep
|turn|2
|inactive|spellbreakvgc has 30 seconds left.
|
|t:|1756990296
|switch|p1b: Kingambit|Kingambit, L50, M|100/100
|move|p2b: Clefairy|Follow Me|p2b: Clefairy
|-singleturn|p2b: Clefairy|move: Follow Me
|move|p2a: Scizor|Swords Dance|p2a: Scizor
|-boost|p2a: Scizor|atk|2
|move|p1a: Dondozo|Fissure|p2b: Clefairy
|-damage|p2b: Clefairy|0 fnt
|faint|p2b: Clefairy
|-ohko
|
|upkeep
|
|t:|1756990313
|switch|p2b: Volcarona|Volcarona, L50, M|100/100
|turn|3
|inactive|spellbreakvgc has 30 seconds left.
|inactive|spellbreakvgc has 20 seconds left.
|inactive|spellbreakvgc has 15 seconds left.
|inactive|spellbreakvgc has 10 seconds left.
|
|t:|1756990362
|-terastallize|p2b: Volcarona|Water
|move|p1b: Kingambit|Protect|p1b: Kingambit
|-singleturn|p1b: Kingambit|Protect
|move|p2b: Volcarona|Quiver Dance|p2b: Volcarona
|-boost|p2b: Volcarona|spa|1
|-boost|p2b: Volcarona|spd|1
|-boost|p2b: Volcarona|spe|1
|move|p2a: Scizor|Trailblaze|p1a: Dondozo
|-supereffective|p1a: Dondozo
|-damage|p1a: Dondozo|58/100
|-boost|p2a: Scizor|spe|1
|move|p1a: Dondozo|Yawn|p2b: Volcarona
|-start|p2b: Volcarona|move: Yawn|[of] p1a: Dondozo
|
|-heal|p1a: Dondozo|64/100|[from] Grassy Terrain
|-heal|p1a: Dondozo|70/100|[from] item: Leftovers
|upkeep
|turn|4
|inactive|spellbreakvgc has 30 seconds left.
|inactive|adam z.x.y has 30 seconds left.
|inactive|spellbreakvgc has 20 seconds left.
|inactive|spellbreakvgc has 15 seconds left.
|inactive|adam z.x.y has 20 seconds left.
|
|t:|1756990417
|switch|p1b: Sneasler|Sneasler, L50, F|100/100
|move|p1a: Dondozo|Protect|p1a: Dondozo
|-singleturn|p1a: Dondozo|Protect
|move|p2b: Volcarona|Giga Drain|p1a: Dondozo
|-activate|p1a: Dondozo|move: Protect
|move|p2a: Scizor|Pounce|p1b: Sneasler
|-resisted|p1b: Sneasler
|-damage|p1b: Sneasler|64/100
|-unboost|p1b: Sneasler|spe|1
|
|-heal|p1b: Sneasler|70/100|[from] Grassy Terrain
|-heal|p1a: Dondozo|76/100|[from] Grassy Terrain
|-heal|p1a: Dondozo|83/100|[from] item: Leftovers
|-end|p2b: Volcarona|move: Yawn|[silent]
|-status|p2b: Volcarona|slp
|upkeep
|turn|5
|inactive|spellbreakvgc has 30 seconds left.
|
|t:|1756990443
|-terastallize|p1a: Dondozo|Poison
|move|p2a: Scizor|Bullet Punch|p1b: Sneasler
|-damage|p1b: Sneasler|0 fnt
|faint|p1b: Sneasler
|cant|p2b: Volcarona|slp
|move|p1a: Dondozo|Yawn|p2a: Scizor
|-start|p2a: Scizor|move: Yawn|[of] p1a: Dondozo
|
|-heal|p1a: Dondozo|89/100|[from] Grassy Terrain
|-heal|p1a: Dondozo|95/100|[from] item: Leftovers
|-fieldend|move: Grassy Terrain
|upkeep
|
|t:|1756990456
|switch|p1b: Rillaboom|Rillaboom, L50, M|97/100
|-fieldstart|move: Grassy Terrain|[from] ability: Grassy Surge|[of] p1b: Rillaboom
|turn|6
|
|t:|1756990469
|move|p1b: Rillaboom|Fake Out|p2a: Scizor
|-resisted|p2a: Scizor
|-damage|p2a: Scizor|94/100
|-curestatus|p2b: Volcarona|slp|[msg]
|move|p2b: Volcarona|Giga Drain|p1a: Dondozo
|-resisted|p1a: Dondozo
|-damage|p1a: Dondozo|82/100
|cant|p2a: Scizor|flinch
|move|p1a: Dondozo|Fissure|p2b: Volcarona
|-enditem|p2b: Volcarona|Focus Sash
|-damage|p2b: Volcarona|1/100
|
|-heal|p2b: Volcarona|7/100|[from] Grassy Terrain
|-heal|p2a: Scizor|100/100|[from] Grassy Terrain
|-heal|p1b: Rillaboom|100/100|[from] Grassy Terrain
|-heal|p1a: Dondozo|88/100|[from] Grassy Terrain
|-heal|p1a: Dondozo|94/100|[from] item: Leftovers
|-end|p2a: Scizor|move: Yawn|[silent]
|-status|p2a: Scizor|slp
|upkeep
|turn|7
|
|t:|1756990493
|cant|p2a: Scizor|slp
|move|p1b: Rillaboom|Grassy Glide|p2b: Volcarona
|-supereffective|p2b: Volcarona
|-damage|p2b: Volcarona|0 fnt
|faint|p2b: Volcarona
|move|p1a: Dondozo|Fissure|p2a: Scizor
|-damage|p2a: Scizor|0 fnt
|faint|p2a: Scizor
|-ohko
|
|-heal|p1a: Dondozo|100/100|[from] Grassy Terrain
|upkeep
|
|t:|1756990504
|switch|p2b: Arboliva|Arboliva, L50, F|100/100
|turn|8
|inactive|spellbreakvgc has 30 seconds left.
|
|t:|1756990530
|switch|p1b: Kingambit|Kingambit, L50, M|100/100
|move|p2b: Arboliva|Pollen Puff|p1b: Kingambit
|-damage|p1b: Kingambit|77/100
|move|p1a: Dondozo|Yawn|p2b: Arboliva
|-start|p2b: Arboliva|move: Yawn|[of] p1a: Dondozo
|
|-heal|p1b: Kingambit|83/100|[from] Grassy Terrain
|upkeep
|turn|9
|inactive|spellbreakvgc has 30 seconds left.
|
|t:|1756990558
|move|p1b: Kingambit|Swords Dance|p1b: Kingambit
|-boost|p1b: Kingambit|atk|2
|move|p2b: Arboliva|Leech Seed|p1a: Dondozo
|-start|p1a: Dondozo|move: Leech Seed
|move|p1a: Dondozo|Fissure|p2b: Arboliva|[miss]
|-miss|p1a: Dondozo|p2b: Arboliva
|
|-heal|p1b: Kingambit|90/100|[from] Grassy Terrain
|-damage|p1a: Dondozo|88/100|[from] Leech Seed|[of] p2b: Arboliva
|-end|p2b: Arboliva|move: Yawn|[silent]
|-status|p2b: Arboliva|slp
|upkeep
|turn|10
|inactive|adam z.x.y has 30 seconds left.
|
|t:|1756990585
|move|p1b: Kingambit|Swords Dance|p1b: Kingambit
|-boost|p1b: Kingambit|atk|2
|cant|p2b: Arboliva|slp
|move|p1a: Dondozo|Fissure|p2b: Arboliva|[miss]
|-miss|p1a: Dondozo|p2b: Arboliva
|
|-heal|p1b: Kingambit|96/100|[from] Grassy Terrain
|-heal|p1a: Dondozo|94/100|[from] Grassy Terrain
|-heal|p1a: Dondozo|100/100|[from] item: Leftovers
|-damage|p1a: Dondozo|88/100|[from] Leech Seed|[of] p2b: Arboliva
|-fieldend|move: Grassy Terrain
|upkeep
|turn|11
|
|t:|1756990600
|move|p1b: Kingambit|Swords Dance|p1b: Kingambit
|-boost|p1b: Kingambit|atk|2
|-curestatus|p2b: Arboliva|slp|[msg]
|move|p2b: Arboliva|Pollen Puff|p1b: Kingambit
|-damage|p1b: Kingambit|70/100
|move|p1a: Dondozo|Yawn|p2b: Arboliva
|-start|p2b: Arboliva|move: Yawn|[of] p1a: Dondozo
|
|-heal|p1a: Dondozo|94/100|[from] item: Leftovers
|-damage|p1a: Dondozo|82/100|[from] Leech Seed|[of] p2b: Arboliva
|upkeep
|turn|12
|
|t:|1756990615
|switch|p1a: Rillaboom|Rillaboom, L50, M|100/100
|-fieldstart|move: Grassy Terrain|[from] ability: Grassy Surge|[of] p1a: Rillaboom
|move|p1b: Kingambit|Kowtow Cleave|p2b: Arboliva
|-damage|p2b: Arboliva|0 fnt
|faint|p2b: Arboliva
|
|win|spellbreakvgc
||spellbreakvgc is ready for game 2.
||adam z.x.y is ready for game 2.
|uhtml|next|Next: Game 2 of 3
