|j|☆raksbach
|j|☆returningto
|html|raksbachreturningto    
|uhtml|bestof|Game 2 of a best-of-3
|t:|1782995602
|gametype|doubles
|player|p1|raksbach|2|1181
|player|p2|returningto|169|1085
|gen|9
|tier|[Gen 9 Champions] VGC 2026 Reg M-B (Bo3)
|rated|
|rule|Species Clause: Limit one of each Pokémon
|rule|Item Clause: Limit 1 of each item
|clearpoke
|poke|p1|Incineroar, L50, M|
|poke|p1|Maushold, L50|
|poke|p1|Sinistcha, L50|
|poke|p1|Sneasler, L50, F|
|poke|p1|Blastoise, L50, M|
|poke|p1|Delphox, L50, F|
|poke|p2|Grimmsnarl, L50, M|
|poke|p2|Venusaur, L50, F|
|poke|p2|Farigiraf, L50, M|
|poke|p2|Aerodactyl, L50, M|
|poke|p2|Tauros-Paldea-Aqua, L50, M|
|poke|p2|Ninetales-Alola, L50, M|
|teampreview|4
|showteam|p1|Incineroar||SitrusBerry|Intimidate|FakeOut,FlareBlitz,ThroatChop,PartingShot|Impish||M|||50|]Maushold||ChopleBerry|FriendGuard|SuperFang,Feint,FollowMe,Protect|Impish|||||50|]Sinistcha||KasibBerry|Hospitality|MatchaGotcha,LifeDew,RagePowder,Protect|Bold|||||50|]Sneasler||FocusSash|PoisonTouch|FakeOut,CloseCombat,DireClaw,QuickGuard|Jolly||F|||50|]Blastoise||Blastoisinite|RainDish|WaterSpout,DarkPulse,ShellSmash,Protect|Modest||M|||50|]Delphox||Delphoxite|Blaze|HeatWave,Psyshock,NastyPlot,Protect|Timid||F|||50|
|showteam|p2|Grimmsnarl||LightClay|Prankster|LightScreen,Reflect,SpiritBreak,PartingShot|Careful||M|||50|]Venusaur||Venusaurite|Overgrow|GigaDrain,LeechSeed,Protect,SludgeBomb|Bold||F|||50|]Farigiraf||SitrusBerry|ArmorTail|HyperVoice,Protect,TwinBeam,TrickRoom|Quiet||M|||50|]Aerodactyl||FocusSash|RockHead|DualWingbeat,RockSlide,Tailwind,Protect|Jolly||M|||50|]Tauros-Paldea-Aqua||LifeOrb|Intimidate|AquaJet,CloseCombat,RagingBull,Protect|Jolly||M|||50|]Ninetales-Alola||IcyRock|SnowWarning|AuroraVeil,Protect,Blizzard,Encore|Timid||M|||50|
|inactive|Battle timer is ON: inactive players will automatically lose when time's up. (requested by raksbach)
|inactive|raksbach has 60 seconds left.
|inactive|returningto has 60 seconds left.
|
|t:|1782995637
|teamsize|p1|4
|teamsize|p2|4
|start
|switch|p1a: Sneasler|Sneasler, L50, F|100/100
|switch|p1b: Blastoise|Blastoise, L50, M|100/100
|switch|p2a: Farigiraf|Farigiraf, L50, M|100/100
|switch|p2b: Venusaur|Venusaur, L50, F|100/100
|turn|1
|inactive|returningto has 30 seconds left.
|inactive|raksbach has 30 seconds left.
|inactive|returningto has 20 seconds left.
|
|t:|1782995674
|switch|p1a: Incineroar|Incineroar, L50, M|100/100
|-ability|p1a: Incineroar|Intimidate|boost
|-unboost|p2a: Farigiraf|atk|1
|-unboost|p2b: Venusaur|atk|1
|detailschange|p1b: Blastoise|Blastoise-Mega, L50, M
|-mega|p1b: Blastoise|Blastoise|Blastoisinite
|detailschange|p2b: Venusaur|Venusaur-Mega, L50, F
|-mega|p2b: Venusaur|Venusaur|Venusaurite
|move|p1b: Blastoise|Protect|p1b: Blastoise
|-singleturn|p1b: Blastoise|Protect
|move|p2b: Venusaur|Giga Drain|p1b: Blastoise
|-activate|p1b: Blastoise|move: Protect
|move|p2a: Farigiraf|Twin Beam|p1a: Incineroar
|-immune|p1a: Incineroar
|
|upkeep
|turn|2
|inactive|raksbach has 30 seconds left.
|
|t:|1782995707
|switch|p1b: Sneasler|Sneasler, L50, F|100/100
|switch|p2a: Grimmsnarl|Grimmsnarl, L50, M|100/100
|move|p2b: Venusaur|Giga Drain|p1b: Sneasler
|-resisted|p1b: Sneasler|1
|-damage|p1b: Sneasler|79/100
|move|p1a: Incineroar|Throat Chop|p2a: Grimmsnarl
|-resisted|p2a: Grimmsnarl|2
|-damage|p2a: Grimmsnarl|90/100
|-start|p2a: Grimmsnarl|Throat Chop|[silent]
|
|upkeep
|turn|3
|inactive|returningto has 30 seconds left.
|inactive|returningto has 20 seconds left.
|
|t:|1782995746
|move|p2b: Venusaur|Protect|p2b: Venusaur
|-singleturn|p2b: Venusaur|Protect
|move|p2a: Grimmsnarl|Reflect|p2a: Grimmsnarl
|-sidestart|p2: returningto|Reflect
|move|p1b: Sneasler|Dire Claw|p2a: Grimmsnarl
|-supereffective|p2a: Grimmsnarl|1
|-damage|p2a: Grimmsnarl|24/100
|-status|p2a: Grimmsnarl|psn|[from] ability: Poison Touch|[of] p1b: Sneasler
|move|p1a: Incineroar|Flare Blitz|p2a: Grimmsnarl
|-damage|p2a: Grimmsnarl|0 fnt
|faint|p2a: Grimmsnarl
|-damage|p1a: Incineroar|92/100|[from] Recoil
|
|upkeep
|
|t:|1782995759
|switch|p2a: Farigiraf|Farigiraf, L50, M|100/100
|turn|4
|inactive|raksbach has 30 seconds left.
|
|t:|1782995787
|switch|p1b: Maushold|Maushold, L50|100/100
|move|p2a: Farigiraf|Protect|p2a: Farigiraf
|-singleturn|p2a: Farigiraf|Protect
|move|p2b: Venusaur|Leech Seed|p1a: Incineroar
|-start|p1a: Incineroar|move: Leech Seed
|move|p1a: Incineroar|Flare Blitz|p2b: Venusaur
|-supereffective|p2b: Venusaur|1
|-damage|p2b: Venusaur|82/100
|-damage|p1a: Incineroar|86/100|[from] Recoil
|
|-damage|p1a: Incineroar|74/100|[from] Leech Seed|[of] p2b: Venusaur
|-heal|p2b: Venusaur|95/100|[silent]
|upkeep
|turn|5
|
|t:|1782995810
|switch|p1a: Sneasler|Sneasler, L50, F|79/100
|switch|p2a: Aerodactyl|Aerodactyl, L50, M|100/100
|move|p1b: Maushold|Super Fang|p2b: Venusaur
|-damage|p2b: Venusaur|48/100
|move|p2b: Venusaur|Leech Seed|p1b: Maushold|[miss]
|-miss|p2b: Venusaur|p1b: Maushold
|
|upkeep
|turn|6
|inactive|raksbach has 30 seconds left.
|
|t:|1782995836
|switch|p1b: Incineroar|Incineroar, L50, M|74/100
|-ability|p1b: Incineroar|Intimidate|boost
|-unboost|p2a: Aerodactyl|atk|1
|-unboost|p2b: Venusaur|atk|1
|switch|p2b: Farigiraf|Farigiraf, L50, M|100/100
|move|p1a: Sneasler|Fake Out||[still]
|cant|p2b: Farigiraf|ability: Armor Tail|Fake Out|[of] p1a: Sneasler
|move|p2a: Aerodactyl|Dual Wingbeat|p1a: Sneasler
|-supereffective|p1a: Sneasler|1
|-damage|p1a: Sneasler|36/100
|-supereffective|p1a: Sneasler|1
|-damage|p1a: Sneasler|0 fnt
|faint|p1a: Sneasler
|-hitcount|p1: Sneasler|2
|
|upkeep
|
|t:|1782995847
|switch|p1a: Blastoise|Blastoise-Mega, L50, M|100/100
|turn|7
|inactive|returningto has 30 seconds left.
|
|t:|1782995878
|switch|p1b: Maushold|Maushold, L50|100/100
|switch|p2b: Venusaur|Venusaur-Mega, L50, F|48/100
|move|p2a: Aerodactyl|Tailwind|p2a: Aerodactyl
|-sidestart|p2: returningto|move: Tailwind
|move|p1a: Blastoise|Water Spout|p2a: Aerodactyl|[spread] p2a,p2b
|-supereffective|p2a: Aerodactyl|1
|-resisted|p2b: Venusaur|1
|-enditem|p2a: Aerodactyl|Focus Sash
|-damage|p2a: Aerodactyl|1/100
|-damage|p2b: Venusaur|19/100
|
|upkeep
|turn|8
|inactive|returningto has 30 seconds left.
|inactive|raksbach has 30 seconds left.
|inactive|returningto has 20 seconds left.
|inactive|returningto has 15 seconds left.
|
|t:|1782995923
|move|p2b: Venusaur|Protect|p2b: Venusaur
|-singleturn|p2b: Venusaur|Protect
|move|p1a: Blastoise|Protect|p1a: Blastoise
|-singleturn|p1a: Blastoise|Protect
|move|p1b: Maushold|Feint|p2a: Aerodactyl
|-resisted|p2a: Aerodactyl|1
|-damage|p2a: Aerodactyl|0 fnt
|faint|p2a: Aerodactyl
|
|upkeep
|
|t:|1782995931
|switch|p2a: Farigiraf|Farigiraf, L50, M|100/100
|turn|9
|
|t:|1782995954
|switch|p1a: Incineroar|Incineroar, L50, M|74/100
|-ability|p1a: Incineroar|Intimidate|boost
|-unboost|p2a: Farigiraf|atk|1
|-unboost|p2b: Venusaur|atk|1
|move|p2b: Venusaur|Giga Drain|p1a: Incineroar
|-resisted|p1a: Incineroar|1
|-damage|p1a: Incineroar|63/100
|-heal|p2b: Venusaur|25/100|[from] drain|[of] p1a: Incineroar
|move|p2a: Farigiraf|Hyper Voice|p1a: Incineroar|[spread] p1a,p1b
|-damage|p1a: Incineroar|38/100
|-damage|p1b: Maushold|64/100
|-enditem|p1a: Incineroar|Sitrus Berry|[eat]
|-heal|p1a: Incineroar|63/100|[from] item: Sitrus Berry
|move|p1b: Maushold|Super Fang|p2a: Farigiraf
|-damage|p2a: Farigiraf|50/100g
|
|upkeep
|turn|10
|inactive|raksbach has 30 seconds left.
|
|t:|1782995983
|move|p1b: Maushold|Follow Me|p1b: Maushold
|-singleturn|p1b: Maushold|move: Follow Me
|move|p2b: Venusaur|Leech Seed|p1b: Maushold
|-start|p1b: Maushold|move: Leech Seed
|move|p2a: Farigiraf|Hyper Voice|p1b: Maushold|[spread] p1a,p1b
|-damage|p1a: Incineroar|40/100
|-damage|p1b: Maushold|28/100
|move|p1a: Incineroar|Flare Blitz|p2b: Venusaur
|-supereffective|p2b: Venusaur|1
|-damage|p2b: Venusaur|8/100
|-damage|p1a: Incineroar|34/100|[from] Recoil
|
|-damage|p1b: Maushold|16/100|[from] Leech Seed|[of] p2b: Venusaur
|-heal|p2b: Venusaur|19/100|[silent]
|-sideend|p2: returningto|Reflect
|-sideend|p2: returningto|move: Tailwind
|upkeep
|turn|11
|inactive|returningto has 30 seconds left.
|
|t:|1782996008
|switch|p1b: Blastoise|Blastoise-Mega, L50, M|100/100
|move|p2b: Venusaur|Giga Drain|p1b: Blastoise
|-supereffective|p1b: Blastoise|1
|-damage|p1b: Blastoise|38/100
|-heal|p2b: Venusaur|45/100|[from] drain|[of] p1b: Blastoise
|move|p1a: Incineroar|Throat Chop|p2a: Farigiraf
|-supereffective|p2a: Farigiraf|1
|-damage|p2a: Farigiraf|0 fnt
|faint|p2a: Farigiraf
|
|upkeep
|turn|12
|inactive|raksbach has 30 seconds left.
|inactive|returningto has 30 seconds left.
|
|t:|1782996034
|move|p1b: Blastoise|Dark Pulse|p2b: Venusaur
|-damage|p2b: Venusaur|9/100
|move|p2b: Venusaur|Leech Seed|p1a: Incineroar
|-start|p1a: Incineroar|move: Leech Seed
|move|p1a: Incineroar|Flare Blitz|p2b: Venusaur
|-supereffective|p2b: Venusaur|1
|-damage|p2b: Venusaur|0 fnt
|faint|p2b: Venusaur
|-damage|p1a: Incineroar|31/100|[from] Recoil
|
|win|raksbach
|raw|raksbach's rating: 1181 → 1199(+18 for winning)
|raw|returningto's rating: 1085 → 1068(-17 for losing)
