|j|☆RaseC_MF
|j|☆amp ib
|html|RaseC_MFamp ib    
|uhtml|bestof|Game 1 of a best-of-3
|t:|1783005254
|gametype|doubles
|player|p1|RaseC_MF|ghetsis-gen5bw|
|player|p2|amp ib|roxanne|
|gen|9
|tier|[Gen 9 Champions] VGC 2026 Reg M-B (Bo3)
|rule|Species Clause: Limit one of each Pokémon
|rule|Item Clause: Limit 1 of each item
|clearpoke
|poke|p1|Charizard, L50, F|
|poke|p1|Aerodactyl, L50, M|
|poke|p1|Aegislash, L50, F|
|poke|p1|Liepard, L50, F|
|poke|p1|Rotom-Heat, L50|
|poke|p1|Milotic, L50, M|
|poke|p2|Gengar, L50, M|
|poke|p2|Incineroar, L50, F|
|poke|p2|Ninetales-Alola, L50, F|
|poke|p2|Kommo-o, L50, F|
|poke|p2|Metagross, L50|
|poke|p2|Maushold, L50|
|teampreview|4
|showteam|p1|Charizard||CharizarditeY|Blaze|Protect,HeatWave,Flamethrower,SolarBeam|Timid||F|||50|]Aerodactyl||WideLens|Unnerve|RockSlide,DualWingbeat,Tailwind,Protect|Jolly||M|||50|]Aegislash||SitrusBerry|StanceChange|KingsShield,IronHead,CloseCombat,ShadowSneak|Adamant||F|||50|]Liepard||FocusSash|Prankster|Encore,FakeOut,ThunderWave,KnockOff|Jolly||F|||50|]Rotom-Heat||ChoiceScarf|Levitate|Overheat,Discharge,VoltSwitch,Trick|Timid|||||50|]Milotic||Leftovers|Competitive|Scald,Recover,Protect,AlluringVoice|Bold||M|||50|
|showteam|p2|Gengar||Gengarite|CursedBody|SludgeBomb,Thunderbolt,Protect,Disable|Timid||M|||50|]Incineroar||ZoomLens|Intimidate|FakeOut,PartingShot,Snarl,FlareBlitz|Careful||F|||50|]Ninetales-Alola||LightClay|SnowWarning|IcyWind,AuroraVeil,FreezeDry,HelpingHand|Timid||F|||50|]Kommo-o||LumBerry|Soundproof|ClangorousSoul,ClangingScales,Flamethrower,Protect|Modest||F|||50|]Metagross||ExpertBelt|ClearBody|IronHead,BulletPunch,RockSlide,Protect|Adamant|||||50|]Maushold||FocusSash|FriendGuard|ThunderWave,SuperFang,Protect,FollowMe|Timid|||||50|
|c|☆amp ib|lets do same leads
|c|☆RaseC_MF|why is it open sheet
|c|☆RaseC_MF|well im not looking at it
|c|☆amp ib|oh ok im not lookijng either
|c|☆RaseC_MF|okay
|c|☆RaseC_MF|ty
|
|t:|1783005292
|teamsize|p1|4
|teamsize|p2|4
|start
|switch|p1a: Charizard|Charizard, L50, F|100/100
|switch|p1b: Aerodactyl|Aerodactyl, L50, M|100/100
|switch|p2a: Gengar|Gengar, L50, M|100/100
|switch|p2b: Incineroar|Incineroar, L50, F|100/100
|-ability|p1b: Aerodactyl|Unnerve
|-ability|p2b: Incineroar|Intimidate|boost
|-unboost|p1a: Charizard|atk|1
|-unboost|p1b: Aerodactyl|atk|1
|turn|1
|c|☆amp ib|it shows anyway lmao when youre checking your status
|c|☆RaseC_MF|lmao
|c|☆RaseC_MF|wanna ff or is it good w you?
|j| Flygon94
|c|☆RaseC_MF|this is so silly
|c|☆RaseC_MF|HAHAHAHAHA
|c|☆amp ib|im game for whatever
|c|☆RaseC_MF|okay, lets do it anyways
|
|t:|1783005397
|switch|p1b: Rotom|Rotom-Heat, L50|100/100
|detailschange|p2a: Gengar|Gengar-Mega, L50, M
|-mega|p2a: Gengar|Gengar|Gengarite
|detailschange|p1a: Charizard|Charizard-Mega-Y, L50, F
|-mega|p1a: Charizard|Charizard|Charizardite Y
|-weather|SunnyDay|[from] ability: Drought|[of] p1a: Charizard
|move|p1a: Charizard|Protect|p1a: Charizard
|-singleturn|p1a: Charizard|Protect
|move|p2b: Incineroar|Fake Out|p1b: Rotom
|-damage|p1b: Rotom|85/100
|move|p2a: Gengar|Thunderbolt|p1a: Charizard
|-activate|p1a: Charizard|move: Protect
|
|-weather|SunnyDay|[upkeep]
|upkeep
|turn|2
|c|☆RaseC_MF|im not going to check anything about your team
|
|t:|1783005421
|move|p2a: Gengar|Protect|p2a: Gengar
|-singleturn|p2a: Gengar|Protect
|move|p1b: Rotom|Trick|p2b: Incineroar
|-activate|p1b: Rotom|move: Trick|[of] p2b: Incineroar
|-item|p2b: Incineroar|Choice Scarf|[from] move: Trick
|-item|p1b: Rotom|Zoom Lens|[from] move: Trick
|move|p1a: Charizard|Flamethrower|p2a: Gengar
|-activate|p2a: Gengar|move: Protect
|move|p2b: Incineroar|Snarl|p1b: Rotom|[spread] p1a,p1b
|-damage|p1a: Charizard|89/100
|-damage|p1b: Rotom|68/100
|-unboost|p1a: Charizard|spa|1
|-unboost|p1b: Rotom|spa|1
|
|-weather|SunnyDay|[upkeep]
|upkeep
|turn|3
|
|t:|1783005446
|move|p2a: Gengar|Thunderbolt|p1a: Charizard
|-supereffective|p1a: Charizard|1
|-damage|p1a: Charizard|5/100
|move|p1a: Charizard|Flamethrower|p2a: Gengar
|-damage|p2a: Gengar|21/100
|move|p1b: Rotom|Volt Switch|p2a: Gengar
|-damage|p2a: Gengar|0 fnt
|faint|p2a: Gengar
|
|t:|1783005458
|switch|p1b: Aegislash|Aegislash, L50, F|100/100|[from] Volt Switch
|move|p2b: Incineroar|Snarl|p1a: Charizard|[spread] p1a,p1b
|-supereffective|p1b: Aegislash|1
|-damage|p1a: Charizard|0 fnt
|-damage|p1b: Aegislash|82/100
|-unboost|p1b: Aegislash|spa|1
|faint|p1a: Charizard
|
|-weather|SunnyDay|[upkeep]
|upkeep
|
|t:|1783005473
|switch|p2a: Maushold|Maushold, L50|100/100
|switch|p1a: Rotom|Rotom-Heat, L50|68/100
|turn|4
|
|t:|1783005498
|move|p1b: Aegislash|King's Shield|p1b: Aegislash
|-singleturn|p1b: Aegislash|Protect
|move|p2a: Maushold|Thunder Wave|p1b: Aegislash
|-status|p1b: Aegislash|par
|move|p1a: Rotom|Discharge|p2b: Incineroar|[spread] p2a,p2b
|-activate|p1b: Aegislash|move: Protect
|-damage|p2a: Maushold|69/100
|-damage|p2b: Incineroar|86/100
|-status|p2a: Maushold|par
|move|p2b: Incineroar|Snarl|p1b: Aegislash|[spread] p1a
|-activate|p1b: Aegislash|move: Protect
|-damage|p1a: Rotom|51/100
|-unboost|p1a: Rotom|spa|1
|
|-weather|SunnyDay|[upkeep]
|upkeep
|turn|5
|
|t:|1783005527
|switch|p2b: Kommo-o|Kommo-o, L50, F|100/100
|cant|p2a: Maushold|par
|move|p1a: Rotom|Volt Switch|p2a: Maushold
|-damage|p2a: Maushold|47/100 par
|
|t:|1783005534
|switch|p1a: Aerodactyl|Aerodactyl, L50, M|100/100|[from] Volt Switch
|-ability|p1a: Aerodactyl|Unnerve
|-formechange|p1b: Aegislash|Aegislash-Blade|
|move|p1b: Aegislash|Close Combat|p2b: Kommo-o
|-damage|p2b: Kommo-o|70/100
|-unboost|p1b: Aegislash|def|1
|-unboost|p1b: Aegislash|spd|1
|
|-weather|none
|upkeep
|turn|6
|
|t:|1783005543
|-formechange|p1b: Aegislash|Aegislash|
|move|p1b: Aegislash|King's Shield|p1b: Aegislash
|-singleturn|p1b: Aegislash|Protect
|move|p2a: Maushold|Follow Me|p2a: Maushold
|-singleturn|p2a: Maushold|move: Follow Me
|move|p1a: Aerodactyl|Dual Wingbeat|p2a: Maushold
|-crit|p2a: Maushold
|-damage|p2a: Maushold|11/100 par
|-damage|p2a: Maushold|0 fnt
|faint|p2a: Maushold
|-hitcount|p2: Maushold|2
|move|p2b: Kommo-o|Clangorous Soul|p2b: Kommo-o
|-boost|p2b: Kommo-o|atk|1
|-boost|p2b: Kommo-o|def|1
|-boost|p2b: Kommo-o|spa|1
|-boost|p2b: Kommo-o|spd|1
|-boost|p2b: Kommo-o|spe|1
|-damage|p2b: Kommo-o|37/100
|
|upkeep
|
|t:|1783005550
|switch|p2a: Incineroar|Incineroar, L50, F|86/100
|-ability|p2a: Incineroar|Intimidate|boost
|-unboost|p1a: Aerodactyl|atk|1
|-unboost|p1b: Aegislash|atk|1
|turn|7
|
|t:|1783005596
|move|p2b: Kommo-o|Protect|p2b: Kommo-o
|-singleturn|p2b: Kommo-o|Protect
|move|p1a: Aerodactyl|Dual Wingbeat|p2b: Kommo-o
|-activate|p2b: Kommo-o|move: Protect
|move|p2a: Incineroar|Flare Blitz|p1a: Aerodactyl
|-resisted|p1a: Aerodactyl|1
|-damage|p1a: Aerodactyl|62/100
|-damage|p2a: Incineroar|77/100|[from] Recoil
|-formechange|p1b: Aegislash|Aegislash-Blade|
|move|p1b: Aegislash|Close Combat|p2b: Kommo-o
|-activate|p2b: Kommo-o|move: Protect
|
|upkeep
|turn|8
|
|t:|1783005625
|move|p1a: Aerodactyl|Dual Wingbeat|p2b: Kommo-o
|-supereffective|p2b: Kommo-o|1
|-damage|p2b: Kommo-o|23/100
|-supereffective|p2b: Kommo-o|1
|-damage|p2b: Kommo-o|9/100
|-hitcount|p2b: Kommo-o|2
|move|p2b: Kommo-o|Clanging Scales|p1b: Aegislash|[spread] p1a,p1b
|-resisted|p1b: Aegislash|1
|-damage|p1a: Aerodactyl|0 fnt
|-damage|p1b: Aegislash|1/100 par
|-enditem|p1b: Aegislash|Sitrus Berry|[eat]
|-heal|p1b: Aegislash|25/100 par|[from] item: Sitrus Berry
|faint|p1a: Aerodactyl
|-unboost|p2b: Kommo-o|def|1
|move|p2a: Incineroar|Flare Blitz|p1b: Aegislash
|-supereffective|p1b: Aegislash|1
|-damage|p1b: Aegislash|0 fnt
|faint|p1b: Aegislash
|-damage|p2a: Incineroar|70/100|[from] Recoil
|
|upkeep
|
|t:|1783005640
|switch|p1b: Rotom|Rotom-Heat, L50|51/100
|turn|9
|
|t:|1783005646
|move|p2b: Kommo-o|Clanging Scales|p1b: Rotom
|-damage|p1b: Rotom|0 fnt
|faint|p1b: Rotom
|
|win|amp ib
||RaseC_MF is ready for game 2.
||amp ib is ready for game 2.
|uhtml|next|Next: Game 2 of 3
|l| Flygon94
|l|☆RaseC_MF
|player|p1|
|j|☆RaseC_MF
|player|p1|RaseC_MF|ghetsis-gen5bw|
