|j|☆frost1810
|j|☆Blake_the_Snake
|html|frost1810Blake_the_Snake    
|uhtml|bestof|Game 2 of a best-of-3
|t:|1782211342
|gametype|doubles
|player|p1|frost1810|drayden|
|player|p2|Blake_the_Snake|byron|
|gen|9
|tier|[Gen 9 Champions] VGC 2026 Reg M-B (Bo3)
|rule|Species Clause: Limit one of each Pokémon
|rule|Item Clause: Limit 1 of each item
|clearpoke
|poke|p1|Pyroar, L50, M|
|poke|p1|Whimsicott, L50, M|
|poke|p1|Ninetales, L50, M|
|poke|p1|Farigiraf, L50, M|
|poke|p1|Basculegion, L50, M|
|poke|p1|Floette-Eternal, L50, F|
|poke|p2|Pyroar, L50, F|
|poke|p2|Ninetales, L50, M|
|poke|p2|Whimsicott, L50, F|
|poke|p2|Froslass, L50, F|
|poke|p2|Grimmsnarl, L50, M|
|poke|p2|Farigiraf, L50, F|
|teampreview|4
|showteam|p1|Pyroar||Pyroarite|Unnerve|Protect,HeatWave,SolarBeam,Overheat|Timid||M|||50|]Whimsicott||FocusSash|Prankster|Protect,SunnyDay,Moonblast,Tailwind|Timid||M|||50|]Ninetales||ChoiceScarf|Drought|FakeTears,SolarBeam,HeatWave,Overheat|Modest||M|||50|]Farigiraf||SitrusBerry|ArmorTail|Protect,TrickRoom,TwinBeam,Thunderbolt|Bold||M|||50|]Basculegion||LifeOrb|Adaptability|Protect,AquaJet,WaveCrash,LastRespects|Adamant||M|||50|]Floette-Eternal||Floettite|FlowerVeil|Protect,LightofRuin,Moonblast,DazzlingGleam|Modest||F|||50|
|showteam|p2|Pyroar||Pyroarite|Unnerve|HeatWave,HyperVoice,SolarBeam,Protect|Timid||F|||50|]Ninetales||ChoiceScarf|Drought|Overheat,SunnyDay,SolarBeam,HeatWave|Timid||M|||50|]Whimsicott||FocusSash|Prankster|Tailwind,Moonblast,SunnyDay,Encore|Modest||F|||50|]Froslass||Froslassite|CursedBody|Blizzard,AuroraVeil,ShadowBall,Protect|Modest||F|||50|]Grimmsnarl||LightClay|Prankster|FakeOut,LightScreen,Reflect,FoulPlay|Careful||M|||50|]Farigiraf||SitrusBerry|ArmorTail|TwinBeam,HelpingHand,HyperVoice,Protect|Modest||F|||50|
|inactive|Battle timer is ON: inactive players will automatically lose when time's up. (requested by Blake_the_Snake)
|inactive|frost1810 also wants the timer to be on.
|inactive|frost1810 has 60 seconds left.
|
|t:|1782211388
|teamsize|p1|4
|teamsize|p2|4
|start
|switch|p1a: Farigiraf|Farigiraf, L50, M|100/100
|switch|p1b: Floette|Floette-Eternal, L50, F|100/100
|switch|p2a: Froslass|Froslass, L50, F|100/100
|switch|p2b: Grimmsnarl|Grimmsnarl, L50, M|100/100
|turn|1
|inactive|frost1810 has 30 seconds left.
|
|t:|1782211414
|detailschange|p2a: Froslass|Froslass-Mega, L50, F
|-mega|p2a: Froslass|Froslass|Froslassite
|-weather|Snowscape|[from] ability: Snow Warning|[of] p2a: Froslass
|detailschange|p1b: Floette|Floette-Mega, L50, F
|-mega|p1b: Floette|Floette|Floettite
|-ability|p1b: Floette|Fairy Aura
|move|p2b: Grimmsnarl|Light Screen|p2b: Grimmsnarl
|-sidestart|p2: Blake_the_Snake|move: Light Screen
|move|p2a: Froslass|Blizzard|p1b: Floette|[spread] p1a,p1b
|-damage|p1a: Farigiraf|58/100
|-damage|p1b: Floette|59/100
|move|p1b: Floette|Dazzling Gleam|p2b: Grimmsnarl|[spread] p2a,p2b
|-supereffective|p2b: Grimmsnarl|1
|-damage|p2a: Froslass|55/100
|-damage|p2b: Grimmsnarl|51/100
|move|p1a: Farigiraf|Trick Room|p1a: Farigiraf
|-fieldstart|move: Trick Room|[of] p1a: Farigiraf
|
|-weather|Snowscape|[upkeep]
|upkeep
|turn|2
|inactive|Blake_the_Snake has 30 seconds left.
|
|t:|1782211444
|move|p2b: Grimmsnarl|Foul Play|p1a: Farigiraf
|-supereffective|p1a: Farigiraf|1
|-damage|p1a: Farigiraf|8/100
|-enditem|p1a: Farigiraf|Sitrus Berry|[eat]
|-heal|p1a: Farigiraf|33/100|[from] item: Sitrus Berry
|move|p1a: Farigiraf|Twin Beam|p2a: Froslass
|-damage|p2a: Froslass|42/100
|-damage|p2a: Froslass|30/100
|-hitcount|p2a: Froslass|2
|move|p1b: Floette|Dazzling Gleam|p2b: Grimmsnarl|[spread] p2a,p2b
|-supereffective|p2b: Grimmsnarl|1
|-damage|p2a: Froslass|0 fnt
|-damage|p2b: Grimmsnarl|0 fnt
|faint|p2a: Froslass
|faint|p2b: Grimmsnarl
|
|-weather|Snowscape|[upkeep]
|upkeep
|inactive|Blake_the_Snake has 30 seconds left.
|inactive|frost1810 no longer wants the timer on, but the timer is staying on because blakethesnake still does.
|
|t:|1782211474
|switch|p2b: Farigiraf|Farigiraf, L50, F|100/100
|switch|p2a: Whimsicott|Whimsicott, L50, F|100/100
|turn|3
|inactiveoff|Battle timer is now OFF.
|
|t:|1782211491
|move|p2b: Farigiraf|Hyper Voice|p1b: Floette|[spread] p1a,p1b
|-damage|p1a: Farigiraf|7/100
|-damage|p1b: Floette|35/100
|move|p1a: Farigiraf|Twin Beam|p2a: Whimsicott
|-damage|p2a: Whimsicott|85/100
|-damage|p2a: Whimsicott|71/100
|-hitcount|p2a: Whimsicott|2
|move|p2a: Whimsicott|Moonblast|p1b: Floette
|-damage|p1b: Floette|0 fnt
|faint|p1b: Floette
|
|-weather|Snowscape|[upkeep]
|upkeep
|
|t:|1782211507
|switch|p1b: Whimsicott|Whimsicott, L50, M|100/100
|turn|4
|
|t:|1782211520
|move|p1a: Farigiraf|Protect|p1a: Farigiraf
|-singleturn|p1a: Farigiraf|Protect
|move|p2b: Farigiraf|Hyper Voice|p1a: Farigiraf|[spread] p1b
|-activate|p1a: Farigiraf|move: Protect
|-damage|p1b: Whimsicott|51/100
|move|p2a: Whimsicott|Moonblast|p1b: Whimsicott
|-damage|p1b: Whimsicott|0 fnt
|faint|p1b: Whimsicott
|
|-weather|Snowscape|[upkeep]
|upkeep
|
|t:|1782211530
|switch|p1b: Basculegion|Basculegion, L50, M|100/100
|turn|5
|
|t:|1782211538
|move|p2b: Farigiraf|Hyper Voice|p1a: Farigiraf|[spread] p1a
|-immune|p1b: Basculegion
|-damage|p1a: Farigiraf|0 fnt
|faint|p1a: Farigiraf
|move|p1b: Basculegion|Wave Crash|p2b: Farigiraf
|-damage|p2b: Farigiraf|0 fnt
|faint|p2b: Farigiraf
|-damage|p1b: Basculegion|65/100|[from] Recoil
|-damage|p1b: Basculegion|56/100|[from] item: Life Orb
|move|p2a: Whimsicott|Moonblast|p1b: Basculegion
|-damage|p1b: Basculegion|20/100y
|
|-weather|none
|-fieldend|move: Trick Room
|upkeep
|turn|6
|
|t:|1782211565
|move|p2a: Whimsicott|Moonblast|p1b: Basculegion
|-damage|p1b: Basculegion|0 fnt
|faint|p1b: Basculegion
|
|win|Blake_the_Snake
||frost1810 is ready for game 3.
|inactive|Blake_the_Snake has 30 seconds to confirm battle start!
||Blake_the_Snake is ready for game 3.
|uhtml|next|Next: Game 3 of 3
|j| SoupForSale
|l| SoupForSale
