|j|☆kememe
|j|☆benjitulio
|html|kememebenjitulio    
|uhtml|bestof|Game 2 of a best-of-3
|t:|1783211384
|gametype|doubles
|player|p1|kememe|crasherwake|1060
|player|p2|benjitulio|wattson|1051
|gen|9
|tier|[Gen 9 Champions] VGC 2026 Reg M-B (Bo3)
|rated|
|rule|Species Clause: Limit one of each Pokémon
|rule|Item Clause: Limit 1 of each item
|clearpoke
|poke|p1|Politoed, L50, F|
|poke|p1|Whimsicott, L50, M|
|poke|p1|Archaludon, L50, M|
|poke|p1|Scolipede, L50, M|
|poke|p1|Heracross, L50, F|
|poke|p1|Sinistcha, L50|
|poke|p2|Maushold-Four, L50|
|poke|p2|Incineroar, L50, M|
|poke|p2|Metagross, L50|
|poke|p2|Aerodactyl, L50, F|
|poke|p2|Primarina, L50, M|
|poke|p2|Sinistcha, L50|
|teampreview|4
|showteam|p1|Politoed||Leftovers|Drizzle|Haze,Protect,ChillingWater,WeatherBall|Modest||F|||50|]Whimsicott||FocusSash|Prankster|EnergyBall,Protect,Tailwind,Taunt|Modest||M|||50|]Archaludon||ShucaBerry|Stamina|DragonPulse,ElectroShot,Protect,FlashCannon|Modest||M|||50|]Scolipede||Scolipite|SpeedBoost|LeechLife,PoisonJab,BatonPass,Protect|Adamant||M|||50|]Heracross||Heracronite|Guts|PinMissile,RockBlast,Protect,CloseCombat|Adamant||F|||50|]Sinistcha||SitrusBerry|Hospitality|MatchaGotcha,Protect,RagePowder,LifeDew|Modest|||||50|
|showteam|p2|Maushold-Four||FocusSash|FriendGuard|FollowMe,RainDance,PopulationBomb,SuperFang|Jolly|||||50|]Incineroar||ChopleBerry|Intimidate|FakeOut,FlareBlitz,PartingShot,DarkestLariat|Impish||M|||50|]Metagross||Metagrossite|ClearBody|IronHead,Protect,PsychicFangs,Earthquake|Adamant|||||50|]Aerodactyl||FocusBand|Unnerve|RockSlide,Protect,Tailwind,IceFang|Jolly||F|||50|]Primarina||ChoiceScarf|LiquidVoice|HyperVoice,HydroPump,IcyWind,Moonblast|Modest||M|||50|]Sinistcha||Leftovers|Hospitality|MatchaGotcha,LifeDew,ShadowBall,RagePowder|Calm|||||50|
|
|t:|1783211403
|teamsize|p1|4
|teamsize|p2|4
|start
|switch|p1a: Heracross|Heracross, L50, F|100/100
|switch|p1b: Archaludon|Archaludon, L50, M|100/100
|switch|p2a: Primarina|Primarina, L50, M|100/100
|switch|p2b: Maushold|Maushold-Four, L50|100/100
|turn|1
|
|t:|1783211418
|move|p2b: Maushold|Super Fang|p1b: Archaludon|[miss]
|-miss|p2b: Maushold|p1b: Archaludon
|move|p2a: Primarina|Moonblast|p1a: Heracross
|-supereffective|p1a: Heracross|1
|-damage|p1a: Heracross|0 fnt
|faint|p1a: Heracross
|move|p1b: Archaludon|Flash Cannon|p2a: Primarina
|-damage|p2a: Primarina|66/100
|
|upkeep
|
|t:|1783211426
|switch|p1a: Whimsicott|Whimsicott, L50, M|100/100
|turn|2
|
|t:|1783211435
|move|p1a: Whimsicott|Taunt|p2b: Maushold
|-start|p2b: Maushold|move: Taunt
|move|p2b: Maushold|Population Bomb|p1a: Whimsicott
|-damage|p1a: Whimsicott|88/100
|-hitcount|p1a: Whimsicott|1
|move|p2a: Primarina|Moonblast|p1b: Archaludon
|-damage|p1b: Archaludon|40/100
|-ability|p1b: Archaludon|Stamina|boost
|-boost|p1b: Archaludon|def|1
|move|p1b: Archaludon|Electro Shot||[still]
|-prepare|p1b: Archaludon|Electro Shot
|-boost|p1b: Archaludon|spa|1
|
|upkeep
|turn|3
|
|t:|1783211450
|move|p1a: Whimsicott|Tailwind|p1a: Whimsicott
|-sidestart|p1: kememe|move: Tailwind
|move|p1b: Archaludon|Electro Shot|p2a: Primarina|[from] lockedmove
|-supereffective|p2a: Primarina|1
|-damage|p2a: Primarina|0 fnt
|faint|p2a: Primarina
|move|p2b: Maushold|Population Bomb|p1a: Whimsicott
|-damage|p1a: Whimsicott|77/100
|-damage|p1a: Whimsicott|66/100
|-damage|p1a: Whimsicott|55/100
|-damage|p1a: Whimsicott|43/100
|-damage|p1a: Whimsicott|32/100
|-damage|p1a: Whimsicott|20/100y
|-damage|p1a: Whimsicott|9/100
|-damage|p1a: Whimsicott|0 fnt
|faint|p1a: Whimsicott
|-hitcount|p1: Whimsicott|8
|
|upkeep
|
|t:|1783211472
|switch|p1a: Scolipede|Scolipede, L50, M|100/100
|switch|p2a: Metagross|Metagross, L50|100/100
|turn|4
|
|t:|1783211485
|detailschange|p1a: Scolipede|Scolipede-Mega, L50, M
|-mega|p1a: Scolipede|Scolipede|Scolipite
|detailschange|p2a: Metagross|Metagross-Mega, L50
|-mega|p2a: Metagross|Metagross|Metagrossite
|move|p1b: Archaludon|Electro Shot||[still]
|-prepare|p1b: Archaludon|Electro Shot
|-boost|p1b: Archaludon|spa|1
|move|p2b: Maushold|Super Fang|p1b: Archaludon
|-damage|p1b: Archaludon|20/100r
|-ability|p1b: Archaludon|Stamina|boost
|-boost|p1b: Archaludon|def|1
|move|p1a: Scolipede|Leech Life|p2a: Metagross
|-damage|p2a: Metagross|70/100
|move|p2a: Metagross|Psychic Fangs|p1a: Scolipede
|-supereffective|p1a: Scolipede|1
|-damage|p1a: Scolipede|0 fnt
|faint|p1a: Scolipede
|
|-end|p2b: Maushold|move: Taunt
|upkeep
|turn|5
|
|t:|1783211501
|move|p1b: Archaludon|Electro Shot|p2a: Metagross|[from] lockedmove
|-damage|p2a: Metagross|0 fnt
|faint|p2a: Metagross
|move|p2b: Maushold|Super Fang|p1b: Archaludon
|-damage|p1b: Archaludon|10/100
|-ability|p1b: Archaludon|Stamina|boost
|-boost|p1b: Archaludon|def|1
|
|upkeep
|
|t:|1783211504
|switch|p2a: Sinistcha|Sinistcha, L50|100/100
|turn|6
|
|t:|1783211514
|move|p1b: Archaludon|Dragon Pulse|p2a: Sinistcha
|-damage|p2a: Sinistcha|36/100
|move|p2b: Maushold|Population Bomb|p1b: Archaludon|[miss]
|-miss|p2b: Maushold|p1b: Archaludon
|move|p2a: Sinistcha|Shadow Ball|p1b: Archaludon
|-damage|p1b: Archaludon|0 fnt
|faint|p1b: Archaludon
|
|win|benjitulio
|raw|kememe's rating: 1060 → 1041(-19 for losing)
|raw|benjitulio's rating: 1051 → 1084(+33 for winning)
