|j|☆KLAKLE
|j|☆Keith Jones
|html|KLAKLEKeith Jones    
|uhtml|bestof|Game 1 of a best-of-3
|t:|1783597958
|gametype|doubles
|player|p1|KLAKLE|maylene|1190
|player|p2|Keith Jones|benga|1302
|gen|9
|tier|[Gen 9 Champions] VGC 2026 Reg M-B (Bo3)
|rated|
|rule|Species Clause: Limit one of each Pokémon
|rule|Item Clause: Limit 1 of each item
|clearpoke
|poke|p1|Sylveon, L50, M|
|poke|p1|Charizard, L50, M|
|poke|p1|Incineroar, L50, F|
|poke|p1|Garchomp, L50, F|
|poke|p1|Kingambit, L50, F|
|poke|p1|Basculegion, L50, M|
|poke|p2|Vivillon, L50, F|
|poke|p2|Farigiraf, L50, M|
|poke|p2|Espathra, L50, F|
|poke|p2|Floette-Eternal, L50, F|
|poke|p2|Sneasler, L50, F|
|poke|p2|Sinistcha, L50|
|teampreview|4
|showteam|p1|Sylveon||FairyFeather|Pixilate|Detect,QuickAttack,HyperBeam,HyperVoice|Modest||M|||50|]Charizard||CharizarditeY|SolarPower|Protect,SolarBeam,HeatWave,WeatherBall|Modest||M|||50|]Incineroar||SitrusBerry|Intimidate|FakeOut,WillOWisp,DarkestLariat,PartingShot|Impish||F|||50|]Garchomp||LifeOrb|RoughSkin|RockSlide,DragonClaw,Protect,Earthquake|Jolly||F|||50|]Kingambit||FocusSash|Defiant|SuckerPunch,KowtowCleave,LowKick,IronHead|Adamant||F|||50|]Basculegion||ChoiceScarf|Adaptability|AquaJet,WaveCrash,FlipTurn,LastRespects|Jolly||M|||50|
|showteam|p2|Vivillon||ChoiceScarf|CompoundEyes|SleepPowder,Hurricane,PollenPuff,Tailwind|Timid||F|||50|]Farigiraf||ColburBerry|ArmorTail|Psychic,Thunderbolt,HelpingHand,AllySwitch|Bold||M|||50|]Espathra||SitrusBerry|SpeedBoost|LuminaCrash,CalmMind,BatonPass,Protect|Timid||F|||50|]Floette-Eternal||Floettite|FlowerVeil|Moonblast,DazzlingGleam,DrainingKiss,Protect|Bold||F|||50|]Sneasler||FocusSash|PoisonTouch|DireClaw,CloseCombat,FakeOut,QuickGuard|Jolly||F|||50|]Sinistcha||KasibBerry|Hospitality|MatchaGotcha,RagePowder,TrickRoom,LifeDew|Bold|||||50|
|inactive|Battle timer is ON: inactive players will automatically lose when time's up. (requested by KLAKLE)
|
|t:|1783597989
|teamsize|p1|4
|teamsize|p2|4
|start
|switch|p1a: Charizard|Charizard, L50, M|100/100
|switch|p1b: Basculegion|Basculegion, L50, M|100/100
|switch|p2a: Espathra|Espathra, L50, F|100/100
|switch|p2b: Sneasler|Sneasler, L50, F|100/100
|turn|1
|
|t:|1783598000
|detailschange|p1a: Charizard|Charizard-Mega-Y, L50, M
|-mega|p1a: Charizard|Charizard|Charizardite Y
|-weather|SunnyDay|[from] ability: Drought|[of] p1a: Charizard
|move|p2b: Sneasler|Fake Out|p1a: Charizard
|-damage|p1a: Charizard|86/100
|move|p1b: Basculegion|Flip Turn|p2b: Sneasler
|-damage|p2b: Sneasler|66/100
|
|t:|1783598009
|switch|p1b: Kingambit|Kingambit, L50, F|100/100|[from] Flip Turn
|move|p2a: Espathra|Calm Mind|p2a: Espathra
|-boost|p2a: Espathra|spa|1
|-boost|p2a: Espathra|spd|1
|cant|p1a: Charizard|flinch
|
|-weather|SunnyDay|[upkeep]
|-ability|p2a: Espathra|Speed Boost|boost
|-boost|p2a: Espathra|spe|1
|upkeep
|turn|2
|
|t:|1783598020
|move|p2a: Espathra|Protect|p2a: Espathra
|-singleturn|p2a: Espathra|Protect
|move|p2b: Sneasler|Close Combat|p1b: Kingambit
|-supereffective|p1b: Kingambit|2
|-enditem|p1b: Kingambit|Focus Sash
|-damage|p1b: Kingambit|1/100
|-unboost|p2b: Sneasler|def|1
|-unboost|p2b: Sneasler|spd|1
|move|p1a: Charizard|Heat Wave|p2b: Sneasler|[spread] p2b
|-activate|p2a: Espathra|move: Protect
|-damage|p2b: Sneasler|0 fnt
|faint|p2b: Sneasler
|move|p1b: Kingambit|Kowtow Cleave|p2a: Espathra
|-activate|p2a: Espathra|move: Protect
|
|-weather|SunnyDay|[upkeep]
|-ability|p2a: Espathra|Speed Boost|boost
|-boost|p2a: Espathra|spe|1
|upkeep
|
|t:|1783598032
|switch|p2b: Vivillon|Vivillon, L50, F|100/100
|turn|3
|
|t:|1783598037
|move|p1b: Kingambit|Sucker Punch||[still]
|-fail|p1b: Kingambit
|move|p2a: Espathra|Baton Pass|p2a: Espathra
|
|t:|1783598041
|switch|p2a: Floette|Floette-Eternal, L50, F|100/100|[from] Baton Pass
|move|p2b: Vivillon|Sleep Powder|p1a: Charizard
|-status|p1a: Charizard|slp|[from] move: Sleep Powder
|cant|p1a: Charizard|slp
|
|-weather|SunnyDay|[upkeep]
|upkeep
|turn|4
|
|t:|1783598056
|detailschange|p2a: Floette|Floette-Mega, L50, F
|-mega|p2a: Floette|Floette|Floettite
|-ability|p2a: Floette|Fairy Aura
|move|p1b: Kingambit|Sucker Punch||[still]
|-fail|p1b: Kingambit
|move|p2a: Floette|Dazzling Gleam|p1b: Kingambit|[spread] p1a,p1b
|-resisted|p1a: Charizard|1
|-damage|p1a: Charizard|57/100 slp
|-damage|p1b: Kingambit|0 fnt
|faint|p1b: Kingambit
|move|p2b: Vivillon|Sleep Powder|p1a: Charizard
|-fail|p1a: Charizard|slp
|-curestatus|p1a: Charizard|slp|[msg]
|move|p1a: Charizard|Heat Wave|p2a: Floette|[spread] p2a
|-miss|p1a: Charizard|p2b: Vivillon
|-damage|p2a: Floette|67/100
|
|-weather|SunnyDay|[upkeep]
|upkeep
|
|t:|1783598067
|switch|p1b: Sylveon|Sylveon, L50, M|100/100
|turn|5
|
|t:|1783598082
|move|p2a: Floette|Draining Kiss|p1b: Sylveon
|-damage|p1b: Sylveon|54/100
|-heal|p2a: Floette|100/100|[from] drain|[of] p1b: Sylveon
|move|p2b: Vivillon|Sleep Powder|p1a: Charizard
|-status|p1a: Charizard|slp|[from] move: Sleep Powder
|cant|p1a: Charizard|slp
|move|p1b: Sylveon|Hyper Voice|p2a: Floette|[spread] p2a,p2b
|-damage|p2a: Floette|71/100
|-damage|p2b: Vivillon|0 fnt
|faint|p2b: Vivillon
|
|-weather|none
|upkeep
|
|t:|1783598085
|switch|p2b: Espathra|Espathra, L50, F|100/100
|turn|6
|
|t:|1783598098
|switch|p1a: Basculegion|Basculegion, L50, M|100/100
|move|p2a: Floette|Dazzling Gleam|p1a: Basculegion|[spread] p1a,p1b
|-damage|p1a: Basculegion|36/100
|-damage|p1b: Sylveon|4/100
|move|p2b: Espathra|Lumina Crash|p1a: Basculegion
|-damage|p1a: Basculegion|1/100
|-unboost|p1a: Basculegion|spd|2
|move|p1b: Sylveon|Hyper Voice|p2b: Espathra|[spread] p2a,p2b
|-damage|p2a: Floette|41/100
|-damage|p2b: Espathra|13/100
|-enditem|p2b: Espathra|Sitrus Berry|[eat]
|-heal|p2b: Espathra|38/100|[from] item: Sitrus Berry
|
|-ability|p2b: Espathra|Speed Boost|boost
|-boost|p2b: Espathra|spe|1
|upkeep
|turn|7
|
|t:|1783598117
|move|p2a: Floette|Dazzling Gleam|p1b: Sylveon|[spread] p1a,p1b
|-damage|p1a: Basculegion|0 fnt
|-damage|p1b: Sylveon|0 fnt
|faint|p1a: Basculegion
|faint|p1b: Sylveon
|move|p2b: Espathra|Lumina Crash|p1: Basculegion|[notarget]
|-fail|p2b: Espathra
|
|-ability|p2b: Espathra|Speed Boost|boost
|-boost|p2b: Espathra|spe|1
|upkeep
|
|t:|1783598120
|switch|p1b: Charizard|Charizard-Mega-Y, L50, M|57/100 slp
|-weather|SunnyDay|[from] ability: Drought|[of] p1b: Charizard
|turn|8
|-message|KLAKLE forfeited.
|
|win|Keith Jones
|l|☆KLAKLE
|player|p1|
||Keith Jones is ready for game 2.
|inactive|KLAKLE has 30 seconds to confirm battle start!
|inactive|KLAKLE has 20 seconds to confirm battle start!
|inactive|KLAKLE has 10 seconds to confirm battle start!
|uhtml|next|Next: Game 2 of 3
