|j|☆Nova2309
|j|☆failandimprove2
|html|Nova2309failandimprove2    
|uhtml|bestof|Game 3 of a best-of-3
|t:|1783454159
|gametype|doubles
|player|p1|Nova2309|266|1403
|player|p2|failandimprove2|169|1491
|gen|9
|tier|[Gen 9 Champions] VGC 2026 Reg M-B (Bo3)
|rated|
|rule|Species Clause: Limit one of each Pokémon
|rule|Item Clause: Limit 1 of each item
|clearpoke
|poke|p1|Venusaur, L50, F|
|poke|p1|Grimmsnarl, L50, M|
|poke|p1|Pelipper, L50, F|
|poke|p1|Archaludon, L50, F|
|poke|p1|Charizard, L50, F|
|poke|p1|Basculegion, L50, M|
|poke|p2|Charizard, L50, M|
|poke|p2|Floette-Eternal, L50, F|
|poke|p2|Whimsicott, L50, M|
|poke|p2|Basculegion, L50, M|
|poke|p2|Kingambit, L50, F|
|poke|p2|Garchomp, L50, F|
|teampreview|4
|showteam|p1|Venusaur||Venusaurite|Chlorophyll|Protect,SludgeBomb,GigaDrain,EarthPower|Modest||F|||50|]Grimmsnarl||LightClay|Prankster|SpiritBreak,Reflect,LightScreen,PartingShot|Careful||M|||50|]Pelipper||SitrusBerry|Drizzle|Hurricane,WeatherBall,Tailwind,WideGuard|Modest||F|||50|]Archaludon||Leftovers|Stamina|Protect,ElectroShot,DragonPulse,FlashCannon|Modest||F|||50|]Charizard||CharizarditeY|Blaze|HeatWave,SolarBeam,WeatherBall,Protect|Modest||F|||50|]Basculegion||ChoiceScarf|Adaptability|FlipTurn,WaveCrash,LastRespects,AquaJet|Jolly||M|||50|
|showteam|p2|Charizard||CharizarditeY|Blaze|HeatWave,WeatherBall,SolarBeam,Protect|Modest||M|||50|]Floette-Eternal||Floettite|FlowerVeil|Moonblast,DazzlingGleam,LightofRuin,Protect|Timid||F|||50|]Whimsicott||FocusSash|Prankster|Moonblast,Tailwind,Encore,Protect|Timid||M|||50|]Basculegion||MysticWater|Adaptability|WaveCrash,LastRespects,AquaJet,Protect|Adamant||M|||50|]Kingambit||ChopleBerry|Defiant|KowtowCleave,SuckerPunch,IronHead,LowKick|Adamant||F|||50|]Garchomp||LifeOrb|RoughSkin|Earthquake,RockSlide,DragonClaw,Protect|Jolly||F|||50|
|inactive|Battle timer is ON: inactive players will automatically lose when time's up. (requested by failandimprove2)
|inactive|Nova2309 has 60 seconds left.
|inactive|failandimprove2 has 60 seconds left.
|
|t:|1783454197
|teamsize|p1|4
|teamsize|p2|4
|start
|switch|p1a: Grimmsnarl|Grimmsnarl, L50, M|100/100
|switch|p1b: Venusaur|Venusaur, L50, F|100/100
|switch|p2a: Kingambit|Kingambit, L50, F|100/100
|switch|p2b: Whimsicott|Whimsicott, L50, M|100/100
|turn|1
|
|t:|1783454204
|detailschange|p1b: Venusaur|Venusaur-Mega, L50, F
|-mega|p1b: Venusaur|Venusaur|Venusaurite
|move|p1a: Grimmsnarl|Light Screen|p1a: Grimmsnarl
|-sidestart|p1: Nova2309|move: Light Screen
|move|p2b: Whimsicott|Moonblast|p1a: Grimmsnarl
|-supereffective|p1a: Grimmsnarl|1
|-damage|p1a: Grimmsnarl|60/100
|move|p1b: Venusaur|Earth Power|p2a: Kingambit
|-supereffective|p2a: Kingambit|1
|-damage|p2a: Kingambit|42/100
|move|p2a: Kingambit|Iron Head|p1a: Grimmsnarl
|-supereffective|p1a: Grimmsnarl|1
|-damage|p1a: Grimmsnarl|0 fnt
|faint|p1a: Grimmsnarl
|
|upkeep
|
|t:|1783454209
|switch|p1a: Archaludon|Archaludon, L50, F|100/100
|turn|2
|
|t:|1783454226
|move|p2b: Whimsicott|Tailwind|p2b: Whimsicott
|-sidestart|p2: failandimprove2|move: Tailwind
|move|p2a: Kingambit|Kowtow Cleave|p1a: Archaludon
|-damage|p1a: Archaludon|64/100
|-ability|p1a: Archaludon|Stamina|boost
|-boost|p1a: Archaludon|def|1
|move|p1b: Venusaur|Earth Power|p2a: Kingambit
|-supereffective|p2a: Kingambit|1
|-damage|p2a: Kingambit|0 fnt
|faint|p2a: Kingambit
|move|p1a: Archaludon|Flash Cannon|p2b: Whimsicott
|-supereffective|p2b: Whimsicott|1
|-enditem|p2b: Whimsicott|Focus Sash
|-damage|p2b: Whimsicott|1/100
|
|-heal|p1a: Archaludon|70/100|[from] item: Leftovers
|upkeep
|
|t:|1783454235
|switch|p2a: Garchomp|Garchomp, L50, F|100/100
|turn|3
|
|t:|1783454246
|switch|p2b: Charizard|Charizard, L50, M|100/100
|move|p2a: Garchomp|Earthquake|p1b: Venusaur|[spread] p1a,p1b
|-immune|p2b: Charizard
|-supereffective|p1a: Archaludon|1
|-damage|p1a: Archaludon|19/100
|-damage|p1b: Venusaur|57/100
|-ability|p1a: Archaludon|Stamina|boost
|-boost|p1a: Archaludon|def|1
|-damage|p2a: Garchomp|90/100|[from] item: Life Orb
|move|p1b: Venusaur|Giga Drain|p2a: Garchomp
|-damage|p2a: Garchomp|49/100
|-heal|p1b: Venusaur|78/100|[from] drain|[of] p2a: Garchomp
|move|p1a: Archaludon|Dragon Pulse|p2a: Garchomp
|-supereffective|p2a: Garchomp|1
|-damage|p2a: Garchomp|0 fnt
|faint|p2a: Garchomp
|
|-heal|p1a: Archaludon|25/100|[from] item: Leftovers
|upkeep
|
|t:|1783454259
|switch|p2a: Whimsicott|Whimsicott, L50, M|1/100
|turn|4
|inactive|failandimprove2 has 30 seconds left.
|
|t:|1783454293
|move|p2a: Whimsicott|Protect|p2a: Whimsicott
|-singleturn|p2a: Whimsicott|Protect
|move|p2b: Charizard|Heat Wave|p1a: Archaludon|[spread] p1a,p1b
|-supereffective|p1b: Venusaur|1
|-damage|p1a: Archaludon|8/100
|-damage|p1b: Venusaur|62/100
|-ability|p1a: Archaludon|Stamina|boost
|-boost|p1a: Archaludon|def|1
|move|p1b: Venusaur|Sludge Bomb|p2a: Whimsicott
|-activate|p2a: Whimsicott|move: Protect
|move|p1a: Archaludon|Dragon Pulse|p2b: Charizard
|-damage|p2b: Charizard|55/100
|
|-heal|p1a: Archaludon|14/100|[from] item: Leftovers
|upkeep
|turn|5
|
|t:|1783454315
|move|p2a: Whimsicott|Protect||[still]
|-fail|p2a: Whimsicott
|move|p1a: Archaludon|Protect|p1a: Archaludon
|-singleturn|p1a: Archaludon|Protect
|move|p2b: Charizard|Heat Wave|p1b: Venusaur|[spread] p1b
|-activate|p1a: Archaludon|move: Protect
|-supereffective|p1b: Venusaur|1
|-damage|p1b: Venusaur|47/100
|move|p1b: Venusaur|Sludge Bomb|p2a: Whimsicott
|-supereffective|p2a: Whimsicott|2
|-damage|p2a: Whimsicott|0 fnt
|faint|p2a: Whimsicott
|
|-heal|p1a: Archaludon|20/100y|[from] item: Leftovers
|-sideend|p2: failandimprove2|move: Tailwind
|upkeep
|turn|6
|-message|failandimprove2 forfeited.
|
|win|Nova2309
|raw|Nova2309's rating: 1403 → 1428(+25 for winning)
|raw|failandimprove2's rating: 1491 → 1466(-25 for losing)
