|j|☆DilluVGC
|j|☆PikathyVGC
|html|DilluVGCPikathyVGC    
|uhtml|bestof|Game 2 of a best-of-3
|t:|1784742264
|gametype|doubles
|player|p1|DilluVGC|blaine|
|player|p2|PikathyVGC|169|
|gen|9
|tier|[Gen 9 Champions] VGC 2026 Reg M-B (Bo3)
|rule|Species Clause: Limit one of each Pokémon
|rule|Item Clause: Limit 1 of each item
|clearpoke
|poke|p1|Tyranitar, L50, M|
|poke|p1|Excadrill, L50, F|
|poke|p1|Milotic, L50, F|
|poke|p1|Gholdengo, L50|
|poke|p1|Sinistcha-Masterpiece, L50|
|poke|p1|Staraptor, L50, M|
|poke|p2|Basculegion, L50, M|
|poke|p2|Pelipper, L50, M|
|poke|p2|Archaludon, L50, M|
|poke|p2|Annihilape, L50, M|
|poke|p2|Gardevoir, L50, F|
|poke|p2|Maushold-Four, L50|
|teampreview|4
|showteam|p1|Tyranitar||Tyranitarite|SandStream|KnockOff,RockSlide,HighHorsepower,Protect|Jolly||M|||50|]Excadrill||FocusSash|SandRush|Earthquake,IronHead,RockSlide,Protect|Jolly||F|||50|]Milotic||SitrusBerry|Competitive|Scald,IcyWind,Haze,Protect|Calm||F|||50|]Gholdengo||LifeOrb|GoodasGold|MakeItRain,ShadowBall,NastyPlot,Protect|Modest|||||50|]Sinistcha-Masterpiece||ColburBerry|Hospitality|MatchaGotcha,ShadowBall,Protect,RagePowder|Bold|||||50|]Staraptor||Staraptite|Intimidate|CloseCombat,BraveBird,Tailwind,Protect|Jolly||M|||50|
|showteam|p2|Basculegion||ChoiceScarf|Adaptability|LastRespects,FlipTurn,WaveCrash,AquaJet|Jolly||M|||50|]Pelipper||SitrusBerry|Drizzle|Hurricane,WeatherBall,Protect,Tailwind|Bold||M|||50|]Archaludon||Leftovers|Stamina|DragonPulse,FlashCannon,ElectroShot,Protect|Modest||M|||50|]Annihilape||FocusSash|Defiant|PhantomForce,CloseCombat,Protect,RockTomb|Adamant||M|||50|]Gardevoir||Gardevoirite|Trace|Psychic,HyperVoice,Protect,VacuumWave|Timid||F|||50|]Maushold-Four||WideLens|Technician|PopulationBomb,FollowMe,Protect,Feint|Jolly|||||50|
|
|t:|1784742294
|teamsize|p1|4
|teamsize|p2|4
|start
|switch|p1a: Notorious T|Tyranitar, L50, M|100/100
|switch|p1b: Aftermath|Gholdengo, L50|100/100
|switch|p2a: Maushold|Maushold-Four, L50|100/100
|switch|p2b: Gardevoir|Gardevoir, L50, F|100/100
|-ability|p2b: Gardevoir|Sand Stream|Trace|[from] ability: Trace|[of] p1a: Notorious T
|-weather|Sandstorm|[from] ability: Sand Stream|[of] p2b: Gardevoir
|turn|1
|
|t:|1784742332
|detailschange|p2b: Gardevoir|Gardevoir-Mega, L50, F
|-mega|p2b: Gardevoir|Gardevoir|Gardevoirite
|move|p2a: Maushold|Follow Me|p2a: Maushold
|-singleturn|p2a: Maushold|move: Follow Me
|move|p2b: Gardevoir|Hyper Voice|p1b: Aftermath|[spread] p1a,p1b
|-supereffective|p1a: Notorious T|1
|-resisted|p1b: Aftermath|1
|-damage|p1a: Notorious T|42/100
|-damage|p1b: Aftermath|76/100
|move|p1a: Notorious T|High Horsepower|p2a: Maushold
|-damage|p2a: Maushold|52/100
|move|p1b: Aftermath|Shadow Ball|p2a: Maushold
|-immune|p2a: Maushold
|
|-weather|Sandstorm|[upkeep]
|-damage|p2a: Maushold|47/100|[from] Sandstorm
|-damage|p2b: Gardevoir|93/100|[from] Sandstorm
|upkeep
|turn|2
|
|t:|1784742348
|switch|p1a: Missy Eeliott|Milotic, L50, F|100/100
|move|p2a: Maushold|Follow Me|p2a: Maushold
|-singleturn|p2a: Maushold|move: Follow Me
|move|p2b: Gardevoir|Hyper Voice|p1b: Aftermath|[spread] p1a,p1b
|-resisted|p1b: Aftermath|1
|-damage|p1a: Missy Eeliott|65/100
|-damage|p1b: Aftermath|55/100
|move|p1b: Aftermath|Make It Rain|p2b: Gardevoir|[spread] p2a,p2b
|-supereffective|p2b: Gardevoir|1
|-damage|p2a: Maushold|0 fnt
|-damage|p2b: Gardevoir|0 fnt
|-unboost|p1b: Aftermath|spa|2
|faint|p2a: Maushold
|faint|p2b: Gardevoir
|-damage|p1b: Aftermath|46/100|[from] item: Life Orb
|
|-weather|Sandstorm|[upkeep]
|-damage|p1a: Missy Eeliott|59/100|[from] Sandstorm
|upkeep
|
|t:|1784742365
|switch|p2a: Basculegion|Basculegion, L50, M|100/100
|switch|p2b: Annihilape|Annihilape, L50, M|100/100
|turn|3
|
|t:|1784742389
|switch|p1b: Rap-Turn'al|Staraptor, L50, M|100/100
|-ability|p1b: Rap-Turn'al|Intimidate|boost
|-unboost|p2a: Basculegion|atk|1
|-unboost|p2b: Annihilape|atk|1
|-ability|p2b: Annihilape|Defiant|boost
|-boost|p2b: Annihilape|atk|2
|move|p2a: Basculegion|Last Respects|p1b: Rap-Turn'al
|-immune|p1b: Rap-Turn'al
|move|p1a: Missy Eeliott|Icy Wind|p2b: Annihilape|[spread] p2a,p2b
|-resisted|p2a: Basculegion|1
|-damage|p2a: Basculegion|93/100
|-damage|p2b: Annihilape|90/100
|-unboost|p2a: Basculegion|spe|1
|-unboost|p2b: Annihilape|spe|1
|-ability|p2b: Annihilape|Defiant|boost
|-boost|p2b: Annihilape|atk|2
|move|p2b: Annihilape|Phantom Force||[still]
|-prepare|p2b: Annihilape|Phantom Force
|
|-weather|Sandstorm|[upkeep]
|-damage|p1b: Rap-Turn'al|94/100|[from] Sandstorm
|-damage|p2a: Basculegion|87/100|[from] Sandstorm
|-damage|p1a: Missy Eeliott|53/100|[from] Sandstorm
|-damage|p2b: Annihilape|84/100|[from] Sandstorm
|upkeep
|turn|4
|
|t:|1784742451
|move|p1b: Rap-Turn'al|Tailwind|p1b: Rap-Turn'al
|-sidestart|p1: DilluVGC|move: Tailwind
|move|p1a: Missy Eeliott|Haze|p1a: Missy Eeliott
|-clearallboost
|move|p2a: Basculegion|Last Respects|p1a: Missy Eeliott
|-damage|p1a: Missy Eeliott|0 fnt
|faint|p1a: Missy Eeliott
|move|p2b: Annihilape|Phantom Force|p1b: Rap-Turn'al|[from] lockedmove
|-immune|p1b: Rap-Turn'al
|
|-weather|Sandstorm|[upkeep]
|-damage|p1b: Rap-Turn'al|88/100|[from] Sandstorm
|-damage|p2a: Basculegion|81/100|[from] Sandstorm
|-damage|p2b: Annihilape|78/100|[from] Sandstorm
|upkeep
|
|t:|1784742464
|switch|p1a: Notorious T|Tyranitar, L50, M|42/100
|turn|5
|
|t:|1784742471
|detailschange|p1a: Notorious T|Tyranitar-Mega, L50, M
|-mega|p1a: Notorious T|Tyranitar|Tyranitarite
|move|p1b: Rap-Turn'al|Brave Bird|p2b: Annihilape
|-supereffective|p2b: Annihilape|1
|-damage|p2b: Annihilape|0 fnt
|faint|p2b: Annihilape
|-damage|p1b: Rap-Turn'al|58/100|[from] Recoil
|move|p1a: Notorious T|Knock Off|p2a: Basculegion
|-supereffective|p2a: Basculegion|1
|-damage|p2a: Basculegion|0 fnt
|-enditem|p2a: Basculegion|Choice Scarf|[from] move: Knock Off|[of] p1a: Notorious T
|faint|p2a: Basculegion
|
|win|DilluVGC
|c|☆DilluVGC|gg
