|j|☆KatzeVGC
|j|☆ArazetHD
|html|KatzeVGCArazetHD    
|uhtml|bestof|Game 1 of a best-of-3
|t:|1757244641
|gametype|doubles
|player|p1|KatzeVGC|102|1052
|player|p2|ArazetHD|hilbert|1000
|gen|9
|tier|[Gen 9] VGC 2025 Reg H (Bo3)
|rated|
|rule|Species Clause: Limit one of each Pokémon
|rule|Item Clause: Limit 1 of each item
|clearpoke
|poke|p1|Tyranitar, L50, M|
|poke|p1|Gastrodon, L50, M|
|poke|p1|Volcarona, L50, M|
|poke|p1|Rillaboom, L50, F|
|poke|p1|Gholdengo, L50|
|poke|p1|Annihilape, L50, M|
|poke|p2|Garchomp, L50, M|
|poke|p2|Tinkaton, L50, F|
|poke|p2|Gyarados, L50, M|
|poke|p2|Talonflame, L50, M|
|poke|p2|Decidueye-Hisui, L50, M|
|poke|p2|Gengar, L50, M|
|teampreview|4
|showteam|p1|Tyranitar||AssaultVest|SandStream|KnockOff,RockSlide,TeraBlast,LowKick|||M|||50|,,,,,Ghost]Gastrodon||SitrusBerry|StormDrain|EarthPower,Protect,IceBeam,Yawn|||M|||50|,,,,,Fire]Volcarona||SafetyGoggles|FlameBody|RagePowder,Tailwind,Overheat,WillOWisp|||M|||50|,,,,,Grass]Rillaboom||MiracleSeed|GrassySurge|WoodHammer,GrassyGlide,FakeOut,Uturn|||F|||50|,,,,,Water]Gholdengo||LifeOrb|GoodasGold|Protect,MakeItRain,ShadowBall,NastyPlot||||||50|,,,,,Water]Annihilape||FocusSash|Defiant|CloseCombat,RageFist,Taunt,FinalGambit|||M|||50|,,,,,Fighting
|showteam|p2|Garchomp||LifeOrb|RoughSkin|Earthquake,DragonClaw,Protect,SwordsDance|||M|||50|,,,,,Ground]Tinkaton||Leftovers|MoldBreaker|KnockOff,PlayRough,FakeOut,GigatonHammer|||F|||50|,,,,,Steel]Gyarados||SitrusBerry|Intimidate|Waterfall,TeraBlast,ThunderWave,HelpingHand|||M|||50|,,,,,Flying]Talonflame||CovertCloak|GaleWings|Tailwind,FlareBlitz,Protect,Taunt|||M|||50|,,,,,Steel]Decidueye-Hisui||ScopeLens|Scrappy|TripleArrows,Protect,SuckerPunch,LeafBlade|||M|||50|,,,,,Grass]Gengar||FocusSash|CursedBody|SludgeBomb,ShadowBall,Haze,DestinyBond|||M|||50|,,,,,Flying
|inactive|Battle timer is ON: inactive players will automatically lose when time's up. (requested by KatzeVGC)
|inactive|ArazetHD has 60 seconds left.
|
|t:|1757244728
|teamsize|p1|4
|teamsize|p2|4
|start
|switch|p1a: Tyranitar|Tyranitar, L50, M|100/100
|switch|p1b: Annihilape|Annihilape, L50, M|100/100
|switch|p2a: Talonflame|Talonflame, L50, M|100/100
|switch|p2b: Gyarados|Gyarados, L50, M|100/100
|-ability|p2b: Gyarados|Intimidate|boost
|-unboost|p1a: Tyranitar|atk|1
|-unboost|p1b: Annihilape|atk|1
|-ability|p1b: Annihilape|Defiant|boost
|-boost|p1b: Annihilape|atk|2
|-weather|Sandstorm|[from] ability: Sand Stream|[of] p1a: Tyranitar
|turn|1
|inactive|KatzeVGC has 30 seconds left.
|inactive|ArazetHD has 30 seconds left.
|inactive|ArazetHD has 20 seconds left.
|inactive|ArazetHD has 15 seconds left.
|inactive|ArazetHD has 10 seconds left.
|inactive|ArazetHD has 5 seconds left.
|
|t:|1757244782
|switch|p2b: Decidueye|Decidueye-Hisui, L50, M|100/100
|move|p2a: Talonflame|Protect|p2a: Talonflame
|-singleturn|p2a: Talonflame|Protect
|move|p1b: Annihilape|Rage Fist|p2b: Decidueye
|-damage|p2b: Decidueye|64/100
|move|p1a: Tyranitar|Rock Slide|p2b: Decidueye|[spread] p2b
|-activate|p2a: Talonflame|move: Protect
|-resisted|p2b: Decidueye
|-damage|p2b: Decidueye|52/100
|
|-weather|Sandstorm|[upkeep]
|-damage|p2a: Talonflame|94/100|[from] Sandstorm
|-damage|p1b: Annihilape|94/100|[from] Sandstorm
|-damage|p2b: Decidueye|47/100|[from] Sandstorm
|upkeep
|turn|2
|inactive|ArazetHD has 30 seconds left.
|inactive|ArazetHD has 20 seconds left.
|inactive|ArazetHD has 15 seconds left.
|inactive|ArazetHD has 10 seconds left.
|
|t:|1757244830
|move|p2a: Talonflame|Tailwind|p2a: Talonflame
|-sidestart|p2: ArazetHD|move: Tailwind
|move|p2b: Decidueye|Triple Arrows|p1a: Tyranitar
|-supereffective|p1a: Tyranitar
|-damage|p1a: Tyranitar|0 fnt
|faint|p1a: Tyranitar
|move|p1b: Annihilape|Close Combat|p2b: Decidueye
|-damage|p2b: Decidueye|0 fnt
|-unboost|p1b: Annihilape|def|1
|-unboost|p1b: Annihilape|spd|1
|faint|p2b: Decidueye
|
|-weather|Sandstorm|[upkeep]
|-damage|p2a: Talonflame|88/100|[from] Sandstorm
|-damage|p1b: Annihilape|88/100|[from] Sandstorm
|upkeep
|
|t:|1757244851
|switch|p1a: Gastrodon|Gastrodon, L50, M|100/100
|switch|p2b: Gengar|Gengar, L50, M|100/100
|turn|3
|inactive|KatzeVGC has 30 seconds left.
|inactive|ArazetHD has 30 seconds left.
|
|t:|1757244884
|-terastallize|p2b: Gengar|Flying
|move|p2a: Talonflame|Flare Blitz|p1b: Annihilape
|-damage|p1b: Annihilape|31/100
|-status|p1b: Annihilape|brn
|-damage|p2a: Talonflame|63/100|[from] Recoil
|move|p2b: Gengar|Shadow Ball|p1b: Annihilape
|-supereffective|p1b: Annihilape
|-damage|p1b: Annihilape|0 fnt
|faint|p1b: Annihilape
|move|p1a: Gastrodon|Earth Power|p2b: Gengar
|-immune|p2b: Gengar
|
|-weather|Sandstorm|[upkeep]
|-damage|p2a: Talonflame|57/100|[from] Sandstorm
|-damage|p2b: Gengar|95/100|[from] Sandstorm
|upkeep
|
|t:|1757244893
|switch|p1b: Gholdengo|Gholdengo, L50|100/100
|turn|4
|
|t:|1757244909
|move|p1b: Gholdengo|Protect|p1b: Gholdengo
|-singleturn|p1b: Gholdengo|Protect
|move|p2a: Talonflame|Flare Blitz|p1b: Gholdengo
|-activate|p1b: Gholdengo|move: Protect
|move|p2b: Gengar|Shadow Ball|p1b: Gholdengo
|-activate|p1b: Gholdengo|move: Protect
|move|p1a: Gastrodon|Ice Beam|p2b: Gengar
|-supereffective|p2b: Gengar
|-damage|p2b: Gengar|31/100
|-status|p2b: Gengar|frz
|-start|p1a: Gastrodon|Disable|Ice Beam|[from] ability: Cursed Body|[of] p2b: Gengar
|
|-weather|Sandstorm|[upkeep]
|-damage|p2a: Talonflame|50/100|[from] Sandstorm
|-damage|p2b: Gengar|25/100 frz|[from] Sandstorm
|upkeep
|turn|5
|inactive|KatzeVGC has 30 seconds left.
|
|t:|1757244937
|-terastallize|p1b: Gholdengo|Water
|move|p2a: Talonflame|Flare Blitz|p1b: Gholdengo
|-resisted|p1b: Gholdengo
|-damage|p1b: Gholdengo|81/100
|-damage|p2a: Talonflame|44/100|[from] Recoil
|cant|p2b: Gengar|frz
|move|p1b: Gholdengo|Make It Rain|p2b: Gengar|[spread] p2a,p2b
|-resisted|p2a: Talonflame
|-damage|p2a: Talonflame|7/100
|-damage|p2b: Gengar|0 fnt
|-unboost|p1b: Gholdengo|spa|1
|faint|p2b: Gengar
|-damage|p1b: Gholdengo|72/100|[from] item: Life Orb
|move|p1a: Gastrodon|Yawn|p2a: Talonflame
|-start|p2a: Talonflame|move: Yawn|[of] p1a: Gastrodon
|
|-weather|none
|-sideend|p2: ArazetHD|move: Tailwind
|upkeep
|
|t:|1757244947
|switch|p2b: Gyarados|Gyarados, L50, M|100/100
|-ability|p2b: Gyarados|Intimidate|boost
|-unboost|p1a: Gastrodon|atk|1
|-unboost|p1b: Gholdengo|atk|1
|turn|6
|inactive|ArazetHD has 30 seconds left.
|inactive|ArazetHD has 20 seconds left.
|inactive|ArazetHD has 15 seconds left.
|inactive|ArazetHD has 10 seconds left.
|
|t:|1757244993
|move|p1b: Gholdengo|Protect|p1b: Gholdengo
|-singleturn|p1b: Gholdengo|Protect
|move|p2a: Talonflame|Flare Blitz|p1b: Gholdengo
|-activate|p1b: Gholdengo|move: Protect
|move|p2b: Gyarados|Waterfall|p1a: Gastrodon
|-activate|p1a: Gastrodon|ability: Storm Drain
|-ability|p1a: Gastrodon|Storm Drain|boost
|-boost|p1a: Gastrodon|spa|1
|move|p1a: Gastrodon|Yawn|p2b: Gyarados
|-start|p2b: Gyarados|move: Yawn|[of] p1a: Gastrodon
|
|-end|p2a: Talonflame|move: Yawn|[silent]
|-status|p2a: Talonflame|slp
|upkeep
|turn|7
|
|t:|1757245011
|cant|p2a: Talonflame|slp
|move|p1b: Gholdengo|Make It Rain|p2b: Gyarados|[spread] p2a,p2b
|-resisted|p2a: Talonflame
|-resisted|p2b: Gyarados
|-damage|p2a: Talonflame|0 fnt
|-damage|p2b: Gyarados|83/100
|-unboost|p1b: Gholdengo|spa|1
|faint|p2a: Talonflame
|-damage|p1b: Gholdengo|62/100|[from] item: Life Orb
|move|p2b: Gyarados|Waterfall|p1a: Gastrodon
|-activate|p1a: Gastrodon|ability: Storm Drain
|-ability|p1a: Gastrodon|Storm Drain|boost
|-boost|p1a: Gastrodon|spa|1
|move|p1a: Gastrodon|Earth Power|p2b: Gyarados
|-immune|p2b: Gyarados
|
|-end|p1a: Gastrodon|Disable
|-end|p2b: Gyarados|move: Yawn|[silent]
|-status|p2b: Gyarados|slp
|upkeep
|turn|8
|
|t:|1757245023
|move|p1b: Gholdengo|Shadow Ball|p2b: Gyarados
|-damage|p2b: Gyarados|59/100 slp
|-damage|p1b: Gholdengo|52/100|[from] item: Life Orb
|cant|p2b: Gyarados|slp
|move|p1a: Gastrodon|Ice Beam|p2b: Gyarados
|-damage|p2b: Gyarados|23/100 slp
|-enditem|p2b: Gyarados|Sitrus Berry|[eat]
|-heal|p2b: Gyarados|48/100 slp|[from] item: Sitrus Berry
|
|upkeep
|turn|9
|
|t:|1757245032
|move|p1b: Gholdengo|Shadow Ball|p2b: Gyarados
|-damage|p2b: Gyarados|23/100 slp
|-damage|p1b: Gholdengo|43/100|[from] item: Life Orb
|cant|p2b: Gyarados|slp
|move|p1a: Gastrodon|Ice Beam|p2b: Gyarados
|-crit|p2b: Gyarados
|-damage|p2b: Gyarados|0 fnt
|faint|p2b: Gyarados
|
|win|KatzeVGC
||ArazetHD is ready for game 2.
||KatzeVGC is ready for game 2.
|uhtml|next|Next: Game 2 of 3
|l|☆KatzeVGC
|player|p1|
