|j|☆avoidmilly
|j|☆dr baja blast
|html|avoidmillydr baja blast    
|uhtml|bestof|Game 1 of a best-of-3
|t:|1785448944
|gametype|doubles
|player|p1|avoidmilly|idol|1000
|player|p2|dr baja blast|taunie|1000
|gen|9
|tier|[Gen 9 Champions] VGC 2026 Reg M-B (Bo3)
|rated|
|rule|Species Clause: Limit one of each Pokémon
|rule|Item Clause: Limit 1 of each item
|clearpoke
|poke|p1|Charizard, L50, F|
|poke|p1|Floette-Eternal, L50, F|
|poke|p1|Kingambit, L50, M|
|poke|p1|Whimsicott, L50, F|
|poke|p1|Basculegion, L50, M|
|poke|p1|Garchomp, L50, M|
|poke|p2|Charizard, L50, F|
|poke|p2|Floette-Eternal, L50, F|
|poke|p2|Garchomp, L50, M|
|poke|p2|Basculegion, L50, M|
|poke|p2|Whimsicott, L50, F|
|poke|p2|Kingambit, L50, M|
|teampreview|4
|showteam|p1|Charizard||CharizarditeY|Blaze|HeatWave,SolarBeam,WeatherBall,Protect|Modest||F|||50|]Floette-Eternal||Floettite|FlowerVeil|LightofRuin,Moonblast,DazzlingGleam,Protect|Timid||F|||50|]Kingambit||BlackGlasses|Defiant|IronHead,KowtowCleave,SuckerPunch,Protect|Adamant||M|||50|]Whimsicott||FocusSash|Prankster|Moonblast,Tailwind,Encore,Protect|Timid||F|||50|]Basculegion||MysticWater|Adaptability|WaveCrash,AquaJet,LastRespects,Protect|Adamant||M|||50|]Garchomp||LifeOrb|RoughSkin|Earthquake,RockSlide,DragonClaw,Protect|Jolly||M|||50|
|showteam|p2|Charizard||CharizarditeY|SolarPower|HeatWave,WeatherBall,SolarBeam,Protect|Modest||F|||50|]Floette-Eternal||Floettite|FlowerVeil|Moonblast,DazzlingGleam,LightofRuin,Protect|Modest||F|||50|]Garchomp||LifeOrb|RoughSkin|DragonClaw,RockSlide,Earthquake,Protect|Jolly||M|||50|]Basculegion||MysticWater|Adaptability|WaveCrash,LastRespects,AquaJet,Protect|Adamant||M|||50|]Whimsicott||FocusSash|Prankster|Moonblast,Tailwind,Encore,Protect|Timid||F|||50|]Kingambit||BlackGlasses|Defiant|KowtowCleave,IronHead,SuckerPunch,Protect|Adamant||M|||50|
|c|☆dr baja blast|damn we're both chuds
|c|☆dr baja blast|this is heartbreaking
|c|☆avoidmilly|truly is
|
|t:|1785449009
|teamsize|p1|4
|teamsize|p2|4
|start
|switch|p1a: Floette|Floette-Eternal, L50, F|100/100
|switch|p1b: Whimsicott|Whimsicott, L50, F|100/100
|switch|p2a: Garchomp|Garchomp, L50, M|100/100
|switch|p2b: Whimsicott|Whimsicott, L50, F|100/100
|turn|1
|
|t:|1785449070
|detailschange|p1a: Floette|Floette-Mega, L50, F
|-mega|p1a: Floette|Floette|Floettite
|-ability|p1a: Floette|Fairy Aura
|move|p2b: Whimsicott|Tailwind|p2b: Whimsicott
|-sidestart|p2: dr baja blast|move: Tailwind
|move|p1b: Whimsicott|Encore|p2b: Whimsicott
|-start|p2b: Whimsicott|Encore
|move|p2a: Garchomp|Rock Slide|p1b: Whimsicott|[spread] p1a,p1b
|-damage|p1a: Floette|66/100
|-damage|p1b: Whimsicott|63/100
|-damage|p2a: Garchomp|90/100|[from] item: Life Orb
|cant|p1a: Floette|flinch
|
|upkeep
|turn|2
|
|t:|1785449091
|switch|p2b: Basculegion|Basculegion, L50, M|100/100
|move|p1b: Whimsicott|Tailwind|p1b: Whimsicott
|-sidestart|p1: avoidmilly|move: Tailwind
|move|p2a: Garchomp|Rock Slide|p1a: Floette|[spread] p1a,p1b
|-damage|p1a: Floette|31/100
|-damage|p1b: Whimsicott|26/100
|-damage|p2a: Garchomp|80/100|[from] item: Life Orb
|cant|p1a: Floette|flinch
|
|upkeep
|turn|3
|
|t:|1785449114
|move|p1a: Floette|Protect|p1a: Floette
|-singleturn|p1a: Floette|Protect
|move|p2b: Basculegion|Aqua Jet|p1a: Floette
|-activate|p1a: Floette|move: Protect
|move|p1b: Whimsicott|Moonblast|p2a: Garchomp
|-supereffective|p2a: Garchomp|1
|-damage|p2a: Garchomp|0 fnt
|faint|p2a: Garchomp
|
|upkeep
|
|t:|1785449122
|switch|p2a: Whimsicott|Whimsicott, L50, F|100/100
|turn|4
|
|t:|1785449137
|switch|p1b: Basculegion|Basculegion, L50, M|100/100
|switch|p2b: Floette|Floette-Eternal, L50, F|100/100
|move|p2a: Whimsicott|Encore|p1a: Floette
|-start|p1a: Floette|Encore
|move|p1a: Floette|Protect||[still]
|-fail|p1a: Floette
|
|-sideend|p2: dr baja blast|move: Tailwind
|upkeep
|turn|5
|
|t:|1785449160
|switch|p1a: Kingambit|Kingambit, L50, M|100/100
|detailschange|p2b: Floette|Floette-Mega, L50, F
|-mega|p2b: Floette|Floette|Floettite
|-ability|p2b: Floette|Fairy Aura
|move|p2a: Whimsicott|Tailwind|p2a: Whimsicott
|-sidestart|p2: dr baja blast|move: Tailwind
|move|p2b: Floette|Moonblast|p1b: Basculegion
|-damage|p1b: Basculegion|5/100
|move|p1b: Basculegion|Wave Crash|p2b: Floette
|-damage|p2b: Floette|0 fnt
|faint|p2b: Floette
|-damage|p1b: Basculegion|0 fnt|[from] Recoil
|faint|p1b: Basculegion
|
|-sideend|p1: avoidmilly|move: Tailwind
|upkeep
|-message|dr baja blast forfeited.
|
|win|avoidmilly
||dr baja blast is ready for game 2.
||avoidmilly is ready for game 2.
|uhtml|next|Next: Game 2 of 3
