|j|☆Kyooby
|j|☆Foxxzin
|html|KyoobyFoxxzin    
|uhtml|bestof|Game 2 of a best-of-3
|t:|1757804734
|gametype|doubles
|player|p1|Kyooby|volkner|1119
|player|p2|Foxxzin|lance|1099
|gen|9
|tier|[Gen 9] VGC 2025 Reg H (Bo3)
|rated|
|rule|Species Clause: Limit one of each Pokémon
|rule|Item Clause: Limit 1 of each item
|clearpoke
|poke|p1|Pelipper, L50, F|
|poke|p1|Archaludon, L50, F|
|poke|p1|Comfey, L50, F|
|poke|p1|Kingdra, L50, F|
|poke|p1|Weezing-Galar, L50, F|
|poke|p1|Toedscruel, L50, F|
|poke|p2|Archaludon, L50, F|
|poke|p2|Pelipper, L50, F|
|poke|p2|Basculegion, L50, M|
|poke|p2|Gholdengo, L50|
|poke|p2|Amoonguss, L50, F|
|poke|p2|Rillaboom, L50, F|
|teampreview|4
|showteam|p1|Pelipper||ChoiceScarf|Drizzle|WeatherBall,Hurricane,Uturn,Tailwind|||F|||50|,,,,,Ghost]Archaludon||AssaultVest|Stamina|ElectroShot,FlashCannon,BodyPress,Snarl|||F|||50|,,,,,Grass]Comfey||SafetyGoggles|Triage|DrainingKiss,FloralHealing,LightScreen,Protect|||F|||50|,,,,,Steel]Kingdra||LifeOrb|SwiftSwim|WeatherBall,DracoMeteor,Surf,Protect|||F|||50|,,,,,Steel]Weezing-Galar||SitrusBerry|NeutralizingGas|SludgeBomb,DazzlingGleam,Taunt,Protect|||F|||50|,,,,,Ghost]Toedscruel||CovertCloak|MyceliumMight|EarthPower,BulletSeed,Spore,Protect|||F|||50|,,,,,Water
|showteam|p2|Archaludon||AssaultVest|Stamina|DracoMeteor,FlashCannon,ElectroShot,BodyPress|||F|||50|,,,,,Grass]Pelipper||FocusSash|Drizzle|MuddyWater,Hurricane,Tailwind,WideGuard|||F|||50|,,,,,Stellar]Basculegion||LifeOrb|SwiftSwim|WaveCrash,LastRespects,AquaJet,Protect|||M|||50|,,,,,Grass]Gholdengo||ChoiceSpecs|GoodasGold|ShadowBall,Thunderbolt,MakeItRain,DazzlingGleam||||||50|,,,,,Steel]Amoonguss||RockyHelmet|Regenerator|RagePowder,PollenPuff,Spore,Protect|||F|||50|,,,,,Water]Rillaboom||LoadedDice|GrassySurge|BulletSeed,FakeOut,GrassyGlide,Taunt|||F|||50|,,,,,Ghost
|inactive|Battle timer is ON: inactive players will automatically lose when time's up. (requested by Kyooby)
|inactive|Kyooby has 60 seconds left.
|inactive|Kyooby has 30 seconds left.
|
|t:|1757804796
|teamsize|p1|4
|teamsize|p2|4
|start
|switch|p1a: Weezing|Weezing-Galar, L50, F|100/100
|switch|p1b: Toedscruel|Toedscruel, L50, F|100/100
|switch|p2a: Rillaboom|Rillaboom, L50, F|100/100
|switch|p2b: Archaludon|Archaludon, L50, F|100/100
|-ability|p1a: Weezing|Neutralizing Gas
|turn|1
|inactive|Kyooby has 30 seconds left.
|inactive|Foxxzin has 30 seconds left.
|inactive|Foxxzin has 20 seconds left.
|inactive|Foxxzin has 15 seconds left.
|
|t:|1757804838
|-terastallize|p2b: Archaludon|Grass
|move|p1a: Weezing|Protect|p1a: Weezing
|-singleturn|p1a: Weezing|Protect
|move|p2a: Rillaboom|Fake Out|p1a: Weezing
|-activate|p1a: Weezing|move: Protect
|move|p1b: Toedscruel|Spore|p2b: Archaludon
|-immune|p2b: Archaludon
|move|p2b: Archaludon|Flash Cannon|p1a: Weezing
|-activate|p1a: Weezing|move: Protect
|
|upkeep
|turn|2
|inactive|Kyooby has 30 seconds left.
|
|t:|1757804870
|-end|p1a: Weezing|ability: Neutralizing Gas
|-fieldstart|move: Grassy Terrain|[from] ability: Grassy Surge|[of] p2a: Rillaboom
|switch|p1a: Archaludon|Archaludon, L50, F|100/100
|move|p1b: Toedscruel|Bullet Seed|p1a: Archaludon
|-resisted|p1a: Archaludon
|-damage|p1a: Archaludon|99/100
|-ability|p1a: Archaludon|Stamina|boost
|-boost|p1a: Archaludon|def|1
|-resisted|p1a: Archaludon
|-damage|p1a: Archaludon|98/100
|-ability|p1a: Archaludon|Stamina|boost
|-boost|p1a: Archaludon|def|1
|-resisted|p1a: Archaludon
|-damage|p1a: Archaludon|97/100
|-ability|p1a: Archaludon|Stamina|boost
|-boost|p1a: Archaludon|def|1
|-hitcount|p1a: Archaludon|3
|move|p2a: Rillaboom|Bullet Seed|p1a: Archaludon
|-resisted|p1a: Archaludon
|-damage|p1a: Archaludon|96/100
|-ability|p1a: Archaludon|Stamina|boost
|-boost|p1a: Archaludon|def|1
|-resisted|p1a: Archaludon
|-damage|p1a: Archaludon|95/100
|-ability|p1a: Archaludon|Stamina|boost
|-boost|p1a: Archaludon|def|1
|-resisted|p1a: Archaludon
|-damage|p1a: Archaludon|95/100
|-ability|p1a: Archaludon|Stamina|boost
|-boost|p1a: Archaludon|def|1
|-resisted|p1a: Archaludon
|-damage|p1a: Archaludon|94/100
|-hitcount|p1a: Archaludon|4
|move|p2b: Archaludon|Flash Cannon|p1a: Archaludon
|-resisted|p1a: Archaludon
|-damage|p1a: Archaludon|80/100
|
|-heal|p1a: Archaludon|86/100|[from] Grassy Terrain
|upkeep
|turn|3
|inactive|Kyooby has 30 seconds left.
|inactive|Kyooby has 20 seconds left.
|inactive|Kyooby has 15 seconds left.
|inactive|Kyooby has 10 seconds left.
|inactive|Kyooby has 5 seconds left.
|
|t:|1757804922
|switch|p1b: Comfey|Comfey, L50, F, shiny|100/100
|move|p2a: Rillaboom|Bullet Seed|p2b: Archaludon
|-resisted|p2b: Archaludon
|-damage|p2b: Archaludon|94/100
|-ability|p2b: Archaludon|Stamina|boost
|-boost|p2b: Archaludon|def|1
|-resisted|p2b: Archaludon
|-crit|p2b: Archaludon
|-damage|p2b: Archaludon|85/100
|-ability|p2b: Archaludon|Stamina|boost
|-boost|p2b: Archaludon|def|1
|-resisted|p2b: Archaludon
|-damage|p2b: Archaludon|82/100
|-ability|p2b: Archaludon|Stamina|boost
|-boost|p2b: Archaludon|def|1
|-resisted|p2b: Archaludon
|-damage|p2b: Archaludon|79/100
|-ability|p2b: Archaludon|Stamina|boost
|-boost|p2b: Archaludon|def|1
|-hitcount|p2b: Archaludon|4
|move|p1a: Archaludon|Body Press|p2a: Rillaboom
|-crit|p2a: Rillaboom
|-damage|p2a: Rillaboom|0 fnt
|faint|p2a: Rillaboom
|move|p2b: Archaludon|Body Press|p1b: Comfey
|-resisted|p1b: Comfey
|-damage|p1b: Comfey|66/100
|
|-heal|p1b: Comfey|71/100|[from] Grassy Terrain
|-heal|p1a: Archaludon|92/100|[from] Grassy Terrain
|-heal|p2b: Archaludon|85/100|[from] Grassy Terrain
|upkeep
|
|t:|1757804942
|switch|p2a: Gholdengo|Gholdengo, L50|100/100
|turn|4
|inactive|Kyooby has 30 seconds left.
|
|t:|1757804968
|move|p1b: Comfey|Protect|p1b: Comfey
|-singleturn|p1b: Comfey|Protect
|move|p2a: Gholdengo|Make It Rain|p1b: Comfey|[spread] p1a
|-activate|p1b: Comfey|move: Protect
|-resisted|p1a: Archaludon
|-damage|p1a: Archaludon|67/100
|-unboost|p2a: Gholdengo|spa|1
|move|p1a: Archaludon|Snarl|p2a: Gholdengo|[spread] p2a,p2b
|-supereffective|p2a: Gholdengo
|-damage|p2a: Gholdengo|71/100
|-damage|p2b: Archaludon|77/100
|-unboost|p2a: Gholdengo|spa|1
|-unboost|p2b: Archaludon|spa|1
|-ability|p2b: Archaludon|Stamina|boost
|-boost|p2b: Archaludon|def|1
|move|p2b: Archaludon|Body Press|p1a: Archaludon
|-supereffective|p1a: Archaludon
|-damage|p1a: Archaludon|38/100
|
|-heal|p2a: Gholdengo|77/100|[from] Grassy Terrain
|-heal|p1b: Comfey|77/100|[from] Grassy Terrain
|-heal|p1a: Archaludon|44/100|[from] Grassy Terrain
|-heal|p2b: Archaludon|83/100|[from] Grassy Terrain
|upkeep
|turn|5
|inactive|Kyooby has 30 seconds left.
|inactive|Foxxzin has 30 seconds left.
|inactive|Kyooby has 20 seconds left.
|inactive|Kyooby has 15 seconds left.
|
|t:|1757805009
|-terastallize|p1b: Comfey|Steel
|move|p1b: Comfey|Floral Healing|p1a: Archaludon
|-heal|p1a: Archaludon|100/100
|move|p2a: Gholdengo|Make It Rain|p1b: Comfey|[spread] p1a,p1b
|-resisted|p1a: Archaludon
|-resisted|p1b: Comfey
|-damage|p1a: Archaludon|87/100
|-damage|p1b: Comfey|60/100
|-unboost|p2a: Gholdengo|spa|1
|move|p1a: Archaludon|Electro Shot||[still]
|-prepare|p1a: Archaludon|Electro Shot
|-boost|p1a: Archaludon|spa|1
|move|p2b: Archaludon|Flash Cannon|p1b: Comfey
|-resisted|p1b: Comfey
|-damage|p1b: Comfey|47/100
|
|-heal|p2a: Gholdengo|84/100|[from] Grassy Terrain
|-heal|p1b: Comfey|53/100|[from] Grassy Terrain
|-heal|p1a: Archaludon|93/100|[from] Grassy Terrain
|-heal|p2b: Archaludon|89/100|[from] Grassy Terrain
|upkeep
|turn|6
|inactive|Kyooby has 30 seconds left.
|inactive|Kyooby has 20 seconds left.
|
|t:|1757805047
|switch|p2a: Amoonguss|Amoonguss, L50, F|100/100
|switch|p1b: Weezing|Weezing-Galar, L50, F|100/100
|-ability|p1b: Weezing|Neutralizing Gas
|move|p1a: Archaludon|Electro Shot|p2a: Amoonguss|[from] lockedmove
|-resisted|p2a: Amoonguss
|-damage|p2a: Amoonguss|71/100
|move|p2b: Archaludon|Body Press|p1b: Weezing
|-resisted|p1b: Weezing
|-damage|p1b: Weezing|81/100
|
|-heal|p1a: Archaludon|99/100|[from] Grassy Terrain
|-heal|p2b: Archaludon|95/100|[from] Grassy Terrain
|-heal|p1b: Weezing|87/100|[from] Grassy Terrain
|-heal|p2a: Amoonguss|77/100|[from] Grassy Terrain
|-fieldend|move: Grassy Terrain
|upkeep
|turn|7
|inactive|Kyooby has 30 seconds left.
|inactive|Foxxzin has 30 seconds left.
|inactive|Kyooby has 20 seconds left.
|inactive|Kyooby has 15 seconds left.
|inactive|Kyooby has 10 seconds left.
|
|t:|1757805094
|switch|p2a: Gholdengo|Gholdengo, L50|84/100
|move|p1a: Archaludon|Snarl|p2a: Gholdengo|[spread] p2a,p2b
|-supereffective|p2a: Gholdengo
|-damage|p2a: Gholdengo|41/100
|-damage|p2b: Archaludon|82/100
|-unboost|p2a: Gholdengo|spa|1
|-unboost|p2b: Archaludon|spa|1
|move|p2b: Archaludon|Body Press|p1a: Archaludon
|-supereffective|p1a: Archaludon
|-damage|p1a: Archaludon|71/100
|move|p1b: Weezing|Taunt|p2a: Gholdengo
|-start|p2a: Gholdengo|move: Taunt
|
|upkeep
|turn|8
|inactive|Kyooby has 30 seconds left.
|
|t:|1757805122
|move|p1b: Weezing|Protect|p1b: Weezing
|-singleturn|p1b: Weezing|Protect
|move|p2a: Gholdengo|Make It Rain|p1b: Weezing|[spread] p1a
|-activate|p1b: Weezing|move: Protect
|-resisted|p1a: Archaludon
|-damage|p1a: Archaludon|53/100
|-unboost|p2a: Gholdengo|spa|1
|move|p1a: Archaludon|Electro Shot||[still]
|-prepare|p1a: Archaludon|Electro Shot
|-boost|p1a: Archaludon|spa|1
|move|p2b: Archaludon|Body Press|p1a: Archaludon
|-supereffective|p1a: Archaludon
|-damage|p1a: Archaludon|21/100
|
|upkeep
|turn|9
|inactive|Kyooby has 30 seconds left.
|
|t:|1757805149
|switch|p2a: Amoonguss|Amoonguss, L50, F|77/100
|move|p1a: Archaludon|Electro Shot|p2a: Amoonguss|[from] lockedmove
|-resisted|p2a: Amoonguss
|-damage|p2a: Amoonguss|40/100
|move|p2b: Archaludon|Body Press|p1a: Archaludon
|-supereffective|p1a: Archaludon
|-damage|p1a: Archaludon|0 fnt
|faint|p1a: Archaludon
|move|p1b: Weezing|Sludge Bomb|p2b: Archaludon
|-supereffective|p2b: Archaludon
|-damage|p2b: Archaludon|44/100
|
|upkeep
|
|t:|1757805164
|switch|p1a: Comfey|Comfey, L50, F, shiny, tera:Steel|53/100
|turn|10
|
|t:|1757805175
|move|p1a: Comfey|Draining Kiss|p2b: Archaludon
|-damage|p2b: Archaludon|33/100
|-heal|p1a: Comfey|64/100|[from] drain|[of] p2b: Archaludon
|move|p2b: Archaludon|Body Press|p1a: Comfey
|-supereffective|p1a: Comfey
|-damage|p1a: Comfey|0 fnt
|faint|p1a: Comfey
|move|p1b: Weezing|Sludge Bomb|p2b: Archaludon
|-supereffective|p2b: Archaludon
|-damage|p2b: Archaludon|0 fnt
|faint|p2b: Archaludon
|move|p2a: Amoonguss|Pollen Puff|p2: Archaludon|[notarget]
|-fail|p2a: Amoonguss
|
|upkeep
|
|t:|1757805188
|switch|p1a: Toedscruel|Toedscruel, L50, F|100/100
|switch|p2b: Gholdengo|Gholdengo, L50|41/100
|turn|11
|inactive|Kyooby has 30 seconds left.
|
|t:|1757805214
|move|p2a: Amoonguss|Rage Powder|p2a: Amoonguss
|-singleturn|p2a: Amoonguss|move: Rage Powder
|move|p1a: Toedscruel|Earth Power|p2b: Gholdengo
|-supereffective|p2b: Gholdengo
|-damage|p2b: Gholdengo|0 fnt
|faint|p2b: Gholdengo
|move|p1b: Weezing|Taunt|p2a: Amoonguss
|-start|p2a: Amoonguss|move: Taunt
|
|upkeep
|turn|12
|-message|Foxxzin forfeited.
|
|win|Kyooby
|raw|Kyooby's rating: 1119 → 1143(+24 for winning)
|raw|Foxxzin's rating: 1099 → 1076(-23 for losing)
