|j|☆friegg
|j|☆WhiteLightning31
|html|frieggWhiteLightning31    
|uhtml|bestof|Game 2 of a best-of-3
|t:|1785471643
|gametype|doubles
|player|p1|friegg|plasmagrunt|
|player|p2|WhiteLightning31|2|
|gen|9
|tier|[Gen 9 Champions] VGC 2026 Reg M-B (Bo3)
|rule|Species Clause: Limit one of each Pokémon
|rule|Item Clause: Limit 1 of each item
|clearpoke
|poke|p1|Charizard, L50, M|
|poke|p1|Kingambit, L50, F|
|poke|p1|Aerodactyl, L50, F|
|poke|p1|Tinkaton, L50, F|
|poke|p1|Scovillain, L50, F|
|poke|p1|Mamoswine, L50, F|
|poke|p2|Basculegion, L50, M|
|poke|p2|Floette-Eternal, L50, F|
|poke|p2|Farigiraf, L50, M|
|poke|p2|Camerupt, L50, F|
|poke|p2|Vivillon, L50, F|
|poke|p2|Toxapex, L50, M|
|teampreview|4
|showteam|p1|Charizard||CharizarditeY|Blaze|HeatWave,WeatherBall,SolarBeam,Protect|Timid||M|||50|]Kingambit||ExpertBelt|Defiant|KowtowCleave,IronHead,Taunt,Protect|Brave||F|||50|]Aerodactyl||FocusSash|RockHead|RockSlide,Taunt,WideGuard,Tailwind|Adamant||F|||50|]Tinkaton||OccaBerry|OwnTempo|GigatonHammer,FakeOut,HelpingHand,Protect|Jolly||F|||50|]Scovillain||SitrusBerry|Chlorophyll|Overheat,LeafStorm,RagePowder,Protect|Modest||F|||50|]Mamoswine||LifeOrb|Oblivious|HighHorsepower,IronHead,KnockOff,Protect|Adamant||F|||50|
|showteam|p2|Basculegion||ChoiceScarf|Adaptability|WaveCrash,LastRespects,HeadSmash,FlipTurn|Jolly||M|||50|]Floette-Eternal||Floettite|FlowerVeil|DazzlingGleam,DrainingKiss,CalmMind,Protect|Modest||F|||50|]Farigiraf||SitrusBerry|ArmorTail|HyperVoice,HelpingHand,TrickRoom,Protect|Sassy||M|||50|]Camerupt||Cameruptite|SolidRock|Eruption,EarthPower,RockSlide,Protect|Quiet||F|||50|]Vivillon||FocusSash|CompoundEyes|Hurricane,SleepPowder,RagePowder,Protect|Timid||F|||50|]Toxapex||Leftovers|Regenerator|Infestation,AcidSpray,WideGuard,BanefulBunker|Sassy||M|||50|
|
|t:|1785471682
|teamsize|p1|4
|teamsize|p2|4
|start
|switch|p1a: Kingambit|Kingambit, L50, F|100/100
|switch|p1b: Tinkaton|Tinkaton, L50, F|100/100
|switch|p2a: Floette|Floette-Eternal, L50, F|100/100
|switch|p2b: Farigiraf|Farigiraf, L50, M|100/100
|turn|1
|
|t:|1785471704
|move|p2b: Farigiraf|Protect|p2b: Farigiraf
|-singleturn|p2b: Farigiraf|Protect
|move|p1b: Tinkaton|Gigaton Hammer|p2a: Floette
|-supereffective|p2a: Floette|1
|-damage|p2a: Floette|0 fnt
|faint|p2a: Floette
|move|p1a: Kingambit|Taunt|p2b: Farigiraf
|-activate|p2b: Farigiraf|move: Protect
|
|upkeep
|
|t:|1785471728
|switch|p2a: Camerupt|Camerupt, L50, F|100/100
|turn|2
|
|t:|1785471749
|switch|p1b: Charizard|Charizard, L50, M|100/100
|detailschange|p2a: Camerupt|Camerupt-Mega, L50, F
|-mega|p2a: Camerupt|Camerupt|Cameruptite
|move|p1a: Kingambit|Taunt|p2b: Farigiraf
|-start|p2b: Farigiraf|move: Taunt
|move|p2a: Camerupt|Eruption|p1a: Kingambit|[spread] p1a,p1b
|-supereffective|p1a: Kingambit|1
|-crit|p1a: Kingambit
|-resisted|p1b: Charizard|1
|-damage|p1a: Kingambit|0 fnt
|-damage|p1b: Charizard|53/100
|faint|p1a: Kingambit
|cant|p2b: Farigiraf|move: Taunt|Trick Room
|
|upkeep
|
|t:|1785471761
|switch|p1a: Mamoswine|Mamoswine, L50, F|100/100
|turn|3
|
|t:|1785471774
|move|p1b: Charizard|Protect|p1b: Charizard
|-singleturn|p1b: Charizard|Protect
|move|p1a: Mamoswine|High Horsepower|p2a: Camerupt
|-supereffective|p2a: Camerupt|1
|-damage|p2a: Camerupt|0 fnt
|faint|p2a: Camerupt
|-damage|p1a: Mamoswine|90/100|[from] item: Life Orb
|move|p2b: Farigiraf|Hyper Voice|p1b: Charizard|[spread] p1a
|-activate|p1b: Charizard|move: Protect
|-damage|p1a: Mamoswine|54/100
|
|upkeep
|
|t:|1785471786
|switch|p2a: Basculegion|Basculegion, L50, M|100/100
|turn|4
|
|t:|1785471802
|switch|p1b: Tinkaton|Tinkaton, L50, F|100/100
|move|p2a: Basculegion|Wave Crash|p1b: Tinkaton
|-damage|p1b: Tinkaton|3/100
|-damage|p2a: Basculegion|73/100|[from] Recoil
|move|p1a: Mamoswine|Knock Off|p2a: Basculegion
|-supereffective|p2a: Basculegion|1
|-damage|p2a: Basculegion|0 fnt
|-enditem|p2a: Basculegion|Choice Scarf|[from] move: Knock Off|[of] p1a: Mamoswine
|faint|p2a: Basculegion
|-damage|p1a: Mamoswine|45/100|[from] item: Life Orb
|move|p2b: Farigiraf|Hyper Voice|p1a: Mamoswine|[spread] p1a,p1b
|-resisted|p1b: Tinkaton|1
|-damage|p1a: Mamoswine|6/100
|-damage|p1b: Tinkaton|0 fnt
|faint|p1b: Tinkaton
|
|-end|p2b: Farigiraf|move: Taunt
|upkeep
|
|t:|1785471815
|switch|p1b: Charizard|Charizard, L50, M|53/100
|turn|5
|
|t:|1785471825
|detailschange|p1b: Charizard|Charizard-Mega-Y, L50, M
|-mega|p1b: Charizard|Charizard|Charizardite Y
|-weather|SunnyDay|[from] ability: Drought|[of] p1b: Charizard
|move|p1b: Charizard|Weather Ball|p2b: Farigiraf
|-crit|p2b: Farigiraf
|-damage|p2b: Farigiraf|4/100
|-enditem|p2b: Farigiraf|Sitrus Berry|[eat]
|-heal|p2b: Farigiraf|29/100|[from] item: Sitrus Berry
|move|p1a: Mamoswine|Knock Off|p2b: Farigiraf
|-supereffective|p2b: Farigiraf|1
|-damage|p2b: Farigiraf|0 fnt
|faint|p2b: Farigiraf
|-damage|p1a: Mamoswine|0 fnt|[from] item: Life Orb
|faint|p1a: Mamoswine
|
|win|friegg
||WhiteLightning31 is ready for game 3.
|inactive|friegg has 30 seconds to confirm battle start!
||friegg is ready for game 3.
|uhtml|next|Next: Game 3 of 3
