|j|☆We_Are_Toasted
|j|☆Chisato_Arashi_VGC
|html|We_Are_ToastedChisato_Arashi_VGC    
|uhtml|bestof|Game 3 of a best-of-3
|t:|1756675600
|gametype|doubles
|player|p1|We_Are_Toasted|larry|1116
|player|p2|Chisato_Arashi_VGC|roxie-masters|1120
|gen|9
|tier|[Gen 9] VGC 2025 Reg H (Bo3)
|rated|
|rule|Species Clause: Limit one of each Pokémon
|rule|Item Clause: Limit 1 of each item
|clearpoke
|poke|p1|Porygon2, L50|
|poke|p1|Hydreigon, L50, M|
|poke|p1|Incineroar, L50, M|
|poke|p1|Garchomp, L50, M|
|poke|p1|Amoonguss, L50, M|
|poke|p1|Gholdengo, L50|
|poke|p2|Decidueye-Hisui, L50, F|
|poke|p2|Weezing-Galar, L50, M|
|poke|p2|Talonflame, L50, F|
|poke|p2|Tyranitar, L50, M|
|poke|p2|Garchomp, L50, F|
|poke|p2|Gholdengo, L50|
|teampreview|4
|showteam|p1|Porygon2||Eviolite|Download|TeraBlast,IceBeam,TrickRoom,Recover||||||50|,,,,,Fighting]Hydreigon||SafetyGoggles|Levitate|Snarl,DracoMeteor,Tailwind,Protect|||M|||50|,,,,,Ghost]Incineroar||SitrusBerry|Intimidate|FlareBlitz,KnockOff,PartingShot,FakeOut|||M|||50|,,,,,Grass]Garchomp||LoadedDice|RoughSkin|ScaleShot,Earthquake,StompingTantrum,Protect|||M|||50|,,,,,Fire]Amoonguss||CovertCloak|Regenerator|PollenPuff,Spore,RagePowder,Protect|||M|||50|,,,,,Fire]Gholdengo||MetalCoat|GoodasGold|MakeItRain,ShadowBall,NastyPlot,Protect||||||50|,,,,,Flying
|showteam|p2|Decidueye-Hisui||RazorClaw|Scrappy|TripleArrows,LeafBlade,SuckerPunch,Protect|||F|||50|,,,,,Fire]Weezing-Galar||ChoiceSpecs|NeutralizingGas|StrangeSteam,DazzlingGleam,Flamethrower,SludgeBomb|||M|||50|,,,,,Fire]Talonflame||CovertCloak|GaleWings|Tailwind,WillOWisp,BraveBird,Taunt|||F|||50|,,,,,Grass]Tyranitar||AssaultVest|SandStream|RockSlide,KnockOff,TeraBlast,LowKick|||M|||50|,,,,,Flying]Garchomp||LifeOrb|RoughSkin|DragonClaw,StompingTantrum,Earthquake,Protect|||F|||50|,,,,,Steel]Gholdengo||Leftovers|GoodasGold|MakeItRain,ShadowBall,NastyPlot,Protect||||||50|,,,,,Dragon
|inactive|Battle timer is ON: inactive players will automatically lose when time's up. (requested by We_Are_Toasted)
|inactive|We_Are_Toasted has 60 seconds left.
|
|t:|1756675657
|teamsize|p1|4
|teamsize|p2|4
|start
|switch|p1a: Gholdengo|Gholdengo, L50, shiny|100/100
|switch|p1b: Incineroar|Incineroar, L50, M, shiny|100/100
|switch|p2a: Talonflame|Talonflame, L50, F|100/100
|switch|p2b: Decidueye|Decidueye-Hisui, L50, F|100/100
|-ability|p1b: Incineroar|Intimidate|boost
|-unboost|p2a: Talonflame|atk|1
|-fail|p2b: Decidueye|unboost|Attack|[from] ability: Scrappy|[of] p2b: Decidueye
|turn|1
|
|t:|1756675680
|move|p1b: Incineroar|Fake Out|p2b: Decidueye
|-damage|p2b: Decidueye|86/100
|move|p2a: Talonflame|Tailwind|p2a: Talonflame
|-sidestart|p2: Chisato_Arashi_VGC|move: Tailwind
|cant|p2b: Decidueye|flinch
|move|p1a: Gholdengo|Nasty Plot|p1a: Gholdengo
|-boost|p1a: Gholdengo|spa|2
|
|upkeep
|turn|2
|inactive|We_Are_Toasted has 30 seconds left.
|inactive|We_Are_Toasted has 20 seconds left.
|
|t:|1756675718
|move|p1a: Gholdengo|Protect|p1a: Gholdengo
|-singleturn|p1a: Gholdengo|Protect
|move|p2a: Talonflame|Brave Bird|p1a: Gholdengo
|-activate|p1a: Gholdengo|move: Protect
|move|p2b: Decidueye|Triple Arrows|p1a: Gholdengo
|-activate|p1a: Gholdengo|move: Protect
|move|p1b: Incineroar|Parting Shot|p2b: Decidueye
|-unboost|p2b: Decidueye|atk|1
|-unboost|p2b: Decidueye|spa|1
|
|t:|1756675728
|switch|p1b: Amoonguss|Amoonguss, L50, M, shiny|100/100|[from] Parting Shot
|
|upkeep
|turn|3
|inactive|We_Are_Toasted has 30 seconds left.
|inactive|Chisato_Arashi_VGC has 30 seconds left.
|
|t:|1756675762
|-terastallize|p1a: Gholdengo|Flying
|move|p2b: Decidueye|Protect|p2b: Decidueye
|-singleturn|p2b: Decidueye|Protect
|move|p2a: Talonflame|Taunt|p1b: Amoonguss
|-start|p1b: Amoonguss|move: Taunt
|move|p1a: Gholdengo|Make It Rain|p2b: Decidueye|[spread] p2a
|-activate|p2b: Decidueye|move: Protect
|-resisted|p2a: Talonflame
|-damage|p2a: Talonflame|25/100
|-unboost|p1a: Gholdengo|spa|1
|cant|p1b: Amoonguss|move: Taunt|Spore
|
|upkeep
|turn|4
|
|t:|1756675779
|move|p2b: Decidueye|Sucker Punch|p1a: Gholdengo
|-damage|p1a: Gholdengo|85/100
|move|p2a: Talonflame|Brave Bird|p1a: Gholdengo
|-damage|p1a: Gholdengo|62/100
|-damage|p2a: Talonflame|17/100|[from] Recoil
|move|p1a: Gholdengo|Make It Rain|p2b: Decidueye|[spread] p2a,p2b
|-resisted|p2a: Talonflame
|-damage|p2a: Talonflame|0 fnt
|-damage|p2b: Decidueye|0 fnt
|-unboost|p1a: Gholdengo|spa|1
|faint|p2a: Talonflame
|faint|p2b: Decidueye
|move|p1b: Amoonguss|Pollen Puff|p1a: Gholdengo
|-heal|p1a: Gholdengo|100/100
|
|-sideend|p2: Chisato_Arashi_VGC|move: Tailwind
|upkeep
|
|t:|1756675786
|switch|p2a: Garchomp|Garchomp, L50, F|100/100
|switch|p2b: Tyranitar|Tyranitar, L50, M|100/100
|-weather|Sandstorm|[from] ability: Sand Stream|[of] p2b: Tyranitar
|turn|5
|inactive|We_Are_Toasted has 30 seconds left.
|inactive|We_Are_Toasted has 20 seconds left.
|inactive|We_Are_Toasted has 15 seconds left.
|inactive|We_Are_Toasted has 10 seconds left.
|inactive|We_Are_Toasted has 5 seconds left.
|
|t:|1756675840
|switch|p1b: Incineroar|Incineroar, L50, M, shiny|100/100
|-ability|p1b: Incineroar|Intimidate|boost
|-unboost|p2a: Garchomp|atk|1
|-unboost|p2b: Tyranitar|atk|1
|-terastallize|p2b: Tyranitar|Flying
|move|p2a: Garchomp|Dragon Claw|p1b: Incineroar
|-crit|p1b: Incineroar
|-damage|p1b: Incineroar|26/100
|-enditem|p1b: Incineroar|Sitrus Berry|[eat]
|-heal|p1b: Incineroar|51/100|[from] item: Sitrus Berry
|-damage|p2a: Garchomp|91/100|[from] item: Life Orb
|move|p1a: Gholdengo|Shadow Ball|p2a: Garchomp
|-damage|p2a: Garchomp|38/100
|move|p2b: Tyranitar|Rock Slide|p1a: Gholdengo|[spread] p1a,p1b
|-supereffective|p1a: Gholdengo
|-supereffective|p1b: Incineroar
|-damage|p1a: Gholdengo|65/100
|-damage|p1b: Incineroar|12/100
|
|-weather|Sandstorm|[upkeep]
|-damage|p1b: Incineroar|6/100|[from] Sandstorm
|-damage|p1a: Gholdengo|59/100|[from] Sandstorm
|-damage|p2b: Tyranitar|94/100|[from] Sandstorm
|upkeep
|turn|6
|inactive|We_Are_Toasted has 30 seconds left.
|inactive|We_Are_Toasted has 20 seconds left.
|inactive|We_Are_Toasted has 15 seconds left.
|inactive|We_Are_Toasted has 10 seconds left.
|inactive|We_Are_Toasted has 5 seconds left.
|
|t:|1756675891
|switch|p1b: Amoonguss|Amoonguss, L50, M, shiny|100/100
|move|p2a: Garchomp|Dragon Claw|p1a: Gholdengo
|-damage|p1a: Gholdengo|22/100
|-damage|p2a: Garchomp|28/100|[from] item: Life Orb
|move|p1a: Gholdengo|Shadow Ball|p2b: Tyranitar
|-damage|p2b: Tyranitar|68/100
|move|p2b: Tyranitar|Knock Off|p1a: Gholdengo
|-damage|p1a: Gholdengo|0 fnt
|-enditem|p1a: Gholdengo|Metal Coat|[from] move: Knock Off|[of] p2b: Tyranitar
|faint|p1a: Gholdengo
|
|-weather|Sandstorm|[upkeep]
|-damage|p2b: Tyranitar|62/100|[from] Sandstorm
|-damage|p1b: Amoonguss|95/100|[from] Sandstorm
|upkeep
|
|t:|1756675902
|switch|p1a: Incineroar|Incineroar, L50, M, shiny|6/100
|-ability|p1a: Incineroar|Intimidate|boost
|-unboost|p2a: Garchomp|atk|1
|-unboost|p2b: Tyranitar|atk|1
|turn|7
|inactive|We_Are_Toasted has 30 seconds left.
|inactive|We_Are_Toasted has 20 seconds left.
|inactive|We_Are_Toasted has 15 seconds left.
|inactive|We_Are_Toasted has 10 seconds left.
|
|t:|1756675950
|move|p1a: Incineroar|Fake Out|p2b: Tyranitar
|-damage|p2b: Tyranitar|52/100
|move|p2a: Garchomp|Earthquake|p1a: Incineroar|[spread] p1a,p1b
|-immune|p2b: Tyranitar
|-supereffective|p1a: Incineroar
|-damage|p1a: Incineroar|0 fnt
|-damage|p1b: Amoonguss|71/100
|faint|p1a: Incineroar
|-damage|p2a: Garchomp|18/100|[from] item: Life Orb
|cant|p2b: Tyranitar|flinch
|move|p1b: Amoonguss|Spore|p2a: Garchomp
|-status|p2a: Garchomp|slp|[from] move: Spore
|
|-weather|Sandstorm|[upkeep]
|-damage|p2b: Tyranitar|46/100|[from] Sandstorm
|-damage|p1b: Amoonguss|65/100|[from] Sandstorm
|upkeep
|
|t:|1756675959
|switch|p1a: Garchomp|Garchomp, L50, M, shiny|100/100
|turn|8
|
|t:|1756675975
|move|p1b: Amoonguss|Rage Powder|p1b: Amoonguss
|-singleturn|p1b: Amoonguss|move: Rage Powder
|cant|p2a: Garchomp|slp
|move|p1a: Garchomp|Scale Shot|p2b: Tyranitar|[miss]
|-miss|p1a: Garchomp|p2b: Tyranitar
|move|p2b: Tyranitar|Rock Slide|p1b: Amoonguss|[spread] p1a
|-miss|p2b: Tyranitar|p1b: Amoonguss
|-resisted|p1a: Garchomp
|-damage|p1a: Garchomp|92/100
|
|-weather|Sandstorm|[upkeep]
|-damage|p2b: Tyranitar|40/100|[from] Sandstorm
|-damage|p1b: Amoonguss|59/100|[from] Sandstorm
|upkeep
|turn|9
|
|t:|1756675996
|move|p1b: Amoonguss|Rage Powder|p1b: Amoonguss
|-singleturn|p1b: Amoonguss|move: Rage Powder
|cant|p2a: Garchomp|slp
|move|p1a: Garchomp|Stomping Tantrum|p2a: Garchomp
|-damage|p2a: Garchomp|0 fnt
|-damage|p1a: Garchomp|79/100|[from] ability: Rough Skin|[of] p2a: Garchomp
|faint|p2a: Garchomp
|move|p2b: Tyranitar|Rock Slide|p1a: Garchomp|[spread] p1a
|-miss|p2b: Tyranitar|p1b: Amoonguss
|-resisted|p1a: Garchomp
|-damage|p1a: Garchomp|72/100
|
|-weather|none
|upkeep
|turn|10
|
|t:|1756676010
|move|p1a: Garchomp|Scale Shot|p2b: Tyranitar
|-damage|p2b: Tyranitar|27/100
|-damage|p2b: Tyranitar|16/100
|-damage|p2b: Tyranitar|5/100
|-damage|p2b: Tyranitar|0 fnt
|faint|p2b: Tyranitar
|-hitcount|p2: Tyranitar|4
|
|win|We_Are_Toasted
|raw|We_Are_Toasted's rating: 1116 → 1141(+25 for winning)
|raw|Chisato_Arashi_VGC's rating: 1120 → 1095(-25 for losing)
