|j|☆BranchingBee
|j|☆Mcn35
|html|BranchingBeeMcn35    
|uhtml|bestof|Game 1 of a best-of-3
|t:|1757817891
|gametype|doubles
|player|p1|BranchingBee|102|1094
|player|p2|Mcn35|hilda|1104
|gen|9
|tier|[Gen 9] VGC 2025 Reg H (Bo3)
|rated|
|rule|Species Clause: Limit one of each Pokémon
|rule|Item Clause: Limit 1 of each item
|clearpoke
|poke|p1|Pelipper, L50, M|
|poke|p1|Archaludon, L50, F|
|poke|p1|Gholdengo, L50|
|poke|p1|Murkrow, L50, F|
|poke|p1|Basculegion, L50, M|
|poke|p1|Rillaboom, L50, M|
|poke|p2|Sneasler, L50, F|
|poke|p2|Corviknight, L50, M|
|poke|p2|Ursaluna-Bloodmoon, L50, M|
|poke|p2|Comfey, L50, F|
|poke|p2|Goodra, L50, M|
|poke|p2|Electabuzz, L50, M|
|teampreview|4
|showteam|p1|Pelipper||FocusSash|Drizzle|WeatherBall,Hurricane,WideGuard,Protect|||M|||50|,,,,,Ghost]Archaludon||AssaultVest|Stamina|ElectroShot,DragonPulse,Snarl,BodyPress|||F|||50|,,,,,Grass]Gholdengo||ChoiceSpecs|GoodasGold|MakeItRain,ShadowBall,PowerGem,TeraBlast||||||50|,,,,,Fighting]Murkrow||Eviolite|Prankster|Tailwind,Haze,FoulPlay,RainDance|||F|||50|,,,,,Ghost]Basculegion||ChoiceBand|SwiftSwim|FlipTurn,AquaJet,WaveCrash,LastRespects|||M|||50|,,,,,Grass]Rillaboom||LoadedDice|GrassySurge|GrassyGlide,FakeOut,BulletSeed,HighHorsepower|||M|||50|,,,,,Fire
|showteam|p2|Sneasler||FocusSash|PoisonTouch|CloseCombat,DireClaw,Protect,ThroatChop|||F|||50|,,,,,Dark]Corviknight||RockyHelmet|MirrorArmor|Roost,BraveBird,BodyPress,Tailwind|||M|||50|,,,,,Dragon]Ursaluna-Bloodmoon||ThroatSpray|MindsEye|HyperVoice,EarthPower,VacuumWave,Protect|||M|||50|,,,,,Normal]Comfey||Leftovers|Triage|DrainingKiss,LeechSeed,Protect,FloralHealing|||F|||50|,,,,,Steel]Goodra||AssaultVest|SapSipper|DragonPulse,Thunderbolt,SludgeWave,Flamethrower|||M|||50|,,,,,Ghost]Electabuzz||Eviolite|VitalSpirit|FollowMe,Psychic,Thunderbolt,ThunderWave|||M|||50|,,,,,Water
|inactive|Battle timer is ON: inactive players will automatically lose when time's up. (requested by Mcn35)
|
|t:|1757817923
|teamsize|p1|4
|teamsize|p2|4
|start
|switch|p1a: Gholdengo|Gholdengo, L50|100/100
|switch|p1b: Murkrow|Murkrow, L50, F|100/100
|switch|p2a: Goodra|Goodra, L50, M|100/100
|switch|p2b: Electabuzz|Electabuzz, L50, M|100/100
|turn|1
|inactive|BranchingBee has 30 seconds left.
|inactive|Mcn35 has 30 seconds left.
|inactive|BranchingBee has 20 seconds left.
|inactive|BranchingBee has 15 seconds left.
|inactive|Mcn35 has 20 seconds left.
|inactive|BranchingBee has 10 seconds left.
|
|t:|1757817973
|move|p1b: Murkrow|Rain Dance|p1b: Murkrow
|-weather|RainDance
|move|p1a: Gholdengo|Make It Rain|p2a: Goodra|[spread] p2a,p2b
|-resisted|p2b: Electabuzz
|-crit|p2b: Electabuzz
|-damage|p2a: Goodra|73/100
|-damage|p2b: Electabuzz|62/100
|-unboost|p1a: Gholdengo|spa|1
|move|p2b: Electabuzz|Thunderbolt|p1a: Gholdengo
|-damage|p1a: Gholdengo|63/100
|-status|p1a: Gholdengo|par
|move|p2a: Goodra|Flamethrower|p1a: Gholdengo
|-supereffective|p1a: Gholdengo
|-damage|p1a: Gholdengo|33/100 par
|
|-weather|RainDance|[upkeep]
|upkeep
|turn|2
|inactive|BranchingBee has 30 seconds left.
|inactive|Mcn35 has 30 seconds left.
|inactive|BranchingBee has 20 seconds left.
|inactive|BranchingBee has 15 seconds left.
|
|t:|1757818015
|move|p1b: Murkrow|Tailwind|p1b: Murkrow
|-sidestart|p1: BranchingBee|move: Tailwind
|move|p1a: Gholdengo|Make It Rain|p2a: Goodra|[spread] p2a,p2b
|-resisted|p2b: Electabuzz
|-damage|p2a: Goodra|51/100
|-damage|p2b: Electabuzz|43/100
|-unboost|p1a: Gholdengo|spa|1
|move|p2b: Electabuzz|Thunderbolt|p1a: Gholdengo
|-damage|p1a: Gholdengo|0 fnt
|faint|p1a: Gholdengo
|move|p2a: Goodra|Thunderbolt|p1b: Murkrow
|-supereffective|p1b: Murkrow
|-damage|p1b: Murkrow|47/100
|
|-weather|RainDance|[upkeep]
|upkeep
|inactive|BranchingBee has 30 seconds left.
|
|t:|1757818043
|switch|p1a: Archaludon|Archaludon, L50, F|100/100
|turn|3
|inactive|BranchingBee has 30 seconds left.
|inactive|BranchingBee has 20 seconds left.
|inactive|BranchingBee has 15 seconds left.
|
|t:|1757818085
|-terastallize|p1a: Archaludon|Grass
|move|p2b: Electabuzz|Follow Me|p2b: Electabuzz
|-singleturn|p2b: Electabuzz|move: Follow Me
|move|p1a: Archaludon|Dragon Pulse|p2b: Electabuzz
|-damage|p2b: Electabuzz|9/100
|move|p1b: Murkrow|Foul Play|p2b: Electabuzz
|-damage|p2b: Electabuzz|0 fnt
|faint|p2b: Electabuzz
|move|p2a: Goodra|Thunderbolt|p1b: Murkrow
|-supereffective|p1b: Murkrow
|-damage|p1b: Murkrow|0 fnt
|faint|p1b: Murkrow
|
|-weather|RainDance|[upkeep]
|upkeep
|
|t:|1757818103
|switch|p2b: Comfey|Comfey, L50, F|100/100
|switch|p1b: Basculegion|Basculegion, L50, M|100/100
|turn|4
|inactive|BranchingBee has 30 seconds left.
|
|t:|1757818130
|move|p1b: Basculegion|Last Respects|p2b: Comfey
|-damage|p2b: Comfey|0 fnt
|faint|p2b: Comfey
|move|p1a: Archaludon|Electro Shot||[still]
|-prepare|p1a: Archaludon|Electro Shot
|-boost|p1a: Archaludon|spa|1
|-anim|p1a: Archaludon|Electro Shot|p2a: Goodra
|-resisted|p2a: Goodra
|-damage|p2a: Goodra|38/100
|move|p2a: Goodra|Thunderbolt|p1b: Basculegion
|-supereffective|p1b: Basculegion
|-damage|p1b: Basculegion|37/100
|
|-weather|RainDance|[upkeep]
|upkeep
|
|t:|1757818144
|switch|p2b: Sneasler|Sneasler, L50, F|100/100
|turn|5
|
|t:|1757818169
|move|p2b: Sneasler|Protect|p2b: Sneasler
|-singleturn|p2b: Sneasler|Protect
|move|p1b: Basculegion|Last Respects|p2a: Goodra
|-damage|p2a: Goodra|0 fnt
|faint|p2a: Goodra
|move|p1a: Archaludon|Snarl|p2b: Sneasler
|-activate|p2b: Sneasler|move: Protect
|
|-weather|none
|-sideend|p1: BranchingBee|move: Tailwind
|upkeep
|turn|6
|inactive|BranchingBee has 30 seconds left.
|inactive|Mcn35 has 30 seconds left.
|inactive|BranchingBee has 20 seconds left.
|
|t:|1757818205
|move|p2b: Sneasler|Throat Chop|p1b: Basculegion
|-supereffective|p1b: Basculegion
|-damage|p1b: Basculegion|0 fnt
|faint|p1b: Basculegion
|move|p1a: Archaludon|Dragon Pulse|p2b: Sneasler
|-damage|p2b: Sneasler|10/100
|
|upkeep
|turn|7
|
|t:|1757818221
|move|p2b: Sneasler|Dire Claw|p1a: Archaludon
|-supereffective|p1a: Archaludon
|-damage|p1a: Archaludon|31/100
|-ability|p1a: Archaludon|Stamina|boost
|-boost|p1a: Archaludon|def|1
|move|p1a: Archaludon|Dragon Pulse|p2b: Sneasler
|-damage|p2b: Sneasler|0 fnt
|faint|p2b: Sneasler
|
|win|BranchingBee
|l|☆Mcn35
|player|p2|
|inactive|BranchingBee has 30 seconds to confirm battle start!
|inactive|Mcn35 has 30 seconds to confirm battle start!
||Mcn35 is ready for game 2.
||BranchingBee is ready for game 2.
|uhtml|next|Next: Game 2 of 3
