|j|☆Mclovingods
|j|☆KodeBeast0526
|html|MclovingodsKodeBeast0526    
|uhtml|bestof|Game 1 of a best-of-3
|t:|1783563306
|gametype|doubles
|player|p1|Mclovingods|170|1228
|player|p2|KodeBeast0526|hiker|1118
|gen|9
|tier|[Gen 9 Champions] VGC 2026 Reg M-B (Bo3)
|rated|
|rule|Species Clause: Limit one of each Pokémon
|rule|Item Clause: Limit 1 of each item
|clearpoke
|poke|p1|Delphox, L50, F|
|poke|p1|Sinistcha, L50|
|poke|p1|Incineroar, L50, M|
|poke|p1|Blastoise, L50, F|
|poke|p1|Kingambit, L50, M|
|poke|p1|Sneasler, L50, F|
|poke|p2|Tyranitar, L50, M, shiny|
|poke|p2|Incineroar, L50, M, shiny|
|poke|p2|Garchomp, L50, M, shiny|
|poke|p2|Sneasler, L50, M, shiny|
|poke|p2|Excadrill, L50, F|
|poke|p2|Sinistcha, L50|
|teampreview|4
|showteam|p1|Delphox||Delphoxite|Blaze|NastyPlot,HeatWave,Psychic,Protect|Timid||F|||50|]Sinistcha||CobaBerry|Hospitality|MatchaGotcha,RagePowder,LifeDew,TrickRoom|Calm|||||50|]Incineroar||SitrusBerry|Intimidate|FakeOut,PartingShot,FlareBlitz,DarkestLariat|Adamant||M|||50|]Blastoise||Blastoisinite|Torrent|WaterSpout,AuraSphere,Protect,ShellSmash|Modest||F|||50|]Kingambit||BlackGlasses|Defiant|IronHead,SwordsDance,SuckerPunch,KowtowCleave|Adamant||M|||50|]Sneasler||WhiteHerb|Unburden|FakeOut,CloseCombat,DireClaw,Protect|Jolly||F|||50|
|showteam|p2|Tyranitar||Tyranitarite|SandStream|RockSlide,KnockOff,IcePunch,Protect|Adamant||M|||50|]Incineroar||SitrusBerry|Intimidate|FakeOut,Protect,PartingShot,FlareBlitz|Impish||M|||50|]Garchomp||LifeOrb|RoughSkin|DragonClaw,RockSlide,Protect,Earthquake|Jolly||M|||50|]Sneasler||WhiteHerb|Unburden|DireClaw,FakeOut,CloseCombat,Protect|Adamant||M|||50|]Excadrill||FocusSash|SandRush|Earthquake,IronHead,RockTomb,Protect|Jolly||F|||50|]Sinistcha||Leftovers|Hospitality|MatchaGotcha,LifeDew,Protect,RagePowder|Bold|||||50|
|inactive|Battle timer is ON: inactive players will automatically lose when time's up. (requested by Mclovingods)
|
|t:|1783563337
|teamsize|p1|4
|teamsize|p2|4
|start
|switch|p1a: Blastoise|Blastoise, L50, F|100/100
|switch|p1b: Incineroar|Incineroar, L50, M|100/100
|switch|p2a: Sneasler|Sneasler, L50, M, shiny|100/100
|switch|p2b: Tyranitar|Tyranitar, L50, M, shiny|100/100
|-weather|Sandstorm|[from] ability: Sand Stream|[of] p2b: Tyranitar
|-ability|p1b: Incineroar|Intimidate|boost
|-unboost|p2a: Sneasler|atk|1
|-unboost|p2b: Tyranitar|atk|1
|-enditem|p2a: Sneasler|White Herb
|-clearnegativeboost|p2a: Sneasler|[silent]
|turn|1
|
|t:|1783563356
|switch|p1b: Sneasler|Sneasler, L50, F|100/100
|detailschange|p1a: Blastoise|Blastoise-Mega, L50, F
|-mega|p1a: Blastoise|Blastoise|Blastoisinite
|detailschange|p2b: Tyranitar|Tyranitar-Mega, L50, M, shiny
|-mega|p2b: Tyranitar|Tyranitar|Tyranitarite
|move|p1a: Blastoise|Protect|p1a: Blastoise
|-singleturn|p1a: Blastoise|Protect
|move|p2a: Sneasler|Fake Out|p1b: Sneasler
|-damage|p1b: Sneasler|73/100
|move|p2b: Tyranitar|Rock Slide|p1b: Sneasler|[spread] p1b
|-activate|p1a: Blastoise|move: Protect
|-resisted|p1b: Sneasler|1
|-damage|p1b: Sneasler|54/100
|
|-weather|Sandstorm|[upkeep]
|-damage|p2a: Sneasler|94/100|[from] Sandstorm
|-damage|p1b: Sneasler|49/100|[from] Sandstorm
|-damage|p1a: Blastoise|94/100|[from] Sandstorm
|upkeep
|turn|2
|inactive|KodeBeast0526 has 30 seconds left.
|
|t:|1783563382
|move|p1b: Sneasler|Fake Out|p2a: Sneasler
|-damage|p2a: Sneasler|69/100
|cant|p2a: Sneasler|flinch
|move|p1a: Blastoise|Shell Smash|p1a: Blastoise
|-unboost|p1a: Blastoise|def|1
|-unboost|p1a: Blastoise|spd|1
|-boost|p1a: Blastoise|atk|2
|-boost|p1a: Blastoise|spa|2
|-boost|p1a: Blastoise|spe|2
|move|p2b: Tyranitar|Rock Slide|p1b: Sneasler|[spread] p1a,p1b
|-resisted|p1b: Sneasler|1
|-damage|p1a: Blastoise|62/100
|-damage|p1b: Sneasler|30/100
|
|-weather|Sandstorm|[upkeep]
|-damage|p2a: Sneasler|63/100|[from] Sandstorm
|-damage|p1a: Blastoise|57/100|[from] Sandstorm
|-damage|p1b: Sneasler|24/100|[from] Sandstorm
|upkeep
|turn|3
|
|t:|1783563396
|move|p1a: Blastoise|Protect|p1a: Blastoise
|-singleturn|p1a: Blastoise|Protect
|move|p2b: Tyranitar|Protect|p2b: Tyranitar
|-singleturn|p2b: Tyranitar|Protect
|move|p2a: Sneasler|Close Combat|p1a: Blastoise
|-activate|p1a: Blastoise|move: Protect
|move|p1b: Sneasler|Close Combat|p2b: Tyranitar
|-activate|p2b: Tyranitar|move: Protect
|
|-weather|Sandstorm|[upkeep]
|-damage|p2a: Sneasler|58/100|[from] Sandstorm
|-damage|p1a: Blastoise|51/100|[from] Sandstorm
|-damage|p1b: Sneasler|19/100|[from] Sandstorm
|upkeep
|turn|4
|
|t:|1783563408
|switch|p1b: Sinistcha|Sinistcha, L50|100/100
|-heal|p1a: Blastoise|76/100|[from] ability: Hospitality|[of] p1b: Sinistcha
|switch|p2b: Garchomp|Garchomp, L50, M, shiny|100/100
|move|p2a: Sneasler|Close Combat|p1a: Blastoise
|-damage|p1a: Blastoise|0 fnt
|-unboost|p2a: Sneasler|def|1
|-unboost|p2a: Sneasler|spd|1
|faint|p1a: Blastoise
|
|-weather|Sandstorm|[upkeep]
|-damage|p2a: Sneasler|52/100|[from] Sandstorm
|-damage|p1b: Sinistcha|93/100|[from] Sandstorm
|upkeep
|
|t:|1783563419
|switch|p1a: Sneasler|Sneasler, L50, F|19/100
|turn|5
|
|t:|1783563425
|move|p2a: Sneasler|Protect|p2a: Sneasler
|-singleturn|p2a: Sneasler|Protect
|move|p1a: Sneasler|Close Combat|p2b: Garchomp
|-damage|p2b: Garchomp|37/100
|-unboost|p1a: Sneasler|def|1
|-unboost|p1a: Sneasler|spd|1
|-damage|p1a: Sneasler|7/100|[from] ability: Rough Skin|[of] p2b: Garchomp
|-enditem|p1a: Sneasler|White Herb
|-clearnegativeboost|p1a: Sneasler|[silent]
|move|p2b: Garchomp|Earthquake|p1a: Sneasler|[spread] p1a,p1b
|-activate|p2a: Sneasler|move: Protect
|-supereffective|p1a: Sneasler|1
|-resisted|p1b: Sinistcha|1
|-damage|p1a: Sneasler|0 fnt
|-damage|p1b: Sinistcha|69/100
|faint|p1a: Sneasler
|-damage|p2b: Garchomp|28/100|[from] item: Life Orb
|move|p1b: Sinistcha|Matcha Gotcha|p2b: Garchomp|[spread] p2b
|-activate|p2a: Sneasler|move: Protect
|-damage|p2b: Garchomp|2/100
|-heal|p1b: Sinistcha|82/100|[from] drain|[of] p2b: Garchomp
|
|-weather|none
|upkeep
|
|t:|1783563436
|switch|p1a: Incineroar|Incineroar, L50, M|100/100
|-ability|p1a: Incineroar|Intimidate|boost
|-unboost|p2a: Sneasler|atk|1
|-unboost|p2b: Garchomp|atk|1
|turn|6
|
|t:|1783563443
|switch|p2a: Excadrill|Excadrill, L50, F|100/100
|switch|p2b: Tyranitar|Tyranitar-Mega, L50, M, shiny|100/100
|-weather|Sandstorm|[from] ability: Sand Stream|[of] p2b: Tyranitar
|move|p1a: Incineroar|Fake Out|p2b: Tyranitar
|-resisted|p2b: Tyranitar|1
|-damage|p2b: Tyranitar|96/100
|move|p1b: Sinistcha|Matcha Gotcha|p2b: Tyranitar|[spread] p2a,p2b
|-supereffective|p2b: Tyranitar|1
|-damage|p2a: Excadrill|65/100
|-heal|p1b: Sinistcha|100/100|[from] drain|[of] p2a: Excadrill
|-damage|p2b: Tyranitar|77/100
|-status|p2a: Excadrill|brn
|
|-weather|Sandstorm|[upkeep]
|-damage|p1b: Sinistcha|93/100|[from] Sandstorm
|-damage|p1a: Incineroar|94/100|[from] Sandstorm
|-damage|p2a: Excadrill|59/100 brn|[from] brn
|upkeep
|turn|7
|
|t:|1783563458
|move|p2a: Excadrill|Rock Tomb|p1a: Incineroar
|-supereffective|p1a: Incineroar|1
|-damage|p1a: Incineroar|75/100
|-unboost|p1a: Incineroar|spe|1
|move|p2b: Tyranitar|Knock Off|p1b: Sinistcha
|-supereffective|p1b: Sinistcha|1
|-crit|p1b: Sinistcha
|-damage|p1b: Sinistcha|0 fnt
|-enditem|p1b: Sinistcha|Coba Berry|[from] move: Knock Off|[of] p2b: Tyranitar
|faint|p1b: Sinistcha
|move|p1a: Incineroar|Flare Blitz|p2a: Excadrill
|-supereffective|p2a: Excadrill|1
|-damage|p2a: Excadrill|0 fnt
|faint|p2a: Excadrill
|-damage|p1a: Incineroar|56/100|[from] Recoil
|
|-weather|Sandstorm|[upkeep]
|-damage|p1a: Incineroar|50/100g|[from] Sandstorm
|upkeep
|
|t:|1783563468
|switch|p2a: Garchomp|Garchomp, L50, M, shiny|2/100
|turn|8
|-message|Mclovingods forfeited.
|
|win|KodeBeast0526
|l|☆Mclovingods
|player|p1|
||Mclovingods is ready for game 2.
