|j|☆chimpum12
|j|☆tryson69
|html|chimpum12tryson69    
|uhtml|bestof|Game 2 of a best-of-3
|t:|1783958073
|gametype|doubles
|player|p1|chimpum12|1|1300
|player|p2|tryson69|crasherwake|1313
|gen|9
|tier|[Gen 9 Champions] VGC 2026 Reg M-B (Bo3)
|rated|
|rule|Species Clause: Limit one of each Pokémon
|rule|Item Clause: Limit 1 of each item
|clearpoke
|poke|p1|Charizard, L50, M|
|poke|p1|Kingambit, L50, F|
|poke|p1|Sylveon, L50, M|
|poke|p1|Garchomp, L50, F|
|poke|p1|Aerodactyl, L50, F|
|poke|p1|Farigiraf, L50, F|
|poke|p2|Raichu, L50, F|
|poke|p2|Gholdengo, L50|
|poke|p2|Garchomp, L50, F|
|poke|p2|Incineroar, L50, F|
|poke|p2|Milotic, L50, M|
|poke|p2|Whimsicott, L50, F|
|teampreview|4
|showteam|p1|Charizard||CharizarditeY|SolarPower|Protect,HeatWave,SolarBeam,WeatherBall|Modest||M|||50|]Kingambit||FocusSash|Defiant|IronHead,SuckerPunch,KowtowCleave,LowKick|Adamant||F|||50|]Sylveon||FairyFeather|Pixilate|Detect,HyperVoice,HyperBeam,QuickAttack|Modest||M|||50|]Garchomp||LifeOrb|RoughSkin|Protect,DragonClaw,Earthquake,RockSlide|Jolly||F|||50|]Aerodactyl||Aerodactylite|Unnerve|IceFang,RockSlide,Tailwind,DualWingbeat|Jolly||F|||50|]Farigiraf||SitrusBerry|ArmorTail|TrickRoom,Psychic,Thunderbolt,Roar|Bold||F|||50|
|showteam|p2|Raichu||RaichuniteY|LightningRod|ZapCannon,FocusBlast,Protect,FakeOut|Timid||F|||50|]Gholdengo||SpellTag|GoodasGold|NastyPlot,ShadowBall,Protect,MakeItRain|Modest|||||50|]Garchomp||LifeOrb|RoughSkin|Earthquake,RockSlide,Protect,DragonClaw|Adamant||F|||50|]Incineroar||BlackGlasses|Intimidate|FakeOut,FlareBlitz,DarkestLariat,PartingShot|Impish||F|||50|]Milotic||Leftovers|Competitive|Coil,Hypnosis,Recover,Scald|Bold||M|||50|]Whimsicott||FocusSash|Prankster|Tailwind,Moonblast,Encore,Protect|Timid||F|||50|
|
|t:|1783958101
|teamsize|p1|4
|teamsize|p2|4
|start
|switch|p1a: Garchomp|Garchomp, L50, F|100/100
|switch|p1b: Aerodactyl|Aerodactyl, L50, F|100/100
|switch|p2a: Garchomp|Garchomp, L50, F|100/100
|switch|p2b: Mr Cat|Incineroar, L50, F|100/100
|-ability|p1b: Aerodactyl|Unnerve
|-ability|p2b: Mr Cat|Intimidate|boost
|-unboost|p1a: Garchomp|atk|1
|-unboost|p1b: Aerodactyl|atk|1
|turn|1
|
|t:|1783958125
|switch|p1a: Farigiraf|Farigiraf, L50, F|100/100
|detailschange|p1b: Aerodactyl|Aerodactyl-Mega, L50, F
|-mega|p1b: Aerodactyl|Aerodactyl|Aerodactylite
|move|p2b: Mr Cat|Fake Out||[still]
|cant|p1a: Farigiraf|ability: Armor Tail|Fake Out|[of] p2b: Mr Cat
|move|p1b: Aerodactyl|Tailwind|p1b: Aerodactyl
|-sidestart|p1: chimpum12|move: Tailwind
|move|p2a: Garchomp|Dragon Claw|p1a: Farigiraf
|-damage|p1a: Farigiraf|55/100
|-damage|p2a: Garchomp|90/100|[from] item: Life Orb
|
|upkeep
|turn|2
|
|t:|1783958145
|switch|p1a: Sylveon|Sylveon, L50, M|100/100
|move|p2a: Garchomp|Protect|p2a: Garchomp
|-singleturn|p2a: Garchomp|Protect
|move|p1b: Aerodactyl|Ice Fang|p2a: Garchomp
|-activate|p2a: Garchomp|move: Protect
|move|p2b: Mr Cat|Parting Shot|p1b: Aerodactyl
|-unboost|p1b: Aerodactyl|atk|1
|-unboost|p1b: Aerodactyl|spa|1
|
|t:|1783958153
|switch|p2b: Gholdengo|Gholdengo, L50|100/100|[from] Parting Shot
|
|upkeep
|turn|3
|
|t:|1783958168
|switch|p1b: Garchomp|Garchomp, L50, F|100/100
|switch|p2a: Mr Cat|Incineroar, L50, F|100/100
|-ability|p2a: Mr Cat|Intimidate|boost
|-unboost|p1a: Sylveon|atk|1
|-unboost|p1b: Garchomp|atk|1
|move|p1a: Sylveon|Hyper Voice|p2a: Mr Cat|[spread] p2a,p2b
|-resisted|p2b: Gholdengo|1
|-damage|p2a: Mr Cat|61/100
|-damage|p2b: Gholdengo|78/100
|move|p2b: Gholdengo|Make It Rain|p1b: Garchomp|[spread] p1a,p1b
|-supereffective|p1a: Sylveon|1
|-crit|p1b: Garchomp
|-damage|p1a: Sylveon|11/100
|-damage|p1b: Garchomp|15/100
|-unboost|p2b: Gholdengo|spa|2
|
|upkeep
|turn|4
|
|t:|1783958197
|switch|p1a: Aerodactyl|Aerodactyl-Mega, L50, F|100/100
|move|p2b: Gholdengo|Protect|p2b: Gholdengo
|-singleturn|p2b: Gholdengo|Protect
|move|p1b: Garchomp|Earthquake|p2b: Gholdengo|[spread] p2a
|-activate|p2b: Gholdengo|move: Protect
|-immune|p1a: Aerodactyl
|-supereffective|p2a: Mr Cat|1
|-damage|p2a: Mr Cat|2/100
|-damage|p1b: Garchomp|6/100|[from] item: Life Orb
|move|p2a: Mr Cat|Darkest Lariat|p1b: Garchomp
|-crit|p1b: Garchomp
|-damage|p1b: Garchomp|0 fnt
|-damage|p2a: Mr Cat|0 fnt|[from] ability: Rough Skin|[of] p1b: Garchomp
|faint|p1b: Garchomp
|faint|p2a: Mr Cat
|
|-sideend|p1: chimpum12|move: Tailwind
|upkeep
|
|t:|1783958213
|switch|p1b: Farigiraf|Farigiraf, L50, F|55/100
|switch|p2a: Garchomp|Garchomp, L50, F|90/100
|turn|5
|
|t:|1783958230
|move|p2a: Garchomp|Protect|p2a: Garchomp
|-singleturn|p2a: Garchomp|Protect
|move|p1a: Aerodactyl|Ice Fang|p2a: Garchomp
|-activate|p2a: Garchomp|move: Protect
|move|p2b: Gholdengo|Nasty Plot|p2b: Gholdengo
|-boost|p2b: Gholdengo|spa|2
|move|p1b: Farigiraf|Trick Room|p1b: Farigiraf
|-fieldstart|move: Trick Room|[of] p1b: Farigiraf
|
|upkeep
|turn|6
|
|t:|1783958252
|move|p2b: Gholdengo|Protect|p2b: Gholdengo
|-singleturn|p2b: Gholdengo|Protect
|move|p1b: Farigiraf|Thunderbolt|p2b: Gholdengo
|-activate|p2b: Gholdengo|move: Protect
|move|p2a: Garchomp|Rock Slide|p1b: Farigiraf|[spread] p1a,p1b
|-supereffective|p1a: Aerodactyl|1
|-damage|p1a: Aerodactyl|40/100
|-damage|p1b: Farigiraf|35/100
|-enditem|p1b: Farigiraf|Sitrus Berry|[eat]
|-heal|p1b: Farigiraf|60/100|[from] item: Sitrus Berry
|-damage|p2a: Garchomp|80/100|[from] item: Life Orb
|move|p1a: Aerodactyl|Ice Fang|p2a: Garchomp|[miss]
|-miss|p1a: Aerodactyl|p2a: Garchomp
|
|upkeep
|turn|7
|
|t:|1783958272
|switch|p2b: Raichu|Raichu, L50, F|100/100
|move|p1b: Farigiraf|Psychic|p2b: Raichu
|-damage|p2b: Raichu|45/100
|move|p2a: Garchomp|Rock Slide|p1a: Aerodactyl|[spread] p1a,p1b
|-supereffective|p1a: Aerodactyl|1
|-damage|p1a: Aerodactyl|0 fnt
|-damage|p1b: Farigiraf|40/100
|faint|p1a: Aerodactyl
|-damage|p2a: Garchomp|70/100|[from] item: Life Orb
|
|upkeep
|
|t:|1783958282
|switch|p1a: Sylveon|Sylveon, L50, M|11/100
|turn|8
|
|t:|1783958293
|move|p2a: Garchomp|Protect|p2a: Garchomp
|-singleturn|p2a: Garchomp|Protect
|move|p2b: Raichu|Protect|p2b: Raichu
|-singleturn|p2b: Raichu|Protect
|move|p1b: Farigiraf|Psychic|p2b: Raichu
|-activate|p2b: Raichu|move: Protect
|move|p1a: Sylveon|Hyper Voice|p2a: Garchomp|[spread] 
|-activate|p2a: Garchomp|move: Protect
|-activate|p2b: Raichu|move: Protect
|
|upkeep
|turn|9
|
|t:|1783958308
|move|p2a: Garchomp|Protect||[still]
|-fail|p2a: Garchomp
|move|p2b: Raichu|Protect||[still]
|-fail|p2b: Raichu
|move|p1b: Farigiraf|Psychic|p2b: Raichu
|-damage|p2b: Raichu|0 fnt
|faint|p2b: Raichu
|move|p1a: Sylveon|Hyper Voice|p2a: Garchomp
|-supereffective|p2a: Garchomp|1
|-damage|p2a: Garchomp|0 fnt
|faint|p2a: Garchomp
|
|-fieldend|move: Trick Room
|upkeep
|
|t:|1783958313
|switch|p2b: Gholdengo|Gholdengo, L50|78/100
|turn|10
|
|t:|1783958325
|move|p1a: Sylveon|Detect|p1a: Sylveon
|-singleturn|p1a: Sylveon|Protect
|move|p2b: Gholdengo|Make It Rain|p1b: Farigiraf|[spread] p1b
|-activate|p1a: Sylveon|move: Protect
|-damage|p1b: Farigiraf|0 fnt
|-unboost|p2b: Gholdengo|spa|2
|faint|p1b: Farigiraf
|
|upkeep
|turn|11
|
|t:|1783958335
|move|p2b: Gholdengo|Shadow Ball|p1a: Sylveon
|-damage|p1a: Sylveon|0 fnt
|faint|p1a: Sylveon
|
|win|tryson69
||chimpum12 is ready for game 3.
||tryson69 is ready for game 3.
|uhtml|next|Next: Game 3 of 3
