|j|☆MidoMidori
|j|☆belinvgc
|html|MidoMidoribelinvgc    
|uhtml|bestof|Game 2 of a best-of-3
|t:|1756406512
|gametype|doubles
|player|p1|MidoMidori|roxanne-gen6|
|player|p2|belinvgc|169|
|gen|9
|tier|[Gen 9] VGC 2025 Reg H (Bo3)
|rule|Species Clause: Limit one of each Pokémon
|rule|Item Clause: Limit 1 of each item
|clearpoke
|poke|p1|Sneasler, L50, M|
|poke|p1|Indeedee, L50, M|
|poke|p1|Volcarona, L50, F|
|poke|p1|Ursaluna-Bloodmoon, L50, M|
|poke|p1|Annihilape, L50, F|
|poke|p1|Tyranitar, L50, M|
|poke|p2|Ursaluna-Bloodmoon, L50, M|
|poke|p2|Sinistcha, L50|
|poke|p2|Rillaboom, L50, F|
|poke|p2|Incineroar, L50, F|
|poke|p2|Sneasler, L50, F|
|poke|p2|Kingambit, L50, M|
|teampreview|4
|showteam|p1|Sneasler||PsychicSeed|Unburden|CloseCombat,DireClaw,ThroatChop,Protect|||M|||50|,,,,,Dark]Indeedee||ChoiceScarf|PsychicSurge|ExpandingForce,TeraBlast,Trick,Protect|||M|||50|,,,,,Psychic]Volcarona||SitrusBerry|FlameBody|Overheat,StruggleBug,RagePowder,Tailwind|||F|||50|,,,,,Grass]Ursaluna-Bloodmoon||LifeOrb|MindsEye|BloodMoon,HyperVoice,EarthPower,Protect|||M|||50|,,,,,Normal]Annihilape||SafetyGoggles|Defiant|CloseCombat,RageFist,Taunt,FinalGambit|||F|||50|,,,,,Fairy]Tyranitar||AssaultVest|SandStream|RockSlide,KnockOff,TeraBlast,LowKick|||M|||50|,,,,,Flying
|showteam|p2|Ursaluna-Bloodmoon||Leftovers|MindsEye|BloodMoon,EarthPower,CalmMind,Protect|||M|||50|,,,,,Water]Sinistcha||SitrusBerry|Hospitality|MatchaGotcha,RagePowder,LifeDew,TrickRoom||||||50|,,,,,Water]Rillaboom||AssaultVest|GrassySurge|GrassyGlide,DrumBeating,Uturn,FakeOut|||F|||50|,,,,,Fire]Incineroar||FigyBerry|Intimidate|FlareBlitz,KnockOff,PartingShot,FakeOut|||F|||50|,,,,,Grass]Sneasler||GrassySeed|Unburden|DireClaw,CloseCombat,Taunt,Protect|||F|||50|,,,,,Stellar]Kingambit||SafetyGoggles|Defiant|KowtowCleave,SuckerPunch,SwordsDance,Protect|||M|||50|,,,,,Dark
|
|t:|1756406541
|teamsize|p1|4
|teamsize|p2|4
|start
|switch|p1a: Volcarona|Volcarona, L50, F|100/100
|switch|p1b: Ursaluna|Ursaluna-Bloodmoon, L50, M|100/100
|switch|p2a: Ursaluna|Ursaluna-Bloodmoon, L50, M|100/100
|switch|p2b: Sneasler|Sneasler, L50, F|100/100
|turn|1
|
|t:|1756406571
|move|p1a: Volcarona|Rage Powder|p1a: Volcarona
|-singleturn|p1a: Volcarona|move: Rage Powder
|move|p2b: Sneasler|Taunt|p1a: Volcarona
|-start|p1a: Volcarona|move: Taunt
|move|p1b: Ursaluna|Earth Power|p2b: Sneasler
|-supereffective|p2b: Sneasler
|-damage|p2b: Sneasler|0 fnt
|faint|p2b: Sneasler
|-damage|p1b: Ursaluna|91/100|[from] item: Life Orb
|move|p2a: Ursaluna|Calm Mind|p2a: Ursaluna
|-boost|p2a: Ursaluna|spa|1
|-boost|p2a: Ursaluna|spd|1
|
|upkeep
|
|t:|1756406579
|switch|p2b: Incineroar|Incineroar, L50, F, shiny|100/100
|-ability|p2b: Incineroar|Intimidate|boost
|-unboost|p1a: Volcarona|atk|1
|-unboost|p1b: Ursaluna|atk|1
|turn|2
|
|t:|1756406597
|-terastallize|p1b: Ursaluna|Normal
|-terastallize|p2b: Incineroar|Grass
|move|p1a: Volcarona|Overheat|p2a: Ursaluna
|-damage|p2a: Ursaluna|59/100
|-unboost|p1a: Volcarona|spa|2
|move|p1b: Ursaluna|Hyper Voice|p2b: Incineroar|[spread] p2a,p2b
|-damage|p2a: Ursaluna|13/100
|-damage|p2b: Incineroar|39/100
|-damage|p1b: Ursaluna|81/100|[from] item: Life Orb
|move|p2b: Incineroar|Knock Off|p1a: Volcarona
|-damage|p1a: Volcarona|55/100
|-status|p2b: Incineroar|brn|[from] ability: Flame Body|[of] p1a: Volcarona
|-enditem|p1a: Volcarona|Sitrus Berry|[from] move: Knock Off|[of] p2b: Incineroar
|move|p2a: Ursaluna|Blood Moon|p1b: Ursaluna
|-damage|p1b: Ursaluna|0 fnt
|faint|p1b: Ursaluna
|
|-heal|p2a: Ursaluna|19/100|[from] item: Leftovers
|-damage|p2b: Incineroar|33/100 brn|[from] brn
|upkeep
|
|t:|1756406608
|switch|p1b: Indeedee|Indeedee, L50, M|100/100
|-fieldstart|move: Psychic Terrain|[from] ability: Psychic Surge|[of] p1b: Indeedee
|turn|3
|
|t:|1756406624
|switch|p1a: Sneasler|Sneasler, L50, M|100/100
|-enditem|p1a: Sneasler|Psychic Seed
|-boost|p1a: Sneasler|spd|1|[from] item: Psychic Seed
|switch|p2b: Rillaboom|Rillaboom, L50, F, shiny|100/100
|-fieldstart|move: Grassy Terrain|[from] ability: Grassy Surge|[of] p2b: Rillaboom
|move|p2a: Ursaluna|Protect|p2a: Ursaluna
|-singleturn|p2a: Ursaluna|Protect
|move|p1b: Indeedee|Expanding Force|p2a: Ursaluna
|-activate|p2a: Ursaluna|move: Protect
|
|-heal|p2a: Ursaluna|25/100|[from] Grassy Terrain
|-heal|p2a: Ursaluna|31/100|[from] item: Leftovers
|upkeep
|turn|4
|
|t:|1756406649
|move|p2b: Rillaboom|Fake Out|p1a: Sneasler
|-damage|p1a: Sneasler|75/100
|cant|p1a: Sneasler|flinch
|move|p1b: Indeedee|Expanding Force|p2a: Ursaluna
|-damage|p2a: Ursaluna|6/100
|move|p2a: Ursaluna|Blood Moon|p1b: Indeedee
|-damage|p1b: Indeedee|0 fnt
|faint|p1b: Indeedee
|
|-heal|p1a: Sneasler|80/100|[from] Grassy Terrain
|-heal|p2a: Ursaluna|13/100|[from] Grassy Terrain
|-heal|p2a: Ursaluna|19/100|[from] item: Leftovers
|upkeep
|
|t:|1756406652
|switch|p1b: Volcarona|Volcarona, L50, F|55/100
|turn|5
|
|t:|1756406661
|switch|p2b: Incineroar|Incineroar, L50, F, shiny, tera:Grass|33/100 brn
|-ability|p2b: Incineroar|Intimidate|boost
|-unboost|p1a: Sneasler|atk|1
|-unboost|p1b: Volcarona|atk|1
|move|p2a: Ursaluna|Protect|p2a: Ursaluna
|-singleturn|p2a: Ursaluna|Protect
|move|p1a: Sneasler|Close Combat|p2b: Incineroar
|-damage|p2b: Incineroar|0 fnt
|-unboost|p1a: Sneasler|def|1
|-unboost|p1a: Sneasler|spd|1
|faint|p2b: Incineroar
|move|p1b: Volcarona|Overheat|p2a: Ursaluna
|-activate|p2a: Ursaluna|move: Protect
|
|-heal|p1a: Sneasler|86/100|[from] Grassy Terrain
|-heal|p1b: Volcarona|62/100|[from] Grassy Terrain
|-heal|p2a: Ursaluna|25/100|[from] Grassy Terrain
|-heal|p2a: Ursaluna|31/100|[from] item: Leftovers
|upkeep
|
|t:|1756406673
|switch|p2b: Rillaboom|Rillaboom, L50, F, shiny|100/100
|turn|6
|
|t:|1756406713
|move|p2b: Rillaboom|Fake Out|p1a: Sneasler
|-damage|p1a: Sneasler|47/100
|cant|p1a: Sneasler|flinch
|move|p1b: Volcarona|Overheat|p2a: Ursaluna
|-damage|p2a: Ursaluna|0 fnt
|-unboost|p1b: Volcarona|spa|2
|faint|p2a: Ursaluna
|
|-heal|p1a: Sneasler|53/100|[from] Grassy Terrain
|-heal|p1b: Volcarona|68/100|[from] Grassy Terrain
|upkeep
|turn|7
|
|t:|1756406726
|move|p2b: Rillaboom|Grassy Glide|p1a: Sneasler
|-resisted|p1a: Sneasler
|-damage|p1a: Sneasler|0 fnt
|faint|p1a: Sneasler
|move|p1b: Volcarona|Overheat|p2b: Rillaboom
|-supereffective|p2b: Rillaboom
|-damage|p2b: Rillaboom|48/100
|-unboost|p1b: Volcarona|spa|2
|
|-heal|p1b: Volcarona|74/100|[from] Grassy Terrain
|-heal|p2b: Rillaboom|54/100|[from] Grassy Terrain
|-fieldend|move: Grassy Terrain
|upkeep
|turn|8
|
|t:|1756406736
|move|p1b: Volcarona|Overheat|p2b: Rillaboom
|-supereffective|p2b: Rillaboom
|-damage|p2b: Rillaboom|20/100
|-unboost|p1b: Volcarona|spa|2
|move|p2b: Rillaboom|Drum Beating|p1b: Volcarona
|-resisted|p1b: Volcarona
|-damage|p1b: Volcarona|60/100
|-unboost|p1b: Volcarona|spe|1
|
|upkeep
|turn|9
|
|t:|1756406755
|move|p2b: Rillaboom|Drum Beating|p1b: Volcarona
|-resisted|p1b: Volcarona
|-damage|p1b: Volcarona|47/100
|-unboost|p1b: Volcarona|spe|1
|move|p1b: Volcarona|Struggle Bug|p2b: Rillaboom
|-supereffective|p2b: Rillaboom
|-damage|p2b: Rillaboom|10/100
|-unboost|p2b: Rillaboom|spa|1
|
|upkeep
|turn|10
|
|t:|1756406773
|move|p2b: Rillaboom|Drum Beating|p1b: Volcarona
|-resisted|p1b: Volcarona
|-damage|p1b: Volcarona|33/100
|-unboost|p1b: Volcarona|spe|1
|move|p1b: Volcarona|Struggle Bug|p2b: Rillaboom
|-supereffective|p2b: Rillaboom
|-damage|p2b: Rillaboom|0 fnt
|faint|p2b: Rillaboom
|
|win|MidoMidori
|c|☆MidoMidori|Ggs
|l|☆belinvgc
|player|p2|
|c|☆MidoMidori|Sorry for being late
