|j|☆klanes1209
|j|☆jaborro95
|html|klanes1209jaborro95    
|uhtml|bestof|Game 1 of a best-of-3
|t:|1756483522
|gametype|doubles
|player|p1|klanes1209|170|1000
|player|p2|jaborro95|101|1052
|gen|9
|tier|[Gen 9] VGC 2025 Reg H (Bo3)
|rated|
|rule|Species Clause: Limit one of each Pokémon
|rule|Item Clause: Limit 1 of each item
|clearpoke
|poke|p1|Ursaluna-Bloodmoon, L50, M|
|poke|p1|Annihilape, L50, M|
|poke|p1|Dragonite, L50, F|
|poke|p1|Sableye, L50, M|
|poke|p1|Skeledirge, L50, M|
|poke|p1|Rillaboom, L50, M|
|poke|p2|Dragonite, L50, M|
|poke|p2|Volcarona, L50, F|
|poke|p2|Sneasler, L50, M|
|poke|p2|Rillaboom, L50, M|
|poke|p2|Electabuzz, L50, M|
|poke|p2|Kingambit, L50, M|
|teampreview|4
|showteam|p1|Ursaluna-Bloodmoon||AssaultVest|MindsEye|HyperVoice,BloodMoon,EarthPower,VacuumWave|||M|||50|,,,,,Psychic]Annihilape||LumBerry|Defiant|DrainPunch,RageFist,BulkUp,Protect|||M|||50|,,,,,Water]Dragonite||LoadedDice|Multiscale|ScaleShot,ExtremeSpeed,Haze,Protect|||F|||50|,,,,,Steel]Sableye||LightClay|Prankster|LightScreen,Reflect,Encore,Disable|||M|||50|,,,,,Grass]Skeledirge||SitrusBerry|Unaware|HeatWave,ShadowBall,TorchSong,Protect|||M|||50|,,,,,Fire]Rillaboom||MeadowPlate|GrassySurge|FakeOut,Uturn,GrassyGlide,WoodHammer|||M|||50|,,,,,Fire
|showteam|p2|Dragonite||LoadedDice|Multiscale|ScaleShot,ExtremeSpeed,Haze,Protect|||M|||50|,,,,,Fairy]Volcarona||CovertCloak|FlameBody|HeatWave,TeraBlast,QuiverDance,Protect|||F|||50|,,,,,Fairy]Sneasler||FocusSash|Unburden|CloseCombat,DireClaw,Coaching,Protect|||M|||50|,,,,,Stellar]Rillaboom||AssaultVest|GrassySurge|WoodHammer,GrassyGlide,HighHorsepower,FakeOut|||M|||50|,,,,,Water]Electabuzz||Eviolite|VitalSpirit|Thunderbolt,FollowMe,Taunt,Protect|||M|||50|,,,,,Ghost]Kingambit||BlackGlasses|Defiant|KowtowCleave,SuckerPunch,SwordsDance,Protect|||M|||50|,,,,,Dark
|
|t:|1756483619
|teamsize|p1|4
|teamsize|p2|4
|start
|switch|p1a: Ursaluna|Ursaluna-Bloodmoon, L50, M|100/100
|switch|p1b: Sableye|Sableye, L50, M|100/100
|switch|p2a: Electabuzz|Electabuzz, L50, M|100/100
|switch|p2b: Volcarona|Volcarona, L50, F|100/100
|turn|1
|
|t:|1756483675
|move|p2a: Electabuzz|Protect|p2a: Electabuzz
|-singleturn|p2a: Electabuzz|Protect
|move|p1b: Sableye|Light Screen|p1b: Sableye
|-sidestart|p1: klanes1209|move: Light Screen
|move|p2b: Volcarona|Quiver Dance|p2b: Volcarona
|-boost|p2b: Volcarona|spa|1
|-boost|p2b: Volcarona|spd|1
|-boost|p2b: Volcarona|spe|1
|move|p1a: Ursaluna|Hyper Voice|p2a: Electabuzz|[spread] p2b
|-activate|p2a: Electabuzz|move: Protect
|-damage|p2b: Volcarona|75/100
|
|upkeep
|turn|2
|
|t:|1756483725
|-terastallize|p2b: Volcarona|Fairy
|move|p2a: Electabuzz|Follow Me|p2a: Electabuzz
|-singleturn|p2a: Electabuzz|move: Follow Me
|move|p1b: Sableye|Encore|p2a: Electabuzz
|-start|p2a: Electabuzz|Encore
|move|p2b: Volcarona|Tera Blast|p1b: Sableye|[anim] Tera Blast Fairy
|-supereffective|p1b: Sableye
|-crit|p1b: Sableye
|-damage|p1b: Sableye|0 fnt
|faint|p1b: Sableye
|move|p1a: Ursaluna|Blood Moon|p2a: Electabuzz
|-damage|p2a: Electabuzz|41/100
|
|upkeep
|
|t:|1756483747
|switch|p1b: Rillaboom|Rillaboom, L50, M|100/100
|-fieldstart|move: Grassy Terrain|[from] ability: Grassy Surge|[of] p1b: Rillaboom
|turn|3
|
|t:|1756483781
|switch|p1b: Annihilape|Annihilape, L50, M|100/100
|move|p2b: Volcarona|Protect|p2b: Volcarona
|-singleturn|p2b: Volcarona|Protect
|move|p2a: Electabuzz|Follow Me|p2a: Electabuzz
|-singleturn|p2a: Electabuzz|move: Follow Me
|move|p1a: Ursaluna|Hyper Voice|p2b: Volcarona|[spread] p2a
|-activate|p2b: Volcarona|move: Protect
|-damage|p2a: Electabuzz|11/100
|
|-heal|p2b: Volcarona|81/100|[from] Grassy Terrain
|-heal|p2a: Electabuzz|17/100|[from] Grassy Terrain
|upkeep
|turn|4
|
|t:|1756483846
|move|p1b: Annihilape|Protect|p1b: Annihilape
|-singleturn|p1b: Annihilape|Protect
|move|p2a: Electabuzz|Follow Me|p2a: Electabuzz
|-singleturn|p2a: Electabuzz|move: Follow Me
|move|p2b: Volcarona|Quiver Dance|p2b: Volcarona
|-boost|p2b: Volcarona|spa|1
|-boost|p2b: Volcarona|spd|1
|-boost|p2b: Volcarona|spe|1
|move|p1a: Ursaluna|Hyper Voice|p2b: Volcarona|[spread] p2a,p2b
|-damage|p2a: Electabuzz|0 fnt
|-damage|p2b: Volcarona|60/100
|faint|p2a: Electabuzz
|
|-heal|p2b: Volcarona|67/100|[from] Grassy Terrain
|upkeep
|
|t:|1756483878
|switch|p2a: Dragonite|Dragonite, L50, M|100/100
|turn|5
|
|t:|1756483946
|move|p2b: Volcarona|Heat Wave|p1b: Annihilape|[spread] p1a,p1b
|-damage|p1a: Ursaluna|66/100
|-damage|p1b: Annihilape|68/100
|move|p2a: Dragonite|Scale Shot|p1b: Annihilape
|-damage|p1b: Annihilape|53/100
|-damage|p1b: Annihilape|38/100
|-crit|p1b: Annihilape
|-damage|p1b: Annihilape|18/100
|-damage|p1b: Annihilape|2/100
|-damage|p1b: Annihilape|0 fnt
|faint|p1b: Annihilape
|-hitcount|p1: Annihilape|5
|-unboost|p2a: Dragonite|def|1
|-boost|p2a: Dragonite|spe|1
|move|p1a: Ursaluna|Blood Moon|p2a: Dragonite
|-damage|p2a: Dragonite|59/100
|
|-heal|p2b: Volcarona|73/100|[from] Grassy Terrain
|-heal|p1a: Ursaluna|72/100|[from] Grassy Terrain
|upkeep
|-message|klanes1209 forfeited.
|
|win|jaborro95
