|j|☆erporros
|j|☆dysaghost
|html|erporrosdysaghost    
|uhtml|bestof|Game 2 of a best-of-3
|t:|1757655028
|gametype|doubles
|player|p1|erporros|blackbelt-gen4dp|1238
|player|p2|dysaghost|170|1170
|gen|9
|tier|[Gen 9] VGC 2025 Reg H (Bo3)
|rated|
|rule|Species Clause: Limit one of each Pokémon
|rule|Item Clause: Limit 1 of each item
|clearpoke
|poke|p1|Murkrow, L50, F|
|poke|p1|Dragapult, L50, M|
|poke|p1|Sneasler, L50, M|
|poke|p1|Maushold-Four, L50|
|poke|p1|Clefable, L50, F|
|poke|p1|Incineroar, L50, M|
|poke|p2|Garchomp, L50, M|
|poke|p2|Tyranitar, L50, M|
|poke|p2|Infernape, L50, M|
|poke|p2|Murkrow, L50, M|
|poke|p2|Rotom-Wash, L50|
|poke|p2|Chandelure, L50, F|
|teampreview|4
|showteam|p1|Murkrow||Eviolite|Prankster|Tailwind,Haze,SunnyDay,FoulPlay|||F|||50|,,,,,Ghost]Dragapult||ChoiceBand|ClearBody|Outrage,DragonDarts,PhantomForce,Uturn|||M|||50|,,,,,Dragon]Sneasler||FocusSash|Unburden|FakeOut,Protect,DireClaw,CloseCombat|||M|||50|,,,,,Ghost]Maushold-Four||WideLens|Technician|PopulationBomb,Protect,FollowMe,Taunt||||||50|,,,,,Ghost]Clefable||SitrusBerry|Unaware|FollowMe,Protect,Moonblast,MistyTerrain|||F|||50|,,,,,Water]Incineroar||SafetyGoggles|Intimidate|FlareBlitz,KnockOff,FakeOut,PartingShot|||M|||50|,,,,,Ghost
|showteam|p2|Garchomp||LifeOrb|RoughSkin|Earthquake,IronHead,DragonClaw,Protect|||M|||50|,,,,,Steel]Tyranitar||ClearAmulet|SandStream|KnockOff,RockSlide,TeraBlast,Protect|||M|||50|,,,,,Flying]Infernape||EjectPack|Blaze|FakeOut,AuraSphere,Overheat,Protect|||M|||50|,,,,,Stellar]Murkrow||Eviolite|Prankster|FoulPlay,Haze,Whirlwind,Tailwind|||M|||50|,,,,,Dark]Rotom-Wash||SitrusBerry|Levitate|TeraBlast,Thunderbolt,HydroPump,Protect||||||50|,,,,,Fire]Chandelure||SafetyGoggles|FlashFire|HeatWave,ShadowBall,TrickRoom,Protect|||F|||50|,,,,,Dark
|inactive|Battle timer is ON: inactive players will automatically lose when time's up. (requested by dysaghost)
|
|t:|1757655056
|teamsize|p1|4
|teamsize|p2|4
|start
|switch|p1a: Sneasler|Sneasler, L50, M|100/100
|switch|p1b: Dragapult|Dragapult, L50, M|100/100
|switch|p2a: Infernape|Infernape, L50, M|100/100
|switch|p2b: Chandelure|Chandelure, L50, F|100/100
|turn|1
|inactive|erporros has 30 seconds left.
|inactive|erporros has 20 seconds left.
|
|t:|1757655093
|move|p2a: Infernape|Fake Out|p1a: Sneasler
|-damage|p1a: Sneasler|84/100
|move|p1b: Dragapult|Phantom Force||[still]
|-prepare|p1b: Dragapult|Phantom Force
|cant|p1a: Sneasler|flinch
|move|p2b: Chandelure|Trick Room|p2b: Chandelure
|-fieldstart|move: Trick Room|[of] p2b: Chandelure
|
|upkeep
|turn|2
|
|t:|1757655107
|switch|p2b: Murkrow|Murkrow, L50, M|100/100
|move|p1a: Sneasler|Dire Claw|p2a: Infernape
|-damage|p2a: Infernape|31/100
|move|p2a: Infernape|Overheat|p1a: Sneasler
|-damage|p1a: Sneasler|0 fnt
|-unboost|p2a: Infernape|spa|2
|faint|p1a: Sneasler
|-enditem|p2a: Infernape|Eject Pack
|
|t:|1757655116
|switch|p2a: Garchomp|Garchomp, L50, M|100/100
|move|p1b: Dragapult|Phantom Force|p2b: Murkrow|[from] lockedmove
|-resisted|p2b: Murkrow
|-damage|p2b: Murkrow|60/100
|
|upkeep
|
|t:|1757655131
|switch|p1a: Clefable|Clefable, L50, F|100/100
|turn|3
|
|t:|1757655147
|switch|p1b: Murkrow|Murkrow, L50, F|100/100
|-terastallize|p2a: Garchomp|Steel
|move|p1a: Clefable|Moonblast|p2a: Garchomp
|-resisted|p2a: Garchomp
|-damage|p2a: Garchomp|84/100
|move|p2a: Garchomp|Earthquake|p1b: Murkrow|[spread] p1a
|-immune|p2b: Murkrow
|-immune|p1b: Murkrow
|-damage|p1a: Clefable|53/100
|-damage|p2a: Garchomp|74/100|[from] item: Life Orb
|move|p2b: Murkrow|Whirlwind|p1a: Clefable
|drag|p1a: Dragapult|Dragapult, L50, M|100/100
|
|upkeep
|turn|4
|inactive|erporros has 30 seconds left.
|
|t:|1757655174
|switch|p1a: Clefable|Clefable, L50, F|53/100
|move|p1b: Murkrow|Foul Play|p2a: Garchomp
|-damage|p2a: Garchomp|20/100
|-damage|p1b: Murkrow|89/100|[from] ability: Rough Skin|[of] p2a: Garchomp
|move|p2b: Murkrow|Foul Play|p1a: Clefable
|-resisted|p1a: Clefable
|-damage|p1a: Clefable|45/100
|-enditem|p1a: Clefable|Sitrus Berry|[eat]
|-heal|p1a: Clefable|70/100|[from] item: Sitrus Berry
|move|p2a: Garchomp|Iron Head|p1a: Clefable
|-supereffective|p1a: Clefable
|-damage|p1a: Clefable|0 fnt
|faint|p1a: Clefable
|-damage|p2a: Garchomp|10/100|[from] item: Life Orb
|
|upkeep
|
|t:|1757655189
|switch|p1a: Dragapult|Dragapult, L50, M|100/100
|turn|5
|inactive|erporros has 30 seconds left.
|inactive|erporros has 20 seconds left.
|inactive|erporros has 15 seconds left.
|inactive|erporros has 10 seconds left.
|
|t:|1757655247
|-terastallize|p1a: Dragapult|Dragon
|move|p2a: Garchomp|Protect|p2a: Garchomp
|-singleturn|p2a: Garchomp|Protect
|move|p2b: Murkrow|Tailwind|p2b: Murkrow
|-sidestart|p2: dysaghost|move: Tailwind
|move|p1b: Murkrow|Foul Play|p2a: Garchomp
|-activate|p2a: Garchomp|move: Protect
|move|p1a: Dragapult|Phantom Force||[still]
|-prepare|p1a: Dragapult|Phantom Force
|
|-fieldend|move: Trick Room
|upkeep
|turn|6
|inactive|erporros has 30 seconds left.
|inactive|dysaghost has 30 seconds left.
|inactive|dysaghost has 20 seconds left.
|
|t:|1757655284
|move|p2a: Garchomp|Dragon Claw|p1a: Dragapult|[miss]
|-miss|p2a: Garchomp|p1a: Dragapult
|move|p2b: Murkrow|Foul Play|p1a: Dragapult|[miss]
|-miss|p2b: Murkrow|p1a: Dragapult
|move|p1a: Dragapult|Phantom Force|p2b: Murkrow|[from] lockedmove
|-resisted|p2b: Murkrow
|-damage|p2b: Murkrow|19/100
|move|p1b: Murkrow|Foul Play|p2a: Garchomp
|-damage|p2a: Garchomp|0 fnt
|-damage|p1b: Murkrow|77/100|[from] ability: Rough Skin|[of] p2a: Garchomp
|faint|p2a: Garchomp
|
|upkeep
|
|t:|1757655298
|switch|p2a: Infernape|Infernape, L50, M|31/100
|turn|7
|
|t:|1757655310
|move|p2a: Infernape|Fake Out|p1b: Murkrow
|-damage|p1b: Murkrow|67/100
|cant|p1b: Murkrow|flinch
|move|p2b: Murkrow|Foul Play|p1a: Dragapult
|-damage|p1a: Dragapult|33/100
|move|p1a: Dragapult|Phantom Force||[still]
|-prepare|p1a: Dragapult|Phantom Force
|
|upkeep
|turn|8
|inactive|dysaghost has 30 seconds left.
|
|t:|1757655336
|move|p2a: Infernape|Overheat|p1b: Murkrow
|-damage|p1b: Murkrow|0 fnt
|-unboost|p2a: Infernape|spa|2
|faint|p1b: Murkrow
|move|p2b: Murkrow|Foul Play|p1a: Dragapult|[miss]
|-miss|p2b: Murkrow|p1a: Dragapult
|move|p1a: Dragapult|Phantom Force|p2a: Infernape|[from] lockedmove
|-damage|p2a: Infernape|0 fnt
|faint|p2a: Infernape
|
|-sideend|p2: dysaghost|move: Tailwind
|upkeep
|
|t:|1757655340
|switch|p2a: Chandelure|Chandelure, L50, F|100/100
|turn|9
|-message|erporros forfeited.
|
|win|dysaghost
||erporros is ready for game 3.
||dysaghost is ready for game 3.
|uhtml|next|Next: Game 3 of 3
