|j|â˜†zekrombewbsrgreat
|j|â˜†Rantix D Red
|html|zekrombewbsrgreatRantix D Red    
|uhtml|bestof|Game 2 of a best-of-3
|t:|1755460300
|gametype|doubles
|player|p1|zekrombewbsrgreat|n|1150
|player|p2|Rantix D Red|ghetsis-gen5bw|1200
|gen|9
|tier|[Gen 9] VGC 2025 Reg H (Bo3)
|rated|
|rule|Species Clause: Limit one of each PokÃ©mon
|rule|Item Clause: Limit 1 of each item
|clearpoke
|poke|p1|Torkoal, L50, F|
|poke|p1|Lilligant-Hisui, L50, F|
|poke|p1|Sunflora, L50, M|
|poke|p1|Porygon2, L50|
|poke|p1|Ursaluna, L50, M|
|poke|p1|Alcremie-Mint-Cream, L50, F|
|poke|p2|Tyranitar, L50, F|
|poke|p2|Excadrill, L50, M|
|poke|p2|Corviknight, L50, F|
|poke|p2|Gyarados, L50, M|
|poke|p2|Sneasler, L50, M|
|poke|p2|Indeedee-F, L50, F|
|teampreview|4
|showteam|p1|Torkoal||Charcoal|Drought|Eruption,EarthPower,HeatWave,Protect|||F|||50|,,,,,Fire]Lilligant-Hisui||FocusSash|Chlorophyll|SunnyDay,CloseCombat,AfterYou,LeafBlade|||F|||50|,,,,,Ghost]Sunflora||LifeOrb|SolarPower|EnergyBall,DazzlingGleam,WeatherBall,Protect|||M|||50|,,,,,Fairy]Porygon2||Eviolite|Download|TrickRoom,Recover,TriAttack,Protect||||||50|,,,,,Grass]Ursaluna||FlameOrb|Guts|Facade,HeadlongRush,Earthquake,Protect|||M|||50|,,,,,Ghost]Alcremie-Mint-Cream||SafetyGoggles|AromaVeil|Decorate,HelpingHand,Protect,AlluringVoice|||F|||50|,,,,,Ghost
|showteam|p2|Tyranitar||AssaultVest|SandStream|TeraBlast,RockSlide,KnockOff,LowKick|||F|||50|,,,,,Flying]Excadrill||ChoiceBand|SandRush|Earthquake,StompingTantrum,IronHead,RockSlide|||M|||50|,,,,,Ghost]Corviknight||PsychicSeed|MirrorArmor|Tailwind,BraveBird,Protect,BulkUp|||F|||50|,,,,,Water]Gyarados||ClearAmulet|Intimidate|Waterfall,Protect,Taunt,TeraBlast|||M|||50|,,,,,Fairy]Sneasler||FocusSash|PoisonTouch|FakeOut,DireClaw,Protect,CloseCombat|||M|||50|,,,,,Stellar]Indeedee-F||SitrusBerry|PsychicSurge|TrickRoom,FollowMe,Psychic,Protect|||F|||50|,,,,,Water
|inactive|Battle timer is ON: inactive players will automatically lose when time's up. (requested by Rantix D Red)
|
|t:|1755460335
|teamsize|p1|4
|teamsize|p2|4
|start
|switch|p1a: Porygon2|Porygon2, L50|100/100
|switch|p1b: Alcremie|Alcremie-Mint-Cream, L50, F|100/100
|switch|p2a: Gyarados|Gyarados, L50, M|100/100
|switch|p2b: Excadrill|Excadrill, L50, M|100/100
|-ability|p2a: Gyarados|Intimidate|boost
|-unboost|p1a: Porygon2|atk|1
|-unboost|p1b: Alcremie|atk|1
|-ability|p1a: Porygon2|Download|boost
|-boost|p1a: Porygon2|atk|1
|turn|1
|inactive|Rantix D Red has 30 seconds left.
|inactive|Rantix D Red has 20 seconds left.
|
|t:|1755460374
|move|p1b: Alcremie|Protect|p1b: Alcremie
|-singleturn|p1b: Alcremie|Protect
|move|p2b: Excadrill|Earthquake|p1b: Alcremie|[spread] p1a
|-activate|p1b: Alcremie|move: Protect
|-immune|p2a: Gyarados
|-damage|p1a: Porygon2|69/100
|move|p2a: Gyarados|Taunt|p1a: Porygon2
|-block|p1a: Porygon2|ability: Aroma Veil|[of] p1b: Alcremie
|move|p1a: Porygon2|Trick Room|p1a: Porygon2
|-fieldstart|move: Trick Room|[of] p1a: Porygon2
|
|upkeep
|turn|2
|inactive|Rantix D Red has 30 seconds left.
|
|t:|1755460409
|switch|p2b: Tyranitar|Tyranitar, L50, F|100/100
|-weather|Sandstorm|[from] ability: Sand Stream|[of] p2b: Tyranitar
|move|p1b: Alcremie|Decorate|p1a: Porygon2
|-boost|p1a: Porygon2|atk|2
|-boost|p1a: Porygon2|spa|2
|move|p1a: Porygon2|Tri Attack|p2a: Gyarados
|-damage|p2a: Gyarados|53/100
|-status|p2a: Gyarados|frz
|cant|p2a: Gyarados|frz
|
|-weather|Sandstorm|[upkeep]
|-damage|p1a: Porygon2|63/100|[from] Sandstorm
|-damage|p2a: Gyarados|47/100 frz|[from] Sandstorm
|upkeep
|turn|3
|inactive|Rantix D Red has 30 seconds left.
|inactive|zekrombewbsrgreat has 30 seconds left.
|inactive|Rantix D Red has 20 seconds left.
|
|t:|1755460451
|switch|p1a: Ursaluna|Ursaluna, L50, M|100/100
|switch|p2a: Sneasler|Sneasler, L50, M|100/100
|move|p1b: Alcremie|Decorate|p1a: Ursaluna
|-boost|p1a: Ursaluna|atk|2
|-boost|p1a: Ursaluna|spa|2
|move|p2b: Tyranitar|Knock Off|p1a: Ursaluna
|-damage|p1a: Ursaluna|68/100
|-enditem|p1a: Ursaluna|Flame Orb|[from] move: Knock Off|[of] p2b: Tyranitar
|
|-weather|Sandstorm|[upkeep]
|-damage|p2a: Sneasler|95/100|[from] Sandstorm
|upkeep
|turn|4
|inactive|zekrombewbsrgreat has 30 seconds left.
|
|t:|1755460479
|switch|p2b: Gyarados|Gyarados, L50, M|47/100 frz
|-ability|p2b: Gyarados|Intimidate|boost
|-unboost|p1a: Ursaluna|atk|1
|-unboost|p1b: Alcremie|atk|1
|move|p1b: Alcremie|Protect|p1b: Alcremie
|-singleturn|p1b: Alcremie|Protect
|move|p2a: Sneasler|Fake Out|p1a: Ursaluna
|-damage|p1a: Ursaluna|57/100
|cant|p1a: Ursaluna|flinch
|
|-weather|Sandstorm|[upkeep]
|-damage|p2b: Gyarados|41/100 frz|[from] Sandstorm
|-damage|p2a: Sneasler|89/100|[from] Sandstorm
|upkeep
|turn|5
|
|t:|1755460499
|-curestatus|p2b: Gyarados|frz|[msg]
|move|p2b: Gyarados|Protect|p2b: Gyarados
|-singleturn|p2b: Gyarados|Protect
|move|p2a: Sneasler|Protect|p2a: Sneasler
|-singleturn|p2a: Sneasler|Protect
|move|p1a: Ursaluna|Earthquake|p2b: Gyarados|[spread] p1b
|-activate|p2a: Sneasler|move: Protect
|-activate|p2b: Gyarados|move: Protect
|-damage|p1b: Alcremie|43/100
|move|p1b: Alcremie|Alluring Voice|p2b: Gyarados
|-activate|p2b: Gyarados|move: Protect
|
|-weather|Sandstorm|[upkeep]
|-damage|p2b: Gyarados|35/100|[from] Sandstorm
|-damage|p2a: Sneasler|83/100|[from] Sandstorm
|-fieldend|move: Trick Room
|upkeep
|turn|6
|
|t:|1755460521
|-terastallize|p1a: Ursaluna|Ghost
|move|p2a: Sneasler|Dire Claw|p1a: Ursaluna
|-resisted|p1a: Ursaluna
|-damage|p1a: Ursaluna|41/100
|-status|p1a: Ursaluna|psn|[from] ability: Poison Touch|[of] p2a: Sneasler
|move|p2b: Gyarados|Waterfall|p1a: Ursaluna
|-damage|p1a: Ursaluna|16/100 psn
|move|p1b: Alcremie|Alluring Voice|p2b: Gyarados
|-damage|p2b: Gyarados|9/100
|move|p1a: Ursaluna|Headlong Rush|p2a: Sneasler
|-supereffective|p2a: Sneasler
|-damage|p2a: Sneasler|0 fnt
|-unboost|p1a: Ursaluna|def|1
|-unboost|p1a: Ursaluna|spd|1
|faint|p2a: Sneasler
|
|-weather|none
|-damage|p1a: Ursaluna|3/100 psn|[from] psn
|upkeep
|inactive|Rantix D Red has 30 seconds left.
|
|t:|1755460552
|switch|p2a: Excadrill|Excadrill, L50, M|100/100
|turn|7
|
|t:|1755460571
|move|p1b: Alcremie|Protect|p1b: Alcremie
|-singleturn|p1b: Alcremie|Protect
|move|p2a: Excadrill|Earthquake|p1b: Alcremie|[spread] p1a
|-activate|p1b: Alcremie|move: Protect
|-immune|p2b: Gyarados
|-damage|p1a: Ursaluna|0 fnt
|faint|p1a: Ursaluna
|move|p2b: Gyarados|Waterfall|p1b: Alcremie
|-activate|p1b: Alcremie|move: Protect
|
|upkeep
|
|t:|1755460583
|switch|p1a: Porygon2|Porygon2, L50|63/100
|-ability|p1a: Porygon2|Download|boost
|-boost|p1a: Porygon2|atk|1
|turn|8
|
|t:|1755460594
|move|p2a: Excadrill|Earthquake|p1a: Porygon2|[spread] p1a,p1b
|-immune|p2b: Gyarados
|-damage|p1a: Porygon2|28/100
|-damage|p1b: Alcremie|0 fnt
|faint|p1b: Alcremie
|move|p2b: Gyarados|Waterfall|p1a: Porygon2
|-damage|p1a: Porygon2|8/100
|move|p1a: Porygon2|Trick Room|p1a: Porygon2
|-fieldstart|move: Trick Room|[of] p1a: Porygon2
|
|upkeep
|
|t:|1755460602
|switch|p1b: Torkoal|Torkoal, L50, F|100/100
|-weather|SunnyDay|[from] ability: Drought|[of] p1b: Torkoal
|turn|9
|inactive|Rantix D Red has 30 seconds left.
|inactive|Rantix D Red has 20 seconds left.
|
|t:|1755460642
|move|p1b: Torkoal|Eruption|p2b: Gyarados|[spread] p2a,p2b
|-supereffective|p2a: Excadrill
|-resisted|p2b: Gyarados
|-damage|p2a: Excadrill|0 fnt
|-damage|p2b: Gyarados|0 fnt
|faint|p2a: Excadrill
|faint|p2b: Gyarados
|move|p1a: Porygon2|Recover|p1a: Porygon2
|-heal|p1a: Porygon2|58/100
|
|-weather|SunnyDay|[upkeep]
|upkeep
|
|t:|1755460652
|switch|p2b: Tyranitar|Tyranitar, L50, F|100/100
|-weather|Sandstorm|[from] ability: Sand Stream|[of] p2b: Tyranitar
|turn|10
|
|t:|1755460661
|move|p1b: Torkoal|Earth Power|p2b: Tyranitar
|-supereffective|p2b: Tyranitar
|-damage|p2b: Tyranitar|81/100
|-unboost|p2b: Tyranitar|spd|1
|move|p1a: Porygon2|Tri Attack|p2b: Tyranitar
|-resisted|p2b: Tyranitar
|-damage|p2b: Tyranitar|73/100
|-status|p2b: Tyranitar|par
|move|p2b: Tyranitar|Rock Slide|p1b: Torkoal|[spread] p1a,p1b
|-supereffective|p1b: Torkoal
|-damage|p1a: Porygon2|41/100
|-damage|p1b: Torkoal|60/100
|
|-weather|Sandstorm|[upkeep]
|-damage|p1b: Torkoal|54/100|[from] Sandstorm
|-damage|p1a: Porygon2|34/100|[from] Sandstorm
|upkeep
|turn|11
|inactive|Rantix D Red has 30 seconds left.
|
|t:|1755460687
|move|p1b: Torkoal|Earth Power|p2b: Tyranitar
|-supereffective|p2b: Tyranitar
|-damage|p2b: Tyranitar|42/100 par
|move|p2b: Tyranitar|Rock Slide|p1a: Porygon2|[spread] p1a,p1b
|-supereffective|p1b: Torkoal
|-crit|p1b: Torkoal
|-damage|p1a: Porygon2|20/100
|-damage|p1b: Torkoal|0 fnt
|faint|p1b: Torkoal
|cant|p1a: Porygon2|flinch
|
|-weather|Sandstorm|[upkeep]
|-damage|p1a: Porygon2|14/100|[from] Sandstorm
|upkeep
|turn|12
|inactive|Rantix D Red has 30 seconds left.
|inactive|Rantix D Red has 20 seconds left.
|
|t:|1755460723
|move|p1a: Porygon2|Protect|p1a: Porygon2
|-singleturn|p1a: Porygon2|Protect
|move|p2b: Tyranitar|Knock Off|p1a: Porygon2
|-activate|p1a: Porygon2|move: Protect
|
|-weather|Sandstorm|[upkeep]
|-damage|p1a: Porygon2|7/100|[from] Sandstorm
|-fieldend|move: Trick Room
|upkeep
|turn|13
|
|t:|1755460725
|move|p1a: Porygon2|Recover|p1a: Porygon2
|-heal|p1a: Porygon2|57/100
|move|p2b: Tyranitar|Knock Off|p1a: Porygon2
|-damage|p1a: Porygon2|32/100
|-enditem|p1a: Porygon2|Eviolite|[from] move: Knock Off|[of] p2b: Tyranitar
|
|-weather|Sandstorm|[upkeep]
|-damage|p1a: Porygon2|26/100|[from] Sandstorm
|upkeep
|turn|14
|inactive|Rantix D Red has 30 seconds left.
|
|t:|1755460756
|move|p1a: Porygon2|Protect|p1a: Porygon2
|-singleturn|p1a: Porygon2|Protect
|move|p2b: Tyranitar|Low Kick|p1a: Porygon2
|-activate|p1a: Porygon2|move: Protect
|
|-weather|none
|upkeep
|turn|15
|
|t:|1755460768
|move|p1a: Porygon2|Recover|p1a: Porygon2
|-heal|p1a: Porygon2|76/100
|cant|p2b: Tyranitar|par
|
|upkeep
|turn|16
|
|t:|1755460776
|move|p1a: Porygon2|Tri Attack|p2b: Tyranitar
|-resisted|p2b: Tyranitar
|-damage|p2b: Tyranitar|30/100 par
|move|p2b: Tyranitar|Low Kick|p1a: Porygon2
|-supereffective|p1a: Porygon2
|-damage|p1a: Porygon2|43/100
|
|upkeep
|turn|17
|
|t:|1755460800
|move|p1a: Porygon2|Tri Attack|p2b: Tyranitar
|-resisted|p2b: Tyranitar
|-damage|p2b: Tyranitar|17/100 par
|cant|p2b: Tyranitar|par
|
|upkeep
|turn|18
|
|t:|1755460814
|move|p1a: Porygon2|Tri Attack|p2b: Tyranitar
|-resisted|p2b: Tyranitar
|-damage|p2b: Tyranitar|5/100 par
|move|p2b: Tyranitar|Low Kick|p1a: Porygon2
|-supereffective|p1a: Porygon2
|-damage|p1a: Porygon2|12/100
|
|upkeep
|turn|19
|-message|Rantix D Red forfeited.
|raw|zekrombewbsrgreat's rating: 1150 → 1179(+29 for winning)
|raw|Rantix D Red's rating: 1200 → 1171(-29 for losing)
|
|win|zekrombewbsrgreat
|l|â˜†zekrombewbsrgreat
|player|p1|
|l|â˜†Rantix D Red
|player|p2|
|j|â˜†zekrombewbsrgreat
|player|p1|zekrombewbsrgreat|n|
