|j|☆TapuYolo VGC
|j|☆go to vr
|html|TapuYolo VGCgo to vr    
|uhtml|bestof|Game 1 of a best-of-3
|t:|1756823999
|gametype|doubles
|player|p1|TapuYolo VGC|iris|
|player|p2|go to vr|colress|
|gen|9
|tier|[Gen 9] VGC 2025 Reg H (Bo3)
|rule|Species Clause: Limit one of each Pokémon
|rule|Item Clause: Limit 1 of each item
|clearpoke
|poke|p1|Gholdengo, L50|
|poke|p1|Kommo-o, L50, M|
|poke|p1|Tyranitar, L50, M|
|poke|p1|Incineroar, L50, M|
|poke|p1|Sinistcha, L50|
|poke|p1|Murkrow, L50, F|
|poke|p2|Incineroar, L50, F|
|poke|p2|Gholdengo, L50|
|poke|p2|Amoonguss, L50, M|
|poke|p2|Hydreigon, L50, F|
|poke|p2|Porygon2, L50|
|poke|p2|Ursaluna, L50, M|
|teampreview|4
|showteam|p1|Gholdengo||ChoiceSpecs|GoodasGold|MakeItRain,ShadowBall,Thunderbolt,PowerGem||||||50|,,,,,Steel]Kommo-o||Leftovers|Overcoat|ClangingScales,ClangorousSoul,AuraSphere,Protect|||M|||50|,,,,,Steel]Tyranitar||AssaultVest|SandStream|RockSlide,KnockOff,TeraBlast,LowKick|||M|||50|,,,,,Flying]Incineroar||SafetyGoggles|Intimidate|FlareBlitz,KnockOff,FakeOut,PartingShot|||M|||50|,,,,,Ghost]Sinistcha||RockyHelmet|Hospitality|MatchaGotcha,RagePowder,TrickRoom,LifeDew||||||50|,,,,,Water]Murkrow||Eviolite|Prankster|FoulPlay,Snarl,Tailwind,Haze|||F|||50|,,,,,Ghost
|showteam|p2|Incineroar||SitrusBerry|Intimidate|KnockOff,FakeOut,FlareBlitz,PartingShot|||F|||50|,,,,,Ghost]Gholdengo||MetalCoat|GoodasGold|Protect,NastyPlot,MakeItRain,ShadowBall||||||50|,,,,,Water]Amoonguss||RockyHelmet|Regenerator|Spore,RagePowder,PollenPuff,Protect|||M|||50|,,,,,Fairy]Hydreigon||SafetyGoggles|Levitate|DracoMeteor,Snarl,Tailwind,Protect|||F|||50|,,,,,Ghost]Porygon2||Eviolite|Download|Recover,IceBeam,TeraBlast,TrickRoom||||||50|,,,,,Fighting]Ursaluna||FlameOrb|Guts|Earthquake,Facade,HeadlongRush,Protect|||M|||50|,,,,,Ghost
|inactive|Battle timer is ON: inactive players will automatically lose when time's up. (requested by go to vr)
|c|☆go to vr|gh
|c|☆go to vr|glhf
|c|☆TapuYolo VGC|suerte!
|inactive|go to vr has 60 seconds left.
|
|t:|1756824054
|teamsize|p1|4
|teamsize|p2|4
|start
|switch|p1a: Kommo-o|Kommo-o, L50, M|100/100
|switch|p1b: Tyranitar|Tyranitar, L50, M|100/100
|switch|p2a: Incineroar|Incineroar, L50, F, shiny|100/100
|switch|p2b: Porygon2|Porygon2, L50|100/100
|-ability|p2a: Incineroar|Intimidate|boost
|-unboost|p1a: Kommo-o|atk|1
|-unboost|p1b: Tyranitar|atk|1
|-weather|Sandstorm|[from] ability: Sand Stream|[of] p1b: Tyranitar
|-ability|p2b: Porygon2|Download|boost
|-boost|p2b: Porygon2|spa|1
|turn|1
|inactive|go to vr has 30 seconds left.
|
|t:|1756824087
|move|p2a: Incineroar|Fake Out|p1a: Kommo-o
|-damage|p1a: Kommo-o|90/100
|cant|p1a: Kommo-o|flinch
|move|p1b: Tyranitar|Rock Slide|p2a: Incineroar|[spread] p2b
|-miss|p1b: Tyranitar|p2a: Incineroar
|-crit|p2b: Porygon2
|-damage|p2b: Porygon2|69/100
|move|p2b: Porygon2|Trick Room|p2b: Porygon2
|-fieldstart|move: Trick Room|[of] p2b: Porygon2
|
|-weather|Sandstorm|[upkeep]
|-damage|p2b: Porygon2|63/100|[from] Sandstorm
|-damage|p2a: Incineroar|94/100|[from] Sandstorm
|-heal|p1a: Kommo-o|95/100|[from] item: Leftovers
|upkeep
|turn|2
|inactive|go to vr has 30 seconds left.
|inactive|go to vr has 20 seconds left.
|inactive|go to vr has 15 seconds left.
|inactive|go to vr has 10 seconds left.
|inactive|go to vr has 5 seconds left.
|
|t:|1756824137
|-terastallize|p2b: Porygon2|Fighting
|move|p2b: Porygon2|Tera Blast|p1b: Tyranitar|[anim] Tera Blast Fighting
|-supereffective|p1b: Tyranitar
|-damage|p1b: Tyranitar|23/100
|move|p1b: Tyranitar|Knock Off|p2a: Incineroar
|-resisted|p2a: Incineroar
|-damage|p2a: Incineroar|79/100
|-enditem|p2a: Incineroar|Sitrus Berry|[from] move: Knock Off|[of] p1b: Tyranitar
|move|p2a: Incineroar|Parting Shot|p1a: Kommo-o
|-unboost|p1a: Kommo-o|atk|1
|-unboost|p1a: Kommo-o|spa|1
|
|t:|1756824151
|switch|p2a: Ursaluna|Ursaluna, L50, M|100/100|[from] Parting Shot
|move|p1a: Kommo-o|Clangorous Soul|p1a: Kommo-o
|-boost|p1a: Kommo-o|atk|1
|-boost|p1a: Kommo-o|def|1
|-boost|p1a: Kommo-o|spa|1
|-boost|p1a: Kommo-o|spd|1
|-boost|p1a: Kommo-o|spe|1
|-damage|p1a: Kommo-o|63/100
|
|-weather|Sandstorm|[upkeep]
|-damage|p2b: Porygon2|57/100|[from] Sandstorm
|-heal|p1a: Kommo-o|68/100|[from] item: Leftovers
|-status|p2a: Ursaluna|brn|[from] item: Flame Orb
|upkeep
|turn|3
|inactive|go to vr has 30 seconds left.
|
|t:|1756824185
|switch|p1b: Sinistcha|Sinistcha, L50|100/100
|-heal|p1a: Kommo-o|93/100|[from] ability: Hospitality|[of] p1b: Sinistcha
|move|p1a: Kommo-o|Protect|p1a: Kommo-o
|-singleturn|p1a: Kommo-o|Protect
|move|p2b: Porygon2|Tera Blast|p1b: Sinistcha|[anim] Tera Blast Fighting
|-immune|p1b: Sinistcha
|move|p2a: Ursaluna|Headlong Rush|p1a: Kommo-o
|-activate|p1a: Kommo-o|move: Protect
|
|-weather|Sandstorm|[upkeep]
|-damage|p2b: Porygon2|50/100|[from] Sandstorm
|-damage|p1b: Sinistcha|94/100|[from] Sandstorm
|-heal|p1a: Kommo-o|99/100|[from] item: Leftovers
|-damage|p2a: Ursaluna|95/100 brn|[from] brn
|upkeep
|turn|4
|inactive|go to vr has 30 seconds left.
|
|t:|1756824217
|move|p1b: Sinistcha|Rage Powder|p1b: Sinistcha
|-singleturn|p1b: Sinistcha|move: Rage Powder
|move|p2b: Porygon2|Ice Beam|p1b: Sinistcha
|-supereffective|p1b: Sinistcha
|-damage|p1b: Sinistcha|10/100
|move|p2a: Ursaluna|Earthquake|p1a: Kommo-o|[spread] p2b,p1a,p1b
|-crit|p2b: Porygon2
|-resisted|p1b: Sinistcha
|-crit|p1b: Sinistcha
|-damage|p2b: Porygon2|0 fnt
|-damage|p1a: Kommo-o|53/100
|-damage|p1b: Sinistcha|0 fnt
|faint|p2b: Porygon2
|faint|p1b: Sinistcha
|move|p1a: Kommo-o|Clangorous Soul|p1a: Kommo-o
|-boost|p1a: Kommo-o|atk|1
|-boost|p1a: Kommo-o|def|1
|-boost|p1a: Kommo-o|spa|1
|-boost|p1a: Kommo-o|spd|1
|-boost|p1a: Kommo-o|spe|1
|-damage|p1a: Kommo-o|20/100
|
|-weather|Sandstorm|[upkeep]
|-heal|p1a: Kommo-o|26/100|[from] item: Leftovers
|-damage|p2a: Ursaluna|89/100 brn|[from] brn
|upkeep
|
|t:|1756824235
|switch|p2b: Incineroar|Incineroar, L50, F, shiny|79/100
|switch|p1b: Tyranitar|Tyranitar, L50, M|23/100
|-ability|p2b: Incineroar|Intimidate|boost
|-unboost|p1a: Kommo-o|atk|1
|-unboost|p1b: Tyranitar|atk|1
|turn|5
|
|t:|1756824248
|switch|p2b: Hydreigon|Hydreigon, L50, F|100/100
|move|p1a: Kommo-o|Protect|p1a: Kommo-o
|-singleturn|p1a: Kommo-o|Protect
|move|p2a: Ursaluna|Earthquake|p1a: Kommo-o|[spread] p1b
|-activate|p1a: Kommo-o|move: Protect
|-immune|p2b: Hydreigon|[from] ability: Levitate
|-supereffective|p1b: Tyranitar
|-damage|p1b: Tyranitar|0 fnt
|faint|p1b: Tyranitar
|
|-weather|none
|-heal|p1a: Kommo-o|31/100|[from] item: Leftovers
|-damage|p2a: Ursaluna|83/100 brn|[from] brn
|-fieldend|move: Trick Room
|upkeep
|
|t:|1756824254
|switch|p1b: Gholdengo|Gholdengo, L50|100/100
|turn|6
|inactive|go to vr has 30 seconds left.
|inactive|go to vr has 20 seconds left.
|inactive|go to vr has 15 seconds left.
|
|t:|1756824296
|move|p2a: Ursaluna|Protect|p2a: Ursaluna
|-singleturn|p2a: Ursaluna|Protect
|move|p1a: Kommo-o|Clanging Scales|p2b: Hydreigon|[spread] p2b
|-activate|p2a: Ursaluna|move: Protect
|-supereffective|p2b: Hydreigon
|-damage|p2b: Hydreigon|0 fnt
|faint|p2b: Hydreigon
|-unboost|p1a: Kommo-o|def|1
|move|p1b: Gholdengo|Make It Rain|p2a: Ursaluna
|-activate|p2a: Ursaluna|move: Protect
|
|-heal|p1a: Kommo-o|37/100|[from] item: Leftovers
|-damage|p2a: Ursaluna|77/100 brn|[from] brn
|upkeep
|
|t:|1756824304
|switch|p2b: Incineroar|Incineroar, L50, F, shiny|79/100
|-ability|p2b: Incineroar|Intimidate|boost
|-unboost|p1a: Kommo-o|atk|1
|-unboost|p1b: Gholdengo|atk|1
|turn|7
|inactive|go to vr has 30 seconds left.
|
|t:|1756824336
|move|p1a: Kommo-o|Protect|p1a: Kommo-o
|-singleturn|p1a: Kommo-o|Protect
|move|p2b: Incineroar|Fake Out|p1a: Kommo-o
|-activate|p1a: Kommo-o|move: Protect
|move|p1b: Gholdengo|Make It Rain|p2a: Ursaluna|[spread] p2a,p2b
|-resisted|p2b: Incineroar
|-damage|p2a: Ursaluna|9/100 brn
|-damage|p2b: Incineroar|39/100
|-unboost|p1b: Gholdengo|spa|1
|move|p2a: Ursaluna|Earthquake|p1b: Gholdengo|[spread] p2b,p1b
|-activate|p1a: Kommo-o|move: Protect
|-supereffective|p2b: Incineroar
|-supereffective|p1b: Gholdengo
|-damage|p2b: Incineroar|0 fnt
|-damage|p1b: Gholdengo|0 fnt
|faint|p2b: Incineroar
|faint|p1b: Gholdengo
|
|-heal|p1a: Kommo-o|43/100|[from] item: Leftovers
|-damage|p2a: Ursaluna|3/100 brn|[from] brn
|upkeep
|turn|8
|-message|go to vr forfeited.
|
|win|TapuYolo VGC
|l|☆go to vr
|player|p2|
||go to vr is ready for game 2.
|inactive|TapuYolo VGC has 30 seconds to confirm battle start!
||TapuYolo VGC is ready for game 2.
|uhtml|next|Next: Game 2 of 3
|j|☆go to vr
|player|p2|go to vr|colress|
