|j|☆Diglett1
|j|☆bananamandoge420
|html|Diglett1bananamandoge420    
|uhtml|bestof|Game 1 of a best-of-3
|t:|1783311865
|gametype|doubles
|player|p1|Diglett1|swimmer|
|player|p2|bananamandoge420|102|
|gen|9
|tier|[Gen 9 Champions] VGC 2026 Reg M-B (Bo3)
|rule|Species Clause: Limit one of each Pokémon
|rule|Item Clause: Limit 1 of each item
|clearpoke
|poke|p1|Meowstic, L50, M, shiny|
|poke|p1|Torkoal, L50, M|
|poke|p1|Kingambit, L50, M|
|poke|p1|Garchomp, L50, F, shiny|
|poke|p1|Delphox, L50, F, shiny|
|poke|p1|Farigiraf, L50, M, shiny|
|poke|p2|Sinistcha, L50|
|poke|p2|Farigiraf, L50, M|
|poke|p2|Kingambit, L50, M|
|poke|p2|Skarmory, L50, F, shiny|
|poke|p2|Dragonite, L50, M|
|poke|p2|Pelipper, L50, M|
|teampreview|4
|showteam|p1|Meowstic||FocusSash|Prankster|SkillSwap,FakeOut,PsychicTerrain,Protect|Sassy||M|||50|]Torkoal||HeatRock|Drought|Eruption,Flamethrower,Protect,StealthRock|Bold||M|||50|]Kingambit||LumBerry|SupremeOverlord|SuckerPunch,SwordsDance,KowtowCleave,IronHead|Adamant||M|||50|]Garchomp||ChoiceScarf|RoughSkin|RockSlide,Earthquake,IronHead,DragonClaw|Jolly||F|||50|]Delphox||Delphoxite|Blaze|Flamethrower,DazzlingGleam,ExpandingForce,Substitute|Timid||F|||50|]Farigiraf||Leftovers|ArmorTail|TrickRoom,Psychic,HyperVoice,Protect|Sassy||M|||50|
|showteam|p2|Sinistcha||Leftovers|Hospitality|MatchaGotcha,ShadowBall,RagePowder,Protect|Quiet|||||50|]Farigiraf||SitrusBerry|ArmorTail|TwinBeam,Protect,TrickRoom,HelpingHand|Sassy||M|||50|]Kingambit||FocusSash|SupremeOverlord|SuckerPunch,LowKick,ThroatChop,IronHead|Brave||M|||50|]Skarmory||Skarmorite|KeenEye|Protect,BraveBird,BodyPress,IronHead|Adamant||F|||50|]Dragonite||IronBall|Multiscale|Fling,DragonRush,ExtremeSpeed,LightScreen|Adamant||M|||50|]Pelipper||LifeOrb|Drizzle|Hurricane,WeatherBall,Tailwind,Uturn|Modest||M|||50|
|j| ShmebKing
|
|t:|1783312009
|teamsize|p1|4
|teamsize|p2|4
|start
|switch|p1a: Big Man|Torkoal, L50, M|100/100
|switch|p1b: Andy|Farigiraf, L50, M, shiny|100/100
|switch|p2a: Queen's Gambit|Kingambit, L50, M|100/100
|switch|p2b: Figga|Farigiraf, L50, M|100/100
|-weather|SunnyDay|[from] ability: Drought|[of] p1a: Big Man
|turn|1
|inactive|Battle timer is ON: inactive players will automatically lose when time's up. (requested by bananamandoge420)
|
|t:|1783312132
|move|p2b: Figga|Twin Beam|p1a: Big Man
|-damage|p1a: Big Man|77/100
|-damage|p1a: Big Man|57/100
|-hitcount|p1a: Big Man|2
|move|p2a: Queen's Gambit|Throat Chop|p1a: Big Man
|-damage|p1a: Big Man|28/100
|-start|p1a: Big Man|Throat Chop|[silent]
|move|p1a: Big Man|Eruption|p2a: Queen's Gambit|[spread] p2a,p2b
|-supereffective|p2a: Queen's Gambit|1
|-damage|p2a: Queen's Gambit|68/100
|-damage|p2b: Figga|86/100
|move|p1b: Andy|Trick Room|p1b: Andy
|-fieldstart|move: Trick Room|[of] p1b: Andy
|
|-weather|SunnyDay|[upkeep]
|upkeep
|turn|2
|inactive|Diglett1 has 30 seconds left.
|inactive|bananamandoge420 has 30 seconds left.
|
|t:|1783312161
|move|p2a: Queen's Gambit|Sucker Punch||[still]
|cant|p1b: Andy|ability: Armor Tail|Sucker Punch|[of] p2a: Queen's Gambit
|move|p1a: Big Man|Flamethrower|p2a: Queen's Gambit
|-supereffective|p2a: Queen's Gambit|1
|-damage|p2a: Queen's Gambit|0 fnt
|faint|p2a: Queen's Gambit
|-end|p2a: Queen's Gambit|fallenundefined|[silent]
|move|p1b: Andy|Hyper Voice|p2b: Figga
|-damage|p2b: Figga|59/100
|move|p2b: Figga|Trick Room|p2b: Figga
|-fieldend|move: Trick Room
|
|-weather|SunnyDay|[upkeep]
|-end|p1a: Big Man|Throat Chop|[silent]
|upkeep
|
|t:|1783312171
|switch|p2a: Seagull|Pelipper, L50, M|100/100
|-weather|RainDance|[from] ability: Drizzle|[of] p2a: Seagull
|turn|3
|
|t:|1783312193
|switch|p1a: Racist|Kingambit, L50, M|100/100
|move|p2b: Figga|Helping Hand|p2a: Seagull
|-singleturn|p2a: Seagull|Helping Hand|[of] p2b: Figga
|move|p2a: Seagull|U-turn|p1b: Andy
|-supereffective|p1b: Andy|1
|-damage|p1b: Andy|62/100
|-damage|p2a: Seagull|90/100|[from] item: Life Orb
|
|t:|1783312202
|switch|p2a: John Cena|Dragonite, L50, M|100/100|[from] U-turn
|move|p1b: Andy|Psychic|p2a: John Cena
|-damage|p2a: John Cena|84/100
|
|-weather|RainDance|[upkeep]
|-heal|p1b: Andy|68/100|[from] item: Leftovers
|upkeep
|turn|4
|inactive|bananamandoge420 has 30 seconds left.
|
|t:|1783312235
|move|p2b: Figga|Protect|p2b: Figga
|-singleturn|p2b: Figga|Protect
|move|p1a: Racist|Kowtow Cleave|p2b: Figga
|-activate|p2b: Figga|move: Protect
|move|p2a: John Cena|Dragon Rush|p1b: Andy
|-damage|p1b: Andy|8/100
|move|p1b: Andy|Trick Room|p1b: Andy
|-fieldstart|move: Trick Room|[of] p1b: Andy
|
|-weather|RainDance|[upkeep]
|-heal|p1b: Andy|14/100|[from] item: Leftovers
|upkeep
|turn|5
|l| ShmebKing
|inactive|Diglett1 has 30 seconds left.
|inactive|bananamandoge420 has 30 seconds left.
|j| ShmebKing
|inactive|bananamandoge420 has 20 seconds left.
|inactive|Diglett1 has 20 seconds left.
|inactive|bananamandoge420 has 15 seconds left.
|inactive|Diglett1 has 15 seconds left.
|inactive|Diglett1 has 10 seconds left.
|
|t:|1783312288
|move|p2a: John Cena|Dragon Rush|p1b: Andy
|-damage|p1b: Andy|0 fnt
|faint|p1b: Andy
|move|p1a: Racist|Kowtow Cleave|p2b: Figga
|-supereffective|p2b: Figga|1
|-damage|p2b: Figga|0 fnt
|faint|p2b: Figga
|
|-weather|RainDance|[upkeep]
|upkeep
|
|t:|1783312296
|switch|p1b: Big Man|Torkoal, L50, M|28/100
|switch|p2b: Seagull|Pelipper, L50, M|90/100
|-weather|SunnyDay|[from] ability: Drought|[of] p1b: Big Man
|-weather|RainDance|[from] ability: Drizzle|[of] p2b: Seagull
|turn|6
|inactive|Diglett1 has 30 seconds left.
|inactive|bananamandoge420 has 30 seconds left.
|
|t:|1783312329
|move|p1b: Big Man|Protect|p1b: Big Man
|-singleturn|p1b: Big Man|Protect
|move|p2a: John Cena|Dragon Rush|p1b: Big Man
|-activate|p1b: Big Man|move: Protect
|move|p1a: Racist|Iron Head|p2a: John Cena
|-damage|p2a: John Cena|36/100
|move|p2b: Seagull|Hurricane|p1a: Racist
|-resisted|p1a: Racist|1
|-damage|p1a: Racist|70/100
|-start|p1a: Racist|confusion
|-enditem|p1a: Racist|Lum Berry|[eat]
|-end|p1a: Racist|confusion
|-damage|p2b: Seagull|80/100|[from] item: Life Orb
|
|-weather|RainDance|[upkeep]
|upkeep
|turn|7
|inactive|Diglett1 has 30 seconds left.
|inactive|bananamandoge420 has 30 seconds left.
|
|t:|1783312359
|move|p1b: Big Man|Eruption|p2b: Seagull|[spread] p2a,p2b
|-resisted|p2a: John Cena|1
|-crit|p2a: John Cena
|-resisted|p2b: Seagull|1
|-damage|p2a: John Cena|34/100
|-damage|p2b: Seagull|77/100
|move|p2a: John Cena|Dragon Rush|p1b: Big Man
|-damage|p1b: Big Man|0 fnt
|faint|p1b: Big Man
|move|p1a: Racist|Iron Head|p2a: John Cena
|-damage|p2a: John Cena|0 fnt
|faint|p2a: John Cena
|move|p2b: Seagull|Hurricane|p1a: Racist
|-resisted|p1a: Racist|1
|-damage|p1a: Racist|36/100
|-damage|p2b: Seagull|68/100|[from] item: Life Orb
|
|-weather|RainDance|[upkeep]
|upkeep
|
|t:|1783312370
|switch|p1b: Pedrophile|Garchomp, L50, F, shiny|100/100
|turn|8
|
|t:|1783312391
|move|p1a: Racist|Kowtow Cleave|p2b: Seagull
|-damage|p2b: Seagull|9/100
|move|p2b: Seagull|Hurricane|p1a: Racist
|-resisted|p1a: Racist|1
|-damage|p1a: Racist|3/100
|-damage|p2b: Seagull|0 fnt|[from] item: Life Orb
|faint|p2b: Seagull
|
|win|Diglett1
|inactive|Diglett1 has 30 seconds to confirm battle start!
|inactive|bananamandoge420 has 30 seconds to confirm battle start!
|l|☆bananamandoge420
|player|p2|
||Diglett1 is ready for game 2.
||bananamandoge420 is ready for game 2.
|uhtml|next|Next: Game 2 of 3
|l|☆Diglett1
|player|p1|
