|j|☆Promesus
|j|☆Welwitchia
|html|PromesusWelwitchia    
|uhtml|bestof|Game 2 of a best-of-3
|t:|1782546658
|gametype|doubles
|player|p1|Promesus|hilbert-wonderlauncher|1200
|player|p2|Welwitchia|pokemonbreeder-gen4|1040
|gen|9
|tier|[Gen 9 Champions] VGC 2026 Reg M-B (Bo3)
|rated|
|rule|Species Clause: Limit one of each Pokémon
|rule|Item Clause: Limit 1 of each item
|clearpoke
|poke|p1|Charizard, L50, M, shiny|
|poke|p1|Floette-Eternal, L50, F|
|poke|p1|Basculegion, L50, M|
|poke|p1|Whimsicott, L50, F|
|poke|p1|Garchomp, L50, M|
|poke|p1|Kingambit, L50, M|
|poke|p2|Chesnaught, L50, M|
|poke|p2|Lopunny, L50, F, shiny|
|poke|p2|Absol, L50, M|
|poke|p2|Blastoise, L50, F, shiny|
|poke|p2|Skeledirge, L50, M|
|poke|p2|Hatterene, L50, F, shiny|
|teampreview|4
|showteam|p1|Charizard||CharizarditeY|Blaze|HeatWave,WeatherBall,SolarBeam,Protect|Modest||M|||50|]Floette-Eternal||Floettite|FlowerVeil|LightofRuin,DazzlingGleam,Moonblast,Protect|Timid||F|||50|]Basculegion||MysticWater|Adaptability|WaveCrash,AquaJet,LastRespects,Protect|Adamant||M|||50|]Whimsicott||FocusSash|Prankster|Moonblast,Encore,Protect,Tailwind|Timid||F|||50|]Garchomp||LifeOrb|RoughSkin|RockSlide,Earthquake,DragonClaw,Protect|Jolly||M|||50|]Kingambit||BlackGlasses|Defiant|KowtowCleave,IronHead,Protect,SuckerPunch|Adamant||M|||50|
|showteam|p2|Chesnaught||Chesnaughtite|Bulletproof|Earthquake,BodyPress,SpikyShield,BodySlam|Impish||M|||50|]Lopunny||IronBall|Klutz|Bounce,Switcheroo,FakeOut,Attract|Jolly||F|||50|]Absol||Absolite|Pressure|Substitute,FutureSight,CloseCombat,SuckerPunch|Hasty||M|||50|]Blastoise||Leftovers|Torrent|Avalanche,FakeOut,MirrorCoat,MuddyWater|Brave||F|||50|]Skeledirge||SitrusBerry|Unaware|TorchSong,ScorchingSands,Curse,SlackOff|Bold||M|||50|]Hatterene||QuickClaw|Healer|MagicPowder,TrickRoom,DazzlingGleam,GuardSwap|Sassy||F|||50|
|inactive|Battle timer is ON: inactive players will automatically lose when time's up. (requested by Promesus)
|inactive|Promesus has 60 seconds left.
|c|☆Promesus|i'm truly impressed
|c|☆Welwitchia|Thanks
|inactive|Promesus has 30 seconds left.
|
|t:|1782546724
|teamsize|p1|4
|teamsize|p2|4
|start
|switch|p1a: Whimsicott|Whimsicott, L50, F|100/100
|switch|p1b: Floette|Floette-Eternal, L50, F|100/100
|switch|p2a: Hatterene|Hatterene, L50, F, shiny|100/100
|switch|p2b: Lopunny|Lopunny, L50, F, shiny|100/100
|turn|1
|inactive|Promesus has 30 seconds left.
|inactive|Welwitchia has 30 seconds left.
|inactive|Promesus has 20 seconds left.
|inactive|Promesus has 15 seconds left.
|c|☆Promesus|u enjoy the game and think of sth while other like me only adjust the nature, etc
|inactive|Promesus has 10 seconds left.
|
|t:|1782546771
|switch|p2b: Skeledirge|Skeledirge, L50, M|100/100
|move|p1b: Floette|Protect|p1b: Floette
|-singleturn|p1b: Floette|Protect
|move|p1a: Whimsicott|Moonblast|p2a: Hatterene
|-damage|p2a: Hatterene|70/100
|move|p2a: Hatterene|Trick Room|p2a: Hatterene
|-fieldstart|move: Trick Room|[of] p2a: Hatterene
|
|upkeep
|turn|2
|c|☆Welwitchia|Pkmn is supposed to be fun 😊
|inactive|Promesus has 30 seconds left.
|inactive|Welwitchia has 30 seconds left.
|inactive|Welwitchia has 20 seconds left.
|
|t:|1782546807
|detailschange|p1b: Floette|Floette-Mega, L50, F
|-mega|p1b: Floette|Floette|Floettite
|-ability|p1b: Floette|Fairy Aura
|move|p1a: Whimsicott|Protect|p1a: Whimsicott
|-singleturn|p1a: Whimsicott|Protect
|move|p2a: Hatterene|Dazzling Gleam|p1b: Floette|[spread] p1b
|-activate|p1a: Whimsicott|move: Protect
|-damage|p1b: Floette|69/100
|move|p2b: Skeledirge|Curse|p1b: Floette
|-start|p1b: Floette|Curse|[of] p2b: Skeledirge
|-damage|p2b: Skeledirge|50/100g
|move|p1b: Floette|Light of Ruin|p2a: Hatterene
|-damage|p2a: Hatterene|0 fnt
|faint|p2a: Hatterene
|-damage|p1b: Floette|31/100|[from] Recoil
|
|-damage|p1b: Floette|6/100|[from] Curse
|upkeep
|
|t:|1782546831
|switch|p2a: Chesnaught|Chesnaught, L50, M|100/100
|turn|3
|
|t:|1782546843
|detailschange|p2a: Chesnaught|Chesnaught-Mega, L50, M
|-mega|p2a: Chesnaught|Chesnaught|Chesnaughtite
|move|p2a: Chesnaught|Spiky Shield|p2a: Chesnaught
|-singleturn|p2a: Chesnaught|move: Protect
|move|p1a: Whimsicott|Encore|p2b: Skeledirge
|-start|p2b: Skeledirge|Encore
|move|p2b: Skeledirge|Curse||[still]
|-fail|p2b: Skeledirge
|move|p1b: Floette|Moonblast|p2a: Chesnaught
|-activate|p2a: Chesnaught|move: Protect
|
|-damage|p1b: Floette|0 fnt|[from] Curse
|faint|p1b: Floette
|upkeep
|
|t:|1782546854
|switch|p1b: Kingambit|Kingambit, L50, M|100/100
|turn|4
|
|t:|1782546863
|switch|p2b: Lopunny|Lopunny, L50, F, shiny|100/100
|move|p2a: Chesnaught|Spiky Shield||[still]
|-fail|p2a: Chesnaught
|move|p1a: Whimsicott|Encore|p2a: Chesnaught
|-start|p2a: Chesnaught|Encore
|move|p1b: Kingambit|Kowtow Cleave|p2b: Lopunny
|-damage|p2b: Lopunny|31/100
|
|upkeep
|turn|5
|c|☆Promesus|gg
|c|☆Promesus|that was fun
|inactive|Promesus has 30 seconds left.
|
|t:|1782546890
|move|p2a: Chesnaught|Spiky Shield|p2a: Chesnaught
|-singleturn|p2a: Chesnaught|move: Protect
|move|p2b: Lopunny|Fake Out|p1b: Kingambit
|-resisted|p1b: Kingambit|1
|-damage|p1b: Kingambit|96/100
|cant|p1b: Kingambit|flinch
|move|p1a: Whimsicott|Moonblast|p2b: Lopunny
|-damage|p2b: Lopunny|0 fnt
|faint|p2b: Lopunny
|
|-fieldend|move: Trick Room
|upkeep
|
|t:|1782546898
|switch|p2b: Skeledirge|Skeledirge, L50, M|50/100g
|turn|6
|
|t:|1782546904
|move|p2a: Chesnaught|Spiky Shield|p2a: Chesnaught
|-singleturn|p2a: Chesnaught|move: Protect
|move|p1a: Whimsicott|Tailwind|p1a: Whimsicott
|-sidestart|p1: Promesus|move: Tailwind
|move|p1b: Kingambit|Kowtow Cleave|p2b: Skeledirge
|-supereffective|p2b: Skeledirge|1
|-damage|p2b: Skeledirge|0 fnt
|faint|p2b: Skeledirge
|
|upkeep
|turn|7
|
|t:|1782546918
|move|p2a: Chesnaught|Spiky Shield||[still]
|-fail|p2a: Chesnaught
|move|p1a: Whimsicott|Moonblast|p2a: Chesnaught
|-supereffective|p2a: Chesnaught|1
|-damage|p2a: Chesnaught|37/100
|move|p1b: Kingambit|Iron Head|p2a: Chesnaught
|-damage|p2a: Chesnaught|17/100
|
|-end|p2a: Chesnaught|Encore
|upkeep
|turn|8
|c|☆Welwitchia|Thanks
|
|t:|1782546931
|switch|p1a: Basculegion|Basculegion, L50, M|100/100
|move|p1b: Kingambit|Iron Head|p2a: Chesnaught
|-damage|p2a: Chesnaught|0 fnt
|faint|p2a: Chesnaught
|
|win|Promesus
|raw|Promesus's rating: 1200 → 1214(+14 for winning)
|raw|Welwitchia's rating: 1040 → 1031(-9 for losing)
