|j|☆Encore Ogerpon
|j|☆raksbachtesting1
|html|Encore Ogerponraksbachtesting1    
|uhtml|bestof|Game 1 of a best-of-3
|t:|1785337877
|gametype|doubles
|player|p1|Encore Ogerpon|lance-masters|1100
|player|p2|raksbachtesting1|doubleteam|1149
|gen|9
|tier|[Gen 9 Champions] VGC 2026 Reg M-B (Bo3)
|rated|
|rule|Species Clause: Limit one of each Pokémon
|rule|Item Clause: Limit 1 of each item
|clearpoke
|poke|p1|Kingambit, L50, F|
|poke|p1|Garchomp, L50, F|
|poke|p1|Farigiraf, L50, F|
|poke|p1|Charizard, L50, M|
|poke|p1|Sylveon, L50, F|
|poke|p1|Aerodactyl, L50, M|
|poke|p2|Staraptor, L50, M|
|poke|p2|Glimmora, L50, F|
|poke|p2|Whimsicott, L50, F|
|poke|p2|Kingambit, L50, M|
|poke|p2|Garchomp, L50, M|
|poke|p2|Delphox, L50, M|
|teampreview|4
|showteam|p1|Kingambit||BlackGlasses|Defiant|Protect,IronHead,SuckerPunch,KowtowCleave|Brave||F|||50|]Garchomp||LifeOrb|RoughSkin|DragonClaw,Earthquake,RockSlide,Protect|Jolly||F|||50|]Farigiraf||SitrusBerry|ArmorTail|TwinBeam,Thunderbolt,TrickRoom,HelpingHand|Bold||F|||50|]Charizard||CharizarditeY|Blaze|Protect,HeatWave,SolarBeam,WeatherBall|Modest||M|||50|]Sylveon||FairyFeather|Pixilate|Detect,HyperBeam,HyperVoice,QuickAttack|Modest||F|||50|]Aerodactyl||Aerodactylite|Unnerve|WideGuard,RockSlide,DualWingbeat,Tailwind|Jolly||M|||50|
|showteam|p2|Staraptor||Staraptite|Intimidate|CloseCombat,BraveBird,Roost,Protect|Jolly||M|||50|]Glimmora||FocusSash|ToxicDebris|PowerGem,SludgeBomb,EarthPower,SpikyShield|Modest||F|||50|]Whimsicott||OccaBerry|Prankster|Tailwind,Moonblast,Charm,LightScreen|Timid||F|||50|]Kingambit||ChopleBerry|Defiant|KowtowCleave,IronHead,LowKick,SuckerPunch|Adamant||M|||50|]Garchomp||LifeOrb|RoughSkin|Earthquake,DragonClaw,RockSlide,Protect|Adamant||M|||50|]Delphox||Delphoxite|Blaze|HeatWave,Psychic,Encore,Protect|Timid||M|||50|
|inactive|Battle timer is ON: inactive players will automatically lose when time's up. (requested by raksbachtesting1)
|inactive|Encore Ogerpon also wants the timer to be on.
|inactive|Encore Ogerpon has 60 seconds left.
|inactive|raksbachtesting1 has 60 seconds left.
|
|t:|1785337928
|teamsize|p1|4
|teamsize|p2|4
|start
|switch|p1a: Sylveon|Sylveon, L50, F|100/100
|switch|p1b: Farigiraf|Farigiraf, L50, F|100/100
|switch|p2a: Whimsicott|Whimsicott, L50, F|100/100
|switch|p2b: Glimmora|Glimmora, L50, F|100/100
|turn|1
|inactive|raksbachtesting1 has 30 seconds left.
|
|t:|1785337954
|move|p1a: Sylveon|Detect|p1a: Sylveon
|-singleturn|p1a: Sylveon|Protect
|move|p2a: Whimsicott|Light Screen|p2a: Whimsicott
|-sidestart|p2: raksbachtesting1|move: Light Screen
|move|p2b: Glimmora|Sludge Bomb|p1b: Farigiraf
|-damage|p1b: Farigiraf|50/100g
|move|p1b: Farigiraf|Twin Beam|p2b: Glimmora
|-supereffective|p2b: Glimmora|1
|-damage|p2b: Glimmora|72/100
|-supereffective|p2b: Glimmora|1
|-damage|p2b: Glimmora|44/100
|-hitcount|p2b: Glimmora|2
|
|upkeep
|turn|2
|
|t:|1785337971
|switch|p2a: Kingambit|Kingambit, L50, M|100/100
|move|p2b: Glimmora|Spiky Shield|p2b: Glimmora
|-singleturn|p2b: Glimmora|move: Protect
|move|p1a: Sylveon|Hyper Voice|p2a: Kingambit|[spread] p2a
|-activate|p2b: Glimmora|move: Protect
|-damage|p2a: Kingambit|72/100
|move|p1b: Farigiraf|Twin Beam|p2b: Glimmora
|-activate|p2b: Glimmora|move: Protect
|
|upkeep
|turn|3
|
|t:|1785337993
|move|p1b: Farigiraf|Helping Hand|p1a: Sylveon
|-singleturn|p1a: Sylveon|Helping Hand|[of] p1b: Farigiraf
|move|p2a: Kingambit|Sucker Punch||[still]
|cant|p1b: Farigiraf|ability: Armor Tail|Sucker Punch|[of] p2a: Kingambit
|move|p2b: Glimmora|Sludge Bomb|p1a: Sylveon
|-supereffective|p1a: Sylveon|1
|-damage|p1a: Sylveon|26/100
|move|p1a: Sylveon|Hyper Beam|p2a: Kingambit
|-damage|p2a: Kingambit|0 fnt
|-mustrecharge|p1a: Sylveon
|faint|p2a: Kingambit
|
|upkeep
|
|t:|1785338005
|switch|p2a: Delphox|Delphox, L50, M|100/100
|turn|4
|
|t:|1785338019
|detailschange|p2a: Delphox|Delphox-Mega, L50, M
|-mega|p2a: Delphox|Delphox|Delphoxite
|move|p2a: Delphox|Encore|p1b: Farigiraf
|-start|p1b: Farigiraf|Encore
|move|p1b: Farigiraf|Helping Hand|p1a: Sylveon
|-singleturn|p1a: Sylveon|Helping Hand|[of] p1b: Farigiraf
|move|p2b: Glimmora|Sludge Bomb|p1b: Farigiraf
|-damage|p1b: Farigiraf|0 fnt
|faint|p1b: Farigiraf
|cant|p1a: Sylveon|recharge
|
|upkeep
|
|t:|1785338042
|switch|p1b: Kingambit|Kingambit, L50, F|100/100
|turn|5
|
|t:|1785338050
|move|p2a: Delphox|Protect|p2a: Delphox
|-singleturn|p2a: Delphox|Protect
|move|p1b: Kingambit|Sucker Punch||[still]
|-fail|p1b: Kingambit
|move|p2b: Glimmora|Earth Power|p1b: Kingambit
|-supereffective|p1b: Kingambit|1
|-damage|p1b: Kingambit|27/100
|move|p1a: Sylveon|Hyper Beam|p2b: Glimmora
|-resisted|p2b: Glimmora|1
|-damage|p2b: Glimmora|0 fnt
|-mustrecharge|p1a: Sylveon
|faint|p2b: Glimmora
|
|-sideend|p2: raksbachtesting1|move: Light Screen
|upkeep
|
|t:|1785338062
|switch|p2b: Whimsicott|Whimsicott, L50, F|100/100
|turn|6
|
|t:|1785338074
|move|p1b: Kingambit|Protect|p1b: Kingambit
|-singleturn|p1b: Kingambit|Protect
|move|p2b: Whimsicott|Tailwind|p2b: Whimsicott
|-sidestart|p2: raksbachtesting1|move: Tailwind
|move|p2a: Delphox|Encore|p1b: Kingambit
|-activate|p1b: Kingambit|move: Protect
|cant|p1a: Sylveon|recharge
|
|upkeep
|turn|7
|
|t:|1785338089
|switch|p1b: Charizard|Charizard, L50, M|100/100
|move|p2a: Delphox|Heat Wave|p1b: Charizard|[spread] p1a,p1b
|-resisted|p1b: Charizard|1
|-damage|p1a: Sylveon|0 fnt
|-damage|p1b: Charizard|75/100
|faint|p1a: Sylveon
|move|p2b: Whimsicott|Moonblast|p1b: Charizard
|-resisted|p1b: Charizard|1
|-damage|p1b: Charizard|60/100
|
|upkeep
|
|t:|1785338095
|switch|p1a: Kingambit|Kingambit, L50, F|27/100
|turn|8
|
|t:|1785338105
|detailschange|p1b: Charizard|Charizard-Mega-Y, L50, M
|-mega|p1b: Charizard|Charizard|Charizardite Y
|-weather|SunnyDay|[from] ability: Drought|[of] p1b: Charizard
|move|p2a: Delphox|Protect|p2a: Delphox
|-singleturn|p2a: Delphox|Protect
|move|p1a: Kingambit|Sucker Punch||[still]
|-fail|p1a: Kingambit
|move|p2b: Whimsicott|Moonblast|p1a: Kingambit
|-crit|p1a: Kingambit
|-damage|p1a: Kingambit|0 fnt
|faint|p1a: Kingambit
|move|p1b: Charizard|Heat Wave|p2b: Whimsicott|[spread] p2b
|-activate|p2a: Delphox|move: Protect
|-supereffective|p2b: Whimsicott|1
|-enditem|p2b: Whimsicott|Occa Berry|[eat]
|-enditem|p2b: Whimsicott|Occa Berry|[weaken]
|-damage|p2b: Whimsicott|7/100
|
|-weather|SunnyDay|[upkeep]
|upkeep
|turn|9
|inactive|raksbachtesting1 has 30 seconds left.
|
|t:|1785338133
|move|p2b: Whimsicott|Light Screen|p2b: Whimsicott
|-sidestart|p2: raksbachtesting1|move: Light Screen
|move|p2a: Delphox|Psychic|p1b: Charizard
|-damage|p1b: Charizard|7/100
|move|p1b: Charizard|Heat Wave|p2b: Whimsicott|[spread] p2b
|-miss|p1b: Charizard|p2a: Delphox
|-supereffective|p2b: Whimsicott|1
|-damage|p2b: Whimsicott|0 fnt
|faint|p2b: Whimsicott
|
|-weather|SunnyDay|[upkeep]
|-sideend|p2: raksbachtesting1|move: Tailwind
|upkeep
|turn|10
|
|t:|1785338148
|move|p2a: Delphox|Psychic|p1b: Charizard
|-damage|p1b: Charizard|0 fnt
|faint|p1b: Charizard
|
|win|raksbachtesting1
