|badge|p1|silver|gen9ou|30-6
|uhtml|medal-msg|Curious what those medals under the avatar are? PS now has Ladder Seasons! For more information, check out the thread on Smogon.
|j|☆JackRG1
|j|☆Gentlefish
|html|JackRG1Gentlefish    
|uhtml|bestof|Game 1 of a best-of-3
|t:|1757723455
|gametype|doubles
|player|p1|JackRG1|dawn-gen4pt|1145
|player|p2|Gentlefish|burglar-gen1rb|1165
|gen|9
|tier|[Gen 9] VGC 2025 Reg H (Bo3)
|rated|
|rule|Species Clause: Limit one of each Pokémon
|rule|Item Clause: Limit 1 of each item
|clearpoke
|poke|p1|Tyranitar, L50, M|
|poke|p1|Excadrill, L50, F|
|poke|p1|Gastrodon-East, L50, M|
|poke|p1|Annihilape, L50, M|
|poke|p1|Grimmsnarl, L50, M|
|poke|p1|Corviknight, L50, M|
|poke|p2|Garchomp, L50, M|
|poke|p2|Gholdengo, L50|
|poke|p2|Talonflame, L50, F|
|poke|p2|Annihilape, L50, F|
|poke|p2|Weezing-Galar, L50, M|
|poke|p2|Archaludon, L50, M|
|teampreview|4
|showteam|p1|Tyranitar||AssaultVest|SandStream|RockSlide,KnockOff,TeraBlast,LowKick|||M|||50|,,,,,Flying]Excadrill||FocusSash|SandRush|Earthquake,HighHorsepower,IronHead,Protect|||F|||50|,,,,,Ground]Gastrodon-East||Leftovers|StormDrain|EarthPower,IcyWind,ClearSmog,Protect|||M|||50|,,,,,Poison]Annihilape||ChoiceScarf|Defiant|CloseCombat,Uturn,Coaching,FinalGambit|||M|||50|,,,,,Grass]Grimmsnarl||LightClay|Prankster|SpiritBreak,Reflect,LightScreen,MistyTerrain|||M|||50|,,,,,Ghost]Corviknight||SitrusBerry|MirrorArmor|BraveBird,PowerTrip,BulkUp,Roost|||M|||50|,,,,,Dragon
|showteam|p2|Garchomp||LifeOrb|RoughSkin|StompingTantrum,Earthquake,DragonClaw,Protect|||M|||50|,,,,,Ground]Gholdengo||ChoiceSpecs|GoodasGold|MakeItRain,ShadowBall,DazzlingGleam,PowerGem||||||50|,,,,,Fairy]Talonflame||CovertCloak|GaleWings|DualWingbeat,FlareBlitz,Tailwind,Taunt|||F|||50|,,,,,Grass]Annihilape||AssaultVest|Defiant|CloseCombat,RageFist,FinalGambit,IcePunch|||F|||50|,,,,,Grass]Weezing-Galar||FocusSash|NeutralizingGas|SludgeBomb,StrangeSteam,Taunt,Protect|||M|||50|,,,,,Flying]Archaludon||PowerHerb|Sturdy|Thunderbolt,ElectroShot,DracoMeteor,Protect|||M|||50|,,,,,Electric
|inactive|Battle timer is ON: inactive players will automatically lose when time's up. (requested by JackRG1)
|inactive|JackRG1 has 60 seconds left.
|inactive|Gentlefish has 60 seconds left.
|inactive|Gentlefish has 30 seconds left.
|inactive|JackRG1 has 30 seconds left.
|inactive|Gentlefish has 20 seconds left.
|inactive|Gentlefish has 15 seconds left.
|inactive|Gentlefish has 10 seconds left.
|inactive|Gentlefish has 5 seconds left.
|
|t:|1757723544
|teamsize|p1|4
|teamsize|p2|4
|start
|switch|p1a: Tyranitar|Tyranitar, L50, M|100/100
|switch|p1b: Annihilape|Annihilape, L50, M|100/100
|switch|p2a: Weezing|Weezing-Galar, L50, M|100/100
|switch|p2b: Talonflame|Talonflame, L50, F|100/100
|-ability|p2a: Weezing|Neutralizing Gas
|turn|1
|inactive|JackRG1 has 30 seconds left.
|inactive|Gentlefish has 30 seconds left.
|
|t:|1757723571
|switch|p1b: Grimmsnarl|Grimmsnarl, L50, M|100/100
|move|p2a: Weezing|Protect|p2a: Weezing
|-singleturn|p2a: Weezing|Protect
|move|p2b: Talonflame|Tailwind|p2b: Talonflame
|-sidestart|p2: Gentlefish|move: Tailwind
|move|p1a: Tyranitar|Rock Slide|p2a: Weezing|[spread] p2b
|-activate|p2a: Weezing|move: Protect
|-supereffective|p2b: Talonflame
|-damage|p2b: Talonflame|0 fnt
|faint|p2b: Talonflame
|
|upkeep
|
|t:|1757723593
|switch|p2b: Archaludon|Archaludon, L50, M|100/100
|turn|2
|inactive|JackRG1 has 30 seconds left.
|inactive|Gentlefish has 30 seconds left.
|
|t:|1757723627
|move|p2b: Archaludon|Electro Shot||[still]
|-prepare|p2b: Archaludon|Electro Shot
|-boost|p2b: Archaludon|spa|1
|-enditem|p2b: Archaludon|Power Herb
|-anim|p2b: Archaludon|Electro Shot|p1b: Grimmsnarl
|-damage|p1b: Grimmsnarl|39/100
|move|p2a: Weezing|Sludge Bomb|p1b: Grimmsnarl
|-supereffective|p1b: Grimmsnarl
|-damage|p1b: Grimmsnarl|0 fnt
|faint|p1b: Grimmsnarl
|move|p1a: Tyranitar|Rock Slide|p2b: Archaludon|[spread] p2a,p2b
|-resisted|p2b: Archaludon
|-damage|p2a: Weezing|64/100
|-damage|p2b: Archaludon|88/100
|
|upkeep
|
|t:|1757723635
|switch|p1b: Annihilape|Annihilape, L50, M|100/100
|turn|3
|inactive|Gentlefish has 30 seconds left.
|inactive|Gentlefish has 20 seconds left.
|inactive|Gentlefish has 15 seconds left.
|
|t:|1757723676
|move|p2b: Archaludon|Protect|p2b: Archaludon
|-singleturn|p2b: Archaludon|Protect
|move|p1b: Annihilape|Coaching|p1a: Tyranitar
|-boost|p1a: Tyranitar|atk|1
|-boost|p1a: Tyranitar|def|1
|move|p2a: Weezing|Strange Steam|p1b: Annihilape
|-supereffective|p1b: Annihilape
|-damage|p1b: Annihilape|28/100
|-start|p1b: Annihilape|confusion
|move|p1a: Tyranitar|Low Kick|p2b: Archaludon
|-activate|p2b: Archaludon|move: Protect
|
|upkeep
|turn|4
|inactive|Gentlefish has 30 seconds left.
|
|t:|1757723702
|-terastallize|p2b: Archaludon|Electric
|move|p2b: Archaludon|Draco Meteor|p1a: Tyranitar
|-damage|p1a: Tyranitar|38/100
|-unboost|p2b: Archaludon|spa|2
|-activate|p1b: Annihilape|confusion
|move|p1b: Annihilape|Coaching|p1a: Tyranitar
|-boost|p1a: Tyranitar|atk|1
|-boost|p1a: Tyranitar|def|1
|move|p2a: Weezing|Strange Steam|p1b: Annihilape
|-supereffective|p1b: Annihilape
|-damage|p1b: Annihilape|0 fnt
|faint|p1b: Annihilape
|move|p1a: Tyranitar|Rock Slide|p2a: Weezing|[spread] p2a,p2b
|-damage|p2a: Weezing|0 fnt
|-damage|p2b: Archaludon|37/100
|faint|p2a: Weezing
|-end|p2a: Weezing|ability: Neutralizing Gas
|-weather|Sandstorm|[from] ability: Sand Stream|[of] p1a: Tyranitar
|
|-weather|Sandstorm|[upkeep]
|-damage|p2b: Archaludon|31/100|[from] Sandstorm
|-sideend|p2: Gentlefish|move: Tailwind
|upkeep
|
|t:|1757723708
|switch|p1b: Corviknight|Corviknight, L50, M|100/100
|switch|p2a: Garchomp|Garchomp, L50, M|100/100
|turn|5
|
|t:|1757723728
|-terastallize|p1a: Tyranitar|Flying
|move|p2a: Garchomp|Dragon Claw|p1a: Tyranitar
|-damage|p1a: Tyranitar|14/100
|-damage|p2a: Garchomp|91/100|[from] item: Life Orb
|move|p2b: Archaludon|Thunderbolt|p1b: Corviknight
|-supereffective|p1b: Corviknight
|-damage|p1b: Corviknight|37/100
|-enditem|p1b: Corviknight|Sitrus Berry|[eat]
|-heal|p1b: Corviknight|62/100|[from] item: Sitrus Berry
|move|p1a: Tyranitar|Low Kick|p2b: Archaludon
|-crit|p2b: Archaludon
|-damage|p2b: Archaludon|0 fnt
|faint|p2b: Archaludon
|move|p1b: Corviknight|Bulk Up|p1b: Corviknight
|-boost|p1b: Corviknight|atk|1
|-boost|p1b: Corviknight|def|1
|
|-weather|Sandstorm|[upkeep]
|-damage|p1a: Tyranitar|8/100|[from] Sandstorm
|upkeep
|turn|6
|
|t:|1757723749
|move|p2a: Garchomp|Dragon Claw|p1a: Tyranitar
|-damage|p1a: Tyranitar|0 fnt
|faint|p1a: Tyranitar
|-damage|p2a: Garchomp|81/100|[from] item: Life Orb
|move|p1b: Corviknight|Bulk Up|p1b: Corviknight
|-boost|p1b: Corviknight|atk|1
|-boost|p1b: Corviknight|def|1
|
|-weather|Sandstorm|[upkeep]
|upkeep
|turn|7
|
|t:|1757723761
|move|p2a: Garchomp|Dragon Claw|p1b: Corviknight
|-resisted|p1b: Corviknight
|-damage|p1b: Corviknight|52/100
|-damage|p2a: Garchomp|71/100|[from] item: Life Orb
|move|p1b: Corviknight|Roost|p1b: Corviknight
|-heal|p1b: Corviknight|100/100
|-singleturn|p1b: Corviknight|move: Roost
|
|-weather|Sandstorm|[upkeep]
|upkeep
|turn|8
|-message|Gentlefish forfeited.
|
|win|JackRG1
||Gentlefish is ready for game 2.
||JackRG1 is ready for game 2.
|uhtml|next|Next: Game 2 of 3
|l|☆JackRG1
|player|p1|
