|j|☆boober_magmar
|j|☆Braute
|html|boober_magmarBraute    
|uhtml|bestof|Game 1 of a best-of-3
|t:|1756824958
|gametype|doubles
|player|p1|boober_magmar|gambler|1230
|player|p2|Braute|miku-fire|1189
|gen|9
|tier|[Gen 9] VGC 2025 Reg H (Bo3)
|rated|
|rule|Species Clause: Limit one of each Pokémon
|rule|Item Clause: Limit 1 of each item
|clearpoke
|poke|p1|Dragonite, L50, M|
|poke|p1|Annihilape, L50, M|
|poke|p1|Incineroar, L50, M|
|poke|p1|Gholdengo, L50|
|poke|p1|Porygon2, L50|
|poke|p1|Ursaluna, L50, F|
|poke|p2|Sneasler, L50, M|
|poke|p2|Indeedee, L50, M|
|poke|p2|Volcarona, L50, M|
|poke|p2|Ursaluna-Bloodmoon, L50, M|
|poke|p2|Annihilape, L50, F|
|poke|p2|Tyranitar, L50, M|
|teampreview|4
|showteam|p1|Dragonite||LoadedDice|Multiscale|ScaleShot,IronHead,Tailwind,Protect|||M|||50|,,,,,Steel]Annihilape||FocusSash|Defiant|RageFist,CloseCombat,Coaching,Protect|||M|||50|,,,,,Stellar]Incineroar||SafetyGoggles|Intimidate|FakeOut,KnockOff,FlareBlitz,PartingShot|||M|||50|,,,,,Ghost]Gholdengo||LifeOrb|GoodasGold|ShadowBall,MakeItRain,NastyPlot,Protect||||||50|,,,,,Water]Porygon2||Eviolite|Download|IceBeam,TeraBlast,Recover,TrickRoom||||||50|,,,,,Fighting]Ursaluna||FlameOrb|Guts|Facade,Earthquake,HeadlongRush,Protect|||F|||50|,,,,,Ghost
|showteam|p2|Sneasler||PsychicSeed|Unburden|CloseCombat,DireClaw,ThroatChop,Protect|||M|||50|,,,,,Dark]Indeedee||ChoiceScarf|PsychicSurge|ExpandingForce,TeraBlast,Trick,Protect|||M|||50|,,,,,Psychic]Volcarona||SitrusBerry|FlameBody|Overheat,StruggleBug,RagePowder,Tailwind|||M|||50|,,,,,Grass]Ursaluna-Bloodmoon||LifeOrb|MindsEye|BloodMoon,HyperVoice,EarthPower,Protect|||M|||50|,,,,,Normal]Annihilape||SafetyGoggles|Defiant|CloseCombat,RageFist,Taunt,FinalGambit|||F|||50|,,,,,Fairy]Tyranitar||AssaultVest|SandStream|RockSlide,KnockOff,TeraBlast,LowKick|||M|||50|,,,,,Flying
|inactive|Battle timer is ON: inactive players will automatically lose when time's up. (requested by Braute)
|inactive|Braute has 60 seconds left.
|
|t:|1756824996
|teamsize|p1|4
|teamsize|p2|4
|start
|switch|p1a: Gholdengo|Gholdengo, L50|100/100
|switch|p1b: Porygon2|Porygon2, L50|100/100
|switch|p2a: MINIMUM RAGE|Annihilape, L50, F|100/100
|switch|p2b: Breeze Blows|Volcarona, L50, M|100/100
|-ability|p1b: Porygon2|Download|boost
|-boost|p1b: Porygon2|atk|1
|turn|1
|inactive|Braute has 30 seconds left.
|
|t:|1756825021
|switch|p1b: Ursaluna|Ursaluna, L50, F|100/100
|-terastallize|p1a: Gholdengo|Water
|move|p2b: Breeze Blows|Tailwind|p2b: Breeze Blows
|-sidestart|p2: Braute|move: Tailwind
|move|p2a: MINIMUM RAGE|Taunt|p1b: Ursaluna
|-start|p1b: Ursaluna|move: Taunt
|move|p1a: Gholdengo|Nasty Plot|p1a: Gholdengo
|-boost|p1a: Gholdengo|spa|2
|
|-status|p1b: Ursaluna|brn|[from] item: Flame Orb
|upkeep
|turn|2
|inactive|Braute has 30 seconds left.
|inactive|Braute has 20 seconds left.
|inactive|Braute has 15 seconds left.
|inactive|Braute has 10 seconds left.
|
|t:|1756825069
|move|p2b: Breeze Blows|Overheat|p1b: Ursaluna
|-damage|p1b: Ursaluna|51/100 brn
|-unboost|p2b: Breeze Blows|spa|2
|move|p2a: MINIMUM RAGE|Final Gambit|p1a: Gholdengo
|-damage|p1a: Gholdengo|0 fnt
|faint|p2a: MINIMUM RAGE
|faint|p1a: Gholdengo
|move|p1b: Ursaluna|Facade|p2b: Breeze Blows
|-damage|p2b: Breeze Blows|0 fnt
|faint|p2b: Breeze Blows
|
|-damage|p1b: Ursaluna|45/100 brn|[from] brn
|upkeep
|
|t:|1756825083
|switch|p2b: ROT FOR CLOUT|Sneasler, L50, M|100/100
|switch|p2a: Dyad|Indeedee, L50, M|100/100
|switch|p1a: Porygon2|Porygon2, L50|100/100
|-fieldstart|move: Psychic Terrain|[from] ability: Psychic Surge|[of] p2a: Dyad
|-enditem|p2b: ROT FOR CLOUT|Psychic Seed
|-boost|p2b: ROT FOR CLOUT|spd|1|[from] item: Psychic Seed
|-ability|p1a: Porygon2|Download|boost
|-boost|p1a: Porygon2|atk|1
|turn|3
|
|t:|1756825107
|switch|p1b: Incineroar|Incineroar, L50, M|100/100
|-ability|p1b: Incineroar|Intimidate|boost
|-unboost|p2a: Dyad|atk|1
|-unboost|p2b: ROT FOR CLOUT|atk|1
|move|p2b: ROT FOR CLOUT|Close Combat|p1a: Porygon2
|-supereffective|p1a: Porygon2
|-damage|p1a: Porygon2|35/100
|-unboost|p2b: ROT FOR CLOUT|def|1
|-unboost|p2b: ROT FOR CLOUT|spd|1
|move|p2a: Dyad|Expanding Force|p1b: Incineroar|[spread] p1a
|-immune|p1b: Incineroar
|-damage|p1a: Porygon2|3/100
|move|p1a: Porygon2|Trick Room|p1a: Porygon2
|-fieldstart|move: Trick Room|[of] p1a: Porygon2
|
|upkeep
|turn|4
|
|t:|1756825128
|move|p1a: Porygon2|Ice Beam|p2b: ROT FOR CLOUT
|-damage|p2b: ROT FOR CLOUT|65/100
|move|p1b: Incineroar|Knock Off|p2a: Dyad
|-supereffective|p2a: Dyad
|-damage|p2a: Dyad|0 fnt
|-enditem|p2a: Dyad|Choice Scarf|[from] move: Knock Off|[of] p1b: Incineroar
|faint|p2a: Dyad
|move|p2b: ROT FOR CLOUT|Close Combat|p1b: Incineroar
|-supereffective|p1b: Incineroar
|-damage|p1b: Incineroar|26/100
|-unboost|p2b: ROT FOR CLOUT|def|1
|-unboost|p2b: ROT FOR CLOUT|spd|1
|
|-sideend|p2: Braute|move: Tailwind
|upkeep
|turn|5
|
|t:|1756825136
|move|p2b: ROT FOR CLOUT|Protect|p2b: ROT FOR CLOUT
|-singleturn|p2b: ROT FOR CLOUT|Protect
|move|p1a: Porygon2|Ice Beam|p2b: ROT FOR CLOUT
|-activate|p2b: ROT FOR CLOUT|move: Protect
|move|p1b: Incineroar|Flare Blitz|p2b: ROT FOR CLOUT
|-activate|p2b: ROT FOR CLOUT|move: Protect
|
|upkeep
|turn|6
|
|t:|1756825140
|move|p2b: ROT FOR CLOUT|Protect||[still]
|-fail|p2b: ROT FOR CLOUT
|move|p1a: Porygon2|Ice Beam|p2b: ROT FOR CLOUT
|-damage|p2b: ROT FOR CLOUT|6/100
|move|p1b: Incineroar|Flare Blitz|p2b: ROT FOR CLOUT
|-damage|p2b: ROT FOR CLOUT|0 fnt
|faint|p2b: ROT FOR CLOUT
|-damage|p1b: Incineroar|25/100|[from] Recoil
|
|win|boober_magmar
