|j|☆SuprEpcGuy
|j|☆elpurole
|html|SuprEpcGuyelpurole    
|uhtml|bestof|Game 2 of a best-of-3
|t:|1784047333
|gametype|doubles
|player|p1|SuprEpcGuy|shauntal|1207
|player|p2|elpurole|koga|1102
|gen|9
|tier|[Gen 9 Champions] VGC 2026 Reg M-B (Bo3)
|rated|
|rule|Species Clause: Limit one of each Pokémon
|rule|Item Clause: Limit 1 of each item
|clearpoke
|poke|p1|Zoroark-Hisui, L50, F|
|poke|p1|Aerodactyl, L50, M|
|poke|p1|Kingambit, L50, F, shiny|
|poke|p1|Basculegion, L50, M|
|poke|p1|Incineroar, L50, F|
|poke|p1|Sylveon, L50, M|
|poke|p2|Gengar, L50, F|
|poke|p2|Incineroar, L50, F|
|poke|p2|Sylveon, L50, F|
|poke|p2|Sneasler, L50, M|
|poke|p2|Swampert, L50, M|
|poke|p2|Politoed, L50, M|
|teampreview|4
|showteam|p1|Zoroark-Hisui||FocusSash|Illusion|ShadowBall,WillOWisp,Taunt,Protect|Timid||F|||50|]Aerodactyl||Aerodactylite|RockHead|RockSlide,IceFang,DualWingbeat,Tailwind|Jolly||M|||50|]Kingambit||ChopleBerry|Defiant|SuckerPunch,KowtowCleave,LowKick,Protect|Adamant||F|||50|]Basculegion||MysticWater|Adaptability|AquaJet,Liquidation,LastRespects,Protect|Adamant||M|||50|]Incineroar||SitrusBerry|Intimidate|FlareBlitz,ThroatChop,PartingShot,FakeOut|Careful||F|||50|]Sylveon||FairyFeather|Pixilate|HyperVoice,QuickAttack,HyperBeam,Protect|Modest||M|||50|
|showteam|p2|Gengar||Gengarite|CursedBody|PerishSong,ShadowBall,Protect,SludgeWave|Timid||F|||50|]Incineroar||ChopleBerry|Intimidate|FakeOut,DarkestLariat,PartingShot,Protect|Calm||F|||50|]Sylveon||LifeOrb|Pixilate|QuickAttack,HyperBeam,HyperVoice,Protect|Modest||F|||50|]Sneasler||WhiteHerb|Unburden|FakeOut,CloseCombat,DireClaw,Protect|Jolly||M|||50|]Swampert||Swampertite|Torrent|WaveCrash,HighHorsepower,KnockOff,Protect|Adamant||M|||50|]Politoed||SitrusBerry|Drizzle|PerishSong,WeatherBall,IceBeam,Protect|Modest||M|||50|
|inactive|Battle timer is ON: inactive players will automatically lose when time's up. (requested by SuprEpcGuy)
|inactive|SuprEpcGuy has 60 seconds left.
|
|t:|1784047373
|teamsize|p1|4
|teamsize|p2|4
|start
|switch|p1a: Big Purr|Incineroar, L50, F|100/100
|switch|p1b: Freight|Aerodactyl, L50, M|100/100
|switch|p2a: Gengar|Gengar, L50, F|100/100
|switch|p2b: Sneasler|Sneasler, L50, M|100/100
|-ability|p1a: Big Purr|Intimidate|boost
|-unboost|p2a: Gengar|atk|1
|-unboost|p2b: Sneasler|atk|1
|-enditem|p2b: Sneasler|White Herb
|-clearnegativeboost|p2b: Sneasler|[silent]
|turn|1
|
|t:|1784047396
|detailschange|p1b: Freight|Aerodactyl-Mega, L50, M
|-mega|p1b: Freight|Aerodactyl|Aerodactylite
|detailschange|p2a: Gengar|Gengar-Mega, L50, F
|-mega|p2a: Gengar|Gengar|Gengarite
|move|p2b: Sneasler|Fake Out|p1b: Freight
|-resisted|p1b: Freight|1
|-crit|p1b: Freight
|-damage|p1b: Freight|86/100
|move|p1a: Big Purr|Fake Out|p2b: Sneasler
|-crit|p2b: Sneasler
|-damage|p2b: Sneasler|71/100
|cant|p1b: Freight|flinch
|move|p2a: Gengar|Perish Song|p2a: Gengar
|-start|p1a: Big Purr|perish3|[silent]
|-start|p1b: Freight|perish3|[silent]
|-start|p2a: Gengar|perish3|[silent]
|-start|p2b: Sneasler|perish3|[silent]
|-fieldactivate|move: Perish Song
|
|-start|p2b: Sneasler|perish3
|-start|p1b: Freight|perish3
|-start|p2a: Gengar|perish3
|-start|p1a: Big Purr|perish3
|upkeep
|turn|2
|
|t:|1784047414
|switch|p2a: Incineroar|Incineroar, L50, F|100/100
|-ability|p2a: Incineroar|Intimidate|boost
|-unboost|p1a: Big Purr|atk|1
|-unboost|p1b: Freight|atk|1
|move|p2b: Sneasler|Close Combat|p1a: Big Purr
|-supereffective|p1a: Big Purr|1
|-damage|p1a: Big Purr|1/100
|-unboost|p2b: Sneasler|def|1
|-unboost|p2b: Sneasler|spd|1
|-enditem|p1a: Big Purr|Sitrus Berry|[eat]
|-heal|p1a: Big Purr|26/100|[from] item: Sitrus Berry
|move|p1b: Freight|Tailwind|p1b: Freight
|-sidestart|p1: SuprEpcGuy|move: Tailwind
|move|p1a: Big Purr|Parting Shot|p2b: Sneasler
|-unboost|p2b: Sneasler|atk|1
|-unboost|p2b: Sneasler|spa|1
|
|t:|1784047427
|switch|p1a: Reverence|Basculegion, L50, M|100/100|[from] Parting Shot
|
|-start|p1b: Freight|perish2
|-start|p2b: Sneasler|perish2
|upkeep
|turn|3
|
|t:|1784047451
|switch|p1b: Big Purr|Incineroar, L50, F|26/100
|-ability|p1b: Big Purr|Intimidate|boost
|-unboost|p2a: Incineroar|atk|1
|-unboost|p2b: Sneasler|atk|1
|switch|p2b: Gengar|Gengar-Mega, L50, F|100/100
|move|p1a: Reverence|Aqua Jet|p2b: Gengar
|-damage|p2b: Gengar|51/100
|move|p2a: Incineroar|Darkest Lariat|p1a: Reverence
|-supereffective|p1a: Reverence|1
|-damage|p1a: Reverence|55/100
|
|upkeep
|turn|4
|inactive|SuprEpcGuy has 30 seconds left.
|inactive|elpurole has 30 seconds left.
|inactive|elpurole has 20 seconds left.
|inactive|elpurole has 15 seconds left.
|
|t:|1784047493
|move|p2a: Incineroar|Protect|p2a: Incineroar
|-singleturn|p2a: Incineroar|Protect
|move|p1b: Big Purr|Fake Out|p2a: Incineroar
|-activate|p2a: Incineroar|move: Protect
|move|p1a: Reverence|Liquidation|p2b: Gengar
|-damage|p2b: Gengar|0 fnt
|faint|p2b: Gengar
|
|upkeep
|
|t:|1784047503
|switch|p2b: Sylveon|Sylveon, L50, F|100/100
|turn|5
|inactive|SuprEpcGuy has 30 seconds left.
|inactive|SuprEpcGuy has 20 seconds left.
|inactive|SuprEpcGuy has 15 seconds left.
|inactive|SuprEpcGuy has 10 seconds left.
|
|t:|1784047548
|move|p1a: Reverence|Liquidation|p2a: Incineroar
|-supereffective|p2a: Incineroar|1
|-damage|p2a: Incineroar|0 fnt
|faint|p2a: Incineroar
|move|p1b: Big Purr|Flare Blitz|p2b: Sylveon
|-damage|p2b: Sylveon|36/100
|-status|p2b: Sylveon|brn
|-damage|p1b: Big Purr|8/100|[from] Recoil
|move|p2b: Sylveon|Hyper Voice|p1a: Reverence|[spread] p1a,p1b
|-damage|p1a: Reverence|0 fnt
|-damage|p1b: Big Purr|0 fnt
|faint|p1a: Reverence
|faint|p1b: Big Purr
|-damage|p2b: Sylveon|26/100 brn|[from] item: Life Orb
|
|-damage|p2b: Sylveon|20/100y brn|[from] brn
|-sideend|p1: SuprEpcGuy|move: Tailwind
|upkeep
|
|t:|1784047567
|switch|p1a: Paraselene|Kingambit, L50, F, shiny|100/100
|switch|p2a: Sneasler|Sneasler, L50, M|71/100
|switch|p1b: Freight|Aerodactyl-Mega, L50, M|86/100
|turn|6
|
|t:|1784047591
|move|p2a: Sneasler|Fake Out|p1b: Freight
|-resisted|p1b: Freight|1
|-damage|p1b: Freight|78/100
|move|p1a: Paraselene|Sucker Punch||[still]
|-fail|p1a: Paraselene
|cant|p1b: Freight|flinch
|move|p2b: Sylveon|Hyper Voice|p1b: Freight|[spread] p1a,p1b
|-damage|p1a: Paraselene|44/100
|-damage|p1b: Freight|8/100
|-damage|p2b: Sylveon|11/100 brn|[from] item: Life Orb
|
|-damage|p2b: Sylveon|5/100 brn|[from] brn
|upkeep
|turn|7
|
|t:|1784047608
|move|p1a: Paraselene|Protect|p1a: Paraselene
|-singleturn|p1a: Paraselene|Protect
|move|p2b: Sylveon|Quick Attack|p1b: Freight
|-damage|p1b: Freight|0 fnt
|faint|p1b: Freight
|-damage|p2b: Sylveon|0 fnt|[from] item: Life Orb
|faint|p2b: Sylveon
|move|p2a: Sneasler|Close Combat|p1a: Paraselene
|-activate|p1a: Paraselene|move: Protect
|
|upkeep
|turn|8
|
|t:|1784047622
|move|p1a: Paraselene|Sucker Punch|p2a: Sneasler
|-resisted|p2a: Sneasler|1
|-damage|p2a: Sneasler|38/100
|move|p2a: Sneasler|Close Combat|p1a: Paraselene
|-supereffective|p1a: Paraselene|2
|-enditem|p1a: Paraselene|Chople Berry|[eat]
|-enditem|p1a: Paraselene|Chople Berry|[weaken]
|-damage|p1a: Paraselene|0 fnt
|-unboost|p2a: Sneasler|def|1
|-unboost|p2a: Sneasler|spd|1
|faint|p1a: Paraselene
|
|win|elpurole
