|j|☆Period Hater
|j|☆Zelphyy
|html|Period HaterZelphyy    
|uhtml|bestof|Game 1 of a best-of-3
|t:|1782581911
|gametype|doubles
|player|p1|Period Hater|caitlin|1070
|player|p2|Zelphyy|dancer|1000
|gen|9
|tier|[Gen 9 Champions] VGC 2026 Reg M-B (Bo3)
|rated|
|rule|Species Clause: Limit one of each Pokémon
|rule|Item Clause: Limit 1 of each item
|clearpoke
|poke|p1|Pelipper, L50, F|
|poke|p1|Swampert, L50, F|
|poke|p1|Maushold-Four, L50|
|poke|p1|Archaludon, L50, F|
|poke|p1|Annihilape, L50, F|
|poke|p1|Sinistcha, L50|
|poke|p2|Staraptor, L50, M|
|poke|p2|Raichu, L50, M, shiny|
|poke|p2|Incineroar, L50, M|
|poke|p2|Grimmsnarl, L50, M, shiny|
|poke|p2|Sinistcha, L50|
|poke|p2|Whimsicott, L50, F|
|teampreview|4
|showteam|p1|Pelipper||FocusSash|Drizzle|WeatherBall,Hurricane,Tailwind,WideGuard|Modest||F|||50|]Swampert||Swampertite|Torrent|WaveCrash,HighHorsepower,Protect,IcePunch|Adamant||F|||50|]Maushold-Four||ChopleBerry|FriendGuard|BeatUp,Encore,FollowMe,RainDance|Jolly|||||50|]Archaludon||Leftovers|Stamina|ElectroShot,DragonPulse,FlashCannon,Protect|Modest||F|||50|]Annihilape||SitrusBerry|Defiant|DrainPunch,RageFist,BulkUp,Protect|Adamant||F|||50|]Sinistcha||CobaBerry|Hospitality|MatchaGotcha,RagePowder,TrickRoom,Protect|Calm|||||50|
|showteam|p2|Staraptor||Staraptite|Intimidate|CloseCombat,Protect,Roost,BraveBird|Jolly||M|||50|]Raichu||RaichuniteY|LightningRod|FocusBlast,ZapCannon,FakeOut,VoltSwitch|Timid||M|||50|]Incineroar||Leftovers|Intimidate|PartingShot,FakeOut,FlareBlitz,ThroatChop|Careful||M|||50|]Grimmsnarl||LightClay|Prankster|SpiritBreak,Reflect,LightScreen,PartingShot|Impish||M|||50|]Sinistcha||BigRoot|Hospitality|MatchaGotcha,RagePowder,TrickRoom,StrengthSap|Calm|||||50|]Whimsicott||FocusSash|Prankster|Charm,Moonblast,SunnyDay,Tailwind|Timid||F|||50|
|
|t:|1782581963
|teamsize|p1|4
|teamsize|p2|4
|start
|switch|p1a: Pelipper|Pelipper, L50, F|100/100
|switch|p1b: Archaludon|Archaludon, L50, F|100/100
|switch|p2a: Raichu|Raichu, L50, M, shiny|100/100
|switch|p2b: Whimsicott|Whimsicott, L50, F|100/100
|-weather|RainDance|[from] ability: Drizzle|[of] p1a: Pelipper
|turn|1
|
|t:|1782582006
|move|p2a: Raichu|Fake Out|p1a: Pelipper
|-damage|p1a: Pelipper|89/100
|move|p2b: Whimsicott|Sunny Day|p2b: Whimsicott
|-weather|SunnyDay
|cant|p1a: Pelipper|flinch
|move|p1b: Archaludon|Dragon Pulse|p2a: Raichu
|-damage|p2a: Raichu|35/100
|
|-weather|SunnyDay|[upkeep]
|upkeep
|turn|2
|
|t:|1782582042
|switch|p1a: Swampert|Swampert, L50, F|100/100
|detailschange|p2a: Raichu|Raichu-Mega-Y, L50, M, shiny
|-mega|p2a: Raichu|Raichu|Raichunite Y
|move|p2a: Raichu|Focus Blast|p1b: Archaludon
|-supereffective|p1b: Archaludon|1
|-damage|p1b: Archaludon|0 fnt
|faint|p1b: Archaludon
|move|p2b: Whimsicott|Moonblast|p1a: Swampert
|-damage|p1a: Swampert|70/100
|
|-weather|SunnyDay|[upkeep]
|upkeep
|
|t:|1782582051
|switch|p1b: Pelipper|Pelipper, L50, F|89/100
|-weather|RainDance|[from] ability: Drizzle|[of] p1b: Pelipper
|turn|3
|
|t:|1782582083
|detailschange|p1a: Swampert|Swampert-Mega, L50, F
|-mega|p1a: Swampert|Swampert|Swampertite
|move|p2b: Whimsicott|Sunny Day|p2b: Whimsicott
|-weather|SunnyDay
|move|p2a: Raichu|Zap Cannon|p1b: Pelipper
|-supereffective|p1b: Pelipper|2
|-damage|p1b: Pelipper|0 fnt
|faint|p1b: Pelipper
|move|p1a: Swampert|Ice Punch|p2a: Raichu
|-damage|p2a: Raichu|0 fnt
|faint|p2a: Raichu
|
|-weather|SunnyDay|[upkeep]
|upkeep
|
|t:|1782582094
|switch|p2a: Grimmsnarl|Grimmsnarl, L50, M, shiny|100/100
|switch|p1b: Annihilape|Annihilape, L50, F|100/100
|turn|4
|
|t:|1782582159
|switch|p2b: Incineroar|Incineroar, L50, M|100/100
|-ability|p2b: Incineroar|Intimidate|boost
|-unboost|p1a: Swampert|atk|1
|-unboost|p1b: Annihilape|atk|1
|-ability|p1b: Annihilape|Defiant|boost
|-boost|p1b: Annihilape|atk|2
|move|p2a: Grimmsnarl|Parting Shot|p1a: Swampert
|-unboost|p1a: Swampert|atk|1
|-unboost|p1a: Swampert|spa|1
|
|t:|1782582168
|switch|p2a: Whimsicott|Whimsicott, L50, F|100/100|[from] Parting Shot
|move|p1b: Annihilape|Bulk Up|p1b: Annihilape
|-boost|p1b: Annihilape|atk|1
|-boost|p1b: Annihilape|def|1
|move|p1a: Swampert|Wave Crash|p2a: Whimsicott
|-resisted|p2a: Whimsicott|1
|-damage|p2a: Whimsicott|91/100
|-damage|p1a: Swampert|67/100|[from] Recoil
|
|-weather|SunnyDay|[upkeep]
|upkeep
|turn|5
|
|t:|1782582192
|move|p1a: Swampert|Protect|p1a: Swampert
|-singleturn|p1a: Swampert|Protect
|move|p2a: Whimsicott|Moonblast|p1b: Annihilape
|-supereffective|p1b: Annihilape|1
|-damage|p1b: Annihilape|48/100
|-enditem|p1b: Annihilape|Sitrus Berry|[eat]
|-heal|p1b: Annihilape|72/100|[from] item: Sitrus Berry
|move|p1b: Annihilape|Drain Punch|p2b: Incineroar
|-supereffective|p2b: Incineroar|1
|-damage|p2b: Incineroar|0 fnt
|-heal|p1b: Annihilape|100/100|[from] drain|[of] p2b: Incineroar
|faint|p2b: Incineroar
|
|-weather|SunnyDay|[upkeep]
|upkeep
|
|t:|1782582205
|switch|p2b: Grimmsnarl|Grimmsnarl, L50, M, shiny|100/100
|turn|6
|
|t:|1782582237
|move|p2b: Grimmsnarl|Reflect|p2b: Grimmsnarl
|-sidestart|p2: Zelphyy|Reflect
|move|p2a: Whimsicott|Moonblast|p1b: Annihilape
|-supereffective|p1b: Annihilape|1
|-damage|p1b: Annihilape|44/100
|move|p1b: Annihilape|Rage Fist|p2a: Whimsicott
|-damage|p2a: Whimsicott|0 fnt
|faint|p2a: Whimsicott
|move|p1a: Swampert|Ice Punch|p2b: Grimmsnarl
|-damage|p2b: Grimmsnarl|89/100
|
|-weather|SunnyDay|[upkeep]
|upkeep
|turn|7
|
|t:|1782582264
|move|p2b: Grimmsnarl|Parting Shot|p1a: Swampert
|-unboost|p1a: Swampert|atk|1
|-unboost|p1a: Swampert|spa|1
|move|p1b: Annihilape|Drain Punch|p2b: Grimmsnarl
|-damage|p2b: Grimmsnarl|39/100
|-heal|p1b: Annihilape|72/100|[from] drain|[of] p2b: Grimmsnarl
|move|p1a: Swampert|High Horsepower|p2b: Grimmsnarl
|-damage|p2b: Grimmsnarl|22/100
|
|-weather|none
|upkeep
|turn|8
|
|t:|1782582277
|move|p1b: Annihilape|Drain Punch|p2b: Grimmsnarl
|-damage|p2b: Grimmsnarl|0 fnt
|-heal|p1b: Annihilape|84/100|[from] drain|[of] p2b: Grimmsnarl
|faint|p2b: Grimmsnarl
|
|win|Period Hater
|l|☆Zelphyy
|player|p2|
||Period Hater is ready for game 2.
|raw|Period Hater's rating: 1070 → 1094(+24 for winning)
|raw|Zelphyy's rating: 1000 → 1000(+0 for losing)
|l|☆Period Hater
|player|p1|
|j|☆Period Hater
|player|p1|Period Hater|caitlin|
