|j|☆thegreatestnone
|j|☆joyfulwizard
|html|thegreatestnonejoyfulwizard    
|uhtml|bestof|Game 2 of a best-of-3
|t:|1783615079
|gametype|doubles
|player|p1|thegreatestnone|170|1259
|player|p2|joyfulwizard|cheren-gen5bw2|1237
|gen|9
|tier|[Gen 9 Champions] VGC 2026 Reg M-B (Bo3)
|rated|
|rule|Species Clause: Limit one of each Pokémon
|rule|Item Clause: Limit 1 of each item
|clearpoke
|poke|p1|Grimmsnarl, L50, M|
|poke|p1|Toxapex, L50, F|
|poke|p1|Rotom-Wash, L50|
|poke|p1|Garchomp, L50, M|
|poke|p1|Garganacl, L50, F|
|poke|p1|Scovillain, L50, M|
|poke|p2|Charizard, L50, F|
|poke|p2|Garchomp, L50, F|
|poke|p2|Aerodactyl, L50, M|
|poke|p2|Farigiraf, L50, M|
|poke|p2|Sylveon, L50, M|
|poke|p2|Kingambit, L50, F|
|teampreview|4
|showteam|p1|Grimmsnarl||LightClay|Prankster|Taunt,Reflect,PartingShot,LightScreen|Sassy||M|||50|]Toxapex||Leftovers|Regenerator|BanefulBunker,Infestation,Toxic,Recover|Relaxed||F|||50|]Rotom-Wash||Magnet|Levitate|WillOWisp,Thunderbolt,Protect,HydroPump|Bold|||||50|]Garchomp||YacheBerry|RoughSkin|Protect,RockSlide,StompingTantrum,SandTomb|Impish||M|||50|]Garganacl||SitrusBerry|PurifyingSalt|Recover,SaltCure,Protect,WideGuard|Relaxed||F|||50|]Scovillain||Scovillainite|Chlorophyll|LeechSeed,RagePowder,Protect,Flamethrower|Calm||M|||50|
|showteam|p2|Charizard||CharizarditeY|Blaze|Protect,SolarBeam,HeatWave,WeatherBall|Modest||F|||50|]Garchomp||LifeOrb|SandVeil|Protect,Earthquake,DragonClaw,StompingTantrum|Jolly||F|||50|]Aerodactyl||Aerodactylite|Unnerve|IceFang,RockSlide,DualWingbeat,Tailwind|Jolly||M|||50|]Farigiraf||SitrusBerry|ArmorTail|SunnyDay,PsychicFangs,TrickRoom,Thunderbolt|Relaxed||M|||50|]Sylveon||FairyFeather|Pixilate|Detect,HyperBeam,HyperVoice,QuickAttack|Modest||M|||50|]Kingambit||FocusSash|Defiant|SuckerPunch,LowKick,IronHead,KowtowCleave|Adamant||F|||50|
|inactive|Battle timer is ON: inactive players will automatically lose when time's up. (requested by joyfulwizard)
|
|t:|1783615120
|teamsize|p1|4
|teamsize|p2|4
|start
|switch|p1a: Grimmsnarl|Grimmsnarl, L50, M|100/100
|switch|p1b: Toxapex|Toxapex, L50, F|100/100
|switch|p2a: Aerodactyl|Aerodactyl, L50, M|100/100
|switch|p2b: Sylveon|Sylveon, L50, M|100/100
|-ability|p2a: Aerodactyl|Unnerve
|turn|1
|
|t:|1783615129
|move|p1a: Grimmsnarl|Light Screen|p1a: Grimmsnarl
|-sidestart|p1: thegreatestnone|move: Light Screen
|move|p2a: Aerodactyl|Rock Slide|p1a: Grimmsnarl|[spread] p1a,p1b
|-damage|p1a: Grimmsnarl|78/100
|-damage|p1b: Toxapex|85/100
|move|p2b: Sylveon|Hyper Voice|p1a: Grimmsnarl|[spread] p1a,p1b
|-supereffective|p1a: Grimmsnarl|1
|-resisted|p1b: Toxapex|1
|-damage|p1a: Grimmsnarl|14/100
|-damage|p1b: Toxapex|74/100
|move|p1b: Toxapex|Infestation|p2a: Aerodactyl
|-resisted|p2a: Aerodactyl|1
|-damage|p2a: Aerodactyl|98/100
|-activate|p2a: Aerodactyl|move: Infestation|[of] p1b: Toxapex
|
|-heal|p1b: Toxapex|80/100|[from] item: Leftovers
|-damage|p2a: Aerodactyl|85/100|[from] move: Infestation|[partiallytrapped]
|upkeep
|turn|2
|inactive|thegreatestnone has 30 seconds left.
|
|t:|1783615164
|move|p1a: Grimmsnarl|Reflect|p1a: Grimmsnarl
|-sidestart|p1: thegreatestnone|Reflect
|move|p2a: Aerodactyl|Rock Slide|p1a: Grimmsnarl|[spread] p1a
|-miss|p2a: Aerodactyl|p1b: Toxapex
|-damage|p1a: Grimmsnarl|1/100
|move|p2b: Sylveon|Hyper Voice|p1a: Grimmsnarl|[spread] p1a,p1b
|-supereffective|p1a: Grimmsnarl|1
|-resisted|p1b: Toxapex|1
|-damage|p1a: Grimmsnarl|0 fnt
|-damage|p1b: Toxapex|66/100
|faint|p1a: Grimmsnarl
|move|p1b: Toxapex|Infestation|p2b: Sylveon
|-resisted|p2b: Sylveon|1
|-damage|p2b: Sylveon|98/100
|-activate|p2b: Sylveon|move: Infestation|[of] p1b: Toxapex
|
|-heal|p1b: Toxapex|72/100|[from] item: Leftovers
|-damage|p2a: Aerodactyl|73/100|[from] move: Infestation|[partiallytrapped]
|-damage|p2b: Sylveon|86/100|[from] move: Infestation|[partiallytrapped]
|upkeep
|
|t:|1783615175
|switch|p1a: Scovillain|Scovillain, L50, M|100/100
|turn|3
|
|t:|1783615194
|detailschange|p1a: Scovillain|Scovillain-Mega, L50, M
|-mega|p1a: Scovillain|Scovillain|Scovillainite
|move|p2a: Aerodactyl|Rock Slide|p1a: Scovillain|[spread] p1a,p1b
|-supereffective|p1a: Scovillain|1
|-damage|p1a: Scovillain|71/100
|-damage|p1b: Toxapex|63/100
|-status|p2a: Aerodactyl|brn|[from] ability: Spicy Spray|[of] p1a: Scovillain
|move|p1a: Scovillain|Leech Seed|p2b: Sylveon
|-start|p2b: Sylveon|move: Leech Seed
|move|p2b: Sylveon|Hyper Voice|p1a: Scovillain|[spread] p1a,p1b
|-resisted|p1a: Scovillain|1
|-resisted|p1b: Toxapex|1
|-damage|p1a: Scovillain|56/100
|-damage|p1b: Toxapex|50/100g
|-status|p2b: Sylveon|brn|[from] ability: Spicy Spray|[of] p1a: Scovillain
|move|p1b: Toxapex|Recover|p1b: Toxapex
|-heal|p1b: Toxapex|100/100
|
|-damage|p2b: Sylveon|74/100 brn|[from] Leech Seed|[of] p1a: Scovillain
|-heal|p1a: Scovillain|69/100|[silent]
|-damage|p2a: Aerodactyl|67/100 brn|[from] brn
|-damage|p2b: Sylveon|68/100 brn|[from] brn
|-damage|p2a: Aerodactyl|54/100 brn|[from] move: Infestation|[partiallytrapped]
|-damage|p2b: Sylveon|55/100 brn|[from] move: Infestation|[partiallytrapped]
|upkeep
|turn|4
|inactive|thegreatestnone has 30 seconds left.
|inactive|thegreatestnone has 20 seconds left.
|inactive|joyfulwizard has 30 seconds left.
|
|t:|1783615233
|move|p2a: Aerodactyl|Dual Wingbeat|p2b: Sylveon
|-damage|p2b: Sylveon|46/100 brn
|-damage|p2b: Sylveon|37/100 brn
|-hitcount|p2b: Sylveon|2
|move|p1a: Scovillain|Leech Seed|p2a: Aerodactyl
|-start|p2a: Aerodactyl|move: Leech Seed
|move|p2b: Sylveon|Hyper Beam|p2a: Aerodactyl
|-damage|p2a: Aerodactyl|0 fnt
|-mustrecharge|p2b: Sylveon
|faint|p2a: Aerodactyl
|move|p1b: Toxapex|Infestation|p2b: Sylveon
|-resisted|p2b: Sylveon|1
|-damage|p2b: Sylveon|36/100 brn
|
|-damage|p2b: Sylveon|24/100 brn|[from] Leech Seed|[of] p1a: Scovillain
|-heal|p1a: Scovillain|82/100|[silent]
|-damage|p2b: Sylveon|17/100 brn|[from] brn
|-damage|p2b: Sylveon|5/100 brn|[from] move: Infestation|[partiallytrapped]
|upkeep
|
|t:|1783615249
|switch|p2a: Charizard|Charizard, L50, F|100/100
|turn|5
|
|t:|1783615267
|switch|p1b: Garganacl|Garganacl, L50, F|100/100
|move|p2a: Charizard|Protect|p2a: Charizard
|-singleturn|p2a: Charizard|Protect
|move|p1a: Scovillain|Leech Seed|p2a: Charizard
|-activate|p2a: Charizard|move: Protect
|cant|p2b: Sylveon|recharge
|
|-damage|p2b: Sylveon|0 fnt|[from] Leech Seed|[of] p1a: Scovillain
|-heal|p1a: Scovillain|88/100|[silent]
|faint|p2b: Sylveon
|upkeep
|
|t:|1783615271
|switch|p2b: Garchomp|Garchomp, L50, F|100/100
|turn|6
|
|t:|1783615283
|detailschange|p2a: Charizard|Charizard-Mega-Y, L50, F
|-mega|p2a: Charizard|Charizard|Charizardite Y
|-weather|SunnyDay|[from] ability: Drought|[of] p2a: Charizard
|move|p1a: Scovillain|Rage Powder|p1a: Scovillain
|-singleturn|p1a: Scovillain|move: Rage Powder
|move|p2b: Garchomp|Stomping Tantrum|p1a: Scovillain
|-crit|p1a: Scovillain
|-damage|p1a: Scovillain|19/100
|-status|p2b: Garchomp|brn|[from] ability: Spicy Spray|[of] p1a: Scovillain
|-damage|p2b: Garchomp|90/100 brn|[from] item: Life Orb
|move|p2a: Charizard|Weather Ball|p1a: Scovillain
|-damage|p1a: Scovillain|0 fnt
|-immune|p2a: Charizard
|faint|p1a: Scovillain
|move|p1b: Garganacl|Salt Cure|p2a: Charizard
|-supereffective|p2a: Charizard|2
|-damage|p2a: Charizard|47/100
|-start|p2a: Charizard|Salt Cure
|
|-weather|SunnyDay|[upkeep]
|-damage|p2b: Garchomp|84/100 brn|[from] brn
|-damage|p2a: Charizard|41/100|[from] Salt Cure
|upkeep
|
|t:|1783615303
|switch|p1a: Toxapex|Toxapex, L50, F|100/100
|turn|7
|
|t:|1783615321
|move|p2b: Garchomp|Stomping Tantrum|p1b: Garganacl
|-supereffective|p1b: Garganacl|1
|-damage|p1b: Garganacl|83/100
|-damage|p2b: Garchomp|75/100 brn|[from] item: Life Orb
|move|p2a: Charizard|Solar Beam||[still]
|-prepare|p2a: Charizard|Solar Beam
|-anim|p2a: Charizard|Solar Beam|p1b: Garganacl
|-supereffective|p1b: Garganacl|1
|-damage|p1b: Garganacl|23/100
|-enditem|p1b: Garganacl|Sitrus Berry|[eat]
|-heal|p1b: Garganacl|48/100|[from] item: Sitrus Berry
|move|p1a: Toxapex|Infestation|p2a: Charizard
|-resisted|p2a: Charizard|2
|-damage|p2a: Charizard|40/100
|-activate|p2a: Charizard|move: Infestation|[of] p1a: Toxapex
|move|p1b: Garganacl|Salt Cure|p2b: Garchomp
|-resisted|p2b: Garchomp|1
|-damage|p2b: Garchomp|68/100 brn
|-start|p2b: Garchomp|Salt Cure
|
|-weather|SunnyDay|[upkeep]
|-damage|p2b: Garchomp|62/100 brn|[from] brn
|-damage|p2b: Garchomp|57/100 brn|[from] Salt Cure
|-damage|p2a: Charizard|28/100|[from] move: Infestation|[partiallytrapped]
|-damage|p2a: Charizard|22/100|[from] Salt Cure
|upkeep
|turn|8
|inactive|thegreatestnone has 30 seconds left.
|
|t:|1783615349
|move|p1b: Garganacl|Protect|p1b: Garganacl
|-singleturn|p1b: Garganacl|Protect
|move|p1a: Toxapex|Baneful Bunker|p1a: Toxapex
|-singleturn|p1a: Toxapex|move: Protect
|move|p2b: Garchomp|Earthquake|p1a: Toxapex|[spread] 
|-activate|p1a: Toxapex|move: Protect
|-activate|p1b: Garganacl|move: Protect
|-immune|p2a: Charizard
|move|p2a: Charizard|Weather Ball|p1b: Garganacl
|-activate|p1b: Garganacl|move: Protect
|
|-weather|SunnyDay|[upkeep]
|-damage|p2b: Garchomp|51/100 brn|[from] brn
|-damage|p2b: Garchomp|45/100 brn|[from] Salt Cure
|-damage|p2a: Charizard|16/100|[from] Salt Cure
|-damage|p2a: Charizard|4/100|[from] move: Infestation|[partiallytrapped]
|-sideend|p1: thegreatestnone|move: Light Screen
|upkeep
|turn|9
|
|t:|1783615361
|move|p1b: Garganacl|Wide Guard|p1b: Garganacl
|-singleturn|p1b: Garganacl|Wide Guard
|move|p2b: Garchomp|Stomping Tantrum|p1a: Toxapex
|-supereffective|p1a: Toxapex|1
|-damage|p1a: Toxapex|57/100
|-damage|p2b: Garchomp|35/100 brn|[from] item: Life Orb
|move|p2a: Charizard|Solar Beam||[still]
|-prepare|p2a: Charizard|Solar Beam
|-anim|p2a: Charizard|Solar Beam|p1b: Garganacl
|-supereffective|p1b: Garganacl|1
|-damage|p1b: Garganacl|0 fnt
|faint|p1b: Garganacl
|move|p1a: Toxapex|Infestation|p2b: Garchomp
|-damage|p2b: Garchomp|32/100 brn
|-activate|p2b: Garchomp|move: Infestation|[of] p1a: Toxapex
|
|-weather|SunnyDay|[upkeep]
|-heal|p1a: Toxapex|63/100|[from] item: Leftovers
|-damage|p2b: Garchomp|26/100 brn|[from] brn
|-damage|p2b: Garchomp|20/100y brn|[from] Salt Cure
|-damage|p2b: Garchomp|8/100 brn|[from] move: Infestation|[partiallytrapped]
|-damage|p2a: Charizard|0 fnt|[from] move: Infestation|[partiallytrapped]
|faint|p2a: Charizard
|-sideend|p1: thegreatestnone|Reflect
|upkeep
|turn|10
|
|t:|1783615381
|move|p1a: Toxapex|Baneful Bunker|p1a: Toxapex
|-singleturn|p1a: Toxapex|move: Protect
|move|p2b: Garchomp|Stomping Tantrum|p1a: Toxapex
|-activate|p1a: Toxapex|move: Protect
|
|-weather|none
|-heal|p1a: Toxapex|69/100|[from] item: Leftovers
|-damage|p2b: Garchomp|2/100 brn|[from] brn
|-damage|p2b: Garchomp|0 fnt|[from] move: Infestation|[partiallytrapped]
|faint|p2b: Garchomp
|
|win|thegreatestnone
||thegreatestnone is ready for game 3.
||joyfulwizard is ready for game 3.
|uhtml|next|Next: Game 3 of 3
|l|☆thegreatestnone
|player|p1|
