|j|☆TitaniumVGC
|j|☆CretaceousDraconid
|html|TitaniumVGCCretaceousDraconid    
|uhtml|bestof|Game 2 of a best-of-3
|t:|1757839940
|gametype|doubles
|player|p1|TitaniumVGC|steven|1031
|player|p2|CretaceousDraconid|zinnia-masters|1148
|gen|9
|tier|[Gen 9] VGC 2025 Reg H (Bo3)
|rated|
|rule|Species Clause: Limit one of each Pokémon
|rule|Item Clause: Limit 1 of each item
|clearpoke
|poke|p1|Archaludon, L50, F|
|poke|p1|Pelipper, L50, F|
|poke|p1|Gholdengo, L50|
|poke|p1|Basculegion, L50, M|
|poke|p1|Amoonguss, L50, F|
|poke|p1|Incineroar, L50, F|
|poke|p2|Rillaboom, L50, F|
|poke|p2|Incineroar, L50, F|
|poke|p2|Salamence, L50, M|
|poke|p2|Garchomp, L50, F|
|poke|p2|Sneasler, L50, M|
|poke|p2|Ninetales-Alola, L50, F|
|teampreview|4
|showteam|p1|Archaludon||AssaultVest|Stamina|DracoMeteor,FlashCannon,ElectroShot,BodyPress|||F|||50|,,,,,Grass]Pelipper||FocusSash|Drizzle|Protect,WeatherBall,Hurricane,Tailwind|||F|||50|,,,,,Ground]Gholdengo||LifeOrb|GoodasGold|Protect,MakeItRain,ShadowBall,NastyPlot||||||50|,,,,,Water]Basculegion||ChoiceBand|SwiftSwim|FlipTurn,WaveCrash,AquaJet,LastRespects|||M|||50|,,,,,Grass]Amoonguss||SitrusBerry|Regenerator|Spore,RagePowder,PollenPuff,Protect|||F|||50|,,,,,Water]Incineroar||SafetyGoggles|Intimidate|FlareBlitz,KnockOff,PartingShot,FakeOut|||F|||50|,,,,,Ghost
|showteam|p2|Rillaboom||AssaultVest|GrassySurge|FakeOut,HighHorsepower,Uturn,WoodHammer|||F|||50|,,,,,Fire]Incineroar||SafetyGoggles|Intimidate|FakeOut,Taunt,PartingShot,KnockOff|||F|||50|,,,,,Ghost]Salamence||ChoiceSpecs|Intimidate|Hurricane,HeatWave,DracoMeteor,HydroPump|||M|||50|,,,,,Fire]Garchomp||LoadedDice|RoughSkin|StompingTantrum,Earthquake,ScaleShot,Protect|||F|||50|,,,,,Fairy]Sneasler||FocusSash|PoisonTouch|DireClaw,CloseCombat,Coaching,Protect|||M|||50|,,,,,Fairy]Ninetales-Alola||NeverMeltIce|SnowWarning|FreezeDry,Blizzard,AuroraVeil,Protect|||F|||50|,,,,,Ghost
|inactive|Battle timer is ON: inactive players will automatically lose when time's up. (requested by TitaniumVGC)
|
|t:|1757839977
|teamsize|p1|4
|teamsize|p2|4
|start
|switch|p1a: Archaludon|Archaludon, L50, F, shiny|100/100
|switch|p1b: Pelipper|Pelipper, L50, F, shiny|100/100
|switch|p2a: TheFuckYouGuy|Sneasler, L50, M|100/100
|switch|p2b: Incineroar|Incineroar, L50, F|100/100
|-ability|p2b: Incineroar|Intimidate|boost
|-unboost|p1a: Archaludon|atk|1
|-unboost|p1b: Pelipper|atk|1
|-weather|RainDance|[from] ability: Drizzle|[of] p1b: Pelipper
|turn|1
|inactive|TitaniumVGC has 30 seconds left.
|
|t:|1757840007
|switch|p1a: Gholdengo|Gholdengo, L50, shiny|100/100
|move|p2b: Incineroar|Fake Out|p1b: Pelipper
|-damage|p1b: Pelipper|87/100
|move|p2a: TheFuckYouGuy|Close Combat|p1a: Gholdengo
|-immune|p1a: Gholdengo
|cant|p1b: Pelipper|flinch
|
|-weather|RainDance|[upkeep]
|upkeep
|turn|2
|
|t:|1757840032
|move|p2a: TheFuckYouGuy|Dire Claw|p1b: Pelipper
|-damage|p1b: Pelipper|31/100
|-status|p1b: Pelipper|par
|move|p1a: Gholdengo|Make It Rain|p2a: TheFuckYouGuy|[spread] p2a,p2b
|-resisted|p2b: Incineroar
|-damage|p2a: TheFuckYouGuy|24/100
|-damage|p2b: Incineroar|72/100
|-unboost|p1a: Gholdengo|spa|1
|-damage|p1a: Gholdengo|91/100|[from] item: Life Orb
|move|p2b: Incineroar|Knock Off|p1a: Gholdengo
|-supereffective|p1a: Gholdengo
|-damage|p1a: Gholdengo|5/100
|-enditem|p1a: Gholdengo|Life Orb|[from] move: Knock Off|[of] p2b: Incineroar
|cant|p1b: Pelipper|par
|
|-weather|RainDance|[upkeep]
|upkeep
|turn|3
|inactive|TitaniumVGC has 30 seconds left.
|
|t:|1757840059
|switch|p1a: Archaludon|Archaludon, L50, F, shiny|100/100
|move|p2a: TheFuckYouGuy|Close Combat|p1b: Pelipper
|-resisted|p1b: Pelipper
|-damage|p1b: Pelipper|0 fnt
|-unboost|p2a: TheFuckYouGuy|def|1
|-unboost|p2a: TheFuckYouGuy|spd|1
|faint|p1b: Pelipper
|move|p2b: Incineroar|Knock Off|p1a: Archaludon
|-damage|p1a: Archaludon|74/100
|-ability|p1a: Archaludon|Stamina|boost
|-boost|p1a: Archaludon|def|1
|-enditem|p1a: Archaludon|Assault Vest|[from] move: Knock Off|[of] p2b: Incineroar
|
|-weather|RainDance|[upkeep]
|upkeep
|
|t:|1757840075
|switch|p1b: Incineroar|Incineroar, L50, F, shiny|100/100
|-ability|p1b: Incineroar|Intimidate|boost
|-unboost|p2a: TheFuckYouGuy|atk|1
|-unboost|p2b: Incineroar|atk|1
|turn|4
|
|t:|1757840080
|switch|p2b: Ninetales|Ninetales-Alola, L50, F|100/100
|-weather|Snowscape|[from] ability: Snow Warning|[of] p2b: Ninetales
|move|p2a: TheFuckYouGuy|Protect|p2a: TheFuckYouGuy
|-singleturn|p2a: TheFuckYouGuy|Protect
|move|p1b: Incineroar|Fake Out|p2a: TheFuckYouGuy
|-activate|p2a: TheFuckYouGuy|move: Protect
|move|p1a: Archaludon|Body Press|p2b: Ninetales
|-damage|p2b: Ninetales|73/100
|
|-weather|Snowscape|[upkeep]
|upkeep
|turn|5
|
|t:|1757840095
|switch|p1b: Gholdengo|Gholdengo, L50, shiny|5/100
|-terastallize|p1a: Archaludon|Grass
|move|p2a: TheFuckYouGuy|Close Combat|p1b: Gholdengo
|-immune|p1b: Gholdengo
|move|p2b: Ninetales|Aurora Veil|p2b: Ninetales
|-sidestart|p2: CretaceousDraconid|move: Aurora Veil
|move|p1a: Archaludon|Flash Cannon|p2b: Ninetales
|-supereffective|p2b: Ninetales
|-crit|p2b: Ninetales
|-damage|p2b: Ninetales|0 fnt
|faint|p2b: Ninetales
|
|-weather|Snowscape|[upkeep]
|upkeep
|
|t:|1757840098
|switch|p2b: Salamence|Salamence, L50, M|100/100
|-ability|p2b: Salamence|Intimidate|boost
|-unboost|p1a: Archaludon|atk|1
|-unboost|p1b: Gholdengo|atk|1
|turn|6
|
|t:|1757840119
|-terastallize|p2b: Salamence|Fire
|move|p2a: TheFuckYouGuy|Dire Claw|p1a: Archaludon
|-supereffective|p1a: Archaludon
|-damage|p1a: Archaludon|48/100
|-status|p1a: Archaludon|par
|-ability|p1a: Archaludon|Stamina|boost
|-boost|p1a: Archaludon|def|1
|move|p2b: Salamence|Heat Wave|p1a: Archaludon|[spread] p1a,p1b
|-supereffective|p1a: Archaludon
|-supereffective|p1b: Gholdengo
|-damage|p1a: Archaludon|0 fnt
|-damage|p1b: Gholdengo|0 fnt
|faint|p1a: Archaludon
|faint|p1b: Gholdengo
|
|-weather|Snowscape|[upkeep]
|upkeep
|-message|TitaniumVGC forfeited.
|
|win|CretaceousDraconid
|raw|TitaniumVGC's rating: 1031 → 1021(-10 for losing)
|raw|CretaceousDraconid's rating: 1148 → 1165(+17 for winning)
|l|☆TitaniumVGC
|player|p1|
