|j|☆15Hugs
|j|☆userover
|html|15Hugsuserover    
|uhtml|bestof|Game 1 of a best-of-3
|t:|1786034496
|gametype|doubles
|player|p1|15Hugs|ingo|1090
|player|p2|userover|102|1071
|gen|9
|tier|[Gen 9 Champions] VGC 2026 Reg M-B (Bo3)
|rated|
|rule|Species Clause: Limit one of each Pokémon
|rule|Item Clause: Limit 1 of each item
|clearpoke
|poke|p1|Mawile, L50, M|
|poke|p1|Sneasler, L50, M|
|poke|p1|Raichu, L50, M|
|poke|p1|Hydreigon, L50, M|
|poke|p1|Farigiraf, L50, F, shiny|
|poke|p1|Sinistcha, L50|
|poke|p2|Froslass, L50, F|
|poke|p2|Sneasler, L50, F|
|poke|p2|Kingambit, L50, F|
|poke|p2|Lycanroc-Dusk, L50, F|
|poke|p2|Milotic, L50, M|
|poke|p2|Tsareena, L50, F|
|teampreview|4
|showteam|p1|Mawile||Mawilite|Intimidate|Protect,PlayRough,IronHead,SuckerPunch|Brave||M|||50|]Sneasler||WhiteHerb|Unburden|FakeOut,RockTomb,CloseCombat,DireClaw|Jolly||M|||50|]Raichu||RaichuniteY|LightningRod|Protect,FakeOut,ZapCannon,FocusBlast|Timid||M|||50|]Hydreigon||ChoiceScarf|Levitate|DracoMeteor,Snarl,DarkPulse,EarthPower|Timid||M|||50|]Farigiraf||SitrusBerry|ArmorTail|TrickRoom,HelpingHand,FoulPlay,Psychic|Quiet||F|||50|]Sinistcha||KasibBerry|Hospitality|TrickRoom,Hex,MatchaGotcha,RagePowder|Modest|||||50|
|showteam|p2|Froslass||Froslassite|CursedBody|ShadowBall,Blizzard,Protect,NastyPlot|Timid||F|||50|]Sneasler||MentalHerb|Pressure|CloseCombat,Protect,FakeOut,DireClaw|Jolly||F|||50|]Kingambit||BlackGlasses|Defiant|KowtowCleave,SuckerPunch,Protect,SwordsDance|Adamant||F|||50|]Lycanroc-Dusk||FocusSash|ToughClaws|RockSlide,CloseCombat,Accelerock,Protect|Jolly||F|||50|]Milotic||Leftovers|Competitive|HydroPump,Coil,Hypnosis,Protect|Calm||M|||50|]Tsareena||WideLens|QueenlyMajesty|PowerWhip,HighJumpKick,TripleAxel,Protect|Adamant||F|||50|
|inactive|Battle timer is ON: inactive players will automatically lose when time's up. (requested by 15Hugs)
|
|t:|1786034573
|teamsize|p1|4
|teamsize|p2|4
|start
|switch|p1a: Hydreigon|Hydreigon, L50, M|100/100
|switch|p1b: Raichu|Raichu, L50, M|100/100
|switch|p2a: Sneasler|Sneasler, L50, F|100/100
|switch|p2b: Kingambit|Kingambit, L50, F|100/100
|-ability|p2a: Sneasler|Pressure
|turn|1
|
|t:|1786034594
|switch|p1a: Farigiraf|Farigiraf, L50, F, shiny|100/100
|detailschange|p1b: Raichu|Raichu-Mega-Y, L50, M
|-mega|p1b: Raichu|Raichu|Raichunite Y
|move|p2a: Sneasler|Fake Out||[still]
|cant|p1a: Farigiraf|ability: Armor Tail|Fake Out|[of] p2a: Sneasler
|move|p1b: Raichu|Zap Cannon|p2a: Sneasler
|-damage|p2a: Sneasler|2/100
|-status|p2a: Sneasler|par
|move|p2b: Kingambit|Swords Dance|p2b: Kingambit
|-boost|p2b: Kingambit|atk|2
|
|upkeep
|turn|2
|inactive|userover has 30 seconds left.
|
|t:|1786034625
|switch|p1a: Sneasler|Sneasler, L50, M|100/100
|move|p1b: Raichu|Protect|p1b: Raichu
|-singleturn|p1b: Raichu|Protect
|move|p2a: Sneasler|Close Combat|p1a: Sneasler
|-resisted|p1a: Sneasler|1
|-damage|p1a: Sneasler|48/100
|-unboost|p2a: Sneasler|def|1
|-unboost|p2a: Sneasler|spd|1
|move|p2b: Kingambit|Kowtow Cleave|p1a: Sneasler
|-resisted|p1a: Sneasler|1
|-damage|p1a: Sneasler|0 fnt
|faint|p1a: Sneasler
|
|upkeep
|inactive|15Hugs has 30 seconds left.
|inactive|15Hugs has 20 seconds left.
|inactive|15Hugs has 15 seconds left.
|
|t:|1786034667
|switch|p1a: Hydreigon|Hydreigon, L50, M|100/100
|turn|3
|
|t:|1786034679
|move|p2b: Kingambit|Protect|p2b: Kingambit
|-singleturn|p2b: Kingambit|Protect
|move|p1a: Hydreigon|Earth Power|p2a: Sneasler
|-supereffective|p2a: Sneasler|1
|-damage|p2a: Sneasler|0 fnt
|faint|p2a: Sneasler
|move|p1b: Raichu|Focus Blast|p2b: Kingambit
|-activate|p2b: Kingambit|move: Protect
|
|upkeep
|
|t:|1786034690
|switch|p2a: Froslass|Froslass, L50, F|100/100
|turn|4
|
|t:|1786034705
|switch|p1a: Farigiraf|Farigiraf, L50, F, shiny|100/100
|switch|p2b: Tsareena|Tsareena, L50, F|100/100
|detailschange|p2a: Froslass|Froslass-Mega, L50, F
|-mega|p2a: Froslass|Froslass|Froslassite
|-weather|Snowscape|[from] ability: Snow Warning|[of] p2a: Froslass
|move|p1b: Raichu|Focus Blast|p2b: Tsareena
|-damage|p2b: Tsareena|46/100
|move|p2a: Froslass|Nasty Plot|p2a: Froslass
|-boost|p2a: Froslass|spa|2
|
|-weather|Snowscape|[upkeep]
|upkeep
|turn|5
|inactive|15Hugs has 30 seconds left.
|inactive|15Hugs has 20 seconds left.
|inactive|15Hugs has 15 seconds left.
|inactive|15Hugs has 10 seconds left.
|inactive|15Hugs has 5 seconds left.
|
|t:|1786034756
|move|p1b: Raichu|Zap Cannon|p2a: Froslass
|-damage|p2a: Froslass|22/100
|-status|p2a: Froslass|par
|move|p2b: Tsareena|High Jump Kick|p1a: Farigiraf
|-damage|p1a: Farigiraf|59/100
|move|p2a: Froslass|Blizzard|p1a: Farigiraf|[spread] p1a,p1b
|-damage|p1a: Farigiraf|0 fnt
|-damage|p1b: Raichu|0 fnt
|faint|p1a: Farigiraf
|faint|p1b: Raichu
|
|-weather|Snowscape|[upkeep]
|upkeep
|
|t:|1786034765
|switch|p1b: Hydreigon|Hydreigon, L50, M|100/100
|turn|6
|
|t:|1786034782
|move|p1b: Hydreigon|Earth Power|p2b: Tsareena
|-resisted|p2b: Tsareena|1
|-damage|p2b: Tsareena|27/100
|move|p2b: Tsareena|High Jump Kick|p1b: Hydreigon
|-supereffective|p1b: Hydreigon|1
|-damage|p1b: Hydreigon|0 fnt
|faint|p1b: Hydreigon
|
|win|userover
