|j|☆PyroLaxus
|j|☆Lightoz IV
|html|PyroLaxusLightoz IV    
|uhtml|bestof|Game 2 of a best-of-3
|t:|1784629984
|gametype|doubles
|player|p1|PyroLaxus|265|1197
|player|p2|Lightoz IV|blue-gen2|1461
|gen|9
|tier|[Gen 9 Champions] VGC 2026 Reg M-B (Bo3)
|rated|
|rule|Species Clause: Limit one of each Pokémon
|rule|Item Clause: Limit 1 of each item
|clearpoke
|poke|p1|Blaziken, L50, F|
|poke|p1|Kingambit, L50, F|
|poke|p1|Farigiraf, L50, M|
|poke|p1|Sylveon, L50, M|
|poke|p1|Basculegion, L50, M|
|poke|p1|Aerodactyl, L50, M|
|poke|p2|Raichu, L50, M|
|poke|p2|Kingambit, L50, M, shiny|
|poke|p2|Basculegion, L50, M|
|poke|p2|Aerodactyl, L50, M|
|poke|p2|Farigiraf, L50, M|
|poke|p2|Sylveon, L50, M, shiny|
|teampreview|4
|showteam|p1|Blaziken||Blazikenite|SpeedBoost|CloseCombat,FlareBlitz,RockSlide,Protect|Adamant||F|||50|]Kingambit||LifeOrb|Defiant|SuckerPunch,KowtowCleave,IronHead,Protect|Adamant||F|||50|]Farigiraf||SitrusBerry|ArmorTail|Thunderbolt,Psychic,TrickRoom,HelpingHand|Calm||M|||50|]Sylveon||FairyFeather|Pixilate|HyperVoice,QuickAttack,Roar,Protect|Modest||M|||50|]Basculegion||ChoiceScarf|Adaptability|AquaJet,Liquidation,FlipTurn,LastRespects|Adamant||M|||50|]Aerodactyl||Aerodactylite|Unnerve|DualWingbeat,RockSlide,Tailwind,IceFang|Jolly||M|||50|
|showteam|p2|Raichu||RaichuniteY|LightningRod|ZapCannon,FocusBlast,FakeOut,Protect|Timid||M|||50|]Kingambit||FocusSash|Defiant|KowtowCleave,SuckerPunch,IronHead,LowKick|Adamant||M|||50|]Basculegion||MysticWater|Adaptability|LastRespects,WaveCrash,AquaJet,Protect|Adamant||M|||50|]Aerodactyl||Aerodactylite|Unnerve|RockSlide,DualWingbeat,Tailwind,IceFang|Jolly||M|||50|]Farigiraf||SitrusBerry|ArmorTail|Psychic,Thunderbolt,TrickRoom,Protect|Bold||M|||50|]Sylveon||FairyFeather|Pixilate|HyperVoice,HyperBeam,QuickAttack,Detect|Modest||M|||50|
|
|t:|1784630005
|teamsize|p1|4
|teamsize|p2|4
|start
|switch|p1a: Basculegion|Basculegion, L50, M|100/100
|switch|p1b: Aerodactyl|Aerodactyl, L50, M|100/100
|switch|p2a: Kingambit|Kingambit, L50, M, shiny|100/100
|switch|p2b: Aerodactyl|Aerodactyl, L50, M|100/100
|-ability|p2b: Aerodactyl|Unnerve
|-ability|p1b: Aerodactyl|Unnerve
|turn|1
|
|t:|1784630043
|detailschange|p2b: Aerodactyl|Aerodactyl-Mega, L50, M
|-mega|p2b: Aerodactyl|Aerodactyl|Aerodactylite
|move|p1a: Basculegion|Aqua Jet|p2b: Aerodactyl
|-supereffective|p2b: Aerodactyl|1
|-damage|p2b: Aerodactyl|42/100
|move|p2a: Kingambit|Sucker Punch||[still]
|-fail|p2a: Kingambit
|move|p2b: Aerodactyl|Tailwind|p2b: Aerodactyl
|-sidestart|p2: Lightoz IV|move: Tailwind
|move|p1b: Aerodactyl|Rock Slide|p2a: Kingambit|[spread] p2a,p2b
|-resisted|p2a: Kingambit|1
|-supereffective|p2b: Aerodactyl|1
|-crit|p2b: Aerodactyl
|-damage|p2a: Kingambit|90/100
|-damage|p2b: Aerodactyl|0 fnt
|faint|p2b: Aerodactyl
|
|upkeep
|
|t:|1784630052
|switch|p2b: Basculegion|Basculegion, L50, M|100/100
|turn|2
|
|t:|1784630071
|switch|p1a: Kingambit|Kingambit, L50, F|100/100
|move|p2b: Basculegion|Wave Crash|p1b: Aerodactyl
|-supereffective|p1b: Aerodactyl|1
|-damage|p1b: Aerodactyl|0 fnt
|faint|p1b: Aerodactyl
|-damage|p2b: Basculegion|72/100|[from] Recoil
|move|p2a: Kingambit|Kowtow Cleave|p1a: Kingambit
|-resisted|p1a: Kingambit|1
|-damage|p1a: Kingambit|81/100
|
|upkeep
|
|t:|1784630082
|switch|p1b: Blaziken|Blaziken, L50, F|100/100
|turn|3
|
|t:|1784630092
|detailschange|p1b: Blaziken|Blaziken-Mega, L50, F
|-mega|p1b: Blaziken|Blaziken|Blazikenite
|move|p1b: Blaziken|Protect|p1b: Blaziken
|-singleturn|p1b: Blaziken|Protect
|move|p1a: Kingambit|Protect|p1a: Kingambit
|-singleturn|p1a: Kingambit|Protect
|move|p2b: Basculegion|Aqua Jet|p1b: Blaziken
|-activate|p1b: Blaziken|move: Protect
|move|p2a: Kingambit|Low Kick|p1a: Kingambit
|-activate|p1a: Kingambit|move: Protect
|
|-ability|p1b: Blaziken|Speed Boost|boost
|-boost|p1b: Blaziken|spe|1
|upkeep
|turn|4
|
|t:|1784630123
|switch|p1b: Basculegion|Basculegion, L50, M|100/100
|move|p1a: Kingambit|Sucker Punch|p2b: Basculegion
|-supereffective|p2b: Basculegion|1
|-damage|p2b: Basculegion|0 fnt
|faint|p2b: Basculegion
|-damage|p1a: Kingambit|72/100|[from] item: Life Orb
|move|p2a: Kingambit|Low Kick|p1a: Kingambit
|-supereffective|p1a: Kingambit|2
|-damage|p1a: Kingambit|0 fnt
|faint|p1a: Kingambit
|
|-sideend|p2: Lightoz IV|move: Tailwind
|upkeep
|
|t:|1784630134
|switch|p2b: Sylveon|Sylveon, L50, M, shiny|100/100
|switch|p1a: Blaziken|Blaziken-Mega, L50, F|100/100
|turn|5
|
|t:|1784630152
|move|p1b: Basculegion|Aqua Jet|p2b: Sylveon
|-damage|p2b: Sylveon|68/100
|move|p1a: Blaziken|Close Combat|p2a: Kingambit
|-supereffective|p2a: Kingambit|2
|-damage|p2a: Kingambit|0 fnt
|-unboost|p1a: Blaziken|def|1
|-unboost|p1a: Blaziken|spd|1
|faint|p2a: Kingambit
|move|p2b: Sylveon|Hyper Beam|p1a: Blaziken
|-damage|p1a: Blaziken|0 fnt
|-mustrecharge|p2b: Sylveon
|faint|p1a: Blaziken
|
|upkeep
|turn|6
|
|t:|1784630165
|move|p1b: Basculegion|Aqua Jet|p2b: Sylveon
|-damage|p2b: Sylveon|39/100
|cant|p2b: Sylveon|recharge
|
|upkeep
|turn|7
|
|t:|1784630172
|move|p1b: Basculegion|Aqua Jet|p2b: Sylveon
|-damage|p2b: Sylveon|6/100
|move|p2b: Sylveon|Hyper Beam|p1b: Basculegion
|-damage|p1b: Basculegion|0 fnt
|-mustrecharge|p2b: Sylveon
|faint|p1b: Basculegion
|
|win|Lightoz IV
|raw|PyroLaxus's rating: 1197 → 1188(-9 for losing)
|raw|Lightoz IV's rating: 1461 → 1468(+7 for winning)
