|j|☆Notaplaceofhonor
|j|☆pko007
|html|Notaplaceofhonorpko007    
|uhtml|bestof|Game 1 of a best-of-3
|t:|1756525016
|gametype|doubles
|player|p1|Notaplaceofhonor|juan-gen3|1162
|player|p2|pko007|hilbert-wonderlauncher|1055
|gen|9
|tier|[Gen 9] VGC 2025 Reg H (Bo3)
|rated|
|rule|Species Clause: Limit one of each Pokémon
|rule|Item Clause: Limit 1 of each item
|clearpoke
|poke|p1|Ursaluna, L50, F|
|poke|p1|Incineroar, L50, M|
|poke|p1|Archaludon, L50, M|
|poke|p1|Pelipper, L50, F|
|poke|p1|Basculegion, L50, M|
|poke|p1|Sinistcha, L50|
|poke|p2|Dragapult, L50, F|
|poke|p2|Electabuzz, L50, F|
|poke|p2|Kingambit, L50, F|
|poke|p2|Rillaboom, L50, M|
|poke|p2|Ceruledge, L50, M|
|poke|p2|Primarina, L50, M|
|teampreview|4
|showteam|p1|Ursaluna||FlameOrb|Guts|Protect,Facade,Earthquake,HeadlongRush|||F|||50|,,,,,Ghost]Incineroar||SafetyGoggles|Intimidate|Taunt,FakeOut,KnockOff,PartingShot|||M|||50|,,,,,Ghost]Archaludon||AssaultVest|Stamina|ElectroShot,Snarl,DracoMeteor,BodyPress|||M|||50|,,,,,Grass]Pelipper||FocusSash|Drizzle|Hurricane,WeatherBall,Tailwind,Protect|||F|||50|,,,,,Ghost]Basculegion||ChoiceScarf|Adaptability|WaveCrash,LastRespects,FlipTurn,IcyWind|||M|||50|,,,,,Water]Sinistcha||SitrusBerry|Hospitality|MatchaGotcha,LifeDew,RagePowder,TrickRoom||||||50|,,,,,Water
|showteam|p2|Dragapult||ChoiceBand|ClearBody|DragonDarts,PhantomForce,Uturn,Outrage|||F|||50|,,,,,Dragon]Electabuzz||Eviolite|VitalSpirit|Taunt,Electroweb,FollowMe,Protect|||F|||50|,,,,,Ground]Kingambit||BlackGlasses|Defiant|KowtowCleave,SwordsDance,SuckerPunch,Protect|||F|||50|,,,,,Dark]Rillaboom||AssaultVest|GrassySurge|WoodHammer,GrassyGlide,Uturn,FakeOut|||M|||50|,,,,,Fire]Ceruledge||ClearAmulet|FlashFire|Poltergeist,BitterBlade,BulkUp,Protect|||M|||50|,,,,,Grass]Primarina||ThroatSpray|Torrent|HyperVoice,Moonblast,Haze,Protect|||M|||50|,,,,,Water
|inactive|Battle timer is ON: inactive players will automatically lose when time's up. (requested by pko007)
|inactive|Notaplaceofhonor has 60 seconds left.
|inactive|pko007 has 60 seconds left.
|inactive|Notaplaceofhonor has 30 seconds left.
|inactive|Notaplaceofhonor has 20 seconds left.
|inactive|Notaplaceofhonor has 15 seconds left.
|inactive|Notaplaceofhonor has 10 seconds left.
|inactive|Notaplaceofhonor has 5 seconds left.
|
|t:|1756525119
|teamsize|p1|4
|teamsize|p2|4
|start
|switch|p1a: Ursaluna|Ursaluna, L50, F|100/100
|switch|p1b: Pelipper|Pelipper, L50, F|100/100
|switch|p2a: Dragapult|Dragapult, L50, F, shiny|100/100
|switch|p2b: Electabuzz|Electabuzz, L50, F, shiny|100/100
|-weather|RainDance|[from] ability: Drizzle|[of] p1b: Pelipper
|turn|1
|inactive|Notaplaceofhonor has 30 seconds left.
|inactive|pko007 has 30 seconds left.
|inactive|Notaplaceofhonor has 20 seconds left.
|inactive|Notaplaceofhonor has 15 seconds left.
|
|t:|1756525162
|move|p2a: Dragapult|U-turn|p1b: Pelipper
|-resisted|p1b: Pelipper
|-damage|p1b: Pelipper|78/100
|
|t:|1756525167
|switch|p2a: Rillaboom|Rillaboom, L50, M, shiny|100/100|[from] U-turn
|-fieldstart|move: Grassy Terrain|[from] ability: Grassy Surge|[of] p2a: Rillaboom
|move|p2b: Electabuzz|Electroweb|p1b: Pelipper|[spread] p1b
|-immune|p1a: Ursaluna
|-supereffective|p1b: Pelipper
|-crit|p1b: Pelipper
|-damage|p1b: Pelipper|0 fnt
|faint|p1b: Pelipper
|move|p1a: Ursaluna|Headlong Rush|p2a: Rillaboom
|-resisted|p2a: Rillaboom
|-damage|p2a: Rillaboom|67/100
|-unboost|p1a: Ursaluna|def|1
|-unboost|p1a: Ursaluna|spd|1
|
|-weather|RainDance|[upkeep]
|-heal|p2a: Rillaboom|73/100|[from] Grassy Terrain
|-status|p1a: Ursaluna|brn|[from] item: Flame Orb
|upkeep
|inactive|Notaplaceofhonor has 30 seconds left.
|inactive|Notaplaceofhonor has 20 seconds left.
|
|t:|1756525206
|switch|p1b: Sinistcha|Sinistcha, L50|100/100
|turn|2
|
|t:|1756525228
|switch|p1a: Archaludon|Archaludon, L50, M|100/100
|move|p2b: Electabuzz|Follow Me|p2b: Electabuzz
|-singleturn|p2b: Electabuzz|move: Follow Me
|move|p2a: Rillaboom|U-turn|p1b: Sinistcha
|-damage|p1b: Sinistcha|77/100
|
|t:|1756525239
|switch|p2a: Dragapult|Dragapult, L50, F, shiny|100/100|[from] U-turn
|move|p1b: Sinistcha|Matcha Gotcha|p2b: Electabuzz|[spread] p2a,p2b
|-resisted|p2a: Dragapult
|-damage|p2a: Dragapult|80/100
|-heal|p1b: Sinistcha|86/100|[from] drain|[of] p2a: Dragapult
|-damage|p2b: Electabuzz|74/100
|-heal|p1b: Sinistcha|98/100|[from] drain|[of] p2b: Electabuzz
|
|-weather|RainDance|[upkeep]
|-heal|p2a: Dragapult|86/100|[from] Grassy Terrain
|-heal|p2b: Electabuzz|80/100|[from] Grassy Terrain
|-heal|p1b: Sinistcha|100/100|[from] Grassy Terrain
|upkeep
|turn|3
|inactive|Notaplaceofhonor has 30 seconds left.
|inactive|pko007 has 30 seconds left.
|inactive|pko007 has 20 seconds left.
|inactive|pko007 has 15 seconds left.
|
|t:|1756525282
|-terastallize|p2a: Dragapult|Dragon
|move|p2b: Electabuzz|Follow Me|p2b: Electabuzz
|-singleturn|p2b: Electabuzz|move: Follow Me
|move|p2a: Dragapult|Outrage|p1b: Sinistcha
|-damage|p1b: Sinistcha|0 fnt
|faint|p1b: Sinistcha
|move|p1a: Archaludon|Draco Meteor|p2b: Electabuzz
|-damage|p2b: Electabuzz|29/100
|-unboost|p1a: Archaludon|spa|2
|
|-weather|RainDance|[upkeep]
|-heal|p2a: Dragapult|93/100|[from] Grassy Terrain
|-heal|p2b: Electabuzz|34/100|[from] Grassy Terrain
|upkeep
|
|t:|1756525292
|switch|p1b: Ursaluna|Ursaluna, L50, F|100/100 brn
|turn|4
|
|t:|1756525306
|move|p1b: Ursaluna|Protect|p1b: Ursaluna
|-singleturn|p1b: Ursaluna|Protect
|move|p2b: Electabuzz|Follow Me|p2b: Electabuzz
|-singleturn|p2b: Electabuzz|move: Follow Me
|move|p2a: Dragapult|Outrage|p1a: Archaludon|[from] lockedmove
|-damage|p1a: Archaludon|16/100
|-ability|p1a: Archaludon|Stamina|boost
|-boost|p1a: Archaludon|def|1
|move|p1a: Archaludon|Draco Meteor|p2b: Electabuzz
|-damage|p2b: Electabuzz|10/100
|-unboost|p1a: Archaludon|spa|2
|
|-weather|RainDance|[upkeep]
|-heal|p2a: Dragapult|99/100|[from] Grassy Terrain
|-heal|p2b: Electabuzz|16/100|[from] Grassy Terrain
|-heal|p1a: Archaludon|22/100|[from] Grassy Terrain
|-damage|p1b: Ursaluna|95/100 brn|[from] brn
|upkeep
|turn|5
|
|t:|1756525328
|move|p1b: Ursaluna|Protect|p1b: Ursaluna
|-singleturn|p1b: Ursaluna|Protect
|move|p2b: Electabuzz|Follow Me|p2b: Electabuzz
|-singleturn|p2b: Electabuzz|move: Follow Me
|move|p2a: Dragapult|Outrage|p1b: Ursaluna|[from] lockedmove
|-activate|p1b: Ursaluna|move: Protect
|-start|p2a: Dragapult|confusion|[fatigue]
|move|p1a: Archaludon|Draco Meteor|p2b: Electabuzz
|-damage|p2b: Electabuzz|0 fnt
|-unboost|p1a: Archaludon|spa|2
|faint|p2b: Electabuzz
|
|-weather|none
|-heal|p2a: Dragapult|100/100|[from] Grassy Terrain
|-heal|p1a: Archaludon|28/100|[from] Grassy Terrain
|-heal|p1b: Ursaluna|100/100 brn|[from] Grassy Terrain
|-damage|p1b: Ursaluna|95/100 brn|[from] brn
|-fieldend|move: Grassy Terrain
|upkeep
|
|t:|1756525345
|switch|p2b: Rillaboom|Rillaboom, L50, M, shiny|73/100
|-fieldstart|move: Grassy Terrain|[from] ability: Grassy Surge|[of] p2b: Rillaboom
|turn|6
|
|t:|1756525365
|-terastallize|p1b: Ursaluna|Ghost
|-activate|p2a: Dragapult|confusion
|move|p2a: Dragapult|Outrage|p1a: Archaludon
|-damage|p1a: Archaludon|0 fnt
|faint|p1a: Archaludon
|move|p2b: Rillaboom|Wood Hammer|p1b: Ursaluna
|-damage|p1b: Ursaluna|28/100 brn
|-damage|p2b: Rillaboom|49/100|[from] Recoil
|move|p1b: Ursaluna|Facade|p2a: Dragapult
|-damage|p2a: Dragapult|0 fnt
|faint|p2a: Dragapult
|
|-heal|p2b: Rillaboom|55/100|[from] Grassy Terrain
|-heal|p1b: Ursaluna|34/100 brn|[from] Grassy Terrain
|-damage|p1b: Ursaluna|28/100 brn|[from] brn
|upkeep
|
|t:|1756525380
|switch|p2a: Kingambit|Kingambit, L50, F, shiny|100/100
|turn|7
|
|t:|1756525386
|move|p2b: Rillaboom|Grassy Glide|p1b: Ursaluna
|-damage|p1b: Ursaluna|0 fnt
|faint|p1b: Ursaluna
|
|win|pko007
