|j|☆ClumbsyLilBeach
|j|☆marcosdeltasena31
|html|ClumbsyLilBeachmarcosdeltasena31    
|uhtml|bestof|Game 1 of a best-of-3
|t:|1785973212
|gametype|doubles
|player|p1|ClumbsyLilBeach|jasmine|1191
|player|p2|marcosdeltasena31|hilbert|1176
|gen|9
|tier|[Gen 9 Champions] VGC 2026 Reg M-B (Bo3)
|rated|
|rule|Species Clause: Limit one of each Pokémon
|rule|Item Clause: Limit 1 of each item
|clearpoke
|poke|p1|Charizard, L50, M|
|poke|p1|Pelipper, L50, M|
|poke|p1|Gliscor, L50, F, shiny|
|poke|p1|Talonflame, L50, M|
|poke|p1|Corviknight, L50, M|
|poke|p1|Staraptor, L50, M|
|poke|p2|Charizard, L50, M, shiny|
|poke|p2|Raichu, L50, F|
|poke|p2|Basculegion, L50, M|
|poke|p2|Whimsicott, L50, F|
|poke|p2|Garchomp, L50, M|
|poke|p2|Kingambit, L50, F|
|teampreview|4
|showteam|p1|Charizard||CharizarditeY|Blaze|Protect,WeatherBall,HeatWave,SolarBeam|Modest||M|||50|]Pelipper||SitrusBerry|Drizzle|WideGuard,Hurricane,Tailwind,WeatherBall|Modest||M|||50|]Gliscor||ChoiceScarf|HyperCutter|Earthquake,RockSlide,Uturn,IceFang|Jolly||F|||50|]Talonflame||FocusSash|GaleWings|AirSlash,Tailwind,QuickGuard,FeatherDance|Timid||M|||50|]Corviknight||Leftovers|MirrorArmor|Taunt,IronHead,BulkUp,Protect|Adamant||M|||50|]Staraptor||Staraptite|Intimidate|CloseCombat,Roost,BraveBird,Protect|Jolly||M|||50|
|showteam|p2|Charizard||CharizarditeY|Blaze|HeatWave,WeatherBall,SolarBeam,Protect|Modest||M|||50|]Raichu||RaichuniteY|LightningRod|ZapCannon,FocusBlast,FakeOut,Protect|Timid||F|||50|]Basculegion||MysticWater|Adaptability|WaveCrash,LastRespects,AquaJet,Protect|Adamant||M|||50|]Whimsicott||FocusSash|Prankster|Moonblast,Tailwind,Encore,Protect|Timid||F|||50|]Garchomp||LifeOrb|RoughSkin|RockSlide,DragonClaw,Earthquake,Protect|Jolly||M|||50|]Kingambit||ChopleBerry|Defiant|KowtowCleave,IronHead,SuckerPunch,LowKick|Adamant||F|||50|
|inactive|Battle timer is ON: inactive players will automatically lose when time's up. (requested by ClumbsyLilBeach)
|
|t:|1785973238
|teamsize|p1|4
|teamsize|p2|4
|start
|switch|p1a: Talonflame|Talonflame, L50, M|100/100
|switch|p1b: Gliscor|Gliscor, L50, F, shiny|100/100
|switch|p2a: Raichu|Raichu, L50, F|100/100
|switch|p2b: Whimsicott|Whimsicott, L50, F|100/100
|turn|1
|
|t:|1785973253
|detailschange|p2a: Raichu|Raichu-Mega-Y, L50, F
|-mega|p2a: Raichu|Raichu|Raichunite Y
|move|p1a: Talonflame|Quick Guard|p1a: Talonflame
|-singleturn|p1a: Talonflame|Quick Guard
|move|p2a: Raichu|Fake Out|p1b: Gliscor
|-activate|p1b: Gliscor|move: Quick Guard
|move|p2b: Whimsicott|Tailwind|p2b: Whimsicott
|-sidestart|p2: marcosdeltasena31|move: Tailwind
|move|p1b: Gliscor|Earthquake|p2a: Raichu|[spread] p2a,p2b
|-immune|p1a: Talonflame
|-supereffective|p2a: Raichu|1
|-resisted|p2b: Whimsicott|1
|-damage|p2a: Raichu|11/100
|-damage|p2b: Whimsicott|78/100
|
|upkeep
|turn|2
|
|t:|1785973270
|switch|p2a: Basculegion|Basculegion, L50, M|100/100
|move|p1a: Talonflame|Tailwind|p1a: Talonflame
|-sidestart|p1: ClumbsyLilBeach|move: Tailwind
|move|p1b: Gliscor|Earthquake|p2b: Whimsicott|[spread] p2a,p2b
|-immune|p1a: Talonflame
|-resisted|p2b: Whimsicott|1
|-damage|p2a: Basculegion|61/100
|-damage|p2b: Whimsicott|55/100
|move|p2b: Whimsicott|Moonblast|p1a: Talonflame
|-resisted|p1a: Talonflame|1
|-damage|p1a: Talonflame|70/100
|-unboost|p1a: Talonflame|spa|1
|
|upkeep
|turn|3
|
|t:|1785973295
|move|p2a: Basculegion|Aqua Jet|p1a: Talonflame
|-supereffective|p1a: Talonflame|1
|-damage|p1a: Talonflame|0 fnt
|faint|p1a: Talonflame
|move|p1b: Gliscor|Earthquake|p2b: Whimsicott|[spread] p2a,p2b
|-resisted|p2b: Whimsicott|1
|-damage|p2a: Basculegion|25/100
|-damage|p2b: Whimsicott|33/100
|move|p2b: Whimsicott|Moonblast|p1b: Gliscor
|-damage|p1b: Gliscor|49/100
|
|upkeep
|
|t:|1785973306
|switch|p1a: Staraptor|Staraptor, L50, M|100/100
|-ability|p1a: Staraptor|Intimidate|boost
|-unboost|p2a: Basculegion|atk|1
|-unboost|p2b: Whimsicott|atk|1
|turn|4
|
|t:|1785973315
|switch|p2b: Kingambit|Kingambit, L50, F|100/100
|detailschange|p1a: Staraptor|Staraptor-Mega, L50, M
|-mega|p1a: Staraptor|Staraptor|Staraptite
|move|p2a: Basculegion|Protect|p2a: Basculegion
|-singleturn|p2a: Basculegion|Protect
|move|p1b: Gliscor|Earthquake|p2a: Basculegion|[spread] p2b
|-activate|p2a: Basculegion|move: Protect
|-immune|p1a: Staraptor
|-supereffective|p2b: Kingambit|1
|-damage|p2b: Kingambit|55/100
|move|p1a: Staraptor|Close Combat|p2b: Kingambit
|-supereffective|p2b: Kingambit|2
|-enditem|p2b: Kingambit|Chople Berry|[eat]
|-enditem|p2b: Kingambit|Chople Berry|[weaken]
|-damage|p2b: Kingambit|0 fnt
|-boost|p1a: Staraptor|def|1
|-boost|p1a: Staraptor|spd|1
|faint|p2b: Kingambit
|
|-sideend|p2: marcosdeltasena31|move: Tailwind
|upkeep
|
|t:|1785973335
|switch|p2b: Whimsicott|Whimsicott, L50, F|33/100
|turn|5
|
|t:|1785973343
|move|p2b: Whimsicott|Encore|p1a: Staraptor
|-start|p1a: Staraptor|Encore
|move|p2a: Basculegion|Aqua Jet|p1b: Gliscor
|-supereffective|p1b: Gliscor|1
|-damage|p1b: Gliscor|4/100
|move|p1b: Gliscor|Earthquake|p2a: Basculegion|[spread] p2a,p2b
|-immune|p1a: Staraptor
|-resisted|p2b: Whimsicott|1
|-damage|p2a: Basculegion|0 fnt
|-damage|p2b: Whimsicott|9/100
|faint|p2a: Basculegion
|move|p1a: Staraptor|Close Combat|p2b: Whimsicott
|-resisted|p2b: Whimsicott|1
|-damage|p2b: Whimsicott|0 fnt
|-boost|p1a: Staraptor|def|1
|-boost|p1a: Staraptor|spd|1
|faint|p2b: Whimsicott
|
|-sideend|p1: ClumbsyLilBeach|move: Tailwind
|upkeep
|
|t:|1785973350
|switch|p2b: Raichu|Raichu-Mega-Y, L50, F|11/100
|turn|6
|-message|marcosdeltasena31 forfeited.
|
|win|ClumbsyLilBeach
|l|☆marcosdeltasena31
|player|p2|
||marcosdeltasena31 is ready for game 2.
|inactive|ClumbsyLilBeach has 30 seconds to confirm battle start!
||ClumbsyLilBeach is ready for game 2.
|uhtml|next|Next: Game 2 of 3
|l|☆ClumbsyLilBeach
|player|p1|
|j|☆ClumbsyLilBeach
|player|p1|ClumbsyLilBeach|jasmine|
