|j|☆red john7777
|j|☆AntZim
|html|red john7777AntZim    
|uhtml|bestof|Game 1 of a best-of-3
|t:|1756394994
|gametype|doubles
|player|p1|red john7777|ghetsis-gen5bw|1048
|player|p2|AntZim|265|1052
|gen|9
|tier|[Gen 9] VGC 2025 Reg H (Bo3)
|rated|
|rule|Species Clause: Limit one of each Pokémon
|rule|Item Clause: Limit 1 of each item
|clearpoke
|poke|p1|Ursaluna, L50, F|
|poke|p1|Kilowattrel, L50, F|
|poke|p1|Gholdengo, L50|
|poke|p1|Incineroar, L50, F|
|poke|p1|Amoonguss, L50, F|
|poke|p1|Porygon2, L50|
|poke|p2|Pincurchin, L50, F|
|poke|p2|Talonflame, L50, M|
|poke|p2|Gothitelle, L50, F|
|poke|p2|Incineroar, L50, M|
|poke|p2|Gastrodon, L50, F|
|poke|p2|Raichu-Alola, L50, M|
|teampreview|4
|showteam|p1|Ursaluna||FlameOrb|Guts|Facade,HeadlongRush,Earthquake,Protect|||F|||50|,,,,,Fairy]Kilowattrel||FocusSash|Competitive|Thunderbolt,AirSlash,Tailwind,Protect|||F|||50|,,,,,Ghost]Gholdengo||LifeOrb|GoodasGold|MakeItRain,ShadowBall,NastyPlot,Protect||||||50|,,,,,Flying]Incineroar||AssaultVest|Intimidate|KnockOff,FlareBlitz,Uturn,FakeOut|||F|||50|,,,,,Grass]Amoonguss||SitrusBerry|Regenerator|Spore,RagePowder,SludgeBomb,Protect|||F|||50|,,,,,Water]Porygon2||Eviolite|Download|TeraBlast,IceBeam,Recover,TrickRoom||||||50|,,,,,Fighting
|showteam|p2|Pincurchin||RockyHelmet|ElectricSurge|Acupressure,SupercellSlam,Protect,ThunderWave|||F|||50|,,,,,Flying]Talonflame||LifeOrb|GaleWings|BraveBird,DualWingbeat,FlareBlitz,Tailwind|||M|||50|,,,,,Fire]Gothitelle||SitrusBerry|ShadowTag|Psychic,Protect,TrickRoom,FakeOut|||F|||50|,,,,,Dark]Incineroar||AssaultVest|Intimidate|FlareBlitz,PartingShot,FakeOut,KnockOff|||M|||50|,,,,,Bug]Gastrodon||Leftovers|StormDrain|EarthPower,IceBeam,Recover,Protect|||F|||50|,,,,,Grass]Raichu-Alola||ChoiceSpecs|SurgeSurfer|Thunderbolt,Psychic,VoltSwitch,AlluringVoice|||M|||50|,,,,,Electric
|inactive|Battle timer is ON: inactive players will automatically lose when time's up. (requested by red john7777)
|inactive|AntZim has 60 seconds left.
|inactive|AntZim has 30 seconds left.
|inactive|red john7777 has 30 seconds left.
|
|t:|1756395087
|teamsize|p1|4
|teamsize|p2|4
|start
|switch|p1a: 뽀록나|Amoonguss, L50, F, shiny|100/100
|switch|p1b: Pumpy the Grumpy|Incineroar, L50, F, shiny|100/100
|switch|p2a: Pincurchin|Pincurchin, L50, F|100/100
|switch|p2b: Talonflame|Talonflame, L50, M|100/100
|-ability|p1b: Pumpy the Grumpy|Intimidate|boost
|-unboost|p2a: Pincurchin|atk|1
|-unboost|p2b: Talonflame|atk|1
|-fieldstart|move: Electric Terrain|[from] ability: Electric Surge|[of] p2a: Pincurchin
|turn|1
|inactive|AntZim has 30 seconds left.
|inactive|AntZim has 20 seconds left.
|inactive|AntZim has 15 seconds left.
|inactive|AntZim has 10 seconds left.
|
|t:|1756395133
|move|p1b: Pumpy the Grumpy|Fake Out|p2b: Talonflame
|-damage|p2b: Talonflame|82/100
|cant|p2b: Talonflame|flinch
|move|p1a: 뽀록나|Spore|p2b: Talonflame
|-status|p2b: Talonflame|slp|[from] move: Spore
|move|p2a: Pincurchin|Acupressure|p2b: Talonflame
|-boost|p2b: Talonflame|atk|2
|
|upkeep
|turn|2
|inactive|AntZim has 30 seconds left.
|inactive|red john7777 has 30 seconds left.
|inactive|AntZim has 20 seconds left.
|
|t:|1756395171
|switch|p1a: Dinko|Ursaluna, L50, F|100/100
|cant|p2b: Talonflame|slp
|move|p1b: Pumpy the Grumpy|Knock Off|p2b: Talonflame
|-damage|p2b: Talonflame|18/100 slp
|-enditem|p2b: Talonflame|Life Orb|[from] move: Knock Off|[of] p1b: Pumpy the Grumpy
|move|p2a: Pincurchin|Supercell Slam|p1b: Pumpy the Grumpy
|-damage|p1b: Pumpy the Grumpy|71/100
|
|-status|p1a: Dinko|brn|[from] item: Flame Orb
|upkeep
|turn|3
|inactive|AntZim has 30 seconds left.
|inactive|AntZim has 20 seconds left.
|inactive|AntZim has 15 seconds left.
|
|t:|1756395213
|-terastallize|p2a: Pincurchin|Flying
|cant|p2b: Talonflame|slp
|move|p1b: Pumpy the Grumpy|U-turn|p2a: Pincurchin
|-resisted|p2a: Pincurchin
|-damage|p2a: Pincurchin|91/100
|-damage|p1b: Pumpy the Grumpy|54/100|[from] item: Rocky Helmet|[of] p2a: Pincurchin
|
|t:|1756395229
|switch|p1b: 뽀록나|Amoonguss, L50, F, shiny|100/100|[from] U-turn
|move|p1a: Dinko|Facade|p2b: Talonflame
|-damage|p2b: Talonflame|0 fnt
|faint|p2b: Talonflame
|move|p2a: Pincurchin|Acupressure|p2a: Pincurchin
|-boost|p2a: Pincurchin|spd|2
|
|-damage|p1a: Dinko|95/100 brn|[from] brn
|upkeep
|
|t:|1756395239
|switch|p2b: Incineroar|Incineroar, L50, M|100/100
|-ability|p2b: Incineroar|Intimidate|boost
|-unboost|p1a: Dinko|atk|1
|-unboost|p1b: 뽀록나|atk|1
|turn|4
|
|t:|1756395263
|move|p2b: Incineroar|Fake Out|p1a: Dinko
|-damage|p1a: Dinko|85/100 brn
|move|p1b: 뽀록나|Rage Powder|p1b: 뽀록나
|-singleturn|p1b: 뽀록나|move: Rage Powder
|cant|p1a: Dinko|flinch
|move|p2a: Pincurchin|Supercell Slam|p1b: 뽀록나
|-resisted|p1b: 뽀록나
|-crit|p1b: 뽀록나
|-damage|p1b: 뽀록나|80/100
|
|-damage|p1a: Dinko|79/100 brn|[from] brn
|upkeep
|turn|5
|
|t:|1756395280
|switch|p1a: Mr Worldwide|Gholdengo, L50|100/100
|move|p2b: Incineroar|Flare Blitz|p1a: Mr Worldwide
|-supereffective|p1a: Mr Worldwide
|-damage|p1a: Mr Worldwide|8/100
|-damage|p2b: Incineroar|75/100|[from] Recoil
|move|p1b: 뽀록나|Spore|p2a: Pincurchin
|-status|p2a: Pincurchin|slp|[from] move: Spore
|cant|p2a: Pincurchin|slp
|
|-fieldend|move: Electric Terrain
|upkeep
|turn|6
|inactive|AntZim has 30 seconds left.
|inactive|AntZim has 20 seconds left.
|inactive|AntZim has 15 seconds left.
|
|t:|1756395321
|switch|p2a: Gastrodon|Gastrodon, L50, F|100/100
|-terastallize|p1b: 뽀록나|Water
|move|p1b: 뽀록나|Rage Powder|p1b: 뽀록나
|-singleturn|p1b: 뽀록나|move: Rage Powder
|move|p1a: Mr Worldwide|Nasty Plot|p1a: Mr Worldwide
|-boost|p1a: Mr Worldwide|spa|2
|move|p2b: Incineroar|Knock Off|p1b: 뽀록나
|-damage|p1b: 뽀록나|50/100
|-enditem|p1b: 뽀록나|Sitrus Berry|[from] move: Knock Off|[of] p2b: Incineroar
|
|upkeep
|turn|7
|
|t:|1756395339
|switch|p1b: Pumpy the Grumpy|Incineroar, L50, F, shiny|54/100
|-ability|p1b: Pumpy the Grumpy|Intimidate|boost
|-unboost|p2a: Gastrodon|atk|1
|-unboost|p2b: Incineroar|atk|1
|move|p1a: Mr Worldwide|Make It Rain|p2b: Incineroar|[spread] p2a,p2b
|-resisted|p2a: Gastrodon
|-resisted|p2b: Incineroar
|-damage|p2a: Gastrodon|48/100
|-damage|p2b: Incineroar|43/100
|-unboost|p1a: Mr Worldwide|spa|1
|-damage|p1a: Mr Worldwide|0 fnt|[from] item: Life Orb
|faint|p1a: Mr Worldwide
|move|p2b: Incineroar|Knock Off|p1b: Pumpy the Grumpy
|-resisted|p1b: Pumpy the Grumpy
|-damage|p1b: Pumpy the Grumpy|43/100
|-enditem|p1b: Pumpy the Grumpy|Assault Vest|[from] move: Knock Off|[of] p2b: Incineroar
|move|p2a: Gastrodon|Earth Power|p1b: Pumpy the Grumpy
|-supereffective|p1b: Pumpy the Grumpy
|-damage|p1b: Pumpy the Grumpy|0 fnt
|faint|p1b: Pumpy the Grumpy
|
|-heal|p2a: Gastrodon|54/100|[from] item: Leftovers
|upkeep
|
|t:|1756395353
|switch|p1a: 뽀록나|Amoonguss, L50, F, shiny, tera:Water|83/100
|switch|p1b: Dinko|Ursaluna, L50, F|79/100 brn
|turn|8
|
|t:|1756395366
|switch|p2b: Pincurchin|Pincurchin, L50, F, tera:Flying|91/100 slp
|-fieldstart|move: Electric Terrain|[from] ability: Electric Surge|[of] p2b: Pincurchin
|move|p1a: 뽀록나|Rage Powder|p1a: 뽀록나
|-singleturn|p1a: 뽀록나|move: Rage Powder
|move|p1b: Dinko|Facade|p2a: Gastrodon
|-damage|p2a: Gastrodon|0 fnt
|faint|p2a: Gastrodon
|
|-damage|p1b: Dinko|73/100 brn|[from] brn
|upkeep
|
|t:|1756395377
|switch|p2a: Incineroar|Incineroar, L50, M|43/100
|-ability|p2a: Incineroar|Intimidate|boost
|-unboost|p1a: 뽀록나|atk|1
|-unboost|p1b: Dinko|atk|1
|turn|9
|
|t:|1756395388
|move|p1b: Dinko|Protect|p1b: Dinko
|-singleturn|p1b: Dinko|Protect
|move|p2a: Incineroar|Fake Out|p1b: Dinko
|-activate|p1b: Dinko|move: Protect
|move|p1a: 뽀록나|Spore|p2a: Incineroar
|-activate|p2a: Incineroar|move: Electric Terrain
|cant|p2b: Pincurchin|slp
|
|-damage|p1b: Dinko|68/100 brn|[from] brn
|upkeep
|turn|10
|inactive|AntZim has 30 seconds left.
|
|t:|1756395413
|move|p1a: 뽀록나|Rage Powder|p1a: 뽀록나
|-singleturn|p1a: 뽀록나|move: Rage Powder
|move|p1b: Dinko|Facade|p2a: Incineroar
|-damage|p2a: Incineroar|0 fnt
|faint|p2a: Incineroar
|cant|p2b: Pincurchin|slp
|
|-damage|p1b: Dinko|62/100 brn|[from] brn
|upkeep
|turn|11
|
|t:|1756395430
|move|p1b: Dinko|Facade|p2b: Pincurchin
|-damage|p2b: Pincurchin|8/100 slp
|-damage|p1b: Dinko|45/100 brn|[from] item: Rocky Helmet|[of] p2b: Pincurchin
|move|p1a: 뽀록나|Sludge Bomb|p2b: Pincurchin
|-damage|p2b: Pincurchin|0 fnt
|faint|p2b: Pincurchin
|
|win|red john7777
||red john7777 is ready for game 2.
|inactive|AntZim has 30 seconds to confirm battle start!
