|j|☆Inteligent8pro
|j|☆8787878i
|html|Inteligent8pro8787878i    
|uhtml|bestof|Game 2 of a best-of-3
|t:|1786117357
|gametype|doubles
|player|p1|Inteligent8pro|elesa|1197
|player|p2|8787878i|tuberf|1303
|gen|9
|tier|[Gen 9 Champions] VGC 2026 Reg M-B (Bo3)
|rated|
|rule|Species Clause: Limit one of each Pokémon
|rule|Item Clause: Limit 1 of each item
|clearpoke
|poke|p1|Blaziken, L50, F|
|poke|p1|Venusaur, L50, F|
|poke|p1|Kingambit, L50, F|
|poke|p1|Ninetales-Alola, L50, F|
|poke|p1|Lycanroc-Dusk, L50, F|
|poke|p1|Basculegion, L50, M|
|poke|p2|Venusaur, L50, M|
|poke|p2|Charizard, L50, F|
|poke|p2|Sylveon, L50, M|
|poke|p2|Incineroar, L50, F|
|poke|p2|Garchomp, L50, M|
|poke|p2|Farigiraf, L50, F|
|teampreview|4
|showteam|p1|Blaziken||Blazikenite|SpeedBoost|FlareBlitz,CloseCombat,RockSlide,Detect|Adamant||F|||50|]Venusaur||Venusaurite|Chlorophyll|GigaDrain,SludgeBomb,EarthPower,Protect|Modest||F|||50|]Kingambit||LifeOrb|Defiant|KowtowCleave,SuckerPunch,IronHead,Protect|Adamant||F|||50|]Ninetales-Alola||NeverMeltIce|SnowWarning|Blizzard,FreezeDry,Encore,Protect|Timid||F|||50|]Lycanroc-Dusk||FocusSash|ToughClaws|RockSlide,Accelerock,CloseCombat,Protect|Adamant||F|||50|]Basculegion||ChoiceScarf|Adaptability|LastRespects,WaveCrash,AquaJet,FlipTurn|Jolly||M|||50|
|showteam|p2|Venusaur||FocusSash|Chlorophyll|SludgeBomb,SleepPowder,LeafStorm,Protect|Modest||M|||50|]Charizard||CharizarditeY|Blaze|Protect,HeatWave,WeatherBall,SolarBeam|Modest||F|||50|]Sylveon||FairyFeather|Pixilate|HyperVoice,HyperBeam,QuickAttack,Detect|Modest||M|||50|]Incineroar||SitrusBerry|Intimidate|DarkestLariat,FlareBlitz,PartingShot,FakeOut|Careful||F|||50|]Garchomp||LifeOrb|RoughSkin|Earthquake,DragonClaw,RockSlide,Protect|Jolly||M|||50|]Farigiraf||ColburBerry|ArmorTail|Psychic,Thunderbolt,TrickRoom,Protect|Modest||F|||50|
|
|t:|1786117396
|teamsize|p1|4
|teamsize|p2|4
|start
|switch|p1a: Blaziken|Blaziken, L50, F|100/100
|switch|p1b: Lycanroc|Lycanroc-Dusk, L50, F|100/100
|switch|p2a: Charizard|Charizard, L50, F|100/100
|switch|p2b: Incineroar|Incineroar, L50, F|100/100
|-ability|p2b: Incineroar|Intimidate|boost
|-unboost|p1a: Blaziken|atk|1
|-unboost|p1b: Lycanroc|atk|1
|turn|1
|inactive|Battle timer is ON: inactive players will automatically lose when time's up. (requested by Inteligent8pro)
|
|t:|1786117426
|switch|p2a: Farigiraf|Farigiraf, L50, F|100/100
|switch|p2b: Venusaur|Venusaur, L50, M|100/100
|detailschange|p1a: Blaziken|Blaziken-Mega, L50, F
|-mega|p1a: Blaziken|Blaziken|Blazikenite
|move|p1b: Lycanroc|Protect|p1b: Lycanroc
|-singleturn|p1b: Lycanroc|Protect
|move|p1a: Blaziken|Detect||[still]
|-fail|p1a: Blaziken
|
|-ability|p1a: Blaziken|Speed Boost|boost
|-boost|p1a: Blaziken|spe|1
|upkeep
|turn|2
|inactive|Inteligent8pro has 30 seconds left.
|
|t:|1786117453
|switch|p2b: Incineroar|Incineroar, L50, F|100/100
|-ability|p2b: Incineroar|Intimidate|boost
|-unboost|p1a: Blaziken|atk|1
|-unboost|p1b: Lycanroc|atk|1
|move|p1a: Blaziken|Rock Slide|p2b: Incineroar|[spread] p2a,p2b
|-supereffective|p2b: Incineroar|1
|-damage|p2a: Farigiraf|88/100
|-damage|p2b: Incineroar|79/100
|move|p1b: Lycanroc|Close Combat|p2a: Farigiraf
|-damage|p2a: Farigiraf|60/100
|-unboost|p1b: Lycanroc|def|1
|-unboost|p1b: Lycanroc|spd|1
|move|p2a: Farigiraf|Trick Room|p2a: Farigiraf
|-fieldstart|move: Trick Room|[of] p2a: Farigiraf
|
|-ability|p1a: Blaziken|Speed Boost|boost
|-boost|p1a: Blaziken|spe|1
|upkeep
|turn|3
|
|t:|1786117471
|switch|p1b: Ninetales|Ninetales-Alola, L50, F|100/100
|-weather|Snowscape|[from] ability: Snow Warning|[of] p1b: Ninetales
|switch|p1a: Basculegion|Basculegion, L50, M|100/100
|move|p2a: Farigiraf|Psychic|p1a: Basculegion
|-damage|p1a: Basculegion|61/100
|move|p2b: Incineroar|Darkest Lariat|p1b: Ninetales
|-resisted|p1b: Ninetales|1
|-damage|p1b: Ninetales|85/100
|
|-weather|Snowscape|[upkeep]
|upkeep
|turn|4
|inactive|Inteligent8pro has 30 seconds left.
|
|t:|1786117496
|switch|p1a: Blaziken|Blaziken-Mega, L50, F|100/100
|move|p1b: Ninetales|Protect|p1b: Ninetales
|-singleturn|p1b: Ninetales|Protect
|move|p2a: Farigiraf|Psychic|p1a: Blaziken
|-supereffective|p1a: Blaziken|1
|-damage|p1a: Blaziken|3/100
|move|p2b: Incineroar|Darkest Lariat|p1a: Blaziken
|-resisted|p1a: Blaziken|1
|-damage|p1a: Blaziken|0 fnt
|faint|p1a: Blaziken
|
|-weather|Snowscape|[upkeep]
|upkeep
|
|t:|1786117509
|switch|p1a: Basculegion|Basculegion, L50, M|61/100
|turn|5
|
|t:|1786117526
|move|p2a: Farigiraf|Thunderbolt|p1a: Basculegion
|-supereffective|p1a: Basculegion|1
|-damage|p1a: Basculegion|3/100
|move|p2b: Incineroar|Flare Blitz|p1b: Ninetales
|-supereffective|p1b: Ninetales|1
|-damage|p1b: Ninetales|7/100
|-damage|p2b: Incineroar|58/100|[from] Recoil
|move|p1b: Ninetales|Blizzard|p2b: Incineroar|[spread] p2a,p2b
|-resisted|p2b: Incineroar|1
|-damage|p2a: Farigiraf|33/100
|-damage|p2b: Incineroar|45/100
|-enditem|p2b: Incineroar|Sitrus Berry|[eat]
|-heal|p2b: Incineroar|69/100|[from] item: Sitrus Berry
|move|p1a: Basculegion|Flip Turn|p2b: Incineroar
|-supereffective|p2b: Incineroar|1
|-damage|p2b: Incineroar|6/100
|
|t:|1786117541
|switch|p1a: Lycanroc|Lycanroc-Dusk, L50, F|100/100|[from] Flip Turn
|
|-weather|Snowscape|[upkeep]
|upkeep
|turn|6
|
|t:|1786117563
|move|p2a: Farigiraf|Protect|p2a: Farigiraf
|-singleturn|p2a: Farigiraf|Protect
|move|p1a: Lycanroc|Protect|p1a: Lycanroc
|-singleturn|p1a: Lycanroc|Protect
|move|p1b: Ninetales|Protect|p1b: Ninetales
|-singleturn|p1b: Ninetales|Protect
|move|p2b: Incineroar|Flare Blitz|p1a: Lycanroc
|-activate|p1a: Lycanroc|move: Protect
|
|-weather|Snowscape|[upkeep]
|-fieldend|move: Trick Room
|upkeep
|turn|7
|
|t:|1786117587
|move|p2a: Farigiraf|Protect|p2a: Farigiraf
|-singleturn|p2a: Farigiraf|Protect
|move|p1b: Ninetales|Blizzard|p2b: Incineroar|[spread] p2b
|-activate|p2a: Farigiraf|move: Protect
|-resisted|p2b: Incineroar|1
|-damage|p2b: Incineroar|0 fnt
|faint|p2b: Incineroar
|move|p1a: Lycanroc|Close Combat|p2a: Farigiraf
|-activate|p2a: Farigiraf|move: Protect
|
|-weather|none
|upkeep
|
|t:|1786117611
|switch|p2b: Venusaur|Venusaur, L50, M|100/100
|turn|8
|
|t:|1786117623
|switch|p2a: Charizard|Charizard, L50, F|100/100
|move|p1b: Ninetales|Protect|p1b: Ninetales
|-singleturn|p1b: Ninetales|Protect
|move|p1a: Lycanroc|Close Combat|p2a: Charizard
|-resisted|p2a: Charizard|1
|-damage|p2a: Charizard|71/100
|-unboost|p1a: Lycanroc|def|1
|-unboost|p1a: Lycanroc|spd|1
|move|p2b: Venusaur|Sludge Bomb|p1b: Ninetales
|-activate|p1b: Ninetales|move: Protect
|
|upkeep
|turn|9
|inactive|8787878i has 30 seconds left.
|inactive|8787878i has 20 seconds left.
|
|t:|1786117662
|switch|p1b: Basculegion|Basculegion, L50, M|3/100
|detailschange|p2a: Charizard|Charizard-Mega-Y, L50, F
|-mega|p2a: Charizard|Charizard|Charizardite Y
|-weather|SunnyDay|[from] ability: Drought|[of] p2a: Charizard
|move|p2b: Venusaur|Protect|p2b: Venusaur
|-singleturn|p2b: Venusaur|Protect
|move|p1a: Lycanroc|Protect|p1a: Lycanroc
|-singleturn|p1a: Lycanroc|Protect
|move|p2a: Charizard|Protect||[still]
|-fail|p2a: Charizard
|
|-weather|SunnyDay|[upkeep]
|upkeep
|turn|10
|inactive|Inteligent8pro has 30 seconds left.
|
|t:|1786117693
|switch|p1b: Ninetales|Ninetales-Alola, L50, F|7/100
|-weather|Snowscape|[from] ability: Snow Warning|[of] p1b: Ninetales
|switch|p2a: Farigiraf|Farigiraf, L50, F|33/100
|move|p1a: Lycanroc|Rock Slide|p2b: Venusaur|[spread] p2a,p2b
|-damage|p2a: Farigiraf|8/100
|-damage|p2b: Venusaur|59/100
|cant|p2b: Venusaur|flinch
|
|-weather|Snowscape|[upkeep]
|upkeep
|turn|11
|inactive|Inteligent8pro has 30 seconds left.
|inactive|8787878i has 30 seconds left.
|inactive|8787878i has 20 seconds left.
|inactive|8787878i has 15 seconds left.
|inactive|8787878i has 10 seconds left.
|
|t:|1786117742
|switch|p2a: Charizard|Charizard-Mega-Y, L50, F|71/100
|-weather|SunnyDay|[from] ability: Drought|[of] p2a: Charizard
|move|p1a: Lycanroc|Protect|p1a: Lycanroc
|-singleturn|p1a: Lycanroc|Protect
|move|p2b: Venusaur|Sleep Powder|p1a: Lycanroc
|-activate|p1a: Lycanroc|move: Protect
|move|p1b: Ninetales|Freeze-Dry|p2b: Venusaur
|-supereffective|p2b: Venusaur|1
|-damage|p2b: Venusaur|0 fnt
|faint|p2b: Venusaur
|
|-weather|SunnyDay|[upkeep]
|upkeep
|
|t:|1786117749
|switch|p2b: Farigiraf|Farigiraf, L50, F|8/100
|turn|12
|-message|8787878i forfeited.
|
|win|Inteligent8pro
