|j|☆freshOnbg
|j|☆new mental
|html|freshOnbgnew mental    
|uhtml|bestof|Game 2 of a best-of-3
|t:|1784374021
|gametype|doubles
|player|p1|freshOnbg|palmer|1000
|player|p2|new mental|volkner|1219
|gen|9
|tier|[Gen 9 Champions] VGC 2026 Reg M-B (Bo3)
|rated|
|rule|Species Clause: Limit one of each Pokémon
|rule|Item Clause: Limit 1 of each item
|clearpoke
|poke|p1|Overqwil, L50, F|
|poke|p1|Incineroar, L50, F|
|poke|p1|Charizard, L50, F|
|poke|p1|Dragapult, L50, F|
|poke|p1|Infernape, L50, F|
|poke|p1|Dragonite, L50, M|
|poke|p2|Charizard, L50, F|
|poke|p2|Kingambit, L50, F|
|poke|p2|Sylveon, L50, M|
|poke|p2|Garchomp, L50, F|
|poke|p2|Aerodactyl, L50, M|
|poke|p2|Farigiraf, L50, M|
|teampreview|4
|showteam|p1|Overqwil||ShucaBerry|Intimidate|Taunt,IcyWind,ChillingWater,ToxicSpikes|Timid||F|||50|]Incineroar||SitrusBerry|Intimidate|FakeOut,FlareBlitz,WillOWisp,PartingShot|Careful||F|||50|]Charizard||CharizarditeY|Blaze|HeatWave,Overheat,Protect,ScorchingSands|Timid||F|||50|]Dragapult||FocusSash|CursedBody|WillOWisp,ThunderWave,Hex,DracoMeteor|Timid||F|||50|]Infernape||LifeOrb|IronFist|MachPunch,FakeOut,Protect,Uturn|Adamant||F|||50|]Dragonite||RoseliBerry|InnerFocus|Tailwind,Earthquake,ExtremeSpeed,IceSpinner|Adamant||M|||50|
|showteam|p2|Charizard||CharizarditeY|SolarPower|Protect,HeatWave,SolarBeam,WeatherBall|Modest||F|||50|]Kingambit||FocusSash|Defiant|IronHead,SuckerPunch,KowtowCleave,LowKick|Adamant||F|||50|]Sylveon||FairyFeather|Pixilate|Detect,HyperVoice,HyperBeam,QuickAttack|Modest||M|||50|]Garchomp||LifeOrb|RoughSkin|Protect,DragonClaw,Earthquake,RockSlide|Jolly||F|||50|]Aerodactyl||Aerodactylite|Unnerve|IceFang,RockSlide,Tailwind,DualWingbeat|Jolly||M|||50|]Farigiraf||SitrusBerry|ArmorTail|TrickRoom,Psychic,Thunderbolt,Roar|Bold||M|||50|
|inactive|Battle timer is ON: inactive players will automatically lose when time's up. (requested by new mental)
|
|t:|1784374046
|teamsize|p1|4
|teamsize|p2|4
|start
|switch|p1a: Incineroar|Incineroar, L50, F|100/100
|switch|p1b: Dragonite|Dragonite, L50, M|100/100
|switch|p2a: Aerodactyl|Aerodactyl, L50, M|100/100
|switch|p2b: Sylveon|Sylveon, L50, M|100/100
|-ability|p2a: Aerodactyl|Unnerve
|-ability|p1a: Incineroar|Intimidate|boost
|-unboost|p2a: Aerodactyl|atk|1
|-unboost|p2b: Sylveon|atk|1
|turn|1
|
|t:|1784374056
|detailschange|p2a: Aerodactyl|Aerodactyl-Mega, L50, M
|-mega|p2a: Aerodactyl|Aerodactyl|Aerodactylite
|move|p1a: Incineroar|Fake Out|p2a: Aerodactyl
|-resisted|p2a: Aerodactyl|1
|-damage|p2a: Aerodactyl|94/100
|cant|p2a: Aerodactyl|flinch
|move|p1b: Dragonite|Tailwind|p1b: Dragonite
|-sidestart|p1: freshOnbg|move: Tailwind
|move|p2b: Sylveon|Hyper Voice|p1b: Dragonite|[spread] p1a,p1b
|-supereffective|p1b: Dragonite|1
|-enditem|p1b: Dragonite|Roseli Berry|[eat]
|-enditem|p1b: Dragonite|Roseli Berry|[weaken]
|-damage|p1a: Incineroar|70/100
|-damage|p1b: Dragonite|63/100
|
|upkeep
|turn|2
|inactive|freshOnbg has 30 seconds left.
|
|t:|1784374082
|move|p2a: Aerodactyl|Tailwind|p2a: Aerodactyl
|-sidestart|p2: new mental|move: Tailwind
|move|p1b: Dragonite|Ice Spinner|p2b: Sylveon
|-crit|p2b: Sylveon
|-damage|p2b: Sylveon|54/100
|move|p2b: Sylveon|Hyper Voice|p1b: Dragonite|[spread] p1a,p1b
|-supereffective|p1b: Dragonite|1
|-damage|p1a: Incineroar|38/100
|-damage|p1b: Dragonite|0 fnt
|-enditem|p1a: Incineroar|Sitrus Berry|[eat]
|-heal|p1a: Incineroar|63/100|[from] item: Sitrus Berry
|faint|p1b: Dragonite
|move|p1a: Incineroar|Will-O-Wisp|p2a: Aerodactyl
|-status|p2a: Aerodactyl|brn
|
|-damage|p2a: Aerodactyl|88/100 brn|[from] brn
|upkeep
|
|t:|1784374099
|switch|p1b: Charizard|Charizard, L50, F|100/100
|turn|3
|
|t:|1784374110
|switch|p2a: Farigiraf|Farigiraf, L50, M|100/100
|detailschange|p1b: Charizard|Charizard-Mega-Y, L50, F
|-mega|p1b: Charizard|Charizard|Charizardite Y
|-weather|SunnyDay|[from] ability: Drought|[of] p1b: Charizard
|move|p1b: Charizard|Heat Wave|p2a: Farigiraf|[spread] p2a,p2b
|-damage|p2a: Farigiraf|37/100
|-damage|p2b: Sylveon|5/100
|-status|p2a: Farigiraf|brn
|-enditem|p2a: Farigiraf|Sitrus Berry|[eat]
|-heal|p2a: Farigiraf|62/100 brn|[from] item: Sitrus Berry
|move|p2b: Sylveon|Hyper Beam|p1a: Incineroar
|-damage|p1a: Incineroar|0 fnt
|-mustrecharge|p2b: Sylveon
|faint|p1a: Incineroar
|
|-weather|SunnyDay|[upkeep]
|-damage|p2a: Farigiraf|56/100 brn|[from] brn
|upkeep
|
|t:|1784374129
|switch|p1a: Infernape|Infernape, L50, F|100/100
|turn|4
|
|t:|1784374147
|move|p1b: Charizard|Scorching Sands|p2a: Farigiraf
|-damage|p2a: Farigiraf|30/100 brn
|move|p1a: Infernape|U-turn|p2a: Farigiraf
|-supereffective|p2a: Farigiraf|1
|-damage|p2a: Farigiraf|0 fnt
|faint|p2a: Farigiraf
|-damage|p1a: Infernape|90/100|[from] item: Life Orb
|cant|p2b: Sylveon|recharge
|
|-weather|SunnyDay|[upkeep]
|-sideend|p1: freshOnbg|move: Tailwind
|upkeep
|
|t:|1784374165
|switch|p2a: Aerodactyl|Aerodactyl-Mega, L50, M|88/100 brn
|turn|5
|
|t:|1784374169
|move|p1b: Charizard|Protect|p1b: Charizard
|-singleturn|p1b: Charizard|Protect
|move|p1a: Infernape|Protect|p1a: Infernape
|-singleturn|p1a: Infernape|Protect
|move|p2b: Sylveon|Quick Attack|p1a: Infernape
|-activate|p1a: Infernape|move: Protect
|move|p2a: Aerodactyl|Dual Wingbeat|p1a: Infernape
|-activate|p1a: Infernape|move: Protect
|
|-weather|SunnyDay|[upkeep]
|-damage|p2a: Aerodactyl|83/100 brn|[from] brn
|-sideend|p2: new mental|move: Tailwind
|upkeep
|turn|6
|
|t:|1784374191
|move|p1a: Infernape|Mach Punch|p2b: Sylveon
|-resisted|p2b: Sylveon|1
|-crit|p2b: Sylveon
|-damage|p2b: Sylveon|0 fnt
|faint|p2b: Sylveon
|-damage|p1a: Infernape|80/100|[from] item: Life Orb
|move|p2a: Aerodactyl|Rock Slide|p1a: Infernape|[spread] p1a,p1b
|-supereffective|p1b: Charizard|2
|-damage|p1a: Infernape|58/100
|-damage|p1b: Charizard|18/100
|cant|p1b: Charizard|flinch
|
|-weather|SunnyDay|[upkeep]
|-damage|p2a: Aerodactyl|77/100 brn|[from] brn
|upkeep
|
|t:|1784374199
|switch|p2b: Kingambit|Kingambit, L50, F|100/100
|turn|7
|
|t:|1784374208
|move|p1a: Infernape|Mach Punch|p2b: Kingambit
|-supereffective|p2b: Kingambit|2
|-enditem|p2b: Kingambit|Focus Sash
|-damage|p2b: Kingambit|1/100
|-damage|p1a: Infernape|49/100|[from] item: Life Orb
|move|p2b: Kingambit|Sucker Punch|p1b: Charizard
|-damage|p1b: Charizard|0 fnt
|faint|p1b: Charizard
|move|p2a: Aerodactyl|Dual Wingbeat|p1a: Infernape
|-supereffective|p1a: Infernape|1
|-damage|p1a: Infernape|13/100
|-supereffective|p1a: Infernape|1
|-damage|p1a: Infernape|0 fnt
|faint|p1a: Infernape
|-hitcount|p1: Infernape|2
|
|win|new mental
|raw|freshOnbg's rating: 1000 → 1000(+0 for losing)
|raw|new mental's rating: 1219 → 1230(+11 for winning)
