|j|☆14#coder9
|j|☆moxhi
|html|14#coder9moxhi    
|uhtml|bestof|Game 2 of a best-of-3
|t:|1757108531
|gametype|doubles
|player|p1|14#coder9|unknown|1125
|player|p2|moxhi|caitlin|1080
|gen|9
|tier|[Gen 9] VGC 2025 Reg H (Bo3)
|rated|
|rule|Species Clause: Limit one of each Pokémon
|rule|Item Clause: Limit 1 of each item
|clearpoke
|poke|p1|Kingambit, L50, F|
|poke|p1|Electabuzz, L50, M|
|poke|p1|Dragapult, L50, M|
|poke|p1|Volcarona, L50, M|
|poke|p1|Rillaboom, L50, F|
|poke|p1|Ninetales-Alola, L50, M|
|poke|p2|Vivillon-Ocean, L50, M|
|poke|p2|Ursaluna, L50, M|
|poke|p2|Ninetales-Alola, L50, M|
|poke|p2|Primarina, L50, M|
|poke|p2|Rotom-Heat, L50|
|poke|p2|Kingambit, L50, M|
|teampreview|4
|showteam|p1|Kingambit||BlackGlasses|Defiant|Protect,KowtowCleave,SuckerPunch,SwordsDance|||F|||50|,,,,,Dark]Electabuzz||Eviolite|VitalSpirit|Protect,Thunderbolt,HelpingHand,FollowMe|||M|||50|,,,,,Ghost]Dragapult||ChoiceSpecs|Infiltrator|DracoMeteor,ShadowBall,FireBlast,Uturn|||M|||50|,,,,,Steel]Volcarona||CovertCloak|FlameBody|Protect,HeatWave,GigaDrain,QuiverDance|||M|||50|,,,,,Fairy]Rillaboom||AssaultVest|GrassySurge|WoodHammer,GrassyGlide,Uturn,FakeOut|||F|||50|,,,,,Fire]Ninetales-Alola||LightClay|SnowWarning|FreezeDry,Moonblast,AuroraVeil,Protect|||M|||50|,,,,,Fire
|showteam|p2|Vivillon-Ocean||FocusSash|CompoundEyes|SleepPowder,Tailwind,RagePowder,Hurricane|||M|||50|,,,,,Ground]Ursaluna||FlameOrb|Guts|Earthquake,HeadlongRush,Facade,Protect|||M|||50|,,,,,Ground]Ninetales-Alola||LightClay|SnowWarning|FreezeDry,Moonblast,AuroraVeil,Blizzard|||M|||50|,,,,,Water]Primarina||ThroatSpray|LiquidVoice|HyperVoice,Moonblast,Haze,Protect|||M|||50|,,,,,Fire]Rotom-Heat||EjectPack|Levitate|Overheat,WillOWisp,Discharge,Protect||||||50|,,,,,Grass]Kingambit||BlackGlasses|Defiant|KowtowCleave,SuckerPunch,Protect,SwordsDance|||M|||50|,,,,,Ghost
|
|t:|1757108553
|teamsize|p1|4
|teamsize|p2|4
|start
|switch|p1a: Volcarona|Volcarona, L50, M, shiny|100/100
|switch|p1b: Electabuzz|Electabuzz, L50, M|100/100
|switch|p2a: Rotom|Rotom-Heat, L50|100/100
|switch|p2b: Kingambit|Kingambit, L50, M|100/100
|turn|1
|
|t:|1757108575
|move|p1b: Electabuzz|Helping Hand|p1a: Volcarona
|-singleturn|p1a: Volcarona|Helping Hand|[of] p1b: Electabuzz
|move|p1a: Volcarona|Heat Wave|p2b: Kingambit|[spread] p2a,p2b
|-resisted|p2a: Rotom
|-supereffective|p2b: Kingambit
|-damage|p2a: Rotom|71/100
|-damage|p2b: Kingambit|0 fnt
|faint|p2b: Kingambit
|move|p2a: Rotom|Overheat|p1b: Electabuzz
|-damage|p1b: Electabuzz|47/100
|-unboost|p2a: Rotom|spa|2
|-enditem|p2a: Rotom|Eject Pack
|
|t:|1757108585
|switch|p2a: Vivillon|Vivillon-Ocean, L50, M|100/100
|
|upkeep
|
|t:|1757108588
|switch|p2b: Ursaluna|Ursaluna, L50, M|100/100
|turn|2
|
|t:|1757108599
|move|p2b: Ursaluna|Protect|p2b: Ursaluna
|-singleturn|p2b: Ursaluna|Protect
|move|p1b: Electabuzz|Follow Me|p1b: Electabuzz
|-singleturn|p1b: Electabuzz|move: Follow Me
|move|p2a: Vivillon|Tailwind|p2a: Vivillon
|-sidestart|p2: moxhi|move: Tailwind
|move|p1a: Volcarona|Heat Wave|p2b: Ursaluna|[spread] 
|-activate|p2b: Ursaluna|move: Protect
|-miss|p1a: Volcarona|p2a: Vivillon
|
|-status|p2b: Ursaluna|brn|[from] item: Flame Orb
|upkeep
|turn|3
|
|t:|1757108625
|switch|p1a: Rillaboom|Rillaboom, L50, F|100/100
|-fieldstart|move: Grassy Terrain|[from] ability: Grassy Surge|[of] p1a: Rillaboom
|move|p1b: Electabuzz|Protect|p1b: Electabuzz
|-singleturn|p1b: Electabuzz|Protect
|move|p2a: Vivillon|Hurricane|p1a: Rillaboom
|-supereffective|p1a: Rillaboom
|-damage|p1a: Rillaboom|37/100
|move|p2b: Ursaluna|Earthquake|p1a: Rillaboom|[spread] p1a
|-activate|p1b: Electabuzz|move: Protect
|-immune|p2a: Vivillon
|-resisted|p1a: Rillaboom
|-damage|p1a: Rillaboom|20/100
|
|-heal|p1b: Electabuzz|53/100|[from] Grassy Terrain
|-heal|p1a: Rillaboom|26/100|[from] Grassy Terrain
|-damage|p2b: Ursaluna|95/100 brn|[from] brn
|upkeep
|turn|4
|
|t:|1757108653
|move|p2a: Vivillon|Rage Powder|p2a: Vivillon
|-singleturn|p2a: Vivillon|move: Rage Powder
|move|p1b: Electabuzz|Follow Me|p1b: Electabuzz
|-singleturn|p1b: Electabuzz|move: Follow Me
|move|p2b: Ursaluna|Facade|p1b: Electabuzz
|-damage|p1b: Electabuzz|0 fnt
|faint|p1b: Electabuzz
|move|p1a: Rillaboom|Wood Hammer|p2b: Ursaluna
|-supereffective|p2b: Ursaluna
|-damage|p2b: Ursaluna|0 fnt
|faint|p2b: Ursaluna
|-damage|p1a: Rillaboom|0 fnt|[from] Recoil
|faint|p1a: Rillaboom
|
|upkeep
|c|☆moxhi|im stupid as fuck
|
|t:|1757108666
|switch|p1b: Volcarona|Volcarona, L50, M, shiny|100/100
|switch|p1a: Kingambit|Kingambit, L50, F|100/100
|switch|p2b: Rotom|Rotom-Heat, L50|71/100
|turn|5
|
|t:|1757108684
|move|p1b: Volcarona|Protect|p1b: Volcarona
|-singleturn|p1b: Volcarona|Protect
|move|p1a: Kingambit|Protect|p1a: Kingambit
|-singleturn|p1a: Kingambit|Protect
|move|p2a: Vivillon|Sleep Powder|p1b: Volcarona
|-activate|p1b: Volcarona|move: Protect
|move|p2b: Rotom|Will-O-Wisp|p1a: Kingambit
|-activate|p1a: Kingambit|move: Protect
|
|-sideend|p2: moxhi|move: Tailwind
|upkeep
|turn|6
|
|t:|1757108705
|-terastallize|p1a: Kingambit|Dark
|move|p2a: Vivillon|Sleep Powder|p1b: Volcarona
|-status|p1b: Volcarona|slp|[from] move: Sleep Powder
|cant|p1b: Volcarona|slp
|move|p2b: Rotom|Will-O-Wisp|p1a: Kingambit
|-status|p1a: Kingambit|brn
|move|p1a: Kingambit|Kowtow Cleave|p2a: Vivillon
|-damage|p2a: Vivillon|22/100
|
|-damage|p1a: Kingambit|95/100 brn|[from] brn
|upkeep
|turn|7
|
|t:|1757108731
|move|p2a: Vivillon|Hurricane|p1b: Volcarona
|-supereffective|p1b: Volcarona
|-damage|p1b: Volcarona|21/100 slp
|cant|p1b: Volcarona|slp
|move|p2b: Rotom|Discharge|p1a: Kingambit|[spread] p2a,p1a,p1b
|-supereffective|p2a: Vivillon
|-damage|p2a: Vivillon|0 fnt
|-damage|p1a: Kingambit|69/100 brn
|-damage|p1b: Volcarona|0 fnt
|faint|p2a: Vivillon
|faint|p1b: Volcarona
|move|p1a: Kingambit|Kowtow Cleave|p2b: Rotom
|-damage|p2b: Rotom|29/100
|
|-heal|p1a: Kingambit|74/100 brn|[from] Grassy Terrain
|-damage|p1a: Kingambit|69/100 brn|[from] brn
|-fieldend|move: Grassy Terrain
|upkeep
|turn|8
|
|t:|1757108749
|move|p2b: Rotom|Protect|p2b: Rotom
|-singleturn|p2b: Rotom|Protect
|move|p1a: Kingambit|Kowtow Cleave|p2b: Rotom
|-activate|p2b: Rotom|move: Protect
|
|-damage|p1a: Kingambit|63/100 brn|[from] brn
|upkeep
|turn|9
|
|t:|1757108767
|move|p1a: Kingambit|Sucker Punch||[still]
|-fail|p1a: Kingambit
|move|p2b: Rotom|Will-O-Wisp|p1a: Kingambit
|-fail|p1a: Kingambit|brn
|
|-damage|p1a: Kingambit|57/100 brn|[from] brn
|upkeep
|turn|10
|
|t:|1757108781
|move|p2b: Rotom|Protect|p2b: Rotom
|-singleturn|p2b: Rotom|Protect
|move|p1a: Kingambit|Sucker Punch||[still]
|-fail|p1a: Kingambit
|
|-damage|p1a: Kingambit|51/100 brn|[from] brn
|upkeep
|turn|11
|
|t:|1757108791
|move|p2b: Rotom|Overheat|p1a: Kingambit
|-damage|p1a: Kingambit|0 fnt
|-unboost|p2b: Rotom|spa|2
|faint|p1a: Kingambit
|
|win|moxhi
|c|☆moxhi|im so goated
||moxhi is ready for game 3.
|inactive|14#coder9 has 30 seconds to confirm battle start!
|inactive|14#coder9 has 20 seconds to confirm battle start!
|inactive|14#coder9 has 10 seconds to confirm battle start!
|uhtml|next|Next: Game 3 of 3
|l|☆14#coder9
|player|p1|
