|j|☆Isagii
|j|☆bermusinho
|html|Isagiibermusinho    
|uhtml|bestof|Game 2 of a best-of-3
|t:|1783249773
|gametype|doubles
|player|p1|Isagii|steven|1248
|player|p2|bermusinho|265|1329
|gen|9
|tier|[Gen 9 Champions] VGC 2026 Reg M-B (Bo3)
|rated|
|rule|Species Clause: Limit one of each Pokémon
|rule|Item Clause: Limit 1 of each item
|clearpoke
|poke|p1|Metagross, L50, shiny|
|poke|p1|Grimmsnarl, L50, M, shiny|
|poke|p1|Toxapex, L50, M|
|poke|p1|Hydreigon, L50, F|
|poke|p1|Charizard, L50, M, shiny|
|poke|p1|Garchomp, L50, M, shiny|
|poke|p2|Grimmsnarl, L50, M|
|poke|p2|Venusaur, L50, M|
|poke|p2|Swampert, L50, F|
|poke|p2|Archaludon, L50, M|
|poke|p2|Sneasler, L50, M|
|poke|p2|Pelipper, L50, F|
|teampreview|4
|showteam|p1|Metagross||Metagrossite|ClearBody|PsychicFangs,IronHead,BodyPress,Protect|Jolly|||||50|]Grimmsnarl||LightClay|Prankster|LightScreen,Reflect,PartingShot,SpiritBreak|Careful||M|||50|]Toxapex||Leftovers|Regenerator|Toxic,Infestation,WideGuard,BanefulBunker|Bold||M|||50|]Hydreigon||ChoiceScarf|Levitate|DracoMeteor,DarkPulse,HeatWave,Snarl|Modest||F|||50|]Charizard||CharizarditeY|Blaze|HeatWave,SolarBeam,WeatherBall,Protect|Modest||M|||50|]Garchomp||LifeOrb|RoughSkin|Earthquake,DragonClaw,RockSlide,Protect|Jolly||M|||50|
|showteam|p2|Grimmsnarl||LightClay|Prankster|PartingShot,SpiritBreak,Reflect,LightScreen|Careful||M|||50|]Venusaur||Venusaurite|Overgrow|Protect,GigaDrain,LeechSeed,SludgeBomb|Modest||M|||50|]Swampert||Swampertite|Torrent|Protect,WaveCrash,FlipTurn,HighHorsepower|Adamant||F|||50|]Archaludon||Leftovers|Stamina|Protect,FlashCannon,DragonPulse,ElectroShot|Modest||M|||50|]Sneasler||WhiteHerb|Unburden|Protect,CloseCombat,DireClaw,FakeOut|Adamant||M|||50|]Pelipper||LifeOrb|Drizzle|Protect,WeatherBall,Hurricane,Tailwind|Modest||F|||50|
|inactive|Battle timer is ON: inactive players will automatically lose when time's up. (requested by Isagii)
|
|t:|1783249798
|teamsize|p1|4
|teamsize|p2|4
|start
|switch|p1a: Hydreigon|Hydreigon, L50, F|100/100
|switch|p1b: Garchomp|Garchomp, L50, M, shiny|100/100
|switch|p2a: Grimmsnarl|Grimmsnarl, L50, M|100/100
|switch|p2b: Swampert|Swampert, L50, F|100/100
|turn|1
|
|t:|1783249807
|move|p2b: Swampert|Protect|p2b: Swampert
|-singleturn|p2b: Swampert|Protect
|move|p1a: Hydreigon|Heat Wave|p2a: Grimmsnarl|[spread] 
|-activate|p2b: Swampert|move: Protect
|-miss|p1a: Hydreigon|p2a: Grimmsnarl
|move|p1b: Garchomp|Earthquake|p2b: Swampert|[spread] p2a
|-activate|p2b: Swampert|move: Protect
|-immune|p1a: Hydreigon|[from] ability: Levitate
|-damage|p2a: Grimmsnarl|49/100
|-damage|p1b: Garchomp|90/100|[from] item: Life Orb
|move|p2a: Grimmsnarl|Spirit Break|p1a: Hydreigon
|-supereffective|p1a: Hydreigon|2
|-damage|p1a: Hydreigon|0 fnt
|faint|p1a: Hydreigon
|
|upkeep
|
|t:|1783249819
|switch|p1a: Charizard|Charizard, L50, M, shiny|100/100
|turn|2
|
|t:|1783249840
|switch|p2a: Pelipper|Pelipper, L50, F|100/100
|-weather|RainDance|[from] ability: Drizzle|[of] p2a: Pelipper
|detailschange|p2b: Swampert|Swampert-Mega, L50, F
|-mega|p2b: Swampert|Swampert|Swampertite
|move|p1a: Charizard|Protect|p1a: Charizard
|-singleturn|p1a: Charizard|Protect
|move|p2b: Swampert|Flip Turn|p1b: Garchomp
|-damage|p1b: Garchomp|35/100
|-damage|p2b: Swampert|87/100|[from] ability: Rough Skin|[of] p1b: Garchomp
|
|t:|1783249854
|switch|p2b: Grimmsnarl|Grimmsnarl, L50, M|49/100|[from] Flip Turn
|move|p1b: Garchomp|Earthquake|p2b: Grimmsnarl|[spread] p2b
|-activate|p1a: Charizard|move: Protect
|-immune|p2a: Pelipper
|-damage|p2b: Grimmsnarl|0 fnt
|faint|p2b: Grimmsnarl
|-damage|p1b: Garchomp|25/100|[from] item: Life Orb
|
|-weather|RainDance|[upkeep]
|upkeep
|
|t:|1783249869
|switch|p2b: Archaludon|Archaludon, L50, M|100/100
|turn|3
|
|t:|1783249884
|switch|p2a: Swampert|Swampert-Mega, L50, F|87/100
|detailschange|p1a: Charizard|Charizard-Mega-Y, L50, M, shiny
|-mega|p1a: Charizard|Charizard|Charizardite Y
|-weather|SunnyDay|[from] ability: Drought|[of] p1a: Charizard
|move|p2b: Archaludon|Protect|p2b: Archaludon
|-singleturn|p2b: Archaludon|Protect
|move|p1b: Garchomp|Earthquake|p2a: Swampert|[spread] p2a
|-activate|p2b: Archaludon|move: Protect
|-immune|p1a: Charizard
|-damage|p2a: Swampert|39/100
|-damage|p1b: Garchomp|15/100|[from] item: Life Orb
|move|p1a: Charizard|Solar Beam||[still]
|-prepare|p1a: Charizard|Solar Beam
|-anim|p1a: Charizard|Solar Beam|p2a: Swampert
|-supereffective|p2a: Swampert|2
|-damage|p2a: Swampert|0 fnt
|faint|p2a: Swampert
|
|-weather|SunnyDay|[upkeep]
|upkeep
|
|t:|1783249901
|switch|p2a: Pelipper|Pelipper, L50, F|100/100
|-weather|RainDance|[from] ability: Drizzle|[of] p2a: Pelipper
|turn|4
|
|t:|1783249913
|move|p1b: Garchomp|Earthquake|p2a: Pelipper|[spread] p2b
|-immune|p1a: Charizard
|-immune|p2a: Pelipper
|-supereffective|p2b: Archaludon|1
|-damage|p2b: Archaludon|23/100
|-ability|p2b: Archaludon|Stamina|boost
|-boost|p2b: Archaludon|def|1
|-damage|p1b: Garchomp|5/100|[from] item: Life Orb
|move|p1a: Charizard|Weather Ball|p2b: Archaludon
|-resisted|p2b: Archaludon|1
|-damage|p2b: Archaludon|0 fnt
|faint|p2b: Archaludon
|move|p2a: Pelipper|Tailwind|p2a: Pelipper
|-sidestart|p2: bermusinho|move: Tailwind
|
|-weather|RainDance|[upkeep]
|upkeep
|turn|5
|-message|bermusinho forfeited.
|
|win|Isagii
|l|☆bermusinho
|player|p2|
||bermusinho is ready for game 3.
