|j|☆Pelegats
|j|☆nano jump
|html|Pelegatsnano jump    
|uhtml|bestof|Game 2 of a best-of-3
|t:|1756737706
|gametype|doubles
|player|p1|Pelegats|n|1392
|player|p2|nano jump|steven-masters|1251
|gen|9
|tier|[Gen 9] VGC 2025 Reg H (Bo3)
|rated|
|rule|Species Clause: Limit one of each Pokémon
|rule|Item Clause: Limit 1 of each item
|clearpoke
|poke|p1|Gholdengo, L50|
|poke|p1|Sneasler, L50, M|
|poke|p1|Rillaboom, L50, F|
|poke|p1|Dragonite, L50, F|
|poke|p1|Ninetales-Alola, L50, F|
|poke|p1|Arcanine-Hisui, L50, F|
|poke|p2|Gholdengo, L50|
|poke|p2|Whimsicott, L50, M|
|poke|p2|Dragonite, L50, M|
|poke|p2|Garchomp, L50, M|
|poke|p2|Incineroar, L50, F|
|poke|p2|Sneasler, L50, M|
|teampreview|4
|showteam|p1|Gholdengo||GrassySeed|GoodasGold|NastyPlot,MakeItRain,ShadowBall,Protect||||||50|,,,,,Water]Sneasler||WhiteHerb|Unburden|CloseCombat,DireClaw,Coaching,Protect|||M|||50|,,,,,Ghost]Rillaboom||AssaultVest|GrassySurge|FakeOut,GrassyGlide,DrumBeating,HighHorsepower|||F|||50|,,,,,Fire]Dragonite||LoadedDice|Multiscale|ScaleShot,StompingTantrum,Tailwind,Protect|||F|||50|,,,,,Ground]Ninetales-Alola||FocusSash|SnowWarning|Blizzard,IcyWind,Encore,AuroraVeil|||F|||50|,,,,,Ghost]Arcanine-Hisui||ClearAmulet|Intimidate|RockSlide,FlareBlitz,ExtremeSpeed,Protect|||F|||50|,,,,,Water
|showteam|p2|Gholdengo||ChoiceSpecs|GoodasGold|MakeItRain,ShadowBall,Trick,Protect||||||50|,,,,,Steel]Whimsicott||FocusSash|Prankster|Moonblast,Tailwind,Encore,Protect|||M|||50|,,,,,Ghost]Dragonite||ChoiceBand|InnerFocus|ExtremeSpeed,Outrage,IceSpinner,StompingTantrum|||M|||50|,,,,,Normal]Garchomp||LifeOrb|RoughSkin|Earthquake,DragonClaw,StompingTantrum,Protect|||M|||50|,,,,,Ground]Incineroar||AssaultVest|Intimidate|FlareBlitz,KnockOff,FakeOut,Uturn|||F|||50|,,,,,Grass]Sneasler||WhiteHerb|Unburden|CloseCombat,DireClaw,ThroatChop,Protect|||M|||50|,,,,,Stellar
|inactive|Battle timer is ON: inactive players will automatically lose when time's up. (requested by Pelegats)
|
|t:|1756737720
|teamsize|p1|4
|teamsize|p2|4
|start
|switch|p1a: Gholdengo|Gholdengo, L50|100/100
|switch|p1b: Rillaboom|Rillaboom, L50, F|100/100
|switch|p2a: Gholdengo|Gholdengo, L50, shiny|100/100
|switch|p2b: Whimsicott|Whimsicott, L50, M, shiny|100/100
|-fieldstart|move: Grassy Terrain|[from] ability: Grassy Surge|[of] p1b: Rillaboom
|-enditem|p1a: Gholdengo|Grassy Seed
|-boost|p1a: Gholdengo|def|1|[from] item: Grassy Seed
|turn|1
|
|t:|1756737737
|switch|p2b: Incineroar|Incineroar, L50, F|100/100
|-ability|p2b: Incineroar|Intimidate|boost
|-unboost|p1a: Gholdengo|atk|1
|-unboost|p1b: Rillaboom|atk|1
|-terastallize|p2a: Gholdengo|Steel
|-terastallize|p1a: Gholdengo|Water
|move|p1b: Rillaboom|High Horsepower|p2a: Gholdengo
|-supereffective|p2a: Gholdengo
|-damage|p2a: Gholdengo|63/100
|move|p2a: Gholdengo|Make It Rain|p1b: Rillaboom|[spread] p1a,p1b
|-resisted|p1a: Gholdengo
|-damage|p1a: Gholdengo|58/100
|-damage|p1b: Rillaboom|29/100
|-unboost|p2a: Gholdengo|spa|1
|move|p1a: Gholdengo|Shadow Ball|p2a: Gholdengo
|-damage|p2a: Gholdengo|22/100
|
|-heal|p1b: Rillaboom|34/100|[from] Grassy Terrain
|-heal|p2a: Gholdengo|28/100|[from] Grassy Terrain
|-heal|p1a: Gholdengo|64/100|[from] Grassy Terrain
|upkeep
|turn|2
|
|t:|1756737758
|switch|p2a: Garchomp|Garchomp, L50, M|100/100
|move|p1a: Gholdengo|Protect|p1a: Gholdengo
|-singleturn|p1a: Gholdengo|Protect
|move|p2b: Incineroar|Fake Out|p1a: Gholdengo
|-activate|p1a: Gholdengo|move: Protect
|move|p1b: Rillaboom|High Horsepower|p2a: Garchomp
|-damage|p2a: Garchomp|79/100
|-damage|p1b: Rillaboom|22/100|[from] ability: Rough Skin|[of] p2a: Garchomp
|
|-heal|p2a: Garchomp|85/100|[from] Grassy Terrain
|-heal|p1b: Rillaboom|28/100|[from] Grassy Terrain
|-heal|p1a: Gholdengo|70/100|[from] Grassy Terrain
|upkeep
|turn|3
|
|t:|1756737776
|move|p2a: Garchomp|Dragon Claw|p1a: Gholdengo
|-damage|p1a: Gholdengo|34/100
|-damage|p2a: Garchomp|75/100|[from] item: Life Orb
|move|p1b: Rillaboom|Drum Beating|p2a: Garchomp
|-damage|p2a: Garchomp|43/100
|-unboost|p2a: Garchomp|spe|1
|move|p1a: Gholdengo|Nasty Plot|p1a: Gholdengo
|-boost|p1a: Gholdengo|spa|2
|move|p2b: Incineroar|U-turn|p1b: Rillaboom
|-supereffective|p1b: Rillaboom
|-damage|p1b: Rillaboom|0 fnt
|faint|p1b: Rillaboom
|
|t:|1756737786
|switch|p2b: Whimsicott|Whimsicott, L50, M, shiny|100/100|[from] U-turn
|
|-heal|p1a: Gholdengo|40/100|[from] Grassy Terrain
|-heal|p2a: Garchomp|49/100|[from] Grassy Terrain
|upkeep
|
|t:|1756737790
|switch|p1b: Ninetales|Ninetales-Alola, L50, F|100/100
|-weather|Snowscape|[from] ability: Snow Warning|[of] p1b: Ninetales
|turn|4
|
|t:|1756737801
|move|p2b: Whimsicott|Tailwind|p2b: Whimsicott
|-sidestart|p2: nano jump|move: Tailwind
|move|p2a: Garchomp|Dragon Claw|p1a: Gholdengo
|-damage|p1a: Gholdengo|4/100
|-damage|p2a: Garchomp|39/100|[from] item: Life Orb
|move|p1b: Ninetales|Blizzard|p2a: Garchomp|[spread] p2a,p2b
|-supereffective|p2a: Garchomp
|-supereffective|p2b: Whimsicott
|-damage|p2a: Garchomp|0 fnt
|-enditem|p2b: Whimsicott|Focus Sash
|-damage|p2b: Whimsicott|1/100
|-status|p2b: Whimsicott|frz
|faint|p2a: Garchomp
|move|p1a: Gholdengo|Make It Rain|p2b: Whimsicott
|-supereffective|p2b: Whimsicott
|-damage|p2b: Whimsicott|0 fnt
|-unboost|p1a: Gholdengo|spa|1
|faint|p2b: Whimsicott
|
|-weather|Snowscape|[upkeep]
|-heal|p1a: Gholdengo|10/100|[from] Grassy Terrain
|upkeep
|
|t:|1756737802
|switch|p2b: Gholdengo|Gholdengo, L50, shiny, tera:Steel|28/100
|switch|p2a: Incineroar|Incineroar, L50, F|100/100
|-ability|p2a: Incineroar|Intimidate|boost
|-unboost|p1a: Gholdengo|atk|1
|-unboost|p1b: Ninetales|atk|1
|turn|5
|
|t:|1756737824
|move|p2b: Gholdengo|Make It Rain|p1a: Gholdengo|[spread] p1a,p1b
|-resisted|p1a: Gholdengo
|-supereffective|p1b: Ninetales
|-damage|p1a: Gholdengo|0 fnt
|-enditem|p1b: Ninetales|Focus Sash
|-damage|p1b: Ninetales|1/100
|-unboost|p2b: Gholdengo|spa|1
|faint|p1a: Gholdengo
|move|p1b: Ninetales|Aurora Veil|p1b: Ninetales
|-sidestart|p1: Pelegats|move: Aurora Veil
|move|p2a: Incineroar|Knock Off|p1b: Ninetales
|-resisted|p1b: Ninetales
|-damage|p1b: Ninetales|0 fnt
|faint|p1b: Ninetales
|
|-weather|Snowscape|[upkeep]
|-heal|p2b: Gholdengo|34/100|[from] Grassy Terrain
|-fieldend|move: Grassy Terrain
|upkeep
|
|t:|1756737828
|switch|p1b: Arcanine|Arcanine-Hisui, L50, F|100/100
|-ability|p1b: Arcanine|Intimidate|boost
|-unboost|p2a: Incineroar|atk|1
|-unboost|p2b: Gholdengo|atk|1
|turn|6
|
|t:|1756737839
|move|p1b: Arcanine|Protect|p1b: Arcanine
|-singleturn|p1b: Arcanine|Protect
|move|p2b: Gholdengo|Make It Rain|p1b: Arcanine
|-activate|p1b: Arcanine|move: Protect
|move|p2a: Incineroar|Knock Off|p1b: Arcanine
|-activate|p1b: Arcanine|move: Protect
|
|-weather|Snowscape|[upkeep]
|upkeep
|turn|7
|
|t:|1756737846
|move|p1b: Arcanine|Protect||[still]
|-fail|p1b: Arcanine
|move|p2b: Gholdengo|Make It Rain|p1b: Arcanine
|-damage|p1b: Arcanine|39/100
|-unboost|p2b: Gholdengo|spa|1
|move|p2a: Incineroar|Knock Off|p1b: Arcanine
|-damage|p1b: Arcanine|17/100
|-enditem|p1b: Arcanine|Clear Amulet|[from] move: Knock Off|[of] p2a: Incineroar
|
|-weather|Snowscape|[upkeep]
|-sideend|p2: nano jump|move: Tailwind
|upkeep
|turn|8
|
|t:|1756737852
|move|p1b: Arcanine|Rock Slide|p2a: Incineroar|[spread] p2a,p2b
|-supereffective|p2a: Incineroar
|-resisted|p2b: Gholdengo
|-damage|p2a: Incineroar|61/100
|-damage|p2b: Gholdengo|22/100
|cant|p2b: Gholdengo|flinch
|cant|p2a: Incineroar|flinch
|
|-weather|none
|upkeep
|turn|9
|c|☆nano jump|brother
|
|t:|1756737863
|move|p1b: Arcanine|Rock Slide|p2a: Incineroar|[spread] p2a,p2b
|-supereffective|p2a: Incineroar
|-resisted|p2b: Gholdengo
|-damage|p2a: Incineroar|22/100
|-damage|p2b: Gholdengo|9/100
|cant|p2b: Gholdengo|flinch
|cant|p2a: Incineroar|flinch
|
|-sideend|p1: Pelegats|move: Aurora Veil
|upkeep
|turn|10
|
|t:|1756737871
|move|p1b: Arcanine|Rock Slide|p2a: Incineroar|[spread] p2a,p2b
|-supereffective|p2a: Incineroar
|-crit|p2a: Incineroar
|-resisted|p2b: Gholdengo
|-damage|p2a: Incineroar|0 fnt
|-damage|p2b: Gholdengo|0 fnt
|faint|p2a: Incineroar
|faint|p2b: Gholdengo
|
|win|Pelegats
|raw|Pelegats's rating: 1392 → 1404(+12 for winning)
|raw|nano jump's rating: 1251 → 1236(-15 for losing)
|c|☆nano jump|do you feel any shame
