|j|☆Magicalarcher57
|j|☆kollio
|html|Magicalarcher57kollio    
|uhtml|bestof|Game 2 of a best-of-3
|t:|1782473537
|gametype|doubles
|player|p1|Magicalarcher57|diantha|1116
|player|p2|kollio|steven|1037
|gen|9
|tier|[Gen 9 Champions] VGC 2026 Reg M-B (Bo3)
|rated|
|rule|Species Clause: Limit one of each Pokémon
|rule|Item Clause: Limit 1 of each item
|clearpoke
|poke|p1|Raichu, L50, F, shiny|
|poke|p1|Garchomp, L50, F, shiny|
|poke|p1|Whimsicott, L50, F, shiny|
|poke|p1|Kingambit, L50, F, shiny|
|poke|p1|Basculegion, L50, M, shiny|
|poke|p1|Charizard, L50, F, shiny|
|poke|p2|Archaludon, L50, M, shiny|
|poke|p2|Sableye, L50, M|
|poke|p2|Metagross, L50|
|poke|p2|Sinistcha-Masterpiece, L50|
|poke|p2|Blastoise, L50, F|
|poke|p2|Pelipper, L50, F|
|teampreview|4
|showteam|p1|Raichu||RaichuniteY|LightningRod|FakeOut,FocusBlast,ZapCannon,Protect|Timid||F|||50|]Garchomp||LifeOrb|RoughSkin|DragonClaw,Earthquake,StompingTantrum,Protect|Jolly||F|||50|]Whimsicott||FocusSash|Prankster|Moonblast,Tailwind,SunnyDay,Encore|Timid||F|||50|]Kingambit||BlackGlasses|Defiant|SuckerPunch,KowtowCleave,IronHead,Protect|Adamant||F|||50|]Basculegion||ChoiceScarf|Adaptability|LastRespects,WaveCrash,FlipTurn,AquaJet|Jolly||M|||50|]Charizard||CharizarditeY|Blaze|WeatherBall,SolarBeam,HeatWave,Protect|Modest||F|||50|
|showteam|p2|Archaludon||Leftovers|Stamina|ElectroShot,Protect,BodySlam,FlashCannon|Calm||M|||50|]Sableye||LightClay|Prankster|KnockOff,LightScreen,Reflect,RainDance|Sassy||M|||50|]Metagross||Metagrossite|ClearBody|BulletPunch,PsychicFangs,StompingTantrum,IcePunch|Adamant|||||50|]Sinistcha-Masterpiece||FocusSash|Hospitality|MatchaGotcha,Hex,TrickRoom,Protect|Quiet|||||50|]Blastoise||WhiteHerb|RainDish|ShellSmash,AuraSphere,WaterPulse,AquaJet|Modest||F|||50|]Pelipper||SharpBeak|Drizzle|WideGuard,Hurricane,Protect,ChillingWater|Sassy||F|||50|
|inactive|Battle timer is ON: inactive players will automatically lose when time's up. (requested by Magicalarcher57)
|
|t:|1782473558
|teamsize|p1|4
|teamsize|p2|4
|start
|switch|p1a: Circe|Whimsicott, L50, F, shiny|100/100
|switch|p1b: Hermes|Raichu, L50, F, shiny|100/100
|switch|p2a: Sableye|Sableye, L50, M|100/100
|switch|p2b: Metagross|Metagross, L50|100/100
|turn|1
|inactive|Magicalarcher57 has 30 seconds left.
|inactive|Magicalarcher57 has 20 seconds left.
|
|t:|1782473594
|detailschange|p1b: Hermes|Raichu-Mega-Y, L50, F, shiny
|-mega|p1b: Hermes|Raichu|Raichunite Y
|detailschange|p2b: Metagross|Metagross-Mega, L50
|-mega|p2b: Metagross|Metagross|Metagrossite
|move|p2a: Sableye|Light Screen|p2a: Sableye
|-sidestart|p2: kollio|move: Light Screen
|move|p1b: Hermes|Zap Cannon|p2b: Metagross
|-damage|p2b: Metagross|55/100
|-status|p2b: Metagross|par
|move|p1a: Circe|Moonblast|p2a: Sableye
|-supereffective|p2a: Sableye|1
|-damage|p2a: Sableye|37/100
|move|p2b: Metagross|Stomping Tantrum|p1b: Hermes
|-supereffective|p1b: Hermes|1
|-damage|p1b: Hermes|0 fnt
|faint|p1b: Hermes
|
|upkeep
|
|t:|1782473596
|switch|p1b: Basculegion|Basculegion, L50, M, shiny|100/100
|turn|2
|
|t:|1782473606
|switch|p2b: Sinistcha|Sinistcha-Masterpiece, L50|100/100
|-heal|p2a: Sableye|61/100|[from] ability: Hospitality|[of] p2b: Sinistcha
|move|p2a: Sableye|Reflect|p2a: Sableye
|-sidestart|p2: kollio|Reflect
|move|p1b: Basculegion|Last Respects|p2b: Sinistcha
|-supereffective|p2b: Sinistcha|1
|-damage|p2b: Sinistcha|14/100
|move|p1a: Circe|Moonblast|p2a: Sableye
|-supereffective|p2a: Sableye|1
|-damage|p2a: Sableye|0 fnt
|faint|p2a: Sableye
|
|upkeep
|inactive|kollio has 30 seconds left.
|inactive|kollio has 20 seconds left.
|inactive|kollio has 15 seconds left.
|
|t:|1782473649
|switch|p2a: Blastoise|Blastoise, L50, F|100/100
|turn|3
|
|t:|1782473668
|move|p1b: Basculegion|Last Respects|p2a: Blastoise
|-damage|p2a: Blastoise|58/100
|move|p1a: Circe|Moonblast|p2b: Sinistcha
|-damage|p2b: Sinistcha|0 fnt
|faint|p2b: Sinistcha
|move|p2a: Blastoise|Shell Smash|p2a: Blastoise
|-unboost|p2a: Blastoise|def|1
|-unboost|p2a: Blastoise|spd|1
|-boost|p2a: Blastoise|atk|2
|-boost|p2a: Blastoise|spa|2
|-boost|p2a: Blastoise|spe|2
|-enditem|p2a: Blastoise|White Herb
|-clearnegativeboost|p2a: Blastoise|[silent]
|
|upkeep
|
|t:|1782473688
|switch|p2b: Metagross|Metagross-Mega, L50|55/100 par
|turn|4
|
|t:|1782473706
|move|p1a: Circe|Encore|p2a: Blastoise
|-start|p2a: Blastoise|Encore
|move|p1b: Basculegion|Last Respects|p2b: Metagross
|-supereffective|p2b: Metagross|1
|-damage|p2b: Metagross|0 fnt
|faint|p2b: Metagross
|move|p2a: Blastoise|Shell Smash|p2a: Blastoise
|-unboost|p2a: Blastoise|def|1
|-unboost|p2a: Blastoise|spd|1
|-boost|p2a: Blastoise|atk|2
|-boost|p2a: Blastoise|spa|2
|-boost|p2a: Blastoise|spe|2
|
|upkeep
|turn|5
|
|t:|1782473715
|move|p1a: Circe|Tailwind|p1a: Circe
|-sidestart|p1: Magicalarcher57|move: Tailwind
|move|p1b: Basculegion|Last Respects|p2a: Blastoise
|-damage|p2a: Blastoise|5/100
|move|p2a: Blastoise|Shell Smash|p2a: Blastoise
|-unboost|p2a: Blastoise|def|1
|-unboost|p2a: Blastoise|spd|1
|-boost|p2a: Blastoise|atk|2
|-boost|p2a: Blastoise|spa|2
|-boost|p2a: Blastoise|spe|2
|
|upkeep
|turn|6
|
|t:|1782473721
|move|p1b: Basculegion|Last Respects|p2a: Blastoise
|-damage|p2a: Blastoise|0 fnt
|faint|p2a: Blastoise
|
|win|Magicalarcher57
|raw|Magicalarcher57's rating: 1116 → 1135(+19 for winning)
|raw|kollio's rating: 1037 → 1025(-12 for losing)
