|j|☆freyartchan
|j|☆Onir the magician
|html|freyartchanOnir the magician    
|uhtml|bestof|Game 3 of a best-of-3
|t:|1756842847
|gametype|doubles
|player|p1|freyartchan|kieran-champion|1139
|player|p2|Onir the magician|brycenman|1071
|gen|9
|tier|[Gen 9] VGC 2025 Reg H (Bo3)
|rated|
|rule|Species Clause: Limit one of each Pokémon
|rule|Item Clause: Limit 1 of each item
|clearpoke
|poke|p1|Sylveon, L50, F|
|poke|p1|Archaludon, L50, F|
|poke|p1|Incineroar, L50, M|
|poke|p1|Ursaluna, L50, F|
|poke|p1|Ribombee, L50, M|
|poke|p1|Porygon2, L50|
|poke|p2|Porygon2, L50|
|poke|p2|Incineroar, L50, M|
|poke|p2|Amoonguss, L50, M|
|poke|p2|Ursaluna, L50, M|
|poke|p2|Gholdengo, L50|
|poke|p2|Kilowattrel, L50, M|
|teampreview|4
|showteam|p1|Sylveon||LifeOrb|Pixilate|HyperVoice,QuickAttack,TeraBlast,Protect|||F|||50|,,,,,Fire]Archaludon||PowerHerb|Sturdy|FlashCannon,DracoMeteor,ElectroShot,Protect|||F|||50|,,,,,Electric]Incineroar||SafetyGoggles|Intimidate|FakeOut,FlareBlitz,KnockOff,PartingShot|||M|||50|,,,,,Ghost]Ursaluna||FlameOrb|Guts|Facade,HeadlongRush,Earthquake,Protect|||F|||50|,,,,,Ghost]Ribombee||CovertCloak|SweetVeil|Tailwind,PollenPuff,StruggleBug,Protect|||M|||50|,,,,,Water]Porygon2||Eviolite|Download|TeraBlast,IceBeam,Recover,TrickRoom||||||50|,,,,,Flying
|showteam|p2|Porygon2||Eviolite|Download|TeraBlast,IceBeam,Recover,TrickRoom||||||50|,,,,,Fighting]Incineroar||AssaultVest|Intimidate|KnockOff,FlareBlitz,Uturn,FakeOut|||M|||50|,,,,,Grass]Amoonguss||CovertCloak|Regenerator|Spore,RagePowder,PoisonPowder,ClearSmog|||M|||50|,,,,,Fairy]Ursaluna||FlameOrb|Guts|Facade,HeadlongRush,Earthquake,Protect|||M|||50|,,,,,Ghost]Gholdengo||LifeOrb|GoodasGold|MakeItRain,ShadowBall,NastyPlot,Protect||||||50|,,,,,Flying]Kilowattrel||FocusSash|Competitive|Thunderbolt,AirSlash,Tailwind,Protect|||M|||50|,,,,,Ghost
|inactive|Battle timer is ON: inactive players will automatically lose when time's up. (requested by Onir the magician)
|
|t:|1756842913
|teamsize|p1|4
|teamsize|p2|4
|start
|switch|p1a: Honey|Ribombee, L50, M|100/100
|switch|p1b: Scotti|Incineroar, L50, M|100/100
|switch|p2a: Incineroar|Incineroar, L50, M|100/100
|switch|p2b: Gholdengo|Gholdengo, L50|100/100
|-ability|p2a: Incineroar|Intimidate|boost
|-unboost|p1a: Honey|atk|1
|-unboost|p1b: Scotti|atk|1
|-ability|p1b: Scotti|Intimidate|boost
|-unboost|p2a: Incineroar|atk|1
|-unboost|p2b: Gholdengo|atk|1
|turn|1
|inactive|freyartchan has 30 seconds left.
|
|t:|1756842940
|switch|p2a: Kilowattrel|Kilowattrel, L50, M|100/100
|-terastallize|p2b: Gholdengo|Flying
|move|p1a: Honey|Tailwind|p1a: Honey
|-sidestart|p1: freyartchan|move: Tailwind
|move|p1b: Scotti|Knock Off|p2b: Gholdengo
|-crit|p2b: Gholdengo
|-damage|p2b: Gholdengo|33/100
|-enditem|p2b: Gholdengo|Life Orb|[from] move: Knock Off|[of] p1b: Scotti
|move|p2b: Gholdengo|Nasty Plot|p2b: Gholdengo
|-boost|p2b: Gholdengo|spa|2
|
|upkeep
|turn|2
|inactive|freyartchan has 30 seconds left.
|
|t:|1756842970
|move|p2b: Gholdengo|Protect|p2b: Gholdengo
|-singleturn|p2b: Gholdengo|Protect
|move|p1a: Honey|Struggle Bug|p2b: Gholdengo|[spread] p2a
|-activate|p2b: Gholdengo|move: Protect
|-resisted|p2a: Kilowattrel
|-damage|p2a: Kilowattrel|85/100
|-unboost|p2a: Kilowattrel|spa|1
|-ability|p2a: Kilowattrel|Competitive|boost
|-boost|p2a: Kilowattrel|spa|2
|move|p2a: Kilowattrel|Tailwind|p2a: Kilowattrel
|-sidestart|p2: Onir the magician|move: Tailwind
|move|p1b: Scotti|Flare Blitz|p2b: Gholdengo
|-activate|p2b: Gholdengo|move: Protect
|
|upkeep
|turn|3
|inactive|freyartchan has 30 seconds left.
|inactive|freyartchan has 20 seconds left.
|inactive|freyartchan has 15 seconds left.
|inactive|freyartchan has 10 seconds left.
|
|t:|1756843018
|move|p1a: Honey|Protect|p1a: Honey
|-singleturn|p1a: Honey|Protect
|move|p2a: Kilowattrel|Thunderbolt|p1b: Scotti
|-damage|p1b: Scotti|52/100
|move|p2b: Gholdengo|Make It Rain|p1b: Scotti|[spread] p1b
|-activate|p1a: Honey|move: Protect
|-resisted|p1b: Scotti
|-damage|p1b: Scotti|17/100
|-unboost|p2b: Gholdengo|spa|1
|move|p1b: Scotti|Flare Blitz|p2b: Gholdengo
|-damage|p2b: Gholdengo|0 fnt
|faint|p2b: Gholdengo
|-damage|p1b: Scotti|8/100|[from] Recoil
|
|upkeep
|
|t:|1756843030
|switch|p2b: Ursaluna|Ursaluna, L50, M|100/100
|turn|4
|inactive|freyartchan has 30 seconds left.
|inactive|freyartchan has 20 seconds left.
|inactive|freyartchan has 15 seconds left.
|inactive|freyartchan has 10 seconds left.
|
|t:|1756843078
|switch|p1b: Skye|Archaludon, L50, F|100/100
|move|p2a: Kilowattrel|Air Slash|p1a: Honey
|-supereffective|p1a: Honey
|-damage|p1a: Honey|0 fnt
|faint|p1a: Honey
|move|p2b: Ursaluna|Earthquake|p1b: Skye|[spread] p1b
|-immune|p2a: Kilowattrel
|-supereffective|p1b: Skye
|-damage|p1b: Skye|24/100
|
|-sideend|p1: freyartchan|move: Tailwind
|-status|p2b: Ursaluna|brn|[from] item: Flame Orb
|upkeep
|
|t:|1756843090
|switch|p1a: Scotti|Incineroar, L50, M|8/100
|-ability|p1a: Scotti|Intimidate|boost
|-unboost|p2a: Kilowattrel|atk|1
|-ability|p2a: Kilowattrel|Competitive|boost
|-boost|p2a: Kilowattrel|spa|2
|-unboost|p2b: Ursaluna|atk|1
|turn|5
|inactive|freyartchan has 30 seconds left.
|inactive|freyartchan has 20 seconds left.
|inactive|freyartchan has 15 seconds left.
|inactive|freyartchan has 10 seconds left.
|inactive|freyartchan has 5 seconds left.
|
|t:|1756843143
|switch|p1a: Luna|Ursaluna, L50, F|100/100
|move|p2a: Kilowattrel|Protect|p2a: Kilowattrel
|-singleturn|p2a: Kilowattrel|Protect
|move|p2b: Ursaluna|Protect|p2b: Ursaluna
|-singleturn|p2b: Ursaluna|Protect
|move|p1b: Skye|Electro Shot||[still]
|-prepare|p1b: Skye|Electro Shot
|-boost|p1b: Skye|spa|1
|-enditem|p1b: Skye|Power Herb
|-anim|p1b: Skye|Electro Shot|p2a: Kilowattrel
|-activate|p2a: Kilowattrel|move: Protect
|
|-damage|p2b: Ursaluna|95/100 brn|[from] brn
|-sideend|p2: Onir the magician|move: Tailwind
|-status|p1a: Luna|brn|[from] item: Flame Orb
|upkeep
|turn|6
|inactive|freyartchan has 30 seconds left.
|inactive|freyartchan has 20 seconds left.
|inactive|freyartchan has 15 seconds left.
|inactive|freyartchan has 10 seconds left.
|inactive|freyartchan has 5 seconds left.
|
|t:|1756843196
|move|p2a: Kilowattrel|Air Slash|p1a: Luna
|-damage|p1a: Luna|14/100 brn
|move|p1b: Skye|Draco Meteor|p2a: Kilowattrel
|-damage|p2a: Kilowattrel|0 fnt
|-unboost|p1b: Skye|spa|2
|faint|p2a: Kilowattrel
|move|p2b: Ursaluna|Earthquake|p1b: Skye|[spread] p1a,p1b
|-supereffective|p1b: Skye
|-damage|p1a: Luna|0 fnt
|-damage|p1b: Skye|0 fnt
|faint|p1a: Luna
|faint|p1b: Skye
|
|-damage|p2b: Ursaluna|89/100 brn|[from] brn
|upkeep
|
|t:|1756843210
|switch|p2a: Incineroar|Incineroar, L50, M|100/100
|switch|p1b: Scotti|Incineroar, L50, M|8/100
|-ability|p2a: Incineroar|Intimidate|boost
|-unboost|p1b: Scotti|atk|1
|-ability|p1b: Scotti|Intimidate|boost
|-unboost|p2a: Incineroar|atk|1
|-unboost|p2b: Ursaluna|atk|1
|turn|7
|-message|freyartchan forfeited.
|
|win|Onir the magician
|raw|freyartchan's rating: 1139 → 1109(-30 for losing)
|raw|Onir the magician's rating: 1071 → 1106(+35 for winning)
|l|☆Onir the magician
|player|p2|
