|j|☆hermit5
|j|☆cantilevervcg
|html|hermit5cantilevervcg    
|uhtml|bestof|Game 2 of a best-of-3
|t:|1756152995
|gametype|doubles
|player|p1|hermit5|red|1062
|player|p2|cantilevervcg|veteranf|1025
|gen|9
|tier|[Gen 9] VGC 2025 Reg H (Bo3)
|rated|
|rule|Species Clause: Limit one of each Pokémon
|rule|Item Clause: Limit 1 of each item
|clearpoke
|poke|p1|Dragonite, L50, F|
|poke|p1|Sneasler, L50, M|
|poke|p1|Indeedee-F, L50, F|
|poke|p1|Ursaluna-Bloodmoon, L50, M|
|poke|p1|Amoonguss, L50, F|
|poke|p1|Incineroar, L50, M|
|poke|p2|Farigiraf, L50, F|
|poke|p2|Ursaluna-Bloodmoon, L50, M|
|poke|p2|Incineroar, L50, F|
|poke|p2|Archaludon, L50, M|
|poke|p2|Ninetales-Alola, L50, M|
|poke|p2|Annihilape, L50, M|
|teampreview|4
|showteam|p1|Dragonite||LoadedDice|Multiscale|ScaleShot,Protect,Haze,ExtremeSpeed|||F|||50|,,,,,Fairy]Sneasler||PsychicSeed|Unburden|Coaching,CloseCombat,DireClaw,Protect|||M|||50|,,,,,Flying]Indeedee-F||FocusSash|PsychicSurge|FollowMe,TrickRoom,HelpingHand,Psychic|||F|||50|,,,,,Fairy]Ursaluna-Bloodmoon||LifeOrb|MindsEye|HyperVoice,BloodMoon,EarthPower,Protect|||M|||50|,,,,,Normal]Amoonguss||SitrusBerry|Regenerator|PollenPuff,Spore,RagePowder,Protect|||F|||50|,,,,,Water]Incineroar||SafetyGoggles|Intimidate|FakeOut,KnockOff,FlareBlitz,PartingShot|||M|||50|,,,,,Ghost
|showteam|p2|Farigiraf||ThroatSpray|ArmorTail|TrickRoom,Psychic,HyperVoice,Protect|||F|||50|,,,,,Fairy]Ursaluna-Bloodmoon||AssaultVest|MindsEye|EarthPower,BloodMoon,HyperVoice,VacuumWave|||M|||50|,,,,,Ghost]Incineroar||SafetyGoggles|Intimidate|FlareBlitz,KnockOff,PartingShot,FakeOut|||F|||50|,,,,,Ghost]Archaludon||PowerHerb|Stalwart|FlashCannon,DragonPulse,ElectroShot,Protect|||M|||50|,,,,,Stellar]Ninetales-Alola||CovertCloak|SnowWarning|Blizzard,AuroraVeil,Encore,Protect|||M|||50|,,,,,Water]Annihilape||ChoiceScarf|Defiant|CloseCombat,FinalGambit,RageFist,Uturn|||M|||50|,,,,,Grass
|inactive|Battle timer is ON: inactive players will automatically lose when time's up. (requested by cantilevervcg)
|
|t:|1756153024
|teamsize|p1|4
|teamsize|p2|4
|start
|switch|p1a: Ursaluna|Ursaluna-Bloodmoon, L50, M|100/100
|switch|p1b: Amoonguss|Amoonguss, L50, F, shiny|100/100
|switch|p2a: Incineroar|Incineroar, L50, F|100/100
|switch|p2b: Archaludon|Archaludon, L50, M|100/100
|-ability|p2a: Incineroar|Intimidate|boost
|-unboost|p1a: Ursaluna|atk|1
|-unboost|p1b: Amoonguss|atk|1
|turn|1
|
|t:|1756153043
|switch|p1b: Indeedee|Indeedee-F, L50, F|100/100
|-fieldstart|move: Psychic Terrain|[from] ability: Psychic Surge|[of] p1b: Indeedee
|move|p2a: Incineroar|Fake Out|p1a: Ursaluna
|-activate|p1a: Ursaluna|move: Psychic Terrain
|move|p2b: Archaludon|Electro Shot||[still]
|-prepare|p2b: Archaludon|Electro Shot
|-boost|p2b: Archaludon|spa|1
|-enditem|p2b: Archaludon|Power Herb
|-anim|p2b: Archaludon|Electro Shot|p1b: Indeedee
|-damage|p1b: Indeedee|32/100
|move|p1a: Ursaluna|Earth Power|p2b: Archaludon
|-supereffective|p2b: Archaludon
|-damage|p2b: Archaludon|0 fnt
|faint|p2b: Archaludon
|-damage|p1a: Ursaluna|91/100|[from] item: Life Orb
|
|upkeep
|
|t:|1756153058
|switch|p2b: Ninetales|Ninetales-Alola, L50, M|100/100
|-weather|Snowscape|[from] ability: Snow Warning|[of] p2b: Ninetales
|turn|2
|inactive|hermit5 has 30 seconds left.
|
|t:|1756153092
|move|p1b: Indeedee|Helping Hand|p1a: Ursaluna
|-singleturn|p1a: Ursaluna|Helping Hand|[of] p1b: Indeedee
|move|p2b: Ninetales|Aurora Veil|p2b: Ninetales
|-sidestart|p2: cantilevervcg|move: Aurora Veil
|move|p2a: Incineroar|Knock Off|p1a: Ursaluna
|-damage|p1a: Ursaluna|64/100
|-enditem|p1a: Ursaluna|Life Orb|[from] move: Knock Off|[of] p2a: Incineroar
|move|p1a: Ursaluna|Hyper Voice|p2b: Ninetales|[spread] p2a,p2b
|-damage|p2a: Incineroar|67/100
|-damage|p2b: Ninetales|64/100
|
|-weather|Snowscape|[upkeep]
|upkeep
|turn|3
|inactive|hermit5 has 30 seconds left.
|
|t:|1756153123
|move|p2b: Ninetales|Blizzard|p1b: Indeedee|[spread] p1a,p1b
|-supereffective|p1a: Ursaluna
|-crit|p1a: Ursaluna
|-damage|p1a: Ursaluna|0 fnt
|-damage|p1b: Indeedee|8/100
|faint|p1a: Ursaluna
|move|p2a: Incineroar|Parting Shot|p1b: Indeedee
|-unboost|p1b: Indeedee|atk|1
|-unboost|p1b: Indeedee|spa|1
|
|t:|1756153127
|switch|p2a: Annihilape|Annihilape, L50, M|100/100|[from] Parting Shot
|move|p1b: Indeedee|Psychic|p2b: Ninetales
|-damage|p2b: Ninetales|48/100
|
|-weather|Snowscape|[upkeep]
|upkeep
|inactive|hermit5 has 30 seconds left.
|
|t:|1756153156
|switch|p1a: Amoonguss|Amoonguss, L50, F, shiny|100/100
|turn|4
|inactive|hermit5 has 30 seconds left.
|inactive|hermit5 has 20 seconds left.
|inactive|hermit5 has 15 seconds left.
|
|t:|1756153198
|-terastallize|p2a: Annihilape|Grass
|-terastallize|p1a: Amoonguss|Water
|move|p1b: Indeedee|Follow Me|p1b: Indeedee
|-singleturn|p1b: Indeedee|move: Follow Me
|move|p2a: Annihilape|Rage Fist|p1b: Indeedee
|-immune|p1b: Indeedee
|move|p2b: Ninetales|Blizzard|p1b: Indeedee|[spread] p1a,p1b
|-resisted|p1a: Amoonguss
|-damage|p1a: Amoonguss|90/100
|-damage|p1b: Indeedee|0 fnt
|faint|p1b: Indeedee
|move|p1a: Amoonguss|Spore|p2a: Annihilape
|-immune|p2a: Annihilape
|
|-weather|Snowscape|[upkeep]
|upkeep
|
|t:|1756153217
|switch|p1b: Dragonite|Dragonite, L50, F, shiny|100/100
|turn|5
|
|t:|1756153241
|switch|p2b: Incineroar|Incineroar, L50, F|67/100
|-ability|p2b: Incineroar|Intimidate|boost
|-unboost|p1a: Amoonguss|atk|1
|-unboost|p1b: Dragonite|atk|1
|move|p1b: Dragonite|Protect|p1b: Dragonite
|-singleturn|p1b: Dragonite|Protect
|move|p2a: Annihilape|Rage Fist|p1b: Dragonite
|-activate|p1b: Dragonite|move: Protect
|move|p1a: Amoonguss|Spore|p2b: Incineroar
|-activate|p2b: Incineroar|item: Safety Goggles|Spore
|
|-weather|Snowscape|[upkeep]
|-fieldend|move: Psychic Terrain
|upkeep
|turn|6
|inactive|hermit5 has 30 seconds left.
|
|t:|1756153273
|move|p2b: Incineroar|Fake Out|p1b: Dragonite
|-damage|p1b: Dragonite|95/100
|move|p1a: Amoonguss|Rage Powder|p1a: Amoonguss
|-singleturn|p1a: Amoonguss|move: Rage Powder
|move|p2a: Annihilape|Rage Fist|p1b: Dragonite
|-damage|p1b: Dragonite|71/100
|cant|p1b: Dragonite|flinch
|
|-weather|none
|-sideend|p2: cantilevervcg|move: Aurora Veil
|upkeep
|turn|7
|
|t:|1756153294
|move|p2a: Annihilape|Rage Fist|p1b: Dragonite
|-damage|p1b: Dragonite|51/100
|move|p1b: Dragonite|Scale Shot|p2a: Annihilape
|-damage|p2a: Annihilape|91/100
|-damage|p2a: Annihilape|81/100
|-damage|p2a: Annihilape|71/100
|-damage|p2a: Annihilape|61/100
|-damage|p2a: Annihilape|51/100
|-hitcount|p2a: Annihilape|5
|-unboost|p1b: Dragonite|def|1
|-boost|p1b: Dragonite|spe|1
|move|p2b: Incineroar|Parting Shot|p1b: Dragonite
|-unboost|p1b: Dragonite|atk|1
|-unboost|p1b: Dragonite|spa|1
|
|t:|1756153300
|switch|p2b: Ninetales|Ninetales-Alola, L50, M|48/100|[from] Parting Shot
|-weather|Snowscape|[from] ability: Snow Warning|[of] p2b: Ninetales
|move|p1a: Amoonguss|Pollen Puff|p1b: Dragonite
|-heal|p1b: Dragonite|100/100
|
|-weather|Snowscape|[upkeep]
|upkeep
|turn|8
|inactive|hermit5 has 30 seconds left.
|
|t:|1756153331
|switch|p2a: Incineroar|Incineroar, L50, F|67/100
|-ability|p2a: Incineroar|Intimidate|boost
|-unboost|p1a: Amoonguss|atk|1
|-unboost|p1b: Dragonite|atk|1
|move|p1b: Dragonite|Protect|p1b: Dragonite
|-singleturn|p1b: Dragonite|Protect
|move|p2b: Ninetales|Aurora Veil|p2b: Ninetales
|-sidestart|p2: cantilevervcg|move: Aurora Veil
|move|p1a: Amoonguss|Pollen Puff|p2a: Incineroar
|-damage|p2a: Incineroar|57/100
|
|-weather|Snowscape|[upkeep]
|upkeep
|turn|9
|
|t:|1756153352
|move|p2a: Incineroar|Fake Out|p1b: Dragonite
|-damage|p1b: Dragonite|91/100
|cant|p1b: Dragonite|flinch
|move|p2b: Ninetales|Encore|p1b: Dragonite
|-start|p1b: Dragonite|Encore
|move|p1a: Amoonguss|Spore|p2b: Ninetales
|-status|p2b: Ninetales|slp|[from] move: Spore
|
|-weather|Snowscape|[upkeep]
|upkeep
|turn|10
|inactive|hermit5 has 30 seconds left.
|
|t:|1756153381
|switch|p2b: Annihilape|Annihilape, L50, M, tera:Grass|51/100
|move|p1b: Dragonite|Protect|p1b: Dragonite
|-singleturn|p1b: Dragonite|Protect
|move|p2a: Incineroar|Knock Off|p1a: Amoonguss
|-damage|p1a: Amoonguss|59/100
|-enditem|p1a: Amoonguss|Sitrus Berry|[from] move: Knock Off|[of] p2a: Incineroar
|move|p1a: Amoonguss|Pollen Puff|p2b: Annihilape
|-supereffective|p2b: Annihilape
|-damage|p2b: Annihilape|28/100
|
|-weather|Snowscape|[upkeep]
|upkeep
|turn|11
|
|t:|1756153406
|move|p1b: Dragonite|Protect||[still]
|-fail|p1b: Dragonite
|move|p2b: Annihilape|Rage Fist|p1a: Amoonguss
|-damage|p1a: Amoonguss|0 fnt
|faint|p1a: Amoonguss
|move|p2a: Incineroar|Parting Shot|p2b: Annihilape
|-unboost|p2b: Annihilape|atk|1
|-unboost|p2b: Annihilape|spa|1
|
|t:|1756153416
|switch|p2a: Ninetales|Ninetales-Alola, L50, M|48/100 slp|[from] Parting Shot
|
|-weather|none
|upkeep
|turn|12
|c|☆cantilevervcg|i didnt know side-targeting doesnt get you the defiant boost
|inactive|cantilevervcg has 30 seconds left.
|
|t:|1756153443
|switch|p2a: Incineroar|Incineroar, L50, F|57/100
|-ability|p2a: Incineroar|Intimidate|boost
|-unboost|p1b: Dragonite|atk|1
|move|p1b: Dragonite|Protect|p1b: Dragonite
|-singleturn|p1b: Dragonite|Protect
|move|p2b: Annihilape|Rage Fist|p1b: Dragonite
|-activate|p1b: Dragonite|move: Protect
|
|-end|p1b: Dragonite|Encore
|-sideend|p2: cantilevervcg|move: Aurora Veil
|upkeep
|turn|13
|
|t:|1756153463
|move|p2a: Incineroar|Fake Out|p1b: Dragonite
|-damage|p1b: Dragonite|73/100
|move|p2b: Annihilape|Rage Fist|p1b: Dragonite
|-damage|p1b: Dragonite|0 fnt
|faint|p1b: Dragonite
|
|win|cantilevervcg
|raw|hermit5's rating: 1062 → 1041(-21 for losing)
|raw|cantilevervcg's rating: 1025 → 1065(+40 for winning)
