|j|â˜†nyakugan
|j|â˜†IlluminaGielBakker
|html|nyakuganIlluminaGielBakker    
|uhtml|bestof|Game 1 of a best-of-3
|t:|1756314277
|gametype|doubles
|player|p1|nyakugan|psychic|
|player|p2|IlluminaGielBakker|wattson|
|gen|9
|tier|[Gen 9] VGC 2025 Reg H (Bo3)
|rule|Species Clause: Limit one of each PokÃ©mon
|rule|Item Clause: Limit 1 of each item
|clearpoke
|poke|p1|Typhlosion-Hisui, L50, M|
|poke|p1|Whimsicott, L50, M|
|poke|p1|Ursaluna-Bloodmoon, L50, M|
|poke|p1|Annihilape, L50, F|
|poke|p1|Clefairy, L50, F|
|poke|p1|Farigiraf, L50, M|
|poke|p2|Amoonguss, L50, F|
|poke|p2|Incineroar, L50, M|
|poke|p2|Hydreigon, L50, F|
|poke|p2|Gholdengo, L50|
|poke|p2|Ursaluna, L50, M|
|poke|p2|Porygon2, L50|
|teampreview|4
|showteam|p1|Typhlosion-Hisui||ChoiceSpecs|Blaze|Eruption,HeatWave,ShadowBall,Overheat|||M|||50|,,,,,Fire]Whimsicott||CovertCloak|Prankster|Tailwind,BeatUp,Moonblast,SunnyDay|||M|||50|,,,,,Dark]Ursaluna-Bloodmoon||LifeOrb|MindsEye|Protect,BloodMoon,EarthPower,HyperVoice|||M|||50|,,,,,Normal]Annihilape||AssaultVest|Defiant|RageFist,DrainPunch,FinalGambit,CloseCombat|||F|||50|,,,,,Fire]Clefairy||Eviolite|FriendGuard|Protect,FollowMe,HelpingHand,AfterYou|||F|||50|,,,,,Grass]Farigiraf||ThroatSpray|ArmorTail|Protect,Psychic,HyperVoice,TrickRoom|||M|||50|,,,,,Dragon
|showteam|p2|Amoonguss||RockyHelmet|Regenerator|PollenPuff,Spore,RagePowder,Protect|||F|||50|,,,,,Fairy]Incineroar||AssaultVest|Intimidate|FakeOut,KnockOff,FlareBlitz,Uturn|||M|||50|,,,,,Ghost]Hydreigon||SafetyGoggles|Levitate|DracoMeteor,Snarl,Tailwind,Protect|||F|||50|,,,,,Ghost]Gholdengo||MetalCoat|GoodasGold|MakeItRain,ShadowBall,NastyPlot,Protect||||||50|,,,,,Water]Ursaluna||FlameOrb|Guts|Facade,HeadlongRush,Earthquake,Protect|||M|||50|,,,,,Ghost]Porygon2||Eviolite|Download|TeraBlast,IceBeam,Recover,TrickRoom||||||50|,,,,,Fighting
|inactive|Battle timer is ON: inactive players will automatically lose when time's up. (requested by IlluminaGielBakker)
|c|â˜†nyakugan|glhf
|c|â˜†IlluminaGielBakker|glhf!
|inactive|nyakugan has 60 seconds left.
|inactive|nyakugan has 30 seconds left.
|
|t:|1756314339
|teamsize|p1|4
|teamsize|p2|4
|start
|switch|p1a: Whimsicott|Whimsicott, L50, M, shiny|100/100
|switch|p1b: Annihilape|Annihilape, L50, F|100/100
|switch|p2a: Porygon2|Porygon2, L50|100/100
|switch|p2b: Hydreigon|Hydreigon, L50, F|100/100
|-ability|p2a: Porygon2|Download|boost
|-boost|p2a: Porygon2|atk|1
|turn|1
|inactive|nyakugan has 30 seconds left.
|
|t:|1756314374
|move|p2b: Hydreigon|Tailwind|p2b: Hydreigon
|-sidestart|p2: IlluminaGielBakker|move: Tailwind
|move|p2a: Porygon2|Ice Beam|p1a: Whimsicott
|-supereffective|p1a: Whimsicott
|-damage|p1a: Whimsicott|39/100
|move|p1a: Whimsicott|Moonblast|p2b: Hydreigon
|-supereffective|p2b: Hydreigon
|-damage|p2b: Hydreigon|0 fnt
|faint|p2b: Hydreigon
|move|p1b: Annihilape|Final Gambit|p2a: Porygon2
|-damage|p2a: Porygon2|0 fnt
|faint|p1b: Annihilape
|faint|p2a: Porygon2
|
|upkeep
|
|t:|1756314385
|switch|p2b: Incineroar|Incineroar, L50, M, shiny|100/100
|switch|p1b: Typhlosion|Typhlosion-Hisui, L50, M|100/100
|switch|p2a: Ursaluna|Ursaluna, L50, M|100/100
|-ability|p2b: Incineroar|Intimidate|boost
|-unboost|p1a: Whimsicott|atk|1
|-unboost|p1b: Typhlosion|atk|1
|turn|2
|
|t:|1756314403
|switch|p1b: Clefairy|Clefairy, L50, F|100/100
|move|p1a: Whimsicott|Tailwind|p1a: Whimsicott
|-sidestart|p1: nyakugan|move: Tailwind
|move|p2b: Incineroar|Knock Off|p1b: Clefairy
|-resisted|p1b: Clefairy
|-damage|p1b: Clefairy|84/100
|-enditem|p1b: Clefairy|Eviolite|[from] move: Knock Off|[of] p2b: Incineroar
|move|p2a: Ursaluna|Facade|p1a: Whimsicott
|-damage|p1a: Whimsicott|4/100
|
|-status|p2a: Ursaluna|brn|[from] item: Flame Orb
|upkeep
|turn|3
|inactive|IlluminaGielBakker has 30 seconds left.
|
|t:|1756314431
|move|p1b: Clefairy|Protect|p1b: Clefairy
|-singleturn|p1b: Clefairy|Protect
|move|p1a: Whimsicott|Moonblast|p2b: Incineroar
|-damage|p2b: Incineroar|84/100
|move|p2b: Incineroar|Flare Blitz|p1b: Clefairy
|-activate|p1b: Clefairy|move: Protect
|move|p2a: Ursaluna|Facade|p1b: Clefairy
|-activate|p1b: Clefairy|move: Protect
|
|-damage|p2a: Ursaluna|95/100 brn|[from] brn
|upkeep
|turn|4
|inactive|nyakugan has 30 seconds left.
|
|t:|1756314464
|move|p1b: Clefairy|Protect||[still]
|-fail|p1b: Clefairy
|move|p1a: Whimsicott|Sunny Day|p1a: Whimsicott
|-weather|SunnyDay
|move|p2b: Incineroar|U-turn|p1a: Whimsicott
|-damage|p1a: Whimsicott|0 fnt
|faint|p1a: Whimsicott
|move|p2a: Ursaluna|Facade|p1b: Clefairy
|-damage|p1b: Clefairy|0 fnt
|faint|p1b: Clefairy
|
|-weather|SunnyDay|[upkeep]
|-damage|p2a: Ursaluna|89/100 brn|[from] brn
|-sideend|p2: IlluminaGielBakker|move: Tailwind
|upkeep
|
|t:|1756314472
|switch|p1a: Typhlosion|Typhlosion-Hisui, L50, M|100/100
|turn|5
|
|t:|1756314476
|-terastallize|p1a: Typhlosion|Fire
|move|p2a: Ursaluna|Protect|p2a: Ursaluna
|-singleturn|p2a: Ursaluna|Protect
|move|p1a: Typhlosion|Eruption|p2b: Incineroar|[spread] p2b
|-activate|p2a: Ursaluna|move: Protect
|-resisted|p2b: Incineroar
|-crit|p2b: Incineroar
|-damage|p2b: Incineroar|0 fnt
|faint|p2b: Incineroar
|
|-weather|SunnyDay|[upkeep]
|-damage|p2a: Ursaluna|83/100 brn|[from] brn
|-sideend|p1: nyakugan|move: Tailwind
|upkeep
|turn|6
|c|â˜†IlluminaGielBakker|ah
|
|t:|1756314486
|move|p1a: Typhlosion|Eruption|p2a: Ursaluna
|-damage|p2a: Ursaluna|0 fnt
|faint|p2a: Ursaluna
|
|win|nyakugan
|c|â˜†nyakugan|oof
||IlluminaGielBakker is ready for game 2.
||nyakugan is ready for game 2.
|uhtml|next|Next: Game 2 of 3
