|j|☆JackWhiteVGC
|j|☆nkgill1101
|html|JackWhiteVGCnkgill1101    
|uhtml|bestof|Game 2 of a best-of-3
|t:|1784749236
|gametype|doubles
|player|p1|JackWhiteVGC|170|
|player|p2|nkgill1101|ethan|
|gen|9
|tier|[Gen 9 Champions] VGC 2026 Reg M-B (Bo3)
|rule|Species Clause: Limit one of each Pokémon
|rule|Item Clause: Limit 1 of each item
|clearpoke
|poke|p1|Blaziken, L50, M|
|poke|p1|Basculegion, L50, M|
|poke|p1|Ninetales-Alola, L50, M|
|poke|p1|Gengar, L50, M|
|poke|p1|Incineroar, L50, F|
|poke|p1|Kingambit, L50, M|
|poke|p2|Gengar, L50, M|
|poke|p2|Swampert, L50, F|
|poke|p2|Politoed, L50, M|
|poke|p2|Incineroar, L50, F|
|poke|p2|Archaludon, L50, M|
|poke|p2|Vivillon, L50, F|
|teampreview|4
|showteam|p1|Blaziken||Blazikenite|Blaze|CloseCombat,FlareBlitz,RockSlide,Detect|Adamant||M|||50|]Basculegion||FocusSash|Adaptability|LastRespects,Liquidation,AquaJet,Protect|Adamant||M|||50|]Ninetales-Alola||NeverMeltIce|SnowWarning|Blizzard,FreezeDry,Encore,Protect|Timid||M|||50|]Gengar||Gengarite|CursedBody|ShadowBall,PerishSong,Disable,Protect|Modest||M|||50|]Incineroar||PasshoBerry|Intimidate|FlareBlitz,PartingShot,FakeOut,Protect|Relaxed||F|||50|]Kingambit||LifeOrb|Defiant|KowtowCleave,SuckerPunch,IronHead,Protect|Adamant||M|||50|
|showteam|p2|Gengar||Gengarite|CursedBody|PerishSong,Protect,ShadowBall,SludgeBomb|Timid||M|||50|]Swampert||Swampertite|Damp|Earthquake,WaveCrash,IcePunch,Protect|Adamant||F|||50|]Politoed||SitrusBerry|Drizzle|WeatherBall,Protect,PerishSong,Encore|Calm||M|||50|]Incineroar||PasshoBerry|Intimidate|Protect,FakeOut,ThroatChop,PartingShot|Sassy||F|||50|]Archaludon||Leftovers|Stamina|ElectroShot,FlashCannon,DragonPulse,Protect|Bold||M|||50|]Vivillon||FocusSash|CompoundEyes|Protect,SleepPowder,RagePowder,Hurricane|Timid||F|||50|
|inactive|Battle timer is ON: inactive players will automatically lose when time's up. (requested by nkgill1101)
|j| tyho45
|j| Onemagician4496
|j| ZomalaVGC
|j| splash2ndcousin
|j| The Maknoon
|inactive|nkgill1101 has 60 seconds left.
|
|t:|1784749278
|teamsize|p1|4
|teamsize|p2|4
|start
|switch|p1a: Blaziken|Blaziken, L50, M|100/100
|switch|p1b: Incineroar|Incineroar, L50, F|100/100
|switch|p2a: Swampert|Swampert, L50, F|100/100
|switch|p2b: Politoed|Politoed, L50, M|100/100
|-weather|RainDance|[from] ability: Drizzle|[of] p2b: Politoed
|-ability|p1b: Incineroar|Intimidate|boost
|-unboost|p2a: Swampert|atk|1
|-unboost|p2b: Politoed|atk|1
|turn|1
|j| p3ds
|inactive|JackWhiteVGC has 30 seconds left.
|inactive|nkgill1101 has 30 seconds left.
|l| tyho45
|inactive|JackWhiteVGC has 20 seconds left.
|
|t:|1784749313
|switch|p2a: Incineroar|Incineroar, L50, F|100/100
|-ability|p2a: Incineroar|Intimidate|boost
|-unboost|p1a: Blaziken|atk|1
|-unboost|p1b: Incineroar|atk|1
|switch|p1b: Ninetales|Ninetales-Alola, L50, M|100/100
|-weather|Snowscape|[from] ability: Snow Warning|[of] p1b: Ninetales
|detailschange|p1a: Blaziken|Blaziken-Mega, L50, M
|-mega|p1a: Blaziken|Blaziken|Blazikenite
|move|p1a: Blaziken|Detect|p1a: Blaziken
|-singleturn|p1a: Blaziken|Protect
|move|p2b: Politoed|Weather Ball|p1a: Blaziken
|-activate|p1a: Blaziken|move: Protect
|
|-weather|Snowscape|[upkeep]
|-ability|p1a: Blaziken|Speed Boost|boost
|-boost|p1a: Blaziken|spe|1
|upkeep
|turn|2
|j| hippopotas fritas
|inactive|JackWhiteVGC has 30 seconds left.
|inactive|nkgill1101 has 30 seconds left.
|l| hippopotas fritas
|inactive|JackWhiteVGC has 20 seconds left.
|inactive|nkgill1101 has 20 seconds left.
|inactive|nkgill1101 has 15 seconds left.
|inactive|nkgill1101 has 10 seconds left.
|inactive|JackWhiteVGC has 15 seconds left.
|
|t:|1784749365
|move|p2a: Incineroar|Fake Out|p1b: Ninetales
|-damage|p1b: Ninetales|90/100
|move|p1a: Blaziken|Close Combat|p2a: Incineroar
|-supereffective|p2a: Incineroar|1
|-damage|p2a: Incineroar|7/100
|-unboost|p1a: Blaziken|def|1
|-unboost|p1a: Blaziken|spd|1
|cant|p1b: Ninetales|flinch
|move|p2b: Politoed|Encore|p1a: Blaziken
|-start|p1a: Blaziken|Encore
|
|-weather|Snowscape|[upkeep]
|-ability|p1a: Blaziken|Speed Boost|boost
|-boost|p1a: Blaziken|spe|1
|upkeep
|turn|3
|inactive|JackWhiteVGC has 30 seconds left.
|
|t:|1784749393
|switch|p1a: Incineroar|Incineroar, L50, F|100/100
|-ability|p1a: Incineroar|Intimidate|boost
|-unboost|p2a: Incineroar|atk|1
|-unboost|p2b: Politoed|atk|1
|switch|p2b: Archaludon|Archaludon, L50, M|100/100
|move|p2a: Incineroar|Protect|p2a: Incineroar
|-singleturn|p2a: Incineroar|Protect
|move|p1b: Ninetales|Blizzard|p2b: Archaludon|[spread] p2b
|-activate|p2a: Incineroar|move: Protect
|-damage|p2b: Archaludon|69/100
|-ability|p2b: Archaludon|Stamina|boost
|-boost|p2b: Archaludon|def|1
|
|-weather|Snowscape|[upkeep]
|-heal|p2b: Archaludon|75/100|[from] item: Leftovers
|upkeep
|turn|4
|inactive|JackWhiteVGC has 30 seconds left.
|inactive|nkgill1101 has 30 seconds left.
|
|t:|1784749419
|switch|p2a: Politoed|Politoed, L50, M|100/100
|-weather|RainDance|[from] ability: Drizzle|[of] p2a: Politoed
|move|p1a: Incineroar|Fake Out|p2b: Archaludon
|-resisted|p2b: Archaludon|1
|-damage|p2b: Archaludon|73/100
|-ability|p2b: Archaludon|Stamina|boost
|-boost|p2b: Archaludon|def|1
|move|p1b: Ninetales|Blizzard|p2b: Archaludon|[spread] p2a
|-miss|p1b: Ninetales|p2b: Archaludon
|-resisted|p2a: Politoed|1
|-damage|p2a: Politoed|85/100
|cant|p2b: Archaludon|flinch
|
|-weather|RainDance|[upkeep]
|-heal|p2b: Archaludon|79/100|[from] item: Leftovers
|upkeep
|turn|5
|inactive|JackWhiteVGC has 30 seconds left.
|inactive|nkgill1101 has 30 seconds left.
|inactive|JackWhiteVGC has 20 seconds left.
|inactive|JackWhiteVGC has 15 seconds left.
|
|t:|1784749462
|switch|p1b: Blaziken|Blaziken-Mega, L50, M|100/100
|move|p2b: Archaludon|Electro Shot||[still]
|-prepare|p2b: Archaludon|Electro Shot
|-boost|p2b: Archaludon|spa|1
|-anim|p2b: Archaludon|Electro Shot|p1b: Blaziken
|-damage|p1b: Blaziken|19/100
|move|p2a: Politoed|Encore|p1a: Incineroar
|-start|p1a: Incineroar|Encore
|move|p1a: Incineroar|Fake Out||[still]
|-hint|Fake Out only works on your first turn out.
|-fail|p1a: Incineroar
|
|-weather|RainDance|[upkeep]
|-heal|p2b: Archaludon|85/100|[from] item: Leftovers
|upkeep
|turn|6
|inactive|JackWhiteVGC has 30 seconds left.
|inactive|nkgill1101 has 30 seconds left.
|
|t:|1784749488
|switch|p2a: Incineroar|Incineroar, L50, F|7/100
|-ability|p2a: Incineroar|Intimidate|boost
|-unboost|p1a: Incineroar|atk|1
|-unboost|p1b: Blaziken|atk|1
|switch|p1a: Ninetales|Ninetales-Alola, L50, M|90/100
|-weather|Snowscape|[from] ability: Snow Warning|[of] p1a: Ninetales
|move|p1b: Blaziken|Close Combat|p2b: Archaludon
|-supereffective|p2b: Archaludon|1
|-damage|p2b: Archaludon|50/100g
|-unboost|p1b: Blaziken|def|1
|-unboost|p1b: Blaziken|spd|1
|-ability|p2b: Archaludon|Stamina|boost
|-boost|p2b: Archaludon|def|1
|move|p2b: Archaludon|Flash Cannon|p1a: Ninetales
|-supereffective|p1a: Ninetales|2
|-damage|p1a: Ninetales|0 fnt
|faint|p1a: Ninetales
|
|-weather|Snowscape|[upkeep]
|-heal|p2b: Archaludon|56/100|[from] item: Leftovers
|-ability|p1b: Blaziken|Speed Boost|boost
|-boost|p1b: Blaziken|spe|1
|upkeep
|j| teslobo
|
|t:|1784749509
|switch|p1a: Basculegion|Basculegion, L50, M|100/100
|turn|7
|
|t:|1784749528
|switch|p1b: Incineroar|Incineroar, L50, F|100/100
|-ability|p1b: Incineroar|Intimidate|boost
|-unboost|p2a: Incineroar|atk|1
|-unboost|p2b: Archaludon|atk|1
|switch|p2a: Politoed|Politoed, L50, M|85/100
|-weather|RainDance|[from] ability: Drizzle|[of] p2a: Politoed
|move|p1a: Basculegion|Protect|p1a: Basculegion
|-singleturn|p1a: Basculegion|Protect
|move|p2b: Archaludon|Electro Shot||[still]
|-prepare|p2b: Archaludon|Electro Shot
|-boost|p2b: Archaludon|spa|1
|-anim|p2b: Archaludon|Electro Shot|p1a: Basculegion
|-activate|p1a: Basculegion|move: Protect
|
|-weather|RainDance|[upkeep]
|-heal|p2b: Archaludon|62/100|[from] item: Leftovers
|upkeep
|turn|8
|j| bwhitevgc
|inactive|nkgill1101 has 30 seconds left.
|
|t:|1784749554
|move|p1b: Incineroar|Fake Out|p2a: Politoed
|-damage|p2a: Politoed|75/100
|move|p1a: Basculegion|Last Respects|p2b: Archaludon
|-damage|p2b: Archaludon|42/100
|-ability|p2b: Archaludon|Stamina|boost
|-boost|p2b: Archaludon|def|1
|move|p2b: Archaludon|Electro Shot||[still]
|-prepare|p2b: Archaludon|Electro Shot
|-boost|p2b: Archaludon|spa|1
|-anim|p2b: Archaludon|Electro Shot|p1a: Basculegion
|-supereffective|p1a: Basculegion|1
|-enditem|p1a: Basculegion|Focus Sash
|-damage|p1a: Basculegion|1/100
|cant|p2a: Politoed|flinch
|
|-weather|RainDance|[upkeep]
|-heal|p2b: Archaludon|48/100|[from] item: Leftovers
|upkeep
|turn|9
|j| mew mew season 2
|inactive|JackWhiteVGC has 30 seconds left.
|
|t:|1784749581
|switch|p2a: Incineroar|Incineroar, L50, F|7/100
|-ability|p2a: Incineroar|Intimidate|boost
|-unboost|p1a: Basculegion|atk|1
|-unboost|p1b: Incineroar|atk|1
|move|p2b: Archaludon|Protect|p2b: Archaludon
|-singleturn|p2b: Archaludon|Protect
|move|p1a: Basculegion|Last Respects|p2a: Incineroar
|-resisted|p2a: Incineroar|1
|-damage|p2a: Incineroar|0 fnt
|faint|p2a: Incineroar
|move|p1b: Incineroar|Parting Shot|p2b: Archaludon
|-activate|p2b: Archaludon|move: Protect
|
|-weather|RainDance|[upkeep]
|-heal|p2b: Archaludon|54/100|[from] item: Leftovers
|upkeep
|l| mew mew season 2
|
|t:|1784749595
|switch|p2a: Swampert|Swampert, L50, F|100/100
|turn|10
|j| mew mew season 2
|
|t:|1784749612
|detailschange|p2a: Swampert|Swampert-Mega, L50, F
|-mega|p2a: Swampert|Swampert|Swampertite
|move|p1a: Basculegion|Aqua Jet|p2a: Swampert
|-damage|p2a: Swampert|71/100
|move|p2a: Swampert|Wave Crash|p1b: Incineroar
|-supereffective|p1b: Incineroar|1
|-enditem|p1b: Incineroar|Passho Berry|[eat]
|-enditem|p1b: Incineroar|Passho Berry|[weaken]
|-damage|p1b: Incineroar|11/100
|-damage|p2a: Swampert|39/100|[from] Recoil
|move|p2b: Archaludon|Flash Cannon|p1a: Basculegion
|-resisted|p1a: Basculegion|1
|-damage|p1a: Basculegion|0 fnt
|faint|p1a: Basculegion
|move|p1b: Incineroar|Parting Shot|p2a: Swampert
|-unboost|p2a: Swampert|atk|1
|-unboost|p2a: Swampert|spa|1
|
|t:|1784749621
|switch|p1b: Blaziken|Blaziken-Mega, L50, M|19/100|[from] Parting Shot
|
|-weather|RainDance|[upkeep]
|-heal|p2b: Archaludon|60/100|[from] item: Leftovers
|upkeep
|
|t:|1784749627
|switch|p1a: Incineroar|Incineroar, L50, F|11/100
|-ability|p1a: Incineroar|Intimidate|boost
|-unboost|p2a: Swampert|atk|1
|-unboost|p2b: Archaludon|atk|1
|turn|11
|
|t:|1784749641
|move|p1a: Incineroar|Fake Out|p2a: Swampert
|-damage|p2a: Swampert|29/100
|cant|p2a: Swampert|flinch
|move|p1b: Blaziken|Close Combat|p2b: Archaludon
|-supereffective|p2b: Archaludon|1
|-damage|p2b: Archaludon|21/100
|-unboost|p1b: Blaziken|def|1
|-unboost|p1b: Blaziken|spd|1
|-ability|p2b: Archaludon|Stamina|boost
|-boost|p2b: Archaludon|def|1
|move|p2b: Archaludon|Dragon Pulse|p1b: Blaziken
|-damage|p1b: Blaziken|0 fnt
|faint|p1b: Blaziken
|
|-weather|none
|-heal|p2b: Archaludon|27/100|[from] item: Leftovers
|upkeep
|turn|12
|c|☆JackWhiteVGC|gg
|
|t:|1784749657
|move|p2b: Archaludon|Protect|p2b: Archaludon
|-singleturn|p2b: Archaludon|Protect
|move|p2a: Swampert|Earthquake|p1a: Incineroar|[spread] p1a
|-activate|p2b: Archaludon|move: Protect
|-supereffective|p1a: Incineroar|1
|-damage|p1a: Incineroar|0 fnt
|faint|p1a: Incineroar
|
|win|nkgill1101
|l| mew mew season 2
|c|☆nkgill1101|Gg
|l| ZomalaVGC
|l| Onemagician4496
|l| splash2ndcousin
|l|☆JackWhiteVGC
|player|p1|
|l| bwhitevgc
|j| Onemagician4496
|l|☆nkgill1101
|player|p2|
|l| Onemagician4496
|j| Onemagician4496
|l| Onemagician4496
|j|☆nkgill1101
|player|p2|nkgill1101|ethan|
|l| The Maknoon
