|j|☆grfynnvgc
|j|☆kathan23
|html|grfynnvgckathan23    
|uhtml|bestof|Game 2 of a best-of-3
|t:|1785366647
|gametype|doubles
|player|p1|grfynnvgc|102|1096
|player|p2|kathan23|bugcatcher-gen4dp|1000
|gen|9
|tier|[Gen 9 Champions] VGC 2026 Reg M-B (Bo3)
|rated|
|rule|Species Clause: Limit one of each Pokémon
|rule|Item Clause: Limit 1 of each item
|clearpoke
|poke|p1|Gengar, L50, M|
|poke|p1|Kommo-o, L50, M|
|poke|p1|Ninetales-Alola, L50, M|
|poke|p1|Primarina, L50, M|
|poke|p1|Volcarona, L50, M|
|poke|p1|Incineroar, L50, F|
|poke|p2|Staraptor, L50, F|
|poke|p2|Garchomp, L50, M|
|poke|p2|Whimsicott, L50, F|
|poke|p2|Delphox, L50, F|
|poke|p2|Glimmora, L50, M|
|poke|p2|Kingambit, L50, F|
|teampreview|4
|showteam|p1|Gengar||Gengarite|CursedBody|ShadowBall,SludgeBomb,PerishSong,Protect|Modest||M|||50|]Kommo-o||Leftovers|Soundproof|ClangingScales,AuraSphere,ClangorousSoul,Protect|Modest||M|||50|]Ninetales-Alola||FocusSash|SnowWarning|Blizzard,FreezeDry,AuroraVeil,Protect|Timid||M|||50|]Primarina||MysticWater|LiquidVoice|HyperVoice,Moonblast,PerishSong,Protect|Modest||M|||50|]Volcarona||SitrusBerry|FlameBody|Flamethrower,StruggleBug,RagePowder,Protect|Bold||M|||50|]Incineroar||ShucaBerry|Intimidate|FakeOut,ThroatChop,PartingShot,Protect|Impish||F|||50|
|showteam|p2|Staraptor||Staraptite|Intimidate|Protect,Roost,CloseCombat,BraveBird|Adamant||F|||50|]Garchomp||LifeOrb|RoughSkin|Protect,RockSlide,Earthquake,DragonClaw|Jolly||M|||50|]Whimsicott||OccaBerry|Prankster|Moonblast,Tailwind,Charm,LightScreen|Bold||F|||50|]Delphox||Delphoxite|Magician|Protect,Psychic,HeatWave,Substitute|Timid||F|||50|]Glimmora||FocusSash|ToxicDebris|SpikyShield,EarthPower,PowerGem,SludgeBomb|Timid||M|||50|]Kingambit||ChopleBerry|Defiant|KowtowCleave,IronHead,SuckerPunch,LowKick|Adamant||F|||50|
|inactive|Battle timer is ON: inactive players will automatically lose when time's up. (requested by grfynnvgc)
|
|t:|1785366708
|teamsize|p1|4
|teamsize|p2|4
|start
|switch|p1a: Gengar|Gengar, L50, M|100/100
|switch|p1b: Incineroar|Incineroar, L50, F|100/100
|switch|p2a: Whimsicott|Whimsicott, L50, F|100/100
|switch|p2b: Kingambit|Kingambit, L50, F|100/100
|-ability|p1b: Incineroar|Intimidate|boost
|-unboost|p2a: Whimsicott|atk|1
|-unboost|p2b: Kingambit|atk|1
|-ability|p2b: Kingambit|Defiant|boost
|-boost|p2b: Kingambit|atk|2
|turn|1
|inactive|grfynnvgc has 30 seconds left.
|
|t:|1785366736
|detailschange|p1a: Gengar|Gengar-Mega, L50, M
|-mega|p1a: Gengar|Gengar|Gengarite
|move|p1b: Incineroar|Fake Out|p2b: Kingambit
|-resisted|p2b: Kingambit|1
|-damage|p2b: Kingambit|96/100
|move|p2a: Whimsicott|Tailwind|p2a: Whimsicott
|-sidestart|p2: kathan23|move: Tailwind
|move|p1a: Gengar|Perish Song|p1a: Gengar
|-start|p1a: Gengar|perish3|[silent]
|-start|p1b: Incineroar|perish3|[silent]
|-start|p2a: Whimsicott|perish3|[silent]
|-start|p2b: Kingambit|perish3|[silent]
|-fieldactivate|move: Perish Song
|cant|p2b: Kingambit|flinch
|
|-start|p2a: Whimsicott|perish3
|-start|p1a: Gengar|perish3
|-start|p2b: Kingambit|perish3
|-start|p1b: Incineroar|perish3
|upkeep
|turn|2
|
|t:|1785366759
|move|p1a: Gengar|Protect|p1a: Gengar
|-singleturn|p1a: Gengar|Protect
|move|p1b: Incineroar|Protect|p1b: Incineroar
|-singleturn|p1b: Incineroar|Protect
|move|p2a: Whimsicott|Light Screen|p2a: Whimsicott
|-sidestart|p2: kathan23|move: Light Screen
|move|p2b: Kingambit|Low Kick|p1b: Incineroar
|-activate|p1b: Incineroar|move: Protect
|
|-start|p2a: Whimsicott|perish2
|-start|p1a: Gengar|perish2
|-start|p2b: Kingambit|perish2
|-start|p1b: Incineroar|perish2
|upkeep
|turn|3
|
|t:|1785366783
|switch|p1a: Primarina|Primarina, L50, M|100/100
|move|p2a: Whimsicott|Charm|p1b: Incineroar
|-hint|Since gen 7, Dark is immune to Prankster moves.
|-immune|p1b: Incineroar
|move|p2b: Kingambit|Kowtow Cleave|p1a: Primarina
|-resisted|p1a: Primarina|1
|-damage|p1a: Primarina|56/100
|move|p1b: Incineroar|Parting Shot|p2a: Whimsicott
|-unboost|p2a: Whimsicott|atk|1
|-unboost|p2a: Whimsicott|spa|1
|
|t:|1785366801
|switch|p1b: Gengar|Gengar-Mega, L50, M|100/100|[from] Parting Shot
|
|-start|p2a: Whimsicott|perish1
|-start|p2b: Kingambit|perish1
|upkeep
|turn|4
|
|t:|1785366825
|move|p1b: Gengar|Protect|p1b: Gengar
|-singleturn|p1b: Gengar|Protect
|move|p1a: Primarina|Protect|p1a: Primarina
|-singleturn|p1a: Primarina|Protect
|move|p2a: Whimsicott|Moonblast|p1a: Primarina
|-activate|p1a: Primarina|move: Protect
|move|p2b: Kingambit|Iron Head|p1a: Primarina
|-activate|p1a: Primarina|move: Protect
|
|-start|p2a: Whimsicott|perish0
|-start|p2b: Kingambit|perish0
|faint|p2a: Whimsicott
|faint|p2b: Kingambit
|-sideend|p2: kathan23|move: Tailwind
|upkeep
|
|t:|1785366837
|switch|p2a: Staraptor|Staraptor, L50, F|100/100
|switch|p2b: Garchomp|Garchomp, L50, M|100/100
|-ability|p2a: Staraptor|Intimidate|boost
|-unboost|p1a: Primarina|atk|1
|-unboost|p1b: Gengar|atk|1
|turn|5
|
|t:|1785366849
|detailschange|p2a: Staraptor|Staraptor-Mega, L50, F
|-mega|p2a: Staraptor|Staraptor|Staraptite
|move|p2b: Garchomp|Earthquake|p1a: Primarina|[spread] p1a,p1b
|-immune|p2a: Staraptor
|-supereffective|p1b: Gengar|1
|-damage|p1a: Primarina|0 fnt
|-damage|p1b: Gengar|0 fnt
|faint|p1a: Primarina
|faint|p1b: Gengar
|-damage|p2b: Garchomp|90/100|[from] item: Life Orb
|move|p2a: Staraptor|Brave Bird|p1: Primarina|[notarget]
|-fail|p2a: Staraptor
|
|upkeep
|
|t:|1785366856
|switch|p1b: Ninetales|Ninetales-Alola, L50, M|100/100
|switch|p1a: Incineroar|Incineroar, L50, F|100/100
|-weather|Snowscape|[from] ability: Snow Warning|[of] p1b: Ninetales
|-ability|p1a: Incineroar|Intimidate|boost
|-boost|p2a: Staraptor|atk|1
|-unboost|p2b: Garchomp|atk|1
|turn|6
|inactive|kathan23 has 30 seconds left.
|
|t:|1785366896
|move|p1a: Incineroar|Fake Out|p2a: Staraptor
|-damage|p2a: Staraptor|90/100
|move|p1b: Ninetales|Blizzard|p2b: Garchomp|[spread] p2a,p2b
|-supereffective|p2a: Staraptor|1
|-supereffective|p2b: Garchomp|2
|-damage|p2a: Staraptor|50/100g
|-damage|p2b: Garchomp|3/100
|-status|p2b: Garchomp|frz
|-curestatus|p2b: Garchomp|frz|[msg]
|move|p2b: Garchomp|Rock Slide|p1a: Incineroar|[spread] p1b
|-miss|p2b: Garchomp|p1a: Incineroar
|-supereffective|p1b: Ninetales|1
|-damage|p1b: Ninetales|65/100
|-damage|p2b: Garchomp|0 fnt|[from] item: Life Orb
|faint|p2b: Garchomp
|cant|p2a: Staraptor|flinch
|
|-weather|Snowscape|[upkeep]
|-sideend|p2: kathan23|move: Light Screen
|upkeep
|turn|7
|
|t:|1785366917
|move|p1b: Ninetales|Blizzard|p2a: Staraptor
|-supereffective|p2a: Staraptor|1
|-damage|p2a: Staraptor|0 fnt
|faint|p2a: Staraptor
|
|win|grfynnvgc
|raw|grfynnvgc's rating: 1096 → 1115(+19 for winning)
|raw|kathan23's rating: 1000 → 1000(+0 for losing)
