|j|☆DondozoPlease
|j|☆Fr3gsy
|html|DondozoPleaseFr3gsy    
|uhtml|bestof|Game 1 of a best-of-3
|t:|1757690238
|gametype|doubles
|player|p1|DondozoPlease|101|1141
|player|p2|Fr3gsy|cynthia|1152
|gen|9
|tier|[Gen 9] VGC 2025 Reg H (Bo3)
|rated|
|rule|Species Clause: Limit one of each Pokémon
|rule|Item Clause: Limit 1 of each item
|clearpoke
|poke|p1|Jumpluff, L50, M|
|poke|p1|Torkoal, L50, F|
|poke|p1|Typhlosion-Hisui, L50, M|
|poke|p1|Garchomp, L50, M|
|poke|p1|Dragonite, L50, F|
|poke|p1|Kingambit, L50, F|
|poke|p2|Annihilape, L50, F|
|poke|p2|Maushold, L50|
|poke|p2|Kommo-o, L50, M|
|poke|p2|Murkrow, L50, M|
|poke|p2|Rillaboom, L50, F|
|poke|p2|Incineroar, L50, M|
|teampreview|4
|showteam|p1|Jumpluff||CovertCloak|Chlorophyll|LeafStorm,SleepPowder,Encore,Tailwind|||M|||50|,,,,,Poison]Torkoal||EjectPack|Drought|Overheat,BurningJealousy,HelpingHand,Protect|||F|||50|,,,,,Flying]Typhlosion-Hisui||ChoiceSpecs|Blaze|Eruption,ShadowBall,HeatWave,Flamethrower|||M|||50|,,,,,Fire]Garchomp||LifeOrb|RoughSkin|DragonClaw,StompingTantrum,Earthquake,Protect|||M|||50|,,,,,Steel]Dragonite||LoadedDice|Multiscale|ExtremeSpeed,ScaleShot,IceSpinner,Protect|||F|||50|,,,,,Fairy]Kingambit||AssaultVest|Defiant|IronHead,SuckerPunch,KowtowCleave,LowKick|||F|||50|,,,,,Flying
|showteam|p2|Annihilape||Leftovers|Defiant|RageFist,DrainPunch,BulkUp,Protect|||F|||50|,,,,,Fire]Maushold||SafetyGoggles|FriendGuard|FollowMe,BeatUp,HelpingHand,Protect||||||50|,,,,,Ghost]Kommo-o||ThroatSpray|Overcoat|ClangorousSoul,ClangingScales,Protect,FlashCannon|||M|||50|,,,,,Steel]Murkrow||Eviolite|Prankster|BraveBird,Tailwind,Taunt,Quash|||M|||50|,,,,,Ghost]Rillaboom||AssaultVest|GrassySurge|FakeOut,HighHorsepower,GrassyGlide,Uturn|||F|||50|,,,,,Fire]Incineroar||SitrusBerry|Intimidate|FakeOut,FlareBlitz,KnockOff,PartingShot|||M|||50|,,,,,Ghost
|
|t:|1757690294
|teamsize|p1|4
|teamsize|p2|4
|start
|switch|p1a: Jumpluff|Jumpluff, L50, M|100/100
|switch|p1b: Dragonite|Dragonite, L50, F|100/100
|switch|p2a: Incineroar|Incineroar, L50, M, shiny|100/100
|switch|p2b: Annihilape|Annihilape, L50, F, shiny|100/100
|-ability|p2a: Incineroar|Intimidate|boost
|-unboost|p1a: Jumpluff|atk|1
|-unboost|p1b: Dragonite|atk|1
|turn|1
|
|t:|1757690340
|move|p2a: Incineroar|Fake Out|p1b: Dragonite
|-damage|p1b: Dragonite|95/100
|move|p1a: Jumpluff|Sleep Powder|p2b: Annihilape
|-status|p2b: Annihilape|slp|[from] move: Sleep Powder
|cant|p1b: Dragonite|flinch
|cant|p2b: Annihilape|slp
|
|upkeep
|turn|2
|
|t:|1757690363
|move|p1a: Jumpluff|Encore|p2a: Incineroar
|-start|p2a: Incineroar|Encore
|move|p1b: Dragonite|Scale Shot|p2b: Annihilape
|-damage|p2b: Annihilape|90/100 slp
|-damage|p2b: Annihilape|80/100 slp
|-damage|p2b: Annihilape|71/100 slp
|-damage|p2b: Annihilape|62/100 slp
|-damage|p2b: Annihilape|52/100 slp
|-hitcount|p2b: Annihilape|5
|-unboost|p1b: Dragonite|def|1
|-boost|p1b: Dragonite|spe|1
|cant|p2b: Annihilape|slp
|move|p2a: Incineroar|Fake Out||[still]
|-hint|Fake Out only works on your first turn out.
|-fail|p2a: Incineroar
|
|-heal|p2b: Annihilape|58/100 slp|[from] item: Leftovers
|upkeep
|turn|3
|
|t:|1757690386
|switch|p2a: Murkrow|Murkrow, L50, M, shiny|100/100
|move|p1b: Dragonite|Scale Shot|p2b: Annihilape
|-damage|p2b: Annihilape|48/100 slp
|-damage|p2b: Annihilape|39/100 slp
|-damage|p2b: Annihilape|29/100 slp
|-damage|p2b: Annihilape|19/100 slp
|-damage|p2b: Annihilape|9/100 slp
|-hitcount|p2b: Annihilape|5
|-unboost|p1b: Dragonite|def|1
|-boost|p1b: Dragonite|spe|1
|move|p1a: Jumpluff|Leaf Storm|p2b: Annihilape
|-damage|p2b: Annihilape|0 fnt
|-unboost|p1a: Jumpluff|spa|2
|faint|p2b: Annihilape
|
|upkeep
|
|t:|1757690402
|switch|p2b: Kommo-o|Kommo-o, L50, M, shiny|100/100
|turn|4
|
|t:|1757690434
|switch|p1b: Typhlosion|Typhlosion-Hisui, L50, M, shiny|100/100
|move|p2b: Kommo-o|Protect|p2b: Kommo-o
|-singleturn|p2b: Kommo-o|Protect
|move|p1a: Jumpluff|Sleep Powder|p2a: Murkrow
|-status|p2a: Murkrow|slp|[from] move: Sleep Powder
|cant|p2a: Murkrow|slp
|
|upkeep
|turn|5
|
|t:|1757690452
|cant|p2a: Murkrow|slp
|move|p1a: Jumpluff|Encore|p2b: Kommo-o
|-start|p2b: Kommo-o|Encore
|move|p1b: Typhlosion|Eruption|p2b: Kommo-o|[spread] p2a,p2b
|-resisted|p2b: Kommo-o
|-damage|p2a: Murkrow|12/100 slp
|-damage|p2b: Kommo-o|68/100
|move|p2b: Kommo-o|Protect||[still]
|-fail|p2b: Kommo-o
|
|upkeep
|turn|6
|-message|Fr3gsy forfeited.
|
|win|DondozoPlease
|l|☆Fr3gsy
|player|p2|
||Fr3gsy is ready for game 2.
