|j|☆splash2ndcousin
|j|☆IkeFAR
|html|splash2ndcousinIkeFAR    
|uhtml|bestof|Game 3 of a best-of-3
|t:|1783876563
|gametype|doubles
|player|p1|splash2ndcousin|lucas|
|player|p2|IkeFAR|steven|
|gen|9
|tier|[Gen 9 Champions] VGC 2026 Reg M-B (Bo3)
|rule|Species Clause: Limit one of each Pokémon
|rule|Item Clause: Limit 1 of each item
|clearpoke
|poke|p1|Gengar, L50, F, shiny|
|poke|p1|Swampert, L50, F, shiny|
|poke|p1|Incineroar, L50, F|
|poke|p1|Politoed, L50, M|
|poke|p1|Archaludon, L50, F, shiny|
|poke|p1|Vivillon-Garden, L50, M|
|poke|p2|Floette-Eternal, L50, F|
|poke|p2|Charizard, L50, F|
|poke|p2|Kingambit, L50, F|
|poke|p2|Whimsicott, L50, F|
|poke|p2|Basculegion, L50, M|
|poke|p2|Garchomp, L50, M|
|teampreview|4
|showteam|p1|Gengar||Gengarite|CursedBody|ShadowBall,PerishSong,SludgeBomb,Protect|Timid||F|||50|]Swampert||Swampertite|Damp|WaveCrash,Earthquake,IcePunch,Protect|Adamant||F|||50|]Incineroar||PasshoBerry|Intimidate|ThroatChop,PartingShot,FakeOut,Protect|Sassy||F|||50|]Politoed||SitrusBerry|Drizzle|WeatherBall,PerishSong,Encore,Protect|Calm||M|||50|]Archaludon||Leftovers|Stamina|DragonPulse,FlashCannon,ElectroShot,Protect|Bold||F|||50|]Vivillon-Garden||FocusSash|CompoundEyes|Hurricane,SleepPowder,RagePowder,Protect|Timid||M|||50|
|showteam|p2|Floette-Eternal||Floettite|FlowerVeil|LightofRuin,Moonblast,DazzlingGleam,Protect|Timid||F|||50|]Charizard||CharizarditeY|Blaze|SolarBeam,HeatWave,WeatherBall,Protect|Timid||F|||50|]Kingambit||BlackGlasses|Defiant|IronHead,Protect,KowtowCleave,SuckerPunch|Adamant||F|||50|]Whimsicott||FocusSash|Prankster|Moonblast,Tailwind,Encore,Protect|Timid||F|||50|]Basculegion||MysticWater|Adaptability|WaveCrash,Protect,LastRespects,AquaJet|Adamant||M|||50|]Garchomp||LifeOrb|RoughSkin|Earthquake,RockSlide,Protect,DragonClaw|Jolly||M|||50|
|j| FlubberMane
|c|☆IkeFAR|gr
|j| FBISurveillanceMan
|
|t:|1783876616
|teamsize|p1|4
|teamsize|p2|4
|start
|switch|p1a: Vivillon|Vivillon-Garden, L50, M|100/100
|switch|p1b: Gengar|Gengar, L50, F, shiny|100/100
|switch|p2a: Charizard|Charizard, L50, F|100/100
|switch|p2b: Whimsicott|Whimsicott, L50, F|100/100
|turn|1
|
|t:|1783876631
|detailschange|p2a: Charizard|Charizard-Mega-Y, L50, F
|-mega|p2a: Charizard|Charizard|Charizardite Y
|-weather|SunnyDay|[from] ability: Drought|[of] p2a: Charizard
|detailschange|p1b: Gengar|Gengar-Mega, L50, F, shiny
|-mega|p1b: Gengar|Gengar|Gengarite
|move|p2b: Whimsicott|Moonblast|p1a: Vivillon
|-damage|p1a: Vivillon|31/100
|move|p1b: Gengar|Perish Song|p1b: Gengar
|-start|p1a: Vivillon|perish3|[silent]
|-start|p1b: Gengar|perish3|[silent]
|-start|p2a: Charizard|perish3|[silent]
|-start|p2b: Whimsicott|perish3|[silent]
|-fieldactivate|move: Perish Song
|move|p2a: Charizard|Heat Wave|p1a: Vivillon|[spread] p1a,p1b
|-supereffective|p1a: Vivillon|1
|-damage|p1a: Vivillon|0 fnt
|-damage|p1b: Gengar|33/100
|faint|p1a: Vivillon
|
|-weather|SunnyDay|[upkeep]
|-start|p2b: Whimsicott|perish3
|-start|p1b: Gengar|perish3
|-start|p2a: Charizard|perish3
|upkeep
|
|t:|1783876642
|switch|p1a: Politoed|Politoed, L50, M|100/100
|-weather|RainDance|[from] ability: Drizzle|[of] p1a: Politoed
|turn|2
|
|t:|1783876668
|move|p1b: Gengar|Protect|p1b: Gengar
|-singleturn|p1b: Gengar|Protect
|move|p2a: Charizard|Protect|p2a: Charizard
|-singleturn|p2a: Charizard|Protect
|move|p2b: Whimsicott|Tailwind|p2b: Whimsicott
|-sidestart|p2: IkeFAR|move: Tailwind
|move|p1a: Politoed|Weather Ball|p2a: Charizard
|-activate|p2a: Charizard|move: Protect
|
|-weather|RainDance|[upkeep]
|-start|p2b: Whimsicott|perish2
|-start|p2a: Charizard|perish2
|-start|p1b: Gengar|perish2
|upkeep
|turn|3
|
|t:|1783876691
|switch|p1b: Archaludon|Archaludon, L50, F, shiny|100/100
|move|p2b: Whimsicott|Moonblast|p1b: Archaludon
|-damage|p1b: Archaludon|64/100
|-ability|p1b: Archaludon|Stamina|boost
|-boost|p1b: Archaludon|def|1
|move|p2a: Charizard|Weather Ball|p1b: Archaludon
|-resisted|p1b: Archaludon|1
|-crit|p1b: Archaludon
|-damage|p1b: Archaludon|21/100
|-ability|p1b: Archaludon|Stamina|boost
|-boost|p1b: Archaludon|def|1
|move|p1a: Politoed|Weather Ball|p2a: Charizard
|-supereffective|p2a: Charizard|1
|-damage|p2a: Charizard|5/100
|
|-weather|RainDance|[upkeep]
|-heal|p1b: Archaludon|27/100|[from] item: Leftovers
|-start|p2b: Whimsicott|perish1
|-start|p2a: Charizard|perish1
|upkeep
|turn|4
|j| nkgill1101
|
|t:|1783876758
|switch|p2a: Floette|Floette-Eternal, L50, F|100/100
|move|p1b: Archaludon|Protect|p1b: Archaludon
|-singleturn|p1b: Archaludon|Protect
|move|p1a: Politoed|Protect|p1a: Politoed
|-singleturn|p1a: Politoed|Protect
|move|p2b: Whimsicott|Moonblast|p1b: Archaludon
|-activate|p1b: Archaludon|move: Protect
|
|-weather|RainDance|[upkeep]
|-heal|p1b: Archaludon|34/100|[from] item: Leftovers
|-start|p2b: Whimsicott|perish0
|faint|p2b: Whimsicott
|upkeep
|
|t:|1783876766
|switch|p2b: Charizard|Charizard-Mega-Y, L50, F|5/100
|-weather|SunnyDay|[from] ability: Drought|[of] p2b: Charizard
|turn|5
|
|t:|1783876781
|move|p1a: Politoed|Protect|p1a: Politoed
|-singleturn|p1a: Politoed|Protect
|move|p2b: Charizard|Heat Wave|p1b: Archaludon|[spread] p1b
|-activate|p1a: Politoed|move: Protect
|-damage|p1b: Archaludon|0 fnt
|faint|p1b: Archaludon
|move|p2a: Floette|Moonblast|p1a: Politoed
|-activate|p1a: Politoed|move: Protect
|
|-weather|SunnyDay|[upkeep]
|-sideend|p2: IkeFAR|move: Tailwind
|upkeep
|
|t:|1783876787
|switch|p1b: Gengar|Gengar-Mega, L50, F, shiny|33/100
|turn|6
|j| Aox93
|l| Aox93
|l| FlubberMane
|
|t:|1783876829
|move|p1b: Gengar|Sludge Bomb|p2b: Charizard
|-damage|p2b: Charizard|0 fnt
|faint|p2b: Charizard
|move|p2a: Floette|Light of Ruin|p1b: Gengar
|-resisted|p1b: Gengar|1
|-damage|p1b: Gengar|0 fnt
|faint|p1b: Gengar
|-damage|p2a: Floette|81/100|[from] Recoil
|move|p1a: Politoed|Perish Song|p1a: Politoed
|-start|p1a: Politoed|perish3|[silent]
|-start|p2a: Floette|perish3|[silent]
|-fieldactivate|move: Perish Song
|
|-weather|SunnyDay|[upkeep]
|-start|p2a: Floette|perish3
|-start|p1a: Politoed|perish3
|upkeep
|
|t:|1783876836
|switch|p2b: Gabe|Basculegion, L50, M|100/100
|turn|7
|-message|splash2ndcousin forfeited.
|
|win|IkeFAR
|c|☆splash2ndcousin|ggs
|c|☆IkeFAR|gg
|c|☆splash2ndcousin|can't believe i didn't read you were timid zard
|l| nkgill1101
|l|☆splash2ndcousin
|player|p1|
|c|☆IkeFAR|ahhhh yeah i like being quick generally
|l| FBISurveillanceMan
|j|☆splash2ndcousin
|player|p1|splash2ndcousin|lucas|
|c|☆splash2ndcousin|wp anyway
|l|☆splash2ndcousin
|player|p1|
|c|☆IkeFAR|yeah ggwp
|j| FBISurveillanceMan
|l| FBISurveillanceMan
