|j|☆tr2koblin
|j|☆132acb
|html|tr2koblin132acb    
|uhtml|bestof|Game 1 of a best-of-3
|t:|1757669496
|gametype|doubles
|player|p1|tr2koblin|lucas|1090
|player|p2|132acb|nate|1192
|gen|9
|tier|[Gen 9] VGC 2025 Reg H (Bo3)
|rated|
|rule|Species Clause: Limit one of each Pokémon
|rule|Item Clause: Limit 1 of each item
|clearpoke
|poke|p1|Drifblim, L50, F|
|poke|p1|Indeedee, L50, M|
|poke|p1|Decidueye-Hisui, L50, M|
|poke|p1|Gardevoir, L50, F|
|poke|p1|Garchomp, L50, M|
|poke|p1|Corviknight, L50, M|
|poke|p2|Indeedee, L50, M|
|poke|p2|Magmar, L50, F|
|poke|p2|Corviknight, L50, M|
|poke|p2|Sneasler, L50, F|
|poke|p2|Tyranitar, L50, F|
|poke|p2|Excadrill, L50, M|
|teampreview|4
|showteam|p1|Drifblim||PsychicSeed|Unburden|Acrobatics,Tailwind,WillOWisp,DestinyBond|||F|||50|,,,,,Grass]Indeedee||FocusSash|PsychicSurge|ExpandingForce,TeraBlast,Imprison,TrickRoom|||M|||50|,,,,,Ground]Decidueye-Hisui||ScopeLens|Scrappy|Protect,LeafBlade,TripleArrows,Haze|||M|||50|,,,,,Fire]Gardevoir||ChoiceScarf|Telepathy|ExpandingForce,DazzlingGleam,Moonblast,Trick|||F|||50|,,,,,Psychic]Garchomp||LifeOrb|RoughSkin|Protect,Earthquake,StompingTantrum,DragonClaw|||M|||50|,,,,,Ground]Corviknight||LumBerry|MirrorArmor|BraveBird,BodyPress,BulkUp,Roost|||M|||50|,,,,,Dragon
|showteam|p2|Indeedee||ChoiceScarf|PsychicSurge|ExpandingForce,TeraBlast,Trick,Protect|||M|||50|,,,,,Psychic]Magmar||Eviolite|VitalSpirit|HeatWave,FollowMe,HelpingHand,Protect|||F|||50|,,,,,Flying]Corviknight||PsychicSeed|MirrorArmor|BraveBird,PowerTrip,BulkUp,Roost|||M|||50|,,,,,Water]Sneasler||WhiteHerb|Unburden|CloseCombat,DireClaw,FakeOut,Coaching|||F|||50|,,,,,Flying]Tyranitar||AssaultVest|SandStream|RockSlide,KnockOff,LowKick,TeraBlast|||F|||50|,,,,,Flying]Excadrill||FocusSash|SandRush|Earthquake,IronHead,SwordsDance,Protect|||M|||50|,,,,,Ground
|
|t:|1757669588
|teamsize|p1|4
|teamsize|p2|4
|start
|switch|p1a: Stitch|Drifblim, L50, F, shiny|100/100
|switch|p1b: Alfred|Indeedee, L50, M, shiny|100/100
|switch|p2a: Indeedee|Indeedee, L50, M|100/100
|switch|p2b: Magmar|Magmar, L50, F|100/100
|-fieldstart|move: Psychic Terrain|[from] ability: Psychic Surge|[of] p2a: Indeedee
|-enditem|p1a: Stitch|Psychic Seed
|-boost|p1a: Stitch|spd|1|[from] item: Psychic Seed
|turn|1
|
|t:|1757669625
|move|p1a: Stitch|Tailwind|p1a: Stitch
|-sidestart|p1: tr2koblin|move: Tailwind
|move|p1b: Alfred|Imprison|p1b: Alfred
|-start|p1b: Alfred|move: Imprison
|move|p2a: Indeedee|Trick|p1b: Alfred
|-activate|p2a: Indeedee|move: Trick|[of] p1b: Alfred
|-item|p1b: Alfred|Choice Scarf|[from] move: Trick
|-item|p2a: Indeedee|Focus Sash|[from] move: Trick
|move|p2b: Magmar|Heat Wave|p1a: Stitch|[spread] p1a,p1b
|-damage|p1a: Stitch|82/100
|-damage|p1b: Alfred|67/100
|
|upkeep
|turn|2
|
|t:|1757669666
|switch|p2a: Tyranitar|Tyranitar, L50, F|100/100
|-weather|Sandstorm|[from] ability: Sand Stream|[of] p2a: Tyranitar
|move|p1a: Stitch|Acrobatics|p2a: Tyranitar
|-resisted|p2a: Tyranitar
|-damage|p2a: Tyranitar|83/100
|move|p1b: Alfred|Expanding Force|p2b: Magmar|[spread] p2b
|-immune|p2a: Tyranitar
|-damage|p2b: Magmar|58/100
|move|p2b: Magmar|Heat Wave|p1a: Stitch|[spread] p1a,p1b
|-crit|p1b: Alfred
|-damage|p1a: Stitch|62/100
|-damage|p1b: Alfred|12/100
|
|-weather|Sandstorm|[upkeep]
|-damage|p1a: Stitch|56/100|[from] Sandstorm
|-damage|p1b: Alfred|6/100|[from] Sandstorm
|-damage|p2b: Magmar|52/100|[from] Sandstorm
|upkeep
|turn|3
|
|t:|1757669703
|switch|p1b: PCSD|Garchomp, L50, M, shiny|100/100
|move|p2b: Magmar|Protect|p2b: Magmar
|-singleturn|p2b: Magmar|Protect
|move|p1a: Stitch|Will-O-Wisp|p2a: Tyranitar
|-status|p2a: Tyranitar|brn
|move|p2a: Tyranitar|Knock Off|p1b: PCSD
|-damage|p1b: PCSD|74/100
|-damage|p2a: Tyranitar|71/100 brn|[from] ability: Rough Skin|[of] p1b: PCSD
|-enditem|p1b: PCSD|Life Orb|[from] move: Knock Off|[of] p2a: Tyranitar
|
|-weather|Sandstorm|[upkeep]
|-damage|p1a: Stitch|49/100|[from] Sandstorm
|-damage|p2b: Magmar|46/100|[from] Sandstorm
|-damage|p2a: Tyranitar|65/100 brn|[from] brn
|upkeep
|turn|4
|
|t:|1757669788
|move|p1a: Stitch|Acrobatics|p2a: Tyranitar
|-resisted|p2a: Tyranitar
|-damage|p2a: Tyranitar|48/100 brn
|move|p1b: PCSD|Earthquake|p2b: Magmar|[spread] p2a,p2b
|-immune|p1a: Stitch
|-supereffective|p2a: Tyranitar
|-supereffective|p2b: Magmar
|-damage|p2a: Tyranitar|0 fnt
|-damage|p2b: Magmar|0 fnt
|faint|p2a: Tyranitar
|faint|p2b: Magmar
|
|-weather|Sandstorm|[upkeep]
|-damage|p1a: Stitch|43/100|[from] Sandstorm
|-sideend|p1: tr2koblin|move: Tailwind
|upkeep
|
|t:|1757669801
|switch|p2b: Indeedee|Indeedee, L50, M|100/100
|switch|p2a: Corviknight|Corviknight, L50, M|100/100
|-enditem|p2a: Corviknight|Psychic Seed
|-boost|p2a: Corviknight|spd|1|[from] item: Psychic Seed
|turn|5
|
|t:|1757669835
|move|p1a: Stitch|Will-O-Wisp|p2a: Corviknight|[miss]
|-miss|p1a: Stitch|p2a: Corviknight
|move|p1b: PCSD|Stomping Tantrum|p2b: Indeedee
|-damage|p2b: Indeedee|12/100
|move|p2b: Indeedee|Expanding Force|p1b: PCSD|[spread] p1a,p1b
|-damage|p1a: Stitch|0 fnt
|-damage|p1b: PCSD|20/100
|faint|p1a: Stitch
|move|p2a: Corviknight|Bulk Up|p2a: Corviknight
|-boost|p2a: Corviknight|atk|1
|-boost|p2a: Corviknight|def|1
|
|-weather|Sandstorm|[upkeep]
|-damage|p2b: Indeedee|6/100|[from] Sandstorm
|-fieldend|move: Psychic Terrain
|upkeep
|
|t:|1757669845
|switch|p1a: Alfred|Indeedee, L50, M, shiny|6/100
|-fieldstart|move: Psychic Terrain|[from] ability: Psychic Surge|[of] p1a: Alfred
|turn|6
|
|t:|1757669871
|move|p2b: Indeedee|Protect|p2b: Indeedee
|-singleturn|p2b: Indeedee|Protect
|move|p1a: Alfred|Expanding Force|p2a: Corviknight|[spread] p2a
|-activate|p2b: Indeedee|move: Protect
|-resisted|p2a: Corviknight
|-damage|p2a: Corviknight|84/100
|move|p1b: PCSD|Dragon Claw|p2a: Corviknight
|-resisted|p2a: Corviknight
|-damage|p2a: Corviknight|76/100
|move|p2a: Corviknight|Brave Bird|p1b: PCSD
|-damage|p1b: PCSD|0 fnt
|-damage|p2a: Corviknight|63/100|[from] ability: Rough Skin|[of] p1b: PCSD
|faint|p1b: PCSD
|-damage|p2a: Corviknight|58/100|[from] Recoil
|
|-weather|none
|upkeep
|
|t:|1757669884
|switch|p1b: Corviknight|Corviknight, L50, M, shiny|100/100
|turn|7
|
|t:|1757669920
|move|p2b: Indeedee|Protect|p2b: Indeedee
|-singleturn|p2b: Indeedee|Protect
|move|p1a: Alfred|Expanding Force|p2b: Indeedee|[spread] p2a
|-activate|p2b: Indeedee|move: Protect
|-resisted|p2a: Corviknight
|-damage|p2a: Corviknight|43/100
|move|p1b: Corviknight|Bulk Up|p1b: Corviknight
|-boost|p1b: Corviknight|atk|1
|-boost|p1b: Corviknight|def|1
|move|p2a: Corviknight|Roost|p2a: Corviknight
|-heal|p2a: Corviknight|94/100
|-singleturn|p2a: Corviknight|move: Roost
|
|upkeep
|turn|8
|
|t:|1757669938
|move|p2b: Indeedee|Protect||[still]
|-fail|p2b: Indeedee
|move|p1a: Alfred|Expanding Force|p2b: Indeedee|[spread] p2a,p2b
|-resisted|p2a: Corviknight
|-resisted|p2b: Indeedee
|-damage|p2a: Corviknight|78/100
|-damage|p2b: Indeedee|0 fnt
|faint|p2b: Indeedee
|move|p1b: Corviknight|Bulk Up|p1b: Corviknight
|-boost|p1b: Corviknight|atk|1
|-boost|p1b: Corviknight|def|1
|move|p2a: Corviknight|Brave Bird|p1a: Alfred
|-damage|p1a: Alfred|0 fnt
|faint|p1a: Alfred
|-damage|p2a: Corviknight|77/100|[from] Recoil
|
|upkeep
|turn|9
|
|t:|1757669968
|move|p1b: Corviknight|Body Press|p2a: Corviknight
|-damage|p2a: Corviknight|56/100
|move|p2a: Corviknight|Bulk Up|p2a: Corviknight
|-boost|p2a: Corviknight|atk|1
|-boost|p2a: Corviknight|def|1
|
|upkeep
|turn|10
|
|t:|1757669977
|move|p1b: Corviknight|Bulk Up|p1b: Corviknight
|-boost|p1b: Corviknight|atk|1
|-boost|p1b: Corviknight|def|1
|move|p2a: Corviknight|Power Trip|p1b: Corviknight
|-damage|p1b: Corviknight|84/100
|
|-fieldend|move: Psychic Terrain
|upkeep
|turn|11
|
|t:|1757669987
|move|p1b: Corviknight|Bulk Up|p1b: Corviknight
|-boost|p1b: Corviknight|atk|1
|-boost|p1b: Corviknight|def|1
|move|p2a: Corviknight|Bulk Up|p2a: Corviknight
|-boost|p2a: Corviknight|atk|1
|-boost|p2a: Corviknight|def|1
|
|upkeep
|turn|12
|
|t:|1757670007
|move|p1b: Corviknight|Bulk Up|p1b: Corviknight
|-boost|p1b: Corviknight|atk|1
|-boost|p1b: Corviknight|def|1
|move|p2a: Corviknight|Bulk Up|p2a: Corviknight
|-boost|p2a: Corviknight|atk|1
|-boost|p2a: Corviknight|def|1
|
|upkeep
|turn|13
|
|t:|1757670016
|move|p1b: Corviknight|Bulk Up|p1b: Corviknight
|-boost|p1b: Corviknight|atk|1
|-boost|p1b: Corviknight|def|1
|move|p2a: Corviknight|Roost|p2a: Corviknight
|-heal|p2a: Corviknight|100/100
|-singleturn|p2a: Corviknight|move: Roost
|
|upkeep
|turn|14
|
|t:|1757670024
|move|p1b: Corviknight|Body Press|p2a: Corviknight
|-damage|p2a: Corviknight|81/100
|move|p2a: Corviknight|Bulk Up|p2a: Corviknight
|-boost|p2a: Corviknight|atk|1
|-boost|p2a: Corviknight|def|1
|
|upkeep
|turn|15
|
|t:|1757670032
|move|p1b: Corviknight|Body Press|p2a: Corviknight
|-damage|p2a: Corviknight|62/100
|move|p2a: Corviknight|Bulk Up|p2a: Corviknight
|-boost|p2a: Corviknight|atk|1
|-boost|p2a: Corviknight|def|1
|
|upkeep
|turn|16
|
|t:|1757670040
|move|p1b: Corviknight|Body Press|p2a: Corviknight
|-damage|p2a: Corviknight|48/100
|move|p2a: Corviknight|Power Trip|p1b: Corviknight
|-damage|p1b: Corviknight|40/100
|
|upkeep
|turn|17
|-message|tr2koblin forfeited.
|
|win|132acb
