|j|☆Morpekinho
|j|☆lox1sm
|html|Morpekinholox1sm    
|uhtml|bestof|Game 2 of a best-of-3
|t:|1783074570
|gametype|doubles
|player|p1|Morpekinho|hilbert|1370
|player|p2|lox1sm|veteran|1289
|gen|9
|tier|[Gen 9 Champions] VGC 2026 Reg M-B (Bo3)
|rated|
|rule|Species Clause: Limit one of each Pokémon
|rule|Item Clause: Limit 1 of each item
|clearpoke
|poke|p1|Farigiraf, L50, F|
|poke|p1|Kingambit, L50, M, shiny|
|poke|p1|Sylveon, L50, F, shiny|
|poke|p1|Camerupt, L50, M, shiny|
|poke|p1|Vivillon, L50, M|
|poke|p1|Venusaur, L50, M|
|poke|p2|Charizard, L50, F|
|poke|p2|Aerodactyl, L50, F|
|poke|p2|Garchomp, L50, F|
|poke|p2|Kingambit, L50, M|
|poke|p2|Farigiraf, L50, M|
|poke|p2|Primarina, L50, M|
|teampreview|4
|showteam|p1|Farigiraf||SitrusBerry|ArmorTail|Protect,PsychicFangs,TrickRoom,Thunderbolt|Relaxed||F|||50|]Kingambit||BlackGlasses|Defiant|Protect,SuckerPunch,SwordsDance,KowtowCleave|Adamant||M|||50|]Sylveon||LifeOrb|Pixilate|Detect,HyperVoice,HyperBeam,QuickAttack|Quiet||F|||50|]Camerupt||Cameruptite|SolidRock|Protect,HeatWave,AncientPower,EarthPower|Quiet||M|||50|]Vivillon||FocusSash|CompoundEyes|Protect,SleepPowder,RagePowder,Hurricane|Serious||M|||50|]Venusaur||Venusaurite|Chlorophyll|Protect,SludgeBomb,EarthPower,EnergyBall|Modest||M|||50|
|showteam|p2|Charizard||CharizarditeY|Blaze|HeatWave,WeatherBall,SolarBeam,Protect|Modest||F|||50|]Aerodactyl||Aerodactylite|RockHead|RockSlide,IceFang,Tailwind,Protect|Jolly||F|||50|]Garchomp||LifeOrb|RoughSkin|DragonClaw,Earthquake,RockSlide,Protect|Jolly||F|||50|]Kingambit||FocusSash|Defiant|KowtowCleave,SuckerPunch,IronHead,LowKick|Adamant||M|||50|]Farigiraf||ExpertBelt|ArmorTail|Psychic,DazzlingGleam,Thunderbolt,TrickRoom|Modest||M|||50|]Primarina||MysticWater|LiquidVoice|HyperVoice,Moonblast,Haze,Protect|Modest||M|||50|
|inactive|Battle timer is ON: inactive players will automatically lose when time's up. (requested by lox1sm)
|
|t:|1783074598
|teamsize|p1|4
|teamsize|p2|4
|start
|switch|p1a: Vivillon|Vivillon, L50, M|100/100
|switch|p1b: Farigiraf|Farigiraf, L50, F|100/100
|switch|p2a: Aerodactyl|Aerodactyl, L50, F|100/100
|switch|p2b: Charizard|Charizard, L50, F|100/100
|turn|1
|inactive|lox1sm has 30 seconds left.
|inactive|lox1sm has 20 seconds left.
|inactive|lox1sm has 15 seconds left.
|inactive|lox1sm has 10 seconds left.
|
|t:|1783074647
|move|p2b: Charizard|Protect|p2b: Charizard
|-singleturn|p2b: Charizard|Protect
|move|p2a: Aerodactyl|Rock Slide|p1b: Farigiraf|[spread] p1a,p1b
|-supereffective|p1a: Vivillon|2
|-enditem|p1a: Vivillon|Focus Sash
|-damage|p1a: Vivillon|1/100
|-damage|p1b: Farigiraf|81/100
|move|p1a: Vivillon|Sleep Powder|p2b: Charizard
|-activate|p2b: Charizard|move: Protect
|move|p1b: Farigiraf|Trick Room|p1b: Farigiraf
|-fieldstart|move: Trick Room|[of] p1b: Farigiraf
|
|upkeep
|turn|2
|inactive|lox1sm has 30 seconds left.
|inactive|lox1sm has 20 seconds left.
|
|t:|1783074687
|switch|p2a: Garchomp|Garchomp, L50, F|100/100
|detailschange|p2b: Charizard|Charizard-Mega-Y, L50, F
|-mega|p2b: Charizard|Charizard|Charizardite Y
|-weather|SunnyDay|[from] ability: Drought|[of] p2b: Charizard
|move|p1b: Farigiraf|Thunderbolt|p2a: Garchomp
|-immune|p2a: Garchomp
|move|p2b: Charizard|Heat Wave|p1a: Vivillon|[spread] p1a,p1b
|-supereffective|p1a: Vivillon|1
|-damage|p1a: Vivillon|0 fnt
|-damage|p1b: Farigiraf|20/100r
|-enditem|p1b: Farigiraf|Sitrus Berry|[eat]
|-heal|p1b: Farigiraf|45/100|[from] item: Sitrus Berry
|faint|p1a: Vivillon
|
|-weather|SunnyDay|[upkeep]
|upkeep
|
|t:|1783074699
|switch|p1a: Sylveon|Sylveon, L50, F, shiny|100/100
|turn|3
|
|t:|1783074708
|switch|p1b: Camerupt|Camerupt, L50, M, shiny|100/100
|move|p2a: Garchomp|Protect|p2a: Garchomp
|-singleturn|p2a: Garchomp|Protect
|move|p1a: Sylveon|Hyper Voice|p2b: Charizard|[spread] p2b
|-activate|p2a: Garchomp|move: Protect
|-resisted|p2b: Charizard|1
|-crit|p2b: Charizard
|-damage|p2b: Charizard|64/100
|-damage|p1a: Sylveon|90/100|[from] item: Life Orb
|move|p2b: Charizard|Weather Ball|p1a: Sylveon
|-damage|p1a: Sylveon|23/100
|
|-weather|SunnyDay|[upkeep]
|upkeep
|turn|4
|
|t:|1783074731
|switch|p2a: Aerodactyl|Aerodactyl, L50, F|100/100
|detailschange|p1b: Camerupt|Camerupt-Mega, L50, M, shiny
|-mega|p1b: Camerupt|Camerupt|Cameruptite
|move|p2b: Charizard|Protect|p2b: Charizard
|-singleturn|p2b: Charizard|Protect
|move|p1b: Camerupt|Heat Wave|p2b: Charizard|[spread] p2a
|-activate|p2b: Charizard|move: Protect
|-resisted|p2a: Aerodactyl|1
|-damage|p2a: Aerodactyl|36/100
|move|p1a: Sylveon|Hyper Voice|p2b: Charizard|[spread] p2a
|-activate|p2b: Charizard|move: Protect
|-damage|p2a: Aerodactyl|0 fnt
|faint|p2a: Aerodactyl
|-damage|p1a: Sylveon|14/100|[from] item: Life Orb
|
|-weather|SunnyDay|[upkeep]
|upkeep
|
|t:|1783074755
|switch|p2a: Kingambit|Kingambit, L50, M|100/100
|turn|5
|inactive|lox1sm has 30 seconds left.
|
|t:|1783074789
|switch|p2b: Garchomp|Garchomp, L50, F|100/100
|move|p1a: Sylveon|Quick Attack|p2a: Kingambit
|-damage|p2a: Kingambit|85/100
|-damage|p1a: Sylveon|4/100|[from] item: Life Orb
|move|p2a: Kingambit|Sucker Punch||[still]
|-fail|p2a: Kingambit
|move|p1b: Camerupt|Heat Wave|p2b: Garchomp|[spread] p2a,p2b
|-supereffective|p2a: Kingambit|1
|-resisted|p2b: Garchomp|1
|-damage|p2a: Kingambit|0 fnt
|-damage|p2b: Garchomp|55/100
|faint|p2a: Kingambit
|
|-weather|SunnyDay|[upkeep]
|-fieldend|move: Trick Room
|upkeep
|
|t:|1783074800
|switch|p2a: Charizard|Charizard-Mega-Y, L50, F|64/100
|turn|6
|inactive|Morpekinho has 30 seconds left.
|inactive|Morpekinho has 20 seconds left.
|inactive|Morpekinho has 15 seconds left.
|
|t:|1783074843
|move|p1a: Sylveon|Detect|p1a: Sylveon
|-singleturn|p1a: Sylveon|Protect
|move|p2b: Garchomp|Earthquake|p1b: Camerupt|[spread] p1b
|-activate|p1a: Sylveon|move: Protect
|-immune|p2a: Charizard
|-supereffective|p1b: Camerupt|1
|-damage|p1b: Camerupt|6/100
|-damage|p2b: Garchomp|45/100|[from] item: Life Orb
|move|p2a: Charizard|Weather Ball|p1b: Camerupt
|-resisted|p1b: Camerupt|1
|-damage|p1b: Camerupt|0 fnt
|faint|p1b: Camerupt
|
|-weather|none
|upkeep
|
|t:|1783074855
|switch|p1b: Farigiraf|Farigiraf, L50, F|45/100
|turn|7
|
|t:|1783074863
|move|p1a: Sylveon|Quick Attack|p2b: Garchomp
|-supereffective|p2b: Garchomp|1
|-damage|p2b: Garchomp|15/100
|-damage|p1a: Sylveon|0 fnt|[from] ability: Rough Skin|[of] p2b: Garchomp
|faint|p1a: Sylveon
|move|p2b: Garchomp|Earthquake|p1b: Farigiraf|[spread] p1b
|-immune|p2a: Charizard
|-damage|p1b: Farigiraf|5/100
|-damage|p2b: Garchomp|5/100|[from] item: Life Orb
|move|p2a: Charizard|Heat Wave|p1b: Farigiraf
|-damage|p1b: Farigiraf|0 fnt
|faint|p1b: Farigiraf
|
|win|lox1sm
|raw|Morpekinho's rating: 1370 → 1345(-25 for losing)
|raw|lox1sm's rating: 1289 → 1320(+31 for winning)
