|j|☆Napo777
|j|☆dingo brad
|html|Napo777dingo brad    
|uhtml|bestof|Game 3 of a best-of-3
|t:|1785855404
|gametype|doubles
|player|p1|Napo777|nurse|
|player|p2|dingo brad|veteran|
|gen|9
|tier|[Gen 9 Champions] VGC 2026 Reg M-B (Bo3)
|rule|Species Clause: Limit one of each Pokémon
|rule|Item Clause: Limit 1 of each item
|clearpoke
|poke|p1|Raichu, L50, F|
|poke|p1|Primarina, L50, F|
|poke|p1|Gholdengo, L50|
|poke|p1|Meowscarada, L50, M|
|poke|p1|Staraptor, L50, F|
|poke|p1|Whimsicott, L50, F|
|poke|p2|Incineroar, L50, F|
|poke|p2|Kingambit, L50, F|
|poke|p2|Sinistcha, L50|
|poke|p2|Sneasler, L50, F|
|poke|p2|Blastoise, L50, M|
|poke|p2|Delphox, L50, F|
|teampreview|4
|showteam|p1|Raichu||RaichuniteY|LightningRod|FakeOut,ZapCannon,FocusBlast,Protect|Timid||F|||50|]Primarina||SitrusBerry|LiquidVoice|HyperVoice,CalmMind,DazzlingGleam,Protect|Modest||F|||50|]Gholdengo||FocusSash|GoodasGold|ShadowBall,PowerGem,MakeItRain,NastyPlot|Timid|||||50|]Meowscarada||LifeOrb|Overgrow|FlowerTrick,LowKick,SuckerPunch,Protect|Adamant||M|||50|]Staraptor||Staraptite|Intimidate|BraveBird,CloseCombat,Roost,Protect|Jolly||F|||50|]Whimsicott||OccaBerry|Prankster|Encore,Charm,Tailwind,Moonblast|Timid||F|||50|
|showteam|p2|Incineroar||SitrusBerry|Intimidate|FlareBlitz,ThroatChop,FakeOut,PartingShot|Impish||F|||50|]Kingambit||LifeOrb|Defiant|Protect,KowtowCleave,SwordsDance,SuckerPunch|Adamant||F|||50|]Sinistcha||OccaBerry|Hospitality|Protect,MatchaGotcha,RagePowder,TrickRoom|Bold|||||50|]Sneasler||FocusSash|PoisonTouch|PoisonJab,CloseCombat,FakeOut,QuickGuard|Jolly||F|||50|]Blastoise||Blastoisinite|RainDish|Protect,Waterfall,DarkPulse,ShellSmash|Modest||M|||50|]Delphox||Delphoxite|Blaze|Protect,HeatWave,Psychic,NastyPlot|Timid||F|||50|
|j| a9106174
|j| otenkoz
|
|t:|1785855535
|teamsize|p1|4
|teamsize|p2|4
|start
|switch|p1a: Raichu|Raichu, L50, F|100/100
|switch|p1b: Primarina|Primarina, L50, F|100/100
|switch|p2a: Sinistcha|Sinistcha, L50|100/100
|switch|p2b: Kingambit|Kingambit, L50, F|100/100
|turn|1
|j| slaking-champions
|
|t:|1785855591
|move|p2b: Kingambit|Protect|p2b: Kingambit
|-singleturn|p2b: Kingambit|Protect
|move|p1a: Raichu|Fake Out|p2b: Kingambit
|-activate|p2b: Kingambit|move: Protect
|move|p1b: Primarina|Calm Mind|p1b: Primarina
|-boost|p1b: Primarina|spa|1
|-boost|p1b: Primarina|spd|1
|move|p2a: Sinistcha|Trick Room|p2a: Sinistcha
|-fieldstart|move: Trick Room|[of] p2a: Sinistcha
|
|upkeep
|turn|2
|
|t:|1785855623
|detailschange|p1a: Raichu|Raichu-Mega-Y, L50, F
|-mega|p1a: Raichu|Raichu|Raichunite Y
|move|p1a: Raichu|Protect|p1a: Raichu
|-singleturn|p1a: Raichu|Protect
|move|p2b: Kingambit|Kowtow Cleave|p1a: Raichu
|-activate|p1a: Raichu|move: Protect
|move|p2a: Sinistcha|Matcha Gotcha|p1a: Raichu|[spread] p1b
|-activate|p1a: Raichu|move: Protect
|-supereffective|p1b: Primarina|1
|-damage|p1b: Primarina|67/100
|move|p1b: Primarina|Dazzling Gleam|p2a: Sinistcha|[spread] p2a,p2b
|-damage|p2a: Sinistcha|51/100
|-damage|p2b: Kingambit|62/100
|
|upkeep
|turn|3
|
|t:|1785855669
|switch|p1a: Gholdengo|Gholdengo, L50|100/100
|move|p2b: Kingambit|Kowtow Cleave|p1a: Gholdengo
|-supereffective|p1a: Gholdengo|1
|-enditem|p1a: Gholdengo|Focus Sash
|-damage|p1a: Gholdengo|1/100
|-damage|p2b: Kingambit|52/100|[from] item: Life Orb
|move|p2a: Sinistcha|Matcha Gotcha|p1b: Primarina|[spread] p1a,p1b
|-resisted|p1a: Gholdengo|1
|-supereffective|p1b: Primarina|1
|-damage|p1a: Gholdengo|0 fnt
|-heal|p2a: Sinistcha|51/100|[from] drain|[of] p1a: Gholdengo
|-damage|p1b: Primarina|34/100
|-heal|p2a: Sinistcha|66/100|[from] drain|[of] p1b: Primarina
|-enditem|p1b: Primarina|Sitrus Berry|[eat]
|-heal|p1b: Primarina|59/100|[from] item: Sitrus Berry
|faint|p1a: Gholdengo
|move|p1b: Primarina|Dazzling Gleam|p2a: Sinistcha|[spread] p2a,p2b
|-damage|p2a: Sinistcha|17/100
|-damage|p2b: Kingambit|17/100
|
|upkeep
|
|t:|1785855684
|switch|p1a: Raichu|Raichu-Mega-Y, L50, F|100/100
|turn|4
|
|t:|1785855750
|move|p2b: Kingambit|Protect|p2b: Kingambit
|-singleturn|p2b: Kingambit|Protect
|move|p1a: Raichu|Fake Out|p2b: Kingambit
|-activate|p2b: Kingambit|move: Protect
|move|p2a: Sinistcha|Matcha Gotcha|p1a: Raichu|[spread] p1a
|-miss|p2a: Sinistcha|p1b: Primarina
|-damage|p1a: Raichu|68/100
|-heal|p2a: Sinistcha|32/100|[from] drain|[of] p1a: Raichu
|move|p1b: Primarina|Dazzling Gleam|p2b: Kingambit|[spread] p2a
|-activate|p2b: Kingambit|move: Protect
|-damage|p2a: Sinistcha|0 fnt
|faint|p2a: Sinistcha
|
|upkeep
|
|t:|1785855764
|switch|p2a: Sneasler|Sneasler, L50, F|100/100
|turn|5
|
|t:|1785855795
|move|p2a: Sneasler|Fake Out|p1b: Primarina
|-damage|p1b: Primarina|44/100
|move|p2b: Kingambit|Kowtow Cleave|p1a: Raichu
|-damage|p1a: Raichu|0 fnt
|faint|p1a: Raichu
|-damage|p2b: Kingambit|8/100|[from] item: Life Orb
|cant|p1b: Primarina|flinch
|
|-fieldend|move: Trick Room
|upkeep
|
|t:|1785855805
|switch|p1a: Meowscarada|Meowscarada, L50, M|100/100
|turn|6
|
|t:|1785855828
|move|p1a: Meowscarada|Sucker Punch|p2a: Sneasler
|-resisted|p2a: Sneasler|1
|-damage|p2a: Sneasler|62/100
|-damage|p1a: Meowscarada|90/100|[from] item: Life Orb
|move|p2b: Kingambit|Sucker Punch||[still]
|-fail|p2b: Kingambit
|move|p2a: Sneasler|Poison Jab|p1b: Primarina
|-supereffective|p1b: Primarina|1
|-damage|p1b: Primarina|0 fnt
|faint|p1b: Primarina
|
|upkeep
|turn|7
|
|t:|1785855845
|move|p2a: Sneasler|Close Combat|p1a: Meowscarada
|-supereffective|p1a: Meowscarada|1
|-damage|p1a: Meowscarada|0 fnt
|-unboost|p2a: Sneasler|def|1
|-unboost|p2a: Sneasler|spd|1
|faint|p1a: Meowscarada
|
|win|dingo brad
|c|☆dingo brad|謝謝指教
|j| red821106
