|j|☆darthmorton
|j|☆BeckVGC
|html|darthmortonBeckVGC    
|uhtml|bestof|Game 1 of a best-of-3
|t:|1782757952
|gametype|doubles
|player|p1|darthmorton|dragontamer|1105
|player|p2|BeckVGC|roughneck-gen4|1091
|gen|9
|tier|[Gen 9 Champions] VGC 2026 Reg M-B (Bo3)
|rated|
|rule|Species Clause: Limit one of each Pokémon
|rule|Item Clause: Limit 1 of each item
|clearpoke
|poke|p1|Sneasler, L50, M|
|poke|p1|Sinistcha, L50|
|poke|p1|Incineroar, L50, F|
|poke|p1|Charizard, L50, F|
|poke|p1|Floette-Eternal, L50, F|
|poke|p1|Kingambit, L50, M|
|poke|p2|Sceptile, L50, F|
|poke|p2|Rotom-Heat, L50|
|poke|p2|Aerodactyl, L50, F|
|poke|p2|Basculegion, L50, M|
|poke|p2|Kingambit, L50, F|
|poke|p2|Clefable, L50, M|
|teampreview|4
|showteam|p1|Sneasler||FocusSash|PoisonTouch|FakeOut,GunkShot,CloseCombat,Coaching|Jolly||M|||50|]Sinistcha||SitrusBerry|Hospitality|MatchaGotcha,RagePowder,TrickRoom,Protect|Bold|||||50|]Incineroar||ChopleBerry|Intimidate|FlareBlitz,HelpingHand,PartingShot,FakeOut|Impish||F|||50|]Charizard||CharizarditeX|Blaze|FlareBlitz,DragonClaw,DragonDance,Protect|Adamant||F|||50|]Floette-Eternal||Floettite|FlowerVeil|Moonblast,CalmMind,DazzlingGleam,Protect|Modest||F|||50|]Kingambit||BlackGlasses|Defiant|KowtowCleave,SuckerPunch,SwordsDance,Protect|Adamant||M|||50|
|showteam|p2|Sceptile||Sceptilite|Overgrow|EnergyBall,DragonPulse,EarthPower,Protect|Timid||F|||50|]Rotom-Heat||ChoiceScarf|Levitate|Overheat,VoltSwitch,Discharge,Trick|Timid|||||50|]Aerodactyl||FocusSash|Unnerve|RockSlide,DualWingbeat,Tailwind,Protect|Jolly||F|||50|]Basculegion||LifeOrb|Adaptability|WaveCrash,LastRespects,AquaJet,Protect|Adamant||M|||50|]Kingambit||ChopleBerry|Defiant|KowtowCleave,IronHead,SuckerPunch,LowKick|Adamant||F|||50|]Clefable||SitrusBerry|Unaware|Moonblast,HelpingHand,FollowMe,Protect|Bold||M|||50|
|inactive|Battle timer is ON: inactive players will automatically lose when time's up. (requested by BeckVGC)
|inactive|darthmorton also wants the timer to be on.
|inactive|darthmorton has 60 seconds left.
|inactive|BeckVGC has 60 seconds left.
|
|t:|1782757990
|teamsize|p1|4
|teamsize|p2|4
|start
|switch|p1a: Sneasler|Sneasler, L50, M|100/100
|switch|p1b: Floette|Floette-Eternal, L50, F|100/100
|switch|p2a: Kingambit|Kingambit, L50, F|100/100
|switch|p2b: Aerodactyl|Aerodactyl, L50, F|100/100
|-ability|p2b: Aerodactyl|Unnerve
|turn|1
|
|t:|1782758009
|detailschange|p1b: Floette|Floette-Mega, L50, F
|-mega|p1b: Floette|Floette|Floettite
|-ability|p1b: Floette|Fairy Aura
|move|p1a: Sneasler|Fake Out|p2a: Kingambit
|-resisted|p2a: Kingambit|1
|-damage|p2a: Kingambit|94/100
|move|p2b: Aerodactyl|Tailwind|p2b: Aerodactyl
|-sidestart|p2: BeckVGC|move: Tailwind
|cant|p2a: Kingambit|flinch
|move|p1b: Floette|Dazzling Gleam|p2a: Kingambit|[spread] p2a,p2b
|-damage|p2a: Kingambit|46/100
|-damage|p2b: Aerodactyl|29/100
|
|upkeep
|turn|2
|inactive|darthmorton has 30 seconds left.
|
|t:|1782758039
|switch|p1b: Incineroar|Incineroar, L50, F|100/100
|-ability|p1b: Incineroar|Intimidate|boost
|-unboost|p2a: Kingambit|atk|1
|-ability|p2a: Kingambit|Defiant|boost
|-boost|p2a: Kingambit|atk|2
|-unboost|p2b: Aerodactyl|atk|1
|move|p2b: Aerodactyl|Dual Wingbeat|p1a: Sneasler
|-supereffective|p1a: Sneasler|1
|-damage|p1a: Sneasler|56/100
|-supereffective|p1a: Sneasler|1
|-damage|p1a: Sneasler|12/100
|-hitcount|p1a: Sneasler|2
|move|p1a: Sneasler|Close Combat|p2a: Kingambit
|-supereffective|p2a: Kingambit|2
|-enditem|p2a: Kingambit|Chople Berry|[eat]
|-enditem|p2a: Kingambit|Chople Berry|[weaken]
|-damage|p2a: Kingambit|0 fnt
|-unboost|p1a: Sneasler|def|1
|-unboost|p1a: Sneasler|spd|1
|faint|p2a: Kingambit
|
|upkeep
|
|t:|1782758058
|switch|p2a: Rotom|Rotom-Heat, L50|100/100
|turn|3
|
|t:|1782758077
|move|p2a: Rotom|Volt Switch|p1a: Sneasler
|-damage|p1a: Sneasler|0 fnt
|faint|p1a: Sneasler
|
|t:|1782758085
|switch|p2a: Sceptile|Sceptile, L50, F|100/100|[from] Volt Switch
|move|p2b: Aerodactyl|Rock Slide|p1b: Incineroar
|-supereffective|p1b: Incineroar|1
|-damage|p1b: Incineroar|63/100
|move|p1b: Incineroar|Parting Shot|p2a: Sceptile
|-unboost|p2a: Sceptile|atk|1
|-unboost|p2a: Sceptile|spa|1
|
|t:|1782758094
|switch|p1b: Floette|Floette-Mega, L50, F|100/100|[from] Parting Shot
|-ability|p1b: Floette|Fairy Aura
|
|upkeep
|
|t:|1782758095
|switch|p1a: Incineroar|Incineroar, L50, F|63/100
|-ability|p1a: Incineroar|Intimidate|boost
|-unboost|p2a: Sceptile|atk|1
|-unboost|p2b: Aerodactyl|atk|1
|turn|4
|
|t:|1782758101
|switch|p2a: Rotom|Rotom-Heat, L50|100/100
|move|p2b: Aerodactyl|Protect|p2b: Aerodactyl
|-singleturn|p2b: Aerodactyl|Protect
|move|p1a: Incineroar|Fake Out|p2b: Aerodactyl
|-activate|p2b: Aerodactyl|move: Protect
|move|p1b: Floette|Calm Mind|p1b: Floette
|-boost|p1b: Floette|spa|1
|-boost|p1b: Floette|spd|1
|
|-sideend|p2: BeckVGC|move: Tailwind
|upkeep
|turn|5
|
|t:|1782758117
|move|p2a: Rotom|Discharge|p1b: Floette|[spread] p2b,p1a,p1b
|-supereffective|p2b: Aerodactyl|1
|-damage|p2b: Aerodactyl|0 fnt
|-damage|p1a: Incineroar|40/100
|-damage|p1b: Floette|84/100
|-status|p1a: Incineroar|par
|faint|p2b: Aerodactyl
|move|p1b: Floette|Dazzling Gleam|p2a: Rotom
|-resisted|p2a: Rotom|1
|-damage|p2a: Rotom|39/100
|move|p1a: Incineroar|Parting Shot|p2a: Rotom
|-unboost|p2a: Rotom|atk|1
|-unboost|p2a: Rotom|spa|1
|
|t:|1782758124
|switch|p1a: Sinistcha|Sinistcha, L50|100/100|[from] Parting Shot
|-heal|p1b: Floette|100/100|[from] ability: Hospitality|[of] p1a: Sinistcha
|
|upkeep
|
|t:|1782758134
|switch|p2b: Sceptile|Sceptile, L50, F|100/100
|turn|6
|
|t:|1782758140
|detailschange|p2b: Sceptile|Sceptile-Mega, L50, F
|-mega|p2b: Sceptile|Sceptile|Sceptilite
|move|p1b: Floette|Protect|p1b: Floette
|-singleturn|p1b: Floette|Protect
|move|p2a: Rotom|Discharge|p1a: Sinistcha|[spread] p1a
|-activate|p1b: Floette|move: Protect
|-ability|p2b: Sceptile|Lightning Rod|boost
|-boost|p2b: Sceptile|spa|1
|-resisted|p1a: Sinistcha|1
|-damage|p1a: Sinistcha|89/100
|-status|p1a: Sinistcha|par
|move|p2b: Sceptile|Energy Ball|p1b: Floette
|-activate|p1b: Floette|move: Protect
|cant|p1a: Sinistcha|par
|
|upkeep
|turn|7
|inactive|darthmorton has 30 seconds left.
|
|t:|1782758165
|move|p2a: Rotom|Discharge|p1b: Floette|[spread] p1a,p1b
|-ability|p2b: Sceptile|Lightning Rod|boost
|-boost|p2b: Sceptile|spa|1
|-resisted|p1a: Sinistcha|1
|-damage|p1a: Sinistcha|79/100 par
|-damage|p1b: Floette|89/100
|move|p2b: Sceptile|Energy Ball|p1b: Floette
|-damage|p1b: Floette|30/100
|move|p1b: Floette|Dazzling Gleam|p2a: Rotom|[spread] p2a,p2b
|-resisted|p2a: Rotom|1
|-supereffective|p2b: Sceptile|1
|-damage|p2a: Rotom|0 fnt
|-damage|p2b: Sceptile|0 fnt
|faint|p2a: Rotom
|faint|p2b: Sceptile
|
|win|darthmorton
