|j|☆trytrysee
|j|☆rushinhoward
|html|trytryseerushinhoward    
|uhtml|bestof|Game 3 of a best-of-3
|t:|1786119663
|gametype|doubles
|player|p1|trytrysee|169|
|player|p2|rushinhoward|266|
|gen|9
|tier|[Gen 9 Champions] VGC 2026 Reg M-B (Bo3)
|rule|Species Clause: Limit one of each Pokémon
|rule|Item Clause: Limit 1 of each item
|clearpoke
|poke|p1|Staraptor, L50, F|
|poke|p1|Slowking-Galar, L50, F|
|poke|p1|Drampa, L50, F|
|poke|p1|Whimsicott, L50, F|
|poke|p1|Gholdengo, L50|
|poke|p1|Primarina, L50, M|
|poke|p2|Froslass, L50, F|
|poke|p2|Scovillain, L50, M, shiny|
|poke|p2|Basculegion, L50, M|
|poke|p2|Kingambit, L50, M|
|poke|p2|Sneasler, L50, M|
|poke|p2|Lycanroc-Dusk, L50, F|
|teampreview|4
|showteam|p1|Staraptor||Staraptite|Intimidate|CloseCombat,DualWingbeat,Protect,Roost|Adamant||F|||50|]Slowking-Galar||MentalHerb|Regenerator|TrickRoom,Psychic,SludgeBomb,HealPulse|Relaxed||F|||50|]Drampa||Leftovers|CloudNine|EnergyBall,Thunderbolt,HyperVoice,EarthPower|Quiet||F|||50|]Whimsicott||FocusSash|Prankster|Moonblast,Encore,Tailwind,TrickRoom|Modest||F|||50|]Gholdengo||LifeOrb|GoodasGold|MakeItRain,ShadowBall,PowerGem,Protect|Modest|||||50|]Primarina||SitrusBerry|LiquidVoice|HyperVoice,Moonblast,AquaJet,Protect|Quiet||M|||50|
|showteam|p2|Froslass||Froslassite|CursedBody|Blizzard,ShadowBall,AuroraVeil,Protect|Modest||F|||50|]Scovillain||Scovillainite|Moody|GigaDrain,Overheat,RagePowder,Protect|Bold||M|||50|]Basculegion||SitrusBerry|Adaptability|WaveCrash,LastRespects,AquaJet,Protect|Adamant||M|||50|]Kingambit||BlackGlasses|Defiant|KowtowCleave,SuckerPunch,SwordsDance,Protect|Adamant||M|||50|]Sneasler||WhiteHerb|Unburden|CloseCombat,GunkShot,Protect,FakeOut|Adamant||M|||50|]Lycanroc-Dusk||FocusSash|ToughClaws|CloseCombat,Accelerock,RockSlide,Protect|Adamant||F|||50|
|inactive|Battle timer is ON: inactive players will automatically lose when time's up. (requested by trytrysee)
|inactive|trytrysee has 60 seconds left.
|inactive|rushinhoward has 60 seconds left.
|inactive|rushinhoward has 30 seconds left.
|inactive|trytrysee has 30 seconds left.
|
|t:|1786119740
|teamsize|p1|4
|teamsize|p2|4
|start
|switch|p1a: Gholdengo|Gholdengo, L50|100/100
|switch|p1b: Whimsicott|Whimsicott, L50, F|100/100
|switch|p2a: Froslass|Froslass, L50, F|100/100
|switch|p2b: Basculegion|Basculegion, L50, M|100/100
|turn|1
|inactive|trytrysee has 30 seconds left.
|inactive|rushinhoward has 30 seconds left.
|inactive|rushinhoward has 20 seconds left.
|inactive|rushinhoward has 15 seconds left.
|
|t:|1786119783
|detailschange|p2a: Froslass|Froslass-Mega, L50, F
|-mega|p2a: Froslass|Froslass|Froslassite
|-weather|Snowscape|[from] ability: Snow Warning|[of] p2a: Froslass
|move|p2a: Froslass|Aurora Veil|p2a: Froslass
|-sidestart|p2: rushinhoward|move: Aurora Veil
|move|p1a: Gholdengo|Shadow Ball|p2b: Basculegion
|-supereffective|p2b: Basculegion|1
|-damage|p2b: Basculegion|19/100
|-enditem|p2b: Basculegion|Sitrus Berry|[eat]
|-heal|p2b: Basculegion|43/100|[from] item: Sitrus Berry
|-damage|p1a: Gholdengo|90/100|[from] item: Life Orb
|move|p2b: Basculegion|Last Respects|p1a: Gholdengo
|-supereffective|p1a: Gholdengo|1
|-damage|p1a: Gholdengo|32/100
|move|p1b: Whimsicott|Trick Room|p1b: Whimsicott
|-fieldstart|move: Trick Room|[of] p1b: Whimsicott
|
|-weather|Snowscape|[upkeep]
|upkeep
|turn|2
|inactive|trytrysee has 30 seconds left.
|inactive|rushinhoward has 30 seconds left.
|inactive|trytrysee has 20 seconds left.
|
|t:|1786119819
|switch|p1b: Primarina|Primarina, L50, M|100/100
|move|p2b: Basculegion|Last Respects|p1a: Gholdengo
|-supereffective|p1a: Gholdengo|1
|-damage|p1a: Gholdengo|0 fnt
|faint|p1a: Gholdengo
|move|p2a: Froslass|Blizzard|p1b: Primarina
|-resisted|p1b: Primarina|1
|-damage|p1b: Primarina|73/100
|
|-weather|Snowscape|[upkeep]
|upkeep
|
|t:|1786119829
|switch|p1a: Slowking|Slowking-Galar, L50, F|100/100
|turn|3
|inactive|rushinhoward has 30 seconds left.
|
|t:|1786119856
|switch|p2b: Kingambit|Kingambit, L50, M|100/100
|move|p1a: Slowking|Psychic|p2b: Kingambit
|-immune|p2b: Kingambit
|move|p1b: Primarina|Hyper Voice|p2a: Froslass|[spread] p2a,p2b
|-damage|p2a: Froslass|73/100
|-damage|p2b: Kingambit|74/100
|move|p2a: Froslass|Shadow Ball|p1a: Slowking
|-supereffective|p1a: Slowking|1
|-damage|p1a: Slowking|31/100
|
|-weather|Snowscape|[upkeep]
|upkeep
|turn|4
|
|t:|1786119880
|move|p1a: Slowking|Heal Pulse|p1b: Primarina
|-heal|p1b: Primarina|100/100
|move|p2b: Kingambit|Kowtow Cleave|p1a: Slowking
|-supereffective|p1a: Slowking|1
|-damage|p1a: Slowking|0 fnt
|faint|p1a: Slowking
|move|p1b: Primarina|Hyper Voice|p2b: Kingambit|[spread] p2a,p2b
|-damage|p2a: Froslass|44/100
|-damage|p2b: Kingambit|51/100
|move|p2a: Froslass|Shadow Ball|p1b: Primarina
|-damage|p1b: Primarina|65/100
|
|-weather|Snowscape|[upkeep]
|upkeep
|
|t:|1786119892
|switch|p1a: Whimsicott|Whimsicott, L50, F|100/100
|turn|5
|
|t:|1786119907
|move|p2b: Kingambit|Sucker Punch|p1b: Primarina
|-resisted|p1b: Primarina|1
|-damage|p1b: Primarina|35/100
|-enditem|p1b: Primarina|Sitrus Berry|[eat]
|-heal|p1b: Primarina|60/100|[from] item: Sitrus Berry
|move|p1b: Primarina|Hyper Voice|p2b: Kingambit|[spread] p2a,p2b
|-damage|p2a: Froslass|18/100
|-damage|p2b: Kingambit|28/100
|move|p1a: Whimsicott|Moonblast|p2b: Kingambit
|-damage|p2b: Kingambit|1/100
|move|p2a: Froslass|Blizzard|p1a: Whimsicott|[spread] p1a,p1b
|-supereffective|p1a: Whimsicott|1
|-resisted|p1b: Primarina|1
|-enditem|p1a: Whimsicott|Focus Sash
|-damage|p1a: Whimsicott|1/100
|-damage|p1b: Primarina|41/100
|
|-weather|none
|-sideend|p2: rushinhoward|move: Aurora Veil
|-fieldend|move: Trick Room
|upkeep
|turn|6
|inactive|trytrysee has 30 seconds left.
|inactive|rushinhoward has 30 seconds left.
|inactive|trytrysee has 20 seconds left.
|
|t:|1786119947
|move|p1b: Primarina|Aqua Jet|p2b: Kingambit
|-damage|p2b: Kingambit|0 fnt
|faint|p2b: Kingambit
|move|p2a: Froslass|Shadow Ball|p1b: Primarina
|-damage|p1b: Primarina|7/100
|-unboost|p1b: Primarina|spd|1
|move|p1a: Whimsicott|Trick Room|p1a: Whimsicott
|-fieldstart|move: Trick Room|[of] p1a: Whimsicott
|
|upkeep
|
|t:|1786119959
|switch|p2b: Basculegion|Basculegion, L50, M|43/100
|turn|7
|
|t:|1786119970
|move|p1b: Primarina|Protect|p1b: Primarina
|-singleturn|p1b: Primarina|Protect
|move|p2b: Basculegion|Aqua Jet|p1a: Whimsicott
|-resisted|p1a: Whimsicott|1
|-damage|p1a: Whimsicott|0 fnt
|faint|p1a: Whimsicott
|move|p2a: Froslass|Blizzard|p1b: Primarina
|-activate|p1b: Primarina|move: Protect
|
|upkeep
|turn|8
|-message|trytrysee forfeited.
|
|win|rushinhoward
|c|☆rushinhoward|感謝
