|j|☆Sheevpnew
|j|☆Kyooby
|html|SheevpnewKyooby    
|uhtml|bestof|Game 3 of a best-of-3
|t:|1786018772
|gametype|doubles
|player|p1|Sheevpnew|101|1101
|player|p2|Kyooby|volkner|1054
|gen|9
|tier|[Gen 9 Champions] VGC 2026 Reg M-B (Bo3)
|rated|
|rule|Species Clause: Limit one of each Pokémon
|rule|Item Clause: Limit 1 of each item
|clearpoke
|poke|p1|Staraptor, L50, M|
|poke|p1|Milotic, L50, F|
|poke|p1|Tyranitar, L50, M|
|poke|p1|Gholdengo, L50|
|poke|p1|Excadrill, L50, M|
|poke|p1|Sinistcha, L50|
|poke|p2|Gengar, L50, F|
|poke|p2|Swampert, L50, F|
|poke|p2|Incineroar, L50, F|
|poke|p2|Politoed, L50, M|
|poke|p2|Archaludon, L50, F|
|poke|p2|Vivillon, L50, M|
|teampreview|4
|showteam|p1|Staraptor||Staraptite|Intimidate|BraveBird,CloseCombat,Tailwind,Protect|Jolly||M|||50|]Milotic||SitrusBerry|Competitive|Scald,IceBeam,IcyWind,Recover|Modest||F|||50|]Tyranitar||Tyranitarite|SandStream|RockSlide,KnockOff,LowKick,Protect|Adamant||M|||50|]Gholdengo||LifeOrb|GoodasGold|ShadowBall,MakeItRain,NastyPlot,Protect|Modest|||||50|]Excadrill||FocusSash|SandRush|HighHorsepower,IronHead,RockSlide,Protect|Adamant||M|||50|]Sinistcha||ColburBerry|Hospitality|MatchaGotcha,RagePowder,TrickRoom,Protect|Bold|||||50|
|showteam|p2|Gengar||Gengarite|CursedBody|ShadowBall,PerishSong,SludgeBomb,Protect|Timid||F|||50|]Swampert||Swampertite|Torrent|WaveCrash,Earthquake,IcePunch,Protect|Adamant||F|||50|]Incineroar||PasshoBerry|Intimidate|ThroatChop,PartingShot,FakeOut,Protect|Sassy||F|||50|]Politoed||SitrusBerry|Drizzle|WeatherBall,PerishSong,Encore,Protect|Calm||M|||50|]Archaludon||Leftovers|Stamina|DragonPulse,FlashCannon,ElectroShot,Protect|Bold||F|||50|]Vivillon||FocusSash|CompoundEyes|Hurricane,SleepPowder,RagePowder,Protect|Timid||M|||50|
|inactive|Battle timer is ON: inactive players will automatically lose when time's up. (requested by Kyooby)
|
|t:|1786018802
|teamsize|p1|4
|teamsize|p2|4
|start
|switch|p1a: Tyranitar|Tyranitar, L50, M|100/100
|switch|p1b: Milotic|Milotic, L50, F|100/100
|switch|p2a: Vivillon|Vivillon, L50, M|100/100
|switch|p2b: Swampert|Swampert, L50, F|100/100
|-weather|Sandstorm|[from] ability: Sand Stream|[of] p1a: Tyranitar
|turn|1
|
|t:|1786018821
|switch|p2a: Politoed|Politoed, L50, M|100/100
|-weather|RainDance|[from] ability: Drizzle|[of] p2a: Politoed
|switch|p1a: Sinistcha|Sinistcha, L50|100/100
|switch|p2b: Archaludon|Archaludon, L50, F|100/100
|move|p1b: Milotic|Icy Wind|p2b: Archaludon|[spread] p2a,p2b
|-resisted|p2a: Politoed|1
|-damage|p2a: Politoed|95/100
|-damage|p2b: Archaludon|89/100
|-unboost|p2a: Politoed|spe|1
|-unboost|p2b: Archaludon|spe|1
|-ability|p2b: Archaludon|Stamina|boost
|-boost|p2b: Archaludon|def|1
|
|-weather|RainDance|[upkeep]
|-heal|p2b: Archaludon|95/100|[from] item: Leftovers
|upkeep
|turn|2
|inactive|Kyooby has 30 seconds left.
|inactive|Kyooby has 20 seconds left.
|
|t:|1786018856
|switch|p1b: Tyranitar|Tyranitar, L50, M|100/100
|-weather|Sandstorm|[from] ability: Sand Stream|[of] p1b: Tyranitar
|move|p1a: Sinistcha|Matcha Gotcha|p2b: Archaludon|[spread] p2a,p2b
|-supereffective|p2a: Politoed|1
|-resisted|p2b: Archaludon|2
|-damage|p2a: Politoed|58/100
|-damage|p2b: Archaludon|90/100
|-ability|p2b: Archaludon|Stamina|boost
|-boost|p2b: Archaludon|def|1
|move|p2b: Archaludon|Dragon Pulse|p1a: Sinistcha
|-damage|p1a: Sinistcha|69/100
|move|p2a: Politoed|Perish Song|p2a: Politoed
|-start|p1a: Sinistcha|perish3|[silent]
|-start|p1b: Tyranitar|perish3|[silent]
|-start|p2a: Politoed|perish3|[silent]
|-start|p2b: Archaludon|perish3|[silent]
|-fieldactivate|move: Perish Song
|
|-weather|Sandstorm|[upkeep]
|-damage|p1a: Sinistcha|62/100|[from] Sandstorm
|-damage|p2a: Politoed|52/100|[from] Sandstorm
|-heal|p2b: Archaludon|96/100|[from] item: Leftovers
|-start|p1b: Tyranitar|perish3
|-start|p1a: Sinistcha|perish3
|-start|p2b: Archaludon|perish3
|-start|p2a: Politoed|perish3
|upkeep
|turn|3
|inactive|Kyooby has 30 seconds left.
|inactive|Kyooby has 20 seconds left.
|inactive|Kyooby has 15 seconds left.
|inactive|Kyooby has 10 seconds left.
|
|t:|1786018906
|switch|p1b: Milotic|Milotic, L50, F|100/100
|move|p1a: Sinistcha|Matcha Gotcha|p2a: Politoed|[spread] p2a,p2b
|-supereffective|p2a: Politoed|1
|-resisted|p2b: Archaludon|2
|-damage|p2a: Politoed|11/100
|-heal|p1a: Sinistcha|85/100|[from] drain|[of] p2a: Politoed
|-damage|p2b: Archaludon|90/100
|-heal|p1a: Sinistcha|88/100|[from] drain|[of] p2b: Archaludon
|-status|p2a: Politoed|brn
|-ability|p2b: Archaludon|Stamina|boost
|-boost|p2b: Archaludon|def|1
|-enditem|p2a: Politoed|Sitrus Berry|[eat]
|-heal|p2a: Politoed|36/100 brn|[from] item: Sitrus Berry
|move|p2b: Archaludon|Dragon Pulse|p1a: Sinistcha
|-damage|p1a: Sinistcha|54/100
|move|p2a: Politoed|Weather Ball|p1a: Sinistcha
|-damage|p1a: Sinistcha|35/100
|
|-weather|Sandstorm|[upkeep]
|-damage|p1b: Milotic|94/100|[from] Sandstorm
|-damage|p1a: Sinistcha|29/100|[from] Sandstorm
|-damage|p2a: Politoed|30/100 brn|[from] Sandstorm
|-heal|p2b: Archaludon|96/100|[from] item: Leftovers
|-damage|p2a: Politoed|24/100 brn|[from] brn
|-start|p1a: Sinistcha|perish2
|-start|p2b: Archaludon|perish2
|-start|p2a: Politoed|perish2
|upkeep
|turn|4
|l|☆Sheevpnew
|inactive|Sheevpnew disconnected and has a minute to reconnect!
|player|p1|
|j|☆Sheevpnew
|inactive|Sheevpnew reconnected and has 45 seconds left.
|player|p1|Sheevpnew|101|
|inactive|Sheevpnew has 30 seconds left.
|inactive|Kyooby has 30 seconds left.
|inactive|Kyooby has 20 seconds left.
|inactive|Kyooby has 15 seconds left.
|
|t:|1786018949
|switch|p1a: Staraptor|Staraptor, L50, M|100/100
|-ability|p1a: Staraptor|Intimidate|boost
|-unboost|p2a: Politoed|atk|1
|-unboost|p2b: Archaludon|atk|1
|switch|p2a: Vivillon|Vivillon, L50, M|100/100
|move|p1b: Milotic|Ice Beam|p2b: Archaludon
|-damage|p2b: Archaludon|75/100
|-ability|p2b: Archaludon|Stamina|boost
|-boost|p2b: Archaludon|def|1
|move|p2b: Archaludon|Electro Shot||[still]
|-prepare|p2b: Archaludon|Electro Shot
|-boost|p2b: Archaludon|spa|1
|
|-weather|Sandstorm|[upkeep]
|-damage|p1a: Staraptor|93/100|[from] Sandstorm
|-damage|p2a: Vivillon|94/100|[from] Sandstorm
|-damage|p1b: Milotic|88/100|[from] Sandstorm
|-heal|p2b: Archaludon|81/100|[from] item: Leftovers
|-start|p2b: Archaludon|perish1
|upkeep
|turn|5
|inactive|Sheevpnew has 30 seconds left.
|
|t:|1786018981
|switch|p1b: Sinistcha|Sinistcha, L50|29/100
|-heal|p1a: Staraptor|100/100|[from] ability: Hospitality|[of] p1b: Sinistcha
|detailschange|p1a: Staraptor|Staraptor-Mega, L50, M
|-mega|p1a: Staraptor|Staraptor|Staraptite
|move|p1a: Staraptor|Close Combat|p2b: Archaludon
|-supereffective|p2b: Archaludon|1
|-damage|p2b: Archaludon|52/100
|-boost|p1a: Staraptor|def|1
|-boost|p1a: Staraptor|spd|1
|-ability|p2b: Archaludon|Stamina|boost
|-boost|p2b: Archaludon|def|1
|move|p2a: Vivillon|Sleep Powder|p1b: Sinistcha
|-immune|p1b: Sinistcha
|move|p2b: Archaludon|Electro Shot|p1a: Staraptor|[from] lockedmove
|-supereffective|p1a: Staraptor|1
|-damage|p1a: Staraptor|27/100
|
|-weather|Sandstorm|[upkeep]
|-damage|p1a: Staraptor|21/100|[from] Sandstorm
|-damage|p2a: Vivillon|88/100|[from] Sandstorm
|-damage|p1b: Sinistcha|23/100|[from] Sandstorm
|-heal|p2b: Archaludon|58/100|[from] item: Leftovers
|-start|p2b: Archaludon|perish0
|upkeep
|faint|p2b: Archaludon
|
|t:|1786019001
|switch|p2b: Swampert|Swampert, L50, F|100/100
|turn|6
|inactive|Sheevpnew has 30 seconds left.
|
|t:|1786019027
|detailschange|p2b: Swampert|Swampert-Mega, L50, F
|-mega|p2b: Swampert|Swampert|Swampertite
|move|p2a: Vivillon|Rage Powder|p2a: Vivillon
|-singleturn|p2a: Vivillon|move: Rage Powder
|move|p1a: Staraptor|Tailwind|p1a: Staraptor
|-sidestart|p1: Sheevpnew|move: Tailwind
|move|p1b: Sinistcha|Matcha Gotcha|p2b: Swampert|[spread] p2a,p2b
|-resisted|p2a: Vivillon|2
|-supereffective|p2b: Swampert|2
|-damage|p2a: Vivillon|76/100
|-heal|p1b: Sinistcha|29/100|[from] drain|[of] p2a: Vivillon
|-damage|p2b: Swampert|19/100
|-heal|p1b: Sinistcha|70/100|[from] drain|[of] p2b: Swampert
|move|p2b: Swampert|Ice Punch|p1b: Sinistcha
|-supereffective|p1b: Sinistcha|1
|-damage|p1b: Sinistcha|14/100
|
|-weather|none
|upkeep
|turn|7
|
|t:|1786019048
|move|p2b: Swampert|Protect|p2b: Swampert
|-singleturn|p2b: Swampert|Protect
|move|p1a: Staraptor|Brave Bird|p2a: Vivillon
|-supereffective|p2a: Vivillon|1
|-damage|p2a: Vivillon|0 fnt
|faint|p2a: Vivillon
|-damage|p1a: Staraptor|1/100|[from] Recoil
|move|p1b: Sinistcha|Matcha Gotcha|p2b: Swampert
|-activate|p2b: Swampert|move: Protect
|
|upkeep
|
|t:|1786019051
|switch|p2a: Politoed|Politoed, L50, M|24/100 brn
|-weather|RainDance|[from] ability: Drizzle|[of] p2a: Politoed
|turn|8
|inactive|Kyooby has 30 seconds left.
|inactive|Kyooby has 20 seconds left.
|inactive|Kyooby has 15 seconds left.
|inactive|Kyooby has 10 seconds left.
|inactive|Kyooby has 5 seconds left.
|
|t:|1786019105
|move|p2b: Swampert|Protect|p2b: Swampert
|-singleturn|p2b: Swampert|Protect
|move|p2a: Politoed|Protect|p2a: Politoed
|-singleturn|p2a: Politoed|Protect
|move|p1a: Staraptor|Close Combat|p2b: Swampert
|-activate|p2b: Swampert|move: Protect
|move|p1b: Sinistcha|Matcha Gotcha|p2a: Politoed|[spread] 
|-activate|p2a: Politoed|move: Protect
|-activate|p2b: Swampert|move: Protect
|
|-weather|RainDance|[upkeep]
|-damage|p2a: Politoed|18/100 brn|[from] brn
|upkeep
|turn|9
|
|t:|1786019119
|move|p2b: Swampert|Protect||[still]
|-fail|p2b: Swampert
|move|p1a: Staraptor|Close Combat|p2b: Swampert
|-damage|p2b: Swampert|0 fnt
|-boost|p1a: Staraptor|def|1
|-boost|p1a: Staraptor|spd|1
|faint|p2b: Swampert
|move|p1b: Sinistcha|Matcha Gotcha|p2a: Politoed
|-supereffective|p2a: Politoed|1
|-damage|p2a: Politoed|0 fnt
|-heal|p1b: Sinistcha|24/100|[from] drain|[of] p2a: Politoed
|faint|p2a: Politoed
|
|win|Sheevpnew
|raw|Sheevpnew's rating: 1101 → 1123(+22 for winning)
|raw|Kyooby's rating: 1054 → 1038(-16 for losing)
