|j|☆Lightoz
|j|☆reghgenius
|html|Lightozreghgenius    
|uhtml|bestof|Game 3 of a best-of-3
|t:|1756584558
|gametype|doubles
|player|p1|Lightoz|blue-gen2|1362
|player|p2|reghgenius|170|1366
|gen|9
|tier|[Gen 9] VGC 2025 Reg H (Bo3)
|rated|
|rule|Species Clause: Limit one of each Pokémon
|rule|Item Clause: Limit 1 of each item
|clearpoke
|poke|p1|Sneasler, L50, F|
|poke|p1|Indeedee, L50, M|
|poke|p1|Annihilape, L50, F|
|poke|p1|Ursaluna-Bloodmoon, L50, M|
|poke|p1|Volcarona, L50, M|
|poke|p1|Electabuzz, L50, M|
|poke|p2|Gholdengo, L50|
|poke|p2|Sneasler, L50, M|
|poke|p2|Rillaboom, L50, M|
|poke|p2|Dragonite, L50, F|
|poke|p2|Ninetales-Alola, L50, F|
|poke|p2|Arcanine-Hisui, L50, F|
|teampreview|4
|showteam|p1|Sneasler||PsychicSeed|Unburden|DireClaw,CloseCombat,ThroatChop,Protect|||F|||50|,,,,,Dark]Indeedee||FocusSash|PsychicSurge|ExpandingForce,HelpingHand,TrickRoom,Protect|||M|||50|,,,,,Psychic]Annihilape||SafetyGoggles|Defiant|CloseCombat,RageFist,FinalGambit,Taunt|||F|||50|,,,,,Stellar]Ursaluna-Bloodmoon||LifeOrb|MindsEye|BloodMoon,HyperVoice,EarthPower,Protect|||M|||50|,,,,,Normal]Volcarona||SitrusBerry|FlameBody|Overheat,StruggleBug,Tailwind,RagePowder|||M|||50|,,,,,Grass]Electabuzz||Eviolite|VitalSpirit|Electroweb,Taunt,FollowMe,Protect|||M|||50|,,,,,Dragon
|showteam|p2|Gholdengo||GrassySeed|GoodasGold|NastyPlot,MakeItRain,ShadowBall,Protect||||||50|,,,,,Water]Sneasler||WhiteHerb|Unburden|CloseCombat,DireClaw,Coaching,Protect|||M|||50|,,,,,Ghost]Rillaboom||AssaultVest|GrassySurge|FakeOut,GrassyGlide,DrumBeating,HighHorsepower|||M|||50|,,,,,Fire]Dragonite||LoadedDice|Multiscale|ScaleShot,StompingTantrum,Tailwind,Protect|||F|||50|,,,,,Ground]Ninetales-Alola||FocusSash|SnowWarning|Blizzard,IcyWind,Encore,AuroraVeil|||F|||50|,,,,,Ghost]Arcanine-Hisui||ClearAmulet|Intimidate|RockSlide,FlareBlitz,ExtremeSpeed,Protect|||F|||50|,,,,,Water
|inactive|Battle timer is ON: inactive players will automatically lose when time's up. (requested by reghgenius)
|
|t:|1756584579
|teamsize|p1|4
|teamsize|p2|4
|start
|switch|p1a: Ursaluna|Ursaluna-Bloodmoon, L50, M|100/100
|switch|p1b: Electabuzz|Electabuzz, L50, M|100/100
|switch|p2a: Ninetales|Ninetales-Alola, L50, F|100/100
|switch|p2b: Gholdengo|Gholdengo, L50|100/100
|-weather|Snowscape|[from] ability: Snow Warning|[of] p2a: Ninetales
|turn|1
|
|t:|1756584595
|-terastallize|p1a: Ursaluna|Normal
|move|p2b: Gholdengo|Protect|p2b: Gholdengo
|-singleturn|p2b: Gholdengo|Protect
|move|p2a: Ninetales|Icy Wind|p1b: Electabuzz|[spread] p1a,p1b
|-damage|p1a: Ursaluna|81/100
|-damage|p1b: Electabuzz|87/100
|-unboost|p1a: Ursaluna|spe|1
|-unboost|p1b: Electabuzz|spe|1
|move|p1b: Electabuzz|Electroweb|p2a: Ninetales|[spread] p2a
|-activate|p2b: Gholdengo|move: Protect
|-damage|p2a: Ninetales|84/100
|-unboost|p2a: Ninetales|spe|1
|move|p1a: Ursaluna|Hyper Voice|p2b: Gholdengo|[spread] p2a
|-activate|p2b: Gholdengo|move: Protect
|-damage|p2a: Ninetales|7/100
|-damage|p1a: Ursaluna|71/100|[from] item: Life Orb
|
|-weather|Snowscape|[upkeep]
|upkeep
|turn|2
|inactive|Lightoz has 30 seconds left.
|
|t:|1756584621
|move|p1a: Ursaluna|Protect|p1a: Ursaluna
|-singleturn|p1a: Ursaluna|Protect
|move|p2b: Gholdengo|Make It Rain|p1b: Electabuzz|[spread] p1b
|-activate|p1a: Ursaluna|move: Protect
|-resisted|p1b: Electabuzz
|-damage|p1b: Electabuzz|68/100
|-unboost|p2b: Gholdengo|spa|1
|move|p2a: Ninetales|Icy Wind|p1a: Ursaluna|[spread] p1b
|-activate|p1a: Ursaluna|move: Protect
|-damage|p1b: Electabuzz|54/100
|-unboost|p1b: Electabuzz|spe|1
|move|p1b: Electabuzz|Electroweb|p2a: Ninetales|[spread] p2b
|-miss|p1b: Electabuzz|p2a: Ninetales
|-damage|p2b: Gholdengo|86/100
|-unboost|p2b: Gholdengo|spe|1
|
|-weather|Snowscape|[upkeep]
|upkeep
|turn|3
|
|t:|1756584637
|move|p2b: Gholdengo|Protect|p2b: Gholdengo
|-singleturn|p2b: Gholdengo|Protect
|move|p2a: Ninetales|Icy Wind|p1b: Electabuzz|[spread] p1a,p1b
|-damage|p1a: Ursaluna|50/100
|-damage|p1b: Electabuzz|41/100
|-unboost|p1a: Ursaluna|spe|1
|-unboost|p1b: Electabuzz|spe|1
|move|p1b: Electabuzz|Electroweb|p2a: Ninetales|[spread] p2a
|-activate|p2b: Gholdengo|move: Protect
|-damage|p2a: Ninetales|0 fnt
|faint|p2a: Ninetales
|move|p1a: Ursaluna|Earth Power|p2b: Gholdengo
|-activate|p2b: Gholdengo|move: Protect
|
|-weather|Snowscape|[upkeep]
|upkeep
|
|t:|1756584641
|switch|p2a: Sneasler|Sneasler, L50, M|100/100
|turn|4
|
|t:|1756584648
|switch|p1b: Indeedee|Indeedee, L50, M|100/100
|-fieldstart|move: Psychic Terrain|[from] ability: Psychic Surge|[of] p1b: Indeedee
|switch|p1a: Sneasler|Sneasler, L50, F|100/100
|-enditem|p1a: Sneasler|Psychic Seed
|-boost|p1a: Sneasler|spd|1|[from] item: Psychic Seed
|move|p2a: Sneasler|Close Combat|p1b: Indeedee
|-enditem|p1b: Indeedee|Focus Sash
|-damage|p1b: Indeedee|1/100
|-unboost|p2a: Sneasler|def|1
|-unboost|p2a: Sneasler|spd|1
|-enditem|p2a: Sneasler|White Herb
|-clearnegativeboost|p2a: Sneasler|[silent]
|move|p2b: Gholdengo|Make It Rain|p1b: Indeedee|[spread] p1a,p1b
|-damage|p1a: Sneasler|71/100
|-damage|p1b: Indeedee|0 fnt
|-unboost|p2b: Gholdengo|spa|1
|faint|p1b: Indeedee
|
|-weather|Snowscape|[upkeep]
|upkeep
|
|t:|1756584657
|switch|p1b: Electabuzz|Electabuzz, L50, M|41/100
|turn|5
|inactive|reghgenius has 30 seconds left.
|
|t:|1756584682
|switch|p2b: Rillaboom|Rillaboom, L50, M|100/100
|-fieldstart|move: Grassy Terrain|[from] ability: Grassy Surge|[of] p2b: Rillaboom
|move|p1b: Electabuzz|Protect|p1b: Electabuzz
|-singleturn|p1b: Electabuzz|Protect
|move|p1a: Sneasler|Dire Claw|p2a: Sneasler
|-resisted|p2a: Sneasler
|-damage|p2a: Sneasler|72/100
|move|p2a: Sneasler|Close Combat|p1b: Electabuzz
|-activate|p1b: Electabuzz|move: Protect
|
|-weather|none
|-heal|p1a: Sneasler|77/100|[from] Grassy Terrain
|-heal|p2a: Sneasler|78/100|[from] Grassy Terrain
|-heal|p1b: Electabuzz|46/100|[from] Grassy Terrain
|upkeep
|turn|6
|
|t:|1756584701
|move|p1a: Sneasler|Protect|p1a: Sneasler
|-singleturn|p1a: Sneasler|Protect
|move|p2b: Rillaboom|Fake Out|p1a: Sneasler
|-activate|p1a: Sneasler|move: Protect
|move|p2a: Sneasler|Close Combat|p1b: Electabuzz
|-damage|p1b: Electabuzz|0 fnt
|-unboost|p2a: Sneasler|def|1
|-unboost|p2a: Sneasler|spd|1
|faint|p1b: Electabuzz
|
|-heal|p1a: Sneasler|83/100|[from] Grassy Terrain
|-heal|p2a: Sneasler|84/100|[from] Grassy Terrain
|upkeep
|-message|Lightoz forfeited.
|
|win|reghgenius
|raw|Lightoz's rating: 1362 → 1342(-20 for losing)
|raw|reghgenius's rating: 1366 → 1386(+20 for winning)
|l|☆Lightoz
|player|p1|
