|j|☆sergiovj
|j|☆teyvgc
|html|sergiovjteyvgc    
|uhtml|bestof|Game 1 of a best-of-3
|t:|1782587257
|gametype|doubles
|player|p1|sergiovj|colress|1070
|player|p2|teyvgc|1|1089
|gen|9
|tier|[Gen 9 Champions] VGC 2026 Reg M-B (Bo3)
|rated|
|rule|Species Clause: Limit one of each Pokémon
|rule|Item Clause: Limit 1 of each item
|clearpoke
|poke|p1|Hydreigon, L50, M|
|poke|p1|Garchomp, L50, M|
|poke|p1|Metagross, L50|
|poke|p1|Charizard, L50, M|
|poke|p1|Grimmsnarl, L50, M|
|poke|p1|Toxapex, L50, M|
|poke|p2|Houndstone, L50, M|
|poke|p2|Tyranitar, L50, M|
|poke|p2|Incineroar, L50, M|
|poke|p2|Farigiraf, L50, M, shiny|
|poke|p2|Garchomp, L50, M, shiny|
|poke|p2|Corviknight, L50, M|
|teampreview|4
|showteam|p1|Hydreigon||ChoiceScarf|Levitate|HeatWave,DarkPulse,DracoMeteor,Snarl|Modest||M|||50|]Garchomp||SitrusBerry|RoughSkin|Earthquake,RockSlide,DragonClaw,Protect|Adamant||M|||50|]Metagross||Metagrossite|ClearBody|IronHead,HammerArm,BulletPunch,Protect|Adamant|||||50|]Charizard||CharizarditeY|Blaze|Protect,HeatWave,SolarBeam,WeatherBall|Timid||M|||50|]Grimmsnarl||RoseliBerry|Prankster|FakeOut,FoulPlay,Reflect,PartingShot|Sassy||M|||50|]Toxapex||Leftovers|Regenerator|Infestation,Toxic,BanefulBunker,WideGuard|Bold||M|||50|
|showteam|p2|Houndstone||LifeOrb|SandRush|PsychicFangs,StompingTantrum,LastRespects,Protect|Adamant||M|||50|]Tyranitar||Tyranitarite|SandStream|RockSlide,KnockOff,LowKick,Protect|Adamant||M|||50|]Incineroar||PasshoBerry|Intimidate|FlareBlitz,DarkestLariat,FakeOut,PartingShot|Adamant||M|||50|]Farigiraf||TwistedSpoon|ArmorTail|HyperVoice,TwinBeam,TrickRoom,HelpingHand|Quiet||M|||50|]Garchomp||Garchompite|RoughSkin|StompingTantrum,DragonClaw,RockSlide,Protect|Adamant||M|||50|]Corviknight||Leftovers|MirrorArmor|BraveBird,BodyPress,BulkUp,Roost|Careful||M|||50|
|inactive|Battle timer is ON: inactive players will automatically lose when time's up. (requested by sergiovj)
|inactive|sergiovj has 60 seconds left.
|inactive|teyvgc has 60 seconds left.
|
|t:|1782587295
|teamsize|p1|4
|teamsize|p2|4
|start
|switch|p1a: Hydreigon|Hydreigon, L50, M|100/100
|switch|p1b: Grimmsnarl|Grimmsnarl, L50, M|100/100
|switch|p2a: ShePartingOnMyShot|Incineroar, L50, M|100/100
|switch|p2b: Far Far Away|Farigiraf, L50, M, shiny|100/100
|-ability|p2a: ShePartingOnMyShot|Intimidate|boost
|-unboost|p1a: Hydreigon|atk|1
|-unboost|p1b: Grimmsnarl|atk|1
|turn|1
|
|t:|1782587315
|move|p2a: ShePartingOnMyShot|Fake Out|p1a: Hydreigon
|-damage|p1a: Hydreigon|86/100
|move|p1b: Grimmsnarl|Reflect|p1b: Grimmsnarl
|-sidestart|p1: sergiovj|Reflect
|cant|p1a: Hydreigon|flinch
|move|p2b: Far Far Away|Trick Room|p2b: Far Far Away
|-fieldstart|move: Trick Room|[of] p2b: Far Far Away
|
|upkeep
|turn|2
|
|t:|1782587329
|move|p2b: Far Far Away|Helping Hand|p2a: ShePartingOnMyShot
|-singleturn|p2a: ShePartingOnMyShot|Helping Hand|[of] p2b: Far Far Away
|move|p1b: Grimmsnarl|Foul Play|p2b: Far Far Away
|-supereffective|p2b: Far Far Away|1
|-damage|p2b: Far Far Away|35/100
|move|p2a: ShePartingOnMyShot|Flare Blitz|p1b: Grimmsnarl
|-damage|p1b: Grimmsnarl|44/100
|-damage|p2a: ShePartingOnMyShot|81/100|[from] Recoil
|move|p1a: Hydreigon|Dark Pulse|p2b: Far Far Away
|-supereffective|p2b: Far Far Away|1
|-damage|p2b: Far Far Away|0 fnt
|faint|p2b: Far Far Away
|
|upkeep
|
|t:|1782587347
|switch|p2b: Ursalunaa|Garchomp, L50, M, shiny|100/100
|turn|3
|
|t:|1782587354
|switch|p2a: BERT|Tyranitar, L50, M|100/100
|-weather|Sandstorm|[from] ability: Sand Stream|[of] p2a: BERT
|switch|p1a: Toxapex|Toxapex, L50, M|100/100
|detailschange|p2b: Ursalunaa|Garchomp-Mega, L50, M, shiny
|-mega|p2b: Ursalunaa|Garchomp|Garchompite
|move|p1b: Grimmsnarl|Parting Shot|p2b: Ursalunaa
|-unboost|p2b: Ursalunaa|atk|1
|-unboost|p2b: Ursalunaa|spa|1
|
|t:|1782587369
|switch|p1b: Hydreigon|Hydreigon, L50, M|86/100|[from] Parting Shot
|move|p2b: Ursalunaa|Rock Slide|p1a: Toxapex|[spread] p1a,p1b
|-damage|p1a: Toxapex|90/100
|-damage|p1b: Hydreigon|68/100
|
|-weather|Sandstorm|[upkeep]
|-damage|p1a: Toxapex|84/100|[from] Sandstorm
|-damage|p1b: Hydreigon|62/100|[from] Sandstorm
|-heal|p1a: Toxapex|90/100|[from] item: Leftovers
|upkeep
|turn|4
|
|t:|1782587389
|switch|p1b: Grimmsnarl|Grimmsnarl, L50, M|44/100
|move|p1a: Toxapex|Toxic|p2b: Ursalunaa
|-status|p2b: Ursalunaa|tox
|move|p2a: BERT|Rock Slide|p1a: Toxapex|[spread] p1a,p1b
|-damage|p1a: Toxapex|75/100
|-damage|p1b: Grimmsnarl|24/100
|move|p2b: Ursalunaa|Rock Slide|p1b: Grimmsnarl|[spread] p1a
|-miss|p2b: Ursalunaa|p1b: Grimmsnarl
|-damage|p1a: Toxapex|65/100
|
|-weather|Sandstorm|[upkeep]
|-damage|p1a: Toxapex|59/100|[from] Sandstorm
|-damage|p1b: Grimmsnarl|18/100|[from] Sandstorm
|-heal|p1a: Toxapex|65/100|[from] item: Leftovers
|-damage|p2b: Ursalunaa|94/100 tox|[from] psn
|upkeep
|turn|5
|
|t:|1782587410
|move|p1b: Grimmsnarl|Fake Out|p2b: Ursalunaa
|-damage|p2b: Ursalunaa|85/100 tox
|move|p1a: Toxapex|Toxic|p2a: BERT
|-status|p2a: BERT|tox
|move|p2a: BERT|Rock Slide|p1a: Toxapex|[spread] p1a,p1b
|-damage|p1a: Toxapex|52/100
|-damage|p1b: Grimmsnarl|0 fnt
|faint|p1b: Grimmsnarl
|cant|p2b: Ursalunaa|flinch
|
|-weather|Sandstorm|[upkeep]
|-damage|p1a: Toxapex|46/100|[from] Sandstorm
|-heal|p1a: Toxapex|52/100|[from] item: Leftovers
|-damage|p2a: BERT|94/100 tox|[from] psn
|-damage|p2b: Ursalunaa|73/100 tox|[from] psn
|-sideend|p1: sergiovj|Reflect
|-fieldend|move: Trick Room
|upkeep
|
|t:|1782587428
|switch|p1b: Metagross|Metagross, L50|100/100
|turn|6
|
|t:|1782587458
|switch|p2a: ShePartingOnMyShot|Incineroar, L50, M|81/100
|-ability|p2a: ShePartingOnMyShot|Intimidate|boost
|-unboost|p1a: Toxapex|atk|1
|-fail|p1b: Metagross|unboost|[from] ability: Clear Body|[of] p1b: Metagross
|move|p1b: Metagross|Protect|p1b: Metagross
|-singleturn|p1b: Metagross|Protect
|move|p2b: Ursalunaa|Stomping Tantrum|p1b: Metagross
|-activate|p1b: Metagross|move: Protect
|move|p1a: Toxapex|Infestation|p2b: Ursalunaa
|-damage|p2b: Ursalunaa|70/100 tox
|-activate|p2b: Ursalunaa|move: Infestation|[of] p1a: Toxapex
|
|-weather|Sandstorm|[upkeep]
|-damage|p2a: ShePartingOnMyShot|75/100|[from] Sandstorm
|-damage|p1a: Toxapex|46/100|[from] Sandstorm
|-heal|p1a: Toxapex|52/100|[from] item: Leftovers
|-damage|p2b: Ursalunaa|53/100 tox|[from] psn
|-damage|p2b: Ursalunaa|41/100 tox|[from] move: Infestation|[partiallytrapped]
|upkeep
|turn|7
|
|t:|1782587481
|switch|p1b: Hydreigon|Hydreigon, L50, M|62/100
|move|p1a: Toxapex|Baneful Bunker|p1a: Toxapex
|-singleturn|p1a: Toxapex|move: Protect
|move|p2a: ShePartingOnMyShot|Fake Out|p1b: Hydreigon
|-damage|p1b: Hydreigon|48/100
|move|p2b: Ursalunaa|Stomping Tantrum|p1a: Toxapex
|-activate|p1a: Toxapex|move: Protect
|
|-weather|none
|-heal|p1a: Toxapex|57/100|[from] item: Leftovers
|-damage|p2b: Ursalunaa|17/100 tox|[from] psn
|-damage|p2b: Ursalunaa|5/100 tox|[from] move: Infestation|[partiallytrapped]
|upkeep
|turn|8
|inactive|sergiovj has 30 seconds left.
|inactive|sergiovj has 20 seconds left.
|
|t:|1782587517
|move|p1b: Hydreigon|Snarl|p2b: Ursalunaa|[spread] p2a,p2b
|-resisted|p2a: ShePartingOnMyShot|1
|-damage|p2a: ShePartingOnMyShot|65/100
|-damage|p2b: Ursalunaa|0 fnt
|-unboost|p2a: ShePartingOnMyShot|spa|1
|faint|p2b: Ursalunaa
|move|p2a: ShePartingOnMyShot|Parting Shot|p1b: Hydreigon
|-unboost|p1b: Hydreigon|atk|1
|-unboost|p1b: Hydreigon|spa|1
|
|t:|1782587523
|switch|p2a: BERT|Tyranitar, L50, M|94/100 tox|[from] Parting Shot
|-weather|Sandstorm|[from] ability: Sand Stream|[of] p2a: BERT
|move|p1a: Toxapex|Toxic|p2a: BERT
|-fail|p2a: BERT|tox
|
|-weather|Sandstorm|[upkeep]
|-damage|p1b: Hydreigon|42/100|[from] Sandstorm
|-damage|p1a: Toxapex|52/100|[from] Sandstorm
|-heal|p1a: Toxapex|57/100|[from] item: Leftovers
|-damage|p2a: BERT|88/100 tox|[from] psn
|upkeep
|
|t:|1782587526
|switch|p2b: ShePartingOnMyShot|Incineroar, L50, M|65/100
|-ability|p2b: ShePartingOnMyShot|Intimidate|boost
|-unboost|p1a: Toxapex|atk|1
|-unboost|p1b: Hydreigon|atk|1
|turn|9
|
|t:|1782587542
|switch|p1b: Metagross|Metagross, L50|100/100
|move|p2b: ShePartingOnMyShot|Darkest Lariat|p1b: Metagross
|-supereffective|p1b: Metagross|1
|-damage|p1b: Metagross|31/100
|move|p2a: BERT|Knock Off|p1b: Metagross
|-supereffective|p1b: Metagross|1
|-damage|p1b: Metagross|0 fnt
|faint|p1b: Metagross
|move|p1a: Toxapex|Toxic|p2b: ShePartingOnMyShot
|-status|p2b: ShePartingOnMyShot|tox
|
|-weather|Sandstorm|[upkeep]
|-damage|p2b: ShePartingOnMyShot|59/100 tox|[from] Sandstorm
|-damage|p1a: Toxapex|52/100|[from] Sandstorm
|-heal|p1a: Toxapex|57/100|[from] item: Leftovers
|-damage|p2b: ShePartingOnMyShot|53/100 tox|[from] psn
|-damage|p2a: BERT|76/100 tox|[from] psn
|upkeep
|
|t:|1782587559
|switch|p1b: Hydreigon|Hydreigon, L50, M|42/100
|turn|10
|inactive|sergiovj has 30 seconds left.
|
|t:|1782587587
|move|p1b: Hydreigon|Draco Meteor|p2a: BERT
|-damage|p2a: BERT|36/100 tox
|-unboost|p1b: Hydreigon|spa|2
|move|p2b: ShePartingOnMyShot|Flare Blitz|p1b: Hydreigon
|-resisted|p1b: Hydreigon|1
|-damage|p1b: Hydreigon|7/100
|-damage|p2b: ShePartingOnMyShot|43/100 tox|[from] Recoil
|move|p2a: BERT|Low Kick|p1b: Hydreigon
|-supereffective|p1b: Hydreigon|1
|-damage|p1b: Hydreigon|0 fnt
|faint|p1b: Hydreigon
|move|p1a: Toxapex|Infestation|p2a: BERT
|-supereffective|p2a: BERT|1
|-damage|p2a: BERT|32/100 tox
|-activate|p2a: BERT|move: Infestation|[of] p1a: Toxapex
|
|-weather|Sandstorm|[upkeep]
|-damage|p2b: ShePartingOnMyShot|37/100 tox|[from] Sandstorm
|-damage|p1a: Toxapex|52/100|[from] Sandstorm
|-heal|p1a: Toxapex|57/100|[from] item: Leftovers
|-damage|p2b: ShePartingOnMyShot|25/100 tox|[from] psn
|-damage|p2a: BERT|14/100 tox|[from] psn
|-damage|p2a: BERT|2/100 tox|[from] move: Infestation|[partiallytrapped]
|upkeep
|turn|11
|
|t:|1782587607
|move|p1a: Toxapex|Baneful Bunker|p1a: Toxapex
|-singleturn|p1a: Toxapex|move: Protect
|move|p2b: ShePartingOnMyShot|Darkest Lariat|p1a: Toxapex
|-activate|p1a: Toxapex|move: Protect
|move|p2a: BERT|Knock Off|p1a: Toxapex
|-activate|p1a: Toxapex|move: Protect
|
|-weather|Sandstorm|[upkeep]
|-damage|p2b: ShePartingOnMyShot|19/100 tox|[from] Sandstorm
|-damage|p1a: Toxapex|52/100|[from] Sandstorm
|-heal|p1a: Toxapex|57/100|[from] item: Leftovers
|-damage|p2b: ShePartingOnMyShot|1/100 tox|[from] psn
|-damage|p2a: BERT|0 fnt|[from] psn
|faint|p2a: BERT
|upkeep
|turn|12
|
|t:|1782587620
|move|p2b: ShePartingOnMyShot|Darkest Lariat|p1a: Toxapex
|-damage|p1a: Toxapex|30/100
|move|p1a: Toxapex|Infestation|p2b: ShePartingOnMyShot
|-damage|p2b: ShePartingOnMyShot|0 fnt
|faint|p2b: ShePartingOnMyShot
|
|win|sergiovj
