|j|☆Rafaxpro_11
|j|☆strifesada
|html|Rafaxpro_11strifesada    
|uhtml|bestof|Game 1 of a best-of-3
|t:|1782350862
|gametype|doubles
|player|p1|Rafaxpro_11|hilbert-wonderlauncher|1082
|player|p2|strifesada|piers|1158
|gen|9
|tier|[Gen 9 Champions] VGC 2026 Reg M-B (Bo3)
|rated|
|rule|Species Clause: Limit one of each Pokémon
|rule|Item Clause: Limit 1 of each item
|clearpoke
|poke|p1|Floette-Eternal, L50, F|
|poke|p1|Talonflame, L50, M|
|poke|p1|Scizor, L50, F|
|poke|p1|Garchomp, L50, F|
|poke|p1|Sinistcha-Masterpiece, L50|
|poke|p1|Basculegion, L50, M|
|poke|p2|Ninetales-Alola, L50, F|
|poke|p2|Metagross, L50|
|poke|p2|Raichu, L50, M|
|poke|p2|Sneasler, L50, M|
|poke|p2|Basculegion, L50, M|
|poke|p2|Kingambit, L50, F|
|teampreview|4
|showteam|p1|Floette-Eternal||Floettite|FlowerVeil|CalmMind,Protect,DazzlingGleam,Moonblast|Modest||F|||50|]Talonflame|||GaleWings|Acrobatics,Tailwind,FlareBlitz,Protect|Jolly||M|||50|]Scizor||Scizorite|Technician|BulletPunch,Protect,BugBite,SwordsDance|Adamant||F|||50|]Garchomp||LifeOrb|RoughSkin|DragonClaw,RockSlide,Earthquake,Protect|Jolly||F|||50|]Sinistcha-Masterpiece||SitrusBerry|Hospitality|MatchaGotcha,TrickRoom,LifeDew,RagePowder|Bold|||||50|]Basculegion||FocusSash|Adaptability|LastRespects,AquaJet,Protect,Liquidation|Adamant||M|||50|
|showteam|p2|Ninetales-Alola||LifeOrb|SnowWarning|Blizzard,Protect,FreezeDry,Moonblast|Timid||F|||50|]Metagross||Metagrossite|ClearBody|MeteorMash,PsychicFangs,IcePunch,Protect|Jolly|||||50|]Raichu||RaichuniteY|LightningRod|ZapCannon,FocusBlast,FakeOut,Protect|Timid||M|||50|]Sneasler||FocusSash|Unburden|Coaching,FakeOut,CloseCombat,DireClaw|Adamant||M|||50|]Basculegion||MysticWater|SwiftSwim|Liquidation,LastRespects,AquaJet,Protect|Adamant||M|||50|]Kingambit||ChopleBerry|Defiant|SuckerPunch,SwordsDance,KowtowCleave,Protect|Adamant||F|||50|
|inactive|Battle timer is ON: inactive players will automatically lose when time's up. (requested by Rafaxpro_11)
|
|t:|1782350897
|teamsize|p1|4
|teamsize|p2|4
|start
|switch|p1a: Scizor|Scizor, L50, F|100/100
|switch|p1b: Talonflame|Talonflame, L50, M|100/100
|switch|p2a: Metagross|Metagross, L50|100/100
|switch|p2b: Basculegion|Basculegion, L50, M|100/100
|turn|1
|
|t:|1782350914
|switch|p2a: Sneasler|Sneasler, L50, M|100/100
|detailschange|p1a: Scizor|Scizor-Mega, L50, F
|-mega|p1a: Scizor|Scizor|Scizorite
|move|p1b: Talonflame|Tailwind|p1b: Talonflame
|-sidestart|p1: Rafaxpro_11|move: Tailwind
|move|p1a: Scizor|Bug Bite|p2b: Basculegion
|-resisted|p2b: Basculegion|1
|-damage|p2b: Basculegion|66/100
|move|p2b: Basculegion|Liquidation|p1a: Scizor
|-damage|p1a: Scizor|60/100
|
|upkeep
|turn|2
|
|t:|1782350934
|move|p2b: Basculegion|Protect|p2b: Basculegion
|-singleturn|p2b: Basculegion|Protect
|move|p1b: Talonflame|Acrobatics|p2a: Sneasler
|-supereffective|p2a: Sneasler|1
|-enditem|p2a: Sneasler|Focus Sash
|-damage|p2a: Sneasler|1/100
|move|p2a: Sneasler|Coaching|p2b: Basculegion
|-boost|p2b: Basculegion|atk|1
|-boost|p2b: Basculegion|def|1
|move|p1a: Scizor|Bug Bite|p2b: Basculegion
|-activate|p2b: Basculegion|move: Protect
|
|upkeep
|turn|3
|
|t:|1782350951
|switch|p2a: Metagross|Metagross, L50|100/100
|move|p1b: Talonflame|Acrobatics|p2b: Basculegion
|-damage|p2b: Basculegion|30/100
|move|p1a: Scizor|Bullet Punch|p2a: Metagross
|-resisted|p2a: Metagross|1
|-damage|p2a: Metagross|81/100
|move|p2b: Basculegion|Aqua Jet|p1b: Talonflame
|-supereffective|p1b: Talonflame|1
|-damage|p1b: Talonflame|0 fnt
|faint|p1b: Talonflame
|
|upkeep
|
|t:|1782350957
|switch|p1b: Basculegion|Basculegion, L50, M|100/100
|turn|4
|inactive|strifesada has 30 seconds left.
|
|t:|1782350983
|detailschange|p2a: Metagross|Metagross-Mega, L50
|-mega|p2a: Metagross|Metagross|Metagrossite
|move|p1b: Basculegion|Protect|p1b: Basculegion
|-singleturn|p1b: Basculegion|Protect
|move|p2b: Basculegion|Protect|p2b: Basculegion
|-singleturn|p2b: Basculegion|Protect
|move|p1a: Scizor|Bug Bite|p2b: Basculegion
|-activate|p2b: Basculegion|move: Protect
|move|p2a: Metagross|Psychic Fangs|p1b: Basculegion
|-activate|p1b: Basculegion|move: Protect
|
|-sideend|p1: Rafaxpro_11|move: Tailwind
|upkeep
|turn|5
|
|t:|1782350996
|move|p2b: Basculegion|Aqua Jet|p1a: Scizor
|-damage|p1a: Scizor|32/100
|move|p2a: Metagross|Psychic Fangs|p1b: Basculegion
|-damage|p1b: Basculegion|32/100
|move|p1b: Basculegion|Last Respects|p2a: Metagross
|-supereffective|p2a: Metagross|1
|-damage|p2a: Metagross|0 fnt
|faint|p2a: Metagross
|move|p1a: Scizor|Bug Bite|p2b: Basculegion
|-resisted|p2b: Basculegion|1
|-damage|p2b: Basculegion|6/100
|
|upkeep
|
|t:|1782351008
|switch|p2a: Ninetales|Ninetales-Alola, L50, F|100/100
|-weather|Snowscape|[from] ability: Snow Warning|[of] p2a: Ninetales
|turn|6
|
|t:|1782351018
|move|p2a: Ninetales|Protect|p2a: Ninetales
|-singleturn|p2a: Ninetales|Protect
|move|p2b: Basculegion|Aqua Jet|p1a: Scizor
|-damage|p1a: Scizor|3/100
|move|p1b: Basculegion|Aqua Jet|p2b: Basculegion
|-resisted|p2b: Basculegion|1
|-damage|p2b: Basculegion|0 fnt
|faint|p2b: Basculegion
|move|p1a: Scizor|Bullet Punch|p2a: Ninetales
|-activate|p2a: Ninetales|move: Protect
|
|-weather|Snowscape|[upkeep]
|upkeep
|
|t:|1782351025
|switch|p2b: Sneasler|Sneasler, L50, M|1/100
|turn|7
|
|t:|1782351029
|move|p1b: Basculegion|Protect|p1b: Basculegion
|-singleturn|p1b: Basculegion|Protect
|move|p1a: Scizor|Protect|p1a: Scizor
|-singleturn|p1a: Scizor|Protect
|move|p2b: Sneasler|Fake Out|p1a: Scizor
|-activate|p1a: Scizor|move: Protect
|move|p2a: Ninetales|Freeze-Dry|p1b: Basculegion
|-activate|p1b: Basculegion|move: Protect
|
|-weather|Snowscape|[upkeep]
|upkeep
|turn|8
|
|t:|1782351041
|move|p1b: Basculegion|Aqua Jet|p2b: Sneasler
|-damage|p2b: Sneasler|0 fnt
|faint|p2b: Sneasler
|move|p1a: Scizor|Bullet Punch|p2a: Ninetales
|-supereffective|p2a: Ninetales|2
|-damage|p2a: Ninetales|0 fnt
|faint|p2a: Ninetales
|
|win|Rafaxpro_11
