|j|☆Alysonz
|j|☆new mental
|html|Alysonznew mental    
|uhtml|bestof|Game 2 of a best-of-3
|t:|1783692924
|gametype|doubles
|player|p1|Alysonz|steven|1087
|player|p2|new mental|volkner|1310
|gen|9
|tier|[Gen 9 Champions] VGC 2026 Reg M-B (Bo3)
|rated|
|rule|Species Clause: Limit one of each Pokémon
|rule|Item Clause: Limit 1 of each item
|clearpoke
|poke|p1|Gengar, L50, M|
|poke|p1|Grimmsnarl, L50, M|
|poke|p1|Scizor, L50, M|
|poke|p1|Charizard, L50, F|
|poke|p1|Venusaur, L50, M|
|poke|p1|Dragapult, L50, F|
|poke|p2|Charizard, L50, F|
|poke|p2|Kingambit, L50, F|
|poke|p2|Sylveon, L50, M|
|poke|p2|Garchomp, L50, F|
|poke|p2|Aerodactyl, L50, M|
|poke|p2|Farigiraf, L50, F|
|teampreview|4
|showteam|p1|Gengar||Gengarite|CursedBody|PerishSong,Protect,Disable,ShadowBall|Timid||M|||50|]Grimmsnarl||LightClay|Prankster|PartingShot,Reflect,LightScreen,Protect|Impish||M|||50|]Scizor||Leftovers|Technician|BulletPunch,CloseCombat,BugBite,Protect|Adamant||M|||50|]Charizard||CharizarditeY|Blaze|HeatWave,WeatherBall,AncientPower,Protect|Timid||F|||50|]Venusaur||ExpertBelt|Chlorophyll|GigaDrain,EarthPower,SludgeBomb,Protect|Modest||M|||50|]Dragapult||LifeOrb|ClearBody|DragonDarts,PhantomForce,Uturn,Protect|Adamant||F|||50|
|showteam|p2|Charizard||CharizarditeY|SolarPower|Protect,HeatWave,SolarBeam,WeatherBall|Modest||F|||50|]Kingambit||FocusSash|Defiant|IronHead,SuckerPunch,KowtowCleave,LowKick|Adamant||F|||50|]Sylveon||FairyFeather|Pixilate|Detect,HyperVoice,HyperBeam,QuickAttack|Modest||M|||50|]Garchomp||LifeOrb|RoughSkin|Protect,DragonClaw,Earthquake,RockSlide|Jolly||F|||50|]Aerodactyl||Aerodactylite|Unnerve|IceFang,RockSlide,Tailwind,DualWingbeat|Jolly||M|||50|]Farigiraf||SitrusBerry|ArmorTail|TrickRoom,Psychic,Thunderbolt,Roar|Bold||F|||50|
|inactive|Battle timer is ON: inactive players will automatically lose when time's up. (requested by Alysonz)
|
|t:|1783692949
|teamsize|p1|4
|teamsize|p2|4
|start
|switch|p1a: Ryuk|Gengar, L50, M|100/100
|switch|p1b: Grimmsnarl|Grimmsnarl, L50, M|100/100
|switch|p2a: Aerodactyl|Aerodactyl, L50, M|100/100
|switch|p2b: Charizard|Charizard, L50, F|100/100
|-ability|p2a: Aerodactyl|Unnerve
|turn|1
|
|t:|1783692969
|detailschange|p1a: Ryuk|Gengar-Mega, L50, M
|-mega|p1a: Ryuk|Gengar|Gengarite
|detailschange|p2b: Charizard|Charizard-Mega-Y, L50, F
|-mega|p2b: Charizard|Charizard|Charizardite Y
|-weather|SunnyDay|[from] ability: Drought|[of] p2b: Charizard
|move|p1b: Grimmsnarl|Light Screen|p1b: Grimmsnarl
|-sidestart|p1: Alysonz|move: Light Screen
|move|p1a: Ryuk|Perish Song|p1a: Ryuk
|-start|p1a: Ryuk|perish3|[silent]
|-start|p1b: Grimmsnarl|perish3|[silent]
|-start|p2a: Aerodactyl|perish3|[silent]
|-start|p2b: Charizard|perish3|[silent]
|-fieldactivate|move: Perish Song
|move|p2a: Aerodactyl|Rock Slide|p1b: Grimmsnarl|[spread] p1a,p1b
|-damage|p1a: Ryuk|72/100
|-damage|p1b: Grimmsnarl|78/100
|move|p2b: Charizard|Heat Wave|p1b: Grimmsnarl|[spread] p1a,p1b
|-damage|p1a: Ryuk|26/100
|-damage|p1b: Grimmsnarl|38/100
|
|-weather|SunnyDay|[upkeep]
|-start|p2a: Aerodactyl|perish3
|-start|p1a: Ryuk|perish3
|-start|p2b: Charizard|perish3
|-start|p1b: Grimmsnarl|perish3
|upkeep
|turn|2
|inactive|Alysonz has 30 seconds left.
|inactive|new mental has 30 seconds left.
|
|t:|1783692996
|move|p1b: Grimmsnarl|Reflect|p1b: Grimmsnarl
|-sidestart|p1: Alysonz|Reflect
|move|p2a: Aerodactyl|Dual Wingbeat|p1b: Grimmsnarl|[miss]
|-miss|p2a: Aerodactyl|p1b: Grimmsnarl
|move|p1a: Ryuk|Disable|p2b: Charizard
|-start|p2b: Charizard|Disable|Heat Wave
|cant|p2b: Charizard|Disable|Heat Wave
|
|-weather|SunnyDay|[upkeep]
|-start|p1a: Ryuk|perish2
|-start|p2a: Aerodactyl|perish2
|-start|p2b: Charizard|perish2
|-start|p1b: Grimmsnarl|perish2
|upkeep
|turn|3
|
|t:|1783693010
|move|p1b: Grimmsnarl|Protect|p1b: Grimmsnarl
|-singleturn|p1b: Grimmsnarl|Protect
|move|p1a: Ryuk|Protect|p1a: Ryuk
|-singleturn|p1a: Ryuk|Protect
|move|p2a: Aerodactyl|Rock Slide|p1a: Ryuk|[spread] 
|-activate|p1a: Ryuk|move: Protect
|-activate|p1b: Grimmsnarl|move: Protect
|move|p2b: Charizard|Weather Ball|p1a: Ryuk
|-activate|p1a: Ryuk|move: Protect
|
|-weather|SunnyDay|[upkeep]
|-start|p1a: Ryuk|perish1
|-start|p2a: Aerodactyl|perish1
|-start|p2b: Charizard|perish1
|-start|p1b: Grimmsnarl|perish1
|upkeep
|turn|4
|inactive|Alysonz has 30 seconds left.
|
|t:|1783693044
|switch|p1a: Dragapult|Dragapult, L50, F|100/100
|move|p1b: Grimmsnarl|Parting Shot|p2b: Charizard
|-unboost|p2b: Charizard|atk|1
|-unboost|p2b: Charizard|spa|1
|
|t:|1783693050
|switch|p1b: Ryuk|Gengar-Mega, L50, M|26/100|[from] Parting Shot
|move|p2a: Aerodactyl|Tailwind|p2a: Aerodactyl
|-sidestart|p2: new mental|move: Tailwind
|move|p2b: Charizard|Weather Ball|p1a: Dragapult
|-resisted|p1a: Dragapult|1
|-damage|p1a: Dragapult|72/100
|
|-weather|SunnyDay|[upkeep]
|-start|p2a: Aerodactyl|perish0
|-start|p2b: Charizard|perish0
|faint|p2a: Aerodactyl
|faint|p2b: Charizard
|upkeep
|
|t:|1783693057
|switch|p2a: Sylveon|Sylveon, L50, M|100/100
|switch|p2b: Farigiraf|Farigiraf, L50, F|100/100
|turn|5
|
|t:|1783693067
|move|p1b: Ryuk|Perish Song|p1b: Ryuk
|-start|p1a: Dragapult|perish3|[silent]
|-start|p1b: Ryuk|perish3|[silent]
|-start|p2a: Sylveon|perish3|[silent]
|-start|p2b: Farigiraf|perish3|[silent]
|-fieldactivate|move: Perish Song
|move|p1a: Dragapult|U-turn|p2b: Farigiraf
|-supereffective|p2b: Farigiraf|1
|-damage|p2b: Farigiraf|46/100
|-enditem|p2b: Farigiraf|Sitrus Berry|[eat]
|-heal|p2b: Farigiraf|71/100|[from] item: Sitrus Berry
|-damage|p1a: Dragapult|62/100|[from] item: Life Orb
|
|t:|1783693075
|switch|p1a: Scizor|Scizor, L50, M|100/100|[from] U-turn
|move|p2a: Sylveon|Hyper Voice|p1a: Scizor|[spread] p1a,p1b
|-resisted|p1a: Scizor|1
|-resisted|p1b: Ryuk|1
|-damage|p1a: Scizor|77/100
|-damage|p1b: Ryuk|6/100
|move|p2b: Farigiraf|Psychic|p1b: Ryuk
|-supereffective|p1b: Ryuk|1
|-damage|p1b: Ryuk|0 fnt
|faint|p1b: Ryuk
|
|-weather|none
|-heal|p1a: Scizor|84/100|[from] item: Leftovers
|-start|p2a: Sylveon|perish3
|-start|p2b: Farigiraf|perish3
|upkeep
|
|t:|1783693089
|switch|p1b: Dragapult|Dragapult, L50, F|62/100
|turn|6
|inactive|new mental has 30 seconds left.
|inactive|new mental has 20 seconds left.
|
|t:|1783693126
|move|p1b: Dragapult|U-turn|p2b: Farigiraf
|-supereffective|p2b: Farigiraf|1
|-damage|p2b: Farigiraf|20/100y
|-damage|p1b: Dragapult|52/100|[from] item: Life Orb
|
|t:|1783693132
|switch|p1b: Grimmsnarl|Grimmsnarl, L50, M|38/100|[from] U-turn
|move|p2a: Sylveon|Hyper Voice|p1b: Grimmsnarl|[spread] p1a,p1b
|-resisted|p1a: Scizor|1
|-supereffective|p1b: Grimmsnarl|1
|-damage|p1a: Scizor|62/100
|-damage|p1b: Grimmsnarl|0 fnt
|faint|p1b: Grimmsnarl
|move|p2b: Farigiraf|Thunderbolt|p1a: Scizor
|-damage|p1a: Scizor|40/100
|move|p1a: Scizor|Bug Bite|p2b: Farigiraf
|-supereffective|p2b: Farigiraf|1
|-crit|p2b: Farigiraf
|-damage|p2b: Farigiraf|0 fnt
|faint|p2b: Farigiraf
|
|-heal|p1a: Scizor|46/100|[from] item: Leftovers
|-start|p2a: Sylveon|perish2
|upkeep
|
|t:|1783693147
|switch|p1b: Dragapult|Dragapult, L50, F|52/100
|turn|7
|
|t:|1783693157
|move|p1a: Scizor|Bullet Punch|p2a: Sylveon
|-supereffective|p2a: Sylveon|1
|-damage|p2a: Sylveon|24/100
|move|p1b: Dragapult|Phantom Force||[still]
|-prepare|p1b: Dragapult|Phantom Force
|move|p2a: Sylveon|Hyper Beam|p1a: Scizor
|-resisted|p1a: Scizor|1
|-damage|p1a: Scizor|0 fnt
|-mustrecharge|p2a: Sylveon
|faint|p1a: Scizor
|
|-start|p2a: Sylveon|perish1
|-sideend|p2: new mental|move: Tailwind
|upkeep
|turn|8
|
|t:|1783693168
|move|p1b: Dragapult|Phantom Force|p2a: Sylveon|[from] lockedmove
|-damage|p2a: Sylveon|0 fnt
|faint|p2a: Sylveon
|-damage|p1b: Dragapult|43/100|[from] item: Life Orb
|
|win|Alysonz
|raw|Alysonz's rating: 1087 → 1129(+42 for winning)
|raw|new mental's rating: 1310 → 1279(-31 for losing)
