|j|☆JakAttack101
|j|☆Fedex 27
|html|JakAttack101Fedex 27    
|uhtml|bestof|Game 2 of a best-of-3
|t:|1756393340
|gametype|doubles
|player|p1|JakAttack101|blaine|1000
|player|p2|Fedex 27|will|1077
|gen|9
|tier|[Gen 9] VGC 2025 Reg H (Bo3)
|rated|
|rule|Species Clause: Limit one of each Pokémon
|rule|Item Clause: Limit 1 of each item
|clearpoke
|poke|p1|Annihilape, L50, M|
|poke|p1|Ninetales-Alola, L50, M|
|poke|p1|Garchomp, L50, F|
|poke|p1|Dragonite, L50, M|
|poke|p1|Sneasler, L50, M|
|poke|p1|Incineroar, L50, F|
|poke|p2|Ninetales-Alola, L50, F|
|poke|p2|Dragonite, L50, M|
|poke|p2|Gholdengo, L50|
|poke|p2|Magmar, L50, M|
|poke|p2|Annihilape, L50, F|
|poke|p2|Ursaluna-Bloodmoon, L50, M|
|teampreview|4
|showteam|p1|Annihilape||AssaultVest|Defiant|RageFist,DrainPunch,RockTomb,FinalGambit|||M|||50|,,,,,Fire]Ninetales-Alola||ChoiceSpecs|SnowWarning|Blizzard,Moonblast,FreezeDry,IcyWind|||M|||50|,,,,,Ghost]Garchomp||LifeOrb|RoughSkin|Earthquake,StompingTantrum,DragonClaw,Protect|||F|||50|,,,,,Steel]Dragonite||LoadedDice|Multiscale|ScaleShot,Tailwind,Protect,Haze|||M|||50|,,,,,Fairy]Sneasler||FocusSash|Unburden|CloseCombat,DireClaw,FakeOut,Coaching|||M|||50|,,,,,Ghost]Incineroar||SafetyGoggles|Intimidate|KnockOff,Taunt,FakeOut,PartingShot|||F|||50|,,,,,Fairy
|showteam|p2|Ninetales-Alola||LightClay|SnowWarning|AuroraVeil,Blizzard,IceBeam,Encore|||F|||50|,,,,,Ghost]Dragonite||LoadedDice|Multiscale|ScaleShot,IceSpinner,ExtremeSpeed,Protect|||M|||50|,,,,,Normal]Gholdengo||MetalCoat|GoodasGold|MakeItRain,Protect,ShadowBall,NastyPlot||||||50|,,,,,Dragon]Magmar||Eviolite|FlameBody|FollowMe,HeatWave,Protect,WillOWisp|||M|||50|,,,,,Ghost]Annihilape||SafetyGoggles|Defiant|DrainPunch,BulkUp,Protect,RageFist|||F|||50|,,,,,Fire]Ursaluna-Bloodmoon||AssaultVest|MindsEye|BloodMoon,EarthPower,VacuumWave,HyperVoice|||M|||50|,,,,,Water
|inactive|Battle timer is ON: inactive players will automatically lose when time's up. (requested by Fedex 27)
|
|t:|1756393362
|teamsize|p1|4
|teamsize|p2|4
|start
|switch|p1a: Dragonite|Dragonite, L50, M, shiny|100/100
|switch|p1b: Garchomp|Garchomp, L50, F|100/100
|switch|p2a: Magmar|Magmar, L50, M|100/100
|switch|p2b: Annihilape|Annihilape, L50, F|100/100
|turn|1
|inactive|Fedex 27 has 30 seconds left.
|
|t:|1756393393
|switch|p2a: Dragonite|Dragonite, L50, M|100/100
|move|p2b: Annihilape|Protect|p2b: Annihilape
|-singleturn|p2b: Annihilape|Protect
|move|p1b: Garchomp|Earthquake|p2a: Dragonite|[spread] 
|-activate|p2b: Annihilape|move: Protect
|-immune|p1a: Dragonite
|-immune|p2a: Dragonite
|move|p1a: Dragonite|Scale Shot|p2b: Annihilape
|-activate|p2b: Annihilape|move: Protect
|
|upkeep
|turn|2
|inactive|Fedex 27 has 30 seconds left.
|
|t:|1756393420
|-terastallize|p2a: Dragonite|Normal
|move|p1b: Garchomp|Dragon Claw|p2a: Dragonite
|-damage|p2a: Dragonite|70/100
|-damage|p1b: Garchomp|91/100|[from] item: Life Orb
|move|p2b: Annihilape|Bulk Up|p2b: Annihilape
|-boost|p2b: Annihilape|atk|1
|-boost|p2b: Annihilape|def|1
|move|p2a: Dragonite|Ice Spinner|p1a: Dragonite
|-supereffective|p1a: Dragonite
|-damage|p1a: Dragonite|31/100
|move|p1a: Dragonite|Scale Shot|p2a: Dragonite
|-damage|p2a: Dragonite|54/100
|-crit|p2a: Dragonite
|-damage|p2a: Dragonite|28/100
|-crit|p2a: Dragonite
|-damage|p2a: Dragonite|4/100
|-damage|p2a: Dragonite|0 fnt
|faint|p2a: Dragonite
|-hitcount|p2: Dragonite|4
|-unboost|p1a: Dragonite|def|1
|-boost|p1a: Dragonite|spe|1
|
|upkeep
|c|☆JakAttack101|one sec at work
|c|☆JakAttack101|no time plz
|inactive|Fedex 27 has 30 seconds left.
|
|t:|1756393446
|switch|p2a: Magmar|Magmar, L50, M|100/100
|turn|3
|inactive|JakAttack101 has 30 seconds left.
|c|☆Fedex 27|sorry, read now
|inactive|JakAttack101 has 20 seconds left.
|inactive|JakAttack101 has 15 seconds left.
|inactive|JakAttack101 has 10 seconds left.
|inactive|JakAttack101 has 5 seconds left.
|
|t:|1756393502
|move|p2a: Magmar|Protect|p2a: Magmar
|-singleturn|p2a: Magmar|Protect
|move|p1a: Dragonite|Scale Shot|p2b: Annihilape
|-damage|p2b: Annihilape|90/100
|-damage|p2b: Annihilape|78/100
|-damage|p2b: Annihilape|66/100
|-damage|p2b: Annihilape|55/100
|-hitcount|p2b: Annihilape|4
|-unboost|p1a: Dragonite|def|1
|-boost|p1a: Dragonite|spe|1
|move|p1b: Garchomp|Earthquake|p2a: Magmar|[spread] p2b
|-activate|p2a: Magmar|move: Protect
|-immune|p1a: Dragonite
|-damage|p2b: Annihilape|16/100
|-damage|p1b: Garchomp|81/100|[from] item: Life Orb
|move|p2b: Annihilape|Drain Punch|p1b: Garchomp
|-damage|p1b: Garchomp|31/100
|-heal|p2b: Annihilape|41/100|[from] drain|[of] p1b: Garchomp
|-damage|p2b: Annihilape|29/100|[from] ability: Rough Skin|[of] p1b: Garchomp
|
|upkeep
|turn|4
|inactive|JakAttack101 has 30 seconds left.
|inactive|Fedex 27 has 30 seconds left.
|inactive|JakAttack101 has 20 seconds left.
|inactive|JakAttack101 has 15 seconds left.
|inactive|JakAttack101 has 10 seconds left.
|inactive|JakAttack101 has 5 seconds left.
|
|t:|1756393552
|move|p2b: Annihilape|Protect|p2b: Annihilape
|-singleturn|p2b: Annihilape|Protect
|move|p1a: Dragonite|Scale Shot|p2b: Annihilape
|-activate|p2b: Annihilape|move: Protect
|move|p1b: Garchomp|Earthquake|p2b: Annihilape|[spread] p2a
|-activate|p2b: Annihilape|move: Protect
|-immune|p1a: Dragonite
|-supereffective|p2a: Magmar
|-damage|p2a: Magmar|22/100
|-damage|p1b: Garchomp|21/100|[from] item: Life Orb
|move|p2a: Magmar|Heat Wave|p1b: Garchomp|[spread] p1a,p1b
|-resisted|p1a: Dragonite
|-resisted|p1b: Garchomp
|-damage|p1a: Dragonite|18/100
|-damage|p1b: Garchomp|8/100
|
|upkeep
|turn|5
|inactive|Fedex 27 has 30 seconds left.
|
|t:|1756393585
|move|p1a: Dragonite|Protect|p1a: Dragonite
|-singleturn|p1a: Dragonite|Protect
|move|p2b: Annihilape|Protect||[still]
|-fail|p2b: Annihilape
|move|p2a: Magmar|Protect|p2a: Magmar
|-singleturn|p2a: Magmar|Protect
|move|p1b: Garchomp|Earthquake|p2a: Magmar|[spread] p2b
|-activate|p1a: Dragonite|move: Protect
|-activate|p2a: Magmar|move: Protect
|-damage|p2b: Annihilape|0 fnt
|faint|p2b: Annihilape
|-damage|p1b: Garchomp|0 fnt|[from] item: Life Orb
|faint|p1b: Garchomp
|
|upkeep
|
|t:|1756393603
|switch|p1b: Sneasler|Sneasler, L50, M, shiny|100/100
|switch|p2b: Gholdengo|Gholdengo, L50|100/100
|turn|6
|inactive|JakAttack101 has 30 seconds left.
|inactive|JakAttack101 has 20 seconds left.
|inactive|JakAttack101 has 15 seconds left.
|inactive|JakAttack101 has 10 seconds left.
|inactive|JakAttack101 has 5 seconds left.
|
|t:|1756393658
|move|p2a: Magmar|Follow Me|p2a: Magmar
|-singleturn|p2a: Magmar|move: Follow Me
|move|p1a: Dragonite|Scale Shot|p2a: Magmar|[miss]
|-miss|p1a: Dragonite|p2a: Magmar
|move|p1b: Sneasler|Close Combat|p2a: Magmar
|-damage|p2a: Magmar|0 fnt
|-unboost|p1b: Sneasler|def|1
|-unboost|p1b: Sneasler|spd|1
|faint|p2a: Magmar
|move|p2b: Gholdengo|Nasty Plot|p2b: Gholdengo
|-boost|p2b: Gholdengo|spa|2
|
|upkeep
|turn|7
|inactive|JakAttack101 has 30 seconds left.
|
|t:|1756393688
|switch|p1b: Annihilape|Annihilape, L50, M, shiny|100/100
|move|p1a: Dragonite|Tailwind|p1a: Dragonite
|-sidestart|p1: JakAttack101|move: Tailwind
|move|p2b: Gholdengo|Make It Rain|p1a: Dragonite|[spread] p1a,p1b
|-damage|p1a: Dragonite|0 fnt
|-damage|p1b: Annihilape|27/100
|-unboost|p2b: Gholdengo|spa|1
|faint|p1a: Dragonite
|
|upkeep
|
|t:|1756393693
|switch|p1a: Sneasler|Sneasler, L50, M, shiny|100/100
|turn|8
|
|t:|1756393703
|move|p1a: Sneasler|Coaching|p1b: Annihilape
|-boost|p1b: Annihilape|atk|1
|-boost|p1b: Annihilape|def|1
|move|p1b: Annihilape|Rage Fist|p2b: Gholdengo
|-supereffective|p2b: Gholdengo
|-damage|p2b: Gholdengo|0 fnt
|faint|p2b: Gholdengo
|
|win|JakAttack101
||Fedex 27 is ready for game 3.
|inactive|JakAttack101 has 30 seconds to confirm battle start!
||JakAttack101 is ready for game 3.
|uhtml|next|Next: Game 3 of 3
|l|☆Fedex 27
|player|p2|
