|j|☆failandimprove3
|j|☆KKirby
|html|failandimprove3KKirby    
|uhtml|bestof|Game 1 of a best-of-3
|t:|1784227101
|gametype|doubles
|player|p1|failandimprove3|265|1444
|player|p2|KKirby|benga|1345
|gen|9
|tier|[Gen 9 Champions] VGC 2026 Reg M-B (Bo3)
|rated|
|rule|Species Clause: Limit one of each Pokémon
|rule|Item Clause: Limit 1 of each item
|clearpoke
|poke|p1|Tyranitar, L50, M|
|poke|p1|Staraptor, L50, F|
|poke|p1|Excadrill, L50, M|
|poke|p1|Sinistcha, L50|
|poke|p1|Gholdengo, L50|
|poke|p1|Milotic, L50, F|
|poke|p2|Garchomp, L50, F|
|poke|p2|Rotom-Wash, L50|
|poke|p2|Incineroar, L50, F|
|poke|p2|Farigiraf, L50, M|
|poke|p2|Mawile, L50, F|
|poke|p2|Froslass, L50, F|
|teampreview|4
|showteam|p1|Tyranitar||Tyranitarite|SandStream|KnockOff,RockSlide,LowKick,Protect|Adamant||M|||50|]Staraptor||Staraptite|Intimidate|BraveBird,CloseCombat,Tailwind,Protect|Jolly||F|||50|]Excadrill||FocusSash|SandRush|HighHorsepower,IronHead,RockSlide,Protect|Adamant||M|||50|]Sinistcha||ColburBerry|Hospitality|MatchaGotcha,RagePowder,TrickRoom,Protect|Calm|||||50|]Gholdengo||LifeOrb|GoodasGold|MakeItRain,ShadowBall,NastyPlot,Protect|Timid|||||50|]Milotic||SitrusBerry|Competitive|Scald,Haze,IcyWind,Protect|Modest||F|||50|
|showteam|p2|Garchomp||LifeOrb|RoughSkin|RockSlide,StompingTantrum,DragonClaw,Protect|Jolly||F|||50|]Rotom-Wash||ChoiceScarf|Levitate|Thunderbolt,Discharge,VoltSwitch,HydroPump|Timid|||||50|]Incineroar||ChopleBerry|Intimidate|FakeOut,ThroatChop,FlareBlitz,PartingShot|Careful||F|||50|]Farigiraf||SitrusBerry|ArmorTail|HyperVoice,Protect,TrickRoom,Psychic|Quiet||M|||50|]Mawile||Mawilite|Intimidate|SwordsDance,PlayRough,Protect,SuckerPunch|Brave||F|||50|]Froslass||Froslassite|SnowCloak|Protect,Blizzard,AuroraVeil,ShadowBall|Modest||F|||50|
|inactive|Battle timer is ON: inactive players will automatically lose when time's up. (requested by KKirby)
|inactive|failandimprove3 also wants the timer to be on.
|inactive|KKirby has 60 seconds left.
|
|t:|1784227138
|teamsize|p1|4
|teamsize|p2|4
|start
|switch|p1a: Milotic|Milotic, L50, F|100/100
|switch|p1b: Staraptor|Staraptor, L50, F|100/100
|switch|p2a: Rotom|Rotom-Wash, L50|100/100
|switch|p2b: Garchomp|Garchomp, L50, F|100/100
|-ability|p1b: Staraptor|Intimidate|boost
|-unboost|p2a: Rotom|atk|1
|-unboost|p2b: Garchomp|atk|1
|turn|1
|inactive|KKirby has 30 seconds left.
|inactive|KKirby has 20 seconds left.
|
|t:|1784227177
|switch|p2b: Incineroar|Incineroar, L50, F|100/100
|-ability|p2b: Incineroar|Intimidate|boost
|-unboost|p1a: Milotic|atk|1
|-ability|p1a: Milotic|Competitive|boost
|-boost|p1a: Milotic|spa|2
|-unboost|p1b: Staraptor|atk|1
|move|p1b: Staraptor|Protect|p1b: Staraptor
|-singleturn|p1b: Staraptor|Protect
|move|p2a: Rotom|Volt Switch|p1a: Milotic
|-supereffective|p1a: Milotic|1
|-damage|p1a: Milotic|48/100
|-enditem|p1a: Milotic|Sitrus Berry|[eat]
|-heal|p1a: Milotic|73/100|[from] item: Sitrus Berry
|
|t:|1784227196
|switch|p2a: Froslass|Froslass, L50, F|100/100|[from] Volt Switch
|move|p1a: Milotic|Icy Wind|p2b: Incineroar|[spread] p2a
|-miss|p1a: Milotic|p2b: Incineroar
|-resisted|p2a: Froslass|1
|-damage|p2a: Froslass|80/100
|-unboost|p2a: Froslass|spe|1
|
|upkeep
|turn|2
|
|t:|1784227221
|detailschange|p1b: Staraptor|Staraptor-Mega, L50, F
|-mega|p1b: Staraptor|Staraptor|Staraptite
|detailschange|p2a: Froslass|Froslass-Mega, L50, F
|-mega|p2a: Froslass|Froslass|Froslassite
|-weather|Snowscape|[from] ability: Snow Warning|[of] p2a: Froslass
|move|p1a: Milotic|Protect|p1a: Milotic
|-singleturn|p1a: Milotic|Protect
|move|p2b: Incineroar|Fake Out|p1a: Milotic
|-activate|p1a: Milotic|move: Protect
|move|p1b: Staraptor|Close Combat|p2b: Incineroar
|-supereffective|p2b: Incineroar|1
|-enditem|p2b: Incineroar|Chople Berry|[eat]
|-enditem|p2b: Incineroar|Chople Berry|[weaken]
|-damage|p2b: Incineroar|66/100
|-boost|p1b: Staraptor|def|1
|-boost|p1b: Staraptor|spd|1
|move|p2a: Froslass|Aurora Veil|p2a: Froslass
|-sidestart|p2: KKirby|move: Aurora Veil
|
|-weather|Snowscape|[upkeep]
|upkeep
|turn|3
|inactive|KKirby has 30 seconds left.
|
|t:|1784227250
|switch|p1b: Sinistcha|Sinistcha, L50|100/100
|-heal|p1a: Milotic|97/100|[from] ability: Hospitality|[of] p1b: Sinistcha
|switch|p2b: Rotom|Rotom-Wash, L50|100/100
|move|p1a: Milotic|Scald|p2b: Rotom
|-resisted|p2b: Rotom|1
|-damage|p2b: Rotom|72/100
|-status|p2b: Rotom|brn
|move|p2a: Froslass|Blizzard|p1b: Sinistcha|[spread] p1a,p1b
|-resisted|p1a: Milotic|1
|-supereffective|p1b: Sinistcha|1
|-damage|p1a: Milotic|77/100
|-damage|p1b: Sinistcha|11/100
|
|-weather|Snowscape|[upkeep]
|-damage|p2b: Rotom|66/100 brn|[from] brn
|upkeep
|turn|4
|inactive|KKirby has 30 seconds left.
|inactive|KKirby has 20 seconds left.
|inactive|KKirby has 15 seconds left.
|
|t:|1784227293
|switch|p2a: Garchomp|Garchomp, L50, F|100/100
|switch|p1b: Tyranitar|Tyranitar, L50, M|100/100
|-weather|Sandstorm|[from] ability: Sand Stream|[of] p1b: Tyranitar
|move|p2b: Rotom|Discharge|p1b: Tyranitar|[spread] p1a,p1b
|-immune|p2a: Garchomp
|-supereffective|p1a: Milotic|1
|-damage|p1a: Milotic|32/100
|-damage|p1b: Tyranitar|82/100
|-status|p1a: Milotic|par
|move|p1a: Milotic|Icy Wind|p2a: Garchomp|[spread] p2a,p2b
|-supereffective|p2a: Garchomp|2
|-resisted|p2b: Rotom|1
|-damage|p2a: Garchomp|33/100
|-damage|p2b: Rotom|55/100 brn
|-unboost|p2a: Garchomp|spe|1
|-unboost|p2b: Rotom|spe|1
|
|-weather|Sandstorm|[upkeep]
|-damage|p2b: Rotom|49/100 brn|[from] Sandstorm
|-damage|p1a: Milotic|26/100 par|[from] Sandstorm
|-damage|p2b: Rotom|43/100 brn|[from] brn
|upkeep
|turn|5
|inactive|failandimprove3 has 30 seconds left.
|inactive|KKirby has 30 seconds left.
|inactive|failandimprove3 has 20 seconds left.
|inactive|KKirby has 20 seconds left.
|inactive|failandimprove3 has 15 seconds left.
|inactive|failandimprove3 has 10 seconds left.
|inactive|KKirby has 15 seconds left.
|inactive|failandimprove3 has 5 seconds left.
|inactive|KKirby has 10 seconds left.
|
|t:|1784227346
|move|p2b: Rotom|Discharge|p1b: Tyranitar|[spread] p1a,p1b
|-immune|p2a: Garchomp
|-supereffective|p1a: Milotic|1
|-damage|p1a: Milotic|0 fnt
|-damage|p1b: Tyranitar|64/100
|faint|p1a: Milotic
|move|p1b: Tyranitar|Knock Off|p2a: Garchomp
|-damage|p2a: Garchomp|0 fnt
|-damage|p1b: Tyranitar|51/100|[from] ability: Rough Skin|[of] p2a: Garchomp
|-enditem|p2a: Garchomp|Life Orb|[from] move: Knock Off|[of] p1b: Tyranitar
|faint|p2a: Garchomp
|
|-weather|Sandstorm|[upkeep]
|-damage|p2b: Rotom|37/100 brn|[from] Sandstorm
|-damage|p2b: Rotom|31/100 brn|[from] brn
|upkeep
|
|t:|1784227362
|switch|p2a: Froslass|Froslass-Mega, L50, F|80/100
|switch|p1a: Staraptor|Staraptor-Mega, L50, F|100/100
|-weather|Snowscape|[from] ability: Snow Warning|[of] p2a: Froslass
|turn|6
|inactive|failandimprove3 has 30 seconds left.
|inactive|KKirby has 30 seconds left.
|
|t:|1784227403
|switch|p2b: Incineroar|Incineroar, L50, F|66/100
|-ability|p2b: Incineroar|Intimidate|boost
|-boost|p1a: Staraptor|atk|1
|-unboost|p1b: Tyranitar|atk|1
|move|p1a: Staraptor|Close Combat|p2b: Incineroar
|-supereffective|p2b: Incineroar|1
|-damage|p2b: Incineroar|0 fnt
|-boost|p1a: Staraptor|def|1
|-boost|p1a: Staraptor|spd|1
|faint|p2b: Incineroar
|move|p2a: Froslass|Blizzard|p1a: Staraptor|[spread] p1a,p1b
|-supereffective|p1a: Staraptor|1
|-damage|p1a: Staraptor|34/100
|-damage|p1b: Tyranitar|6/100
|move|p1b: Tyranitar|Rock Slide|p2a: Froslass
|-supereffective|p2a: Froslass|1
|-damage|p2a: Froslass|39/100
|
|-weather|Snowscape|[upkeep]
|-sideend|p2: KKirby|move: Aurora Veil
|upkeep
|
|t:|1784227419
|switch|p2b: Rotom|Rotom-Wash, L50|31/100 brn
|turn|7
|inactive|failandimprove3 has 30 seconds left.
|inactive|KKirby has 30 seconds left.
|inactive|failandimprove3 has 20 seconds left.
|
|t:|1784227458
|move|p1a: Staraptor|Protect|p1a: Staraptor
|-singleturn|p1a: Staraptor|Protect
|move|p2b: Rotom|Thunderbolt|p1a: Staraptor
|-activate|p1a: Staraptor|move: Protect
|move|p2a: Froslass|Blizzard|p1b: Tyranitar|[spread] p1b
|-activate|p1a: Staraptor|move: Protect
|-damage|p1b: Tyranitar|0 fnt
|faint|p1b: Tyranitar
|
|-weather|Snowscape|[upkeep]
|-damage|p2b: Rotom|24/100 brn|[from] brn
|upkeep
|
|t:|1784227460
|switch|p1b: Sinistcha|Sinistcha, L50|11/100
|-heal|p1a: Staraptor|59/100|[from] ability: Hospitality|[of] p1b: Sinistcha
|turn|8
|inactive|failandimprove3 has 30 seconds left.
|
|t:|1784227487
|move|p1b: Sinistcha|Protect|p1b: Sinistcha
|-singleturn|p1b: Sinistcha|Protect
|move|p2b: Rotom|Thunderbolt|p1a: Staraptor
|-supereffective|p1a: Staraptor|1
|-damage|p1a: Staraptor|0 fnt
|faint|p1a: Staraptor
|move|p2a: Froslass|Blizzard|p1b: Sinistcha
|-activate|p1b: Sinistcha|move: Protect
|
|-weather|Snowscape|[upkeep]
|-damage|p2b: Rotom|18/100 brn|[from] brn
|upkeep
|turn|9
|-message|failandimprove3 forfeited.
|
|win|KKirby
