|j|☆XNZu
|j|☆El Badapple
|html|XNZuEl Badapple    
|uhtml|bestof|Game 3 of a best-of-3
|t:|1785163731
|gametype|doubles
|player|p1|XNZu|265|1117
|player|p2|El Badapple|cheryl|1135
|gen|9
|tier|[Gen 9 Champions] VGC 2026 Reg M-B (Bo3)
|rated|
|rule|Species Clause: Limit one of each Pokémon
|rule|Item Clause: Limit 1 of each item
|clearpoke
|poke|p1|Vivillon-Tundra, L50, M|
|poke|p1|Raichu, L50, F|
|poke|p1|Garchomp, L50, M|
|poke|p1|Farigiraf, L50, M|
|poke|p1|Torkoal, L50, M|
|poke|p1|Mawile, L50, F|
|poke|p2|Serperior, L50, M|
|poke|p2|Whimsicott, L50, M|
|poke|p2|Incineroar, L50, M|
|poke|p2|Staraptor, L50, F|
|poke|p2|Grimmsnarl, L50, M|
|poke|p2|Kingambit, L50, F|
|teampreview|4
|showteam|p1|Vivillon-Tundra||FocusSash|CompoundEyes|RagePowder,SleepPowder,Hurricane,Protect|Timid||M|||50|]Raichu||RaichuniteY|LightningRod|ZapCannon,FocusBlast,FakeOut,Protect|Modest||F|||50|]Garchomp||LifeOrb|RoughSkin|StompingTantrum,DragonClaw,RockSlide,Protect|Jolly||M|||50|]Farigiraf||SitrusBerry|ArmorTail|HelpingHand,TwinBeam,TrickRoom,Thunderbolt|Quiet||M|||50|]Torkoal||Charcoal|Drought|Eruption,EarthPower,HeatWave,Protect|Quiet||M|||50|]Mawile||Mawilite|HyperCutter|PlayRough,SuckerPunch,IronHead,Protect|Brave||F|||50|
|showteam|p2|Serperior||MiracleSeed|Contrary|GigaDrain,LeafStorm,DragonPulse,Protect|Modest||M|||50|]Whimsicott||FocusSash|Prankster|Moonblast,FakeTears,Memento,Tailwind|Timid||M|||50|]Incineroar||SitrusBerry|Intimidate|FlareBlitz,Taunt,PartingShot,FakeOut|Impish||M|||50|]Staraptor||Staraptite|Intimidate|CloseCombat,BraveBird,Roost,Protect|Jolly||F|||50|]Grimmsnarl||LightClay|Prankster|Reflect,LightScreen,PartingShot,SpiritBreak|Careful||M|||50|]Kingambit||ChopleBerry|Defiant|IronHead,KowtowCleave,LowKick,Protect|Adamant||F|||50|
|inactive|Battle timer is ON: inactive players will automatically lose when time's up. (requested by XNZu)
|
|t:|1785163834
|teamsize|p1|4
|teamsize|p2|4
|start
|switch|p1a: Farigiraf|Farigiraf, L50, M|100/100
|switch|p1b: Torkoal|Torkoal, L50, M|100/100
|switch|p2a: Incineroar|Incineroar, L50, M|100/100
|switch|p2b: Staraptor|Staraptor, L50, F|100/100
|-ability|p2b: Staraptor|Intimidate|boost
|-unboost|p1a: Farigiraf|atk|1
|-unboost|p1b: Torkoal|atk|1
|-ability|p2a: Incineroar|Intimidate|boost
|-unboost|p1a: Farigiraf|atk|1
|-unboost|p1b: Torkoal|atk|1
|-weather|SunnyDay|[from] ability: Drought|[of] p1b: Torkoal
|turn|1
|
|t:|1785163854
|detailschange|p2b: Staraptor|Staraptor-Mega, L50, F
|-mega|p2b: Staraptor|Staraptor|Staraptite
|move|p2b: Staraptor|Close Combat|p1b: Torkoal
|-damage|p1b: Torkoal|57/100
|-boost|p2b: Staraptor|def|1
|-boost|p2b: Staraptor|spd|1
|move|p2a: Incineroar|Taunt|p1a: Farigiraf
|-start|p1a: Farigiraf|move: Taunt
|move|p1b: Torkoal|Eruption|p2b: Staraptor|[spread] p2a,p2b
|-resisted|p2a: Incineroar|1
|-damage|p2a: Incineroar|80/100
|-damage|p2b: Staraptor|61/100
|cant|p1a: Farigiraf|move: Taunt|Trick Room
|
|-weather|SunnyDay|[upkeep]
|upkeep
|turn|2
|
|t:|1785163875
|move|p2b: Staraptor|Close Combat|p1b: Torkoal
|-damage|p1b: Torkoal|8/100
|-boost|p2b: Staraptor|def|1
|-boost|p2b: Staraptor|spd|1
|move|p2a: Incineroar|Flare Blitz|p1a: Farigiraf
|-damage|p1a: Farigiraf|30/100
|-status|p1a: Farigiraf|brn
|-enditem|p1a: Farigiraf|Sitrus Berry|[eat]
|-heal|p1a: Farigiraf|55/100 brn|[from] item: Sitrus Berry
|-damage|p2a: Incineroar|54/100|[from] Recoil
|move|p1a: Farigiraf|Twin Beam|p2b: Staraptor
|-supereffective|p2b: Staraptor|1
|-damage|p2b: Staraptor|43/100
|-supereffective|p2b: Staraptor|1
|-damage|p2b: Staraptor|26/100
|-hitcount|p2b: Staraptor|2
|move|p1b: Torkoal|Heat Wave|p2a: Incineroar|[spread] p2a,p2b
|-resisted|p2a: Incineroar|1
|-damage|p2a: Incineroar|31/100
|-damage|p2b: Staraptor|0 fnt
|-enditem|p2a: Incineroar|Sitrus Berry|[eat]
|-heal|p2a: Incineroar|56/100|[from] item: Sitrus Berry
|faint|p2b: Staraptor
|
|-weather|SunnyDay|[upkeep]
|-damage|p1a: Farigiraf|49/100 brn|[from] brn
|upkeep
|
|t:|1785163899
|switch|p2b: Serperior|Serperior, L50, M|100/100
|turn|3
|
|t:|1785163907
|switch|p1a: Garchomp|Garchomp, L50, M|100/100
|move|p1b: Torkoal|Protect|p1b: Torkoal
|-singleturn|p1b: Torkoal|Protect
|move|p2b: Serperior|Leaf Storm|p1b: Torkoal
|-activate|p1b: Torkoal|move: Protect
|move|p2a: Incineroar|Flare Blitz|p1a: Garchomp
|-resisted|p1a: Garchomp|1
|-damage|p1a: Garchomp|61/100
|-damage|p2a: Incineroar|43/100|[from] ability: Rough Skin|[of] p1a: Garchomp
|-damage|p2a: Incineroar|31/100|[from] Recoil
|
|-weather|SunnyDay|[upkeep]
|upkeep
|turn|4
|inactive|El Badapple has 30 seconds left.
|
|t:|1785163940
|switch|p1b: Farigiraf|Farigiraf, L50, M|49/100 brn
|move|p1a: Garchomp|Rock Slide|p2a: Incineroar|[spread] p2a
|-miss|p1a: Garchomp|p2b: Serperior
|-supereffective|p2a: Incineroar|1
|-damage|p2a: Incineroar|0 fnt
|faint|p2a: Incineroar
|-damage|p1a: Garchomp|51/100|[from] item: Life Orb
|move|p2b: Serperior|Leaf Storm|p1b: Farigiraf
|-damage|p1b: Farigiraf|0 fnt
|-boost|p2b: Serperior|spa|2
|faint|p1b: Farigiraf
|
|-weather|SunnyDay|[upkeep]
|upkeep
|
|t:|1785163953
|switch|p2a: Whimsicott|Whimsicott, L50, M|100/100
|switch|p1b: Torkoal|Torkoal, L50, M|8/100
|turn|5
|
|t:|1785163961
|move|p2a: Whimsicott|Moonblast|p1b: Torkoal
|-resisted|p1b: Torkoal|1
|-damage|p1b: Torkoal|0 fnt
|faint|p1b: Torkoal
|move|p1a: Garchomp|Dragon Claw|p2b: Serperior
|-damage|p2b: Serperior|41/100
|-damage|p1a: Garchomp|41/100|[from] item: Life Orb
|move|p2b: Serperior|Dragon Pulse|p1a: Garchomp
|-supereffective|p1a: Garchomp|1
|-damage|p1a: Garchomp|0 fnt
|faint|p1a: Garchomp
|
|-weather|none
|upkeep
|
|t:|1785163963
|switch|p1b: Mawile|Mawile, L50, F|100/100
|turn|6
|
|t:|1785163988
|detailschange|p1b: Mawile|Mawile-Mega, L50, F
|-mega|p1b: Mawile|Mawile|Mawilite
|move|p2b: Serperior|Protect|p2b: Serperior
|-singleturn|p2b: Serperior|Protect
|move|p2a: Whimsicott|Fake Tears|p1b: Mawile
|-unboost|p1b: Mawile|spd|2
|move|p1b: Mawile|Sucker Punch||[still]
|-fail|p1b: Mawile
|
|upkeep
|turn|7
|inactive|El Badapple has 30 seconds left.
|inactive|El Badapple has 20 seconds left.
|inactive|El Badapple has 15 seconds left.
|inactive|El Badapple has 10 seconds left.
|
|t:|1785164035
|move|p2a: Whimsicott|Memento|p1b: Mawile
|-unboost|p1b: Mawile|atk|2
|-unboost|p1b: Mawile|spa|2
|faint|p2a: Whimsicott
|move|p1b: Mawile|Sucker Punch|p2b: Serperior
|-damage|p2b: Serperior|19/100
|move|p2b: Serperior|Giga Drain|p1b: Mawile
|-resisted|p1b: Mawile|1
|-damage|p1b: Mawile|13/100
|-heal|p2b: Serperior|53/100|[from] drain|[of] p1b: Mawile
|
|upkeep
|turn|8
|
|t:|1785164046
|move|p1b: Mawile|Sucker Punch|p2b: Serperior
|-damage|p2b: Serperior|28/100
|move|p2b: Serperior|Giga Drain|p1b: Mawile
|-resisted|p1b: Mawile|1
|-damage|p1b: Mawile|0 fnt
|-heal|p2b: Serperior|33/100|[from] drain|[of] p1b: Mawile
|faint|p1b: Mawile
|
|win|El Badapple
|raw|XNZu's rating: 1117 → 1093(-24 for losing)
|raw|El Badapple's rating: 1135 → 1159(+24 for winning)
|j| tedidn
