|j|â˜†fr3aky b1lly
|j|â˜†TimidThunderWave
|html|fr3aky b1llyTimidThunderWave    
|uhtml|bestof|Game 1 of a best-of-3
|t:|1782604987
|gametype|doubles
|player|p1|fr3aky b1lly|jacinthe|
|player|p2|TimidThunderWave|birdkeeper-gen4dp|
|gen|9
|tier|[Gen 9 Champions] VGC 2026 Reg M-B (Bo3)
|rule|Species Clause: Limit one of each PokÃ©mon
|rule|Item Clause: Limit 1 of each item
|clearpoke
|poke|p1|Charizard, L50, M, shiny|
|poke|p1|Sinistcha, L50|
|poke|p1|Incineroar, L50, M|
|poke|p1|Corviknight, L50, F, shiny|
|poke|p1|Sneasler, L50, M|
|poke|p1|Rotom-Wash, L50, shiny|
|poke|p2|Gengar, L50, M|
|poke|p2|Incineroar, L50, M|
|poke|p2|Politoed, L50, M|
|poke|p2|Swampert, L50, M|
|poke|p2|Archaludon, L50, M|
|poke|p2|Sinistcha, L50|
|teampreview|4
|showteam|p1|Charizard||CharizarditeX|Blaze|DragonClaw,FlareBlitz,DragonDance,Protect|Adamant||M|||50|]Sinistcha||SitrusBerry|Hospitality|MatchaGotcha,RagePowder,LifeDew,TrickRoom|Bold|||||50|]Incineroar||PasshoBerry|Intimidate|FakeOut,DarkestLariat,FlareBlitz,PartingShot|Adamant||M|||50|]Corviknight||Leftovers|MirrorArmor|BraveBird,Tailwind,Roost,BulkUp|Adamant||F|||50|]Sneasler||WhiteHerb|Unburden|CloseCombat,DireClaw,Coaching,FakeOut|Adamant||M|||50|]Rotom-Wash||RindoBerry|Levitate|Thunderbolt,WillOWisp,PainSplit,HydroPump|Bold|||||50|
|showteam|p2|Gengar||Gengarite|CursedBody|ShadowBall,Disable,PerishSong,Protect|Modest||M|||50|]Incineroar||PasshoBerry|Intimidate|ThroatChop,FakeOut,PartingShot,Protect|Careful||M|||50|]Politoed||SitrusBerry|Drizzle|WeatherBall,Encore,PerishSong,Protect|Bold||M|||50|]Swampert||Swampertite|Torrent|WaveCrash,HighHorsepower,IcePunch,Protect|Adamant||M|||50|]Archaludon||Leftovers|Stamina|DragonPulse,FlashCannon,ElectroShot,Protect|Modest||M|||50|]Sinistcha||KasibBerry|Hospitality|MatchaGotcha,RagePowder,LifeDew,Protect|Bold|||||50|
|inactive|Battle timer is ON: inactive players will automatically lose when time's up. (requested by TimidThunderWave)
|c|â˜†fr3aky b1lly|glhf
|c|â˜†TimidThunderWave|Glhf
|inactive|fr3aky b1lly has 60 seconds left.
|inactive|TimidThunderWave has 60 seconds left.
|inactive|fr3aky b1lly has 30 seconds left.
|inactive|fr3aky b1lly has 20 seconds left.
|inactive|fr3aky b1lly has 15 seconds left.
|inactive|fr3aky b1lly has 10 seconds left.
|inactive|fr3aky b1lly has 5 seconds left.
|
|t:|1782605074
|teamsize|p1|4
|teamsize|p2|4
|start
|switch|p1a: UwU So Scary!|Incineroar, L50, M|100/100
|switch|p1b: BSR Pill|Sneasler, L50, M|100/100
|switch|p2a: Ghost Ginger|Gengar, L50, M|100/100
|switch|p2b: Rooibos Dos|Incineroar, L50, M|100/100
|-ability|p2b: Rooibos Dos|Intimidate|boost
|-unboost|p1a: UwU So Scary!|atk|1
|-unboost|p1b: BSR Pill|atk|1
|-ability|p1a: UwU So Scary!|Intimidate|boost
|-unboost|p2a: Ghost Ginger|atk|1
|-unboost|p2b: Rooibos Dos|atk|1
|-enditem|p1b: BSR Pill|White Herb
|-clearnegativeboost|p1b: BSR Pill|[silent]
|turn|1
|inactive|fr3aky b1lly has 30 seconds left.
|inactive|TimidThunderWave has 30 seconds left.
|
|t:|1782605105
|detailschange|p2a: Ghost Ginger|Gengar-Mega, L50, M
|-mega|p2a: Ghost Ginger|Gengar|Gengarite
|move|p2a: Ghost Ginger|Protect|p2a: Ghost Ginger
|-singleturn|p2a: Ghost Ginger|Protect
|move|p1b: BSR Pill|Fake Out|p2b: Rooibos Dos
|-crit|p2b: Rooibos Dos
|-damage|p2b: Rooibos Dos|78/100
|cant|p2b: Rooibos Dos|flinch
|move|p1a: UwU So Scary!|Darkest Lariat|p2a: Ghost Ginger
|-activate|p2a: Ghost Ginger|move: Protect
|
|upkeep
|turn|2
|
|t:|1782605127
|switch|p2b: Tea Frog|Politoed, L50, M|100/100
|-weather|RainDance|[from] ability: Drizzle|[of] p2b: Tea Frog
|move|p1b: BSR Pill|Close Combat|p2b: Tea Frog
|-damage|p2b: Tea Frog|34/100
|-unboost|p1b: BSR Pill|def|1
|-unboost|p1b: BSR Pill|spd|1
|-enditem|p2b: Tea Frog|Sitrus Berry|[eat]
|-heal|p2b: Tea Frog|59/100|[from] item: Sitrus Berry
|move|p2a: Ghost Ginger|Disable|p1a: UwU So Scary!
|-start|p1a: UwU So Scary!|Disable|Darkest Lariat
|move|p1a: UwU So Scary!|Parting Shot|p2a: Ghost Ginger
|-unboost|p2a: Ghost Ginger|atk|1
|-unboost|p2a: Ghost Ginger|spa|1
|
|t:|1782605145
|switch|p1a: Tomas|Rotom-Wash, L50, shiny|100/100|[from] Parting Shot
|
|-weather|RainDance|[upkeep]
|upkeep
|turn|3
|
|t:|1782605166
|move|p2b: Tea Frog|Protect|p2b: Tea Frog
|-singleturn|p2b: Tea Frog|Protect
|move|p1b: BSR Pill|Close Combat|p2b: Tea Frog
|-activate|p2b: Tea Frog|move: Protect
|move|p2a: Ghost Ginger|Disable|p1b: BSR Pill
|-start|p1b: BSR Pill|Disable|Close Combat
|move|p1a: Tomas|Hydro Pump|p2a: Ghost Ginger|[miss]
|-miss|p1a: Tomas|p2a: Ghost Ginger
|
|-weather|RainDance|[upkeep]
|upkeep
|turn|4
|c|â˜†fr3aky b1lly|yup
|c|â˜†fr3aky b1lly|sounds right
|inactive|fr3aky b1lly has 30 seconds left.
|inactive|fr3aky b1lly has 20 seconds left.
|inactive|fr3aky b1lly has 15 seconds left.
|
|t:|1782605209
|switch|p2b: Silver Gate|Archaludon, L50, M|100/100
|move|p1b: BSR Pill|Dire Claw|p2a: Ghost Ginger
|-resisted|p2a: Ghost Ginger|2
|-crit|p2a: Ghost Ginger
|-damage|p2a: Ghost Ginger|79/100
|-status|p2a: Ghost Ginger|slp
|cant|p2a: Ghost Ginger|slp
|move|p1a: Tomas|Thunderbolt|p2b: Silver Gate
|-resisted|p2b: Silver Gate|1
|-damage|p2b: Silver Gate|81/100
|-ability|p2b: Silver Gate|Stamina|boost
|-boost|p2b: Silver Gate|def|1
|
|-weather|RainDance|[upkeep]
|-heal|p2b: Silver Gate|87/100|[from] item: Leftovers
|upkeep
|turn|5
|inactive|fr3aky b1lly has 30 seconds left.
|
|t:|1782605240
|cant|p2a: Ghost Ginger|slp
|move|p1b: BSR Pill|Dire Claw|p2a: Ghost Ginger
|-resisted|p2a: Ghost Ginger|2
|-damage|p2a: Ghost Ginger|67/100 slp
|move|p1a: Tomas|Hydro Pump|p2a: Ghost Ginger
|-damage|p2a: Ghost Ginger|0 fnt
|faint|p2a: Ghost Ginger
|move|p2b: Silver Gate|Electro Shot||[still]
|-prepare|p2b: Silver Gate|Electro Shot
|-boost|p2b: Silver Gate|spa|1
|-anim|p2b: Silver Gate|Electro Shot|p1b: BSR Pill
|-damage|p1b: BSR Pill|0 fnt
|faint|p1b: BSR Pill
|
|-weather|RainDance|[upkeep]
|-heal|p2b: Silver Gate|93/100|[from] item: Leftovers
|upkeep
|inactive|fr3aky b1lly has 30 seconds left.
|inactive|fr3aky b1lly has 20 seconds left.
|
|t:|1782605277
|switch|p1b: Sippy Cup|Sinistcha, L50|100/100
|switch|p2a: Rooibos Dos|Incineroar, L50, M|78/100
|-ability|p2a: Rooibos Dos|Intimidate|boost
|-unboost|p1a: Tomas|atk|1
|-unboost|p1b: Sippy Cup|atk|1
|turn|6
|inactive|fr3aky b1lly has 30 seconds left.
|
|t:|1782605307
|move|p2a: Rooibos Dos|Fake Out|p1a: Tomas
|-damage|p1a: Tomas|89/100
|move|p1b: Sippy Cup|Rage Powder|p1b: Sippy Cup
|-singleturn|p1b: Sippy Cup|move: Rage Powder
|cant|p1a: Tomas|flinch
|move|p2b: Silver Gate|Electro Shot||[still]
|-prepare|p2b: Silver Gate|Electro Shot
|-boost|p2b: Silver Gate|spa|1
|-anim|p2b: Silver Gate|Electro Shot|p1b: Sippy Cup
|-resisted|p1b: Sippy Cup|1
|-damage|p1b: Sippy Cup|57/100
|
|-weather|none
|-heal|p2b: Silver Gate|100/100|[from] item: Leftovers
|upkeep
|turn|7
|
|t:|1782605331
|switch|p2a: Tea Frog|Politoed, L50, M|59/100
|-weather|RainDance|[from] ability: Drizzle|[of] p2a: Tea Frog
|move|p1b: Sippy Cup|Rage Powder|p1b: Sippy Cup
|-singleturn|p1b: Sippy Cup|move: Rage Powder
|move|p1a: Tomas|Thunderbolt|p2a: Tea Frog
|-supereffective|p2a: Tea Frog|1
|-crit|p2a: Tea Frog
|-damage|p2a: Tea Frog|0 fnt
|faint|p2a: Tea Frog
|move|p2b: Silver Gate|Electro Shot||[still]
|-prepare|p2b: Silver Gate|Electro Shot
|-boost|p2b: Silver Gate|spa|1
|-anim|p2b: Silver Gate|Electro Shot|p1b: Sippy Cup
|-resisted|p1b: Sippy Cup|1
|-damage|p1b: Sippy Cup|1/100
|-enditem|p1b: Sippy Cup|Sitrus Berry|[eat]
|-heal|p1b: Sippy Cup|25/100|[from] item: Sitrus Berry
|
|-weather|RainDance|[upkeep]
|upkeep
|
|t:|1782605339
|switch|p2a: Rooibos Dos|Incineroar, L50, M|78/100
|-ability|p2a: Rooibos Dos|Intimidate|boost
|-unboost|p1a: Tomas|atk|1
|-unboost|p1b: Sippy Cup|atk|1
|turn|8
|inactive|fr3aky b1lly has 30 seconds left.
|
|t:|1782605367
|switch|p1b: UwU So Scary!|Incineroar, L50, M|100/100
|-ability|p1b: UwU So Scary!|Intimidate|boost
|-unboost|p2a: Rooibos Dos|atk|1
|-unboost|p2b: Silver Gate|atk|1
|move|p2a: Rooibos Dos|Fake Out|p1a: Tomas
|-damage|p1a: Tomas|82/100
|cant|p1a: Tomas|flinch
|move|p2b: Silver Gate|Electro Shot||[still]
|-prepare|p2b: Silver Gate|Electro Shot
|-boost|p2b: Silver Gate|spa|1
|-anim|p2b: Silver Gate|Electro Shot|p1b: UwU So Scary!
|-damage|p1b: UwU So Scary!|0 fnt
|faint|p1b: UwU So Scary!
|
|-weather|RainDance|[upkeep]
|upkeep
|
|t:|1782605380
|switch|p1b: Sippy Cup|Sinistcha, L50|25/100
|-heal|p1a: Tomas|100/100|[from] ability: Hospitality|[of] p1b: Sippy Cup
|turn|9
|
|t:|1782605391
|move|p1b: Sippy Cup|Rage Powder|p1b: Sippy Cup
|-singleturn|p1b: Sippy Cup|move: Rage Powder
|move|p1a: Tomas|Hydro Pump|p2a: Rooibos Dos
|-supereffective|p2a: Rooibos Dos|1
|-enditem|p2a: Rooibos Dos|Passho Berry|[eat]
|-enditem|p2a: Rooibos Dos|Passho Berry|[weaken]
|-damage|p2a: Rooibos Dos|29/100
|move|p2b: Silver Gate|Electro Shot||[still]
|-prepare|p2b: Silver Gate|Electro Shot
|-boost|p2b: Silver Gate|spa|1
|-anim|p2b: Silver Gate|Electro Shot|p1b: Sippy Cup
|-resisted|p1b: Sippy Cup|1
|-damage|p1b: Sippy Cup|0 fnt
|faint|p1b: Sippy Cup
|move|p2a: Rooibos Dos|Throat Chop|p1a: Tomas
|-damage|p1a: Tomas|80/100
|-start|p1a: Tomas|Throat Chop|[silent]
|
|-weather|RainDance|[upkeep]
|upkeep
|turn|10
|-message|fr3aky b1lly forfeited.
|
|win|TimidThunderWave
|l|â˜†fr3aky b1lly
|player|p1|
||fr3aky b1lly is ready for game 2.
||TimidThunderWave is ready for game 2.
|uhtml|next|Next: Game 2 of 3
