|j|☆chubaca40
|j|☆TopekaMelon
|html|chubaca40TopekaMelon    
|uhtml|bestof|Game 2 of a best-of-3
|t:|1783626501
|gametype|doubles
|player|p1|chubaca40|alder|1097
|player|p2|TopekaMelon|sabrina|1084
|gen|9
|tier|[Gen 9 Champions] VGC 2026 Reg M-B (Bo3)
|rated|
|rule|Species Clause: Limit one of each Pokémon
|rule|Item Clause: Limit 1 of each item
|clearpoke
|poke|p1|Kingambit, L50, M|
|poke|p1|Whimsicott, L50, F|
|poke|p1|Basculegion, L50, M|
|poke|p1|Garchomp, L50, F|
|poke|p1|Charizard, L50, F|
|poke|p1|Floette-Eternal, L50, F|
|poke|p2|Kangaskhan, L50, F|
|poke|p2|Farigiraf, L50, M|
|poke|p2|Torkoal, L50, F|
|poke|p2|Mawile, L50, M|
|poke|p2|Pyroar, L50, M|
|poke|p2|Gallade, L50, M|
|teampreview|4
|showteam|p1|Kingambit||ChopleBerry|Defiant|KowtowCleave,SuckerPunch,IronHead,LowKick|Adamant||M|||50|]Whimsicott||FocusSash|Prankster|Moonblast,Tailwind,Encore,Protect|Timid||F|||50|]Basculegion||MysticWater|Adaptability|WaveCrash,LastRespects,AquaJet,Protect|Adamant||M|||50|]Garchomp||LifeOrb|RoughSkin|DragonClaw,RockSlide,Earthquake,Protect|Jolly||F|||50|]Charizard||CharizarditeY|Blaze|WeatherBall,HeatWave,SolarBeam,Protect|Modest||F|||50|]Floette-Eternal||Floettite|FlowerVeil|Moonblast,DazzlingGleam,LightofRuin,Protect|Modest||F|||50|
|showteam|p2|Kangaskhan||SilkScarf|Scrappy|FakeOut,LastResort|Brave||F|||50|]Farigiraf||SitrusBerry|ArmorTail|HelpingHand,TrickRoom,Psychic,Thunderbolt|Quiet||M|||50|]Torkoal||Charcoal|Drought|Protect,Eruption,WeatherBall,EarthPower|Quiet||F|||50|]Mawile||Mawilite|Intimidate|Protect,SuckerPunch,PlayRough,RockSlide|Brave||M|||50|]Pyroar||Pyroarite|Rivalry|Protect,HeatWave,Overheat,SolarBeam|Timid||M|||50|]Gallade||WhiteHerb|Sharpness|SacredSword,PsychoCut,LeafBlade,TrickRoom|Brave||M|||50|
|
|t:|1783626521
|teamsize|p1|4
|teamsize|p2|4
|start
|switch|p1a: Garchomp|Garchomp, L50, F|100/100
|switch|p1b: Charizard|Charizard, L50, F|100/100
|switch|p2a: Kangaskhan|Kangaskhan, L50, F|100/100
|switch|p2b: Farigiraf|Farigiraf, L50, M|100/100
|turn|1
|
|t:|1783626539
|detailschange|p1b: Charizard|Charizard-Mega-Y, L50, F
|-mega|p1b: Charizard|Charizard|Charizardite Y
|-weather|SunnyDay|[from] ability: Drought|[of] p1b: Charizard
|move|p1a: Garchomp|Protect|p1a: Garchomp
|-singleturn|p1a: Garchomp|Protect
|move|p2a: Kangaskhan|Fake Out|p1a: Garchomp
|-activate|p1a: Garchomp|move: Protect
|move|p1b: Charizard|Heat Wave|p2a: Kangaskhan|[spread] p2a
|-miss|p1b: Charizard|p2b: Farigiraf
|-damage|p2a: Kangaskhan|37/100
|move|p2b: Farigiraf|Trick Room|p2b: Farigiraf
|-fieldstart|move: Trick Room|[of] p2b: Farigiraf
|
|-weather|SunnyDay|[upkeep]
|upkeep
|turn|2
|
|t:|1783626564
|move|p2b: Farigiraf|Psychic|p1a: Garchomp
|-damage|p1a: Garchomp|61/100
|move|p2a: Kangaskhan|Last Resort|p1a: Garchomp
|-damage|p1a: Garchomp|0 fnt
|-damage|p2a: Kangaskhan|25/100|[from] ability: Rough Skin|[of] p1a: Garchomp
|faint|p1a: Garchomp
|move|p1b: Charizard|Weather Ball|p2b: Farigiraf
|-damage|p2b: Farigiraf|27/100
|-enditem|p2b: Farigiraf|Sitrus Berry|[eat]
|-heal|p2b: Farigiraf|51/100|[from] item: Sitrus Berry
|
|-weather|SunnyDay|[upkeep]
|upkeep
|
|t:|1783626576
|switch|p1a: Kingambit|Kingambit, L50, M|100/100
|turn|3
|
|t:|1783626598
|move|p1b: Charizard|Protect|p1b: Charizard
|-singleturn|p1b: Charizard|Protect
|move|p1a: Kingambit|Low Kick|p2a: Kangaskhan
|-supereffective|p2a: Kangaskhan|1
|-damage|p2a: Kangaskhan|0 fnt
|faint|p2a: Kangaskhan
|move|p2b: Farigiraf|Thunderbolt|p1b: Charizard
|-activate|p1b: Charizard|move: Protect
|
|-weather|SunnyDay|[upkeep]
|upkeep
|
|t:|1783626606
|switch|p2a: Torkoal|Torkoal, L50, F|100/100
|turn|4
|
|t:|1783626627
|switch|p1a: Basculegion|Basculegion, L50, M|100/100
|move|p2a: Torkoal|Eruption|p1b: Charizard|[spread] p1a,p1b
|-resisted|p1a: Basculegion|1
|-resisted|p1b: Charizard|1
|-damage|p1a: Basculegion|54/100
|-damage|p1b: Charizard|58/100
|move|p2b: Farigiraf|Thunderbolt|p1b: Charizard
|-supereffective|p1b: Charizard|1
|-damage|p1b: Charizard|13/100
|-status|p1b: Charizard|par
|move|p1b: Charizard|Weather Ball|p2a: Torkoal
|-resisted|p2a: Torkoal|1
|-damage|p2a: Torkoal|44/100
|
|-weather|SunnyDay|[upkeep]
|upkeep
|turn|5
|
|t:|1783626675
|switch|p2a: Mawile|Mawile, L50, M|100/100
|-ability|p2a: Mawile|Intimidate|boost
|-unboost|p1a: Basculegion|atk|1
|-unboost|p1b: Charizard|atk|1
|move|p1a: Basculegion|Protect|p1a: Basculegion
|-singleturn|p1a: Basculegion|Protect
|cant|p1b: Charizard|par
|move|p2b: Farigiraf|Thunderbolt|p1a: Basculegion
|-activate|p1a: Basculegion|move: Protect
|
|-weather|none
|-fieldend|move: Trick Room
|upkeep
|turn|6
|
|t:|1783626701
|switch|p1a: Kingambit|Kingambit, L50, M|100/100
|detailschange|p2a: Mawile|Mawile-Mega, L50, M
|-mega|p2a: Mawile|Mawile|Mawilite
|move|p2a: Mawile|Sucker Punch||[still]
|-fail|p2a: Mawile
|cant|p1b: Charizard|par
|move|p2b: Farigiraf|Trick Room|p2b: Farigiraf
|-fieldstart|move: Trick Room|[of] p2b: Farigiraf
|
|upkeep
|turn|7
|
|t:|1783626728
|switch|p2b: Torkoal|Torkoal, L50, F|44/100
|-weather|SunnyDay|[from] ability: Drought|[of] p2b: Torkoal
|move|p2a: Mawile|Rock Slide|p1a: Kingambit|[spread] p1b
|-miss|p2a: Mawile|p1a: Kingambit
|-supereffective|p1b: Charizard|2
|-damage|p1b: Charizard|0 fnt
|faint|p1b: Charizard
|move|p1a: Kingambit|Kowtow Cleave|p2b: Torkoal
|-damage|p2b: Torkoal|6/100
|
|-weather|SunnyDay|[upkeep]
|upkeep
|
|t:|1783626740
|switch|p1b: Basculegion|Basculegion, L50, M|54/100
|turn|8
|
|t:|1783626778
|move|p2b: Torkoal|Protect|p2b: Torkoal
|-singleturn|p2b: Torkoal|Protect
|move|p2a: Mawile|Play Rough|p1b: Basculegion|[miss]
|-miss|p2a: Mawile|p1b: Basculegion
|move|p1a: Kingambit|Iron Head|p2a: Mawile
|-damage|p2a: Mawile|53/100
|move|p1b: Basculegion|Wave Crash|p2b: Torkoal
|-activate|p2b: Torkoal|move: Protect
|
|-weather|SunnyDay|[upkeep]
|upkeep
|turn|9
|
|t:|1783626795
|switch|p2b: Farigiraf|Farigiraf, L50, M|51/100
|move|p2a: Mawile|Play Rough|p1b: Basculegion
|-damage|p1b: Basculegion|0 fnt
|faint|p1b: Basculegion
|move|p1a: Kingambit|Iron Head|p2a: Mawile
|-damage|p2a: Mawile|11/100
|
|-weather|SunnyDay|[upkeep]
|upkeep
|turn|10
|
|t:|1783626821
|move|p2b: Farigiraf|Helping Hand|p2a: Mawile
|-singleturn|p2a: Mawile|Helping Hand|[of] p2b: Farigiraf
|move|p2a: Mawile|Play Rough|p1a: Kingambit
|-damage|p1a: Kingambit|0 fnt
|faint|p1a: Kingambit
|
|win|TopekaMelon
|raw|chubaca40's rating: 1097 → 1072(-25 for losing)
|raw|TopekaMelon's rating: 1084 → 1112(+28 for winning)
|l|☆chubaca40
|player|p1|
