|j|☆bighamsterbaseball
|j|☆Cello L.
|html|bighamsterbaseballCello L.    
|uhtml|bestof|Game 3 of a best-of-3
|t:|1782265190
|gametype|doubles
|player|p1|bighamsterbaseball|pokemaniac|1179
|player|p2|Cello L.|cynthia-gen4|1172
|gen|9
|tier|[Gen 9 Champions] VGC 2026 Reg M-B (Bo3)
|rated|
|rule|Species Clause: Limit one of each Pokémon
|rule|Item Clause: Limit 1 of each item
|clearpoke
|poke|p1|Pidgeot, L50, F|
|poke|p1|Tyranitar, L50, F|
|poke|p1|Excadrill, L50, M|
|poke|p1|Tsareena, L50, F|
|poke|p1|Gholdengo, L50|
|poke|p1|Rotom-Wash, L50|
|poke|p2|Froslass, L50, F|
|poke|p2|Dragonite, L50, F|
|poke|p2|Garchomp, L50, F|
|poke|p2|Basculegion, L50, M|
|poke|p2|Sneasler, L50, M|
|poke|p2|Kingambit, L50, F|
|teampreview|4
|showteam|p1|Pidgeot||Pidgeotite|BigPecks|Hurricane,HeatWave,Tailwind,Protect|Timid||F|||50|]Tyranitar||Tyranitarite|SandStream|RockSlide,KnockOff,LowKick,Protect|Jolly||F|||50|]Excadrill||FocusSash|SandRush|Earthquake,IronHead,RockSlide,Protect|Adamant||M|||50|]Tsareena||ChoiceScarf|QueenlyMajesty|PowerWhip,TripleAxel,LowKick,Uturn|Jolly||F|||50|]Gholdengo||Leftovers|GoodasGold|MakeItRain,ShadowBall,NastyPlot,Protect|Timid|||||50|]Rotom-Wash||SitrusBerry|Levitate|Thunderbolt,HydroPump,WillOWisp,Protect|Modest|||||50|
|showteam|p2|Froslass||Froslassite|CursedBody|Blizzard,ShadowBall,AuroraVeil,Protect|Timid||F|||50|]Dragonite||Dragoninite|Multiscale|DragonPulse,Thunderbolt,Flamethrower,Protect|Modest||F|||50|]Garchomp||LifeOrb|RoughSkin|Earthquake,StompingTantrum,DragonClaw,Protect|Jolly||F|||50|]Basculegion||SitrusBerry|Adaptability|WaveCrash,LastRespects,AquaJet,Protect|Adamant||M|||50|]Sneasler||WhiteHerb|Unburden|CloseCombat,DireClaw,FakeOut,Protect|Jolly||M|||50|]Kingambit||BlackGlasses|Defiant|KowtowCleave,SuckerPunch,IronHead,Protect|Adamant||F|||50|
|
|t:|1782265237
|teamsize|p1|4
|teamsize|p2|4
|start
|switch|p1a: Pidgeot|Pidgeot, L50, F|100/100
|switch|p1b: Tsareena|Tsareena, L50, F|100/100
|switch|p2a: Serenity|Dragonite, L50, F|100/100
|switch|p2b: Courage|Garchomp, L50, F|100/100
|turn|1
|
|t:|1782265282
|detailschange|p1a: Pidgeot|Pidgeot-Mega, L50, F
|-mega|p1a: Pidgeot|Pidgeot|Pidgeotite
|detailschange|p2a: Serenity|Dragonite-Mega, L50, F
|-mega|p2a: Serenity|Dragonite|Dragoninite
|move|p1b: Tsareena|Triple Axel|p2a: Serenity
|-supereffective|p2a: Serenity|2
|-damage|p2a: Serenity|86/100
|-supereffective|p2a: Serenity|2
|-damage|p2a: Serenity|36/100
|-hitcount|p2a: Serenity|2
|move|p1a: Pidgeot|Hurricane|p2b: Courage
|-crit|p2b: Courage
|-damage|p2b: Courage|19/100
|move|p2b: Courage|Dragon Claw|p1a: Pidgeot
|-damage|p1a: Pidgeot|41/100
|-damage|p2b: Courage|10/100|[from] item: Life Orb
|move|p2a: Serenity|Flamethrower|p1b: Tsareena
|-supereffective|p1b: Tsareena|1
|-crit|p1b: Tsareena
|-damage|p1b: Tsareena|0 fnt
|faint|p1b: Tsareena
|
|upkeep
|
|t:|1782265316
|switch|p1b: Tyranitar|Tyranitar, L50, F|100/100
|-weather|Sandstorm|[from] ability: Sand Stream|[of] p1b: Tyranitar
|turn|2
|
|t:|1782265338
|switch|p2a: Ambition|Kingambit, L50, F|100/100
|move|p1a: Pidgeot|Tailwind|p1a: Pidgeot
|-sidestart|p1: bighamsterbaseball|move: Tailwind
|move|p1b: Tyranitar|Rock Slide|p2a: Ambition|[spread] p2a,p2b
|-resisted|p2a: Ambition|1
|-resisted|p2b: Courage|1
|-damage|p2a: Ambition|89/100
|-damage|p2b: Courage|0 fnt
|faint|p2b: Courage
|
|-weather|Sandstorm|[upkeep]
|-damage|p1a: Pidgeot|35/100|[from] Sandstorm
|upkeep
|
|t:|1782265348
|switch|p2b: Stairs|Sneasler, L50, M|100/100
|turn|3
|
|t:|1782265383
|move|p1a: Pidgeot|Protect|p1a: Pidgeot
|-singleturn|p1a: Pidgeot|Protect
|move|p2a: Ambition|Sucker Punch||[still]
|-fail|p2a: Ambition
|move|p1b: Tyranitar|Low Kick|p2a: Ambition
|-supereffective|p2a: Ambition|2
|-damage|p2a: Ambition|0 fnt
|faint|p2a: Ambition
|move|p2b: Stairs|Close Combat|p1b: Tyranitar
|-supereffective|p1b: Tyranitar|2
|-damage|p1b: Tyranitar|0 fnt
|-unboost|p2b: Stairs|def|1
|-unboost|p2b: Stairs|spd|1
|faint|p1b: Tyranitar
|-enditem|p2b: Stairs|White Herb
|-clearnegativeboost|p2b: Stairs|[silent]
|
|-weather|Sandstorm|[upkeep]
|-damage|p1a: Pidgeot|28/100|[from] Sandstorm
|-damage|p2b: Stairs|94/100|[from] Sandstorm
|upkeep
|
|t:|1782265398
|switch|p1b: Gholdengo|Gholdengo, L50|100/100
|switch|p2a: Serenity|Dragonite-Mega, L50, F|36/100
|turn|4
|
|t:|1782265445
|move|p2a: Serenity|Protect|p2a: Serenity
|-singleturn|p2a: Serenity|Protect
|move|p1a: Pidgeot|Hurricane|p2b: Stairs
|-supereffective|p2b: Stairs|1
|-damage|p2b: Stairs|0 fnt
|faint|p2b: Stairs
|move|p1b: Gholdengo|Shadow Ball|p2a: Serenity
|-activate|p2a: Serenity|move: Protect
|
|-weather|Sandstorm|[upkeep]
|-damage|p1a: Pidgeot|22/100|[from] Sandstorm
|-damage|p2a: Serenity|30/100|[from] Sandstorm
|upkeep
|turn|5
|c|☆Cello L.|ggwp
|-message|Cello L. forfeited.
|
|win|bighamsterbaseball
|raw|bighamsterbaseball's rating: 1179 → 1203(+24 for winning)
|raw|Cello L.'s rating: 1172 → 1148(-24 for losing)
|c|☆bighamsterbaseball|gg
|l|☆Cello L.
|player|p2|
|l|☆bighamsterbaseball
|player|p1|
|j|☆bighamsterbaseball
|player|p1|bighamsterbaseball|pokemaniac|
