|j|☆Its Sushiii
|j|☆lunarknight69
|html|Its Sushiiilunarknight69    
|uhtml|bestof|Game 2 of a best-of-3
|t:|1784233023
|gametype|doubles
|player|p1|Its Sushiii|265|1380
|player|p2|lunarknight69|mira|1278
|gen|9
|tier|[Gen 9 Champions] VGC 2026 Reg M-B (Bo3)
|rated|
|rule|Species Clause: Limit one of each Pokémon
|rule|Item Clause: Limit 1 of each item
|clearpoke
|poke|p1|Kingambit, L50, F|
|poke|p1|Charizard, L50, F|
|poke|p1|Aerodactyl, L50, F|
|poke|p1|Farigiraf, L50, F|
|poke|p1|Sylveon, L50, M|
|poke|p1|Venusaur, L50, M|
|poke|p2|Sneasler, L50, F|
|poke|p2|Floette-Eternal, L50, F|
|poke|p2|Sinistcha, L50|
|poke|p2|Delphox, L50, M|
|poke|p2|Incineroar, L50, F|
|poke|p2|Kingambit, L50, M|
|teampreview|4
|showteam|p1|Kingambit||FocusSash|Defiant|KowtowCleave,IronHead,SuckerPunch,LowKick|Adamant||F|||50|]Charizard||CharizarditeY|Blaze|HeatWave,HelpingHand,WeatherBall,Protect|Modest||F|||50|]Aerodactyl||Aerodactylite|Unnerve|RockSlide,DualWingbeat,IceFang,Tailwind|Jolly||F|||50|]Farigiraf||SitrusBerry|ArmorTail|Psychic,Thunderbolt,TrickRoom,Protect|Relaxed||F|||50|]Sylveon||FairyFeather|Pixilate|HyperVoice,HyperBeam,QuickAttack,Detect|Modest||M|||50|]Venusaur||LifeOrb|Chlorophyll|SolarBeam,EarthPower,SludgeBomb,Protect|Modest||M|||50|
|showteam|p2|Sneasler||FocusSash|PoisonTouch|FakeOut,QuickGuard,DireClaw,CloseCombat|Jolly||F|||50|]Floette-Eternal||Floettite|FlowerVeil|DrainingKiss,CalmMind,Protect,DazzlingGleam|Modest||F|||50|]Sinistcha||OccaBerry|Hospitality|TrickRoom,LifeDew,MatchaGotcha,RagePowder|Calm|||||50|]Delphox||Delphoxite|Blaze|HeatWave,NastyPlot,Psyshock,Protect|Timid||M|||50|]Incineroar||SitrusBerry|Intimidate|FakeOut,FlareBlitz,PartingShot,ThroatChop|Careful||F|||50|]Kingambit||BlackGlasses|Defiant|KowtowCleave,SuckerPunch,Protect,SwordsDance|Adamant||M|||50|
|inactive|Battle timer is ON: inactive players will automatically lose when time's up. (requested by Its Sushiii)
|
|t:|1784233050
|teamsize|p1|4
|teamsize|p2|4
|start
|switch|p1a: Kingambit|Kingambit, L50, F|100/100
|switch|p1b: Aerodactyl|Aerodactyl, L50, F|100/100
|switch|p2a: Delphox|Delphox, L50, M|100/100
|switch|p2b: Sinistcha|Sinistcha, L50|100/100
|-ability|p1b: Aerodactyl|Unnerve
|turn|1
|inactive|Its Sushiii has 30 seconds left.
|inactive|lunarknight69 has 30 seconds left.
|
|t:|1784233092
|detailschange|p1b: Aerodactyl|Aerodactyl-Mega, L50, F
|-mega|p1b: Aerodactyl|Aerodactyl|Aerodactylite
|detailschange|p2a: Delphox|Delphox-Mega, L50, M
|-mega|p2a: Delphox|Delphox|Delphoxite
|move|p2b: Sinistcha|Rage Powder|p2b: Sinistcha
|-singleturn|p2b: Sinistcha|move: Rage Powder
|move|p1b: Aerodactyl|Tailwind|p1b: Aerodactyl
|-sidestart|p1: Its Sushiii|move: Tailwind
|move|p1a: Kingambit|Kowtow Cleave|p2b: Sinistcha
|-supereffective|p2b: Sinistcha|1
|-damage|p2b: Sinistcha|19/100
|move|p2a: Delphox|Heat Wave|p1a: Kingambit|[spread] p1a,p1b
|-supereffective|p1a: Kingambit|1
|-resisted|p1b: Aerodactyl|1
|-enditem|p1a: Kingambit|Focus Sash
|-damage|p1a: Kingambit|1/100
|-damage|p1b: Aerodactyl|78/100
|
|upkeep
|turn|2
|inactive|lunarknight69 has 30 seconds left.
|inactive|lunarknight69 has 20 seconds left.
|
|t:|1784233128
|switch|p2b: Incineroar|Incineroar, L50, F|100/100
|-ability|p2b: Incineroar|Intimidate|boost
|-unboost|p1a: Kingambit|atk|1
|-ability|p1a: Kingambit|Defiant|boost
|-boost|p1a: Kingambit|atk|2
|-unboost|p1b: Aerodactyl|atk|1
|move|p2a: Delphox|Protect|p2a: Delphox
|-singleturn|p2a: Delphox|Protect
|move|p1b: Aerodactyl|Rock Slide|p2b: Incineroar|[spread] p2b
|-activate|p2a: Delphox|move: Protect
|-supereffective|p2b: Incineroar|1
|-damage|p2b: Incineroar|64/100
|move|p1a: Kingambit|Kowtow Cleave|p2a: Delphox
|-activate|p2a: Delphox|move: Protect
|
|upkeep
|turn|3
|inactive|Its Sushiii has 30 seconds left.
|inactive|lunarknight69 has 30 seconds left.
|inactive|Its Sushiii has 20 seconds left.
|inactive|Its Sushiii has 15 seconds left.
|inactive|Its Sushiii has 10 seconds left.
|
|t:|1784233178
|switch|p1b: Farigiraf|Farigiraf, L50, F|100/100
|switch|p2a: Sinistcha|Sinistcha, L50|19/100
|-heal|p2b: Incineroar|89/100|[from] ability: Hospitality|[of] p2a: Sinistcha
|move|p2b: Incineroar|Fake Out||[still]
|cant|p1b: Farigiraf|ability: Armor Tail|Fake Out|[of] p2b: Incineroar
|move|p1a: Kingambit|Kowtow Cleave|p2a: Sinistcha
|-supereffective|p2a: Sinistcha|1
|-damage|p2a: Sinistcha|0 fnt
|faint|p2a: Sinistcha
|
|upkeep
|
|t:|1784233198
|switch|p2a: Sneasler|Sneasler, L50, F|100/100
|turn|4
|inactive|Its Sushiii has 30 seconds left.
|inactive|lunarknight69 has 30 seconds left.
|
|t:|1784233225
|switch|p2b: Delphox|Delphox-Mega, L50, M|100/100
|move|p1a: Kingambit|Low Kick|p2b: Delphox
|-resisted|p2b: Delphox|1
|-damage|p2b: Delphox|71/100
|move|p2a: Sneasler|Close Combat|p1a: Kingambit
|-supereffective|p1a: Kingambit|2
|-damage|p1a: Kingambit|0 fnt
|-unboost|p2a: Sneasler|def|1
|-unboost|p2a: Sneasler|spd|1
|faint|p1a: Kingambit
|move|p1b: Farigiraf|Trick Room|p1b: Farigiraf
|-fieldstart|move: Trick Room|[of] p1b: Farigiraf
|
|-sideend|p1: Its Sushiii|move: Tailwind
|upkeep
|
|t:|1784233237
|switch|p1a: Sylveon|Sylveon, L50, M|100/100
|turn|5
|
|t:|1784233255
|move|p1b: Farigiraf|Thunderbolt|p2a: Sneasler
|-crit|p2a: Sneasler
|-damage|p2a: Sneasler|32/100
|move|p1a: Sylveon|Hyper Voice|p2a: Sneasler|[spread] p2a,p2b
|-resisted|p2b: Delphox|1
|-damage|p2a: Sneasler|0 fnt
|-damage|p2b: Delphox|48/100
|faint|p2a: Sneasler
|move|p2b: Delphox|Psyshock|p1a: Sylveon
|-damage|p1a: Sylveon|48/100
|
|upkeep
|
|t:|1784233265
|switch|p2a: Incineroar|Incineroar, L50, F|89/100
|-ability|p2a: Incineroar|Intimidate|boost
|-unboost|p1a: Sylveon|atk|1
|-unboost|p1b: Farigiraf|atk|1
|turn|6
|
|t:|1784233289
|move|p1b: Farigiraf|Thunderbolt|p2b: Delphox
|-damage|p2b: Delphox|26/100
|-status|p2b: Delphox|par
|move|p2a: Incineroar|Flare Blitz|p1a: Sylveon
|-damage|p1a: Sylveon|3/100
|-damage|p2a: Incineroar|76/100|[from] Recoil
|move|p1a: Sylveon|Hyper Beam|p2a: Incineroar
|-damage|p2a: Incineroar|0 fnt
|-mustrecharge|p1a: Sylveon
|faint|p2a: Incineroar
|move|p2b: Delphox|Psyshock|p1a: Sylveon
|-damage|p1a: Sylveon|0 fnt
|faint|p1a: Sylveon
|
|upkeep
|
|t:|1784233302
|switch|p1a: Aerodactyl|Aerodactyl-Mega, L50, F|78/100
|turn|7
|
|t:|1784233315
|move|p1b: Farigiraf|Thunderbolt|p2b: Delphox
|-damage|p2b: Delphox|4/100 par
|move|p2b: Delphox|Psyshock|p1a: Aerodactyl
|-damage|p1a: Aerodactyl|16/100
|move|p1a: Aerodactyl|Rock Slide|p2b: Delphox
|-supereffective|p2b: Delphox|1
|-damage|p2b: Delphox|0 fnt
|faint|p2b: Delphox
|
|win|Its Sushiii
|raw|Its Sushiii's rating: 1380 → 1394(+14 for winning)
|raw|lunarknight69's rating: 1278 → 1260(-18 for losing)
|l|☆lunarknight69
|player|p2|
