|j|☆LyricSum
|j|☆LynxVGC
|html|LyricSumLynxVGC    
|uhtml|bestof|Game 2 of a best-of-3
|t:|1784279266
|gametype|doubles
|player|p1|LyricSum|veteran|1160
|player|p2|LynxVGC|larry|1271
|gen|9
|tier|[Gen 9 Champions] VGC 2026 Reg M-B (Bo3)
|rated|
|rule|Species Clause: Limit one of each Pokémon
|rule|Item Clause: Limit 1 of each item
|clearpoke
|poke|p1|Skarmory, L50, F|
|poke|p1|Annihilape, L50, M|
|poke|p1|Maushold-Four, L50|
|poke|p1|Politoed, L50, M|
|poke|p1|Incineroar, L50, M|
|poke|p1|Gengar, L50, M|
|poke|p2|Basculegion, L50, M|
|poke|p2|Kingambit, L50, M|
|poke|p2|Maushold, L50|
|poke|p2|Gardevoir, L50, F|
|poke|p2|Talonflame, L50, F|
|poke|p2|Garchomp, L50, M|
|teampreview|4
|showteam|p1|Skarmory||Skarmorite|Sturdy|Tailwind,BraveBird,IronHead,RockTomb|Adamant||F|||50|]Annihilape||Leftovers|Defiant|BulkUp,DrainPunch,RageFist,Protect|Jolly||M|||50|]Maushold-Four||WideLens|Technician|PopulationBomb,BeatUp,FollowMe,Protect|Jolly|||||50|]Politoed||DampRock|Drizzle|WeatherBall,IceBeam,PerishSong,Protect|Modest||M|||50|]Incineroar||SitrusBerry|Intimidate|FakeOut,FlareBlitz,ThroatChop,PartingShot|Impish||M|||50|]Gengar||Gengarite|CursedBody|SludgeBomb,ShadowBall,PerishSong,Protect|Timid||M|||50|
|showteam|p2|Basculegion||ChoiceScarf|Adaptability|FlipTurn,AquaJet,WaveCrash,LastRespects|Jolly||M|||50|]Kingambit||BlackGlasses|Defiant|KowtowCleave,Protect,SuckerPunch,IronHead|Adamant||M|||50|]Maushold||FocusSash|FriendGuard|SuperFang,FollowMe,Taunt,Protect|Timid|||||50|]Gardevoir||Gardevoirite|Telepathy|HyperVoice,Psyshock,VacuumWave,Protect|Modest||F|||50|]Talonflame||SharpBeak|GaleWings|BraveBird,Tailwind,QuickGuard,FlareBlitz|Jolly||F|||50|]Garchomp||LifeOrb|RoughSkin|DragonClaw,Earthquake,RockTomb,Protect|Jolly||M|||50|
|inactive|Battle timer is ON: inactive players will automatically lose when time's up. (requested by LyricSum)
|
|t:|1784279286
|teamsize|p1|4
|teamsize|p2|4
|start
|switch|p1a: Incineroar|Incineroar, L50, M|100/100
|switch|p1b: Gengar|Gengar, L50, M|100/100
|switch|p2a: Gardevoir|Gardevoir, L50, F|100/100
|switch|p2b: Talonflame|Talonflame, L50, F|100/100
|-ability|p1a: Incineroar|Intimidate|boost
|-unboost|p2a: Gardevoir|atk|1
|-unboost|p2b: Talonflame|atk|1
|turn|1
|
|t:|1784279308
|detailschange|p1b: Gengar|Gengar-Mega, L50, M
|-mega|p1b: Gengar|Gengar|Gengarite
|detailschange|p2a: Gardevoir|Gardevoir-Mega, L50, F
|-mega|p2a: Gardevoir|Gardevoir|Gardevoirite
|move|p1b: Gengar|Protect|p1b: Gengar
|-singleturn|p1b: Gengar|Protect
|move|p2b: Talonflame|Quick Guard|p2b: Talonflame
|-singleturn|p2b: Talonflame|Quick Guard
|move|p2a: Gardevoir|Psyshock|p1b: Gengar
|-activate|p1b: Gengar|move: Protect
|move|p1a: Incineroar|Parting Shot|p2a: Gardevoir
|-unboost|p2a: Gardevoir|atk|1
|-unboost|p2a: Gardevoir|spa|1
|
|t:|1784279315
|switch|p1a: Politoed|Politoed, L50, M|100/100|[from] Parting Shot
|-weather|RainDance|[from] ability: Drizzle|[of] p1a: Politoed
|
|-weather|RainDance|[upkeep]
|upkeep
|turn|2
|inactive|LynxVGC has 30 seconds left.
|
|t:|1784279340
|move|p2b: Talonflame|Brave Bird|p1b: Gengar
|-damage|p1b: Gengar|43/100
|-damage|p2b: Talonflame|83/100|[from] Recoil
|move|p1b: Gengar|Sludge Bomb|p2a: Gardevoir
|-supereffective|p2a: Gardevoir|1
|-damage|p2a: Gardevoir|12/100
|move|p2a: Gardevoir|Hyper Voice|p1b: Gengar|[spread] p1a,p1b
|-resisted|p1b: Gengar|1
|-damage|p1a: Politoed|72/100
|-damage|p1b: Gengar|17/100
|move|p1a: Politoed|Weather Ball|p2b: Talonflame
|-supereffective|p2b: Talonflame|1
|-damage|p2b: Talonflame|0 fnt
|faint|p2b: Talonflame
|
|-weather|RainDance|[upkeep]
|upkeep
|
|t:|1784279358
|switch|p2b: Kingambit|Kingambit, L50, M|100/100
|turn|3
|
|t:|1784279376
|move|p1b: Gengar|Protect|p1b: Gengar
|-singleturn|p1b: Gengar|Protect
|move|p2a: Gardevoir|Hyper Voice|p1b: Gengar|[spread] p1a
|-activate|p1b: Gengar|move: Protect
|-damage|p1a: Politoed|47/100
|move|p1a: Politoed|Perish Song|p1a: Politoed
|-start|p1a: Politoed|perish3|[silent]
|-start|p1b: Gengar|perish3|[silent]
|-start|p2a: Gardevoir|perish3|[silent]
|-start|p2b: Kingambit|perish3|[silent]
|-fieldactivate|move: Perish Song
|move|p2b: Kingambit|Kowtow Cleave|p1a: Politoed
|-damage|p1a: Politoed|0 fnt
|faint|p1a: Politoed
|
|-weather|RainDance|[upkeep]
|-start|p1b: Gengar|perish3
|-start|p2a: Gardevoir|perish3
|-start|p2b: Kingambit|perish3
|upkeep
|
|t:|1784279379
|switch|p1a: Incineroar|Incineroar, L50, M|100/100
|-ability|p1a: Incineroar|Intimidate|boost
|-unboost|p2a: Gardevoir|atk|1
|-unboost|p2b: Kingambit|atk|1
|-ability|p2b: Kingambit|Defiant|boost
|-boost|p2b: Kingambit|atk|2
|turn|4
|inactive|LynxVGC has 30 seconds left.
|inactive|LynxVGC has 20 seconds left.
|inactive|LynxVGC has 15 seconds left.
|inactive|LynxVGC has 10 seconds left.
|inactive|LynxVGC has 5 seconds left.
|
|t:|1784279432
|move|p1a: Incineroar|Fake Out|p2b: Kingambit
|-resisted|p2b: Kingambit|1
|-damage|p2b: Kingambit|96/100
|move|p1b: Gengar|Sludge Bomb|p2a: Gardevoir
|-supereffective|p2a: Gardevoir|1
|-damage|p2a: Gardevoir|0 fnt
|faint|p2a: Gardevoir
|cant|p2b: Kingambit|flinch
|
|-weather|RainDance|[upkeep]
|-start|p1b: Gengar|perish2
|-start|p2b: Kingambit|perish2
|upkeep
|
|t:|1784279436
|switch|p2a: Garchomp|Garchomp, L50, M|100/100
|turn|5
|inactive|LyricSum has 30 seconds left.
|inactive|LynxVGC has 30 seconds left.
|
|t:|1784279468
|move|p2b: Kingambit|Sucker Punch||[still]
|-fail|p2b: Kingambit
|move|p1b: Gengar|Shadow Ball|p2a: Garchomp
|-damage|p2a: Garchomp|47/100
|-unboost|p2a: Garchomp|spd|1
|move|p2a: Garchomp|Rock Tomb|p1a: Incineroar
|-supereffective|p1a: Incineroar|1
|-damage|p1a: Incineroar|57/100
|-unboost|p1a: Incineroar|spe|1
|-damage|p2a: Garchomp|37/100|[from] item: Life Orb
|move|p1a: Incineroar|Parting Shot|p2a: Garchomp
|-unboost|p2a: Garchomp|atk|1
|-unboost|p2a: Garchomp|spa|1
|
|t:|1784279477
|switch|p1a: Annihilape|Annihilape, L50, M|100/100|[from] Parting Shot
|
|-weather|RainDance|[upkeep]
|-start|p1b: Gengar|perish1
|-start|p2b: Kingambit|perish1
|upkeep
|turn|6
|
|t:|1784279488
|move|p1a: Annihilape|Protect|p1a: Annihilape
|-singleturn|p1a: Annihilape|Protect
|move|p2b: Kingambit|Sucker Punch||[still]
|-fail|p2b: Kingambit
|move|p1b: Gengar|Perish Song|p1b: Gengar
|-start|p1a: Annihilape|perish3|[silent]
|-start|p2a: Garchomp|perish3|[silent]
|-fieldactivate|move: Perish Song
|move|p2a: Garchomp|Earthquake|p1b: Gengar|[spread] p2b,p1b
|-activate|p1a: Annihilape|move: Protect
|-supereffective|p2b: Kingambit|1
|-supereffective|p1b: Gengar|1
|-damage|p2b: Kingambit|47/100
|-damage|p1b: Gengar|0 fnt
|faint|p1b: Gengar
|-damage|p2a: Garchomp|27/100|[from] item: Life Orb
|
|-weather|RainDance|[upkeep]
|-start|p2a: Garchomp|perish3
|-start|p1a: Annihilape|perish3
|-start|p2b: Kingambit|perish0
|faint|p2b: Kingambit
|upkeep
|
|t:|1784279495
|switch|p1b: Incineroar|Incineroar, L50, M|57/100
|-ability|p1b: Incineroar|Intimidate|boost
|-unboost|p2a: Garchomp|atk|1
|turn|7
|
|t:|1784279499
|move|p1b: Incineroar|Fake Out|p2a: Garchomp
|-damage|p2a: Garchomp|18/100
|-damage|p1b: Incineroar|45/100|[from] ability: Rough Skin|[of] p2a: Garchomp
|-enditem|p1b: Incineroar|Sitrus Berry|[eat]
|-heal|p1b: Incineroar|69/100|[from] item: Sitrus Berry
|cant|p2a: Garchomp|flinch
|move|p1a: Annihilape|Rage Fist|p2a: Garchomp
|-damage|p2a: Garchomp|0 fnt
|-damage|p1a: Annihilape|87/100|[from] ability: Rough Skin|[of] p2a: Garchomp
|faint|p2a: Garchomp
|
|win|LyricSum
||LynxVGC is ready for game 3.
||LyricSum is ready for game 3.
|uhtml|next|Next: Game 3 of 3
|l|☆LyricSum
|player|p1|
