|j|☆castoriceball
|j|☆Merisan
|html|castoriceballMerisan    
|uhtml|bestof|Game 2 of a best-of-3
|t:|1782424863
|gametype|doubles
|player|p1|castoriceball|miku-flying|
|player|p2|Merisan|kieran|
|gen|9
|tier|[Gen 9 Champions] VGC 2026 Reg M-B (Bo3)
|rule|Species Clause: Limit one of each Pokémon
|rule|Item Clause: Limit 1 of each item
|clearpoke
|poke|p1|Whimsicott, L50, F, shiny|
|poke|p1|Floette-Eternal, L50, F|
|poke|p1|Charizard, L50, M, shiny|
|poke|p1|Basculegion, L50, M, shiny|
|poke|p1|Kingambit, L50, M, shiny|
|poke|p1|Garchomp, L50, M|
|poke|p2|Froslass, L50, F|
|poke|p2|Dragonite, L50, F|
|poke|p2|Toxapex, L50, F|
|poke|p2|Incineroar, L50, F|
|poke|p2|Whimsicott, L50, M|
|poke|p2|Gholdengo, L50|
|teampreview|4
|showteam|p1|Whimsicott||FocusSash|Prankster|Tailwind,Moonblast,Encore,Protect|Timid||F|||50|]Floette-Eternal||Floettite|FlowerVeil|Moonblast,DazzlingGleam,LightofRuin,Protect|Modest||F|||50|]Charizard||CharizarditeY|SolarPower|HeatWave,SolarBeam,WeatherBall,Protect|Modest||M|||50|]Basculegion||MysticWater|Adaptability|WaveCrash,LastRespects,AquaJet,FlipTurn|Adamant||M|||50|]Kingambit||BlackGlasses|Defiant|KowtowCleave,SuckerPunch,IronHead,Protect|Adamant||M|||50|]Garchomp||LifeOrb|RoughSkin|DragonClaw,Earthquake,RockSlide,Protect|Adamant||M|||50|
|showteam|p2|Froslass||Froslassite|CursedBody|Blizzard,ShadowBall,AuroraVeil,Protect|Modest||F|||50|]Dragonite||Dragoninite|Multiscale|Thunderbolt,DragonPulse,Flamethrower,Protect|Timid||F|||50|]Toxapex||Leftovers|Regenerator|BanefulBunker,Infestation,WideGuard,Toxic|Bold||F|||50|]Incineroar||SitrusBerry|Intimidate|FakeOut,FlareBlitz,ThroatChop,PartingShot|Adamant||F|||50|]Whimsicott||FairyFeather|Prankster|Moonblast,Tailwind,Encore,Protect|Bold||M|||50|]Gholdengo||LifeOrb|GoodasGold|MakeItRain,ShadowBall,NastyPlot,Protect|Timid|||||50|
|j| NOT_A_PENGUIN81
|
|t:|1782424894
|teamsize|p1|4
|teamsize|p2|4
|start
|switch|p1a: jarchomp|Garchomp, L50, M|100/100
|switch|p1b: Charred Zard|Charizard, L50, M, shiny|100/100
|switch|p2a: Dragonite|Dragonite, L50, F|100/100
|switch|p2b: Incineroar|Incineroar, L50, F|100/100
|-ability|p2b: Incineroar|Intimidate|boost
|-unboost|p1a: jarchomp|atk|1
|-unboost|p1b: Charred Zard|atk|1
|turn|1
|c|☆castoriceball|penguin u can just stalk my ps user
|c|☆castoriceball|lmao
|c| NOT_A_PENGUIN81|wait true
|
|t:|1782424912
|switch|p1a: Cringegambit|Kingambit, L50, M, shiny|100/100
|detailschange|p2a: Dragonite|Dragonite-Mega, L50, F
|-mega|p2a: Dragonite|Dragonite|Dragoninite
|move|p1b: Charred Zard|Protect|p1b: Charred Zard
|-singleturn|p1b: Charred Zard|Protect
|move|p2b: Incineroar|Fake Out|p1a: Cringegambit
|-resisted|p1a: Cringegambit|1
|-damage|p1a: Cringegambit|95/100
|move|p2a: Dragonite|Dragon Pulse|p1a: Cringegambit
|-resisted|p1a: Cringegambit|1
|-damage|p1a: Cringegambit|72/100
|
|upkeep
|turn|2
|
|t:|1782424937
|detailschange|p1b: Charred Zard|Charizard-Mega-Y, L50, M, shiny
|-mega|p1b: Charred Zard|Charizard|Charizardite Y
|-weather|SunnyDay|[from] ability: Drought|[of] p1b: Charred Zard
|move|p2a: Dragonite|Flamethrower|p1a: Cringegambit
|-supereffective|p1a: Cringegambit|1
|-damage|p1a: Cringegambit|0 fnt
|faint|p1a: Cringegambit
|move|p1b: Charred Zard|Heat Wave|p2a: Dragonite|[spread] p2a,p2b
|-resisted|p2a: Dragonite|1
|-resisted|p2b: Incineroar|1
|-damage|p2a: Dragonite|84/100
|-damage|p2b: Incineroar|70/100
|move|p2b: Incineroar|Parting Shot|p1b: Charred Zard
|-unboost|p1b: Charred Zard|atk|1
|-unboost|p1b: Charred Zard|spa|1
|c|☆castoriceball|fahhh
|
|t:|1782424948
|switch|p2b: Toxapex|Toxapex, L50, F|100/100|[from] Parting Shot
|
|-weather|SunnyDay|[upkeep]
|upkeep
|
|t:|1782424952
|switch|p1a: jarchomp|Garchomp, L50, M|100/100
|turn|3
|
|t:|1782424961
|switch|p2a: Whimsicott|Whimsicott, L50, M|100/100
|switch|p1b: fishsmackbac|Basculegion, L50, M, shiny|100/100
|move|p2b: Toxapex|Wide Guard|p2b: Toxapex
|-singleturn|p2b: Toxapex|Wide Guard
|move|p1a: jarchomp|Dragon Claw|p2a: Whimsicott
|-immune|p2a: Whimsicott
|
|-weather|SunnyDay|[upkeep]
|upkeep
|turn|4
|c| NOT_A_PENGUIN81|I LOVE YOU TOXAPEX
|c|☆castoriceball|FUCK YOU TOXAPEX
|c| NOT_A_PENGUIN81|I HAVE TO SHOW SUPPORT FOR MY GOAT TOXAPEX
|
|t:|1782424993
|move|p1a: jarchomp|Rock Slide|p2b: Toxapex|[spread] p2a,p2b
|-damage|p2a: Whimsicott|71/100
|-damage|p2b: Toxapex|82/100
|-damage|p1a: jarchomp|90/100|[from] item: Life Orb
|move|p2a: Whimsicott|Moonblast|p1a: jarchomp
|-supereffective|p1a: jarchomp|1
|-damage|p1a: jarchomp|19/100
|move|p1b: fishsmackbac|Last Respects|p2a: Whimsicott
|-damage|p2a: Whimsicott|4/100
|move|p2b: Toxapex|Toxic|p1b: fishsmackbac
|-status|p1b: fishsmackbac|tox
|
|-weather|SunnyDay|[upkeep]
|-heal|p2b: Toxapex|88/100|[from] item: Leftovers
|-damage|p1b: fishsmackbac|94/100 tox|[from] psn
|upkeep
|turn|5
|c|☆castoriceball|ur supposed to be on my team
|c|☆castoriceball|why isn't it protect
|c|☆castoriceball|fuck
|
|t:|1782425018
|switch|p2a: Incineroar|Incineroar, L50, F|70/100
|-ability|p2a: Incineroar|Intimidate|boost
|-unboost|p1a: jarchomp|atk|1
|-unboost|p1b: fishsmackbac|atk|1
|switch|p1b: Charred Zard|Charizard-Mega-Y, L50, M, shiny|100/100
|move|p2b: Toxapex|Wide Guard|p2b: Toxapex
|-singleturn|p2b: Toxapex|Wide Guard
|move|p1a: jarchomp|Earthquake|p2a: Incineroar|[spread] 
|-activate|p2a: Incineroar|move: Wide Guard
|-activate|p2b: Toxapex|move: Wide Guard
|-immune|p1b: Charred Zard
|
|-weather|SunnyDay|[upkeep]
|-heal|p2b: Toxapex|94/100|[from] item: Leftovers
|upkeep
|turn|6
|
|t:|1782425032
|switch|p1a: fishsmackbac|Basculegion, L50, M, shiny|94/100 tox
|move|p2a: Incineroar|Fake Out|p1a: fishsmackbac
|-immune|p1a: fishsmackbac
|move|p1b: Charred Zard|Weather Ball|p2b: Toxapex
|-resisted|p2b: Toxapex|1
|-damage|p2b: Toxapex|59/100
|move|p2b: Toxapex|Toxic|p1b: Charred Zard
|-status|p1b: Charred Zard|tox
|
|-weather|none
|-heal|p2b: Toxapex|64/100|[from] item: Leftovers
|-damage|p1b: Charred Zard|93/100 tox|[from] psn
|-damage|p1a: fishsmackbac|88/100 tox|[from] psn
|upkeep
|turn|7
|
|t:|1782425051
|switch|p1b: jarchomp|Garchomp, L50, M|19/100
|switch|p2a: Whimsicott|Whimsicott, L50, M|4/100
|move|p1a: fishsmackbac|Wave Crash|p2a: Whimsicott
|-resisted|p2a: Whimsicott|1
|-damage|p2a: Whimsicott|0 fnt
|faint|p2a: Whimsicott
|-damage|p1a: fishsmackbac|87/100 tox|[from] Recoil
|move|p2b: Toxapex|Infestation|p1a: fishsmackbac
|-resisted|p1a: fishsmackbac|1
|-damage|p1a: fishsmackbac|85/100 tox
|-activate|p1a: fishsmackbac|move: Infestation|[of] p2b: Toxapex
|
|-heal|p2b: Toxapex|70/100|[from] item: Leftovers
|-damage|p1a: fishsmackbac|73/100 tox|[from] psn
|-damage|p1a: fishsmackbac|61/100 tox|[from] move: Infestation|[partiallytrapped]
|upkeep
|
|t:|1782425062
|switch|p2a: Incineroar|Incineroar, L50, F|70/100
|-ability|p2a: Incineroar|Intimidate|boost
|-unboost|p1a: fishsmackbac|atk|1
|-unboost|p1b: jarchomp|atk|1
|turn|8
|
|t:|1782425076
|switch|p2a: Dragonite|Dragonite-Mega, L50, F|84/100
|move|p1b: jarchomp|Protect|p1b: jarchomp
|-singleturn|p1b: jarchomp|Protect
|move|p1a: fishsmackbac|Wave Crash|p2a: Dragonite
|-resisted|p2a: Dragonite|1
|-damage|p2a: Dragonite|54/100
|-damage|p1a: fishsmackbac|53/100 tox|[from] Recoil
|move|p2b: Toxapex|Toxic|p1b: jarchomp
|-activate|p1b: jarchomp|move: Protect
|
|-heal|p2b: Toxapex|76/100|[from] item: Leftovers
|-damage|p1a: fishsmackbac|36/100 tox|[from] psn
|-damage|p1a: fishsmackbac|23/100 tox|[from] move: Infestation|[partiallytrapped]
|upkeep
|turn|9
|
|t:|1782425096
|move|p2a: Dragonite|Protect|p2a: Dragonite
|-singleturn|p2a: Dragonite|Protect
|move|p1b: jarchomp|Dragon Claw|p2a: Dragonite
|-activate|p2a: Dragonite|move: Protect
|move|p1a: fishsmackbac|Last Respects|p2b: Toxapex
|-damage|p2b: Toxapex|44/100
|move|p2b: Toxapex|Toxic|p1b: jarchomp
|-status|p1b: jarchomp|tox
|
|-heal|p2b: Toxapex|50/100g|[from] item: Leftovers
|-damage|p1b: jarchomp|13/100 tox|[from] psn
|-damage|p1a: fishsmackbac|0 fnt|[from] psn
|faint|p1a: fishsmackbac
|upkeep
|
|t:|1782425106
|switch|p1a: Charred Zard|Charizard-Mega-Y, L50, M, shiny|93/100 tox
|-weather|SunnyDay|[from] ability: Drought|[of] p1a: Charred Zard
|turn|10
|
|t:|1782425129
|switch|p2a: Incineroar|Incineroar, L50, F|70/100
|-ability|p2a: Incineroar|Intimidate|boost
|-unboost|p1a: Charred Zard|atk|1
|-unboost|p1b: jarchomp|atk|1
|move|p2b: Toxapex|Wide Guard|p2b: Toxapex
|-singleturn|p2b: Toxapex|Wide Guard
|move|p1b: jarchomp|Earthquake|p2a: Incineroar|[spread] 
|-activate|p2a: Incineroar|move: Wide Guard
|-activate|p2b: Toxapex|move: Wide Guard
|-immune|p1a: Charred Zard
|move|p1a: Charred Zard|Heat Wave|p2b: Toxapex|[spread] 
|-activate|p2a: Incineroar|move: Wide Guard
|-activate|p2b: Toxapex|move: Wide Guard
|
|-weather|SunnyDay|[upkeep]
|-heal|p2b: Toxapex|56/100|[from] item: Leftovers
|-damage|p1b: jarchomp|2/100 tox|[from] psn
|-damage|p1a: Charred Zard|87/100 tox|[from] psn
|upkeep
|turn|11
|-message|castoriceball forfeited.
|
|win|Merisan
||castoriceball is ready for game 3.
