|j|☆NBZ-H
|j|☆Joseanfox
|html|NBZ-HJoseanfox    
|uhtml|bestof|Game 3 of a best-of-3
|t:|1783810621
|gametype|doubles
|player|p1|NBZ-H|101|1052
|player|p2|Joseanfox|dawn|1162
|gen|9
|tier|[Gen 9 Champions] VGC 2026 Reg M-B (Bo3)
|rated|
|rule|Species Clause: Limit one of each Pokémon
|rule|Item Clause: Limit 1 of each item
|clearpoke
|poke|p1|Pinsir, L50, F|
|poke|p1|Farigiraf, L50, F|
|poke|p1|Blastoise, L50, F|
|poke|p1|Incineroar, L50, M|
|poke|p1|Basculegion, L50, M|
|poke|p1|Sinistcha, L50|
|poke|p2|Raichu, L50, F|
|poke|p2|Corviknight, L50, F|
|poke|p2|Sylveon, L50, F|
|poke|p2|Basculegion, L50, M|
|poke|p2|Mamoswine, L50, M|
|poke|p2|Tyranitar, L50, M|
|teampreview|4
|showteam|p1|Pinsir||Pinsirite|HyperCutter|QuickAttack,SwordsDance,CloseCombat,BodySlam|Jolly||F|||50|]Farigiraf||LifeOrb|ArmorTail|Thunderbolt,Psychic,HyperVoice,RainDance|Modest||F|||50|]Blastoise||Blastoisinite|Torrent|WaterSpout,ShellSmash,AuraSphere,IceBeam|Modest||F|||50|]Incineroar||ChopleBerry|Intimidate|FakeOut,FlareBlitz,PartingShot,DarkestLariat|Adamant||M|||50|]Basculegion||ChoiceScarf|Adaptability|FlipTurn,LastRespects,WaveCrash,PsychicFangs|Jolly||M|||50|]Sinistcha||OccaBerry|Hospitality|ShadowBall,MatchaGotcha,RagePowder,TrickRoom|Modest|||||50|
|showteam|p2|Raichu||RaichuniteY|LightningRod|ZapCannon,FakeOut,Protect,FocusBlast|Timid||F|||50|]Corviknight||Leftovers|MirrorArmor|BraveBird,IronHead,Protect,Tailwind|Careful||F|||50|]Sylveon||FairyFeather|Pixilate|Protect,Yawn,HyperVoice,QuickAttack|Modest||F|||50|]Basculegion||MysticWater|Adaptability|AquaJet,Protect,WaveCrash,LastRespects|Adamant||M|||50|]Mamoswine||LifeOrb|Oblivious|Protect,HighHorsepower,IceShard,IcicleCrash|Adamant||M|||50|]Tyranitar||FocusSash|SandStream|RockSlide,KnockOff,Superpower,Protect|Adamant||M|||50|
|inactive|Battle timer is ON: inactive players will automatically lose when time's up. (requested by NBZ-H)
|inactive|Joseanfox has 60 seconds left.
|
|t:|1783810662
|teamsize|p1|4
|teamsize|p2|4
|start
|switch|p1a: Pinsir|Pinsir, L50, F|100/100
|switch|p1b: Incineroar|Incineroar, L50, M|100/100
|switch|p2a: Robin|Corviknight, L50, F|100/100
|switch|p2b: Bascumbión|Basculegion, L50, M|100/100
|-ability|p1b: Incineroar|Intimidate|boost
|-ability|p2a: Robin|Mirror Armor
|-unboost|p1b: Incineroar|atk|1
|-unboost|p2b: Bascumbión|atk|1
|turn|1
|inactive|Joseanfox has 30 seconds left.
|
|t:|1783810689
|detailschange|p1a: Pinsir|Pinsir-Mega, L50, F
|-mega|p1a: Pinsir|Pinsir|Pinsirite
|move|p1b: Incineroar|Fake Out|p2a: Robin
|-resisted|p2a: Robin|1
|-damage|p2a: Robin|95/100
|move|p1a: Pinsir|Swords Dance|p1a: Pinsir
|-boost|p1a: Pinsir|atk|2
|move|p2b: Bascumbión|Wave Crash|p1b: Incineroar
|-supereffective|p1b: Incineroar|1
|-damage|p1b: Incineroar|0 fnt
|faint|p1b: Incineroar
|-damage|p2b: Bascumbión|67/100|[from] Recoil
|cant|p2a: Robin|flinch
|
|-heal|p2a: Robin|100/100|[from] item: Leftovers
|upkeep
|
|t:|1783810703
|switch|p1b: Sinistcha|Sinistcha, L50|100/100
|turn|2
|
|t:|1783810716
|move|p2b: Bascumbión|Protect|p2b: Bascumbión
|-singleturn|p2b: Bascumbión|Protect
|move|p1b: Sinistcha|Rage Powder|p1b: Sinistcha
|-singleturn|p1b: Sinistcha|move: Rage Powder
|move|p1a: Pinsir|Body Slam|p2b: Bascumbión
|-activate|p2b: Bascumbión|move: Protect
|move|p2a: Robin|Tailwind|p2a: Robin
|-sidestart|p2: Joseanfox|move: Tailwind
|
|upkeep
|turn|3
|
|t:|1783810736
|move|p1b: Sinistcha|Rage Powder|p1b: Sinistcha
|-singleturn|p1b: Sinistcha|move: Rage Powder
|move|p2b: Bascumbión|Last Respects|p1b: Sinistcha
|-supereffective|p1b: Sinistcha|1
|-damage|p1b: Sinistcha|64/100
|move|p2a: Robin|Brave Bird|p1b: Sinistcha
|-supereffective|p1b: Sinistcha|1
|-crit|p1b: Sinistcha
|-damage|p1b: Sinistcha|0 fnt
|faint|p1b: Sinistcha
|-damage|p2a: Robin|81/100|[from] Recoil
|move|p1a: Pinsir|Body Slam|p2b: Bascumbión
|-crit|p2b: Bascumbión
|-damage|p2b: Bascumbión|0 fnt
|faint|p2b: Bascumbión
|
|-heal|p2a: Robin|87/100|[from] item: Leftovers
|upkeep
|
|t:|1783810755
|switch|p2b: Prisca|Raichu, L50, F|100/100
|switch|p1b: Basculegion|Basculegion, L50, M|100/100
|turn|4
|
|t:|1783810779
|detailschange|p2b: Prisca|Raichu-Mega-Y, L50, F
|-mega|p2b: Prisca|Raichu|Raichunite Y
|move|p1a: Pinsir|Quick Attack|p2b: Prisca
|-resisted|p2b: Prisca|1
|-damage|p2b: Prisca|47/100
|move|p2b: Prisca|Zap Cannon|p1b: Basculegion
|-supereffective|p1b: Basculegion|1
|-damage|p1b: Basculegion|0 fnt
|faint|p1b: Basculegion
|move|p2a: Robin|Brave Bird|p1a: Pinsir
|-supereffective|p1a: Pinsir|1
|-damage|p1a: Pinsir|6/100
|-damage|p2a: Robin|65/100|[from] Recoil
|
|-heal|p2a: Robin|71/100|[from] item: Leftovers
|upkeep
|turn|5
|
|t:|1783810800
|move|p1a: Pinsir|Quick Attack|p2b: Prisca
|-resisted|p2b: Prisca|1
|-damage|p2b: Prisca|1/100
|move|p2b: Prisca|Zap Cannon|p1a: Pinsir
|-supereffective|p1a: Pinsir|1
|-damage|p1a: Pinsir|0 fnt
|faint|p1a: Pinsir
|
|win|Joseanfox
|raw|NBZ-H's rating: 1052 → 1040(-12 for losing)
|raw|Joseanfox's rating: 1162 → 1179(+17 for winning)
|l|☆NBZ-H
|player|p1|
