|j|☆flubberbut
|j|☆hondo civic
|html|flubberbuthondo civic    
|uhtml|bestof|Game 1 of a best-of-3
|t:|1756587951
|gametype|doubles
|player|p1|flubberbut|benga|1304
|player|p2|hondo civic|2|1464
|gen|9
|tier|[Gen 9] VGC 2025 Reg H (Bo3)
|rated|
|rule|Species Clause: Limit one of each Pokémon
|rule|Item Clause: Limit 1 of each item
|clearpoke
|poke|p1|Gholdengo, L50|
|poke|p1|Dragonite, L50, F|
|poke|p1|Talonflame, L50, F|
|poke|p1|Ursaluna-Bloodmoon, L50, M|
|poke|p1|Dondozo, L50, F|
|poke|p1|Tatsugiri, L50, F|
|poke|p2|Ninetales-Alola, L50, M|
|poke|p2|Rillaboom, L50, M|
|poke|p2|Magmar, L50, M|
|poke|p2|Sneasler, L50, M|
|poke|p2|Kingambit, L50, F|
|poke|p2|Basculegion, L50, M|
|teampreview|4
|showteam|p1|Gholdengo||ChoiceSpecs|GoodasGold|MakeItRain,PowerGem,ShadowBall,Trick||||||50|,,,,,Steel]Dragonite||ChoiceBand|InnerFocus|ExtremeSpeed,Outrage,LowKick,Earthquake|||F|||50|,,,,,Normal]Talonflame||ClearAmulet|GaleWings|Tailwind,FlareBlitz,BraveBird,WillOWisp|||F|||50|,,,,,Ghost]Ursaluna-Bloodmoon||LifeOrb|MindsEye|HyperVoice,EarthPower,BloodMoon,Protect|||M|||50|,,,,,Normal]Dondozo||SafetyGoggles|Unaware|Protect,WaveCrash,OrderUp,Earthquake|||F|||50|,,,,,Ghost]Tatsugiri||FocusSash|Commander|DracoMeteor,MuddyWater,Protect,MirrorCoat|||F|||50|,,,,,Fairy
|showteam|p2|Ninetales-Alola||LifeOrb|SnowWarning|Blizzard,FreezeDry,Encore,Protect|||M|||50|,,,,,Ghost]Rillaboom||AssaultVest|GrassySurge|WoodHammer,FakeOut,Uturn,GrassyGlide|||M|||50|,,,,,Ghost]Magmar||Eviolite|VitalSpirit|Protect,HeatWave,Taunt,FollowMe|||M|||50|,,,,,Ghost]Sneasler||FocusSash|PoisonTouch|FakeOut,DireClaw,CloseCombat,Protect|||M|||50|,,,,,Ghost]Kingambit||BlackGlasses|Defiant|KowtowCleave,SwordsDance,SuckerPunch,Protect|||F|||50|,,,,,Fire]Basculegion||ChoiceScarf|Adaptability|WaveCrash,FlipTurn,TeraBlast,LastRespects|||M|||50|,,,,,Fairy
|inactive|Battle timer is ON: inactive players will automatically lose when time's up. (requested by hondo civic)
|inactive|flubberbut has 60 seconds left.
|
|t:|1756587990
|teamsize|p1|4
|teamsize|p2|4
|start
|switch|p1a: Ursaluna|Ursaluna-Bloodmoon, L50, M|100/100
|switch|p1b: Talonflame|Talonflame, L50, F|100/100
|switch|p2a: Kingambit|Kingambit, L50, F, shiny|100/100
|switch|p2b: Sneasler|Sneasler, L50, M|100/100
|turn|1
|j| entei enthusiast
|
|t:|1756588012
|-terastallize|p2a: Kingambit|Fire
|move|p2b: Sneasler|Fake Out|p1a: Ursaluna
|-damage|p1a: Ursaluna|89/100
|-status|p1a: Ursaluna|psn|[from] ability: Poison Touch|[of] p2b: Sneasler
|move|p1b: Talonflame|Will-O-Wisp|p2a: Kingambit
|-immune|p2a: Kingambit
|cant|p1a: Ursaluna|flinch
|move|p2a: Kingambit|Swords Dance|p2a: Kingambit
|-boost|p2a: Kingambit|atk|2
|
|-damage|p1a: Ursaluna|77/100 psn|[from] psn
|upkeep
|turn|2
|inactive|flubberbut has 30 seconds left.
|
|t:|1756588044
|switch|p1b: Tatsugiri|Tatsugiri, L50, F, shiny|100/100
|switch|p1a: Dondozo|Dondozo, L50, F|100/100
|-activate|p1b: Tatsugiri|ability: Commander|[of] p1a: Dondozo
|-boost|p1a: Dondozo|atk|2
|-boost|p1a: Dondozo|spa|2
|-boost|p1a: Dondozo|spe|2
|-boost|p1a: Dondozo|def|2
|-boost|p1a: Dondozo|spd|2
|move|p2a: Kingambit|Protect|p2a: Kingambit
|-singleturn|p2a: Kingambit|Protect
|move|p2b: Sneasler|Close Combat|p1a: Dondozo
|-damage|p1a: Dondozo|81/100
|-unboost|p2b: Sneasler|def|1
|-unboost|p2b: Sneasler|spd|1
|
|upkeep
|turn|3
|
|t:|1756588059
|switch|p2a: Rillaboom|Rillaboom, L50, M|100/100
|-fieldstart|move: Grassy Terrain|[from] ability: Grassy Surge|[of] p2a: Rillaboom
|move|p2b: Sneasler|Protect|p2b: Sneasler
|-singleturn|p2b: Sneasler|Protect
|move|p1a: Dondozo|Wave Crash|p2a: Rillaboom
|-resisted|p2a: Rillaboom
|-damage|p2a: Rillaboom|44/100
|-damage|p1a: Dondozo|64/100|[from] Recoil
|
|-heal|p1a: Dondozo|70/100|[from] Grassy Terrain
|-heal|p2a: Rillaboom|50/100|[from] Grassy Terrain
|upkeep
|turn|4
|
|t:|1756588074
|switch|p2b: Ninetales|Ninetales-Alola, L50, M|100/100
|-weather|Snowscape|[from] ability: Snow Warning|[of] p2b: Ninetales
|-terastallize|p1a: Dondozo|Ghost
|move|p2a: Rillaboom|Fake Out|p1a: Dondozo
|-immune|p1a: Dondozo
|move|p1a: Dondozo|Wave Crash|p2a: Rillaboom
|-resisted|p2a: Rillaboom
|-damage|p2a: Rillaboom|0 fnt
|faint|p2a: Rillaboom
|-damage|p1a: Dondozo|56/100|[from] Recoil
|
|-weather|Snowscape|[upkeep]
|-heal|p1a: Dondozo|62/100|[from] Grassy Terrain
|upkeep
|
|t:|1756588085
|switch|p2a: Kingambit|Kingambit, L50, F, shiny, tera:Fire|100/100
|turn|5
|
|t:|1756588097
|move|p2a: Kingambit|Sucker Punch|p1a: Dondozo
|-supereffective|p1a: Dondozo
|-damage|p1a: Dondozo|27/100
|move|p2b: Ninetales|Freeze-Dry|p1a: Dondozo
|-damage|p1a: Dondozo|8/100
|-damage|p2b: Ninetales|91/100|[from] item: Life Orb
|move|p1a: Dondozo|Wave Crash|p2b: Ninetales
|-damage|p2b: Ninetales|0 fnt
|faint|p2b: Ninetales
|-damage|p1a: Dondozo|0 fnt|[from] Recoil
|faint|p1a: Dondozo
|
|-weather|Snowscape|[upkeep]
|upkeep
|
|t:|1756588112
|switch|p2b: Sneasler|Sneasler, L50, M|100/100
|switch|p1a: Ursaluna|Ursaluna-Bloodmoon, L50, M|77/100 psn
|turn|6
|
|t:|1756588128
|switch|p1a: Talonflame|Talonflame, L50, F|100/100
|move|p2b: Sneasler|Close Combat|p1a: Talonflame
|-resisted|p1a: Talonflame
|-damage|p1a: Talonflame|53/100
|-unboost|p2b: Sneasler|def|1
|-unboost|p2b: Sneasler|spd|1
|move|p1b: Tatsugiri|Draco Meteor|p2b: Sneasler
|-enditem|p2b: Sneasler|Focus Sash
|-damage|p2b: Sneasler|1/100
|-unboost|p1b: Tatsugiri|spa|2
|move|p2a: Kingambit|Kowtow Cleave|p1b: Tatsugiri
|-enditem|p1b: Tatsugiri|Focus Sash
|-damage|p1b: Tatsugiri|1/100
|
|-weather|Snowscape|[upkeep]
|-heal|p2b: Sneasler|7/100|[from] Grassy Terrain
|-heal|p1b: Tatsugiri|7/100|[from] Grassy Terrain
|upkeep
|turn|7
|
|t:|1756588144
|move|p2b: Sneasler|Protect|p2b: Sneasler
|-singleturn|p2b: Sneasler|Protect
|move|p1a: Talonflame|Brave Bird|p2b: Sneasler
|-activate|p2b: Sneasler|move: Protect
|move|p1b: Tatsugiri|Muddy Water|p2b: Sneasler|[spread] p2a
|-activate|p2b: Sneasler|move: Protect
|-supereffective|p2a: Kingambit
|-damage|p2a: Kingambit|61/100
|move|p2a: Kingambit|Swords Dance|p2a: Kingambit
|-boost|p2a: Kingambit|atk|2
|
|-weather|Snowscape|[upkeep]
|-heal|p2b: Sneasler|13/100|[from] Grassy Terrain
|-heal|p1b: Tatsugiri|12/100|[from] Grassy Terrain
|-heal|p2a: Kingambit|67/100|[from] Grassy Terrain
|-fieldend|move: Grassy Terrain
|upkeep
|turn|8
|
|t:|1756588163
|move|p1b: Tatsugiri|Protect|p1b: Tatsugiri
|-singleturn|p1b: Tatsugiri|Protect
|move|p2a: Kingambit|Sucker Punch||[still]
|-fail|p2a: Kingambit
|move|p1a: Talonflame|Tailwind|p1a: Talonflame
|-sidestart|p1: flubberbut|move: Tailwind
|move|p2b: Sneasler|Dire Claw|p1a: Talonflame
|-damage|p1a: Talonflame|0 fnt
|faint|p1a: Talonflame
|
|-weather|none
|upkeep
|
|t:|1756588165
|switch|p1a: Ursaluna|Ursaluna-Bloodmoon, L50, M|77/100 psn
|turn|9
|
|t:|1756588179
|move|p1b: Tatsugiri|Protect|p1b: Tatsugiri
|-singleturn|p1b: Tatsugiri|Protect
|move|p2b: Sneasler|Protect|p2b: Sneasler
|-singleturn|p2b: Sneasler|Protect
|move|p2a: Kingambit|Protect|p2a: Kingambit
|-singleturn|p2a: Kingambit|Protect
|move|p1a: Ursaluna|Hyper Voice|p2b: Sneasler|[spread] 
|-activate|p2a: Kingambit|move: Protect
|-activate|p2b: Sneasler|move: Protect
|
|-damage|p1a: Ursaluna|65/100 psn|[from] psn
|upkeep
|turn|10
|
|t:|1756588188
|move|p1b: Tatsugiri|Protect|p1b: Tatsugiri
|-singleturn|p1b: Tatsugiri|Protect
|move|p2a: Kingambit|Sucker Punch|p1a: Ursaluna
|-damage|p1a: Ursaluna|0 fnt
|faint|p1a: Ursaluna
|move|p2b: Sneasler|Dire Claw|p1b: Tatsugiri
|-activate|p1b: Tatsugiri|move: Protect
|
|upkeep
|turn|11
|-message|flubberbut forfeited.
|
|win|hondo civic
||flubberbut is ready for game 2.
||hondo civic is ready for game 2.
|uhtml|next|Next: Game 2 of 3
|l|☆flubberbut
|player|p1|
|l| entei enthusiast
