|j|☆Joker113
|j|☆lox1sm
|html|Joker113lox1sm    
|uhtml|bestof|Game 2 of a best-of-3
|t:|1783184659
|gametype|doubles
|player|p1|Joker113|169|1150
|player|p2|lox1sm|veteran|1252
|gen|9
|tier|[Gen 9 Champions] VGC 2026 Reg M-B (Bo3)
|rated|
|rule|Species Clause: Limit one of each Pokémon
|rule|Item Clause: Limit 1 of each item
|clearpoke
|poke|p1|Garchomp, L50, M|
|poke|p1|Maushold, L50|
|poke|p1|Incineroar, L50, M|
|poke|p1|Whimsicott, L50, M|
|poke|p1|Charizard, L50, F|
|poke|p1|Sneasler, L50, M|
|poke|p2|Charizard, L50, F|
|poke|p2|Aerodactyl, L50, F|
|poke|p2|Garchomp, L50, F|
|poke|p2|Kingambit, L50, M|
|poke|p2|Farigiraf, L50, M|
|poke|p2|Primarina, L50, M|
|teampreview|4
|showteam|p1|Garchomp||ChoiceScarf|SandVeil|Earthquake,DragonClaw,Crunch,RockSlide|Adamant||M|||50|]Maushold||WideLens|Technician|PopulationBomb,FollowMe,ThunderWave,Protect|Adamant|||||50|]Incineroar||SitrusBerry|Intimidate|FlareBlitz,FakeOut,PartingShot,DarkestLariat|Serious||M|||50|]Whimsicott||FocusSash|Prankster|Encore,Endeavor,Moonblast,Tailwind|Bold||M|||50|]Charizard||CharizarditeY|SolarPower|HeatWave,Protect,SolarBeam,WeatherBall|Modest||F|||50|]Sneasler||WhiteHerb|Unburden|CloseCombat,FakeOut,DireClaw,Protect|Adamant||M|||50|
|showteam|p2|Charizard||CharizarditeY|Blaze|HeatWave,WeatherBall,SolarBeam,Protect|Modest||F|||50|]Aerodactyl||Aerodactylite|Unnerve|RockSlide,IceFang,Tailwind,Protect|Jolly||F|||50|]Garchomp||LifeOrb|RoughSkin|DragonClaw,Earthquake,RockSlide,Protect|Jolly||F|||50|]Kingambit||FocusSash|Defiant|KowtowCleave,SuckerPunch,IronHead,LowKick|Adamant||M|||50|]Farigiraf||ExpertBelt|ArmorTail|Psychic,DazzlingGleam,Thunderbolt,TrickRoom|Modest||M|||50|]Primarina||MysticWater|LiquidVoice|HyperVoice,Moonblast,Haze,Protect|Modest||M|||50|
|inactive|Battle timer is ON: inactive players will automatically lose when time's up. (requested by Joker113)
|
|t:|1783184676
|teamsize|p1|4
|teamsize|p2|4
|start
|switch|p1a: Maushold|Maushold, L50|100/100
|switch|p1b: Sneasler|Sneasler, L50, M|100/100
|switch|p2a: Aerodactyl|Aerodactyl, L50, F|100/100
|switch|p2b: Garchomp|Garchomp, L50, F|100/100
|-ability|p2a: Aerodactyl|Unnerve
|turn|1
|
|t:|1783184698
|move|p2a: Aerodactyl|Protect|p2a: Aerodactyl
|-singleturn|p2a: Aerodactyl|Protect
|move|p1b: Sneasler|Protect|p1b: Sneasler
|-singleturn|p1b: Sneasler|Protect
|move|p2b: Garchomp|Protect|p2b: Garchomp
|-singleturn|p2b: Garchomp|Protect
|move|p1a: Maushold|Thunder Wave|p2a: Aerodactyl
|-activate|p2a: Aerodactyl|move: Protect
|
|upkeep
|turn|2
|
|t:|1783184715
|detailschange|p2a: Aerodactyl|Aerodactyl-Mega, L50, F
|-mega|p2a: Aerodactyl|Aerodactyl|Aerodactylite
|move|p2a: Aerodactyl|Tailwind|p2a: Aerodactyl
|-sidestart|p2: lox1sm|move: Tailwind
|move|p2b: Garchomp|Earthquake|p1a: Maushold|[spread] p1a,p1b
|-immune|p2a: Aerodactyl
|-supereffective|p1b: Sneasler|1
|-damage|p1a: Maushold|45/100
|-damage|p1b: Sneasler|0 fnt
|faint|p1b: Sneasler
|-damage|p2b: Garchomp|90/100|[from] item: Life Orb
|move|p1a: Maushold|Thunder Wave|p2a: Aerodactyl
|-status|p2a: Aerodactyl|par
|
|upkeep
|
|t:|1783184721
|switch|p1b: Garchomp|Garchomp, L50, M|100/100
|turn|3
|
|t:|1783184740
|switch|p2b: Primarina|Primarina, L50, M|100/100
|move|p1a: Maushold|Protect|p1a: Maushold
|-singleturn|p1a: Maushold|Protect
|move|p1b: Garchomp|Dragon Claw|p2b: Primarina
|-immune|p2b: Primarina
|move|p2a: Aerodactyl|Rock Slide|p1a: Maushold|[spread] p1b
|-activate|p1a: Maushold|move: Protect
|-resisted|p1b: Garchomp|1
|-damage|p1b: Garchomp|85/100
|
|upkeep
|turn|4
|
|t:|1783184759
|move|p1b: Garchomp|Dragon Claw|p2a: Aerodactyl
|-damage|p2a: Aerodactyl|47/100 par
|move|p2b: Primarina|Moonblast|p1b: Garchomp
|-supereffective|p1b: Garchomp|1
|-damage|p1b: Garchomp|0 fnt
|faint|p1b: Garchomp
|cant|p2a: Aerodactyl|par
|move|p1a: Maushold|Thunder Wave|p2b: Primarina
|-status|p2b: Primarina|par
|
|upkeep
|
|t:|1783184765
|switch|p1b: Charizard|Charizard, L50, F|100/100
|turn|5
|
|t:|1783184778
|detailschange|p1b: Charizard|Charizard-Mega-Y, L50, F
|-mega|p1b: Charizard|Charizard|Charizardite Y
|-weather|SunnyDay|[from] ability: Drought|[of] p1b: Charizard
|move|p2a: Aerodactyl|Rock Slide|p1a: Maushold|[spread] p1a
|-miss|p2a: Aerodactyl|p1b: Charizard
|-damage|p1a: Maushold|15/100
|move|p1b: Charizard|Heat Wave|p2a: Aerodactyl|[spread] p2b
|-miss|p1b: Charizard|p2a: Aerodactyl
|-resisted|p2b: Primarina|1
|-damage|p2b: Primarina|63/100 par
|cant|p1a: Maushold|flinch
|move|p2b: Primarina|Moonblast|p1a: Maushold
|-damage|p1a: Maushold|0 fnt
|faint|p1a: Maushold
|
|-weather|SunnyDay|[upkeep]
|-sideend|p2: lox1sm|move: Tailwind
|upkeep
|turn|6
|
|t:|1783184802
|move|p1b: Charizard|Heat Wave|p2b: Primarina|[spread] p2a,p2b
|-resisted|p2a: Aerodactyl|1
|-resisted|p2b: Primarina|1
|-damage|p2a: Aerodactyl|6/100 par
|-damage|p2b: Primarina|29/100 par
|move|p2a: Aerodactyl|Tailwind|p2a: Aerodactyl
|-sidestart|p2: lox1sm|move: Tailwind
|cant|p2b: Primarina|par
|
|-weather|SunnyDay|[upkeep]
|upkeep
|turn|7
|
|t:|1783184809
|move|p2a: Aerodactyl|Rock Slide|p1b: Charizard
|-supereffective|p1b: Charizard|2
|-damage|p1b: Charizard|0 fnt
|faint|p1b: Charizard
|
|win|lox1sm
||lox1sm is ready for game 3.
||Joker113 is ready for game 3.
|uhtml|next|Next: Game 3 of 3
|l|☆Joker113
|player|p1|
