|j|☆PizzaSanwitch
|j|☆Aeriodon
|html|PizzaSanwitchAeriodon    
|uhtml|bestof|Game 3 of a best-of-3
|t:|1785984069
|gametype|doubles
|player|p1|PizzaSanwitch|101|1156
|player|p2|Aeriodon|byron|1105
|gen|9
|tier|[Gen 9 Champions] VGC 2026 Reg M-B (Bo3)
|rated|
|rule|Species Clause: Limit one of each Pokémon
|rule|Item Clause: Limit 1 of each item
|clearpoke
|poke|p1|Raichu, L50, M|
|poke|p1|Sylveon, L50, F|
|poke|p1|Incineroar, L50, F|
|poke|p1|Sinistcha, L50|
|poke|p1|Metagross, L50|
|poke|p1|Hydreigon, L50, M|
|poke|p2|Pelipper, L50, F|
|poke|p2|Greninja, L50, M|
|poke|p2|Scizor, L50, M|
|poke|p2|Toxapex, L50, M|
|poke|p2|Annihilape, L50, M|
|poke|p2|Archaludon, L50, F|
|teampreview|4
|showteam|p1|Raichu||RaichuniteY|LightningRod|ZapCannon,FocusBlast,FakeOut,Protect|Timid||M|||50|]Sylveon||FairyFeather|Pixilate|HyperVoice,Moonblast,CalmMind,Detect|Modest||F|||50|]Incineroar||ShucaBerry|Intimidate|FlareBlitz,DarkestLariat,PartingShot,FakeOut|Serious||F|||50|]Sinistcha||SitrusBerry|Hospitality|MatchaGotcha,RagePowder,TrickRoom,Protect|Bold|||||50|]Metagross||Metagrossite|ClearBody|HardPress,PsychicFangs,BodyPress,Protect|Adamant|||||50|]Hydreigon||ChoiceScarf|Levitate|Snarl,DarkPulse,DracoMeteor,EarthPower|Timid||M|||50|
|showteam|p2|Pelipper||FocusSash|Drizzle|Hurricane,WeatherBall,WideGuard,Tailwind|Modest||F|||50|]Greninja||Greninjite|Protean|WaterShuriken,DarkPulse,UpperHand,Protect|Timid||M|||50|]Scizor||LifeOrb|Technician|BugBite,BulletPunch,CloseCombat,DualWingbeat|Adamant||M|||50|]Toxapex||MentalHerb|Regenerator|Toxic,Infestation,BanefulBunker,Liquidation|Impish||M|||50|]Annihilape||ChoiceScarf|Defiant|RockSlide,CloseCombat,RageFist,IcePunch|Adamant||M|||50|]Archaludon||Leftovers|Stamina|ElectroShot,FlashCannon,DragonPulse,Protect|Calm||F|||50|
|
|t:|1785984094
|teamsize|p1|4
|teamsize|p2|4
|start
|switch|p1a: Metagross|Metagross, L50|100/100
|switch|p1b: Hydreigon|Hydreigon, L50, M|100/100
|switch|p2a: Greninja|Greninja, L50, M|100/100
|switch|p2b: Annihilape|Annihilape, L50, M|100/100
|turn|1
|
|t:|1785984127
|detailschange|p2a: Greninja|Greninja-Mega, L50, M
|-mega|p2a: Greninja|Greninja|Greninjite
|detailschange|p1a: Metagross|Metagross-Mega, L50
|-mega|p1a: Metagross|Metagross|Metagrossite
|move|p1b: Hydreigon|Draco Meteor|p2b: Annihilape|[miss]
|-miss|p1b: Hydreigon|p2b: Annihilape
|move|p2a: Greninja|Dark Pulse|p1a: Metagross
|-start|p2a: Greninja|typechange|Dark|[from] ability: Protean
|-supereffective|p1a: Metagross|1
|-damage|p1a: Metagross|22/100
|move|p2b: Annihilape|Close Combat|p1b: Hydreigon
|-supereffective|p1b: Hydreigon|1
|-damage|p1b: Hydreigon|0 fnt
|-unboost|p2b: Annihilape|def|1
|-unboost|p2b: Annihilape|spd|1
|faint|p1b: Hydreigon
|move|p1a: Metagross|Psychic Fangs|p2b: Annihilape
|-supereffective|p2b: Annihilape|1
|-damage|p2b: Annihilape|0 fnt
|faint|p2b: Annihilape
|
|upkeep
|
|t:|1785984146
|switch|p1b: Sinistcha|Sinistcha, L50|100/100
|switch|p2b: Scizor|Scizor, L50, M|100/100
|-heal|p1a: Metagross|47/100|[from] ability: Hospitality|[of] p1b: Sinistcha
|turn|2
|
|t:|1785984163
|switch|p1a: Incineroar|Incineroar, L50, F|100/100
|-ability|p1a: Incineroar|Intimidate|boost
|-unboost|p2a: Greninja|atk|1
|-unboost|p2b: Scizor|atk|1
|move|p1b: Sinistcha|Protect|p1b: Sinistcha
|-singleturn|p1b: Sinistcha|Protect
|move|p2a: Greninja|Dark Pulse|p1b: Sinistcha
|-activate|p1b: Sinistcha|move: Protect
|move|p2b: Scizor|Bug Bite|p1b: Sinistcha
|-activate|p1b: Sinistcha|move: Protect
|
|upkeep
|turn|3
|
|t:|1785984193
|switch|p2b: Pelipper|Pelipper, L50, F|100/100
|-weather|RainDance|[from] ability: Drizzle|[of] p2b: Pelipper
|move|p1a: Incineroar|Fake Out|p2b: Pelipper
|-damage|p2b: Pelipper|89/100
|move|p2a: Greninja|Water Shuriken|p1a: Incineroar
|-supereffective|p1a: Incineroar|1
|-damage|p1a: Incineroar|87/100
|-supereffective|p1a: Incineroar|1
|-damage|p1a: Incineroar|72/100
|-supereffective|p1a: Incineroar|1
|-damage|p1a: Incineroar|57/100
|-hitcount|p1a: Incineroar|3
|move|p1b: Sinistcha|Trick Room|p1b: Sinistcha
|-fieldstart|move: Trick Room|[of] p1b: Sinistcha
|
|-weather|RainDance|[upkeep]
|upkeep
|turn|4
|
|t:|1785984218
|move|p1b: Sinistcha|Matcha Gotcha|p2b: Pelipper|[spread] p2a,p2b
|-damage|p2a: Greninja|66/100
|-damage|p2b: Pelipper|56/100
|move|p2b: Pelipper|Hurricane|p1b: Sinistcha
|-supereffective|p1b: Sinistcha|1
|-damage|p1b: Sinistcha|17/100
|-start|p1b: Sinistcha|confusion
|-enditem|p1b: Sinistcha|Sitrus Berry|[eat]
|-heal|p1b: Sinistcha|42/100|[from] item: Sitrus Berry
|move|p1a: Incineroar|Parting Shot|p2a: Greninja
|-unboost|p2a: Greninja|atk|1
|-unboost|p2a: Greninja|spa|1
|
|t:|1785984225
|switch|p1a: Metagross|Metagross-Mega, L50|47/100|[from] Parting Shot
|move|p2a: Greninja|Dark Pulse|p1b: Sinistcha
|-supereffective|p1b: Sinistcha|1
|-damage|p1b: Sinistcha|0 fnt
|faint|p1b: Sinistcha
|
|-weather|RainDance|[upkeep]
|upkeep
|
|t:|1785984227
|switch|p1b: Incineroar|Incineroar, L50, F|57/100
|-ability|p1b: Incineroar|Intimidate|boost
|-unboost|p2a: Greninja|atk|1
|-unboost|p2b: Pelipper|atk|1
|turn|5
|
|t:|1785984241
|move|p1b: Incineroar|Fake Out|p2b: Pelipper
|-damage|p2b: Pelipper|46/100
|move|p2a: Greninja|Upper Hand||[still]
|-fail|p2a: Greninja
|cant|p2b: Pelipper|flinch
|move|p1a: Metagross|Body Press|p2a: Greninja
|-supereffective|p2a: Greninja|1
|-damage|p2a: Greninja|0 fnt
|faint|p2a: Greninja
|
|-weather|RainDance|[upkeep]
|upkeep
|
|t:|1785984250
|switch|p2a: Scizor|Scizor, L50, M|100/100
|turn|6
|
|t:|1785984262
|move|p1a: Metagross|Protect|p1a: Metagross
|-singleturn|p1a: Metagross|Protect
|move|p2a: Scizor|Close Combat|p1b: Incineroar
|-supereffective|p1b: Incineroar|1
|-damage|p1b: Incineroar|0 fnt
|-unboost|p2a: Scizor|def|1
|-unboost|p2a: Scizor|spd|1
|faint|p1b: Incineroar
|-damage|p2a: Scizor|90/100|[from] item: Life Orb
|move|p2b: Pelipper|Weather Ball|p1a: Metagross
|-activate|p1a: Metagross|move: Protect
|
|-weather|RainDance|[upkeep]
|upkeep
|turn|7
|-message|PizzaSanwitch forfeited.
|
|win|Aeriodon
|raw|PizzaSanwitch's rating: 1156 → 1127(-29 for losing)
|raw|Aeriodon's rating: 1105 → 1134(+29 for winning)
|l|☆Aeriodon
|player|p2|
