|j|☆embajador
|j|☆RamonTheKiller
|html|embajadorRamonTheKiller    
|uhtml|bestof|Game 1 of a best-of-3
|t:|1756845867
|gametype|doubles
|player|p1|embajador|dawn|1168
|player|p2|RamonTheKiller|palmer|1217
|gen|9
|tier|[Gen 9] VGC 2025 Reg H (Bo3)
|rated|
|rule|Species Clause: Limit one of each Pokémon
|rule|Item Clause: Limit 1 of each item
|clearpoke
|poke|p1|Indeedee-F, L50, F|
|poke|p1|Hatterene, L50, F|
|poke|p1|Gallade, L50, M|
|poke|p1|Ursaluna, L50, M|
|poke|p1|Lilligant-Hisui, L50, F|
|poke|p1|Torkoal, L50, M|
|poke|p2|Incineroar, L50, F|
|poke|p2|Amoonguss, L50, M|
|poke|p2|Gholdengo, L50|
|poke|p2|Dragonite, L50, M|
|poke|p2|Sneasler, L50, F|
|poke|p2|Primarina, L50, M|
|teampreview|4
|showteam|p1|Indeedee-F||PsychicSeed|PsychicSurge|TrickRoom,FollowMe,HelpingHand,DazzlingGleam|||F|||50|,,,,,Fire]Hatterene||LifeOrb|MagicBounce|ExpandingForce,TrickRoom,DazzlingGleam,Protect|||F|||50|,,,,,Psychic]Gallade||ClearAmulet|Sharpness|PsychoCut,TrickRoom,SacredSword,WideGuard|||M|||50|,,,,,Grass]Ursaluna||FlameOrb|Guts|HeadlongRush,Facade,SwordsDance,Protect|||M|||50|,,,,,Ghost]Lilligant-Hisui||FocusSash|Chlorophyll|SolarBlade,SleepPowder,CloseCombat,AfterYou|||F|||50|,,,,,Ghost]Torkoal||ChoiceSpecs|Drought|Eruption,HeatWave,WeatherBall,EarthPower|||M|||50|,,,,,Fire
|showteam|p2|Incineroar||SafetyGoggles|Intimidate|KnockOff,FakeOut,PartingShot,FlareBlitz|||F|||50|,,,,,Ghost]Amoonguss||RockyHelmet|Regenerator|RagePowder,PollenPuff,Spore,Protect|||M|||50|,,,,,Fairy]Gholdengo||LifeOrb|GoodasGold|MakeItRain,ShadowBall,NastyPlot,Protect||||||50|,,,,,Water]Dragonite||LoadedDice|Multiscale|ScaleShot,Protect,Tailwind,Haze|||M|||50|,,,,,Fairy]Sneasler||FocusSash|Unburden|DireClaw,CloseCombat,Protect,ThroatChop|||F|||50|,,,,,Stellar]Primarina||AssaultVest|LiquidVoice|HyperVoice,Moonblast,IcyWind,TeraBlast|||M|||50|,,,,,Poison
|inactive|Battle timer is ON: inactive players will automatically lose when time's up. (requested by embajador)
|
|t:|1756845886
|teamsize|p1|4
|teamsize|p2|4
|start
|switch|p1a: 紫竽超可愛|Indeedee-F, L50, F, shiny|100/100
|switch|p1b: 紫竽敲可愛|Hatterene, L50, F, shiny|100/100
|switch|p2a: Primarina|Primarina, L50, M|100/100
|switch|p2b: Incineroar|Incineroar, L50, F|100/100
|-ability|p2b: Incineroar|Intimidate|boost
|-unboost|p1a: 紫竽超可愛|atk|1
|-unboost|p1b: 紫竽敲可愛|atk|1
|-fieldstart|move: Psychic Terrain|[from] ability: Psychic Surge|[of] p1a: 紫竽超可愛
|-enditem|p1a: 紫竽超可愛|Psychic Seed
|-boost|p1a: 紫竽超可愛|spd|1|[from] item: Psychic Seed
|turn|1
|
|t:|1756845905
|move|p1a: 紫竽超可愛|Follow Me|p1a: 紫竽超可愛
|-singleturn|p1a: 紫竽超可愛|move: Follow Me
|move|p2b: Incineroar|Parting Shot|p1a: 紫竽超可愛
|-unboost|p1a: 紫竽超可愛|atk|1
|-unboost|p1a: 紫竽超可愛|spa|1
|
|t:|1756845911
|switch|p2b: Amoonguss|Amoonguss, L50, M|100/100|[from] Parting Shot
|move|p2a: Primarina|Hyper Voice|p1b: 紫竽敲可愛|[spread] p1a,p1b
|-damage|p1a: 紫竽超可愛|78/100
|-damage|p1b: 紫竽敲可愛|57/100
|move|p1b: 紫竽敲可愛|Trick Room|p1b: 紫竽敲可愛
|-fieldstart|move: Trick Room|[of] p1b: 紫竽敲可愛
|
|upkeep
|turn|2
|inactive|embajador has 30 seconds left.
|inactive|RamonTheKiller has 30 seconds left.
|inactive|embajador has 20 seconds left.
|inactive|RamonTheKiller has 20 seconds left.
|inactive|embajador has 15 seconds left.
|inactive|RamonTheKiller has 15 seconds left.
|
|t:|1756845952
|switch|p1a: 一拳月月熊|Ursaluna, L50, M, shiny|100/100
|move|p2b: Amoonguss|Protect|p2b: Amoonguss
|-singleturn|p2b: Amoonguss|Protect
|move|p1b: 紫竽敲可愛|Expanding Force|p2b: Amoonguss|[spread] p2a
|-activate|p2b: Amoonguss|move: Protect
|-damage|p2a: Primarina|46/100
|-damage|p1b: 紫竽敲可愛|48/100|[from] item: Life Orb
|move|p2a: Primarina|Hyper Voice|p1b: 紫竽敲可愛|[spread] p1a,p1b
|-supereffective|p1a: 一拳月月熊
|-damage|p1a: 一拳月月熊|31/100
|-damage|p1b: 紫竽敲可愛|10/100
|
|-status|p1a: 一拳月月熊|brn|[from] item: Flame Orb
|upkeep
|turn|3
|inactive|RamonTheKiller has 30 seconds left.
|inactive|RamonTheKiller has 20 seconds left.
|inactive|RamonTheKiller has 15 seconds left.
|inactive|RamonTheKiller has 10 seconds left.
|
|t:|1756846002
|switch|p2b: Incineroar|Incineroar, L50, F|100/100
|-ability|p2b: Incineroar|Intimidate|boost
|-unboost|p1a: 一拳月月熊|atk|1
|-unboost|p1b: 紫竽敲可愛|atk|1
|move|p1b: 紫竽敲可愛|Expanding Force|p2a: Primarina|[spread] p2a
|-immune|p2b: Incineroar
|-damage|p2a: Primarina|0 fnt
|faint|p2a: Primarina
|-damage|p1b: 紫竽敲可愛|0 fnt|[from] item: Life Orb
|faint|p1b: 紫竽敲可愛
|move|p1a: 一拳月月熊|Facade|p2b: Incineroar
|-damage|p2b: Incineroar|22/100
|
|-damage|p1a: 一拳月月熊|25/100 brn|[from] brn
|upkeep
|
|t:|1756846023
|switch|p1b: 太樂巴戈斯|Torkoal, L50, M, shiny|100/100
|switch|p2a: Amoonguss|Amoonguss, L50, M|100/100
|-weather|SunnyDay|[from] ability: Drought|[of] p1b: 太樂巴戈斯
|turn|4
|
|t:|1756846040
|-terastallize|p2a: Amoonguss|Fairy
|move|p1b: 太樂巴戈斯|Eruption|p2a: Amoonguss|[spread] p2a,p2b
|-resisted|p2b: Incineroar
|-damage|p2a: Amoonguss|12/100
|-damage|p2b: Incineroar|0 fnt
|faint|p2b: Incineroar
|move|p2a: Amoonguss|Spore|p1b: 太樂巴戈斯
|-status|p1b: 太樂巴戈斯|slp|[from] move: Spore
|move|p1a: 一拳月月熊|Facade|p2a: Amoonguss
|-crit|p2a: Amoonguss
|-damage|p2a: Amoonguss|0 fnt
|-damage|p1a: 一拳月月熊|9/100 brn|[from] item: Rocky Helmet|[of] p2a: Amoonguss
|faint|p2a: Amoonguss
|
|-weather|SunnyDay|[upkeep]
|-damage|p1a: 一拳月月熊|3/100 brn|[from] brn
|upkeep
|
|t:|1756846058
|switch|p2b: Gholdengo|Gholdengo, L50|100/100
|turn|5
|
|t:|1756846065
|move|p2b: Gholdengo|Protect|p2b: Gholdengo
|-singleturn|p2b: Gholdengo|Protect
|cant|p1b: 太樂巴戈斯|slp
|move|p1a: 一拳月月熊|Headlong Rush|p2b: Gholdengo
|-activate|p2b: Gholdengo|move: Protect
|
|-weather|SunnyDay|[upkeep]
|-damage|p1a: 一拳月月熊|0 fnt|[from] brn
|faint|p1a: 一拳月月熊
|-fieldend|move: Trick Room
|-fieldend|move: Psychic Terrain
|upkeep
|
|t:|1756846067
|switch|p1a: 紫竽超可愛|Indeedee-F, L50, F, shiny|78/100
|-fieldstart|move: Psychic Terrain|[from] ability: Psychic Surge|[of] p1a: 紫竽超可愛
|turn|6
|
|t:|1756846083
|move|p2b: Gholdengo|Make It Rain|p1a: 紫竽超可愛|[spread] p1a,p1b
|-resisted|p1b: 太樂巴戈斯
|-damage|p1a: 紫竽超可愛|23/100
|-damage|p1b: 太樂巴戈斯|64/100 slp
|-unboost|p2b: Gholdengo|spa|1
|-damage|p2b: Gholdengo|91/100|[from] item: Life Orb
|cant|p1b: 太樂巴戈斯|slp
|move|p1a: 紫竽超可愛|Trick Room|p1a: 紫竽超可愛
|-fieldstart|move: Trick Room|[of] p1a: 紫竽超可愛
|
|-weather|SunnyDay|[upkeep]
|upkeep
|turn|7
|
|t:|1756846097
|-terastallize|p1b: 太樂巴戈斯|Fire
|move|p1a: 紫竽超可愛|Helping Hand|p1b: 太樂巴戈斯
|-singleturn|p1b: 太樂巴戈斯|Helping Hand|[of] p1a: 紫竽超可愛
|-curestatus|p1b: 太樂巴戈斯|slp|[msg]
|move|p1b: 太樂巴戈斯|Eruption|p2b: Gholdengo
|-supereffective|p2b: Gholdengo
|-damage|p2b: Gholdengo|0 fnt
|faint|p2b: Gholdengo
|
|win|embajador
|inactive|embajador has 30 seconds to confirm battle start!
|inactive|RamonTheKiller has 30 seconds to confirm battle start!
||embajador is ready for game 2.
