|j|☆Brutalandathebozz
|j|☆mirokart wii
|html|Brutalandathebozzmirokart wii    
|uhtml|bestof|Game 3 of a best-of-3
|t:|1755159779
|gametype|doubles
|player|p1|Brutalandathebozz|1|1286
|player|p2|mirokart wii|harlequin|1278
|gen|9
|tier|[Gen 9] VGC 2025 Reg H (Bo3)
|rated|
|rule|Species Clause: Limit one of each Pokémon
|rule|Item Clause: Limit 1 of each item
|clearpoke
|poke|p1|Sneasler, L50, M|
|poke|p1|Pelipper, L50, F|
|poke|p1|Archaludon, L50, F|
|poke|p1|Salamence, L50, M|
|poke|p1|Basculegion, L50, M|
|poke|p1|Amoonguss, L50, F|
|poke|p2|Garchomp, L50, F|
|poke|p2|Gholdengo, L50|
|poke|p2|Incineroar, L50, F|
|poke|p2|Amoonguss, L50, M|
|poke|p2|Kilowattrel, L50, M|
|poke|p2|Tyranitar, L50, M|
|teampreview|4
|showteam|p1|Sneasler||FocusSash|PoisonTouch|DireClaw,CloseCombat,Protect,FakeOut|||M|||50|,,,,,Dark]Pelipper||CovertCloak|Drizzle|Hurricane,Tailwind,WeatherBall,Protect|||F|||50|,,,,,Grass]Archaludon||AssaultVest|Stamina|BodyPress,ElectroShot,FlashCannon,DracoMeteor|||F|||50|,,,,,Fairy]Salamence||ChoiceSpecs|Intimidate|Hurricane,DracoMeteor,HydroPump,DragonPulse|||M|||50|,,,,,Water]Basculegion||ChoiceBand|SwiftSwim|WaveCrash,FlipTurn,AquaJet,LastRespects|||M|||50|,,,,,Grass]Amoonguss||RockyHelmet|Regenerator|PollenPuff,ClearSmog,RagePowder,Spore|||F|||50|,,,,,Fairy
|showteam|p2|Garchomp||LifeOrb|SandVeil|DragonClaw,StompingTantrum,Earthquake,Protect|||F|||50|,,,,,Ground]Gholdengo||MetalCoat|GoodasGold|MakeItRain,ShadowBall,NastyPlot,Protect||||||50|,,,,,Flying]Incineroar||SafetyGoggles|Intimidate|FakeOut,FlareBlitz,KnockOff,PartingShot|||F|||50|,,,,,Ghost]Amoonguss||SitrusBerry|Regenerator|Spore,RagePowder,PollenPuff,Protect|||M|||50|,,,,,Water]Kilowattrel||FocusSash|Competitive|Electroweb,VoltSwitch,AirSlash,Tailwind|||M|||50|,,,,,Ghost]Tyranitar||AssaultVest|SandStream|RockSlide,KnockOff,LowKick,TeraBlast|||M|||50|,,,,,Flying
|inactive|Battle timer is ON: inactive players will automatically lose when time's up. (requested by mirokart wii)
|
|t:|1755159799
|teamsize|p1|4
|teamsize|p2|4
|start
|switch|p1a: Basculegion|Basculegion, L50, M|100/100
|switch|p1b: Amoonguss|Amoonguss, L50, F|100/100
|switch|p2a: Garchomp|Garchomp, L50, F|100/100
|switch|p2b: Kilowattrel|Kilowattrel, L50, M|100/100
|turn|1
|
|t:|1755159817
|-terastallize|p1a: Basculegion|Grass
|move|p2a: Garchomp|Protect|p2a: Garchomp
|-singleturn|p2a: Garchomp|Protect
|move|p2b: Kilowattrel|Volt Switch|p1b: Amoonguss
|-resisted|p1b: Amoonguss
|-damage|p1b: Amoonguss|86/100
|
|t:|1755159824
|switch|p2b: Gholdengo|Gholdengo, L50|100/100|[from] Volt Switch
|move|p1a: Basculegion|Flip Turn|p2b: Gholdengo
|-damage|p2b: Gholdengo|55/100
|
|t:|1755159828
|switch|p1a: Salamence|Salamence, L50, M|100/100|[from] Flip Turn
|-ability|p1a: Salamence|Intimidate|boost
|-unboost|p2a: Garchomp|atk|1
|-unboost|p2b: Gholdengo|atk|1
|move|p1b: Amoonguss|Spore|p2a: Garchomp
|-activate|p2a: Garchomp|move: Protect
|
|upkeep
|turn|2
|
|t:|1755159850
|move|p1b: Amoonguss|Rage Powder|p1b: Amoonguss
|-singleturn|p1b: Amoonguss|move: Rage Powder
|move|p2a: Garchomp|Dragon Claw|p1b: Amoonguss
|-damage|p1b: Amoonguss|57/100
|-damage|p2a: Garchomp|84/100|[from] item: Rocky Helmet|[of] p1b: Amoonguss
|-damage|p2a: Garchomp|74/100|[from] item: Life Orb
|move|p1a: Salamence|Hydro Pump|p2b: Gholdengo
|-damage|p2b: Gholdengo|2/100
|move|p2b: Gholdengo|Nasty Plot|p2b: Gholdengo
|-boost|p2b: Gholdengo|spa|2
|
|upkeep
|turn|3
|inactive|Brutalandathebozz has 30 seconds left.
|
|t:|1755159878
|move|p2b: Gholdengo|Protect|p2b: Gholdengo
|-singleturn|p2b: Gholdengo|Protect
|move|p2a: Garchomp|Dragon Claw|p1a: Salamence
|-supereffective|p1a: Salamence
|-damage|p1a: Salamence|14/100
|-damage|p2a: Garchomp|64/100|[from] item: Life Orb
|move|p1a: Salamence|Hydro Pump|p2b: Gholdengo
|-activate|p2b: Gholdengo|move: Protect
|move|p1b: Amoonguss|Spore|p2a: Garchomp
|-status|p2a: Garchomp|slp|[from] move: Spore
|
|upkeep
|turn|4
|
|t:|1755159895
|cant|p2a: Garchomp|slp
|move|p1a: Salamence|Hydro Pump|p2b: Gholdengo|[miss]
|-miss|p1a: Salamence|p2b: Gholdengo
|move|p2b: Gholdengo|Make It Rain|p1b: Amoonguss|[spread] p1a,p1b
|-damage|p1a: Salamence|0 fnt
|-damage|p1b: Amoonguss|0 fnt
|-unboost|p2b: Gholdengo|spa|1
|faint|p1a: Salamence
|faint|p1b: Amoonguss
|
|upkeep
|
|t:|1755159900
|switch|p1a: Pelipper|Pelipper, L50, F|100/100
|switch|p1b: Basculegion|Basculegion, L50, M, tera:Grass|100/100
|-weather|RainDance|[from] ability: Drizzle|[of] p1a: Pelipper
|turn|5
|inactive|mirokart wii has 30 seconds left.
|
|t:|1755159931
|move|p1b: Basculegion|Wave Crash|p2b: Gholdengo
|-damage|p2b: Gholdengo|0 fnt
|faint|p2b: Gholdengo
|-damage|p1b: Basculegion|99/100|[from] Recoil
|-curestatus|p2a: Garchomp|slp|[msg]
|move|p2a: Garchomp|Dragon Claw|p1b: Basculegion
|-damage|p1b: Basculegion|53/100
|-damage|p2a: Garchomp|55/100|[from] item: Life Orb
|move|p1a: Pelipper|Tailwind|p1a: Pelipper
|-sidestart|p1: Brutalandathebozz|move: Tailwind
|
|-weather|RainDance|[upkeep]
|upkeep
|
|t:|1755159943
|switch|p2b: Tyranitar|Tyranitar, L50, M|100/100
|-weather|Sandstorm|[from] ability: Sand Stream|[of] p2b: Tyranitar
|turn|6
|
|t:|1755159955
|move|p1b: Basculegion|Wave Crash|p2b: Tyranitar
|-supereffective|p2b: Tyranitar
|-damage|p2b: Tyranitar|0 fnt
|faint|p2b: Tyranitar
|-damage|p1b: Basculegion|21/100|[from] Recoil
|move|p1a: Pelipper|Hurricane|p2a: Garchomp
|-damage|p2a: Garchomp|14/100
|move|p2a: Garchomp|Dragon Claw|p1b: Basculegion
|-damage|p1b: Basculegion|0 fnt
|faint|p1b: Basculegion
|-damage|p2a: Garchomp|4/100|[from] item: Life Orb
|
|-weather|Sandstorm|[upkeep]
|-damage|p1a: Pelipper|95/100|[from] Sandstorm
|upkeep
|
|t:|1755159967
|switch|p2b: Kilowattrel|Kilowattrel, L50, M|100/100
|turn|7
|c|☆Brutalandathebozz|Hydro ofc ruins me the game
|inactive|Brutalandathebozz has 30 seconds left.
|l|☆Brutalandathebozz
|inactive|Brutalandathebozz disconnected and has a minute to reconnect!
|player|p1|
|inactive|Brutalandathebozz has 20 seconds left.
|inactive|Brutalandathebozz has 15 seconds left.
|inactive|Brutalandathebozz has 10 seconds left.
|inactive|Brutalandathebozz has 5 seconds left.
|j|☆Brutalandathebozz
|inactive|Brutalandathebozz reconnected and has 5 seconds left.
|player|p1|Brutalandathebozz|1|
|
|t:|1755160023
|move|p2a: Garchomp|Protect|p2a: Garchomp
|-singleturn|p2a: Garchomp|Protect
|move|p1a: Pelipper|Hurricane|p2b: Kilowattrel|[miss]
|-miss|p1a: Pelipper|p2b: Kilowattrel
|move|p2b: Kilowattrel|Volt Switch|p1a: Pelipper
|-supereffective|p1a: Pelipper
|-damage|p1a: Pelipper|0 fnt
|faint|p1a: Pelipper
|
|win|mirokart wii
|raw|Brutalandathebozz's rating: 1286 → 1260(-26 for losing)
|raw|mirokart wii's rating: 1278 → 1304(+26 for winning)
