|j|☆Red13698
|j|☆SneakerHead44
|html|Red13698SneakerHead44    
|uhtml|bestof|Game 2 of a best-of-3
|t:|1784605095
|gametype|doubles
|player|p1|Red13698|red|1000
|player|p2|SneakerHead44|rood|1000
|gen|9
|tier|[Gen 9 Champions] VGC 2026 Reg M-B (Bo3)
|rated|
|rule|Species Clause: Limit one of each Pokémon
|rule|Item Clause: Limit 1 of each item
|clearpoke
|poke|p1|Charizard, L50, M|
|poke|p1|Blastoise, L50, M|
|poke|p1|Venusaur, L50, M|
|poke|p1|Pikachu, L50, M|
|poke|p1|Snorlax, L50, F|
|poke|p1|Sableye, L50, F|
|poke|p2|Charizard, L50, F, shiny|
|poke|p2|Garchomp, L50, M|
|poke|p2|Incineroar, L50, M|
|poke|p2|Sylveon, L50, F, shiny|
|poke|p2|Aerodactyl, L50, M|
|poke|p2|Farigiraf, L50, M|
|teampreview|4
|showteam|p1|Charizard||CharizarditeY|Blaze|Protect,HeatWave,SolarBeam,WeatherBall|Modest||M|||50|]Blastoise||Blastoisinite|RainDish|DarkPulse,WaterPulse,AuraSphere,Protect|Modest||M|||50|]Venusaur||LifeOrb|Chlorophyll|SludgeBomb,EnergyBall,EarthPower,Protect|Modest||M|||50|]Pikachu||FocusSash|LightningRod|Nuzzle,Endeavor,FakeOut,VoltSwitch|Timid||M|||50|]Snorlax||Leftovers|ThickFat|Protect,BodySlam,Yawn,HighHorsepower|Relaxed||F|||50|]Sableye||RoseliBerry|Prankster|FakeOut,Encore,Taunt,RainDance|Calm||F|||50|
|showteam|p2|Charizard||CharizarditeY|Blaze|HeatWave,WeatherBall,SolarBeam,Protect|Modest||F|||50|]Garchomp||LifeOrb|RoughSkin|Earthquake,StompingTantrum,DragonClaw,Protect|Jolly||M|||50|]Incineroar||SitrusBerry|Intimidate|FakeOut,FlareBlitz,ThroatChop,PartingShot|Careful||M|||50|]Sylveon||FairyFeather|Pixilate|HyperVoice,QuickAttack,Moonblast,Detect|Modest||F|||50|]Aerodactyl||FocusSash|Unnerve|RockSlide,Protect,Tailwind,WideGuard|Jolly||M|||50|]Farigiraf||ColburBerry|ArmorTail|TwinBeam,Thunderbolt,TrickRoom,HelpingHand|Relaxed||M|||50|
|
|t:|1784605161
|teamsize|p1|4
|teamsize|p2|4
|start
|switch|p1a: Blastoise|Blastoise, L50, M|100/100
|switch|p1b: Sableye|Sableye, L50, F|100/100
|switch|p2a: Reebok|Incineroar, L50, M|100/100
|switch|p2b: Crocs|Farigiraf, L50, M|100/100
|-ability|p2a: Reebok|Intimidate|boost
|-unboost|p1a: Blastoise|atk|1
|-unboost|p1b: Sableye|atk|1
|turn|1
|
|t:|1784605202
|switch|p1a: Snorlax|Snorlax, L50, F|100/100
|switch|p1b: Venusaur|Venusaur, L50, M|100/100
|move|p2a: Reebok|Fake Out|p1a: Snorlax
|-damage|p1a: Snorlax|92/100
|move|p2b: Crocs|Trick Room|p2b: Crocs
|-fieldstart|move: Trick Room|[of] p2b: Crocs
|
|-heal|p1a: Snorlax|99/100|[from] item: Leftovers
|upkeep
|turn|2
|
|t:|1784605219
|move|p1b: Venusaur|Protect|p1b: Venusaur
|-singleturn|p1b: Venusaur|Protect
|move|p1a: Snorlax|High Horsepower|p2a: Reebok
|-supereffective|p2a: Reebok|1
|-damage|p2a: Reebok|57/100
|move|p2b: Crocs|Twin Beam|p1b: Venusaur
|-activate|p1b: Venusaur|move: Protect
|move|p2a: Reebok|Parting Shot|p1a: Snorlax
|-unboost|p1a: Snorlax|atk|1
|-unboost|p1a: Snorlax|spa|1
|
|t:|1784605221
|switch|p2a: Hokas|Sylveon, L50, F, shiny|100/100|[from] Parting Shot
|
|-heal|p1a: Snorlax|100/100|[from] item: Leftovers
|upkeep
|turn|3
|
|t:|1784605235
|move|p1a: Snorlax|Body Slam|p2a: Hokas
|-damage|p2a: Hokas|76/100
|move|p2b: Crocs|Twin Beam|p1b: Venusaur
|-supereffective|p1b: Venusaur|1
|-damage|p1b: Venusaur|66/100
|-supereffective|p1b: Venusaur|1
|-damage|p1b: Venusaur|28/100
|-hitcount|p1b: Venusaur|2
|move|p2a: Hokas|Hyper Voice|p1a: Snorlax|[spread] p1a,p1b
|-resisted|p1b: Venusaur|1
|-damage|p1a: Snorlax|72/100
|-damage|p1b: Venusaur|1/100
|move|p1b: Venusaur|Sludge Bomb|p2a: Hokas
|-supereffective|p2a: Hokas|1
|-damage|p2a: Hokas|0 fnt
|faint|p2a: Hokas
|-damage|p1b: Venusaur|0 fnt|[from] item: Life Orb
|faint|p1b: Venusaur
|
|-heal|p1a: Snorlax|78/100|[from] item: Leftovers
|upkeep
|
|t:|1784605268
|switch|p2a: Reebok|Incineroar, L50, M|57/100
|switch|p1b: Blastoise|Blastoise, L50, M|100/100
|-ability|p2a: Reebok|Intimidate|boost
|-unboost|p1a: Snorlax|atk|1
|-unboost|p1b: Blastoise|atk|1
|turn|4
|
|t:|1784605276
|switch|p1a: Sableye|Sableye, L50, F|100/100
|move|p1b: Blastoise|Protect|p1b: Blastoise
|-singleturn|p1b: Blastoise|Protect
|move|p2a: Reebok|Fake Out|p1a: Sableye
|-immune|p1a: Sableye
|move|p2b: Crocs|Thunderbolt|p1b: Blastoise
|-activate|p1b: Blastoise|move: Protect
|
|upkeep
|turn|5
|
|t:|1784605299
|detailschange|p1b: Blastoise|Blastoise-Mega, L50, M
|-mega|p1b: Blastoise|Blastoise|Blastoisinite
|move|p1a: Sableye|Rain Dance|p1a: Sableye
|-weather|RainDance
|move|p2b: Crocs|Thunderbolt|p1b: Blastoise
|-supereffective|p1b: Blastoise|1
|-damage|p1b: Blastoise|50/100g
|-status|p1b: Blastoise|par
|cant|p1b: Blastoise|par
|move|p2a: Reebok|Throat Chop|p1b: Blastoise
|-damage|p1b: Blastoise|23/100 par
|-start|p1b: Blastoise|Throat Chop|[silent]
|
|-weather|RainDance|[upkeep]
|-fieldend|move: Trick Room
|upkeep
|turn|6
|-message|Red13698 forfeited.
|
|win|SneakerHead44
|raw|Red13698's rating: 1000 → 1000(+0 for losing)
|raw|SneakerHead44's rating: 1000 → 1040(+40 for winning)
