|j|☆7up4boys
|j|☆leonelmessyone
|html|7up4boysleonelmessyone    
|uhtml|bestof|Game 3 of a best-of-3
|t:|1785104440
|gametype|doubles
|player|p1|7up4boys|1|
|player|p2|leonelmessyone|2|
|gen|9
|tier|[Gen 9 Champions] VGC 2026 Reg M-B (Bo3)
|rule|Species Clause: Limit one of each Pokémon
|rule|Item Clause: Limit 1 of each item
|clearpoke
|poke|p1|Metagross, L50|
|poke|p1|Sinistcha-Masterpiece, L50|
|poke|p1|Hydreigon, L50, F|
|poke|p1|Scrafty, L50, M|
|poke|p1|Maushold-Four, L50|
|poke|p1|Hatterene, L50, F|
|poke|p2|Sceptile, L50, F, shiny|
|poke|p2|Rotom-Wash, L50, shiny|
|poke|p2|Arcanine, L50, F, shiny|
|poke|p2|Sneasler, L50, F, shiny|
|poke|p2|Klefki, L50, M, shiny|
|poke|p2|Goodra-Hisui, L50, F, shiny|
|teampreview|4
|showteam|p1|Metagross||Metagrossite|ClearBody|IcePunch,IronHead,PsychicFangs,BulletPunch|Jolly|||||50|]Sinistcha-Masterpiece||Leftovers|Hospitality|ShadowBall,MatchaGotcha,RagePowder,LifeDew|Bold|||||50|]Hydreigon||ChoiceScarf|Levitate|DracoMeteor,EarthPower,DarkPulse,Uturn|Timid||F|||50|]Scrafty||Scraftinite|Intimidate|Crunch,DrainPunch,Protect,IcePunch|Adamant||M|||50|]Maushold-Four||FocusSash|FriendGuard|ThunderWave,PopulationBomb,FollowMe,Uturn|Jolly|||||50|]Hatterene||LifeOrb|MagicBounce|DrainingKiss,ShadowBall,Protect,CalmMind|Modest||F|||50|
|showteam|p2|Sceptile||Sceptilite|Overgrow|EnergyBall,EarthPower,Detect,DragonPulse|Modest||F|||50|]Rotom-Wash||ChoiceScarf|Levitate|Discharge,VoltSwitch,Trick,HydroPump|Modest|||||50|]Arcanine||LifeOrb|Intimidate|Protect,WillOWisp,ExtremeSpeed,FlareBlitz|Jolly||F|||50|]Sneasler||FocusSash|Unburden|DireClaw,CloseCombat,Uturn,FakeOut|Adamant||F|||50|]Klefki||ExpertBelt|Prankster|FoulPlay,Protect,Imprison,TrickRoom|Bold||M|||50|]Goodra-Hisui||Leftovers|Gooey|Shelter,BodyPress,HeavySlam,LifeDew|Relaxed||F|||50|
|
|t:|1785104480
|teamsize|p1|4
|teamsize|p2|4
|start
|switch|p1a: Hydreigon|Hydreigon, L50, F|100/100
|switch|p1b: Scrafty|Scrafty, L50, M|100/100
|switch|p2a: Goodra|Goodra-Hisui, L50, F, shiny|100/100
|switch|p2b: Sneasler|Sneasler, L50, F, shiny|100/100
|-ability|p1b: Scrafty|Intimidate|boost
|-unboost|p2a: Goodra|atk|1
|-unboost|p2b: Sneasler|atk|1
|turn|1
|
|t:|1785104515
|switch|p1a: Sinistcha|Sinistcha-Masterpiece, L50|100/100
|move|p2b: Sneasler|Fake Out|p1b: Scrafty
|-damage|p1b: Scrafty|88/100
|cant|p1b: Scrafty|flinch
|move|p2a: Goodra|Shelter|p2a: Goodra
|-boost|p2a: Goodra|def|2
|
|upkeep
|turn|2
|
|t:|1785104559
|switch|p2b: Arcanine|Arcanine, L50, F, shiny|100/100
|-ability|p2b: Arcanine|Intimidate|boost
|-unboost|p1a: Sinistcha|atk|1
|-unboost|p1b: Scrafty|atk|1
|detailschange|p1b: Scrafty|Scrafty-Mega, L50, M
|-mega|p1b: Scrafty|Scrafty|Scraftinite
|-ability|p1b: Scrafty|Intimidate|boost
|-unboost|p2a: Goodra|atk|1
|-unboost|p2b: Arcanine|atk|1
|move|p1a: Sinistcha|Shadow Ball|p2b: Arcanine
|-damage|p2b: Arcanine|59/100
|-unboost|p2b: Arcanine|spd|1
|move|p1b: Scrafty|Crunch|p2b: Arcanine
|-damage|p2b: Arcanine|20/100y
|move|p2a: Goodra|Life Dew||[still]|[spread] p2a,p2b
|-fail|p2a: Goodra|heal
|-heal|p2b: Arcanine|45/100
|
|upkeep
|turn|3
|
|t:|1785104601
|switch|p1b: Hydreigon|Hydreigon, L50, F|100/100
|move|p1a: Sinistcha|Rage Powder|p1a: Sinistcha
|-singleturn|p1a: Sinistcha|move: Rage Powder
|move|p2b: Arcanine|Flare Blitz|p1a: Sinistcha
|-supereffective|p1a: Sinistcha|1
|-damage|p1a: Sinistcha|38/100
|-damage|p2b: Arcanine|25/100|[from] Recoil
|-damage|p2b: Arcanine|15/100|[from] item: Life Orb
|move|p2a: Goodra|Shelter|p2a: Goodra
|-boost|p2a: Goodra|def|2
|
|-heal|p1a: Sinistcha|44/100|[from] item: Leftovers
|upkeep
|turn|4
|
|t:|1785104667
|switch|p1a: Scrafty|Scrafty-Mega, L50, M|88/100
|-ability|p1a: Scrafty|Intimidate|boost
|-unboost|p2a: Goodra|atk|1
|-unboost|p2b: Arcanine|atk|1
|move|p2b: Arcanine|Extreme Speed|p1b: Hydreigon
|-damage|p1b: Hydreigon|82/100
|-damage|p2b: Arcanine|6/100|[from] item: Life Orb
|move|p1b: Hydreigon|Draco Meteor|p2a: Goodra
|-damage|p2a: Goodra|54/100
|-unboost|p1b: Hydreigon|spa|2
|move|p2a: Goodra|Heavy Slam|p1a: Scrafty
|-damage|p1a: Scrafty|76/100
|
|-heal|p2a: Goodra|60/100|[from] item: Leftovers
|upkeep
|turn|5
|
|t:|1785104694
|switch|p1a: Sinistcha|Sinistcha-Masterpiece, L50|44/100
|-heal|p1b: Hydreigon|100/100|[from] ability: Hospitality|[of] p1a: Sinistcha
|move|p2b: Arcanine|Protect|p2b: Arcanine
|-singleturn|p2b: Arcanine|Protect
|move|p1b: Hydreigon|Draco Meteor|p2a: Goodra
|-damage|p2a: Goodra|39/100
|-unboost|p1b: Hydreigon|spa|2
|move|p2a: Goodra|Body Press|p1b: Hydreigon
|-supereffective|p1b: Hydreigon|1
|-damage|p1b: Hydreigon|0 fnt
|faint|p1b: Hydreigon
|
|-heal|p1a: Sinistcha|51/100|[from] item: Leftovers
|-heal|p2a: Goodra|45/100|[from] item: Leftovers
|upkeep
|
|t:|1785104708
|switch|p1b: Metagross|Metagross, L50|100/100
|turn|6
|
|t:|1785104732
|switch|p2b: Sneasler|Sneasler, L50, F, shiny|100/100
|move|p1b: Metagross|Bullet Punch|p2b: Sneasler
|-damage|p2b: Sneasler|63/100
|move|p1a: Sinistcha|Shadow Ball|p2a: Goodra
|-damage|p2a: Goodra|21/100
|move|p2a: Goodra|Life Dew|p2a: Goodra|[spread] p2a,p2b
|-heal|p2a: Goodra|46/100
|-heal|p2b: Sneasler|88/100
|
|-heal|p1a: Sinistcha|57/100|[from] item: Leftovers
|-heal|p2a: Goodra|52/100|[from] item: Leftovers
|upkeep
|turn|7
|
|t:|1785104780
|switch|p1b: Scrafty|Scrafty-Mega, L50, M|76/100
|-ability|p1b: Scrafty|Intimidate|boost
|-unboost|p2a: Goodra|atk|1
|-unboost|p2b: Sneasler|atk|1
|move|p2b: Sneasler|Fake Out|p1b: Scrafty
|-damage|p1b: Scrafty|67/100
|move|p1a: Sinistcha|Rage Powder|p1a: Sinistcha
|-singleturn|p1a: Sinistcha|move: Rage Powder
|move|p2a: Goodra|Life Dew|p2a: Goodra|[spread] p2a,p2b
|-heal|p2a: Goodra|77/100
|-heal|p2b: Sneasler|100/100
|
|-heal|p1a: Sinistcha|63/100|[from] item: Leftovers
|-heal|p2a: Goodra|83/100|[from] item: Leftovers
|upkeep
|turn|8
|
|t:|1785104812
|switch|p2b: Arcanine|Arcanine, L50, F, shiny|6/100
|-ability|p2b: Arcanine|Intimidate|boost
|-unboost|p1a: Sinistcha|atk|1
|-unboost|p1b: Scrafty|atk|1
|switch|p1a: Metagross|Metagross, L50|100/100
|move|p1b: Scrafty|Drain Punch|p2a: Goodra
|-supereffective|p2a: Goodra|1
|-damage|p2a: Goodra|70/100
|-heal|p1b: Scrafty|74/100|[from] drain|[of] p2a: Goodra
|-ability|p2a: Goodra|Gooey
|-unboost|p1b: Scrafty|spe|1
|move|p2a: Goodra|Life Dew|p2a: Goodra|[spread] p2a,p2b
|-heal|p2a: Goodra|95/100
|-heal|p2b: Arcanine|31/100
|
|-heal|p2a: Goodra|100/100|[from] item: Leftovers
|upkeep
|turn|9
|
|t:|1785104867
|switch|p1b: Sinistcha|Sinistcha-Masterpiece, L50|63/100
|move|p1a: Metagross|Bullet Punch|p2b: Arcanine
|-resisted|p2b: Arcanine|1
|-damage|p2b: Arcanine|18/100
|move|p2b: Arcanine|Will-O-Wisp|p1a: Metagross
|-status|p1a: Metagross|brn
|move|p2a: Goodra|Life Dew||[still]|[spread] p2a,p2b
|-fail|p2a: Goodra|heal
|-heal|p2b: Arcanine|44/100
|
|-heal|p1b: Sinistcha|69/100|[from] item: Leftovers
|-damage|p1a: Metagross|94/100 brn|[from] brn
|upkeep
|turn|10
|
|t:|1785104892
|switch|p1b: Scrafty|Scrafty-Mega, L50, M|74/100
|-ability|p1b: Scrafty|Intimidate|boost
|-unboost|p2a: Goodra|atk|1
|-unboost|p2b: Arcanine|atk|1
|move|p2b: Arcanine|Flare Blitz|p1b: Scrafty
|-damage|p1b: Scrafty|40/100
|-damage|p2b: Arcanine|33/100|[from] Recoil
|-damage|p2b: Arcanine|24/100|[from] item: Life Orb
|move|p1a: Metagross|Psychic Fangs|p2b: Arcanine
|-damage|p2b: Arcanine|0 fnt
|faint|p2b: Arcanine
|move|p2a: Goodra|Life Dew||[still]
|-fail|p2a: Goodra|heal
|
|-damage|p1a: Metagross|88/100 brn|[from] brn
|upkeep
|inactive|Battle timer is ON: inactive players will automatically lose when time's up. (requested by 7up4boys)
|
|t:|1785104914
|switch|p2b: Sneasler|Sneasler, L50, F, shiny|100/100
|turn|11
|inactiveoff|Battle timer is now OFF.
|
|t:|1785104961
|switch|p1b: Sinistcha|Sinistcha-Masterpiece, L50|69/100
|-heal|p1a: Metagross|100/100 brn|[from] ability: Hospitality|[of] p1b: Sinistcha
|move|p2b: Sneasler|Dire Claw|p1b: Sinistcha
|-damage|p1b: Sinistcha|35/100
|move|p1a: Metagross|Psychic Fangs|p2b: Sneasler
|-supereffective|p2b: Sneasler|2
|-enditem|p2b: Sneasler|Focus Sash
|-damage|p2b: Sneasler|1/100
|move|p2a: Goodra|Body Press|p1a: Metagross
|-damage|p1a: Metagross|33/100 brn
|
|-heal|p1b: Sinistcha|41/100|[from] item: Leftovers
|-damage|p1a: Metagross|28/100 brn|[from] brn
|upkeep
|turn|12
|inactive|Battle timer is ON: inactive players will automatically lose when time's up. (requested by 7up4boys)
|inactiveoff|Battle timer is now OFF.
|
|t:|1785105025
|move|p1a: Metagross|Bullet Punch|p2b: Sneasler
|-damage|p2b: Sneasler|0 fnt
|faint|p2b: Sneasler
|move|p1b: Sinistcha|Life Dew|p1b: Sinistcha|[spread] p1a,p1b
|-heal|p1a: Metagross|52/100 brn
|-heal|p1b: Sinistcha|66/100
|move|p2a: Goodra|Body Press|p1a: Metagross
|-damage|p1a: Metagross|0 fnt
|faint|p1a: Metagross
|
|-heal|p1b: Sinistcha|73/100|[from] item: Leftovers
|upkeep
|
|t:|1785105037
|switch|p2b: Sceptile|Sceptile, L50, F, shiny|100/100
|switch|p1a: Scrafty|Scrafty-Mega, L50, M|40/100
|-ability|p1a: Scrafty|Intimidate|boost
|-unboost|p2a: Goodra|atk|1
|-unboost|p2b: Sceptile|atk|1
|turn|13
|
|t:|1785105138
|detailschange|p2b: Sceptile|Sceptile-Mega, L50, F, shiny
|-mega|p2b: Sceptile|Sceptile|Sceptilite
|move|p2b: Sceptile|Detect|p2b: Sceptile
|-singleturn|p2b: Sceptile|Protect
|move|p1b: Sinistcha|Rage Powder|p1b: Sinistcha
|-singleturn|p1b: Sinistcha|move: Rage Powder
|move|p1a: Scrafty|Ice Punch|p2b: Sceptile
|-activate|p2b: Sceptile|move: Protect
|move|p2a: Goodra|Heavy Slam|p1b: Sinistcha
|-damage|p1b: Sinistcha|65/100
|
|-heal|p1b: Sinistcha|71/100|[from] item: Leftovers
|upkeep
|turn|14
|
|t:|1785105207
|move|p1b: Sinistcha|Rage Powder|p1b: Sinistcha
|-singleturn|p1b: Sinistcha|move: Rage Powder
|move|p2b: Sceptile|Dragon Pulse|p1b: Sinistcha
|-damage|p1b: Sinistcha|11/100
|move|p1a: Scrafty|Ice Punch|p2b: Sceptile
|-supereffective|p2b: Sceptile|2
|-damage|p2b: Sceptile|0 fnt
|faint|p2b: Sceptile
|move|p2a: Goodra|Body Press|p1b: Sinistcha
|-immune|p1b: Sinistcha
|
|-heal|p1b: Sinistcha|17/100|[from] item: Leftovers
|upkeep
|turn|15
|
|t:|1785105226
|move|p1b: Sinistcha|Life Dew|p1b: Sinistcha|[spread] p1a,p1b
|-heal|p1a: Scrafty|65/100
|-heal|p1b: Sinistcha|42/100
|move|p1a: Scrafty|Drain Punch|p2a: Goodra
|-supereffective|p2a: Goodra|1
|-damage|p2a: Goodra|77/100
|-heal|p1a: Scrafty|77/100|[from] drain|[of] p2a: Goodra
|-ability|p2a: Goodra|Gooey
|-unboost|p1a: Scrafty|spe|1
|move|p2a: Goodra|Heavy Slam|p1b: Sinistcha
|-damage|p1b: Sinistcha|34/100
|
|-heal|p1b: Sinistcha|40/100|[from] item: Leftovers
|-heal|p2a: Goodra|83/100|[from] item: Leftovers
|upkeep
|turn|16
|
|t:|1785105250
|move|p1b: Sinistcha|Life Dew|p1b: Sinistcha|[spread] p1a,p1b
|-heal|p1a: Scrafty|100/100
|-heal|p1b: Sinistcha|65/100
|move|p2a: Goodra|Body Press|p1a: Scrafty
|-supereffective|p1a: Scrafty|1
|-damage|p1a: Scrafty|0 fnt
|faint|p1a: Scrafty
|
|-heal|p1b: Sinistcha|71/100|[from] item: Leftovers
|-heal|p2a: Goodra|89/100|[from] item: Leftovers
|upkeep
|turn|17
|
|t:|1785105265
|move|p1b: Sinistcha|Shadow Ball|p2a: Goodra
|-damage|p2a: Goodra|66/100
|move|p2a: Goodra|Life Dew|p2a: Goodra
|-heal|p2a: Goodra|91/100
|
|-heal|p1b: Sinistcha|78/100|[from] item: Leftovers
|-heal|p2a: Goodra|97/100|[from] item: Leftovers
|upkeep
|turn|18
|
|t:|1785105274
|move|p1b: Sinistcha|Shadow Ball|p2a: Goodra
|-damage|p2a: Goodra|74/100
|-unboost|p2a: Goodra|spd|1
|move|p2a: Goodra|Heavy Slam|p1b: Sinistcha
|-damage|p1b: Sinistcha|69/100
|
|-heal|p1b: Sinistcha|75/100|[from] item: Leftovers
|-heal|p2a: Goodra|80/100|[from] item: Leftovers
|upkeep
|turn|19
|
|t:|1785105307
|move|p1b: Sinistcha|Shadow Ball|p2a: Goodra
|-damage|p2a: Goodra|44/100
|move|p2a: Goodra|Heavy Slam|p1b: Sinistcha
|-damage|p1b: Sinistcha|67/100
|
|-heal|p1b: Sinistcha|74/100|[from] item: Leftovers
|-heal|p2a: Goodra|50/100g|[from] item: Leftovers
|upkeep
|turn|20
|
|t:|1785105315
|move|p1b: Sinistcha|Shadow Ball|p2a: Goodra
|-damage|p2a: Goodra|13/100
|move|p2a: Goodra|Life Dew|p2a: Goodra
|-heal|p2a: Goodra|39/100
|
|-heal|p1b: Sinistcha|80/100|[from] item: Leftovers
|-heal|p2a: Goodra|44/100|[from] item: Leftovers
|upkeep
|turn|21
|
|t:|1785105324
|move|p1b: Sinistcha|Shadow Ball|p2a: Goodra
|-damage|p2a: Goodra|10/100
|move|p2a: Goodra|Life Dew|p2a: Goodra
|-heal|p2a: Goodra|35/100
|
|-heal|p1b: Sinistcha|86/100|[from] item: Leftovers
|-heal|p2a: Goodra|41/100|[from] item: Leftovers
|upkeep
|turn|22
|
|t:|1785105332
|move|p1b: Sinistcha|Shadow Ball|p2a: Goodra
|-damage|p2a: Goodra|7/100
|move|p2a: Goodra|Heavy Slam|p1b: Sinistcha
|-damage|p1b: Sinistcha|77/100
|
|-heal|p1b: Sinistcha|83/100|[from] item: Leftovers
|-heal|p2a: Goodra|13/100|[from] item: Leftovers
|upkeep
|turn|23
|
|t:|1785105339
|move|p1b: Sinistcha|Shadow Ball|p2a: Goodra
|-crit|p2a: Goodra
|-damage|p2a: Goodra|0 fnt
|faint|p2a: Goodra
|
|win|7up4boys
