|j|☆AGreatRobot
|j|☆Daravones Soup
|html|AGreatRobotDaravones Soup    
|uhtml|bestof|Game 1 of a best-of-3
|t:|1783204726
|gametype|doubles
|player|p1|AGreatRobot|medium|
|player|p2|Daravones Soup|lady-gen4|
|gen|9
|tier|[Gen 9 Champions] VGC 2026 Reg M-B (Bo3)
|rule|Species Clause: Limit one of each Pokémon
|rule|Item Clause: Limit 1 of each item
|clearpoke
|poke|p1|Annihilape, L50, F|
|poke|p1|Aerodactyl, L50, M|
|poke|p1|Blaziken, L50, M|
|poke|p1|Roserade, L50, F|
|poke|p1|Rotom-Wash, L50|
|poke|p1|Scizor, L50, F|
|poke|p2|Gengar, L50, M|
|poke|p2|Tyranitar, L50, M|
|poke|p2|Excadrill, L50, M|
|poke|p2|Corviknight, L50, M|
|poke|p2|Rotom-Wash, L50|
|poke|p2|Clefable, L50, F|
|teampreview|4
|showteam|p1|Annihilape||SitrusBerry|Defiant|RageFist,DrainPunch,BulkUp,Protect|Careful||F|||50|]Aerodactyl||FocusSash|Pressure|RockSlide,WideGuard,Tailwind,Taunt|Jolly||M|||50|]Blaziken||Blazikenite|SpeedBoost|FlareBlitz,CloseCombat,SwordsDance,Detect|Adamant||M|||50|]Roserade||WideLens|PoisonPoint|PinMissile,SleepPowder,LifeDew,LeafStorm|Timid||F|||50|]Rotom-Wash||ChoiceScarf|Levitate|HydroPump,Electroweb,VoltSwitch,Thunderbolt|Modest|||||50|]Scizor||LifeOrb|Technician|Assurance,BulletPunch,Uturn,Protect|Adamant||F|||50|
|showteam|p2|Gengar||Gengarite|CursedBody|ShadowBall,SludgeBomb,IcyWind,Protect|Modest||M|||50|]Tyranitar||Tyranitarite|SandStream|DragonDance,KnockOff,RockSlide,Protect|Jolly||M|||50|]Excadrill||FocusSash|SandRush|Earthquake,IronHead,RockSlide,Protect|Adamant||M|||50|]Corviknight||Leftovers|MirrorArmor|Tailwind,BulkUp,BraveBird,BodyPress|Adamant||M|||50|]Rotom-Wash||SitrusBerry|Levitate|HydroPump,WillOWisp,VoltSwitch,LightScreen|Bold|||||50|]Clefable||KebiaBerry|Unaware|FollowMe,HelpingHand,Moonblast,Protect|Bold||F|||50|
|inactive|Battle timer is ON: inactive players will automatically lose when time's up. (requested by Daravones Soup)
|c|☆AGreatRobot|Hf
|c|☆Daravones Soup|U2
|inactive|AGreatRobot has 60 seconds left.
|c|☆Daravones Soup|Lowkey my mu is fried
|c|☆Daravones Soup|but I’m still at work and making drinks fukit
|
|t:|1783204783
|teamsize|p1|4
|teamsize|p2|4
|start
|switch|p1a: Scizor|Scizor, L50, F|100/100
|switch|p1b: Rotom|Rotom-Wash, L50|100/100
|switch|p2a: Tyranitar|Tyranitar, L50, M|100/100
|switch|p2b: Excadrill|Excadrill, L50, M|100/100
|-weather|Sandstorm|[from] ability: Sand Stream|[of] p2a: Tyranitar
|turn|1
|
|t:|1783204803
|detailschange|p2a: Tyranitar|Tyranitar-Mega, L50, M
|-mega|p2a: Tyranitar|Tyranitar|Tyranitarite
|move|p1a: Scizor|Bullet Punch|p2a: Tyranitar
|-supereffective|p2a: Tyranitar|1
|-damage|p2a: Tyranitar|33/100
|-damage|p1a: Scizor|90/100|[from] item: Life Orb
|move|p2b: Excadrill|Rock Slide|p1b: Rotom|[spread] p1a
|-miss|p2b: Excadrill|p1b: Rotom
|-damage|p1a: Scizor|69/100
|move|p1b: Rotom|Hydro Pump|p2b: Excadrill|[miss]
|-miss|p1b: Rotom|p2b: Excadrill
|move|p2a: Tyranitar|Knock Off|p1a: Scizor
|-damage|p1a: Scizor|6/100
|-enditem|p1a: Scizor|Life Orb|[from] move: Knock Off|[of] p2a: Tyranitar
|
|-weather|Sandstorm|[upkeep]
|-damage|p1b: Rotom|94/100|[from] Sandstorm
|upkeep
|turn|2
|
|t:|1783204822
|switch|p2a: Corviknight|Corviknight, L50, M|100/100
|move|p1a: Scizor|Protect|p1a: Scizor
|-singleturn|p1a: Scizor|Protect
|move|p2b: Excadrill|Rock Slide|p1a: Scizor|[spread] p1b
|-activate|p1a: Scizor|move: Protect
|-damage|p1b: Rotom|70/100
|move|p1b: Rotom|Hydro Pump|p2b: Excadrill
|-supereffective|p2b: Excadrill|1
|-enditem|p2b: Excadrill|Focus Sash
|-damage|p2b: Excadrill|1/100
|
|-weather|Sandstorm|[upkeep]
|-damage|p1b: Rotom|64/100|[from] Sandstorm
|upkeep
|turn|3
|
|t:|1783204844
|switch|p1b: Roserade|Roserade, L50, F|100/100
|move|p1a: Scizor|Bullet Punch|p2b: Excadrill
|-resisted|p2b: Excadrill|1
|-damage|p2b: Excadrill|0 fnt
|faint|p2b: Excadrill
|move|p2a: Corviknight|Tailwind|p2a: Corviknight
|-sidestart|p2: Daravones Soup|move: Tailwind
|
|-weather|Sandstorm|[upkeep]
|-damage|p1b: Roserade|94/100|[from] Sandstorm
|upkeep
|
|t:|1783204848
|switch|p2b: Clefable|Clefable, L50, F|100/100
|turn|4
|
|t:|1783204867
|move|p1a: Scizor|Protect|p1a: Scizor
|-singleturn|p1a: Scizor|Protect
|move|p2b: Clefable|Follow Me|p2b: Clefable
|-singleturn|p2b: Clefable|move: Follow Me
|move|p2a: Corviknight|Brave Bird|p1a: Scizor
|-activate|p1a: Scizor|move: Protect
|move|p1b: Roserade|Sleep Powder|p2b: Clefable
|-status|p2b: Clefable|slp|[from] move: Sleep Powder
|
|-weather|Sandstorm|[upkeep]
|-damage|p2b: Clefable|94/100 slp|[from] Sandstorm
|-damage|p1b: Roserade|88/100|[from] Sandstorm
|upkeep
|turn|5
|
|t:|1783204875
|cant|p2b: Clefable|slp
|move|p1a: Scizor|Bullet Punch|p2b: Clefable
|-supereffective|p2b: Clefable|1
|-damage|p2b: Clefable|45/100 slp
|move|p2a: Corviknight|Brave Bird|p1b: Roserade
|-supereffective|p1b: Roserade|1
|-damage|p1b: Roserade|0 fnt
|faint|p1b: Roserade
|-damage|p2a: Corviknight|76/100|[from] Recoil
|
|-weather|none
|-heal|p2a: Corviknight|81/100|[from] item: Leftovers
|upkeep
|
|t:|1783204886
|switch|p1b: Rotom|Rotom-Wash, L50|64/100
|turn|6
|
|t:|1783204897
|-curestatus|p2b: Clefable|slp|[msg]
|move|p2b: Clefable|Helping Hand|p2a: Corviknight
|-singleturn|p2a: Corviknight|Helping Hand|[of] p2b: Clefable
|move|p1a: Scizor|Protect|p1a: Scizor
|-singleturn|p1a: Scizor|Protect
|move|p2a: Corviknight|Brave Bird|p1b: Rotom
|-resisted|p1b: Rotom|1
|-damage|p1b: Rotom|24/100
|-damage|p2a: Corviknight|72/100|[from] Recoil
|move|p1b: Rotom|Thunderbolt|p2a: Corviknight
|-supereffective|p2a: Corviknight|1
|-damage|p2a: Corviknight|0 fnt
|faint|p2a: Corviknight
|
|-sideend|p2: Daravones Soup|move: Tailwind
|upkeep
|
|t:|1783204908
|switch|p2a: Tyranitar|Tyranitar-Mega, L50, M|33/100
|-weather|Sandstorm|[from] ability: Sand Stream|[of] p2a: Tyranitar
|turn|7
|
|t:|1783204917
|move|p2b: Clefable|Follow Me|p2b: Clefable
|-singleturn|p2b: Clefable|move: Follow Me
|move|p1a: Scizor|Bullet Punch|p2b: Clefable
|-supereffective|p2b: Clefable|1
|-crit|p2b: Clefable
|-damage|p2b: Clefable|0 fnt
|faint|p2b: Clefable
|move|p1b: Rotom|Thunderbolt|p2a: Tyranitar
|-damage|p2a: Tyranitar|11/100
|move|p2a: Tyranitar|Rock Slide|p1b: Rotom|[spread] 
|-miss|p2a: Tyranitar|p1a: Scizor
|-miss|p2a: Tyranitar|p1b: Rotom
|
|-weather|Sandstorm|[upkeep]
|-damage|p1b: Rotom|19/100|[from] Sandstorm
|upkeep
|turn|8
|c|☆Daravones Soup|Lol
|-message|Daravones Soup forfeited.
|
|win|AGreatRobot
||Daravones Soup is ready for game 2.
|inactive|AGreatRobot has 30 seconds to confirm battle start!
||AGreatRobot is ready for game 2.
|uhtml|next|Next: Game 2 of 3
