|j|☆Zacharykeith
|j|☆DonDeLenguas
|html|ZacharykeithDonDeLenguas    
|uhtml|bestof|Game 2 of a best-of-3
|t:|1756490275
|gametype|doubles
|player|p1|Zacharykeith|fisherman-gen4|1084
|player|p2|DonDeLenguas|265|1154
|gen|9
|tier|[Gen 9] VGC 2025 Reg H (Bo3)
|rated|
|rule|Species Clause: Limit one of each Pokémon
|rule|Item Clause: Limit 1 of each item
|clearpoke
|poke|p1|Rillaboom, L50, M|
|poke|p1|Tauros-Paldea-Blaze, L50, M|
|poke|p1|Electabuzz, L50, F|
|poke|p1|Kingambit, L50, F|
|poke|p1|Primarina, L50, F|
|poke|p1|Dragapult, L50, F|
|poke|p2|Politoed, L50, F|
|poke|p2|Gothitelle, L50, M|
|poke|p2|Incineroar, L50, M|
|poke|p2|Amoonguss, L50, F|
|poke|p2|Kingdra, L50, F|
|poke|p2|Archaludon, L50, M|
|teampreview|4
|showteam|p1|Rillaboom||AssaultVest|GrassySurge|FakeOut,GrassyGlide,WoodHammer,Uturn|||M|||50|,,,,,Fire]Tauros-Paldea-Blaze||MirrorHerb|Intimidate|RagingBull,CloseCombat,WillOWisp,Protect|||M|||50|,,,,,Water]Electabuzz||Eviolite|VitalSpirit|VoltSwitch,Electroweb,FollowMe,Taunt|||F|||50|,,,,,Ghost]Kingambit||BlackGlasses|Defiant|SuckerPunch,KowtowCleave,SwordsDance,Protect|||F|||50|,,,,,Dark]Primarina||ThroatSpray|LiquidVoice|HyperVoice,Moonblast,Haze,Protect|||F|||50|,,,,,Poison]Dragapult||ChoiceBand|ClearBody|DragonDarts,PhantomForce,Uturn,Outrage|||F|||50|,,,,,Dragon
|showteam|p2|Politoed||Leftovers|Drizzle|Protect,WeatherBall,PerishSong,Encore|||F|||50|,,,,,Grass]Gothitelle||SitrusBerry|ShadowTag|Protect,Psychic,FakeOut,TrickRoom|||M|||50|,,,,,Dark]Incineroar||SafetyGoggles|Intimidate|Protect,KnockOff,FakeOut,PartingShot|||M|||50|,,,,,Ghost]Amoonguss||EjectButton|Regenerator|Protect,RagePowder,PollenPuff,Spore|||F|||50|,,,,,Fairy]Kingdra||LifeOrb|SwiftSwim|Protect,WeatherBall,DracoMeteor,MuddyWater|||F|||50|,,,,,Stellar]Archaludon||PowerHerb|Sturdy|Protect,ElectroShot,DragonPulse,FlashCannon|||M|||50|,,,,,Electric
|inactive|Battle timer is ON: inactive players will automatically lose when time's up. (requested by Zacharykeith)
|
|t:|1756490310
|teamsize|p1|4
|teamsize|p2|4
|start
|switch|p1a: Electabuzz|Electabuzz, L50, F|100/100
|switch|p1b: Dragapult|Dragapult, L50, F|100/100
|switch|p2a: Kingdra|Kingdra, L50, F|100/100
|switch|p2b: Politoed|Politoed, L50, F|100/100
|-weather|RainDance|[from] ability: Drizzle|[of] p2b: Politoed
|turn|1
|
|t:|1756490327
|-terastallize|p1b: Dragapult|Dragon
|move|p1a: Electabuzz|Follow Me|p1a: Electabuzz
|-singleturn|p1a: Electabuzz|move: Follow Me
|move|p2a: Kingdra|Muddy Water|p1b: Dragapult|[spread] p1a,p1b
|-resisted|p1b: Dragapult
|-damage|p1a: Electabuzz|57/100
|-damage|p1b: Dragapult|61/100
|-damage|p2a: Kingdra|91/100|[from] item: Life Orb
|move|p1b: Dragapult|Dragon Darts|p2a: Kingdra
|-supereffective|p2a: Kingdra
|-damage|p2a: Kingdra|0 fnt
|-anim|p1b: Dragapult|Dragon Darts|p2b: Politoed
|-damage|p2b: Politoed|43/100
|faint|p2a: Kingdra
|move|p2b: Politoed|Perish Song|p2b: Politoed
|-start|p1a: Electabuzz|perish3|[silent]
|-start|p1b: Dragapult|perish3|[silent]
|-start|p2b: Politoed|perish3|[silent]
|-fieldactivate|move: Perish Song
|
|-weather|RainDance|[upkeep]
|-heal|p2b: Politoed|49/100|[from] item: Leftovers
|-start|p1b: Dragapult|perish3
|-start|p1a: Electabuzz|perish3
|-start|p2b: Politoed|perish3
|upkeep
|
|t:|1756490335
|switch|p2a: Incineroar|Incineroar, L50, M|100/100
|-ability|p2a: Incineroar|Intimidate|boost
|-unboost|p1a: Electabuzz|atk|1
|-fail|p1b: Dragapult|unboost|[from] ability: Clear Body|[of] p1b: Dragapult
|turn|2
|
|t:|1756490349
|switch|p1b: Primarina|Primarina, L50, F|100/100
|switch|p2b: Archaludon|Archaludon, L50, M|100/100
|move|p2a: Incineroar|Fake Out|p1b: Primarina
|-damage|p1b: Primarina|89/100
|move|p1a: Electabuzz|Electroweb|p2a: Incineroar|[spread] p2a,p2b
|-resisted|p2b: Archaludon
|-damage|p2a: Incineroar|90/100
|-damage|p2b: Archaludon|90/100
|-unboost|p2a: Incineroar|spe|1
|-unboost|p2b: Archaludon|spe|1
|
|-weather|RainDance|[upkeep]
|-start|p1a: Electabuzz|perish2
|upkeep
|turn|3
|inactive|Zacharykeith has 30 seconds left.
|
|t:|1756490376
|move|p1a: Electabuzz|Follow Me|p1a: Electabuzz
|-singleturn|p1a: Electabuzz|move: Follow Me
|move|p2b: Archaludon|Electro Shot||[still]
|-prepare|p2b: Archaludon|Electro Shot
|-boost|p2b: Archaludon|spa|1
|-anim|p2b: Archaludon|Electro Shot|p1a: Electabuzz
|-resisted|p1a: Electabuzz
|-damage|p1a: Electabuzz|30/100
|move|p1b: Primarina|Hyper Voice|p2b: Archaludon|[spread] p2a,p2b
|-supereffective|p2a: Incineroar
|-resisted|p2b: Archaludon
|-damage|p2a: Incineroar|18/100
|-damage|p2b: Archaludon|55/100
|-enditem|p1b: Primarina|Throat Spray
|-boost|p1b: Primarina|spa|1|[from] item: Throat Spray
|move|p2a: Incineroar|Parting Shot|p1a: Electabuzz
|-unboost|p1a: Electabuzz|atk|1
|-unboost|p1a: Electabuzz|spa|1
|
|t:|1756490389
|switch|p2a: Politoed|Politoed, L50, F|49/100|[from] Parting Shot
|
|-weather|RainDance|[upkeep]
|-heal|p2a: Politoed|55/100|[from] item: Leftovers
|-start|p1a: Electabuzz|perish1
|upkeep
|turn|4
|
|t:|1756490401
|move|p1b: Primarina|Protect|p1b: Primarina
|-singleturn|p1b: Primarina|Protect
|move|p1a: Electabuzz|Volt Switch|p2a: Politoed
|-supereffective|p2a: Politoed
|-damage|p2a: Politoed|27/100
|
|t:|1756490409
|switch|p1a: Tauros|Tauros-Paldea-Blaze, L50, M|100/100|[from] Volt Switch
|-ability|p1a: Tauros|Intimidate|boost
|-unboost|p2a: Politoed|atk|1
|-unboost|p2b: Archaludon|atk|1
|move|p2a: Politoed|Encore|p1b: Primarina
|-activate|p1b: Primarina|move: Protect
|move|p2b: Archaludon|Dragon Pulse|p1a: Tauros
|-damage|p1a: Tauros|0 fnt
|faint|p1a: Tauros
|
|-weather|RainDance|[upkeep]
|-heal|p2a: Politoed|33/100|[from] item: Leftovers
|upkeep
|
|t:|1756490421
|switch|p1a: Dragapult|Dragapult, L50, F, tera:Dragon|61/100
|turn|5
|
|t:|1756490430
|switch|p1b: Electabuzz|Electabuzz, L50, F|30/100
|move|p1a: Dragapult|Dragon Darts|p2a: Politoed
|-damage|p2a: Politoed|0 fnt
|-anim|p1a: Dragapult|Dragon Darts|p2b: Archaludon
|-damage|p2b: Archaludon|11/100
|faint|p2a: Politoed
|move|p2b: Archaludon|Electro Shot||[still]
|-prepare|p2b: Archaludon|Electro Shot
|-boost|p2b: Archaludon|spa|1
|-anim|p2b: Archaludon|Electro Shot|p1b: Electabuzz
|-resisted|p1b: Electabuzz
|-damage|p1b: Electabuzz|0 fnt
|faint|p1b: Electabuzz
|
|-weather|none
|upkeep
|
|t:|1756490442
|switch|p1b: Primarina|Primarina, L50, F|89/100
|switch|p2a: Incineroar|Incineroar, L50, M|18/100
|-ability|p2a: Incineroar|Intimidate|boost
|-fail|p1a: Dragapult|unboost|[from] ability: Clear Body|[of] p1a: Dragapult
|-unboost|p1b: Primarina|atk|1
|turn|6
|
|t:|1756490455
|move|p1b: Primarina|Protect|p1b: Primarina
|-singleturn|p1b: Primarina|Protect
|move|p2a: Incineroar|Fake Out|p1a: Dragapult
|-crit|p1a: Dragapult
|-damage|p1a: Dragapult|40/100
|cant|p1a: Dragapult|flinch
|move|p2b: Archaludon|Flash Cannon|p1b: Primarina
|-activate|p1b: Primarina|move: Protect
|
|upkeep
|turn|7
|-message|DonDeLenguas forfeited.
|
|win|Zacharykeith
|raw|Zacharykeith's rating: 1084 → 1117(+33 for winning)
|raw|DonDeLenguas's rating: 1154 → 1124(-30 for losing)
