|j|☆prosta1
|j|☆bbbbbesbes
|html|prosta1bbbbbesbes    
|uhtml|bestof|Game 1 of a best-of-3
|t:|1784283333
|gametype|doubles
|player|p1|prosta1|169|1136
|player|p2|bbbbbesbes|1|1131
|gen|9
|tier|[Gen 9 Champions] VGC 2026 Reg M-B (Bo3)
|rated|
|rule|Species Clause: Limit one of each Pokémon
|rule|Item Clause: Limit 1 of each item
|clearpoke
|poke|p1|Grimmsnarl, L50, M|
|poke|p1|Feraligatr, L50, M|
|poke|p1|Charizard, L50, M|
|poke|p1|Pelipper, L50, F|
|poke|p1|Venusaur, L50, F|
|poke|p1|Archaludon, L50, M|
|poke|p2|Whimsicott, L50, M|
|poke|p2|Garchomp, L50, M|
|poke|p2|Tyranitar, L50, M|
|poke|p2|Metagross, L50|
|poke|p2|Incineroar, L50, F|
|poke|p2|Basculegion, L50, M|
|teampreview|4
|showteam|p1|Grimmsnarl||LightClay|Prankster|SpiritBreak,PartingShot,Reflect,LightScreen|Sassy||M|||50|]Feraligatr||LifeOrb|SheerForce|Liquidation,Protect,Crunch,RockTomb|Adamant||M|||50|]Charizard||CharizarditeY|Blaze|Protect,HeatWave,WeatherBall,SolarBeam|Modest||M|||50|]Pelipper||SitrusBerry|Drizzle|Hurricane,WeatherBall,Tailwind,WideGuard|Modest||F|||50|]Venusaur||FocusSash|Chlorophyll|SludgeBomb,SleepPowder,EarthPower,Protect|Modest||F|||50|]Archaludon||Leftovers|Stamina|ElectroShot,DragonPulse,FlashCannon,Protect|Calm||M|||50|
|showteam|p2|Whimsicott||FocusSash|Prankster|Tailwind,LeechSeed,Encore,Moonblast|Bold||M|||50|]Garchomp||YacheBerry|RoughSkin|RockSlide,DragonClaw,StompingTantrum,Protect|Jolly||M|||50|]Tyranitar||Tyranitarite|SandStream|HighHorsepower,Protect,RockSlide,Crunch|Adamant||M|||50|]Metagross||Metagrossite|ClearBody|MeteorMash,PsychicFangs,Protect,BulletPunch|Jolly|||||50|]Incineroar||Leftovers|Intimidate|FakeOut,PartingShot,DarkestLariat,FlareBlitz|Adamant||F|||50|]Basculegion||ChoiceScarf|Adaptability|AquaJet,FlipTurn,LastRespects,WaveCrash|Jolly||M|||50|
|inactive|Battle timer is ON: inactive players will automatically lose when time's up. (requested by bbbbbesbes)
|inactive|prosta1 has 60 seconds left.
|inactive|bbbbbesbes has 60 seconds left.
|inactive|prosta1 has 30 seconds left.
|
|t:|1784283399
|teamsize|p1|4
|teamsize|p2|4
|start
|switch|p1a: Feraligatr|Feraligatr, L50, M|100/100
|switch|p1b: Pelipper|Pelipper, L50, F|100/100
|switch|p2a: Incineroar|Incineroar, L50, F|100/100
|switch|p2b: Garchomp|Garchomp, L50, M|100/100
|-weather|RainDance|[from] ability: Drizzle|[of] p1b: Pelipper
|-ability|p2a: Incineroar|Intimidate|boost
|-unboost|p1a: Feraligatr|atk|1
|-unboost|p1b: Pelipper|atk|1
|turn|1
|inactive|bbbbbesbes has 30 seconds left.
|
|t:|1784283430
|switch|p2b: Tyranitar|Tyranitar, L50, M|100/100
|-weather|Sandstorm|[from] ability: Sand Stream|[of] p2b: Tyranitar
|switch|p1b: Archaludon|Archaludon, L50, M|100/100
|move|p2a: Incineroar|Fake Out|p1a: Feraligatr
|-damage|p1a: Feraligatr|86/100
|cant|p1a: Feraligatr|flinch
|
|-weather|Sandstorm|[upkeep]
|-damage|p1a: Feraligatr|80/100|[from] Sandstorm
|-damage|p2a: Incineroar|94/100|[from] Sandstorm
|-heal|p2a: Incineroar|100/100|[from] item: Leftovers
|upkeep
|turn|2
|inactive|prosta1 has 30 seconds left.
|inactive|bbbbbesbes has 30 seconds left.
|inactive|prosta1 has 20 seconds left.
|inactive|bbbbbesbes has 20 seconds left.
|inactive|prosta1 has 15 seconds left.
|inactive|bbbbbesbes has 15 seconds left.
|
|t:|1784283472
|move|p1b: Archaludon|Protect|p1b: Archaludon
|-singleturn|p1b: Archaludon|Protect
|move|p1a: Feraligatr|Protect|p1a: Feraligatr
|-singleturn|p1a: Feraligatr|Protect
|move|p2b: Tyranitar|Crunch|p1a: Feraligatr
|-activate|p1a: Feraligatr|move: Protect
|move|p2a: Incineroar|Parting Shot|p1a: Feraligatr
|-activate|p1a: Feraligatr|move: Protect
|
|-weather|Sandstorm|[upkeep]
|-damage|p1a: Feraligatr|73/100|[from] Sandstorm
|-damage|p2a: Incineroar|94/100|[from] Sandstorm
|-heal|p2a: Incineroar|100/100|[from] item: Leftovers
|upkeep
|turn|3
|inactive|prosta1 has 30 seconds left.
|inactive|bbbbbesbes has 30 seconds left.
|
|t:|1784283503
|switch|p2a: Whimsicott|Whimsicott, L50, M|100/100
|move|p2b: Tyranitar|Crunch|p1a: Feraligatr
|-damage|p1a: Feraligatr|32/100
|-unboost|p1a: Feraligatr|def|1
|move|p1b: Archaludon|Flash Cannon|p2a: Whimsicott
|-supereffective|p2a: Whimsicott|1
|-damage|p2a: Whimsicott|16/100
|move|p1a: Feraligatr|Liquidation|p2a: Whimsicott
|-resisted|p2a: Whimsicott|1
|-damage|p2a: Whimsicott|0 fnt
|faint|p2a: Whimsicott
|
|-weather|Sandstorm|[upkeep]
|-damage|p1a: Feraligatr|26/100|[from] Sandstorm
|upkeep
|
|t:|1784283510
|switch|p2a: Incineroar|Incineroar, L50, F|100/100
|-ability|p2a: Incineroar|Intimidate|boost
|-unboost|p1a: Feraligatr|atk|1
|-unboost|p1b: Archaludon|atk|1
|turn|4
|
|t:|1784283532
|move|p1a: Feraligatr|Protect|p1a: Feraligatr
|-singleturn|p1a: Feraligatr|Protect
|move|p2b: Tyranitar|High Horsepower|p1b: Archaludon
|-supereffective|p1b: Archaludon|1
|-damage|p1b: Archaludon|42/100
|-ability|p1b: Archaludon|Stamina|boost
|-boost|p1b: Archaludon|def|1
|move|p1b: Archaludon|Flash Cannon|p2b: Tyranitar
|-supereffective|p2b: Tyranitar|1
|-damage|p2b: Tyranitar|51/100
|move|p2a: Incineroar|Darkest Lariat|p1a: Feraligatr
|-activate|p1a: Feraligatr|move: Protect
|
|-weather|Sandstorm|[upkeep]
|-damage|p1a: Feraligatr|20/100y|[from] Sandstorm
|-damage|p2a: Incineroar|94/100|[from] Sandstorm
|-heal|p1b: Archaludon|48/100|[from] item: Leftovers
|-heal|p2a: Incineroar|100/100|[from] item: Leftovers
|upkeep
|turn|5
|inactive|prosta1 has 30 seconds left.
|
|t:|1784283565
|switch|p2b: Garchomp|Garchomp, L50, M|100/100
|switch|p1a: Charizard|Charizard, L50, M|100/100
|move|p1b: Archaludon|Protect|p1b: Archaludon
|-singleturn|p1b: Archaludon|Protect
|move|p2a: Incineroar|Darkest Lariat|p1b: Archaludon
|-activate|p1b: Archaludon|move: Protect
|
|-weather|none
|-heal|p1b: Archaludon|54/100|[from] item: Leftovers
|upkeep
|turn|6
|
|t:|1784283589
|detailschange|p1a: Charizard|Charizard-Mega-Y, L50, M
|-mega|p1a: Charizard|Charizard|Charizardite Y
|-weather|SunnyDay|[from] ability: Drought|[of] p1a: Charizard
|move|p2b: Garchomp|Rock Slide|p1a: Charizard|[spread] p1a,p1b
|-supereffective|p1a: Charizard|2
|-resisted|p1b: Archaludon|1
|-damage|p1a: Charizard|24/100
|-damage|p1b: Archaludon|49/100
|-ability|p1b: Archaludon|Stamina|boost
|-boost|p1b: Archaludon|def|1
|move|p1a: Charizard|Weather Ball|p2b: Garchomp
|-resisted|p2b: Garchomp|1
|-damage|p2b: Garchomp|48/100
|move|p1b: Archaludon|Dragon Pulse|p2b: Garchomp
|-supereffective|p2b: Garchomp|1
|-damage|p2b: Garchomp|0 fnt
|faint|p2b: Garchomp
|move|p2a: Incineroar|Flare Blitz|p1b: Archaludon
|-damage|p1b: Archaludon|14/100
|-ability|p1b: Archaludon|Stamina|boost
|-boost|p1b: Archaludon|def|1
|-damage|p2a: Incineroar|88/100|[from] Recoil
|
|-weather|SunnyDay|[upkeep]
|-heal|p1b: Archaludon|20/100y|[from] item: Leftovers
|-heal|p2a: Incineroar|94/100|[from] item: Leftovers
|upkeep
|
|t:|1784283598
|switch|p2b: Tyranitar|Tyranitar, L50, M|51/100
|-weather|Sandstorm|[from] ability: Sand Stream|[of] p2b: Tyranitar
|turn|7
|inactive|prosta1 has 30 seconds left.
|inactive|bbbbbesbes has 30 seconds left.
|
|t:|1784283628
|move|p1a: Charizard|Solar Beam||[still]
|-prepare|p1a: Charizard|Solar Beam
|move|p2b: Tyranitar|Rock Slide|p1a: Charizard|[spread] p1a,p1b
|-supereffective|p1a: Charizard|2
|-resisted|p1b: Archaludon|1
|-damage|p1a: Charizard|0 fnt
|-damage|p1b: Archaludon|15/100
|-ability|p1b: Archaludon|Stamina|boost
|-boost|p1b: Archaludon|def|1
|faint|p1a: Charizard
|move|p1b: Archaludon|Dragon Pulse|p2a: Incineroar
|-damage|p2a: Incineroar|62/100
|move|p2a: Incineroar|Darkest Lariat|p1b: Archaludon
|-damage|p1b: Archaludon|0 fnt
|faint|p1b: Archaludon
|
|-weather|Sandstorm|[upkeep]
|-damage|p2a: Incineroar|56/100|[from] Sandstorm
|-heal|p2a: Incineroar|62/100|[from] item: Leftovers
|upkeep
|
|t:|1784283643
|switch|p1a: Feraligatr|Feraligatr, L50, M|20/100y
|switch|p1b: Pelipper|Pelipper, L50, F|100/100
|-weather|RainDance|[from] ability: Drizzle|[of] p1b: Pelipper
|turn|8
|
|t:|1784283664
|detailschange|p2b: Tyranitar|Tyranitar-Mega, L50, M
|-mega|p2b: Tyranitar|Tyranitar|Tyranitarite
|-weather|Sandstorm|[from] ability: Sand Stream|[of] p2b: Tyranitar
|move|p2b: Tyranitar|Protect|p2b: Tyranitar
|-singleturn|p2b: Tyranitar|Protect
|move|p1a: Feraligatr|Protect|p1a: Feraligatr
|-singleturn|p1a: Feraligatr|Protect
|move|p1b: Pelipper|Weather Ball|p2b: Tyranitar
|-activate|p2b: Tyranitar|move: Protect
|move|p2a: Incineroar|Darkest Lariat|p1a: Feraligatr
|-activate|p1a: Feraligatr|move: Protect
|
|-weather|Sandstorm|[upkeep]
|-damage|p1a: Feraligatr|14/100|[from] Sandstorm
|-damage|p1b: Pelipper|93/100|[from] Sandstorm
|-damage|p2a: Incineroar|56/100|[from] Sandstorm
|-heal|p2a: Incineroar|62/100|[from] item: Leftovers
|upkeep
|turn|9
|
|t:|1784283683
|move|p2b: Tyranitar|Rock Slide|p1b: Pelipper|[spread] p1a,p1b
|-crit|p1a: Feraligatr
|-supereffective|p1b: Pelipper|1
|-damage|p1a: Feraligatr|0 fnt
|-damage|p1b: Pelipper|21/100
|-enditem|p1b: Pelipper|Sitrus Berry|[eat]
|-heal|p1b: Pelipper|46/100|[from] item: Sitrus Berry
|faint|p1a: Feraligatr
|move|p1b: Pelipper|Weather Ball|p2a: Incineroar
|-supereffective|p2a: Incineroar|1
|-damage|p2a: Incineroar|11/100
|move|p2a: Incineroar|Darkest Lariat|p1b: Pelipper
|-damage|p1b: Pelipper|0 fnt
|faint|p1b: Pelipper
|
|win|bbbbbesbes
||prosta1 is ready for game 2.
|inactive|bbbbbesbes has 30 seconds to confirm battle start!
|l|☆bbbbbesbes
|player|p2|
||bbbbbesbes is ready for game 2.
|uhtml|next|Next: Game 2 of 3
