|j|☆sum1dum
|j|☆Glawkus
|html|sum1dumGlawkus    
|uhtml|bestof|Game 2 of a best-of-3
|t:|1782356507
|gametype|doubles
|player|p1|sum1dum|rosa|1038
|player|p2|Glawkus|caitlin|1053
|gen|9
|tier|[Gen 9 Champions] VGC 2026 Reg M-B (Bo3)
|rated|
|rule|Species Clause: Limit one of each Pokémon
|rule|Item Clause: Limit 1 of each item
|clearpoke
|poke|p1|Kommo-o, L50, F|
|poke|p1|Primarina, L50, F|
|poke|p1|Metagross, L50|
|poke|p1|Ninetales-Alola, L50, M|
|poke|p1|Incineroar, L50, F|
|poke|p1|Sinistcha, L50|
|poke|p2|Sinistcha, L50|
|poke|p2|Glimmora, L50, F|
|poke|p2|Appletun, L50, M|
|poke|p2|Toxapex, L50, F|
|poke|p2|Corviknight, L50, F|
|poke|p2|Mawile, L50, M|
|teampreview|4
|showteam|p1|Kommo-o||ShellBell|Soundproof|ClangorousSoul,ClangingScales,AuraSphere,Protect|Timid||F|||50|]Primarina||Leftovers|LiquidVoice|CalmMind,HyperVoice,Moonblast,Protect|Modest||F|||50|]Metagross||Metagrossite|ClearBody|BulletPunch,IronHead,Protect,PsychicFangs|Jolly|||||50|]Ninetales-Alola||LightClay|SnowWarning|AuroraVeil,FreezeDry,Moonblast,Protect|Timid||M|||50|]Incineroar||ChopleBerry|Intimidate|FakeOut,FlareBlitz,DarkestLariat,PartingShot|Impish||F|||50|]Sinistcha||SitrusBerry|Hospitality|MatchaGotcha,Protect,LifeDew,RagePowder|Bold|||||50|
|showteam|p2|Sinistcha||SitrusBerry|Hospitality|MatchaGotcha,RagePowder,Protect,LifeDew|Bold|||||50|]Glimmora||Glimmoranite|ToxicDebris|PowerGem,SludgeBomb,SpikyShield,EarthPower|Timid||F|||50|]Appletun||BigRoot|ThickFat|AppleAcid,DragonPulse,LeechSeed,Protect|Calm||M|||50|]Toxapex||Leftovers|Regenerator|Recover,Toxic,BanefulBunker,Infestation|Bold||F|||50|]Corviknight||OccaBerry|MirrorArmor|BraveBird,BodyPress,Roost,IronHead|Impish||F|||50|]Mawile||Mawilite|Intimidate|PlayRough,Protect,IronHead,SuckerPunch|Adamant||M|||50|
|inactive|Battle timer is ON: inactive players will automatically lose when time's up. (requested by sum1dum)
|inactive|Glawkus has 60 seconds left.
|
|t:|1782356551
|teamsize|p1|4
|teamsize|p2|4
|start
|switch|p1a: Perseverance|Metagross, L50|100/100
|switch|p1b: Integrity|Ninetales-Alola, L50, M|100/100
|switch|p2a: Mawile|Mawile, L50, M|100/100
|switch|p2b: Toxapex|Toxapex, L50, F|100/100
|-weather|Snowscape|[from] ability: Snow Warning|[of] p1b: Integrity
|-ability|p2a: Mawile|Intimidate|boost
|-fail|p1a: Perseverance|unboost|[from] ability: Clear Body|[of] p1a: Perseverance
|-unboost|p1b: Integrity|atk|1
|turn|1
|inactive|Glawkus has 30 seconds left.
|
|t:|1782356587
|detailschange|p1a: Perseverance|Metagross-Mega, L50
|-mega|p1a: Perseverance|Metagross|Metagrossite
|detailschange|p2a: Mawile|Mawile-Mega, L50, M
|-mega|p2a: Mawile|Mawile|Mawilite
|move|p1a: Perseverance|Psychic Fangs|p2b: Toxapex
|-supereffective|p2b: Toxapex|1
|-damage|p2b: Toxapex|23/100
|move|p1b: Integrity|Aurora Veil|p1b: Integrity
|-sidestart|p1: sum1dum|move: Aurora Veil
|move|p2a: Mawile|Iron Head|p1b: Integrity
|-supereffective|p1b: Integrity|2
|-damage|p1b: Integrity|0 fnt
|faint|p1b: Integrity
|move|p2b: Toxapex|Infestation|p1a: Perseverance
|-damage|p1a: Perseverance|97/100
|-activate|p1a: Perseverance|move: Infestation|[of] p2b: Toxapex
|
|-weather|Snowscape|[upkeep]
|-heal|p2b: Toxapex|29/100|[from] item: Leftovers
|-damage|p1a: Perseverance|85/100|[from] move: Infestation|[partiallytrapped]
|upkeep
|
|t:|1782356592
|switch|p1b: Justice|Incineroar, L50, F|100/100
|-ability|p1b: Justice|Intimidate|boost
|-unboost|p2a: Mawile|atk|1
|-unboost|p2b: Toxapex|atk|1
|turn|2
|
|t:|1782356611
|move|p2b: Toxapex|Baneful Bunker|p2b: Toxapex
|-singleturn|p2b: Toxapex|move: Protect
|move|p1b: Justice|Fake Out|p2a: Mawile
|-resisted|p2a: Mawile|1
|-damage|p2a: Mawile|94/100
|cant|p2a: Mawile|flinch
|move|p1a: Perseverance|Psychic Fangs|p2b: Toxapex
|-activate|p2b: Toxapex|move: Protect
|
|-weather|Snowscape|[upkeep]
|-heal|p2b: Toxapex|35/100|[from] item: Leftovers
|-damage|p1a: Perseverance|73/100|[from] move: Infestation|[partiallytrapped]
|upkeep
|turn|3
|
|t:|1782356633
|-heal|p2b: Toxapex|68/100|[from] ability: Regenerator|[silent]
|switch|p2b: Appletun|Appletun, L50, M|100/100
|move|p1a: Perseverance|Protect|p1a: Perseverance
|-singleturn|p1a: Perseverance|Protect
|move|p2a: Mawile|Sucker Punch||[still]
|-fail|p2a: Mawile
|move|p1b: Justice|Flare Blitz|p2a: Mawile
|-supereffective|p2a: Mawile|1
|-damage|p2a: Mawile|10/100
|-damage|p1b: Justice|78/100|[from] Recoil
|
|-weather|Snowscape|[upkeep]
|-end|p1a: Perseverance|Infestation|[partiallytrapped]|[silent]
|upkeep
|turn|4
|inactive|Glawkus has 30 seconds left.
|
|t:|1782356659
|switch|p2a: Toxapex|Toxapex, L50, F|68/100
|move|p1a: Perseverance|Bullet Punch|p2a: Toxapex
|-resisted|p2a: Toxapex|1
|-damage|p2a: Toxapex|59/100
|move|p1b: Justice|Parting Shot|p2b: Appletun
|-unboost|p2b: Appletun|atk|1
|-unboost|p2b: Appletun|spa|1
|
|t:|1782356661
|switch|p1b: Patience|Primarina, L50, F|100/100|[from] Parting Shot
|move|p2b: Appletun|Leech Seed|p1a: Perseverance
|-start|p1a: Perseverance|move: Leech Seed
|
|-weather|Snowscape|[upkeep]
|-heal|p2a: Toxapex|65/100|[from] item: Leftovers
|-damage|p1a: Perseverance|61/100|[from] Leech Seed|[of] p2b: Appletun
|upkeep
|turn|5
|
|t:|1782356682
|move|p1a: Perseverance|Psychic Fangs|p2a: Toxapex
|-supereffective|p2a: Toxapex|1
|-damage|p2a: Toxapex|0 fnt
|faint|p2a: Toxapex
|move|p1b: Patience|Calm Mind|p1b: Patience
|-boost|p1b: Patience|spa|1
|-boost|p1b: Patience|spd|1
|move|p2b: Appletun|Apple Acid|p1b: Patience
|-supereffective|p1b: Patience|1
|-damage|p1b: Patience|85/100
|-unboost|p1b: Patience|spd|1
|
|-weather|none
|-heal|p1b: Patience|90/100|[from] item: Leftovers
|-damage|p1a: Perseverance|49/100|[from] Leech Seed|[of] p2b: Appletun
|upkeep
|
|t:|1782356695
|switch|p2a: Sinistcha|Sinistcha, L50|100/100
|turn|6
|
|t:|1782356708
|switch|p1a: Justice|Incineroar, L50, F|78/100
|-ability|p1a: Justice|Intimidate|boost
|-unboost|p2a: Sinistcha|atk|1
|-unboost|p2b: Appletun|atk|1
|move|p1b: Patience|Protect|p1b: Patience
|-singleturn|p1b: Patience|Protect
|move|p2a: Sinistcha|Matcha Gotcha|p1b: Patience|[spread] p1a
|-activate|p1b: Patience|move: Protect
|-resisted|p1a: Justice|1
|-damage|p1a: Justice|71/100
|move|p2b: Appletun|Apple Acid|p1b: Patience
|-activate|p1b: Patience|move: Protect
|
|-heal|p1b: Patience|96/100|[from] item: Leftovers
|upkeep
|turn|7
|inactive|Glawkus has 30 seconds left.
|
|t:|1782356736
|move|p1a: Justice|Fake Out|p2b: Appletun
|-damage|p2b: Appletun|89/100
|move|p2a: Sinistcha|Rage Powder|p2a: Sinistcha
|-singleturn|p2a: Sinistcha|move: Rage Powder
|move|p1b: Patience|Moonblast|p2a: Sinistcha
|-damage|p2a: Sinistcha|19/100
|-enditem|p2a: Sinistcha|Sitrus Berry|[eat]
|-heal|p2a: Sinistcha|43/100|[from] item: Sitrus Berry
|cant|p2b: Appletun|flinch
|
|-heal|p1b: Patience|100/100|[from] item: Leftovers
|upkeep
|turn|8
|
|t:|1782356750
|move|p2a: Sinistcha|Life Dew|p2a: Sinistcha|[spread] p2a,p2b
|-heal|p2a: Sinistcha|69/100
|-heal|p2b: Appletun|100/100
|move|p1a: Justice|Flare Blitz|p2a: Sinistcha
|-supereffective|p2a: Sinistcha|1
|-damage|p2a: Sinistcha|0 fnt
|faint|p2a: Sinistcha
|-damage|p1a: Justice|50/100g|[from] Recoil
|move|p1b: Patience|Moonblast|p2b: Appletun
|-supereffective|p2b: Appletun|1
|-damage|p2b: Appletun|0 fnt
|faint|p2b: Appletun
|
|-sideend|p1: sum1dum|move: Aurora Veil
|upkeep
|
|t:|1782356765
|switch|p2b: Mawile|Mawile-Mega, L50, M|10/100
|turn|9
|
|t:|1782356776
|move|p1a: Justice|Flare Blitz|p2b: Mawile
|-supereffective|p2b: Mawile|1
|-damage|p2b: Mawile|0 fnt
|faint|p2b: Mawile
|-damage|p1a: Justice|48/100|[from] Recoil
|
|win|sum1dum
|raw|sum1dum's rating: 1038 → 1074(+36 for winning)
|raw|Glawkus's rating: 1053 → 1034(-19 for losing)
