|j|☆oscraft89
|j|☆certified urgl
|html|oscraft89certified urgl    
|uhtml|bestof|Game 3 of a best-of-3
|t:|1754747816
|gametype|doubles
|player|p1|oscraft89|265|1223
|player|p2|certified urgl|102|1191
|gen|9
|tier|[Gen 9] VGC 2025 Reg H (Bo3)
|rated|
|rule|Species Clause: Limit one of each Pokémon
|rule|Item Clause: Limit 1 of each item
|clearpoke
|poke|p1|Dondozo, L50, F|
|poke|p1|Tatsugiri, L50, F|
|poke|p1|Dragonite, L50, M|
|poke|p1|Annihilape, L50, F|
|poke|p1|Zoroark-Hisui, L50, M|
|poke|p1|Amoonguss, L50, M|
|poke|p2|Volcarona, L50, M|
|poke|p2|Sneasler, L50, F|
|poke|p2|Dragapult, L50, F|
|poke|p2|Electabuzz, L50, M|
|poke|p2|Primarina, L50, M|
|poke|p2|Rillaboom, L50, F|
|teampreview|4
|showteam|p1|Dondozo||Leftovers|Unaware|WaveCrash,Earthquake,OrderUp,Protect|||F|||50|,,,,,Grass]Tatsugiri||ChoiceScarf|Commander|DracoMeteor,MuddyWater,IcyWind,HelpingHand|||F|||50|,,,,,Stellar]Dragonite||LoadedDice|Multiscale|ScaleShot,IronHead,Tailwind,Protect|||M|||50|,,,,,Fairy]Annihilape||SafetyGoggles|VitalSpirit|CloseCombat,RageFist,Taunt,Protect|||F|||50|,,,,,Fire]Zoroark-Hisui||ChoiceSpecs|Illusion|HyperVoice,ShadowBall,Flamethrower,Trick|||M|||50|,,,,,Normal]Amoonguss||SitrusBerry|Regenerator|Spore,RagePowder,Protect,SludgeBomb|||M|||50|,,,,,Water
|showteam|p2|Volcarona||Leftovers|FlameBody|QuiverDance,Flamethrower,GigaDrain,Protect|||M|||50|,,,,,Grass]Sneasler||FocusSash|PoisonTouch|CloseCombat,DireClaw,FakeOut,Protect|||F|||50|,,,,,Stellar]Dragapult||ChoiceBand|ClearBody|DragonDarts,Outrage,Uturn,PhantomForce|||F|||50|,,,,,Dragon]Electabuzz||Eviolite|VitalSpirit|FollowMe,Taunt,Electroweb,Protect|||M|||50|,,,,,Fairy]Primarina||ThroatSpray|LiquidVoice|HyperVoice,Moonblast,Haze,Protect|||M|||50|,,,,,Steel]Rillaboom||AssaultVest|GrassySurge|WoodHammer,GrassyGlide,FakeOut,Uturn|||F|||50|,,,,,Fire
|inactive|Battle timer is ON: inactive players will automatically lose when time's up. (requested by certified urgl)
|inactive|certified urgl has 60 seconds left.
|
|t:|1754747869
|teamsize|p1|4
|teamsize|p2|4
|start
|switch|p1a: Dragonite|Dragonite, L50, M, shiny|100/100
|switch|p1b: Trans rights|Amoonguss, L50, M, shiny|100/100
|switch|p2a: Volcarona|Volcarona, L50, M|100/100
|switch|p2b: Rillaboom|Rillaboom, L50, F|100/100
|-fieldstart|move: Grassy Terrain|[from] ability: Grassy Surge|[of] p2b: Rillaboom
|turn|1
|
|t:|1754747882
|-terastallize|p2a: Volcarona|Grass
|move|p2b: Rillaboom|Fake Out|p1a: Dragonite
|-damage|p1a: Dragonite|94/100
|move|p1b: Trans rights|Hyper Voice|p2b: Rillaboom|[spread] p2a,p2b
|-damage|p2a: Volcarona|55/100
|-damage|p2b: Rillaboom|68/100
|move|p2a: Volcarona|Quiver Dance|p2a: Volcarona
|-boost|p2a: Volcarona|spa|1
|-boost|p2a: Volcarona|spd|1
|-boost|p2a: Volcarona|spe|1
|cant|p1a: Dragonite|flinch
|
|-heal|p2a: Volcarona|61/100|[from] Grassy Terrain
|-heal|p2a: Volcarona|67/100|[from] item: Leftovers
|-heal|p2b: Rillaboom|74/100|[from] Grassy Terrain
|upkeep
|turn|2
|inactive|certified urgl has 30 seconds left.
|
|t:|1754747909
|switch|p2b: Primarina|Primarina, L50, M|100/100
|move|p2a: Volcarona|Giga Drain|p1b: Trans rights
|-damage|p1b: Trans rights|0 fnt
|-heal|p2a: Volcarona|100/100|[from] drain|[of] p1b: Trans rights
|replace|p1b: Surprise!|Zoroark-Hisui, L50, M, shiny
|-end|p1b: Surprise!|Illusion
|faint|p1b: Surprise!
|move|p1a: Dragonite|Scale Shot|p2b: Primarina
|-immune|p2b: Primarina
|
|upkeep
|
|t:|1754747918
|switch|p1b: Trans rights|Amoonguss, L50, M, shiny|100/100
|turn|3
|
|t:|1754747934
|move|p2a: Volcarona|Quiver Dance|p2a: Volcarona
|-boost|p2a: Volcarona|spa|1
|-boost|p2a: Volcarona|spd|1
|-boost|p2a: Volcarona|spe|1
|move|p1a: Dragonite|Tailwind|p1a: Dragonite
|-sidestart|p1: oscraft89|move: Tailwind
|move|p1b: Trans rights|Spore|p2b: Primarina
|-status|p2b: Primarina|slp|[from] move: Spore
|cant|p2b: Primarina|slp
|
|upkeep
|turn|4
|
|t:|1754747952
|-terastallize|p1b: Trans rights|Water
|move|p2a: Volcarona|Protect|p2a: Volcarona
|-singleturn|p2a: Volcarona|Protect
|move|p1a: Dragonite|Scale Shot|p2a: Volcarona
|-activate|p2a: Volcarona|move: Protect
|move|p1b: Trans rights|Sludge Bomb|p2a: Volcarona
|-activate|p2a: Volcarona|move: Protect
|cant|p2b: Primarina|slp
|
|upkeep
|turn|5
|
|t:|1754747965
|move|p2a: Volcarona|Giga Drain|p1b: Trans rights
|-supereffective|p1b: Trans rights
|-damage|p1b: Trans rights|0 fnt
|faint|p1b: Trans rights
|move|p1a: Dragonite|Scale Shot|p2a: Volcarona
|-damage|p2a: Volcarona|85/100
|-damage|p2a: Volcarona|70/100
|-damage|p2a: Volcarona|53/100
|-damage|p2a: Volcarona|37/100
|-hitcount|p2a: Volcarona|4
|-unboost|p1a: Dragonite|def|1
|-boost|p1a: Dragonite|spe|1
|-curestatus|p2b: Primarina|slp|[msg]
|move|p2b: Primarina|Moonblast|p1a: Dragonite
|-supereffective|p1a: Dragonite
|-damage|p1a: Dragonite|0 fnt
|faint|p1a: Dragonite
|
|-heal|p2a: Volcarona|43/100|[from] Grassy Terrain
|-heal|p2a: Volcarona|49/100|[from] item: Leftovers
|-fieldend|move: Grassy Terrain
|upkeep
|-message|oscraft89 forfeited.
|
|win|certified urgl
|raw|oscraft89's rating: 1223 → 1196(-27 for losing)
|raw|certified urgl's rating: 1191 → 1218(+27 for winning)
