|j|☆viatles
|j|☆Dorito99
|html|viatlesDorito99    
|uhtml|bestof|Game 3 of a best-of-3
|t:|1757018781
|gametype|doubles
|player|p1|viatles|hiker|1052
|player|p2|Dorito99|riley|1107
|gen|9
|tier|[Gen 9] VGC 2025 Reg H (Bo3)
|rated|
|rule|Species Clause: Limit one of each Pokémon
|rule|Item Clause: Limit 1 of each item
|clearpoke
|poke|p1|Serperior, L50, F|
|poke|p1|Grimmsnarl, L50, M|
|poke|p1|Empoleon, L50, F|
|poke|p1|Garchomp, L50, M|
|poke|p1|Araquanid, L50, F|
|poke|p1|Garganacl, L50, M|
|poke|p2|Kingambit, L50, F|
|poke|p2|Clawitzer, L50, M|
|poke|p2|Farigiraf, L50, M|
|poke|p2|Talonflame, L50, F|
|poke|p2|Kommo-o, L50, M|
|poke|p2|Amoonguss, L50, F|
|teampreview|4
|showteam|p1|Serperior||CovertCloak|Contrary|Protect,LeafStorm,TeraBlast,GrassPledge|||F|||50|,,,,,Stellar]Grimmsnarl||LightClay|Prankster|LightScreen,Reflect,SpiritBreak,ThunderWave|||M|||50|,,,,,Ghost]Empoleon||ChopleBerry|Competitive|WaterPledge,FlashCannon,Haze,Protect|||F|||50|,,,,,Grass]Garchomp||LoadedDice|RoughSkin|ScaleShot,Earthquake,IronHead,Protect|||M|||50|,,,,,Steel]Araquanid||SafetyGoggles|WaterBubble|WideGuard,Protect,Liquidation,Infestation|||F|||50|,,,,,Grass]Garganacl||Leftovers|PurifyingSalt|SaltCure,Recover,Protect,ThunderPunch|||M|||50|,,,,,Water
|showteam|p2|Kingambit||BlackGlasses|Defiant|SuckerPunch,KowtowCleave,IronHead,Protect|||F|||50|,,,,,Flying]Clawitzer||LifeOrb|MegaLauncher|AuraSphere,DarkPulse,WaterPulse,Protect|||M|||50|,,,,,Dark]Farigiraf||NormalGem|ArmorTail|TrickRoom,HyperVoice,Protect,AllySwitch|||M|||50|,,,,,Grass]Talonflame||CovertCloak|GaleWings|Tailwind,BraveBird,Protect,FlareBlitz|||F|||50|,,,,,Flying]Kommo-o||ThroatSpray|Overcoat|ClangorousSoul,ClangingScales,VacuumWave,FlashCannon|||M|||50|,,,,,Steel]Amoonguss||RockyHelmet|Regenerator|PollenPuff,Spore,RagePowder,Protect|||F|||50|,,,,,Water
|inactive|Battle timer is ON: inactive players will automatically lose when time's up. (requested by viatles)
|
|t:|1757018800
|teamsize|p1|4
|teamsize|p2|4
|start
|switch|p1a: Araquanid|Araquanid, L50, F|100/100
|switch|p1b: Garchomp|Garchomp, L50, M|100/100
|switch|p2a: Queengambit|Kingambit, L50, F, shiny|100/100
|switch|p2b: Kommo-o|Kommo-o, L50, M, shiny|100/100
|turn|1
|inactive|Dorito99 has 30 seconds left.
|
|t:|1757018829
|switch|p2b: Amoonguss|Amoonguss, L50, F, shiny|100/100
|-terastallize|p1b: Garchomp|Steel
|-terastallize|p2a: Queengambit|Flying
|move|p1b: Garchomp|Scale Shot|p2b: Amoonguss
|-damage|p2b: Amoonguss|88/100
|-damage|p2b: Amoonguss|74/100
|-crit|p2b: Amoonguss
|-damage|p2b: Amoonguss|56/100
|-crit|p2b: Amoonguss
|-damage|p2b: Amoonguss|36/100
|-hitcount|p2b: Amoonguss|4
|-unboost|p1b: Garchomp|def|1
|-boost|p1b: Garchomp|spe|1
|move|p2a: Queengambit|Kowtow Cleave|p1a: Araquanid
|-damage|p1a: Araquanid|54/100
|move|p1a: Araquanid|Infestation|p2a: Queengambit
|-resisted|p2a: Queengambit
|-damage|p2a: Queengambit|99/100
|-activate|p2a: Queengambit|move: Infestation|[of] p1a: Araquanid
|
|-damage|p2a: Queengambit|87/100|[from] move: Infestation|[partiallytrapped]
|upkeep
|turn|2
|inactive|viatles has 30 seconds left.
|inactive|Dorito99 has 30 seconds left.
|
|t:|1757018863
|switch|p1b: Garganacl|Garganacl, L50, M|100/100
|move|p2a: Queengambit|Kowtow Cleave|p1b: Garganacl
|-damage|p1b: Garganacl|63/100
|move|p2b: Amoonguss|Spore|p1b: Garganacl
|-immune|p1b: Garganacl|[from] ability: Purifying Salt
|move|p1a: Araquanid|Infestation|p2b: Amoonguss
|-damage|p2b: Amoonguss|32/100
|-activate|p2b: Amoonguss|move: Infestation|[of] p1a: Araquanid
|-damage|p1a: Araquanid|38/100|[from] item: Rocky Helmet|[of] p2b: Amoonguss
|
|-heal|p1b: Garganacl|69/100|[from] item: Leftovers
|-damage|p2a: Queengambit|74/100|[from] move: Infestation|[partiallytrapped]
|-damage|p2b: Amoonguss|20/100|[from] move: Infestation|[partiallytrapped]
|upkeep
|turn|3
|inactive|Dorito99 has 30 seconds left.
|inactive|Dorito99 has 20 seconds left.
|
|t:|1757018898
|move|p1a: Araquanid|Protect|p1a: Araquanid
|-singleturn|p1a: Araquanid|Protect
|move|p2a: Queengambit|Kowtow Cleave|p1b: Garganacl
|-damage|p1b: Garganacl|26/100
|move|p1b: Garganacl|Salt Cure|p2a: Queengambit
|-supereffective|p2a: Queengambit
|-damage|p2a: Queengambit|51/100
|-start|p2a: Queengambit|Salt Cure
|move|p2b: Amoonguss|Pollen Puff|p1b: Garganacl
|-damage|p1b: Garganacl|14/100
|
|-heal|p1b: Garganacl|19/100|[from] item: Leftovers
|-damage|p2a: Queengambit|38/100|[from] move: Infestation|[partiallytrapped]
|-damage|p2a: Queengambit|26/100|[from] Salt Cure
|-damage|p2b: Amoonguss|8/100|[from] move: Infestation|[partiallytrapped]
|upkeep
|turn|4
|
|t:|1757018920
|move|p1b: Garganacl|Protect|p1b: Garganacl
|-singleturn|p1b: Garganacl|Protect
|move|p2a: Queengambit|Kowtow Cleave|p1a: Araquanid
|-crit|p1a: Araquanid
|-damage|p1a: Araquanid|0 fnt
|faint|p1a: Araquanid
|move|p2b: Amoonguss|Pollen Puff|p2a: Queengambit
|-heal|p2a: Queengambit|76/100
|
|-heal|p1b: Garganacl|25/100|[from] item: Leftovers
|-end|p2a: Queengambit|Infestation|[partiallytrapped]|[silent]
|-damage|p2a: Queengambit|64/100|[from] Salt Cure
|-end|p2b: Amoonguss|Infestation|[partiallytrapped]|[silent]
|upkeep
|
|t:|1757018932
|switch|p1a: Grimmsnarl|Grimmsnarl, L50, M|100/100
|turn|5
|
|t:|1757018944
|move|p2b: Amoonguss|Rage Powder|p2b: Amoonguss
|-singleturn|p2b: Amoonguss|move: Rage Powder
|move|p1a: Grimmsnarl|Reflect|p1a: Grimmsnarl
|-sidestart|p1: viatles|Reflect
|move|p2a: Queengambit|Iron Head|p1a: Grimmsnarl
|-supereffective|p1a: Grimmsnarl
|-damage|p1a: Grimmsnarl|39/100
|move|p1b: Garganacl|Recover|p1b: Garganacl
|-heal|p1b: Garganacl|75/100
|
|-heal|p1b: Garganacl|81/100|[from] item: Leftovers
|-damage|p2a: Queengambit|51/100|[from] Salt Cure
|upkeep
|turn|6
|
|t:|1757018966
|move|p2b: Amoonguss|Rage Powder|p2b: Amoonguss
|-singleturn|p2b: Amoonguss|move: Rage Powder
|move|p1a: Grimmsnarl|Thunder Wave|p2b: Amoonguss
|-status|p2b: Amoonguss|par
|move|p2a: Queengambit|Iron Head|p1a: Grimmsnarl
|-supereffective|p1a: Grimmsnarl
|-damage|p1a: Grimmsnarl|0 fnt
|faint|p1a: Grimmsnarl
|move|p1b: Garganacl|Salt Cure|p2b: Amoonguss
|-damage|p2b: Amoonguss|0 fnt
|faint|p2b: Amoonguss
|
|-heal|p1b: Garganacl|87/100|[from] item: Leftovers
|-damage|p2a: Queengambit|39/100|[from] Salt Cure
|upkeep
|
|t:|1757018989
|switch|p1a: Garchomp|Garchomp, L50, M, tera:Steel|100/100
|switch|p2b: Red Lobsta hotbox|Clawitzer, L50, M, shiny|100/100
|turn|7
|
|t:|1757019013
|move|p1a: Garchomp|Protect|p1a: Garchomp
|-singleturn|p1a: Garchomp|Protect
|move|p2b: Red Lobsta hotbox|Protect|p2b: Red Lobsta hotbox
|-singleturn|p2b: Red Lobsta hotbox|Protect
|move|p2a: Queengambit|Kowtow Cleave|p1b: Garganacl
|-damage|p1b: Garganacl|62/100
|move|p1b: Garganacl|Salt Cure|p2b: Red Lobsta hotbox
|-activate|p2b: Red Lobsta hotbox|move: Protect
|
|-heal|p1b: Garganacl|68/100|[from] item: Leftovers
|-damage|p2a: Queengambit|27/100|[from] Salt Cure
|upkeep
|turn|8
|
|t:|1757019035
|move|p1a: Garchomp|Scale Shot|p2b: Red Lobsta hotbox|[miss]
|-miss|p1a: Garchomp|p2b: Red Lobsta hotbox
|move|p2b: Red Lobsta hotbox|Aura Sphere|p1a: Garchomp
|-supereffective|p1a: Garchomp
|-damage|p1a: Garchomp|0 fnt
|faint|p1a: Garchomp
|-damage|p2b: Red Lobsta hotbox|91/100|[from] item: Life Orb
|move|p2a: Queengambit|Kowtow Cleave|p1b: Garganacl
|-damage|p1b: Garganacl|40/100
|move|p1b: Garganacl|Salt Cure|p2a: Queengambit
|-supereffective|p2a: Queengambit
|-damage|p2a: Queengambit|3/100
|
|-heal|p1b: Garganacl|45/100|[from] item: Leftovers
|-damage|p2a: Queengambit|0 fnt|[from] Salt Cure
|faint|p2a: Queengambit
|upkeep
|
|t:|1757019051
|switch|p2a: Kommo-o|Kommo-o, L50, M, shiny|100/100
|turn|9
|c|☆viatles|gg
|
|t:|1757019060
|move|p2b: Red Lobsta hotbox|Water Pulse|p1b: Garganacl
|-supereffective|p1b: Garganacl
|-damage|p1b: Garganacl|0 fnt
|faint|p1b: Garganacl
|-damage|p2b: Red Lobsta hotbox|81/100|[from] item: Life Orb
|
|win|Dorito99
|raw|viatles's rating: 1052 → 1037(-15 for losing)
|raw|Dorito99's rating: 1107 → 1128(+21 for winning)
|c|☆Dorito99|ggs
