|j|☆csemideia2
|j|☆ReggioVGC
|html|csemideia2ReggioVGC    
|uhtml|bestof|Game 2 of a best-of-3
|t:|1756895849
|gametype|doubles
|player|p1|csemideia2|cynthia-gen4|1089
|player|p2|ReggioVGC|lucas|1096
|gen|9
|tier|[Gen 9] VGC 2025 Reg H (Bo3)
|rated|
|rule|Species Clause: Limit one of each Pokémon
|rule|Item Clause: Limit 1 of each item
|clearpoke
|poke|p1|Ninetales-Alola, L50, M|
|poke|p1|Garchomp, L50, M|
|poke|p1|Dragonite, L50, M|
|poke|p1|Sneasler, L50, F|
|poke|p1|Kingambit, L50, F|
|poke|p1|Amoonguss, L50, F|
|poke|p2|Ursaluna, L50, F|
|poke|p2|Kilowattrel, L50, F|
|poke|p2|Gholdengo, L50|
|poke|p2|Incineroar, L50, F|
|poke|p2|Amoonguss, L50, F|
|poke|p2|Porygon2, L50|
|teampreview|4
|showteam|p1|Ninetales-Alola||ChoiceSpecs|SnowWarning|Blizzard,Moonblast,FreezeDry,IcyWind|||M|||50|,,,,,Ice]Garchomp||LifeOrb|RoughSkin|StompingTantrum,Earthquake,DragonClaw,Protect|||M|||50|,,,,,Steel]Dragonite||LumBerry|Multiscale|TeraBlast,ExtremeSpeed,LowKick,Protect|||M|||50|,,,,,Flying]Sneasler||FocusSash|PoisonTouch|DireClaw,CloseCombat,Coaching,FakeOut|||F|||50|,,,,,Ghost]Kingambit||AssaultVest|Defiant|KowtowCleave,IronHead,SuckerPunch,LowKick|||F|||50|,,,,,Water]Amoonguss||CovertCloak|Regenerator|PollenPuff,ClearSmog,RagePowder,Spore|||F|||50|,,,,,Fairy
|showteam|p2|Ursaluna||FlameOrb|Guts|Facade,HeadlongRush,Earthquake,Protect|||F|||50|,,,,,Fairy]Kilowattrel||FocusSash|Competitive|Thunderbolt,AirSlash,Tailwind,Protect|||F|||50|,,,,,Ghost]Gholdengo||LifeOrb|GoodasGold|MakeItRain,ShadowBall,NastyPlot,Protect||||||50|,,,,,Flying]Incineroar||AssaultVest|Intimidate|KnockOff,FlareBlitz,Uturn,FakeOut|||F|||50|,,,,,Grass]Amoonguss||SitrusBerry|Regenerator|Spore,RagePowder,SludgeBomb,Protect|||F|||50|,,,,,Water]Porygon2||Eviolite|Download|TeraBlast,IceBeam,Recover,TrickRoom||||||50|,,,,,Fighting
|inactive|Battle timer is ON: inactive players will automatically lose when time's up. (requested by csemideia2)
|inactive|csemideia2 has 60 seconds left.
|
|t:|1756895881
|teamsize|p1|4
|teamsize|p2|4
|start
|switch|p1a: Garchomp|Garchomp, L50, M|100/100
|switch|p1b: Sneasler|Sneasler, L50, F|100/100
|switch|p2a: Big Bird|Kilowattrel, L50, F|100/100
|switch|p2b: Mr Worldwide|Gholdengo, L50|100/100
|turn|1
|inactive|ReggioVGC has 30 seconds left.
|inactive|ReggioVGC has 20 seconds left.
|
|t:|1756895917
|switch|p2a: Pumpy the Grumpy|Incineroar, L50, F, shiny|100/100
|-ability|p2a: Pumpy the Grumpy|Intimidate|boost
|-unboost|p1a: Garchomp|atk|1
|-unboost|p1b: Sneasler|atk|1
|move|p1b: Sneasler|Dire Claw|p2a: Pumpy the Grumpy
|-damage|p2a: Pumpy the Grumpy|74/100
|move|p1a: Garchomp|Dragon Claw|p2a: Pumpy the Grumpy
|-damage|p2a: Pumpy the Grumpy|39/100
|-damage|p1a: Garchomp|91/100|[from] item: Life Orb
|move|p2b: Mr Worldwide|Make It Rain|p1b: Sneasler|[spread] p1a,p1b
|-damage|p1a: Garchomp|31/100
|-damage|p1b: Sneasler|28/100
|-unboost|p2b: Mr Worldwide|spa|1
|-damage|p2b: Mr Worldwide|91/100|[from] item: Life Orb
|
|upkeep
|turn|2
|inactive|csemideia2 has 30 seconds left.
|inactive|ReggioVGC has 30 seconds left.
|inactive|csemideia2 has 20 seconds left.
|inactive|ReggioVGC has 20 seconds left.
|inactive|csemideia2 has 15 seconds left.
|inactive|ReggioVGC has 15 seconds left.
|inactive|csemideia2 has 10 seconds left.
|inactive|ReggioVGC has 10 seconds left.
|inactive|ReggioVGC has 5 seconds left.
|
|t:|1756895967
|switch|p1a: Kingambit|Kingambit, L50, F|100/100
|move|p2a: Pumpy the Grumpy|Fake Out|p1a: Kingambit
|-resisted|p1a: Kingambit
|-damage|p1a: Kingambit|95/100
|move|p1b: Sneasler|Close Combat|p2a: Pumpy the Grumpy
|-supereffective|p2a: Pumpy the Grumpy
|-damage|p2a: Pumpy the Grumpy|0 fnt
|-unboost|p1b: Sneasler|def|1
|-unboost|p1b: Sneasler|spd|1
|faint|p2a: Pumpy the Grumpy
|move|p2b: Mr Worldwide|Shadow Ball|p1b: Sneasler
|-damage|p1b: Sneasler|0 fnt
|faint|p1b: Sneasler
|-damage|p2b: Mr Worldwide|82/100|[from] item: Life Orb
|
|upkeep
|inactive|csemideia2 has 30 seconds left.
|
|t:|1756895993
|switch|p1b: Dragonite|Dragonite, L50, M|100/100
|switch|p2a: Big Bird|Kilowattrel, L50, F|100/100
|turn|3
|inactive|csemideia2 has 30 seconds left.
|inactive|ReggioVGC has 30 seconds left.
|
|t:|1756896024
|switch|p2b: Dinko|Ursaluna, L50, F|100/100
|move|p1b: Dragonite|Protect|p1b: Dragonite
|-singleturn|p1b: Dragonite|Protect
|move|p2a: Big Bird|Tailwind|p2a: Big Bird
|-sidestart|p2: ReggioVGC|move: Tailwind
|move|p1a: Kingambit|Kowtow Cleave|p2a: Big Bird
|-damage|p2a: Big Bird|14/100
|
|-status|p2b: Dinko|brn|[from] item: Flame Orb
|upkeep
|turn|4
|inactive|csemideia2 has 30 seconds left.
|inactive|ReggioVGC has 30 seconds left.
|inactive|csemideia2 has 20 seconds left.
|inactive|ReggioVGC has 20 seconds left.
|inactive|csemideia2 has 15 seconds left.
|inactive|ReggioVGC has 15 seconds left.
|
|t:|1756896065
|switch|p1a: Garchomp|Garchomp, L50, M|31/100
|move|p1b: Dragonite|Extreme Speed|p2a: Big Bird
|-damage|p2a: Big Bird|0 fnt
|faint|p2a: Big Bird
|move|p2b: Dinko|Facade|p1b: Dragonite
|-damage|p1b: Dragonite|28/100
|
|-damage|p2b: Dinko|95/100 brn|[from] brn
|upkeep
|
|t:|1756896074
|switch|p2a: Mr Worldwide|Gholdengo, L50|82/100
|turn|5
|inactive|csemideia2 has 30 seconds left.
|inactive|csemideia2 has 20 seconds left.
|inactive|csemideia2 has 15 seconds left.
|inactive|csemideia2 has 10 seconds left.
|inactive|csemideia2 has 5 seconds left.
|
|t:|1756896125
|-terastallize|p2a: Mr Worldwide|Flying
|move|p1a: Garchomp|Protect|p1a: Garchomp
|-singleturn|p1a: Garchomp|Protect
|move|p1b: Dragonite|Protect|p1b: Dragonite
|-singleturn|p1b: Dragonite|Protect
|move|p2a: Mr Worldwide|Make It Rain|p1a: Garchomp|[spread] 
|-activate|p1a: Garchomp|move: Protect
|-activate|p1b: Dragonite|move: Protect
|move|p2b: Dinko|Earthquake|p1a: Garchomp|[spread] 
|-activate|p1a: Garchomp|move: Protect
|-activate|p1b: Dragonite|move: Protect
|-immune|p2a: Mr Worldwide
|
|-damage|p2b: Dinko|89/100 brn|[from] brn
|upkeep
|turn|6
|inactive|csemideia2 has 30 seconds left.
|inactive|ReggioVGC has 30 seconds left.
|inactive|ReggioVGC has 20 seconds left.
|inactive|ReggioVGC has 15 seconds left.
|
|t:|1756896167
|move|p1b: Dragonite|Extreme Speed|p2a: Mr Worldwide
|-damage|p2a: Mr Worldwide|52/100
|move|p2a: Mr Worldwide|Shadow Ball|p1b: Dragonite
|-damage|p1b: Dragonite|0 fnt
|faint|p1b: Dragonite
|-damage|p2a: Mr Worldwide|43/100|[from] item: Life Orb
|move|p2b: Dinko|Facade|p1a: Garchomp
|-damage|p1a: Garchomp|0 fnt
|-damage|p2b: Dinko|77/100 brn|[from] ability: Rough Skin|[of] p1a: Garchomp
|faint|p1a: Garchomp
|
|-damage|p2b: Dinko|71/100 brn|[from] brn
|-sideend|p2: ReggioVGC|move: Tailwind
|upkeep
|
|t:|1756896178
|switch|p1b: Kingambit|Kingambit, L50, F|95/100
|turn|7
|inactive|ReggioVGC has 30 seconds left.
|
|t:|1756896212
|-terastallize|p1b: Kingambit|Water
|move|p2b: Dinko|Protect|p2b: Dinko
|-singleturn|p2b: Dinko|Protect
|move|p2a: Mr Worldwide|Nasty Plot|p2a: Mr Worldwide
|-boost|p2a: Mr Worldwide|spa|2
|move|p1b: Kingambit|Low Kick|p2b: Dinko
|-activate|p2b: Dinko|move: Protect
|
|-damage|p2b: Dinko|65/100 brn|[from] brn
|upkeep
|turn|8
|inactive|ReggioVGC has 30 seconds left.
|inactive|ReggioVGC has 20 seconds left.
|
|t:|1756896250
|move|p1b: Kingambit|Sucker Punch|p2a: Mr Worldwide
|-damage|p2a: Mr Worldwide|2/100
|move|p2a: Mr Worldwide|Shadow Ball|p1b: Kingambit
|-damage|p1b: Kingambit|26/100
|-damage|p2a: Mr Worldwide|0 fnt|[from] item: Life Orb
|faint|p2a: Mr Worldwide
|move|p2b: Dinko|Facade|p1b: Kingambit
|-damage|p1b: Kingambit|0 fnt
|faint|p1b: Kingambit
|
|win|ReggioVGC
||csemideia2 is ready for game 3.
