|j|☆Sparklucario
|j|☆testingqueen001
|html|Sparklucariotestingqueen001    
|uhtml|bestof|Game 1 of a best-of-3
|t:|1784969529
|gametype|doubles
|player|p1|Sparklucario|169|1150
|player|p2|testingqueen001|265|1254
|gen|9
|tier|[Gen 9 Champions] VGC 2026 Reg M-B (Bo3)
|rated|
|rule|Species Clause: Limit one of each Pokémon
|rule|Item Clause: Limit 1 of each item
|clearpoke
|poke|p1|Gardevoir, L50, F, shiny|
|poke|p1|Basculegion, L50, M, shiny|
|poke|p1|Talonflame, L50, F, shiny|
|poke|p1|Maushold, L50, shiny|
|poke|p1|Kingambit, L50, F, shiny|
|poke|p1|Kommo-o, L50, F, shiny|
|poke|p2|Floette-Eternal, L50, F|
|poke|p2|Garchomp, L50, M|
|poke|p2|Sinistcha, L50|
|poke|p2|Sneasler, L50, M|
|poke|p2|Kingambit, L50, M|
|poke|p2|Incineroar, L50, M|
|teampreview|4
|showteam|p1|Gardevoir||Gardevoirite|Trace|Protect,HyperVoice,Psychic,Thunderbolt|Timid||F|||50|]Basculegion||ChoiceScarf|Adaptability|WaveCrash,LastRespects,FlipTurn,AquaJet|Jolly||M|||50|]Talonflame||SharpBeak|GaleWings|Protect,DualWingbeat,FlareBlitz,Tailwind|Jolly||F|||50|]Maushold||FocusSash|FriendGuard|SuperFang,Feint,FollowMe,Protect|Jolly|||||50|]Kingambit||ExpertBelt|Defiant|KowtowCleave,SuckerPunch,IronHead,LowKick|Jolly||F|||50|]Kommo-o||LifeOrb|Soundproof|ClangingScales,DracoMeteor,AuraSphere,Protect|Timid||F|||50|
|showteam|p2|Floette-Eternal||Floettite|FlowerVeil|DazzlingGleam,DrainingKiss,CalmMind,Protect|Timid||F|||50|]Garchomp||Garchompite|SandVeil|StompingTantrum,ScaleShot,RockSlide,Protect|Adamant||M|||50|]Sinistcha||Leftovers|Hospitality|MatchaGotcha,RagePowder,LifeDew,Protect|Calm|||||50|]Sneasler||MentalHerb|Unburden|FakeOut,Coaching,DireClaw,CloseCombat|Jolly||M|||50|]Kingambit||LifeOrb|Defiant|IronHead,SuckerPunch,KowtowCleave,Protect|Adamant||M|||50|]Incineroar||SitrusBerry|Intimidate|ThroatChop,FlareBlitz,FakeOut,PartingShot|Careful||M|||50|
|inactive|Battle timer is ON: inactive players will automatically lose when time's up. (requested by testingqueen001)
|c|☆Sparklucario|Glhf
|inactive|Sparklucario has 60 seconds left.
|inactive|testingqueen001 has 60 seconds left.
|c|☆testingqueen001|glhf
|
|t:|1784969582
|teamsize|p1|4
|teamsize|p2|4
|start
|switch|p1a: Gardevoir|Gardevoir, L50, F, shiny|100/100
|switch|p1b: Talonflame|Talonflame, L50, F, shiny|100/100
|switch|p2a: Floette|Floette-Eternal, L50, F|100/100
|switch|p2b: Incineroar|Incineroar, L50, M|100/100
|-ability|p1a: Gardevoir|Flower Veil|Trace|[from] ability: Trace|[of] p2a: Floette
|-ability|p2b: Incineroar|Intimidate|boost
|-unboost|p1a: Gardevoir|atk|1
|-unboost|p1b: Talonflame|atk|1
|turn|1
|
|t:|1784969604
|detailschange|p1a: Gardevoir|Gardevoir-Mega, L50, F, shiny
|-mega|p1a: Gardevoir|Gardevoir|Gardevoirite
|move|p1b: Talonflame|Tailwind|p1b: Talonflame
|-sidestart|p1: Sparklucario|move: Tailwind
|move|p1a: Gardevoir|Hyper Voice|p2b: Incineroar|[spread] p2a,p2b
|-damage|p2a: Floette|58/100
|-damage|p2b: Incineroar|65/100
|move|p2a: Floette|Calm Mind|p2a: Floette
|-boost|p2a: Floette|spa|1
|-boost|p2a: Floette|spd|1
|move|p2b: Incineroar|Parting Shot|p1a: Gardevoir
|-unboost|p1a: Gardevoir|atk|1
|-unboost|p1a: Gardevoir|spa|1
|
|t:|1784969616
|switch|p2b: Sinistcha|Sinistcha, L50|100/100|[from] Parting Shot
|-heal|p2a: Floette|82/100|[from] ability: Hospitality|[of] p2b: Sinistcha
|
|upkeep
|turn|2
|
|t:|1784969634
|move|p1b: Talonflame|Dual Wingbeat|p2b: Sinistcha
|-supereffective|p2b: Sinistcha|1
|-damage|p2b: Sinistcha|76/100
|-supereffective|p2b: Sinistcha|1
|-damage|p2b: Sinistcha|52/100
|-hitcount|p2b: Sinistcha|2
|move|p1a: Gardevoir|Hyper Voice|p2a: Floette|[spread] p2a,p2b
|-damage|p2a: Floette|64/100
|-damage|p2b: Sinistcha|20/100y
|move|p2a: Floette|Calm Mind|p2a: Floette
|-boost|p2a: Floette|spa|1
|-boost|p2a: Floette|spd|1
|move|p2b: Sinistcha|Life Dew|p2b: Sinistcha|[spread] p2a,p2b
|-heal|p2a: Floette|88/100
|-heal|p2b: Sinistcha|46/100
|
|-heal|p2b: Sinistcha|52/100|[from] item: Leftovers
|upkeep
|turn|3
|
|t:|1784969657
|switch|p2b: Incineroar|Incineroar, L50, M|65/100
|-ability|p2b: Incineroar|Intimidate|boost
|-unboost|p1a: Gardevoir|atk|1
|-unboost|p1b: Talonflame|atk|1
|move|p2a: Floette|Protect|p2a: Floette
|-singleturn|p2a: Floette|Protect
|move|p1b: Talonflame|Dual Wingbeat|p2b: Incineroar
|-crit|p2b: Incineroar
|-damage|p2b: Incineroar|41/100
|-enditem|p2b: Incineroar|Sitrus Berry|[eat]
|-heal|p2b: Incineroar|66/100|[from] item: Sitrus Berry
|-damage|p2b: Incineroar|58/100
|-hitcount|p2b: Incineroar|2
|move|p1a: Gardevoir|Hyper Voice|p2b: Incineroar|[spread] p2b
|-activate|p2a: Floette|move: Protect
|-damage|p2b: Incineroar|34/100
|
|upkeep
|turn|4
|
|t:|1784969680
|switch|p1b: Basculegion|Basculegion, L50, M, shiny|100/100
|detailschange|p2a: Floette|Floette-Mega, L50, F
|-mega|p2a: Floette|Floette|Floettite
|-ability|p2a: Floette|Fairy Aura
|move|p1a: Gardevoir|Protect|p1a: Gardevoir
|-singleturn|p1a: Gardevoir|Protect
|move|p2b: Incineroar|Fake Out|p1a: Gardevoir
|-activate|p1a: Gardevoir|move: Protect
|move|p2a: Floette|Dazzling Gleam|p1b: Basculegion|[spread] p1b
|-activate|p1a: Gardevoir|move: Protect
|-damage|p1b: Basculegion|9/100
|
|-sideend|p1: Sparklucario|move: Tailwind
|upkeep
|turn|5
|
|t:|1784969700
|switch|p2b: Sinistcha|Sinistcha, L50|52/100
|-heal|p2a: Floette|100/100|[from] ability: Hospitality|[of] p2b: Sinistcha
|move|p2a: Floette|Protect|p2a: Floette
|-singleturn|p2a: Floette|Protect
|move|p1b: Basculegion|Wave Crash|p2a: Floette
|-activate|p2a: Floette|move: Protect
|move|p1a: Gardevoir|Hyper Voice|p2b: Sinistcha|[spread] p2b
|-activate|p2a: Floette|move: Protect
|-damage|p2b: Sinistcha|11/100
|
|-heal|p2b: Sinistcha|17/100|[from] item: Leftovers
|upkeep
|turn|6
|
|t:|1784969721
|switch|p1b: Talonflame|Talonflame, L50, F, shiny|100/100
|move|p2b: Sinistcha|Rage Powder|p2b: Sinistcha
|-singleturn|p2b: Sinistcha|move: Rage Powder
|move|p1a: Gardevoir|Hyper Voice|p2b: Sinistcha|[spread] p2a,p2b
|-damage|p2a: Floette|82/100
|-damage|p2b: Sinistcha|0 fnt
|faint|p2b: Sinistcha
|move|p2a: Floette|Dazzling Gleam|p1a: Gardevoir|[spread] p1a,p1b
|-resisted|p1b: Talonflame|1
|-damage|p1a: Gardevoir|24/100
|-damage|p1b: Talonflame|41/100
|
|upkeep
|
|t:|1784969731
|switch|p2b: Incineroar|Incineroar, L50, M|34/100
|-ability|p2b: Incineroar|Intimidate|boost
|-unboost|p1a: Gardevoir|atk|1
|-unboost|p1b: Talonflame|atk|1
|turn|7
|
|t:|1784969740
|move|p1b: Talonflame|Protect|p1b: Talonflame
|-singleturn|p1b: Talonflame|Protect
|move|p1a: Gardevoir|Protect|p1a: Gardevoir
|-singleturn|p1a: Gardevoir|Protect
|move|p2b: Incineroar|Fake Out|p1a: Gardevoir
|-activate|p1a: Gardevoir|move: Protect
|move|p2a: Floette|Dazzling Gleam|p1b: Talonflame|[spread] 
|-activate|p1a: Gardevoir|move: Protect
|-activate|p1b: Talonflame|move: Protect
|
|upkeep
|turn|8
|
|t:|1784969754
|move|p2a: Floette|Protect|p2a: Floette
|-singleturn|p2a: Floette|Protect
|move|p1b: Talonflame|Dual Wingbeat|p2a: Floette
|-activate|p2a: Floette|move: Protect
|move|p1a: Gardevoir|Hyper Voice|p2a: Floette|[spread] p2b
|-activate|p2a: Floette|move: Protect
|-damage|p2b: Incineroar|2/100
|move|p2b: Incineroar|Parting Shot|p1a: Gardevoir
|-unboost|p1a: Gardevoir|atk|1
|-unboost|p1a: Gardevoir|spa|1
|
|t:|1784969766
|switch|p2b: Sneasler|Sneasler, L50, M|100/100|[from] Parting Shot
|
|upkeep
|turn|9
|
|t:|1784969781
|switch|p2b: Incineroar|Incineroar, L50, M|2/100
|-ability|p2b: Incineroar|Intimidate|boost
|-unboost|p1a: Gardevoir|atk|1
|-unboost|p1b: Talonflame|atk|1
|move|p1b: Talonflame|Protect|p1b: Talonflame
|-singleturn|p1b: Talonflame|Protect
|move|p1a: Gardevoir|Protect|p1a: Gardevoir
|-singleturn|p1a: Gardevoir|Protect
|move|p2a: Floette|Dazzling Gleam|p1a: Gardevoir|[spread] 
|-activate|p1a: Gardevoir|move: Protect
|-activate|p1b: Talonflame|move: Protect
|
|upkeep
|turn|10
|
|t:|1784969792
|move|p2b: Incineroar|Fake Out|p1a: Gardevoir
|-damage|p1a: Gardevoir|7/100
|move|p1b: Talonflame|Tailwind|p1b: Talonflame
|-sidestart|p1: Sparklucario|move: Tailwind
|cant|p1a: Gardevoir|flinch
|move|p2a: Floette|Dazzling Gleam|p1a: Gardevoir|[spread] p1a,p1b
|-resisted|p1b: Talonflame|1
|-damage|p1a: Gardevoir|0 fnt
|-damage|p1b: Talonflame|0 fnt
|faint|p1a: Gardevoir
|faint|p1b: Talonflame
|
|upkeep
|
|t:|1784969799
|switch|p1b: Kingambit|Kingambit, L50, F, shiny|100/100
|switch|p1a: Basculegion|Basculegion, L50, M, shiny|9/100
|turn|11
|
|t:|1784969811
|switch|p2b: Sneasler|Sneasler, L50, M|100/100
|move|p2a: Floette|Protect|p2a: Floette
|-singleturn|p2a: Floette|Protect
|move|p1a: Basculegion|Last Respects|p2b: Sneasler
|-damage|p2b: Sneasler|0 fnt
|faint|p2b: Sneasler
|move|p1b: Kingambit|Iron Head|p2a: Floette
|-activate|p2a: Floette|move: Protect
|
|upkeep
|
|t:|1784969819
|switch|p2b: Incineroar|Incineroar, L50, M|2/100
|-ability|p2b: Incineroar|Intimidate|boost
|-unboost|p1a: Basculegion|atk|1
|-unboost|p1b: Kingambit|atk|1
|-ability|p1b: Kingambit|Defiant|boost
|-boost|p1b: Kingambit|atk|2
|turn|12
|
|t:|1784969833
|move|p2b: Incineroar|Fake Out|p1b: Kingambit
|-resisted|p1b: Kingambit|1
|-crit|p1b: Kingambit
|-damage|p1b: Kingambit|92/100
|move|p1a: Basculegion|Last Respects|p2a: Floette
|-damage|p2a: Floette|22/100
|cant|p1b: Kingambit|flinch
|move|p2a: Floette|Dazzling Gleam|p1b: Kingambit|[spread] p1a,p1b
|-damage|p1a: Basculegion|0 fnt
|-damage|p1b: Kingambit|0 fnt
|faint|p1a: Basculegion
|faint|p1b: Kingambit
|
|win|testingqueen001
||Sparklucario is ready for game 2.
|inactive|testingqueen001 has 30 seconds to confirm battle start!
||testingqueen001 is ready for game 2.
|uhtml|next|Next: Game 2 of 3
