|j|☆lettitripppp
|j|☆Pzgoo
|html|lettitrippppPzgoo    
|uhtml|bestof|Game 2 of a best-of-3
|t:|1782677834
|gametype|doubles
|player|p1|lettitripppp|lucas|1246
|player|p2|Pzgoo|170|1226
|gen|9
|tier|[Gen 9 Champions] VGC 2026 Reg M-B (Bo3)
|rated|
|rule|Species Clause: Limit one of each Pokémon
|rule|Item Clause: Limit 1 of each item
|clearpoke
|poke|p1|Charizard, L50, M|
|poke|p1|Floette-Eternal, L50, F|
|poke|p1|Basculegion, L50, M, shiny|
|poke|p1|Garchomp, L50, F|
|poke|p1|Whimsicott, L50, F, shiny|
|poke|p1|Kingambit, L50, M|
|poke|p2|Scrafty, L50, F|
|poke|p2|Gholdengo, L50|
|poke|p2|Aerodactyl, L50, F|
|poke|p2|Garchomp, L50, M|
|poke|p2|Ninetales-Alola, L50, F|
|poke|p2|Sylveon, L50, M|
|teampreview|4
|showteam|p1|Charizard||CharizarditeY|Blaze|WeatherBall,SolarBeam,HeatWave,Protect|Modest||M|||50|]Floette-Eternal||Floettite|FlowerVeil|DazzlingGleam,LightofRuin,Moonblast,Protect|Timid||F|||50|]Basculegion||MysticWater|Adaptability|LastRespects,WaveCrash,AquaJet,Protect|Adamant||M|||50|]Garchomp||LifeOrb|RoughSkin|DragonClaw,Earthquake,RockSlide,Protect|Jolly||F|||50|]Whimsicott||FocusSash|Prankster|Moonblast,Tailwind,Encore,Protect|Timid||F|||50|]Kingambit||ChopleBerry|Defiant|KowtowCleave,SuckerPunch,IronHead,LowKick|Adamant||M|||50|
|showteam|p2|Scrafty||Scraftinite|Intimidate|DrainPunch,SwordsDance,KnockOff,FakeOut|Adamant||F|||50|]Gholdengo||ChoiceScarf|GoodasGold|MakeItRain,SteelBeam,ShadowBall,PowerGem|Modest|||||50|]Aerodactyl||FocusSash|Unnerve|DualWingbeat,RockSlide,Tailwind,Protect|Jolly||F|||50|]Garchomp||RoseliBerry|RoughSkin|DragonClaw,RockSlide,PoisonJab,Earthquake|Adamant||M|||50|]Ninetales-Alola||LightClay|SnowWarning|AuroraVeil,IcyWind,Encore,Blizzard|Timid||F|||50|]Sylveon||LifeOrb|Pixilate|HyperBeam,HyperVoice,QuickAttack,Detect|Modest||M|||50|
|inactive|Battle timer is ON: inactive players will automatically lose when time's up. (requested by lettitripppp)
|inactive|Pzgoo has 60 seconds left.
|
|t:|1782677878
|teamsize|p1|4
|teamsize|p2|4
|start
|switch|p1a: LETS GO GO|Whimsicott, L50, F, shiny|100/100
|switch|p1b: GHOSTWAVE|Basculegion, L50, M, shiny|100/100
|switch|p2a: Aerodactyl|Aerodactyl, L50, F|100/100
|switch|p2b: Sylveon|Sylveon, L50, M|100/100
|-ability|p2a: Aerodactyl|Unnerve
|turn|1
|
|t:|1782677902
|move|p1a: LETS GO GO|Tailwind|p1a: LETS GO GO
|-sidestart|p1: lettitripppp|move: Tailwind
|move|p1b: GHOSTWAVE|Aqua Jet|p2a: Aerodactyl
|-supereffective|p2a: Aerodactyl|1
|-damage|p2a: Aerodactyl|1/100
|move|p2a: Aerodactyl|Dual Wingbeat|p1a: LETS GO GO
|-supereffective|p1a: LETS GO GO|1
|-damage|p1a: LETS GO GO|44/100
|-supereffective|p1a: LETS GO GO|1
|-damage|p1a: LETS GO GO|0 fnt
|faint|p1a: LETS GO GO
|-hitcount|p1: LETS GO GO|2
|move|p2b: Sylveon|Hyper Beam|p1b: GHOSTWAVE
|-damage|p1b: GHOSTWAVE|0 fnt
|-mustrecharge|p2b: Sylveon
|faint|p1b: GHOSTWAVE
|-damage|p2b: Sylveon|90/100|[from] item: Life Orb
|
|upkeep
|
|t:|1782677916
|switch|p1a: RUINOUS LIGHT|Floette-Eternal, L50, F|100/100
|switch|p1b: GENERAL BLADUS|Kingambit, L50, M|100/100
|turn|2
|
|t:|1782677937
|detailschange|p1a: RUINOUS LIGHT|Floette-Mega, L50, F
|-mega|p1a: RUINOUS LIGHT|Floette|Floettite
|-ability|p1a: RUINOUS LIGHT|Fairy Aura
|move|p2a: Aerodactyl|Protect|p2a: Aerodactyl
|-singleturn|p2a: Aerodactyl|Protect
|move|p1a: RUINOUS LIGHT|Dazzling Gleam|p2a: Aerodactyl|[spread] p2b
|-activate|p2a: Aerodactyl|move: Protect
|-damage|p2b: Sylveon|47/100
|move|p1b: GENERAL BLADUS|Iron Head|p2b: Sylveon
|-supereffective|p2b: Sylveon|1
|-damage|p2b: Sylveon|0 fnt
|faint|p2b: Sylveon
|
|upkeep
|inactive|Pzgoo has 30 seconds left.
|inactive|Pzgoo has 20 seconds left.
|
|t:|1782677975
|switch|p2b: Scrafty|Scrafty, L50, F|100/100
|-ability|p2b: Scrafty|Intimidate|boost
|-unboost|p1a: RUINOUS LIGHT|atk|1
|-unboost|p1b: GENERAL BLADUS|atk|1
|-ability|p1b: GENERAL BLADUS|Defiant|boost
|-boost|p1b: GENERAL BLADUS|atk|2
|turn|3
|
|t:|1782677985
|switch|p2b: Garchomp|Garchomp, L50, M|100/100
|move|p1a: RUINOUS LIGHT|Dazzling Gleam|p2b: Garchomp|[spread] p2a,p2b
|-supereffective|p2b: Garchomp|1
|-enditem|p2b: Garchomp|Roseli Berry|[eat]
|-enditem|p2b: Garchomp|Roseli Berry|[weaken]
|-damage|p2a: Aerodactyl|0 fnt
|-damage|p2b: Garchomp|50/100g
|faint|p2a: Aerodactyl
|move|p1b: GENERAL BLADUS|Low Kick|p2b: Garchomp
|-damage|p2b: Garchomp|13/100
|-damage|p1b: GENERAL BLADUS|87/100|[from] ability: Rough Skin|[of] p2b: Garchomp
|
|upkeep
|
|t:|1782677997
|switch|p2a: Scrafty|Scrafty, L50, F|100/100
|-ability|p2a: Scrafty|Intimidate|boost
|-unboost|p1a: RUINOUS LIGHT|atk|1
|-unboost|p1b: GENERAL BLADUS|atk|1
|-ability|p1b: GENERAL BLADUS|Defiant|boost
|-boost|p1b: GENERAL BLADUS|atk|2
|turn|4
|
|t:|1782678016
|move|p2a: Scrafty|Fake Out|p1a: RUINOUS LIGHT
|-damage|p1a: RUINOUS LIGHT|84/100
|move|p1b: GENERAL BLADUS|Sucker Punch|p2b: Garchomp
|-damage|p2b: Garchomp|0 fnt
|-damage|p1b: GENERAL BLADUS|75/100|[from] ability: Rough Skin|[of] p2b: Garchomp
|faint|p2b: Garchomp
|cant|p1a: RUINOUS LIGHT|flinch
|
|-sideend|p1: lettitripppp|move: Tailwind
|upkeep
|turn|5
|-message|Pzgoo forfeited.
|
|win|lettitripppp
|raw|lettitripppp's rating: 1246 → 1270(+24 for winning)
|raw|Pzgoo's rating: 1226 → 1202(-24 for losing)
|l|☆Pzgoo
|player|p2|
