|j|☆iliteratepineapple
|j|☆hungry hillo
|html|iliteratepineapplehungry hillo    
|uhtml|bestof|Game 1 of a best-of-3
|t:|1756158570
|gametype|doubles
|player|p1|iliteratepineapple|169|
|player|p2|hungry hillo|n|
|gen|9
|tier|[Gen 9] VGC 2025 Reg H (Bo3)
|rule|Species Clause: Limit one of each Pokémon
|rule|Item Clause: Limit 1 of each item
|clearpoke
|poke|p1|Ninetales-Alola, L50, M|
|poke|p1|Gothitelle, L50, M|
|poke|p1|Murkrow, L50, F|
|poke|p1|Incineroar, L50, F|
|poke|p1|Sinistcha-Masterpiece, L50|
|poke|p1|Ursaluna, L50, M|
|poke|p2|Sneasler, L50, M|
|poke|p2|Clefable, L50, F|
|poke|p2|Gholdengo, L50|
|poke|p2|Magmar, L50, M|
|poke|p2|Dragapult, L50, M|
|poke|p2|Rillaboom, L50, M|
|teampreview|4
|showteam|p1|Ninetales-Alola||FocusSash|SnowWarning|Blizzard,Encore,Disable,Protect|||M|||50|,,,,,Dark]Gothitelle||Leftovers|ShadowTag|Protect,Psychic,FakeOut,Taunt|||M|||50|,,,,,Water]Murkrow||Eviolite|Prankster|DualWingbeat,Tailwind,PerishSong,FeatherDance|||F|||50|,,,,,Ghost]Incineroar||AssaultVest|Intimidate|KnockOff,FlareBlitz,Uturn,FakeOut|||F|||50|,,,,,Bug]Sinistcha-Masterpiece||SitrusBerry|Hospitality|MatchaGotcha,RagePowder,TrickRoom,LifeDew||||||50|,,,,,Dark]Ursaluna||FlameOrb|Guts|Facade,HeadlongRush,Earthquake,Protect|||M|||50|,,,,,Ghost
|showteam|p2|Sneasler||FocusSash|Unburden|CloseCombat,DireClaw,Protect,ThroatChop|||M|||50|,,,,,Dark]Clefable||RockyHelmet|Unaware|Moonblast,IcyWind,FollowMe,Protect|||F|||50|,,,,,Steel]Gholdengo||LifeOrb|GoodasGold|MakeItRain,ShadowBall,NastyPlot,Protect||||||50|,,,,,Water]Magmar||Eviolite|VitalSpirit|Taunt,FollowMe,Protect,Overheat|||M|||50|,,,,,Ghost]Dragapult||ChoiceBand|ClearBody|PhantomForce,DragonDarts,SuckerPunch,Uturn|||M|||50|,,,,,Dragon]Rillaboom||AssaultVest|GrassySurge|WoodHammer,GrassyGlide,HighHorsepower,FakeOut|||M|||50|,,,,,Fire
|
|t:|1756158620
|teamsize|p1|4
|teamsize|p2|4
|start
|switch|p1a: Murkrow|Murkrow, L50, F|100/100
|switch|p1b: Incineroar|Incineroar, L50, F|100/100
|switch|p2a: Devil|Clefable, L50, F, shiny|100/100
|switch|p2b: Mr krabe|Gholdengo, L50|100/100
|-ability|p1b: Incineroar|Intimidate|boost
|-unboost|p2a: Devil|atk|1
|-unboost|p2b: Mr krabe|atk|1
|turn|1
|
|t:|1756158645
|move|p2a: Devil|Follow Me|p2a: Devil
|-singleturn|p2a: Devil|move: Follow Me
|move|p1a: Murkrow|Perish Song|p1a: Murkrow
|-start|p1a: Murkrow|perish3|[silent]
|-start|p1b: Incineroar|perish3|[silent]
|-start|p2a: Devil|perish3|[silent]
|-immune|p2b: Mr krabe|[from] ability: Good as Gold
|-fieldactivate|move: Perish Song
|move|p2b: Mr krabe|Nasty Plot|p2b: Mr krabe
|-boost|p2b: Mr krabe|spa|2
|move|p1b: Incineroar|U-turn|p2a: Devil
|-resisted|p2a: Devil
|-damage|p2a: Devil|90/100
|-damage|p1b: Incineroar|84/100|[from] item: Rocky Helmet|[of] p2a: Devil
|
|t:|1756158656
|switch|p1b: Ursaluna|Ursaluna, L50, M|100/100|[from] U-turn
|
|-start|p1a: Murkrow|perish3
|-start|p2a: Devil|perish3
|-status|p1b: Ursaluna|brn|[from] item: Flame Orb
|upkeep
|turn|2
|
|t:|1756158701
|switch|p1a: Incineroar|Incineroar, L50, F|84/100
|-ability|p1a: Incineroar|Intimidate|boost
|-unboost|p2a: Devil|atk|1
|-unboost|p2b: Mr krabe|atk|1
|-terastallize|p2b: Mr krabe|Water
|move|p1b: Ursaluna|Protect|p1b: Ursaluna
|-singleturn|p1b: Ursaluna|Protect
|move|p2b: Mr krabe|Make It Rain|p1a: Incineroar|[spread] p1a
|-activate|p1b: Ursaluna|move: Protect
|-resisted|p1a: Incineroar
|-damage|p1a: Incineroar|46/100
|-unboost|p2b: Mr krabe|spa|1
|-damage|p2b: Mr krabe|91/100|[from] item: Life Orb
|move|p2a: Devil|Icy Wind|p1a: Incineroar|[spread] p1a
|-activate|p1b: Ursaluna|move: Protect
|-resisted|p1a: Incineroar
|-damage|p1a: Incineroar|42/100
|-unboost|p1a: Incineroar|spe|1
|
|-damage|p1b: Ursaluna|95/100 brn|[from] brn
|-start|p2a: Devil|perish2
|upkeep
|turn|3
|
|t:|1756158735
|move|p2b: Mr krabe|Protect|p2b: Mr krabe
|-singleturn|p2b: Mr krabe|Protect
|move|p1a: Incineroar|Fake Out|p2b: Mr krabe
|-activate|p2b: Mr krabe|move: Protect
|move|p2a: Devil|Icy Wind|p1b: Ursaluna|[spread] p1a,p1b
|-resisted|p1a: Incineroar
|-supereffective|p1b: Ursaluna
|-damage|p1a: Incineroar|39/100
|-damage|p1b: Ursaluna|79/100 brn
|-unboost|p1a: Incineroar|spe|1
|-unboost|p1b: Ursaluna|spe|1
|move|p1b: Ursaluna|Facade|p2a: Devil
|-damage|p2a: Devil|0 fnt
|-damage|p1b: Ursaluna|62/100 brn|[from] item: Rocky Helmet|[of] p2a: Devil
|faint|p2a: Devil
|
|-damage|p1b: Ursaluna|56/100 brn|[from] brn
|upkeep
|
|t:|1756158751
|switch|p2a: ƁºƁ|Sneasler, L50, M|100/100
|turn|4
|
|t:|1756158770
|switch|p1a: Sinistcha|Sinistcha-Masterpiece, L50|100/100
|-heal|p1b: Ursaluna|81/100 brn|[from] ability: Hospitality|[of] p1a: Sinistcha
|move|p1b: Ursaluna|Protect|p1b: Ursaluna
|-singleturn|p1b: Ursaluna|Protect
|move|p2a: ƁºƁ|Close Combat|p1a: Sinistcha
|-immune|p1a: Sinistcha
|move|p2b: Mr krabe|Make It Rain|p1a: Sinistcha|[spread] p1a
|-activate|p1b: Ursaluna|move: Protect
|-damage|p1a: Sinistcha|33/100
|-unboost|p2b: Mr krabe|spa|1
|-enditem|p1a: Sinistcha|Sitrus Berry|[eat]
|-heal|p1a: Sinistcha|57/100|[from] item: Sitrus Berry
|-damage|p2b: Mr krabe|81/100|[from] item: Life Orb
|
|-damage|p1b: Ursaluna|75/100 brn|[from] brn
|upkeep
|turn|5
|
|t:|1756158813
|move|p1a: Sinistcha|Rage Powder|p1a: Sinistcha
|-singleturn|p1a: Sinistcha|move: Rage Powder
|move|p2a: ƁºƁ|Dire Claw|p1a: Sinistcha
|-damage|p1a: Sinistcha|15/100
|move|p2b: Mr krabe|Make It Rain|p1a: Sinistcha|[spread] p1a,p1b
|-damage|p1a: Sinistcha|0 fnt
|-damage|p1b: Ursaluna|26/100 brn
|-unboost|p2b: Mr krabe|spa|1
|faint|p1a: Sinistcha
|-damage|p2b: Mr krabe|72/100|[from] item: Life Orb
|move|p1b: Ursaluna|Facade|p2b: Mr krabe
|-damage|p2b: Mr krabe|0 fnt
|faint|p2b: Mr krabe
|
|-damage|p1b: Ursaluna|20/100 brn|[from] brn
|upkeep
|
|t:|1756158833
|switch|p2b: Wisper|Dragapult, L50, M|100/100
|switch|p1a: Murkrow|Murkrow, L50, F|100/100
|turn|6
|
|t:|1756158844
|switch|p1b: Incineroar|Incineroar, L50, F|39/100
|-ability|p1b: Incineroar|Intimidate|boost
|-unboost|p2a: ƁºƁ|atk|1
|-fail|p2b: Wisper|unboost|[from] ability: Clear Body|[of] p2b: Wisper
|move|p2b: Wisper|Dragon Darts|p1b: Incineroar
|-damage|p1b: Incineroar|0 fnt
|-anim|p2b: Wisper|Dragon Darts|p1a: Murkrow
|-damage|p1a: Murkrow|45/100
|faint|p1b: Incineroar
|move|p2a: ƁºƁ|Dire Claw|p1a: Murkrow
|-damage|p1a: Murkrow|3/100
|-status|p1a: Murkrow|psn
|move|p1a: Murkrow|Dual Wingbeat|p2a: ƁºƁ
|-supereffective|p2a: ƁºƁ
|-damage|p2a: ƁºƁ|46/100
|-supereffective|p2a: ƁºƁ
|-damage|p2a: ƁºƁ|0 fnt
|faint|p2a: ƁºƁ
|-hitcount|p2: ƁºƁ|2
|
|-damage|p1a: Murkrow|0 fnt|[from] psn
|faint|p1a: Murkrow
|upkeep
|
|t:|1756158865
|switch|p1b: Ursaluna|Ursaluna, L50, M|20/100 brn
|turn|7
|
|t:|1756158877
|move|p1b: Ursaluna|Protect|p1b: Ursaluna
|-singleturn|p1b: Ursaluna|Protect
|move|p2b: Wisper|Dragon Darts|p1b: Ursaluna
|-activate|p1b: Ursaluna|move: Protect
|
|-damage|p1b: Ursaluna|14/100 brn|[from] brn
|upkeep
|turn|8
|
|t:|1756158890
|move|p2b: Wisper|Dragon Darts|p1b: Ursaluna
|-damage|p1b: Ursaluna|0 fnt
|faint|p1b: Ursaluna
|
|win|hungry hillo
||hungry hillo is ready for game 2.
