|j|☆alexandromolgaard
|j|‽informtech
|html|alexandromolgaardinformtech    
|uhtml|bestof|Game 2 of a best-of-3
|t:|1783009319
|gametype|doubles
|player|p1|alexandromolgaard|backpacker|1123
|player|p2|informtech|170|1106
|gen|9
|tier|[Gen 9 Champions] VGC 2026 Reg M-B (Bo3)
|rated|
|rule|Species Clause: Limit one of each Pokémon
|rule|Item Clause: Limit 1 of each item
|clearpoke
|poke|p1|Meowstic, L50, M|
|poke|p1|Musharna, L50, M|
|poke|p1|Drampa, L50, M|
|poke|p1|Klefki, L50, F|
|poke|p1|Clawitzer, L50, M|
|poke|p1|Aggron, L50, M|
|poke|p2|Staraptor, L50, M|
|poke|p2|Whimsicott, L50, F|
|poke|p2|Basculegion, L50, M|
|poke|p2|Garchomp, L50, F|
|poke|p2|Charizard, L50, F|
|poke|p2|Kingambit, L50, F|
|teampreview|4
|showteam|p1|Meowstic||SitrusBerry|Prankster|FakeOut,HelpingHand,RainDance,PsychicTerrain|Calm||M|||50|]Musharna||Leftovers|Telepathy|ExpandingForce,Moonblast,EnergyBall,TrickRoom|Modest||M|||50|]Drampa||Drampanite|CloudNine|HyperVoice,Thunder,Surf,Protect|Quiet||M|||50|]Klefki||MentalHerb|Prankster|FoulPlay,MagnetRise,MistyTerrain,TrickRoom|Relaxed||F|||50|]Clawitzer||MysticWater|MegaLauncher|WaterPulse,TerrainPulse,AuraSphere,HealPulse|Quiet||M|||50|]Aggron||Aggronite|Sturdy|IronHead,Earthquake,BrickBreak,Protect|Brave||M|||50|
|showteam|p2|Staraptor||Staraptite|Intimidate|CloseCombat,DualWingbeat,Protect,Roost|Adamant||M|||50|]Whimsicott||FocusSash|Prankster|Tailwind,TrickRoom,Moonblast,Tickle|Quiet||F|||50|]Basculegion||LifeOrb|Adaptability|LastRespects,Protect,AquaJet,WaveCrash|Jolly||M|||50|]Garchomp||ExpertBelt|RoughSkin|DragonClaw,RockTomb,Earthquake,Protect|Adamant||F|||50|]Charizard||CharizarditeY|SolarPower|HeatWave,AirSlash,SolarBeam,Protect|Modest||F|||50|]Kingambit||BlackGlasses|Defiant|KowtowCleave,SuckerPunch,Protect,IronHead|Adamant||F|||50|
|
|t:|1783009354
|teamsize|p1|4
|teamsize|p2|4
|start
|switch|p1a: Meowstic|Meowstic, L50, M|100/100
|switch|p1b: Clawitzer|Clawitzer, L50, M|100/100
|switch|p2a: Kingambit|Kingambit, L50, F|100/100
|switch|p2b: Basculegion|Basculegion, L50, M|100/100
|turn|1
|
|t:|1783009385
|move|p1a: Meowstic|Psychic Terrain|p1a: Meowstic
|-fieldstart|move: Psychic Terrain
|move|p2b: Basculegion|Last Respects|p1a: Meowstic
|-supereffective|p1a: Meowstic|1
|-damage|p1a: Meowstic|22/100
|-enditem|p1a: Meowstic|Sitrus Berry|[eat]
|-heal|p1a: Meowstic|47/100|[from] item: Sitrus Berry
|-damage|p2b: Basculegion|90/100|[from] item: Life Orb
|move|p2a: Kingambit|Kowtow Cleave|p1a: Meowstic
|-supereffective|p1a: Meowstic|1
|-crit|p1a: Meowstic
|-damage|p1a: Meowstic|0 fnt
|faint|p1a: Meowstic
|move|p1b: Clawitzer|Terrain Pulse|p2b: Basculegion
|-damage|p2b: Basculegion|13/100
|
|upkeep
|
|t:|1783009406
|switch|p1a: Aggron|Aggron, L50, M|100/100
|turn|2
|
|t:|1783009448
|switch|p1b: Musharna|Musharna, L50, M|100/100
|detailschange|p1a: Aggron|Aggron-Mega, L50, M
|-mega|p1a: Aggron|Aggron|Aggronite
|move|p2b: Basculegion|Wave Crash|p1b: Musharna
|-damage|p1b: Musharna|20/100y
|-damage|p2b: Basculegion|0 fnt|[from] Recoil
|faint|p2b: Basculegion
|move|p2a: Kingambit|Kowtow Cleave|p1b: Musharna
|-supereffective|p1b: Musharna|1
|-damage|p1b: Musharna|0 fnt
|faint|p1b: Musharna
|move|p1a: Aggron|Earthquake|p2a: Kingambit
|-supereffective|p2a: Kingambit|1
|-damage|p2a: Kingambit|40/100
|
|upkeep
|
|t:|1783009464
|switch|p2b: Garchomp|Garchomp, L50, F|100/100
|switch|p1b: Clawitzer|Clawitzer, L50, M|100/100
|turn|3
|
|t:|1783009481
|switch|p2a: Staraptor|Staraptor, L50, M|100/100
|-ability|p2a: Staraptor|Intimidate|boost
|-unboost|p1a: Aggron|atk|1
|-unboost|p1b: Clawitzer|atk|1
|move|p2b: Garchomp|Earthquake|p1b: Clawitzer|[spread] p1a,p1b
|-immune|p2a: Staraptor
|-supereffective|p1a: Aggron|1
|-damage|p1a: Aggron|61/100
|-damage|p1b: Clawitzer|45/100
|move|p1b: Clawitzer|Water Pulse|p2a: Staraptor
|-damage|p2a: Staraptor|16/100
|-start|p2a: Staraptor|confusion
|move|p1a: Aggron|Iron Head|p2b: Garchomp
|-damage|p2b: Garchomp|73/100
|-damage|p1a: Aggron|49/100|[from] ability: Rough Skin|[of] p2b: Garchomp
|
|upkeep
|turn|4
|
|t:|1783009506
|detailschange|p2a: Staraptor|Staraptor-Mega, L50, M
|-mega|p2a: Staraptor|Staraptor|Staraptite
|-activate|p2a: Staraptor|confusion
|-damage|p2a: Staraptor|1/100|[from] confusion
|move|p2b: Garchomp|Earthquake|p1a: Aggron|[spread] p1a,p1b
|-immune|p2a: Staraptor
|-supereffective|p1a: Aggron|1
|-damage|p1a: Aggron|12/100
|-damage|p1b: Clawitzer|0 fnt
|faint|p1b: Clawitzer
|move|p1a: Aggron|Iron Head|p2a: Staraptor
|-damage|p2a: Staraptor|0 fnt
|faint|p2a: Staraptor
|
|upkeep
|
|t:|1783009514
|switch|p2a: Kingambit|Kingambit, L50, F|40/100
|turn|5
|
|t:|1783009526
|move|p2b: Garchomp|Dragon Claw|p1a: Aggron
|-resisted|p1a: Aggron|1
|-damage|p1a: Aggron|2/100
|move|p2a: Kingambit|Kowtow Cleave|p1a: Aggron
|-damage|p1a: Aggron|0 fnt
|faint|p1a: Aggron
|
|win|informtech
|raw|alexandromolgaard's rating: 1123 → 1097(-26 for losing)
|raw|informtech's rating: 1106 → 1132(+26 for winning)
|c|☆alexandromolgaard|Gg
