|j|☆semiau
|j|☆Leuco9
|html|semiauLeuco9    
|uhtml|bestof|Game 1 of a best-of-3
|t:|1784332724
|gametype|doubles
|player|p1|semiau|2|1140
|player|p2|Leuco9|acetrainer|1142
|gen|9
|tier|[Gen 9 Champions] VGC 2026 Reg M-B (Bo3)
|rated|
|rule|Species Clause: Limit one of each Pokémon
|rule|Item Clause: Limit 1 of each item
|clearpoke
|poke|p1|Milotic, L50, F|
|poke|p1|Toxapex, L50, F|
|poke|p1|Sinistcha, L50|
|poke|p1|Farigiraf, L50, F|
|poke|p1|Incineroar, L50, M|
|poke|p1|Garchomp, L50, M|
|poke|p2|Swampert, L50, M|
|poke|p2|Pelipper, L50, M|
|poke|p2|Basculegion, L50, M|
|poke|p2|Archaludon, L50, F|
|poke|p2|Farigiraf, L50, M|
|poke|p2|Kingambit, L50, M|
|teampreview|4
|showteam|p1|Milotic||MysticWater|Competitive|MuddyWater,Coil,Protect,Hypnosis|Bold||F|||50|]Toxapex||Leftovers|Regenerator|Toxic,BanefulBunker,Haze,Infestation|Careful||F|||50|]Sinistcha||KasibBerry|Hospitality|MatchaGotcha,RagePowder,TrickRoom,Protect|Bold|||||50|]Farigiraf||MentalHerb|ArmorTail|TwinBeam,TrickRoom,HelpingHand,HyperVoice|Relaxed||F|||50|]Incineroar||BlackGlasses|Intimidate|PartingShot,ThroatChop,FakeOut,FlareBlitz|Serious||M|||50|]Garchomp||Garchompite|RoughSkin|Earthquake,BreakingSwipe,Protect,StoneEdge|Jolly||M|||50|
|showteam|p2|Swampert||Swampertite|Damp|WaveCrash,Earthquake,IcePunch,Protect|Adamant||M|||50|]Pelipper||FocusSash|Drizzle|Hurricane,MuddyWater,Tailwind,Protect|Modest||M|||50|]Basculegion||ChoiceScarf|Adaptability|WaveCrash,LastRespects,AquaJet,FlipTurn|Jolly||M|||50|]Archaludon||Leftovers|Stamina|ElectroShot,FlashCannon,DragonPulse,Protect|Calm||F|||50|]Farigiraf||SitrusBerry|ArmorTail|TwinBeam,GrassKnot,HelpingHand,TrickRoom|Bold||M|||50|]Kingambit||ChopleBerry|Defiant|KowtowCleave,IronHead,SuckerPunch,BrickBreak|Adamant||M|||50|
|inactive|Battle timer is ON: inactive players will automatically lose when time's up. (requested by Leuco9)
|
|t:|1784332814
|teamsize|p1|4
|teamsize|p2|4
|start
|switch|p1a: Farigiraf|Farigiraf, L50, F|100/100
|switch|p1b: Milotic|Milotic, L50, F|100/100
|switch|p2a: Archaludon|Archaludon, L50, F|100/100
|switch|p2b: Basculegion|Basculegion, L50, M|100/100
|turn|1
|inactive|semiau has 30 seconds left.
|inactive|semiau has 20 seconds left.
|
|t:|1784332850
|move|p1b: Milotic|Protect|p1b: Milotic
|-singleturn|p1b: Milotic|Protect
|move|p2b: Basculegion|Flip Turn|p1a: Farigiraf
|-damage|p1a: Farigiraf|67/100
|
|t:|1784332857
|switch|p2b: Pelipper|Pelipper, L50, M|100/100|[from] Flip Turn
|-weather|RainDance|[from] ability: Drizzle|[of] p2b: Pelipper
|move|p2a: Archaludon|Electro Shot||[still]
|-prepare|p2a: Archaludon|Electro Shot
|-boost|p2a: Archaludon|spa|1
|-anim|p2a: Archaludon|Electro Shot|p1b: Milotic
|-activate|p1b: Milotic|move: Protect
|move|p1a: Farigiraf|Trick Room|p1a: Farigiraf
|-fieldstart|move: Trick Room|[of] p1a: Farigiraf
|
|-weather|RainDance|[upkeep]
|upkeep
|turn|2
|inactive|semiau has 30 seconds left.
|
|t:|1784332885
|move|p1a: Farigiraf|Twin Beam|p2b: Pelipper
|-damage|p2b: Pelipper|69/100
|-damage|p2b: Pelipper|38/100
|-hitcount|p2b: Pelipper|2
|move|p1b: Milotic|Hypnosis|p2a: Archaludon
|-status|p2a: Archaludon|slp|[from] move: Hypnosis
|cant|p2a: Archaludon|slp
|move|p2b: Pelipper|Hurricane|p1a: Farigiraf
|-damage|p1a: Farigiraf|21/100
|-start|p1a: Farigiraf|confusion
|
|-weather|RainDance|[upkeep]
|upkeep
|turn|3
|
|t:|1784332900
|switch|p1b: Garchomp|Garchomp, L50, M|100/100
|move|p2b: Pelipper|Protect|p2b: Pelipper
|-singleturn|p2b: Pelipper|Protect
|-activate|p1a: Farigiraf|confusion
|move|p1a: Farigiraf|Twin Beam|p2b: Pelipper
|-activate|p2b: Pelipper|move: Protect
|cant|p2a: Archaludon|slp
|
|-weather|RainDance|[upkeep]
|upkeep
|turn|4
|
|t:|1784332920
|switch|p2b: Kingambit|Kingambit, L50, M|100/100
|detailschange|p1b: Garchomp|Garchomp-Mega, L50, M
|-mega|p1b: Garchomp|Garchomp|Garchompite
|-end|p1a: Farigiraf|confusion
|move|p1a: Farigiraf|Twin Beam|p2b: Kingambit
|-immune|p2b: Kingambit
|-curestatus|p2a: Archaludon|slp|[msg]
|move|p2a: Archaludon|Dragon Pulse|p1b: Garchomp
|-supereffective|p1b: Garchomp|1
|-damage|p1b: Garchomp|6/100
|move|p1b: Garchomp|Earthquake|p2b: Kingambit|[spread] p1a,p2a,p2b
|-crit|p1a: Farigiraf
|-supereffective|p2a: Archaludon|1
|-supereffective|p2b: Kingambit|1
|-damage|p1a: Farigiraf|0 fnt
|-damage|p2a: Archaludon|39/100
|-damage|p2b: Kingambit|43/100
|-ability|p2a: Archaludon|Stamina|boost
|-boost|p2a: Archaludon|def|1
|faint|p1a: Farigiraf
|
|-weather|RainDance|[upkeep]
|-heal|p2a: Archaludon|45/100|[from] item: Leftovers
|upkeep
|
|t:|1784332927
|switch|p1a: Sinistcha|Sinistcha, L50|100/100
|-heal|p1b: Garchomp|31/100|[from] ability: Hospitality|[of] p1a: Sinistcha
|turn|5
|inactive|Leuco9 has 30 seconds left.
|
|t:|1784332954
|move|p1a: Sinistcha|Rage Powder|p1a: Sinistcha
|-singleturn|p1a: Sinistcha|move: Rage Powder
|move|p2b: Kingambit|Kowtow Cleave|p1a: Sinistcha
|-supereffective|p1a: Sinistcha|1
|-damage|p1a: Sinistcha|4/100
|move|p2a: Archaludon|Dragon Pulse|p1a: Sinistcha
|-damage|p1a: Sinistcha|0 fnt
|faint|p1a: Sinistcha
|move|p1b: Garchomp|Earthquake|p2b: Kingambit|[spread] p2a,p2b
|-supereffective|p2a: Archaludon|1
|-supereffective|p2b: Kingambit|1
|-crit|p2b: Kingambit
|-damage|p2a: Archaludon|8/100
|-damage|p2b: Kingambit|0 fnt
|-ability|p2a: Archaludon|Stamina|boost
|-boost|p2a: Archaludon|def|1
|faint|p2b: Kingambit
|
|-weather|none
|-heal|p2a: Archaludon|14/100|[from] item: Leftovers
|-fieldend|move: Trick Room
|upkeep
|
|t:|1784332973
|switch|p1a: Milotic|Milotic, L50, F|100/100
|switch|p2b: Pelipper|Pelipper, L50, M|38/100
|-weather|RainDance|[from] ability: Drizzle|[of] p2b: Pelipper
|turn|6
|
|t:|1784332991
|move|p2a: Archaludon|Protect|p2a: Archaludon
|-singleturn|p2a: Archaludon|Protect
|move|p1b: Garchomp|Stone Edge|p2b: Pelipper|[miss]
|-miss|p1b: Garchomp|p2b: Pelipper
|move|p2b: Pelipper|Tailwind|p2b: Pelipper
|-sidestart|p2: Leuco9|move: Tailwind
|move|p1a: Milotic|Muddy Water|p2a: Archaludon|[spread] p2b
|-activate|p2a: Archaludon|move: Protect
|-resisted|p2b: Pelipper|1
|-damage|p2b: Pelipper|2/100
|-unboost|p2b: Pelipper|accuracy|1
|
|-weather|RainDance|[upkeep]
|-heal|p2a: Archaludon|20/100y|[from] item: Leftovers
|upkeep
|turn|7
|
|t:|1784333003
|move|p2b: Pelipper|Hurricane|p1b: Garchomp
|-damage|p1b: Garchomp|0 fnt
|faint|p1b: Garchomp
|move|p2a: Archaludon|Electro Shot||[still]
|-prepare|p2a: Archaludon|Electro Shot
|-boost|p2a: Archaludon|spa|1
|-anim|p2a: Archaludon|Electro Shot|p1a: Milotic
|-supereffective|p1a: Milotic|1
|-damage|p1a: Milotic|0 fnt
|faint|p1a: Milotic
|
|win|Leuco9
|l|☆Leuco9
|player|p2|
||Leuco9 is ready for game 2.
|l|☆semiau
|player|p1|
||semiau is ready for game 2.
|uhtml|next|Next: Game 2 of 3
|j|☆Leuco9
|player|p2|Leuco9|acetrainer|
