|j|☆Voltage Gaming101
|j|☆washingtongargacha
|html|Voltage Gaming101washingtongargacha    
|uhtml|bestof|Game 2 of a best-of-3
|t:|1757109567
|gametype|doubles
|player|p1|Voltage Gaming101|red|1085
|player|p2|washingtongargacha|2|1127
|gen|9
|tier|[Gen 9] VGC 2025 Reg H (Bo3)
|rated|
|rule|Species Clause: Limit one of each Pokémon
|rule|Item Clause: Limit 1 of each item
|clearpoke
|poke|p1|Tyranitar, L50, F|
|poke|p1|Houndstone, L50, M|
|poke|p1|Gholdengo, L50|
|poke|p1|Garchomp, L50, M|
|poke|p1|Incineroar, L50, M|
|poke|p1|Amoonguss, L50, F|
|poke|p2|Talonflame, L50, M|
|poke|p2|Gholdengo, L50|
|poke|p2|Dragonite, L50, M|
|poke|p2|Archaludon, L50, F|
|poke|p2|Tyranitar, L50, M|
|poke|p2|Garchomp, L50, F|
|teampreview|4
|showteam|p1|Tyranitar||AssaultVest|SandStream|RockSlide,KnockOff,LowKick,TeraBlast|||F|||50|,,,,,Flying]Houndstone||SpellTag|SandRush|LastRespects,ShadowSneak,PlayRough,FireFang|||M|||50|,,,,,Ghost]Gholdengo||LifeOrb|GoodasGold|MakeItRain,ShadowBall,NastyPlot,Protect||||||50|,,,,,Water]Garchomp||LoadedDice|RoughSkin|ScaleShot,Earthquake,SwordsDance,Protect|||M|||50|,,,,,Fire]Incineroar||SafetyGoggles|Intimidate|FakeOut,KnockOff,FlareBlitz,PartingShot|||M|||50|,,,,,Water]Amoonguss||SitrusBerry|Regenerator|Spore,RagePowder,PollenPuff,Protect|||F|||50|,,,,,Water
|showteam|p2|Talonflame||CovertCloak|GaleWings|Tailwind,DualWingbeat,Taunt,FlareBlitz|||M|||50|,,,,,Ghost]Gholdengo||ChoiceSpecs|GoodasGold|MakeItRain,SteelBeam,ShadowBall,PowerGem||||||50|,,,,,Steel]Dragonite||LoadedDice|Multiscale|ScaleShot,IceSpinner,Haze,Protect|||M|||50|,,,,,Steel]Archaludon||PowerHerb|Sturdy|FlashCannon,ElectroShot,DracoMeteor,Protect|||F|||50|,,,,,Flying]Tyranitar||AssaultVest|SandStream|KnockOff,RockSlide,TeraBlast,LowKick|||M|||50|,,,,,Flying]Garchomp||LifeOrb|RoughSkin|DragonClaw,StompingTantrum,Earthquake,Protect|||F|||50|,,,,,Steel
|
|t:|1757109596
|teamsize|p1|4
|teamsize|p2|4
|start
|switch|p1a: Incineroar|Incineroar, L50, M, shiny|100/100
|switch|p1b: Amoonguss|Amoonguss, L50, F, shiny|100/100
|switch|p2a: Talonflame|Talonflame, L50, M|100/100
|switch|p2b: Garchomp|Garchomp, L50, F|100/100
|-ability|p1a: Incineroar|Intimidate|boost
|-unboost|p2a: Talonflame|atk|1
|-unboost|p2b: Garchomp|atk|1
|turn|1
|
|t:|1757109645
|-terastallize|p1b: Amoonguss|Water
|move|p2b: Garchomp|Protect|p2b: Garchomp
|-singleturn|p2b: Garchomp|Protect
|move|p1a: Incineroar|Fake Out|p2b: Garchomp
|-activate|p2b: Garchomp|move: Protect
|move|p2a: Talonflame|Taunt|p1b: Amoonguss
|-start|p1b: Amoonguss|move: Taunt
|cant|p1b: Amoonguss|move: Taunt|Spore
|
|upkeep
|turn|2
|
|t:|1757109676
|switch|p2a: Gholdengo|Gholdengo, L50|100/100
|move|p2b: Garchomp|Stomping Tantrum|p1a: Incineroar
|-supereffective|p1a: Incineroar
|-damage|p1a: Incineroar|36/100
|-damage|p2b: Garchomp|91/100|[from] item: Life Orb
|move|p1a: Incineroar|Knock Off|p2b: Garchomp
|-damage|p2b: Garchomp|41/100
|-damage|p1a: Incineroar|23/100|[from] ability: Rough Skin|[of] p2b: Garchomp
|-enditem|p2b: Garchomp|Life Orb|[from] move: Knock Off|[of] p1a: Incineroar
|move|p1b: Amoonguss|Pollen Puff|p1a: Incineroar
|-heal|p1a: Incineroar|73/100
|
|upkeep
|turn|3
|
|t:|1757109707
|switch|p2b: Dragonite|Dragonite, L50, M|100/100
|move|p2a: Gholdengo|Power Gem|p1a: Incineroar
|-supereffective|p1a: Incineroar
|-damage|p1a: Incineroar|0 fnt
|faint|p1a: Incineroar
|move|p1b: Amoonguss|Pollen Puff|p1: Incineroar|[notarget]
|-fail|p1b: Amoonguss
|
|-end|p1b: Amoonguss|move: Taunt
|upkeep
|
|t:|1757109713
|switch|p1a: Garchomp|Garchomp, L50, M, shiny|100/100
|turn|4
|
|t:|1757109724
|switch|p2a: Talonflame|Talonflame, L50, M|100/100
|move|p1a: Garchomp|Protect|p1a: Garchomp
|-singleturn|p1a: Garchomp|Protect
|move|p2b: Dragonite|Protect|p2b: Dragonite
|-singleturn|p2b: Dragonite|Protect
|move|p1b: Amoonguss|Spore|p2b: Dragonite
|-activate|p2b: Dragonite|move: Protect
|
|upkeep
|turn|5
|
|t:|1757109739
|move|p1b: Amoonguss|Rage Powder|p1b: Amoonguss
|-singleturn|p1b: Amoonguss|move: Rage Powder
|move|p2a: Talonflame|Tailwind|p2a: Talonflame
|-sidestart|p2: washingtongargacha|move: Tailwind
|move|p2b: Dragonite|Scale Shot|p1b: Amoonguss
|-damage|p1b: Amoonguss|88/100
|-damage|p1b: Amoonguss|75/100
|-damage|p1b: Amoonguss|62/100
|-damage|p1b: Amoonguss|50/100
|-enditem|p1b: Amoonguss|Sitrus Berry|[eat]
|-heal|p1b: Amoonguss|75/100|[from] item: Sitrus Berry
|-damage|p1b: Amoonguss|64/100
|-hitcount|p1b: Amoonguss|5
|-unboost|p2b: Dragonite|def|1
|-boost|p2b: Dragonite|spe|1
|move|p1a: Garchomp|Scale Shot|p2b: Dragonite
|-supereffective|p2b: Dragonite
|-damage|p2b: Dragonite|77/100
|-supereffective|p2b: Dragonite
|-damage|p2b: Dragonite|29/100
|-supereffective|p2b: Dragonite
|-damage|p2b: Dragonite|0 fnt
|faint|p2b: Dragonite
|-hitcount|p2: Dragonite|3
|-unboost|p1a: Garchomp|def|1
|-boost|p1a: Garchomp|spe|1
|
|upkeep
|
|t:|1757109764
|switch|p2b: Garchomp|Garchomp, L50, F|41/100
|turn|6
|
|t:|1757109784
|move|p2b: Garchomp|Protect|p2b: Garchomp
|-singleturn|p2b: Garchomp|Protect
|move|p1b: Amoonguss|Protect|p1b: Amoonguss
|-singleturn|p1b: Amoonguss|Protect
|move|p2a: Talonflame|Taunt|p1b: Amoonguss
|-activate|p1b: Amoonguss|move: Protect
|move|p1a: Garchomp|Earthquake|p2a: Talonflame|[spread] 
|-activate|p1b: Amoonguss|move: Protect
|-activate|p2b: Garchomp|move: Protect
|-immune|p2a: Talonflame
|
|upkeep
|turn|7
|
|t:|1757109806
|move|p1b: Amoonguss|Rage Powder|p1b: Amoonguss
|-singleturn|p1b: Amoonguss|move: Rage Powder
|move|p2a: Talonflame|Taunt|p1b: Amoonguss
|-start|p1b: Amoonguss|move: Taunt
|move|p2b: Garchomp|Dragon Claw|p1b: Amoonguss
|-damage|p1b: Amoonguss|29/100
|move|p1a: Garchomp|Scale Shot|p2b: Garchomp
|-supereffective|p2b: Garchomp
|-damage|p2b: Garchomp|11/100
|-supereffective|p2b: Garchomp
|-damage|p2b: Garchomp|0 fnt
|faint|p2b: Garchomp
|-hitcount|p2: Garchomp|2
|-unboost|p1a: Garchomp|def|1
|-boost|p1a: Garchomp|spe|1
|
|upkeep
|
|t:|1757109820
|switch|p2b: Gholdengo|Gholdengo, L50|100/100
|turn|8
|
|t:|1757109846
|move|p2a: Talonflame|Dual Wingbeat|p1a: Garchomp
|-damage|p1a: Garchomp|75/100
|-damage|p2a: Talonflame|88/100|[from] ability: Rough Skin|[of] p1a: Garchomp
|-damage|p1a: Garchomp|52/100
|-damage|p2a: Talonflame|76/100|[from] ability: Rough Skin|[of] p1a: Garchomp
|-hitcount|p1a: Garchomp|2
|move|p1a: Garchomp|Earthquake|p2b: Gholdengo|[spread] p1b,p2b
|-immune|p2a: Talonflame
|-supereffective|p2b: Gholdengo
|-damage|p1b: Amoonguss|0 fnt
|-damage|p2b: Gholdengo|0 fnt
|faint|p1b: Amoonguss
|faint|p2b: Gholdengo
|
|-sideend|p2: washingtongargacha|move: Tailwind
|upkeep
|
|t:|1757109859
|switch|p1b: Tyranitar|Tyranitar, L50, F, shiny|100/100
|-weather|Sandstorm|[from] ability: Sand Stream|[of] p1b: Tyranitar
|turn|9
|-message|washingtongargacha forfeited.
|
|win|Voltage Gaming101
|raw|Voltage Gaming101's rating: 1085 → 1116(+31 for winning)
|raw|washingtongargacha's rating: 1127 → 1099(-28 for losing)
|l|☆washingtongargacha
|player|p2|
