|j|☆Sven
|j|☆xmarsh
|html|Svenxmarsh    
|uhtml|bestof|Game 2 of a best-of-3
|t:|1783867114
|gametype|doubles
|player|p1|Sven|#smogonxnpa2024winner|
|player|p2|xmarsh|blue-gen3two|
|gen|9
|tier|[Gen 9 Champions] VGC 2026 Reg M-B (Bo3)
|rule|Species Clause: Limit one of each Pokémon
|rule|Item Clause: Limit 1 of each item
|clearpoke
|poke|p1|Garchomp, L50, F|
|poke|p1|Venusaur, L50, M|
|poke|p1|Incineroar, L50, F|
|poke|p1|Charizard, L50, M|
|poke|p1|Toxapex, L50, M|
|poke|p1|Annihilape, L50, M|
|poke|p2|Sinistcha, L50|
|poke|p2|Blastoise, L50, M|
|poke|p2|Delphox, L50, M|
|poke|p2|Incineroar, L50, F|
|poke|p2|Kingambit, L50, F, shiny|
|poke|p2|Sneasler, L50, F|
|teampreview|4
|showteam|p1|Garchomp||ChoiceScarf|RoughSkin|Earthquake,RockSlide,DragonClaw,StompingTantrum|Adamant||F|||50|]Venusaur||LifeOrb|Chlorophyll|SludgeBomb,SolarBeam,EarthPower,Protect|Modest||M|||50|]Incineroar||SitrusBerry|Intimidate|FlareBlitz,FakeOut,ThroatChop,PartingShot|Impish||F|||50|]Charizard||CharizarditeY|Blaze|HeatWave,WeatherBall,HelpingHand,Protect|Modest||M|||50|]Toxapex||Leftovers|Regenerator|Infestation,Toxic,WideGuard,BanefulBunker|Impish||M|||50|]Annihilape||FocusSash|Defiant|CloseCombat,PhantomForce,RockTomb,Protect|Jolly||M|||50|
|showteam|p2|Sinistcha||KasibBerry|Hospitality|MatchaGotcha,RagePowder,TrickRoom,Protect|Bold|||||50|]Blastoise||Blastoisinite|RainDish|WaterSpout,DarkPulse,ShellSmash,Protect|Modest||M|||50|]Delphox||Delphoxite|Blaze|HeatWave,Psyshock,NastyPlot,Protect|Timid||M|||50|]Incineroar||SitrusBerry|Intimidate|FlareBlitz,ThroatChop,PartingShot,FakeOut|Careful||F|||50|]Kingambit||BlackGlasses|Defiant|KowtowCleave,SuckerPunch,SwordsDance,Protect|Adamant||F|||50|]Sneasler||FocusSash|PoisonTouch|CloseCombat,PoisonJab,QuickGuard,FakeOut|Jolly||F|||50|
|inactive|Battle timer is ON: inactive players will automatically lose when time's up. (requested by Sven)
|j| Kiogrus24
|j| Terekusai
|j| StarCalyrex
|j| IcyPenguin604
|j| EV15
|j| LogIce
|j| MADARAAAA
|j| val16
|j| MyPokemonRBad12
|l| IcyPenguin604
|inactive|xmarsh has 60 seconds left.
|
|t:|1783867156
|teamsize|p1|4
|teamsize|p2|4
|start
|switch|p1a: Garchomp|Garchomp, L50, F|100/100
|switch|p1b: Annihilape|Annihilape, L50, M|100/100
|switch|p2a: Sneasler|Sneasler, L50, F|100/100
|switch|p2b: Delphox|Delphox, L50, M|100/100
|turn|1
|j| thacrow
|j| Code
|l| Code
|inactive|xmarsh has 30 seconds left.
|inactive|xmarsh has 20 seconds left.
|inactive|xmarsh has 15 seconds left.
|inactive|xmarsh has 10 seconds left.
|
|t:|1783867205
|detailschange|p2b: Delphox|Delphox-Mega, L50, M
|-mega|p2b: Delphox|Delphox|Delphoxite
|move|p2a: Sneasler|Fake Out|p1a: Garchomp
|-damage|p1a: Garchomp|86/100
|-damage|p2a: Sneasler|87/100|[from] ability: Rough Skin|[of] p1a: Garchomp
|cant|p1a: Garchomp|flinch
|move|p2b: Delphox|Heat Wave|p1a: Garchomp|[spread] p1a
|-miss|p2b: Delphox|p1b: Annihilape
|-resisted|p1a: Garchomp|1
|-damage|p1a: Garchomp|65/100
|move|p1b: Annihilape|Rock Tomb|p2b: Delphox|[miss]
|-miss|p1b: Annihilape|p2b: Delphox
|
|upkeep
|turn|2
|j| Code
|inactive|Sven has 30 seconds left.
|inactive|xmarsh has 30 seconds left.
|inactive|xmarsh has 20 seconds left.
|inactive|xmarsh has 15 seconds left.
|inactive|xmarsh has 10 seconds left.
|inactive|xmarsh has 5 seconds left.
|
|t:|1783867258
|move|p2b: Delphox|Protect|p2b: Delphox
|-singleturn|p2b: Delphox|Protect
|move|p1a: Garchomp|Rock Slide|p2a: Sneasler|[spread] p2a
|-activate|p2b: Delphox|move: Protect
|-resisted|p2a: Sneasler|1
|-damage|p2a: Sneasler|71/100
|move|p2a: Sneasler|Poison Jab|p1a: Garchomp
|-resisted|p1a: Garchomp|1
|-damage|p1a: Garchomp|46/100
|-status|p1a: Garchomp|psn
|-damage|p2a: Sneasler|59/100|[from] ability: Rough Skin|[of] p1a: Garchomp
|move|p1b: Annihilape|Phantom Force||[still]
|-prepare|p1b: Annihilape|Phantom Force
|
|-damage|p1a: Garchomp|34/100 psn|[from] psn
|upkeep
|turn|3
|
|t:|1783867273
|switch|p1a: Charizard|Charizard, L50, M|100/100
|switch|p2b: Incineroar|Incineroar, L50, F|100/100
|-ability|p2b: Incineroar|Intimidate|boost
|-unboost|p1a: Charizard|atk|1
|-unboost|p1b: Annihilape|atk|1
|-ability|p1b: Annihilape|Defiant|boost
|-boost|p1b: Annihilape|atk|2
|switch|p2a: Sinistcha|Sinistcha, L50|100/100
|move|p1b: Annihilape|Phantom Force|p2b: Incineroar|[from] lockedmove
|-resisted|p2b: Incineroar|1
|-damage|p2b: Incineroar|66/100
|
|upkeep
|turn|4
|j|+Idyll
|inactive|Sven has 30 seconds left.
|inactive|xmarsh has 30 seconds left.
|inactive|xmarsh has 20 seconds left.
|inactive|xmarsh has 15 seconds left.
|inactive|Sven has 20 seconds left.
|inactive|xmarsh has 10 seconds left.
|inactive|Sven has 15 seconds left.
|inactive|xmarsh has 5 seconds left.
|
|t:|1783867328
|detailschange|p1a: Charizard|Charizard-Mega-Y, L50, M
|-mega|p1a: Charizard|Charizard|Charizardite Y
|-weather|SunnyDay|[from] ability: Drought|[of] p1a: Charizard
|move|p1b: Annihilape|Protect|p1b: Annihilape
|-singleturn|p1b: Annihilape|Protect
|move|p1a: Charizard|Weather Ball|p2a: Sinistcha
|-supereffective|p2a: Sinistcha|1
|-damage|p2a: Sinistcha|0 fnt
|faint|p2a: Sinistcha
|move|p2b: Incineroar|Flare Blitz|p1b: Annihilape
|-activate|p1b: Annihilape|move: Protect
|
|-weather|SunnyDay|[upkeep]
|upkeep
|l| thacrow
|
|t:|1783867343
|switch|p2a: Delphox|Delphox-Mega, L50, M|100/100
|turn|5
|l| val16
|
|t:|1783867361
|move|p2a: Delphox|Heat Wave|p1b: Annihilape|[spread] p1a,p1b
|-resisted|p1a: Charizard|1
|-damage|p1a: Charizard|73/100
|-damage|p1b: Annihilape|34/100
|move|p1b: Annihilape|Close Combat|p2b: Incineroar
|-supereffective|p2b: Incineroar|1
|-damage|p2b: Incineroar|0 fnt
|-unboost|p1b: Annihilape|def|1
|-unboost|p1b: Annihilape|spd|1
|faint|p2b: Incineroar
|move|p1a: Charizard|Weather Ball|p2a: Delphox
|-resisted|p2a: Delphox|1
|-damage|p2a: Delphox|57/100
|
|-weather|SunnyDay|[upkeep]
|upkeep
|
|t:|1783867366
|switch|p2b: Sneasler|Sneasler, L50, F|59/100
|turn|6
|
|t:|1783867379
|switch|p1a: Incineroar|Incineroar, L50, F|100/100
|-ability|p1a: Incineroar|Intimidate|boost
|-unboost|p2a: Delphox|atk|1
|-unboost|p2b: Sneasler|atk|1
|move|p2a: Delphox|Heat Wave|p1a: Incineroar|[spread] p1a,p1b
|-resisted|p1a: Incineroar|1
|-damage|p1a: Incineroar|72/100
|-damage|p1b: Annihilape|0 fnt
|faint|p1b: Annihilape
|move|p2b: Sneasler|Poison Jab|p1a: Incineroar
|-damage|p1a: Incineroar|50/100g
|
|-weather|SunnyDay|[upkeep]
|upkeep
|
|t:|1783867386
|switch|p1b: Garchomp|Garchomp, L50, F|34/100 psn
|turn|7
|inactive|xmarsh has 30 seconds left.
|inactive|xmarsh has 20 seconds left.
|inactive|xmarsh has 15 seconds left.
|j| thacrow
|j| ButterFishAndChips
|inactive|xmarsh has 10 seconds left.
|
|t:|1783867435
|move|p2b: Sneasler|Quick Guard|p2b: Sneasler
|-singleturn|p2b: Sneasler|Quick Guard
|move|p1b: Garchomp|Stomping Tantrum|p2b: Sneasler
|-supereffective|p2b: Sneasler|1
|-damage|p2b: Sneasler|0 fnt
|faint|p2b: Sneasler
|move|p2a: Delphox|Heat Wave|p1a: Incineroar|[spread] p1a
|-miss|p2a: Delphox|p1b: Garchomp
|-resisted|p1a: Incineroar|1
|-damage|p1a: Incineroar|26/100
|-enditem|p1a: Incineroar|Sitrus Berry|[eat]
|-heal|p1a: Incineroar|50/100g|[from] item: Sitrus Berry
|move|p1a: Incineroar|Throat Chop|p2a: Delphox
|-supereffective|p2a: Delphox|1
|-damage|p2a: Delphox|0 fnt
|faint|p2a: Delphox
|
|win|Sven
|c|☆Sven|gg
|c|☆xmarsh|gg
|l|☆xmarsh
|player|p2|
|l| StarCalyrex
|l| thacrow
|l| Terekusai
|l| LogIce
|j| LogIce
