|j|☆gengur
|j|☆lettitripppp
|html|gengurlettitripppp    
|uhtml|bestof|Game 2 of a best-of-3
|t:|1783896459
|gametype|doubles
|player|p1|gengur|169|1278
|player|p2|lettitripppp|lucas|1329
|gen|9
|tier|[Gen 9 Champions] VGC 2026 Reg M-B (Bo3)
|rated|
|rule|Species Clause: Limit one of each Pokémon
|rule|Item Clause: Limit 1 of each item
|clearpoke
|poke|p1|Blaziken, L50, M|
|poke|p1|Venusaur, L50, M|
|poke|p1|Ninetales-Alola, L50, F|
|poke|p1|Lycanroc-Dusk, L50, F|
|poke|p1|Kingambit, L50, M|
|poke|p1|Basculegion, L50, M|
|poke|p2|Charizard, L50, M|
|poke|p2|Floette-Eternal, L50, F|
|poke|p2|Basculegion, L50, M|
|poke|p2|Whimsicott, L50, F, shiny|
|poke|p2|Garchomp, L50, F, shiny|
|poke|p2|Kingambit, L50, F, shiny|
|teampreview|4
|showteam|p1|Blaziken||Blazikenite|SpeedBoost|CloseCombat,FlareBlitz,StoneEdge,Detect|Adamant||M|||50|]Venusaur||Venusaurite|Chlorophyll|GigaDrain,SludgeBomb,EarthPower,Protect|Modest||M|||50|]Ninetales-Alola||NeverMeltIce|SnowWarning|Protect,FreezeDry,Blizzard,Encore|Timid||F|||50|]Lycanroc-Dusk||FocusSash|ToughClaws|Accelerock,RockSlide,CloseCombat,Protect|Adamant||F|||50|]Kingambit||LifeOrb|Defiant|KowtowCleave,SuckerPunch,IronHead,Protect|Adamant||M|||50|]Basculegion||ChoiceScarf|Adaptability|WaveCrash,LastRespects,FlipTurn,AquaJet|Jolly||M|||50|
|showteam|p2|Charizard||CharizarditeY|Blaze|WeatherBall,SolarBeam,HeatWave,Protect|Modest||M|||50|]Floette-Eternal||Floettite|FlowerVeil|DazzlingGleam,LightofRuin,Moonblast,Protect|Modest||F|||50|]Basculegion||MysticWater|Adaptability|LastRespects,WaveCrash,AquaJet,Protect|Adamant||M|||50|]Whimsicott||FocusSash|Prankster|Moonblast,Tailwind,Encore,Protect|Timid||F|||50|]Garchomp||LifeOrb|RoughSkin|DragonClaw,Earthquake,RockSlide,Protect|Jolly||F|||50|]Kingambit||ChopleBerry|Defiant|KowtowCleave,SuckerPunch,IronHead,LowKick|Adamant||F|||50|
|inactive|Battle timer is ON: inactive players will automatically lose when time's up. (requested by lettitripppp)
|inactive|gengur has 60 seconds left.
|
|t:|1783896499
|teamsize|p1|4
|teamsize|p2|4
|start
|switch|p1a: Venusaur|Venusaur, L50, M|100/100
|switch|p1b: Kingambit|Kingambit, L50, M|100/100
|switch|p2a: GHOSTWAVE|Basculegion, L50, M|100/100
|switch|p2b: LETS GO GO|Whimsicott, L50, F, shiny|100/100
|turn|1
|
|t:|1783896512
|detailschange|p1a: Venusaur|Venusaur-Mega, L50, M
|-mega|p1a: Venusaur|Venusaur|Venusaurite
|move|p2a: GHOSTWAVE|Aqua Jet|p1b: Kingambit
|-damage|p1b: Kingambit|78/100
|move|p1b: Kingambit|Sucker Punch||[still]
|-fail|p1b: Kingambit
|move|p2b: LETS GO GO|Moonblast|p1b: Kingambit
|-damage|p1b: Kingambit|51/100
|move|p1a: Venusaur|Sludge Bomb|p2b: LETS GO GO
|-supereffective|p2b: LETS GO GO|2
|-enditem|p2b: LETS GO GO|Focus Sash
|-damage|p2b: LETS GO GO|1/100
|
|upkeep
|turn|2
|
|t:|1783896527
|move|p2a: GHOSTWAVE|Protect|p2a: GHOSTWAVE
|-singleturn|p2a: GHOSTWAVE|Protect
|move|p2b: LETS GO GO|Tailwind|p2b: LETS GO GO
|-sidestart|p2: lettitripppp|move: Tailwind
|move|p1b: Kingambit|Sucker Punch||[still]
|-fail|p1b: Kingambit
|move|p1a: Venusaur|Sludge Bomb|p2b: LETS GO GO
|-supereffective|p2b: LETS GO GO|2
|-damage|p2b: LETS GO GO|0 fnt
|faint|p2b: LETS GO GO
|
|upkeep
|
|t:|1783896535
|switch|p2b: CRUSH SHARK|Garchomp, L50, F, shiny|100/100
|turn|3
|
|t:|1783896555
|move|p1b: Kingambit|Protect|p1b: Kingambit
|-singleturn|p1b: Kingambit|Protect
|move|p2b: CRUSH SHARK|Earthquake|p1a: Venusaur|[spread] p2a,p1a
|-activate|p1b: Kingambit|move: Protect
|-damage|p2a: GHOSTWAVE|41/100
|-damage|p1a: Venusaur|62/100
|-damage|p2b: CRUSH SHARK|90/100|[from] item: Life Orb
|move|p2a: GHOSTWAVE|Last Respects|p1a: Venusaur
|-damage|p1a: Venusaur|16/100
|move|p1a: Venusaur|Giga Drain|p2b: CRUSH SHARK
|-damage|p2b: CRUSH SHARK|47/100
|-heal|p1a: Venusaur|37/100|[from] drain|[of] p2b: CRUSH SHARK
|
|upkeep
|turn|4
|
|t:|1783896579
|move|p1a: Venusaur|Protect|p1a: Venusaur
|-singleturn|p1a: Venusaur|Protect
|move|p1b: Kingambit|Sucker Punch|p2b: CRUSH SHARK
|-damage|p2b: CRUSH SHARK|0 fnt
|-damage|p1b: Kingambit|39/100|[from] ability: Rough Skin|[of] p2b: CRUSH SHARK
|faint|p2b: CRUSH SHARK
|-damage|p1b: Kingambit|29/100|[from] item: Life Orb
|move|p2a: GHOSTWAVE|Wave Crash|p1b: Kingambit
|-damage|p1b: Kingambit|0 fnt
|faint|p1b: Kingambit
|-damage|p2a: GHOSTWAVE|31/100|[from] Recoil
|
|upkeep
|
|t:|1783896595
|switch|p2b: GENERAL BLADUS|Kingambit, L50, F, shiny|100/100
|switch|p1b: Ninetales|Ninetales-Alola, L50, F|100/100
|-weather|Snowscape|[from] ability: Snow Warning|[of] p1b: Ninetales
|turn|5
|
|t:|1783896613
|move|p2a: GHOSTWAVE|Last Respects|p1a: Venusaur
|-damage|p1a: Venusaur|0 fnt
|faint|p1a: Venusaur
|move|p1b: Ninetales|Blizzard|p2a: GHOSTWAVE|[spread] p2a,p2b
|-resisted|p2a: GHOSTWAVE|1
|-resisted|p2b: GENERAL BLADUS|1
|-crit|p2b: GENERAL BLADUS
|-damage|p2a: GHOSTWAVE|12/100
|-damage|p2b: GENERAL BLADUS|74/100
|move|p2b: GENERAL BLADUS|Iron Head|p1b: Ninetales
|-supereffective|p1b: Ninetales|2
|-damage|p1b: Ninetales|0 fnt
|faint|p1b: Ninetales
|
|-weather|Snowscape|[upkeep]
|-sideend|p2: lettitripppp|move: Tailwind
|upkeep
|
|t:|1783896622
|switch|p1b: Basculegion|Basculegion, L50, M|100/100
|turn|6
|
|t:|1783896633
|move|p1b: Basculegion|Last Respects|p2b: GENERAL BLADUS
|-resisted|p2b: GENERAL BLADUS|1
|-damage|p2b: GENERAL BLADUS|25/100
|move|p2a: GHOSTWAVE|Last Respects|p1b: Basculegion
|-supereffective|p1b: Basculegion|1
|-damage|p1b: Basculegion|0 fnt
|faint|p1b: Basculegion
|
|win|lettitripppp
|raw|gengur's rating: 1278 → 1257(-21 for losing)
|raw|lettitripppp's rating: 1329 → 1346(+17 for winning)
|l|☆gengur
|player|p1|
