|j|☆JDawg373
|j|☆Gentlefish
|html|JDawg373Gentlefish    
|uhtml|bestof|Game 1 of a best-of-3
|t:|1756756849
|gametype|doubles
|player|p1|JDawg373|shadowtriad|1067
|player|p2|Gentlefish|burglar-gen1rb|1042
|gen|9
|tier|[Gen 9] VGC 2025 Reg H (Bo3)
|rated|
|rule|Species Clause: Limit one of each Pokémon
|rule|Item Clause: Limit 1 of each item
|clearpoke
|poke|p1|Sneasler, L50, M|
|poke|p1|Ursaluna, L50, M|
|poke|p1|Archaludon, L50, M|
|poke|p1|Incineroar, L50, F|
|poke|p1|Farigiraf, L50, F|
|poke|p1|Primarina, L50, F|
|poke|p2|Garchomp, L50, M|
|poke|p2|Weezing-Galar, L50, F|
|poke|p2|Archaludon, L50, F|
|poke|p2|Gholdengo, L50|
|poke|p2|Talonflame, L50, M|
|poke|p2|Annihilape, L50, M|
|teampreview|4
|showteam|p1|Sneasler||FocusSash|PoisonTouch|DireClaw,CloseCombat,FakeOut,Toxic|||M|||50|,,,,,Stellar]Ursaluna||FlameOrb|Guts|Facade,Protect,HeadlongRush,PlayRough|||M|||50|,,,,,Ghost]Archaludon||PowerHerb|Stalwart|ElectroShot,DracoMeteor,FlashCannon,Thunderbolt|||M|||50|,,,,,Electric]Incineroar||SafetyGoggles|Intimidate|FlareBlitz,FakeOut,KnockOff,PartingShot|||F|||50|,,,,,Ghost]Farigiraf||ThroatSpray|ArmorTail|Crunch,HyperVoice,TrickRoom,DazzlingGleam|||F|||50|,,,,,Fairy]Primarina||Leftovers|LiquidVoice|HyperVoice,LifeDew,FlipTurn,DazzlingGleam|||F|||50|,,,,,Grass
|showteam|p2|Garchomp||LifeOrb|RoughSkin|DragonClaw,Earthquake,StompingTantrum,Protect|||M|||50|,,,,,Ground]Weezing-Galar||FocusSash|NeutralizingGas|Protect,SludgeBomb,Taunt,StrangeSteam|||F|||50|,,,,,Flying]Archaludon||PowerHerb|Sturdy|ElectroShot,Thunderbolt,DracoMeteor,Protect|||F|||50|,,,,,Electric]Gholdengo||ChoiceSpecs|GoodasGold|ShadowBall,DazzlingGleam,PowerGem,MakeItRain||||||50|,,,,,Fairy]Talonflame||CovertCloak|GaleWings|Tailwind,DualWingbeat,Taunt,FlareBlitz|||M|||50|,,,,,Stellar]Annihilape||AssaultVest|Defiant|CloseCombat,RageFist,FinalGambit,IcePunch|||M|||50|,,,,,Grass
|
|t:|1756756939
|teamsize|p1|4
|teamsize|p2|4
|start
|switch|p1a: Ursaluna|Ursaluna, L50, M|100/100
|switch|p1b: Incineroar|Incineroar, L50, F|100/100
|switch|p2a: Talonflame|Talonflame, L50, M|100/100
|switch|p2b: Annihilape|Annihilape, L50, M|100/100
|-ability|p1b: Incineroar|Intimidate|boost
|-unboost|p2a: Talonflame|atk|1
|-unboost|p2b: Annihilape|atk|1
|-ability|p2b: Annihilape|Defiant|boost
|-boost|p2b: Annihilape|atk|2
|turn|1
|inactive|Battle timer is ON: inactive players will automatically lose when time's up. (requested by JDawg373)
|inactive|Gentlefish has 60 seconds left.
|inactive|Gentlefish has 30 seconds left.
|
|t:|1756757001
|switch|p2a: Weezing|Weezing-Galar, L50, F|100/100
|-ability|p2a: Weezing|Neutralizing Gas
|-terastallize|p2b: Annihilape|Grass
|move|p1b: Incineroar|Fake Out|p2a: Weezing
|-damage|p2a: Weezing|85/100
|move|p2b: Annihilape|Close Combat|p1b: Incineroar
|-supereffective|p1b: Incineroar
|-damage|p1b: Incineroar|0 fnt
|-unboost|p2b: Annihilape|def|1
|-unboost|p2b: Annihilape|spd|1
|faint|p1b: Incineroar
|move|p1a: Ursaluna|Headlong Rush|p2b: Annihilape
|-resisted|p2b: Annihilape
|-damage|p2b: Annihilape|41/100
|-unboost|p1a: Ursaluna|def|1
|-unboost|p1a: Ursaluna|spd|1
|
|-status|p1a: Ursaluna|brn|[from] item: Flame Orb
|upkeep
|
|t:|1756757025
|switch|p1b: Archaludon|Archaludon, L50, M|100/100
|turn|2
|inactive|Gentlefish has 30 seconds left.
|
|t:|1756757055
|-terastallize|p1b: Archaludon|Electric
|move|p2a: Weezing|Protect|p2a: Weezing
|-singleturn|p2a: Weezing|Protect
|move|p2b: Annihilape|Close Combat|p1b: Archaludon
|-damage|p1b: Archaludon|33/100
|-unboost|p2b: Annihilape|def|1
|-unboost|p2b: Annihilape|spd|1
|move|p1b: Archaludon|Electro Shot||[still]
|-prepare|p1b: Archaludon|Electro Shot
|-boost|p1b: Archaludon|spa|1
|-enditem|p1b: Archaludon|Power Herb
|-anim|p1b: Archaludon|Electro Shot|p2a: Weezing
|-activate|p2a: Weezing|move: Protect
|move|p1a: Ursaluna|Facade|p2b: Annihilape
|-damage|p2b: Annihilape|0 fnt
|faint|p2b: Annihilape
|
|-damage|p1a: Ursaluna|95/100 brn|[from] brn
|upkeep
|inactive|Gentlefish has 30 seconds left.
|
|t:|1756757082
|switch|p2b: Talonflame|Talonflame, L50, M|100/100
|turn|3
|
|t:|1756757111
|switch|p1a: Farigiraf|Farigiraf, L50, F|100/100
|move|p2b: Talonflame|Flare Blitz|p1b: Archaludon
|-damage|p1b: Archaludon|0 fnt
|faint|p1b: Archaludon
|-damage|p2b: Talonflame|89/100|[from] Recoil
|move|p2a: Weezing|Strange Steam|p1a: Farigiraf|[miss]
|-miss|p2a: Weezing|p1a: Farigiraf
|
|upkeep
|
|t:|1756757121
|switch|p1b: Ursaluna|Ursaluna, L50, M|95/100 brn
|turn|4
|
|t:|1756757138
|move|p2b: Talonflame|Taunt|p1a: Farigiraf
|-start|p1a: Farigiraf|move: Taunt
|move|p2a: Weezing|Strange Steam|p1b: Ursaluna
|-damage|p1b: Ursaluna|57/100 brn
|-start|p1b: Ursaluna|confusion
|move|p1a: Farigiraf|Hyper Voice|p2b: Talonflame|[spread] p2a,p2b
|-damage|p2a: Weezing|42/100
|-damage|p2b: Talonflame|53/100
|-enditem|p1a: Farigiraf|Throat Spray
|-boost|p1a: Farigiraf|spa|1|[from] item: Throat Spray
|-activate|p1b: Ursaluna|confusion
|-damage|p1b: Ursaluna|45/100 brn|[from] confusion
|
|-damage|p1b: Ursaluna|39/100 brn|[from] brn
|upkeep
|turn|5
|
|t:|1756757157
|move|p2b: Talonflame|Flare Blitz|p1a: Farigiraf
|-damage|p1a: Farigiraf|50/100
|-damage|p2b: Talonflame|28/100|[from] Recoil
|move|p2a: Weezing|Strange Steam|p1a: Farigiraf
|-crit|p1a: Farigiraf
|-damage|p1a: Farigiraf|12/100
|move|p1a: Farigiraf|Hyper Voice|p2a: Weezing|[spread] p2a,p2b
|-damage|p2a: Weezing|0 fnt
|-damage|p2b: Talonflame|0 fnt
|faint|p2a: Weezing
|-end|p2a: Weezing|ability: Neutralizing Gas
|faint|p2b: Talonflame
|-end|p1b: Ursaluna|confusion
|move|p1b: Ursaluna|Headlong Rush|p2: Weezing|[notarget]
|-fail|p1b: Ursaluna
|
|-damage|p1b: Ursaluna|33/100 brn|[from] brn
|upkeep
|
|t:|1756757161
|switch|p2a: Garchomp|Garchomp, L50, M|100/100
|turn|6
|
|t:|1756757176
|move|p2a: Garchomp|Earthquake|p1b: Ursaluna|[spread] p1a,p1b
|-damage|p1a: Farigiraf|0 fnt
|-damage|p1b: Ursaluna|0 fnt
|faint|p1a: Farigiraf
|faint|p1b: Ursaluna
|-damage|p2a: Garchomp|91/100|[from] item: Life Orb
|
|win|Gentlefish
||Gentlefish is ready for game 2.
||JDawg373 is ready for game 2.
|uhtml|next|Next: Game 2 of 3
|l|☆JDawg373
|player|p1|
