|j|☆palle synchro
|j|☆ronansting
|html|palle synchroronansting    
|uhtml|bestof|Game 2 of a best-of-3
|t:|1754230431
|gametype|doubles
|player|p1|palle synchro|volkner|1283
|player|p2|ronansting|baker|1290
|gen|9
|tier|[Gen 9] VGC 2025 Reg H (Bo3)
|rated|
|rule|Species Clause: Limit one of each Pokémon
|rule|Item Clause: Limit 1 of each item
|clearpoke
|poke|p1|Whimsicott, L50, M|
|poke|p1|Arcanine-Hisui, L50, F|
|poke|p1|Indeedee, L50, M|
|poke|p1|Sneasler, L50, M|
|poke|p1|Ursaluna-Bloodmoon, L50, M|
|poke|p1|Archaludon, L50, F|
|poke|p2|Archaludon, L50, M|
|poke|p2|Pelipper, L50, F|
|poke|p2|Indeedee, L50, M|
|poke|p2|Amoonguss, L50, M|
|poke|p2|Basculegion, L50, M|
|poke|p2|Hydreigon, L50, F|
|teampreview|4
|showteam|p1|Whimsicott||CovertCloak|Prankster|Moonblast,Taunt,Tailwind,FakeTears|||M|||50|,,,,,Water]Arcanine-Hisui||ClearAmulet|Intimidate|FlareBlitz,RockSlide,HeadSmash,Protect|||F|||50|,,,,,Ghost]Indeedee||FocusSash|PsychicSurge|ExpandingForce,TeraBlast,Imprison,TrickRoom|||M|||50|,,,,,Psychic]Sneasler||PsychicSeed|Unburden|CloseCombat,DireClaw,ThroatChop,Protect|||M|||50|,,,,,Dark]Ursaluna-Bloodmoon||LifeOrb|MindsEye|HyperVoice,BloodMoon,EarthPower,Protect|||M|||50|,,,,,Normal]Archaludon||PowerHerb|Sturdy|ElectroShot,DragonPulse,Thunderbolt,Protect|||F|||50|,,,,,Electric
|showteam|p2|Archaludon||AssaultVest|Stamina|ElectroShot,DracoMeteor,BodyPress,FlashCannon|||M|||50|,,,,,Grass]Pelipper||FocusSash|Drizzle|WeatherBall,Hurricane,Tailwind,Protect|||F|||50|,,,,,Ghost]Indeedee||ChoiceScarf|PsychicSurge|ExpandingForce,TeraBlast,Trick,DazzlingGleam|||M|||50|,,,,,Ground]Amoonguss||SitrusBerry|Regenerator|Spore,SludgeBomb,Protect,RagePowder|||M|||50|,,,,,Water]Basculegion||ChoiceBand|SwiftSwim|FlipTurn,WaveCrash,LastRespects,AquaJet|||M|||50|,,,,,Poison]Hydreigon||CovertCloak|Levitate|Taunt,Snarl,DracoMeteor,EarthPower|||F|||50|,,,,,Ghost
|
|t:|1754230450
|teamsize|p1|4
|teamsize|p2|4
|start
|switch|p1a: Indeedee|Indeedee, L50, M|100/100
|switch|p1b: Sneasler|Sneasler, L50, M|100/100
|switch|p2a: Empire|Basculegion, L50, M|100/100
|switch|p2b: Schmooner|Amoonguss, L50, M|100/100
|-fieldstart|move: Psychic Terrain|[from] ability: Psychic Surge|[of] p1a: Indeedee
|-enditem|p1b: Sneasler|Psychic Seed
|-boost|p1b: Sneasler|spd|1|[from] item: Psychic Seed
|turn|1
|
|t:|1754230473
|switch|p2b: Smellypper|Pelipper, L50, F|100/100
|-weather|RainDance|[from] ability: Drizzle|[of] p2b: Smellypper
|-terastallize|p1a: Indeedee|Psychic
|-terastallize|p2a: Empire|Poison
|move|p1b: Sneasler|Throat Chop|p2a: Empire
|-damage|p2a: Empire|65/100
|-start|p2a: Empire|Throat Chop|[silent]
|move|p2a: Empire|Wave Crash|p1b: Sneasler
|-damage|p1b: Sneasler|0 fnt
|faint|p1b: Sneasler
|-damage|p2a: Empire|39/100|[from] Recoil
|move|p1a: Indeedee|Expanding Force|p2b: Smellypper|[spread] p2a,p2b
|-supereffective|p2a: Empire
|-damage|p2a: Empire|0 fnt
|-enditem|p2b: Smellypper|Focus Sash
|-damage|p2b: Smellypper|1/100
|faint|p2a: Empire
|
|-weather|RainDance|[upkeep]
|upkeep
|
|t:|1754230489
|switch|p1b: Whimsicott|Whimsicott, L50, M|100/100
|switch|p2a: Arching|Archaludon, L50, M|100/100
|turn|2
|
|t:|1754230501
|move|p2b: Smellypper|Protect|p2b: Smellypper
|-singleturn|p2b: Smellypper|Protect
|move|p1b: Whimsicott|Moonblast|p2a: Arching
|-damage|p2a: Arching|83/100
|-ability|p2a: Arching|Stamina|boost
|-boost|p2a: Arching|def|1
|move|p1a: Indeedee|Expanding Force|p2b: Smellypper|[spread] p2a
|-activate|p2b: Smellypper|move: Protect
|-resisted|p2a: Arching
|-damage|p2a: Arching|62/100
|-ability|p2a: Arching|Stamina|boost
|-boost|p2a: Arching|def|1
|move|p2a: Arching|Electro Shot||[still]
|-prepare|p2a: Arching|Electro Shot
|-boost|p2a: Arching|spa|1
|-anim|p2a: Arching|Electro Shot|p1a: Indeedee
|-damage|p1a: Indeedee|24/100
|
|-weather|RainDance|[upkeep]
|upkeep
|turn|3
|
|t:|1754230520
|move|p1b: Whimsicott|Moonblast|p2a: Arching
|-damage|p2a: Arching|43/100
|-ability|p2a: Arching|Stamina|boost
|-boost|p2a: Arching|def|1
|move|p1a: Indeedee|Expanding Force|p2b: Smellypper|[spread] p2a,p2b
|-resisted|p2a: Arching
|-damage|p2a: Arching|20/100
|-damage|p2b: Smellypper|0 fnt
|-ability|p2a: Arching|Stamina|boost
|-boost|p2a: Arching|def|1
|faint|p2b: Smellypper
|move|p2a: Arching|Electro Shot||[still]
|-prepare|p2a: Arching|Electro Shot
|-boost|p2a: Arching|spa|1
|-anim|p2a: Arching|Electro Shot|p1a: Indeedee
|-damage|p1a: Indeedee|0 fnt
|faint|p1a: Indeedee
|
|-weather|RainDance|[upkeep]
|upkeep
|
|t:|1754230534
|switch|p1a: Archaludon|Archaludon, L50, F|100/100
|switch|p2b: Schmooner|Amoonguss, L50, M|100/100
|turn|4
|
|t:|1754230550
|move|p2b: Schmooner|Rage Powder|p2b: Schmooner
|-singleturn|p2b: Schmooner|move: Rage Powder
|move|p1b: Whimsicott|Taunt|p2b: Schmooner
|-activate|p2b: Schmooner|move: Psychic Terrain
|move|p1a: Archaludon|Dragon Pulse|p2b: Schmooner
|-damage|p2b: Schmooner|64/100
|move|p2a: Arching|Flash Cannon|p1b: Whimsicott
|-supereffective|p1b: Whimsicott
|-damage|p1b: Whimsicott|0 fnt
|faint|p1b: Whimsicott
|
|-weather|RainDance|[upkeep]
|upkeep
|turn|5
|
|t:|1754230566
|move|p2b: Schmooner|Rage Powder|p2b: Schmooner
|-singleturn|p2b: Schmooner|move: Rage Powder
|move|p1a: Archaludon|Dragon Pulse|p2b: Schmooner
|-damage|p2b: Schmooner|23/100
|-enditem|p2b: Schmooner|Sitrus Berry|[eat]
|-heal|p2b: Schmooner|48/100|[from] item: Sitrus Berry
|move|p2a: Arching|Body Press|p1a: Archaludon
|-supereffective|p1a: Archaludon
|-ability|p1a: Archaludon|Sturdy
|-damage|p1a: Archaludon|1/100
|
|-weather|none
|-fieldend|move: Psychic Terrain
|upkeep
|turn|6
|
|t:|1754230578
|move|p2b: Schmooner|Rage Powder|p2b: Schmooner
|-singleturn|p2b: Schmooner|move: Rage Powder
|move|p1a: Archaludon|Dragon Pulse|p2b: Schmooner
|-damage|p2b: Schmooner|11/100
|move|p2a: Arching|Body Press|p1a: Archaludon
|-supereffective|p1a: Archaludon
|-damage|p1a: Archaludon|0 fnt
|faint|p1a: Archaludon
|
|win|ronansting
|raw|palle synchro's rating: 1283 → 1259(-24 for losing)
|raw|ronansting's rating: 1290 → 1314(+24 for winning)
