|j|☆Lightning7157
|j|☆grandsabersharkrai
|html|Lightning7157grandsabersharkrai    
|uhtml|bestof|Game 2 of a best-of-3
|t:|1783363782
|gametype|doubles
|player|p1|Lightning7157|lucas|1017
|player|p2|grandsabersharkrai|101|1138
|gen|9
|tier|[Gen 9 Champions] VGC 2026 Reg M-B (Bo3)
|rated|
|rule|Species Clause: Limit one of each Pokémon
|rule|Item Clause: Limit 1 of each item
|clearpoke
|poke|p1|Glimmora, L50, M, shiny|
|poke|p1|Toxapex, L50, M|
|poke|p1|Sableye, L50, M, shiny|
|poke|p1|Ninetales-Alola, L50, M, shiny|
|poke|p1|Gyarados, L50, M|
|poke|p1|Garchomp, L50, M|
|poke|p2|Floette-Eternal, L50, F|
|poke|p2|Charizard, L50, M, shiny|
|poke|p2|Basculegion, L50, M|
|poke|p2|Kingambit, L50, F, shiny|
|poke|p2|Whimsicott, L50, F, shiny|
|poke|p2|Garchomp, L50, F|
|teampreview|4
|showteam|p1|Glimmora||Glimmoranite|Corrosion|PowerGem,SpikyShield,SludgeBomb,EarthPower|Timid||M|||50|]Toxapex||Leftovers|Regenerator|BanefulBunker,ToxicSpikes,Toxic,MuddyWater|Relaxed||M|||50|]Sableye||LightClay|Prankster|WillOWisp,Reflect,LightScreen,FakeOut|Relaxed||M|||50|]Ninetales-Alola||NeverMeltIce|SnowWarning|Blizzard,Protect,AuroraVeil,Moonblast|Timid||M|||50|]Gyarados||SitrusBerry|Intimidate|Waterfall,DragonDance,Bounce,Protect|Adamant||M|||50|]Garchomp||Garchompite|RoughSkin|DragonClaw,RockSlide,StompingTantrum,PoisonJab|Jolly||M|||50|
|showteam|p2|Floette-Eternal||Floettite|FlowerVeil|Protect,DazzlingGleam,Moonblast,LightofRuin|Modest||F|||50|]Charizard||CharizarditeY|Blaze|Protect,HeatWave,WeatherBall,SolarBeam|Modest||M|||50|]Basculegion||ChoiceScarf|Adaptability|FlipTurn,WaveCrash,LastRespects,AquaJet|Jolly||M|||50|]Kingambit||OccaBerry|Defiant|Protect,KowtowCleave,IronHead,SuckerPunch|Adamant||F|||50|]Whimsicott||FocusSash|Prankster|Protect,Moonblast,Encore,Tailwind|Timid||F|||50|]Garchomp||HabanBerry|RoughSkin|Protect,Earthquake,DragonClaw,RockSlide|Jolly||F|||50|
|inactive|Battle timer is ON: inactive players will automatically lose when time's up. (requested by Lightning7157)
|
|t:|1783363849
|teamsize|p1|4
|teamsize|p2|4
|start
|switch|p1a: Toxapex|Toxapex, L50, M|100/100
|switch|p1b: Sableye|Sableye, L50, M, shiny|100/100
|switch|p2a: Basculegion|Basculegion, L50, M|100/100
|switch|p2b: Kingambit|Kingambit, L50, F, shiny|100/100
|turn|1
|inactive|grandsabersharkrai has 30 seconds left.
|
|t:|1783363876
|switch|p2a: Whimsicott|Whimsicott, L50, F, shiny|100/100
|move|p1b: Sableye|Reflect|p1b: Sableye
|-sidestart|p1: Lightning7157|Reflect
|move|p2b: Kingambit|Kowtow Cleave|p1b: Sableye
|-damage|p1b: Sableye|65/100
|move|p1a: Toxapex|Toxic Spikes|p2b: Kingambit
|-sidestart|p2: grandsabersharkrai|move: Toxic Spikes
|
|upkeep
|turn|2
|inactive|Lightning7157 has 30 seconds left.
|
|t:|1783363903
|move|p2a: Whimsicott|Encore|p1a: Toxapex
|-start|p1a: Toxapex|Encore
|move|p1b: Sableye|Will-O-Wisp|p2a: Whimsicott
|-status|p2a: Whimsicott|brn
|move|p2b: Kingambit|Kowtow Cleave|p1a: Toxapex
|-damage|p1a: Toxapex|76/100
|move|p1a: Toxapex|Toxic Spikes|p2b: Kingambit
|-sidestart|p2: grandsabersharkrai|move: Toxic Spikes
|
|-heal|p1a: Toxapex|81/100|[from] item: Leftovers
|-damage|p2a: Whimsicott|94/100 brn|[from] brn
|upkeep
|turn|3
|
|t:|1783363922
|-heal|p1a: Toxapex|100/100|[from] ability: Regenerator|[silent]
|switch|p1a: Garchomp|Garchomp, L50, M|100/100
|move|p1b: Sableye|Light Screen|p1b: Sableye
|-sidestart|p1: Lightning7157|move: Light Screen
|move|p2a: Whimsicott|Moonblast|p1b: Sableye
|-supereffective|p1b: Sableye|1
|-damage|p1b: Sableye|1/100
|move|p2b: Kingambit|Kowtow Cleave|p1a: Garchomp
|-damage|p1a: Garchomp|67/100
|-damage|p2b: Kingambit|87/100|[from] ability: Rough Skin|[of] p1a: Garchomp
|
|-damage|p2a: Whimsicott|88/100 brn|[from] brn
|upkeep
|turn|4
|
|t:|1783363946
|switch|p1b: Glimmora|Glimmora, L50, M, shiny|100/100
|detailschange|p1a: Garchomp|Garchomp-Mega, L50, M
|-mega|p1a: Garchomp|Garchomp|Garchompite
|move|p2b: Kingambit|Sucker Punch|p1a: Garchomp
|-damage|p1a: Garchomp|42/100
|move|p2a: Whimsicott|Moonblast|p1a: Garchomp
|-supereffective|p1a: Garchomp|1
|-damage|p1a: Garchomp|0 fnt
|faint|p1a: Garchomp
|
|-damage|p2a: Whimsicott|82/100 brn|[from] brn
|upkeep
|
|t:|1783363958
|switch|p1a: Toxapex|Toxapex, L50, M|100/100
|turn|5
|
|t:|1783363977
|move|p2a: Whimsicott|Tailwind|p2a: Whimsicott
|-sidestart|p2: grandsabersharkrai|move: Tailwind
|move|p1b: Glimmora|Sludge Bomb|p2a: Whimsicott
|-supereffective|p2a: Whimsicott|2
|-damage|p2a: Whimsicott|0 fnt
|faint|p2a: Whimsicott
|move|p2b: Kingambit|Iron Head|p1b: Glimmora
|-supereffective|p1b: Glimmora|1
|-damage|p1b: Glimmora|27/100
|move|p1a: Toxapex|Muddy Water|p2b: Kingambit|[miss]
|-miss|p1a: Toxapex|p2b: Kingambit
|
|upkeep
|
|t:|1783363990
|switch|p2a: Floette|Floette-Eternal, L50, F|100/100
|-status|p2a: Floette|tox
|turn|6
|
|t:|1783364007
|detailschange|p2a: Floette|Floette-Mega, L50, F
|-mega|p2a: Floette|Floette|Floettite
|-ability|p2a: Floette|Fairy Aura
|move|p1a: Toxapex|Baneful Bunker|p1a: Toxapex
|-singleturn|p1a: Toxapex|move: Protect
|move|p2a: Floette|Moonblast|p1b: Glimmora
|-resisted|p1b: Glimmora|1
|-damage|p1b: Glimmora|0 fnt
|faint|p1b: Glimmora
|move|p2b: Kingambit|Kowtow Cleave|p1a: Toxapex
|-activate|p1a: Toxapex|move: Protect
|
|-damage|p2a: Floette|94/100 tox|[from] psn
|upkeep
|
|t:|1783364020
|switch|p1b: Sableye|Sableye, L50, M, shiny|1/100
|turn|7
|
|t:|1783364032
|move|p1b: Sableye|Fake Out|p2a: Floette
|-damage|p2a: Floette|85/100 tox
|cant|p2a: Floette|flinch
|move|p2b: Kingambit|Kowtow Cleave|p1a: Toxapex
|-damage|p1a: Toxapex|73/100
|move|p1a: Toxapex|Muddy Water|p2b: Kingambit|[spread] p2a,p2b
|-damage|p2a: Floette|73/100 tox
|-damage|p2b: Kingambit|74/100
|-unboost|p2b: Kingambit|accuracy|1
|-ability|p2b: Kingambit|Defiant|boost
|-boost|p2b: Kingambit|atk|2
|
|-heal|p1a: Toxapex|78/100|[from] item: Leftovers
|-damage|p2a: Floette|62/100 tox|[from] psn
|upkeep
|turn|8
|
|t:|1783364056
|move|p1b: Sableye|Reflect||[still]
|-fail|p1b: Sableye
|move|p2a: Floette|Dazzling Gleam|p1a: Toxapex|[spread] p1a,p1b
|-resisted|p1a: Toxapex|1
|-supereffective|p1b: Sableye|1
|-damage|p1a: Toxapex|64/100
|-damage|p1b: Sableye|0 fnt
|faint|p1b: Sableye
|move|p2b: Kingambit|Kowtow Cleave|p1a: Toxapex
|-damage|p1a: Toxapex|14/100
|move|p1a: Toxapex|Muddy Water|p2b: Kingambit|[spread] p2a,p2b
|-damage|p2a: Floette|52/100 tox
|-damage|p2b: Kingambit|59/100
|
|-heal|p1a: Toxapex|20/100y|[from] item: Leftovers
|-damage|p2a: Floette|35/100 tox|[from] psn
|-sideend|p1: Lightning7157|Reflect
|-sideend|p2: grandsabersharkrai|move: Tailwind
|upkeep
|turn|9
|
|t:|1783364071
|move|p1a: Toxapex|Baneful Bunker|p1a: Toxapex
|-singleturn|p1a: Toxapex|move: Protect
|move|p2a: Floette|Moonblast|p1a: Toxapex
|-activate|p1a: Toxapex|move: Protect
|move|p2b: Kingambit|Kowtow Cleave|p1a: Toxapex
|-activate|p1a: Toxapex|move: Protect
|
|-heal|p1a: Toxapex|25/100|[from] item: Leftovers
|-damage|p2a: Floette|12/100 tox|[from] psn
|upkeep
|turn|10
|
|t:|1783364086
|move|p2a: Floette|Moonblast|p1a: Toxapex
|-resisted|p1a: Toxapex|1
|-damage|p1a: Toxapex|1/100
|move|p2b: Kingambit|Kowtow Cleave|p1a: Toxapex
|-damage|p1a: Toxapex|0 fnt
|faint|p1a: Toxapex
|
|win|grandsabersharkrai
|raw|Lightning7157's rating: 1017 → 1009(-8 for losing)
|raw|grandsabersharkrai's rating: 1138 → 1155(+17 for winning)
|l|☆Lightning7157
|player|p1|
