|j|☆lets buy packs
|j|☆Novaku
|html|lets buy packsNovaku    
|uhtml|bestof|Game 1 of a best-of-3
|t:|1783893343
|gametype|doubles
|player|p1|lets buy packs|red-masters3|1089
|player|p2|Novaku|volkner|1000
|gen|9
|tier|[Gen 9 Champions] VGC 2026 Reg M-B (Bo3)
|rated|
|rule|Species Clause: Limit one of each Pokémon
|rule|Item Clause: Limit 1 of each item
|clearpoke
|poke|p1|Farigiraf, L50, F|
|poke|p1|Incineroar, L50, F|
|poke|p1|Gardevoir, L50, M, shiny|
|poke|p1|Torkoal, L50, M|
|poke|p1|Mudsdale, L50, M|
|poke|p1|Vivillon-Marine, L50, F|
|poke|p2|Tyranitar, L50, F|
|poke|p2|Milotic, L50, M, shiny|
|poke|p2|Gholdengo, L50|
|poke|p2|Staraptor, L50, M|
|poke|p2|Grimmsnarl, L50, M, shiny|
|poke|p2|Sinistcha, L50|
|teampreview|4
|showteam|p1|Farigiraf||ColburBerry|ArmorTail|Psychic,Thunderbolt,TrickRoom,Protect|Sassy||F|||50|]Incineroar||BlackGlasses|Intimidate|FakeOut,PartingShot,FlareBlitz,DarkestLariat|Adamant||F|||50|]Gardevoir||Gardevoirite|Telepathy|HyperVoice,Psychic,TrickRoom,Protect|Quiet||M|||50|]Torkoal||Charcoal|Drought|Eruption,Flamethrower,SolarBeam,Protect|Quiet||M|||50|]Mudsdale||LifeOrb|InnerFocus|Earthquake,HighHorsepower,RockSlide,HeavySlam|Brave||M|||50|]Vivillon-Marine||FocusSash|CompoundEyes|Hurricane,RagePowder,SleepPowder,Protect|Timid||F|||50|
|showteam|p2|Tyranitar||ChopleBerry|Unnerve|DragonDance,Protect,KnockOff,RockSlide|Jolly||F|||50|]Milotic||Leftovers|MarvelScale|Protect,Coil,Hypnosis,Scald|Bold||M|||50|]Gholdengo||FocusSash|GoodasGold|Protect,DazzlingGleam,ShadowBall,MakeItRain|Modest|||||50|]Staraptor||Staraptite|Intimidate|Protect,Tailwind,CloseCombat,DualWingbeat|Jolly||M|||50|]Grimmsnarl||LightClay|Prankster|Reflect,LightScreen,PartingShot,SpiritBreak|Impish||M|||50|]Sinistcha||OccaBerry|Hospitality|Protect,RagePowder,MatchaGotcha,StrengthSap|Bold|||||50|
|inactive|Battle timer is ON: inactive players will automatically lose when time's up. (requested by lets buy packs)
|
|t:|1783893372
|teamsize|p1|4
|teamsize|p2|4
|start
|switch|p1a: Incineroar|Incineroar, L50, F|100/100
|switch|p1b: Farigiraf|Farigiraf, L50, F|100/100
|switch|p2a: Grimmsnarl|Grimmsnarl, L50, M, shiny|100/100
|switch|p2b: Staraptor|Staraptor, L50, M|100/100
|-ability|p2b: Staraptor|Intimidate|boost
|-unboost|p1a: Incineroar|atk|1
|-unboost|p1b: Farigiraf|atk|1
|-ability|p1a: Incineroar|Intimidate|boost
|-unboost|p2a: Grimmsnarl|atk|1
|-unboost|p2b: Staraptor|atk|1
|turn|1
|inactive|Novaku has 30 seconds left.
|
|t:|1783893397
|detailschange|p2b: Staraptor|Staraptor-Mega, L50, M
|-mega|p2b: Staraptor|Staraptor|Staraptite
|move|p1a: Incineroar|Fake Out|p2b: Staraptor
|-damage|p2b: Staraptor|91/100
|move|p2a: Grimmsnarl|Reflect|p2a: Grimmsnarl
|-sidestart|p2: Novaku|Reflect
|cant|p2b: Staraptor|flinch
|move|p1b: Farigiraf|Trick Room|p1b: Farigiraf
|-fieldstart|move: Trick Room|[of] p1b: Farigiraf
|
|upkeep
|turn|2
|inactive|Novaku has 30 seconds left.
|
|t:|1783893428
|move|p2a: Grimmsnarl|Parting Shot||[still]
|cant|p1b: Farigiraf|ability: Armor Tail|Parting Shot|[of] p2a: Grimmsnarl
|move|p1b: Farigiraf|Psychic|p2b: Staraptor
|-supereffective|p2b: Staraptor|1
|-damage|p2b: Staraptor|22/100
|-boost|p2b: Staraptor|spd|1
|move|p1a: Incineroar|Parting Shot|p2a: Grimmsnarl
|-unboost|p2a: Grimmsnarl|atk|1
|-unboost|p2a: Grimmsnarl|spa|1
|
|t:|1783893437
|switch|p1a: Gardevoir|Gardevoir, L50, M, shiny|100/100|[from] Parting Shot
|move|p2b: Staraptor|Dual Wingbeat|p1a: Gardevoir
|-damage|p1a: Gardevoir|82/100
|-damage|p1a: Gardevoir|65/100
|-hitcount|p1a: Gardevoir|2
|
|upkeep
|turn|3
|
|t:|1783893457
|switch|p1b: Mudsdale|Mudsdale, L50, M|100/100
|detailschange|p1a: Gardevoir|Gardevoir-Mega, L50, M, shiny
|-mega|p1a: Gardevoir|Gardevoir|Gardevoirite
|move|p2a: Grimmsnarl|Light Screen|p2a: Grimmsnarl
|-sidestart|p2: Novaku|move: Light Screen
|move|p1a: Gardevoir|Hyper Voice|p2a: Grimmsnarl|[spread] p2a,p2b
|-supereffective|p2a: Grimmsnarl|1
|-supereffective|p2b: Staraptor|1
|-damage|p2a: Grimmsnarl|30/100
|-damage|p2b: Staraptor|0 fnt
|faint|p2b: Staraptor
|
|upkeep
|
|t:|1783893467
|switch|p2b: Milotic|Milotic, L50, M, shiny|100/100
|turn|4
|
|t:|1783893475
|switch|p1b: Farigiraf|Farigiraf, L50, F|100/100
|move|p2a: Grimmsnarl|Spirit Break|p1b: Farigiraf
|-damage|p1b: Farigiraf|86/100
|-unboost|p1b: Farigiraf|spa|1
|move|p2b: Milotic|Scald|p1b: Farigiraf
|-damage|p1b: Farigiraf|58/100
|move|p1a: Gardevoir|Hyper Voice|p2a: Grimmsnarl|[spread] p2a,p2b
|-supereffective|p2a: Grimmsnarl|1
|-damage|p2a: Grimmsnarl|0 fnt
|-damage|p2b: Milotic|77/100
|faint|p2a: Grimmsnarl
|
|-heal|p2b: Milotic|83/100|[from] item: Leftovers
|upkeep
|
|t:|1783893486
|switch|p2a: Sinistcha|Sinistcha, L50|100/100
|-heal|p2b: Milotic|100/100|[from] ability: Hospitality|[of] p2a: Sinistcha
|turn|5
|
|t:|1783893506
|move|p2b: Milotic|Protect|p2b: Milotic
|-singleturn|p2b: Milotic|Protect
|move|p1b: Farigiraf|Thunderbolt|p2b: Milotic
|-activate|p2b: Milotic|move: Protect
|move|p2a: Sinistcha|Matcha Gotcha|p1b: Farigiraf|[spread] p1a,p1b
|-damage|p1a: Gardevoir|48/100
|-damage|p1b: Farigiraf|38/100
|-status|p1a: Gardevoir|brn
|move|p1a: Gardevoir|Hyper Voice|p2a: Sinistcha|[spread] p2a
|-activate|p2b: Milotic|move: Protect
|-damage|p2a: Sinistcha|62/100
|
|-damage|p1a: Gardevoir|42/100 brn|[from] brn
|-fieldend|move: Trick Room
|upkeep
|turn|6
|
|t:|1783893527
|move|p1a: Gardevoir|Hyper Voice|p2a: Sinistcha|[spread] p2a,p2b
|-damage|p2a: Sinistcha|24/100
|-damage|p2b: Milotic|76/100
|move|p2b: Milotic|Coil|p2b: Milotic
|-boost|p2b: Milotic|atk|1
|-boost|p2b: Milotic|def|1
|-boost|p2b: Milotic|accuracy|1
|move|p2a: Sinistcha|Strength Sap|p1b: Farigiraf
|-unboost|p1b: Farigiraf|atk|1
|-heal|p2a: Sinistcha|85/100
|move|p1b: Farigiraf|Psychic|p2a: Sinistcha
|-damage|p2a: Sinistcha|68/100
|
|-heal|p2b: Milotic|82/100|[from] item: Leftovers
|-damage|p1a: Gardevoir|36/100 brn|[from] brn
|upkeep
|turn|7
|
|t:|1783893549
|move|p2a: Sinistcha|Rage Powder|p2a: Sinistcha
|-singleturn|p2a: Sinistcha|move: Rage Powder
|move|p1a: Gardevoir|Hyper Voice|p2a: Sinistcha|[spread] p2a,p2b
|-damage|p2a: Sinistcha|28/100
|-damage|p2b: Milotic|60/100
|move|p2b: Milotic|Scald|p1a: Gardevoir
|-damage|p1a: Gardevoir|7/100 brn
|move|p1b: Farigiraf|Thunderbolt|p2a: Sinistcha
|-resisted|p2a: Sinistcha|1
|-damage|p2a: Sinistcha|23/100
|
|-heal|p2b: Milotic|66/100|[from] item: Leftovers
|-damage|p1a: Gardevoir|1/100 brn|[from] brn
|upkeep
|turn|8
|
|t:|1783893566
|switch|p1a: Mudsdale|Mudsdale, L50, M|100/100
|move|p2b: Milotic|Protect|p2b: Milotic
|-singleturn|p2b: Milotic|Protect
|move|p2a: Sinistcha|Strength Sap|p1b: Farigiraf
|-unboost|p1b: Farigiraf|atk|1
|-heal|p2a: Sinistcha|64/100
|move|p1b: Farigiraf|Trick Room|p1b: Farigiraf
|-fieldstart|move: Trick Room|[of] p1b: Farigiraf
|
|-heal|p2b: Milotic|72/100|[from] item: Leftovers
|-sideend|p2: Novaku|Reflect
|upkeep
|turn|9
|
|t:|1783893588
|move|p1a: Mudsdale|Heavy Slam|p2a: Sinistcha
|-damage|p2a: Sinistcha|19/100
|-damage|p1a: Mudsdale|90/100|[from] item: Life Orb
|move|p1b: Farigiraf|Psychic|p2a: Sinistcha
|-damage|p2a: Sinistcha|2/100
|move|p2a: Sinistcha|Strength Sap|p1a: Mudsdale
|-unboost|p1a: Mudsdale|atk|1
|-heal|p2a: Sinistcha|100/100
|move|p2b: Milotic|Hypnosis|p1b: Farigiraf
|-status|p1b: Farigiraf|slp|[from] move: Hypnosis
|
|-heal|p2b: Milotic|78/100|[from] item: Leftovers
|upkeep
|turn|10
|
|t:|1783893609
|switch|p1a: Incineroar|Incineroar, L50, F|100/100
|-ability|p1a: Incineroar|Intimidate|boost
|-unboost|p2a: Sinistcha|atk|1
|-unboost|p2b: Milotic|atk|1
|cant|p1b: Farigiraf|slp
|move|p2a: Sinistcha|Matcha Gotcha|p1b: Farigiraf|[spread] p1a,p1b
|-resisted|p1a: Incineroar|1
|-damage|p1a: Incineroar|89/100
|-damage|p1b: Farigiraf|18/100 slp
|move|p2b: Milotic|Scald|p1a: Incineroar
|-supereffective|p1a: Incineroar|1
|-crit|p1a: Incineroar
|-damage|p1a: Incineroar|0 fnt
|faint|p1a: Incineroar
|
|-heal|p2b: Milotic|84/100|[from] item: Leftovers
|-sideend|p2: Novaku|move: Light Screen
|upkeep
|-message|lets buy packs forfeited.
|
|win|Novaku
