|j|☆elmono11
|j|☆Lacossg
|html|elmono11Lacossg    
|uhtml|bestof|Game 2 of a best-of-3
|t:|1755948295
|gametype|doubles
|player|p1|elmono11|bugcatcher-gen4dp|1190
|player|p2|Lacossg|170|1271
|gen|9
|tier|[Gen 9] VGC 2025 Reg H (Bo3)
|rated|
|rule|Species Clause: Limit one of each Pokémon
|rule|Item Clause: Limit 1 of each item
|clearpoke
|poke|p1|Gholdengo, L50|
|poke|p1|Sneasler, L50, M|
|poke|p1|Rillaboom, L50, M|
|poke|p1|Dragonite, L50, M|
|poke|p1|Ninetales-Alola, L50, F|
|poke|p1|Arcanine-Hisui, L50, M|
|poke|p2|Archaludon, L50, F|
|poke|p2|Espathra, L50, F|
|poke|p2|Kommo-o, L50, F|
|poke|p2|Volcarona, L50, F|
|poke|p2|Maushold, L50|
|poke|p2|Rillaboom, L50, F|
|teampreview|4
|showteam|p1|Gholdengo||GrassySeed|GoodasGold|NastyPlot,MakeItRain,ShadowBall,Protect||||||50|,,,,,Water]Sneasler||WhiteHerb|Unburden|CloseCombat,DireClaw,Coaching,Protect|||M|||50|,,,,,Ghost]Rillaboom||AssaultVest|GrassySurge|FakeOut,GrassyGlide,DrumBeating,HighHorsepower|||M|||50|,,,,,Fire]Dragonite||LoadedDice|Multiscale|ScaleShot,StompingTantrum,Tailwind,Protect|||M|||50|,,,,,Ground]Ninetales-Alola||FocusSash|SnowWarning|Blizzard,IcyWind,Encore,AuroraVeil|||F|||50|,,,,,Ghost]Arcanine-Hisui||ClearAmulet|Intimidate|RockSlide,FlareBlitz,ExtremeSpeed,Protect|||M|||50|,,,,,Water
|showteam|p2|Archaludon||AssaultVest|Stamina|ElectroShot,FlashCannon,DracoMeteor,BodyPress|||F|||50|,,,,,Grass]Espathra||FocusSash|SpeedBoost|LuminaCrash,RainDance,Protect,Hypnosis|||F|||50|,,,,,Fairy]Kommo-o||LifeOrb|Overcoat|AuraSphere,Flamethrower,Protect,DracoMeteor|||F|||50|,,,,,Fire]Volcarona||GrassySeed|FlameBody|FieryDance,GigaDrain,QuiverDance,Protect|||F|||50|,,,,,Grass]Maushold||ChopleBerry|FriendGuard|FollowMe,Taunt,PopulationBomb,Encore||||||50|,,,,,Ghost]Rillaboom||LoadedDice|GrassySurge|BulletSeed,GrassyGlide,Uturn,FakeOut|||F|||50|,,,,,Fire
|inactive|Battle timer is ON: inactive players will automatically lose when time's up. (requested by elmono11)
|inactive|Lacossg has 60 seconds left.
|
|t:|1755948330
|teamsize|p1|4
|teamsize|p2|4
|start
|switch|p1a: Ninetales|Ninetales-Alola, L50, F, shiny|100/100
|switch|p1b: Gholdengo|Gholdengo, L50|100/100
|switch|p2a: Kommo-o|Kommo-o, L50, F|100/100
|switch|p2b: Espathra|Espathra, L50, F|100/100
|-weather|Snowscape|[from] ability: Snow Warning|[of] p1a: Ninetales
|turn|1
|
|t:|1755948353
|-terastallize|p1b: Gholdengo|Water
|-terastallize|p2a: Kommo-o|Fire
|move|p1a: Ninetales|Aurora Veil|p1a: Ninetales
|-sidestart|p1: elmono11|move: Aurora Veil
|move|p2b: Espathra|Lumina Crash|p1a: Ninetales
|-damage|p1a: Ninetales|68/100
|-unboost|p1a: Ninetales|spd|2
|move|p1b: Gholdengo|Nasty Plot|p1b: Gholdengo
|-boost|p1b: Gholdengo|spa|2
|move|p2a: Kommo-o|Flamethrower|p1a: Ninetales
|-supereffective|p1a: Ninetales
|-damage|p1a: Ninetales|0 fnt
|faint|p1a: Ninetales
|-damage|p2a: Kommo-o|91/100|[from] item: Life Orb
|
|-weather|Snowscape|[upkeep]
|-ability|p2b: Espathra|Speed Boost|boost
|-boost|p2b: Espathra|spe|1
|upkeep
|
|t:|1755948370
|switch|p1a: Rillaboom|Rillaboom, L50, M|100/100
|-fieldstart|move: Grassy Terrain|[from] ability: Grassy Surge|[of] p1a: Rillaboom
|-enditem|p1b: Gholdengo|Grassy Seed
|-boost|p1b: Gholdengo|def|1|[from] item: Grassy Seed
|turn|2
|
|t:|1755948381
|move|p2b: Espathra|Protect|p2b: Espathra
|-singleturn|p2b: Espathra|Protect
|move|p2a: Kommo-o|Protect|p2a: Kommo-o
|-singleturn|p2a: Kommo-o|Protect
|move|p1a: Rillaboom|Fake Out|p2b: Espathra
|-activate|p2b: Espathra|move: Protect
|move|p1b: Gholdengo|Nasty Plot|p1b: Gholdengo
|-boost|p1b: Gholdengo|spa|2
|
|-weather|Snowscape|[upkeep]
|-heal|p2a: Kommo-o|97/100|[from] Grassy Terrain
|-ability|p2b: Espathra|Speed Boost|boost
|-boost|p2b: Espathra|spe|1
|upkeep
|turn|3
|
|t:|1755948399
|move|p1a: Rillaboom|Grassy Glide|p2b: Espathra
|-damage|p2b: Espathra|46/100
|move|p2b: Espathra|Lumina Crash|p1a: Rillaboom
|-damage|p1a: Rillaboom|80/100
|-unboost|p1a: Rillaboom|spd|2
|move|p1b: Gholdengo|Shadow Ball|p2a: Kommo-o
|-damage|p2a: Kommo-o|0 fnt
|faint|p2a: Kommo-o
|
|-weather|Snowscape|[upkeep]
|-heal|p2b: Espathra|52/100|[from] Grassy Terrain
|-heal|p1a: Rillaboom|86/100|[from] Grassy Terrain
|-ability|p2b: Espathra|Speed Boost|boost
|-boost|p2b: Espathra|spe|1
|upkeep
|
|t:|1755948415
|switch|p2a: Volcarona|Volcarona, L50, F|100/100
|-enditem|p2a: Volcarona|Grassy Seed
|-boost|p2a: Volcarona|def|1|[from] item: Grassy Seed
|turn|4
|
|t:|1755948424
|move|p2b: Espathra|Protect|p2b: Espathra
|-singleturn|p2b: Espathra|Protect
|move|p2a: Volcarona|Protect|p2a: Volcarona
|-singleturn|p2a: Volcarona|Protect
|move|p1a: Rillaboom|Grassy Glide|p2b: Espathra
|-activate|p2b: Espathra|move: Protect
|move|p1b: Gholdengo|Shadow Ball|p2a: Volcarona
|-activate|p2a: Volcarona|move: Protect
|
|-weather|Snowscape|[upkeep]
|-heal|p2b: Espathra|58/100|[from] Grassy Terrain
|-heal|p1a: Rillaboom|92/100|[from] Grassy Terrain
|-ability|p2b: Espathra|Speed Boost|boost
|-boost|p2b: Espathra|spe|1
|upkeep
|turn|5
|
|t:|1755948448
|move|p1a: Rillaboom|Grassy Glide|p2b: Espathra
|-damage|p2b: Espathra|1/100
|move|p2b: Espathra|Rain Dance|p2b: Espathra
|-weather|RainDance
|move|p1b: Gholdengo|Shadow Ball|p2a: Volcarona
|-damage|p2a: Volcarona|0 fnt
|faint|p2a: Volcarona
|
|-weather|RainDance|[upkeep]
|-heal|p2b: Espathra|7/100|[from] Grassy Terrain
|-heal|p1a: Rillaboom|98/100|[from] Grassy Terrain
|-sideend|p1: elmono11|move: Aurora Veil
|-ability|p2b: Espathra|Speed Boost|boost
|-boost|p2b: Espathra|spe|1
|upkeep
|
|t:|1755948455
|switch|p2a: Archaludon|Archaludon, L50, F|100/100
|turn|6
|
|t:|1755948468
|move|p2b: Espathra|Protect|p2b: Espathra
|-singleturn|p2b: Espathra|Protect
|move|p1a: Rillaboom|High Horsepower|p2a: Archaludon
|-supereffective|p2a: Archaludon
|-damage|p2a: Archaludon|54/100
|-ability|p2a: Archaludon|Stamina|boost
|-boost|p2a: Archaludon|def|1
|move|p1b: Gholdengo|Shadow Ball|p2a: Archaludon
|-damage|p2a: Archaludon|0 fnt
|faint|p2a: Archaludon
|
|-weather|RainDance|[upkeep]
|-heal|p2b: Espathra|13/100|[from] Grassy Terrain
|-heal|p1a: Rillaboom|100/100|[from] Grassy Terrain
|-fieldend|move: Grassy Terrain
|-ability|p2b: Espathra|Speed Boost|boost
|-boost|p2b: Espathra|spe|1
|upkeep
|turn|7
|-message|Lacossg forfeited.
|
|win|elmono11
|raw|elmono11's rating: 1190 → 1221(+31 for winning)
|raw|Lacossg's rating: 1271 → 1240(-31 for losing)
|l|☆Lacossg
|player|p2|
