|j|â˜†slopmachine
|j|â˜†strawhatronin
|html|slopmachinestrawhatronin    
|uhtml|bestof|Game 1 of a best-of-3
|t:|1785751354
|gametype|doubles
|player|p1|slopmachine|medium|1209
|player|p2|strawhatronin|morty|1193
|gen|9
|tier|[Gen 9 Champions] VGC 2026 Reg M-B (Bo3)
|rated|
|rule|Species Clause: Limit one of each PokÃ©mon
|rule|Item Clause: Limit 1 of each item
|clearpoke
|poke|p1|Floette-Eternal, L50, F|
|poke|p1|Whimsicott, L50, F|
|poke|p1|Charizard, L50, M|
|poke|p1|Basculegion, L50, M|
|poke|p1|Garchomp, L50, F|
|poke|p1|Incineroar, L50, M|
|poke|p2|Pelipper, L50, M|
|poke|p2|Incineroar, L50, M|
|poke|p2|Archaludon, L50, F|
|poke|p2|Maushold, L50|
|poke|p2|Gengar, L50, M|
|poke|p2|Raichu, L50, M|
|teampreview|4
|showteam|p1|Floette-Eternal||Floettite|FlowerVeil|Protect,DazzlingGleam,DrainingKiss,CalmMind|Modest||F|||50|]Whimsicott||FocusSash|Prankster|Protect,Moonblast,Tailwind,Encore|Timid||F|||50|]Charizard||CharizarditeY|Blaze|Protect,WeatherBall,SolarBeam,HeatWave|Modest||M|||50|]Basculegion||ChoiceScarf|Adaptability|FlipTurn,WaveCrash,LastRespects,AquaJet|Jolly||M|||50|]Garchomp||LifeOrb|RoughSkin|Protect,Earthquake,DragonClaw,RockSlide|Jolly||F|||50|]Incineroar||SitrusBerry|Intimidate|FlareBlitz,ThroatChop,FakeOut,PartingShot|Careful||M|||50|
|showteam|p2|Pelipper||FocusSash|Drizzle|WideGuard,Tailwind,WeatherBall,Hurricane|Timid||M|||50|]Incineroar||SitrusBerry|Intimidate|Protect,FakeOut,PartingShot,FlareBlitz|Adamant||M|||50|]Archaludon||Leftovers|Stamina|Protect,ElectroShot,FlashCannon,DragonPulse|Modest||F|||50|]Maushold||ChopleBerry|FriendGuard|Protect,FollowMe,BeatUp,SuperFang|Jolly|||||50|]Gengar||Gengarite|CursedBody|Protect,PerishSong,SludgeBomb,ShadowBall|Timid||M|||50|]Raichu||RaichuniteX|LightningRod|Protect,FakeOut,VoltSwitch,RisingVoltage|Timid||M|||50|
|inactive|Battle timer is ON: inactive players will automatically lose when time's up. (requested by strawhatronin)
|inactive|slopmachine has 60 seconds left.
|inactive|slopmachine has 30 seconds left.
|inactive|slopmachine has 20 seconds left.
|inactive|slopmachine has 15 seconds left.
|inactive|slopmachine has 10 seconds left.
|
|t:|1785751434
|teamsize|p1|4
|teamsize|p2|4
|start
|switch|p1a: Basculegion|Basculegion, L50, M|100/100
|switch|p1b: Incineroar|Incineroar, L50, M|100/100
|switch|p2a: Gengar|Gengar, L50, M|100/100
|switch|p2b: Incineroar|Incineroar, L50, M|100/100
|-ability|p2b: Incineroar|Intimidate|boost
|-unboost|p1a: Basculegion|atk|1
|-unboost|p1b: Incineroar|atk|1
|-ability|p1b: Incineroar|Intimidate|boost
|-unboost|p2a: Gengar|atk|1
|-unboost|p2b: Incineroar|atk|1
|turn|1
|inactive|slopmachine has 30 seconds left.
|inactive|strawhatronin has 30 seconds left.
|inactive|slopmachine has 20 seconds left.
|
|t:|1785751474
|detailschange|p2a: Gengar|Gengar-Mega, L50, M
|-mega|p2a: Gengar|Gengar|Gengarite
|move|p2b: Incineroar|Fake Out|p1b: Incineroar
|-damage|p1b: Incineroar|92/100
|move|p1a: Basculegion|Flip Turn|p2a: Gengar
|-damage|p2a: Gengar|70/100
|
|t:|1785751489
|switch|p1a: Garchomp|Garchomp, L50, F|100/100|[from] Flip Turn
|move|p2a: Gengar|Shadow Ball|p1a: Garchomp
|-damage|p1a: Garchomp|48/100
|cant|p1b: Incineroar|flinch
|
|upkeep
|turn|2
|l|â˜†strawhatronin
|inactive|strawhatronin disconnected and has a minute to reconnect!
|player|p2|
|j|â˜†strawhatronin
|inactive|strawhatronin reconnected and has 40 seconds left.
|player|p2|strawhatronin|morty|
|inactive|slopmachine has 30 seconds left.
|inactive|strawhatronin has 30 seconds left.
|inactive|slopmachine has 20 seconds left.
|
|t:|1785751526
|move|p1a: Garchomp|Protect|p1a: Garchomp
|-singleturn|p1a: Garchomp|Protect
|move|p2a: Gengar|Shadow Ball|p1a: Garchomp
|-activate|p1a: Garchomp|move: Protect
|move|p2b: Incineroar|Parting Shot|p1b: Incineroar
|-unboost|p1b: Incineroar|atk|1
|-unboost|p1b: Incineroar|spa|1
|
|t:|1785751539
|switch|p2b: Pelipper|Pelipper, L50, M|100/100|[from] Parting Shot
|-weather|RainDance|[from] ability: Drizzle|[of] p2b: Pelipper
|move|p1b: Incineroar|Parting Shot|p1a: Garchomp
|-activate|p1a: Garchomp|move: Protect
|
|-weather|RainDance|[upkeep]
|upkeep
|turn|3
|inactive|strawhatronin has 30 seconds left.
|
|t:|1785751567
|move|p2a: Gengar|Shadow Ball|p1a: Garchomp
|-damage|p1a: Garchomp|0 fnt
|faint|p1a: Garchomp
|move|p2b: Pelipper|Weather Ball|p1b: Incineroar
|-supereffective|p1b: Incineroar|1
|-crit|p1b: Incineroar
|-damage|p1b: Incineroar|0 fnt
|faint|p1b: Incineroar
|
|-weather|RainDance|[upkeep]
|upkeep
|
|t:|1785751577
|switch|p1a: Charizard|Charizard, L50, M|100/100
|switch|p1b: Basculegion|Basculegion, L50, M|100/100
|turn|4
|inactive|slopmachine has 30 seconds left.
|inactive|slopmachine has 20 seconds left.
|inactive|slopmachine has 15 seconds left.
|
|t:|1785751622
|switch|p2b: Maushold|Maushold, L50|100/100
|detailschange|p1a: Charizard|Charizard-Mega-Y, L50, M
|-mega|p1a: Charizard|Charizard|Charizardite Y
|-weather|SunnyDay|[from] ability: Drought|[of] p1a: Charizard
|move|p2a: Gengar|Protect|p2a: Gengar
|-singleturn|p2a: Gengar|Protect
|move|p1b: Basculegion|Last Respects|p2b: Maushold
|-immune|p2b: Maushold
|move|p1a: Charizard|Heat Wave|p2b: Maushold|[spread] p2b
|-activate|p2a: Gengar|move: Protect
|-damage|p2b: Maushold|17/100
|
|-weather|SunnyDay|[upkeep]
|upkeep
|turn|5
|inactive|strawhatronin has 30 seconds left.
|
|t:|1785751648
|move|p2b: Maushold|Follow Me|p2b: Maushold
|-singleturn|p2b: Maushold|move: Follow Me
|move|p1b: Basculegion|Last Respects|p2b: Maushold
|-immune|p2b: Maushold
|move|p2a: Gengar|Perish Song|p2a: Gengar
|-start|p1a: Charizard|perish3|[silent]
|-start|p1b: Basculegion|perish3|[silent]
|-start|p2a: Gengar|perish3|[silent]
|-start|p2b: Maushold|perish3|[silent]
|-fieldactivate|move: Perish Song
|move|p1a: Charizard|Weather Ball|p2b: Maushold
|-damage|p2b: Maushold|0 fnt
|faint|p2b: Maushold
|
|-weather|SunnyDay|[upkeep]
|-start|p1b: Basculegion|perish3
|-start|p2a: Gengar|perish3
|-start|p1a: Charizard|perish3
|upkeep
|
|t:|1785751665
|switch|p2b: Incineroar|Incineroar, L50, M|100/100
|-ability|p2b: Incineroar|Intimidate|boost
|-unboost|p1a: Charizard|atk|1
|-unboost|p1b: Basculegion|atk|1
|turn|6
|
|t:|1785751679
|move|p2a: Gengar|Protect|p2a: Gengar
|-singleturn|p2a: Gengar|Protect
|move|p1a: Charizard|Protect|p1a: Charizard
|-singleturn|p1a: Charizard|Protect
|move|p2b: Incineroar|Protect|p2b: Incineroar
|-singleturn|p2b: Incineroar|Protect
|move|p1b: Basculegion|Last Respects|p2b: Incineroar
|-activate|p2b: Incineroar|move: Protect
|
|-weather|SunnyDay|[upkeep]
|-start|p1b: Basculegion|perish2
|-start|p2a: Gengar|perish2
|-start|p1a: Charizard|perish2
|upkeep
|turn|7
|
|t:|1785751699
|switch|p2a: Pelipper|Pelipper, L50, M|100/100
|-weather|RainDance|[from] ability: Drizzle|[of] p2a: Pelipper
|move|p1b: Basculegion|Last Respects|p2b: Incineroar
|-resisted|p2b: Incineroar|1
|-damage|p2b: Incineroar|70/100
|move|p1a: Charizard|Heat Wave|p2b: Incineroar|[spread] p2a
|-miss|p1a: Charizard|p2b: Incineroar
|-resisted|p2a: Pelipper|1
|-damage|p2a: Pelipper|83/100
|move|p2b: Incineroar|Parting Shot|p1a: Charizard
|-unboost|p1a: Charizard|atk|1
|-unboost|p1a: Charizard|spa|1
|-message|slopmachine forfeited.
|
|win|strawhatronin
||slopmachine is ready for game 2.
|inactive|strawhatronin has 30 seconds to confirm battle start!
||strawhatronin is ready for game 2.
|uhtml|next|Next: Game 2 of 3
|l|â˜†strawhatronin
|player|p2|
