|j|☆lukashz
|j|☆freeherdess624
|html|lukashzfreeherdess624    
|uhtml|bestof|Game 2 of a best-of-3
|t:|1782705258
|gametype|doubles
|player|p1|lukashz|elesa|1374
|player|p2|freeherdess624|blue|1368
|gen|9
|tier|[Gen 9 Champions] VGC 2026 Reg M-B (Bo3)
|rated|
|rule|Species Clause: Limit one of each Pokémon
|rule|Item Clause: Limit 1 of each item
|clearpoke
|poke|p1|Chandelure, L50, M|
|poke|p1|Kangaskhan, L50, F|
|poke|p1|Basculegion, L50, M|
|poke|p1|Sylveon, L50, M|
|poke|p1|Kingambit, L50, M|
|poke|p1|Machamp, L50, M|
|poke|p2|Kingambit, L50, M|
|poke|p2|Floette-Eternal, L50, F|
|poke|p2|Sneasler, L50, F|
|poke|p2|Incineroar, L50, M|
|poke|p2|Sinistcha, L50|
|poke|p2|Aerodactyl, L50, M, shiny|
|teampreview|4
|showteam|p1|Chandelure||FocusSash|FlashFire|HeatWave,ShadowBall,TrickRoom,Taunt|Quiet||M|||50|]Kangaskhan||Kangaskhanite|InnerFocus|FakeOut,Facade,DoubleEdge,SuckerPunch|Brave||F|||50|]Basculegion||MysticWater|Adaptability|HeadSmash,WaveCrash,LastRespects,AquaJet|Brave||M|||50|]Sylveon||FairyFeather|Pixilate|HyperVoice,Protect,HyperBeam,QuickAttack|Quiet||M|||50|]Kingambit||ChopleBerry|Defiant|KowtowCleave,SuckerPunch,IronHead,Protect|Adamant||M|||50|]Machamp||ChoiceScarf|NoGuard|DynamicPunch,StoneEdge,IcePunch,BulletPunch|Jolly||M|||50|
|showteam|p2|Kingambit||ChopleBerry|Defiant|KowtowCleave,Protect,SuckerPunch,IronHead|Adamant||M|||50|]Floette-Eternal||Floettite|FlowerVeil|DazzlingGleam,DrainingKiss,Protect,CalmMind|Timid||F|||50|]Sneasler||FocusSash|Unburden|FakeOut,DireClaw,CloseCombat,Coaching|Naive||F|||50|]Incineroar||Leftovers|Intimidate|FakeOut,FlareBlitz,PartingShot,HelpingHand|Sassy||M|||50|]Sinistcha||SitrusBerry|Hospitality|MatchaGotcha,Protect,TrickRoom,RagePowder|Bold|||||50|]Aerodactyl||Aerodactylite|Unnerve|RockSlide,DualWingbeat,IceFang,Tailwind|Jolly||M|||50|
|inactive|Battle timer is ON: inactive players will automatically lose when time's up. (requested by freeherdess624)
|inactive|freeherdess624 has 60 seconds left.
|inactive|freeherdess624 has 30 seconds left.
|
|t:|1782705340
|teamsize|p1|4
|teamsize|p2|4
|start
|switch|p1a: Basculegion|Basculegion, L50, M|100/100
|switch|p1b: Kangaskhan|Kangaskhan, L50, F|100/100
|switch|p2a: Aerodactyl|Aerodactyl, L50, M, shiny|100/100
|switch|p2b: Sneasler|Sneasler, L50, F|100/100
|-ability|p2a: Aerodactyl|Unnerve
|turn|1
|inactive|freeherdess624 has 30 seconds left.
|
|t:|1782705370
|switch|p2a: Kingambit|Kingambit, L50, M|100/100
|detailschange|p1b: Kangaskhan|Kangaskhan-Mega, L50, F
|-mega|p1b: Kangaskhan|Kangaskhan|Kangaskhanite
|move|p2b: Sneasler|Fake Out|p1b: Kangaskhan
|-damage|p1b: Kangaskhan|87/100
|cant|p1b: Kangaskhan|flinch
|move|p1a: Basculegion|Wave Crash|p2a: Kingambit
|-damage|p2a: Kingambit|33/100
|-damage|p1a: Basculegion|79/100|[from] Recoil
|
|upkeep
|turn|2
|inactive|lukashz has 30 seconds left.
|inactive|lukashz has 20 seconds left.
|inactive|lukashz has 15 seconds left.
|
|t:|1782705414
|move|p1b: Kangaskhan|Sucker Punch|p2a: Kingambit
|-resisted|p2a: Kingambit|1
|-damage|p2a: Kingambit|23/100
|-resisted|p2a: Kingambit|1
|-damage|p2a: Kingambit|20/100y
|-hitcount|p2a: Kingambit|2
|move|p1a: Basculegion|Aqua Jet|p2a: Kingambit
|-damage|p2a: Kingambit|0 fnt
|faint|p2a: Kingambit
|move|p2b: Sneasler|Close Combat|p1b: Kangaskhan
|-supereffective|p1b: Kangaskhan|1
|-damage|p1b: Kangaskhan|0 fnt
|-unboost|p2b: Sneasler|def|1
|-unboost|p2b: Sneasler|spd|1
|faint|p1b: Kangaskhan
|
|upkeep
|
|t:|1782705436
|switch|p1b: Kingambit|Kingambit, L50, M|100/100
|switch|p2a: Aerodactyl|Aerodactyl, L50, M, shiny|100/100
|-ability|p2a: Aerodactyl|Unnerve
|turn|3
|
|t:|1782705459
|detailschange|p2a: Aerodactyl|Aerodactyl-Mega, L50, M, shiny
|-mega|p2a: Aerodactyl|Aerodactyl|Aerodactylite
|move|p1b: Kingambit|Protect|p1b: Kingambit
|-singleturn|p1b: Kingambit|Protect
|move|p1a: Basculegion|Aqua Jet|p2b: Sneasler
|-damage|p2b: Sneasler|20/100r
|move|p2a: Aerodactyl|Dual Wingbeat|p1a: Basculegion
|-damage|p1a: Basculegion|49/100
|-damage|p1a: Basculegion|19/100
|-hitcount|p1a: Basculegion|2
|move|p2b: Sneasler|Dire Claw|p1a: Basculegion
|-resisted|p1a: Basculegion|1
|-damage|p1a: Basculegion|0 fnt
|faint|p1a: Basculegion
|
|upkeep
|
|t:|1782705468
|switch|p1a: Machamp|Machamp, L50, M|100/100
|turn|4
|inactive|freeherdess624 has 30 seconds left.
|inactive|freeherdess624 has 20 seconds left.
|inactive|freeherdess624 has 15 seconds left.
|inactive|freeherdess624 has 10 seconds left.
|
|t:|1782705517
|switch|p2b: Incineroar|Incineroar, L50, M|100/100
|-ability|p2b: Incineroar|Intimidate|boost
|-unboost|p1a: Machamp|atk|1
|-unboost|p1b: Kingambit|atk|1
|-ability|p1b: Kingambit|Defiant|boost
|-boost|p1b: Kingambit|atk|2
|move|p1a: Machamp|Bullet Punch|p2b: Incineroar
|-resisted|p2b: Incineroar|1
|-damage|p2b: Incineroar|95/100
|move|p2a: Aerodactyl|Dual Wingbeat|p1a: Machamp
|-supereffective|p1a: Machamp|1
|-damage|p1a: Machamp|37/100
|-supereffective|p1a: Machamp|1
|-damage|p1a: Machamp|0 fnt
|faint|p1a: Machamp
|-hitcount|p1: Machamp|2
|move|p1b: Kingambit|Iron Head|p2a: Aerodactyl
|-supereffective|p2a: Aerodactyl|1
|-damage|p2a: Aerodactyl|0 fnt
|faint|p2a: Aerodactyl
|
|-heal|p2b: Incineroar|100/100|[from] item: Leftovers
|upkeep
|inactive|freeherdess624 has 30 seconds left.
|
|t:|1782705543
|switch|p2a: Sneasler|Sneasler, L50, F|20/100r
|turn|5
|
|t:|1782705550
|move|p2b: Incineroar|Fake Out|p1b: Kingambit
|-resisted|p1b: Kingambit|1
|-damage|p1b: Kingambit|96/100
|move|p2a: Sneasler|Close Combat|p1b: Kingambit
|-supereffective|p1b: Kingambit|2
|-enditem|p1b: Kingambit|Chople Berry|[eat]
|-enditem|p1b: Kingambit|Chople Berry|[weaken]
|-damage|p1b: Kingambit|0 fnt
|-unboost|p2a: Sneasler|def|1
|-unboost|p2a: Sneasler|spd|1
|faint|p1b: Kingambit
|
|win|freeherdess624
|raw|lukashz's rating: 1374 → 1354(-20 for losing)
|raw|freeherdess624's rating: 1368 → 1388(+20 for winning)
