|j|☆PickledogVGC
|j|☆ApolloLou
|html|PickledogVGCApolloLou    
|uhtml|bestof|Game 3 of a best-of-3
|t:|1756731740
|gametype|doubles
|player|p1|PickledogVGC|roughneck|
|player|p2|ApolloLou|birch|
|gen|9
|tier|[Gen 9] VGC 2025 Reg H (Bo3)
|rule|Species Clause: Limit one of each Pokémon
|rule|Item Clause: Limit 1 of each item
|clearpoke
|poke|p1|Gholdengo, L50|
|poke|p1|Amoonguss, L50, M|
|poke|p1|Incineroar, L50, M|
|poke|p1|Rillaboom, L50, M|
|poke|p1|Primarina, L50, F|
|poke|p1|Dragonite, L50, M|
|poke|p2|Sneasler, L50, M|
|poke|p2|Indeedee, L50, M|
|poke|p2|Annihilape, L50, M|
|poke|p2|Electabuzz, L50, M|
|poke|p2|Ursaluna, L50, F|
|poke|p2|Primarina, L50, F|
|teampreview|4
|showteam|p1|Gholdengo||SitrusBerry|GoodasGold|MakeItRain,Protect,NastyPlot,ShadowBall||||||50|,,,,,Water]Amoonguss||MentalHerb|Regenerator|SludgeBomb,RagePowder,Spore,PollenPuff|||M|||50|,,,,,Water]Incineroar||SafetyGoggles|Intimidate|KnockOff,FakeOut,PartingShot,FlareBlitz|||M|||50|,,,,,Ghost]Rillaboom||AssaultVest|GrassySurge|GrassyGlide,WoodHammer,FakeOut,Uturn|||M|||50|,,,,,Fire]Primarina||ThroatSpray|LiquidVoice|HyperVoice,Moonblast,Protect,CalmMind|||F|||50|,,,,,Steel]Dragonite||ChoiceBand|InnerFocus|ExtremeSpeed,Outrage,StompingTantrum,IronHead|||M|||50|,,,,,Normal
|showteam|p2|Sneasler||PsychicSeed|Unburden|DireClaw,Protect,ThroatChop,CloseCombat|||M|||50|,,,,,Dark]Indeedee||FocusSash|PsychicSurge|ExpandingForce,TrickRoom,TeraBlast,Protect|||M|||50|,,,,,Ground]Annihilape||SitrusBerry|Defiant|RageFist,DrainPunch,BulkUp,Protect|||M|||50|,,,,,Steel]Electabuzz||Eviolite|VitalSpirit|FollowMe,Electroweb,Protect,Taunt|||M|||50|,,,,,Fairy]Ursaluna||FlameOrb|Guts|Facade,HeadlongRush,Earthquake,Protect|||F|||50|,,,,,Normal]Primarina||RoomService|LiquidVoice|Protect,HyperVoice,Moonblast,Haze|||F|||50|,,,,,Normal
|inactive|Battle timer is ON: inactive players will automatically lose when time's up. (requested by PickledogVGC)
|j| don zaloog is real
|inactive|PickledogVGC has 60 seconds left.
|inactive|ApolloLou has 60 seconds left.
|
|t:|1756731786
|teamsize|p1|4
|teamsize|p2|4
|start
|switch|p1a: Dragonite|Dragonite, L50, M|100/100
|switch|p1b: Oooh banana|Rillaboom, L50, M, shiny|100/100
|switch|p2a: Electabuzz|Electabuzz, L50, M|100/100
|switch|p2b: Annihilape|Annihilape, L50, M|100/100
|-fieldstart|move: Grassy Terrain|[from] ability: Grassy Surge|[of] p1b: Oooh banana
|turn|1
|inactive|PickledogVGC has 30 seconds left.
|inactive|ApolloLou has 30 seconds left.
|inactive|PickledogVGC has 20 seconds left.
|
|t:|1756731826
|switch|p1b: Amoongussy|Amoonguss, L50, M|100/100
|move|p2a: Electabuzz|Protect|p2a: Electabuzz
|-singleturn|p2a: Electabuzz|Protect
|move|p1a: Dragonite|Stomping Tantrum|p2a: Electabuzz
|-activate|p2a: Electabuzz|move: Protect
|move|p2b: Annihilape|Bulk Up|p2b: Annihilape
|-boost|p2b: Annihilape|atk|1
|-boost|p2b: Annihilape|def|1
|
|upkeep
|turn|2
|inactive|PickledogVGC has 30 seconds left.
|inactive|ApolloLou has 30 seconds left.
|
|t:|1756731860
|-terastallize|p2a: Electabuzz|Fairy
|move|p2a: Electabuzz|Follow Me|p2a: Electabuzz
|-singleturn|p2a: Electabuzz|move: Follow Me
|move|p1a: Dragonite|Stomping Tantrum|p2a: Electabuzz
|-damage|p2a: Electabuzz|63/100
|move|p2b: Annihilape|Bulk Up|p2b: Annihilape
|-boost|p2b: Annihilape|atk|1
|-boost|p2b: Annihilape|def|1
|move|p1b: Amoongussy|Spore|p2a: Electabuzz
|-immune|p2a: Electabuzz|[from] ability: Vital Spirit
|
|-heal|p2a: Electabuzz|69/100|[from] Grassy Terrain
|upkeep
|turn|3
|
|t:|1756731880
|switch|p1a: Kraaaabs|Gholdengo, L50|100/100
|move|p2a: Electabuzz|Follow Me|p2a: Electabuzz
|-singleturn|p2a: Electabuzz|move: Follow Me
|move|p2b: Annihilape|Drain Punch|p1a: Kraaaabs
|-immune|p1a: Kraaaabs
|move|p1b: Amoongussy|Sludge Bomb|p2a: Electabuzz
|-supereffective|p2a: Electabuzz
|-damage|p2a: Electabuzz|24/100
|
|-heal|p2a: Electabuzz|30/100|[from] Grassy Terrain
|upkeep
|turn|4
|
|t:|1756731904
|move|p2a: Electabuzz|Protect|p2a: Electabuzz
|-singleturn|p2a: Electabuzz|Protect
|move|p2b: Annihilape|Protect|p2b: Annihilape
|-singleturn|p2b: Annihilape|Protect
|move|p1a: Kraaaabs|Make It Rain|p2b: Annihilape|[spread] 
|-activate|p2a: Electabuzz|move: Protect
|-activate|p2b: Annihilape|move: Protect
|move|p1b: Amoongussy|Spore|p2b: Annihilape
|-activate|p2b: Annihilape|move: Protect
|
|-heal|p2a: Electabuzz|36/100|[from] Grassy Terrain
|upkeep
|turn|5
|inactive|PickledogVGC has 30 seconds left.
|
|t:|1756731932
|move|p1b: Amoongussy|Rage Powder|p1b: Amoongussy
|-singleturn|p1b: Amoongussy|move: Rage Powder
|move|p2a: Electabuzz|Electroweb|p1a: Kraaaabs|[spread] p1a,p1b
|-resisted|p1b: Amoongussy
|-damage|p1a: Kraaaabs|87/100
|-damage|p1b: Amoongussy|95/100
|-unboost|p1a: Kraaaabs|spe|1
|-unboost|p1b: Amoongussy|spe|1
|move|p2b: Annihilape|Rage Fist|p1b: Amoongussy
|-damage|p1b: Amoongussy|45/100
|move|p1a: Kraaaabs|Nasty Plot|p1a: Kraaaabs
|-boost|p1a: Kraaaabs|spa|2
|
|-heal|p2a: Electabuzz|43/100|[from] Grassy Terrain
|-heal|p1a: Kraaaabs|92/100|[from] Grassy Terrain
|-heal|p1b: Amoongussy|51/100|[from] Grassy Terrain
|-fieldend|move: Grassy Terrain
|upkeep
|turn|6
|inactive|PickledogVGC has 30 seconds left.
|inactive|ApolloLou has 30 seconds left.
|inactive|ApolloLou has 20 seconds left.
|inactive|ApolloLou has 15 seconds left.
|inactive|ApolloLou has 10 seconds left.
|inactive|ApolloLou has 5 seconds left.
|
|t:|1756731984
|move|p2a: Electabuzz|Follow Me|p2a: Electabuzz
|-singleturn|p2a: Electabuzz|move: Follow Me
|move|p1b: Amoongussy|Rage Powder|p1b: Amoongussy
|-singleturn|p1b: Amoongussy|move: Rage Powder
|move|p2b: Annihilape|Rage Fist|p1b: Amoongussy
|-damage|p1b: Amoongussy|3/100
|move|p1a: Kraaaabs|Make It Rain|p2a: Electabuzz|[spread] p2a,p2b
|-supereffective|p2a: Electabuzz
|-damage|p2a: Electabuzz|0 fnt
|-damage|p2b: Annihilape|27/100
|-unboost|p1a: Kraaaabs|spa|1
|-enditem|p2b: Annihilape|Sitrus Berry|[eat]
|-heal|p2b: Annihilape|52/100|[from] item: Sitrus Berry
|faint|p2a: Electabuzz
|
|upkeep
|
|t:|1756732001
|switch|p2a: Indeedee|Indeedee, L50, M|100/100
|-fieldstart|move: Psychic Terrain|[from] ability: Psychic Surge|[of] p2a: Indeedee
|turn|7
|inactive|PickledogVGC has 30 seconds left.
|inactive|PickledogVGC has 20 seconds left.
|inactive|PickledogVGC has 15 seconds left.
|
|t:|1756732045
|move|p1a: Kraaaabs|Protect|p1a: Kraaaabs
|-singleturn|p1a: Kraaaabs|Protect
|move|p2a: Indeedee|Expanding Force|p1b: Amoongussy|[spread] p1b
|-activate|p1a: Kraaaabs|move: Protect
|-supereffective|p1b: Amoongussy
|-damage|p1b: Amoongussy|0 fnt
|faint|p1b: Amoongussy
|move|p2b: Annihilape|Rage Fist|p1a: Kraaaabs
|-activate|p1a: Kraaaabs|move: Protect
|
|upkeep
|
|t:|1756732069
|switch|p1b: Oooh banana|Rillaboom, L50, M, shiny|100/100
|-fieldstart|move: Grassy Terrain|[from] ability: Grassy Surge|[of] p1b: Oooh banana
|turn|8
|inactive|ApolloLou has 30 seconds left.
|
|t:|1756732099
|switch|p1a: Dragonite|Dragonite, L50, M|100/100
|move|p2a: Indeedee|Protect|p2a: Indeedee
|-singleturn|p2a: Indeedee|Protect
|move|p2b: Annihilape|Protect|p2b: Annihilape
|-singleturn|p2b: Annihilape|Protect
|move|p1b: Oooh banana|Wood Hammer|p2b: Annihilape
|-activate|p2b: Annihilape|move: Protect
|
|-heal|p2b: Annihilape|58/100|[from] Grassy Terrain
|upkeep
|turn|9
|inactive|PickledogVGC has 30 seconds left.
|inactive|ApolloLou has 30 seconds left.
|inactive|PickledogVGC has 20 seconds left.
|
|t:|1756732136
|move|p1a: Dragonite|Iron Head|p2b: Annihilape
|-damage|p2b: Annihilape|34/100
|move|p1b: Oooh banana|Wood Hammer|p2b: Annihilape
|-damage|p2b: Annihilape|0 fnt
|faint|p2b: Annihilape
|-damage|p1b: Oooh banana|89/100|[from] Recoil
|move|p2a: Indeedee|Trick Room|p2a: Indeedee
|-fieldstart|move: Trick Room|[of] p2a: Indeedee
|
|-heal|p1b: Oooh banana|95/100|[from] Grassy Terrain
|upkeep
|
|t:|1756732145
|switch|p2b: Sneasler|Sneasler, L50, M|100/100
|turn|10
|inactive|PickledogVGC has 30 seconds left.
|
|t:|1756732174
|-terastallize|p1b: Oooh banana|Fire
|move|p1b: Oooh banana|Wood Hammer|p2b: Sneasler
|-resisted|p2b: Sneasler
|-crit|p2b: Sneasler
|-damage|p2b: Sneasler|0 fnt
|faint|p2b: Sneasler
|-damage|p1b: Oooh banana|70/100|[from] Recoil
|move|p1a: Dragonite|Iron Head|p2a: Indeedee
|-damage|p2a: Indeedee|14/100
|cant|p2a: Indeedee|flinch
|
|-heal|p1b: Oooh banana|76/100|[from] Grassy Terrain
|-heal|p2a: Indeedee|19/100|[from] Grassy Terrain
|upkeep
|turn|11
|
|t:|1756732188
|move|p1b: Oooh banana|Grassy Glide|p2a: Indeedee
|-damage|p2a: Indeedee|0 fnt
|faint|p2a: Indeedee
|
|win|PickledogVGC
|c|☆PickledogVGC|ggs
|l| don zaloog is real
|l|☆ApolloLou
|player|p2|
