|j|☆Aircross360
|j|☆hannahtgp_8
|html|Aircross360hannahtgp_8    
|uhtml|bestof|Game 1 of a best-of-3
|t:|1756409868
|gametype|doubles
|player|p1|Aircross360|169|1094
|player|p2|hannahtgp_8|cowgirl|1007
|gen|9
|tier|[Gen 9] VGC 2025 Reg H (Bo3)
|rated|
|rule|Species Clause: Limit one of each Pokémon
|rule|Item Clause: Limit 1 of each item
|clearpoke
|poke|p1|Annihilape, L50, F|
|poke|p1|Gholdengo, L50|
|poke|p1|Dragonite, L50, F|
|poke|p1|Ninetales-Alola, L50, F|
|poke|p1|Magmar, L50, F|
|poke|p1|Ursaluna-Bloodmoon, L50, M|
|poke|p2|Rillaboom, L50, F|
|poke|p2|Empoleon, L50, F|
|poke|p2|Incineroar, L50, F|
|poke|p2|Gholdengo, L50|
|poke|p2|Whimsicott, L50, F|
|poke|p2|Garchomp, L50, M|
|teampreview|4
|showteam|p1|Annihilape||SafetyGoggles|Defiant|DrainPunch,RageFist,BulkUp,Protect|||F|||50|,,,,,Water]Gholdengo||MetalCoat|GoodasGold|MakeItRain,ShadowBall,NastyPlot,Protect||||||50|,,,,,Dragon]Dragonite||LoadedDice|Multiscale|ScaleShot,ExtremeSpeed,Tailwind,Protect|||F|||50|,,,,,Fairy]Ninetales-Alola||LightClay|SnowWarning|Blizzard,Encore,IceShard,AuroraVeil|||F|||50|,,,,,Ghost]Magmar||Eviolite|FlameBody|Overheat,FollowMe,Protect,ClearSmog|||F|||50|,,,,,Ghost]Ursaluna-Bloodmoon||AssaultVest|MindsEye|BloodMoon,EarthPower,HyperVoice,VacuumWave|||M|||50|,,,,,Water
|showteam|p2|Rillaboom||Leftovers|GrassySurge|FakeOut,GrassyGlide,DrumBeating,KnockOff|||F|||50|,,,,,Ghost]Empoleon||BlunderPolicy|Competitive|FlashCannon,Brine,Protect,HydroPump|||F|||50|,,,,,Steel]Incineroar||SafetyGoggles|Intimidate|FakeOut,FlareBlitz,Protect,PartingShot|||F|||50|,,,,,Fairy]Gholdengo||FocusSash|GoodasGold|MakeItRain,Protect,NastyPlot,ShadowBall||||||50|,,,,,Normal]Whimsicott||EjectButton|Prankster|Tailwind,Protect,Encore,Moonblast|||F|||50|,,,,,Steel]Garchomp||LifeOrb|RoughSkin|Earthquake,DragonClaw,Protect,StompingTantrum|||M|||50|,,,,,Ground
|inactive|Battle timer is ON: inactive players will automatically lose when time's up. (requested by hannahtgp_8)
|c|☆hannahtgp_8|Hoi
|inactive|Aircross360 has 60 seconds left.
|c|☆Aircross360|hi
|c|☆hannahtgp_8|Scary team you got there
|inactive|Aircross360 has 30 seconds left.
|inactive|Aircross360 has 20 seconds left.
|inactive|Aircross360 has 15 seconds left.
|
|t:|1756409969
|teamsize|p1|4
|teamsize|p2|4
|start
|switch|p1a: Ninetales|Ninetales-Alola, L50, F|100/100
|switch|p1b: Annihilape|Annihilape, L50, F|100/100
|switch|p2a: Whimsicott|Whimsicott, L50, F|100/100
|switch|p2b: Incineroar|Incineroar, L50, F|100/100
|-weather|Snowscape|[from] ability: Snow Warning|[of] p1a: Ninetales
|-ability|p2b: Incineroar|Intimidate|boost
|-unboost|p1a: Ninetales|atk|1
|-unboost|p1b: Annihilape|atk|1
|-ability|p1b: Annihilape|Defiant|boost
|-boost|p1b: Annihilape|atk|2
|turn|1
|inactive|Aircross360 has 30 seconds left.
|inactive|Aircross360 has 20 seconds left.
|
|t:|1756410006
|move|p2a: Whimsicott|Tailwind|p2a: Whimsicott
|-sidestart|p2: hannahtgp_8|move: Tailwind
|move|p2b: Incineroar|Flare Blitz|p1a: Ninetales
|-supereffective|p1a: Ninetales
|-damage|p1a: Ninetales|10/100
|-damage|p2b: Incineroar|75/100|[from] Recoil
|move|p1a: Ninetales|Blizzard|p2a: Whimsicott|[spread] p2a,p2b
|-supereffective|p2a: Whimsicott
|-resisted|p2b: Incineroar
|-damage|p2a: Whimsicott|29/100
|-damage|p2b: Incineroar|62/100
|-enditem|p2a: Whimsicott|Eject Button
|inactive|hannahtgp_8 has 30 seconds left.
|
|t:|1756410036
|switch|p2a: Gholdengo|Gholdengo, L50|100/100
|move|p1b: Annihilape|Drain Punch|p2b: Incineroar
|-supereffective|p2b: Incineroar
|-damage|p2b: Incineroar|0 fnt
|faint|p2b: Incineroar
|
|-weather|Snowscape|[upkeep]
|upkeep
|
|t:|1756410043
|switch|p2b: Whimsicott|Whimsicott, L50, F|29/100
|turn|2
|inactive|Aircross360 has 30 seconds left.
|inactive|Aircross360 has 20 seconds left.
|
|t:|1756410080
|-terastallize|p1b: Annihilape|Water
|move|p1a: Ninetales|Ice Shard|p2b: Whimsicott
|-supereffective|p2b: Whimsicott
|-damage|p2b: Whimsicott|17/100
|move|p2a: Gholdengo|Make It Rain|p1b: Annihilape|[spread] p1a,p1b
|-supereffective|p1a: Ninetales
|-resisted|p1b: Annihilape
|-damage|p1a: Ninetales|0 fnt
|-damage|p1b: Annihilape|80/100
|-unboost|p2a: Gholdengo|spa|1
|faint|p1a: Ninetales
|move|p2b: Whimsicott|Moonblast|p1b: Annihilape
|-damage|p1b: Annihilape|55/100
|-unboost|p1b: Annihilape|spa|1
|-ability|p1b: Annihilape|Defiant|boost
|-boost|p1b: Annihilape|atk|2
|move|p1b: Annihilape|Bulk Up|p1b: Annihilape
|-boost|p1b: Annihilape|atk|1
|-boost|p1b: Annihilape|def|1
|
|-weather|Snowscape|[upkeep]
|upkeep
|
|t:|1756410096
|switch|p1a: Magmar|Magmar, L50, F|100/100
|turn|3
|inactive|hannahtgp_8 has 30 seconds left.
|
|t:|1756410127
|move|p2a: Gholdengo|Protect|p2a: Gholdengo
|-singleturn|p2a: Gholdengo|Protect
|move|p1a: Magmar|Follow Me|p1a: Magmar
|-singleturn|p1a: Magmar|move: Follow Me
|move|p2b: Whimsicott|Encore|p1a: Magmar
|-start|p1a: Magmar|Encore
|move|p1b: Annihilape|Rage Fist|p2a: Gholdengo
|-activate|p2a: Gholdengo|move: Protect
|
|-weather|Snowscape|[upkeep]
|upkeep
|turn|4
|inactive|Aircross360 has 30 seconds left.
|inactive|Aircross360 has 20 seconds left.
|
|t:|1756410166
|-terastallize|p2a: Gholdengo|Normal
|move|p2b: Whimsicott|Protect|p2b: Whimsicott
|-singleturn|p2b: Whimsicott|Protect
|move|p1a: Magmar|Follow Me|p1a: Magmar
|-singleturn|p1a: Magmar|move: Follow Me
|move|p2a: Gholdengo|Nasty Plot|p2a: Gholdengo
|-boost|p2a: Gholdengo|spa|2
|move|p1b: Annihilape|Drain Punch|p2a: Gholdengo
|-supereffective|p2a: Gholdengo
|-enditem|p2a: Gholdengo|Focus Sash
|-damage|p2a: Gholdengo|1/100
|-heal|p1b: Annihilape|94/100|[from] drain|[of] p2a: Gholdengo
|
|-weather|Snowscape|[upkeep]
|-sideend|p2: hannahtgp_8|move: Tailwind
|upkeep
|turn|5
|inactive|Aircross360 has 30 seconds left.
|inactive|Aircross360 has 20 seconds left.
|inactive|Aircross360 has 15 seconds left.
|
|t:|1756410207
|move|p1a: Magmar|Follow Me|p1a: Magmar
|-singleturn|p1a: Magmar|move: Follow Me
|move|p2b: Whimsicott|Tailwind|p2b: Whimsicott
|-sidestart|p2: hannahtgp_8|move: Tailwind
|move|p2a: Gholdengo|Make It Rain|p1b: Annihilape|[spread] p1a,p1b
|-resisted|p1a: Magmar
|-resisted|p1b: Annihilape
|-damage|p1a: Magmar|72/100
|-damage|p1b: Annihilape|63/100
|-unboost|p2a: Gholdengo|spa|1
|move|p1b: Annihilape|Drain Punch|p2a: Gholdengo
|-supereffective|p2a: Gholdengo
|-damage|p2a: Gholdengo|0 fnt
|-heal|p1b: Annihilape|64/100|[from] drain|[of] p2a: Gholdengo
|faint|p2a: Gholdengo
|
|-weather|none
|upkeep
|
|t:|1756410220
|switch|p2a: Empoleon|Empoleon, L50, F|100/100
|turn|6
|inactive|Aircross360 has 30 seconds left.
|
|t:|1756410250
|move|p1a: Magmar|Follow Me|p1a: Magmar
|-singleturn|p1a: Magmar|move: Follow Me
|move|p2b: Whimsicott|Moonblast|p1a: Magmar
|-resisted|p1a: Magmar
|-damage|p1a: Magmar|63/100
|move|p2a: Empoleon|Hydro Pump|p1a: Magmar|[miss]
|-miss|p2a: Empoleon|p1a: Magmar
|-enditem|p2a: Empoleon|Blunder Policy
|-boost|p2a: Empoleon|spe|2
|move|p1b: Annihilape|Drain Punch|p2a: Empoleon
|-supereffective|p2a: Empoleon
|-damage|p2a: Empoleon|0 fnt
|-heal|p1b: Annihilape|100/100|[from] drain|[of] p2a: Empoleon
|faint|p2a: Empoleon
|
|-end|p1a: Magmar|Encore
|upkeep
|turn|7
|inactive|hannahtgp_8 has 30 seconds left.
|
|t:|1756410276
|move|p2b: Whimsicott|Moonblast|p1a: Magmar
|-resisted|p1a: Magmar
|-damage|p1a: Magmar|53/100
|move|p1b: Annihilape|Rage Fist|p2b: Whimsicott
|-damage|p2b: Whimsicott|0 fnt
|faint|p2b: Whimsicott
|
|win|Aircross360
||Aircross360 is ready for game 2.
||hannahtgp_8 is ready for game 2.
|uhtml|next|Next: Game 2 of 3
|l|☆hannahtgp_8
|player|p2|
