|j|☆Uncreative7452
|j|☆fayzginger
|html|Uncreative7452fayzginger    
|uhtml|bestof|Game 3 of a best-of-3
|t:|1756763412
|gametype|doubles
|player|p1|Uncreative7452|tuber|1073
|player|p2|fayzginger|benga|1184
|gen|9
|tier|[Gen 9] VGC 2025 Reg H (Bo3)
|rated|
|rule|Species Clause: Limit one of each Pokémon
|rule|Item Clause: Limit 1 of each item
|clearpoke
|poke|p1|Rillaboom, L50, M|
|poke|p1|Gallade, L50, M|
|poke|p1|Magmar, L50, F|
|poke|p1|Bronzong, L50|
|poke|p1|Primarina, L50, F|
|poke|p1|Alcremie, L50, F|
|poke|p2|Tyranitar, L50, M|
|poke|p2|Ursaluna-Bloodmoon, L50, M|
|poke|p2|Sneasler, L50, F|
|poke|p2|Indeedee, L50, M|
|poke|p2|Volcarona, L50, M|
|poke|p2|Annihilape, L50, M|
|teampreview|4
|showteam|p1|Rillaboom||AssaultVest|GrassySurge|GrassyGlide,WoodHammer,Uturn,FakeOut|||M|||50|,,,,,Fire]Gallade||ClearAmulet|Sharpness|PsychoCut,SacredSword,WideGuard,TrickRoom|||M|||50|,,,,,Fire]Magmar||Eviolite|VitalSpirit|FollowMe,HeatWave,WillOWisp,Protect|||F|||50|,,,,,Ghost]Bronzong||SafetyGoggles|HeavyMetal|HeavySlam,TrickRoom,BodyPress,GyroBall||||||50|,,,,,Water]Primarina||ThroatSpray|LiquidVoice|HyperVoice,Moonblast,Protect,Encore|||F|||50|,,,,,Water]Alcremie||CovertCloak|AromaVeil|AlluringVoice,Decorate,Protect,HelpingHand|||F|||50|,,,,,Steel
|showteam|p2|Tyranitar||AssaultVest|SandStream|TeraBlast,KnockOff,RockSlide,LowKick|||M|||50|,,,,,Flying]Ursaluna-Bloodmoon||LifeOrb|MindsEye|Protect,BloodMoon,HyperVoice,EarthPower|||M|||50|,,,,,Normal]Sneasler||PsychicSeed|Unburden|Protect,CloseCombat,DireClaw,ThroatChop|||F|||50|,,,,,Dark]Indeedee||ChoiceScarf|PsychicSurge|ExpandingForce,TeraBlast,Trick,Protect|||M|||50|,,,,,Psychic]Volcarona||SitrusBerry|FlameBody|Overheat,RagePowder,StruggleBug,Tailwind|||M|||50|,,,,,Grass]Annihilape||SafetyGoggles|Defiant|CloseCombat,RageFist,FinalGambit,Taunt|||M|||50|,,,,,Fairy
|
|t:|1756763428
|teamsize|p1|4
|teamsize|p2|4
|start
|switch|p1a: Bronzong|Bronzong, L50|100/100
|switch|p1b: Magmar|Magmar, L50, F|100/100
|switch|p2a: Tyranitar|Tyranitar, L50, M, shiny|100/100
|switch|p2b: Annihilape|Annihilape, L50, M, shiny|100/100
|-weather|Sandstorm|[from] ability: Sand Stream|[of] p2a: Tyranitar
|turn|1
|
|t:|1756763434
|move|p1b: Magmar|Follow Me|p1b: Magmar
|-singleturn|p1b: Magmar|move: Follow Me
|move|p2b: Annihilape|Taunt|p1b: Magmar
|-start|p1b: Magmar|move: Taunt
|move|p2a: Tyranitar|Rock Slide|p1b: Magmar|[spread] p1a
|-miss|p2a: Tyranitar|p1b: Magmar
|-resisted|p1a: Bronzong
|-damage|p1a: Bronzong|90/100
|move|p1a: Bronzong|Trick Room|p1a: Bronzong
|-fieldstart|move: Trick Room|[of] p1a: Bronzong
|
|-weather|Sandstorm|[upkeep]
|-damage|p1b: Magmar|95/100|[from] Sandstorm
|upkeep
|turn|2
|
|t:|1756763467
|move|p1a: Bronzong|Body Press|p2a: Tyranitar
|-supereffective|p2a: Tyranitar
|-damage|p2a: Tyranitar|10/100
|move|p1b: Magmar|Heat Wave|p2b: Annihilape|[spread] p2a,p2b
|-resisted|p2a: Tyranitar
|-damage|p2a: Tyranitar|5/100
|-damage|p2b: Annihilape|76/100
|move|p2a: Tyranitar|Rock Slide|p1a: Bronzong|[spread] p1a,p1b
|-resisted|p1a: Bronzong
|-supereffective|p1b: Magmar
|-damage|p1a: Bronzong|79/100
|-damage|p1b: Magmar|45/100
|move|p2b: Annihilape|Rage Fist|p1a: Bronzong
|-supereffective|p1a: Bronzong
|-damage|p1a: Bronzong|23/100
|
|-weather|Sandstorm|[upkeep]
|-damage|p1b: Magmar|39/100|[from] Sandstorm
|upkeep
|turn|3
|
|t:|1756763486
|switch|p2a: Sneasler|Sneasler, L50, F, shiny|100/100
|move|p1a: Bronzong|Body Press|p2a: Sneasler
|-resisted|p2a: Sneasler
|-crit|p2a: Sneasler
|-damage|p2a: Sneasler|65/100
|move|p1b: Magmar|Heat Wave|p2a: Sneasler|[spread] p2b
|-miss|p1b: Magmar|p2a: Sneasler
|-damage|p2b: Annihilape|52/100
|move|p2b: Annihilape|Rage Fist|p1a: Bronzong
|-supereffective|p1a: Bronzong
|-damage|p1a: Bronzong|0 fnt
|faint|p1a: Bronzong
|
|-weather|Sandstorm|[upkeep]
|-damage|p1b: Magmar|33/100|[from] Sandstorm
|-damage|p2a: Sneasler|59/100|[from] Sandstorm
|upkeep
|
|t:|1756763490
|switch|p1a: Primarina|Primarina, L50, F|100/100
|turn|4
|
|t:|1756763510
|switch|p2a: Indeedee|Indeedee, L50, M, shiny|100/100
|-fieldstart|move: Psychic Terrain|[from] ability: Psychic Surge|[of] p2a: Indeedee
|-terastallize|p2b: Annihilape|Fairy
|move|p1a: Primarina|Moonblast|p2b: Annihilape
|-damage|p2b: Annihilape|4/100
|move|p1b: Magmar|Heat Wave|p2a: Indeedee|[spread] p2a,p2b
|-damage|p2a: Indeedee|63/100
|-damage|p2b: Annihilape|0 fnt
|faint|p2b: Annihilape
|
|-weather|Sandstorm|[upkeep]
|-damage|p1a: Primarina|95/100|[from] Sandstorm
|-damage|p1b: Magmar|27/100|[from] Sandstorm
|-damage|p2a: Indeedee|57/100|[from] Sandstorm
|-end|p1b: Magmar|move: Taunt
|upkeep
|
|t:|1756763520
|switch|p2b: Sneasler|Sneasler, L50, F, shiny|59/100
|-enditem|p2b: Sneasler|Psychic Seed
|-boost|p2b: Sneasler|spd|1|[from] item: Psychic Seed
|turn|5
|
|t:|1756763536
|move|p2b: Sneasler|Protect|p2b: Sneasler
|-singleturn|p2b: Sneasler|Protect
|move|p1a: Primarina|Hyper Voice|p2a: Indeedee|[spread] p2a
|-activate|p2b: Sneasler|move: Protect
|-damage|p2a: Indeedee|9/100
|-enditem|p1a: Primarina|Throat Spray
|-boost|p1a: Primarina|spa|1|[from] item: Throat Spray
|move|p1b: Magmar|Heat Wave|p2b: Sneasler|[spread] p2a
|-activate|p2b: Sneasler|move: Protect
|-damage|p2a: Indeedee|0 fnt
|faint|p2a: Indeedee
|
|-weather|none
|-fieldend|move: Trick Room
|upkeep
|
|t:|1756763548
|switch|p2a: Tyranitar|Tyranitar, L50, M, shiny|5/100
|-weather|Sandstorm|[from] ability: Sand Stream|[of] p2a: Tyranitar
|turn|6
|
|t:|1756763554
|move|p1b: Magmar|Follow Me|p1b: Magmar
|-singleturn|p1b: Magmar|move: Follow Me
|move|p2b: Sneasler|Dire Claw|p1b: Magmar
|-damage|p1b: Magmar|0 fnt
|faint|p1b: Magmar
|move|p2a: Tyranitar|Rock Slide|p1a: Primarina
|-crit|p1a: Primarina
|-damage|p1a: Primarina|24/100
|move|p1a: Primarina|Hyper Voice|p2a: Tyranitar|[spread] p2a,p2b
|-supereffective|p2a: Tyranitar
|-damage|p2a: Tyranitar|0 fnt
|-damage|p2b: Sneasler|5/100
|faint|p2a: Tyranitar
|
|-weather|Sandstorm|[upkeep]
|-damage|p2b: Sneasler|0 fnt|[from] Sandstorm
|-damage|p1a: Primarina|18/100|[from] Sandstorm
|faint|p2b: Sneasler
|
|win|Uncreative7452
|raw|Uncreative7452's rating: 1073 → 1111(+38 for winning)
|raw|fayzginger's rating: 1184 → 1151(-33 for losing)
