|j|ÔśćJulesRen
|j|Ôśćlillyrosethedemon
|html|JulesRenlillyrosethedemon    
|uhtml|bestof|Game 1 of a best-of-3
|t:|1757200970
|gametype|doubles
|player|p1|JulesRen|265|1157
|player|p2|lillyrosethedemon|parasollady|1197
|gen|9
|tier|[Gen 9] VGC 2025 Reg H (Bo3)
|rated|
|rule|Species Clause: Limit one of each Pok├ęmon
|rule|Item Clause: Limit 1 of each item
|clearpoke
|poke|p1|Tyranitar, L50, M|
|poke|p1|Garchomp, L50, F|
|poke|p1|Murkrow, L50, M|
|poke|p1|Ursaluna-Bloodmoon, L50, M|
|poke|p1|Sneasler, L50, M|
|poke|p1|Farigiraf, L50, M|
|poke|p2|Incineroar, L50, F|
|poke|p2|Ursaluna, L50, M|
|poke|p2|Kilowattrel, L50, F|
|poke|p2|Gholdengo, L50|
|poke|p2|Amoonguss, L50, F|
|poke|p2|Farigiraf, L50, F|
|teampreview|4
|showteam|p1|Tyranitar||AssaultVest|SandStream|RockSlide,TeraBlast,LowKick,KnockOff|||M|||50|,,,,,Flying]Garchomp||BrightPowder|SandVeil|Earthquake,DragonClaw,StompingTantrum,Protect|||F|||50|,,,,,Fire]Murkrow||Eviolite|Prankster|Haze,Tailwind,FoulPlay,Taunt|||M|||50|,,,,,Ghost]Ursaluna-Bloodmoon||FocusSash|MindsEye|BloodMoon,EarthPower,HyperVoice,Protect|||M|||50|,,,,,Normal]Sneasler||WhiteHerb|Unburden|ThroatChop,CloseCombat,DireClaw,Protect|||M|||50|,,,,,Dark]Farigiraf||ThroatSpray|ArmorTail|HyperVoice,Imprison,TrickRoom,Psychic|||M|||50|,,,,,Fairy
|showteam|p2|Incineroar||SafetyGoggles|Intimidate|FakeOut,KnockOff,FlareBlitz,PartingShot|||F|||50|,,,,,Ghost]Ursaluna||FlameOrb|Guts|Facade,HeadlongRush,Earthquake,Protect|||M|||50|,,,,,Fairy]Kilowattrel||FocusSash|Competitive|Thunderbolt,AirSlash,Tailwind,Protect|||F|||50|,,,,,Ghost]Gholdengo||LifeOrb|GoodasGold|MakeItRain,ShadowBall,NastyPlot,Protect||||||50|,,,,,Flying]Amoonguss||SitrusBerry|Regenerator|Spore,RagePowder,SludgeBomb,Protect|||F|||50|,,,,,Water]Farigiraf||ThroatSpray|ArmorTail|HyperVoice,Psychic,Protect,TrickRoom|||F|||50|,,,,,Fairy
|
|t:|1757201053
|teamsize|p1|4
|teamsize|p2|4
|start
|switch|p1a: Farigiraf|Farigiraf, L50, M|100/100
|switch|p1b: Sneasler|Sneasler, L50, M|100/100
|switch|p2a: Incineroar|Incineroar, L50, F|100/100
|switch|p2b: Farigiraf|Farigiraf, L50, F|100/100
|-ability|p2a: Incineroar|Intimidate|boost
|-unboost|p1a: Farigiraf|atk|1
|-unboost|p1b: Sneasler|atk|1
|-enditem|p1b: Sneasler|White Herb
|-clearnegativeboost|p1b: Sneasler|[silent]
|turn|1
|inactive|Battle timer is ON: inactive players will automatically lose when time's up. (requested by JulesRen)
|
|t:|1757201071
|-terastallize|p2a: Incineroar|Ghost
|-terastallize|p1a: Farigiraf|Fairy
|move|p2b: Farigiraf|Protect|p2b: Farigiraf
|-singleturn|p2b: Farigiraf|Protect
|move|p1b: Sneasler|Throat Chop|p2a: Incineroar
|-supereffective|p2a: Incineroar
|-damage|p2a: Incineroar|47/100
|-start|p2a: Incineroar|Throat Chop|[silent]
|cant|p2a: Incineroar|move: Throat Chop
|move|p1a: Farigiraf|Imprison|p1a: Farigiraf
|-start|p1a: Farigiraf|move: Imprison
|
|upkeep
|turn|2
|inactive|JulesRen has 30 seconds left.
|
|t:|1757201100
|switch|p2a: ŰŻÇŰíŁŰéś|Amoonguss, L50, F, shiny|100/100
|switch|p2b: Dinko|Ursaluna, L50, M|100/100
|move|p1b: Sneasler|Dire Claw|p2b: Dinko
|-resisted|p2b: Dinko
|-damage|p2b: Dinko|83/100
|move|p1a: Farigiraf|Psychic|p2a: ŰŻÇŰíŁŰéś
|-supereffective|p2a: ŰŻÇŰíŁŰéś
|-damage|p2a: ŰŻÇŰíŁŰéś|29/100
|-enditem|p2a: ŰŻÇŰíŁŰéś|Sitrus Berry|[eat]
|-heal|p2a: ŰŻÇŰíŁŰéś|54/100|[from] item: Sitrus Berry
|
|-status|p2b: Dinko|brn|[from] item: Flame Orb
|upkeep
|turn|3
|inactive|lillyrosethedemon has 30 seconds left.
|
|t:|1757201129
|move|p2a: ŰŻÇŰíŁŰéś|Rage Powder|p2a: ŰŻÇŰíŁŰéś
|-singleturn|p2a: ŰŻÇŰíŁŰéś|move: Rage Powder
|move|p1b: Sneasler|Close Combat|p2a: ŰŻÇŰíŁŰéś
|-resisted|p2a: ŰŻÇŰíŁŰéś
|-damage|p2a: ŰŻÇŰíŁŰéś|27/100
|-unboost|p1b: Sneasler|def|1
|-unboost|p1b: Sneasler|spd|1
|move|p2b: Dinko|Facade|p1a: Farigiraf
|-damage|p1a: Farigiraf|0 fnt
|faint|p1a: Farigiraf
|
|-damage|p2b: Dinko|77/100 brn|[from] brn
|upkeep
|
|t:|1757201142
|switch|p1a: Tyranitar|Tyranitar, L50, M|100/100
|-weather|Sandstorm|[from] ability: Sand Stream|[of] p1a: Tyranitar
|turn|4
|
|t:|1757201160
|move|p2a: ŰŻÇŰíŁŰéś|Rage Powder|p2a: ŰŻÇŰíŁŰéś
|-singleturn|p2a: ŰŻÇŰíŁŰéś|move: Rage Powder
|move|p1b: Sneasler|Dire Claw|p2a: ŰŻÇŰíŁŰéś
|-damage|p2a: ŰŻÇŰíŁŰéś|0 fnt
|faint|p2a: ŰŻÇŰíŁŰéś
|move|p1a: Tyranitar|Low Kick|p2b: Dinko
|-supereffective|p2b: Dinko
|-damage|p2b: Dinko|4/100 brn
|move|p2b: Dinko|Earthquake|p1a: Tyranitar|[spread] p1a,p1b
|-supereffective|p1a: Tyranitar
|-supereffective|p1b: Sneasler
|-damage|p1a: Tyranitar|0 fnt
|-damage|p1b: Sneasler|0 fnt
|faint|p1a: Tyranitar
|faint|p1b: Sneasler
|
|-weather|Sandstorm|[upkeep]
|-damage|p2b: Dinko|0 fnt|[from] brn
|faint|p2b: Dinko
|upkeep
|
|t:|1757201176
|switch|p1a: Garchomp|Garchomp, L50, F|100/100
|switch|p2b: Incineroar|Incineroar, L50, F, tera:Ghost|47/100
|switch|p2a: Farigiraf|Farigiraf, L50, F|100/100
|-ability|p2b: Incineroar|Intimidate|boost
|-unboost|p1a: Garchomp|atk|1
|turn|5
|
|t:|1757201188
|move|p1a: Garchomp|Protect|p1a: Garchomp
|-singleturn|p1a: Garchomp|Protect
|move|p2b: Incineroar|Fake Out|p1a: Garchomp
|-activate|p1a: Garchomp|move: Protect
|move|p2a: Farigiraf|Trick Room|p2a: Farigiraf
|-fieldstart|move: Trick Room|[of] p2a: Farigiraf
|
|-weather|Sandstorm|[upkeep]
|-damage|p2a: Farigiraf|94/100|[from] Sandstorm
|upkeep
|turn|6
|
|t:|1757201203
|move|p2a: Farigiraf|Hyper Voice|p1a: Garchomp|[miss]
|-miss|p2a: Farigiraf|p1a: Garchomp
|move|p2b: Incineroar|Knock Off|p1a: Garchomp
|-damage|p1a: Garchomp|66/100
|-enditem|p1a: Garchomp|Bright Powder|[from] move: Knock Off|[of] p2b: Incineroar
|move|p1a: Garchomp|Dragon Claw|p2b: Incineroar
|-damage|p2b: Incineroar|22/100
|
|-weather|Sandstorm|[upkeep]
|-damage|p2a: Farigiraf|88/100|[from] Sandstorm
|upkeep
|turn|7
|
|t:|1757201215
|move|p2a: Farigiraf|Hyper Voice|p1a: Garchomp|[miss]
|-miss|p2a: Farigiraf|p1a: Garchomp
|move|p2b: Incineroar|Parting Shot|p1a: Garchomp|[miss]
|-miss|p2b: Incineroar|p1a: Garchomp
|move|p1a: Garchomp|Earthquake|p2a: Farigiraf|[spread] p2a,p2b
|-damage|p2a: Farigiraf|63/100
|-damage|p2b: Incineroar|0 fnt
|faint|p2b: Incineroar
|
|-weather|Sandstorm|[upkeep]
|-damage|p2a: Farigiraf|57/100|[from] Sandstorm
|upkeep
|turn|8
|
|t:|1757201226
|move|p2a: Farigiraf|Hyper Voice|p1a: Garchomp
|-damage|p1a: Garchomp|29/100
|-enditem|p2a: Farigiraf|Throat Spray
|-boost|p2a: Farigiraf|spa|1|[from] item: Throat Spray
|move|p1a: Garchomp|Earthquake|p2a: Farigiraf
|-damage|p2a: Farigiraf|24/100
|
|-weather|none
|upkeep
|turn|9
|
|t:|1757201235
|move|p1a: Garchomp|Protect|p1a: Garchomp
|-singleturn|p1a: Garchomp|Protect
|move|p2a: Farigiraf|Hyper Voice|p1a: Garchomp
|-activate|p1a: Garchomp|move: Protect
|
|-fieldend|move: Trick Room
|upkeep
|turn|10
|
|t:|1757201241
|move|p1a: Garchomp|Earthquake|p2a: Farigiraf
|-damage|p2a: Farigiraf|0 fnt
|faint|p2a: Farigiraf
|
|win|JulesRen
||lillyrosethedemon is ready for game 2.
||JulesRen is ready for game 2.
|uhtml|next|Next: Game 2 of 3
