|j|☆DanielderKonig
|j|☆gruby_2
|html|DanielderKoniggruby_2    
|uhtml|bestof|Game 2 of a best-of-3
|t:|1757097174
|gametype|doubles
|player|p1|DanielderKonig|101|1137
|player|p2|gruby_2|medium|1175
|gen|9
|tier|[Gen 9] VGC 2025 Reg H (Bo3)
|rated|
|rule|Species Clause: Limit one of each Pokémon
|rule|Item Clause: Limit 1 of each item
|clearpoke
|poke|p1|Dragonite, L50, M|
|poke|p1|Gholdengo, L50|
|poke|p1|Ursaluna-Bloodmoon, L50, M|
|poke|p1|Annihilape, L50, F|
|poke|p1|Maushold-Four, L50|
|poke|p1|Rillaboom, L50, M|
|poke|p2|Amoonguss, L50, F|
|poke|p2|Ursaluna-Bloodmoon, L50, M|
|poke|p2|Torkoal, L50, F|
|poke|p2|Porygon2, L50|
|poke|p2|Incineroar, L50, F|
|poke|p2|Dragapult, L50, M|
|teampreview|4
|showteam|p1|Dragonite||LoadedDice|Multiscale|ScaleShot,Tailwind,Haze,Protect|||M|||50|,,,,,Fairy]Gholdengo||LifeOrb|GoodasGold|MakeItRain,ShadowBall,NastyPlot,Protect||||||50|,,,,,Water]Ursaluna-Bloodmoon||AssaultVest|MindsEye|BloodMoon,EarthPower,HyperVoice,VacuumWave|||M|||50|,,,,,Water]Annihilape||SitrusBerry|Defiant|DrainPunch,RageFist,BulkUp,Protect|||F|||50|,,,,,Fire]Maushold-Four||FocusSash|FriendGuard|SuperFang,BeatUp,FollowMe,Protect||||||50|,,,,,Ghost]Rillaboom||MiracleSeed|GrassySurge|WoodHammer,GrassyGlide,HighHorsepower,FakeOut|||M|||50|,,,,,Fire
|showteam|p2|Amoonguss||SitrusBerry|Regenerator|PollenPuff,RagePowder,Protect,Spore|||F|||50|,,,,,Dark]Ursaluna-Bloodmoon||LifeOrb|MindsEye|Protect,HyperVoice,BloodMoon,EarthPower|||M|||50|,,,,,Grass]Torkoal||Charcoal|Drought|Eruption,Protect,EarthPower,HeatWave|||F|||50|,,,,,Fire]Porygon2||Eviolite|Download|Recover,TrickRoom,Protect,IceBeam||||||50|,,,,,Ghost]Incineroar||SafetyGoggles|Intimidate|FakeOut,KnockOff,WillOWisp,PartingShot|||F|||50|,,,,,Water]Dragapult||ChoiceBand|ClearBody|DragonDarts,PhantomForce,Outrage,Uturn|||M|||50|,,,,,Steel
|inactive|Battle timer is ON: inactive players will automatically lose when time's up. (requested by gruby_2)
|inactive|gruby_2 has 60 seconds left.
|
|t:|1757097217
|teamsize|p1|4
|teamsize|p2|4
|start
|switch|p1a: Ursaluna|Ursaluna-Bloodmoon, L50, M|100/100
|switch|p1b: Gholdengo|Gholdengo, L50|100/100
|switch|p2a: Dragapult|Dragapult, L50, M|100/100
|switch|p2b: Porygon2|Porygon2, L50|100/100
|-ability|p2b: Porygon2|Download|boost
|-boost|p2b: Porygon2|spa|1
|turn|1
|inactive|DanielderKonig has 30 seconds left.
|inactive|gruby_2 has 30 seconds left.
|inactive|DanielderKonig has 20 seconds left.
|inactive|gruby_2 has 20 seconds left.
|inactive|DanielderKonig has 15 seconds left.
|
|t:|1757097258
|-terastallize|p1b: Gholdengo|Water
|move|p2a: Dragapult|Outrage|p1a: Ursaluna
|-damage|p1a: Ursaluna|41/100
|move|p1b: Gholdengo|Make It Rain|p2a: Dragapult|[spread] p2a,p2b
|-damage|p2a: Dragapult|26/100
|-damage|p2b: Porygon2|66/100
|-unboost|p1b: Gholdengo|spa|1
|-damage|p1b: Gholdengo|91/100|[from] item: Life Orb
|move|p2b: Porygon2|Ice Beam|p1a: Ursaluna
|-supereffective|p1a: Ursaluna
|-damage|p1a: Ursaluna|0 fnt
|faint|p1a: Ursaluna
|
|upkeep
|
|t:|1757097281
|switch|p1a: Maushold|Maushold-Four, L50|100/100
|turn|2
|
|t:|1757097301
|move|p1a: Maushold|Follow Me|p1a: Maushold
|-singleturn|p1a: Maushold|move: Follow Me
|move|p2a: Dragapult|Outrage|p1a: Maushold|[from] lockedmove
|-enditem|p1a: Maushold|Focus Sash
|-damage|p1a: Maushold|1/100
|-start|p2a: Dragapult|confusion|[fatigue]
|move|p1b: Gholdengo|Nasty Plot|p1b: Gholdengo
|-boost|p1b: Gholdengo|spa|2
|move|p2b: Porygon2|Trick Room|p2b: Porygon2
|-fieldstart|move: Trick Room|[of] p2b: Porygon2
|
|upkeep
|turn|3
|
|t:|1757097318
|move|p1a: Maushold|Follow Me|p1a: Maushold
|-singleturn|p1a: Maushold|move: Follow Me
|move|p2b: Porygon2|Ice Beam|p1a: Maushold
|-damage|p1a: Maushold|0 fnt
|faint|p1a: Maushold
|move|p1b: Gholdengo|Make It Rain|p2b: Porygon2|[spread] p2a,p2b
|-damage|p2a: Dragapult|0 fnt
|-damage|p2b: Porygon2|9/100
|-unboost|p1b: Gholdengo|spa|1
|faint|p2a: Dragapult
|-damage|p1b: Gholdengo|81/100|[from] item: Life Orb
|
|upkeep
|
|t:|1757097338
|switch|p1a: Rillaboom|Rillaboom, L50, M|100/100
|switch|p2a: Torkoal|Torkoal, L50, F|100/100
|-weather|SunnyDay|[from] ability: Drought|[of] p2a: Torkoal
|-fieldstart|move: Grassy Terrain|[from] ability: Grassy Surge|[of] p1a: Rillaboom
|turn|4
|inactive|DanielderKonig has 30 seconds left.
|
|t:|1757097367
|-terastallize|p2a: Torkoal|Fire
|move|p1a: Rillaboom|Grassy Glide|p2b: Porygon2
|-damage|p2b: Porygon2|0 fnt
|faint|p2b: Porygon2
|move|p2a: Torkoal|Eruption|p1a: Rillaboom|[spread] p1a,p1b
|-supereffective|p1a: Rillaboom
|-crit|p1a: Rillaboom
|-resisted|p1b: Gholdengo
|-damage|p1a: Rillaboom|0 fnt
|-damage|p1b: Gholdengo|14/100
|faint|p1a: Rillaboom
|move|p1b: Gholdengo|Shadow Ball|p2a: Torkoal
|-damage|p2a: Torkoal|34/100
|-damage|p1b: Gholdengo|4/100|[from] item: Life Orb
|
|-weather|SunnyDay|[upkeep]
|-heal|p2a: Torkoal|41/100|[from] Grassy Terrain
|-heal|p1b: Gholdengo|11/100|[from] Grassy Terrain
|upkeep
|
|t:|1757097376
|switch|p2b: Ursaluna|Ursaluna-Bloodmoon, L50, M|100/100
|turn|5
|
|t:|1757097382
|move|p1b: Gholdengo|Protect|p1b: Gholdengo
|-singleturn|p1b: Gholdengo|Protect
|move|p2a: Torkoal|Earth Power|p1b: Gholdengo
|-activate|p1b: Gholdengo|move: Protect
|move|p2b: Ursaluna|Hyper Voice|p1b: Gholdengo
|-activate|p1b: Gholdengo|move: Protect
|
|-weather|SunnyDay|[upkeep]
|-heal|p2a: Torkoal|47/100|[from] Grassy Terrain
|-heal|p1b: Gholdengo|17/100|[from] Grassy Terrain
|upkeep
|turn|6
|
|t:|1757097391
|move|p1b: Gholdengo|Protect|p1b: Gholdengo
|-singleturn|p1b: Gholdengo|Protect
|move|p2a: Torkoal|Earth Power|p1b: Gholdengo
|-activate|p1b: Gholdengo|move: Protect
|move|p2b: Ursaluna|Hyper Voice|p1b: Gholdengo
|-activate|p1b: Gholdengo|move: Protect
|
|-weather|SunnyDay|[upkeep]
|-heal|p2a: Torkoal|53/100|[from] Grassy Terrain
|-heal|p1b: Gholdengo|23/100|[from] Grassy Terrain
|-fieldend|move: Trick Room
|upkeep
|turn|7
|
|t:|1757097402
|move|p1b: Gholdengo|Make It Rain|p2a: Torkoal|[spread] p2a,p2b
|-resisted|p2a: Torkoal
|-damage|p2a: Torkoal|18/100
|-damage|p2b: Ursaluna|33/100
|-unboost|p1b: Gholdengo|spa|1
|-damage|p1b: Gholdengo|13/100|[from] item: Life Orb
|move|p2b: Ursaluna|Blood Moon|p1b: Gholdengo
|-damage|p1b: Gholdengo|0 fnt
|faint|p1b: Gholdengo
|-damage|p2b: Ursaluna|23/100|[from] item: Life Orb
|
|win|gruby_2
||gruby_2 is ready for game 3.
||DanielderKonig is ready for game 3.
|uhtml|next|Next: Game 3 of 3
