|j|☆disobedient_vgc
|j|☆jeanryupr
|html|disobedient_vgcjeanryupr    
|uhtml|bestof|Game 1 of a best-of-3
|t:|1785888405
|gametype|doubles
|player|p1|disobedient_vgc|leon|
|player|p2|jeanryupr|169|
|gen|9
|tier|[Gen 9 Champions] VGC 2026 Reg M-B (Bo3)
|rule|Species Clause: Limit one of each Pokémon
|rule|Item Clause: Limit 1 of each item
|clearpoke
|poke|p1|Gengar, L50, M|
|poke|p1|Incineroar, L50, M, shiny|
|poke|p1|Vivillon-Sandstorm, L50, F|
|poke|p1|Politoed, L50, F|
|poke|p1|Archaludon, L50, F, shiny|
|poke|p1|Swampert, L50, M, shiny|
|poke|p2|Staraptor, L50, M|
|poke|p2|Glimmora, L50, F|
|poke|p2|Whimsicott, L50, F|
|poke|p2|Kingambit, L50, M|
|poke|p2|Garchomp, L50, M|
|poke|p2|Delphox, L50, M|
|teampreview|4
|showteam|p1|Gengar||Gengarite|CursedBody|Protect,PerishSong,ShadowBall,SludgeBomb|Timid||M|||50|]Incineroar||PasshoBerry|Intimidate|FakeOut,Protect,PartingShot,ThroatChop|Sassy||M|||50|]Vivillon-Sandstorm||FocusSash|FriendGuard|Protect,RagePowder,SleepPowder,Hurricane|Timid||F|||50|]Politoed||SitrusBerry|Drizzle|Protect,PerishSong,Encore,WeatherBall|Calm||F|||50|]Archaludon||Leftovers|Stamina|Protect,ElectroShot,DragonPulse,FlashCannon|Calm||F|||50|]Swampert||Swampertite|Torrent|Protect,WaveCrash,Earthquake,IcePunch|Adamant||M|||50|
|showteam|p2|Staraptor||Staraptite|Intimidate|CloseCombat,BraveBird,Roost,Protect|Jolly||M|||50|]Glimmora||FocusSash|ToxicDebris|PowerGem,SludgeBomb,EarthPower,SpikyShield|Modest||F|||50|]Whimsicott||OccaBerry|Prankster|Tailwind,Moonblast,Charm,LightScreen|Timid||F|||50|]Kingambit||ChopleBerry|Defiant|KowtowCleave,IronHead,LowKick,SuckerPunch|Adamant||M|||50|]Garchomp||ChoiceScarf|RoughSkin|Earthquake,DragonClaw,RockSlide,StompingTantrum|Adamant||M|||50|]Delphox||Delphoxite|Blaze|HeatWave,Psychic,Encore,Protect|Timid||M|||50|
|
|t:|1785888444
|teamsize|p1|4
|teamsize|p2|4
|start
|switch|p1a: Politoed|Politoed, L50, F|100/100
|switch|p1b: Swampert|Swampert, L50, M, shiny|100/100
|switch|p2a: Garchomp|Garchomp, L50, M|100/100
|switch|p2b: Staraptor|Staraptor, L50, M|100/100
|-ability|p2b: Staraptor|Intimidate|boost
|-unboost|p1a: Politoed|atk|1
|-unboost|p1b: Swampert|atk|1
|-weather|RainDance|[from] ability: Drizzle|[of] p1a: Politoed
|turn|1
|
|t:|1785888480
|detailschange|p2b: Staraptor|Staraptor-Mega, L50, M
|-mega|p2b: Staraptor|Staraptor|Staraptite
|detailschange|p1b: Swampert|Swampert-Mega, L50, M, shiny
|-mega|p1b: Swampert|Swampert|Swampertite
|move|p1b: Swampert|Wave Crash|p2b: Staraptor
|-damage|p2b: Staraptor|24/100
|-damage|p1b: Swampert|73/100|[from] Recoil
|move|p2a: Garchomp|Earthquake|p1a: Politoed|[spread] p1a,p1b
|-immune|p2b: Staraptor
|-damage|p1a: Politoed|61/100
|-damage|p1b: Swampert|37/100
|move|p2b: Staraptor|Close Combat|p1a: Politoed
|-damage|p1a: Politoed|6/100
|-boost|p2b: Staraptor|def|1
|-boost|p2b: Staraptor|spd|1
|-enditem|p1a: Politoed|Sitrus Berry|[eat]
|-heal|p1a: Politoed|31/100|[from] item: Sitrus Berry
|move|p1a: Politoed|Weather Ball|p2a: Garchomp
|-damage|p2a: Garchomp|48/100
|
|-weather|RainDance|[upkeep]
|upkeep
|turn|2
|
|t:|1785888537
|move|p2b: Staraptor|Protect|p2b: Staraptor
|-singleturn|p2b: Staraptor|Protect
|move|p1b: Swampert|Ice Punch|p2a: Garchomp
|-supereffective|p2a: Garchomp|2
|-damage|p2a: Garchomp|0 fnt
|-damage|p1b: Swampert|25/100|[from] ability: Rough Skin|[of] p2a: Garchomp
|faint|p2a: Garchomp
|move|p1a: Politoed|Encore|p2b: Staraptor
|-activate|p2b: Staraptor|move: Protect
|
|-weather|RainDance|[upkeep]
|upkeep
|
|t:|1785888551
|switch|p2a: Whimsicott|Whimsicott, L50, F|100/100
|turn|3
|
|t:|1785888566
|move|p1b: Swampert|Protect|p1b: Swampert
|-singleturn|p1b: Swampert|Protect
|move|p2a: Whimsicott|Tailwind|p2a: Whimsicott
|-sidestart|p2: jeanryupr|move: Tailwind
|move|p2b: Staraptor|Close Combat|p1b: Swampert
|-activate|p1b: Swampert|move: Protect
|move|p1a: Politoed|Weather Ball|p2b: Staraptor
|-damage|p2b: Staraptor|0 fnt
|faint|p2b: Staraptor
|
|-weather|RainDance|[upkeep]
|upkeep
|
|t:|1785888570
|switch|p2b: Glimmora|Glimmora, L50, F|100/100
|turn|4
|
|t:|1785888601
|switch|p1b: Archaludon|Archaludon, L50, F, shiny|100/100
|move|p2a: Whimsicott|Moonblast|p1b: Archaludon
|-damage|p1b: Archaludon|77/100
|-unboost|p1b: Archaludon|spa|1
|-ability|p1b: Archaludon|Stamina|boost
|-boost|p1b: Archaludon|def|1
|move|p2b: Glimmora|Power Gem|p1a: Politoed
|-damage|p1a: Politoed|0 fnt
|faint|p1a: Politoed
|
|-weather|RainDance|[upkeep]
|-heal|p1b: Archaludon|83/100|[from] item: Leftovers
|upkeep
|
|t:|1785888621
|switch|p1a: Vivillon|Vivillon-Sandstorm, L50, F|100/100
|turn|5
|
|t:|1785888634
|move|p1a: Vivillon|Rage Powder|p1a: Vivillon
|-singleturn|p1a: Vivillon|move: Rage Powder
|move|p2a: Whimsicott|Moonblast|p1a: Vivillon
|-damage|p1a: Vivillon|46/100
|move|p2b: Glimmora|Power Gem|p1a: Vivillon
|-supereffective|p1a: Vivillon|2
|-damage|p1a: Vivillon|0 fnt
|faint|p1a: Vivillon
|move|p1b: Archaludon|Flash Cannon|p2a: Whimsicott
|-supereffective|p2a: Whimsicott|1
|-damage|p2a: Whimsicott|33/100
|
|-weather|none
|-heal|p1b: Archaludon|89/100|[from] item: Leftovers
|upkeep
|
|t:|1785888647
|switch|p1a: Swampert|Swampert-Mega, L50, M, shiny|25/100
|turn|6
|
|t:|1785888657
|move|p2a: Whimsicott|Moonblast|p1a: Swampert
|-damage|p1a: Swampert|0 fnt
|faint|p1a: Swampert
|move|p2b: Glimmora|Earth Power|p1b: Archaludon
|-supereffective|p1b: Archaludon|1
|-crit|p1b: Archaludon
|-damage|p1b: Archaludon|0 fnt
|faint|p1b: Archaludon
|
|win|jeanryupr
|inactive|disobedient_vgc has 30 seconds to confirm battle start!
|inactive|jeanryupr has 30 seconds to confirm battle start!
||disobedient_vgc is ready for game 2.
||disobedient_vgc is ready for game 2.
||jeanryupr is ready for game 2.
|uhtml|next|Next: Game 2 of 3
