|j|☆moicito
|j|☆megacsc
|html|moicitomegacsc    
|uhtml|bestof|Game 1 of a best-of-3
|t:|1756255503
|gametype|doubles
|player|p1|moicito|266|1181
|player|p2|megacsc|n|1093
|gen|9
|tier|[Gen 9] VGC 2025 Reg H (Bo3)
|rated|
|rule|Species Clause: Limit one of each Pokémon
|rule|Item Clause: Limit 1 of each item
|clearpoke
|poke|p1|Kingambit, L50, F|
|poke|p1|Rillaboom, L50, F|
|poke|p1|Electabuzz, L50, M|
|poke|p1|Volcarona, L50, M|
|poke|p1|Sneasler, L50, F|
|poke|p1|Dragonite, L50, F|
|poke|p2|Pelipper, L50, F|
|poke|p2|Amoonguss, L50, F|
|poke|p2|Incineroar, L50, M|
|poke|p2|Archaludon, L50, F|
|poke|p2|Basculegion, L50, M|
|poke|p2|Gholdengo, L50|
|teampreview|4
|showteam|p1|Kingambit||BlackGlasses|Defiant|Protect,KowtowCleave,SuckerPunch,SwordsDance|||F|||50|,,,,,Dark]Rillaboom||AssaultVest|GrassySurge|WoodHammer,GrassyGlide,HighHorsepower,FakeOut|||F|||50|,,,,,Fire]Electabuzz||Eviolite|VitalSpirit|Protect,Thunderbolt,HelpingHand,FollowMe|||M|||50|,,,,,Ghost]Volcarona||CovertCloak|FlameBody|Protect,HeatWave,TeraBlast,QuiverDance|||M|||50|,,,,,Fairy]Sneasler||FocusSash|Unburden|CloseCombat,DireClaw,Coaching,FakeOut|||F|||50|,,,,,Stellar]Dragonite||LoadedDice|Multiscale|ScaleShot,Haze,ExtremeSpeed,Protect|||F|||50|,,,,,Fairy
|showteam|p2|Pelipper||FocusSash|Drizzle|WeatherBall,Hurricane,Tailwind,Protect|||F|||50|,,,,,Ground]Amoonguss||SitrusBerry|Regenerator|PollenPuff,Spore,RagePowder,Protect|||F|||50|,,,,,Psychic]Incineroar||SafetyGoggles|Intimidate|KnockOff,FlareBlitz,PartingShot,FakeOut|||M|||50|,,,,,Ghost]Archaludon||AssaultVest|Stamina|DracoMeteor,ElectroShot,FlashCannon,BodyPress|||F|||50|,,,,,Bug]Basculegion||ChoiceBand|SwiftSwim|WaveCrash,LastRespects,FlipTurn,AquaJet|||M|||50|,,,,,Water]Gholdengo||ChoiceSpecs|GoodasGold|MakeItRain,ShadowBall,Thunderbolt,PowerGem||||||50|,,,,,Water
|inactive|Battle timer is ON: inactive players will automatically lose when time's up. (requested by megacsc)
|
|t:|1756255565
|teamsize|p1|4
|teamsize|p2|4
|start
|switch|p1a: Kingii|Kingambit, L50, F, shiny|100/100
|switch|p1b: Elii|Electabuzz, L50, M, shiny|100/100
|switch|p2a: Pelipper|Pelipper, L50, F|100/100
|switch|p2b: Basculegion|Basculegion, L50, M|100/100
|-weather|RainDance|[from] ability: Drizzle|[of] p2a: Pelipper
|turn|1
|inactive|moicito has 30 seconds left.
|
|t:|1756255596
|-terastallize|p2b: Basculegion|Water
|move|p1b: Elii|Follow Me|p1b: Elii
|-singleturn|p1b: Elii|move: Follow Me
|move|p1a: Kingii|Sucker Punch|p2b: Basculegion
|-damage|p2b: Basculegion|34/100
|move|p2b: Basculegion|Wave Crash|p1b: Elii
|-damage|p1b: Elii|0 fnt
|faint|p1b: Elii
|-damage|p2b: Basculegion|6/100|[from] Recoil
|move|p2a: Pelipper|Tailwind|p2a: Pelipper
|-sidestart|p2: megacsc|move: Tailwind
|
|-weather|RainDance|[upkeep]
|upkeep
|
|t:|1756255613
|switch|p1b: Volkii|Volcarona, L50, M, shiny|100/100
|turn|2
|
|t:|1756255627
|switch|p2b: Archaludon|Archaludon, L50, F|100/100
|-terastallize|p1b: Volkii|Fairy
|move|p1a: Kingii|Sucker Punch||[still]
|-fail|p1a: Kingii
|move|p2a: Pelipper|Weather Ball|p1b: Volkii
|-damage|p1b: Volkii|37/100
|move|p1b: Volkii|Quiver Dance|p1b: Volkii
|-boost|p1b: Volkii|spa|1
|-boost|p1b: Volkii|spd|1
|-boost|p1b: Volkii|spe|1
|
|-weather|RainDance|[upkeep]
|upkeep
|turn|3
|inactive|moicito has 30 seconds left.
|
|t:|1756255658
|switch|p1b: Rilli|Rillaboom, L50, F, shiny|100/100
|-fieldstart|move: Grassy Terrain|[from] ability: Grassy Surge|[of] p1b: Rilli
|move|p2a: Pelipper|Hurricane|p1b: Rilli
|-supereffective|p1b: Rilli
|-damage|p1b: Rilli|33/100
|move|p2b: Archaludon|Body Press|p1a: Kingii
|-supereffective|p1a: Kingii
|-damage|p1a: Kingii|35/100
|move|p1a: Kingii|Swords Dance|p1a: Kingii
|-boost|p1a: Kingii|atk|2
|
|-weather|RainDance|[upkeep]
|-heal|p1b: Rilli|39/100|[from] Grassy Terrain
|-heal|p1a: Kingii|41/100|[from] Grassy Terrain
|upkeep
|turn|4
|
|t:|1756255682
|switch|p2b: Incineroar|Incineroar, L50, M|100/100
|-ability|p2b: Incineroar|Intimidate|boost
|-unboost|p1a: Kingii|atk|1
|-ability|p1a: Kingii|Defiant|boost
|-boost|p1a: Kingii|atk|2
|-unboost|p1b: Rilli|atk|1
|move|p2a: Pelipper|Protect|p2a: Pelipper
|-singleturn|p2a: Pelipper|Protect
|move|p1a: Kingii|Protect|p1a: Kingii
|-singleturn|p1a: Kingii|Protect
|move|p1b: Rilli|Fake Out|p2a: Pelipper
|-activate|p2a: Pelipper|move: Protect
|
|-weather|RainDance|[upkeep]
|-heal|p1b: Rilli|44/100|[from] Grassy Terrain
|-heal|p1a: Kingii|46/100|[from] Grassy Terrain
|-sideend|p2: megacsc|move: Tailwind
|upkeep
|turn|5
|inactive|moicito has 30 seconds left.
|
|t:|1756255708
|move|p2b: Incineroar|Fake Out|p1b: Rilli
|-damage|p1b: Rilli|33/100
|move|p1a: Kingii|Sucker Punch|p2a: Pelipper
|-enditem|p2a: Pelipper|Focus Sash
|-damage|p2a: Pelipper|1/100
|move|p2a: Pelipper|Weather Ball|p1a: Kingii
|-damage|p1a: Kingii|0 fnt
|faint|p1a: Kingii
|cant|p1b: Rilli|flinch
|
|-weather|none
|-heal|p1b: Rilli|39/100|[from] Grassy Terrain
|upkeep
|
|t:|1756255720
|switch|p1a: Volkii|Volcarona, L50, M, shiny, tera:Fairy|37/100
|turn|6
|
|t:|1756255727
|switch|p2a: Archaludon|Archaludon, L50, F|100/100
|move|p1a: Volkii|Heat Wave|p2b: Incineroar|[spread] p2a,p2b
|-resisted|p2b: Incineroar
|-damage|p2a: Archaludon|77/100
|-damage|p2b: Incineroar|87/100
|-ability|p2a: Archaludon|Stamina|boost
|-boost|p2a: Archaludon|def|1
|move|p1b: Rilli|High Horsepower|p2b: Incineroar
|-supereffective|p2b: Incineroar
|-damage|p2b: Incineroar|50/100
|move|p2b: Incineroar|Flare Blitz|p1b: Rilli
|-supereffective|p1b: Rilli
|-damage|p1b: Rilli|0 fnt
|faint|p1b: Rilli
|-damage|p2b: Incineroar|38/100|[from] Recoil
|
|-heal|p1a: Volkii|44/100|[from] Grassy Terrain
|-heal|p2a: Archaludon|83/100|[from] Grassy Terrain
|-heal|p2b: Incineroar|44/100|[from] Grassy Terrain
|upkeep
|turn|7
|
|t:|1756255744
|move|p1a: Volkii|Tera Blast|p2a: Archaludon|[anim] Tera Blast Fairy
|-damage|p2a: Archaludon|54/100
|-ability|p2a: Archaludon|Stamina|boost
|-boost|p2a: Archaludon|def|1
|move|p2a: Archaludon|Flash Cannon|p1a: Volkii
|-supereffective|p1a: Volkii
|-damage|p1a: Volkii|0 fnt
|faint|p1a: Volkii
|
|win|megacsc
||megacsc is ready for game 2.
||moicito is ready for game 2.
|uhtml|next|Next: Game 2 of 3
|l|☆megacsc
|player|p2|
