|j|☆I am the Sweeper
|j|☆pinkey569
|html|I am the Sweeperpinkey569    
|uhtml|bestof|Game 1 of a best-of-3
|t:|1756751282
|gametype|doubles
|player|p1|I am the Sweeper|cynthia-gen4|
|player|p2|pinkey569|170|
|gen|9
|tier|[Gen 9] VGC 2025 Reg H (Bo3)
|rule|Species Clause: Limit one of each Pokémon
|rule|Item Clause: Limit 1 of each item
|clearpoke
|poke|p1|Maushold, L50|
|poke|p1|Annihilape, L50, F|
|poke|p1|Grimmsnarl, L50, M|
|poke|p1|Gholdengo, L50|
|poke|p1|Dragonite, L50, F|
|poke|p1|Garchomp, L50, F|
|poke|p2|Tyranitar, L50, F|
|poke|p2|Dragonite, L50, M|
|poke|p2|Excadrill, L50, F|
|poke|p2|Volcarona, L50, M|
|poke|p2|Kilowattrel, L50, M|
|poke|p2|Indeedee, L50, M|
|teampreview|4
|showteam|p1|Maushold||WideLens|FriendGuard|PopulationBomb,BeatUp,Protect,FollowMe||||||50|,,,,,Ghost]Annihilape||SafetyGoggles|Defiant|RageFist,DrainPunch,Protect,BulkUp|||F|||50|,,,,,Fire]Grimmsnarl||LightClay|Prankster|ThunderWave,LightScreen,SpiritBreak,Reflect|||M|||50|,,,,,Ghost]Gholdengo||Leftovers|GoodasGold|MakeItRain,ShadowBall,Protect,NastyPlot||||||50|,,,,,Water]Dragonite||LoadedDice|Multiscale|ScaleShot,Tailwind,Protect,Haze|||F|||50|,,,,,Fairy]Garchomp||LifeOrb|RoughSkin|StompingTantrum,Earthquake,Protect,DragonClaw|||F|||50|,,,,,Ground
|showteam|p2|Tyranitar||AssaultVest|SandStream|RockSlide,KnockOff,TeraBlast,LowKick|||F|||50|,,,,,Flying]Dragonite||LoadedDice|Multiscale|Protect,ThunderWave,Haze,ScaleShot|||M|||50|,,,,,Fairy]Excadrill||LifeOrb|SandRush|Protect,Earthquake,IronHead,TeraBlast|||F|||50|,,,,,Fairy]Volcarona||SitrusBerry|FlameBody|Tailwind,RagePowder,Overheat,StruggleBug|||M|||50|,,,,,Grass]Kilowattrel||ChoiceSpecs|Competitive|Thunderbolt,Discharge,AirSlash,WeatherBall|||M|||50|,,,,,Ghost]Indeedee||FocusSash|PsychicSurge|TrickRoom,Imprison,ExpandingForce,TeraBlast|||M|||50|,,,,,Fighting
|
|t:|1756751355
|teamsize|p1|4
|teamsize|p2|4
|start
|switch|p1a: Grimmsnarl|Grimmsnarl, L50, M|100/100
|switch|p1b: Garchomp|Garchomp, L50, F|100/100
|switch|p2a: Volcarona|Volcarona, L50, M|100/100
|switch|p2b: Indeedee|Indeedee, L50, M|100/100
|-fieldstart|move: Psychic Terrain|[from] ability: Psychic Surge|[of] p2b: Indeedee
|turn|1
|
|t:|1756751388
|move|p1a: Grimmsnarl|Light Screen|p1a: Grimmsnarl
|-sidestart|p1: I am the Sweeper|move: Light Screen
|move|p1b: Garchomp|Dragon Claw|p2a: Volcarona
|-damage|p2a: Volcarona|37/100
|-enditem|p2a: Volcarona|Sitrus Berry|[eat]
|-heal|p2a: Volcarona|62/100|[from] item: Sitrus Berry
|-damage|p1b: Garchomp|91/100|[from] item: Life Orb
|move|p2b: Indeedee|Expanding Force|p1b: Garchomp|[spread] p1b
|-immune|p1a: Grimmsnarl
|-damage|p1b: Garchomp|49/100
|move|p2a: Volcarona|Tailwind|p2a: Volcarona
|-sidestart|p2: pinkey569|move: Tailwind
|
|upkeep
|turn|2
|
|t:|1756751407
|move|p1a: Grimmsnarl|Thunder Wave|p2a: Volcarona
|-activate|p2a: Volcarona|move: Psychic Terrain
|move|p2b: Indeedee|Expanding Force|p1b: Garchomp|[spread] p1b
|-immune|p1a: Grimmsnarl
|-damage|p1b: Garchomp|9/100
|move|p2a: Volcarona|Struggle Bug|p1a: Grimmsnarl|[spread] p1a,p1b
|-damage|p1a: Grimmsnarl|89/100
|-damage|p1b: Garchomp|0 fnt
|-unboost|p1a: Grimmsnarl|spa|1
|faint|p1b: Garchomp
|
|upkeep
|
|t:|1756751422
|switch|p1b: Gholdengo|Gholdengo, L50|100/100
|turn|3
|
|t:|1756751654
|move|p2b: Indeedee|Expanding Force|p1b: Gholdengo|[spread] p1b
|-immune|p1a: Grimmsnarl
|-resisted|p1b: Gholdengo
|-damage|p1b: Gholdengo|77/100
|move|p2a: Volcarona|Overheat|p1b: Gholdengo
|-supereffective|p1b: Gholdengo
|-damage|p1b: Gholdengo|0 fnt
|-unboost|p2a: Volcarona|spa|2
|faint|p1b: Gholdengo
|move|p1a: Grimmsnarl|Spirit Break|p2a: Volcarona
|-resisted|p2a: Volcarona
|-damage|p2a: Volcarona|45/100
|-unboost|p2a: Volcarona|spa|1
|
|upkeep
|
|t:|1756751669
|switch|p1b: Dragonite|Dragonite, L50, F|100/100
|turn|4
|
|t:|1756751695
|move|p2a: Volcarona|Rage Powder|p2a: Volcarona
|-singleturn|p2a: Volcarona|move: Rage Powder
|move|p2b: Indeedee|Expanding Force|p1a: Grimmsnarl|[spread] p1b
|-immune|p1a: Grimmsnarl
|-damage|p1b: Dragonite|79/100
|move|p1b: Dragonite|Scale Shot|p2a: Volcarona
|-damage|p2a: Volcarona|28/100
|-damage|p2a: Volcarona|10/100
|-damage|p2a: Volcarona|0 fnt
|faint|p2a: Volcarona
|-hitcount|p2: Volcarona|3
|-unboost|p1b: Dragonite|def|1
|-boost|p1b: Dragonite|spe|1
|move|p1a: Grimmsnarl|Spirit Break|p2b: Indeedee
|-damage|p2b: Indeedee|34/100
|-unboost|p2b: Indeedee|spa|1
|
|-sideend|p2: pinkey569|move: Tailwind
|upkeep
|
|t:|1756751721
|switch|p2a: Excadrill|Excadrill, L50, F|100/100
|turn|5
|
|t:|1756751751
|switch|p2b: Tyranitar|Tyranitar, L50, F|100/100
|-weather|Sandstorm|[from] ability: Sand Stream|[of] p2b: Tyranitar
|-terastallize|p2a: Excadrill|Fairy
|-terastallize|p1a: Grimmsnarl|Ghost
|move|p2a: Excadrill|Tera Blast|p1a: Grimmsnarl|[anim] Tera Blast Fairy
|-damage|p1a: Grimmsnarl|21/100
|-damage|p2a: Excadrill|91/100|[from] item: Life Orb
|move|p1b: Dragonite|Scale Shot|p2a: Excadrill
|-immune|p2a: Excadrill
|move|p1a: Grimmsnarl|Spirit Break|p2b: Tyranitar
|-supereffective|p2b: Tyranitar
|-damage|p2b: Tyranitar|48/100
|-unboost|p2b: Tyranitar|spa|1
|
|-weather|Sandstorm|[upkeep]
|-damage|p1b: Dragonite|73/100|[from] Sandstorm
|-damage|p1a: Grimmsnarl|15/100|[from] Sandstorm
|-fieldend|move: Psychic Terrain
|upkeep
|turn|6
|-message|I am the Sweeper forfeited.
|
|win|pinkey569
||I am the Sweeper is ready for game 2.
|inactive|pinkey569 has 30 seconds to confirm battle start!
||pinkey569 is ready for game 2.
|uhtml|next|Next: Game 2 of 3
