|j|â˜†Jessditta
|j|â˜†MoodyMukVGC
|html|JessdittaMoodyMukVGC    
|uhtml|bestof|Game 2 of a best-of-3
|t:|1757815496
|gametype|doubles
|player|p1|Jessditta|hilda|1140
|player|p2|MoodyMukVGC|169|1136
|gen|9
|tier|[Gen 9] VGC 2025 Reg H (Bo3)
|rated|
|rule|Species Clause: Limit one of each PokÃ©mon
|rule|Item Clause: Limit 1 of each item
|clearpoke
|poke|p1|Ninetales-Alola, L50, F|
|poke|p1|Rillaboom, L50, M|
|poke|p1|Volcarona, L50, F|
|poke|p1|Annihilape, L50, M|
|poke|p1|Salamence, L50, F|
|poke|p1|Sneasler, L50, M|
|poke|p2|Ursaluna, L50, M|
|poke|p2|Jumpluff, L50, M|
|poke|p2|Charizard, L50, M|
|poke|p2|Torkoal, L50, M|
|poke|p2|Incineroar, L50, M|
|poke|p2|Porygon2, L50|
|teampreview|4
|showteam|p1|Ninetales-Alola||LightClay|SnowWarning|Blizzard,IcicleSpear,AuroraVeil,FreezeDry|||F|||50|,,,,,Ghost]Rillaboom||AssaultVest|GrassySurge|FakeOut,WoodHammer,GrassyGlide,Uturn|||M|||50|,,,,,Fire]Volcarona||SitrusBerry|FlameBody|HeatWave,GigaDrain,QuiverDance,Protect|||F|||50|,,,,,Grass]Annihilape||Leftovers|Defiant|RageFist,DrainPunch,BulkUp,Protect|||M|||50|,,,,,Fire]Salamence||LifeOrb|Intimidate|AirSlash,DracoMeteor,Tailwind,Protect|||F|||50|,,,,,Flying]Sneasler||GrassySeed|Unburden|FakeOut,DireClaw,CloseCombat,Protect|||M|||50|,,,,,Fighting
|showteam|p2|Ursaluna||FlameOrb|Guts|HeadlongRush,Facade,Earthquake,Protect|||M|||50|,,,,,Ghost]Jumpluff||CovertCloak|Chlorophyll|SleepPowder,SunnyDay,Tailwind,RagePowder|||M|||50|,,,,,Water]Charizard||ChoiceSpecs|SolarPower|AirSlash,HeatWave,Overheat,WeatherBall|||M|||50|,,,,,Ghost]Torkoal||EjectPack|Drought|ClearSmog,Eruption,Overheat,Protect|||M|||50|,,,,,Fire]Incineroar||SafetyGoggles|Intimidate|FakeOut,FlareBlitz,KnockOff,PartingShot|||M|||50|,,,,,Ghost]Porygon2||Eviolite|Download|TeraBlast,IceBeam,Recover,TrickRoom||||||50|,,,,,Fighting
|
|t:|1757815528
|teamsize|p1|4
|teamsize|p2|4
|start
|switch|p1a: Rillaboom|Rillaboom, L50, M|100/100
|switch|p1b: Sneasler|Sneasler, L50, M|100/100
|switch|p2a: Jumpluff|Jumpluff, L50, M, shiny|100/100
|switch|p2b: Torkoal|Torkoal, L50, M, shiny|100/100
|-fieldstart|move: Grassy Terrain|[from] ability: Grassy Surge|[of] p1a: Rillaboom
|-enditem|p1b: Sneasler|Grassy Seed
|-boost|p1b: Sneasler|def|1|[from] item: Grassy Seed
|-weather|SunnyDay|[from] ability: Drought|[of] p2b: Torkoal
|turn|1
|inactive|Battle timer is ON: inactive players will automatically lose when time's up. (requested by Jessditta)
|
|t:|1757815643
|move|p1a: Rillaboom|Fake Out|p2b: Torkoal
|-damage|p2b: Torkoal|89/100
|move|p1b: Sneasler|Dire Claw|p2a: Jumpluff
|-supereffective|p2a: Jumpluff
|-damage|p2a: Jumpluff|5/100
|move|p2a: Jumpluff|Sleep Powder|p1b: Sneasler|[miss]
|-miss|p2a: Jumpluff|p1b: Sneasler
|cant|p2b: Torkoal|flinch
|
|-weather|SunnyDay|[upkeep]
|-heal|p2b: Torkoal|95/100|[from] Grassy Terrain
|upkeep
|turn|2
|c|â˜†MoodyMukVGC|..................................................................................
|inactive|Jessditta has 30 seconds left.
|c|â˜†Jessditta|sleep powder is kinda like that sometimes
|inactive|Jessditta has 20 seconds left.
|c|â˜†MoodyMukVGC|yeah i now
|inactive|Jessditta has 15 seconds left.
|inactive|Jessditta has 10 seconds left.
|
|t:|1757815689
|move|p1a: Rillaboom|Grassy Glide|p2a: Jumpluff
|-resisted|p2a: Jumpluff
|-damage|p2a: Jumpluff|0 fnt
|faint|p2a: Jumpluff
|move|p1b: Sneasler|Dire Claw|p2b: Torkoal
|-damage|p2b: Torkoal|58/100
|move|p2b: Torkoal|Overheat|p1a: Rillaboom
|-supereffective|p1a: Rillaboom
|-damage|p1a: Rillaboom|0 fnt
|-unboost|p2b: Torkoal|spa|2
|faint|p1a: Rillaboom
|-enditem|p2b: Torkoal|Eject Pack
|c|â˜†MoodyMukVGC|still gets me upset everytime i miss
|
|t:|1757815700
|switch|p2b: Ursaluna|Ursaluna, L50, M, shiny|100/100
|
|-weather|SunnyDay|[upkeep]
|-status|p2b: Ursaluna|brn|[from] item: Flame Orb
|upkeep
|
|t:|1757815705
|switch|p2a: Porygon2|Porygon2, L50, shiny|100/100
|switch|p1a: Annihilape|Annihilape, L50, M, shiny|100/100
|-ability|p2a: Porygon2|Download|boost
|-boost|p2a: Porygon2|spa|1
|turn|3
|
|t:|1757815718
|-terastallize|p2a: Porygon2|Fighting
|move|p2b: Ursaluna|Protect|p2b: Ursaluna
|-singleturn|p2b: Ursaluna|Protect
|move|p1b: Sneasler|Dire Claw|p2a: Porygon2
|-damage|p2a: Porygon2|70/100
|-status|p2a: Porygon2|slp
|move|p1a: Annihilape|Bulk Up|p1a: Annihilape
|-boost|p1a: Annihilape|atk|1
|-boost|p1a: Annihilape|def|1
|cant|p2a: Porygon2|slp
|
|-weather|SunnyDay|[upkeep]
|-heal|p2a: Porygon2|77/100 slp|[from] Grassy Terrain
|-damage|p2b: Ursaluna|94/100 brn|[from] brn
|upkeep
|turn|4
|c|â˜†MoodyMukVGC|l............................................
|c|â˜†Jessditta|this game plays itself
|inactive|Jessditta has 30 seconds left.
|inactive|MoodyMukVGC has 30 seconds left.
|
|t:|1757815750
|switch|p2b: Torkoal|Torkoal, L50, M, shiny|58/100
|move|p1b: Sneasler|Close Combat|p2b: Torkoal
|-damage|p2b: Torkoal|4/100
|-unboost|p1b: Sneasler|def|1
|-unboost|p1b: Sneasler|spd|1
|move|p1a: Annihilape|Drain Punch|p2a: Porygon2
|-damage|p2a: Porygon2|42/100 slp
|cant|p2a: Porygon2|slp
|
|-weather|SunnyDay|[upkeep]
|-heal|p2a: Porygon2|48/100 slp|[from] Grassy Terrain
|-heal|p2b: Torkoal|10/100|[from] Grassy Terrain
|upkeep
|turn|5
|
|t:|1757815772
|move|p2b: Torkoal|Protect|p2b: Torkoal
|-singleturn|p2b: Torkoal|Protect
|move|p1b: Sneasler|Dire Claw|p2a: Porygon2
|-damage|p2a: Porygon2|19/100 slp
|move|p1a: Annihilape|Rage Fist|p2a: Porygon2
|-damage|p2a: Porygon2|0 fnt
|faint|p2a: Porygon2
|
|-weather|none
|-heal|p2b: Torkoal|16/100|[from] Grassy Terrain
|-fieldend|move: Grassy Terrain
|upkeep
|c|â˜†MoodyMukVGC|ggs
|
|t:|1757815784
|switch|p2a: Ursaluna|Ursaluna, L50, M, shiny|94/100 brn
|turn|6
|c|â˜†Jessditta|gg
|
|t:|1757815794
|move|p2a: Ursaluna|Protect|p2a: Ursaluna
|-singleturn|p2a: Ursaluna|Protect
|move|p1b: Sneasler|Dire Claw|p2b: Torkoal
|-damage|p2b: Torkoal|0 fnt
|faint|p2b: Torkoal
|move|p1a: Annihilape|Drain Punch|p2a: Ursaluna
|-activate|p2a: Ursaluna|move: Protect
|
|-damage|p2a: Ursaluna|88/100 brn|[from] brn
|upkeep
|turn|7
|
|t:|1757815805
|move|p1b: Sneasler|Close Combat|p2a: Ursaluna
|-supereffective|p2a: Ursaluna
|-damage|p2a: Ursaluna|0 fnt
|-unboost|p1b: Sneasler|def|1
|-unboost|p1b: Sneasler|spd|1
|faint|p2a: Ursaluna
|
|win|Jessditta
|raw|Jessditta's rating: 1140 → 1165(+25 for winning)
|raw|MoodyMukVGC's rating: 1136 → 1111(-25 for losing)
