|j|☆momoechis
|j|☆BoloinaBox
|html|momoechisBoloinaBox    
|uhtml|bestof|Game 2 of a best-of-3
|t:|1756538887
|gametype|doubles
|player|p1|momoechis|iris|1029
|player|p2|BoloinaBox|2|1000
|gen|9
|tier|[Gen 9] VGC 2025 Reg H (Bo3)
|rated|
|rule|Species Clause: Limit one of each Pokémon
|rule|Item Clause: Limit 1 of each item
|clearpoke
|poke|p1|Ursaluna-Bloodmoon, L50, M|
|poke|p1|Dragonite, L50, M|
|poke|p1|Sneasler, L50, M|
|poke|p1|Electabuzz, L50, M|
|poke|p1|Primarina, L50, M|
|poke|p1|Rillaboom, L50, M|
|poke|p2|Ceruledge, L50, M|
|poke|p2|Rillaboom, L50, M|
|poke|p2|Milotic, L50, F|
|poke|p2|Whimsicott, L50, F|
|poke|p2|Sneasler, L50, M|
|poke|p2|Ninetales-Alola, L50, M|
|teampreview|4
|showteam|p1|Ursaluna-Bloodmoon||LifeOrb|MindsEye|BloodMoon,HyperVoice,EarthPower,Protect|||M|||50|,,,,,Normal]Dragonite||LoadedDice|Multiscale|Tailwind,ScaleShot,Haze,Protect|||M|||50|,,,,,Fairy]Sneasler||GrassySeed|Unburden|CloseCombat,DireClaw,Acrobatics,Protect|||M|||50|,,,,,Flying]Electabuzz||Eviolite|Static|Thunderbolt,Taunt,FollowMe,Protect|||M|||50|,,,,,Ghost]Primarina||SitrusBerry|LiquidVoice|HyperVoice,Moonblast,Protect,Encore|||M|||50|,,,,,Poison]Rillaboom||AssaultVest|GrassySurge|FakeOut,HighHorsepower,GrassyGlide,WoodHammer|||M|||50|,,,,,Fire
|showteam|p2|Ceruledge||ClearAmulet|FlashFire|BitterBlade,Poltergeist,BulkUp,Protect|||M|||50|,,,,,Grass]Rillaboom||MiracleSeed|GrassySurge|GrassyGlide,DrumBeating,Taunt,FakeOut|||M|||50|,,,,,Fire]Milotic||Leftovers|Competitive|Scald,AlluringVoice,Haze,Protect|||F|||50|,,,,,Grass]Whimsicott||FocusSash|Prankster|Moonblast,WorrySeed,Tailwind,SunnyDay|||F|||50|,,,,,Ghost]Sneasler||GrassySeed|Unburden|CloseCombat,DireClaw,Coaching,Protect|||M|||50|,,,,,Stellar]Ninetales-Alola||CovertCloak|SnowWarning|FreezeDry,Moonblast,Howl,AuroraVeil|||M|||50|,,,,,Water
|inactive|Battle timer is ON: inactive players will automatically lose when time's up. (requested by BoloinaBox)
|inactive|BoloinaBox has 60 seconds left.
|inactive|momoechis has 60 seconds left.
|inactive|BoloinaBox has 30 seconds left.
|
|t:|1756538948
|teamsize|p1|4
|teamsize|p2|4
|start
|switch|p1a: Rillaboom|Rillaboom, L50, M|100/100
|switch|p1b: Sneasler|Sneasler, L50, M|100/100
|switch|p2a: Ninetales|Ninetales-Alola, L50, M|100/100
|switch|p2b: Milotic|Milotic, L50, F|100/100
|-weather|Snowscape|[from] ability: Snow Warning|[of] p2a: Ninetales
|-fieldstart|move: Grassy Terrain|[from] ability: Grassy Surge|[of] p1a: Rillaboom
|-enditem|p1b: Sneasler|Grassy Seed
|-boost|p1b: Sneasler|def|1|[from] item: Grassy Seed
|turn|1
|inactive|momoechis has 30 seconds left.
|
|t:|1756538981
|move|p1b: Sneasler|Dire Claw|p2a: Ninetales
|-supereffective|p2a: Ninetales
|-damage|p2a: Ninetales|23/100
|move|p2a: Ninetales|Aurora Veil|p2a: Ninetales
|-sidestart|p2: BoloinaBox|move: Aurora Veil
|move|p1a: Rillaboom|Wood Hammer|p2a: Ninetales
|-damage|p2a: Ninetales|0 fnt
|faint|p2a: Ninetales
|-damage|p1a: Rillaboom|94/100|[from] Recoil
|move|p2b: Milotic|Scald|p1b: Sneasler
|-damage|p1b: Sneasler|63/100
|
|-weather|Snowscape|[upkeep]
|-heal|p1b: Sneasler|69/100|[from] Grassy Terrain
|-heal|p1a: Rillaboom|99/100|[from] Grassy Terrain
|upkeep
|
|t:|1756538998
|switch|p2a: Ceruledge|Ceruledge, L50, M|100/100
|turn|2
|inactive|momoechis has 30 seconds left.
|inactive|momoechis has 20 seconds left.
|inactive|momoechis has 15 seconds left.
|inactive|momoechis has 10 seconds left.
|inactive|momoechis has 5 seconds left.
|
|t:|1756539048
|move|p1b: Sneasler|Dire Claw|p2a: Ceruledge
|-resisted|p2a: Ceruledge
|-damage|p2a: Ceruledge|83/100
|-status|p2a: Ceruledge|par
|move|p1a: Rillaboom|Wood Hammer|p2a: Ceruledge
|-resisted|p2a: Ceruledge
|-damage|p2a: Ceruledge|53/100 par
|-damage|p1a: Rillaboom|91/100|[from] Recoil
|move|p2b: Milotic|Scald|p1b: Sneasler
|-damage|p1b: Sneasler|32/100
|move|p2a: Ceruledge|Bulk Up|p2a: Ceruledge
|-boost|p2a: Ceruledge|atk|1
|-boost|p2a: Ceruledge|def|1
|
|-weather|Snowscape|[upkeep]
|-heal|p1b: Sneasler|38/100|[from] Grassy Terrain
|-heal|p1a: Rillaboom|97/100|[from] Grassy Terrain
|-heal|p2a: Ceruledge|59/100 par|[from] Grassy Terrain
|upkeep
|turn|3
|inactive|momoechis has 30 seconds left.
|inactive|BoloinaBox has 30 seconds left.
|
|t:|1756539078
|move|p2a: Ceruledge|Protect|p2a: Ceruledge
|-singleturn|p2a: Ceruledge|Protect
|move|p1b: Sneasler|Acrobatics|p2a: Ceruledge
|-activate|p2a: Ceruledge|move: Protect
|move|p1a: Rillaboom|High Horsepower|p2a: Ceruledge
|-activate|p2a: Ceruledge|move: Protect
|move|p2b: Milotic|Scald|p1b: Sneasler
|-damage|p1b: Sneasler|1/100
|
|-weather|Snowscape|[upkeep]
|-heal|p1b: Sneasler|7/100|[from] Grassy Terrain
|-heal|p1a: Rillaboom|100/100|[from] Grassy Terrain
|-heal|p2a: Ceruledge|65/100 par|[from] Grassy Terrain
|upkeep
|turn|4
|
|t:|1756539101
|move|p1b: Sneasler|Acrobatics|p2a: Ceruledge
|-damage|p2a: Ceruledge|46/100 par
|move|p1a: Rillaboom|Wood Hammer|p2b: Milotic
|-supereffective|p2b: Milotic
|-damage|p2b: Milotic|1/100
|-damage|p1a: Rillaboom|67/100|[from] Recoil
|move|p2b: Milotic|Scald|p1b: Sneasler
|-damage|p1b: Sneasler|0 fnt
|faint|p1b: Sneasler
|move|p2a: Ceruledge|Bitter Blade|p1a: Rillaboom
|-supereffective|p1a: Rillaboom
|-damage|p1a: Rillaboom|0 fnt
|-heal|p2a: Ceruledge|82/100 par|[from] drain|[of] p1a: Rillaboom
|faint|p1a: Rillaboom
|
|-weather|Snowscape|[upkeep]
|-heal|p2b: Milotic|7/100|[from] Grassy Terrain
|-heal|p2b: Milotic|13/100|[from] item: Leftovers
|-heal|p2a: Ceruledge|88/100 par|[from] Grassy Terrain
|upkeep
|
|t:|1756539106
|switch|p1b: Electabuzz|Electabuzz, L50, M|100/100
|switch|p1a: Ursaluna|Ursaluna-Bloodmoon, L50, M|100/100
|turn|5
|inactive|BoloinaBox has 30 seconds left.
|
|t:|1756539147
|-terastallize|p1a: Ursaluna|Normal
|move|p2a: Ceruledge|Protect|p2a: Ceruledge
|-singleturn|p2a: Ceruledge|Protect
|move|p1b: Electabuzz|Follow Me|p1b: Electabuzz
|-singleturn|p1b: Electabuzz|move: Follow Me
|move|p1a: Ursaluna|Hyper Voice|p2b: Milotic|[spread] p2b
|-activate|p2a: Ceruledge|move: Protect
|-damage|p2b: Milotic|0 fnt
|faint|p2b: Milotic
|-damage|p1a: Ursaluna|91/100|[from] item: Life Orb
|
|-weather|none
|-heal|p1a: Ursaluna|97/100|[from] Grassy Terrain
|-heal|p2a: Ceruledge|94/100 par|[from] Grassy Terrain
|-sideend|p2: BoloinaBox|move: Aurora Veil
|-fieldend|move: Grassy Terrain
|upkeep
|
|t:|1756539158
|switch|p2b: Whimsicott|Whimsicott, L50, F|100/100
|turn|6
|
|t:|1756539180
|move|p2b: Whimsicott|Sunny Day|p2b: Whimsicott
|-weather|SunnyDay
|move|p1b: Electabuzz|Taunt|p2b: Whimsicott
|-start|p2b: Whimsicott|move: Taunt
|move|p1a: Ursaluna|Earth Power|p2a: Ceruledge
|-supereffective|p2a: Ceruledge
|-damage|p2a: Ceruledge|0 fnt
|faint|p2a: Ceruledge
|-damage|p1a: Ursaluna|87/100|[from] item: Life Orb
|
|-weather|SunnyDay|[upkeep]
|upkeep
|turn|7
|-message|BoloinaBox forfeited.
|
|win|momoechis
|l|☆BoloinaBox
|player|p2|
||momoechis is ready for game 3.
||BoloinaBox is ready for game 3.
|uhtml|next|Next: Game 3 of 3
