|j|☆grandpapafish
|j|☆3amr144
|html|grandpapafish3amr144    
|uhtml|bestof|Game 2 of a best-of-3
|t:|1785290297
|gametype|doubles
|player|p1|grandpapafish|101|1059
|player|p2|3amr144|lucas-gen4pt|1044
|gen|9
|tier|[Gen 9 Champions] VGC 2026 Reg M-B (Bo3)
|rated|
|rule|Species Clause: Limit one of each Pokémon
|rule|Item Clause: Limit 1 of each item
|clearpoke
|poke|p1|Staraptor, L50, M|
|poke|p1|Whimsicott, L50, F|
|poke|p1|Sinistcha, L50|
|poke|p1|Raichu, L50, F|
|poke|p1|Garchomp, L50, F|
|poke|p1|Vanilluxe, L50, M|
|poke|p2|Alakazam, L50, M|
|poke|p2|Hydreigon, L50, M, shiny|
|poke|p2|Rotom-Wash, L50, shiny|
|poke|p2|Lopunny, L50, F, shiny|
|poke|p2|Aegislash, L50, M, shiny|
|poke|p2|Sceptile, L50, M|
|teampreview|4
|showteam|p1|Staraptor||Staraptite|Intimidate|BraveBird,CloseCombat,Protect,Roost|Adamant||M|||50|]Whimsicott||FocusSash|Prankster|Encore,Moonblast,Tailwind,Charm|Bold||F|||50|]Sinistcha||KasibBerry|Hospitality|MatchaGotcha,TrickRoom,RagePowder,Protect|Bold|||||50|]Raichu||RaichuniteY|LightningRod|FakeOut,Protect,ZapCannon,Charm|Hasty||F|||50|]Garchomp||LifeOrb|RoughSkin|DragonClaw,RockSlide,Earthquake,Protect|Jolly||F|||50|]Vanilluxe||ChoiceScarf|SnowWarning|AuroraVeil,Blizzard,FreezeDry,IceShard|Hasty||M|||50|
|showteam|p2|Alakazam||FocusSash|MagicGuard|Psychic,ShadowBall,EnergyBall,FocusBlast|Timid||M|||50|]Hydreigon||LifeOrb|Levitate|DarkPulse,DracoMeteor,FireBlast,FlashCannon|Timid||M|||50|]Rotom-Wash||Leftovers|Levitate|HydroPump,Thunderbolt,WillOWisp,VoltSwitch|Calm|||||50|]Lopunny||Lopunnite|Limber|CloseCombat,FakeOut,IcePunch,MachPunch|Adamant||F|||50|]Aegislash||ColburBerry|StanceChange|ShadowClaw,KingsShield,IronHead,ShadowSneak|Adamant||M|||50|]Sceptile||Sceptilite|Overgrow|LeafStorm,DragonPulse,GigaDrain,FocusBlast|Timid||M|||50|
|
|t:|1785290316
|teamsize|p1|4
|teamsize|p2|4
|start
|switch|p1a: Garchomp|Garchomp, L50, F|100/100
|switch|p1b: Whimsicott|Whimsicott, L50, F|100/100
|switch|p2a: Rotom|Rotom-Wash, L50, shiny|100/100
|switch|p2b: Lopunny|Lopunny, L50, F, shiny|100/100
|turn|1
|
|t:|1785290335
|detailschange|p2b: Lopunny|Lopunny-Mega, L50, F, shiny
|-mega|p2b: Lopunny|Lopunny|Lopunnite
|move|p1a: Garchomp|Protect|p1a: Garchomp
|-singleturn|p1a: Garchomp|Protect
|move|p2b: Lopunny|Fake Out|p1b: Whimsicott
|-damage|p1b: Whimsicott|77/100
|cant|p1b: Whimsicott|flinch
|move|p2a: Rotom|Will-O-Wisp|p1a: Garchomp
|-activate|p1a: Garchomp|move: Protect
|
|upkeep
|turn|2
|
|t:|1785290367
|move|p1b: Whimsicott|Charm|p2b: Lopunny
|-unboost|p2b: Lopunny|atk|2
|move|p2b: Lopunny|Ice Punch|p1a: Garchomp
|-supereffective|p1a: Garchomp|2
|-crit|p1a: Garchomp
|-damage|p1a: Garchomp|0 fnt
|-damage|p2b: Lopunny|87/100|[from] ability: Rough Skin|[of] p1a: Garchomp
|faint|p1a: Garchomp
|move|p2a: Rotom|Volt Switch|p1b: Whimsicott
|-resisted|p1b: Whimsicott|1
|-damage|p1b: Whimsicott|60/100
|
|t:|1785290377
|switch|p2a: Aegislash|Aegislash, L50, M, shiny|100/100|[from] Volt Switch
|
|upkeep
|
|t:|1785290384
|switch|p1a: Staraptor|Staraptor, L50, M|100/100
|-ability|p1a: Staraptor|Intimidate|boost
|-unboost|p2a: Aegislash|atk|1
|-fail|p2b: Lopunny|unboost|Attack|[from] ability: Scrappy|[of] p2b: Lopunny
|turn|3
|
|t:|1785290403
|switch|p2b: Rotom|Rotom-Wash, L50, shiny|100/100
|detailschange|p1a: Staraptor|Staraptor-Mega, L50, M
|-mega|p1a: Staraptor|Staraptor|Staraptite
|move|p1b: Whimsicott|Tailwind|p1b: Whimsicott
|-sidestart|p1: grandpapafish|move: Tailwind
|move|p1a: Staraptor|Brave Bird|p2b: Rotom
|-resisted|p2b: Rotom|1
|-damage|p2b: Rotom|59/100
|-damage|p1a: Staraptor|89/100|[from] Recoil
|-formechange|p2a: Aegislash|Aegislash-Blade|
|move|p2a: Aegislash|Iron Head|p1b: Whimsicott
|-supereffective|p1b: Whimsicott|1
|-damage|p1b: Whimsicott|2/100
|
|-heal|p2b: Rotom|65/100|[from] item: Leftovers
|upkeep
|turn|4
|
|t:|1785290422
|move|p1b: Whimsicott|Encore|p2a: Aegislash
|-start|p2a: Aegislash|Encore
|move|p1a: Staraptor|Close Combat|p2b: Rotom
|-damage|p2b: Rotom|0 fnt
|-boost|p1a: Staraptor|def|1
|-boost|p1a: Staraptor|spd|1
|faint|p2b: Rotom
|move|p2a: Aegislash|Iron Head|p1b: Whimsicott
|-supereffective|p1b: Whimsicott|1
|-damage|p1b: Whimsicott|0 fnt
|faint|p1b: Whimsicott
|
|upkeep
|
|t:|1785290436
|switch|p1b: Vanilluxe|Vanilluxe, L50, M|100/100
|switch|p2b: Lopunny|Lopunny-Mega, L50, F, shiny|87/100
|-weather|Snowscape|[from] ability: Snow Warning|[of] p1b: Vanilluxe
|turn|5
|
|t:|1785290451
|move|p2b: Lopunny|Fake Out|p1a: Staraptor
|-damage|p1a: Staraptor|74/100
|move|p1b: Vanilluxe|Blizzard|p2a: Aegislash|[spread] p2a,p2b
|-resisted|p2a: Aegislash|1
|-damage|p2a: Aegislash|67/100
|-damage|p2b: Lopunny|40/100
|-status|p2a: Aegislash|frz
|cant|p1a: Staraptor|flinch
|cant|p2a: Aegislash|frz
|
|-weather|Snowscape|[upkeep]
|upkeep
|turn|6
|
|t:|1785290469
|switch|p2a: Hydreigon|Hydreigon, L50, M, shiny|100/100
|move|p2b: Lopunny|Mach Punch|p1b: Vanilluxe
|-supereffective|p1b: Vanilluxe|1
|-damage|p1b: Vanilluxe|53/100
|move|p1b: Vanilluxe|Blizzard|p2b: Lopunny|[spread] p2a,p2b
|-supereffective|p2a: Hydreigon|1
|-damage|p2a: Hydreigon|6/100
|-damage|p2b: Lopunny|0 fnt
|-status|p2a: Hydreigon|frz
|faint|p2b: Lopunny
|move|p1a: Staraptor|Close Combat|p2a: Hydreigon
|-supereffective|p2a: Hydreigon|1
|-damage|p2a: Hydreigon|0 fnt
|-boost|p1a: Staraptor|def|1
|-boost|p1a: Staraptor|spd|1
|faint|p2a: Hydreigon
|
|-weather|Snowscape|[upkeep]
|-sideend|p1: grandpapafish|move: Tailwind
|upkeep
|j| soulmoonvgc
|-message|3amr144 forfeited.
|
|win|grandpapafish
|raw|grandpapafish's rating: 1059 → 1089(+30 for winning)
|raw|3amr144's rating: 1044 → 1028(-16 for losing)
|l|☆3amr144
|player|p2|
