|j|☆repo1
|j|☆vvffZs
|html|repo1vvffZs    
|uhtml|bestof|Game 3 of a best-of-3
|t:|1785742425
|gametype|doubles
|player|p1|repo1|pokemonrangerf|1000
|player|p2|vvffZs|hilbert|1000
|gen|9
|tier|[Gen 9 Champions] VGC 2026 Reg M-B (Bo3)
|rated|
|rule|Species Clause: Limit one of each Pokémon
|rule|Item Clause: Limit 1 of each item
|clearpoke
|poke|p1|Staraptor, L50, F|
|poke|p1|Farigiraf, L50, F|
|poke|p1|Incineroar, L50, F|
|poke|p1|Floette-Eternal, L50, F|
|poke|p1|Excadrill, L50, F|
|poke|p1|Milotic, L50, M|
|poke|p2|Pelipper, L50, F|
|poke|p2|Swampert, L50, M, shiny|
|poke|p2|Farigiraf, L50, F|
|poke|p2|Sinistcha-Masterpiece, L50|
|poke|p2|Sylveon, L50, M|
|poke|p2|Aerodactyl, L50, F|
|teampreview|4
|showteam|p1|Staraptor||ChoiceScarf|Intimidate|FinalGambit,CloseCombat,Uturn,BraveBird|Jolly||F|||50|]Farigiraf||SitrusBerry|ArmorTail|TrickRoom,Psychic,Thunderbolt,HelpingHand|Bold||F|||50|]Incineroar||FocusSash|Intimidate|FakeOut,PartingShot,FlareBlitz,ThroatChop|Adamant||F|||50|]Floette-Eternal||Floettite|FlowerVeil|DazzlingGleam,Protect,CalmMind,DrainingKiss|Modest||F|||50|]Excadrill||LifeOrb|MoldBreaker|IronHead,HighHorsepower,Protect,RockSlide|Jolly||F|||50|]Milotic||Leftovers|Competitive|MuddyWater,Hypnosis,Coil,Recover|Calm||M|||50|
|showteam|p2|Pelipper||DampRock|Drizzle|WideGuard,WeatherBall,Hurricane,Protect|Modest||F|||50|]Swampert||Swampertite|Torrent|Protect,Earthquake,WaveCrash,IcePunch|Adamant||M|||50|]Farigiraf||MentalHerb|ArmorTail|PsychicFangs,HelpingHand,AllySwitch,TrickRoom|Relaxed||F|||50|]Sinistcha-Masterpiece||Leftovers|Hospitality|RagePowder,MatchaGotcha,StrengthSap,Curse|Bold|||||50|]Sylveon||LifeOrb|Pixilate|Protect,HyperVoice,CalmMind,Moonblast|Modest||M|||50|]Aerodactyl||FocusSash|Unnerve|Taunt,Protect,RockSlide,DualWingbeat|Jolly||F|||50|
|inactive|Battle timer is ON: inactive players will automatically lose when time's up. (requested by vvffZs)
|inactive|repo1 also wants the timer to be on.
|inactive|vvffZs has 60 seconds left.
|
|t:|1785742462
|teamsize|p1|4
|teamsize|p2|4
|start
|switch|p1a: Floette|Floette-Eternal, L50, F|100/100
|switch|p1b: Incineroar|Incineroar, L50, F|100/100
|switch|p2a: Aerodactyl|Aerodactyl, L50, F|100/100
|switch|p2b: Sylveon|Sylveon, L50, M|100/100
|-ability|p2a: Aerodactyl|Unnerve
|-ability|p1b: Incineroar|Intimidate|boost
|-unboost|p2a: Aerodactyl|atk|1
|-unboost|p2b: Sylveon|atk|1
|turn|1
|
|t:|1785742474
|detailschange|p1a: Floette|Floette-Mega, L50, F
|-mega|p1a: Floette|Floette|Floettite
|-ability|p1a: Floette|Fairy Aura
|move|p1b: Incineroar|Fake Out|p2a: Aerodactyl
|-resisted|p2a: Aerodactyl|1
|-damage|p2a: Aerodactyl|89/100
|cant|p2a: Aerodactyl|flinch
|move|p1a: Floette|Calm Mind|p1a: Floette
|-boost|p1a: Floette|spa|1
|-boost|p1a: Floette|spd|1
|move|p2b: Sylveon|Calm Mind|p2b: Sylveon
|-boost|p2b: Sylveon|spa|1
|-boost|p2b: Sylveon|spd|1
|
|upkeep
|turn|2
|
|t:|1785742485
|move|p2a: Aerodactyl|Taunt|p1a: Floette
|-start|p1a: Floette|move: Taunt
|move|p1a: Floette|Draining Kiss|p2a: Aerodactyl
|-damage|p2a: Aerodactyl|14/100
|move|p1b: Incineroar|Parting Shot|p2b: Sylveon
|-unboost|p2b: Sylveon|atk|1
|-unboost|p2b: Sylveon|spa|1
|
|t:|1785742490
|switch|p1b: Milotic|Milotic, L50, M|100/100|[from] Parting Shot
|move|p2b: Sylveon|Hyper Voice|p1b: Milotic|[spread] p1a,p1b
|-crit|p1a: Floette
|-damage|p1a: Floette|20/100y
|-damage|p1b: Milotic|51/100
|-damage|p2b: Sylveon|90/100|[from] item: Life Orb
|
|-heal|p1b: Milotic|57/100|[from] item: Leftovers
|upkeep
|turn|3
|
|t:|1785742504
|switch|p2a: Swampert|Swampert, L50, M, shiny|100/100
|move|p1a: Floette|Dazzling Gleam|p2a: Swampert|[spread] p2a,p2b
|-damage|p2a: Swampert|28/100
|-damage|p2b: Sylveon|58/100
|move|p1b: Milotic|Muddy Water|p2b: Sylveon|[spread] p2b
|-miss|p1b: Milotic|p2a: Swampert
|-damage|p2b: Sylveon|47/100
|move|p2b: Sylveon|Hyper Voice|p1b: Milotic|[spread] p1a,p1b
|-damage|p1a: Floette|0 fnt
|-damage|p1b: Milotic|10/100
|faint|p1a: Floette
|-damage|p2b: Sylveon|37/100|[from] item: Life Orb
|
|-heal|p1b: Milotic|16/100|[from] item: Leftovers
|upkeep
|
|t:|1785742512
|switch|p1a: Staraptor|Staraptor, L50, F|100/100
|-ability|p1a: Staraptor|Intimidate|boost
|-unboost|p2a: Swampert|atk|1
|-unboost|p2b: Sylveon|atk|1
|turn|4
|
|t:|1785742538
|move|p1a: Staraptor|Brave Bird|p2a: Swampert
|-damage|p2a: Swampert|0 fnt
|faint|p2a: Swampert
|-damage|p1a: Staraptor|91/100|[from] Recoil
|move|p1b: Milotic|Recover|p1b: Milotic
|-heal|p1b: Milotic|66/100
|move|p2b: Sylveon|Hyper Voice|p1b: Milotic|[spread] p1a,p1b
|-damage|p1a: Staraptor|21/100
|-damage|p1b: Milotic|32/100
|-damage|p2b: Sylveon|27/100|[from] item: Life Orb
|
|-heal|p1b: Milotic|38/100|[from] item: Leftovers
|upkeep
|
|t:|1785742550
|switch|p2a: Aerodactyl|Aerodactyl, L50, F|14/100
|-ability|p2a: Aerodactyl|Unnerve
|turn|5
|
|t:|1785742558
|move|p1a: Staraptor|Brave Bird|p2b: Sylveon
|-crit|p2b: Sylveon
|-damage|p2b: Sylveon|0 fnt
|faint|p2b: Sylveon
|-damage|p1a: Staraptor|13/100|[from] Recoil
|move|p2a: Aerodactyl|Rock Slide|p1b: Milotic|[spread] p1a,p1b
|-supereffective|p1a: Staraptor|1
|-crit|p1a: Staraptor
|-damage|p1a: Staraptor|0 fnt
|-damage|p1b: Milotic|15/100
|faint|p1a: Staraptor
|move|p1b: Milotic|Recover|p1b: Milotic
|-heal|p1b: Milotic|65/100
|
|-heal|p1b: Milotic|71/100|[from] item: Leftovers
|upkeep
|
|t:|1785742567
|switch|p1a: Incineroar|Incineroar, L50, F|100/100
|switch|p2b: Pelipper|Pelipper, L50, F|100/100
|-ability|p1a: Incineroar|Intimidate|boost
|-unboost|p2a: Aerodactyl|atk|1
|-unboost|p2b: Pelipper|atk|1
|-weather|RainDance|[from] ability: Drizzle|[of] p2b: Pelipper
|turn|6
|
|t:|1785742573
|move|p1a: Incineroar|Fake Out|p2b: Pelipper
|-damage|p2b: Pelipper|84/100
|move|p2a: Aerodactyl|Rock Slide|p1a: Incineroar|[spread] p1a,p1b
|-supereffective|p1a: Incineroar|1
|-damage|p1a: Incineroar|59/100
|-damage|p1b: Milotic|57/100
|cant|p1b: Milotic|flinch
|cant|p2b: Pelipper|flinch
|
|-weather|RainDance|[upkeep]
|-heal|p1b: Milotic|63/100|[from] item: Leftovers
|upkeep
|turn|7
|
|t:|1785742583
|move|p2a: Aerodactyl|Rock Slide|p1a: Incineroar|[spread] p1a,p1b
|-supereffective|p1a: Incineroar|1
|-damage|p1a: Incineroar|23/100
|-damage|p1b: Milotic|49/100
|move|p1b: Milotic|Muddy Water|p2a: Aerodactyl|[spread] p2a,p2b
|-supereffective|p2a: Aerodactyl|1
|-resisted|p2b: Pelipper|1
|-damage|p2a: Aerodactyl|0 fnt
|-damage|p2b: Pelipper|58/100
|-unboost|p2b: Pelipper|accuracy|1
|faint|p2a: Aerodactyl
|move|p1a: Incineroar|Throat Chop|p2b: Pelipper
|-damage|p2b: Pelipper|18/100
|-start|p2b: Pelipper|Throat Chop|[silent]
|move|p2b: Pelipper|Weather Ball|p1a: Incineroar|[miss]
|-miss|p2b: Pelipper|p1a: Incineroar
|
|-weather|RainDance|[upkeep]
|-heal|p1b: Milotic|54/100|[from] item: Leftovers
|upkeep
|turn|8
|
|t:|1785742591
|move|p1b: Milotic|Muddy Water|p2b: Pelipper
|-resisted|p2b: Pelipper|1
|-damage|p2b: Pelipper|0 fnt
|faint|p2b: Pelipper
|
|win|repo1
|raw|repo1's rating: 1000 → 1040(+40 for winning)
|raw|vvffZs's rating: 1000 → 1000(+0 for losing)
