|j|☆Schmixed_007
|j|☆CazTheMazMartin
|html|Schmixed_007CazTheMazMartin    
|uhtml|bestof|Game 3 of a best-of-3
|t:|1783355007
|gametype|doubles
|player|p1|Schmixed_007|169|1368
|player|p2|CazTheMazMartin|burgh|1341
|gen|9
|tier|[Gen 9 Champions] VGC 2026 Reg M-B (Bo3)
|rated|
|rule|Species Clause: Limit one of each Pokémon
|rule|Item Clause: Limit 1 of each item
|clearpoke
|poke|p1|Sneasler, L50, M|
|poke|p1|Delphox, L50, M|
|poke|p1|Sinistcha-Masterpiece, L50|
|poke|p1|Whimsicott, L50, F|
|poke|p1|Kingambit, L50, F|
|poke|p1|Floette-Eternal, L50, F|
|poke|p2|Staraptor, L50, M|
|poke|p2|Delphox, L50, M|
|poke|p2|Kingambit, L50, M|
|poke|p2|Whimsicott, L50, F|
|poke|p2|Garchomp, L50, M|
|poke|p2|Toxapex, L50, M|
|teampreview|4
|showteam|p1|Sneasler||FocusSash|PoisonTouch|FakeOut,CloseCombat,DireClaw,QuickGuard|Adamant||M|||50|]Delphox||Delphoxite|Blaze|HeatWave,Psyshock,NastyPlot,Protect|Timid||M|||50|]Sinistcha-Masterpiece||KasibBerry|Hospitality|RagePowder,MatchaGotcha,TrickRoom,Protect|Bold|||||50|]Whimsicott||OccaBerry|Prankster|Tailwind,Moonblast,Encore,Protect|Modest||F|||50|]Kingambit||BlackGlasses|Defiant|SuckerPunch,KowtowCleave,LowKick,Protect|Adamant||F|||50|]Floette-Eternal||Floettite|FlowerVeil|Moonblast,DazzlingGleam,CalmMind,Protect|Modest||F|||50|
|showteam|p2|Staraptor||Staraptite|Intimidate|CloseCombat,Roost,BraveBird,Protect|Adamant||M|||50|]Delphox||Delphoxite|Blaze|HeatWave,NastyPlot,Protect,Psyshock|Timid||M|||50|]Kingambit||BlackGlasses|Defiant|KowtowCleave,SuckerPunch,IronHead,Protect|Adamant||M|||50|]Whimsicott||FocusSash|Prankster|Moonblast,Tailwind,Charm,Encore|Timid||F|||50|]Garchomp||LifeOrb|RoughSkin|Earthquake,DragonClaw,RockSlide,Protect|Jolly||M|||50|]Toxapex||Leftovers|Regenerator|Toxic,Infestation,BanefulBunker,WideGuard|Calm||M|||50|
|
|t:|1783355049
|teamsize|p1|4
|teamsize|p2|4
|start
|switch|p1a: Delphox|Delphox, L50, M|100/100
|switch|p1b: Kingambit|Kingambit, L50, F|100/100
|switch|p2a: Delphox|Delphox, L50, M|100/100
|switch|p2b: Garchomp|Garchomp, L50, M|100/100
|turn|1
|
|t:|1783355056
|switch|p1b: Whimsicott|Whimsicott, L50, F|100/100
|detailschange|p1a: Delphox|Delphox-Mega, L50, M
|-mega|p1a: Delphox|Delphox|Delphoxite
|detailschange|p2a: Delphox|Delphox-Mega, L50, M
|-mega|p2a: Delphox|Delphox|Delphoxite
|move|p2a: Delphox|Heat Wave|p1b: Whimsicott|[spread] p1a,p1b
|-resisted|p1a: Delphox|1
|-supereffective|p1b: Whimsicott|1
|-enditem|p1b: Whimsicott|Occa Berry|[eat]
|-enditem|p1b: Whimsicott|Occa Berry|[weaken]
|-damage|p1a: Delphox|83/100
|-damage|p1b: Whimsicott|50/100g
|move|p1a: Delphox|Nasty Plot|p1a: Delphox
|-boost|p1a: Delphox|spa|2
|move|p2b: Garchomp|Rock Slide|p1b: Whimsicott|[spread] 
|-miss|p2b: Garchomp|p1a: Delphox
|-miss|p2b: Garchomp|p1b: Whimsicott
|
|upkeep
|turn|2
|c|☆CazTheMazMartin|Hahaha
|
|t:|1783355068
|move|p1b: Whimsicott|Tailwind|p1b: Whimsicott
|-sidestart|p1: Schmixed_007|move: Tailwind
|move|p1a: Delphox|Psyshock|p2b: Garchomp
|-damage|p2b: Garchomp|20/100y
|move|p2a: Delphox|Heat Wave|p1a: Delphox|[spread] p1b
|-miss|p2a: Delphox|p1a: Delphox
|-supereffective|p1b: Whimsicott|1
|-damage|p1b: Whimsicott|0 fnt
|faint|p1b: Whimsicott
|move|p2b: Garchomp|Rock Slide|p1a: Delphox
|-supereffective|p1a: Delphox|1
|-damage|p1a: Delphox|0 fnt
|faint|p1a: Delphox
|-damage|p2b: Garchomp|11/100|[from] item: Life Orb
|
|upkeep
|
|t:|1783355074
|switch|p1a: Kingambit|Kingambit, L50, F|100/100
|switch|p1b: Sneasler|Sneasler, L50, M|100/100
|turn|3
|
|t:|1783355082
|switch|p2b: Kingambit|Kingambit, L50, M|100/100
|move|p2a: Delphox|Protect|p2a: Delphox
|-singleturn|p2a: Delphox|Protect
|move|p1b: Sneasler|Fake Out|p2a: Delphox
|-activate|p2a: Delphox|move: Protect
|move|p1a: Kingambit|Kowtow Cleave|p2b: Kingambit
|-resisted|p2b: Kingambit|1
|-damage|p2b: Kingambit|76/100
|
|upkeep
|turn|4
|
|t:|1783355097
|switch|p2b: Garchomp|Garchomp, L50, M|11/100
|move|p1a: Kingambit|Sucker Punch|p2a: Delphox
|-supereffective|p2a: Delphox|1
|-damage|p2a: Delphox|0 fnt
|faint|p2a: Delphox
|move|p1b: Sneasler|Close Combat|p2b: Garchomp
|-damage|p2b: Garchomp|0 fnt
|-unboost|p1b: Sneasler|def|1
|-unboost|p1b: Sneasler|spd|1
|-damage|p1b: Sneasler|87/100|[from] ability: Rough Skin|[of] p2b: Garchomp
|faint|p2b: Garchomp
|
|upkeep
|
|t:|1783355099
|switch|p2a: Whimsicott|Whimsicott, L50, F|100/100
|switch|p2b: Kingambit|Kingambit, L50, M|76/100
|turn|5
|
|t:|1783355118
|move|p2b: Kingambit|Protect|p2b: Kingambit
|-singleturn|p2b: Kingambit|Protect
|move|p1b: Sneasler|Dire Claw|p2a: Whimsicott
|-supereffective|p2a: Whimsicott|2
|-enditem|p2a: Whimsicott|Focus Sash
|-damage|p2a: Whimsicott|1/100
|-status|p2a: Whimsicott|psn
|move|p2a: Whimsicott|Moonblast|p1b: Sneasler
|-damage|p1b: Sneasler|14/100
|move|p1a: Kingambit|Low Kick|p2b: Kingambit
|-activate|p2b: Kingambit|move: Protect
|
|-damage|p2a: Whimsicott|0 fnt|[from] psn
|faint|p2a: Whimsicott
|-sideend|p1: Schmixed_007|move: Tailwind
|upkeep
|turn|6
|c|☆CazTheMazMartin|Well that was unlucky
|-message|CazTheMazMartin forfeited.
|
|win|Schmixed_007
|raw|Schmixed_007's rating: 1368 → 1386(+18 for winning)
|raw|CazTheMazMartin's rating: 1341 → 1323(-18 for losing)
