|j|☆Frisk Azzy
|j|☆LittleSunLight
|html|Frisk AzzyLittleSunLight    
|uhtml|bestof|Game 1 of a best-of-3
|t:|1783361804
|gametype|doubles
|player|p1|Frisk Azzy|riley|
|player|p2|LittleSunLight|beauty|
|gen|9
|tier|[Gen 9 Champions] VGC 2026 Reg M-B (Bo3)
|rule|Species Clause: Limit one of each Pokémon
|rule|Item Clause: Limit 1 of each item
|clearpoke
|poke|p1|Charizard, L50, M, shiny|
|poke|p1|Venusaur, L50, M|
|poke|p1|Whimsicott, L50, M|
|poke|p1|Luxray, L50, M, shiny|
|poke|p1|Aegislash, L50, M|
|poke|p1|Garchomp, L50, F, shiny|
|poke|p2|Dragonite, L50, F|
|poke|p2|Froslass, L50, F|
|poke|p2|Sneasler, L50, M|
|poke|p2|Arcanine-Hisui, L50, F|
|poke|p2|Basculegion, L50, M|
|poke|p2|Kingambit, L50, M|
|teampreview|4
|showteam|p1|Charizard||CharizarditeY|SolarPower|HeatWave,Protect,SolarBeam,AirSlash|Timid||M|||50|]Venusaur||LifeOrb|Chlorophyll|GigaDrain,SludgeBomb,Protect,EarthPower|Modest||M|||50|]Whimsicott||FocusSash|Prankster|Moonblast,Tailwind,Taunt,SunnyDay|Timid||M|||50|]Luxray||SitrusBerry|Intimidate|Crunch,WildCharge,Protect,VoltSwitch|Sassy||M|||50|]Aegislash||SpellTag|StanceChange|IronHead,KingsShield,WideGuard,ShadowSneak|Adamant||M|||50|]Garchomp||ExpertBelt|RoughSkin|DragonClaw,Protect,Earthquake,RockSlide|Jolly||F|||50|
|showteam|p2|Dragonite||Dragoninite|Multiscale|Protect,Tailwind,DragonPulse,Flamethrower|Modest||F|||50|]Froslass||Froslassite|CursedBody|Blizzard,ShadowBall,AuroraVeil,Protect|Timid||F|||50|]Sneasler||WhiteHerb|Unburden|Protect,CloseCombat,DireClaw,FakeOut|Jolly||M|||50|]Arcanine-Hisui||FocusSash|RockHead|FlareBlitz,HeadSmash,RockSlide,ExtremeSpeed|Jolly||F|||50|]Basculegion||ChoiceScarf|Adaptability|WaveCrash,PhantomForce,FlipTurn,LastRespects|Adamant||M|||50|]Kingambit||ShucaBerry|Defiant|KowtowCleave,SuckerPunch,IronHead,Protect|Adamant||M|||50|
|inactive|Battle timer is ON: inactive players will automatically lose when time's up. (requested by LittleSunLight)
|c|☆Frisk Azzy|Glhf
|
|t:|1783361857
|teamsize|p1|4
|teamsize|p2|4
|start
|switch|p1a: Whimsicott|Whimsicott, L50, M|100/100
|switch|p1b: Garchomp|Garchomp, L50, F, shiny|100/100
|switch|p2a: Sneasler|Sneasler, L50, M|100/100
|switch|p2b: Arcanine|Arcanine-Hisui, L50, F|100/100
|turn|1
|inactive|LittleSunLight has 30 seconds left.
|inactive|LittleSunLight has 20 seconds left.
|
|t:|1783361895
|move|p2a: Sneasler|Fake Out|p1b: Garchomp
|-damage|p1b: Garchomp|85/100
|-damage|p2a: Sneasler|87/100|[from] ability: Rough Skin|[of] p1b: Garchomp
|move|p1a: Whimsicott|Tailwind|p1a: Whimsicott
|-sidestart|p1: Frisk Azzy|move: Tailwind
|cant|p1b: Garchomp|flinch
|move|p2b: Arcanine|Flare Blitz|p1a: Whimsicott
|-supereffective|p1a: Whimsicott|1
|-enditem|p1a: Whimsicott|Focus Sash
|-damage|p1a: Whimsicott|1/100
|
|upkeep
|turn|2
|inactive|LittleSunLight has 30 seconds left.
|
|t:|1783361927
|switch|p1a: Charizard|Charizard, L50, M, shiny|100/100
|switch|p2a: Dragonite|Dragonite, L50, F|100/100
|switch|p2b: Basculegion|Basculegion, L50, M|100/100
|move|p1b: Garchomp|Earthquake|p2a: Dragonite|[spread] p2b
|-immune|p1a: Charizard
|-immune|p2a: Dragonite
|-damage|p2b: Basculegion|52/100
|
|upkeep
|turn|3
|inactive|LittleSunLight has 30 seconds left.
|inactive|LittleSunLight has 20 seconds left.
|inactive|LittleSunLight has 15 seconds left.
|inactive|LittleSunLight has 10 seconds left.
|inactive|LittleSunLight has 5 seconds left.
|
|t:|1783361981
|switch|p1b: Aegislash|Aegislash, L50, M|100/100
|detailschange|p1a: Charizard|Charizard-Mega-Y, L50, M, shiny
|-mega|p1a: Charizard|Charizard|Charizardite Y
|-weather|SunnyDay|[from] ability: Drought|[of] p1a: Charizard
|move|p2a: Dragonite|Protect|p2a: Dragonite
|-singleturn|p2a: Dragonite|Protect
|move|p1a: Charizard|Heat Wave|p2b: Basculegion|[spread] p2b
|-activate|p2a: Dragonite|move: Protect
|-resisted|p2b: Basculegion|1
|-damage|p2b: Basculegion|14/100
|move|p2b: Basculegion|Wave Crash|p1b: Aegislash
|-damage|p1b: Aegislash|65/100
|-damage|p2b: Basculegion|5/100|[from] Recoil
|
|-weather|SunnyDay|[upkeep]
|upkeep
|turn|4
|inactive|Frisk Azzy has 30 seconds left.
|inactive|LittleSunLight has 30 seconds left.
|inactive|LittleSunLight has 20 seconds left.
|
|t:|1783362017
|switch|p2b: Arcanine|Arcanine-Hisui, L50, F|100/100
|move|p1b: Aegislash|King's Shield|p1b: Aegislash
|-singleturn|p1b: Aegislash|Protect
|move|p1a: Charizard|Air Slash|p2a: Dragonite|[miss]
|-miss|p1a: Charizard|p2a: Dragonite
|move|p2a: Dragonite|Tailwind|p2a: Dragonite
|-sidestart|p2: LittleSunLight|move: Tailwind
|
|-weather|SunnyDay|[upkeep]
|-sideend|p1: Frisk Azzy|move: Tailwind
|upkeep
|turn|5
|inactive|LittleSunLight has 30 seconds left.
|
|t:|1783362049
|switch|p1b: Garchomp|Garchomp, L50, F, shiny|85/100
|detailschange|p2a: Dragonite|Dragonite-Mega, L50, F
|-mega|p2a: Dragonite|Dragonite|Dragoninite
|move|p1a: Charizard|Protect|p1a: Charizard
|-singleturn|p1a: Charizard|Protect
|move|p2b: Arcanine|Flare Blitz|p1b: Garchomp
|-resisted|p1b: Garchomp|1
|-damage|p1b: Garchomp|42/100
|-damage|p2b: Arcanine|87/100|[from] ability: Rough Skin|[of] p1b: Garchomp
|move|p2a: Dragonite|Dragon Pulse|p1a: Charizard
|-activate|p1a: Charizard|move: Protect
|
|-weather|SunnyDay|[upkeep]
|upkeep
|turn|6
|inactive|LittleSunLight has 30 seconds left.
|inactive|Frisk Azzy has 30 seconds left.
|
|t:|1783362080
|move|p2b: Arcanine|Rock Slide|p1b: Garchomp|[spread] p1a,p1b
|-supereffective|p1a: Charizard|2
|-resisted|p1b: Garchomp|1
|-damage|p1a: Charizard|0 fnt
|-damage|p1b: Garchomp|28/100
|faint|p1a: Charizard
|move|p2a: Dragonite|Dragon Pulse|p1b: Garchomp
|-supereffective|p1b: Garchomp|1
|-damage|p1b: Garchomp|0 fnt
|faint|p1b: Garchomp
|
|-weather|SunnyDay|[upkeep]
|upkeep
|
|t:|1783362084
|switch|p1b: Whimsicott|Whimsicott, L50, M|1/100
|switch|p1a: Aegislash|Aegislash, L50, M|65/100
|turn|7
|
|t:|1783362101
|move|p2b: Arcanine|Extreme Speed|p1b: Whimsicott
|-damage|p1b: Whimsicott|0 fnt
|faint|p1b: Whimsicott
|move|p2a: Dragonite|Flamethrower|p1a: Aegislash
|-supereffective|p1a: Aegislash|1
|-damage|p1a: Aegislash|0 fnt
|faint|p1a: Aegislash
|
|win|LittleSunLight
|inactive|Frisk Azzy has 30 seconds to confirm battle start!
|inactive|LittleSunLight has 30 seconds to confirm battle start!
|c|☆Frisk Azzy|Ggwp
||Frisk Azzy is ready for game 2.
|c|☆LittleSunLight|ggwp
|inactive|LittleSunLight has 20 seconds to confirm battle start!
