|j|☆Koraidon games
|j|☆toadsamongmen
|html|Koraidon gamestoadsamongmen    
|uhtml|bestof|Game 1 of a best-of-3
|t:|1782350554
|gametype|doubles
|player|p1|Koraidon games|colress|
|player|p2|toadsamongmen|swimmerf|
|gen|9
|tier|[Gen 9 Champions] VGC 2026 Reg M-B (Bo3)
|rule|Species Clause: Limit one of each Pokémon
|rule|Item Clause: Limit 1 of each item
|clearpoke
|poke|p1|Pyroar, L50, M|
|poke|p1|Sylveon, L50, M, shiny|
|poke|p1|Kangaskhan, L50, F|
|poke|p1|Farigiraf, L50, F|
|poke|p1|Torkoal, L50, F|
|poke|p1|Vileplume, L50, F, shiny|
|poke|p2|Mawile, L50, F|
|poke|p2|Archaludon, L50, M|
|poke|p2|Pelipper, L50, F|
|poke|p2|Swampert, L50, M|
|poke|p2|Incineroar, L50, F|
|poke|p2|Farigiraf, L50, M|
|teampreview|4
|showteam|p1|Pyroar||Pyroarite|Unnerve|HeatWave,Overheat,Round,Protect|Timid||M|||50|]Sylveon||LifeOrb|Pixilate|HyperVoice,HyperBeam,Round,Detect|Quiet||M|||50|]Kangaskhan||Kangaskhanite|Scrappy|DoubleEdge,BrickBreak,SuckerPunch,FakeOut|Brave||F|||50|]Farigiraf||SitrusBerry|ArmorTail|Psychic,Thunderbolt,HelpingHand,TrickRoom|Bold||F|||50|]Torkoal||Charcoal|Drought|Eruption,WeatherBall,EarthPower,Protect|Quiet||F|||50|]Vileplume||CobaBerry|Chlorophyll|GrassKnot,SludgeBomb,AfterYou,SleepPowder|Timid||F|||50|
|showteam|p2|Mawile||Mawilite|Intimidate|SuckerPunch,RockSlide,PlayRough,Protect|Brave||F|||50|]Archaludon||Leftovers|Stamina|ElectroShot,DragonPulse,AuraSphere,Protect|Calm||M|||50|]Pelipper||FocusSash|Drizzle|Tailwind,WeatherBall,Hurricane,Protect|Modest||F|||50|]Swampert||Swampertite|Damp|HighHorsepower,WaveCrash,Protect,KnockOff|Adamant||M|||50|]Incineroar||Charcoal|Intimidate|FakeOut,FlareBlitz,PartingShot,Snarl|Impish||F|||50|]Farigiraf||ColburBerry|ArmorTail|Psychic,TrickRoom,Protect,FoulPlay|Relaxed||M|||50|
|c|☆toadsamongmen|hmm bo3
|
|t:|1782350586
|teamsize|p1|4
|teamsize|p2|4
|start
|switch|p1a: ガルーラ|Kangaskhan, L50, F|100/100
|switch|p1b: キキリン|Farigiraf, L50, F|100/100
|switch|p2a: Swampert|Swampert, L50, M|100/100
|switch|p2b: Incineroar|Incineroar, L50, F|100/100
|-ability|p2b: Incineroar|Intimidate|boost
|-fail|p1a: ガルーラ|unboost|Attack|[from] ability: Scrappy|[of] p1a: ガルーラ
|-unboost|p1b: キキリン|atk|1
|turn|1
|c|☆Koraidon games|lol
|
|t:|1782350614
|detailschange|p2a: Swampert|Swampert-Mega, L50, M
|-mega|p2a: Swampert|Swampert|Swampertite
|detailschange|p1a: ガルーラ|Kangaskhan-Mega, L50, F
|-mega|p1a: ガルーラ|Kangaskhan|Kangaskhanite
|move|p1a: ガルーラ|Fake Out|p2a: Swampert
|-damage|p2a: Swampert|77/100
|-damage|p2a: Swampert|72/100
|-hitcount|p2a: Swampert|2
|cant|p2a: Swampert|flinch
|move|p2b: Incineroar|Flare Blitz|p1a: ガルーラ
|-damage|p1a: ガルーラ|49/100
|-damage|p2b: Incineroar|82/100|[from] Recoil
|move|p1b: キキリン|Trick Room|p1b: キキリン
|-fieldstart|move: Trick Room|[of] p1b: キキリン
|
|upkeep
|turn|2
|
|t:|1782350641
|move|p1b: キキリン|Helping Hand|p1a: ガルーラ
|-singleturn|p1a: ガルーラ|Helping Hand|[of] p1b: キキリン
|move|p2b: Incineroar|Flare Blitz|p1b: キキリン
|-damage|p1b: キキリン|56/100
|-damage|p2b: Incineroar|66/100|[from] Recoil
|move|p1a: ガルーラ|Double-Edge|p2a: Swampert
|-damage|p2a: Swampert|0 fnt
|faint|p2a: Swampert
|-damage|p1a: ガルーラ|29/100|[from] Recoil
|
|upkeep
|
|t:|1782350653
|switch|p2a: Archaludon|Archaludon, L50, M|100/100
|turn|3
|
|t:|1782350660
|move|p1b: キキリン|Helping Hand|p1a: ガルーラ
|-singleturn|p1a: ガルーラ|Helping Hand|[of] p1b: キキリン
|move|p2b: Incineroar|Flare Blitz|p1a: ガルーラ
|-crit|p1a: ガルーラ
|-damage|p1a: ガルーラ|0 fnt
|faint|p1a: ガルーラ
|-damage|p2b: Incineroar|56/100|[from] Recoil
|move|p2a: Archaludon|Dragon Pulse|p1b: キキリン
|-damage|p1b: キキリン|22/100
|-enditem|p1b: キキリン|Sitrus Berry|[eat]
|-heal|p1b: キキリン|47/100|[from] item: Sitrus Berry
|
|upkeep
|
|t:|1782350671
|switch|p1a: コータス|Torkoal, L50, F|100/100
|-weather|SunnyDay|[from] ability: Drought|[of] p1a: コータス
|turn|4
|
|t:|1782350681
|switch|p2a: Pelipper|Pelipper, L50, F|100/100
|-weather|RainDance|[from] ability: Drizzle|[of] p2a: Pelipper
|move|p1b: キキリン|Helping Hand|p1a: コータス
|-singleturn|p1a: コータス|Helping Hand|[of] p1b: キキリン
|move|p1a: コータス|Eruption|p2a: Pelipper|[spread] p2a,p2b
|-resisted|p2a: Pelipper|1
|-resisted|p2b: Incineroar|1
|-damage|p2a: Pelipper|59/100
|-damage|p2b: Incineroar|37/100
|move|p2b: Incineroar|Flare Blitz|p1b: キキリン
|-damage|p1b: キキリン|26/100
|-damage|p2b: Incineroar|29/100|[from] Recoil
|
|-weather|RainDance|[upkeep]
|upkeep
|turn|5
|c|☆toadsamongmen|misclick :(
|
|t:|1782350701
|switch|p1a: ニンフィア|Sylveon, L50, M, shiny|100/100
|move|p2a: Pelipper|Protect|p2a: Pelipper
|-singleturn|p2a: Pelipper|Protect
|move|p1b: キキリン|Thunderbolt|p2a: Pelipper
|-activate|p2a: Pelipper|move: Protect
|move|p2b: Incineroar|Snarl|p1b: キキリン|[spread] p1a,p1b
|-resisted|p1a: ニンフィア|1
|-supereffective|p1b: キキリン|1
|-damage|p1a: ニンフィア|95/100
|-damage|p1b: キキリン|6/100
|-unboost|p1a: ニンフィア|spa|1
|-unboost|p1b: キキリン|spa|1
|
|-weather|RainDance|[upkeep]
|-fieldend|move: Trick Room
|upkeep
|turn|6
|
|t:|1782350719
|move|p2a: Pelipper|Weather Ball|p1a: ニンフィア
|-damage|p1a: ニンフィア|47/100
|move|p2b: Incineroar|Snarl|p1a: ニンフィア|[spread] p1a,p1b
|-resisted|p1a: ニンフィア|1
|-supereffective|p1b: キキリン|1
|-damage|p1a: ニンフィア|43/100
|-damage|p1b: キキリン|0 fnt
|-unboost|p1a: ニンフィア|spa|1
|faint|p1b: キキリン
|move|p1a: ニンフィア|Hyper Voice|p2a: Pelipper|[spread] p2a,p2b
|-damage|p2a: Pelipper|13/100
|-damage|p2b: Incineroar|7/100
|-damage|p1a: ニンフィア|34/100|[from] item: Life Orb
|
|-weather|RainDance|[upkeep]
|upkeep
|
|t:|1782350731
|switch|p1b: コータス|Torkoal, L50, F|100/100
|-weather|SunnyDay|[from] ability: Drought|[of] p1b: コータス
|turn|7
|
|t:|1782350737
|switch|p2a: Archaludon|Archaludon, L50, M|100/100
|move|p2b: Incineroar|Snarl|p1a: ニンフィア|[spread] p1a,p1b
|-resisted|p1a: ニンフィア|1
|-damage|p1a: ニンフィア|30/100
|-damage|p1b: コータス|86/100
|-unboost|p1a: ニンフィア|spa|1
|-unboost|p1b: コータス|spa|1
|move|p1a: ニンフィア|Hyper Voice|p2b: Incineroar|[spread] p2a,p2b
|-damage|p2a: Archaludon|81/100
|-damage|p2b: Incineroar|0 fnt
|-ability|p2a: Archaludon|Stamina|boost
|-boost|p2a: Archaludon|def|1
|faint|p2b: Incineroar
|-damage|p1a: ニンフィア|20/100y|[from] item: Life Orb
|move|p1b: コータス|Eruption|p2a: Archaludon
|-damage|p2a: Archaludon|26/100
|-ability|p2a: Archaludon|Stamina|boost
|-boost|p2a: Archaludon|def|1
|
|-weather|SunnyDay|[upkeep]
|-heal|p2a: Archaludon|32/100|[from] item: Leftovers
|upkeep
|
|t:|1782350743
|switch|p2b: Pelipper|Pelipper, L50, F|13/100
|-weather|RainDance|[from] ability: Drizzle|[of] p2b: Pelipper
|turn|8
|
|t:|1782350769
|move|p2b: Pelipper|Weather Ball|p1b: コータス
|-supereffective|p1b: コータス|1
|-damage|p1b: コータス|0 fnt
|faint|p1b: コータス
|move|p2a: Archaludon|Electro Shot||[still]
|-prepare|p2a: Archaludon|Electro Shot
|-boost|p2a: Archaludon|spa|1
|-anim|p2a: Archaludon|Electro Shot|p1a: ニンフィア
|-crit|p1a: ニンフィア
|-damage|p1a: ニンフィア|0 fnt
|faint|p1a: ニンフィア
|
|win|toadsamongmen
||toadsamongmen is ready for game 2.
|c|☆Koraidon games|frick
|inactive|Koraidon games has 30 seconds to confirm battle start!
||Koraidon games is ready for game 2.
|uhtml|next|Next: Game 2 of 3
|j| Kunikamaze
