|j|☆don zaloog is real
|j|☆tessa scarlet
|html|don zaloog is realtessa scarlet    
|uhtml|bestof|Game 1 of a best-of-3
|t:|1756236282
|gametype|doubles
|player|p1|don zaloog is real|collector|1303
|player|p2|tessa scarlet|102|1316
|gen|9
|tier|[Gen 9] VGC 2025 Reg H (Bo3)
|rated|
|rule|Species Clause: Limit one of each Pokémon
|rule|Item Clause: Limit 1 of each item
|clearpoke
|poke|p1|Rillaboom, L50, M|
|poke|p1|Volcarona, L50, F|
|poke|p1|Kingambit, L50, M|
|poke|p1|Ninetales-Alola, L50, F|
|poke|p1|Basculegion, L50, M|
|poke|p1|Electabuzz, L50, F|
|poke|p2|Charizard, L50, F|
|poke|p2|Torkoal, L50, F|
|poke|p2|Porygon2, L50|
|poke|p2|Incineroar, L50, M|
|poke|p2|Jumpluff, L50, M|
|poke|p2|Ursaluna, L50, F|
|teampreview|4
|showteam|p1|Rillaboom||AssaultVest|GrassySurge|WoodHammer,GrassyGlide,HighHorsepower,FakeOut|||M|||50|,,,,,Fire]Volcarona||GrassySeed|FlameBody|HeatWave,GigaDrain,QuiverDance,Protect|||F|||50|,,,,,Grass]Kingambit||SafetyGoggles|Defiant|KowtowCleave,SuckerPunch,SwordsDance,Protect|||M|||50|,,,,,Dark]Ninetales-Alola||FocusSash|SnowWarning|Blizzard,Encore,Disable,Protect|||F|||50|,,,,,Ghost]Basculegion||ChoiceScarf|Adaptability|WaveCrash,LastRespects,FlipTurn,AquaJet|||M|||50|,,,,,Dragon]Electabuzz||Eviolite|VitalSpirit|Thunderbolt,FollowMe,Taunt,HelpingHand|||F|||50|,,,,,Fairy
|showteam|p2|Charizard||ChoiceSpecs|SolarPower|HeatWave,Overheat,WeatherBall,AirSlash|||F|||50|,,,,,Ghost]Torkoal||EjectPack|Drought|Eruption,Overheat,HelpingHand,Protect|||F|||50|,,,,,Fire]Porygon2||Eviolite|Download|IceBeam,TeraBlast,TrickRoom,Recover||||||50|,,,,,Fighting]Incineroar||SitrusBerry|Intimidate|FlareBlitz,KnockOff,FakeOut,PartingShot|||M|||50|,,,,,Ghost]Jumpluff||CovertCloak|Chlorophyll|SleepPowder,SunnyDay,RagePowder,Tailwind|||M|||50|,,,,,Water]Ursaluna||FlameOrb|Guts|HeadlongRush,Facade,Earthquake,Protect|||F|||50|,,,,,Ghost
|
|t:|1756236315
|teamsize|p1|4
|teamsize|p2|4
|start
|switch|p1a: Basculegion|Basculegion, L50, M|100/100
|switch|p1b: Electabuzz|Electabuzz, L50, F|100/100
|switch|p2a: Charizard|Charizard, L50, F|100/100
|switch|p2b: Jumpluff|Jumpluff, L50, M, shiny|100/100
|turn|1
|
|t:|1756236366
|switch|p2b: Torkoal|Torkoal, L50, F|100/100
|-weather|SunnyDay|[from] ability: Drought|[of] p2b: Torkoal
|move|p1a: Basculegion|Wave Crash|p2a: Charizard
|-supereffective|p2a: Charizard
|-damage|p2a: Charizard|0 fnt
|faint|p2a: Charizard
|-damage|p1a: Basculegion|75/100|[from] Recoil
|move|p1b: Electabuzz|Taunt|p2b: Torkoal
|-start|p2b: Torkoal|move: Taunt
|
|-weather|SunnyDay|[upkeep]
|upkeep
|
|t:|1756236376
|switch|p2a: Jumpluff|Jumpluff, L50, M, shiny|100/100
|turn|2
|
|t:|1756236392
|move|p1b: Electabuzz|Follow Me|p1b: Electabuzz
|-singleturn|p1b: Electabuzz|move: Follow Me
|move|p2a: Jumpluff|Sleep Powder|p1b: Electabuzz
|-immune|p1b: Electabuzz|[from] ability: Vital Spirit
|move|p1a: Basculegion|Wave Crash|p2b: Torkoal
|-supereffective|p2b: Torkoal
|-damage|p2b: Torkoal|42/100
|-damage|p1a: Basculegion|57/100|[from] Recoil
|move|p2b: Torkoal|Overheat|p1b: Electabuzz
|-damage|p1b: Electabuzz|39/100
|-unboost|p2b: Torkoal|spa|2
|-enditem|p2b: Torkoal|Eject Pack
|
|t:|1756236396
|switch|p2b: Ursaluna|Ursaluna, L50, F|100/100
|
|-weather|SunnyDay|[upkeep]
|-status|p2b: Ursaluna|brn|[from] item: Flame Orb
|upkeep
|turn|3
|
|t:|1756236426
|move|p2b: Ursaluna|Protect|p2b: Ursaluna
|-singleturn|p2b: Ursaluna|Protect
|move|p2a: Jumpluff|Tailwind|p2a: Jumpluff
|-sidestart|p2: tessa scarlet|move: Tailwind
|move|p1a: Basculegion|Wave Crash|p2b: Ursaluna
|-activate|p2b: Ursaluna|move: Protect
|move|p1b: Electabuzz|Taunt|p2a: Jumpluff
|-start|p2a: Jumpluff|move: Taunt
|
|-weather|SunnyDay|[upkeep]
|-damage|p2b: Ursaluna|95/100 brn|[from] brn
|upkeep
|turn|4
|
|t:|1756236448
|switch|p2a: Torkoal|Torkoal, L50, F|42/100
|-terastallize|p2b: Ursaluna|Ghost
|move|p1b: Electabuzz|Helping Hand|p1a: Basculegion
|-singleturn|p1a: Basculegion|Helping Hand|[of] p1b: Electabuzz
|move|p1a: Basculegion|Wave Crash|p2b: Ursaluna
|-damage|p2b: Ursaluna|43/100 brn
|-damage|p1a: Basculegion|39/100|[from] Recoil
|move|p2b: Ursaluna|Earthquake|p1b: Electabuzz|[spread] p2a,p1a,p1b
|-supereffective|p2a: Torkoal
|-supereffective|p1b: Electabuzz
|-damage|p2a: Torkoal|0 fnt
|-damage|p1a: Basculegion|0 fnt
|-damage|p1b: Electabuzz|0 fnt
|faint|p2a: Torkoal
|faint|p1a: Basculegion
|faint|p1b: Electabuzz
|
|-weather|SunnyDay|[upkeep]
|-damage|p2b: Ursaluna|38/100 brn|[from] brn
|upkeep
|
|t:|1756236459
|switch|p1b: Ninetales|Ninetales-Alola, L50, F|100/100
|switch|p1a: Kingambit|Kingambit, L50, M|100/100
|switch|p2a: Jumpluff|Jumpluff, L50, M, shiny|100/100
|-weather|Snowscape|[from] ability: Snow Warning|[of] p1b: Ninetales
|turn|5
|-message|tessa scarlet forfeited.
|
|win|don zaloog is real
||don zaloog is real is ready for game 2.
||tessa scarlet is ready for game 2.
|uhtml|next|Next: Game 2 of 3
|l|☆tessa scarlet
|player|p2|
