|j|☆Phix_X
|j|☆retking
|html|Phix_Xretking    
|uhtml|bestof|Game 3 of a best-of-3
|t:|1783170806
|gametype|doubles
|player|p1|Phix_X|raihan|
|player|p2|retking|n|
|gen|9
|tier|[Gen 9 Champions] VGC 2026 Reg M-B (Bo3)
|rule|Species Clause: Limit one of each Pokémon
|rule|Item Clause: Limit 1 of each item
|clearpoke
|poke|p1|Staraptor, L50, F|
|poke|p1|Grimmsnarl, L50, M|
|poke|p1|Kingambit, L50, M|
|poke|p1|Glimmora, L50, F|
|poke|p1|Basculegion, L50, M|
|poke|p1|Whimsicott, L50, F|
|poke|p2|Whimsicott, L50, F|
|poke|p2|Floette-Eternal, L50, F|
|poke|p2|Charizard, L50, F|
|poke|p2|Garchomp, L50, F|
|poke|p2|Basculegion, L50, M|
|poke|p2|Kingambit, L50, M|
|teampreview|4
|showteam|p1|Staraptor||Staraptite|Intimidate|BraveBird,CloseCombat,Protect,Roost|Jolly||F|||50|]Grimmsnarl||LightClay|Prankster|SpiritBreak,LightScreen,Reflect,FakeOut|Adamant||M|||50|]Kingambit||BlackGlasses|Defiant|KowtowCleave,SuckerPunch,SwordsDance,Protect|Adamant||M|||50|]Glimmora||FocusSash|ToxicDebris|SludgeBomb,PowerGem,SpikyShield,EarthPower|Timid||F|||50|]Basculegion||ChoiceScarf|Adaptability|LastRespects,AquaJet,WaveCrash,FlipTurn|Jolly||M|||50|]Whimsicott||FairyFeather|Prankster|Moonblast,Charm,Encore,Tailwind|Timid||F|||50|
|showteam|p2|Whimsicott||FocusSash|Prankster|Moonblast,Tailwind,Encore,Protect|Timid||F|||50|]Floette-Eternal||Floettite|FlowerVeil|DazzlingGleam,Moonblast,LightofRuin,Protect|Timid||F|||50|]Charizard||CharizarditeY|Blaze|HeatWave,WeatherBall,SolarBeam,Protect|Modest||F|||50|]Garchomp||LifeOrb|RoughSkin|Earthquake,DragonClaw,RockSlide,Protect|Jolly||F|||50|]Basculegion||MysticWater|Adaptability|WaveCrash,LastRespects,AquaJet,Protect|Adamant||M|||50|]Kingambit||BlackGlasses|Defiant|KowtowCleave,SuckerPunch,IronHead,Protect|Adamant||M|||50|
|inactive|Battle timer is ON: inactive players will automatically lose when time's up. (requested by retking)
|inactive|Phix_X also wants the timer to be on.
|j| DoctorGrizzman
|inactive|Phix_X has 60 seconds left.
|inactive|retking has 60 seconds left.
|j| shunwee!
|
|t:|1783170854
|teamsize|p1|4
|teamsize|p2|4
|start
|switch|p1a: Glimmora|Glimmora, L50, F|100/100
|switch|p1b: Grimmsnarl|Grimmsnarl, L50, M|100/100
|switch|p2a: Floette|Floette-Eternal, L50, F|100/100
|switch|p2b: Whimsicott|Whimsicott, L50, F|100/100
|turn|1
|inactive|retking has 30 seconds left.
|inactive|retking has 20 seconds left.
|inactive|retking has 15 seconds left.
|
|t:|1783170899
|switch|p2a: Basculegion|Basculegion, L50, M|100/100
|move|p1b: Grimmsnarl|Fake Out|p2a: Basculegion
|-immune|p2a: Basculegion
|move|p2b: Whimsicott|Moonblast|p1b: Grimmsnarl
|-supereffective|p1b: Grimmsnarl|1
|-damage|p1b: Grimmsnarl|30/100
|move|p1a: Glimmora|Sludge Bomb|p2b: Whimsicott
|-supereffective|p2b: Whimsicott|2
|-enditem|p2b: Whimsicott|Focus Sash
|-damage|p2b: Whimsicott|1/100
|
|upkeep
|turn|2
|
|t:|1783170923
|move|p2b: Whimsicott|Protect|p2b: Whimsicott
|-singleturn|p2b: Whimsicott|Protect
|move|p1b: Grimmsnarl|Light Screen|p1b: Grimmsnarl
|-sidestart|p1: Phix_X|move: Light Screen
|move|p1a: Glimmora|Sludge Bomb|p2b: Whimsicott
|-activate|p2b: Whimsicott|move: Protect
|move|p2a: Basculegion|Wave Crash|p1b: Grimmsnarl
|-damage|p1b: Grimmsnarl|0 fnt
|faint|p1b: Grimmsnarl
|-damage|p2a: Basculegion|89/100|[from] Recoil
|
|upkeep
|
|t:|1783170930
|switch|p1b: Kingambit|Kingambit, L50, M|100/100
|turn|3
|inactive|retking has 30 seconds left.
|
|t:|1783170956
|move|p2b: Whimsicott|Tailwind|p2b: Whimsicott
|-sidestart|p2: retking|move: Tailwind
|move|p2a: Basculegion|Wave Crash|p1b: Kingambit
|-damage|p1b: Kingambit|29/100
|-damage|p2a: Basculegion|65/100|[from] Recoil
|move|p1a: Glimmora|Sludge Bomb|p2b: Whimsicott
|-supereffective|p2b: Whimsicott|2
|-damage|p2b: Whimsicott|0 fnt
|faint|p2b: Whimsicott
|move|p1b: Kingambit|Swords Dance|p1b: Kingambit
|-boost|p1b: Kingambit|atk|2
|
|upkeep
|
|t:|1783170971
|switch|p2b: Floette|Floette-Eternal, L50, F|100/100
|turn|4
|inactive|retking has 30 seconds left.
|inactive|retking has 20 seconds left.
|
|t:|1783171009
|detailschange|p2b: Floette|Floette-Mega, L50, F
|-mega|p2b: Floette|Floette|Floettite
|-ability|p2b: Floette|Fairy Aura
|move|p2a: Basculegion|Aqua Jet|p1a: Glimmora
|-supereffective|p1a: Glimmora|1
|-damage|p1a: Glimmora|21/100
|-activate|p1a: Glimmora|ability: Toxic Debris
|-sidestart|p2: retking|move: Toxic Spikes
|move|p1b: Kingambit|Sucker Punch||[still]
|-fail|p1b: Kingambit
|move|p2b: Floette|Dazzling Gleam|p1a: Glimmora|[spread] p1a,p1b
|-resisted|p1a: Glimmora|1
|-damage|p1a: Glimmora|1/100
|-damage|p1b: Kingambit|1/100
|move|p1a: Glimmora|Sludge Bomb|p2b: Floette
|-supereffective|p2b: Floette|1
|-damage|p2b: Floette|14/100
|
|upkeep
|turn|5
|
|t:|1783171030
|move|p2a: Basculegion|Aqua Jet|p1b: Kingambit
|-damage|p1b: Kingambit|0 fnt
|faint|p1b: Kingambit
|move|p2b: Floette|Moonblast|p1a: Glimmora
|-resisted|p1a: Glimmora|1
|-damage|p1a: Glimmora|0 fnt
|faint|p1a: Glimmora
|
|upkeep
|
|t:|1783171033
|switch|p1a: Staraptor|Staraptor, L50, F|100/100
|-ability|p1a: Staraptor|Intimidate|boost
|-unboost|p2a: Basculegion|atk|1
|-unboost|p2b: Floette|atk|1
|turn|6
|inactive|retking has 30 seconds left.
|
|t:|1783171068
|detailschange|p1a: Staraptor|Staraptor-Mega, L50, F
|-mega|p1a: Staraptor|Staraptor|Staraptite
|move|p2b: Floette|Protect|p2b: Floette
|-singleturn|p2b: Floette|Protect
|move|p1a: Staraptor|Protect|p1a: Staraptor
|-singleturn|p1a: Staraptor|Protect
|move|p2a: Basculegion|Wave Crash|p1a: Staraptor
|-activate|p1a: Staraptor|move: Protect
|
|-sideend|p2: retking|move: Tailwind
|upkeep
|turn|7
|
|t:|1783171092
|move|p1a: Staraptor|Close Combat|p2b: Floette
|-resisted|p2b: Floette|1
|-damage|p2b: Floette|0 fnt
|-boost|p1a: Staraptor|def|1
|-boost|p1a: Staraptor|spd|1
|faint|p2b: Floette
|move|p2a: Basculegion|Wave Crash|p1a: Staraptor
|-damage|p1a: Staraptor|53/100
|-damage|p2a: Basculegion|53/100|[from] Recoil
|
|upkeep
|
|t:|1783171101
|switch|p2b: Kingambit|Kingambit, L50, M|100/100
|turn|8
|inactive|retking has 30 seconds left.
|
|t:|1783171130
|move|p1a: Staraptor|Brave Bird|p2a: Basculegion
|-damage|p2a: Basculegion|0 fnt
|faint|p2a: Basculegion
|-damage|p1a: Staraptor|31/100|[from] Recoil
|move|p2b: Kingambit|Iron Head|p1a: Staraptor
|-damage|p1a: Staraptor|0 fnt
|faint|p1a: Staraptor
|
|win|retking
|c|☆Phix_X|ggs
|c|☆retking|gg
|l|☆Phix_X
|player|p1|
|l| DoctorGrizzman
|j|☆Phix_X
|player|p1|Phix_X|raihan|
|l| shunwee!
|l|☆Phix_X
|player|p1|
