|j|☆MarzipanTheFirst
|j|☆guillelona
|html|MarzipanTheFirstguillelona    
|uhtml|bestof|Game 2 of a best-of-3
|t:|1784986869
|gametype|doubles
|player|p1|MarzipanTheFirst|wallace|1138
|player|p2|guillelona|2|1183
|gen|9
|tier|[Gen 9 Champions] VGC 2026 Reg M-B (Bo3)
|rated|
|rule|Species Clause: Limit one of each Pokémon
|rule|Item Clause: Limit 1 of each item
|clearpoke
|poke|p1|Dragalge, L50, F|
|poke|p1|Mamoswine, L50, F|
|poke|p1|Aerodactyl, L50, F|
|poke|p1|Lopunny, L50, F|
|poke|p1|Kingambit, L50, M|
|poke|p1|Sinistcha-Masterpiece, L50|
|poke|p2|Vivillon-Tundra, L50, M|
|poke|p2|Mawile, L50, F|
|poke|p2|Torkoal, L50, F|
|poke|p2|Farigiraf, L50, M|
|poke|p2|Garchomp, L50, M|
|poke|p2|Raichu, L50, F|
|teampreview|4
|showteam|p1|Dragalge||Dragalgite|PoisonPoint|DracoMeteor,FlipTurn,SludgeBomb,Protect|Modest||F|||50|]Mamoswine||LifeOrb|Oblivious|IceShard,HighHorsepower,IcicleCrash,Protect|Adamant||F|||50|]Aerodactyl||FocusSash|Unnerve|RockSlide,WideGuard,Tailwind,Protect|Jolly||F|||50|]Lopunny||Lopunnite|CuteCharm|CloseCombat,TripleAxel,Pounce,FakeOut|Jolly||F|||50|]Kingambit||BlackGlasses|Defiant|KowtowCleave,SuckerPunch,IronHead,Protect|Adamant||M|||50|]Sinistcha-Masterpiece||ColburBerry|Hospitality|MatchaGotcha,RagePowder,TrickRoom,Protect|Bold|||||50|
|showteam|p2|Vivillon-Tundra||FocusSash|CompoundEyes|Hurricane,SleepPowder,RagePowder,Protect|Timid||M|||50|]Mawile||Mawilite|Intimidate|PlayRough,RockSlide,SuckerPunch,Protect|Adamant||F|||50|]Torkoal||Charcoal|Drought|Eruption,WeatherBall,Protect,EarthPower|Quiet||F|||50|]Farigiraf||SitrusBerry|ArmorTail|Psychic,Thunderbolt,TrickRoom,HelpingHand|Relaxed||M|||50|]Garchomp||LifeOrb|RoughSkin|DragonClaw,Earthquake,RockSlide,Protect|Jolly||M|||50|]Raichu||RaichuniteY|LightningRod|ZapCannon,FocusBlast,FakeOut,Protect|Timid||F|||50|
|inactive|Battle timer is ON: inactive players will automatically lose when time's up. (requested by MarzipanTheFirst)
|
|t:|1784986943
|teamsize|p1|4
|teamsize|p2|4
|start
|switch|p1a: Mamoswine|Mamoswine, L50, F|100/100
|switch|p1b: Kingambit|Kingambit, L50, M|100/100
|switch|p2a: Torkoal|Torkoal, L50, F|100/100
|switch|p2b: Farigiraf|Farigiraf, L50, M|100/100
|-weather|SunnyDay|[from] ability: Drought|[of] p2a: Torkoal
|turn|1
|inactive|guillelona has 30 seconds left.
|inactive|guillelona has 20 seconds left.
|inactive|guillelona has 15 seconds left.
|inactive|guillelona has 10 seconds left.
|inactive|guillelona has 5 seconds left.
|
|t:|1784986994
|switch|p2b: Vivillon|Vivillon-Tundra, L50, M|100/100
|move|p1a: Mamoswine|High Horsepower|p2a: Torkoal
|-supereffective|p2a: Torkoal|1
|-damage|p2a: Torkoal|0 fnt
|faint|p2a: Torkoal
|-damage|p1a: Mamoswine|90/100|[from] item: Life Orb
|move|p1b: Kingambit|Kowtow Cleave|p2b: Vivillon
|-enditem|p2b: Vivillon|Focus Sash
|-damage|p2b: Vivillon|1/100
|
|-weather|SunnyDay|[upkeep]
|upkeep
|
|t:|1784987007
|switch|p2a: Farigiraf|Farigiraf, L50, M|100/100
|turn|2
|
|t:|1784987019
|switch|p1a: Aerodactyl|Aerodactyl, L50, F|100/100
|-ability|p1a: Aerodactyl|Unnerve
|move|p2b: Vivillon|Sleep Powder|p1b: Kingambit
|-status|p1b: Kingambit|slp|[from] move: Sleep Powder
|cant|p1b: Kingambit|slp
|move|p2a: Farigiraf|Trick Room|p2a: Farigiraf
|-fieldstart|move: Trick Room|[of] p2a: Farigiraf
|
|-weather|SunnyDay|[upkeep]
|upkeep
|turn|3
|
|t:|1784987035
|switch|p1b: Dragalge|Dragalge, L50, F|100/100
|switch|p2a: Mawile|Mawile, L50, F|100/100
|-ability|p2a: Mawile|Intimidate|boost
|-unboost|p1a: Aerodactyl|atk|1
|-unboost|p1b: Dragalge|atk|1
|move|p2b: Vivillon|Sleep Powder|p1a: Aerodactyl
|-status|p1a: Aerodactyl|slp|[from] move: Sleep Powder
|cant|p1a: Aerodactyl|slp
|
|-weather|SunnyDay|[upkeep]
|upkeep
|turn|4
|inactive|MarzipanTheFirst has 30 seconds left.
|
|t:|1784987065
|switch|p2b: Farigiraf|Farigiraf, L50, M|100/100
|detailschange|p2a: Mawile|Mawile-Mega, L50, F
|-mega|p2a: Mawile|Mawile|Mawilite
|detailschange|p1b: Dragalge|Dragalge-Mega, L50, F
|-mega|p1b: Dragalge|Dragalge|Dragalgite
|move|p2a: Mawile|Play Rough|p1b: Dragalge
|-damage|p1b: Dragalge|10/100
|move|p1b: Dragalge|Flip Turn|p2b: Farigiraf
|-damage|p2b: Farigiraf|97/100
|
|t:|1784987078
|-heal|p1b: Dragalge|43/100|[from] ability: Regenerator|[silent]
|switch|p1b: Mamoswine|Mamoswine, L50, F|90/100|[from] Flip Turn
|cant|p1a: Aerodactyl|slp
|
|-weather|SunnyDay|[upkeep]
|upkeep
|turn|5
|
|t:|1784987099
|move|p1b: Mamoswine|Protect|p1b: Mamoswine
|-singleturn|p1b: Mamoswine|Protect
|move|p2a: Mawile|Rock Slide|p1b: Mamoswine|[spread] 
|-activate|p1b: Mamoswine|move: Protect
|-miss|p2a: Mawile|p1a: Aerodactyl
|move|p2b: Farigiraf|Psychic|p1b: Mamoswine
|-activate|p1b: Mamoswine|move: Protect
|-curestatus|p1a: Aerodactyl|slp|[msg]
|move|p1a: Aerodactyl|Rock Slide|p2b: Farigiraf|[spread] p2a,p2b
|-resisted|p2a: Mawile|1
|-damage|p2a: Mawile|91/100
|-damage|p2b: Farigiraf|85/100
|
|-weather|none
|upkeep
|turn|6
|inactive|guillelona has 30 seconds left.
|
|t:|1784987125
|move|p1b: Mamoswine|Protect|p1b: Mamoswine
|-singleturn|p1b: Mamoswine|Protect
|move|p1a: Aerodactyl|Protect|p1a: Aerodactyl
|-singleturn|p1a: Aerodactyl|Protect
|move|p2a: Mawile|Rock Slide|p1b: Mamoswine|[spread] 
|-activate|p1a: Aerodactyl|move: Protect
|-activate|p1b: Mamoswine|move: Protect
|move|p2b: Farigiraf|Thunderbolt|p1a: Aerodactyl
|-activate|p1a: Aerodactyl|move: Protect
|
|-fieldend|move: Trick Room
|upkeep
|turn|7
|
|t:|1784987137
|switch|p1a: Kingambit|Kingambit, L50, M|100/100 slp
|move|p2a: Mawile|Protect|p2a: Mawile
|-singleturn|p2a: Mawile|Protect
|move|p1b: Mamoswine|High Horsepower|p2a: Mawile
|-activate|p2a: Mawile|move: Protect
|move|p2b: Farigiraf|Trick Room|p2b: Farigiraf
|-fieldstart|move: Trick Room|[of] p2b: Farigiraf
|
|upkeep
|turn|8
|
|t:|1784987150
|cant|p1a: Kingambit|slp
|move|p2a: Mawile|Play Rough|p1a: Kingambit
|-damage|p1a: Kingambit|28/100 slp
|move|p2b: Farigiraf|Thunderbolt|p1a: Kingambit
|-crit|p1a: Kingambit
|-damage|p1a: Kingambit|0 fnt
|faint|p1a: Kingambit
|move|p1b: Mamoswine|High Horsepower|p2a: Mawile
|-supereffective|p2a: Mawile|1
|-damage|p2a: Mawile|0 fnt
|faint|p2a: Mawile
|-damage|p1b: Mamoswine|80/100|[from] item: Life Orb
|
|upkeep
|
|t:|1784987162
|switch|p2a: Vivillon|Vivillon-Tundra, L50, M|1/100
|switch|p1a: Dragalge|Dragalge-Mega, L50, F|43/100
|turn|9
|
|t:|1784987174
|move|p2a: Vivillon|Protect|p2a: Vivillon
|-singleturn|p2a: Vivillon|Protect
|move|p2b: Farigiraf|Psychic|p1a: Dragalge
|-supereffective|p1a: Dragalge|1
|-damage|p1a: Dragalge|0 fnt
|faint|p1a: Dragalge
|move|p1b: Mamoswine|Icicle Crash|p2a: Vivillon
|-activate|p2a: Vivillon|move: Protect
|
|upkeep
|
|t:|1784987179
|switch|p1a: Aerodactyl|Aerodactyl, L50, F|100/100
|-ability|p1a: Aerodactyl|Unnerve
|turn|10
|
|t:|1784987190
|move|p1b: Mamoswine|Protect|p1b: Mamoswine
|-singleturn|p1b: Mamoswine|Protect
|move|p2b: Farigiraf|Psychic|p1b: Mamoswine
|-activate|p1b: Mamoswine|move: Protect
|move|p2a: Vivillon|Sleep Powder|p1a: Aerodactyl
|-status|p1a: Aerodactyl|slp|[from] move: Sleep Powder
|cant|p1a: Aerodactyl|slp
|
|upkeep
|turn|11
|
|t:|1784987203
|move|p1b: Mamoswine|Protect||[still]
|-fail|p1b: Mamoswine
|move|p2a: Vivillon|Protect|p2a: Vivillon
|-singleturn|p2a: Vivillon|Protect
|cant|p1a: Aerodactyl|slp
|move|p2b: Farigiraf|Psychic|p1b: Mamoswine
|-damage|p1b: Mamoswine|39/100
|
|-fieldend|move: Trick Room
|upkeep
|turn|12
|
|t:|1784987214
|-curestatus|p1a: Aerodactyl|slp|[msg]
|move|p1a: Aerodactyl|Rock Slide|p2b: Farigiraf|[spread] p2a,p2b
|-supereffective|p2a: Vivillon|2
|-damage|p2a: Vivillon|0 fnt
|-damage|p2b: Farigiraf|67/100
|faint|p2a: Vivillon
|move|p1b: Mamoswine|High Horsepower|p2b: Farigiraf
|-damage|p2b: Farigiraf|14/100
|-damage|p1b: Mamoswine|29/100|[from] item: Life Orb
|move|p2b: Farigiraf|Thunderbolt|p1a: Aerodactyl
|-supereffective|p1a: Aerodactyl|1
|-damage|p1a: Aerodactyl|33/100
|
|upkeep
|turn|13
|
|t:|1784987234
|move|p1a: Aerodactyl|Rock Slide|p2b: Farigiraf
|-damage|p2b: Farigiraf|0 fnt
|faint|p2b: Farigiraf
|
|win|MarzipanTheFirst
|raw|MarzipanTheFirst's rating: 1138 → 1166(+28 for winning)
|raw|guillelona's rating: 1183 → 1155(-28 for losing)
|l|☆MarzipanTheFirst
|player|p1|
