|j|☆jagheter
|j|☆thethigotherworld
|html|jagheterthethigotherworld    
|uhtml|bestof|Game 1 of a best-of-3
|t:|1756444261
|gametype|doubles
|player|p1|jagheter|worker|1023
|player|p2|thethigotherworld|ghetsis|1087
|gen|9
|tier|[Gen 9] VGC 2025 Reg H (Bo3)
|rated|
|rule|Species Clause: Limit one of each Pokémon
|rule|Item Clause: Limit 1 of each item
|clearpoke
|poke|p1|Venusaur, L50, F|
|poke|p1|Volcarona, L50, F|
|poke|p1|Incineroar, L50, M|
|poke|p1|Grimmsnarl, L50, M|
|poke|p1|Dondozo, L50, M|
|poke|p1|Rillaboom, L50, M|
|poke|p2|Ursaluna-Bloodmoon, L50, M|
|poke|p2|Electabuzz, L50, F|
|poke|p2|Rillaboom, L50, M|
|poke|p2|Dragonite, L50, F|
|poke|p2|Blaziken, L50, F|
|poke|p2|Palafin, L50, M|
|teampreview|4
|showteam|p1|Venusaur||WideLens|Chlorophyll|SleepPowder,Protect,SludgeBomb,EarthPower|||F|||50|,,,,,Ghost]Volcarona||CovertCloak|FlameBody|FieryDance,GigaDrain,QuiverDance,Protect|||F|||50|,,,,,Dragon]Incineroar||MirrorHerb|Intimidate|FakeOut,KnockOff,Taunt,FlareBlitz|||M|||50|,,,,,Ghost]Grimmsnarl||BlackGlasses|Prankster|Reflect,LightScreen,SpiritBreak,SuckerPunch|||M|||50|,,,,,Dark]Dondozo||Leftovers|Unaware|Fissure,Protect,Liquidation,Yawn|||M|||50|,,,,,Ghost]Rillaboom||AssaultVest|GrassySurge|FakeOut,WoodHammer,GrassyGlide,Uturn|||M|||50|,,,,,Fire
|showteam|p2|Ursaluna-Bloodmoon||Leftovers|MindsEye|HyperVoice,EarthPower,CalmMind,Protect|||M|||50|,,,,,Ghost]Electabuzz||Eviolite|VitalSpirit|Electroweb,Thunderbolt,FollowMe,Protect|||F|||50|,,,,,Ghost]Rillaboom||AssaultVest|GrassySurge|GrassyGlide,WoodHammer,FakeOut,Uturn|||M|||50|,,,,,Fire]Dragonite||LoadedDice|InnerFocus|ExtremeSpeed,ScaleShot,DragonDance,Protect|||F|||50|,,,,,Fairy]Blaziken||FocusSash|SpeedBoost|Coaching,HeatWave,AuraSphere,Detect|||F|||50|,,,,,Fire]Palafin||MysticWater|ZerotoHero|JetPunch,FlipTurn,Haze,Protect|||M|||50|,,,,,Grass
|
|t:|1756444307
|teamsize|p1|4
|teamsize|p2|4
|start
|switch|p1a: Venusaur|Venusaur, L50, F, shiny|100/100
|switch|p1b: Grimmsnarl|Grimmsnarl, L50, M, shiny|100/100
|switch|p2a: Blaziken|Blaziken, L50, F, shiny|100/100
|switch|p2b: Palafin|Palafin, L50, M|100/100
|turn|1
|
|t:|1756444323
|move|p1a: Venusaur|Sleep Powder|p2a: Blaziken
|-status|p2a: Blaziken|slp|[from] move: Sleep Powder
|cant|p2a: Blaziken|slp
|move|p2b: Palafin|Flip Turn|p1b: Grimmsnarl
|-damage|p1b: Grimmsnarl|70/100
|
|t:|1756444333
|detailschange|p2b: Palafin|Palafin-Hero, L50, M
|switch|p2b: Ursaluna|Ursaluna-Bloodmoon, L50, M|100/100|[from] Flip Turn
|move|p1b: Grimmsnarl|Spirit Break|p2b: Ursaluna
|-damage|p2b: Ursaluna|71/100
|-unboost|p2b: Ursaluna|spa|1
|
|-heal|p2b: Ursaluna|77/100|[from] item: Leftovers
|-ability|p2a: Blaziken|Speed Boost|boost
|-boost|p2a: Blaziken|spe|1
|upkeep
|turn|2
|
|t:|1756444344
|cant|p2a: Blaziken|slp
|move|p1a: Venusaur|Earth Power|p2a: Blaziken
|-supereffective|p2a: Blaziken
|-damage|p2a: Blaziken|35/100 slp
|move|p2b: Ursaluna|Calm Mind|p2b: Ursaluna
|-boost|p2b: Ursaluna|spa|1
|-boost|p2b: Ursaluna|spd|1
|move|p1b: Grimmsnarl|Spirit Break|p2a: Blaziken
|-damage|p2a: Blaziken|0 fnt
|faint|p2a: Blaziken
|
|-heal|p2b: Ursaluna|83/100|[from] item: Leftovers
|upkeep
|
|t:|1756444351
|switch|p2a: Rillaboom|Rillaboom, L50, M|100/100
|-fieldstart|move: Grassy Terrain|[from] ability: Grassy Surge|[of] p2a: Rillaboom
|turn|3
|
|t:|1756444368
|-terastallize|p1a: Venusaur|Ghost
|move|p2a: Rillaboom|Fake Out|p1b: Grimmsnarl
|-damage|p1b: Grimmsnarl|53/100
|cant|p1b: Grimmsnarl|flinch
|move|p1a: Venusaur|Sleep Powder|p2b: Ursaluna
|-status|p2b: Ursaluna|slp|[from] move: Sleep Powder
|cant|p2b: Ursaluna|slp
|
|-heal|p2b: Ursaluna|89/100 slp|[from] Grassy Terrain
|-heal|p2b: Ursaluna|95/100 slp|[from] item: Leftovers
|-heal|p1b: Grimmsnarl|59/100|[from] Grassy Terrain
|upkeep
|turn|4
|
|t:|1756444379
|move|p1a: Venusaur|Sludge Bomb|p2a: Rillaboom
|-supereffective|p2a: Rillaboom
|-damage|p2a: Rillaboom|54/100
|move|p2a: Rillaboom|Wood Hammer|p1b: Grimmsnarl
|-damage|p1b: Grimmsnarl|0 fnt
|faint|p1b: Grimmsnarl
|-damage|p2a: Rillaboom|37/100|[from] Recoil
|cant|p2b: Ursaluna|slp
|
|-heal|p2a: Rillaboom|43/100|[from] Grassy Terrain
|-heal|p2b: Ursaluna|100/100 slp|[from] Grassy Terrain
|upkeep
|
|t:|1756444391
|switch|p1b: Rillaboom|Rillaboom, L50, M, shiny|100/100
|turn|5
|
|t:|1756444410
|-terastallize|p2b: Ursaluna|Ghost
|move|p1a: Venusaur|Sludge Bomb|p2a: Rillaboom
|-supereffective|p2a: Rillaboom
|-damage|p2a: Rillaboom|0 fnt
|faint|p2a: Rillaboom
|move|p1b: Rillaboom|U-turn|p2b: Ursaluna
|-resisted|p2b: Ursaluna
|-damage|p2b: Ursaluna|91/100 slp
|
|t:|1756444416
|switch|p1b: Dondozo|Dondozo, L50, M, shiny|100/100|[from] U-turn
|cant|p2b: Ursaluna|slp
|
|-heal|p2b: Ursaluna|97/100 slp|[from] Grassy Terrain
|-heal|p2b: Ursaluna|100/100 slp|[from] item: Leftovers
|upkeep
|
|t:|1756444421
|switch|p2a: Palafin|Palafin-Hero, L50, M|100/100
|-activate|p2a: Palafin|ability: Zero to Hero
|turn|6
|
|t:|1756444429
|move|p1a: Venusaur|Protect|p1a: Venusaur
|-singleturn|p1a: Venusaur|Protect
|move|p2a: Palafin|Protect|p2a: Palafin
|-singleturn|p2a: Palafin|Protect
|-curestatus|p2b: Ursaluna|slp|[msg]
|move|p2b: Ursaluna|Hyper Voice|p1b: Dondozo|[spread] p1b
|-activate|p1a: Venusaur|move: Protect
|-damage|p1b: Dondozo|69/100
|move|p1b: Dondozo|Yawn|p2a: Palafin
|-activate|p2a: Palafin|move: Protect
|
|-heal|p1b: Dondozo|75/100|[from] Grassy Terrain
|-heal|p1b: Dondozo|81/100|[from] item: Leftovers
|upkeep
|turn|7
|
|t:|1756444443
|move|p2a: Palafin|Jet Punch|p1a: Venusaur
|-damage|p1a: Venusaur|53/100
|move|p1a: Venusaur|Sleep Powder|p2b: Ursaluna
|-status|p2b: Ursaluna|slp|[from] move: Sleep Powder
|cant|p2b: Ursaluna|slp
|move|p1b: Dondozo|Yawn||[still]
|-fail|p1b: Dondozo
|
|-heal|p1a: Venusaur|59/100|[from] Grassy Terrain
|-heal|p1b: Dondozo|88/100|[from] Grassy Terrain
|-heal|p1b: Dondozo|94/100|[from] item: Leftovers
|-fieldend|move: Grassy Terrain
|upkeep
|turn|8
|
|t:|1756444453
|switch|p1a: Rillaboom|Rillaboom, L50, M, shiny|100/100
|-fieldstart|move: Grassy Terrain|[from] ability: Grassy Surge|[of] p1a: Rillaboom
|move|p2a: Palafin|Protect|p2a: Palafin
|-singleturn|p2a: Palafin|Protect
|-curestatus|p2b: Ursaluna|slp|[msg]
|move|p2b: Ursaluna|Calm Mind|p2b: Ursaluna
|-boost|p2b: Ursaluna|spa|1
|-boost|p2b: Ursaluna|spd|1
|move|p1b: Dondozo|Fissure|p2b: Ursaluna|[miss]
|-miss|p1b: Dondozo|p2b: Ursaluna
|
|-heal|p1b: Dondozo|99/100|[from] Grassy Terrain
|-heal|p1b: Dondozo|100/100|[from] item: Leftovers
|upkeep
|turn|9
|
|t:|1756444471
|move|p2a: Palafin|Jet Punch|p1a: Rillaboom
|-resisted|p1a: Rillaboom
|-damage|p1a: Rillaboom|81/100
|move|p1a: Rillaboom|Wood Hammer|p2a: Palafin
|-supereffective|p2a: Palafin
|-damage|p2a: Palafin|0 fnt
|faint|p2a: Palafin
|-damage|p1a: Rillaboom|50/100|[from] Recoil
|move|p2b: Ursaluna|Hyper Voice|p1b: Dondozo|[spread] p1a,p1b
|-damage|p1a: Rillaboom|14/100
|-damage|p1b: Dondozo|72/100
|move|p1b: Dondozo|Yawn|p2b: Ursaluna
|-start|p2b: Ursaluna|move: Yawn|[of] p1b: Dondozo
|
|-heal|p1a: Rillaboom|19/100|[from] Grassy Terrain
|-heal|p1b: Dondozo|78/100|[from] Grassy Terrain
|-heal|p1b: Dondozo|84/100|[from] item: Leftovers
|upkeep
|turn|10
|
|t:|1756444497
|move|p1a: Rillaboom|U-turn|p2b: Ursaluna
|-resisted|p2b: Ursaluna
|-damage|p2b: Ursaluna|91/100
|
|t:|1756444501
|switch|p1a: Venusaur|Venusaur, L50, F, shiny, tera:Ghost|59/100|[from] U-turn
|move|p2b: Ursaluna|Hyper Voice|p1b: Dondozo|[spread] p1a,p1b
|-damage|p1a: Venusaur|12/100
|-damage|p1b: Dondozo|53/100
|move|p1b: Dondozo|Fissure|p2b: Ursaluna
|-damage|p2b: Ursaluna|0 fnt
|faint|p2b: Ursaluna
|-ohko
|
|win|jagheter
|l|☆thethigotherworld
|player|p2|
||thethigotherworld is ready for game 2.
