|j|☆TalonMasterJ
|j|☆Jahreed
|html|TalonMasterJJahreed    
|uhtml|bestof|Game 1 of a best-of-3
|t:|1756254629
|gametype|doubles
|player|p1|TalonMasterJ|steven|1108
|player|p2|Jahreed|2|1108
|gen|9
|tier|[Gen 9] VGC 2025 Reg H (Bo3)
|rated|
|rule|Species Clause: Limit one of each Pokémon
|rule|Item Clause: Limit 1 of each item
|clearpoke
|poke|p1|Incineroar, L50, M|
|poke|p1|Dragonite, L50, M|
|poke|p1|Porygon2, L50|
|poke|p1|Ursaluna-Bloodmoon, L50, M|
|poke|p1|Ninetales-Alola, L50, M|
|poke|p1|Annihilape, L50, F|
|poke|p2|Ursaluna, L50, M|
|poke|p2|Whimsicott, L50, F|
|poke|p2|Charizard, L50, M|
|poke|p2|Torkoal, L50, M|
|poke|p2|Incineroar, L50, M|
|poke|p2|Porygon2, L50|
|teampreview|4
|showteam|p1|Incineroar||ChopleBerry|Intimidate|FlareBlitz,KnockOff,FakeOut,PartingShot|||M|||50|,,,,,Grass]Dragonite||LoadedDice|Multiscale|ScaleShot,Tailwind,Haze,Protect|||M|||50|,,,,,Steel]Porygon2||Eviolite|Download|TeraBlast,IceBeam,Recover,TrickRoom||||||50|,,,,,Fighting]Ursaluna-Bloodmoon||AssaultVest|MindsEye|HyperVoice,BloodMoon,VacuumWave,EarthPower|||M|||50|,,,,,Water]Ninetales-Alola||LightClay|SnowWarning|IcicleSpear,Encore,IcyWind,AuroraVeil|||M|||50|,,,,,Ghost]Annihilape||SafetyGoggles|Defiant|DrainPunch,RageFist,BulkUp,Protect|||F|||50|,,,,,Fire
|showteam|p2|Ursaluna||FlameOrb|Guts|HeadlongRush,Facade,Earthquake,Protect|||M|||50|,,,,,Ghost]Whimsicott||FocusSash|Prankster|Moonblast,Encore,Tailwind,Protect|||F|||50|,,,,,Grass]Charizard||ChoiceSpecs|SolarPower|AirSlash,HeatWave,Overheat,WeatherBall|||M|||50|,,,,,Ghost]Torkoal||EjectPack|Drought|HelpingHand,Eruption,Overheat,Protect|||M|||50|,,,,,Fire]Incineroar||SafetyGoggles|Intimidate|FakeOut,FlareBlitz,KnockOff,PartingShot|||M|||50|,,,,,Ghost]Porygon2||Eviolite|Download|TeraBlast,IceBeam,Recover,TrickRoom||||||50|,,,,,Fighting
|
|t:|1756254686
|teamsize|p1|4
|teamsize|p2|4
|start
|switch|p1a: Incineroar|Incineroar, L50, M|100/100
|switch|p1b: Dragonite|Dragonite, L50, M|100/100
|switch|p2a: Incineroar|Incineroar, L50, M|100/100
|switch|p2b: Porygon2|Porygon2, L50|100/100
|-ability|p1a: Incineroar|Intimidate|boost
|-unboost|p2a: Incineroar|atk|1
|-unboost|p2b: Porygon2|atk|1
|-ability|p2a: Incineroar|Intimidate|boost
|-unboost|p1a: Incineroar|atk|1
|-unboost|p1b: Dragonite|atk|1
|-ability|p2b: Porygon2|Download|boost
|-boost|p2b: Porygon2|atk|1
|turn|1
|
|t:|1756254728
|move|p1b: Dragonite|Haze|p1b: Dragonite
|-clearallboost
|move|p1a: Incineroar|Knock Off|p2b: Porygon2
|-damage|p2b: Porygon2|72/100
|-enditem|p2b: Porygon2|Eviolite|[from] move: Knock Off|[of] p1a: Incineroar
|move|p2a: Incineroar|Parting Shot|p1b: Dragonite
|-unboost|p1b: Dragonite|atk|1
|-unboost|p1b: Dragonite|spa|1
|
|t:|1756254738
|switch|p2a: Ursaluna|Ursaluna, L50, M|100/100|[from] Parting Shot
|move|p2b: Porygon2|Trick Room|p2b: Porygon2
|-fieldstart|move: Trick Room|[of] p2b: Porygon2
|
|-status|p2a: Ursaluna|brn|[from] item: Flame Orb
|upkeep
|turn|2
|
|t:|1756254756
|-terastallize|p1a: Incineroar|Grass
|move|p1b: Dragonite|Protect|p1b: Dragonite
|-singleturn|p1b: Dragonite|Protect
|move|p2b: Porygon2|Ice Beam|p1b: Dragonite
|-activate|p1b: Dragonite|move: Protect
|move|p2a: Ursaluna|Facade|p1a: Incineroar
|-damage|p1a: Incineroar|0 fnt
|faint|p1a: Incineroar
|
|-damage|p2a: Ursaluna|95/100 brn|[from] brn
|upkeep
|
|t:|1756254764
|switch|p1a: Annihilape|Annihilape, L50, F|100/100
|turn|3
|
|t:|1756254801
|move|p2b: Porygon2|Ice Beam|p1b: Dragonite
|-supereffective|p1b: Dragonite
|-damage|p1b: Dragonite|43/100
|-status|p1b: Dragonite|frz
|move|p2a: Ursaluna|Facade|p1b: Dragonite
|-damage|p1b: Dragonite|0 fnt
|faint|p1b: Dragonite
|move|p1a: Annihilape|Bulk Up|p1a: Annihilape
|-boost|p1a: Annihilape|atk|1
|-boost|p1a: Annihilape|def|1
|
|-damage|p2a: Ursaluna|89/100 brn|[from] brn
|upkeep
|
|t:|1756254808
|switch|p1b: Ninetales|Ninetales-Alola, L50, M|100/100
|-weather|Snowscape|[from] ability: Snow Warning|[of] p1b: Ninetales
|turn|4
|
|t:|1756254819
|switch|p2b: Torkoal|Torkoal, L50, M|100/100
|-weather|SunnyDay|[from] ability: Drought|[of] p2b: Torkoal
|-terastallize|p2a: Ursaluna|Ghost
|move|p2a: Ursaluna|Headlong Rush|p1a: Annihilape
|-damage|p1a: Annihilape|33/100
|-unboost|p2a: Ursaluna|def|1
|-unboost|p2a: Ursaluna|spd|1
|move|p1a: Annihilape|Drain Punch|p2a: Ursaluna
|-immune|p2a: Ursaluna
|move|p1b: Ninetales|Aurora Veil||[still]
|-fail|p1b: Ninetales
|
|-weather|SunnyDay|[upkeep]
|-damage|p2a: Ursaluna|83/100 brn|[from] brn
|upkeep
|turn|5
|
|t:|1756254835
|move|p2b: Torkoal|Eruption|p1a: Annihilape|[spread] p1a,p1b
|-supereffective|p1b: Ninetales
|-damage|p1a: Annihilape|0 fnt
|-damage|p1b: Ninetales|0 fnt
|faint|p1a: Annihilape
|faint|p1b: Ninetales
|
|win|Jahreed
||Jahreed is ready for game 2.
||TalonMasterJ is ready for game 2.
|uhtml|next|Next: Game 2 of 3
