|j|☆EPL Lane
|j|☆Echoes4
|html|EPL LaneEchoes4    
|uhtml|bestof|Game 2 of a best-of-3
|t:|1783120760
|gametype|doubles
|player|p1|EPL Lane|170|
|player|p2|Echoes4|brock|
|gen|9
|tier|[Gen 9 Champions] VGC 2026 Reg M-B (Bo3)
|rule|Species Clause: Limit one of each Pokémon
|rule|Item Clause: Limit 1 of each item
|clearpoke
|poke|p1|Vivillon-High Plains, L50, M|
|poke|p1|Scrafty, L50, F|
|poke|p1|Venusaur, L50, M|
|poke|p1|Ninetales-Alola, L50, M, shiny|
|poke|p1|Araquanid, L50, M|
|poke|p1|Kommo-o, L50, M|
|poke|p2|Swampert, L50, F|
|poke|p2|Sableye, L50, F|
|poke|p2|Kingambit, L50, M|
|poke|p2|Scizor, L50, F|
|poke|p2|Dragapult, L50, F|
|poke|p2|Heliolisk, L50, F|
|teampreview|4
|showteam|p1|Vivillon-High Plains||FocusSash|FriendGuard|SunnyDay,Tailwind,Protect,RagePowder|Timid||M|||50|]Scrafty||Scraftinite|Intimidate|BulkUp,DrainPunch,KnockOff,FakeOut|Adamant||F|||50|]Venusaur||Venusaurite|Chlorophyll|GigaDrain,EarthPower,WeatherBall,Protect|Modest||M|||50|]Ninetales-Alola||LifeOrb|SnowWarning|Blizzard,Moonblast,AuroraVeil,Protect|Modest||M|||50|]Araquanid||MiracleSeed|WaterAbsorb|GigaDrain,Liquidation,Crunch,Reflect|Quiet||M|||50|]Kommo-o||ChoiceScarf|Bulletproof|DragonClaw,CloseCombat,Earthquake,Outrage|Jolly||M|||50|
|showteam|p2|Swampert||Swampertite|Torrent|Protect,WaveCrash,RockSlide,HighHorsepower|Adamant||F|||50|]Sableye||SitrusBerry|Prankster|RainDance,Reflect,WillOWisp,Taunt|Sassy||F|||50|]Kingambit||Leftovers|Defiant|SuckerPunch,Protect,BrickBreak,IronHead|Adamant||M|||50|]Scizor||LifeOrb|Technician|BulletPunch,Tailwind,BugBite,DualWingbeat|Adamant||F|||50|]Dragapult||KasibBerry|Infiltrator|WillOWisp,DragonDarts,PhantomForce,Acrobatics|Adamant||F|||50|]Heliolisk||FocusSash|DrySkin|Thunderbolt,WeatherBall,DarkPulse,DragonPulse|Modest||F|||50|
|
|t:|1783120852
|teamsize|p1|4
|teamsize|p2|4
|start
|switch|p1a: Ninetales|Ninetales-Alola, L50, M, shiny|100/100
|switch|p1b: Venusaur|Venusaur, L50, M|100/100
|switch|p2a: Scizor|Scizor, L50, F|100/100
|switch|p2b: Dragapult|Dragapult, L50, F|100/100
|-weather|Snowscape|[from] ability: Snow Warning|[of] p1a: Ninetales
|turn|1
|
|t:|1783120896
|switch|p1a: Scrafty|Scrafty, L50, F|100/100
|-ability|p1a: Scrafty|Intimidate|boost
|-unboost|p2a: Scizor|atk|1
|-unboost|p2b: Dragapult|atk|1
|move|p2a: Scizor|Bullet Punch|p1a: Scrafty
|-damage|p1a: Scrafty|72/100
|-damage|p2a: Scizor|90/100|[from] item: Life Orb
|move|p2b: Dragapult|Phantom Force||[still]
|-prepare|p2b: Dragapult|Phantom Force
|move|p1b: Venusaur|Weather Ball|p2b: Dragapult|[miss]
|-miss|p1b: Venusaur|p2b: Dragapult
|
|-weather|Snowscape|[upkeep]
|upkeep
|turn|2
|
|t:|1783120928
|move|p1a: Scrafty|Fake Out|p2a: Scizor
|-resisted|p2a: Scizor|1
|-damage|p2a: Scizor|84/100
|move|p2b: Dragapult|Phantom Force|p1b: Venusaur|[from] lockedmove
|-damage|p1b: Venusaur|58/100
|move|p1b: Venusaur|Weather Ball|p2b: Dragapult
|-supereffective|p2b: Dragapult|1
|-damage|p2b: Dragapult|17/100
|cant|p2a: Scizor|flinch
|
|-weather|Snowscape|[upkeep]
|upkeep
|turn|3
|
|t:|1783120970
|switch|p2a: Frankie|Sableye, L50, F|100/100
|detailschange|p1a: Scrafty|Scrafty-Mega, L50, F
|-mega|p1a: Scrafty|Scrafty|Scraftinite
|-ability|p1a: Scrafty|Intimidate|boost
|-unboost|p2a: Frankie|atk|1
|-unboost|p2b: Dragapult|atk|1
|move|p2b: Dragapult|Acrobatics|p1b: Venusaur
|-supereffective|p1b: Venusaur|1
|-damage|p1b: Venusaur|29/100
|move|p1b: Venusaur|Earth Power|p2a: Frankie
|-damage|p2a: Frankie|66/100
|move|p1a: Scrafty|Bulk Up|p1a: Scrafty
|-boost|p1a: Scrafty|atk|1
|-boost|p1a: Scrafty|def|1
|
|-weather|Snowscape|[upkeep]
|upkeep
|turn|4
|
|t:|1783121006
|move|p1b: Venusaur|Protect|p1b: Venusaur
|-singleturn|p1b: Venusaur|Protect
|move|p2a: Frankie|Will-O-Wisp|p1a: Scrafty
|-hint|Since gen 7, Dark is immune to Prankster moves.
|-immune|p1a: Scrafty
|move|p2b: Dragapult|Dragon Darts|p1a: Scrafty
|-damage|p1a: Scrafty|65/100
|-anim|p2b: Dragapult|Dragon Darts|p1a: Scrafty
|-damage|p1a: Scrafty|58/100
|move|p1a: Scrafty|Knock Off|p2a: Frankie
|-damage|p2a: Frankie|0 fnt
|-enditem|p2a: Frankie|Sitrus Berry|[from] move: Knock Off|[of] p1a: Scrafty
|faint|p2a: Frankie
|
|-weather|Snowscape|[upkeep]
|upkeep
|
|t:|1783121030
|switch|p2a: Scizor|Scizor, L50, F|84/100
|turn|5
|
|t:|1783121046
|move|p2b: Dragapult|Will-O-Wisp|p1a: Scrafty|[miss]
|-miss|p2b: Dragapult|p1a: Scrafty
|move|p1b: Venusaur|Weather Ball|p2b: Dragapult
|-supereffective|p2b: Dragapult|1
|-damage|p2b: Dragapult|0 fnt
|faint|p2b: Dragapult
|move|p1a: Scrafty|Drain Punch|p2a: Scizor
|-damage|p2a: Scizor|22/100
|-heal|p1a: Scrafty|86/100|[from] drain|[of] p2a: Scizor
|move|p2a: Scizor|Dual Wingbeat|p1b: Venusaur
|-supereffective|p1b: Venusaur|1
|-damage|p1b: Venusaur|0 fnt
|faint|p1b: Venusaur
|-hitcount|p1: Venusaur|1
|-damage|p2a: Scizor|12/100|[from] item: Life Orb
|
|-weather|none
|upkeep
|
|t:|1783121076
|switch|p2b: Rick Ross|Swampert, L50, F|100/100
|switch|p1b: Vivillon|Vivillon-High Plains, L50, M|100/100
|turn|6
|
|t:|1783121097
|detailschange|p2b: Rick Ross|Swampert-Mega, L50, F
|-mega|p2b: Rick Ross|Swampert|Swampertite
|move|p1b: Vivillon|Rage Powder|p1b: Vivillon
|-singleturn|p1b: Vivillon|move: Rage Powder
|move|p2a: Scizor|Bullet Punch|p1b: Vivillon
|-damage|p1b: Vivillon|32/100
|-damage|p2a: Scizor|2/100|[from] item: Life Orb
|move|p2b: Rick Ross|Rock Slide|p1b: Vivillon|[spread] p1a,p1b
|-resisted|p1a: Scrafty|1
|-supereffective|p1b: Vivillon|2
|-damage|p1a: Scrafty|81/100
|-damage|p1b: Vivillon|0 fnt
|faint|p1b: Vivillon
|move|p1a: Scrafty|Bulk Up|p1a: Scrafty
|-boost|p1a: Scrafty|atk|1
|-boost|p1a: Scrafty|def|1
|
|upkeep
|
|t:|1783121110
|switch|p1b: Ninetales|Ninetales-Alola, L50, M, shiny|100/100
|-weather|Snowscape|[from] ability: Snow Warning|[of] p1b: Ninetales
|turn|7
|
|t:|1783121122
|move|p1b: Ninetales|Protect|p1b: Ninetales
|-singleturn|p1b: Ninetales|Protect
|move|p2a: Scizor|Bullet Punch|p1b: Ninetales
|-activate|p1b: Ninetales|move: Protect
|move|p2b: Rick Ross|Wave Crash|p1a: Scrafty
|-damage|p1a: Scrafty|52/100
|-damage|p2b: Rick Ross|91/100|[from] Recoil
|move|p1a: Scrafty|Drain Punch|p2b: Rick Ross
|-damage|p2b: Rick Ross|15/100
|-heal|p1a: Scrafty|93/100|[from] drain|[of] p2b: Rick Ross
|
|-weather|Snowscape|[upkeep]
|upkeep
|turn|8
|
|t:|1783121140
|move|p2a: Scizor|Bullet Punch|p1b: Ninetales
|-supereffective|p1b: Ninetales|2
|-damage|p1b: Ninetales|0 fnt
|faint|p1b: Ninetales
|-damage|p2a: Scizor|0 fnt|[from] item: Life Orb
|faint|p2a: Scizor
|move|p2b: Rick Ross|Wave Crash|p1a: Scrafty
|-damage|p1a: Scrafty|64/100
|-damage|p2b: Rick Ross|7/100|[from] Recoil
|move|p1a: Scrafty|Drain Punch|p2b: Rick Ross
|-damage|p2b: Rick Ross|0 fnt
|-heal|p1a: Scrafty|68/100|[from] drain|[of] p2b: Rick Ross
|faint|p2b: Rick Ross
|
|win|EPL Lane
|c|☆EPL Lane|gg
|l|☆Echoes4
|player|p2|
