|j|☆pokehys3
|j|☆Cyberman152
|html|pokehys3Cyberman152    
|uhtml|bestof|Game 2 of a best-of-3
|t:|1754699122
|gametype|doubles
|player|p1|pokehys3|101|1244
|player|p2|Cyberman152|266|1319
|gen|9
|tier|[Gen 9] VGC 2025 Reg H (Bo3)
|rated|
|rule|Species Clause: Limit one of each Pokémon
|rule|Item Clause: Limit 1 of each item
|clearpoke
|poke|p1|Murkrow, L50, F|
|poke|p1|Annihilape, L50, M|
|poke|p1|Archaludon, L50, M|
|poke|p1|Sneasler, L50, F|
|poke|p1|Indeedee, L50, M|
|poke|p1|Dragonite, L50, M|
|poke|p2|Archaludon, L50, M|
|poke|p2|Pelipper, L50, M|
|poke|p2|Basculegion, L50, M|
|poke|p2|Incineroar, L50, M|
|poke|p2|Rillaboom, L50, M|
|poke|p2|Volcarona, L50, F|
|teampreview|4
|showteam|p1|Murkrow||Eviolite|Prankster|Tailwind,BraveBird,FeatherDance,RainDance|||F|||50|,,,,,Ghost]Annihilape||SafetyGoggles|Defiant|CloseCombat,RageFist,Taunt,FinalGambit|||M|||50|,,,,,Fairy]Archaludon||PowerHerb|Stalwart|ElectroShot,DracoMeteor,Thunderbolt,Protect|||M|||50|,,,,,Electric]Sneasler||PsychicSeed|Unburden|DireClaw,CloseCombat,ThroatChop,Protect|||F|||50|,,,,,Dark]Indeedee||ChoiceScarf|PsychicSurge|ExpandingForce,TeraBlast,Trick,HelpingHand|||M|||50|,,,,,Psychic]Dragonite||LoadedDice|Multiscale|ScaleShot,Protect,Tailwind,StompingTantrum|||M|||50|,,,,,Fairy
|showteam|p2|Archaludon||AssaultVest|Stamina|FlashCannon,DragonPulse,ElectroShot,BodyPress|||M|||50|,,,,,Bug]Pelipper||FocusSash|Drizzle|WeatherBall,Hurricane,Tailwind,Protect|||M|||50|,,,,,Stellar]Basculegion||ChoiceBand|SwiftSwim|WaveCrash,FlipTurn,AquaJet,LastRespects|||M|||50|,,,,,Grass]Incineroar||SafetyGoggles|Intimidate|KnockOff,FakeOut,Taunt,PartingShot|||M|||50|,,,,,Ghost]Rillaboom||LoadedDice|GrassySurge|BulletSeed,GrassyGlide,FakeOut,Protect|||M|||50|,,,,,Fire]Volcarona||GrassySeed|FlameBody|FieryDance,TeraBlast,QuiverDance,Protect|||F|||50|,,,,,Fairy
|inactive|Battle timer is ON: inactive players will automatically lose when time's up. (requested by pokehys3)
|inactive|pokehys3 has 60 seconds left.
|inactive|Cyberman152 has 60 seconds left.
|
|t:|1754699163
|teamsize|p1|4
|teamsize|p2|4
|start
|switch|p1a: Sneasler|Sneasler, L50, F|100/100
|switch|p1b: Indeedee|Indeedee, L50, M|100/100
|switch|p2a: Pelipper|Pelipper, L50, M, shiny|100/100
|switch|p2b: Basculegion|Basculegion, L50, M, shiny|100/100
|-fieldstart|move: Psychic Terrain|[from] ability: Psychic Surge|[of] p1b: Indeedee
|-enditem|p1a: Sneasler|Psychic Seed
|-boost|p1a: Sneasler|spd|1|[from] item: Psychic Seed
|-weather|RainDance|[from] ability: Drizzle|[of] p2a: Pelipper
|turn|1
|inactive|pokehys3 has 30 seconds left.
|
|t:|1754699191
|-terastallize|p1b: Indeedee|Psychic
|move|p1a: Sneasler|Dire Claw|p2b: Basculegion
|-resisted|p2b: Basculegion
|-damage|p2b: Basculegion|72/100
|-status|p2b: Basculegion|slp
|cant|p2b: Basculegion|slp
|move|p1b: Indeedee|Expanding Force|p2b: Basculegion|[spread] p2a,p2b
|-enditem|p2a: Pelipper|Focus Sash
|-damage|p2a: Pelipper|1/100
|-damage|p2b: Basculegion|0 fnt
|faint|p2b: Basculegion
|move|p2a: Pelipper|Hurricane|p1a: Sneasler
|-supereffective|p1a: Sneasler
|-damage|p1a: Sneasler|15/100
|
|-weather|RainDance|[upkeep]
|upkeep
|
|t:|1754699206
|switch|p2b: Rillaboom|Rillaboom, L50, M, shiny|100/100
|-fieldstart|move: Grassy Terrain|[from] ability: Grassy Surge|[of] p2b: Rillaboom
|turn|2
|
|t:|1754699225
|switch|p2a: Archaludon|Archaludon, L50, M, shiny|100/100
|move|p2b: Rillaboom|Grassy Glide|p1a: Sneasler
|-resisted|p1a: Sneasler
|-damage|p1a: Sneasler|0 fnt
|faint|p1a: Sneasler
|move|p1b: Indeedee|Expanding Force|p2a: Archaludon
|-resisted|p2a: Archaludon
|-damage|p2a: Archaludon|79/100
|-ability|p2a: Archaludon|Stamina|boost
|-boost|p2a: Archaludon|def|1
|
|-weather|RainDance|[upkeep]
|-heal|p2a: Archaludon|85/100|[from] Grassy Terrain
|upkeep
|inactive|pokehys3 has 30 seconds left.
|inactive|pokehys3 has 20 seconds left.
|
|t:|1754699261
|switch|p1a: Archaludon|Archaludon, L50, M, shiny|100/100
|turn|3
|
|t:|1754699273
|switch|p1b: Annihilape|Annihilape, L50, M|100/100
|move|p1a: Archaludon|Protect|p1a: Archaludon
|-singleturn|p1a: Archaludon|Protect
|move|p2b: Rillaboom|Bullet Seed|p1b: Annihilape
|-damage|p1b: Annihilape|84/100
|-damage|p1b: Annihilape|65/100
|-damage|p1b: Annihilape|49/100
|-damage|p1b: Annihilape|32/100
|-hitcount|p1b: Annihilape|4
|move|p2a: Archaludon|Dragon Pulse|p1a: Archaludon
|-activate|p1a: Archaludon|move: Protect
|
|-weather|RainDance|[upkeep]
|-heal|p1b: Annihilape|38/100|[from] Grassy Terrain
|-heal|p2a: Archaludon|91/100|[from] Grassy Terrain
|upkeep
|turn|4
|
|t:|1754699296
|-terastallize|p2a: Archaludon|Bug
|move|p1b: Annihilape|Rage Fist|p2a: Archaludon
|-damage|p2a: Archaludon|35/100
|-ability|p2a: Archaludon|Stamina|boost
|-boost|p2a: Archaludon|def|1
|move|p1a: Archaludon|Electro Shot||[still]
|-prepare|p1a: Archaludon|Electro Shot
|-boost|p1a: Archaludon|spa|1
|-anim|p1a: Archaludon|Electro Shot|p2a: Archaludon
|-damage|p2a: Archaludon|0 fnt
|faint|p2a: Archaludon
|move|p2b: Rillaboom|Bullet Seed|p1b: Annihilape
|-damage|p1b: Annihilape|22/100
|-damage|p1b: Annihilape|5/100
|-crit|p1b: Annihilape
|-damage|p1b: Annihilape|0 fnt
|faint|p1b: Annihilape
|-hitcount|p1: Annihilape|3
|
|-weather|RainDance|[upkeep]
|upkeep
|
|t:|1754699307
|switch|p1b: Indeedee|Indeedee, L50, M, tera:Psychic|100/100
|switch|p2a: Pelipper|Pelipper, L50, M, shiny|1/100
|-fieldstart|move: Psychic Terrain|[from] ability: Psychic Surge|[of] p1b: Indeedee
|turn|5
|
|t:|1754699320
|move|p2a: Pelipper|Protect|p2a: Pelipper
|-singleturn|p2a: Pelipper|Protect
|move|p1b: Indeedee|Expanding Force|p2b: Rillaboom|[spread] p2b
|-activate|p2a: Pelipper|move: Protect
|-damage|p2b: Rillaboom|14/100
|move|p1a: Archaludon|Electro Shot||[still]
|-prepare|p1a: Archaludon|Electro Shot
|-boost|p1a: Archaludon|spa|1
|-anim|p1a: Archaludon|Electro Shot|p2b: Rillaboom
|-resisted|p2b: Rillaboom
|-damage|p2b: Rillaboom|0 fnt
|faint|p2b: Rillaboom
|
|-weather|none
|upkeep
|turn|6
|
|t:|1754699328
|move|p1b: Indeedee|Expanding Force|p2a: Pelipper
|-damage|p2a: Pelipper|0 fnt
|faint|p2a: Pelipper
|
|win|pokehys3
|raw|pokehys3's rating: 1244 → 1274(+30 for winning)
|raw|Cyberman152's rating: 1319 → 1295(-24 for losing)
