|j|☆KodeBeast0526
|j|☆yungleandoer96
|html|KodeBeast0526yungleandoer96    
|uhtml|bestof|Game 1 of a best-of-3
|t:|1756237711
|gametype|doubles
|player|p1|KodeBeast0526|wattson|1034
|player|p2|yungleandoer96|265|1114
|gen|9
|tier|[Gen 9] VGC 2025 Reg H (Bo3)
|rated|
|rule|Species Clause: Limit one of each Pokémon
|rule|Item Clause: Limit 1 of each item
|clearpoke
|poke|p1|Indeedee-F, L50, F|
|poke|p1|Hatterene, L50, F|
|poke|p1|Gallade, L50, M|
|poke|p1|Ursaluna, L50, M|
|poke|p1|Lilligant-Hisui, L50, F|
|poke|p1|Torkoal, L50, M|
|poke|p2|Incineroar, L50, F|
|poke|p2|Amoonguss, L50, F|
|poke|p2|Ursaluna-Bloodmoon, L50, M|
|poke|p2|Sneasler, L50, F|
|poke|p2|Gholdengo, L50|
|poke|p2|Dragonite, L50, M|
|teampreview|4
|showteam|p1|Indeedee-F||PsychicSeed|PsychicSurge|TrickRoom,FollowMe,HelpingHand,DazzlingGleam|||F|||50|,,,,,Fire]Hatterene||LifeOrb|MagicBounce|ExpandingForce,TrickRoom,DazzlingGleam,Protect|||F|||50|,,,,,Psychic]Gallade||ClearAmulet|Sharpness|PsychoCut,TrickRoom,SacredSword,WideGuard|||M|||50|,,,,,Grass]Ursaluna||FlameOrb|Guts|HeadlongRush,Facade,SwordsDance,Protect|||M|||50|,,,,,Ghost]Lilligant-Hisui||FocusSash|Chlorophyll|SolarBlade,SleepPowder,CloseCombat,AfterYou|||F|||50|,,,,,Ghost]Torkoal||ChoiceSpecs|Drought|Eruption,HeatWave,WeatherBall,EarthPower|||M|||50|,,,,,Fire
|showteam|p2|Incineroar||SafetyGoggles|Intimidate|FlareBlitz,KnockOff,PartingShot,FakeOut|||F|||50|,,,,,Ghost]Amoonguss||SitrusBerry|Regenerator|Spore,RagePowder,PollenPuff,Protect|||F|||50|,,,,,Psychic]Ursaluna-Bloodmoon||AssaultVest|MindsEye|HyperVoice,BloodMoon,EarthPower,VacuumWave|||M|||50|,,,,,Water]Sneasler||FocusSash|Unburden|CloseCombat,DireClaw,ThroatChop,Protect|||F|||50|,,,,,Stellar]Gholdengo||LifeOrb|GoodasGold|MakeItRain,ShadowBall,NastyPlot,Protect||||||50|,,,,,Water]Dragonite||LoadedDice|Multiscale|ScaleShot,Tailwind,Haze,Protect|||M|||50|,,,,,Fairy
|
|t:|1756237739
|teamsize|p1|4
|teamsize|p2|4
|start
|switch|p1a: Gallade|Gallade, L50, M, shiny|100/100
|switch|p1b: Ursaluna|Ursaluna, L50, M, shiny|100/100
|switch|p2a: Incineroar|Incineroar, L50, F|100/100
|switch|p2b: Gholdengo|Gholdengo, L50|100/100
|-ability|p2a: Incineroar|Intimidate|boost
|-fail|p1a: Gallade|unboost|[from] item: Clear Amulet|[of] p1a: Gallade
|-unboost|p1b: Ursaluna|atk|1
|turn|1
|
|t:|1756237763
|switch|p1b: Indeedee|Indeedee-F, L50, F, shiny|100/100
|-fieldstart|move: Psychic Terrain|[from] ability: Psychic Surge|[of] p1b: Indeedee
|-enditem|p1b: Indeedee|Psychic Seed
|-boost|p1b: Indeedee|spd|1|[from] item: Psychic Seed
|move|p2b: Gholdengo|Shadow Ball|p1a: Gallade
|-supereffective|p1a: Gallade
|-crit|p1a: Gallade
|-damage|p1a: Gallade|0 fnt
|faint|p1a: Gallade
|-damage|p2b: Gholdengo|91/100|[from] item: Life Orb
|move|p2a: Incineroar|Flare Blitz|p1b: Indeedee
|-damage|p1b: Indeedee|56/100
|-status|p1b: Indeedee|brn
|-damage|p2a: Incineroar|88/100|[from] Recoil
|
|-damage|p1b: Indeedee|50/100 brn|[from] brn
|upkeep
|
|t:|1756237780
|switch|p1a: Hatterene|Hatterene, L50, F, shiny|100/100
|turn|2
|
|t:|1756237814
|switch|p1a: Ursaluna|Ursaluna, L50, M, shiny|100/100
|move|p2b: Gholdengo|Nasty Plot|p2b: Gholdengo
|-boost|p2b: Gholdengo|spa|2
|move|p2a: Incineroar|Parting Shot|p1a: Ursaluna
|-unboost|p1a: Ursaluna|atk|1
|-unboost|p1a: Ursaluna|spa|1
|
|t:|1756237835
|switch|p2a: Amoonguss|Amoonguss, L50, F|100/100|[from] Parting Shot
|move|p1b: Indeedee|Trick Room|p1b: Indeedee
|-fieldstart|move: Trick Room|[of] p1b: Indeedee
|
|-damage|p1b: Indeedee|43/100 brn|[from] brn
|-status|p1a: Ursaluna|brn|[from] item: Flame Orb
|upkeep
|turn|3
|
|t:|1756237853
|-terastallize|p1a: Ursaluna|Ghost
|move|p1b: Indeedee|Helping Hand|p1a: Ursaluna
|-singleturn|p1a: Ursaluna|Helping Hand|[of] p1b: Indeedee
|move|p2a: Amoonguss|Protect|p2a: Amoonguss
|-singleturn|p2a: Amoonguss|Protect
|move|p2b: Gholdengo|Protect|p2b: Gholdengo
|-singleturn|p2b: Gholdengo|Protect
|move|p1a: Ursaluna|Facade|p2a: Amoonguss
|-activate|p2a: Amoonguss|move: Protect
|
|-damage|p1a: Ursaluna|95/100 brn|[from] brn
|-damage|p1b: Indeedee|37/100 brn|[from] brn
|upkeep
|turn|4
|
|t:|1756237866
|move|p1b: Indeedee|Helping Hand|p1a: Ursaluna
|-singleturn|p1a: Ursaluna|Helping Hand|[of] p1b: Indeedee
|move|p2a: Amoonguss|Rage Powder|p2a: Amoonguss
|-singleturn|p2a: Amoonguss|move: Rage Powder
|move|p1a: Ursaluna|Facade|p2a: Amoonguss
|-damage|p2a: Amoonguss|0 fnt
|faint|p2a: Amoonguss
|move|p2b: Gholdengo|Make It Rain|p1b: Indeedee|[spread] p1a,p1b
|-damage|p1a: Ursaluna|0 fnt
|-damage|p1b: Indeedee|0 fnt
|-unboost|p2b: Gholdengo|spa|1
|faint|p1a: Ursaluna
|faint|p1b: Indeedee
|-damage|p2b: Gholdengo|81/100|[from] item: Life Orb
|
|upkeep
|l|☆KodeBeast0526
|player|p1|
|j|☆KodeBeast0526
|player|p1|KodeBeast0526|wattson|
|inactive|Battle timer is ON: inactive players will automatically lose when time's up. (requested by KodeBeast0526)
|
|t:|1756237915
|switch|p1a: Hatterene|Hatterene, L50, F, shiny|100/100
|switch|p2a: Incineroar|Incineroar, L50, F|88/100
|-ability|p2a: Incineroar|Intimidate|boost
|-unboost|p1a: Hatterene|atk|1
|turn|5
|
|t:|1756237925
|move|p2b: Gholdengo|Protect|p2b: Gholdengo
|-singleturn|p2b: Gholdengo|Protect
|move|p1a: Hatterene|Expanding Force|p2a: Incineroar|[spread] 
|-activate|p2b: Gholdengo|move: Protect
|-immune|p2a: Incineroar
|move|p2a: Incineroar|Knock Off|p1a: Hatterene
|-damage|p1a: Hatterene|53/100
|-enditem|p1a: Hatterene|Life Orb|[from] move: Knock Off|[of] p2a: Incineroar
|
|-fieldend|move: Psychic Terrain
|upkeep
|turn|6
|
|t:|1756237930
|move|p1a: Hatterene|Expanding Force|p2a: Incineroar
|-immune|p2a: Incineroar
|move|p2a: Incineroar|Flare Blitz|p1a: Hatterene
|-damage|p1a: Hatterene|0 fnt
|faint|p1a: Hatterene
|-damage|p2a: Incineroar|74/100|[from] Recoil
|
|win|yungleandoer96
||yungleandoer96 is ready for game 2.
||KodeBeast0526 is ready for game 2.
|uhtml|next|Next: Game 2 of 3
|l|☆KodeBeast0526
|player|p1|
