|j|☆NEZK025
|j|☆HeatInSeven14
|html|NEZK025HeatInSeven14    
|uhtml|bestof|Game 1 of a best-of-3
|t:|1783150735
|gametype|doubles
|player|p1|NEZK025|nate|1099
|player|p2|HeatInSeven14|170|1056
|gen|9
|tier|[Gen 9 Champions] VGC 2026 Reg M-B (Bo3)
|rated|
|rule|Species Clause: Limit one of each Pokémon
|rule|Item Clause: Limit 1 of each item
|clearpoke
|poke|p1|Glimmora, L50, F|
|poke|p1|Froslass, L50, F|
|poke|p1|Incineroar, L50, M|
|poke|p1|Garchomp, L50, F|
|poke|p1|Sneasler, L50, F|
|poke|p1|Sinistcha, L50|
|poke|p2|Farigiraf, L50, M, shiny|
|poke|p2|Kangaskhan, L50, F, shiny|
|poke|p2|Hydrapple, L50, M, shiny|
|poke|p2|Torkoal, L50, M, shiny|
|poke|p2|Mawile, L50, M|
|poke|p2|Vivillon-Pokeball, L50, M|
|teampreview|4
|showteam|p1|Glimmora||ChoiceScarf|Corrosion|EarthPower,SludgeBomb,PowerGem,Toxic|Timid||F|||50|]Froslass||Froslassite|SnowCloak|Blizzard,ShadowBall,Protect,IceBeam|Modest||F|||50|]Incineroar||ShucaBerry|Intimidate|FakeOut,DarkestLariat,FlareBlitz,PartingShot|Careful||M|||50|]Garchomp||Garchompite|RoughSkin|Earthquake,StompingTantrum,DragonClaw,Protect|Adamant||F|||50|]Sneasler||WhiteHerb|Unburden|CloseCombat,DireClaw,Protect,FakeOut|Jolly||F|||50|]Sinistcha||SitrusBerry|Hospitality|GigaDrain,TrickRoom,Protect,RagePowder|Bold|||||50|
|showteam|p2|Farigiraf||SitrusBerry|ArmorTail|TwinBeam,Thunderbolt,TrickRoom,Protect|Bold||M|||50|]Kangaskhan||Kangaskhanite|Scrappy|FakeOut,DoubleEdge,HammerArm,RockSlide|Brave||F|||50|]Hydrapple||LifeOrb|Regenerator|DracoMeteor,EnergyBall,EarthPower,Protect|Quiet||M|||50|]Torkoal||Charcoal|Drought|Eruption,WeatherBall,EarthPower,WillOWisp|Quiet||M|||50|]Mawile||Mawilite|HyperCutter|PlayRough,IronHead,SuckerPunch,Protect|Adamant||M|||50|]Vivillon-Pokeball||FocusSash|CompoundEyes|RagePowder,Hurricane,SleepPowder,EnergyBall|Timid||M|||50|
|
|t:|1783150803
|teamsize|p1|4
|teamsize|p2|4
|start
|switch|p1a: Incineroar|Incineroar, L50, M|100/100
|switch|p1b: Glimmora|Glimmora, L50, F|100/100
|switch|p2a: Farigiraf|Farigiraf, L50, M, shiny|100/100
|switch|p2b: Kangaskhan|Kangaskhan, L50, F, shiny|100/100
|-ability|p1a: Incineroar|Intimidate|boost
|-unboost|p2a: Farigiraf|atk|1
|-fail|p2b: Kangaskhan|unboost|Attack|[from] ability: Scrappy|[of] p2b: Kangaskhan
|turn|1
|
|t:|1783150835
|move|p2b: Kangaskhan|Fake Out|p1a: Incineroar
|-damage|p1a: Incineroar|83/100
|move|p1b: Glimmora|Sludge Bomb|p2b: Kangaskhan
|-damage|p2b: Kangaskhan|51/100
|cant|p1a: Incineroar|flinch
|move|p2a: Farigiraf|Trick Room|p2a: Farigiraf
|-fieldstart|move: Trick Room|[of] p2a: Farigiraf
|
|upkeep
|turn|2
|
|t:|1783150853
|switch|p1b: Sinistcha|Sinistcha, L50|100/100
|-heal|p1a: Incineroar|100/100|[from] ability: Hospitality|[of] p1b: Sinistcha
|move|p2a: Farigiraf|Twin Beam|p1b: Sinistcha
|-damage|p1b: Sinistcha|81/100
|-damage|p1b: Sinistcha|64/100
|-hitcount|p1b: Sinistcha|2
|move|p1a: Incineroar|Parting Shot|p2b: Kangaskhan
|-unboost|p2b: Kangaskhan|atk|1
|-unboost|p2b: Kangaskhan|spa|1
|
|t:|1783150868
|switch|p1a: Garchomp|Garchomp, L50, F|100/100|[from] Parting Shot
|move|p2b: Kangaskhan|Hammer Arm|p1a: Garchomp
|-damage|p1a: Garchomp|81/100
|-unboost|p2b: Kangaskhan|spe|1
|-damage|p2b: Kangaskhan|39/100|[from] ability: Rough Skin|[of] p1a: Garchomp
|
|upkeep
|turn|3
|
|t:|1783150891
|detailschange|p1a: Garchomp|Garchomp-Mega, L50, F
|-mega|p1a: Garchomp|Garchomp|Garchompite
|move|p2b: Kangaskhan|Double-Edge|p1b: Sinistcha
|-damage|p1b: Sinistcha|37/100
|-enditem|p1b: Sinistcha|Sitrus Berry|[eat]
|-heal|p1b: Sinistcha|61/100|[from] item: Sitrus Berry
|-damage|p2b: Kangaskhan|31/100|[from] Recoil
|move|p2a: Farigiraf|Twin Beam|p1b: Sinistcha
|-damage|p1b: Sinistcha|46/100
|-damage|p1b: Sinistcha|28/100
|-hitcount|p1b: Sinistcha|2
|move|p1a: Garchomp|Earthquake|p2a: Farigiraf|[spread] p1b,p2a,p2b
|-resisted|p1b: Sinistcha|1
|-damage|p1b: Sinistcha|10/100
|-damage|p2a: Farigiraf|61/100
|-damage|p2b: Kangaskhan|0 fnt
|faint|p2b: Kangaskhan
|move|p1b: Sinistcha|Trick Room|p1b: Sinistcha
|-fieldend|move: Trick Room
|
|upkeep
|
|t:|1783150909
|switch|p2b: Mawile|Mawile, L50, M|100/100
|turn|4
|
|t:|1783150932
|switch|p1b: Incineroar|Incineroar, L50, M|100/100
|-ability|p1b: Incineroar|Intimidate|boost
|-unboost|p2a: Farigiraf|atk|1
|-fail|p2b: Mawile|unboost|Attack|[from] ability: Hyper Cutter|[of] p2b: Mawile
|move|p1a: Garchomp|Protect|p1a: Garchomp
|-singleturn|p1a: Garchomp|Protect
|move|p2b: Mawile|Protect|p2b: Mawile
|-singleturn|p2b: Mawile|Protect
|move|p2a: Farigiraf|Trick Room|p2a: Farigiraf
|-fieldstart|move: Trick Room|[of] p2a: Farigiraf
|
|upkeep
|turn|5
|
|t:|1783150952
|switch|p2a: Torkoal|Torkoal, L50, M, shiny|100/100
|-weather|SunnyDay|[from] ability: Drought|[of] p2a: Torkoal
|switch|p1a: Glimmora|Glimmora, L50, F|100/100
|detailschange|p2b: Mawile|Mawile-Mega, L50, M
|-mega|p2b: Mawile|Mawile|Mawilite
|move|p2b: Mawile|Play Rough|p1a: Glimmora
|-resisted|p1a: Glimmora|1
|-damage|p1a: Glimmora|45/100
|move|p1b: Incineroar|Parting Shot|p2b: Mawile
|-unboost|p2b: Mawile|atk|1
|-unboost|p2b: Mawile|spa|1
|
|t:|1783150968
|switch|p1b: Garchomp|Garchomp-Mega, L50, F|81/100|[from] Parting Shot
|
|-weather|SunnyDay|[upkeep]
|upkeep
|turn|6
|inactive|Battle timer is ON: inactive players will automatically lose when time's up. (requested by HeatInSeven14)
|
|t:|1783150984
|switch|p1a: Incineroar|Incineroar, L50, M|100/100
|-ability|p1a: Incineroar|Intimidate|boost
|-unboost|p2a: Torkoal|atk|1
|-unboost|p2b: Mawile|atk|1
|move|p1b: Garchomp|Protect|p1b: Garchomp
|-singleturn|p1b: Garchomp|Protect
|move|p2a: Torkoal|Earth Power|p1a: Incineroar
|-supereffective|p1a: Incineroar|1
|-enditem|p1a: Incineroar|Shuca Berry|[eat]
|-enditem|p1a: Incineroar|Shuca Berry|[weaken]
|-damage|p1a: Incineroar|79/100
|move|p2b: Mawile|Play Rough|p1a: Incineroar
|-damage|p1a: Incineroar|42/100
|
|-weather|SunnyDay|[upkeep]
|upkeep
|turn|7
|
|t:|1783151006
|switch|p1b: Sinistcha|Sinistcha, L50|10/100
|-heal|p1a: Incineroar|66/100|[from] ability: Hospitality|[of] p1b: Sinistcha
|move|p2a: Torkoal|Eruption|p1a: Incineroar|[spread] p1a,p1b
|-resisted|p1a: Incineroar|1
|-supereffective|p1b: Sinistcha|1
|-damage|p1a: Incineroar|32/100
|-damage|p1b: Sinistcha|0 fnt
|faint|p1b: Sinistcha
|move|p2b: Mawile|Play Rough|p1a: Incineroar
|-crit|p1a: Incineroar
|-damage|p1a: Incineroar|0 fnt
|faint|p1a: Incineroar
|
|-weather|SunnyDay|[upkeep]
|upkeep
|
|t:|1783151019
|switch|p1a: Garchomp|Garchomp-Mega, L50, F|81/100
|switch|p1b: Glimmora|Glimmora, L50, F|45/100
|turn|8
|
|t:|1783151032
|switch|p2b: Farigiraf|Farigiraf, L50, M, shiny|61/100
|move|p1a: Garchomp|Protect|p1a: Garchomp
|-singleturn|p1a: Garchomp|Protect
|move|p2a: Torkoal|Eruption|p1a: Garchomp|[spread] p1b
|-activate|p1a: Garchomp|move: Protect
|-resisted|p1b: Glimmora|1
|-damage|p1b: Glimmora|0 fnt
|faint|p1b: Glimmora
|
|-weather|SunnyDay|[upkeep]
|-fieldend|move: Trick Room
|upkeep
|turn|9
|
|t:|1783151047
|move|p1a: Garchomp|Earthquake|p2b: Farigiraf|[spread] p2a,p2b
|-supereffective|p2a: Torkoal|1
|-damage|p2a: Torkoal|15/100
|-damage|p2b: Farigiraf|22/100
|-enditem|p2b: Farigiraf|Sitrus Berry|[eat]
|-heal|p2b: Farigiraf|46/100|[from] item: Sitrus Berry
|move|p2a: Torkoal|Will-O-Wisp|p1a: Garchomp|[miss]
|-miss|p2a: Torkoal|p1a: Garchomp
|move|p2b: Farigiraf|Trick Room|p2b: Farigiraf
|-fieldstart|move: Trick Room|[of] p2b: Farigiraf
|
|-weather|none
|upkeep
|turn|10
|
|t:|1783151058
|move|p1a: Garchomp|Protect|p1a: Garchomp
|-singleturn|p1a: Garchomp|Protect
|move|p2a: Torkoal|Will-O-Wisp|p1a: Garchomp
|-activate|p1a: Garchomp|move: Protect
|move|p2b: Farigiraf|Twin Beam|p1a: Garchomp
|-activate|p1a: Garchomp|move: Protect
|
|upkeep
|turn|11
|
|t:|1783151066
|move|p2a: Torkoal|Will-O-Wisp|p1a: Garchomp
|-status|p1a: Garchomp|brn
|move|p2b: Farigiraf|Twin Beam|p1a: Garchomp
|-damage|p1a: Garchomp|67/100 brn
|-damage|p1a: Garchomp|53/100 brn
|-hitcount|p1a: Garchomp|2
|move|p1a: Garchomp|Earthquake|p2b: Farigiraf|[spread] p2a,p2b
|-supereffective|p2a: Torkoal|1
|-crit|p2a: Torkoal
|-damage|p2a: Torkoal|0 fnt
|-damage|p2b: Farigiraf|28/100
|faint|p2a: Torkoal
|
|-damage|p1a: Garchomp|47/100 brn|[from] brn
|upkeep
|
|t:|1783151075
|switch|p2a: Mawile|Mawile-Mega, L50, M|100/100
|turn|12
|
|t:|1783151080
|move|p1a: Garchomp|Protect|p1a: Garchomp
|-singleturn|p1a: Garchomp|Protect
|move|p2a: Mawile|Play Rough|p1a: Garchomp
|-activate|p1a: Garchomp|move: Protect
|move|p2b: Farigiraf|Twin Beam|p1a: Garchomp
|-activate|p1a: Garchomp|move: Protect
|
|-damage|p1a: Garchomp|41/100 brn|[from] brn
|upkeep
|turn|13
|
|t:|1783151084
|move|p1a: Garchomp|Protect||[still]
|-fail|p1a: Garchomp
|move|p2a: Mawile|Play Rough|p1a: Garchomp
|-supereffective|p1a: Garchomp|1
|-damage|p1a: Garchomp|0 fnt
|faint|p1a: Garchomp
|
|win|HeatInSeven14
||HeatInSeven14 is ready for game 2.
||NEZK025 is ready for game 2.
|uhtml|next|Next: Game 2 of 3
