|j|☆Roselia Sayo
|j|☆haymi1004
|html|Roselia Sayohaymi1004    
|uhtml|bestof|Game 1 of a best-of-3
|t:|1785416631
|gametype|doubles
|player|p1|Roselia Sayo|bellelba|
|player|p2|haymi1004|iono|
|gen|9
|tier|[Gen 9 Champions] VGC 2026 Reg M-B (Bo3)
|rule|Species Clause: Limit one of each Pokémon
|rule|Item Clause: Limit 1 of each item
|clearpoke
|poke|p1|Venusaur, L50, M|
|poke|p1|Froslass, L50, F|
|poke|p1|Pelipper, L50, M|
|poke|p1|Basculegion, L50, M|
|poke|p1|Grimmsnarl, L50, M|
|poke|p1|Archaludon, L50, F|
|poke|p2|Charizard, L50, F|
|poke|p2|Venusaur, L50, M|
|poke|p2|Pelipper, L50, M|
|poke|p2|Archaludon, L50, F|
|poke|p2|Grimmsnarl, L50, M|
|poke|p2|Basculegion, L50, M|
|teampreview|4
|showteam|p1|Venusaur||Venusaurite|Chlorophyll|GigaDrain,SludgeBomb,EarthPower,Protect|Modest||M|||50|]Froslass||Froslassite|CursedBody|Blizzard,ShadowBall,RainDance,Protect|Timid||F|||50|]Pelipper||ChoiceScarf|Drizzle|WeatherBall,Hurricane,Soak,RainDance|Timid||M|||50|]Basculegion||FocusSash|Adaptability|LastRespects,Liquidation,AquaJet,Protect|Jolly||M|||50|]Grimmsnarl||LightClay|Prankster|SpiritBreak,Reflect,LightScreen,PartingShot|Careful||M|||50|]Archaludon||Leftovers|Stamina|DragonPulse,FlashCannon,ElectroShot,Protect|Modest||F|||50|
|showteam|p2|Charizard||CharizarditeY|Blaze|HeatWave,WeatherBall,Hurricane,Protect|Modest||F|||50|]Venusaur||Venusaurite|Chlorophyll|GigaDrain,EarthPower,SludgeBomb,SleepPowder|Modest||M|||50|]Pelipper||SitrusBerry|Drizzle|WeatherBall,Hurricane,WideGuard,Tailwind|Modest||M|||50|]Archaludon||Leftovers|Stamina|DragonPulse,ElectroShot,FlashCannon,Protect|Modest||F|||50|]Grimmsnarl||LightClay|Prankster|FoulPlay,Reflect,LightScreen,PartingShot|Impish||M|||50|]Basculegion||ChoiceScarf|Adaptability|WaveCrash,LastRespects,AquaJet,FlipTurn|Jolly||M|||50|
|j| smallyeeaa
|j| goodryan2630
|j| Edward0516
|c| goodryan2630|KM我不知道你還能預測對手隊伍（Ｘ
|c|☆Roselia Sayo|請多指教
|
|t:|1785416758
|teamsize|p1|4
|teamsize|p2|4
|start
|switch|p1a: Venusaur|Venusaur, L50, M|100/100
|switch|p1b: Grimmsnarl|Grimmsnarl, L50, M|100/100
|switch|p2a: Archaludon|Archaludon, L50, F|100/100
|switch|p2b: Grimmsnarl|Grimmsnarl, L50, M|100/100
|turn|1
|j| phoenix burner
|
|t:|1785416772
|detailschange|p1a: Venusaur|Venusaur-Mega, L50, M
|-mega|p1a: Venusaur|Venusaur|Venusaurite
|move|p2b: Grimmsnarl|Light Screen|p2b: Grimmsnarl
|-sidestart|p2: haymi1004|move: Light Screen
|move|p1b: Grimmsnarl|Parting Shot|p2a: Archaludon
|-unboost|p2a: Archaludon|atk|1
|-unboost|p2a: Archaludon|spa|1
|
|t:|1785416781
|switch|p1b: Archaludon|Archaludon, L50, F|100/100|[from] Parting Shot
|move|p2a: Archaludon|Flash Cannon|p1b: Archaludon
|-resisted|p1b: Archaludon|1
|-damage|p1b: Archaludon|87/100
|-ability|p1b: Archaludon|Stamina|boost
|-boost|p1b: Archaludon|def|1
|move|p1a: Venusaur|Sludge Bomb|p2b: Grimmsnarl
|-supereffective|p2b: Grimmsnarl|1
|-damage|p2b: Grimmsnarl|33/100
|
|-heal|p1b: Archaludon|93/100|[from] item: Leftovers
|upkeep
|turn|2
|j| test75683
|
|t:|1785416844
|switch|p2a: Charizard|Charizard, L50, F|100/100
|switch|p1a: Grimmsnarl|Grimmsnarl, L50, M|100/100
|move|p2b: Grimmsnarl|Parting Shot|p1b: Archaludon
|-unboost|p1b: Archaludon|atk|1
|-unboost|p1b: Archaludon|spa|1
|
|t:|1785416861
|switch|p2b: Archaludon|Archaludon, L50, F|100/100|[from] Parting Shot
|move|p1b: Archaludon|Flash Cannon|p2b: Archaludon
|-resisted|p2b: Archaludon|1
|-damage|p2b: Archaludon|91/100
|-ability|p2b: Archaludon|Stamina|boost
|-boost|p2b: Archaludon|def|1
|
|-heal|p2b: Archaludon|97/100|[from] item: Leftovers
|-heal|p1b: Archaludon|100/100|[from] item: Leftovers
|upkeep
|turn|3
|
|t:|1785416885
|detailschange|p2a: Charizard|Charizard-Mega-Y, L50, F
|-mega|p2a: Charizard|Charizard|Charizardite Y
|-weather|SunnyDay|[from] ability: Drought|[of] p2a: Charizard
|move|p1a: Grimmsnarl|Light Screen|p1a: Grimmsnarl
|-sidestart|p1: Roselia Sayo|move: Light Screen
|move|p2a: Charizard|Heat Wave|p1a: Grimmsnarl|[spread] p1a,p1b
|-damage|p1a: Grimmsnarl|57/100
|-damage|p1b: Archaludon|61/100
|-ability|p1b: Archaludon|Stamina|boost
|-boost|p1b: Archaludon|def|1
|move|p2b: Archaludon|Electro Shot||[still]
|-prepare|p2b: Archaludon|Electro Shot
|-boost|p2b: Archaludon|spa|1
|move|p1b: Archaludon|Electro Shot||[still]
|-prepare|p1b: Archaludon|Electro Shot
|-boost|p1b: Archaludon|spa|1
|
|-weather|SunnyDay|[upkeep]
|-heal|p2b: Archaludon|100/100|[from] item: Leftovers
|-heal|p1b: Archaludon|67/100|[from] item: Leftovers
|upkeep
|turn|4
|j| I love bo3
|
|t:|1785416915
|move|p2a: Charizard|Heat Wave|p1a: Grimmsnarl|[spread] p1a,p1b
|-damage|p1a: Grimmsnarl|20/100y
|-damage|p1b: Archaludon|25/100
|-ability|p1b: Archaludon|Stamina|boost
|-boost|p1b: Archaludon|def|1
|move|p2b: Archaludon|Electro Shot|p1a: Grimmsnarl|[from] lockedmove
|-damage|p1a: Grimmsnarl|0 fnt
|faint|p1a: Grimmsnarl
|move|p1b: Archaludon|Electro Shot|p2a: Charizard|[from] lockedmove
|-supereffective|p2a: Charizard|1
|-damage|p2a: Charizard|55/100
|
|-weather|SunnyDay|[upkeep]
|-heal|p1b: Archaludon|31/100|[from] item: Leftovers
|upkeep
|
|t:|1785416931
|switch|p1a: Pelipper|Pelipper, L50, M|100/100
|-weather|RainDance|[from] ability: Drizzle|[of] p1a: Pelipper
|turn|5
|j| 86test
|
|t:|1785416971
|switch|p1a: Venusaur|Venusaur-Mega, L50, M|100/100
|switch|p2a: Grimmsnarl|Grimmsnarl, L50, M|33/100
|move|p2b: Archaludon|Dragon Pulse|p1b: Archaludon
|-damage|p1b: Archaludon|0 fnt
|faint|p1b: Archaludon
|
|-weather|RainDance|[upkeep]
|upkeep
|
|t:|1785416978
|switch|p1b: Pelipper|Pelipper, L50, M|100/100
|turn|6
|
|t:|1785416985
|move|p2a: Grimmsnarl|Parting Shot|p1a: Venusaur
|-unboost|p1a: Venusaur|atk|1
|-unboost|p1a: Venusaur|spa|1
|
|t:|1785416994
|switch|p2a: Charizard|Charizard-Mega-Y, L50, F|55/100|[from] Parting Shot
|-weather|SunnyDay|[from] ability: Drought|[of] p2a: Charizard
|move|p1b: Pelipper|Soak|p2b: Archaludon
|-start|p2b: Archaludon|typechange|Water
|move|p2b: Archaludon|Electro Shot||[still]
|-prepare|p2b: Archaludon|Electro Shot
|-boost|p2b: Archaludon|spa|1
|move|p1a: Venusaur|Giga Drain|p2b: Archaludon
|-supereffective|p2b: Archaludon|1
|-damage|p2b: Archaludon|64/100
|-ability|p2b: Archaludon|Stamina|boost
|-boost|p2b: Archaludon|def|1
|
|-weather|SunnyDay|[upkeep]
|-heal|p2b: Archaludon|70/100|[from] item: Leftovers
|upkeep
|turn|7
|-message|Roselia Sayo forfeited.
|
|win|haymi1004
||Roselia Sayo is ready for game 2.
||haymi1004 is ready for game 2.
|uhtml|next|Next: Game 2 of 3
|l| test75683
|l| Edward0516
|j| BenBen84
|j| Tera Ozone
|l| phoenix burner
|j| I love bo3
|l| BenBen84
|l|☆Roselia Sayo
|player|p1|
