|j|☆Sparkles1755
|j|☆chenhow3814
|html|Sparkles1755chenhow3814    
|uhtml|bestof|Game 1 of a best-of-3
|t:|1785852035
|gametype|doubles
|player|p1|Sparkles1755|veteran|1224
|player|p2|chenhow3814|2|1149
|gen|9
|tier|[Gen 9 Champions] VGC 2026 Reg M-B (Bo3)
|rated|
|rule|Species Clause: Limit one of each Pokémon
|rule|Item Clause: Limit 1 of each item
|clearpoke
|poke|p1|Staraptor, L50, F|
|poke|p1|Raichu, L50, M|
|poke|p1|Glimmora, L50, F|
|poke|p1|Sylveon, L50, F|
|poke|p1|Kingambit, L50, M|
|poke|p1|Farigiraf, L50, F|
|poke|p2|Blastoise, L50, F|
|poke|p2|Farigiraf, L50, F|
|poke|p2|Zoroark-Hisui, L50, M|
|poke|p2|Sylveon, L50, M|
|poke|p2|Kingambit, L50, F|
|poke|p2|Kangaskhan, L50, F|
|teampreview|4
|showteam|p1|Staraptor||Staraptite|Intimidate|CloseCombat,DualWingbeat,Tailwind,Protect|Jolly||F|||50|]Raichu||RaichuniteY|LightningRod|ZapCannon,FocusBlast,FakeOut,Protect|Timid||M|||50|]Glimmora||FocusSash|ToxicDebris|PowerGem,SludgeBomb,EarthPower,SpikyShield|Timid||F|||50|]Sylveon||FairyFeather|Pixilate|HyperVoice,HyperBeam,QuickAttack,Detect|Modest||F|||50|]Kingambit||LifeOrb|Defiant|IronHead,KowtowCleave,SuckerPunch,Protect|Adamant||M|||50|]Farigiraf||SitrusBerry|ArmorTail|TwinBeam,TrickRoom,HelpingHand,Protect|Bold||F|||50|
|showteam|p2|Blastoise||Blastoisinite|Torrent|WaterSpout,AuraSphere,DarkPulse,FakeOut|Modest||F|||50|]Farigiraf||SitrusBerry|ArmorTail|HelpingHand,Thunderbolt,TrickRoom,Psychic|Relaxed||F|||50|]Zoroark-Hisui||FocusSash|Illusion|Round,ShadowBall,Taunt,IcyWind|Timid||M|||50|]Sylveon||FairyFeather|Pixilate|HyperVoice,Round,Protect,Moonblast|Modest||M|||50|]Kingambit||OccaBerry|Defiant|KowtowCleave,SuckerPunch,IronHead,LowKick|Adamant||F|||50|]Kangaskhan||Kangaskhanite|Scrappy|DoubleEdge,IcePunch,DrainPunch,FakeOut|Adamant||F|||50|
|inactive|Battle timer is ON: inactive players will automatically lose when time's up. (requested by Sparkles1755)
|inactive|Sparkles1755 has 60 seconds left.
|inactive|chenhow3814 has 60 seconds left.
|inactive|Sparkles1755 has 30 seconds left.
|inactive|chenhow3814 has 30 seconds left.
|inactive|chenhow3814 has 20 seconds left.
|
|t:|1785852107
|teamsize|p1|4
|teamsize|p2|4
|start
|switch|p1a: Staraptor|Staraptor, L50, F|100/100
|switch|p1b: Sylveon|Sylveon, L50, F|100/100
|switch|p2a: Sylveon|Sylveon, L50, M|100/100
|switch|p2b: Farigiraf|Farigiraf, L50, F|100/100
|-ability|p1a: Staraptor|Intimidate|boost
|-unboost|p2a: Sylveon|atk|1
|-unboost|p2b: Farigiraf|atk|1
|turn|1
|inactive|Sparkles1755 has 30 seconds left.
|inactive|chenhow3814 has 30 seconds left.
|
|t:|1785852142
|move|p1a: Staraptor|Protect|p1a: Staraptor
|-singleturn|p1a: Staraptor|Protect
|move|p2b: Farigiraf|Icy Wind|p1a: Staraptor|[spread] p1b
|-activate|p1a: Staraptor|move: Protect
|-damage|p1b: Sylveon|88/100
|-unboost|p1b: Sylveon|spe|1
|move|p2a: Sylveon|Hyper Voice|p1a: Staraptor|[spread] p1b
|-activate|p1a: Staraptor|move: Protect
|-damage|p1b: Sylveon|51/100
|move|p1b: Sylveon|Hyper Voice|p2a: Sylveon|[spread] p2a,p2b
|-damage|p2a: Sylveon|64/100
|-damage|p2b: Farigiraf|6/100
|replace|p2b: Zoroark|Zoroark-Hisui, L50, M
|-end|p2b: Zoroark|Illusion
|
|upkeep
|turn|2
|inactive|chenhow3814 has 30 seconds left.
|inactive|Sparkles1755 has 30 seconds left.
|inactive|chenhow3814 has 20 seconds left.
|inactive|Sparkles1755 has 20 seconds left.
|inactive|chenhow3814 has 15 seconds left.
|inactive|chenhow3814 has 10 seconds left.
|
|t:|1785852188
|switch|p1a: Farigiraf|Farigiraf, L50, F|100/100
|switch|p2a: Farigiraf|Farigiraf, L50, F|100/100
|move|p1b: Sylveon|Quick Attack||[still]
|cant|p2a: Farigiraf|ability: Armor Tail|Quick Attack|[of] p1b: Sylveon
|move|p2b: Zoroark|Shadow Ball|p1b: Sylveon
|-damage|p1b: Sylveon|17/100
|
|upkeep
|turn|3
|inactive|chenhow3814 has 30 seconds left.
|inactive|chenhow3814 has 20 seconds left.
|inactive|chenhow3814 has 15 seconds left.
|
|t:|1785852233
|switch|p2b: Sylveon|Sylveon, L50, M|64/100
|move|p1b: Sylveon|Detect|p1b: Sylveon
|-singleturn|p1b: Sylveon|Protect
|move|p1a: Farigiraf|Twin Beam|p2b: Sylveon
|-crit|p2b: Sylveon
|-damage|p2b: Sylveon|47/100
|-damage|p2b: Sylveon|36/100
|-hitcount|p2b: Sylveon|2
|move|p2a: Farigiraf|Trick Room|p2a: Farigiraf
|-fieldstart|move: Trick Room|[of] p2a: Farigiraf
|
|upkeep
|turn|4
|inactive|chenhow3814 has 30 seconds left.
|inactive|chenhow3814 has 20 seconds left.
|
|t:|1785852269
|move|p1a: Farigiraf|Helping Hand|p1b: Sylveon
|-singleturn|p1b: Sylveon|Helping Hand|[of] p1a: Farigiraf
|move|p1b: Sylveon|Hyper Beam|p2a: Farigiraf
|-damage|p2a: Farigiraf|0 fnt
|-mustrecharge|p1b: Sylveon
|faint|p2a: Farigiraf
|move|p2b: Sylveon|Hyper Voice|p1b: Sylveon|[spread] p1a,p1b
|-crit|p1b: Sylveon
|-damage|p1a: Farigiraf|58/100
|-damage|p1b: Sylveon|0 fnt
|faint|p1b: Sylveon
|
|upkeep
|
|t:|1785852281
|switch|p2a: Blastoise|Blastoise, L50, F|100/100
|switch|p1b: Kingambit|Kingambit, L50, M|100/100
|turn|5
|inactive|chenhow3814 has 30 seconds left.
|inactive|chenhow3814 has 20 seconds left.
|inactive|chenhow3814 has 15 seconds left.
|inactive|chenhow3814 has 10 seconds left.
|
|t:|1785852327
|detailschange|p2a: Blastoise|Blastoise-Mega, L50, F
|-mega|p2a: Blastoise|Blastoise|Blastoisinite
|move|p1a: Farigiraf|Helping Hand|p1b: Kingambit
|-singleturn|p1b: Kingambit|Helping Hand|[of] p1a: Farigiraf
|move|p2b: Sylveon|Protect|p2b: Sylveon
|-singleturn|p2b: Sylveon|Protect
|move|p1b: Kingambit|Kowtow Cleave|p2a: Blastoise
|-damage|p2a: Blastoise|20/100r
|-damage|p1b: Kingambit|90/100|[from] item: Life Orb
|move|p2a: Blastoise|Dark Pulse|p1a: Farigiraf
|-supereffective|p1a: Farigiraf|1
|-damage|p1a: Farigiraf|0 fnt
|faint|p1a: Farigiraf
|
|upkeep
|
|t:|1785852341
|switch|p1a: Staraptor|Staraptor, L50, F|100/100
|-ability|p1a: Staraptor|Intimidate|boost
|-unboost|p2a: Blastoise|atk|1
|-unboost|p2b: Sylveon|atk|1
|turn|6
|inactive|chenhow3814 has 30 seconds left.
|inactive|chenhow3814 has 20 seconds left.
|inactive|chenhow3814 has 15 seconds left.
|inactive|chenhow3814 has 10 seconds left.
|inactive|chenhow3814 has 5 seconds left.
|
|t:|1785852394
|switch|p2a: Blastoise|Blastoise-Mega, L50, F|6/100
|detailschange|p1a: Staraptor|Staraptor-Mega, L50, F
|-mega|p1a: Staraptor|Staraptor|Staraptite
|move|p1b: Kingambit|Iron Head|p2b: Sylveon
|-supereffective|p2b: Sylveon|1
|-damage|p2b: Sylveon|0 fnt
|faint|p2b: Sylveon
|-damage|p1b: Kingambit|80/100|[from] item: Life Orb
|move|p1a: Staraptor|Close Combat|p2a: Blastoise
|-immune|p2a: Blastoise
|
|upkeep
|
|t:|1785852406
|switch|p2b: Blastoise|Blastoise-Mega, L50, F|20/100r
|turn|7
|
|t:|1785852417
|move|p1b: Kingambit|Kowtow Cleave|p2a: Blastoise
|-supereffective|p2a: Blastoise|1
|-damage|p2a: Blastoise|0 fnt
|replace|p2a: Zoroark|Zoroark-Hisui, L50, M
|-end|p2a: Zoroark|Illusion
|faint|p2a: Zoroark
|-damage|p1b: Kingambit|71/100|[from] item: Life Orb
|move|p2b: Blastoise|Water Spout|p1a: Staraptor|[spread] p1a,p1b
|-damage|p1a: Staraptor|85/100
|-damage|p1b: Kingambit|57/100
|move|p1a: Staraptor|Close Combat|p2b: Blastoise
|-damage|p2b: Blastoise|0 fnt
|-boost|p1a: Staraptor|def|1
|-boost|p1a: Staraptor|spd|1
|faint|p2b: Blastoise
|
|win|Sparkles1755
|l|☆Sparkles1755
|player|p1|
||Sparkles1755 is ready for game 2.
|inactive|chenhow3814 has 30 seconds to confirm battle start!
