|j|☆gene takavic
|j|☆eskyur
|html|gene takaviceskyur    
|uhtml|bestof|Game 3 of a best-of-3
|t:|1756509328
|gametype|doubles
|player|p1|gene takavic|pryce|1172
|player|p2|eskyur|steven|1089
|gen|9
|tier|[Gen 9] VGC 2025 Reg H (Bo3)
|rated|
|rule|Species Clause: Limit one of each Pokémon
|rule|Item Clause: Limit 1 of each item
|clearpoke
|poke|p1|Charizard, L50, F|
|poke|p1|Torkoal, L50, F|
|poke|p1|Porygon2, L50|
|poke|p1|Incineroar, L50, M|
|poke|p1|Jumpluff, L50, M|
|poke|p1|Ursaluna, L50, M|
|poke|p2|Charizard, L50, F|
|poke|p2|Garchomp, L50, M|
|poke|p2|Hydreigon, L50, M|
|poke|p2|Whimsicott, L50, M|
|poke|p2|Gyarados, L50, F|
|poke|p2|Maushold-Four, L50|
|teampreview|4
|showteam|p1|Charizard||ChoiceSpecs|SolarPower|HeatWave,Overheat,WeatherBall,AirSlash|||F|||50|,,,,,Ghost]Torkoal||EjectPack|Drought|Eruption,Overheat,HelpingHand,Protect|||F|||50|,,,,,Fire]Porygon2||Eviolite|Download|TeraBlast,IceBeam,Recover,TrickRoom||||||50|,,,,,Fighting]Incineroar||SitrusBerry|Intimidate|FlareBlitz,KnockOff,FakeOut,PartingShot|||M|||50|,,,,,Ghost]Jumpluff||CovertCloak|Chlorophyll|SleepPowder,SunnyDay,RagePowder,Tailwind|||M|||50|,,,,,Water]Ursaluna||FlameOrb|Guts|HeadlongRush,Facade,Earthquake,Protect|||M|||50|,,,,,Ghost
|showteam|p2|Charizard||LifeOrb|SolarPower|HeatWave,Flamethrower,AirSlash,Protect|||F|||50|,,,,,Fire]Garchomp||ChoiceBand|RoughSkin|Earthquake,DragonClaw,RockSlide,IronHead|||M|||50|,,,,,Steel]Hydreigon||ChoiceSpecs|Levitate|HeatWave,DarkPulse,DracoMeteor,Snarl|||M|||50|,,,,,Fire]Whimsicott||FocusSash|Prankster|Moonblast,Tailwind,Protect,SunnyDay|||M|||50|,,,,,Ghost]Gyarados||CovertCloak|Intimidate|Waterfall,Taunt,ThunderWave,IceFang|||F|||50|,,,,,Grass]Maushold-Four||WideLens|Technician|PopulationBomb,Protect,BulletSeed,FollowMe||||||50|,,,,,Normal
|inactive|Battle timer is ON: inactive players will automatically lose when time's up. (requested by gene takavic)
|
|t:|1756509352
|teamsize|p1|4
|teamsize|p2|4
|start
|switch|p1a: Charizard|Charizard, L50, F|100/100
|switch|p1b: Porygon2|Porygon2, L50|100/100
|switch|p2a: Garchomp|Garchomp, L50, M|100/100
|switch|p2b: Gyarados|Gyarados, L50, F|100/100
|-ability|p2b: Gyarados|Intimidate|boost
|-unboost|p1a: Charizard|atk|1
|-unboost|p1b: Porygon2|atk|1
|-ability|p1b: Porygon2|Download|boost
|-boost|p1b: Porygon2|atk|1
|turn|1
|inactive|gene takavic has 30 seconds left.
|
|t:|1756509386
|switch|p1a: Incineroar|Incineroar, L50, M|100/100
|-ability|p1a: Incineroar|Intimidate|boost
|-unboost|p2a: Garchomp|atk|1
|-unboost|p2b: Gyarados|atk|1
|move|p2a: Garchomp|Rock Slide|p1b: Porygon2|[spread] p1a,p1b
|-supereffective|p1a: Incineroar
|-crit|p1b: Porygon2
|-damage|p1a: Incineroar|65/100
|-damage|p1b: Porygon2|74/100
|move|p2b: Gyarados|Taunt|p1b: Porygon2
|-start|p1b: Porygon2|move: Taunt
|move|p1b: Porygon2|Ice Beam|p2a: Garchomp
|-supereffective|p2a: Garchomp
|-damage|p2a: Garchomp|0 fnt
|faint|p2a: Garchomp
|
|upkeep
|
|t:|1756509409
|switch|p2a: Charizard|Charizard, L50, F|100/100
|turn|2
|
|t:|1756509426
|switch|p1b: Charizard|Charizard, L50, F|100/100
|move|p2a: Charizard|Protect|p2a: Charizard
|-singleturn|p2a: Charizard|Protect
|move|p1a: Incineroar|Fake Out|p2a: Charizard
|-activate|p2a: Charizard|move: Protect
|move|p2b: Gyarados|Waterfall|p1a: Incineroar
|-supereffective|p1a: Incineroar
|-damage|p1a: Incineroar|14/100
|-enditem|p1a: Incineroar|Sitrus Berry|[eat]
|-heal|p1a: Incineroar|39/100|[from] item: Sitrus Berry
|
|upkeep
|turn|3
|inactive|gene takavic has 30 seconds left.
|inactive|eskyur has 30 seconds left.
|
|t:|1756509456
|move|p2a: Charizard|Heat Wave|p1b: Charizard|[spread] p1a,p1b
|-resisted|p1a: Incineroar
|-resisted|p1b: Charizard
|-damage|p1a: Incineroar|20/100
|-damage|p1b: Charizard|70/100
|-damage|p2a: Charizard|91/100|[from] item: Life Orb
|move|p1b: Charizard|Heat Wave|p2a: Charizard|[spread] p2a,p2b
|-resisted|p2a: Charizard
|-resisted|p2b: Gyarados
|-damage|p2a: Charizard|58/100
|-damage|p2b: Gyarados|80/100
|move|p2b: Gyarados|Waterfall|p1a: Incineroar
|-supereffective|p1a: Incineroar
|-damage|p1a: Incineroar|0 fnt
|faint|p1a: Incineroar
|
|upkeep
|
|t:|1756509473
|switch|p1a: Porygon2|Porygon2, L50|74/100
|-ability|p1a: Porygon2|Download|boost
|-boost|p1a: Porygon2|atk|1
|turn|4
|
|t:|1756509489
|move|p1b: Charizard|Heat Wave|p2b: Gyarados|[spread] p2a,p2b
|-resisted|p2a: Charizard
|-resisted|p2b: Gyarados
|-damage|p2a: Charizard|26/100
|-damage|p2b: Gyarados|59/100
|move|p2a: Charizard|Heat Wave|p1b: Charizard|[spread] p1a,p1b
|-resisted|p1b: Charizard
|-damage|p1a: Porygon2|45/100
|-damage|p1b: Charizard|41/100
|-damage|p2a: Charizard|16/100|[from] item: Life Orb
|move|p2b: Gyarados|Taunt|p1a: Porygon2
|-start|p1a: Porygon2|move: Taunt
|move|p1a: Porygon2|Ice Beam|p2a: Charizard
|-damage|p2a: Charizard|0 fnt
|faint|p2a: Charizard
|
|upkeep
|
|t:|1756509505
|switch|p2a: Hydreigon|Hydreigon, L50, M|100/100
|turn|5
|
|t:|1756509522
|-terastallize|p2a: Hydreigon|Fire
|-terastallize|p1a: Porygon2|Fighting
|move|p1b: Charizard|Heat Wave|p2b: Gyarados|[spread] p2a,p2b
|-resisted|p2a: Hydreigon
|-resisted|p2b: Gyarados
|-damage|p2a: Hydreigon|72/100
|-damage|p2b: Gyarados|36/100
|move|p2a: Hydreigon|Snarl|p1a: Porygon2|[spread] p1a,p1b
|-resisted|p1a: Porygon2
|-damage|p1a: Porygon2|34/100
|-damage|p1b: Charizard|0 fnt
|-unboost|p1a: Porygon2|spa|1
|faint|p1b: Charizard
|move|p2b: Gyarados|Waterfall|p1a: Porygon2
|-damage|p1a: Porygon2|18/100
|move|p1a: Porygon2|Tera Blast|p2a: Hydreigon|[anim] Tera Blast Fighting
|-damage|p2a: Hydreigon|36/100
|
|upkeep
|
|t:|1756509530
|switch|p1b: Ursaluna|Ursaluna, L50, M|100/100
|turn|6
|inactive|eskyur has 30 seconds left.
|
|t:|1756509556
|move|p2a: Hydreigon|Snarl|p1b: Ursaluna|[spread] p1a,p1b
|-resisted|p1a: Porygon2
|-damage|p1a: Porygon2|9/100
|-damage|p1b: Ursaluna|73/100
|-unboost|p1a: Porygon2|spa|1
|-unboost|p1b: Ursaluna|spa|1
|move|p2b: Gyarados|Waterfall|p1a: Porygon2
|-damage|p1a: Porygon2|0 fnt
|faint|p1a: Porygon2
|move|p1b: Ursaluna|Facade|p2b: Gyarados
|-damage|p2b: Gyarados|0 fnt
|faint|p2b: Gyarados
|
|-status|p1b: Ursaluna|brn|[from] item: Flame Orb
|upkeep
|turn|7
|
|t:|1756509574
|move|p2a: Hydreigon|Snarl|p1b: Ursaluna
|-damage|p1b: Ursaluna|34/100 brn
|-unboost|p1b: Ursaluna|spa|1
|move|p1b: Ursaluna|Facade|p2a: Hydreigon
|-damage|p2a: Hydreigon|0 fnt
|faint|p2a: Hydreigon
|
|win|gene takavic
|raw|gene takavic's rating: 1172 → 1191(+19 for winning)
|raw|eskyur's rating: 1089 → 1071(-18 for losing)
