|j|☆BlackStag52
|j|☆Ashishks
|html|BlackStag52Ashishks    
|uhtml|bestof|Game 3 of a best-of-3
|t:|1782190005
|gametype|doubles
|player|p1|BlackStag52|lebanne|1106
|player|p2|Ashishks|2|1158
|gen|9
|tier|[Gen 9 Champions] VGC 2026 Reg M-B (Bo3)
|rated|
|rule|Species Clause: Limit one of each Pokémon
|rule|Item Clause: Limit 1 of each item
|clearpoke
|poke|p1|Garchomp, L50, F|
|poke|p1|Eelektross, L50, M|
|poke|p1|Sinistcha, L50|
|poke|p1|Primarina, L50, F|
|poke|p1|Vivillon-High Plains, L50, F|
|poke|p1|Sneasler, L50, F|
|poke|p2|Raichu, L50, F|
|poke|p2|Jolteon, L50, M|
|poke|p2|Basculegion, L50, M|
|poke|p2|Sceptile, L50, F|
|poke|p2|Gholdengo, L50|
|poke|p2|Rotom-Heat, L50|
|teampreview|4
|showteam|p1|Garchomp||LifeOrb|RoughSkin|DragonClaw,Earthquake,Protect,RockSlide|Impish||F|||50|]Eelektross||Eelektrossite|Levitate|GrassKnot,Thunderbolt,Protect,Flamethrower|Modest||M|||50|]Sinistcha||KasibBerry|Hospitality|MatchaGotcha,RagePowder,TrickRoom,LifeDew|Bold|||||50|]Primarina||FairyFeather|LiquidVoice|DazzlingGleam,EnergyBall,HyperVoice,Protect|Modest||F|||50|]Vivillon-High Plains||FocusSash|FriendGuard|Tailwind,AirSlash,PollenPuff,Protect|Timid||F|||50|]Sneasler||WhiteHerb|Unburden|FakeOut,CloseCombat,DireClaw,Protect|Adamant||F|||50|
|showteam|p2|Raichu||RaichuniteX|Static|VoltTackle,FakeOut,Discharge,GrassKnot|Jolly||F|||50|]Jolteon||LifeOrb|VoltAbsorb|Electroweb,ChargeBeam,Protect,RisingVoltage|Timid||M|||50|]Basculegion||SitrusBerry|Adaptability|WaveCrash,LastRespects,AquaJet,FlipTurn|Jolly||M|||50|]Sceptile||Sceptilite|Overgrow|EarthPower,LeafStorm,Protect,DragonPulse|Timid||F|||50|]Gholdengo||MetalCoat|GoodasGold|MakeItRain,PowerGem,ShadowBall,Protect|Timid|||||50|]Rotom-Heat||ChoiceScarf|Levitate|Discharge,Overheat,Trick,VoltSwitch|Timid|||||50|
|inactive|Battle timer is ON: inactive players will automatically lose when time's up. (requested by Ashishks)
|
|t:|1782190044
|teamsize|p1|4
|teamsize|p2|4
|start
|switch|p1a: Garchomp|Garchomp, L50, F|100/100
|switch|p1b: Vivillon|Vivillon-High Plains, L50, F|100/100
|switch|p2a: Raichu|Raichu, L50, F|100/100
|switch|p2b: Jolteon|Jolteon, L50, M|100/100
|turn|1
|inactive|Ashishks has 30 seconds left.
|
|t:|1782190073
|detailschange|p2a: Raichu|Raichu-Mega-X, L50, F
|-mega|p2a: Raichu|Raichu|Raichunite X
|-fieldstart|move: Electric Terrain|[from] ability: Electric Surge|[of] p2a: Raichu
|move|p1b: Vivillon|Protect|p1b: Vivillon
|-singleturn|p1b: Vivillon|Protect
|move|p1a: Garchomp|Protect|p1a: Garchomp
|-singleturn|p1a: Garchomp|Protect
|move|p2a: Raichu|Fake Out|p1a: Garchomp
|-activate|p1a: Garchomp|move: Protect
|move|p2b: Jolteon|Charge Beam|p1b: Vivillon
|-activate|p1b: Vivillon|move: Protect
|
|upkeep
|turn|2
|inactive|Ashishks has 30 seconds left.
|
|t:|1782190102
|switch|p2a: Basculegion|Basculegion, L50, M|100/100
|move|p2b: Jolteon|Rising Voltage|p1b: Vivillon
|-supereffective|p1b: Vivillon|1
|-enditem|p1b: Vivillon|Focus Sash
|-damage|p1b: Vivillon|1/100
|-damage|p2b: Jolteon|90/100|[from] item: Life Orb
|move|p1b: Vivillon|Tailwind|p1b: Vivillon
|-sidestart|p1: BlackStag52|move: Tailwind
|move|p1a: Garchomp|Earthquake|p2b: Jolteon|[spread] p2a,p2b
|-immune|p1b: Vivillon
|-supereffective|p2b: Jolteon|1
|-damage|p2a: Basculegion|54/100
|-damage|p2b: Jolteon|0 fnt
|faint|p2b: Jolteon
|-damage|p1a: Garchomp|90/100|[from] item: Life Orb
|
|upkeep
|
|t:|1782190120
|switch|p2b: Raichu|Raichu-Mega-X, L50, F|100/100
|turn|3
|inactive|Ashishks has 30 seconds left.
|
|t:|1782190148
|switch|p2b: Gholdengo|Gholdengo, L50|100/100
|move|p1b: Vivillon|Protect|p1b: Vivillon
|-singleturn|p1b: Vivillon|Protect
|move|p1a: Garchomp|Protect|p1a: Garchomp
|-singleturn|p1a: Garchomp|Protect
|move|p2a: Basculegion|Aqua Jet|p1b: Vivillon
|-activate|p1b: Vivillon|move: Protect
|
|upkeep
|turn|4
|inactive|Ashishks has 30 seconds left.
|
|t:|1782190177
|switch|p1b: Eelektross|Eelektross, L50, M|100/100
|move|p2a: Basculegion|Aqua Jet|p1b: Eelektross
|-damage|p1b: Eelektross|79/100
|move|p1a: Garchomp|Earthquake|p2a: Basculegion|[spread] p2a,p2b
|-immune|p1b: Eelektross|[from] ability: Levitate
|-supereffective|p2b: Gholdengo|1
|-damage|p2a: Basculegion|4/100
|-damage|p2b: Gholdengo|0 fnt
|-enditem|p2a: Basculegion|Sitrus Berry|[eat]
|-heal|p2a: Basculegion|29/100|[from] item: Sitrus Berry
|faint|p2b: Gholdengo
|-damage|p1a: Garchomp|80/100|[from] item: Life Orb
|
|upkeep
|
|t:|1782190191
|switch|p2b: Raichu|Raichu-Mega-X, L50, F|100/100
|turn|5
|
|t:|1782190205
|detailschange|p1b: Eelektross|Eelektross-Mega, L50, M
|-mega|p1b: Eelektross|Eelektross|Eelektrossite
|move|p2b: Raichu|Fake Out|p1a: Garchomp
|-damage|p1a: Garchomp|69/100
|-damage|p2b: Raichu|87/100|[from] ability: Rough Skin|[of] p1a: Garchomp
|cant|p1a: Garchomp|flinch
|move|p1b: Eelektross|Thunderbolt|p2a: Basculegion
|-supereffective|p2a: Basculegion|1
|-damage|p2a: Basculegion|0 fnt
|faint|p2a: Basculegion
|-ability|p1b: Eelektross|Eelevate|boost
|-boost|p1b: Eelektross|spa|1
|
|-sideend|p1: BlackStag52|move: Tailwind
|-fieldend|move: Electric Terrain
|upkeep
|turn|6
|
|t:|1782190225
|move|p2b: Raichu|Grass Knot|p1a: Garchomp
|-damage|p1a: Garchomp|51/100
|-damage|p2b: Raichu|75/100|[from] ability: Rough Skin|[of] p1a: Garchomp
|move|p1a: Garchomp|Earthquake|p2b: Raichu|[spread] p2b
|-immune|p1b: Eelektross|[from] ability: Levitate
|-supereffective|p2b: Raichu|1
|-damage|p2b: Raichu|0 fnt
|faint|p2b: Raichu
|-damage|p1a: Garchomp|41/100|[from] item: Life Orb
|
|win|BlackStag52
|raw|BlackStag52's rating: 1106 → 1135(+29 for winning)
|raw|Ashishks's rating: 1158 → 1129(-29 for losing)
