|j|â˜†Ssamuuelll
|j|â˜†MetaphorCrazyMonk
|html|SsamuuelllMetaphorCrazyMonk    
|uhtml|bestof|Game 3 of a best-of-3
|t:|1786104140
|gametype|doubles
|player|p1|Ssamuuelll|169|1227
|player|p2|MetaphorCrazyMonk|1|1325
|gen|9
|tier|[Gen 9 Champions] VGC 2026 Reg M-B (Bo3)
|rated|
|rule|Species Clause: Limit one of each PokÃ©mon
|rule|Item Clause: Limit 1 of each item
|clearpoke
|poke|p1|Staraptor, L50, F|
|poke|p1|Maushold-Four, L50|
|poke|p1|Sinistcha-Masterpiece, L50|
|poke|p1|Gholdengo, L50|
|poke|p1|Tyranitar, L50, M|
|poke|p1|Excadrill, L50, F|
|poke|p2|Starmie, L50, shiny|
|poke|p2|Blaziken, L50, M|
|poke|p2|Kingambit, L50, M|
|poke|p2|Garchomp, L50, F|
|poke|p2|Sylveon, L50, F|
|poke|p2|Farigiraf, L50, M|
|teampreview|4
|showteam|p1|Staraptor||Staraptite|Intimidate|CloseCombat,BraveBird,Tailwind,Protect|Jolly||F|||50|]Maushold-Four||ChopleBerry|FriendGuard|Charm,FollowMe,SuperFang,Protect|Timid|||||50|]Sinistcha-Masterpiece||SitrusBerry|Hospitality|MatchaGotcha,TrickRoom,RagePowder,Protect|Bold|||||50|]Gholdengo||LifeOrb|GoodasGold|MakeItRain,ShadowBall,NastyPlot,Protect|Modest|||||50|]Tyranitar||ChoiceScarf|SandStream|RockSlide,KnockOff,IcePunch,LowKick|Jolly||M|||50|]Excadrill||FocusSash|SandRush|HighHorsepower,IronHead,RockSlide,Protect|Adamant||F|||50|
|showteam|p2|Starmie||Starminite|Illuminate|Liquidation,ZenHeadbutt,IceSpinner,Protect|Jolly|||||50|]Blaziken||FocusSash|SpeedBoost|Overheat,AuraSphere,Coaching,Protect|Timid||M|||50|]Kingambit||ChopleBerry|Defiant|KowtowCleave,IronHead,SuckerPunch,Protect|Adamant||M|||50|]Garchomp||LifeOrb|RoughSkin|DragonClaw,StompingTantrum,RockSlide,Protect|Jolly||F|||50|]Sylveon||FairyFeather|Pixilate|HyperVoice,HyperBeam,Yawn,Detect|Modest||F|||50|]Farigiraf||SitrusBerry|ArmorTail|TwinBeam,Roar,TrickRoom,HelpingHand|Bold||M|||50|
|j| rovesciaporci
|j| goldaniga
|
|t:|1786104183
|teamsize|p1|4
|teamsize|p2|4
|start
|switch|p1a: Excadrill|Excadrill, L50, F|100/100
|switch|p1b: Tyranitar|Tyranitar, L50, M|100/100
|switch|p2a: Starmie|Starmie, L50, shiny|100/100
|switch|p2b: Garchomp|Garchomp, L50, F|100/100
|-weather|Sandstorm|[from] ability: Sand Stream|[of] p1b: Tyranitar
|turn|1
|
|t:|1786104222
|switch|p1b: Staraptor|Staraptor, L50, F|100/100
|-ability|p1b: Staraptor|Intimidate|boost
|-unboost|p2a: Starmie|atk|1
|-unboost|p2b: Garchomp|atk|1
|detailschange|p2a: Starmie|Starmie-Mega, L50, shiny
|-mega|p2a: Starmie|Starmie|Starminite
|move|p1a: Excadrill|High Horsepower|p2a: Starmie
|-damage|p2a: Starmie|32/100
|move|p2a: Starmie|Liquidation|p1b: Staraptor
|-damage|p1b: Staraptor|37/100
|-unboost|p1b: Staraptor|def|1
|move|p2b: Garchomp|Stomping Tantrum|p1a: Excadrill
|-supereffective|p1a: Excadrill|1
|-enditem|p1a: Excadrill|Focus Sash
|-damage|p1a: Excadrill|1/100
|-damage|p2b: Garchomp|90/100|[from] item: Life Orb
|
|-weather|Sandstorm|[upkeep]
|-damage|p2a: Starmie|26/100|[from] Sandstorm
|-damage|p1b: Staraptor|31/100|[from] Sandstorm
|upkeep
|turn|2
|
|t:|1786104282
|detailschange|p1b: Staraptor|Staraptor-Mega, L50, F
|-mega|p1b: Staraptor|Staraptor|Staraptite
|move|p1a: Excadrill|High Horsepower|p2a: Starmie
|-damage|p2a: Starmie|0 fnt
|faint|p2a: Starmie
|move|p1b: Staraptor|Close Combat|p2b: Garchomp
|-damage|p2b: Garchomp|35/100
|-boost|p1b: Staraptor|def|1
|-boost|p1b: Staraptor|spd|1
|-damage|p1b: Staraptor|19/100|[from] ability: Rough Skin|[of] p2b: Garchomp
|move|p2b: Garchomp|Rock Slide|p1a: Excadrill|[spread] p1a
|-miss|p2b: Garchomp|p1b: Staraptor
|-resisted|p1a: Excadrill|2
|-damage|p1a: Excadrill|0 fnt
|faint|p1a: Excadrill
|-damage|p2b: Garchomp|25/100|[from] item: Life Orb
|
|-weather|Sandstorm|[upkeep]
|-damage|p1b: Staraptor|13/100|[from] Sandstorm
|upkeep
|c| rovesciaporci|ottimo
|
|t:|1786104308
|switch|p2a: Sylveon|Sylveon, L50, F|100/100
|switch|p1a: Maushold|Maushold-Four, L50|100/100
|turn|3
|c|â˜†MetaphorCrazyMonk|dio maiale
|
|t:|1786104329
|move|p1a: Maushold|Charm|p1b: Staraptor
|-boost|p1b: Staraptor|atk|2
|move|p1b: Staraptor|Brave Bird|p2a: Sylveon
|-damage|p2a: Sylveon|0 fnt
|faint|p2a: Sylveon
|-damage|p1b: Staraptor|0 fnt|[from] Recoil
|faint|p1b: Staraptor
|move|p2b: Garchomp|Dragon Claw|p1a: Maushold
|-damage|p1a: Maushold|48/100
|-damage|p2b: Garchomp|15/100|[from] item: Life Orb
|
|-weather|Sandstorm|[upkeep]
|-damage|p1a: Maushold|41/100|[from] Sandstorm
|upkeep
|
|t:|1786104345
|switch|p1b: Tyranitar|Tyranitar, L50, M|100/100
|switch|p2a: Blaziken|Blaziken, L50, M|100/100
|turn|4
|
|t:|1786104368
|move|p2b: Garchomp|Protect|p2b: Garchomp
|-singleturn|p2b: Garchomp|Protect
|move|p2a: Blaziken|Protect|p2a: Blaziken
|-singleturn|p2a: Blaziken|Protect
|move|p1b: Tyranitar|Rock Slide|p2b: Garchomp|[spread] 
|-activate|p2a: Blaziken|move: Protect
|-activate|p2b: Garchomp|move: Protect
|move|p1a: Maushold|Super Fang|p2a: Blaziken
|-activate|p2a: Blaziken|move: Protect
|
|-weather|Sandstorm|[upkeep]
|-damage|p1a: Maushold|35/100|[from] Sandstorm
|-damage|p2a: Blaziken|94/100|[from] Sandstorm
|-ability|p2a: Blaziken|Speed Boost|boost
|-boost|p2a: Blaziken|spe|1
|upkeep
|turn|5
|
|t:|1786104387
|move|p1a: Maushold|Follow Me|p1a: Maushold
|-singleturn|p1a: Maushold|move: Follow Me
|move|p2a: Blaziken|Aura Sphere|p1a: Maushold
|-supereffective|p1a: Maushold|1
|-enditem|p1a: Maushold|Chople Berry|[eat]
|-enditem|p1a: Maushold|Chople Berry|[weaken]
|-damage|p1a: Maushold|0 fnt
|faint|p1a: Maushold
|move|p1b: Tyranitar|Rock Slide|p2a: Blaziken|[spread] p2a,p2b
|-resisted|p2b: Garchomp|1
|-damage|p2a: Blaziken|51/100
|-damage|p2b: Garchomp|0 fnt
|faint|p2b: Garchomp
|
|-weather|none
|-ability|p2a: Blaziken|Speed Boost|boost
|-boost|p2a: Blaziken|spe|1
|upkeep
|turn|6
|c| rovesciaporci|se non lo shotti cestino eh
|c|â˜†MetaphorCrazyMonk|il pollo ne esce vincitore
|
|t:|1786104414
|move|p2a: Blaziken|Aura Sphere|p1b: Tyranitar
|-supereffective|p1b: Tyranitar|2
|-crit|p1b: Tyranitar
|-damage|p1b: Tyranitar|0 fnt
|faint|p1b: Tyranitar
|
|win|MetaphorCrazyMonk
|raw|Ssamuuelll's rating: 1227 → 1209(-18 for losing)
|raw|MetaphorCrazyMonk's rating: 1325 → 1340(+15 for winning)
|l| rovesciaporci
