|j|☆JayoticNL
|j|☆BlueLockVI
|html|JayoticNLBlueLockVI    
|uhtml|bestof|Game 3 of a best-of-3
|t:|1754512269
|gametype|doubles
|player|p1|JayoticNL|266|1288
|player|p2|BlueLockVI|alder|1228
|gen|9
|tier|[Gen 9] VGC 2025 Reg H (Bo3)
|rated|
|rule|Species Clause: Limit one of each Pokémon
|rule|Item Clause: Limit 1 of each item
|clearpoke
|poke|p1|Tyranitar, L50, F|
|poke|p1|Excadrill, L50, F|
|poke|p1|Sneasler, L50, M|
|poke|p1|Indeedee, L50, M|
|poke|p1|Dondozo, L50, M|
|poke|p1|Tatsugiri, L50, F|
|poke|p2|Tyranitar, L50, F|
|poke|p2|Kommo-o, L50, F|
|poke|p2|Rillaboom, L50, M|
|poke|p2|Volcarona, L50, F|
|poke|p2|Whimsicott, L50, F|
|poke|p2|Clefable, L50, M|
|teampreview|4
|showteam|p1|Tyranitar||AssaultVest|SandStream|RockSlide,KnockOff,LowKick,TeraBlast|||F|||50|,,,,,Flying]Excadrill||ClearAmulet|SandRush|HighHorsepower,IronHead,Earthquake,Protect|||F|||50|,,,,,Ground]Sneasler||PsychicSeed|Unburden|DireClaw,CloseCombat,ThroatChop,Protect|||M|||50|,,,,,Stellar]Indeedee||FocusSash|PsychicSurge|ExpandingForce,TeraBlast,TrickRoom,Imprison|||M|||50|,,,,,Fighting]Dondozo||Leftovers|Unaware|WaveCrash,OrderUp,Earthquake,Protect|||M|||50|,,,,,Grass]Tatsugiri||AbilityShield|Commander|MuddyWater,DracoMeteor,Taunt,Protect|||F|||50|,,,,,Ghost
|showteam|p2|Tyranitar||AssaultVest|SandStream|KnockOff,RockSlide,LowKick,TeraBlast|||F|||50|,,,,,Flying]Kommo-o||ChoiceSpecs|Overcoat|DracoMeteor,ClangingScales,Flamethrower,AuraSphere|||F|||50|,,,,,Fire]Rillaboom||MiracleSeed|GrassySurge|FakeOut,Protect,GrassyGlide,WoodHammer|||M|||50|,,,,,Grass]Volcarona||LumBerry|FlameBody|Flamethrower,GigaDrain,QuiverDance,Protect|||F|||50|,,,,,Dragon]Whimsicott||CovertCloak|Prankster|Tailwind,Moonblast,Encore,FakeTears|||F|||50|,,,,,Fire]Clefable||SitrusBerry|Unaware|Protect,FollowMe,LifeDew,Moonblast|||M|||50|,,,,,Water
|inactive|Battle timer is ON: inactive players will automatically lose when time's up. (requested by BlueLockVI)
|
|t:|1754512293
|teamsize|p1|4
|teamsize|p2|4
|start
|switch|p1a: Tyranitar|Tyranitar, L50, F|100/100
|switch|p1b: Excadrill|Excadrill, L50, F|100/100
|switch|p2a: Whimsicott|Whimsicott, L50, F|100/100
|switch|p2b: Kommo-o|Kommo-o, L50, F|100/100
|-weather|Sandstorm|[from] ability: Sand Stream|[of] p1a: Tyranitar
|turn|1
|
|t:|1754512311
|move|p2a: Whimsicott|Tailwind|p2a: Whimsicott
|-sidestart|p2: BlueLockVI|move: Tailwind
|move|p1b: Excadrill|Iron Head|p2a: Whimsicott
|-supereffective|p2a: Whimsicott
|-damage|p2a: Whimsicott|0 fnt
|faint|p2a: Whimsicott
|move|p2b: Kommo-o|Aura Sphere|p1b: Excadrill
|-supereffective|p1b: Excadrill
|-damage|p1b: Excadrill|0 fnt
|faint|p1b: Excadrill
|move|p1a: Tyranitar|Rock Slide|p2b: Kommo-o
|-resisted|p2b: Kommo-o
|-damage|p2b: Kommo-o|79/100
|
|-weather|Sandstorm|[upkeep]
|upkeep
|
|t:|1754512324
|switch|p2a: Tyranitar|Tyranitar, L50, F|100/100
|switch|p1b: Dondozo|Dondozo, L50, M|100/100
|turn|2
|
|t:|1754512342
|switch|p2b: Rillaboom|Rillaboom, L50, M, shiny|100/100
|-fieldstart|move: Grassy Terrain|[from] ability: Grassy Surge|[of] p2b: Rillaboom
|move|p1b: Dondozo|Protect|p1b: Dondozo
|-singleturn|p1b: Dondozo|Protect
|move|p2a: Tyranitar|Knock Off|p1b: Dondozo
|-activate|p1b: Dondozo|move: Protect
|move|p1a: Tyranitar|Low Kick|p2a: Tyranitar
|-supereffective|p2a: Tyranitar
|-damage|p2a: Tyranitar|0 fnt
|faint|p2a: Tyranitar
|
|-weather|Sandstorm|[upkeep]
|-damage|p2b: Rillaboom|95/100|[from] Sandstorm
|-damage|p1b: Dondozo|94/100|[from] Sandstorm
|-heal|p2b: Rillaboom|100/100|[from] Grassy Terrain
|-heal|p1b: Dondozo|100/100|[from] Grassy Terrain
|upkeep
|
|t:|1754512348
|switch|p2a: Kommo-o|Kommo-o, L50, F|79/100
|turn|3
|
|t:|1754512363
|switch|p1a: Tatsugiri|Tatsugiri, L50, F|100/100
|-activate|p1a: Tatsugiri|ability: Commander|[of] p1b: Dondozo
|-boost|p1b: Dondozo|atk|2
|-boost|p1b: Dondozo|spa|2
|-boost|p1b: Dondozo|spe|2
|-boost|p1b: Dondozo|def|2
|-boost|p1b: Dondozo|spd|2
|-terastallize|p1b: Dondozo|Grass
|move|p2b: Rillaboom|Fake Out|p1b: Dondozo
|-damage|p1b: Dondozo|95/100
|move|p2a: Kommo-o|Aura Sphere|p1a: Tatsugiri|[miss]
|-miss|p2a: Kommo-o|p1a: Tatsugiri
|cant|p1b: Dondozo|flinch
|
|-weather|Sandstorm|[upkeep]
|-damage|p2b: Rillaboom|95/100|[from] Sandstorm
|-damage|p1b: Dondozo|88/100|[from] Sandstorm
|-damage|p1a: Tatsugiri|94/100|[from] Sandstorm
|-heal|p2a: Kommo-o|85/100|[from] Grassy Terrain
|-heal|p2b: Rillaboom|100/100|[from] Grassy Terrain
|-heal|p1b: Dondozo|95/100|[from] Grassy Terrain
|-heal|p1b: Dondozo|100/100|[from] item: Leftovers
|-heal|p1a: Tatsugiri|100/100|[from] Grassy Terrain
|upkeep
|turn|4
|
|t:|1754512378
|-terastallize|p2b: Rillaboom|Grass
|move|p1b: Dondozo|Protect|p1b: Dondozo
|-singleturn|p1b: Dondozo|Protect
|move|p2a: Kommo-o|Aura Sphere|p1b: Dondozo
|-activate|p1b: Dondozo|move: Protect
|move|p2b: Rillaboom|Wood Hammer|p1b: Dondozo
|-activate|p1b: Dondozo|move: Protect
|
|-weather|Sandstorm|[upkeep]
|-damage|p2b: Rillaboom|95/100|[from] Sandstorm
|-damage|p1b: Dondozo|94/100|[from] Sandstorm
|-damage|p1a: Tatsugiri|94/100|[from] Sandstorm
|-heal|p2a: Kommo-o|91/100|[from] Grassy Terrain
|-heal|p2b: Rillaboom|100/100|[from] Grassy Terrain
|-heal|p1b: Dondozo|100/100|[from] Grassy Terrain
|-heal|p1a: Tatsugiri|100/100|[from] Grassy Terrain
|-sideend|p2: BlueLockVI|move: Tailwind
|upkeep
|turn|5
|
|t:|1754512383
|move|p1b: Dondozo|Order Up|p2a: Kommo-o
|-supereffective|p2a: Kommo-o
|-damage|p2a: Kommo-o|0 fnt
|faint|p2a: Kommo-o
|-boost|p1b: Dondozo|atk|1
|move|p2b: Rillaboom|Wood Hammer|p1b: Dondozo
|-resisted|p1b: Dondozo
|-damage|p1b: Dondozo|75/100
|-damage|p2b: Rillaboom|91/100|[from] Recoil
|
|-weather|none
|-heal|p1b: Dondozo|81/100|[from] Grassy Terrain
|-heal|p1b: Dondozo|88/100|[from] item: Leftovers
|-heal|p2b: Rillaboom|97/100|[from] Grassy Terrain
|upkeep
|turn|6
|
|t:|1754512390
|move|p1b: Dondozo|Order Up|p2b: Rillaboom
|-damage|p2b: Rillaboom|37/100
|-boost|p1b: Dondozo|atk|1
|move|p2b: Rillaboom|Wood Hammer|p1b: Dondozo
|-resisted|p1b: Dondozo
|-damage|p1b: Dondozo|63/100
|-damage|p2b: Rillaboom|28/100|[from] Recoil
|
|-heal|p1b: Dondozo|69/100|[from] Grassy Terrain
|-heal|p1b: Dondozo|75/100|[from] item: Leftovers
|-heal|p2b: Rillaboom|34/100|[from] Grassy Terrain
|-fieldend|move: Grassy Terrain
|upkeep
|turn|7
|
|t:|1754512394
|move|p1b: Dondozo|Order Up|p2b: Rillaboom
|-damage|p2b: Rillaboom|0 fnt
|faint|p2b: Rillaboom
|
|win|JayoticNL
|raw|JayoticNL's rating: 1288 → 1309(+21 for winning)
|raw|BlueLockVI's rating: 1228 → 1207(-21 for losing)
