|j|☆lolgz
|j|☆elitejspin
|html|lolgzelitejspin    
|uhtml|bestof|Game 1 of a best-of-3
|t:|1784083879
|gametype|doubles
|player|p1|lolgz|dawn|1144
|player|p2|elitejspin|lucas|1065
|gen|9
|tier|[Gen 9 Champions] VGC 2026 Reg M-B (Bo3)
|rated|
|rule|Species Clause: Limit one of each Pokémon
|rule|Item Clause: Limit 1 of each item
|clearpoke
|poke|p1|Delphox, L50, F|
|poke|p1|Incineroar, L50, F|
|poke|p1|Vivillon, L50, M|
|poke|p1|Sinistcha, L50|
|poke|p1|Blastoise, L50, F|
|poke|p1|Maushold, L50|
|poke|p2|Aggron, L50, M|
|poke|p2|Sinistcha, L50|
|poke|p2|Pelipper, L50, M|
|poke|p2|Primarina, L50, F|
|poke|p2|Archaludon, L50, M|
|poke|p2|Dragapult, L50, M|
|teampreview|4
|showteam|p1|Delphox||Delphoxite|Blaze|HeatWave,Psychic,NastyPlot,Protect|Timid||F|||50|]Incineroar||SitrusBerry|Intimidate|FakeOut,PartingShot,FlareBlitz,ThroatChop|Impish||F|||50|]Vivillon||ChoiceScarf|CompoundEyes|SleepPowder,Hurricane,RagePowder,Tailwind|Timid||M|||50|]Sinistcha||CobaBerry|Hospitality|MatchaGotcha,RagePowder,Protect,TrickRoom|Bold|||||50|]Blastoise||Blastoisinite|RainDish|Protect,WaterSpout,DarkPulse,ShellSmash|Modest||F|||50|]Maushold||FocusSash|FriendGuard|FollowMe,Protect,SuperFang,HelpingHand|Jolly|||||50|
|showteam|p2|Aggron||Aggronite|Sturdy|IcePunch,BodyPress,Protect,ThunderPunch|Impish||M|||50|]Sinistcha||SitrusBerry|Hospitality|Scald,LifeDew,MatchaGotcha,ShadowBall|Bold|||||50|]Pelipper||SharpBeak|Drizzle|Tailwind,Protect,WeatherBall,WideGuard|Bold||M|||50|]Primarina||MysticWater|LiquidVoice|Protect,HyperVoice,EnergyBall,Moonblast|Modest||F|||50|]Archaludon||Leftovers|Stamina|ElectroShot,DarkPulse,Protect,DragonPulse|Timid||M|||50|]Dragapult||LifeOrb|ClearBody|LightScreen,DragonDarts,ShadowBall,Protect|Hasty||M|||50|
|inactive|Battle timer is ON: inactive players will automatically lose when time's up. (requested by lolgz)
|
|t:|1784083900
|teamsize|p1|4
|teamsize|p2|4
|start
|switch|p1a: Vivillon|Vivillon, L50, M|100/100
|switch|p1b: Blastoise|Blastoise, L50, F|100/100
|switch|p2a: Aggron|Aggron, L50, M|100/100
|switch|p2b: Dragapult|Dragapult, L50, M|100/100
|turn|1
|
|t:|1784083924
|detailschange|p1b: Blastoise|Blastoise-Mega, L50, F
|-mega|p1b: Blastoise|Blastoise|Blastoisinite
|detailschange|p2a: Aggron|Aggron-Mega, L50, M
|-mega|p2a: Aggron|Aggron|Aggronite
|move|p1a: Vivillon|Sleep Powder|p2a: Aggron
|-status|p2a: Aggron|slp|[from] move: Sleep Powder
|move|p2b: Dragapult|Light Screen|p2b: Dragapult
|-sidestart|p2: elitejspin|move: Light Screen
|move|p1b: Blastoise|Shell Smash|p1b: Blastoise
|-unboost|p1b: Blastoise|def|1
|-unboost|p1b: Blastoise|spd|1
|-boost|p1b: Blastoise|atk|2
|-boost|p1b: Blastoise|spa|2
|-boost|p1b: Blastoise|spe|2
|cant|p2a: Aggron|slp
|
|upkeep
|turn|2
|
|t:|1784083940
|switch|p2a: Sinistcha|Sinistcha, L50|100/100
|move|p2b: Dragapult|Protect|p2b: Dragapult
|-singleturn|p2b: Dragapult|Protect
|move|p1b: Blastoise|Water Spout|p2a: Sinistcha|[spread] p2a
|-activate|p2b: Dragapult|move: Protect
|-resisted|p2a: Sinistcha|1
|-damage|p2a: Sinistcha|47/100
|-enditem|p2a: Sinistcha|Sitrus Berry|[eat]
|-heal|p2a: Sinistcha|71/100|[from] item: Sitrus Berry
|move|p1a: Vivillon|Sleep Powder|p2b: Dragapult
|-activate|p2b: Dragapult|move: Protect
|
|upkeep
|turn|3
|
|t:|1784083953
|move|p1b: Blastoise|Dark Pulse|p2a: Sinistcha
|-supereffective|p2a: Sinistcha|1
|-damage|p2a: Sinistcha|0 fnt
|faint|p2a: Sinistcha
|move|p1a: Vivillon|Sleep Powder|p2b: Dragapult
|-status|p2b: Dragapult|slp|[from] move: Sleep Powder
|cant|p2b: Dragapult|slp
|
|upkeep
|
|t:|1784083959
|switch|p2a: Pelipper|Pelipper, L50, M|100/100
|-weather|RainDance|[from] ability: Drizzle|[of] p2a: Pelipper
|turn|4
|
|t:|1784083972
|move|p1b: Blastoise|Shell Smash|p1b: Blastoise
|-unboost|p1b: Blastoise|def|1
|-unboost|p1b: Blastoise|spd|1
|-boost|p1b: Blastoise|atk|2
|-boost|p1b: Blastoise|spa|2
|-boost|p1b: Blastoise|spe|2
|move|p1a: Vivillon|Sleep Powder|p2a: Pelipper
|-status|p2a: Pelipper|slp|[from] move: Sleep Powder
|-curestatus|p2b: Dragapult|slp|[msg]
|move|p2b: Dragapult|Dragon Darts|p1a: Vivillon
|-damage|p1a: Vivillon|47/100
|-anim|p2b: Dragapult|Dragon Darts|p1b: Blastoise
|-damage|p1b: Blastoise|43/100
|-damage|p2b: Dragapult|90/100|[from] item: Life Orb
|cant|p2a: Pelipper|slp
|
|-weather|RainDance|[upkeep]
|upkeep
|turn|5
|
|t:|1784083984
|move|p1b: Blastoise|Dark Pulse|p2b: Dragapult
|-supereffective|p2b: Dragapult|1
|-damage|p2b: Dragapult|0 fnt
|faint|p2b: Dragapult
|move|p1a: Vivillon|Sleep Powder|p2a: Pelipper
|-fail|p2a: Pelipper|slp
|cant|p2a: Pelipper|slp
|
|-weather|RainDance|[upkeep]
|-sideend|p2: elitejspin|move: Light Screen
|upkeep
|
|t:|1784083986
|switch|p2b: Aggron|Aggron-Mega, L50, M|100/100 slp
|turn|6
|
|t:|1784083997
|switch|p1a: Incineroar|Incineroar, L50, F|100/100
|-ability|p1a: Incineroar|Intimidate|boost
|-unboost|p2a: Pelipper|atk|1
|-unboost|p2b: Aggron|atk|1
|move|p1b: Blastoise|Dark Pulse|p2a: Pelipper
|-damage|p2a: Pelipper|0 fnt
|faint|p2a: Pelipper
|cant|p2b: Aggron|slp
|
|-weather|RainDance|[upkeep]
|upkeep
|turn|7
|
|t:|1784084010
|move|p1a: Incineroar|Fake Out|p2b: Aggron
|-resisted|p2b: Aggron|1
|-damage|p2b: Aggron|97/100 slp
|move|p1b: Blastoise|Dark Pulse|p2b: Aggron
|-damage|p2b: Aggron|0 fnt
|faint|p2b: Aggron
|
|win|lolgz
