|j|☆Joker113
|j|☆Gentlefish
|html|Joker113Gentlefish    
|uhtml|bestof|Game 3 of a best-of-3
|t:|1756842170
|gametype|doubles
|player|p1|Joker113|102|1042
|player|p2|Gentlefish|burglar-gen1rb|1094
|gen|9
|tier|[Gen 9] VGC 2025 Reg H (Bo3)
|rated|
|rule|Species Clause: Limit one of each Pokémon
|rule|Item Clause: Limit 1 of each item
|clearpoke
|poke|p1|Gliscor, L50, M|
|poke|p1|Amoonguss, L50, F|
|poke|p1|Palafin, L50, F|
|poke|p1|Dragonite, L50, M|
|poke|p1|Incineroar, L50, F|
|poke|p1|Ursaluna-Bloodmoon, L50, M|
|poke|p2|Garchomp, L50, F|
|poke|p2|Weezing-Galar, L50, F|
|poke|p2|Archaludon, L50, M|
|poke|p2|Gholdengo, L50|
|poke|p2|Talonflame, L50, M|
|poke|p2|Annihilape, L50, M|
|teampreview|4
|showteam|p1|Gliscor||ToxicOrb|PoisonHeal|Toxic,Protect,KnockOff,RockSlide|||M|||50|,,,,,Water]Amoonguss||SitrusBerry|Regenerator|SludgeBomb,RagePowder,Spore,Protect|||F|||50|,,,,,Water]Palafin||FocusSash|ZerotoHero|DrainPunch,Protect,WaveCrash,JetPunch|||F|||50|,,,,,Fighting]Dragonite||LifeOrb|InnerFocus|ExtremeSpeed,DragonDance,Protect,IceSpinner|||M|||50|,,,,,Normal]Incineroar||CovertCloak|Intimidate|FlareBlitz,FakeOut,WillOWisp,PartingShot|||F|||50|,,,,,Water]Ursaluna-Bloodmoon||AssaultVest|MindsEye|BloodMoon,EarthPower,HyperVoice,Moonblast|||M|||50|,,,,,Water
|showteam|p2|Garchomp||LifeOrb|RoughSkin|DragonClaw,Earthquake,StompingTantrum,Protect|||F|||50|,,,,,Ground]Weezing-Galar||FocusSash|NeutralizingGas|Protect,SludgeBomb,Taunt,StrangeSteam|||F|||50|,,,,,Flying]Archaludon||PowerHerb|Sturdy|ElectroShot,Thunderbolt,DracoMeteor,Protect|||M|||50|,,,,,Electric]Gholdengo||ChoiceSpecs|GoodasGold|ShadowBall,DazzlingGleam,PowerGem,MakeItRain||||||50|,,,,,Fairy]Talonflame||CovertCloak|GaleWings|Tailwind,DualWingbeat,Taunt,FlareBlitz|||M|||50|,,,,,Stellar]Annihilape||AssaultVest|Defiant|CloseCombat,RageFist,FinalGambit,IcePunch|||M|||50|,,,,,Grass
|inactive|Battle timer is ON: inactive players will automatically lose when time's up. (requested by Joker113)
|inactive|Gentlefish has 60 seconds left.
|l|☆Joker113
|inactive|Joker113 disconnected and has a minute to reconnect!
|player|p1|
|j|☆Joker113
|inactive|Joker113 reconnected.
|player|p1|Joker113|102|
|inactive|Gentlefish has 30 seconds left.
|inactive|Gentlefish has 20 seconds left.
|inactive|Gentlefish has 15 seconds left.
|inactive|Gentlefish has 10 seconds left.
|inactive|Gentlefish has 5 seconds left.
|
|t:|1756842284
|teamsize|p1|4
|teamsize|p2|4
|start
|switch|p1a: Amoonguss|Amoonguss, L50, F|100/100
|switch|p1b: Dragonite|Dragonite, L50, M|100/100
|switch|p2a: Annihilape|Annihilape, L50, M|100/100
|switch|p2b: Gholdengo|Gholdengo, L50|100/100
|turn|1
|inactive|Gentlefish has 30 seconds left.
|
|t:|1756842316
|switch|p1b: Gliscor|Gliscor, L50, M|100/100
|move|p2a: Annihilape|Ice Punch|p1b: Gliscor
|-supereffective|p1b: Gliscor
|-damage|p1b: Gliscor|41/100
|move|p2b: Gholdengo|Make It Rain|p1a: Amoonguss|[spread] p1a,p1b
|-damage|p1a: Amoonguss|45/100
|-damage|p1b: Gliscor|0 fnt
|-unboost|p2b: Gholdengo|spa|1
|-enditem|p1a: Amoonguss|Sitrus Berry|[eat]
|-heal|p1a: Amoonguss|70/100|[from] item: Sitrus Berry
|faint|p1b: Gliscor
|move|p1a: Amoonguss|Spore|p2a: Annihilape
|-status|p2a: Annihilape|slp|[from] move: Spore
|
|upkeep
|inactive|Joker113 has 30 seconds left.
|
|t:|1756842345
|switch|p1b: Palafin|Palafin, L50, F|100/100
|turn|2
|
|t:|1756842361
|switch|p2b: Weezing|Weezing-Galar, L50, F|100/100
|-ability|p2b: Weezing|Neutralizing Gas
|move|p1b: Palafin|Wave Crash|p2b: Weezing
|-damage|p2b: Weezing|54/100
|-damage|p1b: Palafin|88/100|[from] Recoil
|cant|p2a: Annihilape|slp
|move|p1a: Amoonguss|Sludge Bomb|p2a: Annihilape
|-resisted|p2a: Annihilape
|-damage|p2a: Annihilape|91/100 slp
|
|upkeep
|turn|3
|
|t:|1756842379
|move|p1a: Amoonguss|Rage Powder|p1a: Amoonguss
|-singleturn|p1a: Amoonguss|move: Rage Powder
|move|p1b: Palafin|Wave Crash|p2a: Annihilape
|-damage|p2a: Annihilape|45/100 slp
|-damage|p1b: Palafin|71/100|[from] Recoil
|cant|p2a: Annihilape|slp
|move|p2b: Weezing|Taunt|p1a: Amoonguss
|-start|p1a: Amoonguss|move: Taunt
|
|upkeep
|turn|4
|
|t:|1756842394
|-terastallize|p2a: Annihilape|Grass
|move|p2b: Weezing|Protect|p2b: Weezing
|-singleturn|p2b: Weezing|Protect
|move|p1b: Palafin|Wave Crash|p2a: Annihilape
|-resisted|p2a: Annihilape
|-damage|p2a: Annihilape|23/100 slp
|-damage|p1b: Palafin|63/100|[from] Recoil
|-curestatus|p2a: Annihilape|slp|[msg]
|move|p2a: Annihilape|Rage Fist|p1b: Palafin
|-damage|p1b: Palafin|0 fnt
|faint|p1b: Palafin
|move|p1a: Amoonguss|Sludge Bomb|p2b: Weezing
|-activate|p2b: Weezing|move: Protect
|
|upkeep
|
|t:|1756842401
|switch|p1b: Dragonite|Dragonite, L50, M|100/100
|turn|5
|inactive|Gentlefish has 30 seconds left.
|inactive|Gentlefish has 20 seconds left.
|
|t:|1756842438
|-terastallize|p1b: Dragonite|Normal
|move|p1b: Dragonite|Extreme Speed|p2a: Annihilape
|-damage|p2a: Annihilape|0 fnt
|faint|p2a: Annihilape
|-damage|p1b: Dragonite|91/100|[from] item: Life Orb
|move|p2b: Weezing|Taunt|p1b: Dragonite
|-start|p1b: Dragonite|move: Taunt
|move|p1a: Amoonguss|Sludge Bomb|p2b: Weezing
|-damage|p2b: Weezing|9/100
|
|upkeep
|
|t:|1756842446
|switch|p2a: Garchomp|Garchomp, L50, F|100/100
|turn|6
|
|t:|1756842452
|move|p2b: Weezing|Protect|p2b: Weezing
|-singleturn|p2b: Weezing|Protect
|move|p2a: Garchomp|Earthquake|p1a: Amoonguss|[spread] p1a,p1b
|-activate|p2b: Weezing|move: Protect
|-damage|p1a: Amoonguss|13/100
|-damage|p1b: Dragonite|34/100
|-damage|p2a: Garchomp|91/100|[from] item: Life Orb
|move|p1b: Dragonite|Ice Spinner|p2a: Garchomp
|-supereffective|p2a: Garchomp
|-damage|p2a: Garchomp|0 fnt
|faint|p2a: Garchomp
|-damage|p1b: Dragonite|25/100|[from] item: Life Orb
|move|p1a: Amoonguss|Sludge Bomb|p2b: Weezing
|-activate|p2b: Weezing|move: Protect
|
|-end|p1a: Amoonguss|move: Taunt
|upkeep
|
|t:|1756842461
|switch|p2a: Gholdengo|Gholdengo, L50|100/100
|turn|7
|inactive|Gentlefish has 30 seconds left.
|
|t:|1756842490
|move|p2b: Weezing|Protect||[still]
|-fail|p2b: Weezing
|move|p1b: Dragonite|Extreme Speed|p2b: Weezing
|-damage|p2b: Weezing|0 fnt
|faint|p2b: Weezing
|-end|p2b: Weezing|ability: Neutralizing Gas
|-damage|p1b: Dragonite|15/100|[from] item: Life Orb
|move|p2a: Gholdengo|Dazzling Gleam|p1b: Dragonite|[spread] p1a,p1b
|-resisted|p1a: Amoonguss
|-damage|p1a: Amoonguss|0 fnt
|-damage|p1b: Dragonite|0 fnt
|faint|p1a: Amoonguss
|faint|p1b: Dragonite
|
|win|Gentlefish
|raw|Joker113's rating: 1042 → 1028(-14 for losing)
|raw|Gentlefish's rating: 1094 → 1116(+22 for winning)
|l|☆Joker113
|player|p1|
