|j|☆entei enthusiast
|j|☆Shishio_Ax
|html|entei enthusiastShishio_Ax    
|uhtml|bestof|Game 2 of a best-of-3
|t:|1756572266
|gametype|doubles
|player|p1|entei enthusiast|265|1349
|player|p2|Shishio_Ax|gambler|1384
|gen|9
|tier|[Gen 9] VGC 2025 Reg H (Bo3)
|rated|
|rule|Species Clause: Limit one of each Pokémon
|rule|Item Clause: Limit 1 of each item
|clearpoke
|poke|p1|Gholdengo, L50|
|poke|p1|Sneasler, L50, M|
|poke|p1|Rillaboom, L50, M|
|poke|p1|Dragonite, L50, M|
|poke|p1|Ninetales-Alola, L50, F|
|poke|p1|Arcanine-Hisui, L50, M|
|poke|p2|Charizard, L50, M|
|poke|p2|Dragapult, L50, M|
|poke|p2|Sneasler, L50, F|
|poke|p2|Tsareena, L50, F|
|poke|p2|Ursaluna-Bloodmoon, L50, M|
|poke|p2|Whimsicott, L50, F|
|teampreview|4
|showteam|p1|Gholdengo||GrassySeed|GoodasGold|NastyPlot,MakeItRain,ShadowBall,Protect||||||50|,,,,,Water]Sneasler||WhiteHerb|Unburden|CloseCombat,DireClaw,Coaching,Protect|||M|||50|,,,,,Ghost]Rillaboom||AssaultVest|GrassySurge|FakeOut,GrassyGlide,DrumBeating,HighHorsepower|||M|||50|,,,,,Fire]Dragonite||LoadedDice|Multiscale|ScaleShot,StompingTantrum,Tailwind,Protect|||M|||50|,,,,,Ground]Ninetales-Alola||FocusSash|SnowWarning|Blizzard,IcyWind,Encore,AuroraVeil|||F|||50|,,,,,Ghost]Arcanine-Hisui||ClearAmulet|Intimidate|RockSlide,FlareBlitz,ExtremeSpeed,Protect|||M|||50|,,,,,Water
|showteam|p2|Charizard||ChoiceSpecs|SolarPower|HeatWave,Overheat,WeatherBall,SolarBeam|||M|||50|,,,,,Ghost]Dragapult||ChoiceBand|ClearBody|DragonDarts,Outrage,PhantomForce,Uturn|||M|||50|,,,,,Dragon]Sneasler||FocusSash|Unburden|DireClaw,CloseCombat,ThroatChop,Protect|||F|||50|,,,,,Dark]Tsareena||WideLens|QueenlyMajesty|PowerWhip,TripleAxel,HelpingHand,Protect|||F|||50|,,,,,Ice]Ursaluna-Bloodmoon||LifeOrb|MindsEye|BloodMoon,HyperVoice,EarthPower,Protect|||M|||50|,,,,,Normal]Whimsicott||CovertCloak|Prankster|Moonblast,Tailwind,Encore,SunnyDay|||F|||50|,,,,,Poison
|inactive|Battle timer is ON: inactive players will automatically lose when time's up. (requested by Shishio_Ax)
|inactive|Shishio_Ax has 60 seconds left.
|inactive|Shishio_Ax has 30 seconds left.
|
|t:|1756572343
|teamsize|p1|4
|teamsize|p2|4
|start
|switch|p1a: Dragonite|Dragonite, L50, M|100/100
|switch|p1b: Ninetales|Ninetales-Alola, L50, F|100/100
|switch|p2a: Rudra|Dragapult, L50, M|100/100
|switch|p2b: Mary|Whimsicott, L50, F|100/100
|-weather|Snowscape|[from] ability: Snow Warning|[of] p1b: Ninetales
|turn|1
|
|t:|1756572355
|-terastallize|p1a: Dragonite|Ground
|move|p2b: Mary|Sunny Day|p2b: Mary
|-weather|SunnyDay
|move|p2a: Rudra|U-turn|p1b: Ninetales
|-resisted|p1b: Ninetales
|-damage|p1b: Ninetales|74/100
|
|t:|1756572359
|switch|p2a: Shāhmat|Ursaluna-Bloodmoon, L50, M|100/100|[from] U-turn
|move|p1b: Ninetales|Blizzard|p2b: Mary|[spread] p2a,p2b
|-supereffective|p2a: Shāhmat
|-supereffective|p2b: Mary
|-damage|p2a: Shāhmat|27/100
|-damage|p2b: Mary|13/100
|move|p1a: Dragonite|Tailwind|p1a: Dragonite
|-sidestart|p1: entei enthusiast|move: Tailwind
|
|-weather|SunnyDay|[upkeep]
|upkeep
|turn|2
|
|t:|1756572382
|switch|p1a: Arcanine|Arcanine-Hisui, L50, M, shiny|100/100
|-ability|p1a: Arcanine|Intimidate|boost
|-unboost|p2a: Shāhmat|atk|1
|-unboost|p2b: Mary|atk|1
|move|p2a: Shāhmat|Protect|p2a: Shāhmat
|-singleturn|p2a: Shāhmat|Protect
|move|p2b: Mary|Tailwind|p2b: Mary
|-sidestart|p2: Shishio_Ax|move: Tailwind
|move|p1b: Ninetales|Icy Wind|p2b: Mary|[spread] p2b
|-activate|p2a: Shāhmat|move: Protect
|-supereffective|p2b: Mary
|-damage|p2b: Mary|0 fnt
|faint|p2b: Mary
|
|-weather|SunnyDay|[upkeep]
|upkeep
|
|t:|1756572388
|switch|p2b: Rudra|Dragapult, L50, M|100/100
|turn|3
|inactive|entei enthusiast has 30 seconds left.
|
|t:|1756572414
|-terastallize|p2b: Rudra|Dragon
|move|p1a: Arcanine|Protect|p1a: Arcanine
|-singleturn|p1a: Arcanine|Protect
|move|p2b: Rudra|Dragon Darts|p1a: Arcanine
|-immune|p1b: Ninetales
|move|p1b: Ninetales|Icy Wind|p2a: Shāhmat|[spread] p2b
|-miss|p1b: Ninetales|p2a: Shāhmat
|-supereffective|p2b: Rudra
|-damage|p2b: Rudra|59/100
|move|p2a: Shāhmat|Blood Moon|p1b: Ninetales
|-damage|p1b: Ninetales|0 fnt
|faint|p1b: Ninetales
|-damage|p2a: Shāhmat|18/100|[from] item: Life Orb
|
|-weather|SunnyDay|[upkeep]
|upkeep
|
|t:|1756572426
|switch|p1b: Dragonite|Dragonite, L50, M, tera:Ground|100/100
|turn|4
|
|t:|1756572436
|move|p2a: Shāhmat|Protect|p2a: Shāhmat
|-singleturn|p2a: Shāhmat|Protect
|move|p2b: Rudra|Dragon Darts|p1a: Arcanine
|-damage|p1a: Arcanine|33/100
|-anim|p2b: Rudra|Dragon Darts|p1b: Dragonite
|-damage|p1b: Dragonite|72/100
|move|p1a: Arcanine|Flare Blitz|p2a: Shāhmat
|-activate|p2a: Shāhmat|move: Protect
|move|p1b: Dragonite|Scale Shot|p2b: Rudra
|-supereffective|p2b: Rudra
|-damage|p2b: Rudra|21/100
|-supereffective|p2b: Rudra
|-damage|p2b: Rudra|0 fnt
|faint|p2b: Rudra
|-hitcount|p2: Rudra|2
|-unboost|p1b: Dragonite|def|1
|-boost|p1b: Dragonite|spe|1
|
|-weather|SunnyDay|[upkeep]
|-sideend|p1: entei enthusiast|move: Tailwind
|upkeep
|
|t:|1756572440
|switch|p2b: D'oro|Sneasler, L50, F|100/100
|turn|5
|
|t:|1756572450
|move|p1b: Dragonite|Protect|p1b: Dragonite
|-singleturn|p1b: Dragonite|Protect
|move|p1a: Arcanine|Protect|p1a: Arcanine
|-singleturn|p1a: Arcanine|Protect
|move|p2b: D'oro|Dire Claw|p1b: Dragonite
|-activate|p1b: Dragonite|move: Protect
|move|p2a: Shāhmat|Earth Power|p1a: Arcanine
|-activate|p1a: Arcanine|move: Protect
|
|-weather|none
|-sideend|p2: Shishio_Ax|move: Tailwind
|upkeep
|turn|6
|-message|Shishio_Ax forfeited.
|raw|entei enthusiast's rating: 1349 → 1371(+22 for winning)
|raw|Shishio_Ax's rating: 1384 → 1362(-22 for losing)
|
|win|entei enthusiast
|l|☆Shishio_Ax
|player|p2|
