|j|☆saboyita
|j|☆marcosdeltasena31
|html|saboyitamarcosdeltasena31    
|uhtml|bestof|Game 1 of a best-of-3
|t:|1756764404
|gametype|doubles
|player|p1|saboyita|grimsley|1166
|player|p2|marcosdeltasena31|hilbert|1332
|gen|9
|tier|[Gen 9] VGC 2025 Reg H (Bo3)
|rated|
|rule|Species Clause: Limit one of each Pokémon
|rule|Item Clause: Limit 1 of each item
|clearpoke
|poke|p1|Amoonguss, L50, F|
|poke|p1|Hydreigon, L50, M|
|poke|p1|Whimsicott, L50, F|
|poke|p1|Maushold-Four, L50|
|poke|p1|Annihilape, L50, M|
|poke|p1|Ursaluna-Bloodmoon, L50, M|
|poke|p2|Dragonite, L50, F|
|poke|p2|Sneasler, L50, F|
|poke|p2|Volcarona, L50, F|
|poke|p2|Rillaboom, L50, M|
|poke|p2|Kingambit, L50, F|
|poke|p2|Electabuzz, L50, F|
|teampreview|4
|showteam|p1|Amoonguss||MentalHerb|Regenerator|ClearSmog,Spore,RagePowder,Protect|||F|||50|,,,,,Water]Hydreigon||ChoiceSpecs|Levitate|Snarl,HeatWave,DarkPulse,DracoMeteor|||M|||50|,,,,,Ghost]Whimsicott||CovertCloak|Prankster|BeatUp,Encore,HelpingHand,Tailwind|||F|||50|,,,,,Dark]Maushold-Four||WideLens|Technician|PopulationBomb,Taunt,FollowMe,Protect||||||50|,,,,,Ghost]Annihilape||Leftovers|Defiant|RageFist,CloseCombat,FinalGambit,Protect|||M|||50|,,,,,Fire]Ursaluna-Bloodmoon||LifeOrb|MindsEye|HyperVoice,EarthPower,BloodMoon,Protect|||M|||50|,,,,,Water
|showteam|p2|Dragonite||LoadedDice|Multiscale|ScaleShot,ExtremeSpeed,Haze,Protect|||F|||50|,,,,,Fairy]Sneasler||FocusSash|PoisonTouch|DireClaw,CloseCombat,FakeOut,Coaching|||F|||50|,,,,,Ghost]Volcarona||CovertCloak|FlameBody|HeatWave,TeraBlast,QuiverDance,Protect|||F|||50|,,,,,Fairy]Rillaboom||AssaultVest|GrassySurge|WoodHammer,FakeOut,GrassyGlide,HighHorsepower|||M|||50|,,,,,Fire]Kingambit||BlackGlasses|Defiant|KowtowCleave,SwordsDance,SuckerPunch,Protect|||F|||50|,,,,,Dark]Electabuzz||Eviolite|VitalSpirit|Electroweb,FollowMe,Taunt,Protect|||F|||50|,,,,,Ghost
|inactive|Battle timer is ON: inactive players will automatically lose when time's up. (requested by saboyita)
|inactive|saboyita has 60 seconds left.
|inactive|marcosdeltasena31 has 60 seconds left.
|inactive|saboyita has 30 seconds left.
|inactive|saboyita has 20 seconds left.
|inactive|saboyita has 15 seconds left.
|inactive|saboyita has 10 seconds left.
|
|t:|1756764487
|teamsize|p1|4
|teamsize|p2|4
|start
|switch|p1a: Whimsicott|Whimsicott, L50, F|100/100
|switch|p1b: Maushold|Maushold-Four, L50|100/100
|switch|p2a: Dragonite|Dragonite, L50, F|100/100
|switch|p2b: Electabuzz|Electabuzz, L50, F|100/100
|turn|1
|inactive|saboyita has 30 seconds left.
|
|t:|1756764518
|-terastallize|p2b: Electabuzz|Ghost
|move|p1a: Whimsicott|Helping Hand|p1b: Maushold
|-singleturn|p1b: Maushold|Helping Hand|[of] p1a: Whimsicott
|move|p2b: Electabuzz|Follow Me|p2b: Electabuzz
|-singleturn|p2b: Electabuzz|move: Follow Me
|move|p1b: Maushold|Population Bomb|p2b: Electabuzz
|-immune|p2b: Electabuzz
|move|p2a: Dragonite|Scale Shot|p1b: Maushold
|-damage|p1b: Maushold|78/100
|-damage|p1b: Maushold|56/100
|-damage|p1b: Maushold|32/100
|-damage|p1b: Maushold|7/100
|-hitcount|p1b: Maushold|4
|-unboost|p2a: Dragonite|def|1
|-boost|p2a: Dragonite|spe|1
|
|upkeep
|turn|2
|
|t:|1756764532
|switch|p1b: Annihilape|Annihilape, L50, M|100/100
|move|p2b: Electabuzz|Follow Me|p2b: Electabuzz
|-singleturn|p2b: Electabuzz|move: Follow Me
|move|p1a: Whimsicott|Tailwind|p1a: Whimsicott
|-sidestart|p1: saboyita|move: Tailwind
|move|p2a: Dragonite|Scale Shot|p1b: Annihilape
|-damage|p1b: Annihilape|86/100
|-damage|p1b: Annihilape|72/100
|-damage|p1b: Annihilape|56/100
|-damage|p1b: Annihilape|39/100
|-hitcount|p1b: Annihilape|4
|-unboost|p2a: Dragonite|def|1
|-boost|p2a: Dragonite|spe|1
|
|-heal|p1b: Annihilape|46/100|[from] item: Leftovers
|upkeep
|turn|3
|
|t:|1756764553
|switch|p1a: Maushold|Maushold-Four, L50|7/100
|move|p1b: Annihilape|Protect|p1b: Annihilape
|-singleturn|p1b: Annihilape|Protect
|move|p2b: Electabuzz|Follow Me|p2b: Electabuzz
|-singleturn|p2b: Electabuzz|move: Follow Me
|move|p2a: Dragonite|Scale Shot|p1b: Annihilape
|-activate|p1b: Annihilape|move: Protect
|
|-heal|p1b: Annihilape|52/100|[from] item: Leftovers
|upkeep
|turn|4
|
|t:|1756764574
|move|p1a: Maushold|Follow Me|p1a: Maushold
|-singleturn|p1a: Maushold|move: Follow Me
|move|p2b: Electabuzz|Follow Me|p2b: Electabuzz
|-singleturn|p2b: Electabuzz|move: Follow Me
|move|p1b: Annihilape|Rage Fist|p2b: Electabuzz
|-supereffective|p2b: Electabuzz
|-damage|p2b: Electabuzz|0 fnt
|faint|p2b: Electabuzz
|move|p2a: Dragonite|Scale Shot|p1a: Maushold
|-damage|p1a: Maushold|0 fnt
|faint|p1a: Maushold
|-hitcount|p1: Maushold|1
|-unboost|p2a: Dragonite|def|1
|-boost|p2a: Dragonite|spe|1
|
|-heal|p1b: Annihilape|58/100|[from] item: Leftovers
|upkeep
|inactive|saboyita has 30 seconds left.
|
|t:|1756764601
|switch|p1a: Whimsicott|Whimsicott, L50, F|100/100
|switch|p2b: Kingambit|Kingambit, L50, F|100/100
|turn|5
|inactive|saboyita has 30 seconds left.
|inactive|saboyita has 20 seconds left.
|
|t:|1756764637
|switch|p1a: Ursaluna|Ursaluna-Bloodmoon, L50, M|100/100
|move|p2b: Kingambit|Sucker Punch|p1b: Annihilape
|-damage|p1b: Annihilape|7/100
|move|p2a: Dragonite|Scale Shot|p1b: Annihilape
|-damage|p1b: Annihilape|0 fnt
|faint|p1b: Annihilape
|-hitcount|p1: Annihilape|1
|-unboost|p2a: Dragonite|def|1
|-boost|p2a: Dragonite|spe|1
|
|-sideend|p1: saboyita|move: Tailwind
|upkeep
|
|t:|1756764643
|switch|p1b: Whimsicott|Whimsicott, L50, F|100/100
|turn|6
|
|t:|1756764662
|move|p1b: Whimsicott|Helping Hand|p1a: Ursaluna
|-singleturn|p1a: Ursaluna|Helping Hand|[of] p1b: Whimsicott
|move|p2b: Kingambit|Sucker Punch|p1a: Ursaluna
|-damage|p1a: Ursaluna|63/100
|move|p2a: Dragonite|Scale Shot|p1a: Ursaluna
|-damage|p1a: Ursaluna|52/100
|-damage|p1a: Ursaluna|42/100
|-damage|p1a: Ursaluna|30/100
|-damage|p1a: Ursaluna|20/100
|-hitcount|p1a: Ursaluna|4
|-unboost|p2a: Dragonite|def|1
|-boost|p2a: Dragonite|spe|1
|move|p1a: Ursaluna|Hyper Voice|p2a: Dragonite|[spread] p2a,p2b
|-resisted|p2b: Kingambit
|-damage|p2a: Dragonite|62/100
|-damage|p2b: Kingambit|69/100
|-damage|p1a: Ursaluna|10/100|[from] item: Life Orb
|
|upkeep
|turn|7
|
|t:|1756764681
|move|p1b: Whimsicott|Helping Hand|p1a: Ursaluna
|-singleturn|p1a: Ursaluna|Helping Hand|[of] p1b: Whimsicott
|move|p2a: Dragonite|Extreme Speed|p1a: Ursaluna
|-damage|p1a: Ursaluna|0 fnt
|faint|p1a: Ursaluna
|move|p2b: Kingambit|Kowtow Cleave|p1b: Whimsicott
|-resisted|p1b: Whimsicott
|-damage|p1b: Whimsicott|67/100
|
|upkeep
|turn|8
|
|t:|1756764690
|move|p2a: Dragonite|Extreme Speed|p1b: Whimsicott
|-damage|p1b: Whimsicott|31/100
|move|p1b: Whimsicott|Tailwind|p1b: Whimsicott
|-sidestart|p1: saboyita|move: Tailwind
|move|p2b: Kingambit|Kowtow Cleave|p1b: Whimsicott
|-resisted|p1b: Whimsicott
|-damage|p1b: Whimsicott|0 fnt
|faint|p1b: Whimsicott
|
|win|marcosdeltasena31
