|j|☆new mental
|j|☆Dr_Cups
|html|new mentalDr_Cups    
|uhtml|bestof|Game 1 of a best-of-3
|t:|1784917142
|gametype|doubles
|player|p1|new mental|volkner|1344
|player|p2|Dr_Cups|102|1258
|gen|9
|tier|[Gen 9 Champions] VGC 2026 Reg M-B (Bo3)
|rated|
|rule|Species Clause: Limit one of each Pokémon
|rule|Item Clause: Limit 1 of each item
|clearpoke
|poke|p1|Charizard, L50, M|
|poke|p1|Garchomp, L50, F|
|poke|p1|Incineroar, L50, F|
|poke|p1|Venusaur, L50, F|
|poke|p1|Toxapex, L50, F|
|poke|p1|Sylveon, L50, M|
|poke|p2|Staraptor, L50, M|
|poke|p2|Vanilluxe, L50, F|
|poke|p2|Farigiraf, L50, M|
|poke|p2|Blastoise, L50, F|
|poke|p2|Kingambit, L50, F|
|poke|p2|Camerupt, L50, M|
|teampreview|4
|showteam|p1|Charizard||CharizarditeY|SolarPower|WeatherBall,HeatWave,AncientPower,Protect|Modest||M|||50|]Garchomp||ChoiceScarf|RoughSkin|RockSlide,DragonClaw,Earthquake,StompingTantrum|Adamant||F|||50|]Incineroar||SitrusBerry|Intimidate|FlareBlitz,FakeOut,DarkestLariat,PartingShot|Impish||F|||50|]Venusaur||LifeOrb|Chlorophyll|SludgeBomb,LeafStorm,EarthPower,Protect|Modest||F|||50|]Toxapex||Leftovers|Regenerator|Infestation,Toxic,WideGuard,BanefulBunker|Bold||F|||50|]Sylveon||FairyFeather|Pixilate|HyperVoice,QuickAttack,Yawn,Detect|Modest||M|||50|
|showteam|p2|Staraptor||ChoiceScarf|Intimidate|FinalGambit,BraveBird,CloseCombat,Uturn|Jolly||M|||50|]Vanilluxe||NeverMeltIce|SnowWarning|Blizzard,FreezeDry,Protect,IceShard|Quiet||F|||50|]Farigiraf||SitrusBerry|ArmorTail|PsychicFangs,HyperVoice,HelpingHand,TrickRoom|Relaxed||M|||50|]Blastoise||Blastoisinite|RainDish|FakeOut,WaterSpout,AuraSphere,DarkPulse|Quiet||F|||50|]Kingambit||LifeOrb|Defiant|KowtowCleave,IronHead,Protect,SuckerPunch|Brave||F|||50|]Camerupt||Cameruptite|SolidRock|HeatWave,EarthPower,Protect,AncientPower|Quiet||M|||50|
|inactive|Battle timer is ON: inactive players will automatically lose when time's up. (requested by new mental)
|
|t:|1784917197
|teamsize|p1|4
|teamsize|p2|4
|start
|switch|p1a: Toxapex|Toxapex, L50, F|100/100
|switch|p1b: Sylveon|Sylveon, L50, M|100/100
|switch|p2a: Farigiraf|Farigiraf, L50, M|100/100
|switch|p2b: Blastoise|Blastoise, L50, F|100/100
|turn|1
|
|t:|1784917212
|move|p2b: Blastoise|Fake Out|p1b: Sylveon
|-damage|p1b: Sylveon|92/100
|cant|p1b: Sylveon|flinch
|move|p1a: Toxapex|Infestation|p2a: Farigiraf
|-supereffective|p2a: Farigiraf|1
|-damage|p2a: Farigiraf|93/100
|-activate|p2a: Farigiraf|move: Infestation|[of] p1a: Toxapex
|move|p2a: Farigiraf|Trick Room|p2a: Farigiraf
|-fieldstart|move: Trick Room|[of] p2a: Farigiraf
|
|-damage|p2a: Farigiraf|81/100|[from] move: Infestation|[partiallytrapped]
|upkeep
|turn|2
|
|t:|1784917229
|switch|p2b: Camerupt|Camerupt, L50, M|100/100
|move|p1a: Toxapex|Infestation|p2b: Camerupt
|-resisted|p2b: Camerupt|1
|-damage|p2b: Camerupt|98/100
|-activate|p2b: Camerupt|move: Infestation|[of] p1a: Toxapex
|move|p2a: Farigiraf|Psychic Fangs|p1a: Toxapex
|-supereffective|p1a: Toxapex|1
|-damage|p1a: Toxapex|65/100
|move|p1b: Sylveon|Yawn|p2b: Camerupt
|-start|p2b: Camerupt|move: Yawn|[of] p1b: Sylveon
|
|-heal|p1a: Toxapex|71/100|[from] item: Leftovers
|-damage|p2b: Camerupt|85/100|[from] move: Infestation|[partiallytrapped]
|-damage|p2a: Farigiraf|68/100|[from] move: Infestation|[partiallytrapped]
|upkeep
|turn|3
|inactive|Dr_Cups has 30 seconds left.
|
|t:|1784917258
|move|p2a: Farigiraf|Helping Hand|p2b: Camerupt
|-singleturn|p2b: Camerupt|Helping Hand|[of] p2a: Farigiraf
|move|p1a: Toxapex|Baneful Bunker|p1a: Toxapex
|-singleturn|p1a: Toxapex|move: Protect
|move|p1b: Sylveon|Detect|p1b: Sylveon
|-singleturn|p1b: Sylveon|Protect
|move|p2b: Camerupt|Heat Wave|p1b: Sylveon|[spread] 
|-activate|p1a: Toxapex|move: Protect
|-activate|p1b: Sylveon|move: Protect
|
|-heal|p1a: Toxapex|77/100|[from] item: Leftovers
|-damage|p2b: Camerupt|73/100|[from] move: Infestation|[partiallytrapped]
|-damage|p2a: Farigiraf|56/100|[from] move: Infestation|[partiallytrapped]
|-end|p2b: Camerupt|move: Yawn|[silent]
|-status|p2b: Camerupt|slp
|upkeep
|turn|4
|
|t:|1784917269
|cant|p2b: Camerupt|slp
|move|p1a: Toxapex|Toxic|p2a: Farigiraf
|-status|p2a: Farigiraf|tox
|move|p2a: Farigiraf|Hyper Voice|p1a: Toxapex|[spread] p1a,p1b
|-crit|p1a: Toxapex
|-damage|p1a: Toxapex|47/100
|-damage|p1b: Sylveon|72/100
|move|p1b: Sylveon|Hyper Voice|p2b: Camerupt|[spread] p2a,p2b
|-resisted|p2b: Camerupt|1
|-crit|p2b: Camerupt
|-damage|p2a: Farigiraf|16/100 tox
|-damage|p2b: Camerupt|31/100 slp
|-enditem|p2a: Farigiraf|Sitrus Berry|[eat]
|-heal|p2a: Farigiraf|41/100 tox|[from] item: Sitrus Berry
|
|-heal|p1a: Toxapex|53/100|[from] item: Leftovers
|-damage|p2a: Farigiraf|34/100 tox|[from] psn
|-damage|p2b: Camerupt|18/100 slp|[from] move: Infestation|[partiallytrapped]
|-damage|p2a: Farigiraf|22/100 tox|[from] move: Infestation|[partiallytrapped]
|upkeep
|turn|5
|
|t:|1784917292
|-heal|p1a: Toxapex|86/100|[from] ability: Regenerator|[silent]
|switch|p1a: Garchomp|Garchomp, L50, F|100/100
|cant|p2b: Camerupt|slp
|move|p2a: Farigiraf|Hyper Voice|p1a: Garchomp|[spread] p1a,p1b
|-damage|p1a: Garchomp|72/100
|-damage|p1b: Sylveon|53/100
|move|p1b: Sylveon|Hyper Voice|p2a: Farigiraf|[spread] p2a,p2b
|-resisted|p2b: Camerupt|1
|-damage|p2a: Farigiraf|0 fnt
|-damage|p2b: Camerupt|0 fnt
|faint|p2a: Farigiraf
|faint|p2b: Camerupt
|
|-fieldend|move: Trick Room
|upkeep
|
|t:|1784917304
|switch|p2a: Vanilluxe|Vanilluxe, L50, F|100/100
|switch|p2b: Blastoise|Blastoise, L50, F|100/100
|-weather|Snowscape|[from] ability: Snow Warning|[of] p2a: Vanilluxe
|turn|6
|
|t:|1784917322
|detailschange|p2b: Blastoise|Blastoise-Mega, L50, F
|-mega|p2b: Blastoise|Blastoise|Blastoisinite
|move|p1b: Sylveon|Detect|p1b: Sylveon
|-singleturn|p1b: Sylveon|Protect
|move|p2b: Blastoise|Fake Out|p1a: Garchomp
|-damage|p1a: Garchomp|62/100
|-damage|p2b: Blastoise|87/100|[from] ability: Rough Skin|[of] p1a: Garchomp
|cant|p1a: Garchomp|flinch
|move|p2a: Vanilluxe|Blizzard|p1a: Garchomp|[spread] p1a
|-activate|p1b: Sylveon|move: Protect
|-supereffective|p1a: Garchomp|2
|-damage|p1a: Garchomp|0 fnt
|faint|p1a: Garchomp
|
|-weather|Snowscape|[upkeep]
|upkeep
|
|t:|1784917325
|switch|p1a: Charizard|Charizard, L50, M|100/100
|turn|7
|inactive|Dr_Cups has 30 seconds left.
|
|t:|1784917358
|switch|p1b: Toxapex|Toxapex, L50, F|86/100
|detailschange|p1a: Charizard|Charizard-Mega-Y, L50, M
|-mega|p1a: Charizard|Charizard|Charizardite Y
|-weather|SunnyDay|[from] ability: Drought|[of] p1a: Charizard
|move|p1a: Charizard|Heat Wave|p2b: Blastoise|[spread] p2a,p2b
|-supereffective|p2a: Vanilluxe|1
|-crit|p2a: Vanilluxe
|-resisted|p2b: Blastoise|1
|-damage|p2a: Vanilluxe|0 fnt
|-damage|p2b: Blastoise|60/100
|faint|p2a: Vanilluxe
|move|p2b: Blastoise|Dark Pulse|p1a: Charizard
|-damage|p1a: Charizard|60/100
|
|-weather|SunnyDay|[upkeep]
|-heal|p1b: Toxapex|92/100|[from] item: Leftovers
|upkeep
|turn|8
|
|t:|1784917372
|move|p1a: Charizard|Ancient Power|p2b: Blastoise
|-damage|p2b: Blastoise|40/100
|move|p2b: Blastoise|Dark Pulse|p1a: Charizard
|-damage|p1a: Charizard|22/100
|move|p1b: Toxapex|Toxic|p2b: Blastoise
|-status|p2b: Blastoise|tox
|
|-weather|SunnyDay|[upkeep]
|-heal|p1b: Toxapex|98/100|[from] item: Leftovers
|-damage|p2b: Blastoise|34/100 tox|[from] psn
|upkeep
|turn|9
|
|t:|1784917380
|move|p1a: Charizard|Protect|p1a: Charizard
|-singleturn|p1a: Charizard|Protect
|move|p2b: Blastoise|Dark Pulse|p1a: Charizard
|-activate|p1a: Charizard|move: Protect
|move|p1b: Toxapex|Infestation|p2b: Blastoise
|-damage|p2b: Blastoise|32/100 tox
|-activate|p2b: Blastoise|move: Infestation|[of] p1b: Toxapex
|
|-weather|SunnyDay|[upkeep]
|-heal|p1b: Toxapex|100/100|[from] item: Leftovers
|-damage|p2b: Blastoise|20/100y tox|[from] psn
|-damage|p2b: Blastoise|8/100 tox|[from] move: Infestation|[partiallytrapped]
|upkeep
|turn|10
|
|t:|1784917387
|move|p1a: Charizard|Heat Wave|p2b: Blastoise
|-resisted|p2b: Blastoise|1
|-damage|p2b: Blastoise|0 fnt
|faint|p2b: Blastoise
|
|win|new mental
