|j|☆void25o
|j|☆3rdPlaceTennis
|html|void25o3rdPlaceTennis    
|uhtml|bestof|Game 1 of a best-of-3
|t:|1756602705
|gametype|doubles
|player|p1|void25o|miku-ghost|1135
|player|p2|3rdPlaceTennis|bugcatcher-gen4dp|1048
|gen|9
|tier|[Gen 9] VGC 2025 Reg H (Bo3)
|rated|
|rule|Species Clause: Limit one of each Pokémon
|rule|Item Clause: Limit 1 of each item
|clearpoke
|poke|p1|Pelipper, L50, F|
|poke|p1|Archaludon, L50, M|
|poke|p1|Maushold-Four, L50|
|poke|p1|Poliwrath, L50, M|
|poke|p1|Sinistcha, L50|
|poke|p1|Indeedee, L50, M|
|poke|p2|Kommo-o, L50, F|
|poke|p2|Gothitelle, L50, F|
|poke|p2|Ninetales-Alola, L50, M|
|poke|p2|Incineroar, L50, M|
|poke|p2|Ursaluna, L50, F|
|poke|p2|Archaludon, L50, F|
|teampreview|4
|showteam|p1|Pelipper||SafetyGoggles|Drizzle|WeatherBall,Hurricane,Tailwind,Protect|||F|||50|,,,,,Ground]Archaludon||AssaultVest|Stamina|DragonPulse,ElectroShot,FlashCannon,BodyPress|||M|||50|,,,,,Grass]Maushold-Four||WideLens|Technician|PopulationBomb,FollowMe,Taunt,Protect||||||50|,,,,,Ghost]Poliwrath||SitrusBerry|SwiftSwim|DrainPunch,Liquidation,BellyDrum,Protect|||M|||50|,,,,,Grass]Sinistcha||RockyHelmet|Hospitality|MatchaGotcha,LifeDew,RagePowder,TrickRoom||||||50|,,,,,Water]Indeedee||FocusSash|PsychicSurge|ExpandingForce,TeraBlast,Imprison,TrickRoom|||M|||50|,,,,,Psychic
|showteam|p2|Kommo-o||ThroatSpray|Soundproof|ClangingScales,Flamethrower,ClangorousSoul,Protect|||F|||50|,,,,,Fire]Gothitelle||Leftovers|ShadowTag|Protect,Psychic,TrickRoom,FakeOut|||F|||50|,,,,,Water]Ninetales-Alola||FocusSash|SnowWarning|Protect,Encore,Blizzard,IcyWind|||M|||50|,,,,,Ghost]Incineroar||SafetyGoggles|Intimidate|KnockOff,Taunt,FakeOut,PartingShot|||M|||50|,,,,,Ghost]Ursaluna||FlameOrb|Guts|Facade,HeadlongRush,Earthquake,Protect|||F|||50|,,,,,Fairy]Archaludon||PowerHerb|Sturdy|DracoMeteor,ElectroShot,Thunderbolt,Protect|||F|||50|,,,,,Electric
|inactive|Battle timer is ON: inactive players will automatically lose when time's up. (requested by 3rdPlaceTennis)
|
|t:|1756602800
|teamsize|p1|4
|teamsize|p2|4
|start
|switch|p1a: Maushold|Maushold-Four, L50|100/100
|switch|p1b: Poliwrath|Poliwrath, L50, M|100/100
|switch|p2a: Gothitelle|Gothitelle, L50, F|100/100
|switch|p2b: Kommo-o|Kommo-o, L50, F|100/100
|turn|1
|
|t:|1756602816
|-terastallize|p1a: Maushold|Ghost
|move|p1b: Poliwrath|Protect|p1b: Poliwrath
|-singleturn|p1b: Poliwrath|Protect
|move|p2a: Gothitelle|Fake Out|p1a: Maushold
|-immune|p1a: Maushold
|move|p1a: Maushold|Population Bomb|p2b: Kommo-o
|-damage|p2b: Kommo-o|90/100
|-damage|p2b: Kommo-o|79/100
|-damage|p2b: Kommo-o|68/100
|-damage|p2b: Kommo-o|57/100
|-damage|p2b: Kommo-o|47/100
|-damage|p2b: Kommo-o|36/100
|-damage|p2b: Kommo-o|25/100
|-damage|p2b: Kommo-o|15/100
|-crit|p2b: Kommo-o
|-damage|p2b: Kommo-o|0 fnt
|faint|p2b: Kommo-o
|-hitcount|p2: Kommo-o|9
|
|upkeep
|
|t:|1756602825
|switch|p2b: Archaludon|Archaludon, L50, F|100/100
|turn|2
|
|t:|1756602840
|-terastallize|p2b: Archaludon|Electric
|move|p1a: Maushold|Follow Me|p1a: Maushold
|-singleturn|p1a: Maushold|move: Follow Me
|move|p2b: Archaludon|Electro Shot||[still]
|-prepare|p2b: Archaludon|Electro Shot
|-boost|p2b: Archaludon|spa|1
|-enditem|p2b: Archaludon|Power Herb
|-anim|p2b: Archaludon|Electro Shot|p1a: Maushold
|-damage|p1a: Maushold|0 fnt
|faint|p1a: Maushold
|move|p1b: Poliwrath|Belly Drum|p1b: Poliwrath
|-damage|p1b: Poliwrath|50/100
|-setboost|p1b: Poliwrath|atk|6|[from] move: Belly Drum
|-enditem|p1b: Poliwrath|Sitrus Berry|[eat]
|-heal|p1b: Poliwrath|75/100|[from] item: Sitrus Berry
|move|p2a: Gothitelle|Psychic|p1b: Poliwrath
|-supereffective|p1b: Poliwrath
|-damage|p1b: Poliwrath|9/100
|-unboost|p1b: Poliwrath|spd|1
|
|upkeep
|
|t:|1756602851
|switch|p1a: Indeedee|Indeedee, L50, M|100/100
|-fieldstart|move: Psychic Terrain|[from] ability: Psychic Surge|[of] p1a: Indeedee
|turn|3
|
|t:|1756602871
|move|p1b: Poliwrath|Protect|p1b: Poliwrath
|-singleturn|p1b: Poliwrath|Protect
|move|p1a: Indeedee|Expanding Force|p2b: Archaludon|[spread] p2a,p2b
|-resisted|p2a: Gothitelle
|-damage|p2a: Gothitelle|81/100
|-damage|p2b: Archaludon|20/100
|move|p2b: Archaludon|Draco Meteor|p1b: Poliwrath
|-activate|p1b: Poliwrath|move: Protect
|move|p2a: Gothitelle|Psychic|p1a: Indeedee
|-resisted|p1a: Indeedee
|-damage|p1a: Indeedee|75/100
|
|-heal|p2a: Gothitelle|87/100|[from] item: Leftovers
|upkeep
|turn|4
|
|t:|1756602883
|move|p2a: Gothitelle|Protect|p2a: Gothitelle
|-singleturn|p2a: Gothitelle|Protect
|move|p1a: Indeedee|Expanding Force|p2a: Gothitelle|[spread] p2b
|-activate|p2a: Gothitelle|move: Protect
|-damage|p2b: Archaludon|0 fnt
|faint|p2b: Archaludon
|move|p1b: Poliwrath|Drain Punch|p2a: Gothitelle
|-activate|p2a: Gothitelle|move: Protect
|
|-heal|p2a: Gothitelle|93/100|[from] item: Leftovers
|upkeep
|
|t:|1756602885
|switch|p2b: Ninetales|Ninetales-Alola, L50, M|100/100
|-weather|Snowscape|[from] ability: Snow Warning|[of] p2b: Ninetales
|turn|5
|
|t:|1756602891
|move|p1b: Poliwrath|Protect|p1b: Poliwrath
|-singleturn|p1b: Poliwrath|Protect
|move|p2b: Ninetales|Blizzard|p1a: Indeedee|[spread] p1a
|-activate|p1b: Poliwrath|move: Protect
|-damage|p1a: Indeedee|33/100
|move|p1a: Indeedee|Expanding Force|p2a: Gothitelle|[spread] p2a,p2b
|-resisted|p2a: Gothitelle
|-damage|p2a: Gothitelle|74/100
|-damage|p2b: Ninetales|43/100
|move|p2a: Gothitelle|Psychic|p1a: Indeedee
|-resisted|p1a: Indeedee
|-damage|p1a: Indeedee|7/100
|
|-weather|Snowscape|[upkeep]
|-heal|p2a: Gothitelle|80/100|[from] item: Leftovers
|upkeep
|turn|6
|
|t:|1756602904
|move|p2b: Ninetales|Blizzard|p1b: Poliwrath|[spread] p1a,p1b
|-resisted|p1b: Poliwrath
|-damage|p1a: Indeedee|0 fnt
|-damage|p1b: Poliwrath|0 fnt
|faint|p1a: Indeedee
|faint|p1b: Poliwrath
|move|p2a: Gothitelle|Psychic|p1: Indeedee|[notarget]
|-fail|p2a: Gothitelle
|
|-weather|Snowscape|[upkeep]
|-heal|p2a: Gothitelle|86/100|[from] item: Leftovers
|upkeep
|
|t:|1756602906
|switch|p1b: Pelipper|Pelipper, L50, F|100/100
|-weather|RainDance|[from] ability: Drizzle|[of] p1b: Pelipper
|turn|7
|
|t:|1756602915
|move|p2b: Ninetales|Icy Wind|p1b: Pelipper
|-damage|p1b: Pelipper|71/100
|-unboost|p1b: Pelipper|spe|1
|move|p2a: Gothitelle|Psychic|p1b: Pelipper
|-damage|p1b: Pelipper|20/100
|move|p1b: Pelipper|Weather Ball|p2a: Gothitelle
|-damage|p2a: Gothitelle|44/100
|
|-weather|RainDance|[upkeep]
|-heal|p2a: Gothitelle|50/100|[from] item: Leftovers
|-fieldend|move: Psychic Terrain
|upkeep
|turn|8
|
|t:|1756602924
|move|p2b: Ninetales|Blizzard|p1b: Pelipper
|-damage|p1b: Pelipper|0 fnt
|faint|p1b: Pelipper
|
|win|3rdPlaceTennis
