|j|☆taj11
|j|☆Ziik
|html|taj11Ziik    
|uhtml|bestof|Game 1 of a best-of-3
|t:|1757839121
|gametype|doubles
|player|p1|taj11|265|1202
|player|p2|Ziik|1|1174
|gen|9
|tier|[Gen 9] VGC 2025 Reg H (Bo3)
|rated|
|rule|Species Clause: Limit one of each Pokémon
|rule|Item Clause: Limit 1 of each item
|clearpoke
|poke|p1|Volcarona, L50, M|
|poke|p1|Rillaboom, L50, M|
|poke|p1|Baxcalibur, L50, F|
|poke|p1|Kingambit, L50, F|
|poke|p1|Sneasler, L50, F|
|poke|p1|Dondozo, L50, F|
|poke|p2|Archaludon, L50, F|
|poke|p2|Rillaboom, L50, F|
|poke|p2|Electabuzz, L50, M|
|poke|p2|Pelipper, L50, M|
|poke|p2|Gyarados, L50, M|
|poke|p2|Amoonguss, L50, M|
|teampreview|4
|showteam|p1|Volcarona||CovertCloak|FlameBody|HeatWave,TeraBlast,QuiverDance,RagePowder|||M|||50|,,,,,Fairy]Rillaboom||AssaultVest|GrassySurge|WoodHammer,GrassyGlide,HighHorsepower,FakeOut|||M|||50|,,,,,Water]Baxcalibur||LoadedDice|ThermalExchange|IceShard,ScaleShot,IcicleSpear,Protect|||F|||50|,,,,,Ghost]Kingambit||BlackGlasses|Defiant|KowtowCleave,SuckerPunch,SwordsDance,Protect|||F|||50|,,,,,Ghost]Sneasler||FocusSash|PoisonTouch|CloseCombat,DireClaw,Coaching,FakeOut|||F|||50|,,,,,Stellar]Dondozo||Leftovers|Unaware|Protect,Liquidation,Yawn,Fissure|||F|||50|,,,,,Poison
|showteam|p2|Archaludon||AssaultVest|Stamina|ElectroShot,FlashCannon,DragonPulse,BodyPress|||F|||50|,,,,,Bug]Rillaboom||MiracleSeed|GrassySurge|FakeOut,GrassyGlide,WoodHammer,Uturn|||F|||50|,,,,,Fire]Electabuzz||Eviolite|VitalSpirit|Feint,FollowMe,Taunt,Electroweb|||M|||50|,,,,,Ghost]Pelipper||FocusSash|Drizzle|Protect,Tailwind,WeatherBall,Hurricane|||M|||50|,,,,,Stellar]Gyarados||ClearAmulet|Intimidate|Protect,ThunderWave,Waterfall,Earthquake|||M|||50|,,,,,Ground]Amoonguss||SitrusBerry|Regenerator|Spore,RagePowder,PollenPuff,ClearSmog|||M|||50|,,,,,Fire
|
|t:|1757839154
|teamsize|p1|4
|teamsize|p2|4
|start
|switch|p1a: Godchilla|Baxcalibur, L50, F|100/100
|switch|p1b: Clawbird|Sneasler, L50, F|100/100
|switch|p2a: Gyarados|Gyarados, L50, M|100/100
|switch|p2b: Electabuzz|Electabuzz, L50, M|100/100
|-ability|p2a: Gyarados|Intimidate|boost
|-unboost|p1a: Godchilla|atk|1
|-unboost|p1b: Clawbird|atk|1
|turn|1
|
|t:|1757839176
|move|p2a: Gyarados|Protect|p2a: Gyarados
|-singleturn|p2a: Gyarados|Protect
|move|p1b: Clawbird|Fake Out|p2b: Electabuzz
|-damage|p2b: Electabuzz|90/100
|-status|p2b: Electabuzz|psn|[from] ability: Poison Touch|[of] p1b: Clawbird
|cant|p2b: Electabuzz|flinch
|move|p1a: Godchilla|Scale Shot|p2a: Gyarados
|-activate|p2a: Gyarados|move: Protect
|
|-damage|p2b: Electabuzz|78/100 psn|[from] psn
|upkeep
|turn|2
|
|t:|1757839199
|switch|p2b: Pelipper|Pelipper, L50, M|100/100
|-weather|RainDance|[from] ability: Drizzle|[of] p2b: Pelipper
|move|p1b: Clawbird|Coaching|p1a: Godchilla
|-boost|p1a: Godchilla|atk|1
|-boost|p1a: Godchilla|def|1
|move|p2a: Gyarados|Earthquake|p1b: Clawbird|[spread] p1a,p1b
|-immune|p2b: Pelipper
|-supereffective|p1b: Clawbird
|-damage|p1a: Godchilla|85/100
|-damage|p1b: Clawbird|17/100
|move|p1a: Godchilla|Scale Shot|p2a: Gyarados
|-damage|p2a: Gyarados|80/100
|-damage|p2a: Gyarados|61/100
|-damage|p2a: Gyarados|43/100
|-damage|p2a: Gyarados|23/100
|-hitcount|p2a: Gyarados|4
|-unboost|p1a: Godchilla|def|1
|-boost|p1a: Godchilla|spe|1
|
|-weather|RainDance|[upkeep]
|upkeep
|turn|3
|
|t:|1757839232
|switch|p2a: Archaludon|Archaludon, L50, F|100/100
|move|p1a: Godchilla|Icicle Spear|p2b: Pelipper
|-damage|p2b: Pelipper|80/100
|-damage|p2b: Pelipper|59/100
|-damage|p2b: Pelipper|37/100
|-damage|p2b: Pelipper|19/100
|-damage|p2b: Pelipper|0 fnt
|faint|p2b: Pelipper
|-hitcount|p2: Pelipper|5
|move|p1b: Clawbird|Dire Claw|p2a: Archaludon
|-immune|p2a: Archaludon
|
|-weather|RainDance|[upkeep]
|upkeep
|
|t:|1757839248
|switch|p2b: Gyarados|Gyarados, L50, M|23/100
|-ability|p2b: Gyarados|Intimidate|boost
|-unboost|p1a: Godchilla|atk|1
|-unboost|p1b: Clawbird|atk|1
|turn|4
|
|t:|1757839273
|-terastallize|p1a: Godchilla|Ghost
|-terastallize|p2a: Archaludon|Bug
|move|p2b: Gyarados|Protect|p2b: Gyarados
|-singleturn|p2b: Gyarados|Protect
|move|p1a: Godchilla|Icicle Spear|p2b: Gyarados
|-activate|p2b: Gyarados|move: Protect
|move|p1b: Clawbird|Coaching|p1a: Godchilla
|-boost|p1a: Godchilla|atk|1
|-boost|p1a: Godchilla|def|1
|move|p2a: Archaludon|Electro Shot||[still]
|-prepare|p2a: Archaludon|Electro Shot
|-boost|p2a: Archaludon|spa|1
|-anim|p2a: Archaludon|Electro Shot|p1b: Clawbird
|-damage|p1b: Clawbird|0 fnt
|faint|p1b: Clawbird
|
|-weather|RainDance|[upkeep]
|upkeep
|
|t:|1757839283
|switch|p1b: Lè Fish|Dondozo, L50, F|100/100
|turn|5
|
|t:|1757839301
|switch|p2b: Electabuzz|Electabuzz, L50, M|78/100 psn
|move|p1a: Godchilla|Icicle Spear|p2b: Electabuzz
|-damage|p2b: Electabuzz|60/100 psn
|-crit|p2b: Electabuzz
|-damage|p2b: Electabuzz|36/100 psn
|-damage|p2b: Electabuzz|19/100 psn
|-damage|p2b: Electabuzz|2/100 psn
|-hitcount|p2b: Electabuzz|4
|move|p2a: Archaludon|Dragon Pulse|p1a: Godchilla
|-damage|p1a: Godchilla|17/100
|move|p1b: Lè Fish|Yawn|p2a: Archaludon
|-start|p2a: Archaludon|move: Yawn|[of] p1b: Lè Fish
|
|-weather|RainDance|[upkeep]
|-damage|p2b: Electabuzz|0 fnt|[from] psn
|faint|p2b: Electabuzz
|upkeep
|
|t:|1757839319
|switch|p2b: Gyarados|Gyarados, L50, M|23/100
|-ability|p2b: Gyarados|Intimidate|boost
|-unboost|p1a: Godchilla|atk|1
|-unboost|p1b: Lè Fish|atk|1
|turn|6
|
|t:|1757839330
|move|p1a: Godchilla|Protect|p1a: Godchilla
|-singleturn|p1a: Godchilla|Protect
|move|p2b: Gyarados|Protect|p2b: Gyarados
|-singleturn|p2b: Gyarados|Protect
|move|p1b: Lè Fish|Protect|p1b: Lè Fish
|-singleturn|p1b: Lè Fish|Protect
|move|p2a: Archaludon|Dragon Pulse|p1a: Godchilla
|-activate|p1a: Godchilla|move: Protect
|
|-weather|none
|-end|p2a: Archaludon|move: Yawn|[silent]
|-status|p2a: Archaludon|slp
|upkeep
|turn|7
|
|t:|1757839350
|move|p1a: Godchilla|Icicle Spear|p2b: Gyarados
|-damage|p2b: Gyarados|9/100
|-damage|p2b: Gyarados|0 fnt
|faint|p2b: Gyarados
|-hitcount|p2: Gyarados|2
|cant|p2a: Archaludon|slp
|move|p1b: Lè Fish|Fissure|p2a: Archaludon|[miss]
|-miss|p1b: Lè Fish|p2a: Archaludon
|
|upkeep
|turn|8
|
|t:|1757839366
|move|p1a: Godchilla|Icicle Spear|p2a: Archaludon
|-damage|p2a: Archaludon|93/100 slp
|-ability|p2a: Archaludon|Stamina|boost
|-boost|p2a: Archaludon|def|1
|-damage|p2a: Archaludon|88/100 slp
|-ability|p2a: Archaludon|Stamina|boost
|-boost|p2a: Archaludon|def|1
|-damage|p2a: Archaludon|83/100 slp
|-ability|p2a: Archaludon|Stamina|boost
|-boost|p2a: Archaludon|def|1
|-damage|p2a: Archaludon|79/100 slp
|-ability|p2a: Archaludon|Stamina|boost
|-boost|p2a: Archaludon|def|1
|-damage|p2a: Archaludon|76/100 slp
|-ability|p2a: Archaludon|Stamina|boost
|-boost|p2a: Archaludon|def|1
|-hitcount|p2a: Archaludon|5
|cant|p2a: Archaludon|slp
|move|p1b: Lè Fish|Fissure|p2a: Archaludon|[miss]
|-miss|p1b: Lè Fish|p2a: Archaludon
|
|upkeep
|turn|9
|
|t:|1757839391
|move|p1a: Godchilla|Icicle Spear|p2a: Archaludon
|-damage|p2a: Archaludon|74/100 slp
|-ability|p2a: Archaludon|Stamina|boost
|-boost|p2a: Archaludon|def|1
|-damage|p2a: Archaludon|71/100 slp
|-damage|p2a: Archaludon|69/100 slp
|-damage|p2a: Archaludon|67/100 slp
|-hitcount|p2a: Archaludon|4
|-curestatus|p2a: Archaludon|slp|[msg]
|move|p2a: Archaludon|Dragon Pulse|p1a: Godchilla
|-damage|p1a: Godchilla|0 fnt
|faint|p1a: Godchilla
|move|p1b: Lè Fish|Fissure|p2a: Archaludon|[miss]
|-miss|p1b: Lè Fish|p2a: Archaludon
|
|upkeep
|
|t:|1757839402
|switch|p1a: BoomBoom|Rillaboom, L50, M|100/100
|-fieldstart|move: Grassy Terrain|[from] ability: Grassy Surge|[of] p1a: BoomBoom
|turn|10
|
|t:|1757839410
|move|p1a: BoomBoom|Fake Out|p2a: Archaludon
|-damage|p2a: Archaludon|64/100
|cant|p2a: Archaludon|flinch
|move|p1b: Lè Fish|Yawn|p2a: Archaludon
|-start|p2a: Archaludon|move: Yawn|[of] p1b: Lè Fish
|
|-heal|p2a: Archaludon|70/100|[from] Grassy Terrain
|upkeep
|turn|11
|
|t:|1757839421
|move|p1a: BoomBoom|Wood Hammer|p2a: Archaludon
|-resisted|p2a: Archaludon
|-damage|p2a: Archaludon|63/100
|-damage|p1a: BoomBoom|98/100|[from] Recoil
|move|p2a: Archaludon|Body Press|p1a: BoomBoom
|-damage|p1a: BoomBoom|0 fnt
|faint|p1a: BoomBoom
|move|p1b: Lè Fish|Fissure|p2a: Archaludon|[miss]
|-miss|p1b: Lè Fish|p2a: Archaludon
|
|-heal|p2a: Archaludon|69/100|[from] Grassy Terrain
|-end|p2a: Archaludon|move: Yawn|[silent]
|-status|p2a: Archaludon|slp
|upkeep
|turn|12
|
|t:|1757839444
|cant|p2a: Archaludon|slp
|move|p1b: Lè Fish|Fissure|p2a: Archaludon|[miss]
|-miss|p1b: Lè Fish|p2a: Archaludon
|
|-heal|p2a: Archaludon|75/100 slp|[from] Grassy Terrain
|upkeep
|turn|13
|
|t:|1757839453
|cant|p2a: Archaludon|slp
|move|p1b: Lè Fish|Fissure|p2a: Archaludon|[miss]
|-miss|p1b: Lè Fish|p2a: Archaludon
|
|-heal|p2a: Archaludon|81/100 slp|[from] Grassy Terrain
|upkeep
|turn|14
|
|t:|1757839461
|-curestatus|p2a: Archaludon|slp|[msg]
|move|p2a: Archaludon|Dragon Pulse|p1b: Lè Fish
|-damage|p1b: Lè Fish|71/100
|move|p1b: Lè Fish|Fissure|p2a: Archaludon
|-damage|p2a: Archaludon|0 fnt
|faint|p2a: Archaludon
|-ohko
|
|win|taj11
||taj11 is ready for game 2.
|inactive|Ziik has 30 seconds to confirm battle start!
||Ziik is ready for game 2.
|uhtml|next|Next: Game 2 of 3
