|j|☆Chocokoala VGC
|j|☆TryingTeams64
|html|Chocokoala VGCTryingTeams64    
|uhtml|bestof|Game 1 of a best-of-3
|t:|1782490542
|gametype|doubles
|player|p1|Chocokoala VGC|aaron|1252
|player|p2|TryingTeams64|boarder|1126
|gen|9
|tier|[Gen 9 Champions] VGC 2026 Reg M-B (Bo3)
|rated|
|rule|Species Clause: Limit one of each Pokémon
|rule|Item Clause: Limit 1 of each item
|clearpoke
|poke|p1|Scrafty, L50, F, shiny|
|poke|p1|Farigiraf, L50, F|
|poke|p1|Whimsicott, L50, M|
|poke|p1|Gholdengo, L50|
|poke|p1|Raichu, L50, F, shiny|
|poke|p1|Mamoswine, L50, F|
|poke|p2|Charizard, L50, M|
|poke|p2|Gholdengo, L50|
|poke|p2|Garchomp, L50, F|
|poke|p2|Basculegion, L50, M|
|poke|p2|Whimsicott, L50, F|
|poke|p2|Incineroar, L50, M|
|teampreview|4
|showteam|p1|Scrafty||Scraftinite|Intimidate|FakeOut,KnockOff,Protect,DrainPunch|Adamant||F|||50|]Farigiraf||SitrusBerry|ArmorTail|Psychic,HelpingHand,Protect,TrickRoom|Bold||F|||50|]Whimsicott||FairyFeather|Prankster|Tailwind,FakeTears,Encore,Moonblast|Timid||M|||50|]Gholdengo||LifeOrb|GoodasGold|MakeItRain,ShadowBall,Protect,NastyPlot|Modest|||||50|]Raichu||RaichuniteY|LightningRod|ZapCannon,FocusBlast,Protect,GrassKnot|Timid||F|||50|]Mamoswine||FocusSash|Oblivious|IceShard,HighHorsepower,Protect,IcicleCrash|Adamant||F|||50|
|showteam|p2|Charizard||CharizarditeY|Blaze|HeatWave,WeatherBall,SolarBeam,Protect|Modest||M|||50|]Gholdengo||MetalCoat|GoodasGold|MakeItRain,ShadowBall,NastyPlot,Protect|Modest|||||50|]Garchomp||LifeOrb|RoughSkin|Earthquake,DragonClaw,RockSlide,Protect|Jolly||F|||50|]Basculegion||MysticWater|Adaptability|WaveCrash,LastRespects,AquaJet,Protect|Adamant||M|||50|]Whimsicott||FocusSash|Prankster|Moonblast,Tailwind,Encore,Protect|Timid||F|||50|]Incineroar||SitrusBerry|Intimidate|FakeOut,FlareBlitz,ThroatChop,PartingShot|Impish||M|||50|
|inactive|Battle timer is ON: inactive players will automatically lose when time's up. (requested by Chocokoala VGC)
|
|t:|1782490571
|teamsize|p1|4
|teamsize|p2|4
|start
|switch|p1a: Raichu|Raichu, L50, F, shiny|100/100
|switch|p1b: Whimsicott|Whimsicott, L50, M|100/100
|switch|p2a: Whimsicott|Whimsicott, L50, F|100/100
|switch|p2b: Charizard|Charizard, L50, M|100/100
|turn|1
|
|t:|1782490583
|switch|p2b: Incineroar|Incineroar, L50, M|100/100
|-ability|p2b: Incineroar|Intimidate|boost
|-unboost|p1a: Raichu|atk|1
|-unboost|p1b: Whimsicott|atk|1
|detailschange|p1a: Raichu|Raichu-Mega-Y, L50, F, shiny
|-mega|p1a: Raichu|Raichu|Raichunite Y
|move|p1b: Whimsicott|Tailwind|p1b: Whimsicott
|-sidestart|p1: Chocokoala VGC|move: Tailwind
|move|p1a: Raichu|Zap Cannon|p2b: Incineroar
|-damage|p2b: Incineroar|31/100
|-status|p2b: Incineroar|par
|-enditem|p2b: Incineroar|Sitrus Berry|[eat]
|-heal|p2b: Incineroar|55/100 par|[from] item: Sitrus Berry
|move|p2a: Whimsicott|Moonblast|p1a: Raichu
|-damage|p1a: Raichu|43/100
|
|upkeep
|turn|2
|
|t:|1782490602
|switch|p1a: Mamoswine|Mamoswine, L50, F|100/100
|move|p2b: Incineroar|Fake Out|p1b: Whimsicott
|-crit|p1b: Whimsicott
|-damage|p1b: Whimsicott|77/100
|cant|p1b: Whimsicott|flinch
|move|p2a: Whimsicott|Moonblast|p1a: Mamoswine
|-damage|p1a: Mamoswine|47/100
|
|upkeep
|turn|3
|inactive|TryingTeams64 has 30 seconds left.
|inactive|TryingTeams64 has 20 seconds left.
|
|t:|1782490641
|move|p2a: Whimsicott|Protect|p2a: Whimsicott
|-singleturn|p2a: Whimsicott|Protect
|move|p1b: Whimsicott|Moonblast|p2a: Whimsicott
|-activate|p2a: Whimsicott|move: Protect
|move|p1a: Mamoswine|High Horsepower|p2b: Incineroar
|-supereffective|p2b: Incineroar|1
|-damage|p2b: Incineroar|0 fnt
|faint|p2b: Incineroar
|
|upkeep
|
|t:|1782490656
|switch|p2b: Charizard|Charizard, L50, M|100/100
|turn|4
|
|t:|1782490663
|detailschange|p2b: Charizard|Charizard-Mega-Y, L50, M
|-mega|p2b: Charizard|Charizard|Charizardite Y
|-weather|SunnyDay|[from] ability: Drought|[of] p2b: Charizard
|move|p1b: Whimsicott|Encore|p2a: Whimsicott
|-start|p2a: Whimsicott|Encore
|move|p2a: Whimsicott|Protect||[still]
|-fail|p2a: Whimsicott
|move|p1a: Mamoswine|Icicle Crash|p2b: Charizard|[miss]
|-miss|p1a: Mamoswine|p2b: Charizard
|move|p2b: Charizard|Heat Wave|p1a: Mamoswine|[spread] p1a,p1b
|-supereffective|p1a: Mamoswine|1
|-supereffective|p1b: Whimsicott|1
|-damage|p1a: Mamoswine|0 fnt
|-damage|p1b: Whimsicott|0 fnt
|faint|p1a: Mamoswine
|faint|p1b: Whimsicott
|
|-weather|SunnyDay|[upkeep]
|-sideend|p1: Chocokoala VGC|move: Tailwind
|upkeep
|
|t:|1782490674
|switch|p1b: Gholdengo|Gholdengo, L50|100/100
|switch|p1a: Raichu|Raichu-Mega-Y, L50, F, shiny|43/100
|turn|5
|
|t:|1782490690
|switch|p2a: Gholdengo|Gholdengo, L50|100/100
|move|p2b: Charizard|Protect|p2b: Charizard
|-singleturn|p2b: Charizard|Protect
|move|p1a: Raichu|Zap Cannon|p2b: Charizard
|-activate|p2b: Charizard|move: Protect
|move|p1b: Gholdengo|Shadow Ball|p2a: Gholdengo
|-supereffective|p2a: Gholdengo|1
|-damage|p2a: Gholdengo|0 fnt
|faint|p2a: Gholdengo
|-damage|p1b: Gholdengo|90/100|[from] item: Life Orb
|
|-weather|SunnyDay|[upkeep]
|upkeep
|
|t:|1782490692
|switch|p2a: Whimsicott|Whimsicott, L50, F|100/100
|turn|6
|
|t:|1782490707
|move|p2a: Whimsicott|Tailwind|p2a: Whimsicott
|-sidestart|p2: TryingTeams64|move: Tailwind
|move|p2b: Charizard|Weather Ball|p1a: Raichu
|-damage|p1a: Raichu|0 fnt
|faint|p1a: Raichu
|move|p1b: Gholdengo|Make It Rain|p2a: Whimsicott|[spread] p2a,p2b
|-supereffective|p2a: Whimsicott|1
|-resisted|p2b: Charizard|1
|-enditem|p2a: Whimsicott|Focus Sash
|-damage|p2a: Whimsicott|1/100
|-damage|p2b: Charizard|70/100
|-unboost|p1b: Gholdengo|spa|2
|-damage|p1b: Gholdengo|81/100|[from] item: Life Orb
|
|-weather|SunnyDay|[upkeep]
|upkeep
|turn|7
|-message|Chocokoala VGC forfeited.
|
|win|TryingTeams64
