|j|☆KodeBeast0526
|j|☆Rimuro VGC
|html|KodeBeast0526Rimuro VGC    
|uhtml|bestof|Game 1 of a best-of-3
|t:|1783403606
|gametype|doubles
|player|p1|KodeBeast0526|sailor|1189
|player|p2|Rimuro VGC|volkner|1144
|gen|9
|tier|[Gen 9 Champions] VGC 2026 Reg M-B (Bo3)
|rated|
|rule|Species Clause: Limit one of each Pokémon
|rule|Item Clause: Limit 1 of each item
|clearpoke
|poke|p1|Gengar, L50, M|
|poke|p1|Swampert, L50, M|
|poke|p1|Incineroar, L50, F|
|poke|p1|Politoed, L50, M|
|poke|p1|Archaludon, L50, M|
|poke|p1|Vivillon-Ocean, L50, F|
|poke|p2|Gardevoir, L50, F, shiny|
|poke|p2|Charizard, L50, F|
|poke|p2|Venusaur, L50, M|
|poke|p2|Garchomp, L50, M|
|poke|p2|Mawile, L50, M, shiny|
|poke|p2|Whimsicott, L50, M|
|teampreview|4
|showteam|p1|Gengar||Gengarite|CursedBody|ShadowBall,PerishSong,SludgeBomb,Protect|Timid||M|||50|]Swampert||Swampertite|Torrent|WaveCrash,Earthquake,IcePunch,Protect|Adamant||M|||50|]Incineroar||PasshoBerry|Intimidate|ThroatChop,PartingShot,FakeOut,Protect|Sassy||F|||50|]Politoed||SitrusBerry|Drizzle|WeatherBall,PerishSong,Encore,Protect|Calm||M|||50|]Archaludon||Leftovers|Stamina|DragonPulse,FlashCannon,ElectroShot,Protect|Bold||M|||50|]Vivillon-Ocean||FocusSash|CompoundEyes|Hurricane,SleepPowder,RagePowder,Protect|Timid||F|||50|
|showteam|p2|Gardevoir||FocusSash|Trace|Psychic,Moonblast,TrickRoom,Protect|Modest||F|||50|]Charizard||CharizarditeY|SolarPower|HeatWave,Protect,AirSlash,AncientPower|Modest||F|||50|]Venusaur||Leftovers|Chlorophyll|EnergyBall,SludgeBomb,SleepPowder,Protect|Modest||M|||50|]Garchomp||LifeOrb|RoughSkin|RockSlide,Outrage,Earthquake,Protect|Adamant||M|||50|]Mawile||Mawilite|Intimidate|PlayRough,IronHead,SwordsDance,Protect|Brave||M|||50|]Whimsicott||MentalHerb|Prankster|Tailwind,Protect,Moonblast,Encore|Modest||M|||50|
|
|t:|1783403622
|teamsize|p1|4
|teamsize|p2|4
|start
|switch|p1a: Incineroar|Incineroar, L50, F|100/100
|switch|p1b: Gengar|Gengar, L50, M|100/100
|switch|p2a: Whimsicott|Whimsicott, L50, M|100/100
|switch|p2b: Charizard|Charizard, L50, F|100/100
|-ability|p1a: Incineroar|Intimidate|boost
|-unboost|p2a: Whimsicott|atk|1
|-unboost|p2b: Charizard|atk|1
|turn|1
|
|t:|1783403658
|switch|p2b: Garchomp|Garchomp, L50, M|100/100
|detailschange|p1b: Gengar|Gengar-Mega, L50, M
|-mega|p1b: Gengar|Gengar|Gengarite
|move|p2a: Whimsicott|Protect|p2a: Whimsicott
|-singleturn|p2a: Whimsicott|Protect
|move|p1a: Incineroar|Fake Out|p2b: Garchomp
|-damage|p2b: Garchomp|90/100
|-damage|p1a: Incineroar|87/100|[from] ability: Rough Skin|[of] p2b: Garchomp
|move|p1b: Gengar|Perish Song|p1b: Gengar
|-start|p1a: Incineroar|perish3|[silent]
|-start|p1b: Gengar|perish3|[silent]
|-start|p2a: Whimsicott|perish3|[silent]
|-start|p2b: Garchomp|perish3|[silent]
|-fieldactivate|move: Perish Song
|
|-start|p1b: Gengar|perish3
|-start|p2a: Whimsicott|perish3
|-start|p2b: Garchomp|perish3
|-start|p1a: Incineroar|perish3
|upkeep
|turn|2
|
|t:|1783403673
|move|p1b: Gengar|Protect|p1b: Gengar
|-singleturn|p1b: Gengar|Protect
|move|p1a: Incineroar|Protect|p1a: Incineroar
|-singleturn|p1a: Incineroar|Protect
|move|p2a: Whimsicott|Tailwind|p2a: Whimsicott
|-sidestart|p2: Rimuro VGC|move: Tailwind
|move|p2b: Garchomp|Earthquake|p1b: Gengar|[spread] p2a
|-activate|p1a: Incineroar|move: Protect
|-activate|p1b: Gengar|move: Protect
|-resisted|p2a: Whimsicott|1
|-damage|p2a: Whimsicott|63/100
|-damage|p2b: Garchomp|80/100|[from] item: Life Orb
|
|-start|p2a: Whimsicott|perish2
|-start|p2b: Garchomp|perish2
|-start|p1b: Gengar|perish2
|-start|p1a: Incineroar|perish2
|upkeep
|turn|3
|
|t:|1783403687
|switch|p1b: Politoed|Politoed, L50, M|100/100
|-weather|RainDance|[from] ability: Drizzle|[of] p1b: Politoed
|move|p2a: Whimsicott|Encore||[still]
|-fail|p2a: Whimsicott
|move|p2b: Garchomp|Earthquake|p1a: Incineroar|[spread] p2a,p1a,p1b
|-resisted|p2a: Whimsicott|1
|-supereffective|p1a: Incineroar|1
|-damage|p2a: Whimsicott|28/100
|-damage|p1a: Incineroar|0 fnt
|-damage|p1b: Politoed|44/100
|-enditem|p1b: Politoed|Sitrus Berry|[eat]
|-heal|p1b: Politoed|69/100|[from] item: Sitrus Berry
|faint|p1a: Incineroar
|-damage|p2b: Garchomp|70/100|[from] item: Life Orb
|
|-weather|RainDance|[upkeep]
|-start|p2a: Whimsicott|perish1
|-start|p2b: Garchomp|perish1
|upkeep
|
|t:|1783403701
|switch|p1a: Gengar|Gengar-Mega, L50, M|100/100
|turn|4
|
|t:|1783403711
|move|p1a: Gengar|Protect|p1a: Gengar
|-singleturn|p1a: Gengar|Protect
|move|p1b: Politoed|Protect|p1b: Politoed
|-singleturn|p1b: Politoed|Protect
|move|p2a: Whimsicott|Moonblast|p1b: Politoed
|-activate|p1b: Politoed|move: Protect
|move|p2b: Garchomp|Earthquake|p1a: Gengar|[spread] p2a
|-activate|p1a: Gengar|move: Protect
|-activate|p1b: Politoed|move: Protect
|-resisted|p2a: Whimsicott|1
|-damage|p2a: Whimsicott|0 fnt
|faint|p2a: Whimsicott
|-damage|p2b: Garchomp|60/100|[from] item: Life Orb
|
|-weather|RainDance|[upkeep]
|-start|p2b: Garchomp|perish0
|faint|p2b: Garchomp
|upkeep
|
|t:|1783403716
|switch|p2a: Venusaur|Venusaur, L50, M|100/100
|switch|p2b: Charizard|Charizard, L50, F|100/100
|turn|5
|
|t:|1783403749
|switch|p1b: Archaludon|Archaludon, L50, M|100/100
|detailschange|p2b: Charizard|Charizard-Mega-Y, L50, F
|-mega|p2b: Charizard|Charizard|Charizardite Y
|-weather|SunnyDay|[from] ability: Drought|[of] p2b: Charizard
|move|p2a: Venusaur|Sleep Powder|p1a: Gengar|[miss]
|-miss|p2a: Venusaur|p1a: Gengar
|move|p2b: Charizard|Heat Wave|p1b: Archaludon|[spread] p1a,p1b
|-damage|p1a: Gengar|27/100
|-damage|p1b: Archaludon|23/100
|-ability|p1b: Archaludon|Stamina|boost
|-boost|p1b: Archaludon|def|1
|move|p1a: Gengar|Perish Song|p1a: Gengar
|-start|p1a: Gengar|perish3|[silent]
|-start|p1b: Archaludon|perish3|[silent]
|-start|p2a: Venusaur|perish3|[silent]
|-start|p2b: Charizard|perish3|[silent]
|-fieldactivate|move: Perish Song
|
|-weather|SunnyDay|[upkeep]
|-heal|p1b: Archaludon|29/100|[from] item: Leftovers
|-start|p2a: Venusaur|perish3
|-start|p2b: Charizard|perish3
|-start|p1a: Gengar|perish3
|-start|p1b: Archaludon|perish3
|-sideend|p2: Rimuro VGC|move: Tailwind
|upkeep
|turn|6
|inactive|Battle timer is ON: inactive players will automatically lose when time's up. (requested by KodeBeast0526)
|-message|Rimuro VGC forfeited.
|
|win|KodeBeast0526
|l|☆Rimuro VGC
|player|p2|
||Rimuro VGC is ready for game 2.
