|j|☆TYRGHASAD
|j|☆insuff1cient
|html|TYRGHASADinsuff1cient    
|uhtml|bestof|Game 2 of a best-of-3
|t:|1785029260
|gametype|doubles
|player|p1|TYRGHASAD|102|
|player|p2|insuff1cient|170|
|gen|9
|tier|[Gen 9 Champions] VGC 2026 Reg M-B (Bo3)
|rule|Species Clause: Limit one of each Pokémon
|rule|Item Clause: Limit 1 of each item
|clearpoke
|poke|p1|Emboar, L50, F, shiny|
|poke|p1|Whimsicott, L50, M|
|poke|p1|Metagross, L50|
|poke|p1|Corviknight, L50, F|
|poke|p1|Primarina, L50, M|
|poke|p1|Tsareena, L50, F|
|poke|p2|Torkoal, L50, F|
|poke|p2|Venusaur, L50, M|
|poke|p2|Hydreigon, L50, F|
|poke|p2|Milotic, L50, M|
|poke|p2|Tinkaton, L50, F|
|poke|p2|Gliscor, L50, M|
|teampreview|4
|showteam|p1|Emboar||Emboarite|Blaze|FlareBlitz,Protect,CloseCombat,SuckerPunch|Adamant||F|||50|]Whimsicott||FocusSash|Prankster|Endeavor,DazzlingGleam,Protect,Tailwind|Timid||M|||50|]Metagross||Leftovers|ClearBody|BodyPress,Earthquake,PsychicFangs,BulletPunch|Relaxed|||||50|]Corviknight||SitrusBerry|Pressure|BraveBird,IronDefense,Uturn,Roost|Impish||F|||50|]Primarina||LifeOrb|Torrent|CalmMind,Surf,Moonblast,Substitute|Modest||M|||50|]Tsareena||LumBerry|QueenlyMajesty|PowerWhip,KnockOff,Protect,Uturn|Jolly||F|||50|
|showteam|p2|Torkoal||Charcoal|Drought|Eruption,HeatWave,AncientPower,Protect|Quiet||F|||50|]Venusaur||LifeOrb|Chlorophyll|GigaDrain,SludgeBomb,SleepPowder,Protect|Modest||M|||50|]Hydreigon||ExpertBelt|Levitate|DarkPulse,DracoMeteor,HeatWave,Protect|Timid||F|||50|]Milotic||Leftovers|Competitive|Scald,IceBeam,Recover,Protect|Bold||M|||50|]Tinkaton||SitrusBerry|MoldBreaker|GigatonHammer,KnockOff,FakeOut,Protect|Jolly||F|||50|]Gliscor||YacheBerry|HyperCutter|Earthquake,DualWingbeat,Protect,SwordsDance|Serious||M|||50|
|
|t:|1785029306
|teamsize|p1|4
|teamsize|p2|4
|start
|switch|p1a: Whimsicott|Whimsicott, L50, M|100/100
|switch|p1b: Corviknight|Corviknight, L50, F|100/100
|switch|p2a: Torkoal|Torkoal, L50, F|100/100
|switch|p2b: Venusaur|Venusaur, L50, M|100/100
|-ability|p1b: Corviknight|Pressure
|-weather|SunnyDay|[from] ability: Drought|[of] p2a: Torkoal
|turn|1
|
|t:|1785029324
|move|p1a: Whimsicott|Tailwind|p1a: Whimsicott
|-sidestart|p1: TYRGHASAD|move: Tailwind
|move|p2b: Venusaur|Sludge Bomb|p1a: Whimsicott
|-supereffective|p1a: Whimsicott|2
|-enditem|p1a: Whimsicott|Focus Sash
|-damage|p1a: Whimsicott|1/100
|-damage|p2b: Venusaur|90/100|[from] item: Life Orb
|move|p1b: Corviknight|Brave Bird|p2b: Venusaur
|-supereffective|p2b: Venusaur|1
|-damage|p2b: Venusaur|0 fnt
|faint|p2b: Venusaur
|-damage|p1b: Corviknight|77/100|[from] Recoil
|move|p2a: Torkoal|Eruption|p1b: Corviknight|[spread] p1a,p1b
|-supereffective|p1a: Whimsicott|1
|-supereffective|p1b: Corviknight|1
|-damage|p1a: Whimsicott|0 fnt
|-damage|p1b: Corviknight|0 fnt
|faint|p1a: Whimsicott
|faint|p1b: Corviknight
|
|-weather|SunnyDay|[upkeep]
|upkeep
|
|t:|1785029346
|switch|p1a: Emboar|Emboar, L50, F, shiny|100/100
|switch|p2b: Hydreigon|Hydreigon, L50, F|100/100
|switch|p1b: Primarina|Primarina, L50, M|100/100
|turn|2
|
|t:|1785029374
|detailschange|p1a: Emboar|Emboar-Mega, L50, F, shiny
|-mega|p1a: Emboar|Emboar|Emboarite
|-ability|p1a: Emboar|Mold Breaker
|move|p2b: Hydreigon|Protect|p2b: Hydreigon
|-singleturn|p2b: Hydreigon|Protect
|move|p1a: Emboar|Close Combat|p2a: Torkoal
|-damage|p2a: Torkoal|46/100
|-unboost|p1a: Emboar|def|1
|-unboost|p1a: Emboar|spd|1
|move|p1b: Primarina|Substitute|p1b: Primarina
|-start|p1b: Primarina|Substitute
|-damage|p1b: Primarina|75/100
|move|p2a: Torkoal|Ancient Power|p1b: Primarina
|-activate|p1b: Primarina|move: Substitute|[damage]
|
|-weather|SunnyDay|[upkeep]
|upkeep
|turn|3
|
|t:|1785029410
|move|p1a: Emboar|Close Combat|p2b: Hydreigon
|-supereffective|p2b: Hydreigon|1
|-damage|p2b: Hydreigon|0 fnt
|-unboost|p1a: Emboar|def|1
|-unboost|p1a: Emboar|spd|1
|faint|p2b: Hydreigon
|move|p1b: Primarina|Calm Mind|p1b: Primarina
|-boost|p1b: Primarina|spa|1
|-boost|p1b: Primarina|spd|1
|move|p2a: Torkoal|Eruption|p1a: Emboar|[spread] p1a,p1b
|-resisted|p1b: Primarina|1
|-end|p1b: Primarina|Substitute
|-resisted|p1a: Emboar|1
|-damage|p1a: Emboar|69/100
|
|-weather|SunnyDay|[upkeep]
|upkeep
|
|t:|1785029423
|switch|p2b: Tinkaton|Tinkaton, L50, F|100/100
|-ability|p2b: Tinkaton|Mold Breaker
|turn|4
|
|t:|1785029459
|move|p1a: Emboar|Protect|p1a: Emboar
|-singleturn|p1a: Emboar|Protect
|move|p2b: Tinkaton|Fake Out|p1b: Primarina
|-damage|p1b: Primarina|64/100
|cant|p1b: Primarina|flinch
|move|p2a: Torkoal|Heat Wave|p1a: Emboar|[spread] p1b
|-activate|p1a: Emboar|move: Protect
|-resisted|p1b: Primarina|1
|-crit|p1b: Primarina
|-damage|p1b: Primarina|28/100
|
|-weather|SunnyDay|[upkeep]
|-sideend|p1: TYRGHASAD|move: Tailwind
|upkeep
|turn|5
|
|t:|1785029499
|move|p2a: Torkoal|Protect|p2a: Torkoal
|-singleturn|p2a: Torkoal|Protect
|move|p2b: Tinkaton|Gigaton Hammer|p1b: Primarina
|-damage|p1b: Primarina|0 fnt
|faint|p1b: Primarina
|move|p1a: Emboar|Flare Blitz|p2b: Tinkaton
|-supereffective|p2b: Tinkaton|1
|-damage|p2b: Tinkaton|0 fnt
|faint|p2b: Tinkaton
|-damage|p1a: Emboar|40/100|[from] Recoil
|
|-weather|none
|upkeep
|turn|6
|
|t:|1785029566
|move|p1a: Emboar|Close Combat|p2a: Torkoal
|-damage|p2a: Torkoal|0 fnt
|-unboost|p1a: Emboar|def|1
|-unboost|p1a: Emboar|spd|1
|faint|p2a: Torkoal
|
|win|TYRGHASAD
