|j|☆Wearevilepersons
|j|☆GentlemanVGC
|html|WearevilepersonsGentlemanVGC    
|uhtml|bestof|Game 2 of a best-of-3
|t:|1755534991
|gametype|doubles
|player|p1|Wearevilepersons|1|1190
|player|p2|GentlemanVGC|gentleman-gen4dp|1261
|gen|9
|tier|[Gen 9] VGC 2025 Reg H (Bo3)
|rated|
|rule|Species Clause: Limit one of each Pokémon
|rule|Item Clause: Limit 1 of each item
|clearpoke
|poke|p1|Talonflame, L50, M|
|poke|p1|Ursaluna, L50, M|
|poke|p1|Pelipper, L50, M|
|poke|p1|Sinistcha-Masterpiece, L50|
|poke|p1|Archaludon, L50, M|
|poke|p1|Dragonite, L50, M|
|poke|p2|Rillaboom, L50, F|
|poke|p2|Magmar, L50, F|
|poke|p2|Kingambit, L50, M|
|poke|p2|Ninetales-Alola, L50, F|
|poke|p2|Basculegion, L50, M|
|poke|p2|Sneasler, L50, F|
|teampreview|4
|showteam|p1|Talonflame||CovertCloak|GaleWings|DualWingbeat,Taunt,RainDance,Tailwind|||M|||50|,,,,,Grass]Ursaluna||FlameOrb|Guts|Facade,Earthquake,HeadlongRush,Protect|||M|||50|,,,,,Fairy]Pelipper||FocusSash|Drizzle|WeatherBall,Hurricane,WideGuard,Protect|||M|||50|,,,,,Stellar]Sinistcha-Masterpiece||SitrusBerry|Hospitality|MatchaGotcha,RagePowder,LifeDew,TrickRoom||||||50|,,,,,Dark]Archaludon||AssaultVest|Stamina|ElectroShot,DracoMeteor,BodyPress,Snarl|||M|||50|,,,,,Fighting]Dragonite||LoadedDice|Multiscale|ScaleShot,Haze,Tailwind,Protect|||M|||50|,,,,,Fairy
|showteam|p2|Rillaboom||AssaultVest|GrassySurge|WoodHammer,GrassyGlide,FakeOut,Uturn|||F|||50|,,,,,Ghost]Magmar||Eviolite|VitalSpirit|HeatWave,FollowMe,Taunt,Protect|||F|||50|,,,,,Ghost]Kingambit||BlackGlasses|Defiant|KowtowCleave,SuckerPunch,SwordsDance,Protect|||M|||50|,,,,,Fire]Ninetales-Alola||LifeOrb|SnowWarning|Blizzard,FreezeDry,Encore,Protect|||F|||50|,,,,,Ghost]Basculegion||ChoiceScarf|Adaptability|WaveCrash,LastRespects,FlipTurn,TeraBlast|||M|||50|,,,,,Fighting]Sneasler||FocusSash|PoisonTouch|CloseCombat,DireClaw,FakeOut,Protect|||F|||50|,,,,,Ghost
|inactive|Battle timer is ON: inactive players will automatically lose when time's up. (requested by GentlemanVGC)
|inactive|Wearevilepersons has 60 seconds left.
|
|t:|1755535046
|teamsize|p1|4
|teamsize|p2|4
|start
|switch|p1a: Talonflame|Talonflame, L50, M|100/100
|switch|p1b: Pelipper|Pelipper, L50, M, shiny|100/100
|switch|p2a: Basculegion|Basculegion, L50, M|100/100
|switch|p2b: Sneasler|Sneasler, L50, F|100/100
|-weather|RainDance|[from] ability: Drizzle|[of] p1b: Pelipper
|turn|1
|
|t:|1755535062
|-terastallize|p1b: Pelipper|Stellar
|move|p2b: Sneasler|Fake Out|p1b: Pelipper
|-damage|p1b: Pelipper|81/100
|-status|p1b: Pelipper|psn|[from] ability: Poison Touch|[of] p2b: Sneasler
|move|p1a: Talonflame|Dual Wingbeat|p2b: Sneasler
|-supereffective|p2b: Sneasler
|-damage|p2b: Sneasler|47/100
|-supereffective|p2b: Sneasler
|-damage|p2b: Sneasler|0 fnt
|faint|p2b: Sneasler
|-hitcount|p2: Sneasler|2
|move|p2a: Basculegion|Flip Turn|p1a: Talonflame
|-supereffective|p1a: Talonflame
|-damage|p1a: Talonflame|0 fnt
|faint|p1a: Talonflame
|
|t:|1755535086
|switch|p2a: Ninetales|Ninetales-Alola, L50, F|100/100|[from] Flip Turn
|-weather|Snowscape|[from] ability: Snow Warning|[of] p2a: Ninetales
|cant|p1b: Pelipper|flinch
|
|-weather|Snowscape|[upkeep]
|-damage|p1b: Pelipper|69/100 psn|[from] psn
|upkeep
|
|t:|1755535105
|switch|p1a: Ursaluna|Ursaluna, L50, M, shiny|100/100
|switch|p2b: Basculegion|Basculegion, L50, M|100/100
|turn|2
|
|t:|1755535125
|switch|p2b: Rillaboom|Rillaboom, L50, F|100/100
|-fieldstart|move: Grassy Terrain|[from] ability: Grassy Surge|[of] p2b: Rillaboom
|switch|p1b: Archaludon|Archaludon, L50, M, shiny|100/100
|move|p1a: Ursaluna|Protect|p1a: Ursaluna
|-singleturn|p1a: Ursaluna|Protect
|move|p2a: Ninetales|Blizzard|p1a: Ursaluna|[spread] p1b
|-activate|p1a: Ursaluna|move: Protect
|-damage|p1b: Archaludon|70/100
|-ability|p1b: Archaludon|Stamina|boost
|-boost|p1b: Archaludon|def|1
|-damage|p2a: Ninetales|91/100|[from] item: Life Orb
|
|-weather|Snowscape|[upkeep]
|-heal|p2a: Ninetales|97/100|[from] Grassy Terrain
|-heal|p1b: Archaludon|77/100|[from] Grassy Terrain
|-status|p1a: Ursaluna|brn|[from] item: Flame Orb
|upkeep
|turn|3
|inactive|Wearevilepersons has 30 seconds left.
|inactive|GentlemanVGC has 30 seconds left.
|inactive|Wearevilepersons has 20 seconds left.
|inactive|GentlemanVGC has 20 seconds left.
|inactive|Wearevilepersons has 15 seconds left.
|inactive|GentlemanVGC has 15 seconds left.
|inactive|Wearevilepersons has 10 seconds left.
|
|t:|1755535174
|switch|p1a: Pelipper|Pelipper, L50, M, shiny, tera:Stellar|69/100 psn
|-weather|RainDance|[from] ability: Drizzle|[of] p1a: Pelipper
|move|p2b: Rillaboom|Fake Out|p1b: Archaludon
|-resisted|p1b: Archaludon
|-damage|p1b: Archaludon|73/100
|-ability|p1b: Archaludon|Stamina|boost
|-boost|p1b: Archaludon|def|1
|move|p2a: Ninetales|Freeze-Dry|p1a: Pelipper
|-supereffective|p1a: Pelipper
|-damage|p1a: Pelipper|0 fnt
|faint|p1a: Pelipper
|-damage|p2a: Ninetales|88/100|[from] item: Life Orb
|cant|p1b: Archaludon|flinch
|
|-weather|RainDance|[upkeep]
|-heal|p2a: Ninetales|94/100|[from] Grassy Terrain
|-heal|p1b: Archaludon|80/100|[from] Grassy Terrain
|upkeep
|
|t:|1755535180
|switch|p1a: Ursaluna|Ursaluna, L50, M, shiny|100/100 brn
|turn|4
|inactive|GentlemanVGC has 30 seconds left.
|inactive|GentlemanVGC has 20 seconds left.
|inactive|Wearevilepersons has 30 seconds left.
|inactive|GentlemanVGC has 15 seconds left.
|
|t:|1755535224
|move|p2a: Ninetales|Protect|p2a: Ninetales
|-singleturn|p2a: Ninetales|Protect
|move|p1b: Archaludon|Body Press|p2b: Rillaboom
|-damage|p2b: Rillaboom|47/100
|move|p2b: Rillaboom|Wood Hammer|p1a: Ursaluna
|-supereffective|p1a: Ursaluna
|-damage|p1a: Ursaluna|0 fnt
|faint|p1a: Ursaluna
|-damage|p2b: Rillaboom|11/100|[from] Recoil
|
|-weather|RainDance|[upkeep]
|-heal|p2a: Ninetales|99/100|[from] Grassy Terrain
|-heal|p1b: Archaludon|86/100|[from] Grassy Terrain
|-heal|p2b: Rillaboom|17/100|[from] Grassy Terrain
|upkeep
|turn|5
|
|t:|1755535245
|switch|p2b: Basculegion|Basculegion, L50, M|100/100
|-terastallize|p2a: Ninetales|Ghost
|move|p2a: Ninetales|Encore|p1b: Archaludon
|-start|p1b: Archaludon|Encore
|move|p1b: Archaludon|Body Press|p2b: Basculegion
|-immune|p2b: Basculegion
|
|-weather|RainDance|[upkeep]
|-heal|p2a: Ninetales|100/100|[from] Grassy Terrain
|-heal|p1b: Archaludon|92/100|[from] Grassy Terrain
|upkeep
|turn|6
|-message|Wearevilepersons forfeited.
|raw|Wearevilepersons's rating: 1190 → 1170(-20 for losing)
|raw|GentlemanVGC's rating: 1261 → 1281(+20 for winning)
|
|win|GentlemanVGC
|l|☆Wearevilepersons
|player|p1|
