|j|☆jgm1234
|j|☆Olympicsvgc
|html|jgm1234Olympicsvgc    
|uhtml|bestof|Game 2 of a best-of-3
|t:|1785841891
|gametype|doubles
|player|p1|jgm1234|emmet|1265
|player|p2|Olympicsvgc|dawn|1319
|gen|9
|tier|[Gen 9 Champions] VGC 2026 Reg M-B (Bo3)
|rated|
|rule|Species Clause: Limit one of each Pokémon
|rule|Item Clause: Limit 1 of each item
|clearpoke
|poke|p1|Charizard, L50, M|
|poke|p1|Toxapex, L50, M|
|poke|p1|Incineroar, L50, F|
|poke|p1|Annihilape, L50, F|
|poke|p1|Garchomp, L50, F|
|poke|p1|Venusaur, L50, M|
|poke|p2|Delphox, L50, M|
|poke|p2|Archaludon, L50, F|
|poke|p2|Pelipper, L50, M|
|poke|p2|Sableye, L50, M|
|poke|p2|Sinistcha, L50|
|poke|p2|Swampert, L50, F|
|teampreview|4
|showteam|p1|Charizard||CharizarditeY|Blaze|HeatWave,WeatherBall,HelpingHand,Protect|Timid||M|||50|]Toxapex||Leftovers|Regenerator|Infestation,Toxic,WideGuard,BanefulBunker|Sassy||M|||50|]Incineroar||SitrusBerry|Intimidate|ThroatChop,FlareBlitz,FakeOut,PartingShot|Impish||F|||50|]Annihilape||FocusSash|Defiant|PhantomForce,CloseCombat,RockTomb,Protect|Jolly||F|||50|]Garchomp||ChoiceScarf|RoughSkin|Earthquake,StompingTantrum,DragonClaw,RockTomb|Adamant||F|||50|]Venusaur||LifeOrb|Chlorophyll|SolarBeam,SludgeBomb,EarthPower,Protect|Modest||M|||50|
|showteam|p2|Delphox||Delphoxite|Blaze|Protect,NastyPlot,HeatWave,Psyshock|Timid||M|||50|]Archaludon||Leftovers|Stamina|ElectroShot,Protect,DragonPulse,FlashCannon|Calm||F|||50|]Pelipper||SitrusBerry|Drizzle|Protect,Tailwind,WeatherBall,Hurricane|Modest||M|||50|]Sableye||LightClay|Prankster|FoulPlay,LightScreen,RainDance,Reflect|Calm||M|||50|]Sinistcha||KasibBerry|Hospitality|Protect,MatchaGotcha,RagePowder,LifeDew|Bold|||||50|]Swampert||Swampertite|Damp|Protect,WaveCrash,IcePunch,Earthquake|Adamant||F|||50|
|inactive|Battle timer is ON: inactive players will automatically lose when time's up. (requested by jgm1234)
|
|t:|1785841922
|teamsize|p1|4
|teamsize|p2|4
|start
|switch|p1a: Toxapex|Toxapex, L50, M|100/100
|switch|p1b: Incineroar|Incineroar, L50, F|100/100
|switch|p2a: Delphox|Delphox, L50, M|100/100
|switch|p2b: Sableye|Sableye, L50, M|100/100
|-ability|p1b: Incineroar|Intimidate|boost
|-unboost|p2a: Delphox|atk|1
|-unboost|p2b: Sableye|atk|1
|turn|1
|
|t:|1785841935
|switch|p2b: Archaludon|Archaludon, L50, F|100/100
|detailschange|p2a: Delphox|Delphox-Mega, L50, M
|-mega|p2a: Delphox|Delphox|Delphoxite
|move|p2a: Delphox|Protect|p2a: Delphox
|-singleturn|p2a: Delphox|Protect
|move|p1b: Incineroar|Fake Out|p2a: Delphox
|-activate|p2a: Delphox|move: Protect
|move|p1a: Toxapex|Toxic|p2b: Archaludon
|-immune|p2b: Archaludon
|
|upkeep
|turn|2
|inactive|Olympicsvgc has 30 seconds left.
|inactive|Olympicsvgc has 20 seconds left.
|inactive|Olympicsvgc has 15 seconds left.
|inactive|Olympicsvgc has 10 seconds left.
|inactive|Olympicsvgc has 5 seconds left.
|
|t:|1785841986
|switch|p2a: Pelipper|Pelipper, L50, M|100/100
|-weather|RainDance|[from] ability: Drizzle|[of] p2a: Pelipper
|move|p1a: Toxapex|Baneful Bunker|p1a: Toxapex
|-singleturn|p1a: Toxapex|move: Protect
|move|p2b: Archaludon|Electro Shot||[still]
|-prepare|p2b: Archaludon|Electro Shot
|-boost|p2b: Archaludon|spa|1
|-anim|p2b: Archaludon|Electro Shot|p1a: Toxapex
|-activate|p1a: Toxapex|move: Protect
|move|p1b: Incineroar|Parting Shot|p2a: Pelipper
|-unboost|p2a: Pelipper|atk|1
|-unboost|p2a: Pelipper|spa|1
|
|t:|1785841998
|switch|p1b: Charizard|Charizard, L50, M|100/100|[from] Parting Shot
|
|-weather|RainDance|[upkeep]
|upkeep
|turn|3
|
|t:|1785842005
|switch|p2a: Sableye|Sableye, L50, M|100/100
|detailschange|p1b: Charizard|Charizard-Mega-Y, L50, M
|-mega|p1b: Charizard|Charizard|Charizardite Y
|-weather|SunnyDay|[from] ability: Drought|[of] p1b: Charizard
|move|p2b: Archaludon|Protect|p2b: Archaludon
|-singleturn|p2b: Archaludon|Protect
|move|p1b: Charizard|Weather Ball|p2b: Archaludon
|-activate|p2b: Archaludon|move: Protect
|move|p1a: Toxapex|Toxic|p2a: Sableye
|-status|p2a: Sableye|tox
|
|-weather|SunnyDay|[upkeep]
|-damage|p2a: Sableye|94/100 tox|[from] psn
|upkeep
|turn|4
|inactive|Olympicsvgc has 30 seconds left.
|
|t:|1785842032
|switch|p1b: Incineroar|Incineroar, L50, F|100/100
|-ability|p1b: Incineroar|Intimidate|boost
|-unboost|p2a: Sableye|atk|1
|-unboost|p2b: Archaludon|atk|1
|switch|p1a: Garchomp|Garchomp, L50, F|100/100
|move|p2a: Sableye|Rain Dance|p2a: Sableye
|-weather|RainDance
|move|p2b: Archaludon|Electro Shot||[still]
|-prepare|p2b: Archaludon|Electro Shot
|-boost|p2b: Archaludon|spa|1
|-anim|p2b: Archaludon|Electro Shot|p1a: Garchomp
|-immune|p1a: Garchomp
|
|-weather|RainDance|[upkeep]
|-damage|p2a: Sableye|82/100 tox|[from] psn
|upkeep
|turn|5
|inactive|jgm1234 has 30 seconds left.
|
|t:|1785842058
|switch|p1a: Charizard|Charizard-Mega-Y, L50, M|100/100
|-weather|SunnyDay|[from] ability: Drought|[of] p1a: Charizard
|move|p2a: Sableye|Reflect|p2a: Sableye
|-sidestart|p2: Olympicsvgc|Reflect
|move|p2b: Archaludon|Dragon Pulse|p1a: Charizard
|-damage|p1a: Charizard|35/100
|move|p1b: Incineroar|Flare Blitz|p2a: Sableye
|-damage|p2a: Sableye|22/100 tox
|-damage|p1b: Incineroar|84/100|[from] Recoil
|
|-weather|SunnyDay|[upkeep]
|-damage|p2a: Sableye|5/100 tox|[from] psn
|upkeep
|turn|6
|
|t:|1785842072
|switch|p1a: Toxapex|Toxapex, L50, M|100/100
|switch|p2a: Pelipper|Pelipper, L50, M|100/100
|-weather|RainDance|[from] ability: Drizzle|[of] p2a: Pelipper
|move|p2b: Archaludon|Electro Shot||[still]
|-prepare|p2b: Archaludon|Electro Shot
|-boost|p2b: Archaludon|spa|1
|-anim|p2b: Archaludon|Electro Shot|p1b: Incineroar
|-damage|p1b: Incineroar|6/100
|-enditem|p1b: Incineroar|Sitrus Berry|[eat]
|-heal|p1b: Incineroar|31/100|[from] item: Sitrus Berry
|move|p1b: Incineroar|Parting Shot|p2b: Archaludon
|-unboost|p2b: Archaludon|atk|1
|-unboost|p2b: Archaludon|spa|1
|
|t:|1785842085
|switch|p1b: Charizard|Charizard-Mega-Y, L50, M|35/100|[from] Parting Shot
|-weather|SunnyDay|[from] ability: Drought|[of] p1b: Charizard
|
|-weather|SunnyDay|[upkeep]
|upkeep
|turn|7
|
|t:|1785842099
|switch|p1b: Garchomp|Garchomp, L50, F|100/100
|switch|p2a: Sableye|Sableye, L50, M|5/100 tox
|switch|p1a: Incineroar|Incineroar, L50, F|31/100
|-ability|p1a: Incineroar|Intimidate|boost
|-unboost|p2a: Sableye|atk|1
|-unboost|p2b: Archaludon|atk|1
|move|p2b: Archaludon|Protect||[still]
|-fail|p2b: Archaludon
|
|-weather|SunnyDay|[upkeep]
|-damage|p2a: Sableye|0 fnt|[from] psn
|faint|p2a: Sableye
|upkeep
|
|t:|1785842107
|switch|p2a: Delphox|Delphox-Mega, L50, M|100/100
|turn|8
|
|t:|1785842121
|move|p2a: Delphox|Protect|p2a: Delphox
|-singleturn|p2a: Delphox|Protect
|move|p1b: Garchomp|Rock Tomb|p2a: Delphox
|-activate|p2a: Delphox|move: Protect
|move|p2b: Archaludon|Dragon Pulse|p1a: Incineroar
|-damage|p1a: Incineroar|0 fnt
|faint|p1a: Incineroar
|
|-weather|SunnyDay|[upkeep]
|upkeep
|
|t:|1785842128
|switch|p1a: Charizard|Charizard-Mega-Y, L50, M|35/100
|turn|9
|
|t:|1785842141
|switch|p2a: Pelipper|Pelipper, L50, M|100/100
|-weather|RainDance|[from] ability: Drizzle|[of] p2a: Pelipper
|switch|p1a: Toxapex|Toxapex, L50, M|100/100
|move|p1b: Garchomp|Rock Tomb|p2a: Pelipper
|-supereffective|p2a: Pelipper|1
|-damage|p2a: Pelipper|68/100
|-unboost|p2a: Pelipper|spe|1
|move|p2b: Archaludon|Electro Shot||[still]
|-prepare|p2b: Archaludon|Electro Shot
|-boost|p2b: Archaludon|spa|1
|-anim|p2b: Archaludon|Electro Shot|p1a: Toxapex
|-supereffective|p1a: Toxapex|1
|-damage|p1a: Toxapex|0 fnt
|faint|p1a: Toxapex
|
|-weather|RainDance|[upkeep]
|upkeep
|
|t:|1785842152
|switch|p1a: Charizard|Charizard-Mega-Y, L50, M|35/100
|-weather|SunnyDay|[from] ability: Drought|[of] p1a: Charizard
|turn|10
|
|t:|1785842161
|move|p1a: Charizard|Helping Hand|p1b: Garchomp
|-singleturn|p1b: Garchomp|Helping Hand|[of] p1a: Charizard
|move|p2b: Archaludon|Protect|p2b: Archaludon
|-singleturn|p2b: Archaludon|Protect
|move|p1b: Garchomp|Rock Tomb|p2a: Pelipper
|-supereffective|p2a: Pelipper|1
|-damage|p2a: Pelipper|27/100
|-unboost|p2a: Pelipper|spe|1
|-enditem|p2a: Pelipper|Sitrus Berry|[eat]
|-heal|p2a: Pelipper|51/100|[from] item: Sitrus Berry
|move|p2a: Pelipper|Tailwind|p2a: Pelipper
|-sidestart|p2: Olympicsvgc|move: Tailwind
|
|-weather|SunnyDay|[upkeep]
|upkeep
|turn|11
|
|t:|1785842175
|move|p2b: Archaludon|Dragon Pulse|p1b: Garchomp
|-supereffective|p1b: Garchomp|1
|-damage|p1b: Garchomp|0 fnt
|faint|p1b: Garchomp
|move|p1a: Charizard|Weather Ball|p2b: Archaludon
|-damage|p2b: Archaludon|21/100
|-ability|p2b: Archaludon|Stamina|boost
|-boost|p2b: Archaludon|def|1
|move|p2a: Pelipper|Weather Ball|p1a: Charizard
|-resisted|p1a: Charizard|1
|-damage|p1a: Charizard|18/100
|
|-weather|SunnyDay|[upkeep]
|-heal|p2b: Archaludon|27/100|[from] item: Leftovers
|upkeep
|turn|12
|-message|jgm1234 forfeited.
|
|win|Olympicsvgc
|raw|jgm1234's rating: 1265 → 1244(-21 for losing)
|raw|Olympicsvgc's rating: 1319 → 1336(+17 for winning)
|l|☆jgm1234
|player|p1|
