|j|☆neuesspielzeug
|j|☆trevYAH
|html|neuesspielzeugtrevYAH    
|uhtml|bestof|Game 1 of a best-of-3
|t:|1784591897
|gametype|doubles
|player|p1|neuesspielzeug|2|1283
|player|p2|trevYAH|trevor|1382
|gen|9
|tier|[Gen 9 Champions] VGC 2026 Reg M-B (Bo3)
|rated|
|rule|Species Clause: Limit one of each Pokémon
|rule|Item Clause: Limit 1 of each item
|clearpoke
|poke|p1|Charizard, L50, F|
|poke|p1|Floette-Eternal, L50, F|
|poke|p1|Sinistcha, L50|
|poke|p1|Tyranitar, L50, F|
|poke|p1|Gholdengo, L50|
|poke|p1|Basculegion, L50, M|
|poke|p2|Maushold, L50|
|poke|p2|Gardevoir, L50, F|
|poke|p2|Pelipper, L50, M|
|poke|p2|Archaludon, L50, F|
|poke|p2|Basculegion, L50, M|
|poke|p2|Charizard, L50, F|
|teampreview|4
|showteam|p1|Charizard||CharizarditeX|Blaze|BreakingSwipe,WillOWisp,TemperFlare,Protect|Adamant||F|||50|]Floette-Eternal||Floettite|FlowerVeil|DazzlingGleam,Moonblast,LightofRuin,Protect|Timid||F|||50|]Sinistcha||KasibBerry|Hospitality|Protect,TrickRoom,MatchaGotcha,RagePowder|Calm|||||50|]Tyranitar||FocusSash|SandStream|RockSlide,LowKick,KnockOff,Protect|Jolly||F|||50|]Gholdengo||LifeOrb|GoodasGold|NastyPlot,ShadowBall,MakeItRain,Protect|Modest|||||50|]Basculegion||ChoiceScarf|Adaptability|WaveCrash,LastRespects,AquaJet,FlipTurn|Jolly||M|||50|
|showteam|p2|Maushold||FocusSash|FriendGuard|SuperFang,FollowMe,RainDance,Protect|Jolly|||||50|]Gardevoir||Gardevoirite|Trace|HyperVoice,Psychic,AuraSphere,Protect|Modest||F|||50|]Pelipper||SitrusBerry|Drizzle|WeatherBall,Hurricane,Tailwind,WideGuard|Modest||M|||50|]Archaludon||Leftovers|Stamina|ElectroShot,DragonPulse,FlashCannon,Protect|Calm||F|||50|]Basculegion||ChoiceScarf|Adaptability|WaveCrash,LastRespects,AquaJet,FlipTurn|Jolly||M|||50|]Charizard||CharizarditeY|Blaze|HeatWave,WeatherBall,SolarBeam,Protect|Modest||F|||50|
|
|t:|1784591932
|teamsize|p1|4
|teamsize|p2|4
|start
|switch|p1a: Gholdengo|Gholdengo, L50|100/100
|switch|p1b: Basculegion|Basculegion, L50, M|100/100
|switch|p2a: Maushold|Maushold, L50|100/100
|switch|p2b: Archaludon|Archaludon, L50, F|100/100
|turn|1
|
|t:|1784591950
|move|p1b: Basculegion|Flip Turn|p2a: Maushold
|-damage|p2a: Maushold|53/100
|
|t:|1784591956
|switch|p1b: Tyranitar|Tyranitar, L50, F|100/100|[from] Flip Turn
|-weather|Sandstorm|[from] ability: Sand Stream|[of] p1b: Tyranitar
|move|p2a: Maushold|Rain Dance|p2a: Maushold
|-weather|RainDance
|move|p1a: Gholdengo|Nasty Plot|p1a: Gholdengo
|-boost|p1a: Gholdengo|spa|2
|move|p2b: Archaludon|Electro Shot||[still]
|-prepare|p2b: Archaludon|Electro Shot
|-boost|p2b: Archaludon|spa|1
|-anim|p2b: Archaludon|Electro Shot|p1a: Gholdengo
|-damage|p1a: Gholdengo|51/100
|
|-weather|RainDance|[upkeep]
|upkeep
|turn|2
|inactive|Battle timer is ON: inactive players will automatically lose when time's up. (requested by trevYAH)
|
|t:|1784591978
|move|p2a: Maushold|Follow Me|p2a: Maushold
|-singleturn|p2a: Maushold|move: Follow Me
|move|p1b: Tyranitar|Low Kick|p2a: Maushold
|-supereffective|p2a: Maushold|1
|-damage|p2a: Maushold|31/100
|move|p1a: Gholdengo|Make It Rain|p2a: Maushold|[spread] p2a,p2b
|-resisted|p2b: Archaludon|1
|-damage|p2a: Maushold|0 fnt
|-damage|p2b: Archaludon|61/100
|-unboost|p1a: Gholdengo|spa|2
|-ability|p2b: Archaludon|Stamina|boost
|-boost|p2b: Archaludon|def|1
|faint|p2a: Maushold
|-damage|p1a: Gholdengo|42/100|[from] item: Life Orb
|move|p2b: Archaludon|Electro Shot||[still]
|-prepare|p2b: Archaludon|Electro Shot
|-boost|p2b: Archaludon|spa|1
|-anim|p2b: Archaludon|Electro Shot|p1a: Gholdengo
|-damage|p1a: Gholdengo|0 fnt
|faint|p1a: Gholdengo
|
|-weather|RainDance|[upkeep]
|-heal|p2b: Archaludon|67/100|[from] item: Leftovers
|upkeep
|
|t:|1784591991
|switch|p2a: Basculegion|Basculegion, L50, M|100/100
|switch|p1a: Floette|Floette-Eternal, L50, F|100/100
|turn|3
|
|t:|1784592007
|move|p1a: Floette|Protect|p1a: Floette
|-singleturn|p1a: Floette|Protect
|move|p2a: Basculegion|Flip Turn|p1b: Tyranitar
|-supereffective|p1b: Tyranitar|1
|-enditem|p1b: Tyranitar|Focus Sash
|-damage|p1b: Tyranitar|1/100
|
|t:|1784592010
|switch|p2a: Gardevoir|Gardevoir, L50, F|100/100|[from] Flip Turn
|-ability|p2a: Gardevoir|Flower Veil|Trace|[from] ability: Trace|[of] p1a: Floette
|move|p1b: Tyranitar|Knock Off|p2a: Gardevoir
|-damage|p2a: Gardevoir|50/100g
|move|p2b: Archaludon|Electro Shot||[still]
|-prepare|p2b: Archaludon|Electro Shot
|-boost|p2b: Archaludon|spa|1
|-anim|p2b: Archaludon|Electro Shot|p1b: Tyranitar
|-damage|p1b: Tyranitar|0 fnt
|faint|p1b: Tyranitar
|
|-weather|RainDance|[upkeep]
|-heal|p2b: Archaludon|73/100|[from] item: Leftovers
|upkeep
|
|t:|1784592012
|switch|p1b: Basculegion|Basculegion, L50, M|100/100
|turn|4
|
|t:|1784592022
|detailschange|p1a: Floette|Floette-Mega, L50, F
|-mega|p1a: Floette|Floette|Floettite
|-ability|p1a: Floette|Fairy Aura
|detailschange|p2a: Gardevoir|Gardevoir-Mega, L50, F
|-mega|p2a: Gardevoir|Gardevoir|Gardevoirite
|move|p2b: Archaludon|Protect|p2b: Archaludon
|-singleturn|p2b: Archaludon|Protect
|move|p1b: Basculegion|Last Respects|p2a: Gardevoir
|-supereffective|p2a: Gardevoir|1
|-damage|p2a: Gardevoir|0 fnt
|faint|p2a: Gardevoir
|move|p1a: Floette|Moonblast|p2b: Archaludon
|-activate|p2b: Archaludon|move: Protect
|
|-weather|RainDance|[upkeep]
|-heal|p2b: Archaludon|79/100|[from] item: Leftovers
|upkeep
|
|t:|1784592029
|switch|p2a: Basculegion|Basculegion, L50, M|100/100
|turn|5
|
|t:|1784592052
|move|p2a: Basculegion|Last Respects|p1b: Basculegion
|-supereffective|p1b: Basculegion|1
|-damage|p1b: Basculegion|0 fnt
|faint|p1b: Basculegion
|move|p1a: Floette|Moonblast|p2a: Basculegion
|-damage|p2a: Basculegion|14/100
|move|p2b: Archaludon|Flash Cannon|p1a: Floette
|-supereffective|p1a: Floette|1
|-damage|p1a: Floette|0 fnt
|faint|p1a: Floette
|
|win|trevYAH
