|j|☆Slo-mmo-o
|j|☆kronblake
|html|Slo-mmo-okronblake    
|uhtml|bestof|Game 1 of a best-of-3
|t:|1756486489
|gametype|doubles
|player|p1|Slo-mmo-o|lance|1166
|player|p2|kronblake|265|1177
|gen|9
|tier|[Gen 9] VGC 2025 Reg H (Bo3)
|rated|
|rule|Species Clause: Limit one of each Pokémon
|rule|Item Clause: Limit 1 of each item
|clearpoke
|poke|p1|Kommo-o, L50, F|
|poke|p1|Ninetales-Alola, L50, F|
|poke|p1|Rillaboom, L50, M|
|poke|p1|Electabuzz, L50, M|
|poke|p1|Annihilape, L50, M|
|poke|p1|Kingambit, L50, F|
|poke|p2|Arcanine-Hisui, L50, F|
|poke|p2|Whimsicott, L50, M|
|poke|p2|Sneasler, L50, M|
|poke|p2|Indeedee, L50, M|
|poke|p2|Ursaluna-Bloodmoon, L50, M|
|poke|p2|Amoonguss, L50, F|
|teampreview|4
|showteam|p1|Kommo-o||LifeOrb|Soundproof|ClangingScales,AuraSphere,Flamethrower,Protect|||F|||50|,,,,,Fire]Ninetales-Alola||NeverMeltIce|SnowWarning|Blizzard,FreezeDry,Encore,Protect|||F|||50|,,,,,Ice]Rillaboom||AssaultVest|GrassySurge|WoodHammer,GrassyGlide,HighHorsepower,FakeOut|||M|||50|,,,,,Poison]Electabuzz||Eviolite|VitalSpirit|Electroweb,HelpingHand,FollowMe,Protect|||M|||50|,,,,,Ghost]Annihilape||FocusSash|Defiant|CloseCombat,ShadowClaw,FinalGambit,Taunt|||M|||50|,,,,,Stellar]Kingambit||BlackGlasses|Defiant|KowtowCleave,SuckerPunch,SwordsDance,Protect|||F|||50|,,,,,Dark
|showteam|p2|Arcanine-Hisui||ChoiceBand|Intimidate|RockSlide,FlareBlitz,CloseCombat,ExtremeSpeed|||F|||50|,,,,,Grass]Whimsicott||CovertCloak|Prankster|Tailwind,SunnyDay,Encore,Moonblast|||M|||50|,,,,,Water]Sneasler||PsychicSeed|Unburden|Protect,CloseCombat,DireClaw,ThroatChop|||M|||50|,,,,,Dark]Indeedee||FocusSash|PsychicSurge|ExpandingForce,Imprison,TrickRoom,TeraBlast|||M|||50|,,,,,Fighting]Ursaluna-Bloodmoon||LifeOrb|MindsEye|Protect,HyperVoice,EarthPower,BloodMoon|||M|||50|,,,,,Normal]Amoonguss||RockyHelmet|Regenerator|RagePowder,Spore,Protect,ClearSmog|||F|||50|,,,,,Fairy
|inactive|Battle timer is ON: inactive players will automatically lose when time's up. (requested by Slo-mmo-o)
|inactive|Slo-mmo-o has 60 seconds left.
|inactive|kronblake has 60 seconds left.
|
|t:|1756486530
|teamsize|p1|4
|teamsize|p2|4
|start
|switch|p1a: Monkey Gong|Rillaboom, L50, M|100/100
|switch|p1b: Queen Goober|Kingambit, L50, F, shiny|100/100
|switch|p2a: Indeedee|Indeedee, L50, M|100/100
|switch|p2b: Sneasler|Sneasler, L50, M|100/100
|-fieldstart|move: Psychic Terrain|[from] ability: Psychic Surge|[of] p2a: Indeedee
|-enditem|p2b: Sneasler|Psychic Seed
|-boost|p2b: Sneasler|spd|1|[from] item: Psychic Seed
|-fieldstart|move: Grassy Terrain|[from] ability: Grassy Surge|[of] p1a: Monkey Gong
|turn|1
|inactive|Slo-mmo-o has 30 seconds left.
|inactive|kronblake has 30 seconds left.
|inactive|Slo-mmo-o has 20 seconds left.
|inactive|kronblake has 20 seconds left.
|inactive|Slo-mmo-o has 15 seconds left.
|
|t:|1756486575
|switch|p1b: Buzz Lightyear|Electabuzz, L50, M|100/100
|-terastallize|p2a: Indeedee|Fighting
|move|p2b: Sneasler|Protect|p2b: Sneasler
|-singleturn|p2b: Sneasler|Protect
|move|p2a: Indeedee|Tera Blast|p1b: Buzz Lightyear|[anim] Tera Blast Fighting
|-damage|p1b: Buzz Lightyear|72/100
|move|p1a: Monkey Gong|Wood Hammer|p2a: Indeedee
|-enditem|p2a: Indeedee|Focus Sash
|-damage|p2a: Indeedee|1/100
|-damage|p1a: Monkey Gong|78/100|[from] Recoil
|
|-heal|p1b: Buzz Lightyear|78/100|[from] Grassy Terrain
|-heal|p2a: Indeedee|7/100|[from] Grassy Terrain
|-heal|p1a: Monkey Gong|84/100|[from] Grassy Terrain
|upkeep
|turn|2
|
|t:|1756486590
|switch|p2a: Amoonguss|Amoonguss, L50, F|100/100
|-terastallize|p1a: Monkey Gong|Poison
|move|p2b: Sneasler|Dire Claw|p1a: Monkey Gong
|-resisted|p1a: Monkey Gong
|-damage|p1a: Monkey Gong|64/100
|move|p1b: Buzz Lightyear|Electroweb|p2b: Sneasler|[spread] p2a,p2b
|-resisted|p2a: Amoonguss
|-damage|p2a: Amoonguss|94/100
|-damage|p2b: Sneasler|90/100
|-unboost|p2a: Amoonguss|spe|1
|-unboost|p2b: Sneasler|spe|1
|move|p1a: Monkey Gong|High Horsepower|p2b: Sneasler
|-supereffective|p2b: Sneasler
|-damage|p2b: Sneasler|0 fnt
|faint|p2b: Sneasler
|
|-heal|p1b: Buzz Lightyear|84/100|[from] Grassy Terrain
|-heal|p1a: Monkey Gong|70/100|[from] Grassy Terrain
|-heal|p2a: Amoonguss|99/100|[from] Grassy Terrain
|upkeep
|
|t:|1756486601
|switch|p2b: Indeedee|Indeedee, L50, M, tera:Fighting|7/100
|-fieldstart|move: Psychic Terrain|[from] ability: Psychic Surge|[of] p2b: Indeedee
|turn|3
|
|t:|1756486620
|move|p1b: Buzz Lightyear|Electroweb|p2a: Amoonguss|[spread] p2a,p2b
|-resisted|p2a: Amoonguss
|-damage|p2a: Amoonguss|94/100
|-damage|p2b: Indeedee|0 fnt
|-unboost|p2a: Amoonguss|spe|1
|faint|p2b: Indeedee
|move|p1a: Monkey Gong|High Horsepower|p2a: Amoonguss
|-damage|p2a: Amoonguss|70/100
|-damage|p1a: Monkey Gong|54/100|[from] item: Rocky Helmet|[of] p2a: Amoonguss
|move|p2a: Amoonguss|Spore|p1a: Monkey Gong
|-status|p1a: Monkey Gong|slp|[from] move: Spore
|
|upkeep
|
|t:|1756486623
|switch|p2b: Ursaluna|Ursaluna-Bloodmoon, L50, M|100/100
|turn|4
|
|t:|1756486640
|move|p1b: Buzz Lightyear|Protect|p1b: Buzz Lightyear
|-singleturn|p1b: Buzz Lightyear|Protect
|cant|p1a: Monkey Gong|slp
|move|p2b: Ursaluna|Hyper Voice|p1a: Monkey Gong|[spread] p1a
|-activate|p1b: Buzz Lightyear|move: Protect
|-damage|p1a: Monkey Gong|20/100 slp
|-damage|p2b: Ursaluna|91/100|[from] item: Life Orb
|move|p2a: Amoonguss|Spore|p1b: Buzz Lightyear
|-activate|p1b: Buzz Lightyear|move: Protect
|
|upkeep
|turn|5
|
|t:|1756486651
|move|p1b: Buzz Lightyear|Helping Hand|p1a: Monkey Gong
|-singleturn|p1a: Monkey Gong|Helping Hand|[of] p1b: Buzz Lightyear
|move|p2a: Amoonguss|Rage Powder|p2a: Amoonguss
|-singleturn|p2a: Amoonguss|move: Rage Powder
|cant|p1a: Monkey Gong|slp
|move|p2b: Ursaluna|Hyper Voice|p1b: Buzz Lightyear|[spread] p1a,p1b
|-crit|p1b: Buzz Lightyear
|-damage|p1a: Monkey Gong|0 fnt
|-damage|p1b: Buzz Lightyear|14/100
|faint|p1a: Monkey Gong
|-damage|p2b: Ursaluna|81/100|[from] item: Life Orb
|
|upkeep
|
|t:|1756486655
|switch|p1a: Lumi|Ninetales-Alola, L50, F, shiny|100/100
|-weather|Snowscape|[from] ability: Snow Warning|[of] p1a: Lumi
|turn|6
|
|t:|1756486666
|move|p1b: Buzz Lightyear|Helping Hand|p1a: Lumi
|-singleturn|p1a: Lumi|Helping Hand|[of] p1b: Buzz Lightyear
|move|p1a: Lumi|Blizzard|p2a: Amoonguss|[spread] p2a,p2b
|-supereffective|p2a: Amoonguss
|-supereffective|p2b: Ursaluna
|-damage|p2a: Amoonguss|0 fnt
|-damage|p2b: Ursaluna|0 fnt
|faint|p2a: Amoonguss
|faint|p2b: Ursaluna
|
|win|Slo-mmo-o
