|j|☆ossigt
|j|☆Abete
|html|ossigtAbete    
|uhtml|bestof|Game 2 of a best-of-3
|t:|1757667034
|gametype|doubles
|player|p1|ossigt|hilbert-wonderlauncher|1285
|player|p2|Abete|medium|1177
|gen|9
|tier|[Gen 9] VGC 2025 Reg H (Bo3)
|rated|
|rule|Species Clause: Limit one of each Pokémon
|rule|Item Clause: Limit 1 of each item
|clearpoke
|poke|p1|Kingambit, L50, F|
|poke|p1|Rillaboom, L50, F|
|poke|p1|Electabuzz, L50, M|
|poke|p1|Dragapult, L50, M|
|poke|p1|Volcarona, L50, M|
|poke|p1|Tauros-Paldea-Aqua, L50, M|
|poke|p2|Ceruledge, L50, F|
|poke|p2|Rillaboom, L50, M|
|poke|p2|Indeedee-F, L50, F|
|poke|p2|Gyarados, L50, M|
|poke|p2|Kingambit, L50, M|
|poke|p2|Sneasler, L50, M|
|teampreview|4
|showteam|p1|Kingambit||BlackGlasses|Defiant|Protect,KowtowCleave,SuckerPunch,SwordsDance|||F|||50|,,,,,Dark]Rillaboom||AssaultVest|GrassySurge|WoodHammer,GrassyGlide,Uturn,FakeOut|||F|||50|,,,,,Fire]Electabuzz||Eviolite|VitalSpirit|Protect,Thunderbolt,HelpingHand,FollowMe|||M|||50|,,,,,Ghost]Dragapult||ChoiceBand|ClearBody|DragonDarts,PhantomForce,Outrage,Uturn|||M|||50|,,,,,Ghost]Volcarona||CovertCloak|FlameBody|Protect,HeatWave,GigaDrain,QuiverDance|||M|||50|,,,,,Dragon]Tauros-Paldea-Aqua||MirrorHerb|Intimidate|Protect,WaveCrash,CloseCombat,AquaJet|||M|||50|,,,,,Water
|showteam|p2|Ceruledge||Leftovers|FlashFire|BitterBlade,Poltergeist,ShadowSneak,BulkUp|||F|||50|,,,,,Grass]Rillaboom||AssaultVest|GrassySurge|FakeOut,WoodHammer,GrassyGlide,Uturn|||M|||50|,,,,,Fire]Indeedee-F||PsychicSeed|PsychicSurge|Psychic,HelpingHand,TrickRoom,FollowMe|||F|||50|,,,,,Water]Gyarados||RockyHelmet|Intimidate|Waterfall,ThunderWave,Taunt,Protect|||M|||50|,,,,,Fairy]Kingambit||BlackGlasses|Defiant|SwordsDance,KowtowCleave,SuckerPunch,Protect|||M|||50|,,,,,Dark]Sneasler||WhiteHerb|Unburden|CloseCombat,DireClaw,ThroatChop,Protect|||M|||50|,,,,,Stellar
|c|☆Abete|glhf
|inactive|Battle timer is ON: inactive players will automatically lose when time's up. (requested by Abete)
|
|t:|1757667060
|teamsize|p1|4
|teamsize|p2|4
|start
|switch|p1a: Electabuzz|Electabuzz, L50, M, shiny|100/100
|switch|p1b: Kingambit|Kingambit, L50, F, shiny|100/100
|switch|p2a: Ceruledge|Ceruledge, L50, F|100/100
|switch|p2b: Rillaboom|Rillaboom, L50, M|100/100
|-fieldstart|move: Grassy Terrain|[from] ability: Grassy Surge|[of] p2b: Rillaboom
|turn|1
|
|t:|1757667079
|move|p1a: Electabuzz|Protect|p1a: Electabuzz
|-singleturn|p1a: Electabuzz|Protect
|move|p1b: Kingambit|Protect|p1b: Kingambit
|-singleturn|p1b: Kingambit|Protect
|move|p2b: Rillaboom|Fake Out|p1b: Kingambit
|-activate|p1b: Kingambit|move: Protect
|move|p2a: Ceruledge|Bulk Up|p2a: Ceruledge
|-boost|p2a: Ceruledge|atk|1
|-boost|p2a: Ceruledge|def|1
|
|upkeep
|turn|2
|
|t:|1757667095
|-terastallize|p2a: Ceruledge|Grass
|move|p1a: Electabuzz|Follow Me|p1a: Electabuzz
|-singleturn|p1a: Electabuzz|move: Follow Me
|move|p2b: Rillaboom|U-turn|p1a: Electabuzz
|-damage|p1a: Electabuzz|80/100
|
|t:|1757667101
|switch|p2b: Indeedee|Indeedee-F, L50, F|100/100|[from] U-turn
|-fieldstart|move: Psychic Terrain|[from] ability: Psychic Surge|[of] p2b: Indeedee
|-enditem|p2b: Indeedee|Psychic Seed
|-boost|p2b: Indeedee|spd|1|[from] item: Psychic Seed
|move|p2a: Ceruledge|Bulk Up|p2a: Ceruledge
|-boost|p2a: Ceruledge|atk|1
|-boost|p2a: Ceruledge|def|1
|move|p1b: Kingambit|Swords Dance|p1b: Kingambit
|-boost|p1b: Kingambit|atk|2
|
|upkeep
|turn|3
|
|t:|1757667123
|move|p1a: Electabuzz|Follow Me|p1a: Electabuzz
|-singleturn|p1a: Electabuzz|move: Follow Me
|move|p2b: Indeedee|Follow Me|p2b: Indeedee
|-singleturn|p2b: Indeedee|move: Follow Me
|move|p2a: Ceruledge|Bulk Up|p2a: Ceruledge
|-boost|p2a: Ceruledge|atk|1
|-boost|p2a: Ceruledge|def|1
|move|p1b: Kingambit|Kowtow Cleave|p2b: Indeedee
|-supereffective|p2b: Indeedee
|-damage|p2b: Indeedee|0 fnt
|faint|p2b: Indeedee
|
|upkeep
|
|t:|1757667131
|switch|p2b: Rillaboom|Rillaboom, L50, M|100/100
|-fieldstart|move: Grassy Terrain|[from] ability: Grassy Surge|[of] p2b: Rillaboom
|turn|4
|
|t:|1757667142
|move|p1a: Electabuzz|Protect|p1a: Electabuzz
|-singleturn|p1a: Electabuzz|Protect
|move|p1b: Kingambit|Protect|p1b: Kingambit
|-singleturn|p1b: Kingambit|Protect
|move|p2b: Rillaboom|Fake Out|p1b: Kingambit
|-activate|p1b: Kingambit|move: Protect
|move|p2a: Ceruledge|Poltergeist|p1a: Electabuzz
|-activate|p1a: Electabuzz|move: Protect
|
|-heal|p1a: Electabuzz|86/100|[from] Grassy Terrain
|upkeep
|turn|5
|
|t:|1757667169
|move|p1a: Electabuzz|Follow Me|p1a: Electabuzz
|-singleturn|p1a: Electabuzz|move: Follow Me
|move|p2b: Rillaboom|Wood Hammer|p1a: Electabuzz
|-damage|p1a: Electabuzz|29/100
|-damage|p2b: Rillaboom|85/100|[from] Recoil
|move|p2a: Ceruledge|Bitter Blade|p1a: Electabuzz
|-damage|p1a: Electabuzz|0 fnt
|faint|p1a: Electabuzz
|move|p1b: Kingambit|Kowtow Cleave|p2a: Ceruledge
|-damage|p2a: Ceruledge|52/100
|
|-heal|p2b: Rillaboom|91/100|[from] Grassy Terrain
|-heal|p2a: Ceruledge|58/100|[from] Grassy Terrain
|-heal|p2a: Ceruledge|64/100|[from] item: Leftovers
|upkeep
|
|t:|1757667185
|switch|p1a: Rillaboom|Rillaboom, L50, F, shiny|100/100
|turn|6
|
|t:|1757667193
|-terastallize|p1b: Kingambit|Dark
|move|p1a: Rillaboom|Fake Out|p2a: Ceruledge
|-damage|p2a: Ceruledge|57/100
|move|p2b: Rillaboom|Wood Hammer|p1b: Kingambit
|-damage|p1b: Kingambit|40/100
|-damage|p2b: Rillaboom|70/100|[from] Recoil
|cant|p2a: Ceruledge|flinch
|move|p1b: Kingambit|Kowtow Cleave|p2a: Ceruledge
|-damage|p2a: Ceruledge|0 fnt
|faint|p2a: Ceruledge
|
|-heal|p2b: Rillaboom|76/100|[from] Grassy Terrain
|-heal|p1b: Kingambit|45/100|[from] Grassy Terrain
|upkeep
|
|t:|1757667200
|switch|p2a: Gyarados|Gyarados, L50, M|100/100
|-ability|p2a: Gyarados|Intimidate|boost
|-unboost|p1a: Rillaboom|atk|1
|-unboost|p1b: Kingambit|atk|1
|-ability|p1b: Kingambit|Defiant|boost
|-boost|p1b: Kingambit|atk|2
|turn|7
|
|t:|1757667216
|move|p1b: Kingambit|Sucker Punch|p2b: Rillaboom
|-damage|p2b: Rillaboom|0 fnt
|faint|p2b: Rillaboom
|move|p1a: Rillaboom|U-turn|p2a: Gyarados
|-resisted|p2a: Gyarados
|-damage|p2a: Gyarados|92/100
|-damage|p1a: Rillaboom|84/100|[from] item: Rocky Helmet|[of] p2a: Gyarados
|
|t:|1757667222
|switch|p1a: Dragapult|Dragapult, L50, M, shiny|100/100|[from] U-turn
|move|p2a: Gyarados|Waterfall|p1b: Kingambit
|-damage|p1b: Kingambit|19/100
|
|-heal|p1b: Kingambit|25/100|[from] Grassy Terrain
|upkeep
|turn|8
|-message|Abete forfeited.
|
|win|ossigt
|l|☆Abete
|player|p2|
||Abete is ready for game 3.
|inactive|ossigt has 30 seconds to confirm battle start!
||ossigt is ready for game 3.
|uhtml|next|Next: Game 3 of 3
