|j|☆pistachio jeff
|j|☆k8mck
|html|pistachio jeffk8mck    
|uhtml|bestof|Game 1 of a best-of-3
|t:|1757906686
|gametype|doubles
|player|p1|pistachio jeff|1|1000
|player|p2|k8mck|101|1022
|gen|9
|tier|[Gen 9] VGC 2025 Reg H (Bo3)
|rated|
|rule|Species Clause: Limit one of each Pokémon
|rule|Item Clause: Limit 1 of each item
|clearpoke
|poke|p1|Ursaluna, L50, M|
|poke|p1|Amoonguss, L50, F|
|poke|p1|Farigiraf, L50, M|
|poke|p1|Indeedee-F, L50, F|
|poke|p1|Ceruledge, L50, M|
|poke|p1|Ditto, L50|
|poke|p2|Sneasler, L50, F|
|poke|p2|Typhlosion-Hisui, L50, M|
|poke|p2|Ursaluna, L50, F|
|poke|p2|Murkrow, L50, F|
|poke|p2|Volcarona, L50, M|
|poke|p2|Indeedee, L50, M|
|teampreview|4
|showteam|p1|Ursaluna||FlameOrb|Guts|Facade,CloseCombat,HeadlongRush,Protect|||M|||50|,,,,,Ground]Amoonguss||RockyHelmet|Regenerator|Spore,SludgeBomb,RagePowder,PollenPuff|||F|||50|,,,,,Grass]Farigiraf||SafetyGoggles|ArmorTail|TrickRoom,CalmMind,ExpandingForce,HyperVoice|||M|||50|,,,,,Normal]Indeedee-F||SitrusBerry|PsychicSurge|FollowMe,HelpingHand,DazzlingGleam,Psychic|||F|||50|,,,,,Psychic]Ceruledge||FocusSash|FlashFire|DestinyBond,BitterBlade,Poltergeist,SwordsDance|||M|||50|,,,,,Fire]Ditto||ChoiceScarf|Imposter|Transform||||||50|,,,,,Normal
|showteam|p2|Sneasler||PsychicSeed|Unburden|Protect,Taunt,DireClaw,CloseCombat|||F|||50|,,,,,Dark]Typhlosion-Hisui||ChoiceScarf|Blaze|Eruption,ShadowBall,HeatWave,Flamethrower|||M|||50|,,,,,Fire]Ursaluna||FlameOrb|Guts|Facade,Protect,HeadlongRush,Earthquake|||F|||50|,,,,,Water]Murkrow||Eviolite|Prankster|Tailwind,FoulPlay,Haze,SunnyDay|||F|||50|,,,,,Steel]Volcarona||SitrusBerry|FlameBody|TeraBlast,RagePowder,Protect,FieryDance|||M|||50|,,,,,Fairy]Indeedee||FocusSash|PsychicSurge|Imprison,DazzlingGleam,TrickRoom,ExpandingForce|||M|||50|,,,,,Fairy
|
|t:|1757906726
|teamsize|p1|4
|teamsize|p2|4
|start
|switch|p1a: Farigiraf|Farigiraf, L50, M|100/100
|switch|p1b: Indeedee|Indeedee-F, L50, F|100/100
|switch|p2a: Sneasler|Sneasler, L50, F|100/100
|switch|p2b: Indeedee|Indeedee, L50, M|100/100
|-fieldstart|move: Psychic Terrain|[from] ability: Psychic Surge|[of] p2b: Indeedee
|-enditem|p2a: Sneasler|Psychic Seed
|-boost|p2a: Sneasler|spd|1|[from] item: Psychic Seed
|turn|1
|
|t:|1757906752
|move|p1b: Indeedee|Helping Hand|p1a: Farigiraf
|-singleturn|p1a: Farigiraf|Helping Hand|[of] p1b: Indeedee
|move|p2a: Sneasler|Dire Claw|p1b: Indeedee
|-damage|p1b: Indeedee|49/100
|-enditem|p1b: Indeedee|Sitrus Berry|[eat]
|-heal|p1b: Indeedee|74/100|[from] item: Sitrus Berry
|move|p2b: Indeedee|Imprison|p2b: Indeedee
|-start|p2b: Indeedee|move: Imprison
|move|p1a: Farigiraf|Hyper Voice|p2b: Indeedee|[spread] p2a,p2b
|-damage|p2a: Sneasler|54/100
|-damage|p2b: Indeedee|25/100
|
|upkeep
|turn|2
|
|t:|1757906780
|move|p2a: Sneasler|Dire Claw|p1b: Indeedee
|-damage|p1b: Indeedee|14/100
|move|p2b: Indeedee|Expanding Force|p1b: Indeedee|[spread] p1a,p1b
|-resisted|p1a: Farigiraf
|-resisted|p1b: Indeedee
|-damage|p1a: Farigiraf|72/100
|-damage|p1b: Indeedee|0 fnt
|faint|p1b: Indeedee
|move|p1a: Farigiraf|Hyper Voice|p2b: Indeedee|[spread] p2a,p2b
|-damage|p2a: Sneasler|22/100
|-damage|p2b: Indeedee|0 fnt
|faint|p2b: Indeedee
|
|upkeep
|
|t:|1757906795
|switch|p2b: Murkrow|Murkrow, L50, F|100/100
|switch|p1b: Amoonguss|Amoonguss, L50, F|100/100
|turn|3
|
|t:|1757906812
|move|p2a: Sneasler|Taunt|p1b: Amoonguss
|-start|p1b: Amoonguss|move: Taunt
|move|p2b: Murkrow|Foul Play|p1a: Farigiraf
|-supereffective|p1a: Farigiraf
|-damage|p1a: Farigiraf|19/100
|cant|p1b: Amoonguss|move: Taunt|Spore
|move|p1a: Farigiraf|Trick Room|p1a: Farigiraf
|-fieldstart|move: Trick Room|[of] p1a: Farigiraf
|
|upkeep
|turn|4
|
|t:|1757906832
|switch|p1b: Ursaluna|Ursaluna, L50, M|100/100
|move|p2a: Sneasler|Protect|p2a: Sneasler
|-singleturn|p2a: Sneasler|Protect
|move|p1a: Farigiraf|Expanding Force|p2b: Murkrow|[spread] 
|-activate|p2a: Sneasler|move: Protect
|-immune|p2b: Murkrow
|move|p2b: Murkrow|Foul Play|p1a: Farigiraf
|-supereffective|p1a: Farigiraf
|-damage|p1a: Farigiraf|0 fnt
|faint|p1a: Farigiraf
|
|-status|p1b: Ursaluna|brn|[from] item: Flame Orb
|upkeep
|
|t:|1757906842
|switch|p1a: Amoonguss|Amoonguss, L50, F|100/100
|turn|5
|
|t:|1757906864
|move|p2b: Murkrow|Sunny Day|p2b: Murkrow
|-weather|SunnyDay
|move|p1a: Amoonguss|Spore|p2a: Sneasler
|-status|p2a: Sneasler|slp|[from] move: Spore
|move|p1b: Ursaluna|Facade|p2b: Murkrow
|-damage|p2b: Murkrow|0 fnt
|faint|p2b: Murkrow
|cant|p2a: Sneasler|slp
|
|-weather|SunnyDay|[upkeep]
|-damage|p1b: Ursaluna|95/100 brn|[from] brn
|-fieldend|move: Psychic Terrain
|upkeep
|
|t:|1757906874
|switch|p2b: Volcarona|Volcarona, L50, M|100/100
|turn|6
|
|t:|1757906883
|move|p2b: Volcarona|Protect|p2b: Volcarona
|-singleturn|p2b: Volcarona|Protect
|cant|p2a: Sneasler|slp
|move|p1a: Amoonguss|Spore|p2b: Volcarona
|-activate|p2b: Volcarona|move: Protect
|move|p1b: Ursaluna|Facade|p2a: Sneasler
|-damage|p2a: Sneasler|0 fnt
|faint|p2a: Sneasler
|
|-weather|SunnyDay|[upkeep]
|-damage|p1b: Ursaluna|89/100 brn|[from] brn
|upkeep
|turn|7
|
|t:|1757906894
|move|p2b: Volcarona|Protect||[still]
|-fail|p2b: Volcarona
|move|p1a: Amoonguss|Spore|p2b: Volcarona
|-status|p2b: Volcarona|slp|[from] move: Spore
|move|p1b: Ursaluna|Facade|p2b: Volcarona
|-damage|p2b: Volcarona|0 fnt
|faint|p2b: Volcarona
|
|win|pistachio jeff
||pistachio jeff is ready for game 2.
||k8mck is ready for game 2.
|uhtml|next|Next: Game 2 of 3
|l|☆pistachio jeff
|player|p1|
