|j|☆Oriozz
|j|☆navicorrin
|html|Oriozznavicorrin    
|uhtml|bestof|Game 2 of a best-of-3
|t:|1783817782
|gametype|doubles
|player|p1|Oriozz|101|1176
|player|p2|navicorrin|caitlin|1295
|gen|9
|tier|[Gen 9 Champions] VGC 2026 Reg M-B (Bo3)
|rated|
|rule|Species Clause: Limit one of each Pokémon
|rule|Item Clause: Limit 1 of each item
|clearpoke
|poke|p1|Kingambit, L50, F|
|poke|p1|Floette-Eternal, L50, F|
|poke|p1|Sneasler, L50, M|
|poke|p1|Incineroar, L50, F|
|poke|p1|Garchomp, L50, M|
|poke|p1|Sinistcha, L50|
|poke|p2|Incineroar, L50, F|
|poke|p2|Farigiraf, L50, M|
|poke|p2|Torkoal, L50, F|
|poke|p2|Maushold-Four, L50|
|poke|p2|Mawile, L50, M|
|poke|p2|Decidueye-Hisui, L50, F|
|teampreview|4
|showteam|p1|Kingambit||ChopleBerry|Defiant|KowtowCleave,Protect,SuckerPunch,IronHead|Adamant||F|||50|]Floette-Eternal||Floettite|FlowerVeil|DazzlingGleam,DrainingKiss,Protect,CalmMind|Bold||F|||50|]Sneasler||FocusSash|Unburden|FakeOut,DireClaw,CloseCombat,Coaching|Jolly||M|||50|]Incineroar||Leftovers|Intimidate|FakeOut,FlareBlitz,PartingShot,HelpingHand|Careful||F|||50|]Garchomp||Garchompite|RoughSkin|Earthquake,StompingTantrum,RockSlide,Protect|Adamant||M|||50|]Sinistcha||SitrusBerry|Hospitality|Protect,MatchaGotcha,TrickRoom,RagePowder|Bold|||||50|
|showteam|p2|Incineroar||WhiteHerb|Intimidate|FakeOut,DarkestLariat,FlareBlitz,CloseCombat|Adamant||F|||50|]Farigiraf||SitrusBerry|ArmorTail|Psychic,Thunderbolt,TrickRoom,Protect|Modest||M|||50|]Torkoal||Charcoal|Drought|Eruption,WeatherBall,HeatWave,Protect|Modest||F|||50|]Maushold-Four||FocusSash|FriendGuard|SuperFang,FollowMe,Feint,Taunt|Relaxed|||||50|]Mawile||Mawilite|HyperCutter|PlayRough,SuckerPunch,RockSlide,Protect|Brave||M|||50|]Decidueye-Hisui||LifeOrb|Scrappy|CloseCombat,LeafBlade,BraveBird,Protect|Brave||F|||50|
|inactive|Battle timer is ON: inactive players will automatically lose when time's up. (requested by Oriozz)
|inactive|Oriozz has 60 seconds left.
|
|t:|1783817836
|teamsize|p1|4
|teamsize|p2|4
|start
|switch|p1a: Floette|Floette-Eternal, L50, F|100/100
|switch|p1b: Kingambit|Kingambit, L50, F|100/100
|switch|p2a: Farigiraf|Farigiraf, L50, M|100/100
|switch|p2b: Maushold|Maushold-Four, L50|100/100
|turn|1
|inactive|Oriozz has 30 seconds left.
|
|t:|1783817863
|detailschange|p1a: Floette|Floette-Mega, L50, F
|-mega|p1a: Floette|Floette|Floettite
|-ability|p1a: Floette|Fairy Aura
|move|p2b: Maushold|Follow Me|p2b: Maushold
|-singleturn|p2b: Maushold|move: Follow Me
|move|p1a: Floette|Calm Mind|p1a: Floette
|-boost|p1a: Floette|spa|1
|-boost|p1a: Floette|spd|1
|move|p1b: Kingambit|Kowtow Cleave|p2b: Maushold
|-damage|p2b: Maushold|48/100
|move|p2a: Farigiraf|Trick Room|p2a: Farigiraf
|-fieldstart|move: Trick Room|[of] p2a: Farigiraf
|
|upkeep
|turn|2
|inactive|Oriozz has 30 seconds left.
|inactive|Oriozz has 20 seconds left.
|
|t:|1783817902
|move|p2b: Maushold|Follow Me|p2b: Maushold
|-singleturn|p2b: Maushold|move: Follow Me
|move|p1b: Kingambit|Kowtow Cleave|p2b: Maushold
|-damage|p2b: Maushold|0 fnt
|faint|p2b: Maushold
|move|p2a: Farigiraf|Psychic|p1a: Floette
|-damage|p1a: Floette|75/100
|move|p1a: Floette|Draining Kiss|p2a: Farigiraf
|-damage|p2a: Farigiraf|40/100
|-heal|p1a: Floette|100/100|[from] drain|[of] p2a: Farigiraf
|-enditem|p2a: Farigiraf|Sitrus Berry|[eat]
|-heal|p2a: Farigiraf|64/100|[from] item: Sitrus Berry
|
|upkeep
|
|t:|1783817913
|switch|p2b: Mawile|Mawile, L50, M|100/100
|turn|3
|inactive|Oriozz has 30 seconds left.
|inactive|Oriozz has 20 seconds left.
|
|t:|1783817953
|switch|p2a: Torkoal|Torkoal, L50, F|100/100
|-weather|SunnyDay|[from] ability: Drought|[of] p2a: Torkoal
|detailschange|p2b: Mawile|Mawile-Mega, L50, M
|-mega|p2b: Mawile|Mawile|Mawilite
|move|p2b: Mawile|Play Rough|p1a: Floette
|-damage|p1a: Floette|0 fnt
|faint|p1a: Floette
|move|p1b: Kingambit|Iron Head|p2b: Mawile
|-damage|p2b: Mawile|59/100
|
|-weather|SunnyDay|[upkeep]
|upkeep
|
|t:|1783817971
|switch|p1a: Garchomp|Garchomp, L50, M|100/100
|turn|4
|
|t:|1783817993
|switch|p1a: Sinistcha|Sinistcha, L50|100/100
|move|p1b: Kingambit|Sucker Punch|p2a: Torkoal
|-damage|p2a: Torkoal|69/100
|move|p2a: Torkoal|Eruption|p1a: Sinistcha|[spread] p1a,p1b
|-supereffective|p1a: Sinistcha|1
|-supereffective|p1b: Kingambit|1
|-damage|p1a: Sinistcha|0 fnt
|-damage|p1b: Kingambit|0 fnt
|faint|p1a: Sinistcha
|faint|p1b: Kingambit
|move|p2b: Mawile|Play Rough|p1: Sinistcha|[notarget]
|-fail|p2b: Mawile
|
|-weather|SunnyDay|[upkeep]
|upkeep
|
|t:|1783818008
|switch|p1a: Garchomp|Garchomp, L50, M|100/100
|turn|5
|l|☆navicorrin
|inactive|navicorrin disconnected and has a minute to reconnect!
|player|p2|
|j|☆navicorrin
|inactive|navicorrin reconnected and has 45 seconds left.
|player|p2|navicorrin|caitlin|
|
|t:|1783818031
|move|p1a: Garchomp|Protect|p1a: Garchomp
|-singleturn|p1a: Garchomp|Protect
|move|p2a: Torkoal|Weather Ball|p1a: Garchomp
|-activate|p1a: Garchomp|move: Protect
|move|p2b: Mawile|Play Rough|p1a: Garchomp
|-activate|p1a: Garchomp|move: Protect
|
|-weather|SunnyDay|[upkeep]
|-fieldend|move: Trick Room
|upkeep
|turn|6
|
|t:|1783818055
|move|p2b: Mawile|Protect|p2b: Mawile
|-singleturn|p2b: Mawile|Protect
|move|p1a: Garchomp|Earthquake|p2b: Mawile|[spread] p2a
|-activate|p2b: Mawile|move: Protect
|-supereffective|p2a: Torkoal|1
|-damage|p2a: Torkoal|3/100
|move|p2a: Torkoal|Weather Ball|p1a: Garchomp
|-resisted|p1a: Garchomp|1
|-damage|p1a: Garchomp|60/100
|
|-weather|SunnyDay|[upkeep]
|upkeep
|turn|7
|
|t:|1783818077
|move|p2b: Mawile|Sucker Punch|p1a: Garchomp
|-damage|p1a: Garchomp|19/100
|-damage|p2b: Mawile|47/100|[from] ability: Rough Skin|[of] p1a: Garchomp
|move|p1a: Garchomp|Earthquake|p2a: Torkoal|[spread] p2a,p2b
|-supereffective|p2a: Torkoal|1
|-supereffective|p2b: Mawile|1
|-damage|p2a: Torkoal|0 fnt
|-damage|p2b: Mawile|0 fnt
|faint|p2a: Torkoal
|faint|p2b: Mawile
|
|-weather|none
|upkeep
|
|t:|1783818082
|switch|p2b: Farigiraf|Farigiraf, L50, M|64/100
|turn|8
|
|t:|1783818104
|move|p1a: Garchomp|Rock Slide|p2b: Farigiraf
|-damage|p2b: Farigiraf|33/100
|cant|p2b: Farigiraf|flinch
|
|upkeep
|turn|9
|
|t:|1783818111
|move|p1a: Garchomp|Earthquake|p2b: Farigiraf
|-damage|p2b: Farigiraf|0 fnt
|faint|p2b: Farigiraf
|
|win|Oriozz
|raw|Oriozz's rating: 1176 → 1209(+33 for winning)
|raw|navicorrin's rating: 1295 → 1262(-33 for losing)
|c|☆navicorrin|fair
|l|☆navicorrin
|player|p2|
