|j|☆raksbach
|j|☆HikariRock
|html|raksbachHikariRock    
|uhtml|bestof|Game 1 of a best-of-3
|t:|1783688289
|gametype|doubles
|player|p1|raksbach|169|1168
|player|p2|HikariRock|riley|1284
|gen|9
|tier|[Gen 9 Champions] VGC 2026 Reg M-B (Bo3)
|rated|
|rule|Species Clause: Limit one of each Pokémon
|rule|Item Clause: Limit 1 of each item
|clearpoke
|poke|p1|Incineroar, L50, F|
|poke|p1|Maushold, L50|
|poke|p1|Sinistcha, L50|
|poke|p1|Sneasler, L50, F|
|poke|p1|Blastoise, L50, M|
|poke|p1|Delphox, L50, M|
|poke|p2|Tyranitar, L50, M|
|poke|p2|Excadrill, L50, M|
|poke|p2|Staraptor, L50, M|
|poke|p2|Sylveon, L50, M|
|poke|p2|Sinistcha, L50|
|poke|p2|Rotom-Wash, L50|
|teampreview|4
|showteam|p1|Incineroar||SitrusBerry|Intimidate|FakeOut,FlareBlitz,DarkestLariat,PartingShot|Impish||F|||50|]Maushold||ChopleBerry|FriendGuard|SuperFang,FollowMe,Protect,Feint|Impish|||||50|]Sinistcha||OccaBerry|Hospitality|MatchaGotcha,LifeDew,RagePowder,Protect|Bold|||||50|]Sneasler||FocusSash|PoisonTouch|FakeOut,CloseCombat,DireClaw,QuickGuard|Jolly||F|||50|]Blastoise||Blastoisinite|Torrent|WaterSpout,DarkPulse,ShellSmash,Protect|Modest||M|||50|]Delphox||Delphoxite|Blaze|HeatWave,Psychic,NastyPlot,Protect|Timid||M|||50|
|showteam|p2|Tyranitar||Tyranitarite|SandStream|RockSlide,KnockOff,LowKick,Protect|Adamant||M|||50|]Excadrill||FocusSash|SandRush|Earthquake,IronHead,RockSlide,Protect|Adamant||M|||50|]Staraptor||Staraptite|Intimidate|BraveBird,CloseCombat,Tailwind,Protect|Jolly||M|||50|]Sylveon||LifeOrb|Pixilate|HyperBeam,HyperVoice,Yawn,Detect|Modest||M|||50|]Sinistcha||ColburBerry|Hospitality|MatchaGotcha,TrickRoom,Protect,RagePowder|Bold|||||50|]Rotom-Wash||SitrusBerry|Levitate|HydroPump,Thunderbolt,WillOWisp,Protect|Modest|||||50|
|inactive|Battle timer is ON: inactive players will automatically lose when time's up. (requested by raksbach)
|
|t:|1783688305
|teamsize|p1|4
|teamsize|p2|4
|start
|switch|p1a: Sinistcha|Sinistcha, L50|100/100
|switch|p1b: Incineroar|Incineroar, L50, F|100/100
|switch|p2a: Sylveon|Sylveon, L50, M|100/100
|switch|p2b: Sinistcha|Sinistcha, L50|100/100
|-ability|p1b: Incineroar|Intimidate|boost
|-unboost|p2a: Sylveon|atk|1
|-unboost|p2b: Sinistcha|atk|1
|turn|1
|
|t:|1783688323
|switch|p2b: Staraptor|Staraptor, L50, M|100/100
|-ability|p2b: Staraptor|Intimidate|boost
|-unboost|p1a: Sinistcha|atk|1
|-unboost|p1b: Incineroar|atk|1
|move|p2a: Sylveon|Hyper Voice|p1b: Incineroar|[spread] p1a,p1b
|-damage|p1a: Sinistcha|51/100
|-damage|p1b: Incineroar|59/100
|-damage|p2a: Sylveon|90/100|[from] item: Life Orb
|move|p1a: Sinistcha|Matcha Gotcha|p2a: Sylveon|[spread] p2a,p2b
|-crit|p2a: Sylveon
|-resisted|p2b: Staraptor|1
|-damage|p2a: Sylveon|61/100
|-heal|p1a: Sinistcha|65/100|[from] drain|[of] p2a: Sylveon
|-damage|p2b: Staraptor|81/100
|-heal|p1a: Sinistcha|74/100|[from] drain|[of] p2b: Staraptor
|move|p1b: Incineroar|Parting Shot|p2a: Sylveon
|-unboost|p2a: Sylveon|atk|1
|-unboost|p2a: Sylveon|spa|1
|
|t:|1783688346
|switch|p1b: Sneasler|Sneasler, L50, F|100/100|[from] Parting Shot
|
|upkeep
|turn|2
|
|t:|1783688361
|switch|p2a: Sinistcha|Sinistcha, L50|100/100
|-heal|p2b: Staraptor|100/100|[from] ability: Hospitality|[of] p2a: Sinistcha
|switch|p1a: Incineroar|Incineroar, L50, F|59/100
|-ability|p1a: Incineroar|Intimidate|boost
|-unboost|p2a: Sinistcha|atk|1
|-unboost|p2b: Staraptor|atk|1
|detailschange|p2b: Staraptor|Staraptor-Mega, L50, M
|-mega|p2b: Staraptor|Staraptor|Staraptite
|move|p1b: Sneasler|Fake Out|p2b: Staraptor
|-damage|p2b: Staraptor|83/100
|cant|p2b: Staraptor|flinch
|
|upkeep
|turn|3
|inactive|HikariRock has 30 seconds left.
|
|t:|1783688388
|switch|p1b: Sinistcha|Sinistcha, L50|74/100
|-heal|p1a: Incineroar|84/100|[from] ability: Hospitality|[of] p1b: Sinistcha
|move|p1a: Incineroar|Fake Out|p2b: Staraptor
|-damage|p2b: Staraptor|71/100
|cant|p2b: Staraptor|flinch
|move|p2a: Sinistcha|Matcha Gotcha|p1b: Sinistcha|[spread] p1a,p1b
|-resisted|p1a: Incineroar|1
|-crit|p1a: Incineroar
|-resisted|p1b: Sinistcha|1
|-crit|p1b: Sinistcha
|-damage|p1a: Incineroar|69/100
|-damage|p1b: Sinistcha|58/100
|
|upkeep
|turn|4
|c|☆raksbach|Both crit xd
|c|☆HikariRock|lol
|inactive|raksbach has 30 seconds left.
|inactive|HikariRock has 30 seconds left.
|c|☆HikariRock|mb
|
|t:|1783688421
|move|p1b: Sinistcha|Rage Powder|p1b: Sinistcha
|-singleturn|p1b: Sinistcha|move: Rage Powder
|move|p2b: Staraptor|Close Combat|p1b: Sinistcha
|-immune|p1b: Sinistcha
|move|p2a: Sinistcha|Matcha Gotcha|p1a: Incineroar|[spread] p1a,p1b
|-resisted|p1a: Incineroar|1
|-crit|p1a: Incineroar
|-resisted|p1b: Sinistcha|1
|-damage|p1a: Incineroar|53/100
|-damage|p1b: Sinistcha|48/100
|move|p1a: Incineroar|Flare Blitz|p2b: Staraptor
|-damage|p2b: Staraptor|24/100
|-damage|p1a: Incineroar|40/100|[from] Recoil
|-enditem|p1a: Incineroar|Sitrus Berry|[eat]
|-heal|p1a: Incineroar|65/100|[from] item: Sitrus Berry
|
|upkeep
|turn|5
|inactive|raksbach has 30 seconds left.
|
|t:|1783688448
|move|p2a: Sinistcha|Rage Powder|p2a: Sinistcha
|-singleturn|p2a: Sinistcha|move: Rage Powder
|move|p2b: Staraptor|Brave Bird|p1b: Sinistcha
|-supereffective|p1b: Sinistcha|1
|-damage|p1b: Sinistcha|0 fnt
|faint|p1b: Sinistcha
|-damage|p2b: Staraptor|7/100|[from] Recoil
|move|p1a: Incineroar|Flare Blitz|p2a: Sinistcha
|-supereffective|p2a: Sinistcha|1
|-damage|p2a: Sinistcha|28/100
|-damage|p1a: Incineroar|44/100|[from] Recoil
|
|upkeep
|
|t:|1783688461
|switch|p1b: Sneasler|Sneasler, L50, F|100/100
|turn|6
|inactive|HikariRock has 30 seconds left.
|
|t:|1783688489
|move|p2b: Staraptor|Protect|p2b: Staraptor
|-singleturn|p2b: Staraptor|Protect
|move|p1b: Sneasler|Fake Out|p2b: Staraptor
|-activate|p2b: Staraptor|move: Protect
|move|p2a: Sinistcha|Matcha Gotcha|p1a: Incineroar|[spread] p1a,p1b
|-resisted|p1a: Incineroar|1
|-resisted|p1b: Sneasler|1
|-damage|p1a: Incineroar|33/100
|-heal|p2a: Sinistcha|34/100|[from] drain|[of] p1a: Incineroar
|-damage|p1b: Sneasler|82/100
|-heal|p2a: Sinistcha|42/100|[from] drain|[of] p1b: Sneasler
|move|p1a: Incineroar|Flare Blitz|p2a: Sinistcha
|-supereffective|p2a: Sinistcha|1
|-damage|p2a: Sinistcha|0 fnt
|faint|p2a: Sinistcha
|-damage|p1a: Incineroar|20/100y|[from] Recoil
|
|upkeep
|
|t:|1783688504
|switch|p2a: Excadrill|Excadrill, L50, M|100/100
|turn|7
|
|t:|1783688518
|move|p1b: Sneasler|Dire Claw|p2b: Staraptor
|-damage|p2b: Staraptor|0 fnt
|faint|p2b: Staraptor
|move|p2a: Excadrill|Earthquake|p1b: Sneasler|[spread] p1a,p1b
|-supereffective|p1a: Incineroar|1
|-supereffective|p1b: Sneasler|1
|-damage|p1a: Incineroar|0 fnt
|-damage|p1b: Sneasler|0 fnt
|faint|p1a: Incineroar
|faint|p1b: Sneasler
|
|upkeep
|
|t:|1783688528
|switch|p1b: Blastoise|Blastoise, L50, M|100/100
|switch|p2b: Sylveon|Sylveon, L50, M|61/100
|turn|8
|
|t:|1783688540
|detailschange|p1b: Blastoise|Blastoise-Mega, L50, M
|-mega|p1b: Blastoise|Blastoise|Blastoisinite
|move|p1b: Blastoise|Protect|p1b: Blastoise
|-singleturn|p1b: Blastoise|Protect
|move|p2a: Excadrill|Iron Head|p1b: Blastoise
|-activate|p1b: Blastoise|move: Protect
|move|p2b: Sylveon|Yawn|p1b: Blastoise
|-activate|p1b: Blastoise|move: Protect
|
|upkeep
|turn|9
|inactive|raksbach has 30 seconds left.
|
|t:|1783688570
|move|p2a: Excadrill|Iron Head|p1b: Blastoise
|-resisted|p1b: Blastoise|1
|-damage|p1b: Blastoise|75/100
|move|p1b: Blastoise|Water Spout|p2b: Sylveon|[spread] p2a,p2b
|-supereffective|p2a: Excadrill|1
|-crit|p2a: Excadrill
|-enditem|p2a: Excadrill|Focus Sash
|-damage|p2a: Excadrill|1/100
|-damage|p2b: Sylveon|21/100
|move|p2b: Sylveon|Yawn|p1b: Blastoise
|-start|p1b: Blastoise|move: Yawn|[of] p2b: Sylveon
|
|upkeep
|turn|10
|
|t:|1783688581
|move|p2a: Excadrill|Protect|p2a: Excadrill
|-singleturn|p2a: Excadrill|Protect
|move|p2b: Sylveon|Detect|p2b: Sylveon
|-singleturn|p2b: Sylveon|Protect
|move|p1b: Blastoise|Water Spout|p2b: Sylveon|[spread] 
|-activate|p2a: Excadrill|move: Protect
|-activate|p2b: Sylveon|move: Protect
|
|-end|p1b: Blastoise|move: Yawn|[silent]
|-status|p1b: Blastoise|slp
|upkeep
|turn|11
|
|t:|1783688596
|cant|p1b: Blastoise|slp
|move|p2a: Excadrill|Rock Slide|p1b: Blastoise|[miss]
|-miss|p2a: Excadrill|p1b: Blastoise
|move|p2b: Sylveon|Hyper Voice|p1b: Blastoise
|-damage|p1b: Blastoise|0 fnt
|faint|p1b: Blastoise
|-damage|p2b: Sylveon|11/100|[from] item: Life Orb
|
|win|HikariRock
