|j|☆moicito
|j|☆ZXMaverickHunter
|html|moicitoZXMaverickHunter    
|uhtml|bestof|Game 3 of a best-of-3
|t:|1756353631
|gametype|doubles
|player|p1|moicito|caitlin|1156
|player|p2|ZXMaverickHunter|flint|1132
|gen|9
|tier|[Gen 9] VGC 2025 Reg H (Bo3)
|rated|
|rule|Species Clause: Limit one of each Pokémon
|rule|Item Clause: Limit 1 of each item
|clearpoke
|poke|p1|Kingambit, L50, F|
|poke|p1|Rillaboom, L50, F|
|poke|p1|Magmar, L50, F|
|poke|p1|Primarina, L50, M|
|poke|p1|Sneasler, L50, M|
|poke|p1|Dragapult, L50, M|
|poke|p2|Rillaboom, L50, F|
|poke|p2|Dragonite, L50, M|
|poke|p2|Sneasler, L50, M|
|poke|p2|Ninetales-Alola, L50, M|
|poke|p2|Kingambit, L50, F|
|poke|p2|Magmar, L50, M|
|teampreview|4
|showteam|p1|Kingambit||BlackGlasses|Defiant|Protect,KowtowCleave,SuckerPunch,SwordsDance|||F|||50|,,,,,Ghost]Rillaboom||AssaultVest|GrassySurge|WoodHammer,GrassyGlide,HighHorsepower,FakeOut|||F|||50|,,,,,Fire]Magmar||Eviolite|VitalSpirit|Overheat,WillOWisp,FollowMe,Protect|||F|||50|,,,,,Ghost]Primarina||SitrusBerry|LiquidVoice|HyperVoice,Moonblast,Haze,Protect|||M|||50|,,,,,Water]Sneasler||FocusSash|PoisonTouch|CloseCombat,DireClaw,Coaching,FakeOut|||M|||50|,,,,,Stellar]Dragapult||ChoiceBand|ClearBody|DragonDarts,TeraBlast,PhantomForce,Uturn|||M|||50|,,,,,Ghost
|showteam|p2|Rillaboom||AssaultVest|GrassySurge|WoodHammer,GrassyGlide,HighHorsepower,FakeOut|||F|||50|,,,,,Fire]Dragonite||LoadedDice|Multiscale|Protect,ScaleShot,LowKick,Haze|||M|||50|,,,,,Fairy]Sneasler||WhiteHerb|Unburden|Protect,DireClaw,CloseCombat,Coaching|||M|||50|,,,,,Ghost]Ninetales-Alola||ChoiceSpecs|SnowWarning|Blizzard,IcyWind,Moonblast,FreezeDry|||M|||50|,,,,,Ghost]Kingambit||SafetyGoggles|Defiant|Protect,KowtowCleave,SuckerPunch,SwordsDance|||F|||50|,,,,,Dark]Magmar||Eviolite|VitalSpirit|Protect,FollowMe,Overheat,WillOWisp|||M|||50|,,,,,Dragon
|inactive|Battle timer is ON: inactive players will automatically lose when time's up. (requested by ZXMaverickHunter)
|
|t:|1756353671
|teamsize|p1|4
|teamsize|p2|4
|start
|switch|p1a: Magmar|Magmar, L50, F|100/100
|switch|p1b: Primarina|Primarina, L50, M|100/100
|switch|p2a: 90% = 50%|Dragonite, L50, M, shiny|100/100
|switch|p2b: Mogmar|Magmar, L50, M, shiny|100/100
|turn|1
|inactive|moicito has 30 seconds left.
|inactive|ZXMaverickHunter has 30 seconds left.
|inactive|moicito has 20 seconds left.
|
|t:|1756353707
|move|p1a: Magmar|Protect|p1a: Magmar
|-singleturn|p1a: Magmar|Protect
|move|p2b: Mogmar|Follow Me|p2b: Mogmar
|-singleturn|p2b: Mogmar|move: Follow Me
|move|p2a: 90% = 50%|Scale Shot|p1a: Magmar
|-activate|p1a: Magmar|move: Protect
|move|p1b: Primarina|Hyper Voice|p2b: Mogmar|[spread] p2a,p2b
|-resisted|p2a: 90% = 50%
|-supereffective|p2b: Mogmar
|-damage|p2a: 90% = 50%|92/100
|-damage|p2b: Mogmar|52/100
|
|upkeep
|turn|2
|
|t:|1756353728
|-terastallize|p1b: Primarina|Water
|move|p2b: Mogmar|Follow Me|p2b: Mogmar
|-singleturn|p2b: Mogmar|move: Follow Me
|move|p1a: Magmar|Follow Me|p1a: Magmar
|-singleturn|p1a: Magmar|move: Follow Me
|move|p2a: 90% = 50%|Scale Shot|p1a: Magmar
|-damage|p1a: Magmar|89/100
|-damage|p1a: Magmar|78/100
|-damage|p1a: Magmar|67/100
|-damage|p1a: Magmar|55/100
|-damage|p1a: Magmar|45/100
|-hitcount|p1a: Magmar|5
|-unboost|p2a: 90% = 50%|def|1
|-boost|p2a: 90% = 50%|spe|1
|move|p1b: Primarina|Hyper Voice|p2a: 90% = 50%|[spread] p2a,p2b
|-resisted|p2a: 90% = 50%
|-supereffective|p2b: Mogmar
|-damage|p2a: 90% = 50%|67/100
|-damage|p2b: Mogmar|0 fnt
|faint|p2b: Mogmar
|
|upkeep
|inactive|ZXMaverickHunter has 30 seconds left.
|
|t:|1756353756
|switch|p2b: Noah's BFF|Sneasler, L50, M, shiny|100/100
|turn|3
|inactive|ZXMaverickHunter has 30 seconds left.
|
|t:|1756353785
|move|p2a: 90% = 50%|Protect|p2a: 90% = 50%
|-singleturn|p2a: 90% = 50%|Protect
|move|p1a: Magmar|Protect|p1a: Magmar
|-singleturn|p1a: Magmar|Protect
|move|p1b: Primarina|Protect|p1b: Primarina
|-singleturn|p1b: Primarina|Protect
|move|p2b: Noah's BFF|Close Combat|p1a: Magmar
|-activate|p1a: Magmar|move: Protect
|
|upkeep
|turn|4
|inactive|ZXMaverickHunter has 30 seconds left.
|
|t:|1756353814
|move|p1a: Magmar|Follow Me|p1a: Magmar
|-singleturn|p1a: Magmar|move: Follow Me
|move|p2a: 90% = 50%|Scale Shot|p1a: Magmar
|-damage|p1a: Magmar|32/100
|-damage|p1a: Magmar|20/100
|-damage|p1a: Magmar|9/100
|-damage|p1a: Magmar|0 fnt
|faint|p1a: Magmar
|-hitcount|p1: Magmar|4
|-unboost|p2a: 90% = 50%|def|1
|-boost|p2a: 90% = 50%|spe|1
|move|p2b: Noah's BFF|Close Combat|p1b: Primarina
|-damage|p1b: Primarina|37/100
|-unboost|p2b: Noah's BFF|def|1
|-unboost|p2b: Noah's BFF|spd|1
|-enditem|p1b: Primarina|Sitrus Berry|[eat]
|-heal|p1b: Primarina|62/100|[from] item: Sitrus Berry
|-enditem|p2b: Noah's BFF|White Herb
|-clearnegativeboost|p2b: Noah's BFF|[silent]
|move|p1b: Primarina|Moonblast|p2a: 90% = 50%
|-supereffective|p2a: 90% = 50%
|-damage|p2a: 90% = 50%|0 fnt
|faint|p2a: 90% = 50%
|
|upkeep
|inactive|moicito has 30 seconds left.
|
|t:|1756353844
|switch|p2a: Kingambling|Kingambit, L50, F, shiny|100/100
|switch|p1a: Snisli|Sneasler, L50, M|100/100
|turn|5
|inactive|moicito has 30 seconds left.
|inactive|ZXMaverickHunter has 30 seconds left.
|inactive|ZXMaverickHunter has 20 seconds left.
|
|t:|1756353881
|-terastallize|p2b: Noah's BFF|Ghost
|move|p2a: Kingambling|Protect|p2a: Kingambling
|-singleturn|p2a: Kingambling|Protect
|move|p2b: Noah's BFF|Close Combat|p1b: Primarina
|-damage|p1b: Primarina|0 fnt
|-unboost|p2b: Noah's BFF|def|1
|-unboost|p2b: Noah's BFF|spd|1
|faint|p1b: Primarina
|move|p1a: Snisli|Close Combat|p2a: Kingambling
|-activate|p2a: Kingambling|move: Protect
|
|upkeep
|
|t:|1756353893
|switch|p1b: Kingii|Kingambit, L50, F, shiny|100/100
|turn|6
|inactive|ZXMaverickHunter has 30 seconds left.
|
|t:|1756353923
|move|p1b: Kingii|Sucker Punch||[still]
|-fail|p1b: Kingii
|move|p2b: Noah's BFF|Coaching|p2a: Kingambling
|-boost|p2a: Kingambling|atk|1
|-boost|p2a: Kingambling|def|1
|move|p1a: Snisli|Close Combat|p2a: Kingambling
|-supereffective|p2a: Kingambling
|-damage|p2a: Kingambling|0 fnt
|-unboost|p1a: Snisli|def|1
|-unboost|p1a: Snisli|spd|1
|faint|p2a: Kingambling
|
|upkeep
|turn|7
|
|t:|1756353937
|move|p1b: Kingii|Sucker Punch|p2b: Noah's BFF
|-supereffective|p2b: Noah's BFF
|-damage|p2b: Noah's BFF|0 fnt
|faint|p2b: Noah's BFF
|
|win|moicito
|raw|moicito's rating: 1156 → 1179(+23 for winning)
|raw|ZXMaverickHunter's rating: 1132 → 1109(-23 for losing)
|c|☆moicito|ggs
|c|☆ZXMaverickHunter|ggs
