|j|☆slowpoke.jpg
|j|☆tedidn
|html|slowpoke.jpgtedidn    
|uhtml|bestof|Game 2 of a best-of-3
|t:|1756667020
|gametype|doubles
|player|p1|slowpoke.jpg|fisherman-gen4|1348
|player|p2|tedidn|marshal|1282
|gen|9
|tier|[Gen 9] VGC 2025 Reg H (Bo3)
|rated|
|rule|Species Clause: Limit one of each Pokémon
|rule|Item Clause: Limit 1 of each item
|clearpoke
|poke|p1|Sneasler, L50, F|
|poke|p1|Indeedee, L50, M|
|poke|p1|Volcarona, L50, M|
|poke|p1|Ursaluna-Bloodmoon, L50, M|
|poke|p1|Annihilape, L50, M|
|poke|p1|Tyranitar, L50, M|
|poke|p2|Dragonite, L50, M|
|poke|p2|Ursaluna, L50, M|
|poke|p2|Gholdengo, L50|
|poke|p2|Porygon2, L50|
|poke|p2|Volcarona, L50, M|
|poke|p2|Grimmsnarl, L50, M|
|teampreview|4
|showteam|p1|Sneasler||PsychicSeed|Unburden|CloseCombat,DireClaw,ThroatChop,Protect|||F|||50|,,,,,Dark]Indeedee||ChoiceScarf|PsychicSurge|ExpandingForce,TeraBlast,Trick,Protect|||M|||50|,,,,,Psychic]Volcarona||SitrusBerry|FlameBody|Flamethrower,StruggleBug,RagePowder,Tailwind|||M|||50|,,,,,Grass]Ursaluna-Bloodmoon||LifeOrb|MindsEye|BloodMoon,HyperVoice,EarthPower,Protect|||M|||50|,,,,,Normal]Annihilape||SafetyGoggles|Defiant|CloseCombat,RageFist,Taunt,FinalGambit|||M|||50|,,,,,Fairy]Tyranitar||AssaultVest|SandStream|RockSlide,KnockOff,TeraBlast,LowKick|||M|||50|,,,,,Flying
|showteam|p2|Dragonite||LoadedDice|InnerFocus|ScaleShot,Tailwind,Haze,Protect|||M|||50|,,,,,Fairy]Ursaluna||FlameOrb|Guts|HeadlongRush,Earthquake,Facade,Protect|||M|||50|,,,,,Grass]Gholdengo||LifeOrb|GoodasGold|MakeItRain,ShadowBall,NastyPlot,Protect||||||50|,,,,,Dragon]Porygon2||Eviolite|Download|TeraBlast,Recover,IceBeam,TrickRoom||||||50|,,,,,Fighting]Volcarona||SafetyGoggles|FlameBody|Overheat,Tailwind,StruggleBug,RagePowder|||M|||50|,,,,,Fairy]Grimmsnarl||LightClay|Prankster|FoulPlay,ThunderWave,Reflect,LightScreen|||M|||50|,,,,,Ghost
|inactive|Battle timer is ON: inactive players will automatically lose when time's up. (requested by tedidn)
|inactive|tedidn has 60 seconds left.
|
|t:|1756667062
|teamsize|p1|4
|teamsize|p2|4
|start
|switch|p1a: Annihilape|Annihilape, L50, M|100/100
|switch|p1b: Volcarona|Volcarona, L50, M|100/100
|switch|p2a: Douglass|Dragonite, L50, M|100/100
|switch|p2b: Sinatra|Volcarona, L50, M|100/100
|turn|1
|
|t:|1756667069
|move|p1b: Volcarona|Tailwind|p1b: Volcarona
|-sidestart|p1: slowpoke.jpg|move: Tailwind
|move|p1a: Annihilape|Final Gambit|p2a: Douglass
|-damage|p2a: Douglass|0 fnt
|faint|p1a: Annihilape
|faint|p2a: Douglass
|move|p2b: Sinatra|Overheat|p1b: Volcarona
|-damage|p1b: Volcarona|42/100
|-unboost|p2b: Sinatra|spa|2
|-enditem|p1b: Volcarona|Sitrus Berry|[eat]
|-heal|p1b: Volcarona|67/100|[from] item: Sitrus Berry
|
|upkeep
|
|t:|1756667080
|switch|p1a: Ursaluna|Ursaluna-Bloodmoon, L50, M|100/100
|switch|p2a: Daquavion|Porygon2, L50|100/100
|-ability|p2a: Daquavion|Download|boost
|-boost|p2a: Daquavion|spa|1
|turn|2
|
|t:|1756667089
|-terastallize|p1a: Ursaluna|Normal
|-terastallize|p2a: Daquavion|Fighting
|move|p1b: Volcarona|Struggle Bug|p2b: Sinatra|[spread] p2a,p2b
|-resisted|p2a: Daquavion
|-resisted|p2b: Sinatra
|-damage|p2a: Daquavion|95/100
|-damage|p2b: Sinatra|93/100
|-unboost|p2a: Daquavion|spa|1
|-unboost|p2b: Sinatra|spa|1
|move|p1a: Ursaluna|Blood Moon|p2a: Daquavion
|-damage|p2a: Daquavion|0 fnt
|faint|p2a: Daquavion
|-damage|p1a: Ursaluna|91/100|[from] item: Life Orb
|move|p2b: Sinatra|Tailwind|p2b: Sinatra
|-sidestart|p2: tedidn|move: Tailwind
|
|upkeep
|
|t:|1756667095
|switch|p2a: Mr.Bigbucks|Gholdengo, L50|100/100
|turn|3
|
|t:|1756667102
|move|p2b: Sinatra|Rage Powder|p2b: Sinatra
|-singleturn|p2b: Sinatra|move: Rage Powder
|move|p1b: Volcarona|Struggle Bug|p2a: Mr.Bigbucks|[spread] p2a,p2b
|-resisted|p2a: Mr.Bigbucks
|-resisted|p2b: Sinatra
|-damage|p2a: Mr.Bigbucks|97/100
|-damage|p2b: Sinatra|85/100
|-unboost|p2a: Mr.Bigbucks|spa|1
|-unboost|p2b: Sinatra|spa|1
|move|p2a: Mr.Bigbucks|Nasty Plot|p2a: Mr.Bigbucks
|-boost|p2a: Mr.Bigbucks|spa|2
|move|p1a: Ursaluna|Hyper Voice|p2b: Sinatra|[spread] p2a,p2b
|-resisted|p2a: Mr.Bigbucks
|-damage|p2a: Mr.Bigbucks|63/100
|-damage|p2b: Sinatra|19/100
|-damage|p1a: Ursaluna|81/100|[from] item: Life Orb
|
|upkeep
|turn|4
|
|t:|1756667111
|move|p1b: Volcarona|Flamethrower|p2b: Sinatra
|-damage|p2b: Sinatra|0 fnt
|faint|p2b: Sinatra
|move|p2a: Mr.Bigbucks|Make It Rain|p1a: Ursaluna|[spread] p1a,p1b
|-resisted|p1b: Volcarona
|-damage|p1a: Ursaluna|0 fnt
|-damage|p1b: Volcarona|30/100
|-unboost|p2a: Mr.Bigbucks|spa|1
|faint|p1a: Ursaluna
|-damage|p2a: Mr.Bigbucks|53/100|[from] item: Life Orb
|
|-sideend|p1: slowpoke.jpg|move: Tailwind
|upkeep
|
|t:|1756667113
|switch|p1a: Tyranitar|Tyranitar, L50, M|100/100
|-weather|Sandstorm|[from] ability: Sand Stream|[of] p1a: Tyranitar
|turn|5
|
|t:|1756667118
|move|p2a: Mr.Bigbucks|Make It Rain|p1b: Volcarona|[spread] p1a,p1b
|-supereffective|p1a: Tyranitar
|-resisted|p1b: Volcarona
|-damage|p1a: Tyranitar|51/100
|-damage|p1b: Volcarona|6/100
|-unboost|p2a: Mr.Bigbucks|spa|1
|-damage|p2a: Mr.Bigbucks|43/100|[from] item: Life Orb
|move|p1b: Volcarona|Flamethrower|p2a: Mr.Bigbucks
|-supereffective|p2a: Mr.Bigbucks
|-damage|p2a: Mr.Bigbucks|0 fnt
|faint|p2a: Mr.Bigbucks
|
|win|slowpoke.jpg
|raw|slowpoke.jpg's rating: 1348 → 1364(+16 for winning)
|raw|tedidn's rating: 1282 → 1262(-20 for losing)
