|j|☆battle sim trainer
|j|☆lildueldisk
|html|battle sim trainerlildueldisk    
|uhtml|bestof|Game 1 of a best-of-3
|t:|1756937311
|gametype|doubles
|player|p1|battle sim trainer|steven|1076
|player|p2|lildueldisk|boarder|1116
|gen|9
|tier|[Gen 9] VGC 2025 Reg H (Bo3)
|rated|
|rule|Species Clause: Limit one of each Pokémon
|rule|Item Clause: Limit 1 of each item
|clearpoke
|poke|p1|Pincurchin, L50, F|
|poke|p1|Toxtricity-Low-Key, L50, M|
|poke|p1|Sinistcha, L50|
|poke|p1|Araquanid, L50, M|
|poke|p1|Bronzong, L50|
|poke|p1|Archaludon, L50, M|
|poke|p2|Dragonite, L50, M|
|poke|p2|Garchomp, L50, F|
|poke|p2|Ninetales-Alola, L50, F|
|poke|p2|Incineroar, L50, M|
|poke|p2|Kingambit, L50, M|
|poke|p2|Amoonguss, L50, F|
|teampreview|4
|showteam|p1|Pincurchin||EjectButton|ElectricSurge|Protect,RainDance,ZingZap,Recover|||F|||50|,,,,,Electric]Toxtricity-Low-Key||LifeOrb|PunkRock|Protect,Overdrive,Boomburst,SludgeBomb|||M|||50|,,,,,Electric]Sinistcha||SitrusBerry|Hospitality|TrickRoom,LifeDew,RagePowder,GigaDrain||||||50|,,,,,Dark]Araquanid||MysticWater|WaterBubble|Liquidation,Soak,WideGuard,Protect|||M|||50|,,,,,Water]Bronzong||ElectricSeed|Heatproof|BodyPress,IronDefense,HelpingHand,TrickRoom||||||50|,,,,,Flying]Archaludon||PowerHerb|Sturdy|ElectroShot,DragonPulse,FlashCannon,DarkPulse|||M|||50|,,,,,Electric
|showteam|p2|Dragonite||LumBerry|InnerFocus|TeraBlast,ExtremeSpeed,LowKick,Protect|||M|||50|,,,,,Flying]Garchomp||LifeOrb|SandVeil|DragonClaw,Earthquake,StompingTantrum,Protect|||F|||50|,,,,,Steel]Ninetales-Alola||FocusSash|SnowWarning|Blizzard,FreezeDry,Encore,Protect|||F|||50|,,,,,Ice]Incineroar||SafetyGoggles|Intimidate|FlareBlitz,KnockOff,PartingShot,FakeOut|||M|||50|,,,,,Ghost]Kingambit||AssaultVest|Defiant|KowtowCleave,SuckerPunch,IronHead,LowKick|||M|||50|,,,,,Dark]Amoonguss||SitrusBerry|Regenerator|Spore,RagePowder,PollenPuff,ClearSmog|||F|||50|,,,,,Water
|inactive|Battle timer is ON: inactive players will automatically lose when time's up. (requested by battle sim trainer)
|inactive|lildueldisk has 60 seconds left.
|
|t:|1756937389
|teamsize|p1|4
|teamsize|p2|4
|start
|switch|p1a: Bronzong|Bronzong, L50|100/100
|switch|p1b: Archaludon|Archaludon, L50, M, shiny|100/100
|switch|p2a: Dragonite|Dragonite, L50, M|100/100
|switch|p2b: Garchomp|Garchomp, L50, F|100/100
|turn|1
|inactive|battle sim trainer has 30 seconds left.
|inactive|lildueldisk has 30 seconds left.
|inactive|battle sim trainer has 20 seconds left.
|inactive|battle sim trainer has 15 seconds left.
|inactive|battle sim trainer has 10 seconds left.
|
|t:|1756937435
|switch|p1b: Sinistcha|Sinistcha, L50|100/100
|-terastallize|p2a: Dragonite|Flying
|-terastallize|p1a: Bronzong|Flying
|move|p2b: Garchomp|Earthquake|p1a: Bronzong|[spread] p1b
|-immune|p2a: Dragonite
|-immune|p1a: Bronzong
|-resisted|p1b: Sinistcha
|-damage|p1b: Sinistcha|81/100
|-damage|p2b: Garchomp|91/100|[from] item: Life Orb
|move|p2a: Dragonite|Tera Blast|p1a: Bronzong|[anim] Tera Blast Flying
|-damage|p1a: Bronzong|57/100
|move|p1a: Bronzong|Trick Room|p1a: Bronzong
|-fieldstart|move: Trick Room|[of] p1a: Bronzong
|
|upkeep
|turn|2
|
|t:|1756937458
|move|p2b: Garchomp|Protect|p2b: Garchomp
|-singleturn|p2b: Garchomp|Protect
|move|p1a: Bronzong|Iron Defense|p1a: Bronzong
|-boost|p1a: Bronzong|def|2
|move|p1b: Sinistcha|Life Dew|p1b: Sinistcha|[spread] p1a,p1b
|-heal|p1a: Bronzong|82/100
|-heal|p1b: Sinistcha|100/100
|move|p2a: Dragonite|Tera Blast|p1b: Sinistcha|[anim] Tera Blast Flying
|-supereffective|p1b: Sinistcha
|-damage|p1b: Sinistcha|2/100
|-enditem|p1b: Sinistcha|Sitrus Berry|[eat]
|-heal|p1b: Sinistcha|26/100|[from] item: Sitrus Berry
|
|upkeep
|turn|3
|inactive|lildueldisk has 30 seconds left.
|
|t:|1756937486
|switch|p1b: Pincurchin|Pincurchin, L50, F|100/100
|-fieldstart|move: Electric Terrain|[from] ability: Electric Surge|[of] p1b: Pincurchin
|-enditem|p1a: Bronzong|Electric Seed
|-boost|p1a: Bronzong|def|1|[from] item: Electric Seed
|move|p1a: Bronzong|Body Press|p2b: Garchomp
|-damage|p2b: Garchomp|21/100
|move|p2a: Dragonite|Tera Blast|p1b: Pincurchin|[anim] Tera Blast Flying
|-resisted|p1b: Pincurchin
|-damage|p1b: Pincurchin|66/100
|-enditem|p1b: Pincurchin|Eject Button
|
|t:|1756937498
|switch|p1b: Archaludon|Archaludon, L50, M, shiny|100/100
|move|p2b: Garchomp|Dragon Claw|p1b: Archaludon
|-damage|p1b: Archaludon|61/100
|-damage|p2b: Garchomp|11/100|[from] item: Life Orb
|
|upkeep
|turn|4
|
|t:|1756937519
|move|p2b: Garchomp|Protect|p2b: Garchomp
|-singleturn|p2b: Garchomp|Protect
|move|p1a: Bronzong|Body Press|p2a: Dragonite
|-resisted|p2a: Dragonite
|-damage|p2a: Dragonite|63/100
|move|p1b: Archaludon|Electro Shot||[still]
|-prepare|p1b: Archaludon|Electro Shot
|-boost|p1b: Archaludon|spa|1
|-enditem|p1b: Archaludon|Power Herb
|-anim|p1b: Archaludon|Electro Shot|p2a: Dragonite
|-supereffective|p2a: Dragonite
|-damage|p2a: Dragonite|0 fnt
|faint|p2a: Dragonite
|
|upkeep
|
|t:|1756937532
|switch|p2a: Ninetales|Ninetales-Alola, L50, F|100/100
|-weather|Snowscape|[from] ability: Snow Warning|[of] p2a: Ninetales
|turn|5
|
|t:|1756937542
|move|p2b: Garchomp|Protect||[still]
|-fail|p2b: Garchomp
|move|p2a: Ninetales|Protect|p2a: Ninetales
|-singleturn|p2a: Ninetales|Protect
|move|p1a: Bronzong|Body Press|p2b: Garchomp
|-damage|p2b: Garchomp|0 fnt
|faint|p2b: Garchomp
|move|p1b: Archaludon|Flash Cannon|p2a: Ninetales
|-activate|p2a: Ninetales|move: Protect
|
|-weather|Snowscape|[upkeep]
|-fieldend|move: Trick Room
|upkeep
|
|t:|1756937555
|switch|p2b: Kingambit|Kingambit, L50, M|100/100
|turn|6
|inactive|battle sim trainer has 30 seconds left.
|inactive|battle sim trainer has 20 seconds left.
|inactive|battle sim trainer has 15 seconds left.
|inactive|battle sim trainer has 10 seconds left.
|
|t:|1756937602
|switch|p1b: Sinistcha|Sinistcha, L50|26/100
|-heal|p1a: Bronzong|100/100|[from] ability: Hospitality|[of] p1b: Sinistcha
|move|p2a: Ninetales|Blizzard|p1a: Bronzong|[spread] p1a,p1b
|-supereffective|p1a: Bronzong
|-supereffective|p1b: Sinistcha
|-damage|p1a: Bronzong|44/100
|-damage|p1b: Sinistcha|0 fnt
|faint|p1b: Sinistcha
|move|p2b: Kingambit|Kowtow Cleave|p1a: Bronzong
|-damage|p1a: Bronzong|32/100
|move|p1a: Bronzong|Trick Room|p1a: Bronzong
|-fieldstart|move: Trick Room|[of] p1a: Bronzong
|
|-weather|Snowscape|[upkeep]
|upkeep
|
|t:|1756937616
|switch|p1b: Pincurchin|Pincurchin, L50, F|66/100
|turn|7
|
|t:|1756937631
|move|p2b: Kingambit|Sucker Punch|p1b: Pincurchin
|-damage|p1b: Pincurchin|23/100
|move|p1b: Pincurchin|Zing Zap|p2a: Ninetales
|-damage|p2a: Ninetales|60/100
|move|p1a: Bronzong|Body Press|p2a: Ninetales
|-damage|p2a: Ninetales|0 fnt
|faint|p2a: Ninetales
|
|-weather|Snowscape|[upkeep]
|-fieldend|move: Electric Terrain
|upkeep
|turn|8
|-message|lildueldisk forfeited.
|
|win|battle sim trainer
|l|☆lildueldisk
|player|p2|
