|j|☆sbhaga34
|j|☆Bahamate
|html|sbhaga34Bahamate    
|uhtml|bestof|Game 2 of a best-of-3
|t:|1757910645
|gametype|doubles
|player|p1|sbhaga34|hugh|1405
|player|p2|Bahamate|grimsley|1380
|gen|9
|tier|[Gen 9] VGC 2025 Reg H (Bo3)
|rated|
|rule|Species Clause: Limit one of each Pokémon
|rule|Item Clause: Limit 1 of each item
|clearpoke
|poke|p1|Indeedee-F, L50, F|
|poke|p1|Talonflame, L50, F|
|poke|p1|Tyranitar, L50, M|
|poke|p1|Excadrill, L50, M|
|poke|p1|Gardevoir, L50, F|
|poke|p1|Ursaluna-Bloodmoon, L50, M|
|poke|p2|Ceruledge, L50, F|
|poke|p2|Grimmsnarl, L50, M|
|poke|p2|Ninetales-Alola, L50, M|
|poke|p2|Ursaluna-Bloodmoon, L50, M|
|poke|p2|Rillaboom, L50, M|
|poke|p2|Annihilape, L50, F|
|teampreview|4
|showteam|p1|Indeedee-F||SafetyGoggles|PsychicSurge|FollowMe,TrickRoom,HelpingHand,Psychic|||F|||50|,,,,,Fairy]Talonflame||CovertCloak|GaleWings|Tailwind,Taunt,FlareBlitz,WillOWisp|||F|||50|,,,,,Grass]Tyranitar||WeaknessPolicy|SandStream|RockSlide,KnockOff,LowKick,Protect|||M|||50|,,,,,Flying]Excadrill||FocusSash|SandRush|Earthquake,IronHead,SwordsDance,Protect|||M|||50|,,,,,Ground]Gardevoir||ChoiceScarf|Telepathy|ExpandingForce,Moonblast,IcyWind,PsychicTerrain|||F|||50|,,,,,Psychic]Ursaluna-Bloodmoon||SilkScarf|MindsEye|BloodMoon,HyperVoice,EarthPower,Protect|||M|||50|,,,,,Normal
|showteam|p2|Ceruledge||MirrorHerb|FlashFire|BitterBlade,ShadowSneak,Protect,ClearSmog|||F|||50|,,,,,Grass]Grimmsnarl||LightClay|Prankster|Reflect,LightScreen,FoulPlay,ThunderWave|||M|||50|,,,,,Ghost]Ninetales-Alola||FocusSash|SnowWarning|Blizzard,IcyWind,Disable,Protect|||M|||50|,,,,,Ice]Ursaluna-Bloodmoon||Leftovers|MindsEye|BloodMoon,CalmMind,EarthPower,Protect|||M|||50|,,,,,Electric]Rillaboom||AssaultVest|GrassySurge|WoodHammer,GrassyGlide,HighHorsepower,FakeOut|||M|||50|,,,,,Fire]Annihilape||SitrusBerry|Defiant|RageFist,DrainPunch,BulkUp,Protect|||F|||50|,,,,,Fire
|
|t:|1757910661
|teamsize|p1|4
|teamsize|p2|4
|start
|switch|p1a: Talonflame|Talonflame, L50, F|100/100
|switch|p1b: Ursaluna|Ursaluna-Bloodmoon, L50, M|100/100
|switch|p2a: Grimmsnarl|Grimmsnarl, L50, M|100/100
|switch|p2b: Ursaluna|Ursaluna-Bloodmoon, L50, M|100/100
|turn|1
|
|t:|1757910671
|-terastallize|p1b: Ursaluna|Normal
|move|p1a: Talonflame|Tailwind|p1a: Talonflame
|-sidestart|p1: sbhaga34|move: Tailwind
|move|p2a: Grimmsnarl|Light Screen|p2a: Grimmsnarl
|-sidestart|p2: Bahamate|move: Light Screen
|move|p1b: Ursaluna|Blood Moon|p2b: Ursaluna
|-damage|p2b: Ursaluna|0 fnt
|faint|p2b: Ursaluna
|
|upkeep
|
|t:|1757910679
|switch|p2b: Ninetales|Ninetales-Alola, L50, M|100/100
|-weather|Snowscape|[from] ability: Snow Warning|[of] p2b: Ninetales
|turn|2
|
|t:|1757910690
|switch|p1b: Tyranitar|Tyranitar, L50, M|100/100
|-weather|Sandstorm|[from] ability: Sand Stream|[of] p1b: Tyranitar
|move|p2a: Grimmsnarl|Thunder Wave|p1b: Tyranitar
|-hint|Since gen 7, Dark is immune to Prankster moves.
|-immune|p1b: Tyranitar
|move|p1a: Talonflame|Flare Blitz|p2b: Ninetales
|-supereffective|p2b: Ninetales
|-enditem|p2b: Ninetales|Focus Sash
|-damage|p2b: Ninetales|1/100
|-damage|p1a: Talonflame|69/100|[from] Recoil
|move|p2b: Ninetales|Blizzard|p1a: Talonflame|[spread] p1a
|-miss|p2b: Ninetales|p1b: Tyranitar
|-damage|p1a: Talonflame|19/100
|
|-weather|Sandstorm|[upkeep]
|-damage|p1a: Talonflame|13/100|[from] Sandstorm
|-damage|p2b: Ninetales|0 fnt|[from] Sandstorm
|-damage|p2a: Grimmsnarl|94/100|[from] Sandstorm
|faint|p2b: Ninetales
|upkeep
|
|t:|1757910696
|switch|p2b: Rillaboom|Rillaboom, L50, M|100/100
|-fieldstart|move: Grassy Terrain|[from] ability: Grassy Surge|[of] p2b: Rillaboom
|turn|3
|
|t:|1757910714
|switch|p1a: Indeedee|Indeedee-F, L50, F|100/100
|-fieldstart|move: Psychic Terrain|[from] ability: Psychic Surge|[of] p1a: Indeedee
|move|p2b: Rillaboom|Fake Out|p1a: Indeedee
|-activate|p1a: Indeedee|move: Psychic Terrain
|move|p2a: Grimmsnarl|Reflect|p2a: Grimmsnarl
|-sidestart|p2: Bahamate|Reflect
|move|p1b: Tyranitar|Knock Off|p2b: Rillaboom
|-damage|p2b: Rillaboom|65/100
|-enditem|p2b: Rillaboom|Assault Vest|[from] move: Knock Off|[of] p1b: Tyranitar
|
|-weather|Sandstorm|[upkeep]
|-damage|p2b: Rillaboom|59/100|[from] Sandstorm
|-damage|p2a: Grimmsnarl|88/100|[from] Sandstorm
|upkeep
|turn|4
|
|t:|1757910731
|move|p1a: Indeedee|Helping Hand|p1b: Tyranitar
|-singleturn|p1b: Tyranitar|Helping Hand|[of] p1a: Indeedee
|move|p1b: Tyranitar|Rock Slide|p2b: Rillaboom|[spread] p2a,p2b
|-damage|p2a: Grimmsnarl|58/100
|-damage|p2b: Rillaboom|31/100
|move|p2b: Rillaboom|Wood Hammer|p1b: Tyranitar
|-supereffective|p1b: Tyranitar
|-damage|p1b: Tyranitar|0 fnt
|faint|p1b: Tyranitar
|-damage|p2b: Rillaboom|0 fnt|[from] Recoil
|faint|p2b: Rillaboom
|move|p2a: Grimmsnarl|Foul Play|p1a: Indeedee
|-supereffective|p1a: Indeedee
|-damage|p1a: Indeedee|68/100
|
|-weather|Sandstorm|[upkeep]
|-damage|p2a: Grimmsnarl|52/100|[from] Sandstorm
|-sideend|p1: sbhaga34|move: Tailwind
|upkeep
|
|t:|1757910745
|switch|p1b: Ursaluna|Ursaluna-Bloodmoon, L50, M, tera:Normal|100/100
|turn|5
|
|t:|1757910750
|move|p1a: Indeedee|Helping Hand|p1b: Ursaluna
|-singleturn|p1b: Ursaluna|Helping Hand|[of] p1a: Indeedee
|move|p1b: Ursaluna|Blood Moon|p2a: Grimmsnarl
|-damage|p2a: Grimmsnarl|0 fnt
|faint|p2a: Grimmsnarl
|
|win|sbhaga34
||Bahamate is ready for game 3.
||sbhaga34 is ready for game 3.
|uhtml|next|Next: Game 3 of 3
|l|☆Bahamate
|player|p2|
|l|☆sbhaga34
|player|p1|
