|j|☆Mathaqua2.0
|j|☆Can I pet the dog?
|html|Mathaqua2.0Can I pet the dog?    
|uhtml|bestof|Game 2 of a best-of-3
|t:|1783087805
|gametype|doubles
|player|p1|Mathaqua2.0|1|1177
|player|p2|Can I pet the dog?|yancy|1253
|gen|9
|tier|[Gen 9 Champions] VGC 2026 Reg M-B (Bo3)
|rated|
|rule|Species Clause: Limit one of each Pokémon
|rule|Item Clause: Limit 1 of each item
|clearpoke
|poke|p1|Staraptor, L50, M, shiny|
|poke|p1|Grimmsnarl, L50, M, shiny|
|poke|p1|Archaludon, L50, M, shiny|
|poke|p1|Pelipper, L50, M, shiny|
|poke|p1|Swampert, L50, M, shiny|
|poke|p1|Talonflame, L50, M|
|poke|p2|Sinistcha, L50|
|poke|p2|Incineroar, L50, M|
|poke|p2|Milotic, L50, M|
|poke|p2|Raichu, L50, M|
|poke|p2|Floette-Eternal, L50, F|
|poke|p2|Ceruledge, L50, M|
|teampreview|4
|showteam|p1|Staraptor||Staraptite|Intimidate|Protect,BraveBird,CloseCombat,Roost|Jolly||M|||50|]Grimmsnarl||LightClay|Prankster|Reflect,LightScreen,FakeOut,PartingShot|Careful||M|||50|]Archaludon||Leftovers|Stamina|ElectroShot,DracoMeteor,FlashCannon,Protect|Modest||M|||50|]Pelipper||FocusSash|Drizzle|Hurricane,WeatherBall,Tailwind,Protect|Bold||M|||50|]Swampert||Swampertite|Torrent|Protect,Waterfall,HighHorsepower,IcePunch|Adamant||M|||50|]Talonflame||SitrusBerry|GaleWings|Tailwind,Protect,BraveBird,FeatherDance|Jolly||M|||50|
|showteam|p2|Sinistcha||KasibBerry|Hospitality|MatchaGotcha,LifeDew,RagePowder,Protect|Relaxed|||||50|]Incineroar||SitrusBerry|Intimidate|FlareBlitz,ThroatChop,FakeOut,PartingShot|Impish||M|||50|]Milotic||Leftovers|Competitive|MuddyWater,Coil,Hypnosis,Protect|Calm||M|||50|]Raichu||RaichuniteY|LightningRod|ZapCannon,FocusBlast,FakeOut,Protect|Timid||M|||50|]Floette-Eternal||Floettite|FlowerVeil|DazzlingGleam,DrainingKiss,CalmMind,Protect|Timid||F|||50|]Ceruledge||ColburBerry|FlashFire|BitterBlade,ShadowSneak,BulkUp,Protect|Adamant||M|||50|
|inactive|Battle timer is ON: inactive players will automatically lose when time's up. (requested by Can I pet the dog?)
|inactive|Mathaqua2.0 also wants the timer to be on.
|
|t:|1783087812
|teamsize|p1|4
|teamsize|p2|4
|start
|switch|p1a: Staraptor|Staraptor, L50, M, shiny|100/100
|switch|p1b: Talonflame|Talonflame, L50, M|100/100
|switch|p2a: Raichu|Raichu, L50, M|100/100
|switch|p2b: Milotic|Milotic, L50, M|100/100
|-ability|p1a: Staraptor|Intimidate|boost
|-unboost|p2a: Raichu|atk|1
|-unboost|p2b: Milotic|atk|1
|-ability|p2b: Milotic|Competitive|boost
|-boost|p2b: Milotic|spa|2
|turn|1
|inactive|Can I pet the dog? has 30 seconds left.
|inactive|Mathaqua2.0 has 30 seconds left.
|
|t:|1783087843
|detailschange|p1a: Staraptor|Staraptor-Mega, L50, M, shiny
|-mega|p1a: Staraptor|Staraptor|Staraptite
|move|p2a: Raichu|Fake Out|p1b: Talonflame
|-damage|p1b: Talonflame|93/100
|cant|p1b: Talonflame|flinch
|move|p1a: Staraptor|Close Combat|p2a: Raichu
|-damage|p2a: Raichu|0 fnt
|-boost|p1a: Staraptor|def|1
|-boost|p1a: Staraptor|spd|1
|faint|p2a: Raichu
|move|p2b: Milotic|Coil|p2b: Milotic
|-boost|p2b: Milotic|atk|1
|-boost|p2b: Milotic|def|1
|-boost|p2b: Milotic|accuracy|1
|
|upkeep
|
|t:|1783087854
|switch|p2a: Sinistcha|Sinistcha, L50|100/100
|turn|2
|
|t:|1783087870
|move|p2a: Sinistcha|Rage Powder|p2a: Sinistcha
|-singleturn|p2a: Sinistcha|move: Rage Powder
|move|p1b: Talonflame|Feather Dance|p2a: Sinistcha
|-unboost|p2a: Sinistcha|atk|2
|move|p1a: Staraptor|Close Combat|p2a: Sinistcha
|-immune|p2a: Sinistcha
|move|p2b: Milotic|Hypnosis|p1a: Staraptor|[miss]
|-miss|p2b: Milotic|p1a: Staraptor
|
|upkeep
|turn|3
|
|t:|1783087890
|move|p2a: Sinistcha|Protect|p2a: Sinistcha
|-singleturn|p2a: Sinistcha|Protect
|move|p1b: Talonflame|Tailwind|p1b: Talonflame
|-sidestart|p1: Mathaqua2.0|move: Tailwind
|move|p1a: Staraptor|Brave Bird|p2a: Sinistcha
|-activate|p2a: Sinistcha|move: Protect
|move|p2b: Milotic|Hypnosis|p1a: Staraptor
|-status|p1a: Staraptor|slp|[from] move: Hypnosis
|
|upkeep
|turn|4
|
|t:|1783087908
|move|p2a: Sinistcha|Rage Powder|p2a: Sinistcha
|-singleturn|p2a: Sinistcha|move: Rage Powder
|move|p1b: Talonflame|Brave Bird|p2a: Sinistcha
|-supereffective|p2a: Sinistcha|1
|-damage|p2a: Sinistcha|42/100
|-damage|p1b: Talonflame|75/100|[from] Recoil
|cant|p1a: Staraptor|slp
|move|p2b: Milotic|Muddy Water|p1a: Staraptor|[spread] p1a,p1b
|-supereffective|p1b: Talonflame|1
|-damage|p1a: Staraptor|64/100 slp
|-damage|p1b: Talonflame|0 fnt
|faint|p1b: Talonflame
|
|upkeep
|
|t:|1783087920
|switch|p1b: Pelipper|Pelipper, L50, M, shiny|100/100
|-weather|RainDance|[from] ability: Drizzle|[of] p1b: Pelipper
|turn|5
|
|t:|1783087934
|switch|p2a: Incineroar|Incineroar, L50, M|100/100
|-ability|p2a: Incineroar|Intimidate|boost
|-boost|p1a: Staraptor|atk|1
|-unboost|p1b: Pelipper|atk|1
|cant|p1a: Staraptor|slp
|move|p1b: Pelipper|Hurricane|p2a: Incineroar
|-damage|p2a: Incineroar|67/100
|move|p2b: Milotic|Muddy Water|p1b: Pelipper|[spread] p1a,p1b
|-resisted|p1b: Pelipper|1
|-damage|p1a: Staraptor|3/100 slp
|-damage|p1b: Pelipper|50/100g
|-unboost|p1b: Pelipper|accuracy|1
|
|-weather|RainDance|[upkeep]
|upkeep
|turn|6
|inactive|Can I pet the dog? has 30 seconds left.
|inactive|Can I pet the dog? has 20 seconds left.
|
|t:|1783087970
|move|p2a: Incineroar|Fake Out|p1a: Staraptor
|-damage|p1a: Staraptor|0 fnt
|faint|p1a: Staraptor
|move|p1b: Pelipper|Weather Ball|p2a: Incineroar|[miss]
|-miss|p1b: Pelipper|p2a: Incineroar
|move|p2b: Milotic|Muddy Water|p1b: Pelipper
|-resisted|p1b: Pelipper|1
|-damage|p1b: Pelipper|0 fnt
|faint|p1b: Pelipper
|
|-weather|RainDance|[upkeep]
|-sideend|p1: Mathaqua2.0|move: Tailwind
|upkeep
|
|t:|1783087984
|switch|p1b: Archaludon|Archaludon, L50, M, shiny|100/100
|turn|7
|
|t:|1783087989
|move|p2b: Milotic|Hypnosis|p1b: Archaludon
|-status|p1b: Archaludon|slp|[from] move: Hypnosis
|cant|p1b: Archaludon|slp
|move|p2a: Incineroar|Parting Shot|p1b: Archaludon
|-unboost|p1b: Archaludon|atk|1
|-unboost|p1b: Archaludon|spa|1
|
|t:|1783087992
|switch|p2a: Sinistcha|Sinistcha, L50|42/100|[from] Parting Shot
|
|-weather|RainDance|[upkeep]
|upkeep
|turn|8
|-message|Mathaqua2.0 forfeited.
|
|win|Can I pet the dog?
