|j|☆MrTedno
|j|☆Tractie
|html|MrTednoTractie    
|uhtml|bestof|Game 2 of a best-of-3
|t:|1757108032
|gametype|doubles
|player|p1|MrTedno|barry|1269
|player|p2|Tractie|170|1314
|gen|9
|tier|[Gen 9] VGC 2025 Reg H (Bo3)
|rated|
|rule|Species Clause: Limit one of each Pokémon
|rule|Item Clause: Limit 1 of each item
|clearpoke
|poke|p1|Ninetales-Alola, L50, M|
|poke|p1|Garchomp, L50, F|
|poke|p1|Flamigo, L50, F|
|poke|p1|Incineroar, L50, F|
|poke|p1|Gholdengo, L50|
|poke|p1|Amoonguss, L50, F|
|poke|p2|Gothitelle, L50, F|
|poke|p2|Dondozo, L50, F|
|poke|p2|Kingambit, L50, M|
|poke|p2|Incineroar, L50, M|
|poke|p2|Amoonguss, L50, F|
|poke|p2|Zoroark-Hisui, L50, F|
|teampreview|4
|showteam|p1|Ninetales-Alola||LightClay|SnowWarning|Protect,Blizzard,FreezeDry,AuroraVeil|||M|||50|,,,,,Water]Garchomp||ClearAmulet|RoughSkin|Earthquake,DragonClaw,StompingTantrum,Protect|||F|||50|,,,,,Fire]Flamigo||CovertCloak|Scrappy|BraveBird,CloseCombat,Tailwind,Detect|||F|||50|,,,,,Stellar]Incineroar||SafetyGoggles|Intimidate|FakeOut,PartingShot,FlareBlitz,KnockOff|||F|||50|,,,,,Ghost]Gholdengo||LifeOrb|GoodasGold|ShadowBall,MakeItRain,NastyPlot,Protect||||||50|,,,,,Flying]Amoonguss||SitrusBerry|Regenerator|Spore,RagePowder,PollenPuff,ClearSmog|||F|||50|,,,,,Water
|showteam|p2|Gothitelle||SitrusBerry|ShadowTag|FakeOut,Psychic,TrickRoom,Protect|||F|||50|,,,,,Water]Dondozo||Leftovers|Unaware|WaveCrash,BodyPress,Yawn,Protect|||F|||50|,,,,,Electric]Kingambit||BlackGlasses|Defiant|SuckerPunch,KowtowCleave,SwordsDance,Protect|||M|||50|,,,,,Dark]Incineroar||SafetyGoggles|Intimidate|FakeOut,FlareBlitz,KnockOff,PartingShot|||M|||50|,,,,,Ghost]Amoonguss||RockyHelmet|Regenerator|Spore,RagePowder,PollenPuff,Protect|||F|||50|,,,,,Fairy]Zoroark-Hisui||LifeOrb|Illusion|ShadowBall,TeraBlast,FocusBlast,Protect|||F|||50|,,,,,Stellar
|inactive|Battle timer is ON: inactive players will automatically lose when time's up. (requested by Tractie)
|inactive|MrTedno has 60 seconds left.
|
|t:|1757108083
|teamsize|p1|4
|teamsize|p2|4
|start
|switch|p1a: Melman|Amoonguss, L50, F|100/100
|switch|p1b: Alex|Garchomp, L50, F|100/100
|switch|p2a: Gothitelle|Gothitelle, L50, F|100/100
|switch|p2b: Dondozo|Dondozo, L50, F|100/100
|turn|1
|inactive|Tractie has 30 seconds left.
|inactive|MrTedno has 30 seconds left.
|inactive|Tractie has 20 seconds left.
|inactive|Tractie has 15 seconds left.
|inactive|MrTedno has 20 seconds left.
|
|t:|1757108129
|-terastallize|p1a: Melman|Water
|move|p2b: Dondozo|Shadow Ball|p1a: Melman
|-damage|p1a: Melman|53/100
|-damage|p2b: Dondozo|91/100|[from] item: Life Orb
|move|p1b: Alex|Stomping Tantrum|p2a: Gothitelle
|-damage|p2a: Gothitelle|63/100
|move|p2a: Gothitelle|Psychic|p1a: Melman
|-damage|p1a: Melman|26/100
|-enditem|p1a: Melman|Sitrus Berry|[eat]
|-heal|p1a: Melman|51/100|[from] item: Sitrus Berry
|move|p1a: Melman|Spore|p2b: Dondozo
|-status|p2b: Dondozo|slp|[from] move: Spore
|
|upkeep
|turn|2
|inactive|Tractie has 30 seconds left.
|
|t:|1757108155
|move|p2a: Gothitelle|Protect|p2a: Gothitelle
|-singleturn|p2a: Gothitelle|Protect
|cant|p2b: Dondozo|slp
|move|p1b: Alex|Dragon Claw|p2b: Dondozo
|-damage|p2b: Dondozo|4/100 slp
|replace|p2b: Zoroark|Zoroark-Hisui, L50, F
|-end|p2b: Zoroark|Illusion
|move|p1a: Melman|Spore|p2a: Gothitelle
|-activate|p2a: Gothitelle|move: Protect
|
|upkeep
|turn|3
|inactive|Tractie has 30 seconds left.
|
|t:|1757108188
|switch|p2a: Incineroar|Incineroar, L50, M|100/100
|-ability|p2a: Incineroar|Intimidate|boost
|-unboost|p1a: Melman|atk|1
|-fail|p1b: Alex|unboost|[from] item: Clear Amulet|[of] p1b: Alex
|cant|p2b: Zoroark|slp
|move|p1b: Alex|Stomping Tantrum|p2b: Zoroark
|-damage|p2b: Zoroark|0 fnt
|faint|p2b: Zoroark
|move|p1a: Melman|Spore|p2a: Incineroar
|-activate|p2a: Incineroar|item: Safety Goggles|Spore
|
|upkeep
|
|t:|1757108207
|switch|p2b: Gothitelle|Gothitelle, L50, F|63/100
|turn|4
|inactive|MrTedno has 30 seconds left.
|inactive|Tractie has 30 seconds left.
|inactive|MrTedno has 20 seconds left.
|
|t:|1757108245
|-terastallize|p2a: Incineroar|Ghost
|move|p2b: Gothitelle|Fake Out|p1a: Melman
|-damage|p1a: Melman|47/100
|move|p1b: Alex|Stomping Tantrum|p2a: Incineroar
|-damage|p2a: Incineroar|63/100
|move|p2a: Incineroar|Knock Off|p1a: Melman
|-damage|p1a: Melman|22/100
|cant|p1a: Melman|flinch
|
|upkeep
|turn|5
|
|t:|1757108269
|move|p1b: Alex|Dragon Claw|p2a: Incineroar
|-damage|p2a: Incineroar|26/100
|move|p2b: Gothitelle|Psychic|p1a: Melman
|-damage|p1a: Melman|0 fnt
|faint|p1a: Melman
|move|p2a: Incineroar|Knock Off|p1b: Alex
|-damage|p1b: Alex|59/100
|-damage|p2a: Incineroar|14/100|[from] ability: Rough Skin|[of] p1b: Alex
|-enditem|p1b: Alex|Clear Amulet|[from] move: Knock Off|[of] p2a: Incineroar
|
|upkeep
|
|t:|1757108292
|switch|p1a: Julien|Incineroar, L50, F|100/100
|-ability|p1a: Julien|Intimidate|boost
|-unboost|p2a: Incineroar|atk|1
|-unboost|p2b: Gothitelle|atk|1
|turn|6
|inactive|MrTedno has 30 seconds left.
|
|t:|1757108322
|switch|p2a: Dondozo|Dondozo, L50, F|100/100
|move|p2b: Gothitelle|Protect|p2b: Gothitelle
|-singleturn|p2b: Gothitelle|Protect
|move|p1b: Alex|Dragon Claw|p2a: Dondozo
|-damage|p2a: Dondozo|74/100
|move|p1a: Julien|Knock Off|p2a: Dondozo
|-damage|p2a: Dondozo|47/100
|-enditem|p2a: Dondozo|Leftovers|[from] move: Knock Off|[of] p1a: Julien
|
|upkeep
|turn|7
|inactive|Tractie has 30 seconds left.
|
|t:|1757108356
|switch|p2b: Incineroar|Incineroar, L50, M, tera:Ghost|14/100
|-ability|p2b: Incineroar|Intimidate|boost
|-unboost|p1a: Julien|atk|1
|-unboost|p1b: Alex|atk|1
|move|p1b: Alex|Dragon Claw|p2a: Dondozo
|-damage|p2a: Dondozo|22/100
|move|p1a: Julien|Knock Off|p2b: Incineroar
|-supereffective|p2b: Incineroar
|-damage|p2b: Incineroar|0 fnt
|-enditem|p2b: Incineroar|Safety Goggles|[from] move: Knock Off|[of] p1a: Julien
|faint|p2b: Incineroar
|move|p2a: Dondozo|Yawn|p1b: Alex
|-start|p1b: Alex|move: Yawn|[of] p2a: Dondozo
|
|upkeep
|
|t:|1757108369
|switch|p2b: Gothitelle|Gothitelle, L50, F|63/100
|turn|8
|
|t:|1757108391
|move|p2b: Gothitelle|Protect|p2b: Gothitelle
|-singleturn|p2b: Gothitelle|Protect
|move|p2a: Dondozo|Protect|p2a: Dondozo
|-singleturn|p2a: Dondozo|Protect
|move|p1b: Alex|Stomping Tantrum|p2a: Dondozo
|-activate|p2a: Dondozo|move: Protect
|move|p1a: Julien|Knock Off|p2b: Gothitelle
|-activate|p2b: Gothitelle|move: Protect
|
|-end|p1b: Alex|move: Yawn|[silent]
|-status|p1b: Alex|slp
|upkeep
|turn|9
|
|t:|1757108410
|cant|p1b: Alex|slp
|move|p1a: Julien|Knock Off|p2b: Gothitelle
|-supereffective|p2b: Gothitelle
|-damage|p2b: Gothitelle|15/100
|-enditem|p2b: Gothitelle|Sitrus Berry|[from] move: Knock Off|[of] p1a: Julien
|move|p2a: Dondozo|Yawn|p1a: Julien
|-start|p1a: Julien|move: Yawn|[of] p2a: Dondozo
|move|p2b: Gothitelle|Trick Room|p2b: Gothitelle
|-fieldstart|move: Trick Room|[of] p2b: Gothitelle
|
|upkeep
|turn|10
|
|t:|1757108429
|move|p2b: Gothitelle|Protect|p2b: Gothitelle
|-singleturn|p2b: Gothitelle|Protect
|move|p2a: Dondozo|Wave Crash|p1a: Julien
|-supereffective|p1a: Julien
|-damage|p1a: Julien|14/100
|-damage|p2a: Dondozo|0 fnt|[from] Recoil
|faint|p2a: Dondozo
|move|p1a: Julien|Parting Shot|p1b: Alex
|-unboost|p1b: Alex|atk|1
|-unboost|p1b: Alex|spa|1
|
|t:|1757108434
|switch|p1a: Flamigo|Flamigo, L50, F|100/100|[from] Parting Shot
|cant|p1b: Alex|slp
|
|upkeep
|turn|11
|-message|Tractie forfeited.
|
|win|MrTedno
