|j|☆2playakyle
|j|‽godbroj
|html|2playakylegodbroj    
|uhtml|bestof|Game 2 of a best-of-3
|t:|1756167416
|gametype|doubles
|player|p1|2playakyle|iris-masters|1193
|player|p2|godbroj|maid|1072
|gen|9
|tier|[Gen 9] VGC 2025 Reg H (Bo3)
|rated|
|rule|Species Clause: Limit one of each Pokémon
|rule|Item Clause: Limit 1 of each item
|clearpoke
|poke|p1|Dragonite, L50, M|
|poke|p1|Gholdengo, L50|
|poke|p1|Volcarona, L50, M|
|poke|p1|Ursaluna-Bloodmoon, L50, M|
|poke|p1|Sinistcha, L50|
|poke|p1|Sneasler, L50, F|
|poke|p2|Dragonite, L50, M|
|poke|p2|Incineroar, L50, F|
|poke|p2|Grimmsnarl, L50, M|
|poke|p2|Sylveon, L50, F|
|poke|p2|Armarouge, L50, M|
|poke|p2|Indeedee-F, L50, F|
|teampreview|4
|showteam|p1|Dragonite||LoadedDice|Multiscale|ScaleShot,ExtremeSpeed,Haze,Protect|||M|||50|,,,,,Normal]Gholdengo||LifeOrb|GoodasGold|MakeItRain,ShadowBall,Protect,NastyPlot||||||50|,,,,,Water]Volcarona||SitrusBerry|FlameBody|HeatWave,StruggleBug,Tailwind,WillOWisp|||M|||50|,,,,,Water]Ursaluna-Bloodmoon||AssaultVest|MindsEye|BloodMoon,EarthPower,HyperVoice,VacuumWave|||M|||50|,,,,,Ghost]Sinistcha||RockyHelmet|Hospitality|MatchaGotcha,RagePowder,TrickRoom,LifeDew||||||50|,,,,,Fairy]Sneasler||WhiteHerb|Unburden|CloseCombat,DireClaw,ThroatChop,FakeOut|||F|||50|,,,,,Dark
|showteam|p2|Dragonite||AssaultVest|InnerFocus|ExtremeSpeed,Earthquake,Outrage,IceSpinner|||M|||50|,,,,,Normal]Incineroar||CovertCloak|Intimidate|FakeOut,FlareBlitz,DarkestLariat,CloseCombat|||F|||50|,,,,,Ghost]Grimmsnarl||BlackGlasses|Prankster|FakeOut,SpiritBreak,SuckerPunch,ThunderWave|||M|||50|,,,,,Dark]Sylveon||FairyFeather|Pixilate|Protect,TeraBlast,CalmMind,HyperVoice|||F|||50|,,,,,Ground]Armarouge||LifeOrb|FlashFire|Protect,AuraSphere,ArmorCannon,ExpandingForce|||M|||50|,,,,,Grass]Indeedee-F||SafetyGoggles|PsychicSurge|FollowMe,TrickRoom,DazzlingGleam,HelpingHand|||F|||50|,,,,,Fairy
|
|t:|1756167439
|teamsize|p1|4
|teamsize|p2|4
|start
|switch|p1a: Volcarona|Volcarona, L50, M|100/100
|switch|p1b: Dragonite|Dragonite, L50, M|100/100
|switch|p2a: Grimmsnarl|Grimmsnarl, L50, M, shiny|100/100
|switch|p2b: Dragonite|Dragonite, L50, M|100/100
|turn|1
|
|t:|1756167465
|-terastallize|p1b: Dragonite|Normal
|move|p2a: Grimmsnarl|Thunder Wave|p1b: Dragonite
|-status|p1b: Dragonite|par
|move|p1a: Volcarona|Will-O-Wisp|p2b: Dragonite|[miss]
|-miss|p1a: Volcarona|p2b: Dragonite
|move|p2b: Dragonite|Outrage|p1b: Dragonite
|-damage|p1b: Dragonite|61/100 par
|move|p1b: Dragonite|Scale Shot|p2b: Dragonite
|-supereffective|p2b: Dragonite
|-damage|p2b: Dragonite|71/100
|-supereffective|p2b: Dragonite
|-damage|p2b: Dragonite|41/100
|-supereffective|p2b: Dragonite
|-damage|p2b: Dragonite|11/100
|-supereffective|p2b: Dragonite
|-damage|p2b: Dragonite|0 fnt
|faint|p2b: Dragonite
|-hitcount|p2: Dragonite|4
|-unboost|p1b: Dragonite|def|1
|-boost|p1b: Dragonite|spe|1
|
|upkeep
|
|t:|1756167484
|switch|p2b: Sylveon|Sylveon, L50, F|100/100
|turn|2
|
|t:|1756167537
|cant|p1b: Dragonite|par
|move|p2a: Grimmsnarl|Thunder Wave|p1a: Volcarona
|-status|p1a: Volcarona|par
|move|p2b: Sylveon|Hyper Voice|p1b: Dragonite|[spread] p1a,p1b
|-resisted|p1a: Volcarona
|-crit|p1a: Volcarona
|-damage|p1a: Volcarona|70/100 par
|-damage|p1b: Dragonite|15/100 par
|cant|p1a: Volcarona|par
|
|upkeep
|turn|3
|
|t:|1756167559
|-terastallize|p2b: Sylveon|Ground
|cant|p1b: Dragonite|par
|move|p2a: Grimmsnarl|Sucker Punch||[still]
|-fail|p2a: Grimmsnarl
|move|p2b: Sylveon|Tera Blast|p1a: Volcarona|[anim] Tera Blast Ground
|-damage|p1a: Volcarona|34/100 par
|-enditem|p1a: Volcarona|Sitrus Berry|[eat]
|-heal|p1a: Volcarona|59/100 par|[from] item: Sitrus Berry
|move|p1a: Volcarona|Will-O-Wisp|p2a: Grimmsnarl|[miss]
|-miss|p1a: Volcarona|p2a: Grimmsnarl
|
|upkeep
|turn|4
|
|t:|1756167576
|move|p1b: Dragonite|Extreme Speed|p2b: Sylveon
|-damage|p2b: Sylveon|53/100
|move|p2a: Grimmsnarl|Spirit Break|p1b: Dragonite
|-damage|p1b: Dragonite|0 fnt
|faint|p1b: Dragonite
|move|p2b: Sylveon|Hyper Voice|p1a: Volcarona
|-resisted|p1a: Volcarona
|-damage|p1a: Volcarona|31/100 par
|move|p1a: Volcarona|Will-O-Wisp|p2a: Grimmsnarl
|-status|p2a: Grimmsnarl|brn
|
|-damage|p2a: Grimmsnarl|94/100 brn|[from] brn
|upkeep
|
|t:|1756167582
|switch|p1b: Ursaluna|Ursaluna-Bloodmoon, L50, M|100/100
|turn|5
|
|t:|1756167601
|move|p2a: Grimmsnarl|Spirit Break|p1b: Ursaluna
|-damage|p1b: Ursaluna|88/100
|-unboost|p1b: Ursaluna|spa|1
|move|p2b: Sylveon|Hyper Voice|p1b: Ursaluna|[spread] p1a,p1b
|-resisted|p1a: Volcarona
|-damage|p1a: Volcarona|12/100 par
|-damage|p1b: Ursaluna|57/100
|move|p1b: Ursaluna|Blood Moon|p2a: Grimmsnarl
|-damage|p2a: Grimmsnarl|45/100 brn
|cant|p1a: Volcarona|par
|
|-damage|p2a: Grimmsnarl|39/100 brn|[from] brn
|upkeep
|turn|6
|
|t:|1756167622
|move|p2a: Grimmsnarl|Spirit Break|p1a: Volcarona
|-resisted|p1a: Volcarona
|-damage|p1a: Volcarona|1/100 par
|-unboost|p1a: Volcarona|spa|1
|move|p2b: Sylveon|Hyper Voice|p1b: Ursaluna|[spread] p1a,p1b
|-resisted|p1a: Volcarona
|-damage|p1a: Volcarona|0 fnt
|-damage|p1b: Ursaluna|30/100
|faint|p1a: Volcarona
|move|p1b: Ursaluna|Hyper Voice|p2b: Sylveon|[spread] p2a,p2b
|-damage|p2a: Grimmsnarl|13/100 brn
|-damage|p2b: Sylveon|35/100
|
|-damage|p2a: Grimmsnarl|7/100 brn|[from] brn
|upkeep
|
|t:|1756167626
|switch|p1a: Sneasler|Sneasler, L50, F|100/100
|turn|7
|
|t:|1756167672
|move|p2b: Sylveon|Protect|p2b: Sylveon
|-singleturn|p2b: Sylveon|Protect
|move|p1a: Sneasler|Fake Out|p2a: Grimmsnarl
|-crit|p2a: Grimmsnarl
|-damage|p2a: Grimmsnarl|0 fnt
|faint|p2a: Grimmsnarl
|move|p1b: Ursaluna|Hyper Voice|p2b: Sylveon
|-activate|p2b: Sylveon|move: Protect
|
|upkeep
|-message|godbroj forfeited.
|
|win|2playakyle
|raw|2playakyle's rating: 1193 → 1210(+17 for winning)
|raw|godbroj's rating: 1072 → 1058(-14 for losing)
|l|‽godbroj
|player|p2|
