|j|☆ban1106
|j|☆AbadanRiyi92
|html|ban1106AbadanRiyi92    
|uhtml|bestof|Game 2 of a best-of-3
|t:|1785614072
|gametype|doubles
|player|p1|ban1106|brawly|1139
|player|p2|AbadanRiyi92|colress|1244
|gen|9
|tier|[Gen 9 Champions] VGC 2026 Reg M-B (Bo3)
|rated|
|rule|Species Clause: Limit one of each Pokémon
|rule|Item Clause: Limit 1 of each item
|clearpoke
|poke|p1|Tyranitar, L50, F|
|poke|p1|Excadrill, L50, F|
|poke|p1|Milotic, L50, M|
|poke|p1|Gholdengo, L50|
|poke|p1|Sinistcha-Masterpiece, L50|
|poke|p1|Staraptor, L50, M|
|poke|p2|Tyranitar, L50, M|
|poke|p2|Excadrill, L50, M|
|poke|p2|Milotic, L50, F|
|poke|p2|Sinistcha, L50|
|poke|p2|Staraptor, L50, F|
|poke|p2|Gholdengo, L50|
|teampreview|4
|showteam|p1|Tyranitar||Tyranitarite|SandStream|KnockOff,RockSlide,HighHorsepower,Protect|Jolly||F|||50|]Excadrill||FocusSash|SandRush|HighHorsepower,RockSlide,IronHead,Protect|Adamant||F|||50|]Milotic||SitrusBerry|Competitive|Scald,Haze,IcyWind,Protect|Serious||M|||50|]Gholdengo||LifeOrb|GoodasGold|ShadowBall,MakeItRain,NastyPlot,Protect|Modest|||||50|]Sinistcha-Masterpiece||ColburBerry|Hospitality|MatchaGotcha,ShadowBall,Protect,RagePowder|Bold|||||50|]Staraptor||Staraptite|Intimidate|CloseCombat,BraveBird,Tailwind,Protect|Jolly||M|||50|
|showteam|p2|Tyranitar||Tyranitarite|SandStream|KnockOff,RockSlide,HighHorsepower,Protect|Jolly||M|||50|]Excadrill||FocusSash|SandRush|Earthquake,IronHead,RockSlide,Protect|Adamant||M|||50|]Milotic||SitrusBerry|Competitive|Scald,IcyWind,Haze,Protect|Calm||F|||50|]Sinistcha||ColburBerry|Hospitality|MatchaGotcha,ShadowBall,Protect,RagePowder|Bold|||||50|]Staraptor||Staraptite|Intimidate|CloseCombat,BraveBird,Tailwind,Protect|Jolly||F|||50|]Gholdengo||LifeOrb|GoodasGold|MakeItRain,ShadowBall,NastyPlot,Protect|Modest|||||50|
|inactive|Battle timer is ON: inactive players will automatically lose when time's up. (requested by ban1106)
|
|t:|1785614098
|teamsize|p1|4
|teamsize|p2|4
|start
|switch|p1a: Milotic|Milotic, L50, M|100/100
|switch|p1b: Gholdengo|Gholdengo, L50|100/100
|switch|p2a: Tyranitar|Tyranitar, L50, M|100/100
|switch|p2b: Gholdengo|Gholdengo, L50|100/100
|-weather|Sandstorm|[from] ability: Sand Stream|[of] p2a: Tyranitar
|turn|1
|inactive|ban1106 has 30 seconds left.
|
|t:|1785614131
|detailschange|p2a: Tyranitar|Tyranitar-Mega, L50, M
|-mega|p2a: Tyranitar|Tyranitar|Tyranitarite
|move|p1b: Gholdengo|Protect|p1b: Gholdengo
|-singleturn|p1b: Gholdengo|Protect
|move|p2a: Tyranitar|Knock Off|p1b: Gholdengo
|-activate|p1b: Gholdengo|move: Protect
|move|p2b: Gholdengo|Nasty Plot|p2b: Gholdengo
|-boost|p2b: Gholdengo|spa|2
|move|p1a: Milotic|Icy Wind|p2a: Tyranitar|[spread] p2a,p2b
|-resisted|p2b: Gholdengo|1
|-crit|p2b: Gholdengo
|-damage|p2a: Tyranitar|94/100
|-damage|p2b: Gholdengo|93/100
|-unboost|p2a: Tyranitar|spe|1
|-unboost|p2b: Gholdengo|spe|1
|
|-weather|Sandstorm|[upkeep]
|-damage|p1a: Milotic|94/100|[from] Sandstorm
|upkeep
|turn|2
|inactive|ban1106 has 30 seconds left.
|inactive|ban1106 has 20 seconds left.
|inactive|ban1106 has 15 seconds left.
|inactive|ban1106 has 10 seconds left.
|
|t:|1785614178
|switch|p2a: Sinistcha|Sinistcha, L50|100/100
|-heal|p2b: Gholdengo|100/100|[from] ability: Hospitality|[of] p2a: Sinistcha
|move|p2b: Gholdengo|Protect|p2b: Gholdengo
|-singleturn|p2b: Gholdengo|Protect
|move|p1b: Gholdengo|Shadow Ball|p2b: Gholdengo
|-activate|p2b: Gholdengo|move: Protect
|move|p1a: Milotic|Haze|p1a: Milotic
|-clearallboost
|
|-weather|Sandstorm|[upkeep]
|-damage|p1a: Milotic|88/100|[from] Sandstorm
|-damage|p2a: Sinistcha|94/100|[from] Sandstorm
|upkeep
|turn|3
|inactive|ban1106 has 30 seconds left.
|inactive|AbadanRiyi92 has 30 seconds left.
|inactive|AbadanRiyi92 has 20 seconds left.
|inactive|ban1106 has 20 seconds left.
|inactive|ban1106 has 15 seconds left.
|
|t:|1785614226
|switch|p2b: Tyranitar|Tyranitar-Mega, L50, M|94/100
|move|p1b: Gholdengo|Shadow Ball|p2a: Sinistcha
|-supereffective|p2a: Sinistcha|1
|-damage|p2a: Sinistcha|0 fnt
|faint|p2a: Sinistcha
|-damage|p1b: Gholdengo|90/100|[from] item: Life Orb
|move|p1a: Milotic|Scald|p2b: Tyranitar
|-supereffective|p2b: Tyranitar|1
|-damage|p2b: Tyranitar|60/100
|
|-weather|Sandstorm|[upkeep]
|-damage|p1a: Milotic|82/100|[from] Sandstorm
|upkeep
|
|t:|1785614245
|switch|p2a: Excadrill|Excadrill, L50, M|100/100
|turn|4
|inactive|ban1106 has 30 seconds left.
|inactive|ban1106 has 20 seconds left.
|inactive|ban1106 has 15 seconds left.
|
|t:|1785614286
|switch|p1b: Sinistcha|Sinistcha-Masterpiece, L50|100/100
|-heal|p1a: Milotic|100/100|[from] ability: Hospitality|[of] p1b: Sinistcha
|move|p2a: Excadrill|Rock Slide|p1b: Sinistcha|[spread] p1a,p1b
|-damage|p1a: Milotic|81/100
|-damage|p1b: Sinistcha|81/100
|move|p2b: Tyranitar|Knock Off|p1a: Milotic
|-damage|p1a: Milotic|28/100
|-enditem|p1a: Milotic|Sitrus Berry|[from] move: Knock Off|[of] p2b: Tyranitar
|move|p1a: Milotic|Scald|p2a: Excadrill
|-supereffective|p2a: Excadrill|1
|-damage|p2a: Excadrill|21/100
|
|-weather|Sandstorm|[upkeep]
|-damage|p1a: Milotic|22/100|[from] Sandstorm
|-damage|p1b: Sinistcha|76/100|[from] Sandstorm
|upkeep
|turn|5
|inactive|ban1106 has 30 seconds left.
|inactive|AbadanRiyi92 has 30 seconds left.
|inactive|ban1106 has 20 seconds left.
|inactive|AbadanRiyi92 has 20 seconds left.
|inactive|ban1106 has 15 seconds left.
|inactive|AbadanRiyi92 has 15 seconds left.
|inactive|ban1106 has 10 seconds left.
|inactive|AbadanRiyi92 has 10 seconds left.
|inactive|ban1106 has 5 seconds left.
|
|t:|1785614339
|switch|p2a: Gholdengo|Gholdengo, L50|100/100
|switch|p1b: Tyranitar|Tyranitar, L50, F|100/100
|move|p1a: Milotic|Protect|p1a: Milotic
|-singleturn|p1a: Milotic|Protect
|move|p2b: Tyranitar|Knock Off|p1b: Tyranitar
|-resisted|p1b: Tyranitar|1
|-damage|p1b: Tyranitar|83/100
|
|-weather|none
|upkeep
|turn|6
|inactive|ban1106 has 30 seconds left.
|inactive|AbadanRiyi92 has 30 seconds left.
|inactive|ban1106 has 20 seconds left.
|inactive|ban1106 has 15 seconds left.
|inactive|ban1106 has 10 seconds left.
|inactive|ban1106 has 5 seconds left.
|
|t:|1785614392
|detailschange|p1b: Tyranitar|Tyranitar-Mega, L50, F
|-mega|p1b: Tyranitar|Tyranitar|Tyranitarite
|-weather|Sandstorm|[from] ability: Sand Stream|[of] p1b: Tyranitar
|move|p1b: Tyranitar|High Horsepower|p2a: Gholdengo
|-supereffective|p2a: Gholdengo|1
|-damage|p2a: Gholdengo|37/100
|move|p2b: Tyranitar|Knock Off|p1a: Milotic
|-damage|p1a: Milotic|0 fnt
|faint|p1a: Milotic
|move|p2a: Gholdengo|Make It Rain|p1b: Tyranitar
|-supereffective|p1b: Tyranitar|1
|-damage|p1b: Tyranitar|9/100
|-unboost|p2a: Gholdengo|spa|2
|-damage|p2a: Gholdengo|28/100|[from] item: Life Orb
|
|-weather|Sandstorm|[upkeep]
|upkeep
|inactive|ban1106 has 30 seconds left.
|
|t:|1785614422
|switch|p1a: Sinistcha|Sinistcha-Masterpiece, L50|76/100
|-heal|p1b: Tyranitar|34/100|[from] ability: Hospitality|[of] p1a: Sinistcha
|turn|7
|
|t:|1785614456
|move|p2b: Tyranitar|Protect|p2b: Tyranitar
|-singleturn|p2b: Tyranitar|Protect
|move|p1b: Tyranitar|Knock Off|p2a: Gholdengo
|-supereffective|p2a: Gholdengo|1
|-damage|p2a: Gholdengo|0 fnt
|-enditem|p2a: Gholdengo|Life Orb|[from] move: Knock Off|[of] p1b: Tyranitar
|faint|p2a: Gholdengo
|move|p1a: Sinistcha|Matcha Gotcha|p2b: Tyranitar
|-activate|p2b: Tyranitar|move: Protect
|
|-weather|Sandstorm|[upkeep]
|-damage|p1a: Sinistcha|70/100|[from] Sandstorm
|upkeep
|
|t:|1785614468
|switch|p2a: Excadrill|Excadrill, L50, M|21/100
|turn|8
|inactive|ban1106 has 30 seconds left.
|
|t:|1785614495
|move|p1a: Sinistcha|Protect|p1a: Sinistcha
|-singleturn|p1a: Sinistcha|Protect
|move|p2a: Excadrill|Rock Slide|p1a: Sinistcha|[spread] p1b
|-activate|p1a: Sinistcha|move: Protect
|-damage|p1b: Tyranitar|18/100
|move|p2b: Tyranitar|Knock Off|p1a: Sinistcha
|-activate|p1a: Sinistcha|move: Protect
|cant|p1b: Tyranitar|flinch
|
|-weather|Sandstorm|[upkeep]
|-damage|p1a: Sinistcha|64/100|[from] Sandstorm
|upkeep
|turn|9
|inactive|ban1106 has 30 seconds left.
|inactive|AbadanRiyi92 has 30 seconds left.
|
|t:|1785614524
|move|p2a: Excadrill|Protect|p2a: Excadrill
|-singleturn|p2a: Excadrill|Protect
|move|p2b: Tyranitar|Rock Slide|p1b: Tyranitar|[spread] p1a,p1b
|-damage|p1a: Sinistcha|38/100
|-damage|p1b: Tyranitar|0 fnt
|faint|p1b: Tyranitar
|move|p1a: Sinistcha|Matcha Gotcha|p2b: Tyranitar|[spread] p2b
|-activate|p2a: Excadrill|move: Protect
|-supereffective|p2b: Tyranitar|1
|-damage|p2b: Tyranitar|34/100
|-heal|p1a: Sinistcha|53/100|[from] drain|[of] p2b: Tyranitar
|-status|p2b: Tyranitar|brn
|
|-weather|Sandstorm|[upkeep]
|-damage|p1a: Sinistcha|47/100|[from] Sandstorm
|-damage|p2b: Tyranitar|28/100 brn|[from] brn
|upkeep
|
|t:|1785614542
|switch|p1b: Gholdengo|Gholdengo, L50|90/100
|turn|10
|
|t:|1785614560
|move|p1a: Sinistcha|Rage Powder|p1a: Sinistcha
|-singleturn|p1a: Sinistcha|move: Rage Powder
|move|p2a: Excadrill|Rock Slide|p1a: Sinistcha|[spread] p1a,p1b
|-resisted|p1b: Gholdengo|1
|-damage|p1a: Sinistcha|29/100
|-damage|p1b: Gholdengo|77/100
|move|p2b: Tyranitar|Knock Off|p1a: Sinistcha
|-supereffective|p1a: Sinistcha|1
|-enditem|p1a: Sinistcha|Colbur Berry|[eat]
|-enditem|p1a: Sinistcha|Colbur Berry|[weaken]
|-damage|p1a: Sinistcha|6/100
|move|p1b: Gholdengo|Make It Rain|p2b: Tyranitar|[spread] p2a,p2b
|-resisted|p2a: Excadrill|1
|-supereffective|p2b: Tyranitar|1
|-damage|p2a: Excadrill|0 fnt
|-damage|p2b: Tyranitar|0 fnt
|-unboost|p1b: Gholdengo|spa|2
|faint|p2a: Excadrill
|faint|p2b: Tyranitar
|-damage|p1b: Gholdengo|67/100|[from] item: Life Orb
|
|win|ban1106
|raw|ban1106's rating: 1139 → 1171(+32 for winning)
|raw|AbadanRiyi92's rating: 1244 → 1212(-32 for losing)
