|j|☆Alecat
|j|☆PR1NC3735
|html|AlecatPR1NC3735    
|uhtml|bestof|Game 2 of a best-of-3
|t:|1757635576
|gametype|doubles
|player|p1|Alecat|scientistf|1100
|player|p2|PR1NC3735|102|1000
|gen|9
|tier|[Gen 9] VGC 2025 Reg H (Bo3)
|rated|
|rule|Species Clause: Limit one of each Pokémon
|rule|Item Clause: Limit 1 of each item
|clearpoke
|poke|p1|Sneasler, L50, F|
|poke|p1|Magmar, L50, M|
|poke|p1|Rillaboom, L50, F|
|poke|p1|Espathra, L50, F|
|poke|p1|Kingambit, L50, F|
|poke|p1|Arcanine-Hisui, L50, F|
|poke|p2|Garchomp, L50, M|
|poke|p2|Gholdengo, L50|
|poke|p2|Murkrow, L50, M|
|poke|p2|Indeedee-F, L50, F|
|poke|p2|Incineroar, L50, M|
|poke|p2|Annihilape, L50, M|
|teampreview|4
|showteam|p1|Sneasler||FocusSash|Unburden|FakeOut,CloseCombat,DireClaw,Coaching|||F|||50|,,,,,Ghost]Magmar||Eviolite|VitalSpirit|FollowMe,HeatWave,Taunt,Protect|||M|||50|,,,,,Dragon]Rillaboom||AssaultVest|GrassySurge|FakeOut,WoodHammer,GrassyGlide,HighHorsepower|||F|||50|,,,,,Fire]Espathra||GrassySeed|SpeedBoost|StoredPower,TeraBlast,CalmMind,Protect|||F|||50|,,,,,Fighting]Kingambit||SafetyGoggles|Defiant|KowtowCleave,SuckerPunch,SwordsDance,Protect|||F|||50|,,,,,Dark]Arcanine-Hisui||LoadedDice|Intimidate|FlareBlitz,RockBlast,ExtremeSpeed,Protect|||F|||50|,,,,,Ghost
|showteam|p2|Garchomp||LifeOrb|RoughSkin|Earthquake,DragonClaw,SwordsDance,Protect|||M|||50|,,,,,Steel]Gholdengo||IronPlate|GoodasGold|MakeItRain,ShadowBall,NastyPlot,Protect||||||50|,,,,,Steel]Murkrow||Eviolite|Prankster|FoulPlay,Tailwind,Taunt,Protect|||M|||50|,,,,,Ghost]Indeedee-F||SafetyGoggles|PsychicSurge|DazzlingGleam,FollowMe,Protect,Psychic|||F|||50|,,,,,Flying]Incineroar||AguavBerry|Intimidate|PartingShot,FlareBlitz,KnockOff,FakeOut|||M|||50|,,,,,Flying]Annihilape||PsychicSeed|Defiant|DrainPunch,RageFist,Protect,BulkUp|||M|||50|,,,,,Fairy
|inactive|Battle timer is ON: inactive players will automatically lose when time's up. (requested by Alecat)
|
|t:|1757635597
|teamsize|p1|4
|teamsize|p2|4
|start
|switch|p1a: Magmar|Magmar, L50, M|100/100
|switch|p1b: Espathra|Espathra, L50, F, shiny|100/100
|switch|p2a: Gholdengo|Gholdengo, L50|100/100
|switch|p2b: Murkrow|Murkrow, L50, M|100/100
|turn|1
|
|t:|1757635617
|move|p2b: Murkrow|Taunt|p1a: Magmar
|-start|p1a: Magmar|move: Taunt
|move|p1a: Magmar|Heat Wave|p2b: Murkrow|[spread] p2a,p2b
|-supereffective|p2a: Gholdengo
|-damage|p2a: Gholdengo|42/100
|-damage|p2b: Murkrow|75/100
|move|p2a: Gholdengo|Nasty Plot|p2a: Gholdengo
|-boost|p2a: Gholdengo|spa|2
|move|p1b: Espathra|Calm Mind|p1b: Espathra
|-boost|p1b: Espathra|spa|1
|-boost|p1b: Espathra|spd|1
|
|-ability|p1b: Espathra|Speed Boost|boost
|-boost|p1b: Espathra|spe|1
|upkeep
|turn|2
|
|t:|1757635646
|move|p1b: Espathra|Protect|p1b: Espathra
|-singleturn|p1b: Espathra|Protect
|move|p2a: Gholdengo|Protect|p2a: Gholdengo
|-singleturn|p2a: Gholdengo|Protect
|move|p1a: Magmar|Heat Wave|p2a: Gholdengo|[spread] 
|-activate|p2a: Gholdengo|move: Protect
|-miss|p1a: Magmar|p2b: Murkrow
|move|p2b: Murkrow|Foul Play|p1b: Espathra
|-activate|p1b: Espathra|move: Protect
|
|-ability|p1b: Espathra|Speed Boost|boost
|-boost|p1b: Espathra|spe|1
|upkeep
|turn|3
|
|t:|1757635669
|-terastallize|p1b: Espathra|Fighting
|-terastallize|p2a: Gholdengo|Steel
|move|p2b: Murkrow|Tailwind|p2b: Murkrow
|-sidestart|p2: PR1NC3735|move: Tailwind
|move|p2a: Gholdengo|Make It Rain|p1b: Espathra|[spread] p1a,p1b
|-resisted|p1a: Magmar
|-damage|p1a: Magmar|35/100
|-damage|p1b: Espathra|0 fnt
|-unboost|p2a: Gholdengo|spa|1
|faint|p1b: Espathra
|move|p1a: Magmar|Heat Wave|p2b: Murkrow|[spread] p2a,p2b
|-supereffective|p2a: Gholdengo
|-damage|p2a: Gholdengo|0 fnt
|-damage|p2b: Murkrow|48/100
|faint|p2a: Gholdengo
|
|-end|p1a: Magmar|move: Taunt
|upkeep
|inactive|PR1NC3735 has 30 seconds left.
|
|t:|1757635697
|switch|p2a: Incineroar|Incineroar, L50, M|100/100
|switch|p1b: Kingambit|Kingambit, L50, F|100/100
|-ability|p2a: Incineroar|Intimidate|boost
|-unboost|p1a: Magmar|atk|1
|-unboost|p1b: Kingambit|atk|1
|-ability|p1b: Kingambit|Defiant|boost
|-boost|p1b: Kingambit|atk|2
|turn|4
|
|t:|1757635719
|move|p1a: Magmar|Follow Me|p1a: Magmar
|-singleturn|p1a: Magmar|move: Follow Me
|move|p2b: Murkrow|Foul Play|p1a: Magmar
|-damage|p1a: Magmar|17/100
|move|p2a: Incineroar|Flare Blitz|p1a: Magmar
|-resisted|p1a: Magmar
|-damage|p1a: Magmar|0 fnt
|faint|p1a: Magmar
|-damage|p2a: Incineroar|96/100|[from] Recoil
|move|p1b: Kingambit|Swords Dance|p1b: Kingambit
|-boost|p1b: Kingambit|atk|2
|
|upkeep
|
|t:|1757635731
|switch|p1a: Rillaboom|Rillaboom, L50, F|100/100
|-fieldstart|move: Grassy Terrain|[from] ability: Grassy Surge|[of] p1a: Rillaboom
|turn|5
|
|t:|1757635751
|move|p2b: Murkrow|Foul Play|p1b: Kingambit
|-resisted|p1b: Kingambit
|-damage|p1b: Kingambit|49/100
|move|p1a: Rillaboom|Wood Hammer|p2b: Murkrow
|-resisted|p2b: Murkrow
|-damage|p2b: Murkrow|5/100
|-damage|p1a: Rillaboom|89/100|[from] Recoil
|move|p2a: Incineroar|Flare Blitz|p1b: Kingambit
|-supereffective|p1b: Kingambit
|-damage|p1b: Kingambit|0 fnt
|faint|p1b: Kingambit
|-damage|p2a: Incineroar|79/100|[from] Recoil
|
|-heal|p1a: Rillaboom|95/100|[from] Grassy Terrain
|-heal|p2a: Incineroar|85/100|[from] Grassy Terrain
|upkeep
|turn|6
|
|t:|1757635767
|move|p2b: Murkrow|Protect|p2b: Murkrow
|-singleturn|p2b: Murkrow|Protect
|move|p1a: Rillaboom|High Horsepower|p2a: Incineroar
|-supereffective|p2a: Incineroar
|-crit|p2a: Incineroar
|-damage|p2a: Incineroar|0 fnt
|faint|p2a: Incineroar
|
|-heal|p1a: Rillaboom|100/100|[from] Grassy Terrain
|-sideend|p2: PR1NC3735|move: Tailwind
|upkeep
|
|t:|1757635778
|switch|p2a: Annihilape|Annihilape, L50, M|100/100
|turn|7
|
|t:|1757635801
|move|p1a: Rillaboom|Grassy Glide|p2b: Murkrow
|-resisted|p2b: Murkrow
|-damage|p2b: Murkrow|0 fnt
|faint|p2b: Murkrow
|move|p2a: Annihilape|Drain Punch|p1a: Rillaboom
|-damage|p1a: Rillaboom|66/100
|
|-heal|p1a: Rillaboom|72/100|[from] Grassy Terrain
|upkeep
|turn|8
|
|t:|1757635811
|move|p1a: Rillaboom|Wood Hammer|p2a: Annihilape
|-damage|p2a: Annihilape|19/100
|-damage|p1a: Rillaboom|43/100|[from] Recoil
|move|p2a: Annihilape|Drain Punch|p1a: Rillaboom
|-damage|p1a: Rillaboom|14/100
|-heal|p2a: Annihilape|33/100|[from] drain|[of] p1a: Rillaboom
|
|-heal|p1a: Rillaboom|20/100|[from] Grassy Terrain
|-heal|p2a: Annihilape|39/100|[from] Grassy Terrain
|upkeep
|turn|9
|
|t:|1757635821
|move|p2a: Annihilape|Protect|p2a: Annihilape
|-singleturn|p2a: Annihilape|Protect
|move|p1a: Rillaboom|Wood Hammer|p2a: Annihilape
|-activate|p2a: Annihilape|move: Protect
|
|-heal|p1a: Rillaboom|26/100|[from] Grassy Terrain
|-heal|p2a: Annihilape|45/100|[from] Grassy Terrain
|-fieldend|move: Grassy Terrain
|upkeep
|turn|10
|
|t:|1757635839
|move|p1a: Rillaboom|Wood Hammer|p2a: Annihilape
|-damage|p2a: Annihilape|0 fnt
|faint|p2a: Annihilape
|-damage|p1a: Rillaboom|10/100|[from] Recoil
|
|win|Alecat
|raw|Alecat's rating: 1100 → 1118(+18 for winning)
|raw|PR1NC3735's rating: 1000 → 1000(+0 for losing)
