|j|☆Oreo_Stars
|j|☆Kdbc73
|html|Oreo_StarsKdbc73    
|uhtml|bestof|Game 1 of a best-of-3
|t:|1756179625
|gametype|doubles
|player|p1|Oreo_Stars|265|1160
|player|p2|Kdbc73|preschoolerf|1126
|gen|9
|tier|[Gen 9] VGC 2025 Reg H (Bo3)
|rated|
|rule|Species Clause: Limit one of each Pokémon
|rule|Item Clause: Limit 1 of each item
|clearpoke
|poke|p1|Archaludon, L50, M|
|poke|p1|Pelipper, L50, F|
|poke|p1|Basculegion, L50, M|
|poke|p1|Sinistcha, L50|
|poke|p1|Maushold-Four, L50|
|poke|p1|Annihilape, L50, M|
|poke|p2|Sneasler, L50, F|
|poke|p2|Indeedee, L50, M|
|poke|p2|Ursaluna-Bloodmoon, L50, M|
|poke|p2|Electabuzz, L50, F|
|poke|p2|Incineroar, L50, F|
|poke|p2|Talonflame, L50, F|
|teampreview|4
|showteam|p1|Archaludon||AssaultVest|Stamina|DracoMeteor,FlashCannon,ElectroShot,BodyPress|||M|||50|,,,,,Grass]Pelipper||FocusSash|Drizzle|Hurricane,WeatherBall,Tailwind,HelpingHand|||F|||50|,,,,,Stellar]Basculegion||ChoiceBand|SwiftSwim|WaveCrash,FlipTurn,LastRespects,AquaJet|||M|||50|,,,,,Grass]Sinistcha||SitrusBerry|Hospitality|MatchaGotcha,LifeDew,RagePowder,TrickRoom||||||50|,,,,,Fairy]Maushold-Four||SafetyGoggles|FriendGuard|BeatUp,FollowMe,Taunt,Protect||||||50|,,,,,Ghost]Annihilape||Leftovers|Defiant|DrainPunch,RageFist,BulkUp,Protect|||M|||50|,,,,,Grass
|showteam|p2|Sneasler||PsychicSeed|Unburden|CloseCombat,DireClaw,ThroatChop,Protect|||F|||50|,,,,,Dark]Indeedee||FocusSash|PsychicSurge|ExpandingForce,TrickRoom,HelpingHand,Protect|||M|||50|,,,,,Psychic]Ursaluna-Bloodmoon||LifeOrb|MindsEye|BloodMoon,HyperVoice,EarthPower,Protect|||M|||50|,,,,,Normal]Electabuzz||Eviolite|VitalSpirit|Electroweb,FollowMe,Taunt,Protect|||F|||50|,,,,,Dragon]Incineroar||SafetyGoggles|Intimidate|FlareBlitz,KnockOff,PartingShot,FakeOut|||F|||50|,,,,,Ghost]Talonflame||CovertCloak|GaleWings|FlareBlitz,DualWingbeat,WillOWisp,Tailwind|||F|||50|,,,,,Fairy
|inactive|Battle timer is ON: inactive players will automatically lose when time's up. (requested by Oreo_Stars)
|inactive|Kdbc73 has 60 seconds left.
|inactive|Kdbc73 has 30 seconds left.
|
|t:|1756179695
|teamsize|p1|4
|teamsize|p2|4
|start
|switch|p1a: Maushold|Maushold-Four, L50|100/100
|switch|p1b: Annihilape|Annihilape, L50, M|100/100
|switch|p2a: Ursaluna|Ursaluna-Bloodmoon, L50, M|100/100
|switch|p2b: Electabuzz|Electabuzz, L50, F|100/100
|turn|1
|
|t:|1756179712
|move|p2b: Electabuzz|Follow Me|p2b: Electabuzz
|-singleturn|p2b: Electabuzz|move: Follow Me
|move|p1a: Maushold|Beat Up|p2b: Electabuzz
|-crit|p2b: Electabuzz
|-damage|p2b: Electabuzz|97/100
|-damage|p2b: Electabuzz|94/100
|-damage|p2b: Electabuzz|90/100
|-damage|p2b: Electabuzz|87/100
|-hitcount|p2b: Electabuzz|4
|move|p1b: Annihilape|Bulk Up|p1b: Annihilape
|-boost|p1b: Annihilape|atk|1
|-boost|p1b: Annihilape|def|1
|move|p2a: Ursaluna|Blood Moon|p1a: Maushold
|-damage|p1a: Maushold|0 fnt
|faint|p1a: Maushold
|-damage|p2a: Ursaluna|91/100|[from] item: Life Orb
|
|upkeep
|
|t:|1756179715
|switch|p1a: Archaludon|Archaludon, L50, M|100/100
|turn|2
|inactive|Kdbc73 has 30 seconds left.
|inactive|Kdbc73 has 20 seconds left.
|
|t:|1756179750
|-terastallize|p1a: Archaludon|Grass
|move|p2a: Ursaluna|Protect|p2a: Ursaluna
|-singleturn|p2a: Ursaluna|Protect
|move|p2b: Electabuzz|Electroweb|p1a: Archaludon|[spread] p1a,p1b
|-resisted|p1a: Archaludon
|-damage|p1a: Archaludon|95/100
|-damage|p1b: Annihilape|88/100
|-unboost|p1a: Archaludon|spe|1
|-unboost|p1b: Annihilape|spe|1
|-ability|p1b: Annihilape|Defiant|boost
|-boost|p1b: Annihilape|atk|2
|-ability|p1a: Archaludon|Stamina|boost
|-boost|p1a: Archaludon|def|1
|move|p1b: Annihilape|Bulk Up|p1b: Annihilape
|-boost|p1b: Annihilape|atk|1
|-boost|p1b: Annihilape|def|1
|move|p1a: Archaludon|Body Press|p2a: Ursaluna
|-activate|p2a: Ursaluna|move: Protect
|
|-heal|p1b: Annihilape|95/100|[from] item: Leftovers
|upkeep
|turn|3
|inactive|Kdbc73 has 30 seconds left.
|inactive|Kdbc73 has 20 seconds left.
|
|t:|1756179786
|-terastallize|p2a: Ursaluna|Normal
|move|p2b: Electabuzz|Follow Me|p2b: Electabuzz
|-singleturn|p2b: Electabuzz|move: Follow Me
|move|p2a: Ursaluna|Blood Moon|p1a: Archaludon
|-damage|p1a: Archaludon|0 fnt
|faint|p1a: Archaludon
|-damage|p2a: Ursaluna|81/100|[from] item: Life Orb
|move|p1b: Annihilape|Rage Fist|p2b: Electabuzz
|-damage|p2b: Electabuzz|0 fnt
|faint|p2b: Electabuzz
|
|-heal|p1b: Annihilape|100/100|[from] item: Leftovers
|upkeep
|
|t:|1756179806
|switch|p2b: Indeedee|Indeedee, L50, M|100/100
|switch|p1a: Sinistcha|Sinistcha, L50|100/100
|-fieldstart|move: Psychic Terrain|[from] ability: Psychic Surge|[of] p2b: Indeedee
|turn|4
|
|t:|1756179822
|move|p1b: Annihilape|Protect|p1b: Annihilape
|-singleturn|p1b: Annihilape|Protect
|move|p2a: Ursaluna|Protect|p2a: Ursaluna
|-singleturn|p2a: Ursaluna|Protect
|move|p2b: Indeedee|Expanding Force|p1b: Annihilape|[spread] p1a
|-activate|p1b: Annihilape|move: Protect
|-damage|p1a: Sinistcha|56/100
|move|p1a: Sinistcha|Trick Room|p1a: Sinistcha
|-fieldstart|move: Trick Room|[of] p1a: Sinistcha
|
|upkeep
|turn|5
|
|t:|1756179838
|move|p1a: Sinistcha|Matcha Gotcha|p2a: Ursaluna|[spread] p2a,p2b
|-damage|p2a: Ursaluna|47/100
|-heal|p1a: Sinistcha|74/100|[from] drain|[of] p2a: Ursaluna
|-damage|p2b: Indeedee|67/100
|-heal|p1a: Sinistcha|87/100|[from] drain|[of] p2b: Indeedee
|move|p2a: Ursaluna|Hyper Voice|p1a: Sinistcha|[spread] p1a,p1b
|-damage|p1a: Sinistcha|23/100
|-damage|p1b: Annihilape|40/100
|-enditem|p1a: Sinistcha|Sitrus Berry|[eat]
|-heal|p1a: Sinistcha|48/100|[from] item: Sitrus Berry
|-damage|p2a: Ursaluna|37/100|[from] item: Life Orb
|move|p1b: Annihilape|Drain Punch|p2a: Ursaluna
|-supereffective|p2a: Ursaluna
|-damage|p2a: Ursaluna|0 fnt
|-heal|p1b: Annihilape|57/100|[from] drain|[of] p2a: Ursaluna
|faint|p2a: Ursaluna
|move|p2b: Indeedee|Expanding Force|p1a: Sinistcha|[spread] p1a,p1b
|-supereffective|p1b: Annihilape
|-damage|p1a: Sinistcha|0 fnt
|-damage|p1b: Annihilape|0 fnt
|faint|p1a: Sinistcha
|faint|p1b: Annihilape
|
|win|Kdbc73
|inactive|Oreo_Stars has 30 seconds to confirm battle start!
|inactive|Kdbc73 has 30 seconds to confirm battle start!
||Oreo_Stars is ready for game 2.
|inactive|Kdbc73 has 20 seconds to confirm battle start!
|inactive|Kdbc73 has 10 seconds to confirm battle start!
||Kdbc73 is ready for game 2.
|uhtml|next|Next: Game 2 of 3
|l|☆Oreo_Stars
|player|p1|
