|j|☆toughlogvgc
|j|☆tsteelerfan
|html|toughlogvgctsteelerfan    
|uhtml|bestof|Game 1 of a best-of-3
|t:|1783782598
|gametype|doubles
|player|p1|toughlogvgc|2|1000
|player|p2|tsteelerfan|266|1099
|gen|9
|tier|[Gen 9 Champions] VGC 2026 Reg M-B (Bo3)
|rated|
|rule|Species Clause: Limit one of each Pokémon
|rule|Item Clause: Limit 1 of each item
|clearpoke
|poke|p1|Charizard, L50, M|
|poke|p1|Garchomp, L50, M|
|poke|p1|Basculegion, L50, M|
|poke|p1|Whimsicott, L50, F|
|poke|p1|Kingambit, L50, F|
|poke|p1|Floette-Eternal, L50, F|
|poke|p2|Machamp, L50, F|
|poke|p2|Whimsicott, L50, M|
|poke|p2|Primarina, L50, M|
|poke|p2|Sinistcha, L50|
|poke|p2|Scolipede, L50, F|
|poke|p2|Grimmsnarl, L50, M|
|teampreview|4
|showteam|p1|Charizard||CharizarditeY|Blaze|HeatWave,SolarBeam,Protect,WeatherBall|Modest||M|||50|]Garchomp||LifeOrb|RoughSkin|DragonClaw,Earthquake,RockSlide,Protect|Jolly||M|||50|]Basculegion||ChoiceScarf|Adaptability|WaveCrash,AquaJet,FlipTurn,LastRespects|Adamant||M|||50|]Whimsicott||FocusSash|Prankster|Moonblast,Tailwind,Protect,Encore|Timid||F|||50|]Kingambit||BlackGlasses|Defiant|IronHead,KowtowCleave,Protect,SuckerPunch|Adamant||F|||50|]Floette-Eternal||Floettite|FlowerVeil|Moonblast,LightofRuin,DazzlingGleam,Protect|Modest||F|||50|
|showteam|p2|Machamp||BlackBelt|NoGuard|StoneEdge,BrickBreak,Detect,DynamicPunch|Adamant||F|||50|]Whimsicott||FocusSash|Prankster|Tailwind,Encore,DazzlingGleam,Taunt|Modest||M|||50|]Primarina||MysticWater|LiquidVoice|HyperVoice,Moonblast,LifeDew,LightScreen|Serious||M|||50|]Sinistcha||Leftovers|Hospitality|LifeDew,RagePowder,Protect,MatchaGotcha|Modest|||||50|]Scolipede||Scolipite|SpeedBoost|Protect,SteelRoller,GunkShot,RockSlide|Jolly||F|||50|]Grimmsnarl||FairyFeather|Prankster|Reflect,LightScreen,SpiritBreak,PartingShot|Serious||M|||50|
|inactive|Battle timer is ON: inactive players will automatically lose when time's up. (requested by toughlogvgc)
|inactive|toughlogvgc has 60 seconds left.
|inactive|toughlogvgc has 30 seconds left.
|
|t:|1783782689
|teamsize|p1|4
|teamsize|p2|4
|start
|switch|p1a: Garchomp|Garchomp, L50, M|100/100
|switch|p1b: Basculegion|Basculegion, L50, M|100/100
|switch|p2a: Whimsicott|Whimsicott, L50, M|100/100
|switch|p2b: Scolipede|Scolipede, L50, F|100/100
|turn|1
|inactive|toughlogvgc has 30 seconds left.
|
|t:|1783782715
|move|p2b: Scolipede|Protect|p2b: Scolipede
|-singleturn|p2b: Scolipede|Protect
|move|p2a: Whimsicott|Tailwind|p2a: Whimsicott
|-sidestart|p2: tsteelerfan|move: Tailwind
|move|p1b: Basculegion|Wave Crash|p2a: Whimsicott
|-resisted|p2a: Whimsicott|1
|-damage|p2a: Whimsicott|45/100
|-damage|p1b: Basculegion|86/100|[from] Recoil
|move|p1a: Garchomp|Rock Slide|p2a: Whimsicott|[spread] p2a
|-activate|p2b: Scolipede|move: Protect
|-damage|p2a: Whimsicott|11/100
|-damage|p1a: Garchomp|90/100|[from] item: Life Orb
|
|-ability|p2b: Scolipede|Speed Boost|boost
|-boost|p2b: Scolipede|spe|1
|upkeep
|turn|2
|inactive|toughlogvgc has 30 seconds left.
|
|t:|1783782748
|move|p1a: Garchomp|Protect|p1a: Garchomp
|-singleturn|p1a: Garchomp|Protect
|move|p2b: Scolipede|Rock Slide|p1b: Basculegion|[spread] p1b
|-activate|p1a: Garchomp|move: Protect
|-damage|p1b: Basculegion|69/100
|move|p2a: Whimsicott|Dazzling Gleam|p1a: Garchomp|[spread] p1b
|-activate|p1a: Garchomp|move: Protect
|-damage|p1b: Basculegion|40/100
|cant|p1b: Basculegion|flinch
|
|-ability|p2b: Scolipede|Speed Boost|boost
|-boost|p2b: Scolipede|spe|1
|upkeep
|turn|3
|inactive|toughlogvgc has 30 seconds left.
|
|t:|1783782780
|switch|p1b: Whimsicott|Whimsicott, L50, F|100/100
|switch|p1a: Kingambit|Kingambit, L50, F|100/100
|move|p2b: Scolipede|Rock Slide|p1b: Whimsicott|[spread] p1a,p1b
|-resisted|p1a: Kingambit|1
|-damage|p1a: Kingambit|94/100
|-damage|p1b: Whimsicott|79/100
|move|p2a: Whimsicott|Dazzling Gleam|p1a: Kingambit|[spread] p1a,p1b
|-damage|p1a: Kingambit|71/100
|-damage|p1b: Whimsicott|37/100
|
|-ability|p2b: Scolipede|Speed Boost|boost
|-boost|p2b: Scolipede|spe|1
|upkeep
|turn|4
|inactive|toughlogvgc has 30 seconds left.
|
|t:|1783782810
|move|p2b: Scolipede|Protect|p2b: Scolipede
|-singleturn|p2b: Scolipede|Protect
|move|p2a: Whimsicott|Taunt|p1b: Whimsicott
|-start|p1b: Whimsicott|move: Taunt
|cant|p1b: Whimsicott|move: Taunt|Tailwind
|move|p1a: Kingambit|Kowtow Cleave|p2b: Scolipede
|-activate|p2b: Scolipede|move: Protect
|
|-sideend|p2: tsteelerfan|move: Tailwind
|-ability|p2b: Scolipede|Speed Boost|boost
|-boost|p2b: Scolipede|spe|1
|upkeep
|turn|5
|
|t:|1783782831
|move|p2a: Whimsicott|Tailwind|p2a: Whimsicott
|-sidestart|p2: tsteelerfan|move: Tailwind
|move|p2b: Scolipede|Rock Slide|p1b: Whimsicott|[spread] p1a,p1b
|-resisted|p1a: Kingambit|1
|-damage|p1a: Kingambit|66/100
|-damage|p1b: Whimsicott|14/100
|cant|p1b: Whimsicott|flinch
|move|p1a: Kingambit|Kowtow Cleave|p2b: Scolipede
|-damage|p2b: Scolipede|30/100
|
|-ability|p2b: Scolipede|Speed Boost|boost
|-boost|p2b: Scolipede|spe|1
|upkeep
|turn|6
|
|t:|1783782855
|switch|p2b: Primarina|Primarina, L50, M|100/100
|move|p2a: Whimsicott|Dazzling Gleam|p1b: Whimsicott|[spread] p1a,p1b
|-crit|p1b: Whimsicott
|-damage|p1a: Kingambit|43/100
|-damage|p1b: Whimsicott|0 fnt
|faint|p1b: Whimsicott
|move|p1a: Kingambit|Kowtow Cleave|p2b: Primarina
|-resisted|p2b: Primarina|1
|-damage|p2b: Primarina|60/100
|
|upkeep
|
|t:|1783782865
|switch|p1b: Basculegion|Basculegion, L50, M|40/100
|turn|7
|
|t:|1783782873
|move|p2a: Whimsicott|Dazzling Gleam|p1b: Basculegion|[spread] p1a,p1b
|-damage|p1a: Kingambit|20/100y
|-damage|p1b: Basculegion|10/100
|move|p2b: Primarina|Life Dew|p2b: Primarina|[spread] p2a,p2b
|-heal|p2a: Whimsicott|36/100
|-heal|p2b: Primarina|85/100
|move|p1b: Basculegion|Last Respects|p2b: Primarina
|-damage|p2b: Primarina|1/100
|move|p1a: Kingambit|Iron Head|p2a: Whimsicott
|-supereffective|p2a: Whimsicott|1
|-damage|p2a: Whimsicott|0 fnt
|faint|p2a: Whimsicott
|
|upkeep
|
|t:|1783782885
|switch|p2a: Sinistcha|Sinistcha, L50|100/100
|-heal|p2b: Primarina|25/100|[from] ability: Hospitality|[of] p2a: Sinistcha
|turn|8
|
|t:|1783782910
|switch|p1b: Garchomp|Garchomp, L50, M|90/100
|move|p1a: Kingambit|Protect|p1a: Kingambit
|-singleturn|p1a: Kingambit|Protect
|move|p2a: Sinistcha|Rage Powder|p2a: Sinistcha
|-singleturn|p2a: Sinistcha|move: Rage Powder
|move|p2b: Primarina|Hyper Voice|p1b: Garchomp|[spread] p1b
|-activate|p1a: Kingambit|move: Protect
|-crit|p1b: Garchomp
|-damage|p1b: Garchomp|27/100
|
|-sideend|p2: tsteelerfan|move: Tailwind
|upkeep
|turn|9
|
|t:|1783782932
|move|p2a: Sinistcha|Rage Powder|p2a: Sinistcha
|-singleturn|p2a: Sinistcha|move: Rage Powder
|move|p1a: Kingambit|Sucker Punch||[still]
|-fail|p1a: Kingambit
|move|p1b: Garchomp|Rock Slide|p2b: Primarina|[spread] p2a,p2b
|-crit|p2b: Primarina
|-damage|p2a: Sinistcha|78/100
|-damage|p2b: Primarina|0 fnt
|faint|p2b: Primarina
|-damage|p1b: Garchomp|17/100|[from] item: Life Orb
|
|-heal|p2a: Sinistcha|84/100|[from] item: Leftovers
|upkeep
|
|t:|1783782938
|switch|p2b: Scolipede|Scolipede, L50, F|30/100
|turn|10
|
|t:|1783782958
|move|p1b: Garchomp|Protect|p1b: Garchomp
|-singleturn|p1b: Garchomp|Protect
|move|p2b: Scolipede|Protect|p2b: Scolipede
|-singleturn|p2b: Scolipede|Protect
|move|p2a: Sinistcha|Matcha Gotcha|p1b: Garchomp|[spread] p1a
|-activate|p1b: Garchomp|move: Protect
|-resisted|p1a: Kingambit|1
|-damage|p1a: Kingambit|7/100
|-heal|p2a: Sinistcha|93/100|[from] drain|[of] p1a: Kingambit
|move|p1a: Kingambit|Kowtow Cleave|p2a: Sinistcha
|-supereffective|p2a: Sinistcha|1
|-damage|p2a: Sinistcha|0 fnt
|faint|p2a: Sinistcha
|
|-ability|p2b: Scolipede|Speed Boost|boost
|-boost|p2b: Scolipede|spe|1
|upkeep
|turn|11
|
|t:|1783782980
|move|p1a: Kingambit|Sucker Punch|p2b: Scolipede
|-damage|p2b: Scolipede|0 fnt
|faint|p2b: Scolipede
|
|win|toughlogvgc
||tsteelerfan is ready for game 2.
|inactive|toughlogvgc has 30 seconds to confirm battle start!
||toughlogvgc is ready for game 2.
|uhtml|next|Next: Game 2 of 3
|l|☆tsteelerfan
|player|p2|
|j|☆tsteelerfan
|player|p2|tsteelerfan|266|
|l|☆tsteelerfan
|player|p2|
