|j|☆klkconklwa
|j|☆pawmifleet
|html|klkconklwapawmifleet    
|uhtml|bestof|Game 1 of a best-of-3
|t:|1784387870
|gametype|doubles
|player|p1|klkconklwa|lucas-gen4pt|1191
|player|p2|pawmifleet|fisherman-gen4|1175
|gen|9
|tier|[Gen 9 Champions] VGC 2026 Reg M-B (Bo3)
|rated|
|rule|Species Clause: Limit one of each Pokémon
|rule|Item Clause: Limit 1 of each item
|clearpoke
|poke|p1|Charizard, L50, F, shiny|
|poke|p1|Kingambit, L50, M, shiny|
|poke|p1|Incineroar, L50, F|
|poke|p1|Sylveon, L50, M, shiny|
|poke|p1|Garchomp, L50, F, shiny|
|poke|p1|Aerodactyl, L50, F, shiny|
|poke|p2|Incineroar, L50, M|
|poke|p2|Venusaur, L50, M|
|poke|p2|Charizard, L50, M|
|poke|p2|Garchomp, L50, M|
|poke|p2|Toxapex, L50, M|
|poke|p2|Annihilape, L50, F|
|teampreview|4
|showteam|p1|Charizard||CharizarditeY|Blaze|WeatherBall,HeatWave,SolarBeam,Protect|Modest||F|||50|]Kingambit||FocusSash|Defiant|IronHead,SuckerPunch,KowtowCleave,LowKick|Adamant||M|||50|]Incineroar||SitrusBerry|Intimidate|FakeOut,DarkestLariat,PartingShot,HelpingHand|Impish||F|||50|]Sylveon||FairyFeather|Pixilate|HyperVoice,QuickAttack,Yawn,Detect|Modest||M|||50|]Garchomp||LifeOrb|RoughSkin|Protect,DragonClaw,Earthquake,StompingTantrum|Jolly||F|||50|]Aerodactyl||Aerodactylite|Unnerve|RockSlide,DualWingbeat,Tailwind,IceFang|Jolly||F|||50|
|showteam|p2|Incineroar||SitrusBerry|Intimidate|FakeOut,ThroatChop,FlareBlitz,PartingShot|Impish||M|||50|]Venusaur||LifeOrb|Chlorophyll|SolarBeam,SludgeBomb,EarthPower,Protect|Modest||M|||50|]Charizard||CharizarditeY|Blaze|HeatWave,WeatherBall,HelpingHand,Protect|Modest||M|||50|]Garchomp||ChoiceScarf|RoughSkin|DragonClaw,Earthquake,RockSlide,StompingTantrum|Adamant||M|||50|]Toxapex||Leftovers|Regenerator|Infestation,Toxic,BanefulBunker,WideGuard|Bold||M|||50|]Annihilape||FocusSash|Defiant|PhantomForce,CloseCombat,RockTomb,Protect|Jolly||F|||50|
|inactive|Battle timer is ON: inactive players will automatically lose when time's up. (requested by pawmifleet)
|
|t:|1784387932
|teamsize|p1|4
|teamsize|p2|4
|start
|switch|p1a: Aerodactyl|Aerodactyl, L50, F, shiny|100/100
|switch|p1b: Sylveon|Sylveon, L50, M, shiny|100/100
|switch|p2a: Garchomp|Garchomp, L50, M|100/100
|switch|p2b: Annihilape|Annihilape, L50, F|100/100
|-ability|p1a: Aerodactyl|Unnerve
|turn|1
|inactiveoff|Battle timer is now OFF.
|
|t:|1784387971
|detailschange|p1a: Aerodactyl|Aerodactyl-Mega, L50, F, shiny
|-mega|p1a: Aerodactyl|Aerodactyl|Aerodactylite
|move|p2b: Annihilape|Protect|p2b: Annihilape
|-singleturn|p2b: Annihilape|Protect
|move|p2a: Garchomp|Rock Slide|p1a: Aerodactyl|[spread] p1a,p1b
|-supereffective|p1a: Aerodactyl|1
|-damage|p1a: Aerodactyl|56/100
|-damage|p1b: Sylveon|76/100
|move|p1a: Aerodactyl|Ice Fang|p2a: Garchomp
|-supereffective|p2a: Garchomp|2
|-damage|p2a: Garchomp|1/100
|-damage|p1a: Aerodactyl|44/100|[from] ability: Rough Skin|[of] p2a: Garchomp
|move|p1b: Sylveon|Hyper Voice|p2a: Garchomp|[spread] p2a
|-activate|p2b: Annihilape|move: Protect
|-supereffective|p2a: Garchomp|1
|-damage|p2a: Garchomp|0 fnt
|faint|p2a: Garchomp
|
|upkeep
|
|t:|1784387987
|switch|p2a: Venusaur|Venusaur, L50, M|100/100
|turn|2
|
|t:|1784388000
|move|p2a: Venusaur|Protect|p2a: Venusaur
|-singleturn|p2a: Venusaur|Protect
|move|p1a: Aerodactyl|Dual Wingbeat|p2a: Venusaur
|-activate|p2a: Venusaur|move: Protect
|move|p2b: Annihilape|Rock Tomb|p1a: Aerodactyl
|-supereffective|p1a: Aerodactyl|1
|-damage|p1a: Aerodactyl|3/100
|-unboost|p1a: Aerodactyl|spe|1
|move|p1b: Sylveon|Hyper Voice|p2b: Annihilape|[spread] p2b
|-activate|p2a: Venusaur|move: Protect
|-supereffective|p2b: Annihilape|1
|-damage|p2b: Annihilape|5/100
|
|upkeep
|turn|3
|
|t:|1784388021
|move|p1b: Sylveon|Quick Attack|p2b: Annihilape
|-supereffective|p2b: Annihilape|1
|-damage|p2b: Annihilape|0 fnt
|faint|p2b: Annihilape
|move|p1a: Aerodactyl|Tailwind|p1a: Aerodactyl
|-sidestart|p1: klkconklwa|move: Tailwind
|move|p2a: Venusaur|Sludge Bomb|p1b: Sylveon
|-supereffective|p1b: Sylveon|1
|-damage|p1b: Sylveon|0 fnt
|faint|p1b: Sylveon
|-damage|p2a: Venusaur|90/100|[from] item: Life Orb
|
|upkeep
|
|t:|1784388032
|switch|p2b: Charizard|Charizard, L50, M|100/100
|switch|p1b: Incineroar|Incineroar, L50, F|100/100
|-ability|p1b: Incineroar|Intimidate|boost
|-unboost|p2a: Venusaur|atk|1
|-unboost|p2b: Charizard|atk|1
|turn|4
|
|t:|1784388064
|move|p2a: Venusaur|Protect|p2a: Venusaur
|-singleturn|p2a: Venusaur|Protect
|move|p2b: Charizard|Protect|p2b: Charizard
|-singleturn|p2b: Charizard|Protect
|move|p1b: Incineroar|Fake Out|p2a: Venusaur
|-activate|p2a: Venusaur|move: Protect
|move|p1a: Aerodactyl|Rock Slide|p2a: Venusaur|[spread] 
|-activate|p2a: Venusaur|move: Protect
|-activate|p2b: Charizard|move: Protect
|
|upkeep
|turn|5
|
|t:|1784388077
|detailschange|p2b: Charizard|Charizard-Mega-Y, L50, M
|-mega|p2b: Charizard|Charizard|Charizardite Y
|-weather|SunnyDay|[from] ability: Drought|[of] p2b: Charizard
|move|p2b: Charizard|Helping Hand|p2a: Venusaur
|-singleturn|p2a: Venusaur|Helping Hand|[of] p2b: Charizard
|move|p1a: Aerodactyl|Rock Slide|p2a: Venusaur|[spread] p2a,p2b
|-supereffective|p2b: Charizard|2
|-damage|p2a: Venusaur|55/100
|-damage|p2b: Charizard|14/100
|move|p2a: Venusaur|Earth Power|p1b: Incineroar
|-supereffective|p1b: Incineroar|1
|-damage|p1b: Incineroar|3/100
|-enditem|p1b: Incineroar|Sitrus Berry|[eat]
|-heal|p1b: Incineroar|28/100|[from] item: Sitrus Berry
|-damage|p2a: Venusaur|45/100|[from] item: Life Orb
|move|p1b: Incineroar|Parting Shot|p2a: Venusaur
|-unboost|p2a: Venusaur|atk|1
|-unboost|p2a: Venusaur|spa|1
|
|t:|1784388092
|switch|p1b: Garchomp|Garchomp, L50, F, shiny|100/100|[from] Parting Shot
|
|-weather|SunnyDay|[upkeep]
|upkeep
|turn|6
|
|t:|1784388124
|switch|p1a: Incineroar|Incineroar, L50, F|28/100
|-ability|p1a: Incineroar|Intimidate|boost
|-unboost|p2a: Venusaur|atk|1
|-unboost|p2b: Charizard|atk|1
|move|p1b: Garchomp|Dragon Claw|p2a: Venusaur
|-damage|p2a: Venusaur|0 fnt
|faint|p2a: Venusaur
|-damage|p1b: Garchomp|90/100|[from] item: Life Orb
|move|p2b: Charizard|Weather Ball|p1b: Garchomp
|-resisted|p1b: Garchomp|1
|-damage|p1b: Garchomp|38/100
|
|-weather|SunnyDay|[upkeep]
|-sideend|p1: klkconklwa|move: Tailwind
|upkeep
|turn|7
|
|t:|1784388140
|move|p1a: Incineroar|Fake Out|p2b: Charizard
|-damage|p2b: Charizard|4/100
|move|p1b: Garchomp|Dragon Claw|p2b: Charizard
|-crit|p2b: Charizard
|-damage|p2b: Charizard|0 fnt
|faint|p2b: Charizard
|-damage|p1b: Garchomp|28/100|[from] item: Life Orb
|
|win|klkconklwa
