|j|☆Prepucio Santos
|j|☆Maffles
|html|Prepucio SantosMaffles    
|uhtml|bestof|Game 2 of a best-of-3
|t:|1783270764
|gametype|doubles
|player|p1|Prepucio Santos|striker|1186
|player|p2|Maffles|1|1173
|gen|9
|tier|[Gen 9 Champions] VGC 2026 Reg M-B (Bo3)
|rated|
|rule|Species Clause: Limit one of each Pokémon
|rule|Item Clause: Limit 1 of each item
|clearpoke
|poke|p1|Incineroar, L50, M|
|poke|p1|Sinistcha-Masterpiece, L50, shiny|
|poke|p1|Floette-Eternal, L50, F|
|poke|p1|Kingambit, L50, M|
|poke|p1|Sneasler, L50, M|
|poke|p1|Delphox, L50, F, shiny|
|poke|p2|Gengar, L50, F|
|poke|p2|Kingambit, L50, M|
|poke|p2|Ninetales-Alola, L50, F|
|poke|p2|Corviknight, L50, F|
|poke|p2|Basculegion, L50, M|
|poke|p2|Lopunny, L50, M|
|teampreview|4
|showteam|p1|Incineroar||SitrusBerry|Intimidate|FakeOut,PartingShot,ThroatChop,FlareBlitz|Careful||M|||50|]Sinistcha-Masterpiece||KasibBerry|Hospitality|MatchaGotcha,LifeDew,RagePowder,TrickRoom|Bold|||||50|]Floette-Eternal||Floettite|FlowerVeil|Moonblast,DazzlingGleam,CalmMind,Protect|Modest||F|||50|]Kingambit||BlackGlasses|Defiant|KowtowCleave,SuckerPunch,SwordsDance,Protect|Adamant||M|||50|]Sneasler||FocusSash|PoisonTouch|FakeOut,CloseCombat,DireClaw,QuickGuard|Jolly||M|||50|]Delphox||Delphoxite|Blaze|HeatWave,Psyshock,NastyPlot,Protect|Timid||F|||50|
|showteam|p2|Gengar||Gengarite|CursedBody|SludgeBomb,Disable,PerishSong,Protect|Timid||F|||50|]Kingambit||ChopleBerry|Defiant|KowtowCleave,SuckerPunch,SwordsDance,Protect|Adamant||M|||50|]Ninetales-Alola||FocusSash|SnowWarning|Blizzard,Moonblast,Encore,Protect|Timid||F|||50|]Corviknight||Leftovers|MirrorArmor|BraveBird,Roost,Tailwind,Protect|Impish||F|||50|]Basculegion||SitrusBerry|Adaptability|LastRespects,FlipTurn,Soak,Protect|Sassy||M|||50|]Lopunny||Lopunnite|CuteCharm|CloseCombat,FakeOut,Encore,Protect|Jolly||M|||50|
|
|t:|1783270797
|teamsize|p1|4
|teamsize|p2|4
|start
|switch|p1a: Sneasler|Sneasler, L50, M|100/100
|switch|p1b: Delphox|Delphox, L50, F, shiny|100/100
|switch|p2a: Lopunny|Lopunny, L50, M|100/100
|switch|p2b: Kingambit|Kingambit, L50, M|100/100
|turn|1
|
|t:|1783270843
|switch|p1a: Sinistcha|Sinistcha-Masterpiece, L50, shiny|100/100
|detailschange|p2a: Lopunny|Lopunny-Mega, L50, M
|-mega|p2a: Lopunny|Lopunny|Lopunnite
|detailschange|p1b: Delphox|Delphox-Mega, L50, F, shiny
|-mega|p1b: Delphox|Delphox|Delphoxite
|move|p1b: Delphox|Protect|p1b: Delphox
|-singleturn|p1b: Delphox|Protect
|move|p2b: Kingambit|Protect|p2b: Kingambit
|-singleturn|p2b: Kingambit|Protect
|move|p2a: Lopunny|Encore||[still]
|-fail|p2a: Lopunny
|
|upkeep
|turn|2
|
|t:|1783270852
|switch|p2a: Basculegion|Basculegion, L50, M|100/100
|move|p1a: Sinistcha|Rage Powder|p1a: Sinistcha
|-singleturn|p1a: Sinistcha|move: Rage Powder
|move|p1b: Delphox|Heat Wave|p2b: Kingambit|[spread] p2a,p2b
|-resisted|p2a: Basculegion|1
|-supereffective|p2b: Kingambit|1
|-damage|p2a: Basculegion|85/100
|-damage|p2b: Kingambit|24/100
|move|p2b: Kingambit|Kowtow Cleave|p1a: Sinistcha
|-supereffective|p1a: Sinistcha|1
|-damage|p1a: Sinistcha|29/100
|
|upkeep
|turn|3
|
|t:|1783270867
|move|p2b: Kingambit|Protect|p2b: Kingambit
|-singleturn|p2b: Kingambit|Protect
|move|p1a: Sinistcha|Rage Powder|p1a: Sinistcha
|-singleturn|p1a: Sinistcha|move: Rage Powder
|move|p1b: Delphox|Heat Wave|p2b: Kingambit|[spread] p2a
|-activate|p2b: Kingambit|move: Protect
|-resisted|p2a: Basculegion|1
|-damage|p2a: Basculegion|71/100
|move|p2a: Basculegion|Last Respects|p1a: Sinistcha
|-supereffective|p1a: Sinistcha|1
|-enditem|p1a: Sinistcha|Kasib Berry|[eat]
|-enditem|p1a: Sinistcha|Kasib Berry|[weaken]
|-damage|p1a: Sinistcha|8/100
|
|upkeep
|turn|4
|inactive|Battle timer is ON: inactive players will automatically lose when time's up. (requested by Prepucio Santos)
|
|t:|1783270880
|switch|p2b: Lopunny|Lopunny-Mega, L50, M|100/100
|move|p1a: Sinistcha|Rage Powder|p1a: Sinistcha
|-singleturn|p1a: Sinistcha|move: Rage Powder
|move|p1b: Delphox|Heat Wave|p2a: Basculegion|[spread] p2a,p2b
|-resisted|p2a: Basculegion|1
|-damage|p2a: Basculegion|56/100
|-damage|p2b: Lopunny|51/100
|-status|p2b: Lopunny|brn
|move|p2a: Basculegion|Flip Turn|p1a: Sinistcha
|-resisted|p1a: Sinistcha|1
|-damage|p1a: Sinistcha|0 fnt
|faint|p1a: Sinistcha
|
|t:|1783270893
|switch|p2a: Kingambit|Kingambit, L50, M|24/100|[from] Flip Turn
|
|-damage|p2b: Lopunny|45/100 brn|[from] brn
|upkeep
|
|t:|1783270904
|switch|p1a: Sneasler|Sneasler, L50, M|100/100
|turn|5
|
|t:|1783270915
|move|p2a: Kingambit|Protect|p2a: Kingambit
|-singleturn|p2a: Kingambit|Protect
|move|p2b: Lopunny|Fake Out|p1a: Sneasler
|-damage|p1a: Sneasler|81/100
|cant|p1a: Sneasler|flinch
|move|p1b: Delphox|Heat Wave|p2a: Kingambit|[spread] 
|-activate|p2a: Kingambit|move: Protect
|-miss|p1b: Delphox|p2b: Lopunny
|
|-damage|p2b: Lopunny|40/100 brn|[from] brn
|upkeep
|turn|6
|
|t:|1783270930
|move|p1a: Sneasler|Quick Guard|p1a: Sneasler
|-singleturn|p1a: Sneasler|Quick Guard
|move|p2b: Lopunny|Encore|p1a: Sneasler
|-start|p1a: Sneasler|Encore
|move|p1b: Delphox|Heat Wave|p2b: Lopunny|[spread] p2a,p2b
|-supereffective|p2a: Kingambit|1
|-damage|p2a: Kingambit|0 fnt
|-damage|p2b: Lopunny|0 fnt
|faint|p2a: Kingambit
|faint|p2b: Lopunny
|
|upkeep
|
|t:|1783270937
|switch|p2b: Basculegion|Basculegion, L50, M|56/100
|switch|p2a: Corviknight|Corviknight, L50, F|100/100
|turn|7
|
|t:|1783270951
|switch|p1a: Kingambit|Kingambit, L50, M|100/100
|move|p1b: Delphox|Heat Wave|p2b: Basculegion|[spread] p2a,p2b
|-supereffective|p2a: Corviknight|1
|-resisted|p2b: Basculegion|1
|-damage|p2a: Corviknight|15/100
|-damage|p2b: Basculegion|41/100
|-enditem|p2b: Basculegion|Sitrus Berry|[eat]
|-heal|p2b: Basculegion|65/100|[from] item: Sitrus Berry
|move|p2b: Basculegion|Last Respects|p1b: Delphox
|-supereffective|p1b: Delphox|1
|-damage|p1b: Delphox|0 fnt
|faint|p1b: Delphox
|move|p2a: Corviknight|Tailwind|p2a: Corviknight
|-sidestart|p2: Maffles|move: Tailwind
|
|-heal|p2a: Corviknight|20/100y|[from] item: Leftovers
|upkeep
|
|t:|1783270957
|switch|p1b: Sneasler|Sneasler, L50, M|81/100
|turn|8
|
|t:|1783270965
|move|p2a: Corviknight|Protect|p2a: Corviknight
|-singleturn|p2a: Corviknight|Protect
|move|p1b: Sneasler|Fake Out|p2a: Corviknight
|-activate|p2a: Corviknight|move: Protect
|move|p1a: Kingambit|Sucker Punch||[still]
|-fail|p1a: Kingambit
|move|p2b: Basculegion|Soak|p1a: Kingambit
|-start|p1a: Kingambit|typechange|Water
|
|-heal|p2a: Corviknight|26/100|[from] item: Leftovers
|upkeep
|turn|9
|
|t:|1783270978
|move|p2b: Basculegion|Protect|p2b: Basculegion
|-singleturn|p2b: Basculegion|Protect
|move|p1a: Kingambit|Sucker Punch||[still]
|-fail|p1a: Kingambit
|move|p1b: Sneasler|Close Combat|p2a: Corviknight
|-damage|p2a: Corviknight|0 fnt
|-unboost|p1b: Sneasler|def|1
|-unboost|p1b: Sneasler|spd|1
|faint|p2a: Corviknight
|
|upkeep
|turn|10
|
|t:|1783270987
|move|p1a: Kingambit|Sucker Punch|p2b: Basculegion
|-supereffective|p2b: Basculegion|1
|-damage|p2b: Basculegion|0 fnt
|faint|p2b: Basculegion
|
|win|Prepucio Santos
