|j|☆MMcookiegamer
|j|☆SandroSSB
|html|MMcookiegamerSandroSSB    
|uhtml|bestof|Game 2 of a best-of-3
|t:|1756316332
|gametype|doubles
|player|p1|MMcookiegamer|roy|
|player|p2|SandroSSB|brycen|
|gen|9
|tier|[Gen 9] VGC 2025 Reg H (Bo3)
|rule|Species Clause: Limit one of each Pokémon
|rule|Item Clause: Limit 1 of each item
|clearpoke
|poke|p1|Incineroar, L50, F|
|poke|p1|Ursaluna-Bloodmoon, L50, M|
|poke|p1|Ninetales-Alola, L50, F|
|poke|p1|Sneasler, L50, F|
|poke|p1|Rillaboom, L50, M|
|poke|p1|Dragonite, L50, M|
|poke|p2|Dragapult, L50, M|
|poke|p2|Typhlosion-Hisui, L50, M|
|poke|p2|Whimsicott, L50, F|
|poke|p2|Electabuzz, L50, F|
|poke|p2|Flamigo, L50, M|
|poke|p2|Incineroar, L50, M|
|teampreview|4
|showteam|p1|Incineroar||SafetyGoggles|Intimidate|FakeOut,KnockOff,PartingShot,Taunt|||F|||50|,,,,,Ghost]Ursaluna-Bloodmoon||LifeOrb|MindsEye|EarthPower,BloodMoon,Protect,HyperVoice|||M|||50|,,,,,Ghost]Ninetales-Alola||CovertCloak|SnowWarning|Blizzard,AuroraVeil,FreezeDry,Protect|||F|||50|,,,,,Water]Sneasler||GrassySeed|Unburden|CloseCombat,DireClaw,Protect,ThroatChop|||F|||50|,,,,,Dark]Rillaboom||AssaultVest|GrassySurge|FakeOut,GrassyGlide,WoodHammer,Uturn|||M|||50|,,,,,Fire]Dragonite||LoadedDice|Multiscale|ScaleShot,Protect,Tailwind,ExtremeSpeed|||M|||50|,,,,,Normal
|showteam|p2|Dragapult||ChoiceBand|ClearBody|DragonDarts,Outrage,PhantomForce,Uturn|||M|||50|,,,,,Dragon]Typhlosion-Hisui||ChoiceSpecs|Blaze|Eruption,HeatWave,Overheat,ShadowBall|||M|||50|,,,,,Fire]Whimsicott||CovertCloak|Prankster|Moonblast,Tailwind,SunnyDay,Encore|||F|||50|,,,,,Water]Electabuzz||Eviolite|VitalSpirit|FollowMe,Thunderbolt,Taunt,Protect|||F|||50|,,,,,Ghost]Flamigo||FocusSash|Scrappy|CloseCombat,BraveBird,Feint,Protect|||M|||50|,,,,,Ghost]Incineroar||AssaultVest|Intimidate|FakeOut,KnockOff,FlareBlitz,Uturn|||M|||50|,,,,,Grass
|inactive|Battle timer is ON: inactive players will automatically lose when time's up. (requested by SandroSSB)
|inactive|SandroSSB has 60 seconds left.
|
|t:|1756316393
|teamsize|p1|4
|teamsize|p2|4
|start
|switch|p1a: Ninetales|Ninetales-Alola, L50, F|100/100
|switch|p1b: Dragonite|Dragonite, L50, M|100/100
|switch|p2a: Typhlosion|Typhlosion-Hisui, L50, M|100/100
|switch|p2b: Electabuzz|Electabuzz, L50, F|100/100
|-weather|Snowscape|[from] ability: Snow Warning|[of] p1a: Ninetales
|turn|1
|inactive|SandroSSB has 30 seconds left.
|
|t:|1756316421
|-terastallize|p1a: Ninetales|Water
|move|p2b: Electabuzz|Follow Me|p2b: Electabuzz
|-singleturn|p2b: Electabuzz|move: Follow Me
|move|p1a: Ninetales|Aurora Veil|p1a: Ninetales
|-sidestart|p1: MMcookiegamer|move: Aurora Veil
|move|p2a: Typhlosion|Eruption|p1b: Dragonite|[spread] p1a,p1b
|-resisted|p1a: Ninetales
|-resisted|p1b: Dragonite
|-damage|p1a: Ninetales|64/100
|-damage|p1b: Dragonite|87/100
|move|p1b: Dragonite|Tailwind|p1b: Dragonite
|-sidestart|p1: MMcookiegamer|move: Tailwind
|
|-weather|Snowscape|[upkeep]
|upkeep
|turn|2
|
|t:|1756316433
|switch|p2a: Incineroar|Incineroar, L50, M|100/100
|-ability|p2a: Incineroar|Intimidate|boost
|-unboost|p1a: Ninetales|atk|1
|-unboost|p1b: Dragonite|atk|1
|move|p1a: Ninetales|Blizzard|p2a: Incineroar|[spread] p2a,p2b
|-resisted|p2a: Incineroar
|-crit|p2a: Incineroar
|-damage|p2a: Incineroar|86/100
|-damage|p2b: Electabuzz|79/100
|move|p1b: Dragonite|Scale Shot|p2a: Incineroar|[miss]
|-miss|p1b: Dragonite|p2a: Incineroar
|move|p2b: Electabuzz|Thunderbolt|p1a: Ninetales
|-supereffective|p1a: Ninetales
|-damage|p1a: Ninetales|13/100
|
|-weather|Snowscape|[upkeep]
|upkeep
|turn|3
|inactive|SandroSSB has 30 seconds left.
|inactive|MMcookiegamer has 30 seconds left.
|inactive|SandroSSB has 20 seconds left.
|inactive|SandroSSB has 15 seconds left.
|inactive|MMcookiegamer has 20 seconds left.
|inactive|SandroSSB has 10 seconds left.
|inactive|MMcookiegamer has 15 seconds left.
|
|t:|1756316484
|move|p1a: Ninetales|Blizzard|p2b: Electabuzz|[spread] p2a,p2b
|-resisted|p2a: Incineroar
|-damage|p2a: Incineroar|75/100
|-damage|p2b: Electabuzz|57/100
|move|p1b: Dragonite|Scale Shot|p2b: Electabuzz
|-damage|p2b: Electabuzz|49/100
|-damage|p2b: Electabuzz|42/100
|-damage|p2b: Electabuzz|34/100
|-damage|p2b: Electabuzz|26/100
|-hitcount|p2b: Electabuzz|4
|-unboost|p1b: Dragonite|def|1
|-boost|p1b: Dragonite|spe|1
|move|p2b: Electabuzz|Thunderbolt|p1a: Ninetales
|-supereffective|p1a: Ninetales
|-damage|p1a: Ninetales|0 fnt
|faint|p1a: Ninetales
|move|p2a: Incineroar|Knock Off|p1b: Dragonite
|-damage|p1b: Dragonite|41/100
|-enditem|p1b: Dragonite|Loaded Dice|[from] move: Knock Off|[of] p2a: Incineroar
|
|-weather|Snowscape|[upkeep]
|upkeep
|
|t:|1756316500
|switch|p1a: Rillaboom|Rillaboom, L50, M|100/100
|-fieldstart|move: Grassy Terrain|[from] ability: Grassy Surge|[of] p1a: Rillaboom
|turn|4
|
|t:|1756316520
|move|p2b: Electabuzz|Protect|p2b: Electabuzz
|-singleturn|p2b: Electabuzz|Protect
|move|p1a: Rillaboom|Fake Out|p2a: Incineroar
|-damage|p2a: Incineroar|62/100
|move|p1b: Dragonite|Scale Shot|p2b: Electabuzz
|-activate|p2b: Electabuzz|move: Protect
|cant|p2a: Incineroar|flinch
|
|-weather|Snowscape|[upkeep]
|-heal|p2b: Electabuzz|32/100|[from] Grassy Terrain
|-heal|p2a: Incineroar|68/100|[from] Grassy Terrain
|-sideend|p1: MMcookiegamer|move: Tailwind
|upkeep
|turn|5
|
|t:|1756316542
|switch|p2b: Typhlosion|Typhlosion-Hisui, L50, M|100/100
|switch|p1a: Sneasler|Sneasler, L50, F|100/100
|-enditem|p1a: Sneasler|Grassy Seed
|-boost|p1a: Sneasler|def|1|[from] item: Grassy Seed
|move|p1b: Dragonite|Scale Shot|p2b: Typhlosion
|-damage|p2b: Typhlosion|86/100
|-damage|p2b: Typhlosion|72/100
|-damage|p2b: Typhlosion|59/100
|-damage|p2b: Typhlosion|45/100
|-damage|p2b: Typhlosion|31/100
|-hitcount|p2b: Typhlosion|5
|-unboost|p1b: Dragonite|def|1
|-boost|p1b: Dragonite|spe|1
|move|p2a: Incineroar|U-turn|p1a: Sneasler
|-resisted|p1a: Sneasler
|-crit|p1a: Sneasler
|-damage|p1a: Sneasler|86/100
|
|t:|1756316560
|switch|p2a: Electabuzz|Electabuzz, L50, F|32/100|[from] U-turn
|
|-weather|none
|-heal|p1a: Sneasler|92/100|[from] Grassy Terrain
|-heal|p2b: Typhlosion|37/100|[from] Grassy Terrain
|-heal|p2a: Electabuzz|38/100|[from] Grassy Terrain
|-sideend|p1: MMcookiegamer|move: Aurora Veil
|upkeep
|turn|6
|
|t:|1756316582
|-terastallize|p2a: Electabuzz|Ghost
|move|p2a: Electabuzz|Follow Me|p2a: Electabuzz
|-singleturn|p2a: Electabuzz|move: Follow Me
|move|p1a: Sneasler|Throat Chop|p2a: Electabuzz
|-supereffective|p2a: Electabuzz
|-damage|p2a: Electabuzz|0 fnt
|faint|p2a: Electabuzz
|move|p1b: Dragonite|Scale Shot|p2b: Typhlosion
|-damage|p2b: Typhlosion|22/100
|-damage|p2b: Typhlosion|8/100
|-hitcount|p2b: Typhlosion|2
|-unboost|p1b: Dragonite|def|1
|-boost|p1b: Dragonite|spe|1
|move|p2b: Typhlosion|Heat Wave|p1a: Sneasler|[spread] p1a,p1b
|-resisted|p1b: Dragonite
|-damage|p1a: Sneasler|0 fnt
|-damage|p1b: Dragonite|5/100
|faint|p1a: Sneasler
|
|-heal|p2b: Typhlosion|14/100|[from] Grassy Terrain
|upkeep
|inactive|SandroSSB has 30 seconds left.
|inactive|SandroSSB has 20 seconds left.
|
|t:|1756316618
|switch|p1a: Rillaboom|Rillaboom, L50, M|100/100
|switch|p2a: Incineroar|Incineroar, L50, M|68/100
|-ability|p2a: Incineroar|Intimidate|boost
|-unboost|p1a: Rillaboom|atk|1
|-unboost|p1b: Dragonite|atk|1
|turn|7
|
|t:|1756316642
|move|p1a: Rillaboom|Fake Out|p2a: Incineroar
|-damage|p2a: Incineroar|58/100
|move|p1b: Dragonite|Scale Shot|p2b: Typhlosion
|-crit|p2b: Typhlosion
|-damage|p2b: Typhlosion|0 fnt
|faint|p2b: Typhlosion
|-hitcount|p2: Typhlosion|1
|-unboost|p1b: Dragonite|def|1
|-boost|p1b: Dragonite|spe|1
|cant|p2a: Incineroar|flinch
|
|-heal|p2a: Incineroar|64/100|[from] Grassy Terrain
|upkeep
|
|t:|1756316661
|switch|p2b: Dragapult|Dragapult, L50, M|100/100
|turn|8
|
|t:|1756316682
|move|p1b: Dragonite|Scale Shot|p2b: Dragapult
|-supereffective|p2b: Dragapult
|-damage|p2b: Dragapult|81/100
|-supereffective|p2b: Dragapult
|-damage|p2b: Dragapult|59/100
|-supereffective|p2b: Dragapult
|-damage|p2b: Dragapult|40/100
|-hitcount|p2b: Dragapult|3
|-unboost|p1b: Dragonite|def|1
|-boost|p1b: Dragonite|spe|1
|move|p2b: Dragapult|Dragon Darts|p1a: Rillaboom
|-damage|p1a: Rillaboom|60/100
|-anim|p2b: Dragapult|Dragon Darts|p1b: Dragonite
|-supereffective|p1b: Dragonite
|-damage|p1b: Dragonite|0 fnt
|faint|p1b: Dragonite
|move|p1a: Rillaboom|Wood Hammer|p2b: Dragapult
|-resisted|p2b: Dragapult
|-damage|p2b: Dragapult|0 fnt
|faint|p2b: Dragapult
|-damage|p1a: Rillaboom|49/100|[from] Recoil
|move|p2a: Incineroar|Flare Blitz|p1a: Rillaboom
|-supereffective|p1a: Rillaboom
|-damage|p1a: Rillaboom|0 fnt
|faint|p1a: Rillaboom
|-damage|p2a: Incineroar|47/100|[from] Recoil
|
|win|SandroSSB
|c|☆MMcookiegamer|GG
|c|☆SandroSSB|ggs
|l|☆SandroSSB
|player|p2|
