|j|☆BananaVgcj
|j|☆snailboss
|html|BananaVgcjsnailboss    
|uhtml|bestof|Game 1 of a best-of-3
|t:|1756411992
|gametype|doubles
|player|p1|BananaVgcj|swimmerf-gen4|1201
|player|p2|snailboss|hilda-wonderlauncher|1280
|gen|9
|tier|[Gen 9] VGC 2025 Reg H (Bo3)
|rated|
|rule|Species Clause: Limit one of each Pokémon
|rule|Item Clause: Limit 1 of each item
|clearpoke
|poke|p1|Dragonite, L50, M|
|poke|p1|Delphox, L50, F|
|poke|p1|Indeedee-F, L50, F|
|poke|p1|Torkoal, L50, M|
|poke|p1|Gallade, L50, M|
|poke|p1|Garchomp, L50, M|
|poke|p2|Kingambit, L50, F|
|poke|p2|Rillaboom, L50, F|
|poke|p2|Volcarona, L50, F|
|poke|p2|Tauros-Paldea-Aqua, L50, M|
|poke|p2|Electabuzz, L50, F|
|poke|p2|Ninetales-Alola, L50, M|
|teampreview|4
|showteam|p1|Dragonite||LoadedDice|Multiscale|Tailwind,Haze,LowKick,ScaleShot|||M|||50|,,,,,Fairy]Delphox||LifeOrb|Blaze|Flamethrower,ExpandingForce,Protect,HeatWave|||F|||50|,,,,,Psychic]Indeedee-F||SafetyGoggles|PsychicSurge|Psychic,FollowMe,TrickRoom,HelpingHand|||F|||50|,,,,,Fairy]Torkoal||Charcoal|Drought|Eruption,WeatherBall,Protect,HelpingHand|||M|||50|,,,,,Fire]Gallade||ClearAmulet|Sharpness|SacredSword,TrickRoom,PsychoCut,WideGuard|||M|||50|,,,,,Grass]Garchomp||ChoiceBand|RoughSkin|DragonClaw,StompingTantrum,RockSlide,Earthquake|||M|||50|,,,,,Ground
|showteam|p2|Kingambit||BlackGlasses|Defiant|SuckerPunch,KowtowCleave,SwordsDance,Protect|||F|||50|,,,,,Ghost]Rillaboom||AssaultVest|GrassySurge|FakeOut,GrassyGlide,WoodHammer,HighHorsepower|||F|||50|,,,,,Fire]Volcarona||CovertCloak|FlameBody|QuiverDance,HeatWave,GigaDrain,Protect|||F|||50|,,,,,Grass]Tauros-Paldea-Aqua||GrassySeed|Intimidate|WaveCrash,BodyPress,Protect,AquaJet|||M|||50|,,,,,Fire]Electabuzz||Eviolite|VitalSpirit|HelpingHand,Thunderbolt,Protect,FollowMe|||F|||50|,,,,,Fairy]Ninetales-Alola||FocusSash|SnowWarning|Protect,Encore,FreezeDry,Disable|||M|||50|,,,,,Ghost
|
|t:|1756412046
|teamsize|p1|4
|teamsize|p2|4
|start
|switch|p1a: Dragonite|Dragonite, L50, M|100/100
|switch|p1b: Delphox|Delphox, L50, F|100/100
|switch|p2a: Kingambit|Kingambit, L50, F|100/100
|switch|p2b: Tauros|Tauros-Paldea-Aqua, L50, M|100/100
|-ability|p2b: Tauros|Intimidate|boost
|-unboost|p1a: Dragonite|atk|1
|-unboost|p1b: Delphox|atk|1
|turn|1
|
|t:|1756412070
|move|p1b: Delphox|Protect|p1b: Delphox
|-singleturn|p1b: Delphox|Protect
|move|p2a: Kingambit|Protect|p2a: Kingambit
|-singleturn|p2a: Kingambit|Protect
|move|p2b: Tauros|Wave Crash|p1b: Delphox
|-activate|p1b: Delphox|move: Protect
|move|p1a: Dragonite|Tailwind|p1a: Dragonite
|-sidestart|p1: BananaVgcj|move: Tailwind
|
|upkeep
|turn|2
|
|t:|1756412089
|switch|p1a: Indeedee|Indeedee-F, L50, F|100/100
|-fieldstart|move: Psychic Terrain|[from] ability: Psychic Surge|[of] p1a: Indeedee
|switch|p2b: Rillaboom|Rillaboom, L50, F|100/100
|-fieldstart|move: Grassy Terrain|[from] ability: Grassy Surge|[of] p2b: Rillaboom
|move|p2a: Kingambit|Sucker Punch|p1b: Delphox
|-supereffective|p1b: Delphox
|-damage|p1b: Delphox|0 fnt
|faint|p1b: Delphox
|
|upkeep
|
|t:|1756412102
|switch|p1b: Torkoal|Torkoal, L50, M|100/100
|-weather|SunnyDay|[from] ability: Drought|[of] p1b: Torkoal
|turn|3
|
|t:|1756412113
|-terastallize|p2a: Kingambit|Ghost
|move|p1b: Torkoal|Protect|p1b: Torkoal
|-singleturn|p1b: Torkoal|Protect
|move|p2b: Rillaboom|Fake Out|p1a: Indeedee
|-damage|p1a: Indeedee|86/100
|move|p2a: Kingambit|Sucker Punch||[still]
|-fail|p2a: Kingambit
|cant|p1a: Indeedee|flinch
|
|-weather|SunnyDay|[upkeep]
|-heal|p1a: Indeedee|93/100|[from] Grassy Terrain
|upkeep
|turn|4
|
|t:|1756412132
|switch|p2b: Tauros|Tauros-Paldea-Aqua, L50, M|100/100
|-ability|p2b: Tauros|Intimidate|boost
|-unboost|p1a: Indeedee|atk|1
|-unboost|p1b: Torkoal|atk|1
|-enditem|p2b: Tauros|Grassy Seed
|-boost|p2b: Tauros|def|1|[from] item: Grassy Seed
|-terastallize|p1b: Torkoal|Fire
|move|p2a: Kingambit|Protect|p2a: Kingambit
|-singleturn|p2a: Kingambit|Protect
|move|p1b: Torkoal|Weather Ball|p2a: Kingambit
|-activate|p2a: Kingambit|move: Protect
|move|p1a: Indeedee|Trick Room|p1a: Indeedee
|-fieldstart|move: Trick Room|[of] p1a: Indeedee
|
|-weather|SunnyDay|[upkeep]
|-heal|p1a: Indeedee|99/100|[from] Grassy Terrain
|-sideend|p1: BananaVgcj|move: Tailwind
|upkeep
|turn|5
|
|t:|1756412151
|move|p1a: Indeedee|Follow Me|p1a: Indeedee
|-singleturn|p1a: Indeedee|move: Follow Me
|move|p2a: Kingambit|Sucker Punch||[still]
|-fail|p2a: Kingambit
|move|p1b: Torkoal|Weather Ball|p2a: Kingambit
|-damage|p2a: Kingambit|1/100
|move|p2b: Tauros|Body Press|p1a: Indeedee
|-damage|p1a: Indeedee|45/100
|
|-weather|SunnyDay|[upkeep]
|-heal|p2a: Kingambit|7/100|[from] Grassy Terrain
|-heal|p1a: Indeedee|51/100|[from] Grassy Terrain
|upkeep
|turn|6
|
|t:|1756412167
|move|p2a: Kingambit|Protect|p2a: Kingambit
|-singleturn|p2a: Kingambit|Protect
|move|p1a: Indeedee|Follow Me|p1a: Indeedee
|-singleturn|p1a: Indeedee|move: Follow Me
|move|p1b: Torkoal|Eruption|p2b: Tauros|[spread] p2b
|-activate|p2a: Kingambit|move: Protect
|-resisted|p2b: Tauros
|-damage|p2b: Tauros|8/100
|move|p2b: Tauros|Body Press|p1a: Indeedee
|-damage|p1a: Indeedee|0 fnt
|faint|p1a: Indeedee
|
|-weather|SunnyDay|[upkeep]
|-heal|p2a: Kingambit|13/100|[from] Grassy Terrain
|-heal|p2b: Tauros|14/100|[from] Grassy Terrain
|-fieldend|move: Grassy Terrain
|upkeep
|
|t:|1756412181
|switch|p1a: Dragonite|Dragonite, L50, M|100/100
|turn|7
|
|t:|1756412212
|move|p2a: Kingambit|Sucker Punch|p1b: Torkoal
|-damage|p1b: Torkoal|60/100
|move|p1b: Torkoal|Eruption|p2b: Tauros|[spread] p2a,p2b
|-resisted|p2b: Tauros
|-damage|p2a: Kingambit|0 fnt
|-damage|p2b: Tauros|0 fnt
|faint|p2a: Kingambit
|faint|p2b: Tauros
|move|p1a: Dragonite|Scale Shot|p2: Kingambit|[notarget]
|-fail|p1a: Dragonite
|
|-weather|none
|upkeep
|
|t:|1756412221
|switch|p2a: Rillaboom|Rillaboom, L50, F|100/100
|switch|p2b: Ninetales|Ninetales-Alola, L50, M|100/100
|-fieldstart|move: Grassy Terrain|[from] ability: Grassy Surge|[of] p2a: Rillaboom
|-weather|Snowscape|[from] ability: Snow Warning|[of] p2b: Ninetales
|turn|8
|
|t:|1756412251
|move|p2a: Rillaboom|Fake Out|p1b: Torkoal
|-damage|p1b: Torkoal|50/100
|cant|p1b: Torkoal|flinch
|move|p1a: Dragonite|Scale Shot|p2a: Rillaboom
|-damage|p2a: Rillaboom|87/100
|-damage|p2a: Rillaboom|72/100
|-damage|p2a: Rillaboom|57/100
|-damage|p2a: Rillaboom|42/100
|-hitcount|p2a: Rillaboom|4
|-unboost|p1a: Dragonite|def|1
|-boost|p1a: Dragonite|spe|1
|move|p2b: Ninetales|Freeze-Dry|p1a: Dragonite
|-supereffective|p1a: Dragonite
|-damage|p1a: Dragonite|46/100
|
|-weather|Snowscape|[upkeep]
|-heal|p1b: Torkoal|55/100|[from] Grassy Terrain
|-heal|p2a: Rillaboom|48/100|[from] Grassy Terrain
|-fieldend|move: Trick Room
|upkeep
|turn|9
|
|t:|1756412277
|move|p1a: Dragonite|Scale Shot|p2a: Rillaboom
|-damage|p2a: Rillaboom|34/100
|-damage|p2a: Rillaboom|19/100
|-damage|p2a: Rillaboom|5/100
|-damage|p2a: Rillaboom|0 fnt
|faint|p2a: Rillaboom
|-hitcount|p2: Rillaboom|4
|-unboost|p1a: Dragonite|def|1
|-boost|p1a: Dragonite|spe|1
|move|p2b: Ninetales|Encore|p1a: Dragonite
|-start|p1a: Dragonite|Encore
|move|p1b: Torkoal|Eruption|p2b: Ninetales
|-supereffective|p2b: Ninetales
|-enditem|p2b: Ninetales|Focus Sash
|-damage|p2b: Ninetales|1/100
|
|-weather|Snowscape|[upkeep]
|-heal|p2b: Ninetales|7/100|[from] Grassy Terrain
|-heal|p1b: Torkoal|61/100|[from] Grassy Terrain
|upkeep
|turn|10
|
|t:|1756412298
|move|p1a: Dragonite|Scale Shot|p2b: Ninetales
|-immune|p2b: Ninetales
|move|p2b: Ninetales|Disable|p1b: Torkoal
|-start|p1b: Torkoal|Disable|Eruption
|move|p1b: Torkoal|Weather Ball|p2b: Ninetales
|-resisted|p2b: Ninetales
|-damage|p2b: Ninetales|0 fnt
|faint|p2b: Ninetales
|
|win|BananaVgcj
|c|☆snailboss|gg
