|j|â˜†PursatiEvol
|j|â˜†Gyra78
|html|PursatiEvolGyra78    
|uhtml|bestof|Game 1 of a best-of-3
|t:|1756697183
|gametype|doubles
|player|p1|PursatiEvol|169|1222
|player|p2|Gyra78|volkner|1265
|gen|9
|tier|[Gen 9] VGC 2025 Reg H (Bo3)
|rated|
|rule|Species Clause: Limit one of each PokÃ©mon
|rule|Item Clause: Limit 1 of each item
|clearpoke
|poke|p1|Sneasler, L50, F|
|poke|p1|Dragapult, L50, M|
|poke|p1|Primarina, L50, M|
|poke|p1|Rillaboom, L50, M|
|poke|p1|Kingambit, L50, M|
|poke|p1|Magmar, L50, F|
|poke|p2|Basculegion, L50, M|
|poke|p2|Pelipper, L50, M|
|poke|p2|Archaludon, L50, M|
|poke|p2|Incineroar, L50, M|
|poke|p2|Gholdengo, L50|
|poke|p2|Amoonguss, L50, M|
|teampreview|4
|showteam|p1|Sneasler||FocusSash|PoisonTouch|CloseCombat,DireClaw,FakeOut,Protect|||F|||50|,,,,,Stellar]Dragapult||ChoiceBand|ClearBody|DragonDarts,TeraBlast,PhantomForce,Uturn|||M|||50|,,,,,Ghost]Primarina||SitrusBerry|LiquidVoice|HyperVoice,Moonblast,Haze,Protect|||M|||50|,,,,,Water]Rillaboom||AssaultVest|GrassySurge|WoodHammer,GrassyGlide,HighHorsepower,FakeOut|||M|||50|,,,,,Fire]Kingambit||BlackGlasses|Defiant|KowtowCleave,SuckerPunch,SwordsDance,Protect|||M|||50|,,,,,Ghost]Magmar||Eviolite|VitalSpirit|Overheat,WillOWisp,FollowMe,Protect|||F|||50|,,,,,Ghost
|showteam|p2|Basculegion||LifeOrb|SwiftSwim|WaveCrash,LastRespects,Protect,FlipTurn|||M|||50|,,,,,Grass]Pelipper||FocusSash|Drizzle|Protect,Hurricane,WeatherBall,Tailwind|||M|||50|,,,,,Ghost]Archaludon||AssaultVest|Stamina|ElectroShot,DracoMeteor,Snarl,BodyPress|||M|||50|,,,,,Grass]Incineroar||SafetyGoggles|Intimidate|FakeOut,PartingShot,Taunt,KnockOff|||M|||50|,,,,,Bug]Gholdengo||SitrusBerry|GoodasGold|MakeItRain,ShadowBall,NastyPlot,Protect||||||50|,,,,,Dragon]Amoonguss||RockyHelmet|Regenerator|Spore,RagePowder,PollenPuff,Protect|||M|||50|,,,,,Water
|inactive|Battle timer is ON: inactive players will automatically lose when time's up. (requested by Gyra78)
|j| bfwpikadrew
|j| teamthief420
|inactive|PursatiEvol has 60 seconds left.
|inactive|Gyra78 has 60 seconds left.
|inactive|Gyra78 has 30 seconds left.
|inactive|Gyra78 has 20 seconds left.
|inactive|Gyra78 has 15 seconds left.
|
|t:|1756697268
|teamsize|p1|4
|teamsize|p2|4
|start
|switch|p1a: Sneasler|Sneasler, L50, F|100/100
|switch|p1b: Dragapult|Dragapult, L50, M|100/100
|switch|p2a: Davy Jones|Basculegion, L50, M, shiny|100/100
|switch|p2b: ACâš¡ï¸ŽDC|Archaludon, L50, M, shiny|100/100
|turn|1
|inactive|PursatiEvol has 30 seconds left.
|
|t:|1756697299
|switch|p1b: Kingambit|Kingambit, L50, M|100/100
|switch|p2b: Sticky Feet|Pelipper, L50, M, shiny|100/100
|-weather|RainDance|[from] ability: Drizzle|[of] p2b: Sticky Feet
|move|p2a: Davy Jones|Flip Turn|p1a: Sneasler
|-enditem|p1a: Sneasler|Focus Sash
|-damage|p1a: Sneasler|1/100
|-damage|p2a: Davy Jones|90/100|[from] item: Life Orb
|
|t:|1756697308
|switch|p2a: ACâš¡ï¸ŽDC|Archaludon, L50, M, shiny|100/100|[from] Flip Turn
|move|p1a: Sneasler|Close Combat|p2b: Sticky Feet
|-resisted|p2b: Sticky Feet
|-damage|p2b: Sticky Feet|59/100
|-unboost|p1a: Sneasler|def|1
|-unboost|p1a: Sneasler|spd|1
|
|-weather|RainDance|[upkeep]
|upkeep
|turn|2
|inactive|PursatiEvol has 30 seconds left.
|inactive|Gyra78 has 30 seconds left.
|
|t:|1756697343
|switch|p2b: Alfredo|Amoonguss, L50, M, shiny|100/100
|-terastallize|p2a: ACâš¡ï¸ŽDC|Grass
|move|p1b: Kingambit|Sucker Punch||[still]
|-fail|p1b: Kingambit
|move|p1a: Sneasler|Close Combat|p2a: ACâš¡ï¸ŽDC
|-damage|p2a: ACâš¡ï¸ŽDC|51/100
|-unboost|p1a: Sneasler|def|1
|-unboost|p1a: Sneasler|spd|1
|-ability|p2a: ACâš¡ï¸ŽDC|Stamina|boost
|-boost|p2a: ACâš¡ï¸ŽDC|def|1
|move|p2a: ACâš¡ï¸ŽDC|Body Press|p1b: Kingambit
|-supereffective|p1b: Kingambit
|-damage|p1b: Kingambit|0 fnt
|faint|p1b: Kingambit
|
|-weather|RainDance|[upkeep]
|upkeep
|
|t:|1756697357
|switch|p1b: Dragapult|Dragapult, L50, M|100/100
|turn|3
|inactive|PursatiEvol has 30 seconds left.
|
|t:|1756697382
|move|p1a: Sneasler|Protect|p1a: Sneasler
|-singleturn|p1a: Sneasler|Protect
|move|p2b: Alfredo|Rage Powder|p2b: Alfredo
|-singleturn|p2b: Alfredo|move: Rage Powder
|move|p1b: Dragapult|U-turn|p2b: Alfredo
|-damage|p2b: Alfredo|73/100
|-damage|p1b: Dragapult|84/100|[from] item: Rocky Helmet|[of] p2b: Alfredo
|
|t:|1756697389
|switch|p1b: Magmar|Magmar, L50, F|100/100|[from] U-turn
|move|p2a: ACâš¡ï¸ŽDC|Snarl|p1b: Magmar|[spread] p1b
|-activate|p1a: Sneasler|move: Protect
|-damage|p1b: Magmar|89/100
|-unboost|p1b: Magmar|spa|1
|
|-weather|RainDance|[upkeep]
|upkeep
|turn|4
|inactive|PursatiEvol has 30 seconds left.
|
|t:|1756697415
|switch|p1a: Dragapult|Dragapult, L50, M|84/100
|move|p2b: Alfredo|Rage Powder|p2b: Alfredo
|-singleturn|p2b: Alfredo|move: Rage Powder
|move|p1b: Magmar|Overheat|p2b: Alfredo
|-supereffective|p2b: Alfredo
|-damage|p2b: Alfredo|43/100
|-unboost|p1b: Magmar|spa|2
|move|p2a: ACâš¡ï¸ŽDC|Snarl|p1b: Magmar|[spread] p1a,p1b
|-supereffective|p1a: Dragapult
|-damage|p1a: Dragapult|43/100
|-damage|p1b: Magmar|79/100
|-unboost|p1b: Magmar|spa|1
|
|-weather|RainDance|[upkeep]
|upkeep
|turn|5
|inactive|PursatiEvol has 30 seconds left.
|inactive|PursatiEvol has 20 seconds left.
|inactive|PursatiEvol has 15 seconds left.
|inactive|PursatiEvol has 10 seconds left.
|
|t:|1756697461
|switch|p2b: Davy Jones|Basculegion, L50, M, shiny|90/100
|-terastallize|p1a: Dragapult|Ghost
|move|p1b: Magmar|Follow Me|p1b: Magmar
|-singleturn|p1b: Magmar|move: Follow Me
|move|p1a: Dragapult|Tera Blast|p2b: Davy Jones|[anim] Tera Blast Ghost
|-supereffective|p2b: Davy Jones
|-damage|p2b: Davy Jones|0 fnt
|faint|p2b: Davy Jones
|move|p2a: ACâš¡ï¸ŽDC|Electro Shot||[still]
|-prepare|p2a: ACâš¡ï¸ŽDC|Electro Shot
|-boost|p2a: ACâš¡ï¸ŽDC|spa|1
|-anim|p2a: ACâš¡ï¸ŽDC|Electro Shot|p1b: Magmar
|-damage|p1b: Magmar|21/100
|
|-weather|none
|upkeep
|
|t:|1756697484
|switch|p2b: Sticky Feet|Pelipper, L50, M, shiny|59/100
|-weather|RainDance|[from] ability: Drizzle|[of] p2b: Sticky Feet
|turn|6
|inactive|Gyra78 has 30 seconds left.
|
|t:|1756697510
|move|p1b: Magmar|Follow Me|p1b: Magmar
|-singleturn|p1b: Magmar|move: Follow Me
|move|p1a: Dragapult|Tera Blast|p2b: Sticky Feet|[anim] Tera Blast Ghost
|-damage|p2b: Sticky Feet|0 fnt
|faint|p2b: Sticky Feet
|move|p2a: ACâš¡ï¸ŽDC|Snarl|p1b: Magmar|[spread] p1a,p1b
|-supereffective|p1a: Dragapult
|-damage|p1a: Dragapult|0 fnt
|-damage|p1b: Magmar|5/100
|-unboost|p1b: Magmar|spa|1
|faint|p1a: Dragapult
|
|-weather|RainDance|[upkeep]
|upkeep
|
|t:|1756697521
|switch|p1a: Sneasler|Sneasler, L50, F|1/100
|switch|p2b: Alfredo|Amoonguss, L50, M, shiny|76/100
|turn|7
|inactive|PursatiEvol has 30 seconds left.
|
|t:|1756697548
|move|p1a: Sneasler|Protect|p1a: Sneasler
|-singleturn|p1a: Sneasler|Protect
|move|p1b: Magmar|Protect|p1b: Magmar
|-singleturn|p1b: Magmar|Protect
|move|p2b: Alfredo|Rage Powder|p2b: Alfredo
|-singleturn|p2b: Alfredo|move: Rage Powder
|move|p2a: ACâš¡ï¸ŽDC|Snarl|p1b: Magmar|[spread] 
|-activate|p1a: Sneasler|move: Protect
|-activate|p1b: Magmar|move: Protect
|
|-weather|RainDance|[upkeep]
|upkeep
|turn|8
|
|t:|1756697568
|move|p1a: Sneasler|Protect||[still]
|-fail|p1a: Sneasler
|move|p2b: Alfredo|Rage Powder|p2b: Alfredo
|-singleturn|p2b: Alfredo|move: Rage Powder
|move|p1b: Magmar|Overheat|p2b: Alfredo
|-supereffective|p2b: Alfredo
|-damage|p2b: Alfredo|64/100
|-unboost|p1b: Magmar|spa|1
|move|p2a: ACâš¡ï¸ŽDC|Snarl|p1a: Sneasler|[spread] p1a,p1b
|-resisted|p1a: Sneasler
|-damage|p1a: Sneasler|0 fnt
|-damage|p1b: Magmar|0 fnt
|faint|p1a: Sneasler
|faint|p1b: Magmar
|
|win|Gyra78
||PursatiEvol is ready for game 2.
|inactive|Gyra78 has 30 seconds to confirm battle start!
||Gyra78 is ready for game 2.
|uhtml|next|Next: Game 2 of 3
|l| teamthief420
|l|â˜†Gyra78
|player|p2|
|l| bfwpikadrew
