|j|☆blazikenisgoated
|j|☆kingseller
|html|blazikenisgoatedkingseller    
|uhtml|bestof|Game 3 of a best-of-3
|t:|1785767224
|gametype|doubles
|player|p1|blazikenisgoated|dawn|1044
|player|p2|kingseller|170|1000
|gen|9
|tier|[Gen 9 Champions] VGC 2026 Reg M-B (Bo3)
|rated|
|rule|Species Clause: Limit one of each Pokémon
|rule|Item Clause: Limit 1 of each item
|clearpoke
|poke|p1|Delphox, L50, M|
|poke|p1|Staraptor, L50, M|
|poke|p1|Garchomp, L50, M|
|poke|p1|Glimmora, L50, F|
|poke|p1|Whimsicott, L50, M|
|poke|p1|Kingambit, L50, F|
|poke|p2|Charizard, L50, M, shiny|
|poke|p2|Incineroar, L50, F|
|poke|p2|Garchomp, L50, M|
|poke|p2|Whimsicott, L50, M, shiny|
|poke|p2|Raichu, L50, F|
|poke|p2|Gholdengo, L50|
|teampreview|4
|showteam|p1|Delphox||Delphoxite|Blaze|HeatWave,Psychic,Substitute,Protect|Modest||M|||50|]Staraptor||Staraptite|Intimidate|CloseCombat,BraveBird,Roost,Protect|Jolly||M|||50|]Garchomp||LifeOrb|RoughSkin|DragonClaw,Earthquake,RockSlide,Protect|Jolly||M|||50|]Glimmora||FocusSash|ToxicDebris|PowerGem,SludgeBomb,EarthPower,SpikyShield|Timid||F|||50|]Whimsicott||OccaBerry|Prankster|Moonblast,Charm,Tailwind,LightScreen|Timid||M|||50|]Kingambit||BlackGlasses|Defiant|KowtowCleave,SuckerPunch,IronHead,Protect|Adamant||F|||50|
|showteam|p2|Charizard||CharizarditeY|SolarPower|AirSlash,HeatWave,WeatherBall,Protect|Modest||M|||50|]Incineroar||SitrusBerry|Intimidate|FakeOut,FlareBlitz,PartingShot,HelpingHand|Adamant||F|||50|]Garchomp||WhiteHerb|RoughSkin|StompingTantrum,DragonClaw,RockSlide,Protect|Jolly||M|||50|]Whimsicott||FocusSash|Prankster|Protect,Moonblast,Tailwind,Encore|Timid||M|||50|]Raichu||RaichuniteY|Static|GrassKnot,ZapCannon,FocusBlast,Protect|Timid||F|||50|]Gholdengo||LifeOrb|GoodasGold|MakeItRain,ShadowBall,NastyPlot,Protect|Modest|||||50|
|
|t:|1785767275
|teamsize|p1|4
|teamsize|p2|4
|start
|switch|p1a: Garchomp|Garchomp, L50, M|100/100
|switch|p1b: Glimmora|Glimmora, L50, F|100/100
|switch|p2a: Whimsicott|Whimsicott, L50, M, shiny|100/100
|switch|p2b: Garchomp|Garchomp, L50, M|100/100
|turn|1
|inactive|Battle timer is ON: inactive players will automatically lose when time's up. (requested by kingseller)
|
|t:|1785767329
|move|p2a: Whimsicott|Protect|p2a: Whimsicott
|-singleturn|p2a: Whimsicott|Protect
|move|p2b: Garchomp|Protect|p2b: Garchomp
|-singleturn|p2b: Garchomp|Protect
|move|p1a: Garchomp|Dragon Claw|p2b: Garchomp
|-activate|p2b: Garchomp|move: Protect
|move|p1b: Glimmora|Earth Power|p2b: Garchomp
|-activate|p2b: Garchomp|move: Protect
|
|upkeep
|turn|2
|inactive|kingseller has 30 seconds left.
|
|t:|1785767360
|move|p2a: Whimsicott|Tailwind|p2a: Whimsicott
|-sidestart|p2: kingseller|move: Tailwind
|move|p2b: Garchomp|Dragon Claw|p1a: Garchomp
|-supereffective|p1a: Garchomp|1
|-damage|p1a: Garchomp|27/100
|-damage|p2b: Garchomp|87/100|[from] ability: Rough Skin|[of] p1a: Garchomp
|move|p1a: Garchomp|Dragon Claw|p2b: Garchomp
|-supereffective|p2b: Garchomp|1
|-damage|p2b: Garchomp|0 fnt
|-damage|p1a: Garchomp|15/100|[from] ability: Rough Skin|[of] p2b: Garchomp
|faint|p2b: Garchomp
|-damage|p1a: Garchomp|5/100|[from] item: Life Orb
|move|p1b: Glimmora|Earth Power|p2a: Whimsicott
|-resisted|p2a: Whimsicott|1
|-damage|p2a: Whimsicott|73/100
|
|upkeep
|
|t:|1785767381
|switch|p2b: Incineroar|Incineroar, L50, F|100/100
|-ability|p2b: Incineroar|Intimidate|boost
|-unboost|p1a: Garchomp|atk|1
|-unboost|p1b: Glimmora|atk|1
|turn|3
|inactive|kingseller has 30 seconds left.
|
|t:|1785767410
|switch|p1a: Whimsicott|Whimsicott, L50, M|100/100
|move|p2a: Whimsicott|Moonblast|p1a: Whimsicott
|-damage|p1a: Whimsicott|37/100
|move|p2b: Incineroar|Flare Blitz|p1b: Glimmora
|-resisted|p1b: Glimmora|1
|-damage|p1b: Glimmora|62/100
|-activate|p1b: Glimmora|ability: Toxic Debris
|-sidestart|p2: kingseller|move: Toxic Spikes
|-damage|p2b: Incineroar|90/100|[from] Recoil
|move|p1b: Glimmora|Sludge Bomb|p2a: Whimsicott
|-supereffective|p2a: Whimsicott|2
|-damage|p2a: Whimsicott|0 fnt
|faint|p2a: Whimsicott
|
|upkeep
|
|t:|1785767427
|switch|p2a: Charizard|Charizard, L50, M, shiny|100/100
|turn|4
|
|t:|1785767440
|detailschange|p2a: Charizard|Charizard-Mega-Y, L50, M, shiny
|-mega|p2a: Charizard|Charizard|Charizardite Y
|-weather|SunnyDay|[from] ability: Drought|[of] p2a: Charizard
|move|p1a: Whimsicott|Charm|p2b: Incineroar
|-hint|Since gen 7, Dark is immune to Prankster moves.
|-immune|p2b: Incineroar
|move|p2a: Charizard|Heat Wave|p1b: Glimmora|[spread] p1a,p1b
|-supereffective|p1a: Whimsicott|1
|-enditem|p1a: Whimsicott|Occa Berry|[eat]
|-enditem|p1a: Whimsicott|Occa Berry|[weaken]
|-resisted|p1b: Glimmora|1
|-damage|p1a: Whimsicott|0 fnt
|-damage|p1b: Glimmora|15/100
|faint|p1a: Whimsicott
|move|p2b: Incineroar|Flare Blitz|p1b: Glimmora
|-resisted|p1b: Glimmora|1
|-damage|p1b: Glimmora|0 fnt
|-activate|p1b: Glimmora|ability: Toxic Debris
|-sidestart|p2: kingseller|move: Toxic Spikes
|faint|p1b: Glimmora
|-damage|p2b: Incineroar|86/100|[from] Recoil
|
|-weather|SunnyDay|[upkeep]
|upkeep
|
|t:|1785767456
|switch|p1a: Delphox|Delphox, L50, M|100/100
|switch|p1b: Garchomp|Garchomp, L50, M|5/100
|turn|5
|
|t:|1785767478
|detailschange|p1a: Delphox|Delphox-Mega, L50, M
|-mega|p1a: Delphox|Delphox|Delphoxite
|move|p1b: Garchomp|Protect|p1b: Garchomp
|-singleturn|p1b: Garchomp|Protect
|move|p2a: Charizard|Heat Wave|p1a: Delphox|[spread] p1a
|-activate|p1b: Garchomp|move: Protect
|-resisted|p1a: Delphox|1
|-damage|p1a: Delphox|66/100
|move|p1a: Delphox|Heat Wave|p2a: Charizard|[spread] p2a,p2b
|-resisted|p2a: Charizard|1
|-resisted|p2b: Incineroar|1
|-damage|p2a: Charizard|63/100
|-damage|p2b: Incineroar|53/100
|move|p2b: Incineroar|Flare Blitz|p1a: Delphox
|-resisted|p1a: Delphox|1
|-damage|p1a: Delphox|3/100
|-damage|p2b: Incineroar|37/100|[from] Recoil
|-enditem|p2b: Incineroar|Sitrus Berry|[eat]
|-heal|p2b: Incineroar|62/100|[from] item: Sitrus Berry
|
|-weather|SunnyDay|[upkeep]
|-sideend|p2: kingseller|move: Tailwind
|upkeep
|turn|6
|inactive|kingseller has 30 seconds left.
|
|t:|1785767509
|move|p2a: Charizard|Protect|p2a: Charizard
|-singleturn|p2a: Charizard|Protect
|move|p1a: Delphox|Heat Wave|p2b: Incineroar|[spread] p2b
|-activate|p2a: Charizard|move: Protect
|-resisted|p2b: Incineroar|1
|-damage|p2b: Incineroar|31/100
|move|p1b: Garchomp|Rock Slide|p2b: Incineroar|[spread] p2b
|-activate|p2a: Charizard|move: Protect
|-supereffective|p2b: Incineroar|1
|-damage|p2b: Incineroar|0 fnt
|faint|p2b: Incineroar
|-damage|p1b: Garchomp|0 fnt|[from] item: Life Orb
|faint|p1b: Garchomp
|
|-weather|SunnyDay|[upkeep]
|upkeep
|turn|7
|
|t:|1785767530
|move|p1a: Delphox|Psychic|p2a: Charizard
|-damage|p2a: Charizard|9/100
|move|p2a: Charizard|Weather Ball|p1a: Delphox
|-resisted|p1a: Delphox|1
|-crit|p1a: Delphox
|-damage|p1a: Delphox|0 fnt
|faint|p1a: Delphox
|
|win|kingseller
|raw|blazikenisgoated's rating: 1044 → 1025(-19 for losing)
|raw|kingseller's rating: 1000 → 1045(+45 for winning)
|l|☆blazikenisgoated
|player|p1|
