|j|☆DI2
|j|☆Akkachi
|html|DI2Akkachi    
|uhtml|bestof|Game 1 of a best-of-3
|t:|1782436169
|gametype|doubles
|player|p1|DI2|169|
|player|p2|Akkachi|hilbert|
|gen|9
|tier|[Gen 9 Champions] VGC 2026 Reg M-B (Bo3)
|rule|Species Clause: Limit one of each Pokémon
|rule|Item Clause: Limit 1 of each item
|clearpoke
|poke|p1|Metagross, L50|
|poke|p1|Trevenant, L50, M|
|poke|p1|Alcremie, L50, F|
|poke|p1|Tauros-Paldea-Blaze, L50, M|
|poke|p1|Weavile, L50, M|
|poke|p1|Sableye, L50, M|
|poke|p2|Gengar, L50, F, shiny|
|poke|p2|Sneasler, L50, M|
|poke|p2|Dragonite, L50, M|
|poke|p2|Vivillon-Pokeball, L50, F|
|poke|p2|Ceruledge, L50, M|
|poke|p2|Staraptor, L50, F|
|teampreview|4
|showteam|p1|Metagross||Metagrossite|ClearBody|IronHead,PsychicFangs,IcePunch,Protect|Adamant|||||50|]Trevenant||KasibBerry|Harvest|TrickRoom,HornLeech,Poltergeist,Protect|Brave||M|||50|]Alcremie||SitrusBerry|AromaVeil|DazzlingGleam,DrainingKiss,Decorate,Protect|Calm||F|||50|]Tauros-Paldea-Blaze||ChoiceScarf|Intimidate|FlareBlitz,CloseCombat,HighHorsepower,RockSlide|Adamant||M|||50|]Weavile||WideLens|Pressure|FakeOut,TripleAxel,KnockOff,Protect|Jolly||M|||50|]Sableye||LightClay|Prankster|FoulPlay,Reflect,LightScreen,Quash|Calm||M|||50|
|showteam|p2|Gengar||Gengarite|CursedBody|PerishSong,WillOWisp,ShadowBall,Protect|Modest||F|||50|]Sneasler||WhiteHerb|Unburden|FakeOut,CloseCombat,DireClaw,Protect|Adamant||M|||50|]Dragonite||DragonFang|Multiscale|ExtremeSpeed,DragonClaw,LowKick,Protect|Adamant||M|||50|]Vivillon-Pokeball||FocusSash|CompoundEyes|SleepPowder,RagePowder,Hurricane,Protect|Timid||F|||50|]Ceruledge||ColburBerry|FlashFire|BitterBlade,ShadowSneak,BulkUp,Protect|Adamant||M|||50|]Staraptor||ChoiceScarf|Intimidate|BraveBird,CloseCombat,Uturn,FinalGambit|Jolly||F|||50|
|
|t:|1782436238
|teamsize|p1|4
|teamsize|p2|4
|start
|switch|p1a: Metagross|Metagross, L50|100/100
|switch|p1b: Weavile|Weavile, L50, M|100/100
|switch|p2a: Vivillon|Vivillon-Pokeball, L50, F|100/100
|switch|p2b: Sneasler|Sneasler, L50, M|100/100
|-ability|p1b: Weavile|Pressure
|turn|1
|
|t:|1782436304
|move|p1b: Weavile|Protect|p1b: Weavile
|-singleturn|p1b: Weavile|Protect
|move|p1a: Metagross|Protect|p1a: Metagross
|-singleturn|p1a: Metagross|Protect
|move|p2b: Sneasler|Fake Out|p1b: Weavile
|-activate|p1b: Weavile|move: Protect
|move|p2a: Vivillon|Sleep Powder|p1a: Metagross
|-activate|p1a: Metagross|move: Protect
|
|upkeep
|turn|2
|
|t:|1782436338
|detailschange|p1a: Metagross|Metagross-Mega, L50
|-mega|p1a: Metagross|Metagross|Metagrossite
|move|p1b: Weavile|Triple Axel|p2a: Vivillon
|-supereffective|p2a: Vivillon|1
|-damage|p2a: Vivillon|62/100
|-supereffective|p2a: Vivillon|1
|-damage|p2a: Vivillon|0 fnt
|faint|p2a: Vivillon
|-hitcount|p2: Vivillon|2
|move|p2b: Sneasler|Close Combat|p1b: Weavile
|-supereffective|p1b: Weavile|2
|-damage|p1b: Weavile|0 fnt
|-unboost|p2b: Sneasler|def|1
|-unboost|p2b: Sneasler|spd|1
|faint|p1b: Weavile
|-enditem|p2b: Sneasler|White Herb
|-clearnegativeboost|p2b: Sneasler|[silent]
|move|p1a: Metagross|Psychic Fangs|p2b: Sneasler
|-supereffective|p2b: Sneasler|2
|-damage|p2b: Sneasler|0 fnt
|faint|p2b: Sneasler
|
|upkeep
|
|t:|1782436387
|switch|p1b: Trevenant|Trevenant, L50, M|100/100
|switch|p2b: Power Ranger|Ceruledge, L50, M|100/100
|switch|p2a: Gasparzinho|Gengar, L50, F, shiny|100/100
|turn|3
|
|t:|1782436402
|detailschange|p2a: Gasparzinho|Gengar-Mega, L50, F, shiny
|-mega|p2a: Gasparzinho|Gengar|Gengarite
|move|p1a: Metagross|Protect|p1a: Metagross
|-singleturn|p1a: Metagross|Protect
|move|p2a: Gasparzinho|Perish Song|p2a: Gasparzinho
|-start|p1a: Metagross|perish3|[silent]
|-start|p1b: Trevenant|perish3|[silent]
|-start|p2a: Gasparzinho|perish3|[silent]
|-start|p2b: Power Ranger|perish3|[silent]
|-fieldactivate|move: Perish Song
|move|p2b: Power Ranger|Bitter Blade|p1a: Metagross
|-activate|p1a: Metagross|move: Protect
|move|p1b: Trevenant|Trick Room|p1b: Trevenant
|-fieldstart|move: Trick Room|[of] p1b: Trevenant
|
|-start|p1b: Trevenant|perish3
|-start|p1a: Metagross|perish3
|-start|p2b: Power Ranger|perish3
|-start|p2a: Gasparzinho|perish3
|upkeep
|turn|4
|
|t:|1782436428
|move|p1b: Trevenant|Poltergeist|p2a: Gasparzinho|[miss]
|-miss|p1b: Trevenant|p2a: Gasparzinho
|move|p1a: Metagross|Psychic Fangs|p2a: Gasparzinho
|-supereffective|p2a: Gasparzinho|1
|-damage|p2a: Gasparzinho|0 fnt
|faint|p2a: Gasparzinho
|move|p2b: Power Ranger|Bitter Blade|p1a: Metagross
|-supereffective|p1a: Metagross|1
|-damage|p1a: Metagross|35/100
|
|-start|p1b: Trevenant|perish2
|-start|p1a: Metagross|perish2
|-start|p2b: Power Ranger|perish2
|upkeep
|turn|5
|
|t:|1782436466
|move|p2b: Power Ranger|Shadow Sneak|p1a: Metagross
|-supereffective|p1a: Metagross|1
|-damage|p1a: Metagross|3/100
|move|p1b: Trevenant|Poltergeist|p2b: Power Ranger
|-activate|p2b: Power Ranger|move: Poltergeist|Colbur Berry
|-supereffective|p2b: Power Ranger|1
|-damage|p2b: Power Ranger|0 fnt
|faint|p2b: Power Ranger
|
|win|DI2
|inactive|DI2 has 30 seconds to confirm battle start!
|inactive|Akkachi has 30 seconds to confirm battle start!
|inactive|DI2 has 20 seconds to confirm battle start!
|inactive|Akkachi has 20 seconds to confirm battle start!
