|j|☆zhipiyy
|j|☆rolandruina
|html|zhipiyyrolandruina    
|uhtml|bestof|Game 1 of a best-of-3
|t:|1782493357
|gametype|doubles
|player|p1|zhipiyy|n|1168
|player|p2|rolandruina|169|1141
|gen|9
|tier|[Gen 9 Champions] VGC 2026 Reg M-B (Bo3)
|rated|
|rule|Species Clause: Limit one of each Pokémon
|rule|Item Clause: Limit 1 of each item
|clearpoke
|poke|p1|Whimsicott, L50, F|
|poke|p1|Froslass, L50, F|
|poke|p1|Sneasler, L50, F|
|poke|p1|Lycanroc-Dusk, L50, F|
|poke|p1|Kingambit, L50, F|
|poke|p1|Rotom-Wash, L50|
|poke|p2|Swampert, L50, M|
|poke|p2|Metagross, L50|
|poke|p2|Archaludon, L50, M|
|poke|p2|Grimmsnarl, L50, M|
|poke|p2|Pelipper, L50, M|
|poke|p2|Sinistcha, L50|
|teampreview|4
|showteam|p1|Whimsicott||OccaBerry|Prankster|Tailwind,Protect,Moonblast,Encore|Timid||F|||50|]Froslass||Froslassite|CursedBody|AuroraVeil,Blizzard,ShadowBall,Protect|Timid||F|||50|]Sneasler||WhiteHerb|Unburden|CloseCombat,DireClaw,Protect,FakeOut|Adamant||F|||50|]Lycanroc-Dusk||FocusSash|ToughClaws|Protect,Accelerock,RockSlide,CloseCombat|Jolly||F|||50|]Kingambit||LifeOrb|Defiant|Protect,KowtowCleave,SuckerPunch,IronHead|Adamant||F|||50|]Rotom-Wash||SitrusBerry|Levitate|HydroPump,Thunderbolt,WillOWisp,Protect|Calm|||||50|
|showteam|p2|Swampert||Swampertite|Damp|WaveCrash,HighHorsepower,IcePunch,Protect|Adamant||M|||50|]Metagross||Metagrossite|ClearBody|IronHead,PsychicFangs,BodyPress,Protect|Jolly|||||50|]Archaludon||Leftovers|Stamina|DragonPulse,FlashCannon,ElectroShot,Protect|Calm||M|||50|]Grimmsnarl||LightClay|Prankster|FoulPlay,PartingShot,LightScreen,Reflect|Calm||M|||50|]Pelipper||FocusSash|Drizzle|Hurricane,WeatherBall,Tailwind,Protect|Modest||M|||50|]Sinistcha||KasibBerry|Hospitality|MatchaGotcha,RagePowder,LifeDew,TrickRoom|Bold|||||50|
|inactive|Battle timer is ON: inactive players will automatically lose when time's up. (requested by rolandruina)
|inactive|zhipiyy has 60 seconds left.
|inactive|rolandruina has 60 seconds left.
|
|t:|1782493400
|teamsize|p1|4
|teamsize|p2|4
|start
|switch|p1a: Whimsicott|Whimsicott, L50, F|100/100
|switch|p1b: Sneasler|Sneasler, L50, F|100/100
|switch|p2a: Grimmsnarl|Grimmsnarl, L50, M|100/100
|switch|p2b: Archaludon|Archaludon, L50, M|100/100
|turn|1
|inactive|zhipiyy has 30 seconds left.
|
|t:|1782493428
|move|p1b: Sneasler|Fake Out|p2a: Grimmsnarl
|-damage|p2a: Grimmsnarl|84/100
|cant|p2a: Grimmsnarl|flinch
|move|p1a: Whimsicott|Moonblast|p2b: Archaludon
|-damage|p2b: Archaludon|73/100
|-ability|p2b: Archaludon|Stamina|boost
|-boost|p2b: Archaludon|def|1
|move|p2b: Archaludon|Electro Shot||[still]
|-prepare|p2b: Archaludon|Electro Shot
|-boost|p2b: Archaludon|spa|1
|
|-heal|p2b: Archaludon|79/100|[from] item: Leftovers
|upkeep
|turn|2
|inactive|zhipiyy has 30 seconds left.
|inactive|zhipiyy has 20 seconds left.
|inactive|rolandruina has 30 seconds left.
|inactive|zhipiyy has 15 seconds left.
|inactive|zhipiyy has 10 seconds left.
|
|t:|1782493475
|move|p2a: Grimmsnarl|Reflect|p2a: Grimmsnarl
|-sidestart|p2: rolandruina|Reflect
|move|p1a: Whimsicott|Moonblast|p2a: Grimmsnarl
|-supereffective|p2a: Grimmsnarl|1
|-damage|p2a: Grimmsnarl|36/100
|move|p1b: Sneasler|Close Combat|p2b: Archaludon
|-supereffective|p2b: Archaludon|1
|-damage|p2b: Archaludon|29/100
|-unboost|p1b: Sneasler|def|1
|-unboost|p1b: Sneasler|spd|1
|-ability|p2b: Archaludon|Stamina|boost
|-boost|p2b: Archaludon|def|1
|-enditem|p1b: Sneasler|White Herb
|-clearnegativeboost|p1b: Sneasler|[silent]
|move|p2b: Archaludon|Electro Shot|p1b: Sneasler|[from] lockedmove
|-damage|p1b: Sneasler|20/100y
|
|-heal|p2b: Archaludon|35/100|[from] item: Leftovers
|upkeep
|turn|3
|inactive|zhipiyy has 30 seconds left.
|inactive|rolandruina has 30 seconds left.
|inactive|rolandruina has 20 seconds left.
|
|t:|1782493513
|switch|p2b: Metagross|Metagross, L50|100/100
|move|p2a: Grimmsnarl|Parting Shot|p1b: Sneasler
|-unboost|p1b: Sneasler|atk|1
|-unboost|p1b: Sneasler|spa|1
|
|t:|1782493519
|switch|p2a: Archaludon|Archaludon, L50, M|35/100|[from] Parting Shot
|move|p1b: Sneasler|Close Combat|p2b: Metagross
|-damage|p2b: Metagross|72/100
|-unboost|p1b: Sneasler|def|1
|-unboost|p1b: Sneasler|spd|1
|move|p1a: Whimsicott|Moonblast|p2b: Metagross
|-resisted|p2b: Metagross|1
|-damage|p2b: Metagross|55/100
|
|-heal|p2a: Archaludon|42/100|[from] item: Leftovers
|upkeep
|turn|4
|inactive|zhipiyy has 30 seconds left.
|inactive|rolandruina has 30 seconds left.
|inactive|rolandruina has 20 seconds left.
|inactive|rolandruina has 15 seconds left.
|inactive|zhipiyy has 20 seconds left.
|inactive|rolandruina has 10 seconds left.
|
|t:|1782493565
|switch|p1b: Froslass|Froslass, L50, F|100/100
|detailschange|p2b: Metagross|Metagross-Mega, L50
|-mega|p2b: Metagross|Metagross|Metagrossite
|move|p1a: Whimsicott|Protect|p1a: Whimsicott
|-singleturn|p1a: Whimsicott|Protect
|move|p2b: Metagross|Psychic Fangs|p1b: Froslass
|-damage|p1b: Froslass|3/100
|move|p2a: Archaludon|Flash Cannon|p1a: Whimsicott
|-activate|p1a: Whimsicott|move: Protect
|
|-heal|p2a: Archaludon|48/100|[from] item: Leftovers
|upkeep
|turn|5
|inactive|zhipiyy has 30 seconds left.
|inactive|zhipiyy has 20 seconds left.
|inactive|zhipiyy has 15 seconds left.
|inactive|zhipiyy has 10 seconds left.
|
|t:|1782493610
|detailschange|p1b: Froslass|Froslass-Mega, L50, F
|-mega|p1b: Froslass|Froslass|Froslassite
|-weather|Snowscape|[from] ability: Snow Warning|[of] p1b: Froslass
|move|p2b: Metagross|Protect|p2b: Metagross
|-singleturn|p2b: Metagross|Protect
|move|p1a: Whimsicott|Moonblast|p2a: Archaludon
|-damage|p2a: Archaludon|21/100
|-ability|p2a: Archaludon|Stamina|boost
|-boost|p2a: Archaludon|def|1
|move|p1b: Froslass|Shadow Ball|p2b: Metagross
|-activate|p2b: Metagross|move: Protect
|move|p2a: Archaludon|Flash Cannon|p1a: Whimsicott
|-supereffective|p1a: Whimsicott|1
|-damage|p1a: Whimsicott|14/100
|
|-weather|Snowscape|[upkeep]
|-heal|p2a: Archaludon|27/100|[from] item: Leftovers
|upkeep
|turn|6
|inactive|zhipiyy has 30 seconds left.
|inactive|rolandruina has 30 seconds left.
|inactive|zhipiyy has 20 seconds left.
|inactive|rolandruina has 20 seconds left.
|inactive|zhipiyy has 15 seconds left.
|inactive|zhipiyy has 10 seconds left.
|
|t:|1782493658
|switch|p1b: Rotom|Rotom-Wash, L50|100/100
|switch|p2b: Pelipper|Pelipper, L50, M|100/100
|-weather|RainDance|[from] ability: Drizzle|[of] p2b: Pelipper
|move|p1a: Whimsicott|Moonblast|p2a: Archaludon
|-damage|p2a: Archaludon|0 fnt
|faint|p2a: Archaludon
|
|-weather|RainDance|[upkeep]
|upkeep
|
|t:|1782493673
|switch|p2a: Grimmsnarl|Grimmsnarl, L50, M|36/100
|turn|7
|
|t:|1782493695
|move|p2a: Grimmsnarl|Light Screen|p2a: Grimmsnarl
|-sidestart|p2: rolandruina|move: Light Screen
|move|p1a: Whimsicott|Moonblast|p2a: Grimmsnarl
|-supereffective|p2a: Grimmsnarl|1
|-damage|p2a: Grimmsnarl|3/100
|move|p2b: Pelipper|Hurricane|p1b: Rotom
|-resisted|p1b: Rotom|1
|-damage|p1b: Rotom|76/100
|-start|p1b: Rotom|confusion
|-activate|p1b: Rotom|confusion
|move|p1b: Rotom|Thunderbolt|p2b: Pelipper
|-supereffective|p2b: Pelipper|2
|-enditem|p2b: Pelipper|Focus Sash
|-damage|p2b: Pelipper|1/100
|
|-weather|RainDance|[upkeep]
|upkeep
|turn|8
|inactive|zhipiyy has 30 seconds left.
|inactive|zhipiyy has 20 seconds left.
|
|t:|1782493733
|switch|p1b: Sneasler|Sneasler, L50, F|20/100y
|move|p1a: Whimsicott|Moonblast|p2b: Pelipper
|-damage|p2b: Pelipper|0 fnt
|faint|p2b: Pelipper
|move|p2a: Grimmsnarl|Foul Play|p1a: Whimsicott
|-resisted|p1a: Whimsicott|1
|-damage|p1a: Whimsicott|0 fnt
|faint|p1a: Whimsicott
|
|-weather|RainDance|[upkeep]
|upkeep
|
|t:|1782493748
|switch|p1a: Froslass|Froslass-Mega, L50, F|3/100
|switch|p2b: Metagross|Metagross-Mega, L50|55/100
|-weather|Snowscape|[from] ability: Snow Warning|[of] p1a: Froslass
|turn|9
|
|t:|1782493756
|move|p2a: Grimmsnarl|Parting Shot|p1a: Froslass
|-unboost|p1a: Froslass|atk|1
|-unboost|p1a: Froslass|spa|1
|move|p1a: Froslass|Shadow Ball|p2b: Metagross
|-supereffective|p2b: Metagross|1
|-damage|p2b: Metagross|11/100
|move|p2b: Metagross|Iron Head|p1a: Froslass
|-supereffective|p1a: Froslass|1
|-damage|p1a: Froslass|0 fnt
|faint|p1a: Froslass
|move|p1b: Sneasler|Dire Claw|p2a: Grimmsnarl
|-supereffective|p2a: Grimmsnarl|1
|-damage|p2a: Grimmsnarl|0 fnt
|faint|p2a: Grimmsnarl
|
|-weather|Snowscape|[upkeep]
|-sideend|p2: rolandruina|Reflect
|upkeep
|
|t:|1782493773
|switch|p1a: Rotom|Rotom-Wash, L50|76/100
|turn|10
|
|t:|1782493777
|move|p2b: Metagross|Psychic Fangs|p1a: Rotom
|-damage|p1a: Rotom|20/100y
|-enditem|p1a: Rotom|Sitrus Berry|[eat]
|-heal|p1a: Rotom|45/100|[from] item: Sitrus Berry
|move|p1b: Sneasler|Close Combat|p2b: Metagross
|-damage|p2b: Metagross|0 fnt
|-unboost|p1b: Sneasler|def|1
|-unboost|p1b: Sneasler|spd|1
|faint|p2b: Metagross
|
|win|zhipiyy
||rolandruina is ready for game 2.
||zhipiyy is ready for game 2.
|uhtml|next|Next: Game 2 of 3
|l|☆zhipiyy
|player|p1|
