|j|☆TeyOnTheRox
|j|☆T-Soro
|html|TeyOnTheRoxT-Soro    
|uhtml|bestof|Game 2 of a best-of-3
|t:|1757732503
|gametype|doubles
|player|p1|TeyOnTheRox|benga|1082
|player|p2|T-Soro|1|1114
|gen|9
|tier|[Gen 9] VGC 2025 Reg H (Bo3)
|rated|
|rule|Species Clause: Limit one of each Pokémon
|rule|Item Clause: Limit 1 of each item
|clearpoke
|poke|p1|Tyranitar, L50, F|
|poke|p1|Excadrill, L50, F|
|poke|p1|Sneasler, L50, F|
|poke|p1|Indeedee, L50, M|
|poke|p1|Corviknight, L50, M|
|poke|p1|Annihilape, L50, F|
|poke|p2|Grimmsnarl, L50, M|
|poke|p2|Annihilape, L50, M|
|poke|p2|Ursaluna-Bloodmoon, L50, M|
|poke|p2|Volcarona, L50, M|
|poke|p2|Gholdengo, L50|
|poke|p2|Dragonite, L50, F|
|teampreview|4
|showteam|p1|Tyranitar||AssaultVest|SandStream|RockSlide,KnockOff,TeraBlast,LowKick|||F|||50|,,,,,Flying]Excadrill||FocusSash|SandRush|IronHead,HighHorsepower,Earthquake,Protect|||F|||50|,,,,,Stellar]Sneasler||PsychicSeed|Unburden|DireClaw,CloseCombat,ThroatChop,Protect|||F|||50|,,,,,Dark]Indeedee||ChoiceScarf|PsychicSurge|ExpandingForce,TeraBlast,Protect,Trick|||M|||50|,,,,,Psychic]Corviknight||Leftovers|MirrorArmor|BraveBird,BulkUp,Roost,Tailwind|||M|||50|,,,,,Dragon]Annihilape||SafetyGoggles|Defiant|CloseCombat,FinalGambit,RageFist,Taunt|||F|||50|,,,,,Water
|showteam|p2|Grimmsnarl||LightClay|Prankster|SpiritBreak,PartingShot,Reflect,LightScreen|||M|||50|,,,,,Ghost]Annihilape||Leftovers|Defiant|DrainPunch,RageFist,BulkUp,Protect|||M|||50|,,,,,Fire]Ursaluna-Bloodmoon||AssaultVest|MindsEye|BloodMoon,HyperVoice,EarthPower,VacuumWave|||M|||50|,,,,,Water]Volcarona||SitrusBerry|FlameBody|GigaDrain,HeatWave,QuiverDance,Protect|||M|||50|,,,,,Grass]Gholdengo||MetalCoat|GoodasGold|MakeItRain,ShadowBall,NastyPlot,Protect||||||50|,,,,,Dragon]Dragonite||LoadedDice|Multiscale|ScaleShot,StompingTantrum,ExtremeSpeed,Protect|||F|||50|,,,,,Steel
|
|t:|1757732533
|teamsize|p1|4
|teamsize|p2|4
|start
|switch|p1a: Doc Hudson|Tyranitar, L50, F, shiny|100/100
|switch|p1b: Toe Mater|Excadrill, L50, F|100/100
|switch|p2a: Grimmsnarl|Grimmsnarl, L50, M|100/100
|switch|p2b: Annihilape|Annihilape, L50, M|100/100
|-weather|Sandstorm|[from] ability: Sand Stream|[of] p1a: Doc Hudson
|turn|1
|
|t:|1757732556
|-terastallize|p1a: Doc Hudson|Flying
|move|p2a: Grimmsnarl|Reflect|p2a: Grimmsnarl
|-sidestart|p2: T-Soro|Reflect
|move|p1b: Toe Mater|High Horsepower|p2b: Annihilape
|-damage|p2b: Annihilape|64/100
|move|p2b: Annihilape|Bulk Up|p2b: Annihilape
|-boost|p2b: Annihilape|atk|1
|-boost|p2b: Annihilape|def|1
|move|p1a: Doc Hudson|Tera Blast|p2b: Annihilape|[anim] Tera Blast Flying
|-supereffective|p2b: Annihilape
|-damage|p2b: Annihilape|19/100
|
|-weather|Sandstorm|[upkeep]
|-damage|p2b: Annihilape|13/100|[from] Sandstorm
|-damage|p1a: Doc Hudson|95/100|[from] Sandstorm
|-damage|p2a: Grimmsnarl|94/100|[from] Sandstorm
|-heal|p2b: Annihilape|19/100|[from] item: Leftovers
|upkeep
|turn|2
|
|t:|1757732596
|switch|p1a: Cars II|Corviknight, L50, M|100/100
|move|p2a: Grimmsnarl|Parting Shot|p1a: Cars II
|-ability|p1a: Cars II|Mirror Armor
|-unboost|p2a: Grimmsnarl|atk|1
|-ability|p1a: Cars II|Mirror Armor
|-unboost|p2a: Grimmsnarl|spa|1
|
|t:|1757732618
|switch|p2a: Volcarona|Volcarona, L50, M|100/100|[from] Parting Shot
|move|p1b: Toe Mater|High Horsepower|p2b: Annihilape
|-damage|p2b: Annihilape|0 fnt
|faint|p2b: Annihilape
|
|-weather|Sandstorm|[upkeep]
|-damage|p2a: Volcarona|94/100|[from] Sandstorm
|upkeep
|
|t:|1757732625
|switch|p2b: Gholdengo|Gholdengo, L50|100/100
|turn|3
|
|t:|1757732642
|-terastallize|p2a: Volcarona|Grass
|move|p2b: Gholdengo|Protect|p2b: Gholdengo
|-singleturn|p2b: Gholdengo|Protect
|move|p1b: Toe Mater|Earthquake|p2b: Gholdengo|[spread] p2a
|-activate|p2b: Gholdengo|move: Protect
|-immune|p1a: Cars II
|-resisted|p2a: Volcarona
|-damage|p2a: Volcarona|75/100
|move|p2a: Volcarona|Quiver Dance|p2a: Volcarona
|-boost|p2a: Volcarona|spa|1
|-boost|p2a: Volcarona|spd|1
|-boost|p2a: Volcarona|spe|1
|move|p1a: Cars II|Tailwind|p1a: Cars II
|-sidestart|p1: TeyOnTheRox|move: Tailwind
|
|-weather|Sandstorm|[upkeep]
|-damage|p2a: Volcarona|69/100|[from] Sandstorm
|upkeep
|turn|4
|
|t:|1757732728
|move|p1b: Toe Mater|High Horsepower|p2b: Gholdengo
|-supereffective|p2b: Gholdengo
|-damage|p2b: Gholdengo|40/100
|move|p2a: Volcarona|Heat Wave|p1b: Toe Mater|[spread] p1a,p1b
|-supereffective|p1a: Cars II
|-supereffective|p1b: Toe Mater
|-damage|p1a: Cars II|0 fnt
|-enditem|p1b: Toe Mater|Focus Sash
|-damage|p1b: Toe Mater|1/100
|faint|p1a: Cars II
|move|p2b: Gholdengo|Shadow Ball|p1b: Toe Mater
|-damage|p1b: Toe Mater|0 fnt
|faint|p1b: Toe Mater
|
|-weather|Sandstorm|[upkeep]
|-damage|p2a: Volcarona|62/100|[from] Sandstorm
|upkeep
|
|t:|1757732741
|switch|p1b: Doc Hudson|Tyranitar, L50, F, shiny, tera:Flying|95/100
|switch|p1a: Cars I|Indeedee, L50, M, shiny|100/100
|-fieldstart|move: Psychic Terrain|[from] ability: Psychic Surge|[of] p1a: Cars I
|turn|5
|
|t:|1757732779
|move|p2a: Volcarona|Protect|p2a: Volcarona
|-singleturn|p2a: Volcarona|Protect
|move|p1a: Cars I|Expanding Force|p2b: Gholdengo|[spread] p2b
|-activate|p2a: Volcarona|move: Protect
|-resisted|p2b: Gholdengo
|-damage|p2b: Gholdengo|11/100
|move|p1b: Doc Hudson|Tera Blast|p2a: Volcarona|[anim] Tera Blast Flying
|-activate|p2a: Volcarona|move: Protect
|move|p2b: Gholdengo|Make It Rain|p1b: Doc Hudson|[spread] p1a,p1b
|-damage|p1a: Cars I|30/100
|-damage|p1b: Doc Hudson|62/100
|-unboost|p2b: Gholdengo|spa|1
|
|-weather|none
|upkeep
|turn|6
|
|t:|1757732808
|switch|p2a: Grimmsnarl|Grimmsnarl, L50, M|94/100
|move|p1a: Cars I|Expanding Force|p2b: Gholdengo|[spread] p2b
|-immune|p2a: Grimmsnarl
|-resisted|p2b: Gholdengo
|-damage|p2b: Gholdengo|0 fnt
|faint|p2b: Gholdengo
|move|p1b: Doc Hudson|Tera Blast|p2a: Grimmsnarl|[anim] Tera Blast Flying
|-damage|p2a: Grimmsnarl|66/100
|
|-sideend|p1: TeyOnTheRox|move: Tailwind
|upkeep
|
|t:|1757732816
|switch|p2b: Volcarona|Volcarona, L50, M, tera:Grass|62/100
|turn|7
|
|t:|1757732856
|move|p2b: Volcarona|Protect|p2b: Volcarona
|-singleturn|p2b: Volcarona|Protect
|move|p1a: Cars I|Expanding Force|p2a: Grimmsnarl|[spread] 
|-activate|p2b: Volcarona|move: Protect
|-immune|p2a: Grimmsnarl
|move|p1b: Doc Hudson|Tera Blast|p2b: Volcarona|[anim] Tera Blast Flying
|-activate|p2b: Volcarona|move: Protect
|move|p2a: Grimmsnarl|Spirit Break|p1a: Cars I
|-damage|p1a: Cars I|0 fnt
|faint|p1a: Cars I
|
|upkeep
|turn|8
|
|t:|1757732873
|move|p2a: Grimmsnarl|Parting Shot|p1b: Doc Hudson
|-unboost|p1b: Doc Hudson|atk|1
|-unboost|p1b: Doc Hudson|spa|1
|move|p2b: Volcarona|Heat Wave|p1b: Doc Hudson
|-damage|p1b: Doc Hudson|29/100
|move|p1b: Doc Hudson|Tera Blast|p2b: Volcarona|[anim] Tera Blast Flying
|-supereffective|p2b: Volcarona
|-damage|p2b: Volcarona|10/100
|-enditem|p2b: Volcarona|Sitrus Berry|[eat]
|-heal|p2b: Volcarona|35/100|[from] item: Sitrus Berry
|
|-sideend|p2: T-Soro|Reflect
|upkeep
|turn|9
|
|t:|1757732895
|move|p2a: Grimmsnarl|Parting Shot|p1b: Doc Hudson
|-unboost|p1b: Doc Hudson|atk|1
|-unboost|p1b: Doc Hudson|spa|1
|move|p2b: Volcarona|Heat Wave|p1b: Doc Hudson
|-damage|p1b: Doc Hudson|0 fnt
|faint|p1b: Doc Hudson
|
|win|T-Soro
