|j|☆SideB33563356
|j|☆AchievedWave07
|html|SideB33563356AchievedWave07    
|uhtml|bestof|Game 1 of a best-of-3
|t:|1784169155
|gametype|doubles
|player|p1|SideB33563356|1|
|player|p2|AchievedWave07|ingo|
|gen|9
|tier|[Gen 9 Champions] VGC 2026 Reg M-B (Bo3)
|rule|Species Clause: Limit one of each Pokémon
|rule|Item Clause: Limit 1 of each item
|clearpoke
|poke|p1|Metagross, L50|
|poke|p1|Talonflame, L50, M|
|poke|p1|Basculegion, L50, M|
|poke|p1|Kingambit, L50, F|
|poke|p1|Hydreigon, L50, F|
|poke|p1|Ninetales-Alola, L50, M|
|poke|p2|Politoed, L50, M|
|poke|p2|Charizard, L50, M, shiny|
|poke|p2|Archaludon, L50, M, shiny|
|poke|p2|Venusaur, L50, M|
|poke|p2|Metagross, L50|
|poke|p2|Grimmsnarl, L50, M|
|teampreview|4
|showteam|p1|Metagross||Metagrossite|ClearBody|MeteorMash,PsychicFangs,BulletPunch,Protect|Jolly|||||50|]Talonflame||SharpBeak|GaleWings|BraveBird,WillOWisp,Tailwind,Protect|Jolly||M|||50|]Basculegion||LifeOrb|Adaptability|WaveCrash,LastRespects,AquaJet,Protect|Jolly||M|||50|]Kingambit||BlackGlasses|Defiant|KowtowCleave,LowKick,SuckerPunch,Protect|Adamant||F|||50|]Hydreigon||ChoiceScarf|Levitate|DarkPulse,DracoMeteor,Snarl,EarthPower|Modest||F|||50|]Ninetales-Alola||FocusSash|SnowWarning|Blizzard,FreezeDry,Encore,Protect|Timid||M|||50|
|showteam|p2|Politoed||SitrusBerry|Drizzle|EarthPower,Blizzard,HyperVoice,Surf|Modest||M|||50|]Charizard||CharizarditeY|Blaze|AirSlash,Protect,HeatWave,SolarBeam|Timid||M|||50|]Archaludon||Leftovers|Stamina|ElectroShot,FlashCannon,DragonPulse,Protect|Modest||M|||50|]Venusaur||WideLens|Chlorophyll|SludgeBomb,EarthPower,SleepPowder,Protect|Timid||M|||50|]Metagross||Metagrossite|ClearBody|IronHead,PsychicFangs,IcePunch,Protect|Jolly|||||50|]Grimmsnarl||LightClay|Prankster|SpiritBreak,Reflect,LightScreen,PartingShot|Sassy||M|||50|
|
|t:|1784169187
|teamsize|p1|4
|teamsize|p2|4
|start
|switch|p1a: Computah|Metagross, L50|100/100
|switch|p1b: Trae Young|Talonflame, L50, M|100/100
|switch|p2a: Venusaur|Venusaur, L50, M|100/100
|switch|p2b: Grimmsnarl|Grimmsnarl, L50, M|100/100
|turn|1
|
|t:|1784169217
|move|p1b: Trae Young|Brave Bird|p2a: Venusaur
|-supereffective|p2a: Venusaur|1
|-damage|p2a: Venusaur|0 fnt
|faint|p2a: Venusaur
|-damage|p1b: Trae Young|66/100|[from] Recoil
|move|p2b: Grimmsnarl|Reflect|p2b: Grimmsnarl
|-sidestart|p2: AchievedWave07|Reflect
|move|p1a: Computah|Meteor Mash|p2b: Grimmsnarl
|-supereffective|p2b: Grimmsnarl|1
|-damage|p2b: Grimmsnarl|28/100
|
|upkeep
|
|t:|1784169228
|switch|p2a: Charizard|Charizard, L50, M, shiny|100/100
|turn|2
|
|t:|1784169260
|detailschange|p2a: Charizard|Charizard-Mega-Y, L50, M, shiny
|-mega|p2a: Charizard|Charizard|Charizardite Y
|-weather|SunnyDay|[from] ability: Drought|[of] p2a: Charizard
|detailschange|p1a: Computah|Metagross-Mega, L50
|-mega|p1a: Computah|Metagross|Metagrossite
|move|p2a: Charizard|Protect|p2a: Charizard
|-singleturn|p2a: Charizard|Protect
|move|p2b: Grimmsnarl|Parting Shot|p1b: Trae Young
|-unboost|p1b: Trae Young|atk|1
|-unboost|p1b: Trae Young|spa|1
|
|t:|1784169269
|switch|p2b: Archaludon|Archaludon, L50, M, shiny|100/100|[from] Parting Shot
|move|p1b: Trae Young|Brave Bird|p2a: Charizard
|-activate|p2a: Charizard|move: Protect
|move|p1a: Computah|Psychic Fangs|p2a: Charizard
|-activate|p2a: Charizard|move: Protect
|
|-weather|SunnyDay|[upkeep]
|upkeep
|turn|3
|
|t:|1784169304
|move|p1b: Trae Young|Brave Bird|p2a: Charizard
|-damage|p2a: Charizard|67/100
|-damage|p1b: Trae Young|55/100|[from] Recoil
|move|p1a: Computah|Psychic Fangs|p2a: Charizard
|-sideend|p2: AchievedWave07|Reflect
|-damage|p2a: Charizard|0 fnt
|faint|p2a: Charizard
|move|p2b: Archaludon|Dragon Pulse|p1b: Trae Young
|-damage|p1b: Trae Young|0 fnt
|faint|p1b: Trae Young
|
|-weather|SunnyDay|[upkeep]
|upkeep
|
|t:|1784169337
|switch|p1b: knickswinthechip!|Hydreigon, L50, F|100/100
|switch|p2a: Grimmsnarl|Grimmsnarl, L50, M|28/100
|turn|4
|
|t:|1784169360
|switch|p1b: Texas Power Crisis|Ninetales-Alola, L50, M|100/100
|-weather|Snowscape|[from] ability: Snow Warning|[of] p1b: Texas Power Crisis
|move|p1a: Computah|Bullet Punch|p2a: Grimmsnarl
|-supereffective|p2a: Grimmsnarl|1
|-damage|p2a: Grimmsnarl|0 fnt
|faint|p2a: Grimmsnarl
|move|p2b: Archaludon|Dragon Pulse|p1b: Texas Power Crisis
|-immune|p1b: Texas Power Crisis
|
|-weather|Snowscape|[upkeep]
|upkeep
|turn|5
|
|t:|1784169383
|move|p1a: Computah|Meteor Mash|p2b: Archaludon|[miss]
|-miss|p1a: Computah|p2b: Archaludon
|move|p1b: Texas Power Crisis|Encore|p2b: Archaludon
|-start|p2b: Archaludon|Encore
|move|p2b: Archaludon|Dragon Pulse|p1b: Texas Power Crisis
|-immune|p1b: Texas Power Crisis
|
|-weather|Snowscape|[upkeep]
|upkeep
|turn|6
|
|t:|1784169409
|move|p1a: Computah|Meteor Mash|p2b: Archaludon
|-resisted|p2b: Archaludon|1
|-damage|p2b: Archaludon|74/100
|-boost|p1a: Computah|atk|1
|-ability|p2b: Archaludon|Stamina|boost
|-boost|p2b: Archaludon|def|1
|move|p1b: Texas Power Crisis|Blizzard|p2b: Archaludon
|-damage|p2b: Archaludon|5/100
|-ability|p2b: Archaludon|Stamina|boost
|-boost|p2b: Archaludon|def|1
|move|p2b: Archaludon|Dragon Pulse|p1a: Computah
|-resisted|p1a: Computah|1
|-damage|p1a: Computah|77/100
|
|-weather|Snowscape|[upkeep]
|-heal|p2b: Archaludon|11/100|[from] item: Leftovers
|upkeep
|turn|7
|
|t:|1784169430
|move|p1a: Computah|Protect|p1a: Computah
|-singleturn|p1a: Computah|Protect
|move|p1b: Texas Power Crisis|Blizzard|p2b: Archaludon
|-damage|p2b: Archaludon|0 fnt
|faint|p2b: Archaludon
|
|win|SideB33563356
||AchievedWave07 is ready for game 2.
|inactive|SideB33563356 has 30 seconds to confirm battle start!
||SideB33563356 is ready for game 2.
|uhtml|next|Next: Game 2 of 3
|l|☆AchievedWave07
|player|p2|
