|j|☆GrovyleSSJ
|j|☆ultraclaw1
|html|GrovyleSSJultraclaw1    
|uhtml|bestof|Game 1 of a best-of-3
|t:|1782486058
|gametype|doubles
|player|p1|GrovyleSSJ|266|1225
|player|p2|ultraclaw1|alder|1211
|gen|9
|tier|[Gen 9 Champions] VGC 2026 Reg M-B (Bo3)
|rated|
|rule|Species Clause: Limit one of each Pokémon
|rule|Item Clause: Limit 1 of each item
|clearpoke
|poke|p1|Gengar, L50, F|
|poke|p1|Incineroar, L50, M|
|poke|p1|Ninetales-Alola, L50, M|
|poke|p1|Dragonite, L50, F|
|poke|p1|Snorlax, L50, F|
|poke|p1|Scrafty, L50, F|
|poke|p2|Floette-Eternal, L50, F|
|poke|p2|Charizard, L50, F|
|poke|p2|Whimsicott, L50, M|
|poke|p2|Garchomp, L50, M|
|poke|p2|Basculegion, L50, M|
|poke|p2|Kingambit, L50, F|
|teampreview|4
|showteam|p1|Gengar||Gengarite|CursedBody|Protect,PerishSong,SludgeBomb,ShadowBall|Timid||F|||50|]Incineroar||PasshoBerry|Intimidate|FakeOut,PartingShot,FlareBlitz,Protect|Sassy||M|||50|]Ninetales-Alola||FocusSash|SnowWarning|Protect,Encore,Disable,Blizzard|Timid||M|||50|]Dragonite||DragonFang|Multiscale|Protect,Tailwind,ExtremeSpeed,DragonClaw|Adamant||F|||50|]Snorlax||Leftovers|ThickFat|Protect,Yawn,Encore,Fissure|Relaxed||F|||50|]Scrafty||Scraftinite|Intimidate|FakeOut,Detect,KnockOff,DrainPunch|Adamant||F|||50|
|showteam|p2|Floette-Eternal||Floettite|FlowerVeil|Moonblast,DazzlingGleam,LightofRuin,Protect|Modest||F|||50|]Charizard||CharizarditeY|Blaze|HeatWave,WeatherBall,SolarBeam,Protect|Modest||F|||50|]Whimsicott||FocusSash|Prankster|Moonblast,Encore,Tailwind,Protect|Timid||M|||50|]Garchomp||LifeOrb|RoughSkin|DragonClaw,StompingTantrum,PoisonJab,RockSlide|Jolly||M|||50|]Basculegion||MysticWater|Adaptability|WaveCrash,LastRespects,AquaJet,Protect|Adamant||M|||50|]Kingambit||OccaBerry|Defiant|KowtowCleave,IronHead,SuckerPunch,Protect|Adamant||F|||50|
|inactive|Battle timer is ON: inactive players will automatically lose when time's up. (requested by ultraclaw1)
|
|t:|1782486088
|teamsize|p1|4
|teamsize|p2|4
|start
|switch|p1a: Gengar|Gengar, L50, F|100/100
|switch|p1b: Incineroar|Incineroar, L50, M|100/100
|switch|p2a: Charizard|Charizard, L50, F|100/100
|switch|p2b: Whimsicott|Whimsicott, L50, M|100/100
|-ability|p1b: Incineroar|Intimidate|boost
|-unboost|p2a: Charizard|atk|1
|-unboost|p2b: Whimsicott|atk|1
|turn|1
|
|t:|1782486097
|detailschange|p1a: Gengar|Gengar-Mega, L50, F
|-mega|p1a: Gengar|Gengar|Gengarite
|move|p2b: Whimsicott|Protect|p2b: Whimsicott
|-singleturn|p2b: Whimsicott|Protect
|move|p2a: Charizard|Protect|p2a: Charizard
|-singleturn|p2a: Charizard|Protect
|move|p1b: Incineroar|Fake Out|p2a: Charizard
|-activate|p2a: Charizard|move: Protect
|move|p1a: Gengar|Perish Song|p1a: Gengar
|-start|p1a: Gengar|perish3|[silent]
|-start|p1b: Incineroar|perish3|[silent]
|-start|p2a: Charizard|perish3|[silent]
|-start|p2b: Whimsicott|perish3|[silent]
|-fieldactivate|move: Perish Song
|
|-start|p2b: Whimsicott|perish3
|-start|p1a: Gengar|perish3
|-start|p2a: Charizard|perish3
|-start|p1b: Incineroar|perish3
|upkeep
|turn|2
|
|t:|1782486113
|detailschange|p2a: Charizard|Charizard-Mega-Y, L50, F
|-mega|p2a: Charizard|Charizard|Charizardite Y
|-weather|SunnyDay|[from] ability: Drought|[of] p2a: Charizard
|move|p1a: Gengar|Protect|p1a: Gengar
|-singleturn|p1a: Gengar|Protect
|move|p1b: Incineroar|Protect|p1b: Incineroar
|-singleturn|p1b: Incineroar|Protect
|move|p2b: Whimsicott|Encore|p1a: Gengar
|-activate|p1a: Gengar|move: Protect
|move|p2a: Charizard|Weather Ball|p1a: Gengar
|-activate|p1a: Gengar|move: Protect
|
|-weather|SunnyDay|[upkeep]
|-start|p2b: Whimsicott|perish2
|-start|p1a: Gengar|perish2
|-start|p2a: Charizard|perish2
|-start|p1b: Incineroar|perish2
|upkeep
|turn|3
|
|t:|1782486130
|switch|p1a: Snorlax|Snorlax, L50, F|100/100
|move|p2b: Whimsicott|Encore||[still]
|-fail|p2b: Whimsicott
|move|p2a: Charizard|Weather Ball|p1a: Snorlax
|-damage|p1a: Snorlax|71/100
|move|p1b: Incineroar|Parting Shot|p1a: Snorlax
|-unboost|p1a: Snorlax|atk|1
|-unboost|p1a: Snorlax|spa|1
|
|t:|1782486140
|switch|p1b: Gengar|Gengar-Mega, L50, F|100/100|[from] Parting Shot
|
|-weather|SunnyDay|[upkeep]
|-heal|p1a: Snorlax|77/100|[from] item: Leftovers
|-start|p2b: Whimsicott|perish1
|-start|p2a: Charizard|perish1
|upkeep
|turn|4
|
|t:|1782486148
|move|p1b: Gengar|Protect|p1b: Gengar
|-singleturn|p1b: Gengar|Protect
|move|p1a: Snorlax|Protect|p1a: Snorlax
|-singleturn|p1a: Snorlax|Protect
|move|p2b: Whimsicott|Tailwind|p2b: Whimsicott
|-sidestart|p2: ultraclaw1|move: Tailwind
|move|p2a: Charizard|Heat Wave|p1b: Gengar|[spread] 
|-activate|p1a: Snorlax|move: Protect
|-activate|p1b: Gengar|move: Protect
|
|-weather|SunnyDay|[upkeep]
|-heal|p1a: Snorlax|83/100|[from] item: Leftovers
|-start|p2b: Whimsicott|perish0
|-start|p2a: Charizard|perish0
|faint|p2b: Whimsicott
|faint|p2a: Charizard
|upkeep
|
|t:|1782486150
|switch|p2b: Garchomp|Garchomp, L50, M|100/100
|switch|p2a: Basculegion|Basculegion, L50, M|100/100
|turn|5
|
|t:|1782486175
|switch|p1b: Incineroar|Incineroar, L50, M|100/100
|-ability|p1b: Incineroar|Intimidate|boost
|-unboost|p2a: Basculegion|atk|1
|-unboost|p2b: Garchomp|atk|1
|move|p2b: Garchomp|Stomping Tantrum|p1a: Snorlax
|-damage|p1a: Snorlax|62/100
|-damage|p2b: Garchomp|90/100|[from] item: Life Orb
|move|p2a: Basculegion|Last Respects|p1b: Incineroar
|-resisted|p1b: Incineroar|1
|-damage|p1b: Incineroar|71/100
|move|p1a: Snorlax|Yawn|p2b: Garchomp
|-start|p2b: Garchomp|move: Yawn|[of] p1a: Snorlax
|
|-weather|SunnyDay|[upkeep]
|-heal|p1a: Snorlax|68/100|[from] item: Leftovers
|upkeep
|turn|6
|
|t:|1782486199
|move|p2a: Basculegion|Protect|p2a: Basculegion
|-singleturn|p2a: Basculegion|Protect
|move|p2b: Garchomp|Stomping Tantrum|p1b: Incineroar
|-supereffective|p1b: Incineroar|1
|-crit|p1b: Incineroar
|-damage|p1b: Incineroar|0 fnt
|faint|p1b: Incineroar
|-damage|p2b: Garchomp|80/100|[from] item: Life Orb
|move|p1a: Snorlax|Yawn|p2a: Basculegion
|-activate|p2a: Basculegion|move: Protect
|
|-weather|none
|-heal|p1a: Snorlax|74/100|[from] item: Leftovers
|-end|p2b: Garchomp|move: Yawn|[silent]
|-status|p2b: Garchomp|slp
|upkeep
|
|t:|1782486212
|switch|p1b: Dragonite|Dragonite, L50, F|100/100
|turn|7
|
|t:|1782486220
|cant|p2b: Garchomp|slp
|move|p2a: Basculegion|Last Respects|p1b: Dragonite
|-damage|p1b: Dragonite|68/100
|move|p1b: Dragonite|Dragon Claw|p2b: Garchomp
|-supereffective|p2b: Garchomp|1
|-damage|p2b: Garchomp|0 fnt
|-damage|p1b: Dragonite|56/100|[from] ability: Rough Skin|[of] p2b: Garchomp
|faint|p2b: Garchomp
|move|p1a: Snorlax|Yawn|p2a: Basculegion
|-start|p2a: Basculegion|move: Yawn|[of] p1a: Snorlax
|
|-heal|p1a: Snorlax|80/100|[from] item: Leftovers
|-sideend|p2: ultraclaw1|move: Tailwind
|upkeep
|turn|8
|
|t:|1782486240
|move|p1b: Dragonite|Protect|p1b: Dragonite
|-singleturn|p1b: Dragonite|Protect
|move|p1a: Snorlax|Protect|p1a: Snorlax
|-singleturn|p1a: Snorlax|Protect
|move|p2a: Basculegion|Last Respects|p1b: Dragonite
|-activate|p1b: Dragonite|move: Protect
|
|-heal|p1a: Snorlax|86/100|[from] item: Leftovers
|-end|p2a: Basculegion|move: Yawn|[silent]
|-status|p2a: Basculegion|slp
|upkeep
|turn|9
|
|t:|1782486248
|cant|p2a: Basculegion|slp
|move|p1b: Dragonite|Dragon Claw|p2a: Basculegion
|-damage|p2a: Basculegion|40/100 slp
|move|p1a: Snorlax|Fissure|p2a: Basculegion|[miss]
|-miss|p1a: Snorlax|p2a: Basculegion
|
|-heal|p1a: Snorlax|92/100|[from] item: Leftovers
|upkeep
|turn|10
|-message|ultraclaw1 forfeited.
|
|win|GrovyleSSJ
|l|☆ultraclaw1
|player|p2|
||ultraclaw1 is ready for game 2.
||GrovyleSSJ is ready for game 2.
|uhtml|next|Next: Game 2 of 3
