|j|☆is_katabo
|j|☆CrawlingKingSnake
|html|is_kataboCrawlingKingSnake    
|uhtml|bestof|Game 3 of a best-of-3
|t:|1785294273
|gametype|doubles
|player|p1|is_katabo|youngster-gen4dp|1266
|player|p2|CrawlingKingSnake|kamado-armor|1268
|gen|9
|tier|[Gen 9 Champions] VGC 2026 Reg M-B (Bo3)
|rated|
|rule|Species Clause: Limit one of each Pokémon
|rule|Item Clause: Limit 1 of each item
|clearpoke
|poke|p1|Delphox, L50, M|
|poke|p1|Floette-Eternal, L50, F|
|poke|p1|Whimsicott, L50, F|
|poke|p1|Kommo-o, L50, F|
|poke|p1|Incineroar, L50, F|
|poke|p1|Gholdengo, L50|
|poke|p2|Floette-Eternal, L50, F|
|poke|p2|Palafin, L50, F, shiny|
|poke|p2|Incineroar, L50, F|
|poke|p2|Toxapex, L50, M|
|poke|p2|Delphox, L50, F|
|poke|p2|Kingambit, L50, M|
|teampreview|4
|showteam|p1|Delphox||Delphoxite|Blaze|HeatWave,Psyshock,Substitute,Protect|Modest||M|||50|]Floette-Eternal||Floettite|FlowerVeil|Moonblast,DazzlingGleam,LightofRuin,Protect|Timid||F|||50|]Whimsicott||FocusSash|Prankster|Moonblast,Tailwind,Encore,Protect|Timid||F|||50|]Kommo-o||LifeOrb|Soundproof|ClangingScales,AuraSphere,VacuumWave,Protect|Modest||F|||50|]Incineroar||SitrusBerry|Intimidate|FakeOut,DarkestLariat,FlareBlitz,PartingShot|Careful||F|||50|]Gholdengo||OccaBerry|GoodasGold|MakeItRain,ShadowBall,PowerGem,Protect|Timid|||||50|
|showteam|p2|Floette-Eternal||Floettite|FlowerVeil|DazzlingGleam,DrainingKiss,CalmMind,Protect|Modest||F|||50|]Palafin||LifeOrb|ZerotoHero|WaveCrash,JetPunch,CloseCombat,Protect|Adamant||F|||50|]Incineroar||SitrusBerry|Intimidate|FlareBlitz,FakeOut,DarkestLariat,PartingShot|Careful||F|||50|]Toxapex||Leftovers|Regenerator|Infestation,Toxic,WideGuard,BanefulBunker|Bold||M|||50|]Delphox||Delphoxite|Blaze|HeatWave,Psychic,Substitute,Protect|Timid||F|||50|]Kingambit||FocusSash|Defiant|KowtowCleave,SuckerPunch,IronHead,LowKick|Adamant||M|||50|
|inactive|Battle timer is ON: inactive players will automatically lose when time's up. (requested by CrawlingKingSnake)
|inactive|CrawlingKingSnake has 60 seconds left.
|
|t:|1785294316
|teamsize|p1|4
|teamsize|p2|4
|start
|switch|p1a: Whimsicott|Whimsicott, L50, F|100/100
|switch|p1b: Gholdengo|Gholdengo, L50|100/100
|switch|p2a: Floette|Floette-Eternal, L50, F|100/100
|switch|p2b: Toxapex|Toxapex, L50, M|100/100
|turn|1
|inactive|is_katabo has 30 seconds left.
|inactive|CrawlingKingSnake has 30 seconds left.
|
|t:|1785294346
|switch|p2a: Kingambit|Kingambit, L50, M|100/100
|move|p1a: Whimsicott|Moonblast|p2a: Kingambit
|-damage|p2a: Kingambit|61/100
|move|p1b: Gholdengo|Shadow Ball|p2b: Toxapex
|-damage|p2b: Toxapex|70/100
|move|p2b: Toxapex|Infestation|p1a: Whimsicott
|-damage|p1a: Whimsicott|95/100
|-activate|p1a: Whimsicott|move: Infestation|[of] p2b: Toxapex
|
|-heal|p2b: Toxapex|76/100|[from] item: Leftovers
|-damage|p1a: Whimsicott|83/100|[from] move: Infestation|[partiallytrapped]
|upkeep
|turn|2
|inactive|is_katabo has 30 seconds left.
|inactive|CrawlingKingSnake has 30 seconds left.
|
|t:|1785294374
|switch|p1b: Floette|Floette-Eternal, L50, F|100/100
|switch|p2a: Incineroar|Incineroar, L50, F|100/100
|-ability|p2a: Incineroar|Intimidate|boost
|-block|p1a: Whimsicott|ability: Flower Veil|[of] p1b: Floette
|-unboost|p1b: Floette|atk|1
|move|p1a: Whimsicott|Encore|p2b: Toxapex
|-start|p2b: Toxapex|Encore
|move|p2b: Toxapex|Infestation|p1b: Floette
|-resisted|p1b: Floette|1
|-damage|p1b: Floette|98/100
|-activate|p1b: Floette|move: Infestation|[of] p2b: Toxapex
|
|-heal|p2b: Toxapex|82/100|[from] item: Leftovers
|-damage|p1a: Whimsicott|70/100|[from] move: Infestation|[partiallytrapped]
|-damage|p1b: Floette|86/100|[from] move: Infestation|[partiallytrapped]
|upkeep
|turn|3
|inactive|CrawlingKingSnake has 30 seconds left.
|
|t:|1785294401
|detailschange|p1b: Floette|Floette-Mega, L50, F
|-mega|p1b: Floette|Floette|Floettite
|-ability|p1b: Floette|Fairy Aura
|move|p2a: Incineroar|Fake Out|p1b: Floette
|-damage|p1b: Floette|72/100
|move|p1a: Whimsicott|Moonblast|p2a: Incineroar
|-damage|p2a: Incineroar|59/100
|cant|p1b: Floette|flinch
|move|p2b: Toxapex|Infestation|p1b: Floette
|-resisted|p1b: Floette|1
|-damage|p1b: Floette|71/100
|
|-heal|p2b: Toxapex|87/100|[from] item: Leftovers
|-damage|p1a: Whimsicott|58/100|[from] move: Infestation|[partiallytrapped]
|-damage|p1b: Floette|59/100|[from] move: Infestation|[partiallytrapped]
|upkeep
|turn|4
|
|t:|1785294426
|move|p1a: Whimsicott|Moonblast|p2a: Incineroar
|-crit|p2a: Incineroar
|-damage|p2a: Incineroar|0 fnt
|faint|p2a: Incineroar
|move|p1b: Floette|Dazzling Gleam|p2b: Toxapex
|-resisted|p2b: Toxapex|1
|-damage|p2b: Toxapex|66/100
|move|p2b: Toxapex|Infestation|p1b: Floette
|-resisted|p1b: Floette|1
|-damage|p1b: Floette|58/100
|
|-heal|p2b: Toxapex|71/100|[from] item: Leftovers
|-damage|p1a: Whimsicott|45/100|[from] move: Infestation|[partiallytrapped]
|-damage|p1b: Floette|46/100|[from] move: Infestation|[partiallytrapped]
|-end|p2b: Toxapex|Encore
|upkeep
|
|t:|1785294448
|switch|p2a: Floette|Floette-Eternal, L50, F|100/100
|turn|5
|
|t:|1785294469
|detailschange|p2a: Floette|Floette-Mega, L50, F
|-mega|p2a: Floette|Floette|Floettite
|-ability|p2a: Floette|Fairy Aura
|move|p2a: Floette|Protect|p2a: Floette
|-singleturn|p2a: Floette|Protect
|move|p1a: Whimsicott|Moonblast|p2a: Floette
|-activate|p2a: Floette|move: Protect
|move|p1b: Floette|Light of Ruin|p2a: Floette
|-activate|p2a: Floette|move: Protect
|move|p2b: Toxapex|Toxic|p1b: Floette
|-status|p1b: Floette|tox
|
|-heal|p2b: Toxapex|77/100|[from] item: Leftovers
|-damage|p1b: Floette|40/100 tox|[from] psn
|-end|p1a: Whimsicott|Infestation|[partiallytrapped]
|-damage|p1b: Floette|28/100 tox|[from] move: Infestation|[partiallytrapped]
|upkeep
|turn|6
|
|t:|1785294490
|move|p1a: Whimsicott|Encore|p2a: Floette
|-start|p2a: Floette|Encore
|move|p2a: Floette|Protect||[still]
|-fail|p2a: Floette
|move|p1b: Floette|Moonblast|p2a: Floette
|-damage|p2a: Floette|45/100
|move|p2b: Toxapex|Infestation|p1a: Whimsicott
|-damage|p1a: Whimsicott|40/100
|-activate|p1a: Whimsicott|move: Infestation|[of] p2b: Toxapex
|
|-heal|p2b: Toxapex|83/100|[from] item: Leftovers
|-damage|p1b: Floette|16/100 tox|[from] psn
|-damage|p1a: Whimsicott|28/100|[from] move: Infestation|[partiallytrapped]
|-damage|p1b: Floette|4/100 tox|[from] move: Infestation|[partiallytrapped]
|upkeep
|turn|7
|inactive|CrawlingKingSnake has 30 seconds left.
|
|t:|1785294517
|move|p2a: Floette|Protect|p2a: Floette
|-singleturn|p2a: Floette|Protect
|move|p1a: Whimsicott|Encore|p2b: Toxapex
|-start|p2b: Toxapex|Encore
|move|p1b: Floette|Light of Ruin|p2b: Toxapex
|-resisted|p2b: Toxapex|1
|-damage|p2b: Toxapex|40/100
|-damage|p1b: Floette|0 fnt|[from] Recoil
|faint|p1b: Floette
|move|p2b: Toxapex|Infestation|p1a: Whimsicott
|-damage|p1a: Whimsicott|23/100
|
|-heal|p2b: Toxapex|46/100|[from] item: Leftovers
|-damage|p1a: Whimsicott|10/100|[from] move: Infestation|[partiallytrapped]
|upkeep
|
|t:|1785294535
|switch|p1b: Kommo-o|Kommo-o, L50, F|100/100
|turn|8
|
|t:|1785294543
|switch|p2a: Kingambit|Kingambit, L50, M|61/100
|move|p1a: Whimsicott|Moonblast|p2a: Kingambit
|-damage|p2a: Kingambit|19/100
|move|p1b: Kommo-o|Clanging Scales|p2b: Toxapex|[spread] p2a,p2b
|-resisted|p2a: Kingambit|1
|-damage|p2a: Kingambit|0 fnt
|-damage|p2b: Toxapex|10/100
|faint|p2a: Kingambit
|-unboost|p1b: Kommo-o|def|1
|-damage|p1b: Kommo-o|90/100|[from] item: Life Orb
|move|p2b: Toxapex|Infestation|p1b: Kommo-o
|-resisted|p1b: Kommo-o|1
|-damage|p1b: Kommo-o|88/100
|-activate|p1b: Kommo-o|move: Infestation|[of] p2b: Toxapex
|
|-heal|p2b: Toxapex|16/100|[from] item: Leftovers
|-damage|p1a: Whimsicott|0 fnt|[from] move: Infestation|[partiallytrapped]
|faint|p1a: Whimsicott
|-damage|p1b: Kommo-o|76/100|[from] move: Infestation|[partiallytrapped]
|upkeep
|
|t:|1785294551
|switch|p1a: Gholdengo|Gholdengo, L50|100/100
|switch|p2a: Floette|Floette-Mega, L50, F|45/100
|-ability|p2a: Floette|Fairy Aura
|turn|9
|inactive|CrawlingKingSnake has 30 seconds left.
|inactive|CrawlingKingSnake has 20 seconds left.
|
|t:|1785294590
|move|p2a: Floette|Protect|p2a: Floette
|-singleturn|p2a: Floette|Protect
|move|p1b: Kommo-o|Vacuum Wave|p2a: Floette
|-activate|p2a: Floette|move: Protect
|move|p1a: Gholdengo|Shadow Ball|p2b: Toxapex
|-crit|p2b: Toxapex
|-damage|p2b: Toxapex|0 fnt
|faint|p2b: Toxapex
|
|-end|p1b: Kommo-o|Infestation|[partiallytrapped]|[silent]
|upkeep
|turn|10
|
|t:|1785294605
|move|p1b: Kommo-o|Vacuum Wave|p2a: Floette
|-resisted|p2a: Floette|1
|-damage|p2a: Floette|35/100
|-damage|p1b: Kommo-o|66/100|[from] item: Life Orb
|move|p2a: Floette|Draining Kiss|p1b: Kommo-o
|-supereffective|p1b: Kommo-o|2
|-damage|p1b: Kommo-o|0 fnt
|-heal|p2a: Floette|77/100|[from] drain|[of] p1b: Kommo-o
|faint|p1b: Kommo-o
|move|p1a: Gholdengo|Make It Rain|p2a: Floette
|-supereffective|p2a: Floette|1
|-damage|p2a: Floette|0 fnt
|-unboost|p1a: Gholdengo|spa|2
|faint|p2a: Floette
|
|win|is_katabo
|raw|is_katabo's rating: 1266 → 1291(+25 for winning)
|raw|CrawlingKingSnake's rating: 1268 → 1243(-25 for losing)
|l|☆CrawlingKingSnake
|player|p2|
