|j|☆breadconsumer124
|j|☆artyowls
|html|breadconsumer124artyowls    
|uhtml|bestof|Game 2 of a best-of-3
|t:|1756815621
|gametype|doubles
|player|p1|breadconsumer124|169|1062
|player|p2|artyowls|plasmagrunt|1036
|gen|9
|tier|[Gen 9] VGC 2025 Reg H (Bo3)
|rated|
|rule|Species Clause: Limit one of each Pokémon
|rule|Item Clause: Limit 1 of each item
|clearpoke
|poke|p1|Farigiraf, L50, F|
|poke|p1|Ursaluna, L50, F|
|poke|p1|Whimsicott, L50, F|
|poke|p1|Incineroar, L50, F|
|poke|p1|Annihilape, L50, F|
|poke|p1|Archaludon, L50, M|
|poke|p2|Incineroar, L50, F|
|poke|p2|Rillaboom, L50, M|
|poke|p2|Gholdengo, L50|
|poke|p2|Electabuzz, L50, F|
|poke|p2|Dragonite, L50, M|
|poke|p2|Volcarona, L50, M|
|teampreview|4
|showteam|p1|Farigiraf||ThroatSpray|ArmorTail|HyperVoice,Psychic,TrickRoom,Protect|||F|||50|,,,,,Grass]Ursaluna||FlameOrb|Guts|Facade,HeadlongRush,Earthquake,Protect|||F|||50|,,,,,Ghost]Whimsicott||CovertCloak|Prankster|Moonblast,Tailwind,BeatUp,LightScreen|||F|||50|,,,,,Dark]Incineroar||SafetyGoggles|Intimidate|FlareBlitz,KnockOff,FakeOut,Uturn|||F|||50|,,,,,Bug]Annihilape||AssaultVest|Defiant|DrainPunch,RageFist,CloseCombat,FinalGambit|||F|||50|,,,,,Water]Archaludon||PowerHerb|Stalwart|ElectroShot,Thunderbolt,DragonPulse,Protect|||M|||50|,,,,,Electric
|showteam|p2|Incineroar||SafetyGoggles|Intimidate|FakeOut,KnockOff,PartingShot,FlareBlitz|||F|||50|,,,,,Ghost]Rillaboom||AssaultVest|GrassySurge|GrassyGlide,FakeOut,WoodHammer,HighHorsepower|||M|||50|,,,,,Fire]Gholdengo||LifeOrb|GoodasGold|MakeItRain,ShadowBall,Protect,NastyPlot||||||50|,,,,,Water]Electabuzz||Eviolite|VitalSpirit|FollowMe,Protect,Taunt,Electroweb|||F|||50|,,,,,Ghost]Dragonite||LoadedDice|Multiscale|ScaleShot,Protect,Haze,ExtremeSpeed|||M|||50|,,,,,Normal]Volcarona||RockyHelmet|FlameBody|StruggleBug,RagePowder,FieryDance,WillOWisp|||M|||50|,,,,,Water
|inactive|Battle timer is ON: inactive players will automatically lose when time's up. (requested by breadconsumer124)
|
|t:|1756815651
|teamsize|p1|4
|teamsize|p2|4
|start
|switch|p1a: Annihilape|Annihilape, L50, F|100/100
|switch|p1b: Archaludon|Archaludon, L50, M|100/100
|switch|p2a: Volcarona|Volcarona, L50, M|100/100
|switch|p2b: Dragonite|Dragonite, L50, M|100/100
|turn|1
|inactive|artyowls has 30 seconds left.
|
|t:|1756815678
|move|p2b: Dragonite|Protect|p2b: Dragonite
|-singleturn|p2b: Dragonite|Protect
|move|p1a: Annihilape|Final Gambit|p2a: Volcarona
|-damage|p2a: Volcarona|0 fnt
|faint|p1a: Annihilape
|faint|p2a: Volcarona
|move|p1b: Archaludon|Electro Shot||[still]
|-prepare|p1b: Archaludon|Electro Shot
|-boost|p1b: Archaludon|spa|1
|-enditem|p1b: Archaludon|Power Herb
|-anim|p1b: Archaludon|Electro Shot|p2b: Dragonite
|-activate|p2b: Dragonite|move: Protect
|
|upkeep
|
|t:|1756815694
|switch|p1a: Incineroar|Incineroar, L50, F|100/100
|switch|p2a: Gholdengo|Gholdengo, L50|100/100
|-ability|p1a: Incineroar|Intimidate|boost
|-unboost|p2a: Gholdengo|atk|1
|-unboost|p2b: Dragonite|atk|1
|turn|2
|inactive|artyowls has 30 seconds left.
|inactive|artyowls has 20 seconds left.
|
|t:|1756815731
|move|p2a: Gholdengo|Protect|p2a: Gholdengo
|-singleturn|p2a: Gholdengo|Protect
|move|p1b: Archaludon|Dragon Pulse|p2b: Dragonite
|-supereffective|p2b: Dragonite
|-damage|p2b: Dragonite|34/100
|move|p2b: Dragonite|Haze|p2b: Dragonite
|-clearallboost
|move|p1a: Incineroar|Knock Off|p2a: Gholdengo
|-activate|p2a: Gholdengo|move: Protect
|
|upkeep
|turn|3
|inactive|breadconsumer124 has 30 seconds left.
|inactive|artyowls has 30 seconds left.
|inactive|artyowls has 20 seconds left.
|inactive|artyowls has 15 seconds left.
|
|t:|1756815776
|switch|p2a: Rillaboom|Rillaboom, L50, M|100/100
|-fieldstart|move: Grassy Terrain|[from] ability: Grassy Surge|[of] p2a: Rillaboom
|move|p1b: Archaludon|Protect|p1b: Archaludon
|-singleturn|p1b: Archaludon|Protect
|move|p2b: Dragonite|Extreme Speed|p1a: Incineroar
|-damage|p1a: Incineroar|71/100
|move|p1a: Incineroar|U-turn|p2a: Rillaboom
|-supereffective|p2a: Rillaboom
|-damage|p2a: Rillaboom|58/100
|
|t:|1756815781
|switch|p1a: Whimsicott|Whimsicott, L50, F|100/100|[from] U-turn
|
|-heal|p2a: Rillaboom|64/100|[from] Grassy Terrain
|upkeep
|turn|4
|
|t:|1756815795
|move|p2a: Rillaboom|Fake Out|p1b: Archaludon
|-resisted|p1b: Archaludon
|-damage|p1b: Archaludon|96/100
|move|p1a: Whimsicott|Moonblast|p2b: Dragonite
|-supereffective|p2b: Dragonite
|-damage|p2b: Dragonite|0 fnt
|faint|p2b: Dragonite
|cant|p1b: Archaludon|flinch
|
|-heal|p1b: Archaludon|100/100|[from] Grassy Terrain
|-heal|p2a: Rillaboom|70/100|[from] Grassy Terrain
|upkeep
|
|t:|1756815804
|switch|p2b: Gholdengo|Gholdengo, L50|100/100
|turn|5
|inactive|artyowls has 30 seconds left.
|
|t:|1756815838
|move|p1b: Archaludon|Protect|p1b: Archaludon
|-singleturn|p1b: Archaludon|Protect
|move|p1a: Whimsicott|Tailwind|p1a: Whimsicott
|-sidestart|p1: breadconsumer124|move: Tailwind
|move|p2b: Gholdengo|Nasty Plot|p2b: Gholdengo
|-boost|p2b: Gholdengo|spa|2
|move|p2a: Rillaboom|High Horsepower|p1b: Archaludon
|-activate|p1b: Archaludon|move: Protect
|
|-heal|p2a: Rillaboom|75/100|[from] Grassy Terrain
|upkeep
|turn|6
|inactive|breadconsumer124 has 30 seconds left.
|inactive|artyowls has 30 seconds left.
|
|t:|1756815873
|move|p1a: Whimsicott|Moonblast|p2b: Gholdengo
|-resisted|p2b: Gholdengo
|-damage|p2b: Gholdengo|84/100
|move|p1b: Archaludon|Thunderbolt|p2b: Gholdengo
|-crit|p2b: Gholdengo
|-damage|p2b: Gholdengo|23/100
|move|p2b: Gholdengo|Make It Rain|p1b: Archaludon|[spread] p1a,p1b
|-supereffective|p1a: Whimsicott
|-resisted|p1b: Archaludon
|-damage|p1a: Whimsicott|0 fnt
|-damage|p1b: Archaludon|10/100
|-unboost|p2b: Gholdengo|spa|1
|faint|p1a: Whimsicott
|-damage|p2b: Gholdengo|13/100|[from] item: Life Orb
|move|p2a: Rillaboom|Wood Hammer|p1b: Archaludon
|-resisted|p1b: Archaludon
|-damage|p1b: Archaludon|0 fnt
|faint|p1b: Archaludon
|-damage|p2a: Rillaboom|72/100|[from] Recoil
|
|-heal|p2b: Gholdengo|20/100|[from] Grassy Terrain
|-heal|p2a: Rillaboom|78/100|[from] Grassy Terrain
|upkeep
|
|t:|1756815882
|switch|p1b: Incineroar|Incineroar, L50, F|71/100
|-ability|p1b: Incineroar|Intimidate|boost
|-unboost|p2a: Rillaboom|atk|1
|-unboost|p2b: Gholdengo|atk|1
|turn|7
|inactive|artyowls has 30 seconds left.
|inactive|artyowls has 20 seconds left.
|
|t:|1756815919
|-terastallize|p1b: Incineroar|Bug
|-terastallize|p2a: Rillaboom|Fire
|move|p1b: Incineroar|Knock Off|p2b: Gholdengo
|-supereffective|p2b: Gholdengo
|-damage|p2b: Gholdengo|0 fnt
|-enditem|p2b: Gholdengo|Life Orb|[from] move: Knock Off|[of] p1b: Incineroar
|faint|p2b: Gholdengo
|move|p2a: Rillaboom|High Horsepower|p1b: Incineroar
|-resisted|p1b: Incineroar
|-damage|p1b: Incineroar|61/100
|
|-heal|p1b: Incineroar|67/100|[from] Grassy Terrain
|-heal|p2a: Rillaboom|84/100|[from] Grassy Terrain
|-fieldend|move: Grassy Terrain
|upkeep
|turn|8
|
|t:|1756815940
|move|p1b: Incineroar|Knock Off|p2a: Rillaboom
|-damage|p2a: Rillaboom|44/100
|-enditem|p2a: Rillaboom|Assault Vest|[from] move: Knock Off|[of] p1b: Incineroar
|move|p2a: Rillaboom|Wood Hammer|p1b: Incineroar
|-resisted|p1b: Incineroar
|-damage|p1b: Incineroar|50/100
|-damage|p2a: Rillaboom|39/100|[from] Recoil
|
|-sideend|p1: breadconsumer124|move: Tailwind
|upkeep
|turn|9
|
|t:|1756815956
|move|p2a: Rillaboom|High Horsepower|p1b: Incineroar|[miss]
|-miss|p2a: Rillaboom|p1b: Incineroar
|move|p1b: Incineroar|Knock Off|p2a: Rillaboom
|-damage|p2a: Rillaboom|8/100
|
|upkeep
|turn|10
|
|t:|1756815959
|move|p2a: Rillaboom|High Horsepower|p1b: Incineroar
|-resisted|p1b: Incineroar
|-damage|p1b: Incineroar|39/100
|move|p1b: Incineroar|Knock Off|p2a: Rillaboom
|-damage|p2a: Rillaboom|0 fnt
|faint|p2a: Rillaboom
|
|win|breadconsumer124
|raw|breadconsumer124's rating: 1062 → 1090(+28 for winning)
|raw|artyowls's rating: 1036 → 1022(-14 for losing)
|l|☆breadconsumer124
|player|p1|
|l|☆artyowls
|player|p2|
|j|☆artyowls
|player|p2|artyowls|plasmagrunt|
