|j|☆mygreat
|j|☆MEGA FRAUD
|html|mygreatMEGA FRAUD    
|uhtml|bestof|Game 1 of a best-of-3
|t:|1785323601
|gametype|doubles
|player|p1|mygreat|lance|1393
|player|p2|MEGA FRAUD|266|1346
|gen|9
|tier|[Gen 9 Champions] VGC 2026 Reg M-B (Bo3)
|rated|
|rule|Species Clause: Limit one of each Pokémon
|rule|Item Clause: Limit 1 of each item
|clearpoke
|poke|p1|Scovillain, L50, F|
|poke|p1|Gholdengo, L50|
|poke|p1|Dragonite, L50, F|
|poke|p1|Sylveon, L50, M|
|poke|p1|Mudsdale, L50, F|
|poke|p1|Farigiraf, L50, F|
|poke|p2|Tyranitar, L50, M|
|poke|p2|Excadrill, L50, F|
|poke|p2|Milotic, L50, F|
|poke|p2|Sinistcha, L50|
|poke|p2|Staraptor, L50, F|
|poke|p2|Gholdengo, L50|
|teampreview|4
|showteam|p1|Scovillain||Scovillainite|Moody|Overheat,LeechSeed,RagePowder,Protect|Bold||F|||50|]Gholdengo||LifeOrb|GoodasGold|MakeItRain,ShadowBall,PowerGem,Protect|Modest|||||50|]Dragonite||DragonFang|Multiscale|DragonClaw,LowKick,Haze,Tailwind|Adamant||F|||50|]Sylveon||FairyFeather|Pixilate|HyperVoice,HyperBeam,Yawn,Protect|Modest||M|||50|]Mudsdale||ChestoBerry|InnerFocus|RockSlide,Earthquake,Curse,Rest|Brave||F|||50|]Farigiraf||SitrusBerry|ArmorTail|Thunderbolt,TwinBeam,TrickRoom,HelpingHand|Bold||F|||50|
|showteam|p2|Tyranitar||Tyranitarite|SandStream|KnockOff,RockSlide,LowKick,Protect|Jolly||M|||50|]Excadrill||FocusSash|SandRush|HighHorsepower,IronHead,RockSlide,Protect|Adamant||F|||50|]Milotic||SitrusBerry|Competitive|Scald,IcyWind,IceBeam,Protect|Calm||F|||50|]Sinistcha||ColburBerry|Hospitality|MatchaGotcha,ShadowBall,Protect,RagePowder|Bold|||||50|]Staraptor||Staraptite|Intimidate|CloseCombat,BraveBird,Tailwind,Protect|Jolly||F|||50|]Gholdengo||LifeOrb|GoodasGold|MakeItRain,ShadowBall,NastyPlot,Protect|Modest|||||50|
|inactive|Battle timer is ON: inactive players will automatically lose when time's up. (requested by mygreat)
|inactive|MEGA FRAUD has 60 seconds left.
|
|t:|1785323650
|teamsize|p1|4
|teamsize|p2|4
|start
|switch|p1a: Scovillain|Scovillain, L50, F|100/100
|switch|p1b: Mudsdale|Mudsdale, L50, F|100/100
|switch|p2a: Tyranitar|Tyranitar, L50, M|100/100
|switch|p2b: Gholdengo|Gholdengo, L50|100/100
|-weather|Sandstorm|[from] ability: Sand Stream|[of] p2a: Tyranitar
|turn|1
|
|t:|1785323664
|switch|p2b: Milotic|Milotic, L50, F|100/100
|detailschange|p2a: Tyranitar|Tyranitar-Mega, L50, M
|-mega|p2a: Tyranitar|Tyranitar|Tyranitarite
|detailschange|p1a: Scovillain|Scovillain-Mega, L50, F
|-mega|p1a: Scovillain|Scovillain|Scovillainite
|move|p2a: Tyranitar|Rock Slide|p1b: Mudsdale|[spread] p1a,p1b
|-supereffective|p1a: Scovillain|1
|-resisted|p1b: Mudsdale|1
|-damage|p1a: Scovillain|36/100
|-damage|p1b: Mudsdale|84/100
|-status|p2a: Tyranitar|brn|[from] ability: Spicy Spray|[of] p1a: Scovillain
|move|p1a: Scovillain|Overheat|p2b: Milotic
|-resisted|p2b: Milotic|1
|-damage|p2b: Milotic|79/100
|-unboost|p1a: Scovillain|spa|2
|move|p1b: Mudsdale|Curse|p1b: Mudsdale
|-unboost|p1b: Mudsdale|spe|1
|-boost|p1b: Mudsdale|atk|1
|-boost|p1b: Mudsdale|def|1
|
|-weather|Sandstorm|[upkeep]
|-damage|p2b: Milotic|73/100|[from] Sandstorm
|-damage|p1a: Scovillain|30/100|[from] Sandstorm
|-damage|p2a: Tyranitar|93/100 brn|[from] brn
|upkeep
|turn|2
|
|t:|1785323687
|switch|p1a: Dragonite|Dragonite, L50, F|100/100
|move|p2a: Tyranitar|Rock Slide|p1b: Mudsdale|[spread] p1a,p1b
|-supereffective|p1a: Dragonite|1
|-resisted|p1b: Mudsdale|1
|-damage|p1a: Dragonite|83/100
|-damage|p1b: Mudsdale|80/100
|move|p2b: Milotic|Scald|p1b: Mudsdale
|-supereffective|p1b: Mudsdale|1
|-damage|p1b: Mudsdale|24/100
|move|p1b: Mudsdale|Earthquake|p2b: Milotic|[spread] p2a,p2b
|-immune|p1a: Dragonite
|-supereffective|p2a: Tyranitar|1
|-damage|p2a: Tyranitar|11/100 brn
|-damage|p2b: Milotic|13/100
|-enditem|p2b: Milotic|Sitrus Berry|[eat]
|-heal|p2b: Milotic|38/100|[from] item: Sitrus Berry
|
|-weather|Sandstorm|[upkeep]
|-damage|p2b: Milotic|32/100|[from] Sandstorm
|-damage|p1a: Dragonite|77/100|[from] Sandstorm
|-damage|p2a: Tyranitar|5/100 brn|[from] brn
|upkeep
|turn|3
|inactive|MEGA FRAUD has 30 seconds left.
|
|t:|1785323716
|switch|p2a: Sinistcha|Sinistcha, L50|100/100
|-heal|p2b: Milotic|57/100|[from] ability: Hospitality|[of] p2a: Sinistcha
|switch|p1a: Scovillain|Scovillain-Mega, L50, F|30/100
|move|p2b: Milotic|Icy Wind|p1b: Mudsdale|[spread] p1a,p1b
|-supereffective|p1b: Mudsdale|1
|-damage|p1a: Scovillain|19/100
|-damage|p1b: Mudsdale|5/100
|-unboost|p1a: Scovillain|spe|1
|-unboost|p1b: Mudsdale|spe|1
|-status|p2b: Milotic|brn|[from] ability: Spicy Spray|[of] p1a: Scovillain
|move|p1b: Mudsdale|Rest|p1b: Mudsdale
|-status|p1b: Mudsdale|slp|[from] move: Rest
|-heal|p1b: Mudsdale|100/100 slp|[silent]
|-enditem|p1b: Mudsdale|Chesto Berry|[eat]
|-curestatus|p1b: Mudsdale|slp|[msg]
|
|-weather|Sandstorm|[upkeep]
|-damage|p2b: Milotic|51/100 brn|[from] Sandstorm
|-damage|p2a: Sinistcha|94/100|[from] Sandstorm
|-damage|p1a: Scovillain|13/100|[from] Sandstorm
|-damage|p2b: Milotic|45/100 brn|[from] brn
|upkeep
|turn|4
|
|t:|1785323734
|move|p2b: Milotic|Scald|p1a: Scovillain
|-crit|p1a: Scovillain
|-damage|p1a: Scovillain|0 fnt
|faint|p1a: Scovillain
|move|p2a: Sinistcha|Matcha Gotcha|p1b: Mudsdale
|-supereffective|p1b: Mudsdale|1
|-damage|p1b: Mudsdale|38/100
|-heal|p2a: Sinistcha|100/100|[from] drain|[of] p1b: Mudsdale
|move|p1b: Mudsdale|Rock Slide|p2b: Milotic|[spread] p2a,p2b
|-damage|p2a: Sinistcha|74/100
|-damage|p2b: Milotic|17/100 brn
|
|-weather|Sandstorm|[upkeep]
|-damage|p2b: Milotic|11/100 brn|[from] Sandstorm
|-damage|p2a: Sinistcha|69/100|[from] Sandstorm
|-damage|p2b: Milotic|5/100 brn|[from] brn
|upkeep
|
|t:|1785323745
|switch|p1a: Gholdengo|Gholdengo, L50|100/100
|turn|5
|
|t:|1785323760
|move|p2a: Sinistcha|Protect|p2a: Sinistcha
|-singleturn|p2a: Sinistcha|Protect
|move|p1a: Gholdengo|Shadow Ball|p2a: Sinistcha
|-activate|p2a: Sinistcha|move: Protect
|move|p2b: Milotic|Icy Wind|p1a: Gholdengo|[spread] p1a,p1b
|-resisted|p1a: Gholdengo|1
|-supereffective|p1b: Mudsdale|1
|-damage|p1a: Gholdengo|94/100
|-damage|p1b: Mudsdale|20/100y
|-unboost|p1a: Gholdengo|spe|1
|-unboost|p1b: Mudsdale|spe|1
|move|p1b: Mudsdale|Rest|p1b: Mudsdale
|-status|p1b: Mudsdale|slp|[from] move: Rest
|-heal|p1b: Mudsdale|100/100 slp|[silent]
|
|-weather|none
|-damage|p2b: Milotic|0 fnt|[from] brn
|faint|p2b: Milotic
|upkeep
|
|t:|1785323768
|switch|p2b: Gholdengo|Gholdengo, L50|100/100
|turn|6
|
|t:|1785323773
|move|p2b: Gholdengo|Shadow Ball|p1a: Gholdengo
|-supereffective|p1a: Gholdengo|1
|-damage|p1a: Gholdengo|0 fnt
|faint|p1a: Gholdengo
|-damage|p2b: Gholdengo|90/100|[from] item: Life Orb
|move|p2a: Sinistcha|Matcha Gotcha|p1b: Mudsdale
|-supereffective|p1b: Mudsdale|1
|-damage|p1b: Mudsdale|35/100 slp
|-heal|p2a: Sinistcha|100/100|[from] drain|[of] p1b: Mudsdale
|cant|p1b: Mudsdale|slp
|
|upkeep
|
|t:|1785323776
|switch|p1a: Dragonite|Dragonite, L50, F|77/100
|turn|7
|-message|mygreat forfeited.
|
|win|MEGA FRAUD
|l|☆mygreat
|player|p1|
||mygreat is ready for game 2.
||MEGA FRAUD is ready for game 2.
|uhtml|next|Next: Game 2 of 3
