|j|☆lettitripppp
|j|☆auraltamer
|html|lettitrippppauraltamer    
|uhtml|bestof|Game 2 of a best-of-3
|t:|1783734342
|gametype|doubles
|player|p1|lettitripppp|lucas|1234
|player|p2|auraltamer|169|1157
|gen|9
|tier|[Gen 9 Champions] VGC 2026 Reg M-B (Bo3)
|rated|
|rule|Species Clause: Limit one of each Pokémon
|rule|Item Clause: Limit 1 of each item
|clearpoke
|poke|p1|Blastoise, L50, M|
|poke|p1|Delphox, L50, M|
|poke|p1|Incineroar, L50, F|
|poke|p1|Sinistcha, L50, shiny|
|poke|p1|Sneasler, L50, M, shiny|
|poke|p1|Kingambit, L50, F, shiny|
|poke|p2|Scrafty, L50, M|
|poke|p2|Ceruledge, L50, M|
|poke|p2|Sinistcha-Masterpiece, L50|
|poke|p2|Milotic, L50, F|
|poke|p2|Incineroar, L50, F|
|poke|p2|Raichu, L50, F|
|teampreview|4
|showteam|p1|Blastoise||Blastoisinite|RainDish|WaterSpout,ShellSmash,DarkPulse,Protect|Modest||M|||50|]Delphox||Delphoxite|Blaze|HeatWave,NastyPlot,Psyshock,Protect|Timid||M|||50|]Incineroar||PasshoBerry|Intimidate|HelpingHand,PartingShot,FlareBlitz,FakeOut|Careful||F|||50|]Sinistcha||SitrusBerry|Hospitality|MatchaGotcha,RagePowder,TrickRoom,Protect|Bold|||||50|]Sneasler||FocusSash|PoisonTouch|CloseCombat,QuickGuard,DireClaw,FakeOut|Jolly||M|||50|]Kingambit||BlackGlasses|Defiant|KowtowCleave,SwordsDance,SuckerPunch,Protect|Adamant||F|||50|
|showteam|p2|Scrafty||Scraftinite|Intimidate|CloseCombat,KnockOff,FakeOut,IcePunch|Brave||M|||50|]Ceruledge||ColburBerry|FlashFire|BitterBlade,ShadowSneak,BulkUp,Protect|Careful||M|||50|]Sinistcha-Masterpiece||BrightPowder|Hospitality|MatchaGotcha,TrickRoom,RagePowder,Protect|Calm|||||50|]Milotic||Leftovers|MarvelScale|MuddyWater,Coil,Hypnosis,Protect|Calm||F|||50|]Incineroar||SitrusBerry|Intimidate|FlareBlitz,ThroatChop,PartingShot,FakeOut|Impish||F|||50|]Raichu||RaichuniteY|LightningRod|ZapCannon,FocusBlast,FakeOut,Protect|Hasty||F|||50|
|inactive|Battle timer is ON: inactive players will automatically lose when time's up. (requested by lettitripppp)
|
|t:|1783734362
|teamsize|p1|4
|teamsize|p2|4
|start
|switch|p1a: LET IT RAIN BIH|Blastoise, L50, M|100/100
|switch|p1b: ASKIN|Sneasler, L50, M, shiny|100/100
|switch|p2a: Sinistcha|Sinistcha-Masterpiece, L50|100/100
|switch|p2b: Raichu|Raichu, L50, F|100/100
|turn|1
|
|t:|1783734376
|detailschange|p2b: Raichu|Raichu-Mega-Y, L50, F
|-mega|p2b: Raichu|Raichu|Raichunite Y
|detailschange|p1a: LET IT RAIN BIH|Blastoise-Mega, L50, M
|-mega|p1a: LET IT RAIN BIH|Blastoise|Blastoisinite
|move|p1b: ASKIN|Fake Out|p2b: Raichu
|-damage|p2b: Raichu|65/100
|cant|p2b: Raichu|flinch
|move|p1a: LET IT RAIN BIH|Dark Pulse|p2a: Sinistcha
|-supereffective|p2a: Sinistcha|1
|-damage|p2a: Sinistcha|19/100
|move|p2a: Sinistcha|Trick Room|p2a: Sinistcha
|-fieldstart|move: Trick Room|[of] p2a: Sinistcha
|
|upkeep
|turn|2
|
|t:|1783734396
|switch|p1a: AOI TODO|Incineroar, L50, F|100/100
|-ability|p1a: AOI TODO|Intimidate|boost
|-unboost|p2a: Sinistcha|atk|1
|-unboost|p2b: Raichu|atk|1
|switch|p2b: Scrafty|Scrafty, L50, M|100/100
|-ability|p2b: Scrafty|Intimidate|boost
|-unboost|p1a: AOI TODO|atk|1
|-unboost|p1b: ASKIN|atk|1
|move|p2a: Sinistcha|Protect|p2a: Sinistcha
|-singleturn|p2a: Sinistcha|Protect
|move|p1b: ASKIN|Dire Claw|p2a: Sinistcha
|-activate|p2a: Sinistcha|move: Protect
|
|upkeep
|turn|3
|
|t:|1783734417
|switch|p2a: Milotic|Milotic, L50, F|100/100
|move|p2b: Scrafty|Close Combat|p1a: AOI TODO
|-supereffective|p1a: AOI TODO|1
|-damage|p1a: AOI TODO|9/100
|-unboost|p2b: Scrafty|def|1
|-unboost|p2b: Scrafty|spd|1
|move|p1a: AOI TODO|Flare Blitz|p2a: Milotic
|-resisted|p2a: Milotic|1
|-damage|p2a: Milotic|83/100
|-damage|p1a: AOI TODO|4/100|[from] Recoil
|move|p1b: ASKIN|Dire Claw|p2a: Milotic
|-damage|p2a: Milotic|54/100
|
|-heal|p2a: Milotic|60/100|[from] item: Leftovers
|upkeep
|turn|4
|
|t:|1783734435
|move|p1a: AOI TODO|Helping Hand|p1b: ASKIN
|-singleturn|p1b: ASKIN|Helping Hand|[of] p1a: AOI TODO
|move|p2b: Scrafty|Knock Off|p1b: ASKIN
|-resisted|p1b: ASKIN|1
|-damage|p1b: ASKIN|59/100
|-enditem|p1b: ASKIN|Focus Sash|[from] move: Knock Off|[of] p2b: Scrafty
|move|p2a: Milotic|Muddy Water|p1a: AOI TODO|[spread] p1a,p1b
|-supereffective|p1a: AOI TODO|1
|-enditem|p1a: AOI TODO|Passho Berry|[eat]
|-enditem|p1a: AOI TODO|Passho Berry|[weaken]
|-damage|p1a: AOI TODO|0 fnt
|-damage|p1b: ASKIN|29/100
|faint|p1a: AOI TODO
|move|p1b: ASKIN|Close Combat|p2a: Milotic
|-damage|p2a: Milotic|0 fnt
|-unboost|p1b: ASKIN|def|1
|-unboost|p1b: ASKIN|spd|1
|faint|p2a: Milotic
|
|upkeep
|
|t:|1783734451
|switch|p1a: HEALROOM|Sinistcha, L50, shiny|100/100
|switch|p2a: Sinistcha|Sinistcha-Masterpiece, L50|19/100
|-heal|p1b: ASKIN|54/100|[from] ability: Hospitality|[of] p1a: HEALROOM
|turn|5
|
|t:|1783734457
|move|p2b: Scrafty|Knock Off|p1a: HEALROOM
|-supereffective|p1a: HEALROOM|1
|-damage|p1a: HEALROOM|25/100
|-enditem|p1a: HEALROOM|Sitrus Berry|[from] move: Knock Off|[of] p2b: Scrafty
|move|p1a: HEALROOM|Matcha Gotcha|p2a: Sinistcha|[spread] p2a,p2b
|-resisted|p2a: Sinistcha|1
|-damage|p2a: Sinistcha|9/100
|-heal|p1a: HEALROOM|30/100|[from] drain|[of] p2a: Sinistcha
|-damage|p2b: Scrafty|65/100
|-heal|p1a: HEALROOM|47/100|[from] drain|[of] p2b: Scrafty
|-status|p2b: Scrafty|brn
|move|p2a: Sinistcha|Matcha Gotcha|p1b: ASKIN|[spread] p1a,p1b
|-resisted|p1a: HEALROOM|1
|-resisted|p1b: ASKIN|1
|-damage|p1a: HEALROOM|35/100
|-heal|p2a: Sinistcha|15/100|[from] drain|[of] p1a: HEALROOM
|-damage|p1b: ASKIN|26/100
|-heal|p2a: Sinistcha|28/100|[from] drain|[of] p1b: ASKIN
|-status|p1a: HEALROOM|brn
|move|p1b: ASKIN|Close Combat|p2b: Scrafty
|-supereffective|p2b: Scrafty|1
|-damage|p2b: Scrafty|0 fnt
|-unboost|p1b: ASKIN|def|1
|-unboost|p1b: ASKIN|spd|1
|faint|p2b: Scrafty
|
|-damage|p1a: HEALROOM|29/100 brn|[from] brn
|-fieldend|move: Trick Room
|upkeep
|
|t:|1783734478
|switch|p2b: Raichu|Raichu-Mega-Y, L50, F|65/100
|turn|6
|
|t:|1783734485
|move|p2b: Raichu|Fake Out|p1b: ASKIN
|-damage|p1b: ASKIN|0 fnt
|faint|p1b: ASKIN
|move|p1a: HEALROOM|Matcha Gotcha|p2a: Sinistcha|[spread] p2a,p2b
|-resisted|p2a: Sinistcha|1
|-damage|p2a: Sinistcha|17/100
|-heal|p1a: HEALROOM|34/100 brn|[from] drain|[of] p2a: Sinistcha
|-damage|p2b: Raichu|25/100
|-heal|p1a: HEALROOM|50/100y brn|[from] drain|[of] p2b: Raichu
|-status|p2a: Sinistcha|brn
|-status|p2b: Raichu|brn
|move|p2a: Sinistcha|Matcha Gotcha|p1a: HEALROOM
|-resisted|p1a: HEALROOM|1
|-damage|p1a: HEALROOM|35/100 brn
|-heal|p2a: Sinistcha|25/100 brn|[from] drain|[of] p1a: HEALROOM
|
|-damage|p2b: Raichu|19/100 brn|[from] brn
|-damage|p1a: HEALROOM|29/100 brn|[from] brn
|-damage|p2a: Sinistcha|19/100 brn|[from] brn
|upkeep
|
|t:|1783734499
|switch|p1b: LET IT RAIN BIH|Blastoise-Mega, L50, M|100/100
|turn|7
|
|t:|1783734512
|move|p2a: Sinistcha|Protect|p2a: Sinistcha
|-singleturn|p2a: Sinistcha|Protect
|move|p1a: HEALROOM|Rage Powder|p1a: HEALROOM
|-singleturn|p1a: HEALROOM|move: Rage Powder
|move|p2b: Raichu|Zap Cannon|p1a: HEALROOM
|-resisted|p1a: HEALROOM|1
|-damage|p1a: HEALROOM|0 fnt
|faint|p1a: HEALROOM
|move|p1b: LET IT RAIN BIH|Water Spout|p2a: Sinistcha|[spread] p2b
|-activate|p2a: Sinistcha|move: Protect
|-damage|p2b: Raichu|0 fnt
|faint|p2b: Raichu
|
|-damage|p2a: Sinistcha|12/100 brn|[from] brn
|upkeep
|turn|8
|
|t:|1783734527
|move|p1b: LET IT RAIN BIH|Water Spout|p2a: Sinistcha
|-resisted|p2a: Sinistcha|1
|-damage|p2a: Sinistcha|0 fnt
|faint|p2a: Sinistcha
|
|win|lettitripppp
|raw|lettitripppp's rating: 1234 → 1254(+20 for winning)
|raw|auraltamer's rating: 1157 → 1137(-20 for losing)
