|j|☆rycully
|j|☆lexerthanatauros
|html|rycullylexerthanatauros    
|uhtml|bestof|Game 2 of a best-of-3
|t:|1783551309
|gametype|doubles
|player|p1|rycully|morty|1039
|player|p2|lexerthanatauros|lucas|1086
|gen|9
|tier|[Gen 9 Champions] VGC 2026 Reg M-B (Bo3)
|rated|
|rule|Species Clause: Limit one of each Pokémon
|rule|Item Clause: Limit 1 of each item
|clearpoke
|poke|p1|Grimmsnarl, L50, M|
|poke|p1|Hydreigon, L50, M|
|poke|p1|Garchomp, L50, M|
|poke|p1|Metagross, L50|
|poke|p1|Charizard, L50, F|
|poke|p1|Toxapex, L50, F|
|poke|p2|Greninja, L50, M|
|poke|p2|Ninetales-Alola, L50, M|
|poke|p2|Pelipper, L50, M|
|poke|p2|Tyranitar, L50, M|
|poke|p2|Tsareena, L50, F|
|poke|p2|Sneasler, L50, M|
|teampreview|4
|showteam|p1|Grimmsnarl||RoseliBerry|Prankster|FakeOut,FoulPlay,Reflect,PartingShot|Sassy||M|||50|]Hydreigon||ChoiceScarf|Levitate|DarkPulse,DracoMeteor,Snarl,HeatWave|Modest||M|||50|]Garchomp||SitrusBerry|RoughSkin|Earthquake,DragonClaw,RockSlide,Protect|Adamant||M|||50|]Metagross||Metagrossite|ClearBody|IronHead,BulletPunch,HammerArm,Protect|Adamant|||||50|]Charizard||CharizarditeY|Blaze|HeatWave,SolarBeam,WeatherBall,Protect|Timid||F|||50|]Toxapex||Leftovers|Regenerator|Infestation,Toxic,WideGuard,BanefulBunker|Impish||F|||50|
|showteam|p2|Greninja||Greninjite|Protean|WeatherBall,Blizzard,Protect,DarkPulse|Timid||M|||50|]Ninetales-Alola||LightClay|SnowWarning|AuroraVeil,Moonblast,IcyWind,HelpingHand|Timid||M|||50|]Pelipper||FocusSash|Drizzle|Tailwind,WeatherBall,Hurricane,Protect|Timid||M|||50|]Tyranitar||Tyranitarite|SandStream|RockSlide,KnockOff,LowKick,Protect|Adamant||M|||50|]Tsareena||WideLens|QueenlyMajesty|PowerWhip,TripleAxel,HelpingHand,Protect|Adamant||F|||50|]Sneasler||WhiteHerb|Unburden|CloseCombat,FakeOut,DireClaw,Protect|Jolly||M|||50|
|inactive|Battle timer is ON: inactive players will automatically lose when time's up. (requested by lexerthanatauros)
|
|t:|1783551333
|teamsize|p1|4
|teamsize|p2|4
|start
|switch|p1a: Grimmsnarl|Grimmsnarl, L50, M|100/100
|switch|p1b: Garchomp|Garchomp, L50, M|100/100
|switch|p2a: Greninja|Greninja, L50, M|100/100
|switch|p2b: Ninetales|Ninetales-Alola, L50, M|100/100
|-weather|Snowscape|[from] ability: Snow Warning|[of] p2b: Ninetales
|turn|1
|inactive|rycully has 30 seconds left.
|inactive|lexerthanatauros has 30 seconds left.
|inactive|rycully has 20 seconds left.
|inactive|rycully has 15 seconds left.
|
|t:|1783551376
|switch|p1b: Toxapex|Toxapex, L50, F|100/100
|move|p2a: Greninja|Protect|p2a: Greninja
|-start|p2a: Greninja|typechange|Normal|[from] ability: Protean
|-singleturn|p2a: Greninja|Protect
|move|p1a: Grimmsnarl|Fake Out|p2b: Ninetales
|-damage|p2b: Ninetales|91/100
|cant|p2b: Ninetales|flinch
|
|-weather|Snowscape|[upkeep]
|upkeep
|turn|2
|inactive|lexerthanatauros has 30 seconds left.
|inactive|lexerthanatauros has 20 seconds left.
|
|t:|1783551412
|detailschange|p2a: Greninja|Greninja-Mega, L50, M
|-mega|p2a: Greninja|Greninja|Greninjite
|move|p1a: Grimmsnarl|Parting Shot|p2a: Greninja
|-hint|Since gen 7, Dark is immune to Prankster moves.
|-immune|p2a: Greninja
|move|p2a: Greninja|Weather Ball|p1a: Grimmsnarl
|-start|p2a: Greninja|typechange|Ice|[from] ability: Protean
|-damage|p1a: Grimmsnarl|56/100
|move|p2b: Ninetales|Moonblast|p1a: Grimmsnarl
|-supereffective|p1a: Grimmsnarl|1
|-enditem|p1a: Grimmsnarl|Roseli Berry|[eat]
|-enditem|p1a: Grimmsnarl|Roseli Berry|[weaken]
|-damage|p1a: Grimmsnarl|31/100
|move|p1b: Toxapex|Infestation|p2b: Ninetales
|-resisted|p2b: Ninetales|1
|-damage|p2b: Ninetales|90/100
|-activate|p2b: Ninetales|move: Infestation|[of] p1b: Toxapex
|
|-weather|Snowscape|[upkeep]
|-damage|p2b: Ninetales|77/100|[from] move: Infestation|[partiallytrapped]
|upkeep
|turn|3
|
|t:|1783551432
|move|p1a: Grimmsnarl|Parting Shot|p2a: Greninja
|-unboost|p2a: Greninja|atk|1
|-unboost|p2a: Greninja|spa|1
|
|t:|1783551436
|switch|p1a: Charizard|Charizard, L50, F|100/100|[from] Parting Shot
|move|p2a: Greninja|Weather Ball|p1a: Charizard
|-damage|p1a: Charizard|57/100
|move|p2b: Ninetales|Aurora Veil|p2b: Ninetales
|-sidestart|p2: lexerthanatauros|move: Aurora Veil
|move|p1b: Toxapex|Toxic|p2b: Ninetales
|-status|p2b: Ninetales|tox
|
|-weather|Snowscape|[upkeep]
|-damage|p2b: Ninetales|71/100 tox|[from] psn
|-damage|p2b: Ninetales|59/100 tox|[from] move: Infestation|[partiallytrapped]
|upkeep
|turn|4
|
|t:|1783551457
|detailschange|p1a: Charizard|Charizard-Mega-Y, L50, F
|-mega|p1a: Charizard|Charizard|Charizardite Y
|-weather|SunnyDay|[from] ability: Drought|[of] p1a: Charizard
|move|p2a: Greninja|Protect|p2a: Greninja
|-singleturn|p2a: Greninja|Protect
|move|p1a: Charizard|Protect|p1a: Charizard
|-singleturn|p1a: Charizard|Protect
|move|p2b: Ninetales|Moonblast|p1a: Charizard
|-activate|p1a: Charizard|move: Protect
|move|p1b: Toxapex|Infestation|p2a: Greninja
|-activate|p2a: Greninja|move: Protect
|
|-weather|SunnyDay|[upkeep]
|-damage|p2b: Ninetales|47/100 tox|[from] psn
|-damage|p2b: Ninetales|35/100 tox|[from] move: Infestation|[partiallytrapped]
|upkeep
|turn|5
|
|t:|1783551473
|switch|p2a: Pelipper|Pelipper, L50, M|100/100
|-weather|RainDance|[from] ability: Drizzle|[of] p2a: Pelipper
|move|p1b: Toxapex|Wide Guard|p1b: Toxapex
|-singleturn|p1b: Toxapex|Wide Guard
|move|p2b: Ninetales|Icy Wind|p1b: Toxapex|[spread] 
|-activate|p1a: Charizard|move: Wide Guard
|-activate|p1b: Toxapex|move: Wide Guard
|move|p1a: Charizard|Heat Wave|p2b: Ninetales|[spread] p2a,p2b
|-resisted|p2a: Pelipper|1
|-supereffective|p2b: Ninetales|1
|-damage|p2a: Pelipper|89/100
|-damage|p2b: Ninetales|10/100 tox
|
|-weather|RainDance|[upkeep]
|-damage|p2b: Ninetales|0 fnt|[from] psn
|faint|p2b: Ninetales
|upkeep
|
|t:|1783551475
|switch|p2b: Greninja|Greninja-Mega, L50, M|100/100
|turn|6
|
|t:|1783551489
|move|p1a: Charizard|Protect|p1a: Charizard
|-singleturn|p1a: Charizard|Protect
|move|p2b: Greninja|Dark Pulse|p1b: Toxapex
|-start|p2b: Greninja|typechange|Dark|[from] ability: Protean
|-damage|p1b: Toxapex|68/100
|move|p2a: Pelipper|Hurricane|p1b: Toxapex
|-damage|p1b: Toxapex|32/100
|move|p1b: Toxapex|Infestation|p2a: Pelipper
|-resisted|p2a: Pelipper|1
|-damage|p2a: Pelipper|87/100
|-activate|p2a: Pelipper|move: Infestation|[of] p1b: Toxapex
|
|-weather|RainDance|[upkeep]
|-heal|p1b: Toxapex|38/100|[from] item: Leftovers
|-damage|p2a: Pelipper|75/100|[from] move: Infestation|[partiallytrapped]
|upkeep
|turn|7
|
|t:|1783551504
|switch|p1a: Grimmsnarl|Grimmsnarl, L50, M|31/100
|move|p1b: Toxapex|Baneful Bunker|p1b: Toxapex
|-singleturn|p1b: Toxapex|move: Protect
|move|p2b: Greninja|Weather Ball|p1a: Grimmsnarl
|-damage|p1a: Grimmsnarl|0 fnt
|faint|p1a: Grimmsnarl
|move|p2a: Pelipper|Hurricane|p1b: Toxapex
|-activate|p1b: Toxapex|move: Protect
|
|-weather|RainDance|[upkeep]
|-heal|p1b: Toxapex|43/100|[from] item: Leftovers
|-damage|p2a: Pelipper|62/100|[from] move: Infestation|[partiallytrapped]
|upkeep
|
|t:|1783551527
|switch|p1a: Garchomp|Garchomp, L50, M|100/100
|turn|8
|inactive|lexerthanatauros has 30 seconds left.
|
|t:|1783551553
|move|p2b: Greninja|Weather Ball|p1a: Garchomp
|-damage|p1a: Garchomp|53/100
|move|p1a: Garchomp|Rock Slide|p2b: Greninja|[spread] p2a,p2b
|-supereffective|p2a: Pelipper|1
|-damage|p2a: Pelipper|30/100
|-damage|p2b: Greninja|81/100
|move|p2a: Pelipper|Hurricane|p1a: Garchomp
|-damage|p1a: Garchomp|11/100
|-start|p1a: Garchomp|confusion
|-enditem|p1a: Garchomp|Sitrus Berry|[eat]
|-heal|p1a: Garchomp|36/100|[from] item: Sitrus Berry
|move|p1b: Toxapex|Toxic|p2b: Greninja
|-status|p2b: Greninja|tox
|
|-weather|RainDance|[upkeep]
|-heal|p1b: Toxapex|49/100|[from] item: Leftovers
|-damage|p2b: Greninja|75/100 tox|[from] psn
|-damage|p2a: Pelipper|18/100|[from] move: Infestation|[partiallytrapped]
|upkeep
|turn|9
|
|t:|1783551574
|-activate|p1a: Garchomp|confusion
|move|p1a: Garchomp|Protect|p1a: Garchomp
|-singleturn|p1a: Garchomp|Protect
|move|p1b: Toxapex|Baneful Bunker|p1b: Toxapex
|-singleturn|p1b: Toxapex|move: Protect
|move|p2b: Greninja|Dark Pulse|p1a: Garchomp
|-activate|p1a: Garchomp|move: Protect
|move|p2a: Pelipper|Hurricane|p1b: Toxapex
|-activate|p1b: Toxapex|move: Protect
|
|-weather|none
|-heal|p1b: Toxapex|55/100|[from] item: Leftovers
|-damage|p2b: Greninja|63/100 tox|[from] psn
|-damage|p2a: Pelipper|5/100|[from] move: Infestation|[partiallytrapped]
|upkeep
|turn|10
|inactive|rycully has 30 seconds left.
|
|t:|1783551602
|move|p2b: Greninja|Dark Pulse|p1a: Garchomp
|-crit|p1a: Garchomp
|-damage|p1a: Garchomp|0 fnt
|faint|p1a: Garchomp
|move|p2a: Pelipper|Hurricane|p1b: Toxapex
|-damage|p1b: Toxapex|22/100
|move|p1b: Toxapex|Infestation|p2b: Greninja
|-supereffective|p2b: Greninja|1
|-damage|p2b: Greninja|58/100 tox
|-activate|p2b: Greninja|move: Infestation|[of] p1b: Toxapex
|
|-heal|p1b: Toxapex|28/100|[from] item: Leftovers
|-damage|p2b: Greninja|40/100 tox|[from] psn
|-damage|p2b: Greninja|28/100 tox|[from] move: Infestation|[partiallytrapped]
|-damage|p2a: Pelipper|0 fnt|[from] move: Infestation|[partiallytrapped]
|faint|p2a: Pelipper
|-sideend|p2: lexerthanatauros|move: Aurora Veil
|upkeep
|
|t:|1783551616
|switch|p1a: Charizard|Charizard-Mega-Y, L50, F|57/100
|switch|p2a: Sneasler|Sneasler, L50, M|100/100
|-weather|SunnyDay|[from] ability: Drought|[of] p1a: Charizard
|turn|11
|
|t:|1783551634
|move|p1a: Charizard|Protect|p1a: Charizard
|-singleturn|p1a: Charizard|Protect
|move|p2a: Sneasler|Fake Out|p1a: Charizard
|-activate|p1a: Charizard|move: Protect
|move|p2b: Greninja|Dark Pulse|p1b: Toxapex
|-damage|p1b: Toxapex|0 fnt
|faint|p1b: Toxapex
|
|-weather|SunnyDay|[upkeep]
|-damage|p2b: Greninja|3/100 tox|[from] psn
|-end|p2b: Greninja|Infestation|[partiallytrapped]|[silent]
|upkeep
|turn|12
|
|t:|1783551644
|move|p1a: Charizard|Protect|p1a: Charizard
|-singleturn|p1a: Charizard|Protect
|move|p2b: Greninja|Dark Pulse|p1a: Charizard
|-activate|p1a: Charizard|move: Protect
|move|p2a: Sneasler|Dire Claw|p1a: Charizard
|-activate|p1a: Charizard|move: Protect
|
|-weather|SunnyDay|[upkeep]
|-damage|p2b: Greninja|0 fnt|[from] psn
|faint|p2b: Greninja
|upkeep
|turn|13
|
|t:|1783551669
|move|p2a: Sneasler|Protect|p2a: Sneasler
|-singleturn|p2a: Sneasler|Protect
|move|p1a: Charizard|Weather Ball|p2a: Sneasler
|-activate|p2a: Sneasler|move: Protect
|
|-weather|SunnyDay|[upkeep]
|upkeep
|turn|14
|
|t:|1783551679
|move|p2a: Sneasler|Dire Claw|p1a: Charizard
|-damage|p1a: Charizard|15/100
|move|p1a: Charizard|Weather Ball|p2a: Sneasler
|-damage|p2a: Sneasler|0 fnt
|faint|p2a: Sneasler
|
|win|rycully
|raw|rycully's rating: 1039 → 1078(+39 for winning)
|raw|lexerthanatauros's rating: 1086 → 1060(-26 for losing)
|c|☆rycully|gg!
