|j|☆Greninja11234
|j|☆Bad rain team guy
|html|Greninja11234Bad rain team guy    
|uhtml|bestof|Game 1 of a best-of-3
|t:|1757650050
|gametype|doubles
|player|p1|Greninja11234|2|1052
|player|p2|Bad rain team guy|elesa|1021
|gen|9
|tier|[Gen 9] VGC 2025 Reg H (Bo3)
|rated|
|rule|Species Clause: Limit one of each Pokémon
|rule|Item Clause: Limit 1 of each item
|clearpoke
|poke|p1|Garchomp, L50, M|
|poke|p1|Porygon-Z, L50|
|poke|p1|Braviary, L50, M|
|poke|p1|Milotic, L50, M|
|poke|p1|Lucario, L50, M|
|poke|p1|Eelektross, L50, F|
|poke|p2|Volcarona, L50, F|
|poke|p2|Rillaboom, L50, M|
|poke|p2|Electabuzz, L50, F|
|poke|p2|Dragonite, L50, F|
|poke|p2|Kingambit, L50, F|
|poke|p2|Sneasler, L50, F|
|teampreview|4
|showteam|p1|Garchomp||LifeOrb|RoughSkin|DragonClaw,Earthquake,Protect,SwordsDance|||M|||50|,,,,,Steel]Porygon-Z||ChoiceScarf|Analytic|DarkPulse,IceBeam,Thunderbolt,TeraBlast||||||50|,,,,,Ghost]Braviary||Leftovers|Defiant|BraveBird,Tailwind,Protect,DoubleEdge|||M|||50|,,,,,Normal]Milotic||SitrusBerry|Competitive|Scald,Haze,LifeDew,Protect|||M|||50|,,,,,Poison]Lucario||FocusSash|InnerFocus|MeteorMash,CloseCombat,Coaching,Protect|||M|||50|,,,,,Poison]Eelektross||AssaultVest|Levitate|Electroweb,Flamethrower,VoltSwitch,Discharge|||F|||50|,,,,,Electric
|showteam|p2|Volcarona||Leftovers|FlameBody|HeatWave,TeraBlast,QuiverDance,Protect|||F|||50|,,,,,Fairy]Rillaboom||AssaultVest|GrassySurge|WoodHammer,GrassyGlide,HighHorsepower,FakeOut|||M|||50|,,,,,Fire]Electabuzz||Eviolite|VitalSpirit|Thunderbolt,FollowMe,Taunt,Protect|||F|||50|,,,,,Ghost]Dragonite||LoadedDice|Multiscale|ScaleShot,ExtremeSpeed,Haze,Protect|||F|||50|,,,,,Steel]Kingambit||BlackGlasses|Defiant|KowtowCleave,SuckerPunch,SwordsDance,Protect|||F|||50|,,,,,Dark]Sneasler||FocusSash|Unburden|CloseCombat,DireClaw,Coaching,Protect|||F|||50|,,,,,Stellar
|inactive|Battle timer is ON: inactive players will automatically lose when time's up. (requested by Bad rain team guy)
|
|t:|1757650066
|teamsize|p1|4
|teamsize|p2|4
|start
|switch|p1a: Garchomp|Garchomp, L50, M|100/100
|switch|p1b: Porygon-Z|Porygon-Z, L50, shiny|100/100
|switch|p2a: Kingambit|Kingambit, L50, F|100/100
|switch|p2b: Electabuzz|Electabuzz, L50, F|100/100
|turn|1
|inactive|Bad rain team guy has 30 seconds left.
|
|t:|1757650094
|switch|p1b: Lucario|Lucario, L50, M|100/100
|-terastallize|p2a: Kingambit|Dark
|move|p2b: Electabuzz|Follow Me|p2b: Electabuzz
|-singleturn|p2b: Electabuzz|move: Follow Me
|move|p1a: Garchomp|Swords Dance|p1a: Garchomp
|-boost|p1a: Garchomp|atk|2
|move|p2a: Kingambit|Swords Dance|p2a: Kingambit
|-boost|p2a: Kingambit|atk|2
|
|upkeep
|turn|2
|
|t:|1757650115
|move|p1a: Garchomp|Protect|p1a: Garchomp
|-singleturn|p1a: Garchomp|Protect
|move|p2b: Electabuzz|Follow Me|p2b: Electabuzz
|-singleturn|p2b: Electabuzz|move: Follow Me
|move|p1b: Lucario|Coaching|p1a: Garchomp
|-boost|p1a: Garchomp|atk|1
|-boost|p1a: Garchomp|def|1
|move|p2a: Kingambit|Kowtow Cleave|p1a: Garchomp
|-activate|p1a: Garchomp|move: Protect
|
|upkeep
|turn|3
|
|t:|1757650131
|move|p1b: Lucario|Protect|p1b: Lucario
|-singleturn|p1b: Lucario|Protect
|move|p2b: Electabuzz|Follow Me|p2b: Electabuzz
|-singleturn|p2b: Electabuzz|move: Follow Me
|move|p1a: Garchomp|Earthquake|p2b: Electabuzz|[spread] p2a,p2b
|-activate|p1b: Lucario|move: Protect
|-supereffective|p2b: Electabuzz
|-damage|p2a: Kingambit|2/100
|-damage|p2b: Electabuzz|0 fnt
|faint|p2b: Electabuzz
|-damage|p1a: Garchomp|91/100|[from] item: Life Orb
|move|p2a: Kingambit|Kowtow Cleave|p1a: Garchomp
|-damage|p1a: Garchomp|0 fnt
|-damage|p2a: Kingambit|0 fnt|[from] ability: Rough Skin|[of] p1a: Garchomp
|faint|p1a: Garchomp
|faint|p2a: Kingambit
|
|upkeep
|
|t:|1757650151
|switch|p1a: Braviary|Braviary, L50, M|100/100
|switch|p2b: Rillaboom|Rillaboom, L50, M|100/100
|switch|p2a: Volcarona|Volcarona, L50, F|100/100
|-fieldstart|move: Grassy Terrain|[from] ability: Grassy Surge|[of] p2b: Rillaboom
|turn|4
|
|t:|1757650168
|move|p1a: Braviary|Protect|p1a: Braviary
|-singleturn|p1a: Braviary|Protect
|move|p2b: Rillaboom|Fake Out|p1a: Braviary
|-activate|p1a: Braviary|move: Protect
|move|p1b: Lucario|Meteor Mash|p2b: Rillaboom
|-damage|p2b: Rillaboom|60/100
|-boost|p1b: Lucario|atk|1
|move|p2a: Volcarona|Quiver Dance|p2a: Volcarona
|-boost|p2a: Volcarona|spa|1
|-boost|p2a: Volcarona|spd|1
|-boost|p2a: Volcarona|spe|1
|
|-heal|p2b: Rillaboom|66/100|[from] Grassy Terrain
|upkeep
|turn|5
|inactive|Greninja11234 has 30 seconds left.
|inactive|Bad rain team guy has 30 seconds left.
|
|t:|1757650195
|-terastallize|p1b: Lucario|Poison
|move|p2a: Volcarona|Heat Wave|p1a: Braviary|[spread] p1a,p1b
|-damage|p1a: Braviary|46/100
|-damage|p1b: Lucario|9/100
|move|p1b: Lucario|Close Combat|p2b: Rillaboom
|-damage|p2b: Rillaboom|0 fnt
|-unboost|p1b: Lucario|def|1
|-unboost|p1b: Lucario|spd|1
|faint|p2b: Rillaboom
|move|p1a: Braviary|Brave Bird|p2a: Volcarona
|-supereffective|p2a: Volcarona
|-damage|p2a: Volcarona|0 fnt
|-status|p1a: Braviary|brn|[from] ability: Flame Body|[of] p2a: Volcarona
|faint|p2a: Volcarona
|-damage|p1a: Braviary|15/100 brn|[from] Recoil
|
|win|Greninja11234
|inactive|Greninja11234 has 30 seconds to confirm battle start!
|inactive|Bad rain team guy has 30 seconds to confirm battle start!
||Bad rain team guy is ready for game 2.
||Greninja11234 is ready for game 2.
|uhtml|next|Next: Game 2 of 3
