|j|☆FreezyPop439
|j|☆IceColdZekrom
|html|FreezyPop439IceColdZekrom    
|uhtml|bestof|Game 2 of a best-of-3
|t:|1782221044
|gametype|doubles
|player|p1|FreezyPop439|collector|1146
|player|p2|IceColdZekrom|eusine|1060
|gen|9
|tier|[Gen 9 Champions] VGC 2026 Reg M-B (Bo3)
|rated|
|rule|Species Clause: Limit one of each Pokémon
|rule|Item Clause: Limit 1 of each item
|clearpoke
|poke|p1|Garchomp, L50, F|
|poke|p1|Staraptor, L50, F|
|poke|p1|Grimmsnarl, L50, M|
|poke|p1|Gholdengo, L50|
|poke|p1|Maushold-Four, L50|
|poke|p1|Volcarona, L50, M|
|poke|p2|Raichu, L50, M|
|poke|p2|Sinistcha, L50|
|poke|p2|Incineroar, L50, F|
|poke|p2|Swampert, L50, F|
|poke|p2|Ninetales-Alola, L50, M|
|poke|p2|Corviknight, L50, F|
|teampreview|4
|showteam|p1|Garchomp||LifeOrb|RoughSkin|Earthquake,DragonClaw,RockSlide,Protect|Jolly||F|||50|]Staraptor||Staraptite|Intimidate|BraveBird,CloseCombat,Roost,Protect|Jolly||F|||50|]Grimmsnarl||LightClay|Prankster|SpiritBreak,LightScreen,Reflect,PartingShot|Careful||M|||50|]Gholdengo||MetalCoat|GoodasGold|MakeItRain,ShadowBall,NastyPlot,Protect|Modest|||||50|]Maushold-Four||FocusSash|FriendGuard|FollowMe,Charm,SuperFang,Protect|Jolly|||||50|]Volcarona||ChartiBerry|FlameBody|HeatWave,StruggleBug,RagePowder,Tailwind|Timid||M|||50|
|showteam|p2|Raichu||RaichuniteY|LightningRod|FakeOut,ZapCannon,FocusBlast,Protect|Timid||M|||50|]Sinistcha||KasibBerry|Hospitality|RagePowder,MatchaGotcha,Protect,TrickRoom|Bold|||||50|]Incineroar||SitrusBerry|Intimidate|FakeOut,FlareBlitz,DarkestLariat,PartingShot|Careful||F|||50|]Swampert||Swampertite|Torrent|HighHorsepower,WaveCrash,Protect,WideGuard|Adamant||F|||50|]Ninetales-Alola||FocusSash|SnowWarning|Blizzard,AuroraVeil,FreezeDry,Protect|Timid||M|||50|]Corviknight||OccaBerry|MirrorArmor|Roost,BulkUp,BraveBird,Tailwind|Impish||F|||50|
|
|t:|1782221082
|teamsize|p1|4
|teamsize|p2|4
|start
|switch|p1a: Staraptor|Staraptor, L50, F|100/100
|switch|p1b: Volcarona|Volcarona, L50, M|100/100
|switch|p2a: Ninetales|Ninetales-Alola, L50, M|100/100
|switch|p2b: Corviknight|Corviknight, L50, F|100/100
|-weather|Snowscape|[from] ability: Snow Warning|[of] p2a: Ninetales
|-ability|p1a: Staraptor|Intimidate|boost
|-unboost|p2a: Ninetales|atk|1
|-ability|p2b: Corviknight|Mirror Armor
|-unboost|p1a: Staraptor|atk|1
|turn|1
|
|t:|1782221128
|detailschange|p1a: Staraptor|Staraptor-Mega, L50, F
|-mega|p1a: Staraptor|Staraptor|Staraptite
|move|p1a: Staraptor|Protect|p1a: Staraptor
|-singleturn|p1a: Staraptor|Protect
|move|p2a: Ninetales|Protect|p2a: Ninetales
|-singleturn|p2a: Ninetales|Protect
|move|p1b: Volcarona|Tailwind|p1b: Volcarona
|-sidestart|p1: FreezyPop439|move: Tailwind
|move|p2b: Corviknight|Tailwind|p2b: Corviknight
|-sidestart|p2: IceColdZekrom|move: Tailwind
|
|-weather|Snowscape|[upkeep]
|upkeep
|turn|2
|
|t:|1782221158
|move|p1a: Staraptor|Close Combat|p2a: Ninetales
|-damage|p2a: Ninetales|61/100
|-boost|p1a: Staraptor|def|1
|-boost|p1a: Staraptor|spd|1
|move|p2a: Ninetales|Blizzard|p1a: Staraptor|[spread] p1a,p1b
|-supereffective|p1a: Staraptor|1
|-resisted|p1b: Volcarona|1
|-damage|p1a: Staraptor|57/100
|-damage|p1b: Volcarona|84/100
|move|p1b: Volcarona|Heat Wave|p2a: Ninetales|[spread] p2a,p2b
|-supereffective|p2a: Ninetales|1
|-supereffective|p2b: Corviknight|1
|-crit|p2b: Corviknight
|-enditem|p2b: Corviknight|Occa Berry|[eat]
|-enditem|p2b: Corviknight|Occa Berry|[weaken]
|-damage|p2a: Ninetales|0 fnt
|-damage|p2b: Corviknight|54/100
|faint|p2a: Ninetales
|move|p2b: Corviknight|Brave Bird|p1a: Staraptor
|-supereffective|p1a: Staraptor|1
|-damage|p1a: Staraptor|5/100
|-damage|p2b: Corviknight|37/100|[from] Recoil
|
|-weather|Snowscape|[upkeep]
|upkeep
|
|t:|1782221178
|switch|p2a: Raichu|Raichu, L50, M|100/100
|turn|3
|
|t:|1782221210
|detailschange|p2a: Raichu|Raichu-Mega-Y, L50, M
|-mega|p2a: Raichu|Raichu|Raichunite Y
|move|p2a: Raichu|Fake Out|p1a: Staraptor
|-damage|p1a: Staraptor|0 fnt
|faint|p1a: Staraptor
|move|p1b: Volcarona|Heat Wave|p2b: Corviknight|[spread] p2a,p2b
|-supereffective|p2b: Corviknight|1
|-damage|p2a: Raichu|58/100
|-damage|p2b: Corviknight|0 fnt
|faint|p2b: Corviknight
|
|-weather|Snowscape|[upkeep]
|upkeep
|
|t:|1782221218
|switch|p1a: Gholdengo|Gholdengo, L50|100/100
|switch|p2b: Incineroar|Incineroar, L50, F|100/100
|-ability|p2b: Incineroar|Intimidate|boost
|-unboost|p1a: Gholdengo|atk|1
|-unboost|p1b: Volcarona|atk|1
|turn|4
|
|t:|1782221237
|move|p2b: Incineroar|Fake Out|p1b: Volcarona
|-damage|p1b: Volcarona|70/100
|move|p2a: Raichu|Zap Cannon|p1a: Gholdengo
|-damage|p1a: Gholdengo|33/100
|-status|p1a: Gholdengo|par
|cant|p1b: Volcarona|flinch
|move|p1a: Gholdengo|Shadow Ball|p2a: Raichu
|-damage|p2a: Raichu|0 fnt
|faint|p2a: Raichu
|
|-weather|Snowscape|[upkeep]
|-sideend|p1: FreezyPop439|move: Tailwind
|-sideend|p2: IceColdZekrom|move: Tailwind
|upkeep
|turn|5
|
|t:|1782221255
|move|p1a: Gholdengo|Protect|p1a: Gholdengo
|-singleturn|p1a: Gholdengo|Protect
|move|p1b: Volcarona|Struggle Bug|p2b: Incineroar
|-damage|p2b: Incineroar|80/100
|-unboost|p2b: Incineroar|spa|1
|move|p2b: Incineroar|Flare Blitz|p1b: Volcarona
|-damage|p1b: Volcarona|2/100
|-damage|p2b: Incineroar|60/100|[from] Recoil
|
|-weather|none
|upkeep
|turn|6
|
|t:|1782221282
|move|p1b: Volcarona|Struggle Bug|p2b: Incineroar
|-damage|p2b: Incineroar|41/100
|-unboost|p2b: Incineroar|spa|1
|-enditem|p2b: Incineroar|Sitrus Berry|[eat]
|-heal|p2b: Incineroar|66/100|[from] item: Sitrus Berry
|move|p2b: Incineroar|Darkest Lariat|p1a: Gholdengo
|-supereffective|p1a: Gholdengo|1
|-damage|p1a: Gholdengo|0 fnt
|faint|p1a: Gholdengo
|
|upkeep
|
|t:|1782221289
|switch|p1a: Garchomp|Garchomp, L50, F|100/100
|turn|7
|inactive|Battle timer is ON: inactive players will automatically lose when time's up. (requested by FreezyPop439)
|
|t:|1782221311
|move|p1b: Volcarona|Rage Powder|p1b: Volcarona
|-singleturn|p1b: Volcarona|move: Rage Powder
|move|p1a: Garchomp|Dragon Claw|p2b: Incineroar
|-damage|p2b: Incineroar|19/100
|-damage|p1a: Garchomp|90/100|[from] item: Life Orb
|move|p2b: Incineroar|Darkest Lariat|p1b: Volcarona
|-damage|p1b: Volcarona|0 fnt
|faint|p1b: Volcarona
|
|upkeep
|turn|8
|
|t:|1782221319
|move|p1a: Garchomp|Dragon Claw|p2b: Incineroar
|-damage|p2b: Incineroar|0 fnt
|faint|p2b: Incineroar
|-damage|p1a: Garchomp|80/100|[from] item: Life Orb
|
|win|FreezyPop439
