|j|☆kimmage
|j|‽LorGhez
|html|kimmageLorGhez    
|uhtml|bestof|Game 2 of a best-of-3
|t:|1784126406
|gametype|doubles
|player|p1|kimmage|265|1045
|player|p2|LorGhez|170|1135
|gen|9
|tier|[Gen 9 Champions] VGC 2026 Reg M-B (Bo3)
|rated|
|rule|Species Clause: Limit one of each Pokémon
|rule|Item Clause: Limit 1 of each item
|clearpoke
|poke|p1|Charizard, L50, F|
|poke|p1|Sylveon, L50, F, shiny|
|poke|p1|Aerodactyl, L50, F|
|poke|p1|Garchomp, L50, M|
|poke|p1|Farigiraf, L50, M|
|poke|p1|Incineroar, L50, M|
|poke|p2|Venusaur, L50, M|
|poke|p2|Incineroar, L50, M|
|poke|p2|Primarina, L50, F|
|poke|p2|Aerodactyl, L50, M|
|poke|p2|Kingambit, L50, M|
|poke|p2|Farigiraf, L50, F|
|teampreview|4
|showteam|p1|Charizard||CharizarditeY|SolarPower|HeatWave,WeatherBall,Protect,SolarBeam|Timid||F|||50|]Sylveon||FairyFeather|Pixilate|HyperVoice,HyperBeam,Yawn,Protect|Modest||F|||50|]Aerodactyl||FocusSash|Unnerve|DualWingbeat,WideGuard,RockSlide,Tailwind|Jolly||F|||50|]Garchomp||LifeOrb|RoughSkin|DragonClaw,Earthquake,Protect,RockSlide|Jolly||M|||50|]Farigiraf||SitrusBerry|ArmorTail|Protect,Psychic,Thunderbolt,TrickRoom|Calm||M|||50|]Incineroar||ChopleBerry|Intimidate|DarkestLariat,FlareBlitz,PartingShot,FakeOut|Careful||M|||50|
|showteam|p2|Venusaur||Venusaurite|Chlorophyll|Protect,GigaDrain,SludgeBomb,EarthPower|Modest||M|||50|]Incineroar||Charcoal|Intimidate|FakeOut,PartingShot,DarkestLariat,FlareBlitz|Adamant||M|||50|]Primarina||LifeOrb|LiquidVoice|Protect,CalmMind,HyperVoice,Moonblast|Modest||F|||50|]Aerodactyl||Aerodactylite|Unnerve|DualWingbeat,Tailwind,RockSlide,IceFang|Adamant||M|||50|]Kingambit||BlackGlasses|Defiant|Protect,SuckerPunch,KowtowCleave,LowKick|Adamant||M|||50|]Farigiraf||ColburBerry|ArmorTail|PsychicFangs,TrickRoom,Thunderbolt,HelpingHand|Sassy||F|||50|
|inactive|Battle timer is ON: inactive players will automatically lose when time's up. (requested by LorGhez)
|
|t:|1784126432
|teamsize|p1|4
|teamsize|p2|4
|start
|switch|p1a: Aerodactyl|Aerodactyl, L50, F|100/100
|switch|p1b: Sylveon|Sylveon, L50, F, shiny|100/100
|switch|p2a: Aerodactyl|Aerodactyl, L50, M|100/100
|switch|p2b: Primarina|Primarina, L50, F|100/100
|-ability|p1a: Aerodactyl|Unnerve
|-ability|p2a: Aerodactyl|Unnerve
|turn|1
|inactive|LorGhez has 30 seconds left.
|inactive|LorGhez has 20 seconds left.
|inactive|LorGhez has 15 seconds left.
|inactive|LorGhez has 10 seconds left.
|inactive|LorGhez has 5 seconds left.
|
|t:|1784126487
|move|p2b: Primarina|Protect|p2b: Primarina
|-singleturn|p2b: Primarina|Protect
|move|p1a: Aerodactyl|Tailwind|p1a: Aerodactyl
|-sidestart|p1: kimmage|move: Tailwind
|move|p2a: Aerodactyl|Dual Wingbeat|p1a: Aerodactyl
|-resisted|p1a: Aerodactyl|1
|-damage|p1a: Aerodactyl|84/100
|-resisted|p1a: Aerodactyl|1
|-damage|p1a: Aerodactyl|69/100
|-hitcount|p1a: Aerodactyl|2
|move|p1b: Sylveon|Hyper Voice|p2b: Primarina|[spread] p2a
|-activate|p2b: Primarina|move: Protect
|-damage|p2a: Aerodactyl|31/100
|
|upkeep
|turn|2
|inactive|LorGhez has 30 seconds left.
|inactive|LorGhez has 20 seconds left.
|
|t:|1784126523
|switch|p2a: Incineroar|Incineroar, L50, M|100/100
|-ability|p2a: Incineroar|Intimidate|boost
|-unboost|p1a: Aerodactyl|atk|1
|-unboost|p1b: Sylveon|atk|1
|move|p1a: Aerodactyl|Dual Wingbeat|p2b: Primarina
|-damage|p2b: Primarina|87/100
|-damage|p2b: Primarina|75/100
|-hitcount|p2b: Primarina|2
|move|p1b: Sylveon|Hyper Voice|p2b: Primarina|[spread] p2a,p2b
|-damage|p2a: Incineroar|53/100
|-damage|p2b: Primarina|33/100
|move|p2b: Primarina|Hyper Voice|p1b: Sylveon|[spread] p1a,p1b
|-supereffective|p1a: Aerodactyl|1
|-damage|p1a: Aerodactyl|0 fnt
|-damage|p1b: Sylveon|69/100
|faint|p1a: Aerodactyl
|-damage|p2b: Primarina|24/100|[from] item: Life Orb
|
|upkeep
|
|t:|1784126544
|switch|p1a: Garchomp|Garchomp, L50, M|100/100
|turn|3
|
|t:|1784126558
|move|p2a: Incineroar|Fake Out|p1a: Garchomp
|-damage|p1a: Garchomp|84/100
|-damage|p2a: Incineroar|41/100|[from] ability: Rough Skin|[of] p1a: Garchomp
|cant|p1a: Garchomp|flinch
|move|p1b: Sylveon|Hyper Voice|p2a: Incineroar|[spread] p2a,p2b
|-damage|p2a: Incineroar|0 fnt
|-damage|p2b: Primarina|0 fnt
|faint|p2a: Incineroar
|faint|p2b: Primarina
|
|upkeep
|
|t:|1784126568
|switch|p2b: Aerodactyl|Aerodactyl, L50, M|31/100
|switch|p2a: Venusaur|Venusaur, L50, M|100/100
|-ability|p2b: Aerodactyl|Unnerve
|turn|4
|inactive|LorGhez has 30 seconds left.
|
|t:|1784126595
|detailschange|p2a: Venusaur|Venusaur-Mega, L50, M
|-mega|p2a: Venusaur|Venusaur|Venusaurite
|move|p1a: Garchomp|Dragon Claw|p2a: Venusaur
|-damage|p2a: Venusaur|59/100
|-damage|p1a: Garchomp|74/100|[from] item: Life Orb
|move|p2b: Aerodactyl|Ice Fang|p1a: Garchomp
|-supereffective|p1a: Garchomp|2
|-damage|p1a: Garchomp|0 fnt
|-damage|p2b: Aerodactyl|19/100|[from] ability: Rough Skin|[of] p1a: Garchomp
|faint|p1a: Garchomp
|move|p1b: Sylveon|Hyper Voice|p2b: Aerodactyl|[spread] p2a,p2b
|-resisted|p2a: Venusaur|1
|-damage|p2a: Venusaur|41/100
|-damage|p2b: Aerodactyl|0 fnt
|faint|p2b: Aerodactyl
|move|p2a: Venusaur|Giga Drain|p1b: Sylveon
|-damage|p1b: Sylveon|37/100
|-heal|p2a: Venusaur|58/100|[from] drain|[of] p1b: Sylveon
|
|-sideend|p1: kimmage|move: Tailwind
|upkeep
|
|t:|1784126614
|switch|p1a: Charizard|Charizard, L50, F|100/100
|turn|5
|
|t:|1784126624
|detailschange|p1a: Charizard|Charizard-Mega-Y, L50, F
|-mega|p1a: Charizard|Charizard|Charizardite Y
|-weather|SunnyDay|[from] ability: Drought|[of] p1a: Charizard
|move|p1a: Charizard|Weather Ball|p2a: Venusaur
|-supereffective|p2a: Venusaur|1
|-damage|p2a: Venusaur|0 fnt
|faint|p2a: Venusaur
|
|win|kimmage
|raw|kimmage's rating: 1045 → 1087(+42 for winning)
|raw|LorGhez's rating: 1135 → 1104(-31 for losing)
|l|☆kimmage
|player|p1|
