|j|☆jeanryupr
|j|☆israelkuro
|html|jeanryuprisraelkuro    
|uhtml|bestof|Game 1 of a best-of-3
|t:|1785724955
|gametype|doubles
|player|p1|jeanryupr|170|1176
|player|p2|israelkuro|102|1216
|gen|9
|tier|[Gen 9 Champions] VGC 2026 Reg M-B (Bo3)
|rated|
|rule|Species Clause: Limit one of each Pokémon
|rule|Item Clause: Limit 1 of each item
|clearpoke
|poke|p1|Raichu, L50, F|
|poke|p1|Aerodactyl, L50, M|
|poke|p1|Sylveon, L50, F|
|poke|p1|Basculegion, L50, M|
|poke|p1|Farigiraf, L50, F|
|poke|p1|Garchomp, L50, M|
|poke|p2|Kommo-o, L50, M|
|poke|p2|Gholdengo, L50|
|poke|p2|Sneasler, L50, M|
|poke|p2|Aerodactyl, L50, F|
|poke|p2|Froslass, L50, F|
|poke|p2|Sinistcha, L50|
|teampreview|4
|showteam|p1|Raichu||RaichuniteY|Static|FocusBlast,ZapCannon,FakeOut,Protect|Timid||F|||50|]Aerodactyl||Aerodactylite|Unnerve|WideGuard,IceFang,RockSlide,Tailwind|Jolly||M|||50|]Sylveon||FairyFeather|Pixilate|Detect,QuickAttack,HyperBeam,HyperVoice|Modest||F|||50|]Basculegion||FocusSash|Adaptability|LastRespects,AquaJet,WaveCrash,Protect|Adamant||M|||50|]Farigiraf||SitrusBerry|ArmorTail|TrickRoom,HelpingHand,Thunderbolt,TwinBeam|Bold||F|||50|]Garchomp|||RoughSkin|Protect,DragonClaw,StompingTantrum,Earthquake|Jolly||M|||50|
|showteam|p2|Kommo-o||Leftovers|Soundproof|ClangingScales,ClangorousSoul,AuraSphere,Protect|Timid||M|||50|]Gholdengo||LifeOrb|GoodasGold|NastyPlot,MakeItRain,ShadowBall,Protect|Modest|||||50|]Sneasler||FocusSash|PoisonTouch|FakeOut,PoisonJab,CloseCombat,Protect|Jolly||M|||50|]Aerodactyl||Aerodactylite|Unnerve|RockSlide,Tailwind,DualWingbeat,Protect|Jolly||F|||50|]Froslass||Froslassite|CursedBody|Blizzard,ShadowBall,AuroraVeil,Protect|Timid||F|||50|]Sinistcha||KasibBerry|Hospitality|MatchaGotcha,RagePowder,LifeDew,Protect|Relaxed|||||50|
|
|t:|1785725003
|teamsize|p1|4
|teamsize|p2|4
|start
|switch|p1a: Raichu|Raichu, L50, F|100/100
|switch|p1b: Basculegion|Basculegion, L50, M|100/100
|switch|p2a: Froslass|Froslass, L50, F|100/100
|switch|p2b: Kommo-o|Kommo-o, L50, M|100/100
|turn|1
|inactive|Battle timer is ON: inactive players will automatically lose when time's up. (requested by israelkuro)
|
|t:|1785725037
|detailschange|p2a: Froslass|Froslass-Mega, L50, F
|-mega|p2a: Froslass|Froslass|Froslassite
|-weather|Snowscape|[from] ability: Snow Warning|[of] p2a: Froslass
|detailschange|p1a: Raichu|Raichu-Mega-Y, L50, F
|-mega|p1a: Raichu|Raichu|Raichunite Y
|move|p2b: Kommo-o|Protect|p2b: Kommo-o
|-singleturn|p2b: Kommo-o|Protect
|move|p2a: Froslass|Blizzard|p1b: Basculegion|[spread] p1a,p1b
|-resisted|p1b: Basculegion|1
|-damage|p1a: Raichu|51/100
|-damage|p1b: Basculegion|76/100
|move|p1a: Raichu|Zap Cannon|p2a: Froslass
|-damage|p2a: Froslass|30/100
|-status|p2a: Froslass|par
|move|p1b: Basculegion|Last Respects|p2a: Froslass
|-supereffective|p2a: Froslass|1
|-damage|p2a: Froslass|0 fnt
|faint|p2a: Froslass
|
|-weather|Snowscape|[upkeep]
|upkeep
|
|t:|1785725051
|switch|p2a: Sneasler|Sneasler, L50, M|100/100
|turn|2
|
|t:|1785725062
|switch|p1b: Farigiraf|Farigiraf, L50, F|100/100
|move|p2a: Sneasler|Fake Out||[still]
|cant|p1b: Farigiraf|ability: Armor Tail|Fake Out|[of] p2a: Sneasler
|move|p1a: Raichu|Zap Cannon|p2a: Sneasler
|-damage|p2a: Sneasler|12/100
|-status|p2a: Sneasler|par
|move|p2b: Kommo-o|Clangorous Soul|p2b: Kommo-o
|-boost|p2b: Kommo-o|atk|1
|-boost|p2b: Kommo-o|def|1
|-boost|p2b: Kommo-o|spa|1
|-boost|p2b: Kommo-o|spd|1
|-boost|p2b: Kommo-o|spe|1
|-damage|p2b: Kommo-o|67/100
|
|-weather|Snowscape|[upkeep]
|-heal|p2b: Kommo-o|73/100|[from] item: Leftovers
|upkeep
|turn|3
|inactive|jeanryupr has 30 seconds left.
|inactive|israelkuro has 30 seconds left.
|inactive|jeanryupr has 20 seconds left.
|
|t:|1785725100
|move|p2b: Kommo-o|Clanging Scales|p1a: Raichu|[spread] p1a,p1b
|-damage|p1a: Raichu|0 fnt
|-damage|p1b: Farigiraf|48/100
|-enditem|p1b: Farigiraf|Sitrus Berry|[eat]
|-heal|p1b: Farigiraf|72/100|[from] item: Sitrus Berry
|faint|p1a: Raichu
|-unboost|p2b: Kommo-o|def|1
|cant|p2a: Sneasler|par
|move|p1b: Farigiraf|Twin Beam|p2a: Sneasler
|-supereffective|p2a: Sneasler|2
|-damage|p2a: Sneasler|0 fnt
|faint|p2a: Sneasler
|-hitcount|p2: Sneasler|1
|
|-weather|Snowscape|[upkeep]
|-heal|p2b: Kommo-o|78/100|[from] item: Leftovers
|upkeep
|
|t:|1785725110
|switch|p2a: Gholdengo|Gholdengo, L50|100/100
|switch|p1a: Sylveon|Sylveon, L50, F|100/100
|turn|4
|inactive|israelkuro has 30 seconds left.
|
|t:|1785725140
|move|p1a: Sylveon|Detect|p1a: Sylveon
|-singleturn|p1a: Sylveon|Protect
|move|p2b: Kommo-o|Aura Sphere|p1a: Sylveon
|-activate|p1a: Sylveon|move: Protect
|move|p2a: Gholdengo|Make It Rain|p1b: Farigiraf|[spread] p1b
|-activate|p1a: Sylveon|move: Protect
|-damage|p1b: Farigiraf|22/100
|-unboost|p2a: Gholdengo|spa|2
|-damage|p2a: Gholdengo|90/100|[from] item: Life Orb
|move|p1b: Farigiraf|Trick Room|p1b: Farigiraf
|-fieldstart|move: Trick Room|[of] p1b: Farigiraf
|
|-weather|Snowscape|[upkeep]
|-heal|p2b: Kommo-o|84/100|[from] item: Leftovers
|upkeep
|turn|5
|inactive|jeanryupr has 30 seconds left.
|
|t:|1785725174
|move|p2b: Kommo-o|Protect|p2b: Kommo-o
|-singleturn|p2b: Kommo-o|Protect
|move|p1b: Farigiraf|Twin Beam|p2a: Gholdengo
|-resisted|p2a: Gholdengo|1
|-damage|p2a: Gholdengo|83/100
|-resisted|p2a: Gholdengo|1
|-damage|p2a: Gholdengo|76/100
|-hitcount|p2a: Gholdengo|2
|move|p1a: Sylveon|Hyper Beam|p2b: Kommo-o
|-activate|p2b: Kommo-o|move: Protect
|move|p2a: Gholdengo|Nasty Plot|p2a: Gholdengo
|-boost|p2a: Gholdengo|spa|2
|
|-weather|none
|-heal|p2b: Kommo-o|90/100|[from] item: Leftovers
|upkeep
|turn|6
|
|t:|1785725187
|move|p2b: Kommo-o|Protect||[still]
|-fail|p2b: Kommo-o
|move|p1a: Sylveon|Hyper Beam|p2b: Kommo-o
|-supereffective|p2b: Kommo-o|2
|-damage|p2b: Kommo-o|0 fnt
|-mustrecharge|p1a: Sylveon
|faint|p2b: Kommo-o
|move|p1b: Farigiraf|Twin Beam|p2a: Gholdengo
|-resisted|p2a: Gholdengo|1
|-damage|p2a: Gholdengo|68/100
|-resisted|p2a: Gholdengo|1
|-damage|p2a: Gholdengo|61/100
|-hitcount|p2a: Gholdengo|2
|move|p2a: Gholdengo|Nasty Plot|p2a: Gholdengo
|-boost|p2a: Gholdengo|spa|2
|
|upkeep
|turn|7
|
|t:|1785725205
|move|p1b: Farigiraf|Thunderbolt|p2a: Gholdengo
|-damage|p2a: Gholdengo|41/100
|cant|p1a: Sylveon|recharge
|move|p2a: Gholdengo|Make It Rain|p1b: Farigiraf|[spread] p1a,p1b
|-supereffective|p1a: Sylveon|1
|-damage|p1a: Sylveon|0 fnt
|-damage|p1b: Farigiraf|0 fnt
|-unboost|p2a: Gholdengo|spa|2
|faint|p1a: Sylveon
|faint|p1b: Farigiraf
|-damage|p2a: Gholdengo|31/100|[from] item: Life Orb
|
|upkeep
|
|t:|1785725216
|switch|p1b: Basculegion|Basculegion, L50, M|76/100
|turn|8
|
|t:|1785725223
|move|p2a: Gholdengo|Shadow Ball|p1b: Basculegion
|-supereffective|p1b: Basculegion|1
|-damage|p1b: Basculegion|0 fnt
|faint|p1b: Basculegion
|-damage|p2a: Gholdengo|22/100|[from] item: Life Orb
|
|win|israelkuro
