|j|☆ELOGOUT
|j|☆CarrettaVGC
|html|ELOGOUTCarrettaVGC    
|uhtml|bestof|Game 2 of a best-of-3
|t:|1783645039
|gametype|doubles
|player|p1|ELOGOUT|266|1119
|player|p2|CarrettaVGC|169|1070
|gen|9
|tier|[Gen 9 Champions] VGC 2026 Reg M-B (Bo3)
|rated|
|rule|Species Clause: Limit one of each Pokémon
|rule|Item Clause: Limit 1 of each item
|clearpoke
|poke|p1|Raichu, L50, M|
|poke|p1|Gholdengo, L50|
|poke|p1|Whimsicott, L50, F|
|poke|p1|Garchomp, L50, M|
|poke|p1|Basculegion, L50, M|
|poke|p1|Floette-Eternal, L50, F|
|poke|p2|Garchomp, L50, M|
|poke|p2|Venusaur, L50, M|
|poke|p2|Incineroar, L50, M|
|poke|p2|Charizard, L50, M|
|poke|p2|Toxapex, L50, M|
|poke|p2|Annihilape, L50, F|
|teampreview|4
|showteam|p1|Raichu||RaichuniteY|LightningRod|FocusBlast,ZapCannon,FakeOut,Protect|Modest||M|||50|]Gholdengo||LifeOrb|GoodasGold|NastyPlot,MakeItRain,Protect,ShadowBall|Modest|||||50|]Whimsicott||FocusSash|Prankster|Protect,Moonblast,Tailwind,Encore|Timid||F|||50|]Garchomp||SitrusBerry|RoughSkin|RockSlide,StompingTantrum,DragonClaw,Protect|Adamant||M|||50|]Basculegion||MysticWater|Adaptability|Protect,WaveCrash,LastRespects,AquaJet|Adamant||M|||50|]Floette-Eternal||Floettite|FlowerVeil|Protect,Moonblast,LightofRuin,DazzlingGleam|Modest||F|||50|
|showteam|p2|Garchomp||ChoiceScarf|RoughSkin|Earthquake,RockSlide,DragonClaw,StompingTantrum|Adamant||M|||50|]Venusaur||LifeOrb|Chlorophyll|SludgeBomb,SolarBeam,EarthPower,Protect|Modest||M|||50|]Incineroar||SitrusBerry|Intimidate|FakeOut,FlareBlitz,ThroatChop,PartingShot|Impish||M|||50|]Charizard||CharizarditeY|Blaze|HeatWave,WeatherBall,Protect,HelpingHand|Modest||M|||50|]Toxapex||Leftovers|Regenerator|Infestation,Toxic,WideGuard,BanefulBunker|Impish||M|||50|]Annihilape||FocusSash|Defiant|CloseCombat,PhantomForce,RockTomb,Protect|Jolly||F|||50|
|inactive|Battle timer is ON: inactive players will automatically lose when time's up. (requested by CarrettaVGC)
|
|t:|1783645061
|teamsize|p1|4
|teamsize|p2|4
|start
|switch|p1a: Garchomp|Garchomp, L50, M|100/100
|switch|p1b: Whimsicott|Whimsicott, L50, F|100/100
|switch|p2a: Annihilape|Annihilape, L50, F|100/100
|switch|p2b: Incineroar|Incineroar, L50, M|100/100
|-ability|p2b: Incineroar|Intimidate|boost
|-unboost|p1a: Garchomp|atk|1
|-unboost|p1b: Whimsicott|atk|1
|turn|1
|inactive|ELOGOUT has 30 seconds left.
|inactive|CarrettaVGC has 30 seconds left.
|inactive|ELOGOUT has 20 seconds left.
|
|t:|1783645098
|switch|p1a: Basculegion|Basculegion, L50, M|100/100
|move|p2b: Incineroar|Fake Out|p1b: Whimsicott
|-damage|p1b: Whimsicott|83/100
|cant|p1b: Whimsicott|flinch
|move|p2a: Annihilape|Phantom Force||[still]
|-prepare|p2a: Annihilape|Phantom Force
|
|upkeep
|turn|2
|
|t:|1783645114
|switch|p2b: Venusaur|Venusaur, L50, M|100/100
|move|p1a: Basculegion|Protect|p1a: Basculegion
|-singleturn|p1a: Basculegion|Protect
|move|p1b: Whimsicott|Tailwind|p1b: Whimsicott
|-sidestart|p1: ELOGOUT|move: Tailwind
|move|p2a: Annihilape|Phantom Force|p1b: Whimsicott|[from] lockedmove
|-damage|p1b: Whimsicott|16/100
|
|upkeep
|turn|3
|inactive|ELOGOUT has 30 seconds left.
|inactive|ELOGOUT has 20 seconds left.
|inactive|ELOGOUT has 15 seconds left.
|inactive|ELOGOUT has 10 seconds left.
|inactive|ELOGOUT has 5 seconds left.
|
|t:|1783645168
|move|p2b: Venusaur|Protect|p2b: Venusaur
|-singleturn|p2b: Venusaur|Protect
|move|p1b: Whimsicott|Moonblast|p2a: Annihilape
|-supereffective|p2a: Annihilape|1
|-damage|p2a: Annihilape|30/100
|move|p1a: Basculegion|Last Respects|p2a: Annihilape
|-supereffective|p2a: Annihilape|1
|-damage|p2a: Annihilape|0 fnt
|faint|p2a: Annihilape
|
|upkeep
|
|t:|1783645179
|switch|p2a: Incineroar|Incineroar, L50, M|100/100
|-ability|p2a: Incineroar|Intimidate|boost
|-unboost|p1a: Basculegion|atk|1
|-unboost|p1b: Whimsicott|atk|1
|turn|4
|
|t:|1783645192
|move|p1b: Whimsicott|Encore|p2b: Venusaur
|-start|p2b: Venusaur|Encore
|move|p2b: Venusaur|Protect||[still]
|-fail|p2b: Venusaur
|move|p1a: Basculegion|Wave Crash|p2a: Incineroar
|-supereffective|p2a: Incineroar|1
|-damage|p2a: Incineroar|2/100
|-enditem|p2a: Incineroar|Sitrus Berry|[eat]
|-heal|p2a: Incineroar|27/100|[from] item: Sitrus Berry
|-damage|p1a: Basculegion|68/100|[from] Recoil
|move|p2a: Incineroar|Parting Shot|p1a: Basculegion
|-unboost|p1a: Basculegion|atk|1
|-unboost|p1a: Basculegion|spa|1
|
|t:|1783645197
|switch|p2a: Charizard|Charizard, L50, M|100/100|[from] Parting Shot
|
|upkeep
|turn|5
|
|t:|1783645214
|switch|p1b: Raichu|Raichu, L50, M|100/100
|switch|p1a: Garchomp|Garchomp, L50, M|100/100
|switch|p2b: Incineroar|Incineroar, L50, M|27/100
|-ability|p2b: Incineroar|Intimidate|boost
|-unboost|p1a: Garchomp|atk|1
|-unboost|p1b: Raichu|atk|1
|detailschange|p2a: Charizard|Charizard-Mega-Y, L50, M
|-mega|p2a: Charizard|Charizard|Charizardite Y
|-weather|SunnyDay|[from] ability: Drought|[of] p2a: Charizard
|move|p2a: Charizard|Heat Wave|p1a: Garchomp|[spread] p1a,p1b
|-resisted|p1a: Garchomp|1
|-damage|p1a: Garchomp|68/100
|-damage|p1b: Raichu|9/100
|-status|p1b: Raichu|brn
|
|-weather|SunnyDay|[upkeep]
|-damage|p1b: Raichu|3/100 brn|[from] brn
|-sideend|p1: ELOGOUT|move: Tailwind
|upkeep
|turn|6
|inactive|CarrettaVGC has 30 seconds left.
|
|t:|1783645245
|detailschange|p1b: Raichu|Raichu-Mega-Y, L50, M
|-mega|p1b: Raichu|Raichu|Raichunite Y
|move|p2a: Charizard|Protect|p2a: Charizard
|-singleturn|p2a: Charizard|Protect
|move|p1b: Raichu|Zap Cannon|p2a: Charizard
|-activate|p2a: Charizard|move: Protect
|move|p1a: Garchomp|Rock Slide|p2b: Incineroar|[spread] p2b
|-activate|p2a: Charizard|move: Protect
|-supereffective|p2b: Incineroar|1
|-damage|p2b: Incineroar|7/100
|cant|p2b: Incineroar|flinch
|
|-weather|SunnyDay|[upkeep]
|-damage|p1b: Raichu|0 fnt|[from] brn
|faint|p1b: Raichu
|upkeep
|
|t:|1783645261
|switch|p1b: Basculegion|Basculegion, L50, M|68/100
|turn|7
|inactive|ELOGOUT has 30 seconds left.
|inactive|ELOGOUT has 20 seconds left.
|
|t:|1783645297
|switch|p2a: Venusaur|Venusaur, L50, M|100/100
|move|p1a: Garchomp|Rock Slide|p2a: Venusaur|[spread] p2a,p2b
|-supereffective|p2b: Incineroar|1
|-damage|p2a: Venusaur|86/100
|-damage|p2b: Incineroar|0 fnt
|faint|p2b: Incineroar
|move|p1b: Basculegion|Last Respects|p2a: Venusaur
|-damage|p2a: Venusaur|10/100
|
|-weather|SunnyDay|[upkeep]
|upkeep
|
|t:|1783645304
|switch|p2b: Charizard|Charizard-Mega-Y, L50, M|100/100
|turn|8
|
|t:|1783645325
|move|p1b: Basculegion|Protect|p1b: Basculegion
|-singleturn|p1b: Basculegion|Protect
|move|p2a: Venusaur|Solar Beam||[still]
|-prepare|p2a: Venusaur|Solar Beam
|-anim|p2a: Venusaur|Solar Beam|p1a: Garchomp
|-damage|p1a: Garchomp|0 fnt
|faint|p1a: Garchomp
|-damage|p2a: Venusaur|1/100|[from] item: Life Orb
|move|p2b: Charizard|Weather Ball|p1b: Basculegion
|-activate|p1b: Basculegion|move: Protect
|
|-weather|SunnyDay|[upkeep]
|upkeep
|
|t:|1783645337
|switch|p1a: Whimsicott|Whimsicott, L50, F|16/100
|turn|9
|inactive|ELOGOUT has 30 seconds left.
|inactive|ELOGOUT has 20 seconds left.
|
|t:|1783645373
|move|p2a: Venusaur|Protect|p2a: Venusaur
|-singleturn|p2a: Venusaur|Protect
|move|p1a: Whimsicott|Tailwind|p1a: Whimsicott
|-sidestart|p1: ELOGOUT|move: Tailwind
|move|p1b: Basculegion|Aqua Jet|p2a: Venusaur
|-activate|p2a: Venusaur|move: Protect
|move|p2b: Charizard|Heat Wave|p1b: Basculegion|[spread] p1a,p1b
|-supereffective|p1a: Whimsicott|1
|-resisted|p1b: Basculegion|1
|-damage|p1a: Whimsicott|0 fnt
|-damage|p1b: Basculegion|38/100
|-status|p1b: Basculegion|brn
|faint|p1a: Whimsicott
|
|-weather|none
|-damage|p1b: Basculegion|32/100 brn|[from] brn
|upkeep
|turn|10
|
|t:|1783645392
|move|p2a: Venusaur|Protect||[still]
|-fail|p2a: Venusaur
|move|p1b: Basculegion|Aqua Jet|p2a: Venusaur
|-resisted|p2a: Venusaur|1
|-crit|p2a: Venusaur
|-damage|p2a: Venusaur|0 fnt
|faint|p2a: Venusaur
|move|p2b: Charizard|Heat Wave|p1b: Basculegion
|-resisted|p1b: Basculegion|1
|-damage|p1b: Basculegion|3/100 brn
|
|-damage|p1b: Basculegion|0 fnt|[from] brn
|faint|p1b: Basculegion
|
|win|CarrettaVGC
