|j|☆NicoViBrittania
|j|☆habeebomarali123
|html|NicoViBrittaniahabeebomarali123    
|uhtml|bestof|Game 1 of a best-of-3
|t:|1757728842
|gametype|doubles
|player|p1|NicoViBrittania|170|1150
|player|p2|habeebomarali123|giovanni|1240
|gen|9
|tier|[Gen 9] VGC 2025 Reg H (Bo3)
|rated|
|rule|Species Clause: Limit one of each Pokémon
|rule|Item Clause: Limit 1 of each item
|clearpoke
|poke|p1|Annihilape, L50, M|
|poke|p1|Porygon2, L50|
|poke|p1|Primarina, L50, F|
|poke|p1|Torkoal, L50, F|
|poke|p1|Exeggutor-Alola, L50, M|
|poke|p1|Charizard, L50, M|
|poke|p2|Rillaboom, L50, M|
|poke|p2|Volcarona, L50, M|
|poke|p2|Dragonite, L50, M|
|poke|p2|Gastrodon, L50, M|
|poke|p2|Sneasler, L50, M|
|poke|p2|Incineroar, L50, M|
|teampreview|4
|showteam|p1|Annihilape||SafetyGoggles|Defiant|Encore,Taunt,FinalGambit,RageFist|||M|||50|,,,,,Fire]Porygon2||Eviolite|Trace|TrickRoom,TriAttack,Protect,Recover||||||50|,,,,,Ghost]Primarina||ThroatSpray|LiquidVoice|Moonblast,Protect,HyperVoice,TeraBlast|||F|||50|,,,,,Ground]Torkoal||CovertCloak|Drought|HeatWave,HelpingHand,Protect,Eruption|||F|||50|,,,,,Fire]Exeggutor-Alola||SitrusBerry|Harvest|DracoMeteor,GigaDrain,TrickRoom,WoodHammer|||M|||50|,,,,,Ghost]Charizard||LifeOrb|SolarPower|DragonPulse,HeatWave,AirCutter,HelpingHand|||M|||50|,,,,,Fire
|showteam|p2|Rillaboom||AssaultVest|GrassySurge|FakeOut,GrassyGlide,HighHorsepower,WoodHammer|||M|||50|,,,,,Fire]Volcarona||GrassySeed|FlameBody|Protect,QuiverDance,TeraBlast,HeatWave|||M|||50|,,,,,Fairy]Dragonite||LoadedDice|Multiscale|Tailwind,Protect,Haze,ScaleShot|||M|||50|,,,,,Fairy]Gastrodon||Leftovers|StormDrain|Recover,Yawn,IceBeam,EarthPower|||M|||50|,,,,,Grass]Sneasler||FocusSash|Unburden|Protect,DireClaw,CloseCombat,ThroatChop|||M|||50|,,,,,Ghost]Incineroar||SafetyGoggles|Intimidate|KnockOff,FlareBlitz,PartingShot,FakeOut|||M|||50|,,,,,Ghost
|c|☆habeebomarali123|!dt harvest
|raw|Harvest If last item used is a Berry, 50% chance to restore it each end of turn. 100% in Sun. 
|raw|Gen: 5

|inactive|Battle timer is ON: inactive players will automatically lose when time's up. (requested by habeebomarali123)
|
|t:|1757728910
|teamsize|p1|4
|teamsize|p2|4
|start
|switch|p1a: Annihilape|Annihilape, L50, M|100/100
|switch|p1b: Porygon2|Porygon2, L50|100/100
|switch|p2a: Volcarona|Volcarona, L50, M|100/100
|switch|p2b: Gastrodon|Gastrodon, L50, M|100/100
|-ability|p1b: Porygon2|Flame Body|Trace|[from] ability: Trace|[of] p2a: Volcarona
|turn|1
|inactive|NicoViBrittania has 30 seconds left.
|
|t:|1757728936
|move|p2a: Volcarona|Protect|p2a: Volcarona
|-singleturn|p2a: Volcarona|Protect
|move|p1a: Annihilape|Taunt|p2b: Gastrodon
|-start|p2b: Gastrodon|move: Taunt
|move|p2b: Gastrodon|Earth Power|p1a: Annihilape
|-damage|p1a: Annihilape|76/100
|-unboost|p1a: Annihilape|spd|1
|-ability|p1a: Annihilape|Defiant|boost
|-boost|p1a: Annihilape|atk|2
|move|p1b: Porygon2|Trick Room|p1b: Porygon2
|-fieldstart|move: Trick Room|[of] p1b: Porygon2
|
|upkeep
|turn|2
|
|t:|1757728960
|move|p1b: Porygon2|Tri Attack|p2a: Volcarona
|-damage|p2a: Volcarona|72/100
|move|p2b: Gastrodon|Earth Power|p1a: Annihilape
|-damage|p1a: Annihilape|34/100
|-unboost|p1a: Annihilape|spd|1
|-ability|p1a: Annihilape|Defiant|boost
|-boost|p1a: Annihilape|atk|2
|move|p2a: Volcarona|Heat Wave|p1a: Annihilape|[spread] p1a
|-miss|p2a: Volcarona|p1b: Porygon2
|-damage|p1a: Annihilape|0 fnt
|faint|p1a: Annihilape
|
|upkeep
|
|t:|1757728979
|switch|p1a: Torkoal|Torkoal, L50, F|100/100
|-weather|SunnyDay|[from] ability: Drought|[of] p1a: Torkoal
|turn|3
|inactive|NicoViBrittania has 30 seconds left.
|
|t:|1757729010
|switch|p1b: Exeggutor|Exeggutor-Alola, L50, M|100/100
|switch|p2a: Incineroar|Incineroar, L50, M, shiny|100/100
|-ability|p2a: Incineroar|Intimidate|boost
|-unboost|p1a: Torkoal|atk|1
|-unboost|p1b: Exeggutor|atk|1
|-terastallize|p1a: Torkoal|Fire
|move|p1a: Torkoal|Eruption|p2a: Incineroar|[spread] p2a,p2b
|-resisted|p2a: Incineroar
|-resisted|p2b: Gastrodon
|-damage|p2a: Incineroar|64/100
|-damage|p2b: Gastrodon|64/100
|move|p2b: Gastrodon|Earth Power|p1a: Torkoal
|-supereffective|p1a: Torkoal
|-damage|p1a: Torkoal|21/100
|
|-weather|SunnyDay|[upkeep]
|-heal|p2b: Gastrodon|70/100|[from] item: Leftovers
|-end|p2b: Gastrodon|move: Taunt
|upkeep
|turn|4
|inactive|NicoViBrittania has 30 seconds left.
|inactive|habeebomarali123 has 30 seconds left.
|inactive|habeebomarali123 has 20 seconds left.
|
|t:|1757729046
|switch|p2b: Volcarona|Volcarona, L50, M|72/100
|move|p1a: Torkoal|Heat Wave|p2b: Volcarona|[spread] p2a,p2b
|-resisted|p2a: Incineroar
|-crit|p2a: Incineroar
|-damage|p2a: Incineroar|27/100
|-damage|p2b: Volcarona|8/100
|move|p1b: Exeggutor|Giga Drain|p2b: Volcarona
|-resisted|p2b: Volcarona
|-damage|p2b: Volcarona|0 fnt
|faint|p2b: Volcarona
|move|p2a: Incineroar|Knock Off|p1b: Exeggutor
|-crit|p1b: Exeggutor
|-damage|p1b: Exeggutor|38/100
|-enditem|p1b: Exeggutor|Sitrus Berry|[from] move: Knock Off|[of] p2a: Incineroar
|
|-weather|SunnyDay|[upkeep]
|upkeep
|
|t:|1757729058
|switch|p2b: Rillaboom|Rillaboom, L50, M|100/100
|-fieldstart|move: Grassy Terrain|[from] ability: Grassy Surge|[of] p2b: Rillaboom
|turn|5
|inactive|habeebomarali123 has 30 seconds left.
|inactive|habeebomarali123 has 20 seconds left.
|
|t:|1757729093
|-terastallize|p2b: Rillaboom|Fire
|move|p1a: Torkoal|Heat Wave|p2a: Incineroar|[spread] p2a,p2b
|-resisted|p2a: Incineroar
|-resisted|p2b: Rillaboom
|-damage|p2a: Incineroar|2/100
|-damage|p2b: Rillaboom|79/100
|move|p1b: Exeggutor|Draco Meteor|p2b: Rillaboom
|-damage|p2b: Rillaboom|29/100
|-unboost|p1b: Exeggutor|spa|2
|move|p2a: Incineroar|Knock Off|p1a: Torkoal
|-damage|p1a: Torkoal|0 fnt
|-enditem|p1a: Torkoal|Covert Cloak|[from] move: Knock Off|[of] p2a: Incineroar
|faint|p1a: Torkoal
|move|p2b: Rillaboom|Wood Hammer|p1b: Exeggutor
|-resisted|p1b: Exeggutor
|-damage|p1b: Exeggutor|17/100
|-damage|p2b: Rillaboom|22/100|[from] Recoil
|
|-weather|SunnyDay|[upkeep]
|-heal|p1b: Exeggutor|23/100|[from] Grassy Terrain
|-heal|p2a: Incineroar|8/100|[from] Grassy Terrain
|-heal|p2b: Rillaboom|28/100|[from] Grassy Terrain
|-fieldend|move: Trick Room
|upkeep
|
|t:|1757729115
|switch|p1a: Porygon2|Porygon2, L50|100/100
|-ability|p1a: Porygon2|Grassy Surge|Trace|[from] ability: Trace|[of] p2b: Rillaboom
|turn|6
|
|t:|1757729131
|switch|p2b: Gastrodon|Gastrodon, L50, M|70/100
|move|p2a: Incineroar|Flare Blitz|p1b: Exeggutor
|-damage|p1b: Exeggutor|0 fnt
|faint|p1b: Exeggutor
|-damage|p2a: Incineroar|0 fnt|[from] Recoil
|faint|p2a: Incineroar
|move|p1a: Porygon2|Tri Attack|p2b: Gastrodon
|-damage|p2b: Gastrodon|48/100
|-status|p2b: Gastrodon|brn
|
|-weather|SunnyDay|[upkeep]
|-heal|p2b: Gastrodon|54/100 brn|[from] Grassy Terrain
|-heal|p2b: Gastrodon|60/100 brn|[from] item: Leftovers
|-damage|p2b: Gastrodon|54/100 brn|[from] brn
|upkeep
|
|t:|1757729134
|switch|p2a: Rillaboom|Rillaboom, L50, M, tera:Fire|28/100
|turn|7
|
|t:|1757729154
|move|p1a: Porygon2|Protect|p1a: Porygon2
|-singleturn|p1a: Porygon2|Protect
|move|p2a: Rillaboom|Fake Out|p1a: Porygon2
|-activate|p1a: Porygon2|move: Protect
|move|p2b: Gastrodon|Recover|p2b: Gastrodon
|-heal|p2b: Gastrodon|100/100 brn
|
|-weather|none
|-heal|p2a: Rillaboom|33/100|[from] Grassy Terrain
|-damage|p2b: Gastrodon|95/100 brn|[from] brn
|upkeep
|turn|8
|
|t:|1757729169
|move|p2a: Rillaboom|Wood Hammer|p1a: Porygon2
|-damage|p1a: Porygon2|48/100
|-damage|p2a: Rillaboom|20/100|[from] Recoil
|move|p2b: Gastrodon|Yawn|p1a: Porygon2
|-start|p1a: Porygon2|move: Yawn|[of] p2b: Gastrodon
|move|p1a: Porygon2|Tri Attack|p2a: Rillaboom
|-damage|p2a: Rillaboom|0 fnt
|faint|p2a: Rillaboom
|
|-heal|p2b: Gastrodon|100/100 brn|[from] Grassy Terrain
|-heal|p1a: Porygon2|55/100|[from] Grassy Terrain
|-damage|p2b: Gastrodon|95/100 brn|[from] brn
|upkeep
|turn|9
|
|t:|1757729186
|move|p2b: Gastrodon|Earth Power|p1a: Porygon2
|-damage|p1a: Porygon2|39/100
|move|p1a: Porygon2|Recover|p1a: Porygon2
|-heal|p1a: Porygon2|89/100
|
|-heal|p2b: Gastrodon|100/100 brn|[from] Grassy Terrain
|-heal|p1a: Porygon2|96/100|[from] Grassy Terrain
|-damage|p2b: Gastrodon|95/100 brn|[from] brn
|-end|p1a: Porygon2|move: Yawn|[silent]
|-status|p1a: Porygon2|slp
|-fieldend|move: Grassy Terrain
|upkeep
|turn|10
|
|t:|1757729200
|move|p2b: Gastrodon|Earth Power|p1a: Porygon2
|-damage|p1a: Porygon2|79/100 slp
|cant|p1a: Porygon2|slp
|
|-heal|p2b: Gastrodon|100/100 brn|[from] item: Leftovers
|-damage|p2b: Gastrodon|95/100 brn|[from] brn
|upkeep
|turn|11
|
|t:|1757729209
|move|p2b: Gastrodon|Earth Power|p1a: Porygon2
|-damage|p1a: Porygon2|60/100 slp
|-curestatus|p1a: Porygon2|slp|[msg]
|move|p1a: Porygon2|Trick Room|p1a: Porygon2
|-fieldstart|move: Trick Room|[of] p1a: Porygon2
|
|-heal|p2b: Gastrodon|100/100 brn|[from] item: Leftovers
|-damage|p2b: Gastrodon|95/100 brn|[from] brn
|upkeep
|turn|12
|
|t:|1757729220
|move|p1a: Porygon2|Tri Attack|p2b: Gastrodon
|-damage|p2b: Gastrodon|68/100 brn
|move|p2b: Gastrodon|Yawn|p1a: Porygon2
|-start|p1a: Porygon2|move: Yawn|[of] p2b: Gastrodon
|
|-heal|p2b: Gastrodon|74/100 brn|[from] item: Leftovers
|-damage|p2b: Gastrodon|68/100 brn|[from] brn
|upkeep
|turn|13
|
|t:|1757729231
|move|p1a: Porygon2|Recover|p1a: Porygon2
|-heal|p1a: Porygon2|100/100
|move|p2b: Gastrodon|Recover|p2b: Gastrodon
|-heal|p2b: Gastrodon|100/100 brn
|
|-damage|p2b: Gastrodon|95/100 brn|[from] brn
|-end|p1a: Porygon2|move: Yawn|[silent]
|-status|p1a: Porygon2|slp
|upkeep
|turn|14
|
|t:|1757729242
|cant|p1a: Porygon2|slp
|move|p2b: Gastrodon|Earth Power|p1a: Porygon2
|-damage|p1a: Porygon2|85/100 slp
|
|-heal|p2b: Gastrodon|100/100 brn|[from] item: Leftovers
|-damage|p2b: Gastrodon|95/100 brn|[from] brn
|upkeep
|turn|15
|
|t:|1757729254
|cant|p1a: Porygon2|slp
|move|p2b: Gastrodon|Earth Power|p1a: Porygon2
|-damage|p1a: Porygon2|68/100 slp
|
|-heal|p2b: Gastrodon|100/100 brn|[from] item: Leftovers
|-damage|p2b: Gastrodon|95/100 brn|[from] brn
|-fieldend|move: Trick Room
|upkeep
|turn|16
|
|t:|1757729263
|move|p2b: Gastrodon|Earth Power|p1a: Porygon2
|-damage|p1a: Porygon2|53/100 slp
|cant|p1a: Porygon2|slp
|
|-heal|p2b: Gastrodon|100/100 brn|[from] item: Leftovers
|-damage|p2b: Gastrodon|95/100 brn|[from] brn
|upkeep
|turn|17
|
|t:|1757729273
|move|p2b: Gastrodon|Earth Power|p1a: Porygon2
|-damage|p1a: Porygon2|36/100 slp
|-curestatus|p1a: Porygon2|slp|[msg]
|move|p1a: Porygon2|Trick Room|p1a: Porygon2
|-fieldstart|move: Trick Room|[of] p1a: Porygon2
|
|-heal|p2b: Gastrodon|100/100 brn|[from] item: Leftovers
|-damage|p2b: Gastrodon|95/100 brn|[from] brn
|upkeep
|turn|18
|
|t:|1757729283
|move|p1a: Porygon2|Protect|p1a: Porygon2
|-singleturn|p1a: Porygon2|Protect
|move|p2b: Gastrodon|Yawn|p1a: Porygon2
|-activate|p1a: Porygon2|move: Protect
|
|-heal|p2b: Gastrodon|100/100 brn|[from] item: Leftovers
|-damage|p2b: Gastrodon|95/100 brn|[from] brn
|upkeep
|turn|19
|
|t:|1757729294
|move|p1a: Porygon2|Recover|p1a: Porygon2
|-heal|p1a: Porygon2|86/100
|move|p2b: Gastrodon|Ice Beam|p1a: Porygon2
|-crit|p1a: Porygon2
|-damage|p1a: Porygon2|69/100
|
|-heal|p2b: Gastrodon|100/100 brn|[from] item: Leftovers
|-damage|p2b: Gastrodon|95/100 brn|[from] brn
|upkeep
|turn|20
|
|t:|1757729307
|move|p1a: Porygon2|Tri Attack|p2b: Gastrodon
|-damage|p2b: Gastrodon|68/100 brn
|move|p2b: Gastrodon|Yawn|p1a: Porygon2
|-start|p1a: Porygon2|move: Yawn|[of] p2b: Gastrodon
|
|-heal|p2b: Gastrodon|74/100 brn|[from] item: Leftovers
|-damage|p2b: Gastrodon|68/100 brn|[from] brn
|upkeep
|turn|21
|
|t:|1757729322
|move|p1a: Porygon2|Tri Attack|p2b: Gastrodon
|-damage|p2b: Gastrodon|44/100 brn
|move|p2b: Gastrodon|Ice Beam|p1a: Porygon2
|-damage|p1a: Porygon2|58/100
|
|-heal|p2b: Gastrodon|50/100 brn|[from] item: Leftovers
|-damage|p2b: Gastrodon|44/100 brn|[from] brn
|-end|p1a: Porygon2|move: Yawn|[silent]
|-status|p1a: Porygon2|slp
|-fieldend|move: Trick Room
|upkeep
|turn|22
|
|t:|1757729337
|move|p2b: Gastrodon|Recover|p2b: Gastrodon
|-heal|p2b: Gastrodon|94/100 brn
|cant|p1a: Porygon2|slp
|
|-heal|p2b: Gastrodon|99/100 brn|[from] item: Leftovers
|-damage|p2b: Gastrodon|94/100 brn|[from] brn
|upkeep
|turn|23
|
|t:|1757729347
|move|p2b: Gastrodon|Earth Power|p1a: Porygon2
|-damage|p1a: Porygon2|41/100 slp
|-unboost|p1a: Porygon2|spd|1
|cant|p1a: Porygon2|slp
|
|-heal|p2b: Gastrodon|99/100 brn|[from] item: Leftovers
|-damage|p2b: Gastrodon|94/100 brn|[from] brn
|upkeep
|turn|24
|
|t:|1757729357
|move|p2b: Gastrodon|Ice Beam|p1a: Porygon2
|-damage|p1a: Porygon2|23/100 slp
|cant|p1a: Porygon2|slp
|
|-heal|p2b: Gastrodon|99/100 brn|[from] item: Leftovers
|-damage|p2b: Gastrodon|94/100 brn|[from] brn
|upkeep
|turn|25
|c|☆habeebomarali123|ok i win i guess
|
|t:|1757729367
|-curestatus|p1a: Porygon2|slp|[msg]
|move|p1a: Porygon2|Protect|p1a: Porygon2
|-singleturn|p1a: Porygon2|Protect
|move|p2b: Gastrodon|Ice Beam|p1a: Porygon2
|-activate|p1a: Porygon2|move: Protect
|
|-heal|p2b: Gastrodon|99/100 brn|[from] item: Leftovers
|-damage|p2b: Gastrodon|94/100 brn|[from] brn
|upkeep
|turn|26
|
|t:|1757729378
|move|p2b: Gastrodon|Earth Power|p1a: Porygon2
|-damage|p1a: Porygon2|0 fnt
|faint|p1a: Porygon2
|
|win|habeebomarali123
||habeebomarali123 is ready for game 2.
|inactive|NicoViBrittania has 30 seconds to confirm battle start!
|inactive|NicoViBrittania has 20 seconds to confirm battle start!
||NicoViBrittania is ready for game 2.
|uhtml|next|Next: Game 2 of 3
