|j|☆PaquitoelBollito
|j|☆blazikenisgoated
|html|PaquitoelBollitoblazikenisgoated    
|uhtml|bestof|Game 2 of a best-of-3
|t:|1786121708
|gametype|doubles
|player|p1|PaquitoelBollito|102|1138
|player|p2|blazikenisgoated|dawn|1112
|gen|9
|tier|[Gen 9 Champions] VGC 2026 Reg M-B (Bo3)
|rated|
|rule|Species Clause: Limit one of each Pokémon
|rule|Item Clause: Limit 1 of each item
|clearpoke
|poke|p1|Froslass, L50, F|
|poke|p1|Scovillain, L50, M|
|poke|p1|Kingambit, L50, M|
|poke|p1|Sneasler, L50, M|
|poke|p1|Basculegion, L50, M|
|poke|p1|Lycanroc-Dusk, L50, M|
|poke|p2|Charizard, L50, F|
|poke|p2|Metagross, L50|
|poke|p2|Hydreigon, L50, F|
|poke|p2|Garchomp, L50, M|
|poke|p2|Toxapex, L50, F|
|poke|p2|Grimmsnarl, L50, M|
|teampreview|4
|showteam|p1|Froslass||Froslassite|CursedBody|Protect,Blizzard,AuroraVeil,ShadowBall|Modest||F|||50|]Scovillain||Scovillainite|Moody|Protect,Overheat,GigaDrain,RagePowder|Modest||M|||50|]Kingambit||BlackGlasses|Defiant|Protect,KowtowCleave,SwordsDance,SuckerPunch|Adamant||M|||50|]Sneasler||WhiteHerb|Unburden|FakeOut,GunkShot,CloseCombat,Protect|Adamant||M|||50|]Basculegion||SitrusBerry|Adaptability|Protect,LastRespects,WaveCrash,AquaJet|Adamant||M|||50|]Lycanroc-Dusk||FocusSash|ToughClaws|Protect,Accelerock,RockSlide,CloseCombat|Adamant||M|||50|
|showteam|p2|Charizard||CharizarditeY|Blaze|HeatWave,WeatherBall,SolarBeam,Protect|Modest||F|||50|]Metagross||Metagrossite|ClearBody|MeteorMash,BulletPunch,PsychicFangs,Protect|Adamant|||||50|]Hydreigon||ChoiceScarf|Levitate|DracoMeteor,DarkPulse,Snarl,HeatWave|Modest||F|||50|]Garchomp||LifeOrb|RoughSkin|StompingTantrum,DragonClaw,RockSlide,Protect|Jolly||M|||50|]Toxapex||Leftovers|Regenerator|Toxic,Infestation,WideGuard,BanefulBunker|Bold||F|||50|]Grimmsnarl||LightClay|Prankster|SpiritBreak,LightScreen,Reflect,PartingShot|Careful||M|||50|
|inactive|Battle timer is ON: inactive players will automatically lose when time's up. (requested by PaquitoelBollito)
|
|t:|1786121738
|teamsize|p1|4
|teamsize|p2|4
|start
|switch|p1a: Scovillain|Scovillain, L50, M|100/100
|switch|p1b: Lycanroc|Lycanroc-Dusk, L50, M|100/100
|switch|p2a: Hydreigon|Hydreigon, L50, F|100/100
|switch|p2b: Charizard|Charizard, L50, F|100/100
|turn|1
|inactive|PaquitoelBollito has 30 seconds left.
|inactive|blazikenisgoated has 30 seconds left.
|inactive|blazikenisgoated has 20 seconds left.
|inactive|blazikenisgoated has 15 seconds left.
|inactive|blazikenisgoated has 10 seconds left.
|
|t:|1786121787
|detailschange|p1a: Scovillain|Scovillain-Mega, L50, M
|-mega|p1a: Scovillain|Scovillain|Scovillainite
|move|p2b: Charizard|Protect|p2b: Charizard
|-singleturn|p2b: Charizard|Protect
|move|p1a: Scovillain|Rage Powder|p1a: Scovillain
|-singleturn|p1a: Scovillain|move: Rage Powder
|move|p2a: Hydreigon|Draco Meteor|p1a: Scovillain
|-damage|p1a: Scovillain|29/100
|-unboost|p2a: Hydreigon|spa|2
|-status|p2a: Hydreigon|brn|[from] ability: Spicy Spray|[of] p1a: Scovillain
|move|p1b: Lycanroc|Rock Slide|p2b: Charizard|[spread] 
|-activate|p2b: Charizard|move: Protect
|-miss|p1b: Lycanroc|p2a: Hydreigon
|
|-damage|p2a: Hydreigon|94/100 brn|[from] brn
|upkeep
|turn|2
|inactive|PaquitoelBollito has 30 seconds left.
|inactive|PaquitoelBollito has 20 seconds left.
|
|t:|1786121822
|switch|p2b: Toxapex|Toxapex, L50, F|100/100
|switch|p1a: Sneasler|Sneasler, L50, M|100/100
|move|p1b: Lycanroc|Accelerock|p2b: Toxapex
|-damage|p2b: Toxapex|82/100
|move|p2a: Hydreigon|Draco Meteor|p1a: Sneasler
|-damage|p1a: Sneasler|49/100
|-unboost|p2a: Hydreigon|spa|2
|
|-heal|p2b: Toxapex|87/100|[from] item: Leftovers
|-damage|p2a: Hydreigon|88/100 brn|[from] brn
|upkeep
|turn|3
|inactive|blazikenisgoated has 30 seconds left.
|inactive|PaquitoelBollito has 30 seconds left.
|
|t:|1786121854
|switch|p2a: Garchomp|Garchomp, L50, M|100/100
|move|p1a: Sneasler|Fake Out|p2a: Garchomp
|-damage|p2a: Garchomp|85/100
|-damage|p1a: Sneasler|37/100|[from] ability: Rough Skin|[of] p2a: Garchomp
|move|p1b: Lycanroc|Rock Slide|p2b: Toxapex|[spread] p2a,p2b
|-resisted|p2a: Garchomp|1
|-damage|p2a: Garchomp|70/100
|-damage|p2b: Toxapex|70/100
|cant|p2b: Toxapex|flinch
|
|-heal|p2b: Toxapex|75/100|[from] item: Leftovers
|upkeep
|turn|4
|inactive|PaquitoelBollito has 30 seconds left.
|
|t:|1786121885
|switch|p1b: Scovillain|Scovillain-Mega, L50, M|29/100
|move|p1a: Sneasler|Protect|p1a: Sneasler
|-singleturn|p1a: Sneasler|Protect
|move|p2a: Garchomp|Stomping Tantrum|p1a: Sneasler
|-activate|p1a: Sneasler|move: Protect
|move|p2b: Toxapex|Toxic|p1b: Scovillain
|-status|p1b: Scovillain|tox
|
|-heal|p2b: Toxapex|81/100|[from] item: Leftovers
|-damage|p1b: Scovillain|23/100 tox|[from] psn
|upkeep
|turn|5
|inactive|PaquitoelBollito has 30 seconds left.
|inactive|blazikenisgoated has 30 seconds left.
|inactive|blazikenisgoated has 20 seconds left.
|
|t:|1786121923
|move|p2a: Garchomp|Protect|p2a: Garchomp
|-singleturn|p2a: Garchomp|Protect
|move|p1b: Scovillain|Rage Powder|p1b: Scovillain
|-singleturn|p1b: Scovillain|move: Rage Powder
|move|p1a: Sneasler|Close Combat|p2a: Garchomp
|-activate|p2a: Garchomp|move: Protect
|move|p2b: Toxapex|Infestation|p1b: Scovillain
|-damage|p1b: Scovillain|20/100y tox
|-activate|p1b: Scovillain|move: Infestation|[of] p2b: Toxapex
|-status|p2b: Toxapex|brn|[from] ability: Spicy Spray|[of] p1b: Scovillain
|
|-heal|p2b: Toxapex|87/100 brn|[from] item: Leftovers
|-damage|p1b: Scovillain|8/100 tox|[from] psn
|-damage|p2b: Toxapex|81/100 brn|[from] brn
|-damage|p1b: Scovillain|0 fnt|[from] move: Infestation|[partiallytrapped]
|faint|p1b: Scovillain
|upkeep
|
|t:|1786121928
|switch|p1b: Basculegion|Basculegion, L50, M|100/100
|turn|6
|
|t:|1786121949
|move|p1a: Sneasler|Close Combat|p2b: Toxapex
|-resisted|p2b: Toxapex|1
|-damage|p2b: Toxapex|61/100 brn
|-unboost|p1a: Sneasler|def|1
|-unboost|p1a: Sneasler|spd|1
|-enditem|p1a: Sneasler|White Herb
|-clearnegativeboost|p1a: Sneasler|[silent]
|move|p2a: Garchomp|Stomping Tantrum|p1a: Sneasler
|-supereffective|p1a: Sneasler|1
|-damage|p1a: Sneasler|0 fnt
|faint|p1a: Sneasler
|-damage|p2a: Garchomp|60/100|[from] item: Life Orb
|move|p1b: Basculegion|Wave Crash|p2a: Garchomp
|-damage|p2a: Garchomp|0 fnt
|-damage|p1b: Basculegion|87/100|[from] ability: Rough Skin|[of] p2a: Garchomp
|faint|p2a: Garchomp
|-damage|p1b: Basculegion|69/100|[from] Recoil
|move|p2b: Toxapex|Toxic|p1b: Basculegion
|-status|p1b: Basculegion|tox
|
|-heal|p2b: Toxapex|66/100 brn|[from] item: Leftovers
|-damage|p1b: Basculegion|63/100 tox|[from] psn
|-damage|p2b: Toxapex|61/100 brn|[from] brn
|upkeep
|inactive|blazikenisgoated has 30 seconds left.
|
|t:|1786121974
|switch|p1a: Lycanroc|Lycanroc-Dusk, L50, M|100/100
|switch|p2a: Hydreigon|Hydreigon, L50, F|88/100 brn
|turn|7
|
|t:|1786121994
|move|p1a: Lycanroc|Accelerock|p2a: Hydreigon
|-damage|p2a: Hydreigon|57/100 brn
|move|p1b: Basculegion|Aqua Jet|p2a: Hydreigon
|-resisted|p2a: Hydreigon|1
|-damage|p2a: Hydreigon|43/100 brn
|move|p2a: Hydreigon|Dark Pulse|p1b: Basculegion
|-supereffective|p1b: Basculegion|1
|-damage|p1b: Basculegion|0 fnt
|faint|p1b: Basculegion
|move|p2b: Toxapex|Toxic|p1a: Lycanroc
|-status|p1a: Lycanroc|tox
|
|-heal|p2b: Toxapex|66/100 brn|[from] item: Leftovers
|-damage|p1a: Lycanroc|94/100 tox|[from] psn
|-damage|p2a: Hydreigon|37/100 brn|[from] brn
|-damage|p2b: Toxapex|61/100 brn|[from] brn
|upkeep
|turn|8
|
|t:|1786122008
|move|p1a: Lycanroc|Protect|p1a: Lycanroc
|-singleturn|p1a: Lycanroc|Protect
|move|p2a: Hydreigon|Dark Pulse|p1a: Lycanroc
|-activate|p1a: Lycanroc|move: Protect
|move|p2b: Toxapex|Infestation|p1a: Lycanroc
|-activate|p1a: Lycanroc|move: Protect
|
|-heal|p2b: Toxapex|66/100 brn|[from] item: Leftovers
|-damage|p1a: Lycanroc|82/100 tox|[from] psn
|-damage|p2a: Hydreigon|31/100 brn|[from] brn
|-damage|p2b: Toxapex|61/100 brn|[from] brn
|upkeep
|turn|9
|
|t:|1786122020
|move|p2a: Hydreigon|Dark Pulse|p1a: Lycanroc
|-damage|p1a: Lycanroc|11/100 tox
|move|p1a: Lycanroc|Rock Slide|p2b: Toxapex|[spread] p2a,p2b
|-damage|p2a: Hydreigon|0 fnt
|-damage|p2b: Toxapex|42/100 brn
|faint|p2a: Hydreigon
|move|p2b: Toxapex|Infestation|p1a: Lycanroc
|-damage|p1a: Lycanroc|5/100 tox
|-activate|p1a: Lycanroc|move: Infestation|[of] p2b: Toxapex
|
|-heal|p2b: Toxapex|47/100 brn|[from] item: Leftovers
|-damage|p1a: Lycanroc|0 fnt|[from] psn
|faint|p1a: Lycanroc
|
|win|blazikenisgoated
|raw|PaquitoelBollito's rating: 1138 → 1111(-27 for losing)
|raw|blazikenisgoated's rating: 1112 → 1139(+27 for winning)
