|j|☆LoveLiveTrickRoom
|j|☆glueck
|html|LoveLiveTrickRoomglueck    
|uhtml|bestof|Game 2 of a best-of-3
|t:|1756380437
|gametype|doubles
|player|p1|LoveLiveTrickRoom|blackbelt-gen1|1119
|player|p2|glueck|marley|1000
|gen|9
|tier|[Gen 9] VGC 2025 Reg H (Bo3)
|rated|
|rule|Species Clause: Limit one of each Pokémon
|rule|Item Clause: Limit 1 of each item
|clearpoke
|poke|p1|Pelipper, L50, F|
|poke|p1|Brambleghast, L50, F|
|poke|p1|Archaludon, L50, M|
|poke|p1|Basculegion, L50, M|
|poke|p1|Kingambit, L50, M|
|poke|p1|Amoonguss, L50, M|
|poke|p2|Charizard, L50, F|
|poke|p2|Torkoal, L50, M|
|poke|p2|Porygon2, L50|
|poke|p2|Incineroar, L50, M|
|poke|p2|Jumpluff, L50, F|
|poke|p2|Ursaluna, L50, M|
|teampreview|4
|showteam|p1|Pelipper||CovertCloak|Drizzle|Hurricane,WeatherBall,Tailwind,Protect|||F|||50|,,,,,Grass]Brambleghast||FocusSash|WindRider|SeedBomb,Poltergeist,ShadowSneak,Protect|||F|||50|,,,,,Ghost]Archaludon||AssaultVest|Stamina|ElectroShot,DracoMeteor,FlashCannon,BodyPress|||M|||50|,,,,,Bug]Basculegion||ChoiceBand|SwiftSwim|FlipTurn,WaveCrash,AquaJet,LastRespects|||M|||50|,,,,,Grass]Kingambit||BlackGlasses|Defiant|KowtowCleave,SuckerPunch,SwordsDance,Protect|||M|||50|,,,,,Dark]Amoonguss||SitrusBerry|EffectSpore|Spore,RagePowder,PollenPuff,Protect|||M|||50|,,,,,Fire
|showteam|p2|Charizard||ChoiceSpecs|SolarPower|HeatWave,Overheat,WeatherBall,AirSlash|||F|||50|,,,,,Ghost]Torkoal||EjectPack|Drought|Eruption,Overheat,HelpingHand,Protect|||M|||50|,,,,,Fire]Porygon2||Eviolite|Download|TeraBlast,IceBeam,Recover,TrickRoom||||||50|,,,,,Fighting]Incineroar||SitrusBerry|Intimidate|FlareBlitz,KnockOff,FakeOut,PartingShot|||M|||50|,,,,,Ghost]Jumpluff||CovertCloak|Chlorophyll|SleepPowder,SunnyDay,RagePowder,Tailwind|||F|||50|,,,,,Water]Ursaluna||FlameOrb|Guts|HeadlongRush,Facade,Earthquake,Protect|||M|||50|,,,,,Ghost
|inactive|Battle timer is ON: inactive players will automatically lose when time's up. (requested by glueck)
|
|t:|1756380460
|teamsize|p1|4
|teamsize|p2|4
|start
|switch|p1a: Amoonguss|Amoonguss, L50, M|100/100
|switch|p1b: Basculegion|Basculegion, L50, M|100/100
|switch|p2a: Porygon2|Porygon2, L50|100/100
|switch|p2b: Torkoal|Torkoal, L50, M|100/100
|-ability|p2a: Porygon2|Download|boost
|-boost|p2a: Porygon2|atk|1
|-weather|SunnyDay|[from] ability: Drought|[of] p2b: Torkoal
|turn|1
|
|t:|1756380480
|-terastallize|p1a: Amoonguss|Fire
|move|p2b: Torkoal|Protect|p2b: Torkoal
|-singleturn|p2b: Torkoal|Protect
|move|p1b: Basculegion|Flip Turn|p2b: Torkoal
|-activate|p2b: Torkoal|move: Protect
|move|p1a: Amoonguss|Spore|p2a: Porygon2
|-status|p2a: Porygon2|slp|[from] move: Spore
|cant|p2a: Porygon2|slp
|
|-weather|SunnyDay|[upkeep]
|upkeep
|turn|2
|inactive|glueck has 30 seconds left.
|inactive|glueck has 20 seconds left.
|inactive|glueck has 15 seconds left.
|
|t:|1756380520
|move|p1b: Basculegion|Flip Turn|p2b: Torkoal
|-supereffective|p2b: Torkoal
|-damage|p2b: Torkoal|62/100
|
|t:|1756380524
|switch|p1b: Pelipper|Pelipper, L50, F|100/100|[from] Flip Turn
|-weather|RainDance|[from] ability: Drizzle|[of] p1b: Pelipper
|move|p1a: Amoonguss|Spore|p2b: Torkoal
|-status|p2b: Torkoal|slp|[from] move: Spore
|cant|p2b: Torkoal|slp
|cant|p2a: Porygon2|slp
|
|-weather|RainDance|[upkeep]
|upkeep
|turn|3
|
|t:|1756380537
|switch|p1a: Basculegion|Basculegion, L50, M|100/100
|cant|p2b: Torkoal|slp
|move|p1b: Pelipper|Weather Ball|p2b: Torkoal
|-supereffective|p2b: Torkoal
|-damage|p2b: Torkoal|0 fnt
|faint|p2b: Torkoal
|-curestatus|p2a: Porygon2|slp|[msg]
|move|p2a: Porygon2|Trick Room|p2a: Porygon2
|-fieldstart|move: Trick Room|[of] p2a: Porygon2
|
|-weather|RainDance|[upkeep]
|upkeep
|
|t:|1756380550
|switch|p2b: Ursaluna|Ursaluna, L50, M|100/100
|turn|4
|
|t:|1756380572
|move|p2b: Ursaluna|Protect|p2b: Ursaluna
|-singleturn|p2b: Ursaluna|Protect
|move|p2a: Porygon2|Ice Beam|p1b: Pelipper
|-damage|p1b: Pelipper|51/100
|move|p1b: Pelipper|Weather Ball|p2a: Porygon2
|-damage|p2a: Porygon2|62/100
|move|p1a: Basculegion|Flip Turn|p2a: Porygon2
|-damage|p2a: Porygon2|18/100
|
|t:|1756380587
|switch|p1a: Brambleghast|Brambleghast, L50, F|100/100|[from] Flip Turn
|
|-weather|RainDance|[upkeep]
|-status|p2b: Ursaluna|brn|[from] item: Flame Orb
|upkeep
|turn|5
|inactive|glueck has 30 seconds left.
|inactive|glueck has 20 seconds left.
|inactive|glueck has 15 seconds left.
|
|t:|1756380632
|move|p2a: Porygon2|Ice Beam|p1a: Brambleghast
|-supereffective|p1a: Brambleghast
|-enditem|p1a: Brambleghast|Focus Sash
|-damage|p1a: Brambleghast|1/100
|move|p2b: Ursaluna|Facade|p1b: Pelipper
|-damage|p1b: Pelipper|0 fnt
|faint|p1b: Pelipper
|move|p1a: Brambleghast|Seed Bomb|p2b: Ursaluna
|-supereffective|p2b: Ursaluna
|-damage|p2b: Ursaluna|40/100 brn
|
|-weather|RainDance|[upkeep]
|-damage|p2b: Ursaluna|35/100 brn|[from] brn
|upkeep
|
|t:|1756380643
|switch|p1b: Basculegion|Basculegion, L50, M|100/100
|turn|6
|inactive|glueck has 30 seconds left.
|inactive|glueck has 20 seconds left.
|inactive|glueck has 15 seconds left.
|inactive|glueck has 10 seconds left.
|
|t:|1756380691
|move|p2b: Ursaluna|Protect|p2b: Ursaluna
|-singleturn|p2b: Ursaluna|Protect
|move|p1a: Brambleghast|Protect|p1a: Brambleghast
|-singleturn|p1a: Brambleghast|Protect
|move|p1b: Basculegion|Aqua Jet|p2b: Ursaluna
|-activate|p2b: Ursaluna|move: Protect
|move|p2a: Porygon2|Recover|p2a: Porygon2
|-heal|p2a: Porygon2|68/100
|
|-weather|none
|-damage|p2b: Ursaluna|29/100 brn|[from] brn
|upkeep
|turn|7
|inactive|glueck has 30 seconds left.
|
|t:|1756380718
|switch|p2a: Incineroar|Incineroar, L50, M|100/100
|-ability|p2a: Incineroar|Intimidate|boost
|-unboost|p1a: Brambleghast|atk|1
|-unboost|p1b: Basculegion|atk|1
|switch|p1a: Amoonguss|Amoonguss, L50, M, tera:Fire|100/100
|-terastallize|p2b: Ursaluna|Ghost
|move|p1b: Basculegion|Aqua Jet|p2b: Ursaluna
|-damage|p2b: Ursaluna|13/100 brn
|move|p2b: Ursaluna|Headlong Rush|p1b: Basculegion
|-damage|p1b: Basculegion|0 fnt
|-unboost|p2b: Ursaluna|def|1
|-unboost|p2b: Ursaluna|spd|1
|faint|p1b: Basculegion
|
|-damage|p2b: Ursaluna|7/100 brn|[from] brn
|-fieldend|move: Trick Room
|upkeep
|
|t:|1756380729
|switch|p1b: Brambleghast|Brambleghast, L50, F|1/100
|turn|8
|inactive|glueck has 30 seconds left.
|
|t:|1756380756
|move|p1b: Brambleghast|Protect|p1b: Brambleghast
|-singleturn|p1b: Brambleghast|Protect
|move|p2a: Incineroar|Knock Off|p1b: Brambleghast
|-activate|p1b: Brambleghast|move: Protect
|move|p2b: Ursaluna|Facade|p1a: Amoonguss
|-damage|p1a: Amoonguss|0 fnt
|faint|p1a: Amoonguss
|
|-damage|p2b: Ursaluna|1/100 brn|[from] brn
|upkeep
|turn|9
|
|t:|1756380768
|move|p1b: Brambleghast|Shadow Sneak|p2b: Ursaluna
|-supereffective|p2b: Ursaluna
|-damage|p2b: Ursaluna|0 fnt
|faint|p2b: Ursaluna
|move|p2a: Incineroar|Knock Off|p1b: Brambleghast
|-supereffective|p1b: Brambleghast
|-damage|p1b: Brambleghast|0 fnt
|faint|p1b: Brambleghast
|
|win|glueck
||LoveLiveTrickRoom is ready for game 3.
||glueck is ready for game 3.
|uhtml|next|Next: Game 3 of 3
|l|☆LoveLiveTrickRoom
|player|p1|
