|j|☆Jetboy57
|j|☆Testacc203
|html|Jetboy57Testacc203    
|uhtml|bestof|Game 1 of a best-of-3
|t:|1756581543
|gametype|doubles
|player|p1|Jetboy57|n|1082
|player|p2|Testacc203|dawn-gen4pt|1096
|gen|9
|tier|[Gen 9] VGC 2025 Reg H (Bo3)
|rated|
|rule|Species Clause: Limit one of each Pokémon
|rule|Item Clause: Limit 1 of each item
|clearpoke
|poke|p1|Tyranitar, L50, F|
|poke|p1|Corviknight, L50, F|
|poke|p1|Indeedee, L50, M|
|poke|p1|Amoonguss, L50, F|
|poke|p1|Sneasler, L50, F|
|poke|p1|Garchomp, L50, F|
|poke|p2|Archaludon, L50, M|
|poke|p2|Pelipper, L50, F|
|poke|p2|Basculegion, L50, M|
|poke|p2|Sinistcha, L50|
|poke|p2|Incineroar, L50, M|
|poke|p2|Primarina, L50, M|
|teampreview|4
|showteam|p1|Tyranitar||AssaultVest|SandStream|RockSlide,KnockOff,TeraBlast,LowKick|||F|||50|,,,,,Flying]Corviknight||Leftovers|MirrorArmor|BulkUp,BraveBird,Tailwind,Roost|||F|||50|,,,,,Dragon]Indeedee||FocusSash|PsychicSurge|TrickRoom,ExpandingForce,Imprison,Protect|||M|||50|,,,,,Psychic]Amoonguss||RockyHelmet|Regenerator|Spore,RagePowder,ClearSmog,Protect|||F|||50|,,,,,Water]Sneasler||PsychicSeed|Unburden|ThroatChop,DireClaw,CloseCombat,Protect|||F|||50|,,,,,Dark]Garchomp||LifeOrb|SandVeil|Earthquake,DragonClaw,RockSlide,Protect|||F|||50|,,,,,Fairy
|showteam|p2|Archaludon||AssaultVest|Stamina|ElectroShot,FlashCannon,BodyPress,DracoMeteor|||M|||50|,,,,,Grass]Pelipper||FocusSash|Drizzle|WeatherBall,Hurricane,Tailwind,Protect|||F|||50|,,,,,Ground]Basculegion||ChoiceBand|SwiftSwim|LastRespects,WaveCrash,AquaJet,FlipTurn|||M|||50|,,,,,Water]Sinistcha||SitrusBerry|Hospitality|MatchaGotcha,RagePowder,Protect,LifeDew||||||50|,,,,,Fairy]Incineroar||SafetyGoggles|Intimidate|FakeOut,KnockOff,Taunt,PartingShot|||M|||50|,,,,,Ghost]Primarina||Leftovers|LiquidVoice|HyperVoice,Moonblast,Protect,CalmMind|||M|||50|,,,,,Poison
|inactive|Battle timer is ON: inactive players will automatically lose when time's up. (requested by Testacc203)
|inactive|Jetboy57 has 60 seconds left.
|inactive|Jetboy57 has 30 seconds left.
|inactive|Jetboy57 has 20 seconds left.
|inactive|Jetboy57 has 15 seconds left.
|inactive|Jetboy57 has 10 seconds left.
|inactive|Jetboy57 has 5 seconds left.
|
|t:|1756581634
|teamsize|p1|4
|teamsize|p2|4
|start
|switch|p1a: Tyranitar|Tyranitar, L50, F|100/100
|switch|p1b: Garchomp|Garchomp, L50, F|100/100
|switch|p2a: Primarina|Primarina, L50, M|100/100
|switch|p2b: Incineroar|Incineroar, L50, M|100/100
|-weather|Sandstorm|[from] ability: Sand Stream|[of] p1a: Tyranitar
|-ability|p2b: Incineroar|Intimidate|boost
|-unboost|p1a: Tyranitar|atk|1
|-unboost|p1b: Garchomp|atk|1
|turn|1
|inactive|Testacc203 has 30 seconds left.
|
|t:|1756581661
|switch|p1b: Indeedee|Indeedee, L50, M|100/100
|-fieldstart|move: Psychic Terrain|[from] ability: Psychic Surge|[of] p1b: Indeedee
|switch|p1a: Amoonguss|Amoonguss, L50, F|100/100
|move|p2b: Incineroar|Fake Out|p1b: Indeedee
|-activate|p1b: Indeedee|move: Psychic Terrain
|move|p2a: Primarina|Calm Mind|p2a: Primarina
|-boost|p2a: Primarina|spa|1
|-boost|p2a: Primarina|spd|1
|
|-weather|Sandstorm|[upkeep]
|-damage|p1b: Indeedee|94/100|[from] Sandstorm
|-damage|p2a: Primarina|95/100|[from] Sandstorm
|-damage|p1a: Amoonguss|95/100|[from] Sandstorm
|-heal|p2a: Primarina|100/100|[from] item: Leftovers
|upkeep
|turn|2
|inactive|Jetboy57 has 30 seconds left.
|
|t:|1756581686
|-terastallize|p1a: Amoonguss|Water
|move|p1b: Indeedee|Protect|p1b: Indeedee
|-singleturn|p1b: Indeedee|Protect
|move|p2a: Primarina|Calm Mind|p2a: Primarina
|-boost|p2a: Primarina|spa|1
|-boost|p2a: Primarina|spd|1
|move|p2b: Incineroar|Taunt|p1a: Amoonguss
|-start|p1a: Amoonguss|move: Taunt
|cant|p1a: Amoonguss|move: Taunt|Spore
|
|-weather|Sandstorm|[upkeep]
|-damage|p1b: Indeedee|88/100|[from] Sandstorm
|-damage|p2a: Primarina|95/100|[from] Sandstorm
|-damage|p1a: Amoonguss|89/100|[from] Sandstorm
|-heal|p2a: Primarina|100/100|[from] item: Leftovers
|upkeep
|turn|3
|
|t:|1756581709
|switch|p1b: Tyranitar|Tyranitar, L50, F|100/100
|move|p2a: Primarina|Moonblast|p1a: Amoonguss
|-damage|p1a: Amoonguss|0 fnt
|faint|p1a: Amoonguss
|move|p2b: Incineroar|Knock Off|p1b: Tyranitar
|-resisted|p1b: Tyranitar
|-damage|p1b: Tyranitar|84/100
|-enditem|p1b: Tyranitar|Assault Vest|[from] move: Knock Off|[of] p2b: Incineroar
|
|-weather|Sandstorm|[upkeep]
|-damage|p2a: Primarina|95/100|[from] Sandstorm
|-heal|p2a: Primarina|100/100|[from] item: Leftovers
|upkeep
|
|t:|1756581717
|switch|p1a: Garchomp|Garchomp, L50, F|100/100
|turn|4
|
|t:|1756581729
|switch|p2b: Pelipper|Pelipper, L50, F|100/100
|-weather|RainDance|[from] ability: Drizzle|[of] p2b: Pelipper
|move|p2a: Primarina|Protect|p2a: Primarina
|-singleturn|p2a: Primarina|Protect
|move|p1a: Garchomp|Rock Slide|p2b: Pelipper|[spread] p2b
|-activate|p2a: Primarina|move: Protect
|-supereffective|p2b: Pelipper
|-damage|p2b: Pelipper|29/100
|-damage|p1a: Garchomp|91/100|[from] item: Life Orb
|move|p1b: Tyranitar|Rock Slide|p2a: Primarina|[spread] p2b
|-activate|p2a: Primarina|move: Protect
|-supereffective|p2b: Pelipper
|-damage|p2b: Pelipper|0 fnt
|faint|p2b: Pelipper
|
|-weather|RainDance|[upkeep]
|upkeep
|
|t:|1756581732
|switch|p2b: Incineroar|Incineroar, L50, M|100/100
|-ability|p2b: Incineroar|Intimidate|boost
|-unboost|p1a: Garchomp|atk|1
|-unboost|p1b: Tyranitar|atk|1
|turn|5
|inactive|Jetboy57 has 30 seconds left.
|
|t:|1756581763
|switch|p1b: Indeedee|Indeedee, L50, M|88/100
|switch|p2b: Sinistcha|Sinistcha, L50|100/100
|move|p1a: Garchomp|Protect|p1a: Garchomp
|-singleturn|p1a: Garchomp|Protect
|move|p2a: Primarina|Hyper Voice|p1a: Garchomp|[spread] p1b
|-activate|p1a: Garchomp|move: Protect
|-damage|p1b: Indeedee|0 fnt
|faint|p1b: Indeedee
|
|-weather|RainDance|[upkeep]
|-fieldend|move: Psychic Terrain
|upkeep
|
|t:|1756581772
|switch|p1b: Tyranitar|Tyranitar, L50, F|84/100
|-weather|Sandstorm|[from] ability: Sand Stream|[of] p1b: Tyranitar
|turn|6
|inactive|Jetboy57 has 30 seconds left.
|
|t:|1756581799
|switch|p2b: Incineroar|Incineroar, L50, M|100/100
|-ability|p2b: Incineroar|Intimidate|boost
|-unboost|p1a: Garchomp|atk|1
|-unboost|p1b: Tyranitar|atk|1
|move|p1a: Garchomp|Rock Slide|p2b: Incineroar|[spread] p2a,p2b
|-supereffective|p2b: Incineroar
|-damage|p2a: Primarina|86/100
|-damage|p2b: Incineroar|77/100
|-damage|p1a: Garchomp|81/100|[from] item: Life Orb
|move|p1b: Tyranitar|Rock Slide|p2b: Incineroar|[spread] p2a,p2b
|-supereffective|p2b: Incineroar
|-damage|p2a: Primarina|59/100
|-damage|p2b: Incineroar|38/100
|cant|p2a: Primarina|flinch
|
|-weather|Sandstorm|[upkeep]
|-damage|p2a: Primarina|53/100|[from] Sandstorm
|-heal|p2a: Primarina|59/100|[from] item: Leftovers
|upkeep
|turn|7
|
|t:|1756581819
|switch|p2b: Sinistcha|Sinistcha, L50|100/100
|-heal|p2a: Primarina|84/100|[from] ability: Hospitality|[of] p2b: Sinistcha
|move|p1a: Garchomp|Protect|p1a: Garchomp
|-singleturn|p1a: Garchomp|Protect
|move|p2a: Primarina|Protect|p2a: Primarina
|-singleturn|p2a: Primarina|Protect
|move|p1b: Tyranitar|Rock Slide|p2a: Primarina|[spread] p2b
|-activate|p2a: Primarina|move: Protect
|-damage|p2b: Sinistcha|86/100
|
|-weather|Sandstorm|[upkeep]
|-damage|p2a: Primarina|78/100|[from] Sandstorm
|-damage|p2b: Sinistcha|80/100|[from] Sandstorm
|-heal|p2a: Primarina|84/100|[from] item: Leftovers
|upkeep
|turn|8
|
|t:|1756581832
|switch|p2b: Incineroar|Incineroar, L50, M|38/100
|-ability|p2b: Incineroar|Intimidate|boost
|-unboost|p1a: Garchomp|atk|1
|-unboost|p1b: Tyranitar|atk|1
|move|p1a: Garchomp|Rock Slide|p2b: Incineroar|[spread] p2a,p2b
|-supereffective|p2b: Incineroar
|-damage|p2a: Primarina|71/100
|-damage|p2b: Incineroar|18/100
|-damage|p1a: Garchomp|71/100|[from] item: Life Orb
|move|p1b: Tyranitar|Rock Slide|p2a: Primarina|[spread] p2b
|-miss|p1b: Tyranitar|p2a: Primarina
|-supereffective|p2b: Incineroar
|-damage|p2b: Incineroar|0 fnt
|faint|p2b: Incineroar
|cant|p2a: Primarina|flinch
|
|-weather|Sandstorm|[upkeep]
|-damage|p2a: Primarina|65/100|[from] Sandstorm
|-heal|p2a: Primarina|71/100|[from] item: Leftovers
|upkeep
|
|t:|1756581844
|switch|p2b: Sinistcha|Sinistcha, L50|80/100
|-heal|p2a: Primarina|96/100|[from] ability: Hospitality|[of] p2b: Sinistcha
|turn|9
|
|t:|1756581852
|move|p1a: Garchomp|Rock Slide|p2a: Primarina|[spread] p2a,p2b
|-damage|p2a: Primarina|84/100
|-damage|p2b: Sinistcha|73/100
|-damage|p1a: Garchomp|61/100|[from] item: Life Orb
|move|p1b: Tyranitar|Rock Slide|p2a: Primarina|[spread] p2a,p2b
|-damage|p2a: Primarina|66/100
|-damage|p2b: Sinistcha|61/100
|move|p2a: Primarina|Hyper Voice|p1a: Garchomp|[spread] p1a,p1b
|-supereffective|p1b: Tyranitar
|-damage|p1a: Garchomp|0 fnt
|-damage|p1b: Tyranitar|0 fnt
|faint|p1a: Garchomp
|faint|p1b: Tyranitar
|
|win|Testacc203
||Testacc203 is ready for game 2.
|inactive|Jetboy57 has 30 seconds to confirm battle start!
||Jetboy57 is ready for game 2.
|uhtml|next|Next: Game 2 of 3
