|j|☆kushala25
|j|☆Missed Ledgedash
|html|kushala25Missed Ledgedash    
|uhtml|bestof|Game 3 of a best-of-3
|t:|1782419461
|gametype|doubles
|player|p1|kushala25|marshal|1096
|player|p2|Missed Ledgedash|juan-gen3|1246
|gen|9
|tier|[Gen 9 Champions] VGC 2026 Reg M-B (Bo3)
|rated|
|rule|Species Clause: Limit one of each Pokémon
|rule|Item Clause: Limit 1 of each item
|clearpoke
|poke|p1|Metagross, L50|
|poke|p1|Staraptor, L50, M|
|poke|p1|Milotic, L50, F|
|poke|p1|Whimsicott, L50, M|
|poke|p1|Typhlosion-Hisui, L50, M|
|poke|p1|Garchomp, L50, F|
|poke|p2|Incineroar, L50, F|
|poke|p2|Gengar, L50, F|
|poke|p2|Staraptor, L50, F|
|poke|p2|Basculegion, L50, M|
|poke|p2|Sneasler, L50, M|
|poke|p2|Kingambit, L50, F|
|teampreview|4
|showteam|p1|Metagross||Metagrossite|ClearBody|PsychicFangs,HardPress,StompingTantrum,CosmicPower|Adamant|||||50|]Staraptor||Staraptite|Intimidate|CloseCombat,BraveBird,Protect,Roost|Jolly||M|||50|]Milotic||SitrusBerry|Competitive|LightScreen,Scald,Recover,AlluringVoice|Bold||F|||50|]Whimsicott||FocusSash|Prankster|Moonblast,Tailwind,Charm,FakeTears|Timid||M|||50|]Typhlosion-Hisui||ChoiceScarf|Frisk|Eruption,HeatWave,ShadowBall,WillOWisp|Timid||M|||50|]Garchomp||LifeOrb|RoughSkin|DragonClaw,RockTomb,StompingTantrum,PoisonJab|Jolly||F|||50|
|showteam|p2|Incineroar||SitrusBerry|Intimidate|Protect,FlareBlitz,PartingShot,FakeOut|Relaxed||F|||50|]Gengar||Gengarite|CursedBody|Protect,ShadowBall,SludgeBomb,PerishSong|Timid||F|||50|]Staraptor||Staraptite|Intimidate|Protect,CloseCombat,BraveBird,FinalGambit|Jolly||F|||50|]Basculegion||MysticWater|Adaptability|Protect,WaveCrash,LastRespects,AquaJet|Adamant||M|||50|]Sneasler||WhiteHerb|Unburden|Protect,CloseCombat,DireClaw,FakeOut|Adamant||M|||50|]Kingambit||ChopleBerry|Defiant|Protect,KowtowCleave,SuckerPunch,LowKick|Adamant||F|||50|
|
|t:|1782419611
|teamsize|p1|4
|teamsize|p2|4
|start
|switch|p1a: Staraptor|Staraptor, L50, M|100/100
|switch|p1b: Typhlosion|Typhlosion-Hisui, L50, M|100/100
|switch|p2a: Gengar|Gengar, L50, F|100/100
|switch|p2b: Incineroar|Incineroar, L50, F|100/100
|-item|p2a: Gengar|Gengarite|[from] ability: Frisk|[of] p1b: Typhlosion
|-item|p2b: Incineroar|Sitrus Berry|[from] ability: Frisk|[of] p1b: Typhlosion
|-ability|p1a: Staraptor|Intimidate|boost
|-unboost|p2a: Gengar|atk|1
|-unboost|p2b: Incineroar|atk|1
|-ability|p2b: Incineroar|Intimidate|boost
|-unboost|p1a: Staraptor|atk|1
|-unboost|p1b: Typhlosion|atk|1
|turn|1
|
|t:|1782419633
|switch|p1a: Whimsicott|Whimsicott, L50, M|100/100
|detailschange|p2a: Gengar|Gengar-Mega, L50, F
|-mega|p2a: Gengar|Gengar|Gengarite
|move|p2a: Gengar|Protect|p2a: Gengar
|-singleturn|p2a: Gengar|Protect
|move|p1b: Typhlosion|Shadow Ball|p2a: Gengar
|-activate|p2a: Gengar|move: Protect
|move|p2b: Incineroar|Parting Shot|p1b: Typhlosion
|-unboost|p1b: Typhlosion|atk|1
|-unboost|p1b: Typhlosion|spa|1
|
|t:|1782419647
|switch|p2b: Basculegion|Basculegion, L50, M|100/100|[from] Parting Shot
|
|upkeep
|turn|2
|
|t:|1782419653
|move|p1a: Whimsicott|Charm|p2b: Basculegion
|-unboost|p2b: Basculegion|atk|2
|move|p1b: Typhlosion|Shadow Ball|p2a: Gengar
|-supereffective|p2a: Gengar|1
|-damage|p2a: Gengar|39/100
|move|p2a: Gengar|Shadow Ball|p1b: Typhlosion
|-supereffective|p1b: Typhlosion|1
|-damage|p1b: Typhlosion|0 fnt
|faint|p1b: Typhlosion
|move|p2b: Basculegion|Wave Crash|p1a: Whimsicott
|-resisted|p1a: Whimsicott|1
|-damage|p1a: Whimsicott|60/100
|-damage|p2b: Basculegion|91/100|[from] Recoil
|
|upkeep
|
|t:|1782419666
|switch|p1b: Staraptor|Staraptor, L50, M|100/100
|-ability|p1b: Staraptor|Intimidate|boost
|-unboost|p2a: Gengar|atk|1
|-unboost|p2b: Basculegion|atk|1
|turn|3
|
|t:|1782419682
|switch|p2b: Incineroar|Incineroar, L50, F|100/100
|-ability|p2b: Incineroar|Intimidate|boost
|-unboost|p1a: Whimsicott|atk|1
|-unboost|p1b: Staraptor|atk|1
|detailschange|p1b: Staraptor|Staraptor-Mega, L50, M
|-mega|p1b: Staraptor|Staraptor|Staraptite
|move|p2a: Gengar|Protect|p2a: Gengar
|-singleturn|p2a: Gengar|Protect
|move|p1a: Whimsicott|Tailwind|p1a: Whimsicott
|-sidestart|p1: kushala25|move: Tailwind
|move|p1b: Staraptor|Brave Bird|p2a: Gengar
|-activate|p2a: Gengar|move: Protect
|
|upkeep
|turn|4
|
|t:|1782419696
|move|p2b: Incineroar|Fake Out|p1b: Staraptor
|-damage|p1b: Staraptor|88/100
|move|p1a: Whimsicott|Charm|p1b: Staraptor
|-boost|p1b: Staraptor|atk|2
|cant|p1b: Staraptor|flinch
|move|p2a: Gengar|Perish Song|p2a: Gengar
|-start|p1a: Whimsicott|perish3|[silent]
|-start|p1b: Staraptor|perish3|[silent]
|-start|p2a: Gengar|perish3|[silent]
|-start|p2b: Incineroar|perish3|[silent]
|-fieldactivate|move: Perish Song
|
|-start|p1a: Whimsicott|perish3
|-start|p1b: Staraptor|perish3
|-start|p2a: Gengar|perish3
|-start|p2b: Incineroar|perish3
|upkeep
|turn|5
|
|t:|1782419709
|move|p2a: Gengar|Protect|p2a: Gengar
|-singleturn|p2a: Gengar|Protect
|move|p2b: Incineroar|Protect|p2b: Incineroar
|-singleturn|p2b: Incineroar|Protect
|move|p1a: Whimsicott|Fake Tears|p1b: Staraptor
|-boost|p1b: Staraptor|spd|2
|move|p1b: Staraptor|Close Combat|p2b: Incineroar
|-activate|p2b: Incineroar|move: Protect
|
|-start|p1a: Whimsicott|perish2
|-start|p1b: Staraptor|perish2
|-start|p2a: Gengar|perish2
|-start|p2b: Incineroar|perish2
|upkeep
|turn|6
|
|t:|1782419741
|switch|p2a: Sneasler|Sneasler, L50, M|100/100
|move|p1a: Whimsicott|Charm|p1b: Staraptor
|-boost|p1b: Staraptor|atk|2
|move|p1b: Staraptor|Brave Bird|p2a: Sneasler
|-supereffective|p2a: Sneasler|1
|-damage|p2a: Sneasler|0 fnt
|faint|p2a: Sneasler
|-damage|p1b: Staraptor|54/100|[from] Recoil
|move|p2b: Incineroar|Parting Shot|p1a: Whimsicott
|-unboost|p1a: Whimsicott|atk|1
|-unboost|p1a: Whimsicott|spa|1
|
|t:|1782419753
|switch|p2b: Gengar|Gengar-Mega, L50, F|39/100|[from] Parting Shot
|
|-start|p1a: Whimsicott|perish1
|-start|p1b: Staraptor|perish1
|-sideend|p1: kushala25|move: Tailwind
|upkeep
|
|t:|1782419755
|switch|p2a: Basculegion|Basculegion, L50, M|91/100
|turn|7
|
|t:|1782419770
|move|p2b: Gengar|Protect|p2b: Gengar
|-singleturn|p2b: Gengar|Protect
|move|p2a: Basculegion|Protect|p2a: Basculegion
|-singleturn|p2a: Basculegion|Protect
|move|p1a: Whimsicott|Tailwind|p1a: Whimsicott
|-sidestart|p1: kushala25|move: Tailwind
|move|p1b: Staraptor|Brave Bird|p2a: Basculegion
|-activate|p2a: Basculegion|move: Protect
|
|-start|p1a: Whimsicott|perish0
|-start|p1b: Staraptor|perish0
|faint|p1a: Whimsicott
|faint|p1b: Staraptor
|upkeep
|
|t:|1782419776
|switch|p1b: Garchomp|Garchomp, L50, F|100/100
|turn|8
|
|t:|1782419790
|switch|p2b: Incineroar|Incineroar, L50, F|100/100
|-ability|p2b: Incineroar|Intimidate|boost
|-unboost|p1b: Garchomp|atk|1
|move|p1b: Garchomp|Stomping Tantrum|p2b: Incineroar
|-supereffective|p2b: Incineroar|1
|-damage|p2b: Incineroar|52/100
|-damage|p1b: Garchomp|90/100|[from] item: Life Orb
|move|p2a: Basculegion|Last Respects|p1b: Garchomp
|-damage|p1b: Garchomp|17/100
|
|upkeep
|turn|9
|
|t:|1782419803
|move|p2b: Incineroar|Fake Out|p1b: Garchomp
|-damage|p1b: Garchomp|7/100
|-damage|p2b: Incineroar|40/100|[from] ability: Rough Skin|[of] p1b: Garchomp
|-enditem|p2b: Incineroar|Sitrus Berry|[eat]
|-heal|p2b: Incineroar|64/100|[from] item: Sitrus Berry
|cant|p1b: Garchomp|flinch
|move|p2a: Basculegion|Last Respects|p1b: Garchomp
|-damage|p1b: Garchomp|0 fnt
|faint|p1b: Garchomp
|
|win|Missed Ledgedash
|raw|kushala25's rating: 1096 → 1082(-14 for losing)
|raw|Missed Ledgedash's rating: 1246 → 1261(+15 for winning)
