|j|☆Prepucio Santos
|j|☆is_katabo
|html|Prepucio Santosis_katabo    
|uhtml|bestof|Game 1 of a best-of-3
|t:|1784319470
|gametype|doubles
|player|p1|Prepucio Santos|striker|1197
|player|p2|is_katabo|youngster-gen4dp|1271
|gen|9
|tier|[Gen 9 Champions] VGC 2026 Reg M-B (Bo3)
|rated|
|rule|Species Clause: Limit one of each Pokémon
|rule|Item Clause: Limit 1 of each item
|clearpoke
|poke|p1|Swampert, L50, F|
|poke|p1|Floette-Eternal, L50, F|
|poke|p1|Pelipper, L50, M|
|poke|p1|Grimmsnarl, L50, M|
|poke|p1|Sinistcha, L50|
|poke|p1|Archaludon, L50, M|
|poke|p2|Metagross, L50|
|poke|p2|Sinistcha, L50|
|poke|p2|Incineroar, L50, M|
|poke|p2|Dragonite, L50, F|
|poke|p2|Ninetales-Alola, L50, F|
|poke|p2|Milotic, L50, F|
|teampreview|4
|showteam|p1|Swampert||Swampertite|Torrent|WaveCrash,Earthquake,IcePunch,Protect|Adamant||F|||50|]Floette-Eternal||Floettite|FlowerVeil|Moonblast,DazzlingGleam,CalmMind,Protect|Modest||F|||50|]Pelipper||FocusSash|Drizzle|Hurricane,WeatherBall,Tailwind,WideGuard|Modest||M|||50|]Grimmsnarl||LightClay|Prankster|Reflect,LightScreen,PartingShot,FoulPlay|Careful||M|||50|]Sinistcha||CobaBerry|Hospitality|MatchaGotcha,LifeDew,TrickRoom,RagePowder|Relaxed|||||50|]Archaludon||Leftovers|Stamina|ElectroShot,DragonPulse,FlashCannon,Protect|Modest||M|||50|
|showteam|p2|Metagross||Metagrossite|ClearBody|PsychicFangs,BodyPress,CosmicPower,Protect|Careful|||||50|]Sinistcha||KasibBerry|Hospitality|MatchaGotcha,ShadowBall,RagePowder,Protect|Bold|||||50|]Incineroar||SitrusBerry|Intimidate|FakeOut,DarkestLariat,FlareBlitz,PartingShot|Careful||M|||50|]Dragonite||Dragoninite|Multiscale|DragonPulse,HeatWave,Thunderbolt,Protect|Timid||F|||50|]Ninetales-Alola||FocusSash|SnowWarning|Blizzard,AuroraVeil,Encore,Protect|Timid||F|||50|]Milotic||Leftovers|Competitive|MuddyWater,Hypnosis,Coil,Protect|Calm||F|||50|
|
|t:|1784319508
|teamsize|p1|4
|teamsize|p2|4
|start
|switch|p1a: Grimmsnarl|Grimmsnarl, L50, M|100/100
|switch|p1b: Swampert|Swampert, L50, F|100/100
|switch|p2a: Milotic|Milotic, L50, F|100/100
|switch|p2b: Dragonite|Dragonite, L50, F|100/100
|turn|1
|
|t:|1784319527
|detailschange|p1b: Swampert|Swampert-Mega, L50, F
|-mega|p1b: Swampert|Swampert|Swampertite
|move|p2b: Dragonite|Protect|p2b: Dragonite
|-singleturn|p2b: Dragonite|Protect
|move|p1b: Swampert|Ice Punch|p2b: Dragonite
|-activate|p2b: Dragonite|move: Protect
|move|p2a: Milotic|Coil|p2a: Milotic
|-boost|p2a: Milotic|atk|1
|-boost|p2a: Milotic|def|1
|-boost|p2a: Milotic|accuracy|1
|move|p1a: Grimmsnarl|Foul Play|p2b: Dragonite
|-activate|p2b: Dragonite|move: Protect
|
|upkeep
|turn|2
|
|t:|1784319555
|detailschange|p2b: Dragonite|Dragonite-Mega, L50, F
|-mega|p2b: Dragonite|Dragonite|Dragoninite
|move|p1a: Grimmsnarl|Parting Shot|p2b: Dragonite
|-unboost|p2b: Dragonite|atk|1
|-unboost|p2b: Dragonite|spa|1
|
|t:|1784319559
|switch|p1a: Pelipper|Pelipper, L50, M|100/100|[from] Parting Shot
|-weather|RainDance|[from] ability: Drizzle|[of] p1a: Pelipper
|move|p1b: Swampert|Ice Punch|p2b: Dragonite
|-supereffective|p2b: Dragonite|2
|-damage|p2b: Dragonite|40/100
|move|p2b: Dragonite|Dragon Pulse|p1b: Swampert
|-damage|p1b: Swampert|67/100
|move|p2a: Milotic|Coil|p2a: Milotic
|-boost|p2a: Milotic|atk|1
|-boost|p2a: Milotic|def|1
|-boost|p2a: Milotic|accuracy|1
|
|-weather|RainDance|[upkeep]
|upkeep
|turn|3
|
|t:|1784319589
|switch|p2b: Sinistcha|Sinistcha, L50|100/100
|move|p1b: Swampert|Protect|p1b: Swampert
|-singleturn|p1b: Swampert|Protect
|move|p1a: Pelipper|Hurricane|p2a: Milotic
|-damage|p2a: Milotic|72/100
|-start|p2a: Milotic|confusion
|-activate|p2a: Milotic|confusion
|-damage|p2a: Milotic|67/100|[from] confusion
|
|-weather|RainDance|[upkeep]
|-heal|p2a: Milotic|73/100|[from] item: Leftovers
|upkeep
|turn|4
|
|t:|1784319610
|switch|p2b: Dragonite|Dragonite-Mega, L50, F|40/100
|move|p1b: Swampert|Ice Punch|p2b: Dragonite
|-supereffective|p2b: Dragonite|2
|-damage|p2b: Dragonite|0 fnt
|faint|p2b: Dragonite
|move|p1a: Pelipper|Hurricane|p2a: Milotic
|-damage|p2a: Milotic|43/100
|-end|p2a: Milotic|confusion
|move|p2a: Milotic|Muddy Water|p1b: Swampert|[spread] p1a,p1b
|-resisted|p1a: Pelipper|1
|-damage|p1a: Pelipper|69/100
|-damage|p1b: Swampert|34/100
|-unboost|p1b: Swampert|accuracy|1
|
|-weather|RainDance|[upkeep]
|-heal|p2a: Milotic|49/100|[from] item: Leftovers
|upkeep
|
|t:|1784319625
|switch|p2b: Sinistcha|Sinistcha, L50|100/100
|-heal|p2a: Milotic|74/100|[from] ability: Hospitality|[of] p2b: Sinistcha
|turn|5
|
|t:|1784319646
|switch|p1a: Archaludon|Archaludon, L50, M|100/100
|move|p1b: Swampert|Protect|p1b: Swampert
|-singleturn|p1b: Swampert|Protect
|move|p2b: Sinistcha|Rage Powder|p2b: Sinistcha
|-singleturn|p2b: Sinistcha|move: Rage Powder
|move|p2a: Milotic|Hypnosis|p1a: Archaludon
|-status|p1a: Archaludon|slp|[from] move: Hypnosis
|
|-weather|RainDance|[upkeep]
|-heal|p2a: Milotic|80/100|[from] item: Leftovers
|upkeep
|turn|6
|
|t:|1784319663
|switch|p1b: Grimmsnarl|Grimmsnarl, L50, M|100/100
|cant|p1a: Archaludon|slp
|move|p2a: Milotic|Muddy Water|p1b: Grimmsnarl|[spread] p1a,p1b
|-resisted|p1a: Archaludon|1
|-crit|p1a: Archaludon
|-damage|p1a: Archaludon|74/100 slp
|-damage|p1b: Grimmsnarl|68/100
|-ability|p1a: Archaludon|Stamina|boost
|-boost|p1a: Archaludon|def|1
|move|p2b: Sinistcha|Matcha Gotcha|p1a: Archaludon|[spread] p1a,p1b
|-resisted|p1a: Archaludon|2
|-damage|p1a: Archaludon|68/100 slp
|-damage|p1b: Grimmsnarl|46/100
|-ability|p1a: Archaludon|Stamina|boost
|-boost|p1a: Archaludon|def|1
|
|-weather|none
|-heal|p1a: Archaludon|74/100 slp|[from] item: Leftovers
|-heal|p2a: Milotic|86/100|[from] item: Leftovers
|upkeep
|turn|7
|
|t:|1784319689
|move|p1b: Grimmsnarl|Parting Shot|p2b: Sinistcha
|-unboost|p2b: Sinistcha|atk|1
|-unboost|p2b: Sinistcha|spa|1
|
|t:|1784319692
|switch|p1b: Pelipper|Pelipper, L50, M|69/100|[from] Parting Shot
|-weather|RainDance|[from] ability: Drizzle|[of] p1b: Pelipper
|cant|p1a: Archaludon|slp
|move|p2a: Milotic|Hypnosis|p1b: Pelipper
|-status|p1b: Pelipper|slp|[from] move: Hypnosis
|move|p2b: Sinistcha|Matcha Gotcha|p1b: Pelipper|[spread] p1a,p1b
|-resisted|p1a: Archaludon|2
|-damage|p1a: Archaludon|70/100 slp
|-damage|p1b: Pelipper|40/100 slp
|-ability|p1a: Archaludon|Stamina|boost
|-boost|p1a: Archaludon|def|1
|
|-weather|RainDance|[upkeep]
|-heal|p1a: Archaludon|76/100 slp|[from] item: Leftovers
|-heal|p2a: Milotic|92/100|[from] item: Leftovers
|upkeep
|turn|8
|
|t:|1784319712
|move|p2b: Sinistcha|Rage Powder|p2b: Sinistcha
|-singleturn|p2b: Sinistcha|move: Rage Powder
|cant|p1b: Pelipper|slp
|-curestatus|p1a: Archaludon|slp|[msg]
|move|p1a: Archaludon|Electro Shot||[still]
|-prepare|p1a: Archaludon|Electro Shot
|-boost|p1a: Archaludon|spa|1
|-anim|p1a: Archaludon|Electro Shot|p2b: Sinistcha
|-resisted|p2b: Sinistcha|1
|-damage|p2b: Sinistcha|73/100
|move|p2a: Milotic|Hypnosis|p1a: Archaludon
|-status|p1a: Archaludon|slp|[from] move: Hypnosis
|
|-weather|RainDance|[upkeep]
|-heal|p1a: Archaludon|82/100 slp|[from] item: Leftovers
|-heal|p2a: Milotic|98/100|[from] item: Leftovers
|upkeep
|turn|9
|
|t:|1784319732
|cant|p1b: Pelipper|slp
|cant|p1a: Archaludon|slp
|move|p2a: Milotic|Muddy Water|p1b: Pelipper|[spread] p1a,p1b
|-resisted|p1a: Archaludon|1
|-resisted|p1b: Pelipper|1
|-damage|p1a: Archaludon|63/100 slp
|-damage|p1b: Pelipper|10/100 slp
|-ability|p1a: Archaludon|Stamina|boost
|-boost|p1a: Archaludon|def|1
|move|p2b: Sinistcha|Shadow Ball|p1a: Archaludon
|-damage|p1a: Archaludon|40/100 slp
|-ability|p1a: Archaludon|Stamina|boost
|-boost|p1a: Archaludon|def|1
|
|-weather|RainDance|[upkeep]
|-heal|p1a: Archaludon|46/100 slp|[from] item: Leftovers
|-heal|p2a: Milotic|100/100|[from] item: Leftovers
|upkeep
|turn|10
|
|t:|1784319753
|move|p2b: Sinistcha|Rage Powder|p2b: Sinistcha
|-singleturn|p2b: Sinistcha|move: Rage Powder
|-curestatus|p1b: Pelipper|slp|[msg]
|move|p1b: Pelipper|Hurricane|p2b: Sinistcha
|-supereffective|p2b: Sinistcha|1
|-damage|p2b: Sinistcha|0 fnt
|faint|p2b: Sinistcha
|cant|p1a: Archaludon|slp
|move|p2a: Milotic|Muddy Water|p1a: Archaludon|[spread] p1a,p1b
|-resisted|p1a: Archaludon|1
|-resisted|p1b: Pelipper|1
|-damage|p1a: Archaludon|28/100 slp
|-damage|p1b: Pelipper|0 fnt
|-ability|p1a: Archaludon|Stamina|boost
|-boost|p1a: Archaludon|def|1
|faint|p1b: Pelipper
|
|-weather|RainDance|[upkeep]
|-heal|p1a: Archaludon|34/100 slp|[from] item: Leftovers
|upkeep
|
|t:|1784319768
|switch|p1b: Grimmsnarl|Grimmsnarl, L50, M|46/100
|switch|p2b: Ninetales|Ninetales-Alola, L50, F|100/100
|-weather|Snowscape|[from] ability: Snow Warning|[of] p2b: Ninetales
|turn|11
|
|t:|1784319789
|-curestatus|p1a: Archaludon|slp|[msg]
|move|p1a: Archaludon|Protect|p1a: Archaludon
|-singleturn|p1a: Archaludon|Protect
|move|p1b: Grimmsnarl|Parting Shot|p2b: Ninetales
|-unboost|p2b: Ninetales|atk|1
|-unboost|p2b: Ninetales|spa|1
|
|t:|1784319794
|switch|p1b: Swampert|Swampert-Mega, L50, F|34/100|[from] Parting Shot
|move|p2b: Ninetales|Blizzard|p1a: Archaludon|[spread] p1b
|-activate|p1a: Archaludon|move: Protect
|-damage|p1b: Swampert|15/100
|move|p2a: Milotic|Muddy Water|p1b: Swampert|[spread] p1b
|-activate|p1a: Archaludon|move: Protect
|-damage|p1b: Swampert|0 fnt
|faint|p1b: Swampert
|
|-weather|Snowscape|[upkeep]
|-heal|p1a: Archaludon|40/100|[from] item: Leftovers
|upkeep
|
|t:|1784319796
|switch|p1b: Grimmsnarl|Grimmsnarl, L50, M|46/100
|turn|12
|
|t:|1784319816
|move|p1b: Grimmsnarl|Light Screen|p1b: Grimmsnarl
|-sidestart|p1: Prepucio Santos|move: Light Screen
|move|p2b: Ninetales|Encore|p1a: Archaludon
|-start|p1a: Archaludon|Encore
|move|p1a: Archaludon|Protect||[still]
|-fail|p1a: Archaludon
|move|p2a: Milotic|Muddy Water|p1a: Archaludon|[spread] p1a,p1b
|-resisted|p1a: Archaludon|1
|-damage|p1a: Archaludon|33/100
|-damage|p1b: Grimmsnarl|31/100
|-unboost|p1a: Archaludon|accuracy|1
|
|-weather|Snowscape|[upkeep]
|-heal|p1a: Archaludon|39/100|[from] item: Leftovers
|upkeep
|turn|13
|-message|Prepucio Santos forfeited.
|
|win|is_katabo
||Prepucio Santos is ready for game 2.
||is_katabo is ready for game 2.
|uhtml|next|Next: Game 2 of 3
|l|☆Prepucio Santos
|player|p1|
