|j|☆IngeVGC
|j|☆elmono11
|html|IngeVGCelmono11    
|uhtml|bestof|Game 2 of a best-of-3
|t:|1756236429
|gametype|doubles
|player|p1|IngeVGC|fisherman-gen4|1319
|player|p2|elmono11|265|1230
|gen|9
|tier|[Gen 9] VGC 2025 Reg H (Bo3)
|rated|
|rule|Species Clause: Limit one of each Pokémon
|rule|Item Clause: Limit 1 of each item
|clearpoke
|poke|p1|Kingambit, L50, F|
|poke|p1|Rillaboom, L50, M|
|poke|p1|Electabuzz, L50, M|
|poke|p1|Volcarona, L50, F|
|poke|p1|Sneasler, L50, F|
|poke|p1|Dragonite, L50, F|
|poke|p2|Gholdengo, L50|
|poke|p2|Sneasler, L50, M|
|poke|p2|Rillaboom, L50, M|
|poke|p2|Dragonite, L50, F|
|poke|p2|Ninetales-Alola, L50, F|
|poke|p2|Arcanine-Hisui, L50, F|
|teampreview|4
|showteam|p1|Kingambit||BlackGlasses|Defiant|Protect,KowtowCleave,SuckerPunch,SwordsDance|||F|||50|,,,,,Dark]Rillaboom||AssaultVest|GrassySurge|WoodHammer,GrassyGlide,HighHorsepower,FakeOut|||M|||50|,,,,,Fire]Electabuzz||Eviolite|VitalSpirit|Protect,Thunderbolt,HelpingHand,FollowMe|||M|||50|,,,,,Ghost]Volcarona||CovertCloak|FlameBody|Protect,HeatWave,TeraBlast,QuiverDance|||F|||50|,,,,,Fairy]Sneasler||FocusSash|Unburden|CloseCombat,DireClaw,Coaching,FakeOut|||F|||50|,,,,,Stellar]Dragonite||LoadedDice|Multiscale|ScaleShot,Haze,ExtremeSpeed,Protect|||F|||50|,,,,,Fairy
|showteam|p2|Gholdengo||GrassySeed|GoodasGold|NastyPlot,MakeItRain,ShadowBall,Protect||||||50|,,,,,Water]Sneasler||WhiteHerb|Unburden|CloseCombat,DireClaw,Coaching,Protect|||M|||50|,,,,,Ghost]Rillaboom||AssaultVest|GrassySurge|FakeOut,GrassyGlide,DrumBeating,HighHorsepower|||M|||50|,,,,,Fire]Dragonite||LoadedDice|Multiscale|ScaleShot,Haze,Tailwind,Protect|||F|||50|,,,,,Steel]Ninetales-Alola||FocusSash|SnowWarning|Blizzard,IcyWind,Encore,AuroraVeil|||F|||50|,,,,,Ghost]Arcanine-Hisui||ClearAmulet|Intimidate|RockSlide,FlareBlitz,ExtremeSpeed,Protect|||F|||50|,,,,,Water
|inactive|Battle timer is ON: inactive players will automatically lose when time's up. (requested by elmono11)
|inactive|elmono11 has 60 seconds left.
|
|t:|1756236465
|teamsize|p1|4
|teamsize|p2|4
|start
|switch|p1a: Volcarona|Volcarona, L50, F|100/100
|switch|p1b: Vanessa|Sneasler, L50, F|100/100
|switch|p2a: Dragonite|Dragonite, L50, F|100/100
|switch|p2b: Ninetales|Ninetales-Alola, L50, F|100/100
|-weather|Snowscape|[from] ability: Snow Warning|[of] p2b: Ninetales
|turn|1
|
|t:|1756236483
|move|p1b: Vanessa|Fake Out|p2b: Ninetales
|-damage|p2b: Ninetales|86/100
|cant|p2b: Ninetales|flinch
|move|p1a: Volcarona|Quiver Dance|p1a: Volcarona
|-boost|p1a: Volcarona|spa|1
|-boost|p1a: Volcarona|spd|1
|-boost|p1a: Volcarona|spe|1
|move|p2a: Dragonite|Scale Shot|p1b: Vanessa
|-damage|p1b: Vanessa|75/100
|-damage|p1b: Vanessa|50/100
|-damage|p1b: Vanessa|27/100
|-damage|p1b: Vanessa|1/100
|-hitcount|p1b: Vanessa|4
|-unboost|p2a: Dragonite|def|1
|-boost|p2a: Dragonite|spe|1
|
|-weather|Snowscape|[upkeep]
|upkeep
|turn|2
|inactive|IngeVGC has 30 seconds left.
|inactive|elmono11 has 30 seconds left.
|inactive|IngeVGC has 20 seconds left.
|inactive|elmono11 has 20 seconds left.
|inactive|elmono11 has 15 seconds left.
|
|t:|1756236525
|move|p1a: Volcarona|Protect|p1a: Volcarona
|-singleturn|p1a: Volcarona|Protect
|move|p2a: Dragonite|Protect|p2a: Dragonite
|-singleturn|p2a: Dragonite|Protect
|move|p1b: Vanessa|Dire Claw|p2b: Ninetales
|-supereffective|p2b: Ninetales
|-damage|p2b: Ninetales|0 fnt
|faint|p2b: Ninetales
|
|-weather|Snowscape|[upkeep]
|upkeep
|
|t:|1756236528
|switch|p2b: Arcanine|Arcanine-Hisui, L50, F|100/100
|-ability|p2b: Arcanine|Intimidate|boost
|-unboost|p1a: Volcarona|atk|1
|-unboost|p1b: Vanessa|atk|1
|turn|3
|
|t:|1756236552
|switch|p1b: Snarf|Electabuzz, L50, M|100/100
|-terastallize|p1a: Volcarona|Fairy
|-terastallize|p2a: Dragonite|Steel
|move|p2b: Arcanine|Extreme Speed|p1b: Snarf
|-damage|p1b: Snarf|79/100
|move|p1a: Volcarona|Tera Blast|p2a: Dragonite|[anim] Tera Blast Fairy
|-resisted|p2a: Dragonite
|-damage|p2a: Dragonite|85/100
|move|p2a: Dragonite|Tailwind|p2a: Dragonite
|-sidestart|p2: elmono11|move: Tailwind
|
|-weather|Snowscape|[upkeep]
|upkeep
|turn|4
|
|t:|1756236568
|move|p1b: Snarf|Follow Me|p1b: Snarf
|-singleturn|p1b: Snarf|move: Follow Me
|move|p2a: Dragonite|Scale Shot|p1b: Snarf
|-damage|p1b: Snarf|68/100
|-damage|p1b: Snarf|56/100
|-damage|p1b: Snarf|44/100
|-damage|p1b: Snarf|33/100
|-hitcount|p1b: Snarf|4
|-unboost|p2a: Dragonite|def|1
|-boost|p2a: Dragonite|spe|1
|move|p2b: Arcanine|Rock Slide|p1b: Snarf|[spread] p1a,p1b
|-damage|p1a: Volcarona|67/100
|-damage|p1b: Snarf|13/100
|move|p1a: Volcarona|Heat Wave|p2a: Dragonite|[spread] p2a,p2b
|-supereffective|p2a: Dragonite
|-resisted|p2b: Arcanine
|-damage|p2a: Dragonite|0 fnt
|-damage|p2b: Arcanine|82/100
|faint|p2a: Dragonite
|
|-weather|Snowscape|[upkeep]
|upkeep
|
|t:|1756236582
|switch|p2a: Sneasler|Sneasler, L50, M|100/100
|turn|5
|
|t:|1756236589
|move|p1b: Snarf|Follow Me|p1b: Snarf
|-singleturn|p1b: Snarf|move: Follow Me
|move|p2a: Sneasler|Coaching|p2b: Arcanine
|-boost|p2b: Arcanine|atk|1
|-boost|p2b: Arcanine|def|1
|move|p2b: Arcanine|Rock Slide|p1b: Snarf|[spread] p1a,p1b
|-crit|p1b: Snarf
|-damage|p1a: Volcarona|23/100
|-damage|p1b: Snarf|0 fnt
|faint|p1b: Snarf
|move|p1a: Volcarona|Heat Wave|p2b: Arcanine|[spread] p2a,p2b
|-resisted|p2b: Arcanine
|-damage|p2a: Sneasler|38/100
|-damage|p2b: Arcanine|67/100
|-status|p2a: Sneasler|brn
|
|-weather|none
|-damage|p2a: Sneasler|32/100 brn|[from] brn
|upkeep
|inactive|IngeVGC has 30 seconds left.
|
|t:|1756236617
|switch|p1b: Vanessa|Sneasler, L50, F|1/100
|turn|6
|
|t:|1756236634
|move|p1a: Volcarona|Protect|p1a: Volcarona
|-singleturn|p1a: Volcarona|Protect
|move|p1b: Vanessa|Fake Out|p2a: Sneasler
|-damage|p2a: Sneasler|12/100 brn
|cant|p2a: Sneasler|flinch
|move|p2b: Arcanine|Rock Slide|p1b: Vanessa|[spread] p1b
|-activate|p1a: Volcarona|move: Protect
|-resisted|p1b: Vanessa
|-damage|p1b: Vanessa|0 fnt
|faint|p1b: Vanessa
|
|-damage|p2a: Sneasler|6/100 brn|[from] brn
|-sideend|p2: elmono11|move: Tailwind
|upkeep
|
|t:|1756236644
|switch|p1b: Nobunaga|Kingambit, L50, F, shiny|100/100
|turn|7
|
|t:|1756236656
|move|p2b: Arcanine|Extreme Speed|p1a: Volcarona
|-damage|p1a: Volcarona|0 fnt
|faint|p1a: Volcarona
|move|p2a: Sneasler|Close Combat|p1b: Nobunaga
|-supereffective|p1b: Nobunaga
|-damage|p1b: Nobunaga|14/100
|-unboost|p2a: Sneasler|def|1
|-unboost|p2a: Sneasler|spd|1
|-enditem|p2a: Sneasler|White Herb
|-clearnegativeboost|p2a: Sneasler|[silent]
|move|p1b: Nobunaga|Swords Dance|p1b: Nobunaga
|-boost|p1b: Nobunaga|atk|2
|
|-damage|p2a: Sneasler|0 fnt|[from] brn
|faint|p2a: Sneasler
|upkeep
|turn|8
|
|t:|1756236675
|move|p2b: Arcanine|Extreme Speed|p1b: Nobunaga
|-resisted|p1b: Nobunaga
|-damage|p1b: Nobunaga|0 fnt
|faint|p1b: Nobunaga
|
|win|elmono11
|raw|IngeVGC's rating: 1319 → 1294(-25 for losing)
|raw|elmono11's rating: 1230 → 1261(+31 for winning)
|l|☆IngeVGC
|player|p1|
