|j|☆wester7
|j|☆ddx9000
|html|wester7ddx9000    
|uhtml|bestof|Game 1 of a best-of-3
|t:|1757728775
|gametype|doubles
|player|p1|wester7|1|1168
|player|p2|ddx9000|elesa|1339
|gen|9
|tier|[Gen 9] VGC 2025 Reg H (Bo3)
|rated|
|rule|Species Clause: Limit one of each Pokémon
|rule|Item Clause: Limit 1 of each item
|clearpoke
|poke|p1|Orthworm, L50, M|
|poke|p1|Ursaluna, L50, F|
|poke|p1|Armarouge, L50, M|
|poke|p1|Dragonite, L50, F|
|poke|p1|Indeedee-F, L50, F|
|poke|p1|Overqwil, L50, F|
|poke|p2|Porygon2, L50|
|poke|p2|Incineroar, L50, F|
|poke|p2|Ursaluna, L50, M|
|poke|p2|Amoonguss, L50, F|
|poke|p2|Gholdengo, L50|
|poke|p2|Dragonite, L50, M|
|teampreview|4
|showteam|p1|Orthworm||SitrusBerry|EarthEater|HeavySlam,ShedTail,BodyPress,Protect|||M|||50|,,,,,Poison]Ursaluna||FlameOrb|Guts|Facade,Earthquake,HeadlongRush,Protect|||F|||50|,,,,,Ghost]Armarouge||LifeOrb|FlashFire|ArmorCannon,ExpandingForce,TrickRoom,WideGuard|||M|||50|,,,,,Grass]Dragonite||LoadedDice|Multiscale|ScaleShot,Tailwind,Haze,Protect|||F|||50|,,,,,Fairy]Indeedee-F||SafetyGoggles|PsychicSurge|Psychic,FollowMe,TrickRoom,Protect|||F|||50|,,,,,Fairy]Overqwil||AssaultVest|Intimidate|ThroatChop,PoisonJab,Liquidation,AquaJet|||F|||50|,,,,,Water
|showteam|p2|Porygon2||Eviolite|Download|TeraBlast,IceBeam,Recover,TrickRoom||||||50|,,,,,Fighting]Incineroar||SafetyGoggles|Intimidate|FakeOut,KnockOff,FlareBlitz,PartingShot|||F|||50|,,,,,Ghost]Ursaluna||FlameOrb|Guts|HeadlongRush,Facade,Earthquake,Protect|||M|||50|,,,,,Ghost]Amoonguss||SitrusBerry|Regenerator|PollenPuff,Spore,RagePowder,Protect|||F|||50|,,,,,Water]Gholdengo||LifeOrb|GoodasGold|MakeItRain,ShadowBall,NastyPlot,Protect||||||50|,,,,,Water]Dragonite||LoadedDice|Multiscale|ScaleShot,Haze,Tailwind,Protect|||M|||50|,,,,,Steel
|
|t:|1757728901
|teamsize|p1|4
|teamsize|p2|4
|start
|switch|p1a: Orthworm|Orthworm, L50, M|100/100
|switch|p1b: Overqwil|Overqwil, L50, F|100/100
|switch|p2a: Ursaluna|Ursaluna, L50, M|100/100
|switch|p2b: Dragonite|Dragonite, L50, M|100/100
|-ability|p1b: Overqwil|Intimidate|boost
|-unboost|p2a: Ursaluna|atk|1
|-unboost|p2b: Dragonite|atk|1
|turn|1
|
|t:|1757728927
|move|p2a: Ursaluna|Protect|p2a: Ursaluna
|-singleturn|p2a: Ursaluna|Protect
|move|p2b: Dragonite|Scale Shot|p1b: Overqwil
|-damage|p1b: Overqwil|90/100
|-damage|p1b: Overqwil|80/100
|-damage|p1b: Overqwil|70/100
|-damage|p1b: Overqwil|61/100
|-hitcount|p1b: Overqwil|4
|-unboost|p2b: Dragonite|def|1
|-boost|p2b: Dragonite|spe|1
|move|p1b: Overqwil|Throat Chop|p2b: Dragonite
|-damage|p2b: Dragonite|69/100
|-start|p2b: Dragonite|Throat Chop|[silent]
|move|p1a: Orthworm|Shed Tail|p1a: Orthworm
|-start|p1a: Orthworm|Substitute|[from] move: Shed Tail
|-damage|p1a: Orthworm|50/100
|-enditem|p1a: Orthworm|Sitrus Berry|[eat]
|-heal|p1a: Orthworm|75/100|[from] item: Sitrus Berry
|
|t:|1757728936
|switch|p1a: Ursaluna|Ursaluna, L50, F|100/100|[from] Shed Tail
|
|-status|p2a: Ursaluna|brn|[from] item: Flame Orb
|-status|p1a: Ursaluna|brn|[from] item: Flame Orb
|upkeep
|turn|2
|
|t:|1757728962
|switch|p1b: Orthworm|Orthworm, L50, M|75/100
|move|p2b: Dragonite|Scale Shot|p1a: Ursaluna
|-activate|p1a: Ursaluna|move: Substitute|[damage]
|-activate|p1a: Ursaluna|move: Substitute|[damage]
|-end|p1a: Ursaluna|Substitute
|-damage|p1a: Ursaluna|93/100 brn
|-damage|p1a: Ursaluna|86/100 brn
|-hitcount|p1a: Ursaluna|5
|-unboost|p2b: Dragonite|def|1
|-boost|p2b: Dragonite|spe|1
|move|p2a: Ursaluna|Headlong Rush|p1a: Ursaluna
|-damage|p1a: Ursaluna|31/100 brn
|-unboost|p2a: Ursaluna|def|1
|-unboost|p2a: Ursaluna|spd|1
|move|p1a: Ursaluna|Earthquake|p2b: Dragonite|[spread] p2a
|-heal|p1b: Orthworm|100/100|[from] ability: Earth Eater|[of] p1a: Ursaluna
|-immune|p2b: Dragonite
|-damage|p2a: Ursaluna|31/100 brn
|
|-damage|p2a: Ursaluna|25/100 brn|[from] brn
|-damage|p1a: Ursaluna|25/100 brn|[from] brn
|-end|p2b: Dragonite|Throat Chop|[silent]
|upkeep
|turn|3
|
|t:|1757728997
|switch|p2a: Incineroar|Incineroar, L50, F|100/100
|-ability|p2a: Incineroar|Intimidate|boost
|-unboost|p1a: Ursaluna|atk|1
|-unboost|p1b: Orthworm|atk|1
|switch|p1a: Overqwil|Overqwil, L50, F|61/100
|-ability|p1a: Overqwil|Intimidate|boost
|-unboost|p2a: Incineroar|atk|1
|-unboost|p2b: Dragonite|atk|1
|move|p2b: Dragonite|Protect|p2b: Dragonite
|-singleturn|p2b: Dragonite|Protect
|move|p1b: Orthworm|Body Press|p2a: Incineroar
|-supereffective|p2a: Incineroar
|-damage|p2a: Incineroar|50/100
|
|upkeep
|turn|4
|
|t:|1757729023
|switch|p2b: Amoonguss|Amoonguss, L50, F|100/100
|move|p2a: Incineroar|Fake Out|p1b: Orthworm
|-resisted|p1b: Orthworm
|-damage|p1b: Orthworm|98/100
|move|p1a: Overqwil|Throat Chop|p2b: Amoonguss
|-damage|p2b: Amoonguss|74/100
|-start|p2b: Amoonguss|Throat Chop|[silent]
|cant|p1b: Orthworm|flinch
|
|upkeep
|turn|5
|
|t:|1757729049
|switch|p1a: Ursaluna|Ursaluna, L50, F|25/100 brn
|switch|p2a: Dragonite|Dragonite, L50, M|69/100
|move|p1b: Orthworm|Shed Tail|p1b: Orthworm
|-start|p1b: Orthworm|Substitute|[from] move: Shed Tail
|-damage|p1b: Orthworm|48/100
|
|t:|1757729057
|switch|p1b: Armarouge|Armarouge, L50, M|100/100|[from] Shed Tail
|move|p2b: Amoonguss|Pollen Puff|p2a: Dragonite
|-heal|p2a: Dragonite|100/100
|
|-damage|p1a: Ursaluna|19/100 brn|[from] brn
|-end|p2b: Amoonguss|Throat Chop|[silent]
|upkeep
|turn|6
|
|t:|1757729087
|switch|p2b: Incineroar|Incineroar, L50, F|50/100
|-ability|p2b: Incineroar|Intimidate|boost
|-unboost|p1a: Ursaluna|atk|1
|-immune|p1b: Armarouge
|move|p2a: Dragonite|Scale Shot|p1b: Armarouge
|-activate|p1b: Armarouge|move: Substitute|[damage]
|-end|p1b: Armarouge|Substitute
|-damage|p1b: Armarouge|87/100
|-damage|p1b: Armarouge|74/100
|-hitcount|p1b: Armarouge|4
|-unboost|p2a: Dragonite|def|1
|-boost|p2a: Dragonite|spe|1
|move|p1a: Ursaluna|Facade|p2b: Incineroar
|-damage|p2b: Incineroar|0 fnt
|faint|p2b: Incineroar
|move|p1b: Armarouge|Trick Room|p1b: Armarouge
|-fieldstart|move: Trick Room|[of] p1b: Armarouge
|
|-damage|p1a: Ursaluna|13/100 brn|[from] brn
|upkeep
|
|t:|1757729102
|switch|p2b: Amoonguss|Amoonguss, L50, F|100/100
|turn|7
|
|t:|1757729130
|switch|p1a: Overqwil|Overqwil, L50, F|61/100
|-ability|p1a: Overqwil|Intimidate|boost
|-unboost|p2a: Dragonite|atk|1
|-unboost|p2b: Amoonguss|atk|1
|-terastallize|p1b: Armarouge|Grass
|move|p2b: Amoonguss|Pollen Puff|p1a: Overqwil
|-damage|p1a: Overqwil|44/100
|move|p1b: Armarouge|Armor Cannon|p2b: Amoonguss
|-supereffective|p2b: Amoonguss
|-damage|p2b: Amoonguss|0 fnt
|-unboost|p1b: Armarouge|def|1
|-unboost|p1b: Armarouge|spd|1
|faint|p2b: Amoonguss
|-damage|p1b: Armarouge|65/100|[from] item: Life Orb
|move|p2a: Dragonite|Scale Shot|p1b: Armarouge
|-damage|p1b: Armarouge|51/100
|-damage|p1b: Armarouge|36/100
|-damage|p1b: Armarouge|22/100
|-damage|p1b: Armarouge|7/100
|-hitcount|p1b: Armarouge|4
|-unboost|p2a: Dragonite|def|1
|-boost|p2a: Dragonite|spe|1
|
|upkeep
|
|t:|1757729145
|switch|p2b: Ursaluna|Ursaluna, L50, M|25/100 brn
|turn|8
|
|t:|1757729159
|switch|p1a: Orthworm|Orthworm, L50, M|48/100
|move|p2b: Ursaluna|Protect|p2b: Ursaluna
|-singleturn|p2b: Ursaluna|Protect
|move|p1b: Armarouge|Expanding Force|p2a: Dragonite
|-damage|p2a: Dragonite|71/100
|-damage|p1b: Armarouge|0 fnt|[from] item: Life Orb
|faint|p1b: Armarouge
|move|p2a: Dragonite|Haze|p2a: Dragonite
|-clearallboost
|
|-damage|p2b: Ursaluna|19/100 brn|[from] brn
|upkeep
|
|t:|1757729173
|switch|p1b: Ursaluna|Ursaluna, L50, F|13/100 brn
|turn|9
|
|t:|1757729187
|-terastallize|p2a: Dragonite|Steel
|move|p2b: Ursaluna|Protect||[still]
|-fail|p2b: Ursaluna
|move|p1b: Ursaluna|Earthquake|p2b: Ursaluna|[spread] p2a,p2b
|-heal|p1a: Orthworm|73/100|[from] ability: Earth Eater|[of] p1b: Ursaluna
|-supereffective|p2a: Dragonite
|-damage|p2a: Dragonite|0 fnt
|-damage|p2b: Ursaluna|0 fnt
|faint|p2a: Dragonite
|faint|p2b: Ursaluna
|
|win|wester7
||wester7 is ready for game 2.
|l|☆ddx9000
|player|p2|
|inactive|ddx9000 has 30 seconds to confirm battle start!
||ddx9000 is ready for game 2.
|uhtml|next|Next: Game 2 of 3
