|j|☆xxx520
|j|☆lucasmalt
|html|xxx520lucasmalt    
|uhtml|bestof|Game 1 of a best-of-3
|t:|1785113951
|gametype|doubles
|player|p1|xxx520|102|1220
|player|p2|lucasmalt|169|1310
|gen|9
|tier|[Gen 9 Champions] VGC 2026 Reg M-B (Bo3)
|rated|
|rule|Species Clause: Limit one of each Pokémon
|rule|Item Clause: Limit 1 of each item
|clearpoke
|poke|p1|Garchomp, L50, F|
|poke|p1|Basculegion, L50, M|
|poke|p1|Kingambit, L50, F|
|poke|p1|Floette-Eternal, L50, F|
|poke|p1|Whimsicott, L50, F|
|poke|p1|Incineroar, L50, F|
|poke|p2|Blaziken, L50, F, shiny|
|poke|p2|Incineroar, L50, F, shiny|
|poke|p2|Sinistcha, L50|
|poke|p2|Milotic, L50, F, shiny|
|poke|p2|Hydreigon, L50, F|
|poke|p2|Gardevoir, L50, F, shiny|
|teampreview|4
|showteam|p1|Garchomp||SitrusBerry|RoughSkin|DragonClaw,StompingTantrum,RockSlide,Protect|Adamant||F|||50|]Basculegion||ColburBerry|Adaptability|WaveCrash,LastRespects,AquaJet,Protect|Jolly||M|||50|]Kingambit||ChopleBerry|Defiant|KowtowCleave,SuckerPunch,LowKick,Protect|Adamant||F|||50|]Floette-Eternal||Floettite|FlowerVeil|Protect,CalmMind,DrainingKiss,Moonblast|Timid||F|||50|]Whimsicott||FocusSash|Prankster|Protect,Encore,Tailwind,Moonblast|Timid||F|||50|]Incineroar||PasshoBerry|Intimidate|FakeOut,FlareBlitz,ThroatChop,PartingShot|Adamant||F|||50|
|showteam|p2|Blaziken||Blazikenite|SpeedBoost|FlareBlitz,CloseCombat,RockSlide,Detect|Adamant||F|||50|]Incineroar||SitrusBerry|Intimidate|FakeOut,FlareBlitz,DarkestLariat,PartingShot|Careful||F|||50|]Sinistcha||KasibBerry|Hospitality|MatchaGotcha,RagePowder,TrickRoom,Protect|Bold|||||50|]Milotic||Leftovers|Competitive|MuddyWater,Coil,Hypnosis,Recover|Calm||F|||50|]Hydreigon||ChoiceScarf|Levitate|Snarl,DracoMeteor,DarkPulse,EarthPower|Modest||F|||50|]Gardevoir||Gardevoirite|Trace|HyperVoice,Psyshock,TrickRoom,Protect|Modest||F|||50|
|
|t:|1785114024
|teamsize|p1|4
|teamsize|p2|4
|start
|switch|p1a: Floette|Floette-Eternal, L50, F|100/100
|switch|p1b: Whimsicott|Whimsicott, L50, F|100/100
|switch|p2a: Incineroar|Incineroar, L50, F, shiny|100/100
|switch|p2b: Milotic|Milotic, L50, F, shiny|100/100
|-ability|p2a: Incineroar|Intimidate|boost
|-unboost|p1a: Floette|atk|1
|-block|p1b: Whimsicott|ability: Flower Veil|[of] p1a: Floette
|turn|1
|
|t:|1785114051
|switch|p1b: Incineroar|Incineroar, L50, F|100/100
|-ability|p1b: Incineroar|Intimidate|boost
|-unboost|p2a: Incineroar|atk|1
|-unboost|p2b: Milotic|atk|1
|-ability|p2b: Milotic|Competitive|boost
|-boost|p2b: Milotic|spa|2
|detailschange|p1a: Floette|Floette-Mega, L50, F
|-mega|p1a: Floette|Floette|Floettite
|-ability|p1a: Floette|Fairy Aura
|move|p2a: Incineroar|Fake Out|p1a: Floette
|-damage|p1a: Floette|93/100
|cant|p1a: Floette|flinch
|move|p2b: Milotic|Muddy Water|p1b: Incineroar|[spread] p1a
|-miss|p2b: Milotic|p1b: Incineroar
|-damage|p1a: Floette|58/100
|
|upkeep
|turn|2
|
|t:|1785114074
|move|p1b: Incineroar|Fake Out|p2b: Milotic
|-damage|p2b: Milotic|90/100
|move|p1a: Floette|Calm Mind|p1a: Floette
|-boost|p1a: Floette|spa|1
|-boost|p1a: Floette|spd|1
|cant|p2b: Milotic|flinch
|move|p2a: Incineroar|Parting Shot|p1a: Floette
|-unboost|p1a: Floette|atk|1
|-unboost|p1a: Floette|spa|1
|
|t:|1785114081
|switch|p2a: Gardevoir|Gardevoir, L50, F, shiny|100/100|[from] Parting Shot
|-ability|p2a: Gardevoir|Intimidate|Trace|[from] ability: Trace|[of] p1b: Incineroar
|-ability|p2a: Gardevoir|Intimidate|boost
|-unboost|p1a: Floette|atk|1
|-unboost|p1b: Incineroar|atk|1
|
|-heal|p2b: Milotic|96/100|[from] item: Leftovers
|upkeep
|turn|3
|
|t:|1785114105
|detailschange|p2a: Gardevoir|Gardevoir-Mega, L50, F, shiny
|-mega|p2a: Gardevoir|Gardevoir|Gardevoirite
|move|p1a: Floette|Calm Mind|p1a: Floette
|-boost|p1a: Floette|spa|1
|-boost|p1a: Floette|spd|1
|move|p2a: Gardevoir|Hyper Voice|p1a: Floette|[spread] p1a,p1b
|-damage|p1a: Floette|36/100
|-damage|p1b: Incineroar|37/100
|move|p2b: Milotic|Muddy Water|p1a: Floette|[spread] p1a
|-miss|p2b: Milotic|p1b: Incineroar
|-damage|p1a: Floette|20/100y
|-unboost|p1a: Floette|accuracy|1
|move|p1b: Incineroar|Parting Shot|p2a: Gardevoir
|-unboost|p2a: Gardevoir|atk|1
|-unboost|p2a: Gardevoir|spa|1
|
|t:|1785114120
|switch|p1b: Whimsicott|Whimsicott, L50, F|100/100|[from] Parting Shot
|
|-heal|p2b: Milotic|100/100|[from] item: Leftovers
|upkeep
|turn|4
|
|t:|1785114131
|move|p1b: Whimsicott|Tailwind|p1b: Whimsicott
|-sidestart|p1: xxx520|move: Tailwind
|move|p1a: Floette|Draining Kiss|p2b: Milotic
|-damage|p2b: Milotic|67/100
|-heal|p1a: Floette|48/100|[from] drain|[of] p2b: Milotic
|move|p2a: Gardevoir|Hyper Voice|p1b: Whimsicott|[spread] p1a,p1b
|-damage|p1a: Floette|32/100
|-damage|p1b: Whimsicott|33/100
|move|p2b: Milotic|Muddy Water|p1a: Floette|[spread] p1a,p1b
|-resisted|p1b: Whimsicott|1
|-damage|p1a: Floette|17/100
|-damage|p1b: Whimsicott|0 fnt
|faint|p1b: Whimsicott
|
|-heal|p2b: Milotic|73/100|[from] item: Leftovers
|upkeep
|
|t:|1785114148
|switch|p1b: Basculegion|Basculegion, L50, M|100/100
|turn|5
|
|t:|1785114154
|switch|p2a: Incineroar|Incineroar, L50, F, shiny|100/100
|-ability|p2a: Incineroar|Intimidate|boost
|-unboost|p1a: Floette|atk|1
|-unboost|p1b: Basculegion|atk|1
|move|p1a: Floette|Draining Kiss|p2b: Milotic
|-damage|p2b: Milotic|39/100
|-heal|p1a: Floette|45/100|[from] drain|[of] p2b: Milotic
|move|p1b: Basculegion|Last Respects|p2b: Milotic
|-damage|p2b: Milotic|9/100
|move|p2b: Milotic|Recover|p2b: Milotic
|-heal|p2b: Milotic|59/100
|
|-heal|p2b: Milotic|65/100|[from] item: Leftovers
|upkeep
|turn|6
|
|t:|1785114174
|move|p2a: Incineroar|Fake Out|p1a: Floette
|-damage|p1a: Floette|36/100
|cant|p1a: Floette|flinch
|move|p1b: Basculegion|Last Respects|p2b: Milotic
|-damage|p2b: Milotic|32/100
|move|p2b: Milotic|Coil|p2b: Milotic
|-boost|p2b: Milotic|atk|1
|-boost|p2b: Milotic|def|1
|-boost|p2b: Milotic|accuracy|1
|
|-heal|p2b: Milotic|38/100|[from] item: Leftovers
|upkeep
|turn|7
|
|t:|1785114199
|move|p1a: Floette|Moonblast|p2b: Milotic|[miss]
|-miss|p1a: Floette|p2b: Milotic
|move|p1b: Basculegion|Wave Crash|p2a: Incineroar
|-supereffective|p2a: Incineroar|1
|-damage|p2a: Incineroar|14/100
|-enditem|p2a: Incineroar|Sitrus Berry|[eat]
|-heal|p2a: Incineroar|39/100|[from] item: Sitrus Berry
|-damage|p1b: Basculegion|72/100|[from] Recoil
|move|p2b: Milotic|Recover|p2b: Milotic
|-heal|p2b: Milotic|88/100
|move|p2a: Incineroar|Parting Shot|p1a: Floette
|-unboost|p1a: Floette|atk|1
|-unboost|p1a: Floette|spa|1
|
|t:|1785114214
|switch|p2a: Gardevoir|Gardevoir-Mega, L50, F, shiny|100/100|[from] Parting Shot
|
|-heal|p2b: Milotic|94/100|[from] item: Leftovers
|-sideend|p1: xxx520|move: Tailwind
|upkeep
|turn|8
|
|t:|1785114235
|move|p1a: Floette|Draining Kiss|p2b: Milotic
|-damage|p2b: Milotic|73/100
|-heal|p1a: Floette|54/100|[from] drain|[of] p2b: Milotic
|move|p1b: Basculegion|Wave Crash|p2b: Milotic
|-resisted|p2b: Milotic|1
|-damage|p2b: Milotic|60/100
|-damage|p1b: Basculegion|68/100|[from] Recoil
|move|p2a: Gardevoir|Hyper Voice|p1a: Floette|[spread] p1a,p1b
|-damage|p1a: Floette|29/100
|-damage|p1b: Basculegion|3/100
|move|p2b: Milotic|Muddy Water|p1a: Floette|[spread] p1a,p1b
|-resisted|p1b: Basculegion|1
|-damage|p1a: Floette|12/100
|-damage|p1b: Basculegion|0 fnt
|faint|p1b: Basculegion
|
|-heal|p2b: Milotic|66/100|[from] item: Leftovers
|upkeep
|
|t:|1785114254
|switch|p1b: Incineroar|Incineroar, L50, F|37/100
|-ability|p1b: Incineroar|Intimidate|boost
|-unboost|p2a: Gardevoir|atk|1
|-unboost|p2b: Milotic|atk|1
|-ability|p2b: Milotic|Competitive|boost
|-boost|p2b: Milotic|spa|2
|turn|9
|
|t:|1785114267
|move|p1a: Floette|Draining Kiss|p2b: Milotic
|-damage|p2b: Milotic|45/100
|-heal|p1a: Floette|29/100|[from] drain|[of] p2b: Milotic
|move|p2a: Gardevoir|Psyshock|p1a: Floette
|-damage|p1a: Floette|0 fnt
|faint|p1a: Floette
|move|p2b: Milotic|Hypnosis|p1b: Incineroar
|-status|p1b: Incineroar|slp|[from] move: Hypnosis
|cant|p1b: Incineroar|slp
|
|-heal|p2b: Milotic|51/100|[from] item: Leftovers
|upkeep
|turn|10
|
|t:|1785114284
|move|p2a: Gardevoir|Hyper Voice|p1b: Incineroar
|-damage|p1b: Incineroar|0 fnt
|faint|p1b: Incineroar
|
|win|lucasmalt
