|j|☆AquamarineVGC
|j|☆Flipsicle
|html|AquamarineVGCFlipsicle    
|uhtml|bestof|Game 3 of a best-of-3
|t:|1782466734
|gametype|doubles
|player|p1|AquamarineVGC|unknown|
|player|p2|Flipsicle|elesa-masters|
|gen|9
|tier|[Gen 9 Champions] VGC 2026 Reg M-B (Bo3)
|rule|Species Clause: Limit one of each Pokémon
|rule|Item Clause: Limit 1 of each item
|clearpoke
|poke|p1|Ninetales-Alola, L50, M|
|poke|p1|Sinistcha, L50|
|poke|p1|Milotic, L50, F|
|poke|p1|Froslass, L50, F|
|poke|p1|Kangaskhan, L50, F|
|poke|p1|Blaziken, L50, M|
|poke|p2|Garchomp, L50, F|
|poke|p2|Delphox, L50, M|
|poke|p2|Sneasler, L50, F|
|poke|p2|Maushold, L50|
|poke|p2|Azumarill, L50, F|
|poke|p2|Incineroar, L50, M|
|teampreview|4
|showteam|p1|Ninetales-Alola||FocusSash|SnowWarning|Blizzard,Moonblast,AuroraVeil,Protect|Timid||M|||50|]Sinistcha||MiracleSeed|Hospitality|MatchaGotcha,ShadowBall,RagePowder,TrickRoom|Modest|||||50|]Milotic||Leftovers|Competitive|Scald,MuddyWater,Coil,Protect|Modest||F|||50|]Froslass||Froslassite|SnowCloak|Blizzard,ShadowBall,WeatherBall,Protect|Modest||F|||50|]Kangaskhan||SilkScarf|Scrappy|LastResort,FakeOut|Adamant||F|||50|]Blaziken||Blazikenite|SpeedBoost|FlareBlitz,CloseCombat,SwordsDance,Detect|Adamant||M|||50|
|showteam|p2|Garchomp||LumBerry|RoughSkin|Protect,StompingTantrum,DragonClaw,StoneEdge|Jolly||F|||50|]Delphox||Delphoxite|Blaze|Protect,HeatWave,Psychic,Substitute|Timid||M|||50|]Sneasler||WhiteHerb|Unburden|FakeOut,CloseCombat,DireClaw,Coaching|Jolly||F|||50|]Maushold||WideLens|FriendGuard|FollowMe,PopulationBomb,Encore,Protect|Jolly|||||50|]Azumarill||SitrusBerry|HugePower|BellyDrum,AquaJet,PlayRough,Protect|Adamant||F|||50|]Incineroar||PasshoBerry|Intimidate|FakeOut,ThroatChop,PartingShot,HelpingHand|Careful||M|||50|
|j| Noobilio
|c|☆Flipsicle|glhf
|j| Mrpizzaofoz
|c|☆AquamarineVGC|GLHF
|inactive|Battle timer is ON: inactive players will automatically lose when time's up. (requested by Flipsicle)
|
|t:|1782466807
|teamsize|p1|4
|teamsize|p2|4
|start
|switch|p1a: Kangaskhan|Kangaskhan, L50, F|100/100
|switch|p1b: Milotic|Milotic, L50, F|100/100
|switch|p2a: Delphox|Delphox, L50, M|100/100
|switch|p2b: Azumarill|Azumarill, L50, F|100/100
|turn|1
|inactiveoff|Battle timer is now OFF.
|
|t:|1782466832
|detailschange|p2a: Delphox|Delphox-Mega, L50, M
|-mega|p2a: Delphox|Delphox|Delphoxite
|move|p1a: Kangaskhan|Fake Out|p2b: Azumarill
|-damage|p2b: Azumarill|76/100
|move|p2a: Delphox|Psychic|p1b: Milotic
|-crit|p1b: Milotic
|-damage|p1b: Milotic|36/100
|move|p1b: Milotic|Coil|p1b: Milotic
|-boost|p1b: Milotic|atk|1
|-boost|p1b: Milotic|def|1
|-boost|p1b: Milotic|accuracy|1
|cant|p2b: Azumarill|flinch
|
|-heal|p1b: Milotic|43/100|[from] item: Leftovers
|upkeep
|turn|2
|
|t:|1782466867
|switch|p2b: Sneasler|Sneasler, L50, F|100/100
|move|p2a: Delphox|Protect|p2a: Delphox
|-singleturn|p2a: Delphox|Protect
|move|p1b: Milotic|Protect|p1b: Milotic
|-singleturn|p1b: Milotic|Protect
|move|p1a: Kangaskhan|Last Resort|p2b: Sneasler
|-damage|p2b: Sneasler|27/100
|
|-heal|p1b: Milotic|49/100|[from] item: Leftovers
|upkeep
|turn|3
|
|t:|1782466887
|switch|p1a: Sinistcha|Sinistcha, L50|100/100
|-heal|p1b: Milotic|74/100|[from] ability: Hospitality|[of] p1a: Sinistcha
|move|p1b: Milotic|Protect||[still]
|-fail|p1b: Milotic
|move|p2a: Delphox|Psychic|p1b: Milotic
|-damage|p1b: Milotic|30/100
|move|p2b: Sneasler|Close Combat|p1b: Milotic
|-damage|p1b: Milotic|0 fnt
|-unboost|p2b: Sneasler|def|1
|-unboost|p2b: Sneasler|spd|1
|faint|p1b: Milotic
|-enditem|p2b: Sneasler|White Herb
|-clearnegativeboost|p2b: Sneasler|[silent]
|
|upkeep
|
|t:|1782466902
|switch|p1b: Kangaskhan|Kangaskhan, L50, F|100/100
|turn|4
|
|t:|1782466918
|switch|p2b: Maushold|Maushold, L50|100/100
|move|p1b: Kangaskhan|Fake Out|p2a: Delphox
|-damage|p2a: Delphox|75/100
|cant|p2a: Delphox|flinch
|move|p1a: Sinistcha|Trick Room|p1a: Sinistcha
|-fieldstart|move: Trick Room|[of] p1a: Sinistcha
|
|upkeep
|turn|5
|
|t:|1782466962
|move|p2a: Delphox|Protect|p2a: Delphox
|-singleturn|p2a: Delphox|Protect
|move|p1a: Sinistcha|Matcha Gotcha|p2b: Maushold|[spread] p2b
|-activate|p2a: Delphox|move: Protect
|-damage|p2b: Maushold|58/100
|move|p1b: Kangaskhan|Last Resort|p2a: Delphox
|-activate|p2a: Delphox|move: Protect
|move|p2b: Maushold|Population Bomb|p1b: Kangaskhan
|-damage|p1b: Kangaskhan|93/100
|-damage|p1b: Kangaskhan|86/100
|-damage|p1b: Kangaskhan|78/100
|-damage|p1b: Kangaskhan|71/100
|-damage|p1b: Kangaskhan|64/100
|-damage|p1b: Kangaskhan|58/100
|-damage|p1b: Kangaskhan|51/100
|-damage|p1b: Kangaskhan|44/100
|-damage|p1b: Kangaskhan|37/100
|-damage|p1b: Kangaskhan|30/100
|-hitcount|p1b: Kangaskhan|10
|
|upkeep
|turn|6
|
|t:|1782467001
|move|p2b: Maushold|Follow Me|p2b: Maushold
|-singleturn|p2b: Maushold|move: Follow Me
|move|p1a: Sinistcha|Matcha Gotcha|p2a: Delphox|[spread] p2a,p2b
|-resisted|p2a: Delphox|1
|-damage|p2a: Delphox|61/100
|-damage|p2b: Maushold|18/100
|move|p1b: Kangaskhan|Last Resort|p2b: Maushold
|-damage|p2b: Maushold|0 fnt
|faint|p2b: Maushold
|move|p2a: Delphox|Heat Wave|p1b: Kangaskhan|[spread] p1b
|-miss|p2a: Delphox|p1a: Sinistcha
|-damage|p1b: Kangaskhan|0 fnt
|faint|p1b: Kangaskhan
|
|upkeep
|
|t:|1782467017
|switch|p1b: Froslass|Froslass, L50, F|100/100
|switch|p2b: Sneasler|Sneasler, L50, F|27/100
|turn|7
|
|t:|1782467042
|switch|p2a: Azumarill|Azumarill, L50, F|76/100
|detailschange|p1b: Froslass|Froslass-Mega, L50, F
|-mega|p1b: Froslass|Froslass|Froslassite
|-weather|Snowscape|[from] ability: Snow Warning|[of] p1b: Froslass
|move|p1a: Sinistcha|Shadow Ball|p2a: Azumarill
|-damage|p2a: Azumarill|32/100
|-enditem|p2a: Azumarill|Sitrus Berry|[eat]
|-heal|p2a: Azumarill|57/100|[from] item: Sitrus Berry
|move|p2b: Sneasler|Dire Claw|p1b: Froslass
|-resisted|p1b: Froslass|1
|-damage|p1b: Froslass|79/100
|move|p1b: Froslass|Blizzard|p2a: Azumarill|[spread] p2a,p2b
|-resisted|p2a: Azumarill|1
|-damage|p2a: Azumarill|27/100
|-damage|p2b: Sneasler|0 fnt
|faint|p2b: Sneasler
|
|-weather|Snowscape|[upkeep]
|upkeep
|
|t:|1782467056
|switch|p2b: Delphox|Delphox-Mega, L50, M|61/100
|turn|8
|j|+Aldrich
|
|t:|1782467073
|move|p2a: Azumarill|Protect|p2a: Azumarill
|-singleturn|p2a: Azumarill|Protect
|move|p2b: Delphox|Protect|p2b: Delphox
|-singleturn|p2b: Delphox|Protect
|move|p1a: Sinistcha|Rage Powder|p1a: Sinistcha
|-singleturn|p1a: Sinistcha|move: Rage Powder
|move|p1b: Froslass|Shadow Ball|p2b: Delphox
|-activate|p2b: Delphox|move: Protect
|
|-weather|Snowscape|[upkeep]
|-fieldend|move: Trick Room
|upkeep
|turn|9
|
|t:|1782467152
|move|p1b: Froslass|Protect|p1b: Froslass
|-singleturn|p1b: Froslass|Protect
|move|p2a: Azumarill|Aqua Jet|p1a: Sinistcha
|-resisted|p1a: Sinistcha|1
|-damage|p1a: Sinistcha|85/100
|move|p2b: Delphox|Heat Wave|p1a: Sinistcha|[spread] p1a
|-activate|p1b: Froslass|move: Protect
|-supereffective|p1a: Sinistcha|1
|-damage|p1a: Sinistcha|1/100
|move|p1a: Sinistcha|Shadow Ball|p2b: Delphox
|-supereffective|p2b: Delphox|1
|-damage|p2b: Delphox|0 fnt
|faint|p2b: Delphox
|
|-weather|Snowscape|[upkeep]
|upkeep
|turn|10
|
|t:|1782467175
|move|p1a: Sinistcha|Rage Powder|p1a: Sinistcha
|-singleturn|p1a: Sinistcha|move: Rage Powder
|move|p2a: Azumarill|Aqua Jet|p1a: Sinistcha
|-resisted|p1a: Sinistcha|1
|-damage|p1a: Sinistcha|0 fnt
|faint|p1a: Sinistcha
|move|p1b: Froslass|Shadow Ball|p2a: Azumarill
|-damage|p2a: Azumarill|0 fnt
|faint|p2a: Azumarill
|
|win|AquamarineVGC
|c|☆Flipsicle|gg
|c|☆AquamarineVGC|GGWP
|l| Noobilio
|l|☆Flipsicle
|player|p2|
|j| DavidEXE
|l| DavidEXE
|l| Mrpizzaofoz
|j|☆Flipsicle
|player|p2|Flipsicle|elesa-masters|
|l|☆Flipsicle
|player|p2|
|l|+Aldrich
|j|+Aldrich
