|j|☆lucasmalt
|j|☆ultraclaw1
|html|lucasmaltultraclaw1    
|uhtml|bestof|Game 3 of a best-of-3
|t:|1784894919
|gametype|doubles
|player|p1|lucasmalt|266|1367
|player|p2|ultraclaw1|brycenman|1500
|gen|9
|tier|[Gen 9 Champions] VGC 2026 Reg M-B (Bo3)
|rated|
|rule|Species Clause: Limit one of each Pokémon
|rule|Item Clause: Limit 1 of each item
|clearpoke
|poke|p1|Blaziken, L50, M, shiny|
|poke|p1|Incineroar, L50, M, shiny|
|poke|p1|Sinistcha, L50|
|poke|p1|Milotic, L50, F, shiny|
|poke|p1|Hydreigon, L50, F|
|poke|p1|Gardevoir, L50, M, shiny|
|poke|p2|Maushold, L50|
|poke|p2|Kingambit, L50, F|
|poke|p2|Garchomp, L50, M|
|poke|p2|Basculegion, L50, M|
|poke|p2|Talonflame, L50, F|
|poke|p2|Floette-Eternal, L50, F|
|teampreview|4
|showteam|p1|Blaziken||Blazikenite|SpeedBoost|FlareBlitz,CloseCombat,RockSlide,Detect|Adamant||M|||50|]Incineroar||SitrusBerry|Intimidate|FakeOut,FlareBlitz,DarkestLariat,PartingShot|Careful||M|||50|]Sinistcha||KasibBerry|Hospitality|MatchaGotcha,RagePowder,TrickRoom,Protect|Bold|||||50|]Milotic||Leftovers|Competitive|MuddyWater,Coil,Hypnosis,Recover|Calm||F|||50|]Hydreigon||ChoiceScarf|Levitate|Snarl,DracoMeteor,DarkPulse,EarthPower|Modest||F|||50|]Gardevoir||Gardevoirite|Trace|HyperVoice,Psyshock,TrickRoom,Protect|Modest||M|||50|
|showteam|p2|Maushold||FocusSash|FriendGuard|SuperFang,Taunt,FollowMe,Protect|Timid|||||50|]Kingambit||ChopleBerry|Defiant|KowtowCleave,SuckerPunch,LowKick,IronHead|Adamant||F|||50|]Garchomp||LifeOrb|RoughSkin|RockSlide,Earthquake,DragonClaw,Protect|Jolly||M|||50|]Basculegion||MysticWater|Adaptability|WaveCrash,LastRespects,AquaJet,Protect|Adamant||M|||50|]Talonflame||SharpBeak|GaleWings|QuickGuard,DualWingbeat,Tailwind,Protect|Jolly||F|||50|]Floette-Eternal||Floettite|FlowerVeil|LightofRuin,Protect,Moonblast,DazzlingGleam|Modest||F|||50|
|inactive|Battle timer is ON: inactive players will automatically lose when time's up. (requested by ultraclaw1)
|
|t:|1784894945
|teamsize|p1|4
|teamsize|p2|4
|start
|switch|p1a: Sinistcha|Sinistcha, L50|100/100
|switch|p1b: Gardevoir|Gardevoir, L50, M, shiny|100/100
|switch|p2a: Floette|Floette-Eternal, L50, F|100/100
|switch|p2b: Maushold|Maushold, L50|100/100
|-ability|p1b: Gardevoir|Flower Veil|Trace|[from] ability: Trace|[of] p2a: Floette
|turn|1
|inactive|ultraclaw1 has 30 seconds left.
|
|t:|1784894971
|detailschange|p2a: Floette|Floette-Mega, L50, F
|-mega|p2a: Floette|Floette|Floettite
|-ability|p2a: Floette|Fairy Aura
|detailschange|p1b: Gardevoir|Gardevoir-Mega, L50, M, shiny
|-mega|p1b: Gardevoir|Gardevoir|Gardevoirite
|move|p1a: Sinistcha|Rage Powder|p1a: Sinistcha
|-singleturn|p1a: Sinistcha|move: Rage Powder
|move|p2b: Maushold|Taunt|p1a: Sinistcha
|-start|p1a: Sinistcha|move: Taunt
|move|p2a: Floette|Dazzling Gleam|p1a: Sinistcha|[spread] p1a,p1b
|-damage|p1a: Sinistcha|52/100
|-damage|p1b: Gardevoir|56/100
|move|p1b: Gardevoir|Trick Room|p1b: Gardevoir
|-fieldstart|move: Trick Room|[of] p1b: Gardevoir
|
|upkeep
|turn|2
|
|t:|1784894988
|move|p2a: Floette|Protect|p2a: Floette
|-singleturn|p2a: Floette|Protect
|move|p1a: Sinistcha|Matcha Gotcha|p2a: Floette|[spread] p2b
|-activate|p2a: Floette|move: Protect
|-damage|p2b: Maushold|71/100
|-heal|p1a: Sinistcha|67/100|[from] drain|[of] p2b: Maushold
|-status|p2b: Maushold|brn
|move|p1b: Gardevoir|Hyper Voice|p2b: Maushold|[spread] p2b
|-activate|p2a: Floette|move: Protect
|-damage|p2b: Maushold|0 fnt
|faint|p2b: Maushold
|
|upkeep
|
|t:|1784894994
|switch|p2b: Basculegion|Basculegion, L50, M|100/100
|turn|3
|
|t:|1784895008
|switch|p1b: Milotic|Milotic, L50, F, shiny|100/100
|move|p1a: Sinistcha|Matcha Gotcha|p2a: Floette|[spread] p2a,p2b
|-supereffective|p2b: Basculegion|1
|-crit|p2b: Basculegion
|-damage|p2a: Floette|78/100
|-heal|p1a: Sinistcha|76/100|[from] drain|[of] p2a: Floette
|-damage|p2b: Basculegion|13/100
|-heal|p1a: Sinistcha|100/100|[from] drain|[of] p2b: Basculegion
|move|p2b: Basculegion|Last Respects|p1b: Milotic
|-damage|p1b: Milotic|44/100
|move|p2a: Floette|Moonblast|p1a: Sinistcha
|-damage|p1a: Sinistcha|22/100
|
|-heal|p1b: Milotic|50/100g|[from] item: Leftovers
|upkeep
|turn|4
|
|t:|1784895027
|switch|p2b: Garchomp|Garchomp, L50, M|100/100
|move|p2a: Floette|Protect|p2a: Floette
|-singleturn|p2a: Floette|Protect
|move|p1a: Sinistcha|Matcha Gotcha|p2b: Garchomp|[spread] p2b
|-activate|p2a: Floette|move: Protect
|-damage|p2b: Garchomp|70/100
|-heal|p1a: Sinistcha|37/100|[from] drain|[of] p2b: Garchomp
|move|p1b: Milotic|Hypnosis|p2a: Floette
|-activate|p2a: Floette|move: Protect
|
|-heal|p1b: Milotic|56/100|[from] item: Leftovers
|-end|p1a: Sinistcha|move: Taunt
|upkeep
|turn|5
|inactive|ultraclaw1 has 30 seconds left.
|inactive|lucasmalt has 30 seconds left.
|
|t:|1784895072
|switch|p2a: Basculegion|Basculegion, L50, M|13/100
|move|p2b: Garchomp|Protect|p2b: Garchomp
|-singleturn|p2b: Garchomp|Protect
|move|p1a: Sinistcha|Matcha Gotcha|p2a: Basculegion|[spread] p2a
|-activate|p2b: Garchomp|move: Protect
|-supereffective|p2a: Basculegion|1
|-damage|p2a: Basculegion|0 fnt
|-heal|p1a: Sinistcha|45/100|[from] drain|[of] p2a: Basculegion
|faint|p2a: Basculegion
|move|p1b: Milotic|Hypnosis|p2b: Garchomp
|-activate|p2b: Garchomp|move: Protect
|
|-heal|p1b: Milotic|62/100|[from] item: Leftovers
|-fieldend|move: Trick Room
|upkeep
|
|t:|1784895074
|switch|p2a: Floette|Floette-Mega, L50, F|78/100
|-ability|p2a: Floette|Fairy Aura
|turn|6
|
|t:|1784895096
|move|p2b: Garchomp|Dragon Claw|p1a: Sinistcha
|-crit|p1a: Sinistcha
|-damage|p1a: Sinistcha|0 fnt
|faint|p1a: Sinistcha
|-damage|p2b: Garchomp|61/100|[from] item: Life Orb
|move|p2a: Floette|Light of Ruin|p1b: Milotic|[miss]
|-miss|p2a: Floette|p1b: Milotic
|move|p1b: Milotic|Hypnosis|p2a: Floette|[miss]
|-miss|p1b: Milotic|p2a: Floette
|
|-heal|p1b: Milotic|68/100|[from] item: Leftovers
|upkeep
|c|☆ultraclaw1|k
|
|t:|1784895111
|switch|p1a: Gardevoir|Gardevoir-Mega, L50, M, shiny|56/100
|turn|7
|c|☆ultraclaw1|we both missed our moives
|
|t:|1784895118
|move|p1a: Gardevoir|Protect|p1a: Gardevoir
|-singleturn|p1a: Gardevoir|Protect
|move|p2b: Garchomp|Earthquake|p1b: Milotic|[spread] p2a,p1b
|-activate|p1a: Gardevoir|move: Protect
|-damage|p2a: Floette|13/100
|-damage|p1b: Milotic|27/100
|-damage|p2b: Garchomp|51/100|[from] item: Life Orb
|move|p2a: Floette|Dazzling Gleam|p1b: Milotic|[spread] p1b
|-activate|p1a: Gardevoir|move: Protect
|-damage|p1b: Milotic|0 fnt
|faint|p1b: Milotic
|
|upkeep
|
|t:|1784895130
|switch|p1b: Hydreigon|Hydreigon, L50, F|100/100
|turn|8
|inactive|ultraclaw1 has 30 seconds left.
|inactive|lucasmalt has 30 seconds left.
|inactive|ultraclaw1 has 20 seconds left.
|inactive|lucasmalt has 20 seconds left.
|inactive|ultraclaw1 has 15 seconds left.
|
|t:|1784895173
|move|p2a: Floette|Protect|p2a: Floette
|-singleturn|p2a: Floette|Protect
|move|p1b: Hydreigon|Earth Power|p2a: Floette
|-activate|p2a: Floette|move: Protect
|move|p2b: Garchomp|Earthquake|p1a: Gardevoir|[spread] p1a
|-activate|p2a: Floette|move: Protect
|-immune|p1b: Hydreigon|[from] ability: Levitate
|-damage|p1a: Gardevoir|1/100
|-damage|p2b: Garchomp|41/100|[from] item: Life Orb
|move|p1a: Gardevoir|Hyper Voice|p2a: Floette|[spread] p2b
|-activate|p2a: Floette|move: Protect
|-supereffective|p2b: Garchomp|1
|-damage|p2b: Garchomp|0 fnt
|faint|p2b: Garchomp
|
|upkeep
|turn|9
|c|☆ultraclaw1|ah ggs
|-message|ultraclaw1 forfeited.
|
|win|lucasmalt
|raw|lucasmalt's rating: 1367 → 1394(+27 for winning)
|raw|ultraclaw1's rating: 1500 → 1473(-27 for losing)
|l|☆ultraclaw1
|player|p2|
