|j|☆TengoMuchaSed
|j|☆Dominicandoctor
|html|TengoMuchaSedDominicandoctor    
|uhtml|bestof|Game 2 of a best-of-3
|t:|1782596125
|gametype|doubles
|player|p1|TengoMuchaSed|tate|1000
|player|p2|Dominicandoctor|2|1110
|gen|9
|tier|[Gen 9 Champions] VGC 2026 Reg M-B (Bo3)
|rated|
|rule|Species Clause: Limit one of each Pokémon
|rule|Item Clause: Limit 1 of each item
|clearpoke
|poke|p1|Maushold, L50|
|poke|p1|Annihilape, L50, F|
|poke|p1|Archaludon, L50, F|
|poke|p1|Sableye, L50, F|
|poke|p1|Swampert, L50, M|
|poke|p1|Pelipper, L50, M|
|poke|p2|Volcarona, L50, M|
|poke|p2|Raichu, L50, M|
|poke|p2|Grimmsnarl, L50, M|
|poke|p2|Milotic, L50, M|
|poke|p2|Tsareena, L50, F|
|poke|p2|Charizard, L50, M|
|teampreview|4
|showteam|p1|Maushold||FocusSash|FriendGuard|BeatUp,FollowMe,RainDance,Protect|Jolly|||||50|]Annihilape||SitrusBerry|Defiant|RageFist,DrainPunch,Taunt,BulkUp|Adamant||F|||50|]Archaludon||Leftovers|Stamina|ElectroShot,DragonPulse,FlashCannon,Protect|Modest||F|||50|]Sableye||LightClay|Prankster|Quash,LightScreen,Reflect,RainDance|Bold||F|||50|]Swampert||Swampertite|Damp|WaveCrash,HighHorsepower,FlipTurn,Protect|Adamant||M|||50|]Pelipper||LifeOrb|Drizzle|MuddyWater,Hurricane,Tailwind,Protect|Timid||M|||50|
|showteam|p2|Volcarona||SitrusBerry|FlameBody|RagePowder,FieryDance,StruggleBug,QuiverDance|Modest||M|||50|]Raichu||RaichuniteX|LightningRod|VoltTackle,Nuzzle,FakeOut,Protect|Jolly||M|||50|]Grimmsnarl||FocusSash|Prankster|Reflect,LightScreen,SpiritBreak,SuckerPunch|Adamant||M|||50|]Milotic||LifeOrb|Competitive|Scald,IceBeam,WeatherBall,Protect|Modest||M|||50|]Tsareena||OccaBerry|QueenlyMajesty|TropKick,Uturn,KnockOff,Protect|Serious||F|||50|]Charizard||CharizarditeY|SolarPower|AncientPower,HeatWave,AirSlash,Protect|Timid||M|||50|
|inactive|Battle timer is ON: inactive players will automatically lose when time's up. (requested by TengoMuchaSed)
|inactive|TengoMuchaSed has 60 seconds left.
|inactive|Dominicandoctor has 60 seconds left.
|inactive|Dominicandoctor has 30 seconds left.
|inactive|TengoMuchaSed has 30 seconds left.
|
|t:|1782596200
|teamsize|p1|4
|teamsize|p2|4
|start
|switch|p1a: Sableye|Sableye, L50, F|100/100
|switch|p1b: Annihilape|Annihilape, L50, F|100/100
|switch|p2a: Volcarona|Volcarona, L50, M|100/100
|switch|p2b: Milotic|Milotic, L50, M|100/100
|turn|1
|inactive|Dominicandoctor has 30 seconds left.
|
|t:|1782596229
|move|p1a: Sableye|Light Screen|p1a: Sableye
|-sidestart|p1: TengoMuchaSed|move: Light Screen
|move|p2a: Volcarona|Quiver Dance|p2a: Volcarona
|-boost|p2a: Volcarona|spa|1
|-boost|p2a: Volcarona|spd|1
|-boost|p2a: Volcarona|spe|1
|move|p2b: Milotic|Scald|p1b: Annihilape
|-damage|p1b: Annihilape|77/100
|-status|p1b: Annihilape|brn
|-damage|p2b: Milotic|90/100|[from] item: Life Orb
|move|p1b: Annihilape|Bulk Up|p1b: Annihilape
|-boost|p1b: Annihilape|atk|1
|-boost|p1b: Annihilape|def|1
|
|-damage|p1b: Annihilape|71/100 brn|[from] brn
|upkeep
|turn|2
|inactive|TengoMuchaSed has 30 seconds left.
|
|t:|1782596256
|move|p1a: Sableye|Rain Dance|p1a: Sableye
|-weather|RainDance
|move|p2a: Volcarona|Fiery Dance|p1a: Sableye
|-damage|p1a: Sableye|63/100
|move|p2b: Milotic|Scald|p1b: Annihilape
|-damage|p1b: Annihilape|35/100 brn
|-enditem|p1b: Annihilape|Sitrus Berry|[eat]
|-heal|p1b: Annihilape|60/100 brn|[from] item: Sitrus Berry
|-damage|p2b: Milotic|80/100|[from] item: Life Orb
|move|p1b: Annihilape|Rage Fist|p2a: Volcarona
|-damage|p2a: Volcarona|37/100
|-enditem|p2a: Volcarona|Sitrus Berry|[eat]
|-heal|p2a: Volcarona|62/100|[from] item: Sitrus Berry
|
|-weather|RainDance|[upkeep]
|-damage|p1b: Annihilape|54/100 brn|[from] brn
|upkeep
|turn|3
|
|t:|1782596279
|move|p1a: Sableye|Quash|p2b: Milotic
|-activate|p2b: Milotic|move: Quash
|move|p2a: Volcarona|Struggle Bug|p1a: Sableye|[spread] p1a,p1b
|-resisted|p1b: Annihilape|2
|-damage|p1a: Sableye|30/100
|-damage|p1b: Annihilape|50/100g brn
|-unboost|p1a: Sableye|spa|1
|-unboost|p1b: Annihilape|spa|1
|-ability|p1b: Annihilape|Defiant|boost
|-boost|p1b: Annihilape|atk|2
|move|p1b: Annihilape|Rage Fist|p2a: Volcarona
|-damage|p2a: Volcarona|0 fnt
|faint|p2a: Volcarona
|move|p2b: Milotic|Weather Ball|p1b: Annihilape
|-damage|p1b: Annihilape|7/100 brn
|-damage|p2b: Milotic|70/100|[from] item: Life Orb
|
|-weather|RainDance|[upkeep]
|-damage|p1b: Annihilape|1/100 brn|[from] brn
|upkeep
|
|t:|1782596300
|switch|p2a: Tsareena|Tsareena, L50, F|100/100
|turn|4
|inactive|TengoMuchaSed has 30 seconds left.
|
|t:|1782596327
|move|p1a: Sableye|Reflect|p1a: Sableye
|-sidestart|p1: TengoMuchaSed|Reflect
|move|p2a: Tsareena|U-turn|p1a: Sableye
|-damage|p1a: Sableye|17/100
|
|t:|1782596331
|switch|p2a: Charizard|Charizard, L50, M|100/100|[from] U-turn
|move|p2b: Milotic|Scald|p1b: Annihilape
|-damage|p1b: Annihilape|0 fnt
|faint|p1b: Annihilape
|-damage|p2b: Milotic|60/100|[from] item: Life Orb
|
|-weather|RainDance|[upkeep]
|upkeep
|
|t:|1782596353
|switch|p1b: Pelipper|Pelipper, L50, M|100/100
|turn|5
|
|t:|1782596363
|move|p2a: Charizard|Protect|p2a: Charizard
|-singleturn|p2a: Charizard|Protect
|move|p1a: Sableye|Rain Dance||[still]
|-fail|p1a: Sableye
|move|p1b: Pelipper|Muddy Water|p2a: Charizard|[spread] p2b
|-activate|p2a: Charizard|move: Protect
|-resisted|p2b: Milotic|1
|-damage|p2b: Milotic|39/100
|-damage|p1b: Pelipper|90/100|[from] item: Life Orb
|move|p2b: Milotic|Weather Ball|p1a: Sableye
|-damage|p1a: Sableye|0 fnt
|faint|p1a: Sableye
|-damage|p2b: Milotic|29/100|[from] item: Life Orb
|
|-weather|RainDance|[upkeep]
|upkeep
|
|t:|1782596369
|switch|p1a: Swampert|Swampert, L50, M|100/100
|turn|6
|
|t:|1782596390
|detailschange|p2a: Charizard|Charizard-Mega-Y, L50, M
|-mega|p2a: Charizard|Charizard|Charizardite Y
|-weather|SunnyDay|[from] ability: Drought|[of] p2a: Charizard
|detailschange|p1a: Swampert|Swampert-Mega, L50, M
|-mega|p1a: Swampert|Swampert|Swampertite
|move|p2a: Charizard|Ancient Power|p1b: Pelipper
|-supereffective|p1b: Pelipper|1
|-damage|p1b: Pelipper|32/100
|move|p1b: Pelipper|Muddy Water|p2a: Charizard|[spread] p2a,p2b
|-supereffective|p2a: Charizard|1
|-resisted|p2b: Milotic|1
|-damage|p2a: Charizard|64/100
|-damage|p2b: Milotic|22/100
|-damage|p1b: Pelipper|23/100|[from] item: Life Orb
|move|p1a: Swampert|Wave Crash|p2a: Charizard
|-supereffective|p2a: Charizard|1
|-crit|p2a: Charizard
|-damage|p2a: Charizard|0 fnt
|faint|p2a: Charizard
|-damage|p1a: Swampert|81/100|[from] Recoil
|move|p2b: Milotic|Scald|p1a: Swampert
|-damage|p1a: Swampert|67/100
|-damage|p2b: Milotic|12/100|[from] item: Life Orb
|
|-weather|SunnyDay|[upkeep]
|upkeep
|
|t:|1782596410
|switch|p2a: Tsareena|Tsareena, L50, F|100/100
|turn|7
|
|t:|1782596432
|move|p1a: Swampert|Protect|p1a: Swampert
|-singleturn|p1a: Swampert|Protect
|move|p1b: Pelipper|Hurricane|p2a: Tsareena|[miss]
|-miss|p1b: Pelipper|p2a: Tsareena
|move|p2a: Tsareena|Trop Kick|p1b: Pelipper
|-damage|p1b: Pelipper|0 fnt
|faint|p1b: Pelipper
|move|p2b: Milotic|Ice Beam|p1a: Swampert
|-activate|p1a: Swampert|move: Protect
|
|-weather|SunnyDay|[upkeep]
|upkeep
|turn|8
|-message|TengoMuchaSed forfeited.
|
|win|Dominicandoctor
||Dominicandoctor is ready for game 3.
