|j|☆DyeItTightOfficial
|j|☆FotiniP
|html|DyeItTightOfficialFotiniP    
|uhtml|bestof|Game 1 of a best-of-3
|t:|1784591852
|gametype|doubles
|player|p1|DyeItTightOfficial|blue-gen3two|1095
|player|p2|FotiniP|1|1161
|gen|9
|tier|[Gen 9 Champions] VGC 2026 Reg M-B (Bo3)
|rated|
|rule|Species Clause: Limit one of each Pokémon
|rule|Item Clause: Limit 1 of each item
|clearpoke
|poke|p1|Garchomp, L50, M|
|poke|p1|Kingambit, L50, F|
|poke|p1|Raichu, L50, F|
|poke|p1|Sableye, L50, F|
|poke|p1|Floette-Eternal, L50, F|
|poke|p1|Clefable, L50, F|
|poke|p2|Archaludon, L50, F|
|poke|p2|Pelipper, L50, M|
|poke|p2|Swampert, L50, M|
|poke|p2|Basculegion, L50, M|
|poke|p2|Sableye, L50, M|
|poke|p2|Dragonite, L50, M|
|teampreview|4
|showteam|p1|Garchomp||SoftSand|RoughSkin|RockSlide,Earthquake,EarthPower,Protect|Jolly||M|||50|]Kingambit||ChopleBerry|Defiant|SuckerPunch,IronHead,Protect,LowKick|Adamant||F|||50|]Raichu||RaichuniteY|LightningRod|Protect,ZapCannon,FocusBlast,GrassKnot|Timid||F|||50|]Sableye||LightClay|Prankster|LightScreen,Encore,Reflect,FakeOut|Careful||F|||50|]Floette-Eternal||Floettite|FlowerVeil|Protect,DazzlingGleam,Moonblast,HelpingHand|Timid||F|||50|]Clefable||SitrusBerry|Unaware|Moonblast,Protect,SunnyDay,FollowMe|Bold||F|||50|
|showteam|p2|Archaludon||Leftovers|Stamina|DragonPulse,FlashCannon,ElectroShot,Protect|Modest||F|||50|]Pelipper||FocusSash|Drizzle|Hurricane,WeatherBall,Tailwind,Protect|Modest||M|||50|]Swampert||Swampertite|Torrent|WaveCrash,IcePunch,Earthquake,Protect|Adamant||M|||50|]Basculegion||MysticWater|SwiftSwim|WaveCrash,LastRespects,AquaJet,Protect|Adamant||M|||50|]Sableye||RoseliBerry|Prankster|RainDance,Reflect,LightScreen,KnockOff|Careful||M|||50|]Dragonite||Dragoninite|InnerFocus|DragonPulse,Hurricane,IceBeam,Protect|Modest||M|||50|
|inactive|Battle timer is ON: inactive players will automatically lose when time's up. (requested by FotiniP)
|inactive|DyeItTightOfficial has 60 seconds left.
|inactive|FotiniP has 60 seconds left.
|
|t:|1784591904
|teamsize|p1|4
|teamsize|p2|4
|start
|switch|p1a: Raichu|Raichu, L50, F|100/100
|switch|p1b: Sableye|Sableye, L50, F|100/100
|switch|p2a: Sableye|Sableye, L50, M|100/100
|switch|p2b: Dragonite|Dragonite, L50, M|100/100
|turn|1
|inactive|FotiniP has 30 seconds left.
|inactive|DyeItTightOfficial has 30 seconds left.
|inactive|FotiniP has 20 seconds left.
|inactive|DyeItTightOfficial has 20 seconds left.
|
|t:|1784591946
|detailschange|p1a: Raichu|Raichu-Mega-Y, L50, F
|-mega|p1a: Raichu|Raichu|Raichunite Y
|move|p1a: Raichu|Protect|p1a: Raichu
|-singleturn|p1a: Raichu|Protect
|move|p2b: Dragonite|Protect|p2b: Dragonite
|-singleturn|p2b: Dragonite|Protect
|move|p1b: Sableye|Fake Out|p2b: Dragonite
|-activate|p2b: Dragonite|move: Protect
|move|p2a: Sableye|Light Screen|p2a: Sableye
|-sidestart|p2: FotiniP|move: Light Screen
|
|upkeep
|turn|2
|inactive|FotiniP has 30 seconds left.
|inactive|FotiniP has 20 seconds left.
|
|t:|1784591981
|switch|p1a: Clefable|Clefable, L50, F|100/100
|detailschange|p2b: Dragonite|Dragonite-Mega, L50, M
|-mega|p2b: Dragonite|Dragonite|Dragoninite
|move|p1b: Sableye|Light Screen|p1b: Sableye
|-sidestart|p1: DyeItTightOfficial|move: Light Screen
|move|p2a: Sableye|Reflect|p2a: Sableye
|-sidestart|p2: FotiniP|Reflect
|move|p2b: Dragonite|Dragon Pulse|p1a: Clefable
|-immune|p1a: Clefable
|
|upkeep
|turn|3
|
|t:|1784591997
|move|p1b: Sableye|Encore|p2b: Dragonite
|-start|p2b: Dragonite|Encore
|move|p2b: Dragonite|Dragon Pulse|p1b: Sableye
|-damage|p1b: Sableye|67/100
|move|p1a: Clefable|Moonblast|p2b: Dragonite
|-supereffective|p2b: Dragonite|1
|-damage|p2b: Dragonite|84/100
|move|p2a: Sableye|Knock Off|p1a: Clefable
|-resisted|p1a: Clefable|1
|-damage|p1a: Clefable|89/100
|-enditem|p1a: Clefable|Sitrus Berry|[from] move: Knock Off|[of] p2a: Sableye
|
|upkeep
|turn|4
|inactive|FotiniP has 30 seconds left.
|inactive|DyeItTightOfficial has 30 seconds left.
|
|t:|1784592031
|switch|p2b: Archaludon|Archaludon, L50, F|100/100
|switch|p1b: Raichu|Raichu-Mega-Y, L50, F|100/100
|move|p1a: Clefable|Moonblast|p2a: Sableye
|-supereffective|p2a: Sableye|1
|-enditem|p2a: Sableye|Roseli Berry|[eat]
|-enditem|p2a: Sableye|Roseli Berry|[weaken]
|-damage|p2a: Sableye|77/100
|move|p2a: Sableye|Knock Off|p1b: Raichu
|-damage|p1b: Raichu|62/100
|
|upkeep
|turn|5
|
|t:|1784592054
|move|p1a: Clefable|Follow Me|p1a: Clefable
|-singleturn|p1a: Clefable|move: Follow Me
|move|p2a: Sableye|Rain Dance|p2a: Sableye
|-weather|RainDance
|move|p1b: Raichu|Focus Blast|p2b: Archaludon
|-supereffective|p2b: Archaludon|1
|-damage|p2b: Archaludon|35/100
|-ability|p2b: Archaludon|Stamina|boost
|-boost|p2b: Archaludon|def|1
|move|p2b: Archaludon|Flash Cannon|p1a: Clefable
|-supereffective|p1a: Clefable|1
|-damage|p1a: Clefable|41/100
|
|-weather|RainDance|[upkeep]
|-heal|p2b: Archaludon|41/100|[from] item: Leftovers
|-sideend|p2: FotiniP|move: Light Screen
|upkeep
|turn|6
|
|t:|1784592079
|move|p1b: Raichu|Zap Cannon|p2a: Sableye
|-crit|p2a: Sableye
|-damage|p2a: Sableye|0 fnt
|faint|p2a: Sableye
|move|p2b: Archaludon|Flash Cannon|p1b: Raichu
|-resisted|p1b: Raichu|1
|-damage|p1b: Raichu|43/100
|move|p1a: Clefable|Sunny Day|p1a: Clefable
|-weather|SunnyDay
|
|-weather|SunnyDay|[upkeep]
|-heal|p2b: Archaludon|47/100|[from] item: Leftovers
|-sideend|p2: FotiniP|Reflect
|upkeep
|
|t:|1784592089
|switch|p2a: Dragonite|Dragonite-Mega, L50, M|84/100
|turn|7
|
|t:|1784592099
|move|p1a: Clefable|Follow Me|p1a: Clefable
|-singleturn|p1a: Clefable|move: Follow Me
|move|p1b: Raichu|Zap Cannon|p2a: Dragonite
|-damage|p2a: Dragonite|36/100
|-status|p2a: Dragonite|par
|move|p2b: Archaludon|Flash Cannon|p1a: Clefable
|-supereffective|p1a: Clefable|1
|-damage|p1a: Clefable|0 fnt
|faint|p1a: Clefable
|move|p2a: Dragonite|Ice Beam|p1b: Raichu
|-damage|p1b: Raichu|9/100
|
|-weather|SunnyDay|[upkeep]
|-heal|p2b: Archaludon|53/100|[from] item: Leftovers
|upkeep
|
|t:|1784592109
|switch|p1a: Kingambit|Kingambit, L50, F|100/100
|turn|8
|inactive|FotiniP has 30 seconds left.
|
|t:|1784592140
|move|p1a: Kingambit|Sucker Punch|p2a: Dragonite
|-damage|p2a: Dragonite|0 fnt
|faint|p2a: Dragonite
|move|p1b: Raichu|Focus Blast|p2b: Archaludon
|-supereffective|p2b: Archaludon|1
|-damage|p2b: Archaludon|0 fnt
|faint|p2b: Archaludon
|
|-weather|SunnyDay|[upkeep]
|upkeep
|
|t:|1784592148
|switch|p2b: Basculegion|Basculegion, L50, M|100/100
|turn|9
|
|t:|1784592153
|move|p1a: Kingambit|Sucker Punch|p2b: Basculegion
|-supereffective|p2b: Basculegion|1
|-damage|p2b: Basculegion|2/100
|move|p1b: Raichu|Zap Cannon|p2b: Basculegion
|-supereffective|p2b: Basculegion|1
|-damage|p2b: Basculegion|0 fnt
|faint|p2b: Basculegion
|
|win|DyeItTightOfficial
