|j|☆WishMkrLucy
|j|☆chikn dinnr
|html|WishMkrLucychikn dinnr    
|uhtml|bestof|Game 1 of a best-of-3
|t:|1756334445
|gametype|doubles
|player|p1|WishMkrLucy|battlegirl-gen4|1113
|player|p2|chikn dinnr|youngster-gen4dp|1226
|gen|9
|tier|[Gen 9] VGC 2025 Reg H (Bo3)
|rated|
|rule|Species Clause: Limit one of each Pokémon
|rule|Item Clause: Limit 1 of each item
|clearpoke
|poke|p1|Gholdengo, L50|
|poke|p1|Garchomp, L50, F|
|poke|p1|Dragonite, L50, F|
|poke|p1|Murkrow, L50, F|
|poke|p1|Indeedee, L50, M|
|poke|p1|Sneasler, L50, M|
|poke|p2|Kingambit, L50, F|
|poke|p2|Ninetales-Alola, L50, M|
|poke|p2|Rillaboom, L50, M|
|poke|p2|Volcarona, L50, M|
|poke|p2|Tauros-Paldea-Aqua, L50, M|
|poke|p2|Electabuzz, L50, M|
|teampreview|4
|showteam|p1|Gholdengo||Leftovers|GoodasGold|MakeItRain,ShadowBall,NastyPlot,Protect||||||50|,,,,,Dragon]Garchomp||ClearAmulet|RoughSkin|Earthquake,RockSlide,DragonClaw,Protect|||F|||50|,,,,,Fairy]Dragonite||AssaultVest|InnerFocus|ExtremeSpeed,GigaImpact,BrickBreak,StompingTantrum|||F|||50|,,,,,Normal]Murkrow||FocusSash|Prankster|Tailwind,Haze,ThunderWave,FoulPlay|||F|||50|,,,,,Ghost]Indeedee||ChoiceScarf|PsychicSurge|ExpandingForce,TeraBlast,TrickRoom,Imprison|||M|||50|,,,,,Fighting]Sneasler||PsychicSeed|Unburden|CloseCombat,DireClaw,ThroatChop,Protect|||M|||50|,,,,,Dark
|showteam|p2|Kingambit||BlackGlasses|Defiant|SuckerPunch,KowtowCleave,SwordsDance,Protect|||F|||50|,,,,,Ghost]Ninetales-Alola||FocusSash|SnowWarning|Moonblast,FreezeDry,Encore,Protect|||M|||50|,,,,,Ghost]Rillaboom||AssaultVest|GrassySurge|FakeOut,GrassyGlide,WoodHammer,HighHorsepower|||M|||50|,,,,,Fire]Volcarona||CovertCloak|FlameBody|QuiverDance,HeatWave,GigaDrain,Protect|||M|||50|,,,,,Grass]Tauros-Paldea-Aqua||GrassySeed|Intimidate|WaveCrash,BodyPress,Protect,AquaJet|||M|||50|,,,,,Fire]Electabuzz||Eviolite|VitalSpirit|FollowMe,Electroweb,HelpingHand,Protect|||M|||50|,,,,,Ghost
|
|t:|1756334488
|teamsize|p1|4
|teamsize|p2|4
|start
|switch|p1a: Dragonite|Dragonite, L50, F|100/100
|switch|p1b: Gholdengo|Gholdengo, L50|100/100
|switch|p2a: Volcarona|Volcarona, L50, M|100/100
|switch|p2b: Ninetales|Ninetales-Alola, L50, M|100/100
|-weather|Snowscape|[from] ability: Snow Warning|[of] p2b: Ninetales
|turn|1
|
|t:|1756334517
|switch|p1a: Murkrow|Murkrow, L50, F|100/100
|move|p2b: Ninetales|Freeze-Dry|p1a: Murkrow
|-supereffective|p1a: Murkrow
|-enditem|p1a: Murkrow|Focus Sash
|-damage|p1a: Murkrow|1/100
|move|p1b: Gholdengo|Make It Rain|p2b: Ninetales|[spread] p2a,p2b
|-resisted|p2a: Volcarona
|-supereffective|p2b: Ninetales
|-damage|p2a: Volcarona|82/100
|-enditem|p2b: Ninetales|Focus Sash
|-damage|p2b: Ninetales|1/100
|-unboost|p1b: Gholdengo|spa|1
|move|p2a: Volcarona|Quiver Dance|p2a: Volcarona
|-boost|p2a: Volcarona|spa|1
|-boost|p2a: Volcarona|spd|1
|-boost|p2a: Volcarona|spe|1
|
|-weather|Snowscape|[upkeep]
|upkeep
|turn|2
|
|t:|1756334549
|switch|p2b: Rillaboom|Rillaboom, L50, M|100/100
|-fieldstart|move: Grassy Terrain|[from] ability: Grassy Surge|[of] p2b: Rillaboom
|move|p1b: Gholdengo|Protect|p1b: Gholdengo
|-singleturn|p1b: Gholdengo|Protect
|move|p1a: Murkrow|Thunder Wave|p2a: Volcarona
|-status|p2a: Volcarona|par
|move|p2a: Volcarona|Heat Wave|p1b: Gholdengo|[spread] p1a
|-activate|p1b: Gholdengo|move: Protect
|-damage|p1a: Murkrow|0 fnt
|faint|p1a: Murkrow
|
|-weather|Snowscape|[upkeep]
|-heal|p2a: Volcarona|87/100 par|[from] Grassy Terrain
|upkeep
|
|t:|1756334576
|switch|p1a: Garchomp|Garchomp, L50, F|100/100
|turn|3
|
|t:|1756334587
|-terastallize|p1b: Gholdengo|Dragon
|move|p1a: Garchomp|Protect|p1a: Garchomp
|-singleturn|p1a: Garchomp|Protect
|move|p2b: Rillaboom|Fake Out|p1a: Garchomp
|-activate|p1a: Garchomp|move: Protect
|move|p1b: Gholdengo|Nasty Plot|p1b: Gholdengo
|-boost|p1b: Gholdengo|spa|2
|move|p2a: Volcarona|Heat Wave|p1b: Gholdengo|[spread] 
|-activate|p1a: Garchomp|move: Protect
|-miss|p2a: Volcarona|p1b: Gholdengo
|
|-weather|Snowscape|[upkeep]
|-heal|p2a: Volcarona|93/100 par|[from] Grassy Terrain
|upkeep
|turn|4
|
|t:|1756334611
|cant|p2a: Volcarona|par
|move|p2b: Rillaboom|Grassy Glide|p1a: Garchomp
|-damage|p1a: Garchomp|65/100
|-damage|p2b: Rillaboom|88/100|[from] ability: Rough Skin|[of] p1a: Garchomp
|move|p1b: Gholdengo|Nasty Plot|p1b: Gholdengo
|-boost|p1b: Gholdengo|spa|2
|move|p1a: Garchomp|Rock Slide|p2b: Rillaboom|[spread] p2a,p2b
|-supereffective|p2a: Volcarona
|-damage|p2a: Volcarona|0 fnt
|-damage|p2b: Rillaboom|69/100
|faint|p2a: Volcarona
|
|-weather|Snowscape|[upkeep]
|-heal|p1a: Garchomp|71/100|[from] Grassy Terrain
|-heal|p2b: Rillaboom|75/100|[from] Grassy Terrain
|upkeep
|
|t:|1756334628
|switch|p2a: Ninetales|Ninetales-Alola, L50, M|1/100
|turn|5
|
|t:|1756334642
|move|p2a: Ninetales|Freeze-Dry|p1b: Gholdengo
|-supereffective|p1b: Gholdengo
|-damage|p1b: Gholdengo|33/100
|-status|p1b: Gholdengo|frz
|-curestatus|p1b: Gholdengo|frz|[msg]
|move|p1b: Gholdengo|Make It Rain|p2a: Ninetales|[spread] p2a,p2b
|-supereffective|p2a: Ninetales
|-damage|p2a: Ninetales|0 fnt
|-damage|p2b: Rillaboom|0 fnt
|-unboost|p1b: Gholdengo|spa|1
|faint|p2a: Ninetales
|faint|p2b: Rillaboom
|move|p1a: Garchomp|Rock Slide|p2: Ninetales|[notarget]
|-fail|p1a: Garchomp
|
|-weather|none
|-heal|p1b: Gholdengo|39/100|[from] Grassy Terrain
|-heal|p1a: Garchomp|77/100|[from] Grassy Terrain
|-heal|p1b: Gholdengo|45/100|[from] item: Leftovers
|upkeep
|
|t:|1756334659
|switch|p2b: Kingambit|Kingambit, L50, F|100/100
|turn|6
|
|t:|1756334664
|move|p1b: Gholdengo|Protect|p1b: Gholdengo
|-singleturn|p1b: Gholdengo|Protect
|move|p2b: Kingambit|Sucker Punch||[still]
|-fail|p2b: Kingambit
|move|p1a: Garchomp|Earthquake|p2b: Kingambit|[spread] p2b
|-activate|p1b: Gholdengo|move: Protect
|-supereffective|p2b: Kingambit
|-damage|p2b: Kingambit|66/100
|
|-heal|p1b: Gholdengo|51/100|[from] Grassy Terrain
|-heal|p1a: Garchomp|83/100|[from] Grassy Terrain
|-heal|p1b: Gholdengo|57/100|[from] item: Leftovers
|-heal|p2b: Kingambit|72/100|[from] Grassy Terrain
|-fieldend|move: Grassy Terrain
|upkeep
|turn|7
|
|t:|1756334681
|move|p2b: Kingambit|Sucker Punch||[still]
|-fail|p2b: Kingambit
|move|p1b: Gholdengo|Nasty Plot|p1b: Gholdengo
|-boost|p1b: Gholdengo|spa|2
|move|p1a: Garchomp|Dragon Claw|p2b: Kingambit
|-resisted|p2b: Kingambit
|-crit|p2b: Kingambit
|-damage|p2b: Kingambit|48/100
|
|-heal|p1b: Gholdengo|63/100|[from] item: Leftovers
|upkeep
|turn|8
|-message|chikn dinnr forfeited.
|
|win|WishMkrLucy
||chikn dinnr is ready for game 2.
||WishMkrLucy is ready for game 2.
|uhtml|next|Next: Game 2 of 3
