|j|☆angusgrind13
|j|☆thecrazur
|html|angusgrind13thecrazur    
|uhtml|bestof|Game 2 of a best-of-3
|t:|1784819688
|gametype|doubles
|player|p1|angusgrind13|steven|1190
|player|p2|thecrazur|266|1224
|gen|9
|tier|[Gen 9 Champions] VGC 2026 Reg M-B (Bo3)
|rated|
|rule|Species Clause: Limit one of each Pokémon
|rule|Item Clause: Limit 1 of each item
|clearpoke
|poke|p1|Primarina, L50, F|
|poke|p1|Kingambit, L50, M|
|poke|p1|Froslass, L50, F|
|poke|p1|Sneasler, L50, F|
|poke|p1|Lycanroc-Dusk, L50, F|
|poke|p1|Dragonite, L50, M|
|poke|p2|Blaziken, L50, M|
|poke|p2|Ninetales-Alola, L50, M|
|poke|p2|Sinistcha, L50|
|poke|p2|Aerodactyl, L50, M|
|poke|p2|Kingambit, L50, F|
|poke|p2|Basculegion, L50, M|
|teampreview|4
|showteam|p1|Primarina||LifeOrb|LiquidVoice|HyperVoice,Moonblast,Haze,Protect|Modest||F|||50|]Kingambit||BlackGlasses|Defiant|KowtowCleave,SuckerPunch,SwordsDance,Protect|Adamant||M|||50|]Froslass||Froslassite|CursedBody|Blizzard,ShadowBall,AuroraVeil,Protect|Timid||F|||50|]Sneasler||WhiteHerb|Unburden|GunkShot,CloseCombat,FakeOut,Protect|Adamant||F|||50|]Lycanroc-Dusk||FocusSash|ToughClaws|RockSlide,Accelerock,CloseCombat,Protect|Adamant||F|||50|]Dragonite||Dragoninite|Multiscale|DragonPulse,Flamethrower,Tailwind,Protect|Modest||M|||50|
|showteam|p2|Blaziken||Blazikenite|SpeedBoost|AuraSphere,HeatWave,ScorchingSands,Detect|Modest||M|||50|]Ninetales-Alola||LifeOrb|SnowWarning|Blizzard,FreezeDry,Moonblast,Protect|Timid||M|||50|]Sinistcha||ColburBerry|Hospitality|MatchaGotcha,Protect,TrickRoom,RagePowder|Bold|||||50|]Aerodactyl||Aerodactylite|Unnerve|RockSlide,DualWingbeat,Protect,Tailwind|Jolly||M|||50|]Kingambit||FocusSash|Defiant|SuckerPunch,IronHead,LowKick,KowtowCleave|Adamant||F|||50|]Basculegion||ChoiceScarf|Adaptability|LastRespects,WaveCrash,AquaJet,FlipTurn|Jolly||M|||50|
|
|t:|1784819737
|teamsize|p1|4
|teamsize|p2|4
|start
|switch|p1a: Froslass|Froslass, L50, F|100/100
|switch|p1b: Sneasler|Sneasler, L50, F|100/100
|switch|p2a: Blaziken|Blaziken, L50, M|100/100
|switch|p2b: Aerodactyl|Aerodactyl, L50, M|100/100
|-ability|p2b: Aerodactyl|Unnerve
|turn|1
|
|t:|1784819767
|detailschange|p1a: Froslass|Froslass-Mega, L50, F
|-mega|p1a: Froslass|Froslass|Froslassite
|-weather|Snowscape|[from] ability: Snow Warning|[of] p1a: Froslass
|detailschange|p2a: Blaziken|Blaziken-Mega, L50, M
|-mega|p2a: Blaziken|Blaziken|Blazikenite
|move|p2b: Aerodactyl|Protect|p2b: Aerodactyl
|-singleturn|p2b: Aerodactyl|Protect
|move|p1b: Sneasler|Fake Out|p2b: Aerodactyl
|-activate|p2b: Aerodactyl|move: Protect
|move|p1a: Froslass|Aurora Veil|p1a: Froslass
|-sidestart|p1: angusgrind13|move: Aurora Veil
|move|p2a: Blaziken|Heat Wave|p1b: Sneasler|[spread] p1a,p1b
|-supereffective|p1a: Froslass|1
|-damage|p1a: Froslass|39/100
|-damage|p1b: Sneasler|66/100
|-status|p1a: Froslass|brn
|
|-weather|Snowscape|[upkeep]
|-damage|p1a: Froslass|33/100 brn|[from] brn
|-ability|p2a: Blaziken|Speed Boost|boost
|-boost|p2a: Blaziken|spe|1
|upkeep
|turn|2
|
|t:|1784819796
|switch|p1a: Primarina|Primarina, L50, F|100/100
|move|p2a: Blaziken|Scorching Sands|p1b: Sneasler
|-supereffective|p1b: Sneasler|1
|-damage|p1b: Sneasler|25/100
|-status|p1b: Sneasler|brn
|move|p2b: Aerodactyl|Rock Slide|p1b: Sneasler|[spread] p1a,p1b
|-resisted|p1b: Sneasler|1
|-damage|p1a: Primarina|74/100
|-damage|p1b: Sneasler|15/100 brn
|cant|p1b: Sneasler|flinch
|
|-weather|Snowscape|[upkeep]
|-damage|p1b: Sneasler|9/100 brn|[from] brn
|-ability|p2a: Blaziken|Speed Boost|boost
|-boost|p2a: Blaziken|spe|1
|upkeep
|turn|3
|
|t:|1784819824
|switch|p2a: Ninetales|Ninetales-Alola, L50, M|100/100
|move|p2b: Aerodactyl|Tailwind|p2b: Aerodactyl
|-sidestart|p2: thecrazur|move: Tailwind
|move|p1b: Sneasler|Close Combat|p2a: Ninetales
|-damage|p2a: Ninetales|71/100
|-unboost|p1b: Sneasler|def|1
|-unboost|p1b: Sneasler|spd|1
|-enditem|p1b: Sneasler|White Herb
|-clearnegativeboost|p1b: Sneasler|[silent]
|move|p1a: Primarina|Hyper Voice|p2b: Aerodactyl|[spread] p2a,p2b
|-supereffective|p2b: Aerodactyl|1
|-damage|p2a: Ninetales|16/100
|-damage|p2b: Aerodactyl|0 fnt
|faint|p2b: Aerodactyl
|-damage|p1a: Primarina|64/100|[from] item: Life Orb
|
|-weather|Snowscape|[upkeep]
|-damage|p1b: Sneasler|3/100 brn|[from] brn
|upkeep
|
|t:|1784819844
|switch|p2b: Blaziken|Blaziken-Mega, L50, M|100/100
|turn|4
|
|t:|1784819849
|move|p2a: Ninetales|Protect|p2a: Ninetales
|-singleturn|p2a: Ninetales|Protect
|move|p2b: Blaziken|Detect|p2b: Blaziken
|-singleturn|p2b: Blaziken|Protect
|move|p1b: Sneasler|Gunk Shot|p2b: Blaziken
|-activate|p2b: Blaziken|move: Protect
|move|p1a: Primarina|Hyper Voice|p2a: Ninetales|[spread] 
|-activate|p2a: Ninetales|move: Protect
|-activate|p2b: Blaziken|move: Protect
|
|-weather|Snowscape|[upkeep]
|-damage|p1b: Sneasler|0 fnt|[from] brn
|faint|p1b: Sneasler
|-ability|p2b: Blaziken|Speed Boost|boost
|-boost|p2b: Blaziken|spe|1
|upkeep
|
|t:|1784819854
|switch|p1b: Kingambit|Kingambit, L50, M|100/100
|turn|5
|
|t:|1784819879
|switch|p2a: Kingambit|Kingambit, L50, F|100/100
|move|p1b: Kingambit|Sucker Punch||[still]
|-fail|p1b: Kingambit
|move|p2b: Blaziken|Heat Wave|p1b: Kingambit|[spread] p1a,p1b
|-resisted|p1a: Primarina|1
|-supereffective|p1b: Kingambit|1
|-damage|p1a: Primarina|50/100g
|-damage|p1b: Kingambit|45/100
|move|p1a: Primarina|Hyper Voice|p2b: Blaziken|[spread] p2a,p2b
|-supereffective|p2b: Blaziken|1
|-damage|p2a: Kingambit|48/100
|-damage|p2b: Blaziken|0 fnt
|faint|p2b: Blaziken
|-damage|p1a: Primarina|40/100|[from] item: Life Orb
|
|-weather|none
|-sideend|p1: angusgrind13|move: Aurora Veil
|upkeep
|
|t:|1784819893
|switch|p2b: Ninetales|Ninetales-Alola, L50, M|16/100
|-weather|Snowscape|[from] ability: Snow Warning|[of] p2b: Ninetales
|turn|6
|
|t:|1784819904
|move|p2b: Ninetales|Protect|p2b: Ninetales
|-singleturn|p2b: Ninetales|Protect
|move|p2a: Kingambit|Low Kick|p1b: Kingambit
|-supereffective|p1b: Kingambit|2
|-damage|p1b: Kingambit|0 fnt
|faint|p1b: Kingambit
|move|p1a: Primarina|Hyper Voice|p2a: Kingambit|[spread] p2a
|-activate|p2b: Ninetales|move: Protect
|-damage|p2a: Kingambit|0 fnt
|faint|p2a: Kingambit
|-damage|p1a: Primarina|31/100|[from] item: Life Orb
|
|-weather|Snowscape|[upkeep]
|-sideend|p2: thecrazur|move: Tailwind
|upkeep
|
|t:|1784819912
|switch|p1b: Froslass|Froslass-Mega, L50, F|33/100 brn
|turn|7
|
|t:|1784819922
|move|p1b: Froslass|Shadow Ball|p2b: Ninetales
|-damage|p2b: Ninetales|0 fnt
|faint|p2b: Ninetales
|
|win|angusgrind13
|raw|angusgrind13's rating: 1190 → 1217(+27 for winning)
|raw|thecrazur's rating: 1224 → 1197(-27 for losing)
