|j|☆buf69 QueSeSiente
|j|☆DominicVGC07
|html|buf69 QueSeSienteDominicVGC07    
|uhtml|bestof|Game 3 of a best-of-3
|t:|1756316152
|gametype|doubles
|player|p1|buf69 QueSeSiente|caitlin|1404
|player|p2|DominicVGC07|ghetsis|1368
|gen|9
|tier|[Gen 9] VGC 2025 Reg H (Bo3)
|rated|
|rule|Species Clause: Limit one of each Pokémon
|rule|Item Clause: Limit 1 of each item
|clearpoke
|poke|p1|Sneasler, L50, M|
|poke|p1|Indeedee, L50, M|
|poke|p1|Volcarona, L50, F|
|poke|p1|Ursaluna-Bloodmoon, L50, M|
|poke|p1|Annihilape, L50, M|
|poke|p1|Tyranitar, L50, M|
|poke|p2|Kingambit, L50, M|
|poke|p2|Sneasler, L50, F|
|poke|p2|Rillaboom, L50, M|
|poke|p2|Dragonite, L50, M|
|poke|p2|Electabuzz, L50, F|
|poke|p2|Dondozo, L50, F|
|teampreview|4
|showteam|p1|Sneasler||PsychicSeed|Unburden|CloseCombat,DireClaw,ThroatChop,Protect|||M|||50|,,,,,Dark]Indeedee||ChoiceScarf|PsychicSurge|ExpandingForce,TeraBlast,Trick,Protect|||M|||50|,,,,,Psychic]Volcarona||SitrusBerry|FlameBody|Overheat,StruggleBug,RagePowder,Tailwind|||F|||50|,,,,,Grass]Ursaluna-Bloodmoon||LifeOrb|MindsEye|BloodMoon,HyperVoice,EarthPower,Protect|||M|||50|,,,,,Normal]Annihilape||SafetyGoggles|Defiant|CloseCombat,RageFist,Taunt,FinalGambit|||M|||50|,,,,,Fairy]Tyranitar||AssaultVest|SandStream|RockSlide,KnockOff,TeraBlast,LowKick|||M|||50|,,,,,Flying
|showteam|p2|Kingambit||BlackGlasses|Defiant|KowtowCleave,SuckerPunch,SwordsDance,Protect|||M|||50|,,,,,Dark]Sneasler||FocusSash|Unburden|FakeOut,CloseCombat,DireClaw,Coaching|||F|||50|,,,,,Ghost]Rillaboom||AssaultVest|GrassySurge|FakeOut,WoodHammer,GrassyGlide,Uturn|||M|||50|,,,,,Fire]Dragonite||LoadedDice|Multiscale|ScaleShot,LowKick,Haze,Protect|||M|||50|,,,,,Steel]Electabuzz||Eviolite|VitalSpirit|Thunderbolt,FollowMe,Taunt,Protect|||F|||50|,,,,,Dragon]Dondozo||Leftovers|Unaware|WaveCrash,Yawn,Fissure,Protect|||F|||50|,,,,,Poison
|j| buf51 Golden Era
|j| buf0722shito
|j| buf44 Rashito
|
|t:|1756316192
|teamsize|p1|4
|teamsize|p2|4
|start
|switch|p1a: Tyranitar|Tyranitar, L50, M|100/100
|switch|p1b: Volcarona|Volcarona, L50, F|100/100
|switch|p2a: Skydragon|Dragonite, L50, M|100/100
|switch|p2b: 1000 volt|Electabuzz, L50, F|100/100
|-weather|Sandstorm|[from] ability: Sand Stream|[of] p1a: Tyranitar
|turn|1
|
|t:|1756316222
|move|p1b: Volcarona|Tailwind|p1b: Volcarona
|-sidestart|p1: buf69 QueSeSiente|move: Tailwind
|move|p1a: Tyranitar|Rock Slide|p2a: Skydragon|[spread] p2a
|-miss|p1a: Tyranitar|p2b: 1000 volt
|-supereffective|p2a: Skydragon
|-damage|p2a: Skydragon|66/100
|move|p2b: 1000 volt|Thunderbolt|p1a: Tyranitar
|-damage|p1a: Tyranitar|86/100
|move|p2a: Skydragon|Scale Shot|p1b: Volcarona|[miss]
|-miss|p2a: Skydragon|p1b: Volcarona
|
|-weather|Sandstorm|[upkeep]
|-damage|p1b: Volcarona|94/100|[from] Sandstorm
|-damage|p2b: 1000 volt|95/100|[from] Sandstorm
|-damage|p2a: Skydragon|60/100|[from] Sandstorm
|upkeep
|turn|2
|
|t:|1756316239
|switch|p2b: Kong|Rillaboom, L50, M|100/100
|-fieldstart|move: Grassy Terrain|[from] ability: Grassy Surge|[of] p2b: Kong
|move|p2a: Skydragon|Protect|p2a: Skydragon
|-singleturn|p2a: Skydragon|Protect
|move|p1b: Volcarona|Struggle Bug|p2a: Skydragon|[spread] p2b
|-activate|p2a: Skydragon|move: Protect
|-supereffective|p2b: Kong
|-damage|p2b: Kong|77/100
|-unboost|p2b: Kong|spa|1
|move|p1a: Tyranitar|Rock Slide|p2b: Kong|[spread] p2b
|-activate|p2a: Skydragon|move: Protect
|-damage|p2b: Kong|48/100
|
|-weather|Sandstorm|[upkeep]
|-damage|p1b: Volcarona|88/100|[from] Sandstorm
|-damage|p2a: Skydragon|54/100|[from] Sandstorm
|-damage|p2b: Kong|42/100|[from] Sandstorm
|-heal|p1b: Volcarona|94/100|[from] Grassy Terrain
|-heal|p1a: Tyranitar|92/100|[from] Grassy Terrain
|-heal|p2b: Kong|48/100|[from] Grassy Terrain
|upkeep
|turn|3
|inactive|Battle timer is ON: inactive players will automatically lose when time's up. (requested by DominicVGC07)
|
|t:|1756316267
|move|p2b: Kong|Fake Out|p1a: Tyranitar
|-resisted|p1a: Tyranitar
|-damage|p1a: Tyranitar|86/100
|move|p1b: Volcarona|Overheat|p2b: Kong
|-supereffective|p2b: Kong
|-damage|p2b: Kong|0 fnt
|-unboost|p1b: Volcarona|spa|2
|faint|p2b: Kong
|cant|p1a: Tyranitar|flinch
|move|p2a: Skydragon|Scale Shot|p1b: Volcarona
|-crit|p1b: Volcarona
|-damage|p1b: Volcarona|69/100
|-damage|p1b: Volcarona|48/100
|-enditem|p1b: Volcarona|Sitrus Berry|[eat]
|-heal|p1b: Volcarona|73/100|[from] item: Sitrus Berry
|-damage|p1b: Volcarona|55/100
|-crit|p1b: Volcarona
|-damage|p1b: Volcarona|25/100
|-hitcount|p1b: Volcarona|4
|-unboost|p2a: Skydragon|def|1
|-boost|p2a: Skydragon|spe|1
|
|-weather|Sandstorm|[upkeep]
|-damage|p1b: Volcarona|19/100|[from] Sandstorm
|-damage|p2a: Skydragon|48/100|[from] Sandstorm
|-heal|p1b: Volcarona|25/100|[from] Grassy Terrain
|-heal|p1a: Tyranitar|92/100|[from] Grassy Terrain
|upkeep
|
|t:|1756316282
|switch|p2b: 1000 volt|Electabuzz, L50, F|95/100
|turn|4
|inactive|buf69 QueSeSiente has 30 seconds left.
|inactive|buf69 QueSeSiente has 20 seconds left.
|inactive|DominicVGC07 has 30 seconds left.
|inactive|buf69 QueSeSiente has 15 seconds left.
|inactive|buf69 QueSeSiente has 10 seconds left.
|inactive|DominicVGC07 has 20 seconds left.
|inactive|buf69 QueSeSiente has 5 seconds left.
|inactive|DominicVGC07 has 15 seconds left.
|inactive|DominicVGC07 has 10 seconds left.
|
|t:|1756316344
|-terastallize|p2a: Skydragon|Steel
|move|p2a: Skydragon|Protect|p2a: Skydragon
|-singleturn|p2a: Skydragon|Protect
|move|p1b: Volcarona|Struggle Bug|p2b: 1000 volt|[spread] p2b
|-activate|p2a: Skydragon|move: Protect
|-damage|p2b: 1000 volt|89/100
|-unboost|p2b: 1000 volt|spa|1
|move|p1a: Tyranitar|Rock Slide|p2a: Skydragon|[spread] 
|-activate|p2a: Skydragon|move: Protect
|-miss|p1a: Tyranitar|p2b: 1000 volt
|move|p2b: 1000 volt|Thunderbolt|p1b: Volcarona
|-damage|p1b: Volcarona|4/100
|
|-weather|Sandstorm|[upkeep]
|-damage|p1b: Volcarona|0 fnt|[from] Sandstorm
|-damage|p2b: 1000 volt|83/100|[from] Sandstorm
|faint|p1b: Volcarona
|-heal|p1a: Tyranitar|98/100|[from] Grassy Terrain
|-heal|p2a: Skydragon|54/100|[from] Grassy Terrain
|-heal|p2b: 1000 volt|89/100|[from] Grassy Terrain
|-sideend|p1: buf69 QueSeSiente|move: Tailwind
|upkeep
|
|t:|1756316355
|switch|p1b: Indeedee|Indeedee, L50, M|100/100
|-fieldstart|move: Psychic Terrain|[from] ability: Psychic Surge|[of] p1b: Indeedee
|turn|5
|inactive|buf69 QueSeSiente has 30 seconds left.
|inactive|buf69 QueSeSiente has 20 seconds left.
|inactive|DominicVGC07 has 30 seconds left.
|inactive|buf69 QueSeSiente has 15 seconds left.
|inactive|buf69 QueSeSiente has 10 seconds left.
|inactive|DominicVGC07 has 20 seconds left.
|inactive|buf69 QueSeSiente has 5 seconds left.
|inactive|DominicVGC07 has 15 seconds left.
|inactive|DominicVGC07 has 10 seconds left.
|
|t:|1756316414
|-terastallize|p1a: Tyranitar|Flying
|move|p1b: Indeedee|Expanding Force|p2b: 1000 volt|[spread] p2a,p2b
|-resisted|p2a: Skydragon
|-damage|p2a: Skydragon|21/100
|-damage|p2b: 1000 volt|44/100
|move|p2a: Skydragon|Scale Shot|p1b: Indeedee
|-damage|p1b: Indeedee|72/100
|-damage|p1b: Indeedee|42/100
|-damage|p1b: Indeedee|14/100
|-damage|p1b: Indeedee|0 fnt
|faint|p1b: Indeedee
|-hitcount|p1: Indeedee|4
|-unboost|p2a: Skydragon|def|1
|-boost|p2a: Skydragon|spe|1
|move|p2b: 1000 volt|Thunderbolt|p1a: Tyranitar
|-supereffective|p1a: Tyranitar
|-damage|p1a: Tyranitar|73/100
|move|p1a: Tyranitar|Rock Slide|p2a: Skydragon|[spread] p2a,p2b
|-resisted|p2a: Skydragon
|-damage|p2a: Skydragon|0 fnt
|-damage|p2b: 1000 volt|18/100
|faint|p2a: Skydragon
|
|-weather|none
|upkeep
|
|t:|1756316432
|switch|p1b: Annihilape|Annihilape, L50, M|100/100
|switch|p2a: Nightmare|Sneasler, L50, F|100/100
|turn|6
|c| buf51 Golden Era|we cant see what you are
|c|☆DominicVGC07|miss of scale shot
|c| buf0722shito|aura farmed
|c| buf51 Golden Era|buff farmed
|c| buf0722shito|miss of skill
|inactive|DominicVGC07 has 30 seconds left.
|c| buf51 Golden Era|skill shot
|inactive|DominicVGC07 has 20 seconds left.
|inactive|DominicVGC07 has 15 seconds left.
|inactive|DominicVGC07 has 10 seconds left.
|
|t:|1756316480
|move|p2b: 1000 volt|Protect|p2b: 1000 volt
|-singleturn|p2b: 1000 volt|Protect
|move|p2a: Nightmare|Dire Claw|p1a: Tyranitar
|-damage|p1a: Tyranitar|36/100
|move|p1b: Annihilape|Rage Fist|p2a: Nightmare
|-damage|p2a: Nightmare|67/100
|move|p1a: Tyranitar|Tera Blast|p2a: Nightmare|[anim] Tera Blast Flying
|-supereffective|p2a: Nightmare
|-damage|p2a: Nightmare|0 fnt
|faint|p2a: Nightmare
|
|upkeep
|turn|7
|
|t:|1756316491
|move|p1b: Annihilape|Rage Fist|p2b: 1000 volt
|-damage|p2b: 1000 volt|0 fnt
|faint|p2b: 1000 volt
|
|win|buf69 QueSeSiente
|raw|buf69 QueSeSiente's rating: 1404 → 1422(+18 for winning)
|raw|DominicVGC07's rating: 1368 → 1350(-18 for losing)
|l| buf44 Rashito
|l|☆DominicVGC07
|player|p2|
