|j|ﻗ»│platanoso
|j|ﻗ»│MetaphorCrazyMonk
|html|platanosoMetaphorCrazyMonk    
|uhtml|bestof|Game 2 of a best-of-3
|t:|1785961201
|gametype|doubles
|player|p1|platanoso|madame-gen4|1243
|player|p2|MetaphorCrazyMonk|2|1351
|gen|9
|tier|[Gen 9 Champions] VGC 2026 Reg M-B (Bo3)
|rated|
|rule|Species Clause: Limit one of each Pokﺃﺏmon
|rule|Item Clause: Limit 1 of each item
|clearpoke
|poke|p1|Floette-Eternal, L50, F|
|poke|p1|Sneasler, L50, M|
|poke|p1|Incineroar, L50, F|
|poke|p1|Sinistcha, L50|
|poke|p1|Delphox, L50, M|
|poke|p1|Garchomp, L50, M|
|poke|p2|Tyranitar, L50, M|
|poke|p2|Excadrill, L50, M, shiny|
|poke|p2|Sneasler, L50, M|
|poke|p2|Delphox, L50, F|
|poke|p2|Incineroar, L50, M|
|poke|p2|Sinistcha, L50|
|teampreview|4
|showteam|p1|Floette-Eternal||Floettite|FlowerVeil|DazzlingGleam,DrainingKiss,CalmMind,Protect|Modest||F|||50|]Sneasler||FocusSash|PoisonTouch|CloseCombat,PoisonJab,FakeOut,Protect|Jolly||M|||50|]Incineroar||SitrusBerry|Intimidate|FlareBlitz,DarkestLariat,PartingShot,FakeOut|Impish||F|||50|]Sinistcha||OccaBerry|Hospitality|MatchaGotcha,RagePowder,TrickRoom,Protect|Bold|||||50|]Delphox||Delphoxite|Blaze|Psychic,HeatWave,NastyPlot,Protect|Timid||M|||50|]Garchomp||ChoiceScarf|RoughSkin|DragonClaw,StompingTantrum,Earthquake,RockSlide|Adamant||M|||50|
|showteam|p2|Tyranitar||Tyranitarite|SandStream|RockSlide,KnockOff,DragonDance,Protect|Jolly||M|||50|]Excadrill||FocusSash|SandRush|HighHorsepower,IronHead,RockSlide,Protect|Adamant||M|||50|]Sneasler||WhiteHerb|Unburden|CloseCombat,DireClaw,FakeOut,Coaching|Jolly||M|||50|]Delphox||Delphoxite|Blaze|HeatWave,Psychic,NastyPlot,Protect|Timid||F|||50|]Incineroar||SitrusBerry|Intimidate|FlareBlitz,ThroatChop,FakeOut,PartingShot|Impish||M|||50|]Sinistcha||ColburBerry|Hospitality|MatchaGotcha,RagePowder,TrickRoom,Protect|Bold|||||50|
|
|t:|1785961249
|teamsize|p1|4
|teamsize|p2|4
|start
|switch|p1a: Sneasler|Sneasler, L50, M|100/100
|switch|p1b: Delphox|Delphox, L50, M|100/100
|switch|p2a: pizia|Delphox, L50, F|100/100
|switch|p2b: b.alario|Incineroar, L50, M|100/100
|-ability|p2b: b.alario|Intimidate|boost
|-unboost|p1a: Sneasler|atk|1
|-unboost|p1b: Delphox|atk|1
|turn|1
|inactive|Battle timer is ON: inactive players will automatically lose when time's up. (requested by platanoso)
|
|t:|1785961281
|detailschange|p2a: pizia|Delphox-Mega, L50, F
|-mega|p2a: pizia|Delphox|Delphoxite
|detailschange|p1b: Delphox|Delphox-Mega, L50, M
|-mega|p1b: Delphox|Delphox|Delphoxite
|move|p1a: Sneasler|Fake Out|p2a: pizia
|-damage|p2a: pizia|85/100
|-status|p2a: pizia|psn|[from] ability: Poison Touch|[of] p1a: Sneasler
|move|p2b: b.alario|Fake Out|p1b: Delphox
|-damage|p1b: Delphox|88/100
|cant|p2a: pizia|flinch
|cant|p1b: Delphox|flinch
|
|-damage|p2a: pizia|73/100 psn|[from] psn
|upkeep
|turn|2
|inactive|platanoso has 30 seconds left.
|inactive|MetaphorCrazyMonk has 30 seconds left.
|
|t:|1785961317
|switch|p1a: Incineroar|Incineroar, L50, F|100/100
|-ability|p1a: Incineroar|Intimidate|boost
|-unboost|p2a: pizia|atk|1
|-unboost|p2b: b.alario|atk|1
|move|p1b: Delphox|Protect|p1b: Delphox
|-singleturn|p1b: Delphox|Protect
|move|p2a: pizia|Heat Wave|p1b: Delphox|[spread] p1a
|-activate|p1b: Delphox|move: Protect
|-resisted|p1a: Incineroar|1
|-damage|p1a: Incineroar|82/100
|move|p2b: b.alario|Throat Chop|p1b: Delphox
|-activate|p1b: Delphox|move: Protect
|
|-damage|p2a: pizia|60/100 psn|[from] psn
|upkeep
|turn|3
|
|t:|1785961341
|switch|p2a: quando provo|Tyranitar, L50, M|100/100
|-weather|Sandstorm|[from] ability: Sand Stream|[of] p2a: quando provo
|move|p1a: Incineroar|Fake Out|p2a: quando provo
|-resisted|p2a: quando provo|1
|-damage|p2a: quando provo|96/100
|move|p1b: Delphox|Nasty Plot|p1b: Delphox
|-boost|p1b: Delphox|spa|2
|move|p2b: b.alario|Throat Chop|p1a: Incineroar
|-resisted|p1a: Incineroar|1
|-damage|p1a: Incineroar|74/100
|-start|p1a: Incineroar|Throat Chop|[silent]
|
|-weather|Sandstorm|[upkeep]
|-damage|p1b: Delphox|81/100|[from] Sandstorm
|-damage|p2b: b.alario|94/100|[from] Sandstorm
|-damage|p1a: Incineroar|68/100|[from] Sandstorm
|upkeep
|turn|4
|inactive|platanoso has 30 seconds left.
|inactive|MetaphorCrazyMonk has 30 seconds left.
|
|t:|1785961371
|switch|p1a: Sinistcha|Sinistcha, L50|100/100
|-heal|p1b: Delphox|100/100|[from] ability: Hospitality|[of] p1a: Sinistcha
|move|p1b: Delphox|Protect|p1b: Delphox
|-singleturn|p1b: Delphox|Protect
|move|p2a: quando provo|Dragon Dance|p2a: quando provo
|-boost|p2a: quando provo|atk|1
|-boost|p2a: quando provo|spe|1
|move|p2b: b.alario|Parting Shot|p1a: Sinistcha
|-unboost|p1a: Sinistcha|atk|1
|-unboost|p1a: Sinistcha|spa|1
|
|t:|1785961387
|switch|p2b: pizia|Delphox-Mega, L50, F|60/100 psn|[from] Parting Shot
|
|-weather|Sandstorm|[upkeep]
|-damage|p2b: pizia|54/100 psn|[from] Sandstorm
|-damage|p1b: Delphox|93/100|[from] Sandstorm
|-damage|p1a: Sinistcha|93/100|[from] Sandstorm
|-damage|p2b: pizia|42/100 psn|[from] psn
|upkeep
|turn|5
|
|t:|1785961398
|switch|p2b: b.alario|Incineroar, L50, M|94/100
|-ability|p2b: b.alario|Intimidate|boost
|-unboost|p1a: Sinistcha|atk|1
|-unboost|p1b: Delphox|atk|1
|switch|p1b: Incineroar|Incineroar, L50, F|68/100
|-ability|p1b: Incineroar|Intimidate|boost
|-unboost|p2a: quando provo|atk|1
|-unboost|p2b: b.alario|atk|1
|move|p2a: quando provo|Dragon Dance|p2a: quando provo
|-boost|p2a: quando provo|atk|1
|-boost|p2a: quando provo|spe|1
|move|p1a: Sinistcha|Trick Room|p1a: Sinistcha
|-fieldstart|move: Trick Room|[of] p1a: Sinistcha
|
|-weather|Sandstorm|[upkeep]
|-damage|p1b: Incineroar|62/100|[from] Sandstorm
|-damage|p2b: b.alario|88/100|[from] Sandstorm
|-damage|p1a: Sinistcha|87/100|[from] Sandstorm
|upkeep
|turn|6
|
|t:|1785961422
|move|p2a: quando provo|Protect|p2a: quando provo
|-singleturn|p2a: quando provo|Protect
|move|p1b: Incineroar|Parting Shot|p2a: quando provo
|-activate|p2a: quando provo|move: Protect
|move|p2b: b.alario|Parting Shot|p1b: Incineroar
|-unboost|p1b: Incineroar|atk|1
|-unboost|p1b: Incineroar|spa|1
|
|t:|1785961432
|switch|p2b: las brulﺃﺎ|Sinistcha, L50|100/100|[from] Parting Shot
|-heal|p2a: quando provo|100/100|[from] ability: Hospitality|[of] p2b: las brulﺃﺎ
|move|p1a: Sinistcha|Matcha Gotcha|p2b: las brulﺃﺎ|[spread] p2b
|-activate|p2a: quando provo|move: Protect
|-resisted|p2b: las brulﺃﺎ|1
|-damage|p2b: las brulﺃﺎ|92/100
|-heal|p1a: Sinistcha|91/100|[from] drain|[of] p2b: las brulﺃﺎ
|
|-weather|Sandstorm|[upkeep]
|-damage|p1b: Incineroar|56/100|[from] Sandstorm
|-damage|p2b: las brulﺃﺎ|85/100|[from] Sandstorm
|-damage|p1a: Sinistcha|85/100|[from] Sandstorm
|upkeep
|turn|7
|
|t:|1785961448
|move|p2b: las brulﺃﺎ|Rage Powder|p2b: las brulﺃﺎ
|-singleturn|p2b: las brulﺃﺎ|move: Rage Powder
|move|p1b: Incineroar|Parting Shot|p2b: las brulﺃﺎ
|-unboost|p2b: las brulﺃﺎ|atk|1
|-unboost|p2b: las brulﺃﺎ|spa|1
|
|t:|1785961456
|switch|p1b: Sneasler|Sneasler, L50, M|100/100|[from] Parting Shot
|move|p1a: Sinistcha|Matcha Gotcha|p2a: quando provo|[spread] p2a,p2b
|-supereffective|p2a: quando provo|1
|-resisted|p2b: las brulﺃﺎ|1
|-damage|p2a: quando provo|79/100
|-heal|p1a: Sinistcha|97/100|[from] drain|[of] p2a: quando provo
|-damage|p2b: las brulﺃﺎ|77/100
|-heal|p1a: Sinistcha|100/100|[from] drain|[of] p2b: las brulﺃﺎ
|-status|p2a: quando provo|brn
|-status|p2b: las brulﺃﺎ|brn
|move|p2a: quando provo|Rock Slide|p1a: Sinistcha|[spread] p1a,p1b
|-resisted|p1b: Sneasler|1
|-damage|p1a: Sinistcha|84/100
|-damage|p1b: Sneasler|82/100
|
|-weather|none
|-damage|p2b: las brulﺃﺎ|71/100 brn|[from] brn
|-damage|p2a: quando provo|73/100 brn|[from] brn
|upkeep
|turn|8
|inactive|platanoso has 30 seconds left.
|inactive|MetaphorCrazyMonk has 30 seconds left.
|
|t:|1785961481
|switch|p1b: Delphox|Delphox-Mega, L50, M|93/100
|move|p2b: las brulﺃﺎ|Rage Powder|p2b: las brulﺃﺎ
|-singleturn|p2b: las brulﺃﺎ|move: Rage Powder
|move|p1a: Sinistcha|Matcha Gotcha|p2a: quando provo|[spread] p2a
|-miss|p1a: Sinistcha|p2b: las brulﺃﺎ
|-supereffective|p2a: quando provo|1
|-damage|p2a: quando provo|43/100 brn
|-heal|p1a: Sinistcha|100/100|[from] drain|[of] p2a: quando provo
|move|p2a: quando provo|Knock Off|p1a: Sinistcha
|-supereffective|p1a: Sinistcha|1
|-damage|p1a: Sinistcha|45/100
|-enditem|p1a: Sinistcha|Occa Berry|[from] move: Knock Off|[of] p2a: quando provo
|
|-damage|p2b: las brulﺃﺎ|65/100 brn|[from] brn
|-damage|p2a: quando provo|37/100 brn|[from] brn
|upkeep
|turn|9
|
|t:|1785961498
|switch|p1a: Incineroar|Incineroar, L50, F|56/100
|-ability|p1a: Incineroar|Intimidate|boost
|-unboost|p2a: quando provo|atk|1
|-unboost|p2b: las brulﺃﺎ|atk|1
|switch|p2b: b.alario|Incineroar, L50, M|88/100
|-ability|p2b: b.alario|Intimidate|boost
|-unboost|p1a: Incineroar|atk|1
|-unboost|p1b: Delphox|atk|1
|move|p2a: quando provo|Protect|p2a: quando provo
|-singleturn|p2a: quando provo|Protect
|move|p1b: Delphox|Nasty Plot|p1b: Delphox
|-boost|p1b: Delphox|spa|2
|
|-damage|p2a: quando provo|31/100 brn|[from] brn
|-fieldend|move: Trick Room
|upkeep
|turn|10
|
|t:|1785961519
|move|p1b: Delphox|Protect|p1b: Delphox
|-singleturn|p1b: Delphox|Protect
|move|p2b: b.alario|Fake Out|p1a: Incineroar
|-damage|p1a: Incineroar|48/100
|-enditem|p1a: Incineroar|Sitrus Berry|[eat]
|-heal|p1a: Incineroar|73/100|[from] item: Sitrus Berry
|move|p2a: quando provo|Rock Slide|p1b: Delphox|[spread] p1a
|-activate|p1b: Delphox|move: Protect
|-supereffective|p1a: Incineroar|1
|-damage|p1a: Incineroar|54/100
|cant|p1a: Incineroar|flinch
|
|-damage|p2a: quando provo|25/100 brn|[from] brn
|upkeep
|turn|11
|
|t:|1785961538
|move|p2a: quando provo|Rock Slide|p1a: Incineroar|[spread] p1a,p1b
|-supereffective|p1a: Incineroar|1
|-supereffective|p1b: Delphox|1
|-damage|p1a: Incineroar|35/100
|-damage|p1b: Delphox|60/100
|cant|p1b: Delphox|flinch
|move|p2b: b.alario|Throat Chop|p1b: Delphox
|-supereffective|p1b: Delphox|1
|-damage|p1b: Delphox|0 fnt
|faint|p1b: Delphox
|move|p1a: Incineroar|Flare Blitz|p2a: quando provo
|-resisted|p2a: quando provo|1
|-damage|p2a: quando provo|12/100 brn
|-damage|p1a: Incineroar|31/100|[from] Recoil
|
|-damage|p2a: quando provo|6/100 brn|[from] brn
|upkeep
|
|t:|1785961550
|switch|p1b: Sneasler|Sneasler, L50, M|82/100
|turn|12
|
|t:|1785961565
|switch|p1b: Sinistcha|Sinistcha, L50|45/100
|-heal|p1a: Incineroar|55/100|[from] ability: Hospitality|[of] p1b: Sinistcha
|switch|p2b: las brulﺃﺎ|Sinistcha, L50|65/100 brn
|-heal|p2a: quando provo|31/100 brn|[from] ability: Hospitality|[of] p2b: las brulﺃﺎ
|move|p2a: quando provo|Protect|p2a: quando provo
|-singleturn|p2a: quando provo|Protect
|move|p1a: Incineroar|Parting Shot|p2b: las brulﺃﺎ
|-unboost|p2b: las brulﺃﺎ|atk|1
|-unboost|p2b: las brulﺃﺎ|spa|1
|
|t:|1785961576
|switch|p1a: Sneasler|Sneasler, L50, M|82/100|[from] Parting Shot
|
|-damage|p2a: quando provo|25/100 brn|[from] brn
|-damage|p2b: las brulﺃﺎ|59/100 brn|[from] brn
|upkeep
|turn|13
|
|t:|1785961586
|switch|p1b: Incineroar|Incineroar, L50, F|55/100
|-ability|p1b: Incineroar|Intimidate|boost
|-unboost|p2a: quando provo|atk|1
|-unboost|p2b: las brulﺃﺎ|atk|1
|switch|p2b: b.alario|Incineroar, L50, M|88/100
|-ability|p2b: b.alario|Intimidate|boost
|-unboost|p1a: Sneasler|atk|1
|-unboost|p1b: Incineroar|atk|1
|move|p2a: quando provo|Knock Off|p1b: Incineroar
|-resisted|p1b: Incineroar|1
|-damage|p1b: Incineroar|52/100
|move|p1a: Sneasler|Poison Jab|p2b: b.alario
|-damage|p2b: b.alario|65/100
|-status|p2b: b.alario|psn|[from] ability: Poison Touch|[of] p1a: Sneasler
|
|-damage|p2b: b.alario|52/100 psn|[from] psn
|-damage|p2a: quando provo|19/100 brn|[from] brn
|upkeep
|turn|14
|
|t:|1785961610
|switch|p2a: las brulﺃﺎ|Sinistcha, L50|59/100 brn
|-heal|p2b: b.alario|77/100 psn|[from] ability: Hospitality|[of] p2a: las brulﺃﺎ
|move|p1b: Incineroar|Fake Out|p2a: las brulﺃﺎ
|-immune|p2a: las brulﺃﺎ
|move|p1a: Sneasler|Close Combat|p2b: b.alario
|-supereffective|p2b: b.alario|1
|-damage|p2b: b.alario|18/100 psn
|-unboost|p1a: Sneasler|def|1
|-unboost|p1a: Sneasler|spd|1
|-enditem|p2b: b.alario|Sitrus Berry|[eat]
|-heal|p2b: b.alario|43/100 psn|[from] item: Sitrus Berry
|move|p2b: b.alario|Flare Blitz|p1a: Sneasler
|-damage|p1a: Sneasler|0 fnt
|faint|p1a: Sneasler
|-damage|p2b: b.alario|21/100 psn|[from] Recoil
|
|-damage|p2b: b.alario|9/100 psn|[from] psn
|-damage|p2a: las brulﺃﺎ|53/100 brn|[from] brn
|upkeep
|
|t:|1785961628
|switch|p1a: Sinistcha|Sinistcha, L50|45/100
|-heal|p1b: Incineroar|77/100|[from] ability: Hospitality|[of] p1a: Sinistcha
|turn|15
|inactive|MetaphorCrazyMonk has 30 seconds left.
|inactive|MetaphorCrazyMonk has 20 seconds left.
|
|t:|1785961666
|move|p1a: Sinistcha|Protect|p1a: Sinistcha
|-singleturn|p1a: Sinistcha|Protect
|move|p2a: las brulﺃﺎ|Rage Powder|p2a: las brulﺃﺎ
|-singleturn|p2a: las brulﺃﺎ|move: Rage Powder
|move|p2b: b.alario|Flare Blitz|p1a: Sinistcha
|-activate|p1a: Sinistcha|move: Protect
|move|p1b: Incineroar|Darkest Lariat|p2a: las brulﺃﺎ
|-supereffective|p2a: las brulﺃﺎ|1
|-enditem|p2a: las brulﺃﺎ|Colbur Berry|[eat]
|-enditem|p2a: las brulﺃﺎ|Colbur Berry|[weaken]
|-damage|p2a: las brulﺃﺎ|34/100 brn
|
|-damage|p2b: b.alario|0 fnt|[from] psn
|faint|p2b: b.alario
|-damage|p2a: las brulﺃﺎ|28/100 brn|[from] brn
|upkeep
|
|t:|1785961678
|switch|p2b: pizia|Delphox-Mega, L50, F|42/100 psn
|turn|16
|inactive|MetaphorCrazyMonk has 30 seconds left.
|
|t:|1785961704
|switch|p2a: quando provo|Tyranitar, L50, M|19/100 brn
|-weather|Sandstorm|[from] ability: Sand Stream|[of] p2a: quando provo
|move|p2b: pizia|Heat Wave|p1b: Incineroar|[spread] p1a,p1b
|-supereffective|p1a: Sinistcha|1
|-resisted|p1b: Incineroar|1
|-damage|p1a: Sinistcha|0 fnt
|-damage|p1b: Incineroar|57/100
|faint|p1a: Sinistcha
|move|p1b: Incineroar|Darkest Lariat|p2a: quando provo
|-resisted|p2a: quando provo|1
|-damage|p2a: quando provo|10/100 brn
|
|-weather|Sandstorm|[upkeep]
|-damage|p2b: pizia|36/100 psn|[from] Sandstorm
|-damage|p1b: Incineroar|51/100|[from] Sandstorm
|-damage|p2b: pizia|23/100 psn|[from] psn
|-damage|p2a: quando provo|4/100 brn|[from] brn
|upkeep
|turn|17
|
|t:|1785961720
|move|p2b: pizia|Heat Wave|p1b: Incineroar|[miss]
|-miss|p2b: pizia|p1b: Incineroar
|move|p2a: quando provo|Rock Slide|p1b: Incineroar
|-supereffective|p1b: Incineroar|1
|-damage|p1b: Incineroar|24/100
|cant|p1b: Incineroar|flinch
|
|-weather|Sandstorm|[upkeep]
|-damage|p2b: pizia|17/100 psn|[from] Sandstorm
|-damage|p1b: Incineroar|18/100|[from] Sandstorm
|-damage|p2b: pizia|5/100 psn|[from] psn
|-damage|p2a: quando provo|0 fnt|[from] brn
|faint|p2a: quando provo
|upkeep
|
|t:|1785961727
|switch|p2a: las brulﺃﺎ|Sinistcha, L50|28/100 brn
|-heal|p2b: pizia|30/100 psn|[from] ability: Hospitality|[of] p2a: las brulﺃﺎ
|turn|18
|
|t:|1785961735
|move|p2a: las brulﺃﺎ|Rage Powder|p2a: las brulﺃﺎ
|-singleturn|p2a: las brulﺃﺎ|move: Rage Powder
|move|p2b: pizia|Heat Wave|p1b: Incineroar
|-resisted|p1b: Incineroar|1
|-damage|p1b: Incineroar|0 fnt
|faint|p1b: Incineroar
|
|win|MetaphorCrazyMonk
