|j|☆EATSOUL
|j|☆Pelosis
|html|EATSOULPelosis    
|uhtml|bestof|Game 2 of a best-of-3
|t:|1784996610
|gametype|doubles
|player|p1|EATSOUL|102|1042
|player|p2|Pelosis|2|1136
|gen|9
|tier|[Gen 9 Champions] VGC 2026 Reg M-B (Bo3)
|rated|
|rule|Species Clause: Limit one of each Pokémon
|rule|Item Clause: Limit 1 of each item
|clearpoke
|poke|p1|Goodra-Hisui, L50, F|
|poke|p1|Farigiraf, L50, M|
|poke|p1|Serperior, L50, M|
|poke|p1|Pelipper, L50, F|
|poke|p1|Greninja, L50, F|
|poke|p1|Dragalge, L50, M|
|poke|p2|Mawile, L50, M|
|poke|p2|Farigiraf, L50, F|
|poke|p2|Incineroar, L50, F|
|poke|p2|Torkoal, L50, M|
|poke|p2|Venusaur, L50, M|
|poke|p2|Scrafty, L50, F|
|teampreview|4
|showteam|p1|Goodra-Hisui||Leftovers|SapSipper|GyroBall,Curse,DracoMeteor,AcidSpray|Brave||F|||50|]Farigiraf||ExpertBelt|ArmorTail|TrickRoom,TwinBeam,Thunderbolt,EnergyBall|Modest||M|||50|]Serperior||BrightPowder|Contrary|PetalBlizzard,KnockOff,BreakingSwipe,Protect|Adamant||M|||50|]Pelipper||MysticWater|Drizzle|WeatherBall,WideGuard,Hurricane,Protect|Modest||F|||50|]Greninja||Greninjite|Protean|WeatherBall,DarkPulse,HyperBeam,Protect|Modest||F|||50|]Dragalge||LifeOrb|Adaptability|SludgeBomb,DragonPulse,AcidArmor,Protect|Modest||M|||50|
|showteam|p2|Mawile||Mawilite|HyperCutter|Protect,PlayRough,RockSlide,SuckerPunch|Brave||M|||50|]Farigiraf||SitrusBerry|ArmorTail|TrickRoom,TwinBeam,Thunderbolt,HelpingHand|Quiet||F|||50|]Incineroar||WhiteHerb|Intimidate|FakeOut,CloseCombat,FlareBlitz,DarkestLariat|Brave||F|||50|]Torkoal||Charcoal|Drought|HelpingHand,Eruption,HeatWave,WeatherBall|Quiet||M|||50|]Venusaur||FocusSash|Chlorophyll|SleepPowder,EarthPower,EnergyBall,SludgeBomb|Modest||M|||50|]Scrafty||Scraftinite|Intimidate|FakeOut,CloseCombat,KnockOff,IcePunch|Brave||F|||50|
|inactive|Battle timer is ON: inactive players will automatically lose when time's up. (requested by Pelosis)
|inactive|Pelosis has 60 seconds left.
|
|t:|1784996667
|teamsize|p1|4
|teamsize|p2|4
|start
|switch|p1a: Serperior|Serperior, L50, M|100/100
|switch|p1b: Farigiraf|Farigiraf, L50, M|100/100
|switch|p2a: Farigiraf|Farigiraf, L50, F|100/100
|switch|p2b: Incineroar|Incineroar, L50, F|100/100
|-ability|p2b: Incineroar|Intimidate|boost
|-boost|p1a: Serperior|atk|1
|-unboost|p1b: Farigiraf|atk|1
|turn|1
|inactive|EATSOUL has 30 seconds left.
|inactive|EATSOUL has 20 seconds left.
|inactive|EATSOUL has 15 seconds left.
|
|t:|1784996708
|switch|p2a: Torkoal|Torkoal, L50, M|100/100
|-weather|SunnyDay|[from] ability: Drought|[of] p2a: Torkoal
|move|p1a: Serperior|Knock Off|p2a: Torkoal
|-crit|p2a: Torkoal
|-damage|p2a: Torkoal|58/100
|-enditem|p2a: Torkoal|Charcoal|[from] move: Knock Off|[of] p1a: Serperior
|move|p1b: Farigiraf|Thunderbolt|p2a: Torkoal
|-damage|p2a: Torkoal|21/100
|move|p2b: Incineroar|Flare Blitz|p1a: Serperior
|-supereffective|p1a: Serperior|1
|-damage|p1a: Serperior|0 fnt
|faint|p1a: Serperior
|-damage|p2b: Incineroar|70/100|[from] Recoil
|
|-weather|SunnyDay|[upkeep]
|upkeep
|
|t:|1784996726
|switch|p1a: Pelipper|Pelipper, L50, F|100/100
|-weather|RainDance|[from] ability: Drizzle|[of] p1a: Pelipper
|turn|2
|inactive|EATSOUL has 30 seconds left.
|
|t:|1784996753
|switch|p2a: Mawile|Mawile, L50, M|100/100
|move|p1a: Pelipper|Weather Ball|p2b: Incineroar
|-supereffective|p2b: Incineroar|1
|-damage|p2b: Incineroar|0 fnt
|faint|p2b: Incineroar
|move|p1b: Farigiraf|Thunderbolt|p2a: Mawile
|-damage|p2a: Mawile|55/100
|
|-weather|RainDance|[upkeep]
|upkeep
|
|t:|1784996767
|switch|p2b: Farigiraf|Farigiraf, L50, F|100/100
|turn|3
|
|t:|1784996785
|switch|p1a: Goodra|Goodra-Hisui, L50, F|100/100
|detailschange|p2a: Mawile|Mawile-Mega, L50, M
|-mega|p2a: Mawile|Mawile|Mawilite
|move|p1b: Farigiraf|Energy Ball|p1a: Goodra
|-ability|p1a: Goodra|Sap Sipper|boost
|-boost|p1a: Goodra|atk|1
|move|p2a: Mawile|Rock Slide|p1b: Farigiraf|[spread] p1a,p1b
|-resisted|p1a: Goodra|1
|-damage|p1a: Goodra|85/100
|-damage|p1b: Farigiraf|70/100
|move|p2b: Farigiraf|Trick Room|p2b: Farigiraf
|-fieldstart|move: Trick Room|[of] p2b: Farigiraf
|
|-weather|RainDance|[upkeep]
|-heal|p1a: Goodra|91/100|[from] item: Leftovers
|upkeep
|turn|4
|
|t:|1784996808
|switch|p2b: Torkoal|Torkoal, L50, M|21/100
|-weather|SunnyDay|[from] ability: Drought|[of] p2b: Torkoal
|move|p2a: Mawile|Play Rough|p1a: Goodra
|-damage|p1a: Goodra|23/100
|move|p1a: Goodra|Curse|p1a: Goodra
|-unboost|p1a: Goodra|spe|1
|-boost|p1a: Goodra|atk|1
|-boost|p1a: Goodra|def|1
|move|p1b: Farigiraf|Thunderbolt|p2a: Mawile
|-damage|p2a: Mawile|28/100
|
|-weather|SunnyDay|[upkeep]
|-heal|p1a: Goodra|29/100|[from] item: Leftovers
|upkeep
|turn|5
|
|t:|1784996831
|switch|p1b: Pelipper|Pelipper, L50, F|100/100
|-weather|RainDance|[from] ability: Drizzle|[of] p1b: Pelipper
|move|p2b: Torkoal|Weather Ball|p1a: Goodra
|-resisted|p1a: Goodra|1
|-damage|p1a: Goodra|14/100
|move|p1a: Goodra|Gyro Ball|p2a: Mawile
|-damage|p2a: Mawile|0 fnt
|faint|p2a: Mawile
|
|-weather|RainDance|[upkeep]
|-heal|p1a: Goodra|20/100y|[from] item: Leftovers
|upkeep
|
|t:|1784996843
|switch|p2a: Farigiraf|Farigiraf, L50, F|100/100
|turn|6
|
|t:|1784996859
|move|p2b: Torkoal|Heat Wave|p1a: Goodra|[spread] p1a,p1b
|-resisted|p1b: Pelipper|1
|-damage|p1a: Goodra|9/100
|-damage|p1b: Pelipper|91/100
|move|p1a: Goodra|Draco Meteor|p2a: Farigiraf|[miss]
|-miss|p1a: Goodra|p2a: Farigiraf
|move|p2a: Farigiraf|Thunderbolt|p1b: Pelipper
|-supereffective|p1b: Pelipper|2
|-damage|p1b: Pelipper|0 fnt
|faint|p1b: Pelipper
|
|-weather|RainDance|[upkeep]
|-heal|p1a: Goodra|15/100|[from] item: Leftovers
|upkeep
|
|t:|1784996869
|switch|p1b: Farigiraf|Farigiraf, L50, M|70/100
|turn|7
|inactive|EATSOUL has 30 seconds left.
|
|t:|1784996895
|move|p2b: Torkoal|Helping Hand|p2a: Farigiraf
|-singleturn|p2a: Farigiraf|Helping Hand|[of] p2b: Torkoal
|move|p1a: Goodra|Acid Spray|p2a: Farigiraf
|-damage|p2a: Farigiraf|91/100
|-unboost|p2a: Farigiraf|spd|2
|move|p2a: Farigiraf|Twin Beam|p1a: Goodra
|-resisted|p1a: Goodra|1
|-damage|p1a: Goodra|7/100
|-resisted|p1a: Goodra|1
|-damage|p1a: Goodra|0 fnt
|faint|p1a: Goodra
|-hitcount|p1: Goodra|2
|move|p1b: Farigiraf|Thunderbolt|p2a: Farigiraf
|-damage|p2a: Farigiraf|35/100
|-enditem|p2a: Farigiraf|Sitrus Berry|[eat]
|-heal|p2a: Farigiraf|60/100|[from] item: Sitrus Berry
|
|-weather|RainDance|[upkeep]
|-fieldend|move: Trick Room
|upkeep
|turn|8
|
|t:|1784996919
|move|p1b: Farigiraf|Thunderbolt|p2a: Farigiraf
|-damage|p2a: Farigiraf|9/100
|move|p2a: Farigiraf|Thunderbolt|p1b: Farigiraf
|-damage|p1b: Farigiraf|44/100
|move|p2b: Torkoal|Weather Ball|p1b: Farigiraf
|-damage|p1b: Farigiraf|0 fnt
|faint|p1b: Farigiraf
|
|win|Pelosis
