|j|☆psychic system
|j|☆11880USERSONLINE
|html|psychic system11880USERSONLINE    
|uhtml|bestof|Game 2 of a best-of-3
|t:|1757692347
|gametype|doubles
|player|p1|psychic system|dawn|1316
|player|p2|11880USERSONLINE|2|1312
|gen|9
|tier|[Gen 9] VGC 2025 Reg H (Bo3)
|rated|
|rule|Species Clause: Limit one of each Pokémon
|rule|Item Clause: Limit 1 of each item
|clearpoke
|poke|p1|Incineroar, L50, F|
|poke|p1|Florges, L50, F|
|poke|p1|Amoonguss, L50, F|
|poke|p1|Pelipper, L50, F|
|poke|p1|Garchomp, L50, M|
|poke|p1|Rillaboom, L50, M|
|poke|p2|Rillaboom, L50, F|
|poke|p2|Kingambit, L50, F|
|poke|p2|Sneasler, L50, F|
|poke|p2|Dragonite, L50, F|
|poke|p2|Magmar, L50, M|
|poke|p2|Dondozo, L50, F|
|teampreview|4
|showteam|p1|Incineroar||SafetyGoggles|Intimidate|FakeOut,KnockOff,FlareBlitz,PartingShot|||F|||50|,,,,,Ghost]Florges||Leftovers|FlowerVeil|Moonblast,DazzlingGleam,CalmMind,Protect|||F|||50|,,,,,Poison]Amoonguss||SitrusBerry|Regenerator|ClearSmog,Spore,PollenPuff,RagePowder|||F|||50|,,,,,Water]Pelipper||ChoiceScarf|Drizzle|MuddyWater,Hurricane,IcyWind,WeatherBall|||F|||50|,,,,,Water]Garchomp||ClearAmulet|RoughSkin|StompingTantrum,DragonClaw,SwordsDance,Protect|||M|||50|,,,,,Poison]Rillaboom||AssaultVest|GrassySurge|DrumBeating,GrassyGlide,HighHorsepower,FakeOut|||M|||50|,,,,,Fire
|showteam|p2|Rillaboom||AssaultVest|GrassySurge|WoodHammer,GrassyGlide,HighHorsepower,FakeOut|||F|||50|,,,,,Water]Kingambit||BlackGlasses|Defiant|KowtowCleave,SuckerPunch,SwordsDance,Protect|||F|||50|,,,,,Ghost]Sneasler||FocusSash|Unburden|DireClaw,CloseCombat,Coaching,Protect|||F|||50|,,,,,Stellar]Dragonite||LoadedDice|Multiscale|ScaleShot,StompingTantrum,Haze,Protect|||F|||50|,,,,,Fairy]Magmar||Eviolite|VitalSpirit|Overheat,WillOWisp,FollowMe,Protect|||M|||50|,,,,,Ghost]Dondozo||Leftovers|Unaware|Liquidation,Fissure,Yawn,Protect|||F|||50|,,,,,Bug
|inactive|Battle timer is ON: inactive players will automatically lose when time's up. (requested by psychic system)
|inactive|psychic system has 60 seconds left.
|
|t:|1757692394
|teamsize|p1|4
|teamsize|p2|4
|start
|switch|p1a: Florges|Florges, L50, F|100/100
|switch|p1b: Amoonguss|Amoonguss, L50, F|100/100
|switch|p2a: Kingambit|Kingambit, L50, F|100/100
|switch|p2b: Magmar|Magmar, L50, M|100/100
|turn|1
|
|t:|1757692414
|move|p2b: Magmar|Follow Me|p2b: Magmar
|-singleturn|p2b: Magmar|move: Follow Me
|move|p1a: Florges|Calm Mind|p1a: Florges
|-boost|p1a: Florges|spa|1
|-boost|p1a: Florges|spd|1
|move|p2a: Kingambit|Swords Dance|p2a: Kingambit
|-boost|p2a: Kingambit|atk|2
|move|p1b: Amoonguss|Spore|p2b: Magmar
|-immune|p2b: Magmar|[from] ability: Vital Spirit
|
|upkeep
|turn|2
|
|t:|1757692425
|move|p2b: Magmar|Follow Me|p2b: Magmar
|-singleturn|p2b: Magmar|move: Follow Me
|move|p1a: Florges|Dazzling Gleam|p2a: Kingambit|[spread] p2a,p2b
|-resisted|p2b: Magmar
|-crit|p2b: Magmar
|-damage|p2a: Kingambit|66/100
|-damage|p2b: Magmar|77/100
|move|p2a: Kingambit|Kowtow Cleave|p1a: Florges
|-resisted|p1a: Florges
|-damage|p1a: Florges|37/100
|move|p1b: Amoonguss|Spore|p2b: Magmar
|-immune|p2b: Magmar|[from] ability: Vital Spirit
|
|-heal|p1a: Florges|44/100|[from] item: Leftovers
|upkeep
|turn|3
|
|t:|1757692452
|move|p2b: Magmar|Follow Me|p2b: Magmar
|-singleturn|p2b: Magmar|move: Follow Me
|move|p1a: Florges|Dazzling Gleam|p2a: Kingambit|[spread] p2a,p2b
|-resisted|p2b: Magmar
|-damage|p2a: Kingambit|31/100
|-damage|p2b: Magmar|64/100
|move|p2a: Kingambit|Kowtow Cleave|p1b: Amoonguss
|-damage|p1b: Amoonguss|16/100
|-enditem|p1b: Amoonguss|Sitrus Berry|[eat]
|-heal|p1b: Amoonguss|41/100|[from] item: Sitrus Berry
|move|p1b: Amoonguss|Spore|p2b: Magmar
|-immune|p2b: Magmar|[from] ability: Vital Spirit
|
|-heal|p1a: Florges|50/100|[from] item: Leftovers
|upkeep
|turn|4
|inactive|psychic system has 30 seconds left.
|inactive|11880USERSONLINE has 30 seconds left.
|inactive|psychic system has 20 seconds left.
|inactive|psychic system has 15 seconds left.
|inactive|psychic system has 10 seconds left.
|inactive|11880USERSONLINE has 20 seconds left.
|inactive|11880USERSONLINE has 15 seconds left.
|
|t:|1757692505
|switch|p1b: Garchomp|Garchomp, L50, M|100/100
|move|p1a: Florges|Protect|p1a: Florges
|-singleturn|p1a: Florges|Protect
|move|p2a: Kingambit|Sucker Punch||[still]
|-fail|p2a: Kingambit
|move|p2b: Magmar|Overheat|p1b: Garchomp
|-resisted|p1b: Garchomp
|-damage|p1b: Garchomp|78/100
|-unboost|p2b: Magmar|spa|2
|
|-heal|p1a: Florges|56/100|[from] item: Leftovers
|upkeep
|turn|5
|inactive|psychic system has 30 seconds left.
|inactive|11880USERSONLINE has 30 seconds left.
|
|t:|1757692544
|move|p2a: Kingambit|Sucker Punch|p1b: Garchomp
|-damage|p1b: Garchomp|4/100
|-damage|p2a: Kingambit|18/100|[from] ability: Rough Skin|[of] p1b: Garchomp
|move|p1b: Garchomp|Stomping Tantrum|p2a: Kingambit
|-supereffective|p2a: Kingambit
|-damage|p2a: Kingambit|0 fnt
|faint|p2a: Kingambit
|move|p2b: Magmar|Will-O-Wisp|p1a: Florges
|-status|p1a: Florges|brn
|move|p1a: Florges|Dazzling Gleam|p2b: Magmar
|-resisted|p2b: Magmar
|-damage|p2b: Magmar|44/100
|
|-heal|p1a: Florges|62/100 brn|[from] item: Leftovers
|-damage|p1a: Florges|56/100 brn|[from] brn
|upkeep
|
|t:|1757692555
|switch|p2a: Sneasler|Sneasler, L50, F|100/100
|turn|6
|
|t:|1757692569
|switch|p1b: Incineroar|Incineroar, L50, F|100/100
|-ability|p1b: Incineroar|Intimidate|boost
|-unboost|p2a: Sneasler|atk|1
|-unboost|p2b: Magmar|atk|1
|move|p2a: Sneasler|Protect|p2a: Sneasler
|-singleturn|p2a: Sneasler|Protect
|move|p1a: Florges|Protect|p1a: Florges
|-singleturn|p1a: Florges|Protect
|move|p2b: Magmar|Overheat|p1b: Incineroar
|-resisted|p1b: Incineroar
|-damage|p1b: Incineroar|92/100
|-unboost|p2b: Magmar|spa|2
|
|-heal|p1a: Florges|62/100 brn|[from] item: Leftovers
|-damage|p1a: Florges|56/100 brn|[from] brn
|upkeep
|turn|7
|inactive|psychic system has 30 seconds left.
|inactive|11880USERSONLINE has 30 seconds left.
|
|t:|1757692600
|switch|p2a: Rillaboom|Rillaboom, L50, F|100/100
|-fieldstart|move: Grassy Terrain|[from] ability: Grassy Surge|[of] p2a: Rillaboom
|switch|p1b: Amoonguss|Amoonguss, L50, F|74/100
|-terastallize|p1a: Florges|Poison
|move|p2b: Magmar|Protect|p2b: Magmar
|-singleturn|p2b: Magmar|Protect
|move|p1a: Florges|Dazzling Gleam|p2a: Rillaboom|[spread] p2a
|-activate|p2b: Magmar|move: Protect
|-damage|p2a: Rillaboom|78/100
|
|-heal|p2b: Magmar|50/100|[from] Grassy Terrain
|-heal|p2a: Rillaboom|84/100|[from] Grassy Terrain
|-heal|p1a: Florges|62/100 brn|[from] Grassy Terrain
|-heal|p1a: Florges|69/100 brn|[from] item: Leftovers
|-heal|p1b: Amoonguss|80/100|[from] Grassy Terrain
|-damage|p1a: Florges|62/100 brn|[from] brn
|upkeep
|turn|8
|
|t:|1757692620
|switch|p2b: Sneasler|Sneasler, L50, F|100/100
|switch|p1b: Incineroar|Incineroar, L50, F|92/100
|-ability|p1b: Incineroar|Intimidate|boost
|-unboost|p2a: Rillaboom|atk|1
|-unboost|p2b: Sneasler|atk|1
|move|p1a: Florges|Protect|p1a: Florges
|-singleturn|p1a: Florges|Protect
|move|p2a: Rillaboom|High Horsepower|p1a: Florges
|-activate|p1a: Florges|move: Protect
|
|-heal|p2a: Rillaboom|90/100|[from] Grassy Terrain
|-heal|p1a: Florges|69/100 brn|[from] Grassy Terrain
|-heal|p1a: Florges|75/100 brn|[from] item: Leftovers
|-heal|p1b: Incineroar|98/100|[from] Grassy Terrain
|-damage|p1a: Florges|69/100 brn|[from] brn
|upkeep
|turn|9
|
|t:|1757692640
|move|p1b: Incineroar|Fake Out|p2a: Rillaboom
|-damage|p2a: Rillaboom|78/100
|move|p2b: Sneasler|Coaching|p2a: Rillaboom
|-boost|p2a: Rillaboom|atk|1
|-boost|p2a: Rillaboom|def|1
|cant|p2a: Rillaboom|flinch
|move|p1a: Florges|Dazzling Gleam|p2b: Sneasler|[spread] p2a,p2b
|-damage|p2a: Rillaboom|56/100
|-damage|p2b: Sneasler|53/100
|
|-heal|p2b: Sneasler|59/100|[from] Grassy Terrain
|-heal|p2a: Rillaboom|62/100|[from] Grassy Terrain
|-heal|p1a: Florges|75/100 brn|[from] Grassy Terrain
|-heal|p1a: Florges|81/100 brn|[from] item: Leftovers
|-heal|p1b: Incineroar|100/100|[from] Grassy Terrain
|-damage|p1a: Florges|75/100 brn|[from] brn
|upkeep
|turn|10
|
|t:|1757692664
|-terastallize|p2a: Rillaboom|Water
|move|p2b: Sneasler|Coaching|p2a: Rillaboom
|-boost|p2a: Rillaboom|atk|1
|-boost|p2a: Rillaboom|def|1
|move|p2a: Rillaboom|High Horsepower|p1a: Florges
|-supereffective|p1a: Florges
|-damage|p1a: Florges|0 fnt
|faint|p1a: Florges
|move|p1b: Incineroar|Flare Blitz|p2a: Rillaboom
|-resisted|p2a: Rillaboom
|-damage|p2a: Rillaboom|48/100
|-damage|p1b: Incineroar|96/100|[from] Recoil
|
|-heal|p2b: Sneasler|65/100|[from] Grassy Terrain
|-heal|p2a: Rillaboom|54/100|[from] Grassy Terrain
|-heal|p1b: Incineroar|100/100|[from] Grassy Terrain
|upkeep
|
|t:|1757692676
|switch|p1a: Amoonguss|Amoonguss, L50, F|100/100
|turn|11
|
|t:|1757692692
|switch|p1b: Garchomp|Garchomp, L50, M|4/100
|move|p2b: Sneasler|Dire Claw|p1a: Amoonguss
|-damage|p1a: Amoonguss|78/100
|move|p2a: Rillaboom|High Horsepower|p1a: Amoonguss
|-damage|p1a: Amoonguss|43/100
|move|p1a: Amoonguss|Spore|p2a: Rillaboom
|-status|p2a: Rillaboom|slp|[from] move: Spore
|
|-heal|p2b: Sneasler|71/100|[from] Grassy Terrain
|-heal|p1b: Garchomp|10/100|[from] Grassy Terrain
|-heal|p2a: Rillaboom|60/100 slp|[from] Grassy Terrain
|-heal|p1a: Amoonguss|49/100|[from] Grassy Terrain
|-fieldend|move: Grassy Terrain
|upkeep
|turn|12
|inactive|psychic system has 30 seconds left.
|inactive|psychic system has 20 seconds left.
|
|t:|1757692732
|move|p2b: Sneasler|Protect|p2b: Sneasler
|-singleturn|p2b: Sneasler|Protect
|move|p1a: Amoonguss|Rage Powder|p1a: Amoonguss
|-singleturn|p1a: Amoonguss|move: Rage Powder
|move|p1b: Garchomp|Stomping Tantrum|p2b: Sneasler
|-activate|p2b: Sneasler|move: Protect
|cant|p2a: Rillaboom|slp
|
|upkeep
|turn|13
|
|t:|1757692743
|move|p1a: Amoonguss|Rage Powder|p1a: Amoonguss
|-singleturn|p1a: Amoonguss|move: Rage Powder
|move|p2b: Sneasler|Coaching|p2a: Rillaboom
|-boost|p2a: Rillaboom|atk|1
|-boost|p2a: Rillaboom|def|1
|move|p1b: Garchomp|Stomping Tantrum|p2b: Sneasler
|-supereffective|p2b: Sneasler
|-damage|p2b: Sneasler|0 fnt
|faint|p2b: Sneasler
|cant|p2a: Rillaboom|slp
|
|upkeep
|
|t:|1757692751
|switch|p2b: Magmar|Magmar, L50, M|50/100
|turn|14
|
|t:|1757692757
|switch|p1a: Incineroar|Incineroar, L50, F|100/100
|-ability|p1a: Incineroar|Intimidate|boost
|-unboost|p2a: Rillaboom|atk|1
|-unboost|p2b: Magmar|atk|1
|move|p1b: Garchomp|Protect|p1b: Garchomp
|-singleturn|p1b: Garchomp|Protect
|move|p2b: Magmar|Protect|p2b: Magmar
|-singleturn|p2b: Magmar|Protect
|-curestatus|p2a: Rillaboom|slp|[msg]
|move|p2a: Rillaboom|High Horsepower|p1a: Incineroar
|-supereffective|p1a: Incineroar
|-damage|p1a: Incineroar|16/100
|
|upkeep
|turn|15
|
|t:|1757692781
|move|p2b: Magmar|Protect|p2b: Magmar
|-singleturn|p2b: Magmar|Protect
|move|p1a: Incineroar|Fake Out|p2a: Rillaboom
|-damage|p2a: Rillaboom|55/100
|move|p1b: Garchomp|Stomping Tantrum|p2b: Magmar
|-activate|p2b: Magmar|move: Protect
|cant|p2a: Rillaboom|flinch
|
|upkeep
|turn|16
|inactive|11880USERSONLINE has 30 seconds left.
|
|t:|1757692819
|switch|p1a: Amoonguss|Amoonguss, L50, F|82/100
|move|p1b: Garchomp|Protect|p1b: Garchomp
|-singleturn|p1b: Garchomp|Protect
|move|p2b: Magmar|Overheat|p1b: Garchomp
|-activate|p1b: Garchomp|move: Protect
|move|p2a: Rillaboom|High Horsepower|p1a: Amoonguss
|-damage|p1a: Amoonguss|46/100
|
|upkeep
|turn|17
|inactive|psychic system has 30 seconds left.
|inactive|11880USERSONLINE has 30 seconds left.
|
|t:|1757692853
|switch|p1a: Incineroar|Incineroar, L50, F|16/100
|-ability|p1a: Incineroar|Intimidate|boost
|-unboost|p2a: Rillaboom|atk|1
|-unboost|p2b: Magmar|atk|1
|move|p1b: Garchomp|Dragon Claw|p2a: Rillaboom
|-damage|p2a: Rillaboom|40/100
|move|p2b: Magmar|Overheat|p1a: Incineroar
|-resisted|p1a: Incineroar
|-damage|p1a: Incineroar|0 fnt
|-unboost|p2b: Magmar|spa|2
|faint|p1a: Incineroar
|move|p2a: Rillaboom|Grassy Glide|p1b: Garchomp
|-damage|p1b: Garchomp|0 fnt
|-damage|p2a: Rillaboom|28/100|[from] ability: Rough Skin|[of] p1b: Garchomp
|faint|p1b: Garchomp
|
|upkeep
|
|t:|1757692873
|switch|p1a: Amoonguss|Amoonguss, L50, F|79/100
|turn|18
|
|t:|1757692885
|move|p2b: Magmar|Follow Me|p2b: Magmar
|-singleturn|p2b: Magmar|move: Follow Me
|move|p2a: Rillaboom|High Horsepower|p1a: Amoonguss
|-damage|p1a: Amoonguss|56/100
|move|p1a: Amoonguss|Pollen Puff|p2b: Magmar
|-resisted|p2b: Magmar
|-damage|p2b: Magmar|42/100
|
|upkeep
|turn|19
|
|t:|1757692893
|move|p2b: Magmar|Follow Me|p2b: Magmar
|-singleturn|p2b: Magmar|move: Follow Me
|move|p2a: Rillaboom|High Horsepower|p1a: Amoonguss
|-damage|p1a: Amoonguss|33/100
|move|p1a: Amoonguss|Pollen Puff|p2b: Magmar
|-resisted|p2b: Magmar
|-damage|p2b: Magmar|35/100
|
|upkeep
|turn|20
|-message|psychic system forfeited.
|
|win|11880USERSONLINE
||11880USERSONLINE is ready for game 3.
||psychic system is ready for game 3.
|uhtml|next|Next: Game 3 of 3
