|j|☆t3hsleepyshuckle
|j|☆claudiusmaximus
|html|t3hsleepyshuckleclaudiusmaximus    
|uhtml|bestof|Game 1 of a best-of-3
|t:|1756769439
|gametype|doubles
|player|p1|t3hsleepyshuckle|bugcatcher-gen4dp|1068
|player|p2|claudiusmaximus|ghetsis-gen5bw|1085
|gen|9
|tier|[Gen 9] VGC 2025 Reg H (Bo3)
|rated|
|rule|Species Clause: Limit one of each Pokémon
|rule|Item Clause: Limit 1 of each item
|clearpoke
|poke|p1|Tyranitar, L50, F|
|poke|p1|Excadrill, L50, M|
|poke|p1|Indeedee, L50, M|
|poke|p1|Sneasler, L50, M|
|poke|p1|Gastrodon, L50, F|
|poke|p1|Whimsicott, L50, F|
|poke|p2|Whimsicott, L50, M|
|poke|p2|Gholdengo, L50|
|poke|p2|Incineroar, L50, F|
|poke|p2|Ursaluna-Bloodmoon, L50, M|
|poke|p2|Tyranitar, L50, F|
|poke|p2|Basculegion, L50, M|
|teampreview|4
|showteam|p1|Tyranitar||AssaultVest|SandStream|RockSlide,KnockOff,LowKick,TeraBlast|||F|||50|,,,,,Flying]Excadrill||FocusSash|SandRush|Protect,Earthquake,IronHead,SwordsDance|||M|||50|,,,,,Ground]Indeedee||LifeOrb|PsychicSurge|ExpandingForce,ShadowBall,TeraBlast,Protect|||M|||50|,,,,,Psychic]Sneasler||PsychicSeed|Unburden|DireClaw,CloseCombat,ThroatChop,Protect|||M|||50|,,,,,Stellar]Gastrodon||Leftovers|StormDrain|Yawn,Protect,EarthPower,MuddyWater|||F|||50|,,,,,Fire]Whimsicott||CovertCloak|Prankster|Moonblast,Tailwind,Taunt,HelpingHand|||F|||50|,,,,,Rock
|showteam|p2|Whimsicott||CovertCloak|Prankster|Moonblast,Tailwind,Taunt,LightScreen|||M|||50|,,,,,Water]Gholdengo||MetalCoat|GoodasGold|MakeItRain,ShadowBall,NastyPlot,Protect||||||50|,,,,,Steel]Incineroar||SafetyGoggles|Intimidate|KnockOff,FlareBlitz,PartingShot,FakeOut|||F|||50|,,,,,Ghost]Ursaluna-Bloodmoon||LifeOrb|MindsEye|BloodMoon,HyperVoice,EarthPower,Protect|||M|||50|,,,,,Normal]Tyranitar||AssaultVest|SandStream|RockSlide,KnockOff,LowKick,TeraBlast|||F|||50|,,,,,Flying]Basculegion||ChoiceScarf|Adaptability|FlipTurn,LastRespects,WaveCrash,TeraBlast|||M|||50|,,,,,Fighting
|inactive|Battle timer is ON: inactive players will automatically lose when time's up. (requested by t3hsleepyshuckle)
|inactive|t3hsleepyshuckle has 60 seconds left.
|inactive|claudiusmaximus has 60 seconds left.
|inactive|claudiusmaximus has 30 seconds left.
|inactive|claudiusmaximus has 20 seconds left.
|inactive|claudiusmaximus has 15 seconds left.
|
|t:|1756769557
|teamsize|p1|4
|teamsize|p2|4
|start
|switch|p1a: Indeedee|Indeedee, L50, M|100/100
|switch|p1b: Sneasler|Sneasler, L50, M|100/100
|switch|p2a: Mistral|Whimsicott, L50, M, shiny|100/100
|switch|p2b: Armstrong|Incineroar, L50, F, shiny|100/100
|-fieldstart|move: Psychic Terrain|[from] ability: Psychic Surge|[of] p1a: Indeedee
|-enditem|p1b: Sneasler|Psychic Seed
|-boost|p1b: Sneasler|spd|1|[from] item: Psychic Seed
|-ability|p2b: Armstrong|Intimidate|boost
|-unboost|p1a: Indeedee|atk|1
|-unboost|p1b: Sneasler|atk|1
|turn|1
|inactive|t3hsleepyshuckle has 30 seconds left.
|inactive|claudiusmaximus has 30 seconds left.
|inactive|t3hsleepyshuckle has 20 seconds left.
|inactive|claudiusmaximus has 20 seconds left.
|inactive|t3hsleepyshuckle has 15 seconds left.
|inactive|claudiusmaximus has 15 seconds left.
|inactive|claudiusmaximus has 10 seconds left.
|inactive|claudiusmaximus has 5 seconds left.
|
|t:|1756769611
|switch|p1a: Excadrill|Excadrill, L50, M|100/100
|move|p2a: Mistral|Tailwind|p2a: Mistral
|-sidestart|p2: claudiusmaximus|move: Tailwind
|move|p1b: Sneasler|Dire Claw|p2a: Mistral
|-supereffective|p2a: Mistral
|-crit|p2a: Mistral
|-damage|p2a: Mistral|0 fnt
|faint|p2a: Mistral
|move|p2b: Armstrong|Knock Off|p1a: Excadrill
|-damage|p1a: Excadrill|43/100
|-enditem|p1a: Excadrill|Focus Sash|[from] move: Knock Off|[of] p2b: Armstrong
|
|upkeep
|inactive|claudiusmaximus has 30 seconds left.
|
|t:|1756769636
|switch|p2a: Big Boss|Ursaluna-Bloodmoon, L50, M|100/100
|turn|2
|inactive|t3hsleepyshuckle has 30 seconds left.
|inactive|claudiusmaximus has 30 seconds left.
|inactive|t3hsleepyshuckle has 20 seconds left.
|inactive|t3hsleepyshuckle has 15 seconds left.
|
|t:|1756769678
|move|p2a: Big Boss|Protect|p2a: Big Boss
|-singleturn|p2a: Big Boss|Protect
|move|p1b: Sneasler|Close Combat|p2a: Big Boss
|-activate|p2a: Big Boss|move: Protect
|move|p2b: Armstrong|Parting Shot|p1a: Excadrill
|-unboost|p1a: Excadrill|atk|1
|-unboost|p1a: Excadrill|spa|1
|
|t:|1756769686
|switch|p2b: Raiden|Basculegion, L50, M, shiny|100/100|[from] Parting Shot
|move|p1a: Excadrill|Iron Head|p2a: Big Boss
|-activate|p2a: Big Boss|move: Protect
|
|upkeep
|turn|3
|inactive|t3hsleepyshuckle has 30 seconds left.
|inactive|t3hsleepyshuckle has 20 seconds left.
|
|t:|1756769722
|move|p1a: Excadrill|Protect|p1a: Excadrill
|-singleturn|p1a: Excadrill|Protect
|move|p2b: Raiden|Wave Crash|p1b: Sneasler
|-damage|p1b: Sneasler|0 fnt
|faint|p1b: Sneasler
|-damage|p2b: Raiden|74/100|[from] Recoil
|move|p2a: Big Boss|Blood Moon|p1a: Excadrill
|-activate|p1a: Excadrill|move: Protect
|
|upkeep
|
|t:|1756769736
|switch|p1b: Tyranitar|Tyranitar, L50, F|100/100
|-weather|Sandstorm|[from] ability: Sand Stream|[of] p1b: Tyranitar
|turn|4
|inactive|t3hsleepyshuckle has 30 seconds left.
|inactive|t3hsleepyshuckle has 20 seconds left.
|inactive|t3hsleepyshuckle has 15 seconds left.
|
|t:|1756769781
|switch|p2a: Armstrong|Incineroar, L50, F, shiny|100/100
|-ability|p2a: Armstrong|Intimidate|boost
|-unboost|p1a: Excadrill|atk|1
|-unboost|p1b: Tyranitar|atk|1
|-terastallize|p1b: Tyranitar|Flying
|move|p2b: Raiden|Wave Crash|p1a: Excadrill
|-supereffective|p1a: Excadrill
|-damage|p1a: Excadrill|0 fnt
|faint|p1a: Excadrill
|-damage|p2b: Raiden|61/100|[from] Recoil
|move|p1b: Tyranitar|Knock Off|p2b: Raiden
|-supereffective|p2b: Raiden
|-damage|p2b: Raiden|0 fnt
|-enditem|p2b: Raiden|Choice Scarf|[from] move: Knock Off|[of] p1b: Tyranitar
|faint|p2b: Raiden
|
|-weather|Sandstorm|[upkeep]
|-damage|p1b: Tyranitar|95/100|[from] Sandstorm
|-sideend|p2: claudiusmaximus|move: Tailwind
|upkeep
|
|t:|1756769800
|switch|p1a: Indeedee|Indeedee, L50, M|100/100
|switch|p2b: Big Boss|Ursaluna-Bloodmoon, L50, M|100/100
|turn|5
|
|t:|1756769821
|move|p1a: Indeedee|Protect|p1a: Indeedee
|-singleturn|p1a: Indeedee|Protect
|move|p2b: Big Boss|Protect|p2b: Big Boss
|-singleturn|p2b: Big Boss|Protect
|move|p1b: Tyranitar|Rock Slide|p2b: Big Boss|[spread] p2a
|-activate|p2b: Big Boss|move: Protect
|-supereffective|p2a: Armstrong
|-damage|p2a: Armstrong|70/100
|move|p2a: Armstrong|Knock Off|p1a: Indeedee
|-activate|p1a: Indeedee|move: Protect
|
|-weather|Sandstorm|[upkeep]
|-damage|p1a: Indeedee|95/100|[from] Sandstorm
|-damage|p1b: Tyranitar|89/100|[from] Sandstorm
|-fieldend|move: Psychic Terrain
|upkeep
|turn|6
|c|☆claudiusmaximus|why tera blast with tera osychic
|inactive|t3hsleepyshuckle has 30 seconds left.
|inactive|claudiusmaximus has 30 seconds left.
|
|t:|1756769853
|-terastallize|p2b: Big Boss|Normal
|move|p1a: Indeedee|Tera Blast|p2a: Armstrong
|-damage|p2a: Armstrong|33/100
|-damage|p1a: Indeedee|85/100|[from] item: Life Orb
|move|p2b: Big Boss|Blood Moon|p1b: Tyranitar
|-damage|p1b: Tyranitar|15/100
|-damage|p2b: Big Boss|91/100|[from] item: Life Orb
|move|p1b: Tyranitar|Rock Slide|p2a: Armstrong|[spread] p2a,p2b
|-supereffective|p2a: Armstrong
|-damage|p2a: Armstrong|0 fnt
|-damage|p2b: Big Boss|75/100
|faint|p2a: Armstrong
|
|-weather|Sandstorm|[upkeep]
|-damage|p1a: Indeedee|79/100|[from] Sandstorm
|-damage|p2b: Big Boss|69/100|[from] Sandstorm
|-damage|p1b: Tyranitar|9/100|[from] Sandstorm
|upkeep
|turn|7
|inactive|t3hsleepyshuckle has 30 seconds left.
|
|t:|1756769881
|move|p1a: Indeedee|Expanding Force|p2b: Big Boss
|-damage|p2b: Big Boss|10/100
|-damage|p1a: Indeedee|70/100|[from] item: Life Orb
|move|p2b: Big Boss|Hyper Voice|p1a: Indeedee|[spread] p1a,p1b
|-damage|p1a: Indeedee|0 fnt
|-damage|p1b: Tyranitar|0 fnt
|faint|p1a: Indeedee
|faint|p1b: Tyranitar
|-damage|p2b: Big Boss|0 fnt|[from] item: Life Orb
|faint|p2b: Big Boss
|
|win|claudiusmaximus
||claudiusmaximus is ready for game 2.
|inactive|t3hsleepyshuckle has 30 seconds to confirm battle start!
