|j|☆CrystalGem02
|j|☆fortree21utube
|html|CrystalGem02fortree21utube    
|uhtml|bestof|Game 1 of a best-of-3
|t:|1756219062
|gametype|doubles
|player|p1|CrystalGem02|valerie|1183
|player|p2|fortree21utube|1|1241
|gen|9
|tier|[Gen 9] VGC 2025 Reg H (Bo3)
|rated|
|rule|Species Clause: Limit one of each Pokémon
|rule|Item Clause: Limit 1 of each item
|clearpoke
|poke|p1|Empoleon, L50, M|
|poke|p1|Ninetales-Alola, L50, M|
|poke|p1|Annihilape, L50, F|
|poke|p1|Dragonite, L50, M|
|poke|p1|Incineroar, L50, M|
|poke|p1|Ursaluna-Bloodmoon, L50, M|
|poke|p2|Pawmot, L50, F|
|poke|p2|Typhlosion-Hisui, L50, F|
|poke|p2|Weezing-Galar, L50, M|
|poke|p2|Toedscruel, L50, F|
|poke|p2|Corviknight, L50, M|
|poke|p2|Garchomp, L50, F|
|teampreview|4
|showteam|p1|Empoleon||AssaultVest|Competitive|WaterPledge,FlashCannon,Whirlpool,VacuumWave|||M|||50|,,,,,Grass]Ninetales-Alola||LightClay|SnowWarning|IcyWind,IcicleSpear,AuroraVeil,Howl|||M|||50|,,,,,Ghost]Annihilape||SafetyGoggles|Defiant|DrainPunch,RageFist,BulkUp,Protect|||F|||50|,,,,,Fire]Dragonite||LoadedDice|Multiscale|ScaleShot,ExtremeSpeed,Tailwind,Haze|||M|||50|,,,,,Fairy]Incineroar||SitrusBerry|Intimidate|FakeOut,KnockOff,FlareBlitz,PartingShot|||M|||50|,,,,,Ghost]Ursaluna-Bloodmoon||LifeOrb|MindsEye|BloodMoon,HyperVoice,EarthPower,Protect|||M|||50|,,,,,Normal
|showteam|p2|Pawmot||FocusSash|VoltAbsorb|DoubleShock,CloseCombat,FakeOut,Protect|||F|||50|,,,,,Electric]Typhlosion-Hisui||ChoiceScarf|Frisk|Eruption,HeatWave,ShadowBall,SleepTalk|||F|||50|,,,,,Fire]Weezing-Galar||ChoiceSpecs|NeutralizingGas|StrangeSteam,DazzlingGleam,SludgeBomb,Flamethrower|||M|||50|,,,,,Flying]Toedscruel||CovertCloak|MyceliumMight|EarthPower,AcidSpray,Spore,RagePowder|||F|||50|,,,,,Water]Corviknight||SitrusBerry|MirrorArmor|BraveBird,Tailwind,Roost,Protect|||M|||50|,,,,,Dragon]Garchomp||LifeOrb|RoughSkin|Earthquake,StompingTantrum,DragonClaw,Protect|||F|||50|,,,,,Ground
|
|t:|1756219145
|teamsize|p1|4
|teamsize|p2|4
|start
|switch|p1a: Ninetales|Ninetales-Alola, L50, M, shiny|100/100
|switch|p1b: Dragonite|Dragonite, L50, M, shiny|100/100
|switch|p2a: Weezing|Weezing-Galar, L50, M|100/100
|switch|p2b: Toedscruel|Toedscruel, L50, F|100/100
|-ability|p2a: Weezing|Neutralizing Gas
|turn|1
|
|t:|1756219169
|switch|p2b: Corviknight|Corviknight, L50, M|100/100
|-terastallize|p1b: Dragonite|Fairy
|move|p1a: Ninetales|Icy Wind|p2b: Corviknight|[spread] p2a,p2b
|-damage|p2a: Weezing|83/100
|-damage|p2b: Corviknight|93/100
|-unboost|p2a: Weezing|spe|1
|-unboost|p2b: Corviknight|spe|1
|move|p1b: Dragonite|Scale Shot|p2b: Corviknight
|-resisted|p2b: Corviknight
|-damage|p2b: Corviknight|87/100
|-resisted|p2b: Corviknight
|-damage|p2b: Corviknight|81/100
|-resisted|p2b: Corviknight
|-damage|p2b: Corviknight|75/100
|-resisted|p2b: Corviknight
|-damage|p2b: Corviknight|69/100
|-hitcount|p2b: Corviknight|4
|-unboost|p1b: Dragonite|def|1
|-boost|p1b: Dragonite|spe|1
|move|p2a: Weezing|Dazzling Gleam|p1b: Dragonite|[spread] p1a,p1b
|-damage|p1a: Ninetales|59/100
|-damage|p1b: Dragonite|59/100
|
|upkeep
|turn|2
|
|t:|1756219226
|switch|p1a: Empoleon|Empoleon, L50, M|100/100
|move|p1b: Dragonite|Tailwind|p1b: Dragonite
|-sidestart|p1: CrystalGem02|move: Tailwind
|move|p2b: Corviknight|Tailwind|p2b: Corviknight
|-sidestart|p2: fortree21utube|move: Tailwind
|move|p2a: Weezing|Dazzling Gleam|p1a: Empoleon|[spread] p1a,p1b
|-resisted|p1a: Empoleon
|-damage|p1a: Empoleon|88/100
|-damage|p1b: Dragonite|18/100
|
|upkeep
|turn|3
|
|t:|1756219245
|switch|p1b: Incineroar|Incineroar, L50, M|100/100
|switch|p2b: Toedscruel|Toedscruel, L50, F|100/100
|move|p1a: Empoleon|Flash Cannon|p2a: Weezing
|-supereffective|p2a: Weezing
|-damage|p2a: Weezing|4/100
|move|p2a: Weezing|Dazzling Gleam|p1a: Empoleon|[spread] p1a,p1b
|-resisted|p1a: Empoleon
|-crit|p1b: Incineroar
|-damage|p1a: Empoleon|77/100
|-damage|p1b: Incineroar|57/100
|
|upkeep
|turn|4
|
|t:|1756219298
|move|p1b: Incineroar|Fake Out|p2a: Weezing
|-damage|p2a: Weezing|0 fnt
|faint|p2a: Weezing
|-end|p2a: Weezing|ability: Neutralizing Gas
|-ability|p1b: Incineroar|Intimidate|boost
|-unboost|p2b: Toedscruel|atk|1
|move|p2b: Toedscruel|Earth Power|p1b: Incineroar
|-supereffective|p1b: Incineroar
|-damage|p1b: Incineroar|18/100
|-enditem|p1b: Incineroar|Sitrus Berry|[eat]
|-heal|p1b: Incineroar|43/100|[from] item: Sitrus Berry
|move|p1a: Empoleon|Whirlpool|p2b: Toedscruel
|-damage|p2b: Toedscruel|89/100
|-activate|p2b: Toedscruel|move: Whirlpool|[of] p1a: Empoleon
|
|-damage|p2b: Toedscruel|77/100|[from] move: Whirlpool|[partiallytrapped]
|upkeep
|
|t:|1756219323
|switch|p2a: Corviknight|Corviknight, L50, M|69/100
|turn|5
|
|t:|1756219342
|move|p2b: Toedscruel|Earth Power|p1a: Empoleon
|-supereffective|p1a: Empoleon
|-damage|p1a: Empoleon|46/100
|move|p1a: Empoleon|Whirlpool|p2a: Corviknight|[miss]
|-miss|p1a: Empoleon|p2a: Corviknight
|move|p2a: Corviknight|Tailwind||[still]
|-fail|p2a: Corviknight
|move|p1b: Incineroar|Parting Shot|p2b: Toedscruel
|-unboost|p2b: Toedscruel|atk|1
|-unboost|p2b: Toedscruel|spa|1
|
|t:|1756219359
|switch|p1b: Dragonite|Dragonite, L50, M, shiny, tera:Fairy|18/100|[from] Parting Shot
|
|-damage|p2b: Toedscruel|64/100|[from] move: Whirlpool|[partiallytrapped]
|-sideend|p2: fortree21utube|move: Tailwind
|-sideend|p1: CrystalGem02|move: Tailwind
|upkeep
|turn|6
|
|t:|1756219381
|move|p1b: Dragonite|Scale Shot|p2b: Toedscruel
|-damage|p2b: Toedscruel|44/100
|-crit|p2b: Toedscruel
|-damage|p2b: Toedscruel|12/100
|-damage|p2b: Toedscruel|0 fnt
|faint|p2b: Toedscruel
|-hitcount|p2: Toedscruel|3
|-unboost|p1b: Dragonite|def|1
|-boost|p1b: Dragonite|spe|1
|move|p1a: Empoleon|Whirlpool|p2a: Corviknight
|-damage|p2a: Corviknight|58/100
|-activate|p2a: Corviknight|move: Whirlpool|[of] p1a: Empoleon
|move|p2a: Corviknight|Tailwind|p2a: Corviknight
|-sidestart|p2: fortree21utube|move: Tailwind
|
|-damage|p2a: Corviknight|46/100|[from] move: Whirlpool|[partiallytrapped]
|upkeep
|-enditem|p2a: Corviknight|Sitrus Berry|[eat]
|-heal|p2a: Corviknight|71/100|[from] item: Sitrus Berry
|
|t:|1756219397
|switch|p2b: Garchomp|Garchomp, L50, F|100/100
|turn|7
|
|t:|1756219439
|switch|p1a: Incineroar|Incineroar, L50, M|43/100
|-ability|p1a: Incineroar|Intimidate|boost
|-ability|p2a: Corviknight|Mirror Armor
|-unboost|p1a: Incineroar|atk|1
|-unboost|p2b: Garchomp|atk|1
|-terastallize|p2b: Garchomp|Ground
|move|p1b: Dragonite|Extreme Speed|p2b: Garchomp
|-damage|p2b: Garchomp|72/100
|-damage|p1b: Dragonite|5/100|[from] ability: Rough Skin|[of] p2b: Garchomp
|move|p2b: Garchomp|Earthquake|p1b: Dragonite|[spread] p1a,p1b
|-immune|p2a: Corviknight
|-supereffective|p1a: Incineroar
|-damage|p1a: Incineroar|0 fnt
|-damage|p1b: Dragonite|0 fnt
|faint|p1a: Incineroar
|faint|p1b: Dragonite
|-damage|p2b: Garchomp|62/100|[from] item: Life Orb
|move|p2a: Corviknight|Roost|p2a: Corviknight
|-heal|p2a: Corviknight|100/100
|-singleturn|p2a: Corviknight|move: Roost
|
|-end|p2a: Corviknight|Whirlpool|[partiallytrapped]|[silent]
|upkeep
|
|t:|1756219459
|switch|p1b: Empoleon|Empoleon, L50, M|46/100
|switch|p1a: Ninetales|Ninetales-Alola, L50, M, shiny|59/100
|-weather|Snowscape|[from] ability: Snow Warning|[of] p1a: Ninetales
|turn|8
|inactive|Battle timer is ON: inactive players will automatically lose when time's up. (requested by CrystalGem02)
|
|t:|1756219485
|move|p2b: Garchomp|Earthquake|p1b: Empoleon|[spread] p1a,p1b
|-immune|p2a: Corviknight
|-supereffective|p1b: Empoleon
|-damage|p1a: Ninetales|20/100
|-damage|p1b: Empoleon|0 fnt
|faint|p1b: Empoleon
|-damage|p2b: Garchomp|52/100|[from] item: Life Orb
|move|p1a: Ninetales|Icy Wind|p2a: Corviknight|[spread] p2a,p2b
|-supereffective|p2b: Garchomp
|-damage|p2a: Corviknight|92/100
|-damage|p2b: Garchomp|26/100
|-ability|p2a: Corviknight|Mirror Armor
|-unboost|p1a: Ninetales|spe|1
|-unboost|p2b: Garchomp|spe|1
|move|p2a: Corviknight|Brave Bird|p1a: Ninetales
|-damage|p1a: Ninetales|0 fnt
|faint|p1a: Ninetales
|-damage|p2a: Corviknight|86/100|[from] Recoil
|
|win|fortree21utube
