|j|☆lettitripppp
|j|☆lukashz
|html|lettitripppplukashz    
|uhtml|bestof|Game 2 of a best-of-3
|t:|1784677175
|gametype|doubles
|player|p1|lettitripppp|lucas|1296
|player|p2|lukashz|elesa|1322
|gen|9
|tier|[Gen 9 Champions] VGC 2026 Reg M-B (Bo3)
|rated|
|rule|Species Clause: Limit one of each Pokémon
|rule|Item Clause: Limit 1 of each item
|clearpoke
|poke|p1|Charizard, L50, F, shiny|
|poke|p1|Incineroar, L50, M|
|poke|p1|Toxapex, L50, M, shiny|
|poke|p1|Venusaur, L50, M|
|poke|p1|Garchomp, L50, M|
|poke|p1|Annihilape, L50, F|
|poke|p2|Chandelure, L50, M|
|poke|p2|Kangaskhan, L50, F|
|poke|p2|Sylveon, L50, M|
|poke|p2|Archaludon, L50, M|
|poke|p2|Rotom-Wash, L50|
|poke|p2|Meowscarada, L50, M|
|teampreview|4
|showteam|p1|Charizard||CharizarditeY|Blaze|HelpingHand,WeatherBall,HeatWave,Protect|Modest||F|||50|]Incineroar||SitrusBerry|Intimidate|PartingShot,ThroatChop,FlareBlitz,FakeOut|Impish||M|||50|]Toxapex||Leftovers|Regenerator|WideGuard,Infestation,Toxic,BanefulBunker|Bold||M|||50|]Venusaur||LifeOrb|Chlorophyll|SludgeBomb,EarthPower,SolarBeam,Protect|Modest||M|||50|]Garchomp||ChoiceScarf|RoughSkin|StompingTantrum,DragonClaw,Earthquake,RockSlide|Adamant||M|||50|]Annihilape||FocusSash|Defiant|PhantomForce,CloseCombat,RockTomb,Protect|Jolly||F|||50|
|showteam|p2|Chandelure||FocusSash|FlashFire|HeatWave,ShadowBall,TrickRoom,Taunt|Quiet||M|||50|]Kangaskhan||Kangaskhanite|InnerFocus|FakeOut,DoubleEdge,SuckerPunch,HammerArm|Brave||F|||50|]Sylveon||FairyFeather|Pixilate|HyperVoice,Protect,HyperBeam,HelpingHand|Quiet||M|||50|]Archaludon||ExpertBelt|Stamina|AuraSphere,DracoMeteor,FlashCannon,Protect|Quiet||M|||50|]Rotom-Wash||SitrusBerry|Levitate|ThunderWave,VoltSwitch,HydroPump,Protect|Calm|||||50|]Meowscarada||LifeOrb|Protean|KnockOff,FlowerTrick,TripleAxel,Protect|Jolly||M|||50|
|inactive|Battle timer is ON: inactive players will automatically lose when time's up. (requested by lettitripppp)
|
|t:|1784677188
|teamsize|p1|4
|teamsize|p2|4
|start
|switch|p1a: AGNI|Charizard, L50, F, shiny|100/100
|switch|p1b: SOFT-BOOM|Venusaur, L50, M|100/100
|switch|p2a: Sylveon|Sylveon, L50, M|100/100
|switch|p2b: Chandelure|Chandelure, L50, M|100/100
|turn|1
|
|t:|1784677212
|detailschange|p1a: AGNI|Charizard-Mega-Y, L50, F, shiny
|-mega|p1a: AGNI|Charizard|Charizardite Y
|-weather|SunnyDay|[from] ability: Drought|[of] p1a: AGNI
|move|p2a: Sylveon|Protect|p2a: Sylveon
|-singleturn|p2a: Sylveon|Protect
|move|p1b: SOFT-BOOM|Earth Power|p2b: Chandelure
|-supereffective|p2b: Chandelure|1
|-damage|p2b: Chandelure|11/100
|-damage|p1b: SOFT-BOOM|90/100|[from] item: Life Orb
|move|p1a: AGNI|Weather Ball|p2a: Sylveon
|-activate|p2a: Sylveon|move: Protect
|move|p2b: Chandelure|Trick Room|p2b: Chandelure
|-fieldstart|move: Trick Room|[of] p2b: Chandelure
|
|-weather|SunnyDay|[upkeep]
|upkeep
|turn|2
|inactive|lukashz has 30 seconds left.
|inactive|lukashz has 20 seconds left.
|inactive|lukashz has 15 seconds left.
|inactive|lukashz has 10 seconds left.
|inactive|lukashz has 5 seconds left.
|
|t:|1784677264
|switch|p1a: AOI TODO|Incineroar, L50, M|100/100
|-ability|p1a: AOI TODO|Intimidate|boost
|-unboost|p2a: Sylveon|atk|1
|-unboost|p2b: Chandelure|atk|1
|switch|p1b: GRIND-DOWN|Toxapex, L50, M, shiny|100/100
|move|p2a: Sylveon|Helping Hand|p2b: Chandelure
|-singleturn|p2b: Chandelure|Helping Hand|[of] p2a: Sylveon
|move|p2b: Chandelure|Shadow Ball|p1a: AOI TODO
|-resisted|p1a: AOI TODO|1
|-damage|p1a: AOI TODO|66/100
|
|-weather|SunnyDay|[upkeep]
|upkeep
|turn|3
|
|t:|1784677279
|move|p2a: Sylveon|Protect|p2a: Sylveon
|-singleturn|p2a: Sylveon|Protect
|move|p1b: GRIND-DOWN|Infestation|p2a: Sylveon
|-activate|p2a: Sylveon|move: Protect
|move|p1a: AOI TODO|Throat Chop|p2b: Chandelure
|-supereffective|p2b: Chandelure|1
|-damage|p2b: Chandelure|0 fnt
|faint|p2b: Chandelure
|
|-weather|SunnyDay|[upkeep]
|upkeep
|
|t:|1784677290
|switch|p2b: Kangaskhan|Kangaskhan, L50, F|100/100
|turn|4
|
|t:|1784677311
|move|p2b: Kangaskhan|Fake Out|p1b: GRIND-DOWN
|-damage|p1b: GRIND-DOWN|88/100
|cant|p1b: GRIND-DOWN|flinch
|move|p2a: Sylveon|Hyper Beam|p1a: AOI TODO|[miss]
|-miss|p2a: Sylveon|p1a: AOI TODO
|move|p1a: AOI TODO|Parting Shot|p2b: Kangaskhan
|-unboost|p2b: Kangaskhan|atk|1
|-unboost|p2b: Kangaskhan|spa|1
|
|t:|1784677319
|switch|p1a: AGNI|Charizard-Mega-Y, L50, F, shiny|100/100|[from] Parting Shot
|
|-weather|SunnyDay|[upkeep]
|-heal|p1b: GRIND-DOWN|94/100|[from] item: Leftovers
|upkeep
|turn|5
|
|t:|1784677332
|switch|p2a: Archaludon|Archaludon, L50, M|100/100
|switch|p1a: AOI TODO|Incineroar, L50, M|66/100
|-ability|p1a: AOI TODO|Intimidate|boost
|-unboost|p2a: Archaludon|atk|1
|-fail|p2b: Kangaskhan|unboost|Attack|[from] ability: Inner Focus|[of] p2b: Kangaskhan
|detailschange|p2b: Kangaskhan|Kangaskhan-Mega, L50, F
|-mega|p2b: Kangaskhan|Kangaskhan|Kangaskhanite
|move|p1b: GRIND-DOWN|Infestation|p2a: Archaludon
|-resisted|p2a: Archaludon|1
|-damage|p2a: Archaludon|98/100
|-activate|p2a: Archaludon|move: Infestation|[of] p1b: GRIND-DOWN
|-ability|p2a: Archaludon|Stamina|boost
|-boost|p2a: Archaludon|def|1
|move|p2b: Kangaskhan|Double-Edge|p1b: GRIND-DOWN
|-damage|p1b: GRIND-DOWN|66/100
|-damage|p1b: GRIND-DOWN|60/100
|-hitcount|p1b: GRIND-DOWN|2
|-damage|p2b: Kangaskhan|91/100|[from] Recoil
|
|-weather|none
|-heal|p1b: GRIND-DOWN|66/100|[from] item: Leftovers
|-damage|p2a: Archaludon|86/100|[from] move: Infestation|[partiallytrapped]
|-fieldend|move: Trick Room
|upkeep
|turn|6
|
|t:|1784677350
|move|p2a: Archaludon|Protect|p2a: Archaludon
|-singleturn|p2a: Archaludon|Protect
|move|p1a: AOI TODO|Fake Out|p2a: Archaludon
|-activate|p2a: Archaludon|move: Protect
|move|p2b: Kangaskhan|Double-Edge|p1b: GRIND-DOWN
|-damage|p1b: GRIND-DOWN|38/100
|-damage|p1b: GRIND-DOWN|32/100
|-hitcount|p1b: GRIND-DOWN|2
|-damage|p2b: Kangaskhan|83/100|[from] Recoil
|move|p1b: GRIND-DOWN|Infestation|p2b: Kangaskhan
|-damage|p2b: Kangaskhan|81/100
|-activate|p2b: Kangaskhan|move: Infestation|[of] p1b: GRIND-DOWN
|
|-heal|p1b: GRIND-DOWN|38/100|[from] item: Leftovers
|-damage|p2b: Kangaskhan|68/100|[from] move: Infestation|[partiallytrapped]
|-damage|p2a: Archaludon|74/100|[from] move: Infestation|[partiallytrapped]
|upkeep
|turn|7
|
|t:|1784677368
|-heal|p1b: GRIND-DOWN|71/100|[from] ability: Regenerator|[silent]
|switch|p1b: AGNI|Charizard-Mega-Y, L50, F, shiny|100/100
|-weather|SunnyDay|[from] ability: Drought|[of] p1b: AGNI
|move|p2b: Kangaskhan|Double-Edge|p1b: AGNI
|-damage|p1b: AGNI|60/100
|-damage|p1b: AGNI|49/100
|-hitcount|p1b: AGNI|2
|-damage|p2b: Kangaskhan|54/100|[from] Recoil
|move|p2a: Archaludon|Aura Sphere|p1a: AOI TODO
|-supereffective|p1a: AOI TODO|1
|-damage|p1a: AOI TODO|2/100
|-enditem|p1a: AOI TODO|Sitrus Berry|[eat]
|-heal|p1a: AOI TODO|27/100|[from] item: Sitrus Berry
|move|p1a: AOI TODO|Parting Shot|p2b: Kangaskhan
|-unboost|p2b: Kangaskhan|atk|1
|-unboost|p2b: Kangaskhan|spa|1
|
|t:|1784677386
|switch|p1a: GRIND-DOWN|Toxapex, L50, M, shiny|71/100|[from] Parting Shot
|
|-weather|SunnyDay|[upkeep]
|-heal|p1a: GRIND-DOWN|77/100|[from] item: Leftovers
|-end|p2b: Kangaskhan|Infestation|[partiallytrapped]|[silent]
|-end|p2a: Archaludon|Infestation|[partiallytrapped]|[silent]
|upkeep
|turn|8
|
|t:|1784677398
|switch|p2b: Sylveon|Sylveon, L50, M|100/100
|-heal|p1a: GRIND-DOWN|100/100|[from] ability: Regenerator|[silent]
|switch|p1a: AOI TODO|Incineroar, L50, M|27/100
|-ability|p1a: AOI TODO|Intimidate|boost
|-unboost|p2a: Archaludon|atk|1
|-unboost|p2b: Sylveon|atk|1
|move|p2a: Archaludon|Protect|p2a: Archaludon
|-singleturn|p2a: Archaludon|Protect
|move|p1b: AGNI|Heat Wave|p2a: Archaludon|[spread] p2b
|-activate|p2a: Archaludon|move: Protect
|-damage|p2b: Sylveon|57/100
|
|-weather|SunnyDay|[upkeep]
|upkeep
|turn|9
|inactive|lukashz has 30 seconds left.
|
|t:|1784677425
|switch|p2a: Kangaskhan|Kangaskhan-Mega, L50, F|54/100
|move|p1b: AGNI|Weather Ball|p2a: Kangaskhan
|-damage|p2a: Kangaskhan|0 fnt
|faint|p2a: Kangaskhan
|move|p1a: AOI TODO|Parting Shot|p2b: Sylveon
|-unboost|p2b: Sylveon|atk|1
|-unboost|p2b: Sylveon|spa|1
|
|t:|1784677434
|switch|p1a: SOFT-BOOM|Venusaur, L50, M|90/100|[from] Parting Shot
|move|p2b: Sylveon|Hyper Voice|p1a: SOFT-BOOM|[spread] p1a,p1b
|-resisted|p1a: SOFT-BOOM|1
|-resisted|p1b: AGNI|1
|-damage|p1a: SOFT-BOOM|72/100
|-damage|p1b: AGNI|36/100
|
|-weather|SunnyDay|[upkeep]
|upkeep
|
|t:|1784677437
|switch|p2a: Archaludon|Archaludon, L50, M|74/100
|turn|10
|
|t:|1784677443
|move|p1a: SOFT-BOOM|Sludge Bomb|p2b: Sylveon
|-supereffective|p2b: Sylveon|1
|-damage|p2b: Sylveon|0 fnt
|faint|p2b: Sylveon
|-damage|p1a: SOFT-BOOM|62/100|[from] item: Life Orb
|move|p1b: AGNI|Weather Ball|p2a: Archaludon
|-damage|p2a: Archaludon|0 fnt
|faint|p2a: Archaludon
|
|win|lettitripppp
||lukashz is ready for game 3.
