|j|☆Oscarbolt
|j|☆d1mo22
|html|Oscarboltd1mo22    
|uhtml|bestof|Game 2 of a best-of-3
|t:|1785184506
|gametype|doubles
|player|p1|Oscarbolt|169|1352
|player|p2|d1mo22|skier|1316
|gen|9
|tier|[Gen 9 Champions] VGC 2026 Reg M-B (Bo3)
|rated|
|rule|Species Clause: Limit one of each Pokémon
|rule|Item Clause: Limit 1 of each item
|clearpoke
|poke|p1|Manectric, L50, F|
|poke|p1|Sneasler, L50, M|
|poke|p1|Talonflame, L50, M|
|poke|p1|Garchomp, L50, M|
|poke|p1|Blastoise, L50, F|
|poke|p1|Sinistcha, L50|
|poke|p2|Raichu, L50, F|
|poke|p2|Gyarados, L50, F, shiny|
|poke|p2|Mamoswine, L50, M|
|poke|p2|Ceruledge, L50, M|
|poke|p2|Sinistcha, L50|
|poke|p2|Kingambit, L50, F, shiny|
|teampreview|4
|showteam|p1|Manectric||Manectite|LightningRod|Protect,Discharge,VoltSwitch,Snarl|Timid||F|||50|]Sneasler||FocusSash|PoisonTouch|FakeOut,CloseCombat,DireClaw,Protect|Jolly||M|||50|]Talonflame||ChartiBerry|FlameBody|Tailwind,FlareBlitz,DualWingbeat,Protect|Adamant||M|||50|]Garchomp||ChoiceScarf|RoughSkin|Earthquake,StompingTantrum,DragonClaw,RockSlide|Jolly||M|||50|]Blastoise||Blastoisinite|Torrent|WaterSpout,DarkPulse,Protect,IcyWind|Modest||F|||50|]Sinistcha||KasibBerry|Hospitality|MatchaGotcha,RagePowder,StrengthSap,ShadowBall|Bold|||||50|
|showteam|p2|Raichu||RaichuniteY|LightningRod|FakeOut,Encore,ZapCannon,FocusBlast|Timid||F|||50|]Gyarados||Gyaradosite|Intimidate|LashOut,Waterfall,DragonDance,Protect|Adamant||F|||50|]Mamoswine||LifeOrb|Oblivious|Protect,IcicleCrash,IceShard,HighHorsepower|Jolly||M|||50|]Ceruledge||ColburBerry|FlashFire|BitterBlade,ShadowSneak,BulkUp,Protect|Adamant||M|||50|]Sinistcha||SitrusBerry|Hospitality|Protect,RagePowder,MatchaGotcha,LifeDew|Bold|||||50|]Kingambit||FocusSash|Defiant|Protect,SuckerPunch,KowtowCleave,IronHead|Adamant||F|||50|
|inactive|Battle timer is ON: inactive players will automatically lose when time's up. (requested by d1mo22)
|inactive|Oscarbolt has 60 seconds left.
|inactive|d1mo22 has 60 seconds left.
|
|t:|1785184564
|teamsize|p1|4
|teamsize|p2|4
|start
|switch|p1a: Talonflame|Talonflame, L50, M|100/100
|switch|p1b: Manectric|Manectric, L50, F|100/100
|switch|p2a: Raichu|Raichu, L50, F|100/100
|switch|p2b: Mamoswine|Mamoswine, L50, M|100/100
|turn|1
|
|t:|1785184583
|move|p1b: Manectric|Protect|p1b: Manectric
|-singleturn|p1b: Manectric|Protect
|move|p2a: Raichu|Fake Out|p1a: Talonflame
|-damage|p1a: Talonflame|90/100
|cant|p1a: Talonflame|flinch
|move|p2b: Mamoswine|Icicle Crash|p1a: Talonflame
|-damage|p1a: Talonflame|7/100
|-damage|p2b: Mamoswine|90/100|[from] item: Life Orb
|
|upkeep
|turn|2
|
|t:|1785184604
|switch|p1b: Sinistcha|Sinistcha, L50|100/100
|-heal|p1a: Talonflame|32/100|[from] ability: Hospitality|[of] p1b: Sinistcha
|detailschange|p2a: Raichu|Raichu-Mega-Y, L50, F
|-mega|p2a: Raichu|Raichu|Raichunite Y
|move|p1a: Talonflame|Protect|p1a: Talonflame
|-singleturn|p1a: Talonflame|Protect
|move|p2b: Mamoswine|Ice Shard|p1a: Talonflame
|-activate|p1a: Talonflame|move: Protect
|move|p2a: Raichu|Encore||[still]
|-fail|p2a: Raichu
|
|upkeep
|turn|3
|
|t:|1785184622
|move|p1b: Sinistcha|Rage Powder|p1b: Sinistcha
|-singleturn|p1b: Sinistcha|move: Rage Powder
|move|p2a: Raichu|Zap Cannon|p1b: Sinistcha
|-resisted|p1b: Sinistcha|1
|-damage|p1b: Sinistcha|65/100
|-status|p1b: Sinistcha|par
|move|p1a: Talonflame|Flare Blitz|p2b: Mamoswine
|-supereffective|p2b: Mamoswine|1
|-damage|p2b: Mamoswine|0 fnt
|faint|p2b: Mamoswine
|-damage|p1a: Talonflame|0 fnt|[from] Recoil
|faint|p1a: Talonflame
|
|upkeep
|
|t:|1785184634
|switch|p1a: Manectric|Manectric, L50, F|100/100
|switch|p2b: Gyarados|Gyarados, L50, F, shiny|100/100
|-ability|p2b: Gyarados|Intimidate|boost
|-unboost|p1a: Manectric|atk|1
|-unboost|p1b: Sinistcha|atk|1
|turn|4
|inactive|d1mo22 has 30 seconds left.
|
|t:|1785184664
|switch|p2b: Sinistcha|Sinistcha, L50|100/100
|detailschange|p1a: Manectric|Manectric-Mega, L50, F
|-mega|p1a: Manectric|Manectric|Manectite
|-ability|p1a: Manectric|Intimidate|boost
|-unboost|p2a: Raichu|atk|1
|-unboost|p2b: Sinistcha|atk|1
|move|p1a: Manectric|Snarl|p2a: Raichu|[spread] p2a,p2b
|-supereffective|p2b: Sinistcha|1
|-damage|p2a: Raichu|80/100
|-damage|p2b: Sinistcha|73/100
|-unboost|p2a: Raichu|spa|1
|-unboost|p2b: Sinistcha|spa|1
|move|p2a: Raichu|Encore|p1b: Sinistcha
|-start|p1b: Sinistcha|Encore
|move|p1b: Sinistcha|Rage Powder|p1b: Sinistcha
|-singleturn|p1b: Sinistcha|move: Rage Powder
|
|upkeep
|turn|5
|
|t:|1785184688
|switch|p2a: Gyarados|Gyarados, L50, F, shiny|100/100
|-ability|p2a: Gyarados|Intimidate|boost
|-unboost|p1a: Manectric|atk|1
|-unboost|p1b: Sinistcha|atk|1
|move|p1b: Sinistcha|Rage Powder|p1b: Sinistcha
|-singleturn|p1b: Sinistcha|move: Rage Powder
|move|p1a: Manectric|Snarl|p2b: Sinistcha|[spread] p2a,p2b
|-supereffective|p2b: Sinistcha|1
|-damage|p2a: Gyarados|88/100
|-damage|p2b: Sinistcha|47/100
|-unboost|p2a: Gyarados|spa|1
|-unboost|p2b: Sinistcha|spa|1
|-enditem|p2b: Sinistcha|Sitrus Berry|[eat]
|-heal|p2b: Sinistcha|72/100|[from] item: Sitrus Berry
|move|p2b: Sinistcha|Matcha Gotcha|p1b: Sinistcha|[spread] p1a,p1b
|-resisted|p1b: Sinistcha|1
|-damage|p1a: Manectric|81/100
|-heal|p2b: Sinistcha|80/100|[from] drain|[of] p1a: Manectric
|-damage|p1b: Sinistcha|58/100 par
|-heal|p2b: Sinistcha|84/100|[from] drain|[of] p1b: Sinistcha
|-status|p1a: Manectric|brn
|
|-damage|p1a: Manectric|75/100 brn|[from] brn
|upkeep
|turn|6
|inactive|d1mo22 has 30 seconds left.
|
|t:|1785184716
|switch|p2a: Raichu|Raichu-Mega-Y, L50, F|80/100
|move|p1b: Sinistcha|Rage Powder|p1b: Sinistcha
|-singleturn|p1b: Sinistcha|move: Rage Powder
|move|p1a: Manectric|Discharge|p2a: Raichu|[spread] p1b,p2a,p2b
|-resisted|p1b: Sinistcha|1
|-resisted|p2a: Raichu|1
|-resisted|p2b: Sinistcha|1
|-damage|p1b: Sinistcha|41/100 par
|-damage|p2a: Raichu|59/100
|-damage|p2b: Sinistcha|69/100
|move|p2b: Sinistcha|Matcha Gotcha|p1b: Sinistcha|[spread] p1a,p1b
|-resisted|p1b: Sinistcha|1
|-crit|p1b: Sinistcha
|-damage|p1a: Manectric|58/100 brn
|-heal|p2b: Sinistcha|76/100|[from] drain|[of] p1a: Manectric
|-damage|p1b: Sinistcha|21/100 par
|-heal|p2b: Sinistcha|86/100|[from] drain|[of] p1b: Sinistcha
|
|-damage|p1a: Manectric|52/100 brn|[from] brn
|-end|p1b: Sinistcha|Encore
|upkeep
|turn|7
|
|t:|1785184738
|move|p1a: Manectric|Snarl|p2a: Raichu|[spread] p2a,p2b
|-supereffective|p2b: Sinistcha|1
|-damage|p2a: Raichu|41/100
|-damage|p2b: Sinistcha|55/100
|-unboost|p2a: Raichu|spa|1
|-unboost|p2b: Sinistcha|spa|1
|move|p2a: Raichu|Encore|p1b: Sinistcha
|-start|p1b: Sinistcha|Encore
|move|p1b: Sinistcha|Rage Powder|p1b: Sinistcha
|-singleturn|p1b: Sinistcha|move: Rage Powder
|move|p2b: Sinistcha|Matcha Gotcha|p1b: Sinistcha|[spread] p1a,p1b
|-resisted|p1b: Sinistcha|1
|-damage|p1a: Manectric|37/100 brn
|-heal|p2b: Sinistcha|61/100|[from] drain|[of] p1a: Manectric
|-damage|p1b: Sinistcha|16/100 par
|-heal|p2b: Sinistcha|64/100|[from] drain|[of] p1b: Sinistcha
|
|-damage|p1a: Manectric|31/100 brn|[from] brn
|upkeep
|turn|8
|inactive|d1mo22 has 30 seconds left.
|
|t:|1785184767
|switch|p1b: Sneasler|Sneasler, L50, M|100/100
|move|p1a: Manectric|Protect|p1a: Manectric
|-singleturn|p1a: Manectric|Protect
|move|p2a: Raichu|Zap Cannon|p1a: Manectric
|-activate|p1a: Manectric|move: Protect
|move|p2b: Sinistcha|Matcha Gotcha|p1b: Sneasler|[spread] p1b
|-activate|p1a: Manectric|move: Protect
|-resisted|p1b: Sneasler|1
|-damage|p1b: Sneasler|93/100
|-heal|p2b: Sinistcha|67/100|[from] drain|[of] p1b: Sneasler
|
|-damage|p1a: Manectric|25/100 brn|[from] brn
|upkeep
|turn|9
|
|t:|1785184782
|switch|p2a: Gyarados|Gyarados, L50, F, shiny|88/100
|-ability|p2a: Gyarados|Intimidate|boost
|-unboost|p1a: Manectric|atk|1
|-unboost|p1b: Sneasler|atk|1
|switch|p1b: Sinistcha|Sinistcha, L50|16/100 par
|-heal|p1a: Manectric|49/100 brn|[from] ability: Hospitality|[of] p1b: Sinistcha
|move|p1a: Manectric|Snarl|p2a: Gyarados|[spread] p2a,p2b
|-supereffective|p2b: Sinistcha|1
|-damage|p2a: Gyarados|75/100
|-damage|p2b: Sinistcha|40/100
|-unboost|p2a: Gyarados|spa|1
|-unboost|p2b: Sinistcha|spa|1
|move|p2b: Sinistcha|Matcha Gotcha|p1b: Sinistcha|[spread] p1a,p1b
|-resisted|p1b: Sinistcha|1
|-damage|p1a: Manectric|37/100 brn
|-heal|p2b: Sinistcha|45/100|[from] drain|[of] p1a: Manectric
|-damage|p1b: Sinistcha|12/100 par
|-heal|p2b: Sinistcha|47/100|[from] drain|[of] p1b: Sinistcha
|
|-damage|p1a: Manectric|31/100 brn|[from] brn
|upkeep
|turn|10
|
|t:|1785184803
|switch|p1b: Sneasler|Sneasler, L50, M|93/100
|move|p2a: Gyarados|Protect|p2a: Gyarados
|-singleturn|p2a: Gyarados|Protect
|move|p1a: Manectric|Volt Switch|p2a: Gyarados
|-activate|p2a: Gyarados|move: Protect
|move|p2b: Sinistcha|Matcha Gotcha|p1a: Manectric|[spread] p1a
|-miss|p2b: Sinistcha|p1b: Sneasler
|-damage|p1a: Manectric|20/100y brn
|-heal|p2b: Sinistcha|52/100|[from] drain|[of] p1a: Manectric
|
|-damage|p1a: Manectric|14/100 brn|[from] brn
|upkeep
|turn|11
|
|t:|1785184827
|move|p1b: Sneasler|Protect|p1b: Sneasler
|-singleturn|p1b: Sneasler|Protect
|move|p2b: Sinistcha|Rage Powder|p2b: Sinistcha
|-singleturn|p2b: Sinistcha|move: Rage Powder
|move|p1a: Manectric|Discharge|p2a: Gyarados|[spread] p2a,p2b
|-activate|p1b: Sneasler|move: Protect
|-supereffective|p2a: Gyarados|2
|-resisted|p2b: Sinistcha|1
|-damage|p2a: Gyarados|0 fnt
|-damage|p2b: Sinistcha|36/100
|faint|p2a: Gyarados
|
|-damage|p1a: Manectric|8/100 brn|[from] brn
|upkeep
|
|t:|1785184838
|switch|p2a: Raichu|Raichu-Mega-Y, L50, F|41/100
|turn|12
|
|t:|1785184845
|switch|p1b: Sinistcha|Sinistcha, L50|12/100 par
|-heal|p1a: Manectric|32/100 brn|[from] ability: Hospitality|[of] p1b: Sinistcha
|move|p1a: Manectric|Protect|p1a: Manectric
|-singleturn|p1a: Manectric|Protect
|move|p2a: Raichu|Zap Cannon|p1b: Sinistcha
|-resisted|p1b: Sinistcha|1
|-damage|p1b: Sinistcha|0 fnt
|faint|p1b: Sinistcha
|move|p2b: Sinistcha|Life Dew|p2b: Sinistcha|[spread] p2a,p2b
|-heal|p2a: Raichu|66/100
|-heal|p2b: Sinistcha|61/100
|
|-damage|p1a: Manectric|26/100 brn|[from] brn
|upkeep
|
|t:|1785184848
|switch|p1b: Sneasler|Sneasler, L50, M|93/100
|turn|13
|
|t:|1785184867
|move|p1b: Sneasler|Fake Out|p2a: Raichu
|-damage|p2a: Raichu|44/100
|move|p2b: Sinistcha|Rage Powder|p2b: Sinistcha
|-singleturn|p2b: Sinistcha|move: Rage Powder
|move|p1a: Manectric|Snarl|p2b: Sinistcha|[spread] p2a,p2b
|-supereffective|p2b: Sinistcha|1
|-damage|p2a: Raichu|26/100
|-damage|p2b: Sinistcha|31/100
|-unboost|p2a: Raichu|spa|1
|-unboost|p2b: Sinistcha|spa|1
|cant|p2a: Raichu|flinch
|
|-damage|p1a: Manectric|20/100y brn|[from] brn
|upkeep
|turn|14
|
|t:|1785184885
|move|p1a: Manectric|Snarl|p2a: Raichu|[spread] p2a,p2b
|-supereffective|p2b: Sinistcha|1
|-damage|p2a: Raichu|5/100
|-damage|p2b: Sinistcha|4/100
|-unboost|p2a: Raichu|spa|1
|-unboost|p2b: Sinistcha|spa|1
|move|p2a: Raichu|Zap Cannon|p1b: Sneasler
|-damage|p1b: Sneasler|51/100
|-status|p1b: Sneasler|par
|cant|p1b: Sneasler|par
|move|p2b: Sinistcha|Life Dew|p2b: Sinistcha|[spread] p2a,p2b
|-heal|p2a: Raichu|30/100
|-heal|p2b: Sinistcha|29/100
|
|-damage|p1a: Manectric|14/100 brn|[from] brn
|upkeep
|turn|15
|
|t:|1785184903
|move|p1a: Manectric|Snarl|p2b: Sinistcha|[spread] p2a,p2b
|-supereffective|p2b: Sinistcha|1
|-damage|p2a: Raichu|10/100
|-damage|p2b: Sinistcha|3/100
|-unboost|p2a: Raichu|spa|1
|move|p2a: Raichu|Zap Cannon|p1b: Sneasler
|-damage|p1b: Sneasler|18/100 par
|cant|p1b: Sneasler|par
|move|p2b: Sinistcha|Matcha Gotcha|p1b: Sneasler|[spread] p1a,p1b
|-resisted|p1b: Sneasler|1
|-damage|p1a: Manectric|6/100 brn
|-heal|p2b: Sinistcha|6/100|[from] drain|[of] p1a: Manectric
|-damage|p1b: Sneasler|14/100 par
|-heal|p2b: Sinistcha|8/100|[from] drain|[of] p1b: Sneasler
|
|-damage|p1a: Manectric|0 fnt|[from] brn
|faint|p1a: Manectric
|upkeep
|turn|16
|l|☆Oscarbolt
|inactive|Oscarbolt disconnected and has a minute to reconnect!
|player|p1|
|j|☆Oscarbolt
|inactive|Oscarbolt reconnected and has 35 seconds left.
|player|p1|Oscarbolt|169|
|inactive|Oscarbolt has 30 seconds left.
|
|t:|1785184932
|move|p2a: Raichu|Zap Cannon|p1b: Sneasler
|-damage|p1b: Sneasler|0 fnt
|faint|p1b: Sneasler
|
|win|d1mo22
|raw|Oscarbolt's rating: 1352 → 1330(-22 for losing)
|raw|d1mo22's rating: 1316 → 1338(+22 for winning)
