|j|☆Oscarbolt
|j|☆d1mo22
|html|Oscarboltd1mo22    
|uhtml|bestof|Game 1 of a best-of-3
|t:|1785184107
|gametype|doubles
|player|p1|Oscarbolt|169|1352
|player|p2|d1mo22|skier|1316
|gen|9
|tier|[Gen 9 Champions] VGC 2026 Reg M-B (Bo3)
|rated|
|rule|Species Clause: Limit one of each Pokémon
|rule|Item Clause: Limit 1 of each item
|clearpoke
|poke|p1|Manectric, L50, F|
|poke|p1|Sneasler, L50, M|
|poke|p1|Talonflame, L50, M|
|poke|p1|Garchomp, L50, M|
|poke|p1|Blastoise, L50, F|
|poke|p1|Sinistcha, L50|
|poke|p2|Raichu, L50, M|
|poke|p2|Gyarados, L50, F, shiny|
|poke|p2|Mamoswine, L50, F|
|poke|p2|Ceruledge, L50, M|
|poke|p2|Sinistcha, L50|
|poke|p2|Kingambit, L50, F, shiny|
|teampreview|4
|showteam|p1|Manectric||Manectite|LightningRod|Protect,Discharge,VoltSwitch,Snarl|Timid||F|||50|]Sneasler||FocusSash|PoisonTouch|FakeOut,CloseCombat,DireClaw,Protect|Jolly||M|||50|]Talonflame||ChartiBerry|FlameBody|Tailwind,FlareBlitz,DualWingbeat,Protect|Adamant||M|||50|]Garchomp||ChoiceScarf|RoughSkin|Earthquake,StompingTantrum,DragonClaw,RockSlide|Jolly||M|||50|]Blastoise||Blastoisinite|Torrent|WaterSpout,DarkPulse,Protect,IcyWind|Modest||F|||50|]Sinistcha||KasibBerry|Hospitality|MatchaGotcha,RagePowder,StrengthSap,ShadowBall|Bold|||||50|
|showteam|p2|Raichu||RaichuniteY|LightningRod|FakeOut,Encore,ZapCannon,FocusBlast|Timid||M|||50|]Gyarados||Gyaradosite|Intimidate|LashOut,Waterfall,DragonDance,Protect|Adamant||F|||50|]Mamoswine||LifeOrb|Oblivious|Protect,IcicleCrash,IceShard,HighHorsepower|Jolly||F|||50|]Ceruledge||ColburBerry|FlashFire|BitterBlade,ShadowSneak,BulkUp,Protect|Adamant||M|||50|]Sinistcha||SitrusBerry|Hospitality|Protect,RagePowder,MatchaGotcha,LifeDew|Bold|||||50|]Kingambit||FocusSash|Defiant|Protect,SuckerPunch,KowtowCleave,IronHead|Adamant||F|||50|
|inactive|Battle timer is ON: inactive players will automatically lose when time's up. (requested by d1mo22)
|inactive|d1mo22 has 60 seconds left.
|inactive|d1mo22 has 30 seconds left.
|inactive|d1mo22 has 20 seconds left.
|inactive|d1mo22 has 15 seconds left.
|
|t:|1785184186
|teamsize|p1|4
|teamsize|p2|4
|start
|switch|p1a: Blastoise|Blastoise, L50, F|100/100
|switch|p1b: Sneasler|Sneasler, L50, M|100/100
|switch|p2a: Raichu|Raichu, L50, M|100/100
|switch|p2b: Mamoswine|Mamoswine, L50, F|100/100
|turn|1
|
|t:|1785184208
|switch|p1b: Manectric|Manectric, L50, F|100/100
|switch|p2b: Gyarados|Gyarados, L50, F, shiny|100/100
|-ability|p2b: Gyarados|Intimidate|boost
|-unboost|p1a: Blastoise|atk|1
|-unboost|p1b: Manectric|atk|1
|detailschange|p2a: Raichu|Raichu-Mega-Y, L50, M
|-mega|p2a: Raichu|Raichu|Raichunite Y
|detailschange|p1a: Blastoise|Blastoise-Mega, L50, F
|-mega|p1a: Blastoise|Blastoise|Blastoisinite
|move|p2a: Raichu|Fake Out|p1a: Blastoise
|-damage|p1a: Blastoise|92/100
|cant|p1a: Blastoise|flinch
|
|upkeep
|turn|2
|inactive|Oscarbolt has 30 seconds left.
|inactive|d1mo22 has 30 seconds left.
|
|t:|1785184240
|move|p2b: Gyarados|Protect|p2b: Gyarados
|-singleturn|p2b: Gyarados|Protect
|move|p2a: Raichu|Focus Blast|p1a: Blastoise
|-damage|p1a: Blastoise|53/100
|move|p1b: Manectric|Volt Switch|p2b: Gyarados
|-activate|p2b: Gyarados|move: Protect
|move|p1a: Blastoise|Icy Wind|p2a: Raichu|[spread] p2a
|-activate|p2b: Gyarados|move: Protect
|-damage|p2a: Raichu|80/100
|-unboost|p2a: Raichu|spe|1
|
|upkeep
|turn|3
|inactive|d1mo22 has 30 seconds left.
|
|t:|1785184266
|switch|p2a: Sinistcha|Sinistcha, L50|100/100
|switch|p2b: Mamoswine|Mamoswine, L50, F|100/100
|move|p1b: Manectric|Snarl|p2a: Sinistcha|[spread] p2a,p2b
|-supereffective|p2a: Sinistcha|1
|-damage|p2a: Sinistcha|76/100
|-damage|p2b: Mamoswine|81/100
|-unboost|p2a: Sinistcha|spa|1
|-unboost|p2b: Mamoswine|spa|1
|move|p1a: Blastoise|Dark Pulse|p2a: Sinistcha
|-supereffective|p2a: Sinistcha|1
|-damage|p2a: Sinistcha|0 fnt
|faint|p2a: Sinistcha
|
|upkeep
|
|t:|1785184280
|switch|p2a: Raichu|Raichu-Mega-Y, L50, M|80/100
|turn|4
|
|t:|1785184299
|switch|p1a: Talonflame|Talonflame, L50, M|100/100
|move|p1b: Manectric|Protect|p1b: Manectric
|-singleturn|p1b: Manectric|Protect
|move|p2a: Raichu|Fake Out|p1a: Talonflame
|-damage|p1a: Talonflame|87/100
|move|p2b: Mamoswine|Icicle Crash|p1b: Manectric
|-activate|p1b: Manectric|move: Protect
|
|upkeep
|turn|5
|
|t:|1785184321
|move|p2b: Mamoswine|Protect|p2b: Mamoswine
|-singleturn|p2b: Mamoswine|Protect
|move|p2a: Raichu|Encore|p1b: Manectric
|-start|p1b: Manectric|Encore
|move|p1b: Manectric|Protect|p1b: Manectric
|-singleturn|p1b: Manectric|Protect
|move|p1a: Talonflame|Tailwind|p1a: Talonflame
|-sidestart|p1: Oscarbolt|move: Tailwind
|
|upkeep
|turn|6
|inactive|Oscarbolt has 30 seconds left.
|
|t:|1785184357
|switch|p1b: Sneasler|Sneasler, L50, M|100/100
|switch|p2b: Gyarados|Gyarados, L50, F, shiny|100/100
|-ability|p2b: Gyarados|Intimidate|boost
|-unboost|p1a: Talonflame|atk|1
|-unboost|p1b: Sneasler|atk|1
|move|p1a: Talonflame|Flare Blitz|p2b: Gyarados
|-resisted|p2b: Gyarados|1
|-damage|p2b: Gyarados|85/100
|-status|p2b: Gyarados|brn
|-damage|p1a: Talonflame|81/100|[from] Recoil
|move|p2a: Raichu|Focus Blast|p1b: Sneasler
|-resisted|p1b: Sneasler|1
|-damage|p1b: Sneasler|69/100
|
|-damage|p2b: Gyarados|79/100 brn|[from] brn
|upkeep
|turn|7
|
|t:|1785184380
|move|p1b: Sneasler|Fake Out|p2b: Gyarados
|-damage|p2b: Gyarados|68/100 brn
|move|p1a: Talonflame|Flare Blitz|p2a: Raichu
|-damage|p2a: Raichu|32/100
|-damage|p1a: Talonflame|65/100|[from] Recoil
|move|p2a: Raichu|Zap Cannon|p1b: Sneasler
|-damage|p1b: Sneasler|0 fnt
|faint|p1b: Sneasler
|cant|p2b: Gyarados|flinch
|
|-damage|p2b: Gyarados|62/100 brn|[from] brn
|upkeep
|
|t:|1785184384
|switch|p1b: Blastoise|Blastoise-Mega, L50, F|53/100
|turn|8
|
|t:|1785184406
|move|p1a: Talonflame|Dual Wingbeat|p2b: Gyarados
|-damage|p2b: Gyarados|51/100 brn
|-damage|p2b: Gyarados|40/100 brn
|-hitcount|p2b: Gyarados|2
|move|p1b: Blastoise|Dark Pulse|p2b: Gyarados
|-damage|p2b: Gyarados|1/100 brn
|move|p2a: Raichu|Focus Blast|p1b: Blastoise
|-damage|p1b: Blastoise|18/100
|move|p2b: Gyarados|Lash Out|p1b: Blastoise
|-damage|p1b: Blastoise|7/100
|
|-damage|p2b: Gyarados|0 fnt|[from] brn
|faint|p2b: Gyarados
|-sideend|p1: Oscarbolt|move: Tailwind
|upkeep
|
|t:|1785184420
|switch|p2b: Mamoswine|Mamoswine, L50, F|81/100
|turn|9
|inactive|d1mo22 has 30 seconds left.
|
|t:|1785184452
|switch|p1b: Manectric|Manectric, L50, F|100/100
|move|p2b: Mamoswine|Ice Shard|p1a: Talonflame
|-damage|p1a: Talonflame|25/100
|-damage|p2b: Mamoswine|71/100|[from] item: Life Orb
|move|p2a: Raichu|Focus Blast|p1a: Talonflame
|-resisted|p1a: Talonflame|1
|-damage|p1a: Talonflame|0 fnt
|faint|p1a: Talonflame
|
|upkeep
|
|t:|1785184456
|switch|p1a: Blastoise|Blastoise-Mega, L50, F|7/100
|turn|10
|
|t:|1785184470
|move|p1a: Blastoise|Protect|p1a: Blastoise
|-singleturn|p1a: Blastoise|Protect
|move|p2a: Raichu|Focus Blast|p1a: Blastoise
|-activate|p1a: Blastoise|move: Protect
|move|p1b: Manectric|Snarl|p2a: Raichu|[spread] p2a,p2b
|-damage|p2a: Raichu|15/100
|-damage|p2b: Mamoswine|52/100
|-unboost|p2a: Raichu|spa|1
|-unboost|p2b: Mamoswine|spa|1
|move|p2b: Mamoswine|High Horsepower|p1b: Manectric|[miss]
|-miss|p2b: Mamoswine|p1b: Manectric
|
|upkeep
|turn|11
|
|t:|1785184485
|move|p1a: Blastoise|Protect||[still]
|-fail|p1a: Blastoise
|move|p2a: Raichu|Focus Blast|p1a: Blastoise
|-damage|p1a: Blastoise|0 fnt
|faint|p1a: Blastoise
|move|p1b: Manectric|Snarl|p2a: Raichu|[spread] p2a,p2b
|-damage|p2a: Raichu|0 fnt
|-damage|p2b: Mamoswine|34/100
|-unboost|p2b: Mamoswine|spa|1
|faint|p2a: Raichu
|move|p2b: Mamoswine|High Horsepower|p1b: Manectric
|-supereffective|p1b: Manectric|1
|-damage|p1b: Manectric|0 fnt
|faint|p1b: Manectric
|-damage|p2b: Mamoswine|24/100|[from] item: Life Orb
|
|win|d1mo22
||Oscarbolt is ready for game 2.
|inactive|d1mo22 has 30 seconds to confirm battle start!
