|j|â˜†homerj71
|j|â˜†AJojoFamilyMember
|html|homerj71AJojoFamilyMember    
|uhtml|bestof|Game 2 of a best-of-3
|t:|1785422571
|gametype|doubles
|player|p1|homerj71|102|1149
|player|p2|AJojoFamilyMember|cynthia|1184
|gen|9
|tier|[Gen 9 Champions] VGC 2026 Reg M-B (Bo3)
|rated|
|rule|Species Clause: Limit one of each PokÃ©mon
|rule|Item Clause: Limit 1 of each item
|clearpoke
|poke|p1|Tyranitar, L50, F|
|poke|p1|Staraptor, L50, F|
|poke|p1|Gholdengo, L50|
|poke|p1|Excadrill, L50, F|
|poke|p1|Sinistcha, L50|
|poke|p1|Milotic, L50, F|
|poke|p2|Maushold-Four, L50|
|poke|p2|Sinistcha-Masterpiece, L50|
|poke|p2|Incineroar, L50, F|
|poke|p2|Delphox, L50, F|
|poke|p2|Mamoswine, L50, M|
|poke|p2|Eelektross, L50, M|
|teampreview|4
|showteam|p1|Tyranitar||Tyranitarite|SandStream|KnockOff,LowKick,RockSlide,Protect|Jolly||F|||50|]Staraptor||Staraptite|Intimidate|BraveBird,CloseCombat,Tailwind,Protect|Jolly||F|||50|]Gholdengo||LifeOrb|GoodasGold|MakeItRain,NastyPlot,ShadowBall,Protect|Modest|||||50|]Excadrill||FocusSash|SandRush|RockSlide,HighHorsepower,IronHead,Protect|Adamant||F|||50|]Sinistcha||SitrusBerry|Hospitality|MatchaGotcha,RagePowder,ShadowBall,Protect|Bold|||||50|]Milotic||Leftovers|Competitive|Scald,IcyWind,IceBeam,Protect|Calm||F|||50|
|showteam|p2|Maushold-Four||ChopleBerry|FriendGuard|SuperFang,Taunt,FollowMe,Protect|Jolly|||||50|]Sinistcha-Masterpiece||SitrusBerry|Hospitality|MatchaGotcha,Imprison,TrickRoom,RagePowder|Bold|||||50|]Incineroar||PasshoBerry|Intimidate|FakeOut,FlareBlitz,DarkestLariat,PartingShot|Careful||F|||50|]Delphox||Delphoxite|Blaze|NastyPlot,HeatWave,Psyshock,Protect|Timid||F|||50|]Mamoswine||FocusSash|Oblivious|IceShard,IcicleCrash,Earthquake,Protect|Adamant||M|||50|]Eelektross||Eelektrossite|Levitate|Thunderbolt,Flamethrower,GrassKnot,Protect|Modest||M|||50|
|inactive|Battle timer is ON: inactive players will automatically lose when time's up. (requested by homerj71)
|inactive|AJojoFamilyMember has 60 seconds left.
|
|t:|1785422615
|teamsize|p1|4
|teamsize|p2|4
|start
|switch|p1a: Tyranitar|Tyranitar, L50, F|100/100
|switch|p1b: Excadrill|Excadrill, L50, F|100/100
|switch|p2a: Incineroar|Incineroar, L50, F|100/100
|switch|p2b: Eelektross|Eelektross, L50, M|100/100
|-weather|Sandstorm|[from] ability: Sand Stream|[of] p1a: Tyranitar
|-ability|p2a: Incineroar|Intimidate|boost
|-unboost|p1a: Tyranitar|atk|1
|-unboost|p1b: Excadrill|atk|1
|turn|1
|
|t:|1785422634
|switch|p1b: Gholdengo|Gholdengo, L50|100/100
|detailschange|p2b: Eelektross|Eelektross-Mega, L50, M
|-mega|p2b: Eelektross|Eelektross|Eelektrossite
|move|p1a: Tyranitar|Protect|p1a: Tyranitar
|-singleturn|p1a: Tyranitar|Protect
|move|p2a: Incineroar|Fake Out|p1b: Gholdengo
|-immune|p1b: Gholdengo
|move|p2b: Eelektross|Grass Knot|p1a: Tyranitar
|-activate|p1a: Tyranitar|move: Protect
|
|-weather|Sandstorm|[upkeep]
|-damage|p2b: Eelektross|94/100|[from] Sandstorm
|-damage|p2a: Incineroar|94/100|[from] Sandstorm
|upkeep
|turn|2
|inactive|AJojoFamilyMember has 30 seconds left.
|
|t:|1785422662
|switch|p1a: Excadrill|Excadrill, L50, F|100/100
|move|p1b: Gholdengo|Protect|p1b: Gholdengo
|-singleturn|p1b: Gholdengo|Protect
|move|p2b: Eelektross|Protect|p2b: Eelektross
|-singleturn|p2b: Eelektross|Protect
|move|p2a: Incineroar|Darkest Lariat|p1b: Gholdengo
|-activate|p1b: Gholdengo|move: Protect
|
|-weather|Sandstorm|[upkeep]
|-damage|p2b: Eelektross|88/100|[from] Sandstorm
|-damage|p2a: Incineroar|88/100|[from] Sandstorm
|upkeep
|turn|3
|inactive|AJojoFamilyMember has 30 seconds left.
|
|t:|1785422695
|move|p1a: Excadrill|High Horsepower|p2a: Incineroar|[miss]
|-miss|p1a: Excadrill|p2a: Incineroar
|move|p1b: Gholdengo|Shadow Ball|p2b: Eelektross
|-damage|p2b: Eelektross|14/100
|-damage|p1b: Gholdengo|90/100|[from] item: Life Orb
|move|p2b: Eelektross|Flamethrower|p1a: Excadrill
|-supereffective|p1a: Excadrill|1
|-enditem|p1a: Excadrill|Focus Sash
|-damage|p1a: Excadrill|1/100
|move|p2a: Incineroar|Flare Blitz|p1b: Gholdengo
|-supereffective|p1b: Gholdengo|1
|-damage|p1b: Gholdengo|0 fnt
|faint|p1b: Gholdengo
|-damage|p2a: Incineroar|63/100|[from] Recoil
|
|-weather|Sandstorm|[upkeep]
|-damage|p2b: Eelektross|8/100|[from] Sandstorm
|-damage|p2a: Incineroar|57/100|[from] Sandstorm
|upkeep
|
|t:|1785422703
|switch|p1b: Tyranitar|Tyranitar, L50, F|100/100
|turn|4
|inactive|AJojoFamilyMember has 30 seconds left.
|
|t:|1785422735
|switch|p2a: Sinistcha|Sinistcha-Masterpiece, L50|100/100
|-heal|p2b: Eelektross|33/100|[from] ability: Hospitality|[of] p2a: Sinistcha
|detailschange|p1b: Tyranitar|Tyranitar-Mega, L50, F
|-mega|p1b: Tyranitar|Tyranitar|Tyranitarite
|move|p1a: Excadrill|High Horsepower|p2a: Sinistcha
|-resisted|p2a: Sinistcha|1
|-damage|p2a: Sinistcha|74/100
|move|p1b: Tyranitar|Rock Slide|p2b: Eelektross|[spread] p2a,p2b
|-damage|p2a: Sinistcha|43/100
|-damage|p2b: Eelektross|0 fnt
|-enditem|p2a: Sinistcha|Sitrus Berry|[eat]
|-heal|p2a: Sinistcha|68/100|[from] item: Sitrus Berry
|faint|p2b: Eelektross
|
|-weather|Sandstorm|[upkeep]
|-damage|p2a: Sinistcha|62/100|[from] Sandstorm
|upkeep
|
|t:|1785422750
|switch|p2b: Incineroar|Incineroar, L50, F|57/100
|-ability|p2b: Incineroar|Intimidate|boost
|-unboost|p1a: Excadrill|atk|1
|-unboost|p1b: Tyranitar|atk|1
|turn|5
|
|t:|1785422773
|move|p2b: Incineroar|Fake Out|p1a: Excadrill
|-resisted|p1a: Excadrill|1
|-damage|p1a: Excadrill|0 fnt
|faint|p1a: Excadrill
|move|p1b: Tyranitar|Knock Off|p2a: Sinistcha
|-supereffective|p2a: Sinistcha|1
|-damage|p2a: Sinistcha|15/100
|move|p2a: Sinistcha|Matcha Gotcha|p1b: Tyranitar
|-supereffective|p1b: Tyranitar|1
|-damage|p1b: Tyranitar|63/100
|-heal|p2a: Sinistcha|34/100|[from] drain|[of] p1b: Tyranitar
|
|-weather|none
|upkeep
|
|t:|1785422778
|switch|p1a: Milotic|Milotic, L50, F|100/100
|turn|6
|inactive|AJojoFamilyMember has 30 seconds left.
|
|t:|1785422809
|move|p1b: Tyranitar|Knock Off|p2a: Sinistcha
|-supereffective|p2a: Sinistcha|1
|-damage|p2a: Sinistcha|0 fnt
|faint|p2a: Sinistcha
|move|p1a: Milotic|Scald|p2b: Incineroar
|-supereffective|p2b: Incineroar|1
|-enditem|p2b: Incineroar|Passho Berry|[eat]
|-enditem|p2b: Incineroar|Passho Berry|[weaken]
|-damage|p2b: Incineroar|35/100
|move|p2b: Incineroar|Darkest Lariat|p1a: Milotic
|-damage|p1a: Milotic|68/100
|
|-heal|p1a: Milotic|74/100|[from] item: Leftovers
|upkeep
|
|t:|1785422812
|switch|p2a: Mamoswine|Mamoswine, L50, M|100/100
|turn|7
|
|t:|1785422827
|move|p2a: Mamoswine|Protect|p2a: Mamoswine
|-singleturn|p2a: Mamoswine|Protect
|move|p1b: Tyranitar|Low Kick|p2a: Mamoswine
|-activate|p2a: Mamoswine|move: Protect
|move|p1a: Milotic|Scald|p2b: Incineroar
|-supereffective|p2b: Incineroar|1
|-damage|p2b: Incineroar|0 fnt
|faint|p2b: Incineroar
|
|-heal|p1a: Milotic|80/100|[from] item: Leftovers
|upkeep
|turn|8
|
|t:|1785422840
|move|p1b: Tyranitar|Low Kick|p2a: Mamoswine
|-supereffective|p2a: Mamoswine|1
|-damage|p2a: Mamoswine|21/100
|move|p2a: Mamoswine|Earthquake|p1a: Milotic|[spread] p1a,p1b
|-supereffective|p1b: Tyranitar|1
|-damage|p1a: Milotic|42/100
|-damage|p1b: Tyranitar|3/100
|move|p1a: Milotic|Scald|p2a: Mamoswine
|-supereffective|p2a: Mamoswine|1
|-damage|p2a: Mamoswine|0 fnt
|faint|p2a: Mamoswine
|
|win|homerj71
|raw|homerj71's rating: 1149 → 1177(+28 for winning)
|raw|AJojoFamilyMember's rating: 1184 → 1156(-28 for losing)
