|j|‽Juaner95
|j|☆ShadowV97
|html|Juaner95ShadowV97    
|uhtml|bestof|Game 3 of a best-of-3
|t:|1783733972
|gametype|doubles
|player|p1|Juaner95|ash-capbackward|1106
|player|p2|ShadowV97|102|1041
|gen|9
|tier|[Gen 9 Champions] VGC 2026 Reg M-B (Bo3)
|rated|
|rule|Species Clause: Limit one of each Pokémon
|rule|Item Clause: Limit 1 of each item
|clearpoke
|poke|p1|Scovillain, L50, M|
|poke|p1|Basculegion, L50, M, shiny|
|poke|p1|Sylveon, L50, F, shiny|
|poke|p1|Garchomp, L50, M|
|poke|p1|Aerodactyl, L50, M|
|poke|p1|Kingambit, L50, M|
|poke|p2|Glaceon, L50, M|
|poke|p2|Falinks, L50|
|poke|p2|Vanilluxe, L50, M|
|poke|p2|Kleavor, L50, F|
|poke|p2|Gholdengo, L50|
|poke|p2|Whimsicott, L50, M|
|teampreview|4
|showteam|p1|Scovillain||Scovillainite|Moody|Overheat,LeechSeed,RagePowder,Protect|Calm||M|||50|]Basculegion||ChoiceScarf|Adaptability|WaveCrash,LastRespects,FlipTurn,AquaJet|Jolly||M|||50|]Sylveon||FairyFeather|Pixilate|HyperVoice,HyperBeam,QuickAttack,Detect|Modest||F|||50|]Garchomp||SitrusBerry|RoughSkin|Earthquake,DragonClaw,PoisonJab,Protect|Adamant||M|||50|]Aerodactyl||Aerodactylite|Unnerve|RockSlide,DualWingbeat,Tailwind,Protect|Jolly||M|||50|]Kingambit||FocusSash|Defiant|KowtowCleave,IronHead,LowKick,SuckerPunch|Adamant||M|||50|
|showteam|p2|Glaceon||BrightPowder|SnowCloak|Blizzard,FreezeDry,IceBeam,Protect|Modest||M|||50|]Falinks||Falinksite|Defiant|NoRetreat,RockSlide,BodyPress,Protect|Impish|||||50|]Vanilluxe||IcyRock|SnowWarning|AuroraVeil,IcyWind,Blizzard,AllySwitch|Calm||M|||50|]Kleavor||ChoiceScarf|Sharpness|StoneAxe,XScissor,NightSlash,CloseCombat|Adamant||F|||50|]Gholdengo||LifeOrb|GoodasGold|NastyPlot,MakeItRain,Protect,ShadowBall|Timid|||||50|]Whimsicott||Leftovers|Prankster|Tailwind,TrickRoom,Encore,LightScreen|Relaxed||M|||50|
|inactive|Battle timer is ON: inactive players will automatically lose when time's up. (requested by ShadowV97)
|inactive|Juaner95 has 60 seconds left.
|inactive|Juaner95 has 30 seconds left.
|inactive|Juaner95 has 20 seconds left.
|inactive|Juaner95 has 15 seconds left.
|inactive|Juaner95 has 10 seconds left.
|inactive|Juaner95 has 5 seconds left.
|
|t:|1783734062
|teamsize|p1|4
|teamsize|p2|4
|start
|switch|p1a: Scovillain|Scovillain, L50, M|100/100
|switch|p1b: Basculegion|Basculegion, L50, M, shiny|100/100
|switch|p2a: Kleavor|Kleavor, L50, F|100/100
|switch|p2b: Whimsicott|Whimsicott, L50, M|100/100
|turn|1
|
|t:|1783734085
|move|p1a: Scovillain|Protect|p1a: Scovillain
|-singleturn|p1a: Scovillain|Protect
|move|p2b: Whimsicott|Tailwind|p2b: Whimsicott
|-sidestart|p2: ShadowV97|move: Tailwind
|move|p2a: Kleavor|Stone Axe|p1a: Scovillain
|-activate|p1a: Scovillain|move: Protect
|move|p1b: Basculegion|Flip Turn|p2a: Kleavor
|-supereffective|p2a: Kleavor|1
|-damage|p2a: Kleavor|2/100
|
|t:|1783734098
|switch|p1b: Sylveon|Sylveon, L50, F, shiny|100/100|[from] Flip Turn
|
|-ability|p1a: Scovillain|Moody|boost
|-boost|p1a: Scovillain|atk|2
|-unboost|p1a: Scovillain|spa|1
|upkeep
|turn|2
|inactive|ShadowV97 has 30 seconds left.
|inactive|ShadowV97 has 20 seconds left.
|inactive|ShadowV97 has 15 seconds left.
|
|t:|1783734142
|detailschange|p1a: Scovillain|Scovillain-Mega, L50, M
|-mega|p1a: Scovillain|Scovillain|Scovillainite
|move|p1a: Scovillain|Rage Powder|p1a: Scovillain
|-singleturn|p1a: Scovillain|move: Rage Powder
|move|p2b: Whimsicott|Light Screen|p2b: Whimsicott
|-sidestart|p2: ShadowV97|move: Light Screen
|move|p2a: Kleavor|Stone Axe|p1a: Scovillain
|-supereffective|p1a: Scovillain|1
|-damage|p1a: Scovillain|0 fnt
|-status|p2a: Kleavor|brn|[from] ability: Spicy Spray|[of] p1a: Scovillain
|-sidestart|p1: Juaner95|move: Stealth Rock
|faint|p1a: Scovillain
|move|p1b: Sylveon|Hyper Voice|p2b: Whimsicott|[spread] p2a,p2b
|-damage|p2a: Kleavor|0 fnt
|-damage|p2b: Whimsicott|57/100
|faint|p2a: Kleavor
|
|-heal|p2b: Whimsicott|63/100|[from] item: Leftovers
|upkeep
|inactive|Juaner95 has 30 seconds left.
|inactive|Juaner95 has 20 seconds left.
|inactive|Juaner95 has 15 seconds left.
|inactive|Juaner95 has 10 seconds left.
|
|t:|1783734189
|switch|p2a: Gholdengo|Gholdengo, L50|100/100
|switch|p1a: Basculegion|Basculegion, L50, M, shiny|100/100
|-damage|p1a: Basculegion|87/100|[from] Stealth Rock
|turn|3
|inactive|ShadowV97 has 30 seconds left.
|inactive|ShadowV97 has 20 seconds left.
|inactive|ShadowV97 has 15 seconds left.
|inactive|ShadowV97 has 10 seconds left.
|
|t:|1783734236
|move|p2b: Whimsicott|Encore|p1b: Sylveon
|-start|p1b: Sylveon|Encore
|move|p2a: Gholdengo|Make It Rain|p1a: Basculegion|[spread] p1a,p1b
|-resisted|p1a: Basculegion|1
|-supereffective|p1b: Sylveon|1
|-damage|p1a: Basculegion|52/100
|-damage|p1b: Sylveon|6/100
|-unboost|p2a: Gholdengo|spa|2
|-damage|p2a: Gholdengo|90/100|[from] item: Life Orb
|move|p1a: Basculegion|Flip Turn|p2a: Gholdengo
|-damage|p2a: Gholdengo|48/100
|
|t:|1783734247
|switch|p1a: Garchomp|Garchomp, L50, M|100/100|[from] Flip Turn
|-damage|p1a: Garchomp|93/100|[from] Stealth Rock
|move|p1b: Sylveon|Hyper Voice|p2a: Gholdengo|[spread] p2a,p2b
|-resisted|p2a: Gholdengo|1
|-damage|p2a: Gholdengo|29/100
|-damage|p2b: Whimsicott|18/100
|
|-heal|p2b: Whimsicott|24/100|[from] item: Leftovers
|upkeep
|turn|4
|inactive|ShadowV97 has 30 seconds left.
|inactive|ShadowV97 has 20 seconds left.
|inactive|ShadowV97 has 15 seconds left.
|inactive|ShadowV97 has 10 seconds left.
|
|t:|1783734296
|move|p1a: Garchomp|Protect|p1a: Garchomp
|-singleturn|p1a: Garchomp|Protect
|move|p2b: Whimsicott|Encore|p1a: Garchomp
|-activate|p1a: Garchomp|move: Protect
|move|p2a: Gholdengo|Make It Rain|p1b: Sylveon|[spread] p1b
|-activate|p1a: Garchomp|move: Protect
|-supereffective|p1b: Sylveon|1
|-damage|p1b: Sylveon|0 fnt
|-unboost|p2a: Gholdengo|spa|2
|faint|p1b: Sylveon
|-damage|p2a: Gholdengo|20/100y|[from] item: Life Orb
|
|-heal|p2b: Whimsicott|30/100|[from] item: Leftovers
|-sideend|p2: ShadowV97|move: Tailwind
|upkeep
|
|t:|1783734303
|switch|p1b: Basculegion|Basculegion, L50, M, shiny|52/100
|-damage|p1b: Basculegion|40/100|[from] Stealth Rock
|turn|5
|
|t:|1783734317
|switch|p2a: Falinks|Falinks, L50|100/100
|move|p2b: Whimsicott|Encore|p1a: Garchomp
|-start|p1a: Garchomp|Encore
|move|p1a: Garchomp|Protect|p1a: Garchomp
|-singleturn|p1a: Garchomp|Protect
|move|p1b: Basculegion|Last Respects|p2a: Falinks
|-damage|p2a: Falinks|22/100
|
|-heal|p2b: Whimsicott|36/100|[from] item: Leftovers
|upkeep
|turn|6
|inactive|ShadowV97 has 30 seconds left.
|
|t:|1783734344
|detailschange|p2a: Falinks|Falinks-Mega, L50
|-mega|p2a: Falinks|Falinks|Falinksite
|move|p1a: Garchomp|Protect||[still]
|-fail|p1a: Garchomp
|move|p2b: Whimsicott|Tailwind|p2b: Whimsicott
|-sidestart|p2: ShadowV97|move: Tailwind
|move|p2a: Falinks|Rock Slide|p1a: Garchomp|[spread] p1a,p1b
|-resisted|p1a: Garchomp|1
|-damage|p1a: Garchomp|86/100
|-damage|p1b: Basculegion|17/100
|move|p1b: Basculegion|Last Respects|p2a: Falinks
|-damage|p2a: Falinks|0 fnt
|faint|p2a: Falinks
|
|-heal|p2b: Whimsicott|42/100|[from] item: Leftovers
|-sideend|p2: ShadowV97|move: Light Screen
|upkeep
|
|t:|1783734362
|switch|p2a: Gholdengo|Gholdengo, L50|20/100y
|turn|7
|
|t:|1783734381
|move|p1a: Garchomp|Protect|p1a: Garchomp
|-singleturn|p1a: Garchomp|Protect
|move|p2b: Whimsicott|Light Screen|p2b: Whimsicott
|-sidestart|p2: ShadowV97|move: Light Screen
|move|p2a: Gholdengo|Shadow Ball|p1b: Basculegion
|-supereffective|p1b: Basculegion|1
|-damage|p1b: Basculegion|0 fnt
|faint|p1b: Basculegion
|-damage|p2a: Gholdengo|10/100|[from] item: Life Orb
|
|-heal|p2b: Whimsicott|48/100|[from] item: Leftovers
|-end|p1a: Garchomp|Encore
|upkeep
|turn|8
|
|t:|1783734399
|move|p2b: Whimsicott|Encore|p1a: Garchomp
|-start|p1a: Garchomp|Encore
|move|p1a: Garchomp|Protect||[still]
|-fail|p1a: Garchomp
|move|p2a: Gholdengo|Shadow Ball|p1a: Garchomp
|-damage|p1a: Garchomp|35/100
|-enditem|p1a: Garchomp|Sitrus Berry|[eat]
|-heal|p1a: Garchomp|60/100|[from] item: Sitrus Berry
|-damage|p2a: Gholdengo|1/100|[from] item: Life Orb
|
|-heal|p2b: Whimsicott|54/100|[from] item: Leftovers
|upkeep
|turn|9
|
|t:|1783734420
|move|p1a: Garchomp|Protect|p1a: Garchomp
|-singleturn|p1a: Garchomp|Protect
|move|p2b: Whimsicott|Encore|p1a: Garchomp
|-activate|p1a: Garchomp|move: Protect
|move|p2a: Gholdengo|Shadow Ball|p1a: Garchomp
|-activate|p1a: Garchomp|move: Protect
|
|-heal|p2b: Whimsicott|60/100|[from] item: Leftovers
|-sideend|p2: ShadowV97|move: Tailwind
|upkeep
|turn|10
|inactive|Juaner95 has 30 seconds left.
|inactive|Juaner95 has 20 seconds left.
|inactive|Juaner95 has 15 seconds left.
|inactive|Juaner95 has 10 seconds left.
|inactive|Juaner95 has 5 seconds left.
|
|t:|1783734475
|move|p1a: Garchomp|Protect||[still]
|-fail|p1a: Garchomp
|move|p2b: Whimsicott|Light Screen||[still]
|-fail|p2b: Whimsicott
|move|p2a: Gholdengo|Shadow Ball|p1a: Garchomp
|-damage|p1a: Garchomp|9/100
|-unboost|p1a: Garchomp|spd|1
|-damage|p2a: Gholdengo|0 fnt|[from] item: Life Orb
|faint|p2a: Gholdengo
|
|-heal|p2b: Whimsicott|66/100|[from] item: Leftovers
|-end|p1a: Garchomp|Encore
|upkeep
|turn|11
|inactive|Juaner95 has 30 seconds left.
|inactive|ShadowV97 has 30 seconds left.
|inactive|Juaner95 has 20 seconds left.
|inactive|Juaner95 has 15 seconds left.
|inactive|Juaner95 has 10 seconds left.
|inactive|Juaner95 has 5 seconds left.
|
|t:|1783734530
|move|p2b: Whimsicott|Encore|p1a: Garchomp
|-start|p1a: Garchomp|Encore
|move|p1a: Garchomp|Protect||[still]
|-fail|p1a: Garchomp
|
|-heal|p2b: Whimsicott|72/100|[from] item: Leftovers
|-end|p1a: Garchomp|Encore
|-sideend|p2: ShadowV97|move: Light Screen
|upkeep
|turn|12
|inactive|Juaner95 has 30 seconds left.
|inactive|Juaner95 has 20 seconds left.
|inactive|Juaner95 has 15 seconds left.
|inactive|Juaner95 has 10 seconds left.
|inactive|Juaner95 has 5 seconds left.
|
|t:|1783734585
|move|p2b: Whimsicott|Tailwind|p2b: Whimsicott
|-sidestart|p2: ShadowV97|move: Tailwind
|move|p1a: Garchomp|Earthquake|p2b: Whimsicott
|-resisted|p2b: Whimsicott|1
|-damage|p2b: Whimsicott|49/100
|
|-heal|p2b: Whimsicott|55/100|[from] item: Leftovers
|upkeep
|turn|13
|inactive|Juaner95 has 30 seconds left.
|inactive|ShadowV97 has 30 seconds left.
|inactive|Juaner95 has 20 seconds left.
|inactive|Juaner95 has 15 seconds left.
|inactive|Juaner95 has 10 seconds left.
|inactive|Juaner95 has 5 seconds left.
|
|t:|1783734640
|move|p2b: Whimsicott|Encore|p1a: Garchomp
|-start|p1a: Garchomp|Encore
|move|p1a: Garchomp|Earthquake|p2b: Whimsicott
|-resisted|p2b: Whimsicott|1
|-damage|p2b: Whimsicott|31/100
|
|-heal|p2b: Whimsicott|37/100|[from] item: Leftovers
|upkeep
|turn|14
|
|t:|1783734659
|move|p2b: Whimsicott|Tailwind||[still]
|-fail|p2b: Whimsicott
|move|p1a: Garchomp|Earthquake|p2b: Whimsicott
|-resisted|p2b: Whimsicott|1
|-crit|p2b: Whimsicott
|-damage|p2b: Whimsicott|2/100
|
|-heal|p2b: Whimsicott|8/100|[from] item: Leftovers
|upkeep
|turn|15
|
|t:|1783734678
|move|p2b: Whimsicott|Light Screen|p2b: Whimsicott
|-sidestart|p2: ShadowV97|move: Light Screen
|move|p1a: Garchomp|Earthquake|p2b: Whimsicott
|-resisted|p2b: Whimsicott|1
|-damage|p2b: Whimsicott|0 fnt
|faint|p2b: Whimsicott
|
|win|Juaner95
|raw|Juaner95's rating: 1106 → 1126(+20 for winning)
|raw|ShadowV97's rating: 1041 → 1028(-13 for losing)
|l|☆ShadowV97
|player|p2|
