|j|☆OreXis945
|j|☆Yokikies
|html|OreXis945Yokikies    
|uhtml|bestof|Game 2 of a best-of-3
|t:|1756670425
|gametype|doubles
|player|p1|OreXis945|101|1000
|player|p2|Yokikies|whitney|1054
|gen|9
|tier|[Gen 9] VGC 2025 Reg H (Bo3)
|rated|
|rule|Species Clause: Limit one of each Pokémon
|rule|Item Clause: Limit 1 of each item
|clearpoke
|poke|p1|Archaludon, L50, F|
|poke|p1|Sinistcha-Masterpiece, L50|
|poke|p1|Dragonite, L50, M|
|poke|p1|Pelipper, L50, M|
|poke|p1|Ursaluna, L50, F|
|poke|p1|Gholdengo, L50|
|poke|p2|Incineroar, L50, M|
|poke|p2|Ursaluna, L50, M|
|poke|p2|Murkrow, L50, F|
|poke|p2|Gholdengo, L50|
|poke|p2|Flamigo, L50, M|
|poke|p2|Gardevoir, L50, F|
|teampreview|4
|showteam|p1|Archaludon||AssaultVest|Stamina|BodyPress,Snarl,ElectroShot,FlashCannon|||F|||50|,,,,,Fighting]Sinistcha-Masterpiece||SitrusBerry|Hospitality|MatchaGotcha,RagePowder,TrickRoom,LifeDew||||||50|,,,,,Dark]Dragonite||LoadedDice|Multiscale|ScaleShot,Protect,Tailwind,Haze|||M|||50|,,,,,Steel]Pelipper||FocusSash|Drizzle|MuddyWater,Hurricane,Tailwind,Protect|||M|||50|,,,,,Ghost]Ursaluna||FlameOrb|Guts|Facade,HeadlongRush,Earthquake,Protect|||F|||50|,,,,,Ghost]Gholdengo||ChoiceScarf|GoodasGold|MakeItRain,TeraBlast,ShadowBall,Trick||||||50|,,,,,Water
|showteam|p2|Incineroar||CovertCloak|Intimidate|FakeOut,KnockOff,PartingShot,FlareBlitz|||M|||50|,,,,,Bug]Ursaluna||FlameOrb|Guts|Protect,Facade,HeadlongRush,Earthquake|||M|||50|,,,,,Ghost]Murkrow||Eviolite|Prankster|Tailwind,Haze,Protect,FoulPlay|||F|||50|,,,,,Dark]Gholdengo||LifeOrb|GoodasGold|MakeItRain,ShadowBall,Protect,NastyPlot||||||50|,,,,,Water]Flamigo||ExpertBelt|Scrappy|Detect,CloseCombat,BraveBird,Taunt|||M|||50|,,,,,Stellar]Gardevoir||ChoiceSpecs|Synchronize|Moonblast,DazzlingGleam,Psychic,MysticalFire|||F|||50|,,,,,Fairy
|
|t:|1756670472
|teamsize|p1|4
|teamsize|p2|4
|start
|switch|p1a: Pelipper|Pelipper, L50, M|100/100
|switch|p1b: Archaludon|Archaludon, L50, F|100/100
|switch|p2a: Murkrow|Murkrow, L50, F, shiny|100/100
|switch|p2b: King Killer|Flamigo, L50, M|100/100
|-weather|RainDance|[from] ability: Drizzle|[of] p1a: Pelipper
|turn|1
|inactive|Battle timer is ON: inactive players will automatically lose when time's up. (requested by Yokikies)
|
|t:|1756670490
|-terastallize|p1b: Archaludon|Fighting
|move|p2b: King Killer|Detect|p2b: King Killer
|-singleturn|p2b: King Killer|Protect
|move|p2a: Murkrow|Tailwind|p2a: Murkrow
|-sidestart|p2: Yokikies|move: Tailwind
|move|p1a: Pelipper|Tailwind|p1a: Pelipper
|-sidestart|p1: OreXis945|move: Tailwind
|move|p1b: Archaludon|Electro Shot||[still]
|-prepare|p1b: Archaludon|Electro Shot
|-boost|p1b: Archaludon|spa|1
|-anim|p1b: Archaludon|Electro Shot|p2b: King Killer
|-activate|p2b: King Killer|move: Protect
|
|-weather|RainDance|[upkeep]
|upkeep
|turn|2
|
|t:|1756670514
|move|p2b: King Killer|Brave Bird|p1b: Archaludon
|-supereffective|p1b: Archaludon
|-damage|p1b: Archaludon|13/100
|-ability|p1b: Archaludon|Stamina|boost
|-boost|p1b: Archaludon|def|1
|-damage|p2b: King Killer|65/100|[from] Recoil
|move|p1a: Pelipper|Hurricane|p2b: King Killer
|-supereffective|p2b: King Killer
|-damage|p2b: King Killer|0 fnt
|faint|p2b: King Killer
|move|p2a: Murkrow|Foul Play|p1a: Pelipper
|-damage|p1a: Pelipper|83/100
|move|p1b: Archaludon|Electro Shot||[still]
|-prepare|p1b: Archaludon|Electro Shot
|-boost|p1b: Archaludon|spa|1
|-anim|p1b: Archaludon|Electro Shot|p2a: Murkrow
|-supereffective|p2a: Murkrow
|-damage|p2a: Murkrow|0 fnt
|faint|p2a: Murkrow
|
|-weather|RainDance|[upkeep]
|upkeep
|
|t:|1756670524
|switch|p2b: Ursaluna|Ursaluna, L50, M|100/100
|switch|p2a: Gardevoir|Gardevoir, L50, F, shiny|100/100
|turn|3
|
|t:|1756670539
|-terastallize|p2a: Gardevoir|Fairy
|move|p2b: Ursaluna|Protect|p2b: Ursaluna
|-singleturn|p2b: Ursaluna|Protect
|move|p1a: Pelipper|Muddy Water|p2b: Ursaluna|[spread] p2a
|-activate|p2b: Ursaluna|move: Protect
|-damage|p2a: Gardevoir|47/100
|-unboost|p2a: Gardevoir|accuracy|1
|move|p2a: Gardevoir|Dazzling Gleam|p1a: Pelipper|[spread] p1a,p1b
|-supereffective|p1b: Archaludon
|-damage|p1a: Pelipper|0 fnt
|-damage|p1b: Archaludon|0 fnt
|faint|p1a: Pelipper
|faint|p1b: Archaludon
|
|-weather|RainDance|[upkeep]
|-status|p2b: Ursaluna|brn|[from] item: Flame Orb
|upkeep
|
|t:|1756670545
|switch|p1a: Ursaluna|Ursaluna, L50, F|100/100
|switch|p1b: Gholdengo|Gholdengo, L50|100/100
|turn|4
|inactive|Yokikies has 30 seconds left.
|
|t:|1756670571
|move|p1b: Gholdengo|Make It Rain|p2a: Gardevoir|[spread] p2a,p2b
|-supereffective|p2a: Gardevoir
|-damage|p2a: Gardevoir|0 fnt
|-damage|p2b: Ursaluna|52/100 brn
|-unboost|p1b: Gholdengo|spa|1
|faint|p2a: Gardevoir
|move|p1a: Ursaluna|Facade|p2b: Ursaluna
|-damage|p2b: Ursaluna|16/100 brn
|move|p2b: Ursaluna|Facade|p1a: Ursaluna
|-damage|p1a: Ursaluna|3/100
|
|-weather|RainDance|[upkeep]
|-damage|p2b: Ursaluna|10/100 brn|[from] brn
|-sideend|p1: OreXis945|move: Tailwind
|-sideend|p2: Yokikies|move: Tailwind
|-status|p1a: Ursaluna|brn|[from] item: Flame Orb
|upkeep
|turn|5
|
|t:|1756670585
|move|p1b: Gholdengo|Make It Rain|p2b: Ursaluna
|-damage|p2b: Ursaluna|0 fnt
|-unboost|p1b: Gholdengo|spa|1
|faint|p2b: Ursaluna
|
|win|OreXis945
|raw|OreXis945's rating: 1000 → 1046(+46 for winning)
|raw|Yokikies's rating: 1054 → 1033(-21 for losing)
|l|☆Yokikies
|player|p2|
