|j|☆HalcyonJon
|j|☆Truevillany123
|html|HalcyonJonTruevillany123    
|uhtml|bestof|Game 3 of a best-of-3
|t:|1757712182
|gametype|doubles
|player|p1|HalcyonJon|pokemonbreeder|1088
|player|p2|Truevillany123|1|1081
|gen|9
|tier|[Gen 9] VGC 2025 Reg H (Bo3)
|rated|
|rule|Species Clause: Limit one of each Pokémon
|rule|Item Clause: Limit 1 of each item
|clearpoke
|poke|p1|Comfey, L50, F|
|poke|p1|Magmar, L50, M|
|poke|p1|Primarina, L50, F|
|poke|p1|Sneasler, L50, M|
|poke|p1|Rillaboom, L50, M|
|poke|p1|Hydreigon, L50, M|
|poke|p2|Dragonite, L50, M|
|poke|p2|Ursaluna-Bloodmoon, L50, M|
|poke|p2|Gholdengo, L50|
|poke|p2|Annihilape, L50, M|
|poke|p2|Ninetales-Alola, L50, F|
|poke|p2|Rillaboom, L50, F|
|teampreview|4
|showteam|p1|Comfey||MentalHerb|Triage|DrainingKiss,FloralHealing,Tailwind,Protect|||F|||50|,,,,,Steel]Magmar||Eviolite|VitalSpirit|Overheat,ClearSmog,HelpingHand,FollowMe|||M|||50|,,,,,Water]Primarina||RoomService|LiquidVoice|Moonblast,HyperVoice,SparklingAria,Protect|||F|||50|,,,,,Steel]Sneasler||GrassySeed|Unburden|CloseCombat,DireClaw,SludgeWave,Protect|||M|||50|,,,,,Dark]Rillaboom||WeaknessPolicy|GrassySurge|WoodHammer,GrassyGlide,HighHorsepower,Protect|||M|||50|,,,,,Dark]Hydreigon||ThroatSpray|Levitate|DragonPulse,Snarl,HeatWave,Protect|||M|||50|,,,,,Fire
|showteam|p2|Dragonite||LoadedDice|Multiscale|ScaleShot,Protect,Haze,Tailwind|||M|||50|,,,,,Fairy]Ursaluna-Bloodmoon||LifeOrb|MindsEye|BloodMoon,HyperVoice,EarthPower,Protect|||M|||50|,,,,,Normal]Gholdengo||ChoiceSpecs|GoodasGold|MakeItRain,ShadowBall,PowerGem,Trick||||||50|,,,,,Steel]Annihilape||SitrusBerry|Defiant|DrainPunch,RageFist,Protect,BulkUp|||M|||50|,,,,,Fire]Ninetales-Alola||FocusSash|SnowWarning|FreezeDry,AuroraVeil,Encore,IcicleSpear|||F|||50|,,,,,Ghost]Rillaboom||AssaultVest|GrassySurge|FakeOut,WoodHammer,HighHorsepower,Uturn|||F|||50|,,,,,Fire
|
|t:|1757712228
|teamsize|p1|4
|teamsize|p2|4
|start
|switch|p1a: Hydreigon|Hydreigon, L50, M|100/100
|switch|p1b: Primarina|Primarina, L50, F|100/100
|switch|p2a: Gholdengo|Gholdengo, L50|100/100
|switch|p2b: Dragonite|Dragonite, L50, M, shiny|100/100
|turn|1
|
|t:|1757712256
|-terastallize|p1a: Hydreigon|Fire
|-terastallize|p2a: Gholdengo|Steel
|move|p1a: Hydreigon|Snarl|p2a: Gholdengo|[spread] p2a,p2b
|-damage|p2a: Gholdengo|75/100
|-damage|p2b: Dragonite|89/100
|-unboost|p2a: Gholdengo|spa|1
|-unboost|p2b: Dragonite|spa|1
|-enditem|p1a: Hydreigon|Throat Spray
|-boost|p1a: Hydreigon|spa|1|[from] item: Throat Spray
|move|p2a: Gholdengo|Make It Rain|p1b: Primarina|[spread] p1a,p1b
|-resisted|p1a: Hydreigon
|-damage|p1a: Hydreigon|63/100
|-damage|p1b: Primarina|45/100
|-unboost|p2a: Gholdengo|spa|1
|move|p2b: Dragonite|Tailwind|p2b: Dragonite
|-sidestart|p2: Truevillany123|move: Tailwind
|move|p1b: Primarina|Moonblast|p2b: Dragonite
|-supereffective|p2b: Dragonite
|-damage|p2b: Dragonite|0 fnt
|faint|p2b: Dragonite
|
|upkeep
|
|t:|1757712271
|switch|p2b: Annihilape|Annihilape, L50, M|100/100
|turn|2
|
|t:|1757712289
|move|p2b: Annihilape|Rage Fist|p1b: Primarina
|-damage|p1b: Primarina|21/100
|move|p2a: Gholdengo|Make It Rain|p1b: Primarina|[spread] p1a,p1b
|-resisted|p1a: Hydreigon
|-damage|p1a: Hydreigon|35/100
|-damage|p1b: Primarina|0 fnt
|-unboost|p2a: Gholdengo|spa|1
|faint|p1b: Primarina
|move|p1a: Hydreigon|Heat Wave|p2a: Gholdengo|[spread] p2a,p2b
|-supereffective|p2a: Gholdengo
|-damage|p2a: Gholdengo|0 fnt
|-damage|p2b: Annihilape|50/100
|-enditem|p2b: Annihilape|Sitrus Berry|[eat]
|-heal|p2b: Annihilape|75/100|[from] item: Sitrus Berry
|faint|p2a: Gholdengo
|
|upkeep
|
|t:|1757712307
|switch|p2a: Ninetales|Ninetales-Alola, L50, F|100/100
|switch|p1b: Magmar|Magmar, L50, M|100/100
|-weather|Snowscape|[from] ability: Snow Warning|[of] p2a: Ninetales
|turn|3
|
|t:|1757712328
|move|p1b: Magmar|Follow Me|p1b: Magmar
|-singleturn|p1b: Magmar|move: Follow Me
|move|p2a: Ninetales|Encore|p1b: Magmar
|-start|p1b: Magmar|Encore
|move|p2b: Annihilape|Rage Fist|p1b: Magmar
|-damage|p1b: Magmar|70/100
|move|p1a: Hydreigon|Dragon Pulse|p2b: Annihilape
|-damage|p2b: Annihilape|11/100
|
|-weather|Snowscape|[upkeep]
|upkeep
|turn|4
|
|t:|1757712342
|move|p1b: Magmar|Follow Me|p1b: Magmar
|-singleturn|p1b: Magmar|move: Follow Me
|move|p2a: Ninetales|Aurora Veil|p2a: Ninetales
|-sidestart|p2: Truevillany123|move: Aurora Veil
|move|p2b: Annihilape|Drain Punch|p1b: Magmar
|-damage|p1b: Magmar|46/100
|-heal|p2b: Annihilape|21/100|[from] drain|[of] p1b: Magmar
|move|p1a: Hydreigon|Heat Wave|p2b: Annihilape|[spread] p2a,p2b
|-supereffective|p2a: Ninetales
|-damage|p2a: Ninetales|19/100
|-damage|p2b: Annihilape|0 fnt
|faint|p2b: Annihilape
|
|-weather|Snowscape|[upkeep]
|-sideend|p2: Truevillany123|move: Tailwind
|upkeep
|turn|5
|c|☆Truevillany123|gg fuck]
|c|☆Truevillany123|hjgb
|
|t:|1757712359
|move|p1b: Magmar|Follow Me|p1b: Magmar
|-singleturn|p1b: Magmar|move: Follow Me
|move|p2a: Ninetales|Freeze-Dry|p1b: Magmar
|-resisted|p1b: Magmar
|-damage|p1b: Magmar|36/100
|move|p1a: Hydreigon|Heat Wave|p2a: Ninetales
|-supereffective|p2a: Ninetales
|-damage|p2a: Ninetales|0 fnt
|faint|p2a: Ninetales
|
|win|HalcyonJon
|raw|HalcyonJon's rating: 1088 → 1114(+26 for winning)
|raw|Truevillany123's rating: 1081 → 1059(-22 for losing)
