|j|☆Clintoap
|j|☆KarmaPoliceVGC
|html|ClintoapKarmaPoliceVGC    
|uhtml|bestof|Game 1 of a best-of-3
|t:|1757810611
|gametype|doubles
|player|p1|Clintoap|170|1114
|player|p2|KarmaPoliceVGC|scientist-gen4|1086
|gen|9
|tier|[Gen 9] VGC 2025 Reg H (Bo3)
|rated|
|rule|Species Clause: Limit one of each Pokémon
|rule|Item Clause: Limit 1 of each item
|clearpoke
|poke|p1|Whimsicott, L50, F|
|poke|p1|Umbreon, L50, M|
|poke|p1|Annihilape, L50, F|
|poke|p1|Rotom-Heat, L50|
|poke|p1|Gholdengo, L50|
|poke|p1|Gastrodon, L50, M|
|poke|p2|Garchomp, L50, M|
|poke|p2|Murkrow, L50, M|
|poke|p2|Bellossom, L50, M|
|poke|p2|Oricorio-Pom-Pom, L50, M|
|poke|p2|Ninetales-Alola, L50, M|
|poke|p2|Volcarona, L50, F|
|teampreview|4
|showteam|p1|Whimsicott||FocusSash|Prankster|Moonblast,Tailwind,Protect,Encore|||F|||50|,,,,,Ghost]Umbreon||Leftovers|InnerFocus|FoulPlay,Snarl,Taunt,ThunderWave|||M|||50|,,,,,Ghost]Annihilape||SafetyGoggles|Defiant|Protect,BulkUp,DrainPunch,RageFist|||F|||50|,,,,,Fire]Rotom-Heat||SitrusBerry|Levitate|WillOWisp,Overheat,Thunderbolt,Protect||||||50|,,,,,Electric]Gholdengo||LifeOrb|GoodasGold|MakeItRain,ShadowBall,Protect,NastyPlot||||||50|,,,,,Water]Gastrodon||CovertCloak|StormDrain|Protect,EarthPower,Recover,MuddyWater|||M|||50|,,,,,Steel
|showteam|p2|Garchomp||ChoiceScarf|RoughSkin|Earthquake,Outrage,RockSlide,StompingTantrum|||M|||50|,,,,,Ground]Murkrow||Eviolite|Prankster|Protect,Tailwind,FeatherDance,FoulPlay|||M|||50|,,,,,Ghost]Bellossom||KebiaBerry|Healer|Protect,SleepPowder,QuiverDance,PetalDance|||M|||50|,,,,,Ghost]Oricorio-Pom-Pom||SitrusBerry|Dancer|Protect,QuiverDance,RevelationDance,AirSlash|||M|||50|,,,,,Ghost]Ninetales-Alola||LightClay|SnowWarning|AuroraVeil,Encore,Blizzard,Moonblast|||M|||50|,,,,,Ice]Volcarona||Leftovers|FlameBody|Protect,QuiverDance,FieryDance,GigaDrain|||F|||50|,,,,,Grass
|inactive|Battle timer is ON: inactive players will automatically lose when time's up. (requested by Clintoap)
|inactive|Clintoap has 60 seconds left.
|inactive|KarmaPoliceVGC has 60 seconds left.
|inactive|KarmaPoliceVGC has 30 seconds left.
|inactive|KarmaPoliceVGC has 20 seconds left.
|inactive|KarmaPoliceVGC has 15 seconds left.
|inactive|KarmaPoliceVGC has 10 seconds left.
|inactive|KarmaPoliceVGC has 5 seconds left.
|
|t:|1757810701
|teamsize|p1|4
|teamsize|p2|4
|start
|switch|p1a: Whimsicott|Whimsicott, L50, F|100/100
|switch|p1b: Umbreon|Umbreon, L50, M|100/100
|switch|p2a: Ninetales|Ninetales-Alola, L50, M|100/100
|switch|p2b: Oricorio|Oricorio-Pom-Pom, L50, M|100/100
|-weather|Snowscape|[from] ability: Snow Warning|[of] p2a: Ninetales
|turn|1
|
|t:|1757810722
|move|p1a: Whimsicott|Tailwind|p1a: Whimsicott
|-sidestart|p1: Clintoap|move: Tailwind
|move|p2a: Ninetales|Aurora Veil|p2a: Ninetales
|-sidestart|p2: KarmaPoliceVGC|move: Aurora Veil
|move|p1b: Umbreon|Snarl|p2a: Ninetales|[spread] p2a
|-miss|p1b: Umbreon|p2b: Oricorio
|-resisted|p2a: Ninetales
|-damage|p2a: Ninetales|97/100
|-unboost|p2a: Ninetales|spa|1
|move|p2b: Oricorio|Air Slash|p1a: Whimsicott
|-supereffective|p1a: Whimsicott
|-damage|p1a: Whimsicott|2/100
|
|-weather|Snowscape|[upkeep]
|upkeep
|turn|2
|inactive|KarmaPoliceVGC has 30 seconds left.
|
|t:|1757810753
|switch|p2a: Bellossom|Bellossom, L50, M|100/100
|move|p1a: Whimsicott|Encore||[still]
|-fail|p1a: Whimsicott
|move|p1b: Umbreon|Snarl|p2a: Bellossom|[spread] p2a,p2b
|-damage|p2a: Bellossom|94/100
|-damage|p2b: Oricorio|92/100
|-unboost|p2a: Bellossom|spa|1
|-unboost|p2b: Oricorio|spa|1
|move|p2b: Oricorio|Quiver Dance|p2b: Oricorio
|-boost|p2b: Oricorio|spa|1
|-boost|p2b: Oricorio|spd|1
|-boost|p2b: Oricorio|spe|1
|
|-weather|Snowscape|[upkeep]
|upkeep
|turn|3
|inactive|Clintoap has 30 seconds left.
|
|t:|1757810779
|move|p2b: Oricorio|Protect|p2b: Oricorio
|-singleturn|p2b: Oricorio|Protect
|move|p1a: Whimsicott|Encore|p2b: Oricorio
|-activate|p2b: Oricorio|move: Protect
|move|p1b: Umbreon|Taunt|p2a: Bellossom
|-start|p2a: Bellossom|move: Taunt
|move|p2a: Bellossom|Petal Dance|p1b: Umbreon
|-damage|p1b: Umbreon|84/100
|-activate|p2b: Oricorio|ability: Dancer
|move|p2b: Oricorio|Petal Dance|p1a: Whimsicott|[from] ability: Dancer
|-resisted|p1a: Whimsicott
|-damage|p1a: Whimsicott|0 fnt
|faint|p1a: Whimsicott
|
|-weather|Snowscape|[upkeep]
|-heal|p1b: Umbreon|90/100|[from] item: Leftovers
|upkeep
|
|t:|1757810801
|switch|p1a: Annihilape|Annihilape, L50, F|100/100
|turn|4
|
|t:|1757810814
|-terastallize|p1a: Annihilape|Fire
|move|p1a: Annihilape|Bulk Up|p1a: Annihilape
|-boost|p1a: Annihilape|atk|1
|-boost|p1a: Annihilape|def|1
|move|p2b: Oricorio|Quiver Dance|p2b: Oricorio
|-boost|p2b: Oricorio|spa|1
|-boost|p2b: Oricorio|spd|1
|-boost|p2b: Oricorio|spe|1
|move|p1b: Umbreon|Taunt|p2b: Oricorio
|-start|p2b: Oricorio|move: Taunt
|move|p2a: Bellossom|Petal Dance|p1b: Umbreon|[from] lockedmove
|-damage|p1b: Umbreon|76/100
|-start|p2a: Bellossom|confusion|[fatigue]
|-activate|p2b: Oricorio|ability: Dancer
|move|p2b: Oricorio|Petal Dance|p1b: Umbreon|[from] ability: Dancer
|-damage|p1b: Umbreon|50/100
|
|-weather|Snowscape|[upkeep]
|-heal|p1b: Umbreon|56/100|[from] item: Leftovers
|-sideend|p1: Clintoap|move: Tailwind
|upkeep
|turn|5
|inactive|KarmaPoliceVGC has 30 seconds left.
|
|t:|1757810847
|switch|p2a: Volcarona|Volcarona, L50, F|100/100
|move|p2b: Oricorio|Revelation Dance|p1a: Annihilape
|-damage|p1a: Annihilape|50/100
|move|p1a: Annihilape|Rage Fist|p2b: Oricorio
|-damage|p2b: Oricorio|30/100
|-enditem|p2b: Oricorio|Sitrus Berry|[eat]
|-heal|p2b: Oricorio|55/100|[from] item: Sitrus Berry
|move|p1b: Umbreon|Foul Play|p2b: Oricorio
|-damage|p2b: Oricorio|41/100
|
|-weather|none
|-heal|p1b: Umbreon|62/100|[from] item: Leftovers
|upkeep
|turn|6
|-message|Clintoap forfeited.
|raw|Clintoap's rating: 1114 → 1087(-27 for losing)
|raw|KarmaPoliceVGC's rating: 1086 → 1115(+29 for winning)
|
|win|KarmaPoliceVGC
|l|☆Clintoap
|player|p1|
|l|☆KarmaPoliceVGC
|player|p2|
