|j|☆TailwindMakeItRain
|j|☆Recadeco
|html|TailwindMakeItRainRecadeco    
|uhtml|bestof|Game 2 of a best-of-3
|t:|1755435836
|gametype|doubles
|player|p1|TailwindMakeItRain|iris|1440
|player|p2|Recadeco|lucas|1521
|gen|9
|tier|[Gen 9] VGC 2025 Reg H (Bo3)
|rated|
|rule|Species Clause: Limit one of each Pokémon
|rule|Item Clause: Limit 1 of each item
|clearpoke
|poke|p1|Gholdengo, L50|
|poke|p1|Incineroar, L50, M|
|poke|p1|Amoonguss, L50, M|
|poke|p1|Sneasler, L50, M|
|poke|p1|Dragonite, L50, F|
|poke|p1|Ursaluna-Bloodmoon, L50, M|
|poke|p2|Kingambit, L50, M|
|poke|p2|Maushold-Four, L50|
|poke|p2|Talonflame, L50, M|
|poke|p2|Primarina, L50, F|
|poke|p2|Rillaboom, L50, F|
|poke|p2|Gholdengo, L50|
|teampreview|4
|showteam|p1|Gholdengo||LifeOrb|GoodasGold|MakeItRain,ShadowBall,NastyPlot,Protect||||||50|,,,,,Water]Incineroar||SafetyGoggles|Intimidate|PartingShot,FlareBlitz,KnockOff,FakeOut|||M|||50|,,,,,Ghost]Amoonguss||CovertCloak|Regenerator|Spore,RagePowder,PollenPuff,Protect|||M|||50|,,,,,Fairy]Sneasler||FocusSash|Unburden|DireClaw,CloseCombat,ThroatChop,Protect|||M|||50|,,,,,Stellar]Dragonite||LoadedDice|Multiscale|ScaleShot,Tailwind,Haze,Protect|||F|||50|,,,,,Fairy]Ursaluna-Bloodmoon||AssaultVest|MindsEye|BloodMoon,EarthPower,HyperVoice,VacuumWave|||M|||50|,,,,,Normal
|showteam|p2|Kingambit||BlackGlasses|Defiant|KowtowCleave,SuckerPunch,SwordsDance,Protect|||M|||50|,,,,,Dark]Maushold-Four||SafetyGoggles|FriendGuard|SuperFang,HelpingHand,FollowMe,Taunt||||||50|,,,,,Ghost]Talonflame||CovertCloak|GaleWings|BraveBird,FlareBlitz,WillOWisp,Tailwind|||M|||50|,,,,,Stellar]Primarina||LifeOrb|LiquidVoice|HyperVoice,Moonblast,Haze,Protect|||F|||50|,,,,,Poison]Rillaboom||AssaultVest|GrassySurge|WoodHammer,HighHorsepower,Uturn,FakeOut|||F|||50|,,,,,Fire]Gholdengo||ChoiceSpecs|GoodasGold|MakeItRain,ShadowBall,Thunderbolt,Trick||||||50|,,,,,Steel
|inactive|Battle timer is ON: inactive players will automatically lose when time's up. (requested by Recadeco)
|inactive|Recadeco has 60 seconds left.
|
|t:|1755435874
|teamsize|p1|4
|teamsize|p2|4
|start
|switch|p1a: Sneasler|Sneasler, L50, M|100/100
|switch|p1b: Ursaluna|Ursaluna-Bloodmoon, L50, M|100/100
|switch|p2a: Flying Gorilla|Rillaboom, L50, F|100/100
|switch|p2b: Shreder|Kingambit, L50, M, shiny|100/100
|-fieldstart|move: Grassy Terrain|[from] ability: Grassy Surge|[of] p2a: Flying Gorilla
|turn|1
|inactive|Recadeco has 30 seconds left.
|
|t:|1755435901
|-terastallize|p2b: Shreder|Dark
|move|p1a: Sneasler|Protect|p1a: Sneasler
|-singleturn|p1a: Sneasler|Protect
|move|p2a: Flying Gorilla|Fake Out|p1a: Sneasler
|-activate|p1a: Sneasler|move: Protect
|move|p1b: Ursaluna|Hyper Voice|p2b: Shreder|[spread] p2a,p2b
|-damage|p2a: Flying Gorilla|73/100
|-damage|p2b: Shreder|65/100
|move|p2b: Shreder|Swords Dance|p2b: Shreder
|-boost|p2b: Shreder|atk|2
|
|-heal|p2a: Flying Gorilla|79/100|[from] Grassy Terrain
|-heal|p2b: Shreder|71/100|[from] Grassy Terrain
|upkeep
|turn|2
|inactive|Recadeco has 30 seconds left.
|
|t:|1755435933
|switch|p1a: Amoonguss|Amoonguss, L50, M, shiny|100/100
|-terastallize|p1b: Ursaluna|Normal
|move|p2b: Shreder|Sucker Punch||[still]
|-fail|p2b: Shreder
|move|p2a: Flying Gorilla|Wood Hammer|p1b: Ursaluna
|-damage|p1b: Ursaluna|36/100
|-damage|p2a: Flying Gorilla|58/100|[from] Recoil
|move|p1b: Ursaluna|Blood Moon|p2b: Shreder
|-damage|p2b: Shreder|0 fnt
|faint|p2b: Shreder
|
|-heal|p2a: Flying Gorilla|64/100|[from] Grassy Terrain
|-heal|p1b: Ursaluna|43/100|[from] Grassy Terrain
|upkeep
|
|t:|1755435944
|switch|p2b: Slifer|Talonflame, L50, M, shiny|100/100
|turn|3
|
|t:|1755435963
|switch|p1b: Incineroar|Incineroar, L50, M|100/100
|-ability|p1b: Incineroar|Intimidate|boost
|-unboost|p2a: Flying Gorilla|atk|1
|-unboost|p2b: Slifer|atk|1
|move|p1a: Amoonguss|Protect|p1a: Amoonguss
|-singleturn|p1a: Amoonguss|Protect
|move|p2b: Slifer|Flare Blitz|p1a: Amoonguss
|-activate|p1a: Amoonguss|move: Protect
|move|p2a: Flying Gorilla|Wood Hammer|p1b: Incineroar
|-resisted|p1b: Incineroar
|-damage|p1b: Incineroar|75/100
|-damage|p2a: Flying Gorilla|56/100|[from] Recoil
|
|-heal|p2a: Flying Gorilla|62/100|[from] Grassy Terrain
|-heal|p1b: Incineroar|81/100|[from] Grassy Terrain
|upkeep
|turn|4
|inactive|Recadeco has 30 seconds left.
|
|t:|1755435990
|switch|p2a: Ariel|Primarina, L50, F|100/100
|move|p2b: Slifer|Flare Blitz|p1a: Amoonguss
|-supereffective|p1a: Amoonguss
|-damage|p1a: Amoonguss|46/100
|-damage|p2b: Slifer|75/100|[from] Recoil
|move|p1b: Incineroar|Knock Off|p2b: Slifer
|-damage|p2b: Slifer|8/100
|-enditem|p2b: Slifer|Covert Cloak|[from] move: Knock Off|[of] p1b: Incineroar
|move|p1a: Amoonguss|Spore|p2a: Ariel
|-status|p2a: Ariel|slp|[from] move: Spore
|
|-heal|p1b: Incineroar|87/100|[from] Grassy Terrain
|-heal|p1a: Amoonguss|52/100|[from] Grassy Terrain
|upkeep
|turn|5
|
|t:|1755436017
|switch|p2b: Flying Gorilla|Rillaboom, L50, F|62/100
|cant|p2a: Ariel|slp
|move|p1b: Incineroar|Knock Off|p2a: Ariel
|-resisted|p2a: Ariel
|-damage|p2a: Ariel|74/100 slp
|-enditem|p2a: Ariel|Life Orb|[from] move: Knock Off|[of] p1b: Incineroar
|move|p1a: Amoonguss|Spore|p2b: Flying Gorilla
|-immune|p2b: Flying Gorilla
|
|-heal|p2b: Flying Gorilla|68/100|[from] Grassy Terrain
|-heal|p2a: Ariel|80/100 slp|[from] Grassy Terrain
|-heal|p1b: Incineroar|93/100|[from] Grassy Terrain
|-heal|p1a: Amoonguss|58/100|[from] Grassy Terrain
|-fieldend|move: Grassy Terrain
|upkeep
|turn|6
|
|t:|1755436040
|switch|p1b: Ursaluna|Ursaluna-Bloodmoon, L50, M, tera:Normal|43/100
|move|p2b: Flying Gorilla|Fake Out|p1b: Ursaluna
|-damage|p1b: Ursaluna|31/100
|cant|p2a: Ariel|slp
|move|p1a: Amoonguss|Pollen Puff|p1b: Ursaluna
|-heal|p1b: Ursaluna|81/100
|
|upkeep
|turn|7
|
|t:|1755436059
|move|p2b: Flying Gorilla|Wood Hammer|p1b: Ursaluna
|-damage|p1b: Ursaluna|25/100
|-damage|p2b: Flying Gorilla|49/100|[from] Recoil
|cant|p2a: Ariel|slp
|move|p1b: Ursaluna|Hyper Voice|p2a: Ariel|[spread] p2a,p2b
|-damage|p2a: Ariel|40/100 slp
|-damage|p2b: Flying Gorilla|8/100
|move|p1a: Amoonguss|Spore|p2a: Ariel
|-fail|p2a: Ariel|slp
|
|upkeep
|turn|8
|
|t:|1755436084
|move|p1b: Ursaluna|Vacuum Wave|p2b: Flying Gorilla
|-damage|p2b: Flying Gorilla|0 fnt
|faint|p2b: Flying Gorilla
|-curestatus|p2a: Ariel|slp|[msg]
|move|p2a: Ariel|Hyper Voice|p1a: Amoonguss|[spread] p1a,p1b
|-resisted|p1a: Amoonguss
|-damage|p1a: Amoonguss|44/100
|-damage|p1b: Ursaluna|1/100
|move|p1a: Amoonguss|Spore|p2a: Ariel
|-status|p2a: Ariel|slp|[from] move: Spore
|
|upkeep
|
|t:|1755436092
|switch|p2b: Slifer|Talonflame, L50, M, shiny|8/100
|turn|9
|-message|Recadeco forfeited.
|inactive|Recadeco has 30 seconds left.
|
|win|TailwindMakeItRain
|raw|TailwindMakeItRain's rating: 1440 → 1465(+25 for winning)
|raw|Recadeco's rating: 1521 → 1496(-25 for losing)
|l|☆Recadeco
|player|p2|
|j|☆Recadeco
|player|p2|Recadeco|lucas|
|l|☆Recadeco
|player|p2|
