|j|☆JuanGuerrero09
|j|☆MajinkenW
|html|JuanGuerrero09MajinkenW    
|uhtml|bestof|Game 1 of a best-of-3
|t:|1757156671
|gametype|doubles
|player|p1|JuanGuerrero09|170|1094
|player|p2|MajinkenW|169|1096
|gen|9
|tier|[Gen 9] VGC 2025 Reg H (Bo3)
|rated|
|rule|Species Clause: Limit one of each Pokémon
|rule|Item Clause: Limit 1 of each item
|clearpoke
|poke|p1|Sneasler, L50, M|
|poke|p1|Indeedee, L50, M|
|poke|p1|Tyranitar, L50, M|
|poke|p1|Excadrill, L50, M|
|poke|p1|Gholdengo, L50|
|poke|p1|Incineroar, L50, M|
|poke|p2|Kingdra, L50, M|
|poke|p2|Politoed, L50, M|
|poke|p2|Amoonguss, L50, F|
|poke|p2|Incineroar, L50, M|
|poke|p2|Gothitelle, L50, M|
|poke|p2|Archaludon, L50, M|
|teampreview|4
|showteam|p1|Sneasler||WhiteHerb|Unburden|CloseCombat,DireClaw,FakeOut,Protect|||M|||50|,,,,,Dark]Indeedee||ChoiceScarf|PsychicSurge|ExpandingForce,TeraBlast,Trick,Protect|||M|||50|,,,,,Fire]Tyranitar||AssaultVest|SandStream|RockSlide,KnockOff,TeraBlast,LowKick|||M|||50|,,,,,Flying]Excadrill||FocusSash|SandRush|HighHorsepower,Earthquake,IronHead,Protect|||M|||50|,,,,,Ground]Gholdengo||MetalCoat|GoodasGold|ShadowBall,Protect,MakeItRain,NastyPlot||||||50|,,,,,Water]Incineroar||SafetyGoggles|Intimidate|FakeOut,KnockOff,FlareBlitz,PartingShot|||M|||50|,,,,,Ghost
|showteam|p2|Kingdra||LifeOrb|SwiftSwim|WeatherBall,DracoMeteor,MuddyWater,Protect|||M|||50|,,,,,Stellar]Politoed||Leftovers|Drizzle|WeatherBall,PerishSong,Encore,Protect|||M|||50|,,,,,Grass]Amoonguss||EjectButton|Regenerator|PollenPuff,Spore,RagePowder,Protect|||F|||50|,,,,,Fairy]Incineroar||SafetyGoggles|Intimidate|KnockOff,PartingShot,FakeOut,Protect|||M|||50|,,,,,Ghost]Gothitelle||SitrusBerry|ShadowTag|Psychic,FakeOut,TrickRoom,Protect|||M|||50|,,,,,Dark]Archaludon||PowerHerb|Sturdy|FlashCannon,DragonPulse,ElectroShot,Protect|||M|||50|,,,,,Electric
|inactive|Battle timer is ON: inactive players will automatically lose when time's up. (requested by MajinkenW)
|inactive|JuanGuerrero09 has 60 seconds left.
|
|t:|1757156710
|teamsize|p1|4
|teamsize|p2|4
|start
|switch|p1a: Gholdengo|Gholdengo, L50|100/100
|switch|p1b: Excadrill|Excadrill, L50, M|100/100
|switch|p2a: Incineroar|Incineroar, L50, M|100/100
|switch|p2b: Gothitelle|Gothitelle, L50, M|100/100
|-ability|p2a: Incineroar|Intimidate|boost
|-unboost|p1a: Gholdengo|atk|1
|-unboost|p1b: Excadrill|atk|1
|turn|1
|inactive|JuanGuerrero09 has 30 seconds left.
|
|t:|1757156741
|-terastallize|p1a: Gholdengo|Water
|move|p2b: Gothitelle|Fake Out|p1b: Excadrill
|-resisted|p1b: Excadrill
|-damage|p1b: Excadrill|96/100
|move|p1a: Gholdengo|Shadow Ball|p2b: Gothitelle
|-supereffective|p2b: Gothitelle
|-damage|p2b: Gothitelle|39/100
|-enditem|p2b: Gothitelle|Sitrus Berry|[eat]
|-heal|p2b: Gothitelle|64/100|[from] item: Sitrus Berry
|cant|p1b: Excadrill|flinch
|move|p2a: Incineroar|Knock Off|p1a: Gholdengo
|-damage|p1a: Gholdengo|55/100
|-enditem|p1a: Gholdengo|Metal Coat|[from] move: Knock Off|[of] p2a: Incineroar
|
|upkeep
|turn|2
|inactive|JuanGuerrero09 has 30 seconds left.
|inactive|MajinkenW has 30 seconds left.
|
|t:|1757156774
|-terastallize|p2b: Gothitelle|Dark
|move|p1a: Gholdengo|Shadow Ball|p2b: Gothitelle
|-resisted|p2b: Gothitelle
|-damage|p2b: Gothitelle|49/100
|move|p1b: Excadrill|High Horsepower|p2a: Incineroar
|-supereffective|p2a: Incineroar
|-damage|p2a: Incineroar|28/100
|move|p2a: Incineroar|Parting Shot|p1b: Excadrill
|-unboost|p1b: Excadrill|atk|1
|-unboost|p1b: Excadrill|spa|1
|
|t:|1757156791
|switch|p2a: Politoed|Politoed, L50, M|100/100|[from] Parting Shot
|-weather|RainDance|[from] ability: Drizzle|[of] p2a: Politoed
|move|p2b: Gothitelle|Trick Room|p2b: Gothitelle
|-fieldstart|move: Trick Room|[of] p2b: Gothitelle
|
|-weather|RainDance|[upkeep]
|upkeep
|turn|3
|inactive|JuanGuerrero09 has 30 seconds left.
|
|t:|1757156817
|move|p2b: Gothitelle|Protect|p2b: Gothitelle
|-singleturn|p2b: Gothitelle|Protect
|move|p2a: Politoed|Weather Ball|p1b: Excadrill
|-supereffective|p1b: Excadrill
|-damage|p1b: Excadrill|0 fnt
|faint|p1b: Excadrill
|move|p1a: Gholdengo|Nasty Plot|p1a: Gholdengo
|-boost|p1a: Gholdengo|spa|2
|
|-weather|RainDance|[upkeep]
|upkeep
|
|t:|1757156821
|switch|p1b: Tyranitar|Tyranitar, L50, M|100/100
|-weather|Sandstorm|[from] ability: Sand Stream|[of] p1b: Tyranitar
|turn|4
|inactive|JuanGuerrero09 has 30 seconds left.
|
|t:|1757156848
|move|p2b: Gothitelle|Protect||[still]
|-fail|p2b: Gothitelle
|move|p1b: Tyranitar|Low Kick|p2b: Gothitelle
|-supereffective|p2b: Gothitelle
|-damage|p2b: Gothitelle|0 fnt
|faint|p2b: Gothitelle
|move|p2a: Politoed|Perish Song|p2a: Politoed
|-immune|p1a: Gholdengo|[from] ability: Good as Gold
|-start|p1b: Tyranitar|perish3|[silent]
|-start|p2a: Politoed|perish3|[silent]
|-fieldactivate|move: Perish Song
|move|p1a: Gholdengo|Make It Rain|p2a: Politoed
|-resisted|p2a: Politoed
|-damage|p2a: Politoed|60/100
|-unboost|p1a: Gholdengo|spa|1
|
|-weather|Sandstorm|[upkeep]
|-damage|p2a: Politoed|54/100|[from] Sandstorm
|-damage|p1a: Gholdengo|49/100|[from] Sandstorm
|-heal|p2a: Politoed|60/100|[from] item: Leftovers
|-start|p1b: Tyranitar|perish3
|-start|p2a: Politoed|perish3
|upkeep
|
|t:|1757156870
|switch|p2b: Incineroar|Incineroar, L50, M|28/100
|-ability|p2b: Incineroar|Intimidate|boost
|-unboost|p1a: Gholdengo|atk|1
|-unboost|p1b: Tyranitar|atk|1
|turn|5
|
|t:|1757156880
|switch|p1b: Incineroar|Incineroar, L50, M|100/100
|-ability|p1b: Incineroar|Intimidate|boost
|-unboost|p2a: Politoed|atk|1
|-unboost|p2b: Incineroar|atk|1
|switch|p2a: Amoonguss|Amoonguss, L50, F|100/100
|move|p1a: Gholdengo|Protect|p1a: Gholdengo
|-singleturn|p1a: Gholdengo|Protect
|move|p2b: Incineroar|Knock Off|p1a: Gholdengo
|-activate|p1a: Gholdengo|move: Protect
|
|-weather|Sandstorm|[upkeep]
|-damage|p2a: Amoonguss|95/100|[from] Sandstorm
|-damage|p1a: Gholdengo|43/100|[from] Sandstorm
|upkeep
|turn|6
|inactive|JuanGuerrero09 has 30 seconds left.
|inactive|JuanGuerrero09 has 20 seconds left.
|inactive|JuanGuerrero09 has 15 seconds left.
|inactive|MajinkenW has 30 seconds left.
|inactive|MajinkenW has 20 seconds left.
|
|t:|1757156932
|move|p1b: Incineroar|Fake Out|p2b: Incineroar
|-damage|p2b: Incineroar|18/100
|move|p2a: Amoonguss|Pollen Puff|p1a: Gholdengo
|-damage|p1a: Gholdengo|23/100
|cant|p2b: Incineroar|flinch
|move|p1a: Gholdengo|Make It Rain|p2b: Incineroar|[spread] p2a,p2b
|-resisted|p2b: Incineroar
|-damage|p2a: Amoonguss|44/100
|-damage|p2b: Incineroar|0 fnt
|-unboost|p1a: Gholdengo|spa|1
|faint|p2b: Incineroar
|-enditem|p2a: Amoonguss|Eject Button
|
|t:|1757156940
|switch|p2a: Politoed|Politoed, L50, M|60/100
|-weather|RainDance|[from] ability: Drizzle|[of] p2a: Politoed
|
|-weather|RainDance|[upkeep]
|-heal|p2a: Politoed|66/100|[from] item: Leftovers
|-fieldend|move: Trick Room
|upkeep
|
|t:|1757156943
|switch|p2b: Amoonguss|Amoonguss, L50, F|77/100
|turn|7
|
|t:|1757156972
|switch|p1a: Tyranitar|Tyranitar, L50, M|100/100
|-weather|Sandstorm|[from] ability: Sand Stream|[of] p1a: Tyranitar
|move|p2a: Politoed|Weather Ball|p1a: Tyranitar
|-damage|p1a: Tyranitar|91/100
|move|p1b: Incineroar|Parting Shot|p2a: Politoed
|-unboost|p2a: Politoed|atk|1
|-unboost|p2a: Politoed|spa|1
|
|t:|1757156981
|switch|p1b: Gholdengo|Gholdengo, L50, tera:Water|23/100|[from] Parting Shot
|move|p2b: Amoonguss|Pollen Puff|p1a: Tyranitar
|-supereffective|p1a: Tyranitar
|-damage|p1a: Tyranitar|78/100
|
|-weather|Sandstorm|[upkeep]
|-damage|p1b: Gholdengo|17/100|[from] Sandstorm
|-damage|p2a: Politoed|60/100|[from] Sandstorm
|-damage|p2b: Amoonguss|72/100|[from] Sandstorm
|-heal|p2a: Politoed|66/100|[from] item: Leftovers
|upkeep
|turn|8
|
|t:|1757157001
|move|p2a: Politoed|Protect|p2a: Politoed
|-singleturn|p2a: Politoed|Protect
|move|p2b: Amoonguss|Protect|p2b: Amoonguss
|-singleturn|p2b: Amoonguss|Protect
|move|p1b: Gholdengo|Make It Rain|p2a: Politoed|[spread] 
|-activate|p2a: Politoed|move: Protect
|-activate|p2b: Amoonguss|move: Protect
|move|p1a: Tyranitar|Knock Off|p2a: Politoed
|-activate|p2a: Politoed|move: Protect
|
|-weather|Sandstorm|[upkeep]
|-damage|p1b: Gholdengo|10/100|[from] Sandstorm
|-damage|p2a: Politoed|60/100|[from] Sandstorm
|-damage|p2b: Amoonguss|66/100|[from] Sandstorm
|-heal|p2a: Politoed|66/100|[from] item: Leftovers
|upkeep
|turn|9
|
|t:|1757157021
|move|p1b: Gholdengo|Make It Rain|p2b: Amoonguss|[spread] p2a,p2b
|-resisted|p2a: Politoed
|-damage|p2a: Politoed|51/100
|-damage|p2b: Amoonguss|33/100
|-unboost|p1b: Gholdengo|spa|1
|move|p2a: Politoed|Weather Ball|p1b: Gholdengo
|-damage|p1b: Gholdengo|0 fnt
|faint|p1b: Gholdengo
|move|p1a: Tyranitar|Knock Off|p2a: Politoed
|-damage|p2a: Politoed|0 fnt
|-enditem|p2a: Politoed|Leftovers|[from] move: Knock Off|[of] p1a: Tyranitar
|faint|p2a: Politoed
|move|p2b: Amoonguss|Pollen Puff|p2: Politoed|[notarget]
|-fail|p2b: Amoonguss
|
|-weather|Sandstorm|[upkeep]
|-damage|p2b: Amoonguss|27/100|[from] Sandstorm
|upkeep
|-message|MajinkenW forfeited.
|
|win|JuanGuerrero09
