|j|☆zefhkb505
|j|☆lordtentacle69
|html|zefhkb505lordtentacle69    
|uhtml|bestof|Game 1 of a best-of-3
|t:|1783743830
|gametype|doubles
|player|p1|zefhkb505|hilbert|1260
|player|p2|lordtentacle69|corbeau|1317
|gen|9
|tier|[Gen 9 Champions] VGC 2026 Reg M-B (Bo3)
|rated|
|rule|Species Clause: Limit one of each Pokémon
|rule|Item Clause: Limit 1 of each item
|clearpoke
|poke|p1|Azumarill, L50, F|
|poke|p1|Sinistcha, L50|
|poke|p1|Farigiraf, L50, F|
|poke|p1|Pelipper, L50, F|
|poke|p1|Tinkaton, L50, F|
|poke|p1|Raichu, L50, F|
|poke|p2|Delphox, L50, M|
|poke|p2|Incineroar, L50, M|
|poke|p2|Maushold-Four, L50|
|poke|p2|Sinistcha, L50|
|poke|p2|Sneasler, L50, F|
|poke|p2|Blastoise, L50, M|
|teampreview|4
|showteam|p1|Azumarill||SitrusBerry|HugePower|BellyDrum,AquaJet,PlayRough,Protect|Adamant||F|||50|]Sinistcha||CobaBerry|Hospitality|RagePowder,MatchaGotcha,TrickRoom,LifeDew|Relaxed|||||50|]Farigiraf||ColburBerry|ArmorTail|TwinBeam,TrickRoom,LightScreen,HyperVoice|Quiet||F|||50|]Pelipper||LifeOrb|Drizzle|Hurricane,WeatherBall,Roost,WideGuard|Modest||F|||50|]Tinkaton||FocusSash|MoldBreaker|FakeOut,GigatonHammer,SkillSwap,KnockOff|Jolly||F|||50|]Raichu||RaichuniteY|LightningRod|FakeOut,FocusBlast,ZapCannon,Protect|Timid||F|||50|
|showteam|p2|Delphox||Delphoxite|Blaze|HeatWave,Psychic,NastyPlot,Protect|Timid||M|||50|]Incineroar||SitrusBerry|Intimidate|FakeOut,PartingShot,FlareBlitz,ThroatChop|Impish||M|||50|]Maushold-Four||ChopleBerry|FriendGuard|Feint,HelpingHand,Protect,FollowMe|Impish|||||50|]Sinistcha||KasibBerry|Hospitality|Protect,MatchaGotcha,TrickRoom,RagePowder|Bold|||||50|]Sneasler||FocusSash|PoisonTouch|CloseCombat,PoisonJab,QuickGuard,FakeOut|Adamant||F|||50|]Blastoise||Blastoisinite|RainDish|Protect,WaterSpout,DarkPulse,ShellSmash|Modest||M|||50|
|inactive|Battle timer is ON: inactive players will automatically lose when time's up. (requested by zefhkb505)
|
|t:|1783743889
|teamsize|p1|4
|teamsize|p2|4
|start
|switch|p1a: Raichu|Raichu, L50, F|100/100
|switch|p1b: Azumarill|Azumarill, L50, F|100/100
|switch|p2a: Gochujang|Incineroar, L50, M|100/100
|switch|p2b: Green Day|Sinistcha, L50|100/100
|-ability|p2a: Gochujang|Intimidate|boost
|-unboost|p1a: Raichu|atk|1
|-unboost|p1b: Azumarill|atk|1
|turn|1
|
|t:|1783743908
|switch|p1a: Pelipper|Pelipper, L50, F|100/100
|-weather|RainDance|[from] ability: Drizzle|[of] p1a: Pelipper
|move|p1b: Azumarill|Protect|p1b: Azumarill
|-singleturn|p1b: Azumarill|Protect
|move|p2a: Gochujang|Fake Out|p1a: Pelipper
|-damage|p1a: Pelipper|89/100
|move|p2b: Green Day|Matcha Gotcha|p1b: Azumarill|[spread] p1a
|-activate|p1b: Azumarill|move: Protect
|-damage|p1a: Pelipper|56/100
|
|-weather|RainDance|[upkeep]
|upkeep
|turn|2
|
|t:|1783743928
|switch|p2a: Brent|Blastoise, L50, M|100/100
|move|p2b: Green Day|Protect|p2b: Green Day
|-singleturn|p2b: Green Day|Protect
|move|p1a: Pelipper|Hurricane|p2b: Green Day
|-activate|p2b: Green Day|move: Protect
|move|p1b: Azumarill|Belly Drum|p1b: Azumarill
|-damage|p1b: Azumarill|50/100y
|-setboost|p1b: Azumarill|atk|6|[from] move: Belly Drum
|-enditem|p1b: Azumarill|Sitrus Berry|[eat]
|-heal|p1b: Azumarill|74/100|[from] item: Sitrus Berry
|
|-weather|RainDance|[upkeep]
|upkeep
|turn|3
|inactive|lordtentacle69 has 30 seconds left.
|
|t:|1783743955
|detailschange|p2a: Brent|Blastoise-Mega, L50, M
|-mega|p2a: Brent|Blastoise|Blastoisinite
|move|p1a: Pelipper|Wide Guard|p1a: Pelipper
|-singleturn|p1a: Pelipper|Wide Guard
|move|p2b: Green Day|Rage Powder|p2b: Green Day
|-singleturn|p2b: Green Day|move: Rage Powder
|move|p2a: Brent|Dark Pulse|p1a: Pelipper
|-damage|p1a: Pelipper|0 fnt
|faint|p1a: Pelipper
|move|p1b: Azumarill|Play Rough|p2b: Green Day
|-damage|p2b: Green Day|0 fnt
|faint|p2b: Green Day
|
|-weather|RainDance|[upkeep]
|upkeep
|
|t:|1783743974
|switch|p2b: Gochujang|Incineroar, L50, M|100/100
|switch|p1a: Raichu|Raichu, L50, F|100/100
|-ability|p2b: Gochujang|Intimidate|boost
|-unboost|p1a: Raichu|atk|1
|-unboost|p1b: Azumarill|atk|1
|turn|4
|
|t:|1783743982
|switch|p2b: Sarahn's OC|Sneasler, L50, F|100/100
|move|p2a: Brent|Protect|p2a: Brent
|-singleturn|p2a: Brent|Protect
|move|p1a: Raichu|Fake Out|p2a: Brent
|-activate|p2a: Brent|move: Protect
|move|p1b: Azumarill|Aqua Jet|p2b: Sarahn's OC
|-enditem|p2b: Sarahn's OC|Focus Sash
|-damage|p2b: Sarahn's OC|1/100
|
|-weather|RainDance|[upkeep]
|upkeep
|turn|5
|
|t:|1783743999
|switch|p1a: Sinistcha|Sinistcha, L50|100/100
|-heal|p1b: Azumarill|99/100|[from] ability: Hospitality|[of] p1a: Sinistcha
|move|p1b: Azumarill|Protect|p1b: Azumarill
|-singleturn|p1b: Azumarill|Protect
|move|p2b: Sarahn's OC|Fake Out|p1a: Sinistcha
|-immune|p1a: Sinistcha
|move|p2a: Brent|Water Spout|p1a: Sinistcha|[spread] p1a
|-activate|p1b: Azumarill|move: Protect
|-resisted|p1a: Sinistcha|1
|-damage|p1a: Sinistcha|48/100
|
|-weather|none
|upkeep
|turn|6
|inactive|lordtentacle69 has 30 seconds left.
|
|t:|1783744026
|move|p1b: Azumarill|Aqua Jet|p2b: Sarahn's OC
|-damage|p2b: Sarahn's OC|0 fnt
|faint|p2b: Sarahn's OC
|move|p2a: Brent|Dark Pulse|p1a: Sinistcha
|-supereffective|p1a: Sinistcha|1
|-damage|p1a: Sinistcha|0 fnt
|faint|p1a: Sinistcha
|
|upkeep
|
|t:|1783744033
|switch|p2b: Gochujang|Incineroar, L50, M|100/100
|switch|p1a: Raichu|Raichu, L50, F|100/100
|-ability|p2b: Gochujang|Intimidate|boost
|-unboost|p1a: Raichu|atk|1
|-unboost|p1b: Azumarill|atk|1
|turn|7
|
|t:|1783744043
|move|p1a: Raichu|Fake Out|p2a: Brent
|-damage|p2a: Brent|94/100
|move|p2b: Gochujang|Fake Out|p1b: Azumarill
|-damage|p1b: Azumarill|88/100
|cant|p1b: Azumarill|flinch
|cant|p2a: Brent|flinch
|
|upkeep
|turn|8
|
|t:|1783744054
|detailschange|p1a: Raichu|Raichu-Mega-Y, L50, F
|-mega|p1a: Raichu|Raichu|Raichunite Y
|move|p2a: Brent|Protect|p2a: Brent
|-singleturn|p2a: Brent|Protect
|move|p1b: Azumarill|Aqua Jet|p2b: Gochujang
|-supereffective|p2b: Gochujang|1
|-damage|p2b: Gochujang|0 fnt
|faint|p2b: Gochujang
|move|p1a: Raichu|Zap Cannon|p2a: Brent
|-activate|p2a: Brent|move: Protect
|
|upkeep
|turn|9
|-message|lordtentacle69 forfeited.
|
|win|zefhkb505
