|j|☆OdeioPeugeot
|j|☆wait for swarley
|html|OdeioPeugeotwait for swarley    
|uhtml|bestof|Game 2 of a best-of-3
|t:|1783373778
|gametype|doubles
|player|p1|OdeioPeugeot|swimmer-gen4dp|1167
|player|p2|wait for swarley|volo|1266
|gen|9
|tier|[Gen 9 Champions] VGC 2026 Reg M-B (Bo3)
|rated|
|rule|Species Clause: Limit one of each Pokémon
|rule|Item Clause: Limit 1 of each item
|clearpoke
|poke|p1|Basculegion, L50, M|
|poke|p1|Whimsicott, L50, F|
|poke|p1|Kingambit, L50, M|
|poke|p1|Garchomp, L50, F|
|poke|p1|Floette-Eternal, L50, F|
|poke|p1|Charizard, L50, F|
|poke|p2|Grimmsnarl, L50, M|
|poke|p2|Incineroar, L50, M|
|poke|p2|Maushold-Four, L50|
|poke|p2|Annihilape, L50, M|
|poke|p2|Floette-Eternal, L50, F|
|poke|p2|Gholdengo, L50|
|teampreview|4
|showteam|p1|Basculegion||LifeOrb|Adaptability|WaveCrash,LastRespects,AquaJet,Protect|Adamant||M|||50|]Whimsicott||FocusSash|Prankster|Moonblast,Encore,Tailwind,Protect|Timid||F|||50|]Kingambit||ChopleBerry|Defiant|KowtowCleave,IronHead,SuckerPunch,LowKick|Adamant||M|||50|]Garchomp||SitrusBerry|RoughSkin|Earthquake,DragonClaw,RockSlide,Protect|Adamant||F|||50|]Floette-Eternal||Floettite|FlowerVeil|Moonblast,DazzlingGleam,LightofRuin,Protect|Modest||F|||50|]Charizard||CharizarditeY|Blaze|HeatWave,SolarBeam,WeatherBall,Protect|Modest||F|||50|
|showteam|p2|Grimmsnarl||LightClay|Prankster|SpiritBreak,Reflect,LightScreen,PartingShot|Careful||M|||50|]Incineroar||SitrusBerry|Intimidate|FakeOut,FlareBlitz,ThroatChop,PartingShot|Careful||M|||50|]Maushold-Four||FocusSash|FriendGuard|FollowMe,SuperFang,Encore,Protect|Timid|||||50|]Annihilape||Leftovers|Defiant|RageFist,DrainPunch,BulkUp,Protect|Adamant||M|||50|]Floette-Eternal||Floettite|FlowerVeil|Moonblast,DrainingKiss,CalmMind,Protect|Modest||F|||50|]Gholdengo||ChoiceScarf|GoodasGold|MakeItRain,ShadowBall,Trick,PowerGem|Timid|||||50|
|inactive|Battle timer is ON: inactive players will automatically lose when time's up. (requested by OdeioPeugeot)
|inactive|wait for swarley has 60 seconds left.
|
|t:|1783373814
|teamsize|p1|4
|teamsize|p2|4
|start
|switch|p1a: Whimsicott|Whimsicott, L50, F|100/100
|switch|p1b: Floette|Floette-Eternal, L50, F|100/100
|switch|p2a: Incineroar|Incineroar, L50, M|100/100
|switch|p2b: Floette|Floette-Eternal, L50, F|100/100
|-ability|p2a: Incineroar|Intimidate|boost
|-block|p1a: Whimsicott|ability: Flower Veil|[of] p1b: Floette
|-unboost|p1b: Floette|atk|1
|turn|1
|
|t:|1783373835
|detailschange|p2b: Floette|Floette-Mega, L50, F
|-mega|p2b: Floette|Floette|Floettite
|-ability|p2b: Floette|Fairy Aura
|move|p1a: Whimsicott|Protect|p1a: Whimsicott
|-singleturn|p1a: Whimsicott|Protect
|move|p1b: Floette|Protect|p1b: Floette
|-singleturn|p1b: Floette|Protect
|move|p2a: Incineroar|Fake Out|p1b: Floette
|-activate|p1b: Floette|move: Protect
|move|p2b: Floette|Calm Mind|p2b: Floette
|-boost|p2b: Floette|spa|1
|-boost|p2b: Floette|spd|1
|
|upkeep
|turn|2
|
|t:|1783373851
|detailschange|p1b: Floette|Floette-Mega, L50, F
|-mega|p1b: Floette|Floette|Floettite
|-ability|p1b: Floette|Fairy Aura
|move|p2b: Floette|Protect|p2b: Floette
|-singleturn|p2b: Floette|Protect
|move|p1a: Whimsicott|Encore|p2b: Floette
|-activate|p2b: Floette|move: Protect
|move|p1b: Floette|Light of Ruin|p2a: Incineroar|[miss]
|-miss|p1b: Floette|p2a: Incineroar
|move|p2a: Incineroar|Parting Shot|p1b: Floette
|-unboost|p1b: Floette|atk|1
|-unboost|p1b: Floette|spa|1
|
|t:|1783373865
|switch|p2a: Maushold|Maushold-Four, L50|100/100|[from] Parting Shot
|
|upkeep
|turn|3
|
|t:|1783373886
|move|p2a: Maushold|Follow Me|p2a: Maushold
|-singleturn|p2a: Maushold|move: Follow Me
|move|p1a: Whimsicott|Moonblast|p2a: Maushold
|-damage|p2a: Maushold|43/100
|move|p2b: Floette|Moonblast|p1a: Whimsicott
|-enditem|p1a: Whimsicott|Focus Sash
|-damage|p1a: Whimsicott|1/100
|move|p1b: Floette|Moonblast|p2a: Maushold
|-damage|p2a: Maushold|0 fnt
|faint|p2a: Maushold
|
|upkeep
|
|t:|1783373906
|switch|p2a: Incineroar|Incineroar, L50, M|100/100
|-ability|p2a: Incineroar|Intimidate|boost
|-unboost|p1a: Whimsicott|atk|1
|-unboost|p1b: Floette|atk|1
|turn|4
|
|t:|1783373918
|switch|p2a: Annihilape|Annihilape, L50, M|100/100
|move|p1a: Whimsicott|Protect|p1a: Whimsicott
|-singleturn|p1a: Whimsicott|Protect
|move|p2b: Floette|Draining Kiss|p1a: Whimsicott
|-activate|p1a: Whimsicott|move: Protect
|move|p1b: Floette|Light of Ruin|p2a: Annihilape
|-supereffective|p2a: Annihilape|1
|-damage|p2a: Annihilape|0 fnt
|faint|p2a: Annihilape
|-damage|p1b: Floette|34/100|[from] Recoil
|
|upkeep
|
|t:|1783373927
|switch|p2a: Incineroar|Incineroar, L50, M|100/100
|-ability|p2a: Incineroar|Intimidate|boost
|-unboost|p1a: Whimsicott|atk|1
|-unboost|p1b: Floette|atk|1
|turn|5
|
|t:|1783373946
|switch|p1a: Charizard|Charizard, L50, F|100/100
|move|p2a: Incineroar|Fake Out|p1a: Charizard
|-damage|p1a: Charizard|89/100
|move|p2b: Floette|Moonblast|p1a: Charizard
|-resisted|p1a: Charizard|1
|-damage|p1a: Charizard|31/100
|-unboost|p1a: Charizard|spa|1
|move|p1b: Floette|Light of Ruin|p2a: Incineroar
|-damage|p2a: Incineroar|37/100
|-enditem|p2a: Incineroar|Sitrus Berry|[eat]
|-heal|p2a: Incineroar|62/100|[from] item: Sitrus Berry
|-damage|p1b: Floette|0 fnt|[from] Recoil
|faint|p1b: Floette
|
|upkeep
|
|t:|1783373963
|switch|p1b: Whimsicott|Whimsicott, L50, F|1/100
|turn|6
|
|t:|1783373981
|move|p1b: Whimsicott|Protect|p1b: Whimsicott
|-singleturn|p1b: Whimsicott|Protect
|move|p2b: Floette|Draining Kiss|p1b: Whimsicott
|-activate|p1b: Whimsicott|move: Protect
|move|p1a: Charizard|Heat Wave|p2b: Floette|[spread] p2a,p2b
|-resisted|p2a: Incineroar|1
|-damage|p2a: Incineroar|51/100
|-damage|p2b: Floette|82/100
|move|p2a: Incineroar|Throat Chop|p1a: Charizard
|-damage|p1a: Charizard|4/100
|-start|p1a: Charizard|Throat Chop|[silent]
|
|upkeep
|turn|7
|inactive|wait for swarley has 30 seconds left.
|
|t:|1783374012
|move|p1a: Charizard|Protect|p1a: Charizard
|-singleturn|p1a: Charizard|Protect
|move|p1b: Whimsicott|Tailwind|p1b: Whimsicott
|-sidestart|p1: OdeioPeugeot|move: Tailwind
|move|p2b: Floette|Draining Kiss|p1b: Whimsicott
|-damage|p1b: Whimsicott|0 fnt
|-heal|p2b: Floette|83/100|[from] drain|[of] p1b: Whimsicott
|faint|p1b: Whimsicott
|move|p2a: Incineroar|Throat Chop|p1a: Charizard
|-activate|p1a: Charizard|move: Protect
|
|-end|p1a: Charizard|Throat Chop|[silent]
|upkeep
|
|t:|1783374014
|switch|p1b: Basculegion|Basculegion, L50, M|100/100
|turn|8
|inactive|OdeioPeugeot has 30 seconds left.
|inactive|wait for swarley has 30 seconds left.
|inactive|wait for swarley has 20 seconds left.
|inactive|wait for swarley has 15 seconds left.
|inactive|wait for swarley has 10 seconds left.
|inactive|OdeioPeugeot has 20 seconds left.
|
|t:|1783374070
|move|p1a: Charizard|Heat Wave|p2a: Incineroar|[spread] p2a,p2b
|-resisted|p2a: Incineroar|1
|-damage|p2a: Incineroar|40/100
|-damage|p2b: Floette|66/100
|move|p1b: Basculegion|Last Respects|p2b: Floette
|-damage|p2b: Floette|0 fnt
|faint|p2b: Floette
|-damage|p1b: Basculegion|90/100|[from] item: Life Orb
|move|p2a: Incineroar|Throat Chop|p1b: Basculegion
|-supereffective|p1b: Basculegion|1
|-damage|p1b: Basculegion|15/100
|-start|p1b: Basculegion|Throat Chop|[silent]
|
|upkeep
|turn|9
|c|☆OdeioPeugeot|Gg
|
|t:|1783374091
|move|p1a: Charizard|Heat Wave|p2a: Incineroar
|-resisted|p2a: Incineroar|1
|-damage|p2a: Incineroar|23/100
|move|p1b: Basculegion|Wave Crash|p2a: Incineroar
|-supereffective|p2a: Incineroar|1
|-damage|p2a: Incineroar|0 fnt
|faint|p2a: Incineroar
|-damage|p1b: Basculegion|7/100|[from] Recoil
|-damage|p1b: Basculegion|0 fnt|[from] item: Life Orb
|faint|p1b: Basculegion
|
|win|OdeioPeugeot
|raw|OdeioPeugeot's rating: 1167 → 1199(+32 for winning)
|raw|wait for swarley's rating: 1266 → 1234(-32 for losing)
|l|☆wait for swarley
|player|p2|
|l|☆OdeioPeugeot
|player|p1|
|j|☆OdeioPeugeot
|player|p1|OdeioPeugeot|swimmer-gen4dp|
