|j|☆ossigt
|j|☆MobiusVGC
|html|ossigtMobiusVGC    
|uhtml|bestof|Game 3 of a best-of-3
|t:|1756724717
|gametype|doubles
|player|p1|ossigt|hilbert-wonderlauncher|1095
|player|p2|MobiusVGC|gentleman-gen4dp|1058
|gen|9
|tier|[Gen 9] VGC 2025 Reg H (Bo3)
|rated|
|rule|Species Clause: Limit one of each Pokémon
|rule|Item Clause: Limit 1 of each item
|clearpoke
|poke|p1|Kingambit, L50, F|
|poke|p1|Rillaboom, L50, F|
|poke|p1|Electabuzz, L50, M|
|poke|p1|Dragapult, L50, M|
|poke|p1|Volcarona, L50, M|
|poke|p1|Tauros-Paldea-Aqua, L50, M|
|poke|p2|Maushold, L50|
|poke|p2|Annihilape, L50, M|
|poke|p2|Incineroar, L50, F|
|poke|p2|Rillaboom, L50, M|
|poke|p2|Dragonite, L50, F|
|poke|p2|Gholdengo, L50|
|teampreview|4
|showteam|p1|Kingambit||BlackGlasses|Defiant|Protect,KowtowCleave,SuckerPunch,SwordsDance|||F|||50|,,,,,Dark]Rillaboom||AssaultVest|GrassySurge|WoodHammer,GrassyGlide,Uturn,FakeOut|||F|||50|,,,,,Fire]Electabuzz||Eviolite|VitalSpirit|Protect,Thunderbolt,HelpingHand,FollowMe|||M|||50|,,,,,Ghost]Dragapult||ChoiceBand|ClearBody|DragonDarts,PhantomForce,Outrage,Uturn|||M|||50|,,,,,Ghost]Volcarona||CovertCloak|FlameBody|Protect,HeatWave,GigaDrain,QuiverDance|||M|||50|,,,,,Dragon]Tauros-Paldea-Aqua||MirrorHerb|Intimidate|Protect,WaveCrash,CloseCombat,AquaJet|||M|||50|,,,,,Water
|showteam|p2|Maushold||WideLens|Technician|PopulationBomb,BeatUp,Protect,FollowMe||||||50|,,,,,Ghost]Annihilape||Leftovers|Defiant|RageFist,DrainPunch,Protect,BulkUp|||M|||50|,,,,,Fire]Incineroar||SitrusBerry|Intimidate|FakeOut,KnockOff,PartingShot,FlareBlitz|||F|||50|,,,,,Grass]Rillaboom||AssaultVest|GrassySurge|FakeOut,GrassyGlide,Uturn,WoodHammer|||M|||50|,,,,,Fire]Dragonite||LoadedDice|Multiscale|ScaleShot,Tailwind,Protect,Haze|||F|||50|,,,,,Fairy]Gholdengo||LifeOrb|GoodasGold|MakeItRain,ShadowBall,Protect,NastyPlot||||||50|,,,,,Water
|j| TheCadKid
|l| TheCadKid
|
|t:|1756724752
|teamsize|p1|4
|teamsize|p2|4
|start
|switch|p1a: Rillaboom|Rillaboom, L50, F, shiny|100/100
|switch|p1b: Volcarona|Volcarona, L50, M, shiny|100/100
|switch|p2a: hetero couple|Maushold, L50|100/100
|switch|p2b: angsty teenage son|Annihilape, L50, M|100/100
|-fieldstart|move: Grassy Terrain|[from] ability: Grassy Surge|[of] p1a: Rillaboom
|turn|1
|
|t:|1756724770
|switch|p2a: transsexual cat|Incineroar, L50, F|100/100
|-ability|p2a: transsexual cat|Intimidate|boost
|-unboost|p1a: Rillaboom|atk|1
|-unboost|p1b: Volcarona|atk|1
|move|p1a: Rillaboom|Fake Out|p2a: transsexual cat
|-damage|p2a: transsexual cat|91/100
|move|p2b: angsty teenage son|Bulk Up|p2b: angsty teenage son
|-boost|p2b: angsty teenage son|atk|1
|-boost|p2b: angsty teenage son|def|1
|move|p1b: Volcarona|Quiver Dance|p1b: Volcarona
|-boost|p1b: Volcarona|spa|1
|-boost|p1b: Volcarona|spd|1
|-boost|p1b: Volcarona|spe|1
|
|-heal|p2a: transsexual cat|97/100|[from] Grassy Terrain
|upkeep
|turn|2
|
|t:|1756724784
|move|p1b: Volcarona|Protect|p1b: Volcarona
|-singleturn|p1b: Volcarona|Protect
|move|p2b: angsty teenage son|Bulk Up|p2b: angsty teenage son
|-boost|p2b: angsty teenage son|atk|1
|-boost|p2b: angsty teenage son|def|1
|move|p1a: Rillaboom|U-turn|p2a: transsexual cat
|-damage|p2a: transsexual cat|82/100
|
|t:|1756724796
|switch|p1a: Dragapult|Dragapult, L50, M, shiny|100/100|[from] U-turn
|move|p2a: transsexual cat|Parting Shot|p1b: Volcarona
|-activate|p1b: Volcarona|move: Protect
|
|-heal|p2a: transsexual cat|88/100|[from] Grassy Terrain
|upkeep
|turn|3
|
|t:|1756724822
|-terastallize|p2b: angsty teenage son|Fire
|move|p1a: Dragapult|Dragon Darts|p2b: angsty teenage son
|-damage|p2b: angsty teenage son|79/100
|-anim|p1a: Dragapult|Dragon Darts|p2a: transsexual cat
|-damage|p2a: transsexual cat|49/100
|-enditem|p2a: transsexual cat|Sitrus Berry|[eat]
|-heal|p2a: transsexual cat|74/100|[from] item: Sitrus Berry
|move|p1b: Volcarona|Heat Wave|p2a: transsexual cat|[spread] p2a,p2b
|-resisted|p2a: transsexual cat
|-resisted|p2b: angsty teenage son
|-damage|p2a: transsexual cat|53/100
|-damage|p2b: angsty teenage son|53/100
|move|p2b: angsty teenage son|Rage Fist|p1b: Volcarona
|-damage|p1b: Volcarona|0 fnt
|faint|p1b: Volcarona
|move|p2a: transsexual cat|Parting Shot|p1a: Dragapult
|-fail|p1a: Dragapult|unboost|[from] ability: Clear Body|[of] p1a: Dragapult
|
|-heal|p2b: angsty teenage son|59/100|[from] Grassy Terrain
|-heal|p2b: angsty teenage son|65/100|[from] item: Leftovers
|-heal|p2a: transsexual cat|59/100|[from] Grassy Terrain
|upkeep
|
|t:|1756724833
|switch|p1b: Tauros|Tauros-Paldea-Aqua, L50, M|100/100
|-ability|p1b: Tauros|Intimidate|boost
|-unboost|p2a: transsexual cat|atk|1
|-unboost|p2b: angsty teenage son|atk|1
|-ability|p2b: angsty teenage son|Defiant|boost
|-boost|p2b: angsty teenage son|atk|2
|-enditem|p1b: Tauros|Mirror Herb
|-boost|p1b: Tauros|atk|2|[from] item: Mirror Herb
|turn|4
|
|t:|1756724873
|-terastallize|p1b: Tauros|Water
|move|p2b: angsty teenage son|Protect|p2b: angsty teenage son
|-singleturn|p2b: angsty teenage son|Protect
|move|p1a: Dragapult|Dragon Darts|p2a: transsexual cat
|-damage|p2a: transsexual cat|23/100
|-anim|p1a: Dragapult|Dragon Darts|p2a: transsexual cat
|-damage|p2a: transsexual cat|0 fnt
|faint|p2a: transsexual cat
|move|p1b: Tauros|Wave Crash|p2b: angsty teenage son
|-activate|p2b: angsty teenage son|move: Protect
|
|-heal|p2b: angsty teenage son|71/100|[from] Grassy Terrain
|-heal|p2b: angsty teenage son|77/100|[from] item: Leftovers
|upkeep
|
|t:|1756724884
|switch|p2a: hetero couple|Maushold, L50|100/100
|turn|5
|
|t:|1756724903
|move|p1b: Tauros|Protect|p1b: Tauros
|-singleturn|p1b: Tauros|Protect
|move|p1a: Dragapult|Dragon Darts|p2a: hetero couple
|-damage|p2a: hetero couple|44/100
|-anim|p1a: Dragapult|Dragon Darts|p2b: angsty teenage son
|-damage|p2b: angsty teenage son|56/100
|move|p2a: hetero couple|Population Bomb|p1b: Tauros
|-activate|p1b: Tauros|move: Protect
|move|p2b: angsty teenage son|Drain Punch|p1b: Tauros
|-activate|p1b: Tauros|move: Protect
|
|-heal|p2a: hetero couple|50/100|[from] Grassy Terrain
|-heal|p2b: angsty teenage son|62/100|[from] Grassy Terrain
|-heal|p2b: angsty teenage son|68/100|[from] item: Leftovers
|-fieldend|move: Grassy Terrain
|upkeep
|turn|6
|
|t:|1756724929
|move|p1b: Tauros|Aqua Jet|p2b: angsty teenage son
|-supereffective|p2b: angsty teenage son
|-damage|p2b: angsty teenage son|13/100
|move|p1a: Dragapult|Dragon Darts|p2a: hetero couple
|-damage|p2a: hetero couple|0 fnt
|-anim|p1a: Dragapult|Dragon Darts|p2b: angsty teenage son
|-damage|p2b: angsty teenage son|0 fnt
|faint|p2a: hetero couple
|faint|p2b: angsty teenage son
|
|upkeep
|
|t:|1756724939
|switch|p2a: homosexual dog|Dragonite, L50, F|100/100
|turn|7
|c|☆MobiusVGC|ggs
|c|☆ossigt|gg
|-message|MobiusVGC forfeited.
|
|win|ossigt
|raw|ossigt's rating: 1095 → 1118(+23 for winning)
|raw|MobiusVGC's rating: 1058 → 1041(-17 for losing)
|l|☆MobiusVGC
|player|p2|
