|j|☆Prof55
|j|☆Synthexaria
|html|Prof55Synthexaria    
|uhtml|bestof|Game 1 of a best-of-3
|t:|1785426781
|gametype|doubles
|player|p1|Prof55|norman|
|player|p2|Synthexaria|guitarist|
|gen|9
|tier|[Gen 9 Champions] VGC 2026 Reg M-B (Bo3)
|rule|Species Clause: Limit one of each Pokémon
|rule|Item Clause: Limit 1 of each item
|clearpoke
|poke|p1|Simisage, L50, M|
|poke|p1|Tauros, L50, M|
|poke|p1|Ariados, L50, M|
|poke|p1|Rotom-Frost, L50|
|poke|p1|Avalugg-Hisui, L50, M|
|poke|p1|Scizor, L50, F|
|poke|p2|Annihilape, L50, F|
|poke|p2|Conkeldurr, L50, F, shiny|
|poke|p2|Decidueye-Hisui, L50, M|
|poke|p2|Arcanine, L50, F|
|poke|p2|Chimecho, L50, F|
|poke|p2|Empoleon, L50, F|
|teampreview|4
|showteam|p1|Simisage||SitrusBerry|Overgrow|FakeOut,LeechSeed,StuffCheeks,Recycle|Jolly||M|||50|]Tauros||LifeOrb|SheerForce|DoubleEdge,CloseCombat,Earthquake,WildCharge|Jolly||M|||50|]Ariados||Leftovers|Sniper|StickyWeb,RagePowder,Toxic,Infestation|Calm||M|||50|]Rotom-Frost||MentalHerb|Levitate|Electroweb,LightScreen,Reflect,WillOWisp|Calm|||||50|]Avalugg-Hisui||ChopleBerry|Sturdy|WideGuard,GyroBall,Curse,RockBlast|Brave||M|||50|]Scizor||OccaBerry|Technician|Tailwind,BulletPunch,CloseCombat,Protect|Impish||F|||50|
|showteam|p2|Annihilape||SitrusBerry|Defiant|RageFist,DrainPunch,BulkUp,Protect|Careful||F|||50|]Conkeldurr||BlackBelt|Guts|DrainPunch,MachPunch,KnockOff,Protect|Adamant||F|||50|]Decidueye-Hisui||WiseGlasses|Scrappy|LeafBlade,CloseCombat,ShadowSneak,Protect|Adamant||M|||50|]Arcanine||Charcoal|Intimidate|FlareBlitz,Snarl,WillOWisp,Protect|Jolly||F|||50|]Chimecho||LightClay|Levitate|Reflect,LightScreen,IcyWind,Recover|Calm||F|||50|]Empoleon||Leftovers|Torrent|Surf,FlashCannon,Roar,Protect|Calm||F|||50|
|
|t:|1785426821
|teamsize|p1|4
|teamsize|p2|4
|start
|switch|p1a: Rotom|Rotom-Frost, L50|100/100
|switch|p1b: Simisage|Simisage, L50, M|100/100
|switch|p2a: Echo Seraph|Chimecho, L50, F|100/100
|switch|p2b: Rage//Install|Annihilape, L50, F|100/100
|turn|1
|
|t:|1785426848
|move|p1b: Simisage|Fake Out|p2a: Echo Seraph
|-damage|p2a: Echo Seraph|87/100
|move|p2b: Rage//Install|Bulk Up|p2b: Rage//Install
|-boost|p2b: Rage//Install|atk|1
|-boost|p2b: Rage//Install|def|1
|move|p1a: Rotom|Reflect|p1a: Rotom
|-sidestart|p1: Prof55|Reflect
|cant|p2a: Echo Seraph|flinch
|
|upkeep
|turn|2
|
|t:|1785426865
|move|p1b: Simisage|Leech Seed|p2a: Echo Seraph
|-start|p2a: Echo Seraph|move: Leech Seed
|move|p2b: Rage//Install|Bulk Up|p2b: Rage//Install
|-boost|p2b: Rage//Install|atk|1
|-boost|p2b: Rage//Install|def|1
|move|p1a: Rotom|Will-O-Wisp|p2b: Rage//Install
|-status|p2b: Rage//Install|brn
|move|p2a: Echo Seraph|Light Screen|p2a: Echo Seraph
|-sidestart|p2: Synthexaria|move: Light Screen
|
|-damage|p2a: Echo Seraph|75/100|[from] Leech Seed|[of] p1b: Simisage
|-damage|p2b: Rage//Install|94/100 brn|[from] brn
|upkeep
|turn|3
|
|t:|1785426894
|switch|p1b: Scizor|Scizor, L50, F|100/100
|move|p2b: Rage//Install|Drain Punch|p1a: Rotom
|-supereffective|p1a: Rotom|1
|-damage|p1a: Rotom|58/100
|-heal|p2b: Rage//Install|100/100 brn|[from] drain|[of] p1a: Rotom
|move|p1a: Rotom|Electroweb|p2a: Echo Seraph|[spread] p2a,p2b
|-damage|p2a: Echo Seraph|68/100
|-damage|p2b: Rage//Install|93/100 brn
|-unboost|p2a: Echo Seraph|spe|1
|-unboost|p2b: Rage//Install|spe|1
|-ability|p2b: Rage//Install|Defiant|boost
|-boost|p2b: Rage//Install|atk|2
|move|p2a: Echo Seraph|Icy Wind|p1b: Scizor|[spread] p1a
|-miss|p2a: Echo Seraph|p1b: Scizor
|-resisted|p1a: Rotom|1
|-damage|p1a: Rotom|54/100
|-unboost|p1a: Rotom|spe|1
|
|-damage|p2a: Echo Seraph|56/100|[from] Leech Seed|[of] p1b: Scizor
|-damage|p2b: Rage//Install|87/100 brn|[from] brn
|upkeep
|turn|4
|
|t:|1785426928
|switch|p1a: Simisage|Simisage, L50, M|100/100
|move|p1b: Scizor|Close Combat|p2a: Echo Seraph
|-resisted|p2a: Echo Seraph|1
|-damage|p2a: Echo Seraph|37/100
|-unboost|p1b: Scizor|def|1
|-unboost|p1b: Scizor|spd|1
|move|p2b: Rage//Install|Drain Punch|p1a: Simisage
|-crit|p1a: Simisage
|-damage|p1a: Simisage|10/100
|-heal|p2b: Rage//Install|100/100 brn|[from] drain|[of] p1a: Simisage
|-enditem|p1a: Simisage|Sitrus Berry|[eat]
|-heal|p1a: Simisage|35/100|[from] item: Sitrus Berry
|move|p2a: Echo Seraph|Recover|p2a: Echo Seraph
|-heal|p2a: Echo Seraph|87/100
|
|-damage|p2a: Echo Seraph|75/100|[from] Leech Seed|[of] p1b: Scizor
|-damage|p2b: Rage//Install|94/100 brn|[from] brn
|upkeep
|turn|5
|
|t:|1785426956
|move|p1a: Simisage|Fake Out|p2a: Echo Seraph
|-damage|p2a: Echo Seraph|64/100
|move|p1b: Scizor|Close Combat|p2a: Echo Seraph
|-resisted|p2a: Echo Seraph|1
|-damage|p2a: Echo Seraph|42/100
|-unboost|p1b: Scizor|def|1
|-unboost|p1b: Scizor|spd|1
|move|p2b: Rage//Install|Bulk Up|p2b: Rage//Install
|-boost|p2b: Rage//Install|atk|1
|-boost|p2b: Rage//Install|def|1
|cant|p2a: Echo Seraph|flinch
|
|-damage|p2a: Echo Seraph|30/100|[from] Leech Seed|[of] p1b: Scizor
|-damage|p2b: Rage//Install|88/100 brn|[from] brn
|-sideend|p1: Prof55|Reflect
|upkeep
|turn|6
|
|t:|1785426988
|move|p1a: Simisage|Leech Seed|p2b: Rage//Install
|-start|p2b: Rage//Install|move: Leech Seed
|move|p1b: Scizor|Close Combat|p2a: Echo Seraph
|-resisted|p2a: Echo Seraph|1
|-damage|p2a: Echo Seraph|9/100
|-unboost|p1b: Scizor|def|1
|-unboost|p1b: Scizor|spd|1
|move|p2b: Rage//Install|Drain Punch|p1a: Simisage
|-damage|p1a: Simisage|0 fnt
|-heal|p2b: Rage//Install|100/100 brn|[from] drain|[of] p1a: Simisage
|faint|p1a: Simisage
|move|p2a: Echo Seraph|Recover|p2a: Echo Seraph
|-heal|p2a: Echo Seraph|59/100
|
|-damage|p2a: Echo Seraph|47/100|[from] Leech Seed|[of] p1b: Scizor
|-damage|p2b: Rage//Install|94/100 brn|[from] brn
|upkeep
|
|t:|1785427007
|switch|p1a: Rotom|Rotom-Frost, L50|54/100
|turn|7
|
|t:|1785427019
|switch|p1b: Avalugg|Avalugg-Hisui, L50, M|100/100
|move|p1a: Rotom|Reflect|p1a: Rotom
|-sidestart|p1: Prof55|Reflect
|move|p2b: Rage//Install|Drain Punch|p1a: Rotom
|-supereffective|p1a: Rotom|1
|-damage|p1a: Rotom|0 fnt
|-heal|p2b: Rage//Install|100/100 brn|[from] drain|[of] p1a: Rotom
|faint|p1a: Rotom
|move|p2a: Echo Seraph|Reflect|p2a: Echo Seraph
|-sidestart|p2: Synthexaria|Reflect
|
|-damage|p2a: Echo Seraph|35/100|[from] Leech Seed|[of] p1b: Avalugg
|-damage|p2b: Rage//Install|94/100 brn|[from] brn
|upkeep
|
|t:|1785427032
|switch|p1a: Scizor|Scizor, L50, F|100/100
|turn|8
|
|t:|1785427039
|move|p1a: Scizor|Close Combat|p2a: Echo Seraph
|-resisted|p2a: Echo Seraph|1
|-damage|p2a: Echo Seraph|21/100
|-unboost|p1a: Scizor|def|1
|-unboost|p1a: Scizor|spd|1
|move|p2b: Rage//Install|Drain Punch|p1b: Avalugg
|-supereffective|p1b: Avalugg|2
|-enditem|p1b: Avalugg|Chople Berry|[eat]
|-enditem|p1b: Avalugg|Chople Berry|[weaken]
|-damage|p1b: Avalugg|65/100
|-heal|p2b: Rage//Install|100/100 brn|[from] drain|[of] p1b: Avalugg
|move|p2a: Echo Seraph|Recover|p2a: Echo Seraph
|-heal|p2a: Echo Seraph|71/100
|move|p1b: Avalugg|Rock Blast|p2a: Echo Seraph
|-damage|p2a: Echo Seraph|60/100
|-damage|p2a: Echo Seraph|50/100y
|-damage|p2a: Echo Seraph|39/100
|-hitcount|p2a: Echo Seraph|3
|
|-damage|p2b: Rage//Install|87/100 brn|[from] Leech Seed|[of] p1a: Scizor
|-damage|p2a: Echo Seraph|26/100|[from] Leech Seed|[of] p1b: Avalugg
|-heal|p1b: Avalugg|76/100|[silent]
|-damage|p2b: Rage//Install|81/100 brn|[from] brn
|upkeep
|turn|9
|
|t:|1785427073
|switch|p2b: Frost Regent|Empoleon, L50, F|100/100
|move|p1a: Scizor|Close Combat|p2a: Echo Seraph
|-resisted|p2a: Echo Seraph|1
|-damage|p2a: Echo Seraph|12/100
|-unboost|p1a: Scizor|def|1
|-unboost|p1a: Scizor|spd|1
|move|p2a: Echo Seraph|Recover|p2a: Echo Seraph
|-heal|p2a: Echo Seraph|62/100
|move|p1b: Avalugg|Rock Blast|p2a: Echo Seraph
|-damage|p2a: Echo Seraph|51/100
|-crit|p2a: Echo Seraph
|-damage|p2a: Echo Seraph|26/100
|-damage|p2a: Echo Seraph|15/100
|-damage|p2a: Echo Seraph|4/100
|-damage|p2a: Echo Seraph|0 fnt
|faint|p2a: Echo Seraph
|-hitcount|p2: Echo Seraph|5
|
|-sideend|p2: Synthexaria|move: Light Screen
|upkeep
|
|t:|1785427092
|switch|p2a: Wraithshot|Decidueye-Hisui, L50, M|100/100
|turn|10
|
|t:|1785427110
|move|p1a: Scizor|Close Combat|p2b: Frost Regent
|-supereffective|p2b: Frost Regent|1
|-damage|p2b: Frost Regent|52/100
|-unboost|p1a: Scizor|def|1
|-unboost|p1a: Scizor|spd|1
|move|p2a: Wraithshot|Leaf Blade|p1b: Avalugg
|-supereffective|p1b: Avalugg|1
|-damage|p1b: Avalugg|46/100
|move|p2b: Frost Regent|Surf|p1a: Scizor|[spread] p2a,p1a,p1b
|-resisted|p2a: Wraithshot|1
|-supereffective|p1b: Avalugg|1
|-damage|p2a: Wraithshot|87/100
|-damage|p1a: Scizor|26/100
|-damage|p1b: Avalugg|0 fnt
|faint|p1b: Avalugg
|
|-heal|p2b: Frost Regent|58/100|[from] item: Leftovers
|upkeep
|turn|11
|
|t:|1785427130
|move|p1a: Scizor|Protect|p1a: Scizor
|-singleturn|p1a: Scizor|Protect
|move|p2a: Wraithshot|Shadow Sneak|p1a: Scizor
|-activate|p1a: Scizor|move: Protect
|move|p2b: Frost Regent|Surf|p1a: Scizor|[spread] p2a
|-activate|p1a: Scizor|move: Protect
|-resisted|p2a: Wraithshot|1
|-damage|p2a: Wraithshot|75/100
|
|-heal|p2b: Frost Regent|63/100|[from] item: Leftovers
|-sideend|p1: Prof55|Reflect
|upkeep
|turn|12
|
|t:|1785427145
|move|p1a: Scizor|Close Combat|p2b: Frost Regent
|-supereffective|p2b: Frost Regent|1
|-crit|p2b: Frost Regent
|-damage|p2b: Frost Regent|0 fnt
|-unboost|p1a: Scizor|def|1
|-unboost|p1a: Scizor|spd|1
|faint|p2b: Frost Regent
|move|p2a: Wraithshot|Close Combat|p1a: Scizor
|-damage|p1a: Scizor|0 fnt
|-unboost|p2a: Wraithshot|def|1
|-unboost|p2a: Wraithshot|spd|1
|faint|p1a: Scizor
|
|win|Synthexaria
|inactive|Prof55 has 30 seconds to confirm battle start!
|inactive|Synthexaria has 30 seconds to confirm battle start!
||Prof55 is ready for game 2.
