|j|☆jagheter
|j|☆greenlightdmp
|html|jaghetergreenlightdmp    
|uhtml|bestof|Game 2 of a best-of-3
|t:|1756445577
|gametype|doubles
|player|p1|jagheter|worker|1066
|player|p2|greenlightdmp|266|1143
|gen|9
|tier|[Gen 9] VGC 2025 Reg H (Bo3)
|rated|
|rule|Species Clause: Limit one of each Pokémon
|rule|Item Clause: Limit 1 of each item
|clearpoke
|poke|p1|Venusaur, L50, F|
|poke|p1|Volcarona, L50, F|
|poke|p1|Incineroar, L50, M|
|poke|p1|Grimmsnarl, L50, M|
|poke|p1|Dondozo, L50, M|
|poke|p1|Rillaboom, L50, M|
|poke|p2|Sneasler, L50, M|
|poke|p2|Rillaboom, L50, F|
|poke|p2|Volcarona, L50, F|
|poke|p2|Dragonite, L50, M|
|poke|p2|Basculegion, L50, M|
|poke|p2|Kingambit, L50, F|
|teampreview|4
|showteam|p1|Venusaur||WideLens|Chlorophyll|SleepPowder,Protect,SludgeBomb,EarthPower|||F|||50|,,,,,Ghost]Volcarona||CovertCloak|FlameBody|FieryDance,GigaDrain,QuiverDance,Protect|||F|||50|,,,,,Dragon]Incineroar||MirrorHerb|Intimidate|FakeOut,KnockOff,Taunt,FlareBlitz|||M|||50|,,,,,Ghost]Grimmsnarl||BlackGlasses|Prankster|Reflect,LightScreen,SpiritBreak,SuckerPunch|||M|||50|,,,,,Dark]Dondozo||Leftovers|Unaware|Fissure,Protect,Liquidation,Yawn|||M|||50|,,,,,Ghost]Rillaboom||AssaultVest|GrassySurge|FakeOut,WoodHammer,GrassyGlide,Uturn|||M|||50|,,,,,Fire
|showteam|p2|Sneasler||FocusSash|Unburden|CloseCombat,DireClaw,FakeOut,Protect|||M|||50|,,,,,Stellar]Rillaboom||AssaultVest|GrassySurge|WoodHammer,GrassyGlide,HighHorsepower,FakeOut|||F|||50|,,,,,Fire]Volcarona||CovertCloak|FlameBody|HeatWave,TeraBlast,QuiverDance,Protect|||F|||50|,,,,,Fairy]Dragonite||LoadedDice|Multiscale|ScaleShot,IronHead,Protect,Haze|||M|||50|,,,,,Steel]Basculegion||ChoiceScarf|Adaptability|FlipTurn,LastRespects,WaveCrash,AquaJet|||M|||50|,,,,,Water]Kingambit||SafetyGoggles|Defiant|KowtowCleave,SuckerPunch,SwordsDance,Protect|||F|||50|,,,,,Dark
|
|t:|1756445615
|teamsize|p1|4
|teamsize|p2|4
|start
|switch|p1a: Grimmsnarl|Grimmsnarl, L50, M, shiny|100/100
|switch|p1b: Volcarona|Volcarona, L50, F, shiny|100/100
|switch|p2a: Volcarona|Volcarona, L50, F|100/100
|switch|p2b: Sneasler|Sneasler, L50, M|100/100
|turn|1
|
|t:|1756445636
|switch|p1a: Incineroar|Incineroar, L50, M, shiny|100/100
|-ability|p1a: Incineroar|Intimidate|boost
|-unboost|p2a: Volcarona|atk|1
|-unboost|p2b: Sneasler|atk|1
|move|p2b: Sneasler|Dire Claw|p1b: Volcarona
|-damage|p1b: Volcarona|72/100
|-status|p2b: Sneasler|brn|[from] ability: Flame Body|[of] p1b: Volcarona
|move|p2a: Volcarona|Quiver Dance|p2a: Volcarona
|-boost|p2a: Volcarona|spa|1
|-boost|p2a: Volcarona|spd|1
|-boost|p2a: Volcarona|spe|1
|-enditem|p1a: Incineroar|Mirror Herb
|-boost|p1a: Incineroar|spa|1|[from] item: Mirror Herb
|-boost|p1a: Incineroar|spd|1|[from] item: Mirror Herb
|-boost|p1a: Incineroar|spe|1|[from] item: Mirror Herb
|move|p1b: Volcarona|Quiver Dance|p1b: Volcarona
|-boost|p1b: Volcarona|spa|1
|-boost|p1b: Volcarona|spd|1
|-boost|p1b: Volcarona|spe|1
|
|-damage|p2b: Sneasler|95/100 brn|[from] brn
|upkeep
|turn|2
|
|t:|1756445662
|move|p1b: Volcarona|Protect|p1b: Volcarona
|-singleturn|p1b: Volcarona|Protect
|move|p2a: Volcarona|Quiver Dance|p2a: Volcarona
|-boost|p2a: Volcarona|spa|1
|-boost|p2a: Volcarona|spd|1
|-boost|p2a: Volcarona|spe|1
|move|p2b: Sneasler|Dire Claw|p1a: Incineroar
|-damage|p1a: Incineroar|86/100
|-status|p1a: Incineroar|psn
|move|p1a: Incineroar|Flare Blitz|p2a: Volcarona
|-damage|p2a: Volcarona|35/100
|-damage|p1a: Incineroar|67/100 psn|[from] Recoil
|
|-damage|p1a: Incineroar|55/100 psn|[from] psn
|-damage|p2b: Sneasler|89/100 brn|[from] brn
|upkeep
|turn|3
|
|t:|1756445689
|-terastallize|p1b: Volcarona|Dragon
|move|p2a: Volcarona|Protect|p2a: Volcarona
|-singleturn|p2a: Volcarona|Protect
|move|p1b: Volcarona|Fiery Dance|p2b: Sneasler
|-damage|p2b: Sneasler|4/100 brn
|move|p2b: Sneasler|Close Combat|p1a: Incineroar
|-supereffective|p1a: Incineroar
|-damage|p1a: Incineroar|18/100 psn
|-unboost|p2b: Sneasler|def|1
|-unboost|p2b: Sneasler|spd|1
|move|p1a: Incineroar|Flare Blitz|p2a: Volcarona
|-activate|p2a: Volcarona|move: Protect
|
|-damage|p1a: Incineroar|6/100 psn|[from] psn
|-damage|p2b: Sneasler|0 fnt|[from] brn
|faint|p2b: Sneasler
|upkeep
|
|t:|1756445716
|switch|p2b: Basculegion|Basculegion, L50, M|100/100
|turn|4
|
|t:|1756445736
|-terastallize|p2a: Volcarona|Fairy
|move|p1b: Volcarona|Protect|p1b: Volcarona
|-singleturn|p1b: Volcarona|Protect
|move|p2a: Volcarona|Tera Blast|p1b: Volcarona|[anim] Tera Blast Fairy
|-activate|p1b: Volcarona|move: Protect
|move|p2b: Basculegion|Flip Turn|p1a: Incineroar
|-supereffective|p1a: Incineroar
|-damage|p1a: Incineroar|0 fnt
|faint|p1a: Incineroar
|
|t:|1756445746
|switch|p2b: Rillaboom|Rillaboom, L50, F|100/100|[from] Flip Turn
|-fieldstart|move: Grassy Terrain|[from] ability: Grassy Surge|[of] p2b: Rillaboom
|
|-heal|p2a: Volcarona|41/100|[from] Grassy Terrain
|-heal|p1b: Volcarona|78/100|[from] Grassy Terrain
|upkeep
|
|t:|1756445750
|switch|p1a: Grimmsnarl|Grimmsnarl, L50, M, shiny|100/100
|turn|5
|
|t:|1756445766
|switch|p1b: Dondozo|Dondozo, L50, M, shiny|100/100
|move|p2b: Rillaboom|Fake Out|p1a: Grimmsnarl
|-damage|p1a: Grimmsnarl|84/100
|move|p2a: Volcarona|Tera Blast|p1b: Dondozo|[anim] Tera Blast Fairy
|-damage|p1b: Dondozo|66/100
|cant|p1a: Grimmsnarl|flinch
|
|-heal|p2a: Volcarona|47/100|[from] Grassy Terrain
|-heal|p1a: Grimmsnarl|90/100|[from] Grassy Terrain
|-heal|p1b: Dondozo|73/100|[from] Grassy Terrain
|-heal|p1b: Dondozo|79/100|[from] item: Leftovers
|upkeep
|turn|6
|
|t:|1756445785
|switch|p1b: Volcarona|Volcarona, L50, F, shiny, tera:Dragon|78/100
|move|p1a: Grimmsnarl|Reflect|p1a: Grimmsnarl
|-sidestart|p1: jagheter|Reflect
|move|p2a: Volcarona|Tera Blast|p1b: Volcarona|[anim] Tera Blast Fairy
|-supereffective|p1b: Volcarona
|-damage|p1b: Volcarona|0 fnt
|faint|p1b: Volcarona
|move|p2b: Rillaboom|Wood Hammer|p1a: Grimmsnarl
|-damage|p1a: Grimmsnarl|25/100
|-damage|p2b: Rillaboom|80/100|[from] Recoil
|
|-heal|p2a: Volcarona|52/100|[from] Grassy Terrain
|-heal|p2b: Rillaboom|87/100|[from] Grassy Terrain
|-heal|p1a: Grimmsnarl|32/100|[from] Grassy Terrain
|upkeep
|
|t:|1756445794
|switch|p1b: Dondozo|Dondozo, L50, M, shiny|79/100
|turn|7
|
|t:|1756445806
|move|p1a: Grimmsnarl|Light Screen|p1a: Grimmsnarl
|-sidestart|p1: jagheter|move: Light Screen
|move|p2a: Volcarona|Tera Blast|p1a: Grimmsnarl|[anim] Tera Blast Fairy
|-supereffective|p1a: Grimmsnarl
|-damage|p1a: Grimmsnarl|0 fnt
|faint|p1a: Grimmsnarl
|move|p2b: Rillaboom|Wood Hammer|p1b: Dondozo
|-supereffective|p1b: Dondozo
|-crit|p1b: Dondozo
|-damage|p1b: Dondozo|0 fnt
|faint|p1b: Dondozo
|-damage|p2b: Rillaboom|55/100|[from] Recoil
|
|win|greenlightdmp
||jagheter is ready for game 3.
