|j|☆Tsbaassdff
|j|☆hagay123
|html|Tsbaassdffhagay123    
|uhtml|bestof|Game 2 of a best-of-3
|t:|1757923707
|gametype|doubles
|player|p1|Tsbaassdff|169|1044
|player|p2|hagay123|102|1023
|gen|9
|tier|[Gen 9] VGC 2025 Reg H (Bo3)
|rated|
|rule|Species Clause: Limit one of each Pokémon
|rule|Item Clause: Limit 1 of each item
|clearpoke
|poke|p1|Weavile, L50, F|
|poke|p1|Ursaluna-Bloodmoon, L50, M|
|poke|p1|Skeledirge, L50, M|
|poke|p1|Gastrodon, L50, M|
|poke|p1|Sneasler, L50, F|
|poke|p1|Sinistcha, L50|
|poke|p2|Politoed, L50, F|
|poke|p2|Primarina, L50, F|
|poke|p2|Incineroar, L50, M|
|poke|p2|Amoonguss, L50, F|
|poke|p2|Kingdra, L50, M|
|poke|p2|Arcanine-Hisui, L50, F|
|teampreview|4
|showteam|p1|Weavile||FocusSash|Pressure|IceSpinner,IcicleSpear,KnockOff,Protect|||F|||50|,,,,,Ghost]Ursaluna-Bloodmoon||LifeOrb|MindsEye|BloodMoon,EarthPower,HyperVoice,Protect|||M|||50|,,,,,Ghost]Skeledirge||Leftovers|Unaware|AlluringVoice,TorchSong,ShadowBall,Protect|||M|||50|,,,,,Grass]Gastrodon||SitrusBerry|StormDrain|IcyWind,EarthPower,Yawn,MuddyWater|||M|||50|,,,,,Fire]Sneasler||WhiteHerb|Unburden|FakeOut,CloseCombat,DireClaw,Protect|||F|||50|,,,,,Ghost]Sinistcha||RockyHelmet|Hospitality|RagePowder,MatchaGotcha,ShadowBall,LifeDew||||||50|,,,,,Dark
|showteam|p2|Politoed||Leftovers|Drizzle|EarthPower,Protect,WeatherBall,Encore|||F|||50|,,,,,Water]Primarina||ThroatSpray|LiquidVoice|HyperVoice,Moonblast,IcyWind,Protect|||F|||50|,,,,,Poison]Incineroar||SafetyGoggles|Intimidate|FakeOut,KnockOff,PartingShot,Protect|||M|||50|,,,,,Ghost]Amoonguss||SitrusBerry|Regenerator|RagePowder,Spore,SludgeBomb,Protect|||F|||50|,,,,,Water]Kingdra||LifeOrb|SwiftSwim|DracoMeteor,MuddyWater,WeatherBall,Protect|||M|||50|,,,,,Stellar]Arcanine-Hisui||AssaultVest|Intimidate|ExtremeSpeed,FlareBlitz,FlameCharge,RockSlide|||F|||50|,,,,,Water
|
|t:|1757923732
|teamsize|p1|4
|teamsize|p2|4
|start
|switch|p1a: Gastrodon|Gastrodon, L50, M|100/100
|switch|p1b: Skeledirge|Skeledirge, L50, M|100/100
|switch|p2a: Incineroar|Incineroar, L50, M|100/100
|switch|p2b: Primarina|Primarina, L50, F|100/100
|-ability|p2a: Incineroar|Intimidate|boost
|-unboost|p1a: Gastrodon|atk|1
|-unboost|p1b: Skeledirge|atk|1
|turn|1
|
|t:|1757923751
|move|p1b: Skeledirge|Protect|p1b: Skeledirge
|-singleturn|p1b: Skeledirge|Protect
|move|p2a: Incineroar|Fake Out|p1a: Gastrodon
|-damage|p1a: Gastrodon|89/100
|move|p2b: Primarina|Moonblast|p1a: Gastrodon
|-crit|p1a: Gastrodon
|-damage|p1a: Gastrodon|23/100
|-enditem|p1a: Gastrodon|Sitrus Berry|[eat]
|-heal|p1a: Gastrodon|47/100|[from] item: Sitrus Berry
|cant|p1a: Gastrodon|flinch
|
|upkeep
|turn|2
|
|t:|1757923770
|switch|p1b: Sneasler|Sneasler, L50, F|100/100
|move|p2b: Primarina|Moonblast|p1a: Gastrodon
|-damage|p1a: Gastrodon|3/100
|move|p2a: Incineroar|Knock Off|p1b: Sneasler
|-resisted|p1b: Sneasler
|-damage|p1b: Sneasler|70/100
|-enditem|p1b: Sneasler|White Herb|[from] move: Knock Off|[of] p2a: Incineroar
|move|p1a: Gastrodon|Earth Power|p2a: Incineroar
|-supereffective|p2a: Incineroar
|-damage|p2a: Incineroar|39/100
|
|upkeep
|turn|3
|
|t:|1757923787
|move|p2b: Primarina|Protect|p2b: Primarina
|-singleturn|p2b: Primarina|Protect
|move|p2a: Incineroar|Protect|p2a: Incineroar
|-singleturn|p2a: Incineroar|Protect
|move|p1b: Sneasler|Dire Claw|p2b: Primarina
|-activate|p2b: Primarina|move: Protect
|move|p1a: Gastrodon|Muddy Water|p2b: Primarina|[spread] 
|-activate|p2a: Incineroar|move: Protect
|-activate|p2b: Primarina|move: Protect
|
|upkeep
|turn|4
|
|t:|1757923811
|switch|p2a: Politoed|Politoed, L50, F|100/100
|-weather|RainDance|[from] ability: Drizzle|[of] p2a: Politoed
|switch|p1a: Sinistcha|Sinistcha, L50|100/100
|-heal|p1b: Sneasler|94/100|[from] ability: Hospitality|[of] p1a: Sinistcha
|move|p1b: Sneasler|Dire Claw|p2b: Primarina
|-supereffective|p2b: Primarina
|-damage|p2b: Primarina|0 fnt
|faint|p2b: Primarina
|
|-weather|RainDance|[upkeep]
|upkeep
|
|t:|1757923826
|switch|p2b: Kingdra|Kingdra, L50, M|100/100
|turn|5
|
|t:|1757923839
|switch|p1b: Gastrodon|Gastrodon, L50, M|3/100
|move|p2b: Kingdra|Weather Ball|p1b: Gastrodon
|-ability|p1b: Gastrodon|Storm Drain|boost
|-boost|p1b: Gastrodon|spa|1
|move|p2a: Politoed|Weather Ball|p1b: Gastrodon
|-ability|p1b: Gastrodon|Storm Drain|boost
|-boost|p1b: Gastrodon|spa|1
|move|p1a: Sinistcha|Matcha Gotcha|p2a: Politoed|[spread] p2a
|-miss|p1a: Sinistcha|p2b: Kingdra
|-supereffective|p2a: Politoed
|-damage|p2a: Politoed|64/100
|
|-weather|RainDance|[upkeep]
|-heal|p2a: Politoed|70/100|[from] item: Leftovers
|upkeep
|turn|6
|-message|hagay123 forfeited.
|
|win|Tsbaassdff
|raw|Tsbaassdff's rating: 1044 → 1075(+31 for winning)
|raw|hagay123's rating: 1023 → 1010(-13 for losing)
|l|☆hagay123
|player|p2|
|l|☆Tsbaassdff
|player|p1|
