|j|☆coglio6789
|j|☆Adr1anTV
|html|coglio6789Adr1anTV    
|uhtml|bestof|Game 1 of a best-of-3
|t:|1782232295
|gametype|doubles
|player|p1|coglio6789|169|1070
|player|p2|Adr1anTV|misty|1083
|gen|9
|tier|[Gen 9 Champions] VGC 2026 Reg M-B (Bo3)
|rated|
|rule|Species Clause: Limit one of each Pokémon
|rule|Item Clause: Limit 1 of each item
|clearpoke
|poke|p1|Aerodactyl, L50, F|
|poke|p1|Garchomp, L50, M|
|poke|p1|Froslass, L50, F|
|poke|p1|Sneasler, L50, M|
|poke|p1|Rotom-Wash, L50|
|poke|p1|Kingambit, L50, F|
|poke|p2|Gardevoir, L50, M|
|poke|p2|Mudsdale, L50, F|
|poke|p2|Incineroar, L50, M|
|poke|p2|Gholdengo, L50|
|poke|p2|Hydreigon, L50, F|
|poke|p2|Aerodactyl, L50, F|
|teampreview|4
|showteam|p1|Aerodactyl||Aerodactylite|Unnerve|RockSlide,DualWingbeat,Tailwind,Protect|Jolly||F|||50|]Garchomp||FocusSash|RoughSkin|Earthquake,DragonClaw,Protect,RockTomb|Jolly||M|||50|]Froslass||Froslassite|CursedBody|Blizzard,ShadowBall,AuroraVeil,Protect|Modest||F|||50|]Sneasler||WhiteHerb|Unburden|CloseCombat,DireClaw,FakeOut,Protect|Adamant||M|||50|]Rotom-Wash||SitrusBerry|Levitate|HydroPump,Thunderbolt,WillOWisp,Protect|Modest|||||50|]Kingambit||LifeOrb|Defiant|KowtowCleave,SuckerPunch,IronHead,Protect|Adamant||F|||50|
|showteam|p2|Gardevoir||Gardevoirite|Synchronize|HyperVoice,Psychic,Protect,TrickRoom|Modest||M|||50|]Mudsdale||LifeOrb|InnerFocus|RockSlide,HighHorsepower,HeavySlam,Earthquake|Brave||F|||50|]Incineroar||SitrusBerry|Intimidate|FakeOut,PartingShot,FlareBlitz,Protect|Careful||M|||50|]Gholdengo||MetalCoat|GoodasGold|MakeItRain,ShadowBall,NastyPlot,Protect|Modest|||||50|]Hydreigon||ChoiceScarf|Levitate|DarkPulse,DracoMeteor,Snarl,EarthPower|Timid||F|||50|]Aerodactyl||FocusSash|RockHead|DualWingbeat,RockSlide,Tailwind,Protect|Jolly||F|||50|
|inactive|Battle timer is ON: inactive players will automatically lose when time's up. (requested by Adr1anTV)
|inactive|coglio6789 has 60 seconds left.
|inactive|coglio6789 has 30 seconds left.
|
|t:|1782232362
|teamsize|p1|4
|teamsize|p2|4
|start
|switch|p1a: Kingambit|Kingambit, L50, F|100/100
|switch|p1b: Aerodactyl|Aerodactyl, L50, F|100/100
|switch|p2a: German|Hydreigon, L50, F|100/100
|switch|p2b: Goatevoir|Gardevoir, L50, M|100/100
|-ability|p1b: Aerodactyl|Unnerve
|turn|1
|
|t:|1782232375
|detailschange|p1b: Aerodactyl|Aerodactyl-Mega, L50, F
|-mega|p1b: Aerodactyl|Aerodactyl|Aerodactylite
|detailschange|p2b: Goatevoir|Gardevoir-Mega, L50, M
|-mega|p2b: Goatevoir|Gardevoir|Gardevoirite
|move|p2a: German|Earth Power|p1a: Kingambit
|-supereffective|p1a: Kingambit|1
|-damage|p1a: Kingambit|39/100
|move|p1b: Aerodactyl|Tailwind|p1b: Aerodactyl
|-sidestart|p1: coglio6789|move: Tailwind
|move|p1a: Kingambit|Iron Head|p2b: Goatevoir
|-supereffective|p2b: Goatevoir|1
|-damage|p2b: Goatevoir|0 fnt
|faint|p2b: Goatevoir
|-damage|p1a: Kingambit|29/100|[from] item: Life Orb
|
|upkeep
|
|t:|1782232381
|switch|p2b: Bubba!|Mudsdale, L50, F|100/100
|turn|2
|
|t:|1782232405
|move|p1a: Kingambit|Sucker Punch|p2b: Bubba!
|-damage|p2b: Bubba!|54/100
|-damage|p1a: Kingambit|20/100r|[from] item: Life Orb
|move|p1b: Aerodactyl|Dual Wingbeat|p2b: Bubba!
|-damage|p2b: Bubba!|34/100
|-damage|p2b: Bubba!|14/100
|-hitcount|p2b: Bubba!|2
|move|p2a: German|Earth Power|p1a: Kingambit
|-supereffective|p1a: Kingambit|1
|-damage|p1a: Kingambit|0 fnt
|faint|p1a: Kingambit
|move|p2b: Bubba!|Heavy Slam|p1b: Aerodactyl
|-supereffective|p1b: Aerodactyl|1
|-damage|p1b: Aerodactyl|0 fnt
|faint|p1b: Aerodactyl
|-damage|p2b: Bubba!|4/100|[from] item: Life Orb
|
|upkeep
|
|t:|1782232418
|switch|p1b: Rotom|Rotom-Wash, L50|100/100
|switch|p1a: Garchomp|Garchomp, L50, M|100/100
|turn|3
|
|t:|1782232433
|switch|p2a: Jordan Delvin|Incineroar, L50, M|100/100
|-ability|p2a: Jordan Delvin|Intimidate|boost
|-unboost|p1a: Garchomp|atk|1
|-unboost|p1b: Rotom|atk|1
|move|p1a: Garchomp|Dragon Claw|p2b: Bubba!
|-damage|p2b: Bubba!|0 fnt
|faint|p2b: Bubba!
|move|p1b: Rotom|Thunderbolt|p2a: Jordan Delvin
|-damage|p2a: Jordan Delvin|74/100
|-status|p2a: Jordan Delvin|par
|
|upkeep
|
|t:|1782232437
|switch|p2b: German|Hydreigon, L50, F|100/100
|turn|4
|
|t:|1782232450
|move|p1a: Garchomp|Protect|p1a: Garchomp
|-singleturn|p1a: Garchomp|Protect
|move|p2a: Jordan Delvin|Fake Out|p1a: Garchomp
|-activate|p1a: Garchomp|move: Protect
|move|p2b: German|Draco Meteor|p1a: Garchomp
|-activate|p1a: Garchomp|move: Protect
|move|p1b: Rotom|Hydro Pump|p2a: Jordan Delvin
|-supereffective|p2a: Jordan Delvin|1
|-damage|p2a: Jordan Delvin|12/100 par
|-enditem|p2a: Jordan Delvin|Sitrus Berry|[eat]
|-heal|p2a: Jordan Delvin|37/100 par|[from] item: Sitrus Berry
|
|-sideend|p1: coglio6789|move: Tailwind
|upkeep
|turn|5
|
|t:|1782232469
|move|p2a: Jordan Delvin|Protect|p2a: Jordan Delvin
|-singleturn|p2a: Jordan Delvin|Protect
|move|p2b: German|Draco Meteor|p1a: Garchomp
|-supereffective|p1a: Garchomp|1
|-crit|p1a: Garchomp
|-enditem|p1a: Garchomp|Focus Sash
|-damage|p1a: Garchomp|1/100
|-unboost|p2b: German|spa|2
|move|p1a: Garchomp|Dragon Claw|p2b: German
|-supereffective|p2b: German|1
|-damage|p2b: German|34/100
|move|p1b: Rotom|Hydro Pump|p2a: Jordan Delvin
|-activate|p2a: Jordan Delvin|move: Protect
|
|upkeep
|turn|6
|
|t:|1782232483
|move|p1a: Garchomp|Protect|p1a: Garchomp
|-singleturn|p1a: Garchomp|Protect
|move|p2b: German|Draco Meteor|p1b: Rotom
|-damage|p1b: Rotom|66/100
|-unboost|p2b: German|spa|2
|move|p1b: Rotom|Hydro Pump|p2a: Jordan Delvin
|-supereffective|p2a: Jordan Delvin|1
|-damage|p2a: Jordan Delvin|0 fnt
|faint|p2a: Jordan Delvin
|
|upkeep
|turn|7
|
|t:|1782232496
|move|p2b: German|Draco Meteor|p1a: Garchomp|[miss]
|-miss|p2b: German|p1a: Garchomp
|move|p1a: Garchomp|Dragon Claw|p2b: German
|-supereffective|p2b: German|1
|-damage|p2b: German|0 fnt
|faint|p2b: German
|
|win|coglio6789
