|j|☆Sizzle2466
|j|☆deleno
|html|Sizzle2466deleno    
|uhtml|bestof|Game 1 of a best-of-3
|t:|1757709322
|gametype|doubles
|player|p1|Sizzle2466|2|1088
|player|p2|deleno|266|1100
|gen|9
|tier|[Gen 9] VGC 2025 Reg H (Bo3)
|rated|
|rule|Species Clause: Limit one of each Pokémon
|rule|Item Clause: Limit 1 of each item
|clearpoke
|poke|p1|Galvantula, L50, F|
|poke|p1|Incineroar, L50, F|
|poke|p1|Amoonguss, L50, M|
|poke|p1|Gholdengo, L50|
|poke|p1|Palafin, L50, M|
|poke|p1|Sneasler, L50, F|
|poke|p2|Excadrill, L50, F|
|poke|p2|Tyranitar, L50, M|
|poke|p2|Incineroar, L50, M|
|poke|p2|Amoonguss, L50, F|
|poke|p2|Corviknight, L50, F|
|poke|p2|Primarina, L50, M|
|teampreview|4
|showteam|p1|Galvantula||AssaultVest|CompoundEyes|Electroweb,BugBuzz,Thunder,VoltSwitch|||F|||50|,,,,,Electric]Incineroar||SafetyGoggles|Intimidate|FakeOut,FlareBlitz,KnockOff,PartingShot|||F|||50|,,,,,Ghost]Amoonguss||CovertCloak|Regenerator|Spore,RagePowder,SludgeBomb,PollenPuff|||M|||50|,,,,,Ghost]Gholdengo||SitrusBerry|GoodasGold|NastyPlot,MakeItRain,ShadowBall,Protect||||||50|,,,,,Water]Palafin||MysticWater|ZerotoHero|JetPunch,WaveCrash,Protect,FlipTurn|||M|||50|,,,,,Water]Sneasler||WhiteHerb|Unburden|Protect,CloseCombat,DireClaw,ThroatChop|||F|||50|,,,,,Stellar
|showteam|p2|Excadrill||ClearAmulet|SandRush|Protect,Earthquake,IronHead,HighHorsepower|||F|||50|,,,,,Stellar]Tyranitar||AssaultVest|SandStream|LowKick,RockSlide,KnockOff,TeraBlast|||M|||50|,,,,,Flying]Incineroar||SafetyGoggles|Intimidate|FakeOut,FlareBlitz,KnockOff,PartingShot|||M|||50|,,,,,Ghost]Amoonguss||CovertCloak|Regenerator|Spore,RagePowder,SludgeBomb,Protect|||F|||50|,,,,,Water]Corviknight||Leftovers|MirrorArmor|Protect,BraveBird,Tailwind,BulkUp|||F|||50|,,,,,Dragon]Primarina||ThroatSpray|LiquidVoice|Protect,Moonblast,Haze,HyperVoice|||M|||50|,,,,,Water
|
|t:|1757709356
|teamsize|p1|4
|teamsize|p2|4
|start
|switch|p1a: Palafin|Palafin, L50, M|100/100
|switch|p1b: Galvantula|Galvantula, L50, F|100/100
|switch|p2a: Tyranitar|Tyranitar, L50, M|100/100
|switch|p2b: Excadrill|Excadrill, L50, F, shiny|100/100
|-weather|Sandstorm|[from] ability: Sand Stream|[of] p2a: Tyranitar
|turn|1
|
|t:|1757709386
|move|p2b: Excadrill|High Horsepower|p1a: Palafin
|-damage|p1a: Palafin|41/100
|move|p1b: Galvantula|Volt Switch|p2a: Tyranitar
|-damage|p2a: Tyranitar|88/100
|
|t:|1757709392
|switch|p1b: Incineroar|Incineroar, L50, F|100/100|[from] Volt Switch
|-ability|p1b: Incineroar|Intimidate|boost
|-unboost|p2a: Tyranitar|atk|1
|-fail|p2b: Excadrill|unboost|[from] item: Clear Amulet|[of] p2b: Excadrill
|move|p1a: Palafin|Flip Turn|p2b: Excadrill
|-supereffective|p2b: Excadrill
|-damage|p2b: Excadrill|33/100
|
|t:|1757709401
|detailschange|p1a: Palafin|Palafin-Hero, L50, M
|switch|p1a: Galvantula|Galvantula, L50, F|100/100|[from] Flip Turn
|move|p2a: Tyranitar|Rock Slide|p1b: Incineroar|[spread] p1a,p1b
|-supereffective|p1a: Galvantula
|-supereffective|p1b: Incineroar
|-damage|p1a: Galvantula|32/100
|-damage|p1b: Incineroar|58/100
|
|-weather|Sandstorm|[upkeep]
|-damage|p1a: Galvantula|26/100|[from] Sandstorm
|upkeep
|turn|2
|
|t:|1757709426
|-terastallize|p1b: Incineroar|Ghost
|move|p2b: Excadrill|Protect|p2b: Excadrill
|-singleturn|p2b: Excadrill|Protect
|move|p1a: Galvantula|Volt Switch|p2a: Tyranitar
|-damage|p2a: Tyranitar|78/100
|
|t:|1757709434
|switch|p1a: Palafin|Palafin-Hero, L50, M|41/100|[from] Volt Switch
|-activate|p1a: Palafin|ability: Zero to Hero
|move|p1b: Incineroar|Flare Blitz|p2b: Excadrill
|-activate|p2b: Excadrill|move: Protect
|move|p2a: Tyranitar|Rock Slide|p1a: Palafin|[spread] p1a,p1b
|-damage|p1a: Palafin|23/100
|-damage|p1b: Incineroar|39/100
|
|-weather|Sandstorm|[upkeep]
|-damage|p1a: Palafin|17/100|[from] Sandstorm
|upkeep
|turn|3
|
|t:|1757709477
|switch|p2b: Incineroar|Incineroar, L50, M|100/100
|-ability|p2b: Incineroar|Intimidate|boost
|-unboost|p1a: Palafin|atk|1
|-unboost|p1b: Incineroar|atk|1
|switch|p1b: Amoonguss|Amoonguss, L50, M|100/100
|move|p1a: Palafin|Flip Turn|p2a: Tyranitar
|-supereffective|p2a: Tyranitar
|-damage|p2a: Tyranitar|29/100
|
|t:|1757709486
|switch|p1a: Incineroar|Incineroar, L50, F, tera:Ghost|39/100|[from] Flip Turn
|-ability|p1a: Incineroar|Intimidate|boost
|-unboost|p2a: Tyranitar|atk|1
|-unboost|p2b: Incineroar|atk|1
|move|p2a: Tyranitar|Rock Slide|p1a: Incineroar|[spread] p1a,p1b
|-damage|p1a: Incineroar|24/100
|-damage|p1b: Amoonguss|84/100
|
|-weather|Sandstorm|[upkeep]
|-damage|p1b: Amoonguss|78/100|[from] Sandstorm
|upkeep
|turn|4
|
|t:|1757709512
|switch|p2a: Primarina|Primarina, L50, M|100/100
|move|p1a: Incineroar|Fake Out|p2b: Incineroar
|-damage|p2b: Incineroar|89/100
|cant|p2b: Incineroar|flinch
|move|p1b: Amoonguss|Spore|p2a: Primarina
|-status|p2a: Primarina|slp|[from] move: Spore
|
|-weather|Sandstorm|[upkeep]
|-damage|p2a: Primarina|95/100 slp|[from] Sandstorm
|-damage|p1b: Amoonguss|72/100|[from] Sandstorm
|upkeep
|turn|5
|
|t:|1757709535
|move|p1a: Incineroar|Knock Off|p2b: Incineroar
|-resisted|p2b: Incineroar
|-damage|p2b: Incineroar|72/100
|-enditem|p2b: Incineroar|Safety Goggles|[from] move: Knock Off|[of] p1a: Incineroar
|cant|p2a: Primarina|slp
|move|p2b: Incineroar|Knock Off|p1a: Incineroar
|-supereffective|p1a: Incineroar
|-damage|p1a: Incineroar|0 fnt
|-enditem|p1a: Incineroar|Safety Goggles|[from] move: Knock Off|[of] p2b: Incineroar
|faint|p1a: Incineroar
|move|p1b: Amoonguss|Pollen Puff|p1: Incineroar|[notarget]
|-fail|p1b: Amoonguss
|
|-weather|none
|upkeep
|
|t:|1757709547
|switch|p1a: Galvantula|Galvantula, L50, F|26/100
|turn|6
|
|t:|1757709559
|move|p1a: Galvantula|Electroweb|p2b: Incineroar|[spread] p2a,p2b
|-supereffective|p2a: Primarina
|-damage|p2a: Primarina|66/100 slp
|-damage|p2b: Incineroar|58/100
|-unboost|p2a: Primarina|spe|1
|-unboost|p2b: Incineroar|spe|1
|move|p1b: Amoonguss|Sludge Bomb|p2a: Primarina
|-supereffective|p2a: Primarina
|-damage|p2a: Primarina|8/100 slp
|cant|p2a: Primarina|slp
|move|p2b: Incineroar|Knock Off|p1a: Galvantula
|-damage|p1a: Galvantula|0 fnt
|-enditem|p1a: Galvantula|Assault Vest|[from] move: Knock Off|[of] p2b: Incineroar
|faint|p1a: Galvantula
|
|upkeep
|
|t:|1757709573
|switch|p1a: Palafin|Palafin-Hero, L50, M|17/100
|turn|7
|
|t:|1757709586
|switch|p2a: Tyranitar|Tyranitar, L50, M|29/100
|-weather|Sandstorm|[from] ability: Sand Stream|[of] p2a: Tyranitar
|switch|p2b: Excadrill|Excadrill, L50, F, shiny|33/100
|move|p1a: Palafin|Jet Punch|p2b: Excadrill
|-supereffective|p2b: Excadrill
|-damage|p2b: Excadrill|0 fnt
|faint|p2b: Excadrill
|move|p1b: Amoonguss|Sludge Bomb|p2a: Tyranitar
|-resisted|p2a: Tyranitar
|-damage|p2a: Tyranitar|23/100
|-status|p2a: Tyranitar|psn
|
|-weather|Sandstorm|[upkeep]
|-damage|p1a: Palafin|11/100|[from] Sandstorm
|-damage|p1b: Amoonguss|66/100|[from] Sandstorm
|-damage|p2a: Tyranitar|11/100 psn|[from] psn
|upkeep
|
|t:|1757709602
|switch|p2b: Incineroar|Incineroar, L50, M|58/100
|-ability|p2b: Incineroar|Intimidate|boost
|-unboost|p1a: Palafin|atk|1
|-unboost|p1b: Amoonguss|atk|1
|turn|8
|
|t:|1757709616
|move|p1a: Palafin|Protect|p1a: Palafin
|-singleturn|p1a: Palafin|Protect
|move|p2b: Incineroar|Fake Out|p1b: Amoonguss
|-damage|p1b: Amoonguss|54/100
|move|p2a: Tyranitar|Rock Slide|p1b: Amoonguss|[spread] p1b
|-activate|p1a: Palafin|move: Protect
|-damage|p1b: Amoonguss|23/100
|move|p1b: Amoonguss|Spore|p2b: Incineroar
|-status|p2b: Incineroar|slp|[from] move: Spore
|
|-weather|Sandstorm|[upkeep]
|-damage|p1a: Palafin|5/100|[from] Sandstorm
|-damage|p2b: Incineroar|52/100 slp|[from] Sandstorm
|-damage|p1b: Amoonguss|17/100|[from] Sandstorm
|-damage|p2a: Tyranitar|0 fnt|[from] psn
|faint|p2a: Tyranitar
|upkeep
|
|t:|1757709628
|switch|p2a: Primarina|Primarina, L50, M|8/100 slp
|turn|9
|
|t:|1757709660
|-curestatus|p2a: Primarina|slp|[msg]
|move|p2a: Primarina|Protect|p2a: Primarina
|-singleturn|p2a: Primarina|Protect
|move|p1a: Palafin|Wave Crash|p2b: Incineroar
|-supereffective|p2b: Incineroar
|-damage|p2b: Incineroar|0 fnt
|faint|p2b: Incineroar
|-damage|p1a: Palafin|0 fnt|[from] Recoil
|faint|p1a: Palafin
|move|p1b: Amoonguss|Sludge Bomb|p2a: Primarina
|-activate|p2a: Primarina|move: Protect
|
|-weather|Sandstorm|[upkeep]
|-damage|p2a: Primarina|2/100|[from] Sandstorm
|-damage|p1b: Amoonguss|12/100|[from] Sandstorm
|upkeep
|turn|10
|
|t:|1757709676
|move|p2a: Primarina|Hyper Voice|p1b: Amoonguss
|-resisted|p1b: Amoonguss
|-crit|p1b: Amoonguss
|-damage|p1b: Amoonguss|0 fnt
|faint|p1b: Amoonguss
|-enditem|p2a: Primarina|Throat Spray
|
|win|deleno
||deleno is ready for game 2.
||Sizzle2466 is ready for game 2.
|uhtml|next|Next: Game 2 of 3
