|j|☆ChampB
|j|☆FFLastResort
|html|ChampBFFLastResort    
|uhtml|bestof|Game 1 of a best-of-3
|t:|1757020902
|gametype|doubles
|player|p1|ChampB|169|1256
|player|p2|FFLastResort|ethan|1157
|gen|9
|tier|[Gen 9] VGC 2025 Reg H (Bo3)
|rated|
|rule|Species Clause: Limit one of each Pokémon
|rule|Item Clause: Limit 1 of each item
|clearpoke
|poke|p1|Palafin, L50, F|
|poke|p1|Incineroar, L50, M|
|poke|p1|Amoonguss, L50, F|
|poke|p1|Gholdengo, L50|
|poke|p1|Pawmot, L50, M|
|poke|p1|Dragapult, L50, M|
|poke|p2|Gholdengo, L50|
|poke|p2|Dragonite, L50, F|
|poke|p2|Maushold-Four, L50|
|poke|p2|Rillaboom, L50, M|
|poke|p2|Ursaluna-Bloodmoon, L50, M|
|poke|p2|Annihilape, L50, F|
|teampreview|4
|showteam|p1|Palafin||MysticWater|ZerotoHero|Protect,Haze,JetPunch,WaveCrash|||F|||50|,,,,,Water]Incineroar||SitrusBerry|Intimidate|FakeOut,PartingShot,KnockOff,FlareBlitz|||M|||50|,,,,,Grass]Amoonguss||CovertCloak|Regenerator|Protect,RagePowder,Spore,PollenPuff|||F|||50|,,,,,Steel]Gholdengo||Leftovers|GoodasGold|Protect,NastyPlot,ShadowBall,MakeItRain||||||50|,,,,,Water]Pawmot||FocusSash|VoltAbsorb|FakeOut,RevivalBlessing,CloseCombat,DoubleShock|||M|||50|,,,,,Electric]Dragapult||ChoiceBand|ClearBody|DragonDarts,Uturn,TeraBlast,PhantomForce|||M|||50|,,,,,Ghost
|showteam|p2|Gholdengo||LifeOrb|GoodasGold|MakeItRain,ShadowBall,NastyPlot,Protect||||||50|,,,,,Water]Dragonite||LoadedDice|Multiscale|Tailwind,Haze,Protect,ScaleShot|||F|||50|,,,,,Fairy]Maushold-Four||FocusSash|FriendGuard|Taunt,FollowMe,BeatUp,Protect||||||50|,,,,,Ghost]Rillaboom||MiracleSeed|GrassySurge|FakeOut,WoodHammer,GrassyGlide,HighHorsepower|||M|||50|,,,,,Grass]Ursaluna-Bloodmoon||AssaultVest|MindsEye|BloodMoon,EarthPower,HyperVoice,VacuumWave|||M|||50|,,,,,Water]Annihilape||SitrusBerry|Defiant|DrainPunch,RageFist,BulkUp,Protect|||F|||50|,,,,,Fire
|inactive|Battle timer is ON: inactive players will automatically lose when time's up. (requested by FFLastResort)
|
|t:|1757020946
|teamsize|p1|4
|teamsize|p2|4
|start
|switch|p1a: Palafin|Palafin, L50, F|100/100
|switch|p1b: Amoonguss|Amoonguss, L50, F|100/100
|switch|p2a: Maushold|Maushold-Four, L50|100/100
|switch|p2b: Annihilape|Annihilape, L50, F|100/100
|turn|1
|
|t:|1757020956
|detailschange|p1a: Palafin|Palafin-Hero, L50, F
|switch|p1a: Pawmot|Pawmot, L50, M|100/100
|move|p1b: Amoonguss|Protect|p1b: Amoonguss
|-singleturn|p1b: Amoonguss|Protect
|move|p2a: Maushold|Taunt|p1b: Amoonguss
|-activate|p1b: Amoonguss|move: Protect
|move|p2b: Annihilape|Bulk Up|p2b: Annihilape
|-boost|p2b: Annihilape|atk|1
|-boost|p2b: Annihilape|def|1
|
|upkeep
|turn|2
|
|t:|1757020968
|-terastallize|p2a: Maushold|Ghost
|move|p1a: Pawmot|Fake Out|p2a: Maushold
|-immune|p2a: Maushold
|move|p2a: Maushold|Taunt|p1b: Amoonguss
|-start|p1b: Amoonguss|move: Taunt
|move|p2b: Annihilape|Bulk Up|p2b: Annihilape
|-boost|p2b: Annihilape|atk|1
|-boost|p2b: Annihilape|def|1
|cant|p1b: Amoonguss|move: Taunt|Spore
|
|upkeep
|turn|3
|
|t:|1757020983
|switch|p1b: Incineroar|Incineroar, L50, M|100/100
|-ability|p1b: Incineroar|Intimidate|boost
|-unboost|p2a: Maushold|atk|1
|-unboost|p2b: Annihilape|atk|1
|-ability|p2b: Annihilape|Defiant|boost
|-boost|p2b: Annihilape|atk|2
|move|p2a: Maushold|Beat Up|p2b: Annihilape
|-damage|p2b: Annihilape|99/100
|-damage|p2b: Annihilape|99/100
|-damage|p2b: Annihilape|99/100
|-damage|p2b: Annihilape|98/100
|-hitcount|p2b: Annihilape|4
|move|p1a: Pawmot|Double Shock|p2a: Maushold
|-damage|p2a: Maushold|24/100
|-start|p1a: Pawmot|typechange|???/Fighting|[from] move: Double Shock
|move|p2b: Annihilape|Rage Fist|p1b: Incineroar
|-resisted|p1b: Incineroar
|-damage|p1b: Incineroar|0 fnt
|faint|p1b: Incineroar
|
|upkeep
|
|t:|1757021002
|switch|p1b: Palafin|Palafin-Hero, L50, F|100/100
|-activate|p1b: Palafin|ability: Zero to Hero
|turn|4
|
|t:|1757021015
|move|p1b: Palafin|Protect|p1b: Palafin
|-singleturn|p1b: Palafin|Protect
|move|p2a: Maushold|Follow Me|p2a: Maushold
|-singleturn|p2a: Maushold|move: Follow Me
|move|p1a: Pawmot|Revival Blessing|p1a: Pawmot
|
|t:|1757021020
|-heal|p1: Incineroar|50/100|[from] move: Revival Blessing
|move|p2b: Annihilape|Rage Fist|p1b: Palafin
|-activate|p1b: Palafin|move: Protect
|
|upkeep
|turn|5
|
|t:|1757021028
|switch|p1a: Incineroar|Incineroar, L50, M|50/100
|-enditem|p1a: Incineroar|Sitrus Berry|[eat]
|-heal|p1a: Incineroar|75/100|[from] item: Sitrus Berry
|-ability|p1a: Incineroar|Intimidate|boost
|-unboost|p2a: Maushold|atk|1
|-unboost|p2b: Annihilape|atk|1
|-ability|p2b: Annihilape|Defiant|boost
|-boost|p2b: Annihilape|atk|2
|move|p2a: Maushold|Follow Me|p2a: Maushold
|-singleturn|p2a: Maushold|move: Follow Me
|move|p2b: Annihilape|Rage Fist|p1b: Palafin
|-damage|p1b: Palafin|0 fnt
|faint|p1b: Palafin
|
|upkeep
|
|t:|1757021044
|switch|p1b: Pawmot|Pawmot, L50, M|100/100
|turn|6
|
|t:|1757021057
|move|p2a: Maushold|Beat Up|p1b: Pawmot
|-resisted|p1b: Pawmot
|-damage|p1b: Pawmot|99/100
|-resisted|p1b: Pawmot
|-damage|p1b: Pawmot|98/100
|-resisted|p1b: Pawmot
|-damage|p1b: Pawmot|97/100
|-resisted|p1b: Pawmot
|-damage|p1b: Pawmot|96/100
|-hitcount|p1b: Pawmot|4
|move|p1b: Pawmot|Double Shock|p2a: Maushold
|-damage|p2a: Maushold|0 fnt
|-start|p1b: Pawmot|typechange|???/Fighting|[from] move: Double Shock
|faint|p2a: Maushold
|move|p2b: Annihilape|Rage Fist|p1b: Pawmot
|-damage|p1b: Pawmot|0 fnt
|faint|p1b: Pawmot
|move|p1a: Incineroar|Knock Off|p2b: Annihilape
|-damage|p2b: Annihilape|77/100
|-enditem|p2b: Annihilape|Sitrus Berry|[from] move: Knock Off|[of] p1a: Incineroar
|
|upkeep
|
|t:|1757021067
|switch|p2a: Rillaboom|Rillaboom, L50, M|100/100
|switch|p1b: Amoonguss|Amoonguss, L50, F|100/100
|-fieldstart|move: Grassy Terrain|[from] ability: Grassy Surge|[of] p2a: Rillaboom
|turn|7
|
|t:|1757021082
|move|p2a: Rillaboom|Fake Out|p1b: Amoonguss
|-damage|p1b: Amoonguss|90/100
|move|p2b: Annihilape|Rage Fist|p1b: Amoonguss
|-crit|p1b: Amoonguss
|-damage|p1b: Amoonguss|0 fnt
|faint|p1b: Amoonguss
|move|p1a: Incineroar|Flare Blitz|p2a: Rillaboom
|-supereffective|p2a: Rillaboom
|-damage|p2a: Rillaboom|0 fnt
|faint|p2a: Rillaboom
|-damage|p1a: Incineroar|43/100|[from] Recoil
|
|-heal|p2b: Annihilape|83/100|[from] Grassy Terrain
|-heal|p1a: Incineroar|49/100|[from] Grassy Terrain
|upkeep
|
|t:|1757021091
|switch|p2a: Dragonite|Dragonite, L50, F|100/100
|turn|8
|
|t:|1757021095
|move|p2b: Annihilape|Drain Punch|p1a: Incineroar
|-supereffective|p1a: Incineroar
|-damage|p1a: Incineroar|0 fnt
|-heal|p2b: Annihilape|100/100|[from] drain|[of] p1a: Incineroar
|faint|p1a: Incineroar
|
|win|FFLastResort
||ChampB is ready for game 2.
||FFLastResort is ready for game 2.
|uhtml|next|Next: Game 2 of 3
|l|☆ChampB
|player|p1|
