|j|☆angusgrind13
|j|☆VyersFGC
|html|angusgrind13VyersFGC    
|uhtml|bestof|Game 2 of a best-of-3
|t:|1784821297
|gametype|doubles
|player|p1|angusgrind13|steven|1220
|player|p2|VyersFGC|pokemonranger|1200
|gen|9
|tier|[Gen 9 Champions] VGC 2026 Reg M-B (Bo3)
|rated|
|rule|Species Clause: Limit one of each Pokémon
|rule|Item Clause: Limit 1 of each item
|clearpoke
|poke|p1|Primarina, L50, F|
|poke|p1|Kingambit, L50, M|
|poke|p1|Froslass, L50, F|
|poke|p1|Sneasler, L50, F|
|poke|p1|Lycanroc-Dusk, L50, F|
|poke|p1|Dragonite, L50, M|
|poke|p2|Raichu, L50, F|
|poke|p2|Ninetales-Alola, L50, F|
|poke|p2|Archaludon, L50, M|
|poke|p2|Azumarill, L50, F|
|poke|p2|Incineroar, L50, M|
|poke|p2|Aerodactyl, L50, F|
|teampreview|4
|showteam|p1|Primarina||LifeOrb|LiquidVoice|HyperVoice,Moonblast,Haze,Protect|Modest||F|||50|]Kingambit||BlackGlasses|Defiant|KowtowCleave,SuckerPunch,SwordsDance,Protect|Adamant||M|||50|]Froslass||Froslassite|CursedBody|Blizzard,ShadowBall,AuroraVeil,Protect|Timid||F|||50|]Sneasler||WhiteHerb|Unburden|GunkShot,CloseCombat,FakeOut,Protect|Adamant||F|||50|]Lycanroc-Dusk||FocusSash|ToughClaws|RockSlide,Accelerock,CloseCombat,Protect|Adamant||F|||50|]Dragonite||Dragoninite|Multiscale|DragonPulse,Flamethrower,Tailwind,Protect|Modest||M|||50|
|showteam|p2|Raichu||RaichuniteY|LightningRod|ZapCannon,Protect,UpperHand,FocusBlast|Timid||F|||50|]Ninetales-Alola||LightClay|SnowWarning|Blizzard,IcyWind,AuroraVeil,Protect|Modest||F|||50|]Archaludon||Leftovers|Stamina|ElectroShot,Protect,DragonPulse,FlashCannon|Modest||M|||50|]Azumarill||SitrusBerry|HugePower|Liquidation,Protect,AquaJet,PlayRough|Adamant||F|||50|]Incineroar||BlackGlasses|Intimidate|DarkestLariat,FakeOut,FlareBlitz,Protect|Brave||M|||50|]Aerodactyl||FocusSash|Unnerve|RockSlide,DualWingbeat,WideGuard,Tailwind|Jolly||F|||50|
|
|t:|1784821329
|teamsize|p1|4
|teamsize|p2|4
|start
|switch|p1a: Dragonite|Dragonite, L50, M|100/100
|switch|p1b: Sneasler|Sneasler, L50, F|100/100
|switch|p2a: Archaludon|Archaludon, L50, M|100/100
|switch|p2b: Ninetales|Ninetales-Alola, L50, F|100/100
|-weather|Snowscape|[from] ability: Snow Warning|[of] p2b: Ninetales
|turn|1
|
|t:|1784821354
|detailschange|p1a: Dragonite|Dragonite-Mega, L50, M
|-mega|p1a: Dragonite|Dragonite|Dragoninite
|move|p2b: Ninetales|Protect|p2b: Ninetales
|-singleturn|p2b: Ninetales|Protect
|move|p1b: Sneasler|Fake Out|p2b: Ninetales
|-activate|p2b: Ninetales|move: Protect
|move|p1a: Dragonite|Tailwind|p1a: Dragonite
|-sidestart|p1: angusgrind13|move: Tailwind
|move|p2a: Archaludon|Electro Shot||[still]
|-prepare|p2a: Archaludon|Electro Shot
|-boost|p2a: Archaludon|spa|1
|
|-weather|Snowscape|[upkeep]
|upkeep
|turn|2
|
|t:|1784821374
|switch|p2b: Incineroar|Incineroar, L50, M|100/100
|-ability|p2b: Incineroar|Intimidate|boost
|-unboost|p1a: Dragonite|atk|1
|-unboost|p1b: Sneasler|atk|1
|-enditem|p1b: Sneasler|White Herb
|-clearnegativeboost|p1b: Sneasler|[silent]
|move|p1a: Dragonite|Protect|p1a: Dragonite
|-singleturn|p1a: Dragonite|Protect
|move|p1b: Sneasler|Close Combat|p2a: Archaludon
|-supereffective|p2a: Archaludon|1
|-damage|p2a: Archaludon|10/100
|-unboost|p1b: Sneasler|def|1
|-unboost|p1b: Sneasler|spd|1
|-ability|p2a: Archaludon|Stamina|boost
|-boost|p2a: Archaludon|def|1
|move|p2a: Archaludon|Electro Shot|p1b: Sneasler|[from] lockedmove
|-damage|p1b: Sneasler|0 fnt
|faint|p1b: Sneasler
|
|-weather|Snowscape|[upkeep]
|-heal|p2a: Archaludon|16/100|[from] item: Leftovers
|upkeep
|
|t:|1784821394
|switch|p1b: Primarina|Primarina, L50, F|100/100
|turn|3
|
|t:|1784821410
|move|p2b: Incineroar|Fake Out|p1a: Dragonite
|-damage|p1a: Dragonite|92/100
|cant|p1a: Dragonite|flinch
|move|p1b: Primarina|Hyper Voice|p2b: Incineroar|[spread] p2a,p2b
|-resisted|p2a: Archaludon|1
|-supereffective|p2b: Incineroar|1
|-damage|p2a: Archaludon|0 fnt
|-damage|p2b: Incineroar|5/100
|faint|p2a: Archaludon
|-damage|p1b: Primarina|90/100|[from] item: Life Orb
|
|-weather|Snowscape|[upkeep]
|upkeep
|
|t:|1784821424
|switch|p2a: Raichu|Raichu, L50, F|100/100
|turn|4
|
|t:|1784821438
|move|p2a: Raichu|Protect|p2a: Raichu
|-singleturn|p2a: Raichu|Protect
|move|p1a: Dragonite|Dragon Pulse|p2a: Raichu
|-activate|p2a: Raichu|move: Protect
|move|p1b: Primarina|Hyper Voice|p2a: Raichu|[spread] p2b
|-activate|p2a: Raichu|move: Protect
|-supereffective|p2b: Incineroar|1
|-crit|p2b: Incineroar
|-damage|p2b: Incineroar|0 fnt
|faint|p2b: Incineroar
|-damage|p1b: Primarina|80/100|[from] item: Life Orb
|
|-weather|Snowscape|[upkeep]
|-sideend|p1: angusgrind13|move: Tailwind
|upkeep
|
|t:|1784821453
|switch|p2b: Ninetales|Ninetales-Alola, L50, F|100/100
|turn|5
|
|t:|1784821465
|detailschange|p2a: Raichu|Raichu-Mega-Y, L50, F
|-mega|p2a: Raichu|Raichu|Raichunite Y
|move|p1b: Primarina|Protect|p1b: Primarina
|-singleturn|p1b: Primarina|Protect
|move|p2a: Raichu|Zap Cannon|p1b: Primarina
|-activate|p1b: Primarina|move: Protect
|move|p1a: Dragonite|Flamethrower|p2b: Ninetales
|-supereffective|p2b: Ninetales|1
|-damage|p2b: Ninetales|18/100
|move|p2b: Ninetales|Blizzard|p1b: Primarina|[spread] p1a
|-activate|p1b: Primarina|move: Protect
|-supereffective|p1a: Dragonite|2
|-damage|p1a: Dragonite|0 fnt
|faint|p1a: Dragonite
|
|-weather|none
|upkeep
|
|t:|1784821479
|switch|p1a: Kingambit|Kingambit, L50, M|100/100
|turn|6
|
|t:|1784821500
|move|p1a: Kingambit|Protect|p1a: Kingambit
|-singleturn|p1a: Kingambit|Protect
|move|p2a: Raichu|Zap Cannon|p1b: Primarina
|-supereffective|p1b: Primarina|1
|-damage|p1b: Primarina|0 fnt
|faint|p1b: Primarina
|move|p2b: Ninetales|Blizzard|p1a: Kingambit
|-activate|p1a: Kingambit|move: Protect
|
|upkeep
|turn|7
|
|t:|1784821509
|move|p1a: Kingambit|Sucker Punch|p2a: Raichu
|-damage|p2a: Raichu|23/100
|move|p2a: Raichu|Focus Blast|p1a: Kingambit
|-supereffective|p1a: Kingambit|2
|-damage|p1a: Kingambit|0 fnt
|faint|p1a: Kingambit
|
|win|VyersFGC
|raw|angusgrind13's rating: 1220 → 1194(-26 for losing)
|raw|VyersFGC's rating: 1200 → 1226(+26 for winning)
|l|☆angusgrind13
|player|p1|
|j|☆angusgrind13
|player|p1|angusgrind13|steven|
