|j|☆fernsthedruids
|j|☆huntr/x rumi
|html|fernsthedruidshuntr/x rumi    
|uhtml|bestof|Game 2 of a best-of-3
|t:|1756777830
|gametype|doubles
|player|p1|fernsthedruids|dawn|1309
|player|p2|huntr/x rumi|guitarist|1325
|gen|9
|tier|[Gen 9] VGC 2025 Reg H (Bo3)
|rated|
|rule|Species Clause: Limit one of each Pokémon
|rule|Item Clause: Limit 1 of each item
|clearpoke
|poke|p1|Rillaboom, L50, F|
|poke|p1|Kommo-o, L50, M|
|poke|p1|Tyranitar, L50, F|
|poke|p1|Lycanroc, L50, M|
|poke|p1|Gholdengo, L50|
|poke|p1|Corviknight, L50, F|
|poke|p2|Grimmsnarl, L50, M|
|poke|p2|Incineroar, L50, M|
|poke|p2|Gliscor, L50, M|
|poke|p2|Archaludon, L50, M|
|poke|p2|Sinistcha, L50|
|poke|p2|Pelipper, L50, F|
|teampreview|4
|showteam|p1|Rillaboom||AssaultVest|GrassySurge|WoodHammer,FakeOut,HighHorsepower,GrassyGlide|||F|||50|,,,,,Grass]Kommo-o||GrassySeed|Overcoat|IronDefense,BodyPress,DracoMeteor,Protect|||M|||50|,,,,,Steel]Tyranitar||ClearAmulet|SandStream|Protect,KnockOff,DragonDance,RockSlide|||F|||50|,,,,,Water]Lycanroc||FocusSash|SandRush|StompingTantrum,RockSlide,CloseCombat,Protect|||M|||50|,,,,,Stellar]Gholdengo||ChoiceScarf|GoodasGold|MakeItRain,Protect,ShadowBall,Trick||||||50|,,,,,Steel]Corviknight||RockyHelmet|MirrorArmor|BulkUp,BraveBird,Roost,Tailwind|||F|||50|,,,,,Fire
|showteam|p2|Grimmsnarl||LightClay|Prankster|ThunderWave,LightScreen,Reflect,SpiritBreak|||M|||50|,,,,,Ghost]Incineroar||SafetyGoggles|Intimidate|FakeOut,KnockOff,FlareBlitz,PartingShot|||M|||50|,,,,,Ghost]Gliscor||ToxicOrb|PoisonHeal|DualWingbeat,SwordsDance,Protect,HighHorsepower|||M|||50|,,,,,Water]Archaludon||PowerHerb|Stalwart|ElectroShot,DracoMeteor,Thunderbolt,Protect|||M|||50|,,,,,Electric]Sinistcha||AssaultVest|Hospitality|MatchaGotcha,ShadowBall,Scald,Hex||||||50|,,,,,Water]Pelipper||FocusSash|Drizzle|WeatherBall,Hurricane,Tailwind,Protect|||F|||50|,,,,,Ghost
|
|t:|1756777851
|teamsize|p1|4
|teamsize|p2|4
|start
|switch|p1a: Gholdengo|Gholdengo, L50|100/100
|switch|p1b: Tyranitar|Tyranitar, L50, F|100/100
|switch|p2a: Grimmsnarl|Grimmsnarl, L50, M|100/100
|switch|p2b: Archaludon|Archaludon, L50, M|100/100
|-weather|Sandstorm|[from] ability: Sand Stream|[of] p1b: Tyranitar
|turn|1
|
|t:|1756777866
|move|p2b: Archaludon|Protect|p2b: Archaludon
|-singleturn|p2b: Archaludon|Protect
|move|p2a: Grimmsnarl|Light Screen|p2a: Grimmsnarl
|-sidestart|p2: huntr/x rumi|move: Light Screen
|move|p1a: Gholdengo|Trick|p2a: Grimmsnarl
|-activate|p1a: Gholdengo|move: Trick|[of] p2a: Grimmsnarl
|-item|p2a: Grimmsnarl|Choice Scarf|[from] move: Trick
|-item|p1a: Gholdengo|Light Clay|[from] move: Trick
|move|p1b: Tyranitar|Dragon Dance|p1b: Tyranitar
|-boost|p1b: Tyranitar|atk|1
|-boost|p1b: Tyranitar|spe|1
|
|-weather|Sandstorm|[upkeep]
|-damage|p2a: Grimmsnarl|95/100|[from] Sandstorm
|upkeep
|turn|2
|
|t:|1756777905
|switch|p2a: Pelipper|Pelipper, L50, F|100/100
|-weather|RainDance|[from] ability: Drizzle|[of] p2a: Pelipper
|-terastallize|p2b: Archaludon|Electric
|move|p1b: Tyranitar|Knock Off|p2b: Archaludon
|-damage|p2b: Archaludon|44/100
|-enditem|p2b: Archaludon|Power Herb|[from] move: Knock Off|[of] p1b: Tyranitar
|move|p1a: Gholdengo|Shadow Ball|p2b: Archaludon
|-damage|p2b: Archaludon|10/100
|move|p2b: Archaludon|Electro Shot||[still]
|-prepare|p2b: Archaludon|Electro Shot
|-boost|p2b: Archaludon|spa|1
|-anim|p2b: Archaludon|Electro Shot|p1b: Tyranitar
|-damage|p1b: Tyranitar|0 fnt
|faint|p1b: Tyranitar
|
|-weather|RainDance|[upkeep]
|upkeep
|
|t:|1756777925
|switch|p1b: Lycanroc|Lycanroc, L50, M|100/100
|turn|3
|
|t:|1756777932
|-terastallize|p1b: Lycanroc|Stellar
|move|p2b: Archaludon|Protect|p2b: Archaludon
|-singleturn|p2b: Archaludon|Protect
|move|p1b: Lycanroc|Rock Slide|p2a: Pelipper|[spread] p2a
|-activate|p2b: Archaludon|move: Protect
|-supereffective|p2a: Pelipper
|-enditem|p2a: Pelipper|Focus Sash
|-damage|p2a: Pelipper|1/100
|move|p2a: Pelipper|Tailwind|p2a: Pelipper
|-sidestart|p2: huntr/x rumi|move: Tailwind
|move|p1a: Gholdengo|Make It Rain|p2a: Pelipper|[spread] p2a
|-activate|p2b: Archaludon|move: Protect
|-resisted|p2a: Pelipper
|-damage|p2a: Pelipper|0 fnt
|-unboost|p1a: Gholdengo|spa|1
|faint|p2a: Pelipper
|
|-weather|RainDance|[upkeep]
|upkeep
|
|t:|1756777937
|switch|p2a: Sinistcha|Sinistcha, L50|100/100
|-heal|p2b: Archaludon|35/100|[from] ability: Hospitality|[of] p2a: Sinistcha
|turn|4
|
|t:|1756777950
|move|p2b: Archaludon|Electro Shot||[still]
|-prepare|p2b: Archaludon|Electro Shot
|-boost|p2b: Archaludon|spa|1
|-anim|p2b: Archaludon|Electro Shot|p1a: Gholdengo
|-damage|p1a: Gholdengo|0 fnt
|faint|p1a: Gholdengo
|move|p2a: Sinistcha|Matcha Gotcha|p1b: Lycanroc
|-supereffective|p1b: Lycanroc
|-enditem|p1b: Lycanroc|Focus Sash
|-damage|p1b: Lycanroc|1/100
|move|p1b: Lycanroc|Rock Slide|p2b: Archaludon|[spread] p2a,p2b
|-crit|p2b: Archaludon
|-damage|p2a: Sinistcha|72/100
|-damage|p2b: Archaludon|0 fnt
|faint|p2b: Archaludon
|
|-weather|RainDance|[upkeep]
|upkeep
|
|t:|1756777959
|switch|p1a: Kommo-o|Kommo-o, L50, M|100/100
|switch|p2b: Grimmsnarl|Grimmsnarl, L50, M|95/100
|turn|5
|
|t:|1756777968
|move|p1b: Lycanroc|Protect|p1b: Lycanroc
|-singleturn|p1b: Lycanroc|Protect
|move|p2b: Grimmsnarl|Thunder Wave|p1a: Kommo-o
|-status|p1a: Kommo-o|par
|move|p2a: Sinistcha|Matcha Gotcha|p1b: Lycanroc|[spread] p1a
|-activate|p1b: Lycanroc|move: Protect
|-resisted|p1a: Kommo-o
|-damage|p1a: Kommo-o|86/100 par
|-heal|p2a: Sinistcha|78/100|[from] drain|[of] p1a: Kommo-o
|cant|p1a: Kommo-o|par
|
|-weather|RainDance|[upkeep]
|upkeep
|turn|6
|-message|fernsthedruids forfeited.
|
|win|huntr/x rumi
|l|☆fernsthedruids
|player|p1|
||fernsthedruids is ready for game 3.
||huntr/x rumi is ready for game 3.
|uhtml|next|Next: Game 3 of 3
|l|☆huntr/x rumi
|player|p2|
|j|☆huntr/x rumi
|player|p2|huntr/x rumi|guitarist|
