|j|☆brentdeg
|j|☆subchompiscrazy
|html|brentdegsubchompiscrazy    
|uhtml|bestof|Game 3 of a best-of-3
|t:|1783874832
|gametype|doubles
|player|p1|brentdeg|clown|
|player|p2|subchompiscrazy|whitney|
|gen|9
|tier|[Gen 9 Champions] VGC 2026 Reg M-B (Bo3)
|rule|Species Clause: Limit one of each Pokémon
|rule|Item Clause: Limit 1 of each item
|clearpoke
|poke|p1|Charizard, L50, M|
|poke|p1|Whimsicott, L50, M|
|poke|p1|Kingambit, L50, F|
|poke|p1|Basculegion, L50, M|
|poke|p1|Garchomp, L50, M|
|poke|p1|Floette-Eternal, L50, F|
|poke|p2|Palafin, L50, M, shiny|
|poke|p2|Incineroar, L50, M, shiny|
|poke|p2|Farigiraf, L50, F, shiny|
|poke|p2|Froslass, L50, F, shiny|
|poke|p2|Kingambit, L50, M, shiny|
|poke|p2|Sylveon, L50, M|
|teampreview|4
|showteam|p1|Charizard||CharizarditeY|Blaze|HeatWave,WeatherBall,SolarBeam,Protect|Modest||M|||50|]Whimsicott||FocusSash|Prankster|Protect,Moonblast,Encore,Tailwind|Timid||M|||50|]Kingambit||BlackGlasses|Defiant|KowtowCleave,SuckerPunch,IronHead,Protect|Adamant||F|||50|]Basculegion||LifeOrb|Adaptability|WaveCrash,LastRespects,AquaJet,Protect|Adamant||M|||50|]Garchomp||SitrusBerry|RoughSkin|Earthquake,RockSlide,DragonClaw,Protect|Jolly||M|||50|]Floette-Eternal||Floettite|FlowerVeil|Moonblast,DazzlingGleam,LightofRuin,Protect|Modest||F|||50|
|showteam|p2|Palafin||MysticWater|ZerotoHero|WaveCrash,JetPunch,BulkUp,ThroatChop|Adamant||M|||50|]Incineroar||SitrusBerry|Intimidate|FakeOut,PartingShot,ThroatChop,FlareBlitz|Impish||M|||50|]Farigiraf||ColburBerry|ArmorTail|TwinBeam,TrickRoom,HelpingHand,Protect|Bold||F|||50|]Froslass||Froslassite|SnowCloak|Protect,AuroraVeil,ShadowBall,Blizzard|Timid||F|||50|]Kingambit||ChopleBerry|Defiant|Protect,IronHead,KowtowCleave,SuckerPunch|Adamant||M|||50|]Sylveon||FairyFeather|Pixilate|Detect,HyperBeam,HyperVoice,MysticalFire|Timid||M|||50|
|inactive|Battle timer is ON: inactive players will automatically lose when time's up. (requested by subchompiscrazy)
|inactive|subchompiscrazy has 60 seconds left.
|inactive|brentdeg has 60 seconds left.
|
|t:|1783874869
|teamsize|p1|4
|teamsize|p2|4
|start
|switch|p1a: Basculegion|Basculegion, L50, M|100/100
|switch|p1b: Whimsicott|Whimsicott, L50, M|100/100
|switch|p2a: Palafin|Palafin, L50, M, shiny|100/100
|switch|p2b: Kingambit|Kingambit, L50, M, shiny|100/100
|turn|1
|inactive|subchompiscrazy has 30 seconds left.
|inactive|brentdeg has 30 seconds left.
|
|t:|1783874903
|detailschange|p2a: Palafin|Palafin-Hero, L50, M, shiny
|switch|p2a: Incineroar|Incineroar, L50, M, shiny|100/100
|-ability|p2a: Incineroar|Intimidate|boost
|-unboost|p1a: Basculegion|atk|1
|-unboost|p1b: Whimsicott|atk|1
|switch|p1a: Charizard|Charizard, L50, M|100/100
|move|p1b: Whimsicott|Tailwind|p1b: Whimsicott
|-sidestart|p1: brentdeg|move: Tailwind
|move|p2b: Kingambit|Iron Head|p1b: Whimsicott
|-supereffective|p1b: Whimsicott|1
|-enditem|p1b: Whimsicott|Focus Sash
|-damage|p1b: Whimsicott|1/100
|
|upkeep
|turn|2
|inactive|brentdeg has 30 seconds left.
|
|t:|1783874935
|switch|p1b: Basculegion|Basculegion, L50, M|100/100
|switch|p2b: Froslass|Froslass, L50, F, shiny|100/100
|move|p2a: Incineroar|Fake Out|p1a: Charizard
|-damage|p1a: Charizard|90/100
|cant|p1a: Charizard|flinch
|
|upkeep
|turn|3
|inactive|subchompiscrazy has 30 seconds left.
|
|t:|1783874967
|switch|p2a: Palafin|Palafin-Hero, L50, M, shiny|100/100
|-activate|p2a: Palafin|ability: Zero to Hero
|move|p1a: Charizard|Protect|p1a: Charizard
|-singleturn|p1a: Charizard|Protect
|move|p2b: Froslass|Protect|p2b: Froslass
|-singleturn|p2b: Froslass|Protect
|move|p1b: Basculegion|Wave Crash|p2a: Palafin
|-resisted|p2a: Palafin|1
|-damage|p2a: Palafin|53/100
|-damage|p1b: Basculegion|83/100|[from] Recoil
|-damage|p1b: Basculegion|74/100|[from] item: Life Orb
|
|upkeep
|turn|4
|inactive|brentdeg has 30 seconds left.
|inactive|subchompiscrazy has 30 seconds left.
|inactive|brentdeg has 20 seconds left.
|inactive|brentdeg has 15 seconds left.
|inactive|brentdeg has 10 seconds left.
|
|t:|1783875017
|switch|p2b: Incineroar|Incineroar, L50, M, shiny|100/100
|-ability|p2b: Incineroar|Intimidate|boost
|-unboost|p1a: Charizard|atk|1
|-unboost|p1b: Basculegion|atk|1
|switch|p2a: Kingambit|Kingambit, L50, M, shiny|100/100
|move|p1a: Charizard|Heat Wave|p2a: Kingambit|[spread] 
|-miss|p1a: Charizard|p2a: Kingambit
|-miss|p1a: Charizard|p2b: Incineroar
|move|p1b: Basculegion|Wave Crash|p2b: Incineroar
|-supereffective|p2b: Incineroar|1
|-damage|p2b: Incineroar|0 fnt
|faint|p2b: Incineroar
|-damage|p1b: Basculegion|40/100|[from] Recoil
|-damage|p1b: Basculegion|31/100|[from] item: Life Orb
|
|-sideend|p1: brentdeg|move: Tailwind
|upkeep
|inactive|subchompiscrazy has 30 seconds left.
|
|t:|1783875049
|switch|p2b: Froslass|Froslass, L50, F, shiny|100/100
|turn|5
|inactive|subchompiscrazy has 30 seconds left.
|
|t:|1783875078
|detailschange|p2b: Froslass|Froslass-Mega, L50, F, shiny
|-mega|p2b: Froslass|Froslass|Froslassite
|-weather|Snowscape|[from] ability: Snow Warning|[of] p2b: Froslass
|move|p1a: Charizard|Protect|p1a: Charizard
|-singleturn|p1a: Charizard|Protect
|move|p1b: Basculegion|Protect|p1b: Basculegion
|-singleturn|p1b: Basculegion|Protect
|move|p2b: Froslass|Shadow Ball|p1a: Charizard
|-activate|p1a: Charizard|move: Protect
|move|p2a: Kingambit|Iron Head|p1b: Basculegion
|-activate|p1b: Basculegion|move: Protect
|
|-weather|Snowscape|[upkeep]
|upkeep
|turn|6
|
|t:|1783875101
|switch|p1b: Kingambit|Kingambit, L50, F|100/100
|detailschange|p1a: Charizard|Charizard-Mega-Y, L50, M
|-mega|p1a: Charizard|Charizard|Charizardite Y
|-weather|SunnyDay|[from] ability: Drought|[of] p1a: Charizard
|move|p2a: Kingambit|Sucker Punch|p1a: Charizard
|-damage|p1a: Charizard|53/100
|move|p2b: Froslass|Shadow Ball|p1a: Charizard
|-damage|p1a: Charizard|15/100
|move|p1a: Charizard|Heat Wave|p2b: Froslass|[spread] p2a,p2b
|-supereffective|p2a: Kingambit|1
|-supereffective|p2b: Froslass|1
|-damage|p2a: Kingambit|0 fnt
|-damage|p2b: Froslass|0 fnt
|faint|p2a: Kingambit
|faint|p2b: Froslass
|
|-weather|SunnyDay|[upkeep]
|upkeep
|
|t:|1783875124
|switch|p2b: Palafin|Palafin-Hero, L50, M, shiny|53/100
|turn|7
|
|t:|1783875135
|move|p2b: Palafin|Bulk Up|p2b: Palafin
|-boost|p2b: Palafin|atk|1
|-boost|p2b: Palafin|def|1
|move|p1a: Charizard|Solar Beam||[still]
|-prepare|p1a: Charizard|Solar Beam
|-anim|p1a: Charizard|Solar Beam|p2b: Palafin
|-supereffective|p2b: Palafin|1
|-crit|p2b: Palafin
|-damage|p2b: Palafin|0 fnt
|faint|p2b: Palafin
|
|win|brentdeg
|l|☆subchompiscrazy
|player|p2|
