|j|☆Bindro
|j|☆ReonaKunya
|html|BindroReonaKunya    
|uhtml|bestof|Game 1 of a best-of-3
|t:|1784289259
|gametype|doubles
|player|p1|Bindro|cyclist-gen4|1125
|player|p2|ReonaKunya|cynthia-gen4|1040
|gen|9
|tier|[Gen 9 Champions] VGC 2026 Reg M-B (Bo3)
|rated|
|rule|Species Clause: Limit one of each Pokémon
|rule|Item Clause: Limit 1 of each item
|clearpoke
|poke|p1|Pelipper, L50, F|
|poke|p1|Swampert, L50, F|
|poke|p1|Archaludon, L50, F|
|poke|p1|Grimmsnarl, L50, M|
|poke|p1|Vivillon-Garden, L50, M|
|poke|p1|Venusaur, L50, F|
|poke|p2|Meganium, L50, F|
|poke|p2|Pelipper, L50, F|
|poke|p2|Archaludon, L50, M|
|poke|p2|Grimmsnarl, L50, M|
|poke|p2|Sinistcha-Masterpiece, L50|
|poke|p2|Basculegion, L50, M|
|teampreview|4
|showteam|p1|Pelipper||LifeOrb|Drizzle|Hurricane,WeatherBall,Tailwind,Protect|Modest||F|||50|]Swampert||Swampertite|Torrent|WaveCrash,Earthquake,IcePunch,Protect|Adamant||F|||50|]Archaludon||Leftovers|Stamina|DragonPulse,FlashCannon,ElectroShot,Protect|Modest||F|||50|]Grimmsnarl||LightClay|Prankster|SpiritBreak,PartingShot,Reflect,LightScreen|Careful||M|||50|]Vivillon-Garden||FocusSash|CompoundEyes|Hurricane,SleepPowder,RagePowder,Protect|Timid||M|||50|]Venusaur||Venusaurite|Chlorophyll|GigaDrain,SludgeBomb,EarthPower,Protect|Modest||F|||50|
|showteam|p2|Meganium||Meganiumite|Overgrow|SolarBeam,DazzlingGleam,WeatherBall,Synthesis|Modest||F|||50|]Pelipper||FocusSash|Drizzle|Hurricane,WeatherBall,WideGuard,Tailwind|Modest||F|||50|]Archaludon||LifeOrb|Stamina|ElectroShot,DragonPulse,AuraSphere,Protect|Modest||M|||50|]Grimmsnarl||LightClay|Prankster|PartingShot,FoulPlay,Reflect,LightScreen|Calm||M|||50|]Sinistcha-Masterpiece||Leftovers|Hospitality|MatchaGotcha,RagePowder,LifeDew,ShadowBall|Bold|||||50|]Basculegion||ChoiceScarf|Adaptability|Liquidation,LastRespects,FlipTurn,PsychicFangs|Jolly||M|||50|
|j| jayoticnl
|inactive|Battle timer is ON: inactive players will automatically lose when time's up. (requested by ReonaKunya)
|inactive|Bindro has 60 seconds left.
|
|t:|1784289335
|teamsize|p1|4
|teamsize|p2|4
|start
|switch|p1a: Vivillon|Vivillon-Garden, L50, M|100/100
|switch|p1b: Archaludon|Archaludon, L50, F|100/100
|switch|p2a: Pajé|Pelipper, L50, F|100/100
|switch|p2b: Ego|Basculegion, L50, M|100/100
|-weather|RainDance|[from] ability: Drizzle|[of] p2a: Pajé
|turn|1
|inactive|ReonaKunya has 30 seconds left.
|
|t:|1784289367
|move|p1a: Vivillon|Protect|p1a: Vivillon
|-singleturn|p1a: Vivillon|Protect
|move|p2a: Pajé|Wide Guard|p2a: Pajé
|-singleturn|p2a: Pajé|Wide Guard
|move|p2b: Ego|Flip Turn|p1a: Vivillon
|-activate|p1a: Vivillon|move: Protect
|move|p1b: Archaludon|Electro Shot||[still]
|-prepare|p1b: Archaludon|Electro Shot
|-boost|p1b: Archaludon|spa|1
|-anim|p1b: Archaludon|Electro Shot|p2b: Ego
|-supereffective|p2b: Ego|1
|-damage|p2b: Ego|0 fnt
|faint|p2b: Ego
|
|-weather|RainDance|[upkeep]
|upkeep
|
|t:|1784289388
|switch|p2b: Sabrina|Sinistcha-Masterpiece, L50|100/100
|turn|2
|
|t:|1784289412
|move|p1a: Vivillon|Hurricane|p2a: Pajé
|-damage|p2a: Pajé|41/100
|-start|p2a: Pajé|confusion
|move|p1b: Archaludon|Electro Shot||[still]
|-prepare|p1b: Archaludon|Electro Shot
|-boost|p1b: Archaludon|spa|1
|-anim|p1b: Archaludon|Electro Shot|p2a: Pajé
|-supereffective|p2a: Pajé|2
|-damage|p2a: Pajé|0 fnt
|faint|p2a: Pajé
|move|p2b: Sabrina|Shadow Ball|p1b: Archaludon
|-damage|p1b: Archaludon|62/100
|-ability|p1b: Archaludon|Stamina|boost
|-boost|p1b: Archaludon|def|1
|
|-weather|RainDance|[upkeep]
|-heal|p1b: Archaludon|69/100|[from] item: Leftovers
|upkeep
|
|t:|1784289431
|switch|p2a: Midnight|Meganium, L50, F|100/100
|turn|3
|
|t:|1784289443
|detailschange|p2a: Midnight|Meganium-Mega, L50, F
|-mega|p2a: Midnight|Meganium|Meganiumite
|move|p1a: Vivillon|Hurricane|p2a: Midnight
|-supereffective|p2a: Midnight|1
|-damage|p2a: Midnight|4/100
|move|p2a: Midnight|Weather Ball|p1b: Archaludon
|-damage|p1b: Archaludon|0 fnt
|faint|p1b: Archaludon
|move|p2b: Sabrina|Shadow Ball|p1a: Vivillon
|-damage|p1a: Vivillon|30/100
|
|-weather|RainDance|[upkeep]
|upkeep
|
|t:|1784289453
|switch|p1b: Venusaur|Venusaur, L50, F|100/100
|turn|4
|
|t:|1784289465
|detailschange|p1b: Venusaur|Venusaur-Mega, L50, F
|-mega|p1b: Venusaur|Venusaur|Venusaurite
|move|p1a: Vivillon|Hurricane|p2a: Midnight
|-supereffective|p2a: Midnight|1
|-damage|p2a: Midnight|0 fnt
|faint|p2a: Midnight
|move|p1b: Venusaur|Sludge Bomb|p2b: Sabrina
|-damage|p2b: Sabrina|47/100
|move|p2b: Sabrina|Life Dew|p2b: Sabrina
|-heal|p2b: Sabrina|73/100
|
|-weather|RainDance|[upkeep]
|-heal|p2b: Sabrina|79/100|[from] item: Leftovers
|upkeep
|turn|5
|
|t:|1784289484
|move|p1a: Vivillon|Hurricane|p2b: Sabrina
|-supereffective|p2b: Sabrina|1
|-damage|p2b: Sabrina|0 fnt
|faint|p2b: Sabrina
|
|win|Bindro
