|j|☆ShadowOfAMan
|j|☆Harry Koekenpan
|html|ShadowOfAManHarry Koekenpan    
|uhtml|bestof|Game 2 of a best-of-3
|t:|1756466848
|gametype|doubles
|player|p1|ShadowOfAMan|elio-usum|1205
|player|p2|Harry Koekenpan|1|1174
|gen|9
|tier|[Gen 9] VGC 2025 Reg H (Bo3)
|rated|
|rule|Species Clause: Limit one of each Pokémon
|rule|Item Clause: Limit 1 of each item
|clearpoke
|poke|p1|Tyranitar, L50, F|
|poke|p1|Excadrill, L50, M|
|poke|p1|Indeedee, L50, M|
|poke|p1|Sneasler, L50, M|
|poke|p1|Annihilape, L50, F|
|poke|p1|Volcarona, L50, F|
|poke|p2|Toedscruel, L50, F|
|poke|p2|Weezing-Galar, L50, F|
|poke|p2|Garchomp, L50, F|
|poke|p2|Kilowattrel, L50, M|
|poke|p2|Typhlosion-Hisui, L50, M|
|poke|p2|Conkeldurr, L50, F|
|teampreview|4
|showteam|p1|Tyranitar||AssaultVest|SandStream|RockSlide,KnockOff,LowKick,TeraBlast|||F|||50|,,,,,Flying]Excadrill||FocusSash|SandRush|HighHorsepower,Earthquake,IronHead,Protect|||M|||50|,,,,,Ground]Indeedee||ChoiceScarf|PsychicSurge|ExpandingForce,TeraBlast,Imprison,TrickRoom|||M|||50|,,,,,Psychic]Sneasler||PsychicSeed|Unburden|DireClaw,CloseCombat,ThroatChop,Protect|||M|||50|,,,,,Dark]Annihilape||SafetyGoggles|Defiant|CloseCombat,RageFist,Taunt,FinalGambit|||F|||50|,,,,,Fairy]Volcarona||SitrusBerry|FlameBody|RagePowder,FieryDance,StruggleBug,Tailwind|||F|||50|,,,,,Water
|showteam|p2|Toedscruel||CovertCloak|MyceliumMight|Spore,Taunt,AcidSpray,EarthPower|||F|||50|,,,,,Water]Weezing-Galar||ChoiceSpecs|NeutralizingGas|DazzlingGleam,SludgeBomb,StrangeSteam,TeraBlast|||F|||50|,,,,,Water]Garchomp||LifeOrb|RoughSkin|Protect,Earthquake,DragonClaw,StompingTantrum|||F|||50|,,,,,Ground]Kilowattrel||FocusSash|Competitive|Discharge,AirSlash,Tailwind,Protect|||M|||50|,,,,,Ghost]Typhlosion-Hisui||ChoiceScarf|Blaze|Eruption,HeatWave,ShadowBall,SleepTalk|||M|||50|,,,,,Fire]Conkeldurr||AssaultVest|IronFist|MachPunch,DrainPunch,KnockOff,IcePunch|||F|||50|,,,,,Grass
|inactive|Battle timer is ON: inactive players will automatically lose when time's up. (requested by Harry Koekenpan)
|
|t:|1756466882
|teamsize|p1|4
|teamsize|p2|4
|start
|switch|p1a: MonoBolas|Annihilape, L50, F|100/100
|switch|p1b: MrDarki|Indeedee, L50, M|100/100
|switch|p2a: Weezing|Weezing-Galar, L50, F|100/100
|switch|p2b: Toedscruel|Toedscruel, L50, F|100/100
|-ability|p2a: Weezing|Neutralizing Gas
|turn|1
|inactive|ShadowOfAMan has 30 seconds left.
|inactive|Harry Koekenpan has 30 seconds left.
|inactive|ShadowOfAMan has 20 seconds left.
|inactive|Harry Koekenpan has 20 seconds left.
|inactive|Harry Koekenpan has 15 seconds left.
|
|t:|1756466925
|-terastallize|p2a: Weezing|Water
|move|p1b: MrDarki|Expanding Force|p2a: Weezing
|-damage|p2a: Weezing|50/100
|move|p2b: Toedscruel|Spore|p1b: MrDarki
|-status|p1b: MrDarki|slp|[from] move: Spore
|move|p1a: MonoBolas|Final Gambit|p2a: Weezing
|-damage|p2a: Weezing|0 fnt
|faint|p1a: MonoBolas
|faint|p2a: Weezing
|-end|p2a: Weezing|ability: Neutralizing Gas
|-fieldstart|move: Psychic Terrain|[from] ability: Psychic Surge|[of] p1b: MrDarki
|
|upkeep
|
|t:|1756466946
|switch|p1a: Gordibuena|Tyranitar, L50, F|100/100
|switch|p2a: Garchomp|Garchomp, L50, F|100/100
|-weather|Sandstorm|[from] ability: Sand Stream|[of] p1a: Gordibuena
|turn|2
|inactive|ShadowOfAMan has 30 seconds left.
|inactive|Harry Koekenpan has 30 seconds left.
|inactive|ShadowOfAMan has 20 seconds left.
|inactive|ShadowOfAMan has 15 seconds left.
|inactive|ShadowOfAMan has 10 seconds left.
|
|t:|1756466991
|-terastallize|p1a: Gordibuena|Flying
|cant|p1b: MrDarki|slp
|move|p2a: Garchomp|Dragon Claw|p1a: Gordibuena
|-damage|p1a: Gordibuena|59/100
|-damage|p2a: Garchomp|91/100|[from] item: Life Orb
|move|p2b: Toedscruel|Earth Power|p1b: MrDarki
|-damage|p1b: MrDarki|63/100 slp
|move|p1a: Gordibuena|Tera Blast|p2b: Toedscruel|[anim] Tera Blast Flying
|-supereffective|p2b: Toedscruel
|-damage|p2b: Toedscruel|0 fnt
|faint|p2b: Toedscruel
|
|-weather|Sandstorm|[upkeep]
|-damage|p1b: MrDarki|57/100 slp|[from] Sandstorm
|-damage|p1a: Gordibuena|53/100|[from] Sandstorm
|upkeep
|
|t:|1756467007
|switch|p2b: Kilowattrel|Kilowattrel, L50, M|100/100
|turn|3
|inactive|ShadowOfAMan has 30 seconds left.
|
|t:|1756467032
|-curestatus|p1b: MrDarki|slp|[msg]
|move|p1b: MrDarki|Expanding Force|p2b: Kilowattrel|[spread] p2a,p2b
|-damage|p2a: Garchomp|27/100
|-enditem|p2b: Kilowattrel|Focus Sash
|-damage|p2b: Kilowattrel|1/100
|move|p2b: Kilowattrel|Discharge|p1b: MrDarki|[spread] p1a,p1b
|-immune|p2a: Garchomp
|-supereffective|p1a: Gordibuena
|-damage|p1a: Gordibuena|19/100
|-damage|p1b: MrDarki|23/100
|-status|p1a: Gordibuena|par
|move|p2a: Garchomp|Earthquake|p1b: MrDarki|[spread] p1b
|-immune|p2b: Kilowattrel
|-immune|p1a: Gordibuena
|-damage|p1b: MrDarki|0 fnt
|faint|p1b: MrDarki
|-damage|p2a: Garchomp|17/100|[from] item: Life Orb
|move|p1a: Gordibuena|Knock Off|p2b: Kilowattrel
|-damage|p2b: Kilowattrel|0 fnt
|faint|p2b: Kilowattrel
|
|-weather|Sandstorm|[upkeep]
|-damage|p1a: Gordibuena|13/100 par|[from] Sandstorm
|upkeep
|
|t:|1756467051
|switch|p1b: Morcilla|Excadrill, L50, M|100/100
|turn|4
|
|t:|1756467064
|move|p2a: Garchomp|Protect|p2a: Garchomp
|-singleturn|p2a: Garchomp|Protect
|move|p1b: Morcilla|Earthquake|p2a: Garchomp|[spread] 
|-activate|p2a: Garchomp|move: Protect
|-immune|p1a: Gordibuena
|move|p1a: Gordibuena|Tera Blast|p2a: Garchomp|[anim] Tera Blast Flying
|-activate|p2a: Garchomp|move: Protect
|
|-weather|Sandstorm|[upkeep]
|-damage|p1a: Gordibuena|7/100 par|[from] Sandstorm
|upkeep
|turn|5
|
|t:|1756467078
|move|p2a: Garchomp|Protect|p2a: Garchomp
|-singleturn|p2a: Garchomp|Protect
|move|p1b: Morcilla|Earthquake|p2a: Garchomp|[spread] 
|-activate|p2a: Garchomp|move: Protect
|-immune|p1a: Gordibuena
|move|p1a: Gordibuena|Knock Off|p2a: Garchomp
|-activate|p2a: Garchomp|move: Protect
|
|-weather|Sandstorm|[upkeep]
|-damage|p1a: Gordibuena|1/100 par|[from] Sandstorm
|-fieldend|move: Psychic Terrain
|upkeep
|turn|6
|
|t:|1756467090
|move|p2a: Garchomp|Protect||[still]
|-fail|p2a: Garchomp
|move|p1b: Morcilla|Earthquake|p2a: Garchomp|[spread] p2a
|-immune|p1a: Gordibuena
|-damage|p2a: Garchomp|0 fnt
|faint|p2a: Garchomp
|
|win|ShadowOfAMan
||Harry Koekenpan is ready for game 3.
||ShadowOfAMan is ready for game 3.
|uhtml|next|Next: Game 3 of 3
