|j|☆toughlogvgc
|j|☆squallo
|html|toughlogvgcsquallo    
|uhtml|bestof|Game 2 of a best-of-3
|t:|1784001951
|gametype|doubles
|player|p1|toughlogvgc|170|1204
|player|p2|squallo|265|1186
|gen|9
|tier|[Gen 9 Champions] VGC 2026 Reg M-B (Bo3)
|rated|
|rule|Species Clause: Limit one of each Pokémon
|rule|Item Clause: Limit 1 of each item
|clearpoke
|poke|p1|Charizard, L50, M|
|poke|p1|Garchomp, L50, M|
|poke|p1|Basculegion, L50, M|
|poke|p1|Whimsicott, L50, F|
|poke|p1|Kingambit, L50, F|
|poke|p1|Floette-Eternal, L50, F|
|poke|p2|Gholdengo, L50|
|poke|p2|Pelipper, L50, M|
|poke|p2|Swampert, L50, F|
|poke|p2|Whimsicott, L50, M|
|poke|p2|Blastoise, L50, F|
|poke|p2|Raichu, L50, M|
|teampreview|4
|showteam|p1|Charizard||CharizarditeY|Blaze|HeatWave,SolarBeam,Protect,WeatherBall|Modest||M|||50|]Garchomp||LifeOrb|RoughSkin|DragonClaw,Earthquake,RockSlide,Protect|Jolly||M|||50|]Basculegion||ChoiceScarf|Adaptability|WaveCrash,AquaJet,FlipTurn,LastRespects|Adamant||M|||50|]Whimsicott||FocusSash|Prankster|Moonblast,Tailwind,Protect,Encore|Timid||F|||50|]Kingambit||BlackGlasses|Defiant|IronHead,KowtowCleave,Protect,SuckerPunch|Adamant||F|||50|]Floette-Eternal||Floettite|FlowerVeil|Moonblast,LightofRuin,DazzlingGleam,Protect|Modest||F|||50|
|showteam|p2|Gholdengo||ChoiceScarf|GoodasGold|MakeItRain,ShadowBall,Thunder,DazzlingGleam|Modest|||||50|]Pelipper||FocusSash|Drizzle|HelpingHand,Tailwind,WideGuard,WeatherBall|Calm||M|||50|]Swampert||Swampertite|Damp|Protect,IcePunch,FlipTurn,StompingTantrum|Adamant||F|||50|]Whimsicott||MentalHerb|Prankster|HelpingHand,Tailwind,Switcheroo,Encore|Bold||M|||50|]Blastoise||WhiteHerb|RainDish|ShellSmash,WaterSpout,IceBeam,Protect|Modest||F|||50|]Raichu||RaichuniteY|LightningRod|ZapCannon,FakeOut,Surf,VoltSwitch|Hasty||M|||50|
|
|t:|1784001971
|teamsize|p1|4
|teamsize|p2|4
|start
|switch|p1a: Whimsicott|Whimsicott, L50, F|100/100
|switch|p1b: Kingambit|Kingambit, L50, F|100/100
|switch|p2a: Swampert|Swampert, L50, F|100/100
|switch|p2b: Blastoise|Blastoise, L50, F|100/100
|turn|1
|
|t:|1784002005
|switch|p1b: Basculegion|Basculegion, L50, M|100/100
|move|p1a: Whimsicott|Tailwind|p1a: Whimsicott
|-sidestart|p1: toughlogvgc|move: Tailwind
|move|p2b: Blastoise|Water Spout|p1b: Basculegion|[spread] p1a,p1b
|-resisted|p1a: Whimsicott|1
|-resisted|p1b: Basculegion|1
|-damage|p1a: Whimsicott|62/100
|-damage|p1b: Basculegion|74/100
|move|p2a: Swampert|Flip Turn|p1b: Basculegion
|-resisted|p1b: Basculegion|1
|-damage|p1b: Basculegion|54/100
|
|t:|1784002019
|switch|p2a: Raichu|Raichu, L50, M|100/100|[from] Flip Turn
|
|upkeep
|turn|2
|
|t:|1784002047
|detailschange|p2a: Raichu|Raichu-Mega-Y, L50, M
|-mega|p2a: Raichu|Raichu|Raichunite Y
|move|p2a: Raichu|Fake Out|p1a: Whimsicott
|-damage|p1a: Whimsicott|48/100
|move|p1b: Basculegion|Wave Crash|p2a: Raichu
|-damage|p2a: Raichu|0 fnt
|faint|p2a: Raichu
|-damage|p1b: Basculegion|31/100|[from] Recoil
|cant|p1a: Whimsicott|flinch
|move|p2b: Blastoise|Water Spout|p1b: Basculegion|[spread] p1a,p1b
|-resisted|p1a: Whimsicott|1
|-resisted|p1b: Basculegion|1
|-damage|p1a: Whimsicott|6/100
|-damage|p1b: Basculegion|4/100
|
|upkeep
|
|t:|1784002065
|switch|p2a: Pelipper|Pelipper, L50, M|100/100
|-weather|RainDance|[from] ability: Drizzle|[of] p2a: Pelipper
|turn|3
|
|t:|1784002090
|move|p1b: Basculegion|Wave Crash|p2b: Blastoise
|-resisted|p2b: Blastoise|1
|-damage|p2b: Blastoise|22/100
|-damage|p1b: Basculegion|0 fnt|[from] Recoil
|faint|p1b: Basculegion
|move|p1a: Whimsicott|Moonblast|p2b: Blastoise
|-damage|p2b: Blastoise|0 fnt
|faint|p2b: Blastoise
|move|p2a: Pelipper|Weather Ball|p1a: Whimsicott
|-resisted|p1a: Whimsicott|1
|-damage|p1a: Whimsicott|0 fnt
|faint|p1a: Whimsicott
|
|-weather|RainDance|[upkeep]
|upkeep
|
|t:|1784002106
|switch|p1a: Charizard|Charizard, L50, M|100/100
|switch|p2b: Swampert|Swampert, L50, F|100/100
|switch|p1b: Kingambit|Kingambit, L50, F|100/100
|turn|4
|
|t:|1784002124
|detailschange|p1a: Charizard|Charizard-Mega-Y, L50, M
|-mega|p1a: Charizard|Charizard|Charizardite Y
|-weather|SunnyDay|[from] ability: Drought|[of] p1a: Charizard
|move|p1a: Charizard|Solar Beam||[still]
|-prepare|p1a: Charizard|Solar Beam
|-anim|p1a: Charizard|Solar Beam|p2b: Swampert
|-supereffective|p2b: Swampert|2
|-damage|p2b: Swampert|0 fnt
|faint|p2b: Swampert
|move|p1b: Kingambit|Kowtow Cleave|p2a: Pelipper
|-damage|p2a: Pelipper|42/100
|move|p2a: Pelipper|Weather Ball|p1b: Kingambit
|-supereffective|p1b: Kingambit|1
|-damage|p1b: Kingambit|36/100
|
|-weather|SunnyDay|[upkeep]
|-sideend|p1: toughlogvgc|move: Tailwind
|upkeep
|turn|5
|
|t:|1784002146
|move|p1b: Kingambit|Sucker Punch|p2a: Pelipper
|-damage|p2a: Pelipper|0 fnt
|faint|p2a: Pelipper
|
|win|toughlogvgc
|raw|toughlogvgc's rating: 1204 → 1228(+24 for winning)
|raw|squallo's rating: 1186 → 1162(-24 for losing)
|l|☆squallo
|player|p2|
