|j|☆playrornds
|j|‽JvmRdDCmp
|html|playrorndsJvmRdDCmp    
|uhtml|bestof|Game 1 of a best-of-3
|t:|1757197233
|gametype|doubles
|player|p1|playrornds|giovanni-gen1rb|1106
|player|p2|JvmRdDCmp|2|1091
|gen|9
|tier|[Gen 9] VGC 2025 Reg H (Bo3)
|rated|
|rule|Species Clause: Limit one of each Pokémon
|rule|Item Clause: Limit 1 of each item
|clearpoke
|poke|p1|Ursaluna, L50, F|
|poke|p1|Porygon2, L50|
|poke|p1|Gholdengo, L50|
|poke|p1|Kilowattrel, L50, M|
|poke|p1|Amoonguss, L50, F|
|poke|p1|Incineroar, L50, M|
|poke|p2|Slaking, L50, M|
|poke|p2|Kilowattrel, L50, M|
|poke|p2|Volcarona, L50, F|
|poke|p2|Wyrdeer, L50, F|
|poke|p2|Weezing, L50, M|
|poke|p2|Palafin, L50, M|
|teampreview|4
|showteam|p1|Ursaluna||FlameOrb|Guts|Facade,HeadlongRush,Earthquake,Protect|||F|||50|,,,,,Ghost]Porygon2||Eviolite|Download|TeraBlast,IceBeam,Recover,TrickRoom||||||50|,,,,,Fighting]Gholdengo||MetalCoat|GoodasGold|MakeItRain,ShadowBall,NastyPlot,Protect||||||50|,,,,,Flying]Kilowattrel||FocusSash|Competitive|Thunderbolt,AirSlash,Tailwind,Protect|||M|||50|,,,,,Ghost]Amoonguss||SitrusBerry|Regenerator|PollenPuff,Spore,RagePowder,Protect|||F|||50|,,,,,Water]Incineroar||SafetyGoggles|Intimidate|FakeOut,FlareBlitz,KnockOff,PartingShot|||M|||50|,,,,,Ghost
|showteam|p2|Slaking||SafetyGoggles|Truant|Protect,DoubleEdge,SuckerPunch,SlackOff|||M|||50|,,,,,Normal]Kilowattrel||ChoiceScarf|Competitive|Electroweb,Thunderbolt,VoltSwitch,Hurricane|||M|||50|,,,,,Ghost]Volcarona||SitrusBerry|FlameBody|Protect,FieryDance,BugBuzz,QuiverDance|||F|||50|,,,,,Poison]Wyrdeer||MentalHerb|Intimidate|SkillSwap,ExpandingForce,Protect,TeraBlast|||F|||50|,,,,,Fairy]Weezing||Leftovers|NeutralizingGas|Protect,Taunt,WillOWisp,SludgeBomb|||M|||50|,,,,,Dark]Palafin||EjectPack|ZerotoHero|JetPunch,WaveCrash,CloseCombat,Haze|||M|||50|,,,,,Water
|inactive|Battle timer is ON: inactive players will automatically lose when time's up. (requested by playrornds)
|inactive|playrornds has 60 seconds left.
|inactive|JvmRdDCmp has 60 seconds left.
|inactive|playrornds has 30 seconds left.
|inactive|JvmRdDCmp has 30 seconds left.
|
|t:|1757197301
|teamsize|p1|4
|teamsize|p2|4
|start
|switch|p1a: Incineroar|Incineroar, L50, M|100/100
|switch|p1b: Porygon2|Porygon2, L50|100/100
|switch|p2a: Wyrdeer|Wyrdeer, L50, F|100/100
|switch|p2b: Palafin|Palafin, L50, M|100/100
|-ability|p1a: Incineroar|Intimidate|boost
|-unboost|p2a: Wyrdeer|atk|1
|-unboost|p2b: Palafin|atk|1
|-ability|p2a: Wyrdeer|Intimidate|boost
|-unboost|p1a: Incineroar|atk|1
|-unboost|p1b: Porygon2|atk|1
|-ability|p1b: Porygon2|Download|boost
|-boost|p1b: Porygon2|atk|1
|-enditem|p2b: Palafin|Eject Pack
|
|t:|1757197324
|detailschange|p2b: Palafin|Palafin-Hero, L50, M
|switch|p2b: Slaking|Slaking, L50, M|100/100
|turn|1
|inactive|playrornds has 30 seconds left.
|
|t:|1757197355
|move|p2b: Slaking|Double-Edge|p1b: Porygon2
|-crit|p1b: Porygon2
|-damage|p1b: Porygon2|21/100
|-damage|p2b: Slaking|78/100|[from] Recoil
|move|p1a: Incineroar|Parting Shot|p2b: Slaking
|-unboost|p2b: Slaking|atk|1
|-unboost|p2b: Slaking|spa|1
|
|t:|1757197362
|switch|p1a: Ursaluna|Ursaluna, L50, F, shiny|100/100|[from] Parting Shot
|move|p2a: Wyrdeer|Skill Swap|p2b: Slaking
|-activate|p2a: Wyrdeer|move: Skill Swap|||[of] p2b: Slaking
|-ability|p2b: Slaking|Intimidate|boost
|-unboost|p1a: Ursaluna|atk|1
|-unboost|p1b: Porygon2|atk|1
|move|p1b: Porygon2|Trick Room|p1b: Porygon2
|-fieldstart|move: Trick Room|[of] p1b: Porygon2
|
|-status|p1a: Ursaluna|brn|[from] item: Flame Orb
|upkeep
|turn|2
|inactive|playrornds has 30 seconds left.
|inactive|playrornds has 20 seconds left.
|inactive|playrornds has 15 seconds left.
|inactive|playrornds has 10 seconds left.
|
|t:|1757197411
|-terastallize|p2b: Slaking|Normal
|move|p1b: Porygon2|Recover|p1b: Porygon2
|-heal|p1b: Porygon2|71/100
|cant|p2a: Wyrdeer|ability: Truant
|move|p1a: Ursaluna|Facade|p2b: Slaking
|-damage|p2b: Slaking|15/100
|move|p2b: Slaking|Double-Edge|p1a: Ursaluna
|-damage|p1a: Ursaluna|40/100 brn
|-damage|p2b: Slaking|0 fnt|[from] Recoil
|faint|p2b: Slaking
|
|-damage|p1a: Ursaluna|33/100 brn|[from] brn
|upkeep
|
|t:|1757197428
|switch|p2b: Palafin|Palafin-Hero, L50, M|100/100
|-activate|p2b: Palafin|ability: Zero to Hero
|turn|3
|inactive|playrornds has 30 seconds left.
|inactive|playrornds has 20 seconds left.
|
|t:|1757197468
|switch|p1a: Amoonguss|Amoonguss, L50, F|100/100
|move|p2b: Palafin|Jet Punch|p1a: Amoonguss
|-resisted|p1a: Amoonguss
|-damage|p1a: Amoonguss|85/100
|move|p1b: Porygon2|Tera Blast|p2b: Palafin
|-damage|p2b: Palafin|71/100
|move|p2a: Wyrdeer|Skill Swap|p1b: Porygon2
|-activate|p2a: Wyrdeer|move: Skill Swap|Download|Truant|[of] p1b: Porygon2
|-ability|p2a: Wyrdeer|Download|boost
|-boost|p2a: Wyrdeer|spa|1
|
|upkeep
|turn|4
|inactive|playrornds has 30 seconds left.
|inactive|JvmRdDCmp has 30 seconds left.
|
|t:|1757197499
|switch|p1b: Ursaluna|Ursaluna, L50, F, shiny|33/100 brn
|move|p1a: Amoonguss|Spore|p2b: Palafin
|-status|p2b: Palafin|slp|[from] move: Spore
|move|p2a: Wyrdeer|Expanding Force|p1a: Amoonguss
|-supereffective|p1a: Amoonguss
|-damage|p1a: Amoonguss|4/100
|-enditem|p1a: Amoonguss|Sitrus Berry|[eat]
|-heal|p1a: Amoonguss|29/100|[from] item: Sitrus Berry
|cant|p2b: Palafin|slp
|
|-damage|p1b: Ursaluna|27/100 brn|[from] brn
|upkeep
|turn|5
|inactive|playrornds has 30 seconds left.
|inactive|JvmRdDCmp has 30 seconds left.
|
|t:|1757197532
|move|p2a: Wyrdeer|Protect|p2a: Wyrdeer
|-singleturn|p2a: Wyrdeer|Protect
|cant|p2b: Palafin|slp
|move|p1a: Amoonguss|Pollen Puff|p1b: Ursaluna
|-heal|p1b: Ursaluna|77/100 brn
|move|p1b: Ursaluna|Facade|p2b: Palafin
|-damage|p2b: Palafin|0 fnt
|faint|p2b: Palafin
|
|-damage|p1b: Ursaluna|71/100 brn|[from] brn
|-fieldend|move: Trick Room
|upkeep
|
|t:|1757197539
|switch|p2b: Weezing|Weezing, L50, M|100/100
|-ability|p2b: Weezing|Neutralizing Gas
|turn|6
|inactive|playrornds has 30 seconds left.
|inactive|playrornds has 20 seconds left.
|inactive|playrornds has 15 seconds left.
|inactive|playrornds has 10 seconds left.
|
|t:|1757197586
|switch|p1b: Incineroar|Incineroar, L50, M|100/100
|move|p1a: Amoonguss|Protect|p1a: Amoonguss
|-singleturn|p1a: Amoonguss|Protect
|move|p2a: Wyrdeer|Expanding Force|p1b: Incineroar
|-immune|p1b: Incineroar
|move|p2b: Weezing|Sludge Bomb|p1b: Incineroar
|-damage|p1b: Incineroar|74/100
|-status|p1b: Incineroar|psn
|
|-damage|p1b: Incineroar|61/100 psn|[from] psn
|upkeep
|turn|7
|inactive|playrornds has 30 seconds left.
|inactive|JvmRdDCmp has 30 seconds left.
|inactive|playrornds has 20 seconds left.
|inactive|playrornds has 15 seconds left.
|inactive|playrornds has 10 seconds left.
|inactive|playrornds has 5 seconds left.
|
|t:|1757197636
|-terastallize|p1a: Amoonguss|Water
|move|p2a: Wyrdeer|Protect|p2a: Wyrdeer
|-singleturn|p2a: Wyrdeer|Protect
|move|p1b: Incineroar|Fake Out|p2a: Wyrdeer
|-activate|p2a: Wyrdeer|move: Protect
|move|p2b: Weezing|Taunt|p1a: Amoonguss
|-start|p1a: Amoonguss|move: Taunt
|cant|p1a: Amoonguss|move: Taunt|Spore
|
|-damage|p1b: Incineroar|49/100 psn|[from] psn
|upkeep
|turn|8
|
|t:|1757197656
|move|p1b: Incineroar|Knock Off|p2a: Wyrdeer
|-supereffective|p2a: Wyrdeer
|-damage|p2a: Wyrdeer|12/100
|-enditem|p2a: Wyrdeer|Mental Herb|[from] move: Knock Off|[of] p1b: Incineroar
|move|p2a: Wyrdeer|Tera Blast|p1b: Incineroar
|-damage|p1b: Incineroar|5/100 psn
|move|p2b: Weezing|Sludge Bomb|p1b: Incineroar
|-damage|p1b: Incineroar|0 fnt
|faint|p1b: Incineroar
|move|p1a: Amoonguss|Pollen Puff|p1: Incineroar|[notarget]
|-fail|p1a: Amoonguss
|
|upkeep
|
|t:|1757197667
|switch|p1b: Porygon2|Porygon2, L50|71/100
|turn|9
|inactive|JvmRdDCmp has 30 seconds left.
|
|t:|1757197694
|move|p2a: Wyrdeer|Protect|p2a: Wyrdeer
|-singleturn|p2a: Wyrdeer|Protect
|move|p1b: Porygon2|Tera Blast|p2b: Weezing
|-damage|p2b: Weezing|72/100
|move|p2b: Weezing|Taunt|p1b: Porygon2
|-start|p1b: Porygon2|move: Taunt
|move|p1a: Amoonguss|Pollen Puff|p2a: Wyrdeer
|-activate|p2a: Wyrdeer|move: Protect
|
|-heal|p2b: Weezing|78/100|[from] item: Leftovers
|-end|p1a: Amoonguss|move: Taunt
|upkeep
|turn|10
|inactive|JvmRdDCmp has 30 seconds left.
|
|t:|1757197722
|move|p1a: Amoonguss|Protect|p1a: Amoonguss
|-singleturn|p1a: Amoonguss|Protect
|move|p2a: Wyrdeer|Tera Blast|p1b: Porygon2
|-damage|p1b: Porygon2|45/100
|move|p1b: Porygon2|Tera Blast|p2a: Wyrdeer
|-damage|p2a: Wyrdeer|0 fnt
|faint|p2a: Wyrdeer
|move|p2b: Weezing|Sludge Bomb|p1b: Porygon2
|-damage|p1b: Porygon2|30/100
|
|-heal|p2b: Weezing|84/100|[from] item: Leftovers
|upkeep
|turn|11
|
|t:|1757197742
|move|p1b: Porygon2|Tera Blast|p2b: Weezing
|-damage|p2b: Weezing|54/100
|move|p2b: Weezing|Sludge Bomb|p1a: Amoonguss
|-damage|p1a: Amoonguss|5/100
|-status|p1a: Amoonguss|psn
|move|p1a: Amoonguss|Spore|p2b: Weezing
|-status|p2b: Weezing|slp|[from] move: Spore
|
|-heal|p2b: Weezing|60/100 slp|[from] item: Leftovers
|-damage|p1a: Amoonguss|0 fnt|[from] psn
|faint|p1a: Amoonguss
|upkeep
|
|t:|1757197747
|switch|p1a: Ursaluna|Ursaluna, L50, F, shiny|71/100 brn
|turn|12
|
|t:|1757197755
|cant|p2b: Weezing|slp
|move|p1a: Ursaluna|Headlong Rush|p2b: Weezing
|-supereffective|p2b: Weezing
|-damage|p2b: Weezing|0 fnt
|-unboost|p1a: Ursaluna|def|1
|-unboost|p1a: Ursaluna|spd|1
|faint|p2b: Weezing
|-end|p2b: Weezing|ability: Neutralizing Gas
|
|win|playrornds
||JvmRdDCmp is ready for game 2.
