|j|☆SlipperyDanger
|j|☆nillythekid
|html|SlipperyDangernillythekid    
|uhtml|bestof|Game 1 of a best-of-3
|t:|1783533978
|gametype|doubles
|player|p1|SlipperyDanger|cynthia-gen4|
|player|p2|nillythekid|hiker-gen4|
|gen|9
|tier|[Gen 9 Champions] VGC 2026 Reg M-B (Bo3)
|rule|Species Clause: Limit one of each Pokémon
|rule|Item Clause: Limit 1 of each item
|clearpoke
|poke|p1|Blastoise, L50, M|
|poke|p1|Sableye, L50, M|
|poke|p1|Maushold, L50|
|poke|p1|Farigiraf, L50, M|
|poke|p1|Mawile, L50, M|
|poke|p1|Incineroar, L50, M|
|poke|p2|Sinistcha, L50|
|poke|p2|Incineroar, L50, M|
|poke|p2|Milotic, L50, F|
|poke|p2|Raichu, L50, M|
|poke|p2|Floette-Eternal, L50, F|
|poke|p2|Ceruledge, L50, F|
|teampreview|4
|showteam|p1|Blastoise||Blastoisinite|RainDish|WaterSpout,DarkPulse,ShellSmash,Protect|Modest||M|||50|]Sableye||RoseliBerry|Prankster|RainDance,Encore,Disable,FakeOut|Calm||M|||50|]Maushold||FocusSash|FriendGuard|FollowMe,RainDance,Feint,Protect|Jolly|||||50|]Farigiraf||LifeOrb|ArmorTail|HyperVoice,Psychic,TrickRoom,HelpingHand|Quiet||M|||50|]Mawile||Mawilite|HyperCutter|PlayRough,IronHead,SuckerPunch,Protect|Adamant||M|||50|]Incineroar||WhiteHerb|Intimidate|FlareBlitz,DarkestLariat,CloseCombat,FakeOut|Adamant||M|||50|
|showteam|p2|Sinistcha||KasibBerry|Hospitality|MatchaGotcha,LifeDew,RagePowder,Protect|Relaxed|||||50|]Incineroar||SitrusBerry|Intimidate|FlareBlitz,ThroatChop,FakeOut,PartingShot|Impish||M|||50|]Milotic||Leftovers|Competitive|MuddyWater,Coil,Hypnosis,Protect|Calm||F|||50|]Raichu||RaichuniteY|LightningRod|ZapCannon,FocusBlast,FakeOut,Protect|Timid||M|||50|]Floette-Eternal||Floettite|FlowerVeil|DazzlingGleam,DrainingKiss,CalmMind,Protect|Timid||F|||50|]Ceruledge||ColburBerry|FlashFire|BitterBlade,ShadowSneak,BulkUp,Protect|Adamant||F|||50|
|c|☆nillythekid|glhf
|c|☆SlipperyDanger|U2
|inactive|Battle timer is ON: inactive players will automatically lose when time's up. (requested by SlipperyDanger)
|
|t:|1783534031
|teamsize|p1|4
|teamsize|p2|4
|start
|switch|p1a: Blastoise|Blastoise, L50, M|100/100
|switch|p1b: Maushold|Maushold, L50|100/100
|switch|p2a: Milotic|Milotic, L50, F|100/100
|switch|p2b: Raichu|Raichu, L50, M|100/100
|turn|1
|inactive|nillythekid has 30 seconds left.
|
|t:|1783534059
|switch|p1b: Farigiraf|Farigiraf, L50, M|100/100
|detailschange|p2b: Raichu|Raichu-Mega-Y, L50, M
|-mega|p2b: Raichu|Raichu|Raichunite Y
|detailschange|p1a: Blastoise|Blastoise-Mega, L50, M
|-mega|p1a: Blastoise|Blastoise|Blastoisinite
|move|p2b: Raichu|Fake Out||[still]
|cant|p1b: Farigiraf|ability: Armor Tail|Fake Out|[of] p2b: Raichu
|move|p1a: Blastoise|Shell Smash|p1a: Blastoise
|-unboost|p1a: Blastoise|def|1
|-unboost|p1a: Blastoise|spd|1
|-boost|p1a: Blastoise|atk|2
|-boost|p1a: Blastoise|spa|2
|-boost|p1a: Blastoise|spe|2
|move|p2a: Milotic|Coil|p2a: Milotic
|-boost|p2a: Milotic|atk|1
|-boost|p2a: Milotic|def|1
|-boost|p2a: Milotic|accuracy|1
|
|upkeep
|turn|2
|inactive|nillythekid has 30 seconds left.
|
|t:|1783534089
|move|p1b: Farigiraf|Helping Hand|p1a: Blastoise
|-singleturn|p1a: Blastoise|Helping Hand|[of] p1b: Farigiraf
|move|p2b: Raichu|Protect|p2b: Raichu
|-singleturn|p2b: Raichu|Protect
|move|p1a: Blastoise|Water Spout|p2b: Raichu|[spread] p2a
|-activate|p2b: Raichu|move: Protect
|-resisted|p2a: Milotic|1
|-damage|p2a: Milotic|34/100
|move|p2a: Milotic|Hypnosis|p1a: Blastoise
|-status|p1a: Blastoise|slp|[from] move: Hypnosis
|
|-heal|p2a: Milotic|40/100|[from] item: Leftovers
|upkeep
|turn|3
|inactive|SlipperyDanger has 30 seconds left.
|inactive|nillythekid has 30 seconds left.
|
|t:|1783534123
|switch|p1a: Maushold|Maushold, L50|100/100
|move|p2b: Raichu|Zap Cannon|p1b: Farigiraf
|-damage|p1b: Farigiraf|60/100
|-status|p1b: Farigiraf|par
|move|p2a: Milotic|Muddy Water|p1a: Maushold|[spread] p1a,p1b
|-damage|p1a: Maushold|68/100
|-damage|p1b: Farigiraf|45/100 par
|-unboost|p1a: Maushold|accuracy|1
|move|p1b: Farigiraf|Hyper Voice|p2b: Raichu|[spread] p2a,p2b
|-damage|p2a: Milotic|16/100
|-damage|p2b: Raichu|52/100
|-damage|p1b: Farigiraf|35/100 par|[from] item: Life Orb
|
|-heal|p2a: Milotic|22/100|[from] item: Leftovers
|upkeep
|turn|4
|
|t:|1783534142
|move|p1a: Maushold|Follow Me|p1a: Maushold
|-singleturn|p1a: Maushold|move: Follow Me
|move|p2b: Raichu|Focus Blast|p1a: Maushold
|-supereffective|p1a: Maushold|1
|-damage|p1a: Maushold|0 fnt
|faint|p1a: Maushold
|move|p2a: Milotic|Muddy Water|p1b: Farigiraf
|-damage|p1b: Farigiraf|4/100 par
|-unboost|p1b: Farigiraf|accuracy|1
|move|p1b: Farigiraf|Trick Room|p1b: Farigiraf
|-fieldstart|move: Trick Room|[of] p1b: Farigiraf
|
|-heal|p2a: Milotic|28/100|[from] item: Leftovers
|upkeep
|
|t:|1783534158
|switch|p1a: Blastoise|Blastoise-Mega, L50, M|100/100 slp
|turn|5
|
|t:|1783534172
|switch|p2b: Sinistcha|Sinistcha, L50|100/100
|-heal|p2a: Milotic|53/100|[from] ability: Hospitality|[of] p2b: Sinistcha
|move|p1b: Farigiraf|Psychic|p2b: Sinistcha
|-damage|p2b: Sinistcha|51/100
|-damage|p1b: Farigiraf|0 fnt|[from] item: Life Orb
|faint|p1b: Farigiraf
|move|p2a: Milotic|Muddy Water|p1a: Blastoise
|-resisted|p1a: Blastoise|1
|-damage|p1a: Blastoise|84/100 slp
|cant|p1a: Blastoise|slp
|
|-heal|p2a: Milotic|59/100|[from] item: Leftovers
|upkeep
|
|t:|1783534178
|switch|p1b: Sableye|Sableye, L50, M|100/100
|turn|6
|inactive|nillythekid has 30 seconds left.
|
|t:|1783534206
|-curestatus|p1a: Blastoise|slp|[msg]
|move|p1a: Blastoise|Protect|p1a: Blastoise
|-singleturn|p1a: Blastoise|Protect
|move|p1b: Sableye|Fake Out|p2a: Milotic
|-damage|p2a: Milotic|54/100
|move|p2b: Sinistcha|Matcha Gotcha|p1b: Sableye|[spread] 
|-activate|p1a: Blastoise|move: Protect
|-miss|p2b: Sinistcha|p1b: Sableye
|cant|p2a: Milotic|flinch
|
|-heal|p2a: Milotic|60/100|[from] item: Leftovers
|upkeep
|turn|7
|
|t:|1783534231
|switch|p2b: Incineroar|Incineroar, L50, M|100/100
|-ability|p2b: Incineroar|Intimidate|boost
|-unboost|p1a: Blastoise|atk|1
|-unboost|p1b: Sableye|atk|1
|move|p1b: Sableye|Disable|p2b: Incineroar
|-hint|Since gen 7, Dark is immune to Prankster moves.
|-immune|p2b: Incineroar
|move|p2a: Milotic|Hypnosis|p1a: Blastoise|[miss]
|-miss|p2a: Milotic|p1a: Blastoise
|move|p1a: Blastoise|Shell Smash|p1a: Blastoise
|-unboost|p1a: Blastoise|def|1
|-unboost|p1a: Blastoise|spd|1
|-boost|p1a: Blastoise|atk|2
|-boost|p1a: Blastoise|spa|2
|-boost|p1a: Blastoise|spe|2
|
|-heal|p2a: Milotic|66/100|[from] item: Leftovers
|upkeep
|turn|8
|inactive|nillythekid has 30 seconds left.
|inactive|SlipperyDanger has 30 seconds left.
|inactive|nillythekid has 20 seconds left.
|inactive|SlipperyDanger has 20 seconds left.
|
|t:|1783534279
|move|p1b: Sableye|Disable|p2a: Milotic
|-start|p2a: Milotic|Disable|Hypnosis
|move|p2b: Incineroar|Flare Blitz|p1b: Sableye
|-damage|p1b: Sableye|33/100
|-damage|p2b: Incineroar|82/100|[from] Recoil
|move|p2a: Milotic|Muddy Water|p1a: Blastoise|[spread] p1a,p1b
|-resisted|p1a: Blastoise|1
|-damage|p1a: Blastoise|67/100
|-damage|p1b: Sableye|8/100
|move|p1a: Blastoise|Dark Pulse|p2a: Milotic
|-damage|p2a: Milotic|8/100
|
|-heal|p2a: Milotic|14/100|[from] item: Leftovers
|-fieldend|move: Trick Room
|upkeep
|turn|9
|inactive|SlipperyDanger has 30 seconds left.
|inactive|nillythekid has 30 seconds left.
|
|t:|1783534310
|move|p2a: Milotic|Protect|p2a: Milotic
|-singleturn|p2a: Milotic|Protect
|move|p1b: Sableye|Rain Dance|p1b: Sableye
|-weather|RainDance
|move|p1a: Blastoise|Water Spout|p2b: Incineroar|[spread] p2b
|-activate|p2a: Milotic|move: Protect
|-supereffective|p2b: Incineroar|1
|-damage|p2b: Incineroar|0 fnt
|faint|p2b: Incineroar
|
|-weather|RainDance|[upkeep]
|-heal|p2a: Milotic|20/100y|[from] item: Leftovers
|upkeep
|
|t:|1783534324
|switch|p2b: Sinistcha|Sinistcha, L50|51/100
|-heal|p2a: Milotic|45/100|[from] ability: Hospitality|[of] p2b: Sinistcha
|turn|10
|inactive|SlipperyDanger has 30 seconds left.
|inactive|SlipperyDanger has 20 seconds left.
|inactive|SlipperyDanger has 15 seconds left.
|inactive|SlipperyDanger has 10 seconds left.
|inactive|SlipperyDanger has 5 seconds left.
|
|t:|1783534376
|move|p1b: Sableye|Disable||[still]
|-fail|p1b: Sableye
|move|p1a: Blastoise|Water Spout|p2a: Milotic|[spread] p2a,p2b
|-resisted|p2a: Milotic|1
|-resisted|p2b: Sinistcha|1
|-damage|p2a: Milotic|0 fnt
|-damage|p2b: Sinistcha|0 fnt
|faint|p2a: Milotic
|faint|p2b: Sinistcha
|
|-weather|RainDance|[upkeep]
|upkeep
|
|t:|1783534385
|switch|p2a: Raichu|Raichu-Mega-Y, L50, M|52/100
|turn|11
|
|t:|1783534394
|move|p1b: Sableye|Encore||[still]
|-fail|p1b: Sableye
|move|p1a: Blastoise|Dark Pulse|p2a: Raichu
|-damage|p2a: Raichu|0 fnt
|faint|p2a: Raichu
|
|win|SlipperyDanger
||SlipperyDanger is ready for game 2.
