|j|☆AlwayzAloneGX85
|j|☆sooupp
|html|AlwayzAloneGX85sooupp    
|uhtml|bestof|Game 1 of a best-of-3
|t:|1784246658
|gametype|doubles
|player|p1|AlwayzAloneGX85|hilbert|1071
|player|p2|sooupp|170|1013
|gen|9
|tier|[Gen 9 Champions] VGC 2026 Reg M-B (Bo3)
|rated|
|rule|Species Clause: Limit one of each Pokémon
|rule|Item Clause: Limit 1 of each item
|clearpoke
|poke|p1|Mamoswine, L50, F|
|poke|p1|Froslass, L50, F|
|poke|p1|Incineroar, L50, M|
|poke|p1|Sinistcha, L50|
|poke|p1|Sneasler, L50, F|
|poke|p1|Milotic, L50, M|
|poke|p2|Metagross, L50|
|poke|p2|Primarina, L50, F|
|poke|p2|Pangoro, L50, F|
|poke|p2|Dragapult, L50, M|
|poke|p2|Hawlucha, L50, F|
|poke|p2|Delphox, L50, F|
|teampreview|4
|showteam|p1|Mamoswine||ChoiceScarf|ThickFat|HighHorsepower,IceShard,IcicleSpear,RockSlide|Jolly||F|||50|]Froslass||Froslassite|CursedBody|Blizzard,ShadowBall,AuroraVeil,DestinyBond|Timid||F|||50|]Incineroar||ShucaBerry|Intimidate|FakeOut,Taunt,DarkestLariat,FlareBlitz|Impish||M|||50|]Sinistcha||SitrusBerry|Hospitality|MatchaGotcha,ShadowBall,LifeDew,RagePowder|Bold|||||50|]Sneasler||WhiteHerb|Unburden|CloseCombat,DireClaw,FakeOut,Protect|Jolly||F|||50|]Milotic||Leftovers|Competitive|MuddyWater,Coil,IcyWind,Hypnosis|Bold||M|||50|
|showteam|p2|Metagross||Metagrossite|ClearBody|Protect,PsychicFangs,IronHead,BulletPunch|Adamant|||||50|]Primarina||Leftovers|LiquidVoice|HyperVoice,Protect,Moonblast,CalmMind|Modest||F|||50|]Pangoro||ExpertBelt|Scrappy|BrickBreak,CloseCombat,PoisonJab,DarkestLariat|Brave||F|||50|]Dragapult||LifeOrb|ClearBody|Protect,DracoMeteor,DragonDarts,Flamethrower|Naive||M|||50|]Hawlucha||Hawluchanite|MoldBreaker|Entrainment,Detect,CloseCombat,DualWingbeat|Jolly||F|||50|]Delphox||Delphoxite|Blaze|Protect,HeatWave,NastyPlot,Psychic|Timid||F|||50|
|inactive|Battle timer is ON: inactive players will automatically lose when time's up. (requested by AlwayzAloneGX85)
|inactive|sooupp has 60 seconds left.
|
|t:|1784246762
|teamsize|p1|4
|teamsize|p2|4
|start
|switch|p1a: Incineroar|Incineroar, L50, M|100/100
|switch|p1b: Mamoswine|Mamoswine, L50, F|100/100
|switch|p2a: Metagross|Metagross, L50|100/100
|switch|p2b: Delphox|Delphox, L50, F|100/100
|-ability|p1a: Incineroar|Intimidate|boost
|-fail|p2a: Metagross|unboost|[from] ability: Clear Body|[of] p2a: Metagross
|-unboost|p2b: Delphox|atk|1
|turn|1
|inactive|AlwayzAloneGX85 has 30 seconds left.
|inactive|sooupp has 30 seconds left.
|inactive|sooupp has 20 seconds left.
|
|t:|1784246797
|detailschange|p2a: Metagross|Metagross-Mega, L50
|-mega|p2a: Metagross|Metagross|Metagrossite
|move|p2b: Delphox|Protect|p2b: Delphox
|-singleturn|p2b: Delphox|Protect
|move|p1a: Incineroar|Fake Out|p2b: Delphox
|-activate|p2b: Delphox|move: Protect
|move|p1b: Mamoswine|High Horsepower|p2a: Metagross
|-supereffective|p2a: Metagross|1
|-damage|p2a: Metagross|25/100
|move|p2a: Metagross|Iron Head|p1b: Mamoswine
|-supereffective|p1b: Mamoswine|1
|-damage|p1b: Mamoswine|0 fnt
|faint|p1b: Mamoswine
|
|upkeep
|
|t:|1784246813
|switch|p1b: Milotic|Milotic, L50, M|100/100
|turn|2
|
|t:|1784246836
|switch|p2b: Pangoro|Pangoro, L50, F|100/100
|switch|p2a: Primarina|Primarina, L50, F|100/100
|move|p1b: Milotic|Coil|p1b: Milotic
|-boost|p1b: Milotic|atk|1
|-boost|p1b: Milotic|def|1
|-boost|p1b: Milotic|accuracy|1
|move|p1a: Incineroar|Darkest Lariat|p2b: Pangoro
|-resisted|p2b: Pangoro|2
|-damage|p2b: Pangoro|91/100
|
|upkeep
|turn|3
|inactive|AlwayzAloneGX85 has 30 seconds left.
|
|t:|1784246866
|switch|p1a: Froslass|Froslass, L50, F|100/100
|move|p1b: Milotic|Hypnosis|p2b: Pangoro
|-status|p2b: Pangoro|slp|[from] move: Hypnosis
|move|p2a: Primarina|Hyper Voice|p1b: Milotic|[spread] p1a,p1b
|-resisted|p1b: Milotic|1
|-damage|p1a: Froslass|34/100
|-damage|p1b: Milotic|87/100
|cant|p2b: Pangoro|slp
|
|-heal|p1b: Milotic|93/100|[from] item: Leftovers
|upkeep
|turn|4
|inactive|sooupp has 30 seconds left.
|inactive|sooupp has 20 seconds left.
|
|t:|1784246904
|detailschange|p1a: Froslass|Froslass-Mega, L50, F
|-mega|p1a: Froslass|Froslass|Froslassite
|-weather|Snowscape|[from] ability: Snow Warning|[of] p1a: Froslass
|move|p1a: Froslass|Aurora Veil|p1a: Froslass
|-sidestart|p1: AlwayzAloneGX85|move: Aurora Veil
|move|p1b: Milotic|Muddy Water|p2b: Pangoro|[spread] p2a,p2b
|-resisted|p2a: Primarina|1
|-damage|p2a: Primarina|90/100
|-damage|p2b: Pangoro|63/100 slp
|move|p2a: Primarina|Moonblast|p1a: Froslass
|-damage|p1a: Froslass|0 fnt
|faint|p1a: Froslass
|cant|p2b: Pangoro|slp
|
|-weather|Snowscape|[upkeep]
|-heal|p1b: Milotic|99/100|[from] item: Leftovers
|-heal|p2a: Primarina|96/100|[from] item: Leftovers
|upkeep
|
|t:|1784246917
|switch|p1a: Incineroar|Incineroar, L50, M|100/100
|-ability|p1a: Incineroar|Intimidate|boost
|-unboost|p2a: Primarina|atk|1
|-fail|p2b: Pangoro|unboost|Attack|[from] ability: Scrappy|[of] p2b: Pangoro
|turn|5
|
|t:|1784246934
|move|p1a: Incineroar|Fake Out|p2b: Pangoro
|-damage|p2b: Pangoro|52/100 slp
|move|p1b: Milotic|Coil|p1b: Milotic
|-boost|p1b: Milotic|atk|1
|-boost|p1b: Milotic|def|1
|-boost|p1b: Milotic|accuracy|1
|move|p2a: Primarina|Hyper Voice|p1a: Incineroar|[spread] p1a,p1b
|-supereffective|p1a: Incineroar|1
|-resisted|p1b: Milotic|1
|-damage|p1a: Incineroar|63/100
|-damage|p1b: Milotic|91/100
|-curestatus|p2b: Pangoro|slp|[msg]
|cant|p2b: Pangoro|flinch
|
|-weather|Snowscape|[upkeep]
|-heal|p1b: Milotic|97/100|[from] item: Leftovers
|-heal|p2a: Primarina|100/100|[from] item: Leftovers
|upkeep
|turn|6
|inactive|AlwayzAloneGX85 has 30 seconds left.
|
|t:|1784246964
|move|p1b: Milotic|Muddy Water|p2b: Pangoro|[spread] p2a,p2b
|-resisted|p2a: Primarina|1
|-damage|p2a: Primarina|90/100
|-damage|p2b: Pangoro|24/100
|-unboost|p2a: Primarina|accuracy|1
|-unboost|p2b: Pangoro|accuracy|1
|move|p1a: Incineroar|Flare Blitz|p2b: Pangoro
|-damage|p2b: Pangoro|0 fnt
|faint|p2b: Pangoro
|-damage|p1a: Incineroar|55/100|[from] Recoil
|move|p2a: Primarina|Hyper Voice|p1b: Milotic|[spread] p1a,p1b
|-supereffective|p1a: Incineroar|1
|-resisted|p1b: Milotic|1
|-crit|p1b: Milotic
|-damage|p1a: Incineroar|17/100
|-damage|p1b: Milotic|77/100
|
|-weather|Snowscape|[upkeep]
|-heal|p1b: Milotic|83/100|[from] item: Leftovers
|-heal|p2a: Primarina|96/100|[from] item: Leftovers
|upkeep
|
|t:|1784246983
|switch|p2b: Metagross|Metagross-Mega, L50|25/100
|turn|7
|
|t:|1784246994
|move|p2b: Metagross|Psychic Fangs|p1b: Milotic
|-sideend|p1: AlwayzAloneGX85|move: Aurora Veil
|-damage|p1b: Milotic|54/100
|move|p1b: Milotic|Muddy Water|p2a: Primarina|[spread] p2a,p2b
|-resisted|p2a: Primarina|1
|-damage|p2a: Primarina|87/100
|-damage|p2b: Metagross|0 fnt
|faint|p2b: Metagross
|move|p1a: Incineroar|Taunt|p2a: Primarina
|-start|p2a: Primarina|move: Taunt
|move|p2a: Primarina|Hyper Voice|p1a: Incineroar|[spread] p1a,p1b
|-supereffective|p1a: Incineroar|1
|-resisted|p1b: Milotic|1
|-damage|p1a: Incineroar|0 fnt
|-damage|p1b: Milotic|41/100
|faint|p1a: Incineroar
|
|-weather|Snowscape|[upkeep]
|-heal|p1b: Milotic|47/100|[from] item: Leftovers
|-heal|p2a: Primarina|93/100|[from] item: Leftovers
|upkeep
|
|t:|1784247009
|switch|p2b: Delphox|Delphox, L50, F|100/100
|turn|8
|
|t:|1784247030
|move|p2b: Delphox|Psychic|p1b: Milotic
|-damage|p1b: Milotic|16/100
|move|p1b: Milotic|Muddy Water|p2a: Primarina|[spread] p2a,p2b
|-resisted|p2a: Primarina|1
|-supereffective|p2b: Delphox|1
|-damage|p2a: Primarina|83/100
|-damage|p2b: Delphox|40/100
|move|p2a: Primarina|Moonblast|p1b: Milotic
|-damage|p1b: Milotic|0 fnt
|faint|p1b: Milotic
|
|win|sooupp
|inactive|AlwayzAloneGX85 has 30 seconds to confirm battle start!
|inactive|sooupp has 30 seconds to confirm battle start!
||AlwayzAloneGX85 is ready for game 2.
||sooupp is ready for game 2.
|uhtml|next|Next: Game 2 of 3
|l|☆AlwayzAloneGX85
|player|p1|
