|j|☆FruitloopsFL
|j|☆puffinbee
|html|FruitloopsFLpuffinbee    
|uhtml|bestof|Game 3 of a best-of-3
|t:|1783369817
|gametype|doubles
|player|p1|FruitloopsFL|alder|
|player|p2|puffinbee|169|
|gen|9
|tier|[Gen 9 Champions] VGC 2026 Reg M-B (Bo3)
|rule|Species Clause: Limit one of each Pokémon
|rule|Item Clause: Limit 1 of each item
|clearpoke
|poke|p1|Toucannon, L50, M|
|poke|p1|Grimmsnarl, L50, M|
|poke|p1|Raichu, L50, F|
|poke|p1|Garchomp, L50, F|
|poke|p1|Annihilape, L50, M|
|poke|p1|Volcarona, L50, F|
|poke|p2|Mawile, L50, F|
|poke|p2|Incineroar, L50, M|
|poke|p2|Staraptor, L50, M|
|poke|p2|Farigiraf, L50, M|
|poke|p2|Ampharos, L50, F|
|poke|p2|Basculegion, L50, M|
|teampreview|4
|showteam|p1|Toucannon||SilkScarf|SkillLink|Tailwind,BulletSeed,Boomburst,Protect|Impish||M|||50|]Grimmsnarl||LightClay|Prankster|FakeOut,PartingShot,Reflect,LightScreen|Careful||M|||50|]Raichu||RaichuniteY|LightningRod|FakeOut,GrassKnot,FocusBlast,ZapCannon|Hasty||F|||50|]Garchomp||LifeOrb|RoughSkin|RockSlide,Earthquake,DragonClaw,Protect|Jolly||F|||50|]Annihilape||Leftovers|Defiant|IcePunch,RageFist,DrainPunch,Protect|Adamant||M|||50|]Volcarona||ChartiBerry|FlameBody|RagePowder,MorningSun,WillOWisp,HeatWave|Calm||F|||50|
|showteam|p2|Mawile||Mawilite|HyperCutter|IronHead,PlayRough,SuckerPunch,Protect|Brave||F|||50|]Incineroar||Charcoal|Intimidate|FlareBlitz,PartingShot,FakeOut,DarkestLariat|Adamant||M|||50|]Staraptor||ChoiceScarf|Intimidate|BraveBird,CloseCombat,Uturn,FinalGambit|Bashful||M|||50|]Farigiraf||SitrusBerry|ArmorTail|Psychic,GrassKnot,TrickRoom,HelpingHand|Quiet||M|||50|]Ampharos||Ampharosite|Static|Thunderbolt,DragonPulse,FocusBlast,Protect|Quiet||F|||50|]Basculegion||FocusSash|Adaptability|Liquidation,LastRespects,AquaJet,Protect|Adamant||M|||50|
|
|t:|1783369851
|teamsize|p1|4
|teamsize|p2|4
|start
|switch|p1a: Toucannon|Toucannon, L50, M|100/100
|switch|p1b: Annihilape|Annihilape, L50, M|100/100
|switch|p2a: Farigiraf|Farigiraf, L50, M|100/100
|switch|p2b: Basculegion|Basculegion, L50, M|100/100
|turn|1
|
|t:|1783369886
|move|p2b: Basculegion|Liquidation|p1a: Toucannon
|-damage|p1a: Toucannon|36/100
|-unboost|p1a: Toucannon|def|1
|move|p1b: Annihilape|Drain Punch|p2a: Farigiraf
|-damage|p2a: Farigiraf|66/100
|move|p1a: Toucannon|Bullet Seed|p2b: Basculegion
|-supereffective|p2b: Basculegion|1
|-damage|p2b: Basculegion|83/100
|-supereffective|p2b: Basculegion|1
|-damage|p2b: Basculegion|67/100
|-supereffective|p2b: Basculegion|1
|-damage|p2b: Basculegion|50/100g
|-supereffective|p2b: Basculegion|1
|-damage|p2b: Basculegion|33/100
|-supereffective|p2b: Basculegion|1
|-damage|p2b: Basculegion|16/100
|-hitcount|p2b: Basculegion|5
|move|p2a: Farigiraf|Trick Room|p2a: Farigiraf
|-fieldstart|move: Trick Room|[of] p2a: Farigiraf
|
|upkeep
|turn|2
|
|t:|1783369937
|move|p1a: Toucannon|Protect|p1a: Toucannon
|-singleturn|p1a: Toucannon|Protect
|move|p2b: Basculegion|Aqua Jet|p1a: Toucannon
|-activate|p1a: Toucannon|move: Protect
|move|p2a: Farigiraf|Psychic|p1b: Annihilape
|-supereffective|p1b: Annihilape|1
|-damage|p1b: Annihilape|33/100
|move|p1b: Annihilape|Drain Punch|p2a: Farigiraf
|-damage|p2a: Farigiraf|33/100
|-heal|p1b: Annihilape|49/100|[from] drain|[of] p2a: Farigiraf
|-enditem|p2a: Farigiraf|Sitrus Berry|[eat]
|-heal|p2a: Farigiraf|58/100|[from] item: Sitrus Berry
|
|-heal|p1b: Annihilape|55/100|[from] item: Leftovers
|upkeep
|turn|3
|
|t:|1783369960
|switch|p1a: Garchomp|Garchomp, L50, F|100/100
|move|p1b: Annihilape|Protect|p1b: Annihilape
|-singleturn|p1b: Annihilape|Protect
|move|p2b: Basculegion|Aqua Jet|p1a: Garchomp
|-damage|p1a: Garchomp|74/100
|-damage|p2b: Basculegion|4/100|[from] ability: Rough Skin|[of] p1a: Garchomp
|move|p2a: Farigiraf|Psychic|p1b: Annihilape
|-activate|p1b: Annihilape|move: Protect
|
|-heal|p1b: Annihilape|61/100|[from] item: Leftovers
|upkeep
|turn|4
|
|t:|1783369977
|switch|p1b: Volcarona|Volcarona, L50, F|100/100
|move|p2b: Basculegion|Aqua Jet|p1b: Volcarona
|-supereffective|p1b: Volcarona|1
|-damage|p1b: Volcarona|20/100y
|move|p2a: Farigiraf|Psychic|p1b: Volcarona
|-damage|p1b: Volcarona|0 fnt
|faint|p1b: Volcarona
|move|p1a: Garchomp|Rock Slide|p2b: Basculegion|[spread] p2a,p2b
|-damage|p2a: Farigiraf|36/100
|-damage|p2b: Basculegion|0 fnt
|faint|p2b: Basculegion
|-damage|p1a: Garchomp|64/100|[from] item: Life Orb
|
|upkeep
|
|t:|1783369990
|switch|p1b: Annihilape|Annihilape, L50, M|61/100
|switch|p2b: Staraptor|Staraptor, L50, M|100/100
|-ability|p2b: Staraptor|Intimidate|boost
|-unboost|p1a: Garchomp|atk|1
|-unboost|p1b: Annihilape|atk|1
|-ability|p1b: Annihilape|Defiant|boost
|-boost|p1b: Annihilape|atk|2
|turn|5
|
|t:|1783370014
|move|p1b: Annihilape|Protect|p1b: Annihilape
|-singleturn|p1b: Annihilape|Protect
|move|p2a: Farigiraf|Psychic|p1b: Annihilape
|-activate|p1b: Annihilape|move: Protect
|move|p1a: Garchomp|Dragon Claw|p2a: Farigiraf
|-damage|p2a: Farigiraf|1/100
|-damage|p1a: Garchomp|54/100|[from] item: Life Orb
|move|p2b: Staraptor|Final Gambit|p1a: Garchomp
|-damage|p1a: Garchomp|0 fnt
|faint|p2b: Staraptor
|faint|p1a: Garchomp
|
|-heal|p1b: Annihilape|67/100|[from] item: Leftovers
|-fieldend|move: Trick Room
|upkeep
|
|t:|1783370028
|switch|p1a: Toucannon|Toucannon, L50, M|36/100
|switch|p2b: Ampharos|Ampharos, L50, F|100/100
|turn|6
|
|t:|1783370053
|detailschange|p2b: Ampharos|Ampharos-Mega, L50, F
|-mega|p2b: Ampharos|Ampharos|Ampharosite
|-ability|p2b: Ampharos|Mold Breaker
|move|p1b: Annihilape|Ice Punch|p2b: Ampharos
|-supereffective|p2b: Ampharos|1
|-damage|p2b: Ampharos|25/100
|move|p1a: Toucannon|Boomburst|p2a: Farigiraf|[spread] p2a,p2b
|-immune|p1b: Annihilape
|-damage|p2a: Farigiraf|0 fnt
|-damage|p2b: Ampharos|0 fnt
|faint|p2a: Farigiraf
|faint|p2b: Ampharos
|
|win|FruitloopsFL
|c|☆puffinbee|damn gg
|c|☆FruitloopsFL|ggwp
|c|☆puffinbee|ill upload
