|j|☆viatles
|j|☆HunterOnShowdown
|html|viatlesHunterOnShowdown    
|uhtml|bestof|Game 1 of a best-of-3
|t:|1784265227
|gametype|doubles
|player|p1|viatles|hiker|1119
|player|p2|HunterOnShowdown|hilbert|1302
|gen|9
|tier|[Gen 9 Champions] VGC 2026 Reg M-B (Bo3)
|rated|
|rule|Species Clause: Limit one of each Pokémon
|rule|Item Clause: Limit 1 of each item
|clearpoke
|poke|p1|Falinks, L50|
|poke|p1|Maushold, L50|
|poke|p1|Sinistcha, L50|
|poke|p1|Sneasler, L50, F|
|poke|p1|Grimmsnarl, L50, M|
|poke|p1|Gyarados, L50, F|
|poke|p2|Emboar, L50, M|
|poke|p2|Meowscarada, L50, M|
|poke|p2|Ninetales-Alola, L50, F|
|poke|p2|Sneasler, L50, F, shiny|
|poke|p2|Aerodactyl, L50, M|
|poke|p2|Corviknight, L50, M, shiny|
|teampreview|4
|showteam|p1|Falinks||Falinksite|Defiant|NoRetreat,KnockOff,CloseCombat,Protect|Serious|||||50|]Maushold||WideLens|FriendGuard|FollowMe,PopulationBomb,Protect,SuperFang|Jolly|||||50|]Sinistcha||SitrusBerry|Hospitality|MatchaGotcha,RagePowder,Imprison,TrickRoom|Bold|||||50|]Sneasler||WhiteHerb|Unburden|FakeOut,DireClaw,CloseCombat,Protect|Jolly||F|||50|]Grimmsnarl||LightClay|Prankster|SpiritBreak,LightScreen,PartingShot,FakeOut|Careful||M|||50|]Gyarados||Gyaradosite|Intimidate|DragonDance,Protect,Crunch,Waterfall|Adamant||F|||50|
|showteam|p2|Emboar||Emboarite|Reckless|FlareBlitz,CloseCombat,SuckerPunch,Protect|Adamant||M|||50|]Meowscarada||ChoiceScarf|Protean|Uturn,FlowerTrick,ThroatChop,TripleAxel|Adamant||M|||50|]Ninetales-Alola||NeverMeltIce|SnowWarning|IcyWind,FreezeDry,Protect,Encore|Timid||F|||50|]Sneasler||WhiteHerb|Unburden|Coaching,CloseCombat,GunkShot,FakeOut|Jolly||F|||50|]Aerodactyl||Aerodactylite|Unnerve|RockSlide,WideGuard,DualWingbeat,Protect|Jolly||M|||50|]Corviknight||OccaBerry|MirrorArmor|Roost,Tailwind,BraveBird,BulkUp|Careful||M|||50|
|inactive|Battle timer is ON: inactive players will automatically lose when time's up. (requested by HunterOnShowdown)
|c|☆viatles|gl hf
|inactive|HunterOnShowdown has 60 seconds left.
|inactive|HunterOnShowdown has 30 seconds left.
|
|t:|1784265289
|teamsize|p1|4
|teamsize|p2|4
|start
|switch|p1a: The Bois|Falinks, L50|100/100
|switch|p1b: Sneasler|Sneasler, L50, F|100/100
|switch|p2a: Misaki|Sneasler, L50, F, shiny|100/100
|switch|p2b: Muninn|Corviknight, L50, M, shiny|100/100
|turn|1
|
|t:|1784265302
|detailschange|p1a: The Bois|Falinks-Mega, L50
|-mega|p1a: The Bois|Falinks|Falinksite
|move|p1b: Sneasler|Fake Out|p2a: Misaki
|-damage|p2a: Misaki|84/100
|cant|p2a: Misaki|flinch
|move|p1a: The Bois|No Retreat|p1a: The Bois
|-boost|p1a: The Bois|atk|1
|-boost|p1a: The Bois|def|1
|-boost|p1a: The Bois|spa|1
|-boost|p1a: The Bois|spd|1
|-boost|p1a: The Bois|spe|1
|-start|p1a: The Bois|move: No Retreat
|move|p2b: Muninn|Tailwind|p2b: Muninn
|-sidestart|p2: HunterOnShowdown|move: Tailwind
|
|upkeep
|turn|2
|
|t:|1784265317
|switch|p1b: Grimmsnarl|Grimmsnarl, L50, M|100/100
|move|p1a: The Bois|Protect|p1a: The Bois
|-singleturn|p1a: The Bois|Protect
|move|p2a: Misaki|Coaching|p2b: Muninn
|-boost|p2b: Muninn|atk|1
|-boost|p2b: Muninn|def|1
|move|p2b: Muninn|Bulk Up|p2b: Muninn
|-boost|p2b: Muninn|atk|1
|-boost|p2b: Muninn|def|1
|
|upkeep
|turn|3
|
|t:|1784265333
|move|p1b: Grimmsnarl|Fake Out|p2a: Misaki
|-damage|p2a: Misaki|71/100
|cant|p2a: Misaki|flinch
|move|p2b: Muninn|Tailwind||[still]
|-fail|p2b: Muninn
|move|p1a: The Bois|No Retreat||[still]
|-fail|p1a: The Bois
|
|upkeep
|turn|4
|inactive|viatles has 30 seconds left.
|
|t:|1784265362
|move|p1b: Grimmsnarl|Parting Shot|p2b: Muninn
|-ability|p2b: Muninn|Mirror Armor
|-unboost|p1b: Grimmsnarl|atk|1
|-ability|p2b: Muninn|Mirror Armor
|-unboost|p1b: Grimmsnarl|spa|1
|
|t:|1784265369
|switch|p1b: Sneasler|Sneasler, L50, F|100/100|[from] Parting Shot
|move|p2a: Misaki|Close Combat|p1b: Sneasler
|-resisted|p1b: Sneasler|1
|-damage|p1b: Sneasler|59/100
|-unboost|p2a: Misaki|def|1
|-unboost|p2a: Misaki|spd|1
|-enditem|p2a: Misaki|White Herb
|-clearnegativeboost|p2a: Misaki|[silent]
|move|p2b: Muninn|Bulk Up|p2b: Muninn
|-boost|p2b: Muninn|atk|1
|-boost|p2b: Muninn|def|1
|move|p1a: The Bois|Knock Off|p2a: Misaki
|-resisted|p2a: Misaki|1
|-damage|p2a: Misaki|56/100
|
|-sideend|p2: HunterOnShowdown|move: Tailwind
|upkeep
|turn|5
|
|t:|1784265389
|move|p1b: Sneasler|Fake Out|p2a: Misaki
|-damage|p2a: Misaki|40/100
|cant|p2a: Misaki|flinch
|move|p1a: The Bois|Knock Off|p2b: Muninn
|-crit|p2b: Muninn
|-damage|p2b: Muninn|45/100
|-enditem|p2b: Muninn|Occa Berry|[from] move: Knock Off|[of] p1a: The Bois
|move|p2b: Muninn|Tailwind|p2b: Muninn
|-sidestart|p2: HunterOnShowdown|move: Tailwind
|
|upkeep
|turn|6
|
|t:|1784265404
|move|p1b: Sneasler|Protect|p1b: Sneasler
|-singleturn|p1b: Sneasler|Protect
|move|p2a: Misaki|Coaching|p2b: Muninn
|-boost|p2b: Muninn|atk|1
|-boost|p2b: Muninn|def|1
|move|p2b: Muninn|Roost|p2b: Muninn
|-heal|p2b: Muninn|95/100
|-singleturn|p2b: Muninn|move: Roost
|move|p1a: The Bois|Close Combat|p2a: Misaki
|-resisted|p2a: Misaki|1
|-damage|p2a: Misaki|0 fnt
|-unboost|p1a: The Bois|def|1
|-unboost|p1a: The Bois|spd|1
|faint|p2a: Misaki
|
|upkeep
|
|t:|1784265414
|switch|p2a: Nora|Ninetales-Alola, L50, F|100/100
|-weather|Snowscape|[from] ability: Snow Warning|[of] p2a: Nora
|turn|7
|
|t:|1784265422
|switch|p1b: Grimmsnarl|Grimmsnarl, L50, M|100/100
|move|p1a: The Bois|Protect|p1a: The Bois
|-singleturn|p1a: The Bois|Protect
|move|p2a: Nora|Encore||[still]
|-fail|p2a: Nora
|move|p2b: Muninn|Brave Bird|p1a: The Bois
|-activate|p1a: The Bois|move: Protect
|
|-weather|Snowscape|[upkeep]
|upkeep
|turn|8
|
|t:|1784265438
|move|p1b: Grimmsnarl|Fake Out|p2a: Nora
|-damage|p2a: Nora|89/100
|cant|p2a: Nora|flinch
|move|p2b: Muninn|Brave Bird|p1a: The Bois
|-supereffective|p1a: The Bois|1
|-damage|p1a: The Bois|0 fnt
|faint|p1a: The Bois
|-damage|p2b: Muninn|66/100|[from] Recoil
|
|-weather|Snowscape|[upkeep]
|-sideend|p2: HunterOnShowdown|move: Tailwind
|upkeep
|
|t:|1784265449
|switch|p1a: Maushold|Maushold, L50|100/100
|turn|9
|inactive|viatles has 30 seconds left.
|
|t:|1784265484
|move|p2a: Nora|Protect|p2a: Nora
|-singleturn|p2a: Nora|Protect
|move|p1b: Grimmsnarl|Parting Shot|p2a: Nora
|-activate|p2a: Nora|move: Protect
|move|p1a: Maushold|Super Fang|p2b: Muninn
|-damage|p2b: Muninn|33/100
|move|p2b: Muninn|Tailwind|p2b: Muninn
|-sidestart|p2: HunterOnShowdown|move: Tailwind
|
|-weather|Snowscape|[upkeep]
|upkeep
|turn|10
|inactive|HunterOnShowdown has 30 seconds left.
|inactive|HunterOnShowdown has 20 seconds left.
|inactive|HunterOnShowdown has 15 seconds left.
|
|t:|1784265528
|move|p1a: Maushold|Protect|p1a: Maushold
|-singleturn|p1a: Maushold|Protect
|move|p1b: Grimmsnarl|Parting Shot|p2a: Nora
|-unboost|p2a: Nora|atk|1
|-unboost|p2a: Nora|spa|1
|
|t:|1784265533
|switch|p1b: Sneasler|Sneasler, L50, F|59/100|[from] Parting Shot
|move|p2a: Nora|Icy Wind|p1b: Sneasler|[spread] p1b
|-activate|p1a: Maushold|move: Protect
|-damage|p1b: Sneasler|49/100
|-unboost|p1b: Sneasler|spe|1
|-enditem|p1b: Sneasler|White Herb
|-clearnegativeboost|p1b: Sneasler|[silent]
|move|p2b: Muninn|Roost|p2b: Muninn
|-heal|p2b: Muninn|83/100
|-singleturn|p2b: Muninn|move: Roost
|
|-weather|Snowscape|[upkeep]
|upkeep
|turn|11
|
|t:|1784265556
|switch|p2a: Ptietro|Aerodactyl, L50, M|100/100
|-ability|p2a: Ptietro|Unnerve
|move|p1b: Sneasler|Fake Out|p2a: Ptietro
|-resisted|p2a: Ptietro|1
|-damage|p2a: Ptietro|91/100
|move|p2b: Muninn|Brave Bird|p1a: Maushold
|-damage|p1a: Maushold|0 fnt
|faint|p1a: Maushold
|-damage|p2b: Muninn|57/100|[from] Recoil
|
|-weather|none
|upkeep
|
|t:|1784265565
|switch|p1a: Grimmsnarl|Grimmsnarl, L50, M|100/100
|turn|12
|
|t:|1784265576
|detailschange|p2a: Ptietro|Aerodactyl-Mega, L50, M
|-mega|p2a: Ptietro|Aerodactyl|Aerodactylite
|move|p1a: Grimmsnarl|Fake Out|p2a: Ptietro
|-resisted|p2a: Ptietro|1
|-damage|p2a: Ptietro|86/100
|cant|p2a: Ptietro|flinch
|move|p1b: Sneasler|Close Combat|p2b: Muninn
|-damage|p2b: Muninn|38/100
|-unboost|p1b: Sneasler|def|1
|-unboost|p1b: Sneasler|spd|1
|move|p2b: Muninn|Brave Bird|p1a: Grimmsnarl
|-damage|p1a: Grimmsnarl|0 fnt
|faint|p1a: Grimmsnarl
|-damage|p2b: Muninn|3/100|[from] Recoil
|
|-sideend|p2: HunterOnShowdown|move: Tailwind
|upkeep
|turn|13
|
|t:|1784265591
|move|p1b: Sneasler|Close Combat|p2b: Muninn
|-damage|p2b: Muninn|0 fnt
|-unboost|p1b: Sneasler|def|1
|-unboost|p1b: Sneasler|spd|1
|faint|p2b: Muninn
|move|p2a: Ptietro|Dual Wingbeat|p1b: Sneasler
|-supereffective|p1b: Sneasler|1
|-damage|p1b: Sneasler|0 fnt
|faint|p1b: Sneasler
|-hitcount|p1: Sneasler|1
|
|win|HunterOnShowdown
||HunterOnShowdown is ready for game 2.
