|j|☆bloodnirvana98
|j|☆r4ka
|html|bloodnirvana98r4ka    
|uhtml|bestof|Game 2 of a best-of-3
|t:|1756316423
|gametype|doubles
|player|p1|bloodnirvana98|giovanni|1054
|player|p2|r4ka|169|1095
|gen|9
|tier|[Gen 9] VGC 2025 Reg H (Bo3)
|rated|
|rule|Species Clause: Limit one of each Pokémon
|rule|Item Clause: Limit 1 of each item
|clearpoke
|poke|p1|Garchomp, L50, F|
|poke|p1|Charizard, L50, M|
|poke|p1|Jumpluff, L50, F|
|poke|p1|Amoonguss, L50, M|
|poke|p1|Incineroar, L50, F|
|poke|p1|Ditto, L50|
|poke|p2|Rillaboom, L50, F|
|poke|p2|Dragonite, L50, M|
|poke|p2|Sneasler, L50, M|
|poke|p2|Kingambit, L50, M|
|poke|p2|Electabuzz, L50, M|
|poke|p2|Volcarona, L50, M|
|teampreview|4
|showteam|p1|Garchomp||LifeOrb|RoughSkin|RockSlide,Earthquake,FireFang,Protect|||F|||50|,,,,,Ground]Charizard||QuickClaw|SolarPower|Flamethrower,HeatWave,DragonPulse,Protect|||M|||50|,,,,,Fire]Jumpluff||CovertCloak|Chlorophyll|RagePowder,PollenPuff,Tailwind,SunnyDay|||F|||50|,,,,,Water]Amoonguss||RockyHelmet|Regenerator|RagePowder,Spore,PollenPuff,Protect|||M|||50|,,,,,Dark]Incineroar||SafetyGoggles|Intimidate|FakeOut,KnockOff,FlareBlitz,SunnyDay|||F|||50|,,,,,Ghost]Ditto||ChoiceScarf|Imposter|Transform||||||50|,,,,,Normal
|showteam|p2|Rillaboom||AssaultVest|GrassySurge|FakeOut,Uturn,WoodHammer,GrassyGlide|||F|||50|,,,,,Fire]Dragonite||LoadedDice|Multiscale|ExtremeSpeed,ScaleShot,Protect,Haze|||M|||50|,,,,,Fairy]Sneasler||FocusSash|PoisonTouch|DireClaw,CloseCombat,FakeOut,Coaching|||M|||50|,,,,,Stellar]Kingambit||BlackGlasses|Defiant|KowtowCleave,SuckerPunch,SwordsDance,Protect|||M|||50|,,,,,Dark]Electabuzz||Eviolite|VitalSpirit|Thunderbolt,Taunt,Protect,FollowMe|||M|||50|,,,,,Ghost]Volcarona||Leftovers|FlameBody|HeatWave,TeraBlast,QuiverDance,Protect|||M|||50|,,,,,Fairy
|inactive|Battle timer is ON: inactive players will automatically lose when time's up. (requested by bloodnirvana98)
|
|t:|1756316436
|teamsize|p1|4
|teamsize|p2|4
|start
|switch|p1a: Incineroar|Incineroar, L50, F|100/100
|switch|p1b: Ditto|Ditto, L50|100/100
|switch|p2a: Volcarona|Volcarona, L50, M|100/100
|switch|p2b: Dragonite|Dragonite, L50, M|100/100
|-transform|p1b: Ditto|p2a: Volcarona|[from] ability: Imposter
|-ability|p1a: Incineroar|Intimidate|boost
|-unboost|p2a: Volcarona|atk|1
|-unboost|p2b: Dragonite|atk|1
|turn|1
|inactive|bloodnirvana98 has 30 seconds left.
|inactive|r4ka has 30 seconds left.
|
|t:|1756316464
|move|p1a: Incineroar|Fake Out|p2b: Dragonite
|-damage|p2b: Dragonite|92/100
|move|p1b: Ditto|Heat Wave|p2b: Dragonite|[spread] p2b
|-miss|p1b: Ditto|p2a: Volcarona
|-resisted|p2b: Dragonite
|-damage|p2b: Dragonite|72/100
|move|p2a: Volcarona|Quiver Dance|p2a: Volcarona
|-boost|p2a: Volcarona|spa|1
|-boost|p2a: Volcarona|spd|1
|-boost|p2a: Volcarona|spe|1
|cant|p2b: Dragonite|flinch
|
|upkeep
|turn|2
|
|t:|1756316486
|move|p2a: Volcarona|Protect|p2a: Volcarona
|-singleturn|p2a: Volcarona|Protect
|move|p1b: Ditto|Heat Wave|p2b: Dragonite|[spread] 
|-activate|p2a: Volcarona|move: Protect
|-miss|p1b: Ditto|p2b: Dragonite
|move|p2b: Dragonite|Scale Shot|p1b: Ditto
|-damage|p1b: Ditto|87/100
|-damage|p1b: Ditto|73/100
|-damage|p1b: Ditto|61/100
|-damage|p1b: Ditto|48/100
|-hitcount|p1b: Ditto|4
|-unboost|p2b: Dragonite|def|1
|-boost|p2b: Dragonite|spe|1
|move|p1a: Incineroar|Knock Off|p2a: Volcarona
|-activate|p2a: Volcarona|move: Protect
|
|upkeep
|turn|3
|inactive|r4ka has 30 seconds left.
|
|t:|1756316521
|-terastallize|p2a: Volcarona|Fairy
|move|p2a: Volcarona|Quiver Dance|p2a: Volcarona
|-boost|p2a: Volcarona|spa|1
|-boost|p2a: Volcarona|spd|1
|-boost|p2a: Volcarona|spe|1
|move|p1b: Ditto|Heat Wave|p2b: Dragonite|[spread] p2a
|-miss|p1b: Ditto|p2b: Dragonite
|-damage|p2a: Volcarona|83/100
|move|p2b: Dragonite|Scale Shot|p1b: Ditto
|-damage|p1b: Ditto|34/100
|-damage|p1b: Ditto|20/100
|-damage|p1b: Ditto|4/100
|-damage|p1b: Ditto|0 fnt
|faint|p1b: Ditto
|-hitcount|p1: Ditto|4
|-unboost|p2b: Dragonite|def|1
|-boost|p2b: Dragonite|spe|1
|move|p1a: Incineroar|Knock Off|p2a: Volcarona
|-resisted|p2a: Volcarona
|-damage|p2a: Volcarona|57/100
|-enditem|p2a: Volcarona|Leftovers|[from] move: Knock Off|[of] p1a: Incineroar
|
|upkeep
|
|t:|1756316538
|switch|p1b: Jumpluff|Jumpluff, L50, F|100/100
|turn|4
|
|t:|1756316557
|move|p2a: Volcarona|Quiver Dance|p2a: Volcarona
|-boost|p2a: Volcarona|spa|1
|-boost|p2a: Volcarona|spd|1
|-boost|p2a: Volcarona|spe|1
|move|p2b: Dragonite|Scale Shot|p1a: Incineroar
|-damage|p1a: Incineroar|90/100
|-damage|p1a: Incineroar|80/100
|-damage|p1a: Incineroar|70/100
|-damage|p1a: Incineroar|60/100
|-damage|p1a: Incineroar|50/100
|-hitcount|p1a: Incineroar|5
|-unboost|p2b: Dragonite|def|1
|-boost|p2b: Dragonite|spe|1
|move|p1b: Jumpluff|Sunny Day|p1b: Jumpluff
|-weather|SunnyDay
|move|p1a: Incineroar|Flare Blitz|p2a: Volcarona
|-damage|p2a: Volcarona|0 fnt
|faint|p2a: Volcarona
|-damage|p1a: Incineroar|34/100|[from] Recoil
|
|-weather|SunnyDay|[upkeep]
|upkeep
|
|t:|1756316580
|switch|p2a: Sneasler|Sneasler, L50, M|100/100
|turn|5
|
|t:|1756316595
|move|p1b: Jumpluff|Rage Powder|p1b: Jumpluff
|-singleturn|p1b: Jumpluff|move: Rage Powder
|move|p2b: Dragonite|Scale Shot|p1b: Jumpluff
|-damage|p1b: Jumpluff|88/100
|-damage|p1b: Jumpluff|75/100
|-damage|p1b: Jumpluff|61/100
|-crit|p1b: Jumpluff
|-damage|p1b: Jumpluff|35/100
|-damage|p1b: Jumpluff|22/100
|-hitcount|p1b: Jumpluff|5
|-unboost|p2b: Dragonite|def|1
|-boost|p2b: Dragonite|spe|1
|move|p2a: Sneasler|Dire Claw|p1b: Jumpluff
|-supereffective|p1b: Jumpluff
|-damage|p1b: Jumpluff|0 fnt
|faint|p1b: Jumpluff
|move|p1a: Incineroar|Flare Blitz|p2a: Sneasler
|-enditem|p2a: Sneasler|Focus Sash
|-damage|p2a: Sneasler|1/100
|-status|p2a: Sneasler|brn
|-damage|p1a: Incineroar|9/100|[from] Recoil
|
|-weather|SunnyDay|[upkeep]
|-damage|p2a: Sneasler|0 fnt|[from] brn
|faint|p2a: Sneasler
|upkeep
|
|t:|1756316619
|switch|p2a: Rillaboom|Rillaboom, L50, F|100/100
|switch|p1b: Garchomp|Garchomp, L50, F|100/100
|-fieldstart|move: Grassy Terrain|[from] ability: Grassy Surge|[of] p2a: Rillaboom
|turn|6
|
|t:|1756316639
|move|p1b: Garchomp|Protect|p1b: Garchomp
|-singleturn|p1b: Garchomp|Protect
|move|p2a: Rillaboom|Fake Out|p1a: Incineroar
|-damage|p1a: Incineroar|0 fnt
|faint|p1a: Incineroar
|move|p2b: Dragonite|Scale Shot|p1b: Garchomp
|-activate|p1b: Garchomp|move: Protect
|
|-weather|SunnyDay|[upkeep]
|upkeep
|turn|7
|
|t:|1756316653
|move|p2b: Dragonite|Protect|p2b: Dragonite
|-singleturn|p2b: Dragonite|Protect
|move|p1b: Garchomp|Rock Slide|p2a: Rillaboom|[spread] p2a
|-activate|p2b: Dragonite|move: Protect
|-damage|p2a: Rillaboom|75/100
|-damage|p1b: Garchomp|91/100|[from] item: Life Orb
|move|p2a: Rillaboom|Wood Hammer|p1b: Garchomp
|-damage|p1b: Garchomp|5/100
|-damage|p2a: Rillaboom|63/100|[from] ability: Rough Skin|[of] p1b: Garchomp
|-damage|p2a: Rillaboom|38/100|[from] Recoil
|
|-weather|SunnyDay|[upkeep]
|-heal|p1b: Garchomp|11/100|[from] Grassy Terrain
|-heal|p2a: Rillaboom|44/100|[from] Grassy Terrain
|upkeep
|turn|8
|
|t:|1756316669
|move|p2b: Dragonite|Extreme Speed|p1b: Garchomp
|-damage|p1b: Garchomp|0 fnt
|-damage|p2b: Dragonite|60/100|[from] ability: Rough Skin|[of] p1b: Garchomp
|faint|p1b: Garchomp
|
|win|r4ka
|raw|bloodnirvana98's rating: 1054 → 1038(-16 for losing)
|raw|r4ka's rating: 1095 → 1118(+23 for winning)
|l|☆bloodnirvana98
|player|p1|
