|j|☆SlowHomie
|j|☆Its last min
|html|SlowHomieIts last min    
|uhtml|bestof|Game 2 of a best-of-3
|t:|1756858635
|gametype|doubles
|player|p1|SlowHomie|lucas|
|player|p2|Its last min|101|
|gen|9
|tier|[Gen 9] VGC 2025 Reg H (Bo3)
|rule|Species Clause: Limit one of each Pokémon
|rule|Item Clause: Limit 1 of each item
|clearpoke
|poke|p1|Kommo-o, L50, F|
|poke|p1|Ninetales-Alola, L50, F|
|poke|p1|Rillaboom, L50, M|
|poke|p1|Electabuzz, L50, M|
|poke|p1|Annihilape, L50, M|
|poke|p1|Kingambit, L50, F|
|poke|p2|Rillaboom, L50, M|
|poke|p2|Gholdengo, L50|
|poke|p2|Ursaluna-Bloodmoon, L50, M|
|poke|p2|Whimsicott, L50, F|
|poke|p2|Annihilape, L50, M|
|poke|p2|Incineroar, L50, M|
|teampreview|4
|showteam|p1|Kommo-o||LifeOrb|Soundproof|ClangingScales,AuraSphere,Flamethrower,Protect|||F|||50|,,,,,Fire]Ninetales-Alola||NeverMeltIce|SnowWarning|Blizzard,FreezeDry,Encore,Protect|||F|||50|,,,,,Ice]Rillaboom||AssaultVest|GrassySurge|WoodHammer,GrassyGlide,HighHorsepower,FakeOut|||M|||50|,,,,,Ghost]Electabuzz||Eviolite|VitalSpirit|Electroweb,HelpingHand,FollowMe,Protect|||M|||50|,,,,,Ghost]Annihilape||FocusSash|Defiant|CloseCombat,ShadowClaw,FinalGambit,Taunt|||M|||50|,,,,,Stellar]Kingambit||BlackGlasses|Defiant|KowtowCleave,SuckerPunch,SwordsDance,Protect|||F|||50|,,,,,Dark
|showteam|p2|Rillaboom||AssaultVest|GrassySurge|FakeOut,GrassyGlide,WoodHammer,HighHorsepower|||M|||50|,,,,,Fire]Gholdengo||GrassySeed|GoodasGold|NastyPlot,MakeItRain,ShadowBall,Protect||||||50|,,,,,Water]Ursaluna-Bloodmoon||LifeOrb|MindsEye|BloodMoon,EarthPower,HyperVoice,Protect|||M|||50|,,,,,Normal]Whimsicott||CovertCloak|Prankster|Moonblast,Tailwind,Encore,FakeTears|||F|||50|,,,,,Steel]Annihilape||SafetyGoggles|Defiant|RageFist,CloseCombat,FinalGambit,Taunt|||M|||50|,,,,,Water]Incineroar||MirrorHerb|Intimidate|KnockOff,FlareBlitz,PartingShot,FakeOut|||M|||50|,,,,,Ghost
|
|t:|1756858673
|teamsize|p1|4
|teamsize|p2|4
|start
|switch|p1a: Queen Goober|Kingambit, L50, F, shiny|100/100
|switch|p1b: Hobo|Annihilape, L50, M, shiny|100/100
|switch|p2a: Whimsicott|Whimsicott, L50, F|100/100
|switch|p2b: Annihilape|Annihilape, L50, M|100/100
|turn|1
|
|t:|1756858713
|move|p1a: Queen Goober|Protect|p1a: Queen Goober
|-singleturn|p1a: Queen Goober|Protect
|move|p2a: Whimsicott|Moonblast|p1b: Hobo
|-supereffective|p1b: Hobo
|-damage|p1b: Hobo|52/100
|move|p1b: Hobo|Shadow Claw|p2b: Annihilape
|-supereffective|p2b: Annihilape
|-damage|p2b: Annihilape|34/100
|move|p2b: Annihilape|Close Combat|p1a: Queen Goober
|-activate|p1a: Queen Goober|move: Protect
|
|upkeep
|turn|2
|
|t:|1756858744
|move|p2a: Whimsicott|Tailwind|p2a: Whimsicott
|-sidestart|p2: Its last min|move: Tailwind
|move|p2b: Annihilape|Rage Fist|p1b: Hobo
|-supereffective|p1b: Hobo
|-damage|p1b: Hobo|0 fnt
|faint|p1b: Hobo
|move|p1a: Queen Goober|Swords Dance|p1a: Queen Goober
|-boost|p1a: Queen Goober|atk|2
|
|upkeep
|
|t:|1756858751
|switch|p1b: Kommodo-Moʻo|Kommo-o, L50, F, shiny|100/100
|turn|3
|
|t:|1756858780
|switch|p2b: Incineroar|Incineroar, L50, M, shiny|100/100
|-ability|p2b: Incineroar|Intimidate|boost
|-unboost|p1a: Queen Goober|atk|1
|-ability|p1a: Queen Goober|Defiant|boost
|-boost|p1a: Queen Goober|atk|2
|-unboost|p1b: Kommodo-Moʻo|atk|1
|-enditem|p2b: Incineroar|Mirror Herb
|-boost|p2b: Incineroar|atk|2|[from] item: Mirror Herb
|-terastallize|p1b: Kommodo-Moʻo|Fire
|move|p2a: Whimsicott|Tailwind||[still]
|-fail|p2a: Whimsicott
|move|p1a: Queen Goober|Sucker Punch||[still]
|-fail|p1a: Queen Goober
|move|p1b: Kommodo-Moʻo|Flamethrower|p2a: Whimsicott
|-supereffective|p2a: Whimsicott
|-damage|p2a: Whimsicott|0 fnt
|faint|p2a: Whimsicott
|-damage|p1b: Kommodo-Moʻo|91/100|[from] item: Life Orb
|
|upkeep
|
|t:|1756858815
|switch|p2a: Ursaluna|Ursaluna-Bloodmoon, L50, M|100/100
|turn|4
|
|t:|1756858832
|switch|p1b: Monkey Gong|Rillaboom, L50, M|100/100
|-fieldstart|move: Grassy Terrain|[from] ability: Grassy Surge|[of] p1b: Monkey Gong
|move|p1a: Queen Goober|Protect|p1a: Queen Goober
|-singleturn|p1a: Queen Goober|Protect
|move|p2b: Incineroar|Knock Off|p1b: Monkey Gong
|-damage|p1b: Monkey Gong|10/100
|-enditem|p1b: Monkey Gong|Assault Vest|[from] move: Knock Off|[of] p2b: Incineroar
|move|p2a: Ursaluna|Earth Power|p1b: Monkey Gong
|-resisted|p1b: Monkey Gong
|-damage|p1b: Monkey Gong|0 fnt
|faint|p1b: Monkey Gong
|-damage|p2a: Ursaluna|91/100|[from] item: Life Orb
|
|-heal|p2a: Ursaluna|97/100|[from] Grassy Terrain
|upkeep
|
|t:|1756858849
|switch|p1b: Kommodo-Moʻo|Kommo-o, L50, F, shiny, tera:Fire|91/100
|turn|5
|
|t:|1756858909
|move|p2a: Ursaluna|Protect|p2a: Ursaluna
|-singleturn|p2a: Ursaluna|Protect
|move|p1b: Kommodo-Moʻo|Protect|p1b: Kommodo-Moʻo
|-singleturn|p1b: Kommodo-Moʻo|Protect
|move|p1a: Queen Goober|Sucker Punch|p2b: Incineroar
|-resisted|p2b: Incineroar
|-damage|p2b: Incineroar|43/100
|move|p2b: Incineroar|Flare Blitz|p1a: Queen Goober
|-supereffective|p1a: Queen Goober
|-damage|p1a: Queen Goober|0 fnt
|faint|p1a: Queen Goober
|-damage|p2b: Incineroar|6/100|[from] Recoil
|
|-heal|p2b: Incineroar|12/100|[from] Grassy Terrain
|-heal|p2a: Ursaluna|100/100|[from] Grassy Terrain
|-heal|p1b: Kommodo-Moʻo|97/100|[from] Grassy Terrain
|-sideend|p2: Its last min|move: Tailwind
|upkeep
|turn|6
|
|t:|1756858928
|move|p1b: Kommodo-Moʻo|Aura Sphere|p2a: Ursaluna
|-supereffective|p2a: Ursaluna
|-damage|p2a: Ursaluna|0 fnt
|faint|p2a: Ursaluna
|-damage|p1b: Kommodo-Moʻo|88/100|[from] item: Life Orb
|move|p2b: Incineroar|Knock Off|p1b: Kommodo-Moʻo
|-damage|p1b: Kommodo-Moʻo|3/100
|-enditem|p1b: Kommodo-Moʻo|Life Orb|[from] move: Knock Off|[of] p2b: Incineroar
|
|-heal|p1b: Kommodo-Moʻo|9/100|[from] Grassy Terrain
|-heal|p2b: Incineroar|18/100|[from] Grassy Terrain
|upkeep
|
|t:|1756858932
|switch|p2a: Annihilape|Annihilape, L50, M|34/100
|turn|7
|
|t:|1756858944
|move|p2a: Annihilape|Close Combat|p1b: Kommodo-Moʻo
|-damage|p1b: Kommodo-Moʻo|0 fnt
|-unboost|p2a: Annihilape|def|1
|-unboost|p2a: Annihilape|spd|1
|faint|p1b: Kommodo-Moʻo
|
|win|Its last min
