|j|☆Diamondscyther
|j|☆Gen4lover2
|html|DiamondscytherGen4lover2    
|uhtml|bestof|Game 3 of a best-of-3
|t:|1785875027
|gametype|doubles
|player|p1|Diamondscyther|larry|1356
|player|p2|Gen4lover2|wallace|1300
|gen|9
|tier|[Gen 9 Champions] VGC 2026 Reg M-B (Bo3)
|rated|
|rule|Species Clause: Limit one of each Pokémon
|rule|Item Clause: Limit 1 of each item
|clearpoke
|poke|p1|Floette-Eternal, L50, F|
|poke|p1|Maushold-Four, L50|
|poke|p1|Garchomp, L50, F|
|poke|p1|Talonflame, L50, M|
|poke|p1|Raichu, L50, F|
|poke|p1|Kingambit, L50, F|
|poke|p2|Tyranitar, L50, M|
|poke|p2|Excadrill, L50, F|
|poke|p2|Staraptor, L50, F|
|poke|p2|Milotic, L50, F|
|poke|p2|Gholdengo, L50|
|poke|p2|Sinistcha-Masterpiece, L50|
|teampreview|4
|showteam|p1|Floette-Eternal||Floettite|FlowerVeil|LightofRuin,DazzlingGleam,Moonblast,Protect|Timid||F|||50|]Maushold-Four||WideLens|Technician|PopulationBomb,Protect,FollowMe,Feint|Jolly|||||50|]Garchomp||SitrusBerry|RoughSkin|Protect,RockSlide,DragonClaw,Earthquake|Adamant||F|||50|]Talonflame||SharpBeak|GaleWings|DualWingbeat,FlareBlitz,Tailwind,QuickGuard|Jolly||M|||50|]Raichu||RaichuniteY|LightningRod|ZapCannon,FocusBlast,FakeOut,Protect|Timid||F|||50|]Kingambit||FocusSash|Defiant|KowtowCleave,IronHead,SuckerPunch,LowKick|Adamant||F|||50|
|showteam|p2|Tyranitar||Tyranitarite|SandStream|RockSlide,KnockOff,LowKick,Protect|Adamant||M|||50|]Excadrill||FocusSash|SandRush|HighHorsepower,IronHead,RockSlide,Protect|Adamant||F|||50|]Staraptor||Staraptite|Intimidate|BraveBird,CloseCombat,Tailwind,Protect|Jolly||F|||50|]Milotic||SitrusBerry|Competitive|Scald,IceBeam,Recover,Protect|Modest||F|||50|]Gholdengo||LifeOrb|GoodasGold|MakeItRain,ShadowBall,NastyPlot,Protect|Modest|||||50|]Sinistcha-Masterpiece||ColburBerry|Hospitality|MatchaGotcha,RagePowder,TrickRoom,Protect|Relaxed|||||50|
|inactive|Battle timer is ON: inactive players will automatically lose when time's up. (requested by Diamondscyther)
|inactive|Gen4lover2 also wants the timer to be on.
|inactive|Diamondscyther has 60 seconds left.
|inactive|Gen4lover2 has 60 seconds left.
|inactive|Gen4lover2 has 30 seconds left.
|inactive|Gen4lover2 has 20 seconds left.
|inactive|Gen4lover2 has 15 seconds left.
|
|t:|1785875107
|teamsize|p1|4
|teamsize|p2|4
|start
|switch|p1a: Raichu|Raichu, L50, F|100/100
|switch|p1b: Kingambit|Kingambit, L50, F|100/100
|switch|p2a: Milotic|Milotic, L50, F|100/100
|switch|p2b: Staraptor|Staraptor, L50, F|100/100
|-ability|p2b: Staraptor|Intimidate|boost
|-unboost|p1a: Raichu|atk|1
|-unboost|p1b: Kingambit|atk|1
|-ability|p1b: Kingambit|Defiant|boost
|-boost|p1b: Kingambit|atk|2
|turn|1
|inactive|Diamondscyther has 30 seconds left.
|inactive|Gen4lover2 has 30 seconds left.
|inactive|Diamondscyther has 20 seconds left.
|inactive|Diamondscyther has 15 seconds left.
|inactive|Diamondscyther has 10 seconds left.
|
|t:|1785875153
|switch|p2a: Sinistcha|Sinistcha-Masterpiece, L50|100/100
|detailschange|p1a: Raichu|Raichu-Mega-Y, L50, F
|-mega|p1a: Raichu|Raichu|Raichunite Y
|move|p2b: Staraptor|Protect|p2b: Staraptor
|-singleturn|p2b: Staraptor|Protect
|move|p1a: Raichu|Focus Blast|p2b: Staraptor
|-activate|p2b: Staraptor|move: Protect
|move|p1b: Kingambit|Kowtow Cleave|p2a: Sinistcha
|-supereffective|p2a: Sinistcha|1
|-enditem|p2a: Sinistcha|Colbur Berry|[eat]
|-enditem|p2a: Sinistcha|Colbur Berry|[weaken]
|-damage|p2a: Sinistcha|38/100
|
|upkeep
|turn|2
|inactive|Diamondscyther has 30 seconds left.
|inactive|Diamondscyther has 20 seconds left.
|inactive|Diamondscyther has 15 seconds left.
|inactive|Diamondscyther has 10 seconds left.
|
|t:|1785875201
|switch|p1a: Talonflame|Talonflame, L50, M|100/100
|detailschange|p2b: Staraptor|Staraptor-Mega, L50, F
|-mega|p2b: Staraptor|Staraptor|Staraptite
|move|p2a: Sinistcha|Rage Powder|p2a: Sinistcha
|-singleturn|p2a: Sinistcha|move: Rage Powder
|move|p2b: Staraptor|Close Combat|p1a: Talonflame
|-resisted|p1a: Talonflame|1
|-damage|p1a: Talonflame|57/100
|-boost|p2b: Staraptor|def|1
|-boost|p2b: Staraptor|spd|1
|move|p1b: Kingambit|Kowtow Cleave|p2a: Sinistcha
|-supereffective|p2a: Sinistcha|1
|-damage|p2a: Sinistcha|0 fnt
|faint|p2a: Sinistcha
|
|upkeep
|inactive|Gen4lover2 has 30 seconds left.
|inactive|Gen4lover2 has 20 seconds left.
|
|t:|1785875241
|switch|p2a: Milotic|Milotic, L50, F|100/100
|turn|3
|inactive|Diamondscyther has 30 seconds left.
|inactive|Gen4lover2 has 30 seconds left.
|inactive|Diamondscyther has 20 seconds left.
|inactive|Gen4lover2 has 20 seconds left.
|inactive|Diamondscyther has 15 seconds left.
|inactive|Gen4lover2 has 15 seconds left.
|inactive|Gen4lover2 has 10 seconds left.
|inactive|Gen4lover2 has 5 seconds left.
|
|t:|1785875291
|move|p1a: Talonflame|Tailwind|p1a: Talonflame
|-sidestart|p1: Diamondscyther|move: Tailwind
|move|p2b: Staraptor|Close Combat|p1b: Kingambit
|-supereffective|p1b: Kingambit|2
|-enditem|p1b: Kingambit|Focus Sash
|-damage|p1b: Kingambit|1/100
|-boost|p2b: Staraptor|def|1
|-boost|p2b: Staraptor|spd|1
|move|p1b: Kingambit|Kowtow Cleave|p2a: Milotic
|-damage|p2a: Milotic|32/100
|-enditem|p2a: Milotic|Sitrus Berry|[eat]
|-heal|p2a: Milotic|57/100|[from] item: Sitrus Berry
|move|p2a: Milotic|Scald|p1a: Talonflame
|-supereffective|p1a: Talonflame|1
|-damage|p1a: Talonflame|0 fnt
|faint|p1a: Talonflame
|
|upkeep
|
|t:|1785875306
|switch|p1a: Raichu|Raichu-Mega-Y, L50, F|100/100
|turn|4
|
|t:|1785875315
|move|p2b: Staraptor|Protect|p2b: Staraptor
|-singleturn|p2b: Staraptor|Protect
|move|p2a: Milotic|Protect|p2a: Milotic
|-singleturn|p2a: Milotic|Protect
|move|p1a: Raichu|Zap Cannon|p2b: Staraptor
|-activate|p2b: Staraptor|move: Protect
|move|p1b: Kingambit|Kowtow Cleave|p2a: Milotic
|-activate|p2a: Milotic|move: Protect
|
|upkeep
|turn|5
|inactive|Gen4lover2 has 30 seconds left.
|inactive|Gen4lover2 has 20 seconds left.
|
|t:|1785875353
|move|p1a: Raichu|Zap Cannon|p2b: Staraptor
|-supereffective|p2b: Staraptor|1
|-damage|p2b: Staraptor|34/100
|-status|p2b: Staraptor|par
|move|p1b: Kingambit|Kowtow Cleave|p2a: Milotic
|-damage|p2a: Milotic|0 fnt
|faint|p2a: Milotic
|move|p2b: Staraptor|Close Combat|p1b: Kingambit
|-supereffective|p1b: Kingambit|2
|-damage|p1b: Kingambit|0 fnt
|-boost|p2b: Staraptor|def|1
|-boost|p2b: Staraptor|spd|1
|faint|p1b: Kingambit
|
|upkeep
|
|t:|1785875369
|switch|p2a: Tyranitar|Tyranitar, L50, M|100/100
|switch|p1b: Garchomp|Garchomp, L50, F|100/100
|-weather|Sandstorm|[from] ability: Sand Stream|[of] p2a: Tyranitar
|turn|6
|inactive|Diamondscyther has 30 seconds left.
|
|t:|1785875399
|move|p2a: Tyranitar|Protect|p2a: Tyranitar
|-singleturn|p2a: Tyranitar|Protect
|move|p1a: Raichu|Focus Blast|p2a: Tyranitar
|-activate|p2a: Tyranitar|move: Protect
|move|p1b: Garchomp|Rock Slide|p2a: Tyranitar|[spread] p2b
|-activate|p2a: Tyranitar|move: Protect
|-damage|p2b: Staraptor|26/100 par
|cant|p2b: Staraptor|par
|
|-weather|Sandstorm|[upkeep]
|-damage|p1a: Raichu|93/100|[from] Sandstorm
|-damage|p2b: Staraptor|20/100y par|[from] Sandstorm
|-sideend|p1: Diamondscyther|move: Tailwind
|upkeep
|turn|7
|inactive|Gen4lover2 has 30 seconds left.
|
|t:|1785875433
|move|p1a: Raichu|Focus Blast|p2a: Tyranitar
|-supereffective|p2a: Tyranitar|2
|-damage|p2a: Tyranitar|0 fnt
|faint|p2a: Tyranitar
|move|p1b: Garchomp|Dragon Claw|p2b: Staraptor
|-damage|p2b: Staraptor|3/100 par
|move|p2b: Staraptor|Close Combat|p1a: Raichu
|-damage|p1a: Raichu|11/100
|-boost|p2b: Staraptor|def|1
|-boost|p2b: Staraptor|spd|1
|
|-weather|Sandstorm|[upkeep]
|-damage|p1a: Raichu|5/100|[from] Sandstorm
|-damage|p2b: Staraptor|0 fnt|[from] Sandstorm
|faint|p2b: Staraptor
|
|win|Diamondscyther
|raw|Diamondscyther's rating: 1356 → 1373(+17 for winning)
|raw|Gen4lover2's rating: 1300 → 1279(-21 for losing)
|l|☆Diamondscyther
|player|p1|
