|j|☆jebward1234
|j|☆gundnub
|html|jebward1234gundnub    
|uhtml|bestof|Game 2 of a best-of-3
|t:|1783474023
|gametype|doubles
|player|p1|jebward1234|ethan|
|player|p2|gundnub|pokemonranger-gen4|
|gen|9
|tier|[Gen 9 Champions] VGC 2026 Reg M-B (Bo3)
|rule|Species Clause: Limit one of each Pokémon
|rule|Item Clause: Limit 1 of each item
|clearpoke
|poke|p1|Altaria, L50, F|
|poke|p1|Skeledirge, L50, F|
|poke|p1|Empoleon, L50, M|
|poke|p1|Wyrdeer, L50, M|
|poke|p1|Gliscor, L50, F|
|poke|p1|Toxicroak, L50, M|
|poke|p2|Pidgeot, L50, M|
|poke|p2|Krookodile, L50, M|
|poke|p2|Floette-Eternal, L50, F|
|poke|p2|Toxicroak, L50, M|
|poke|p2|Chandelure, L50, M|
|poke|p2|Vaporeon, L50, M|
|teampreview|4
|showteam|p1|Altaria||Altarianite|NaturalCure|HyperVoice,Moonblast,Tailwind,Protect|Modest||F|||50|]Skeledirge||Leftovers|Unaware|TorchSong,ShadowBall,SlackOff,Protect|Modest||F|||50|]Empoleon||LifeOrb|Competitive|HydroPump,FlashCannon,IceBeam,Protect|Modest||M|||50|]Wyrdeer||SitrusBerry|Intimidate|PsyshieldBash,Hypnosis,Gravity,TrickRoom|Adamant||M|||50|]Gliscor||ExpertBelt|HyperCutter|HighHorsepower,DualWingbeat,SwordsDance,Protect|Adamant||F|||50|]Toxicroak||FocusSash|PoisonTouch|FakeOut,CloseCombat,PoisonJab,Protect|Adamant||M|||50|
|showteam|p2|Pidgeot||Pidgeotite|BigPecks|Protect,Hurricane,HeatWave,Tailwind|Timid||M|||50|]Krookodile||PasshoBerry|Intimidate|Protect,HighHorsepower,LashOut,Earthquake|Adamant||M|||50|]Floette-Eternal||FairyFeather|FlowerVeil|Protect,Moonblast,DazzlingGleam,LightofRuin|Modest||F|||50|]Toxicroak||FocusSash|DrySkin|Protect,PoisonJab,CloseCombat,FakeOut|Jolly||M|||50|]Chandelure||Chandelurite|FlashFire|HeatWave,ShadowBall,EnergyBall,TrickRoom|Modest||M|||50|]Vaporeon||Leftovers|WaterAbsorb|Protect,MuddyWater,AlluringVoice,CalmMind|Modest||M|||50|
|inactive|Battle timer is ON: inactive players will automatically lose when time's up. (requested by gundnub)
|inactive|jebward1234 has 60 seconds left.
|inactive|jebward1234 has 30 seconds left.
|inactive|jebward1234 has 20 seconds left.
|inactive|jebward1234 has 15 seconds left.
|
|t:|1783474099
|teamsize|p1|4
|teamsize|p2|4
|start
|switch|p1a: Empoleon|Empoleon, L50, M|100/100
|switch|p1b: Wyrdeer|Wyrdeer, L50, M|100/100
|switch|p2a: Vaporeon|Vaporeon, L50, M|100/100
|switch|p2b: Toxicroak|Toxicroak, L50, M|100/100
|-ability|p1b: Wyrdeer|Intimidate|boost
|-unboost|p2a: Vaporeon|atk|1
|-unboost|p2b: Toxicroak|atk|1
|turn|1
|inactive|jebward1234 has 30 seconds left.
|inactive|gundnub has 30 seconds left.
|inactive|jebward1234 has 20 seconds left.
|inactive|gundnub has 20 seconds left.
|inactive|jebward1234 has 15 seconds left.
|inactive|jebward1234 has 10 seconds left.
|inactive|gundnub has 15 seconds left.
|inactive|gundnub has 10 seconds left.
|
|t:|1783474151
|move|p2b: Toxicroak|Fake Out|p1b: Wyrdeer
|-damage|p1b: Wyrdeer|90/100
|move|p2a: Vaporeon|Calm Mind|p2a: Vaporeon
|-boost|p2a: Vaporeon|spa|1
|-boost|p2a: Vaporeon|spd|1
|cant|p1b: Wyrdeer|flinch
|move|p1a: Empoleon|Flash Cannon|p2b: Toxicroak
|-damage|p2b: Toxicroak|21/100
|-damage|p1a: Empoleon|90/100|[from] item: Life Orb
|
|upkeep
|turn|2
|
|t:|1783474171
|move|p1a: Empoleon|Protect|p1a: Empoleon
|-singleturn|p1a: Empoleon|Protect
|move|p2b: Toxicroak|Close Combat|p1a: Empoleon
|-activate|p1a: Empoleon|move: Protect
|move|p2a: Vaporeon|Muddy Water|p1a: Empoleon|[spread] p1b
|-activate|p1a: Empoleon|move: Protect
|-crit|p1b: Wyrdeer
|-damage|p1b: Wyrdeer|33/100
|-enditem|p1b: Wyrdeer|Sitrus Berry|[eat]
|-heal|p1b: Wyrdeer|58/100|[from] item: Sitrus Berry
|move|p1b: Wyrdeer|Psyshield Bash|p2b: Toxicroak|[miss]
|-miss|p1b: Wyrdeer|p2b: Toxicroak
|
|upkeep
|turn|3
|inactive|gundnub has 30 seconds left.
|
|t:|1783474200
|switch|p1a: Skeledirge|Skeledirge, L50, F|100/100
|move|p2b: Toxicroak|Close Combat|p1b: Wyrdeer
|-damage|p1b: Wyrdeer|21/100
|-unboost|p2b: Toxicroak|def|1
|-unboost|p2b: Toxicroak|spd|1
|move|p2a: Vaporeon|Muddy Water|p1b: Wyrdeer|[spread] p1a,p1b
|-supereffective|p1a: Skeledirge|1
|-damage|p1a: Skeledirge|56/100
|-damage|p1b: Wyrdeer|0 fnt
|-unboost|p1a: Skeledirge|accuracy|1
|faint|p1b: Wyrdeer
|
|-heal|p1a: Skeledirge|62/100|[from] item: Leftovers
|upkeep
|
|t:|1783474214
|switch|p1b: Altaria|Altaria, L50, F|100/100
|turn|4
|
|t:|1783474233
|move|p2b: Toxicroak|Poison Jab|p1b: Altaria
|-damage|p1b: Altaria|73/100
|-status|p1b: Altaria|psn
|move|p1b: Altaria|Moonblast|p2b: Toxicroak
|-damage|p2b: Toxicroak|0 fnt
|faint|p2b: Toxicroak
|move|p1a: Skeledirge|Slack Off|p1a: Skeledirge
|-heal|p1a: Skeledirge|100/100
|move|p2a: Vaporeon|Muddy Water|p1b: Altaria|[spread] p1a,p1b
|-supereffective|p1a: Skeledirge|1
|-resisted|p1b: Altaria|1
|-damage|p1a: Skeledirge|50/100y
|-damage|p1b: Altaria|54/100 psn
|
|-heal|p1a: Skeledirge|56/100|[from] item: Leftovers
|-damage|p1b: Altaria|42/100 psn|[from] psn
|upkeep
|
|t:|1783474242
|switch|p2b: Chandelure|Chandelure, L50, M|100/100
|turn|5
|inactive|jebward1234 has 30 seconds left.
|
|t:|1783474270
|switch|p1a: Empoleon|Empoleon, L50, M|90/100
|detailschange|p1b: Altaria|Altaria-Mega, L50, F
|-mega|p1b: Altaria|Altaria|Altarianite
|detailschange|p2b: Chandelure|Chandelure-Mega, L50, M
|-mega|p2b: Chandelure|Chandelure|Chandelurite
|move|p2b: Chandelure|Shadow Ball|p1a: Empoleon
|-damage|p1a: Empoleon|32/100
|move|p1b: Altaria|Hyper Voice|p2a: Vaporeon|[spread] p2a,p2b
|-resisted|p2b: Chandelure|1
|-damage|p2a: Vaporeon|78/100
|-damage|p2b: Chandelure|80/100
|move|p2a: Vaporeon|Alluring Voice|p1b: Altaria
|-supereffective|p1b: Altaria|1
|-damage|p1b: Altaria|0 fnt
|faint|p1b: Altaria
|
|-heal|p2a: Vaporeon|84/100|[from] item: Leftovers
|upkeep
|
|t:|1783474285
|switch|p1b: Skeledirge|Skeledirge, L50, F|56/100
|turn|6
|-message|jebward1234 forfeited.
|
|win|gundnub
|l|☆jebward1234
|player|p1|
||gundnub is ready for game 3.
||jebward1234 is ready for game 3.
|uhtml|next|Next: Game 3 of 3
