|j|☆sapillo
|j|☆Beatyful
|html|sapilloBeatyful    
|uhtml|bestof|Game 2 of a best-of-3
|t:|1756828785
|gametype|doubles
|player|p1|sapillo|2|1180
|player|p2|Beatyful|miku-water|1125
|gen|9
|tier|[Gen 9] VGC 2025 Reg H (Bo3)
|rated|
|rule|Species Clause: Limit one of each Pokémon
|rule|Item Clause: Limit 1 of each item
|clearpoke
|poke|p1|Tyranitar, L50, F|
|poke|p1|Excadrill, L50, F|
|poke|p1|Primarina, L50, F|
|poke|p1|Kommo-o, L50, M|
|poke|p1|Sinistcha, L50|
|poke|p1|Mandibuzz, L50, F|
|poke|p2|Volcarona, L50, F|
|poke|p2|Dragonite, L50, M|
|poke|p2|Annihilape, L50, M|
|poke|p2|Sneasler, L50, M|
|poke|p2|Rillaboom, L50, M|
|poke|p2|Incineroar, L50, M|
|teampreview|4
|showteam|p1|Tyranitar||AssaultVest|SandStream|RockSlide,KnockOff,TeraBlast,LowKick|||F|||50|,,,,,Flying]Excadrill||LifeOrb|SandRush|HighHorsepower,Earthquake,Protect,IronHead|||F|||50|,,,,,Ground]Primarina||ThroatSpray|LiquidVoice|HyperVoice,Moonblast,Protect,Haze|||F|||50|,,,,,Poison]Kommo-o||SitrusBerry|Overcoat|ClangorousSoul,Protect,ClangingScales,AuraSphere|||M|||50|,,,,,Fairy]Sinistcha||Leftovers|Hospitality|MatchaGotcha,RagePowder,TrickRoom,Imprison||||||50|,,,,,Fire]Mandibuzz||CovertCloak|Overcoat|Tailwind,Taunt,Whirlwind,FoulPlay|||F|||50|,,,,,Water
|showteam|p2|Volcarona||Leftovers|FlameBody|HeatWave,TeraBlast,QuiverDance,Protect|||F|||50|,,,,,Fairy]Dragonite||LoadedDice|Multiscale|ScaleShot,ExtremeSpeed,Haze,Protect|||M|||50|,,,,,Steel]Annihilape||SafetyGoggles|Defiant|CloseCombat,RageFist,Taunt,FinalGambit|||M|||50|,,,,,Fire]Sneasler||FocusSash|Unburden|CloseCombat,DireClaw,Coaching,Protect|||M|||50|,,,,,Stellar]Rillaboom||AssaultVest|GrassySurge|WoodHammer,GrassyGlide,HighHorsepower,FakeOut|||M|||50|,,,,,Fire]Incineroar||RockyHelmet|Intimidate|FakeOut,KnockOff,FlareBlitz,PartingShot|||M|||50|,,,,,Grass
|
|t:|1756828815
|teamsize|p1|4
|teamsize|p2|4
|start
|switch|p1a: Mandibuzz|Mandibuzz, L50, F|100/100
|switch|p1b: Primarina|Primarina, L50, F|100/100
|switch|p2a: Annihilape|Annihilape, L50, M|100/100
|switch|p2b: Incineroar|Incineroar, L50, M|100/100
|-ability|p2b: Incineroar|Intimidate|boost
|-unboost|p1a: Mandibuzz|atk|1
|-unboost|p1b: Primarina|atk|1
|turn|1
|
|t:|1756828884
|move|p1b: Primarina|Protect|p1b: Primarina
|-singleturn|p1b: Primarina|Protect
|move|p2a: Annihilape|Final Gambit|p1b: Primarina
|-activate|p1b: Primarina|move: Protect
|move|p2b: Incineroar|Knock Off|p1a: Mandibuzz
|-resisted|p1a: Mandibuzz
|-damage|p1a: Mandibuzz|85/100
|-enditem|p1a: Mandibuzz|Covert Cloak|[from] move: Knock Off|[of] p2b: Incineroar
|move|p1a: Mandibuzz|Whirlwind|p2a: Annihilape
|drag|p2a: Rillaboom|Rillaboom, L50, M|100/100
|-fieldstart|move: Grassy Terrain|[from] ability: Grassy Surge|[of] p2a: Rillaboom
|
|upkeep
|turn|2
|
|t:|1756828939
|switch|p1b: Kommo-o|Kommo-o, L50, M|100/100
|move|p2a: Rillaboom|Fake Out|p1b: Kommo-o
|-crit|p1b: Kommo-o
|-damage|p1b: Kommo-o|83/100
|move|p1a: Mandibuzz|Taunt|p2b: Incineroar
|-start|p2b: Incineroar|move: Taunt
|cant|p2b: Incineroar|move: Taunt|Parting Shot
|
|-heal|p1b: Kommo-o|90/100|[from] Grassy Terrain
|upkeep
|turn|3
|
|t:|1756829010
|move|p1b: Kommo-o|Clangorous Soul|p1b: Kommo-o
|-boost|p1b: Kommo-o|atk|1
|-boost|p1b: Kommo-o|def|1
|-boost|p1b: Kommo-o|spa|1
|-boost|p1b: Kommo-o|spd|1
|-boost|p1b: Kommo-o|spe|1
|-damage|p1b: Kommo-o|57/100
|move|p2a: Rillaboom|Wood Hammer|p1b: Kommo-o
|-resisted|p1b: Kommo-o
|-damage|p1b: Kommo-o|35/100
|-enditem|p1b: Kommo-o|Sitrus Berry|[eat]
|-heal|p1b: Kommo-o|60/100|[from] item: Sitrus Berry
|-damage|p2a: Rillaboom|94/100|[from] Recoil
|move|p2b: Incineroar|Knock Off|p1b: Kommo-o
|-resisted|p1b: Kommo-o
|-damage|p1b: Kommo-o|52/100
|move|p1a: Mandibuzz|Whirlwind|p2b: Incineroar
|drag|p2b: Annihilape|Annihilape, L50, M|100/100
|
|-heal|p1b: Kommo-o|58/100|[from] Grassy Terrain
|-heal|p2a: Rillaboom|99/100|[from] Grassy Terrain
|upkeep
|turn|4
|
|t:|1756829058
|switch|p1a: Sinistcha|Sinistcha, L50|100/100
|-heal|p1b: Kommo-o|82/100|[from] ability: Hospitality|[of] p1a: Sinistcha
|-terastallize|p2b: Annihilape|Fire
|move|p2a: Rillaboom|Grassy Glide|p1b: Kommo-o
|-resisted|p1b: Kommo-o
|-damage|p1b: Kommo-o|71/100
|move|p1b: Kommo-o|Clanging Scales|p2a: Rillaboom|[spread] p2a,p2b
|-damage|p2a: Rillaboom|68/100
|-damage|p2b: Annihilape|54/100
|-unboost|p1b: Kommo-o|def|1
|move|p2b: Annihilape|Close Combat|p1a: Sinistcha
|-immune|p1a: Sinistcha
|
|-heal|p1b: Kommo-o|77/100|[from] Grassy Terrain
|-heal|p2b: Annihilape|60/100|[from] Grassy Terrain
|-heal|p2a: Rillaboom|74/100|[from] Grassy Terrain
|upkeep
|turn|5
|
|t:|1756829100
|switch|p2a: Incineroar|Incineroar, L50, M|100/100
|-ability|p2a: Incineroar|Intimidate|boost
|-unboost|p1a: Sinistcha|atk|1
|-unboost|p1b: Kommo-o|atk|1
|switch|p1a: Mandibuzz|Mandibuzz, L50, F|85/100
|move|p1b: Kommo-o|Protect|p1b: Kommo-o
|-singleturn|p1b: Kommo-o|Protect
|move|p2b: Annihilape|Rage Fist|p1a: Mandibuzz
|-resisted|p1a: Mandibuzz
|-damage|p1a: Mandibuzz|71/100
|
|-heal|p1b: Kommo-o|83/100|[from] Grassy Terrain
|-heal|p2b: Annihilape|67/100|[from] Grassy Terrain
|-fieldend|move: Grassy Terrain
|upkeep
|turn|6
|
|t:|1756829177
|move|p2a: Incineroar|Fake Out|p1b: Kommo-o
|-damage|p1b: Kommo-o|72/100
|cant|p1b: Kommo-o|flinch
|move|p2b: Annihilape|Close Combat|p1a: Mandibuzz
|-damage|p1a: Mandibuzz|34/100
|-unboost|p2b: Annihilape|def|1
|-unboost|p2b: Annihilape|spd|1
|move|p1a: Mandibuzz|Whirlwind|p2b: Annihilape
|drag|p2b: Volcarona|Volcarona, L50, F|100/100
|
|upkeep
|turn|7
|
|t:|1756829213
|-terastallize|p1b: Kommo-o|Fairy
|move|p1b: Kommo-o|Aura Sphere|p2a: Incineroar
|-supereffective|p2a: Incineroar
|-damage|p2a: Incineroar|14/100
|move|p2b: Volcarona|Heat Wave|p1b: Kommo-o|[spread] p1b
|-miss|p2b: Volcarona|p1a: Mandibuzz
|-crit|p1b: Kommo-o
|-damage|p1b: Kommo-o|26/100
|move|p1a: Mandibuzz|Taunt|p2b: Volcarona
|-start|p2b: Volcarona|move: Taunt
|move|p2a: Incineroar|Knock Off|p1b: Kommo-o
|-resisted|p1b: Kommo-o
|-damage|p1b: Kommo-o|15/100
|
|upkeep
|turn|8
|
|t:|1756829286
|switch|p1a: Sinistcha|Sinistcha, L50|100/100
|-heal|p1b: Kommo-o|40/100|[from] ability: Hospitality|[of] p1a: Sinistcha
|move|p1b: Kommo-o|Clanging Scales|p2b: Volcarona|[spread] p2a,p2b
|-crit|p2b: Volcarona
|-damage|p2a: Incineroar|0 fnt
|-damage|p2b: Volcarona|31/100
|faint|p2a: Incineroar
|-unboost|p1b: Kommo-o|def|1
|move|p2b: Volcarona|Heat Wave|p1a: Sinistcha|[spread] p1a,p1b
|-supereffective|p1a: Sinistcha
|-damage|p1a: Sinistcha|21/100
|-damage|p1b: Kommo-o|18/100
|
|-heal|p2b: Volcarona|37/100|[from] item: Leftovers
|-heal|p1a: Sinistcha|27/100|[from] item: Leftovers
|upkeep
|
|t:|1756829303
|switch|p2a: Rillaboom|Rillaboom, L50, M|74/100
|-fieldstart|move: Grassy Terrain|[from] ability: Grassy Surge|[of] p2a: Rillaboom
|turn|9
|
|t:|1756829318
|switch|p1a: Mandibuzz|Mandibuzz, L50, F|34/100
|move|p1b: Kommo-o|Protect|p1b: Kommo-o
|-singleturn|p1b: Kommo-o|Protect
|move|p2a: Rillaboom|Grassy Glide|p1b: Kommo-o
|-activate|p1b: Kommo-o|move: Protect
|move|p2b: Volcarona|Heat Wave|p1a: Mandibuzz|[spread] p1a
|-activate|p1b: Kommo-o|move: Protect
|-damage|p1a: Mandibuzz|4/100
|
|-heal|p1b: Kommo-o|24/100|[from] Grassy Terrain
|-heal|p2b: Volcarona|43/100|[from] Grassy Terrain
|-heal|p2b: Volcarona|49/100|[from] item: Leftovers
|-heal|p2a: Rillaboom|80/100|[from] Grassy Terrain
|upkeep
|turn|10
|
|t:|1756829354
|switch|p1a: Sinistcha|Sinistcha, L50|27/100
|-heal|p1b: Kommo-o|49/100|[from] ability: Hospitality|[of] p1a: Sinistcha
|move|p2a: Rillaboom|Grassy Glide|p1b: Kommo-o
|-damage|p1b: Kommo-o|0 fnt
|faint|p1b: Kommo-o
|move|p2b: Volcarona|Heat Wave|p1a: Sinistcha
|-supereffective|p1a: Sinistcha
|-damage|p1a: Sinistcha|0 fnt
|faint|p1a: Sinistcha
|
|-heal|p2b: Volcarona|56/100|[from] Grassy Terrain
|-heal|p2b: Volcarona|62/100|[from] item: Leftovers
|-heal|p2a: Rillaboom|86/100|[from] Grassy Terrain
|-end|p2b: Volcarona|move: Taunt
|upkeep
|
|t:|1756829358
|switch|p1b: Mandibuzz|Mandibuzz, L50, F|4/100
|switch|p1a: Primarina|Primarina, L50, F|100/100
|turn|11
|-message|sapillo forfeited.
|
|win|Beatyful
|raw|sapillo's rating: 1180 → 1151(-29 for losing)
|raw|Beatyful's rating: 1125 → 1154(+29 for winning)
|l|☆sapillo
|player|p1|
