|j|☆NerdConsultant
|j|‽Desertfreak
|html|NerdConsultantDesertfreak    
|uhtml|bestof|Game 2 of a best-of-3
|t:|1756973024
|gametype|doubles
|player|p1|NerdConsultant|roxie|1269
|player|p2|Desertfreak|266|1369
|gen|9
|tier|[Gen 9] VGC 2025 Reg H (Bo3)
|rated|
|rule|Species Clause: Limit one of each Pokémon
|rule|Item Clause: Limit 1 of each item
|clearpoke
|poke|p1|Kingambit, L50, M|
|poke|p1|Rillaboom, L50, M|
|poke|p1|Archaludon, L50, F|
|poke|p1|Basculegion, L50, M|
|poke|p1|Electabuzz, L50, M|
|poke|p1|Pelipper, L50, M|
|poke|p2|Gholdengo, L50|
|poke|p2|Kilowattrel, L50, F|
|poke|p2|Incineroar, L50, M|
|poke|p2|Amoonguss, L50, M|
|poke|p2|Porygon2, L50|
|poke|p2|Ursaluna, L50, M|
|teampreview|4
|showteam|p1|Kingambit||BlackGlasses|Defiant|KowtowCleave,SwordsDance,SuckerPunch,Protect|||M|||50|,,,,,Dark]Rillaboom||LoadedDice|GrassySurge|HighHorsepower,GrassyGlide,BulletSeed,FakeOut|||M|||50|,,,,,Fire]Archaludon||AssaultVest|Stamina|ElectroShot,BodyPress,DracoMeteor,FlashCannon|||F|||50|,,,,,Bug]Basculegion||ChoiceBand|SwiftSwim|WaveCrash,AquaJet,LastRespects,FlipTurn|||M|||50|,,,,,Grass]Electabuzz||Eviolite|VitalSpirit|Electroweb,Taunt,FollowMe,Protect|||M|||50|,,,,,Ghost]Pelipper||FocusSash|Drizzle|Tailwind,WeatherBall,Hurricane,Protect|||M|||50|,,,,,Ghost
|showteam|p2|Gholdengo||LifeOrb|GoodasGold|MakeItRain,ShadowBall,Protect,NastyPlot||||||50|,,,,,Water]Kilowattrel||FocusSash|Competitive|AirSlash,Thunderbolt,Tailwind,Protect|||F|||50|,,,,,Ghost]Incineroar||SafetyGoggles|Intimidate|FakeOut,FlareBlitz,KnockOff,PartingShot|||M|||50|,,,,,Ghost]Amoonguss||SitrusBerry|Regenerator|PollenPuff,Spore,RagePowder,Protect|||M|||50|,,,,,Water]Porygon2||Eviolite|Download|TeraBlast,IceBeam,Recover,TrickRoom||||||50|,,,,,Fighting]Ursaluna||FlameOrb|Guts|Earthquake,Facade,HeadlongRush,Protect|||M|||50|,,,,,Ghost
|inactive|Battle timer is ON: inactive players will automatically lose when time's up. (requested by Desertfreak)
|inactive|NerdConsultant has 60 seconds left.
|
|t:|1756973069
|teamsize|p1|4
|teamsize|p2|4
|start
|switch|p1a: Basculegion|Basculegion, L50, M|100/100
|switch|p1b: Kingambit|Kingambit, L50, M|100/100
|switch|p2a: Porygon2|Porygon2, L50, shiny|100/100
|switch|p2b: Amoonguss|Amoonguss, L50, M, shiny|100/100
|-ability|p2a: Porygon2|Download|boost
|-boost|p2a: Porygon2|spa|1
|turn|1
|inactive|NerdConsultant has 30 seconds left.
|
|t:|1756973102
|switch|p1b: Pelipper|Pelipper, L50, M|100/100
|-weather|RainDance|[from] ability: Drizzle|[of] p1b: Pelipper
|-terastallize|p1a: Basculegion|Grass
|-terastallize|p2a: Porygon2|Fighting
|move|p1a: Basculegion|Wave Crash|p2a: Porygon2
|-damage|p2a: Porygon2|4/100
|-damage|p1a: Basculegion|69/100|[from] Recoil
|move|p2a: Porygon2|Tera Blast|p1b: Pelipper|[anim] Tera Blast Fighting
|-resisted|p1b: Pelipper
|-damage|p1b: Pelipper|54/100
|move|p2b: Amoonguss|Pollen Puff|p2a: Porygon2
|-heal|p2a: Porygon2|54/100
|
|-weather|RainDance|[upkeep]
|upkeep
|turn|2
|inactive|Desertfreak has 30 seconds left.
|
|t:|1756973134
|switch|p2a: Ursaluna|Ursaluna, L50, M, shiny|100/100
|move|p1a: Basculegion|Wave Crash|p2a: Ursaluna
|-supereffective|p2a: Ursaluna
|-damage|p2a: Ursaluna|0 fnt
|faint|p2a: Ursaluna
|-damage|p1a: Basculegion|31/100|[from] Recoil
|move|p1b: Pelipper|Hurricane|p2b: Amoonguss
|-supereffective|p2b: Amoonguss
|-damage|p2b: Amoonguss|18/100
|-enditem|p2b: Amoonguss|Sitrus Berry|[eat]
|-heal|p2b: Amoonguss|43/100|[from] item: Sitrus Berry
|move|p2b: Amoonguss|Spore|p1b: Pelipper
|-status|p1b: Pelipper|slp|[from] move: Spore
|
|-weather|RainDance|[upkeep]
|upkeep
|
|t:|1756973137
|switch|p2a: Incineroar|Incineroar, L50, M, shiny|100/100
|-ability|p2a: Incineroar|Intimidate|boost
|-unboost|p1a: Basculegion|atk|1
|-unboost|p1b: Pelipper|atk|1
|turn|3
|inactive|NerdConsultant has 30 seconds left.
|inactive|NerdConsultant has 20 seconds left.
|
|t:|1756973173
|switch|p1a: Rillaboom|Rillaboom, L50, M|100/100
|-fieldstart|move: Grassy Terrain|[from] ability: Grassy Surge|[of] p1a: Rillaboom
|move|p2a: Incineroar|Fake Out|p1a: Rillaboom
|-damage|p1a: Rillaboom|87/100
|cant|p1b: Pelipper|slp
|move|p2b: Amoonguss|Pollen Puff|p1a: Rillaboom
|-supereffective|p1a: Rillaboom
|-damage|p1a: Rillaboom|47/100
|
|-weather|RainDance|[upkeep]
|-heal|p1a: Rillaboom|53/100|[from] Grassy Terrain
|-heal|p2b: Amoonguss|49/100|[from] Grassy Terrain
|upkeep
|turn|4
|
|t:|1756973190
|switch|p2a: Porygon2|Porygon2, L50, shiny, tera:Fighting|54/100
|-ability|p2a: Porygon2|Download|boost
|-boost|p2a: Porygon2|spa|1
|move|p1a: Rillaboom|Fake Out|p2b: Amoonguss
|-damage|p2b: Amoonguss|37/100
|cant|p1b: Pelipper|slp
|cant|p2b: Amoonguss|flinch
|
|-weather|RainDance|[upkeep]
|-heal|p1a: Rillaboom|59/100|[from] Grassy Terrain
|-heal|p2a: Porygon2|60/100|[from] Grassy Terrain
|-heal|p2b: Amoonguss|43/100|[from] Grassy Terrain
|upkeep
|turn|5
|
|t:|1756973208
|move|p2b: Amoonguss|Rage Powder|p2b: Amoonguss
|-singleturn|p2b: Amoonguss|move: Rage Powder
|move|p1a: Rillaboom|Bullet Seed|p2a: Porygon2
|-damage|p2a: Porygon2|48/100
|-damage|p2a: Porygon2|37/100
|-damage|p2a: Porygon2|27/100
|-damage|p2a: Porygon2|16/100
|-hitcount|p2a: Porygon2|4
|-curestatus|p1b: Pelipper|slp|[msg]
|move|p1b: Pelipper|Hurricane|p2b: Amoonguss
|-supereffective|p2b: Amoonguss
|-damage|p2b: Amoonguss|0 fnt
|faint|p2b: Amoonguss
|move|p2a: Porygon2|Trick Room|p2a: Porygon2
|-fieldstart|move: Trick Room|[of] p2a: Porygon2
|
|-weather|none
|-heal|p2a: Porygon2|22/100|[from] Grassy Terrain
|-heal|p1a: Rillaboom|65/100|[from] Grassy Terrain
|upkeep
|
|t:|1756973210
|switch|p2b: Incineroar|Incineroar, L50, M, shiny|100/100
|-ability|p2b: Incineroar|Intimidate|boost
|-unboost|p1a: Rillaboom|atk|1
|-unboost|p1b: Pelipper|atk|1
|turn|6
|
|t:|1756973232
|switch|p1b: Kingambit|Kingambit, L50, M|100/100
|move|p2b: Incineroar|Fake Out|p1b: Kingambit
|-resisted|p1b: Kingambit
|-crit|p1b: Kingambit
|-damage|p1b: Kingambit|93/100
|move|p2a: Porygon2|Recover|p2a: Porygon2
|-heal|p2a: Porygon2|72/100
|move|p1a: Rillaboom|Bullet Seed|p2a: Porygon2
|-damage|p2a: Porygon2|64/100
|-damage|p2a: Porygon2|57/100
|-damage|p2a: Porygon2|49/100
|-damage|p2a: Porygon2|42/100
|-crit|p2a: Porygon2
|-damage|p2a: Porygon2|24/100
|-hitcount|p2a: Porygon2|5
|
|-heal|p1b: Kingambit|99/100|[from] Grassy Terrain
|-heal|p2a: Porygon2|31/100|[from] Grassy Terrain
|-heal|p1a: Rillaboom|71/100|[from] Grassy Terrain
|upkeep
|turn|7
|inactive|NerdConsultant has 30 seconds left.
|
|t:|1756973262
|switch|p1a: Pelipper|Pelipper, L50, M|54/100
|-weather|RainDance|[from] ability: Drizzle|[of] p1a: Pelipper
|move|p1b: Kingambit|Kowtow Cleave|p2a: Porygon2
|-resisted|p2a: Porygon2
|-damage|p2a: Porygon2|12/100
|move|p2a: Porygon2|Recover|p2a: Porygon2
|-heal|p2a: Porygon2|62/100
|move|p2b: Incineroar|Flare Blitz|p1a: Pelipper
|-resisted|p1a: Pelipper
|-damage|p1a: Pelipper|37/100
|-damage|p2b: Incineroar|96/100|[from] Recoil
|
|-weather|RainDance|[upkeep]
|-heal|p1b: Kingambit|100/100|[from] Grassy Terrain
|-heal|p2a: Porygon2|68/100|[from] Grassy Terrain
|-heal|p2b: Incineroar|100/100|[from] Grassy Terrain
|-fieldend|move: Grassy Terrain
|upkeep
|turn|8
|
|t:|1756973285
|move|p1a: Pelipper|Protect|p1a: Pelipper
|-singleturn|p1a: Pelipper|Protect
|move|p1b: Kingambit|Swords Dance|p1b: Kingambit
|-boost|p1b: Kingambit|atk|2
|move|p2a: Porygon2|Ice Beam|p1a: Pelipper
|-activate|p1a: Pelipper|move: Protect
|move|p2b: Incineroar|Flare Blitz|p1b: Kingambit
|-supereffective|p1b: Kingambit
|-damage|p1b: Kingambit|61/100
|-damage|p2b: Incineroar|87/100|[from] Recoil
|
|-weather|RainDance|[upkeep]
|upkeep
|turn|9
|
|t:|1756973309
|move|p1b: Kingambit|Sucker Punch||[still]
|-fail|p1b: Kingambit
|move|p2a: Porygon2|Recover|p2a: Porygon2
|-heal|p2a: Porygon2|100/100
|move|p2b: Incineroar|Flare Blitz|p1b: Kingambit
|-supereffective|p1b: Kingambit
|-damage|p1b: Kingambit|18/100
|-damage|p2b: Incineroar|71/100|[from] Recoil
|move|p1a: Pelipper|Hurricane|p2a: Porygon2
|-supereffective|p2a: Porygon2
|-damage|p2a: Porygon2|38/100
|
|-weather|RainDance|[upkeep]
|-fieldend|move: Trick Room
|upkeep
|turn|10
|inactive|Desertfreak has 30 seconds left.
|
|t:|1756973342
|move|p1a: Pelipper|Hurricane|p2a: Porygon2
|-supereffective|p2a: Porygon2
|-damage|p2a: Porygon2|0 fnt
|faint|p2a: Porygon2
|move|p2b: Incineroar|Knock Off|p1a: Pelipper
|-damage|p1a: Pelipper|0 fnt
|-enditem|p1a: Pelipper|Focus Sash|[from] move: Knock Off|[of] p2b: Incineroar
|faint|p1a: Pelipper
|move|p1b: Kingambit|Kowtow Cleave|p2b: Incineroar
|-resisted|p2b: Incineroar
|-damage|p2b: Incineroar|15/100
|
|-weather|RainDance|[upkeep]
|upkeep
|-message|Desertfreak forfeited.
|
|win|NerdConsultant
|raw|NerdConsultant's rating: 1269 → 1301(+32 for winning)
|raw|Desertfreak's rating: 1369 → 1343(-26 for losing)
|l|‽Desertfreak
|player|p2|
|c|☆NerdConsultant|gg
