|j|☆m0wuu
|j|☆yenjang
|html|m0wuuyenjang    
|uhtml|bestof|Game 1 of a best-of-3
|t:|1786167663
|gametype|doubles
|player|p1|m0wuu|barry|1077
|player|p2|yenjang|cynthia-gen4|1099
|gen|9
|tier|[Gen 9 Champions] VGC 2026 Reg M-B (Bo3)
|rated|
|rule|Species Clause: Limit one of each Pokémon
|rule|Item Clause: Limit 1 of each item
|clearpoke
|poke|p1|Garchomp, L50, M, shiny|
|poke|p1|Incineroar, L50, M, shiny|
|poke|p1|Charizard, L50, M|
|poke|p1|Basculegion, L50, M|
|poke|p1|Whimsicott, L50, F, shiny|
|poke|p1|Sneasler, L50, F|
|poke|p2|Raichu, L50, M, shiny|
|poke|p2|Sylveon, L50, F, shiny|
|poke|p2|Arcanine-Hisui, L50, M, shiny|
|poke|p2|Kingambit, L50, M, shiny|
|poke|p2|Farigiraf, L50, F, shiny|
|poke|p2|Staraptor, L50, M, shiny|
|teampreview|4
|showteam|p1|Garchomp||LifeOrb|RoughSkin|DragonClaw,RockSlide,Earthquake,Protect|Adamant||M|||50|]Incineroar||AspearBerry|Intimidate|FlareBlitz,PartingShot,FakeOut,DarkestLariat|Adamant||M|||50|]Charizard||CharizarditeY|Blaze|HeatWave,SolarBeam,WeatherBall,Protect|Modest||M|||50|]Basculegion||ChoiceScarf|Adaptability|LastRespects,AquaJet,WaveCrash,Protect|Adamant||M|||50|]Whimsicott||FocusSash|Prankster|Moonblast,Tailwind,SunnyDay,Endeavor|Timid||F|||50|]Sneasler||WhiteHerb|Unburden|DireClaw,CloseCombat,FakeOut,Protect|Adamant||F|||50|
|showteam|p2|Raichu||RaichuniteY|LightningRod|ZapCannon,FocusBlast,Protect,FakeOut|Timid||M|||50|]Sylveon||FairyFeather|Pixilate|HyperVoice,HyperBeam,Detect,QuickAttack|Modest||F|||50|]Arcanine-Hisui||FocusSash|RockHead|HeadSmash,FlareBlitz,Protect,ExtremeSpeed|Jolly||M|||50|]Kingambit||LifeOrb|Defiant|SuckerPunch,KowtowCleave,LowKick,Protect|Adamant||M|||50|]Farigiraf||SitrusBerry|ArmorTail|Thunderbolt,Psychic,HelpingHand,TrickRoom|Calm||F|||50|]Staraptor||Staraptite|Intimidate|CloseCombat,DualWingbeat,Protect,Tailwind|Jolly||M|||50|
|inactive|Battle timer is ON: inactive players will automatically lose when time's up. (requested by yenjang)
|inactive|yenjang has 60 seconds left.
|
|t:|1786167735
|teamsize|p1|4
|teamsize|p2|4
|start
|switch|p1a: Garchomp|Garchomp, L50, M, shiny|100/100
|switch|p1b: 喷火龙|Charizard, L50, M|100/100
|switch|p2a: Staraptor|Staraptor, L50, M, shiny|100/100
|switch|p2b: Farigiraf|Farigiraf, L50, F, shiny|100/100
|-ability|p2a: Staraptor|Intimidate|boost
|-unboost|p1a: Garchomp|atk|1
|-unboost|p1b: 喷火龙|atk|1
|turn|1
|inactive|yenjang has 30 seconds left.
|
|t:|1786167768
|detailschange|p2a: Staraptor|Staraptor-Mega, L50, M, shiny
|-mega|p2a: Staraptor|Staraptor|Staraptite
|detailschange|p1b: 喷火龙|Charizard-Mega-Y, L50, M
|-mega|p1b: 喷火龙|Charizard|Charizardite Y
|-weather|SunnyDay|[from] ability: Drought|[of] p1b: 喷火龙
|move|p2b: Farigiraf|Helping Hand|p2a: Staraptor
|-singleturn|p2a: Staraptor|Helping Hand|[of] p2b: Farigiraf
|move|p2a: Staraptor|Close Combat|p1a: Garchomp
|-damage|p1a: Garchomp|17/100
|-boost|p2a: Staraptor|def|1
|-boost|p2a: Staraptor|spd|1
|-damage|p2a: Staraptor|87/100|[from] ability: Rough Skin|[of] p1a: Garchomp
|move|p1a: Garchomp|Rock Slide|p2b: Farigiraf|[spread] p2a,p2b
|-damage|p2a: Staraptor|76/100
|-damage|p2b: Farigiraf|83/100
|-damage|p1a: Garchomp|7/100|[from] item: Life Orb
|move|p1b: 喷火龙|Weather Ball|p2a: Staraptor
|-damage|p2a: Staraptor|4/100
|
|-weather|SunnyDay|[upkeep]
|upkeep
|turn|2
|inactive|m0wuu has 30 seconds left.
|inactive|yenjang has 30 seconds left.
|inactive|yenjang has 20 seconds left.
|inactive|yenjang has 15 seconds left.
|inactive|yenjang has 10 seconds left.
|
|t:|1786167816
|move|p2a: Staraptor|Dual Wingbeat|p1b: 喷火龙
|-damage|p1b: 喷火龙|76/100
|-damage|p1b: 喷火龙|54/100
|-hitcount|p1b: 喷火龙|2
|move|p1a: Garchomp|Earthquake|p2b: Farigiraf|[spread] p2b
|-immune|p1b: 喷火龙
|-immune|p2a: Staraptor
|-damage|p2b: Farigiraf|52/100
|-damage|p1a: Garchomp|0 fnt|[from] item: Life Orb
|faint|p1a: Garchomp
|move|p1b: 喷火龙|Heat Wave|p2a: Staraptor|[spread] p2a
|-miss|p1b: 喷火龙|p2b: Farigiraf
|-damage|p2a: Staraptor|0 fnt
|faint|p2a: Staraptor
|move|p2b: Farigiraf|Thunderbolt|p1b: 喷火龙
|-supereffective|p1b: 喷火龙|1
|-damage|p1b: 喷火龙|14/100
|
|-weather|SunnyDay|[upkeep]
|upkeep
|inactive|m0wuu has 30 seconds left.
|inactive|yenjang has 30 seconds left.
|inactive|yenjang has 20 seconds left.
|
|t:|1786167852
|switch|p2a: Arcanine|Arcanine-Hisui, L50, M, shiny|100/100
|switch|p1a: 大妞拉|Sneasler, L50, F|100/100
|turn|3
|inactive|yenjang has 30 seconds left.
|
|t:|1786167884
|move|p1b: 喷火龙|Protect|p1b: 喷火龙
|-singleturn|p1b: 喷火龙|Protect
|move|p1a: 大妞拉|Close Combat|p2a: Arcanine
|-supereffective|p2a: Arcanine|1
|-enditem|p2a: Arcanine|Focus Sash
|-damage|p2a: Arcanine|1/100
|-unboost|p1a: 大妞拉|def|1
|-unboost|p1a: 大妞拉|spd|1
|-enditem|p1a: 大妞拉|White Herb
|-clearnegativeboost|p1a: 大妞拉|[silent]
|move|p2a: Arcanine|Flare Blitz|p1a: 大妞拉
|-damage|p1a: 大妞拉|0 fnt
|faint|p1a: 大妞拉
|move|p2b: Farigiraf|Psychic|p1b: 喷火龙
|-activate|p1b: 喷火龙|move: Protect
|
|-weather|SunnyDay|[upkeep]
|upkeep
|
|t:|1786167902
|switch|p1a: 幽尾玄鱼|Basculegion, L50, M|100/100
|turn|4
|inactive|m0wuu has 30 seconds left.
|
|t:|1786167929
|move|p2a: Arcanine|Extreme Speed|p1b: 喷火龙
|-damage|p1b: 喷火龙|0 fnt
|faint|p1b: 喷火龙
|move|p1a: 幽尾玄鱼|Wave Crash|p2b: Farigiraf
|-damage|p2b: Farigiraf|12/100
|-enditem|p2b: Farigiraf|Sitrus Berry|[eat]
|-heal|p2b: Farigiraf|37/100|[from] item: Sitrus Berry
|-damage|p1a: 幽尾玄鱼|87/100|[from] Recoil
|move|p2b: Farigiraf|Trick Room|p2b: Farigiraf
|-fieldstart|move: Trick Room|[of] p2b: Farigiraf
|
|-weather|SunnyDay|[upkeep]
|upkeep
|turn|5
|
|t:|1786167949
|move|p2b: Farigiraf|Thunderbolt|p1a: 幽尾玄鱼
|-supereffective|p1a: 幽尾玄鱼|1
|-damage|p1a: 幽尾玄鱼|39/100
|move|p1a: 幽尾玄鱼|Wave Crash|p2b: Farigiraf
|-damage|p2b: Farigiraf|0 fnt
|faint|p2b: Farigiraf
|-damage|p1a: 幽尾玄鱼|27/100|[from] Recoil
|move|p2a: Arcanine|Head Smash|p1a: 幽尾玄鱼
|-damage|p1a: 幽尾玄鱼|0 fnt
|faint|p1a: 幽尾玄鱼
|
|win|yenjang
|inactive|m0wuu has 30 seconds to confirm battle start!
|inactive|yenjang has 30 seconds to confirm battle start!
