|j|☆heatvw
|j|☆sille rovert
|html|heatvwsille rovert    
|uhtml|bestof|Game 1 of a best-of-3
|t:|1756524037
|gametype|doubles
|player|p1|heatvw|170|1096
|player|p2|sille rovert|trevor|1185
|gen|9
|tier|[Gen 9] VGC 2025 Reg H (Bo3)
|rated|
|rule|Species Clause: Limit one of each Pokémon
|rule|Item Clause: Limit 1 of each item
|clearpoke
|poke|p1|Flamigo, L50, M|
|poke|p1|Ninetales-Alola, L50, F|
|poke|p1|Garchomp, L50, M|
|poke|p1|Incineroar, L50, M|
|poke|p1|Amoonguss, L50, F|
|poke|p1|Kingambit, L50, F|
|poke|p2|Smeargle, L50, M|
|poke|p2|Gholdengo, L50|
|poke|p2|Hydreigon, L50, F|
|poke|p2|Rillaboom, L50, F|
|poke|p2|Porygon2, L50|
|poke|p2|Sneasler, L50, F|
|teampreview|4
|showteam|p1|Flamigo||ChoiceBand|Scrappy|Uturn,CloseCombat,BraveBird,Facade|||M|||50|,,,,,Stellar]Ninetales-Alola||FocusSash|SnowWarning|Protect,Encore,IcyWind,Blizzard|||F|||50|,,,,,Ghost]Garchomp||LifeOrb|RoughSkin|DragonClaw,StompingTantrum,Earthquake,Protect|||M|||50|,,,,,Ground]Incineroar||SafetyGoggles|Intimidate|FakeOut,FlareBlitz,KnockOff,PartingShot|||M|||50|,,,,,Ghost]Amoonguss||SitrusBerry|Regenerator|Spore,RagePowder,PollenPuff,Protect|||F|||50|,,,,,Water]Kingambit||AssaultVest|Defiant|KowtowCleave,IronHead,LowKick,SuckerPunch|||F|||50|,,,,,Fire
|showteam|p2|Smeargle||FocusSash|Moody|Spore,SpikyShield,Ruination,FollowMe|||M|||50|,,,,,Ghost]Gholdengo||Leftovers|GoodasGold|MakeItRain,ShadowBall,NastyPlot,Protect||||||50|,,,,,Water]Hydreigon||LifeOrb|Levitate|HeatWave,DarkPulse,Protect,DracoMeteor|||F|||50|,,,,,Fire]Rillaboom||AssaultVest|GrassySurge|WoodHammer,GrassyGlide,FakeOut,HighHorsepower|||F|||50|,,,,,Fire]Porygon2||Eviolite|Download|IceBeam,TeraBlast,Recover,TrickRoom||||||50|,,,,,Ground]Sneasler||GrassySeed|Unburden|FakeOut,CloseCombat,DireClaw,Protect|||F|||50|,,,,,Stellar
|inactive|Battle timer is ON: inactive players will automatically lose when time's up. (requested by heatvw)
|inactive|sille rovert has 60 seconds left.
|
|t:|1756524077
|teamsize|p1|4
|teamsize|p2|4
|start
|switch|p1a: Incineroar|Incineroar, L50, M, shiny|100/100
|switch|p1b: Flamigo|Flamigo, L50, M, shiny|100/100
|switch|p2a: Smeargle|Smeargle, L50, M|100/100
|switch|p2b: Gholdengo|Gholdengo, L50|100/100
|-ability|p1a: Incineroar|Intimidate|boost
|-unboost|p2a: Smeargle|atk|1
|-unboost|p2b: Gholdengo|atk|1
|turn|1
|j| Humedad
|
|t:|1756524092
|move|p2a: Smeargle|Spiky Shield|p2a: Smeargle
|-singleturn|p2a: Smeargle|move: Protect
|move|p2b: Gholdengo|Protect|p2b: Gholdengo
|-singleturn|p2b: Gholdengo|Protect
|move|p1a: Incineroar|Fake Out|p2a: Smeargle
|-activate|p2a: Smeargle|move: Protect
|-damage|p1a: Incineroar|88/100|[from] Spiky Shield|[of] p2a: Smeargle
|move|p1b: Flamigo|Close Combat|p2b: Gholdengo
|-activate|p2b: Gholdengo|move: Protect
|
|-ability|p2a: Smeargle|Moody|boost
|-boost|p2a: Smeargle|spd|2
|-unboost|p2a: Smeargle|def|1
|upkeep
|turn|2
|inactive|sille rovert has 30 seconds left.
|inactive|heatvw has 30 seconds left.
|inactive|sille rovert has 20 seconds left.
|l| Humedad
|
|t:|1756524130
|move|p2a: Smeargle|Follow Me|p2a: Smeargle
|-singleturn|p2a: Smeargle|move: Follow Me
|move|p1b: Flamigo|Close Combat|p2a: Smeargle
|-supereffective|p2a: Smeargle
|-enditem|p2a: Smeargle|Focus Sash
|-damage|p2a: Smeargle|1/100
|-unboost|p1b: Flamigo|def|1
|-unboost|p1b: Flamigo|spd|1
|move|p2b: Gholdengo|Shadow Ball|p1b: Flamigo
|-damage|p1b: Flamigo|7/100
|move|p1a: Incineroar|Knock Off|p2a: Smeargle
|-damage|p2a: Smeargle|0 fnt
|faint|p2a: Smeargle
|
|upkeep
|
|t:|1756524140
|switch|p2a: Sneasler|Sneasler, L50, F|100/100
|turn|3
|
|t:|1756524163
|switch|p1b: Kingambit|Kingambit, L50, F|100/100
|move|p2b: Gholdengo|Protect|p2b: Gholdengo
|-singleturn|p2b: Gholdengo|Protect
|move|p2a: Sneasler|Dire Claw|p1b: Kingambit
|-immune|p1b: Kingambit
|move|p1a: Incineroar|Flare Blitz|p2b: Gholdengo
|-activate|p2b: Gholdengo|move: Protect
|
|upkeep
|turn|4
|inactive|heatvw has 30 seconds left.
|inactive|sille rovert has 30 seconds left.
|inactive|heatvw has 20 seconds left.
|
|t:|1756524203
|-terastallize|p2b: Gholdengo|Water
|-terastallize|p1b: Kingambit|Fire
|move|p2a: Sneasler|Close Combat|p1a: Incineroar
|-supereffective|p1a: Incineroar
|-damage|p1a: Incineroar|0 fnt
|-unboost|p2a: Sneasler|def|1
|-unboost|p2a: Sneasler|spd|1
|faint|p1a: Incineroar
|move|p2b: Gholdengo|Nasty Plot|p2b: Gholdengo
|-boost|p2b: Gholdengo|spa|2
|move|p1b: Kingambit|Kowtow Cleave|p2b: Gholdengo
|-damage|p2b: Gholdengo|52/100
|
|-heal|p2b: Gholdengo|58/100|[from] item: Leftovers
|upkeep
|
|t:|1756524210
|switch|p1a: Ninetales|Ninetales-Alola, L50, F|100/100
|-weather|Snowscape|[from] ability: Snow Warning|[of] p1a: Ninetales
|turn|5
|inactive|heatvw has 30 seconds left.
|inactive|sille rovert has 30 seconds left.
|
|t:|1756524245
|move|p2a: Sneasler|Protect|p2a: Sneasler
|-singleturn|p2a: Sneasler|Protect
|move|p2b: Gholdengo|Protect|p2b: Gholdengo
|-singleturn|p2b: Gholdengo|Protect
|move|p1b: Kingambit|Sucker Punch||[still]
|-fail|p1b: Kingambit
|move|p1a: Ninetales|Blizzard|p2b: Gholdengo|[spread] 
|-activate|p2a: Sneasler|move: Protect
|-activate|p2b: Gholdengo|move: Protect
|
|-weather|Snowscape|[upkeep]
|-heal|p2b: Gholdengo|64/100|[from] item: Leftovers
|upkeep
|turn|6
|inactive|sille rovert has 30 seconds left.
|inactive|sille rovert has 20 seconds left.
|
|t:|1756524283
|move|p1b: Kingambit|Sucker Punch|p2b: Gholdengo
|-crit|p2b: Gholdengo
|-damage|p2b: Gholdengo|3/100
|move|p2a: Sneasler|Dire Claw|p1b: Kingambit
|-damage|p1b: Kingambit|68/100
|move|p1a: Ninetales|Blizzard|p2b: Gholdengo|[spread] p2a,p2b
|-resisted|p2b: Gholdengo
|-damage|p2a: Sneasler|38/100
|-damage|p2b: Gholdengo|0 fnt
|faint|p2b: Gholdengo
|
|-weather|Snowscape|[upkeep]
|upkeep
|-message|sille rovert forfeited.
|
|win|heatvw
||sille rovert is ready for game 2.
||heatvw is ready for game 2.
|uhtml|next|Next: Game 2 of 3
|l|☆sille rovert
|player|p2|
