|j|☆fluffym1n
|j|☆Zero_BlazeVGC
|html|fluffym1nZero_BlazeVGC    
|uhtml|bestof|Game 1 of a best-of-3
|t:|1755811905
|gametype|doubles
|player|p1|fluffym1n|lucas-gen4pt|1178
|player|p2|Zero_BlazeVGC|flint|1285
|gen|9
|tier|[Gen 9] VGC 2025 Reg H (Bo3)
|rated|
|rule|Species Clause: Limit one of each Pokémon
|rule|Item Clause: Limit 1 of each item
|clearpoke
|poke|p1|Archaludon, L50, M|
|poke|p1|Pelipper, L50, M|
|poke|p1|Sneasler, L50, F|
|poke|p1|Basculegion, L50, M|
|poke|p1|Incineroar, L50, F|
|poke|p1|Amoonguss, L50, F|
|poke|p2|Gholdengo, L50|
|poke|p2|Pelipper, L50, M|
|poke|p2|Basculegion, L50, M|
|poke|p2|Amoonguss, L50, F|
|poke|p2|Archaludon, L50, M|
|poke|p2|Incineroar, L50, M|
|teampreview|4
|showteam|p1|Archaludon||AssaultVest|Stamina|ElectroShot,BodyPress,FlashCannon,DracoMeteor|||M|||50|,,,,,Grass]Pelipper||FocusSash|Drizzle|Hurricane,WeatherBall,Tailwind,Protect|||M|||50|,,,,,Ghost]Sneasler||WhiteHerb|Unburden|CloseCombat,DireClaw,ThroatChop,Protect|||F|||50|,,,,,Dark]Basculegion||ChoiceBand|SwiftSwim|WaveCrash,LastRespects,AquaJet,FlipTurn|||M|||50|,,,,,Grass]Incineroar||SafetyGoggles|Intimidate|FakeOut,KnockOff,FlareBlitz,PartingShot|||F|||50|,,,,,Ghost]Amoonguss||RockyHelmet|Regenerator|PollenPuff,Spore,RagePowder,Protect|||F|||50|,,,,,Water
|showteam|p2|Gholdengo||LifeOrb|GoodasGold|Protect,NastyPlot,MakeItRain,ShadowBall||||||50|,,,,,Water]Pelipper||FocusSash|Drizzle|Protect,Tailwind,WeatherBall,Hurricane|||M|||50|,,,,,Stellar]Basculegion||ChoiceBand|SwiftSwim|AquaJet,WaveCrash,FlipTurn,LastRespects|||M|||50|,,,,,Fairy]Amoonguss||SitrusBerry|Regenerator|PollenPuff,Spore,RagePowder,Protect|||F|||50|,,,,,Fairy]Archaludon||AssaultVest|Stamina|ElectroShot,Snarl,FlashCannon,BodyPress|||M|||50|,,,,,Bug]Incineroar||SafetyGoggles|Intimidate|FakeOut,KnockOff,PartingShot,Taunt|||M|||50|,,,,,Ghost
|
|t:|1755811943
|teamsize|p1|4
|teamsize|p2|4
|start
|switch|p1a: Basculegion|Basculegion, L50, M|100/100
|switch|p1b: Archaludon|Archaludon, L50, M|100/100
|switch|p2a: Omega|Gholdengo, L50|100/100
|switch|p2b: Benadryl|Amoonguss, L50, F|100/100
|turn|1
|
|t:|1755811985
|switch|p1b: Incineroar|Incineroar, L50, F|100/100
|-ability|p1b: Incineroar|Intimidate|boost
|-unboost|p2a: Omega|atk|1
|-unboost|p2b: Benadryl|atk|1
|-terastallize|p1a: Basculegion|Grass
|move|p2b: Benadryl|Rage Powder|p2b: Benadryl
|-singleturn|p2b: Benadryl|move: Rage Powder
|move|p2a: Omega|Nasty Plot|p2a: Omega
|-boost|p2a: Omega|spa|2
|move|p1a: Basculegion|Last Respects|p2a: Omega
|-supereffective|p2a: Omega
|-damage|p2a: Omega|8/100
|
|upkeep
|turn|2
|
|t:|1755812028
|switch|p2b: Incineroar|Incineroar, L50, M|100/100
|-ability|p2b: Incineroar|Intimidate|boost
|-unboost|p1a: Basculegion|atk|1
|-unboost|p1b: Incineroar|atk|1
|move|p2a: Omega|Make It Rain|p1b: Incineroar|[spread] p1a,p1b
|-resisted|p1b: Incineroar
|-damage|p1a: Basculegion|0 fnt
|-damage|p1b: Incineroar|47/100
|-unboost|p2a: Omega|spa|1
|faint|p1a: Basculegion
|-damage|p2a: Omega|0 fnt|[from] item: Life Orb
|faint|p2a: Omega
|move|p1b: Incineroar|Flare Blitz|p2b: Incineroar
|-resisted|p2b: Incineroar
|-damage|p2b: Incineroar|86/100
|-damage|p1b: Incineroar|42/100|[from] Recoil
|
|upkeep
|
|t:|1755812047
|switch|p2a: Metalman|Archaludon, L50, M|100/100
|switch|p1a: Archaludon|Archaludon, L50, M|100/100
|turn|3
|
|t:|1755812085
|move|p2a: Metalman|Body Press|p1b: Incineroar
|-supereffective|p1b: Incineroar
|-damage|p1b: Incineroar|1/100
|move|p2b: Incineroar|Parting Shot|p1a: Archaludon
|-unboost|p1a: Archaludon|atk|1
|-unboost|p1a: Archaludon|spa|1
|
|t:|1755812090
|switch|p2b: Benadryl|Amoonguss, L50, F|100/100|[from] Parting Shot
|move|p1a: Archaludon|Body Press|p2b: Benadryl
|-resisted|p2b: Benadryl
|-damage|p2b: Benadryl|90/100
|move|p1b: Incineroar|Knock Off|p2a: Metalman
|-damage|p2a: Metalman|80/100
|-ability|p2a: Metalman|Stamina|boost
|-boost|p2a: Metalman|def|1
|-enditem|p2a: Metalman|Assault Vest|[from] move: Knock Off|[of] p1b: Incineroar
|
|upkeep
|turn|4
|
|t:|1755812114
|switch|p1b: Pelipper|Pelipper, L50, M|100/100
|-weather|RainDance|[from] ability: Drizzle|[of] p1b: Pelipper
|move|p2a: Metalman|Snarl|p1b: Pelipper|[spread] p1a,p1b
|-crit|p1b: Pelipper
|-damage|p1a: Archaludon|92/100
|-damage|p1b: Pelipper|68/100
|-unboost|p1a: Archaludon|spa|1
|-unboost|p1b: Pelipper|spa|1
|-ability|p1a: Archaludon|Stamina|boost
|-boost|p1a: Archaludon|def|1
|move|p1a: Archaludon|Draco Meteor|p2a: Metalman
|-damage|p2a: Metalman|43/100
|-unboost|p1a: Archaludon|spa|2
|-ability|p2a: Metalman|Stamina|boost
|-boost|p2a: Metalman|def|1
|move|p2b: Benadryl|Spore|p1a: Archaludon
|-status|p1a: Archaludon|slp|[from] move: Spore
|
|-weather|RainDance|[upkeep]
|upkeep
|turn|5
|
|t:|1755812141
|-terastallize|p2b: Benadryl|Fairy
|move|p2a: Metalman|Electro Shot||[still]
|-prepare|p2a: Metalman|Electro Shot
|-boost|p2a: Metalman|spa|1
|-anim|p2a: Metalman|Electro Shot|p1b: Pelipper
|-supereffective|p1b: Pelipper
|-damage|p1b: Pelipper|0 fnt
|faint|p1b: Pelipper
|cant|p1a: Archaludon|slp
|move|p2b: Benadryl|Pollen Puff|p2a: Metalman
|-heal|p2a: Metalman|93/100
|
|-weather|RainDance|[upkeep]
|upkeep
|-message|fluffym1n forfeited.
|
|win|Zero_BlazeVGC
|raw|fluffym1n's rating: 1178 → 1160(-18 for losing)
|raw|Zero_BlazeVGC's rating: 1285 → 1303(+18 for winning)
