|j|☆fantasminha8
|j|☆fookinraw42
|html|fantasminha8fookinraw42    
|uhtml|bestof|Game 2 of a best-of-3
|t:|1756337202
|gametype|doubles
|player|p1|fantasminha8|266|1134
|player|p2|fookinraw42|flannery|1167
|gen|9
|tier|[Gen 9] VGC 2025 Reg H (Bo3)
|rated|
|rule|Species Clause: Limit one of each Pokémon
|rule|Item Clause: Limit 1 of each item
|clearpoke
|poke|p1|Charizard, L50, M|
|poke|p1|Indeedee-F, L50, F|
|poke|p1|Exeggutor, L50, F|
|poke|p1|Torkoal, L50, M|
|poke|p1|Ursaluna, L50, M|
|poke|p1|Gallade, L50, M|
|poke|p2|Gholdengo, L50|
|poke|p2|Amoonguss, L50, F|
|poke|p2|Basculegion, L50, M|
|poke|p2|Incineroar, L50, M|
|poke|p2|Archaludon, L50, M|
|poke|p2|Pelipper, L50, F|
|teampreview|4
|showteam|p1|Charizard||ChoiceScarf|SolarPower|HeatWave,SolarBeam,AirSlash,WeatherBall|||M|||50|,,,,,Fire]Indeedee-F||SafetyGoggles|PsychicSurge|FollowMe,HelpingHand,TrickRoom,AlluringVoice|||F|||50|,,,,,Psychic]Exeggutor||FocusSash|Chlorophyll|ExpandingForce,TrickRoom,EnergyBall,SleepPowder|||F|||50|,,,,,Grass]Torkoal||EjectPack|Drought|Eruption,Overheat,Protect,ClearSmog|||M|||50|,,,,,Fire]Ursaluna||FlameOrb|Guts|Earthquake,Facade,Protect,HeadlongRush|||M|||50|,,,,,Ground]Gallade||ClearAmulet|Sharpness|WideGuard,PsychoCut,SacredSword,TrickRoom|||M|||50|,,,,,Psychic
|showteam|p2|Gholdengo||LifeOrb|GoodasGold|MakeItRain,ShadowBall,NastyPlot,Protect||||||50|,,,,,Water]Amoonguss||SitrusBerry|Regenerator|Spore,RagePowder,PollenPuff,ClearSmog|||F|||50|,,,,,Electric]Basculegion||ChoiceBand|SwiftSwim|WaveCrash,FlipTurn,AquaJet,LastRespects|||M|||50|,,,,,Water]Incineroar||SafetyGoggles|Intimidate|KnockOff,PartingShot,WillOWisp,FakeOut|||M|||50|,,,,,Ghost]Archaludon||AssaultVest|Stamina|FlashCannon,DracoMeteor,ElectroShot,BodyPress|||M|||50|,,,,,Bug]Pelipper||CovertCloak|Drizzle|WeatherBall,Hurricane,Tailwind,Protect|||F|||50|,,,,,Dragon
|inactive|Battle timer is ON: inactive players will automatically lose when time's up. (requested by fookinraw42)
|inactive|fookinraw42 has 60 seconds left.
|
|t:|1756337253
|teamsize|p1|4
|teamsize|p2|4
|start
|switch|p1a: Charizard|Charizard, L50, M|100/100
|switch|p1b: Indeedee|Indeedee-F, L50, F|100/100
|switch|p2a: Incineroar|Incineroar, L50, M|100/100
|switch|p2b: Basculegion|Basculegion, L50, M|100/100
|-fieldstart|move: Psychic Terrain|[from] ability: Psychic Surge|[of] p1b: Indeedee
|-ability|p2a: Incineroar|Intimidate|boost
|-unboost|p1a: Charizard|atk|1
|-unboost|p1b: Indeedee|atk|1
|turn|1
|inactive|fantasminha8 has 30 seconds left.
|inactive|fookinraw42 has 30 seconds left.
|inactive|fantasminha8 has 20 seconds left.
|inactive|fookinraw42 has 20 seconds left.
|inactive|fookinraw42 has 15 seconds left.
|
|t:|1756337293
|switch|p1b: Torkoal|Torkoal, L50, M|100/100
|-weather|SunnyDay|[from] ability: Drought|[of] p1b: Torkoal
|-terastallize|p1a: Charizard|Fire
|move|p2a: Incineroar|Fake Out|p1a: Charizard
|-activate|p1a: Charizard|move: Psychic Terrain
|move|p1a: Charizard|Heat Wave|p2a: Incineroar|[spread] p2a,p2b
|-resisted|p2a: Incineroar
|-resisted|p2b: Basculegion
|-damage|p2a: Incineroar|54/100
|-damage|p2b: Basculegion|41/100
|-status|p2b: Basculegion|brn
|move|p2b: Basculegion|Flip Turn|p1b: Torkoal
|-supereffective|p1b: Torkoal
|-damage|p1b: Torkoal|83/100
|
|t:|1756337308
|switch|p2b: Pelipper|Pelipper, L50, F|100/100|[from] Flip Turn
|-weather|RainDance|[from] ability: Drizzle|[of] p2b: Pelipper
|
|-weather|RainDance|[upkeep]
|upkeep
|turn|2
|
|t:|1756337327
|switch|p1a: Exeggutor|Exeggutor, L50, F|100/100
|switch|p1b: Indeedee|Indeedee-F, L50, F|100/100
|move|p2b: Pelipper|Tailwind|p2b: Pelipper
|-sidestart|p2: fookinraw42|move: Tailwind
|move|p2a: Incineroar|Knock Off|p1a: Exeggutor
|-supereffective|p1a: Exeggutor
|-enditem|p1a: Exeggutor|Focus Sash
|-damage|p1a: Exeggutor|1/100
|
|-weather|RainDance|[upkeep]
|upkeep
|turn|3
|inactive|fantasminha8 has 30 seconds left.
|
|t:|1756337353
|switch|p1b: Torkoal|Torkoal, L50, M|83/100
|-weather|SunnyDay|[from] ability: Drought|[of] p1b: Torkoal
|move|p1a: Exeggutor|Expanding Force|p2a: Incineroar|[spread] p2b
|-immune|p2a: Incineroar
|-damage|p2b: Pelipper|32/100
|move|p2b: Pelipper|Weather Ball|p1a: Exeggutor
|-supereffective|p1a: Exeggutor
|-damage|p1a: Exeggutor|0 fnt
|faint|p1a: Exeggutor
|move|p2a: Incineroar|Knock Off|p1b: Torkoal
|-damage|p1b: Torkoal|47/100
|-enditem|p1b: Torkoal|Eject Pack|[from] move: Knock Off|[of] p2a: Incineroar
|
|-weather|SunnyDay|[upkeep]
|upkeep
|
|t:|1756337361
|switch|p1a: Charizard|Charizard, L50, M, tera:Fire|100/100
|turn|4
|
|t:|1756337381
|switch|p2b: Archaludon|Archaludon, L50, M|100/100
|switch|p1b: Indeedee|Indeedee-F, L50, F|100/100
|move|p1a: Charizard|Heat Wave|p2b: Archaludon|[spread] p2a,p2b
|-resisted|p2a: Incineroar
|-damage|p2a: Incineroar|10/100
|-damage|p2b: Archaludon|21/100
|-ability|p2b: Archaludon|Stamina|boost
|-boost|p2b: Archaludon|def|1
|move|p2a: Incineroar|Parting Shot|p1a: Charizard
|-unboost|p1a: Charizard|atk|1
|-unboost|p1a: Charizard|spa|1
|
|t:|1756337394
|switch|p2a: Basculegion|Basculegion, L50, M|41/100 brn|[from] Parting Shot
|
|-weather|SunnyDay|[upkeep]
|-damage|p1a: Charizard|88/100|[from] ability: Solar Power|[of] p1a: Charizard
|-damage|p2a: Basculegion|35/100 brn|[from] brn
|upkeep
|turn|5
|
|t:|1756337407
|move|p1b: Indeedee|Follow Me|p1b: Indeedee
|-singleturn|p1b: Indeedee|move: Follow Me
|move|p2a: Basculegion|Flip Turn|p1b: Indeedee
|-damage|p1b: Indeedee|89/100
|
|t:|1756337412
|switch|p2a: Incineroar|Incineroar, L50, M|10/100|[from] Flip Turn
|-ability|p2a: Incineroar|Intimidate|boost
|-unboost|p1a: Charizard|atk|1
|-unboost|p1b: Indeedee|atk|1
|move|p2b: Archaludon|Body Press|p1b: Indeedee
|-damage|p1b: Indeedee|50/100
|move|p1a: Charizard|Heat Wave|p2b: Archaludon|[spread] p2a,p2b
|-resisted|p2a: Incineroar
|-damage|p2a: Incineroar|0 fnt
|-damage|p2b: Archaludon|0 fnt
|faint|p2a: Incineroar
|faint|p2b: Archaludon
|
|-weather|SunnyDay|[upkeep]
|-damage|p1a: Charizard|76/100|[from] ability: Solar Power|[of] p1a: Charizard
|-sideend|p2: fookinraw42|move: Tailwind
|-fieldend|move: Psychic Terrain
|upkeep
|
|t:|1756337426
|switch|p2b: Basculegion|Basculegion, L50, M|35/100 brn
|switch|p2a: Pelipper|Pelipper, L50, F|32/100
|-weather|RainDance|[from] ability: Drizzle|[of] p2a: Pelipper
|turn|6
|
|t:|1756337443
|switch|p1b: Torkoal|Torkoal, L50, M|47/100
|-weather|SunnyDay|[from] ability: Drought|[of] p1b: Torkoal
|move|p1a: Charizard|Heat Wave|p2b: Basculegion|[spread] p2a,p2b
|-resisted|p2a: Pelipper
|-resisted|p2b: Basculegion
|-damage|p2a: Pelipper|0 fnt
|-damage|p2b: Basculegion|0 fnt
|faint|p2a: Pelipper
|faint|p2b: Basculegion
|
|win|fantasminha8
||fookinraw42 is ready for game 3.
||fantasminha8 is ready for game 3.
|uhtml|next|Next: Game 3 of 3
|l|☆fantasminha8
|player|p1|
