|j|☆whatshaniniiiii
|j|☆ZekromAllDay
|html|whatshaniniiiiiZekromAllDay    
|uhtml|bestof|Game 1 of a best-of-3
|t:|1756502735
|gametype|doubles
|player|p1|whatshaniniiiii|101|1088
|player|p2|ZekromAllDay|170|1138
|gen|9
|tier|[Gen 9] VGC 2025 Reg H (Bo3)
|rated|
|rule|Species Clause: Limit one of each Pokémon
|rule|Item Clause: Limit 1 of each item
|clearpoke
|poke|p1|Tyranitar, L50, F|
|poke|p1|Sneasler, L50, F|
|poke|p1|Talonflame, L50, M|
|poke|p1|Indeedee, L50, M|
|poke|p1|Amoonguss, L50, F|
|poke|p1|Garchomp, L50, M|
|poke|p2|Basculegion, L50, M|
|poke|p2|Pelipper, L50, M|
|poke|p2|Archaludon, L50, F|
|poke|p2|Dragonite, L50, M|
|poke|p2|Indeedee, L50, M|
|poke|p2|Sneasler, L50, F|
|teampreview|4
|showteam|p1|Tyranitar||ChoiceScarf|SandStream|RockSlide,KnockOff,LowKick,HighHorsepower|||F|||50|,,,,,Flying]Sneasler||PsychicSeed|Unburden|CloseCombat,DireClaw,ThroatChop,Protect|||F|||50|,,,,,Dark]Talonflame||SafetyGoggles|GaleWings|BraveBird,Taunt,WillOWisp,Tailwind|||M|||50|,,,,,Flying]Indeedee||FocusSash|PsychicSurge|TrickRoom,ExpandingForce,Imprison,TeraBlast|||M|||50|,,,,,Fighting]Amoonguss||RockyHelmet|Regenerator|Spore,RagePowder,ClearSmog,Protect|||F|||50|,,,,,Water]Garchomp||LifeOrb|SandVeil|Earthquake,RockSlide,DragonClaw,Protect|||M|||50|,,,,,Dragon
|showteam|p2|Basculegion||ChoiceBand|SwiftSwim|WaveCrash,LastRespects,AquaJet,FlipTurn|||M|||50|,,,,,Grass]Pelipper||CovertCloak|Drizzle|WeatherBall,Hurricane,Tailwind,MuddyWater|||M|||50|,,,,,Stellar]Archaludon||AssaultVest|Stamina|ElectroShot,DracoMeteor,BodyPress,FlashCannon|||F|||50|,,,,,Bug]Dragonite||LoadedDice|InnerFocus|ScaleShot,Tailwind,Haze,Protect|||M|||50|,,,,,Fairy]Indeedee||FocusSash|PsychicSurge|ExpandingForce,TrickRoom,TeraBlast,Protect|||M|||50|,,,,,Psychic]Sneasler||PsychicSeed|Unburden|CloseCombat,ThroatChop,DireClaw,Protect|||F|||50|,,,,,Dark
|inactive|Battle timer is ON: inactive players will automatically lose when time's up. (requested by ZekromAllDay)
|inactive|whatshaniniiiii has 60 seconds left.
|
|t:|1756502792
|teamsize|p1|4
|teamsize|p2|4
|start
|switch|p1a: Talonflame|Talonflame, L50, M|100/100
|switch|p1b: Garchomp|Garchomp, L50, M|100/100
|switch|p2a: Indeedee|Indeedee, L50, M|100/100
|switch|p2b: Sneasler|Sneasler, L50, F|100/100
|-fieldstart|move: Psychic Terrain|[from] ability: Psychic Surge|[of] p2a: Indeedee
|-enditem|p2b: Sneasler|Psychic Seed
|-boost|p2b: Sneasler|spd|1|[from] item: Psychic Seed
|turn|1
|inactive|whatshaniniiiii has 30 seconds left.
|
|t:|1756502823
|-terastallize|p2b: Sneasler|Dark
|move|p1b: Garchomp|Protect|p1b: Garchomp
|-singleturn|p1b: Garchomp|Protect
|move|p1a: Talonflame|Brave Bird|p2b: Sneasler
|-activate|p2b: Sneasler|move: Psychic Terrain
|move|p2b: Sneasler|Dire Claw|p1a: Talonflame
|-damage|p1a: Talonflame|32/100
|-status|p1a: Talonflame|par
|move|p2a: Indeedee|Expanding Force|p1a: Talonflame|[spread] p1a
|-activate|p1b: Garchomp|move: Protect
|-damage|p1a: Talonflame|0 fnt
|faint|p1a: Talonflame
|
|upkeep
|
|t:|1756502833
|switch|p1a: Tyranitar|Tyranitar, L50, F|100/100
|-weather|Sandstorm|[from] ability: Sand Stream|[of] p1a: Tyranitar
|turn|2
|
|t:|1756502854
|-terastallize|p1a: Tyranitar|Flying
|move|p2b: Sneasler|Protect|p2b: Sneasler
|-singleturn|p2b: Sneasler|Protect
|move|p2a: Indeedee|Protect|p2a: Indeedee
|-singleturn|p2a: Indeedee|Protect
|move|p1a: Tyranitar|Knock Off|p2a: Indeedee
|-activate|p2a: Indeedee|move: Protect
|move|p1b: Garchomp|Earthquake|p2a: Indeedee|[spread] 
|-activate|p2a: Indeedee|move: Protect
|-activate|p2b: Sneasler|move: Protect
|-immune|p1a: Tyranitar
|
|-weather|Sandstorm|[upkeep]
|-damage|p2b: Sneasler|95/100|[from] Sandstorm
|-damage|p1a: Tyranitar|95/100|[from] Sandstorm
|-damage|p2a: Indeedee|95/100|[from] Sandstorm
|upkeep
|turn|3
|
|t:|1756502868
|switch|p2a: Pelipper|Pelipper, L50, M|100/100
|-weather|RainDance|[from] ability: Drizzle|[of] p2a: Pelipper
|move|p2b: Sneasler|Dire Claw|p1a: Tyranitar
|-damage|p1a: Tyranitar|54/100
|move|p1a: Tyranitar|Knock Off|p2a: Pelipper
|-damage|p2a: Pelipper|36/100
|-enditem|p2a: Pelipper|Covert Cloak|[from] move: Knock Off|[of] p1a: Tyranitar
|move|p1b: Garchomp|Earthquake|p2b: Sneasler|[spread] p2b
|-immune|p1a: Tyranitar
|-immune|p2a: Pelipper
|-damage|p2b: Sneasler|4/100
|-damage|p1b: Garchomp|91/100|[from] item: Life Orb
|
|-weather|RainDance|[upkeep]
|upkeep
|turn|4
|
|t:|1756502890
|switch|p1a: Amoonguss|Amoonguss, L50, F|100/100
|move|p1b: Garchomp|Protect|p1b: Garchomp
|-singleturn|p1b: Garchomp|Protect
|move|p2b: Sneasler|Dire Claw|p1a: Amoonguss
|-damage|p1a: Amoonguss|65/100
|-damage|p2b: Sneasler|0 fnt|[from] item: Rocky Helmet|[of] p1a: Amoonguss
|faint|p2b: Sneasler
|move|p2a: Pelipper|Tailwind|p2a: Pelipper
|-sidestart|p2: ZekromAllDay|move: Tailwind
|
|-weather|RainDance|[upkeep]
|upkeep
|
|t:|1756502901
|switch|p2b: Indeedee|Indeedee, L50, M|95/100
|turn|5
|inactive|whatshaniniiiii has 30 seconds left.
|
|t:|1756502927
|move|p1a: Amoonguss|Rage Powder|p1a: Amoonguss
|-singleturn|p1a: Amoonguss|move: Rage Powder
|move|p2b: Indeedee|Expanding Force|p1b: Garchomp|[spread] p1a,p1b
|-supereffective|p1a: Amoonguss
|-damage|p1a: Amoonguss|0 fnt
|-damage|p1b: Garchomp|32/100
|faint|p1a: Amoonguss
|move|p2a: Pelipper|Hurricane|p1b: Garchomp
|-damage|p1b: Garchomp|0 fnt
|faint|p1b: Garchomp
|
|-weather|RainDance|[upkeep]
|-fieldend|move: Psychic Terrain
|upkeep
|
|t:|1756502936
|switch|p1b: Tyranitar|Tyranitar, L50, F, tera:Flying|54/100
|-weather|Sandstorm|[from] ability: Sand Stream|[of] p1b: Tyranitar
|turn|6
|
|t:|1756502951
|switch|p2a: Basculegion|Basculegion, L50, M|100/100
|move|p2b: Indeedee|Expanding Force|p1b: Tyranitar
|-damage|p1b: Tyranitar|15/100
|move|p1b: Tyranitar|Knock Off|p2b: Indeedee
|-supereffective|p2b: Indeedee
|-damage|p2b: Indeedee|0 fnt
|-enditem|p2b: Indeedee|Focus Sash|[from] move: Knock Off|[of] p1b: Tyranitar
|faint|p2b: Indeedee
|
|-weather|Sandstorm|[upkeep]
|-damage|p2a: Basculegion|94/100|[from] Sandstorm
|-damage|p1b: Tyranitar|10/100|[from] Sandstorm
|upkeep
|
|t:|1756502957
|switch|p2b: Pelipper|Pelipper, L50, M|36/100
|-weather|RainDance|[from] ability: Drizzle|[of] p2b: Pelipper
|turn|7
|
|t:|1756502964
|move|p2a: Basculegion|Last Respects|p1b: Tyranitar
|-damage|p1b: Tyranitar|0 fnt
|faint|p1b: Tyranitar
|
|win|ZekromAllDay
||whatshaniniiiii is ready for game 2.
|inactive|ZekromAllDay has 30 seconds to confirm battle start!
