|j|☆Tractie
|j|☆Cristante terabug
|html|TractieCristante terabug    
|uhtml|bestof|Game 3 of a best-of-3
|t:|1756675784
|gametype|doubles
|player|p1|Tractie|170|1243
|player|p2|Cristante terabug|kieran-champion|1341
|gen|9
|tier|[Gen 9] VGC 2025 Reg H (Bo3)
|rated|
|rule|Species Clause: Limit one of each Pokémon
|rule|Item Clause: Limit 1 of each item
|clearpoke
|poke|p1|Gothitelle, L50, F|
|poke|p1|Dondozo, L50, F|
|poke|p1|Kingambit, L50, F|
|poke|p1|Rillaboom, L50, F|
|poke|p1|Incineroar, L50, F|
|poke|p1|Dragapult, L50, F|
|poke|p2|Incineroar, L50, M|
|poke|p2|Pelipper, L50, M|
|poke|p2|Archaludon, L50, M|
|poke|p2|Dragonite, L50, M|
|poke|p2|Sinistcha, L50|
|poke|p2|Ursaluna, L50, M|
|teampreview|4
|showteam|p1|Gothitelle||SitrusBerry|ShadowTag|FakeOut,Psychic,TrickRoom,Protect|||F|||50|,,,,,Water]Dondozo||Leftovers|Unaware|WaveCrash,BodyPress,Yawn,Protect|||F|||50|,,,,,Electric]Kingambit||BlackGlasses|Defiant|SuckerPunch,KowtowCleave,SwordsDance,Protect|||F|||50|,,,,,Dark]Rillaboom||ChoiceBand|GrassySurge|WoodHammer,GrassyGlide,HighHorsepower,Uturn|||F|||50|,,,,,Ghost]Incineroar||SafetyGoggles|Intimidate|FakeOut,FlareBlitz,KnockOff,PartingShot|||F|||50|,,,,,Ghost]Dragapult||LifeOrb|ClearBody|ShadowBall,DracoMeteor,TeraBlast,Protect|||F|||50|,,,,,Fairy
|showteam|p2|Incineroar||SafetyGoggles|Intimidate|FakeOut,PartingShot,KnockOff,FlareBlitz|||M|||50|,,,,,Flying]Pelipper||FocusSash|Drizzle|Hurricane,MuddyWater,Tailwind,Protect|||M|||50|,,,,,Ghost]Archaludon||AssaultVest|Stamina|ElectroShot,Snarl,FlashCannon,BodyPress|||M|||50|,,,,,Bug]Dragonite||LoadedDice|Multiscale|ScaleShot,Tailwind,Haze,Protect|||M|||50|,,,,,Fairy]Sinistcha||SitrusBerry|Hospitality|MatchaGotcha,RagePowder,LifeDew,TrickRoom||||||50|,,,,,Dark]Ursaluna||FlameOrb|Guts|Earthquake,Facade,HeadlongRush,Protect|||M|||50|,,,,,Ghost
|inactive|Battle timer is ON: inactive players will automatically lose when time's up. (requested by Tractie)
|inactive|Tractie has 60 seconds left.
|
|t:|1756675842
|teamsize|p1|4
|teamsize|p2|4
|start
|switch|p1a: Incineroar|Incineroar, L50, F|100/100
|switch|p1b: Rillaboom|Rillaboom, L50, F|100/100
|switch|p2a: Wanda|Sinistcha, L50, shiny|100/100
|switch|p2b: Olmo|Ursaluna, L50, M|100/100
|-fieldstart|move: Grassy Terrain|[from] ability: Grassy Surge|[of] p1b: Rillaboom
|-ability|p1a: Incineroar|Intimidate|boost
|-unboost|p2a: Wanda|atk|1
|-unboost|p2b: Olmo|atk|1
|turn|1
|inactive|Tractie has 30 seconds left.
|inactive|Cristante terabug has 30 seconds left.
|inactive|Tractie has 20 seconds left.
|inactive|Cristante terabug has 20 seconds left.
|inactive|Cristante terabug has 15 seconds left.
|
|t:|1756675886
|switch|p2a: Paolo|Dragonite, L50, M|100/100
|move|p2b: Olmo|Protect|p2b: Olmo
|-singleturn|p2b: Olmo|Protect
|move|p1b: Rillaboom|Wood Hammer|p2a: Paolo
|-resisted|p2a: Paolo
|-damage|p2a: Paolo|84/100
|-damage|p1b: Rillaboom|95/100|[from] Recoil
|move|p1a: Incineroar|Knock Off|p2a: Paolo
|-damage|p2a: Paolo|35/100
|-enditem|p2a: Paolo|Loaded Dice|[from] move: Knock Off|[of] p1a: Incineroar
|
|-heal|p1b: Rillaboom|100/100|[from] Grassy Terrain
|-status|p2b: Olmo|brn|[from] item: Flame Orb
|upkeep
|turn|2
|
|t:|1756675909
|-terastallize|p2b: Olmo|Ghost
|move|p1b: Rillaboom|Wood Hammer|p2b: Olmo
|-damage|p2b: Olmo|12/100 brn
|-damage|p1b: Rillaboom|66/100|[from] Recoil
|move|p2a: Paolo|Tailwind|p2a: Paolo
|-sidestart|p2: Cristante terabug|move: Tailwind
|move|p2b: Olmo|Facade|p1b: Rillaboom
|-damage|p1b: Rillaboom|0 fnt
|faint|p1b: Rillaboom
|move|p1a: Incineroar|Parting Shot|p2b: Olmo
|-unboost|p2b: Olmo|atk|1
|-unboost|p2b: Olmo|spa|1
|
|t:|1756675925
|switch|p1a: Dondozo|Dondozo, L50, F|100/100|[from] Parting Shot
|
|-heal|p2b: Olmo|19/100 brn|[from] Grassy Terrain
|-damage|p2b: Olmo|12/100 brn|[from] brn
|upkeep
|
|t:|1756675935
|switch|p1b: Incineroar|Incineroar, L50, F|100/100
|-ability|p1b: Incineroar|Intimidate|boost
|-unboost|p2a: Paolo|atk|1
|-unboost|p2b: Olmo|atk|1
|turn|3
|inactive|Tractie has 30 seconds left.
|inactive|Tractie has 20 seconds left.
|inactive|Tractie has 15 seconds left.
|
|t:|1756675977
|-terastallize|p1b: Incineroar|Ghost
|move|p2b: Olmo|Protect|p2b: Olmo
|-singleturn|p2b: Olmo|Protect
|move|p1b: Incineroar|Fake Out|p2a: Paolo
|-damage|p2a: Paolo|21/100
|cant|p2a: Paolo|flinch
|move|p1a: Dondozo|Yawn|p2a: Paolo
|-start|p2a: Paolo|move: Yawn|[of] p1a: Dondozo
|
|-heal|p2b: Olmo|19/100 brn|[from] Grassy Terrain
|-damage|p2b: Olmo|12/100 brn|[from] brn
|upkeep
|turn|4
|inactive|Tractie has 30 seconds left.
|inactive|Cristante terabug has 30 seconds left.
|inactive|Cristante terabug has 20 seconds left.
|
|t:|1756676013
|move|p2a: Paolo|Haze|p2a: Paolo
|-clearallboost
|move|p2b: Olmo|Facade|p1a: Dondozo
|-damage|p1a: Dondozo|28/100
|move|p1b: Incineroar|Knock Off|p2a: Paolo
|-damage|p2a: Paolo|0 fnt
|faint|p2a: Paolo
|move|p1a: Dondozo|Wave Crash|p2b: Olmo
|-damage|p2b: Olmo|0 fnt
|faint|p2b: Olmo
|-damage|p1a: Dondozo|25/100|[from] Recoil
|
|-heal|p1a: Dondozo|31/100|[from] Grassy Terrain
|-heal|p1a: Dondozo|37/100|[from] item: Leftovers
|upkeep
|
|t:|1756676021
|switch|p2a: Wanda|Sinistcha, L50, shiny|100/100
|switch|p2b: Luca|Archaludon, L50, M|100/100
|turn|5
|inactive|Tractie has 30 seconds left.
|
|t:|1756676051
|move|p1a: Dondozo|Protect|p1a: Dondozo
|-singleturn|p1a: Dondozo|Protect
|move|p2b: Luca|Flash Cannon|p1b: Incineroar
|-damage|p1b: Incineroar|71/100
|move|p2a: Wanda|Matcha Gotcha|p1a: Dondozo|[spread] p1b
|-activate|p1a: Dondozo|move: Protect
|-damage|p1b: Incineroar|44/100
|-status|p1b: Incineroar|brn
|move|p1b: Incineroar|Parting Shot|p2b: Luca
|-unboost|p2b: Luca|atk|1
|-unboost|p2b: Luca|spa|1
|
|t:|1756676065
|switch|p1b: Dragapult|Dragapult, L50, F|100/100|[from] Parting Shot
|
|-heal|p1a: Dondozo|44/100|[from] Grassy Terrain
|-heal|p1a: Dondozo|50/100|[from] item: Leftovers
|-sideend|p2: Cristante terabug|move: Tailwind
|-fieldend|move: Grassy Terrain
|upkeep
|turn|6
|
|t:|1756676088
|move|p1b: Dragapult|Shadow Ball|p2a: Wanda
|-supereffective|p2a: Wanda
|-damage|p2a: Wanda|8/100
|-unboost|p2a: Wanda|spd|1
|-enditem|p2a: Wanda|Sitrus Berry|[eat]
|-heal|p2a: Wanda|33/100|[from] item: Sitrus Berry
|-damage|p1b: Dragapult|91/100|[from] item: Life Orb
|move|p2b: Luca|Snarl|p1a: Dondozo|[spread] p1a,p1b
|-supereffective|p1b: Dragapult
|-damage|p1a: Dondozo|42/100
|-damage|p1b: Dragapult|70/100
|-unboost|p1a: Dondozo|spa|1
|move|p2a: Wanda|Matcha Gotcha|p1a: Dondozo|[spread] p1a,p1b
|-supereffective|p1a: Dondozo
|-resisted|p1b: Dragapult
|-damage|p1a: Dondozo|9/100
|-heal|p2a: Wanda|57/100|[from] drain|[of] p1a: Dondozo
|-damage|p1b: Dragapult|54/100
|-heal|p2a: Wanda|65/100|[from] drain|[of] p1b: Dragapult
|move|p1a: Dondozo|Yawn|p2a: Wanda
|-start|p2a: Wanda|move: Yawn|[of] p1a: Dondozo
|
|-heal|p1a: Dondozo|15/100|[from] item: Leftovers
|upkeep
|turn|7
|inactive|Tractie has 30 seconds left.
|
|t:|1756676116
|move|p1b: Dragapult|Protect|p1b: Dragapult
|-singleturn|p1b: Dragapult|Protect
|move|p1a: Dondozo|Protect|p1a: Dondozo
|-singleturn|p1a: Dondozo|Protect
|move|p2b: Luca|Flash Cannon|p1b: Dragapult
|-activate|p1b: Dragapult|move: Protect
|move|p2a: Wanda|Trick Room|p2a: Wanda
|-fieldstart|move: Trick Room|[of] p2a: Wanda
|
|-heal|p1a: Dondozo|21/100|[from] item: Leftovers
|-end|p2a: Wanda|move: Yawn|[silent]
|-status|p2a: Wanda|slp
|upkeep
|turn|8
|
|t:|1756676140
|switch|p1b: Incineroar|Incineroar, L50, F, tera:Ghost|44/100 brn
|-ability|p1b: Incineroar|Intimidate|boost
|-unboost|p2a: Wanda|atk|1
|-unboost|p2b: Luca|atk|1
|move|p1a: Dondozo|Yawn|p2b: Luca
|-start|p2b: Luca|move: Yawn|[of] p1a: Dondozo
|cant|p2a: Wanda|slp
|move|p2b: Luca|Flash Cannon|p1b: Incineroar
|-damage|p1b: Incineroar|26/100 brn
|-unboost|p1b: Incineroar|spd|1
|
|-heal|p1a: Dondozo|27/100|[from] item: Leftovers
|-damage|p1b: Incineroar|20/100 brn|[from] brn
|upkeep
|turn|9
|
|t:|1756676163
|move|p1a: Dondozo|Wave Crash|p2a: Wanda
|-resisted|p2a: Wanda
|-damage|p2a: Wanda|45/100 slp
|-damage|p1a: Dondozo|23/100|[from] Recoil
|move|p1b: Incineroar|Flare Blitz|p2a: Wanda
|-supereffective|p2a: Wanda
|-damage|p2a: Wanda|0 fnt
|faint|p2a: Wanda
|-damage|p1b: Incineroar|7/100 brn|[from] Recoil
|move|p2b: Luca|Flash Cannon|p1a: Dondozo
|-resisted|p1a: Dondozo
|-damage|p1a: Dondozo|11/100
|
|-heal|p1a: Dondozo|17/100|[from] item: Leftovers
|-damage|p1b: Incineroar|1/100 brn|[from] brn
|-end|p2b: Luca|move: Yawn|[silent]
|-status|p2b: Luca|slp
|upkeep
|turn|10
|inactive|Tractie has 30 seconds left.
|
|t:|1756676190
|move|p1a: Dondozo|Body Press|p2b: Luca
|-supereffective|p2b: Luca
|-damage|p2b: Luca|72/100 slp
|-ability|p2b: Luca|Stamina|boost
|-boost|p2b: Luca|def|1
|move|p1b: Incineroar|Knock Off|p2b: Luca
|-damage|p2b: Luca|63/100 slp
|-ability|p2b: Luca|Stamina|boost
|-boost|p2b: Luca|def|1
|-enditem|p2b: Luca|Assault Vest|[from] move: Knock Off|[of] p1b: Incineroar
|cant|p2b: Luca|slp
|
|-heal|p1a: Dondozo|23/100|[from] item: Leftovers
|-damage|p1b: Incineroar|0 fnt|[from] brn
|faint|p1b: Incineroar
|upkeep
|
|t:|1756676203
|switch|p1b: Dragapult|Dragapult, L50, F|54/100
|turn|11
|
|t:|1756676208
|move|p1a: Dondozo|Protect|p1a: Dondozo
|-singleturn|p1a: Dondozo|Protect
|move|p1b: Dragapult|Protect|p1b: Dragapult
|-singleturn|p1b: Dragapult|Protect
|cant|p2b: Luca|slp
|
|-heal|p1a: Dondozo|30/100|[from] item: Leftovers
|-fieldend|move: Trick Room
|upkeep
|turn|12
|
|t:|1756676215
|move|p1b: Dragapult|Shadow Ball|p2b: Luca
|-damage|p2b: Luca|1/100 slp
|-ability|p2b: Luca|Stamina|boost
|-boost|p2b: Luca|def|1
|-damage|p1b: Dragapult|45/100|[from] item: Life Orb
|-curestatus|p2b: Luca|slp|[msg]
|move|p2b: Luca|Flash Cannon|p1b: Dragapult
|-damage|p1b: Dragapult|10/100
|move|p1a: Dondozo|Yawn|p2b: Luca
|-start|p2b: Luca|move: Yawn|[of] p1a: Dondozo
|
|-heal|p1a: Dondozo|36/100|[from] item: Leftovers
|upkeep
|turn|13
|
|t:|1756676229
|move|p1b: Dragapult|Shadow Ball|p2b: Luca
|-damage|p2b: Luca|0 fnt
|faint|p2b: Luca
|-damage|p1b: Dragapult|0 fnt|[from] item: Life Orb
|faint|p1b: Dragapult
|
|win|Tractie
|raw|Tractie's rating: 1243 → 1275(+32 for winning)
|raw|Cristante terabug's rating: 1341 → 1316(-25 for losing)
