|j|☆Advertisementish
|j|☆patata navidenya
|html|Advertisementishpatata navidenya    
|uhtml|bestof|Game 2 of a best-of-3
|t:|1756385936
|gametype|doubles
|player|p1|Advertisementish|n|1128
|player|p2|patata navidenya|cilan|1220
|gen|9
|tier|[Gen 9] VGC 2025 Reg H (Bo3)
|rated|
|rule|Species Clause: Limit one of each Pokémon
|rule|Item Clause: Limit 1 of each item
|clearpoke
|poke|p1|Incineroar, L50, M|
|poke|p1|Porygon2, L50|
|poke|p1|Yanmega, L50, F|
|poke|p1|Sneasler, L50, F|
|poke|p1|Ursaluna, L50, M|
|poke|p1|Archaludon, L50, F|
|poke|p2|Pelipper, L50, F|
|poke|p2|Archaludon, L50, F|
|poke|p2|Sinistcha, L50|
|poke|p2|Incineroar, L50, M|
|poke|p2|Dragonite, L50, M|
|poke|p2|Basculegion, L50, M|
|teampreview|4
|showteam|p1|Incineroar||SafetyGoggles|Intimidate|FakeOut,PartingShot,FlareBlitz,KnockOff|||M|||50|,,,,,Ghost]Porygon2||Eviolite|Download|Recover,IceBeam,TeraBlast,TrickRoom||||||50|,,,,,Flying]Yanmega||FocusSash|SpeedBoost|Detect,AirSlash,BugBuzz,Tailwind|||F|||50|,,,,,Ghost]Sneasler||WhiteHerb|Unburden|Protect,CloseCombat,ThroatChop,DireClaw|||F|||50|,,,,,Stellar]Ursaluna||FlameOrb|Guts|Protect,Earthquake,Facade,HeadlongRush|||M|||50|,,,,,Ghost]Archaludon||PowerHerb|Stalwart|Protect,ElectroShot,DragonPulse,Thunderbolt|||F|||50|,,,,,Electric
|showteam|p2|Pelipper||FocusSash|Drizzle|MuddyWater,Hurricane,WideGuard,Protect|||F|||50|,,,,,Ghost]Archaludon||AssaultVest|Stamina|FlashCannon,ElectroShot,BodyPress,Snarl|||F|||50|,,,,,Bug]Sinistcha||SitrusBerry|Hospitality|MatchaGotcha,RagePowder,LifeDew,TrickRoom||||||50|,,,,,Fire]Incineroar||SafetyGoggles|Intimidate|KnockOff,Taunt,PartingShot,FakeOut|||M|||50|,,,,,Ghost]Dragonite||LoadedDice|Multiscale|ScaleShot,Tailwind,Haze,Protect|||M|||50|,,,,,Fairy]Basculegion||LifeOrb|SwiftSwim|WaveCrash,AquaJet,LastRespects,Protect|||M|||50|,,,,,Water
|inactive|Battle timer is ON: inactive players will automatically lose when time's up. (requested by Advertisementish)
|inactive|patata navidenya also wants the timer to be on.
|inactive|patata navidenya has 60 seconds left.
|
|t:|1756385970
|teamsize|p1|4
|teamsize|p2|4
|start
|switch|p1a: Archaludon|Archaludon, L50, F, shiny|100/100
|switch|p1b: Yanmega|Yanmega, L50, F, shiny|100/100
|switch|p2a: Dragonite|Dragonite, L50, M|100/100
|switch|p2b: Archaludon|Archaludon, L50, F|100/100
|turn|1
|
|t:|1756385995
|-terastallize|p1a: Archaludon|Electric
|move|p1b: Yanmega|Tailwind|p1b: Yanmega
|-sidestart|p1: Advertisementish|move: Tailwind
|move|p1a: Archaludon|Electro Shot||[still]
|-prepare|p1a: Archaludon|Electro Shot
|-boost|p1a: Archaludon|spa|1
|-enditem|p1a: Archaludon|Power Herb
|-anim|p1a: Archaludon|Electro Shot|p2a: Dragonite
|-damage|p2a: Dragonite|48/100
|move|p2a: Dragonite|Scale Shot|p1b: Yanmega
|-damage|p1b: Yanmega|83/100
|-crit|p1b: Yanmega
|-damage|p1b: Yanmega|58/100
|-damage|p1b: Yanmega|41/100
|-damage|p1b: Yanmega|23/100
|-damage|p1b: Yanmega|8/100
|-hitcount|p1b: Yanmega|5
|-unboost|p2a: Dragonite|def|1
|-boost|p2a: Dragonite|spe|1
|move|p2b: Archaludon|Snarl|p1b: Yanmega|[spread] p1a,p1b
|-damage|p1a: Archaludon|84/100
|-damage|p1b: Yanmega|0 fnt
|-unboost|p1a: Archaludon|spa|1
|faint|p1b: Yanmega
|
|upkeep
|inactive|Advertisementish has 30 seconds left.
|
|t:|1756386021
|switch|p1b: Incineroar|Incineroar, L50, M|100/100
|-ability|p1b: Incineroar|Intimidate|boost
|-unboost|p2a: Dragonite|atk|1
|-unboost|p2b: Archaludon|atk|1
|turn|2
|
|t:|1756386042
|switch|p2a: Incineroar|Incineroar, L50, M|100/100
|-ability|p2a: Incineroar|Intimidate|boost
|-unboost|p1a: Archaludon|atk|1
|-unboost|p1b: Incineroar|atk|1
|move|p1a: Archaludon|Dragon Pulse|p2b: Archaludon
|-damage|p2b: Archaludon|63/100
|-ability|p2b: Archaludon|Stamina|boost
|-boost|p2b: Archaludon|def|1
|move|p1b: Incineroar|Knock Off|p2b: Archaludon
|-damage|p2b: Archaludon|51/100
|-ability|p2b: Archaludon|Stamina|boost
|-boost|p2b: Archaludon|def|1
|-enditem|p2b: Archaludon|Assault Vest|[from] move: Knock Off|[of] p1b: Incineroar
|move|p2b: Archaludon|Snarl|p1a: Archaludon|[spread] p1b
|-miss|p2b: Archaludon|p1a: Archaludon
|-resisted|p1b: Incineroar
|-damage|p1b: Incineroar|96/100
|-unboost|p1b: Incineroar|spa|1
|
|upkeep
|turn|3
|inactive|Advertisementish has 30 seconds left.
|
|t:|1756386067
|move|p1a: Archaludon|Protect|p1a: Archaludon
|-singleturn|p1a: Archaludon|Protect
|move|p2a: Incineroar|Fake Out|p1a: Archaludon
|-activate|p1a: Archaludon|move: Protect
|move|p1b: Incineroar|Parting Shot|p2b: Archaludon
|-unboost|p2b: Archaludon|atk|1
|-unboost|p2b: Archaludon|spa|1
|
|t:|1756386074
|switch|p1b: Sneasler|Sneasler, L50, F, shiny|100/100|[from] Parting Shot
|move|p2b: Archaludon|Body Press|p1b: Sneasler
|-resisted|p1b: Sneasler
|-crit|p1b: Sneasler
|-damage|p1b: Sneasler|41/100
|
|upkeep
|turn|4
|
|t:|1756386090
|switch|p2a: Sinistcha|Sinistcha, L50|100/100
|-heal|p2b: Archaludon|76/100|[from] ability: Hospitality|[of] p2a: Sinistcha
|-terastallize|p2b: Archaludon|Bug
|move|p1b: Sneasler|Close Combat|p2a: Sinistcha
|-immune|p2a: Sinistcha
|move|p1a: Archaludon|Dragon Pulse|p2b: Archaludon
|-damage|p2b: Archaludon|29/100
|-ability|p2b: Archaludon|Stamina|boost
|-boost|p2b: Archaludon|def|1
|move|p2b: Archaludon|Body Press|p1a: Archaludon
|-crit|p1a: Archaludon
|-damage|p1a: Archaludon|8/100
|
|-sideend|p1: Advertisementish|move: Tailwind
|upkeep
|turn|5
|inactive|patata navidenya has 30 seconds left.
|
|t:|1756386119
|switch|p2b: Incineroar|Incineroar, L50, M|100/100
|-ability|p2b: Incineroar|Intimidate|boost
|-unboost|p1a: Archaludon|atk|1
|-unboost|p1b: Sneasler|atk|1
|-enditem|p1b: Sneasler|White Herb
|-clearnegativeboost|p1b: Sneasler|[silent]
|move|p1b: Sneasler|Throat Chop|p2a: Sinistcha
|-supereffective|p2a: Sinistcha
|-damage|p2a: Sinistcha|49/100
|-start|p2a: Sinistcha|Throat Chop|[silent]
|-enditem|p2a: Sinistcha|Sitrus Berry|[eat]
|-heal|p2a: Sinistcha|74/100|[from] item: Sitrus Berry
|move|p1a: Archaludon|Dragon Pulse|p2b: Incineroar
|-damage|p2b: Incineroar|63/100
|move|p2a: Sinistcha|Matcha Gotcha|p1b: Sneasler|[spread] p1a,p1b
|-resisted|p1b: Sneasler
|-damage|p1a: Archaludon|0 fnt
|-heal|p2a: Sinistcha|77/100|[from] drain|[of] p1a: Archaludon
|-damage|p1b: Sneasler|24/100
|-heal|p2a: Sinistcha|85/100|[from] drain|[of] p1b: Sneasler
|faint|p1a: Archaludon
|
|upkeep
|
|t:|1756386139
|switch|p1a: Incineroar|Incineroar, L50, M|96/100
|-ability|p1a: Incineroar|Intimidate|boost
|-unboost|p2a: Sinistcha|atk|1
|-unboost|p2b: Incineroar|atk|1
|turn|6
|
|t:|1756386154
|switch|p2b: Archaludon|Archaludon, L50, F, tera:Bug|29/100
|move|p1b: Sneasler|Protect|p1b: Sneasler
|-singleturn|p1b: Sneasler|Protect
|move|p1a: Incineroar|Flare Blitz|p2a: Sinistcha
|-supereffective|p2a: Sinistcha
|-damage|p2a: Sinistcha|4/100
|-damage|p1a: Incineroar|71/100|[from] Recoil
|move|p2a: Sinistcha|Matcha Gotcha|p1a: Incineroar|[spread] p1a
|-activate|p1b: Sneasler|move: Protect
|-resisted|p1a: Incineroar
|-damage|p1a: Incineroar|60/100
|-heal|p2a: Sinistcha|11/100|[from] drain|[of] p1a: Incineroar
|
|-end|p2a: Sinistcha|Throat Chop|[silent]
|upkeep
|turn|7
|
|t:|1756386174
|switch|p2a: Incineroar|Incineroar, L50, M|63/100
|-ability|p2a: Incineroar|Intimidate|boost
|-unboost|p1a: Incineroar|atk|1
|-unboost|p1b: Sneasler|atk|1
|move|p1b: Sneasler|Throat Chop|p2a: Incineroar
|-resisted|p2a: Incineroar
|-damage|p2a: Incineroar|57/100
|-start|p2a: Incineroar|Throat Chop|[silent]
|move|p2b: Archaludon|Body Press|p1a: Incineroar
|-supereffective|p1a: Incineroar
|-damage|p1a: Incineroar|6/100
|move|p1a: Incineroar|Flare Blitz|p2b: Archaludon
|-supereffective|p2b: Archaludon
|-damage|p2b: Archaludon|0 fnt
|faint|p2b: Archaludon
|-damage|p1a: Incineroar|0 fnt|[from] Recoil
|faint|p1a: Incineroar
|
|upkeep
|
|t:|1756386194
|switch|p2b: Sinistcha|Sinistcha, L50|11/100
|-heal|p2a: Incineroar|82/100|[from] ability: Hospitality|[of] p2b: Sinistcha
|turn|8
|
|t:|1756386201
|move|p2a: Incineroar|Fake Out|p1b: Sneasler
|-damage|p1b: Sneasler|9/100
|cant|p1b: Sneasler|flinch
|move|p2b: Sinistcha|Trick Room|p2b: Sinistcha
|-fieldstart|move: Trick Room|[of] p2b: Sinistcha
|
|-end|p2a: Incineroar|Throat Chop|[silent]
|upkeep
|turn|9
|
|t:|1756386208
|move|p2a: Incineroar|Knock Off|p1b: Sneasler
|-resisted|p1b: Sneasler
|-damage|p1b: Sneasler|0 fnt
|faint|p1b: Sneasler
|
|win|patata navidenya
||Advertisementish is ready for game 3.
||patata navidenya is ready for game 3.
|uhtml|next|Next: Game 3 of 3
|l|☆Advertisementish
|player|p1|
