|j|☆punishedmelody
|j|☆phuc_lamvgc
|html|punishedmelodyphuc_lamvgc    
|uhtml|bestof|Game 2 of a best-of-3
|t:|1783740438
|gametype|doubles
|player|p1|punishedmelody|taunie|1088
|player|p2|phuc_lamvgc|miku-ghost|1067
|gen|9
|tier|[Gen 9 Champions] VGC 2026 Reg M-B (Bo3)
|rated|
|rule|Species Clause: Limit one of each Pokémon
|rule|Item Clause: Limit 1 of each item
|clearpoke
|poke|p1|Blaziken, L50, M, shiny|
|poke|p1|Venusaur, L50, M|
|poke|p1|Ninetales-Alola, L50, M|
|poke|p1|Lycanroc-Dusk, L50, F|
|poke|p1|Kingambit, L50, M, shiny|
|poke|p1|Basculegion, L50, M|
|poke|p2|Pyroar, L50, F, shiny|
|poke|p2|Scrafty, L50, M|
|poke|p2|Mamoswine, L50, M|
|poke|p2|Venusaur, L50, M|
|poke|p2|Torkoal, L50, M|
|poke|p2|Farigiraf, L50, M|
|teampreview|4
|showteam|p1|Blaziken||Blazikenite|SpeedBoost|FlareBlitz,CloseCombat,UpperHand,Detect|Adamant||M|||50|]Venusaur||Venusaurite|Overgrow|GigaDrain,SludgeBomb,EarthPower,Protect|Modest||M|||50|]Ninetales-Alola||NeverMeltIce|SnowWarning|Blizzard,FreezeDry,Encore,Protect|Timid||M|||50|]Lycanroc-Dusk||FocusSash|ToughClaws|Accelerock,RockSlide,CloseCombat,Protect|Adamant||F|||50|]Kingambit||LifeOrb|Defiant|KowtowCleave,SuckerPunch,IronHead,Protect|Adamant||M|||50|]Basculegion||ChoiceScarf|Adaptability|WaveCrash,AquaJet,LastRespects,FlipTurn|Jolly||M|||50|
|showteam|p2|Pyroar||Pyroarite|Unnerve|HeatWave,Overheat,SolarBeam,Protect|Timid||F|||50|]Scrafty||Scraftinite|Intimidate|KnockOff,DrainPunch,FakeOut,IcePunch|Brave||M|||50|]Mamoswine||FocusSash|Oblivious|HighHorsepower,RockSlide,IceShard,Protect|Jolly||M|||50|]Venusaur||LifeOrb|Chlorophyll|EnergyBall,SludgeBomb,EarthPower,Protect|Modest||M|||50|]Torkoal||Charcoal|Drought|Eruption,WeatherBall,HelpingHand,Protect|Quiet||M|||50|]Farigiraf||SitrusBerry|ArmorTail|Psychic,Thunderbolt,TrickRoom,HelpingHand|Bold||M|||50|
|
|t:|1783740507
|teamsize|p1|4
|teamsize|p2|4
|start
|switch|p1a: Senbonzagura|Venusaur, L50, M|100/100
|switch|p1b: La Muerte|Basculegion, L50, M|100/100
|switch|p2a: Scrafty|Scrafty, L50, M|100/100
|switch|p2b: Farigiraf|Farigiraf, L50, M|100/100
|-ability|p2a: Scrafty|Intimidate|boost
|-unboost|p1a: Senbonzagura|atk|1
|-unboost|p1b: La Muerte|atk|1
|turn|1
|
|t:|1783740524
|detailschange|p1a: Senbonzagura|Venusaur-Mega, L50, M
|-mega|p1a: Senbonzagura|Venusaur|Venusaurite
|detailschange|p2a: Scrafty|Scrafty-Mega, L50, M
|-mega|p2a: Scrafty|Scrafty|Scraftinite
|-ability|p2a: Scrafty|Intimidate|boost
|-unboost|p1a: Senbonzagura|atk|1
|-unboost|p1b: La Muerte|atk|1
|move|p1b: La Muerte|Wave Crash|p2b: Farigiraf
|-damage|p2b: Farigiraf|69/100
|-damage|p1b: La Muerte|88/100|[from] Recoil
|move|p1a: Senbonzagura|Giga Drain|p2b: Farigiraf
|-damage|p2b: Farigiraf|29/100
|-enditem|p2b: Farigiraf|Sitrus Berry|[eat]
|-heal|p2b: Farigiraf|54/100|[from] item: Sitrus Berry
|move|p2a: Scrafty|Drain Punch|p1b: La Muerte
|-immune|p1b: La Muerte
|move|p2b: Farigiraf|Trick Room|p2b: Farigiraf
|-fieldstart|move: Trick Room|[of] p2b: Farigiraf
|
|upkeep
|turn|2
|inactive|Battle timer is ON: inactive players will automatically lose when time's up. (requested by punishedmelody)
|
|t:|1783740538
|switch|p1b: Tensa Zangetsu|Kingambit, L50, M, shiny|100/100
|move|p2a: Scrafty|Knock Off|p1b: Tensa Zangetsu
|-resisted|p1b: Tensa Zangetsu|1
|-damage|p1b: Tensa Zangetsu|78/100
|-enditem|p1b: Tensa Zangetsu|Life Orb|[from] move: Knock Off|[of] p2a: Scrafty
|move|p2b: Farigiraf|Psychic|p1a: Senbonzagura
|-supereffective|p1a: Senbonzagura|1
|-damage|p1a: Senbonzagura|39/100
|move|p1a: Senbonzagura|Giga Drain|p2b: Farigiraf
|-damage|p2b: Farigiraf|15/100
|-heal|p1a: Senbonzagura|60/100|[from] drain|[of] p2b: Farigiraf
|
|upkeep
|turn|3
|
|t:|1783740549
|switch|p2b: Torkoal|Torkoal, L50, M|100/100
|-weather|SunnyDay|[from] ability: Drought|[of] p2b: Torkoal
|move|p1b: Tensa Zangetsu|Protect|p1b: Tensa Zangetsu
|-singleturn|p1b: Tensa Zangetsu|Protect
|move|p2a: Scrafty|Drain Punch|p1b: Tensa Zangetsu
|-activate|p1b: Tensa Zangetsu|move: Protect
|move|p1a: Senbonzagura|Giga Drain|p2b: Torkoal
|-resisted|p2b: Torkoal|1
|-crit|p2b: Torkoal
|-damage|p2b: Torkoal|62/100
|-heal|p1a: Senbonzagura|78/100|[from] drain|[of] p2b: Torkoal
|
|-weather|SunnyDay|[upkeep]
|upkeep
|turn|4
|
|t:|1783740558
|move|p1b: Tensa Zangetsu|Sucker Punch|p2b: Torkoal
|-damage|p2b: Torkoal|32/100
|move|p2b: Torkoal|Weather Ball|p1a: Senbonzagura
|-supereffective|p1a: Senbonzagura|1
|-damage|p1a: Senbonzagura|16/100
|move|p2a: Scrafty|Drain Punch|p1b: Tensa Zangetsu
|-supereffective|p1b: Tensa Zangetsu|2
|-damage|p1b: Tensa Zangetsu|0 fnt
|faint|p1b: Tensa Zangetsu
|move|p1a: Senbonzagura|Earth Power|p2b: Torkoal
|-supereffective|p2b: Torkoal|1
|-damage|p2b: Torkoal|0 fnt
|faint|p2b: Torkoal
|
|-weather|SunnyDay|[upkeep]
|upkeep
|
|t:|1783740569
|switch|p2b: Pyroar|Pyroar, L50, F, shiny|100/100
|switch|p1b: Sōō Zabimaru|Lycanroc-Dusk, L50, F|100/100
|-ability|p2b: Pyroar|Unnerve
|turn|5
|
|t:|1783740584
|move|p1a: Senbonzagura|Protect|p1a: Senbonzagura
|-singleturn|p1a: Senbonzagura|Protect
|move|p1b: Sōō Zabimaru|Protect|p1b: Sōō Zabimaru
|-singleturn|p1b: Sōō Zabimaru|Protect
|move|p2b: Pyroar|Protect|p2b: Pyroar
|-singleturn|p2b: Pyroar|Protect
|move|p2a: Scrafty|Knock Off|p1b: Sōō Zabimaru
|-activate|p1b: Sōō Zabimaru|move: Protect
|
|-weather|SunnyDay|[upkeep]
|-fieldend|move: Trick Room
|upkeep
|turn|6
|
|t:|1783740604
|move|p2b: Pyroar|Heat Wave|p1a: Senbonzagura|[spread] p1a,p1b
|-supereffective|p1a: Senbonzagura|1
|-resisted|p1b: Sōō Zabimaru|1
|-damage|p1a: Senbonzagura|0 fnt
|-damage|p1b: Sōō Zabimaru|55/100
|faint|p1a: Senbonzagura
|move|p1b: Sōō Zabimaru|Close Combat|p2a: Scrafty
|-supereffective|p2a: Scrafty|1
|-damage|p2a: Scrafty|15/100
|-unboost|p1b: Sōō Zabimaru|def|1
|-unboost|p1b: Sōō Zabimaru|spd|1
|move|p2a: Scrafty|Drain Punch|p1b: Sōō Zabimaru
|-supereffective|p1b: Sōō Zabimaru|1
|-damage|p1b: Sōō Zabimaru|0 fnt
|-heal|p2a: Scrafty|40/100|[from] drain|[of] p1b: Sōō Zabimaru
|faint|p1b: Sōō Zabimaru
|
|-weather|SunnyDay|[upkeep]
|upkeep
|
|t:|1783740609
|switch|p1b: La Muerte|Basculegion, L50, M|88/100
|turn|7
|
|t:|1783740622
|move|p1b: La Muerte|Wave Crash|p2a: Scrafty
|-damage|p2a: Scrafty|11/100
|-damage|p1b: La Muerte|80/100|[from] Recoil
|move|p2b: Pyroar|Solar Beam||[still]
|-prepare|p2b: Pyroar|Solar Beam
|-anim|p2b: Pyroar|Solar Beam|p1b: La Muerte
|-supereffective|p1b: La Muerte|1
|-damage|p1b: La Muerte|1/100
|move|p2a: Scrafty|Knock Off|p1b: La Muerte
|-supereffective|p1b: La Muerte|1
|-damage|p1b: La Muerte|0 fnt
|-enditem|p1b: La Muerte|Choice Scarf|[from] move: Knock Off|[of] p2a: Scrafty
|faint|p1b: La Muerte
|
|win|phuc_lamvgc
|raw|punishedmelody's rating: 1088 → 1063(-25 for losing)
|raw|phuc_lamvgc's rating: 1067 → 1099(+32 for winning)
