|j|☆miguelowned
|j|☆KChiefs7
|html|miguelownedKChiefs7    
|uhtml|bestof|Game 1 of a best-of-3
|t:|1757787930
|gametype|doubles
|player|p1|miguelowned|2|1268
|player|p2|KChiefs7|swimmer-gen4|1161
|gen|9
|tier|[Gen 9] VGC 2025 Reg H (Bo3)
|rated|
|rule|Species Clause: Limit one of each Pokémon
|rule|Item Clause: Limit 1 of each item
|clearpoke
|poke|p1|Gholdengo, L50|
|poke|p1|Incineroar, L50, F|
|poke|p1|Dragonite, L50, F|
|poke|p1|Ursaluna, L50, M|
|poke|p1|Annihilape, L50, F|
|poke|p1|Electabuzz, L50, M|
|poke|p2|Ursaluna, L50, M|
|poke|p2|Gholdengo, L50|
|poke|p2|Amoonguss, L50, M|
|poke|p2|Porygon2, L50|
|poke|p2|Incineroar, L50, M|
|poke|p2|Flamigo, L50, M|
|teampreview|4
|showteam|p1|Gholdengo||LifeOrb|GoodasGold|MakeItRain,ShadowBall,NastyPlot,Protect||||||50|,,,,,Water]Incineroar||AssaultVest|Intimidate|FakeOut,FlareBlitz,KnockOff,Uturn|||F|||50|,,,,,Grass]Dragonite||LoadedDice|Multiscale|ScaleShot,Haze,Tailwind,Protect|||F|||50|,,,,,Steel]Ursaluna||FlameOrb|Guts|Facade,HeadlongRush,Earthquake,Protect|||M|||50|,,,,,Ghost]Annihilape||SafetyGoggles|Defiant|Coaching,CloseCombat,RageFist,FinalGambit|||F|||50|,,,,,Steel]Electabuzz||Eviolite|VitalSpirit|Electroweb,Taunt,FollowMe,Protect|||M|||50|,,,,,Dragon
|showteam|p2|Ursaluna||FlameOrb|Guts|Facade,Earthquake,Substitute,Protect|||M|||50|,,,,,Ghost]Gholdengo||LifeOrb|GoodasGold|MakeItRain,ShadowBall,NastyPlot,Protect||||||50|,,,,,Steel]Amoonguss||SitrusBerry|Regenerator|RagePowder,Spore,PollenPuff,Protect|||M|||50|,,,,,Fairy]Porygon2||Eviolite|Download|Thunderbolt,IceBeam,Recover,TrickRoom||||||50|,,,,,Flying]Incineroar||AssaultVest|Intimidate|FlareBlitz,KnockOff,FakeOut,Uturn|||M|||50|,,,,,Grass]Flamigo||FocusSash|Scrappy|CloseCombat,BraveBird,WideGuard,Detect|||M|||50|,,,,,Stellar
|inactive|Battle timer is ON: inactive players will automatically lose when time's up. (requested by KChiefs7)
|inactive|miguelowned has 60 seconds left.
|inactive|KChiefs7 has 60 seconds left.
|inactive|miguelowned has 30 seconds left.
|inactive|miguelowned has 20 seconds left.
|
|t:|1757788004
|teamsize|p1|4
|teamsize|p2|4
|start
|switch|p1a: Gholdengo|Gholdengo, L50|100/100
|switch|p1b: Electabuzz|Electabuzz, L50, M|100/100
|switch|p2a: Ursaluna|Ursaluna, L50, M|100/100
|switch|p2b: Flamigo|Flamigo, L50, M|100/100
|turn|1
|inactive|miguelowned has 30 seconds left.
|inactive|KChiefs7 has 30 seconds left.
|inactive|miguelowned has 20 seconds left.
|inactive|miguelowned has 15 seconds left.
|
|t:|1757788045
|switch|p1b: Dragonite|Dragonite, L50, F|100/100
|-terastallize|p1a: Gholdengo|Water
|move|p2b: Flamigo|Wide Guard|p2b: Flamigo
|-singleturn|p2b: Flamigo|Wide Guard
|move|p1a: Gholdengo|Shadow Ball|p2b: Flamigo
|-damage|p2b: Flamigo|12/100
|-unboost|p2b: Flamigo|spd|1
|-damage|p1a: Gholdengo|91/100|[from] item: Life Orb
|move|p2a: Ursaluna|Substitute|p2a: Ursaluna
|-start|p2a: Ursaluna|Substitute
|-damage|p2a: Ursaluna|76/100
|
|-status|p2a: Ursaluna|brn|[from] item: Flame Orb
|upkeep
|turn|2
|inactive|miguelowned has 30 seconds left.
|inactive|KChiefs7 has 30 seconds left.
|inactive|miguelowned has 20 seconds left.
|inactive|KChiefs7 has 20 seconds left.
|inactive|KChiefs7 has 15 seconds left.
|
|t:|1757788090
|switch|p2b: Incineroar|Incineroar, L50, M, shiny|100/100
|-ability|p2b: Incineroar|Intimidate|boost
|-unboost|p1a: Gholdengo|atk|1
|-unboost|p1b: Dragonite|atk|1
|move|p1a: Gholdengo|Make It Rain|p2b: Incineroar|[spread] p2a,p2b
|-end|p2a: Ursaluna|Substitute
|-resisted|p2b: Incineroar
|-damage|p2b: Incineroar|80/100
|-unboost|p1a: Gholdengo|spa|1
|-damage|p1a: Gholdengo|81/100|[from] item: Life Orb
|move|p1b: Dragonite|Scale Shot|p2a: Ursaluna
|-damage|p2a: Ursaluna|68/100 brn
|-damage|p2a: Ursaluna|60/100 brn
|-damage|p2a: Ursaluna|53/100 brn
|-damage|p2a: Ursaluna|45/100 brn
|-damage|p2a: Ursaluna|37/100 brn
|-hitcount|p2a: Ursaluna|5
|-unboost|p1b: Dragonite|def|1
|-boost|p1b: Dragonite|spe|1
|move|p2a: Ursaluna|Facade|p1a: Gholdengo
|-damage|p1a: Gholdengo|0 fnt
|faint|p1a: Gholdengo
|
|-damage|p2a: Ursaluna|31/100 brn|[from] brn
|upkeep
|inactive|miguelowned has 30 seconds left.
|inactive|miguelowned has 20 seconds left.
|
|t:|1757788126
|switch|p1a: Ursaluna|Ursaluna, L50, M|100/100
|turn|3
|inactive|miguelowned has 30 seconds left.
|inactive|KChiefs7 has 30 seconds left.
|inactive|miguelowned has 20 seconds left.
|inactive|KChiefs7 has 20 seconds left.
|inactive|KChiefs7 has 15 seconds left.
|
|t:|1757788171
|switch|p2b: Porygon2|Porygon2, L50|100/100
|-ability|p2b: Porygon2|Download|boost
|-boost|p2b: Porygon2|atk|1
|move|p1a: Ursaluna|Protect|p1a: Ursaluna
|-singleturn|p1a: Ursaluna|Protect
|move|p2a: Ursaluna|Protect|p2a: Ursaluna
|-singleturn|p2a: Ursaluna|Protect
|move|p1b: Dragonite|Scale Shot|p2a: Ursaluna
|-activate|p2a: Ursaluna|move: Protect
|
|-damage|p2a: Ursaluna|26/100 brn|[from] brn
|-status|p1a: Ursaluna|brn|[from] item: Flame Orb
|upkeep
|turn|4
|inactive|KChiefs7 has 30 seconds left.
|
|t:|1757788198
|switch|p2a: Incineroar|Incineroar, L50, M, shiny|80/100
|-ability|p2a: Incineroar|Intimidate|boost
|-unboost|p1a: Ursaluna|atk|1
|-unboost|p1b: Dragonite|atk|1
|move|p1b: Dragonite|Haze|p1b: Dragonite
|-clearallboost
|move|p1a: Ursaluna|Earthquake|p2b: Porygon2|[spread] p2a,p2b
|-immune|p1b: Dragonite
|-supereffective|p2a: Incineroar
|-damage|p2a: Incineroar|0 fnt
|-damage|p2b: Porygon2|59/100
|faint|p2a: Incineroar
|move|p2b: Porygon2|Ice Beam|p1a: Ursaluna
|-supereffective|p1a: Ursaluna
|-damage|p1a: Ursaluna|45/100 brn
|
|-damage|p1a: Ursaluna|39/100 brn|[from] brn
|upkeep
|
|t:|1757788214
|switch|p2a: Flamigo|Flamigo, L50, M|12/100
|turn|5
|inactive|miguelowned has 30 seconds left.
|inactive|miguelowned has 20 seconds left.
|inactive|miguelowned has 15 seconds left.
|inactive|miguelowned has 10 seconds left.
|
|t:|1757788263
|move|p1a: Ursaluna|Protect|p1a: Ursaluna
|-singleturn|p1a: Ursaluna|Protect
|move|p2a: Flamigo|Close Combat|p1b: Dragonite
|-resisted|p1b: Dragonite
|-damage|p1b: Dragonite|82/100
|-unboost|p2a: Flamigo|def|1
|-unboost|p2a: Flamigo|spd|1
|move|p1b: Dragonite|Scale Shot|p2a: Flamigo
|-damage|p2a: Flamigo|0 fnt
|faint|p2a: Flamigo
|-hitcount|p2: Flamigo|1
|-unboost|p1b: Dragonite|def|1
|-boost|p1b: Dragonite|spe|1
|move|p2b: Porygon2|Trick Room|p2b: Porygon2
|-fieldstart|move: Trick Room|[of] p2b: Porygon2
|
|-damage|p1a: Ursaluna|33/100 brn|[from] brn
|upkeep
|
|t:|1757788271
|switch|p2a: Ursaluna|Ursaluna, L50, M|26/100 brn
|turn|6
|inactive|miguelowned has 30 seconds left.
|
|t:|1757788296
|move|p2a: Ursaluna|Facade|p1a: Ursaluna
|-damage|p1a: Ursaluna|0 fnt
|faint|p1a: Ursaluna
|move|p2b: Porygon2|Ice Beam|p1b: Dragonite
|-supereffective|p1b: Dragonite
|-damage|p1b: Dragonite|0 fnt
|faint|p1b: Dragonite
|
|-damage|p2a: Ursaluna|20/100 brn|[from] brn
|upkeep
|
|t:|1757788303
|switch|p1a: Electabuzz|Electabuzz, L50, M|100/100
|turn|7
|
|t:|1757788321
|move|p1a: Electabuzz|Follow Me|p1a: Electabuzz
|-singleturn|p1a: Electabuzz|move: Follow Me
|move|p2a: Ursaluna|Facade|p1a: Electabuzz
|-damage|p1a: Electabuzz|0 fnt
|faint|p1a: Electabuzz
|
|win|KChiefs7
||KChiefs7 is ready for game 2.
|inactive|miguelowned has 30 seconds to confirm battle start!
|l|☆miguelowned
|player|p1|
|inactive|miguelowned has 20 seconds to confirm battle start!
||miguelowned is ready for game 2.
|uhtml|next|Next: Game 2 of 3
