|j|☆heycoachitsnate
|j|☆vin_bird2003
|html|heycoachitsnatevin_bird2003    
|uhtml|bestof|Game 2 of a best-of-3
|t:|1785980738
|gametype|doubles
|player|p1|heycoachitsnate|n|1164
|player|p2|vin_bird2003|skyla|1232
|gen|9
|tier|[Gen 9 Champions] VGC 2026 Reg M-B (Bo3)
|rated|
|rule|Species Clause: Limit one of each Pokémon
|rule|Item Clause: Limit 1 of each item
|clearpoke
|poke|p1|Venusaur, L50, M|
|poke|p1|Charizard, L50, M|
|poke|p1|Garchomp, L50, M|
|poke|p1|Annihilape, L50, F|
|poke|p1|Incineroar, L50, M|
|poke|p1|Toxapex, L50, M|
|poke|p2|Espathra, L50, F|
|poke|p2|Raichu, L50, M|
|poke|p2|Whimsicott, L50, F|
|poke|p2|Kingambit, L50, F|
|poke|p2|Vanilluxe, L50, F|
|poke|p2|Archaludon, L50, F|
|teampreview|4
|showteam|p1|Venusaur||LifeOrb|Chlorophyll|SolarBeam,SludgeBomb,EarthPower,Protect|Modest||M|||50|]Charizard||CharizarditeY|Blaze|HeatWave,WeatherBall,HelpingHand,Protect|Modest||M|||50|]Garchomp||ChoiceScarf|RoughSkin|DragonClaw,Earthquake,RockSlide,StompingTantrum|Adamant||M|||50|]Annihilape||FocusSash|Defiant|PhantomForce,CloseCombat,RockTomb,Protect|Jolly||F|||50|]Incineroar||SitrusBerry|Intimidate|FakeOut,ThroatChop,FlareBlitz,PartingShot|Impish||M|||50|]Toxapex||Leftovers|Regenerator|Infestation,Toxic,BanefulBunker,WideGuard|Impish||M|||50|
|showteam|p2|Espathra||SitrusBerry|SpeedBoost|Protect,Reflect,LuminaCrash,Roost|Bold||F|||50|]Raichu||RaichuniteY|LightningRod|Protect,ZapCannon,FocusBlast,FakeOut|Timid||M|||50|]Whimsicott||FocusSash|Prankster|Protect,Tailwind,Moonblast,Tickle|Timid||F|||50|]Kingambit||LifeOrb|Defiant|Protect,KowtowCleave,SuckerPunch,IronHead|Adamant||F|||50|]Vanilluxe||NeverMeltIce|SnowWarning|Protect,IceShard,FreezeDry,Blizzard|Quiet||F|||50|]Archaludon||ChoiceScarf|Sturdy|DracoMeteor,FlashCannon,Snarl,AuraSphere|Modest||F|||50|
|inactive|Battle timer is ON: inactive players will automatically lose when time's up. (requested by vin_bird2003)
|
|t:|1785980762
|teamsize|p1|4
|teamsize|p2|4
|start
|switch|p1a: Venusaur|Venusaur, L50, M|100/100
|switch|p1b: Charizard|Charizard, L50, M|100/100
|switch|p2a: Whimsicott|Whimsicott, L50, F|100/100
|switch|p2b: Kingambit|Kingambit, L50, F|100/100
|turn|1
|
|t:|1785980787
|detailschange|p1b: Charizard|Charizard-Mega-Y, L50, M
|-mega|p1b: Charizard|Charizard|Charizardite Y
|-weather|SunnyDay|[from] ability: Drought|[of] p1b: Charizard
|move|p2b: Kingambit|Protect|p2b: Kingambit
|-singleturn|p2b: Kingambit|Protect
|move|p2a: Whimsicott|Tickle|p1a: Venusaur
|-unboost|p1a: Venusaur|atk|1
|-unboost|p1a: Venusaur|def|1
|move|p1a: Venusaur|Earth Power|p2b: Kingambit
|-activate|p2b: Kingambit|move: Protect
|move|p1b: Charizard|Heat Wave|p2a: Whimsicott|[spread] p2a
|-activate|p2b: Kingambit|move: Protect
|-supereffective|p2a: Whimsicott|1
|-enditem|p2a: Whimsicott|Focus Sash
|-damage|p2a: Whimsicott|1/100
|
|-weather|SunnyDay|[upkeep]
|upkeep
|turn|2
|
|t:|1785980801
|switch|p1a: Toxapex|Toxapex, L50, M|100/100
|switch|p2b: Vanilluxe|Vanilluxe, L50, F|100/100
|-weather|Snowscape|[from] ability: Snow Warning|[of] p2b: Vanilluxe
|move|p2a: Whimsicott|Tailwind|p2a: Whimsicott
|-sidestart|p2: vin_bird2003|move: Tailwind
|move|p1b: Charizard|Weather Ball|p2b: Vanilluxe
|-resisted|p2b: Vanilluxe|1
|-damage|p2b: Vanilluxe|79/100
|
|-weather|Snowscape|[upkeep]
|upkeep
|turn|3
|
|t:|1785980822
|move|p1b: Charizard|Protect|p1b: Charizard
|-singleturn|p1b: Charizard|Protect
|move|p2a: Whimsicott|Moonblast|p1b: Charizard
|-activate|p1b: Charizard|move: Protect
|move|p2b: Vanilluxe|Freeze-Dry|p1a: Toxapex
|-supereffective|p1a: Toxapex|1
|-damage|p1a: Toxapex|33/100
|move|p1a: Toxapex|Infestation|p2b: Vanilluxe
|-damage|p2b: Vanilluxe|76/100
|-activate|p2b: Vanilluxe|move: Infestation|[of] p1a: Toxapex
|
|-weather|Snowscape|[upkeep]
|-heal|p1a: Toxapex|39/100|[from] item: Leftovers
|-damage|p2b: Vanilluxe|64/100|[from] move: Infestation|[partiallytrapped]
|upkeep
|turn|4
|
|t:|1785980846
|switch|p2a: Raichu|Raichu, L50, M|100/100
|switch|p1b: Venusaur|Venusaur, L50, M|100/100
|move|p1a: Toxapex|Baneful Bunker|p1a: Toxapex
|-singleturn|p1a: Toxapex|move: Protect
|move|p2b: Vanilluxe|Freeze-Dry|p1a: Toxapex
|-activate|p1a: Toxapex|move: Protect
|
|-weather|Snowscape|[upkeep]
|-heal|p1a: Toxapex|45/100|[from] item: Leftovers
|-damage|p2b: Vanilluxe|51/100|[from] move: Infestation|[partiallytrapped]
|upkeep
|turn|5
|inactive|heycoachitsnate has 30 seconds left.
|inactive|vin_bird2003 has 30 seconds left.
|
|t:|1785980877
|-heal|p1a: Toxapex|78/100|[from] ability: Regenerator|[silent]
|switch|p1a: Charizard|Charizard-Mega-Y, L50, M|100/100
|-weather|SunnyDay|[from] ability: Drought|[of] p1a: Charizard
|detailschange|p2a: Raichu|Raichu-Mega-Y, L50, M
|-mega|p2a: Raichu|Raichu|Raichunite Y
|move|p2a: Raichu|Fake Out|p1b: Venusaur
|-damage|p1b: Venusaur|89/100
|cant|p1b: Venusaur|flinch
|move|p2b: Vanilluxe|Freeze-Dry|p1a: Charizard
|-damage|p1a: Charizard|63/100
|
|-weather|SunnyDay|[upkeep]
|-end|p2b: Vanilluxe|Infestation|[partiallytrapped]|[silent]
|-sideend|p2: vin_bird2003|move: Tailwind
|upkeep
|turn|6
|
|t:|1785980897
|switch|p1a: Garchomp|Garchomp, L50, M|100/100
|move|p2a: Raichu|Protect|p2a: Raichu
|-singleturn|p2a: Raichu|Protect
|move|p2b: Vanilluxe|Ice Shard|p1b: Venusaur
|-supereffective|p1b: Venusaur|1
|-damage|p1b: Venusaur|47/100
|move|p1b: Venusaur|Solar Beam||[still]
|-prepare|p1b: Venusaur|Solar Beam
|-anim|p1b: Venusaur|Solar Beam|p2b: Vanilluxe
|-damage|p2b: Vanilluxe|0 fnt
|faint|p2b: Vanilluxe
|-damage|p1b: Venusaur|38/100|[from] item: Life Orb
|
|-weather|SunnyDay|[upkeep]
|upkeep
|
|t:|1785980912
|switch|p2b: Whimsicott|Whimsicott, L50, F|1/100
|turn|7
|inactive|vin_bird2003 has 30 seconds left.
|
|t:|1785980946
|switch|p2a: Kingambit|Kingambit, L50, F|100/100
|move|p2b: Whimsicott|Tickle|p1a: Garchomp
|-unboost|p1a: Garchomp|atk|1
|-unboost|p1a: Garchomp|def|1
|move|p1b: Venusaur|Earth Power|p2a: Kingambit
|-supereffective|p2a: Kingambit|1
|-damage|p2a: Kingambit|9/100
|-damage|p1b: Venusaur|28/100|[from] item: Life Orb
|move|p1a: Garchomp|Rock Slide|p2b: Whimsicott|[spread] p2a
|-miss|p1a: Garchomp|p2b: Whimsicott
|-resisted|p2a: Kingambit|1
|-damage|p2a: Kingambit|3/100
|
|-weather|SunnyDay|[upkeep]
|upkeep
|turn|8
|inactive|heycoachitsnate has 30 seconds left.
|inactive|vin_bird2003 has 30 seconds left.
|inactive|vin_bird2003 has 20 seconds left.
|inactive|vin_bird2003 has 15 seconds left.
|inactive|vin_bird2003 has 10 seconds left.
|
|t:|1785980993
|move|p2b: Whimsicott|Tickle|p1a: Garchomp
|-unboost|p1a: Garchomp|atk|1
|-unboost|p1a: Garchomp|def|1
|move|p2a: Kingambit|Sucker Punch|p1a: Garchomp
|-damage|p1a: Garchomp|0 fnt
|-damage|p2a: Kingambit|0 fnt|[from] ability: Rough Skin|[of] p1a: Garchomp
|faint|p1a: Garchomp
|faint|p2a: Kingambit
|move|p1b: Venusaur|Earth Power|p2b: Whimsicott
|-resisted|p2b: Whimsicott|1
|-damage|p2b: Whimsicott|0 fnt
|faint|p2b: Whimsicott
|-damage|p1b: Venusaur|19/100|[from] item: Life Orb
|
|-weather|SunnyDay|[upkeep]
|upkeep
|
|t:|1785981002
|switch|p2b: Raichu|Raichu-Mega-Y, L50, M|100/100
|switch|p1a: Toxapex|Toxapex, L50, M|78/100
|turn|9
|
|t:|1785981024
|move|p2b: Raichu|Fake Out|p1b: Venusaur
|-damage|p1b: Venusaur|9/100
|cant|p1b: Venusaur|flinch
|move|p1a: Toxapex|Toxic|p2b: Raichu
|-status|p2b: Raichu|tox
|
|-weather|none
|-heal|p1a: Toxapex|84/100|[from] item: Leftovers
|-damage|p2b: Raichu|94/100 tox|[from] psn
|upkeep
|turn|10
|
|t:|1785981033
|move|p1b: Venusaur|Protect|p1b: Venusaur
|-singleturn|p1b: Venusaur|Protect
|move|p1a: Toxapex|Baneful Bunker|p1a: Toxapex
|-singleturn|p1a: Toxapex|move: Protect
|move|p2b: Raichu|Zap Cannon|p1a: Toxapex
|-activate|p1a: Toxapex|move: Protect
|
|-heal|p1a: Toxapex|89/100|[from] item: Leftovers
|-damage|p2b: Raichu|82/100 tox|[from] psn
|upkeep
|turn|11
|
|t:|1785981043
|-heal|p1a: Toxapex|100/100|[from] ability: Regenerator|[silent]
|switch|p1a: Charizard|Charizard-Mega-Y, L50, M|63/100
|-weather|SunnyDay|[from] ability: Drought|[of] p1a: Charizard
|move|p1b: Venusaur|Earth Power|p2b: Raichu
|-supereffective|p2b: Raichu|1
|-crit|p2b: Raichu
|-damage|p2b: Raichu|0 fnt
|faint|p2b: Raichu
|-damage|p1b: Venusaur|0 fnt|[from] item: Life Orb
|faint|p1b: Venusaur
|
|win|heycoachitsnate
||vin_bird2003 is ready for game 3.
