|j|☆MarceloCe13
|j|☆dont make me walk
|html|MarceloCe13dont make me walk    
|uhtml|bestof|Game 3 of a best-of-3
|t:|1755033942
|gametype|doubles
|player|p1|MarceloCe13|102|1238
|player|p2|dont make me walk|red-masters3|1275
|gen|9
|tier|[Gen 9] VGC 2025 Reg H (Bo3)
|rated|
|rule|Species Clause: Limit one of each Pokémon
|rule|Item Clause: Limit 1 of each item
|clearpoke
|poke|p1|Gholdengo, L50|
|poke|p1|Amoonguss, L50, M|
|poke|p1|Basculegion, L50, M|
|poke|p1|Pelipper, L50, M|
|poke|p1|Incineroar, L50, M|
|poke|p1|Archaludon, L50, F|
|poke|p2|Murkrow, L50, F|
|poke|p2|Indeedee-F, L50, F|
|poke|p2|Ursaluna-Bloodmoon, L50, M|
|poke|p2|Armarouge, L50, M|
|poke|p2|Gholdengo, L50|
|poke|p2|Annihilape, L50, M|
|teampreview|4
|showteam|p1|Gholdengo||LifeOrb|GoodasGold|MakeItRain,ShadowBall,NastyPlot,Protect||||||50|,,,,,Water]Amoonguss||SitrusBerry|Regenerator|Spore,RagePowder,PollenPuff,Protect|||M|||50|,,,,,Water]Basculegion||ChoiceBand|SwiftSwim|WaveCrash,FlipTurn,LastRespects,AquaJet|||M|||50|,,,,,Water]Pelipper||FocusSash|Drizzle|WeatherBall,Hurricane,Tailwind,Protect|||M|||50|,,,,,Ground]Incineroar||SafetyGoggles|Intimidate|FlareBlitz,KnockOff,PartingShot,FakeOut|||M|||50|,,,,,Ghost]Archaludon||AssaultVest|Stamina|ElectroShot,FlashCannon,DracoMeteor,BodyPress|||F|||50|,,,,,Bug
|showteam|p2|Murkrow||Eviolite|Prankster|Tailwind,FoulPlay,Haze,SunnyDay|||F|||50|,,,,,Ghost]Indeedee-F||RockyHelmet|PsychicSurge|FollowMe,TrickRoom,HelpingHand,Psychic|||F|||50|,,,,,Fairy]Ursaluna-Bloodmoon||LifeOrb|MindsEye|Protect,EarthPower,HyperVoice,BloodMoon|||M|||50|,,,,,Normal]Armarouge||PowerHerb|FlashFire|TrickRoom,MeteorBeam,HeatWave,ExpandingForce|||M|||50|,,,,,Grass]Gholdengo||ChoiceSpecs|GoodasGold|MakeItRain,ShadowBall,Thunderbolt,Trick||||||50|,,,,,Steel]Annihilape||SafetyGoggles|Defiant|Protect,BulkUp,RageFist,DrainPunch|||M|||50|,,,,,Fire
|inactive|Battle timer is ON: inactive players will automatically lose when time's up. (requested by dont make me walk)
|
|t:|1755033952
|teamsize|p1|4
|teamsize|p2|4
|start
|switch|p1a: Basculegion|Basculegion, L50, M|100/100
|switch|p1b: Archaludon|Archaludon, L50, F|100/100
|switch|p2a: Murkrow|Murkrow, L50, F, shiny|100/100
|switch|p2b: Ursaluna|Ursaluna-Bloodmoon, L50, M|100/100
|turn|1
|
|t:|1755033978
|-terastallize|p2b: Ursaluna|Normal
|move|p2a: Murkrow|Tailwind|p2a: Murkrow
|-sidestart|p2: dont make me walk|move: Tailwind
|move|p2b: Ursaluna|Blood Moon|p1a: Basculegion
|-damage|p1a: Basculegion|0 fnt
|faint|p1a: Basculegion
|-damage|p2b: Ursaluna|91/100|[from] item: Life Orb
|move|p1b: Archaludon|Electro Shot||[still]
|-prepare|p1b: Archaludon|Electro Shot
|-boost|p1b: Archaludon|spa|1
|
|upkeep
|inactive|MarceloCe13 has 30 seconds left.
|
|t:|1755034005
|switch|p1a: Pelipper|Pelipper, L50, M|100/100
|-weather|RainDance|[from] ability: Drizzle|[of] p1a: Pelipper
|turn|2
|
|t:|1755034014
|move|p2a: Murkrow|Haze|p2a: Murkrow
|-clearallboost
|move|p2b: Ursaluna|Earth Power|p1b: Archaludon
|-supereffective|p1b: Archaludon
|-damage|p1b: Archaludon|0 fnt
|faint|p1b: Archaludon
|-damage|p2b: Ursaluna|81/100|[from] item: Life Orb
|move|p1a: Pelipper|Tailwind|p1a: Pelipper
|-sidestart|p1: MarceloCe13|move: Tailwind
|
|-weather|RainDance|[upkeep]
|upkeep
|
|t:|1755034022
|switch|p1b: Gholdengo|Gholdengo, L50|100/100
|turn|3
|inactive|MarceloCe13 has 30 seconds left.
|inactive|dont make me walk has 30 seconds left.
|
|t:|1755034057
|switch|p2a: Indeedee|Indeedee-F, L50, F|100/100
|-fieldstart|move: Psychic Terrain|[from] ability: Psychic Surge|[of] p2a: Indeedee
|move|p2b: Ursaluna|Protect|p2b: Ursaluna
|-singleturn|p2b: Ursaluna|Protect
|move|p1b: Gholdengo|Shadow Ball|p2a: Indeedee
|-immune|p2a: Indeedee
|move|p1a: Pelipper|Weather Ball|p2b: Ursaluna
|-activate|p2b: Ursaluna|move: Protect
|
|-weather|RainDance|[upkeep]
|upkeep
|turn|4
|inactive|MarceloCe13 has 30 seconds left.
|
|t:|1755034085
|-terastallize|p1b: Gholdengo|Water
|move|p2a: Indeedee|Follow Me|p2a: Indeedee
|-singleturn|p2a: Indeedee|move: Follow Me
|move|p1b: Gholdengo|Make It Rain|p2b: Ursaluna|[spread] p2a,p2b
|-damage|p2a: Indeedee|42/100
|-damage|p2b: Ursaluna|14/100
|-unboost|p1b: Gholdengo|spa|1
|-damage|p1b: Gholdengo|91/100|[from] item: Life Orb
|move|p1a: Pelipper|Weather Ball|p2a: Indeedee
|-damage|p2a: Indeedee|0 fnt
|faint|p2a: Indeedee
|move|p2b: Ursaluna|Hyper Voice|p1a: Pelipper|[spread] p1a,p1b
|-enditem|p1a: Pelipper|Focus Sash
|-damage|p1a: Pelipper|1/100
|-damage|p1b: Gholdengo|17/100
|-damage|p2b: Ursaluna|4/100|[from] item: Life Orb
|
|-weather|RainDance|[upkeep]
|-sideend|p2: dont make me walk|move: Tailwind
|upkeep
|
|t:|1755034092
|switch|p2a: Murkrow|Murkrow, L50, F, shiny|100/100
|turn|5
|inactive|MarceloCe13 has 30 seconds left.
|inactive|MarceloCe13 has 20 seconds left.
|inactive|MarceloCe13 has 15 seconds left.
|
|t:|1755034132
|move|p2b: Ursaluna|Protect|p2b: Ursaluna
|-singleturn|p2b: Ursaluna|Protect
|move|p2a: Murkrow|Tailwind|p2a: Murkrow
|-sidestart|p2: dont make me walk|move: Tailwind
|move|p1b: Gholdengo|Nasty Plot|p1b: Gholdengo
|-boost|p1b: Gholdengo|spa|2
|move|p1a: Pelipper|Hurricane|p2a: Murkrow
|-damage|p2a: Murkrow|47/100
|
|-weather|RainDance|[upkeep]
|-sideend|p1: MarceloCe13|move: Tailwind
|upkeep
|turn|6
|inactive|MarceloCe13 has 30 seconds left.
|
|t:|1755034159
|move|p1b: Gholdengo|Protect|p1b: Gholdengo
|-singleturn|p1b: Gholdengo|Protect
|move|p1a: Pelipper|Protect|p1a: Pelipper
|-singleturn|p1a: Pelipper|Protect
|move|p2a: Murkrow|Haze|p2a: Murkrow
|-clearallboost
|move|p2b: Ursaluna|Hyper Voice|p1b: Gholdengo|[spread] 
|-activate|p1a: Pelipper|move: Protect
|-activate|p1b: Gholdengo|move: Protect
|
|-weather|none
|upkeep
|turn|7
|
|t:|1755034172
|move|p2a: Murkrow|Foul Play|p1b: Gholdengo
|-damage|p1b: Gholdengo|0 fnt
|faint|p1b: Gholdengo
|move|p2b: Ursaluna|Hyper Voice|p1a: Pelipper
|-damage|p1a: Pelipper|0 fnt
|faint|p1a: Pelipper
|-damage|p2b: Ursaluna|0 fnt|[from] item: Life Orb
|faint|p2b: Ursaluna
|
|win|dont make me walk
|raw|MarceloCe13's rating: 1238 → 1216(-22 for losing)
|raw|dont make me walk's rating: 1275 → 1297(+22 for winning)
|l|☆MarceloCe13
|player|p1|
