|j|☆egopegolegotego
|j|☆BestDefense
|html|egopegolegotegoBestDefense    
|uhtml|bestof|Game 3 of a best-of-3
|t:|1784216820
|gametype|doubles
|player|p1|egopegolegotego|hooligans|1117
|player|p2|BestDefense|170|1080
|gen|9
|tier|[Gen 9 Champions] VGC 2026 Reg M-B (Bo3)
|rated|
|rule|Species Clause: Limit one of each Pokémon
|rule|Item Clause: Limit 1 of each item
|clearpoke
|poke|p1|Tyranitar, L50, M|
|poke|p1|Excadrill, L50, M|
|poke|p1|Corviknight, L50, M|
|poke|p1|Garchomp, L50, F|
|poke|p1|Sinistcha, L50|
|poke|p1|Basculegion, L50, M|
|poke|p2|Banette, L50, M, shiny|
|poke|p2|Blastoise, L50, M, shiny|
|poke|p2|Incineroar, L50, M, shiny|
|poke|p2|Farigiraf, L50, M, shiny|
|poke|p2|Kommo-o, L50, F, shiny|
|poke|p2|Whimsicott, L50, M, shiny|
|teampreview|4
|showteam|p1|Tyranitar||Tyranitarite|SandStream|RockSlide,KnockOff,DragonDance,Protect|Adamant||M|||50|]Excadrill||FocusSash|SandRush|IronHead,Earthquake,RockSlide,Protect|Adamant||M|||50|]Corviknight||Leftovers|MirrorArmor|BraveBird,IronHead,Roost,Protect|Careful||M|||50|]Garchomp||LifeOrb|RoughSkin|DragonClaw,Earthquake,StompingTantrum,Protect|Adamant||F|||50|]Sinistcha||KasibBerry|Hospitality|RagePowder,MatchaGotcha,TrickRoom,Protect|Relaxed|||||50|]Basculegion||ChoiceScarf|Adaptability|LastRespects,FlipTurn,WaveCrash,IceFang|Jolly||M|||50|
|showteam|p2|Banette||Banettite|Insomnia|GunkShot,ShadowSneak,PsychUp,WillOWisp|Impish||M|||50|]Blastoise||Blastoisinite|Torrent|WaterSpout,AuraSphere,IceBeam,Protect|Modest||M|||50|]Incineroar||SitrusBerry|Intimidate|FakeOut,FlareBlitz,DarkestLariat,PartingShot|Careful||M|||50|]Farigiraf||ColburBerry|ArmorTail|TwinBeam,Thunderbolt,TrickRoom,Protect|Modest||M|||50|]Kommo-o||Leftovers|Soundproof|DrainPunch,IronHead,ClangorousSoul,Protect|Adamant||F|||50|]Whimsicott||FocusSash|Prankster|Moonblast,Tailwind,Encore,Endeavor|Timid||M|||50|
|inactive|Battle timer is ON: inactive players will automatically lose when time's up. (requested by BestDefense)
|
|t:|1784216850
|teamsize|p1|4
|teamsize|p2|4
|start
|switch|p1a: Corviknight|Corviknight, L50, M|100/100
|switch|p1b: Tyranitar|Tyranitar, L50, M|100/100
|switch|p2a: Incineroar|Incineroar, L50, M, shiny|100/100
|switch|p2b: Whimsicott|Whimsicott, L50, M, shiny|100/100
|-ability|p2a: Incineroar|Intimidate|boost
|-ability|p1a: Corviknight|Mirror Armor
|-unboost|p2a: Incineroar|atk|1
|-unboost|p1b: Tyranitar|atk|1
|-weather|Sandstorm|[from] ability: Sand Stream|[of] p1b: Tyranitar
|turn|1
|inactive|egopegolegotego has 30 seconds left.
|inactive|BestDefense has 30 seconds left.
|
|t:|1784216883
|detailschange|p1b: Tyranitar|Tyranitar-Mega, L50, M
|-mega|p1b: Tyranitar|Tyranitar|Tyranitarite
|move|p2a: Incineroar|Fake Out|p1b: Tyranitar
|-resisted|p1b: Tyranitar|1
|-damage|p1b: Tyranitar|97/100
|move|p2b: Whimsicott|Tailwind|p2b: Whimsicott
|-sidestart|p2: BestDefense|move: Tailwind
|cant|p1b: Tyranitar|flinch
|move|p1a: Corviknight|Iron Head|p2b: Whimsicott
|-supereffective|p2b: Whimsicott|1
|-damage|p2b: Whimsicott|32/100
|
|-weather|Sandstorm|[upkeep]
|-damage|p2b: Whimsicott|27/100|[from] Sandstorm
|-damage|p2a: Incineroar|94/100|[from] Sandstorm
|upkeep
|turn|2
|inactive|egopegolegotego has 30 seconds left.
|inactive|egopegolegotego has 20 seconds left.
|inactive|egopegolegotego has 15 seconds left.
|
|t:|1784216927
|move|p1b: Tyranitar|Protect|p1b: Tyranitar
|-singleturn|p1b: Tyranitar|Protect
|move|p2b: Whimsicott|Endeavor|p1a: Corviknight
|-damage|p1a: Corviknight|18/100
|move|p2a: Incineroar|Flare Blitz|p1a: Corviknight
|-supereffective|p1a: Corviknight|1
|-damage|p1a: Corviknight|0 fnt
|faint|p1a: Corviknight
|-damage|p2a: Incineroar|88/100|[from] Recoil
|
|-weather|Sandstorm|[upkeep]
|-damage|p2b: Whimsicott|21/100|[from] Sandstorm
|-damage|p2a: Incineroar|82/100|[from] Sandstorm
|upkeep
|inactive|egopegolegotego has 30 seconds left.
|inactive|egopegolegotego has 20 seconds left.
|inactive|egopegolegotego has 15 seconds left.
|inactive|egopegolegotego has 10 seconds left.
|inactive|egopegolegotego has 5 seconds left.
|
|t:|1784216977
|switch|p1a: Basculegion|Basculegion, L50, M|100/100
|turn|3
|inactive|egopegolegotego has 30 seconds left.
|
|t:|1784217003
|switch|p2a: Kommo-o|Kommo-o, L50, F, shiny|100/100
|move|p2b: Whimsicott|Endeavor|p1b: Tyranitar
|-damage|p1b: Tyranitar|14/100
|move|p1a: Basculegion|Wave Crash|p2a: Kommo-o
|-resisted|p2a: Kommo-o|1
|-damage|p2a: Kommo-o|63/100
|-damage|p1a: Basculegion|90/100|[from] Recoil
|move|p1b: Tyranitar|Rock Slide|p2a: Kommo-o|[spread] p2a,p2b
|-resisted|p2a: Kommo-o|1
|-damage|p2a: Kommo-o|54/100
|-damage|p2b: Whimsicott|0 fnt
|faint|p2b: Whimsicott
|
|-weather|Sandstorm|[upkeep]
|-damage|p2a: Kommo-o|47/100|[from] Sandstorm
|-damage|p1a: Basculegion|84/100|[from] Sandstorm
|-heal|p2a: Kommo-o|54/100|[from] item: Leftovers
|upkeep
|
|t:|1784217009
|switch|p2b: Incineroar|Incineroar, L50, M, shiny|82/100
|-ability|p2b: Incineroar|Intimidate|boost
|-unboost|p1a: Basculegion|atk|1
|-unboost|p1b: Tyranitar|atk|1
|turn|4
|inactive|egopegolegotego has 30 seconds left.
|inactive|egopegolegotego has 20 seconds left.
|inactive|egopegolegotego has 15 seconds left.
|inactive|egopegolegotego has 10 seconds left.
|
|t:|1784217060
|move|p2a: Kommo-o|Drain Punch|p1b: Tyranitar
|-supereffective|p1b: Tyranitar|2
|-damage|p1b: Tyranitar|0 fnt
|-heal|p2a: Kommo-o|63/100|[from] drain|[of] p1b: Tyranitar
|faint|p1b: Tyranitar
|move|p1a: Basculegion|Wave Crash|p2b: Incineroar
|-supereffective|p2b: Incineroar|1
|-damage|p2b: Incineroar|0 fnt
|faint|p2b: Incineroar
|-damage|p1a: Basculegion|57/100|[from] Recoil
|
|-weather|Sandstorm|[upkeep]
|-damage|p2a: Kommo-o|57/100|[from] Sandstorm
|-damage|p1a: Basculegion|51/100|[from] Sandstorm
|-heal|p2a: Kommo-o|63/100|[from] item: Leftovers
|-sideend|p2: BestDefense|move: Tailwind
|upkeep
|
|t:|1784217067
|switch|p1b: Garchomp|Garchomp, L50, F|100/100
|switch|p2b: Blastoise|Blastoise, L50, M, shiny|100/100
|turn|5
|inactive|egopegolegotego has 30 seconds left.
|inactive|egopegolegotego has 20 seconds left.
|inactive|egopegolegotego has 15 seconds left.
|inactive|egopegolegotego has 10 seconds left.
|inactive|egopegolegotego has 5 seconds left.
|
|t:|1784217119
|detailschange|p2b: Blastoise|Blastoise-Mega, L50, M, shiny
|-mega|p2b: Blastoise|Blastoise|Blastoisinite
|move|p1a: Basculegion|Wave Crash|p2b: Blastoise
|-resisted|p2b: Blastoise|1
|-damage|p2b: Blastoise|77/100
|-damage|p1a: Basculegion|44/100|[from] Recoil
|move|p1b: Garchomp|Stomping Tantrum|p2b: Blastoise
|-damage|p2b: Blastoise|28/100
|-damage|p1b: Garchomp|90/100|[from] item: Life Orb
|move|p2a: Kommo-o|Clangorous Soul|p2a: Kommo-o
|-boost|p2a: Kommo-o|atk|1
|-boost|p2a: Kommo-o|def|1
|-boost|p2a: Kommo-o|spa|1
|-boost|p2a: Kommo-o|spd|1
|-boost|p2a: Kommo-o|spe|1
|-damage|p2a: Kommo-o|30/100
|move|p2b: Blastoise|Ice Beam|p1b: Garchomp
|-supereffective|p1b: Garchomp|2
|-damage|p1b: Garchomp|0 fnt
|faint|p1b: Garchomp
|
|-weather|none
|-heal|p2a: Kommo-o|36/100|[from] item: Leftovers
|upkeep
|turn|6
|inactive|egopegolegotego has 30 seconds left.
|inactive|egopegolegotego has 20 seconds left.
|
|t:|1784217158
|move|p2a: Kommo-o|Protect|p2a: Kommo-o
|-singleturn|p2a: Kommo-o|Protect
|move|p2b: Blastoise|Protect|p2b: Blastoise
|-singleturn|p2b: Blastoise|Protect
|move|p1a: Basculegion|Wave Crash|p2b: Blastoise
|-activate|p2b: Blastoise|move: Protect
|
|-heal|p2a: Kommo-o|42/100|[from] item: Leftovers
|upkeep
|turn|7
|
|t:|1784217172
|move|p1a: Basculegion|Wave Crash|p2b: Blastoise
|-resisted|p2b: Blastoise|1
|-damage|p2b: Blastoise|6/100
|-damage|p1a: Basculegion|38/100|[from] Recoil
|move|p2a: Kommo-o|Iron Head|p1a: Basculegion
|-resisted|p1a: Basculegion|1
|-damage|p1a: Basculegion|14/100
|move|p2b: Blastoise|Ice Beam|p1a: Basculegion
|-resisted|p1a: Basculegion|1
|-damage|p1a: Basculegion|0 fnt
|faint|p1a: Basculegion
|
|win|BestDefense
|raw|egopegolegotego's rating: 1117 → 1089(-28 for losing)
|raw|BestDefense's rating: 1080 → 1111(+31 for winning)
|c|☆BestDefense|ggwp
|c|☆egopegolegotego|tu raza
|c|☆BestDefense|African American
|c|☆egopegolegotego|riga
|c|☆egopegolegotego|im from riga
|c|☆egopegolegotego|nice capital
|c|☆BestDefense|oh latvia right?
|c|☆BestDefense|nice
|c|☆egopegolegotego|nice tus muertos
|c|☆egopegolegotego|go to google translate
|l|☆egopegolegotego
|player|p1|
