|j|☆RegiSIXSEVEN
|j|☆JvinsVGC
|html|RegiSIXSEVENJvinsVGC    
|uhtml|bestof|Game 2 of a best-of-3
|t:|1782414073
|gametype|doubles
|player|p1|RegiSIXSEVEN|steven|1120
|player|p2|JvinsVGC|102|1221
|gen|9
|tier|[Gen 9 Champions] VGC 2026 Reg M-B (Bo3)
|rated|
|rule|Species Clause: Limit one of each Pokémon
|rule|Item Clause: Limit 1 of each item
|clearpoke
|poke|p1|Dragalge, L50, F, shiny|
|poke|p1|Farigiraf, L50, F, shiny|
|poke|p1|Staraptor, L50, F, shiny|
|poke|p1|Grimmsnarl, L50, M, shiny|
|poke|p1|Kingambit, L50, F, shiny|
|poke|p1|Kangaskhan, L50, F, shiny|
|poke|p2|Staraptor, L50, F|
|poke|p2|Grimmsnarl, L50, M|
|poke|p2|Arcanine-Hisui, L50, F|
|poke|p2|Garchomp, L50, M|
|poke|p2|Gholdengo, L50|
|poke|p2|Maushold-Four, L50|
|teampreview|4
|showteam|p1|Dragalge||Dragalgite|Adaptability|SludgeBomb,DracoMeteor,FlipTurn,HydroPump|Quiet||F|||50|]Farigiraf||ColburBerry|ArmorTail|Psychic,TrickRoom,HelpingHand,Protect|Calm||F|||50|]Staraptor||ChoiceScarf|Intimidate|FinalGambit,CloseCombat,DualWingbeat,Uturn|Adamant||F|||50|]Grimmsnarl||LightClay|Prankster|SpiritBreak,Reflect,PartingShot,FoulPlay|Careful||M|||50|]Kingambit||BlackGlasses|Defiant|KowtowCleave,SuckerPunch,SwordsDance,Protect|Adamant||F|||50|]Kangaskhan||Kangaskhanite|Scrappy|FakeOut,DoubleEdge,DrainPunch,IcePunch|Adamant||F|||50|
|showteam|p2|Staraptor||Staraptite|Intimidate|CloseCombat,BraveBird,Tailwind,Roost|Adamant||F|||50|]Grimmsnarl||LightClay|Prankster|LightScreen,Reflect,SpiritBreak,PartingShot|Careful||M|||50|]Arcanine-Hisui||HardStone|RockHead|FlareBlitz,RockSlide,HeadSmash,Protect|Adamant||F|||50|]Garchomp||LifeOrb|RoughSkin|Earthquake,DragonClaw,SwordsDance,Protect|Adamant||M|||50|]Gholdengo||SitrusBerry|GoodasGold|MakeItRain,ShadowBall,NastyPlot,Protect|Modest|||||50|]Maushold-Four||FocusSash|FriendGuard|FollowMe,SuperFang,Charm,Protect|Timid|||||50|
|inactive|Battle timer is ON: inactive players will automatically lose when time's up. (requested by RegiSIXSEVEN)
|inactive|JvinsVGC has 60 seconds left.
|
|t:|1782414127
|teamsize|p1|4
|teamsize|p2|4
|start
|switch|p1a: Staraptor|Staraptor, L50, F, shiny|100/100
|switch|p1b: Farigiraf|Farigiraf, L50, F, shiny|100/100
|switch|p2a: Gholdengo|Gholdengo, L50|100/100
|switch|p2b: Maushold|Maushold-Four, L50|100/100
|-ability|p1a: Staraptor|Intimidate|boost
|-unboost|p2a: Gholdengo|atk|1
|-unboost|p2b: Maushold|atk|1
|turn|1
|
|t:|1782414144
|move|p1a: Staraptor|Final Gambit|p2b: Maushold
|-enditem|p2b: Maushold|Focus Sash
|-damage|p2b: Maushold|1/100
|faint|p1a: Staraptor
|move|p2b: Maushold|Super Fang|p1b: Farigiraf|[miss]
|-miss|p2b: Maushold|p1b: Farigiraf
|move|p2a: Gholdengo|Make It Rain|p1b: Farigiraf
|-damage|p1b: Farigiraf|46/100
|-unboost|p2a: Gholdengo|spa|2
|move|p1b: Farigiraf|Trick Room|p1b: Farigiraf
|-fieldstart|move: Trick Room|[of] p1b: Farigiraf
|
|upkeep
|
|t:|1782414148
|switch|p1a: Kingambit|Kingambit, L50, F, shiny|100/100
|turn|2
|
|t:|1782414169
|switch|p2a: Staraptor|Staraptor, L50, F|100/100
|-ability|p2a: Staraptor|Intimidate|boost
|-unboost|p1a: Kingambit|atk|1
|-ability|p1a: Kingambit|Defiant|boost
|-boost|p1a: Kingambit|atk|2
|-unboost|p1b: Farigiraf|atk|1
|move|p2b: Maushold|Protect|p2b: Maushold
|-singleturn|p2b: Maushold|Protect
|move|p1a: Kingambit|Swords Dance|p1a: Kingambit
|-boost|p1a: Kingambit|atk|2
|move|p1b: Farigiraf|Psychic|p2b: Maushold
|-activate|p2b: Maushold|move: Protect
|
|upkeep
|turn|3
|inactive|JvinsVGC has 30 seconds left.
|
|t:|1782414195
|detailschange|p2a: Staraptor|Staraptor-Mega, L50, F
|-mega|p2a: Staraptor|Staraptor|Staraptite
|move|p1a: Kingambit|Protect|p1a: Kingambit
|-singleturn|p1a: Kingambit|Protect
|move|p2b: Maushold|Follow Me|p2b: Maushold
|-singleturn|p2b: Maushold|move: Follow Me
|move|p1b: Farigiraf|Psychic|p2b: Maushold
|-damage|p2b: Maushold|0 fnt
|faint|p2b: Maushold
|move|p2a: Staraptor|Close Combat|p1b: Farigiraf
|-damage|p1b: Farigiraf|0 fnt
|-boost|p2a: Staraptor|def|1
|-boost|p2a: Staraptor|spd|1
|faint|p1b: Farigiraf
|
|upkeep
|
|t:|1782414215
|switch|p1b: Kangaskhan|Kangaskhan, L50, F, shiny|100/100
|switch|p2b: Garchomp|Garchomp, L50, M|100/100
|turn|4
|
|t:|1782414240
|detailschange|p1b: Kangaskhan|Kangaskhan-Mega, L50, F, shiny
|-mega|p1b: Kangaskhan|Kangaskhan|Kangaskhanite
|move|p1b: Kangaskhan|Fake Out|p2a: Staraptor
|-damage|p2a: Staraptor|85/100
|-damage|p2a: Staraptor|82/100
|-hitcount|p2a: Staraptor|2
|move|p1a: Kingambit|Kowtow Cleave|p2b: Garchomp
|-damage|p2b: Garchomp|0 fnt
|-damage|p1a: Kingambit|87/100|[from] ability: Rough Skin|[of] p2b: Garchomp
|faint|p2b: Garchomp
|cant|p2a: Staraptor|flinch
|
|upkeep
|
|t:|1782414252
|switch|p2b: Gholdengo|Gholdengo, L50|100/100
|turn|5
|
|t:|1782414261
|move|p1a: Kingambit|Kowtow Cleave|p2a: Staraptor
|-resisted|p2a: Staraptor|1
|-damage|p2a: Staraptor|42/100
|move|p2b: Gholdengo|Nasty Plot|p2b: Gholdengo
|-boost|p2b: Gholdengo|spa|2
|move|p1b: Kangaskhan|Ice Punch|p2a: Staraptor
|-supereffective|p2a: Staraptor|1
|-damage|p2a: Staraptor|10/100
|-supereffective|p2a: Staraptor|1
|-damage|p2a: Staraptor|3/100
|-hitcount|p2a: Staraptor|2
|move|p2a: Staraptor|Close Combat|p1a: Kingambit
|-supereffective|p1a: Kingambit|2
|-damage|p1a: Kingambit|0 fnt
|-boost|p2a: Staraptor|def|1
|-boost|p2a: Staraptor|spd|1
|faint|p1a: Kingambit
|
|-fieldend|move: Trick Room
|upkeep
|turn|6
|
|t:|1782414278
|move|p2a: Staraptor|Roost|p2a: Staraptor
|-heal|p2a: Staraptor|53/100
|-singleturn|p2a: Staraptor|move: Roost
|move|p1b: Kangaskhan|Ice Punch|p2a: Staraptor
|-damage|p2a: Staraptor|41/100
|-damage|p2a: Staraptor|38/100
|-hitcount|p2a: Staraptor|2
|move|p2b: Gholdengo|Make It Rain|p1b: Kangaskhan
|-damage|p1b: Kangaskhan|0 fnt
|-unboost|p2b: Gholdengo|spa|2
|faint|p1b: Kangaskhan
|
|win|JvinsVGC
|raw|RegiSIXSEVEN's rating: 1120 → 1102(-18 for losing)
|raw|JvinsVGC's rating: 1221 → 1239(+18 for winning)
