|j|☆steelag0
|j|☆Aeon_Twins
|html|steelag0Aeon_Twins    
|uhtml|bestof|Game 2 of a best-of-3
|t:|1782414858
|gametype|doubles
|player|p1|steelag0|policeman-gen4|1085
|player|p2|Aeon_Twins|n|1070
|gen|9
|tier|[Gen 9 Champions] VGC 2026 Reg M-B (Bo3)
|rated|
|rule|Species Clause: Limit one of each Pokémon
|rule|Item Clause: Limit 1 of each item
|clearpoke
|poke|p1|Blaziken, L50, M|
|poke|p1|Hydreigon, L50, M|
|poke|p1|Basculegion, L50, M|
|poke|p1|Whimsicott, L50, F|
|poke|p1|Farigiraf, L50, M|
|poke|p1|Metagross, L50|
|poke|p2|Raichu, L50, M|
|poke|p2|Mawile, L50, F|
|poke|p2|Sinistcha, L50|
|poke|p2|Ceruledge, L50, M|
|poke|p2|Milotic, L50, F|
|poke|p2|Incineroar, L50, F|
|teampreview|4
|showteam|p1|Blaziken||Blazikenite|SpeedBoost|FlareBlitz,CloseCombat,RockSlide,Detect|Adamant||M|||50|]Hydreigon||ChoiceScarf|Levitate|DracoMeteor,DarkPulse,EarthPower,Snarl|Modest||M|||50|]Basculegion||LifeOrb|Adaptability|WaveCrash,LastRespects,AquaJet,Protect|Adamant||M|||50|]Whimsicott||FocusSash|Prankster|Moonblast,EnergyBall,Tailwind,Protect|Timid||F|||50|]Farigiraf||SitrusBerry|CudChew|Psychic,Thunderbolt,Roar,TrickRoom|Bold||M|||50|]Metagross||Metagrossite|ClearBody|PsychicFangs,IronDefense,StompingTantrum,Protect|Jolly|||||50|
|showteam|p2|Raichu||RaichuniteY|LightningRod|ZapCannon,FocusBlast,FakeOut,Protect|Timid||M|||50|]Mawile||Mawilite|HyperCutter|PlayRough,SuckerPunch,SwordsDance,Protect|Adamant||F|||50|]Sinistcha||KasibBerry|Hospitality|MatchaGotcha,LifeDew,RagePowder,Protect|Relaxed|||||50|]Ceruledge||ColburBerry|FlashFire|BitterBlade,ShadowSneak,BulkUp,Protect|Adamant||M|||50|]Milotic||Leftovers|Competitive|MuddyWater,Coil,Hypnosis,Protect|Calm||F|||50|]Incineroar||SitrusBerry|Intimidate|FlareBlitz,ThroatChop,FakeOut,PartingShot|Impish||F|||50|
|
|t:|1782414913
|teamsize|p1|4
|teamsize|p2|4
|start
|switch|p1a: Metagross|Metagross, L50|100/100
|switch|p1b: Hydreigon|Hydreigon, L50, M|100/100
|switch|p2a: Incineroar|Incineroar, L50, F|100/100
|switch|p2b: Milotic|Milotic, L50, F|100/100
|-ability|p2a: Incineroar|Intimidate|boost
|-fail|p1a: Metagross|unboost|[from] ability: Clear Body|[of] p1a: Metagross
|-unboost|p1b: Hydreigon|atk|1
|turn|1
|
|t:|1782414931
|detailschange|p1a: Metagross|Metagross-Mega, L50
|-mega|p1a: Metagross|Metagross|Metagrossite
|move|p2a: Incineroar|Fake Out|p1a: Metagross
|-resisted|p1a: Metagross|1
|-damage|p1a: Metagross|96/100
|move|p1b: Hydreigon|Dark Pulse|p2b: Milotic
|-damage|p2b: Milotic|71/100
|cant|p1a: Metagross|flinch
|move|p2b: Milotic|Coil|p2b: Milotic
|-boost|p2b: Milotic|atk|1
|-boost|p2b: Milotic|def|1
|-boost|p2b: Milotic|accuracy|1
|
|-heal|p2b: Milotic|77/100|[from] item: Leftovers
|upkeep
|turn|2
|
|t:|1782414946
|move|p1b: Hydreigon|Dark Pulse|p2b: Milotic
|-damage|p2b: Milotic|49/100
|move|p1a: Metagross|Psychic Fangs|p2b: Milotic
|-damage|p2b: Milotic|11/100
|move|p2b: Milotic|Coil|p2b: Milotic
|-boost|p2b: Milotic|atk|1
|-boost|p2b: Milotic|def|1
|-boost|p2b: Milotic|accuracy|1
|move|p2a: Incineroar|Parting Shot|p1a: Metagross
|-unboost|p1a: Metagross|atk|1
|-unboost|p1a: Metagross|spa|1
|
|t:|1782414954
|switch|p2a: Sinistcha|Sinistcha, L50|100/100|[from] Parting Shot
|-heal|p2b: Milotic|36/100|[from] ability: Hospitality|[of] p2a: Sinistcha
|
|-heal|p2b: Milotic|42/100|[from] item: Leftovers
|upkeep
|turn|3
|c|☆steelag0|i dont like play hypnosis for that
|
|t:|1782414975
|move|p2a: Sinistcha|Rage Powder|p2a: Sinistcha
|-singleturn|p2a: Sinistcha|move: Rage Powder
|move|p1b: Hydreigon|Dark Pulse|p2a: Sinistcha
|-supereffective|p2a: Sinistcha|1
|-damage|p2a: Sinistcha|22/100
|move|p1a: Metagross|Psychic Fangs|p2a: Sinistcha
|-damage|p2a: Sinistcha|0 fnt
|faint|p2a: Sinistcha
|move|p2b: Milotic|Hypnosis|p1b: Hydreigon
|-status|p1b: Hydreigon|slp|[from] move: Hypnosis
|
|-heal|p2b: Milotic|48/100|[from] item: Leftovers
|upkeep
|
|t:|1782414981
|switch|p2a: Mawile|Mawile, L50, F|100/100
|turn|4
|
|t:|1782414996
|switch|p1a: Whimsicott|Whimsicott, L50, F|100/100
|detailschange|p2a: Mawile|Mawile-Mega, L50, F
|-mega|p2a: Mawile|Mawile|Mawilite
|cant|p1b: Hydreigon|slp
|move|p2b: Milotic|Hypnosis|p1a: Whimsicott
|-status|p1a: Whimsicott|slp|[from] move: Hypnosis
|move|p2a: Mawile|Play Rough|p1b: Hydreigon
|-supereffective|p1b: Hydreigon|2
|-crit|p1b: Hydreigon
|-damage|p1b: Hydreigon|0 fnt
|faint|p1b: Hydreigon
|
|-heal|p2b: Milotic|54/100|[from] item: Leftovers
|upkeep
|
|t:|1782415009
|switch|p1b: Basculegion|Basculegion, L50, M|100/100
|turn|5
|
|t:|1782415021
|move|p1b: Basculegion|Protect|p1b: Basculegion
|-singleturn|p1b: Basculegion|Protect
|cant|p1a: Whimsicott|slp
|move|p2a: Mawile|Sucker Punch||[still]
|-fail|p2a: Mawile
|move|p2b: Milotic|Hypnosis|p1b: Basculegion
|-activate|p1b: Basculegion|move: Protect
|
|-heal|p2b: Milotic|60/100|[from] item: Leftovers
|upkeep
|turn|6
|
|t:|1782415040
|switch|p1b: Metagross|Metagross-Mega, L50|96/100
|cant|p1a: Whimsicott|slp
|move|p2b: Milotic|Hypnosis|p1b: Metagross
|-status|p1b: Metagross|slp|[from] move: Hypnosis
|move|p2a: Mawile|Play Rough|p1a: Whimsicott
|-enditem|p1a: Whimsicott|Focus Sash
|-damage|p1a: Whimsicott|1/100 slp
|
|-heal|p2b: Milotic|66/100|[from] item: Leftovers
|upkeep
|turn|7
|
|t:|1782415056
|-curestatus|p1a: Whimsicott|slp|[msg]
|move|p1a: Whimsicott|Tailwind|p1a: Whimsicott
|-sidestart|p1: steelag0|move: Tailwind
|move|p2a: Mawile|Sucker Punch||[still]
|-fail|p2a: Mawile
|cant|p1b: Metagross|slp
|move|p2b: Milotic|Muddy Water|p1a: Whimsicott|[spread] p1a,p1b
|-resisted|p1a: Whimsicott|1
|-damage|p1a: Whimsicott|0 fnt
|-damage|p1b: Metagross|72/100 slp
|faint|p1a: Whimsicott
|
|-heal|p2b: Milotic|72/100|[from] item: Leftovers
|upkeep
|
|t:|1782415068
|switch|p1a: Basculegion|Basculegion, L50, M|100/100
|turn|8
|
|t:|1782415079
|switch|p2a: Incineroar|Incineroar, L50, F|100/100
|-ability|p2a: Incineroar|Intimidate|boost
|-unboost|p1a: Basculegion|atk|1
|-unboost|p1b: Metagross|atk|1
|move|p1a: Basculegion|Protect|p1a: Basculegion
|-singleturn|p1a: Basculegion|Protect
|cant|p1b: Metagross|slp
|move|p2b: Milotic|Hypnosis|p1a: Basculegion
|-activate|p1a: Basculegion|move: Protect
|
|-heal|p2b: Milotic|78/100|[from] item: Leftovers
|upkeep
|turn|9
|
|t:|1782415095
|switch|p2a: Mawile|Mawile-Mega, L50, F|100/100
|-curestatus|p1b: Metagross|slp|[msg]
|move|p1b: Metagross|Stomping Tantrum|p2b: Milotic
|-damage|p2b: Milotic|59/100
|move|p1a: Basculegion|Last Respects|p2b: Milotic
|-damage|p2b: Milotic|20/100y
|-damage|p1a: Basculegion|90/100|[from] item: Life Orb
|move|p2b: Milotic|Hypnosis|p1a: Basculegion
|-status|p1a: Basculegion|slp|[from] move: Hypnosis
|
|-heal|p2b: Milotic|26/100|[from] item: Leftovers
|upkeep
|turn|10
|
|t:|1782415110
|move|p1b: Metagross|Protect|p1b: Metagross
|-singleturn|p1b: Metagross|Protect
|move|p2a: Mawile|Sucker Punch||[still]
|-fail|p2a: Mawile
|cant|p1a: Basculegion|slp
|move|p2b: Milotic|Muddy Water|p1b: Metagross|[spread] p1a
|-activate|p1b: Metagross|move: Protect
|-resisted|p1a: Basculegion|1
|-damage|p1a: Basculegion|77/100 slp
|
|-heal|p2b: Milotic|32/100|[from] item: Leftovers
|-sideend|p1: steelag0|move: Tailwind
|upkeep
|turn|11
|
|t:|1782415125
|move|p1b: Metagross|Stomping Tantrum|p2a: Mawile
|-supereffective|p2a: Mawile|1
|-damage|p2a: Mawile|57/100
|cant|p1a: Basculegion|slp
|move|p2b: Milotic|Hypnosis|p1b: Metagross
|-status|p1b: Metagross|slp|[from] move: Hypnosis
|move|p2a: Mawile|Play Rough|p1a: Basculegion
|-damage|p1a: Basculegion|0 fnt
|faint|p1a: Basculegion
|
|-heal|p2b: Milotic|38/100|[from] item: Leftovers
|upkeep
|turn|12
|-message|steelag0 forfeited.
|
|win|Aeon_Twins
||Aeon_Twins is ready for game 3.
||steelag0 is ready for game 3.
|uhtml|next|Next: Game 3 of 3
|l|☆Aeon_Twins
|player|p2|
|l|☆steelag0
|player|p1|
|j|☆steelag0
|player|p1|steelag0|policeman-gen4|
