|j|☆Canndle Stic
|j|‽NoitUK_VGC
|html|Canndle SticNoitUK_VGC    
|uhtml|bestof|Game 1 of a best-of-3
|t:|1757770058
|gametype|doubles
|player|p1|Canndle Stic|266|1121
|player|p2|NoitUK_VGC|169|1070
|gen|9
|tier|[Gen 9] VGC 2025 Reg H (Bo3)
|rated|
|rule|Species Clause: Limit one of each Pokémon
|rule|Item Clause: Limit 1 of each item
|clearpoke
|poke|p1|Gyarados, L50, M|
|poke|p1|Rillaboom, L50, M|
|poke|p1|Drifblim, L50, M|
|poke|p1|Incineroar, L50, M|
|poke|p1|Gholdengo, L50|
|poke|p1|Hydreigon, L50, F|
|poke|p2|Ninetales-Alola, L50, F|
|poke|p2|Baxcalibur, L50, F|
|poke|p2|Gastrodon, L50, F|
|poke|p2|Sneasler, L50, F|
|poke|p2|Volcarona, L50, M|
|poke|p2|Incineroar, L50, F|
|teampreview|4
|showteam|p1|Gyarados||ClearAmulet|Intimidate|DragonDance,Waterfall,TeraBlast,Protect|||M|||50|,,,,,Flying]Rillaboom||AssaultVest|GrassySurge|FakeOut,GrassyGlide,WoodHammer,Uturn|||M|||50|,,,,,Water]Drifblim||GrassySeed|Unburden|WillOWisp,Tailwind,Haze,ShadowBall|||M|||50|,,,,,Dark]Incineroar||SafetyGoggles|Intimidate|FlareBlitz,KnockOff,FakeOut,PartingShot|||M|||50|,,,,,Water]Gholdengo||FocusSash|GoodasGold|NastyPlot,Protect,MakeItRain,ShadowBall||||||50|,,,,,Steel]Hydreigon||LifeOrb|Levitate|DracoMeteor,DarkPulse,Flamethrower,Protect|||F|||50|,,,,,Fire
|showteam|p2|Ninetales-Alola||LightClay|SnowWarning|AuroraVeil,Blizzard,Encore,Protect|||F|||50|,,,,,Ghost]Baxcalibur||LoadedDice|ThermalExchange|IcicleSpear,ScaleShot,Protect,HighHorsepower|||F|||50|,,,,,Ghost]Gastrodon||SitrusBerry|StormDrain|EarthPower,Yawn,IcyWind,Protect|||F|||50|,,,,,Poison]Sneasler||AssaultVest|PoisonTouch|FakeOut,CloseCombat,DireClaw,Coaching|||F|||50|,,,,,Ghost]Volcarona||RockyHelmet|FlameBody|RagePowder,FieryDance,StruggleBug,Tailwind|||M|||50|,,,,,Grass]Incineroar||SafetyGoggles|Intimidate|FakeOut,KnockOff,PartingShot,WillOWisp|||F|||50|,,,,,Ghost
|inactive|Battle timer is ON: inactive players will automatically lose when time's up. (requested by Canndle Stic)
|inactive|NoitUK_VGC has 60 seconds left.
|
|t:|1757770140
|teamsize|p1|4
|teamsize|p2|4
|start
|switch|p1a: Rillaboom|Rillaboom, L50, M|100/100
|switch|p1b: Drifblim|Drifblim, L50, M|100/100
|switch|p2a: Ninetales|Ninetales-Alola, L50, F|100/100
|switch|p2b: Sneasler|Sneasler, L50, F|100/100
|-weather|Snowscape|[from] ability: Snow Warning|[of] p2a: Ninetales
|-fieldstart|move: Grassy Terrain|[from] ability: Grassy Surge|[of] p1a: Rillaboom
|-enditem|p1b: Drifblim|Grassy Seed
|-boost|p1b: Drifblim|def|1|[from] item: Grassy Seed
|turn|1
|inactive|NoitUK_VGC has 30 seconds left.
|
|t:|1757770168
|move|p2a: Ninetales|Protect|p2a: Ninetales
|-singleturn|p2a: Ninetales|Protect
|move|p1a: Rillaboom|Fake Out|p2a: Ninetales
|-activate|p2a: Ninetales|move: Protect
|move|p1b: Drifblim|Will-O-Wisp|p2b: Sneasler|[miss]
|-miss|p1b: Drifblim|p2b: Sneasler
|move|p2b: Sneasler|Dire Claw|p1a: Rillaboom
|-supereffective|p1a: Rillaboom
|-damage|p1a: Rillaboom|25/100
|
|-weather|Snowscape|[upkeep]
|-heal|p1a: Rillaboom|31/100|[from] Grassy Terrain
|upkeep
|turn|2
|
|t:|1757770187
|move|p1b: Drifblim|Tailwind|p1b: Drifblim
|-sidestart|p1: Canndle Stic|move: Tailwind
|move|p1a: Rillaboom|Wood Hammer|p2a: Ninetales
|-damage|p2a: Ninetales|27/100
|-damage|p1a: Rillaboom|10/100|[from] Recoil
|move|p2a: Ninetales|Aurora Veil|p2a: Ninetales
|-sidestart|p2: NoitUK_VGC|move: Aurora Veil
|move|p2b: Sneasler|Dire Claw|p1b: Drifblim
|-resisted|p1b: Drifblim
|-damage|p1b: Drifblim|86/100
|-status|p1b: Drifblim|par
|
|-weather|Snowscape|[upkeep]
|-heal|p1a: Rillaboom|15/100|[from] Grassy Terrain
|-heal|p2a: Ninetales|33/100|[from] Grassy Terrain
|upkeep
|turn|3
|
|t:|1757770205
|move|p1a: Rillaboom|Wood Hammer|p2a: Ninetales
|-damage|p2a: Ninetales|0 fnt
|faint|p2a: Ninetales
|-damage|p1a: Rillaboom|6/100|[from] Recoil
|cant|p1b: Drifblim|par
|move|p2b: Sneasler|Dire Claw|p1a: Rillaboom
|-supereffective|p1a: Rillaboom
|-damage|p1a: Rillaboom|0 fnt
|faint|p1a: Rillaboom
|
|-weather|Snowscape|[upkeep]
|upkeep
|
|t:|1757770218
|switch|p2a: Baxcalibur|Baxcalibur, L50, F|100/100
|switch|p1a: Gholdengo|Gholdengo, L50|100/100
|turn|4
|
|t:|1757770242
|switch|p2b: Volcarona|Volcarona, L50, M|100/100
|-terastallize|p2a: Baxcalibur|Ghost
|move|p1a: Gholdengo|Nasty Plot|p1a: Gholdengo
|-boost|p1a: Gholdengo|spa|2
|cant|p1b: Drifblim|par
|move|p2a: Baxcalibur|High Horsepower|p1a: Gholdengo
|-supereffective|p1a: Gholdengo
|-damage|p1a: Gholdengo|21/100
|
|-weather|Snowscape|[upkeep]
|-heal|p1a: Gholdengo|27/100|[from] Grassy Terrain
|upkeep
|turn|5
|
|t:|1757770262
|move|p2a: Baxcalibur|Protect|p2a: Baxcalibur
|-singleturn|p2a: Baxcalibur|Protect
|move|p1a: Gholdengo|Shadow Ball|p2b: Volcarona
|-damage|p2b: Volcarona|52/100
|move|p1b: Drifblim|Will-O-Wisp|p2a: Baxcalibur
|-activate|p2a: Baxcalibur|move: Protect
|move|p2b: Volcarona|Fiery Dance|p1a: Gholdengo
|-supereffective|p1a: Gholdengo
|-damage|p1a: Gholdengo|0 fnt
|faint|p1a: Gholdengo
|
|-weather|none
|-heal|p2b: Volcarona|58/100|[from] Grassy Terrain
|-sideend|p1: Canndle Stic|move: Tailwind
|-fieldend|move: Grassy Terrain
|upkeep
|-message|Canndle Stic forfeited.
|
|win|NoitUK_VGC
|l|☆Canndle Stic
|player|p1|
|raw|Canndle Stic's rating: 1121 → 1092(-29 for losing)
|raw|NoitUK_VGC's rating: 1070 → 1104(+34 for winning)
|l|‽NoitUK_VGC
|player|p2|
