|j|‽Livnlarge27
|j|☆marcosdeltasena31
|html|Livnlarge27marcosdeltasena31    
|uhtml|bestof|Game 3 of a best-of-3
|t:|1755561316
|gametype|doubles
|player|p1|Livnlarge27|red|1397
|player|p2|marcosdeltasena31|hilbert|1341
|gen|9
|tier|[Gen 9] VGC 2025 Reg H (Bo3)
|rated|
|rule|Species Clause: Limit one of each Pokémon
|rule|Item Clause: Limit 1 of each item
|clearpoke
|poke|p1|Blastoise, L50, M|
|poke|p1|Indeedee-F, L50, F|
|poke|p1|Armarouge, L50, M|
|poke|p1|Whimsicott, L50, F|
|poke|p1|Ursaluna, L50, F|
|poke|p1|Sneasler, L50, M|
|poke|p2|Dragonite, L50, F|
|poke|p2|Sneasler, L50, F|
|poke|p2|Volcarona, L50, F|
|poke|p2|Rillaboom, L50, M|
|poke|p2|Kingambit, L50, F|
|poke|p2|Electabuzz, L50, F|
|teampreview|4
|showteam|p1|Blastoise||MysticWater|Torrent|Protect,WaterSpout,HydroPump,ShellSmash|||M|||50|,,,,,Water]Indeedee-F||SafetyGoggles|PsychicSurge|Imprison,FollowMe,HelpingHand,TrickRoom|||F|||50|,,,,,Fairy]Armarouge||LifeOrb|FlashFire|ExpandingForce,ArmorCannon,ClearSmog,AuraSphere|||M|||50|,,,,,Grass]Whimsicott||CovertCloak|Prankster|Tailwind,Moonblast,Encore,Taunt|||F|||50|,,,,,Dark]Ursaluna||FlameOrb|Guts|Facade,Earthquake,HeadlongRush,Protect|||F|||50|,,,,,Fairy]Sneasler||PsychicSeed|Unburden|FakeOut,CloseCombat,DireClaw,ThroatChop|||M|||50|,,,,,Dark
|showteam|p2|Dragonite||LoadedDice|Multiscale|ScaleShot,ExtremeSpeed,Haze,Protect|||F|||50|,,,,,Fairy]Sneasler||FocusSash|PoisonTouch|DireClaw,CloseCombat,FakeOut,Coaching|||F|||50|,,,,,Ghost]Volcarona||CovertCloak|FlameBody|HeatWave,TeraBlast,QuiverDance,Protect|||F|||50|,,,,,Fairy]Rillaboom||AssaultVest|GrassySurge|WoodHammer,FakeOut,GrassyGlide,HighHorsepower|||M|||50|,,,,,Fire]Kingambit||BlackGlasses|Defiant|KowtowCleave,SwordsDance,SuckerPunch,Protect|||F|||50|,,,,,Dark]Electabuzz||Eviolite|VitalSpirit|Electroweb,FollowMe,Taunt,Protect|||F|||50|,,,,,Ghost
|inactive|Battle timer is ON: inactive players will automatically lose when time's up. (requested by Livnlarge27)
|
|t:|1755561347
|teamsize|p1|4
|teamsize|p2|4
|start
|switch|p1a: Whimsicott|Whimsicott, L50, F|100/100
|switch|p1b: Ursaluna|Ursaluna, L50, F|100/100
|switch|p2a: Volcarona|Volcarona, L50, F|100/100
|switch|p2b: Sneasler|Sneasler, L50, F|100/100
|turn|1
|
|t:|1755561368
|move|p1b: Ursaluna|Protect|p1b: Ursaluna
|-singleturn|p1b: Ursaluna|Protect
|move|p2b: Sneasler|Fake Out|p1b: Ursaluna
|-activate|p1b: Ursaluna|move: Protect
|move|p1a: Whimsicott|Tailwind|p1a: Whimsicott
|-sidestart|p1: Livnlarge27|move: Tailwind
|move|p2a: Volcarona|Heat Wave|p1a: Whimsicott|[spread] p1a
|-activate|p1b: Ursaluna|move: Protect
|-supereffective|p1a: Whimsicott
|-damage|p1a: Whimsicott|9/100
|
|-status|p1b: Ursaluna|brn|[from] item: Flame Orb
|upkeep
|turn|2
|
|t:|1755561379
|switch|p2b: Rillaboom|Rillaboom, L50, M|100/100
|-fieldstart|move: Grassy Terrain|[from] ability: Grassy Surge|[of] p2b: Rillaboom
|move|p2a: Volcarona|Protect|p2a: Volcarona
|-singleturn|p2a: Volcarona|Protect
|move|p1a: Whimsicott|Encore||[still]
|-fail|p1a: Whimsicott
|move|p1b: Ursaluna|Headlong Rush|p2a: Volcarona
|-activate|p2a: Volcarona|move: Protect
|
|-heal|p1a: Whimsicott|15/100|[from] Grassy Terrain
|-damage|p1b: Ursaluna|95/100 brn|[from] brn
|upkeep
|turn|3
|inactive|marcosdeltasena31 has 30 seconds left.
|
|t:|1755561404
|switch|p2b: Kingambit|Kingambit, L50, F|100/100
|-terastallize|p1b: Ursaluna|Fairy
|move|p1a: Whimsicott|Encore|p2a: Volcarona
|-start|p2a: Volcarona|Encore
|move|p1b: Ursaluna|Facade|p2b: Kingambit
|-resisted|p2b: Kingambit
|-damage|p2b: Kingambit|52/100
|move|p2a: Volcarona|Protect||[still]
|-fail|p2a: Volcarona
|
|-heal|p1a: Whimsicott|21/100|[from] Grassy Terrain
|-heal|p1b: Ursaluna|100/100 brn|[from] Grassy Terrain
|-heal|p2b: Kingambit|58/100|[from] Grassy Terrain
|-damage|p1b: Ursaluna|95/100 brn|[from] brn
|upkeep
|turn|4
|inactive|Livnlarge27 has 30 seconds left.
|
|t:|1755561429
|switch|p2a: Sneasler|Sneasler, L50, F|100/100
|move|p2b: Kingambit|Sucker Punch|p1a: Whimsicott
|-resisted|p1a: Whimsicott
|-damage|p1a: Whimsicott|0 fnt
|faint|p1a: Whimsicott
|move|p1b: Ursaluna|Headlong Rush|p2b: Kingambit
|-supereffective|p2b: Kingambit
|-damage|p2b: Kingambit|0 fnt
|-unboost|p1b: Ursaluna|def|1
|-unboost|p1b: Ursaluna|spd|1
|faint|p2b: Kingambit
|
|-heal|p1b: Ursaluna|100/100 brn|[from] Grassy Terrain
|-damage|p1b: Ursaluna|95/100 brn|[from] brn
|-sideend|p1: Livnlarge27|move: Tailwind
|upkeep
|
|t:|1755561443
|switch|p1a: Sneasler|Sneasler, L50, M|100/100
|switch|p2b: Volcarona|Volcarona, L50, F|100/100
|turn|5
|
|t:|1755561468
|switch|p1b: Indeedee|Indeedee-F, L50, F|100/100
|-fieldstart|move: Psychic Terrain|[from] ability: Psychic Surge|[of] p1b: Indeedee
|-enditem|p1a: Sneasler|Psychic Seed
|-boost|p1a: Sneasler|spd|1|[from] item: Psychic Seed
|-terastallize|p2a: Sneasler|Ghost
|move|p1a: Sneasler|Dire Claw|p2a: Sneasler
|-resisted|p2a: Sneasler
|-damage|p2a: Sneasler|63/100
|move|p2a: Sneasler|Dire Claw|p1b: Indeedee
|-damage|p1b: Indeedee|59/100
|move|p2b: Volcarona|Quiver Dance|p2b: Volcarona
|-boost|p2b: Volcarona|spa|1
|-boost|p2b: Volcarona|spd|1
|-boost|p2b: Volcarona|spe|1
|
|upkeep
|turn|6
|
|t:|1755561481
|switch|p2a: Rillaboom|Rillaboom, L50, M|100/100
|-fieldstart|move: Grassy Terrain|[from] ability: Grassy Surge|[of] p2a: Rillaboom
|move|p2b: Volcarona|Protect|p2b: Volcarona
|-singleturn|p2b: Volcarona|Protect
|move|p1a: Sneasler|Throat Chop|p2a: Rillaboom
|-damage|p2a: Rillaboom|71/100
|-start|p2a: Rillaboom|Throat Chop|[silent]
|move|p1b: Indeedee|Trick Room|p1b: Indeedee
|-fieldstart|move: Trick Room|[of] p1b: Indeedee
|
|-heal|p1b: Indeedee|65/100|[from] Grassy Terrain
|-heal|p2a: Rillaboom|76/100|[from] Grassy Terrain
|upkeep
|turn|7
|
|t:|1755561503
|move|p1b: Indeedee|Follow Me|p1b: Indeedee
|-singleturn|p1b: Indeedee|move: Follow Me
|move|p2a: Rillaboom|High Horsepower|p1b: Indeedee
|-damage|p1b: Indeedee|32/100
|move|p2b: Volcarona|Heat Wave|p1b: Indeedee|[spread] p1a,p1b
|-damage|p1a: Sneasler|48/100
|-damage|p1b: Indeedee|0 fnt
|-status|p1a: Sneasler|brn
|faint|p1b: Indeedee
|move|p1a: Sneasler|Dire Claw|p2a: Rillaboom
|-supereffective|p2a: Rillaboom
|-damage|p2a: Rillaboom|32/100
|-status|p2a: Rillaboom|slp
|
|-heal|p2a: Rillaboom|38/100 slp|[from] Grassy Terrain
|-heal|p1a: Sneasler|54/100 brn|[from] Grassy Terrain
|-damage|p1a: Sneasler|48/100 brn|[from] brn
|-end|p2a: Rillaboom|Throat Chop|[silent]
|upkeep
|
|t:|1755561512
|switch|p1b: Ursaluna|Ursaluna, L50, F, tera:Fairy|95/100 brn
|turn|8
|
|t:|1755561527
|move|p2b: Volcarona|Protect|p2b: Volcarona
|-singleturn|p2b: Volcarona|Protect
|move|p1b: Ursaluna|Headlong Rush|p2b: Volcarona
|-activate|p2b: Volcarona|move: Protect
|cant|p2a: Rillaboom|slp
|move|p1a: Sneasler|Throat Chop|p2a: Rillaboom
|-damage|p2a: Rillaboom|25/100 slp
|-start|p2a: Rillaboom|Throat Chop|[silent]
|
|-heal|p1b: Ursaluna|100/100 brn|[from] Grassy Terrain
|-heal|p2a: Rillaboom|30/100 slp|[from] Grassy Terrain
|-heal|p1a: Sneasler|54/100 brn|[from] Grassy Terrain
|-damage|p1b: Ursaluna|95/100 brn|[from] brn
|-damage|p1a: Sneasler|48/100 brn|[from] brn
|upkeep
|turn|9
|
|t:|1755561546
|switch|p2b: Sneasler|Sneasler, L50, F, tera:Ghost|63/100
|move|p1b: Ursaluna|Facade|p2b: Sneasler
|-immune|p2b: Sneasler
|cant|p2a: Rillaboom|slp
|move|p1a: Sneasler|Dire Claw|p2a: Rillaboom
|-supereffective|p2a: Rillaboom
|-damage|p2a: Rillaboom|0 fnt
|faint|p2a: Rillaboom
|
|-heal|p1b: Ursaluna|100/100 brn|[from] Grassy Terrain
|-heal|p2b: Sneasler|69/100|[from] Grassy Terrain
|-heal|p1a: Sneasler|54/100 brn|[from] Grassy Terrain
|-damage|p1b: Ursaluna|95/100 brn|[from] brn
|-damage|p1a: Sneasler|48/100 brn|[from] brn
|upkeep
|
|t:|1755561556
|switch|p2a: Volcarona|Volcarona, L50, F|100/100
|turn|10
|
|t:|1755561580
|move|p2b: Sneasler|Fake Out|p1b: Ursaluna
|-damage|p1b: Ursaluna|82/100 brn
|cant|p1b: Ursaluna|flinch
|move|p2a: Volcarona|Heat Wave|p1a: Sneasler|[spread] p1a,p1b
|-damage|p1a: Sneasler|19/100 brn
|-damage|p1b: Ursaluna|47/100 brn
|move|p1a: Sneasler|Throat Chop|p2b: Sneasler
|-supereffective|p2b: Sneasler
|-damage|p2b: Sneasler|15/100
|-start|p2b: Sneasler|Throat Chop|[silent]
|
|-heal|p1b: Ursaluna|52/100 brn|[from] Grassy Terrain
|-heal|p2b: Sneasler|20/100|[from] Grassy Terrain
|-heal|p1a: Sneasler|24/100 brn|[from] Grassy Terrain
|-damage|p1b: Ursaluna|47/100 brn|[from] brn
|-damage|p1a: Sneasler|19/100 brn|[from] brn
|-fieldend|move: Trick Room
|-fieldend|move: Grassy Terrain
|upkeep
|turn|11
|inactive|marcosdeltasena31 has 30 seconds left.
|
|t:|1755561606
|move|p1a: Sneasler|Throat Chop|p2b: Sneasler
|-supereffective|p2b: Sneasler
|-damage|p2b: Sneasler|0 fnt
|faint|p2b: Sneasler
|move|p2a: Volcarona|Heat Wave|p1b: Ursaluna|[spread] p1a,p1b
|-damage|p1a: Sneasler|0 fnt
|-damage|p1b: Ursaluna|7/100 brn
|faint|p1a: Sneasler
|move|p1b: Ursaluna|Facade|p2a: Volcarona
|-damage|p2a: Volcarona|0 fnt
|faint|p2a: Volcarona
|
|win|Livnlarge27
|raw|Livnlarge27's rating: 1397 → 1414(+17 for winning)
|raw|marcosdeltasena31's rating: 1341 → 1324(-17 for losing)
|l|‽Livnlarge27
|player|p1|
