|j|☆Gastrosophilipp
|j|☆mumu2
|html|Gastrosophilippmumu2    
|uhtml|bestof|Game 1 of a best-of-3
|t:|1784917519
|gametype|doubles
|player|p1|Gastrosophilipp|juan|1236
|player|p2|mumu2|cyclistf|1141
|gen|9
|tier|[Gen 9 Champions] VGC 2026 Reg M-B (Bo3)
|rated|
|rule|Species Clause: Limit one of each Pokémon
|rule|Item Clause: Limit 1 of each item
|clearpoke
|poke|p1|Charizard, L50, M|
|poke|p1|Espathra, L50, F|
|poke|p1|Basculegion, L50, M|
|poke|p1|Raichu, L50, M|
|poke|p1|Kingambit, L50, M, shiny|
|poke|p1|Whimsicott, L50, F|
|poke|p2|Charizard, L50, M|
|poke|p2|Venusaur, L50, F|
|poke|p2|Garchomp, L50, M|
|poke|p2|Annihilape, L50, M|
|poke|p2|Incineroar, L50, M|
|poke|p2|Toxapex, L50, M|
|teampreview|4
|showteam|p1|Charizard||CharizarditeY|Blaze|WeatherBall,HeatWave,SolarBeam,Protect|Modest||M|||50|]Espathra||LifeOrb|SpeedBoost|LuminaCrash,EnergyBall,LightScreen,Protect|Timid||F|||50|]Basculegion||MysticWater|Adaptability|WaveCrash,LastRespects,AquaJet,Protect|Adamant||M|||50|]Raichu||RaichuniteY|LightningRod|ZapCannon,FocusBlast,FakeOut,Protect|Timid||M|||50|]Kingambit||ChopleBerry|Defiant|KowtowCleave,SuckerPunch,LowKick,Protect|Adamant||M|||50|]Whimsicott||FairyFeather|Prankster|Moonblast,Encore,Tailwind,Protect|Timid||F|||50|
|showteam|p2|Charizard||CharizarditeY|Blaze|HeatWave,WeatherBall,HelpingHand,Protect|Modest||M|||50|]Venusaur||LifeOrb|Chlorophyll|SludgeBomb,SolarBeam,EarthPower,Protect|Modest||F|||50|]Garchomp||ChoiceScarf|RoughSkin|DragonClaw,Earthquake,RockSlide,StompingTantrum|Adamant||M|||50|]Annihilape||FocusSash|Defiant|PhantomForce,CloseCombat,Protect,RockTomb|Jolly||M|||50|]Incineroar||SitrusBerry|Intimidate|FlareBlitz,ThroatChop,PartingShot,FakeOut|Impish||M|||50|]Toxapex||Leftovers|Regenerator|Toxic,Infestation,WideGuard,BanefulBunker|Bold||M|||50|
|inactive|Battle timer is ON: inactive players will automatically lose when time's up. (requested by Gastrosophilipp)
|inactive|Gastrosophilipp has 60 seconds left.
|inactive|mumu2 has 60 seconds left.
|inactive|mumu2 has 30 seconds left.
|inactive|mumu2 has 20 seconds left.
|inactive|mumu2 has 15 seconds left.
|
|t:|1784917598
|teamsize|p1|4
|teamsize|p2|4
|start
|switch|p1a: Raichu|Raichu, L50, M|100/100
|switch|p1b: Espathra|Espathra, L50, F|100/100
|switch|p2a: Charizard|Charizard, L50, M|100/100
|switch|p2b: Garchomp|Garchomp, L50, M|100/100
|turn|1
|
|t:|1784917623
|detailschange|p1a: Raichu|Raichu-Mega-Y, L50, M
|-mega|p1a: Raichu|Raichu|Raichunite Y
|detailschange|p2a: Charizard|Charizard-Mega-Y, L50, M
|-mega|p2a: Charizard|Charizard|Charizardite Y
|-weather|SunnyDay|[from] ability: Drought|[of] p2a: Charizard
|move|p2a: Charizard|Helping Hand|p2b: Garchomp
|-singleturn|p2b: Garchomp|Helping Hand|[of] p2a: Charizard
|move|p1a: Raichu|Fake Out|p2b: Garchomp
|-damage|p2b: Garchomp|91/100
|-damage|p1a: Raichu|87/100|[from] ability: Rough Skin|[of] p2b: Garchomp
|cant|p2b: Garchomp|flinch
|move|p1b: Espathra|Light Screen|p1b: Espathra
|-sidestart|p1: Gastrosophilipp|move: Light Screen
|
|-weather|SunnyDay|[upkeep]
|-ability|p1b: Espathra|Speed Boost|boost
|-boost|p1b: Espathra|spe|1
|upkeep
|turn|2
|inactive|Gastrosophilipp has 30 seconds left.
|inactive|mumu2 has 30 seconds left.
|
|t:|1784917653
|switch|p1a: Whimsicott|Whimsicott, L50, F|100/100
|move|p2a: Charizard|Helping Hand|p2b: Garchomp
|-singleturn|p2b: Garchomp|Helping Hand|[of] p2a: Charizard
|move|p1b: Espathra|Protect|p1b: Espathra
|-singleturn|p1b: Espathra|Protect
|move|p2b: Garchomp|Earthquake|p1b: Espathra|[spread] p1a
|-activate|p1b: Espathra|move: Protect
|-immune|p2a: Charizard
|-resisted|p1a: Whimsicott|1
|-damage|p1a: Whimsicott|55/100
|
|-weather|SunnyDay|[upkeep]
|-ability|p1b: Espathra|Speed Boost|boost
|-boost|p1b: Espathra|spe|1
|upkeep
|turn|3
|
|t:|1784917673
|move|p1b: Espathra|Lumina Crash|p2b: Garchomp
|-damage|p2b: Garchomp|50/100g
|-unboost|p2b: Garchomp|spd|2
|-damage|p1b: Espathra|90/100|[from] item: Life Orb
|move|p2b: Garchomp|Earthquake|p1b: Espathra|[spread] p1a,p1b
|-immune|p2a: Charizard
|-resisted|p1a: Whimsicott|1
|-damage|p1a: Whimsicott|26/100
|-damage|p1b: Espathra|32/100
|move|p1a: Whimsicott|Moonblast|p2b: Garchomp
|-supereffective|p2b: Garchomp|1
|-damage|p2b: Garchomp|0 fnt
|faint|p2b: Garchomp
|move|p2a: Charizard|Heat Wave|p1b: Espathra|[spread] 
|-miss|p2a: Charizard|p1a: Whimsicott
|-miss|p2a: Charizard|p1b: Espathra
|
|-weather|SunnyDay|[upkeep]
|-ability|p1b: Espathra|Speed Boost|boost
|-boost|p1b: Espathra|spe|1
|upkeep
|
|t:|1784917687
|switch|p2b: Venusaur|Venusaur, L50, F|100/100
|turn|4
|inactive|Gastrosophilipp has 30 seconds left.
|
|t:|1784917718
|switch|p2b: Incineroar|Incineroar, L50, M|100/100
|-ability|p2b: Incineroar|Intimidate|boost
|-unboost|p1a: Whimsicott|atk|1
|-unboost|p1b: Espathra|atk|1
|move|p1b: Espathra|Protect|p1b: Espathra
|-singleturn|p1b: Espathra|Protect
|move|p1a: Whimsicott|Tailwind|p1a: Whimsicott
|-sidestart|p1: Gastrosophilipp|move: Tailwind
|move|p2a: Charizard|Heat Wave|p1a: Whimsicott|[spread] p1a
|-activate|p1b: Espathra|move: Protect
|-supereffective|p1a: Whimsicott|1
|-damage|p1a: Whimsicott|0 fnt
|faint|p1a: Whimsicott
|
|-weather|SunnyDay|[upkeep]
|-ability|p1b: Espathra|Speed Boost|boost
|-boost|p1b: Espathra|spe|1
|upkeep
|
|t:|1784917742
|switch|p1a: Basculegion|Basculegion, L50, M|100/100
|turn|5
|
|t:|1784917760
|switch|p1b: Raichu|Raichu-Mega-Y, L50, M|87/100
|switch|p2a: Venusaur|Venusaur, L50, F|100/100
|move|p1a: Basculegion|Protect|p1a: Basculegion
|-singleturn|p1a: Basculegion|Protect
|move|p2b: Incineroar|Fake Out|p1b: Raichu
|-damage|p1b: Raichu|72/100
|
|-weather|none
|-sideend|p1: Gastrosophilipp|move: Light Screen
|upkeep
|turn|6
|
|t:|1784917777
|switch|p2b: Charizard|Charizard-Mega-Y, L50, M|100/100
|-weather|SunnyDay|[from] ability: Drought|[of] p2b: Charizard
|move|p1b: Raichu|Fake Out|p2a: Venusaur
|-damage|p2a: Venusaur|89/100
|cant|p2a: Venusaur|flinch
|move|p1a: Basculegion|Wave Crash|p2b: Charizard
|-supereffective|p2b: Charizard|1
|-damage|p2b: Charizard|4/100
|-damage|p1a: Basculegion|71/100|[from] Recoil
|
|-weather|SunnyDay|[upkeep]
|upkeep
|turn|7
|
|t:|1784917800
|move|p2a: Venusaur|Protect|p2a: Venusaur
|-singleturn|p2a: Venusaur|Protect
|move|p2b: Charizard|Protect|p2b: Charizard
|-singleturn|p2b: Charizard|Protect
|move|p1a: Basculegion|Aqua Jet|p2b: Charizard
|-activate|p2b: Charizard|move: Protect
|move|p1b: Raichu|Zap Cannon|p2a: Venusaur
|-activate|p2a: Venusaur|move: Protect
|
|-weather|SunnyDay|[upkeep]
|-sideend|p1: Gastrosophilipp|move: Tailwind
|upkeep
|turn|8
|inactive|Gastrosophilipp has 30 seconds left.
|inactive|Gastrosophilipp has 20 seconds left.
|
|t:|1784917835
|move|p1b: Raichu|Protect|p1b: Raichu
|-singleturn|p1b: Raichu|Protect
|move|p1a: Basculegion|Aqua Jet|p2b: Charizard
|-supereffective|p2b: Charizard|1
|-damage|p2b: Charizard|0 fnt
|faint|p2b: Charizard
|move|p2a: Venusaur|Earth Power|p1b: Raichu
|-activate|p1b: Raichu|move: Protect
|
|-weather|SunnyDay|[upkeep]
|upkeep
|
|t:|1784917839
|switch|p2b: Incineroar|Incineroar, L50, M|100/100
|-ability|p2b: Incineroar|Intimidate|boost
|-unboost|p1a: Basculegion|atk|1
|-unboost|p1b: Raichu|atk|1
|turn|9
|inactive|Gastrosophilipp has 30 seconds left.
|inactive|Gastrosophilipp has 20 seconds left.
|inactive|Gastrosophilipp has 15 seconds left.
|inactive|Gastrosophilipp has 10 seconds left.
|inactive|Gastrosophilipp has 5 seconds left.
|
|t:|1784917891
|switch|p1b: Espathra|Espathra, L50, F|32/100
|move|p1a: Basculegion|Protect|p1a: Basculegion
|-singleturn|p1a: Basculegion|Protect
|move|p2a: Venusaur|Earth Power|p1b: Espathra
|-damage|p1b: Espathra|0 fnt
|faint|p1b: Espathra
|-damage|p2a: Venusaur|80/100|[from] item: Life Orb
|move|p2b: Incineroar|Throat Chop|p1a: Basculegion
|-activate|p1a: Basculegion|move: Protect
|
|-weather|SunnyDay|[upkeep]
|upkeep
|
|t:|1784917903
|switch|p1b: Raichu|Raichu-Mega-Y, L50, M|72/100
|turn|10
|inactive|Gastrosophilipp has 30 seconds left.
|
|t:|1784917936
|move|p1b: Raichu|Fake Out|p2a: Venusaur
|-damage|p2a: Venusaur|70/100
|cant|p2a: Venusaur|flinch
|move|p1a: Basculegion|Last Respects|p2a: Venusaur
|-damage|p2a: Venusaur|0 fnt
|faint|p2a: Venusaur
|move|p2b: Incineroar|Throat Chop|p1a: Basculegion
|-supereffective|p1a: Basculegion|1
|-damage|p1a: Basculegion|9/100
|-start|p1a: Basculegion|Throat Chop|[silent]
|
|-weather|none
|upkeep
|turn|11
|
|t:|1784917952
|move|p1b: Raichu|Focus Blast|p2b: Incineroar
|-supereffective|p2b: Incineroar|1
|-damage|p2b: Incineroar|30/100
|-unboost|p2b: Incineroar|spd|1
|-enditem|p2b: Incineroar|Sitrus Berry|[eat]
|-heal|p2b: Incineroar|55/100|[from] item: Sitrus Berry
|move|p1a: Basculegion|Wave Crash|p2b: Incineroar
|-supereffective|p2b: Incineroar|1
|-damage|p2b: Incineroar|0 fnt
|faint|p2b: Incineroar
|-damage|p1a: Basculegion|0 fnt|[from] Recoil
|faint|p1a: Basculegion
|
|win|Gastrosophilipp
||mumu2 is ready for game 2.
|inactive|Gastrosophilipp has 30 seconds to confirm battle start!
||Gastrosophilipp is ready for game 2.
|uhtml|next|Next: Game 2 of 3
