|j|☆panijc
|j|☆daunting david
|html|panijcdaunting david    
|uhtml|bestof|Game 1 of a best-of-3
|t:|1785612964
|gametype|doubles
|player|p1|panijc|170|1232
|player|p2|daunting david|ethan|1366
|gen|9
|tier|[Gen 9 Champions] VGC 2026 Reg M-B (Bo3)
|rated|
|rule|Species Clause: Limit one of each Pokémon
|rule|Item Clause: Limit 1 of each item
|clearpoke
|poke|p1|Raichu, L50, F|
|poke|p1|Mamoswine, L50, M|
|poke|p1|Sylveon, L50, M|
|poke|p1|Incineroar, L50, M|
|poke|p1|Basculegion, L50, M|
|poke|p1|Whimsicott, L50, M|
|poke|p2|Staraptor, L50, F|
|poke|p2|Garchomp, L50, F|
|poke|p2|Whimsicott, L50, F|
|poke|p2|Delphox, L50, M|
|poke|p2|Glimmora, L50, F|
|poke|p2|Kingambit, L50, F|
|teampreview|4
|showteam|p1|Raichu||RaichuniteY|LightningRod|ZapCannon,FocusBlast,FakeOut,Protect|Timid||F|||50|]Mamoswine||LifeOrb|Oblivious|IcicleCrash,HighHorsepower,IceShard,Protect|Adamant||M|||50|]Sylveon||FairyFeather|Pixilate|HyperVoice,HyperBeam,Detect,Yawn|Modest||M|||50|]Incineroar||SitrusBerry|Intimidate|ThroatChop,FlareBlitz,FakeOut,PartingShot|Impish||M|||50|]Basculegion||MysticWater|Adaptability|WaveCrash,LastRespects,AquaJet,Protect|Adamant||M|||50|]Whimsicott||FocusSash|Prankster|Moonblast,Tailwind,Protect,Encore|Timid||M|||50|
|showteam|p2|Staraptor||Staraptite|Intimidate|BraveBird,CloseCombat,Protect,Roost|Jolly||F|||50|]Garchomp||LifeOrb|RoughSkin|DragonClaw,Earthquake,Protect,RockSlide|Jolly||F|||50|]Whimsicott||OccaBerry|Prankster|LightScreen,Tailwind,Charm,Moonblast|Timid||F|||50|]Delphox||Delphoxite|Blaze|HeatWave,Protect,Psychic,Substitute|Modest||M|||50|]Glimmora||FocusSash|ToxicDebris|SludgeBomb,SpikyShield,PowerGem,EarthPower|Timid||F|||50|]Kingambit||ChopleBerry|Defiant|KowtowCleave,IronHead,Protect,LowKick|Adamant||F|||50|
|c|☆daunting david|gl hf
|inactive|Battle timer is ON: inactive players will automatically lose when time's up. (requested by daunting david)
|
|t:|1785612998
|teamsize|p1|4
|teamsize|p2|4
|start
|switch|p1a: Raichu|Raichu, L50, F|100/100
|switch|p1b: Mamoswine|Mamoswine, L50, M|100/100
|switch|p2a: Delphox|Delphox, L50, M|100/100
|switch|p2b: Whimsicott|Whimsicott, L50, F|100/100
|turn|1
|
|t:|1785613012
|detailschange|p1a: Raichu|Raichu-Mega-Y, L50, F
|-mega|p1a: Raichu|Raichu|Raichunite Y
|detailschange|p2a: Delphox|Delphox-Mega, L50, M
|-mega|p2a: Delphox|Delphox|Delphoxite
|move|p1a: Raichu|Fake Out|p2a: Delphox
|-damage|p2a: Delphox|87/100
|move|p2b: Whimsicott|Tailwind|p2b: Whimsicott
|-sidestart|p2: daunting david|move: Tailwind
|move|p1b: Mamoswine|Ice Shard|p2b: Whimsicott
|-supereffective|p2b: Whimsicott|1
|-damage|p2b: Whimsicott|23/100
|-damage|p1b: Mamoswine|90/100|[from] item: Life Orb
|cant|p2a: Delphox|flinch
|
|upkeep
|turn|2
|inactive|daunting david has 30 seconds left.
|
|t:|1785613040
|switch|p1b: Whimsicott|Whimsicott, L50, M|100/100
|move|p1a: Raichu|Protect|p1a: Raichu
|-singleturn|p1a: Raichu|Protect
|move|p2b: Whimsicott|Light Screen|p2b: Whimsicott
|-sidestart|p2: daunting david|move: Light Screen
|move|p2a: Delphox|Heat Wave|p1a: Raichu|[spread] p1b
|-activate|p1a: Raichu|move: Protect
|-supereffective|p1b: Whimsicott|1
|-enditem|p1b: Whimsicott|Focus Sash
|-damage|p1b: Whimsicott|1/100
|
|upkeep
|turn|3
|
|t:|1785613060
|switch|p2b: Garchomp|Garchomp, L50, F|100/100
|move|p1b: Whimsicott|Encore||[still]
|-fail|p1b: Whimsicott
|move|p2a: Delphox|Heat Wave|p1a: Raichu|[spread] p1a,p1b
|-supereffective|p1b: Whimsicott|1
|-damage|p1a: Raichu|26/100
|-damage|p1b: Whimsicott|0 fnt
|faint|p1b: Whimsicott
|move|p1a: Raichu|Zap Cannon|p2a: Delphox
|-damage|p2a: Delphox|41/100
|-status|p2a: Delphox|par
|
|upkeep
|
|t:|1785613072
|switch|p1b: Mamoswine|Mamoswine, L50, M|90/100
|turn|4
|
|t:|1785613081
|switch|p2b: Glimmora|Glimmora, L50, F|100/100
|move|p1b: Mamoswine|Ice Shard|p2b: Glimmora
|-damage|p2b: Glimmora|58/100
|-activate|p2b: Glimmora|ability: Toxic Debris
|-sidestart|p1: panijc|move: Toxic Spikes
|-damage|p1b: Mamoswine|80/100|[from] item: Life Orb
|move|p1a: Raichu|Zap Cannon|p2a: Delphox
|-damage|p2a: Delphox|1/100 par
|move|p2a: Delphox|Heat Wave|p1a: Raichu|[spread] p1a,p1b
|-supereffective|p1b: Mamoswine|1
|-damage|p1a: Raichu|0 fnt
|-damage|p1b: Mamoswine|0 fnt
|faint|p1a: Raichu
|faint|p1b: Mamoswine
|
|-sideend|p2: daunting david|move: Tailwind
|upkeep
|
|t:|1785613098
|switch|p1b: Basculegion|Basculegion, L50, M|100/100
|-status|p1b: Basculegion|psn
|turn|5
|
|t:|1785613110
|move|p1b: Basculegion|Aqua Jet|p2b: Glimmora
|-supereffective|p2b: Glimmora|1
|-damage|p2b: Glimmora|0 fnt
|-activate|p2b: Glimmora|ability: Toxic Debris
|-sidestart|p1: panijc|move: Toxic Spikes
|faint|p2b: Glimmora
|move|p2a: Delphox|Psychic|p1b: Basculegion
|-damage|p1b: Basculegion|36/100 psn
|
|-damage|p1b: Basculegion|24/100 psn|[from] psn
|upkeep
|
|t:|1785613118
|switch|p2b: Whimsicott|Whimsicott, L50, F|23/100
|turn|6
|
|t:|1785613122
|move|p2b: Whimsicott|Tailwind|p2b: Whimsicott
|-sidestart|p2: daunting david|move: Tailwind
|move|p1b: Basculegion|Aqua Jet|p2a: Delphox
|-supereffective|p2a: Delphox|1
|-damage|p2a: Delphox|0 fnt
|faint|p2a: Delphox
|
|-damage|p1b: Basculegion|12/100 psn|[from] psn
|-sideend|p2: daunting david|move: Light Screen
|upkeep
|
|t:|1785613125
|switch|p2a: Garchomp|Garchomp, L50, F|100/100
|turn|7
|
|t:|1785613135
|move|p2b: Whimsicott|Charm|p1b: Basculegion
|-unboost|p1b: Basculegion|atk|2
|move|p1b: Basculegion|Aqua Jet|p2b: Whimsicott
|-resisted|p2b: Whimsicott|1
|-crit|p2b: Whimsicott
|-damage|p2b: Whimsicott|0 fnt
|faint|p2b: Whimsicott
|move|p2a: Garchomp|Dragon Claw|p1b: Basculegion
|-damage|p1b: Basculegion|0 fnt
|faint|p1b: Basculegion
|-damage|p2a: Garchomp|90/100|[from] item: Life Orb
|
|win|daunting david
||daunting david is ready for game 2.
||panijc is ready for game 2.
|uhtml|next|Next: Game 2 of 3
|l|☆daunting david
|player|p2|
