|j|☆Dominicex
|j|☆rovbmc
|html|Dominicexrovbmc    
|uhtml|bestof|Game 1 of a best-of-3
|t:|1783897928
|gametype|doubles
|player|p1|Dominicex|#smogonxnpa2026draftee|
|player|p2|rovbmc|#dplxicratermakers|
|gen|9
|tier|[Gen 9 Champions] VGC 2026 Reg M-B (Bo3)
|rule|Species Clause: Limit one of each Pokémon
|rule|Item Clause: Limit 1 of each item
|clearpoke
|poke|p1|Blastoise, L50, M|
|poke|p1|Delphox, L50, F|
|poke|p1|Sneasler, L50, M|
|poke|p1|Incineroar, L50, F|
|poke|p1|Sinistcha-Masterpiece, L50|
|poke|p1|Kingambit, L50, M|
|poke|p2|Charizard, L50, F|
|poke|p2|Aerodactyl, L50, F|
|poke|p2|Farigiraf, L50, M|
|poke|p2|Incineroar, L50, F|
|poke|p2|Sylveon, L50, F|
|poke|p2|Garchomp, L50, M|
|teampreview|4
|showteam|p1|Blastoise||Blastoisinite|Torrent|WaterSpout,DarkPulse,ShellSmash,Protect|Modest||M|||50|]Delphox||Delphoxite|Blaze|HeatWave,Psyshock,NastyPlot,Protect|Timid||F|||50|]Sneasler||FocusSash|PoisonTouch|FakeOut,CloseCombat,DireClaw,QuickGuard|Jolly||M|||50|]Incineroar||SitrusBerry|Intimidate|FakeOut,DarkestLariat,FlareBlitz,PartingShot|Impish||F|||50|]Sinistcha-Masterpiece||KasibBerry|Hospitality|MatchaGotcha,RagePowder,TrickRoom,Protect|Bold|||||50|]Kingambit||BlackGlasses|Defiant|KowtowCleave,SuckerPunch,SwordsDance,Protect|Adamant||M|||50|
|showteam|p2|Charizard||CharizarditeY|Blaze|HeatWave,WeatherBall,SolarBeam,Protect|Modest||F|||50|]Aerodactyl||FocusSash|Unnerve|RockSlide,Tailwind,WideGuard,Protect|Jolly||F|||50|]Farigiraf||SitrusBerry|ArmorTail|Psyshock,HelpingHand,TrickRoom,Protect|Calm||M|||50|]Incineroar||Charcoal|Intimidate|FlareBlitz,DarkestLariat,PartingShot,FakeOut|Brave||F|||50|]Sylveon||FairyFeather|Pixilate|HyperVoice,Yawn,QuickAttack,Protect|Modest||F|||50|]Garchomp||LifeOrb|RoughSkin|Earthquake,DragonClaw,StompingTantrum,Protect|Jolly||M|||50|
|c|☆Dominicex|Glhf
|l|☆Dominicex
|player|p1|
|j| kunal
|c|☆rovbmc|u2
|j| skittycel
|j| Kenan
|j|+Radio Free C-Side
|j| Chris Numbers
|j| srvoltmike
|j| ned04817
|j|☆Dominicex
|player|p1|Dominicex|#smogonxnpa2026draftee|
|j| Hasayo
|j| Chien pao master
|l| Chien pao master
|n|+Radio Free C-Side|radiofreecside
|
|t:|1783898043
|teamsize|p1|4
|teamsize|p2|4
|start
|switch|p1a: Incineroar|Incineroar, L50, F|100/100
|switch|p1b: Delphox|Delphox, L50, F|100/100
|switch|p2a: Charizard|Charizard, L50, F|100/100
|switch|p2b: Garchomp|Garchomp, L50, M|100/100
|-ability|p1a: Incineroar|Intimidate|boost
|-unboost|p2a: Charizard|atk|1
|-unboost|p2b: Garchomp|atk|1
|turn|1
|j|+mizuhime
|
|t:|1783898070
|switch|p2b: Incineroar|Incineroar, L50, F|100/100
|-ability|p2b: Incineroar|Intimidate|boost
|-unboost|p1a: Incineroar|atk|1
|-unboost|p1b: Delphox|atk|1
|detailschange|p1b: Delphox|Delphox-Mega, L50, F
|-mega|p1b: Delphox|Delphox|Delphoxite
|detailschange|p2a: Charizard|Charizard-Mega-Y, L50, F
|-mega|p2a: Charizard|Charizard|Charizardite Y
|-weather|SunnyDay|[from] ability: Drought|[of] p2a: Charizard
|move|p1b: Delphox|Nasty Plot|p1b: Delphox
|-boost|p1b: Delphox|spa|2
|move|p2a: Charizard|Weather Ball|p1b: Delphox
|-resisted|p1b: Delphox|1
|-damage|p1b: Delphox|62/100
|move|p1a: Incineroar|Parting Shot|p2b: Incineroar
|-unboost|p2b: Incineroar|atk|1
|-unboost|p2b: Incineroar|spa|1
|
|t:|1783898088
|switch|p1a: Sinistcha|Sinistcha-Masterpiece, L50|100/100|[from] Parting Shot
|-heal|p1b: Delphox|87/100|[from] ability: Hospitality|[of] p1a: Sinistcha
|
|-weather|SunnyDay|[upkeep]
|upkeep
|turn|2
|
|t:|1783898118
|switch|p1a: Incineroar|Incineroar, L50, F|100/100
|-ability|p1a: Incineroar|Intimidate|boost
|-unboost|p2a: Charizard|atk|1
|-unboost|p2b: Incineroar|atk|1
|move|p1b: Delphox|Protect|p1b: Delphox
|-singleturn|p1b: Delphox|Protect
|move|p2b: Incineroar|Fake Out|p1b: Delphox
|-activate|p1b: Delphox|move: Protect
|move|p2a: Charizard|Weather Ball|p1a: Incineroar
|-resisted|p1a: Incineroar|1
|-damage|p1a: Incineroar|62/100
|
|-weather|SunnyDay|[upkeep]
|upkeep
|turn|3
|
|t:|1783898160
|move|p2a: Charizard|Protect|p2a: Charizard
|-singleturn|p2a: Charizard|Protect
|move|p1b: Delphox|Heat Wave|p2a: Charizard|[spread] p2b
|-activate|p2a: Charizard|move: Protect
|-resisted|p2b: Incineroar|1
|-damage|p2b: Incineroar|47/100
|move|p1a: Incineroar|Parting Shot|p2b: Incineroar
|-unboost|p2b: Incineroar|atk|1
|-unboost|p2b: Incineroar|spa|1
|
|t:|1783898174
|switch|p1a: Kingambit|Kingambit, L50, M|100/100|[from] Parting Shot
|move|p2b: Incineroar|Parting Shot|p1b: Delphox
|-unboost|p1b: Delphox|atk|1
|-unboost|p1b: Delphox|spa|1
|
|t:|1783898219
|switch|p2b: Farigiraf|Farigiraf, L50, M|100/100|[from] Parting Shot
|
|-weather|SunnyDay|[upkeep]
|upkeep
|turn|4
|
|t:|1783898249
|switch|p1a: Incineroar|Incineroar, L50, F|62/100
|-ability|p1a: Incineroar|Intimidate|boost
|-unboost|p2a: Charizard|atk|1
|-unboost|p2b: Farigiraf|atk|1
|move|p1b: Delphox|Heat Wave|p2a: Charizard|[spread] p2b
|-miss|p1b: Delphox|p2a: Charizard
|-damage|p2b: Farigiraf|31/100
|-enditem|p2b: Farigiraf|Sitrus Berry|[eat]
|-heal|p2b: Farigiraf|56/100|[from] item: Sitrus Berry
|move|p2a: Charizard|Heat Wave|p1a: Incineroar|[spread] p1a
|-miss|p2a: Charizard|p1b: Delphox
|-resisted|p1a: Incineroar|1
|-damage|p1a: Incineroar|37/100
|-enditem|p1a: Incineroar|Sitrus Berry|[eat]
|-heal|p1a: Incineroar|62/100|[from] item: Sitrus Berry
|move|p2b: Farigiraf|Trick Room|p2b: Farigiraf
|-fieldstart|move: Trick Room|[of] p2b: Farigiraf
|
|-weather|SunnyDay|[upkeep]
|upkeep
|turn|5
|
|t:|1783898279
|move|p2b: Farigiraf|Helping Hand|p2a: Charizard
|-singleturn|p2a: Charizard|Helping Hand|[of] p2b: Farigiraf
|move|p1a: Incineroar|Parting Shot|p2a: Charizard
|-unboost|p2a: Charizard|atk|1
|-unboost|p2a: Charizard|spa|1
|
|t:|1783898297
|switch|p1a: Sinistcha|Sinistcha-Masterpiece, L50|100/100|[from] Parting Shot
|-heal|p1b: Delphox|100/100|[from] ability: Hospitality|[of] p1a: Sinistcha
|move|p2a: Charizard|Heat Wave|p1a: Sinistcha|[spread] p1a,p1b
|-supereffective|p1a: Sinistcha|1
|-resisted|p1b: Delphox|1
|-damage|p1a: Sinistcha|0 fnt
|-damage|p1b: Delphox|71/100
|faint|p1a: Sinistcha
|move|p1b: Delphox|Nasty Plot|p1b: Delphox
|-boost|p1b: Delphox|spa|2
|
|-weather|none
|upkeep
|
|t:|1783898308
|switch|p1a: Kingambit|Kingambit, L50, M|100/100
|turn|6
|j| Chien pao master
|j| LogIce
|j|+Actuarily
|
|t:|1783898341
|move|p2b: Farigiraf|Helping Hand|p2a: Charizard
|-singleturn|p2a: Charizard|Helping Hand|[of] p2b: Farigiraf
|move|p1a: Kingambit|Kowtow Cleave|p2a: Charizard
|-damage|p2a: Charizard|45/100
|move|p2a: Charizard|Heat Wave|p1a: Kingambit|[spread] p1a,p1b
|-supereffective|p1a: Kingambit|1
|-resisted|p1b: Delphox|1
|-damage|p1a: Kingambit|18/100
|-damage|p1b: Delphox|52/100
|move|p1b: Delphox|Heat Wave|p2b: Farigiraf|[spread] p2a,p2b
|-resisted|p2a: Charizard|1
|-damage|p2a: Charizard|0 fnt
|-damage|p2b: Farigiraf|0 fnt
|faint|p2a: Charizard
|faint|p2b: Farigiraf
|
|upkeep
|
|t:|1783898348
|switch|p2b: Incineroar|Incineroar, L50, F|47/100
|switch|p2a: Garchomp|Garchomp, L50, M|100/100
|-ability|p2b: Incineroar|Intimidate|boost
|-unboost|p1a: Kingambit|atk|1
|-ability|p1a: Kingambit|Defiant|boost
|-boost|p1a: Kingambit|atk|2
|-unboost|p1b: Delphox|atk|1
|turn|7
|j| Skwovetboi
|j| AIRedzone
|j| xmarsh
|
|t:|1783898397
|move|p1b: Delphox|Protect|p1b: Delphox
|-singleturn|p1b: Delphox|Protect
|move|p2b: Incineroar|Fake Out|p1b: Delphox
|-activate|p1b: Delphox|move: Protect
|move|p1a: Kingambit|Kowtow Cleave|p2a: Garchomp
|-damage|p2a: Garchomp|15/100
|-damage|p1a: Kingambit|5/100|[from] ability: Rough Skin|[of] p2a: Garchomp
|move|p2a: Garchomp|Stomping Tantrum|p1a: Kingambit
|-supereffective|p1a: Kingambit|1
|-damage|p1a: Kingambit|0 fnt
|faint|p1a: Kingambit
|-damage|p2a: Garchomp|5/100|[from] item: Life Orb
|
|upkeep
|
|t:|1783898410
|switch|p1a: Incineroar|Incineroar, L50, F|62/100
|-ability|p1a: Incineroar|Intimidate|boost
|-unboost|p2a: Garchomp|atk|1
|-unboost|p2b: Incineroar|atk|1
|turn|8
|l| Chien pao master
|
|t:|1783898432
|move|p1a: Incineroar|Fake Out|p2b: Incineroar
|-damage|p2b: Incineroar|37/100
|cant|p2b: Incineroar|flinch
|move|p2a: Garchomp|Stomping Tantrum|p1a: Incineroar
|-supereffective|p1a: Incineroar|1
|-damage|p1a: Incineroar|12/100
|-damage|p2a: Garchomp|0 fnt|[from] item: Life Orb
|faint|p2a: Garchomp
|move|p1b: Delphox|Heat Wave|p2b: Incineroar
|-resisted|p2b: Incineroar|1
|-damage|p2b: Incineroar|0 fnt
|faint|p2b: Incineroar
|
|win|Dominicex
|j|+bagel
|inactive|Dominicex has 30 seconds to confirm battle start!
|inactive|rovbmc has 30 seconds to confirm battle start!
||Dominicex is ready for game 2.
|l|+Actuarily
||rovbmc is ready for game 2.
|uhtml|next|Next: Game 2 of 3
|j| Chien pao master
|j| thebusinesspiggy2
|l| Hasayo
|l| Chien pao master
|l| LogIce
|j| Chien pao master
|l| Chien pao master
|l|+Radio Free C-Side
|j| sheepie_sheep
|l| xmarsh
|j| tortuga desnuda
|j| porygon2
|j| IcyPenguin604
|l| Kenan
|l| porygon2
|j| Chien pao master
|l| srvoltmike
|l| Chien pao master
|l| kunal
|l| IcyPenguin604
|l| thebusinesspiggy2
|l| Skwovetboi
|j|+Radio Free C-Side
|j| Alolan HTH
|l| AIRedzone
|l|☆Dominicex
|player|p1|
