|j|☆zio_gelato
|j|☆Er ciccio98
|html|zio_gelatoEr ciccio98    
|uhtml|bestof|Game 1 of a best-of-3
|t:|1757839337
|gametype|doubles
|player|p1|zio_gelato|cynthia-gen4|
|player|p2|Er ciccio98|101|
|gen|9
|tier|[Gen 9] VGC 2025 Reg H (Bo3)
|rule|Species Clause: Limit one of each Pokémon
|rule|Item Clause: Limit 1 of each item
|clearpoke
|poke|p1|Archaludon, L50, M|
|poke|p1|Rillaboom, L50, M|
|poke|p1|Basculegion, L50, M|
|poke|p1|Kingambit, L50, F|
|poke|p1|Pelipper, L50, F|
|poke|p1|Electabuzz, L50, F|
|poke|p2|Incineroar, L50, F|
|poke|p2|Torkoal, L50, M|
|poke|p2|Electabuzz, L50, F|
|poke|p2|Ursaluna-Bloodmoon, L50, M|
|poke|p2|Mimikyu, L50, M|
|poke|p2|Lilligant-Hisui, L50, F|
|teampreview|4
|showteam|p1|Archaludon||AssaultVest|Stamina|ElectroShot,DracoMeteor,FlashCannon,BodyPress|||M|||50|,,,,,Fairy]Rillaboom||GrassySeed|GrassySurge|WoodHammer,GrassyGlide,FakeOut,HighHorsepower|||M|||50|,,,,,Fire]Basculegion||ChoiceBand|SwiftSwim|WaveCrash,LastRespects,FlipTurn,AquaJet|||M|||50|,,,,,Grass]Kingambit||BlackGlasses|Defiant|KowtowCleave,SuckerPunch,SwordsDance,Protect|||F|||50|,,,,,Dark]Pelipper||FocusSash|Drizzle|WeatherBall,Hurricane,Tailwind,Protect|||F|||50|,,,,,Ghost]Electabuzz||Eviolite|VitalSpirit|Electroweb,Taunt,FollowMe,Protect|||F|||50|,,,,,Ghost
|showteam|p2|Incineroar||AssaultVest|Intimidate|FakeOut,KnockOff,FlareBlitz,Uturn|||F|||50|,,,,,Bug]Torkoal||Charcoal|Drought|Eruption,Protect,Flamethrower,ClearSmog|||M|||50|,,,,,Fire]Electabuzz||Eviolite|Static|FollowMe,Electroweb,Taunt,HelpingHand|||F|||50|,,,,,Ghost]Ursaluna-Bloodmoon||LifeOrb|MindsEye|HyperVoice,BloodMoon,Protect,EarthPower|||M|||50|,,,,,Normal]Mimikyu||MentalHerb|Disguise|ShadowSneak,PlayRough,ShadowClaw,TrickRoom|||M|||50|,,,,,Steel]Lilligant-Hisui||FocusSash|Chlorophyll|AfterYou,CloseCombat,SleepPowder,LeafBlade|||F|||50|,,,,,Ghost
|inactive|Battle timer is ON: inactive players will automatically lose when time's up. (requested by zio_gelato)
|inactive|Er ciccio98 also wants the timer to be on.
|inactive|Er ciccio98 has 60 seconds left.
|
|t:|1757839402
|teamsize|p1|4
|teamsize|p2|4
|start
|switch|p1a: Rillaboom|Rillaboom, L50, M|100/100
|switch|p1b: Basculegion|Basculegion, L50, M|100/100
|switch|p2a: Incineroar|Incineroar, L50, F|100/100
|switch|p2b: Ursaluna|Ursaluna-Bloodmoon, L50, M|100/100
|-fieldstart|move: Grassy Terrain|[from] ability: Grassy Surge|[of] p1a: Rillaboom
|-enditem|p1a: Rillaboom|Grassy Seed
|-boost|p1a: Rillaboom|def|1|[from] item: Grassy Seed
|-ability|p2a: Incineroar|Intimidate|boost
|-unboost|p1a: Rillaboom|atk|1
|-unboost|p1b: Basculegion|atk|1
|turn|1
|inactive|zio_gelato has 30 seconds left.
|inactive|Er ciccio98 has 30 seconds left.
|inactive|zio_gelato has 20 seconds left.
|inactive|Er ciccio98 has 20 seconds left.
|inactive|zio_gelato has 15 seconds left.
|inactive|Er ciccio98 has 15 seconds left.
|inactive|Er ciccio98 has 10 seconds left.
|
|t:|1757839450
|switch|p2b: Torkoal|Torkoal, L50, M|100/100
|-weather|SunnyDay|[from] ability: Drought|[of] p2b: Torkoal
|move|p1a: Rillaboom|Fake Out|p2a: Incineroar
|-damage|p2a: Incineroar|93/100
|move|p1b: Basculegion|Flip Turn|p2a: Incineroar
|-supereffective|p2a: Incineroar
|-damage|p2a: Incineroar|67/100
|
|t:|1757839459
|switch|p1b: Pelipper|Pelipper, L50, F|100/100|[from] Flip Turn
|-weather|RainDance|[from] ability: Drizzle|[of] p1b: Pelipper
|cant|p2a: Incineroar|flinch
|
|-weather|RainDance|[upkeep]
|-heal|p2a: Incineroar|73/100|[from] Grassy Terrain
|upkeep
|turn|2
|inactive|zio_gelato has 30 seconds left.
|
|t:|1757839489
|move|p2b: Torkoal|Protect|p2b: Torkoal
|-singleturn|p2b: Torkoal|Protect
|move|p1a: Rillaboom|Wood Hammer|p2b: Torkoal
|-activate|p2b: Torkoal|move: Protect
|move|p1b: Pelipper|Tailwind|p1b: Pelipper
|-sidestart|p1: zio_gelato|move: Tailwind
|move|p2a: Incineroar|U-turn|p1a: Rillaboom
|-supereffective|p1a: Rillaboom
|-damage|p1a: Rillaboom|73/100
|
|t:|1757839499
|switch|p2a: Lilligant|Lilligant-Hisui, L50, F|100/100|[from] U-turn
|
|-weather|RainDance|[upkeep]
|-heal|p1a: Rillaboom|79/100|[from] Grassy Terrain
|upkeep
|turn|3
|
|t:|1757839524
|switch|p2b: Incineroar|Incineroar, L50, F|73/100
|-ability|p2b: Incineroar|Intimidate|boost
|-unboost|p1a: Rillaboom|atk|1
|-unboost|p1b: Pelipper|atk|1
|-terastallize|p2a: Lilligant|Ghost
|move|p1a: Rillaboom|High Horsepower|p2b: Incineroar|[miss]
|-miss|p1a: Rillaboom|p2b: Incineroar
|move|p1b: Pelipper|Weather Ball|p2b: Incineroar
|-supereffective|p2b: Incineroar
|-damage|p2b: Incineroar|0 fnt
|faint|p2b: Incineroar
|move|p2a: Lilligant|Close Combat|p1a: Rillaboom
|-damage|p1a: Rillaboom|41/100
|-unboost|p2a: Lilligant|def|1
|-unboost|p2a: Lilligant|spd|1
|
|-weather|RainDance|[upkeep]
|-heal|p1a: Rillaboom|47/100|[from] Grassy Terrain
|upkeep
|
|t:|1757839541
|switch|p2b: Torkoal|Torkoal, L50, M|100/100
|-weather|SunnyDay|[from] ability: Drought|[of] p2b: Torkoal
|turn|4
|inactive|zio_gelato has 30 seconds left.
|inactive|zio_gelato has 20 seconds left.
|
|t:|1757839580
|-terastallize|p1a: Rillaboom|Fire
|move|p1a: Rillaboom|Grassy Glide|p2a: Lilligant
|-damage|p2a: Lilligant|57/100
|move|p2a: Lilligant|Leaf Blade|p1b: Pelipper
|-damage|p1b: Pelipper|30/100
|move|p1b: Pelipper|Weather Ball|p2a: Lilligant
|-damage|p2a: Lilligant|0 fnt
|faint|p2a: Lilligant
|move|p2b: Torkoal|Eruption|p1b: Pelipper|[spread] p1a,p1b
|-resisted|p1a: Rillaboom
|-resisted|p1b: Pelipper
|-damage|p1a: Rillaboom|0 fnt
|-damage|p1b: Pelipper|0 fnt
|faint|p1a: Rillaboom
|faint|p1b: Pelipper
|
|-weather|SunnyDay|[upkeep]
|upkeep
|
|t:|1757839598
|switch|p2a: Ursaluna|Ursaluna-Bloodmoon, L50, M|100/100
|switch|p1a: Basculegion|Basculegion, L50, M|100/100
|switch|p1b: Archaludon|Archaludon, L50, M|100/100
|turn|5
|inactive|zio_gelato has 30 seconds left.
|inactive|zio_gelato has 20 seconds left.
|inactive|zio_gelato has 15 seconds left.
|inactive|zio_gelato has 10 seconds left.
|inactive|zio_gelato has 5 seconds left.
|
|t:|1757839652
|move|p2b: Torkoal|Protect|p2b: Torkoal
|-singleturn|p2b: Torkoal|Protect
|move|p1a: Basculegion|Wave Crash|p2a: Ursaluna
|-supereffective|p2a: Ursaluna
|-damage|p2a: Ursaluna|41/100
|-damage|p1a: Basculegion|80/100|[from] Recoil
|move|p1b: Archaludon|Body Press|p2b: Torkoal
|-activate|p2b: Torkoal|move: Protect
|move|p2a: Ursaluna|Blood Moon|p1a: Basculegion
|-damage|p1a: Basculegion|0 fnt
|faint|p1a: Basculegion
|-damage|p2a: Ursaluna|31/100|[from] item: Life Orb
|
|-weather|SunnyDay|[upkeep]
|-heal|p2a: Ursaluna|37/100|[from] Grassy Terrain
|-sideend|p1: zio_gelato|move: Tailwind
|-fieldend|move: Grassy Terrain
|upkeep
|turn|6
|inactive|zio_gelato has 30 seconds left.
|
|t:|1757839680
|move|p1b: Archaludon|Body Press|p2b: Torkoal
|-damage|p2b: Torkoal|82/100
|move|p2a: Ursaluna|Hyper Voice|p1b: Archaludon
|-resisted|p1b: Archaludon
|-crit|p1b: Archaludon
|-damage|p1b: Archaludon|62/100
|-ability|p1b: Archaludon|Stamina|boost
|-boost|p1b: Archaludon|def|1
|-damage|p2a: Ursaluna|27/100|[from] item: Life Orb
|move|p2b: Torkoal|Eruption|p1b: Archaludon
|-damage|p1b: Archaludon|0 fnt
|faint|p1b: Archaludon
|
|win|Er ciccio98
||zio_gelato is ready for game 2.
|inactive|Er ciccio98 has 30 seconds to confirm battle start!
||Er ciccio98 is ready for game 2.
|uhtml|next|Next: Game 2 of 3
