|j|☆hide on whimsicott
|j|☆burbujina
|html|hide on whimsicottburbujina    
|uhtml|bestof|Game 1 of a best-of-3
|t:|1782668416
|gametype|doubles
|player|p1|hide on whimsicott|artist-gen4|1224
|player|p2|burbujina|brawly|1330
|gen|9
|tier|[Gen 9 Champions] VGC 2026 Reg M-B (Bo3)
|rated|
|rule|Species Clause: Limit one of each Pokémon
|rule|Item Clause: Limit 1 of each item
|clearpoke
|poke|p1|Gardevoir, L50, M|
|poke|p1|Basculegion, L50, M|
|poke|p1|Pelipper, L50, F|
|poke|p1|Archaludon, L50, F|
|poke|p1|Maushold-Four, L50|
|poke|p1|Swampert, L50, F|
|poke|p2|Talonflame, L50, F|
|poke|p2|Staraptor, L50, F|
|poke|p2|Gholdengo, L50|
|poke|p2|Floette-Eternal, L50, F|
|poke|p2|Garchomp, L50, M|
|poke|p2|Kingambit, L50, M|
|teampreview|4
|showteam|p1|Gardevoir||Gardevoirite|Trace|Psyshock,HyperVoice,Protect,TrickRoom|Modest||M|||50|]Basculegion||ChoiceScarf|Adaptability|LastRespects,WaveCrash,PsychicFangs,FlipTurn|Adamant||M|||50|]Pelipper||SitrusBerry|Drizzle|Hurricane,Tailwind,WeatherBall,RainDance|Bold||F|||50|]Archaludon||Leftovers|Stamina|ElectroShot,DragonPulse,FlashCannon,Protect|Modest||F|||50|]Maushold-Four||FocusSash|FriendGuard|Feint,SuperFang,Protect,FollowMe|Jolly|||||50|]Swampert||Swampertite|Torrent|IcePunch,HighHorsepower,WaveCrash,Protect|Adamant||F|||50|
|showteam|p2|Talonflame||SharpBeak|FlameBody|DualWingbeat,Tailwind,FlareBlitz,QuickGuard|Jolly||F|||50|]Staraptor||Staraptite|Intimidate|CloseCombat,BraveBird,Roost,Protect|Jolly||F|||50|]Gholdengo||FocusSash|GoodasGold|MakeItRain,ShadowBall,PowerGem,Thunderbolt|Timid|||||50|]Floette-Eternal||Floettite|FlowerVeil|Moonblast,DazzlingGleam,LightofRuin,Protect|Modest||F|||50|]Garchomp||LifeOrb|RoughSkin|StompingTantrum,Earthquake,DragonClaw,Protect|Jolly||M|||50|]Kingambit||ChopleBerry|Defiant|KowtowCleave,SuckerPunch,IronHead,Protect|Adamant||M|||50|
|inactive|Battle timer is ON: inactive players will automatically lose when time's up. (requested by hide on whimsicott)
|
|t:|1782668440
|teamsize|p1|4
|teamsize|p2|4
|start
|switch|p1a: Basculegion|Basculegion, L50, M|100/100
|switch|p1b: Gardevoir|Gardevoir, L50, M|100/100
|switch|p2a: Talonflame|Talonflame, L50, F|100/100
|switch|p2b: Gholdengo|Gholdengo, L50|100/100
|-ability|p1b: Gardevoir|Flame Body|Trace|[from] ability: Trace|[of] p2a: Talonflame
|turn|1
|
|t:|1782668454
|switch|p1b: Maushold|Maushold-Four, L50|100/100
|move|p2a: Talonflame|Tailwind|p2a: Talonflame
|-sidestart|p2: burbujina|move: Tailwind
|move|p2b: Gholdengo|Shadow Ball|p1a: Basculegion
|-supereffective|p1a: Basculegion|1
|-damage|p1a: Basculegion|25/100
|move|p1a: Basculegion|Flip Turn|p2a: Talonflame
|-supereffective|p2a: Talonflame|1
|-damage|p2a: Talonflame|0 fnt
|faint|p2a: Talonflame
|
|t:|1782668468
|switch|p1a: Archaludon|Archaludon, L50, F|100/100|[from] Flip Turn
|
|upkeep
|
|t:|1782668477
|switch|p2a: Floette|Floette-Eternal, L50, F|100/100
|turn|2
|
|t:|1782668485
|switch|p2b: Garchomp|Garchomp, L50, M|100/100
|detailschange|p2a: Floette|Floette-Mega, L50, F
|-mega|p2a: Floette|Floette|Floettite
|-ability|p2a: Floette|Fairy Aura
|move|p1b: Maushold|Protect|p1b: Maushold
|-singleturn|p1b: Maushold|Protect
|move|p1a: Archaludon|Protect|p1a: Archaludon
|-singleturn|p1a: Archaludon|Protect
|move|p2a: Floette|Moonblast|p1b: Maushold
|-activate|p1b: Maushold|move: Protect
|
|upkeep
|turn|3
|
|t:|1782668505
|move|p1b: Maushold|Follow Me|p1b: Maushold
|-singleturn|p1b: Maushold|move: Follow Me
|move|p2b: Garchomp|Stomping Tantrum|p1b: Maushold
|-crit|p1b: Maushold
|-enditem|p1b: Maushold|Focus Sash
|-damage|p1b: Maushold|1/100
|-damage|p2b: Garchomp|90/100|[from] item: Life Orb
|move|p2a: Floette|Moonblast|p1b: Maushold
|-damage|p1b: Maushold|0 fnt
|faint|p1b: Maushold
|move|p1a: Archaludon|Dragon Pulse|p2b: Garchomp
|-supereffective|p2b: Garchomp|1
|-damage|p2b: Garchomp|0 fnt
|faint|p2b: Garchomp
|
|upkeep
|
|t:|1782668521
|switch|p1b: Gardevoir|Gardevoir, L50, M|100/100
|switch|p2b: Gholdengo|Gholdengo, L50|100/100
|-ability|p1b: Gardevoir|Fairy Aura|Trace|[from] ability: Trace|[of] p2a: Floette
|-ability|p1b: Gardevoir|Fairy Aura
|turn|4
|inactive|hide on whimsicott has 30 seconds left.
|inactive|hide on whimsicott has 20 seconds left.
|inactive|hide on whimsicott has 15 seconds left.
|
|t:|1782668561
|detailschange|p1b: Gardevoir|Gardevoir-Mega, L50, M
|-mega|p1b: Gardevoir|Gardevoir|Gardevoirite
|move|p1b: Gardevoir|Protect|p1b: Gardevoir
|-singleturn|p1b: Gardevoir|Protect
|move|p1a: Archaludon|Protect|p1a: Archaludon
|-singleturn|p1a: Archaludon|Protect
|move|p2a: Floette|Light of Ruin|p1a: Archaludon
|-activate|p1a: Archaludon|move: Protect
|move|p2b: Gholdengo|Shadow Ball|p1b: Gardevoir
|-activate|p1b: Gardevoir|move: Protect
|
|-sideend|p2: burbujina|move: Tailwind
|upkeep
|turn|5
|inactive|hide on whimsicott has 30 seconds left.
|inactive|burbujina has 30 seconds left.
|
|t:|1782668590
|move|p2a: Floette|Light of Ruin|p1a: Archaludon
|-damage|p1a: Archaludon|0 fnt
|faint|p1a: Archaludon
|-damage|p2a: Floette|41/100|[from] Recoil
|move|p2b: Gholdengo|Shadow Ball|p1b: Gardevoir
|-supereffective|p1b: Gardevoir|1
|-damage|p1b: Gardevoir|28/100
|move|p1b: Gardevoir|Hyper Voice|p2b: Gholdengo|[spread] p2a,p2b
|-resisted|p2b: Gholdengo|1
|-damage|p2a: Floette|0 fnt
|-damage|p2b: Gholdengo|59/100
|faint|p2a: Floette
|
|upkeep
|
|t:|1782668595
|switch|p1a: Basculegion|Basculegion, L50, M|25/100
|turn|6
|
|t:|1782668604
|move|p1a: Basculegion|Last Respects|p2b: Gholdengo
|-supereffective|p2b: Gholdengo|1
|-damage|p2b: Gholdengo|0 fnt
|faint|p2b: Gholdengo
|
|win|hide on whimsicott
