|j|☆platinumflare
|j|☆babydimelavelda
|html|platinumflarebabydimelavelda    
|uhtml|bestof|Game 3 of a best-of-3
|t:|1785255314
|gametype|doubles
|player|p1|platinumflare|lance|1243
|player|p2|babydimelavelda|169|1280
|gen|9
|tier|[Gen 9 Champions] VGC 2026 Reg M-B (Bo3)
|rated|
|rule|Species Clause: Limit one of each Pokémon
|rule|Item Clause: Limit 1 of each item
|clearpoke
|poke|p1|Raichu, L50, F|
|poke|p1|Farigiraf, L50, M|
|poke|p1|Meowscarada, L50, F|
|poke|p1|Sneasler, L50, M|
|poke|p1|Talonflame, L50, F|
|poke|p1|Basculegion, L50, M|
|poke|p2|Tyranitar, L50, F|
|poke|p2|Excadrill, L50, F|
|poke|p2|Staraptor, L50, F|
|poke|p2|Sinistcha, L50|
|poke|p2|Gholdengo, L50|
|poke|p2|Milotic, L50, F|
|teampreview|4
|showteam|p1|Raichu||RaichuniteY|LightningRod|ZapCannon,FocusBlast,Protect,GrassKnot|Timid||F|||50|]Farigiraf||SitrusBerry|ArmorTail|Psychic,Roar,HyperVoice,Protect|Modest||M|||50|]Meowscarada||ChoiceScarf|Protean|FlowerTrick,ThroatChop,TripleAxel,Uturn|Jolly||F|||50|]Sneasler||WhiteHerb|Unburden|GunkShot,CloseCombat,Protect,FakeOut|Jolly||M|||50|]Talonflame||SharpBeak|GaleWings|Tailwind,DualWingbeat,Protect,FlareBlitz|Jolly||F|||50|]Basculegion||LifeOrb|Adaptability|WaveCrash,AquaJet,LastRespects,Protect|Adamant||M|||50|
|showteam|p2|Tyranitar||Tyranitarite|SandStream|KnockOff,RockSlide,HighHorsepower,Protect|Jolly||F|||50|]Excadrill||FocusSash|SandRush|HighHorsepower,RockSlide,IronHead,Protect|Adamant||F|||50|]Staraptor||Staraptite|Intimidate|BraveBird,CloseCombat,Tailwind,Protect|Jolly||F|||50|]Sinistcha||KasibBerry|Hospitality|MatchaGotcha,RagePowder,ShadowBall,Protect|Bold|||||50|]Gholdengo||LifeOrb|GoodasGold|MakeItRain,ShadowBall,NastyPlot,Protect|Modest|||||50|]Milotic||Leftovers|Competitive|Scald,IcyWind,Haze,Protect|Calm||F|||50|
|inactive|Battle timer is ON: inactive players will automatically lose when time's up. (requested by platinumflare)
|j| Galen6ixGod
|inactive|platinumflare has 60 seconds left.
|
|t:|1785255347
|teamsize|p1|4
|teamsize|p2|4
|start
|switch|p1a: Basculegion|Basculegion, L50, M|100/100
|switch|p1b: Meowscarada|Meowscarada, L50, F|100/100
|switch|p2a: Tyranitar|Tyranitar, L50, F|100/100
|switch|p2b: Sinistcha|Sinistcha, L50|100/100
|-weather|Sandstorm|[from] ability: Sand Stream|[of] p2a: Tyranitar
|turn|1
|
|t:|1785255366
|move|p1a: Basculegion|Protect|p1a: Basculegion
|-singleturn|p1a: Basculegion|Protect
|move|p2a: Tyranitar|Protect|p2a: Tyranitar
|-singleturn|p2a: Tyranitar|Protect
|move|p2b: Sinistcha|Protect|p2b: Sinistcha
|-singleturn|p2b: Sinistcha|Protect
|move|p1b: Meowscarada|Triple Axel|p2b: Sinistcha
|-start|p1b: Meowscarada|typechange|Ice|[from] ability: Protean
|-activate|p2b: Sinistcha|move: Protect
|
|-weather|Sandstorm|[upkeep]
|-damage|p1b: Meowscarada|94/100|[from] Sandstorm
|-damage|p1a: Basculegion|93/100|[from] Sandstorm
|-damage|p2b: Sinistcha|94/100|[from] Sandstorm
|upkeep
|turn|2
|
|t:|1785255388
|switch|p1a: Raichu|Raichu, L50, F|100/100
|switch|p2b: Gholdengo|Gholdengo, L50|100/100
|move|p1b: Meowscarada|Triple Axel|p2b: Gholdengo
|-resisted|p2b: Gholdengo|1
|-damage|p2b: Gholdengo|95/100
|-resisted|p2b: Gholdengo|1
|-damage|p2b: Gholdengo|86/100
|-resisted|p2b: Gholdengo|1
|-damage|p2b: Gholdengo|74/100
|-hitcount|p2b: Gholdengo|3
|move|p2a: Tyranitar|Knock Off|p1a: Raichu
|-damage|p1a: Raichu|49/100
|
|-weather|Sandstorm|[upkeep]
|-damage|p1b: Meowscarada|88/100|[from] Sandstorm
|-damage|p1a: Raichu|43/100|[from] Sandstorm
|upkeep
|turn|3
|inactive|babydimelavelda has 30 seconds left.
|
|t:|1785255414
|switch|p1b: Talonflame|Talonflame, L50, F|100/100
|switch|p2a: Sinistcha|Sinistcha, L50|94/100
|-heal|p2b: Gholdengo|98/100|[from] ability: Hospitality|[of] p2a: Sinistcha
|detailschange|p1a: Raichu|Raichu-Mega-Y, L50, F
|-mega|p1a: Raichu|Raichu|Raichunite Y
|move|p1a: Raichu|Zap Cannon|p2b: Gholdengo
|-damage|p2b: Gholdengo|44/100
|-status|p2b: Gholdengo|par
|move|p2b: Gholdengo|Make It Rain|p1b: Talonflame|[spread] p1a,p1b
|-resisted|p1a: Raichu|1
|-resisted|p1b: Talonflame|1
|-damage|p1a: Raichu|5/100
|-damage|p1b: Talonflame|62/100
|-unboost|p2b: Gholdengo|spa|2
|-damage|p2b: Gholdengo|35/100 par|[from] item: Life Orb
|
|-weather|Sandstorm|[upkeep]
|-damage|p1b: Talonflame|56/100|[from] Sandstorm
|-damage|p1a: Raichu|0 fnt|[from] Sandstorm
|-damage|p2a: Sinistcha|88/100|[from] Sandstorm
|faint|p1a: Raichu
|upkeep
|
|t:|1785255422
|switch|p1a: Basculegion|Basculegion, L50, M|93/100
|turn|4
|inactive|babydimelavelda has 30 seconds left.
|
|t:|1785255452
|move|p1b: Talonflame|Flare Blitz|p2a: Sinistcha
|-supereffective|p2a: Sinistcha|1
|-damage|p2a: Sinistcha|22/100
|-damage|p1b: Talonflame|35/100|[from] Recoil
|move|p1a: Basculegion|Last Respects|p2b: Gholdengo
|-supereffective|p2b: Gholdengo|1
|-damage|p2b: Gholdengo|0 fnt
|faint|p2b: Gholdengo
|-damage|p1a: Basculegion|84/100|[from] item: Life Orb
|move|p2a: Sinistcha|Matcha Gotcha|p1a: Basculegion|[spread] p1b
|-miss|p2a: Sinistcha|p1a: Basculegion
|-resisted|p1b: Talonflame|2
|-damage|p1b: Talonflame|27/100
|-heal|p2a: Sinistcha|26/100|[from] drain|[of] p1b: Talonflame
|
|-weather|Sandstorm|[upkeep]
|-damage|p1b: Talonflame|21/100|[from] Sandstorm
|-damage|p1a: Basculegion|78/100|[from] Sandstorm
|-damage|p2a: Sinistcha|21/100|[from] Sandstorm
|upkeep
|
|t:|1785255463
|switch|p2b: Excadrill|Excadrill, L50, F|100/100
|turn|5
|inactive|babydimelavelda has 30 seconds left.
|inactive|platinumflare has 30 seconds left.
|
|t:|1785255495
|switch|p1b: Meowscarada|Meowscarada, L50, F|88/100
|switch|p2a: Tyranitar|Tyranitar, L50, F|100/100
|move|p1a: Basculegion|Protect|p1a: Basculegion
|-singleturn|p1a: Basculegion|Protect
|move|p2b: Excadrill|High Horsepower|p1a: Basculegion
|-activate|p1a: Basculegion|move: Protect
|
|-weather|none
|upkeep
|turn|6
|
|t:|1785255513
|detailschange|p2a: Tyranitar|Tyranitar-Mega, L50, F
|-mega|p2a: Tyranitar|Tyranitar|Tyranitarite
|-weather|Sandstorm|[from] ability: Sand Stream|[of] p2a: Tyranitar
|move|p1a: Basculegion|Aqua Jet|p2b: Excadrill
|-supereffective|p2b: Excadrill|1
|-damage|p2b: Excadrill|5/100
|-damage|p1a: Basculegion|68/100|[from] item: Life Orb
|move|p1b: Meowscarada|Flower Trick|p2b: Excadrill
|-start|p1b: Meowscarada|typechange|Grass|[from] ability: Protean
|-crit|p2b: Excadrill
|-damage|p2b: Excadrill|0 fnt
|faint|p2b: Excadrill
|move|p2a: Tyranitar|Rock Slide|p1a: Basculegion|[spread] p1a,p1b
|-damage|p1a: Basculegion|24/100
|-damage|p1b: Meowscarada|38/100
|
|-weather|Sandstorm|[upkeep]
|-damage|p1b: Meowscarada|32/100|[from] Sandstorm
|-damage|p1a: Basculegion|18/100|[from] Sandstorm
|upkeep
|
|t:|1785255524
|switch|p2b: Sinistcha|Sinistcha, L50|21/100
|turn|7
|
|t:|1785255541
|move|p1a: Basculegion|Protect|p1a: Basculegion
|-singleturn|p1a: Basculegion|Protect
|move|p1b: Meowscarada|Flower Trick|p2a: Tyranitar
|-supereffective|p2a: Tyranitar|1
|-crit|p2a: Tyranitar
|-damage|p2a: Tyranitar|36/100
|move|p2a: Tyranitar|Rock Slide|p1a: Basculegion|[spread] p1b
|-activate|p1a: Basculegion|move: Protect
|-damage|p1b: Meowscarada|0 fnt
|faint|p1b: Meowscarada
|move|p2b: Sinistcha|Matcha Gotcha|p1a: Basculegion
|-activate|p1a: Basculegion|move: Protect
|
|-weather|Sandstorm|[upkeep]
|-damage|p1a: Basculegion|12/100|[from] Sandstorm
|-damage|p2b: Sinistcha|15/100|[from] Sandstorm
|upkeep
|
|t:|1785255547
|switch|p1b: Talonflame|Talonflame, L50, F|21/100
|turn|8
|
|t:|1785255556
|move|p2a: Tyranitar|Protect|p2a: Tyranitar
|-singleturn|p2a: Tyranitar|Protect
|move|p2b: Sinistcha|Protect|p2b: Sinistcha
|-singleturn|p2b: Sinistcha|Protect
|move|p1b: Talonflame|Flare Blitz|p2b: Sinistcha
|-activate|p2b: Sinistcha|move: Protect
|move|p1a: Basculegion|Wave Crash|p2a: Tyranitar
|-activate|p2a: Tyranitar|move: Protect
|
|-weather|Sandstorm|[upkeep]
|-damage|p1b: Talonflame|15/100|[from] Sandstorm
|-damage|p1a: Basculegion|6/100|[from] Sandstorm
|-damage|p2b: Sinistcha|9/100|[from] Sandstorm
|upkeep
|turn|9
|inactive|babydimelavelda has 30 seconds left.
|inactive|babydimelavelda has 20 seconds left.
|
|t:|1785255595
|move|p2b: Sinistcha|Rage Powder|p2b: Sinistcha
|-singleturn|p2b: Sinistcha|move: Rage Powder
|move|p1b: Talonflame|Flare Blitz|p2b: Sinistcha
|-supereffective|p2b: Sinistcha|1
|-damage|p2b: Sinistcha|0 fnt
|faint|p2b: Sinistcha
|-damage|p1b: Talonflame|12/100|[from] Recoil
|move|p2a: Tyranitar|Rock Slide|p1b: Talonflame|[spread] p1a,p1b
|-supereffective|p1b: Talonflame|2
|-damage|p1a: Basculegion|0 fnt
|-damage|p1b: Talonflame|0 fnt
|faint|p1a: Basculegion
|faint|p1b: Talonflame
|
|win|babydimelavelda
|raw|platinumflare's rating: 1243 → 1221(-22 for losing)
|raw|babydimelavelda's rating: 1280 → 1302(+22 for winning)
|l|☆babydimelavelda
|player|p2|
|l|☆platinumflare
|player|p1|
|j|☆platinumflare
|player|p1|platinumflare|lance|
|l| Galen6ixGod
|l|☆platinumflare
|player|p1|
|j|☆platinumflare
|player|p1|platinumflare|lance|
