|j|☆Pareng Khufra
|j|☆jeanryupr
|html|Pareng Khufrajeanryupr    
|uhtml|bestof|Game 3 of a best-of-3
|t:|1786155590
|gametype|doubles
|player|p1|Pareng Khufra|101|1293
|player|p2|jeanryupr|1|1286
|gen|9
|tier|[Gen 9 Champions] VGC 2026 Reg M-B (Bo3)
|rated|
|rule|Species Clause: Limit one of each Pokémon
|rule|Item Clause: Limit 1 of each item
|clearpoke
|poke|p1|Houndoom, L50, F|
|poke|p1|Venusaur, L50, M|
|poke|p1|Torkoal, L50, F|
|poke|p1|Annihilape, L50, F|
|poke|p1|Farigiraf, L50, F|
|poke|p1|Kangaskhan, L50, F|
|poke|p2|Staraptor, L50, M|
|poke|p2|Glimmora, L50, F|
|poke|p2|Whimsicott, L50, F|
|poke|p2|Kingambit, L50, M|
|poke|p2|Garchomp, L50, M|
|poke|p2|Delphox, L50, M|
|teampreview|4
|showteam|p1|Houndoom||Houndoominite|FlashFire|HeatWave,DarkPulse,Protect,Overheat|Timid||F|||50|]Venusaur||LifeOrb|Chlorophyll|Protect,SludgeBomb,SolarBeam,EarthPower|Modest||M|||50|]Torkoal||Charcoal|Drought|Eruption,WeatherBall,HelpingHand,Protect|Quiet||F|||50|]Annihilape||ChoiceScarf|Defiant|Uturn,RockSlide,IcePunch,CloseCombat|Jolly||F|||50|]Farigiraf||SitrusBerry|ArmorTail|Psychic,TrickRoom,Protect,Thunderbolt|Bold||F|||50|]Kangaskhan||Kangaskhanite|Scrappy|FakeOut,DoubleEdge,IcePunch,LowKick|Adamant||F|||50|
|showteam|p2|Staraptor||Staraptite|Intimidate|CloseCombat,BraveBird,Roost,Protect|Jolly||M|||50|]Glimmora||FocusSash|ToxicDebris|PowerGem,SludgeBomb,EarthPower,SpikyShield|Modest||F|||50|]Whimsicott||OccaBerry|Prankster|Tailwind,Moonblast,Charm,LightScreen|Timid||F|||50|]Kingambit||LifeOrb|Defiant|KowtowCleave,IronHead,Protect,SuckerPunch|Adamant||M|||50|]Garchomp||ChoiceScarf|RoughSkin|Earthquake,DragonClaw,RockSlide,StompingTantrum|Adamant||M|||50|]Delphox||Delphoxite|Blaze|HeatWave,Psychic,Encore,Protect|Timid||M|||50|
|
|t:|1786155620
|teamsize|p1|4
|teamsize|p2|4
|start
|switch|p1a: Farigiraf|Farigiraf, L50, F|100/100
|switch|p1b: Kangaskhan|Kangaskhan, L50, F|100/100
|switch|p2a: Delphox|Delphox, L50, M|100/100
|switch|p2b: Kingambit|Kingambit, L50, M|100/100
|turn|1
|
|t:|1786155644
|switch|p1a: Annihilape|Annihilape, L50, F|100/100
|detailschange|p2a: Delphox|Delphox-Mega, L50, M
|-mega|p2a: Delphox|Delphox|Delphoxite
|detailschange|p1b: Kangaskhan|Kangaskhan-Mega, L50, F
|-mega|p1b: Kangaskhan|Kangaskhan|Kangaskhanite
|move|p2b: Kingambit|Protect|p2b: Kingambit
|-singleturn|p2b: Kingambit|Protect
|move|p1b: Kangaskhan|Fake Out|p2a: Delphox
|-damage|p2a: Delphox|63/100
|-damage|p2a: Delphox|55/100
|-hitcount|p2a: Delphox|2
|cant|p2a: Delphox|flinch
|
|upkeep
|turn|2
|
|t:|1786155671
|switch|p2a: Garchomp|Garchomp, L50, M|100/100
|switch|p1b: Farigiraf|Farigiraf, L50, F|100/100
|switch|p2b: Glimmora|Glimmora, L50, F|100/100
|move|p1a: Annihilape|Rock Slide|p2a: Garchomp|[spread] p2a
|-miss|p1a: Annihilape|p2b: Glimmora
|-resisted|p2a: Garchomp|1
|-damage|p2a: Garchomp|92/100
|
|upkeep
|turn|3
|
|t:|1786155705
|switch|p1a: Kangaskhan|Kangaskhan-Mega, L50, F|100/100
|switch|p2b: Kingambit|Kingambit, L50, M|100/100
|move|p2a: Garchomp|Stomping Tantrum|p1b: Farigiraf
|-damage|p1b: Farigiraf|67/100
|move|p1b: Farigiraf|Trick Room|p1b: Farigiraf
|-fieldstart|move: Trick Room|[of] p1b: Farigiraf
|
|upkeep
|turn|4
|
|t:|1786155738
|switch|p2a: Glimmora|Glimmora, L50, F|100/100
|move|p1b: Farigiraf|Protect|p1b: Farigiraf
|-singleturn|p1b: Farigiraf|Protect
|move|p2b: Kingambit|Kowtow Cleave|p1b: Farigiraf
|-activate|p1b: Farigiraf|move: Protect
|move|p1a: Kangaskhan|Low Kick|p2b: Kingambit
|-supereffective|p2b: Kingambit|2
|-damage|p2b: Kingambit|0 fnt
|faint|p2b: Kingambit
|
|upkeep
|
|t:|1786155745
|switch|p2b: Garchomp|Garchomp, L50, M|92/100
|turn|5
|
|t:|1786155754
|switch|p2b: Delphox|Delphox-Mega, L50, M|55/100
|move|p2a: Glimmora|Spiky Shield|p2a: Glimmora
|-singleturn|p2a: Glimmora|move: Protect
|move|p1b: Farigiraf|Psychic|p2a: Glimmora
|-activate|p2a: Glimmora|move: Protect
|move|p1a: Kangaskhan|Ice Punch|p2b: Delphox
|-resisted|p2b: Delphox|1
|-damage|p2b: Delphox|32/100
|-resisted|p2b: Delphox|1
|-damage|p2b: Delphox|27/100
|-hitcount|p2b: Delphox|2
|
|upkeep
|turn|6
|
|t:|1786155771
|switch|p2b: Garchomp|Garchomp, L50, M|92/100
|move|p1b: Farigiraf|Psychic|p2a: Glimmora
|-supereffective|p2a: Glimmora|1
|-damage|p2a: Glimmora|4/100
|-unboost|p2a: Glimmora|spd|1
|move|p1a: Kangaskhan|Ice Punch|p2a: Glimmora
|-damage|p2a: Glimmora|0 fnt
|-activate|p2a: Glimmora|ability: Toxic Debris
|-sidestart|p1: Pareng Khufra|move: Toxic Spikes
|faint|p2a: Glimmora
|
|upkeep
|
|t:|1786155781
|switch|p2a: Delphox|Delphox-Mega, L50, M|27/100
|turn|7
|
|t:|1786155790
|move|p2a: Delphox|Protect|p2a: Delphox
|-singleturn|p2a: Delphox|Protect
|move|p1b: Farigiraf|Thunderbolt|p2a: Delphox
|-activate|p2a: Delphox|move: Protect
|move|p1a: Kangaskhan|Ice Punch|p2b: Garchomp
|-supereffective|p2b: Garchomp|2
|-damage|p2b: Garchomp|0 fnt
|-damage|p1a: Kangaskhan|87/100|[from] ability: Rough Skin|[of] p2b: Garchomp
|faint|p2b: Garchomp
|
|-fieldend|move: Trick Room
|upkeep
|turn|8
|
|t:|1786155806
|move|p2a: Delphox|Heat Wave|p1a: Kangaskhan|[spread] p1a,p1b
|-damage|p1a: Kangaskhan|53/100
|-damage|p1b: Farigiraf|30/100
|-enditem|p1b: Farigiraf|Sitrus Berry|[eat]
|-heal|p1b: Farigiraf|54/100|[from] item: Sitrus Berry
|move|p1a: Kangaskhan|Double-Edge|p2a: Delphox
|-damage|p2a: Delphox|0 fnt
|faint|p2a: Delphox
|-damage|p1a: Kangaskhan|46/100|[from] Recoil
|
|win|Pareng Khufra
