|j|☆bagarreSinge
|j|☆yoshino1906
|html|bagarreSingeyoshino1906    
|uhtml|bestof|Game 3 of a best-of-3
|t:|1755784601
|gametype|doubles
|player|p1|bagarreSinge|harlequin|1194
|player|p2|yoshino1906|169|1219
|gen|9
|tier|[Gen 9] VGC 2025 Reg H (Bo3)
|rated|
|rule|Species Clause: Limit one of each Pokémon
|rule|Item Clause: Limit 1 of each item
|clearpoke
|poke|p1|Pelipper, L50, F|
|poke|p1|Archaludon, L50, M|
|poke|p1|Amoonguss, L50, F|
|poke|p1|Incineroar, L50, F|
|poke|p1|Ursaluna, L50, M|
|poke|p1|Porygon2, L50|
|poke|p2|Incineroar, L50, F|
|poke|p2|Porygon2, L50|
|poke|p2|Ursaluna, L50, F|
|poke|p2|Hatterene, L50, F|
|poke|p2|Torkoal, L50, M|
|poke|p2|Annihilape, L50, F|
|teampreview|4
|showteam|p1|Pelipper||FocusSash|Drizzle|WeatherBall,Hurricane,Tailwind,Protect|||F|||50|,,,,,Ghost]Archaludon||AssaultVest|Stamina|DracoMeteor,FlashCannon,ElectroShot,BodyPress|||M|||50|,,,,,Fairy]Amoonguss||RockyHelmet|Regenerator|PollenPuff,ClearSmog,Spore,RagePowder|||F|||50|,,,,,Fairy]Incineroar||SafetyGoggles|Intimidate|KnockOff,FakeOut,WillOWisp,PartingShot|||F|||50|,,,,,Ghost]Ursaluna||FlameOrb|Guts|Facade,HeadlongRush,Earthquake,Protect|||M|||50|,,,,,Ghost]Porygon2||Eviolite|Download|TeraBlast,IceBeam,TrickRoom,Recover||||||50|,,,,,Fighting
|showteam|p2|Incineroar||SafetyGoggles|Intimidate|FlareBlitz,KnockOff,PartingShot,FakeOut|||F|||50|,,,,,Ghost]Porygon2||Eviolite|Download|TeraBlast,IceBeam,Recover,TrickRoom||||||50|,,,,,Fighting]Ursaluna||FlameOrb|Guts|Facade,HeadlongRush,ShadowClaw,Protect|||F|||50|,,,,,Ghost]Hatterene||LifeOrb|MagicBounce|ExpandingForce,DazzlingGleam,TrickRoom,Protect|||F|||50|,,,,,Fire]Torkoal||Charcoal|Drought|Eruption,HeatWave,ClearSmog,Protect|||M|||50|,,,,,Fire]Annihilape||ChoiceScarf|Defiant|CloseCombat,FinalGambit,ShadowClaw,Uturn|||F|||50|,,,,,Fire
|inactive|Battle timer is ON: inactive players will automatically lose when time's up. (requested by yoshino1906)
|inactive|bagarreSinge has 60 seconds left.
|
|t:|1755784642
|teamsize|p1|4
|teamsize|p2|4
|start
|switch|p1a: Archaludon|Archaludon, L50, M|100/100
|switch|p1b: Pelipper|Pelipper, L50, F|100/100
|switch|p2a: Incineroar|Incineroar, L50, F, shiny|100/100
|switch|p2b: Hatterene|Hatterene, L50, F|100/100
|-weather|RainDance|[from] ability: Drizzle|[of] p1b: Pelipper
|-ability|p2a: Incineroar|Intimidate|boost
|-unboost|p1a: Archaludon|atk|1
|-unboost|p1b: Pelipper|atk|1
|turn|1
|
|t:|1755784666
|switch|p1b: Incineroar|Incineroar, L50, F|100/100
|-ability|p1b: Incineroar|Intimidate|boost
|-unboost|p2a: Incineroar|atk|1
|-unboost|p2b: Hatterene|atk|1
|switch|p2a: Torkoal|Torkoal, L50, M|100/100
|-weather|SunnyDay|[from] ability: Drought|[of] p2a: Torkoal
|-terastallize|p2b: Hatterene|Fire
|move|p1a: Archaludon|Flash Cannon|p2b: Hatterene
|-resisted|p2b: Hatterene
|-damage|p2b: Hatterene|80/100
|move|p2b: Hatterene|Trick Room|p2b: Hatterene
|-fieldstart|move: Trick Room|[of] p2b: Hatterene
|
|-weather|SunnyDay|[upkeep]
|upkeep
|turn|2
|inactive|bagarreSinge has 30 seconds left.
|inactive|bagarreSinge has 20 seconds left.
|inactive|bagarreSinge has 15 seconds left.
|inactive|bagarreSinge has 10 seconds left.
|inactive|bagarreSinge has 5 seconds left.
|
|t:|1755784718
|switch|p2b: Incineroar|Incineroar, L50, F, shiny|100/100
|-ability|p2b: Incineroar|Intimidate|boost
|-unboost|p1a: Archaludon|atk|1
|-unboost|p1b: Incineroar|atk|1
|switch|p1b: Pelipper|Pelipper, L50, F|100/100
|-weather|RainDance|[from] ability: Drizzle|[of] p1b: Pelipper
|move|p2a: Torkoal|Eruption|p1b: Pelipper|[spread] p1a,p1b
|-resisted|p1b: Pelipper
|-damage|p1a: Archaludon|81/100
|-damage|p1b: Pelipper|76/100
|-ability|p1a: Archaludon|Stamina|boost
|-boost|p1a: Archaludon|def|1
|move|p1a: Archaludon|Electro Shot||[still]
|-prepare|p1a: Archaludon|Electro Shot
|-boost|p1a: Archaludon|spa|1
|-anim|p1a: Archaludon|Electro Shot|p2b: Incineroar
|-damage|p2b: Incineroar|49/100
|
|-weather|RainDance|[upkeep]
|upkeep
|turn|3
|inactive|bagarreSinge has 30 seconds left.
|inactive|bagarreSinge has 20 seconds left.
|
|t:|1755784757
|switch|p2a: Porygon2|Porygon2, L50, shiny|100/100
|-ability|p2a: Porygon2|Download|boost
|-boost|p2a: Porygon2|spa|1
|move|p2b: Incineroar|Parting Shot|p1a: Archaludon
|-unboost|p1a: Archaludon|atk|1
|-unboost|p1a: Archaludon|spa|1
|
|t:|1755784763
|switch|p2b: Torkoal|Torkoal, L50, M|100/100|[from] Parting Shot
|-weather|SunnyDay|[from] ability: Drought|[of] p2b: Torkoal
|move|p1a: Archaludon|Electro Shot||[still]
|-prepare|p1a: Archaludon|Electro Shot
|-boost|p1a: Archaludon|spa|1
|move|p1b: Pelipper|Weather Ball|p2a: Porygon2
|-damage|p2a: Porygon2|77/100
|
|-weather|SunnyDay|[upkeep]
|upkeep
|turn|4
|
|t:|1755784778
|switch|p1b: Incineroar|Incineroar, L50, F|100/100
|-ability|p1b: Incineroar|Intimidate|boost
|-unboost|p2a: Porygon2|atk|1
|-unboost|p2b: Torkoal|atk|1
|move|p2b: Torkoal|Eruption|p1a: Archaludon|[spread] p1a,p1b
|-resisted|p1b: Incineroar
|-damage|p1a: Archaludon|28/100
|-damage|p1b: Incineroar|65/100
|-ability|p1a: Archaludon|Stamina|boost
|-boost|p1a: Archaludon|def|1
|move|p2a: Porygon2|Tera Blast|p1b: Incineroar
|-damage|p1b: Incineroar|29/100
|move|p1a: Archaludon|Electro Shot|p2b: Torkoal|[from] lockedmove
|-damage|p2b: Torkoal|22/100
|
|-weather|SunnyDay|[upkeep]
|upkeep
|turn|5
|inactive|bagarreSinge has 30 seconds left.
|
|t:|1755784807
|-terastallize|p1a: Archaludon|Fairy
|move|p1b: Incineroar|Fake Out|p2b: Torkoal
|-damage|p2b: Torkoal|14/100
|cant|p2b: Torkoal|flinch
|move|p2a: Porygon2|Tera Blast|p1a: Archaludon
|-damage|p1a: Archaludon|0 fnt
|faint|p1a: Archaludon
|
|-weather|SunnyDay|[upkeep]
|-fieldend|move: Trick Room
|upkeep
|
|t:|1755784822
|switch|p1a: Pelipper|Pelipper, L50, F|76/100
|-weather|RainDance|[from] ability: Drizzle|[of] p1a: Pelipper
|turn|6
|inactive|bagarreSinge has 30 seconds left.
|
|t:|1755784856
|switch|p1a: Ursaluna|Ursaluna, L50, M|100/100
|switch|p2b: Incineroar|Incineroar, L50, F, shiny|49/100
|-ability|p2b: Incineroar|Intimidate|boost
|-unboost|p1a: Ursaluna|atk|1
|-unboost|p1b: Incineroar|atk|1
|move|p1b: Incineroar|Knock Off|p2a: Porygon2
|-crit|p2a: Porygon2
|-damage|p2a: Porygon2|46/100
|-enditem|p2a: Porygon2|Eviolite|[from] move: Knock Off|[of] p1b: Incineroar
|move|p2a: Porygon2|Trick Room|p2a: Porygon2
|-fieldstart|move: Trick Room|[of] p2a: Porygon2
|
|-weather|RainDance|[upkeep]
|-status|p1a: Ursaluna|brn|[from] item: Flame Orb
|upkeep
|turn|7
|inactive|bagarreSinge has 30 seconds left.
|inactive|bagarreSinge has 20 seconds left.
|inactive|bagarreSinge has 15 seconds left.
|inactive|bagarreSinge has 10 seconds left.
|inactive|bagarreSinge has 5 seconds left.
|
|t:|1755784909
|move|p1a: Ursaluna|Protect|p1a: Ursaluna
|-singleturn|p1a: Ursaluna|Protect
|move|p2b: Incineroar|Fake Out|p1a: Ursaluna
|-activate|p1a: Ursaluna|move: Protect
|move|p2a: Porygon2|Recover|p2a: Porygon2
|-heal|p2a: Porygon2|96/100
|move|p1b: Incineroar|Knock Off|p2b: Incineroar
|-resisted|p2b: Incineroar
|-damage|p2b: Incineroar|39/100
|-enditem|p2b: Incineroar|Safety Goggles|[from] move: Knock Off|[of] p1b: Incineroar
|
|-weather|RainDance|[upkeep]
|-damage|p1a: Ursaluna|95/100 brn|[from] brn
|upkeep
|turn|8
|
|t:|1755784926
|switch|p1b: Pelipper|Pelipper, L50, F|76/100
|move|p2a: Porygon2|Ice Beam|p1a: Ursaluna
|-supereffective|p1a: Ursaluna
|-damage|p1a: Ursaluna|38/100 brn
|move|p2b: Incineroar|Parting Shot|p1a: Ursaluna
|-unboost|p1a: Ursaluna|atk|1
|-unboost|p1a: Ursaluna|spa|1
|
|t:|1755784933
|switch|p2b: Torkoal|Torkoal, L50, M|14/100|[from] Parting Shot
|-weather|SunnyDay|[from] ability: Drought|[of] p2b: Torkoal
|move|p1a: Ursaluna|Earthquake|p2a: Porygon2|[spread] p2a,p2b
|-immune|p1b: Pelipper
|-supereffective|p2b: Torkoal
|-damage|p2a: Porygon2|69/100
|-damage|p2b: Torkoal|0 fnt
|faint|p2b: Torkoal
|
|-weather|SunnyDay|[upkeep]
|-damage|p1a: Ursaluna|32/100 brn|[from] brn
|upkeep
|
|t:|1755784935
|switch|p2b: Hatterene|Hatterene, L50, F, tera:Fire|80/100
|turn|9
|
|t:|1755784946
|move|p1a: Ursaluna|Protect|p1a: Ursaluna
|-singleturn|p1a: Ursaluna|Protect
|move|p1b: Pelipper|Protect|p1b: Pelipper
|-singleturn|p1b: Pelipper|Protect
|move|p2b: Hatterene|Dazzling Gleam|p1b: Pelipper|[spread] 
|-activate|p1a: Ursaluna|move: Protect
|-activate|p1b: Pelipper|move: Protect
|move|p2a: Porygon2|Tera Blast|p1b: Pelipper
|-activate|p1b: Pelipper|move: Protect
|
|-weather|SunnyDay|[upkeep]
|-damage|p1a: Ursaluna|27/100 brn|[from] brn
|upkeep
|turn|10
|
|t:|1755784964
|switch|p1a: Incineroar|Incineroar, L50, F|29/100
|-ability|p1a: Incineroar|Intimidate|boost
|-unboost|p2a: Porygon2|atk|1
|-unboost|p2b: Hatterene|atk|1
|move|p1b: Pelipper|Protect||[still]
|-fail|p1b: Pelipper
|move|p2b: Hatterene|Dazzling Gleam|p1a: Incineroar|[spread] p1a,p1b
|-damage|p1a: Incineroar|0 fnt
|-damage|p1b: Pelipper|1/100
|faint|p1a: Incineroar
|-damage|p2b: Hatterene|71/100|[from] item: Life Orb
|move|p2a: Porygon2|Tera Blast|p1b: Pelipper
|-damage|p1b: Pelipper|0 fnt
|faint|p1b: Pelipper
|
|-weather|SunnyDay|[upkeep]
|-fieldend|move: Trick Room
|upkeep
|
|t:|1755784977
|switch|p1a: Ursaluna|Ursaluna, L50, M|27/100 brn
|turn|11
|
|t:|1755784990
|switch|p2b: Incineroar|Incineroar, L50, F, shiny|39/100
|-ability|p2b: Incineroar|Intimidate|boost
|-unboost|p1a: Ursaluna|atk|1
|move|p1a: Ursaluna|Earthquake|p2a: Porygon2|[spread] p2a,p2b
|-supereffective|p2b: Incineroar
|-crit|p2b: Incineroar
|-damage|p2a: Porygon2|29/100
|-damage|p2b: Incineroar|0 fnt
|faint|p2b: Incineroar
|move|p2a: Porygon2|Tera Blast|p1a: Ursaluna
|-damage|p1a: Ursaluna|0 fnt
|faint|p1a: Ursaluna
|
|win|yoshino1906
|raw|bagarreSinge's rating: 1194 → 1171(-23 for losing)
|raw|yoshino1906's rating: 1219 → 1242(+23 for winning)
|l|☆yoshino1906
|player|p2|
