|j|☆becomingother
|j|☆nazunabpd
|html|becomingothernazunabpd    
|uhtml|bestof|Game 2 of a best-of-3
|t:|1757935850
|gametype|doubles
|player|p1|becomingother|1|1059
|player|p2|nazunabpd|roxie|1132
|gen|9
|tier|[Gen 9] VGC 2025 Reg H (Bo3)
|rated|
|rule|Species Clause: Limit one of each Pokémon
|rule|Item Clause: Limit 1 of each item
|clearpoke
|poke|p1|Kingambit, L50, M|
|poke|p1|Arcanine-Hisui, L50, F|
|poke|p1|Whimsicott, L50, M|
|poke|p1|Dragonite, L50, M|
|poke|p1|Archaludon, L50, M|
|poke|p1|Ursaluna-Bloodmoon, L50, M|
|poke|p2|Amoonguss, L50, M|
|poke|p2|Sneasler, L50, M|
|poke|p2|Rillaboom, L50, F|
|poke|p2|Gholdengo, L50|
|poke|p2|Pelipper, L50, F|
|poke|p2|Basculegion, L50, M|
|teampreview|4
|showteam|p1|Kingambit||SafetyGoggles|Defiant|KowtowCleave,Protect,SuckerPunch,SwordsDance|||M|||50|,,,,,Fire]Arcanine-Hisui||SitrusBerry|Intimidate|Howl,FlareBlitz,RockSlide,Protect|||F|||50|,,,,,Grass]Whimsicott||CovertCloak|Prankster|BeatUp,Moonblast,Encore,Tailwind|||M|||50|,,,,,Water]Dragonite||ChoiceBand|InnerFocus|TeraBlast,Outrage,StompingTantrum,ExtremeSpeed|||M|||50|,,,,,Flying]Archaludon||AssaultVest|Stamina|BodyPress,ElectroShot,FlashCannon,DracoMeteor|||M|||50|,,,,,Grass]Ursaluna-Bloodmoon||LifeOrb|MindsEye|HyperVoice,BloodMoon,EarthPower,Protect|||M|||50|,,,,,Normal
|showteam|p2|Amoonguss||SitrusBerry|Regenerator|Spore,RagePowder,Protect,SludgeBomb|||M|||50|,,,,,Water]Sneasler||FocusSash|Unburden|DireClaw,CloseCombat,FakeOut,Protect|||M|||50|,,,,,Stellar]Rillaboom||AssaultVest|GrassySurge|FakeOut,GrassyGlide,Uturn,KnockOff|||F|||50|,,,,,Steel]Gholdengo||LifeOrb|GoodasGold|MakeItRain,ShadowBall,Protect,FocusBlast||||||50|,,,,,Steel]Pelipper||CovertCloak|Drizzle|Tailwind,WideGuard,Hurricane,WeatherBall|||F|||50|,,,,,Grass]Basculegion||ChoiceBand|SwiftSwim|WaveCrash,FlipTurn,LastRespects,AquaJet|||M|||50|,,,,,Ghost
|inactive|Battle timer is ON: inactive players will automatically lose when time's up. (requested by becomingother)
|inactive|nazunabpd has 60 seconds left.
|
|t:|1757935884
|teamsize|p1|4
|teamsize|p2|4
|start
|switch|p1a: Whimsicott|Whimsicott, L50, M|100/100
|switch|p1b: Dragonite|Dragonite, L50, M|100/100
|switch|p2a: Sneasler|Sneasler, L50, M|100/100
|switch|p2b: Amoonguss|Amoonguss, L50, M, shiny|100/100
|turn|1
|inactive|becomingother has 30 seconds left.
|inactive|nazunabpd has 30 seconds left.
|
|t:|1757935916
|move|p2a: Sneasler|Fake Out|p1b: Dragonite
|-damage|p1b: Dragonite|86/100
|move|p1a: Whimsicott|Tailwind|p1a: Whimsicott
|-sidestart|p1: becomingother|move: Tailwind
|move|p1b: Dragonite|Outrage|p2b: Amoonguss
|-damage|p2b: Amoonguss|21/100
|-enditem|p2b: Amoonguss|Sitrus Berry|[eat]
|-heal|p2b: Amoonguss|46/100|[from] item: Sitrus Berry
|move|p2b: Amoonguss|Spore|p1b: Dragonite
|-status|p1b: Dragonite|slp|[from] move: Spore
|
|upkeep
|turn|2
|inactive|nazunabpd has 30 seconds left.
|inactive|nazunabpd has 20 seconds left.
|
|t:|1757935954
|move|p2b: Amoonguss|Rage Powder|p2b: Amoonguss
|-singleturn|p2b: Amoonguss|move: Rage Powder
|move|p1a: Whimsicott|Encore|p2a: Sneasler
|-start|p2a: Sneasler|Encore
|cant|p1b: Dragonite|slp
|move|p2a: Sneasler|Fake Out||[still]
|-hint|Fake Out only works on your first turn out.
|-fail|p2a: Sneasler
|
|upkeep
|turn|3
|
|t:|1757935968
|switch|p2a: Gholdengo|Gholdengo, L50|100/100
|switch|p2b: Rillaboom|Rillaboom, L50, F|100/100
|-fieldstart|move: Grassy Terrain|[from] ability: Grassy Surge|[of] p2b: Rillaboom
|move|p1a: Whimsicott|Moonblast|p2a: Gholdengo
|-resisted|p2a: Gholdengo
|-damage|p2a: Gholdengo|83/100
|-curestatus|p1b: Dragonite|slp|[msg]
|move|p1b: Dragonite|Outrage|p2b: Rillaboom
|-damage|p2b: Rillaboom|19/100
|
|-heal|p2a: Gholdengo|89/100|[from] Grassy Terrain
|-heal|p2b: Rillaboom|25/100|[from] Grassy Terrain
|upkeep
|turn|4
|inactive|becomingother has 30 seconds left.
|inactive|nazunabpd has 30 seconds left.
|inactive|nazunabpd has 20 seconds left.
|
|t:|1757936008
|switch|p1a: Archaludon|Archaludon, L50, M|100/100
|move|p1b: Dragonite|Outrage|p2b: Rillaboom|[from] lockedmove
|-damage|p2b: Rillaboom|0 fnt
|faint|p2b: Rillaboom
|-start|p1b: Dragonite|confusion|[fatigue]
|move|p2a: Gholdengo|Make It Rain|p1a: Archaludon|[spread] p1a,p1b
|-resisted|p1a: Archaludon
|-damage|p1a: Archaludon|74/100
|-damage|p1b: Dragonite|20/100
|-unboost|p2a: Gholdengo|spa|1
|-ability|p1a: Archaludon|Stamina|boost
|-boost|p1a: Archaludon|def|1
|-damage|p2a: Gholdengo|79/100|[from] item: Life Orb
|
|-heal|p1a: Archaludon|80/100|[from] Grassy Terrain
|-heal|p2a: Gholdengo|85/100|[from] Grassy Terrain
|-sideend|p1: becomingother|move: Tailwind
|upkeep
|
|t:|1757936024
|switch|p2b: Sneasler|Sneasler, L50, M|100/100
|turn|5
|inactive|becomingother has 30 seconds left.
|inactive|nazunabpd has 30 seconds left.
|inactive|nazunabpd has 20 seconds left.
|inactive|nazunabpd has 15 seconds left.
|
|t:|1757936068
|switch|p2a: Amoonguss|Amoonguss, L50, M, shiny|79/100
|switch|p1b: Whimsicott|Whimsicott, L50, M|100/100
|move|p2b: Sneasler|Protect|p2b: Sneasler
|-singleturn|p2b: Sneasler|Protect
|move|p1a: Archaludon|Draco Meteor|p2b: Sneasler
|-activate|p2b: Sneasler|move: Protect
|
|-heal|p1a: Archaludon|86/100|[from] Grassy Terrain
|-heal|p2a: Amoonguss|85/100|[from] Grassy Terrain
|upkeep
|turn|6
|
|t:|1757936092
|switch|p2b: Gholdengo|Gholdengo, L50|85/100
|-terastallize|p1a: Archaludon|Grass
|move|p1b: Whimsicott|Encore|p2b: Gholdengo
|-immune|p2b: Gholdengo|[from] ability: Good as Gold
|move|p1a: Archaludon|Draco Meteor|p2a: Amoonguss
|-damage|p2a: Amoonguss|38/100
|-unboost|p1a: Archaludon|spa|2
|move|p2a: Amoonguss|Sludge Bomb|p1a: Archaludon
|-supereffective|p1a: Archaludon
|-damage|p1a: Archaludon|37/100
|-status|p1a: Archaludon|psn
|-ability|p1a: Archaludon|Stamina|boost
|-boost|p1a: Archaludon|def|1
|
|-heal|p2b: Gholdengo|91/100|[from] Grassy Terrain
|-heal|p1a: Archaludon|43/100 psn|[from] Grassy Terrain
|-heal|p2a: Amoonguss|44/100|[from] Grassy Terrain
|-damage|p1a: Archaludon|30/100 psn|[from] psn
|upkeep
|turn|7
|inactive|nazunabpd has 30 seconds left.
|inactive|nazunabpd has 20 seconds left.
|inactive|nazunabpd has 15 seconds left.
|inactive|nazunabpd has 10 seconds left.
|
|t:|1757936137
|switch|p2a: Sneasler|Sneasler, L50, M|100/100
|move|p1b: Whimsicott|Moonblast|p2b: Gholdengo
|-resisted|p2b: Gholdengo
|-damage|p2b: Gholdengo|75/100
|-unboost|p2b: Gholdengo|spa|1
|move|p2b: Gholdengo|Shadow Ball|p1a: Archaludon
|-damage|p1a: Archaludon|0 fnt
|faint|p1a: Archaludon
|-damage|p2b: Gholdengo|65/100|[from] item: Life Orb
|
|-heal|p2b: Gholdengo|71/100|[from] Grassy Terrain
|-fieldend|move: Grassy Terrain
|upkeep
|
|t:|1757936144
|switch|p1a: Dragonite|Dragonite, L50, M|20/100
|turn|8
|inactive|nazunabpd has 30 seconds left.
|
|t:|1757936169
|switch|p2a: Amoonguss|Amoonguss, L50, M, shiny|77/100
|move|p1b: Whimsicott|Tailwind|p1b: Whimsicott
|-sidestart|p1: becomingother|move: Tailwind
|move|p1a: Dragonite|Stomping Tantrum|p2a: Amoonguss
|-damage|p2a: Amoonguss|45/100
|move|p2b: Gholdengo|Make It Rain|p1a: Dragonite|[spread] p1a,p1b
|-supereffective|p1b: Whimsicott
|-damage|p1a: Dragonite|0 fnt
|-damage|p1b: Whimsicott|0 fnt
|-unboost|p2b: Gholdengo|spa|1
|faint|p1a: Dragonite
|faint|p1b: Whimsicott
|-damage|p2b: Gholdengo|61/100|[from] item: Life Orb
|
|upkeep
|inactive|becomingother has 30 seconds left.
|c|☆nazunabpd|wrong play but i'll take it
|inactive|becomingother has 20 seconds left.
|inactive|becomingother has 15 seconds left.
|inactive|becomingother has 10 seconds left.
|inactive|becomingother has 5 seconds left.
|
|t:|1757936224
|switch|p1a: Ursaluna|Ursaluna-Bloodmoon, L50, M|100/100
|turn|9
|inactive|becomingother has 30 seconds left.
|inactive|becomingother has 20 seconds left.
|inactive|becomingother has 15 seconds left.
|inactive|becomingother has 10 seconds left.
|inactive|becomingother has 5 seconds left.
|
|t:|1757936279
|switch|p2a: Sneasler|Sneasler, L50, M|100/100
|move|p2b: Gholdengo|Protect|p2b: Gholdengo
|-singleturn|p2b: Gholdengo|Protect
|move|p1a: Ursaluna|Hyper Voice|p2b: Gholdengo|[spread] p2a
|-activate|p2b: Gholdengo|move: Protect
|-crit|p2a: Sneasler
|-enditem|p2a: Sneasler|Focus Sash
|-damage|p2a: Sneasler|1/100
|-damage|p1a: Ursaluna|91/100|[from] item: Life Orb
|
|upkeep
|turn|10
|inactive|becomingother has 30 seconds left.
|inactive|becomingother has 20 seconds left.
|inactive|becomingother has 15 seconds left.
|inactive|becomingother has 10 seconds left.
|inactive|becomingother has 5 seconds left.
|
|t:|1757936334
|switch|p2b: Amoonguss|Amoonguss, L50, M, shiny|78/100
|-terastallize|p2a: Sneasler|Stellar
|move|p2a: Sneasler|Close Combat|p1a: Ursaluna
|-supereffective|p1a: Ursaluna
|-damage|p1a: Ursaluna|0 fnt
|-unboost|p2a: Sneasler|def|1
|-unboost|p2a: Sneasler|spd|1
|faint|p1a: Ursaluna
|
|win|nazunabpd
||becomingother is ready for game 3.
