|j|☆palermo2222
|j|☆elpibevgc
|html|palermo2222elpibevgc    
|uhtml|bestof|Game 3 of a best-of-3
|t:|1785451750
|gametype|doubles
|player|p1|palermo2222|1|1051
|player|p2|elpibevgc|lucas|1000
|gen|9
|tier|[Gen 9 Champions] VGC 2026 Reg M-B (Bo3)
|rated|
|rule|Species Clause: Limit one of each Pokémon
|rule|Item Clause: Limit 1 of each item
|clearpoke
|poke|p1|Pelipper, L50, F|
|poke|p1|Archaludon, L50, F|
|poke|p1|Swampert, L50, M|
|poke|p1|Raichu, L50, F|
|poke|p1|Sneasler, L50, F|
|poke|p1|Sinistcha, L50|
|poke|p2|Gholdengo, L50|
|poke|p2|Milotic, L50, F|
|poke|p2|Tsareena, L50, F, shiny|
|poke|p2|Garchomp, L50, M|
|poke|p2|Talonflame, L50, F, shiny|
|poke|p2|Raichu, L50, M|
|teampreview|4
|showteam|p1|Pelipper||SitrusBerry|Drizzle|WeatherBall,Hurricane,Tailwind,WideGuard|Bold||F|||50|]Archaludon||Leftovers|Stamina|ElectroShot,DragonPulse,FlashCannon,Protect|Modest||F|||50|]Swampert||Swampertite|Torrent|WaveCrash,Earthquake,IcePunch,Protect|Adamant||M|||50|]Raichu||RaichuniteY|LightningRod|ZapCannon,FocusBlast,FakeOut,Protect|Timid||F|||50|]Sneasler||FocusSash|Unburden|CloseCombat,DireClaw,Protect,FakeOut|Adamant||F|||50|]Sinistcha||KasibBerry|Hospitality|MatchaGotcha,LifeDew,RagePowder,Protect|Bold|||||50|
|showteam|p2|Gholdengo||ChoiceScarf|GoodasGold|MakeItRain,PowerGem,ShadowBall,Trick|Timid|||||50|]Milotic||Leftovers|Competitive|Recover,IcyWind,Scald,Haze|Calm||F|||50|]Tsareena||WideLens|QueenlyMajesty|Protect,TripleAxel,PowerWhip,Taunt|Adamant||F|||50|]Garchomp||LifeOrb|RoughSkin|DragonClaw,RockSlide,StompingTantrum,Protect|Adamant||M|||50|]Talonflame||FocusSash|GaleWings|Tailwind,DualWingbeat,Overheat,Protect|Hasty||F|||50|]Raichu||RaichuniteY|LightningRod|FakeOut,Protect,ZapCannon,FocusBlast|Timid||M|||50|
|
|t:|1785451781
|teamsize|p1|4
|teamsize|p2|4
|start
|switch|p1a: Pelipper|Pelipper, L50, F|100/100
|switch|p1b: Swampert|Swampert, L50, M|100/100
|switch|p2a: Gholdengo|Gholdengo, L50|100/100
|switch|p2b: Talonflame|Talonflame, L50, F, shiny|100/100
|-weather|RainDance|[from] ability: Drizzle|[of] p1a: Pelipper
|turn|1
|
|t:|1785451799
|detailschange|p1b: Swampert|Swampert-Mega, L50, M
|-mega|p1b: Swampert|Swampert|Swampertite
|move|p2b: Talonflame|Tailwind|p2b: Talonflame
|-sidestart|p2: elpibevgc|move: Tailwind
|move|p2a: Gholdengo|Trick|p1a: Pelipper
|-activate|p2a: Gholdengo|move: Trick|[of] p1a: Pelipper
|-item|p1a: Pelipper|Choice Scarf|[from] move: Trick
|-item|p2a: Gholdengo|Sitrus Berry|[from] move: Trick
|move|p1b: Swampert|Wave Crash|p2b: Talonflame
|-supereffective|p2b: Talonflame|1
|-enditem|p2b: Talonflame|Focus Sash
|-damage|p2b: Talonflame|1/100
|-damage|p1b: Swampert|71/100|[from] Recoil
|move|p1a: Pelipper|Tailwind|p1a: Pelipper
|-sidestart|p1: palermo2222|move: Tailwind
|
|-weather|RainDance|[upkeep]
|upkeep
|turn|2
|
|t:|1785451833
|switch|p1a: Archaludon|Archaludon, L50, F|100/100
|move|p1b: Swampert|Ice Punch|p2b: Talonflame
|-damage|p2b: Talonflame|0 fnt
|faint|p2b: Talonflame
|move|p2a: Gholdengo|Shadow Ball|p1b: Swampert
|-damage|p1b: Swampert|30/100
|
|-weather|RainDance|[upkeep]
|upkeep
|
|t:|1785451850
|switch|p2b: Tsareena|Tsareena, L50, F, shiny|100/100
|turn|3
|
|t:|1785451886
|switch|p1a: Sinistcha|Sinistcha, L50|100/100
|-heal|p1b: Swampert|55/100|[from] ability: Hospitality|[of] p1a: Sinistcha
|move|p2b: Tsareena|Protect|p2b: Tsareena
|-singleturn|p2b: Tsareena|Protect
|move|p1b: Swampert|Earthquake|p2b: Tsareena|[spread] p1a,p2a
|-activate|p2b: Tsareena|move: Protect
|-resisted|p1a: Sinistcha|1
|-supereffective|p2a: Gholdengo|1
|-damage|p1a: Sinistcha|84/100
|-damage|p2a: Gholdengo|0 fnt
|faint|p2a: Gholdengo
|
|-weather|RainDance|[upkeep]
|upkeep
|
|t:|1785451898
|switch|p2a: Garchomp|Garchomp, L50, M|100/100
|turn|4
|
|t:|1785451911
|move|p2a: Garchomp|Protect|p2a: Garchomp
|-singleturn|p2a: Garchomp|Protect
|move|p1b: Swampert|Ice Punch|p2a: Garchomp
|-activate|p2a: Garchomp|move: Protect
|move|p2b: Tsareena|Power Whip|p1b: Swampert
|-supereffective|p1b: Swampert|2
|-damage|p1b: Swampert|0 fnt
|faint|p1b: Swampert
|move|p1a: Sinistcha|Life Dew|p1a: Sinistcha
|-heal|p1a: Sinistcha|100/100
|
|-weather|RainDance|[upkeep]
|-sideend|p2: elpibevgc|move: Tailwind
|-sideend|p1: palermo2222|move: Tailwind
|upkeep
|
|t:|1785451920
|switch|p1b: Archaludon|Archaludon, L50, F|100/100
|turn|5
|
|t:|1785451936
|move|p1a: Sinistcha|Rage Powder|p1a: Sinistcha
|-singleturn|p1a: Sinistcha|move: Rage Powder
|move|p2b: Tsareena|Triple Axel|p1b: Archaludon
|-damage|p1b: Archaludon|94/100
|-ability|p1b: Archaludon|Stamina|boost
|-boost|p1b: Archaludon|def|1
|-damage|p1b: Archaludon|86/100
|-ability|p1b: Archaludon|Stamina|boost
|-boost|p1b: Archaludon|def|1
|-damage|p1b: Archaludon|77/100
|-ability|p1b: Archaludon|Stamina|boost
|-boost|p1b: Archaludon|def|1
|-hitcount|p1b: Archaludon|3
|move|p2a: Garchomp|Stomping Tantrum|p1a: Sinistcha
|-resisted|p1a: Sinistcha|1
|-damage|p1a: Sinistcha|82/100
|-damage|p2a: Garchomp|90/100|[from] item: Life Orb
|move|p1b: Archaludon|Dragon Pulse|p2a: Garchomp
|-supereffective|p2a: Garchomp|1
|-damage|p2a: Garchomp|16/100
|
|-weather|none
|-heal|p1b: Archaludon|84/100|[from] item: Leftovers
|upkeep
|turn|6
|
|t:|1785451958
|switch|p1a: Pelipper|Pelipper, L50, F|100/100
|-weather|RainDance|[from] ability: Drizzle|[of] p1a: Pelipper
|move|p2a: Garchomp|Protect|p2a: Garchomp
|-singleturn|p2a: Garchomp|Protect
|move|p2b: Tsareena|Triple Axel|p1a: Pelipper
|-damage|p1a: Pelipper|92/100
|-damage|p1a: Pelipper|77/100
|-damage|p1a: Pelipper|55/100
|-hitcount|p1a: Pelipper|3
|move|p1b: Archaludon|Dragon Pulse|p2a: Garchomp
|-activate|p2a: Garchomp|move: Protect
|
|-weather|RainDance|[upkeep]
|-heal|p1b: Archaludon|90/100|[from] item: Leftovers
|upkeep
|turn|7
|
|t:|1785451980
|move|p1a: Pelipper|Hurricane|p2b: Tsareena
|-supereffective|p2b: Tsareena|1
|-damage|p2b: Tsareena|10/100
|move|p2b: Tsareena|Triple Axel|p1a: Pelipper
|-damage|p1a: Pelipper|47/100
|-damage|p1a: Pelipper|32/100
|-damage|p1a: Pelipper|10/100
|-hitcount|p1a: Pelipper|3
|move|p2a: Garchomp|Rock Slide|p1a: Pelipper|[spread] p1a,p1b
|-supereffective|p1a: Pelipper|1
|-resisted|p1b: Archaludon|1
|-damage|p1a: Pelipper|0 fnt
|-damage|p1b: Archaludon|86/100
|-ability|p1b: Archaludon|Stamina|boost
|-boost|p1b: Archaludon|def|1
|faint|p1a: Pelipper
|-damage|p2a: Garchomp|6/100|[from] item: Life Orb
|cant|p1b: Archaludon|flinch
|
|-weather|RainDance|[upkeep]
|-heal|p1b: Archaludon|92/100|[from] item: Leftovers
|upkeep
|
|t:|1785451985
|switch|p1a: Sinistcha|Sinistcha, L50|82/100
|-heal|p1b: Archaludon|100/100|[from] ability: Hospitality|[of] p1a: Sinistcha
|turn|8
|
|t:|1785452004
|move|p1b: Archaludon|Protect|p1b: Archaludon
|-singleturn|p1b: Archaludon|Protect
|move|p2b: Tsareena|Triple Axel|p1a: Sinistcha
|-supereffective|p1a: Sinistcha|1
|-damage|p1a: Sinistcha|71/100
|-supereffective|p1a: Sinistcha|1
|-damage|p1a: Sinistcha|48/100
|-supereffective|p1a: Sinistcha|1
|-damage|p1a: Sinistcha|18/100
|-hitcount|p1a: Sinistcha|3
|move|p2a: Garchomp|Stomping Tantrum|p1b: Archaludon
|-activate|p1b: Archaludon|move: Protect
|move|p1a: Sinistcha|Matcha Gotcha|p2b: Tsareena|[spread] p2a,p2b
|-resisted|p2b: Tsareena|1
|-damage|p2a: Garchomp|0 fnt
|-heal|p1a: Sinistcha|23/100|[from] drain|[of] p2a: Garchomp
|-damage|p2b: Tsareena|0 fnt
|-heal|p1a: Sinistcha|27/100|[from] drain|[of] p2b: Tsareena
|faint|p2a: Garchomp
|faint|p2b: Tsareena
|
|win|palermo2222
|raw|palermo2222's rating: 1051 → 1079(+28 for winning)
|raw|elpibevgc's rating: 1000 → 1000(+0 for losing)
