|j|☆wittraid
|j|☆veryreally
|html|wittraidveryreally    
|uhtml|bestof|Game 2 of a best-of-3
|t:|1756996792
|gametype|doubles
|player|p1|wittraid|101|1140
|player|p2|veryreally|2|1203
|gen|9
|tier|[Gen 9] VGC 2025 Reg H (Bo3)
|rated|
|rule|Species Clause: Limit one of each Pokémon
|rule|Item Clause: Limit 1 of each item
|clearpoke
|poke|p1|Pelipper, L50, F|
|poke|p1|Archaludon, L50, F|
|poke|p1|Basculegion, L50, M|
|poke|p1|Incineroar, L50, F|
|poke|p1|Sinistcha-Masterpiece, L50|
|poke|p1|Dragonite, L50, F|
|poke|p2|Baxcalibur, L50, F|
|poke|p2|Dondozo, L50, M|
|poke|p2|Kingambit, L50, M|
|poke|p2|Rillaboom, L50, M|
|poke|p2|Sneasler, L50, F|
|poke|p2|Volcarona, L50, M|
|teampreview|4
|showteam|p1|Pelipper||FocusSash|Drizzle|Tailwind,WideGuard,Hurricane,Protect|||F|||50|,,,,,Ghost]Archaludon||AssaultVest|Stamina|ElectroShot,DragonPulse,BodyPress,Snarl|||F|||50|,,,,,Grass]Basculegion||ChoiceBand|SwiftSwim|WaveCrash,LastRespects,AquaJet,FlipTurn|||M|||50|,,,,,Grass]Incineroar||SafetyGoggles|Intimidate|FakeOut,KnockOff,Taunt,PartingShot|||F|||50|,,,,,Ghost]Sinistcha-Masterpiece||SitrusBerry|Hospitality|RagePowder,MatchaGotcha,TrickRoom,Protect||||||50|,,,,,Dark]Dragonite||LoadedDice|InnerFocus|ScaleShot,ExtremeSpeed,Haze,Protect|||F|||50|,,,,,Normal
|showteam|p2|Baxcalibur||LoadedDice|ThermalExchange|IcicleSpear,ScaleShot,Protect,IceShard|||F|||50|,,,,,Ghost]Dondozo||Leftovers|Unaware|Liquidation,Fissure,Protect,Yawn|||M|||50|,,,,,Bug]Kingambit||SafetyGoggles|Defiant|KowtowCleave,SuckerPunch,Protect,SwordsDance|||M|||50|,,,,,Dark]Rillaboom||AssaultVest|GrassySurge|FakeOut,GrassyGlide,HighHorsepower,WoodHammer|||M|||50|,,,,,Water]Sneasler||FocusSash|Unburden|DireClaw,CloseCombat,Protect,Coaching|||F|||50|,,,,,Stellar]Volcarona||CovertCloak|FlameBody|HeatWave,TeraBlast,RagePowder,QuiverDance|||M|||50|,,,,,Fairy
|inactive|Battle timer is ON: inactive players will automatically lose when time's up. (requested by wittraid)
|
|t:|1756996801
|teamsize|p1|4
|teamsize|p2|4
|start
|switch|p1a: Archaludon|Archaludon, L50, F|100/100
|switch|p1b: Pelipper|Pelipper, L50, F|100/100
|switch|p2a: Sneasler|Sneasler, L50, F|100/100
|switch|p2b: Baxcalibur|Baxcalibur, L50, F|100/100
|-weather|RainDance|[from] ability: Drizzle|[of] p1b: Pelipper
|turn|1
|
|t:|1756996826
|-terastallize|p1a: Archaludon|Grass
|move|p2a: Sneasler|Dire Claw|p1b: Pelipper
|-damage|p1b: Pelipper|56/100
|move|p2b: Baxcalibur|Icicle Spear|p1b: Pelipper
|-damage|p1b: Pelipper|39/100
|-damage|p1b: Pelipper|23/100
|-damage|p1b: Pelipper|6/100
|-damage|p1b: Pelipper|0 fnt
|faint|p1b: Pelipper
|-hitcount|p1: Pelipper|4
|move|p1a: Archaludon|Electro Shot||[still]
|-prepare|p1a: Archaludon|Electro Shot
|-boost|p1a: Archaludon|spa|1
|-anim|p1a: Archaludon|Electro Shot|p2a: Sneasler
|-damage|p2a: Sneasler|23/100
|
|-weather|RainDance|[upkeep]
|upkeep
|
|t:|1756996846
|switch|p1b: Basculegion|Basculegion, L50, M|100/100
|turn|2
|
|t:|1756996856
|move|p2b: Baxcalibur|Protect|p2b: Baxcalibur
|-singleturn|p2b: Baxcalibur|Protect
|move|p1b: Basculegion|Wave Crash|p2a: Sneasler
|-damage|p2a: Sneasler|0 fnt
|faint|p2a: Sneasler
|-damage|p1b: Basculegion|95/100|[from] Recoil
|move|p1a: Archaludon|Electro Shot||[still]
|-prepare|p1a: Archaludon|Electro Shot
|-boost|p1a: Archaludon|spa|1
|-anim|p1a: Archaludon|Electro Shot|p2b: Baxcalibur
|-activate|p2b: Baxcalibur|move: Protect
|
|-weather|RainDance|[upkeep]
|upkeep
|
|t:|1756996862
|switch|p2a: Rillaboom|Rillaboom, L50, M|100/100
|-fieldstart|move: Grassy Terrain|[from] ability: Grassy Surge|[of] p2a: Rillaboom
|turn|3
|
|t:|1756996875
|switch|p1b: Dragonite|Dragonite, L50, F|100/100
|move|p2b: Baxcalibur|Icicle Spear|p1b: Dragonite
|-supereffective|p1b: Dragonite
|-damage|p1b: Dragonite|34/100
|-supereffective|p1b: Dragonite
|-damage|p1b: Dragonite|0 fnt
|faint|p1b: Dragonite
|-hitcount|p1: Dragonite|2
|move|p2a: Rillaboom|Wood Hammer|p1a: Archaludon
|-resisted|p1a: Archaludon
|-damage|p1a: Archaludon|77/100
|-ability|p1a: Archaludon|Stamina|boost
|-boost|p1a: Archaludon|def|1
|-damage|p2a: Rillaboom|92/100|[from] Recoil
|move|p1a: Archaludon|Dragon Pulse|p2b: Baxcalibur
|-supereffective|p2b: Baxcalibur
|-damage|p2b: Baxcalibur|0 fnt
|faint|p2b: Baxcalibur
|
|-weather|RainDance|[upkeep]
|-heal|p2a: Rillaboom|98/100|[from] Grassy Terrain
|-heal|p1a: Archaludon|83/100|[from] Grassy Terrain
|upkeep
|
|t:|1756996894
|switch|p2b: Dondozo|Dondozo, L50, M|100/100
|switch|p1b: Basculegion|Basculegion, L50, M|95/100
|turn|4
|
|t:|1756996913
|move|p1b: Basculegion|Last Respects|p2b: Dondozo
|-damage|p2b: Dondozo|38/100
|move|p2a: Rillaboom|Wood Hammer|p1b: Basculegion
|-supereffective|p1b: Basculegion
|-damage|p1b: Basculegion|0 fnt
|faint|p1b: Basculegion
|-damage|p2a: Rillaboom|66/100|[from] Recoil
|move|p1a: Archaludon|Electro Shot||[still]
|-prepare|p1a: Archaludon|Electro Shot
|-boost|p1a: Archaludon|spa|1
|-anim|p1a: Archaludon|Electro Shot|p2b: Dondozo
|-supereffective|p2b: Dondozo
|-damage|p2b: Dondozo|0 fnt
|faint|p2b: Dondozo
|
|-weather|RainDance|[upkeep]
|-heal|p2a: Rillaboom|72/100|[from] Grassy Terrain
|-heal|p1a: Archaludon|89/100|[from] Grassy Terrain
|upkeep
|turn|5
|-message|veryreally forfeited.
|
|win|wittraid
|raw|wittraid's rating: 1140 → 1169(+29 for winning)
|raw|veryreally's rating: 1203 → 1174(-29 for losing)
|l|☆veryreally
|player|p2|
