|j|☆milkandcereals
|j|‽GermanMagearna
|html|milkandcerealsGermanMagearna    
|uhtml|bestof|Game 3 of a best-of-3
|t:|1756497402
|gametype|doubles
|player|p1|milkandcereals|blue|1043
|player|p2|GermanMagearna|cynthia-gen4|1049
|gen|9
|tier|[Gen 9] VGC 2025 Reg H (Bo3)
|rated|
|rule|Species Clause: Limit one of each Pokémon
|rule|Item Clause: Limit 1 of each item
|clearpoke
|poke|p1|Porygon2, L50|
|poke|p1|Rillaboom, L50, M|
|poke|p1|Ursaluna, L50, M|
|poke|p1|Jumpluff, L50, F|
|poke|p1|Charizard, L50, F|
|poke|p1|Torkoal, L50, F|
|poke|p2|Indeedee-F, L50, F|
|poke|p2|Hatterene, L50, F|
|poke|p2|Ursaluna, L50, M|
|poke|p2|Incineroar, L50, F|
|poke|p2|Baxcalibur, L50, F|
|poke|p2|Palafin, L50, M|
|teampreview|4
|showteam|p1|Porygon2||Eviolite|Download|TeraBlast,IceBeam,TrickRoom,Recover||||||50|,,,,,Fighting]Rillaboom||AssaultVest|GrassySurge|FakeOut,GrassyGlide,WoodHammer,HighHorsepower|||M|||50|,,,,,Water]Ursaluna||FlameOrb|Guts|Protect,Facade,Earthquake,HeadlongRush|||M|||50|,,,,,Ghost]Jumpluff||CovertCloak|Chlorophyll|SleepPowder,SunnyDay,Tailwind,RagePowder|||F|||50|,,,,,Fire]Charizard||ChoiceSpecs|SolarPower|HeatWave,Overheat,WeatherBall,DragonPulse|||F|||50|,,,,,Ghost]Torkoal||EjectPack|Drought|Overheat,Eruption,HelpingHand,Protect|||F|||50|,,,,,Fire
|showteam|p2|Indeedee-F||PsychicSeed|PsychicSurge|FollowMe,HelpingHand,Psychic,TrickRoom|||F|||50|,,,,,Dark]Hatterene||FocusSash|MagicBounce|ExpandingForce,DazzlingGleam,Protect,Psychic|||F|||50|,,,,,Psychic]Ursaluna||FlameOrb|Guts|Earthquake,Facade,HeadlongRush,Protect|||M|||50|,,,,,Normal]Incineroar||SafetyGoggles|Intimidate|FakeOut,FlareBlitz,KnockOff,PartingShot|||F|||50|,,,,,Bug]Baxcalibur||WeaknessPolicy|ThermalExchange|Protect,IcicleCrash,IceShard,GlaiveRush|||F|||50|,,,,,Dragon]Palafin||LifeOrb|ZerotoHero|Haze,WaveCrash,JetPunch,CloseCombat|||M|||50|,,,,,Grass
|inactive|Battle timer is ON: inactive players will automatically lose when time's up. (requested by milkandcereals)
|inactive|milkandcereals has 60 seconds left.
|inactive|milkandcereals has 30 seconds left.
|inactive|milkandcereals has 20 seconds left.
|
|t:|1756497477
|teamsize|p1|4
|teamsize|p2|4
|start
|switch|p1a: Porygon2|Porygon2, L50|100/100
|switch|p1b: Rillaboom|Rillaboom, L50, M|100/100
|switch|p2a: Indeedee|Indeedee-F, L50, F, shiny|100/100
|switch|p2b: Hatterene|Hatterene, L50, F, shiny|100/100
|-fieldstart|move: Grassy Terrain|[from] ability: Grassy Surge|[of] p1b: Rillaboom
|-fieldstart|move: Psychic Terrain|[from] ability: Psychic Surge|[of] p2a: Indeedee
|-enditem|p2a: Indeedee|Psychic Seed
|-boost|p2a: Indeedee|spd|1|[from] item: Psychic Seed
|-ability|p1a: Porygon2|Download|boost
|-boost|p1a: Porygon2|atk|1
|turn|1
|inactive|milkandcereals has 30 seconds left.
|inactive|milkandcereals has 20 seconds left.
|inactive|milkandcereals has 15 seconds left.
|inactive|milkandcereals has 10 seconds left.
|inactive|milkandcereals has 5 seconds left.
|
|t:|1756497528
|switch|p1b: Ursaluna|Ursaluna, L50, M|100/100
|move|p2a: Indeedee|Helping Hand|p2b: Hatterene
|-singleturn|p2b: Hatterene|Helping Hand|[of] p2a: Indeedee
|move|p1a: Porygon2|Tera Blast|p2b: Hatterene
|-damage|p2b: Hatterene|64/100
|move|p2b: Hatterene|Expanding Force|p1a: Porygon2|[spread] p1a,p1b
|-damage|p1a: Porygon2|41/100
|-damage|p1b: Ursaluna|0 fnt
|faint|p1b: Ursaluna
|
|upkeep
|
|t:|1756497537
|switch|p1b: Rillaboom|Rillaboom, L50, M|100/100
|-fieldstart|move: Grassy Terrain|[from] ability: Grassy Surge|[of] p1b: Rillaboom
|turn|2
|inactive|milkandcereals has 30 seconds left.
|
|t:|1756497563
|switch|p1b: Torkoal|Torkoal, L50, F|100/100
|-weather|SunnyDay|[from] ability: Drought|[of] p1b: Torkoal
|switch|p2a: Ursaluna|Ursaluna, L50, M|100/100
|switch|p2b: Baxcalibur|Baxcalibur, L50, F|100/100
|move|p1a: Porygon2|Recover|p1a: Porygon2
|-heal|p1a: Porygon2|91/100
|
|-weather|SunnyDay|[upkeep]
|-heal|p1a: Porygon2|97/100|[from] Grassy Terrain
|-status|p2a: Ursaluna|brn|[from] item: Flame Orb
|upkeep
|turn|3
|inactive|milkandcereals has 30 seconds left.
|
|t:|1756497590
|move|p1b: Torkoal|Helping Hand|p1a: Porygon2
|-singleturn|p1a: Porygon2|Helping Hand|[of] p1b: Torkoal
|move|p2b: Baxcalibur|Protect|p2b: Baxcalibur
|-singleturn|p2b: Baxcalibur|Protect
|move|p1a: Porygon2|Ice Beam|p2a: Ursaluna
|-supereffective|p2a: Ursaluna
|-damage|p2a: Ursaluna|33/100 brn
|move|p2a: Ursaluna|Earthquake|p1b: Torkoal|[spread] p1a,p1b
|-activate|p2b: Baxcalibur|move: Protect
|-supereffective|p1b: Torkoal
|-damage|p1a: Porygon2|75/100
|-damage|p1b: Torkoal|52/100
|
|-weather|SunnyDay|[upkeep]
|-heal|p1a: Porygon2|82/100|[from] Grassy Terrain
|-heal|p1b: Torkoal|58/100|[from] Grassy Terrain
|-heal|p2a: Ursaluna|39/100 brn|[from] Grassy Terrain
|-damage|p2a: Ursaluna|33/100 brn|[from] brn
|upkeep
|turn|4
|
|t:|1756497615
|move|p1a: Porygon2|Ice Beam|p2a: Ursaluna
|-supereffective|p2a: Ursaluna
|-damage|p2a: Ursaluna|0 fnt
|faint|p2a: Ursaluna
|move|p2b: Baxcalibur|Glaive Rush|p1a: Porygon2
|-damage|p1a: Porygon2|39/100
|-singlemove|p2b: Baxcalibur|Glaive Rush|[silent]
|move|p1b: Torkoal|Overheat|p2b: Baxcalibur
|-damage|p2b: Baxcalibur|0 fnt
|-unboost|p1b: Torkoal|spa|2
|faint|p2b: Baxcalibur
|-enditem|p1b: Torkoal|Eject Pack
|
|t:|1756497627
|switch|p1b: Rillaboom|Rillaboom, L50, M|100/100
|
|-weather|SunnyDay|[upkeep]
|-heal|p1a: Porygon2|45/100|[from] Grassy Terrain
|upkeep
|
|t:|1756497634
|switch|p2b: Hatterene|Hatterene, L50, F, shiny|64/100
|switch|p2a: Indeedee|Indeedee-F, L50, F, shiny|100/100
|-fieldstart|move: Psychic Terrain|[from] ability: Psychic Surge|[of] p2a: Indeedee
|turn|5
|inactive|milkandcereals has 30 seconds left.
|inactive|milkandcereals has 20 seconds left.
|
|t:|1756497674
|-terastallize|p2b: Hatterene|Psychic
|move|p2a: Indeedee|Follow Me|p2a: Indeedee
|-singleturn|p2a: Indeedee|move: Follow Me
|move|p1b: Rillaboom|Wood Hammer|p2a: Indeedee
|-damage|p2a: Indeedee|41/100
|-damage|p1b: Rillaboom|84/100|[from] Recoil
|move|p1a: Porygon2|Tera Blast|p2a: Indeedee
|-damage|p2a: Indeedee|5/100
|move|p2b: Hatterene|Expanding Force|p1a: Porygon2|[spread] p1a,p1b
|-damage|p1a: Porygon2|0 fnt
|-damage|p1b: Rillaboom|22/100
|faint|p1a: Porygon2
|
|-weather|SunnyDay|[upkeep]
|upkeep
|
|t:|1756497684
|switch|p1a: Torkoal|Torkoal, L50, F|58/100
|turn|6
|inactive|milkandcereals has 30 seconds left.
|inactive|GermanMagearna has 30 seconds left.
|inactive|GermanMagearna has 20 seconds left.
|
|t:|1756497722
|-terastallize|p1a: Torkoal|Fire
|move|p2a: Indeedee|Follow Me|p2a: Indeedee
|-singleturn|p2a: Indeedee|move: Follow Me
|move|p1b: Rillaboom|Wood Hammer|p2a: Indeedee
|-damage|p2a: Indeedee|0 fnt
|faint|p2a: Indeedee
|-damage|p1b: Rillaboom|20/100|[from] Recoil
|move|p1a: Torkoal|Overheat|p2b: Hatterene
|-damage|p2b: Hatterene|0 fnt
|-unboost|p1a: Torkoal|spa|2
|faint|p2b: Hatterene
|
|win|milkandcereals
|raw|milkandcereals's rating: 1043 → 1077(+34 for winning)
|raw|GermanMagearna's rating: 1049 → 1031(-18 for losing)
