|j|☆Sea's Searing
|j|☆komsu
|html|Sea's Searingkomsu    
|uhtml|bestof|Game 1 of a best-of-3
|t:|1784423831
|gametype|doubles
|player|p1|Sea's Searing|170|1284
|player|p2|komsu|gambler|1295
|gen|9
|tier|[Gen 9 Champions] VGC 2026 Reg M-B (Bo3)
|rated|
|rule|Species Clause: Limit one of each Pokémon
|rule|Item Clause: Limit 1 of each item
|clearpoke
|poke|p1|Blaziken, L50, F|
|poke|p1|Venusaur, L50, M|
|poke|p1|Ninetales-Alola, L50, F|
|poke|p1|Lycanroc-Dusk, L50, F|
|poke|p1|Kingambit, L50, M|
|poke|p1|Basculegion, L50, M|
|poke|p2|Scizor, L50, M|
|poke|p2|Blastoise, L50, M, shiny|
|poke|p2|Sinistcha, L50|
|poke|p2|Talonflame, L50, M|
|poke|p2|Mamoswine, L50, F|
|poke|p2|Farigiraf, L50, F|
|teampreview|4
|showteam|p1|Blaziken||Blazikenite|SpeedBoost|CloseCombat,FlareBlitz,StoneEdge,Detect|Adamant||F|||50|]Venusaur||Venusaurite|Chlorophyll|GigaDrain,SludgeBomb,EarthPower,Protect|Modest||M|||50|]Ninetales-Alola||NeverMeltIce|SnowWarning|Blizzard,FreezeDry,Encore,Protect|Timid||F|||50|]Lycanroc-Dusk||FocusSash|ToughClaws|Accelerock,RockSlide,CloseCombat,Protect|Adamant||F|||50|]Kingambit||LifeOrb|Defiant|KowtowCleave,SuckerPunch,IronHead,Protect|Adamant||M|||50|]Basculegion||ChoiceScarf|Adaptability|WaveCrash,LastRespects,FlipTurn,AquaJet|Jolly||M|||50|
|showteam|p2|Scizor||LifeOrb|Technician|BulletPunch,BugBite,DualWingbeat,Protect|Adamant||M|||50|]Blastoise||Blastoisinite|RainDish|WaterSpout,Protect,ShellSmash,DarkPulse|Timid||M|||50|]Sinistcha||ColburBerry|Hospitality|MatchaGotcha,Protect,TrickRoom,RagePowder|Calm|||||50|]Talonflame||SharpBeak|GaleWings|DualWingbeat,Protect,Tailwind,RainDance|Jolly||M|||50|]Mamoswine||FocusSash|Oblivious|IcicleCrash,HighHorsepower,IceShard,Protect|Adamant||F|||50|]Farigiraf||SitrusBerry|ArmorTail|PsychicNoise,Thunderbolt,TrickRoom,Protect|Bold||F|||50|
|
|t:|1784423892
|teamsize|p1|4
|teamsize|p2|4
|start
|switch|p1a: Rainy boots|Basculegion, L50, M|100/100
|switch|p1b: Life runner|Blaziken, L50, F|100/100
|switch|p2a: Talonflame|Talonflame, L50, M|100/100
|switch|p2b: HunterKiller|Scizor, L50, M|100/100
|turn|1
|
|t:|1784423917
|detailschange|p1b: Life runner|Blaziken-Mega, L50, F
|-mega|p1b: Life runner|Blaziken|Blazikenite
|move|p2a: Talonflame|Protect|p2a: Talonflame
|-singleturn|p2a: Talonflame|Protect
|move|p1b: Life runner|Detect|p1b: Life runner
|-singleturn|p1b: Life runner|Protect
|move|p1a: Rainy boots|Flip Turn|p2a: Talonflame
|-activate|p2a: Talonflame|move: Protect
|move|p2b: HunterKiller|Dual Wingbeat|p1a: Rainy boots
|-damage|p1a: Rainy boots|67/100
|-crit|p1a: Rainy boots
|-damage|p1a: Rainy boots|20/100y
|-hitcount|p1a: Rainy boots|2
|-damage|p2b: HunterKiller|90/100|[from] item: Life Orb
|
|-ability|p1b: Life runner|Speed Boost|boost
|-boost|p1b: Life runner|spe|1
|upkeep
|turn|2
|
|t:|1784423944
|move|p2a: Talonflame|Dual Wingbeat|p1b: Life runner
|-supereffective|p1b: Life runner|1
|-damage|p1b: Life runner|58/100
|-supereffective|p1b: Life runner|1
|-damage|p1b: Life runner|9/100
|-hitcount|p1b: Life runner|2
|move|p2b: HunterKiller|Bullet Punch|p1a: Rainy boots
|-resisted|p1a: Rainy boots|1
|-damage|p1a: Rainy boots|0 fnt
|faint|p1a: Rainy boots
|-damage|p2b: HunterKiller|80/100|[from] item: Life Orb
|move|p1b: Life runner|Flare Blitz|p2b: HunterKiller
|-supereffective|p2b: HunterKiller|2
|-damage|p2b: HunterKiller|0 fnt
|faint|p2b: HunterKiller
|-damage|p1b: Life runner|0 fnt|[from] Recoil
|faint|p1b: Life runner
|
|upkeep
|
|t:|1784423964
|switch|p1b: Villain|Kingambit, L50, M|100/100
|switch|p1a: RUMA|Lycanroc-Dusk, L50, F|100/100
|switch|p2b: Blastoise|Blastoise, L50, M, shiny|100/100
|turn|3
|
|t:|1784423975
|detailschange|p2b: Blastoise|Blastoise-Mega, L50, M, shiny
|-mega|p2b: Blastoise|Blastoise|Blastoisinite
|move|p2a: Talonflame|Tailwind|p2a: Talonflame
|-sidestart|p2: komsu|move: Tailwind
|move|p1b: Villain|Sucker Punch|p2b: Blastoise
|-damage|p2b: Blastoise|46/100
|-damage|p1b: Villain|90/100|[from] item: Life Orb
|move|p2b: Blastoise|Water Spout|p1a: RUMA|[spread] p1a,p1b
|-supereffective|p1a: RUMA|1
|-enditem|p1a: RUMA|Focus Sash
|-damage|p1a: RUMA|1/100
|-damage|p1b: Villain|65/100
|move|p1a: RUMA|Rock Slide|p2a: Talonflame|[spread] p2a,p2b
|-supereffective|p2a: Talonflame|2
|-damage|p2a: Talonflame|0 fnt
|-damage|p2b: Blastoise|16/100
|faint|p2a: Talonflame
|
|upkeep
|
|t:|1784423989
|switch|p2a: Sinistcha|Sinistcha, L50|100/100
|-heal|p2b: Blastoise|41/100|[from] ability: Hospitality|[of] p2a: Sinistcha
|turn|4
|
|t:|1784424045
|move|p2a: Sinistcha|Protect|p2a: Sinistcha
|-singleturn|p2a: Sinistcha|Protect
|move|p1a: RUMA|Protect|p1a: RUMA
|-singleturn|p1a: RUMA|Protect
|move|p2b: Blastoise|Water Spout|p1b: Villain|[spread] p1b
|-activate|p1a: RUMA|move: Protect
|-damage|p1b: Villain|43/100
|move|p1b: Villain|Kowtow Cleave|p2b: Blastoise
|-damage|p2b: Blastoise|0 fnt
|faint|p2b: Blastoise
|-damage|p1b: Villain|34/100|[from] item: Life Orb
|
|upkeep
|turn|5
|
|t:|1784424060
|move|p1a: RUMA|Accelerock|p2a: Sinistcha
|-damage|p2a: Sinistcha|76/100
|move|p1b: Villain|Sucker Punch|p2a: Sinistcha
|-supereffective|p2a: Sinistcha|1
|-enditem|p2a: Sinistcha|Colbur Berry|[eat]
|-enditem|p2a: Sinistcha|Colbur Berry|[weaken]
|-damage|p2a: Sinistcha|24/100
|-damage|p1b: Villain|24/100|[from] item: Life Orb
|move|p2a: Sinistcha|Matcha Gotcha|p1b: Villain|[spread] p1a,p1b
|-supereffective|p1a: RUMA|1
|-resisted|p1b: Villain|1
|-damage|p1a: RUMA|0 fnt
|-heal|p2a: Sinistcha|25/100|[from] drain|[of] p1a: RUMA
|-damage|p1b: Villain|13/100
|-heal|p2a: Sinistcha|32/100|[from] drain|[of] p1b: Villain
|faint|p1a: RUMA
|
|upkeep
|turn|6
|
|t:|1784424077
|move|p1b: Villain|Sucker Punch|p2a: Sinistcha
|-supereffective|p2a: Sinistcha|1
|-damage|p2a: Sinistcha|0 fnt
|faint|p2a: Sinistcha
|-damage|p1b: Villain|3/100|[from] item: Life Orb
|
|win|Sea's Searing
||Sea's Searing is ready for game 2.
||komsu is ready for game 2.
|uhtml|next|Next: Game 2 of 3
|l|☆Sea's Searing
|player|p1|
