|j|☆bigpapalopa
|j|☆chocokoala vgc
|html|bigpapalopachocokoala vgc    
|uhtml|bestof|Game 1 of a best-of-3
|t:|1785079299
|gametype|doubles
|player|p1|bigpapalopa|alder|1066
|player|p2|chocokoala vgc|benga|1207
|gen|9
|tier|[Gen 9 Champions] VGC 2026 Reg M-B (Bo3)
|rated|
|rule|Species Clause: Limit one of each Pokémon
|rule|Item Clause: Limit 1 of each item
|clearpoke
|poke|p1|Aerodactyl, L50, F|
|poke|p1|Incineroar, L50, M|
|poke|p1|Sneasler, L50, M|
|poke|p1|Delphox, L50, F, shiny|
|poke|p1|Garchomp, L50, M|
|poke|p1|Ninetales, L50, F|
|poke|p2|Slowbro, L50, F|
|poke|p2|Appletun, L50, M|
|poke|p2|Incineroar, L50, F|
|poke|p2|Conkeldurr, L50, F|
|poke|p2|Gholdengo, L50|
|poke|p2|Aerodactyl, L50, F|
|teampreview|4
|showteam|p1|Aerodactyl||FocusSash|Unnerve|DualWingbeat,Taunt,RockSlide,Tailwind|Jolly||F|||50|]Incineroar||SitrusBerry|Intimidate|FakeOut,Protect,WillOWisp,PartingShot|Impish||M|||50|]Sneasler||ExpertBelt|PoisonTouch|DireClaw,CloseCombat,RockSlide,Uturn|Jolly||M|||50|]Delphox||Delphoxite|Blaze|Psychic,HeatWave,ShadowBall,DazzlingGleam|Timid||F|||50|]Garchomp||ChoiceScarf|RoughSkin|Earthquake,DragonClaw,IronHead,PoisonJab|Adamant||M|||50|]Ninetales||ShucaBerry|Drought|WillOWisp,HeatWave,HelpingHand,Protect|Timid||F|||50|
|showteam|p2|Slowbro||Slowbronite|Regenerator|Psychic,Scald,Protect,TrickRoom|Modest||F|||50|]Appletun||Leftovers|ThickFat|AppleAcid,DragonPulse,Protect,LeechSeed|Sassy||M|||50|]Incineroar||SitrusBerry|Intimidate|FakeOut,PartingShot,FlareBlitz,DarkestLariat|Careful||F|||50|]Conkeldurr||LifeOrb|IronFist|MachPunch,DrainPunch,Protect,KnockOff|Brave||F|||50|]Gholdengo|||GoodasGold|MakeItRain,ShadowBall,Protect,NastyPlot|Modest|||||50|]Aerodactyl||Aerodactylite|Unnerve|RockSlide,DualWingbeat,Protect,Tailwind|Jolly||F|||50|
|inactive|Battle timer is ON: inactive players will automatically lose when time's up. (requested by chocokoala vgc)
|
|t:|1785079323
|teamsize|p1|4
|teamsize|p2|4
|start
|switch|p1a: Ninetales|Ninetales, L50, F|100/100
|switch|p1b: Delphox|Delphox, L50, F, shiny|100/100
|switch|p2a: Slowbro|Slowbro, L50, F|100/100
|switch|p2b: Incineroar|Incineroar, L50, F|100/100
|-weather|SunnyDay|[from] ability: Drought|[of] p1a: Ninetales
|-ability|p2b: Incineroar|Intimidate|boost
|-unboost|p1a: Ninetales|atk|1
|-unboost|p1b: Delphox|atk|1
|turn|1
|
|t:|1785079336
|switch|p1b: Incineroar|Incineroar, L50, M|100/100
|-ability|p1b: Incineroar|Intimidate|boost
|-unboost|p2a: Slowbro|atk|1
|-unboost|p2b: Incineroar|atk|1
|move|p1a: Ninetales|Protect|p1a: Ninetales
|-singleturn|p1a: Ninetales|Protect
|move|p2b: Incineroar|Fake Out|p1b: Incineroar
|-damage|p1b: Incineroar|94/100
|move|p2a: Slowbro|Trick Room|p2a: Slowbro
|-fieldstart|move: Trick Room|[of] p2a: Slowbro
|
|-weather|SunnyDay|[upkeep]
|upkeep
|turn|2
|inactive|bigpapalopa has 30 seconds left.
|
|t:|1785079364
|switch|p2a: Conkeldurr|Conkeldurr, L50, F|100/100
|move|p1b: Incineroar|Fake Out|p2a: Conkeldurr
|-damage|p2a: Conkeldurr|91/100
|move|p2b: Incineroar|Parting Shot|p1a: Ninetales
|-unboost|p1a: Ninetales|atk|1
|-unboost|p1a: Ninetales|spa|1
|
|t:|1785079372
|switch|p2b: Appletun|Appletun, L50, M|100/100|[from] Parting Shot
|move|p1a: Ninetales|Will-O-Wisp|p2a: Conkeldurr|[miss]
|-miss|p1a: Ninetales|p2a: Conkeldurr
|
|-weather|SunnyDay|[upkeep]
|upkeep
|turn|3
|
|t:|1785079385
|move|p1a: Ninetales|Protect|p1a: Ninetales
|-singleturn|p1a: Ninetales|Protect
|move|p2b: Appletun|Leech Seed|p1a: Ninetales
|-activate|p1a: Ninetales|move: Protect
|move|p2a: Conkeldurr|Drain Punch|p1b: Incineroar
|-supereffective|p1b: Incineroar|1
|-damage|p1b: Incineroar|0 fnt
|-heal|p2a: Conkeldurr|100/100|[from] drain|[of] p1b: Incineroar
|faint|p1b: Incineroar
|-damage|p2a: Conkeldurr|90/100|[from] item: Life Orb
|
|-weather|SunnyDay|[upkeep]
|upkeep
|
|t:|1785079400
|switch|p1b: Garchomp|Garchomp, L50, M|100/100
|turn|4
|
|t:|1785079420
|move|p1a: Ninetales|Helping Hand|p1b: Garchomp
|-singleturn|p1b: Garchomp|Helping Hand|[of] p1a: Ninetales
|move|p2b: Appletun|Dragon Pulse|p1b: Garchomp
|-supereffective|p1b: Garchomp|1
|-damage|p1b: Garchomp|37/100
|move|p2a: Conkeldurr|Drain Punch|p1b: Garchomp
|-damage|p1b: Garchomp|0 fnt
|-heal|p2a: Conkeldurr|100/100|[from] drain|[of] p1b: Garchomp
|-damage|p2a: Conkeldurr|87/100|[from] ability: Rough Skin|[of] p1b: Garchomp
|faint|p1b: Garchomp
|-damage|p2a: Conkeldurr|77/100|[from] item: Life Orb
|
|-weather|SunnyDay|[upkeep]
|upkeep
|
|t:|1785079432
|switch|p1b: Delphox|Delphox, L50, F, shiny|100/100
|turn|5
|
|t:|1785079440
|detailschange|p1b: Delphox|Delphox-Mega, L50, F, shiny
|-mega|p1b: Delphox|Delphox|Delphoxite
|move|p1a: Ninetales|Helping Hand|p1b: Delphox
|-singleturn|p1b: Delphox|Helping Hand|[of] p1a: Ninetales
|move|p2b: Appletun|Leech Seed|p1b: Delphox
|-start|p1b: Delphox|move: Leech Seed
|move|p2a: Conkeldurr|Knock Off|p1b: Delphox
|-supereffective|p1b: Delphox|1
|-damage|p1b: Delphox|0 fnt
|faint|p1b: Delphox
|-damage|p2a: Conkeldurr|67/100|[from] item: Life Orb
|
|-weather|none
|-fieldend|move: Trick Room
|upkeep
|turn|6
|
|t:|1785079455
|move|p1a: Ninetales|Heat Wave|p2b: Appletun|[spread] p2a,p2b
|-damage|p2a: Conkeldurr|50/100g
|-damage|p2b: Appletun|94/100
|-status|p2a: Conkeldurr|brn
|move|p2a: Conkeldurr|Drain Punch|p1a: Ninetales
|-crit|p1a: Ninetales
|-damage|p1a: Ninetales|30/100
|-heal|p2a: Conkeldurr|80/100 brn|[from] drain|[of] p1a: Ninetales
|-damage|p2a: Conkeldurr|70/100 brn|[from] item: Life Orb
|move|p2b: Appletun|Leech Seed|p1a: Ninetales
|-start|p1a: Ninetales|move: Leech Seed
|
|-heal|p2b: Appletun|100/100|[from] item: Leftovers
|-damage|p1a: Ninetales|18/100|[from] Leech Seed|[of] p2b: Appletun
|-damage|p2a: Conkeldurr|64/100 brn|[from] brn
|upkeep
|turn|7
|
|t:|1785079471
|move|p2a: Conkeldurr|Mach Punch|p1a: Ninetales
|-damage|p1a: Ninetales|0 fnt
|faint|p1a: Ninetales
|-damage|p2a: Conkeldurr|54/100 brn|[from] item: Life Orb
|
|win|chocokoala vgc
