|j|☆xNimxZ
|j|☆lux raymundi
|html|xNimxZlux raymundi    
|uhtml|bestof|Game 3 of a best-of-3
|t:|1783794709
|gametype|doubles
|player|p1|xNimxZ|1|1191
|player|p2|lux raymundi|1|1330
|gen|9
|tier|[Gen 9 Champions] VGC 2026 Reg M-B (Bo3)
|rated|
|rule|Species Clause: Limit one of each Pokémon
|rule|Item Clause: Limit 1 of each item
|clearpoke
|poke|p1|Metagross, L50|
|poke|p1|Incineroar, L50, M|
|poke|p1|Sylveon, L50, F|
|poke|p1|Aerodactyl, L50, M|
|poke|p1|Charizard, L50, F|
|poke|p1|Garchomp, L50, M|
|poke|p2|Sneasler, L50, M|
|poke|p2|Blastoise, L50, M|
|poke|p2|Kingambit, L50, M|
|poke|p2|Incineroar, L50, M|
|poke|p2|Delphox, L50, F|
|poke|p2|Sinistcha, L50|
|teampreview|4
|showteam|p1|Metagross||Metagrossite|ClearBody|BulletPunch,BodyPress,PsychicFangs,Protect|Adamant|||||50|]Incineroar||SitrusBerry|Intimidate|FakeOut,FlareBlitz,DarkestLariat,PartingShot|Careful||M|||50|]Sylveon||FairyFeather|Pixilate|QuickAttack,HyperBeam,HyperVoice,Detect|Modest||F|||50|]Aerodactyl||FocusSash|Unnerve|Tailwind,RockSlide,DualWingbeat,Protect|Jolly||M|||50|]Charizard||CharizarditeY|Blaze|HeatWave,WeatherBall,SolarBeam,Protect|Modest||F|||50|]Garchomp||LifeOrb|RoughSkin|Earthquake,DragonClaw,RockSlide,Protect|Jolly||M|||50|
|showteam|p2|Sneasler||FocusSash|PoisonTouch|PoisonJab,CloseCombat,FakeOut,QuickGuard|Jolly||M|||50|]Blastoise||Blastoisinite|RainDish|DarkPulse,WaterSpout,ShellSmash,Protect|Modest||M|||50|]Kingambit||BlackGlasses|Defiant|KowtowCleave,SuckerPunch,SwordsDance,Protect|Adamant||M|||50|]Incineroar||SitrusBerry|Intimidate|FlareBlitz,HelpingHand,PartingShot,FakeOut|Careful||M|||50|]Delphox||Delphoxite|Blaze|HeatWave,NastyPlot,Psyshock,Protect|Modest||F|||50|]Sinistcha||KasibBerry|Hospitality|MatchaGotcha,RagePowder,TrickRoom,Protect|Bold|||||50|
|
|t:|1783794734
|teamsize|p1|4
|teamsize|p2|4
|start
|switch|p1a: Charizard|Charizard, L50, F|100/100
|switch|p1b: Sylveon|Sylveon, L50, F|100/100
|switch|p2a: Sneasler|Sneasler, L50, M|100/100
|switch|p2b: Blastoise|Blastoise, L50, M|100/100
|turn|1
|
|t:|1783794763
|switch|p2b: Incineroar|Incineroar, L50, M|100/100
|-ability|p2b: Incineroar|Intimidate|boost
|-unboost|p1a: Charizard|atk|1
|-unboost|p1b: Sylveon|atk|1
|detailschange|p1a: Charizard|Charizard-Mega-Y, L50, F
|-mega|p1a: Charizard|Charizard|Charizardite Y
|-weather|SunnyDay|[from] ability: Drought|[of] p1a: Charizard
|move|p2a: Sneasler|Fake Out|p1b: Sylveon
|-damage|p1b: Sylveon|84/100
|move|p1a: Charizard|Solar Beam||[still]
|-prepare|p1a: Charizard|Solar Beam
|-anim|p1a: Charizard|Solar Beam|p2b: Incineroar
|-resisted|p2b: Incineroar|1
|-damage|p2b: Incineroar|81/100
|cant|p1b: Sylveon|flinch
|
|-weather|SunnyDay|[upkeep]
|upkeep
|turn|2
|
|t:|1783794800
|move|p2b: Incineroar|Helping Hand|p2a: Sneasler
|-singleturn|p2a: Sneasler|Helping Hand|[of] p2b: Incineroar
|move|p1a: Charizard|Protect|p1a: Charizard
|-singleturn|p1a: Charizard|Protect
|move|p1b: Sylveon|Detect|p1b: Sylveon
|-singleturn|p1b: Sylveon|Protect
|move|p2a: Sneasler|Poison Jab|p1a: Charizard
|-activate|p1a: Charizard|move: Protect
|
|-weather|SunnyDay|[upkeep]
|upkeep
|turn|3
|
|t:|1783794812
|switch|p1b: Incineroar|Incineroar, L50, M|100/100
|-ability|p1b: Incineroar|Intimidate|boost
|-unboost|p2a: Sneasler|atk|1
|-unboost|p2b: Incineroar|atk|1
|move|p2a: Sneasler|Poison Jab|p1b: Incineroar
|-damage|p1b: Incineroar|77/100
|-status|p1b: Incineroar|psn
|move|p1a: Charizard|Heat Wave|p2b: Incineroar|[spread] p2a,p2b
|-resisted|p2b: Incineroar|1
|-damage|p2a: Sneasler|23/100
|-damage|p2b: Incineroar|56/100
|move|p2b: Incineroar|Parting Shot|p1a: Charizard
|-unboost|p1a: Charizard|atk|1
|-unboost|p1a: Charizard|spa|1
|
|t:|1783794825
|switch|p2b: Blastoise|Blastoise, L50, M|100/100|[from] Parting Shot
|
|-weather|SunnyDay|[upkeep]
|-damage|p1b: Incineroar|65/100 psn|[from] psn
|upkeep
|turn|4
|
|t:|1783794835
|switch|p2a: Incineroar|Incineroar, L50, M|56/100
|-ability|p2a: Incineroar|Intimidate|boost
|-unboost|p1a: Charizard|atk|1
|-unboost|p1b: Incineroar|atk|1
|move|p2b: Blastoise|Protect|p2b: Blastoise
|-singleturn|p2b: Blastoise|Protect
|move|p1b: Incineroar|Fake Out|p2b: Blastoise
|-activate|p2b: Blastoise|move: Protect
|move|p1a: Charizard|Heat Wave|p2a: Incineroar|[spread] p2a
|-activate|p2b: Blastoise|move: Protect
|-resisted|p2a: Incineroar|1
|-damage|p2a: Incineroar|39/100
|-enditem|p2a: Incineroar|Sitrus Berry|[eat]
|-heal|p2a: Incineroar|64/100|[from] item: Sitrus Berry
|
|-weather|SunnyDay|[upkeep]
|-damage|p1b: Incineroar|52/100 psn|[from] psn
|upkeep
|turn|5
|
|t:|1783794861
|switch|p1a: Sylveon|Sylveon, L50, F|84/100
|detailschange|p2b: Blastoise|Blastoise-Mega, L50, M
|-mega|p2b: Blastoise|Blastoise|Blastoisinite
|move|p2a: Incineroar|Fake Out|p1a: Sylveon
|-damage|p1a: Sylveon|71/100
|move|p2b: Blastoise|Shell Smash|p2b: Blastoise
|-unboost|p2b: Blastoise|def|1
|-unboost|p2b: Blastoise|spd|1
|-boost|p2b: Blastoise|atk|2
|-boost|p2b: Blastoise|spa|2
|-boost|p2b: Blastoise|spe|2
|move|p1b: Incineroar|Parting Shot|p2b: Blastoise
|-unboost|p2b: Blastoise|atk|1
|-unboost|p2b: Blastoise|spa|1
|
|t:|1783794869
|switch|p1b: Garchomp|Garchomp, L50, M|100/100|[from] Parting Shot
|
|-weather|none
|upkeep
|turn|6
|inactive|Battle timer is ON: inactive players will automatically lose when time's up. (requested by xNimxZ)
|
|t:|1783794908
|move|p1a: Sylveon|Detect|p1a: Sylveon
|-singleturn|p1a: Sylveon|Protect
|move|p2b: Blastoise|Water Spout|p1b: Garchomp|[spread] p1b
|-activate|p1a: Sylveon|move: Protect
|-damage|p1b: Garchomp|0 fnt
|faint|p1b: Garchomp
|move|p2a: Incineroar|Parting Shot|p1a: Sylveon
|-activate|p1a: Sylveon|move: Protect
|
|upkeep
|
|t:|1783794915
|switch|p1b: Charizard|Charizard-Mega-Y, L50, F|100/100
|-weather|SunnyDay|[from] ability: Drought|[of] p1b: Charizard
|turn|7
|
|t:|1783794932
|switch|p2a: Sinistcha|Sinistcha, L50|100/100
|move|p2b: Blastoise|Protect|p2b: Blastoise
|-singleturn|p2b: Blastoise|Protect
|move|p1b: Charizard|Solar Beam||[still]
|-prepare|p1b: Charizard|Solar Beam
|-anim|p1b: Charizard|Solar Beam|p2b: Blastoise
|-activate|p2b: Blastoise|move: Protect
|move|p1a: Sylveon|Hyper Voice|p2b: Blastoise|[spread] p2a
|-activate|p2b: Blastoise|move: Protect
|-damage|p2a: Sinistcha|53/100
|
|-weather|SunnyDay|[upkeep]
|upkeep
|turn|8
|
|t:|1783794947
|switch|p2a: Incineroar|Incineroar, L50, M|64/100
|-ability|p2a: Incineroar|Intimidate|boost
|-unboost|p1a: Sylveon|atk|1
|-unboost|p1b: Charizard|atk|1
|move|p2b: Blastoise|Water Spout|p1b: Charizard|[spread] p1a,p1b
|-supereffective|p1b: Charizard|1
|-damage|p1a: Sylveon|32/100
|-damage|p1b: Charizard|12/100
|move|p1b: Charizard|Heat Wave|p2b: Blastoise|[spread] p2a,p2b
|-resisted|p2a: Incineroar|1
|-resisted|p2b: Blastoise|1
|-damage|p2a: Incineroar|40/100
|-damage|p2b: Blastoise|51/100
|-status|p2b: Blastoise|brn
|move|p1a: Sylveon|Hyper Beam|p2b: Blastoise|[miss]
|-miss|p1a: Sylveon|p2b: Blastoise
|
|-weather|SunnyDay|[upkeep]
|-damage|p2b: Blastoise|45/100 brn|[from] brn
|upkeep
|turn|9
|inactive|xNimxZ has 30 seconds left.
|
|t:|1783794981
|switch|p2a: Sinistcha|Sinistcha, L50|53/100
|-heal|p2b: Blastoise|70/100 brn|[from] ability: Hospitality|[of] p2a: Sinistcha
|move|p1b: Charizard|Protect|p1b: Charizard
|-singleturn|p1b: Charizard|Protect
|move|p1a: Sylveon|Quick Attack|p2b: Blastoise
|-damage|p2b: Blastoise|58/100 brn
|move|p2b: Blastoise|Water Spout|p1b: Charizard|[spread] p1a
|-activate|p1b: Charizard|move: Protect
|-damage|p1a: Sylveon|9/100
|
|-weather|SunnyDay|[upkeep]
|-damage|p2b: Blastoise|52/100 brn|[from] brn
|upkeep
|turn|10
|
|t:|1783795002
|move|p2a: Sinistcha|Protect|p2a: Sinistcha
|-singleturn|p2a: Sinistcha|Protect
|move|p1a: Sylveon|Detect|p1a: Sylveon
|-singleturn|p1a: Sylveon|Protect
|move|p2b: Blastoise|Water Spout|p1b: Charizard|[spread] p1b
|-activate|p1a: Sylveon|move: Protect
|-supereffective|p1b: Charizard|1
|-damage|p1b: Charizard|0 fnt
|faint|p1b: Charizard
|
|-weather|SunnyDay|[upkeep]
|-damage|p2b: Blastoise|46/100 brn|[from] brn
|upkeep
|
|t:|1783795010
|switch|p1b: Incineroar|Incineroar, L50, M|52/100 psn
|-ability|p1b: Incineroar|Intimidate|boost
|-unboost|p2a: Sinistcha|atk|1
|-unboost|p2b: Blastoise|atk|1
|turn|11
|
|t:|1783795019
|switch|p2a: Incineroar|Incineroar, L50, M|40/100
|-ability|p2a: Incineroar|Intimidate|boost
|-unboost|p1a: Sylveon|atk|1
|-unboost|p1b: Incineroar|atk|1
|move|p2b: Blastoise|Protect|p2b: Blastoise
|-singleturn|p2b: Blastoise|Protect
|move|p1b: Incineroar|Fake Out|p2b: Blastoise
|-activate|p2b: Blastoise|move: Protect
|move|p1a: Sylveon|Hyper Voice|p2b: Blastoise|[spread] p2a
|-activate|p2b: Blastoise|move: Protect
|-damage|p2a: Incineroar|1/100
|
|-weather|none
|-damage|p1b: Incineroar|40/100 psn|[from] psn
|-damage|p2b: Blastoise|40/100 brn|[from] brn
|upkeep
|-enditem|p1b: Incineroar|Sitrus Berry|[eat]
|-heal|p1b: Incineroar|65/100 psn|[from] item: Sitrus Berry
|turn|12
|
|t:|1783795040
|move|p1a: Sylveon|Detect|p1a: Sylveon
|-singleturn|p1a: Sylveon|Protect
|move|p2a: Incineroar|Fake Out|p1a: Sylveon
|-activate|p1a: Sylveon|move: Protect
|move|p2b: Blastoise|Water Spout|p1b: Incineroar|[spread] p1b
|-activate|p1a: Sylveon|move: Protect
|-supereffective|p1b: Incineroar|1
|-damage|p1b: Incineroar|1/100 psn
|move|p1b: Incineroar|Darkest Lariat|p2b: Blastoise
|-damage|p2b: Blastoise|19/100 brn
|
|-damage|p1b: Incineroar|0 fnt|[from] psn
|faint|p1b: Incineroar
|-damage|p2b: Blastoise|13/100 brn|[from] brn
|upkeep
|turn|13
|
|t:|1783795060
|switch|p2a: Sinistcha|Sinistcha, L50|53/100
|-heal|p2b: Blastoise|38/100 brn|[from] ability: Hospitality|[of] p2a: Sinistcha
|move|p2b: Blastoise|Water Spout|p1a: Sylveon
|-damage|p1a: Sylveon|0 fnt
|faint|p1a: Sylveon
|
|win|lux raymundi
|raw|xNimxZ's rating: 1191 → 1176(-15 for losing)
|raw|lux raymundi's rating: 1330 → 1342(+12 for winning)
