|j|☆lukoog
|j|☆Oscarm92
|html|lukoogOscarm92    
|uhtml|bestof|Game 2 of a best-of-3
|t:|1783220877
|gametype|doubles
|player|p1|lukoog|1|1188
|player|p2|Oscarm92|170|1328
|gen|9
|tier|[Gen 9 Champions] VGC 2026 Reg M-B (Bo3)
|rated|
|rule|Species Clause: Limit one of each Pokémon
|rule|Item Clause: Limit 1 of each item
|clearpoke
|poke|p1|Raichu, L50, F|
|poke|p1|Gholdengo, L50|
|poke|p1|Aerodactyl, L50, F, shiny|
|poke|p1|Garchomp, L50, F, shiny|
|poke|p1|Kingambit, L50, F|
|poke|p1|Sceptile, L50, M|
|poke|p2|Charizard, L50, F, shiny|
|poke|p2|Aerodactyl, L50, F|
|poke|p2|Garchomp, L50, F, shiny|
|poke|p2|Kingambit, L50, M|
|poke|p2|Sylveon, L50, M|
|poke|p2|Farigiraf, L50, F|
|teampreview|4
|showteam|p1|Raichu||RaichuniteY|LightningRod|ZapCannon,FocusBlast,FakeOut,Protect|Timid||F|||50|]Gholdengo||LifeOrb|GoodasGold|MakeItRain,Protect,NastyPlot,ShadowBall|Modest|||||50|]Aerodactyl||FocusSash|Unnerve|RockSlide,Tailwind,StealthRock,WideGuard|Jolly||F|||50|]Garchomp||SoftSand|RoughSkin|Earthquake,RockSlide,StompingTantrum,Protect|Adamant||F|||50|]Kingambit||BlackGlasses|Defiant|SuckerPunch,KowtowCleave,LowKick,IronHead|Adamant||F|||50|]Sceptile||Sceptilite|Overgrow|Protect,EarthPower,DragonPulse,EnergyBall|Modest||M|||50|
|showteam|p2|Charizard||CharizarditeY|Blaze|HeatWave,WeatherBall,SolarBeam,Protect|Modest||F|||50|]Aerodactyl||Aerodactylite|Unnerve|IceFang,RockSlide,Tailwind,DualWingbeat|Jolly||F|||50|]Garchomp||LifeOrb|RoughSkin|DragonClaw,StompingTantrum,Earthquake,Protect|Jolly||F|||50|]Kingambit||FocusSash|Defiant|SuckerPunch,KowtowCleave,IronHead,LowKick|Adamant||M|||50|]Sylveon||FairyFeather|Pixilate|QuickAttack,HyperVoice,HyperBeam,Protect|Modest||M|||50|]Farigiraf||SitrusBerry|ArmorTail|TrickRoom,Thunderbolt,GrassKnot,TwinBeam|Bold||F|||50|
|
|t:|1783220928
|teamsize|p1|4
|teamsize|p2|4
|start
|switch|p1a: Aerodactyl|Aerodactyl, L50, F, shiny|100/100
|switch|p1b: Garchomp|Garchomp, L50, F, shiny|100/100
|switch|p2a: Charizard|Charizard, L50, F, shiny|100/100
|switch|p2b: Garchomp|Garchomp, L50, F, shiny|100/100
|-ability|p1a: Aerodactyl|Unnerve
|turn|1
|
|t:|1783220963
|switch|p2a: Farigiraf|Farigiraf, L50, F|100/100
|move|p1a: Aerodactyl|Rock Slide|p2a: Farigiraf|[spread] p2a,p2b
|-resisted|p2b: Garchomp|1
|-damage|p2a: Farigiraf|82/100
|-damage|p2b: Garchomp|86/100
|move|p2b: Garchomp|Dragon Claw|p1b: Garchomp
|-supereffective|p1b: Garchomp|1
|-damage|p1b: Garchomp|11/100
|-damage|p2b: Garchomp|74/100|[from] ability: Rough Skin|[of] p1b: Garchomp
|-damage|p2b: Garchomp|65/100|[from] item: Life Orb
|move|p1b: Garchomp|Earthquake|p2a: Farigiraf|[spread] p2a,p2b
|-immune|p1a: Aerodactyl
|-damage|p2a: Farigiraf|40/100
|-damage|p2b: Garchomp|18/100
|
|upkeep
|turn|2
|
|t:|1783221002
|move|p1a: Aerodactyl|Tailwind|p1a: Aerodactyl
|-sidestart|p1: lukoog|move: Tailwind
|move|p1b: Garchomp|Earthquake|p2b: Garchomp|[spread] p2a,p2b
|-immune|p1a: Aerodactyl
|-damage|p2a: Farigiraf|1/100
|-damage|p2b: Garchomp|0 fnt
|faint|p2b: Garchomp
|move|p2a: Farigiraf|Thunderbolt|p1a: Aerodactyl
|-supereffective|p1a: Aerodactyl|1
|-damage|p1a: Aerodactyl|37/100
|
|upkeep
|
|t:|1783221012
|switch|p2b: Kingambit|Kingambit, L50, M|100/100
|turn|3
|
|t:|1783221044
|move|p2b: Kingambit|Sucker Punch||[still]
|-fail|p2b: Kingambit
|move|p1a: Aerodactyl|Stealth Rock|p2b: Kingambit
|-sidestart|p2: Oscarm92|move: Stealth Rock
|move|p1b: Garchomp|Earthquake|p2a: Farigiraf|[spread] p2a,p2b
|-immune|p1a: Aerodactyl
|-supereffective|p2b: Kingambit|1
|-damage|p2a: Farigiraf|0 fnt
|-damage|p2b: Kingambit|20/100y
|faint|p2a: Farigiraf
|
|upkeep
|
|t:|1783221048
|switch|p2a: Charizard|Charizard, L50, F, shiny|100/100
|-damage|p2a: Charizard|50/100g|[from] Stealth Rock
|turn|4
|
|t:|1783221062
|detailschange|p2a: Charizard|Charizard-Mega-Y, L50, F, shiny
|-mega|p2a: Charizard|Charizard|Charizardite Y
|-weather|SunnyDay|[from] ability: Drought|[of] p2a: Charizard
|move|p2b: Kingambit|Sucker Punch|p1a: Aerodactyl
|-damage|p1a: Aerodactyl|0 fnt
|faint|p1a: Aerodactyl
|move|p1b: Garchomp|Earthquake|p2a: Charizard|[spread] p2b
|-immune|p2a: Charizard
|-supereffective|p2b: Kingambit|1
|-damage|p2b: Kingambit|0 fnt
|faint|p2b: Kingambit
|move|p2a: Charizard|Weather Ball|p1b: Garchomp
|-resisted|p1b: Garchomp|1
|-damage|p1b: Garchomp|0 fnt
|faint|p1b: Garchomp
|
|-weather|SunnyDay|[upkeep]
|upkeep
|
|t:|1783221074
|switch|p1a: Raichu|Raichu, L50, F|100/100
|switch|p1b: Kingambit|Kingambit, L50, F|100/100
|turn|5
|c|☆lukoog|gg
|
|t:|1783221085
|detailschange|p1a: Raichu|Raichu-Mega-Y, L50, F
|-mega|p1a: Raichu|Raichu|Raichunite Y
|move|p2a: Charizard|Protect|p2a: Charizard
|-singleturn|p2a: Charizard|Protect
|move|p1a: Raichu|Zap Cannon|p2a: Charizard
|-activate|p2a: Charizard|move: Protect
|move|p1b: Kingambit|Iron Head|p2a: Charizard
|-activate|p2a: Charizard|move: Protect
|
|-weather|SunnyDay|[upkeep]
|-sideend|p1: lukoog|move: Tailwind
|upkeep
|turn|6
|
|t:|1783221092
|move|p1b: Kingambit|Sucker Punch|p2a: Charizard
|-damage|p2a: Charizard|3/100
|move|p1a: Raichu|Zap Cannon|p2a: Charizard
|-supereffective|p2a: Charizard|1
|-damage|p2a: Charizard|0 fnt
|faint|p2a: Charizard
|
|win|lukoog
||lukoog is ready for game 3.
|l|☆lukoog
|player|p1|
|inactive|Oscarm92 has 30 seconds to confirm battle start!
||Oscarm92 is ready for game 3.
|uhtml|next|Next: Game 3 of 3
