|j|☆ruddyreboot
|j|☆dragonite fraude
|html|ruddyrebootdragonite fraude    
|uhtml|bestof|Game 1 of a best-of-3
|t:|1757852539
|gametype|doubles
|player|p1|ruddyreboot|crasherwake|1198
|player|p2|dragonite fraude|265|1113
|gen|9
|tier|[Gen 9] VGC 2025 Reg H (Bo3)
|rated|
|rule|Species Clause: Limit one of each Pokémon
|rule|Item Clause: Limit 1 of each item
|clearpoke
|poke|p1|Malamar, L50, M|
|poke|p1|Farigiraf, L50, F|
|poke|p1|Ursaluna-Bloodmoon, L50, M|
|poke|p1|Smeargle, L50, F|
|poke|p1|Rillaboom, L50, M|
|poke|p1|Torkoal, L50, F|
|poke|p2|Maushold-Four, L50|
|poke|p2|Gholdengo, L50|
|poke|p2|Dragonite, L50, M|
|poke|p2|Annihilape, L50, F|
|poke|p2|Rillaboom, L50, M|
|poke|p2|Ursaluna-Bloodmoon, L50, M|
|teampreview|4
|showteam|p1|Malamar||SafetyGoggles|Contrary|Superpower,KnockOff,TrickRoom,Protect|||M|||50|,,,,,Fire]Farigiraf||ThroatSpray|ArmorTail|Protect,TrickRoom,HyperVoice,Psychic|||F|||50|,,,,,Grass]Ursaluna-Bloodmoon||LifeOrb|MindsEye|Protect,EarthPower,HyperVoice,BloodMoon|||M|||50|,,,,,Normal]Smeargle||FocusSash|Technician|FakeOut,Decorate,Spore,FollowMe|||F|||50|,,,,,Grass]Rillaboom||AssaultVest|GrassySurge|WoodHammer,GrassyGlide,HighHorsepower,FakeOut|||M|||50|,,,,,Fire]Torkoal||Charcoal|Drought|Eruption,ClearSmog,Protect,Flamethrower|||F|||50|,,,,,Fire
|showteam|p2|Maushold-Four||FocusSash|FriendGuard|SuperFang,BeatUp,FollowMe,Protect||||||50|,,,,,Ghost]Gholdengo||LifeOrb|GoodasGold|MakeItRain,ShadowBall,NastyPlot,Protect||||||50|,,,,,Water]Dragonite||LoadedDice|Multiscale|ScaleShot,Tailwind,Haze,Protect|||M|||50|,,,,,Fairy]Annihilape||SitrusBerry|Defiant|DrainPunch,RageFist,BulkUp,Protect|||F|||50|,,,,,Fire]Rillaboom||MiracleSeed|GrassySurge|WoodHammer,GrassyGlide,HighHorsepower,FakeOut|||M|||50|,,,,,Fire]Ursaluna-Bloodmoon||AssaultVest|MindsEye|BloodMoon,EarthPower,HyperVoice,VacuumWave|||M|||50|,,,,,Water
|inactive|Battle timer is ON: inactive players will automatically lose when time's up. (requested by ruddyreboot)
|c|☆dragonite fraude|my friend malamar!
|inactive|dragonite fraude has 60 seconds left.
|
|t:|1757852579
|teamsize|p1|4
|teamsize|p2|4
|start
|switch|p1a: Farigiraf|Farigiraf, L50, F|100/100
|switch|p1b: Smeargle|Smeargle, L50, F, shiny|100/100
|switch|p2a: Gholdengo|Gholdengo, L50|100/100
|switch|p2b: Maushold|Maushold-Four, L50|100/100
|turn|1
|inactive|ruddyreboot has 30 seconds left.
|
|t:|1757852610
|switch|p1b: Torkoal|Torkoal, L50, F|100/100
|-weather|SunnyDay|[from] ability: Drought|[of] p1b: Torkoal
|move|p2b: Maushold|Super Fang|p1a: Farigiraf|[miss]
|-miss|p2b: Maushold|p1a: Farigiraf
|move|p2a: Gholdengo|Nasty Plot|p2a: Gholdengo
|-boost|p2a: Gholdengo|spa|2
|move|p1a: Farigiraf|Trick Room|p1a: Farigiraf
|-fieldstart|move: Trick Room|[of] p1a: Farigiraf
|
|-weather|SunnyDay|[upkeep]
|upkeep
|turn|2
|
|t:|1757852622
|-terastallize|p2a: Gholdengo|Water
|move|p2b: Maushold|Protect|p2b: Maushold
|-singleturn|p2b: Maushold|Protect
|move|p1b: Torkoal|Eruption|p2a: Gholdengo|[spread] p2a
|-activate|p2b: Maushold|move: Protect
|-resisted|p2a: Gholdengo
|-damage|p2a: Gholdengo|63/100
|move|p1a: Farigiraf|Hyper Voice|p2a: Gholdengo|[spread] p2a
|-activate|p2b: Maushold|move: Protect
|-damage|p2a: Gholdengo|37/100
|-enditem|p1a: Farigiraf|Throat Spray
|-boost|p1a: Farigiraf|spa|1|[from] item: Throat Spray
|move|p2a: Gholdengo|Make It Rain|p1b: Torkoal|[spread] p1a,p1b
|-resisted|p1b: Torkoal
|-damage|p1a: Farigiraf|0 fnt
|-damage|p1b: Torkoal|32/100
|-unboost|p2a: Gholdengo|spa|1
|faint|p1a: Farigiraf
|-damage|p2a: Gholdengo|27/100|[from] item: Life Orb
|
|-weather|SunnyDay|[upkeep]
|upkeep
|
|t:|1757852634
|switch|p1a: Ursaluna|Ursaluna-Bloodmoon, L50, M|100/100
|turn|3
|
|t:|1757852650
|-terastallize|p1a: Ursaluna|Normal
|move|p2a: Gholdengo|Protect|p2a: Gholdengo
|-singleturn|p2a: Gholdengo|Protect
|move|p1b: Torkoal|Flamethrower|p2b: Maushold
|-damage|p2b: Maushold|14/100
|move|p1a: Ursaluna|Hyper Voice|p2a: Gholdengo|[spread] p2b
|-activate|p2a: Gholdengo|move: Protect
|-damage|p2b: Maushold|0 fnt
|faint|p2b: Maushold
|-damage|p1a: Ursaluna|91/100|[from] item: Life Orb
|
|-weather|SunnyDay|[upkeep]
|upkeep
|
|t:|1757852672
|switch|p2b: Dragonite|Dragonite, L50, M|100/100
|turn|4
|
|t:|1757852692
|move|p1b: Torkoal|Flamethrower|p2b: Dragonite
|-resisted|p2b: Dragonite
|-damage|p2b: Dragonite|82/100
|move|p1a: Ursaluna|Hyper Voice|p2b: Dragonite|[spread] p2a,p2b
|-damage|p2a: Gholdengo|0 fnt
|-damage|p2b: Dragonite|9/100
|faint|p2a: Gholdengo
|-damage|p1a: Ursaluna|81/100|[from] item: Life Orb
|move|p2b: Dragonite|Scale Shot|p1b: Torkoal
|-damage|p1b: Torkoal|21/100
|-damage|p1b: Torkoal|9/100
|-damage|p1b: Torkoal|0 fnt
|faint|p1b: Torkoal
|-hitcount|p1: Torkoal|3
|-unboost|p2b: Dragonite|def|1
|-boost|p2b: Dragonite|spe|1
|
|-weather|SunnyDay|[upkeep]
|upkeep
|
|t:|1757852698
|switch|p1b: Smeargle|Smeargle, L50, F, shiny|100/100
|switch|p2a: Ursaluna|Ursaluna-Bloodmoon, L50, M|100/100
|turn|5
|
|t:|1757852718
|move|p2b: Dragonite|Protect|p2b: Dragonite
|-singleturn|p2b: Dragonite|Protect
|move|p1b: Smeargle|Spore|p2a: Ursaluna
|-status|p2a: Ursaluna|slp|[from] move: Spore
|move|p1a: Ursaluna|Hyper Voice|p2b: Dragonite|[spread] p2a
|-activate|p2b: Dragonite|move: Protect
|-crit|p2a: Ursaluna
|-damage|p2a: Ursaluna|36/100 slp
|-damage|p1a: Ursaluna|72/100|[from] item: Life Orb
|cant|p2a: Ursaluna|slp
|
|-weather|none
|-fieldend|move: Trick Room
|upkeep
|turn|6
|
|t:|1757852740
|move|p1b: Smeargle|Follow Me|p1b: Smeargle
|-singleturn|p1b: Smeargle|move: Follow Me
|move|p2b: Dragonite|Scale Shot|p1b: Smeargle
|-damage|p1b: Smeargle|65/100
|-damage|p1b: Smeargle|31/100
|-damage|p1b: Smeargle|0 fnt
|faint|p1b: Smeargle
|-hitcount|p1: Smeargle|3
|-unboost|p2b: Dragonite|def|1
|-boost|p2b: Dragonite|spe|1
|cant|p2a: Ursaluna|slp
|move|p1a: Ursaluna|Hyper Voice|p2a: Ursaluna|[spread] p2a,p2b
|-damage|p2a: Ursaluna|0 fnt
|-damage|p2b: Dragonite|0 fnt
|faint|p2a: Ursaluna
|faint|p2b: Dragonite
|-damage|p1a: Ursaluna|62/100|[from] item: Life Orb
|
|win|ruddyreboot
||ruddyreboot is ready for game 2.
|inactive|dragonite fraude has 30 seconds to confirm battle start!
||dragonite fraude is ready for game 2.
|uhtml|next|Next: Game 2 of 3
|l|☆ruddyreboot
|player|p1|
