|j|☆precisiondepicasso
|j|☆hugoleitor
|html|precisiondepicassohugoleitor    
|uhtml|bestof|Game 3 of a best-of-3
|t:|1782765290
|gametype|doubles
|player|p1|precisiondepicasso|cyclistf-gen4|1256
|player|p2|hugoleitor|pokekid|1148
|gen|9
|tier|[Gen 9 Champions] VGC 2026 Reg M-B (Bo3)
|rated|
|rule|Species Clause: Limit one of each Pokémon
|rule|Item Clause: Limit 1 of each item
|clearpoke
|poke|p1|Charizard, L50, M|
|poke|p1|Kingambit, L50, F|
|poke|p1|Sylveon, L50, M|
|poke|p1|Garchomp, L50, F|
|poke|p1|Aerodactyl, L50, M|
|poke|p1|Farigiraf, L50, M|
|poke|p2|Charizard, L50, F|
|poke|p2|Aerodactyl, L50, F|
|poke|p2|Garchomp, L50, F|
|poke|p2|Sylveon, L50, M, shiny|
|poke|p2|Kingambit, L50, M, shiny|
|poke|p2|Farigiraf, L50, F|
|teampreview|4
|showteam|p1|Charizard||CharizarditeY|SolarPower|Protect,HeatWave,SolarBeam,WeatherBall|Modest||M|||50|]Kingambit||FocusSash|Defiant|IronHead,SuckerPunch,KowtowCleave,LowKick|Adamant||F|||50|]Sylveon||FairyFeather|Pixilate|Detect,HyperVoice,HyperBeam,QuickAttack|Modest||M|||50|]Garchomp||LifeOrb|RoughSkin|Protect,DragonClaw,Earthquake,StompingTantrum|Jolly||F|||50|]Aerodactyl||Aerodactylite|RockHead|IceFang,RockSlide,Tailwind,DualWingbeat|Jolly||M|||50|]Farigiraf||SitrusBerry|ArmorTail|TrickRoom,Psychic,Thunderbolt,Roar|Bold||M|||50|
|showteam|p2|Charizard||CharizarditeY|Blaze|HeatWave,SolarBeam,WeatherBall,Protect|Timid||F|||50|]Aerodactyl||Aerodactylite|Unnerve|Tailwind,DualWingbeat,RockSlide,IceFang|Jolly||F|||50|]Garchomp||LifeOrb|RoughSkin|RockTomb,Earthquake,DragonClaw,Protect|Adamant||F|||50|]Sylveon||FairyFeather|Pixilate|Detect,QuickAttack,HyperVoice,HyperBeam|Modest||M|||50|]Kingambit||FocusSash|Defiant|LowKick,KowtowCleave,SuckerPunch,IronHead|Adamant||M|||50|]Farigiraf||SitrusBerry|ArmorTail|TrickRoom,HelpingHand,TwinBeam,GrassKnot|Bold||F|||50|
|inactive|Battle timer is ON: inactive players will automatically lose when time's up. (requested by hugoleitor)
|inactive|precisiondepicasso also wants the timer to be on.
|
|t:|1782765305
|teamsize|p1|4
|teamsize|p2|4
|start
|switch|p1a: Aerodactyl|Aerodactyl, L50, M|100/100
|switch|p1b: Kingambit|Kingambit, L50, F|100/100
|switch|p2a: Farigiraf|Farigiraf, L50, F|100/100
|switch|p2b: GARRINCHA|Garchomp, L50, F|100/100
|turn|1
|
|t:|1782765327
|detailschange|p1a: Aerodactyl|Aerodactyl-Mega, L50, M
|-mega|p1a: Aerodactyl|Aerodactyl|Aerodactylite
|move|p2b: GARRINCHA|Protect|p2b: GARRINCHA
|-singleturn|p2b: GARRINCHA|Protect
|move|p1a: Aerodactyl|Ice Fang|p2b: GARRINCHA
|-activate|p2b: GARRINCHA|move: Protect
|move|p1b: Kingambit|Kowtow Cleave|p2a: Farigiraf
|-supereffective|p2a: Farigiraf|1
|-damage|p2a: Farigiraf|19/100
|-enditem|p2a: Farigiraf|Sitrus Berry|[eat]
|-heal|p2a: Farigiraf|44/100|[from] item: Sitrus Berry
|move|p2a: Farigiraf|Trick Room|p2a: Farigiraf
|-fieldstart|move: Trick Room|[of] p2a: Farigiraf
|
|upkeep
|turn|2
|inactive|hugoleitor has 30 seconds left.
|
|t:|1782765358
|switch|p1a: Sylveon|Sylveon, L50, M|100/100
|move|p2a: Farigiraf|Twin Beam|p1a: Sylveon
|-damage|p1a: Sylveon|88/100
|-damage|p1a: Sylveon|74/100
|-hitcount|p1a: Sylveon|2
|move|p1b: Kingambit|Kowtow Cleave|p2a: Farigiraf
|-supereffective|p2a: Farigiraf|1
|-damage|p2a: Farigiraf|0 fnt
|faint|p2a: Farigiraf
|move|p2b: GARRINCHA|Rock Tomb|p1a: Sylveon
|-damage|p1a: Sylveon|40/100
|-unboost|p1a: Sylveon|spe|1
|-damage|p2b: GARRINCHA|90/100|[from] item: Life Orb
|
|upkeep
|
|t:|1782765373
|switch|p2a: GATITA SALVAJE|Sylveon, L50, M, shiny|100/100
|turn|3
|
|t:|1782765385
|move|p1a: Sylveon|Detect|p1a: Sylveon
|-singleturn|p1a: Sylveon|Protect
|move|p2a: GATITA SALVAJE|Hyper Voice|p1a: Sylveon|[spread] p1b
|-activate|p1a: Sylveon|move: Protect
|-damage|p1b: Kingambit|47/100
|move|p1b: Kingambit|Iron Head|p2a: GATITA SALVAJE
|-supereffective|p2a: GATITA SALVAJE|1
|-damage|p2a: GATITA SALVAJE|1/100
|move|p2b: GARRINCHA|Earthquake|p1a: Sylveon|[spread] p2a,p1b
|-activate|p1a: Sylveon|move: Protect
|-supereffective|p1b: Kingambit|1
|-damage|p2a: GATITA SALVAJE|0 fnt
|-damage|p1b: Kingambit|0 fnt
|faint|p2a: GATITA SALVAJE
|faint|p1b: Kingambit
|-damage|p2b: GARRINCHA|80/100|[from] item: Life Orb
|
|upkeep
|
|t:|1782765399
|switch|p2a: PATRIARCA GITANO|Kingambit, L50, M, shiny|100/100
|switch|p1b: Farigiraf|Farigiraf, L50, M|100/100
|turn|4
|
|t:|1782765410
|move|p1a: Sylveon|Hyper Voice|p2a: PATRIARCA GITANO|[spread] p2a,p2b
|-supereffective|p2b: GARRINCHA|1
|-damage|p2a: PATRIARCA GITANO|55/100
|-damage|p2b: GARRINCHA|0 fnt
|faint|p2b: GARRINCHA
|move|p2a: PATRIARCA GITANO|Iron Head|p1a: Sylveon
|-supereffective|p1a: Sylveon|1
|-crit|p1a: Sylveon
|-damage|p1a: Sylveon|0 fnt
|faint|p1a: Sylveon
|move|p1b: Farigiraf|Thunderbolt|p2a: PATRIARCA GITANO
|-damage|p2a: PATRIARCA GITANO|33/100
|
|upkeep
|
|t:|1782765420
|switch|p1a: Aerodactyl|Aerodactyl-Mega, L50, M|100/100
|turn|5
|
|t:|1782765433
|move|p2a: PATRIARCA GITANO|Iron Head|p1a: Aerodactyl
|-supereffective|p1a: Aerodactyl|1
|-damage|p1a: Aerodactyl|0 fnt
|faint|p1a: Aerodactyl
|move|p1b: Farigiraf|Thunderbolt|p2a: PATRIARCA GITANO
|-damage|p2a: PATRIARCA GITANO|11/100
|
|-fieldend|move: Trick Room
|upkeep
|turn|6
|
|t:|1782765441
|move|p1b: Farigiraf|Thunderbolt|p2a: PATRIARCA GITANO
|-damage|p2a: PATRIARCA GITANO|0 fnt
|faint|p2a: PATRIARCA GITANO
|
|win|precisiondepicasso
|raw|precisiondepicasso's rating: 1256 → 1273(+17 for winning)
|raw|hugoleitor's rating: 1148 → 1131(-17 for losing)
|l|☆hugoleitor
|player|p2|
