|j|☆furretusedpunch
|j|☆aquid99
|html|furretusedpunchaquid99    
|uhtml|bestof|Game 1 of a best-of-3
|t:|1782426627
|gametype|doubles
|player|p1|furretusedpunch|lacey|1094
|player|p2|aquid99|266|1074
|gen|9
|tier|[Gen 9 Champions] VGC 2026 Reg M-B (Bo3)
|rated|
|rule|Species Clause: Limit one of each Pokémon
|rule|Item Clause: Limit 1 of each item
|clearpoke
|poke|p1|Charizard, L50, M|
|poke|p1|Whimsicott, L50, F|
|poke|p1|Floette-Eternal, L50, F|
|poke|p1|Kingambit, L50, M|
|poke|p1|Garchomp, L50, F|
|poke|p1|Basculegion, L50, M|
|poke|p2|Swampert, L50, F|
|poke|p2|Incineroar, L50, F|
|poke|p2|Archaludon, L50, M|
|poke|p2|Pelipper, L50, M|
|poke|p2|Basculegion, L50, M|
|poke|p2|Kingambit, L50, F|
|teampreview|4
|showteam|p1|Charizard||CharizarditeY|Blaze|HeatWave,WeatherBall,SolarBeam,Protect|Modest||M|||50|]Whimsicott||FocusSash|Prankster|Moonblast,Tailwind,Encore,Protect|Timid||F|||50|]Floette-Eternal||Floettite|FlowerVeil|Moonblast,DazzlingGleam,LightofRuin,Protect|Timid||F|||50|]Kingambit||BlackGlasses|Defiant|KowtowCleave,SuckerPunch,IronHead,Protect|Adamant||M|||50|]Garchomp||LifeOrb|RoughSkin|Earthquake,DragonClaw,RockSlide,Protect|Jolly||F|||50|]Basculegion||MysticWater|Adaptability|WaveCrash,AquaJet,LastRespects,Protect|Adamant||M|||50|
|showteam|p2|Swampert||Swampertite|Damp|Protect,WaveCrash,BulkUp,Earthquake|Adamant||F|||50|]Incineroar||MentalHerb|Intimidate|FakeOut,FlareBlitz,PartingShot,Protect|Impish||F|||50|]Archaludon||Magnet|Stamina|ElectroShot,Protect,FlashCannon,Thunderbolt|Calm||M|||50|]Pelipper||DampRock|Drizzle|Uturn,WeatherBall,Tailwind,Protect|Bold||M|||50|]Basculegion||MysticWater|Adaptability|LastRespects,Waterfall,Protect,FlipTurn|Careful||M|||50|]Kingambit||LifeOrb|Defiant|KowtowCleave,SuckerPunch,Protect,IronHead|Serious||F|||50|
|
|t:|1782426689
|teamsize|p1|4
|teamsize|p2|4
|start
|switch|p1a: Whimsicott|Whimsicott, L50, F|100/100
|switch|p1b: Floette|Floette-Eternal, L50, F|100/100
|switch|p2a: Pelipper|Pelipper, L50, M|100/100
|switch|p2b: Yuta|Archaludon, L50, M|100/100
|-weather|RainDance|[from] ability: Drizzle|[of] p2a: Pelipper
|turn|1
|
|t:|1782426739
|detailschange|p1b: Floette|Floette-Mega, L50, F
|-mega|p1b: Floette|Floette|Floettite
|-ability|p1b: Floette|Fairy Aura
|move|p2b: Yuta|Protect|p2b: Yuta
|-singleturn|p2b: Yuta|Protect
|move|p1a: Whimsicott|Moonblast|p2b: Yuta
|-activate|p2b: Yuta|move: Protect
|move|p1b: Floette|Light of Ruin|p2a: Pelipper
|-damage|p2a: Pelipper|0 fnt
|faint|p2a: Pelipper
|-damage|p1b: Floette|47/100|[from] Recoil
|
|-weather|RainDance|[upkeep]
|upkeep
|
|t:|1782426753
|switch|p2a: Rika|Swampert, L50, F|100/100
|turn|2
|
|t:|1782426773
|detailschange|p2a: Rika|Swampert-Mega, L50, F
|-mega|p2a: Rika|Swampert|Swampertite
|move|p1a: Whimsicott|Tailwind|p1a: Whimsicott
|-sidestart|p1: furretusedpunch|move: Tailwind
|move|p1b: Floette|Dazzling Gleam|p2a: Rika|[spread] p2a,p2b
|-damage|p2a: Rika|59/100
|-damage|p2b: Yuta|38/100
|-ability|p2b: Yuta|Stamina|boost
|-boost|p2b: Yuta|def|1
|move|p2a: Rika|Wave Crash|p1b: Floette
|-damage|p1b: Floette|0 fnt
|faint|p1b: Floette
|-damage|p2a: Rika|45/100|[from] Recoil
|move|p2b: Yuta|Flash Cannon|p1a: Whimsicott
|-supereffective|p1a: Whimsicott|1
|-enditem|p1a: Whimsicott|Focus Sash
|-damage|p1a: Whimsicott|1/100
|
|-weather|RainDance|[upkeep]
|upkeep
|
|t:|1782426797
|switch|p1b: Garchomp|Garchomp, L50, F|100/100
|turn|3
|
|t:|1782426825
|move|p1a: Whimsicott|Protect|p1a: Whimsicott
|-singleturn|p1a: Whimsicott|Protect
|move|p2b: Yuta|Protect|p2b: Yuta
|-singleturn|p2b: Yuta|Protect
|move|p1b: Garchomp|Earthquake|p2a: Rika|[spread] p2a
|-activate|p1a: Whimsicott|move: Protect
|-activate|p2b: Yuta|move: Protect
|-damage|p2a: Rika|2/100
|-damage|p1b: Garchomp|90/100|[from] item: Life Orb
|move|p2a: Rika|Earthquake|p1b: Garchomp|[spread] p1b
|-activate|p2b: Yuta|move: Protect
|-activate|p1a: Whimsicott|move: Protect
|-damage|p1b: Garchomp|47/100
|
|-weather|RainDance|[upkeep]
|upkeep
|turn|4
|
|t:|1782426906
|move|p1a: Whimsicott|Encore|p2b: Yuta
|-start|p2b: Yuta|Encore
|move|p2b: Yuta|Protect|p2b: Yuta
|-singleturn|p2b: Yuta|Protect
|move|p1b: Garchomp|Dragon Claw|p2a: Rika
|-damage|p2a: Rika|0 fnt
|faint|p2a: Rika
|-damage|p1b: Garchomp|37/100|[from] item: Life Orb
|
|-weather|RainDance|[upkeep]
|upkeep
|
|t:|1782426918
|switch|p2a: Incineroar|Incineroar, L50, F|100/100
|-ability|p2a: Incineroar|Intimidate|boost
|-unboost|p1a: Whimsicott|atk|1
|-unboost|p1b: Garchomp|atk|1
|turn|5
|
|t:|1782426936
|move|p1a: Whimsicott|Protect|p1a: Whimsicott
|-singleturn|p1a: Whimsicott|Protect
|move|p1b: Garchomp|Protect|p1b: Garchomp
|-singleturn|p1b: Garchomp|Protect
|move|p2b: Yuta|Protect||[still]
|-fail|p2b: Yuta
|move|p2a: Incineroar|Fake Out|p1b: Garchomp
|-activate|p1b: Garchomp|move: Protect
|
|-weather|RainDance|[upkeep]
|-sideend|p1: furretusedpunch|move: Tailwind
|upkeep
|turn|6
|
|t:|1782426967
|move|p2b: Yuta|Protect|p2b: Yuta
|-singleturn|p2b: Yuta|Protect
|move|p1a: Whimsicott|Tailwind|p1a: Whimsicott
|-sidestart|p1: furretusedpunch|move: Tailwind
|move|p1b: Garchomp|Dragon Claw|p2a: Incineroar
|-damage|p2a: Incineroar|66/100
|-damage|p1b: Garchomp|28/100|[from] item: Life Orb
|move|p2a: Incineroar|Flare Blitz|p1b: Garchomp
|-resisted|p1b: Garchomp|1
|-damage|p1b: Garchomp|13/100
|-damage|p2a: Incineroar|53/100|[from] ability: Rough Skin|[of] p1b: Garchomp
|-damage|p2a: Incineroar|49/100|[from] Recoil
|
|-weather|RainDance|[upkeep]
|-end|p2b: Yuta|Encore
|upkeep
|turn|7
|
|t:|1782426989
|move|p1a: Whimsicott|Moonblast|p2b: Yuta
|-damage|p2b: Yuta|0 fnt
|faint|p2b: Yuta
|move|p1b: Garchomp|Earthquake|p2a: Incineroar|[spread] p1a,p2a
|-resisted|p1a: Whimsicott|1
|-supereffective|p2a: Incineroar|1
|-damage|p1a: Whimsicott|0 fnt
|-damage|p2a: Incineroar|0 fnt
|faint|p1a: Whimsicott
|faint|p2a: Incineroar
|-damage|p1b: Garchomp|4/100|[from] item: Life Orb
|
|win|furretusedpunch
