|j|☆scawy monsta
|j|☆leafeon03
|html|scawy monstaleafeon03    
|uhtml|bestof|Game 1 of a best-of-3
|t:|1784586323
|gametype|doubles
|player|p1|scawy monsta|roxie|1191
|player|p2|leafeon03|erika|1191
|gen|9
|tier|[Gen 9 Champions] VGC 2026 Reg M-B (Bo3)
|rated|
|rule|Species Clause: Limit one of each Pokémon
|rule|Item Clause: Limit 1 of each item
|clearpoke
|poke|p1|Raichu, L50, F|
|poke|p1|Whimsicott, L50, F|
|poke|p1|Ninetales-Alola, L50, M|
|poke|p1|Annihilape, L50, M|
|poke|p1|Garchomp, L50, M|
|poke|p1|Scovillain, L50, F|
|poke|p2|Garchomp, L50, F, shiny|
|poke|p2|Venusaur, L50, F|
|poke|p2|Incineroar, L50, F|
|poke|p2|Charizard, L50, F, shiny|
|poke|p2|Toxapex, L50, F|
|poke|p2|Annihilape, L50, M|
|teampreview|4
|showteam|p1|Raichu||RaichuniteY|LightningRod|FocusBlast,ZapCannon,Protect,FakeOut|Timid||F|||50|]Whimsicott||FocusSash|Prankster|Encore,Tailwind,Moonblast,Protect|Timid||F|||50|]Ninetales-Alola||NeverMeltIce|SnowWarning|FreezeDry,Blizzard,AuroraVeil,Protect|Timid||M|||50|]Annihilape||RoseliBerry|Defiant|BulkUp,Protect,RageFist,DrainPunch|Adamant||M|||50|]Garchomp||LifeOrb|RoughSkin|RockSlide,StompingTantrum,DragonClaw,Protect|Jolly||M|||50|]Scovillain||Scovillainite|Chlorophyll|RagePowder,Protect,FireSpin,LeechSeed|Calm||F|||50|
|showteam|p2|Garchomp||ChoiceScarf|RoughSkin|Earthquake,RockSlide,DragonClaw,StompingTantrum|Adamant||F|||50|]Venusaur||LifeOrb|Chlorophyll|SludgeBomb,SolarBeam,EarthPower,Protect|Modest||F|||50|]Incineroar||SitrusBerry|Intimidate|FakeOut,FlareBlitz,ThroatChop,PartingShot|Impish||F|||50|]Charizard||CharizarditeY|Blaze|HeatWave,WeatherBall,Protect,HelpingHand|Modest||F|||50|]Toxapex||Leftovers|Regenerator|Infestation,Toxic,WideGuard,BanefulBunker|Impish||F|||50|]Annihilape||FocusSash|Defiant|CloseCombat,PhantomForce,RockTomb,Protect|Jolly||M|||50|
|inactive|Battle timer is ON: inactive players will automatically lose when time's up. (requested by scawy monsta)
|inactive|leafeon03 has 60 seconds left.
|inactive|leafeon03 has 30 seconds left.
|inactive|leafeon03 has 20 seconds left.
|inactive|leafeon03 has 15 seconds left.
|inactive|leafeon03 has 10 seconds left.
|
|t:|1784586406
|teamsize|p1|4
|teamsize|p2|4
|start
|switch|p1a: Maxmoefoe|Raichu, L50, F|100/100
|switch|p1b: Ninetales|Ninetales-Alola, L50, M|100/100
|switch|p2a: Charizard|Charizard, L50, F, shiny|100/100
|switch|p2b: Garchomp|Garchomp, L50, F, shiny|100/100
|-weather|Snowscape|[from] ability: Snow Warning|[of] p1b: Ninetales
|turn|1
|inactive|leafeon03 has 30 seconds left.
|
|t:|1784586440
|switch|p2b: Incineroar|Incineroar, L50, F|100/100
|-ability|p2b: Incineroar|Intimidate|boost
|-unboost|p1a: Maxmoefoe|atk|1
|-unboost|p1b: Ninetales|atk|1
|detailschange|p1a: Maxmoefoe|Raichu-Mega-Y, L50, F
|-mega|p1a: Maxmoefoe|Raichu|Raichunite Y
|move|p2a: Charizard|Protect|p2a: Charizard
|-singleturn|p2a: Charizard|Protect
|move|p1a: Maxmoefoe|Fake Out|p2b: Incineroar
|-damage|p2b: Incineroar|96/100
|move|p1b: Ninetales|Blizzard|p2b: Incineroar|[spread] p2b
|-activate|p2a: Charizard|move: Protect
|-resisted|p2b: Incineroar|1
|-damage|p2b: Incineroar|78/100
|
|-weather|Snowscape|[upkeep]
|upkeep
|turn|2
|inactive|leafeon03 has 30 seconds left.
|inactive|leafeon03 has 20 seconds left.
|
|t:|1784586479
|switch|p1b: Garchomp|Garchomp, L50, M|100/100
|detailschange|p2a: Charizard|Charizard-Mega-Y, L50, F, shiny
|-mega|p2a: Charizard|Charizard|Charizardite Y
|-weather|SunnyDay|[from] ability: Drought|[of] p2a: Charizard
|move|p1a: Maxmoefoe|Protect|p1a: Maxmoefoe
|-singleturn|p1a: Maxmoefoe|Protect
|move|p2b: Incineroar|Fake Out|p1a: Maxmoefoe
|-activate|p1a: Maxmoefoe|move: Protect
|move|p2a: Charizard|Heat Wave|p1a: Maxmoefoe|[spread] p1b
|-activate|p1a: Maxmoefoe|move: Protect
|-resisted|p1b: Garchomp|1
|-damage|p1b: Garchomp|67/100
|
|-weather|SunnyDay|[upkeep]
|upkeep
|turn|3
|inactive|leafeon03 has 30 seconds left.
|
|t:|1784586511
|switch|p2a: Venusaur|Venusaur, L50, F|100/100
|move|p1a: Maxmoefoe|Zap Cannon|p2b: Incineroar
|-damage|p2b: Incineroar|24/100
|-status|p2b: Incineroar|par
|-enditem|p2b: Incineroar|Sitrus Berry|[eat]
|-heal|p2b: Incineroar|49/100 par|[from] item: Sitrus Berry
|move|p1b: Garchomp|Rock Slide|p2a: Venusaur|[spread] p2a,p2b
|-supereffective|p2b: Incineroar|1
|-damage|p2a: Venusaur|67/100
|-damage|p2b: Incineroar|14/100 par
|-damage|p1b: Garchomp|57/100|[from] item: Life Orb
|move|p2b: Incineroar|Parting Shot|p1b: Garchomp
|-unboost|p1b: Garchomp|atk|1
|-unboost|p1b: Garchomp|spa|1
|
|t:|1784586532
|switch|p2b: Garchomp|Garchomp, L50, F, shiny|100/100|[from] Parting Shot
|
|-weather|SunnyDay|[upkeep]
|upkeep
|turn|4
|inactive|leafeon03 has 30 seconds left.
|
|t:|1784586563
|switch|p1a: Ninetales|Ninetales-Alola, L50, M|100/100
|-weather|Snowscape|[from] ability: Snow Warning|[of] p1a: Ninetales
|move|p2b: Garchomp|Dragon Claw|p1b: Garchomp
|-supereffective|p1b: Garchomp|1
|-damage|p1b: Garchomp|0 fnt
|-damage|p2b: Garchomp|87/100|[from] ability: Rough Skin|[of] p1b: Garchomp
|faint|p1b: Garchomp
|move|p2a: Venusaur|Earth Power|p1a: Ninetales
|-damage|p1a: Ninetales|52/100
|-damage|p2a: Venusaur|58/100|[from] item: Life Orb
|
|-weather|Snowscape|[upkeep]
|upkeep
|
|t:|1784586575
|switch|p1b: Maxmoefoe|Raichu-Mega-Y, L50, F|100/100
|turn|5
|inactive|leafeon03 has 30 seconds left.
|inactive|leafeon03 has 20 seconds left.
|
|t:|1784586615
|switch|p2b: Charizard|Charizard-Mega-Y, L50, F, shiny|100/100
|-weather|SunnyDay|[from] ability: Drought|[of] p2b: Charizard
|switch|p1b: Annihilape|Annihilape, L50, M|100/100
|move|p2a: Venusaur|Protect|p2a: Venusaur
|-singleturn|p2a: Venusaur|Protect
|move|p1a: Ninetales|Blizzard|p2b: Charizard|[spread] 
|-activate|p2a: Venusaur|move: Protect
|-miss|p1a: Ninetales|p2b: Charizard
|
|-weather|SunnyDay|[upkeep]
|upkeep
|turn|6
|inactive|leafeon03 has 30 seconds left.
|
|t:|1784586649
|switch|p1a: Maxmoefoe|Raichu-Mega-Y, L50, F|100/100
|move|p2a: Venusaur|Solar Beam||[still]
|-prepare|p2a: Venusaur|Solar Beam
|-anim|p2a: Venusaur|Solar Beam|p1a: Maxmoefoe
|-damage|p1a: Maxmoefoe|0 fnt
|faint|p1a: Maxmoefoe
|-damage|p2a: Venusaur|49/100|[from] item: Life Orb
|move|p2b: Charizard|Heat Wave|p1b: Annihilape
|-damage|p1b: Annihilape|32/100
|move|p1b: Annihilape|Rage Fist|p2b: Charizard
|-crit|p2b: Charizard
|-damage|p2b: Charizard|37/100
|
|-weather|SunnyDay|[upkeep]
|upkeep
|
|t:|1784586658
|switch|p1a: Ninetales|Ninetales-Alola, L50, M|52/100
|-weather|Snowscape|[from] ability: Snow Warning|[of] p1a: Ninetales
|turn|7
|
|t:|1784586669
|switch|p2b: Incineroar|Incineroar, L50, F|14/100 par
|-ability|p2b: Incineroar|Intimidate|boost
|-unboost|p1a: Ninetales|atk|1
|-unboost|p1b: Annihilape|atk|1
|-ability|p1b: Annihilape|Defiant|boost
|-boost|p1b: Annihilape|atk|2
|move|p2a: Venusaur|Protect|p2a: Venusaur
|-singleturn|p2a: Venusaur|Protect
|move|p1a: Ninetales|Aurora Veil|p1a: Ninetales
|-sidestart|p1: scawy monsta|move: Aurora Veil
|move|p1b: Annihilape|Rage Fist|p2b: Incineroar
|-resisted|p2b: Incineroar|1
|-damage|p2b: Incineroar|0 fnt
|faint|p2b: Incineroar
|
|-weather|Snowscape|[upkeep]
|upkeep
|
|t:|1784586683
|switch|p2b: Charizard|Charizard-Mega-Y, L50, F, shiny|37/100
|-weather|SunnyDay|[from] ability: Drought|[of] p2b: Charizard
|turn|8
|
|t:|1784586699
|move|p2a: Venusaur|Solar Beam||[still]
|-prepare|p2a: Venusaur|Solar Beam
|-anim|p2a: Venusaur|Solar Beam|p1b: Annihilape
|-damage|p1b: Annihilape|0 fnt
|faint|p1b: Annihilape
|-damage|p2a: Venusaur|39/100|[from] item: Life Orb
|move|p1a: Ninetales|Blizzard|p2b: Charizard|[spread] p2a,p2b
|-supereffective|p2a: Venusaur|1
|-crit|p2b: Charizard
|-damage|p2a: Venusaur|0 fnt
|-damage|p2b: Charizard|0 fnt
|faint|p2a: Venusaur
|faint|p2b: Charizard
|
|-weather|SunnyDay|[upkeep]
|upkeep
|
|t:|1784586709
|switch|p2b: Garchomp|Garchomp, L50, F, shiny|87/100
|turn|9
|inactive|leafeon03 has 30 seconds left.
|
|t:|1784586734
|move|p2b: Garchomp|Rock Slide|p1a: Ninetales
|-supereffective|p1a: Ninetales|1
|-damage|p1a: Ninetales|2/100
|move|p1a: Ninetales|Freeze-Dry|p2b: Garchomp
|-supereffective|p2b: Garchomp|2
|-damage|p2b: Garchomp|0 fnt
|faint|p2b: Garchomp
|
|win|scawy monsta
||scawy monsta is ready for game 2.
|inactive|leafeon03 has 30 seconds to confirm battle start!
