|j|☆annoptan
|j|☆KodeBeast0526
|html|annoptanKodeBeast0526    
|uhtml|bestof|Game 1 of a best-of-3
|t:|1785901554
|gametype|doubles
|player|p1|annoptan|2|1202
|player|p2|KodeBeast0526|wattson|1301
|gen|9
|tier|[Gen 9 Champions] VGC 2026 Reg M-B (Bo3)
|rated|
|rule|Species Clause: Limit one of each Pokémon
|rule|Item Clause: Limit 1 of each item
|clearpoke
|poke|p1|Gengar, L50, F|
|poke|p1|Archaludon, L50, M|
|poke|p1|Politoed, L50, F|
|poke|p1|Swampert, L50, M|
|poke|p1|Vivillon-Fancy, L50, M|
|poke|p1|Incineroar, L50, F|
|poke|p2|Basculegion, L50, M|
|poke|p2|Garchomp, L50, F|
|poke|p2|Scizor, L50, F|
|poke|p2|Tyranitar, L50, F|
|poke|p2|Sneasler, L50, F|
|poke|p2|Corviknight, L50, F|
|teampreview|4
|showteam|p1|Gengar||Gengarite|CursedBody|ShadowBall,SludgeBomb,PerishSong,Protect|Modest||F|||50|]Archaludon||Leftovers|Stamina|ElectroShot,DragonPulse,FlashCannon,Protect|Bold||M|||50|]Politoed||SitrusBerry|Drizzle|WeatherBall,Hypnosis,PerishSong,Protect|Calm||F|||50|]Swampert||Swampertite|Torrent|Earthquake,WaveCrash,IcePunch,Protect|Adamant||M|||50|]Vivillon-Fancy||FocusSash|CompoundEyes|Hurricane,SleepPowder,RagePowder,Protect|Timid||M|||50|]Incineroar||PasshoBerry|Intimidate|ThroatChop,FakeOut,PartingShot,Protect|Impish||F|||50|
|showteam|p2|Basculegion||SitrusBerry|Adaptability|WaveCrash,LastRespects,AquaJet,Protect|Jolly||M|||50|]Garchomp||Garchompite|RoughSkin|EarthPower,DracoMeteor,PowerGem,Protect|Modest||F|||50|]Scizor||LifeOrb|Technician|BulletPunch,BugBite,SwordsDance,Protect|Adamant||F|||50|]Tyranitar||ChoiceScarf|SandStream|RockSlide,KnockOff,IcePunch,Superpower|Jolly||F|||50|]Sneasler||FocusSash|PoisonTouch|PoisonJab,CloseCombat,FakeOut,Protect|Jolly||F|||50|]Corviknight||Leftovers|MirrorArmor|IronHead,BraveBird,Tailwind,Protect|Impish||F|||50|
|inactive|Battle timer is ON: inactive players will automatically lose when time's up. (requested by annoptan)
|
|t:|1785901595
|teamsize|p1|4
|teamsize|p2|4
|start
|switch|p1a: Incineroar|Incineroar, L50, F|100/100
|switch|p1b: Gengar|Gengar, L50, F|100/100
|switch|p2a: Tyranitar|Tyranitar, L50, F|100/100
|switch|p2b: Garchomp|Garchomp, L50, F|100/100
|-weather|Sandstorm|[from] ability: Sand Stream|[of] p2a: Tyranitar
|-ability|p1a: Incineroar|Intimidate|boost
|-unboost|p2a: Tyranitar|atk|1
|-unboost|p2b: Garchomp|atk|1
|turn|1
|
|t:|1785901621
|switch|p2a: Scizor|Scizor, L50, F|100/100
|detailschange|p2b: Garchomp|Garchomp-Mega, L50, F
|-mega|p2b: Garchomp|Garchomp|Garchompite
|detailschange|p1b: Gengar|Gengar-Mega, L50, F
|-mega|p1b: Gengar|Gengar|Gengarite
|move|p1a: Incineroar|Fake Out|p2b: Garchomp
|-damage|p2b: Garchomp|91/100
|move|p1b: Gengar|Perish Song|p1b: Gengar
|-start|p1a: Incineroar|perish3|[silent]
|-start|p1b: Gengar|perish3|[silent]
|-start|p2a: Scizor|perish3|[silent]
|-start|p2b: Garchomp|perish3|[silent]
|-fieldactivate|move: Perish Song
|cant|p2b: Garchomp|flinch
|
|-weather|Sandstorm|[upkeep]
|-damage|p1b: Gengar|93/100|[from] Sandstorm
|-damage|p1a: Incineroar|94/100|[from] Sandstorm
|-start|p1b: Gengar|perish3
|-start|p2b: Garchomp|perish3
|-start|p2a: Scizor|perish3
|-start|p1a: Incineroar|perish3
|upkeep
|turn|2
|
|t:|1785901643
|move|p1b: Gengar|Protect|p1b: Gengar
|-singleturn|p1b: Gengar|Protect
|move|p1a: Incineroar|Protect|p1a: Incineroar
|-singleturn|p1a: Incineroar|Protect
|move|p2b: Garchomp|Earth Power|p1a: Incineroar
|-activate|p1a: Incineroar|move: Protect
|move|p2a: Scizor|Swords Dance|p2a: Scizor
|-boost|p2a: Scizor|atk|2
|
|-weather|Sandstorm|[upkeep]
|-damage|p1b: Gengar|87/100|[from] Sandstorm
|-damage|p1a: Incineroar|88/100|[from] Sandstorm
|-start|p1b: Gengar|perish2
|-start|p2b: Garchomp|perish2
|-start|p2a: Scizor|perish2
|-start|p1a: Incineroar|perish2
|upkeep
|turn|3
|inactive|KodeBeast0526 has 30 seconds left.
|
|t:|1785901672
|switch|p1b: Archaludon|Archaludon, L50, M|100/100
|move|p2b: Garchomp|Earth Power|p1a: Incineroar
|-supereffective|p1a: Incineroar|1
|-damage|p1a: Incineroar|0 fnt
|faint|p1a: Incineroar
|move|p2a: Scizor|Bug Bite|p1b: Archaludon
|-resisted|p1b: Archaludon|1
|-damage|p1b: Archaludon|55/100
|-ability|p1b: Archaludon|Stamina|boost
|-boost|p1b: Archaludon|def|1
|-damage|p2a: Scizor|90/100|[from] item: Life Orb
|
|-weather|Sandstorm|[upkeep]
|-heal|p1b: Archaludon|61/100|[from] item: Leftovers
|-start|p2b: Garchomp|perish1
|-start|p2a: Scizor|perish1
|upkeep
|
|t:|1785901686
|switch|p1a: Gengar|Gengar-Mega, L50, F|87/100
|turn|4
|
|t:|1785901693
|move|p1a: Gengar|Protect|p1a: Gengar
|-singleturn|p1a: Gengar|Protect
|move|p1b: Archaludon|Protect|p1b: Archaludon
|-singleturn|p1b: Archaludon|Protect
|move|p2b: Garchomp|Earth Power|p1a: Gengar
|-activate|p1a: Gengar|move: Protect
|move|p2a: Scizor|Bug Bite|p1a: Gengar
|-activate|p1a: Gengar|move: Protect
|
|-weather|Sandstorm|[upkeep]
|-damage|p1a: Gengar|81/100|[from] Sandstorm
|-heal|p1b: Archaludon|68/100|[from] item: Leftovers
|-start|p2b: Garchomp|perish0
|-start|p2a: Scizor|perish0
|faint|p2b: Garchomp
|faint|p2a: Scizor
|upkeep
|
|t:|1785901695
|switch|p2b: Corviknight|Corviknight, L50, F|100/100
|switch|p2a: Tyranitar|Tyranitar, L50, F|100/100
|turn|5
|
|t:|1785901718
|switch|p1a: Politoed|Politoed, L50, F|100/100
|-weather|RainDance|[from] ability: Drizzle|[of] p1a: Politoed
|move|p2a: Tyranitar|Superpower|p1b: Archaludon
|-supereffective|p1b: Archaludon|1
|-damage|p1b: Archaludon|29/100
|-unboost|p2a: Tyranitar|atk|1
|-unboost|p2a: Tyranitar|def|1
|-ability|p1b: Archaludon|Stamina|boost
|-boost|p1b: Archaludon|def|1
|move|p1b: Archaludon|Electro Shot||[still]
|-prepare|p1b: Archaludon|Electro Shot
|-boost|p1b: Archaludon|spa|1
|-anim|p1b: Archaludon|Electro Shot|p2b: Corviknight
|-supereffective|p2b: Corviknight|1
|-damage|p2b: Corviknight|6/100
|move|p2b: Corviknight|Brave Bird|p1a: Politoed
|-crit|p1a: Politoed
|-damage|p1a: Politoed|52/100
|-damage|p2b: Corviknight|0 fnt|[from] Recoil
|faint|p2b: Corviknight
|
|-weather|RainDance|[upkeep]
|-heal|p1b: Archaludon|35/100|[from] item: Leftovers
|upkeep
|turn|6
|-message|KodeBeast0526 forfeited.
|
|win|annoptan
|l|☆KodeBeast0526
|player|p2|
||KodeBeast0526 is ready for game 2.
|j|☆KodeBeast0526
|player|p2|KodeBeast0526|wattson|
