|j|☆MmoC1
|j|☆mariofl
|html|MmoC1mariofl    
|uhtml|bestof|Game 1 of a best-of-3
|t:|1783540837
|gametype|doubles
|player|p1|MmoC1|skierf|
|player|p2|mariofl|rosa-masters|
|gen|9
|tier|[Gen 9 Champions] VGC 2026 Reg M-B (Bo3)
|rule|Species Clause: Limit one of each Pokémon
|rule|Item Clause: Limit 1 of each item
|clearpoke
|poke|p1|Charizard, L50, M|
|poke|p1|Sylveon, L50, F|
|poke|p1|Aerodactyl, L50, F|
|poke|p1|Kingambit, L50, M|
|poke|p1|Garchomp, L50, F|
|poke|p1|Farigiraf, L50, M|
|poke|p2|Grimmsnarl, L50, M|
|poke|p2|Swampert, L50, F|
|poke|p2|Archaludon, L50, F|
|poke|p2|Pelipper, L50, M|
|poke|p2|Venusaur, L50, F|
|poke|p2|Hydreigon, L50, F|
|teampreview|4
|showteam|p1|Charizard||CharizarditeY|SolarPower|Protect,HeatWave,WeatherBall,SolarBeam|Modest||M|||50|]Sylveon||FairyFeather|Pixilate|Protect,HyperVoice,HyperBeam,QuickAttack|Modest||F|||50|]Aerodactyl||Aerodactylite|RockHead|RockSlide,DualWingbeat,IceFang,Tailwind|Jolly||F|||50|]Kingambit||FocusSash|Defiant|KowtowCleave,SuckerPunch,IronHead,LowKick|Jolly||M|||50|]Garchomp||LifeOrb|RoughSkin|Protect,StompingTantrum,Earthquake,DragonClaw|Jolly||F|||50|]Farigiraf||SitrusBerry|ArmorTail|Psychic,Thunderbolt,Roar,TrickRoom|Bold||M|||50|
|showteam|p2|Grimmsnarl||LightClay|Prankster|Reflect,LightScreen,PartingShot,SpiritBreak|Sassy||M|||50|]Swampert||Swampertite|Torrent|WaveCrash,Earthquake,IcePunch,Protect|Jolly||F|||50|]Archaludon||Leftovers|Stamina|ElectroShot,FlashCannon,DragonPulse,Protect|Modest||F|||50|]Pelipper||FocusSash|Drizzle|Hurricane,WeatherBall,Tailwind,Protect|Modest||M|||50|]Venusaur||Venusaurite|Chlorophyll|GigaDrain,SludgeBomb,EarthPower,Protect|Modest||F|||50|]Hydreigon||LifeOrb|Levitate|DracoMeteor,DarkPulse,EarthPower,Protect|Timid||F|||50|
|c|☆mariofl|GLHF
|inactive|Battle timer is ON: inactive players will automatically lose when time's up. (requested by mariofl)
|inactive|MmoC1 has 60 seconds left.
|inactive|mariofl has 60 seconds left.
|
|t:|1783540900
|teamsize|p1|4
|teamsize|p2|4
|start
|switch|p1a: Charizard|Charizard, L50, M|100/100
|switch|p1b: Sylveon|Sylveon, L50, F|100/100
|switch|p2a: Grimmsnarl|Grimmsnarl, L50, M|100/100
|switch|p2b: Swampert|Swampert, L50, F|100/100
|turn|1
|inactive|MmoC1 has 30 seconds left.
|inactive|mariofl has 30 seconds left.
|inactive|mariofl has 20 seconds left.
|inactive|mariofl has 15 seconds left.
|
|t:|1783540943
|switch|p1b: Farigiraf|Farigiraf, L50, M|100/100
|detailschange|p2b: Swampert|Swampert-Mega, L50, F
|-mega|p2b: Swampert|Swampert|Swampertite
|detailschange|p1a: Charizard|Charizard-Mega-Y, L50, M
|-mega|p1a: Charizard|Charizard|Charizardite Y
|-weather|SunnyDay|[from] ability: Drought|[of] p1a: Charizard
|move|p2a: Grimmsnarl|Parting Shot||[still]
|cant|p1b: Farigiraf|ability: Armor Tail|Parting Shot|[of] p2a: Grimmsnarl
|move|p2b: Swampert|Wave Crash|p1b: Farigiraf
|-damage|p1b: Farigiraf|68/100
|-damage|p2b: Swampert|86/100|[from] Recoil
|move|p1a: Charizard|Heat Wave|p2a: Grimmsnarl|[spread] p2a,p2b
|-resisted|p2b: Swampert|1
|-damage|p2a: Grimmsnarl|45/100
|-damage|p2b: Swampert|57/100
|
|-weather|SunnyDay|[upkeep]
|upkeep
|turn|2
|inactive|MmoC1 has 30 seconds left.
|inactive|mariofl has 30 seconds left.
|inactive|MmoC1 has 20 seconds left.
|inactive|MmoC1 has 15 seconds left.
|
|t:|1783540984
|switch|p1a: Sylveon|Sylveon, L50, F|100/100
|switch|p2a: Pelipper|Pelipper, L50, M|100/100
|-weather|RainDance|[from] ability: Drizzle|[of] p2a: Pelipper
|move|p2b: Swampert|Wave Crash|p1b: Farigiraf
|-damage|p1b: Farigiraf|0 fnt
|faint|p1b: Farigiraf
|-damage|p2b: Swampert|28/100|[from] Recoil
|
|-weather|RainDance|[upkeep]
|upkeep
|
|t:|1783540995
|switch|p1b: Charizard|Charizard-Mega-Y, L50, M|100/100
|-weather|SunnyDay|[from] ability: Drought|[of] p1b: Charizard
|turn|3
|
|t:|1783541016
|switch|p1b: Garchomp|Garchomp, L50, F|100/100
|switch|p2a: Grimmsnarl|Grimmsnarl, L50, M|45/100
|move|p2b: Swampert|Protect|p2b: Swampert
|-singleturn|p2b: Swampert|Protect
|move|p1a: Sylveon|Hyper Voice|p2a: Grimmsnarl|[spread] p2a
|-activate|p2b: Swampert|move: Protect
|-supereffective|p2a: Grimmsnarl|1
|-damage|p2a: Grimmsnarl|0 fnt
|faint|p2a: Grimmsnarl
|
|-weather|SunnyDay|[upkeep]
|upkeep
|inactive|mariofl has 30 seconds left.
|
|t:|1783541047
|switch|p2a: Archaludon|Archaludon, L50, F|100/100
|turn|4
|inactive|MmoC1 has 30 seconds left.
|inactive|mariofl has 30 seconds left.
|inactive|MmoC1 has 20 seconds left.
|inactive|mariofl has 20 seconds left.
|inactive|MmoC1 has 15 seconds left.
|inactive|mariofl has 15 seconds left.
|inactive|mariofl has 10 seconds left.
|inactive|mariofl has 5 seconds left.
|
|t:|1783541099
|switch|p2b: Pelipper|Pelipper, L50, M|100/100
|-weather|RainDance|[from] ability: Drizzle|[of] p2b: Pelipper
|move|p1b: Garchomp|Dragon Claw|p2b: Pelipper
|-damage|p2b: Pelipper|36/100
|-damage|p1b: Garchomp|90/100|[from] item: Life Orb
|move|p2a: Archaludon|Dragon Pulse|p1b: Garchomp
|-supereffective|p1b: Garchomp|1
|-damage|p1b: Garchomp|6/100
|move|p1a: Sylveon|Hyper Beam|p2a: Archaludon
|-damage|p2a: Archaludon|0 fnt
|-mustrecharge|p1a: Sylveon
|faint|p2a: Archaludon
|
|-weather|RainDance|[upkeep]
|upkeep
|
|t:|1783541111
|switch|p2a: Swampert|Swampert-Mega, L50, F|28/100
|turn|5
|inactive|MmoC1 has 30 seconds left.
|inactive|mariofl has 30 seconds left.
|inactive|mariofl has 20 seconds left.
|inactive|mariofl has 15 seconds left.
|inactive|mariofl has 10 seconds left.
|inactive|MmoC1 has 20 seconds left.
|inactive|MmoC1 has 15 seconds left.
|
|t:|1783541170
|switch|p1b: Charizard|Charizard-Mega-Y, L50, M|100/100
|-weather|SunnyDay|[from] ability: Drought|[of] p1b: Charizard
|move|p2a: Swampert|Wave Crash|p1b: Charizard
|-supereffective|p1b: Charizard|1
|-damage|p1b: Charizard|29/100
|-damage|p2a: Swampert|6/100|[from] Recoil
|move|p2b: Pelipper|Weather Ball|p1b: Charizard
|-resisted|p1b: Charizard|1
|-damage|p1b: Charizard|6/100
|cant|p1a: Sylveon|recharge
|
|-weather|SunnyDay|[upkeep]
|upkeep
|turn|6
|inactive|mariofl has 30 seconds left.
|
|t:|1783541197
|move|p2a: Swampert|Protect|p2a: Swampert
|-singleturn|p2a: Swampert|Protect
|move|p1a: Sylveon|Quick Attack|p2a: Swampert
|-activate|p2a: Swampert|move: Protect
|move|p1b: Charizard|Solar Beam||[still]
|-prepare|p1b: Charizard|Solar Beam
|-anim|p1b: Charizard|Solar Beam|p2b: Pelipper
|-damage|p2b: Pelipper|0 fnt
|faint|p2b: Pelipper
|
|-weather|SunnyDay|[upkeep]
|upkeep
|turn|7
|-message|mariofl forfeited.
|
|win|MmoC1
|c|☆mariofl|gg
||mariofl is ready for game 2.
|c|☆MmoC1|gg
||MmoC1 is ready for game 2.
|uhtml|next|Next: Game 2 of 3
|l|☆mariofl
|player|p2|
