|j|☆Abete
|j|☆Anicredible
|html|AbeteAnicredible    
|uhtml|bestof|Game 1 of a best-of-3
|t:|1756744792
|gametype|doubles
|player|p1|Abete|medium|1148
|player|p2|Anicredible|hilbert|1047
|gen|9
|tier|[Gen 9] VGC 2025 Reg H (Bo3)
|rated|
|rule|Species Clause: Limit one of each Pokémon
|rule|Item Clause: Limit 1 of each item
|clearpoke
|poke|p1|Dondozo, L50, M|
|poke|p1|Rillaboom, L50, M|
|poke|p1|Grimmsnarl, L50, M|
|poke|p1|Arcanine-Hisui, L50, F|
|poke|p1|Volcarona, L50, F|
|poke|p1|Sinistcha, L50|
|poke|p2|Annihilape, L50, M|
|poke|p2|Ursaluna-Bloodmoon, L50, M|
|poke|p2|Farigiraf, L50, F|
|poke|p2|Arcanine-Hisui, L50, F|
|poke|p2|Whimsicott, L50, M|
|poke|p2|Altaria, L50, M|
|teampreview|4
|showteam|p1|Dondozo||Leftovers|Unaware|WaveCrash,Curse,Fissure,Protect|||M|||50|,,,,,Steel]Rillaboom||FigyBerry|GrassySurge|WoodHammer,StompingTantrum,FakeOut,WorrySeed|||M|||50|,,,,,Fire]Grimmsnarl||LightClay|Prankster|SuckerPunch,Reflect,LightScreen,PartingShot|||M|||50|,,,,,Ghost]Arcanine-Hisui||ChoiceBand|Intimidate|FlareBlitz,RockSlide,ExtremeSpeed,TeraBlast|||F|||50|,,,,,Grass]Volcarona||SitrusBerry|FlameBody|HeatWave,GigaDrain,QuiverDance,Protect|||F|||50|,,,,,Water]Sinistcha||RockyHelmet|Hospitality|MatchaGotcha,RagePowder,LifeDew,TrickRoom||||||50|,,,,,Fairy
|showteam|p2|Annihilape||MistySeed|Defiant|Protect,BulkUp,DrainPunch,RageFist|||M|||50|,,,,,Water]Ursaluna-Bloodmoon||LifeOrb|MindsEye|Protect,EarthPower,HyperVoice,BloodMoon|||M|||50|,,,,,Normal]Farigiraf||ThroatSpray|ArmorTail|Protect,TrickRoom,HyperVoice,Psychic|||F|||50|,,,,,Dragon]Arcanine-Hisui||ChoiceBand|Intimidate|FlareBlitz,RockSlide,ExtremeSpeed,WildCharge|||F|||50|,,,,,Grass]Whimsicott||CovertCloak|Prankster|Tailwind,MistyTerrain,Moonblast,Encore|||M|||50|,,,,,Fire]Altaria||SitrusBerry|CloudNine|Protect,Haze,Thief,HelpingHand|||M|||50|,,,,,Fairy
|c|☆Abete|glhf
|c|☆Anicredible|glhf
|inactive|Battle timer is ON: inactive players will automatically lose when time's up. (requested by Abete)
|c|☆Anicredible|i basically forfeited last battle cause of grimm
|c|☆Anicredible|and now again
|inactive|Abete has 60 seconds left.
|inactive|Anicredible has 60 seconds left.
|c|☆Abete|yes but i don't play twave
|inactive|Abete has 30 seconds left.
|inactive|Anicredible has 30 seconds left.
|inactive|Abete has 20 seconds left.
|inactive|Anicredible has 20 seconds left.
|
|t:|1756744876
|teamsize|p1|4
|teamsize|p2|4
|start
|switch|p1a: Volcarona|Volcarona, L50, F|100/100
|switch|p1b: Grimmsnarl|Grimmsnarl, L50, M|100/100
|switch|p2a: Annihilape|Annihilape, L50, M|100/100
|switch|p2b: Whimsicott|Whimsicott, L50, M|100/100
|turn|1
|
|t:|1756744900
|move|p2b: Whimsicott|Misty Terrain|p2b: Whimsicott
|-fieldstart|move: Misty Terrain
|-enditem|p2a: Annihilape|Misty Seed
|-boost|p2a: Annihilape|spd|1|[from] item: Misty Seed
|move|p1b: Grimmsnarl|Reflect|p1b: Grimmsnarl
|-sidestart|p1: Abete|Reflect
|move|p2a: Annihilape|Bulk Up|p2a: Annihilape
|-boost|p2a: Annihilape|atk|1
|-boost|p2a: Annihilape|def|1
|move|p1a: Volcarona|Heat Wave|p2a: Annihilape|[spread] p2a,p2b
|-supereffective|p2b: Whimsicott
|-damage|p2a: Annihilape|82/100
|-damage|p2b: Whimsicott|19/100
|
|upkeep
|turn|2
|inactive|Abete has 30 seconds left.
|
|t:|1756744932
|switch|p1b: Dondozo|Dondozo, L50, M|100/100
|-terastallize|p2a: Annihilape|Water
|move|p2b: Whimsicott|Encore|p1a: Volcarona
|-start|p1a: Volcarona|Encore
|move|p2a: Annihilape|Bulk Up|p2a: Annihilape
|-boost|p2a: Annihilape|atk|1
|-boost|p2a: Annihilape|def|1
|move|p1a: Volcarona|Heat Wave|p2b: Whimsicott|[spread] p2a,p2b
|-resisted|p2a: Annihilape
|-supereffective|p2b: Whimsicott
|-damage|p2a: Annihilape|72/100
|-damage|p2b: Whimsicott|0 fnt
|faint|p2b: Whimsicott
|
|upkeep
|
|t:|1756744944
|switch|p2b: Arcanine|Arcanine-Hisui, L50, F|100/100
|-ability|p2b: Arcanine|Intimidate|boost
|-unboost|p1a: Volcarona|atk|1
|-unboost|p1b: Dondozo|atk|1
|turn|3
|c|☆Anicredible|enter volc counter
|
|t:|1756744964
|switch|p1a: Grimmsnarl|Grimmsnarl, L50, M|100/100
|move|p2a: Annihilape|Rage Fist|p1b: Dondozo
|-damage|p1b: Dondozo|72/100
|move|p2b: Arcanine|Rock Slide|p1b: Dondozo|[spread] p1a,p1b
|-damage|p1a: Grimmsnarl|74/100
|-damage|p1b: Dondozo|54/100
|move|p1b: Dondozo|Fissure|p2a: Annihilape|[miss]
|-miss|p1b: Dondozo|p2a: Annihilape
|
|-heal|p1b: Dondozo|60/100|[from] item: Leftovers
|upkeep
|turn|4
|
|t:|1756744985
|switch|p2b: Farigiraf|Farigiraf, L50, F|100/100
|move|p1a: Grimmsnarl|Parting Shot||[still]
|cant|p2b: Farigiraf|ability: Armor Tail|Parting Shot|[of] p1a: Grimmsnarl
|move|p2a: Annihilape|Bulk Up|p2a: Annihilape
|-boost|p2a: Annihilape|atk|1
|-boost|p2a: Annihilape|def|1
|move|p1b: Dondozo|Fissure|p2a: Annihilape|[miss]
|-miss|p1b: Dondozo|p2a: Annihilape
|
|-heal|p1b: Dondozo|66/100|[from] item: Leftovers
|upkeep
|turn|5
|inactive|Anicredible has 30 seconds left.
|
|t:|1756745013
|switch|p1a: Arcanine|Arcanine-Hisui, L50, F|100/100
|-ability|p1a: Arcanine|Intimidate|boost
|-unboost|p2a: Annihilape|atk|1
|-ability|p2a: Annihilape|Defiant|boost
|-boost|p2a: Annihilape|atk|2
|-unboost|p2b: Farigiraf|atk|1
|move|p2a: Annihilape|Drain Punch|p1a: Arcanine
|-supereffective|p1a: Arcanine
|-damage|p1a: Arcanine|0 fnt
|-heal|p2a: Annihilape|100/100|[from] drain|[of] p1a: Arcanine
|faint|p1a: Arcanine
|move|p2b: Farigiraf|Hyper Voice|p1b: Dondozo
|-damage|p1b: Dondozo|39/100
|-enditem|p2b: Farigiraf|Throat Spray
|-boost|p2b: Farigiraf|spa|1|[from] item: Throat Spray
|move|p1b: Dondozo|Fissure|p2a: Annihilape
|-damage|p2a: Annihilape|0 fnt
|faint|p2a: Annihilape
|-ohko
|
|-heal|p1b: Dondozo|45/100|[from] item: Leftovers
|-fieldend|Misty Terrain
|upkeep
|
|t:|1756745037
|switch|p2a: Arcanine|Arcanine-Hisui, L50, F|100/100
|switch|p1a: Volcarona|Volcarona, L50, F|100/100
|-ability|p2a: Arcanine|Intimidate|boost
|-unboost|p1a: Volcarona|atk|1
|-unboost|p1b: Dondozo|atk|1
|turn|6
|inactive|Anicredible has 30 seconds left.
|
|t:|1756745071
|switch|p1b: Grimmsnarl|Grimmsnarl, L50, M|74/100
|-terastallize|p1a: Volcarona|Water
|move|p2a: Arcanine|Wild Charge|p1a: Volcarona
|-supereffective|p1a: Volcarona
|-damage|p1a: Volcarona|43/100
|-enditem|p1a: Volcarona|Sitrus Berry|[eat]
|-heal|p1a: Volcarona|68/100|[from] item: Sitrus Berry
|-damage|p2a: Arcanine|86/100|[from] Recoil
|move|p1a: Volcarona|Quiver Dance|p1a: Volcarona
|-boost|p1a: Volcarona|spa|1
|-boost|p1a: Volcarona|spd|1
|-boost|p1a: Volcarona|spe|1
|move|p2b: Farigiraf|Hyper Voice|p1a: Volcarona|[spread] p1a,p1b
|-damage|p1a: Volcarona|40/100
|-damage|p1b: Grimmsnarl|32/100
|
|upkeep
|turn|7
|
|t:|1756745101
|move|p1b: Grimmsnarl|Light Screen|p1b: Grimmsnarl
|-sidestart|p1: Abete|move: Light Screen
|move|p1a: Volcarona|Giga Drain|p2a: Arcanine
|-damage|p2a: Arcanine|44/100
|-heal|p1a: Volcarona|61/100|[from] drain|[of] p2a: Arcanine
|move|p2a: Arcanine|Wild Charge|p1a: Volcarona
|-supereffective|p1a: Volcarona
|-damage|p1a: Volcarona|2/100
|-damage|p2a: Arcanine|28/100|[from] Recoil
|move|p2b: Farigiraf|Hyper Voice|p1b: Grimmsnarl|[spread] p1a,p1b
|-damage|p1a: Volcarona|0 fnt
|-damage|p1b: Grimmsnarl|6/100
|faint|p1a: Volcarona
|
|upkeep
|
|t:|1756745109
|switch|p1a: Dondozo|Dondozo, L50, M|45/100
|turn|8
|inactive|Abete has 30 seconds left.
|
|t:|1756745134
|move|p1b: Grimmsnarl|Reflect||[still]
|-fail|p1b: Grimmsnarl
|move|p2a: Arcanine|Wild Charge|p1a: Dondozo
|-supereffective|p1a: Dondozo
|-damage|p1a: Dondozo|9/100
|-damage|p2a: Arcanine|15/100|[from] Recoil
|move|p2b: Farigiraf|Hyper Voice|p1a: Dondozo|[spread] p1a,p1b
|-damage|p1a: Dondozo|0 fnt
|-damage|p1b: Grimmsnarl|0 fnt
|faint|p1a: Dondozo
|faint|p1b: Grimmsnarl
|
|win|Anicredible
|c|☆Anicredible|gg
||Abete is ready for game 2.
|c|☆Abete|gg
|inactive|Anicredible has 30 seconds to confirm battle start!
