|j|☆zubrowka
|j|☆Markknight05
|html|zubrowkaMarkknight05    
|uhtml|bestof|Game 1 of a best-of-3
|t:|1784927406
|gametype|doubles
|player|p1|zubrowka|clair|1079
|player|p2|Markknight05|266|1094
|gen|9
|tier|[Gen 9 Champions] VGC 2026 Reg M-B (Bo3)
|rated|
|rule|Species Clause: Limit one of each Pokémon
|rule|Item Clause: Limit 1 of each item
|clearpoke
|poke|p1|Charizard, L50, M|
|poke|p1|Whimsicott, L50, F|
|poke|p1|Garchomp, L50, F|
|poke|p1|Basculegion, L50, M|
|poke|p1|Sylveon, L50, M|
|poke|p1|Metagross, L50|
|poke|p2|Hawlucha, L50, F|
|poke|p2|Snorlax, L50, M|
|poke|p2|Incineroar, L50, F|
|poke|p2|Sinistcha, L50|
|poke|p2|Politoed, L50, M|
|poke|p2|Gengar, L50, F|
|teampreview|4
|showteam|p1|Charizard||CharizarditeY|SolarPower|HeatWave,WeatherBall,SolarBeam,Protect|Modest||M|||50|]Whimsicott||FocusSash|Prankster|Moonblast,Tailwind,Encore,Protect|Timid||F|||50|]Garchomp||LifeOrb|RoughSkin|Earthquake,DragonClaw,RockSlide,Protect|Jolly||F|||50|]Basculegion||ChoiceScarf|Adaptability|WaveCrash,FlipTurn,LastRespects,AquaJet|Jolly||M|||50|]Sylveon||FairyFeather|Pixilate|HyperVoice,Yawn,HyperBeam,Protect|Modest||M|||50|]Metagross||Metagrossite|ClearBody|IronHead,PsychicFangs,BodyPress,Protect|Jolly|||||50|
|showteam|p2|Hawlucha||Hawluchanite|Unburden|CloseCombat,BraveBird,Protect,Entrainment|Jolly||F|||50|]Snorlax||Leftovers|ThickFat|Fissure,BodyPress,Stockpile,Protect|Impish||M|||50|]Incineroar||PasshoBerry|Intimidate|FakeOut,Protect,PartingShot,DarkestLariat|Impish||F|||50|]Sinistcha||KasibBerry|Hospitality|RagePowder,TrickRoom,MatchaGotcha,Protect|Bold|||||50|]Politoed||SitrusBerry|Drizzle|WeatherBall,Protect,Encore,PerishSong|Bold||M|||50|]Gengar||Gengarite|CursedBody|ShadowBall,Disable,Protect,PerishSong|Calm||F|||50|
|inactive|Battle timer is ON: inactive players will automatically lose when time's up. (requested by zubrowka)
|inactive|zubrowka has 60 seconds left.
|inactive|Markknight05 has 60 seconds left.
|inactive|Markknight05 has 30 seconds left.
|
|t:|1784927472
|teamsize|p1|4
|teamsize|p2|4
|start
|switch|p1a: Metagross|Metagross, L50|100/100
|switch|p1b: Whimsicott|Whimsicott, L50, F|100/100
|switch|p2a: Snorlax|Snorlax, L50, M|100/100
|switch|p2b: Incineroar|Incineroar, L50, F|100/100
|-ability|p2b: Incineroar|Intimidate|boost
|-fail|p1a: Metagross|unboost|[from] ability: Clear Body|[of] p1a: Metagross
|-unboost|p1b: Whimsicott|atk|1
|turn|1
|inactive|zubrowka has 30 seconds left.
|inactive|zubrowka has 20 seconds left.
|inactive|zubrowka has 15 seconds left.
|
|t:|1784927513
|move|p1b: Whimsicott|Protect|p1b: Whimsicott
|-singleturn|p1b: Whimsicott|Protect
|move|p1a: Metagross|Protect|p1a: Metagross
|-singleturn|p1a: Metagross|Protect
|move|p2b: Incineroar|Darkest Lariat|p1a: Metagross
|-activate|p1a: Metagross|move: Protect
|move|p2a: Snorlax|Stockpile|p2a: Snorlax
|-start|p2a: Snorlax|stockpile1
|-boost|p2a: Snorlax|def|1
|-boost|p2a: Snorlax|spd|1
|
|upkeep
|turn|2
|
|t:|1784927530
|detailschange|p1a: Metagross|Metagross-Mega, L50
|-mega|p1a: Metagross|Metagross|Metagrossite
|move|p1b: Whimsicott|Encore|p2a: Snorlax
|-start|p2a: Snorlax|Encore
|move|p1a: Metagross|Body Press|p2b: Incineroar
|-supereffective|p2b: Incineroar|1
|-damage|p2b: Incineroar|46/100
|move|p2b: Incineroar|Parting Shot|p1b: Whimsicott
|-unboost|p1b: Whimsicott|atk|1
|-unboost|p1b: Whimsicott|spa|1
|
|t:|1784927543
|switch|p2b: Hawlucha|Hawlucha, L50, F|100/100|[from] Parting Shot
|move|p2a: Snorlax|Stockpile|p2a: Snorlax
|-start|p2a: Snorlax|stockpile2
|-boost|p2a: Snorlax|def|1
|-boost|p2a: Snorlax|spd|1
|
|upkeep
|turn|3
|
|t:|1784927561
|detailschange|p2b: Hawlucha|Hawlucha-Mega, L50, F
|-mega|p2b: Hawlucha|Hawlucha|Hawluchanite
|move|p2b: Hawlucha|Protect|p2b: Hawlucha
|-singleturn|p2b: Hawlucha|Protect
|move|p1b: Whimsicott|Tailwind|p1b: Whimsicott
|-sidestart|p1: zubrowka|move: Tailwind
|move|p1a: Metagross|Psychic Fangs|p2b: Hawlucha
|-activate|p2b: Hawlucha|move: Protect
|move|p2a: Snorlax|Stockpile|p2a: Snorlax
|-start|p2a: Snorlax|stockpile3
|-boost|p2a: Snorlax|def|1
|-boost|p2a: Snorlax|spd|1
|
|upkeep
|turn|4
|inactive|zubrowka has 30 seconds left.
|
|t:|1784927587
|switch|p2b: Incineroar|Incineroar, L50, F|46/100
|-ability|p2b: Incineroar|Intimidate|boost
|-unboost|p1a: Metagross|atk|1
|-unboost|p1b: Whimsicott|atk|1
|move|p1b: Whimsicott|Moonblast|p2b: Incineroar
|-damage|p2b: Incineroar|25/100
|-unboost|p2b: Incineroar|spa|1
|move|p1a: Metagross|Psychic Fangs|p2b: Incineroar
|-immune|p2b: Incineroar
|move|p2a: Snorlax|Stockpile||[still]
|-fail|p2a: Snorlax
|
|-end|p2a: Snorlax|Encore
|upkeep
|turn|5
|inactive|Markknight05 has 30 seconds left.
|inactive|Markknight05 has 20 seconds left.
|
|t:|1784927627
|switch|p1a: Basculegion|Basculegion, L50, M|100/100
|switch|p2a: Politoed|Politoed, L50, M|100/100
|-weather|RainDance|[from] ability: Drizzle|[of] p2a: Politoed
|move|p1b: Whimsicott|Protect|p1b: Whimsicott
|-singleturn|p1b: Whimsicott|Protect
|move|p2b: Incineroar|Parting Shot|p1a: Basculegion
|-unboost|p1a: Basculegion|atk|1
|-unboost|p1a: Basculegion|spa|1
|
|t:|1784927640
|switch|p2b: Snorlax|Snorlax, L50, M|100/100|[from] Parting Shot
|
|-weather|RainDance|[upkeep]
|upkeep
|turn|6
|
|t:|1784927664
|move|p2b: Snorlax|Protect|p2b: Snorlax
|-singleturn|p2b: Snorlax|Protect
|move|p1a: Basculegion|Flip Turn|p2b: Snorlax
|-activate|p2b: Snorlax|move: Protect
|move|p1b: Whimsicott|Moonblast|p2b: Snorlax
|-activate|p2b: Snorlax|move: Protect
|move|p2a: Politoed|Encore|p1b: Whimsicott
|-start|p1b: Whimsicott|Encore
|
|-weather|RainDance|[upkeep]
|-sideend|p1: zubrowka|move: Tailwind
|upkeep
|turn|7
|inactive|Markknight05 has 30 seconds left.
|
|t:|1784927693
|switch|p1b: Metagross|Metagross-Mega, L50|100/100
|move|p1a: Basculegion|Flip Turn|p2b: Snorlax
|-damage|p2b: Snorlax|76/100
|
|t:|1784927702
|switch|p1a: Whimsicott|Whimsicott, L50, F|100/100|[from] Flip Turn
|move|p2a: Politoed|Weather Ball|p1a: Whimsicott
|-resisted|p1a: Whimsicott|1
|-damage|p1a: Whimsicott|57/100
|move|p2b: Snorlax|Stockpile|p2b: Snorlax
|-start|p2b: Snorlax|stockpile1
|-boost|p2b: Snorlax|def|1
|-boost|p2b: Snorlax|spd|1
|
|-weather|RainDance|[upkeep]
|-heal|p2b: Snorlax|82/100|[from] item: Leftovers
|upkeep
|turn|8
|
|t:|1784927720
|move|p2b: Snorlax|Protect|p2b: Snorlax
|-singleturn|p2b: Snorlax|Protect
|move|p1a: Whimsicott|Encore|p2b: Snorlax
|-activate|p2b: Snorlax|move: Protect
|move|p1b: Metagross|Psychic Fangs|p2a: Politoed
|-damage|p2a: Politoed|40/100
|-enditem|p2a: Politoed|Sitrus Berry|[eat]
|-heal|p2a: Politoed|65/100|[from] item: Sitrus Berry
|move|p2a: Politoed|Encore||[still]
|-fail|p2a: Politoed
|
|-weather|RainDance|[upkeep]
|-heal|p2b: Snorlax|88/100|[from] item: Leftovers
|upkeep
|turn|9
|
|t:|1784927745
|switch|p2b: Incineroar|Incineroar, L50, F|25/100
|-ability|p2b: Incineroar|Intimidate|boost
|-unboost|p1a: Whimsicott|atk|1
|-unboost|p1b: Metagross|atk|1
|move|p1a: Whimsicott|Encore|p2b: Incineroar
|-hint|Since gen 7, Dark is immune to Prankster moves.
|-immune|p2b: Incineroar
|move|p1b: Metagross|Psychic Fangs|p2a: Politoed
|-damage|p2a: Politoed|31/100
|move|p2a: Politoed|Weather Ball|p1a: Whimsicott
|-resisted|p1a: Whimsicott|1
|-damage|p1a: Whimsicott|19/100
|
|-weather|none
|upkeep
|turn|10
|inactive|Markknight05 has 30 seconds left.
|
|t:|1784927776
|switch|p1a: Basculegion|Basculegion, L50, M|100/100
|move|p2a: Politoed|Protect|p2a: Politoed
|-singleturn|p2a: Politoed|Protect
|move|p1b: Metagross|Body Press|p2b: Incineroar
|-supereffective|p2b: Incineroar|1
|-damage|p2b: Incineroar|0 fnt
|faint|p2b: Incineroar
|
|upkeep
|
|t:|1784927793
|switch|p2b: Hawlucha|Hawlucha-Mega, L50, F|100/100
|turn|11
|
|t:|1784927805
|move|p2b: Hawlucha|Protect|p2b: Hawlucha
|-singleturn|p2b: Hawlucha|Protect
|move|p1a: Basculegion|Flip Turn|p2a: Politoed
|-resisted|p2a: Politoed|1
|-damage|p2a: Politoed|14/100
|
|t:|1784927815
|switch|p1a: Whimsicott|Whimsicott, L50, F|19/100|[from] Flip Turn
|move|p1b: Metagross|Psychic Fangs|p2b: Hawlucha
|-activate|p2b: Hawlucha|move: Protect
|move|p2a: Politoed|Perish Song|p2a: Politoed
|-start|p1a: Whimsicott|perish3|[silent]
|-start|p1b: Metagross|perish3|[silent]
|-start|p2a: Politoed|perish3|[silent]
|-start|p2b: Hawlucha|perish3|[silent]
|-fieldactivate|move: Perish Song
|
|-start|p2b: Hawlucha|perish3
|-start|p1a: Whimsicott|perish3
|-start|p1b: Metagross|perish3
|-start|p2a: Politoed|perish3
|upkeep
|turn|12
|
|t:|1784927837
|switch|p2b: Snorlax|Snorlax, L50, M|88/100
|move|p1a: Whimsicott|Encore||[still]
|-fail|p1a: Whimsicott
|move|p1b: Metagross|Psychic Fangs|p2a: Politoed
|-damage|p2a: Politoed|0 fnt
|faint|p2a: Politoed
|
|-heal|p2b: Snorlax|94/100|[from] item: Leftovers
|-start|p1a: Whimsicott|perish2
|-start|p1b: Metagross|perish2
|upkeep
|
|t:|1784927848
|switch|p2a: Hawlucha|Hawlucha-Mega, L50, F|100/100
|turn|13
|
|t:|1784927856
|move|p1a: Whimsicott|Tailwind|p1a: Whimsicott
|-sidestart|p1: zubrowka|move: Tailwind
|move|p1b: Metagross|Psychic Fangs|p2a: Hawlucha
|-supereffective|p2a: Hawlucha|1
|-damage|p2a: Hawlucha|14/100
|move|p2a: Hawlucha|Entrainment|p2b: Snorlax
|-ability|p2b: Snorlax|No Guard|Thick Fat|[from] move: Entrainment|[of] p2a: Hawlucha
|move|p2b: Snorlax|Fissure|p1a: Whimsicott
|-damage|p1a: Whimsicott|0 fnt
|faint|p1a: Whimsicott
|-ohko
|
|-heal|p2b: Snorlax|100/100|[from] item: Leftovers
|-start|p1b: Metagross|perish1
|upkeep
|
|t:|1784927878
|switch|p1a: Sylveon|Sylveon, L50, M|100/100
|turn|14
|inactive|Markknight05 has 30 seconds left.
|
|t:|1784927908
|switch|p1b: Basculegion|Basculegion, L50, M|100/100
|move|p2a: Hawlucha|Protect|p2a: Hawlucha
|-singleturn|p2a: Hawlucha|Protect
|move|p1a: Sylveon|Yawn|p2b: Snorlax
|-start|p2b: Snorlax|move: Yawn|[of] p1a: Sylveon
|move|p2b: Snorlax|Fissure|p1b: Basculegion
|-damage|p1b: Basculegion|0 fnt
|faint|p1b: Basculegion
|-ohko
|
|upkeep
|
|t:|1784927918
|switch|p1b: Metagross|Metagross-Mega, L50|100/100
|turn|15
|
|t:|1784927938
|move|p1b: Metagross|Protect|p1b: Metagross
|-singleturn|p1b: Metagross|Protect
|move|p1a: Sylveon|Protect|p1a: Sylveon
|-singleturn|p1a: Sylveon|Protect
|move|p2a: Hawlucha|Brave Bird|p1a: Sylveon
|-activate|p1a: Sylveon|move: Protect
|move|p2b: Snorlax|Fissure|p1b: Metagross
|-activate|p1b: Metagross|move: Protect
|
|-end|p2b: Snorlax|move: Yawn|[silent]
|-status|p2b: Snorlax|slp
|upkeep
|turn|16
|
|t:|1784927956
|move|p2a: Hawlucha|Protect|p2a: Hawlucha
|-singleturn|p2a: Hawlucha|Protect
|cant|p2b: Snorlax|slp
|move|p1b: Metagross|Body Press|p2b: Snorlax
|-supereffective|p2b: Snorlax|1
|-damage|p2b: Snorlax|60/100 slp
|move|p1a: Sylveon|Hyper Voice|p2b: Snorlax|[spread] p2b
|-activate|p2a: Hawlucha|move: Protect
|-damage|p2b: Snorlax|32/100 slp
|
|-heal|p2b: Snorlax|38/100 slp|[from] item: Leftovers
|-sideend|p1: zubrowka|move: Tailwind
|upkeep
|turn|17
|
|t:|1784927974
|-curestatus|p2b: Snorlax|slp|[msg]
|move|p2b: Snorlax|Protect|p2b: Snorlax
|-singleturn|p2b: Snorlax|Protect
|move|p2a: Hawlucha|Close Combat|p1b: Metagross
|-damage|p1b: Metagross|53/100
|-unboost|p2a: Hawlucha|def|1
|-unboost|p2a: Hawlucha|spd|1
|move|p1b: Metagross|Body Press|p2b: Snorlax
|-activate|p2b: Snorlax|move: Protect
|move|p1a: Sylveon|Hyper Voice|p2a: Hawlucha|[spread] p2a
|-activate|p2b: Snorlax|move: Protect
|-supereffective|p2a: Hawlucha|1
|-damage|p2a: Hawlucha|0 fnt
|faint|p2a: Hawlucha
|
|-heal|p2b: Snorlax|44/100|[from] item: Leftovers
|upkeep
|turn|18
|
|t:|1784927996
|move|p1b: Metagross|Body Press|p2b: Snorlax
|-supereffective|p2b: Snorlax|1
|-damage|p2b: Snorlax|0 fnt
|faint|p2b: Snorlax
|
|win|zubrowka
