|j|☆stittur##-
|j|☆colemarcusvgc
|html|stittur##-colemarcusvgc    
|uhtml|bestof|Game 3 of a best-of-3
|t:|1757051859
|gametype|doubles
|player|p1|stittur##-|266|1059
|player|p2|colemarcusvgc|n|1132
|gen|9
|tier|[Gen 9] VGC 2025 Reg H (Bo3)
|rated|
|rule|Species Clause: Limit one of each Pokémon
|rule|Item Clause: Limit 1 of each item
|clearpoke
|poke|p1|Amoonguss, L50, M|
|poke|p1|Farigiraf, L50, F|
|poke|p1|Hydreigon, L50, M|
|poke|p1|Annihilape, L50, F|
|poke|p1|Arcanine-Hisui, L50, F|
|poke|p1|Whimsicott, L50, F|
|poke|p2|Indeedee-F, L50, F|
|poke|p2|Hatterene, L50, F|
|poke|p2|Gallade, L50, M|
|poke|p2|Ursaluna, L50, M|
|poke|p2|Lilligant-Hisui, L50, F|
|poke|p2|Torkoal, L50, M|
|teampreview|4
|showteam|p1|Amoonguss||CovertCloak|Regenerator|RagePowder,ClearSmog,Protect,Spore|||M|||50|,,,,,Water]Farigiraf||SitrusBerry|ArmorTail|TrickRoom,Protect,DazzlingGleam,AllySwitch|||F|||50|,,,,,Fairy]Hydreigon||ChoiceSpecs|Levitate|DarkPulse,EarthPower,FlashCannon,HeatWave|||M|||50|,,,,,Steel]Annihilape||Leftovers|Defiant|DrainPunch,Protect,RageFist,BulkUp|||F|||50|,,,,,Water]Arcanine-Hisui||LifeOrb|RockHead|ExtremeSpeed,CloseCombat,Protect,FlareBlitz|||F|||50|,,,,,Stellar]Whimsicott||FocusSash|Prankster|Tailwind,SunnyDay,Protect,Encore|||F|||50|,,,,,Grass
|showteam|p2|Indeedee-F||PsychicSeed|PsychicSurge|TrickRoom,FollowMe,HelpingHand,DazzlingGleam|||F|||50|,,,,,Fire]Hatterene||LifeOrb|MagicBounce|ExpandingForce,TrickRoom,DazzlingGleam,Protect|||F|||50|,,,,,Psychic]Gallade||ClearAmulet|Sharpness|PsychoCut,TrickRoom,SacredSword,WideGuard|||M|||50|,,,,,Grass]Ursaluna||FlameOrb|Guts|HeadlongRush,Facade,SwordsDance,Protect|||M|||50|,,,,,Ghost]Lilligant-Hisui||FocusSash|Chlorophyll|SolarBlade,SleepPowder,CloseCombat,AfterYou|||F|||50|,,,,,Ghost]Torkoal||ChoiceSpecs|Drought|Eruption,HeatWave,WeatherBall,EarthPower|||M|||50|,,,,,Fire
|inactive|Battle timer is ON: inactive players will automatically lose when time's up. (requested by stittur##-)
|inactive|stittur##- has 60 seconds left.
|
|t:|1757051911
|teamsize|p1|4
|teamsize|p2|4
|start
|switch|p1a: Annihilape|Annihilape, L50, F|100/100
|switch|p1b: Arcanine|Arcanine-Hisui, L50, F|100/100
|switch|p2a: Indeedee|Indeedee-F, L50, F|100/100
|switch|p2b: Gallade|Gallade, L50, M, shiny|100/100
|-fieldstart|move: Psychic Terrain|[from] ability: Psychic Surge|[of] p2a: Indeedee
|-enditem|p2a: Indeedee|Psychic Seed
|-boost|p2a: Indeedee|spd|1|[from] item: Psychic Seed
|turn|1
|inactive|stittur##- has 30 seconds left.
|inactive|colemarcusvgc has 30 seconds left.
|
|t:|1757051939
|switch|p2b: Ursaluna|Ursaluna, L50, M|100/100
|-terastallize|p1a: Annihilape|Water
|move|p1a: Annihilape|Rage Fist|p2b: Ursaluna
|-immune|p2b: Ursaluna
|move|p1b: Arcanine|Flare Blitz|p2b: Ursaluna
|-damage|p2b: Ursaluna|38/100
|-damage|p1b: Arcanine|91/100|[from] item: Life Orb
|move|p2a: Indeedee|Trick Room|p2a: Indeedee
|-fieldstart|move: Trick Room|[of] p2a: Indeedee
|
|-status|p2b: Ursaluna|brn|[from] item: Flame Orb
|upkeep
|turn|2
|inactive|stittur##- has 30 seconds left.
|inactive|stittur##- has 20 seconds left.
|inactive|stittur##- has 15 seconds left.
|inactive|stittur##- has 10 seconds left.
|
|t:|1757051986
|move|p1a: Annihilape|Protect|p1a: Annihilape
|-singleturn|p1a: Annihilape|Protect
|move|p2a: Indeedee|Follow Me|p2a: Indeedee
|-singleturn|p2a: Indeedee|move: Follow Me
|move|p1b: Arcanine|Extreme Speed|p2a: Indeedee
|-activate|p2a: Indeedee|move: Psychic Terrain
|move|p2b: Ursaluna|Facade|p1a: Annihilape
|-activate|p1a: Annihilape|move: Protect
|
|-damage|p2b: Ursaluna|32/100 brn|[from] brn
|upkeep
|turn|3
|
|t:|1757052007
|switch|p1a: Whimsicott|Whimsicott, L50, F|100/100
|move|p2a: Indeedee|Follow Me|p2a: Indeedee
|-singleturn|p2a: Indeedee|move: Follow Me
|move|p2b: Ursaluna|Facade|p1a: Whimsicott
|-enditem|p1a: Whimsicott|Focus Sash
|-damage|p1a: Whimsicott|1/100
|move|p1b: Arcanine|Flare Blitz|p2a: Indeedee
|-damage|p2a: Indeedee|21/100
|-damage|p1b: Arcanine|81/100|[from] item: Life Orb
|
|-damage|p2b: Ursaluna|26/100 brn|[from] brn
|upkeep
|turn|4
|
|t:|1757052022
|move|p1a: Whimsicott|Protect|p1a: Whimsicott
|-singleturn|p1a: Whimsicott|Protect
|move|p1b: Arcanine|Protect|p1b: Arcanine
|-singleturn|p1b: Arcanine|Protect
|move|p2b: Ursaluna|Swords Dance|p2b: Ursaluna
|-boost|p2b: Ursaluna|atk|2
|move|p2a: Indeedee|Dazzling Gleam|p1b: Arcanine|[spread] 
|-activate|p1a: Whimsicott|move: Protect
|-activate|p1b: Arcanine|move: Protect
|
|-damage|p2b: Ursaluna|20/100 brn|[from] brn
|upkeep
|turn|5
|
|t:|1757052046
|move|p1a: Whimsicott|Protect||[still]
|-fail|p1a: Whimsicott
|move|p1b: Arcanine|Protect||[still]
|-fail|p1b: Arcanine
|move|p2b: Ursaluna|Facade|p1b: Arcanine
|-resisted|p1b: Arcanine
|-damage|p1b: Arcanine|0 fnt
|faint|p1b: Arcanine
|move|p2a: Indeedee|Dazzling Gleam|p1a: Whimsicott
|-damage|p1a: Whimsicott|0 fnt
|faint|p1a: Whimsicott
|
|-damage|p2b: Ursaluna|14/100 brn|[from] brn
|-fieldend|move: Trick Room
|-fieldend|move: Psychic Terrain
|upkeep
|
|t:|1757052060
|switch|p1a: Annihilape|Annihilape, L50, F, tera:Water|100/100
|switch|p1b: Hydreigon|Hydreigon, L50, M|100/100
|turn|6
|
|t:|1757052079
|move|p1b: Hydreigon|Heat Wave|p2b: Ursaluna|[spread] p2a,p2b
|-damage|p2a: Indeedee|0 fnt
|-damage|p2b: Ursaluna|0 fnt
|faint|p2a: Indeedee
|faint|p2b: Ursaluna
|move|p1a: Annihilape|Rage Fist|p2: Indeedee|[notarget]
|-fail|p1a: Annihilape
|
|upkeep
|
|t:|1757052085
|switch|p2a: Gallade|Gallade, L50, M, shiny|100/100
|switch|p2b: Torkoal|Torkoal, L50, M|100/100
|-weather|SunnyDay|[from] ability: Drought|[of] p2b: Torkoal
|turn|7
|inactive|stittur##- has 30 seconds left.
|inactive|stittur##- has 20 seconds left.
|inactive|stittur##- has 15 seconds left.
|
|t:|1757052130
|-terastallize|p2b: Torkoal|Fire
|move|p2a: Gallade|Wide Guard|p2a: Gallade
|-singleturn|p2a: Gallade|Wide Guard
|move|p1b: Hydreigon|Heat Wave|p2b: Torkoal|[spread] 
|-activate|p2a: Gallade|move: Wide Guard
|-activate|p2b: Torkoal|move: Wide Guard
|move|p1a: Annihilape|Rage Fist|p2a: Gallade
|-supereffective|p2a: Gallade
|-damage|p2a: Gallade|23/100
|move|p2b: Torkoal|Eruption|p1b: Hydreigon|[spread] p1a,p1b
|-resisted|p1a: Annihilape
|-resisted|p1b: Hydreigon
|-damage|p1a: Annihilape|29/100
|-damage|p1b: Hydreigon|13/100
|
|-weather|SunnyDay|[upkeep]
|-heal|p1a: Annihilape|35/100|[from] item: Leftovers
|upkeep
|turn|8
|inactive|stittur##- has 30 seconds left.
|
|t:|1757052161
|move|p2a: Gallade|Wide Guard|p2a: Gallade
|-singleturn|p2a: Gallade|Wide Guard
|move|p1b: Hydreigon|Heat Wave|p2b: Torkoal|[spread] 
|-activate|p2a: Gallade|move: Wide Guard
|-activate|p2b: Torkoal|move: Wide Guard
|move|p1a: Annihilape|Drain Punch|p2b: Torkoal
|-crit|p2b: Torkoal
|-damage|p2b: Torkoal|55/100
|-heal|p1a: Annihilape|57/100|[from] drain|[of] p2b: Torkoal
|move|p2b: Torkoal|Eruption|p1a: Annihilape|[spread] p1a,p1b
|-resisted|p1a: Annihilape
|-resisted|p1b: Hydreigon
|-damage|p1a: Annihilape|16/100
|-damage|p1b: Hydreigon|0 fnt
|faint|p1b: Hydreigon
|
|-weather|SunnyDay|[upkeep]
|-heal|p1a: Annihilape|22/100|[from] item: Leftovers
|upkeep
|turn|9
|
|t:|1757052181
|move|p1a: Annihilape|Protect|p1a: Annihilape
|-singleturn|p1a: Annihilape|Protect
|move|p2a: Gallade|Sacred Sword|p1a: Annihilape
|-activate|p1a: Annihilape|move: Protect
|move|p2b: Torkoal|Eruption|p1a: Annihilape
|-activate|p1a: Annihilape|move: Protect
|
|-weather|SunnyDay|[upkeep]
|-heal|p1a: Annihilape|29/100|[from] item: Leftovers
|upkeep
|turn|10
|
|t:|1757052192
|move|p1a: Annihilape|Drain Punch|p2a: Gallade
|-resisted|p2a: Gallade
|-damage|p2a: Gallade|0 fnt
|-heal|p1a: Annihilape|39/100|[from] drain|[of] p2a: Gallade
|faint|p2a: Gallade
|move|p2b: Torkoal|Eruption|p1a: Annihilape
|-resisted|p1a: Annihilape
|-damage|p1a: Annihilape|0 fnt
|faint|p1a: Annihilape
|
|win|colemarcusvgc
|raw|stittur##-'s rating: 1059 → 1044(-15 for losing)
|raw|colemarcusvgc's rating: 1132 → 1152(+20 for winning)
|c|☆colemarcusvgc|gg
|c|☆stittur##-|Gg
