|j|☆Yuste3_
|j|☆endk649
|html|Yuste3_endk649    
|uhtml|bestof|Game 1 of a best-of-3
|t:|1756378059
|gametype|doubles
|player|p1|Yuste3_|lucas|1085
|player|p2|endk649|gambler|1148
|gen|9
|tier|[Gen 9] VGC 2025 Reg H (Bo3)
|rated|
|rule|Species Clause: Limit one of each Pokémon
|rule|Item Clause: Limit 1 of each item
|clearpoke
|poke|p1|Jumpluff, L50, M|
|poke|p1|Torkoal, L50, M|
|poke|p1|Charizard, L50, M|
|poke|p1|Flamigo, L50, F|
|poke|p1|Dragonite, L50, M|
|poke|p1|Torterra, L50, F|
|poke|p2|Feraligatr, L50, F|
|poke|p2|Gholdengo, L50|
|poke|p2|Politoed, L50, M|
|poke|p2|Amoonguss, L50, F|
|poke|p2|Rillaboom, L50, F|
|poke|p2|Incineroar, L50, F|
|teampreview|4
|showteam|p1|Jumpluff||FocusSash|Chlorophyll|PollenPuff,SleepPowder,Tailwind,RagePowder|||M|||50|,,,,,Steel]Torkoal||LifeOrb|Drought|Eruption,WeatherBall,EarthPower,ShellSmash|||M|||50|,,,,,Fire]Charizard||ChoiceSpecs|SolarPower|HeatWave,WeatherBall,Overheat,AirSlash|||M|||50|,,,,,Fire]Flamigo||WhiteHerb|Costar|DualWingbeat,CloseCombat,Acrobatics,UpperHand|||F|||50|,,,,,Flying]Dragonite||LoadedDice|Multiscale|ScaleShot,Earthquake,Haze,DragonTail|||M|||50|,,,,,Ground]Torterra||ClearAmulet|Overgrow|WoodHammer,Earthquake,RockSlide,ShellSmash|||F|||50|,,,,,Rock
|showteam|p2|Feraligatr||LifeOrb|SheerForce|Liquidation,Crunch,DragonDance,Protect|||F|||50|,,,,,Dark]Gholdengo||Leftovers|GoodasGold|MakeItRain,ShadowBall,NastyPlot,Protect||||||50|,,,,,Water]Politoed||SitrusBerry|Drizzle|WeatherBall,IcyWind,Mist,Protect|||M|||50|,,,,,Grass]Amoonguss||CovertCloak|Regenerator|PollenPuff,Spore,RagePowder,Protect|||F|||50|,,,,,Water]Rillaboom||AssaultVest|GrassySurge|WoodHammer,GrassyGlide,FakeOut,Uturn|||F|||50|,,,,,Fire]Incineroar||SafetyGoggles|Intimidate|KnockOff,FakeOut,Taunt,PartingShot|||F|||50|,,,,,Ghost
|inactive|Battle timer is ON: inactive players will automatically lose when time's up. (requested by Yuste3_)
|inactive|endk649 has 60 seconds left.
|inactive|endk649 has 30 seconds left.
|inactive|endk649 has 20 seconds left.
|inactive|endk649 has 15 seconds left.
|
|t:|1756378137
|teamsize|p1|4
|teamsize|p2|4
|start
|switch|p1a: Jumpluff|Jumpluff, L50, M|100/100
|switch|p1b: Torkoal|Torkoal, L50, M|100/100
|switch|p2a: Rillaboom|Rillaboom, L50, F, shiny|100/100
|switch|p2b: Feraligatr|Feraligatr, L50, F, shiny|100/100
|-fieldstart|move: Grassy Terrain|[from] ability: Grassy Surge|[of] p2a: Rillaboom
|-weather|SunnyDay|[from] ability: Drought|[of] p1b: Torkoal
|turn|1
|
|t:|1756378165
|move|p2a: Rillaboom|Fake Out|p1b: Torkoal
|-damage|p1b: Torkoal|87/100
|move|p1a: Jumpluff|Sleep Powder|p2b: Feraligatr|[miss]
|-miss|p1a: Jumpluff|p2b: Feraligatr
|move|p2b: Feraligatr|Dragon Dance|p2b: Feraligatr
|-boost|p2b: Feraligatr|atk|1
|-boost|p2b: Feraligatr|spe|1
|cant|p1b: Torkoal|flinch
|
|-weather|SunnyDay|[upkeep]
|-heal|p1b: Torkoal|94/100|[from] Grassy Terrain
|upkeep
|turn|2
|
|t:|1756378179
|move|p2b: Feraligatr|Protect|p2b: Feraligatr
|-singleturn|p2b: Feraligatr|Protect
|move|p1a: Jumpluff|Sleep Powder|p2b: Feraligatr
|-activate|p2b: Feraligatr|move: Protect
|move|p2a: Rillaboom|U-turn|p1a: Jumpluff
|-damage|p1a: Jumpluff|68/100
|
|t:|1756378186
|switch|p2a: Politoed|Politoed, L50, M|100/100|[from] U-turn
|-weather|RainDance|[from] ability: Drizzle|[of] p2a: Politoed
|move|p1b: Torkoal|Shell Smash|p1b: Torkoal
|-unboost|p1b: Torkoal|def|1
|-unboost|p1b: Torkoal|spd|1
|-boost|p1b: Torkoal|atk|2
|-boost|p1b: Torkoal|spa|2
|-boost|p1b: Torkoal|spe|2
|
|-weather|RainDance|[upkeep]
|-heal|p1b: Torkoal|99/100|[from] Grassy Terrain
|upkeep
|turn|3
|
|t:|1756378211
|move|p1a: Jumpluff|Rage Powder|p1a: Jumpluff
|-singleturn|p1a: Jumpluff|move: Rage Powder
|move|p2b: Feraligatr|Liquidation|p1a: Jumpluff
|-resisted|p1a: Jumpluff
|-damage|p1a: Jumpluff|0 fnt
|faint|p1a: Jumpluff
|move|p1b: Torkoal|Earth Power|p2b: Feraligatr
|-damage|p2b: Feraligatr|14/100
|-damage|p1b: Torkoal|90/100|[from] item: Life Orb
|move|p2a: Politoed|Icy Wind|p1b: Torkoal
|-resisted|p1b: Torkoal
|-damage|p1b: Torkoal|69/100
|-unboost|p1b: Torkoal|spe|1
|
|-weather|RainDance|[upkeep]
|-heal|p2b: Feraligatr|20/100|[from] Grassy Terrain
|-heal|p1b: Torkoal|76/100|[from] Grassy Terrain
|upkeep
|
|t:|1756378222
|switch|p1a: Flamigo|Flamigo, L50, F|100/100
|-copyboost|p1a: Flamigo|p1b: Torkoal|[from] ability: Costar
|-enditem|p1a: Flamigo|White Herb
|-clearnegativeboost|p1a: Flamigo|[silent]
|turn|4
|inactive|Yuste3_ has 30 seconds left.
|inactive|endk649 has 30 seconds left.
|inactive|Yuste3_ has 20 seconds left.
|
|t:|1756378259
|switch|p1b: Charizard|Charizard, L50, M|100/100
|move|p2b: Feraligatr|Protect|p2b: Feraligatr
|-singleturn|p2b: Feraligatr|Protect
|move|p1a: Flamigo|Close Combat|p2a: Politoed
|-damage|p2a: Politoed|0 fnt
|-unboost|p1a: Flamigo|def|1
|-unboost|p1a: Flamigo|spd|1
|faint|p2a: Politoed
|
|-weather|RainDance|[upkeep]
|-heal|p2b: Feraligatr|26/100|[from] Grassy Terrain
|upkeep
|
|t:|1756378269
|switch|p2a: Incineroar|Incineroar, L50, F, shiny|100/100
|-ability|p2a: Incineroar|Intimidate|boost
|-unboost|p1a: Flamigo|atk|1
|-unboost|p1b: Charizard|atk|1
|turn|5
|inactive|Yuste3_ has 30 seconds left.
|
|t:|1756378298
|move|p2a: Incineroar|Fake Out|p1a: Flamigo
|-damage|p1a: Flamigo|75/100
|cant|p1a: Flamigo|flinch
|move|p2b: Feraligatr|Liquidation|p1a: Flamigo
|-damage|p1a: Flamigo|0 fnt
|faint|p1a: Flamigo
|move|p1b: Charizard|Weather Ball|p2a: Incineroar
|-supereffective|p2a: Incineroar
|-damage|p2a: Incineroar|0 fnt
|faint|p2a: Incineroar
|
|-weather|RainDance|[upkeep]
|-heal|p2b: Feraligatr|32/100|[from] Grassy Terrain
|-fieldend|move: Grassy Terrain
|upkeep
|
|t:|1756378308
|switch|p1a: Torkoal|Torkoal, L50, M|76/100
|switch|p2a: Rillaboom|Rillaboom, L50, F, shiny|100/100
|-fieldstart|move: Grassy Terrain|[from] ability: Grassy Surge|[of] p2a: Rillaboom
|-weather|SunnyDay|[from] ability: Drought|[of] p1a: Torkoal
|turn|6
|
|t:|1756378323
|move|p2a: Rillaboom|Fake Out|p1a: Torkoal
|-damage|p1a: Torkoal|62/100
|move|p2b: Feraligatr|Liquidation|p1b: Charizard
|-supereffective|p1b: Charizard
|-damage|p1b: Charizard|0 fnt
|faint|p1b: Charizard
|cant|p1a: Torkoal|flinch
|
|-weather|SunnyDay|[upkeep]
|-heal|p2b: Feraligatr|38/100|[from] Grassy Terrain
|-heal|p1a: Torkoal|68/100|[from] Grassy Terrain
|upkeep
|turn|7
|
|t:|1756378327
|-terastallize|p1a: Torkoal|Fire
|move|p2b: Feraligatr|Liquidation|p1a: Torkoal
|-supereffective|p1a: Torkoal
|-damage|p1a: Torkoal|0 fnt
|faint|p1a: Torkoal
|
|win|endk649
||Yuste3_ is ready for game 2.
|l|☆Yuste3_
|player|p1|
