|j|☆polyman
|j|☆asdjighadf
|html|polymanasdjighadf    
|uhtml|bestof|Game 1 of a best-of-3
|t:|1757027734
|gametype|doubles
|player|p1|polyman|2|1049
|player|p2|asdjighadf|265|1000
|gen|9
|tier|[Gen 9] VGC 2025 Reg H (Bo3)
|rated|
|rule|Species Clause: Limit one of each Pokémon
|rule|Item Clause: Limit 1 of each item
|clearpoke
|poke|p1|Weezing-Galar, L50, F|
|poke|p1|Toedscruel, L50, M|
|poke|p1|Slaking, L50, F|
|poke|p1|Incineroar, L50, M|
|poke|p1|Decidueye-Hisui, L50, F|
|poke|p1|Clefairy, L50, F|
|poke|p2|Charizard, L50, M|
|poke|p2|Torkoal, L50, F|
|poke|p2|Porygon2, L50|
|poke|p2|Incineroar, L50, F|
|poke|p2|Jumpluff, L50, F|
|poke|p2|Ursaluna, L50, F|
|teampreview|4
|showteam|p1|Weezing-Galar||Leftovers|NeutralizingGas|DazzlingGleam,Protect,Flamethrower,Taunt|||F|||50|,,,,,Grass]Toedscruel||CovertCloak|MyceliumMight|Spore,AcidSpray,Spikes,RagePowder|||M|||50|,,,,,Ground]Slaking||LifeOrb|Truant|SlackOff,Trailblaze,Curse,DrainPunch|||F|||50|,,,,,Normal]Incineroar||AbilityShield|Intimidate|PartingShot,KnockOff,FakeOut,Protect|||M|||50|,,,,,Fire]Decidueye-Hisui||FocusSash|Scrappy|Tailwind,TripleArrows,Uturn,CloseCombat|||F|||50|,,,,,Fairy]Clefairy||Eviolite|FriendGuard|FollowMe,HealPulse,Psychic,Protect|||F|||50|,,,,,Fairy
|showteam|p2|Charizard||ChoiceSpecs|SolarPower|HeatWave,Overheat,WeatherBall,AirSlash|||M|||50|,,,,,Ghost]Torkoal||EjectPack|Drought|Eruption,Overheat,HelpingHand,Protect|||F|||50|,,,,,Fire]Porygon2||Eviolite|Download|IceBeam,TeraBlast,TrickRoom,Recover||||||50|,,,,,Fighting]Incineroar||SitrusBerry|Intimidate|FlareBlitz,KnockOff,FakeOut,PartingShot|||F|||50|,,,,,Ghost]Jumpluff||CovertCloak|Chlorophyll|SleepPowder,SunnyDay,RagePowder,Tailwind|||F|||50|,,,,,Water]Ursaluna||FlameOrb|Guts|HeadlongRush,Facade,Earthquake,Protect|||F|||50|,,,,,Ghost
|
|t:|1757027746
|teamsize|p1|4
|teamsize|p2|4
|start
|switch|p1a: Weezing|Weezing-Galar, L50, F, shiny|100/100
|switch|p1b: Slaking|Slaking, L50, F|100/100
|switch|p2a: Porygon2|Porygon2, L50|100/100
|switch|p2b: Incineroar|Incineroar, L50, F|100/100
|-ability|p1a: Weezing|Neutralizing Gas
|turn|1
|
|t:|1757027776
|move|p2b: Incineroar|Fake Out|p1a: Weezing
|-damage|p1a: Weezing|90/100
|move|p1b: Slaking|Curse|p1b: Slaking
|-unboost|p1b: Slaking|spe|1
|-boost|p1b: Slaking|atk|1
|-boost|p1b: Slaking|def|1
|cant|p1a: Weezing|flinch
|move|p2a: Porygon2|Trick Room|p2a: Porygon2
|-fieldstart|move: Trick Room|[of] p2a: Porygon2
|
|-heal|p1a: Weezing|96/100|[from] item: Leftovers
|upkeep
|turn|2
|
|t:|1757027802
|move|p1a: Weezing|Dazzling Gleam|p2b: Incineroar|[spread] p2a,p2b
|-damage|p2a: Porygon2|90/100
|-damage|p2b: Incineroar|84/100
|move|p1b: Slaking|Curse|p1b: Slaking
|-unboost|p1b: Slaking|spe|1
|-boost|p1b: Slaking|atk|1
|-boost|p1b: Slaking|def|1
|move|p2a: Porygon2|Ice Beam|p1a: Weezing
|-damage|p1a: Weezing|70/100
|move|p2b: Incineroar|Knock Off|p1a: Weezing
|-resisted|p1a: Weezing
|-damage|p1a: Weezing|52/100
|-enditem|p1a: Weezing|Leftovers|[from] move: Knock Off|[of] p2b: Incineroar
|
|upkeep
|turn|3
|
|t:|1757027841
|move|p1a: Weezing|Protect|p1a: Weezing
|-singleturn|p1a: Weezing|Protect
|move|p1b: Slaking|Trailblaze|p2a: Porygon2
|-damage|p2a: Porygon2|53/100
|-boost|p1b: Slaking|spe|1
|-damage|p1b: Slaking|91/100|[from] item: Life Orb
|move|p2a: Porygon2|Ice Beam|p1b: Slaking
|-damage|p1b: Slaking|63/100
|move|p2b: Incineroar|Parting Shot|p1b: Slaking
|-unboost|p1b: Slaking|atk|1
|-unboost|p1b: Slaking|spa|1
|
|t:|1757027853
|switch|p2b: Torkoal|Torkoal, L50, F|100/100|[from] Parting Shot
|
|upkeep
|turn|4
|
|t:|1757027875
|move|p1a: Weezing|Protect||[still]
|-fail|p1a: Weezing
|move|p2b: Torkoal|Eruption|p1b: Slaking|[spread] p1a,p1b
|-damage|p1a: Weezing|10/100
|-damage|p1b: Slaking|13/100
|move|p1b: Slaking|Drain Punch|p2a: Porygon2
|-supereffective|p2a: Porygon2
|-damage|p2a: Porygon2|0 fnt
|-heal|p1b: Slaking|32/100|[from] drain|[of] p2a: Porygon2
|faint|p2a: Porygon2
|-damage|p1b: Slaking|23/100|[from] item: Life Orb
|
|upkeep
|
|t:|1757027889
|switch|p2a: Incineroar|Incineroar, L50, F|84/100
|turn|5
|
|t:|1757027910
|move|p2a: Incineroar|Fake Out|p1b: Slaking
|-damage|p1b: Slaking|18/100
|move|p2b: Torkoal|Eruption|p1b: Slaking|[spread] p1a,p1b
|-damage|p1a: Weezing|0 fnt
|-damage|p1b: Slaking|0 fnt
|faint|p1a: Weezing
|-end|p1a: Weezing|ability: Neutralizing Gas
|-weather|SunnyDay|[from] ability: Drought|[of] p2b: Torkoal
|faint|p1b: Slaking
|
|-weather|SunnyDay|[upkeep]
|-fieldend|move: Trick Room
|upkeep
|
|t:|1757027923
|switch|p1b: Incineroar|Incineroar, L50, M|100/100
|switch|p1a: Decidueye|Decidueye-Hisui, L50, F|100/100
|-ability|p1b: Incineroar|Intimidate|boost
|-unboost|p2a: Incineroar|atk|1
|-unboost|p2b: Torkoal|atk|1
|-enditem|p2b: Torkoal|Eject Pack
|
|t:|1757027930
|switch|p2b: Ursaluna|Ursaluna, L50, F|100/100
|turn|6
|
|t:|1757027970
|move|p2b: Ursaluna|Protect|p2b: Ursaluna
|-singleturn|p2b: Ursaluna|Protect
|move|p1a: Decidueye|Tailwind|p1a: Decidueye
|-sidestart|p1: polyman|move: Tailwind
|move|p1b: Incineroar|Knock Off|p2a: Incineroar
|-resisted|p2a: Incineroar
|-crit|p2a: Incineroar
|-damage|p2a: Incineroar|54/100
|-enditem|p2a: Incineroar|Sitrus Berry|[from] move: Knock Off|[of] p1b: Incineroar
|move|p2a: Incineroar|Knock Off|p1a: Decidueye
|-resisted|p1a: Decidueye
|-damage|p1a: Decidueye|82/100
|-enditem|p1a: Decidueye|Focus Sash|[from] move: Knock Off|[of] p2a: Incineroar
|
|-weather|SunnyDay|[upkeep]
|-status|p2b: Ursaluna|brn|[from] item: Flame Orb
|upkeep
|turn|7
|
|t:|1757028002
|-terastallize|p1a: Decidueye|Fairy
|-terastallize|p2b: Ursaluna|Ghost
|move|p1a: Decidueye|Triple Arrows|p2b: Ursaluna
|-damage|p2b: Ursaluna|68/100 brn
|-unboost|p2b: Ursaluna|def|1
|move|p1b: Incineroar|Parting Shot|p2b: Ursaluna
|-unboost|p2b: Ursaluna|atk|1
|-unboost|p2b: Ursaluna|spa|1
|move|p2a: Incineroar|Flare Blitz|p1a: Decidueye
|-damage|p1a: Decidueye|14/100
|-damage|p2a: Incineroar|36/100|[from] Recoil
|move|p2b: Ursaluna|Facade|p1b: Incineroar
|-damage|p1b: Incineroar|12/100
|
|-weather|SunnyDay|[upkeep]
|-damage|p2b: Ursaluna|62/100 brn|[from] brn
|upkeep
|turn|8
|
|t:|1757028033
|move|p2b: Ursaluna|Protect|p2b: Ursaluna
|-singleturn|p2b: Ursaluna|Protect
|move|p1a: Decidueye|Triple Arrows|p2b: Ursaluna
|-activate|p2b: Ursaluna|move: Protect
|move|p1b: Incineroar|Knock Off|p2b: Ursaluna
|-activate|p2b: Ursaluna|move: Protect
|move|p2a: Incineroar|Parting Shot|p1a: Decidueye
|-unboost|p1a: Decidueye|atk|1
|-unboost|p1a: Decidueye|spa|1
|
|t:|1757028042
|switch|p2a: Torkoal|Torkoal, L50, F|100/100|[from] Parting Shot
|
|-weather|SunnyDay|[upkeep]
|-damage|p2b: Ursaluna|56/100 brn|[from] brn
|upkeep
|turn|9
|
|t:|1757028069
|switch|p2b: Incineroar|Incineroar, L50, F|36/100
|-ability|p2b: Incineroar|Intimidate|boost
|-fail|p1a: Decidueye|unboost|Attack|[from] ability: Scrappy|[of] p1a: Decidueye
|-unboost|p1b: Incineroar|atk|1
|move|p1a: Decidueye|Close Combat|p2a: Torkoal
|-damage|p2a: Torkoal|75/100
|-unboost|p1a: Decidueye|def|1
|-unboost|p1a: Decidueye|spd|1
|move|p1b: Incineroar|Knock Off|p2b: Incineroar
|-resisted|p2b: Incineroar
|-crit|p2b: Incineroar
|-damage|p2b: Incineroar|16/100
|move|p2a: Torkoal|Eruption|p1b: Incineroar|[spread] p1a,p1b
|-resisted|p1b: Incineroar
|-damage|p1a: Decidueye|0 fnt
|-damage|p1b: Incineroar|0 fnt
|faint|p1a: Decidueye
|faint|p1b: Incineroar
|
|win|asdjighadf
|inactive|polyman has 30 seconds to confirm battle start!
|inactive|asdjighadf has 30 seconds to confirm battle start!
||asdjighadf is ready for game 2.
|inactive|polyman has 20 seconds to confirm battle start!
|inactive|polyman has 10 seconds to confirm battle start!
|uhtml|next|Next: Game 2 of 3
