|j|☆Aeon_Twins
|j|☆vinicio499
|html|Aeon_Twinsvinicio499    
|uhtml|bestof|Game 1 of a best-of-3
|t:|1782510602
|gametype|doubles
|player|p1|Aeon_Twins|n|1275
|player|p2|vinicio499|miku-ghost|1338
|gen|9
|tier|[Gen 9 Champions] VGC 2026 Reg M-B (Bo3)
|rated|
|rule|Species Clause: Limit one of each Pokémon
|rule|Item Clause: Limit 1 of each item
|clearpoke
|poke|p1|Staraptor, L50, M|
|poke|p1|Sinistcha, L50|
|poke|p1|Mawile, L50, M|
|poke|p1|Torkoal, L50, F|
|poke|p1|Farigiraf, L50, M|
|poke|p1|Pyroar, L50, M|
|poke|p2|Farigiraf, L50, M, shiny|
|poke|p2|Scrafty, L50, M, shiny|
|poke|p2|Mawile, L50, F, shiny|
|poke|p2|Incineroar, L50, M|
|poke|p2|Hatterene, L50, F|
|poke|p2|Clawitzer, L50, M|
|teampreview|4
|showteam|p1|Staraptor||ChoiceScarf|Intimidate|FinalGambit,CloseCombat,BraveBird,Uturn|Jolly||M|||50|]Sinistcha||SitrusBerry|Hospitality|MatchaGotcha,ShadowBall,RagePowder,TrickRoom|Modest|||||50|]Mawile||Mawilite|Intimidate|IronHead,PlayRough,SuckerPunch,Protect|Brave||M|||50|]Torkoal||Charcoal|Drought|Eruption,HeatWave,EarthPower,Protect|Quiet||F|||50|]Farigiraf||ColburBerry|ArmorTail|Psychic,Thunderbolt,TrickRoom,HelpingHand|Sassy||M|||50|]Pyroar||Pyroarite|Rivalry|Overheat,HyperVoice,HeatWave,Protect|Timid||M|||50|
|showteam|p2|Farigiraf||ColburBerry|ArmorTail|TrickRoom,Psychic,Protect,HelpingHand|Modest||M|||50|]Scrafty||Scraftinite|Intimidate|FakeOut,CloseCombat,KnockOff,IronHead|Brave||M|||50|]Mawile||Mawilite|HyperCutter|SwordsDance,PlayRough,Protect,SuckerPunch|Brave||F|||50|]Incineroar||Charcoal|Intimidate|ThroatChop,FlareBlitz,FakeOut,PartingShot|Adamant||M|||50|]Hatterene||FocusSash|MagicBounce|TrickRoom,DazzlingGleam,Protect,MagicPowder|Quiet||F|||50|]Clawitzer||LifeOrb|MegaLauncher|DragonPulse,DarkPulse,AuraSphere,Protect|Modest||M|||50|
|inactive|Battle timer is ON: inactive players will automatically lose when time's up. (requested by vinicio499)
|inactive|Aeon_Twins has 60 seconds left.
|inactive|vinicio499 has 60 seconds left.
|inactive|Aeon_Twins has 30 seconds left.
|inactive|Aeon_Twins has 20 seconds left.
|inactive|Aeon_Twins has 15 seconds left.
|
|t:|1782510678
|teamsize|p1|4
|teamsize|p2|4
|start
|switch|p1a: Torkoal|Torkoal, L50, F|100/100
|switch|p1b: Pyroar|Pyroar, L50, M|100/100
|switch|p2a: Incineroar|Incineroar, L50, M|100/100
|switch|p2b: Hatterene|Hatterene, L50, F|100/100
|-ability|p2a: Incineroar|Intimidate|boost
|-unboost|p1a: Torkoal|atk|1
|-unboost|p1b: Pyroar|atk|1
|-weather|SunnyDay|[from] ability: Drought|[of] p1a: Torkoal
|turn|1
|
|t:|1782510701
|switch|p1a: Farigiraf|Farigiraf, L50, M|100/100
|detailschange|p1b: Pyroar|Pyroar-Mega, L50, M
|-mega|p1b: Pyroar|Pyroar|Pyroarite
|move|p2b: Hatterene|Protect|p2b: Hatterene
|-singleturn|p2b: Hatterene|Protect
|move|p1b: Pyroar|Overheat|p2b: Hatterene
|-activate|p2b: Hatterene|move: Protect
|move|p2a: Incineroar|Parting Shot|p1b: Pyroar
|-unboost|p1b: Pyroar|atk|1
|-unboost|p1b: Pyroar|spa|1
|
|t:|1782510711
|switch|p2a: Clawitzer|Clawitzer, L50, M|100/100|[from] Parting Shot
|
|-weather|SunnyDay|[upkeep]
|upkeep
|turn|2
|
|t:|1782510726
|switch|p2b: Incineroar|Incineroar, L50, M|100/100
|-ability|p2b: Incineroar|Intimidate|boost
|-unboost|p1a: Farigiraf|atk|1
|-unboost|p1b: Pyroar|atk|1
|move|p1b: Pyroar|Heat Wave|p2b: Incineroar|[spread] p2a
|-miss|p1b: Pyroar|p2b: Incineroar
|-resisted|p2a: Clawitzer|1
|-damage|p2a: Clawitzer|66/100
|move|p2a: Clawitzer|Aura Sphere|p1b: Pyroar
|-supereffective|p1b: Pyroar|1
|-damage|p1b: Pyroar|0 fnt
|faint|p1b: Pyroar
|-damage|p2a: Clawitzer|56/100|[from] item: Life Orb
|move|p1a: Farigiraf|Thunderbolt|p2a: Clawitzer
|-supereffective|p2a: Clawitzer|1
|-crit|p2a: Clawitzer
|-damage|p2a: Clawitzer|0 fnt
|faint|p2a: Clawitzer
|
|-weather|SunnyDay|[upkeep]
|upkeep
|
|t:|1782510745
|switch|p1b: Torkoal|Torkoal, L50, F|100/100
|switch|p2a: Scrafty|Scrafty, L50, M, shiny|100/100
|-ability|p2a: Scrafty|Intimidate|boost
|-unboost|p1a: Farigiraf|atk|1
|-unboost|p1b: Torkoal|atk|1
|turn|3
|inactive|Aeon_Twins has 30 seconds left.
|
|t:|1782510775
|detailschange|p2a: Scrafty|Scrafty-Mega, L50, M, shiny
|-mega|p2a: Scrafty|Scrafty|Scraftinite
|-ability|p2a: Scrafty|Intimidate|boost
|-unboost|p1a: Farigiraf|atk|1
|-unboost|p1b: Torkoal|atk|1
|move|p1a: Farigiraf|Helping Hand|p1b: Torkoal
|-singleturn|p1b: Torkoal|Helping Hand|[of] p1a: Farigiraf
|move|p2b: Incineroar|Flare Blitz|p1a: Farigiraf
|-damage|p1a: Farigiraf|4/100
|-damage|p2b: Incineroar|61/100|[from] Recoil
|move|p2a: Scrafty|Knock Off|p1a: Farigiraf
|-supereffective|p1a: Farigiraf|1
|-crit|p1a: Farigiraf
|-enditem|p1a: Farigiraf|Colbur Berry|[eat]
|-enditem|p1a: Farigiraf|Colbur Berry|[weaken]
|-damage|p1a: Farigiraf|0 fnt
|faint|p1a: Farigiraf
|move|p1b: Torkoal|Earth Power|p2b: Incineroar
|-supereffective|p2b: Incineroar|1
|-damage|p2b: Incineroar|0 fnt
|faint|p2b: Incineroar
|
|-weather|SunnyDay|[upkeep]
|upkeep
|
|t:|1782510786
|switch|p2b: Hatterene|Hatterene, L50, F|100/100
|switch|p1a: Sinistcha|Sinistcha, L50|100/100
|turn|4
|
|t:|1782510808
|move|p2a: Scrafty|Knock Off|p1a: Sinistcha
|-supereffective|p1a: Sinistcha|1
|-damage|p1a: Sinistcha|0 fnt
|-enditem|p1a: Sinistcha|Sitrus Berry|[from] move: Knock Off|[of] p2a: Scrafty
|faint|p1a: Sinistcha
|move|p2b: Hatterene|Dazzling Gleam|p1b: Torkoal
|-resisted|p1b: Torkoal|1
|-damage|p1b: Torkoal|71/100
|move|p1b: Torkoal|Heat Wave|p2a: Scrafty|[spread] p2b
|-miss|p1b: Torkoal|p2a: Scrafty
|-damage|p2b: Hatterene|43/100
|
|-weather|SunnyDay|[upkeep]
|upkeep
|turn|5
|
|t:|1782510828
|move|p2a: Scrafty|Knock Off|p1b: Torkoal
|-damage|p1b: Torkoal|28/100
|-enditem|p1b: Torkoal|Charcoal|[from] move: Knock Off|[of] p2a: Scrafty
|move|p2b: Hatterene|Magic Powder|p1b: Torkoal
|-start|p1b: Torkoal|typechange|Psychic
|move|p1b: Torkoal|Heat Wave|p2b: Hatterene|[spread] p2a,p2b
|-damage|p2a: Scrafty|74/100
|-damage|p2b: Hatterene|11/100
|
|-weather|none
|upkeep
|turn|6
|-message|Aeon_Twins forfeited.
|
|win|vinicio499
||vinicio499 is ready for game 2.
||Aeon_Twins is ready for game 2.
|uhtml|next|Next: Game 2 of 3
