|j|☆Awesome Person III
|j|☆darthmorton
|html|Awesome Person IIIdarthmorton    
|uhtml|bestof|Game 3 of a best-of-3
|t:|1754615304
|gametype|doubles
|player|p1|Awesome Person III|fisherman-gen4|1331
|player|p2|darthmorton|ingo|1329
|gen|9
|tier|[Gen 9] VGC 2025 Reg H (Bo3)
|rated|
|rule|Species Clause: Limit one of each Pokémon
|rule|Item Clause: Limit 1 of each item
|clearpoke
|poke|p1|Ninetales-Alola, L50, F|
|poke|p1|Garchomp, L50, M|
|poke|p1|Amoonguss, L50, M|
|poke|p1|Incineroar, L50, M|
|poke|p1|Corviknight, L50, M|
|poke|p1|Sneasler, L50, F|
|poke|p2|Kommo-o, L50, F|
|poke|p2|Rillaboom, L50, F|
|poke|p2|Clefairy, L50, F|
|poke|p2|Kingambit, L50, M|
|poke|p2|Sneasler, L50, M|
|poke|p2|Arcanine-Hisui, L50, F|
|teampreview|4
|showteam|p1|Ninetales-Alola||ChoiceSpecs|SnowWarning|Moonblast,IceBeam,Blizzard,FreezeDry|||F|||50|,,,,,Ghost]Garchomp||LifeOrb|RoughSkin|Earthquake,DragonClaw,StompingTantrum,Protect|||M|||50|,,,,,Ground]Amoonguss||SitrusBerry|Regenerator|PollenPuff,Spore,Protect,RagePowder|||M|||50|,,,,,Psychic]Incineroar||SafetyGoggles|Intimidate|FlareBlitz,KnockOff,FakeOut,PartingShot|||M|||50|,,,,,Ghost]Corviknight||CovertCloak|MirrorArmor|BraveBird,Roost,Tailwind,Protect|||M|||50|,,,,,Dragon]Sneasler||FocusSash|Unburden|CloseCombat,DireClaw,Coaching,Protect|||F|||50|,,,,,Ghost
|showteam|p2|Kommo-o||ThroatSpray|Overcoat|ClangingScales,Flamethrower,ClangorousSoul,Protect|||F|||50|,,,,,Fire]Rillaboom||AssaultVest|GrassySurge|FakeOut,WoodHammer,GrassyGlide,Uturn|||F|||50|,,,,,Fire]Clefairy||Eviolite|FriendGuard|FollowMe,HelpingHand,Protect,LifeDew|||F|||50|,,,,,Water]Kingambit||BlackGlasses|Defiant|KowtowCleave,SuckerPunch,SwordsDance,Protect|||M|||50|,,,,,Dark]Sneasler||GrassySeed|Unburden|FakeOut,CloseCombat,DireClaw,Coaching|||M|||50|,,,,,Ghost]Arcanine-Hisui||SafetyGoggles|Intimidate|RockSlide,FlareBlitz,ExtremeSpeed,Protect|||F|||50|,,,,,Ghost
|inactive|Battle timer is ON: inactive players will automatically lose when time's up. (requested by darthmorton)
|inactive|Awesome Person III also wants the timer to be on.
|j| Tindall64
|inactive|Awesome Person III has 60 seconds left.
|
|t:|1754615335
|teamsize|p1|4
|teamsize|p2|4
|start
|switch|p1a: Garchomp|Garchomp, L50, M|100/100
|switch|p1b: Sneasler|Sneasler, L50, F|100/100
|switch|p2a: Kommo-o|Kommo-o, L50, F|100/100
|switch|p2b: Clefairy|Clefairy, L50, F|100/100
|turn|1
|inactive|Awesome Person III has 30 seconds left.
|inactive|Awesome Person III has 20 seconds left.
|
|t:|1754615374
|move|p2b: Clefairy|Follow Me|p2b: Clefairy
|-singleturn|p2b: Clefairy|move: Follow Me
|move|p1b: Sneasler|Dire Claw|p2b: Clefairy
|-supereffective|p2b: Clefairy
|-damage|p2b: Clefairy|35/100
|move|p1a: Garchomp|Stomping Tantrum|p2b: Clefairy
|-damage|p2b: Clefairy|0 fnt
|faint|p2b: Clefairy
|-damage|p1a: Garchomp|91/100|[from] item: Life Orb
|move|p2a: Kommo-o|Clangorous Soul|p2a: Kommo-o
|-boost|p2a: Kommo-o|atk|1
|-boost|p2a: Kommo-o|def|1
|-boost|p2a: Kommo-o|spa|1
|-boost|p2a: Kommo-o|spd|1
|-boost|p2a: Kommo-o|spe|1
|-damage|p2a: Kommo-o|68/100
|-enditem|p2a: Kommo-o|Throat Spray
|-boost|p2a: Kommo-o|spa|1|[from] item: Throat Spray
|
|upkeep
|c| Tindall64|0 SpA Clefairy Moonblast (95 BP) vs. 12 HP / 0 SpD Garchomp: 84-98 (45.4 - 52.9%) -- 25% chance to 2HKO
|
|t:|1754615387
|switch|p2b: Rillaboom|Rillaboom, L50, F|100/100
|-fieldstart|move: Grassy Terrain|[from] ability: Grassy Surge|[of] p2b: Rillaboom
|turn|2
|inactive|darthmorton has 30 seconds left.
|
|t:|1754615417
|switch|p1b: Corviknight|Corviknight, L50, M|100/100
|move|p2a: Kommo-o|Protect|p2a: Kommo-o
|-singleturn|p2a: Kommo-o|Protect
|move|p1a: Garchomp|Protect|p1a: Garchomp
|-singleturn|p1a: Garchomp|Protect
|move|p2b: Rillaboom|Fake Out|p1b: Corviknight
|-resisted|p1b: Corviknight
|-damage|p1b: Corviknight|95/100
|
|-heal|p2a: Kommo-o|74/100|[from] Grassy Terrain
|-heal|p1a: Garchomp|97/100|[from] Grassy Terrain
|upkeep
|turn|3
|
|t:|1754615438
|-terastallize|p2a: Kommo-o|Fire
|move|p2b: Rillaboom|Grassy Glide|p1a: Garchomp
|-damage|p1a: Garchomp|62/100
|-damage|p2b: Rillaboom|88/100|[from] ability: Rough Skin|[of] p1a: Garchomp
|move|p2a: Kommo-o|Clanging Scales|p1a: Garchomp|[spread] p1a,p1b
|-supereffective|p1a: Garchomp
|-resisted|p1b: Corviknight
|-damage|p1a: Garchomp|0 fnt
|-damage|p1b: Corviknight|63/100
|faint|p1a: Garchomp
|-unboost|p2a: Kommo-o|def|1
|move|p1b: Corviknight|Tailwind|p1b: Corviknight
|-sidestart|p1: Awesome Person III|move: Tailwind
|
|-heal|p2a: Kommo-o|80/100|[from] Grassy Terrain
|-heal|p2b: Rillaboom|94/100|[from] Grassy Terrain
|upkeep
|
|t:|1754615449
|switch|p1a: Sneasler|Sneasler, L50, F|100/100
|turn|4
|inactive|Awesome Person III has 30 seconds left.
|
|t:|1754615476
|move|p2a: Kommo-o|Protect|p2a: Kommo-o
|-singleturn|p2a: Kommo-o|Protect
|move|p1b: Corviknight|Protect|p1b: Corviknight
|-singleturn|p1b: Corviknight|Protect
|move|p1a: Sneasler|Dire Claw|p2a: Kommo-o
|-activate|p2a: Kommo-o|move: Protect
|move|p2b: Rillaboom|U-turn|p1a: Sneasler
|-resisted|p1a: Sneasler
|-damage|p1a: Sneasler|90/100
|
|t:|1754615487
|switch|p2b: Sneasler|Sneasler, L50, M|100/100|[from] U-turn
|-enditem|p2b: Sneasler|Grassy Seed
|-boost|p2b: Sneasler|def|1|[from] item: Grassy Seed
|
|-heal|p1a: Sneasler|96/100|[from] Grassy Terrain
|-heal|p2a: Kommo-o|86/100|[from] Grassy Terrain
|upkeep
|turn|5
|
|t:|1754615494
|-terastallize|p1a: Sneasler|Ghost
|move|p2b: Sneasler|Fake Out|p1a: Sneasler
|-immune|p1a: Sneasler
|move|p1a: Sneasler|Dire Claw|p2a: Kommo-o
|-damage|p2a: Kommo-o|41/100
|move|p2a: Kommo-o|Flamethrower|p1b: Corviknight
|-supereffective|p1b: Corviknight
|-damage|p1b: Corviknight|0 fnt
|faint|p1b: Corviknight
|
|-heal|p1a: Sneasler|100/100|[from] Grassy Terrain
|-heal|p2a: Kommo-o|47/100|[from] Grassy Terrain
|upkeep
|
|t:|1754615501
|switch|p1b: Ninetales|Ninetales-Alola, L50, F|100/100
|-weather|Snowscape|[from] ability: Snow Warning|[of] p1b: Ninetales
|turn|6
|
|t:|1754615519
|move|p2a: Kommo-o|Protect|p2a: Kommo-o
|-singleturn|p2a: Kommo-o|Protect
|move|p1a: Sneasler|Dire Claw|p2b: Sneasler
|-resisted|p2b: Sneasler
|-damage|p2b: Sneasler|76/100
|move|p1b: Ninetales|Blizzard|p2a: Kommo-o|[spread] p2b
|-activate|p2a: Kommo-o|move: Protect
|-damage|p2b: Sneasler|9/100
|move|p2b: Sneasler|Dire Claw|p1b: Ninetales
|-supereffective|p1b: Ninetales
|-damage|p1b: Ninetales|11/100
|-status|p1b: Ninetales|psn
|
|-weather|Snowscape|[upkeep]
|-heal|p1b: Ninetales|17/100 psn|[from] Grassy Terrain
|-heal|p2b: Sneasler|15/100|[from] Grassy Terrain
|-heal|p2a: Kommo-o|53/100|[from] Grassy Terrain
|-damage|p1b: Ninetales|5/100 psn|[from] psn
|-sideend|p1: Awesome Person III|move: Tailwind
|-fieldend|move: Grassy Terrain
|upkeep
|turn|7
|inactive|darthmorton has 30 seconds left.
|
|t:|1754615546
|move|p2b: Sneasler|Dire Claw|p1b: Ninetales
|-supereffective|p1b: Ninetales
|-damage|p1b: Ninetales|0 fnt
|faint|p1b: Ninetales
|move|p2a: Kommo-o|Flamethrower|p1a: Sneasler
|-enditem|p1a: Sneasler|Focus Sash
|-damage|p1a: Sneasler|1/100
|move|p1a: Sneasler|Close Combat|p2a: Kommo-o
|-damage|p2a: Kommo-o|0 fnt
|-unboost|p1a: Sneasler|def|1
|-unboost|p1a: Sneasler|spd|1
|faint|p2a: Kommo-o
|
|-weather|Snowscape|[upkeep]
|upkeep
|
|t:|1754615548
|switch|p2a: Rillaboom|Rillaboom, L50, F|94/100
|-fieldstart|move: Grassy Terrain|[from] ability: Grassy Surge|[of] p2a: Rillaboom
|turn|8
|-message|Awesome Person III forfeited.
|
|win|darthmorton
|raw|Awesome Person III's rating: 1331 → 1311(-20 for losing)
|raw|darthmorton's rating: 1329 → 1349(+20 for winning)
|l|☆Awesome Person III
|player|p1|
|c|☆darthmorton|Gg
|l| Tindall64
