|j|☆raksbach
|j|☆bever13
|html|raksbachbever13    
|uhtml|bestof|Game 2 of a best-of-3
|t:|1783348449
|gametype|doubles
|player|p1|raksbach|102|1178
|player|p2|bever13|pryce|1166
|gen|9
|tier|[Gen 9 Champions] VGC 2026 Reg M-B (Bo3)
|rated|
|rule|Species Clause: Limit one of each Pokémon
|rule|Item Clause: Limit 1 of each item
|clearpoke
|poke|p1|Incineroar, L50, M|
|poke|p1|Maushold, L50|
|poke|p1|Sinistcha, L50|
|poke|p1|Sneasler, L50, M|
|poke|p1|Blastoise, L50, F|
|poke|p1|Delphox, L50, M|
|poke|p2|Swampert, L50, F|
|poke|p2|Pelipper, L50, F, shiny|
|poke|p2|Sceptile, L50, F|
|poke|p2|Heliolisk, L50, M|
|poke|p2|Raichu, L50, M|
|poke|p2|Basculegion, L50, M|
|teampreview|4
|showteam|p1|Incineroar||SitrusBerry|Intimidate|FakeOut,FlareBlitz,DarkestLariat,PartingShot|Impish||M|||50|]Maushold||ChopleBerry|FriendGuard|SuperFang,Feint,FollowMe,Protect|Impish|||||50|]Sinistcha||OccaBerry|Hospitality|MatchaGotcha,LifeDew,RagePowder,Protect|Bold|||||50|]Sneasler||FocusSash|PoisonTouch|FakeOut,CloseCombat,DireClaw,QuickGuard|Jolly||M|||50|]Blastoise||Blastoisinite|Torrent|WaterSpout,DarkPulse,ShellSmash,Protect|Modest||F|||50|]Delphox||Delphoxite|Blaze|HeatWave,Psychic,NastyPlot,Protect|Timid||M|||50|
|showteam|p2|Swampert||Swampertite|Damp|Earthquake,IcePunch,WaveCrash,Protect|Adamant||F|||50|]Pelipper||FocusSash|Drizzle|Tailwind,MuddyWater,Hurricane,Protect|Modest||F|||50|]Sceptile||Sceptilite|Unburden|EarthPower,DragonPulse,EnergyBall,VacuumWave|Timid||F|||50|]Heliolisk||ChoiceScarf|SolarPower|Discharge,Thunderbolt,ShedTail,HyperVoice|Timid||M|||50|]Raichu||ExpertBelt|LightningRod|Discharge,FakeOut,Nuzzle,GrassKnot|Timid||M|||50|]Basculegion||LifeOrb|SwiftSwim|FlipTurn,LastRespects,PhantomForce,WaveCrash|Jolly||M|||50|
|inactive|Battle timer is ON: inactive players will automatically lose when time's up. (requested by raksbach)
|
|t:|1783348478
|teamsize|p1|4
|teamsize|p2|4
|start
|switch|p1a: Sneasler|Sneasler, L50, M|100/100
|switch|p1b: Sinistcha|Sinistcha, L50|100/100
|switch|p2a: Raichu|Raichu, L50, M|100/100
|switch|p2b: Heliolisk|Heliolisk, L50, M|100/100
|turn|1
|
|t:|1783348501
|move|p1a: Sneasler|Fake Out|p2a: Raichu
|-damage|p2a: Raichu|68/100
|move|p2b: Heliolisk|Shed Tail|p2b: Heliolisk
|-start|p2b: Heliolisk|Substitute|[from] move: Shed Tail
|-damage|p2b: Heliolisk|49/100
|
|t:|1783348506
|switch|p2b: Sceptile|Sceptile, L50, F|100/100|[from] Shed Tail
|cant|p2a: Raichu|flinch
|move|p1b: Sinistcha|Matcha Gotcha|p2a: Raichu|[spread] p2a,p2b
|-resisted|p2b: Sceptile|1
|-activate|p2b: Sceptile|move: Substitute|[damage]
|-damage|p2a: Raichu|29/100
|
|upkeep
|turn|2
|
|t:|1783348527
|detailschange|p2b: Sceptile|Sceptile-Mega, L50, F
|-mega|p2b: Sceptile|Sceptile|Sceptilite
|move|p2b: Sceptile|Earth Power|p1a: Sneasler
|-supereffective|p1a: Sneasler|1
|-enditem|p1a: Sneasler|Focus Sash
|-damage|p1a: Sneasler|1/100
|move|p1a: Sneasler|Dire Claw|p2b: Sceptile
|-supereffective|p2b: Sceptile|1
|-end|p2b: Sceptile|Substitute
|move|p2a: Raichu|Discharge|p1b: Sinistcha|[spread] p1a,p1b
|-ability|p2b: Sceptile|Lightning Rod|boost
|-boost|p2b: Sceptile|spa|1
|-resisted|p1b: Sinistcha|1
|-damage|p1a: Sneasler|0 fnt
|-damage|p1b: Sinistcha|88/100
|faint|p1a: Sneasler
|move|p1b: Sinistcha|Matcha Gotcha|p2b: Sceptile|[spread] p2a,p2b
|-resisted|p2b: Sceptile|2
|-damage|p2a: Raichu|0 fnt
|-heal|p1b: Sinistcha|99/100|[from] drain|[of] p2a: Raichu
|-damage|p2b: Sceptile|93/100
|-heal|p1b: Sinistcha|100/100|[from] drain|[of] p2b: Sceptile
|faint|p2a: Raichu
|
|upkeep
|
|t:|1783348545
|switch|p1a: Maushold|Maushold, L50|100/100
|switch|p2a: Heliolisk|Heliolisk, L50, M|49/100
|turn|3
|
|t:|1783348555
|move|p2a: Heliolisk|Discharge|p1b: Sinistcha|[spread] p1a,p1b
|-ability|p2b: Sceptile|Lightning Rod|boost
|-boost|p2b: Sceptile|spa|1
|-resisted|p1b: Sinistcha|1
|-damage|p1a: Maushold|70/100
|-damage|p1b: Sinistcha|91/100
|-status|p1a: Maushold|par
|-status|p1b: Sinistcha|par
|move|p2b: Sceptile|Dragon Pulse|p1b: Sinistcha
|-damage|p1b: Sinistcha|21/100 par
|move|p1a: Maushold|Super Fang|p2b: Sceptile
|-damage|p2b: Sceptile|46/100
|cant|p1b: Sinistcha|par
|
|upkeep
|turn|4
|inactive|raksbach has 30 seconds left.
|inactive|raksbach has 20 seconds left.
|inactive|raksbach has 15 seconds left.
|
|t:|1783348598
|cant|p1a: Maushold|par
|move|p2a: Heliolisk|Discharge|p1a: Maushold|[spread] p1a,p1b
|-ability|p2b: Sceptile|Lightning Rod|boost
|-boost|p2b: Sceptile|spa|1
|-resisted|p1b: Sinistcha|1
|-damage|p1a: Maushold|37/100 par
|-damage|p1b: Sinistcha|11/100 par
|move|p2b: Sceptile|Dragon Pulse|p1b: Sinistcha
|-damage|p1b: Sinistcha|0 fnt
|faint|p1b: Sinistcha
|
|upkeep
|
|t:|1783348602
|switch|p1b: Blastoise|Blastoise, L50, F|100/100
|turn|5
|
|t:|1783348617
|detailschange|p1b: Blastoise|Blastoise-Mega, L50, F
|-mega|p1b: Blastoise|Blastoise|Blastoisinite
|move|p1a: Maushold|Follow Me|p1a: Maushold
|-singleturn|p1a: Maushold|move: Follow Me
|move|p2a: Heliolisk|Discharge|p1b: Blastoise|[spread] p1a,p1b
|-ability|p2b: Sceptile|Lightning Rod|boost
|-boost|p2b: Sceptile|spa|1
|-supereffective|p1b: Blastoise|1
|-damage|p1a: Maushold|5/100 par
|-damage|p1b: Blastoise|61/100
|move|p2b: Sceptile|Energy Ball|p1a: Maushold
|-damage|p1a: Maushold|0 fnt
|faint|p1a: Maushold
|move|p1b: Blastoise|Shell Smash|p1b: Blastoise
|-unboost|p1b: Blastoise|def|1
|-unboost|p1b: Blastoise|spd|1
|-boost|p1b: Blastoise|atk|2
|-boost|p1b: Blastoise|spa|2
|-boost|p1b: Blastoise|spe|2
|
|upkeep
|turn|6
|
|t:|1783348636
|move|p2b: Sceptile|Vacuum Wave|p1b: Blastoise
|-damage|p1b: Blastoise|0 fnt
|faint|p1b: Blastoise
|
|win|bever13
