|j|☆MYSEEMBENTON
|j|☆piyush ki jai ho
|html|MYSEEMBENTONpiyush ki jai ho    
|uhtml|bestof|Game 1 of a best-of-3
|t:|1782488989
|gametype|doubles
|player|p1|MYSEEMBENTON|2|1065
|player|p2|piyush ki jai ho|red|1000
|gen|9
|tier|[Gen 9 Champions] VGC 2026 Reg M-B (Bo3)
|rated|
|rule|Species Clause: Limit one of each Pokémon
|rule|Item Clause: Limit 1 of each item
|clearpoke
|poke|p1|Archaludon, L50, M|
|poke|p1|Dragonite, L50, F|
|poke|p1|Pelipper, L50, F|
|poke|p1|Basculegion, L50, M|
|poke|p1|Sneasler, L50, F|
|poke|p1|Whimsicott, L50, F|
|poke|p2|Raichu, L50, M|
|poke|p2|Basculegion, L50, M|
|poke|p2|Whimsicott, L50, F|
|poke|p2|Garchomp, L50, F|
|poke|p2|Gholdengo, L50|
|poke|p2|Floette-Eternal, L50, F|
|teampreview|4
|showteam|p1|Archaludon||Leftovers|Stamina|FlashCannon,DracoMeteor,ElectroShot,Protect|Modest||M|||50|]Dragonite||Dragoninite|Multiscale|DracoMeteor,HeatWave,Protect,Hurricane|Modest||F|||50|]Pelipper||SitrusBerry|Drizzle|Hurricane,Protect,MuddyWater,Tailwind|Modest||F|||50|]Basculegion||ChoiceScarf|Adaptability|IceFang,LastRespects,WaveCrash,FlipTurn|Adamant||M|||50|]Sneasler||WhiteHerb|Unburden|Uturn,CloseCombat,FakeOut,DireClaw|Adamant||F|||50|]Whimsicott||FocusSash|Prankster|Uturn,Tailwind,Encore,Moonblast|Modest||F|||50|
|showteam|p2|Raichu||RaichuniteY|LightningRod|ZapCannon,FocusBlast,FakeOut,Protect|Serious||M|||50|]Basculegion||MysticWater|Adaptability|Protect,WaveCrash,LastRespects,AquaJet|Serious||M|||50|]Whimsicott||FocusSash|Prankster|Protect,Moonblast,Tailwind,Encore|Serious||F|||50|]Garchomp||SitrusBerry|RoughSkin|RockSlide,StompingTantrum,DragonClaw,Protect|Serious||F|||50|]Gholdengo||LifeOrb|GoodasGold|Protect,MakeItRain,NastyPlot,ShadowBall|Modest|||||50|]Floette-Eternal||Floettite|FlowerVeil|Protect,LightofRuin,Moonblast,DazzlingGleam|Timid||F|||50|
|inactive|Battle timer is ON: inactive players will automatically lose when time's up. (requested by piyush ki jai ho)
|inactive|MYSEEMBENTON has 60 seconds left.
|
|t:|1782489045
|teamsize|p1|4
|teamsize|p2|4
|start
|switch|p1a: Whimsicott|Whimsicott, L50, F|100/100
|switch|p1b: Dragonite|Dragonite, L50, F|100/100
|switch|p2a: Whimsicott|Whimsicott, L50, F|100/100
|switch|p2b: Gholdengo|Gholdengo, L50|100/100
|turn|1
|
|t:|1782489068
|detailschange|p1b: Dragonite|Dragonite-Mega, L50, F
|-mega|p1b: Dragonite|Dragonite|Dragoninite
|move|p2a: Whimsicott|Tailwind|p2a: Whimsicott
|-sidestart|p2: piyush ki jai ho|move: Tailwind
|move|p2b: Gholdengo|Nasty Plot|p2b: Gholdengo
|-boost|p2b: Gholdengo|spa|2
|move|p1a: Whimsicott|Moonblast|p2a: Whimsicott
|-damage|p2a: Whimsicott|36/100
|move|p1b: Dragonite|Heat Wave|p2a: Whimsicott|[spread] p2a,p2b
|-supereffective|p2a: Whimsicott|1
|-supereffective|p2b: Gholdengo|1
|-damage|p2a: Whimsicott|0 fnt
|-damage|p2b: Gholdengo|34/100
|faint|p2a: Whimsicott
|
|upkeep
|
|t:|1782489083
|switch|p2a: Raichu|Raichu, L50, M|100/100
|turn|2
|
|t:|1782489102
|detailschange|p2a: Raichu|Raichu-Mega-Y, L50, M
|-mega|p2a: Raichu|Raichu|Raichunite Y
|move|p1b: Dragonite|Protect|p1b: Dragonite
|-singleturn|p1b: Dragonite|Protect
|move|p2a: Raichu|Fake Out|p1b: Dragonite
|-activate|p1b: Dragonite|move: Protect
|move|p1a: Whimsicott|Tailwind|p1a: Whimsicott
|-sidestart|p1: MYSEEMBENTON|move: Tailwind
|move|p2b: Gholdengo|Make It Rain|p1a: Whimsicott|[spread] p1a
|-activate|p1b: Dragonite|move: Protect
|-supereffective|p1a: Whimsicott|1
|-enditem|p1a: Whimsicott|Focus Sash
|-damage|p1a: Whimsicott|1/100
|-unboost|p2b: Gholdengo|spa|2
|-damage|p2b: Gholdengo|25/100|[from] item: Life Orb
|
|upkeep
|turn|3
|
|t:|1782489125
|move|p1a: Whimsicott|Encore|p2a: Raichu
|-start|p2a: Raichu|Encore
|move|p2a: Raichu|Fake Out||[still]
|-hint|Fake Out only works on your first turn out.
|-fail|p2a: Raichu
|move|p1b: Dragonite|Heat Wave|p2b: Gholdengo|[spread] p2a,p2b
|-supereffective|p2b: Gholdengo|1
|-damage|p2a: Raichu|56/100
|-damage|p2b: Gholdengo|0 fnt
|-status|p2a: Raichu|brn
|faint|p2b: Gholdengo
|
|-damage|p2a: Raichu|50/100g brn|[from] brn
|upkeep
|
|t:|1782489133
|switch|p2b: Garchomp|Garchomp, L50, F|100/100
|turn|4
|
|t:|1782489141
|-activate|p2a: Raichu|move: Struggle
|move|p2a: Raichu|Struggle|p1b: Dragonite
|-damage|p1b: Dragonite|97/100
|-damage|p2a: Raichu|25/100 brn|[from] recoil
|move|p1a: Whimsicott|Moonblast|p2b: Garchomp
|-supereffective|p2b: Garchomp|1
|-damage|p2b: Garchomp|22/100
|-enditem|p2b: Garchomp|Sitrus Berry|[eat]
|-heal|p2b: Garchomp|47/100|[from] item: Sitrus Berry
|move|p2b: Garchomp|Rock Slide|p1a: Whimsicott|[spread] p1a,p1b
|-supereffective|p1b: Dragonite|1
|-damage|p1a: Whimsicott|0 fnt
|-damage|p1b: Dragonite|65/100
|faint|p1a: Whimsicott
|cant|p1b: Dragonite|flinch
|
|-damage|p2a: Raichu|19/100 brn|[from] brn
|-sideend|p2: piyush ki jai ho|move: Tailwind
|upkeep
|inactive|MYSEEMBENTON has 30 seconds left.
|
|t:|1782489174
|switch|p1a: Sneasler|Sneasler, L50, F|100/100
|turn|5
|
|t:|1782489183
|move|p2b: Garchomp|Protect|p2b: Garchomp
|-singleturn|p2b: Garchomp|Protect
|move|p1a: Sneasler|Fake Out|p2b: Garchomp
|-activate|p2b: Garchomp|move: Protect
|move|p1b: Dragonite|Draco Meteor|p2a: Raichu
|-damage|p2a: Raichu|0 fnt
|-unboost|p1b: Dragonite|spa|2
|faint|p2a: Raichu
|
|-sideend|p1: MYSEEMBENTON|move: Tailwind
|upkeep
|turn|6
|
|t:|1782489197
|move|p1a: Sneasler|Close Combat|p2b: Garchomp
|-damage|p2b: Garchomp|0 fnt
|-unboost|p1a: Sneasler|def|1
|-unboost|p1a: Sneasler|spd|1
|-damage|p1a: Sneasler|87/100|[from] ability: Rough Skin|[of] p2b: Garchomp
|faint|p2b: Garchomp
|
|win|MYSEEMBENTON
