|j|☆teyvgc
|j|☆Troutlegs
|html|teyvgcTroutlegs    
|uhtml|bestof|Game 1 of a best-of-3
|t:|1757194641
|gametype|doubles
|player|p1|teyvgc|benga|1190
|player|p2|Troutlegs|workerice|1084
|gen|9
|tier|[Gen 9] VGC 2025 Reg H (Bo3)
|rated|
|rule|Species Clause: Limit one of each Pokémon
|rule|Item Clause: Limit 1 of each item
|clearpoke
|poke|p1|Gholdengo, L50|
|poke|p1|Dragonite, L50, F|
|poke|p1|Sneasler, L50, F|
|poke|p1|Incineroar, L50, M|
|poke|p1|Indeedee, L50, M|
|poke|p1|Ninetales-Alola, L50, M|
|poke|p2|Tyranitar, L50, F|
|poke|p2|Excadrill, L50, M|
|poke|p2|Clefairy, L50, F|
|poke|p2|Dragonite, L50, F|
|poke|p2|Gholdengo, L50|
|poke|p2|Electrode-Hisui, L50|
|teampreview|4
|showteam|p1|Gholdengo||LifeOrb|GoodasGold|Protect,MakeItRain,ShadowBall,NastyPlot||||||50|,,,,,Water]Dragonite||LoadedDice|Multiscale|ScaleShot,Tailwind,Haze,Protect|||F|||50|,,,,,Fairy]Sneasler||PsychicSeed|Unburden|Protect,DireClaw,CloseCombat,ThroatChop|||F|||50|,,,,,Dark]Incineroar||SafetyGoggles|Intimidate|KnockOff,PartingShot,FlareBlitz,FakeOut|||M|||50|,,,,,Ghost]Indeedee||ChoiceScarf|PsychicSurge|Protect,Trick,TeraBlast,ExpandingForce|||M|||50|,,,,,Psychic]Ninetales-Alola||FocusSash|SnowWarning|Blizzard,IcyWind,Encore,AuroraVeil|||M|||50|,,,,,Ghost
|showteam|p2|Tyranitar||ChoiceBand|SandStream|Crunch,RockSlide,TeraBlast,LowKick|||F|||50|,,,,,Flying]Excadrill||ClearAmulet|SandRush|HighHorsepower,IronHead,RockSlide,Protect|||M|||50|,,,,,Ghost]Clefairy||Eviolite|FriendGuard|FollowMe,AfterYou,HelpingHand,Moonblast|||F|||50|,,,,,Water]Dragonite||LoadedDice|InnerFocus|Tailwind,ScaleShot,ExtremeSpeed,Haze|||F|||50|,,,,,Normal]Gholdengo||ChoiceScarf|GoodasGold|MakeItRain,ShadowBall,Thunderbolt,Trick||||||50|,,,,,Steel]Electrode-Hisui||FocusSash|Static|Electroweb,EnergyBall,Taunt,Protect||||||50|,,,,,Ghost
|inactive|Battle timer is ON: inactive players will automatically lose when time's up. (requested by Troutlegs)
|inactive|Troutlegs has 60 seconds left.
|inactive|teyvgc has 60 seconds left.
|
|t:|1757194694
|teamsize|p1|4
|teamsize|p2|4
|start
|switch|p1a: Incineroar|Incineroar, L50, M|100/100
|switch|p1b: Sneasler|Sneasler, L50, F|100/100
|switch|p2a: Tyranitar|Tyranitar, L50, F|100/100
|switch|p2b: Excadrill|Excadrill, L50, M|100/100
|-weather|Sandstorm|[from] ability: Sand Stream|[of] p2a: Tyranitar
|-ability|p1a: Incineroar|Intimidate|boost
|-unboost|p2a: Tyranitar|atk|1
|-fail|p2b: Excadrill|unboost|[from] item: Clear Amulet|[of] p2b: Excadrill
|turn|1
|inactive|teyvgc has 30 seconds left.
|inactive|teyvgc has 20 seconds left.
|inactive|teyvgc has 15 seconds left.
|
|t:|1757194735
|switch|p1b: Ninetales|Ninetales-Alola, L50, M|100/100
|-weather|Snowscape|[from] ability: Snow Warning|[of] p1b: Ninetales
|switch|p2a: Clefairy|Clefairy, L50, F|100/100
|move|p2b: Excadrill|Protect|p2b: Excadrill
|-singleturn|p2b: Excadrill|Protect
|move|p1a: Incineroar|Knock Off|p2b: Excadrill
|-activate|p2b: Excadrill|move: Protect
|
|-weather|Snowscape|[upkeep]
|upkeep
|turn|2
|inactive|teyvgc has 30 seconds left.
|inactive|Troutlegs has 30 seconds left.
|inactive|teyvgc has 20 seconds left.
|inactive|teyvgc has 15 seconds left.
|inactive|teyvgc has 10 seconds left.
|inactive|teyvgc has 5 seconds left.
|
|t:|1757194786
|switch|p1b: Sneasler|Sneasler, L50, F|100/100
|switch|p2a: Tyranitar|Tyranitar, L50, F|100/100
|-weather|Sandstorm|[from] ability: Sand Stream|[of] p2a: Tyranitar
|move|p2b: Excadrill|Iron Head|p1b: Sneasler
|-damage|p1b: Sneasler|17/100
|move|p1a: Incineroar|Knock Off|p2b: Excadrill
|-damage|p2b: Excadrill|44/100
|-enditem|p2b: Excadrill|Clear Amulet|[from] move: Knock Off|[of] p1a: Incineroar
|
|-weather|Sandstorm|[upkeep]
|-damage|p1b: Sneasler|11/100|[from] Sandstorm
|upkeep
|turn|3
|inactive|Troutlegs has 30 seconds left.
|inactive|teyvgc has 30 seconds left.
|
|t:|1757194822
|switch|p2a: Dragonite|Dragonite, L50, F|100/100
|switch|p1a: Ninetales|Ninetales-Alola, L50, M|100/100
|-weather|Snowscape|[from] ability: Snow Warning|[of] p1a: Ninetales
|move|p2b: Excadrill|Protect|p2b: Excadrill
|-singleturn|p2b: Excadrill|Protect
|move|p1b: Sneasler|Close Combat|p2a: Dragonite
|-resisted|p2a: Dragonite
|-damage|p2a: Dragonite|66/100
|-unboost|p1b: Sneasler|def|1
|-unboost|p1b: Sneasler|spd|1
|
|-weather|Snowscape|[upkeep]
|upkeep
|turn|4
|
|t:|1757194846
|switch|p1a: Indeedee|Indeedee, L50, M|100/100
|-fieldstart|move: Psychic Terrain|[from] ability: Psychic Surge|[of] p1a: Indeedee
|-enditem|p1b: Sneasler|Psychic Seed
|-boost|p1b: Sneasler|spd|1|[from] item: Psychic Seed
|move|p2a: Dragonite|Extreme Speed|p1b: Sneasler
|-activate|p1b: Sneasler|move: Psychic Terrain
|move|p1b: Sneasler|Close Combat|p2b: Excadrill
|-supereffective|p2b: Excadrill
|-damage|p2b: Excadrill|0 fnt
|-unboost|p1b: Sneasler|def|1
|-unboost|p1b: Sneasler|spd|1
|faint|p2b: Excadrill
|
|-weather|Snowscape|[upkeep]
|upkeep
|
|t:|1757194856
|switch|p2b: Clefairy|Clefairy, L50, F|100/100
|turn|5
|
|t:|1757194873
|switch|p1b: Incineroar|Incineroar, L50, M|100/100
|-ability|p1b: Incineroar|Intimidate|boost
|-fail|p2a: Dragonite|unboost|Attack|[from] ability: Inner Focus|[of] p2a: Dragonite
|-unboost|p2b: Clefairy|atk|1
|move|p1a: Indeedee|Expanding Force|p2b: Clefairy|[spread] p2a,p2b
|-damage|p2a: Dragonite|20/100
|-damage|p2b: Clefairy|56/100
|move|p2a: Dragonite|Tailwind|p2a: Dragonite
|-sidestart|p2: Troutlegs|move: Tailwind
|move|p2b: Clefairy|Moonblast|p1b: Incineroar
|-damage|p1b: Incineroar|84/100
|
|-weather|Snowscape|[upkeep]
|upkeep
|turn|6
|inactive|teyvgc has 30 seconds left.
|
|t:|1757194899
|switch|p1a: Ninetales|Ninetales-Alola, L50, M|100/100
|move|p2b: Clefairy|Helping Hand|p2a: Dragonite
|-singleturn|p2a: Dragonite|Helping Hand|[of] p2b: Clefairy
|move|p2a: Dragonite|Scale Shot|p1a: Ninetales
|-immune|p1a: Ninetales
|move|p1b: Incineroar|Knock Off|p2a: Dragonite
|-damage|p2a: Dragonite|0 fnt
|-enditem|p2a: Dragonite|Loaded Dice|[from] move: Knock Off|[of] p1b: Incineroar
|faint|p2a: Dragonite
|
|-weather|Snowscape|[upkeep]
|upkeep
|
|t:|1757194907
|switch|p2a: Tyranitar|Tyranitar, L50, F|100/100
|-weather|Sandstorm|[from] ability: Sand Stream|[of] p2a: Tyranitar
|turn|7
|
|t:|1757194931
|switch|p1a: Indeedee|Indeedee, L50, M|100/100
|move|p2b: Clefairy|Helping Hand|p2a: Tyranitar
|-singleturn|p2a: Tyranitar|Helping Hand|[of] p2b: Clefairy
|move|p2a: Tyranitar|Rock Slide|p1b: Incineroar|[spread] p1b
|-miss|p2a: Tyranitar|p1a: Indeedee
|-supereffective|p1b: Incineroar
|-damage|p1b: Incineroar|0 fnt
|faint|p1b: Incineroar
|
|-weather|Sandstorm|[upkeep]
|-damage|p1a: Indeedee|95/100|[from] Sandstorm
|-damage|p2b: Clefairy|50/100|[from] Sandstorm
|upkeep
|inactive|teyvgc has 30 seconds left.
|inactive|teyvgc has 20 seconds left.
|
|t:|1757194966
|switch|p1b: Ninetales|Ninetales-Alola, L50, M|100/100
|-weather|Snowscape|[from] ability: Snow Warning|[of] p1b: Ninetales
|turn|8
|
|t:|1757194985
|move|p2b: Clefairy|Helping Hand|p2a: Tyranitar
|-singleturn|p2a: Tyranitar|Helping Hand|[of] p2b: Clefairy
|move|p1a: Indeedee|Expanding Force|p2a: Tyranitar|[spread] p2b
|-immune|p2a: Tyranitar
|-damage|p2b: Clefairy|6/100
|move|p2a: Tyranitar|Rock Slide|p1a: Indeedee|[spread] p1a,p1b
|-supereffective|p1b: Ninetales
|-damage|p1a: Indeedee|0 fnt
|-enditem|p1b: Ninetales|Focus Sash
|-damage|p1b: Ninetales|1/100
|faint|p1a: Indeedee
|move|p1b: Ninetales|Blizzard|p2a: Tyranitar|[spread] p2a,p2b
|-damage|p2a: Tyranitar|80/100
|-damage|p2b: Clefairy|0 fnt
|faint|p2b: Clefairy
|
|-weather|Snowscape|[upkeep]
|-sideend|p2: Troutlegs|move: Tailwind
|-fieldend|move: Psychic Terrain
|upkeep
|
|t:|1757195002
|switch|p1a: Sneasler|Sneasler, L50, F|11/100
|turn|9
|
|t:|1757195017
|-terastallize|p2a: Tyranitar|Flying
|move|p1a: Sneasler|Close Combat|p2a: Tyranitar
|-resisted|p2a: Tyranitar
|-damage|p2a: Tyranitar|52/100
|-unboost|p1a: Sneasler|def|1
|-unboost|p1a: Sneasler|spd|1
|move|p1b: Ninetales|Blizzard|p2a: Tyranitar
|-supereffective|p2a: Tyranitar
|-damage|p2a: Tyranitar|0 fnt
|faint|p2a: Tyranitar
|
|win|teyvgc
