|j|☆D3rb
|j|☆NoitUK_VGC
|html|D3rbNoitUK_VGC    
|uhtml|bestof|Game 1 of a best-of-3
|t:|1783849160
|gametype|doubles
|player|p1|D3rb|clair|1000
|player|p2|NoitUK_VGC|102|1083
|gen|9
|tier|[Gen 9 Champions] VGC 2026 Reg M-B (Bo3)
|rated|
|rule|Species Clause: Limit one of each Pokémon
|rule|Item Clause: Limit 1 of each item
|clearpoke
|poke|p1|Mawile, L50, F|
|poke|p1|Charizard, L50, M|
|poke|p1|Arcanine-Hisui, L50, M|
|poke|p1|Sinistcha, L50|
|poke|p1|Rotom-Wash, L50|
|poke|p1|Kingambit, L50, M|
|poke|p2|Archaludon, L50, F|
|poke|p2|Swampert, L50, F|
|poke|p2|Pelipper, L50, M|
|poke|p2|Raichu, L50, F|
|poke|p2|Sableye, L50, F|
|poke|p2|Kingambit, L50, M|
|teampreview|4
|showteam|p1|Mawile||Mawilite|Intimidate|PlayRough,IronHead,RockSlide,Protect|Brave||F|||50|]Charizard||CharizarditeY|SolarPower|HeatWave,SolarBeam,WeatherBall,Protect|Timid||M|||50|]Arcanine-Hisui||FocusSash|RockHead|HeadSmash,FlareBlitz,ExtremeSpeed,Protect|Adamant||M|||50|]Sinistcha||KasibBerry|Hospitality|MatchaGotcha,RagePowder,TrickRoom,Protect|Modest|||||50|]Rotom-Wash||RindoBerry|Levitate|HydroPump,VoltSwitch,WillOWisp,Protect|Quiet|||||50|]Kingambit||ChopleBerry|Defiant|KowtowCleave,SuckerPunch,IronHead,Protect|Calm||M|||50|
|showteam|p2|Archaludon||Leftovers|Stamina|Protect,ElectroShot,FlashCannon,DragonPulse|Modest||F|||50|]Swampert||Swampertite|Torrent|Protect,WaveCrash,Earthquake,IcePunch|Adamant||F|||50|]Pelipper||SitrusBerry|Drizzle|WideGuard,WeatherBall,Hurricane,Tailwind|Bold||M|||50|]Raichu||RaichuniteX|LightningRod|FakeOut,VoltTackle,VoltSwitch,PlayRough|Hasty||F|||50|]Sableye||RoseliBerry|Prankster|Encore,Disable,WillOWisp,RainDance|Relaxed||F|||50|]Kingambit||ChopleBerry|Defiant|KowtowCleave,SuckerPunch,IronHead,LowKick|Adamant||M|||50|
|
|t:|1783849198
|teamsize|p1|4
|teamsize|p2|4
|start
|switch|p1a: Charizard|Charizard, L50, M|100/100
|switch|p1b: Rotom|Rotom-Wash, L50|100/100
|switch|p2a: Raichu|Raichu, L50, F|100/100
|switch|p2b: Archaludon|Archaludon, L50, F|100/100
|turn|1
|inactive|Battle timer is ON: inactive players will automatically lose when time's up. (requested by NoitUK_VGC)
|
|t:|1783849227
|detailschange|p2a: Raichu|Raichu-Mega-X, L50, F
|-mega|p2a: Raichu|Raichu|Raichunite X
|-fieldstart|move: Electric Terrain|[from] ability: Electric Surge|[of] p2a: Raichu
|move|p1a: Charizard|Protect|p1a: Charizard
|-singleturn|p1a: Charizard|Protect
|move|p2a: Raichu|Volt Switch|p2b: Archaludon
|-resisted|p2b: Archaludon|1
|-damage|p2b: Archaludon|81/100
|-ability|p2b: Archaludon|Stamina|boost
|-boost|p2b: Archaludon|def|1
|
|t:|1783849237
|switch|p2a: Sableye|Sableye, L50, F|100/100|[from] Volt Switch
|move|p2b: Archaludon|Electro Shot||[still]
|-prepare|p2b: Archaludon|Electro Shot
|-boost|p2b: Archaludon|spa|1
|move|p1b: Rotom|Will-O-Wisp|p2b: Archaludon
|-status|p2b: Archaludon|brn
|
|-heal|p2b: Archaludon|87/100 brn|[from] item: Leftovers
|-damage|p2b: Archaludon|81/100 brn|[from] brn
|upkeep
|turn|2
|inactive|D3rb has 30 seconds left.
|
|t:|1783849270
|switch|p1a: Arcanine|Arcanine-Hisui, L50, M|100/100
|move|p2a: Sableye|Rain Dance|p2a: Sableye
|-weather|RainDance
|move|p2b: Archaludon|Electro Shot|p1a: Arcanine|[from] lockedmove
|-crit|p1a: Arcanine
|-enditem|p1a: Arcanine|Focus Sash
|-damage|p1a: Arcanine|1/100
|move|p1b: Rotom|Volt Switch|p2a: Sableye
|-damage|p2a: Sableye|54/100
|
|t:|1783849281
|switch|p1b: Sinistcha|Sinistcha, L50|100/100|[from] Volt Switch
|-heal|p1a: Arcanine|25/100|[from] ability: Hospitality|[of] p1b: Sinistcha
|
|-weather|RainDance|[upkeep]
|-heal|p2b: Archaludon|87/100 brn|[from] item: Leftovers
|-damage|p2b: Archaludon|81/100 brn|[from] brn
|upkeep
|turn|3
|inactive|D3rb has 30 seconds left.
|inactive|NoitUK_VGC has 30 seconds left.
|
|t:|1783849321
|switch|p2a: Raichu|Raichu-Mega-X, L50, F|100/100
|move|p1b: Sinistcha|Rage Powder|p1b: Sinistcha
|-singleturn|p1b: Sinistcha|move: Rage Powder
|move|p1a: Arcanine|Head Smash|p2a: Raichu
|-damage|p2a: Raichu|0 fnt
|faint|p2a: Raichu
|move|p2b: Archaludon|Electro Shot||[still]
|-prepare|p2b: Archaludon|Electro Shot
|-boost|p2b: Archaludon|spa|1
|-anim|p2b: Archaludon|Electro Shot|p1b: Sinistcha
|-resisted|p1b: Sinistcha|1
|-damage|p1b: Sinistcha|35/100
|
|-weather|RainDance|[upkeep]
|-heal|p2b: Archaludon|87/100 brn|[from] item: Leftovers
|-damage|p2b: Archaludon|81/100 brn|[from] brn
|upkeep
|
|t:|1783849336
|switch|p2a: Sableye|Sableye, L50, F|54/100
|turn|4
|
|t:|1783849342
|move|p1a: Arcanine|Protect|p1a: Arcanine
|-singleturn|p1a: Arcanine|Protect
|move|p2b: Archaludon|Protect|p2b: Archaludon
|-singleturn|p2b: Archaludon|Protect
|move|p1b: Sinistcha|Protect|p1b: Sinistcha
|-singleturn|p1b: Sinistcha|Protect
|move|p2a: Sableye|Disable|p1b: Sinistcha
|-activate|p1b: Sinistcha|move: Protect
|
|-weather|RainDance|[upkeep]
|-heal|p2b: Archaludon|87/100 brn|[from] item: Leftovers
|-damage|p2b: Archaludon|81/100 brn|[from] brn
|upkeep
|turn|5
|inactive|D3rb has 30 seconds left.
|
|t:|1783849376
|move|p1b: Sinistcha|Rage Powder|p1b: Sinistcha
|-singleturn|p1b: Sinistcha|move: Rage Powder
|move|p2a: Sableye|Encore|p1b: Sinistcha
|-start|p1b: Sinistcha|Encore
|move|p1a: Arcanine|Head Smash|p2a: Sableye
|-damage|p2a: Sableye|0 fnt
|faint|p2a: Sableye
|move|p2b: Archaludon|Dragon Pulse|p1b: Sinistcha
|-damage|p1b: Sinistcha|0 fnt
|faint|p1b: Sinistcha
|
|-weather|RainDance|[upkeep]
|-heal|p2b: Archaludon|87/100 brn|[from] item: Leftovers
|-damage|p2b: Archaludon|81/100 brn|[from] brn
|-fieldend|move: Electric Terrain
|upkeep
|
|t:|1783849391
|switch|p1b: Charizard|Charizard, L50, M|100/100
|switch|p2a: Pelipper|Pelipper, L50, M|100/100
|turn|6
|
|t:|1783849404
|detailschange|p1b: Charizard|Charizard-Mega-Y, L50, M
|-mega|p1b: Charizard|Charizard|Charizardite Y
|-weather|SunnyDay|[from] ability: Drought|[of] p1b: Charizard
|move|p1b: Charizard|Heat Wave|p2b: Archaludon|[spread] p2a,p2b
|-resisted|p2a: Pelipper|1
|-crit|p2a: Pelipper
|-damage|p2a: Pelipper|47/100
|-damage|p2b: Archaludon|13/100 brn
|-ability|p2b: Archaludon|Stamina|boost
|-boost|p2b: Archaludon|def|1
|-enditem|p2a: Pelipper|Sitrus Berry|[eat]
|-heal|p2a: Pelipper|72/100|[from] item: Sitrus Berry
|move|p1a: Arcanine|Head Smash|p2a: Pelipper
|-supereffective|p2a: Pelipper|1
|-damage|p2a: Pelipper|0 fnt
|faint|p2a: Pelipper
|move|p2b: Archaludon|Dragon Pulse|p1b: Charizard
|-crit|p1b: Charizard
|-damage|p1b: Charizard|0 fnt
|faint|p1b: Charizard
|
|-weather|SunnyDay|[upkeep]
|-heal|p2b: Archaludon|19/100 brn|[from] item: Leftovers
|-damage|p2b: Archaludon|13/100 brn|[from] brn
|upkeep
|
|t:|1783849423
|switch|p1b: Rotom|Rotom-Wash, L50|100/100
|turn|7
|inactive|D3rb has 30 seconds left.
|
|t:|1783849449
|move|p1a: Arcanine|Flare Blitz|p2b: Archaludon
|-crit|p2b: Archaludon
|-damage|p2b: Archaludon|0 fnt
|faint|p2b: Archaludon
|
|win|D3rb
|l|☆D3rb
|player|p1|
||NoitUK_VGC is ready for game 2.
|inactive|D3rb has 30 seconds to confirm battle start!
||D3rb is ready for game 2.
|uhtml|next|Next: Game 2 of 3
