|j|☆Roadto15oo
|j|☆Dr Gaster PHD
|html|Roadto15ooDr Gaster PHD    
|uhtml|bestof|Game 3 of a best-of-3
|t:|1783938971
|gametype|doubles
|player|p1|Roadto15oo|#bdplxmausholds|
|player|p2|Dr Gaster PHD|ghetsis|
|gen|9
|tier|[Gen 9 Champions] VGC 2026 Reg M-B (Bo3)
|rule|Species Clause: Limit one of each Pokémon
|rule|Item Clause: Limit 1 of each item
|clearpoke
|poke|p1|Charizard, L50, M|
|poke|p1|Garchomp, L50, F|
|poke|p1|Whimsicott, L50, M|
|poke|p1|Basculegion, L50, M|
|poke|p1|Kingambit, L50, F|
|poke|p1|Floette-Eternal, L50, F|
|poke|p2|Staraptor, L50, M|
|poke|p2|Metagross, L50|
|poke|p2|Farigiraf, L50, M|
|poke|p2|Whimsicott, L50, M|
|poke|p2|Garchomp, L50, F|
|poke|p2|Ceruledge, L50, F|
|teampreview|4
|showteam|p1|Charizard||CharizarditeY|Blaze|HeatWave,WeatherBall,SolarBeam,Protect|Modest||M|||50|]Garchomp||SitrusBerry|RoughSkin|DragonTail,StompingTantrum,RockSlide,PoisonJab|Adamant||F|||50|]Whimsicott||FocusSash|Prankster|Tailwind,Moonblast,Encore,Protect|Timid||M|||50|]Basculegion||ChoiceScarf|Adaptability|WaveCrash,LastRespects,AquaJet,FlipTurn|Jolly||M|||50|]Kingambit||LifeOrb|Defiant|KowtowCleave,IronHead,SuckerPunch,LowKick|Adamant||F|||50|]Floette-Eternal||Floettite|FlowerVeil|DazzlingGleam,Moonblast,LightofRuin,Protect|Modest||F|||50|
|showteam|p2|Staraptor||Staraptite|Intimidate|Protect,CloseCombat,BraveBird,Roost|Jolly||M|||50|]Metagross||Metagrossite|ClearBody|Protect,IronHead,PsychicFangs,StompingTantrum|Adamant|||||50|]Farigiraf||SitrusBerry|ArmorTail|Psychic,Thunderbolt,HelpingHand,TrickRoom|Serious||M|||50|]Whimsicott||FocusSash|Prankster|Tailwind,Charm,Encore,Moonblast|Timid||M|||50|]Garchomp||LifeOrb|RoughSkin|Protect,StompingTantrum,DragonClaw,RockSlide|Jolly||F|||50|]Ceruledge||ColburBerry|FlashFire|Protect,BitterBlade,ShadowSneak,BulkUp|Adamant||F|||50|
|inactive|Battle timer is ON: inactive players will automatically lose when time's up. (requested by Roadto15oo)
|c|☆Dr Gaster PHD|nail biter
|c|☆Roadto15oo|xd
|inactive|Roadto15oo has 60 seconds left.
|inactive|Dr Gaster PHD has 60 seconds left.
|
|t:|1783939030
|teamsize|p1|4
|teamsize|p2|4
|start
|switch|p1a: Floette|Floette-Eternal, L50, F|100/100
|switch|p1b: Whimsicott|Whimsicott, L50, M|100/100
|switch|p2a: Garchomp|Garchomp, L50, F|100/100
|switch|p2b: Metagross|Metagross, L50|100/100
|turn|1
|c|☆Dr Gaster PHD|gotcha
|
|t:|1783939048
|detailschange|p2b: Metagross|Metagross-Mega, L50
|-mega|p2b: Metagross|Metagross|Metagrossite
|move|p1a: Floette|Protect|p1a: Floette
|-singleturn|p1a: Floette|Protect
|move|p1b: Whimsicott|Moonblast|p2a: Garchomp
|-supereffective|p2a: Garchomp|1
|-damage|p2a: Garchomp|18/100
|move|p2a: Garchomp|Rock Slide|p1a: Floette|[spread] p1b
|-activate|p1a: Floette|move: Protect
|-damage|p1b: Whimsicott|63/100
|-damage|p2a: Garchomp|9/100|[from] item: Life Orb
|move|p2b: Metagross|Iron Head|p1a: Floette
|-activate|p1a: Floette|move: Protect
|
|upkeep
|turn|2
|
|t:|1783939066
|switch|p1a: Garchomp|Garchomp, L50, F|100/100
|move|p1b: Whimsicott|Tailwind|p1b: Whimsicott
|-sidestart|p1: Roadto15oo|move: Tailwind
|move|p2a: Garchomp|Rock Slide|p1b: Whimsicott|[spread] p1a,p1b
|-resisted|p1a: Garchomp|1
|-damage|p1a: Garchomp|89/100
|-damage|p1b: Whimsicott|28/100
|-damage|p2a: Garchomp|0 fnt|[from] item: Life Orb
|faint|p2a: Garchomp
|move|p2b: Metagross|Iron Head|p1a: Garchomp
|-damage|p1a: Garchomp|39/100
|-damage|p2b: Metagross|87/100|[from] ability: Rough Skin|[of] p1a: Garchomp
|-enditem|p1a: Garchomp|Sitrus Berry|[eat]
|-heal|p1a: Garchomp|64/100|[from] item: Sitrus Berry
|
|upkeep
|
|t:|1783939074
|switch|p2a: Whimsicott|Whimsicott, L50, M|100/100
|turn|3
|
|t:|1783939096
|move|p2b: Metagross|Protect|p2b: Metagross
|-singleturn|p2b: Metagross|Protect
|move|p2a: Whimsicott|Tailwind|p2a: Whimsicott
|-sidestart|p2: Dr Gaster PHD|move: Tailwind
|move|p1b: Whimsicott|Moonblast|p2a: Whimsicott
|-damage|p2a: Whimsicott|46/100
|move|p1a: Garchomp|Poison Jab|p2a: Whimsicott
|-supereffective|p2a: Whimsicott|2
|-damage|p2a: Whimsicott|0 fnt
|faint|p2a: Whimsicott
|
|upkeep
|
|t:|1783939100
|switch|p2a: Ceruledge|Ceruledge, L50, F|100/100
|turn|4
|inactive|Dr Gaster PHD has 30 seconds left.
|
|t:|1783939126
|move|p2a: Ceruledge|Shadow Sneak|p1b: Whimsicott
|-damage|p1b: Whimsicott|0 fnt
|faint|p1b: Whimsicott
|move|p2b: Metagross|Psychic Fangs|p1a: Garchomp
|-damage|p1a: Garchomp|12/100
|-damage|p2b: Metagross|75/100|[from] ability: Rough Skin|[of] p1a: Garchomp
|move|p1a: Garchomp|Stomping Tantrum|p2b: Metagross
|-supereffective|p2b: Metagross|1
|-damage|p2b: Metagross|14/100
|
|upkeep
|
|t:|1783939137
|switch|p1b: Basculegion|Basculegion, L50, M|100/100
|turn|5
|
|t:|1783939151
|move|p2b: Metagross|Protect|p2b: Metagross
|-singleturn|p2b: Metagross|Protect
|move|p2a: Ceruledge|Protect|p2a: Ceruledge
|-singleturn|p2a: Ceruledge|Protect
|move|p1b: Basculegion|Last Respects|p2b: Metagross
|-activate|p2b: Metagross|move: Protect
|move|p1a: Garchomp|Stomping Tantrum|p2a: Ceruledge
|-activate|p2a: Ceruledge|move: Protect
|
|-sideend|p1: Roadto15oo|move: Tailwind
|upkeep
|turn|6
|inactive|Roadto15oo has 30 seconds left.
|inactive|Dr Gaster PHD has 30 seconds left.
|inactive|Roadto15oo has 20 seconds left.
|inactive|Dr Gaster PHD has 20 seconds left.
|inactive|Roadto15oo has 15 seconds left.
|inactive|Dr Gaster PHD has 15 seconds left.
|inactive|Roadto15oo has 10 seconds left.
|inactive|Dr Gaster PHD has 10 seconds left.
|
|t:|1783939199
|move|p2a: Ceruledge|Shadow Sneak|p1a: Garchomp
|-damage|p1a: Garchomp|0 fnt
|-damage|p2a: Ceruledge|87/100|[from] ability: Rough Skin|[of] p1a: Garchomp
|faint|p1a: Garchomp
|move|p2b: Metagross|Psychic Fangs|p1b: Basculegion
|-damage|p1b: Basculegion|22/100
|move|p1b: Basculegion|Last Respects|p2a: Ceruledge
|-supereffective|p2a: Ceruledge|1
|-damage|p2a: Ceruledge|0 fnt
|faint|p2a: Ceruledge
|
|-sideend|p2: Dr Gaster PHD|move: Tailwind
|upkeep
|j| quinnvgc
|
|t:|1783939205
|switch|p1a: Floette|Floette-Eternal, L50, F|100/100
|turn|7
|c|☆Dr Gaster PHD|damn gg
|
|t:|1783939213
|detailschange|p1a: Floette|Floette-Mega, L50, F
|-mega|p1a: Floette|Floette|Floettite
|-ability|p1a: Floette|Fairy Aura
|move|p2b: Metagross|Protect|p2b: Metagross
|-singleturn|p2b: Metagross|Protect
|move|p1b: Basculegion|Last Respects|p2b: Metagross
|-activate|p2b: Metagross|move: Protect
|move|p1a: Floette|Moonblast|p2b: Metagross
|-activate|p2b: Metagross|move: Protect
|
|upkeep
|turn|8
|
|t:|1783939222
|move|p1b: Basculegion|Last Respects|p2b: Metagross
|-supereffective|p2b: Metagross|1
|-crit|p2b: Metagross
|-damage|p2b: Metagross|0 fnt
|faint|p2b: Metagross
|
|win|Roadto15oo
|c|☆Roadto15oo|gg
