|j|☆Z4RDEL
|j|☆PRLT1 Jurrasicz
|html|Z4RDELPRLT1 Jurrasicz    
|uhtml|bestof|Game 1 of a best-of-3
|t:|1783827964
|gametype|doubles
|player|p1|Z4RDEL|miku-fire|1328
|player|p2|PRLT1 Jurrasicz|pokemaniac|1330
|gen|9
|tier|[Gen 9 Champions] VGC 2026 Reg M-B (Bo3)
|rated|
|rule|Species Clause: Limit one of each Pokémon
|rule|Item Clause: Limit 1 of each item
|clearpoke
|poke|p1|Metagross, L50|
|poke|p1|Kleavor, L50, M|
|poke|p1|Archaludon, L50, M|
|poke|p1|Sinistcha-Masterpiece, L50|
|poke|p1|Glimmora, L50, F|
|poke|p1|Floette-Eternal, L50, F|
|poke|p2|Charizard, L50, M|
|poke|p2|Whimsicott, L50, M|
|poke|p2|Floette-Eternal, L50, F|
|poke|p2|Basculegion, L50, M|
|poke|p2|Garchomp, L50, F|
|poke|p2|Kingambit, L50, F, shiny|
|teampreview|4
|showteam|p1|Metagross||Metagrossite|ClearBody|PsychicFangs,IronHead,Protect,IcePunch|Jolly|||||50|]Kleavor||ChoiceScarf|Sharpness|StoneAxe,Uturn,XScissor,RockSlide|Adamant||M|||50|]Archaludon||Leftovers|Stamina|ElectroShot,DragonPulse,FlashCannon,Protect|Timid||M|||50|]Sinistcha-Masterpiece||SitrusBerry|Hospitality|MatchaGotcha,LifeDew,RagePowder,TrickRoom|Relaxed|||||50|]Glimmora||FocusSash|ToxicDebris|PowerGem,EarthPower,MortalSpin,SpikyShield|Modest||F|||50|]Floette-Eternal||Floettite|FlowerVeil|Moonblast,DazzlingGleam,LightofRuin,Protect|Timid||F|||50|
|showteam|p2|Charizard||CharizarditeY|Blaze|HeatWave,SolarBeam,WeatherBall,Protect|Modest||M|||50|]Whimsicott||FocusSash|Prankster|Moonblast,Encore,Tailwind,Protect|Timid||M|||50|]Floette-Eternal||Floettite|FlowerVeil|Moonblast,DazzlingGleam,LightofRuin,Protect|Modest||F|||50|]Basculegion||MysticWater|Adaptability|WaveCrash,AquaJet,LastRespects,Protect|Adamant||M|||50|]Garchomp||LifeOrb|RoughSkin|DragonClaw,Earthquake,RockSlide,Protect|Adamant||F|||50|]Kingambit||OccaBerry|Defiant|KowtowCleave,SuckerPunch,IronHead,Protect|Adamant||F|||50|
|inactive|Battle timer is ON: inactive players will automatically lose when time's up. (requested by Z4RDEL)
|inactive|Z4RDEL has 60 seconds left.
|inactive|PRLT1 Jurrasicz has 60 seconds left.
|
|t:|1783828007
|teamsize|p1|4
|teamsize|p2|4
|start
|switch|p1a: Metagross|Metagross, L50|100/100
|switch|p1b: Kleavor|Kleavor, L50, M|100/100
|switch|p2a: Whimsicott|Whimsicott, L50, M|100/100
|switch|p2b: Basculegion|Basculegion, L50, M|100/100
|turn|1
|
|t:|1783828029
|switch|p1b: Archaludon|Archaludon, L50, M|100/100
|detailschange|p1a: Metagross|Metagross-Mega, L50
|-mega|p1a: Metagross|Metagross|Metagrossite
|move|p2a: Whimsicott|Tailwind|p2a: Whimsicott
|-sidestart|p2: PRLT1 Jurrasicz|move: Tailwind
|move|p2b: Basculegion|Wave Crash|p1b: Archaludon
|-resisted|p1b: Archaludon|1
|-damage|p1b: Archaludon|62/100
|-ability|p1b: Archaludon|Stamina|boost
|-boost|p1b: Archaludon|def|1
|-damage|p2b: Basculegion|89/100|[from] Recoil
|move|p1a: Metagross|Iron Head|p2a: Whimsicott
|-supereffective|p2a: Whimsicott|1
|-enditem|p2a: Whimsicott|Focus Sash
|-damage|p2a: Whimsicott|1/100
|
|-heal|p1b: Archaludon|68/100|[from] item: Leftovers
|upkeep
|turn|2
|inactive|Z4RDEL has 30 seconds left.
|inactive|Z4RDEL has 20 seconds left.
|
|t:|1783828066
|move|p1b: Archaludon|Protect|p1b: Archaludon
|-singleturn|p1b: Archaludon|Protect
|move|p2a: Whimsicott|Moonblast|p1b: Archaludon
|-activate|p1b: Archaludon|move: Protect
|move|p2b: Basculegion|Wave Crash|p1a: Metagross
|-damage|p1a: Metagross|31/100
|-damage|p2b: Basculegion|72/100|[from] Recoil
|move|p1a: Metagross|Ice Punch|p2a: Whimsicott
|-supereffective|p2a: Whimsicott|1
|-damage|p2a: Whimsicott|0 fnt
|faint|p2a: Whimsicott
|
|-heal|p1b: Archaludon|74/100|[from] item: Leftovers
|upkeep
|
|t:|1783828074
|switch|p2a: Charizard|Charizard, L50, M|100/100
|turn|3
|inactive|PRLT1 Jurrasicz has 30 seconds left.
|
|t:|1783828101
|detailschange|p2a: Charizard|Charizard-Mega-Y, L50, M
|-mega|p2a: Charizard|Charizard|Charizardite Y
|-weather|SunnyDay|[from] ability: Drought|[of] p2a: Charizard
|move|p1a: Metagross|Protect|p1a: Metagross
|-singleturn|p1a: Metagross|Protect
|move|p2a: Charizard|Heat Wave|p1b: Archaludon|[spread] p1b
|-activate|p1a: Metagross|move: Protect
|-damage|p1b: Archaludon|0 fnt
|faint|p1b: Archaludon
|move|p2b: Basculegion|Last Respects|p1a: Metagross
|-activate|p1a: Metagross|move: Protect
|
|-weather|SunnyDay|[upkeep]
|upkeep
|
|t:|1783828111
|switch|p1b: Kleavor|Kleavor, L50, M|100/100
|turn|4
|
|t:|1783828124
|switch|p2a: Garchomp|Garchomp, L50, F|100/100
|switch|p1a: Glimmora|Glimmora, L50, F|100/100
|move|p2b: Basculegion|Wave Crash|p1b: Kleavor
|-supereffective|p1b: Kleavor|1
|-damage|p1b: Kleavor|0 fnt
|faint|p1b: Kleavor
|-damage|p2b: Basculegion|48/100|[from] Recoil
|
|-weather|SunnyDay|[upkeep]
|-sideend|p2: PRLT1 Jurrasicz|move: Tailwind
|upkeep
|
|t:|1783828132
|switch|p1b: Metagross|Metagross-Mega, L50|31/100
|turn|5
|
|t:|1783828143
|move|p2b: Basculegion|Aqua Jet|p1a: Glimmora
|-supereffective|p1a: Glimmora|1
|-damage|p1a: Glimmora|64/100
|-activate|p1a: Glimmora|ability: Toxic Debris
|-sidestart|p2: PRLT1 Jurrasicz|move: Toxic Spikes
|move|p1b: Metagross|Ice Punch|p2a: Garchomp
|-supereffective|p2a: Garchomp|2
|-damage|p2a: Garchomp|0 fnt
|-damage|p1b: Metagross|19/100|[from] ability: Rough Skin|[of] p2a: Garchomp
|faint|p2a: Garchomp
|move|p1a: Glimmora|Power Gem|p2b: Basculegion
|-damage|p2b: Basculegion|6/100
|
|-weather|SunnyDay|[upkeep]
|upkeep
|
|t:|1783828152
|switch|p2a: Charizard|Charizard-Mega-Y, L50, M|100/100
|turn|6
|
|t:|1783828168
|move|p1b: Metagross|Protect|p1b: Metagross
|-singleturn|p1b: Metagross|Protect
|move|p1a: Glimmora|Spiky Shield|p1a: Glimmora
|-singleturn|p1a: Glimmora|move: Protect
|move|p2a: Charizard|Protect|p2a: Charizard
|-singleturn|p2a: Charizard|Protect
|move|p2b: Basculegion|Aqua Jet|p1a: Glimmora
|-activate|p1a: Glimmora|move: Protect
|-damage|p2b: Basculegion|0 fnt|[from] Spiky Shield|[of] p1a: Glimmora
|faint|p2b: Basculegion
|
|-weather|SunnyDay|[upkeep]
|upkeep
|turn|7
|
|t:|1783828182
|move|p1b: Metagross|Psychic Fangs|p2a: Charizard
|-damage|p2a: Charizard|35/100
|move|p1a: Glimmora|Power Gem|p2a: Charizard
|-supereffective|p2a: Charizard|2
|-damage|p2a: Charizard|0 fnt
|faint|p2a: Charizard
|
|win|Z4RDEL
|inactive|Z4RDEL has 30 seconds to confirm battle start!
|inactive|PRLT1 Jurrasicz has 30 seconds to confirm battle start!
||Z4RDEL is ready for game 2.
||PRLT1 Jurrasicz is ready for game 2.
|uhtml|next|Next: Game 2 of 3
