|j|☆piase
|j|☆mrpokemon33
|html|piasemrpokemon33    
|uhtml|bestof|Game 3 of a best-of-3
|t:|1785779722
|gametype|doubles
|player|p1|piase|cynthia-gen4|
|player|p2|mrpokemon33|steven|
|gen|9
|tier|[Gen 9 Champions] VGC 2026 Reg M-B (Bo3)
|rule|Species Clause: Limit one of each Pokémon
|rule|Item Clause: Limit 1 of each item
|clearpoke
|poke|p1|Tsareena, L50, F, shiny|
|poke|p1|Maushold-Four, L50, shiny|
|poke|p1|Floette-Eternal, L50, F|
|poke|p1|Jolteon, L50, F, shiny|
|poke|p1|Dragapult, L50, F, shiny|
|poke|p1|Hawlucha, L50, F, shiny|
|poke|p2|Oranguru, L50, M, shiny|
|poke|p2|Farigiraf, L50, F, shiny|
|poke|p2|Trevenant, L50, F, shiny|
|poke|p2|Drampa, L50, F|
|poke|p2|Incineroar, L50, M, shiny|
|poke|p2|Orthworm, L50, M, shiny|
|teampreview|4
|showteam|p1|Tsareena||OccaBerry|QueenlyMajesty|TripleAxel,RapidSpin,Protect,Taunt|Careful||F|||50|]Maushold-Four||ChopleBerry|FriendGuard|FollowMe,Encore,PopulationBomb,Protect|Jolly|||||50|]Floette-Eternal||Floettite|FlowerVeil|DazzlingGleam,Protect,DrainingKiss,Substitute|Timid||F|||50|]Jolteon||Leftovers|VoltAbsorb|Roar,Yawn,VoltSwitch,Protect|Timid||F|||50|]Dragapult||LifeOrb|ClearBody|DragonDarts,DragonTail,Protect,PhantomForce|Adamant||F|||50|]Hawlucha||Hawluchanite|Limber|Defog,Detect,PoisonJab,HighJumpKick|Adamant||F|||50|
|showteam|p2|Oranguru||MentalHerb|Telepathy|TrickRoom,SkillSwap,FoulPlay,Psychic|Sassy||M|||50|]Farigiraf||SitrusBerry|ArmorTail|TrickRoom,Psychic,Thunderbolt,Protect|Sassy||F|||50|]Trevenant||OccaBerry|Harvest|TrickRoom,HornLeech,WillOWisp,DestinyBond|Sassy||F|||50|]Drampa||DragonFang|CloudNine|DragonDance,Thunder,DragonPulse,LightScreen|Calm||F|||50|]Incineroar||LifeOrb|Intimidate|BlazeKick,DarkestLariat,CloseCombat,HeatWave|Brave||M|||50|]Orthworm||FocusSash|SandVeil|Earthquake,RockSlide,Protect,StealthRock|Impish||M|||50|
|
|t:|1785779808
|teamsize|p1|4
|teamsize|p2|4
|start
|switch|p1a: Jolteon|Jolteon, L50, F, shiny|100/100
|switch|p1b: Tsareena|Tsareena, L50, F, shiny|100/100
|switch|p2a: Oranguru|Oranguru, L50, M, shiny|100/100
|switch|p2b: Farigiraf|Farigiraf, L50, F, shiny|100/100
|turn|1
|
|t:|1785779833
|move|p1b: Tsareena|Taunt|p2a: Oranguru
|-start|p2a: Oranguru|move: Taunt
|-enditem|p2a: Oranguru|Mental Herb
|-end|p2a: Oranguru|move: Taunt
|move|p1a: Jolteon|Roar|p2b: Farigiraf
|drag|p2b: Trevenant|Trevenant, L50, F, shiny|100/100
|move|p2a: Oranguru|Trick Room|p2a: Oranguru
|-fieldstart|move: Trick Room|[of] p2a: Oranguru
|
|upkeep
|turn|2
|
|t:|1785779856
|move|p2b: Trevenant|Will-O-Wisp|p1b: Tsareena
|-status|p1b: Tsareena|brn
|move|p2a: Oranguru|Psychic|p1a: Jolteon
|-damage|p1a: Jolteon|70/100
|move|p1b: Tsareena|Taunt|p2b: Trevenant
|-start|p2b: Trevenant|move: Taunt
|move|p1a: Jolteon|Roar|p2a: Oranguru
|drag|p2a: Incineroar|Incineroar, L50, M, shiny|100/100
|-ability|p2a: Incineroar|Intimidate|boost
|-unboost|p1a: Jolteon|atk|1
|-unboost|p1b: Tsareena|atk|1
|
|-heal|p1a: Jolteon|76/100|[from] item: Leftovers
|-damage|p1b: Tsareena|93/100 brn|[from] brn
|upkeep
|turn|3
|
|t:|1785779879
|move|p1b: Tsareena|Protect|p1b: Tsareena
|-singleturn|p1b: Tsareena|Protect
|move|p1a: Jolteon|Protect|p1a: Jolteon
|-singleturn|p1a: Jolteon|Protect
|move|p2b: Trevenant|Horn Leech|p1a: Jolteon
|-activate|p1a: Jolteon|move: Protect
|move|p2a: Incineroar|Heat Wave|p1a: Jolteon|[spread] 
|-activate|p1a: Jolteon|move: Protect
|-activate|p1b: Tsareena|move: Protect
|
|-heal|p1a: Jolteon|81/100|[from] item: Leftovers
|-damage|p1b: Tsareena|87/100 brn|[from] brn
|upkeep
|turn|4
|
|t:|1785779910
|switch|p1b: Maushold|Maushold-Four, L50, shiny|100/100
|move|p2b: Trevenant|Horn Leech|p1a: Jolteon
|-damage|p1a: Jolteon|54/100
|move|p2a: Incineroar|Heat Wave|p1b: Maushold|[spread] p1a,p1b
|-damage|p1a: Jolteon|31/100
|-damage|p1b: Maushold|65/100
|-damage|p2a: Incineroar|90/100|[from] item: Life Orb
|move|p1a: Jolteon|Yawn|p2a: Incineroar
|-start|p2a: Incineroar|move: Yawn|[of] p1a: Jolteon
|
|-heal|p1a: Jolteon|37/100|[from] item: Leftovers
|upkeep
|turn|5
|
|t:|1785779932
|move|p1b: Maushold|Protect|p1b: Maushold
|-singleturn|p1b: Maushold|Protect
|move|p1a: Jolteon|Protect|p1a: Jolteon
|-singleturn|p1a: Jolteon|Protect
|move|p2b: Trevenant|Horn Leech|p1a: Jolteon
|-activate|p1a: Jolteon|move: Protect
|move|p2a: Incineroar|Close Combat|p1b: Maushold
|-activate|p1b: Maushold|move: Protect
|
|-heal|p1a: Jolteon|43/100|[from] item: Leftovers
|-end|p2b: Trevenant|move: Taunt
|-end|p2a: Incineroar|move: Yawn|[silent]
|-status|p2a: Incineroar|slp
|-fieldend|move: Trick Room
|upkeep
|turn|6
|
|t:|1785779967
|switch|p2a: Oranguru|Oranguru, L50, M, shiny|100/100
|move|p1b: Maushold|Population Bomb|p2a: Oranguru
|-damage|p2a: Oranguru|93/100
|-damage|p2a: Oranguru|85/100
|-damage|p2a: Oranguru|78/100
|-damage|p2a: Oranguru|70/100
|-damage|p2a: Oranguru|62/100
|-damage|p2a: Oranguru|54/100
|-damage|p2a: Oranguru|47/100
|-damage|p2a: Oranguru|39/100
|-damage|p2a: Oranguru|32/100
|-hitcount|p2a: Oranguru|9
|move|p1a: Jolteon|Roar|p2b: Trevenant
|drag|p2b: Farigiraf|Farigiraf, L50, F, shiny|100/100
|
|-heal|p1a: Jolteon|49/100|[from] item: Leftovers
|upkeep
|turn|7
|
|t:|1785780003
|switch|p2a: Trevenant|Trevenant, L50, F, shiny|100/100
|move|p1b: Maushold|Population Bomb|p2a: Trevenant
|-immune|p2a: Trevenant
|move|p1a: Jolteon|Roar|p2b: Farigiraf
|drag|p2b: Incineroar|Incineroar, L50, M, shiny|90/100 slp
|-ability|p2b: Incineroar|Intimidate|boost
|-unboost|p1a: Jolteon|atk|1
|-unboost|p1b: Maushold|atk|1
|
|-heal|p1a: Jolteon|55/100|[from] item: Leftovers
|upkeep
|turn|8
|
|t:|1785780018
|switch|p1b: Floette|Floette-Eternal, L50, F|100/100
|cant|p2b: Incineroar|slp
|move|p1a: Jolteon|Roar|p2a: Trevenant
|drag|p2a: Oranguru|Oranguru, L50, M, shiny|32/100
|
|-heal|p1a: Jolteon|61/100|[from] item: Leftovers
|upkeep
|turn|9
|
|t:|1785780037
|detailschange|p1b: Floette|Floette-Mega, L50, F
|-mega|p1b: Floette|Floette|Floettite
|-ability|p1b: Floette|Fairy Aura
|move|p1a: Jolteon|Yawn||[still]
|-fail|p1a: Jolteon
|move|p1b: Floette|Dazzling Gleam|p2b: Incineroar|[spread] p2a,p2b
|-damage|p2a: Oranguru|5/100
|-damage|p2b: Incineroar|44/100 slp
|cant|p2b: Incineroar|slp
|move|p2a: Oranguru|Trick Room|p2a: Oranguru
|-fieldstart|move: Trick Room|[of] p2a: Oranguru
|
|-heal|p1a: Jolteon|66/100|[from] item: Leftovers
|upkeep
|turn|10
|
|t:|1785780065
|move|p1b: Floette|Protect|p1b: Floette
|-singleturn|p1b: Floette|Protect
|-curestatus|p2b: Incineroar|slp|[msg]
|move|p2b: Incineroar|Blaze Kick|p1b: Floette
|-activate|p1b: Floette|move: Protect
|move|p2a: Oranguru|Psychic|p1b: Floette
|-activate|p1b: Floette|move: Protect
|move|p1a: Jolteon|Volt Switch|p2b: Incineroar
|-damage|p2b: Incineroar|18/100
|
|t:|1785780078
|switch|p1a: Maushold|Maushold-Four, L50, shiny|65/100|[from] Volt Switch
|
|upkeep
|turn|11
|
|t:|1785780098
|switch|p2b: Trevenant|Trevenant, L50, F, shiny|100/100
|move|p1a: Maushold|Follow Me|p1a: Maushold
|-singleturn|p1a: Maushold|move: Follow Me
|move|p2a: Oranguru|Psychic|p1a: Maushold
|-damage|p1a: Maushold|30/100
|move|p1b: Floette|Dazzling Gleam|p2b: Trevenant|[spread] p2a,p2b
|-damage|p2a: Oranguru|0 fnt
|-damage|p2b: Trevenant|63/100
|faint|p2a: Oranguru
|
|upkeep
|
|t:|1785780108
|switch|p2a: Incineroar|Incineroar, L50, M, shiny|18/100
|-ability|p2a: Incineroar|Intimidate|boost
|-unboost|p1a: Maushold|atk|1
|-unboost|p1b: Floette|atk|1
|turn|12
|
|t:|1785780130
|move|p1b: Floette|Protect|p1b: Floette
|-singleturn|p1b: Floette|Protect
|move|p1a: Maushold|Protect|p1a: Maushold
|-singleturn|p1a: Maushold|Protect
|move|p2b: Trevenant|Destiny Bond|p2b: Trevenant
|-singlemove|p2b: Trevenant|Destiny Bond
|move|p2a: Incineroar|Blaze Kick|p1b: Floette
|-activate|p1b: Floette|move: Protect
|
|upkeep
|turn|13
|
|t:|1785780147
|move|p2b: Trevenant|Horn Leech|p1b: Floette
|-damage|p1b: Floette|71/100
|-heal|p2b: Trevenant|75/100|[from] drain|[of] p1b: Floette
|move|p2a: Incineroar|Close Combat|p1a: Maushold
|-supereffective|p1a: Maushold|1
|-enditem|p1a: Maushold|Chople Berry|[eat]
|-enditem|p1a: Maushold|Chople Berry|[weaken]
|-damage|p1a: Maushold|0 fnt
|-unboost|p2a: Incineroar|def|1
|-unboost|p2a: Incineroar|spd|1
|faint|p1a: Maushold
|-damage|p2a: Incineroar|8/100|[from] item: Life Orb
|move|p1b: Floette|Draining Kiss|p2a: Incineroar
|-damage|p2a: Incineroar|0 fnt
|-heal|p1b: Floette|80/100|[from] drain|[of] p2a: Incineroar
|faint|p2a: Incineroar
|
|-fieldend|move: Trick Room
|upkeep
|
|t:|1785780164
|switch|p1a: Jolteon|Jolteon, L50, F, shiny|66/100
|switch|p2a: Farigiraf|Farigiraf, L50, F, shiny|100/100
|turn|14
|
|t:|1785780192
|move|p1a: Jolteon|Yawn|p2b: Trevenant
|-start|p2b: Trevenant|move: Yawn|[of] p1a: Jolteon
|move|p1b: Floette|Substitute|p1b: Floette
|-start|p1b: Floette|Substitute
|-damage|p1b: Floette|55/100
|move|p2b: Trevenant|Destiny Bond|p2b: Trevenant
|-singlemove|p2b: Trevenant|Destiny Bond
|move|p2a: Farigiraf|Trick Room|p2a: Farigiraf
|-fieldstart|move: Trick Room|[of] p2a: Farigiraf
|
|-heal|p1a: Jolteon|72/100|[from] item: Leftovers
|upkeep
|turn|15
|
|t:|1785780217
|move|p2b: Trevenant|Destiny Bond||[still]
|-fail|p2b: Trevenant
|move|p2a: Farigiraf|Psychic|p1b: Floette
|-end|p1b: Floette|Substitute
|move|p1b: Floette|Draining Kiss|p2a: Farigiraf
|-damage|p2a: Farigiraf|69/100
|-heal|p1b: Floette|90/100|[from] drain|[of] p2a: Farigiraf
|move|p1a: Jolteon|Yawn|p2a: Farigiraf
|-start|p2a: Farigiraf|move: Yawn|[of] p1a: Jolteon
|
|-heal|p1a: Jolteon|78/100|[from] item: Leftovers
|-end|p2b: Trevenant|move: Yawn|[silent]
|-status|p2b: Trevenant|slp
|upkeep
|turn|16
|
|t:|1785780245
|move|p1b: Floette|Protect|p1b: Floette
|-singleturn|p1b: Floette|Protect
|cant|p2b: Trevenant|slp
|move|p2a: Farigiraf|Psychic|p1b: Floette
|-activate|p1b: Floette|move: Protect
|move|p1a: Jolteon|Volt Switch|p2b: Trevenant
|-resisted|p2b: Trevenant|1
|-damage|p2b: Trevenant|65/100 slp
|
|t:|1785780255
|switch|p1a: Tsareena|Tsareena, L50, F, shiny|87/100 brn|[from] Volt Switch
|
|-damage|p1a: Tsareena|81/100 brn|[from] brn
|-end|p2a: Farigiraf|move: Yawn|[silent]
|-status|p2a: Farigiraf|slp
|upkeep
|turn|17
|
|t:|1785780266
|cant|p2b: Trevenant|slp
|cant|p2a: Farigiraf|slp
|move|p1a: Tsareena|Triple Axel|p2b: Trevenant
|-supereffective|p2b: Trevenant|1
|-damage|p2b: Trevenant|59/100 slp
|-supereffective|p2b: Trevenant|1
|-crit|p2b: Trevenant
|-damage|p2b: Trevenant|40/100 slp
|-hitcount|p2b: Trevenant|2
|move|p1b: Floette|Dazzling Gleam|p2a: Farigiraf|[spread] p2a,p2b
|-damage|p2a: Farigiraf|37/100 slp
|-damage|p2b: Trevenant|2/100 slp
|-enditem|p2a: Farigiraf|Sitrus Berry|[eat]
|-heal|p2a: Farigiraf|62/100 slp|[from] item: Sitrus Berry
|
|-damage|p1a: Tsareena|75/100 brn|[from] brn
|upkeep
|turn|18
|
|t:|1785780303
|move|p1b: Floette|Protect|p1b: Floette
|-singleturn|p1b: Floette|Protect
|-curestatus|p2b: Trevenant|slp|[msg]
|move|p2b: Trevenant|Destiny Bond|p2b: Trevenant
|-singlemove|p2b: Trevenant|Destiny Bond
|cant|p2a: Farigiraf|slp
|move|p1a: Tsareena|Triple Axel|p2b: Trevenant
|-supereffective|p2b: Trevenant|1
|-damage|p2b: Trevenant|0 fnt
|faint|p2b: Trevenant
|-activate|p2b: Trevenant|move: Destiny Bond
|faint|p1a: Tsareena
|-hitcount|p2: Trevenant|1
|
|-fieldend|move: Trick Room
|upkeep
|
|t:|1785780316
|switch|p1a: Jolteon|Jolteon, L50, F, shiny|78/100
|turn|19
|
|t:|1785780336
|-curestatus|p2a: Farigiraf|slp|[msg]
|move|p2a: Farigiraf|Protect|p2a: Farigiraf
|-singleturn|p2a: Farigiraf|Protect
|move|p1a: Jolteon|Volt Switch|p2a: Farigiraf
|-activate|p2a: Farigiraf|move: Protect
|move|p1b: Floette|Dazzling Gleam|p2a: Farigiraf
|-activate|p2a: Farigiraf|move: Protect
|
|-heal|p1a: Jolteon|84/100|[from] item: Leftovers
|upkeep
|turn|20
|
|t:|1785780355
|move|p1a: Jolteon|Yawn|p2a: Farigiraf
|-start|p2a: Farigiraf|move: Yawn|[of] p1a: Jolteon
|move|p1b: Floette|Dazzling Gleam|p2a: Farigiraf
|-damage|p2a: Farigiraf|13/100
|move|p2a: Farigiraf|Trick Room|p2a: Farigiraf
|-fieldstart|move: Trick Room|[of] p2a: Farigiraf
|
|-heal|p1a: Jolteon|90/100|[from] item: Leftovers
|upkeep
|turn|21
|
|t:|1785780366
|move|p1b: Floette|Protect|p1b: Floette
|-singleturn|p1b: Floette|Protect
|move|p1a: Jolteon|Protect|p1a: Jolteon
|-singleturn|p1a: Jolteon|Protect
|move|p2a: Farigiraf|Psychic|p1b: Floette
|-activate|p1b: Floette|move: Protect
|
|-heal|p1a: Jolteon|95/100|[from] item: Leftovers
|-end|p2a: Farigiraf|move: Yawn|[silent]
|-status|p2a: Farigiraf|slp
|upkeep
|turn|22
|
|t:|1785780385
|cant|p2a: Farigiraf|slp
|move|p1b: Floette|Draining Kiss|p2a: Farigiraf
|-damage|p2a: Farigiraf|0 fnt
|-heal|p1b: Floette|100/100|[from] drain|[of] p2a: Farigiraf
|faint|p2a: Farigiraf
|
|win|piase
