|j|Ōśåthe_Sam3560
|j|Ōśåtakuabionicle
|html|the_Sam3560takuabionicle    
|uhtml|bestof|Game 2 of a best-of-3
|t:|1757707025
|gametype|doubles
|player|p1|the_Sam3560|saturn|1071
|player|p2|takuabionicle|lillie-z|1064
|gen|9
|tier|[Gen 9] VGC 2025 Reg H (Bo3)
|rated|
|rule|Species Clause: Limit one of each Pok├®mon
|rule|Item Clause: Limit 1 of each item
|clearpoke
|poke|p1|Rillaboom, L50, F|
|poke|p1|Kingambit, L50, M|
|poke|p1|Sneasler, L50, F|
|poke|p1|Dragonite, L50, F|
|poke|p1|Gastrodon, L50, F|
|poke|p1|Ceruledge, L50, F|
|poke|p2|Kommo-o, L50, M|
|poke|p2|Volcarona, L50, F|
|poke|p2|Clefable, L50, F|
|poke|p2|Rillaboom, L50, F|
|poke|p2|Grimmsnarl, L50, M|
|poke|p2|Salamence, L50, F|
|teampreview|4
|showteam|p1|Rillaboom||AssaultVest|GrassySurge|WoodHammer,GrassyGlide,FakeOut,HighHorsepower|||F|||50|,,,,,Fire]Kingambit||SafetyGoggles|Defiant|KowtowCleave,SuckerPunch,SwordsDance,Protect|||M|||50|,,,,,Ghost]Sneasler||FocusSash|Unburden|DireClaw,CloseCombat,Coaching,FakeOut|||F|||50|,,,,,Ghost]Dragonite||LoadedDice|Multiscale|ExtremeSpeed,ScaleShot,LowKick,Protect|||F|||50|,,,,,Fairy]Gastrodon||SitrusBerry|StormDrain|EarthPower,IceBeam,ClearSmog,Protect|||F|||50|,,,,,Poison]Ceruledge||Leftovers|FlashFire|BitterBlade,ShadowSneak,BulkUp,Protect|||F|||50|,,,,,Grass
|showteam|p2|Kommo-o||ThroatSpray|Overcoat|ClangingScales,ClangorousSoul,Protect,Flamethrower|||M|||50|,,,,,Steel]Volcarona||Leftovers|FlameBody|QuiverDance,Protect,GigaDrain,FieryDance|||F|||50|,,,,,Grass]Clefable||SafetyGoggles|Unaware|FollowMe,HealPulse,Protect,Moonblast|||F|||50|,,,,,Water]Rillaboom||AssaultVest|GrassySurge|WoodHammer,GrassyGlide,FakeOut,HighHorsepower|||F|||50|,,,,,Grass]Grimmsnarl||LightClay|Prankster|Reflect,LightScreen,ThunderWave,SpiritBreak|||M|||50|,,,,,Ghost]Salamence||ClearAmulet|Intimidate|Tailwind,TeraBlast,DragonClaw,IronHead|||F|||50|,,,,,Water
|inactive|Battle timer is ON: inactive players will automatically lose when time's up. (requested by takuabionicle)
|c|Ōśåthe_Sam3560|Can you turn off the battle timer
|inactive|the_Sam3560 has 60 seconds left.
|inactive|takuabionicle has 60 seconds left.
|inactiveoff|Battle timer is now OFF.
|c|Ōśåtakuabionicle|sure
|c|Ōśåthe_Sam3560|thanks
|c|Ōśåthe_Sam3560|you can turn it back on once we select our pokemon
|c|Ōśåtakuabionicle|ok ok
|
|t:|1757707138
|teamsize|p1|4
|teamsize|p2|4
|start
|switch|p1a: Dragonite|Dragonite, L50, F|100/100
|switch|p1b: Sneasler|Sneasler, L50, F|100/100
|switch|p2a: Salamence|Salamence, L50, F|100/100
|switch|p2b: Volcarona|Volcarona, L50, F|100/100
|-ability|p2a: Salamence|Intimidate|boost
|-unboost|p1a: Dragonite|atk|1
|-unboost|p1b: Sneasler|atk|1
|turn|1
|inactive|Battle timer is ON: inactive players will automatically lose when time's up. (requested by takuabionicle)
|inactive|takuabionicle has 30 seconds left.
|inactive|the_Sam3560 has 30 seconds left.
|
|t:|1757707177
|-terastallize|p2a: Salamence|Water
|-terastallize|p1a: Dragonite|Fairy
|move|p2b: Volcarona|Protect|p2b: Volcarona
|-singleturn|p2b: Volcarona|Protect
|move|p1b: Sneasler|Dire Claw|p2b: Volcarona
|-activate|p2b: Volcarona|move: Protect
|move|p2a: Salamence|Tailwind|p2a: Salamence
|-sidestart|p2: takuabionicle|move: Tailwind
|move|p1a: Dragonite|Low Kick|p2a: Salamence
|-damage|p2a: Salamence|62/100
|
|upkeep
|turn|2
|inactive|the_Sam3560 has 30 seconds left.
|
|t:|1757707216
|move|p2a: Salamence|Dragon Claw|p1b: Sneasler
|-damage|p1b: Sneasler|33/100
|move|p2b: Volcarona|Fiery Dance|p1b: Sneasler
|-damage|p1b: Sneasler|0 fnt
|-boost|p2b: Volcarona|spa|1
|faint|p1b: Sneasler
|move|p1a: Dragonite|Scale Shot|p2b: Volcarona
|-damage|p2b: Volcarona|87/100
|-damage|p2b: Volcarona|75/100
|-damage|p2b: Volcarona|62/100
|-crit|p2b: Volcarona
|-damage|p2b: Volcarona|34/100
|-hitcount|p2b: Volcarona|4
|-unboost|p1a: Dragonite|def|1
|-boost|p1a: Dragonite|spe|1
|
|-heal|p2b: Volcarona|40/100|[from] item: Leftovers
|upkeep
|
|t:|1757707235
|switch|p1b: Rillaboom|Rillaboom, L50, F|100/100
|-fieldstart|move: Grassy Terrain|[from] ability: Grassy Surge|[of] p1b: Rillaboom
|turn|3
|
|t:|1757707258
|switch|p2a: Grimmsnarl|Grimmsnarl, L50, M|100/100
|move|p2b: Volcarona|Protect|p2b: Volcarona
|-singleturn|p2b: Volcarona|Protect
|move|p1b: Rillaboom|Fake Out|p2a: Grimmsnarl
|-damage|p2a: Grimmsnarl|85/100
|move|p1a: Dragonite|Extreme Speed|p2b: Volcarona
|-activate|p2b: Volcarona|move: Protect
|
|-heal|p2b: Volcarona|46/100|[from] Grassy Terrain
|-heal|p2b: Volcarona|53/100|[from] item: Leftovers
|-heal|p2a: Grimmsnarl|91/100|[from] Grassy Terrain
|upkeep
|turn|4
|inactive|the_Sam3560 has 30 seconds left.
|
|t:|1757707292
|move|p2a: Grimmsnarl|Reflect|p2a: Grimmsnarl
|-sidestart|p2: takuabionicle|Reflect
|move|p2b: Volcarona|Fiery Dance|p1b: Rillaboom
|-supereffective|p1b: Rillaboom
|-crit|p1b: Rillaboom
|-damage|p1b: Rillaboom|0 fnt
|-boost|p2b: Volcarona|spa|1
|faint|p1b: Rillaboom
|move|p1a: Dragonite|Low Kick|p2a: Grimmsnarl
|-damage|p2a: Grimmsnarl|77/100
|
|-heal|p2b: Volcarona|59/100|[from] Grassy Terrain
|-heal|p2b: Volcarona|65/100|[from] item: Leftovers
|-heal|p2a: Grimmsnarl|83/100|[from] Grassy Terrain
|-sideend|p2: takuabionicle|move: Tailwind
|upkeep
|
|t:|1757707305
|switch|p1b: Kingambit|Kingambit, L50, M|100/100
|turn|5
|
|t:|1757707319
|move|p2a: Grimmsnarl|Thunder Wave|p1a: Dragonite
|-status|p1a: Dragonite|par
|move|p2b: Volcarona|Quiver Dance|p2b: Volcarona
|-boost|p2b: Volcarona|spa|1
|-boost|p2b: Volcarona|spd|1
|-boost|p2b: Volcarona|spe|1
|move|p1a: Dragonite|Scale Shot|p2b: Volcarona|[miss]
|-miss|p1a: Dragonite|p2b: Volcarona
|move|p1b: Kingambit|Swords Dance|p1b: Kingambit
|-boost|p1b: Kingambit|atk|2
|
|-heal|p2b: Volcarona|71/100|[from] Grassy Terrain
|-heal|p2b: Volcarona|78/100|[from] item: Leftovers
|-heal|p2a: Grimmsnarl|89/100|[from] Grassy Terrain
|upkeep
|turn|6
|inactive|takuabionicle has 30 seconds left.
|
|t:|1757707345
|move|p1b: Kingambit|Sucker Punch||[still]
|-fail|p1b: Kingambit
|move|p2b: Volcarona|Quiver Dance|p2b: Volcarona
|-boost|p2b: Volcarona|spa|1
|-boost|p2b: Volcarona|spd|1
|-boost|p2b: Volcarona|spe|1
|move|p1a: Dragonite|Scale Shot|p2b: Volcarona
|-damage|p2b: Volcarona|69/100
|-damage|p2b: Volcarona|61/100
|-damage|p2b: Volcarona|53/100
|-damage|p2b: Volcarona|44/100
|-hitcount|p2b: Volcarona|4
|-unboost|p1a: Dragonite|def|1
|-boost|p1a: Dragonite|spe|1
|move|p2a: Grimmsnarl|Spirit Break|p1b: Kingambit
|-damage|p1b: Kingambit|78/100
|-unboost|p1b: Kingambit|spa|1
|-ability|p1b: Kingambit|Defiant|boost
|-boost|p1b: Kingambit|atk|2
|
|-heal|p2b: Volcarona|50/100|[from] Grassy Terrain
|-heal|p2b: Volcarona|57/100|[from] item: Leftovers
|-heal|p2a: Grimmsnarl|95/100|[from] Grassy Terrain
|-heal|p1b: Kingambit|84/100|[from] Grassy Terrain
|upkeep
|turn|7
|inactive|the_Sam3560 has 30 seconds left.
|inactive|takuabionicle has 30 seconds left.
|inactive|the_Sam3560 has 20 seconds left.
|
|t:|1757707381
|move|p2b: Volcarona|Protect|p2b: Volcarona
|-singleturn|p2b: Volcarona|Protect
|move|p1b: Kingambit|Sucker Punch||[still]
|-fail|p1b: Kingambit
|move|p1a: Dragonite|Scale Shot|p2b: Volcarona
|-activate|p2b: Volcarona|move: Protect
|move|p2a: Grimmsnarl|Spirit Break|p1a: Dragonite
|-damage|p1a: Dragonite|69/100 par
|-unboost|p1a: Dragonite|spa|1
|
|-heal|p2b: Volcarona|63/100|[from] Grassy Terrain
|-heal|p2b: Volcarona|69/100|[from] item: Leftovers
|-heal|p1a: Dragonite|75/100 par|[from] Grassy Terrain
|-heal|p2a: Grimmsnarl|100/100|[from] Grassy Terrain
|-heal|p1b: Kingambit|90/100|[from] Grassy Terrain
|-fieldend|move: Grassy Terrain
|upkeep
|turn|8
|
|t:|1757707402
|move|p1b: Kingambit|Sucker Punch|p2b: Volcarona
|-damage|p2b: Volcarona|0 fnt
|faint|p2b: Volcarona
|move|p1a: Dragonite|Scale Shot|p2a: Grimmsnarl
|-immune|p2a: Grimmsnarl
|move|p2a: Grimmsnarl|Spirit Break|p1a: Dragonite
|-damage|p1a: Dragonite|6/100 par
|-unboost|p1a: Dragonite|spa|1
|
|upkeep
|
|t:|1757707410
|switch|p2b: Salamence|Salamence, L50, F, tera:Water|62/100
|-ability|p2b: Salamence|Intimidate|boost
|-unboost|p1a: Dragonite|atk|1
|-unboost|p1b: Kingambit|atk|1
|-ability|p1b: Kingambit|Defiant|boost
|-boost|p1b: Kingambit|atk|2
|turn|9
|inactive|the_Sam3560 has 30 seconds left.
|
|t:|1757707439
|move|p1a: Dragonite|Extreme Speed|p2b: Salamence
|-damage|p2b: Salamence|48/100
|move|p2b: Salamence|Tailwind|p2b: Salamence
|-sidestart|p2: takuabionicle|move: Tailwind
|move|p2a: Grimmsnarl|Spirit Break|p1a: Dragonite
|-damage|p1a: Dragonite|0 fnt
|faint|p1a: Dragonite
|move|p1b: Kingambit|Kowtow Cleave|p2b: Salamence
|-damage|p2b: Salamence|0 fnt
|faint|p2b: Salamence
|
|upkeep
|
|t:|1757707445
|switch|p2b: Kommo-o|Kommo-o, L50, M, shiny|100/100
|turn|10
|
|t:|1757707461
|move|p2b: Kommo-o|Clangorous Soul|p2b: Kommo-o
|-boost|p2b: Kommo-o|atk|1
|-boost|p2b: Kommo-o|def|1
|-boost|p2b: Kommo-o|spa|1
|-boost|p2b: Kommo-o|spd|1
|-boost|p2b: Kommo-o|spe|1
|-damage|p2b: Kommo-o|68/100
|-enditem|p2b: Kommo-o|Throat Spray
|-boost|p2b: Kommo-o|spa|1|[from] item: Throat Spray
|move|p2a: Grimmsnarl|Spirit Break|p1b: Kingambit
|-damage|p1b: Kingambit|68/100
|-unboost|p1b: Kingambit|spa|1
|-ability|p1b: Kingambit|Defiant|boost
|-boost|p1b: Kingambit|atk|1
|move|p1b: Kingambit|Kowtow Cleave|p2b: Kommo-o
|-resisted|p2b: Kommo-o
|-damage|p2b: Kommo-o|23/100
|
|upkeep
|turn|11
|
|t:|1757707478
|move|p2b: Kommo-o|Protect|p2b: Kommo-o
|-singleturn|p2b: Kommo-o|Protect
|move|p1b: Kingambit|Sucker Punch||[still]
|-fail|p1b: Kingambit
|move|p2a: Grimmsnarl|Spirit Break|p1b: Kingambit
|-damage|p1b: Kingambit|47/100
|-unboost|p1b: Kingambit|spa|1
|-boost|p1b: Kingambit|atk|0
|
|-sideend|p2: takuabionicle|Reflect
|upkeep
|turn|12
|
|t:|1757707492
|move|p2b: Kommo-o|Protect||[still]
|-fail|p2b: Kommo-o
|move|p1b: Kingambit|Sucker Punch||[still]
|-fail|p1b: Kingambit
|move|p2a: Grimmsnarl|Spirit Break|p1b: Kingambit
|-damage|p1b: Kingambit|27/100
|-unboost|p1b: Kingambit|spa|1
|-boost|p1b: Kingambit|atk|0
|
|-sideend|p2: takuabionicle|move: Tailwind
|upkeep
|turn|13
|
|t:|1757707504
|move|p2b: Kommo-o|Protect|p2b: Kommo-o
|-singleturn|p2b: Kommo-o|Protect
|move|p1b: Kingambit|Sucker Punch||[still]
|-fail|p1b: Kingambit
|move|p2a: Grimmsnarl|Spirit Break|p1b: Kingambit
|-damage|p1b: Kingambit|3/100
|-unboost|p1b: Kingambit|spa|1
|-boost|p1b: Kingambit|atk|0
|
|upkeep
|turn|14
|
|t:|1757707515
|move|p2b: Kommo-o|Flamethrower|p1b: Kingambit
|-supereffective|p1b: Kingambit
|-damage|p1b: Kingambit|0 fnt
|faint|p1b: Kingambit
|
|win|takuabionicle
|raw|the_Sam3560's rating: 1071 → 1050(-21 for losing)
|raw|takuabionicle's rating: 1064 → 1095(+31 for winning)
|c|Ōśåtakuabionicle|gg
|c|Ōśåthe_Sam3560|gg
|l|Ōśåtakuabionicle
|player|p2|
