|j|☆Gaspar8
|j|☆HolgerD
|html|Gaspar8HolgerD    
|uhtml|bestof|Game 3 of a best-of-3
|t:|1757150272
|gametype|doubles
|player|p1|Gaspar8|265|1394
|player|p2|HolgerD|169|1409
|gen|9
|tier|[Gen 9] VGC 2025 Reg H (Bo3)
|rated|
|rule|Species Clause: Limit one of each Pokémon
|rule|Item Clause: Limit 1 of each item
|clearpoke
|poke|p1|Pelipper, L50, M|
|poke|p1|Archaludon, L50, F|
|poke|p1|Amoonguss, L50, F|
|poke|p1|Incineroar, L50, F|
|poke|p1|Basculegion, L50, M|
|poke|p1|Gholdengo, L50|
|poke|p2|Maushold, L50|
|poke|p2|Pelipper, L50, M|
|poke|p2|Archaludon, L50, M|
|poke|p2|Ursaluna, L50, M|
|poke|p2|Sinistcha, L50|
|poke|p2|Basculegion, L50, M|
|teampreview|4
|showteam|p1|Pelipper||FocusSash|Drizzle|Hurricane,WeatherBall,Tailwind,Protect|||M|||50|,,,,,Ghost]Archaludon||AssaultVest|Stamina|ElectroShot,FlashCannon,Snarl,BodyPress|||F|||50|,,,,,Bug]Amoonguss||RockyHelmet|Regenerator|PollenPuff,Spore,RagePowder,Protect|||F|||50|,,,,,Fairy]Incineroar||SitrusBerry|Intimidate|FlareBlitz,KnockOff,FakeOut,PartingShot|||F|||50|,,,,,Ghost]Basculegion||ChoiceBand|SwiftSwim|WaveCrash,LastRespects,FlipTurn,AquaJet|||M|||50|,,,,,Water]Gholdengo||LifeOrb|GoodasGold|MakeItRain,ShadowBall,NastyPlot,Protect||||||50|,,,,,Water
|showteam|p2|Maushold||WideLens|Technician|PopulationBomb,FollowMe,Taunt,Protect||||||50|,,,,,Ghost]Pelipper||FocusSash|Drizzle|Hurricane,MuddyWater,Tailwind,Protect|||M|||50|,,,,,Ghost]Archaludon||AssaultVest|Stamina|DragonPulse,ElectroShot,BodyPress,FlashCannon|||M|||50|,,,,,Bug]Ursaluna||FlameOrb|Guts|Facade,HeadlongRush,Earthquake,Protect|||M|||50|,,,,,Ghost]Sinistcha||SitrusBerry|Hospitality|MatchaGotcha,LifeDew,RagePowder,TrickRoom||||||50|,,,,,Dark]Basculegion||ChoiceBand|SwiftSwim|AquaJet,FlipTurn,LastRespects,WaveCrash|||M|||50|,,,,,Water
|inactive|Battle timer is ON: inactive players will automatically lose when time's up. (requested by Gaspar8)
|inactive|HolgerD has 60 seconds left.
|
|t:|1757150317
|teamsize|p1|4
|teamsize|p2|4
|start
|switch|p1a: Amoonguss|Amoonguss, L50, F, shiny|100/100
|switch|p1b: Gholdengo|Gholdengo, L50|100/100
|switch|p2a: Ursaluna|Ursaluna, L50, M|100/100
|switch|p2b: Sinistcha|Sinistcha, L50|100/100
|turn|1
|inactive|HolgerD has 30 seconds left.
|
|t:|1757150350
|-terastallize|p2b: Sinistcha|Dark
|move|p2a: Ursaluna|Protect|p2a: Ursaluna
|-singleturn|p2a: Ursaluna|Protect
|move|p1b: Gholdengo|Nasty Plot|p1b: Gholdengo
|-boost|p1b: Gholdengo|spa|2
|move|p1a: Amoonguss|Spore|p2a: Ursaluna
|-activate|p2a: Ursaluna|move: Protect
|move|p2b: Sinistcha|Trick Room|p2b: Sinistcha
|-fieldstart|move: Trick Room|[of] p2b: Sinistcha
|
|-status|p2a: Ursaluna|brn|[from] item: Flame Orb
|upkeep
|turn|2
|
|t:|1757150373
|move|p1b: Gholdengo|Protect|p1b: Gholdengo
|-singleturn|p1b: Gholdengo|Protect
|move|p1a: Amoonguss|Spore|p2b: Sinistcha
|-status|p2b: Sinistcha|slp|[from] move: Spore
|move|p2a: Ursaluna|Earthquake|p1b: Gholdengo|[spread] p2b,p1a
|-activate|p1b: Gholdengo|move: Protect
|-damage|p2b: Sinistcha|40/100 slp
|-damage|p1a: Amoonguss|56/100
|-enditem|p2b: Sinistcha|Sitrus Berry|[eat]
|-heal|p2b: Sinistcha|65/100 slp|[from] item: Sitrus Berry
|cant|p2b: Sinistcha|slp
|
|-damage|p2a: Ursaluna|95/100 brn|[from] brn
|upkeep
|turn|3
|inactive|HolgerD has 30 seconds left.
|inactive|HolgerD has 20 seconds left.
|
|t:|1757150410
|-terastallize|p1b: Gholdengo|Water
|move|p2a: Ursaluna|Protect|p2a: Ursaluna
|-singleturn|p2a: Ursaluna|Protect
|move|p1a: Amoonguss|Rage Powder|p1a: Amoonguss
|-singleturn|p1a: Amoonguss|move: Rage Powder
|cant|p2b: Sinistcha|slp
|move|p1b: Gholdengo|Make It Rain|p2b: Sinistcha|[spread] p2b
|-activate|p2a: Ursaluna|move: Protect
|-damage|p2b: Sinistcha|0 fnt
|-unboost|p1b: Gholdengo|spa|1
|faint|p2b: Sinistcha
|-damage|p1b: Gholdengo|91/100|[from] item: Life Orb
|
|-damage|p2a: Ursaluna|89/100 brn|[from] brn
|upkeep
|
|t:|1757150422
|switch|p2b: Pelipper|Pelipper, L50, M|100/100
|-weather|RainDance|[from] ability: Drizzle|[of] p2b: Pelipper
|turn|4
|inactive|Gaspar8 has 30 seconds left.
|inactive|HolgerD has 30 seconds left.
|
|t:|1757150454
|switch|p1a: Archaludon|Archaludon, L50, F, shiny|100/100
|move|p1b: Gholdengo|Protect|p1b: Gholdengo
|-singleturn|p1b: Gholdengo|Protect
|move|p2a: Ursaluna|Facade|p1b: Gholdengo
|-activate|p1b: Gholdengo|move: Protect
|move|p2b: Pelipper|Hurricane|p1a: Archaludon
|-resisted|p1a: Archaludon
|-damage|p1a: Archaludon|87/100
|-ability|p1a: Archaludon|Stamina|boost
|-boost|p1a: Archaludon|def|1
|
|-weather|RainDance|[upkeep]
|-damage|p2a: Ursaluna|83/100 brn|[from] brn
|upkeep
|turn|5
|
|t:|1757150475
|move|p2a: Ursaluna|Facade|p1b: Gholdengo
|-damage|p1b: Gholdengo|0 fnt
|faint|p1b: Gholdengo
|move|p1a: Archaludon|Body Press|p2a: Ursaluna
|-supereffective|p2a: Ursaluna
|-damage|p2a: Ursaluna|32/100 brn
|move|p2b: Pelipper|Tailwind|p2b: Pelipper
|-sidestart|p2: HolgerD|move: Tailwind
|
|-weather|RainDance|[upkeep]
|-damage|p2a: Ursaluna|26/100 brn|[from] brn
|-fieldend|move: Trick Room
|upkeep
|
|t:|1757150488
|switch|p1b: Basculegion|Basculegion, L50, M|100/100
|turn|6
|
|t:|1757150506
|move|p2a: Ursaluna|Protect|p2a: Ursaluna
|-singleturn|p2a: Ursaluna|Protect
|move|p1b: Basculegion|Flip Turn|p2b: Pelipper
|-resisted|p2b: Pelipper
|-damage|p2b: Pelipper|52/100
|
|t:|1757150512
|switch|p1b: Amoonguss|Amoonguss, L50, F, shiny|90/100|[from] Flip Turn
|move|p2b: Pelipper|Hurricane|p1b: Amoonguss
|-supereffective|p1b: Amoonguss
|-damage|p1b: Amoonguss|6/100
|move|p1a: Archaludon|Electro Shot||[still]
|-prepare|p1a: Archaludon|Electro Shot
|-boost|p1a: Archaludon|spa|1
|-anim|p1a: Archaludon|Electro Shot|p2b: Pelipper
|-supereffective|p2b: Pelipper
|-damage|p2b: Pelipper|0 fnt
|faint|p2b: Pelipper
|
|-weather|RainDance|[upkeep]
|-damage|p2a: Ursaluna|20/100 brn|[from] brn
|upkeep
|
|t:|1757150522
|switch|p2b: Basculegion|Basculegion, L50, M|100/100
|turn|7
|
|t:|1757150537
|move|p1b: Amoonguss|Rage Powder|p1b: Amoonguss
|-singleturn|p1b: Amoonguss|move: Rage Powder
|move|p2b: Basculegion|Last Respects|p1b: Amoonguss
|-damage|p1b: Amoonguss|0 fnt
|faint|p1b: Amoonguss
|move|p2a: Ursaluna|Headlong Rush|p1a: Archaludon
|-supereffective|p1a: Archaludon
|-damage|p1a: Archaludon|0 fnt
|-unboost|p2a: Ursaluna|def|1
|-unboost|p2a: Ursaluna|spd|1
|faint|p1a: Archaludon
|
|-weather|RainDance|[upkeep]
|-damage|p2a: Ursaluna|14/100 brn|[from] brn
|upkeep
|
|t:|1757150552
|switch|p1a: Basculegion|Basculegion, L50, M|100/100
|turn|8
|
|t:|1757150565
|move|p1a: Basculegion|Aqua Jet|p2a: Ursaluna
|-supereffective|p2a: Ursaluna
|-damage|p2a: Ursaluna|0 fnt
|faint|p2a: Ursaluna
|move|p2b: Basculegion|Last Respects|p1a: Basculegion
|-supereffective|p1a: Basculegion
|-damage|p1a: Basculegion|0 fnt
|faint|p1a: Basculegion
|
|win|HolgerD
|raw|Gaspar8's rating: 1394 → 1375(-19 for losing)
|raw|HolgerD's rating: 1409 → 1428(+19 for winning)
|l|☆Gaspar8
|player|p1|
