|j|☆Pickle315
|j|☆okkoso
|html|Pickle315okkoso    
|uhtml|bestof|Game 3 of a best-of-3
|t:|1756957840
|gametype|doubles
|player|p1|Pickle315|hilbert|1096
|player|p2|okkoso|waiter-gen4dp|1000
|gen|9
|tier|[Gen 9] VGC 2025 Reg H (Bo3)
|rated|
|rule|Species Clause: Limit one of each Pokémon
|rule|Item Clause: Limit 1 of each item
|clearpoke
|poke|p1|Torkoal, L50, F|
|poke|p1|Amoonguss, L50, M|
|poke|p1|Charizard, L50, M|
|poke|p1|Kingambit, L50, F|
|poke|p1|Rillaboom, L50, M|
|poke|p1|Dragapult, L50, F|
|poke|p2|Incineroar, L50, F|
|poke|p2|Gholdengo, L50|
|poke|p2|Dragonite, L50, F|
|poke|p2|Amoonguss, L50, F|
|poke|p2|Ursaluna-Bloodmoon, L50, M|
|poke|p2|Sneasler, L50, M|
|teampreview|4
|showteam|p1|Torkoal||CovertCloak|Drought|BodyPress,ClearSmog,HelpingHand,WillOWisp|||F|||50|,,,,,Fighting]Amoonguss||RockyHelmet|Regenerator|PollenPuff,RagePowder,Spore,Synthesis|||M|||50|,,,,,Water]Charizard||LifeOrb|SolarPower|TeraBlast,HeatWave,Protect,SolarBeam|||M|||50|,,,,,Flying]Kingambit||AssaultVest|Defiant|KowtowCleave,IronHead,SuckerPunch,BrickBreak|||F|||50|,,,,,Ghost]Rillaboom||SitrusBerry|GrassySurge|HighHorsepower,GrassyGlide,SolarBlade,FakeOut|||M|||50|,,,,,Electric]Dragapult||ColburBerry|ClearBody|SunnyDay,Protect,DracoMeteor,Thunderbolt|||F|||50|,,,,,Steel
|showteam|p2|Incineroar||SafetyGoggles|Intimidate|FlareBlitz,KnockOff,PartingShot,FakeOut|||F|||50|,,,,,Ghost]Gholdengo||LifeOrb|GoodasGold|MakeItRain,ShadowBall,NastyPlot,Protect||||||50|,,,,,Water]Dragonite||LoadedDice|Multiscale|ScaleShot,Tailwind,Haze,Protect|||F|||50|,,,,,Fairy]Amoonguss||SitrusBerry|Regenerator|Spore,RagePowder,PollenPuff,Protect|||F|||50|,,,,,Psychic]Ursaluna-Bloodmoon||AssaultVest|MindsEye|HyperVoice,BloodMoon,EarthPower,VacuumWave|||M|||50|,,,,,Water]Sneasler||FocusSash|Unburden|CloseCombat,DireClaw,ThroatChop,Protect|||M|||50|,,,,,Stellar
|
|t:|1756957883
|teamsize|p1|4
|teamsize|p2|4
|start
|switch|p1a: Torkoal|Torkoal, L50, F|100/100
|switch|p1b: Charizard|Charizard, L50, M|100/100
|switch|p2a: Amoonguss|Amoonguss, L50, F|100/100
|switch|p2b: Gholdengo|Gholdengo, L50|100/100
|-weather|SunnyDay|[from] ability: Drought|[of] p1a: Torkoal
|turn|1
|
|t:|1756957898
|switch|p2a: Ursaluna|Ursaluna-Bloodmoon, L50, M|100/100
|-terastallize|p2b: Gholdengo|Water
|move|p1a: Torkoal|Helping Hand|p1b: Charizard
|-singleturn|p1b: Charizard|Helping Hand|[of] p1a: Torkoal
|move|p1b: Charizard|Heat Wave|p2b: Gholdengo|[spread] p2a,p2b
|-resisted|p2b: Gholdengo
|-damage|p2a: Ursaluna|12/100
|-damage|p2b: Gholdengo|22/100
|-status|p2a: Ursaluna|brn
|-damage|p1b: Charizard|91/100|[from] item: Life Orb
|move|p2b: Gholdengo|Nasty Plot|p2b: Gholdengo
|-boost|p2b: Gholdengo|spa|2
|
|-weather|SunnyDay|[upkeep]
|-damage|p1b: Charizard|78/100|[from] ability: Solar Power|[of] p1b: Charizard
|-damage|p2a: Ursaluna|6/100 brn|[from] brn
|upkeep
|turn|2
|
|t:|1756957919
|move|p1b: Charizard|Heat Wave|p2a: Ursaluna|[spread] p2a,p2b
|-resisted|p2b: Gholdengo
|-damage|p2a: Ursaluna|0 fnt
|-damage|p2b: Gholdengo|0 fnt
|faint|p2a: Ursaluna
|faint|p2b: Gholdengo
|-damage|p1b: Charizard|69/100|[from] item: Life Orb
|move|p1a: Torkoal|Body Press|p2: Ursaluna|[notarget]
|-fail|p1a: Torkoal
|
|-weather|SunnyDay|[upkeep]
|-damage|p1b: Charizard|56/100|[from] ability: Solar Power|[of] p1b: Charizard
|upkeep
|
|t:|1756957922
|switch|p2b: Amoonguss|Amoonguss, L50, F|100/100
|switch|p2a: Dragonite|Dragonite, L50, F|100/100
|turn|3
|
|t:|1756957941
|switch|p1b: Amoonguss|Amoonguss, L50, M|100/100
|move|p2b: Amoonguss|Protect|p2b: Amoonguss
|-singleturn|p2b: Amoonguss|Protect
|move|p2a: Dragonite|Scale Shot|p1b: Amoonguss
|-damage|p1b: Amoonguss|83/100
|-damage|p1b: Amoonguss|67/100
|-damage|p1b: Amoonguss|52/100
|-damage|p1b: Amoonguss|35/100
|-hitcount|p1b: Amoonguss|4
|-unboost|p2a: Dragonite|def|1
|-boost|p2a: Dragonite|spe|1
|move|p1a: Torkoal|Will-O-Wisp|p2a: Dragonite|[miss]
|-miss|p1a: Torkoal|p2a: Dragonite
|
|-weather|SunnyDay|[upkeep]
|upkeep
|turn|4
|
|t:|1756957963
|switch|p1b: Kingambit|Kingambit, L50, F|100/100
|move|p2a: Dragonite|Scale Shot|p1b: Kingambit
|-resisted|p1b: Kingambit
|-damage|p1b: Kingambit|96/100
|-resisted|p1b: Kingambit
|-damage|p1b: Kingambit|90/100
|-resisted|p1b: Kingambit
|-damage|p1b: Kingambit|85/100
|-resisted|p1b: Kingambit
|-damage|p1b: Kingambit|79/100
|-hitcount|p1b: Kingambit|4
|-unboost|p2a: Dragonite|def|1
|-boost|p2a: Dragonite|spe|1
|move|p2b: Amoonguss|Spore|p1b: Kingambit
|-status|p1b: Kingambit|slp|[from] move: Spore
|move|p1a: Torkoal|Will-O-Wisp|p2a: Dragonite
|-status|p2a: Dragonite|brn
|
|-weather|SunnyDay|[upkeep]
|-damage|p2a: Dragonite|95/100 brn|[from] brn
|upkeep
|turn|5
|
|t:|1756957988
|move|p2a: Dragonite|Tailwind|p2a: Dragonite
|-sidestart|p2: okkoso|move: Tailwind
|move|p2b: Amoonguss|Pollen Puff|p1b: Kingambit
|-damage|p1b: Kingambit|68/100 slp
|cant|p1b: Kingambit|slp
|move|p1a: Torkoal|Will-O-Wisp|p2b: Amoonguss|[miss]
|-miss|p1a: Torkoal|p2b: Amoonguss
|
|-weather|none
|-damage|p2a: Dragonite|89/100 brn|[from] brn
|upkeep
|turn|6
|
|t:|1756958004
|move|p2a: Dragonite|Scale Shot|p1b: Kingambit
|-resisted|p1b: Kingambit
|-damage|p1b: Kingambit|65/100 slp
|-resisted|p1b: Kingambit
|-damage|p1b: Kingambit|62/100 slp
|-resisted|p1b: Kingambit
|-damage|p1b: Kingambit|59/100 slp
|-resisted|p1b: Kingambit
|-damage|p1b: Kingambit|57/100 slp
|-hitcount|p1b: Kingambit|4
|-unboost|p2a: Dragonite|def|1
|-boost|p2a: Dragonite|spe|1
|move|p2b: Amoonguss|Spore|p1a: Torkoal
|-status|p1a: Torkoal|slp|[from] move: Spore
|cant|p1b: Kingambit|slp
|cant|p1a: Torkoal|slp
|
|-damage|p2a: Dragonite|83/100 brn|[from] brn
|upkeep
|turn|7
|
|t:|1756958024
|move|p2a: Dragonite|Scale Shot|p1b: Kingambit
|-resisted|p1b: Kingambit
|-damage|p1b: Kingambit|54/100 slp
|-resisted|p1b: Kingambit
|-damage|p1b: Kingambit|51/100 slp
|-resisted|p1b: Kingambit
|-damage|p1b: Kingambit|48/100 slp
|-resisted|p1b: Kingambit
|-damage|p1b: Kingambit|45/100 slp
|-hitcount|p1b: Kingambit|4
|-unboost|p2a: Dragonite|def|1
|-boost|p2a: Dragonite|spe|1
|move|p2b: Amoonguss|Pollen Puff|p1b: Kingambit
|-damage|p1b: Kingambit|34/100 slp
|cant|p1b: Kingambit|slp
|cant|p1a: Torkoal|slp
|
|-damage|p2a: Dragonite|77/100 brn|[from] brn
|upkeep
|turn|8
|
|t:|1756958045
|move|p2a: Dragonite|Scale Shot|p1b: Kingambit
|-resisted|p1b: Kingambit
|-damage|p1b: Kingambit|32/100 slp
|-resisted|p1b: Kingambit
|-damage|p1b: Kingambit|29/100 slp
|-resisted|p1b: Kingambit
|-damage|p1b: Kingambit|27/100 slp
|-resisted|p1b: Kingambit
|-damage|p1b: Kingambit|24/100 slp
|-resisted|p1b: Kingambit
|-damage|p1b: Kingambit|22/100 slp
|-hitcount|p1b: Kingambit|5
|-unboost|p2a: Dragonite|def|1
|-boost|p2a: Dragonite|spe|1
|move|p2b: Amoonguss|Spore|p1b: Kingambit
|-fail|p1b: Kingambit|slp
|-curestatus|p1b: Kingambit|slp|[msg]
|move|p1b: Kingambit|Kowtow Cleave|p2a: Dragonite
|-damage|p2a: Dragonite|0 fnt
|faint|p2a: Dragonite
|cant|p1a: Torkoal|slp
|
|-sideend|p2: okkoso|move: Tailwind
|upkeep
|turn|9
|
|t:|1756958074
|move|p1b: Kingambit|Iron Head|p2b: Amoonguss
|-crit|p2b: Amoonguss
|-damage|p2b: Amoonguss|35/100
|-enditem|p2b: Amoonguss|Sitrus Berry|[eat]
|-heal|p2b: Amoonguss|60/100|[from] item: Sitrus Berry
|move|p2b: Amoonguss|Spore|p1b: Kingambit
|-status|p1b: Kingambit|slp|[from] move: Spore
|-curestatus|p1a: Torkoal|slp|[msg]
|move|p1a: Torkoal|Will-O-Wisp|p2b: Amoonguss
|-status|p2b: Amoonguss|brn
|
|-damage|p2b: Amoonguss|54/100 brn|[from] brn
|upkeep
|turn|10
|
|t:|1756958089
|cant|p1b: Kingambit|slp
|move|p2b: Amoonguss|Pollen Puff|p1b: Kingambit
|-damage|p1b: Kingambit|9/100 slp
|move|p1a: Torkoal|Body Press|p2b: Amoonguss
|-resisted|p2b: Amoonguss
|-damage|p2b: Amoonguss|39/100 brn
|
|-damage|p2b: Amoonguss|33/100 brn|[from] brn
|upkeep
|turn|11
|
|t:|1756958100
|cant|p1b: Kingambit|slp
|move|p2b: Amoonguss|Spore|p1a: Torkoal
|-status|p1a: Torkoal|slp|[from] move: Spore
|cant|p1a: Torkoal|slp
|
|-damage|p2b: Amoonguss|27/100 brn|[from] brn
|upkeep
|turn|12
|
|t:|1756958110
|cant|p1b: Kingambit|slp
|move|p2b: Amoonguss|Pollen Puff|p1b: Kingambit
|-damage|p1b: Kingambit|0 fnt
|faint|p1b: Kingambit
|cant|p1a: Torkoal|slp
|
|-damage|p2b: Amoonguss|21/100 brn|[from] brn
|upkeep
|
|t:|1756958119
|switch|p1b: Charizard|Charizard, L50, M|56/100
|turn|13
|
|t:|1756958127
|-terastallize|p1b: Charizard|Flying
|move|p1b: Charizard|Tera Blast|p2b: Amoonguss|[anim] Tera Blast Flying
|-supereffective|p2b: Amoonguss
|-damage|p2b: Amoonguss|0 fnt
|faint|p2b: Amoonguss
|-damage|p1b: Charizard|47/100|[from] item: Life Orb
|
|win|Pickle315
|raw|Pickle315's rating: 1096 → 1115(+19 for winning)
|raw|okkoso's rating: 1000 → 1000(+0 for losing)
|l|☆Pickle315
|player|p1|
