|j|☆AyushXD
|j|☆zzsachi
|html|AyushXDzzsachi    
|uhtml|bestof|Game 1 of a best-of-3
|t:|1785835752
|gametype|doubles
|player|p1|AyushXD|lucas-gen4pt|1323
|player|p2|zzsachi|101|1214
|gen|9
|tier|[Gen 9 Champions] VGC 2026 Reg M-B (Bo3)
|rated|
|rule|Species Clause: Limit one of each Pokémon
|rule|Item Clause: Limit 1 of each item
|clearpoke
|poke|p1|Gengar, L50, F, shiny|
|poke|p1|Archaludon, L50, M|
|poke|p1|Politoed, L50, F|
|poke|p1|Swampert, L50, F|
|poke|p1|Vivillon, L50, F|
|poke|p1|Incineroar, L50, F|
|poke|p2|Whimsicott, L50, M|
|poke|p2|Garchomp, L50, M|
|poke|p2|Kingambit, L50, F|
|poke|p2|Staraptor, L50, F|
|poke|p2|Glimmora, L50, M|
|poke|p2|Delphox, L50, M|
|teampreview|4
|showteam|p1|Gengar||Gengarite|CursedBody|ShadowBall,SludgeBomb,PerishSong,Protect|Modest||F|||50|]Archaludon||Leftovers|Stamina|ElectroShot,DragonPulse,FlashCannon,Protect|Bold||M|||50|]Politoed||SitrusBerry|Drizzle|WeatherBall,Hypnosis,PerishSong,Protect|Calm||F|||50|]Swampert||Swampertite|Torrent|WaveCrash,Earthquake,IcePunch,Protect|Adamant||F|||50|]Vivillon||FocusSash|CompoundEyes|Hurricane,SleepPowder,RagePowder,Protect|Timid||F|||50|]Incineroar||PasshoBerry|Intimidate|ThroatChop,FakeOut,PartingShot,Protect|Impish||F|||50|
|showteam|p2|Whimsicott||OccaBerry|Prankster|Moonblast,Tailwind,Charm,LightScreen|Timid||M|||50|]Garchomp||LifeOrb|RoughSkin|DragonClaw,Earthquake,RockSlide,Protect|Jolly||M|||50|]Kingambit||ChopleBerry|Defiant|LowKick,SuckerPunch,KowtowCleave,IronHead|Adamant||F|||50|]Staraptor||Staraptite|Intimidate|CloseCombat,BraveBird,Roost,Protect|Jolly||F|||50|]Glimmora||FocusSash|ToxicDebris|SpikyShield,SludgeBomb,EarthPower,PowerGem|Modest||M|||50|]Delphox||Delphoxite|Blaze|HeatWave,Psychic,Substitute,Protect|Timid||M|||50|
|inactive|Battle timer is ON: inactive players will automatically lose when time's up. (requested by AyushXD)
|inactive|zzsachi has 60 seconds left.
|
|t:|1785835827
|teamsize|p1|4
|teamsize|p2|4
|start
|switch|p1a: Gengar|Gengar, L50, F, shiny|100/100
|switch|p1b: Incineroar|Incineroar, L50, F|100/100
|switch|p2a: Glimmora|Glimmora, L50, M|100/100
|switch|p2b: Whimsicott|Whimsicott, L50, M|100/100
|-ability|p1b: Incineroar|Intimidate|boost
|-unboost|p2a: Glimmora|atk|1
|-unboost|p2b: Whimsicott|atk|1
|turn|1
|
|t:|1785835847
|detailschange|p1a: Gengar|Gengar-Mega, L50, F, shiny
|-mega|p1a: Gengar|Gengar|Gengarite
|move|p1b: Incineroar|Fake Out|p2a: Glimmora
|-resisted|p2a: Glimmora|1
|-damage|p2a: Glimmora|93/100
|-activate|p2a: Glimmora|ability: Toxic Debris
|-sidestart|p1: AyushXD|move: Toxic Spikes
|move|p2b: Whimsicott|Tailwind|p2b: Whimsicott
|-sidestart|p2: zzsachi|move: Tailwind
|cant|p2a: Glimmora|flinch
|move|p1a: Gengar|Perish Song|p1a: Gengar
|-start|p1a: Gengar|perish3|[silent]
|-start|p1b: Incineroar|perish3|[silent]
|-start|p2a: Glimmora|perish3|[silent]
|-start|p2b: Whimsicott|perish3|[silent]
|-fieldactivate|move: Perish Song
|
|-start|p2b: Whimsicott|perish3
|-start|p2a: Glimmora|perish3
|-start|p1a: Gengar|perish3
|-start|p1b: Incineroar|perish3
|upkeep
|turn|2
|inactive|zzsachi has 30 seconds left.
|inactive|zzsachi has 20 seconds left.
|inactive|zzsachi has 15 seconds left.
|inactive|zzsachi has 10 seconds left.
|
|t:|1785835894
|move|p1a: Gengar|Protect|p1a: Gengar
|-singleturn|p1a: Gengar|Protect
|move|p1b: Incineroar|Protect|p1b: Incineroar
|-singleturn|p1b: Incineroar|Protect
|move|p2b: Whimsicott|Light Screen|p2b: Whimsicott
|-sidestart|p2: zzsachi|move: Light Screen
|move|p2a: Glimmora|Power Gem|p1b: Incineroar
|-activate|p1b: Incineroar|move: Protect
|
|-start|p2b: Whimsicott|perish2
|-start|p2a: Glimmora|perish2
|-start|p1a: Gengar|perish2
|-start|p1b: Incineroar|perish2
|upkeep
|turn|3
|
|t:|1785835911
|switch|p1a: Archaludon|Archaludon, L50, M|100/100
|move|p2b: Whimsicott|Moonblast|p1a: Archaludon
|-damage|p1a: Archaludon|73/100
|-ability|p1a: Archaludon|Stamina|boost
|-boost|p1a: Archaludon|def|1
|move|p2a: Glimmora|Earth Power|p1a: Archaludon
|-supereffective|p1a: Archaludon|1
|-damage|p1a: Archaludon|11/100
|-ability|p1a: Archaludon|Stamina|boost
|-boost|p1a: Archaludon|def|1
|move|p1b: Incineroar|Parting Shot|p2a: Glimmora
|-unboost|p2a: Glimmora|atk|1
|-unboost|p2a: Glimmora|spa|1
|
|t:|1785835925
|switch|p1b: Gengar|Gengar-Mega, L50, F, shiny|100/100|[from] Parting Shot
|-sideend|p1: AyushXD|move: Toxic Spikes|[of] p1b: Gengar
|
|-heal|p1a: Archaludon|17/100|[from] item: Leftovers
|-start|p2b: Whimsicott|perish1
|-start|p2a: Glimmora|perish1
|upkeep
|turn|4
|
|t:|1785835941
|move|p1b: Gengar|Protect|p1b: Gengar
|-singleturn|p1b: Gengar|Protect
|move|p1a: Archaludon|Protect|p1a: Archaludon
|-singleturn|p1a: Archaludon|Protect
|move|p2b: Whimsicott|Moonblast|p2a: Glimmora
|-resisted|p2a: Glimmora|1
|-damage|p2a: Glimmora|82/100
|move|p2a: Glimmora|Sludge Bomb|p2b: Whimsicott
|-supereffective|p2b: Whimsicott|2
|-damage|p2b: Whimsicott|0 fnt
|faint|p2b: Whimsicott
|
|-heal|p1a: Archaludon|23/100|[from] item: Leftovers
|-start|p2a: Glimmora|perish0
|faint|p2a: Glimmora
|-sideend|p2: zzsachi|move: Tailwind
|upkeep
|c|☆AyushXD|lol
|
|t:|1785835956
|switch|p2b: Kingambit|Kingambit, L50, F|100/100
|switch|p2a: Delphox|Delphox, L50, M|100/100
|turn|5
|c|☆AyushXD|I like that
|inactive|AyushXD has 30 seconds left.
|inactive|AyushXD has 20 seconds left.
|c|☆zzsachi|XD
|inactive|AyushXD has 15 seconds left.
|
|t:|1785835998
|switch|p1b: Politoed|Politoed, L50, F|100/100
|-weather|RainDance|[from] ability: Drizzle|[of] p1b: Politoed
|detailschange|p2a: Delphox|Delphox-Mega, L50, M
|-mega|p2a: Delphox|Delphox|Delphoxite
|move|p2a: Delphox|Psychic|p1b: Politoed
|-crit|p1b: Politoed
|-damage|p1b: Politoed|47/100
|-enditem|p1b: Politoed|Sitrus Berry|[eat]
|-heal|p1b: Politoed|72/100|[from] item: Sitrus Berry
|move|p1a: Archaludon|Electro Shot||[still]
|-prepare|p1a: Archaludon|Electro Shot
|-boost|p1a: Archaludon|spa|1
|-anim|p1a: Archaludon|Electro Shot|p2a: Delphox
|-damage|p2a: Delphox|66/100
|move|p2b: Kingambit|Low Kick|p1a: Archaludon
|-supereffective|p1a: Archaludon|1
|-damage|p1a: Archaludon|3/100
|-ability|p1a: Archaludon|Stamina|boost
|-boost|p1a: Archaludon|def|1
|
|-weather|RainDance|[upkeep]
|-heal|p1a: Archaludon|9/100|[from] item: Leftovers
|upkeep
|turn|6
|inactive|zzsachi has 30 seconds left.
|
|t:|1785836027
|move|p2a: Delphox|Substitute|p2a: Delphox
|-start|p2a: Delphox|Substitute
|-damage|p2a: Delphox|41/100
|move|p1a: Archaludon|Electro Shot||[still]
|-prepare|p1a: Archaludon|Electro Shot
|-boost|p1a: Archaludon|spa|1
|-anim|p1a: Archaludon|Electro Shot|p2a: Delphox
|-end|p2a: Delphox|Substitute
|move|p1b: Politoed|Perish Song|p1b: Politoed
|-start|p1a: Archaludon|perish3|[silent]
|-start|p1b: Politoed|perish3|[silent]
|-start|p2a: Delphox|perish3|[silent]
|-start|p2b: Kingambit|perish3|[silent]
|-fieldactivate|move: Perish Song
|move|p2b: Kingambit|Low Kick|p1a: Archaludon
|-supereffective|p1a: Archaludon|1
|-damage|p1a: Archaludon|0 fnt
|faint|p1a: Archaludon
|
|-weather|RainDance|[upkeep]
|-start|p2a: Delphox|perish3
|-start|p1b: Politoed|perish3
|-start|p2b: Kingambit|perish3
|-sideend|p2: zzsachi|move: Light Screen
|upkeep
|
|t:|1785836039
|switch|p1a: Incineroar|Incineroar, L50, F|100/100
|-ability|p1a: Incineroar|Intimidate|boost
|-unboost|p2a: Delphox|atk|1
|-unboost|p2b: Kingambit|atk|1
|-ability|p2b: Kingambit|Defiant|boost
|-boost|p2b: Kingambit|atk|2
|turn|7
|
|t:|1785836045
|move|p2a: Delphox|Protect|p2a: Delphox
|-singleturn|p2a: Delphox|Protect
|move|p1a: Incineroar|Fake Out|p2b: Kingambit
|-resisted|p2b: Kingambit|1
|-damage|p2b: Kingambit|96/100
|move|p1b: Politoed|Weather Ball|p2a: Delphox
|-activate|p2a: Delphox|move: Protect
|cant|p2b: Kingambit|flinch
|
|-weather|RainDance|[upkeep]
|-start|p2a: Delphox|perish2
|-start|p1b: Politoed|perish2
|-start|p2b: Kingambit|perish2
|upkeep
|turn|8
|
|t:|1785836058
|move|p1b: Politoed|Protect|p1b: Politoed
|-singleturn|p1b: Politoed|Protect
|move|p1a: Incineroar|Protect|p1a: Incineroar
|-singleturn|p1a: Incineroar|Protect
|move|p2a: Delphox|Psychic|p1b: Politoed
|-activate|p1b: Politoed|move: Protect
|move|p2b: Kingambit|Low Kick|p1a: Incineroar
|-activate|p1a: Incineroar|move: Protect
|
|-weather|RainDance|[upkeep]
|-start|p2a: Delphox|perish1
|-start|p1b: Politoed|perish1
|-start|p2b: Kingambit|perish1
|upkeep
|turn|9
|
|t:|1785836069
|move|p2a: Delphox|Protect|p2a: Delphox
|-singleturn|p2a: Delphox|Protect
|move|p1b: Politoed|Hypnosis|p2b: Kingambit
|-status|p2b: Kingambit|slp|[from] move: Hypnosis
|move|p1a: Incineroar|Throat Chop|p2a: Delphox
|-activate|p2a: Delphox|move: Protect
|cant|p2b: Kingambit|slp
|
|-weather|none
|-start|p2a: Delphox|perish0
|-start|p1b: Politoed|perish0
|-start|p2b: Kingambit|perish0
|faint|p2a: Delphox
|faint|p1b: Politoed
|faint|p2b: Kingambit
|
|win|AyushXD
||zzsachi is ready for game 2.
||AyushXD is ready for game 2.
|uhtml|next|Next: Game 2 of 3
