|j|☆Mr James Freak
|j|☆beckybug
|html|Mr James Freakbeckybug    
|uhtml|bestof|Game 1 of a best-of-3
|t:|1782508687
|gametype|doubles
|player|p1|Mr James Freak|scientist|1239
|player|p2|beckybug|briar|1237
|gen|9
|tier|[Gen 9 Champions] VGC 2026 Reg M-B (Bo3)
|rated|
|rule|Species Clause: Limit one of each Pokémon
|rule|Item Clause: Limit 1 of each item
|clearpoke
|poke|p1|Delphox, L50, F, shiny|
|poke|p1|Sinistcha-Masterpiece, L50|
|poke|p1|Sneasler, L50, M, shiny|
|poke|p1|Kingambit, L50, M, shiny|
|poke|p1|Dragonite, L50, M, shiny|
|poke|p1|Grimmsnarl, L50, M, shiny|
|poke|p2|Metagross, L50|
|poke|p2|Swampert, L50, F|
|poke|p2|Pelipper, L50, F|
|poke|p2|Archaludon, L50, F|
|poke|p2|Sinistcha-Masterpiece, L50|
|poke|p2|Grimmsnarl, L50, M|
|teampreview|4
|showteam|p1|Delphox||Delphoxite|Blaze|HeatWave,Psyshock,NastyPlot,Protect|Timid||F|||50|]Sinistcha-Masterpiece||SitrusBerry|Hospitality|MatchaGotcha,RagePowder,TrickRoom,Protect|Bold|||||50|]Sneasler||WhiteHerb|Unburden|CloseCombat,DireClaw,FakeOut,QuickGuard|Jolly||M|||50|]Kingambit||ChopleBerry|Defiant|KowtowCleave,SuckerPunch,LowKick,Protect|Adamant||M|||50|]Dragonite||RoseliBerry|InnerFocus|ExtremeSpeed,ScaleShot,Haze,Tailwind|Adamant||M|||50|]Grimmsnarl||LightClay|Prankster|SpiritBreak,Reflect,LightScreen,PartingShot|Relaxed||M|||50|
|showteam|p2|Metagross||Metagrossite|ClearBody|IronHead,PsychicFangs,BodyPress,Protect|Jolly|||||50|]Swampert||Swampertite|Torrent|WaveCrash,Earthquake,IcePunch,Protect|Adamant||F|||50|]Pelipper||SitrusBerry|Drizzle|WeatherBall,Hurricane,Tailwind,Protect|Modest||F|||50|]Archaludon||Leftovers|Stamina|FlashCannon,DragonPulse,ElectroShot,Protect|Modest||F|||50|]Sinistcha-Masterpiece||CobaBerry|Hospitality|MatchaGotcha,RagePowder,TrickRoom,Protect|Relaxed|||||50|]Grimmsnarl||LightClay|Prankster|FoulPlay,PartingShot,Reflect,LightScreen|Calm||M|||50|
|j| Vgc cookie 7
|
|t:|1782508718
|teamsize|p1|4
|teamsize|p2|4
|start
|switch|p1a: Grimmsnarl|Grimmsnarl, L50, M, shiny|100/100
|switch|p1b: Sinistcha|Sinistcha-Masterpiece, L50|100/100
|switch|p2a: Grimmsnarl|Grimmsnarl, L50, M|100/100
|switch|p2b: Swampert|Swampert, L50, F|100/100
|turn|1
|
|t:|1782508732
|move|p2b: Swampert|Protect|p2b: Swampert
|-singleturn|p2b: Swampert|Protect
|move|p1b: Sinistcha|Matcha Gotcha|p2b: Swampert|[spread] p2a
|-activate|p2b: Swampert|move: Protect
|-damage|p2a: Grimmsnarl|78/100
|move|p2a: Grimmsnarl|Foul Play|p1b: Sinistcha
|-supereffective|p1b: Sinistcha|1
|-damage|p1b: Sinistcha|69/100
|move|p1a: Grimmsnarl|Spirit Break|p2a: Grimmsnarl
|-supereffective|p2a: Grimmsnarl|1
|-damage|p2a: Grimmsnarl|15/100
|-unboost|p2a: Grimmsnarl|spa|1
|
|upkeep
|turn|2
|
|t:|1782508747
|switch|p2b: Archaludon|Archaludon, L50, F|100/100
|move|p2a: Grimmsnarl|Light Screen|p2a: Grimmsnarl
|-sidestart|p2: beckybug|move: Light Screen
|move|p1a: Grimmsnarl|Reflect|p1a: Grimmsnarl
|-sidestart|p1: Mr James Freak|Reflect
|move|p1b: Sinistcha|Matcha Gotcha|p2b: Archaludon|[spread] p2a,p2b
|-resisted|p2b: Archaludon|2
|-damage|p2a: Grimmsnarl|1/100
|-heal|p1b: Sinistcha|77/100|[from] drain|[of] p2a: Grimmsnarl
|-damage|p2b: Archaludon|96/100
|-heal|p1b: Sinistcha|80/100|[from] drain|[of] p2b: Archaludon
|-status|p2a: Grimmsnarl|brn
|-status|p2b: Archaludon|brn
|-ability|p2b: Archaludon|Stamina|boost
|-boost|p2b: Archaludon|def|1
|
|-heal|p2b: Archaludon|100/100 brn|[from] item: Leftovers
|-damage|p2b: Archaludon|93/100 brn|[from] brn
|-damage|p2a: Grimmsnarl|0 fnt|[from] brn
|faint|p2a: Grimmsnarl
|upkeep
|
|t:|1782508763
|switch|p2a: Pelipper|Pelipper, L50, F|100/100
|-weather|RainDance|[from] ability: Drizzle|[of] p2a: Pelipper
|turn|3
|
|t:|1782508783
|move|p1b: Sinistcha|Protect|p1b: Sinistcha
|-singleturn|p1b: Sinistcha|Protect
|move|p1a: Grimmsnarl|Light Screen|p1a: Grimmsnarl
|-sidestart|p1: Mr James Freak|move: Light Screen
|move|p2b: Archaludon|Electro Shot||[still]
|-prepare|p2b: Archaludon|Electro Shot
|-boost|p2b: Archaludon|spa|1
|-anim|p2b: Archaludon|Electro Shot|p1a: Grimmsnarl
|-damage|p1a: Grimmsnarl|56/100
|move|p2a: Pelipper|Hurricane|p1b: Sinistcha
|-activate|p1b: Sinistcha|move: Protect
|
|-weather|RainDance|[upkeep]
|-heal|p2b: Archaludon|100/100 brn|[from] item: Leftovers
|-damage|p2b: Archaludon|93/100 brn|[from] brn
|upkeep
|turn|4
|l| Vgc cookie 7
|
|t:|1782508814
|move|p1a: Grimmsnarl|Parting Shot|p2b: Archaludon
|-unboost|p2b: Archaludon|atk|1
|-unboost|p2b: Archaludon|spa|1
|
|t:|1782508820
|switch|p1a: Sneasler|Sneasler, L50, M, shiny|100/100|[from] Parting Shot
|move|p2b: Archaludon|Electro Shot||[still]
|-prepare|p2b: Archaludon|Electro Shot
|-boost|p2b: Archaludon|spa|1
|-anim|p2b: Archaludon|Electro Shot|p1a: Sneasler
|-damage|p1a: Sneasler|48/100
|move|p2a: Pelipper|Weather Ball|p1a: Sneasler
|-damage|p1a: Sneasler|0 fnt
|faint|p1a: Sneasler
|move|p1b: Sinistcha|Matcha Gotcha|p2a: Pelipper|[spread] p2a,p2b
|-resisted|p2b: Archaludon|2
|-damage|p2a: Pelipper|79/100
|-heal|p1b: Sinistcha|90/100|[from] drain|[of] p2a: Pelipper
|-damage|p2b: Archaludon|90/100 brn
|-heal|p1b: Sinistcha|92/100|[from] drain|[of] p2b: Archaludon
|-status|p2a: Pelipper|brn
|-ability|p2b: Archaludon|Stamina|boost
|-boost|p2b: Archaludon|def|1
|
|-weather|RainDance|[upkeep]
|-heal|p2b: Archaludon|96/100 brn|[from] item: Leftovers
|-damage|p2b: Archaludon|90/100 brn|[from] brn
|-damage|p2a: Pelipper|73/100 brn|[from] brn
|upkeep
|
|t:|1782508833
|switch|p1a: Grimmsnarl|Grimmsnarl, L50, M, shiny|56/100
|turn|5
|
|t:|1782508846
|move|p1a: Grimmsnarl|Parting Shot|p2b: Archaludon
|-unboost|p2b: Archaludon|atk|1
|-unboost|p2b: Archaludon|spa|1
|
|t:|1782508850
|switch|p1a: Delphox|Delphox, L50, F, shiny|100/100|[from] Parting Shot
|move|p2b: Archaludon|Electro Shot||[still]
|-prepare|p2b: Archaludon|Electro Shot
|-boost|p2b: Archaludon|spa|1
|-anim|p2b: Archaludon|Electro Shot|p1a: Delphox
|-crit|p1a: Delphox
|-damage|p1a: Delphox|3/100
|move|p2a: Pelipper|Hurricane|p1b: Sinistcha
|-supereffective|p1b: Sinistcha|1
|-damage|p1b: Sinistcha|35/100
|-enditem|p1b: Sinistcha|Sitrus Berry|[eat]
|-heal|p1b: Sinistcha|60/100|[from] item: Sitrus Berry
|move|p1b: Sinistcha|Matcha Gotcha|p2a: Pelipper|[spread] p2a,p2b
|-resisted|p2b: Archaludon|2
|-damage|p2a: Pelipper|53/100 brn
|-heal|p1b: Sinistcha|70/100|[from] drain|[of] p2a: Pelipper
|-damage|p2b: Archaludon|86/100 brn
|-heal|p1b: Sinistcha|72/100|[from] drain|[of] p2b: Archaludon
|-ability|p2b: Archaludon|Stamina|boost
|-boost|p2b: Archaludon|def|1
|
|-weather|RainDance|[upkeep]
|-heal|p2b: Archaludon|92/100 brn|[from] item: Leftovers
|-damage|p2b: Archaludon|86/100 brn|[from] brn
|-damage|p2a: Pelipper|47/100 brn|[from] brn
|upkeep
|-enditem|p2a: Pelipper|Sitrus Berry|[eat]
|-heal|p2a: Pelipper|71/100 brn|[from] item: Sitrus Berry
|turn|6
|
|t:|1782508892
|switch|p1b: Grimmsnarl|Grimmsnarl, L50, M, shiny|56/100
|detailschange|p1a: Delphox|Delphox-Mega, L50, F, shiny
|-mega|p1a: Delphox|Delphox|Delphoxite
|move|p1a: Delphox|Psyshock|p2a: Pelipper
|-damage|p2a: Pelipper|41/100 brn
|move|p2b: Archaludon|Dragon Pulse|p1b: Grimmsnarl
|-immune|p1b: Grimmsnarl
|move|p2a: Pelipper|Tailwind|p2a: Pelipper
|-sidestart|p2: beckybug|move: Tailwind
|
|-weather|RainDance|[upkeep]
|-heal|p2b: Archaludon|92/100 brn|[from] item: Leftovers
|-damage|p2b: Archaludon|86/100 brn|[from] brn
|-damage|p2a: Pelipper|35/100 brn|[from] brn
|upkeep
|turn|7
|
|t:|1782508916
|move|p1a: Delphox|Protect|p1a: Delphox
|-singleturn|p1a: Delphox|Protect
|move|p1b: Grimmsnarl|Parting Shot|p2b: Archaludon
|-unboost|p2b: Archaludon|atk|1
|-unboost|p2b: Archaludon|spa|1
|
|t:|1782508922
|switch|p1b: Sinistcha|Sinistcha-Masterpiece, L50|72/100|[from] Parting Shot
|-heal|p1a: Delphox|27/100|[from] ability: Hospitality|[of] p1b: Sinistcha
|move|p2b: Archaludon|Flash Cannon|p1b: Sinistcha
|-damage|p1b: Sinistcha|47/100
|move|p2a: Pelipper|Weather Ball|p1a: Delphox
|-activate|p1a: Delphox|move: Protect
|
|-weather|none
|-heal|p2b: Archaludon|92/100 brn|[from] item: Leftovers
|-damage|p2b: Archaludon|86/100 brn|[from] brn
|-damage|p2a: Pelipper|29/100 brn|[from] brn
|upkeep
|turn|8
|
|t:|1782508937
|switch|p2a: Swampert|Swampert, L50, F|100/100
|move|p1b: Sinistcha|Rage Powder|p1b: Sinistcha
|-singleturn|p1b: Sinistcha|move: Rage Powder
|move|p2b: Archaludon|Dragon Pulse|p1b: Sinistcha
|-damage|p1b: Sinistcha|19/100
|move|p1a: Delphox|Psyshock|p2a: Swampert
|-damage|p2a: Swampert|72/100
|
|-heal|p2b: Archaludon|92/100 brn|[from] item: Leftovers
|-damage|p2b: Archaludon|86/100 brn|[from] brn
|upkeep
|turn|9
|
|t:|1782508965
|switch|p2a: Pelipper|Pelipper, L50, F|29/100 brn
|-weather|RainDance|[from] ability: Drizzle|[of] p2a: Pelipper
|move|p1b: Sinistcha|Protect|p1b: Sinistcha
|-singleturn|p1b: Sinistcha|Protect
|move|p2b: Archaludon|Electro Shot||[still]
|-prepare|p2b: Archaludon|Electro Shot
|-boost|p2b: Archaludon|spa|1
|-anim|p2b: Archaludon|Electro Shot|p1b: Sinistcha
|-activate|p1b: Sinistcha|move: Protect
|move|p1a: Delphox|Psyshock|p2a: Pelipper
|-damage|p2a: Pelipper|0 fnt
|faint|p2a: Pelipper
|
|-weather|RainDance|[upkeep]
|-heal|p2b: Archaludon|92/100 brn|[from] item: Leftovers
|-damage|p2b: Archaludon|86/100 brn|[from] brn
|-sideend|p1: Mr James Freak|Reflect
|-sideend|p2: beckybug|move: Light Screen
|-sideend|p2: beckybug|move: Tailwind
|upkeep
|
|t:|1782508973
|switch|p2a: Swampert|Swampert, L50, F|72/100
|turn|10
|
|t:|1782508993
|switch|p1b: Grimmsnarl|Grimmsnarl, L50, M, shiny|56/100
|detailschange|p2a: Swampert|Swampert-Mega, L50, F
|-mega|p2a: Swampert|Swampert|Swampertite
|move|p2a: Swampert|Wave Crash|p1b: Grimmsnarl
|-damage|p1b: Grimmsnarl|0 fnt
|faint|p1b: Grimmsnarl
|-damage|p2a: Swampert|52/100|[from] Recoil
|move|p1a: Delphox|Psyshock|p2a: Swampert
|-damage|p2a: Swampert|19/100
|move|p2b: Archaludon|Dragon Pulse|p1a: Delphox
|-damage|p1a: Delphox|0 fnt
|faint|p1a: Delphox
|
|-weather|RainDance|[upkeep]
|-heal|p2b: Archaludon|92/100 brn|[from] item: Leftovers
|-damage|p2b: Archaludon|86/100 brn|[from] brn
|-sideend|p1: Mr James Freak|move: Light Screen
|upkeep
|
|t:|1782509005
|switch|p1a: Sinistcha|Sinistcha-Masterpiece, L50|19/100
|turn|11
|
|t:|1782509009
|move|p2a: Swampert|Ice Punch|p1a: Sinistcha
|-supereffective|p1a: Sinistcha|1
|-damage|p1a: Sinistcha|0 fnt
|faint|p1a: Sinistcha
|
|win|beckybug
||beckybug is ready for game 2.
||Mr James Freak is ready for game 2.
|uhtml|next|Next: Game 2 of 3
