|j|☆lolgz
|j|☆elitejspin
|html|lolgzelitejspin    
|uhtml|bestof|Game 2 of a best-of-3
|t:|1784084047
|gametype|doubles
|player|p1|lolgz|dawn|1144
|player|p2|elitejspin|lucas|1065
|gen|9
|tier|[Gen 9 Champions] VGC 2026 Reg M-B (Bo3)
|rated|
|rule|Species Clause: Limit one of each Pokémon
|rule|Item Clause: Limit 1 of each item
|clearpoke
|poke|p1|Delphox, L50, M|
|poke|p1|Incineroar, L50, F|
|poke|p1|Vivillon, L50, F|
|poke|p1|Sinistcha, L50|
|poke|p1|Blastoise, L50, F|
|poke|p1|Maushold, L50|
|poke|p2|Aggron, L50, F|
|poke|p2|Sinistcha, L50|
|poke|p2|Pelipper, L50, F|
|poke|p2|Primarina, L50, F|
|poke|p2|Archaludon, L50, F|
|poke|p2|Dragapult, L50, F|
|teampreview|4
|showteam|p1|Delphox||Delphoxite|Blaze|HeatWave,Psychic,NastyPlot,Protect|Timid||M|||50|]Incineroar||SitrusBerry|Intimidate|FakeOut,PartingShot,FlareBlitz,ThroatChop|Impish||F|||50|]Vivillon||ChoiceScarf|CompoundEyes|SleepPowder,Hurricane,RagePowder,Tailwind|Timid||F|||50|]Sinistcha||CobaBerry|Hospitality|MatchaGotcha,RagePowder,Protect,TrickRoom|Bold|||||50|]Blastoise||Blastoisinite|RainDish|Protect,WaterSpout,DarkPulse,ShellSmash|Modest||F|||50|]Maushold||FocusSash|FriendGuard|FollowMe,Protect,SuperFang,HelpingHand|Jolly|||||50|
|showteam|p2|Aggron||Aggronite|Sturdy|IcePunch,BodyPress,Protect,ThunderPunch|Impish||F|||50|]Sinistcha||SitrusBerry|Hospitality|Scald,LifeDew,MatchaGotcha,ShadowBall|Bold|||||50|]Pelipper||SharpBeak|Drizzle|Tailwind,Protect,WeatherBall,WideGuard|Bold||F|||50|]Primarina||MysticWater|LiquidVoice|Protect,HyperVoice,EnergyBall,Moonblast|Modest||F|||50|]Archaludon||Leftovers|Stamina|ElectroShot,DarkPulse,Protect,DragonPulse|Timid||F|||50|]Dragapult||LifeOrb|ClearBody|LightScreen,DragonDarts,ShadowBall,Protect|Hasty||F|||50|
|inactive|Battle timer is ON: inactive players will automatically lose when time's up. (requested by lolgz)
|inactive|lolgz has 60 seconds left.
|
|t:|1784084099
|teamsize|p1|4
|teamsize|p2|4
|start
|switch|p1a: Vivillon|Vivillon, L50, F|100/100
|switch|p1b: Blastoise|Blastoise, L50, F|100/100
|switch|p2a: Archaludon|Archaludon, L50, F|100/100
|switch|p2b: Dragapult|Dragapult, L50, F|100/100
|turn|1
|
|t:|1784084114
|detailschange|p1b: Blastoise|Blastoise-Mega, L50, F
|-mega|p1b: Blastoise|Blastoise|Blastoisinite
|move|p1a: Vivillon|Sleep Powder|p2a: Archaludon
|-status|p2a: Archaludon|slp|[from] move: Sleep Powder
|move|p2b: Dragapult|Dragon Darts|p1a: Vivillon
|-damage|p1a: Vivillon|49/100
|-anim|p2b: Dragapult|Dragon Darts|p1b: Blastoise
|-damage|p1b: Blastoise|69/100
|-damage|p2b: Dragapult|90/100|[from] item: Life Orb
|cant|p2a: Archaludon|slp
|move|p1b: Blastoise|Shell Smash|p1b: Blastoise
|-unboost|p1b: Blastoise|def|1
|-unboost|p1b: Blastoise|spd|1
|-boost|p1b: Blastoise|atk|2
|-boost|p1b: Blastoise|spa|2
|-boost|p1b: Blastoise|spe|2
|
|upkeep
|turn|2
|
|t:|1784084126
|cant|p2a: Archaludon|slp
|move|p1b: Blastoise|Shell Smash|p1b: Blastoise
|-unboost|p1b: Blastoise|def|1
|-unboost|p1b: Blastoise|spd|1
|-boost|p1b: Blastoise|atk|2
|-boost|p1b: Blastoise|spa|2
|-boost|p1b: Blastoise|spe|2
|move|p1a: Vivillon|Sleep Powder|p2b: Dragapult
|-status|p2b: Dragapult|slp|[from] move: Sleep Powder
|cant|p2b: Dragapult|slp
|
|upkeep
|turn|3
|
|t:|1784084137
|switch|p1a: Maushold|Maushold, L50|100/100
|move|p1b: Blastoise|Dark Pulse|p2a: Archaludon
|-damage|p2a: Archaludon|0 fnt
|faint|p2a: Archaludon
|cant|p2b: Dragapult|slp
|
|upkeep
|
|t:|1784084143
|switch|p2a: Aggron|Aggron, L50, F|100/100
|turn|4
|
|t:|1784084154
|detailschange|p2a: Aggron|Aggron-Mega, L50, F
|-mega|p2a: Aggron|Aggron|Aggronite
|move|p1a: Maushold|Follow Me|p1a: Maushold
|-singleturn|p1a: Maushold|move: Follow Me
|move|p1b: Blastoise|Dark Pulse|p2a: Aggron
|-damage|p2a: Aggron|0 fnt
|faint|p2a: Aggron
|-curestatus|p2b: Dragapult|slp|[msg]
|move|p2b: Dragapult|Dragon Darts|p1a: Maushold
|-damage|p1a: Maushold|64/100
|-anim|p2b: Dragapult|Dragon Darts|p1a: Maushold
|-damage|p1a: Maushold|27/100
|-damage|p2b: Dragapult|80/100|[from] item: Life Orb
|
|upkeep
|
|t:|1784084158
|switch|p2a: Sinistcha|Sinistcha, L50|100/100
|-heal|p2b: Dragapult|100/100|[from] ability: Hospitality|[of] p2a: Sinistcha
|turn|5
|
|t:|1784084165
|move|p1a: Maushold|Follow Me|p1a: Maushold
|-singleturn|p1a: Maushold|move: Follow Me
|move|p1b: Blastoise|Dark Pulse|p2a: Sinistcha
|-supereffective|p2a: Sinistcha|1
|-damage|p2a: Sinistcha|0 fnt
|faint|p2a: Sinistcha
|move|p2b: Dragapult|Dragon Darts|p1a: Maushold
|-damage|p1a: Maushold|0 fnt
|faint|p1a: Maushold
|-damage|p2b: Dragapult|90/100|[from] item: Life Orb
|
|upkeep
|
|t:|1784084169
|switch|p1a: Vivillon|Vivillon, L50, F|49/100
|turn|6
|
|t:|1784084179
|move|p1b: Blastoise|Dark Pulse|p2b: Dragapult
|-supereffective|p2b: Dragapult|1
|-damage|p2b: Dragapult|0 fnt
|faint|p2b: Dragapult
|
|win|lolgz
|raw|lolgz's rating: 1144 → 1163(+19 for winning)
|raw|elitejspin's rating: 1065 → 1050(-15 for losing)
