|j|☆ChocoHammy
|j|☆morphiusdoorphius
|html|ChocoHammymorphiusdoorphius    
|uhtml|bestof|Game 1 of a best-of-3
|t:|1783731922
|gametype|doubles
|player|p1|ChocoHammy|265|
|player|p2|morphiusdoorphius|linebacker|
|gen|9
|tier|[Gen 9 Champions] VGC 2026 Reg M-B (Bo3)
|rule|Species Clause: Limit one of each Pokémon
|rule|Item Clause: Limit 1 of each item
|clearpoke
|poke|p1|Aurorus, L50, F|
|poke|p1|Ceruledge, L50, M|
|poke|p1|Clefable, L50, M|
|poke|p1|Tauros-Paldea-Blaze, L50, M|
|poke|p1|Garchomp, L50, M|
|poke|p1|Golurk, L50|
|poke|p2|Charizard, L50, F|
|poke|p2|Talonflame, L50, M|
|poke|p2|Primarina, L50, M|
|poke|p2|Kingambit, L50, M|
|poke|p2|Kleavor, L50, F|
|poke|p2|Scrafty, L50, M|
|teampreview|4
|showteam|p1|Aurorus||ChopleBerry|SnowWarning|Blizzard,AncientPower,EarthPower,Protect|Modest||F|||50|]Ceruledge||ColburBerry|FlashFire|BitterBlade,ShadowSneak,BulkUp,Protect|Adamant||M|||50|]Clefable||Clefablite|Unaware|Moonblast,Encore,FollowMe,Protect|Bold||M|||50|]Tauros-Paldea-Blaze||FocusSash|Intimidate|CloseCombat,FlareBlitz,WillOWisp,Protect|Adamant||M|||50|]Garchomp||ChoiceScarf|RoughSkin|Earthquake,DragonClaw,RockSlide,StompingTantrum|Jolly||M|||50|]Golurk||Golurkite|IronFist|HeadlongRush,Poltergeist,IcePunch,Protect|Adamant|||||50|
|showteam|p2|Charizard||CharizarditeY|Blaze|HeatWave,Protect,WeatherBall,SolarBeam|Modest||F|||50|]Talonflame||FocusSash|GaleWings|Tailwind,Protect,FlareBlitz,BraveBird|Jolly||M|||50|]Primarina||MysticWater|LiquidVoice|IceBeam,Moonblast,Protect,HyperVoice|Naive||M|||50|]Kingambit||ChopleBerry|Defiant|IronHead,Protect,SuckerPunch,SwordsDance|Adamant||M|||50|]Kleavor||WideLens|Sharpness|StoneAxe,XScissor,RockSlide,Protect|Adamant||F|||50|]Scrafty||Scraftinite|Intimidate|SuperFang,FakeOut,Protect,CloseCombat|Adamant||M|||50|
|j| budster16
|j| InfiniKnight
|j| clare_chan1738
|
|t:|1783731982
|teamsize|p1|4
|teamsize|p2|4
|start
|switch|p1a: Tauros|Tauros-Paldea-Blaze, L50, M|100/100
|switch|p1b: Clefable|Clefable, L50, M|100/100
|switch|p2a: Primarina|Primarina, L50, M|100/100
|switch|p2b: Talonflame|Talonflame, L50, M|100/100
|-ability|p1a: Tauros|Intimidate|boost
|-unboost|p2a: Primarina|atk|1
|-unboost|p2b: Talonflame|atk|1
|turn|1
|
|t:|1783732020
|detailschange|p1b: Clefable|Clefable-Mega, L50, M
|-mega|p1b: Clefable|Clefable|Clefablite
|move|p1a: Tauros|Protect|p1a: Tauros
|-singleturn|p1a: Tauros|Protect
|move|p2b: Talonflame|Tailwind|p2b: Talonflame
|-sidestart|p2: morphiusdoorphius|move: Tailwind
|move|p2a: Primarina|Hyper Voice|p1b: Clefable|[spread] p1b
|-activate|p1a: Tauros|move: Protect
|-damage|p1b: Clefable|67/100
|move|p1b: Clefable|Encore|p2b: Talonflame
|-start|p2b: Talonflame|Encore
|
|upkeep
|turn|2
|
|t:|1783732094
|switch|p2b: Charizard|Charizard, L50, F|100/100
|move|p2a: Primarina|Hyper Voice|p1a: Tauros|[spread] p1a,p1b
|-supereffective|p1a: Tauros|1
|-enditem|p1a: Tauros|Focus Sash
|-damage|p1a: Tauros|1/100
|-damage|p1b: Clefable|32/100
|move|p1a: Tauros|Close Combat|p2a: Primarina
|-resisted|p2a: Primarina|1
|-damage|p2a: Primarina|56/100
|-unboost|p1a: Tauros|def|1
|-unboost|p1a: Tauros|spd|1
|move|p1b: Clefable|Moonblast|p2a: Primarina
|-damage|p2a: Primarina|9/100
|
|upkeep
|turn|3
|j| Dylan Jenson
|
|t:|1783732142
|switch|p2b: Scrafty|Scrafty, L50, M|100/100
|-ability|p2b: Scrafty|Intimidate|boost
|-unboost|p1a: Tauros|atk|1
|-unboost|p1b: Clefable|atk|1
|move|p1a: Tauros|Protect|p1a: Tauros
|-singleturn|p1a: Tauros|Protect
|move|p1b: Clefable|Protect|p1b: Clefable
|-singleturn|p1b: Clefable|Protect
|move|p2a: Primarina|Hyper Voice|p1b: Clefable|[spread] 
|-activate|p1a: Tauros|move: Protect
|-activate|p1b: Clefable|move: Protect
|
|upkeep
|turn|4
|c| Dylan Jenson|Lock in
|
|t:|1783732239
|switch|p1a: Garchomp|Garchomp, L50, M|100/100
|move|p2b: Scrafty|Fake Out|p1b: Clefable
|-damage|p1b: Clefable|25/100
|cant|p1b: Clefable|flinch
|move|p2a: Primarina|Hyper Voice|p1a: Garchomp|[spread] p1a,p1b
|-crit|p1b: Clefable
|-damage|p1a: Garchomp|54/100
|-damage|p1b: Clefable|0 fnt
|faint|p1b: Clefable
|
|-sideend|p2: morphiusdoorphius|move: Tailwind
|upkeep
|
|t:|1783732266
|switch|p1b: Tauros|Tauros-Paldea-Blaze, L50, M|1/100
|-ability|p1b: Tauros|Intimidate|boost
|-unboost|p2a: Primarina|atk|1
|-unboost|p2b: Scrafty|atk|1
|turn|5
|
|t:|1783732310
|switch|p2b: Talonflame|Talonflame, L50, M|100/100
|move|p2a: Primarina|Protect|p2a: Primarina
|-singleturn|p2a: Primarina|Protect
|move|p1a: Garchomp|Rock Slide|p2a: Primarina|[spread] p2b
|-activate|p2a: Primarina|move: Protect
|-supereffective|p2b: Talonflame|2
|-enditem|p2b: Talonflame|Focus Sash
|-damage|p2b: Talonflame|1/100
|move|p1b: Tauros|Close Combat|p2b: Talonflame
|-resisted|p2b: Talonflame|1
|-damage|p2b: Talonflame|0 fnt
|-unboost|p1b: Tauros|def|1
|-unboost|p1b: Tauros|spd|1
|faint|p2b: Talonflame
|
|upkeep
|
|t:|1783732328
|switch|p2b: Scrafty|Scrafty, L50, M|100/100
|-ability|p2b: Scrafty|Intimidate|boost
|-unboost|p1a: Garchomp|atk|1
|-unboost|p1b: Tauros|atk|1
|turn|6
|
|t:|1783732395
|switch|p1a: Ceruledge|Ceruledge, L50, M|100/100
|move|p1b: Tauros|Protect|p1b: Tauros
|-singleturn|p1b: Tauros|Protect
|move|p2b: Scrafty|Fake Out|p1b: Tauros
|-activate|p1b: Tauros|move: Protect
|move|p2a: Primarina|Ice Beam|p1a: Ceruledge
|-resisted|p1a: Ceruledge|1
|-damage|p1a: Ceruledge|85/100
|
|upkeep
|turn|7
|
|t:|1783732456
|switch|p2b: Charizard|Charizard, L50, F|100/100
|move|p2a: Primarina|Protect|p2a: Primarina
|-singleturn|p2a: Primarina|Protect
|move|p1b: Tauros|Close Combat|p2b: Charizard
|-resisted|p2b: Charizard|1
|-damage|p2b: Charizard|71/100
|-unboost|p1b: Tauros|def|1
|-unboost|p1b: Tauros|spd|1
|move|p1a: Ceruledge|Bitter Blade|p2a: Primarina
|-activate|p2a: Primarina|move: Protect
|
|upkeep
|turn|8
|
|t:|1783732543
|switch|p2a: Scrafty|Scrafty, L50, M|100/100
|-ability|p2a: Scrafty|Intimidate|boost
|-unboost|p1a: Ceruledge|atk|1
|-unboost|p1b: Tauros|atk|1
|detailschange|p2b: Charizard|Charizard-Mega-Y, L50, F
|-mega|p2b: Charizard|Charizard|Charizardite Y
|-weather|SunnyDay|[from] ability: Drought|[of] p2b: Charizard
|move|p1b: Tauros|Protect|p1b: Tauros
|-singleturn|p1b: Tauros|Protect
|move|p2b: Charizard|Heat Wave|p1a: Ceruledge|[spread] 
|-activate|p1b: Tauros|move: Protect
|-start|p1a: Ceruledge|ability: Flash Fire
|move|p1a: Ceruledge|Bitter Blade|p2a: Scrafty
|-damage|p2a: Scrafty|33/100
|-heal|p1a: Ceruledge|100/100|[from] drain|[of] p2a: Scrafty
|
|-weather|SunnyDay|[upkeep]
|upkeep
|turn|9
|
|t:|1783732619
|move|p2a: Scrafty|Protect|p2a: Scrafty
|-singleturn|p2a: Scrafty|Protect
|move|p1b: Tauros|Close Combat|p2b: Charizard
|-resisted|p2b: Charizard|1
|-damage|p2b: Charizard|49/100
|-unboost|p1b: Tauros|def|1
|-unboost|p1b: Tauros|spd|1
|move|p2b: Charizard|Solar Beam||[still]
|-prepare|p2b: Charizard|Solar Beam
|-anim|p2b: Charizard|Solar Beam|p1b: Tauros
|-resisted|p1b: Tauros|1
|-damage|p1b: Tauros|0 fnt
|faint|p1b: Tauros
|move|p1a: Ceruledge|Bitter Blade|p2a: Scrafty
|-activate|p2a: Scrafty|move: Protect
|
|-weather|SunnyDay|[upkeep]
|upkeep
|
|t:|1783732631
|switch|p1b: Garchomp|Garchomp, L50, M|54/100
|turn|10
|
|t:|1783732667
|move|p2b: Charizard|Protect|p2b: Charizard
|-singleturn|p2b: Charizard|Protect
|move|p1b: Garchomp|Rock Slide|p2a: Scrafty|[spread] p2a
|-activate|p2b: Charizard|move: Protect
|-resisted|p2a: Scrafty|1
|-damage|p2a: Scrafty|23/100
|cant|p2a: Scrafty|flinch
|move|p1a: Ceruledge|Bitter Blade|p2a: Scrafty
|-damage|p2a: Scrafty|0 fnt
|faint|p2a: Scrafty
|
|-weather|SunnyDay|[upkeep]
|upkeep
|
|t:|1783732682
|switch|p2a: Primarina|Primarina, L50, M|9/100
|turn|11
|
|t:|1783732751
|move|p2a: Primarina|Protect|p2a: Primarina
|-singleturn|p2a: Primarina|Protect
|move|p1b: Garchomp|Rock Slide|p2a: Primarina|[spread] p2b
|-activate|p2a: Primarina|move: Protect
|-supereffective|p2b: Charizard|2
|-damage|p2b: Charizard|0 fnt
|faint|p2b: Charizard
|move|p1a: Ceruledge|Bitter Blade|p2a: Primarina
|-activate|p2a: Primarina|move: Protect
|
|-weather|SunnyDay|[upkeep]
|upkeep
|turn|12
|
|t:|1783732765
|move|p1a: Ceruledge|Shadow Sneak|p2a: Primarina
|-damage|p2a: Primarina|0 fnt
|faint|p2a: Primarina
|
|win|ChocoHammy
||morphiusdoorphius is ready for game 2.
