|j|☆rainloverrrr
|j|☆viatles
|html|rainloverrrrviatles    
|uhtml|bestof|Game 1 of a best-of-3
|t:|1783560865
|gametype|doubles
|player|p1|rainloverrrr|n|1057
|player|p2|viatles|hiker|1163
|gen|9
|tier|[Gen 9 Champions] VGC 2026 Reg M-B (Bo3)
|rated|
|rule|Species Clause: Limit one of each Pokémon
|rule|Item Clause: Limit 1 of each item
|clearpoke
|poke|p1|Aggron, L50, M|
|poke|p1|Tyranitar, L50, F, shiny|
|poke|p1|Glimmora, L50, M|
|poke|p1|Sinistcha-Masterpiece, L50|
|poke|p1|Incineroar, L50, M|
|poke|p1|Meganium, L50, F|
|poke|p2|Beedrill, L50, F, shiny|
|poke|p2|Milotic, L50, F, shiny|
|poke|p2|Talonflame, L50, F, shiny|
|poke|p2|Farigiraf, L50, F|
|poke|p2|Decidueye-Hisui, L50, M|
|poke|p2|Sableye, L50, M|
|teampreview|4
|showteam|p1|Aggron||Aggronite|Sturdy|IronDefense,BodyPress,HeavySlam,Protect|Relaxed||M|||50|]Tyranitar||ChoiceScarf|SandStream|RockSlide,IcePunch,KnockOff,LowKick|Jolly||F|||50|]Glimmora||FocusSash|ToxicDebris|PowerGem,SludgeBomb,Protect,MortalSpin|Timid||M|||50|]Sinistcha-Masterpiece||CobaBerry|Hospitality|TrickRoom,MatchaGotcha,RagePowder,LifeDew|Modest|||||50|]Incineroar||SitrusBerry|Intimidate|FakeOut,PartingShot,WillOWisp,Snarl|Jolly||M|||50|]Meganium||Meganiumite|Overgrow|WeatherBall,DazzlingGleam,LeafStorm,Protect|Modest||F|||50|
|showteam|p2|Beedrill||Beedrillite|Swarm|Uturn,DrillRun,PoisonJab,Protect|Jolly||F|||50|]Milotic||Leftovers|Competitive|IcyWind,Scald,Protect,LifeDew|Bold||F|||50|]Talonflame||SharpBeak|GaleWings|DualWingbeat,Tailwind,Protect,WillOWisp|Jolly||F|||50|]Farigiraf||SitrusBerry|ArmorTail|TrickRoom,Thunderbolt,TwinBeam,HelpingHand|Bold||F|||50|]Decidueye-Hisui||ScopeLens|Scrappy|Protect,TripleArrows,LeafBlade,SuckerPunch|Adamant||M|||50|]Sableye||RoseliBerry|Prankster|FakeOut,FoulPlay,RainDance,Quash|Sassy||M|||50|
|inactive|Battle timer is ON: inactive players will automatically lose when time's up. (requested by rainloverrrr)
|c|☆viatles|gl hf
|inactive|rainloverrrr has 60 seconds left.
|inactive|viatles has 60 seconds left.
|
|t:|1783560911
|teamsize|p1|4
|teamsize|p2|4
|start
|switch|p1a: Sinistcha|Sinistcha-Masterpiece, L50|100/100
|switch|p1b: Glimmora|Glimmora, L50, M|100/100
|switch|p2a: Pentious|Milotic, L50, F, shiny|100/100
|switch|p2b: Sableye|Sableye, L50, M|100/100
|turn|1
|
|t:|1783560933
|move|p1b: Glimmora|Protect|p1b: Glimmora
|-singleturn|p1b: Glimmora|Protect
|move|p2b: Sableye|Fake Out|p1b: Glimmora
|-activate|p1b: Glimmora|move: Protect
|move|p2a: Pentious|Icy Wind|p1b: Glimmora|[spread] p1a
|-activate|p1b: Glimmora|move: Protect
|-supereffective|p1a: Sinistcha|1
|-damage|p1a: Sinistcha|74/100
|-unboost|p1a: Sinistcha|spe|1
|move|p1a: Sinistcha|Trick Room|p1a: Sinistcha
|-fieldstart|move: Trick Room|[of] p1a: Sinistcha
|
|upkeep
|turn|2
|
|t:|1783560956
|move|p2a: Pentious|Protect|p2a: Pentious
|-singleturn|p2a: Pentious|Protect
|move|p1a: Sinistcha|Matcha Gotcha|p2a: Pentious|[spread] p2b
|-activate|p2a: Pentious|move: Protect
|-damage|p2b: Sableye|65/100
|-heal|p1a: Sinistcha|89/100|[from] drain|[of] p2b: Sableye
|move|p2b: Sableye|Foul Play|p1b: Glimmora
|-damage|p1b: Glimmora|78/100
|-activate|p1b: Glimmora|ability: Toxic Debris
|-sidestart|p2: viatles|move: Toxic Spikes
|move|p1b: Glimmora|Mortal Spin|p2a: Pentious|[spread] p2b
|-activate|p2a: Pentious|move: Protect
|-resisted|p2b: Sableye|1
|-damage|p2b: Sableye|63/100
|-status|p2b: Sableye|psn
|
|-damage|p2b: Sableye|50/100g psn|[from] psn
|upkeep
|turn|3
|inactive|viatles has 30 seconds left.
|
|t:|1783560990
|move|p1a: Sinistcha|Matcha Gotcha|p2a: Pentious|[spread] p2a,p2b
|-supereffective|p2a: Pentious|1
|-damage|p2a: Pentious|55/100
|-heal|p1a: Sinistcha|100/100|[from] drain|[of] p2a: Pentious
|-damage|p2b: Sableye|20/100y psn
|-status|p2a: Pentious|brn
|move|p2b: Sableye|Foul Play|p1a: Sinistcha
|-supereffective|p1a: Sinistcha|1
|-crit|p1a: Sinistcha
|-damage|p1a: Sinistcha|51/100
|move|p2a: Pentious|Scald|p1b: Glimmora
|-supereffective|p1b: Glimmora|1
|-damage|p1b: Glimmora|2/100
|move|p1b: Glimmora|Mortal Spin|p2b: Sableye|[spread] p2a,p2b
|-resisted|p2b: Sableye|1
|-damage|p2a: Pentious|51/100 brn
|-damage|p2b: Sableye|17/100 psn
|
|-heal|p2a: Pentious|57/100 brn|[from] item: Leftovers
|-damage|p2b: Sableye|5/100 psn|[from] psn
|-damage|p2a: Pentious|51/100 brn|[from] brn
|upkeep
|turn|4
|inactive|viatles has 30 seconds left.
|inactive|viatles has 20 seconds left.
|inactive|viatles has 15 seconds left.
|inactive|viatles has 10 seconds left.
|
|t:|1783561036
|move|p2a: Pentious|Protect|p2a: Pentious
|-singleturn|p2a: Pentious|Protect
|move|p1a: Sinistcha|Matcha Gotcha|p2a: Pentious|[spread] p2b
|-activate|p2a: Pentious|move: Protect
|-damage|p2b: Sableye|0 fnt
|-heal|p1a: Sinistcha|54/100|[from] drain|[of] p2b: Sableye
|faint|p2b: Sableye
|move|p1b: Glimmora|Sludge Bomb|p2a: Pentious
|-activate|p2a: Pentious|move: Protect
|
|-heal|p2a: Pentious|57/100 brn|[from] item: Leftovers
|-damage|p2a: Pentious|51/100 brn|[from] brn
|upkeep
|
|t:|1783561053
|switch|p2b: Decidueye|Decidueye-Hisui, L50, M|100/100
|-status|p2b: Decidueye|psn
|turn|5
|
|t:|1783561073
|move|p2b: Decidueye|Sucker Punch|p1a: Sinistcha
|-supereffective|p1a: Sinistcha|1
|-damage|p1a: Sinistcha|12/100
|move|p1a: Sinistcha|Matcha Gotcha|p2a: Pentious|[spread] p2a,p2b
|-supereffective|p2a: Pentious|1
|-resisted|p2b: Decidueye|1
|-damage|p2a: Pentious|9/100 brn
|-heal|p1a: Sinistcha|35/100|[from] drain|[of] p2a: Pentious
|-damage|p2b: Decidueye|86/100 psn
|-heal|p1a: Sinistcha|42/100|[from] drain|[of] p2b: Decidueye
|move|p2a: Pentious|Scald|p1b: Glimmora
|-supereffective|p1b: Glimmora|1
|-damage|p1b: Glimmora|0 fnt
|faint|p1b: Glimmora
|
|-heal|p2a: Pentious|16/100 brn|[from] item: Leftovers
|-damage|p2b: Decidueye|74/100 psn|[from] psn
|-damage|p2a: Pentious|9/100 brn|[from] brn
|-fieldend|move: Trick Room
|upkeep
|
|t:|1783561086
|switch|p1b: Meganium|Meganium, L50, F|100/100
|turn|6
|inactive|viatles has 30 seconds left.
|
|t:|1783561115
|detailschange|p1b: Meganium|Meganium-Mega, L50, F
|-mega|p1b: Meganium|Meganium|Meganiumite
|move|p1b: Meganium|Dazzling Gleam|p2a: Pentious|[spread] p2a,p2b
|-supereffective|p2b: Decidueye|1
|-damage|p2a: Pentious|0 fnt
|-damage|p2b: Decidueye|9/100 psn
|faint|p2a: Pentious
|move|p2b: Decidueye|Triple Arrows|p1a: Sinistcha
|-damage|p1a: Sinistcha|5/100
|move|p1a: Sinistcha|Matcha Gotcha|p2b: Decidueye
|-resisted|p2b: Decidueye|1
|-damage|p2b: Decidueye|0 fnt
|-heal|p1a: Sinistcha|11/100|[from] drain|[of] p2b: Decidueye
|faint|p2b: Decidueye
|
|upkeep
|
|t:|1783561130
|switch|p2b: Malsumas|Beedrill, L50, F, shiny|100/100
|-sideend|p2: viatles|move: Toxic Spikes|[of] p2b: Malsumas
|turn|7
|
|t:|1783561145
|detailschange|p2b: Malsumas|Beedrill-Mega, L50, F, shiny
|-mega|p2b: Malsumas|Beedrill|Beedrillite
|move|p2b: Malsumas|Poison Jab|p1a: Sinistcha
|-damage|p1a: Sinistcha|0 fnt
|faint|p1a: Sinistcha
|move|p1b: Meganium|Weather Ball|p2b: Malsumas
|-supereffective|p2b: Malsumas|1
|-damage|p2b: Malsumas|0 fnt
|faint|p2b: Malsumas
|
|win|rainloverrrr
||rainloverrrr is ready for game 2.
