|j|☆Aircross360
|j|☆wc123456789
|html|Aircross360wc123456789    
|uhtml|bestof|Game 3 of a best-of-3
|t:|1756412302
|gametype|doubles
|player|p1|Aircross360|169|1084
|player|p2|wc123456789|1|1046
|gen|9
|tier|[Gen 9] VGC 2025 Reg H (Bo3)
|rated|
|rule|Species Clause: Limit one of each Pokémon
|rule|Item Clause: Limit 1 of each item
|clearpoke
|poke|p1|Annihilape, L50, M|
|poke|p1|Gholdengo, L50|
|poke|p1|Dragonite, L50, F|
|poke|p1|Ninetales-Alola, L50, M|
|poke|p1|Magmar, L50, F|
|poke|p1|Ursaluna-Bloodmoon, L50, M|
|poke|p2|Archaludon, L50, F|
|poke|p2|Maushold, L50|
|poke|p2|Annihilape, L50, M|
|poke|p2|Pelipper, L50, M|
|poke|p2|Incineroar, L50, M|
|poke|p2|Dragonite, L50, F|
|teampreview|4
|showteam|p1|Annihilape||SafetyGoggles|Defiant|DrainPunch,RageFist,BulkUp,Protect|||M|||50|,,,,,Water]Gholdengo||MetalCoat|GoodasGold|MakeItRain,ShadowBall,NastyPlot,Protect||||||50|,,,,,Dragon]Dragonite||LoadedDice|Multiscale|ScaleShot,ExtremeSpeed,Tailwind,Protect|||F|||50|,,,,,Fairy]Ninetales-Alola||LightClay|SnowWarning|Blizzard,Encore,IceShard,AuroraVeil|||M|||50|,,,,,Ghost]Magmar||Eviolite|FlameBody|Overheat,FollowMe,Protect,ClearSmog|||F|||50|,,,,,Ghost]Ursaluna-Bloodmoon||AssaultVest|MindsEye|BloodMoon,EarthPower,HyperVoice,VacuumWave|||M|||50|,,,,,Water
|showteam|p2|Archaludon||AssaultVest|Stamina|BodyPress,DragonPulse,FlashCannon,ElectroShot|||F|||50|,,,,,Grass]Maushold||WideLens|FriendGuard|FollowMe,PopulationBomb,Protect,BeatUp||||||50|,,,,,Normal]Annihilape||SafetyGoggles|Defiant|BulkUp,DrainPunch,RageFist,Protect|||M|||50|,,,,,Water]Pelipper||FocusSash|Drizzle|WeatherBall,Hurricane,Tailwind,Protect|||M|||50|,,,,,Flying]Incineroar||RockyHelmet|Blaze|Uturn,KnockOff,FireBlast,WillOWisp|||M|||50|,,,,,Ghost]Dragonite||LoadedDice|InnerFocus|ScaleShot,ExtremeSpeed,Haze,Protect|||F|||50|,,,,,Fairy
|
|t:|1756412341
|teamsize|p1|4
|teamsize|p2|4
|start
|switch|p1a: Annihilape|Annihilape, L50, M|100/100
|switch|p1b: Magmar|Magmar, L50, F|100/100
|switch|p2a: Pelipper|Pelipper, L50, M, shiny|100/100
|switch|p2b: Dragonite|Dragonite, L50, F|100/100
|-weather|RainDance|[from] ability: Drizzle|[of] p2a: Pelipper
|turn|1
|
|t:|1756412381
|switch|p1b: Ninetales|Ninetales-Alola, L50, M|100/100
|-weather|Snowscape|[from] ability: Snow Warning|[of] p1b: Ninetales
|-terastallize|p1a: Annihilape|Water
|move|p1a: Annihilape|Bulk Up|p1a: Annihilape
|-boost|p1a: Annihilape|atk|1
|-boost|p1a: Annihilape|def|1
|move|p2b: Dragonite|Scale Shot|p1b: Ninetales
|-immune|p1b: Ninetales
|move|p2a: Pelipper|Tailwind|p2a: Pelipper
|-sidestart|p2: wc123456789|move: Tailwind
|
|-weather|Snowscape|[upkeep]
|upkeep
|turn|2
|
|t:|1756412412
|switch|p2a: Archaludon|Archaludon, L50, F|100/100
|-terastallize|p2b: Dragonite|Fairy
|move|p2b: Dragonite|Haze|p2b: Dragonite
|-clearallboost
|move|p1b: Ninetales|Aurora Veil|p1b: Ninetales
|-sidestart|p1: Aircross360|move: Aurora Veil
|move|p1a: Annihilape|Bulk Up|p1a: Annihilape
|-boost|p1a: Annihilape|atk|1
|-boost|p1a: Annihilape|def|1
|
|-weather|Snowscape|[upkeep]
|upkeep
|turn|3
|
|t:|1756412459
|switch|p2b: Pelipper|Pelipper, L50, M, shiny|100/100
|-weather|RainDance|[from] ability: Drizzle|[of] p2b: Pelipper
|move|p1a: Annihilape|Protect|p1a: Annihilape
|-singleturn|p1a: Annihilape|Protect
|move|p2a: Archaludon|Electro Shot||[still]
|-prepare|p2a: Archaludon|Electro Shot
|-boost|p2a: Archaludon|spa|1
|-anim|p2a: Archaludon|Electro Shot|p1a: Annihilape
|-activate|p1a: Annihilape|move: Protect
|move|p1b: Ninetales|Blizzard|p2b: Pelipper|[spread] p2b
|-miss|p1b: Ninetales|p2a: Archaludon
|-damage|p2b: Pelipper|68/100
|-status|p2b: Pelipper|frz
|
|-weather|RainDance|[upkeep]
|upkeep
|turn|4
|inactive|Battle timer is ON: inactive players will automatically lose when time's up. (requested by wc123456789)
|
|t:|1756412518
|switch|p1a: Magmar|Magmar, L50, F|100/100
|move|p2a: Archaludon|Electro Shot||[still]
|-prepare|p2a: Archaludon|Electro Shot
|-boost|p2a: Archaludon|spa|1
|-anim|p2a: Archaludon|Electro Shot|p1a: Magmar
|-damage|p1a: Magmar|58/100
|move|p1b: Ninetales|Blizzard|p2a: Archaludon|[spread] 
|-miss|p1b: Ninetales|p2a: Archaludon
|-miss|p1b: Ninetales|p2b: Pelipper
|cant|p2b: Pelipper|frz
|
|-weather|RainDance|[upkeep]
|-sideend|p2: wc123456789|move: Tailwind
|upkeep
|turn|5
|
|t:|1756412539
|switch|p1b: Annihilape|Annihilape, L50, M, tera:Water|100/100
|move|p1a: Magmar|Protect|p1a: Magmar
|-singleturn|p1a: Magmar|Protect
|move|p2a: Archaludon|Electro Shot||[still]
|-prepare|p2a: Archaludon|Electro Shot
|-boost|p2a: Archaludon|spa|1
|-anim|p2a: Archaludon|Electro Shot|p1b: Annihilape
|-supereffective|p1b: Annihilape
|-damage|p1b: Annihilape|0 fnt
|faint|p1b: Annihilape
|cant|p2b: Pelipper|frz
|
|-weather|RainDance|[upkeep]
|upkeep
|
|t:|1756412549
|switch|p1b: Gholdengo|Gholdengo, L50|100/100
|turn|6
|inactive|Aircross360 has 30 seconds left.
|inactive|wc123456789 has 30 seconds left.
|
|t:|1756412576
|switch|p2b: Dragonite|Dragonite, L50, F, tera:Fairy|100/100
|move|p1a: Magmar|Follow Me|p1a: Magmar
|-singleturn|p1a: Magmar|move: Follow Me
|move|p1b: Gholdengo|Shadow Ball|p2a: Archaludon
|-damage|p2a: Archaludon|71/100
|-ability|p2a: Archaludon|Stamina|boost
|-boost|p2a: Archaludon|def|1
|move|p2a: Archaludon|Dragon Pulse|p1a: Magmar
|-damage|p1a: Magmar|7/100
|
|-weather|RainDance|[upkeep]
|upkeep
|turn|7
|-message|Aircross360 forfeited.
|
|win|wc123456789
|raw|Aircross360's rating: 1084 → 1059(-25 for losing)
|raw|wc123456789's rating: 1046 → 1083(+37 for winning)
|l|☆Aircross360
|player|p1|
