|j|☆slopmachine
|j|☆Tavis13
|html|slopmachineTavis13    
|uhtml|bestof|Game 1 of a best-of-3
|t:|1785746900
|gametype|doubles
|player|p1|slopmachine|medium|1124
|player|p2|Tavis13|preschooler|1064
|gen|9
|tier|[Gen 9 Champions] VGC 2026 Reg M-B (Bo3)
|rated|
|rule|Species Clause: Limit one of each Pokémon
|rule|Item Clause: Limit 1 of each item
|clearpoke
|poke|p1|Floette-Eternal, L50, F|
|poke|p1|Whimsicott, L50, F|
|poke|p1|Charizard, L50, M|
|poke|p1|Basculegion, L50, M|
|poke|p1|Garchomp, L50, F|
|poke|p1|Incineroar, L50, M|
|poke|p2|Charizard, L50, M, shiny|
|poke|p2|Sylveon, L50, F|
|poke|p2|Kingambit, L50, M|
|poke|p2|Basculegion, L50, M|
|poke|p2|Garchomp, L50, M|
|poke|p2|Aerodactyl, L50, M|
|teampreview|4
|showteam|p1|Floette-Eternal||Floettite|FlowerVeil|Protect,DazzlingGleam,DrainingKiss,CalmMind|Modest||F|||50|]Whimsicott||FocusSash|Prankster|Protect,Moonblast,Tailwind,Encore|Timid||F|||50|]Charizard||CharizarditeY|Blaze|Protect,WeatherBall,SolarBeam,HeatWave|Modest||M|||50|]Basculegion||ChoiceScarf|Adaptability|FlipTurn,WaveCrash,LastRespects,AquaJet|Jolly||M|||50|]Garchomp||LifeOrb|RoughSkin|Protect,Earthquake,DragonClaw,RockSlide|Jolly||F|||50|]Incineroar||SitrusBerry|Intimidate|FlareBlitz,ThroatChop,FakeOut,PartingShot|Careful||M|||50|
|showteam|p2|Charizard||CharizarditeY|Blaze|HeatWave,SolarBeam,WeatherBall,Protect|Timid||M|||50|]Sylveon||FairyFeather|Pixilate|Detect,HyperVoice,Yawn,QuickAttack|Sassy||F|||50|]Kingambit||ChopleBerry|Defiant|SuckerPunch,KowtowCleave,LowKick,IronHead|Adamant||M|||50|]Basculegion||FocusSash|Adaptability|Protect,LastRespects,AquaJet,Liquidation|Adamant||M|||50|]Garchomp||SitrusBerry|RoughSkin|RockTomb,Earthquake,DragonClaw,Protect|Jolly||M|||50|]Aerodactyl||Aerodactylite|Unnerve|Tailwind,DualWingbeat,RockSlide,WideGuard|Jolly||M|||50|
|
|t:|1785746998
|teamsize|p1|4
|teamsize|p2|4
|start
|switch|p1a: Incineroar|Incineroar, L50, M|100/100
|switch|p1b: Garchomp|Garchomp, L50, F|100/100
|switch|p2a: Charizard|Charizard, L50, M, shiny|100/100
|switch|p2b: Kingambit|Kingambit, L50, M|100/100
|-ability|p1a: Incineroar|Intimidate|boost
|-unboost|p2a: Charizard|atk|1
|-unboost|p2b: Kingambit|atk|1
|-ability|p2b: Kingambit|Defiant|boost
|-boost|p2b: Kingambit|atk|2
|turn|1
|
|t:|1785747061
|switch|p2a: Sylveon|Sylveon, L50, F|100/100
|move|p1b: Garchomp|Protect|p1b: Garchomp
|-singleturn|p1b: Garchomp|Protect
|move|p1a: Incineroar|Flare Blitz|p2b: Kingambit
|-supereffective|p2b: Kingambit|1
|-damage|p2b: Kingambit|29/100
|-damage|p1a: Incineroar|76/100|[from] Recoil
|move|p2b: Kingambit|Low Kick|p1a: Incineroar
|-supereffective|p1a: Incineroar|1
|-damage|p1a: Incineroar|2/100
|-enditem|p1a: Incineroar|Sitrus Berry|[eat]
|-heal|p1a: Incineroar|27/100|[from] item: Sitrus Berry
|
|upkeep
|turn|2
|
|t:|1785747096
|move|p2b: Kingambit|Sucker Punch||[still]
|-fail|p2b: Kingambit
|move|p1b: Garchomp|Earthquake|p2a: Sylveon|[spread] p1a,p2a,p2b
|-supereffective|p1a: Incineroar|1
|-supereffective|p2b: Kingambit|1
|-damage|p1a: Incineroar|0 fnt
|-damage|p2a: Sylveon|34/100
|-damage|p2b: Kingambit|0 fnt
|faint|p1a: Incineroar
|faint|p2b: Kingambit
|-damage|p1b: Garchomp|90/100|[from] item: Life Orb
|move|p2a: Sylveon|Hyper Voice|p1b: Garchomp
|-supereffective|p1b: Garchomp|1
|-damage|p1b: Garchomp|0 fnt
|faint|p1b: Garchomp
|
|upkeep
|
|t:|1785747109
|switch|p1b: Floette|Floette-Eternal, L50, F|100/100
|switch|p1a: Whimsicott|Whimsicott, L50, F|100/100
|switch|p2b: Charizard|Charizard, L50, M, shiny|100/100
|turn|3
|
|t:|1785747137
|detailschange|p2b: Charizard|Charizard-Mega-Y, L50, M, shiny
|-mega|p2b: Charizard|Charizard|Charizardite Y
|-weather|SunnyDay|[from] ability: Drought|[of] p2b: Charizard
|detailschange|p1b: Floette|Floette-Mega, L50, F
|-mega|p1b: Floette|Floette|Floettite
|-ability|p1b: Floette|Fairy Aura
|move|p1a: Whimsicott|Moonblast|p2a: Sylveon
|-damage|p2a: Sylveon|7/100
|-unboost|p2a: Sylveon|spa|1
|move|p2b: Charizard|Weather Ball|p1a: Whimsicott
|-supereffective|p1a: Whimsicott|1
|-enditem|p1a: Whimsicott|Focus Sash
|-damage|p1a: Whimsicott|1/100
|move|p1b: Floette|Calm Mind|p1b: Floette
|-boost|p1b: Floette|spa|1
|-boost|p1b: Floette|spd|1
|move|p2a: Sylveon|Yawn|p1b: Floette
|-start|p1b: Floette|move: Yawn|[of] p2a: Sylveon
|
|-weather|SunnyDay|[upkeep]
|upkeep
|turn|4
|
|t:|1785747168
|move|p2b: Charizard|Protect|p2b: Charizard
|-singleturn|p2b: Charizard|Protect
|move|p1a: Whimsicott|Tailwind|p1a: Whimsicott
|-sidestart|p1: slopmachine|move: Tailwind
|move|p2a: Sylveon|Quick Attack|p1a: Whimsicott
|-crit|p1a: Whimsicott
|-damage|p1a: Whimsicott|0 fnt
|faint|p1a: Whimsicott
|move|p1b: Floette|Dazzling Gleam|p2b: Charizard|[spread] p2a
|-activate|p2b: Charizard|move: Protect
|-damage|p2a: Sylveon|0 fnt
|faint|p2a: Sylveon
|
|-weather|SunnyDay|[upkeep]
|-end|p1b: Floette|move: Yawn|[silent]
|-status|p1b: Floette|slp
|upkeep
|
|t:|1785747181
|switch|p2a: Garchomp|Garchomp, L50, M|100/100
|turn|5
|
|t:|1785747200
|cant|p1b: Floette|slp
|move|p2a: Garchomp|Earthquake|p1b: Floette|[spread] p1b
|-immune|p2b: Charizard
|-crit|p1b: Floette
|-damage|p1b: Floette|33/100 slp
|move|p2b: Charizard|Weather Ball|p1b: Floette
|-damage|p1b: Floette|0 fnt
|faint|p1b: Floette
|
|win|Tavis13
||slopmachine is ready for game 2.
||Tavis13 is ready for game 2.
|uhtml|next|Next: Game 2 of 3
|j| vominhduc
|l| vominhduc
|l|☆Tavis13
|player|p2|
