|j|☆toughlogvgc
|j|☆SupaJello
|html|toughlogvgcSupaJello    
|uhtml|bestof|Game 3 of a best-of-3
|t:|1783785429
|gametype|doubles
|player|p1|toughlogvgc|2|1106
|player|p2|SupaJello|hilbert|1181
|gen|9
|tier|[Gen 9 Champions] VGC 2026 Reg M-B (Bo3)
|rated|
|rule|Species Clause: Limit one of each Pokémon
|rule|Item Clause: Limit 1 of each item
|clearpoke
|poke|p1|Charizard, L50, M|
|poke|p1|Garchomp, L50, M|
|poke|p1|Basculegion, L50, M|
|poke|p1|Whimsicott, L50, F|
|poke|p1|Kingambit, L50, F|
|poke|p1|Floette-Eternal, L50, F|
|poke|p2|Garchomp, L50, M|
|poke|p2|Delphox, L50, F|
|poke|p2|Vivillon, L50, F|
|poke|p2|Sinistcha, L50|
|poke|p2|Basculegion, L50, M|
|poke|p2|Floette-Eternal, L50, F|
|teampreview|4
|showteam|p1|Charizard||CharizarditeY|Blaze|HeatWave,SolarBeam,Protect,WeatherBall|Modest||M|||50|]Garchomp||LifeOrb|RoughSkin|DragonClaw,Earthquake,RockSlide,Protect|Jolly||M|||50|]Basculegion||ChoiceScarf|Adaptability|WaveCrash,AquaJet,FlipTurn,LastRespects|Adamant||M|||50|]Whimsicott||FocusSash|Prankster|Moonblast,Tailwind,Protect,Encore|Timid||F|||50|]Kingambit||BlackGlasses|Defiant|IronHead,KowtowCleave,Protect,SuckerPunch|Adamant||F|||50|]Floette-Eternal||Floettite|FlowerVeil|Moonblast,LightofRuin,DazzlingGleam,Protect|Modest||F|||50|
|showteam|p2|Garchomp||LifeOrb|RoughSkin|Earthquake,RockSlide,DragonClaw,Protect|Jolly||M|||50|]Delphox||Delphoxite|Blaze|NastyPlot,HeatWave,Psychic,Protect|Timid||F|||50|]Vivillon||ChoiceScarf|CompoundEyes|SleepPowder,Hurricane,RagePowder,Tailwind|Timid||F|||50|]Sinistcha||SitrusBerry|Hospitality|TrickRoom,MatchaGotcha,RagePowder,Protect|Bold|||||50|]Basculegion||MysticWater|Adaptability|WaveCrash,AquaJet,LastRespects,Protect|Jolly||M|||50|]Floette-Eternal||Floettite|FlowerVeil|Moonblast,DazzlingGleam,CalmMind,Protect|Timid||F|||50|
|inactive|Battle timer is ON: inactive players will automatically lose when time's up. (requested by SupaJello)
|inactive|toughlogvgc has 60 seconds left.
|
|t:|1783785460
|teamsize|p1|4
|teamsize|p2|4
|start
|switch|p1a: Whimsicott|Whimsicott, L50, F|100/100
|switch|p1b: Kingambit|Kingambit, L50, F|100/100
|switch|p2a: Floette|Floette-Eternal, L50, F|100/100
|switch|p2b: Sinistcha|Sinistcha, L50|100/100
|turn|1
|
|t:|1783785483
|detailschange|p2a: Floette|Floette-Mega, L50, F
|-mega|p2a: Floette|Floette|Floettite
|-ability|p2a: Floette|Fairy Aura
|move|p1a: Whimsicott|Tailwind|p1a: Whimsicott
|-sidestart|p1: toughlogvgc|move: Tailwind
|move|p2a: Floette|Moonblast|p1b: Kingambit
|-damage|p1b: Kingambit|33/100
|move|p1b: Kingambit|Iron Head|p2a: Floette
|-supereffective|p2a: Floette|1
|-damage|p2a: Floette|0 fnt
|faint|p2a: Floette
|move|p2b: Sinistcha|Trick Room|p2b: Sinistcha
|-fieldstart|move: Trick Room|[of] p2b: Sinistcha
|
|upkeep
|
|t:|1783785486
|switch|p2a: Garchomp|Garchomp, L50, M|100/100
|turn|2
|
|t:|1783785507
|move|p1b: Kingambit|Protect|p1b: Kingambit
|-singleturn|p1b: Kingambit|Protect
|move|p2b: Sinistcha|Matcha Gotcha|p1a: Whimsicott|[spread] p1a
|-activate|p1b: Kingambit|move: Protect
|-resisted|p1a: Whimsicott|1
|-damage|p1a: Whimsicott|78/100
|move|p2a: Garchomp|Earthquake|p1b: Kingambit|[spread] p2b,p1a
|-activate|p1b: Kingambit|move: Protect
|-resisted|p2b: Sinistcha|1
|-resisted|p1a: Whimsicott|1
|-damage|p2b: Sinistcha|80/100
|-damage|p1a: Whimsicott|39/100
|-damage|p2a: Garchomp|90/100|[from] item: Life Orb
|move|p1a: Whimsicott|Moonblast|p2a: Garchomp
|-supereffective|p2a: Garchomp|1
|-damage|p2a: Garchomp|14/100
|
|upkeep
|turn|3
|inactive|toughlogvgc has 30 seconds left.
|
|t:|1783785540
|switch|p1a: Charizard|Charizard, L50, M|100/100
|move|p2b: Sinistcha|Rage Powder|p2b: Sinistcha
|-singleturn|p2b: Sinistcha|move: Rage Powder
|move|p1b: Kingambit|Sucker Punch||[still]
|-fail|p1b: Kingambit
|move|p2a: Garchomp|Earthquake|p1a: Charizard|[spread] p2b,p1b
|-immune|p1a: Charizard
|-resisted|p2b: Sinistcha|1
|-supereffective|p1b: Kingambit|1
|-damage|p2b: Sinistcha|61/100
|-damage|p1b: Kingambit|0 fnt
|faint|p1b: Kingambit
|-damage|p2a: Garchomp|4/100|[from] item: Life Orb
|
|upkeep
|
|t:|1783785563
|switch|p1b: Whimsicott|Whimsicott, L50, F|39/100
|turn|4
|inactive|SupaJello has 30 seconds left.
|inactive|SupaJello has 20 seconds left.
|inactive|SupaJello has 15 seconds left.
|inactive|SupaJello has 10 seconds left.
|inactive|SupaJello has 5 seconds left.
|
|t:|1783785617
|detailschange|p1a: Charizard|Charizard-Mega-Y, L50, M
|-mega|p1a: Charizard|Charizard|Charizardite Y
|-weather|SunnyDay|[from] ability: Drought|[of] p1a: Charizard
|move|p1b: Whimsicott|Protect|p1b: Whimsicott
|-singleturn|p1b: Whimsicott|Protect
|move|p2b: Sinistcha|Protect|p2b: Sinistcha
|-singleturn|p2b: Sinistcha|Protect
|move|p1a: Charizard|Protect|p1a: Charizard
|-singleturn|p1a: Charizard|Protect
|move|p2a: Garchomp|Rock Slide|p1a: Charizard|[spread] 
|-activate|p1a: Charizard|move: Protect
|-activate|p1b: Whimsicott|move: Protect
|
|-weather|SunnyDay|[upkeep]
|-sideend|p1: toughlogvgc|move: Tailwind
|upkeep
|turn|5
|-message|SupaJello forfeited.
|
|win|toughlogvgc
|raw|toughlogvgc's rating: 1106 → 1136(+30 for winning)
|raw|SupaJello's rating: 1181 → 1151(-30 for losing)
|l|☆SupaJello
|player|p2|
