|j|☆FotiniP
|j|☆calamella
|html|FotiniPcalamella    
|uhtml|bestof|Game 1 of a best-of-3
|t:|1782998142
|gametype|doubles
|player|p1|FotiniP|170|1087
|player|p2|calamella|li|1137
|gen|9
|tier|[Gen 9 Champions] VGC 2026 Reg M-B (Bo3)
|rated|
|rule|Species Clause: Limit one of each Pokémon
|rule|Item Clause: Limit 1 of each item
|clearpoke
|poke|p1|Charizard, L50, F|
|poke|p1|Venusaur, L50, M|
|poke|p1|Garchomp, L50, F|
|poke|p1|Farigiraf, L50, F|
|poke|p1|Incineroar, L50, F|
|poke|p1|Sylveon, L50, F|
|poke|p2|Archaludon, L50, F|
|poke|p2|Pelipper, L50, M|
|poke|p2|Grimmsnarl, L50, M|
|poke|p2|Sylveon, L50, M|
|poke|p2|Metagross, L50|
|poke|p2|Swampert, L50, F|
|teampreview|4
|showteam|p1|Charizard||CharizarditeY|Blaze|HeatWave,WeatherBall,SolarBeam,Protect|Modest||F|||50|]Venusaur||LifeOrb|Chlorophyll|LeafStorm,SludgeBomb,SleepPowder,Protect|Modest||M|||50|]Garchomp||SoftSand|RoughSkin|RockSlide,DragonClaw,Earthquake,Protect|Adamant||F|||50|]Farigiraf||ColburBerry|ArmorTail|Psychic,Thunderbolt,Protect,TrickRoom|Modest||F|||50|]Incineroar||SitrusBerry|Intimidate|FlareBlitz,DarkestLariat,PartingShot,FakeOut|Careful||F|||50|]Sylveon||FairyFeather|Pixilate|HyperVoice,DazzlingGleam,QuickAttack,Protect|Modest||F|||50|
|showteam|p2|Archaludon||Leftovers|Stamina|Protect,ElectroShot,DragonPulse,AuraSphere|Modest||F|||50|]Pelipper||SitrusBerry|Drizzle|WeatherBall,Hurricane,WideGuard,Tailwind|Modest||M|||50|]Grimmsnarl||LightClay|Prankster|FoulPlay,LightScreen,Reflect,PartingShot|Careful||M|||50|]Sylveon||FairyFeather|Pixilate|HyperVoice,HyperBeam,QuickAttack,Detect|Modest||M|||50|]Metagross||Metagrossite|ClearBody|IronHead,BodyPress,PsychicFangs,Protect|Jolly|||||50|]Swampert||Swampertite|Torrent|WaveCrash,Earthquake,KnockOff,Protect|Adamant||F|||50|
|inactive|Battle timer is ON: inactive players will automatically lose when time's up. (requested by FotiniP)
|inactive|FotiniP has 60 seconds left.
|inactive|calamella has 60 seconds left.
|
|t:|1782998188
|teamsize|p1|4
|teamsize|p2|4
|start
|switch|p1a: Garchomp|Garchomp, L50, F|100/100
|switch|p1b: Charizard|Charizard, L50, F|100/100
|switch|p2a: Grimmsnarl|Grimmsnarl, L50, M|100/100
|switch|p2b: Archaludon|Archaludon, L50, F|100/100
|turn|1
|
|t:|1782998207
|detailschange|p1b: Charizard|Charizard-Mega-Y, L50, F
|-mega|p1b: Charizard|Charizard|Charizardite Y
|-weather|SunnyDay|[from] ability: Drought|[of] p1b: Charizard
|move|p2b: Archaludon|Protect|p2b: Archaludon
|-singleturn|p2b: Archaludon|Protect
|move|p2a: Grimmsnarl|Light Screen|p2a: Grimmsnarl
|-sidestart|p2: calamella|move: Light Screen
|move|p1a: Garchomp|Earthquake|p2a: Grimmsnarl|[spread] p2a
|-activate|p2b: Archaludon|move: Protect
|-immune|p1b: Charizard
|-damage|p2a: Grimmsnarl|49/100
|move|p1b: Charizard|Heat Wave|p2b: Archaludon|[spread] p2a
|-activate|p2b: Archaludon|move: Protect
|-damage|p2a: Grimmsnarl|8/100
|
|-weather|SunnyDay|[upkeep]
|upkeep
|turn|2
|
|t:|1782998227
|move|p2a: Grimmsnarl|Parting Shot|p2b: Archaludon
|-unboost|p2b: Archaludon|atk|1
|-unboost|p2b: Archaludon|spa|1
|
|t:|1782998230
|switch|p2a: Pelipper|Pelipper, L50, M|100/100|[from] Parting Shot
|-weather|RainDance|[from] ability: Drizzle|[of] p2a: Pelipper
|move|p1a: Garchomp|Earthquake|p2a: Pelipper|[spread] p2b
|-immune|p1b: Charizard
|-immune|p2a: Pelipper
|-supereffective|p2b: Archaludon|1
|-damage|p2b: Archaludon|22/100
|-ability|p2b: Archaludon|Stamina|boost
|-boost|p2b: Archaludon|def|1
|move|p1b: Charizard|Heat Wave|p2a: Pelipper|[spread] p2a,p2b
|-resisted|p2a: Pelipper|1
|-damage|p2a: Pelipper|91/100
|-damage|p2b: Archaludon|6/100
|-status|p2a: Pelipper|brn
|-ability|p2b: Archaludon|Stamina|boost
|-boost|p2b: Archaludon|def|1
|move|p2b: Archaludon|Electro Shot||[still]
|-prepare|p2b: Archaludon|Electro Shot
|-boost|p2b: Archaludon|spa|1
|-anim|p2b: Archaludon|Electro Shot|p1b: Charizard
|-supereffective|p1b: Charizard|1
|-damage|p1b: Charizard|25/100
|
|-weather|RainDance|[upkeep]
|-heal|p2b: Archaludon|12/100|[from] item: Leftovers
|-damage|p2a: Pelipper|85/100 brn|[from] brn
|upkeep
|turn|3
|
|t:|1782998249
|switch|p1b: Incineroar|Incineroar, L50, F|100/100
|-ability|p1b: Incineroar|Intimidate|boost
|-unboost|p2a: Pelipper|atk|1
|-unboost|p2b: Archaludon|atk|1
|move|p1a: Garchomp|Protect|p1a: Garchomp
|-singleturn|p1a: Garchomp|Protect
|move|p2b: Archaludon|Protect|p2b: Archaludon
|-singleturn|p2b: Archaludon|Protect
|move|p2a: Pelipper|Tailwind|p2a: Pelipper
|-sidestart|p2: calamella|move: Tailwind
|
|-weather|RainDance|[upkeep]
|-heal|p2b: Archaludon|18/100|[from] item: Leftovers
|-damage|p2a: Pelipper|79/100 brn|[from] brn
|upkeep
|turn|4
|
|t:|1782998264
|switch|p2a: Grimmsnarl|Grimmsnarl, L50, M|8/100
|move|p1b: Incineroar|Fake Out|p2b: Archaludon
|-resisted|p2b: Archaludon|1
|-damage|p2b: Archaludon|16/100
|-ability|p2b: Archaludon|Stamina|boost
|-boost|p2b: Archaludon|def|1
|cant|p2b: Archaludon|flinch
|move|p1a: Garchomp|Rock Slide|p2a: Grimmsnarl|[spread] p2a,p2b
|-crit|p2a: Grimmsnarl
|-resisted|p2b: Archaludon|1
|-damage|p2a: Grimmsnarl|0 fnt
|-damage|p2b: Archaludon|14/100
|-ability|p2b: Archaludon|Stamina|boost
|-boost|p2b: Archaludon|def|1
|faint|p2a: Grimmsnarl
|
|-weather|RainDance|[upkeep]
|-heal|p2b: Archaludon|20/100y|[from] item: Leftovers
|upkeep
|
|t:|1782998284
|switch|p2a: Swampert|Swampert, L50, F|100/100
|turn|5
|
|t:|1782998296
|switch|p1b: Venusaur|Venusaur, L50, M|100/100
|detailschange|p2a: Swampert|Swampert-Mega, L50, F
|-mega|p2a: Swampert|Swampert|Swampertite
|move|p2a: Swampert|Wave Crash|p1b: Venusaur
|-resisted|p1b: Venusaur|1
|-damage|p1b: Venusaur|32/100
|-damage|p2a: Swampert|79/100|[from] Recoil
|move|p2b: Archaludon|Dragon Pulse|p1b: Venusaur
|-damage|p1b: Venusaur|0 fnt
|faint|p1b: Venusaur
|move|p1a: Garchomp|Earthquake|p2b: Archaludon|[spread] p2a,p2b
|-crit|p2a: Swampert
|-supereffective|p2b: Archaludon|1
|-damage|p2a: Swampert|17/100
|-damage|p2b: Archaludon|0 fnt
|faint|p2b: Archaludon
|
|-weather|RainDance|[upkeep]
|upkeep
|
|t:|1782998312
|switch|p1b: Incineroar|Incineroar, L50, F|100/100
|switch|p2b: Pelipper|Pelipper, L50, M|79/100 brn
|-ability|p1b: Incineroar|Intimidate|boost
|-unboost|p2a: Swampert|atk|1
|-unboost|p2b: Pelipper|atk|1
|turn|6
|
|t:|1782998322
|move|p1b: Incineroar|Fake Out|p2a: Swampert
|-damage|p2a: Swampert|8/100
|cant|p2a: Swampert|flinch
|move|p2b: Pelipper|Weather Ball|p1b: Incineroar
|-supereffective|p1b: Incineroar|1
|-damage|p1b: Incineroar|10/100
|-enditem|p1b: Incineroar|Sitrus Berry|[eat]
|-heal|p1b: Incineroar|35/100|[from] item: Sitrus Berry
|move|p1a: Garchomp|Rock Slide|p2a: Swampert|[spread] p2a
|-miss|p1a: Garchomp|p2b: Pelipper
|-resisted|p2a: Swampert|1
|-damage|p2a: Swampert|0 fnt
|faint|p2a: Swampert
|
|-weather|none
|-damage|p2b: Pelipper|73/100 brn|[from] brn
|-sideend|p2: calamella|move: Tailwind
|upkeep
|turn|7
|-message|calamella forfeited.
|
|win|FotiniP
||calamella is ready for game 2.
||FotiniP is ready for game 2.
|uhtml|next|Next: Game 2 of 3
|l|☆FotiniP
|player|p1|
