|j|☆chamoy-pt2
|j|☆SnowBusiness
|html|chamoy-pt2SnowBusiness    
|uhtml|bestof|Game 3 of a best-of-3
|t:|1756954122
|gametype|doubles
|player|p1|chamoy-pt2|riley|1061
|player|p2|SnowBusiness|blue|1080
|gen|9
|tier|[Gen 9] VGC 2025 Reg H (Bo3)
|rated|
|rule|Species Clause: Limit one of each Pokémon
|rule|Item Clause: Limit 1 of each item
|clearpoke
|poke|p1|Tyranitar, L50, M|
|poke|p1|Ursaluna-Bloodmoon, L50, M|
|poke|p1|Gholdengo, L50|
|poke|p1|Farigiraf, L50, M|
|poke|p1|Incineroar, L50, F|
|poke|p1|Gallade, L50, M|
|poke|p2|Dragonite, L50, F|
|poke|p2|Gholdengo, L50|
|poke|p2|Sneasler, L50, F|
|poke|p2|Garchomp, L50, F|
|poke|p2|Ninetales-Alola, L50, M|
|poke|p2|Arcanine-Hisui, L50, F|
|teampreview|4
|showteam|p1|Tyranitar||AssaultVest|SandStream|RockSlide,KnockOff,LowKick,TeraBlast|||M|||50|,,,,,Flying]Ursaluna-Bloodmoon||LifeOrb|MindsEye|HyperVoice,EarthPower,BloodMoon,Protect|||M|||50|,,,,,Normal]Gholdengo||SitrusBerry|GoodasGold|NastyPlot,MakeItRain,ShadowBall,Protect||||||50|,,,,,Water]Farigiraf||MentalHerb|ArmorTail|TrickRoom,HelpingHand,PsychicNoise,AllySwitch|||M|||50|,,,,,Fairy]Incineroar||SafetyGoggles|Intimidate|FakeOut,PartingShot,KnockOff,FlareBlitz|||F|||50|,,,,,Ghost]Gallade||ScopeLens|Sharpness|SacredSword,PsychoCut,WideGuard,Protect|||M|||50|,,,,,Stellar
|showteam|p2|Dragonite||LoadedDice|Multiscale|ScaleShot,Tailwind,Haze,Protect|||F|||50|,,,,,Fairy]Gholdengo||LifeOrb|GoodasGold|MakeItRain,ShadowBall,NastyPlot,Protect||||||50|,,,,,Water]Sneasler||FocusSash|Unburden|CloseCombat,DireClaw,FakeOut,Coaching|||F|||50|,,,,,Stellar]Garchomp||ClearAmulet|RoughSkin|Earthquake,StompingTantrum,DragonClaw,Protect|||F|||50|,,,,,Steel]Ninetales-Alola||ChoiceSpecs|SnowWarning|Blizzard,IcyWind,Moonblast,FreezeDry|||M|||50|,,,,,Ghost]Arcanine-Hisui||MirrorHerb|Intimidate|RockSlide,FlareBlitz,ExtremeSpeed,Protect|||F|||50|,,,,,Ghost
|inactive|Battle timer is ON: inactive players will automatically lose when time's up. (requested by SnowBusiness)
|
|t:|1756954150
|teamsize|p1|4
|teamsize|p2|4
|start
|switch|p1a: Incineroar|Incineroar, L50, F|100/100
|switch|p1b: Farigiraf|Farigiraf, L50, M|100/100
|switch|p2a: Gholdeggo|Gholdengo, L50|100/100
|switch|p2b: Arcanine|Arcanine-Hisui, L50, F|100/100
|-ability|p2b: Arcanine|Intimidate|boost
|-unboost|p1a: Incineroar|atk|1
|-unboost|p1b: Farigiraf|atk|1
|-ability|p1a: Incineroar|Intimidate|boost
|-unboost|p2a: Gholdeggo|atk|1
|-unboost|p2b: Arcanine|atk|1
|turn|1
|inactive|SnowBusiness has 30 seconds left.
|
|t:|1756954184
|-terastallize|p2b: Arcanine|Ghost
|move|p2b: Arcanine|Rock Slide|p1a: Incineroar|[spread] p1a,p1b
|-supereffective|p1a: Incineroar
|-damage|p1a: Incineroar|71/100
|-damage|p1b: Farigiraf|84/100
|move|p2a: Gholdeggo|Nasty Plot|p2a: Gholdeggo
|-boost|p2a: Gholdeggo|spa|2
|move|p1a: Incineroar|Knock Off|p2a: Gholdeggo
|-supereffective|p2a: Gholdeggo
|-damage|p2a: Gholdeggo|39/100
|-enditem|p2a: Gholdeggo|Life Orb|[from] move: Knock Off|[of] p1a: Incineroar
|cant|p1b: Farigiraf|flinch
|
|upkeep
|turn|2
|
|t:|1756954205
|switch|p1b: Tyranitar|Tyranitar, L50, M|100/100
|-weather|Sandstorm|[from] ability: Sand Stream|[of] p1b: Tyranitar
|move|p2b: Arcanine|Rock Slide|p1b: Tyranitar|[spread] p1a,p1b
|-supereffective|p1a: Incineroar
|-damage|p1a: Incineroar|43/100
|-damage|p1b: Tyranitar|86/100
|move|p2a: Gholdeggo|Make It Rain|p1a: Incineroar|[spread] p1a,p1b
|-resisted|p1a: Incineroar
|-supereffective|p1b: Tyranitar
|-damage|p1a: Incineroar|5/100
|-damage|p1b: Tyranitar|12/100
|-unboost|p2a: Gholdeggo|spa|1
|move|p1a: Incineroar|Parting Shot|p2b: Arcanine
|-unboost|p2b: Arcanine|atk|1
|-unboost|p2b: Arcanine|spa|1
|
|t:|1756954221
|switch|p1a: Ursaluna|Ursaluna-Bloodmoon, L50, M|100/100|[from] Parting Shot
|
|-weather|Sandstorm|[upkeep]
|-damage|p2b: Arcanine|95/100|[from] Sandstorm
|upkeep
|turn|3
|
|t:|1756954242
|switch|p2b: faketile|Sneasler, L50, F, shiny|100/100
|move|p1a: Ursaluna|Protect|p1a: Ursaluna
|-singleturn|p1a: Ursaluna|Protect
|move|p2a: Gholdeggo|Make It Rain|p1a: Ursaluna|[spread] p1b
|-activate|p1a: Ursaluna|move: Protect
|-supereffective|p1b: Tyranitar
|-damage|p1b: Tyranitar|0 fnt
|-unboost|p2a: Gholdeggo|spa|1
|faint|p1b: Tyranitar
|
|-weather|Sandstorm|[upkeep]
|-damage|p2b: faketile|95/100|[from] Sandstorm
|upkeep
|
|t:|1756954253
|switch|p1b: Incineroar|Incineroar, L50, F|5/100
|-ability|p1b: Incineroar|Intimidate|boost
|-unboost|p2a: Gholdeggo|atk|1
|-unboost|p2b: faketile|atk|1
|turn|4
|
|t:|1756954266
|move|p2a: Gholdeggo|Protect|p2a: Gholdeggo
|-singleturn|p2a: Gholdeggo|Protect
|move|p1b: Incineroar|Fake Out|p2b: faketile
|-damage|p2b: faketile|75/100
|cant|p2b: faketile|flinch
|move|p1a: Ursaluna|Earth Power|p2a: Gholdeggo
|-activate|p2a: Gholdeggo|move: Protect
|
|-weather|Sandstorm|[upkeep]
|-damage|p2b: faketile|69/100|[from] Sandstorm
|upkeep
|turn|5
|
|t:|1756954280
|move|p1a: Ursaluna|Protect|p1a: Ursaluna
|-singleturn|p1a: Ursaluna|Protect
|move|p2b: faketile|Close Combat|p1a: Ursaluna
|-activate|p1a: Ursaluna|move: Protect
|move|p2a: Gholdeggo|Make It Rain|p1b: Incineroar|[spread] p1b
|-activate|p1a: Ursaluna|move: Protect
|-resisted|p1b: Incineroar
|-damage|p1b: Incineroar|0 fnt
|-unboost|p2a: Gholdeggo|spa|1
|faint|p1b: Incineroar
|
|-weather|Sandstorm|[upkeep]
|-damage|p2b: faketile|63/100|[from] Sandstorm
|upkeep
|
|t:|1756954288
|switch|p1b: Farigiraf|Farigiraf, L50, M|84/100
|turn|6
|
|t:|1756954296
|-terastallize|p1a: Ursaluna|Normal
|move|p1b: Farigiraf|Ally Switch|p1b: Farigiraf
|swap|p1b: Farigiraf|0|[from] move: Ally Switch
|move|p2b: faketile|Close Combat|p1a: Farigiraf
|-damage|p1a: Farigiraf|48/100
|-unboost|p2b: faketile|def|1
|-unboost|p2b: faketile|spd|1
|move|p2a: Gholdeggo|Make It Rain|p1b: Ursaluna|[spread] p1a,p1b
|-damage|p1a: Farigiraf|25/100
|-damage|p1b: Ursaluna|73/100
|-unboost|p2a: Gholdeggo|spa|1
|move|p1b: Ursaluna|Hyper Voice|p2a: Gholdeggo|[spread] p2a,p2b
|-resisted|p2a: Gholdeggo
|-damage|p2a: Gholdeggo|3/100
|-damage|p2b: faketile|0 fnt
|faint|p2b: faketile
|-damage|p1b: Ursaluna|63/100|[from] item: Life Orb
|
|-weather|none
|upkeep
|
|t:|1756954310
|switch|p2b: Arcanine|Arcanine-Hisui, L50, F, tera:Ghost|95/100
|-ability|p2b: Arcanine|Intimidate|boost
|-unboost|p1a: Farigiraf|atk|1
|-unboost|p1b: Ursaluna|atk|1
|turn|7
|
|t:|1756954319
|move|p1a: Farigiraf|Helping Hand|p1b: Ursaluna
|-singleturn|p1b: Ursaluna|Helping Hand|[of] p1a: Farigiraf
|move|p2b: Arcanine|Rock Slide|p1b: Ursaluna|[spread] p1a,p1b
|-damage|p1a: Farigiraf|0 fnt
|-damage|p1b: Ursaluna|45/100
|faint|p1a: Farigiraf
|move|p2a: Gholdeggo|Make It Rain|p1b: Ursaluna
|-damage|p1b: Ursaluna|15/100
|-unboost|p2a: Gholdeggo|spa|1
|move|p1b: Ursaluna|Hyper Voice|p2b: Arcanine|[spread] p2a,p2b
|-resisted|p2a: Gholdeggo
|-damage|p2a: Gholdeggo|0 fnt
|-damage|p2b: Arcanine|0 fnt
|faint|p2a: Gholdeggo
|faint|p2b: Arcanine
|-damage|p1b: Ursaluna|6/100|[from] item: Life Orb
|
|upkeep
|
|t:|1756954329
|switch|p2b: scale shot misses|Dragonite, L50, F, shiny|100/100
|turn|8
|
|t:|1756954336
|move|p2b: scale shot misses|Scale Shot|p1b: Ursaluna
|-damage|p1b: Ursaluna|0 fnt
|faint|p1b: Ursaluna
|-hitcount|p1: Ursaluna|1
|
|win|SnowBusiness
|raw|chamoy-pt2's rating: 1061 → 1043(-18 for losing)
|raw|SnowBusiness's rating: 1080 → 1106(+26 for winning)
