|j|☆Lauris
|j|☆bosilek
|html|Laurisbosilek    
|uhtml|bestof|Game 2 of a best-of-3
|t:|1756514506
|gametype|doubles
|player|p1|Lauris|102|1243
|player|p2|bosilek|hilbert-wonderlauncher|1183
|gen|9
|tier|[Gen 9] VGC 2025 Reg H (Bo3)
|rated|
|rule|Species Clause: Limit one of each Pokémon
|rule|Item Clause: Limit 1 of each item
|clearpoke
|poke|p1|Incineroar, L50, M|
|poke|p1|Amoonguss, L50, F|
|poke|p1|Porygon2, L50|
|poke|p1|Gholdengo, L50|
|poke|p1|Ursaluna, L50, F|
|poke|p1|Hydreigon, L50, F|
|poke|p2|Garchomp, L50, F|
|poke|p2|Talonflame, L50, F|
|poke|p2|Gholdengo, L50|
|poke|p2|Ninetales-Alola, L50, M|
|poke|p2|Hydreigon, L50, F|
|poke|p2|Annihilape, L50, F|
|teampreview|4
|showteam|p1|Incineroar||SitrusBerry|Intimidate|FlareBlitz,KnockOff,PartingShot,FakeOut|||M|||50|,,,,,Ghost]Amoonguss||RockyHelmet|Regenerator|RagePowder,PollenPuff,Spore,Protect|||F|||50|,,,,,Fairy]Porygon2||Eviolite|Download|Recover,IceBeam,TeraBlast,TrickRoom||||||50|,,,,,Fighting]Gholdengo||LifeOrb|GoodasGold|ShadowBall,MakeItRain,NastyPlot,Protect||||||50|,,,,,Water]Ursaluna||FlameOrb|Guts|Facade,HeadlongRush,Earthquake,Protect|||F|||50|,,,,,Ghost]Hydreigon||SafetyGoggles|Levitate|DracoMeteor,Snarl,Tailwind,Protect|||F|||50|,,,,,Ghost
|showteam|p2|Garchomp||LifeOrb|RoughSkin|Protect,Earthquake,DragonClaw,StompingTantrum|||F|||50|,,,,,Steel]Talonflame||CovertCloak|GaleWings|BraveBird,Taunt,WillOWisp,Tailwind|||F|||50|,,,,,Grass]Gholdengo||MetalCoat|GoodasGold|MakeItRain,ShadowBall,Protect,NastyPlot||||||50|,,,,,Water]Ninetales-Alola||FocusSash|SnowWarning|Blizzard,FreezeDry,Encore,Protect|||M|||50|,,,,,Water]Hydreigon||ChoiceSpecs|Levitate|HeatWave,Snarl,EarthPower,DragonPulse|||F|||50|,,,,,Fire]Annihilape||SafetyGoggles|Defiant|FinalGambit,RageFist,CloseCombat,Protect|||F|||50|,,,,,Fire
|inactive|Battle timer is ON: inactive players will automatically lose when time's up. (requested by Lauris)
|inactive|bosilek has 60 seconds left.
|
|t:|1756514583
|teamsize|p1|4
|teamsize|p2|4
|start
|switch|p1a: Hydreigon|Hydreigon, L50, F|100/100
|switch|p1b: Gholdengo|Gholdengo, L50|100/100
|switch|p2a: Talonflame|Talonflame, L50, F|100/100
|switch|p2b: Hydreigon|Hydreigon, L50, F|100/100
|turn|1
|inactive|bosilek has 30 seconds left.
|
|t:|1756514613
|move|p1b: Gholdengo|Protect|p1b: Gholdengo
|-singleturn|p1b: Gholdengo|Protect
|move|p2a: Talonflame|Tailwind|p2a: Talonflame
|-sidestart|p2: bosilek|move: Tailwind
|move|p2b: Hydreigon|Dragon Pulse|p1a: Hydreigon
|-supereffective|p1a: Hydreigon
|-damage|p1a: Hydreigon|0 fnt
|faint|p1a: Hydreigon
|
|upkeep
|
|t:|1756514629
|switch|p1a: Incineroar|Incineroar, L50, M|100/100
|-ability|p1a: Incineroar|Intimidate|boost
|-unboost|p2a: Talonflame|atk|1
|-unboost|p2b: Hydreigon|atk|1
|turn|2
|
|t:|1756514641
|switch|p2b: Garchomp|Garchomp, L50, F|100/100
|move|p1a: Incineroar|Fake Out|p2b: Garchomp
|-damage|p2b: Garchomp|90/100
|-damage|p1a: Incineroar|88/100|[from] ability: Rough Skin|[of] p2b: Garchomp
|move|p2a: Talonflame|Taunt|p1b: Gholdengo
|-immune|p1b: Gholdengo|[from] ability: Good as Gold
|move|p1b: Gholdengo|Nasty Plot|p1b: Gholdengo
|-boost|p1b: Gholdengo|spa|2
|
|upkeep
|turn|3
|
|t:|1756514660
|switch|p1a: Amoonguss|Amoonguss, L50, F|100/100
|-terastallize|p1b: Gholdengo|Water
|move|p2a: Talonflame|Taunt|p1a: Amoonguss
|-start|p1a: Amoonguss|move: Taunt
|move|p2b: Garchomp|Earthquake|p1a: Amoonguss|[spread] p1a,p1b
|-immune|p2a: Talonflame
|-damage|p1a: Amoonguss|63/100
|-damage|p1b: Gholdengo|42/100
|-damage|p2b: Garchomp|80/100|[from] item: Life Orb
|move|p1b: Gholdengo|Make It Rain|p2a: Talonflame|[spread] p2a,p2b
|-resisted|p2a: Talonflame
|-damage|p2a: Talonflame|0 fnt
|-damage|p2b: Garchomp|0 fnt
|-unboost|p1b: Gholdengo|spa|1
|faint|p2a: Talonflame
|faint|p2b: Garchomp
|-damage|p1b: Gholdengo|33/100|[from] item: Life Orb
|
|upkeep
|
|t:|1756514675
|switch|p2a: Ninetales|Ninetales-Alola, L50, M|100/100
|switch|p2b: Hydreigon|Hydreigon, L50, F|100/100
|-weather|Snowscape|[from] ability: Snow Warning|[of] p2a: Ninetales
|turn|4
|
|t:|1756514698
|switch|p1a: Incineroar|Incineroar, L50, M|88/100
|-ability|p1a: Incineroar|Intimidate|boost
|-unboost|p2a: Ninetales|atk|1
|-unboost|p2b: Hydreigon|atk|1
|-terastallize|p2b: Hydreigon|Fire
|move|p1b: Gholdengo|Protect|p1b: Gholdengo
|-singleturn|p1b: Gholdengo|Protect
|move|p2a: Ninetales|Blizzard|p1a: Incineroar|[spread] p1a
|-activate|p1b: Gholdengo|move: Protect
|-resisted|p1a: Incineroar
|-damage|p1a: Incineroar|76/100
|move|p2b: Hydreigon|Earth Power|p1a: Incineroar
|-supereffective|p1a: Incineroar
|-damage|p1a: Incineroar|1/100
|-enditem|p1a: Incineroar|Sitrus Berry|[eat]
|-heal|p1a: Incineroar|26/100|[from] item: Sitrus Berry
|
|-weather|Snowscape|[upkeep]
|-sideend|p2: bosilek|move: Tailwind
|upkeep
|turn|5
|inactive|Lauris has 30 seconds left.
|inactive|bosilek has 30 seconds left.
|
|t:|1756514727
|move|p1a: Incineroar|Fake Out|p2b: Hydreigon
|-crit|p2b: Hydreigon
|-damage|p2b: Hydreigon|81/100
|move|p2a: Ninetales|Freeze-Dry|p1b: Gholdengo
|-supereffective|p1b: Gholdengo
|-damage|p1b: Gholdengo|0 fnt
|faint|p1b: Gholdengo
|cant|p2b: Hydreigon|flinch
|
|-weather|Snowscape|[upkeep]
|upkeep
|c|☆Lauris|gg
|-message|Lauris forfeited.
|
|win|bosilek
|raw|Lauris's rating: 1243 → 1214(-29 for losing)
|raw|bosilek's rating: 1183 → 1212(+29 for winning)
|l|☆Lauris
|player|p1|
|c|☆bosilek|gg you gave me a tough match
