|j|☆VerdantVirizion
|j|☆standardamerican
|html|VerdantVirizionstandardamerican    
|uhtml|bestof|Game 3 of a best-of-3
|t:|1784888997
|gametype|doubles
|player|p1|VerdantVirizion|acetrainerf|1158
|player|p2|standardamerican|170|1308
|gen|9
|tier|[Gen 9 Champions] VGC 2026 Reg M-B (Bo3)
|rated|
|rule|Species Clause: Limit one of each Pokémon
|rule|Item Clause: Limit 1 of each item
|clearpoke
|poke|p1|Mawile, L50, F, shiny|
|poke|p1|Dragonite, L50, M, shiny|
|poke|p1|Farigiraf, L50, M|
|poke|p1|Pelipper, L50, M, shiny|
|poke|p1|Sneasler, L50, F|
|poke|p1|Mamoswine, L50, M|
|poke|p2|Sinistcha, L50|
|poke|p2|Incineroar, L50, M|
|poke|p2|Milotic, L50, F|
|poke|p2|Raichu, L50, M|
|poke|p2|Gardevoir, L50, M|
|poke|p2|Ceruledge, L50, F|
|teampreview|4
|showteam|p1|Mawile||Mawilite|HyperCutter|PlayRough,SuckerPunch,SwordsDance,Protect|Adamant||F|||50|]Dragonite||Dragoninite|Multiscale|DragonPulse,Thunderbolt,Hurricane,Protect|Modest||M|||50|]Farigiraf||ColburBerry|ArmorTail|Psychic,TrickRoom,HelpingHand,GrassKnot|Calm||M|||50|]Pelipper||SitrusBerry|Drizzle|WeatherBall,Tailwind,WideGuard,Hurricane|Modest||M|||50|]Sneasler||FocusSash|PoisonTouch|PoisonJab,CloseCombat,FakeOut,Protect|Jolly||F|||50|]Mamoswine||LifeOrb|Oblivious|HighHorsepower,IceShard,IcicleCrash,Protect|Adamant||M|||50|
|showteam|p2|Sinistcha||KasibBerry|Hospitality|MatchaGotcha,TrickRoom,RagePowder,Protect|Bold|||||50|]Incineroar||SitrusBerry|Intimidate|FlareBlitz,DarkestLariat,FakeOut,PartingShot|Careful||M|||50|]Milotic||Leftovers|Competitive|MuddyWater,Coil,Hypnosis,Protect|Calm||F|||50|]Raichu||RaichuniteY|LightningRod|ZapCannon,FocusBlast,FakeOut,Protect|Timid||M|||50|]Gardevoir||Gardevoirite|Trace|HyperVoice,Psyshock,TrickRoom,Protect|Modest||M|||50|]Ceruledge||ColburBerry|FlashFire|BitterBlade,ShadowSneak,BulkUp,Protect|Adamant||F|||50|
|
|t:|1784889014
|teamsize|p1|4
|teamsize|p2|4
|start
|switch|p1a: Luthier|Farigiraf, L50, M|100/100
|switch|p1b: Dagger|Sneasler, L50, F|100/100
|switch|p2a: Sinistcha|Sinistcha, L50|100/100
|switch|p2b: Ceruledge|Ceruledge, L50, F|100/100
|turn|1
|
|t:|1784889035
|move|p2a: Sinistcha|Rage Powder|p2a: Sinistcha
|-singleturn|p2a: Sinistcha|move: Rage Powder
|move|p1b: Dagger|Poison Jab|p2a: Sinistcha
|-damage|p2a: Sinistcha|65/100
|-status|p2a: Sinistcha|psn
|move|p2b: Ceruledge|Bulk Up|p2b: Ceruledge
|-boost|p2b: Ceruledge|atk|1
|-boost|p2b: Ceruledge|def|1
|move|p1a: Luthier|Psychic|p2a: Sinistcha
|-damage|p2a: Sinistcha|31/100 psn
|
|-damage|p2a: Sinistcha|19/100 psn|[from] psn
|upkeep
|turn|2
|
|t:|1784889056
|switch|p2a: Incineroar|Incineroar, L50, M|100/100
|-ability|p2a: Incineroar|Intimidate|boost
|-unboost|p1a: Luthier|atk|1
|-unboost|p1b: Dagger|atk|1
|move|p1b: Dagger|Poison Jab|p2a: Incineroar
|-damage|p2a: Incineroar|75/100
|move|p2b: Ceruledge|Bulk Up|p2b: Ceruledge
|-boost|p2b: Ceruledge|atk|1
|-boost|p2b: Ceruledge|def|1
|move|p1a: Luthier|Psychic|p2b: Ceruledge
|-damage|p2b: Ceruledge|63/100
|
|upkeep
|turn|3
|
|t:|1784889088
|move|p2b: Ceruledge|Protect|p2b: Ceruledge
|-singleturn|p2b: Ceruledge|Protect
|move|p1b: Dagger|Poison Jab|p2b: Ceruledge
|-activate|p2b: Ceruledge|move: Protect
|move|p2a: Incineroar|Parting Shot|p1a: Luthier
|-unboost|p1a: Luthier|atk|1
|-unboost|p1a: Luthier|spa|1
|
|t:|1784889096
|switch|p2a: Sinistcha|Sinistcha, L50|19/100 psn|[from] Parting Shot
|-heal|p2b: Ceruledge|88/100|[from] ability: Hospitality|[of] p2a: Sinistcha
|move|p1a: Luthier|Psychic|p2b: Ceruledge
|-activate|p2b: Ceruledge|move: Protect
|
|-damage|p2a: Sinistcha|6/100 psn|[from] psn
|upkeep
|turn|4
|
|t:|1784889123
|move|p1b: Dagger|Poison Jab|p2b: Ceruledge
|-resisted|p2b: Ceruledge|1
|-damage|p2b: Ceruledge|80/100
|move|p2b: Ceruledge|Bitter Blade|p1a: Luthier
|-damage|p1a: Luthier|17/100
|-heal|p2b: Ceruledge|100/100|[from] drain|[of] p1a: Luthier
|move|p1a: Luthier|Psychic|p2a: Sinistcha
|-damage|p2a: Sinistcha|0 fnt
|faint|p2a: Sinistcha
|
|upkeep
|
|t:|1784889152
|switch|p2a: Milotic|Milotic, L50, F|100/100
|turn|5
|
|t:|1784889182
|move|p1b: Dagger|Poison Jab|p2a: Milotic
|-damage|p2a: Milotic|75/100
|move|p2b: Ceruledge|Bitter Blade|p1a: Luthier
|-damage|p1a: Luthier|0 fnt
|faint|p1a: Luthier
|move|p2a: Milotic|Coil|p2a: Milotic
|-boost|p2a: Milotic|atk|1
|-boost|p2a: Milotic|def|1
|-boost|p2a: Milotic|accuracy|1
|
|-heal|p2a: Milotic|81/100|[from] item: Leftovers
|upkeep
|
|t:|1784889206
|switch|p1a: Mamoswine|Mamoswine, L50, M|100/100
|turn|6
|
|t:|1784889225
|move|p1a: Mamoswine|Protect|p1a: Mamoswine
|-singleturn|p1a: Mamoswine|Protect
|move|p2b: Ceruledge|Protect|p2b: Ceruledge
|-singleturn|p2b: Ceruledge|Protect
|move|p1b: Dagger|Poison Jab|p2a: Milotic
|-damage|p2a: Milotic|63/100
|move|p2a: Milotic|Coil|p2a: Milotic
|-boost|p2a: Milotic|atk|1
|-boost|p2a: Milotic|def|1
|-boost|p2a: Milotic|accuracy|1
|
|-heal|p2a: Milotic|69/100|[from] item: Leftovers
|upkeep
|turn|7
|
|t:|1784889246
|move|p1b: Dagger|Poison Jab|p2b: Ceruledge
|-resisted|p2b: Ceruledge|1
|-damage|p2b: Ceruledge|92/100
|-status|p2b: Ceruledge|psn
|move|p1a: Mamoswine|High Horsepower|p2b: Ceruledge
|-supereffective|p2b: Ceruledge|1
|-damage|p2b: Ceruledge|18/100 psn
|-damage|p1a: Mamoswine|90/100|[from] item: Life Orb
|move|p2b: Ceruledge|Bitter Blade|p1a: Mamoswine
|-supereffective|p1a: Mamoswine|1
|-damage|p1a: Mamoswine|0 fnt
|-heal|p2b: Ceruledge|67/100 psn|[from] drain|[of] p1a: Mamoswine
|faint|p1a: Mamoswine
|move|p2a: Milotic|Muddy Water|p1b: Dagger
|-damage|p1b: Dagger|55/100
|
|-heal|p2a: Milotic|75/100|[from] item: Leftovers
|-damage|p2b: Ceruledge|55/100 psn|[from] psn
|upkeep
|
|t:|1784889254
|switch|p1a: Kasane|Mawile, L50, F, shiny|100/100
|turn|8
|
|t:|1784889274
|move|p1a: Kasane|Protect|p1a: Kasane
|-singleturn|p1a: Kasane|Protect
|move|p1b: Dagger|Poison Jab|p2a: Milotic
|-damage|p2a: Milotic|64/100
|-status|p2a: Milotic|psn
|move|p2b: Ceruledge|Bitter Blade|p1b: Dagger
|-damage|p1b: Dagger|0 fnt
|-heal|p2b: Ceruledge|80/100 psn|[from] drain|[of] p1b: Dagger
|faint|p1b: Dagger
|move|p2a: Milotic|Hypnosis|p1a: Kasane
|-activate|p1a: Kasane|move: Protect
|
|-heal|p2a: Milotic|70/100 psn|[from] item: Leftovers
|-damage|p2b: Ceruledge|67/100 psn|[from] psn
|-damage|p2a: Milotic|58/100 psn|[from] psn
|upkeep
|turn|9
|-message|VerdantVirizion forfeited.
|raw|VerdantVirizion's rating: 1158 → 1143(-15 for losing)
|raw|standardamerican's rating: 1308 → 1320(+12 for winning)
|
|win|standardamerican
|l|☆VerdantVirizion
|player|p1|
