|j|вҳҶIl Mule
|j|вҳҶswarley3000
|html|Il Muleswarley3000    
|uhtml|bestof|Game 2 of a best-of-3
|t:|1785850891
|gametype|doubles
|player|p1|Il Mule|salvatore|1467
|player|p2|swarley3000|arven-s|1397
|gen|9
|tier|[Gen 9 Champions] VGC 2026 Reg M-B (Bo3)
|rated|
|rule|Species Clause: Limit one of each PokГ©mon
|rule|Item Clause: Limit 1 of each item
|clearpoke
|poke|p1|Excadrill, L50, F|
|poke|p1|Tyranitar, L50, M|
|poke|p1|Sneasler, L50, M|
|poke|p1|Incineroar, L50, M|
|poke|p1|Delphox, L50, F|
|poke|p1|Sinistcha, L50|
|poke|p2|Charizard, L50, M|
|poke|p2|Sneasler, L50, M|
|poke|p2|Kingambit, L50, M|
|poke|p2|Dragonite, L50, F|
|poke|p2|Floette-Eternal, L50, F|
|poke|p2|Whimsicott, L50, M|
|teampreview|4
|showteam|p1|Excadrill||FocusSash|SandRush|HighHorsepower,IronHead,RockSlide,Protect|Adamant||F|||50|]Tyranitar||Tyranitarite|SandStream|KnockOff,RockSlide,DragonDance,Protect|Jolly||M|||50|]Sneasler||WhiteHerb|Unburden|CloseCombat,DireClaw,Coaching,FakeOut|Jolly||M|||50|]Incineroar||PasshoBerry|Intimidate|FlareBlitz,ThroatChop,PartingShot,FakeOut|Impish||M|||50|]Delphox||Delphoxite|Blaze|HeatWave,Psychic,NastyPlot,Protect|Timid||F|||50|]Sinistcha||SitrusBerry|Hospitality|ShadowBall,MatchaGotcha,RagePowder,Protect|Bold|||||50|
|showteam|p2|Charizard||CharizarditeY|SolarPower|HeatWave,SolarBeam,WeatherBall,Protect|Modest||M|||50|]Sneasler||WhiteHerb|Unburden|CloseCombat,DireClaw,FakeOut,Coaching|Jolly||M|||50|]Kingambit||BlackGlasses|Defiant|KowtowCleave,SuckerPunch,SwordsDance,Protect|Adamant||M|||50|]Dragonite||LifeOrb|InnerFocus|DragonClaw,LowKick,ExtremeSpeed,Protect|Adamant||F|||50|]Floette-Eternal||Floettite|FlowerVeil|Moonblast,DazzlingGleam,LightofRuin,Protect|Modest||F|||50|]Whimsicott||FocusSash|Prankster|Moonblast,Tailwind,Encore,Protect|Timid||M|||50|
|inactive|Battle timer is ON: inactive players will automatically lose when time's up. (requested by swarley3000)
|j| rovesciaporci
|j| kelso shrug
|j| chef orte
|j| estupinanthepuledr
|j| lakaka siuuu
|c| chef orte|non ti sembra di aver forfettato troppo velocemente
|inactive|Il Mule has 60 seconds left.
|inactive|swarley3000 has 60 seconds left.
|c|вҳҶIl Mule|ci ho messo anche troppo a forfettare
|inactive|swarley3000 has 30 seconds left.
|c|вҳҶIl Mule|ho fatto un turno di troppo
|inactive|swarley3000 has 20 seconds left.
|inactive|swarley3000 has 15 seconds left.
|inactive|swarley3000 has 10 seconds left.
|c| chef orte|stasera sono di turno
|
|t:|1785850977
|teamsize|p1|4
|teamsize|p2|4
|start
|switch|p1a: Gervasoni|Excadrill, L50, F|100/100
|switch|p1b: Quando provo|Tyranitar, L50, M|100/100
|switch|p2a: Whimsicott|Whimsicott, L50, M|100/100
|switch|p2b: Dragonite|Dragonite, L50, F|100/100
|-weather|Sandstorm|[from] ability: Sand Stream|[of] p1b: Quando provo
|turn|1
|c|вҳҶIl Mule|la misura ГЁ colma
|c| chef orte|qual ГЁ il colmo per la misura?
|inactive|swarley3000 has 30 seconds left.
|
|t:|1785851004
|switch|p1b: Las brulГЁ|Sinistcha, L50|100/100
|move|p2a: Whimsicott|Tailwind|p2a: Whimsicott
|-sidestart|p2: swarley3000|move: Tailwind
|move|p1a: Gervasoni|Iron Head|p2a: Whimsicott
|-supereffective|p2a: Whimsicott|1
|-enditem|p2a: Whimsicott|Focus Sash
|-damage|p2a: Whimsicott|1/100
|move|p2b: Dragonite|Low Kick|p1b: Las brulГЁ
|-immune|p1b: Las brulГЁ
|
|-weather|Sandstorm|[upkeep]
|-damage|p2a: Whimsicott|0 fnt|[from] Sandstorm
|-damage|p2b: Dragonite|93/100|[from] Sandstorm
|-damage|p1b: Las brulГЁ|93/100|[from] Sandstorm
|faint|p2a: Whimsicott
|upkeep
|
|t:|1785851007
|switch|p2a: Charizard|Charizard, L50, M|100/100
|turn|2
|
|t:|1785851018
|move|p1a: Gervasoni|Protect|p1a: Gervasoni
|-singleturn|p1a: Gervasoni|Protect
|move|p1b: Las brulГЁ|Protect|p1b: Las brulГЁ
|-singleturn|p1b: Las brulГЁ|Protect
|move|p2a: Charizard|Heat Wave|p1b: Las brulГЁ|[spread] 
|-activate|p1a: Gervasoni|move: Protect
|-activate|p1b: Las brulГЁ|move: Protect
|move|p2b: Dragonite|Low Kick|p1a: Gervasoni
|-activate|p1a: Gervasoni|move: Protect
|
|-weather|Sandstorm|[upkeep]
|-damage|p2a: Charizard|94/100|[from] Sandstorm
|-damage|p2b: Dragonite|87/100|[from] Sandstorm
|-damage|p1b: Las brulГЁ|87/100|[from] Sandstorm
|upkeep
|turn|3
|j| Spadello
|c|вҳҶIl Mule|toda la noche a bailar el tipi tipi tero
|inactive|Il Mule has 30 seconds left.
|c|вҳҶswarley3000|eseeee
|inactive|Il Mule has 20 seconds left.
|
|t:|1785851053
|switch|p1a: Sabotage|Sneasler, L50, M|100/100
|move|p2a: Charizard|Heat Wave|p1a: Sabotage|[spread] p1b
|-miss|p2a: Charizard|p1a: Sabotage
|-supereffective|p1b: Las brulГЁ|1
|-damage|p1b: Las brulГЁ|23/100
|-enditem|p1b: Las brulГЁ|Sitrus Berry|[eat]
|-heal|p1b: Las brulГЁ|48/100|[from] item: Sitrus Berry
|move|p2b: Dragonite|Low Kick|p1a: Sabotage
|-resisted|p1a: Sabotage|1
|-damage|p1a: Sabotage|78/100
|-damage|p2b: Dragonite|78/100|[from] item: Life Orb
|move|p1b: Las brulГЁ|Shadow Ball|p2b: Dragonite
|-damage|p2b: Dragonite|43/100
|
|-weather|Sandstorm|[upkeep]
|-damage|p2a: Charizard|88/100|[from] Sandstorm
|-damage|p2b: Dragonite|36/100|[from] Sandstorm
|-damage|p1a: Sabotage|71/100|[from] Sandstorm
|-damage|p1b: Las brulГЁ|42/100|[from] Sandstorm
|upkeep
|turn|4
|c| rovesciaporci|la sbrulГ©
|inactive|Il Mule has 30 seconds left.
|
|t:|1785851082
|move|p2a: Charizard|Protect|p2a: Charizard
|-singleturn|p2a: Charizard|Protect
|move|p1a: Sabotage|Fake Out|p2a: Charizard
|-activate|p2a: Charizard|move: Protect
|move|p2b: Dragonite|Dragon Claw|p1a: Sabotage
|-crit|p1a: Sabotage
|-damage|p1a: Sabotage|0 fnt
|faint|p1a: Sabotage
|-damage|p2b: Dragonite|27/100|[from] item: Life Orb
|move|p1b: Las brulГЁ|Shadow Ball|p2b: Dragonite
|-damage|p2b: Dragonite|0 fnt
|faint|p2b: Dragonite
|
|-weather|Sandstorm|[upkeep]
|-damage|p2a: Charizard|82/100|[from] Sandstorm
|-damage|p1b: Las brulГЁ|35/100|[from] Sandstorm
|-sideend|p2: swarley3000|move: Tailwind
|upkeep
|c| chef orte|de bruyne
|
|t:|1785851095
|switch|p1a: Gervasoni|Excadrill, L50, F|100/100
|switch|p2b: Sneasler|Sneasler, L50, M|100/100
|turn|5
|c|вҳҶIl Mule|de brulo
|inactive|Il Mule has 30 seconds left.
|
|t:|1785851127
|move|p1a: Gervasoni|Protect|p1a: Gervasoni
|-singleturn|p1a: Gervasoni|Protect
|move|p2b: Sneasler|Fake Out|p1a: Gervasoni
|-activate|p1a: Gervasoni|move: Protect
|move|p2a: Charizard|Heat Wave|p1b: Las brulГЁ|[spread] p1b
|-activate|p1a: Gervasoni|move: Protect
|-supereffective|p1b: Las brulГЁ|1
|-damage|p1b: Las brulГЁ|0 fnt
|faint|p1b: Las brulГЁ
|
|-weather|none
|upkeep
|
|t:|1785851133
|switch|p1b: Quando provo|Tyranitar, L50, M|100/100
|-weather|Sandstorm|[from] ability: Sand Stream|[of] p1b: Quando provo
|turn|6
|
|t:|1785851154
|detailschange|p1b: Quando provo|Tyranitar-Mega, L50, M
|-mega|p1b: Quando provo|Tyranitar|Tyranitarite
|move|p2a: Charizard|Protect|p2a: Charizard
|-singleturn|p2a: Charizard|Protect
|move|p1a: Gervasoni|High Horsepower|p2b: Sneasler
|-supereffective|p2b: Sneasler|1
|-damage|p2b: Sneasler|0 fnt
|faint|p2b: Sneasler
|move|p1b: Quando provo|Dragon Dance|p1b: Quando provo
|-boost|p1b: Quando provo|atk|1
|-boost|p1b: Quando provo|spe|1
|
|-weather|Sandstorm|[upkeep]
|-damage|p2a: Charizard|77/100|[from] Sandstorm
|upkeep
|turn|7
|-message|swarley3000 forfeited.
|
|win|Il Mule
