|j|‽ratchford
|j|☆RGAngel
|html|ratchfordRGAngel    
|uhtml|bestof|Game 1 of a best-of-3
|t:|1757183598
|gametype|doubles
|player|p1|ratchford|cynthia-gen4|1125
|player|p2|RGAngel|cynthia|1086
|gen|9
|tier|[Gen 9] VGC 2025 Reg H (Bo3)
|rated|
|rule|Species Clause: Limit one of each Pokémon
|rule|Item Clause: Limit 1 of each item
|clearpoke
|poke|p1|Incineroar, L50, M|
|poke|p1|Amoonguss, L50, M|
|poke|p1|Gholdengo, L50|
|poke|p1|Basculegion, L50, M|
|poke|p1|Pelipper, L50, F|
|poke|p1|Archaludon, L50, M|
|poke|p2|Glaceon, L50, F|
|poke|p2|Gallade, L50, M|
|poke|p2|Ninetales-Alola, L50, F|
|poke|p2|Talonflame, L50, F|
|poke|p2|Garchomp, L50, M|
|poke|p2|Incineroar, L50, M|
|teampreview|4
|showteam|p1|Incineroar||SafetyGoggles|Intimidate|FakeOut,PartingShot,KnockOff,FlareBlitz|||M|||50|,,,,,Ghost]Amoonguss||SitrusBerry|Regenerator|Protect,RagePowder,Spore,SludgeBomb|||M|||50|,,,,,Water]Gholdengo||LifeOrb|GoodasGold|Protect,NastyPlot,MakeItRain,ShadowBall||||||50|,,,,,Water]Basculegion||ChoiceBand|SwiftSwim|WaveCrash,LastRespects,FlipTurn,AquaJet|||M|||50|,,,,,Water]Pelipper||FocusSash|Drizzle|Protect,WeatherBall,Hurricane,Tailwind|||F|||50|,,,,,Ground]Archaludon||AssaultVest|Stamina|DragonPulse,ElectroShot,BodyPress,FlashCannon|||M|||50|,,,,,Bug
|showteam|p2|Glaceon||BrightPowder|SnowCloak|FreezeDry,Blizzard,CalmMind,Protect|||F|||50|,,,,,Steel]Gallade||ClearAmulet|Sharpness|PsychoCut,SacredSword,TrickRoom,WideGuard|||M|||50|,,,,,Fire]Ninetales-Alola||LightClay|SnowWarning|AuroraVeil,Blizzard,FreezeDry,Protect|||F|||50|,,,,,Ghost]Talonflame||SafetyGoggles|GaleWings|DualWingbeat,Tailwind,Taunt,WillOWisp|||F|||50|,,,,,Ghost]Garchomp||LoadedDice|RoughSkin|StompingTantrum,ScaleShot,SwordsDance,Protect|||M|||50|,,,,,Fairy]Incineroar||RockyHelmet|Intimidate|FakeOut,FlareBlitz,PartingShot,KnockOff|||M|||50|,,,,,Grass
|inactive|Battle timer is ON: inactive players will automatically lose when time's up. (requested by RGAngel)
|inactive|ratchford has 60 seconds left.
|inactive|RGAngel has 60 seconds left.
|
|t:|1757183649
|teamsize|p1|4
|teamsize|p2|4
|start
|switch|p1a: Pelipper|Pelipper, L50, F|100/100
|switch|p1b: Basculegion|Basculegion, L50, M|100/100
|switch|p2a: Talonflame|Talonflame, L50, F|100/100
|switch|p2b: Incineroar|Incineroar, L50, M|100/100
|-weather|RainDance|[from] ability: Drizzle|[of] p1a: Pelipper
|-ability|p2b: Incineroar|Intimidate|boost
|-unboost|p1a: Pelipper|atk|1
|-unboost|p1b: Basculegion|atk|1
|turn|1
|inactive|ratchford has 30 seconds left.
|
|t:|1757183684
|switch|p2b: Ninetales|Ninetales-Alola, L50, F|100/100
|-weather|Snowscape|[from] ability: Snow Warning|[of] p2b: Ninetales
|-terastallize|p2a: Talonflame|Ghost
|move|p2a: Talonflame|Will-O-Wisp|p1b: Basculegion
|-status|p1b: Basculegion|brn
|move|p1b: Basculegion|Wave Crash|p2b: Ninetales
|-damage|p2b: Ninetales|76/100
|-damage|p1b: Basculegion|93/100 brn|[from] Recoil
|move|p1a: Pelipper|Hurricane|p2b: Ninetales
|-damage|p2b: Ninetales|26/100
|
|-weather|Snowscape|[upkeep]
|-damage|p1b: Basculegion|87/100 brn|[from] brn
|upkeep
|turn|2
|inactive|ratchford has 30 seconds left.
|
|t:|1757183713
|switch|p1a: Gholdengo|Gholdengo, L50|100/100
|move|p2a: Talonflame|Taunt|p1a: Gholdengo
|-immune|p1a: Gholdengo|[from] ability: Good as Gold
|move|p2b: Ninetales|Aurora Veil|p2b: Ninetales
|-sidestart|p2: RGAngel|move: Aurora Veil
|move|p1b: Basculegion|Wave Crash|p2b: Ninetales
|-damage|p2b: Ninetales|10/100
|-damage|p1b: Basculegion|83/100 brn|[from] Recoil
|
|-weather|Snowscape|[upkeep]
|-damage|p1b: Basculegion|76/100 brn|[from] brn
|upkeep
|turn|3
|
|t:|1757183734
|move|p2a: Talonflame|Tailwind|p2a: Talonflame
|-sidestart|p2: RGAngel|move: Tailwind
|move|p2b: Ninetales|Freeze-Dry|p1b: Basculegion
|-supereffective|p1b: Basculegion
|-damage|p1b: Basculegion|26/100 brn
|move|p1a: Gholdengo|Nasty Plot|p1a: Gholdengo
|-boost|p1a: Gholdengo|spa|2
|move|p1b: Basculegion|Wave Crash|p2b: Ninetales
|-damage|p2b: Ninetales|0 fnt
|faint|p2b: Ninetales
|-damage|p1b: Basculegion|23/100 brn|[from] Recoil
|
|-weather|Snowscape|[upkeep]
|-damage|p1b: Basculegion|17/100 brn|[from] brn
|upkeep
|
|t:|1757183748
|switch|p2b: Incineroar|Incineroar, L50, M|100/100
|-ability|p2b: Incineroar|Intimidate|boost
|-unboost|p1a: Gholdengo|atk|1
|-unboost|p1b: Basculegion|atk|1
|turn|4
|inactive|ratchford has 30 seconds left.
|
|t:|1757183776
|move|p1a: Gholdengo|Protect|p1a: Gholdengo
|-singleturn|p1a: Gholdengo|Protect
|move|p2a: Talonflame|Dual Wingbeat|p1b: Basculegion
|-damage|p1b: Basculegion|0 fnt
|faint|p1b: Basculegion
|-hitcount|p1: Basculegion|1
|move|p2b: Incineroar|Knock Off|p1a: Gholdengo
|-activate|p1a: Gholdengo|move: Protect
|
|-weather|Snowscape|[upkeep]
|upkeep
|
|t:|1757183788
|switch|p1b: Pelipper|Pelipper, L50, F|100/100
|-weather|RainDance|[from] ability: Drizzle|[of] p1b: Pelipper
|turn|5
|
|t:|1757183810
|move|p2a: Talonflame|Dual Wingbeat|p1b: Pelipper
|-damage|p1b: Pelipper|80/100
|-damage|p1b: Pelipper|58/100
|-hitcount|p1b: Pelipper|2
|move|p2b: Incineroar|Knock Off|p1b: Pelipper
|-damage|p1b: Pelipper|9/100
|-enditem|p1b: Pelipper|Focus Sash|[from] move: Knock Off|[of] p2b: Incineroar
|move|p1a: Gholdengo|Nasty Plot|p1a: Gholdengo
|-boost|p1a: Gholdengo|spa|2
|move|p1b: Pelipper|Weather Ball|p2b: Incineroar
|-supereffective|p2b: Incineroar
|-damage|p2b: Incineroar|25/100
|
|-weather|RainDance|[upkeep]
|upkeep
|turn|6
|inactive|ratchford has 30 seconds left.
|
|t:|1757183842
|move|p2a: Talonflame|Dual Wingbeat|p1b: Pelipper
|-damage|p1b: Pelipper|0 fnt
|faint|p1b: Pelipper
|-hitcount|p1: Pelipper|1
|move|p2b: Incineroar|Knock Off|p1a: Gholdengo
|-supereffective|p1a: Gholdengo
|-damage|p1a: Gholdengo|5/100
|-enditem|p1a: Gholdengo|Life Orb|[from] move: Knock Off|[of] p2b: Incineroar
|move|p1a: Gholdengo|Make It Rain|p2b: Incineroar|[spread] p2a,p2b
|-resisted|p2b: Incineroar
|-damage|p2a: Talonflame|0 fnt
|-damage|p2b: Incineroar|0 fnt
|-unboost|p1a: Gholdengo|spa|1
|faint|p2a: Talonflame
|faint|p2b: Incineroar
|
|-weather|RainDance|[upkeep]
|-sideend|p2: RGAngel|move: Tailwind
|upkeep
|
|t:|1757183857
|switch|p1b: Archaludon|Archaludon, L50, M|100/100
|switch|p2b: Glaceon|Glaceon, L50, F|100/100
|turn|7
|-message|RGAngel forfeited.
|
|win|ratchford
|l|☆RGAngel
|player|p2|
||RGAngel is ready for game 2.
