|j|☆francoilforteprep
|j|☆GabboVGC
|html|francoilforteprepGabboVGC    
|uhtml|bestof|Game 1 of a best-of-3
|t:|1756278803
|gametype|doubles
|player|p1|francoilforteprep|101|1098
|player|p2|GabboVGC|marnie-league|1184
|gen|9
|tier|[Gen 9] VGC 2025 Reg H (Bo3)
|rated|
|rule|Species Clause: Limit one of each Pokémon
|rule|Item Clause: Limit 1 of each item
|clearpoke
|poke|p1|Toxapex, L50, F|
|poke|p1|Chesnaught, L50, M|
|poke|p1|Grimmsnarl, L50, M|
|poke|p1|Incineroar, L50, F|
|poke|p1|Dondozo, L50, M|
|poke|p1|Tatsugiri, L50, F|
|poke|p2|Annihilape, L50, M|
|poke|p2|Ursaluna-Bloodmoon, L50, M|
|poke|p2|Tyranitar, L50, M|
|poke|p2|Sneasler, L50, M|
|poke|p2|Volcarona, L50, M|
|poke|p2|Indeedee, L50, M|
|teampreview|4
|showteam|p1|Toxapex||BlackSludge|Regenerator|Toxic,BanefulBunker,Infestation,Recover|||F|||50|,,,,,Ghost]Chesnaught||Leftovers|Bulletproof|SpikyShield,LeechSeed,KnockOff,DrainPunch|||M|||50|,,,,,Water]Grimmsnarl||LightClay|Prankster|PartingShot,LightScreen,Reflect,SpiritBreak|||M|||50|,,,,,Ghost]Incineroar||SafetyGoggles|Intimidate|FlareBlitz,KnockOff,FakeOut,PartingShot|||F|||50|,,,,,Ghost]Dondozo||SitrusBerry|Unaware|Avalanche,Fissure,Rest,SleepTalk|||M|||50|,,,,,Poison]Tatsugiri||FocusSash|Commander|DracoMeteor,MuddyWater,Taunt,Protect|||F|||50|,,,,,Stellar
|showteam|p2|Annihilape||SafetyGoggles|Defiant|DrainPunch,RageFist,BulkUp,Protect|||M|||50|,,,,,Fairy]Ursaluna-Bloodmoon||LifeOrb|MindsEye|BloodMoon,HyperVoice,EarthPower,Protect|||M|||50|,,,,,Normal]Tyranitar||AssaultVest|SandStream|RockSlide,KnockOff,LowKick,TeraBlast|||M|||50|,,,,,Flying]Sneasler||PsychicSeed|Unburden|CloseCombat,DireClaw,ThroatChop,Protect|||M|||50|,,,,,Dark]Volcarona||SitrusBerry|FlameBody|Overheat,StruggleBug,RagePowder,Tailwind|||M|||50|,,,,,Grass]Indeedee||ChoiceScarf|PsychicSurge|ExpandingForce,TeraBlast,Trick,Protect|||M|||50|,,,,,Psychic
|inactive|Battle timer is ON: inactive players will automatically lose when time's up. (requested by francoilforteprep)
|
|t:|1756278860
|teamsize|p1|4
|teamsize|p2|4
|start
|switch|p1a: Grimmsnarl|Grimmsnarl, L50, M|100/100
|switch|p1b: Toxapex|Toxapex, L50, F|100/100
|switch|p2a: Annihilape|Annihilape, L50, M, shiny|100/100
|switch|p2b: Sneasler|Sneasler, L50, M, shiny|100/100
|turn|1
|
|t:|1756278879
|move|p1a: Grimmsnarl|Reflect|p1a: Grimmsnarl
|-sidestart|p1: francoilforteprep|Reflect
|move|p2b: Sneasler|Dire Claw|p1a: Grimmsnarl
|-supereffective|p1a: Grimmsnarl
|-damage|p1a: Grimmsnarl|35/100
|move|p2a: Annihilape|Bulk Up|p2a: Annihilape
|-boost|p2a: Annihilape|atk|1
|-boost|p2a: Annihilape|def|1
|move|p1b: Toxapex|Toxic|p2a: Annihilape
|-status|p2a: Annihilape|tox
|
|-damage|p2a: Annihilape|95/100 tox|[from] psn
|upkeep
|turn|2
|inactive|francoilforteprep has 30 seconds left.
|
|t:|1756278910
|switch|p2b: Ursaluna|Ursaluna-Bloodmoon, L50, M|100/100
|move|p1a: Grimmsnarl|Light Screen|p1a: Grimmsnarl
|-sidestart|p1: francoilforteprep|move: Light Screen
|move|p2a: Annihilape|Drain Punch|p1a: Grimmsnarl
|-damage|p1a: Grimmsnarl|0 fnt
|-heal|p2a: Annihilape|100/100 tox|[from] drain|[of] p1a: Grimmsnarl
|faint|p1a: Grimmsnarl
|move|p1b: Toxapex|Infestation|p2a: Annihilape
|-resisted|p2a: Annihilape
|-damage|p2a: Annihilape|99/100 tox
|-activate|p2a: Annihilape|move: Infestation|[of] p1b: Toxapex
|
|-damage|p2a: Annihilape|88/100 tox|[from] psn
|-damage|p2a: Annihilape|76/100 tox|[from] move: Infestation|[partiallytrapped]
|upkeep
|inactive|francoilforteprep has 30 seconds left.
|
|t:|1756278942
|switch|p1a: Chesnaught|Chesnaught, L50, M|100/100
|turn|3
|
|t:|1756278964
|-terastallize|p1a: Chesnaught|Water
|move|p2a: Annihilape|Rage Fist|p1b: Toxapex
|-damage|p1b: Toxapex|60/100
|move|p2b: Ursaluna|Earth Power|p1b: Toxapex
|-supereffective|p1b: Toxapex
|-damage|p1b: Toxapex|2/100
|-damage|p2b: Ursaluna|91/100|[from] item: Life Orb
|move|p1a: Chesnaught|Knock Off|p2b: Ursaluna
|-damage|p2b: Ursaluna|72/100
|-enditem|p2b: Ursaluna|Life Orb|[from] move: Knock Off|[of] p1a: Chesnaught
|move|p1b: Toxapex|Toxic|p2b: Ursaluna
|-status|p2b: Ursaluna|tox
|
|-heal|p1b: Toxapex|8/100|[from] item: Black Sludge
|-damage|p2a: Annihilape|58/100 tox|[from] psn
|-damage|p2b: Ursaluna|66/100 tox|[from] psn
|-damage|p2a: Annihilape|45/100 tox|[from] move: Infestation|[partiallytrapped]
|upkeep
|turn|4
|
|t:|1756278985
|move|p1b: Toxapex|Baneful Bunker|p1b: Toxapex
|-singleturn|p1b: Toxapex|move: Protect
|move|p2a: Annihilape|Rage Fist|p1a: Chesnaught
|-damage|p1a: Chesnaught|64/100
|move|p2b: Ursaluna|Hyper Voice|p1b: Toxapex|[spread] p1a
|-activate|p1b: Toxapex|move: Protect
|-damage|p1a: Chesnaught|45/100
|move|p1a: Chesnaught|Leech Seed|p2b: Ursaluna
|-start|p2b: Ursaluna|move: Leech Seed
|
|-heal|p1a: Chesnaught|51/100|[from] item: Leftovers
|-heal|p1b: Toxapex|14/100|[from] item: Black Sludge
|-damage|p2b: Ursaluna|54/100 tox|[from] Leech Seed|[of] p1a: Chesnaught
|-heal|p1a: Chesnaught|64/100|[silent]
|-damage|p2a: Annihilape|21/100 tox|[from] psn
|-damage|p2b: Ursaluna|41/100 tox|[from] psn
|-damage|p2a: Annihilape|9/100 tox|[from] move: Infestation|[partiallytrapped]
|upkeep
|turn|5
|inactive|francoilforteprep has 30 seconds left.
|
|t:|1756279019
|move|p1a: Chesnaught|Spiky Shield|p1a: Chesnaught
|-singleturn|p1a: Chesnaught|move: Protect
|move|p2a: Annihilape|Rage Fist|p1b: Toxapex
|-damage|p1b: Toxapex|0 fnt
|faint|p1b: Toxapex
|move|p2b: Ursaluna|Blood Moon|p1a: Chesnaught
|-activate|p1a: Chesnaught|move: Protect
|
|-heal|p1a: Chesnaught|70/100|[from] item: Leftovers
|-damage|p2b: Ursaluna|29/100 tox|[from] Leech Seed|[of] p1a: Chesnaught
|-heal|p1a: Chesnaught|84/100|[silent]
|-damage|p2a: Annihilape|0 fnt|[from] psn
|faint|p2a: Annihilape
|-damage|p2b: Ursaluna|10/100 tox|[from] psn
|upkeep
|
|t:|1756279035
|switch|p2a: Sneasler|Sneasler, L50, M, shiny|100/100
|switch|p1b: Incineroar|Incineroar, L50, F|100/100
|-ability|p1b: Incineroar|Intimidate|boost
|-unboost|p2a: Sneasler|atk|1
|-unboost|p2b: Ursaluna|atk|1
|turn|6
|inactive|GabboVGC has 30 seconds left.
|inactive|GabboVGC has 20 seconds left.
|
|t:|1756279071
|switch|p2b: Indeedee|Indeedee, L50, M, shiny|100/100
|-fieldstart|move: Psychic Terrain|[from] ability: Psychic Surge|[of] p2b: Indeedee
|-enditem|p2a: Sneasler|Psychic Seed
|-boost|p2a: Sneasler|spd|1|[from] item: Psychic Seed
|move|p2a: Sneasler|Dire Claw|p1a: Chesnaught
|-damage|p1a: Chesnaught|69/100
|-status|p1a: Chesnaught|psn
|move|p1b: Incineroar|Knock Off|p2b: Indeedee
|-supereffective|p2b: Indeedee
|-damage|p2b: Indeedee|0 fnt
|-enditem|p2b: Indeedee|Choice Scarf|[from] move: Knock Off|[of] p1b: Incineroar
|faint|p2b: Indeedee
|move|p1a: Chesnaught|Leech Seed|p2a: Sneasler|[miss]
|-miss|p1a: Chesnaught|p2a: Sneasler
|
|-heal|p1a: Chesnaught|75/100 psn|[from] item: Leftovers
|-damage|p1a: Chesnaught|63/100 psn|[from] psn
|upkeep
|
|t:|1756279082
|switch|p2b: Ursaluna|Ursaluna-Bloodmoon, L50, M|10/100 tox
|turn|7
|inactive|francoilforteprep has 30 seconds left.
|
|t:|1756279116
|move|p2a: Sneasler|Close Combat|p1b: Incineroar
|-supereffective|p1b: Incineroar
|-damage|p1b: Incineroar|46/100
|-unboost|p2a: Sneasler|def|1
|-unboost|p2a: Sneasler|spd|1
|move|p1b: Incineroar|Flare Blitz|p2a: Sneasler
|-damage|p2a: Sneasler|0 fnt
|faint|p2a: Sneasler
|-damage|p1b: Incineroar|20/100|[from] Recoil
|move|p2b: Ursaluna|Earth Power|p1b: Incineroar
|-supereffective|p1b: Incineroar
|-damage|p1b: Incineroar|0 fnt
|faint|p1b: Incineroar
|move|p1a: Chesnaught|Leech Seed|p2b: Ursaluna|[miss]
|-miss|p1a: Chesnaught|p2b: Ursaluna
|
|-heal|p1a: Chesnaught|69/100 psn|[from] item: Leftovers
|-damage|p2b: Ursaluna|4/100 tox|[from] psn
|-damage|p1a: Chesnaught|56/100 psn|[from] psn
|upkeep
|turn|8
|
|t:|1756279132
|-terastallize|p2b: Ursaluna|Normal
|move|p1a: Chesnaught|Spiky Shield|p1a: Chesnaught
|-singleturn|p1a: Chesnaught|move: Protect
|move|p2b: Ursaluna|Blood Moon|p1a: Chesnaught
|-activate|p1a: Chesnaught|move: Protect
|
|-heal|p1a: Chesnaught|63/100 psn|[from] item: Leftovers
|-damage|p2b: Ursaluna|0 fnt|[from] psn
|faint|p2b: Ursaluna
|
|win|francoilforteprep
