|j|☆EddyG_7889
|j|☆nagc_17
|html|EddyG_7889nagc_17    
|uhtml|bestof|Game 2 of a best-of-3
|t:|1785123283
|gametype|doubles
|player|p1|EddyG_7889|elesa|
|player|p2|nagc_17|scientist|
|gen|9
|tier|[Gen 9 Champions] VGC 2026 Reg M-B (Bo3)
|rule|Species Clause: Limit one of each Pokémon
|rule|Item Clause: Limit 1 of each item
|clearpoke
|poke|p1|Delphox, L50, M|
|poke|p1|Whimsicott, L50, F|
|poke|p1|Alcremie, L50, F|
|poke|p1|Ceruledge, L50, F|
|poke|p1|Pangoro, L50, M|
|poke|p1|Mimikyu, L50, F|
|poke|p2|Charizard, L50, M|
|poke|p2|Garchomp, L50, F|
|poke|p2|Sneasler, L50, F|
|poke|p2|Venusaur, L50, F|
|poke|p2|Milotic, L50, F|
|poke|p2|Ampharos, L50, F|
|teampreview|4
|showteam|p1|Delphox||Delphoxite|Blaze|HeatWave,Psychic,Encore,Protect|Timid||M|||50|]Whimsicott||FocusSash|Prankster|Moonblast,Tailwind,SunnyDay,Protect|Timid||F|||50|]Alcremie||SitrusBerry|SweetVeil|Decorate,DazzlingGleam,HelpingHand,Protect|Calm||F|||50|]Ceruledge||ColburBerry|FlashFire|BitterBlade,ShadowSneak,BulkUp,Protect|Adamant||F|||50|]Pangoro||CobaBerry|Scrappy|StormThrow,KnockOff,RockSlide,Detect|Adamant||M|||50|]Mimikyu||LifeOrb|Disguise|TrickRoom,PlayRough,WoodHammer,Taunt|Adamant||F|||50|
|showteam|p2|Charizard||CharizarditeY|Blaze|HeatWave,SolarBeam,Protect,ScorchingSands|Timid||M|||50|]Garchomp||SitrusBerry|RoughSkin|Earthquake,DragonClaw,Protect,RockSlide|Adamant||F|||50|]Sneasler||WhiteHerb|Unburden|CloseCombat,DireClaw,FakeOut,Protect|Adamant||F|||50|]Venusaur||FocusSash|Chlorophyll|SleepPowder,SludgeBomb,Protect,GigaDrain|Timid||F|||50|]Milotic||Leftovers|MarvelScale|IcyWind,Recover,Scald,Protect|Bold||F|||50|]Ampharos||Ampharosite|Static|DragonPulse,ParabolicCharge,Protect,LightScreen|Modest||F|||50|
|
|t:|1785123380
|teamsize|p1|4
|teamsize|p2|4
|start
|switch|p1a: Palomita|Whimsicott, L50, F|100/100
|switch|p1b: Kyubei|Mimikyu, L50, F|100/100
|switch|p2a: Milotic|Milotic, L50, F|100/100
|switch|p2b: Venusaur|Venusaur, L50, F|100/100
|turn|1
|
|t:|1785123423
|move|p2a: Milotic|Protect|p2a: Milotic
|-singleturn|p2a: Milotic|Protect
|move|p1a: Palomita|Tailwind|p1a: Palomita
|-sidestart|p1: EddyG_7889|move: Tailwind
|move|p1b: Kyubei|Taunt|p2b: Venusaur
|-start|p2b: Venusaur|move: Taunt
|move|p2b: Venusaur|Sludge Bomb|p1a: Palomita
|-supereffective|p1a: Palomita|2
|-enditem|p1a: Palomita|Focus Sash
|-damage|p1a: Palomita|1/100
|
|upkeep
|turn|2
|
|t:|1785123522
|move|p1a: Palomita|Moonblast|p2a: Milotic
|-damage|p2a: Milotic|77/100
|move|p1b: Kyubei|Wood Hammer|p2a: Milotic
|-supereffective|p2a: Milotic|1
|-damage|p2a: Milotic|4/100
|-damage|p1b: Kyubei|70/100|[from] Recoil
|-damage|p1b: Kyubei|60/100|[from] item: Life Orb
|move|p2b: Venusaur|Sludge Bomb|p1b: Kyubei
|-activate|p1b: Kyubei|ability: Disguise
|-damage|p1b: Kyubei|60/100
|detailschange|p1b: Kyubei|Mimikyu-Busted, L50, F
|-damage|p1b: Kyubei|48/100|[from] pokemon: Mimikyu-Busted
|move|p2a: Milotic|Icy Wind|p1b: Kyubei|[spread] p1a,p1b
|-supereffective|p1a: Palomita|1
|-damage|p1a: Palomita|0 fnt
|-damage|p1b: Kyubei|38/100
|-unboost|p1b: Kyubei|spe|1
|faint|p1a: Palomita
|
|-heal|p2a: Milotic|10/100|[from] item: Leftovers
|upkeep
|
|t:|1785123566
|switch|p1a: Madoka|Delphox, L50, M|100/100
|turn|3
|
|t:|1785123630
|switch|p2a: Garchomp|Garchomp, L50, F|100/100
|detailschange|p1a: Madoka|Delphox-Mega, L50, M
|-mega|p1a: Madoka|Delphox|Delphoxite
|move|p1a: Madoka|Heat Wave|p2b: Venusaur|[spread] p2a,p2b
|-resisted|p2a: Garchomp|1
|-supereffective|p2b: Venusaur|1
|-damage|p2a: Garchomp|80/100
|-damage|p2b: Venusaur|7/100
|move|p1b: Kyubei|Wood Hammer|p2b: Venusaur
|-resisted|p2b: Venusaur|2
|-damage|p2b: Venusaur|0 fnt
|faint|p2b: Venusaur
|-damage|p1b: Kyubei|35/100|[from] Recoil
|-damage|p1b: Kyubei|25/100|[from] item: Life Orb
|
|upkeep
|
|t:|1785123647
|switch|p2b: Sneasler|Sneasler, L50, F|100/100
|turn|4
|
|t:|1785123711
|move|p1a: Madoka|Protect|p1a: Madoka
|-singleturn|p1a: Madoka|Protect
|move|p2b: Sneasler|Fake Out|p1a: Madoka
|-activate|p1a: Madoka|move: Protect
|move|p1b: Kyubei|Play Rough|p2a: Garchomp
|-supereffective|p2a: Garchomp|1
|-damage|p2a: Garchomp|0 fnt
|-damage|p1b: Kyubei|13/100|[from] ability: Rough Skin|[of] p2a: Garchomp
|faint|p2a: Garchomp
|-damage|p1b: Kyubei|3/100|[from] item: Life Orb
|
|-sideend|p1: EddyG_7889|move: Tailwind
|upkeep
|
|t:|1785123727
|switch|p2a: Milotic|Milotic, L50, F|10/100
|turn|5
|
|t:|1785123771
|move|p1a: Madoka|Psychic|p2b: Sneasler
|-supereffective|p2b: Sneasler|2
|-damage|p2b: Sneasler|0 fnt
|faint|p2b: Sneasler
|move|p2a: Milotic|Recover|p2a: Milotic
|-heal|p2a: Milotic|60/100
|move|p1b: Kyubei|Wood Hammer|p2a: Milotic
|-supereffective|p2a: Milotic|1
|-damage|p2a: Milotic|0 fnt
|faint|p2a: Milotic
|-damage|p1b: Kyubei|0 fnt|[from] Recoil
|faint|p1b: Kyubei
|
|win|EddyG_7889
