|j|☆exposniffer
|j|☆DewosZz
|html|exposnifferDewosZz    
|uhtml|bestof|Game 3 of a best-of-3
|t:|1757125904
|gametype|doubles
|player|p1|exposniffer|blue|1172
|player|p2|DewosZz|169|1236
|gen|9
|tier|[Gen 9] VGC 2025 Reg H (Bo3)
|rated|
|rule|Species Clause: Limit one of each Pokémon
|rule|Item Clause: Limit 1 of each item
|clearpoke
|poke|p1|Gholdengo, L50|
|poke|p1|Dragonite, L50, F|
|poke|p1|Ursaluna-Bloodmoon, L50, M|
|poke|p1|Ninetales-Alola, L50, F|
|poke|p1|Annihilape, L50, M|
|poke|p1|Incineroar, L50, F|
|poke|p2|Indeedee, L50, M|
|poke|p2|Whimsicott, L50, F|
|poke|p2|Typhlosion-Hisui, L50, F|
|poke|p2|Decidueye-Hisui, L50, M|
|poke|p2|Dragapult, L50, F|
|poke|p2|Sneasler, L50, M|
|teampreview|4
|showteam|p1|Gholdengo||MetalCoat|GoodasGold|MakeItRain,ShadowBall,NastyPlot,Protect||||||50|,,,,,Water]Dragonite||LoadedDice|Multiscale|ScaleShot,ExtremeSpeed,Haze,Protect|||F|||50|,,,,,Steel]Ursaluna-Bloodmoon||AssaultVest|MindsEye|BloodMoon,HyperVoice,EarthPower,VacuumWave|||M|||50|,,,,,Water]Ninetales-Alola||FocusSash|SnowWarning|Blizzard,IcyWind,AuroraVeil,IcicleSpear|||F|||50|,,,,,Ghost]Annihilape||SafetyGoggles|Defiant|CloseCombat,RageFist,Coaching,Taunt|||M|||50|,,,,,Fire]Incineroar||RockyHelmet|Intimidate|KnockOff,FlareBlitz,PartingShot,FakeOut|||F|||50|,,,,,Ghost
|showteam|p2|Indeedee||FocusSash|PsychicSurge|TeraBlast,ExpandingForce,TrickRoom,Imprison|||M|||50|,,,,,Fighting]Whimsicott||CovertCloak|Prankster|Moonblast,Tailwind,SunnyDay,Encore|||F|||50|,,,,,Fire]Typhlosion-Hisui||ChoiceSpecs|Blaze|Eruption,Overheat,HeatWave,ShadowBall|||F|||50|,,,,,Fire]Decidueye-Hisui||RazorClaw|Scrappy|TripleArrows,LeafBlade,Haze,Protect|||M|||50|,,,,,Water]Dragapult||ChoiceBand|ClearBody|DragonDarts,PhantomForce,TeraBlast,Uturn|||F|||50|,,,,,Ghost]Sneasler||PsychicSeed|Unburden|CloseCombat,DireClaw,ThroatChop,Protect|||M|||50|,,,,,Dark
|inactive|Battle timer is ON: inactive players will automatically lose when time's up. (requested by exposniffer)
|
|t:|1757125943
|teamsize|p1|4
|teamsize|p2|4
|start
|switch|p1a: Dragonite|Dragonite, L50, F|100/100
|switch|p1b: Incineroar|Incineroar, L50, F|100/100
|switch|p2a: Whimsicott|Whimsicott, L50, F|100/100
|switch|p2b: Sneasler|Sneasler, L50, M|100/100
|-ability|p1b: Incineroar|Intimidate|boost
|-unboost|p2a: Whimsicott|atk|1
|-unboost|p2b: Sneasler|atk|1
|turn|1
|
|t:|1757125961
|-terastallize|p1b: Incineroar|Ghost
|move|p2b: Sneasler|Protect|p2b: Sneasler
|-singleturn|p2b: Sneasler|Protect
|move|p2a: Whimsicott|Tailwind|p2a: Whimsicott
|-sidestart|p2: DewosZz|move: Tailwind
|move|p1a: Dragonite|Scale Shot|p2b: Sneasler
|-activate|p2b: Sneasler|move: Protect
|move|p1b: Incineroar|Flare Blitz|p2a: Whimsicott
|-supereffective|p2a: Whimsicott
|-damage|p2a: Whimsicott|2/100
|-damage|p1b: Incineroar|74/100|[from] Recoil
|
|upkeep
|turn|2
|
|t:|1757125979
|switch|p2a: Dragapult|Dragapult, L50, F|100/100
|move|p1a: Dragonite|Extreme Speed|p2a: Dragapult
|-immune|p2a: Dragapult
|move|p2b: Sneasler|Dire Claw|p1a: Dragonite
|-damage|p1a: Dragonite|86/100
|move|p1b: Incineroar|Parting Shot|p2b: Sneasler
|-unboost|p2b: Sneasler|atk|1
|-unboost|p2b: Sneasler|spa|1
|
|t:|1757125989
|switch|p1b: Ninetales|Ninetales-Alola, L50, F|100/100|[from] Parting Shot
|-weather|Snowscape|[from] ability: Snow Warning|[of] p1b: Ninetales
|
|-weather|Snowscape|[upkeep]
|upkeep
|turn|3
|
|t:|1757126006
|switch|p1a: Incineroar|Incineroar, L50, F, tera:Ghost|74/100
|-ability|p1a: Incineroar|Intimidate|boost
|-fail|p2a: Dragapult|unboost|[from] ability: Clear Body|[of] p2a: Dragapult
|-unboost|p2b: Sneasler|atk|1
|move|p2a: Dragapult|Phantom Force||[still]
|-prepare|p2a: Dragapult|Phantom Force
|move|p2b: Sneasler|Dire Claw|p1b: Ninetales
|-supereffective|p1b: Ninetales
|-damage|p1b: Ninetales|68/100
|move|p1b: Ninetales|Blizzard|p2b: Sneasler|[spread] p2b
|-miss|p1b: Ninetales|p2a: Dragapult
|-damage|p2b: Sneasler|54/100
|
|-weather|Snowscape|[upkeep]
|upkeep
|turn|4
|
|t:|1757126030
|move|p1a: Incineroar|Fake Out|p2b: Sneasler
|-damage|p2b: Sneasler|32/100
|move|p2a: Dragapult|Phantom Force|p1a: Incineroar|[from] lockedmove
|-supereffective|p1a: Incineroar
|-crit|p1a: Incineroar
|-damage|p1a: Incineroar|0 fnt
|-damage|p2a: Dragapult|84/100|[from] item: Rocky Helmet|[of] p1a: Incineroar
|faint|p1a: Incineroar
|cant|p2b: Sneasler|flinch
|move|p1b: Ninetales|Blizzard|p2a: Dragapult|[spread] p2a,p2b
|-supereffective|p2a: Dragapult
|-damage|p2a: Dragapult|0 fnt
|-damage|p2b: Sneasler|0 fnt
|faint|p2a: Dragapult
|faint|p2b: Sneasler
|
|-weather|Snowscape|[upkeep]
|-sideend|p2: DewosZz|move: Tailwind
|upkeep
|
|t:|1757126045
|switch|p2a: Whimsicott|Whimsicott, L50, F|2/100
|switch|p2b: Typhlosion|Typhlosion-Hisui, L50, F|100/100
|switch|p1a: Annihilape|Annihilape, L50, M|100/100
|turn|5
|
|t:|1757126058
|-terastallize|p2b: Typhlosion|Fire
|move|p2a: Whimsicott|Tailwind|p2a: Whimsicott
|-sidestart|p2: DewosZz|move: Tailwind
|move|p2b: Typhlosion|Eruption|p1a: Annihilape|[spread] p1a,p1b
|-supereffective|p1b: Ninetales
|-damage|p1a: Annihilape|0 fnt
|-damage|p1b: Ninetales|0 fnt
|faint|p1a: Annihilape
|faint|p1b: Ninetales
|
|-weather|Snowscape|[upkeep]
|upkeep
|
|t:|1757126066
|switch|p1b: Dragonite|Dragonite, L50, F|86/100
|turn|6
|
|t:|1757126071
|move|p2b: Typhlosion|Eruption|p1b: Dragonite
|-resisted|p1b: Dragonite
|-damage|p1b: Dragonite|10/100
|move|p2a: Whimsicott|Moonblast|p1b: Dragonite
|-supereffective|p1b: Dragonite
|-damage|p1b: Dragonite|0 fnt
|faint|p1b: Dragonite
|
|win|DewosZz
|raw|exposniffer's rating: 1172 → 1152(-20 for losing)
|raw|DewosZz's rating: 1236 → 1256(+20 for winning)
|c|☆exposniffer|ggs homie
|c|☆DewosZz|gg
|c|☆DewosZz|why didnt you send your dragonite?
|c|☆exposniffer|wym
|c|☆DewosZz|instead of annihilape
|c|☆exposniffer|lemme review
|c|☆DewosZz|cuz extreme speed on my whismicott killed him
|c|☆exposniffer|oh yeah good point
|c|☆exposniffer|uhhh rushed myself and didnt think play through
|c|☆DewosZz|anyway gg lol
|c|☆exposniffer|thanks for pointing that out
|c|☆DewosZz|no problem :) have a nice day
|c|☆exposniffer|you too!
|l|☆DewosZz
|player|p2|
