|j|☆X2Muz
|j|☆aura_or_something
|html|X2Muzaura_or_something    
|uhtml|bestof|Game 1 of a best-of-3
|t:|1757787806
|gametype|doubles
|player|p1|X2Muz|birdkeeper-gen4dp|
|player|p2|aura_or_something|101|
|gen|9
|tier|[Gen 9] VGC 2025 Reg H (Bo3)
|rule|Species Clause: Limit one of each Pokémon
|rule|Item Clause: Limit 1 of each item
|clearpoke
|poke|p1|Gholdengo, L50|
|poke|p1|Sneasler, L50, M|
|poke|p1|Rillaboom, L50, M|
|poke|p1|Dragonite, L50, F|
|poke|p1|Ninetales-Alola, L50, F|
|poke|p1|Arcanine-Hisui, L50, F|
|poke|p2|Typhlosion-Hisui, L50, F|
|poke|p2|Grimmsnarl, L50, M|
|poke|p2|Whimsicott, L50, M|
|poke|p2|Kingambit, L50, M|
|poke|p2|Clefable, L50, M|
|poke|p2|Ursaluna, L50, F|
|teampreview|4
|showteam|p1|Gholdengo||GrassySeed|GoodasGold|NastyPlot,MakeItRain,ShadowBall,Protect||||||50|,,,,,Water]Sneasler||WhiteHerb|Unburden|CloseCombat,DireClaw,Coaching,Protect|||M|||50|,,,,,Ghost]Rillaboom||AssaultVest|GrassySurge|FakeOut,GrassyGlide,DrumBeating,HighHorsepower|||M|||50|,,,,,Fire]Dragonite||LoadedDice|Multiscale|ScaleShot,StompingTantrum,Tailwind,Protect|||F|||50|,,,,,Ground]Ninetales-Alola||FocusSash|SnowWarning|Blizzard,IcyWind,Encore,AuroraVeil|||F|||50|,,,,,Ghost]Arcanine-Hisui||ClearAmulet|Intimidate|RockSlide,FlareBlitz,ExtremeSpeed,Protect|||F|||50|,,,,,Water
|showteam|p2|Typhlosion-Hisui||ChoiceSpecs|Blaze|Eruption,Flamethrower,ShadowBall,SolarBeam|||F|||50|,,,,,Fire]Grimmsnarl||SitrusBerry|Prankster|Reflect,LightScreen,ThunderWave,DrainingKiss|||M|||50|,,,,,Water]Whimsicott||CovertCloak|Prankster|Encore,SunnyDay,Tailwind,EnergyBall|||M|||50|,,,,,Fire]Kingambit||AssaultVest|Defiant|SuckerPunch,KowtowCleave,IronHead,BrickBreak|||M|||50|,,,,,Ghost]Clefable||RockyHelmet|Unaware|FollowMe,HelpingHand,Moonblast,IcyWind|||M|||50|,,,,,Water]Ursaluna||FlameOrb|Guts|Protect,HeadlongRush,CloseCombat,Facade|||F|||50|,,,,,Ghost
|
|t:|1757787873
|teamsize|p1|4
|teamsize|p2|4
|start
|switch|p1a: Dragonite|Dragonite, L50, F|100/100
|switch|p1b: Sneasler|Sneasler, L50, M|100/100
|switch|p2a: Typhlosion|Typhlosion-Hisui, L50, F|100/100
|switch|p2b: Clefable|Clefable, L50, M|100/100
|turn|1
|
|t:|1757787909
|-terastallize|p2a: Typhlosion|Fire
|move|p1b: Sneasler|Protect|p1b: Sneasler
|-singleturn|p1b: Sneasler|Protect
|move|p2b: Clefable|Follow Me|p2b: Clefable
|-singleturn|p2b: Clefable|move: Follow Me
|move|p2a: Typhlosion|Eruption|p1b: Sneasler|[spread] p1a
|-activate|p1b: Sneasler|move: Protect
|-resisted|p1a: Dragonite
|-damage|p1a: Dragonite|74/100
|move|p1a: Dragonite|Tailwind|p1a: Dragonite
|-sidestart|p1: X2Muz|move: Tailwind
|
|upkeep
|turn|2
|
|t:|1757787940
|switch|p2a: Grimmsnarl|Grimmsnarl, L50, M|100/100
|move|p1a: Dragonite|Protect|p1a: Dragonite
|-singleturn|p1a: Dragonite|Protect
|move|p1b: Sneasler|Dire Claw|p2b: Clefable
|-supereffective|p2b: Clefable
|-damage|p2b: Clefable|28/100
|-status|p2b: Clefable|par
|-damage|p1b: Sneasler|84/100|[from] item: Rocky Helmet|[of] p2b: Clefable
|cant|p2b: Clefable|par
|
|upkeep
|turn|3
|c|☆aura_or_something|god damn it
|c|☆X2Muz|oop
|
|t:|1757787977
|switch|p1a: Gholdengo|Gholdengo, L50|100/100
|move|p2a: Grimmsnarl|Reflect|p2a: Grimmsnarl
|-sidestart|p2: aura_or_something|Reflect
|move|p1b: Sneasler|Dire Claw|p2b: Clefable
|-supereffective|p2b: Clefable
|-damage|p2b: Clefable|0 fnt
|-damage|p1b: Sneasler|68/100|[from] item: Rocky Helmet|[of] p2b: Clefable
|faint|p2b: Clefable
|
|upkeep
|
|t:|1757787988
|switch|p2b: Ursaluna|Ursaluna, L50, F|100/100
|turn|4
|
|t:|1757788030
|switch|p1b: Rillaboom|Rillaboom, L50, M|100/100
|-fieldstart|move: Grassy Terrain|[from] ability: Grassy Surge|[of] p1b: Rillaboom
|-enditem|p1a: Gholdengo|Grassy Seed
|-boost|p1a: Gholdengo|def|1|[from] item: Grassy Seed
|-terastallize|p1a: Gholdengo|Water
|move|p2b: Ursaluna|Protect|p2b: Ursaluna
|-singleturn|p2b: Ursaluna|Protect
|move|p2a: Grimmsnarl|Light Screen|p2a: Grimmsnarl
|-sidestart|p2: aura_or_something|move: Light Screen
|move|p1a: Gholdengo|Nasty Plot|p1a: Gholdengo
|-boost|p1a: Gholdengo|spa|2
|
|-sideend|p1: X2Muz|move: Tailwind
|-status|p2b: Ursaluna|brn|[from] item: Flame Orb
|upkeep
|turn|5
|
|t:|1757788059
|move|p1b: Rillaboom|Fake Out|p2b: Ursaluna
|-damage|p2b: Ursaluna|94/100 brn
|move|p2a: Grimmsnarl|Thunder Wave|p1b: Rillaboom
|-status|p1b: Rillaboom|par
|move|p1a: Gholdengo|Nasty Plot|p1a: Gholdengo
|-boost|p1a: Gholdengo|spa|2
|cant|p2b: Ursaluna|flinch
|
|-heal|p2b: Ursaluna|99/100 brn|[from] Grassy Terrain
|-damage|p2b: Ursaluna|94/100 brn|[from] brn
|upkeep
|turn|6
|
|t:|1757788077
|move|p1a: Gholdengo|Protect|p1a: Gholdengo
|-singleturn|p1a: Gholdengo|Protect
|move|p2a: Grimmsnarl|Thunder Wave|p1a: Gholdengo
|-activate|p1a: Gholdengo|move: Protect
|move|p1b: Rillaboom|Grassy Glide|p2b: Ursaluna
|-supereffective|p2b: Ursaluna
|-damage|p2b: Ursaluna|59/100 brn
|move|p2b: Ursaluna|Facade|p1a: Gholdengo
|-activate|p1a: Gholdengo|move: Protect
|
|-heal|p2b: Ursaluna|65/100 brn|[from] Grassy Terrain
|-damage|p2b: Ursaluna|59/100 brn|[from] brn
|upkeep
|turn|7
|
|t:|1757788117
|switch|p1b: Dragonite|Dragonite, L50, F|74/100
|move|p2a: Grimmsnarl|Thunder Wave|p1a: Gholdengo
|-immune|p1a: Gholdengo|[from] ability: Good as Gold
|move|p1a: Gholdengo|Make It Rain|p2a: Grimmsnarl|[spread] p2a,p2b
|-supereffective|p2a: Grimmsnarl
|-damage|p2a: Grimmsnarl|0 fnt
|-damage|p2b: Ursaluna|0 fnt
|-unboost|p1a: Gholdengo|spa|1
|faint|p2a: Grimmsnarl
|faint|p2b: Ursaluna
|
|-sideend|p2: aura_or_something|Reflect
|upkeep
|c|☆aura_or_something|im a fucking idiot dawg
|
|t:|1757788133
|switch|p2b: Typhlosion|Typhlosion-Hisui, L50, F, tera:Fire|100/100
|turn|8
|c|☆aura_or_something|watch this
|
|t:|1757788159
|move|p1a: Gholdengo|Protect|p1a: Gholdengo
|-singleturn|p1a: Gholdengo|Protect
|move|p2b: Typhlosion|Eruption|p1b: Dragonite|[spread] p1b
|-activate|p1a: Gholdengo|move: Protect
|-resisted|p1b: Dragonite
|-damage|p1b: Dragonite|18/100
|move|p1b: Dragonite|Tailwind|p1b: Dragonite
|-sidestart|p1: X2Muz|move: Tailwind
|
|-sideend|p2: aura_or_something|move: Light Screen
|-fieldend|move: Grassy Terrain
|upkeep
|turn|9
|c|☆X2Muz|gg
|c|☆aura_or_something|you did reg h bo3?
|c|☆X2Muz|yes
|c|☆aura_or_something|i thought it was just one reg h game
|c|☆X2Muz|its bo3
|c|☆X2Muz|in rules
|c|☆aura_or_something|alr
|
|t:|1757788214
|move|p1a: Gholdengo|Shadow Ball|p2b: Typhlosion
|-damage|p2b: Typhlosion|0 fnt
|faint|p2b: Typhlosion
|
|win|X2Muz
||aura_or_something is ready for game 2.
||X2Muz is ready for game 2.
|uhtml|next|Next: Game 2 of 3
|l|☆aura_or_something
|player|p2|
