|j|☆Joseph Terastalin
|j|☆jussdoit
|html|Joseph Terastalinjussdoit    
|uhtml|bestof|Game 2 of a best-of-3
|t:|1757248808
|gametype|doubles
|player|p1|Joseph Terastalin|blaine|1053
|player|p2|jussdoit|steven|1085
|gen|9
|tier|[Gen 9] VGC 2025 Reg H (Bo3)
|rated|
|rule|Species Clause: Limit one of each Pokémon
|rule|Item Clause: Limit 1 of each item
|clearpoke
|poke|p1|Venusaur, L50, F|
|poke|p1|Torkoal, L50, M|
|poke|p1|Tyranitar, L50, F|
|poke|p1|Farigiraf, L50, F|
|poke|p1|Electabuzz, L50, M|
|poke|p1|Salamence, L50, F|
|poke|p2|Archaludon, L50, F|
|poke|p2|Pelipper, L50, F|
|poke|p2|Sneasler, L50, M|
|poke|p2|Kingdra, L50, F|
|poke|p2|Indeedee, L50, M|
|poke|p2|Sinistcha, L50|
|teampreview|4
|showteam|p1|Venusaur||LifeOrb|Chlorophyll|Protect,SludgeBomb,GigaDrain,WeatherBall|||F|||50|,,,,,Rock]Torkoal||EjectPack|Drought|Overheat,BodyPress,HelpingHand,Yawn|||M|||50|,,,,,Grass]Tyranitar||ChoiceBand|SandStream|RockSlide,KnockOff,TeraBlast,HeavySlam|||F|||50|,,,,,Flying]Farigiraf||ThroatSpray|ArmorTail|Protect,HyperVoice,Psychic,TrickRoom|||F|||50|,,,,,Fairy]Electabuzz||Eviolite|VitalSpirit|Electroweb,Taunt,FollowMe,VoltSwitch|||M|||50|,,,,,Fairy]Salamence||RockyHelmet|Intimidate|Protect,Outrage,DualWingbeat,Tailwind|||F|||50|,,,,,Steel
|showteam|p2|Archaludon||AssaultVest|Stamina|ElectroShot,DragonPulse,FlashCannon,BodyPress|||F|||50|,,,,,Electric]Pelipper||FocusSash|Drizzle|HelpingHand,Protect,Tailwind,Hurricane|||F|||50|,,,,,Water]Sneasler||PsychicSeed|Unburden|CloseCombat,DireClaw,ThroatChop,FirePunch|||M|||50|,,,,,Stellar]Kingdra||LifeOrb|SwiftSwim|DracoMeteor,MuddyWater,TeraBlast,IceBeam|||F|||50|,,,,,Fairy]Indeedee||ChoiceScarf|PsychicSurge|ExpandingForce,DazzlingGleam,Encore,HealingWish|||M|||50|,,,,,Psychic]Sinistcha||WeaknessPolicy|Hospitality|LifeDew,MatchaGotcha,StrengthSap,Protect||||||50|,,,,,Fire
|inactive|Battle timer is ON: inactive players will automatically lose when time's up. (requested by jussdoit)
|
|t:|1757248831
|teamsize|p1|4
|teamsize|p2|4
|start
|switch|p1a: Salamence|Salamence, L50, F|100/100
|switch|p1b: Electabuzz|Electabuzz, L50, M|100/100
|switch|p2a: Sneasler|Sneasler, L50, M|100/100
|switch|p2b: Indeedee|Indeedee, L50, M|100/100
|-fieldstart|move: Psychic Terrain|[from] ability: Psychic Surge|[of] p2b: Indeedee
|-enditem|p2a: Sneasler|Psychic Seed
|-boost|p2a: Sneasler|spd|1|[from] item: Psychic Seed
|-ability|p1a: Salamence|Intimidate|boost
|-unboost|p2a: Sneasler|atk|1
|-unboost|p2b: Indeedee|atk|1
|turn|1
|
|t:|1757248854
|-terastallize|p1a: Salamence|Steel
|move|p1b: Electabuzz|Follow Me|p1b: Electabuzz
|-singleturn|p1b: Electabuzz|move: Follow Me
|move|p2a: Sneasler|Dire Claw|p1b: Electabuzz
|-damage|p1b: Electabuzz|74/100
|move|p2b: Indeedee|Expanding Force|p1a: Salamence|[spread] p1a,p1b
|-resisted|p1a: Salamence
|-damage|p1a: Salamence|71/100
|-damage|p1b: Electabuzz|26/100
|move|p1a: Salamence|Dual Wingbeat|p2a: Sneasler
|-supereffective|p2a: Sneasler
|-damage|p2a: Sneasler|46/100
|-supereffective|p2a: Sneasler
|-damage|p2a: Sneasler|0 fnt
|faint|p2a: Sneasler
|-hitcount|p2: Sneasler|2
|
|upkeep
|
|t:|1757248871
|switch|p2a: Archaludon|Archaludon, L50, F|100/100
|turn|2
|inactive|Joseph Terastalin has 30 seconds left.
|
|t:|1757248902
|move|p2b: Indeedee|Expanding Force|p1b: Electabuzz|[spread] p1a,p1b
|-resisted|p1a: Salamence
|-damage|p1a: Salamence|39/100
|-damage|p1b: Electabuzz|0 fnt
|faint|p1b: Electabuzz
|move|p1a: Salamence|Tailwind|p1a: Salamence
|-sidestart|p1: Joseph Terastalin|move: Tailwind
|move|p2a: Archaludon|Body Press|p1a: Salamence
|-supereffective|p1a: Salamence
|-damage|p1a: Salamence|0 fnt
|-damage|p2a: Archaludon|84/100|[from] item: Rocky Helmet|[of] p1a: Salamence
|faint|p1a: Salamence
|
|upkeep
|
|t:|1757248913
|switch|p1a: Farigiraf|Farigiraf, L50, F|100/100
|switch|p1b: Tyranitar|Tyranitar, L50, F|100/100
|-weather|Sandstorm|[from] ability: Sand Stream|[of] p1b: Tyranitar
|turn|3
|inactive|Joseph Terastalin has 30 seconds left.
|inactive|Joseph Terastalin has 20 seconds left.
|inactive|Joseph Terastalin has 15 seconds left.
|
|t:|1757248956
|switch|p2b: Pelipper|Pelipper, L50, F|100/100
|-weather|RainDance|[from] ability: Drizzle|[of] p2b: Pelipper
|move|p1b: Tyranitar|Rock Slide|p2a: Archaludon|[spread] p2a,p2b
|-resisted|p2a: Archaludon
|-supereffective|p2b: Pelipper
|-damage|p2a: Archaludon|65/100
|-enditem|p2b: Pelipper|Focus Sash
|-damage|p2b: Pelipper|1/100
|-ability|p2a: Archaludon|Stamina|boost
|-boost|p2a: Archaludon|def|1
|move|p2a: Archaludon|Body Press|p1b: Tyranitar
|-supereffective|p1b: Tyranitar
|-crit|p1b: Tyranitar
|-damage|p1b: Tyranitar|0 fnt
|faint|p1b: Tyranitar
|move|p1a: Farigiraf|Trick Room|p1a: Farigiraf
|-fieldstart|move: Trick Room|[of] p1a: Farigiraf
|
|-weather|RainDance|[upkeep]
|upkeep
|turn|4
|c|☆Joseph Terastalin|i am very smart
|c|☆jussdoit|what do you mean?
|
|t:|1757248977
|move|p1a: Farigiraf|Protect|p1a: Farigiraf
|-singleturn|p1a: Farigiraf|Protect
|move|p2b: Pelipper|Hurricane|p1a: Farigiraf
|-activate|p1a: Farigiraf|move: Protect
|move|p2a: Archaludon|Electro Shot||[still]
|-prepare|p2a: Archaludon|Electro Shot
|-boost|p2a: Archaludon|spa|1
|-anim|p2a: Archaludon|Electro Shot|p1a: Farigiraf
|-activate|p1a: Farigiraf|move: Protect
|
|-weather|RainDance|[upkeep]
|upkeep
|turn|5
|c|☆Joseph Terastalin|tr while tw is active
|c|☆jussdoit|oh true lol
|
|t:|1757248989
|move|p1a: Farigiraf|Protect|p1a: Farigiraf
|-singleturn|p1a: Farigiraf|Protect
|move|p2b: Pelipper|Hurricane|p1a: Farigiraf
|-activate|p1a: Farigiraf|move: Protect
|move|p2a: Archaludon|Electro Shot||[still]
|-prepare|p2a: Archaludon|Electro Shot
|-boost|p2a: Archaludon|spa|1
|-anim|p2a: Archaludon|Electro Shot|p1a: Farigiraf
|-activate|p1a: Farigiraf|move: Protect
|
|-weather|RainDance|[upkeep]
|-sideend|p1: Joseph Terastalin|move: Tailwind
|-fieldend|move: Psychic Terrain
|upkeep
|turn|6
|c|☆jussdoit|youre the third person to get a double protect on me today
|
|t:|1757249008
|move|p1a: Farigiraf|Hyper Voice|p2a: Archaludon|[spread] p2a,p2b
|-resisted|p2a: Archaludon
|-damage|p2a: Archaludon|53/100
|-damage|p2b: Pelipper|0 fnt
|-ability|p2a: Archaludon|Stamina|boost
|-boost|p2a: Archaludon|def|1
|faint|p2b: Pelipper
|-enditem|p1a: Farigiraf|Throat Spray
|-boost|p1a: Farigiraf|spa|1|[from] item: Throat Spray
|move|p2a: Archaludon|Electro Shot||[still]
|-prepare|p2a: Archaludon|Electro Shot
|-boost|p2a: Archaludon|spa|1
|-anim|p2a: Archaludon|Electro Shot|p1a: Farigiraf
|-damage|p1a: Farigiraf|0 fnt
|faint|p1a: Farigiraf
|
|win|jussdoit
|raw|Joseph Terastalin's rating: 1053 → 1037(-16 for losing)
|raw|jussdoit's rating: 1085 → 1110(+25 for winning)
|c|☆Joseph Terastalin|it's not enough anyway
