|j|☆IamFoda
|j|☆battle v rayquaza
|html|IamFodabattle v rayquaza    
|uhtml|bestof|Game 1 of a best-of-3
|t:|1784316373
|gametype|doubles
|player|p1|IamFoda|101|1000
|player|p2|battle v rayquaza|169|1023
|gen|9
|tier|[Gen 9 Champions] VGC 2026 Reg M-B (Bo3)
|rated|
|rule|Species Clause: Limit one of each Pokémon
|rule|Item Clause: Limit 1 of each item
|clearpoke
|poke|p1|Charizard, L50, M, shiny|
|poke|p1|Garchomp, L50, M|
|poke|p1|Kingambit, L50, M|
|poke|p1|Basculegion, L50, M, shiny|
|poke|p1|Sylveon, L50, F|
|poke|p1|Aerodactyl, L50, M|
|poke|p2|Swampert, L50, F, shiny|
|poke|p2|Pelipper, L50, M|
|poke|p2|Incineroar, L50, M|
|poke|p2|Garchomp, L50, F|
|poke|p2|Milotic, L50, F, shiny|
|poke|p2|Archaludon, L50, M|
|teampreview|4
|showteam|p1|Charizard||CharizarditeY|Blaze|Protect,HeatWave,WeatherBall,SolarBeam|Modest||M|||50|]Garchomp||LifeOrb|RoughSkin|DragonClaw,Earthquake,Protect,StompingTantrum|Jolly||M|||50|]Kingambit||ChopleBerry|Defiant|SuckerPunch,KowtowCleave,LowKick,IronHead|Adamant||M|||50|]Basculegion||ChoiceScarf|Adaptability|FlipTurn,LastRespects,WaveCrash,AquaJet|Jolly||M|||50|]Sylveon||FairyFeather|Pixilate|HyperVoice,HyperBeam,QuickAttack,Detect|Modest||F|||50|]Aerodactyl||FocusSash|Unnerve|RockSlide,Tailwind,DualWingbeat,Protect|Jolly||M|||50|
|showteam|p2|Swampert||Swampertite|Torrent|Protect,Earthquake,Avalanche,WaveCrash|Adamant||F|||50|]Pelipper||FocusSash|Drizzle|RainDance,WeatherBall,Tailwind,Protect|Modest||M|||50|]Incineroar||Charcoal|Intimidate|FlareBlitz,FakeOut,PartingShot,Protect|Adamant||M|||50|]Garchomp||LifeOrb|RoughSkin|StompingTantrum,DragonClaw,Protect,RockSlide|Jolly||F|||50|]Milotic||Leftovers|Competitive|LifeDew,Scald,IceBeam,Protect|Bold||F|||50|]Archaludon||SitrusBerry|Stamina|ElectroShot,Protect,FlashCannon,DragonPulse|Timid||M|||50|
|inactive|Battle timer is ON: inactive players will automatically lose when time's up. (requested by battle v rayquaza)
|inactive|battle v rayquaza has 60 seconds left.
|
|t:|1784316420
|teamsize|p1|4
|teamsize|p2|4
|start
|switch|p1a: Rabudo de fogo|Charizard, L50, M, shiny|100/100
|switch|p1b: Tubarao na areia|Garchomp, L50, M|100/100
|switch|p2a: Garchomp|Garchomp, L50, F|100/100
|switch|p2b: Milotic|Milotic, L50, F, shiny|100/100
|turn|1
|inactive|battle v rayquaza has 30 seconds left.
|inactive|battle v rayquaza has 20 seconds left.
|inactive|battle v rayquaza has 15 seconds left.
|inactive|battle v rayquaza has 10 seconds left.
|
|t:|1784316467
|detailschange|p1a: Rabudo de fogo|Charizard-Mega-Y, L50, M, shiny
|-mega|p1a: Rabudo de fogo|Charizard|Charizardite Y
|-weather|SunnyDay|[from] ability: Drought|[of] p1a: Rabudo de fogo
|move|p2a: Garchomp|Protect|p2a: Garchomp
|-singleturn|p2a: Garchomp|Protect
|move|p1b: Tubarao na areia|Earthquake|p2b: Milotic|[spread] p2b
|-activate|p2a: Garchomp|move: Protect
|-immune|p1a: Rabudo de fogo
|-damage|p2b: Milotic|60/100
|-damage|p1b: Tubarao na areia|90/100|[from] item: Life Orb
|move|p1a: Rabudo de fogo|Solar Beam||[still]
|-prepare|p1a: Rabudo de fogo|Solar Beam
|-anim|p1a: Rabudo de fogo|Solar Beam|p2b: Milotic
|-supereffective|p2b: Milotic|1
|-damage|p2b: Milotic|0 fnt
|faint|p2b: Milotic
|
|-weather|SunnyDay|[upkeep]
|upkeep
|
|t:|1784316484
|switch|p2b: Pelipper|Pelipper, L50, M|100/100
|-weather|RainDance|[from] ability: Drizzle|[of] p2b: Pelipper
|turn|2
|
|t:|1784316508
|move|p1a: Rabudo de fogo|Protect|p1a: Rabudo de fogo
|-singleturn|p1a: Rabudo de fogo|Protect
|move|p2a: Garchomp|Rock Slide|p1b: Tubarao na areia|[spread] 
|-activate|p1a: Rabudo de fogo|move: Protect
|-miss|p2a: Garchomp|p1b: Tubarao na areia
|move|p1b: Tubarao na areia|Dragon Claw|p2a: Garchomp
|-supereffective|p2a: Garchomp|1
|-damage|p2a: Garchomp|0 fnt
|-damage|p1b: Tubarao na areia|77/100|[from] ability: Rough Skin|[of] p2a: Garchomp
|faint|p2a: Garchomp
|-damage|p1b: Tubarao na areia|68/100|[from] item: Life Orb
|move|p2b: Pelipper|Tailwind|p2b: Pelipper
|-sidestart|p2: battle v rayquaza|move: Tailwind
|
|-weather|RainDance|[upkeep]
|upkeep
|
|t:|1784316524
|switch|p2a: Swampert|Swampert, L50, F, shiny|100/100
|turn|3
|inactive|battle v rayquaza has 30 seconds left.
|
|t:|1784316558
|detailschange|p2a: Swampert|Swampert-Mega, L50, F, shiny
|-mega|p2a: Swampert|Swampert|Swampertite
|move|p2a: Swampert|Wave Crash|p1a: Rabudo de fogo
|-supereffective|p1a: Rabudo de fogo|1
|-damage|p1a: Rabudo de fogo|0 fnt
|faint|p1a: Rabudo de fogo
|-damage|p2a: Swampert|67/100|[from] Recoil
|move|p2b: Pelipper|Weather Ball|p1b: Tubarao na areia
|-damage|p1b: Tubarao na areia|14/100
|move|p1b: Tubarao na areia|Dragon Claw|p2b: Pelipper
|-damage|p2b: Pelipper|40/100
|-damage|p1b: Tubarao na areia|4/100|[from] item: Life Orb
|
|-weather|RainDance|[upkeep]
|upkeep
|
|t:|1784316564
|switch|p1a: dinosarogay|Aerodactyl, L50, M|100/100
|-ability|p1a: dinosarogay|Unnerve
|turn|4
|inactive|battle v rayquaza has 30 seconds left.
|
|t:|1784316591
|move|p1b: Tubarao na areia|Protect|p1b: Tubarao na areia
|-singleturn|p1b: Tubarao na areia|Protect
|move|p2a: Swampert|Wave Crash|p1a: dinosarogay
|-supereffective|p1a: dinosarogay|1
|-enditem|p1a: dinosarogay|Focus Sash
|-damage|p1a: dinosarogay|1/100
|-damage|p2a: Swampert|40/100|[from] Recoil
|move|p2b: Pelipper|Weather Ball|p1b: Tubarao na areia
|-activate|p1b: Tubarao na areia|move: Protect
|move|p1a: dinosarogay|Rock Slide|p2a: Swampert|[spread] p2a,p2b
|-resisted|p2a: Swampert|1
|-supereffective|p2b: Pelipper|1
|-damage|p2a: Swampert|29/100
|-damage|p2b: Pelipper|0 fnt
|faint|p2b: Pelipper
|
|-weather|RainDance|[upkeep]
|upkeep
|turn|5
|
|t:|1784316610
|switch|p1a: rosinhagostosa|Sylveon, L50, F|100/100
|move|p2a: Swampert|Earthquake|p1a: rosinhagostosa|[spread] p1a,p1b
|-damage|p1a: rosinhagostosa|53/100
|-damage|p1b: Tubarao na areia|0 fnt
|faint|p1b: Tubarao na areia
|
|-weather|RainDance|[upkeep]
|-sideend|p2: battle v rayquaza|move: Tailwind
|upkeep
|
|t:|1784316617
|switch|p1b: dinosarogay|Aerodactyl, L50, M|1/100
|-ability|p1b: dinosarogay|Unnerve
|turn|6
|
|t:|1784316629
|move|p1a: rosinhagostosa|Quick Attack|p2a: Swampert
|-damage|p2a: Swampert|17/100
|move|p2a: Swampert|Earthquake|p1b: dinosarogay|[spread] p1a
|-immune|p1b: dinosarogay
|-damage|p1a: rosinhagostosa|12/100
|move|p1b: dinosarogay|Rock Slide|p2a: Swampert
|-resisted|p2a: Swampert|1
|-damage|p2a: Swampert|4/100
|
|-weather|none
|upkeep
|turn|7
|inactive|battle v rayquaza has 30 seconds left.
|inactive|battle v rayquaza has 20 seconds left.
|inactive|battle v rayquaza has 15 seconds left.
|inactive|battle v rayquaza has 10 seconds left.
|
|t:|1784316675
|move|p1b: dinosarogay|Protect|p1b: dinosarogay
|-singleturn|p1b: dinosarogay|Protect
|move|p1a: rosinhagostosa|Quick Attack|p2a: Swampert
|-damage|p2a: Swampert|0 fnt
|faint|p2a: Swampert
|
|win|IamFoda
|l|☆battle v rayquaza
|player|p2|
|inactive|IamFoda has 30 seconds to confirm battle start!
|inactive|battle v rayquaza has 30 seconds to confirm battle start!
