|j|☆uzuki0401
|j|☆Sapphire39
|html|uzuki0401Sapphire39    
|uhtml|bestof|Game 2 of a best-of-3
|t:|1782276227
|gametype|doubles
|player|p1|uzuki0401|will|
|player|p2|Sapphire39|rosa|
|gen|9
|tier|[Gen 9 Champions] VGC 2026 Reg M-B (Bo3)
|rule|Species Clause: Limit one of each Pokémon
|rule|Item Clause: Limit 1 of each item
|clearpoke
|poke|p1|Staraptor, L50, F|
|poke|p1|Farigiraf, L50, M|
|poke|p1|Mawile, L50, M|
|poke|p1|Kangaskhan, L50, F|
|poke|p1|Sinistcha-Masterpiece, L50|
|poke|p1|Torkoal, L50, F|
|poke|p2|Sinistcha, L50|
|poke|p2|Incineroar, L50, M|
|poke|p2|Milotic, L50, M|
|poke|p2|Raichu, L50, F|
|poke|p2|Ceruledge, L50, M|
|poke|p2|Mawile, L50, M|
|teampreview|4
|showteam|p1|Staraptor||Staraptite|Intimidate|CloseCombat,DualWingbeat,Roost,Protect|Adamant||F|||50|]Farigiraf||ColburBerry|ArmorTail|TrickRoom,Psychic,HelpingHand,Roar|Quiet||M|||50|]Mawile||Mawilite|HyperCutter|PlayRough,SuckerPunch,RockSlide,Protect|Brave||M|||50|]Kangaskhan||SilkScarf|Scrappy|FakeOut,LastResort|Brave||F|||50|]Sinistcha-Masterpiece||KasibBerry|Hospitality|MatchaGotcha,RagePowder,TrickRoom,StrengthSap|Sassy|||||50|]Torkoal||Charcoal|Drought|Eruption,WeatherBall,HeatWave,Protect|Quiet||F|||50|
|showteam|p2|Sinistcha||KasibBerry|Hospitality|MatchaGotcha,LifeDew,RagePowder,Protect|Relaxed|||||50|]Incineroar||SitrusBerry|Intimidate|FlareBlitz,ThroatChop,FakeOut,PartingShot|Impish||M|||50|]Milotic||Leftovers|Competitive|MuddyWater,Coil,Hypnosis,Protect|Calm||M|||50|]Raichu||RaichuniteY|LightningRod|ZapCannon,FocusBlast,FakeOut,Protect|Timid||F|||50|]Ceruledge||ColburBerry|FlashFire|BitterBlade,ShadowSneak,BulkUp,Protect|Adamant||M|||50|]Mawile||Mawilite|HyperCutter|PlayRough,SuckerPunch,SwordsDance,Protect|Adamant||M|||50|
|
|t:|1782276275
|teamsize|p1|4
|teamsize|p2|4
|start
|switch|p1a: Mawile|Mawile, L50, M|100/100
|switch|p1b: Farigiraf|Farigiraf, L50, M|100/100
|switch|p2a: Incineroar|Incineroar, L50, M|100/100
|switch|p2b: Milotic|Milotic, L50, M|100/100
|-ability|p2a: Incineroar|Intimidate|boost
|-fail|p1a: Mawile|unboost|Attack|[from] ability: Hyper Cutter|[of] p1a: Mawile
|-unboost|p1b: Farigiraf|atk|1
|turn|1
|
|t:|1782276296
|move|p1a: Mawile|Protect|p1a: Mawile
|-singleturn|p1a: Mawile|Protect
|move|p2b: Milotic|Coil|p2b: Milotic
|-boost|p2b: Milotic|atk|1
|-boost|p2b: Milotic|def|1
|-boost|p2b: Milotic|accuracy|1
|move|p2a: Incineroar|Throat Chop|p1b: Farigiraf
|-supereffective|p1b: Farigiraf|1
|-enditem|p1b: Farigiraf|Colbur Berry|[eat]
|-enditem|p1b: Farigiraf|Colbur Berry|[weaken]
|-damage|p1b: Farigiraf|69/100
|-start|p1b: Farigiraf|Throat Chop|[silent]
|move|p1b: Farigiraf|Trick Room|p1b: Farigiraf
|-fieldstart|move: Trick Room|[of] p1b: Farigiraf
|
|upkeep
|turn|2
|
|t:|1782276315
|detailschange|p1a: Mawile|Mawile-Mega, L50, M
|-mega|p1a: Mawile|Mawile|Mawilite
|move|p1b: Farigiraf|Helping Hand|p1a: Mawile
|-singleturn|p1a: Mawile|Helping Hand|[of] p1b: Farigiraf
|move|p1a: Mawile|Rock Slide|p2a: Incineroar|[spread] p2a,p2b
|-supereffective|p2a: Incineroar|1
|-damage|p2a: Incineroar|15/100
|-damage|p2b: Milotic|70/100
|-enditem|p2a: Incineroar|Sitrus Berry|[eat]
|-heal|p2a: Incineroar|40/100|[from] item: Sitrus Berry
|move|p2a: Incineroar|Flare Blitz|p1a: Mawile
|-supereffective|p1a: Mawile|1
|-damage|p1a: Mawile|14/100
|-damage|p2a: Incineroar|18/100|[from] Recoil
|move|p2b: Milotic|Coil|p2b: Milotic
|-boost|p2b: Milotic|atk|1
|-boost|p2b: Milotic|def|1
|-boost|p2b: Milotic|accuracy|1
|
|-heal|p2b: Milotic|76/100|[from] item: Leftovers
|-end|p1b: Farigiraf|Throat Chop|[silent]
|upkeep
|turn|3
|
|t:|1782276341
|switch|p2a: Mawile|Mawile, L50, M|100/100
|move|p1a: Mawile|Rock Slide|p2a: Mawile|[spread] p2a,p2b
|-resisted|p2a: Mawile|1
|-damage|p2a: Mawile|77/100
|-damage|p2b: Milotic|60/100
|move|p2b: Milotic|Hypnosis|p1b: Farigiraf
|-status|p1b: Farigiraf|slp|[from] move: Hypnosis
|cant|p1b: Farigiraf|slp
|
|-heal|p2b: Milotic|66/100|[from] item: Leftovers
|upkeep
|turn|4
|
|t:|1782276364
|detailschange|p2a: Mawile|Mawile-Mega, L50, M
|-mega|p2a: Mawile|Mawile|Mawilite
|-curestatus|p1b: Farigiraf|slp|[msg]
|move|p1b: Farigiraf|Helping Hand|p1a: Mawile
|-singleturn|p1a: Mawile|Helping Hand|[of] p1b: Farigiraf
|move|p2a: Mawile|Sucker Punch||[still]
|cant|p1b: Farigiraf|ability: Armor Tail|Sucker Punch|[of] p2a: Mawile
|move|p1a: Mawile|Play Rough|p2b: Milotic
|-damage|p2b: Milotic|8/100
|-unboost|p2b: Milotic|atk|1
|-ability|p2b: Milotic|Competitive|boost
|-boost|p2b: Milotic|spa|2
|move|p2b: Milotic|Muddy Water|p1b: Farigiraf|[spread] p1a,p1b
|-damage|p1a: Mawile|0 fnt
|-damage|p1b: Farigiraf|28/100
|-unboost|p1b: Farigiraf|accuracy|1
|faint|p1a: Mawile
|
|-heal|p2b: Milotic|14/100|[from] item: Leftovers
|upkeep
|
|t:|1782276382
|switch|p1a: Sinistcha|Sinistcha-Masterpiece, L50|100/100
|-heal|p1b: Farigiraf|53/100|[from] ability: Hospitality|[of] p1a: Sinistcha
|turn|5
|
|t:|1782276404
|switch|p2a: Sinistcha|Sinistcha, L50|100/100
|-heal|p2b: Milotic|39/100|[from] ability: Hospitality|[of] p2a: Sinistcha
|move|p1b: Farigiraf|Psychic|p2a: Sinistcha
|-damage|p2a: Sinistcha|62/100
|move|p1a: Sinistcha|Matcha Gotcha|p2b: Milotic|[spread] p2a,p2b
|-resisted|p2a: Sinistcha|1
|-supereffective|p2b: Milotic|1
|-damage|p2a: Sinistcha|51/100
|-damage|p2b: Milotic|8/100
|move|p2b: Milotic|Muddy Water|p1b: Farigiraf|[spread] p1a,p1b
|-resisted|p1a: Sinistcha|1
|-damage|p1a: Sinistcha|79/100
|-damage|p1b: Farigiraf|8/100
|-unboost|p1b: Farigiraf|accuracy|1
|
|-heal|p2b: Milotic|14/100|[from] item: Leftovers
|-fieldend|move: Trick Room
|upkeep
|turn|6
|
|t:|1782276438
|move|p2b: Milotic|Muddy Water|p1b: Farigiraf|[spread] p1a,p1b
|-resisted|p1a: Sinistcha|1
|-damage|p1a: Sinistcha|57/100
|-damage|p1b: Farigiraf|0 fnt
|faint|p1b: Farigiraf
|move|p2a: Sinistcha|Life Dew|p2a: Sinistcha|[spread] p2a,p2b
|-heal|p2a: Sinistcha|76/100
|-heal|p2b: Milotic|39/100
|move|p1a: Sinistcha|Matcha Gotcha|p2b: Milotic|[spread] p2a,p2b
|-resisted|p2a: Sinistcha|1
|-supereffective|p2b: Milotic|1
|-damage|p2a: Sinistcha|64/100
|-heal|p1a: Sinistcha|63/100|[from] drain|[of] p2a: Sinistcha
|-damage|p2b: Milotic|5/100
|-heal|p1a: Sinistcha|82/100|[from] drain|[of] p2b: Milotic
|
|-heal|p2b: Milotic|11/100|[from] item: Leftovers
|upkeep
|
|t:|1782276454
|switch|p1b: Kangaskhan|Kangaskhan, L50, F|100/100
|turn|7
|
|t:|1782276465
|move|p2b: Milotic|Protect|p2b: Milotic
|-singleturn|p2b: Milotic|Protect
|move|p2a: Sinistcha|Protect|p2a: Sinistcha
|-singleturn|p2a: Sinistcha|Protect
|move|p1b: Kangaskhan|Fake Out|p2a: Sinistcha
|-activate|p2a: Sinistcha|move: Protect
|move|p1a: Sinistcha|Matcha Gotcha|p2a: Sinistcha|[spread] 
|-activate|p2a: Sinistcha|move: Protect
|-activate|p2b: Milotic|move: Protect
|
|-heal|p2b: Milotic|17/100|[from] item: Leftovers
|upkeep
|turn|8
|
|t:|1782276489
|move|p2a: Sinistcha|Rage Powder|p2a: Sinistcha
|-singleturn|p2a: Sinistcha|move: Rage Powder
|move|p2b: Milotic|Hypnosis|p1a: Sinistcha
|-status|p1a: Sinistcha|slp|[from] move: Hypnosis
|move|p1b: Kangaskhan|Last Resort|p2a: Sinistcha
|-damage|p2a: Sinistcha|3/100
|cant|p1a: Sinistcha|slp
|
|-heal|p2b: Milotic|23/100|[from] item: Leftovers
|upkeep
|turn|9
|
|t:|1782276504
|move|p2b: Milotic|Hypnosis|p1b: Kangaskhan
|-status|p1b: Kangaskhan|slp|[from] move: Hypnosis
|cant|p1b: Kangaskhan|slp
|move|p2a: Sinistcha|Matcha Gotcha|p1b: Kangaskhan|[spread] p1a,p1b
|-resisted|p1a: Sinistcha|1
|-damage|p1a: Sinistcha|70/100 slp
|-heal|p2a: Sinistcha|9/100|[from] drain|[of] p1a: Sinistcha
|-damage|p1b: Kangaskhan|74/100 slp
|-heal|p2a: Sinistcha|24/100|[from] drain|[of] p1b: Kangaskhan
|cant|p1a: Sinistcha|slp
|
|-heal|p2b: Milotic|29/100|[from] item: Leftovers
|upkeep
|turn|10
|
|t:|1782276520
|move|p2b: Milotic|Muddy Water|p1b: Kangaskhan|[spread] p1a,p1b
|-resisted|p1a: Sinistcha|1
|-damage|p1a: Sinistcha|52/100 slp
|-damage|p1b: Kangaskhan|29/100 slp
|-curestatus|p1b: Kangaskhan|slp|[msg]
|move|p1b: Kangaskhan|Last Resort|p2b: Milotic
|-damage|p2b: Milotic|0 fnt
|faint|p2b: Milotic
|move|p2a: Sinistcha|Life Dew|p2a: Sinistcha
|-heal|p2a: Sinistcha|50/100y
|-curestatus|p1a: Sinistcha|slp|[msg]
|move|p1a: Sinistcha|Matcha Gotcha|p2a: Sinistcha
|-resisted|p2a: Sinistcha|1
|-damage|p2a: Sinistcha|33/100
|-heal|p1a: Sinistcha|60/100|[from] drain|[of] p2a: Sinistcha
|
|upkeep
|
|t:|1782276541
|switch|p2b: Incineroar|Incineroar, L50, M|18/100
|-ability|p2b: Incineroar|Intimidate|boost
|-unboost|p1a: Sinistcha|atk|1
|-fail|p1b: Kangaskhan|unboost|Attack|[from] ability: Scrappy|[of] p1b: Kangaskhan
|turn|11
|
|t:|1782276555
|move|p2b: Incineroar|Fake Out|p1b: Kangaskhan
|-damage|p1b: Kangaskhan|17/100
|cant|p1b: Kangaskhan|flinch
|move|p1a: Sinistcha|Strength Sap|p2b: Incineroar
|-unboost|p2b: Incineroar|atk|1
|-heal|p1a: Sinistcha|100/100
|move|p2a: Sinistcha|Matcha Gotcha|p1a: Sinistcha|[spread] p1a,p1b
|-resisted|p1a: Sinistcha|1
|-damage|p1a: Sinistcha|89/100
|-heal|p2a: Sinistcha|38/100|[from] drain|[of] p1a: Sinistcha
|-damage|p1b: Kangaskhan|0 fnt
|-heal|p2a: Sinistcha|49/100|[from] drain|[of] p1b: Kangaskhan
|faint|p1b: Kangaskhan
|
|upkeep
|turn|12
|
|t:|1782276574
|move|p2b: Incineroar|Parting Shot|p1a: Sinistcha
|-unboost|p1a: Sinistcha|atk|1
|-unboost|p1a: Sinistcha|spa|1
|
|t:|1782276578
|switch|p2b: Mawile|Mawile-Mega, L50, M|77/100|[from] Parting Shot
|move|p1a: Sinistcha|Matcha Gotcha|p2a: Sinistcha|[spread] p2a,p2b
|-resisted|p2a: Sinistcha|1
|-resisted|p2b: Mawile|1
|-damage|p2a: Sinistcha|42/100
|-heal|p1a: Sinistcha|93/100|[from] drain|[of] p2a: Sinistcha
|-damage|p2b: Mawile|70/100
|-heal|p1a: Sinistcha|97/100|[from] drain|[of] p2b: Mawile
|-status|p2a: Sinistcha|brn
|move|p2a: Sinistcha|Life Dew|p2a: Sinistcha|[spread] p2a,p2b
|-heal|p2a: Sinistcha|67/100 brn
|-heal|p2b: Mawile|94/100
|
|-damage|p2a: Sinistcha|61/100 brn|[from] brn
|upkeep
|turn|13
|
|t:|1782276599
|switch|p2b: Incineroar|Incineroar, L50, M|18/100
|-ability|p2b: Incineroar|Intimidate|boost
|-unboost|p1a: Sinistcha|atk|1
|move|p1a: Sinistcha|Rage Powder|p1a: Sinistcha
|-singleturn|p1a: Sinistcha|move: Rage Powder
|move|p2a: Sinistcha|Life Dew|p2a: Sinistcha|[spread] p2a,p2b
|-heal|p2a: Sinistcha|86/100 brn
|-heal|p2b: Incineroar|44/100
|
|-damage|p2a: Sinistcha|80/100 brn|[from] brn
|upkeep
|turn|14
|
|t:|1782276613
|move|p2b: Incineroar|Flare Blitz|p1a: Sinistcha
|-supereffective|p1a: Sinistcha|1
|-damage|p1a: Sinistcha|12/100
|-damage|p2b: Incineroar|19/100|[from] Recoil
|move|p2a: Sinistcha|Life Dew|p2a: Sinistcha|[spread] p2a,p2b
|-heal|p2a: Sinistcha|100/100 brn
|-heal|p2b: Incineroar|44/100
|move|p1a: Sinistcha|Strength Sap|p2b: Incineroar
|-unboost|p2b: Incineroar|atk|1
|-heal|p1a: Sinistcha|88/100
|
|-damage|p2a: Sinistcha|93/100 brn|[from] brn
|upkeep
|turn|15
|
|t:|1782276631
|move|p2b: Incineroar|Throat Chop|p1a: Sinistcha
|-supereffective|p1a: Sinistcha|1
|-damage|p1a: Sinistcha|51/100
|-start|p1a: Sinistcha|Throat Chop|[silent]
|move|p2a: Sinistcha|Life Dew|p2a: Sinistcha|[spread] p2a,p2b
|-heal|p2a: Sinistcha|100/100 brn
|-heal|p2b: Incineroar|69/100
|move|p1a: Sinistcha|Matcha Gotcha|p2a: Sinistcha|[spread] p2a,p2b
|-resisted|p2a: Sinistcha|1
|-resisted|p2b: Incineroar|1
|-damage|p2a: Sinistcha|92/100 brn
|-heal|p1a: Sinistcha|55/100|[from] drain|[of] p2a: Sinistcha
|-damage|p2b: Incineroar|62/100
|-heal|p1a: Sinistcha|60/100|[from] drain|[of] p2b: Incineroar
|
|-damage|p2a: Sinistcha|85/100 brn|[from] brn
|upkeep
|turn|16
|
|t:|1782276654
|move|p2b: Incineroar|Flare Blitz|p1a: Sinistcha
|-supereffective|p1a: Sinistcha|1
|-damage|p1a: Sinistcha|5/100
|-damage|p2b: Incineroar|46/100|[from] Recoil
|move|p2a: Sinistcha|Life Dew|p2a: Sinistcha|[spread] p2a,p2b
|-heal|p2a: Sinistcha|100/100 brn
|-heal|p2b: Incineroar|71/100
|move|p1a: Sinistcha|Trick Room|p1a: Sinistcha
|-fieldstart|move: Trick Room|[of] p1a: Sinistcha
|
|-damage|p2a: Sinistcha|93/100 brn|[from] brn
|-end|p1a: Sinistcha|Throat Chop|[silent]
|upkeep
|turn|17
|
|t:|1782276669
|move|p1a: Sinistcha|Strength Sap|p2b: Incineroar
|-unboost|p2b: Incineroar|atk|1
|-heal|p1a: Sinistcha|55/100
|move|p2a: Sinistcha|Matcha Gotcha|p1a: Sinistcha|[miss]
|-miss|p2a: Sinistcha|p1a: Sinistcha
|move|p2b: Incineroar|Throat Chop|p1a: Sinistcha
|-supereffective|p1a: Sinistcha|1
|-damage|p1a: Sinistcha|27/100
|-start|p1a: Sinistcha|Throat Chop|[silent]
|
|-damage|p2a: Sinistcha|87/100 brn|[from] brn
|upkeep
|turn|18
|
|t:|1782276682
|move|p2a: Sinistcha|Life Dew|p2a: Sinistcha|[spread] p2a,p2b
|-heal|p2a: Sinistcha|100/100 brn
|-heal|p2b: Incineroar|97/100
|move|p1a: Sinistcha|Matcha Gotcha|p2b: Incineroar|[spread] p2b
|-miss|p1a: Sinistcha|p2a: Sinistcha
|-resisted|p2b: Incineroar|1
|-damage|p2b: Incineroar|90/100
|-heal|p1a: Sinistcha|31/100|[from] drain|[of] p2b: Incineroar
|move|p2b: Incineroar|Flare Blitz|p1a: Sinistcha
|-supereffective|p1a: Sinistcha|1
|-damage|p1a: Sinistcha|0 fnt
|faint|p1a: Sinistcha
|-damage|p2b: Incineroar|81/100|[from] Recoil
|
|win|Sapphire39
||uzuki0401 is ready for game 3.
|inactive|Sapphire39 has 30 seconds to confirm battle start!
