|j|☆caZISA
|j|☆Andrea Pirlo 2
|html|caZISAAndrea Pirlo 2    
|uhtml|bestof|Game 2 of a best-of-3
|t:|1782491247
|gametype|doubles
|player|p1|caZISA|red|1231
|player|p2|Andrea Pirlo 2|volkner|1475
|gen|9
|tier|[Gen 9 Champions] VGC 2026 Reg M-B (Bo3)
|rated|
|rule|Species Clause: Limit one of each Pokémon
|rule|Item Clause: Limit 1 of each item
|clearpoke
|poke|p1|Staraptor, L50, F|
|poke|p1|Froslass, L50, F|
|poke|p1|Whimsicott, L50, F|
|poke|p1|Arcanine-Hisui, L50, M|
|poke|p1|Milotic, L50, M|
|poke|p1|Garchomp, L50, M|
|poke|p2|Swampert, L50, F|
|poke|p2|Pelipper, L50, F|
|poke|p2|Archaludon, L50, M|
|poke|p2|Sneasler, L50, F|
|poke|p2|Gholdengo, L50|
|poke|p2|Sableye, L50, M|
|teampreview|4
|showteam|p1|Staraptor||Staraptite|Intimidate|BraveBird,CloseCombat,Roost,Protect|Jolly||F|||50|]Froslass||Froslassite|CursedBody|Blizzard,ShadowBall,AuroraVeil,Protect|Modest||F|||50|]Whimsicott||FairyFeather|Prankster|Moonblast,Charm,Tailwind,Protect|Timid||F|||50|]Arcanine-Hisui||FocusSash|RockHead|RockSlide,FlareBlitz,ExtremeSpeed,Protect|Jolly||M|||50|]Milotic||Leftovers|Competitive|Scald,IcyWind,Recover,Protect|Modest||M|||50|]Garchomp||LifeOrb|RoughSkin|DragonClaw,Earthquake,RockSlide,Protect|Jolly||M|||50|
|showteam|p2|Swampert||Swampertite|Torrent|HighHorsepower,WaveCrash,IcePunch,Protect|Adamant||F|||50|]Pelipper||LifeOrb|Drizzle|WeatherBall,Hurricane,Tailwind,Protect|Modest||F|||50|]Archaludon||Leftovers|Stamina|ElectroShot,DragonPulse,FlashCannon,Protect|Modest||M|||50|]Sneasler||FocusSash|Unburden|CloseCombat,DireClaw,FakeOut,Protect|Jolly||F|||50|]Gholdengo||MetalCoat|GoodasGold|MakeItRain,ShadowBall,NastyPlot,Protect|Timid|||||50|]Sableye||RoseliBerry|Prankster|Encore,WillOWisp,LightScreen,RainDance|Calm||M|||50|
|inactive|Battle timer is ON: inactive players will automatically lose when time's up. (requested by Andrea Pirlo 2)
|inactive|caZISA has 60 seconds left.
|
|t:|1782491283
|teamsize|p1|4
|teamsize|p2|4
|start
|switch|p1a: Staraptor|Staraptor, L50, F|100/100
|switch|p1b: Legolas|Whimsicott, L50, F|100/100
|switch|p2a: Swampert|Swampert, L50, F|100/100
|switch|p2b: Sableye|Sableye, L50, M|100/100
|-ability|p1a: Staraptor|Intimidate|boost
|-unboost|p2a: Swampert|atk|1
|-unboost|p2b: Sableye|atk|1
|turn|1
|
|t:|1782491291
|switch|p2a: Gholdengo|Gholdengo, L50|100/100
|move|p1a: Staraptor|Protect|p1a: Staraptor
|-singleturn|p1a: Staraptor|Protect
|move|p2b: Sableye|Will-O-Wisp|p1a: Staraptor
|-activate|p1a: Staraptor|move: Protect
|move|p1b: Legolas|Moonblast|p2b: Sableye
|-supereffective|p2b: Sableye|1
|-enditem|p2b: Sableye|Roseli Berry|[eat]
|-enditem|p2b: Sableye|Roseli Berry|[weaken]
|-damage|p2b: Sableye|53/100
|
|upkeep
|turn|2
|
|t:|1782491305
|switch|p1a: Milotic|Milotic, L50, M|100/100
|switch|p2b: Archaludon|Archaludon, L50, M|100/100
|move|p1b: Legolas|Protect|p1b: Legolas
|-singleturn|p1b: Legolas|Protect
|move|p2a: Gholdengo|Make It Rain|p1a: Milotic|[spread] p1a
|-activate|p1b: Legolas|move: Protect
|-resisted|p1a: Milotic|1
|-damage|p1a: Milotic|82/100
|-unboost|p2a: Gholdengo|spa|2
|
|-heal|p1a: Milotic|89/100|[from] item: Leftovers
|upkeep
|turn|3
|
|t:|1782491325
|move|p1b: Legolas|Tailwind|p1b: Legolas
|-sidestart|p1: caZISA|move: Tailwind
|move|p1a: Milotic|Scald|p2a: Gholdengo
|-damage|p2a: Gholdengo|63/100
|move|p2a: Gholdengo|Nasty Plot|p2a: Gholdengo
|-boost|p2a: Gholdengo|spa|2
|move|p2b: Archaludon|Flash Cannon|p1b: Legolas
|-supereffective|p1b: Legolas|1
|-damage|p1b: Legolas|0 fnt
|faint|p1b: Legolas
|
|-heal|p1a: Milotic|95/100|[from] item: Leftovers
|upkeep
|
|t:|1782491335
|switch|p1b: Sharkboy|Garchomp, L50, M|100/100
|turn|4
|
|t:|1782491343
|switch|p1a: Staraptor|Staraptor, L50, F|100/100
|-ability|p1a: Staraptor|Intimidate|boost
|-unboost|p2a: Gholdengo|atk|1
|-unboost|p2b: Archaludon|atk|1
|move|p1b: Sharkboy|Protect|p1b: Sharkboy
|-singleturn|p1b: Sharkboy|Protect
|move|p2b: Archaludon|Protect|p2b: Archaludon
|-singleturn|p2b: Archaludon|Protect
|move|p2a: Gholdengo|Make It Rain|p1a: Staraptor|[spread] p1a
|-activate|p1b: Sharkboy|move: Protect
|-damage|p1a: Staraptor|18/100
|-unboost|p2a: Gholdengo|spa|2
|
|upkeep
|turn|5
|inactive|Andrea Pirlo 2 has 30 seconds left.
|inactive|Andrea Pirlo 2 has 20 seconds left.
|inactive|Andrea Pirlo 2 has 15 seconds left.
|
|t:|1782491383
|switch|p2b: Sableye|Sableye, L50, M|53/100
|detailschange|p1a: Staraptor|Staraptor-Mega, L50, F
|-mega|p1a: Staraptor|Staraptor|Staraptite
|move|p2a: Gholdengo|Protect|p2a: Gholdengo
|-singleturn|p2a: Gholdengo|Protect
|move|p1a: Staraptor|Close Combat|p2b: Sableye
|-immune|p2b: Sableye
|move|p1b: Sharkboy|Earthquake|p2b: Sableye|[spread] p2b
|-activate|p2a: Gholdengo|move: Protect
|-immune|p1a: Staraptor
|-damage|p2b: Sableye|0 fnt
|faint|p2b: Sableye
|-damage|p1b: Sharkboy|90/100|[from] item: Life Orb
|
|upkeep
|
|t:|1782491388
|switch|p2b: Swampert|Swampert, L50, F|100/100
|turn|6
|
|t:|1782491407
|detailschange|p2b: Swampert|Swampert-Mega, L50, F
|-mega|p2b: Swampert|Swampert|Swampertite
|move|p2a: Gholdengo|Protect||[still]
|-fail|p2a: Gholdengo
|move|p1a: Staraptor|Close Combat|p2b: Swampert
|-damage|p2b: Swampert|43/100
|-boost|p1a: Staraptor|def|1
|-boost|p1a: Staraptor|spd|1
|move|p1b: Sharkboy|Earthquake|p2a: Gholdengo|[spread] p2a,p2b
|-immune|p1a: Staraptor
|-supereffective|p2a: Gholdengo|1
|-damage|p2a: Gholdengo|0 fnt
|-damage|p2b: Swampert|6/100
|faint|p2a: Gholdengo
|-damage|p1b: Sharkboy|80/100|[from] item: Life Orb
|move|p2b: Swampert|Ice Punch|p1b: Sharkboy
|-supereffective|p1b: Sharkboy|2
|-damage|p1b: Sharkboy|0 fnt
|-damage|p2b: Swampert|0 fnt|[from] ability: Rough Skin|[of] p1b: Sharkboy
|faint|p1b: Sharkboy
|faint|p2b: Swampert
|
|-sideend|p1: caZISA|move: Tailwind
|upkeep
|-message|Andrea Pirlo 2 forfeited.
|
|win|caZISA
