|j|☆heeld
|j|☆dethbling
|html|heelddethbling    
|uhtml|bestof|Game 2 of a best-of-3
|t:|1756766138
|gametype|doubles
|player|p1|heeld|infielder|1000
|player|p2|dethbling|102|1026
|gen|9
|tier|[Gen 9] VGC 2025 Reg H (Bo3)
|rated|
|rule|Species Clause: Limit one of each Pokémon
|rule|Item Clause: Limit 1 of each item
|clearpoke
|poke|p1|Archaludon, L50, F|
|poke|p1|Pelipper, L50, M|
|poke|p1|Basculegion, L50, M|
|poke|p1|Annihilape, L50, F|
|poke|p1|Sneasler, L50, M|
|poke|p1|Ursaluna-Bloodmoon, L50, M|
|poke|p2|Arcanine-Hisui, L50, M|
|poke|p2|Gastrodon-East, L50, F|
|poke|p2|Decidueye-Hisui, L50, M|
|poke|p2|Porygon2, L50|
|poke|p2|Garchomp, L50, F|
|poke|p2|Tyranitar, L50, M|
|teampreview|4
|showteam|p1|Archaludon||AssaultVest|Stamina|DracoMeteor,ElectroShot,BodyPress,Snarl|||F|||50|,,,,,Electric]Pelipper||DampRock|Drizzle|WideGuard,Hurricane,WeatherBall,Tailwind|||M|||50|,,,,,Ghost]Basculegion||ChoiceBand|SwiftSwim|FlipTurn,WaveCrash,LastRespects,Crunch|||M|||50|,,,,,Grass]Annihilape||ChoiceScarf|Defiant|FinalGambit,Uturn,DrainPunch,RageFist|||F|||50|,,,,,Fire]Sneasler||FocusSash|Unburden|FakeOut,Protect,DireClaw,CloseCombat|||M|||50|,,,,,Stellar]Ursaluna-Bloodmoon||LifeOrb|MindsEye|Protect,EarthPower,BloodMoon,HyperVoice|||M|||50|,,,,,Normal
|showteam|p2|Arcanine-Hisui||ChoiceBand|Intimidate|RockSlide,FlareBlitz,ExtremeSpeed,CloseCombat|||M|||50|,,,,,Normal]Gastrodon-East||AssaultVest|StormDrain|IcyWind,HydroPump,SludgeBomb,ClearSmog|||F|||50|,,,,,Water]Decidueye-Hisui||LifeOrb|Scrappy|TripleArrows,LeafBlade,CloseCombat,Protect|||M|||50|,,,,,Ghost]Porygon2||Eviolite|Download|TrickRoom,TeraBlast,Recover,Protect||||||50|,,,,,Ghost]Garchomp||ChoiceSpecs|SandVeil|DracoMeteor,EarthPower,FireBlast,TeraBlast|||F|||50|,,,,,Fairy]Tyranitar||FocusSash|SandStream|DragonDance,RockSlide,Protect,Crunch|||M|||50|,,,,,Flying
|inactive|Battle timer is ON: inactive players will automatically lose when time's up. (requested by dethbling)
|inactive|heeld also wants the timer to be on.
|
|t:|1756766161
|teamsize|p1|4
|teamsize|p2|4
|start
|switch|p1a: Pelipper|Pelipper, L50, M|100/100
|switch|p1b: Annihilape|Annihilape, L50, F|100/100
|switch|p2a: Arcanine|Arcanine-Hisui, L50, M|100/100
|switch|p2b: Tyranitar|Tyranitar, L50, M|100/100
|-ability|p2a: Arcanine|Intimidate|boost
|-unboost|p1a: Pelipper|atk|1
|-unboost|p1b: Annihilape|atk|1
|-ability|p1b: Annihilape|Defiant|boost
|-boost|p1b: Annihilape|atk|2
|-weather|Sandstorm|[from] ability: Sand Stream|[of] p2b: Tyranitar
|-weather|RainDance|[from] ability: Drizzle|[of] p1a: Pelipper
|turn|1
|
|t:|1756766184
|switch|p2a: Gastrodon|Gastrodon-East, L50, F|100/100
|move|p2b: Tyranitar|Protect|p2b: Tyranitar
|-singleturn|p2b: Tyranitar|Protect
|move|p1a: Pelipper|Wide Guard|p1a: Pelipper
|-singleturn|p1a: Pelipper|Wide Guard
|move|p1b: Annihilape|Drain Punch|p2a: Gastrodon
|-damage|p2a: Gastrodon|55/100
|
|-weather|RainDance|[upkeep]
|upkeep
|turn|2
|
|t:|1756766207
|move|p1b: Annihilape|Drain Punch|p2b: Tyranitar
|-supereffective|p2b: Tyranitar
|-enditem|p2b: Tyranitar|Focus Sash
|-damage|p2b: Tyranitar|1/100
|move|p2b: Tyranitar|Crunch|p1b: Annihilape
|-damage|p1b: Annihilape|57/100
|-unboost|p1b: Annihilape|def|1
|-ability|p1b: Annihilape|Defiant|boost
|-boost|p1b: Annihilape|atk|2
|move|p1a: Pelipper|Tailwind|p1a: Pelipper
|-sidestart|p1: heeld|move: Tailwind
|move|p2a: Gastrodon|Icy Wind|p1a: Pelipper|[spread] p1a,p1b
|-damage|p1a: Pelipper|86/100
|-damage|p1b: Annihilape|47/100
|-unboost|p1a: Pelipper|spe|1
|-unboost|p1b: Annihilape|spe|1
|-ability|p1b: Annihilape|Defiant|boost
|-boost|p1b: Annihilape|atk|2
|
|-weather|RainDance|[upkeep]
|upkeep
|turn|3
|
|t:|1756766227
|move|p2b: Tyranitar|Protect|p2b: Tyranitar
|-singleturn|p2b: Tyranitar|Protect
|move|p1b: Annihilape|Drain Punch|p2a: Gastrodon
|-crit|p2a: Gastrodon
|-damage|p2a: Gastrodon|0 fnt
|-heal|p1b: Annihilape|75/100|[from] drain|[of] p2a: Gastrodon
|faint|p2a: Gastrodon
|move|p1a: Pelipper|Weather Ball|p2b: Tyranitar
|-activate|p2b: Tyranitar|move: Protect
|
|-weather|RainDance|[upkeep]
|upkeep
|
|t:|1756766245
|switch|p2a: Garchomp|Garchomp, L50, F|100/100
|turn|4
|
|t:|1756766257
|-terastallize|p2a: Garchomp|Fairy
|move|p1b: Annihilape|Drain Punch|p2b: Tyranitar
|-supereffective|p2b: Tyranitar
|-damage|p2b: Tyranitar|0 fnt
|-heal|p1b: Annihilape|76/100|[from] drain|[of] p2b: Tyranitar
|faint|p2b: Tyranitar
|move|p2a: Garchomp|Tera Blast|p1b: Annihilape|[anim] Tera Blast Fairy
|-supereffective|p1b: Annihilape
|-damage|p1b: Annihilape|0 fnt
|faint|p1b: Annihilape
|move|p1a: Pelipper|Weather Ball|p2a: Garchomp
|-crit|p2a: Garchomp
|-damage|p2a: Garchomp|0 fnt
|faint|p2a: Garchomp
|
|-weather|RainDance|[upkeep]
|upkeep
|
|t:|1756766262
|switch|p1b: Basculegion|Basculegion, L50, M|100/100
|switch|p2b: Arcanine|Arcanine-Hisui, L50, M|100/100
|-ability|p2b: Arcanine|Intimidate|boost
|-unboost|p1a: Pelipper|atk|1
|-unboost|p1b: Basculegion|atk|1
|turn|5
|c|☆dethbling|gg
|
|t:|1756766274
|move|p2b: Arcanine|Extreme Speed|p1b: Basculegion
|-immune|p1b: Basculegion
|move|p1b: Basculegion|Wave Crash|p2b: Arcanine
|-supereffective|p2b: Arcanine
|-damage|p2b: Arcanine|0 fnt
|faint|p2b: Arcanine
|-damage|p1b: Basculegion|72/100|[from] Recoil
|
|win|heeld
|raw|heeld's rating: 1000 → 1043(+43 for winning)
|raw|dethbling's rating: 1026 → 1011(-15 for losing)
|c|☆heeld|gg
|l|☆heeld
|player|p1|
|j|☆heeld
|player|p1|heeld|infielder|
