|j|☆Its Sushiii
|j|☆EchoShadowYT
|html|Its SushiiiEchoShadowYT    
|uhtml|bestof|Game 1 of a best-of-3
|t:|1783711476
|gametype|doubles
|player|p1|Its Sushiii|265|1375
|player|p2|EchoShadowYT|skierf|1319
|gen|9
|tier|[Gen 9 Champions] VGC 2026 Reg M-B (Bo3)
|rated|
|rule|Species Clause: Limit one of each Pokémon
|rule|Item Clause: Limit 1 of each item
|clearpoke
|poke|p1|Kingambit, L50, M|
|poke|p1|Charizard, L50, M|
|poke|p1|Aerodactyl, L50, M|
|poke|p1|Farigiraf, L50, M|
|poke|p1|Sylveon, L50, F|
|poke|p1|Greninja, L50, M|
|poke|p2|Delphox, L50, M|
|poke|p2|Sneasler, L50, M|
|poke|p2|Floette-Eternal, L50, F|
|poke|p2|Kingambit, L50, F|
|poke|p2|Incineroar, L50, M|
|poke|p2|Sinistcha, L50|
|teampreview|4
|showteam|p1|Kingambit||FocusSash|Defiant|KowtowCleave,IronHead,SuckerPunch,LowKick|Adamant||M|||50|]Charizard||CharizarditeY|Blaze|HeatWave,SolarBeam,WeatherBall,Protect|Modest||M|||50|]Aerodactyl||Aerodactylite|Unnerve|RockSlide,DualWingbeat,IceFang,Tailwind|Jolly||M|||50|]Farigiraf||SitrusBerry|ArmorTail|TwinBeam,Thunderbolt,TrickRoom,Protect|Bold||M|||50|]Sylveon||FairyFeather|Pixilate|HyperVoice,HyperBeam,QuickAttack,Detect|Modest||F|||50|]Greninja||ChoiceScarf|Protean|HydroPump,IcyWind,IceBeam,LowKick|Modest||M|||50|
|showteam|p2|Delphox||Delphoxite|Blaze|HeatWave,Psyshock,NastyPlot,Protect|Timid||M|||50|]Sneasler||FocusSash|PoisonTouch|DireClaw,CloseCombat,FakeOut,Protect|Jolly||M|||50|]Floette-Eternal||Floettite|FlowerVeil|DazzlingGleam,DrainingKiss,CalmMind,Protect|Modest||F|||50|]Kingambit||BlackGlasses|Defiant|KowtowCleave,SuckerPunch,SwordsDance,Protect|Adamant||F|||50|]Incineroar||SitrusBerry|Intimidate|ThroatChop,FlareBlitz,PartingShot,FakeOut|Impish||M|||50|]Sinistcha||KasibBerry|Hospitality|MatchaGotcha,RagePowder,TrickRoom,Protect|Calm|||||50|
|inactive|Battle timer is ON: inactive players will automatically lose when time's up. (requested by EchoShadowYT)
|inactive|EchoShadowYT has 60 seconds left.
|
|t:|1783711525
|teamsize|p1|4
|teamsize|p2|4
|start
|switch|p1a: Aerodactyl|Aerodactyl, L50, M|100/100
|switch|p1b: Charizard|Charizard, L50, M|100/100
|switch|p2a: Delphox|Delphox, L50, M|100/100
|switch|p2b: Sinistcha|Sinistcha, L50|100/100
|-ability|p1a: Aerodactyl|Unnerve
|turn|1
|
|t:|1783711546
|switch|p2b: Incineroar|Incineroar, L50, M|100/100
|-ability|p2b: Incineroar|Intimidate|boost
|-unboost|p1a: Aerodactyl|atk|1
|-unboost|p1b: Charizard|atk|1
|detailschange|p2a: Delphox|Delphox-Mega, L50, M
|-mega|p2a: Delphox|Delphox|Delphoxite
|detailschange|p1b: Charizard|Charizard-Mega-Y, L50, M
|-mega|p1b: Charizard|Charizard|Charizardite Y
|-weather|SunnyDay|[from] ability: Drought|[of] p1b: Charizard
|move|p2a: Delphox|Protect|p2a: Delphox
|-singleturn|p2a: Delphox|Protect
|move|p1a: Aerodactyl|Tailwind|p1a: Aerodactyl
|-sidestart|p1: Its Sushiii|move: Tailwind
|move|p1b: Charizard|Heat Wave|p2a: Delphox|[spread] p2b
|-activate|p2a: Delphox|move: Protect
|-resisted|p2b: Incineroar|1
|-crit|p2b: Incineroar
|-damage|p2b: Incineroar|58/100
|
|-weather|SunnyDay|[upkeep]
|upkeep
|turn|2
|inactive|Its Sushiii has 30 seconds left.
|
|t:|1783711577
|switch|p1b: Farigiraf|Farigiraf, L50, M|100/100
|move|p2b: Incineroar|Fake Out||[still]
|cant|p1b: Farigiraf|ability: Armor Tail|Fake Out|[of] p2b: Incineroar
|move|p1a: Aerodactyl|Rock Slide|p2a: Delphox|[spread] p2a,p2b
|-supereffective|p2a: Delphox|1
|-supereffective|p2b: Incineroar|1
|-damage|p2a: Delphox|59/100
|-damage|p2b: Incineroar|36/100
|move|p2a: Delphox|Nasty Plot|p2a: Delphox
|-boost|p2a: Delphox|spa|2
|
|-weather|SunnyDay|[upkeep]
|upkeep
|turn|3
|inactive|Its Sushiii has 30 seconds left.
|inactive|Its Sushiii has 20 seconds left.
|
|t:|1783711613
|switch|p1a: Charizard|Charizard-Mega-Y, L50, M|100/100
|-enditem|p2b: Incineroar|Sitrus Berry|[eat]
|-heal|p2b: Incineroar|61/100|[from] item: Sitrus Berry
|switch|p2b: Sinistcha|Sinistcha, L50|100/100
|-heal|p2a: Delphox|83/100|[from] ability: Hospitality|[of] p2b: Sinistcha
|move|p2a: Delphox|Heat Wave|p1a: Charizard|[spread] p1a,p1b
|-resisted|p1a: Charizard|1
|-damage|p1a: Charizard|51/100
|-damage|p1b: Farigiraf|0 fnt
|faint|p1b: Farigiraf
|
|-weather|SunnyDay|[upkeep]
|upkeep
|
|t:|1783711632
|switch|p1b: Kingambit|Kingambit, L50, M|100/100
|turn|4
|
|t:|1783711651
|move|p2a: Delphox|Protect|p2a: Delphox
|-singleturn|p2a: Delphox|Protect
|move|p2b: Sinistcha|Protect|p2b: Sinistcha
|-singleturn|p2b: Sinistcha|Protect
|move|p1a: Charizard|Heat Wave|p2a: Delphox|[spread] 
|-activate|p2a: Delphox|move: Protect
|-activate|p2b: Sinistcha|move: Protect
|move|p1b: Kingambit|Kowtow Cleave|p2a: Delphox
|-activate|p2a: Delphox|move: Protect
|
|-weather|SunnyDay|[upkeep]
|-sideend|p1: Its Sushiii|move: Tailwind
|upkeep
|turn|5
|
|t:|1783711667
|move|p2b: Sinistcha|Rage Powder|p2b: Sinistcha
|-singleturn|p2b: Sinistcha|move: Rage Powder
|move|p1b: Kingambit|Sucker Punch||[still]
|-fail|p1b: Kingambit
|move|p2a: Delphox|Psyshock|p1a: Charizard
|-damage|p1a: Charizard|0 fnt
|faint|p1a: Charizard
|
|-weather|none
|upkeep
|-message|Its Sushiii forfeited.
|
|win|EchoShadowYT
||EchoShadowYT is ready for game 2.
||Its Sushiii is ready for game 2.
|uhtml|next|Next: Game 2 of 3
