|j|☆failandimprove3
|j|☆thebeast4895
|html|failandimprove3thebeast4895    
|uhtml|bestof|Game 2 of a best-of-3
|t:|1783985909
|gametype|doubles
|player|p1|failandimprove3|1|1438
|player|p2|thebeast4895|266|1233
|gen|9
|tier|[Gen 9 Champions] VGC 2026 Reg M-B (Bo3)
|rated|
|rule|Species Clause: Limit one of each Pokémon
|rule|Item Clause: Limit 1 of each item
|clearpoke
|poke|p1|Charizard, L50, M|
|poke|p1|Floette-Eternal, L50, F|
|poke|p1|Garchomp, L50, M|
|poke|p1|Kingambit, L50, F|
|poke|p1|Basculegion, L50, M|
|poke|p1|Whimsicott, L50, F|
|poke|p2|Mawile, L50, F|
|poke|p2|Charizard, L50, F, shiny|
|poke|p2|Farigiraf, L50, F|
|poke|p2|Sneasler, L50, F, shiny|
|poke|p2|Ceruledge, L50, M|
|poke|p2|Milotic, L50, F, shiny|
|teampreview|4
|showteam|p1|Charizard||CharizarditeY|Blaze|HeatWave,WeatherBall,SolarBeam,Protect|Modest||M|||50|]Floette-Eternal||Floettite|FlowerVeil|Moonblast,DazzlingGleam,LightofRuin,Protect|Timid||F|||50|]Garchomp||LifeOrb|RoughSkin|Earthquake,DragonClaw,RockSlide,Protect|Jolly||M|||50|]Kingambit||OccaBerry|Defiant|KowtowCleave,SuckerPunch,IronHead,LowKick|Adamant||F|||50|]Basculegion||MysticWater|Adaptability|WaveCrash,LastRespects,AquaJet,Protect|Adamant||M|||50|]Whimsicott||FocusSash|Prankster|Moonblast,Tailwind,Encore,Protect|Timid||F|||50|
|showteam|p2|Mawile||Mawilite|Intimidate|Protect,PlayRough,SuckerPunch,IronHead|Adamant||F|||50|]Charizard||CharizarditeY|SolarPower|Protect,WeatherBall,HeatWave,SolarBeam|Modest||F|||50|]Farigiraf||SitrusBerry|ArmorTail|Protect,TrickRoom,Thunderbolt,TwinBeam|Bold||F|||50|]Sneasler||WhiteHerb|Unburden|FakeOut,CloseCombat,DireClaw,Protect|Jolly||F|||50|]Ceruledge||ColburBerry|FlashFire|Protect,BulkUp,BitterBlade,ShadowSneak|Adamant||M|||50|]Milotic||Leftovers|Competitive|Protect,IceBeam,MuddyWater,Scald|Modest||F|||50|
|inactive|Battle timer is ON: inactive players will automatically lose when time's up. (requested by failandimprove3)
|
|t:|1783985937
|teamsize|p1|4
|teamsize|p2|4
|start
|switch|p1a: Charizard|Charizard, L50, M|100/100
|switch|p1b: Garchomp|Garchomp, L50, M|100/100
|switch|p2a: Sneasler|Sneasler, L50, F, shiny|100/100
|switch|p2b: Farigiraf|Farigiraf, L50, F|100/100
|turn|1
|
|t:|1783985947
|detailschange|p1a: Charizard|Charizard-Mega-Y, L50, M
|-mega|p1a: Charizard|Charizard|Charizardite Y
|-weather|SunnyDay|[from] ability: Drought|[of] p1a: Charizard
|move|p2a: Sneasler|Fake Out|p1a: Charizard
|-damage|p1a: Charizard|84/100
|move|p1b: Garchomp|Dragon Claw|p2b: Farigiraf
|-damage|p2b: Farigiraf|51/100
|-damage|p1b: Garchomp|90/100|[from] item: Life Orb
|cant|p1a: Charizard|flinch
|move|p2b: Farigiraf|Trick Room|p2b: Farigiraf
|-fieldstart|move: Trick Room|[of] p2b: Farigiraf
|
|-weather|SunnyDay|[upkeep]
|upkeep
|turn|2
|
|t:|1783985962
|move|p2b: Farigiraf|Protect|p2b: Farigiraf
|-singleturn|p2b: Farigiraf|Protect
|move|p1a: Charizard|Heat Wave|p2b: Farigiraf|[spread] p2a
|-activate|p2b: Farigiraf|move: Protect
|-damage|p2a: Sneasler|19/100
|move|p1b: Garchomp|Earthquake|p2a: Sneasler|[spread] p2a
|-activate|p2b: Farigiraf|move: Protect
|-immune|p1a: Charizard
|-supereffective|p2a: Sneasler|1
|-damage|p2a: Sneasler|0 fnt
|faint|p2a: Sneasler
|-damage|p1b: Garchomp|80/100|[from] item: Life Orb
|
|-weather|SunnyDay|[upkeep]
|upkeep
|
|t:|1783985974
|switch|p2a: Mawile|Mawile, L50, F|100/100
|-ability|p2a: Mawile|Intimidate|boost
|-unboost|p1a: Charizard|atk|1
|-unboost|p1b: Garchomp|atk|1
|turn|3
|
|t:|1783985993
|move|p2a: Mawile|Protect|p2a: Mawile
|-singleturn|p2a: Mawile|Protect
|move|p2b: Farigiraf|Thunderbolt|p1a: Charizard
|-supereffective|p1a: Charizard|1
|-damage|p1a: Charizard|43/100
|move|p1a: Charizard|Heat Wave|p2b: Farigiraf|[spread] p2b
|-activate|p2a: Mawile|move: Protect
|-damage|p2b: Farigiraf|0 fnt
|faint|p2b: Farigiraf
|move|p1b: Garchomp|Earthquake|p2a: Mawile|[spread] 
|-activate|p2a: Mawile|move: Protect
|-immune|p1a: Charizard
|
|-weather|SunnyDay|[upkeep]
|upkeep
|
|t:|1783986007
|switch|p2b: Ceruledge|Ceruledge, L50, M|100/100
|turn|4
|
|t:|1783986016
|switch|p1b: Kingambit|Kingambit, L50, F|100/100
|detailschange|p2a: Mawile|Mawile-Mega, L50, F
|-mega|p2a: Mawile|Mawile|Mawilite
|move|p2a: Mawile|Sucker Punch|p1a: Charizard
|-damage|p1a: Charizard|2/100
|move|p2b: Ceruledge|Bulk Up|p2b: Ceruledge
|-boost|p2b: Ceruledge|atk|1
|-boost|p2b: Ceruledge|def|1
|move|p1a: Charizard|Weather Ball|p2a: Mawile
|-supereffective|p2a: Mawile|1
|-damage|p2a: Mawile|0 fnt
|faint|p2a: Mawile
|
|-weather|SunnyDay|[upkeep]
|upkeep
|turn|5
|
|t:|1783986028
|move|p1b: Kingambit|Kowtow Cleave|p2b: Ceruledge
|-supereffective|p2b: Ceruledge|1
|-crit|p2b: Ceruledge
|-enditem|p2b: Ceruledge|Colbur Berry|[eat]
|-enditem|p2b: Ceruledge|Colbur Berry|[weaken]
|-damage|p2b: Ceruledge|28/100
|move|p2b: Ceruledge|Bitter Blade|p1b: Kingambit
|-supereffective|p1b: Kingambit|1
|-enditem|p1b: Kingambit|Occa Berry|[eat]
|-enditem|p1b: Kingambit|Occa Berry|[weaken]
|-damage|p1b: Kingambit|13/100
|-heal|p2b: Ceruledge|77/100|[from] drain|[of] p1b: Kingambit
|move|p1a: Charizard|Solar Beam||[still]
|-prepare|p1a: Charizard|Solar Beam
|-anim|p1a: Charizard|Solar Beam|p2b: Ceruledge
|-resisted|p2b: Ceruledge|1
|-damage|p2b: Ceruledge|54/100
|
|-weather|none
|-fieldend|move: Trick Room
|upkeep
|turn|6
|c|☆thebeast4895|nah cuz like nah no way that lives
|c|☆thebeast4895|that
|
|t:|1783986047
|switch|p1a: Garchomp|Garchomp, L50, M|80/100
|move|p2b: Ceruledge|Shadow Sneak|p1a: Garchomp
|-damage|p1a: Garchomp|50/100g
|-damage|p2b: Ceruledge|41/100|[from] ability: Rough Skin|[of] p1a: Garchomp
|move|p1b: Kingambit|Sucker Punch||[still]
|-fail|p1b: Kingambit
|
|upkeep
|turn|7
|
|t:|1783986058
|move|p2b: Ceruledge|Shadow Sneak|p1b: Kingambit
|-resisted|p1b: Kingambit|1
|-damage|p1b: Kingambit|1/100
|move|p1b: Kingambit|Sucker Punch||[still]
|-fail|p1b: Kingambit
|move|p1a: Garchomp|Earthquake|p2b: Ceruledge|[spread] p1b,p2b
|-supereffective|p1b: Kingambit|1
|-supereffective|p2b: Ceruledge|1
|-damage|p1b: Kingambit|0 fnt
|-damage|p2b: Ceruledge|0 fnt
|faint|p1b: Kingambit
|faint|p2b: Ceruledge
|-damage|p1a: Garchomp|41/100|[from] item: Life Orb
|
|win|failandimprove3
|raw|failandimprove3's rating: 1438 → 1447(+9 for winning)
|raw|thebeast4895's rating: 1233 → 1221(-12 for losing)
