|j|Ōśåhomerj71
|j|ŌśåNezk025
|html|homerj71Nezk025    
|uhtml|bestof|Game 1 of a best-of-3
|t:|1785350298
|gametype|doubles
|player|p1|homerj71|101|
|player|p2|Nezk025|nate|
|gen|9
|tier|[Gen 9 Champions] VGC 2026 Reg M-B (Bo3)
|rule|Species Clause: Limit one of each Pok├®mon
|rule|Item Clause: Limit 1 of each item
|clearpoke
|poke|p1|Tyranitar, L50, M|
|poke|p1|Staraptor, L50, F|
|poke|p1|Gholdengo, L50|
|poke|p1|Excadrill, L50, M|
|poke|p1|Sinistcha, L50|
|poke|p1|Milotic, L50, M|
|poke|p2|Excadrill, L50, F|
|poke|p2|Tyranitar, L50, F|
|poke|p2|Corviknight, L50, F|
|poke|p2|Hydreigon, L50, F|
|poke|p2|Rotom-Wash, L50|
|poke|p2|Mimikyu, L50, F|
|teampreview|4
|showteam|p1|Tyranitar||Tyranitarite|SandStream|KnockOff,LowKick,RockSlide,Protect|Jolly||M|||50|]Staraptor||Staraptite|Intimidate|BraveBird,CloseCombat,Tailwind,Protect|Jolly||F|||50|]Gholdengo||LifeOrb|GoodasGold|MakeItRain,NastyPlot,ShadowBall,Protect|Modest|||||50|]Excadrill||FocusSash|SandRush|RockSlide,HighHorsepower,IronHead,Protect|Adamant||M|||50|]Sinistcha||SitrusBerry|Hospitality|MatchaGotcha,RagePowder,ShadowBall,Protect|Bold|||||50|]Milotic||Leftovers|Competitive|Scald,IcyWind,IceBeam,Protect|Calm||M|||50|
|showteam|p2|Excadrill||FocusSash|SandRush|Protect,Earthquake,IronHead,RockTomb|Adamant||F|||50|]Tyranitar||Tyranitarite|SandStream|Protect,RockSlide,KnockOff,LowKick|Adamant||F|||50|]Corviknight||Leftovers|MirrorArmor|Roost,BraveBird,Tailwind,BulkUp|Careful||F|||50|]Hydreigon||ChoiceScarf|Levitate|DragonPulse,DarkPulse,Snarl,EarthPower|Modest||F|||50|]Rotom-Wash||SitrusBerry|Levitate|Protect,Thunderbolt,HydroPump,Reflect|Modest|||||50|]Mimikyu||FairyFeather|Disguise|Taunt,PlayRough,ShadowClaw,Protect|Adamant||F|||50|
|inactive|Battle timer is ON: inactive players will automatically lose when time's up. (requested by homerj71)
|c|ŌśåNezk025|Glhf
|c|ŌśåNezk025|Btw did you play kiri99?
|inactive|homerj71 has 60 seconds left.
|inactive|Nezk025 has 60 seconds left.
|
|t:|1785350354
|teamsize|p1|4
|teamsize|p2|4
|start
|switch|p1a: Milotic|Milotic, L50, M|100/100
|switch|p1b: Gholdengo|Gholdengo, L50|100/100
|switch|p2a: Corviknight|Corviknight, L50, F|100/100
|switch|p2b: Rotom|Rotom-Wash, L50|100/100
|turn|1
|inactive|homerj71 has 30 seconds left.
|
|t:|1785350380
|switch|p2a: Excadrill|Excadrill, L50, F|100/100
|move|p1b: Gholdengo|Nasty Plot|p1b: Gholdengo
|-boost|p1b: Gholdengo|spa|2
|move|p2b: Rotom|Thunderbolt|p1a: Milotic
|-supereffective|p1a: Milotic|1
|-damage|p1a: Milotic|51/100
|move|p1a: Milotic|Icy Wind|p2b: Rotom|[spread] p2a,p2b
|-resisted|p2b: Rotom|1
|-damage|p2a: Excadrill|84/100
|-damage|p2b: Rotom|94/100
|-unboost|p2a: Excadrill|spe|1
|-unboost|p2b: Rotom|spe|1
|
|-heal|p1a: Milotic|57/100|[from] item: Leftovers
|upkeep
|turn|2
|inactive|homerj71 has 30 seconds left.
|
|t:|1785350410
|switch|p1a: Staraptor|Staraptor, L50, F|100/100
|-ability|p1a: Staraptor|Intimidate|boost
|-unboost|p2a: Excadrill|atk|1
|-unboost|p2b: Rotom|atk|1
|switch|p2a: Corviknight|Corviknight, L50, F|100/100
|move|p1b: Gholdengo|Protect|p1b: Gholdengo
|-singleturn|p1b: Gholdengo|Protect
|move|p2b: Rotom|Thunderbolt|p1a: Staraptor
|-supereffective|p1a: Staraptor|1
|-damage|p1a: Staraptor|0 fnt
|faint|p1a: Staraptor
|
|upkeep
|
|t:|1785350428
|switch|p1a: Milotic|Milotic, L50, M|57/100
|turn|3
|
|t:|1785350433
|move|p1b: Gholdengo|Shadow Ball|p2b: Rotom
|-damage|p2b: Rotom|0 fnt
|faint|p2b: Rotom
|-damage|p1b: Gholdengo|90/100|[from] item: Life Orb
|move|p2a: Corviknight|Tailwind|p2a: Corviknight
|-sidestart|p2: Nezk025|move: Tailwind
|move|p1a: Milotic|Icy Wind|p2a: Corviknight
|-damage|p2a: Corviknight|87/100
|-ability|p2a: Corviknight|Mirror Armor
|-unboost|p1a: Milotic|spe|1
|-ability|p1a: Milotic|Competitive|boost
|-boost|p1a: Milotic|spa|2
|
|-heal|p2a: Corviknight|93/100|[from] item: Leftovers
|-heal|p1a: Milotic|63/100|[from] item: Leftovers
|upkeep
|
|t:|1785350439
|switch|p2b: Excadrill|Excadrill, L50, F|84/100
|turn|4
|inactive|Nezk025 has 30 seconds left.
|
|t:|1785350467
|move|p2b: Excadrill|Protect|p2b: Excadrill
|-singleturn|p2b: Excadrill|Protect
|move|p1b: Gholdengo|Protect|p1b: Gholdengo
|-singleturn|p1b: Gholdengo|Protect
|move|p2a: Corviknight|Brave Bird|p1a: Milotic
|-damage|p1a: Milotic|20/100y
|-damage|p2a: Corviknight|78/100|[from] Recoil
|move|p1a: Milotic|Scald|p2b: Excadrill
|-activate|p2b: Excadrill|move: Protect
|
|-heal|p2a: Corviknight|84/100|[from] item: Leftovers
|-heal|p1a: Milotic|26/100|[from] item: Leftovers
|upkeep
|turn|5
|
|t:|1785350489
|move|p2b: Excadrill|Earthquake|p1a: Milotic|[spread] p1a,p1b
|-immune|p2a: Corviknight
|-supereffective|p1b: Gholdengo|1
|-damage|p1a: Milotic|0 fnt
|-damage|p1b: Gholdengo|0 fnt
|faint|p1a: Milotic
|faint|p1b: Gholdengo
|move|p2a: Corviknight|Brave Bird|p1: Milotic|[notarget]
|-fail|p2a: Corviknight
|
|-heal|p2a: Corviknight|90/100|[from] item: Leftovers
|upkeep
|
|t:|1785350492
|switch|p1b: Excadrill|Excadrill, L50, M|100/100
|turn|6
|-message|homerj71 forfeited.
|
|win|Nezk025
