|j|☆Frakub
|j|☆SnorlaxPikachu1
|html|FrakubSnorlaxPikachu1    
|uhtml|bestof|Game 3 of a best-of-3
|t:|1755796775
|gametype|doubles
|player|p1|Frakub|acetrainer-gen4dp|1244
|player|p2|SnorlaxPikachu1|palmer|1320
|gen|9
|tier|[Gen 9] VGC 2025 Reg H (Bo3)
|rated|
|rule|Species Clause: Limit one of each Pokémon
|rule|Item Clause: Limit 1 of each item
|clearpoke
|poke|p1|Kingambit, L50, F|
|poke|p1|Rillaboom, L50, M|
|poke|p1|Ninetales-Alola, L50, M|
|poke|p1|Dragonite, L50, F|
|poke|p1|Magmar, L50, M|
|poke|p1|Sneasler, L50, F|
|poke|p2|Indeedee-F, L50, F|
|poke|p2|Delphox, L50, F|
|poke|p2|Annihilape, L50, M|
|poke|p2|Weezing-Galar, L50, M|
|poke|p2|Whimsicott, L50, M|
|poke|p2|Dragapult, L50, M|
|teampreview|4
|showteam|p1|Kingambit||BlackGlasses|Defiant|KowtowCleave,SuckerPunch,SwordsDance,Protect|||F|||50|,,,,,Dark]Rillaboom||AssaultVest|GrassySurge|WoodHammer,GrassyGlide,HighHorsepower,FakeOut|||M|||50|,,,,,Fire]Ninetales-Alola||LightClay|SnowWarning|Blizzard,FreezeDry,Protect,AuroraVeil|||M|||50|,,,,,Ghost]Dragonite||LoadedDice|Multiscale|ScaleShot,ExtremeSpeed,Haze,Protect|||F|||50|,,,,,Steel]Magmar||Eviolite|VitalSpirit|Taunt,Overheat,FollowMe,Protect|||M|||50|,,,,,Ghost]Sneasler||FocusSash|PoisonTouch|FakeOut,DireClaw,CloseCombat,Protect|||F|||50|,,,,,Ghost
|showteam|p2|Indeedee-F||SitrusBerry|PsychicSurge|FollowMe,HelpingHand,Psychic,TrickRoom|||F|||50|,,,,,Fairy]Delphox||LifeOrb|Blaze|Substitute,HeatWave,ExpandingForce,Protect|||F|||50|,,,,,Psychic]Annihilape||PsychicSeed|Defiant|BulkUp,DrainPunch,RageFist,Protect|||M|||50|,,,,,Grass]Weezing-Galar||RockyHelmet|NeutralizingGas|Taunt,StrangeSteam,WillOWisp,Protect|||M|||50|,,,,,Water]Whimsicott||FocusSash|Prankster|Tailwind,BeatUp,Moonblast,LightScreen|||M|||50|,,,,,Ghost]Dragapult||ChoiceBand|ClearBody|DragonDarts,Outrage,PhantomForce,Uturn|||M|||50|,,,,,Dragon
|inactive|Battle timer is ON: inactive players will automatically lose when time's up. (requested by Frakub)
|
|t:|1755796805
|teamsize|p1|4
|teamsize|p2|4
|start
|switch|p1a: Kingambit|Kingambit, L50, F|100/100
|switch|p1b: Magmar|Magmar, L50, M|100/100
|switch|p2a: Harambe|Annihilape, L50, M|100/100
|switch|p2b: Nuh uh|Indeedee-F, L50, F|100/100
|-fieldstart|move: Psychic Terrain|[from] ability: Psychic Surge|[of] p2b: Nuh uh
|-enditem|p2a: Harambe|Psychic Seed
|-boost|p2a: Harambe|spd|1|[from] item: Psychic Seed
|turn|1
|
|t:|1755796812
|switch|p2b: Gaskammare|Weezing-Galar, L50, M|100/100
|-ability|p2b: Gaskammare|Neutralizing Gas
|move|p1b: Magmar|Follow Me|p1b: Magmar
|-singleturn|p1b: Magmar|move: Follow Me
|move|p2a: Harambe|Bulk Up|p2a: Harambe
|-boost|p2a: Harambe|atk|1
|-boost|p2a: Harambe|def|1
|move|p1a: Kingambit|Swords Dance|p1a: Kingambit
|-boost|p1a: Kingambit|atk|2
|
|upkeep
|turn|2
|
|t:|1755796832
|-terastallize|p1a: Kingambit|Dark
|move|p1b: Magmar|Follow Me|p1b: Magmar
|-singleturn|p1b: Magmar|move: Follow Me
|move|p2a: Harambe|Bulk Up|p2a: Harambe
|-boost|p2a: Harambe|atk|1
|-boost|p2a: Harambe|def|1
|move|p2b: Gaskammare|Taunt|p1b: Magmar
|-start|p1b: Magmar|move: Taunt
|move|p1a: Kingambit|Kowtow Cleave|p2a: Harambe
|-damage|p2a: Harambe|15/100
|
|upkeep
|turn|3
|
|t:|1755796854
|move|p2a: Harambe|Protect|p2a: Harambe
|-singleturn|p2a: Harambe|Protect
|move|p1a: Kingambit|Protect|p1a: Kingambit
|-singleturn|p1a: Kingambit|Protect
|move|p1b: Magmar|Overheat|p2a: Harambe
|-activate|p2a: Harambe|move: Protect
|move|p2b: Gaskammare|Will-O-Wisp|p1a: Kingambit
|-activate|p1a: Kingambit|move: Protect
|
|upkeep
|turn|4
|
|t:|1755796869
|move|p2a: Harambe|Drain Punch|p1a: Kingambit
|-supereffective|p1a: Kingambit
|-damage|p1a: Kingambit|0 fnt
|-heal|p2a: Harambe|67/100|[from] drain|[of] p1a: Kingambit
|faint|p1a: Kingambit
|move|p1b: Magmar|Overheat|p2a: Harambe
|-damage|p2a: Harambe|39/100
|-unboost|p1b: Magmar|spa|2
|move|p2b: Gaskammare|Strange Steam|p1b: Magmar
|-resisted|p1b: Magmar
|-damage|p1b: Magmar|89/100
|
|upkeep
|
|t:|1755796874
|switch|p1a: Rillaboom|Rillaboom, L50, M|100/100
|turn|5
|
|t:|1755796890
|switch|p1b: Sneasler|Sneasler, L50, F|100/100
|move|p2a: Harambe|Protect|p2a: Harambe
|-singleturn|p2a: Harambe|Protect
|move|p1a: Rillaboom|High Horsepower|p2b: Gaskammare
|-supereffective|p2b: Gaskammare
|-damage|p2b: Gaskammare|50/100
|-damage|p1a: Rillaboom|84/100|[from] item: Rocky Helmet|[of] p2b: Gaskammare
|move|p2b: Gaskammare|Will-O-Wisp|p1a: Rillaboom
|-status|p1a: Rillaboom|brn
|
|-damage|p1a: Rillaboom|78/100 brn|[from] brn
|-fieldend|move: Psychic Terrain
|upkeep
|turn|6
|
|t:|1755796901
|-end|p2b: Gaskammare|ability: Neutralizing Gas
|-fieldstart|move: Grassy Terrain|[from] ability: Grassy Surge|[of] p1a: Rillaboom
|switch|p2b: Nuh uh|Indeedee-F, L50, F|100/100
|-fieldstart|move: Psychic Terrain|[from] ability: Psychic Surge|[of] p2b: Nuh uh
|move|p1b: Sneasler|Dire Claw|p2b: Nuh uh
|-crit|p2b: Nuh uh
|-damage|p2b: Nuh uh|38/100
|-enditem|p2b: Nuh uh|Sitrus Berry|[eat]
|-heal|p2b: Nuh uh|63/100|[from] item: Sitrus Berry
|move|p2a: Harambe|Drain Punch|p1a: Rillaboom
|-damage|p1a: Rillaboom|20/100 brn
|-heal|p2a: Harambe|70/100|[from] drain|[of] p1a: Rillaboom
|move|p1a: Rillaboom|High Horsepower|p2b: Nuh uh
|-damage|p2b: Nuh uh|49/100
|
|-damage|p1a: Rillaboom|14/100 brn|[from] brn
|upkeep
|turn|7
|
|t:|1755796923
|switch|p1a: Magmar|Magmar, L50, M|89/100
|move|p2b: Nuh uh|Follow Me|p2b: Nuh uh
|-singleturn|p2b: Nuh uh|move: Follow Me
|move|p1b: Sneasler|Dire Claw|p2b: Nuh uh
|-damage|p2b: Nuh uh|11/100
|-status|p2b: Nuh uh|psn
|move|p2a: Harambe|Rage Fist|p1a: Magmar
|-damage|p1a: Magmar|0 fnt
|faint|p1a: Magmar
|
|-damage|p2b: Nuh uh|0 fnt|[from] psn
|faint|p2b: Nuh uh
|upkeep
|
|t:|1755796929
|switch|p1a: Rillaboom|Rillaboom, L50, M|14/100 brn
|switch|p2b: Gaskammare|Weezing-Galar, L50, M|50/100
|-ability|p2b: Gaskammare|Neutralizing Gas
|turn|8
|
|t:|1755796935
|move|p1b: Sneasler|Dire Claw|p2a: Harambe
|-resisted|p2a: Harambe
|-damage|p2a: Harambe|59/100
|move|p2a: Harambe|Drain Punch|p1a: Rillaboom
|-damage|p1a: Rillaboom|0 fnt
|-heal|p2a: Harambe|66/100|[from] drain|[of] p1a: Rillaboom
|faint|p1a: Rillaboom
|move|p2b: Gaskammare|Will-O-Wisp|p1b: Sneasler
|-status|p1b: Sneasler|brn
|
|-damage|p1b: Sneasler|95/100 brn|[from] brn
|upkeep
|turn|9
|
|t:|1755796941
|move|p1b: Sneasler|Dire Claw|p2a: Harambe
|-resisted|p2a: Harambe
|-damage|p2a: Harambe|61/100
|move|p2a: Harambe|Rage Fist|p1b: Sneasler
|-damage|p1b: Sneasler|0 fnt
|faint|p1b: Sneasler
|
|win|SnorlaxPikachu1
|raw|Frakub's rating: 1244 → 1224(-20 for losing)
|raw|SnorlaxPikachu1's rating: 1320 → 1336(+16 for winning)
|c|☆Frakub|gg
|c|☆SnorlaxPikachu1|ggwp
