|j|☆bent0boxx
|j|☆KorrinaOps5
|html|bent0boxxKorrinaOps5    
|uhtml|bestof|Game 1 of a best-of-3
|t:|1757652063
|gametype|doubles
|player|p1|bent0boxx|266|1033
|player|p2|KorrinaOps5|169|1050
|gen|9
|tier|[Gen 9] VGC 2025 Reg H (Bo3)
|rated|
|rule|Species Clause: Limit one of each Pokémon
|rule|Item Clause: Limit 1 of each item
|clearpoke
|poke|p1|Rillaboom, L50, F|
|poke|p1|Kingambit, L50, M|
|poke|p1|Sneasler, L50, F|
|poke|p1|Dragonite, L50, M|
|poke|p1|Gastrodon, L50, M|
|poke|p1|Ceruledge, L50, F|
|poke|p2|Pelipper, L50, M|
|poke|p2|Archaludon, L50, M|
|poke|p2|Incineroar, L50, F|
|poke|p2|Dragonite, L50, M|
|poke|p2|Ursaluna, L50, F|
|poke|p2|Sinistcha, L50|
|teampreview|4
|showteam|p1|Rillaboom||MiracleSeed|GrassySurge|WoodHammer,GrassyGlide,FakeOut,HighHorsepower|||F|||50|,,,,,Fire]Kingambit||AssaultVest|Defiant|KowtowCleave,SuckerPunch,TeraBlast,IronHead|||M|||50|,,,,,Flying]Sneasler||FocusSash|Unburden|DireClaw,CloseCombat,Coaching,FakeOut|||F|||50|,,,,,Ghost]Dragonite||LoadedDice|Multiscale|ExtremeSpeed,ScaleShot,LowKick,Protect|||M|||50|,,,,,Fairy]Gastrodon||SitrusBerry|StormDrain|EarthPower,IceBeam,ClearSmog,Protect|||M|||50|,,,,,Poison]Ceruledge||Leftovers|FlashFire|BitterBlade,ShadowSneak,BulkUp,Protect|||F|||50|,,,,,Grass
|showteam|p2|Pelipper||FocusSash|Drizzle|MuddyWater,Hurricane,WideGuard,Tailwind|||M|||50|,,,,,Ghost]Archaludon||AssaultVest|Stamina|ElectroShot,DracoMeteor,BodyPress,FlashCannon|||M|||50|,,,,,Bug]Incineroar||SafetyGoggles|Intimidate|KnockOff,FakeOut,Taunt,PartingShot|||F|||50|,,,,,Flying]Dragonite||LoadedDice|Multiscale|ScaleShot,Tailwind,Haze,Protect|||M|||50|,,,,,Steel]Ursaluna||FlameOrb|Guts|Facade,Earthquake,HeadlongRush,Protect|||F|||50|,,,,,Ghost]Sinistcha||SitrusBerry|Hospitality|MatchaGotcha,LifeDew,RagePowder,TrickRoom||||||50|,,,,,Dark
|inactive|Battle timer is ON: inactive players will automatically lose when time's up. (requested by bent0boxx)
|inactive|KorrinaOps5 has 60 seconds left.
|
|t:|1757652160
|teamsize|p1|4
|teamsize|p2|4
|start
|switch|p1a: Rillaboom|Rillaboom, L50, F|100/100
|switch|p1b: Ceruledge|Ceruledge, L50, F|100/100
|switch|p2a: Archaludon|Archaludon, L50, M, shiny|100/100
|switch|p2b: Dragonite|Dragonite, L50, M, shiny|100/100
|-fieldstart|move: Grassy Terrain|[from] ability: Grassy Surge|[of] p1a: Rillaboom
|turn|1
|inactive|KorrinaOps5 has 30 seconds left.
|inactive|KorrinaOps5 has 20 seconds left.
|
|t:|1757652198
|switch|p2a: Sinistcha|Sinistcha, L50, shiny|100/100
|move|p2b: Dragonite|Protect|p2b: Dragonite
|-singleturn|p2b: Dragonite|Protect
|move|p1a: Rillaboom|Fake Out|p2a: Sinistcha
|-immune|p2a: Sinistcha
|move|p1b: Ceruledge|Bulk Up|p1b: Ceruledge
|-boost|p1b: Ceruledge|atk|1
|-boost|p1b: Ceruledge|def|1
|
|upkeep
|turn|2
|inactive|bent0boxx has 30 seconds left.
|inactive|KorrinaOps5 has 30 seconds left.
|
|t:|1757652232
|switch|p1a: Dragonite|Dragonite, L50, M|100/100
|switch|p2a: Ursaluna|Ursaluna, L50, F, shiny|100/100
|-terastallize|p1b: Ceruledge|Grass
|move|p2b: Dragonite|Tailwind|p2b: Dragonite
|-sidestart|p2: KorrinaOps5|move: Tailwind
|move|p1b: Ceruledge|Bitter Blade|p2a: Ursaluna
|-damage|p2a: Ursaluna|48/100
|
|-heal|p2a: Ursaluna|54/100|[from] Grassy Terrain
|-status|p2a: Ursaluna|brn|[from] item: Flame Orb
|upkeep
|turn|3
|inactive|KorrinaOps5 has 30 seconds left.
|
|t:|1757652262
|move|p1b: Ceruledge|Protect|p1b: Ceruledge
|-singleturn|p1b: Ceruledge|Protect
|move|p1a: Dragonite|Extreme Speed|p2a: Ursaluna
|-damage|p2a: Ursaluna|29/100 brn
|move|p2b: Dragonite|Scale Shot|p1a: Dragonite
|-supereffective|p1a: Dragonite
|-damage|p1a: Dragonite|84/100
|-supereffective|p1a: Dragonite
|-damage|p1a: Dragonite|48/100
|-supereffective|p1a: Dragonite
|-crit|p1a: Dragonite
|-damage|p1a: Dragonite|1/100
|-supereffective|p1a: Dragonite
|-damage|p1a: Dragonite|0 fnt
|faint|p1a: Dragonite
|-hitcount|p1: Dragonite|4
|-unboost|p2b: Dragonite|def|1
|-boost|p2b: Dragonite|spe|1
|move|p2a: Ursaluna|Facade|p1b: Ceruledge
|-activate|p1b: Ceruledge|move: Protect
|
|-heal|p2a: Ursaluna|35/100 brn|[from] Grassy Terrain
|-damage|p2a: Ursaluna|29/100 brn|[from] brn
|upkeep
|
|t:|1757652269
|switch|p1a: Sneasler|Sneasler, L50, F|100/100
|turn|4
|
|t:|1757652294
|-terastallize|p2a: Ursaluna|Ghost
|move|p1a: Sneasler|Fake Out|p2b: Dragonite
|-damage|p2b: Dragonite|89/100
|move|p1b: Ceruledge|Shadow Sneak|p2a: Ursaluna
|-supereffective|p2a: Ursaluna
|-damage|p2a: Ursaluna|0 fnt
|faint|p2a: Ursaluna
|cant|p2b: Dragonite|flinch
|
|upkeep
|
|t:|1757652303
|switch|p2a: Archaludon|Archaludon, L50, M, shiny|100/100
|turn|5
|
|t:|1757652321
|move|p1b: Ceruledge|Protect|p1b: Ceruledge
|-singleturn|p1b: Ceruledge|Protect
|move|p2b: Dragonite|Scale Shot|p1a: Sneasler
|-damage|p1a: Sneasler|75/100
|-damage|p1a: Sneasler|48/100
|-damage|p1a: Sneasler|22/100
|-damage|p1a: Sneasler|0 fnt
|faint|p1a: Sneasler
|-hitcount|p1: Sneasler|4
|-unboost|p2b: Dragonite|def|1
|-boost|p2b: Dragonite|spe|1
|move|p2a: Archaludon|Draco Meteor|p1b: Ceruledge
|-activate|p1b: Ceruledge|move: Protect
|
|-sideend|p2: KorrinaOps5|move: Tailwind
|-fieldend|move: Grassy Terrain
|upkeep
|
|t:|1757652326
|switch|p1a: Rillaboom|Rillaboom, L50, F|100/100
|-fieldstart|move: Grassy Terrain|[from] ability: Grassy Surge|[of] p1a: Rillaboom
|turn|6
|inactive|KorrinaOps5 has 30 seconds left.
|inactive|KorrinaOps5 has 20 seconds left.
|inactive|KorrinaOps5 has 15 seconds left.
|inactive|KorrinaOps5 has 10 seconds left.
|
|t:|1757652372
|move|p1a: Rillaboom|Fake Out|p2b: Dragonite
|-damage|p2b: Dragonite|57/100
|cant|p2b: Dragonite|flinch
|move|p2a: Archaludon|Body Press|p1b: Ceruledge
|-damage|p1b: Ceruledge|83/100
|move|p1b: Ceruledge|Bitter Blade|p2a: Archaludon
|-damage|p2a: Archaludon|53/100
|-heal|p1b: Ceruledge|100/100|[from] drain|[of] p2a: Archaludon
|-ability|p2a: Archaludon|Stamina|boost
|-boost|p2a: Archaludon|def|1
|
|-heal|p2a: Archaludon|59/100|[from] Grassy Terrain
|upkeep
|turn|7
|inactive|bent0boxx has 30 seconds left.
|inactive|KorrinaOps5 has 30 seconds left.
|
|t:|1757652406
|move|p1a: Rillaboom|Grassy Glide|p2a: Archaludon
|-resisted|p2a: Archaludon
|-damage|p2a: Archaludon|54/100
|-ability|p2a: Archaludon|Stamina|boost
|-boost|p2a: Archaludon|def|1
|move|p2b: Dragonite|Scale Shot|p2a: Archaludon
|-damage|p2a: Archaludon|49/100
|-ability|p2a: Archaludon|Stamina|boost
|-boost|p2a: Archaludon|def|1
|-damage|p2a: Archaludon|45/100
|-ability|p2a: Archaludon|Stamina|boost
|-boost|p2a: Archaludon|def|1
|-damage|p2a: Archaludon|41/100
|-ability|p2a: Archaludon|Stamina|boost
|-boost|p2a: Archaludon|def|1
|-damage|p2a: Archaludon|38/100
|-ability|p2a: Archaludon|Stamina|boost
|-boost|p2a: Archaludon|def|1
|-hitcount|p2a: Archaludon|4
|-unboost|p2b: Dragonite|def|1
|-boost|p2b: Dragonite|spe|1
|move|p2a: Archaludon|Body Press|p1a: Rillaboom
|-damage|p1a: Rillaboom|10/100
|move|p1b: Ceruledge|Bitter Blade|p2a: Archaludon
|-damage|p2a: Archaludon|26/100
|
|-heal|p2a: Archaludon|32/100|[from] Grassy Terrain
|-heal|p1a: Rillaboom|16/100|[from] Grassy Terrain
|upkeep
|turn|8
|
|t:|1757652419
|switch|p2b: Sinistcha|Sinistcha, L50, shiny|100/100
|-heal|p2a: Archaludon|57/100|[from] ability: Hospitality|[of] p2b: Sinistcha
|move|p2a: Archaludon|Body Press|p1b: Ceruledge
|-damage|p1b: Ceruledge|22/100
|move|p1a: Rillaboom|Wood Hammer|p2b: Sinistcha
|-resisted|p2b: Sinistcha
|-damage|p2b: Sinistcha|51/100
|-damage|p1a: Rillaboom|1/100|[from] Recoil
|move|p1b: Ceruledge|Bitter Blade|p2a: Archaludon
|-damage|p2a: Archaludon|46/100
|-heal|p1b: Ceruledge|29/100|[from] drain|[of] p2a: Archaludon
|
|-heal|p2a: Archaludon|53/100|[from] Grassy Terrain
|-heal|p1a: Rillaboom|7/100|[from] Grassy Terrain
|-heal|p1b: Ceruledge|35/100|[from] Grassy Terrain
|-heal|p1b: Ceruledge|41/100|[from] item: Leftovers
|-heal|p2b: Sinistcha|57/100|[from] Grassy Terrain
|upkeep
|turn|9
|
|t:|1757652451
|move|p1b: Ceruledge|Shadow Sneak|p2b: Sinistcha
|-supereffective|p2b: Sinistcha
|-damage|p2b: Sinistcha|2/100
|-enditem|p2b: Sinistcha|Sitrus Berry|[eat]
|-heal|p2b: Sinistcha|27/100|[from] item: Sitrus Berry
|move|p2a: Archaludon|Body Press|p1b: Ceruledge
|-damage|p1b: Ceruledge|0 fnt
|faint|p1b: Ceruledge
|move|p1a: Rillaboom|Wood Hammer|p2a: Archaludon
|-resisted|p2a: Archaludon
|-damage|p2a: Archaludon|48/100
|-damage|p1a: Rillaboom|6/100|[from] Recoil
|move|p2b: Sinistcha|Life Dew|p2b: Sinistcha|[spread] p2a,p2b
|-heal|p2a: Archaludon|73/100
|-heal|p2b: Sinistcha|52/100
|
|-heal|p2a: Archaludon|80/100|[from] Grassy Terrain
|-heal|p1a: Rillaboom|12/100|[from] Grassy Terrain
|-heal|p2b: Sinistcha|58/100|[from] Grassy Terrain
|upkeep
|turn|10
|
|t:|1757652472
|move|p2a: Archaludon|Body Press|p1a: Rillaboom
|-damage|p1a: Rillaboom|0 fnt
|faint|p1a: Rillaboom
|
|win|KorrinaOps5
||KorrinaOps5 is ready for game 2.
||bent0boxx is ready for game 2.
|uhtml|next|Next: Game 2 of 3
|l|☆bent0boxx
|player|p1|
|n|☆KorrinaOps5|korrinaops5
