|j|☆k3ksmann
|j|☆thierryvgc
|html|k3ksmannthierryvgc    
|uhtml|bestof|Game 1 of a best-of-3
|t:|1757674824
|gametype|doubles
|player|p1|k3ksmann|whitney|1180
|player|p2|thierryvgc|265|1247
|gen|9
|tier|[Gen 9] VGC 2025 Reg H (Bo3)
|rated|
|rule|Species Clause: Limit one of each Pokémon
|rule|Item Clause: Limit 1 of each item
|clearpoke
|poke|p1|Frosmoth, L50, M|
|poke|p1|Volcarona, L50, M|
|poke|p1|Ninetales-Alola, L50, M|
|poke|p1|Garchomp, L50, M|
|poke|p1|Incineroar, L50, F|
|poke|p1|Rillaboom, L50, F|
|poke|p2|Ursaluna, L50, M|
|poke|p2|Archaludon, L50, F|
|poke|p2|Amoonguss, L50, F|
|poke|p2|Porygon2, L50|
|poke|p2|Incineroar, L50, M|
|poke|p2|Pelipper, L50, M|
|teampreview|4
|showteam|p1|Frosmoth||Leftovers|IceScales|Protect,Blizzard,TeraBlast,QuiverDance|||M|||50|,,,,,Water]Volcarona||RockyHelmet|FlameBody|RagePowder,WillOWisp,HeatWave,Tailwind|||M|||50|,,,,,Steel]Ninetales-Alola||LifeOrb|SnowWarning|Protect,FreezeDry,IcyWind,Moonblast|||M|||50|,,,,,Ghost]Garchomp||ClearAmulet|RoughSkin|BreakingSwipe,StompingTantrum,RockSlide,Protect|||M|||50|,,,,,Fire]Incineroar||SitrusBerry|Intimidate|FakeOut,FlareBlitz,KnockOff,PartingShot|||F|||50|,,,,,Ghost]Rillaboom||AssaultVest|GrassySurge|WoodHammer,GrassyGlide,HighHorsepower,FakeOut|||F|||50|,,,,,Fire
|showteam|p2|Ursaluna||FlameOrb|Guts|Protect,Facade,HeadlongRush,Earthquake|||M|||50|,,,,,Fairy]Archaludon||AssaultVest|Stamina|FlashCannon,DragonPulse,ElectroShot,BodyPress|||F|||50|,,,,,Grass]Amoonguss||CovertCloak|Regenerator|RagePowder,PollenPuff,ClearSmog,Spore|||F|||50|,,,,,Water]Porygon2||Eviolite|Download|TeraBlast,IceBeam,Recover,TrickRoom||||||50|,,,,,Electric]Incineroar||SafetyGoggles|Intimidate|KnockOff,Uturn,Taunt,FakeOut|||M|||50|,,,,,Ghost]Pelipper||FocusSash|Drizzle|WeatherBall,Hurricane,Protect,WideGuard|||M|||50|,,,,,Grass
|inactive|Battle timer is ON: inactive players will automatically lose when time's up. (requested by k3ksmann)
|inactive|k3ksmann has 60 seconds left.
|inactive|thierryvgc has 60 seconds left.
|
|t:|1757674881
|teamsize|p1|4
|teamsize|p2|4
|start
|switch|p1a: Frosmoth|Frosmoth, L50, M|100/100
|switch|p1b: Ninetales|Ninetales-Alola, L50, M|100/100
|switch|p2a: Pelipper|Pelipper, L50, M|100/100
|switch|p2b: Archaludon|Archaludon, L50, F|100/100
|-weather|Snowscape|[from] ability: Snow Warning|[of] p1b: Ninetales
|-weather|RainDance|[from] ability: Drizzle|[of] p2a: Pelipper
|turn|1
|inactive|thierryvgc has 30 seconds left.
|
|t:|1757674908
|switch|p1b: Garchomp|Garchomp, L50, M|100/100
|move|p2b: Archaludon|Electro Shot||[still]
|-prepare|p2b: Archaludon|Electro Shot
|-boost|p2b: Archaludon|spa|1
|-anim|p2b: Archaludon|Electro Shot|p1a: Frosmoth
|-damage|p1a: Frosmoth|69/100
|move|p1a: Frosmoth|Quiver Dance|p1a: Frosmoth
|-boost|p1a: Frosmoth|spa|1
|-boost|p1a: Frosmoth|spd|1
|-boost|p1a: Frosmoth|spe|1
|move|p2a: Pelipper|Hurricane|p1a: Frosmoth
|-supereffective|p1a: Frosmoth
|-damage|p1a: Frosmoth|30/100
|-start|p1a: Frosmoth|confusion
|
|-weather|RainDance|[upkeep]
|-heal|p1a: Frosmoth|36/100|[from] item: Leftovers
|upkeep
|turn|2
|inactive|k3ksmann has 30 seconds left.
|inactive|thierryvgc has 30 seconds left.
|
|t:|1757674940
|switch|p2a: Porygon2|Porygon2, L50|100/100
|-ability|p2a: Porygon2|Download|boost
|-boost|p2a: Porygon2|atk|1
|move|p1b: Garchomp|Stomping Tantrum|p2b: Archaludon
|-supereffective|p2b: Archaludon
|-damage|p2b: Archaludon|40/100
|-ability|p2b: Archaludon|Stamina|boost
|-boost|p2b: Archaludon|def|1
|-activate|p1a: Frosmoth|confusion
|move|p1a: Frosmoth|Quiver Dance|p1a: Frosmoth
|-boost|p1a: Frosmoth|spa|1
|-boost|p1a: Frosmoth|spd|1
|-boost|p1a: Frosmoth|spe|1
|move|p2b: Archaludon|Flash Cannon|p1b: Garchomp
|-damage|p1b: Garchomp|40/100
|
|-weather|RainDance|[upkeep]
|-heal|p1a: Frosmoth|42/100|[from] item: Leftovers
|upkeep
|turn|3
|inactive|thierryvgc has 30 seconds left.
|
|t:|1757674970
|switch|p1b: Ninetales|Ninetales-Alola, L50, M|100/100
|-weather|Snowscape|[from] ability: Snow Warning|[of] p1b: Ninetales
|-activate|p1a: Frosmoth|confusion
|-damage|p1a: Frosmoth|36/100|[from] confusion
|move|p2b: Archaludon|Body Press|p1a: Frosmoth
|-damage|p1a: Frosmoth|12/100
|move|p2a: Porygon2|Trick Room|p2a: Porygon2
|-fieldstart|move: Trick Room|[of] p2a: Porygon2
|
|-weather|Snowscape|[upkeep]
|-heal|p1a: Frosmoth|18/100|[from] item: Leftovers
|upkeep
|turn|4
|inactive|thierryvgc has 30 seconds left.
|
|t:|1757675001
|switch|p2a: Pelipper|Pelipper, L50, M|100/100
|-weather|RainDance|[from] ability: Drizzle|[of] p2a: Pelipper
|-terastallize|p1b: Ninetales|Ghost
|-activate|p1a: Frosmoth|confusion
|move|p1a: Frosmoth|Protect|p1a: Frosmoth
|-singleturn|p1a: Frosmoth|Protect
|move|p2b: Archaludon|Electro Shot||[still]
|-prepare|p2b: Archaludon|Electro Shot
|-boost|p2b: Archaludon|spa|1
|-anim|p2b: Archaludon|Electro Shot|p1a: Frosmoth
|-activate|p1a: Frosmoth|move: Protect
|move|p1b: Ninetales|Moonblast|p2b: Archaludon
|-damage|p2b: Archaludon|9/100
|-ability|p2b: Archaludon|Stamina|boost
|-boost|p2b: Archaludon|def|1
|-damage|p1b: Ninetales|91/100|[from] item: Life Orb
|
|-weather|RainDance|[upkeep]
|-heal|p1a: Frosmoth|24/100|[from] item: Leftovers
|upkeep
|turn|5
|inactive|k3ksmann has 30 seconds left.
|inactive|k3ksmann has 20 seconds left.
|
|t:|1757675041
|move|p2a: Pelipper|Hurricane|p1a: Frosmoth
|-supereffective|p1a: Frosmoth
|-damage|p1a: Frosmoth|0 fnt
|faint|p1a: Frosmoth
|move|p2b: Archaludon|Flash Cannon|p1b: Ninetales
|-damage|p1b: Ninetales|8/100
|move|p1b: Ninetales|Icy Wind|p2b: Archaludon|[spread] p2a,p2b
|-damage|p2a: Pelipper|70/100
|-damage|p2b: Archaludon|0 fnt
|-unboost|p2a: Pelipper|spe|1
|faint|p2b: Archaludon
|-damage|p1b: Ninetales|0 fnt|[from] item: Life Orb
|faint|p1b: Ninetales
|
|-weather|RainDance|[upkeep]
|upkeep
|
|t:|1757675054
|switch|p1a: Rillaboom|Rillaboom, L50, F|100/100
|switch|p2b: Porygon2|Porygon2, L50|100/100
|switch|p1b: Garchomp|Garchomp, L50, M|40/100
|-ability|p2b: Porygon2|Download|boost
|-boost|p2b: Porygon2|spa|1
|-fieldstart|move: Grassy Terrain|[from] ability: Grassy Surge|[of] p1a: Rillaboom
|turn|6
|
|t:|1757675072
|move|p1a: Rillaboom|Grassy Glide|p2a: Pelipper
|-damage|p2a: Pelipper|27/100
|move|p2a: Pelipper|Weather Ball|p1b: Garchomp
|-damage|p1b: Garchomp|0 fnt
|faint|p1b: Garchomp
|move|p2b: Porygon2|Ice Beam|p1a: Rillaboom
|-supereffective|p1a: Rillaboom
|-damage|p1a: Rillaboom|44/100
|
|-weather|RainDance|[upkeep]
|-heal|p1a: Rillaboom|50/100|[from] Grassy Terrain
|upkeep
|turn|7
|-message|k3ksmann forfeited.
|
|win|thierryvgc
||k3ksmann is ready for game 2.
||thierryvgc is ready for game 2.
|uhtml|next|Next: Game 2 of 3
