|j|☆Chvyvyvyvyhuhyg
|j|☆Verdas1128
|html|ChvyvyvyvyhuhygVerdas1128    
|uhtml|bestof|Game 1 of a best-of-3
|t:|1784078312
|gametype|doubles
|player|p1|Chvyvyvyvyhuhyg|266|1040
|player|p2|Verdas1128|rei|1034
|gen|9
|tier|[Gen 9 Champions] VGC 2026 Reg M-B (Bo3)
|rated|
|rule|Species Clause: Limit one of each Pokémon
|rule|Item Clause: Limit 1 of each item
|clearpoke
|poke|p1|Staraptor, L50, F|
|poke|p1|Sneasler, L50, M|
|poke|p1|Corviknight, L50, M|
|poke|p1|Tinkaton, L50, F|
|poke|p1|Chimecho, L50, M|
|poke|p1|Hydrapple, L50, M|
|poke|p2|Metagross, L50, shiny|
|poke|p2|Pelipper, L50, M, shiny|
|poke|p2|Swampert, L50, F, shiny|
|poke|p2|Archaludon, L50, M, shiny|
|poke|p2|Sinistcha-Masterpiece, L50, shiny|
|poke|p2|Grimmsnarl, L50, M, shiny|
|teampreview|4
|showteam|p1|Staraptor||Staraptite|Intimidate|BraveBird,CloseCombat,Protect,Roost|Jolly||F|||50|]Sneasler||CobaBerry|Unburden|CloseCombat,DireClaw,FakeOut,Protect|Adamant||M|||50|]Corviknight||Leftovers|MirrorArmor|BodyPress,BraveBird,BulkUp,Roost|Adamant||M|||50|]Tinkaton||ExpertBelt|MoldBreaker|Protect,PlayRough,GigatonHammer,SwordsDance|Adamant||F|||50|]Chimecho||Chimechite|Levitate|HealPulse,CalmMind,HealBell,PsychicNoise|Timid||M|||50|]Hydrapple||RoseliBerry|SupersweetSyrup|EarthPower,FickleBeam,SyrupBomb,Protect|Modest||M|||50|
|showteam|p2|Metagross||Metagrossite|ClearBody|BodyPress,IronHead,PsychicFangs,Protect|Jolly|||||50|]Pelipper||DampRock|Drizzle|Tailwind,WideGuard,Protect,WeatherBall|Modest||M|||50|]Swampert||Swampertite|Torrent|IcePunch,WaveCrash,Earthquake,Protect|Jolly||F|||50|]Archaludon||Leftovers|Stamina|ElectroShot,FlashCannon,DragonPulse,Protect|Modest||M|||50|]Sinistcha-Masterpiece||SitrusBerry|Hospitality|MatchaGotcha,Protect,RagePowder,ShadowBall|Bold|||||50|]Grimmsnarl||LightClay|Prankster|LightScreen,Reflect,Protect,SpiritBreak|Impish||M|||50|
|inactive|Battle timer is ON: inactive players will automatically lose when time's up. (requested by Verdas1128)
|inactive|Verdas1128 has 60 seconds left.
|
|t:|1784078359
|teamsize|p1|4
|teamsize|p2|4
|start
|switch|p1a: Staraptor|Staraptor, L50, F|100/100
|switch|p1b: Sneasler|Sneasler, L50, M|100/100
|switch|p2a: Metagross|Metagross, L50, shiny|100/100
|switch|p2b: Grimmsnarl|Grimmsnarl, L50, M, shiny|100/100
|-ability|p1a: Staraptor|Intimidate|boost
|-fail|p2a: Metagross|unboost|[from] ability: Clear Body|[of] p2a: Metagross
|-unboost|p2b: Grimmsnarl|atk|1
|turn|1
|inactive|Chvyvyvyvyhuhyg has 30 seconds left.
|
|t:|1784078387
|detailschange|p1a: Staraptor|Staraptor-Mega, L50, F
|-mega|p1a: Staraptor|Staraptor|Staraptite
|move|p2b: Grimmsnarl|Protect|p2b: Grimmsnarl
|-singleturn|p2b: Grimmsnarl|Protect
|move|p2a: Metagross|Protect|p2a: Metagross
|-singleturn|p2a: Metagross|Protect
|move|p1b: Sneasler|Fake Out|p2b: Grimmsnarl
|-activate|p2b: Grimmsnarl|move: Protect
|move|p1a: Staraptor|Close Combat|p2a: Metagross
|-activate|p2a: Metagross|move: Protect
|
|upkeep
|turn|2
|inactive|Chvyvyvyvyhuhyg has 30 seconds left.
|inactive|Chvyvyvyvyhuhyg has 20 seconds left.
|
|t:|1784078425
|detailschange|p2a: Metagross|Metagross-Mega, L50, shiny
|-mega|p2a: Metagross|Metagross|Metagrossite
|move|p2b: Grimmsnarl|Reflect|p2b: Grimmsnarl
|-sidestart|p2: Verdas1128|Reflect
|move|p1b: Sneasler|Dire Claw|p2b: Grimmsnarl
|-supereffective|p2b: Grimmsnarl|1
|-damage|p2b: Grimmsnarl|38/100
|move|p2a: Metagross|Psychic Fangs|p1b: Sneasler
|-supereffective|p1b: Sneasler|2
|-damage|p1b: Sneasler|0 fnt
|faint|p1b: Sneasler
|move|p1a: Staraptor|Close Combat|p2a: Metagross
|-damage|p2a: Metagross|70/100
|-boost|p1a: Staraptor|def|1
|-boost|p1a: Staraptor|spd|1
|
|upkeep
|
|t:|1784078447
|switch|p1b: Corviknight|Corviknight, L50, M|100/100
|turn|3
|
|t:|1784078469
|switch|p2b: Sinistcha|Sinistcha-Masterpiece, L50, shiny|100/100
|-heal|p2a: Metagross|95/100|[from] ability: Hospitality|[of] p2b: Sinistcha
|move|p2a: Metagross|Psychic Fangs|p1a: Staraptor
|-supereffective|p1a: Staraptor|1
|-damage|p1a: Staraptor|25/100
|move|p1a: Staraptor|Close Combat|p2a: Metagross
|-damage|p2a: Metagross|62/100
|-boost|p1a: Staraptor|def|1
|-boost|p1a: Staraptor|spd|1
|move|p1b: Corviknight|Bulk Up|p1b: Corviknight
|-boost|p1b: Corviknight|atk|1
|-boost|p1b: Corviknight|def|1
|
|upkeep
|turn|4
|
|t:|1784078493
|switch|p2a: Archaludon|Archaludon, L50, M, shiny|100/100
|move|p1a: Staraptor|Protect|p1a: Staraptor
|-singleturn|p1a: Staraptor|Protect
|move|p2b: Sinistcha|Rage Powder|p2b: Sinistcha
|-singleturn|p2b: Sinistcha|move: Rage Powder
|move|p1b: Corviknight|Brave Bird|p2b: Sinistcha
|-supereffective|p2b: Sinistcha|1
|-damage|p2b: Sinistcha|27/100
|-enditem|p2b: Sinistcha|Sitrus Berry|[eat]
|-heal|p2b: Sinistcha|52/100|[from] item: Sitrus Berry
|-damage|p1b: Corviknight|75/100|[from] Recoil
|
|-heal|p1b: Corviknight|80/100|[from] item: Leftovers
|upkeep
|turn|5
|inactive|Chvyvyvyvyhuhyg has 30 seconds left.
|inactive|Chvyvyvyvyhuhyg has 20 seconds left.
|
|t:|1784078532
|move|p2b: Sinistcha|Rage Powder|p2b: Sinistcha
|-singleturn|p2b: Sinistcha|move: Rage Powder
|move|p1a: Staraptor|Brave Bird|p2b: Sinistcha
|-supereffective|p2b: Sinistcha|1
|-damage|p2b: Sinistcha|0 fnt
|faint|p2b: Sinistcha
|-damage|p1a: Staraptor|5/100|[from] Recoil
|move|p2a: Archaludon|Electro Shot||[still]
|-prepare|p2a: Archaludon|Electro Shot
|-boost|p2a: Archaludon|spa|1
|move|p1b: Corviknight|Body Press|p2a: Archaludon
|-supereffective|p2a: Archaludon|1
|-damage|p2a: Archaludon|66/100
|-ability|p2a: Archaludon|Stamina|boost
|-boost|p2a: Archaludon|def|1
|
|-heal|p2a: Archaludon|72/100|[from] item: Leftovers
|-heal|p1b: Corviknight|86/100|[from] item: Leftovers
|upkeep
|
|t:|1784078550
|switch|p2b: Metagross|Metagross-Mega, L50, shiny|62/100
|turn|6
|
|t:|1784078564
|move|p1a: Staraptor|Protect|p1a: Staraptor
|-singleturn|p1a: Staraptor|Protect
|move|p2b: Metagross|Psychic Fangs|p1a: Staraptor
|-activate|p1a: Staraptor|move: Protect
|move|p2a: Archaludon|Electro Shot|p1b: Corviknight|[from] lockedmove
|-supereffective|p1b: Corviknight|1
|-damage|p1b: Corviknight|0 fnt
|faint|p1b: Corviknight
|
|-heal|p2a: Archaludon|78/100|[from] item: Leftovers
|upkeep
|
|t:|1784078578
|switch|p1b: Tinkaton|Tinkaton, L50, F|100/100
|-ability|p1b: Tinkaton|Mold Breaker
|turn|7
|
|t:|1784078595
|move|p2b: Metagross|Iron Head|p1a: Staraptor
|-damage|p1a: Staraptor|0 fnt
|faint|p1a: Staraptor
|move|p1b: Tinkaton|Swords Dance|p1b: Tinkaton
|-boost|p1b: Tinkaton|atk|2
|move|p2a: Archaludon|Flash Cannon|p1b: Tinkaton
|-damage|p1b: Tinkaton|29/100
|
|-heal|p2a: Archaludon|85/100|[from] item: Leftovers
|upkeep
|turn|8
|
|t:|1784078612
|move|p2b: Metagross|Iron Head|p1b: Tinkaton
|-damage|p1b: Tinkaton|0 fnt
|faint|p1b: Tinkaton
|
|win|Verdas1128
