|j|☆gundnub
|j|☆audrith
|html|gundnubaudrith    
|uhtml|bestof|Game 1 of a best-of-3
|t:|1783374216
|gametype|doubles
|player|p1|gundnub|pokemonranger-gen4|
|player|p2|audrith|lady|
|gen|9
|tier|[Gen 9 Champions] VGC 2026 Reg M-B (Bo3)
|rule|Species Clause: Limit one of each Pokémon
|rule|Item Clause: Limit 1 of each item
|clearpoke
|poke|p1|Pidgeot, L50, M|
|poke|p1|Krookodile, L50, F|
|poke|p1|Floette-Eternal, L50, F|
|poke|p1|Toxicroak, L50, F|
|poke|p1|Chandelure, L50, F|
|poke|p1|Vaporeon, L50, F|
|poke|p2|Chandelure, L50, M|
|poke|p2|Orthworm, L50, F|
|poke|p2|Noivern, L50, F|
|poke|p2|Swampert, L50, F|
|poke|p2|Goodra-Hisui, L50, M|
|poke|p2|Floette-Eternal, L50, F|
|teampreview|4
|showteam|p1|Pidgeot||Pidgeotite|BigPecks|Protect,Hurricane,HeatWave,Tailwind|Timid||M|||50|]Krookodile||RoseliBerry|Intimidate|IronHead,HighHorsepower,LashOut,Earthquake|Adamant||F|||50|]Floette-Eternal||LifeOrb|FlowerVeil|Protect,Moonblast,DazzlingGleam,LightofRuin|Modest||F|||50|]Toxicroak||FocusSash|DrySkin|Protect,PoisonJab,CloseCombat,FakeOut|Jolly||F|||50|]Chandelure||Chandelurite|FlashFire|HeatWave,ShadowBall,EnergyBall,TrickRoom|Modest||F|||50|]Vaporeon||Leftovers|WaterAbsorb|Protect,MuddyWater,ShadowBall,CalmMind|Modest||F|||50|
|showteam|p2|Chandelure||Chandelurite|FlashFire|HeatWave,ShadowBall,TrickRoom,Protect|Serious||M|||50|]Orthworm||Leftovers|EarthEater|Protect,ShedTail,IronDefense,BodyPress|Careful||F|||50|]Noivern||WhiteHerb|Frisk|Tailwind,Taunt,SunnyDay,DracoMeteor|Timid||F|||50|]Swampert||SitrusBerry|Torrent|Earthquake,WaveCrash,KnockOff,Protect|Adamant||F|||50|]Goodra-Hisui||LifeOrb|Gooey|MuddyWater,FlashCannon,DragonPulse,Protect|Modest||M|||50|]Floette-Eternal||ChoiceScarf|FlowerVeil|DazzlingGleam,LightofRuin,EnergyBall,Psychic|Modest||F|||50|
|inactive|Battle timer is ON: inactive players will automatically lose when time's up. (requested by gundnub)
|c|☆audrith|aight aight :3
|c|☆audrith|glhf
|c|☆gundnub|glhf
|inactive|gundnub has 60 seconds left.
|inactive|audrith has 60 seconds left.
|inactive|audrith has 30 seconds left.
|inactive|audrith has 20 seconds left.
|
|t:|1783374287
|teamsize|p1|4
|teamsize|p2|4
|start
|switch|p1a: Vaporeon|Vaporeon, L50, F|100/100
|switch|p1b: Toxicroak|Toxicroak, L50, F|100/100
|switch|p2a: Chandelure|Chandelure, L50, M|100/100
|switch|p2b: Floette|Floette-Eternal, L50, F|100/100
|turn|1
|inactive|audrith has 30 seconds left.
|inactive|audrith has 20 seconds left.
|inactive|audrith has 15 seconds left.
|inactive|audrith has 10 seconds left.
|
|t:|1783374336
|switch|p2a: Goodra|Goodra-Hisui, L50, M|100/100
|move|p1b: Toxicroak|Fake Out|p2b: Floette
|-damage|p2b: Floette|80/100
|cant|p2b: Floette|flinch
|move|p1a: Vaporeon|Calm Mind|p1a: Vaporeon
|-boost|p1a: Vaporeon|spa|1
|-boost|p1a: Vaporeon|spd|1
|
|upkeep
|turn|2
|
|t:|1783374360
|move|p2b: Floette|Dazzling Gleam|p1a: Vaporeon|[spread] p1a,p1b
|-damage|p1a: Vaporeon|80/100
|-damage|p1b: Toxicroak|45/100
|move|p1b: Toxicroak|Close Combat|p2a: Goodra
|-supereffective|p2a: Goodra|1
|-damage|p2a: Goodra|0 fnt
|-unboost|p1b: Toxicroak|def|1
|-unboost|p1b: Toxicroak|spd|1
|-ability|p2a: Goodra|Gooey
|-unboost|p1b: Toxicroak|spe|1
|faint|p2a: Goodra
|move|p1a: Vaporeon|Calm Mind|p1a: Vaporeon
|-boost|p1a: Vaporeon|spa|1
|-boost|p1a: Vaporeon|spd|1
|
|-heal|p1a: Vaporeon|87/100|[from] item: Leftovers
|upkeep
|c|☆audrith|woah no switch
|c|☆audrith|i overthought
|inactive|audrith has 30 seconds left.
|
|t:|1783374391
|switch|p2a: Orthworm|Orthworm, L50, F|100/100
|turn|3
|inactive|gundnub has 30 seconds left.
|
|t:|1783374424
|switch|p1b: Krookodile|Krookodile, L50, F|100/100
|-ability|p1b: Krookodile|Intimidate|boost
|-unboost|p2a: Orthworm|atk|1
|-unboost|p2b: Floette|atk|1
|move|p2a: Orthworm|Protect|p2a: Orthworm
|-singleturn|p2a: Orthworm|Protect
|move|p2b: Floette|Dazzling Gleam|p1a: Vaporeon|[spread] p1a,p1b
|-supereffective|p1b: Krookodile|1
|-enditem|p1b: Krookodile|Roseli Berry|[eat]
|-enditem|p1b: Krookodile|Roseli Berry|[weaken]
|-damage|p1a: Vaporeon|73/100
|-damage|p1b: Krookodile|62/100
|move|p1a: Vaporeon|Muddy Water|p2a: Orthworm|[spread] 
|-activate|p2a: Orthworm|move: Protect
|-miss|p1a: Vaporeon|p2b: Floette
|
|-heal|p1a: Vaporeon|80/100|[from] item: Leftovers
|upkeep
|turn|4
|
|t:|1783374443
|move|p2b: Floette|Dazzling Gleam|p1b: Krookodile|[spread] p1a,p1b
|-supereffective|p1b: Krookodile|1
|-damage|p1a: Vaporeon|64/100
|-damage|p1b: Krookodile|0 fnt
|faint|p1b: Krookodile
|move|p1a: Vaporeon|Muddy Water|p2a: Orthworm|[spread] p2a,p2b
|-damage|p2a: Orthworm|10/100
|-damage|p2b: Floette|26/100
|-unboost|p2b: Floette|accuracy|1
|move|p2a: Orthworm|Iron Defense|p2a: Orthworm
|-boost|p2a: Orthworm|def|2
|
|-heal|p1a: Vaporeon|71/100|[from] item: Leftovers
|-heal|p2a: Orthworm|16/100|[from] item: Leftovers
|upkeep
|
|t:|1783374453
|switch|p1b: Pidgeot|Pidgeot, L50, M|100/100
|turn|5
|c|☆audrith|damn i think im cooekd
|inactive|audrith has 30 seconds left.
|
|t:|1783374483
|detailschange|p1b: Pidgeot|Pidgeot-Mega, L50, M
|-mega|p1b: Pidgeot|Pidgeot|Pidgeotite
|move|p2b: Floette|Dazzling Gleam|p1b: Pidgeot|[spread] p1a,p1b
|-damage|p1a: Vaporeon|57/100
|-damage|p1b: Pidgeot|62/100
|move|p1b: Pidgeot|Heat Wave|p2b: Floette|[spread] p2a,p2b
|-supereffective|p2a: Orthworm|1
|-damage|p2a: Orthworm|0 fnt
|-damage|p2b: Floette|5/100
|faint|p2a: Orthworm
|move|p1a: Vaporeon|Shadow Ball|p2b: Floette
|-damage|p2b: Floette|0 fnt
|faint|p2b: Floette
|
|-heal|p1a: Vaporeon|63/100|[from] item: Leftovers
|upkeep
|c|☆gundnub|vaporeon kinda goaed
|
|t:|1783374496
|switch|p2b: Chandelure|Chandelure, L50, M|100/100
|turn|6
|c|☆gundnub|goated*
|
|t:|1783374510
|detailschange|p2b: Chandelure|Chandelure-Mega, L50, M
|-mega|p2b: Chandelure|Chandelure|Chandelurite
|move|p1b: Pidgeot|Hurricane|p2b: Chandelure
|-damage|p2b: Chandelure|53/100
|-start|p2b: Chandelure|confusion
|-activate|p2b: Chandelure|confusion
|move|p2b: Chandelure|Shadow Ball|p1a: Vaporeon
|-damage|p1a: Vaporeon|40/100
|move|p1a: Vaporeon|Shadow Ball|p2b: Chandelure
|-supereffective|p2b: Chandelure|1
|-damage|p2b: Chandelure|0 fnt
|faint|p2b: Chandelure
|
|win|gundnub
