|j|â˜†Morrocan AXL BLAZE
|j|â˜†PikaTROD
|html|Morrocan AXL BLAZEPikaTROD    
|uhtml|bestof|Game 1 of a best-of-3
|t:|1757102950
|gametype|doubles
|player|p1|Morrocan AXL BLAZE|benga|1313
|player|p2|PikaTROD|1|1402
|gen|9
|tier|[Gen 9] VGC 2025 Reg H (Bo3)
|rated|
|rule|Species Clause: Limit one of each PokÃ©mon
|rule|Item Clause: Limit 1 of each item
|clearpoke
|poke|p1|Tyranitar, L50, M|
|poke|p1|Excadrill, L50, M|
|poke|p1|Kommo-o, L50, M|
|poke|p1|Amoonguss, L50, M|
|poke|p1|Incineroar, L50, F|
|poke|p1|Hydreigon, L50, M|
|poke|p2|Kingambit, L50, F|
|poke|p2|Primarina, L50, M|
|poke|p2|Sneasler, L50, M|
|poke|p2|Magmar, L50, F|
|poke|p2|Rillaboom, L50, M|
|poke|p2|Dragapult, L50, M|
|teampreview|4
|showteam|p1|Tyranitar||AssaultVest|SandStream|KnockOff,RockSlide,LowKick,TeraBlast|||M|||50|,,,,,Flying]Excadrill||FocusSash|SandRush|Earthquake,HighHorsepower,IronHead,Protect|||M|||50|,,,,,Stellar]Kommo-o||ThroatSpray|Overcoat|ClangingScales,AuraSphere,ClangorousSoul,Protect|||M|||50|,,,,,Steel]Amoonguss||SitrusBerry|Regenerator|PollenPuff,Spore,RagePowder,Protect|||M|||50|,,,,,Water]Incineroar||SafetyGoggles|Intimidate|FlareBlitz,KnockOff,PartingShot,FakeOut|||F|||50|,,,,,Ghost]Hydreigon||ChoiceSpecs|Levitate|HeatWave,Snarl,DracoMeteor,DarkPulse|||M|||50|,,,,,Ghost
|showteam|p2|Kingambit||BlackGlasses|Defiant|KowtowCleave,SuckerPunch,SwordsDance,Protect|||F|||50|,,,,,Dark]Primarina||SitrusBerry|LiquidVoice|HyperVoice,Moonblast,Haze,Protect|||M|||50|,,,,,Water]Sneasler||FocusSash|Unburden|CloseCombat,DireClaw,FakeOut,Protect|||M|||50|,,,,,Stellar]Magmar||Eviolite|VitalSpirit|Overheat,WillOWisp,FollowMe,Protect|||F|||50|,,,,,Ghost]Rillaboom||AssaultVest|GrassySurge|WoodHammer,GrassyGlide,HighHorsepower,FakeOut|||M|||50|,,,,,Fire]Dragapult||ChoiceBand|ClearBody|DragonDarts,PhantomForce,Outrage,Uturn|||M|||50|,,,,,Dragon
|
|t:|1757103021
|teamsize|p1|4
|teamsize|p2|4
|start
|switch|p1a: Kommo-o|Kommo-o, L50, M|100/100
|switch|p1b: Amoonguss|Amoonguss, L50, M|100/100
|switch|p2a: Rillaboom|Rillaboom, L50, M|100/100
|switch|p2b: Dragapult|Dragapult, L50, M|100/100
|-fieldstart|move: Grassy Terrain|[from] ability: Grassy Surge|[of] p2a: Rillaboom
|turn|1
|
|t:|1757103067
|move|p1a: Kommo-o|Protect|p1a: Kommo-o
|-singleturn|p1a: Kommo-o|Protect
|move|p1b: Amoonguss|Protect|p1b: Amoonguss
|-singleturn|p1b: Amoonguss|Protect
|move|p2a: Rillaboom|Fake Out|p1a: Kommo-o
|-activate|p1a: Kommo-o|move: Protect
|move|p2b: Dragapult|U-turn|p1b: Amoonguss
|-activate|p1b: Amoonguss|move: Protect
|
|upkeep
|turn|2
|
|t:|1757103084
|switch|p2a: Primarina|Primarina, L50, M|100/100
|move|p1b: Amoonguss|Rage Powder|p1b: Amoonguss
|-singleturn|p1b: Amoonguss|move: Rage Powder
|move|p2b: Dragapult|U-turn|p1b: Amoonguss
|-damage|p1b: Amoonguss|70/100
|
|t:|1757103090
|switch|p2b: Magmar|Magmar, L50, F|100/100|[from] U-turn
|move|p1a: Kommo-o|Clangorous Soul|p1a: Kommo-o
|-boost|p1a: Kommo-o|atk|1
|-boost|p1a: Kommo-o|def|1
|-boost|p1a: Kommo-o|spa|1
|-boost|p1a: Kommo-o|spd|1
|-boost|p1a: Kommo-o|spe|1
|-damage|p1a: Kommo-o|68/100
|-enditem|p1a: Kommo-o|Throat Spray
|-boost|p1a: Kommo-o|spa|1|[from] item: Throat Spray
|
|-heal|p1a: Kommo-o|73/100|[from] Grassy Terrain
|-heal|p1b: Amoonguss|76/100|[from] Grassy Terrain
|upkeep
|turn|3
|
|t:|1757103118
|move|p1a: Kommo-o|Clanging Scales|p2a: Primarina|[spread] p2b
|-immune|p2a: Primarina
|-damage|p2b: Magmar|44/100
|-unboost|p1a: Kommo-o|def|1
|move|p2b: Magmar|Overheat|p1b: Amoonguss
|-supereffective|p1b: Amoonguss
|-crit|p1b: Amoonguss
|-damage|p1b: Amoonguss|0 fnt
|-unboost|p2b: Magmar|spa|2
|faint|p1b: Amoonguss
|move|p2a: Primarina|Haze|p2a: Primarina
|-clearallboost
|
|-heal|p1a: Kommo-o|79/100|[from] Grassy Terrain
|-heal|p2b: Magmar|50/100|[from] Grassy Terrain
|upkeep
|
|t:|1757103138
|switch|p1b: Tyranitar|Tyranitar, L50, M|100/100
|-weather|Sandstorm|[from] ability: Sand Stream|[of] p1b: Tyranitar
|turn|4
|c|â˜†Morrocan AXL BLAZE|WHY
|
|t:|1757103194
|move|p1a: Kommo-o|Aura Sphere|p2a: Primarina
|-resisted|p2a: Primarina
|-damage|p2a: Primarina|85/100
|move|p2b: Magmar|Will-O-Wisp|p1b: Tyranitar
|-status|p1b: Tyranitar|brn
|move|p1b: Tyranitar|Rock Slide|p2b: Magmar|[spread] p2a,p2b
|-supereffective|p2b: Magmar
|-damage|p2a: Primarina|67/100
|-damage|p2b: Magmar|22/100
|cant|p2a: Primarina|flinch
|
|-weather|Sandstorm|[upkeep]
|-damage|p2b: Magmar|16/100|[from] Sandstorm
|-damage|p2a: Primarina|61/100|[from] Sandstorm
|-heal|p1a: Kommo-o|85/100|[from] Grassy Terrain
|-heal|p2b: Magmar|22/100|[from] Grassy Terrain
|-heal|p2a: Primarina|67/100|[from] Grassy Terrain
|-damage|p1b: Tyranitar|95/100 brn|[from] brn
|upkeep
|turn|5
|-message|Morrocan AXL BLAZE forfeited.
|
|win|PikaTROD
||Morrocan AXL BLAZE is ready for game 2.
||PikaTROD is ready for game 2.
|uhtml|next|Next: Game 2 of 3
|l|â˜†Morrocan AXL BLAZE
|player|p1|
