|j|☆mimikyutie778
|j|☆WASHINGTONGARGACHA
|html|mimikyutie778WASHINGTONGARGACHA    
|uhtml|bestof|Game 2 of a best-of-3
|t:|1757808325
|gametype|doubles
|player|p1|mimikyutie778|miku-ground|1000
|player|p2|WASHINGTONGARGACHA|101|1107
|gen|9
|tier|[Gen 9] VGC 2025 Reg H (Bo3)
|rated|
|rule|Species Clause: Limit one of each Pokémon
|rule|Item Clause: Limit 1 of each item
|clearpoke
|poke|p1|Archaludon, L50, F|
|poke|p1|Ursaluna, L50, M|
|poke|p1|Pelipper, L50, F|
|poke|p1|Basculegion, L50, M|
|poke|p1|Maushold-Four, L50|
|poke|p1|Sinistcha, L50|
|poke|p2|Typhlosion-Hisui, L50, F|
|poke|p2|Whimsicott, L50, F|
|poke|p2|Dragapult, L50, M|
|poke|p2|Torkoal, L50, F|
|poke|p2|Lilligant-Hisui, L50, F|
|poke|p2|Electabuzz, L50, M|
|teampreview|4
|showteam|p1|Archaludon||AssaultVest|Stamina|ElectroShot,DragonPulse,Snarl,BodyPress|||F|||50|,,,,,Bug]Ursaluna||FlameOrb|Guts|HeadlongRush,Facade,Protect,Earthquake|||M|||50|,,,,,Ghost]Pelipper||FocusSash|Drizzle|Tailwind,WideGuard,Hurricane,WeatherBall|||F|||50|,,,,,Ground]Basculegion||LifeOrb|SwiftSwim|FlipTurn,WaveCrash,LastRespects,Protect|||M|||50|,,,,,Ghost]Maushold-Four||WideLens|Technician|FollowMe,PopulationBomb,Protect,Encore||||||50|,,,,,Ghost]Sinistcha||SitrusBerry|Hospitality|MatchaGotcha,LifeDew,Protect,TrickRoom||||||50|,,,,,Dark
|showteam|p2|Typhlosion-Hisui||ChoiceSpecs|Blaze|HeatWave,Eruption,ShadowBall,FocusPunch|||F|||50|,,,,,Fire]Whimsicott||CovertCloak|Prankster|Tailwind,Moonblast,SunnyDay,Encore|||F|||50|,,,,,Water]Dragapult||ChoiceBand|ClearBody|Uturn,SuckerPunch,DragonDarts,PhantomForce|||M|||50|,,,,,Dragon]Torkoal||LifeOrb|Drought|HeatWave,Eruption,Protect,WeatherBall|||F|||50|,,,,,Fire]Lilligant-Hisui||FocusSash|Chlorophyll|CloseCombat,SleepPowder,AfterYou,LeafBlade|||F|||50|,,,,,Ghost]Electabuzz||Eviolite|VitalSpirit|FollowMe,Taunt,Electroweb,Protect|||M|||50|,,,,,Grass
|inactive|Battle timer is ON: inactive players will automatically lose when time's up. (requested by WASHINGTONGARGACHA)
|inactive|mimikyutie778 has 60 seconds left.
|
|t:|1757808394
|teamsize|p1|4
|teamsize|p2|4
|start
|switch|p1a: Pelipper|Pelipper, L50, F|100/100
|switch|p1b: Sinistcha|Sinistcha, L50|100/100
|switch|p2a: Typhlosion|Typhlosion-Hisui, L50, F|100/100
|switch|p2b: Dragapult|Dragapult, L50, M|100/100
|-weather|RainDance|[from] ability: Drizzle|[of] p1a: Pelipper
|turn|1
|
|t:|1757808415
|move|p1a: Pelipper|Wide Guard|p1a: Pelipper
|-singleturn|p1a: Pelipper|Wide Guard
|move|p2b: Dragapult|U-turn|p1a: Pelipper
|-resisted|p1a: Pelipper
|-damage|p1a: Pelipper|79/100
|
|t:|1757808419
|switch|p2b: Torkoal|Torkoal, L50, F|100/100|[from] U-turn
|-weather|SunnyDay|[from] ability: Drought|[of] p2b: Torkoal
|move|p2a: Typhlosion|Heat Wave|p1b: Sinistcha|[spread] 
|-activate|p1a: Pelipper|move: Wide Guard
|-activate|p1b: Sinistcha|move: Wide Guard
|move|p1b: Sinistcha|Trick Room|p1b: Sinistcha
|-fieldstart|move: Trick Room|[of] p1b: Sinistcha
|
|-weather|SunnyDay|[upkeep]
|upkeep
|turn|2
|inactive|mimikyutie778 has 30 seconds left.
|inactive|mimikyutie778 has 20 seconds left.
|inactive|mimikyutie778 has 15 seconds left.
|
|t:|1757808460
|switch|p1b: Basculegion|Basculegion, L50, M|100/100
|move|p1a: Pelipper|Wide Guard|p1a: Pelipper
|-singleturn|p1a: Pelipper|Wide Guard
|move|p2b: Torkoal|Eruption|p1a: Pelipper|[spread] 
|-activate|p1a: Pelipper|move: Wide Guard
|-activate|p1b: Basculegion|move: Wide Guard
|move|p2a: Typhlosion|Heat Wave|p1b: Basculegion|[spread] 
|-activate|p1a: Pelipper|move: Wide Guard
|-activate|p1b: Basculegion|move: Wide Guard
|
|-weather|SunnyDay|[upkeep]
|upkeep
|turn|3
|inactive|mimikyutie778 has 30 seconds left.
|inactive|mimikyutie778 has 20 seconds left.
|inactive|mimikyutie778 has 15 seconds left.
|inactive|mimikyutie778 has 10 seconds left.
|
|t:|1757808506
|move|p1a: Pelipper|Wide Guard|p1a: Pelipper
|-singleturn|p1a: Pelipper|Wide Guard
|move|p2b: Torkoal|Weather Ball|p1a: Pelipper
|-resisted|p1a: Pelipper
|-damage|p1a: Pelipper|5/100
|-damage|p2b: Torkoal|91/100|[from] item: Life Orb
|move|p1b: Basculegion|Flip Turn|p2a: Typhlosion
|-supereffective|p2a: Typhlosion
|-damage|p2a: Typhlosion|36/100
|-damage|p1b: Basculegion|91/100|[from] item: Life Orb
|
|t:|1757808516
|switch|p1b: Ursaluna|Ursaluna, L50, M|100/100|[from] Flip Turn
|move|p2a: Typhlosion|Heat Wave|p1b: Ursaluna|[spread] 
|-activate|p1a: Pelipper|move: Wide Guard
|-activate|p1b: Ursaluna|move: Wide Guard
|
|-weather|SunnyDay|[upkeep]
|-status|p1b: Ursaluna|brn|[from] item: Flame Orb
|upkeep
|turn|4
|inactive|WASHINGTONGARGACHA has 30 seconds left.
|
|t:|1757808542
|-terastallize|p2b: Torkoal|Fire
|move|p1a: Pelipper|Wide Guard|p1a: Pelipper
|-singleturn|p1a: Pelipper|Wide Guard
|move|p2b: Torkoal|Weather Ball|p1b: Ursaluna
|-damage|p1b: Ursaluna|0 fnt
|faint|p1b: Ursaluna
|-damage|p2b: Torkoal|81/100|[from] item: Life Orb
|move|p2a: Typhlosion|Heat Wave|p1a: Pelipper
|-activate|p1a: Pelipper|move: Wide Guard
|
|-weather|SunnyDay|[upkeep]
|upkeep
|
|t:|1757808554
|switch|p1b: Basculegion|Basculegion, L50, M|91/100
|turn|5
|
|t:|1757808565
|switch|p1a: Sinistcha|Sinistcha, L50|100/100
|-heal|p1b: Basculegion|100/100|[from] ability: Hospitality|[of] p1a: Sinistcha
|move|p1b: Basculegion|Protect|p1b: Basculegion
|-singleturn|p1b: Basculegion|Protect
|move|p2b: Torkoal|Weather Ball|p1a: Sinistcha
|-supereffective|p1a: Sinistcha
|-damage|p1a: Sinistcha|0 fnt
|faint|p1a: Sinistcha
|-damage|p2b: Torkoal|72/100|[from] item: Life Orb
|move|p2a: Typhlosion|Heat Wave|p1b: Basculegion
|-activate|p1b: Basculegion|move: Protect
|
|-weather|none
|-fieldend|move: Trick Room
|upkeep
|
|t:|1757808579
|switch|p1a: Pelipper|Pelipper, L50, F|5/100
|-weather|RainDance|[from] ability: Drizzle|[of] p1a: Pelipper
|turn|6
|inactive|mimikyutie778 has 30 seconds left.
|
|t:|1757808606
|switch|p2b: Dragapult|Dragapult, L50, M|100/100
|move|p1b: Basculegion|Last Respects|p2a: Typhlosion
|-supereffective|p2a: Typhlosion
|-damage|p2a: Typhlosion|0 fnt
|faint|p2a: Typhlosion
|-damage|p1b: Basculegion|91/100|[from] item: Life Orb
|move|p1a: Pelipper|Tailwind|p1a: Pelipper
|-sidestart|p1: mimikyutie778|move: Tailwind
|
|-weather|RainDance|[upkeep]
|upkeep
|
|t:|1757808616
|switch|p2a: Torkoal|Torkoal, L50, F, tera:Fire|72/100
|-weather|SunnyDay|[from] ability: Drought|[of] p2a: Torkoal
|turn|7
|
|t:|1757808639
|move|p1b: Basculegion|Protect|p1b: Basculegion
|-singleturn|p1b: Basculegion|Protect
|move|p1a: Pelipper|Wide Guard|p1a: Pelipper
|-singleturn|p1a: Pelipper|Wide Guard
|move|p2b: Dragapult|Phantom Force||[still]
|-prepare|p2b: Dragapult|Phantom Force
|move|p2a: Torkoal|Weather Ball|p1a: Pelipper
|-resisted|p1a: Pelipper
|-damage|p1a: Pelipper|0 fnt
|faint|p1a: Pelipper
|-damage|p2a: Torkoal|62/100|[from] item: Life Orb
|
|-weather|SunnyDay|[upkeep]
|upkeep
|turn|8
|
|t:|1757808654
|-terastallize|p1b: Basculegion|Ghost
|move|p1b: Basculegion|Last Respects|p2a: Torkoal
|-damage|p2a: Torkoal|0 fnt
|faint|p2a: Torkoal
|-damage|p1b: Basculegion|81/100|[from] item: Life Orb
|move|p2b: Dragapult|Phantom Force|p1b: Basculegion|[from] lockedmove
|-supereffective|p1b: Basculegion
|-damage|p1b: Basculegion|0 fnt
|faint|p1b: Basculegion
|
|win|WASHINGTONGARGACHA
|raw|mimikyutie778's rating: 1000 → 1000(+0 for losing)
|raw|WASHINGTONGARGACHA's rating: 1107 → 1125(+18 for winning)
