|j|☆zaher birgir
|j|☆RosieAndJim
|html|zaher birgirRosieAndJim    
|uhtml|bestof|Game 2 of a best-of-3
|t:|1756670836
|gametype|doubles
|player|p1|zaher birgir|wallace|1142
|player|p2|RosieAndJim|169|1117
|gen|9
|tier|[Gen 9] VGC 2025 Reg H (Bo3)
|rated|
|rule|Species Clause: Limit one of each Pokémon
|rule|Item Clause: Limit 1 of each item
|clearpoke
|poke|p1|Politoed, L50, F|
|poke|p1|Gothitelle, L50, M|
|poke|p1|Incineroar, L50, F|
|poke|p1|Kingdra, L50, M|
|poke|p1|Sinistcha, L50|
|poke|p1|Dragonite, L50, M|
|poke|p2|Archaludon, L50, F|
|poke|p2|Garchomp, L50, M|
|poke|p2|Incineroar, L50, F|
|poke|p2|Pelipper, L50, F|
|poke|p2|Talonflame, L50, F|
|poke|p2|Hydreigon, L50, F|
|teampreview|4
|showteam|p1|Politoed||SitrusBerry|Drizzle|PerishSong,WeatherBall,Protect,Encore|||F|||50|,,,,,Grass]Gothitelle||AguavBerry|ShadowTag|FakeOut,Protect,Psychic,Taunt|||M|||50|,,,,,Water]Incineroar||SafetyGoggles|Intimidate|FakeOut,PartingShot,Protect,KnockOff|||F|||50|,,,,,Bug]Kingdra||FocusSash|SwiftSwim|Protect,Scald,DracoMeteor,MuddyWater|||M|||50|,,,,,Water]Sinistcha||RockyHelmet|Hospitality|RagePowder,MatchaGotcha,Protect,LifeDew||||||50|,,,,,Grass]Dragonite||LoadedDice|Multiscale|Tailwind,Protect,ScaleShot,Haze|||M|||50|,,,,,Fairy
|showteam|p2|Archaludon||AssaultVest|Stamina|ElectroShot,DragonPulse,BodyPress,Snarl|||F|||50|,,,,,Grass]Garchomp||LifeOrb|RoughSkin|Earthquake,DragonClaw,StompingTantrum,Protect|||M|||50|,,,,,Ground]Incineroar||SafetyGoggles|Intimidate|FlareBlitz,KnockOff,PartingShot,FakeOut|||F|||50|,,,,,Ghost]Pelipper||FocusSash|Drizzle|WeatherBall,Hurricane,Tailwind,Protect|||F|||50|,,,,,Stellar]Talonflame||CovertCloak|GaleWings|BraveBird,Tailwind,Taunt,RainDance|||F|||50|,,,,,Flying]Hydreigon||ChoiceScarf|Levitate|DracoMeteor,DarkPulse,HeatWave,Snarl|||F|||50|,,,,,Fire
|inactive|Battle timer is ON: inactive players will automatically lose when time's up. (requested by zaher birgir)
|inactive|zaher birgir has 60 seconds left.
|inactive|zaher birgir has 30 seconds left.
|
|t:|1756670905
|teamsize|p1|4
|teamsize|p2|4
|start
|switch|p1a: Dragonite|Dragonite, L50, M|100/100
|switch|p1b: Kingdra|Kingdra, L50, M|100/100
|switch|p2a: Hydreigon|Hydreigon, L50, F|100/100
|switch|p2b: Archaludon|Archaludon, L50, F|100/100
|turn|1
|inactive|RosieAndJim has 30 seconds left.
|inactive|RosieAndJim has 20 seconds left.
|
|t:|1756670940
|-terastallize|p1a: Dragonite|Fairy
|move|p2a: Hydreigon|Snarl|p1a: Dragonite|[spread] p1a,p1b
|-resisted|p1a: Dragonite
|-damage|p1a: Dragonite|95/100
|-damage|p1b: Kingdra|74/100
|-unboost|p1a: Dragonite|spa|1
|-unboost|p1b: Kingdra|spa|1
|move|p1b: Kingdra|Muddy Water|p2b: Archaludon|[spread] p2a,p2b
|-resisted|p2a: Hydreigon
|-resisted|p2b: Archaludon
|-damage|p2a: Hydreigon|89/100
|-damage|p2b: Archaludon|94/100
|-unboost|p2b: Archaludon|accuracy|1
|-ability|p2b: Archaludon|Stamina|boost
|-boost|p2b: Archaludon|def|1
|move|p1a: Dragonite|Scale Shot|p2a: Hydreigon
|-supereffective|p2a: Hydreigon
|-damage|p2a: Hydreigon|53/100
|-supereffective|p2a: Hydreigon
|-damage|p2a: Hydreigon|20/100
|-supereffective|p2a: Hydreigon
|-damage|p2a: Hydreigon|0 fnt
|faint|p2a: Hydreigon
|-hitcount|p2: Hydreigon|3
|-unboost|p1a: Dragonite|def|1
|-boost|p1a: Dragonite|spe|1
|move|p2b: Archaludon|Dragon Pulse|p1b: Kingdra|[miss]
|-miss|p2b: Archaludon|p1b: Kingdra
|
|upkeep
|inactive|RosieAndJim has 30 seconds left.
|
|t:|1756670968
|switch|p2a: Incineroar|Incineroar, L50, F|100/100
|-ability|p2a: Incineroar|Intimidate|boost
|-unboost|p1a: Dragonite|atk|1
|-unboost|p1b: Kingdra|atk|1
|turn|2
|
|t:|1756670984
|-terastallize|p2a: Incineroar|Ghost
|move|p1a: Dragonite|Protect|p1a: Dragonite
|-singleturn|p1a: Dragonite|Protect
|move|p1b: Kingdra|Protect|p1b: Kingdra
|-singleturn|p1b: Kingdra|Protect
|move|p2b: Archaludon|Dragon Pulse|p1b: Kingdra
|-activate|p1b: Kingdra|move: Protect
|move|p2a: Incineroar|Knock Off|p1a: Dragonite
|-activate|p1a: Dragonite|move: Protect
|
|upkeep
|turn|3
|
|t:|1756671004
|move|p1a: Dragonite|Scale Shot|p2a: Incineroar
|-damage|p2a: Incineroar|91/100
|-damage|p2a: Incineroar|82/100
|-damage|p2a: Incineroar|72/100
|-damage|p2a: Incineroar|63/100
|-hitcount|p2a: Incineroar|4
|-unboost|p1a: Dragonite|def|1
|-boost|p1a: Dragonite|spe|1
|move|p1b: Kingdra|Muddy Water|p2b: Archaludon|[spread] p2b
|-miss|p1b: Kingdra|p2a: Incineroar
|-resisted|p2b: Archaludon
|-damage|p2b: Archaludon|86/100
|-ability|p2b: Archaludon|Stamina|boost
|-boost|p2b: Archaludon|def|1
|move|p2b: Archaludon|Dragon Pulse|p1b: Kingdra|[miss]
|-miss|p2b: Archaludon|p1b: Kingdra
|move|p2a: Incineroar|Parting Shot|p1a: Dragonite
|-unboost|p1a: Dragonite|atk|1
|-unboost|p1a: Dragonite|spa|1
|
|t:|1756671021
|switch|p2a: Pelipper|Pelipper, L50, F|100/100|[from] Parting Shot
|-weather|RainDance|[from] ability: Drizzle|[of] p2a: Pelipper
|
|-weather|RainDance|[upkeep]
|upkeep
|turn|4
|
|t:|1756671037
|switch|p1a: Politoed|Politoed, L50, F|100/100
|move|p1b: Kingdra|Muddy Water|p2a: Pelipper|[spread] p2a,p2b
|-resisted|p2a: Pelipper
|-resisted|p2b: Archaludon
|-damage|p2a: Pelipper|73/100
|-damage|p2b: Archaludon|74/100
|-unboost|p2b: Archaludon|accuracy|1
|-ability|p2b: Archaludon|Stamina|boost
|-boost|p2b: Archaludon|def|1
|move|p2b: Archaludon|Dragon Pulse|p1b: Kingdra
|-supereffective|p1b: Kingdra
|-damage|p1b: Kingdra|0 fnt
|faint|p1b: Kingdra
|move|p2a: Pelipper|Tailwind|p2a: Pelipper
|-sidestart|p2: RosieAndJim|move: Tailwind
|
|-weather|RainDance|[upkeep]
|upkeep
|
|t:|1756671050
|switch|p1b: Gothitelle|Gothitelle, L50, M|100/100
|turn|5
|
|t:|1756671064
|move|p1b: Gothitelle|Fake Out|p2a: Pelipper
|-damage|p2a: Pelipper|66/100
|move|p2b: Archaludon|Electro Shot||[still]
|-prepare|p2b: Archaludon|Electro Shot
|-boost|p2b: Archaludon|spa|1
|-anim|p2b: Archaludon|Electro Shot|p1b: Gothitelle|[miss]
|-miss|p2b: Archaludon|p1b: Gothitelle
|cant|p2a: Pelipper|flinch
|move|p1a: Politoed|Perish Song|p1a: Politoed
|-start|p1a: Politoed|perish3|[silent]
|-start|p1b: Gothitelle|perish3|[silent]
|-start|p2a: Pelipper|perish3|[silent]
|-start|p2b: Archaludon|perish3|[silent]
|-fieldactivate|move: Perish Song
|
|-weather|RainDance|[upkeep]
|-start|p2b: Archaludon|perish3
|-start|p2a: Pelipper|perish3
|-start|p1a: Politoed|perish3
|-start|p1b: Gothitelle|perish3
|upkeep
|turn|6
|inactive|zaher birgir has 30 seconds left.
|inactive|RosieAndJim has 30 seconds left.
|
|t:|1756671098
|move|p2b: Archaludon|Electro Shot||[still]
|-prepare|p2b: Archaludon|Electro Shot
|-boost|p2b: Archaludon|spa|1
|-anim|p2b: Archaludon|Electro Shot|p1a: Politoed
|-supereffective|p1a: Politoed
|-damage|p1a: Politoed|0 fnt
|faint|p1a: Politoed
|move|p2a: Pelipper|Hurricane|p1b: Gothitelle
|-damage|p1b: Gothitelle|59/100
|move|p1b: Gothitelle|Psychic|p2a: Pelipper
|-damage|p2a: Pelipper|14/100
|
|-weather|RainDance|[upkeep]
|-start|p2b: Archaludon|perish2
|-start|p2a: Pelipper|perish2
|-start|p1b: Gothitelle|perish2
|upkeep
|
|t:|1756671104
|switch|p1a: Dragonite|Dragonite, L50, M, tera:Fairy|95/100
|turn|7
|
|t:|1756671120
|move|p1b: Gothitelle|Protect|p1b: Gothitelle
|-singleturn|p1b: Gothitelle|Protect
|move|p2b: Archaludon|Electro Shot||[still]
|-prepare|p2b: Archaludon|Electro Shot
|-boost|p2b: Archaludon|spa|1
|-anim|p2b: Archaludon|Electro Shot|p1b: Gothitelle
|-activate|p1b: Gothitelle|move: Protect
|move|p2a: Pelipper|Hurricane|p1a: Dragonite
|-crit|p1a: Dragonite
|-damage|p1a: Dragonite|7/100
|move|p1a: Dragonite|Tailwind|p1a: Dragonite
|-sidestart|p1: zaher birgir|move: Tailwind
|
|-weather|none
|-start|p2b: Archaludon|perish1
|-start|p2a: Pelipper|perish1
|-start|p1b: Gothitelle|perish1
|-sideend|p2: RosieAndJim|move: Tailwind
|upkeep
|turn|8
|
|t:|1756671140
|move|p1b: Gothitelle|Protect||[still]
|-fail|p1b: Gothitelle
|move|p1a: Dragonite|Scale Shot|p2a: Pelipper
|-damage|p2a: Pelipper|0 fnt
|faint|p2a: Pelipper
|-hitcount|p2: Pelipper|1
|-unboost|p1a: Dragonite|def|1
|-boost|p1a: Dragonite|spe|1
|move|p2b: Archaludon|Electro Shot||[still]
|-prepare|p2b: Archaludon|Electro Shot
|-boost|p2b: Archaludon|spa|1
|
|-start|p1b: Gothitelle|perish0
|-start|p2b: Archaludon|perish0
|faint|p1b: Gothitelle
|faint|p2b: Archaludon
|upkeep
|
|t:|1756671154
|switch|p2a: Incineroar|Incineroar, L50, F, tera:Ghost|63/100
|-ability|p2a: Incineroar|Intimidate|boost
|-unboost|p1a: Dragonite|atk|1
|turn|9
|j| boredinperpetuity
|
|t:|1756671161
|move|p1a: Dragonite|Protect|p1a: Dragonite
|-singleturn|p1a: Dragonite|Protect
|move|p2a: Incineroar|Fake Out|p1a: Dragonite
|-activate|p1a: Dragonite|move: Protect
|
|upkeep
|turn|10
|
|t:|1756671169
|move|p1a: Dragonite|Scale Shot|p2a: Incineroar
|-damage|p2a: Incineroar|53/100
|-damage|p2a: Incineroar|44/100
|-damage|p2a: Incineroar|35/100
|-damage|p2a: Incineroar|25/100
|-hitcount|p2a: Incineroar|4
|-unboost|p1a: Dragonite|def|1
|-boost|p1a: Dragonite|spe|1
|move|p2a: Incineroar|Flare Blitz|p1a: Dragonite
|-damage|p1a: Dragonite|0 fnt
|faint|p1a: Dragonite
|-damage|p2a: Incineroar|23/100|[from] Recoil
|
|win|RosieAndJim
|raw|zaher birgir's rating: 1142 → 1115(-27 for losing)
|raw|RosieAndJim's rating: 1117 → 1144(+27 for winning)
