|j|☆cavalloscosso
|j|☆theson1909
|html|cavalloscossotheson1909    
|uhtml|bestof|Game 3 of a best-of-3
|t:|1784121187
|gametype|doubles
|player|p1|cavalloscosso|102|1088
|player|p2|theson1909|101|1157
|gen|9
|tier|[Gen 9 Champions] VGC 2026 Reg M-B (Bo3)
|rated|
|rule|Species Clause: Limit one of each Pokémon
|rule|Item Clause: Limit 1 of each item
|clearpoke
|poke|p1|Charizard, L50, M|
|poke|p1|Sinistcha, L50|
|poke|p1|Raichu, L50, M|
|poke|p1|Azumarill, L50, M|
|poke|p1|Garchomp, L50, M|
|poke|p1|Kangaskhan, L50, F|
|poke|p2|Gengar, L50, F|
|poke|p2|Archaludon, L50, M|
|poke|p2|Politoed, L50, M|
|poke|p2|Swampert, L50, F|
|poke|p2|Vivillon, L50, F|
|poke|p2|Incineroar, L50, F|
|teampreview|4
|showteam|p1|Charizard||CharizarditeY|Blaze|HeatWave,Protect,WeatherBall,SolarBeam|Modest||M|||50|]Sinistcha||KasibBerry|Hospitality|TrickRoom,RagePowder,MatchaGotcha,ShadowBall|Bold|||||50|]Raichu||RaichuniteY|LightningRod|FakeOut,FocusBlast,VoltSwitch,ZapCannon|Timid||M|||50|]Azumarill||SitrusBerry|HugePower|AquaJet,BellyDrum,Protect,PlayRough|Adamant||M|||50|]Garchomp||ChoiceScarf|RoughSkin|Earthquake,RockSlide,DragonClaw,PoisonJab|Adamant||M|||50|]Kangaskhan||Kangaskhanite|Scrappy|FakeOut,DoubleEdge,SuckerPunch,LowKick|Adamant||F|||50|
|showteam|p2|Gengar||Gengarite|CursedBody|ShadowBall,SludgeBomb,PerishSong,Protect|Modest||F|||50|]Archaludon||Leftovers|Stamina|ElectroShot,DragonPulse,FlashCannon,Protect|Bold||M|||50|]Politoed||SitrusBerry|Drizzle|WeatherBall,Hypnosis,PerishSong,Protect|Calm||M|||50|]Swampert||Swampertite|Torrent|WaveCrash,Earthquake,IcePunch,Protect|Adamant||F|||50|]Vivillon||FocusSash|CompoundEyes|PollenPuff,SleepPowder,RagePowder,Protect|Timid||F|||50|]Incineroar||PasshoBerry|Intimidate|ThroatChop,FakeOut,PartingShot,Protect|Impish||F|||50|
|inactive|Battle timer is ON: inactive players will automatically lose when time's up. (requested by theson1909)
|inactive|theson1909 has 60 seconds left.
|
|t:|1784121221
|teamsize|p1|4
|teamsize|p2|4
|start
|switch|p1a: Kangaskhan|Kangaskhan, L50, F|100/100
|switch|p1b: Azumarill|Azumarill, L50, M|100/100
|switch|p2a: Gengar|Gengar, L50, F|100/100
|switch|p2b: Incineroar|Incineroar, L50, F|100/100
|-ability|p2b: Incineroar|Intimidate|boost
|-fail|p1a: Kangaskhan|unboost|Attack|[from] ability: Scrappy|[of] p1a: Kangaskhan
|-unboost|p1b: Azumarill|atk|1
|turn|1
|
|t:|1784121232
|switch|p2a: Archaludon|Archaludon, L50, M|100/100
|move|p1a: Kangaskhan|Fake Out|p2a: Archaludon
|-resisted|p2a: Archaludon|1
|-damage|p2a: Archaludon|93/100
|-ability|p2a: Archaludon|Stamina|boost
|-boost|p2a: Archaludon|def|1
|move|p2b: Incineroar|Fake Out|p1b: Azumarill
|-damage|p1b: Azumarill|88/100
|cant|p1b: Azumarill|flinch
|
|-heal|p2a: Archaludon|100/100|[from] item: Leftovers
|upkeep
|turn|2
|
|t:|1784121256
|detailschange|p1a: Kangaskhan|Kangaskhan-Mega, L50, F
|-mega|p1a: Kangaskhan|Kangaskhan|Kangaskhanite
|move|p2a: Archaludon|Protect|p2a: Archaludon
|-singleturn|p2a: Archaludon|Protect
|move|p1b: Azumarill|Protect|p1b: Azumarill
|-singleturn|p1b: Azumarill|Protect
|move|p1a: Kangaskhan|Double-Edge|p2b: Incineroar
|-damage|p2b: Incineroar|44/100
|-damage|p2b: Incineroar|31/100
|-hitcount|p2b: Incineroar|2
|-damage|p1a: Kangaskhan|78/100|[from] Recoil
|move|p2b: Incineroar|Parting Shot|p1a: Kangaskhan
|-unboost|p1a: Kangaskhan|atk|1
|-unboost|p1a: Kangaskhan|spa|1
|
|t:|1784121266
|switch|p2b: Politoed|Politoed, L50, M|100/100|[from] Parting Shot
|-weather|RainDance|[from] ability: Drizzle|[of] p2b: Politoed
|
|-weather|RainDance|[upkeep]
|upkeep
|turn|3
|inactive|cavalloscosso has 30 seconds left.
|inactive|cavalloscosso has 20 seconds left.
|inactive|cavalloscosso has 15 seconds left.
|
|t:|1784121309
|switch|p2b: Incineroar|Incineroar, L50, F|31/100
|-ability|p2b: Incineroar|Intimidate|boost
|-unboost|p1a: Kangaskhan|atk|1
|-unboost|p1b: Azumarill|atk|1
|switch|p1b: Sinistcha|Sinistcha, L50|100/100
|-heal|p1a: Kangaskhan|100/100|[from] ability: Hospitality|[of] p1b: Sinistcha
|move|p1a: Kangaskhan|Double-Edge|p2b: Incineroar
|-damage|p2b: Incineroar|2/100
|-damage|p2b: Incineroar|0 fnt
|faint|p2b: Incineroar
|-hitcount|p2: Incineroar|2
|-damage|p1a: Kangaskhan|90/100|[from] Recoil
|move|p2a: Archaludon|Electro Shot||[still]
|-prepare|p2a: Archaludon|Electro Shot
|-boost|p2a: Archaludon|spa|1
|-anim|p2a: Archaludon|Electro Shot|p1a: Kangaskhan
|-damage|p1a: Kangaskhan|46/100
|
|-weather|RainDance|[upkeep]
|upkeep
|
|t:|1784121334
|switch|p2b: Gengar|Gengar, L50, F|100/100
|turn|4
|
|t:|1784121350
|switch|p1a: Garchomp|Garchomp, L50, M|100/100
|detailschange|p2b: Gengar|Gengar-Mega, L50, F
|-mega|p2b: Gengar|Gengar|Gengarite
|move|p2b: Gengar|Sludge Bomb|p1a: Garchomp
|-resisted|p1a: Garchomp|1
|-damage|p1a: Garchomp|71/100
|-status|p1a: Garchomp|psn
|move|p2a: Archaludon|Dragon Pulse|p1b: Sinistcha
|-crit|p1b: Sinistcha
|-damage|p1b: Sinistcha|22/100
|move|p1b: Sinistcha|Shadow Ball|p2a: Archaludon
|-damage|p2a: Archaludon|69/100
|-ability|p2a: Archaludon|Stamina|boost
|-boost|p2a: Archaludon|def|1
|
|-weather|RainDance|[upkeep]
|-heal|p2a: Archaludon|75/100|[from] item: Leftovers
|-damage|p1a: Garchomp|59/100 psn|[from] psn
|upkeep
|turn|5
|
|t:|1784121370
|switch|p2b: Politoed|Politoed, L50, M|100/100
|move|p1a: Garchomp|Earthquake|p2b: Politoed|[spread] p1b,p2a,p2b
|-resisted|p1b: Sinistcha|1
|-supereffective|p2a: Archaludon|1
|-damage|p1b: Sinistcha|5/100
|-damage|p2a: Archaludon|46/100
|-damage|p2b: Politoed|56/100
|-ability|p2a: Archaludon|Stamina|boost
|-boost|p2a: Archaludon|def|1
|move|p2a: Archaludon|Dragon Pulse|p1a: Garchomp
|-supereffective|p1a: Garchomp|1
|-damage|p1a: Garchomp|0 fnt
|faint|p1a: Garchomp
|move|p1b: Sinistcha|Shadow Ball|p2a: Archaludon
|-damage|p2a: Archaludon|14/100
|-unboost|p2a: Archaludon|spd|1
|-ability|p2a: Archaludon|Stamina|boost
|-boost|p2a: Archaludon|def|1
|
|-weather|RainDance|[upkeep]
|-heal|p2a: Archaludon|20/100y|[from] item: Leftovers
|upkeep
|c|☆cavalloscosso|ofc you crit
|c|☆cavalloscosso|fuckk off
|-message|cavalloscosso forfeited.
|raw|cavalloscosso's rating: 1088 → 1069(-19 for losing)
|raw|theson1909's rating: 1157 → 1177(+20 for winning)
|
|win|theson1909
