|j|☆Nnico Iosi
|j|☆TrainerChrxs
|html|Nnico IosiTrainerChrxs    
|uhtml|bestof|Game 2 of a best-of-3
|t:|1756399476
|gametype|doubles
|player|p1|Nnico Iosi|artist|1358
|player|p2|TrainerChrxs|psychic-gen4|1275
|gen|9
|tier|[Gen 9] VGC 2025 Reg H (Bo3)
|rated|
|rule|Species Clause: Limit one of each Pokémon
|rule|Item Clause: Limit 1 of each item
|clearpoke
|poke|p1|Indeedee, L50, M|
|poke|p1|Drifblim, L50, M|
|poke|p1|Volcarona, L50, F|
|poke|p1|Kommo-o, L50, M|
|poke|p1|Toxtricity, L50, M|
|poke|p1|Hydreigon, L50, M|
|poke|p2|Orthworm, L50, F|
|poke|p2|Grimmsnarl, L50, M|
|poke|p2|Dragonite, L50, M|
|poke|p2|Indeedee-F, L50, F|
|poke|p2|Armarouge, L50, M|
|poke|p2|Ursaluna, L50, F|
|teampreview|4
|showteam|p1|Indeedee||FocusSash|PsychicSurge|ExpandingForce,TeraBlast,Imprison,TrickRoom|||M|||50|,,,,,Ground]Drifblim||PsychicSeed|Unburden|Acrobatics,WillOWisp,StrengthSap,Tailwind|||M|||50|,,,,,Grass]Volcarona||LifeOrb|FlameBody|BugBuzz,HeatWave,TeraBlast,Protect|||F|||50|,,,,,Fairy]Kommo-o||Leftovers|Soundproof|BodyPress,Flamethrower,IronDefense,Protect|||M|||50|,,,,,Fire]Toxtricity||ChoiceSpecs|PunkRock|Overdrive,SludgeBomb,Boomburst,VoltSwitch|||M|||50|,,,,,Normal]Hydreigon||AssaultVest|Levitate|DarkPulse,DracoMeteor,EarthPower,Snarl|||M|||50|,,,,,Ghost
|showteam|p2|Orthworm||SitrusBerry|EarthEater|Protect,BodyPress,HelpingHand,ShedTail|||F|||50|,,,,,Fire]Grimmsnarl||LightClay|Prankster|SpiritBreak,Reflect,LightScreen,PartingShot|||M|||50|,,,,,Ghost]Dragonite||ChoiceBand|Multiscale|Outrage,ExtremeSpeed,Earthquake,TeraBlast|||M|||50|,,,,,Flying]Indeedee-F||MentalHerb|PsychicSurge|FollowMe,TrickRoom,DazzlingGleam,HelpingHand|||F|||50|,,,,,Grass]Armarouge||LifeOrb|FlashFire|Protect,ArmorCannon,ExpandingForce,TrickRoom|||M|||50|,,,,,Grass]Ursaluna||FlameOrb|Guts|Protect,Facade,Earthquake,HeadlongRush|||F|||50|,,,,,Ghost
|c|☆TrainerChrxs|Crit sucks :(
|c|☆Nnico Iosi|yep :/
|c|☆Nnico Iosi|glhf
|c|☆Nnico Iosi|better here than in a regional, amirite
|c|☆TrainerChrxs|Glhf
|c|☆TrainerChrxs|Fax
|
|t:|1756399545
|teamsize|p1|4
|teamsize|p2|4
|start
|switch|p1a: Toxtricity|Toxtricity, L50, M|100/100
|switch|p1b: Kommo-o|Kommo-o, L50, M|100/100
|switch|p2a: Grimmsnarl|Grimmsnarl, L50, M|100/100
|switch|p2b: Orthworm|Orthworm, L50, F, shiny|100/100
|turn|1
|c|☆TrainerChrxs|it’s part of the game, might switch luck this game for all ik
|
|t:|1756399569
|move|p2a: Grimmsnarl|Light Screen|p2a: Grimmsnarl
|-sidestart|p2: TrainerChrxs|move: Light Screen
|move|p1a: Toxtricity|Sludge Bomb|p2a: Grimmsnarl
|-supereffective|p2a: Grimmsnarl
|-damage|p2a: Grimmsnarl|35/100
|move|p1b: Kommo-o|Iron Defense|p1b: Kommo-o
|-boost|p1b: Kommo-o|def|2
|move|p2b: Orthworm|Shed Tail|p2b: Orthworm
|-start|p2b: Orthworm|Substitute|[from] move: Shed Tail
|-damage|p2b: Orthworm|50/100
|-enditem|p2b: Orthworm|Sitrus Berry|[eat]
|-heal|p2b: Orthworm|75/100|[from] item: Sitrus Berry
|
|t:|1756399585
|switch|p2b: Armarouge|Armarouge, L50, M, shiny|100/100|[from] Shed Tail
|
|upkeep
|turn|2
|
|t:|1756399659
|move|p1b: Kommo-o|Protect|p1b: Kommo-o
|-singleturn|p1b: Kommo-o|Protect
|move|p2a: Grimmsnarl|Reflect|p2a: Grimmsnarl
|-sidestart|p2: TrainerChrxs|Reflect
|move|p1a: Toxtricity|Sludge Bomb|p2a: Grimmsnarl
|-supereffective|p2a: Grimmsnarl
|-damage|p2a: Grimmsnarl|0 fnt
|faint|p2a: Grimmsnarl
|move|p2b: Armarouge|Trick Room|p2b: Armarouge
|-fieldstart|move: Trick Room|[of] p2b: Armarouge
|
|upkeep
|
|t:|1756399667
|switch|p2a: Dragonite|Dragonite, L50, M|100/100
|turn|3
|
|t:|1756399703
|-terastallize|p2a: Dragonite|Flying
|-terastallize|p1b: Kommo-o|Fire
|move|p2b: Armarouge|Expanding Force|p1b: Kommo-o
|-damage|p1b: Kommo-o|53/100
|-damage|p2b: Armarouge|91/100|[from] item: Life Orb
|move|p2a: Dragonite|Tera Blast|p1b: Kommo-o|[anim] Tera Blast Flying
|-damage|p1b: Kommo-o|20/100
|move|p1b: Kommo-o|Body Press|p2b: Armarouge
|-resisted|p2b: Armarouge
|-end|p2b: Armarouge|Substitute
|move|p1a: Toxtricity|Sludge Bomb|p2a: Dragonite
|-damage|p2a: Dragonite|83/100
|-status|p2a: Dragonite|psn
|
|-heal|p1b: Kommo-o|26/100|[from] item: Leftovers
|-damage|p2a: Dragonite|71/100 psn|[from] psn
|upkeep
|turn|4
|inactive|Battle timer is ON: inactive players will automatically lose when time's up. (requested by Nnico Iosi)
|
|t:|1756399773
|move|p1b: Kommo-o|Protect|p1b: Kommo-o
|-singleturn|p1b: Kommo-o|Protect
|move|p2b: Armarouge|Expanding Force|p1a: Toxtricity
|-supereffective|p1a: Toxtricity
|-damage|p1a: Toxtricity|0 fnt
|faint|p1a: Toxtricity
|-damage|p2b: Armarouge|81/100|[from] item: Life Orb
|move|p2a: Dragonite|Tera Blast|p1b: Kommo-o|[anim] Tera Blast Flying
|-activate|p1b: Kommo-o|move: Protect
|
|-heal|p1b: Kommo-o|32/100|[from] item: Leftovers
|-damage|p2a: Dragonite|59/100 psn|[from] psn
|upkeep
|inactive|Nnico Iosi has 30 seconds left.
|inactive|Nnico Iosi has 20 seconds left.
|inactive|Nnico Iosi has 15 seconds left.
|
|t:|1756399815
|switch|p1a: Volcarona|Volcarona, L50, F|100/100
|turn|5
|inactive|Nnico Iosi has 30 seconds left.
|
|t:|1756399843
|move|p1b: Kommo-o|Protect||[still]
|-fail|p1b: Kommo-o
|move|p1a: Volcarona|Protect|p1a: Volcarona
|-singleturn|p1a: Volcarona|Protect
|move|p2b: Armarouge|Expanding Force|p1b: Kommo-o
|-damage|p1b: Kommo-o|0 fnt
|faint|p1b: Kommo-o
|-damage|p2b: Armarouge|71/100|[from] item: Life Orb
|move|p2a: Dragonite|Tera Blast|p1a: Volcarona|[anim] Tera Blast Flying
|-activate|p1a: Volcarona|move: Protect
|
|-damage|p2a: Dragonite|46/100 psn|[from] psn
|upkeep
|
|t:|1756399853
|switch|p1b: Hydreigon|Hydreigon, L50, M|100/100
|turn|6
|
|t:|1756399879
|move|p1a: Volcarona|Protect|p1a: Volcarona
|-singleturn|p1a: Volcarona|Protect
|move|p2b: Armarouge|Armor Cannon|p1b: Hydreigon
|-resisted|p1b: Hydreigon
|-damage|p1b: Hydreigon|72/100
|-unboost|p2b: Armarouge|def|1
|-unboost|p2b: Armarouge|spd|1
|-damage|p2b: Armarouge|61/100|[from] item: Life Orb
|move|p2a: Dragonite|Tera Blast|p1b: Hydreigon|[anim] Tera Blast Flying
|-damage|p1b: Hydreigon|0 fnt
|faint|p1b: Hydreigon
|
|-damage|p2a: Dragonite|34/100 psn|[from] psn
|-fieldend|move: Trick Room
|upkeep
|turn|7
|
|t:|1756399895
|move|p1a: Volcarona|Heat Wave|p2b: Armarouge|[spread] p2a
|-start|p2b: Armarouge|ability: Flash Fire
|-damage|p2a: Dragonite|4/100 psn
|-damage|p1a: Volcarona|91/100|[from] item: Life Orb
|move|p2a: Dragonite|Tera Blast|p1a: Volcarona|[anim] Tera Blast Flying
|-supereffective|p1a: Volcarona
|-damage|p1a: Volcarona|0 fnt
|faint|p1a: Volcarona
|
|win|TrainerChrxs
|c|☆Nnico Iosi|gg
||Nnico Iosi is ready for game 3.
|inactive|TrainerChrxs has 30 seconds to confirm battle start!
|c|☆TrainerChrxs|Gg
||TrainerChrxs is ready for game 3.
|uhtml|next|Next: Game 3 of 3
