|j|☆terry-torrial
|j|‽Trafalgar_VGC
|html|terry-torrialTrafalgar_VGC    
|uhtml|bestof|Game 3 of a best-of-3
|t:|1756894417
|gametype|doubles
|player|p1|terry-torrial|brock|
|player|p2|Trafalgar_VGC|169|
|gen|9
|tier|[Gen 9] VGC 2025 Reg H (Bo3)
|rule|Species Clause: Limit one of each Pokémon
|rule|Item Clause: Limit 1 of each item
|clearpoke
|poke|p1|Incineroar, L50, M|
|poke|p1|Gholdengo, L50|
|poke|p1|Rillaboom, L50, M|
|poke|p1|Sneasler, L50, F|
|poke|p1|Electabuzz, L50, M|
|poke|p1|Dragonite, L50, F|
|poke|p2|Zoroark-Hisui, L50, M|
|poke|p2|Maushold, L50|
|poke|p2|Archaludon, L50, F|
|poke|p2|Pelipper, L50, F|
|poke|p2|Basculegion, L50, M|
|poke|p2|Spiritomb, L50, F|
|teampreview|4
|showteam|p1|Incineroar||SafetyGoggles|Intimidate|KnockOff,FlareBlitz,PartingShot,FakeOut|||M|||50|,,,,,Ghost]Gholdengo||LifeOrb|GoodasGold|NastyPlot,MakeItRain,Protect,ShadowBall||||||50|,,,,,Water]Rillaboom||AssaultVest|GrassySurge|WoodHammer,GrassyGlide,FakeOut,HighHorsepower|||M|||50|,,,,,Fire]Sneasler||FocusSash|Unburden|DireClaw,CloseCombat,FakeOut,Coaching|||F|||50|,,,,,Stellar]Electabuzz||Eviolite|VitalSpirit|Thunderbolt,Taunt,FollowMe,Protect|||M|||50|,,,,,Dragon]Dragonite||LoadedDice|Multiscale|ScaleShot,Tailwind,Haze,Protect|||F|||50|,,,,,Fairy
|showteam|p2|Zoroark-Hisui||ChoiceSpecs|Illusion|FocusBlast,ShadowBall,HyperBeam,IcyWind|||M|||50|,,,,,Stellar]Maushold||WideLens|Technician|PopulationBomb,FollowMe,Taunt,Protect||||||50|,,,,,Ghost]Archaludon||AssaultVest|Stamina|ElectroShot,DracoMeteor,Snarl,BodyPress|||F|||50|,,,,,Fairy]Pelipper||FocusSash|Drizzle|Hurricane,WeatherBall,Protect,Tailwind|||F|||50|,,,,,Ghost]Basculegion||ChoiceBand|SwiftSwim|WaveCrash,FlipTurn,LastRespects,AquaJet|||M|||50|,,,,,Water]Spiritomb||LifeOrb|Infiltrator|Psychic,FoulPlay,AllySwitch,DarkPulse|||F|||50|,,,,,Poison
|inactive|Battle timer is ON: inactive players will automatically lose when time's up. (requested by Trafalgar_VGC)
|
|t:|1756894497
|teamsize|p1|4
|teamsize|p2|4
|start
|switch|p1a: Sneasler|Sneasler, L50, F, shiny|100/100
|switch|p1b: Dragonite|Dragonite, L50, F, shiny|100/100
|switch|p2a: Archaludon|Archaludon, L50, F, shiny|100/100
|switch|p2b: Maushold|Maushold, L50, shiny|100/100
|turn|1
|
|t:|1756894511
|-terastallize|p2b: Maushold|Ghost
|move|p1a: Sneasler|Coaching|p1b: Dragonite
|-boost|p1b: Dragonite|atk|1
|-boost|p1b: Dragonite|def|1
|move|p2b: Maushold|Population Bomb|p1a: Sneasler
|-damage|p1a: Sneasler|82/100
|-damage|p1a: Sneasler|61/100
|-damage|p1a: Sneasler|42/100
|-damage|p1a: Sneasler|24/100
|-damage|p1a: Sneasler|5/100
|-damage|p1a: Sneasler|0 fnt
|faint|p1a: Sneasler
|-hitcount|p1: Sneasler|6
|move|p2a: Archaludon|Icy Wind|p1b: Dragonite
|-supereffective|p1b: Dragonite
|-damage|p1b: Dragonite|37/100
|-unboost|p1b: Dragonite|spe|1
|move|p1b: Dragonite|Scale Shot|p2b: Maushold
|-damage|p2b: Maushold|66/100
|-damage|p2b: Maushold|31/100
|-damage|p2b: Maushold|0 fnt
|faint|p2b: Maushold
|-hitcount|p2: Maushold|3
|-unboost|p1b: Dragonite|def|1
|-boost|p1b: Dragonite|spe|1
|
|upkeep
|
|t:|1756894529
|switch|p1a: Rillaboom|Rillaboom, L50, M, shiny|100/100
|switch|p2b: Pelipper|Pelipper, L50, F, shiny|100/100
|-weather|RainDance|[from] ability: Drizzle|[of] p2b: Pelipper
|-fieldstart|move: Grassy Terrain|[from] ability: Grassy Surge|[of] p1a: Rillaboom
|turn|2
|
|t:|1756894553
|switch|p1b: Gholdengo|Gholdengo, L50|100/100
|move|p1a: Rillaboom|Fake Out|p2b: Pelipper
|-damage|p2b: Pelipper|81/100
|move|p2a: Archaludon|Icy Wind|p1a: Rillaboom|[spread] p1a,p1b
|-supereffective|p1a: Rillaboom
|-resisted|p1b: Gholdengo
|-damage|p1a: Rillaboom|71/100
|-damage|p1b: Gholdengo|90/100
|-unboost|p1a: Rillaboom|spe|1
|-unboost|p1b: Gholdengo|spe|1
|cant|p2b: Pelipper|flinch
|
|-weather|RainDance|[upkeep]
|-heal|p1b: Gholdengo|97/100|[from] Grassy Terrain
|-heal|p1a: Rillaboom|77/100|[from] Grassy Terrain
|upkeep
|turn|3
|inactive|terry-torrial has 30 seconds left.
|
|t:|1756894584
|switch|p2a: Archaludon|Archaludon, L50, F, shiny|100/100
|-terastallize|p1a: Rillaboom|Fire
|move|p1b: Gholdengo|Protect|p1b: Gholdengo
|-singleturn|p1b: Gholdengo|Protect
|move|p2b: Pelipper|Tailwind|p2b: Pelipper
|-sidestart|p2: Trafalgar_VGC|move: Tailwind
|move|p1a: Rillaboom|Wood Hammer|p2a: Archaludon
|-resisted|p2a: Archaludon
|-damage|p2a: Archaludon|87/100
|-ability|p2a: Archaludon|Stamina|boost
|-boost|p2a: Archaludon|def|1
|-damage|p1a: Rillaboom|73/100|[from] Recoil
|
|-weather|RainDance|[upkeep]
|-heal|p2a: Archaludon|93/100|[from] Grassy Terrain
|-heal|p1b: Gholdengo|100/100|[from] Grassy Terrain
|-heal|p1a: Rillaboom|79/100|[from] Grassy Terrain
|upkeep
|turn|4
|
|t:|1756894599
|move|p1a: Rillaboom|Grassy Glide|p2b: Pelipper
|-damage|p2b: Pelipper|33/100
|move|p2b: Pelipper|Weather Ball|p1a: Rillaboom
|-supereffective|p1a: Rillaboom
|-damage|p1a: Rillaboom|0 fnt
|faint|p1a: Rillaboom
|move|p2a: Archaludon|Electro Shot||[still]
|-prepare|p2a: Archaludon|Electro Shot
|-boost|p2a: Archaludon|spa|1
|-anim|p2a: Archaludon|Electro Shot|p1b: Gholdengo
|-damage|p1b: Gholdengo|36/100
|move|p1b: Gholdengo|Shadow Ball|p2a: Archaludon
|-damage|p2a: Archaludon|59/100
|-ability|p2a: Archaludon|Stamina|boost
|-boost|p2a: Archaludon|def|1
|-damage|p1b: Gholdengo|26/100|[from] item: Life Orb
|
|-weather|RainDance|[upkeep]
|-heal|p2a: Archaludon|65/100|[from] Grassy Terrain
|-heal|p1b: Gholdengo|32/100|[from] Grassy Terrain
|upkeep
|
|t:|1756894604
|switch|p1a: Dragonite|Dragonite, L50, F, shiny|37/100
|turn|5
|c|☆terry-torrial|gg
|
|t:|1756894615
|move|p2b: Pelipper|Weather Ball|p1b: Gholdengo
|-damage|p1b: Gholdengo|0 fnt
|faint|p1b: Gholdengo
|move|p2a: Archaludon|Electro Shot||[still]
|-prepare|p2a: Archaludon|Electro Shot
|-boost|p2a: Archaludon|spa|1
|-anim|p2a: Archaludon|Electro Shot|p1a: Dragonite
|-damage|p1a: Dragonite|0 fnt
|faint|p1a: Dragonite
|
|win|Trafalgar_VGC
