|j|☆zuiyyy
|j|☆aviaflylol
|html|zuiyyyaviaflylol    
|uhtml|bestof|Game 3 of a best-of-3
|t:|1756515421
|gametype|doubles
|player|p1|zuiyyy|170|
|player|p2|aviaflylol|lucas|
|gen|9
|tier|[Gen 9] VGC 2025 Reg H (Bo3)
|rule|Tera Type Preview: Tera Types are shown at Team Preview
|rule|Species Clause: Limit one of each Pokémon
|rule|Item Clause: Limit 1 of each item
|raw|2 custom rules: Tera Type Preview, !Force Open Team Sheets
|clearpoke
|poke|p1|Kommo-o, L50, F|
|poke|p1|Pachirisu, L50, M|
|poke|p1|Empoleon, L50, M|
|poke|p1|Mimikyu, L50, F|
|poke|p1|Tyranitar, L50, F|
|poke|p1|Cacturne, L50, M|
|poke|p2|Archaludon, L50, M|
|poke|p2|Maushold, L50|
|poke|p2|Pelipper, L50, F|
|poke|p2|Overqwil, L50, M|
|poke|p2|Polteageist, L50|
|poke|p2|Slowpoke, L50, M|
|raw|zuiyyy's Tera Types: /  /  /  /  / 
|raw|aviaflylol's Tera Types: /  /  /  /  / 
|teampreview|4
|
|t:|1756515479
|teamsize|p1|4
|teamsize|p2|4
|start
|switch|p1a: 5 Big Booms|Kommo-o, L50, F|100/100
|switch|p1b: Cheek Pouch|Pachirisu, L50, M|100/100
|switch|p2a: Maushold|Maushold, L50|100/100
|switch|p2b: Polteageist|Polteageist, L50|100/100
|turn|1
|
|t:|1756515531
|-terastallize|p2b: Polteageist|Fairy
|move|p1b: Cheek Pouch|Follow Me|p1b: Cheek Pouch
|-singleturn|p1b: Cheek Pouch|move: Follow Me
|move|p2a: Maushold|Taunt|p1b: Cheek Pouch
|-start|p1b: Cheek Pouch|move: Taunt
|move|p1a: 5 Big Booms|Clangorous Soul|p1a: 5 Big Booms
|-boost|p1a: 5 Big Booms|atk|1
|-boost|p1a: 5 Big Booms|def|1
|-boost|p1a: 5 Big Booms|spa|1
|-boost|p1a: 5 Big Booms|spd|1
|-boost|p1a: 5 Big Booms|spe|1
|-damage|p1a: 5 Big Booms|68/100
|move|p2b: Polteageist|Shell Smash|p2b: Polteageist
|-unboost|p2b: Polteageist|def|1
|-unboost|p2b: Polteageist|spd|1
|-boost|p2b: Polteageist|atk|2
|-boost|p2b: Polteageist|spa|2
|-boost|p2b: Polteageist|spe|2
|
|upkeep
|turn|2
|
|t:|1756515616
|switch|p1b: LIVE ACTION|Tyranitar, L50, F|100/100
|-weather|Sandstorm|[from] ability: Sand Stream|[of] p1b: LIVE ACTION
|move|p1a: 5 Big Booms|Protect|p1a: 5 Big Booms
|-singleturn|p1a: 5 Big Booms|Protect
|move|p2a: Maushold|Follow Me|p2a: Maushold
|-singleturn|p2a: Maushold|move: Follow Me
|move|p2b: Polteageist|Shadow Ball|p1b: LIVE ACTION
|-resisted|p1b: LIVE ACTION
|-damage|p1b: LIVE ACTION|78/100
|
|-weather|Sandstorm|[upkeep]
|-damage|p2b: Polteageist|95/100|[from] Sandstorm
|-damage|p2a: Maushold|94/100|[from] Sandstorm
|upkeep
|turn|3
|
|t:|1756515648
|switch|p2a: Pelipper|Pelipper, L50, F|100/100
|-weather|RainDance|[from] ability: Drizzle|[of] p2a: Pelipper
|move|p2b: Polteageist|Stored Power|p1a: 5 Big Booms
|-supereffective|p1a: 5 Big Booms
|-damage|p1a: 5 Big Booms|0 fnt
|faint|p1a: 5 Big Booms
|move|p1b: LIVE ACTION|Rock Slide|p2b: Polteageist|[spread] p2a,p2b
|-supereffective|p2a: Pelipper
|-damage|p2a: Pelipper|39/100
|-damage|p2b: Polteageist|12/100
|-ability|p2b: Polteageist|Weak Armor|boost
|-unboost|p2b: Polteageist|def|1
|-boost|p2b: Polteageist|spe|2
|
|-weather|RainDance|[upkeep]
|upkeep
|
|t:|1756515677
|switch|p1a: Cheek Pouch|Pachirisu, L50, M|100/100
|turn|4
|
|t:|1756515708
|move|p1a: Cheek Pouch|Follow Me|p1a: Cheek Pouch
|-singleturn|p1a: Cheek Pouch|move: Follow Me
|move|p2b: Polteageist|Shadow Ball|p1a: Cheek Pouch
|-damage|p1a: Cheek Pouch|0 fnt
|faint|p1a: Cheek Pouch
|move|p2a: Pelipper|Weather Ball|p1b: LIVE ACTION
|-supereffective|p1b: LIVE ACTION
|-damage|p1b: LIVE ACTION|0 fnt
|faint|p1b: LIVE ACTION
|
|-weather|RainDance|[upkeep]
|upkeep
|
|t:|1756515717
|switch|p1b: Wannabe|Mimikyu, L50, F|100/100
|turn|5
|c|☆zuiyyy|gg
|
|t:|1756515737
|-terastallize|p1b: Wannabe|Ghost
|move|p2b: Polteageist|Protect|p2b: Polteageist
|-singleturn|p2b: Polteageist|Protect
|move|p2a: Pelipper|Weather Ball|p1b: Wannabe
|-activate|p1b: Wannabe|ability: Disguise
|-damage|p1b: Wannabe|100/100
|detailschange|p1b: Wannabe|Mimikyu-Busted, L50, F, tera:Ghost
|-damage|p1b: Wannabe|88/100|[from] pokemon: Mimikyu-Busted
|move|p1b: Wannabe|Trick Room|p1b: Wannabe
|-fieldstart|move: Trick Room|[of] p1b: Wannabe
|
|-weather|RainDance|[upkeep]
|upkeep
|turn|6
|
|t:|1756515758
|move|p2a: Pelipper|Weather Ball|p1b: Wannabe
|-damage|p1b: Wannabe|21/100
|move|p1b: Wannabe|Shadow Claw|p2b: Polteageist
|-damage|p2b: Polteageist|0 fnt
|faint|p2b: Polteageist
|
|-weather|RainDance|[upkeep]
|upkeep
|
|t:|1756515764
|switch|p2b: Maushold|Maushold, L50|94/100
|turn|7
|
|t:|1756515769
|move|p2b: Maushold|Follow Me|p2b: Maushold
|-singleturn|p2b: Maushold|move: Follow Me
|move|p2a: Pelipper|Weather Ball|p1b: Wannabe
|-damage|p1b: Wannabe|0 fnt
|faint|p1b: Wannabe
|
|win|aviaflylol
