|j|☆JuanGuerrero09
|j|☆CEO of Crawdaunt
|html|JuanGuerrero09CEO of Crawdaunt    
|uhtml|bestof|Game 1 of a best-of-3
|t:|1756307525
|gametype|doubles
|player|p1|JuanGuerrero09|169|1188
|player|p2|CEO of Crawdaunt|parasollady|1201
|gen|9
|tier|[Gen 9] VGC 2025 Reg H (Bo3)
|rated|
|rule|Species Clause: Limit one of each Pokémon
|rule|Item Clause: Limit 1 of each item
|clearpoke
|poke|p1|Sneasler, L50, M|
|poke|p1|Indeedee, L50, M|
|poke|p1|Tyranitar, L50, M|
|poke|p1|Excadrill, L50, M|
|poke|p1|Annihilape, L50, M|
|poke|p1|Hydreigon, L50, F|
|poke|p2|Crawdaunt, L50, F|
|poke|p2|Farigiraf, L50, F|
|poke|p2|Gholdengo, L50|
|poke|p2|Talonflame, L50, F|
|poke|p2|Hydreigon, L50, F|
|poke|p2|Amoonguss, L50, M|
|teampreview|4
|showteam|p1|Sneasler||PsychicSeed|Unburden|CloseCombat,DireClaw,ThroatChop,Protect|||M|||50|,,,,,Dark]Indeedee||ChoiceScarf|PsychicSurge|ExpandingForce,TeraBlast,Trick,DazzlingGleam|||M|||50|,,,,,Fire]Tyranitar||AssaultVest|SandStream|RockSlide,KnockOff,TeraBlast,LowKick|||M|||50|,,,,,Flying]Excadrill||FocusSash|SandRush|HighHorsepower,Earthquake,IronHead,Protect|||M|||50|,,,,,Ground]Annihilape||SafetyGoggles|Defiant|CloseCombat,RageFist,Taunt,FinalGambit|||M|||50|,,,,,Psychic]Hydreigon||CovertCloak|Levitate|Snarl,Tailwind,DracoMeteor,Protect|||F|||50|,,,,,Poison
|showteam|p2|Crawdaunt||LifeOrb|Adaptability|Crabhammer,KnockOff,AquaJet,Protect|||F|||50|,,,,,Water]Farigiraf||ThroatSpray|ArmorTail|HyperVoice,Psychic,TrickRoom,Protect|||F|||50|,,,,,Fairy]Gholdengo||MetalCoat|GoodasGold|MakeItRain,ShadowBall,NastyPlot,Protect||||||50|,,,,,Steel]Talonflame||CovertCloak|GaleWings|DualWingbeat,FlareBlitz,Taunt,Tailwind|||F|||50|,,,,,Ground]Hydreigon||ChoiceSpecs|Levitate|DracoMeteor,DarkPulse,Snarl,Flamethrower|||F|||50|,,,,,Ghost]Amoonguss||SitrusBerry|Regenerator|PollenPuff,Spore,RagePowder,Protect|||M|||50|,,,,,Fairy
|inactive|Battle timer is ON: inactive players will automatically lose when time's up. (requested by JuanGuerrero09)
|
|t:|1756307586
|teamsize|p1|4
|teamsize|p2|4
|start
|switch|p1a: Tyranitar|Tyranitar, L50, M|100/100
|switch|p1b: Indeedee|Indeedee, L50, M|100/100
|switch|p2a: Get a Room|Farigiraf, L50, F|100/100
|switch|p2b: Amoonguss|Amoonguss, L50, M|100/100
|-fieldstart|move: Psychic Terrain|[from] ability: Psychic Surge|[of] p1b: Indeedee
|-weather|Sandstorm|[from] ability: Sand Stream|[of] p1a: Tyranitar
|turn|1
|inactive|JuanGuerrero09 has 30 seconds left.
|inactive|JuanGuerrero09 has 20 seconds left.
|inactive|JuanGuerrero09 has 15 seconds left.
|
|t:|1756307631
|-terastallize|p1a: Tyranitar|Flying
|move|p2b: Amoonguss|Rage Powder|p2b: Amoonguss
|-singleturn|p2b: Amoonguss|move: Rage Powder
|move|p1b: Indeedee|Trick|p2b: Amoonguss
|-activate|p1b: Indeedee|move: Trick|[of] p2b: Amoonguss
|-item|p2b: Amoonguss|Choice Scarf|[from] move: Trick
|-item|p1b: Indeedee|Sitrus Berry|[from] move: Trick
|move|p1a: Tyranitar|Tera Blast|p2b: Amoonguss|[anim] Tera Blast Flying
|-supereffective|p2b: Amoonguss
|-damage|p2b: Amoonguss|8/100
|move|p2a: Get a Room|Trick Room|p2a: Get a Room
|-fieldstart|move: Trick Room|[of] p2a: Get a Room
|
|-weather|Sandstorm|[upkeep]
|-damage|p1a: Tyranitar|95/100|[from] Sandstorm
|-damage|p2b: Amoonguss|2/100|[from] Sandstorm
|-damage|p2a: Get a Room|94/100|[from] Sandstorm
|-damage|p1b: Indeedee|95/100|[from] Sandstorm
|upkeep
|turn|2
|inactive|JuanGuerrero09 has 30 seconds left.
|inactive|CEO of Crawdaunt has 30 seconds left.
|inactive|CEO of Crawdaunt has 20 seconds left.
|inactive|CEO of Crawdaunt has 15 seconds left.
|
|t:|1756307672
|move|p1a: Tyranitar|Knock Off|p2a: Get a Room
|-supereffective|p2a: Get a Room
|-damage|p2a: Get a Room|0 fnt
|-enditem|p2a: Get a Room|Throat Spray|[from] move: Knock Off|[of] p1a: Tyranitar
|faint|p2a: Get a Room
|move|p2b: Amoonguss|Spore|p1a: Tyranitar
|-status|p1a: Tyranitar|slp|[from] move: Spore
|move|p1b: Indeedee|Expanding Force|p2b: Amoonguss
|-supereffective|p2b: Amoonguss
|-damage|p2b: Amoonguss|0 fnt
|faint|p2b: Amoonguss
|
|-weather|Sandstorm|[upkeep]
|-damage|p1a: Tyranitar|89/100 slp|[from] Sandstorm
|-damage|p1b: Indeedee|89/100|[from] Sandstorm
|upkeep
|
|t:|1756307678
|switch|p2b: 📞📞📞|Crawdaunt, L50, F|100/100
|switch|p2a: Jimmy McGhoul|Gholdengo, L50|100/100
|turn|3
|inactive|JuanGuerrero09 has 30 seconds left.
|inactive|JuanGuerrero09 has 20 seconds left.
|inactive|JuanGuerrero09 has 15 seconds left.
|inactive|JuanGuerrero09 has 10 seconds left.
|
|t:|1756307723
|cant|p1a: Tyranitar|slp
|move|p2b: 📞📞📞|Knock Off|p1b: Indeedee
|-supereffective|p1b: Indeedee
|-damage|p1b: Indeedee|0 fnt
|-enditem|p1b: Indeedee|Sitrus Berry|[from] move: Knock Off|[of] p2b: 📞📞📞
|faint|p1b: Indeedee
|-damage|p2b: 📞📞📞|91/100|[from] item: Life Orb
|move|p2a: Jimmy McGhoul|Nasty Plot|p2a: Jimmy McGhoul
|-boost|p2a: Jimmy McGhoul|spa|2
|
|-weather|Sandstorm|[upkeep]
|-damage|p1a: Tyranitar|83/100 slp|[from] Sandstorm
|-damage|p2b: 📞📞📞|85/100|[from] Sandstorm
|upkeep
|
|t:|1756307743
|switch|p1b: Excadrill|Excadrill, L50, M|100/100
|turn|4
|
|t:|1756307759
|-terastallize|p2a: Jimmy McGhoul|Steel
|move|p1b: Excadrill|Protect|p1b: Excadrill
|-singleturn|p1b: Excadrill|Protect
|cant|p1a: Tyranitar|slp
|move|p2b: 📞📞📞|Knock Off|p1b: Excadrill
|-activate|p1b: Excadrill|move: Protect
|move|p2a: Jimmy McGhoul|Make It Rain|p1b: Excadrill|[spread] p1a
|-activate|p1b: Excadrill|move: Protect
|-damage|p1a: Tyranitar|0 fnt
|-unboost|p2a: Jimmy McGhoul|spa|1
|faint|p1a: Tyranitar
|
|-weather|Sandstorm|[upkeep]
|-damage|p2b: 📞📞📞|79/100|[from] Sandstorm
|upkeep
|
|t:|1756307774
|switch|p1a: Sneasler|Sneasler, L50, M|100/100
|-enditem|p1a: Sneasler|Psychic Seed
|-boost|p1a: Sneasler|spd|1|[from] item: Psychic Seed
|turn|5
|
|t:|1756307791
|move|p1a: Sneasler|Protect|p1a: Sneasler
|-singleturn|p1a: Sneasler|Protect
|move|p2b: 📞📞📞|Knock Off|p1b: Excadrill
|-enditem|p1b: Excadrill|Focus Sash
|-damage|p1b: Excadrill|1/100
|-damage|p2b: 📞📞📞|70/100|[from] item: Life Orb
|move|p2a: Jimmy McGhoul|Make It Rain|p1a: Sneasler|[spread] p1b
|-activate|p1a: Sneasler|move: Protect
|-resisted|p1b: Excadrill
|-damage|p1b: Excadrill|0 fnt
|-unboost|p2a: Jimmy McGhoul|spa|1
|faint|p1b: Excadrill
|
|-weather|none
|-fieldend|move: Trick Room
|-fieldend|move: Psychic Terrain
|upkeep
|turn|6
|
|t:|1756307816
|move|p2b: 📞📞📞|Aqua Jet|p1a: Sneasler
|-damage|p1a: Sneasler|31/100
|-damage|p2b: 📞📞📞|60/100|[from] item: Life Orb
|move|p1a: Sneasler|Close Combat|p2b: 📞📞📞
|-supereffective|p2b: 📞📞📞
|-damage|p2b: 📞📞📞|0 fnt
|-unboost|p1a: Sneasler|def|1
|-unboost|p1a: Sneasler|spd|1
|faint|p2b: 📞📞📞
|move|p2a: Jimmy McGhoul|Make It Rain|p1a: Sneasler
|-damage|p1a: Sneasler|0 fnt
|-unboost|p2a: Jimmy McGhoul|spa|1
|faint|p1a: Sneasler
|
|win|CEO of Crawdaunt
||CEO of Crawdaunt is ready for game 2.
|l|☆JuanGuerrero09
|player|p1|
||JuanGuerrero09 is ready for game 2.
|uhtml|next|Next: Game 2 of 3
|j|☆JuanGuerrero09
|player|p1|JuanGuerrero09|169|
