|j|☆redjaguar
|j|☆elchiiiiiiii
|html|redjaguarelchiiiiiiii    
|uhtml|bestof|Game 2 of a best-of-3
|t:|1784914136
|gametype|doubles
|player|p1|redjaguar|gambler|1041
|player|p2|elchiiiiiiii|265|1092
|gen|9
|tier|[Gen 9 Champions] VGC 2026 Reg M-B (Bo3)
|rated|
|rule|Species Clause: Limit one of each Pokémon
|rule|Item Clause: Limit 1 of each item
|clearpoke
|poke|p1|Dragonite, L50, F|
|poke|p1|Gardevoir, L50, F|
|poke|p1|Raichu, L50, F|
|poke|p1|Kingambit, L50, F|
|poke|p1|Incineroar, L50, F|
|poke|p1|Empoleon, L50, F|
|poke|p2|Alakazam, L50, F|
|poke|p2|Tyranitar, L50, F|
|poke|p2|Excadrill, L50, M|
|poke|p2|Dragalge, L50, F|
|poke|p2|Corviknight, L50, M|
|poke|p2|Samurott-Hisui, L50, F|
|teampreview|4
|showteam|p1|Dragonite||ExpertBelt|Multiscale|IceSpinner,StompingTantrum,ExtremeSpeed,Protect|Adamant||F|||50|]Gardevoir||Gardevoirite|Trace|HyperVoice,MysticalFire,Protect,Psychic|Timid||F|||50|]Raichu||SitrusBerry|LightningRod|FakeOut,HelpingHand,Nuzzle,Encore|Timid||F|||50|]Kingambit||BlackGlasses|SupremeOverlord|KowtowCleave,SuckerPunch,Protect,IronHead|Adamant||F|||50|]Incineroar||WhiteHerb|Intimidate|FakeOut,FlareBlitz,PartingShot,Taunt|Impish||F|||50|]Empoleon||Leftovers|Competitive|IcyWind,Protect,FlashCannon,HydroCannon|Modest||F|||50|
|showteam|p2|Alakazam||ChoiceScarf|MagicGuard|ExpandingForce,DazzlingGleam,Encore,Protect|Timid||F|||50|]Tyranitar||Tyranitarite|SandStream|RockSlide,DragonDance,KnockOff,Protect|Adamant||F|||50|]Excadrill||FocusSash|SandRush|HighHorsepower,IronHead,RockSlide,Protect|Adamant||M|||50|]Dragalge||Leftovers|Adaptability|DracoMeteor,SludgeWave,ToxicSpikes,Protect|Calm||F|||50|]Corviknight||SitrusBerry|MirrorArmor|Tailwind,IronHead,AirSlash,Protect|Relaxed||M|||50|]Samurott-Hisui||LifeOrb|Sharpness|CeaselessEdge,AquaCutter,XScissor,Protect|Jolly||F|||50|
|
|t:|1784914201
|teamsize|p1|4
|teamsize|p2|4
|start
|switch|p1a: Incineroar|Incineroar, L50, F|100/100
|switch|p1b: Empoleon|Empoleon, L50, F|100/100
|switch|p2a: Corviknight|Corviknight, L50, M|100/100
|switch|p2b: Alakazam|Alakazam, L50, F|100/100
|-ability|p1a: Incineroar|Intimidate|boost
|-ability|p2a: Corviknight|Mirror Armor
|-unboost|p1a: Incineroar|atk|1
|-unboost|p2b: Alakazam|atk|1
|-enditem|p1a: Incineroar|White Herb
|-clearnegativeboost|p1a: Incineroar|[silent]
|turn|1
|
|t:|1784914230
|move|p2b: Alakazam|Encore||[still]
|-fail|p2b: Alakazam
|move|p1a: Incineroar|Flare Blitz|p2a: Corviknight
|-supereffective|p2a: Corviknight|1
|-crit|p2a: Corviknight
|-damage|p2a: Corviknight|12/100
|-status|p2a: Corviknight|brn
|-enditem|p2a: Corviknight|Sitrus Berry|[eat]
|-heal|p2a: Corviknight|37/100 brn|[from] item: Sitrus Berry
|-damage|p1a: Incineroar|70/100|[from] Recoil
|move|p1b: Empoleon|Icy Wind|p2a: Corviknight|[spread] p2a,p2b
|-damage|p2a: Corviknight|23/100 brn
|-damage|p2b: Alakazam|81/100
|-ability|p2a: Corviknight|Mirror Armor
|-unboost|p1b: Empoleon|spe|1
|-ability|p1b: Empoleon|Competitive|boost
|-boost|p1b: Empoleon|spa|2
|-unboost|p2b: Alakazam|spe|1
|move|p2a: Corviknight|Tailwind|p2a: Corviknight
|-sidestart|p2: elchiiiiiiii|move: Tailwind
|
|-damage|p2a: Corviknight|17/100 brn|[from] brn
|upkeep
|turn|2
|
|t:|1784914262
|move|p2b: Alakazam|Encore|p1b: Empoleon
|-start|p1b: Empoleon|Encore
|move|p2a: Corviknight|Air Slash|p1a: Incineroar
|-crit|p1a: Incineroar
|-damage|p1a: Incineroar|50/100g
|move|p1a: Incineroar|Parting Shot|p2b: Alakazam
|-unboost|p2b: Alakazam|atk|1
|-unboost|p2b: Alakazam|spa|1
|
|t:|1784914272
|switch|p1a: Dragonite|Dragonite, L50, F|100/100|[from] Parting Shot
|move|p1b: Empoleon|Icy Wind|p2a: Corviknight|[spread] p2b
|-miss|p1b: Empoleon|p2a: Corviknight
|-damage|p2b: Alakazam|44/100
|-unboost|p2b: Alakazam|spe|1
|
|-damage|p2a: Corviknight|11/100 brn|[from] brn
|upkeep
|turn|3
|
|t:|1784914301
|move|p2b: Alakazam|Encore||[still]
|-fail|p2b: Alakazam
|move|p2a: Corviknight|Iron Head|p1a: Dragonite
|-damage|p1a: Dragonite|93/100
|move|p1a: Dragonite|Stomping Tantrum|p2b: Alakazam
|-damage|p2b: Alakazam|0 fnt
|faint|p2b: Alakazam
|move|p1b: Empoleon|Icy Wind|p2a: Corviknight
|-damage|p2a: Corviknight|0 fnt
|faint|p2a: Corviknight
|
|upkeep
|
|t:|1784914313
|switch|p2b: Tyranitar|Tyranitar, L50, F|100/100
|switch|p2a: Excadrill|Excadrill, L50, M|100/100
|-weather|Sandstorm|[from] ability: Sand Stream|[of] p2b: Tyranitar
|turn|4
|
|t:|1784914344
|move|p2a: Excadrill|High Horsepower|p1b: Empoleon
|-supereffective|p1b: Empoleon|1
|-damage|p1b: Empoleon|0 fnt
|faint|p1b: Empoleon
|move|p2b: Tyranitar|Rock Slide|p1a: Dragonite
|-supereffective|p1a: Dragonite|1
|-damage|p1a: Dragonite|9/100
|move|p1a: Dragonite|Stomping Tantrum|p2a: Excadrill
|-supereffective|p2a: Excadrill|1
|-damage|p2a: Excadrill|4/100
|
|-weather|Sandstorm|[upkeep]
|-damage|p1a: Dragonite|3/100|[from] Sandstorm
|-sideend|p2: elchiiiiiiii|move: Tailwind
|upkeep
|
|t:|1784914358
|switch|p1b: Incineroar|Incineroar, L50, F|50/100g
|-ability|p1b: Incineroar|Intimidate|boost
|-unboost|p2a: Excadrill|atk|1
|-unboost|p2b: Tyranitar|atk|1
|turn|5
|
|t:|1784914365
|move|p2a: Excadrill|Protect|p2a: Excadrill
|-singleturn|p2a: Excadrill|Protect
|move|p2b: Tyranitar|Protect|p2b: Tyranitar
|-singleturn|p2b: Tyranitar|Protect
|move|p1b: Incineroar|Fake Out|p2a: Excadrill
|-activate|p2a: Excadrill|move: Protect
|move|p1a: Dragonite|Stomping Tantrum|p2b: Tyranitar
|-activate|p2b: Tyranitar|move: Protect
|
|-weather|Sandstorm|[upkeep]
|-damage|p1a: Dragonite|0 fnt|[from] Sandstorm
|-damage|p1b: Incineroar|44/100|[from] Sandstorm
|faint|p1a: Dragonite
|upkeep
|
|t:|1784914377
|switch|p1a: Kingambit|Kingambit, L50, F|100/100
|-activate|p1a: Kingambit|ability: Supreme Overlord
|-start|p1a: Kingambit|fallen2|[silent]
|turn|6
|
|t:|1784914391
|detailschange|p2b: Tyranitar|Tyranitar-Mega, L50, F
|-mega|p2b: Tyranitar|Tyranitar|Tyranitarite
|move|p1a: Kingambit|Sucker Punch|p2a: Excadrill
|-damage|p2a: Excadrill|0 fnt
|faint|p2a: Excadrill
|move|p2b: Tyranitar|Rock Slide|p1a: Kingambit|[spread] p1b
|-miss|p2b: Tyranitar|p1a: Kingambit
|-supereffective|p1b: Incineroar|1
|-damage|p1b: Incineroar|7/100
|move|p1b: Incineroar|Parting Shot|p2b: Tyranitar
|-unboost|p2b: Tyranitar|atk|1
|-unboost|p2b: Tyranitar|spa|1
|
|-weather|Sandstorm|[upkeep]
|-damage|p1b: Incineroar|1/100|[from] Sandstorm
|upkeep
|turn|7
|
|t:|1784914407
|move|p2b: Tyranitar|Rock Slide|p1a: Kingambit|[spread] p1a,p1b
|-resisted|p1a: Kingambit|1
|-supereffective|p1b: Incineroar|1
|-crit|p1b: Incineroar
|-damage|p1a: Kingambit|92/100
|-damage|p1b: Incineroar|0 fnt
|faint|p1b: Incineroar
|cant|p1a: Kingambit|flinch
|
|-weather|Sandstorm|[upkeep]
|upkeep
|turn|8
|
|t:|1784914418
|move|p2b: Tyranitar|Dragon Dance|p2b: Tyranitar
|-boost|p2b: Tyranitar|atk|1
|-boost|p2b: Tyranitar|spe|1
|move|p1a: Kingambit|Iron Head|p2b: Tyranitar
|-supereffective|p2b: Tyranitar|1
|-damage|p2b: Tyranitar|32/100
|
|-weather|none
|upkeep
|turn|9
|
|t:|1784914428
|move|p2b: Tyranitar|Rock Slide|p1a: Kingambit
|-resisted|p1a: Kingambit|1
|-damage|p1a: Kingambit|80/100
|move|p1a: Kingambit|Iron Head|p2b: Tyranitar
|-supereffective|p2b: Tyranitar|1
|-damage|p2b: Tyranitar|0 fnt
|faint|p2b: Tyranitar
|
|win|redjaguar
|l|☆elchiiiiiiii
|player|p2|
||elchiiiiiiii is ready for game 3.
|inactive|redjaguar has 30 seconds to confirm battle start!
|inactive|redjaguar has 20 seconds to confirm battle start!
|inactive|redjaguar has 10 seconds to confirm battle start!
|uhtml|next|Next: Game 3 of 3
|j|☆elchiiiiiiii
|player|p2|elchiiiiiiii|265|
