|j|☆namboyVGC
|j|☆marcosdeltasena31
|html|namboyVGCmarcosdeltasena31    
|uhtml|bestof|Game 2 of a best-of-3
|t:|1755987653
|gametype|doubles
|player|p1|namboyVGC|ethan|1375
|player|p2|marcosdeltasena31|hilbert|1410
|gen|9
|tier|[Gen 9] VGC 2025 Reg H (Bo3)
|rated|
|rule|Species Clause: Limit one of each Pokémon
|rule|Item Clause: Limit 1 of each item
|clearpoke
|poke|p1|Sneasler, L50, F|
|poke|p1|Indeedee, L50, M|
|poke|p1|Tyranitar, L50, M|
|poke|p1|Excadrill, L50, F|
|poke|p1|Annihilape, L50, F|
|poke|p1|Hydreigon, L50, F|
|poke|p2|Dragonite, L50, F|
|poke|p2|Sneasler, L50, F|
|poke|p2|Volcarona, L50, F|
|poke|p2|Rillaboom, L50, M|
|poke|p2|Kingambit, L50, F|
|poke|p2|Electabuzz, L50, F|
|teampreview|4
|showteam|p1|Sneasler||PsychicSeed|Unburden|CloseCombat,DireClaw,ThroatChop,Protect|||F|||50|,,,,,Dark]Indeedee||ChoiceScarf|PsychicSurge|ExpandingForce,TeraBlast,Trick,DazzlingGleam|||M|||50|,,,,,Fire]Tyranitar||AssaultVest|SandStream|RockSlide,KnockOff,TeraBlast,LowKick|||M|||50|,,,,,Flying]Excadrill||FocusSash|SandRush|HighHorsepower,Earthquake,IronHead,Protect|||F|||50|,,,,,Stellar]Annihilape||SafetyGoggles|Defiant|CloseCombat,RageFist,Taunt,FinalGambit|||F|||50|,,,,,Psychic]Hydreigon||CovertCloak|Levitate|Snarl,Tailwind,DracoMeteor,Roar|||F|||50|,,,,,Poison
|showteam|p2|Dragonite||LoadedDice|Multiscale|ScaleShot,ExtremeSpeed,Haze,Protect|||F|||50|,,,,,Fairy]Sneasler||FocusSash|PoisonTouch|DireClaw,CloseCombat,FakeOut,Coaching|||F|||50|,,,,,Ghost]Volcarona||CovertCloak|FlameBody|HeatWave,TeraBlast,QuiverDance,Protect|||F|||50|,,,,,Fairy]Rillaboom||AssaultVest|GrassySurge|WoodHammer,FakeOut,GrassyGlide,HighHorsepower|||M|||50|,,,,,Fire]Kingambit||BlackGlasses|Defiant|KowtowCleave,SwordsDance,SuckerPunch,Protect|||F|||50|,,,,,Dark]Electabuzz||Eviolite|VitalSpirit|Electroweb,FollowMe,Taunt,Protect|||F|||50|,,,,,Ghost
|inactive|Battle timer is ON: inactive players will automatically lose when time's up. (requested by namboyVGC)
|
|t:|1755987667
|teamsize|p1|4
|teamsize|p2|4
|start
|switch|p1a: Tyranitar|Tyranitar, L50, M|100/100
|switch|p1b: Excadrill|Excadrill, L50, F|100/100
|switch|p2a: Kingambit|Kingambit, L50, F|100/100
|switch|p2b: Electabuzz|Electabuzz, L50, F|100/100
|-weather|Sandstorm|[from] ability: Sand Stream|[of] p1a: Tyranitar
|turn|1
|
|t:|1755987686
|move|p1b: Excadrill|Protect|p1b: Excadrill
|-singleturn|p1b: Excadrill|Protect
|move|p2b: Electabuzz|Protect|p2b: Electabuzz
|-singleturn|p2b: Electabuzz|Protect
|move|p2a: Kingambit|Protect|p2a: Kingambit
|-singleturn|p2a: Kingambit|Protect
|move|p1a: Tyranitar|Knock Off|p2b: Electabuzz
|-activate|p2b: Electabuzz|move: Protect
|
|-weather|Sandstorm|[upkeep]
|-damage|p2b: Electabuzz|95/100|[from] Sandstorm
|upkeep
|turn|2
|
|t:|1755987701
|-terastallize|p1a: Tyranitar|Flying
|-terastallize|p2a: Kingambit|Dark
|move|p2b: Electabuzz|Follow Me|p2b: Electabuzz
|-singleturn|p2b: Electabuzz|move: Follow Me
|move|p1b: Excadrill|Earthquake|p2a: Kingambit|[spread] p2a,p2b
|-immune|p1a: Tyranitar
|-supereffective|p2b: Electabuzz
|-damage|p2a: Kingambit|71/100
|-damage|p2b: Electabuzz|27/100
|move|p1a: Tyranitar|Low Kick|p2b: Electabuzz
|-crit|p2b: Electabuzz
|-damage|p2b: Electabuzz|2/100
|move|p2a: Kingambit|Kowtow Cleave|p1b: Excadrill
|-enditem|p1b: Excadrill|Focus Sash
|-damage|p1b: Excadrill|1/100
|
|-weather|Sandstorm|[upkeep]
|-damage|p2b: Electabuzz|0 fnt|[from] Sandstorm
|-damage|p1a: Tyranitar|94/100|[from] Sandstorm
|-damage|p2a: Kingambit|65/100|[from] Sandstorm
|faint|p2b: Electabuzz
|upkeep
|
|t:|1755987726
|switch|p2b: Dragonite|Dragonite, L50, F|100/100
|turn|3
|
|t:|1755987739
|move|p1b: Excadrill|Protect|p1b: Excadrill
|-singleturn|p1b: Excadrill|Protect
|move|p2a: Kingambit|Sucker Punch|p1a: Tyranitar
|-damage|p1a: Tyranitar|39/100
|move|p2b: Dragonite|Scale Shot|p1a: Tyranitar|[miss]
|-miss|p2b: Dragonite|p1a: Tyranitar
|move|p1a: Tyranitar|Rock Slide|p2a: Kingambit|[spread] p2a,p2b
|-supereffective|p2b: Dragonite
|-damage|p2a: Kingambit|43/100
|-damage|p2b: Dragonite|65/100
|
|-weather|Sandstorm|[upkeep]
|-damage|p2b: Dragonite|59/100|[from] Sandstorm
|-damage|p1a: Tyranitar|33/100|[from] Sandstorm
|-damage|p2a: Kingambit|38/100|[from] Sandstorm
|upkeep
|turn|4
|
|t:|1755987753
|switch|p1a: Indeedee|Indeedee, L50, M|100/100
|-fieldstart|move: Psychic Terrain|[from] ability: Psychic Surge|[of] p1a: Indeedee
|move|p2a: Kingambit|Sucker Punch|p1b: Excadrill
|-activate|p1b: Excadrill|move: Psychic Terrain
|move|p1b: Excadrill|Iron Head|p2b: Dragonite
|-damage|p2b: Dragonite|9/100
|cant|p2b: Dragonite|flinch
|
|-weather|Sandstorm|[upkeep]
|-damage|p1a: Indeedee|95/100|[from] Sandstorm
|-damage|p2b: Dragonite|3/100|[from] Sandstorm
|-damage|p2a: Kingambit|32/100|[from] Sandstorm
|upkeep
|turn|5
|
|t:|1755987767
|switch|p2b: Rillaboom|Rillaboom, L50, M|100/100
|-fieldstart|move: Grassy Terrain|[from] ability: Grassy Surge|[of] p2b: Rillaboom
|move|p2a: Kingambit|Sucker Punch|p1b: Excadrill
|-damage|p1b: Excadrill|0 fnt
|faint|p1b: Excadrill
|move|p1a: Indeedee|Expanding Force|p2b: Rillaboom
|-damage|p2b: Rillaboom|70/100
|
|-weather|none
|-heal|p1a: Indeedee|100/100|[from] Grassy Terrain
|-heal|p2b: Rillaboom|75/100|[from] Grassy Terrain
|-heal|p2a: Kingambit|38/100|[from] Grassy Terrain
|upkeep
|j| fall1n1
|
|t:|1755987782
|switch|p1b: Sneasler|Sneasler, L50, F|100/100
|turn|6
|
|t:|1755987790
|switch|p1a: Tyranitar|Tyranitar, L50, M, tera:Flying|33/100
|-weather|Sandstorm|[from] ability: Sand Stream|[of] p1a: Tyranitar
|move|p2b: Rillaboom|Fake Out|p1b: Sneasler
|-crit|p1b: Sneasler
|-damage|p1b: Sneasler|66/100
|move|p2a: Kingambit|Sucker Punch||[still]
|-fail|p2a: Kingambit
|cant|p1b: Sneasler|flinch
|
|-weather|Sandstorm|[upkeep]
|-damage|p1b: Sneasler|60/100|[from] Sandstorm
|-damage|p2b: Rillaboom|70/100|[from] Sandstorm
|-damage|p1a: Tyranitar|27/100|[from] Sandstorm
|-damage|p2a: Kingambit|32/100|[from] Sandstorm
|-heal|p1b: Sneasler|66/100|[from] Grassy Terrain
|-heal|p2b: Rillaboom|75/100|[from] Grassy Terrain
|-heal|p2a: Kingambit|38/100|[from] Grassy Terrain
|upkeep
|turn|7
|
|t:|1755987813
|move|p1b: Sneasler|Protect|p1b: Sneasler
|-singleturn|p1b: Sneasler|Protect
|move|p2a: Kingambit|Sucker Punch|p1a: Tyranitar
|-damage|p1a: Tyranitar|0 fnt
|faint|p1a: Tyranitar
|move|p2b: Rillaboom|High Horsepower|p1b: Sneasler
|-activate|p1b: Sneasler|move: Protect
|
|-weather|Sandstorm|[upkeep]
|-damage|p1b: Sneasler|60/100|[from] Sandstorm
|-damage|p2b: Rillaboom|70/100|[from] Sandstorm
|-damage|p2a: Kingambit|32/100|[from] Sandstorm
|-heal|p1b: Sneasler|66/100|[from] Grassy Terrain
|-heal|p2b: Rillaboom|75/100|[from] Grassy Terrain
|-heal|p2a: Kingambit|38/100|[from] Grassy Terrain
|upkeep
|
|t:|1755987816
|switch|p1a: Indeedee|Indeedee, L50, M|100/100
|-fieldstart|move: Psychic Terrain|[from] ability: Psychic Surge|[of] p1a: Indeedee
|-enditem|p1b: Sneasler|Psychic Seed
|-boost|p1b: Sneasler|spd|1|[from] item: Psychic Seed
|turn|8
|
|t:|1755987823
|switch|p2b: Dragonite|Dragonite, L50, F|3/100
|move|p2a: Kingambit|Protect|p2a: Kingambit
|-singleturn|p2a: Kingambit|Protect
|move|p1b: Sneasler|Dire Claw|p2b: Dragonite
|-crit|p2b: Dragonite
|-damage|p2b: Dragonite|0 fnt
|faint|p2b: Dragonite
|move|p1a: Indeedee|Dazzling Gleam|p2a: Kingambit
|-activate|p2a: Kingambit|move: Protect
|
|-weather|Sandstorm|[upkeep]
|-damage|p1b: Sneasler|60/100|[from] Sandstorm
|-damage|p1a: Indeedee|95/100|[from] Sandstorm
|-damage|p2a: Kingambit|32/100|[from] Sandstorm
|upkeep
|
|t:|1755987838
|switch|p2b: Rillaboom|Rillaboom, L50, M|75/100
|-fieldstart|move: Grassy Terrain|[from] ability: Grassy Surge|[of] p2b: Rillaboom
|turn|9
|
|t:|1755987845
|move|p2b: Rillaboom|Fake Out|p1b: Sneasler
|-damage|p1b: Sneasler|34/100
|move|p2a: Kingambit|Sucker Punch|p1a: Indeedee
|-supereffective|p1a: Indeedee
|-damage|p1a: Indeedee|0 fnt
|faint|p1a: Indeedee
|cant|p1b: Sneasler|flinch
|
|-weather|Sandstorm|[upkeep]
|-damage|p1b: Sneasler|28/100|[from] Sandstorm
|-damage|p2b: Rillaboom|70/100|[from] Sandstorm
|-damage|p2a: Kingambit|26/100|[from] Sandstorm
|-heal|p1b: Sneasler|34/100|[from] Grassy Terrain
|-heal|p2b: Rillaboom|75/100|[from] Grassy Terrain
|-heal|p2a: Kingambit|32/100|[from] Grassy Terrain
|upkeep
|turn|10
|-message|namboyVGC forfeited.
|
|win|marcosdeltasena31
|raw|namboyVGC's rating: 1375 → 1357(-18 for losing)
|raw|marcosdeltasena31's rating: 1410 → 1428(+18 for winning)
|l|☆namboyVGC
|player|p1|
