|j|☆florb morb
|j|☆Its Sushiii
|html|florb morbIts Sushiii    
|uhtml|bestof|Game 3 of a best-of-3
|t:|1786153047
|gametype|doubles
|player|p1|florb morb|benga|1136
|player|p2|Its Sushiii|265|1314
|gen|9
|tier|[Gen 9 Champions] VGC 2026 Reg M-B (Bo3)
|rated|
|rule|Species Clause: Limit one of each Pokémon
|rule|Item Clause: Limit 1 of each item
|clearpoke
|poke|p1|Farigiraf, L50, F|
|poke|p1|Torkoal, L50, F|
|poke|p1|Staraptor, L50, M|
|poke|p1|Incineroar, L50, F|
|poke|p1|Mawile, L50, M|
|poke|p1|Vileplume, L50, M|
|poke|p2|Tyranitar, L50, M|
|poke|p2|Excadrill, L50, F|
|poke|p2|Milotic, L50, M|
|poke|p2|Staraptor, L50, F|
|poke|p2|Gholdengo, L50|
|poke|p2|Farigiraf, L50, M|
|teampreview|4
|showteam|p1|Farigiraf||ColburBerry|ArmorTail|TrickRoom,Protect,HelpingHand,Thunderbolt|Modest||F|||50|]Torkoal||Charcoal|Drought|Eruption,HeatWave,EarthPower,Protect|Quiet||F|||50|]Staraptor||Staraptite|Intimidate|CloseCombat,BraveBird,FinalGambit,Protect|Jolly||M|||50|]Incineroar||SitrusBerry|Intimidate|FakeOut,FlareBlitz,DarkestLariat,PartingShot|Adamant||F|||50|]Mawile||Mawilite|HyperCutter|RockSlide,PlayRough,SuckerPunch,Protect|Brave||M|||50|]Vileplume||FocusSash|Chlorophyll|SludgeBomb,LeafStorm,AfterYou,Protect|Modest||M|||50|
|showteam|p2|Tyranitar||Tyranitarite|SandStream|RockSlide,KnockOff,IcePunch,Protect|Adamant||M|||50|]Excadrill||FocusSash|SandRush|HighHorsepower,IronHead,RockSlide,Protect|Adamant||F|||50|]Milotic||Leftovers|Competitive|Scald,IcyWind,Haze,Protect|Modest||M|||50|]Staraptor||Staraptite|Intimidate|BraveBird,CloseCombat,Tailwind,Protect|Jolly||F|||50|]Gholdengo||LifeOrb|GoodasGold|MakeItRain,ShadowBall,Thunderbolt,Protect|Modest|||||50|]Farigiraf||SitrusBerry|ArmorTail|Protect,PsychicFangs,GrassKnot,TrickRoom|Relaxed||M|||50|
|inactive|Battle timer is ON: inactive players will automatically lose when time's up. (requested by Its Sushiii)
|
|t:|1786153069
|teamsize|p1|4
|teamsize|p2|4
|start
|switch|p1a: Torkoal|Torkoal, L50, F|100/100
|switch|p1b: Vileplume|Vileplume, L50, M|100/100
|switch|p2a: Excadrill|Excadrill, L50, F|100/100
|switch|p2b: Milotic|Milotic, L50, M|100/100
|-weather|SunnyDay|[from] ability: Drought|[of] p1a: Torkoal
|turn|1
|inactive|Its Sushiii has 30 seconds left.
|
|t:|1786153096
|switch|p2b: Tyranitar|Tyranitar, L50, M|100/100
|-weather|Sandstorm|[from] ability: Sand Stream|[of] p2b: Tyranitar
|switch|p1a: Incineroar|Incineroar, L50, F|100/100
|-ability|p1a: Incineroar|Intimidate|boost
|-unboost|p2a: Excadrill|atk|1
|-unboost|p2b: Tyranitar|atk|1
|move|p2a: Excadrill|High Horsepower|p1a: Incineroar
|-supereffective|p1a: Incineroar|1
|-damage|p1a: Incineroar|21/100
|-enditem|p1a: Incineroar|Sitrus Berry|[eat]
|-heal|p1a: Incineroar|45/100|[from] item: Sitrus Berry
|move|p1b: Vileplume|Leaf Storm|p2b: Tyranitar
|-supereffective|p2b: Tyranitar|1
|-damage|p2b: Tyranitar|16/100
|-unboost|p1b: Vileplume|spa|2
|
|-weather|Sandstorm|[upkeep]
|-damage|p1b: Vileplume|94/100|[from] Sandstorm
|-damage|p1a: Incineroar|40/100|[from] Sandstorm
|upkeep
|turn|2
|inactive|florb morb has 30 seconds left.
|inactive|Its Sushiii has 30 seconds left.
|inactive|florb morb has 20 seconds left.
|inactive|florb morb has 15 seconds left.
|inactive|florb morb has 10 seconds left.
|inactive|florb morb has 5 seconds left.
|
|t:|1786153148
|switch|p2b: Farigiraf|Farigiraf, L50, M|100/100
|move|p1a: Incineroar|Fake Out||[still]
|cant|p2b: Farigiraf|ability: Armor Tail|Fake Out|[of] p1a: Incineroar
|move|p2a: Excadrill|High Horsepower|p1a: Incineroar
|-supereffective|p1a: Incineroar|1
|-damage|p1a: Incineroar|0 fnt
|faint|p1a: Incineroar
|move|p1b: Vileplume|Leaf Storm|p2b: Farigiraf
|-damage|p2b: Farigiraf|63/100
|-unboost|p1b: Vileplume|spa|2
|
|-weather|Sandstorm|[upkeep]
|-damage|p1b: Vileplume|88/100|[from] Sandstorm
|-damage|p2b: Farigiraf|57/100|[from] Sandstorm
|upkeep
|
|t:|1786153154
|switch|p1a: Staraptor|Staraptor, L50, M|100/100
|-ability|p1a: Staraptor|Intimidate|boost
|-unboost|p2a: Excadrill|atk|1
|-unboost|p2b: Farigiraf|atk|1
|turn|3
|inactive|Its Sushiii has 30 seconds left.
|inactive|Its Sushiii has 20 seconds left.
|inactive|Its Sushiii has 15 seconds left.
|inactive|Its Sushiii has 10 seconds left.
|
|t:|1786153201
|switch|p1b: Torkoal|Torkoal, L50, F|100/100
|-weather|SunnyDay|[from] ability: Drought|[of] p1b: Torkoal
|switch|p2b: Milotic|Milotic, L50, M|100/100
|detailschange|p1a: Staraptor|Staraptor-Mega, L50, M
|-mega|p1a: Staraptor|Staraptor|Staraptite
|move|p1a: Staraptor|Close Combat|p2a: Excadrill
|-supereffective|p2a: Excadrill|1
|-enditem|p2a: Excadrill|Focus Sash
|-damage|p2a: Excadrill|1/100
|-boost|p1a: Staraptor|def|1
|-boost|p1a: Staraptor|spd|1
|move|p2a: Excadrill|Rock Slide|p1a: Staraptor|[spread] p1a,p1b
|-supereffective|p1b: Torkoal|1
|-damage|p1a: Staraptor|93/100
|-damage|p1b: Torkoal|84/100
|
|-weather|SunnyDay|[upkeep]
|upkeep
|turn|4
|inactive|florb morb has 30 seconds left.
|inactive|Its Sushiii has 30 seconds left.
|inactive|florb morb has 20 seconds left.
|inactive|florb morb has 15 seconds left.
|
|t:|1786153242
|switch|p1b: Vileplume|Vileplume, L50, M|88/100
|move|p2a: Excadrill|Protect|p2a: Excadrill
|-singleturn|p2a: Excadrill|Protect
|move|p1a: Staraptor|Close Combat|p2a: Excadrill
|-activate|p2a: Excadrill|move: Protect
|move|p2b: Milotic|Haze|p2b: Milotic
|-clearallboost
|
|-weather|SunnyDay|[upkeep]
|upkeep
|turn|5
|inactive|Its Sushiii has 30 seconds left.
|
|t:|1786153275
|switch|p2b: Tyranitar|Tyranitar, L50, M|16/100
|-weather|Sandstorm|[from] ability: Sand Stream|[of] p2b: Tyranitar
|move|p2a: Excadrill|Rock Slide|p1a: Staraptor|[spread] p1a,p1b
|-damage|p1a: Staraptor|74/100
|-damage|p1b: Vileplume|59/100
|move|p1a: Staraptor|Close Combat|p2a: Excadrill
|-supereffective|p2a: Excadrill|1
|-damage|p2a: Excadrill|0 fnt
|-boost|p1a: Staraptor|def|1
|-boost|p1a: Staraptor|spd|1
|faint|p2a: Excadrill
|move|p1b: Vileplume|Leaf Storm|p2b: Tyranitar
|-supereffective|p2b: Tyranitar|1
|-damage|p2b: Tyranitar|0 fnt
|-unboost|p1b: Vileplume|spa|2
|faint|p2b: Tyranitar
|
|-weather|Sandstorm|[upkeep]
|-damage|p1a: Staraptor|68/100|[from] Sandstorm
|-damage|p1b: Vileplume|53/100|[from] Sandstorm
|upkeep
|
|t:|1786153294
|switch|p2a: Farigiraf|Farigiraf, L50, M|57/100
|switch|p2b: Milotic|Milotic, L50, M|100/100
|turn|6
|inactive|Its Sushiii has 30 seconds left.
|inactive|Its Sushiii has 20 seconds left.
|
|t:|1786153334
|move|p2b: Milotic|Protect|p2b: Milotic
|-singleturn|p2b: Milotic|Protect
|move|p1a: Staraptor|Close Combat|p2b: Milotic
|-activate|p2b: Milotic|move: Protect
|move|p1b: Vileplume|Leaf Storm|p2b: Milotic
|-activate|p2b: Milotic|move: Protect
|move|p2a: Farigiraf|Psychic Fangs|p1b: Vileplume
|-supereffective|p1b: Vileplume|1
|-damage|p1b: Vileplume|0 fnt
|faint|p1b: Vileplume
|
|-weather|Sandstorm|[upkeep]
|-damage|p1a: Staraptor|61/100|[from] Sandstorm
|-damage|p2b: Milotic|94/100|[from] Sandstorm
|-damage|p2a: Farigiraf|51/100|[from] Sandstorm
|-heal|p2b: Milotic|100/100|[from] item: Leftovers
|upkeep
|
|t:|1786153338
|switch|p1b: Torkoal|Torkoal, L50, F|84/100
|-weather|SunnyDay|[from] ability: Drought|[of] p1b: Torkoal
|turn|7
|
|t:|1786153362
|move|p1a: Staraptor|Protect|p1a: Staraptor
|-singleturn|p1a: Staraptor|Protect
|move|p2b: Milotic|Haze|p2b: Milotic
|-clearallboost
|move|p2a: Farigiraf|Psychic Fangs|p1a: Staraptor
|-activate|p1a: Staraptor|move: Protect
|move|p1b: Torkoal|Heat Wave|p2b: Milotic|[spread] p2a
|-miss|p1b: Torkoal|p2b: Milotic
|-damage|p2a: Farigiraf|0 fnt
|faint|p2a: Farigiraf
|
|-weather|SunnyDay|[upkeep]
|upkeep
|turn|8
|inactive|florb morb has 30 seconds left.
|
|t:|1786153391
|move|p1a: Staraptor|Close Combat|p2b: Milotic
|-damage|p2b: Milotic|49/100
|-boost|p1a: Staraptor|def|1
|-boost|p1a: Staraptor|spd|1
|move|p2b: Milotic|Scald|p1a: Staraptor
|-crit|p1a: Staraptor
|-damage|p1a: Staraptor|38/100
|move|p1b: Torkoal|Heat Wave|p2b: Milotic
|-resisted|p2b: Milotic|1
|-damage|p2b: Milotic|23/100
|
|-weather|SunnyDay|[upkeep]
|-heal|p2b: Milotic|29/100|[from] item: Leftovers
|upkeep
|turn|9
|-message|Its Sushiii forfeited.
|
|win|florb morb
|raw|florb morb's rating: 1136 → 1173(+37 for winning)
|raw|Its Sushiii's rating: 1314 → 1285(-29 for losing)
|c|☆florb morb|Gg
|l|☆florb morb
|player|p1|
