|j|☆Drubird
|j|☆nero1694
|html|Drubirdnero1694    
|uhtml|bestof|Game 2 of a best-of-3
|t:|1757170439
|gametype|doubles
|player|p1|Drubird|1|1039
|player|p2|nero1694|n|1122
|gen|9
|tier|[Gen 9] VGC 2025 Reg H (Bo3)
|rated|
|rule|Species Clause: Limit one of each Pokémon
|rule|Item Clause: Limit 1 of each item
|clearpoke
|poke|p1|Gothitelle, L50, M|
|poke|p1|Incineroar, L50, F|
|poke|p1|Rillaboom, L50, M|
|poke|p1|Amoonguss, L50, M|
|poke|p1|Primarina, L50, F|
|poke|p1|Pelipper, L50, M|
|poke|p2|Sneasler, L50, M|
|poke|p2|Indeedee, L50, M|
|poke|p2|Ursaluna-Bloodmoon, L50, M|
|poke|p2|Electabuzz, L50, M|
|poke|p2|Incineroar, L50, F|
|poke|p2|Talonflame, L50, F|
|teampreview|4
|showteam|p1|Gothitelle||CovertCloak|ShadowTag|FakeOut,FoulPlay,Taunt,HelpingHand|||M|||50|,,,,,Dark]Incineroar||SafetyGoggles|Intimidate|FakeOut,KnockOff,FlareBlitz,PartingShot|||F|||50|,,,,,Ghost]Rillaboom||AssaultVest|GrassySurge|Earthquake,GrassyGlide,FakeOut,Uturn|||M|||50|,,,,,Fire]Amoonguss||MentalHerb|Regenerator|PollenPuff,Spore,RagePowder,SludgeBomb|||M|||50|,,,,,Water]Primarina||SitrusBerry|LiquidVoice|HyperVoice,DazzlingGleam,PerishSong,Protect|||F|||50|,,,,,Stellar]Pelipper||FocusSash|Drizzle|Hurricane,WeatherBall,Tailwind,Protect|||M|||50|,,,,,Grass
|showteam|p2|Sneasler||PsychicSeed|Unburden|CloseCombat,DireClaw,ThroatChop,Protect|||M|||50|,,,,,Dark]Indeedee||FocusSash|PsychicSurge|ExpandingForce,TrickRoom,Imprison,TeraBlast|||M|||50|,,,,,Fighting]Ursaluna-Bloodmoon||AssaultVest|MindsEye|BloodMoon,HyperVoice,EarthPower,VacuumWave|||M|||50|,,,,,Normal]Electabuzz||Eviolite|VitalSpirit|Electroweb,FollowMe,Taunt,Protect|||M|||50|,,,,,Ghost]Incineroar||SafetyGoggles|Intimidate|FlareBlitz,KnockOff,PartingShot,FakeOut|||F|||50|,,,,,Ghost]Talonflame||CovertCloak|GaleWings|FlareBlitz,DualWingbeat,WillOWisp,Tailwind|||F|||50|,,,,,Fairy
|inactive|Battle timer is ON: inactive players will automatically lose when time's up. (requested by nero1694)
|
|t:|1757170454
|teamsize|p1|4
|teamsize|p2|4
|start
|switch|p1a: Incineroar|Incineroar, L50, F|100/100
|switch|p1b: Rillaboom|Rillaboom, L50, M|100/100
|switch|p2a: Incineroar|Incineroar, L50, F|100/100
|switch|p2b: Electabuzz|Electabuzz, L50, M|100/100
|-ability|p2a: Incineroar|Intimidate|boost
|-unboost|p1a: Incineroar|atk|1
|-unboost|p1b: Rillaboom|atk|1
|-fieldstart|move: Grassy Terrain|[from] ability: Grassy Surge|[of] p1b: Rillaboom
|-ability|p1a: Incineroar|Intimidate|boost
|-unboost|p2a: Incineroar|atk|1
|-unboost|p2b: Electabuzz|atk|1
|turn|1
|
|t:|1757170477
|switch|p2b: Sneasler|Sneasler, L50, M|100/100
|move|p2a: Incineroar|Fake Out|p1a: Incineroar
|-damage|p1a: Incineroar|93/100
|move|p1b: Rillaboom|Fake Out|p2a: Incineroar
|-damage|p2a: Incineroar|91/100
|cant|p1a: Incineroar|flinch
|
|-heal|p2a: Incineroar|97/100|[from] Grassy Terrain
|-heal|p1a: Incineroar|99/100|[from] Grassy Terrain
|upkeep
|turn|2
|inactive|Drubird has 30 seconds left.
|
|t:|1757170512
|switch|p1b: Pelipper|Pelipper, L50, M|100/100
|-weather|RainDance|[from] ability: Drizzle|[of] p1b: Pelipper
|switch|p1a: Primarina|Primarina, L50, F|100/100
|move|p2b: Sneasler|Dire Claw|p1b: Pelipper
|-damage|p1b: Pelipper|42/100
|move|p2a: Incineroar|Parting Shot|p1a: Primarina
|-unboost|p1a: Primarina|atk|1
|-unboost|p1a: Primarina|spa|1
|
|t:|1757170520
|switch|p2a: Electabuzz|Electabuzz, L50, M|100/100|[from] Parting Shot
|
|-weather|RainDance|[upkeep]
|upkeep
|turn|3
|
|t:|1757170540
|move|p1a: Primarina|Protect|p1a: Primarina
|-singleturn|p1a: Primarina|Protect
|move|p2b: Sneasler|Dire Claw|p1a: Primarina
|-activate|p1a: Primarina|move: Protect
|move|p2a: Electabuzz|Electroweb|p1b: Pelipper|[spread] p1b
|-activate|p1a: Primarina|move: Protect
|-supereffective|p1b: Pelipper
|-damage|p1b: Pelipper|0 fnt
|faint|p1b: Pelipper
|
|-weather|RainDance|[upkeep]
|upkeep
|
|t:|1757170555
|switch|p1b: Incineroar|Incineroar, L50, F|99/100
|-ability|p1b: Incineroar|Intimidate|boost
|-unboost|p2a: Electabuzz|atk|1
|-unboost|p2b: Sneasler|atk|1
|turn|4
|
|t:|1757170569
|move|p2a: Electabuzz|Protect|p2a: Electabuzz
|-singleturn|p2a: Electabuzz|Protect
|move|p2b: Sneasler|Protect|p2b: Sneasler
|-singleturn|p2b: Sneasler|Protect
|move|p1b: Incineroar|Fake Out|p2b: Sneasler
|-activate|p2b: Sneasler|move: Protect
|move|p1a: Primarina|Perish Song|p1a: Primarina
|-start|p1a: Primarina|perish3|[silent]
|-start|p1b: Incineroar|perish3|[silent]
|-start|p2a: Electabuzz|perish3|[silent]
|-start|p2b: Sneasler|perish3|[silent]
|-fieldactivate|move: Perish Song
|
|-weather|RainDance|[upkeep]
|-heal|p1b: Incineroar|100/100|[from] Grassy Terrain
|-start|p2b: Sneasler|perish3
|-start|p2a: Electabuzz|perish3
|-start|p1a: Primarina|perish3
|-start|p1b: Incineroar|perish3
|upkeep
|turn|5
|
|t:|1757170592
|switch|p2b: Ursaluna|Ursaluna-Bloodmoon, L50, M|100/100
|-terastallize|p1b: Incineroar|Ghost
|move|p1a: Primarina|Protect|p1a: Primarina
|-singleturn|p1a: Primarina|Protect
|move|p2a: Electabuzz|Electroweb|p1b: Incineroar|[spread] p1b
|-activate|p1a: Primarina|move: Protect
|-damage|p1b: Incineroar|89/100
|-unboost|p1b: Incineroar|spe|1
|move|p1b: Incineroar|Parting Shot|p2b: Ursaluna
|-unboost|p2b: Ursaluna|atk|1
|-unboost|p2b: Ursaluna|spa|1
|
|t:|1757170615
|switch|p1b: Rillaboom|Rillaboom, L50, M|100/100|[from] Parting Shot
|
|-weather|RainDance|[upkeep]
|-start|p2a: Electabuzz|perish2
|-start|p1a: Primarina|perish2
|-fieldend|move: Grassy Terrain
|upkeep
|turn|6
|inactive|Drubird has 30 seconds left.
|inactive|nero1694 has 30 seconds left.
|inactive|nero1694 has 20 seconds left.
|inactive|nero1694 has 15 seconds left.
|inactive|nero1694 has 10 seconds left.
|inactive|nero1694 has 5 seconds left.
|
|t:|1757170675
|-terastallize|p2b: Ursaluna|Normal
|move|p2a: Electabuzz|Electroweb|p1a: Primarina|[spread] p1a
|-miss|p2a: Electabuzz|p1b: Rillaboom
|-supereffective|p1a: Primarina
|-damage|p1a: Primarina|78/100
|-unboost|p1a: Primarina|spe|1
|move|p1b: Rillaboom|U-turn|p2b: Ursaluna
|-damage|p2b: Ursaluna|83/100
|
|t:|1757170684
|switch|p1b: Incineroar|Incineroar, L50, F, tera:Ghost|89/100|[from] U-turn
|-ability|p1b: Incineroar|Intimidate|boost
|-unboost|p2a: Electabuzz|atk|1
|-unboost|p2b: Ursaluna|atk|1
|move|p2b: Ursaluna|Hyper Voice|p1b: Incineroar|[spread] p1a,p1b
|-damage|p1a: Primarina|48/100
|-damage|p1b: Incineroar|59/100
|-enditem|p1a: Primarina|Sitrus Berry|[eat]
|-heal|p1a: Primarina|72/100|[from] item: Sitrus Berry
|move|p1a: Primarina|Hyper Voice|p2b: Ursaluna|[spread] p2a,p2b
|-damage|p2a: Electabuzz|70/100
|-damage|p2b: Ursaluna|52/100
|
|-weather|none
|-start|p2a: Electabuzz|perish1
|-start|p1a: Primarina|perish1
|upkeep
|turn|7
|inactive|nero1694 has 30 seconds left.
|
|t:|1757170717
|switch|p2a: Incineroar|Incineroar, L50, F|97/100
|-ability|p2a: Incineroar|Intimidate|boost
|-unboost|p1a: Primarina|atk|1
|-unboost|p1b: Incineroar|atk|1
|switch|p2b: Sneasler|Sneasler, L50, M|100/100
|switch|p1a: Rillaboom|Rillaboom, L50, M|100/100
|-fieldstart|move: Grassy Terrain|[from] ability: Grassy Surge|[of] p1a: Rillaboom
|move|p1b: Incineroar|Knock Off|p2b: Sneasler
|-resisted|p2b: Sneasler
|-damage|p2b: Sneasler|77/100
|-enditem|p2b: Sneasler|Psychic Seed|[from] move: Knock Off|[of] p1b: Incineroar
|
|-heal|p2b: Sneasler|83/100|[from] Grassy Terrain
|-heal|p2a: Incineroar|100/100|[from] Grassy Terrain
|-heal|p1b: Incineroar|65/100|[from] Grassy Terrain
|upkeep
|turn|8
|
|t:|1757170739
|move|p1a: Rillaboom|Fake Out|p2b: Sneasler
|-damage|p2b: Sneasler|59/100
|move|p2a: Incineroar|Fake Out|p1a: Rillaboom
|-damage|p1a: Rillaboom|91/100
|cant|p2b: Sneasler|flinch
|move|p1b: Incineroar|Flare Blitz|p2b: Sneasler
|-damage|p2b: Sneasler|2/100
|-damage|p1b: Incineroar|51/100|[from] Recoil
|
|-heal|p2b: Sneasler|8/100|[from] Grassy Terrain
|-heal|p1a: Rillaboom|97/100|[from] Grassy Terrain
|-heal|p1b: Incineroar|57/100|[from] Grassy Terrain
|upkeep
|turn|9
|
|t:|1757170761
|switch|p2b: Electabuzz|Electabuzz, L50, M|70/100
|move|p1a: Rillaboom|Grassy Glide|p2b: Electabuzz
|-damage|p2b: Electabuzz|36/100
|move|p2a: Incineroar|Knock Off|p1b: Incineroar
|-supereffective|p1b: Incineroar
|-damage|p1b: Incineroar|0 fnt
|-enditem|p1b: Incineroar|Safety Goggles|[from] move: Knock Off|[of] p2a: Incineroar
|faint|p1b: Incineroar
|
|-heal|p2b: Electabuzz|41/100|[from] Grassy Terrain
|-heal|p1a: Rillaboom|100/100|[from] Grassy Terrain
|upkeep
|
|t:|1757170769
|switch|p1b: Primarina|Primarina, L50, F|72/100
|turn|10
|
|t:|1757170788
|move|p2b: Electabuzz|Protect|p2b: Electabuzz
|-singleturn|p2b: Electabuzz|Protect
|move|p1a: Rillaboom|Grassy Glide|p2b: Electabuzz
|-activate|p2b: Electabuzz|move: Protect
|move|p2a: Incineroar|Knock Off|p1a: Rillaboom
|-damage|p1a: Rillaboom|65/100
|-enditem|p1a: Rillaboom|Assault Vest|[from] move: Knock Off|[of] p2a: Incineroar
|move|p1b: Primarina|Hyper Voice|p2a: Incineroar|[spread] p2a
|-activate|p2b: Electabuzz|move: Protect
|-supereffective|p2a: Incineroar
|-damage|p2a: Incineroar|41/100
|
|-heal|p2b: Electabuzz|47/100|[from] Grassy Terrain
|-heal|p1a: Rillaboom|71/100|[from] Grassy Terrain
|-heal|p2a: Incineroar|47/100|[from] Grassy Terrain
|-heal|p1b: Primarina|78/100|[from] Grassy Terrain
|upkeep
|turn|11
|
|t:|1757170803
|move|p1a: Rillaboom|Grassy Glide|p2b: Electabuzz
|-damage|p2b: Electabuzz|11/100
|move|p2b: Electabuzz|Electroweb|p1b: Primarina|[spread] p1a,p1b
|-resisted|p1a: Rillaboom
|-supereffective|p1b: Primarina
|-damage|p1a: Rillaboom|63/100
|-damage|p1b: Primarina|56/100
|-unboost|p1a: Rillaboom|spe|1
|-unboost|p1b: Primarina|spe|1
|move|p2a: Incineroar|Flare Blitz|p1a: Rillaboom
|-supereffective|p1a: Rillaboom
|-damage|p1a: Rillaboom|0 fnt
|faint|p1a: Rillaboom
|-damage|p2a: Incineroar|25/100|[from] Recoil
|move|p1b: Primarina|Hyper Voice|p2a: Incineroar|[spread] p2a,p2b
|-supereffective|p2a: Incineroar
|-damage|p2a: Incineroar|0 fnt
|-damage|p2b: Electabuzz|0 fnt
|faint|p2a: Incineroar
|faint|p2b: Electabuzz
|
|-heal|p1b: Primarina|62/100|[from] Grassy Terrain
|-fieldend|move: Grassy Terrain
|upkeep
|
|t:|1757170807
|switch|p2b: Ursaluna|Ursaluna-Bloodmoon, L50, M, tera:Normal|52/100
|switch|p2a: Sneasler|Sneasler, L50, M|8/100
|turn|12
|
|t:|1757170814
|move|p2a: Sneasler|Dire Claw|p1b: Primarina
|-supereffective|p1b: Primarina
|-damage|p1b: Primarina|0 fnt
|faint|p1b: Primarina
|
|win|nero1694
|l|☆Drubird
|player|p1|
||Drubird is ready for game 3.
|inactive|nero1694 has 30 seconds to confirm battle start!
||nero1694 is ready for game 3.
|uhtml|next|Next: Game 3 of 3
|l|☆nero1694
|player|p2|
|j|☆nero1694
|player|p2|nero1694|n|
