|j|☆CaldoDePatas
|j|☆avingknew
|html|CaldoDePatasavingknew    
|uhtml|bestof|Game 1 of a best-of-3
|t:|1783106968
|gametype|doubles
|player|p1|CaldoDePatas|sage|1053
|player|p2|avingknew|iris|1030
|gen|9
|tier|[Gen 9 Champions] VGC 2026 Reg M-B (Bo3)
|rated|
|rule|Species Clause: Limit one of each Pokémon
|rule|Item Clause: Limit 1 of each item
|clearpoke
|poke|p1|Froslass, L50, F|
|poke|p1|Mamoswine, L50, F|
|poke|p1|Sneasler, L50, M|
|poke|p1|Palafin, L50, M|
|poke|p1|Rotom-Heat, L50|
|poke|p1|Sinistcha, L50|
|poke|p2|Froslass, L50, F|
|poke|p2|Garchomp, L50, F, shiny|
|poke|p2|Ceruledge, L50, M, shiny|
|poke|p2|Sylveon, L50, F|
|poke|p2|Lycanroc-Dusk, L50, F|
|poke|p2|Milotic, L50, F, shiny|
|teampreview|4
|showteam|p1|Froslass||Froslassite|CursedBody|Blizzard,IcyWind,AuroraVeil,Protect|Modest||F|||50|]Mamoswine||LifeOrb|Oblivious|HighHorsepower,IcicleCrash,RockSlide,Protect|Adamant||F|||50|]Sneasler||FocusSash|Unburden|CloseCombat,DireClaw,FakeOut,Coaching|Adamant||M|||50|]Palafin||MysticWater|ZerotoHero|WaveCrash,JetPunch,DrainPunch,Protect|Adamant||M|||50|]Rotom-Heat||SitrusBerry|Levitate|Overheat,Thunderbolt,WillOWisp,Protect|Modest|||||50|]Sinistcha||OccaBerry|Hospitality|MatchaGotcha,TrickRoom,RagePowder,LifeDew|Bold|||||50|
|showteam|p2|Froslass||Froslassite|CursedBody|Protect,Blizzard,ShadowBall,AuroraVeil|Timid||F|||50|]Garchomp||LifeOrb|RoughSkin|Protect,DragonClaw,Earthquake,RockSlide|Jolly||F|||50|]Ceruledge||Charcoal|FlashFire|Protect,BitterBlade,ShadowSneak,SwordsDance|Jolly||M|||50|]Sylveon||FairyFeather|Pixilate|Detect,HyperVoice,QuickAttack,ShadowBall|Calm||F|||50|]Lycanroc-Dusk||FocusSash|ToughClaws|Protect,RockSlide,CloseCombat,PsychicFangs|Jolly||F|||50|]Milotic||Leftovers|Competitive|Hypnosis,HelpingHand,Scald,Blizzard|Bold||F|||50|
|inactive|Battle timer is ON: inactive players will automatically lose when time's up. (requested by CaldoDePatas)
|l|☆CaldoDePatas
|inactive|CaldoDePatas disconnected and has a minute to reconnect!
|player|p1|
|j|☆CaldoDePatas
|inactive|CaldoDePatas reconnected.
|player|p1|CaldoDePatas|sage|
|inactive|avingknew has 60 seconds left.
|
|t:|1783107047
|teamsize|p1|4
|teamsize|p2|4
|start
|switch|p1a: Palafin|Palafin, L50, M|100/100
|switch|p1b: Froslass|Froslass, L50, F|100/100
|switch|p2a: Canidae|Lycanroc-Dusk, L50, F|100/100
|switch|p2b: Milotic|Milotic, L50, F, shiny|100/100
|turn|1
|inactive|avingknew has 30 seconds left.
|inactive|avingknew has 20 seconds left.
|
|t:|1783107083
|detailschange|p1a: Palafin|Palafin-Hero, L50, M
|switch|p1a: Sinistcha|Sinistcha, L50|100/100
|detailschange|p1b: Froslass|Froslass-Mega, L50, F
|-mega|p1b: Froslass|Froslass|Froslassite
|-weather|Snowscape|[from] ability: Snow Warning|[of] p1b: Froslass
|move|p2a: Canidae|Protect|p2a: Canidae
|-singleturn|p2a: Canidae|Protect
|move|p1b: Froslass|Protect|p1b: Froslass
|-singleturn|p1b: Froslass|Protect
|move|p2b: Milotic|Blizzard|p1b: Froslass|[spread] p1a
|-activate|p1b: Froslass|move: Protect
|-supereffective|p1a: Sinistcha|1
|-damage|p1a: Sinistcha|57/100
|
|-weather|Snowscape|[upkeep]
|upkeep
|turn|2
|inactive|CaldoDePatas has 30 seconds left.
|inactive|avingknew has 30 seconds left.
|
|t:|1783107111
|move|p2a: Canidae|Psychic Fangs|p1b: Froslass
|-crit|p1b: Froslass
|-damage|p1b: Froslass|44/100
|move|p1b: Froslass|Aurora Veil|p1b: Froslass
|-sidestart|p1: CaldoDePatas|move: Aurora Veil
|move|p2b: Milotic|Blizzard|p1a: Sinistcha|[spread] p1a,p1b
|-supereffective|p1a: Sinistcha|1
|-resisted|p1b: Froslass|1
|-damage|p1a: Sinistcha|30/100
|-damage|p1b: Froslass|37/100
|move|p1a: Sinistcha|Matcha Gotcha|p2a: Canidae|[spread] p2a,p2b
|-supereffective|p2a: Canidae|1
|-supereffective|p2b: Milotic|1
|-damage|p2a: Canidae|16/100
|-heal|p1a: Sinistcha|65/100|[from] drain|[of] p2a: Canidae
|-damage|p2b: Milotic|64/100
|-heal|p1a: Sinistcha|86/100|[from] drain|[of] p2b: Milotic
|
|-weather|Snowscape|[upkeep]
|-heal|p2b: Milotic|70/100|[from] item: Leftovers
|upkeep
|turn|3
|
|t:|1783107132
|move|p1b: Froslass|Protect|p1b: Froslass
|-singleturn|p1b: Froslass|Protect
|move|p2a: Canidae|Psychic Fangs|p1a: Sinistcha
|-sideend|p1: CaldoDePatas|move: Aurora Veil
|-crit|p1a: Sinistcha
|-damage|p1a: Sinistcha|39/100
|move|p2b: Milotic|Blizzard|p1a: Sinistcha|[spread] p1a
|-activate|p1b: Froslass|move: Protect
|-supereffective|p1a: Sinistcha|1
|-damage|p1a: Sinistcha|0 fnt
|faint|p1a: Sinistcha
|
|-weather|Snowscape|[upkeep]
|-heal|p2b: Milotic|76/100|[from] item: Leftovers
|upkeep
|
|t:|1783107143
|switch|p1a: Palafin|Palafin-Hero, L50, M|100/100
|-activate|p1a: Palafin|ability: Zero to Hero
|turn|4
|inactive|avingknew has 30 seconds left.
|
|t:|1783107171
|move|p2a: Canidae|Protect|p2a: Canidae
|-singleturn|p2a: Canidae|Protect
|move|p1a: Palafin|Jet Punch|p2a: Canidae
|-activate|p2a: Canidae|move: Protect
|move|p1b: Froslass|Blizzard|p2a: Canidae|[spread] p2b
|-activate|p2a: Canidae|move: Protect
|-resisted|p2b: Milotic|1
|-damage|p2b: Milotic|58/100
|move|p2b: Milotic|Hypnosis|p1a: Palafin
|-status|p1a: Palafin|slp|[from] move: Hypnosis
|
|-weather|Snowscape|[upkeep]
|-heal|p2b: Milotic|64/100|[from] item: Leftovers
|upkeep
|turn|5
|
|t:|1783107194
|move|p1b: Froslass|Protect|p1b: Froslass
|-singleturn|p1b: Froslass|Protect
|move|p2a: Canidae|Rock Slide|p1a: Palafin|[spread] p1a
|-activate|p1b: Froslass|move: Protect
|-damage|p1a: Palafin|73/100 slp
|cant|p1a: Palafin|slp
|move|p2b: Milotic|Blizzard|p1b: Froslass|[spread] p1a
|-activate|p1b: Froslass|move: Protect
|-resisted|p1a: Palafin|1
|-damage|p1a: Palafin|63/100 slp
|
|-weather|none
|-heal|p2b: Milotic|70/100|[from] item: Leftovers
|upkeep
|turn|6
|inactive|CaldoDePatas has 30 seconds left.
|
|t:|1783107221
|move|p2a: Canidae|Protect|p2a: Canidae
|-singleturn|p2a: Canidae|Protect
|-curestatus|p1a: Palafin|slp|[msg]
|move|p1a: Palafin|Jet Punch|p2a: Canidae
|-activate|p2a: Canidae|move: Protect
|move|p1b: Froslass|Icy Wind|p2b: Milotic|[spread] p2b
|-activate|p2a: Canidae|move: Protect
|-resisted|p2b: Milotic|1
|-damage|p2b: Milotic|62/100
|-unboost|p2b: Milotic|spe|1
|-ability|p2b: Milotic|Competitive|boost
|-boost|p2b: Milotic|spa|2
|move|p2b: Milotic|Scald|p1b: Froslass
|-crit|p1b: Froslass
|-damage|p1b: Froslass|0 fnt
|faint|p1b: Froslass
|
|-heal|p2b: Milotic|68/100|[from] item: Leftovers
|upkeep
|c|☆avingknew|:3
|-message|CaldoDePatas forfeited.
|raw|CaldoDePatas's rating: 1053 → 1034(-19 for losing)
|raw|avingknew's rating: 1030 → 1068(+38 for winning)
|
|win|avingknew
|l|☆CaldoDePatas
|player|p1|
