|j|☆Grenblze7475
|j|☆thebabyxan
|html|Grenblze7475thebabyxan    
|uhtml|bestof|Game 1 of a best-of-3
|t:|1784005716
|gametype|doubles
|player|p1|Grenblze7475|169|
|player|p2|thebabyxan|lance|
|gen|9
|tier|[Gen 9 Champions] VGC 2026 Reg M-B (Bo3)
|rule|Species Clause: Limit one of each Pokémon
|rule|Item Clause: Limit 1 of each item
|clearpoke
|poke|p1|Aggron, L50, M|
|poke|p1|Clefable, L50, M|
|poke|p1|Sinistcha, L50|
|poke|p1|Aegislash, L50, M|
|poke|p1|Corviknight, L50, F|
|poke|p1|Farigiraf, L50, F|
|poke|p2|Swampert, L50, F, shiny|
|poke|p2|Farigiraf, L50, M|
|poke|p2|Grimmsnarl, L50, M, shiny|
|poke|p2|Pelipper, L50, M|
|poke|p2|Archaludon, L50, F, shiny|
|poke|p2|Whimsicott, L50, F|
|teampreview|4
|showteam|p1|Aggron||Aggronite|RockHead|HeadSmash,SteelRoller,DoubleEdge,RockSlide|Adamant||M|||50|]Clefable||Leftovers|Unaware|HealPulse,HelpingHand,FollowMe,Moonblast|Sassy||M|||50|]Sinistcha||ExpertBelt|Hospitality|ShadowBall,MatchaGotcha,NastyPlot,TrickRoom|Bold|||||50|]Aegislash||KasibBerry|StanceChange|SwordsDance,ShadowSneak,KingsShield,SacredSword|Adamant||M|||50|]Corviknight||OccaBerry|Pressure|Roost,FeatherDance,DrillPeck,BodyPress|Careful||F|||50|]Farigiraf||SitrusBerry|ArmorTail|TrickRoom,CalmMind,BatonPass,HyperVoice|Quiet||F|||50|
|showteam|p2|Swampert||Swampertite|Torrent|Protect,WaveCrash,Earthquake,IcePunch|Adamant||F|||50|]Farigiraf||ColburBerry|SapSipper|SkillSwap,Psychic,AllySwitch,HyperVoice|Quiet||M|||50|]Grimmsnarl||LightClay|Prankster|LightScreen,Reflect,FoulPlay,FakeOut|Impish||M|||50|]Pelipper||SitrusBerry|Drizzle|HydroPump,Protect,WideGuard,WeatherBall|Calm||M|||50|]Archaludon||Leftovers|Stamina|ElectroShot,Protect,FlashCannon,DragonPulse|Calm||F|||50|]Whimsicott||FocusSash|Prankster|Protect,Moonblast,Encore,Tailwind|Modest||F|||50|
|
|t:|1784005759
|teamsize|p1|4
|teamsize|p2|4
|start
|switch|p1a: Aggron|Aggron, L50, M|100/100
|switch|p1b: Farigiraf|Farigiraf, L50, F|100/100
|switch|p2a: Pelipper|Pelipper, L50, M|100/100
|switch|p2b: Farigiraf|Farigiraf, L50, M|100/100
|-weather|RainDance|[from] ability: Drizzle|[of] p2a: Pelipper
|turn|1
|
|t:|1784005819
|switch|p2b: Archaludon|Archaludon, L50, F, shiny|100/100
|switch|p1a: Aegislash|Aegislash, L50, M|100/100
|move|p2a: Pelipper|Weather Ball|p1a: Aegislash
|-damage|p1a: Aegislash|59/100
|move|p1b: Farigiraf|Trick Room|p1b: Farigiraf
|-fieldstart|move: Trick Room|[of] p1b: Farigiraf
|
|-weather|RainDance|[upkeep]
|upkeep
|turn|2
|
|t:|1784005866
|move|p1a: Aegislash|King's Shield|p1a: Aegislash
|-singleturn|p1a: Aegislash|Protect
|move|p1b: Farigiraf|Calm Mind|p1b: Farigiraf
|-boost|p1b: Farigiraf|spa|1
|-boost|p1b: Farigiraf|spd|1
|move|p2a: Pelipper|Weather Ball|p1b: Farigiraf
|-damage|p1b: Farigiraf|67/100
|move|p2b: Archaludon|Electro Shot||[still]
|-prepare|p2b: Archaludon|Electro Shot
|-boost|p2b: Archaludon|spa|1
|-anim|p2b: Archaludon|Electro Shot|p1b: Farigiraf
|-damage|p1b: Farigiraf|23/100
|-enditem|p1b: Farigiraf|Sitrus Berry|[eat]
|-heal|p1b: Farigiraf|48/100|[from] item: Sitrus Berry
|
|-weather|RainDance|[upkeep]
|upkeep
|turn|3
|
|t:|1784005897
|move|p2a: Pelipper|Protect|p2a: Pelipper
|-singleturn|p2a: Pelipper|Protect
|move|p1b: Farigiraf|Baton Pass|p1b: Farigiraf
|
|t:|1784005903
|switch|p1b: Sinistcha|Sinistcha, L50|100/100|[from] Baton Pass
|-heal|p1a: Aegislash|83/100|[from] ability: Hospitality|[of] p1b: Sinistcha
|-formechange|p1a: Aegislash|Aegislash-Blade|
|move|p1a: Aegislash|Sacred Sword|p2b: Archaludon
|-supereffective|p2b: Archaludon|1
|-damage|p2b: Archaludon|49/100
|-ability|p2b: Archaludon|Stamina|boost
|-boost|p2b: Archaludon|def|1
|move|p2b: Archaludon|Electro Shot||[still]
|-prepare|p2b: Archaludon|Electro Shot
|-boost|p2b: Archaludon|spa|1
|-anim|p2b: Archaludon|Electro Shot|p1a: Aegislash
|-damage|p1a: Aegislash|0 fnt
|faint|p1a: Aegislash
|
|-weather|RainDance|[upkeep]
|-heal|p2b: Archaludon|55/100|[from] item: Leftovers
|upkeep
|
|t:|1784005922
|switch|p1a: Aggron|Aggron, L50, M|100/100
|turn|4
|
|t:|1784005949
|detailschange|p1a: Aggron|Aggron-Mega, L50, M
|-mega|p1a: Aggron|Aggron|Aggronite
|move|p2b: Archaludon|Protect|p2b: Archaludon
|-singleturn|p2b: Archaludon|Protect
|move|p1a: Aggron|Rock Slide|p2b: Archaludon|[spread] p2a
|-activate|p2b: Archaludon|move: Protect
|-supereffective|p2a: Pelipper|1
|-damage|p2a: Pelipper|51/100
|cant|p2a: Pelipper|flinch
|move|p1b: Sinistcha|Matcha Gotcha|p2b: Archaludon|[spread] p2a
|-activate|p2b: Archaludon|move: Protect
|-damage|p2a: Pelipper|8/100
|-enditem|p2a: Pelipper|Sitrus Berry|[eat]
|-heal|p2a: Pelipper|33/100|[from] item: Sitrus Berry
|
|-weather|RainDance|[upkeep]
|-heal|p2b: Archaludon|61/100|[from] item: Leftovers
|upkeep
|turn|5
|
|t:|1784005970
|move|p2a: Pelipper|Wide Guard|p2a: Pelipper
|-singleturn|p2a: Pelipper|Wide Guard
|move|p1a: Aggron|Rock Slide|p2b: Archaludon|[spread] 
|-activate|p2a: Pelipper|move: Wide Guard
|-activate|p2b: Archaludon|move: Wide Guard
|move|p1b: Sinistcha|Matcha Gotcha|p2a: Pelipper|[spread] 
|-activate|p2a: Pelipper|move: Wide Guard
|-activate|p2b: Archaludon|move: Wide Guard
|move|p2b: Archaludon|Electro Shot||[still]
|-prepare|p2b: Archaludon|Electro Shot
|-boost|p2b: Archaludon|spa|1
|-anim|p2b: Archaludon|Electro Shot|p1b: Sinistcha
|-resisted|p1b: Sinistcha|1
|-damage|p1b: Sinistcha|57/100
|
|-weather|none
|-heal|p2b: Archaludon|67/100|[from] item: Leftovers
|-fieldend|move: Trick Room
|upkeep
|turn|6
|
|t:|1784006011
|switch|p2a: Farigiraf|Farigiraf, L50, M|100/100
|move|p2b: Archaludon|Protect|p2b: Archaludon
|-singleturn|p2b: Archaludon|Protect
|move|p1b: Sinistcha|Matcha Gotcha|p2b: Archaludon|[spread] 
|-activate|p2b: Archaludon|move: Protect
|-ability|p2a: Farigiraf|Sap Sipper|boost
|-boost|p2a: Farigiraf|atk|1
|move|p1a: Aggron|Rock Slide|p2b: Archaludon|[spread] p2a
|-activate|p2b: Archaludon|move: Protect
|-damage|p2a: Farigiraf|74/100
|
|-heal|p2b: Archaludon|73/100|[from] item: Leftovers
|upkeep
|turn|7
|
|t:|1784006034
|switch|p2a: Pelipper|Pelipper, L50, M|33/100
|-weather|RainDance|[from] ability: Drizzle|[of] p2a: Pelipper
|move|p2b: Archaludon|Electro Shot||[still]
|-prepare|p2b: Archaludon|Electro Shot
|-boost|p2b: Archaludon|spa|1
|-anim|p2b: Archaludon|Electro Shot|p1a: Aggron
|-damage|p1a: Aggron|0 fnt
|faint|p1a: Aggron
|move|p1b: Sinistcha|Nasty Plot|p1b: Sinistcha
|-boost|p1b: Sinistcha|spa|2
|
|-weather|RainDance|[upkeep]
|-heal|p2b: Archaludon|79/100|[from] item: Leftovers
|upkeep
|
|t:|1784006046
|switch|p1a: Farigiraf|Farigiraf, L50, F|48/100
|turn|8
|
|t:|1784006063
|move|p2a: Pelipper|Wide Guard|p2a: Pelipper
|-singleturn|p2a: Pelipper|Wide Guard
|move|p2b: Archaludon|Dragon Pulse|p1b: Sinistcha
|-damage|p1b: Sinistcha|0 fnt
|faint|p1b: Sinistcha
|move|p1a: Farigiraf|Trick Room|p1a: Farigiraf
|-fieldstart|move: Trick Room|[of] p1a: Farigiraf
|
|-weather|RainDance|[upkeep]
|-heal|p2b: Archaludon|85/100|[from] item: Leftovers
|upkeep
|turn|9
|
|t:|1784006081
|move|p1a: Farigiraf|Hyper Voice|p2a: Pelipper|[spread] p2a,p2b
|-resisted|p2b: Archaludon|1
|-damage|p2a: Pelipper|0 fnt
|-damage|p2b: Archaludon|67/100
|-ability|p2b: Archaludon|Stamina|boost
|-boost|p2b: Archaludon|def|1
|faint|p2a: Pelipper
|move|p2b: Archaludon|Electro Shot||[still]
|-prepare|p2b: Archaludon|Electro Shot
|-boost|p2b: Archaludon|spa|1
|-anim|p2b: Archaludon|Electro Shot|p1a: Farigiraf
|-damage|p1a: Farigiraf|0 fnt
|faint|p1a: Farigiraf
|
|win|thebabyxan
|inactive|Grenblze7475 has 30 seconds to confirm battle start!
|inactive|thebabyxan has 30 seconds to confirm battle start!
