|j|☆kdan_7
|j|☆QUELON
|html|kdan_7QUELON    
|uhtml|bestof|Game 2 of a best-of-3
|t:|1757009963
|gametype|doubles
|player|p1|kdan_7|shauntal|1177
|player|p2|QUELON|cyrus|1346
|gen|9
|tier|[Gen 9] VGC 2025 Reg H (Bo3)
|rated|
|rule|Species Clause: Limit one of each Pokémon
|rule|Item Clause: Limit 1 of each item
|clearpoke
|poke|p1|Amoonguss, L50, F|
|poke|p1|Sneasler, L50, F|
|poke|p1|Gholdengo, L50|
|poke|p1|Incineroar, L50, F|
|poke|p1|Ursaluna-Bloodmoon, L50, M|
|poke|p1|Dragonite, L50, M|
|poke|p2|Gholdengo, L50|
|poke|p2|Sneasler, L50, F|
|poke|p2|Incineroar, L50, M|
|poke|p2|Amoonguss, L50, M|
|poke|p2|Dragonite, L50, M|
|poke|p2|Ursaluna-Bloodmoon, L50, M|
|teampreview|4
|showteam|p1|Amoonguss||SitrusBerry|Regenerator|RagePowder,Spore,PollenPuff,Protect|||F|||50|,,,,,Psychic]Sneasler||FocusSash|Unburden|Protect,DireClaw,CloseCombat,ThroatChop|||F|||50|,,,,,Stellar]Gholdengo||LifeOrb|GoodasGold|Protect,MakeItRain,ShadowBall,NastyPlot||||||50|,,,,,Water]Incineroar||SafetyGoggles|Intimidate|KnockOff,PartingShot,FlareBlitz,FakeOut|||F|||50|,,,,,Ghost]Ursaluna-Bloodmoon||AssaultVest|MindsEye|BloodMoon,EarthPower,VacuumWave,HyperVoice|||M|||50|,,,,,Water]Dragonite||LoadedDice|Multiscale|ScaleShot,Tailwind,Haze,Protect|||M|||50|,,,,,Fairy
|showteam|p2|Gholdengo||LifeOrb|GoodasGold|MakeItRain,ShadowBall,NastyPlot,Protect||||||50|,,,,,Steel]Sneasler||FocusSash|PoisonTouch|FakeOut,CloseCombat,DireClaw,Protect|||F|||50|,,,,,Stellar]Incineroar||SafetyGoggles|Intimidate|FakeOut,FlareBlitz,KnockOff,PartingShot|||M|||50|,,,,,Ghost]Amoonguss||SitrusBerry|Regenerator|Spore,RagePowder,SludgeBomb,Protect|||M|||50|,,,,,Water]Dragonite||LoadedDice|Multiscale|ScaleShot,Haze,Tailwind,ExtremeSpeed|||M|||50|,,,,,Fairy]Ursaluna-Bloodmoon||AssaultVest|MindsEye|HyperVoice,BloodMoon,EarthPower,VacuumWave|||M|||50|,,,,,Normal
|inactive|Battle timer is ON: inactive players will automatically lose when time's up. (requested by kdan_7)
|
|t:|1757009988
|teamsize|p1|4
|teamsize|p2|4
|start
|switch|p1a: Say Cheese|Gholdengo, L50|100/100
|switch|p1b: Luffy|Incineroar, L50, F|100/100
|switch|p2a: Incineroar|Incineroar, L50, M, shiny|100/100
|switch|p2b: Dragonite|Dragonite, L50, M|100/100
|-ability|p1b: Luffy|Intimidate|boost
|-unboost|p2a: Incineroar|atk|1
|-unboost|p2b: Dragonite|atk|1
|-ability|p2a: Incineroar|Intimidate|boost
|-unboost|p1a: Say Cheese|atk|1
|-unboost|p1b: Luffy|atk|1
|turn|1
|inactive|QUELON has 30 seconds left.
|inactive|kdan_7 has 30 seconds left.
|inactive|kdan_7 has 20 seconds left.
|inactive|kdan_7 has 15 seconds left.
|inactive|kdan_7 has 10 seconds left.
|
|t:|1757010046
|move|p1b: Luffy|Fake Out|p2a: Incineroar
|-damage|p2a: Incineroar|93/100
|move|p1a: Say Cheese|Make It Rain|p2a: Incineroar|[spread] p2a,p2b
|-resisted|p2a: Incineroar
|-crit|p2b: Dragonite
|-damage|p2a: Incineroar|75/100
|-damage|p2b: Dragonite|51/100
|-unboost|p1a: Say Cheese|spa|1
|-damage|p1a: Say Cheese|91/100|[from] item: Life Orb
|move|p2b: Dragonite|Tailwind|p2b: Dragonite
|-sidestart|p2: QUELON|move: Tailwind
|cant|p2a: Incineroar|flinch
|
|upkeep
|turn|2
|inactive|kdan_7 has 30 seconds left.
|inactive|QUELON has 30 seconds left.
|inactive|QUELON has 20 seconds left.
|
|t:|1757010084
|switch|p2b: Gholdengo|Gholdengo, L50|100/100
|move|p1a: Say Cheese|Protect|p1a: Say Cheese
|-singleturn|p1a: Say Cheese|Protect
|move|p2a: Incineroar|Knock Off|p1a: Say Cheese
|-activate|p1a: Say Cheese|move: Protect
|move|p1b: Luffy|Parting Shot|p2a: Incineroar
|-unboost|p2a: Incineroar|atk|1
|-unboost|p2a: Incineroar|spa|1
|
|t:|1757010095
|switch|p1b: Golden Wind|Dragonite, L50, M|100/100|[from] Parting Shot
|
|upkeep
|turn|3
|inactive|QUELON has 30 seconds left.
|
|t:|1757010121
|switch|p1a: Luffy|Incineroar, L50, F|100/100
|-ability|p1a: Luffy|Intimidate|boost
|-unboost|p2a: Incineroar|atk|1
|-unboost|p2b: Gholdengo|atk|1
|-terastallize|p2b: Gholdengo|Steel
|move|p2b: Gholdengo|Nasty Plot|p2b: Gholdengo
|-boost|p2b: Gholdengo|spa|2
|move|p2a: Incineroar|Knock Off|p1b: Golden Wind
|-damage|p1b: Golden Wind|93/100
|-enditem|p1b: Golden Wind|Loaded Dice|[from] move: Knock Off|[of] p2a: Incineroar
|move|p1b: Golden Wind|Scale Shot|p2a: Incineroar
|-damage|p2a: Incineroar|62/100
|-damage|p2a: Incineroar|48/100
|-hitcount|p2a: Incineroar|2
|-unboost|p1b: Golden Wind|def|1
|-boost|p1b: Golden Wind|spe|1
|
|upkeep
|turn|4
|
|t:|1757010145
|move|p2b: Gholdengo|Protect|p2b: Gholdengo
|-singleturn|p2b: Gholdengo|Protect
|move|p1a: Luffy|Fake Out|p2b: Gholdengo
|-activate|p2b: Gholdengo|move: Protect
|move|p1b: Golden Wind|Tailwind|p1b: Golden Wind
|-sidestart|p1: kdan_7|move: Tailwind
|move|p2a: Incineroar|Parting Shot|p1a: Luffy
|-unboost|p1a: Luffy|atk|1
|-unboost|p1a: Luffy|spa|1
|
|t:|1757010157
|switch|p2a: Sneasler|Sneasler, L50, F|100/100|[from] Parting Shot
|
|-sideend|p2: QUELON|move: Tailwind
|upkeep
|turn|5
|
|t:|1757010181
|move|p2a: Sneasler|Fake Out|p1a: Luffy
|-damage|p1a: Luffy|87/100
|-status|p1a: Luffy|psn|[from] ability: Poison Touch|[of] p2a: Sneasler
|move|p1b: Golden Wind|Haze|p1b: Golden Wind
|-clearallboost
|cant|p1a: Luffy|flinch
|move|p2b: Gholdengo|Shadow Ball|p1a: Luffy
|-resisted|p1a: Luffy
|-damage|p1a: Luffy|59/100 psn
|-damage|p2b: Gholdengo|91/100|[from] item: Life Orb
|
|-damage|p1a: Luffy|47/100 psn|[from] psn
|upkeep
|turn|6
|
|t:|1757010201
|switch|p2a: Incineroar|Incineroar, L50, M, shiny|48/100
|-ability|p2a: Incineroar|Intimidate|boost
|-unboost|p1a: Luffy|atk|1
|-unboost|p1b: Golden Wind|atk|1
|move|p2b: Gholdengo|Protect|p2b: Gholdengo
|-singleturn|p2b: Gholdengo|Protect
|move|p1b: Golden Wind|Scale Shot|p2a: Incineroar
|-damage|p2a: Incineroar|37/100
|-damage|p2a: Incineroar|28/100
|-damage|p2a: Incineroar|17/100
|-hitcount|p2a: Incineroar|3
|-unboost|p1b: Golden Wind|def|1
|-boost|p1b: Golden Wind|spe|1
|move|p1a: Luffy|Flare Blitz|p2b: Gholdengo
|-activate|p2b: Gholdengo|move: Protect
|
|-damage|p1a: Luffy|35/100 psn|[from] psn
|upkeep
|turn|7
|inactive|QUELON has 30 seconds left.
|inactive|QUELON has 20 seconds left.
|
|t:|1757010239
|move|p1b: Golden Wind|Protect|p1b: Golden Wind
|-singleturn|p1b: Golden Wind|Protect
|move|p2a: Incineroar|Fake Out|p1a: Luffy
|-damage|p1a: Luffy|24/100 psn
|cant|p1a: Luffy|flinch
|move|p2b: Gholdengo|Make It Rain|p1b: Golden Wind|[spread] p1a
|-activate|p1b: Golden Wind|move: Protect
|-resisted|p1a: Luffy
|-damage|p1a: Luffy|0 fnt
|-unboost|p2b: Gholdengo|spa|1
|faint|p1a: Luffy
|-damage|p2b: Gholdengo|81/100|[from] item: Life Orb
|
|-sideend|p1: kdan_7|move: Tailwind
|upkeep
|
|t:|1757010260
|switch|p1a: 8|Sneasler, L50, F|100/100
|turn|8
|
|t:|1757010278
|switch|p2a: Dragonite|Dragonite, L50, M|51/100
|-terastallize|p1a: 8|Stellar
|move|p2b: Gholdengo|Protect|p2b: Gholdengo
|-singleturn|p2b: Gholdengo|Protect
|move|p1b: Golden Wind|Scale Shot|p2a: Dragonite
|-supereffective|p2a: Dragonite
|-damage|p2a: Dragonite|28/100
|-supereffective|p2a: Dragonite
|-damage|p2a: Dragonite|2/100
|-hitcount|p2a: Dragonite|2
|-unboost|p1b: Golden Wind|def|1
|-boost|p1b: Golden Wind|spe|1
|move|p1a: 8|Close Combat|p2b: Gholdengo
|-activate|p2b: Gholdengo|move: Protect
|
|upkeep
|turn|9
|inactive|kdan_7 has 30 seconds left.
|inactive|QUELON has 30 seconds left.
|
|t:|1757010315
|switch|p2b: Incineroar|Incineroar, L50, M, shiny|17/100
|-ability|p2b: Incineroar|Intimidate|boost
|-unboost|p1a: 8|atk|1
|-unboost|p1b: Golden Wind|atk|1
|move|p1b: Golden Wind|Protect|p1b: Golden Wind
|-singleturn|p1b: Golden Wind|Protect
|move|p2a: Dragonite|Extreme Speed|p1a: 8
|-damage|p1a: 8|49/100
|move|p1a: 8|Close Combat|p2b: Incineroar
|-supereffective|p2b: Incineroar
|-damage|p2b: Incineroar|0 fnt
|-unboost|p1a: 8|def|1
|-unboost|p1a: 8|spd|1
|faint|p2b: Incineroar
|
|upkeep
|
|t:|1757010329
|switch|p2b: Sneasler|Sneasler, L50, F|100/100
|turn|10
|
|t:|1757010348
|switch|p1a: Say Cheese|Gholdengo, L50|91/100
|move|p1b: Golden Wind|Scale Shot|p2a: Dragonite|[miss]
|-miss|p1b: Golden Wind|p2a: Dragonite
|move|p2b: Sneasler|Dire Claw|p1b: Golden Wind
|-damage|p1b: Golden Wind|0 fnt
|faint|p1b: Golden Wind
|move|p2a: Dragonite|Tailwind|p2a: Dragonite
|-sidestart|p2: QUELON|move: Tailwind
|
|upkeep
|
|t:|1757010358
|switch|p1b: 8|Sneasler, L50, F, tera:Stellar|49/100
|turn|11
|inactive|kdan_7 has 30 seconds left.
|inactive|QUELON has 30 seconds left.
|
|t:|1757010390
|move|p1b: 8|Protect|p1b: 8
|-singleturn|p1b: 8|Protect
|move|p2b: Sneasler|Close Combat|p1b: 8
|-activate|p1b: 8|move: Protect
|move|p2a: Dragonite|Scale Shot|p1a: Say Cheese
|-resisted|p1a: Say Cheese
|-crit|p1a: Say Cheese
|-damage|p1a: Say Cheese|79/100
|-resisted|p1a: Say Cheese
|-damage|p1a: Say Cheese|71/100
|-resisted|p1a: Say Cheese
|-damage|p1a: Say Cheese|63/100
|-resisted|p1a: Say Cheese
|-damage|p1a: Say Cheese|56/100
|-hitcount|p1a: Say Cheese|4
|-unboost|p2a: Dragonite|def|1
|-boost|p2a: Dragonite|spe|1
|move|p1a: Say Cheese|Make It Rain|p2a: Dragonite|[spread] p2a,p2b
|-damage|p2a: Dragonite|0 fnt
|-damage|p2b: Sneasler|24/100
|-unboost|p1a: Say Cheese|spa|1
|faint|p2a: Dragonite
|-damage|p1a: Say Cheese|47/100|[from] item: Life Orb
|
|upkeep
|
|t:|1757010406
|switch|p2a: Gholdengo|Gholdengo, L50, tera:Steel|81/100
|turn|12
|
|t:|1757010416
|move|p1b: 8|Protect||[still]
|-fail|p1b: 8
|move|p1a: Say Cheese|Protect|p1a: Say Cheese
|-singleturn|p1a: Say Cheese|Protect
|move|p2b: Sneasler|Close Combat|p1b: 8
|-resisted|p1b: 8
|-damage|p1b: 8|0 fnt
|-unboost|p2b: Sneasler|def|1
|-unboost|p2b: Sneasler|spd|1
|faint|p1b: 8
|move|p2a: Gholdengo|Shadow Ball|p1a: Say Cheese
|-activate|p1a: Say Cheese|move: Protect
|
|upkeep
|turn|13
|
|t:|1757010426
|move|p1a: Say Cheese|Protect||[still]
|-fail|p1a: Say Cheese
|move|p2b: Sneasler|Close Combat|p1a: Say Cheese
|-immune|p1a: Say Cheese
|move|p2a: Gholdengo|Shadow Ball|p1a: Say Cheese
|-supereffective|p1a: Say Cheese
|-damage|p1a: Say Cheese|0 fnt
|faint|p1a: Say Cheese
|-damage|p2a: Gholdengo|71/100|[from] item: Life Orb
|
|win|QUELON
||kdan_7 is ready for game 3.
||QUELON is ready for game 3.
|uhtml|next|Next: Game 3 of 3
|l|☆kdan_7
|player|p1|
