|j|☆HeroLinik
|j|☆twilightgaming
|html|HeroLiniktwilightgaming    
|uhtml|bestof|Game 1 of a best-of-3
|t:|1783534621
|gametype|doubles
|player|p1|HeroLinik|gambler|
|player|p2|twilightgaming|sabrina-masters|
|gen|9
|tier|[Gen 9 Champions] VGC 2026 Reg M-B (Bo3)
|rule|Species Clause: Limit one of each Pokémon
|rule|Item Clause: Limit 1 of each item
|clearpoke
|poke|p1|Pyroar, L50, M|
|poke|p1|Farigiraf, L50, F|
|poke|p1|Venusaur, L50, M|
|poke|p1|Primarina, L50, M|
|poke|p1|Torkoal, L50, M|
|poke|p1|Gholdengo, L50|
|poke|p2|Staraptor, L50, M, shiny|
|poke|p2|Mimikyu, L50, F|
|poke|p2|Whimsicott, L50, F|
|poke|p2|Sylveon, L50, F|
|poke|p2|Grimmsnarl, L50, M|
|poke|p2|Kingambit, L50, F, shiny|
|teampreview|4
|showteam|p1|Pyroar||Pyroarite|Unnerve|Overheat,HeatWave,SolarBeam,Protect|Timid||M|||50|]Farigiraf||ColburBerry|ArmorTail|Protect,SunnyDay,TrickRoom,Psychic|Bold||F|||50|]Venusaur||FocusSash|Chlorophyll|SleepPowder,SludgeBomb,EarthPower,Protect|Timid||M|||50|]Primarina||LifeOrb|LiquidVoice|HyperVoice,Moonblast,DazzlingGleam,Protect|Quiet||M|||50|]Torkoal||Charcoal|Drought|Eruption,WeatherBall,HelpingHand,Yawn|Quiet||M|||50|]Gholdengo||ChoiceScarf|GoodasGold|MakeItRain,ShadowBall,FocusBlast,Thunderbolt|Timid|||||50|
|showteam|p2|Staraptor||Staraptite|Intimidate|BraveBird,CloseCombat,Roost,Protect|Timid||M|||50|]Mimikyu||SpellTag|Disguise|ShadowClaw,ShadowSneak,PlayRough,Protect|Adamant||F|||50|]Whimsicott||FocusSash|Prankster|Tailwind,Moonblast,Protect,Encore|Calm||F|||50|]Sylveon||Leftovers|Pixilate|HyperVoice,CalmMind,Wish,Protect|Bold||F|||50|]Grimmsnarl||RoseliBerry|Prankster|FakeOut,PartingShot,SpiritBreak,ScaryFace|Careful||M|||50|]Kingambit||ChopleBerry|Defiant|KowtowCleave,SuckerPunch,IronHead,Protect|Adamant||F|||50|
|c|☆twilightgaming|gl
|c|☆twilightgaming|hf
|c|☆HeroLinik|glhf
|
|t:|1783534645
|teamsize|p1|4
|teamsize|p2|4
|start
|switch|p1a: Farigiraf|Farigiraf, L50, F|100/100
|switch|p1b: Primarina|Primarina, L50, M|100/100
|switch|p2a: Staraptor|Staraptor, L50, M, shiny|100/100
|switch|p2b: Grimmsnarl|Grimmsnarl, L50, M|100/100
|-ability|p2a: Staraptor|Intimidate|boost
|-unboost|p1a: Farigiraf|atk|1
|-unboost|p1b: Primarina|atk|1
|turn|1
|inactive|Battle timer is ON: inactive players will automatically lose when time's up. (requested by HeroLinik)
|
|t:|1783534674
|detailschange|p2a: Staraptor|Staraptor-Mega, L50, M, shiny
|-mega|p2a: Staraptor|Staraptor|Staraptite
|move|p2b: Grimmsnarl|Parting Shot|p2a: Staraptor
|-boost|p2a: Staraptor|atk|1
|-boost|p2a: Staraptor|spa|1
|
|t:|1783534685
|switch|p2b: Sylveon|Sylveon, L50, F|100/100|[from] Parting Shot
|move|p2a: Staraptor|Close Combat|p1a: Farigiraf
|-damage|p1a: Farigiraf|44/100
|-boost|p2a: Staraptor|def|1
|-boost|p2a: Staraptor|spd|1
|move|p1b: Primarina|Dazzling Gleam|p2a: Staraptor|[spread] p2a,p2b
|-supereffective|p2a: Staraptor|1
|-damage|p2a: Staraptor|39/100
|-damage|p2b: Sylveon|68/100
|-damage|p1b: Primarina|90/100|[from] item: Life Orb
|move|p1a: Farigiraf|Trick Room|p1a: Farigiraf
|-fieldstart|move: Trick Room|[of] p1a: Farigiraf
|
|-heal|p2b: Sylveon|75/100|[from] item: Leftovers
|upkeep
|turn|2
|
|t:|1783534709
|move|p2a: Staraptor|Protect|p2a: Staraptor
|-singleturn|p2a: Staraptor|Protect
|move|p1b: Primarina|Dazzling Gleam|p2b: Sylveon|[spread] p2b
|-activate|p2a: Staraptor|move: Protect
|-damage|p2b: Sylveon|39/100
|-damage|p1b: Primarina|80/100|[from] item: Life Orb
|move|p1a: Farigiraf|Psychic|p2b: Sylveon
|-damage|p2b: Sylveon|15/100
|-unboost|p2b: Sylveon|spd|1
|move|p2b: Sylveon|Calm Mind|p2b: Sylveon
|-boost|p2b: Sylveon|spa|1
|-boost|p2b: Sylveon|spd|1
|
|-heal|p2b: Sylveon|21/100|[from] item: Leftovers
|upkeep
|turn|3
|inactive|twilightgaming has 30 seconds left.
|inactive|twilightgaming has 20 seconds left.
|inactive|twilightgaming has 15 seconds left.
|inactive|twilightgaming has 10 seconds left.
|inactive|twilightgaming has 5 seconds left.
|
|t:|1783534759
|switch|p2a: Kingambit|Kingambit, L50, F, shiny|100/100
|move|p1b: Primarina|Dazzling Gleam|p2b: Sylveon|[spread] p2a,p2b
|-damage|p2a: Kingambit|59/100
|-damage|p2b: Sylveon|0 fnt
|faint|p2b: Sylveon
|-damage|p1b: Primarina|71/100|[from] item: Life Orb
|move|p1a: Farigiraf|Psychic|p2a: Kingambit
|-immune|p2a: Kingambit
|
|upkeep
|
|t:|1783534772
|switch|p2b: Grimmsnarl|Grimmsnarl, L50, M|100/100
|turn|4
|inactive|twilightgaming has 30 seconds left.
|inactive|twilightgaming has 20 seconds left.
|
|t:|1783534810
|move|p1a: Farigiraf|Protect|p1a: Farigiraf
|-singleturn|p1a: Farigiraf|Protect
|move|p2a: Kingambit|Iron Head|p1b: Primarina
|-damage|p1b: Primarina|14/100
|move|p1b: Primarina|Hyper Voice|p2a: Kingambit|[spread] p2a,p2b
|-damage|p2a: Kingambit|14/100
|-damage|p2b: Grimmsnarl|55/100
|-damage|p1b: Primarina|4/100|[from] item: Life Orb
|move|p2b: Grimmsnarl|Spirit Break|p1b: Primarina
|-damage|p1b: Primarina|0 fnt
|faint|p1b: Primarina
|
|upkeep
|
|t:|1783534822
|switch|p1b: Torkoal|Torkoal, L50, M|100/100
|-weather|SunnyDay|[from] ability: Drought|[of] p1b: Torkoal
|turn|5
|inactive|twilightgaming has 30 seconds left.
|inactive|twilightgaming has 20 seconds left.
|inactive|twilightgaming has 15 seconds left.
|inactive|twilightgaming has 10 seconds left.
|
|t:|1783534870
|move|p1b: Torkoal|Eruption|p2b: Grimmsnarl|[spread] p2a,p2b
|-supereffective|p2a: Kingambit|1
|-damage|p2a: Kingambit|0 fnt
|-damage|p2b: Grimmsnarl|0 fnt
|faint|p2a: Kingambit
|faint|p2b: Grimmsnarl
|move|p1a: Farigiraf|Psychic|p2: Kingambit|[notarget]
|-fail|p1a: Farigiraf
|
|-weather|SunnyDay|[upkeep]
|-fieldend|move: Trick Room
|upkeep
|
|t:|1783534879
|switch|p2b: Staraptor|Staraptor-Mega, L50, M, shiny|39/100
|turn|6
|
|t:|1783534893
|move|p2b: Staraptor|Protect|p2b: Staraptor
|-singleturn|p2b: Staraptor|Protect
|move|p1b: Torkoal|Yawn|p2b: Staraptor
|-activate|p2b: Staraptor|move: Protect
|move|p1a: Farigiraf|Trick Room|p1a: Farigiraf
|-fieldstart|move: Trick Room|[of] p1a: Farigiraf
|
|-weather|SunnyDay|[upkeep]
|upkeep
|turn|7
|
|t:|1783534901
|move|p1b: Torkoal|Eruption|p2b: Staraptor
|-damage|p2b: Staraptor|0 fnt
|faint|p2b: Staraptor
|
|win|HeroLinik
||HeroLinik is ready for game 2.
|inactive|twilightgaming has 30 seconds to confirm battle start!
|inactive|twilightgaming has 20 seconds to confirm battle start!
|l|☆twilightgaming
|player|p2|
|inactive|twilightgaming has 10 seconds to confirm battle start!
||twilightgaming is ready for game 2.
|uhtml|next|Next: Game 2 of 3
