|j|â˜†Gancelot
|j|â˜†WochienuineProphet
|html|GancelotWochienuineProphet    
|uhtml|bestof|Game 3 of a best-of-3
|t:|1783385023
|gametype|doubles
|player|p1|Gancelot|morty|1135
|player|p2|WochienuineProphet|170|1194
|gen|9
|tier|[Gen 9 Champions] VGC 2026 Reg M-B (Bo3)
|rated|
|rule|Species Clause: Limit one of each PokÃ©mon
|rule|Item Clause: Limit 1 of each item
|clearpoke
|poke|p1|Staraptor, L50, F, shiny|
|poke|p1|Incineroar, L50, M, shiny|
|poke|p1|Sinistcha, L50, shiny|
|poke|p1|Maushold, L50, shiny|
|poke|p1|Delphox, L50, F, shiny|
|poke|p1|Toxapex, L50, M, shiny|
|poke|p2|Delphox, L50, F, shiny|
|poke|p2|Incineroar, L50, F|
|poke|p2|Sinistcha-Masterpiece, L50|
|poke|p2|Sneasler, L50, F|
|poke|p2|Kingambit, L50, F|
|poke|p2|Blastoise, L50, F|
|teampreview|4
|showteam|p1|Staraptor||Staraptite|Intimidate|CloseCombat,BraveBird,Roost,Protect|Jolly||F|||50|]Incineroar||SitrusBerry|Intimidate|FlareBlitz,DarkestLariat,FakeOut,PartingShot|Impish||M|||50|]Sinistcha||KasibBerry|Hospitality|MatchaGotcha,LifeDew,RagePowder,Protect|Bold|||||50|]Maushold||FocusSash|FriendGuard|Feint,FollowMe,Charm,Protect|Jolly|||||50|]Delphox||Delphoxite|Blaze|HeatWave,Psyshock,NastyPlot,Protect|Timid||F|||50|]Toxapex||Leftovers|Regenerator|Toxic,Infestation,WideGuard,BanefulBunker|Bold||M|||50|
|showteam|p2|Delphox||Delphoxite|Blaze|HeatWave,Psyshock,NastyPlot,Protect|Timid||F|||50|]Incineroar||SitrusBerry|Intimidate|FlareBlitz,ThroatChop,PartingShot,FakeOut|Careful||F|||50|]Sinistcha-Masterpiece||OccaBerry|Hospitality|MatchaGotcha,RagePowder,TrickRoom,Protect|Bold|||||50|]Sneasler||FocusSash|PoisonTouch|CloseCombat,PoisonJab,FakeOut,QuickGuard|Jolly||F|||50|]Kingambit||BlackGlasses|Defiant|KowtowCleave,SuckerPunch,SwordsDance,Protect|Adamant||F|||50|]Blastoise||Blastoisinite|Torrent|WaterSpout,DarkPulse,ShellSmash,Protect|Modest||F|||50|
|inactive|Battle timer is ON: inactive players will automatically lose when time's up. (requested by Gancelot)
|
|t:|1783385044
|teamsize|p1|4
|teamsize|p2|4
|start
|switch|p1a: Staraptor|Staraptor, L50, F, shiny|100/100
|switch|p1b: Toxapex|Toxapex, L50, M, shiny|100/100
|switch|p2a: Sneasler|Sneasler, L50, F|100/100
|switch|p2b: Kingambit|Kingambit, L50, F|100/100
|-ability|p1a: Staraptor|Intimidate|boost
|-unboost|p2a: Sneasler|atk|1
|-unboost|p2b: Kingambit|atk|1
|-ability|p2b: Kingambit|Defiant|boost
|-boost|p2b: Kingambit|atk|2
|turn|1
|
|t:|1783385057
|detailschange|p1a: Staraptor|Staraptor-Mega, L50, F, shiny
|-mega|p1a: Staraptor|Staraptor|Staraptite
|move|p2a: Sneasler|Fake Out|p1a: Staraptor
|-damage|p1a: Staraptor|90/100
|cant|p1a: Staraptor|flinch
|move|p2b: Kingambit|Swords Dance|p2b: Kingambit
|-boost|p2b: Kingambit|atk|2
|move|p1b: Toxapex|Infestation|p2b: Kingambit
|-damage|p2b: Kingambit|96/100
|-activate|p2b: Kingambit|move: Infestation|[of] p1b: Toxapex
|
|-damage|p2b: Kingambit|84/100|[from] move: Infestation|[partiallytrapped]
|upkeep
|turn|2
|
|t:|1783385075
|switch|p2a: Sinistcha|Sinistcha-Masterpiece, L50|100/100
|-heal|p2b: Kingambit|100/100|[from] ability: Hospitality|[of] p2a: Sinistcha
|move|p2b: Kingambit|Protect|p2b: Kingambit
|-singleturn|p2b: Kingambit|Protect
|move|p1a: Staraptor|Close Combat|p2b: Kingambit
|-activate|p2b: Kingambit|move: Protect
|move|p1b: Toxapex|Toxic|p2a: Sinistcha
|-status|p2a: Sinistcha|tox
|
|-damage|p2a: Sinistcha|93/100 tox|[from] psn
|-damage|p2b: Kingambit|87/100|[from] move: Infestation|[partiallytrapped]
|upkeep
|turn|3
|
|t:|1783385087
|switch|p1b: Maushold|Maushold, L50, shiny|100/100
|move|p2a: Sinistcha|Rage Powder|p2a: Sinistcha
|-singleturn|p2a: Sinistcha|move: Rage Powder
|move|p1a: Staraptor|Brave Bird|p2a: Sinistcha
|-supereffective|p2a: Sinistcha|1
|-damage|p2a: Sinistcha|1/100 tox
|-damage|p1a: Staraptor|62/100|[from] Recoil
|move|p2b: Kingambit|Swords Dance|p2b: Kingambit
|-boost|p2b: Kingambit|atk|2
|
|-damage|p2a: Sinistcha|0 fnt|[from] psn
|faint|p2a: Sinistcha
|-end|p2b: Kingambit|Infestation|[partiallytrapped]|[silent]
|upkeep
|
|t:|1783385099
|switch|p2a: Sneasler|Sneasler, L50, F|100/100
|turn|4
|
|t:|1783385123
|switch|p1b: Sinistcha|Sinistcha, L50, shiny|100/100
|-heal|p1a: Staraptor|86/100|[from] ability: Hospitality|[of] p1b: Sinistcha
|move|p1a: Staraptor|Protect|p1a: Staraptor
|-singleturn|p1a: Staraptor|Protect
|move|p2a: Sneasler|Fake Out|p1a: Staraptor
|-activate|p1a: Staraptor|move: Protect
|move|p2b: Kingambit|Kowtow Cleave|p1b: Sinistcha
|-supereffective|p1b: Sinistcha|1
|-damage|p1b: Sinistcha|0 fnt
|faint|p1b: Sinistcha
|
|upkeep
|
|t:|1783385133
|switch|p1b: Maushold|Maushold, L50, shiny|100/100
|turn|5
|
|t:|1783385141
|move|p2b: Kingambit|Protect|p2b: Kingambit
|-singleturn|p2b: Kingambit|Protect
|move|p1b: Maushold|Follow Me|p1b: Maushold
|-singleturn|p1b: Maushold|move: Follow Me
|move|p2a: Sneasler|Poison Jab|p1b: Maushold
|-damage|p1b: Maushold|41/100
|move|p1a: Staraptor|Close Combat|p2b: Kingambit
|-activate|p2b: Kingambit|move: Protect
|
|upkeep
|turn|6
|
|t:|1783385160
|move|p1b: Maushold|Follow Me|p1b: Maushold
|-singleturn|p1b: Maushold|move: Follow Me
|move|p2b: Kingambit|Sucker Punch||[still]
|-fail|p2b: Kingambit
|move|p2a: Sneasler|Poison Jab|p1b: Maushold
|-damage|p1b: Maushold|0 fnt
|faint|p1b: Maushold
|move|p1a: Staraptor|Close Combat|p2b: Kingambit
|-supereffective|p2b: Kingambit|2
|-damage|p2b: Kingambit|0 fnt
|-boost|p1a: Staraptor|def|1
|-boost|p1a: Staraptor|spd|1
|faint|p2b: Kingambit
|
|upkeep
|
|t:|1783385166
|switch|p1b: Toxapex|Toxapex, L50, M, shiny|100/100
|switch|p2b: Blastoise|Blastoise, L50, F|100/100
|turn|7
|
|t:|1783385175
|detailschange|p2b: Blastoise|Blastoise-Mega, L50, F
|-mega|p2b: Blastoise|Blastoise|Blastoisinite
|move|p1a: Staraptor|Protect|p1a: Staraptor
|-singleturn|p1a: Staraptor|Protect
|move|p2a: Sneasler|Poison Jab|p1a: Staraptor
|-activate|p1a: Staraptor|move: Protect
|move|p2b: Blastoise|Water Spout|p1a: Staraptor|[spread] p1b
|-activate|p1a: Staraptor|move: Protect
|-resisted|p1b: Toxapex|1
|-damage|p1b: Toxapex|76/100
|move|p1b: Toxapex|Toxic|p2b: Blastoise
|-status|p2b: Blastoise|tox
|
|-heal|p1b: Toxapex|82/100|[from] item: Leftovers
|-damage|p2b: Blastoise|94/100 tox|[from] psn
|upkeep
|turn|8
|
|t:|1783385188
|move|p2a: Sneasler|Poison Jab|p1a: Staraptor
|-damage|p1a: Staraptor|60/100
|-status|p1a: Staraptor|psn|[from] ability: Poison Touch|[of] p2a: Sneasler
|move|p1a: Staraptor|Close Combat|p2b: Blastoise
|-damage|p2b: Blastoise|34/100 tox
|-boost|p1a: Staraptor|def|1
|-boost|p1a: Staraptor|spd|1
|move|p2b: Blastoise|Water Spout|p1b: Toxapex|[spread] p1a,p1b
|-resisted|p1b: Toxapex|1
|-damage|p1a: Staraptor|49/100 psn
|-damage|p1b: Toxapex|73/100
|move|p1b: Toxapex|Infestation|p2a: Sneasler
|-resisted|p2a: Sneasler|2
|-damage|p2a: Sneasler|99/100
|-activate|p2a: Sneasler|move: Infestation|[of] p1b: Toxapex
|
|-heal|p1b: Toxapex|78/100|[from] item: Leftovers
|-damage|p1a: Staraptor|37/100 psn|[from] psn
|-damage|p2b: Blastoise|23/100 tox|[from] psn
|-damage|p2a: Sneasler|87/100|[from] move: Infestation|[partiallytrapped]
|upkeep
|turn|9
|
|t:|1783385199
|move|p1b: Toxapex|Baneful Bunker|p1b: Toxapex
|-singleturn|p1b: Toxapex|move: Protect
|move|p2a: Sneasler|Poison Jab|p1a: Staraptor
|-damage|p1a: Staraptor|18/100 psn
|move|p1a: Staraptor|Roost|p1a: Staraptor
|-heal|p1a: Staraptor|68/100 psn
|-singleturn|p1a: Staraptor|move: Roost
|move|p2b: Blastoise|Dark Pulse|p1b: Toxapex
|-activate|p1b: Toxapex|move: Protect
|
|-heal|p1b: Toxapex|84/100|[from] item: Leftovers
|-damage|p1a: Staraptor|56/100 psn|[from] psn
|-damage|p2b: Blastoise|5/100 tox|[from] psn
|-damage|p2a: Sneasler|75/100|[from] move: Infestation|[partiallytrapped]
|upkeep
|turn|10
|-message|WochienuineProphet forfeited.
|
|win|Gancelot
