|j|☆INT Moreira23
|j|☆Omarro
|html|INT Moreira23Omarro    
|uhtml|bestof|Game 3 of a best-of-3
|t:|1782765927
|gametype|doubles
|player|p1|INT Moreira23|blackbelt-gen4|1000
|player|p2|Omarro|dragontamer|1110
|gen|9
|tier|[Gen 9 Champions] VGC 2026 Reg M-B (Bo3)
|rated|
|rule|Species Clause: Limit one of each Pokémon
|rule|Item Clause: Limit 1 of each item
|clearpoke
|poke|p1|Charizard, L50, F|
|poke|p1|Farigiraf, L50, F|
|poke|p1|Venusaur, L50, M|
|poke|p1|Garchomp, L50, M|
|poke|p1|Incineroar, L50, F|
|poke|p1|Sylveon, L50, F|
|poke|p2|Annihilape, L50, M|
|poke|p2|Blastoise, L50, M|
|poke|p2|Corviknight, L50, F|
|poke|p2|Sinistcha-Masterpiece, L50|
|poke|p2|Steelix, L50, M|
|poke|p2|Klefki, L50, F|
|teampreview|4
|showteam|p1|Charizard||CharizarditeY|Blaze|HeatWave,WeatherBall,SolarBeam,Protect|Modest||F|||50|]Farigiraf||ColburBerry|ArmorTail|Psychic,Thunderbolt,HelpingHand,TrickRoom|Modest||F|||50|]Venusaur||FocusSash|Chlorophyll|LeafStorm,SludgeBomb,SleepPowder,Protect|Modest||M|||50|]Garchomp||LifeOrb|RoughSkin|RockSlide,DragonClaw,Earthquake,Protect|Jolly||M|||50|]Incineroar||SitrusBerry|Intimidate|FlareBlitz,DarkestLariat,PartingShot,FakeOut|Careful||F|||50|]Sylveon||FairyFeather|Pixilate|HyperVoice,HyperBeam,QuickAttack,Protect|Modest||F|||50|
|showteam|p2|Annihilape||Leftovers|Defiant|Protect,RockSlide,DrainPunch,RageFist|Adamant||M|||50|]Blastoise||Blastoisinite|Torrent|ShellSmash,AuraSphere,MuddyWater,IceBeam|Modest||M|||50|]Corviknight||SharpBeak|MirrorArmor|BulkUp,Roost,Tailwind,BraveBird|Careful||F|||50|]Sinistcha-Masterpiece||ColburBerry|Hospitality|RagePowder,TrickRoom,LifeDew,MatchaGotcha|Relaxed|||||50|]Steelix||Steelixite|RockHead|Protect,Earthquake,HeavySlam,RockSlide|Adamant||M|||50|]Klefki||OccaBerry|Prankster|Sandstorm,MagnetRise,LightScreen,TrickRoom|Relaxed||F|||50|
|inactive|Battle timer is ON: inactive players will automatically lose when time's up. (requested by Omarro)
|
|t:|1782765940
|teamsize|p1|4
|teamsize|p2|4
|start
|switch|p1a: Charizard|Charizard, L50, F|100/100
|switch|p1b: Garchomp|Garchomp, L50, M|100/100
|switch|p2a: Annihilape|Annihilape, L50, M|100/100
|switch|p2b: Corviknight|Corviknight, L50, F|100/100
|turn|1
|
|t:|1782765962
|detailschange|p1a: Charizard|Charizard-Mega-Y, L50, F
|-mega|p1a: Charizard|Charizard|Charizardite Y
|-weather|SunnyDay|[from] ability: Drought|[of] p1a: Charizard
|move|p1b: Garchomp|Rock Slide|p2b: Corviknight|[spread] p2a,p2b
|-resisted|p2a: Annihilape|1
|-damage|p2a: Annihilape|88/100
|-damage|p2b: Corviknight|80/100
|-damage|p1b: Garchomp|90/100|[from] item: Life Orb
|move|p1a: Charizard|Weather Ball|p2b: Corviknight
|-supereffective|p2b: Corviknight|1
|-damage|p2b: Corviknight|0 fnt
|faint|p2b: Corviknight
|move|p2a: Annihilape|Rock Slide|p1a: Charizard|[spread] p1a,p1b
|-supereffective|p1a: Charizard|2
|-resisted|p1b: Garchomp|1
|-damage|p1a: Charizard|9/100
|-damage|p1b: Garchomp|81/100
|
|-weather|SunnyDay|[upkeep]
|-heal|p2a: Annihilape|94/100|[from] item: Leftovers
|upkeep
|
|t:|1782765981
|switch|p2b: Klefki|Klefki, L50, F|100/100
|turn|2
|
|t:|1782765998
|move|p2a: Annihilape|Protect|p2a: Annihilape
|-singleturn|p2a: Annihilape|Protect
|move|p2b: Klefki|Sandstorm|p2b: Klefki
|-weather|Sandstorm
|move|p1b: Garchomp|Earthquake|p2b: Klefki|[spread] p2b
|-activate|p2a: Annihilape|move: Protect
|-immune|p1a: Charizard
|-supereffective|p2b: Klefki|1
|-damage|p2b: Klefki|22/100
|-damage|p1b: Garchomp|71/100|[from] item: Life Orb
|move|p1a: Charizard|Heat Wave|p2b: Klefki|[spread] p2b
|-activate|p2a: Annihilape|move: Protect
|-supereffective|p2b: Klefki|1
|-enditem|p2b: Klefki|Occa Berry|[eat]
|-enditem|p2b: Klefki|Occa Berry|[weaken]
|-damage|p2b: Klefki|0 fnt
|faint|p2b: Klefki
|
|-weather|Sandstorm|[upkeep]
|-damage|p1a: Charizard|3/100|[from] Sandstorm
|-damage|p2a: Annihilape|88/100|[from] Sandstorm
|-heal|p2a: Annihilape|94/100|[from] item: Leftovers
|upkeep
|
|t:|1782766019
|switch|p2b: Steelix|Steelix, L50, M|100/100
|turn|3
|
|t:|1782766035
|detailschange|p2b: Steelix|Steelix-Mega, L50, M
|-mega|p2b: Steelix|Steelix|Steelixite
|move|p2b: Steelix|Protect|p2b: Steelix
|-singleturn|p2b: Steelix|Protect
|move|p1b: Garchomp|Earthquake|p2a: Annihilape|[spread] p2a
|-activate|p2b: Steelix|move: Protect
|-immune|p1a: Charizard
|-damage|p2a: Annihilape|48/100
|-damage|p1b: Garchomp|62/100|[from] item: Life Orb
|move|p1a: Charizard|Heat Wave|p2a: Annihilape|[spread] 
|-activate|p2b: Steelix|move: Protect
|-miss|p1a: Charizard|p2a: Annihilape
|move|p2a: Annihilape|Rock Slide|p1b: Garchomp|[spread] p1b
|-miss|p2a: Annihilape|p1a: Charizard
|-resisted|p1b: Garchomp|1
|-damage|p1b: Garchomp|52/100
|
|-weather|Sandstorm|[upkeep]
|-damage|p1a: Charizard|0 fnt|[from] Sandstorm
|-damage|p2a: Annihilape|42/100|[from] Sandstorm
|faint|p1a: Charizard
|-heal|p2a: Annihilape|48/100|[from] item: Leftovers
|upkeep
|inactive|INT Moreira23 has 30 seconds left.
|
|t:|1782766061
|switch|p1a: Sylveon|Sylveon, L50, F|100/100
|turn|4
|
|t:|1782766074
|move|p2a: Annihilape|Protect|p2a: Annihilape
|-singleturn|p2a: Annihilape|Protect
|move|p1b: Garchomp|Earthquake|p2a: Annihilape|[spread] p1a,p2b
|-activate|p2a: Annihilape|move: Protect
|-supereffective|p2b: Steelix|1
|-crit|p2b: Steelix
|-damage|p1a: Sylveon|42/100
|-damage|p2b: Steelix|30/100
|-damage|p1b: Garchomp|42/100|[from] item: Life Orb
|move|p1a: Sylveon|Hyper Voice|p2b: Steelix|[spread] p2b
|-activate|p2a: Annihilape|move: Protect
|-resisted|p2b: Steelix|1
|-damage|p2b: Steelix|5/100
|move|p2b: Steelix|Heavy Slam|p1a: Sylveon
|-supereffective|p1a: Sylveon|1
|-damage|p1a: Sylveon|0 fnt
|faint|p1a: Sylveon
|
|-weather|Sandstorm|[upkeep]
|-damage|p2a: Annihilape|42/100|[from] Sandstorm
|-heal|p2a: Annihilape|48/100|[from] item: Leftovers
|upkeep
|
|t:|1782766096
|switch|p1a: Farigiraf|Farigiraf, L50, F|100/100
|turn|5
|
|t:|1782766108
|move|p1a: Farigiraf|Helping Hand|p1b: Garchomp
|-singleturn|p1b: Garchomp|Helping Hand|[of] p1a: Farigiraf
|move|p2b: Steelix|Protect|p2b: Steelix
|-singleturn|p2b: Steelix|Protect
|move|p1b: Garchomp|Earthquake|p2b: Steelix|[spread] p1a,p2a
|-activate|p2b: Steelix|move: Protect
|-damage|p1a: Farigiraf|26/100
|-damage|p2a: Annihilape|0 fnt
|faint|p2a: Annihilape
|-damage|p1b: Garchomp|33/100|[from] item: Life Orb
|
|-weather|Sandstorm|[upkeep]
|-damage|p1a: Farigiraf|20/100y|[from] Sandstorm
|upkeep
|turn|6
|
|t:|1782766132
|move|p1b: Garchomp|Dragon Claw|p2b: Steelix
|-resisted|p2b: Steelix|1
|-damage|p2b: Steelix|0 fnt
|faint|p2b: Steelix
|-damage|p1b: Garchomp|23/100|[from] item: Life Orb
|
|win|INT Moreira23
|raw|INT Moreira23's rating: 1000 → 1052(+52 for winning)
|raw|Omarro's rating: 1110 → 1077(-33 for losing)
|l|☆Omarro
|player|p2|
