|j|☆lettitripppp
|j|☆babydimelavelda
|html|lettitrippppbabydimelavelda    
|uhtml|bestof|Game 3 of a best-of-3
|t:|1785180011
|gametype|doubles
|player|p1|lettitripppp|lucas|1170
|player|p2|babydimelavelda|265|1172
|gen|9
|tier|[Gen 9 Champions] VGC 2026 Reg M-B (Bo3)
|rated|
|rule|Species Clause: Limit one of each Pokémon
|rule|Item Clause: Limit 1 of each item
|clearpoke
|poke|p1|Delphox, L50, F|
|poke|p1|Staraptor, L50, M|
|poke|p1|Glimmora, L50, M|
|poke|p1|Whimsicott, L50, M, shiny|
|poke|p1|Garchomp, L50, M|
|poke|p1|Kingambit, L50, M, shiny|
|poke|p2|Mawile, L50, F|
|poke|p2|Farigiraf, L50, M|
|poke|p2|Tyranitar, L50, F|
|poke|p2|Basculegion, L50, M|
|poke|p2|Raichu, L50, M|
|poke|p2|Sinistcha, L50|
|teampreview|4
|showteam|p1|Delphox||Delphoxite|Blaze|HeatWave,Psychic,Encore,Protect|Timid||F|||50|]Staraptor||Staraptite|Intimidate|CloseCombat,BraveBird,Roost,Protect|Jolly||M|||50|]Glimmora||FocusSash|ToxicDebris|SludgeBomb,EarthPower,PowerGem,SpikyShield|Modest||M|||50|]Whimsicott||OccaBerry|Prankster|LightScreen,Moonblast,Tailwind,Charm|Timid||M|||50|]Garchomp||LifeOrb|RoughSkin|DragonClaw,Earthquake,RockSlide,Protect|Jolly||M|||50|]Kingambit||ChopleBerry|Defiant|KowtowCleave,SuckerPunch,IronHead,LowKick|Adamant||M|||50|
|showteam|p2|Mawile||Mawilite|HyperCutter|PlayRough,KnockOff,BrickBreak,Protect|Brave||F|||50|]Farigiraf||ColburBerry|ArmorTail|TrickRoom,TwinBeam,AllySwitch,GrassKnot|Modest||M|||50|]Tyranitar||ChoiceScarf|SandStream|KnockOff,RockSlide,IcePunch,LowKick|Jolly||F|||50|]Basculegion||LifeOrb|SwiftSwim|LastRespects,WaveCrash,AquaJet,Protect|Brave||M|||50|]Raichu||RaichuniteY|LightningRod|ZapCannon,FocusBlast,FakeOut,Protect|Timid||M|||50|]Sinistcha||SitrusBerry|Hospitality|MatchaGotcha,RagePowder,TrickRoom,Protect|Bold|||||50|
|inactive|Battle timer is ON: inactive players will automatically lose when time's up. (requested by lettitripppp)
|
|t:|1785180038
|teamsize|p1|4
|teamsize|p2|4
|start
|switch|p1a: NUMBER 1|Staraptor, L50, M|100/100
|switch|p1b: CRUSH SHARK|Garchomp, L50, M|100/100
|switch|p2a: Raichu|Raichu, L50, M|100/100
|switch|p2b: Farigiraf|Farigiraf, L50, M|100/100
|-ability|p1a: NUMBER 1|Intimidate|boost
|-unboost|p2a: Raichu|atk|1
|-unboost|p2b: Farigiraf|atk|1
|turn|1
|
|t:|1785180063
|switch|p2b: Sinistcha|Sinistcha, L50|100/100
|detailschange|p2a: Raichu|Raichu-Mega-Y, L50, M
|-mega|p2a: Raichu|Raichu|Raichunite Y
|move|p2a: Raichu|Protect|p2a: Raichu
|-singleturn|p2a: Raichu|Protect
|move|p1b: CRUSH SHARK|Earthquake|p2b: Sinistcha|[spread] p2b
|-activate|p2a: Raichu|move: Protect
|-immune|p1a: NUMBER 1
|-resisted|p2b: Sinistcha|1
|-damage|p2b: Sinistcha|80/100
|-damage|p1b: CRUSH SHARK|90/100|[from] item: Life Orb
|move|p1a: NUMBER 1|Close Combat|p2a: Raichu
|-activate|p2a: Raichu|move: Protect
|
|upkeep
|turn|2
|inactive|babydimelavelda has 30 seconds left.
|
|t:|1785180097
|switch|p2a: Farigiraf|Farigiraf, L50, M|100/100
|move|p1b: CRUSH SHARK|Earthquake|p2a: Farigiraf|[spread] p2a,p2b
|-immune|p1a: NUMBER 1
|-resisted|p2b: Sinistcha|1
|-damage|p2a: Farigiraf|52/100
|-damage|p2b: Sinistcha|60/100
|-damage|p1b: CRUSH SHARK|80/100|[from] item: Life Orb
|move|p1a: NUMBER 1|Brave Bird|p2b: Sinistcha
|-supereffective|p2b: Sinistcha|1
|-damage|p2b: Sinistcha|0 fnt
|faint|p2b: Sinistcha
|-damage|p1a: NUMBER 1|81/100|[from] Recoil
|
|upkeep
|
|t:|1785180110
|switch|p2b: Tyranitar|Tyranitar, L50, F|100/100
|-weather|Sandstorm|[from] ability: Sand Stream|[of] p2b: Tyranitar
|turn|3
|
|t:|1785180124
|move|p1b: CRUSH SHARK|Protect|p1b: CRUSH SHARK
|-singleturn|p1b: CRUSH SHARK|Protect
|move|p2a: Farigiraf|Ally Switch|p2a: Farigiraf
|swap|p2a: Farigiraf|1|[from] move: Ally Switch
|move|p2a: Tyranitar|Ice Punch|p1b: CRUSH SHARK
|-activate|p1b: CRUSH SHARK|move: Protect
|move|p1a: NUMBER 1|Close Combat|p2b: Farigiraf
|-crit|p2b: Farigiraf
|-damage|p2b: Farigiraf|9/100
|-unboost|p1a: NUMBER 1|def|1
|-unboost|p1a: NUMBER 1|spd|1
|
|-weather|Sandstorm|[upkeep]
|-damage|p1a: NUMBER 1|75/100|[from] Sandstorm
|-damage|p2b: Farigiraf|3/100|[from] Sandstorm
|upkeep
|turn|4
|
|t:|1785180148
|switch|p1b: LET IT GO|Whimsicott, L50, M, shiny|100/100
|switch|p2b: Raichu|Raichu-Mega-Y, L50, M|100/100
|move|p2a: Tyranitar|Ice Punch|p1a: NUMBER 1
|-supereffective|p1a: NUMBER 1|1
|-damage|p1a: NUMBER 1|0 fnt
|faint|p1a: NUMBER 1
|
|-weather|Sandstorm|[upkeep]
|-damage|p2b: Raichu|93/100|[from] Sandstorm
|-damage|p1b: LET IT GO|94/100|[from] Sandstorm
|upkeep
|
|t:|1785180155
|switch|p1a: CRUSH SHARK|Garchomp, L50, M|80/100
|turn|5
|
|t:|1785180161
|switch|p2b: Farigiraf|Farigiraf, L50, M|3/100
|move|p1a: CRUSH SHARK|Protect|p1a: CRUSH SHARK
|-singleturn|p1a: CRUSH SHARK|Protect
|move|p1b: LET IT GO|Tailwind|p1b: LET IT GO
|-sidestart|p1: lettitripppp|move: Tailwind
|move|p2a: Tyranitar|Ice Punch|p1a: CRUSH SHARK
|-activate|p1a: CRUSH SHARK|move: Protect
|
|-weather|Sandstorm|[upkeep]
|-damage|p1b: LET IT GO|88/100|[from] Sandstorm
|-damage|p2b: Farigiraf|0 fnt|[from] Sandstorm
|faint|p2b: Farigiraf
|upkeep
|
|t:|1785180167
|switch|p2b: Raichu|Raichu-Mega-Y, L50, M|93/100
|turn|6
|
|t:|1785180171
|move|p2b: Raichu|Protect|p2b: Raichu
|-singleturn|p2b: Raichu|Protect
|move|p1b: LET IT GO|Moonblast|p2a: Tyranitar
|-supereffective|p2a: Tyranitar|1
|-damage|p2a: Tyranitar|58/100
|move|p1a: CRUSH SHARK|Earthquake|p2b: Raichu|[spread] p1b,p2a
|-activate|p2b: Raichu|move: Protect
|-resisted|p1b: LET IT GO|1
|-supereffective|p2a: Tyranitar|1
|-damage|p1b: LET IT GO|54/100
|-damage|p2a: Tyranitar|0 fnt
|faint|p2a: Tyranitar
|-damage|p1a: CRUSH SHARK|70/100|[from] item: Life Orb
|
|-weather|Sandstorm|[upkeep]
|-damage|p1b: LET IT GO|48/100|[from] Sandstorm
|-damage|p2b: Raichu|87/100|[from] Sandstorm
|upkeep
|turn|7
|-message|babydimelavelda forfeited.
|
|win|lettitripppp
|raw|lettitripppp's rating: 1170 → 1195(+25 for winning)
|raw|babydimelavelda's rating: 1172 → 1147(-25 for losing)
|l|☆babydimelavelda
|player|p2|
