|j|☆TONKMAN
|j|☆KorrinaOps5
|html|TONKMANKorrinaOps5    
|uhtml|bestof|Game 1 of a best-of-3
|t:|1757654776
|gametype|doubles
|player|p1|TONKMAN|2|1053
|player|p2|KorrinaOps5|169|1085
|gen|9
|tier|[Gen 9] VGC 2025 Reg H (Bo3)
|rated|
|rule|Species Clause: Limit one of each Pokémon
|rule|Item Clause: Limit 1 of each item
|clearpoke
|poke|p1|Vivillon, L50, F|
|poke|p1|Garchomp, L50, M|
|poke|p1|Primarina, L50, F|
|poke|p1|Porygon2, L50|
|poke|p1|Incineroar, L50, M|
|poke|p1|Gholdengo, L50|
|poke|p2|Pelipper, L50, M|
|poke|p2|Archaludon, L50, M|
|poke|p2|Incineroar, L50, M|
|poke|p2|Dragonite, L50, M|
|poke|p2|Ursaluna, L50, F|
|poke|p2|Sinistcha, L50|
|teampreview|4
|showteam|p1|Vivillon||FocusSash|CompoundEyes|Hurricane,SleepPowder,RagePowder,Protect|||F|||50|,,,,,Ghost]Garchomp||LifeOrb|RoughSkin|DragonClaw,Earthquake,StompingTantrum,Protect|||M|||50|,,,,,Steel]Primarina||SitrusBerry|LiquidVoice|HyperVoice,Moonblast,Haze,Protect|||F|||50|,,,,,Poison]Porygon2||Eviolite|Download|TeraBlast,IceBeam,TrickRoom,Recover||||||50|,,,,,Ground]Incineroar||SafetyGoggles|Intimidate|FakeOut,FlareBlitz,KnockOff,PartingShot|||M|||50|,,,,,Ghost]Gholdengo||Leftovers|GoodasGold|MakeItRain,ShadowBall,NastyPlot,Protect||||||50|,,,,,Flying
|showteam|p2|Pelipper||FocusSash|Drizzle|MuddyWater,Hurricane,WideGuard,Tailwind|||M|||50|,,,,,Ghost]Archaludon||AssaultVest|Stamina|ElectroShot,DracoMeteor,BodyPress,FlashCannon|||M|||50|,,,,,Bug]Incineroar||SafetyGoggles|Intimidate|KnockOff,FakeOut,Taunt,PartingShot|||M|||50|,,,,,Flying]Dragonite||LoadedDice|Multiscale|ScaleShot,Tailwind,Haze,Protect|||M|||50|,,,,,Steel]Ursaluna||FlameOrb|Guts|Facade,Earthquake,HeadlongRush,Protect|||F|||50|,,,,,Ghost]Sinistcha||SitrusBerry|Hospitality|MatchaGotcha,LifeDew,RagePowder,TrickRoom||||||50|,,,,,Dark
|inactive|Battle timer is ON: inactive players will automatically lose when time's up. (requested by TONKMAN)
|
|t:|1757654808
|teamsize|p1|4
|teamsize|p2|4
|start
|switch|p1a: Vivillon|Vivillon, L50, F|100/100
|switch|p1b: Garchomp|Garchomp, L50, M|100/100
|switch|p2a: Incineroar|Incineroar, L50, M|100/100
|switch|p2b: Dragonite|Dragonite, L50, M, shiny|100/100
|-ability|p2a: Incineroar|Intimidate|boost
|-unboost|p1a: Vivillon|atk|1
|-unboost|p1b: Garchomp|atk|1
|turn|1
|
|t:|1757654821
|-terastallize|p2a: Incineroar|Flying
|move|p1b: Garchomp|Protect|p1b: Garchomp
|-singleturn|p1b: Garchomp|Protect
|move|p1a: Vivillon|Protect|p1a: Vivillon
|-singleturn|p1a: Vivillon|Protect
|move|p2b: Dragonite|Protect|p2b: Dragonite
|-singleturn|p2b: Dragonite|Protect
|move|p2a: Incineroar|Taunt|p1a: Vivillon
|-activate|p1a: Vivillon|move: Protect
|
|upkeep
|turn|2
|inactive|TONKMAN has 30 seconds left.
|
|t:|1757654847
|switch|p2b: Sinistcha|Sinistcha, L50, shiny|100/100
|move|p1b: Garchomp|Dragon Claw|p2a: Incineroar
|-crit|p2a: Incineroar
|-damage|p2a: Incineroar|22/100
|-damage|p1b: Garchomp|91/100|[from] item: Life Orb
|move|p1a: Vivillon|Sleep Powder|p2b: Sinistcha
|-immune|p2b: Sinistcha
|move|p2a: Incineroar|Taunt|p1a: Vivillon
|-start|p1a: Vivillon|move: Taunt
|
|upkeep
|turn|3
|
|t:|1757654865
|switch|p2a: Dragonite|Dragonite, L50, M, shiny|100/100
|move|p2b: Sinistcha|Rage Powder|p2b: Sinistcha
|-singleturn|p2b: Sinistcha|move: Rage Powder
|move|p1b: Garchomp|Dragon Claw|p2b: Sinistcha
|-damage|p2b: Sinistcha|69/100
|-damage|p1b: Garchomp|81/100|[from] item: Life Orb
|move|p1a: Vivillon|Hurricane|p2b: Sinistcha
|-supereffective|p2b: Sinistcha
|-damage|p2b: Sinistcha|0 fnt
|faint|p2b: Sinistcha
|
|upkeep
|
|t:|1757654879
|switch|p2b: Incineroar|Incineroar, L50, M, tera:Flying|22/100
|-ability|p2b: Incineroar|Intimidate|boost
|-unboost|p1a: Vivillon|atk|1
|-unboost|p1b: Garchomp|atk|1
|turn|4
|
|t:|1757654894
|switch|p1a: Gholdengo|Gholdengo, L50|100/100
|move|p1b: Garchomp|Protect|p1b: Garchomp
|-singleturn|p1b: Garchomp|Protect
|move|p2b: Incineroar|Fake Out|p1b: Garchomp
|-activate|p1b: Garchomp|move: Protect
|move|p2a: Dragonite|Scale Shot|p1a: Gholdengo
|-resisted|p1a: Gholdengo
|-damage|p1a: Gholdengo|93/100
|-resisted|p1a: Gholdengo
|-damage|p1a: Gholdengo|86/100
|-resisted|p1a: Gholdengo
|-damage|p1a: Gholdengo|78/100
|-resisted|p1a: Gholdengo
|-damage|p1a: Gholdengo|71/100
|-resisted|p1a: Gholdengo
|-damage|p1a: Gholdengo|64/100
|-hitcount|p1a: Gholdengo|5
|-unboost|p2a: Dragonite|def|1
|-boost|p2a: Dragonite|spe|1
|
|-heal|p1a: Gholdengo|70/100|[from] item: Leftovers
|upkeep
|turn|5
|
|t:|1757654918
|switch|p1b: Porygon2|Porygon2, L50|100/100
|-ability|p1b: Porygon2|Download|boost
|-boost|p1b: Porygon2|atk|1
|switch|p2b: Archaludon|Archaludon, L50, M, shiny|100/100
|move|p2a: Dragonite|Scale Shot|p1b: Porygon2
|-damage|p1b: Porygon2|91/100
|-damage|p1b: Porygon2|82/100
|-damage|p1b: Porygon2|73/100
|-damage|p1b: Porygon2|64/100
|-hitcount|p1b: Porygon2|4
|-unboost|p2a: Dragonite|def|1
|-boost|p2a: Dragonite|spe|1
|move|p1a: Gholdengo|Make It Rain|p2a: Dragonite|[spread] p2a,p2b
|-resisted|p2b: Archaludon
|-crit|p2b: Archaludon
|-damage|p2a: Dragonite|75/100
|-damage|p2b: Archaludon|78/100
|-unboost|p1a: Gholdengo|spa|1
|-ability|p2b: Archaludon|Stamina|boost
|-boost|p2b: Archaludon|def|1
|
|-heal|p1a: Gholdengo|76/100|[from] item: Leftovers
|upkeep
|turn|6
|inactive|TONKMAN has 30 seconds left.
|inactive|KorrinaOps5 has 30 seconds left.
|inactive|KorrinaOps5 has 20 seconds left.
|inactive|KorrinaOps5 has 15 seconds left.
|
|t:|1757654959
|switch|p2a: Incineroar|Incineroar, L50, M, tera:Flying|22/100
|-ability|p2a: Incineroar|Intimidate|boost
|-unboost|p1a: Gholdengo|atk|1
|-unboost|p1b: Porygon2|atk|1
|-terastallize|p1b: Porygon2|Ground
|move|p1a: Gholdengo|Nasty Plot|p1a: Gholdengo
|-boost|p1a: Gholdengo|spa|2
|move|p2b: Archaludon|Body Press|p1b: Porygon2
|-damage|p1b: Porygon2|40/100
|move|p1b: Porygon2|Ice Beam|p2a: Incineroar
|-supereffective|p2a: Incineroar
|-damage|p2a: Incineroar|0 fnt
|faint|p2a: Incineroar
|
|-heal|p1a: Gholdengo|82/100|[from] item: Leftovers
|upkeep
|
|t:|1757654970
|switch|p2a: Dragonite|Dragonite, L50, M, shiny|75/100
|turn|7
|l|☆KorrinaOps5
|inactive|KorrinaOps5 disconnected and has a minute to reconnect!
|player|p2|
|inactive|KorrinaOps5 has 30 seconds left.
|inactive|KorrinaOps5 has 20 seconds left.
|inactive|KorrinaOps5 has 15 seconds left.
|inactive|KorrinaOps5 has 10 seconds left.
|inactive|KorrinaOps5 has 5 seconds left.
|-message|KorrinaOps5 lost due to inactivity.
|
|win|TONKMAN
||TONKMAN is ready for game 2.
|inactive|KorrinaOps5 has 10 seconds to reconnect!
|inactive|KorrinaOps5 has 0 seconds to reconnect!
|raw|TONKMAN's rating: 1053 → 1088(+35 for winning)
|raw|KorrinaOps5's rating: 1085 → 1060(-25 for losing)
|l|☆TONKMAN
|player|p1|
