|j|☆Sea's Searing
|j|☆baarboo
|html|Sea's Searingbaarboo    
|uhtml|bestof|Game 2 of a best-of-3
|t:|1783443689
|gametype|doubles
|player|p1|Sea's Searing|265|1319
|player|p2|baarboo|1|1360
|gen|9
|tier|[Gen 9 Champions] VGC 2026 Reg M-B (Bo3)
|rated|
|rule|Species Clause: Limit one of each Pokémon
|rule|Item Clause: Limit 1 of each item
|clearpoke
|poke|p1|Kingambit, L50, F|
|poke|p1|Sneasler, L50, F|
|poke|p1|Incineroar, L50, M|
|poke|p1|Sinistcha, L50|
|poke|p1|Floette-Eternal, L50, F|
|poke|p1|Delphox, L50, M|
|poke|p2|Charizard, L50, M|
|poke|p2|Kingambit, L50, M|
|poke|p2|Sylveon, L50, M|
|poke|p2|Farigiraf, L50, M|
|poke|p2|Garchomp, L50, F|
|poke|p2|Aerodactyl, L50, F|
|teampreview|4
|showteam|p1|Kingambit||BlackGlasses|Defiant|KowtowCleave,SuckerPunch,SwordsDance,Protect|Adamant||F|||50|]Sneasler||FocusSash|PoisonTouch|FakeOut,DireClaw,CloseCombat,QuickGuard|Jolly||F|||50|]Incineroar||SitrusBerry|Intimidate|FlareBlitz,PartingShot,HelpingHand,FakeOut|Careful||M|||50|]Sinistcha||OccaBerry|Hospitality|MatchaGotcha,RagePowder,TrickRoom,Protect|Bold|||||50|]Floette-Eternal||Floettite|FlowerVeil|DazzlingGleam,DrainingKiss,CalmMind,Protect|Modest||F|||50|]Delphox||Delphoxite|Blaze|HeatWave,Psyshock,NastyPlot,Protect|Timid||M|||50|
|showteam|p2|Charizard||CharizarditeY|SolarPower|SolarBeam,WeatherBall,Protect,HeatWave|Modest||M|||50|]Kingambit||FocusSash|Defiant|KowtowCleave,SuckerPunch,LowKick,IronHead|Adamant||M|||50|]Sylveon||FairyFeather|Pixilate|Detect,HyperBeam,HyperVoice,QuickAttack|Modest||M|||50|]Farigiraf||SitrusBerry|ArmorTail|TrickRoom,TwinBeam,GrassKnot,Thunderbolt|Bold||M|||50|]Garchomp||LifeOrb|RoughSkin|Protect,Earthquake,DragonClaw,StompingTantrum|Jolly||F|||50|]Aerodactyl||Aerodactylite|Unnerve|RockSlide,IceFang,Tailwind,DualWingbeat|Jolly||F|||50|
|inactive|Battle timer is ON: inactive players will automatically lose when time's up. (requested by baarboo)
|
|t:|1783443715
|teamsize|p1|4
|teamsize|p2|4
|start
|switch|p1a: Floette|Floette-Eternal, L50, F|100/100
|switch|p1b: Incineroar|Incineroar, L50, M|100/100
|switch|p2a: Kingambit|Kingambit, L50, M|100/100
|switch|p2b: Aerodactyl|Aerodactyl, L50, F|100/100
|-ability|p2b: Aerodactyl|Unnerve
|-ability|p1b: Incineroar|Intimidate|boost
|-unboost|p2a: Kingambit|atk|1
|-ability|p2a: Kingambit|Defiant|boost
|-boost|p2a: Kingambit|atk|2
|-unboost|p2b: Aerodactyl|atk|1
|turn|1
|inactive|Sea's Searing has 30 seconds left.
|inactive|Sea's Searing has 20 seconds left.
|inactive|Sea's Searing has 15 seconds left.
|
|t:|1783443755
|detailschange|p2b: Aerodactyl|Aerodactyl-Mega, L50, F
|-mega|p2b: Aerodactyl|Aerodactyl|Aerodactylite
|detailschange|p1a: Floette|Floette-Mega, L50, F
|-mega|p1a: Floette|Floette|Floettite
|-ability|p1a: Floette|Fairy Aura
|move|p1b: Incineroar|Fake Out|p2a: Kingambit
|-resisted|p2a: Kingambit|1
|-damage|p2a: Kingambit|95/100
|move|p2b: Aerodactyl|Tailwind|p2b: Aerodactyl
|-sidestart|p2: baarboo|move: Tailwind
|cant|p2a: Kingambit|flinch
|move|p1a: Floette|Dazzling Gleam|p2a: Kingambit|[spread] p2a,p2b
|-damage|p2a: Kingambit|46/100
|-damage|p2b: Aerodactyl|55/100
|
|upkeep
|turn|2
|
|t:|1783443768
|switch|p1b: Sinistcha|Sinistcha, L50|100/100
|move|p1a: Floette|Protect|p1a: Floette
|-singleturn|p1a: Floette|Protect
|move|p2b: Aerodactyl|Rock Slide|p1a: Floette|[spread] p1b
|-activate|p1a: Floette|move: Protect
|-damage|p1b: Sinistcha|86/100
|move|p2a: Kingambit|Low Kick|p1b: Sinistcha
|-immune|p1b: Sinistcha
|
|upkeep
|turn|3
|
|t:|1783443778
|move|p1b: Sinistcha|Rage Powder|p1b: Sinistcha
|-singleturn|p1b: Sinistcha|move: Rage Powder
|move|p2b: Aerodactyl|Rock Slide|p1b: Sinistcha|[spread] p1a,p1b
|-damage|p1a: Floette|80/100
|-damage|p1b: Sinistcha|71/100
|move|p2a: Kingambit|Kowtow Cleave|p1b: Sinistcha
|-supereffective|p1b: Sinistcha|1
|-damage|p1b: Sinistcha|0 fnt
|faint|p1b: Sinistcha
|cant|p1a: Floette|flinch
|
|upkeep
|
|t:|1783443792
|switch|p1b: Incineroar|Incineroar, L50, M|100/100
|-ability|p1b: Incineroar|Intimidate|boost
|-unboost|p2a: Kingambit|atk|1
|-ability|p2a: Kingambit|Defiant|boost
|-boost|p2a: Kingambit|atk|2
|-unboost|p2b: Aerodactyl|atk|1
|turn|4
|
|t:|1783443797
|move|p1b: Incineroar|Fake Out|p2a: Kingambit
|-resisted|p2a: Kingambit|1
|-damage|p2a: Kingambit|41/100
|move|p2b: Aerodactyl|Rock Slide|p1b: Incineroar|[spread] p1a,p1b
|-supereffective|p1b: Incineroar|1
|-damage|p1a: Floette|65/100
|-damage|p1b: Incineroar|76/100
|cant|p2a: Kingambit|flinch
|move|p1a: Floette|Dazzling Gleam|p2a: Kingambit|[spread] p2a,p2b
|-damage|p2a: Kingambit|0 fnt
|-damage|p2b: Aerodactyl|6/100
|faint|p2a: Kingambit
|
|-sideend|p2: baarboo|move: Tailwind
|upkeep
|
|t:|1783443802
|switch|p2a: Sylveon|Sylveon, L50, M|100/100
|turn|5
|
|t:|1783443813
|move|p2b: Aerodactyl|Tailwind|p2b: Aerodactyl
|-sidestart|p2: baarboo|move: Tailwind
|move|p2a: Sylveon|Hyper Voice|p1b: Incineroar|[spread] p1a,p1b
|-damage|p1a: Floette|15/100
|-damage|p1b: Incineroar|24/100
|-enditem|p1b: Incineroar|Sitrus Berry|[eat]
|-heal|p1b: Incineroar|49/100|[from] item: Sitrus Berry
|move|p1a: Floette|Dazzling Gleam|p2a: Sylveon|[spread] p2a,p2b
|-damage|p2a: Sylveon|63/100
|-damage|p2b: Aerodactyl|0 fnt
|faint|p2b: Aerodactyl
|move|p1b: Incineroar|Parting Shot|p2a: Sylveon
|-unboost|p2a: Sylveon|atk|1
|-unboost|p2a: Sylveon|spa|1
|
|t:|1783443821
|switch|p1b: Kingambit|Kingambit, L50, F|100/100|[from] Parting Shot
|
|upkeep
|
|t:|1783443824
|switch|p2b: Farigiraf|Farigiraf, L50, M|100/100
|turn|6
|
|t:|1783443843
|move|p1a: Floette|Protect|p1a: Floette
|-singleturn|p1a: Floette|Protect
|move|p2a: Sylveon|Hyper Beam|p1b: Kingambit
|-damage|p1b: Kingambit|6/100
|-mustrecharge|p2a: Sylveon
|move|p2b: Farigiraf|Thunderbolt|p1b: Kingambit
|-damage|p1b: Kingambit|0 fnt
|faint|p1b: Kingambit
|
|upkeep
|
|t:|1783443850
|switch|p1b: Incineroar|Incineroar, L50, M|49/100
|-ability|p1b: Incineroar|Intimidate|boost
|-unboost|p2a: Sylveon|atk|1
|-unboost|p2b: Farigiraf|atk|1
|turn|7
|
|t:|1783443864
|move|p1b: Incineroar|Helping Hand|p1a: Floette
|-singleturn|p1a: Floette|Helping Hand|[of] p1b: Incineroar
|cant|p2a: Sylveon|recharge
|move|p2b: Farigiraf|Twin Beam|p1a: Floette
|-damage|p1a: Floette|4/100
|-damage|p1a: Floette|0 fnt
|faint|p1a: Floette
|-hitcount|p1: Floette|2
|
|upkeep
|turn|8
|-message|Sea's Searing forfeited.
|
|win|baarboo
|raw|Sea's Searing's rating: 1319 → 1301(-18 for losing)
|raw|baarboo's rating: 1360 → 1378(+18 for winning)
|l|☆Sea's Searing
|player|p1|
|l|☆baarboo
|player|p2|
|j|☆baarboo
|player|p2|baarboo|1|
|l|☆baarboo
|player|p2|
|j|☆baarboo
|player|p2|baarboo|1|
