|j|☆lox1sm
|j|☆MarshInTheDark
|html|lox1smMarshInTheDark    
|uhtml|bestof|Game 2 of a best-of-3
|t:|1782670259
|gametype|doubles
|player|p1|lox1sm|veteran|1247
|player|p2|MarshInTheDark|ghetsis|1191
|gen|9
|tier|[Gen 9 Champions] VGC 2026 Reg M-B (Bo3)
|rated|
|rule|Species Clause: Limit one of each Pokémon
|rule|Item Clause: Limit 1 of each item
|clearpoke
|poke|p1|Charizard, L50, M|
|poke|p1|Metagross, L50|
|poke|p1|Aerodactyl, L50, F|
|poke|p1|Garchomp, L50, F|
|poke|p1|Kingambit, L50, F|
|poke|p1|Farigiraf, L50, M|
|poke|p2|Grimmsnarl, L50, M, shiny|
|poke|p2|Charizard, L50, M, shiny|
|poke|p2|Garchomp, L50, M, shiny|
|poke|p2|Incineroar, L50, M, shiny|
|poke|p2|Staraptor, L50, M, shiny|
|poke|p2|Venusaur, L50, M, shiny|
|teampreview|4
|showteam|p1|Charizard||CharizarditeY|Blaze|HeatWave,WeatherBall,SolarBeam,Protect|Modest||M|||50|]Metagross||Metagrossite|ClearBody|IronHead,PsychicFangs,StompingTantrum,Protect|Jolly|||||50|]Aerodactyl||SitrusBerry|Unnerve|RockSlide,IceFang,Tailwind,Protect|Jolly||F|||50|]Garchomp||LifeOrb|RoughSkin|DragonClaw,Earthquake,RockSlide,Protect|Jolly||F|||50|]Kingambit||FocusSash|Defiant|KowtowCleave,SuckerPunch,IronHead,LowKick|Adamant||F|||50|]Farigiraf||ExpertBelt|ArmorTail|Psychic,DazzlingGleam,Thunderbolt,TrickRoom|Modest||M|||50|
|showteam|p2|Grimmsnarl||LightClay|Prankster|SpiritBreak,LightScreen,Reflect,PartingShot|Careful||M|||50|]Charizard||CharizarditeY|Blaze|WeatherBall,Protect,HeatWave,SolarBeam|Modest||M|||50|]Garchomp||LifeOrb|RoughSkin|DragonClaw,Earthquake,RockSlide,Protect|Jolly||M|||50|]Incineroar||SitrusBerry|Intimidate|FlareBlitz,FakeOut,PartingShot,DarkestLariat|Careful||M|||50|]Staraptor||Staraptite|Intimidate|CloseCombat,BraveBird,Protect,Roost|Jolly||M|||50|]Venusaur||FocusSash|Chlorophyll|SleepPowder,Protect,SludgeBomb,LeafStorm|Timid||M|||50|
|inactive|Battle timer is ON: inactive players will automatically lose when time's up. (requested by MarshInTheDark)
|inactive|lox1sm has 60 seconds left.
|inactive|lox1sm has 30 seconds left.
|inactive|lox1sm has 20 seconds left.
|inactive|lox1sm has 15 seconds left.
|inactive|lox1sm has 10 seconds left.
|inactive|lox1sm has 5 seconds left.
|
|t:|1782670347
|teamsize|p1|4
|teamsize|p2|4
|start
|switch|p1a: Aerodactyl|Aerodactyl, L50, F|100/100
|switch|p1b: Metagross|Metagross, L50|100/100
|switch|p2a: Staraptor|Staraptor, L50, M, shiny|100/100
|switch|p2b: Grimmsnarl|Grimmsnarl, L50, M, shiny|100/100
|-ability|p1a: Aerodactyl|Unnerve
|-ability|p2a: Staraptor|Intimidate|boost
|-unboost|p1a: Aerodactyl|atk|1
|-fail|p1b: Metagross|unboost|[from] ability: Clear Body|[of] p1b: Metagross
|turn|1
|
|t:|1782670370
|detailschange|p1b: Metagross|Metagross-Mega, L50
|-mega|p1b: Metagross|Metagross|Metagrossite
|move|p2a: Staraptor|Protect|p2a: Staraptor
|-singleturn|p2a: Staraptor|Protect
|move|p2b: Grimmsnarl|Reflect|p2b: Grimmsnarl
|-sidestart|p2: MarshInTheDark|Reflect
|move|p1a: Aerodactyl|Tailwind|p1a: Aerodactyl
|-sidestart|p1: lox1sm|move: Tailwind
|move|p1b: Metagross|Psychic Fangs|p2a: Staraptor
|-activate|p2a: Staraptor|move: Protect
|
|upkeep
|turn|2
|
|t:|1782670387
|switch|p1a: Kingambit|Kingambit, L50, F|100/100
|switch|p2a: Incineroar|Incineroar, L50, M, shiny|100/100
|-ability|p2a: Incineroar|Intimidate|boost
|-unboost|p1a: Kingambit|atk|1
|-ability|p1a: Kingambit|Defiant|boost
|-boost|p1a: Kingambit|atk|2
|-unboost|p1b: Metagross|atk|1
|move|p2b: Grimmsnarl|Parting Shot|p1b: Metagross
|-unboost|p1b: Metagross|atk|1
|-unboost|p1b: Metagross|spa|1
|
|t:|1782670396
|switch|p2b: Staraptor|Staraptor, L50, M, shiny|100/100|[from] Parting Shot
|-ability|p2b: Staraptor|Intimidate|boost
|-unboost|p1a: Kingambit|atk|1
|-ability|p1a: Kingambit|Defiant|boost
|-boost|p1a: Kingambit|atk|2
|-unboost|p1b: Metagross|atk|1
|move|p1b: Metagross|Psychic Fangs|p2a: Incineroar
|-immune|p2a: Incineroar
|
|upkeep
|turn|3
|
|t:|1782670417
|switch|p1b: Farigiraf|Farigiraf, L50, M|100/100
|detailschange|p2b: Staraptor|Staraptor-Mega, L50, M, shiny
|-mega|p2b: Staraptor|Staraptor|Staraptite
|move|p2a: Incineroar|Fake Out||[still]
|cant|p1b: Farigiraf|ability: Armor Tail|Fake Out|[of] p2a: Incineroar
|move|p1a: Kingambit|Iron Head|p2b: Staraptor
|-damage|p2b: Staraptor|26/100
|cant|p2b: Staraptor|flinch
|
|upkeep
|turn|4
|inactive|lox1sm has 30 seconds left.
|inactive|lox1sm has 20 seconds left.
|
|t:|1782670453
|switch|p1b: Aerodactyl|Aerodactyl, L50, F|100/100
|-ability|p1b: Aerodactyl|Unnerve
|move|p2b: Staraptor|Protect|p2b: Staraptor
|-singleturn|p2b: Staraptor|Protect
|move|p1a: Kingambit|Iron Head|p2b: Staraptor
|-activate|p2b: Staraptor|move: Protect
|move|p2a: Incineroar|Flare Blitz|p1a: Kingambit
|-supereffective|p1a: Kingambit|1
|-damage|p1a: Kingambit|22/100
|-damage|p2a: Incineroar|77/100|[from] Recoil
|
|-sideend|p1: lox1sm|move: Tailwind
|upkeep
|turn|5
|
|t:|1782670469
|switch|p2b: Garchomp|Garchomp, L50, M, shiny|100/100
|move|p1b: Aerodactyl|Tailwind|p1b: Aerodactyl
|-sidestart|p1: lox1sm|move: Tailwind
|move|p1a: Kingambit|Iron Head|p2b: Garchomp
|-damage|p2b: Garchomp|37/100
|-damage|p1a: Kingambit|9/100|[from] ability: Rough Skin|[of] p2b: Garchomp
|move|p2a: Incineroar|Flare Blitz|p1a: Kingambit
|-supereffective|p1a: Kingambit|1
|-damage|p1a: Kingambit|0 fnt
|faint|p1a: Kingambit
|-damage|p2a: Incineroar|74/100|[from] Recoil
|
|upkeep
|inactive|lox1sm has 30 seconds left.
|
|t:|1782670501
|switch|p1a: Farigiraf|Farigiraf, L50, M|100/100
|turn|6
|
|t:|1782670507
|move|p2b: Garchomp|Protect|p2b: Garchomp
|-singleturn|p2b: Garchomp|Protect
|move|p1b: Aerodactyl|Rock Slide|p2b: Garchomp|[spread] p2a
|-activate|p2b: Garchomp|move: Protect
|-supereffective|p2a: Incineroar|1
|-damage|p2a: Incineroar|50/100g
|move|p1a: Farigiraf|Dazzling Gleam|p2a: Incineroar|[spread] p2a
|-activate|p2b: Garchomp|move: Protect
|-damage|p2a: Incineroar|36/100
|move|p2a: Incineroar|Parting Shot|p1a: Farigiraf
|-unboost|p1a: Farigiraf|atk|1
|-unboost|p1a: Farigiraf|spa|1
|
|t:|1782670515
|switch|p2a: Grimmsnarl|Grimmsnarl, L50, M, shiny|100/100|[from] Parting Shot
|
|upkeep
|turn|7
|
|t:|1782670524
|switch|p2b: Incineroar|Incineroar, L50, M, shiny|36/100
|-ability|p2b: Incineroar|Intimidate|boost
|-unboost|p1a: Farigiraf|atk|1
|-unboost|p1b: Aerodactyl|atk|1
|move|p2a: Grimmsnarl|Light Screen|p2a: Grimmsnarl
|-sidestart|p2: MarshInTheDark|move: Light Screen
|move|p1b: Aerodactyl|Ice Fang|p2b: Incineroar
|-resisted|p2b: Incineroar|1
|-damage|p2b: Incineroar|33/100
|move|p1a: Farigiraf|Dazzling Gleam|p2b: Incineroar|[spread] p2a,p2b
|-supereffective|p2a: Grimmsnarl|1
|-damage|p2a: Grimmsnarl|80/100
|-damage|p2b: Incineroar|26/100
|
|upkeep
|turn|8
|
|t:|1782670546
|move|p1b: Aerodactyl|Rock Slide|p2a: Grimmsnarl|[spread] p2a,p2b
|-supereffective|p2b: Incineroar|1
|-damage|p2a: Grimmsnarl|71/100
|-damage|p2b: Incineroar|12/100
|move|p1a: Farigiraf|Dazzling Gleam|p2b: Incineroar|[spread] p2a,p2b
|-supereffective|p2a: Grimmsnarl|1
|-damage|p2a: Grimmsnarl|50/100g
|-damage|p2b: Incineroar|5/100
|cant|p2b: Incineroar|flinch
|move|p2a: Grimmsnarl|Spirit Break|p1a: Farigiraf
|-damage|p1a: Farigiraf|68/100
|-unboost|p1a: Farigiraf|spa|1
|
|-sideend|p2: MarshInTheDark|Reflect
|-sideend|p1: lox1sm|move: Tailwind
|upkeep
|turn|9
|
|t:|1782670566
|switch|p1a: Metagross|Metagross-Mega, L50|100/100
|switch|p2b: Staraptor|Staraptor-Mega, L50, M, shiny|26/100
|move|p2a: Grimmsnarl|Reflect|p2a: Grimmsnarl
|-sidestart|p2: MarshInTheDark|Reflect
|move|p1b: Aerodactyl|Rock Slide|p2b: Staraptor|[spread] p2a,p2b
|-damage|p2a: Grimmsnarl|41/100
|-damage|p2b: Staraptor|16/100
|
|upkeep
|turn|10
|
|t:|1782670585
|move|p2b: Staraptor|Protect|p2b: Staraptor
|-singleturn|p2b: Staraptor|Protect
|move|p2a: Grimmsnarl|Parting Shot|p1a: Metagross
|-unboost|p1a: Metagross|atk|1
|-unboost|p1a: Metagross|spa|1
|
|t:|1782670591
|switch|p2a: Incineroar|Incineroar, L50, M, shiny|5/100|[from] Parting Shot
|-ability|p2a: Incineroar|Intimidate|boost
|-unboost|p1a: Metagross|atk|1
|-unboost|p1b: Aerodactyl|atk|1
|move|p1b: Aerodactyl|Tailwind|p1b: Aerodactyl
|-sidestart|p1: lox1sm|move: Tailwind
|move|p1a: Metagross|Psychic Fangs|p2b: Staraptor
|-activate|p2b: Staraptor|move: Protect
|
|upkeep
|turn|11
|
|t:|1782670607
|move|p2a: Incineroar|Fake Out|p1b: Aerodactyl
|-resisted|p1b: Aerodactyl|1
|-damage|p1b: Aerodactyl|93/100
|cant|p1b: Aerodactyl|flinch
|move|p1a: Metagross|Stomping Tantrum|p2a: Incineroar
|-supereffective|p2a: Incineroar|1
|-damage|p2a: Incineroar|0 fnt
|faint|p2a: Incineroar
|move|p2b: Staraptor|Close Combat|p1b: Aerodactyl
|-crit|p1b: Aerodactyl
|-damage|p1b: Aerodactyl|0 fnt
|-boost|p2b: Staraptor|def|1
|-boost|p2b: Staraptor|spd|1
|faint|p1b: Aerodactyl
|
|upkeep
|
|t:|1782670621
|switch|p1b: Farigiraf|Farigiraf, L50, M|68/100
|switch|p2a: Garchomp|Garchomp, L50, M, shiny|37/100
|turn|12
|
|t:|1782670644
|move|p2b: Staraptor|Protect|p2b: Staraptor
|-singleturn|p2b: Staraptor|Protect
|move|p1a: Metagross|Psychic Fangs|p2a: Garchomp
|-sideend|p2: MarshInTheDark|Reflect
|-sideend|p2: MarshInTheDark|move: Light Screen
|-damage|p2a: Garchomp|6/100
|-damage|p1a: Metagross|87/100|[from] ability: Rough Skin|[of] p2a: Garchomp
|move|p1b: Farigiraf|Dazzling Gleam|p2a: Garchomp|[spread] p2a
|-activate|p2b: Staraptor|move: Protect
|-supereffective|p2a: Garchomp|1
|-crit|p2a: Garchomp
|-damage|p2a: Garchomp|0 fnt
|faint|p2a: Garchomp
|
|upkeep
|
|t:|1782670653
|switch|p2a: Grimmsnarl|Grimmsnarl, L50, M, shiny|41/100
|turn|13
|
|t:|1782670660
|move|p2a: Grimmsnarl|Parting Shot||[still]
|cant|p1b: Farigiraf|ability: Armor Tail|Parting Shot|[of] p2a: Grimmsnarl
|move|p1a: Metagross|Psychic Fangs|p2b: Staraptor
|-supereffective|p2b: Staraptor|1
|-damage|p2b: Staraptor|0 fnt
|faint|p2b: Staraptor
|move|p1b: Farigiraf|Dazzling Gleam|p2a: Grimmsnarl
|-supereffective|p2a: Grimmsnarl|1
|-damage|p2a: Grimmsnarl|0 fnt
|faint|p2a: Grimmsnarl
|
|win|lox1sm
|raw|lox1sm's rating: 1247 → 1268(+21 for winning)
|raw|MarshInTheDark's rating: 1191 → 1170(-21 for losing)
|l|☆MarshInTheDark
|player|p2|
