|j|☆terapagos theme
|j|☆Klerion
|html|terapagos themeKlerion    
|uhtml|bestof|Game 3 of a best-of-3
|t:|1755784461
|gametype|doubles
|player|p1|terapagos theme|liko|1219
|player|p2|Klerion|169|1135
|gen|9
|tier|[Gen 9] VGC 2025 Reg H (Bo3)
|rated|
|rule|Species Clause: Limit one of each Pokémon
|rule|Item Clause: Limit 1 of each item
|clearpoke
|poke|p1|Charizard, L50, F|
|poke|p1|Torkoal, L50, F|
|poke|p1|Porygon2, L50|
|poke|p1|Incineroar, L50, F|
|poke|p1|Jumpluff, L50, F|
|poke|p1|Ursaluna, L50, M|
|poke|p2|Glimmora, L50, F|
|poke|p2|Meowscarada, L50, M|
|poke|p2|Dragonite, L50, F|
|poke|p2|Scizor, L50, M|
|poke|p2|Volcarona, L50, F|
|poke|p2|Slowking, L50, F|
|teampreview|4
|showteam|p1|Charizard||ChoiceSpecs|SolarPower|HeatWave,Overheat,WeatherBall,AirSlash|||F|||50|,,,,,Ghost]Torkoal||EjectPack|Drought|Eruption,Overheat,HelpingHand,Protect|||F|||50|,,,,,Fire]Porygon2||Eviolite|Download|TeraBlast,IceBeam,Recover,TrickRoom||||||50|,,,,,Fighting]Incineroar||SitrusBerry|Intimidate|FlareBlitz,KnockOff,FakeOut,PartingShot|||F|||50|,,,,,Ghost]Jumpluff||CovertCloak|Chlorophyll|SleepPowder,SunnyDay,RagePowder,Tailwind|||F|||50|,,,,,Water]Ursaluna||FlameOrb|Guts|HeadlongRush,Facade,Earthquake,Protect|||M|||50|,,,,,Ghost
|showteam|p2|Glimmora||FocusSash|ToxicDebris|SpikyShield,PowerGem,MortalSpin,EarthPower|||F|||50|,,,,,Ground]Meowscarada||ChoiceBand|Protean|FlowerTrick,KnockOff,PlayRough,Uturn|||M|||50|,,,,,Ghost]Dragonite||BindingBand|Multiscale|Protect,Roost,ExtremeSpeed,FireSpin|||F|||50|,,,,,Steel]Scizor||AssaultVest|Technician|Uturn,BulletPunch,CloseCombat,DualWingbeat|||M|||50|,,,,,Water]Volcarona||SitrusBerry|FlameBody|Protect,QuiverDance,BugBuzz,FieryDance|||F|||50|,,,,,Grass]Slowking||SafetyGoggles|Regenerator|Protect,ChillyReception,Scald,ExpandingForce|||F|||50|,,,,,Steel
|
|t:|1755784480
|teamsize|p1|4
|teamsize|p2|4
|start
|switch|p1a: Heisemberg|Porygon2, L50, shiny|100/100
|switch|p1b: Wolfe|Incineroar, L50, F|100/100
|switch|p2a: Glimmora|Glimmora, L50, F|100/100
|switch|p2b: Meowscarada|Meowscarada, L50, M|100/100
|-ability|p1b: Wolfe|Intimidate|boost
|-unboost|p2a: Glimmora|atk|1
|-unboost|p2b: Meowscarada|atk|1
|-ability|p1a: Heisemberg|Download|boost
|-boost|p1a: Heisemberg|spa|1
|turn|1
|
|t:|1755784492
|-terastallize|p1a: Heisemberg|Fighting
|move|p1b: Wolfe|Fake Out|p2b: Meowscarada
|-damage|p2b: Meowscarada|79/100
|cant|p2b: Meowscarada|flinch
|move|p2a: Glimmora|Mortal Spin|p1b: Wolfe|[spread] p1a,p1b
|-crit|p1a: Heisemberg
|-damage|p1a: Heisemberg|96/100
|-damage|p1b: Wolfe|98/100
|-status|p1a: Heisemberg|psn
|-status|p1b: Wolfe|psn
|move|p1a: Heisemberg|Tera Blast|p2b: Meowscarada|[anim] Tera Blast Fighting
|-supereffective|p2b: Meowscarada
|-damage|p2b: Meowscarada|0 fnt
|faint|p2b: Meowscarada
|
|-damage|p1b: Wolfe|85/100 psn|[from] psn
|-damage|p1a: Heisemberg|83/100 psn|[from] psn
|upkeep
|
|t:|1755784511
|switch|p2b: Dragonite|Dragonite, L50, F|100/100
|turn|2
|
|t:|1755784518
|move|p2b: Dragonite|Protect|p2b: Dragonite
|-singleturn|p2b: Dragonite|Protect
|move|p2a: Glimmora|Power Gem|p1b: Wolfe
|-supereffective|p1b: Wolfe
|-damage|p1b: Wolfe|5/100 psn
|-enditem|p1b: Wolfe|Sitrus Berry|[eat]
|-heal|p1b: Wolfe|30/100 psn|[from] item: Sitrus Berry
|move|p1b: Wolfe|Parting Shot|p2a: Glimmora
|-unboost|p2a: Glimmora|atk|1
|-unboost|p2a: Glimmora|spa|1
|
|t:|1755784526
|switch|p1b: Escandaloso|Ursaluna, L50, M|100/100|[from] Parting Shot
|move|p1a: Heisemberg|Ice Beam|p2b: Dragonite
|-activate|p2b: Dragonite|move: Protect
|
|-damage|p1a: Heisemberg|71/100 psn|[from] psn
|-status|p1b: Escandaloso|brn|[from] item: Flame Orb
|upkeep
|turn|3
|inactive|Battle timer is ON: inactive players will automatically lose when time's up. (requested by terapagos theme)
|inactive|Klerion has 60 seconds left.
|
|t:|1755784580
|move|p2a: Glimmora|Power Gem|p1a: Heisemberg
|-resisted|p1a: Heisemberg
|-damage|p1a: Heisemberg|61/100 psn
|move|p2b: Dragonite|Fire Spin|p1a: Heisemberg
|-damage|p1a: Heisemberg|56/100 psn
|-activate|p1a: Heisemberg|move: Fire Spin|[of] p2b: Dragonite
|move|p1b: Escandaloso|Facade|p2a: Glimmora
|-resisted|p2a: Glimmora
|-damage|p2a: Glimmora|24/100
|-activate|p2a: Glimmora|ability: Toxic Debris
|-sidestart|p1: terapagos theme|move: Toxic Spikes
|move|p1a: Heisemberg|Trick Room|p1a: Heisemberg
|-fieldstart|move: Trick Room|[of] p1a: Heisemberg
|
|-damage|p1a: Heisemberg|43/100 psn|[from] psn
|-damage|p1b: Escandaloso|95/100 brn|[from] brn
|-damage|p1a: Heisemberg|27/100 psn|[from] move: Fire Spin|[partiallytrapped]
|upkeep
|turn|4
|
|t:|1755784599
|move|p2b: Dragonite|Protect|p2b: Dragonite
|-singleturn|p2b: Dragonite|Protect
|move|p2a: Glimmora|Spiky Shield|p2a: Glimmora
|-singleturn|p2a: Glimmora|move: Protect
|move|p1a: Heisemberg|Recover|p1a: Heisemberg
|-heal|p1a: Heisemberg|77/100 psn
|move|p1b: Escandaloso|Facade|p2a: Glimmora
|-activate|p2a: Glimmora|move: Protect
|-damage|p1b: Escandaloso|83/100 brn|[from] Spiky Shield|[of] p2a: Glimmora
|
|-damage|p1a: Heisemberg|64/100 psn|[from] psn
|-damage|p1b: Escandaloso|77/100 brn|[from] brn
|-damage|p1a: Heisemberg|47/100 psn|[from] move: Fire Spin|[partiallytrapped]
|upkeep
|turn|5
|
|t:|1755784621
|-terastallize|p2b: Dragonite|Steel
|move|p2b: Dragonite|Extreme Speed|p1a: Heisemberg
|-damage|p1a: Heisemberg|32/100 psn
|move|p1a: Heisemberg|Ice Beam|p2b: Dragonite
|-resisted|p2b: Dragonite
|-damage|p2b: Dragonite|92/100
|move|p1b: Escandaloso|Facade|p2b: Dragonite
|-resisted|p2b: Dragonite
|-damage|p2b: Dragonite|39/100
|move|p2a: Glimmora|Earth Power|p1a: Heisemberg
|-damage|p1a: Heisemberg|18/100 psn
|
|-damage|p1a: Heisemberg|6/100 psn|[from] psn
|-damage|p1b: Escandaloso|71/100 brn|[from] brn
|-damage|p1a: Heisemberg|0 fnt|[from] move: Fire Spin|[partiallytrapped]
|faint|p1a: Heisemberg
|upkeep
|
|t:|1755784633
|switch|p1a: Snoop Dog|Torkoal, L50, F, shiny|100/100
|-status|p1a: Snoop Dog|psn
|-weather|SunnyDay|[from] ability: Drought|[of] p1a: Snoop Dog
|turn|6
|
|t:|1755784646
|move|p2b: Dragonite|Protect|p2b: Dragonite
|-singleturn|p2b: Dragonite|Protect
|move|p2a: Glimmora|Spiky Shield|p2a: Glimmora
|-singleturn|p2a: Glimmora|move: Protect
|move|p1a: Snoop Dog|Eruption|p2a: Glimmora|[spread] 
|-activate|p2a: Glimmora|move: Protect
|-activate|p2b: Dragonite|move: Protect
|move|p1b: Escandaloso|Facade|p2a: Glimmora
|-activate|p2a: Glimmora|move: Protect
|-damage|p1b: Escandaloso|59/100 brn|[from] Spiky Shield|[of] p2a: Glimmora
|
|-weather|SunnyDay|[upkeep]
|-damage|p1a: Snoop Dog|88/100 psn|[from] psn
|-damage|p1b: Escandaloso|53/100 brn|[from] brn
|upkeep
|turn|7
|
|t:|1755784666
|switch|p1b: Wolfe|Incineroar, L50, F|30/100 psn
|-ability|p1b: Wolfe|Intimidate|boost
|-unboost|p2a: Glimmora|atk|1
|-unboost|p2b: Dragonite|atk|1
|switch|p2a: Slowking|Slowking, L50, F|100/100
|move|p1a: Snoop Dog|Eruption|p2b: Dragonite|[spread] p2a,p2b
|-resisted|p2a: Slowking
|-supereffective|p2b: Dragonite
|-crit|p2b: Dragonite
|-damage|p2a: Slowking|78/100
|-damage|p2b: Dragonite|0 fnt
|faint|p2b: Dragonite
|
|-weather|SunnyDay|[upkeep]
|-damage|p1a: Snoop Dog|76/100 psn|[from] psn
|-damage|p1b: Wolfe|17/100 psn|[from] psn
|-fieldend|move: Trick Room
|upkeep
|
|t:|1755784676
|switch|p2b: Glimmora|Glimmora, L50, F|24/100
|turn|8
|
|t:|1755784694
|move|p2b: Glimmora|Spiky Shield|p2b: Glimmora
|-singleturn|p2b: Glimmora|move: Protect
|move|p2a: Slowking|Protect|p2a: Slowking
|-singleturn|p2a: Slowking|Protect
|move|p1b: Wolfe|Knock Off|p2a: Slowking
|-activate|p2a: Slowking|move: Protect
|move|p1a: Snoop Dog|Overheat|p2a: Slowking
|-activate|p2a: Slowking|move: Protect
|
|-weather|SunnyDay|[upkeep]
|-damage|p1b: Wolfe|5/100 psn|[from] psn
|-damage|p1a: Snoop Dog|63/100 psn|[from] psn
|upkeep
|turn|9
|inactive|Klerion has 30 seconds left.
|
|t:|1755784724
|switch|p1b: Escandaloso|Ursaluna, L50, M|53/100 brn
|move|p2b: Glimmora|Earth Power|p1a: Snoop Dog
|-supereffective|p1a: Snoop Dog
|-damage|p1a: Snoop Dog|0 fnt
|faint|p1a: Snoop Dog
|move|p2a: Slowking|Scald|p1b: Escandaloso
|-supereffective|p1b: Escandaloso
|-damage|p1b: Escandaloso|26/100 brn
|
|-weather|SunnyDay|[upkeep]
|-damage|p1b: Escandaloso|20/100 brn|[from] brn
|upkeep
|
|t:|1755784733
|switch|p1a: Wolfe|Incineroar, L50, F|5/100 psn
|-ability|p1a: Wolfe|Intimidate|boost
|-unboost|p2a: Slowking|atk|1
|-unboost|p2b: Glimmora|atk|1
|turn|10
|
|t:|1755784743
|move|p2b: Glimmora|Spiky Shield|p2b: Glimmora
|-singleturn|p2b: Glimmora|move: Protect
|move|p2a: Slowking|Protect|p2a: Slowking
|-singleturn|p2a: Slowking|Protect
|move|p1a: Wolfe|Fake Out|p2a: Slowking
|-activate|p2a: Slowking|move: Protect
|move|p1b: Escandaloso|Facade|p2a: Slowking
|-activate|p2a: Slowking|move: Protect
|
|-weather|none
|-damage|p1a: Wolfe|0 fnt|[from] psn
|faint|p1a: Wolfe
|-damage|p1b: Escandaloso|14/100 brn|[from] brn
|upkeep
|turn|11
|
|t:|1755784749
|move|p2b: Glimmora|Earth Power|p1b: Escandaloso
|-damage|p1b: Escandaloso|0 fnt
|faint|p1b: Escandaloso
|
|win|Klerion
|raw|terapagos theme's rating: 1219 → 1188(-31 for losing)
|raw|Klerion's rating: 1135 → 1166(+31 for winning)
