|j|☆HeatInSeven14
|j|☆PokemonWhileWork
|html|HeatInSeven14PokemonWhileWork    
|uhtml|bestof|Game 1 of a best-of-3
|t:|1784590453
|gametype|doubles
|player|p1|HeatInSeven14|1|1164
|player|p2|PokemonWhileWork|hugh|1121
|gen|9
|tier|[Gen 9 Champions] VGC 2026 Reg M-B (Bo3)
|rated|
|rule|Species Clause: Limit one of each Pokémon
|rule|Item Clause: Limit 1 of each item
|clearpoke
|poke|p1|Farigiraf, L50, M, shiny|
|poke|p1|Kangaskhan, L50, F, shiny|
|poke|p1|Torkoal, L50, M, shiny|
|poke|p1|Mawile, L50, M|
|poke|p1|Gallade, L50, M|
|poke|p1|Camerupt, L50, M, shiny|
|poke|p2|Ceruledge, L50, F|
|poke|p2|Incineroar, L50, M|
|poke|p2|Kangaskhan, L50, F|
|poke|p2|Aerodactyl, L50, M|
|poke|p2|Garchomp, L50, M|
|poke|p2|Sylveon, L50, M|
|teampreview|4
|showteam|p1|Farigiraf||SitrusBerry|ArmorTail|TwinBeam,Thunderbolt,TrickRoom,Protect|Bold||M|||50|]Kangaskhan||LifeOrb|Scrappy|FakeOut,LastResort|Brave||F|||50|]Torkoal||Charcoal|Drought|Eruption,WeatherBall,EarthPower,Protect|Quiet||M|||50|]Mawile||Mawilite|HyperCutter|PlayRough,IronHead,SuckerPunch,Protect|Adamant||M|||50|]Gallade||FocusSash|Sharpness|SacredSword,PsychoCut,LeafBlade,Protect|Adamant||M|||50|]Camerupt||Cameruptite|SolidRock|HeatWave,EarthPower,AncientPower,Protect|Quiet||M|||50|
|showteam|p2|Ceruledge||ColburBerry|FlashFire|Protect,BulkUp,BitterBlade,ShadowSneak|Adamant||F|||50|]Incineroar||SitrusBerry|Intimidate|Protect,FakeOut,PartingShot,FlareBlitz|Adamant||M|||50|]Kangaskhan||Kangaskhanite|Scrappy|FakeOut,DrainPunch,DoubleEdge,SuckerPunch|Adamant||F|||50|]Aerodactyl||Aerodactylite|Unnerve|WideGuard,Tailwind,IceFang,RockSlide|Jolly||M|||50|]Garchomp||LifeOrb|RoughSkin|Protect,RockSlide,ScaleShot,Earthquake|Jolly||M|||50|]Sylveon||FairyFeather|Pixilate|Protect,QuickAttack,HyperVoice,HyperBeam|Modest||M|||50|
|inactive|Battle timer is ON: inactive players will automatically lose when time's up. (requested by PokemonWhileWork)
|inactive|HeatInSeven14 has 60 seconds left.
|inactive|PokemonWhileWork has 60 seconds left.
|inactive|HeatInSeven14 has 30 seconds left.
|inactive|HeatInSeven14 has 20 seconds left.
|
|t:|1784590524
|teamsize|p1|4
|teamsize|p2|4
|start
|switch|p1a: Farigiraf|Farigiraf, L50, M, shiny|100/100
|switch|p1b: Kangaskhan|Kangaskhan, L50, F, shiny|100/100
|switch|p2a: Ceruledge|Ceruledge, L50, F|100/100
|switch|p2b: Garchomp|Garchomp, L50, M|100/100
|turn|1
|
|t:|1784590545
|move|p1b: Kangaskhan|Fake Out|p2a: Ceruledge
|-damage|p2a: Ceruledge|69/100
|-damage|p1b: Kangaskhan|90/100|[from] item: Life Orb
|move|p2b: Garchomp|Rock Slide|p1b: Kangaskhan|[spread] p1a,p1b
|-damage|p1a: Farigiraf|80/100
|-damage|p1b: Kangaskhan|63/100
|-damage|p2b: Garchomp|90/100|[from] item: Life Orb
|cant|p2a: Ceruledge|flinch
|cant|p1a: Farigiraf|flinch
|
|upkeep
|turn|2
|inactive|HeatInSeven14 has 30 seconds left.
|
|t:|1784590575
|move|p2a: Ceruledge|Protect|p2a: Ceruledge
|-singleturn|p2a: Ceruledge|Protect
|move|p2b: Garchomp|Earthquake|p1b: Kangaskhan|[spread] p1a,p1b
|-activate|p2a: Ceruledge|move: Protect
|-damage|p1a: Farigiraf|40/100
|-damage|p1b: Kangaskhan|11/100
|-enditem|p1a: Farigiraf|Sitrus Berry|[eat]
|-heal|p1a: Farigiraf|65/100|[from] item: Sitrus Berry
|-damage|p2b: Garchomp|80/100|[from] item: Life Orb
|move|p1b: Kangaskhan|Last Resort|p2b: Garchomp
|-damage|p2b: Garchomp|0 fnt
|-damage|p1b: Kangaskhan|0 fnt|[from] ability: Rough Skin|[of] p2b: Garchomp
|faint|p2b: Garchomp
|faint|p1b: Kangaskhan
|move|p1a: Farigiraf|Trick Room|p1a: Farigiraf
|-fieldstart|move: Trick Room|[of] p1a: Farigiraf
|
|upkeep
|
|t:|1784590592
|switch|p1b: Camerupt|Camerupt, L50, M, shiny|100/100
|switch|p2b: Incineroar|Incineroar, L50, M|100/100
|-ability|p2b: Incineroar|Intimidate|boost
|-unboost|p1a: Farigiraf|atk|1
|-unboost|p1b: Camerupt|atk|1
|turn|3
|
|t:|1784590611
|move|p1b: Camerupt|Protect|p1b: Camerupt
|-singleturn|p1b: Camerupt|Protect
|move|p1a: Farigiraf|Protect|p1a: Farigiraf
|-singleturn|p1a: Farigiraf|Protect
|move|p2b: Incineroar|Parting Shot|p1b: Camerupt
|-activate|p1b: Camerupt|move: Protect
|move|p2a: Ceruledge|Bulk Up|p2a: Ceruledge
|-boost|p2a: Ceruledge|atk|1
|-boost|p2a: Ceruledge|def|1
|
|upkeep
|turn|4
|
|t:|1784590632
|switch|p1a: Mawile|Mawile, L50, M|100/100
|detailschange|p1b: Camerupt|Camerupt-Mega, L50, M, shiny
|-mega|p1b: Camerupt|Camerupt|Cameruptite
|move|p2a: Ceruledge|Protect|p2a: Ceruledge
|-singleturn|p2a: Ceruledge|Protect
|move|p1b: Camerupt|Earth Power|p2b: Incineroar
|-supereffective|p2b: Incineroar|1
|-damage|p2b: Incineroar|0 fnt
|faint|p2b: Incineroar
|
|upkeep
|
|t:|1784590642
|switch|p2b: Sylveon|Sylveon, L50, M|100/100
|turn|5
|
|t:|1784590651
|move|p1b: Camerupt|Earth Power|p2a: Ceruledge
|-supereffective|p2a: Ceruledge|1
|-damage|p2a: Ceruledge|0 fnt
|faint|p2a: Ceruledge
|move|p1a: Mawile|Iron Head|p2b: Sylveon
|-supereffective|p2b: Sylveon|1
|-damage|p2b: Sylveon|6/100
|move|p2b: Sylveon|Hyper Beam|p1b: Camerupt
|-resisted|p1b: Camerupt|1
|-damage|p1b: Camerupt|44/100
|-mustrecharge|p2b: Sylveon
|
|upkeep
|turn|6
|-message|PokemonWhileWork forfeited.
|raw|HeatInSeven14's rating: 1164 → 1186(+22 for winning)
|raw|PokemonWhileWork's rating: 1121 → 1099(-22 for losing)
|
|win|HeatInSeven14
|l|☆PokemonWhileWork
|player|p2|
