|j|☆schleorge
|j|☆wade connects
|html|schleorgewade connects    
|uhtml|bestof|Game 3 of a best-of-3
|t:|1755240142
|gametype|doubles
|player|p1|schleorge|bianca|1276
|player|p2|wade connects|102|1184
|gen|9
|tier|[Gen 9] VGC 2025 Reg H (Bo3)
|rated|
|rule|Species Clause: Limit one of each Pokémon
|rule|Item Clause: Limit 1 of each item
|clearpoke
|poke|p1|Sneasler, L50, F|
|poke|p1|Ursaluna-Bloodmoon, L50, M|
|poke|p1|Dragonite, L50, M|
|poke|p1|Gholdengo, L50|
|poke|p1|Amoonguss, L50, M|
|poke|p1|Incineroar, L50, M|
|poke|p2|Malamar, L50, M|
|poke|p2|Indeedee-F, L50, F|
|poke|p2|Hatterene, L50, F|
|poke|p2|Torkoal, L50, M|
|poke|p2|Ursaluna, L50, M|
|poke|p2|Lilligant-Hisui, L50, F|
|teampreview|4
|showteam|p1|Sneasler||FocusSash|Unburden|CloseCombat,DireClaw,ThroatChop,Protect|||F|||50|,,,,,Stellar]Ursaluna-Bloodmoon||AssaultVest|MindsEye|HyperVoice,BloodMoon,EarthPower,VacuumWave|||M|||50|,,,,,Water]Dragonite||LoadedDice|Multiscale|ScaleShot,Tailwind,Haze,Protect|||M|||50|,,,,,Fairy]Gholdengo||LifeOrb|GoodasGold|MakeItRain,ShadowBall,NastyPlot,Protect||||||50|,,,,,Water]Amoonguss||SitrusBerry|Regenerator|Spore,RagePowder,PollenPuff,Protect|||M|||50|,,,,,Psychic]Incineroar||SafetyGoggles|Intimidate|FlareBlitz,KnockOff,PartingShot,FakeOut|||M|||50|,,,,,Ghost
|showteam|p2|Malamar||SafetyGoggles|Contrary|Protect,TrickRoom,Superpower,KnockOff|||M|||50|,,,,,Water]Indeedee-F||PsychicSeed|PsychicSurge|Protect,HelpingHand,FollowMe,TrickRoom|||F|||50|,,,,,Grass]Hatterene||LifeOrb|MagicBounce|Protect,TrickRoom,ExpandingForce,DazzlingGleam|||F|||50|,,,,,Water]Torkoal||Charcoal|Drought|Protect,Overheat,Eruption,HeatWave|||M|||50|,,,,,Fire]Ursaluna||FlameOrb|Guts|Protect,Facade,HeadlongRush,SwordsDance|||M|||50|,,,,,Ghost]Lilligant-Hisui||FocusSash|Chlorophyll|AfterYou,SleepPowder,LeafBlade,CloseCombat|||F|||50|,,,,,Ghost
|
|t:|1755240163
|teamsize|p1|4
|teamsize|p2|4
|start
|switch|p1a: Gholdengo|Gholdengo, L50|100/100
|switch|p1b: Incineroar|Incineroar, L50, M|100/100
|switch|p2a: Hatterene|Hatterene, L50, F|100/100
|switch|p2b: Malamar|Malamar, L50, M, shiny|100/100
|-ability|p1b: Incineroar|Intimidate|boost
|-unboost|p2a: Hatterene|atk|1
|-boost|p2b: Malamar|atk|1
|turn|1
|
|t:|1755240194
|-terastallize|p2a: Hatterene|Water
|move|p1a: Gholdengo|Shadow Ball|p2b: Malamar
|-damage|p2b: Malamar|43/100
|-damage|p1a: Gholdengo|91/100|[from] item: Life Orb
|move|p1b: Incineroar|Knock Off|p2b: Malamar
|-damage|p2b: Malamar|5/100
|-enditem|p2b: Malamar|Safety Goggles|[from] move: Knock Off|[of] p1b: Incineroar
|move|p2b: Malamar|Trick Room|p2b: Malamar
|-fieldstart|move: Trick Room|[of] p2b: Malamar
|move|p2a: Hatterene|Trick Room|p2a: Hatterene
|-fieldend|move: Trick Room
|
|upkeep
|turn|2
|
|t:|1755240242
|switch|p1a: Amoonguss|Amoonguss, L50, M|100/100
|move|p2a: Hatterene|Protect|p2a: Hatterene
|-singleturn|p2a: Hatterene|Protect
|move|p1b: Incineroar|Parting Shot|p2a: Hatterene
|-activate|p2a: Hatterene|move: Protect
|move|p2b: Malamar|Trick Room|p2b: Malamar
|-fieldstart|move: Trick Room|[of] p2b: Malamar
|
|upkeep
|turn|3
|
|t:|1755240257
|-terastallize|p1a: Amoonguss|Psychic
|move|p2b: Malamar|Protect|p2b: Malamar
|-singleturn|p2b: Malamar|Protect
|move|p2a: Hatterene|Expanding Force|p1a: Amoonguss
|-resisted|p1a: Amoonguss
|-damage|p1a: Amoonguss|76/100
|-damage|p2a: Hatterene|91/100|[from] item: Life Orb
|move|p1a: Amoonguss|Pollen Puff|p2b: Malamar
|-activate|p2b: Malamar|move: Protect
|move|p1b: Incineroar|Knock Off|p2a: Hatterene
|-damage|p2a: Hatterene|45/100
|-enditem|p2a: Hatterene|Life Orb|[from] move: Knock Off|[of] p1b: Incineroar
|
|upkeep
|turn|4
|
|t:|1755240275
|move|p2a: Hatterene|Dazzling Gleam|p1b: Incineroar|[spread] p1a,p1b
|-damage|p1a: Amoonguss|47/100
|-damage|p1b: Incineroar|71/100
|-enditem|p1a: Amoonguss|Sitrus Berry|[eat]
|-heal|p1a: Amoonguss|72/100|[from] item: Sitrus Berry
|move|p1a: Amoonguss|Pollen Puff|p2b: Malamar
|-supereffective|p2b: Malamar
|-damage|p2b: Malamar|0 fnt
|faint|p2b: Malamar
|move|p1b: Incineroar|Knock Off|p2a: Hatterene
|-damage|p2a: Hatterene|13/100
|
|upkeep
|
|t:|1755240287
|switch|p2b: Torkoal|Torkoal, L50, M|100/100
|-weather|SunnyDay|[from] ability: Drought|[of] p2b: Torkoal
|turn|5
|
|t:|1755240297
|move|p1a: Amoonguss|Protect|p1a: Amoonguss
|-singleturn|p1a: Amoonguss|Protect
|move|p2b: Torkoal|Eruption|p1b: Incineroar|[spread] p1b
|-activate|p1a: Amoonguss|move: Protect
|-resisted|p1b: Incineroar
|-damage|p1b: Incineroar|37/100
|move|p2a: Hatterene|Dazzling Gleam|p1b: Incineroar|[spread] p1b
|-activate|p1a: Amoonguss|move: Protect
|-damage|p1b: Incineroar|9/100
|move|p1b: Incineroar|Parting Shot|p2b: Torkoal
|-unboost|p2b: Torkoal|atk|1
|-unboost|p2b: Torkoal|spa|1
|
|t:|1755240308
|switch|p1b: Ursaluna|Ursaluna-Bloodmoon, L50, M|100/100|[from] Parting Shot
|
|-weather|SunnyDay|[upkeep]
|upkeep
|turn|6
|
|t:|1755240316
|switch|p1a: Incineroar|Incineroar, L50, M|9/100
|-ability|p1a: Incineroar|Intimidate|boost
|-unboost|p2a: Hatterene|atk|1
|-unboost|p2b: Torkoal|atk|1
|move|p2b: Torkoal|Eruption|p1a: Incineroar|[spread] p1a,p1b
|-resisted|p1a: Incineroar
|-crit|p1b: Ursaluna
|-damage|p1a: Incineroar|0 fnt
|-damage|p1b: Ursaluna|10/100
|faint|p1a: Incineroar
|move|p2a: Hatterene|Dazzling Gleam|p1b: Ursaluna
|-damage|p1b: Ursaluna|0 fnt
|faint|p1b: Ursaluna
|
|-weather|SunnyDay|[upkeep]
|-fieldend|move: Trick Room
|upkeep
|
|t:|1755240322
|switch|p1a: Amoonguss|Amoonguss, L50, M, tera:Psychic|100/100
|switch|p1b: Gholdengo|Gholdengo, L50|91/100
|turn|7
|
|t:|1755240344
|move|p2a: Hatterene|Protect|p2a: Hatterene
|-singleturn|p2a: Hatterene|Protect
|move|p1b: Gholdengo|Shadow Ball|p2a: Hatterene
|-activate|p2a: Hatterene|move: Protect
|move|p1a: Amoonguss|Spore|p2b: Torkoal
|-status|p2b: Torkoal|slp|[from] move: Spore
|cant|p2b: Torkoal|slp
|
|-weather|SunnyDay|[upkeep]
|upkeep
|turn|8
|
|t:|1755240362
|switch|p2a: Ursaluna|Ursaluna, L50, M, shiny|100/100
|move|p1b: Gholdengo|Nasty Plot|p1b: Gholdengo
|-boost|p1b: Gholdengo|spa|2
|move|p1a: Amoonguss|Pollen Puff|p2a: Ursaluna
|-damage|p2a: Ursaluna|85/100
|-curestatus|p2b: Torkoal|slp|[msg]
|move|p2b: Torkoal|Heat Wave|p1a: Amoonguss|[spread] p1a,p1b
|-supereffective|p1b: Gholdengo
|-damage|p1a: Amoonguss|72/100
|-damage|p1b: Gholdengo|0 fnt
|faint|p1b: Gholdengo
|
|-weather|SunnyDay|[upkeep]
|-status|p2a: Ursaluna|brn|[from] item: Flame Orb
|upkeep
|turn|9
|c|☆schleorge|actually can't believe that
|-message|schleorge forfeited.
|
|win|wade connects
|raw|schleorge's rating: 1276 → 1245(-31 for losing)
|raw|wade connects's rating: 1184 → 1215(+31 for winning)
|l|☆schleorge
|player|p1|
|c|☆wade connects|gg
