|j|☆ThetaB
|j|☆JP the president
|html|ThetaBJP the president    
|uhtml|bestof|Game 1 of a best-of-3
|t:|1782584800
|gametype|doubles
|player|p1|ThetaB|palmer|1120
|player|p2|JP the president|steven|1101
|gen|9
|tier|[Gen 9 Champions] VGC 2026 Reg M-B (Bo3)
|rated|
|rule|Species Clause: Limit one of each Pokémon
|rule|Item Clause: Limit 1 of each item
|clearpoke
|poke|p1|Hydreigon, L50, F|
|poke|p1|Garchomp, L50, M|
|poke|p1|Metagross, L50|
|poke|p1|Charizard, L50, M|
|poke|p1|Grimmsnarl, L50, M|
|poke|p1|Toxapex, L50, M|
|poke|p2|Staraptor, L50, M, shiny|
|poke|p2|Toxapex, L50, M, shiny|
|poke|p2|Sneasler, L50, M|
|poke|p2|Charizard, L50, M, shiny|
|poke|p2|Sinistcha-Masterpiece, L50, shiny|
|poke|p2|Garchomp, L50, M|
|teampreview|4
|showteam|p1|Hydreigon||ChoiceScarf|Levitate|HeatWave,DarkPulse,DracoMeteor,Snarl|Modest||F|||50|]Garchomp||SitrusBerry|RoughSkin|Earthquake,RockSlide,DragonClaw,Protect|Adamant||M|||50|]Metagross||Metagrossite|ClearBody|IronHead,HammerArm,BulletPunch,Protect|Adamant|||||50|]Charizard||CharizarditeY|Blaze|Protect,HeatWave,SolarBeam,WeatherBall|Timid||M|||50|]Grimmsnarl||RoseliBerry|Prankster|FakeOut,FoulPlay,Reflect,PartingShot|Sassy||M|||50|]Toxapex||Leftovers|Regenerator|Infestation,Toxic,BanefulBunker,WideGuard|Bold||M|||50|
|showteam|p2|Staraptor||Staraptite|Intimidate|BraveBird,CloseCombat,Protect,BulkUp|Jolly||M|||50|]Toxapex||Leftovers|Regenerator|BanefulBunker,Toxic,Infestation,WideGuard|Bold||M|||50|]Sneasler||MentalHerb|PoisonTouch|CloseCombat,FakeOut,DireClaw,Protect|Hasty||M|||50|]Charizard||CharizarditeY|SolarPower|HeatWave,AncientPower,Protect,SolarBeam|Hasty||M|||50|]Sinistcha-Masterpiece||SitrusBerry|Hospitality|MatchaGotcha,Protect,TrickRoom,RagePowder|Relaxed|||||50|]Garchomp||ChoiceScarf|RoughSkin|Earthquake,IronHead,RockSlide,DragonClaw|Jolly||M|||50|
|inactive|Battle timer is ON: inactive players will automatically lose when time's up. (requested by JP the president)
|
|t:|1782584883
|teamsize|p1|4
|teamsize|p2|4
|start
|switch|p1a: Grimmsnarl|Grimmsnarl, L50, M|100/100
|switch|p1b: Toxapex|Toxapex, L50, M|100/100
|switch|p2a: Toxapex|Toxapex, L50, M, shiny|100/100
|switch|p2b: Garchomp|Garchomp, L50, M|100/100
|turn|1
|inactive|JP the president has 30 seconds left.
|inactive|JP the president has 20 seconds left.
|
|t:|1782584918
|switch|p2a: Charizard|Charizard, L50, M, shiny|100/100
|move|p1a: Grimmsnarl|Parting Shot|p2b: Garchomp
|-unboost|p2b: Garchomp|atk|1
|-unboost|p2b: Garchomp|spa|1
|
|t:|1782584923
|switch|p1a: Hydreigon|Hydreigon, L50, F|100/100|[from] Parting Shot
|move|p2b: Garchomp|Earthquake|p1b: Toxapex|[spread] p1b
|-immune|p2a: Charizard
|-immune|p1a: Hydreigon|[from] ability: Levitate
|-supereffective|p1b: Toxapex|1
|-damage|p1b: Toxapex|68/100
|move|p1b: Toxapex|Infestation|p2a: Charizard
|-resisted|p2a: Charizard|2
|-damage|p2a: Charizard|99/100
|-activate|p2a: Charizard|move: Infestation|[of] p1b: Toxapex
|
|-heal|p1b: Toxapex|73/100|[from] item: Leftovers
|-damage|p2a: Charizard|87/100|[from] move: Infestation|[partiallytrapped]
|upkeep
|turn|2
|inactive|ThetaB has 30 seconds left.
|inactive|JP the president has 30 seconds left.
|
|t:|1782584951
|detailschange|p2a: Charizard|Charizard-Mega-Y, L50, M, shiny
|-mega|p2a: Charizard|Charizard|Charizardite Y
|-weather|SunnyDay|[from] ability: Drought|[of] p2a: Charizard
|move|p2b: Garchomp|Earthquake|p1b: Toxapex|[spread] p1b
|-immune|p2a: Charizard
|-immune|p1a: Hydreigon|[from] ability: Levitate
|-supereffective|p1b: Toxapex|1
|-damage|p1b: Toxapex|42/100
|move|p1a: Hydreigon|Snarl|p2a: Charizard|[spread] p2a,p2b
|-damage|p2a: Charizard|63/100
|-damage|p2b: Garchomp|74/100
|-unboost|p2a: Charizard|spa|1
|-unboost|p2b: Garchomp|spa|1
|move|p2a: Charizard|Solar Beam||[still]
|-prepare|p2a: Charizard|Solar Beam
|-anim|p2a: Charizard|Solar Beam|p1b: Toxapex
|-damage|p1b: Toxapex|17/100
|move|p1b: Toxapex|Toxic|p2a: Charizard
|-status|p2a: Charizard|tox
|
|-weather|SunnyDay|[upkeep]
|-heal|p1b: Toxapex|22/100|[from] item: Leftovers
|-damage|p2a: Charizard|58/100 tox|[from] psn
|-damage|p2a: Charizard|45/100 tox|[from] move: Infestation|[partiallytrapped]
|upkeep
|turn|3
|inactive|ThetaB has 30 seconds left.
|inactive|JP the president has 30 seconds left.
|
|t:|1782584980
|move|p1b: Toxapex|Baneful Bunker|p1b: Toxapex
|-singleturn|p1b: Toxapex|move: Protect
|move|p2b: Garchomp|Earthquake|p1a: Hydreigon|[spread] 
|-activate|p1b: Toxapex|move: Protect
|-immune|p2a: Charizard
|-immune|p1a: Hydreigon|[from] ability: Levitate
|move|p1a: Hydreigon|Snarl|p2a: Charizard|[spread] p2a,p2b
|-damage|p2a: Charizard|22/100 tox
|-damage|p2b: Garchomp|49/100
|-unboost|p2a: Charizard|spa|1
|-unboost|p2b: Garchomp|spa|1
|move|p2a: Charizard|Heat Wave|p1b: Toxapex|[spread] p1a
|-activate|p1b: Toxapex|move: Protect
|-resisted|p1a: Hydreigon|1
|-damage|p1a: Hydreigon|83/100
|
|-weather|SunnyDay|[upkeep]
|-heal|p1b: Toxapex|28/100|[from] item: Leftovers
|-damage|p2a: Charizard|10/100 tox|[from] psn
|-damage|p2a: Charizard|0 fnt|[from] move: Infestation|[partiallytrapped]
|faint|p2a: Charizard
|upkeep
|inactive|JP the president has 30 seconds left.
|
|t:|1782585006
|switch|p2a: Sinistcha|Sinistcha-Masterpiece, L50, shiny|100/100
|-heal|p2b: Garchomp|74/100|[from] ability: Hospitality|[of] p2a: Sinistcha
|turn|4
|
|t:|1782585021
|switch|p2b: Toxapex|Toxapex, L50, M, shiny|100/100
|move|p1b: Toxapex|Wide Guard|p1b: Toxapex
|-singleturn|p1b: Toxapex|Wide Guard
|move|p1a: Hydreigon|Snarl|p2b: Toxapex|[spread] p2a,p2b
|-supereffective|p2a: Sinistcha|1
|-damage|p2a: Sinistcha|48/100
|-damage|p2b: Toxapex|82/100
|-unboost|p2a: Sinistcha|spa|1
|-unboost|p2b: Toxapex|spa|1
|-enditem|p2a: Sinistcha|Sitrus Berry|[eat]
|-heal|p2a: Sinistcha|73/100|[from] item: Sitrus Berry
|move|p2a: Sinistcha|Trick Room|p2a: Sinistcha
|-fieldstart|move: Trick Room|[of] p2a: Sinistcha
|
|-weather|SunnyDay|[upkeep]
|-heal|p1b: Toxapex|34/100|[from] item: Leftovers
|-heal|p2b: Toxapex|88/100|[from] item: Leftovers
|upkeep
|turn|5
|inactive|JP the president has 30 seconds left.
|
|t:|1782585051
|-heal|p1b: Toxapex|67/100|[from] ability: Regenerator|[silent]
|switch|p1b: Grimmsnarl|Grimmsnarl, L50, M|100/100
|switch|p2a: Garchomp|Garchomp, L50, M|74/100
|move|p2b: Toxapex|Toxic|p1a: Hydreigon
|-status|p1a: Hydreigon|tox
|move|p1a: Hydreigon|Snarl|p2b: Toxapex|[spread] p2a,p2b
|-damage|p2a: Garchomp|50/100g
|-damage|p2b: Toxapex|71/100
|-unboost|p2a: Garchomp|spa|1
|-unboost|p2b: Toxapex|spa|1
|
|-weather|SunnyDay|[upkeep]
|-heal|p2b: Toxapex|76/100|[from] item: Leftovers
|-damage|p1a: Hydreigon|77/100 tox|[from] psn
|upkeep
|turn|6
|inactive|ThetaB has 30 seconds left.
|inactive|JP the president has 30 seconds left.
|inactive|JP the president has 20 seconds left.
|
|t:|1782585089
|switch|p1a: Metagross|Metagross, L50|100/100
|move|p1b: Grimmsnarl|Fake Out|p2a: Garchomp
|-damage|p2a: Garchomp|40/100
|-damage|p1b: Grimmsnarl|87/100|[from] ability: Rough Skin|[of] p2a: Garchomp
|move|p2b: Toxapex|Infestation|p1a: Metagross
|-damage|p1a: Metagross|98/100
|-activate|p1a: Metagross|move: Infestation|[of] p2b: Toxapex
|cant|p2a: Garchomp|flinch
|
|-weather|none
|-heal|p2b: Toxapex|82/100|[from] item: Leftovers
|-damage|p1a: Metagross|85/100|[from] move: Infestation|[partiallytrapped]
|upkeep
|turn|7
|inactive|JP the president has 30 seconds left.
|inactive|JP the president has 20 seconds left.
|
|t:|1782585126
|switch|p2a: Sinistcha|Sinistcha-Masterpiece, L50, shiny|73/100
|-heal|p2b: Toxapex|100/100|[from] ability: Hospitality|[of] p2a: Sinistcha
|detailschange|p1a: Metagross|Metagross-Mega, L50
|-mega|p1a: Metagross|Metagross|Metagrossite
|move|p1b: Grimmsnarl|Parting Shot|p2b: Toxapex
|-unboost|p2b: Toxapex|atk|1
|-unboost|p2b: Toxapex|spa|1
|
|t:|1782585135
|switch|p1b: Hydreigon|Hydreigon, L50, F|77/100 tox|[from] Parting Shot
|move|p2b: Toxapex|Infestation|p1b: Hydreigon
|-supereffective|p1b: Hydreigon|1
|-damage|p1b: Hydreigon|74/100 tox
|-activate|p1b: Hydreigon|move: Infestation|[of] p2b: Toxapex
|move|p1a: Metagross|Iron Head|p2a: Sinistcha
|-damage|p2a: Sinistcha|23/100
|
|-damage|p1b: Hydreigon|68/100 tox|[from] psn
|-damage|p1a: Metagross|73/100|[from] move: Infestation|[partiallytrapped]
|-damage|p1b: Hydreigon|56/100 tox|[from] move: Infestation|[partiallytrapped]
|upkeep
|turn|8
|inactive|JP the president has 30 seconds left.
|
|t:|1782585163
|move|p2b: Toxapex|Baneful Bunker|p2b: Toxapex
|-singleturn|p2b: Toxapex|move: Protect
|move|p2a: Sinistcha|Protect|p2a: Sinistcha
|-singleturn|p2a: Sinistcha|Protect
|move|p1a: Metagross|Bullet Punch|p2a: Sinistcha
|-activate|p2a: Sinistcha|move: Protect
|move|p1b: Hydreigon|Dark Pulse|p2b: Toxapex
|-activate|p2b: Toxapex|move: Protect
|
|-damage|p1b: Hydreigon|45/100 tox|[from] psn
|-damage|p1a: Metagross|61/100|[from] move: Infestation|[partiallytrapped]
|-damage|p1b: Hydreigon|33/100 tox|[from] move: Infestation|[partiallytrapped]
|-fieldend|move: Trick Room
|upkeep
|turn|9
|inactive|JP the president has 30 seconds left.
|
|t:|1782585191
|switch|p2a: Garchomp|Garchomp, L50, M|40/100
|move|p2b: Toxapex|Wide Guard|p2b: Toxapex
|-singleturn|p2b: Toxapex|Wide Guard
|move|p1b: Hydreigon|Dark Pulse|p2b: Toxapex
|-damage|p2b: Toxapex|64/100
|move|p1a: Metagross|Iron Head|p2a: Garchomp
|-damage|p2a: Garchomp|0 fnt
|-damage|p1a: Metagross|48/100|[from] ability: Rough Skin|[of] p2a: Garchomp
|faint|p2a: Garchomp
|
|-heal|p2b: Toxapex|70/100|[from] item: Leftovers
|-damage|p1b: Hydreigon|16/100 tox|[from] psn
|-damage|p1b: Hydreigon|4/100 tox|[from] move: Infestation|[partiallytrapped]
|-damage|p1a: Metagross|36/100|[from] move: Infestation|[partiallytrapped]
|upkeep
|
|t:|1782585210
|switch|p2a: Sinistcha|Sinistcha-Masterpiece, L50, shiny|23/100
|-heal|p2b: Toxapex|94/100|[from] ability: Hospitality|[of] p2a: Sinistcha
|turn|10
|inactive|JP the president has 30 seconds left.
|
|t:|1782585242
|move|p2a: Sinistcha|Protect|p2a: Sinistcha
|-singleturn|p2a: Sinistcha|Protect
|move|p2b: Toxapex|Baneful Bunker||[still]
|-fail|p2b: Toxapex
|move|p1b: Hydreigon|Dark Pulse|p2b: Toxapex
|-damage|p2b: Toxapex|58/100
|move|p1a: Metagross|Iron Head|p2a: Sinistcha
|-activate|p2a: Sinistcha|move: Protect
|
|-heal|p2b: Toxapex|64/100|[from] item: Leftovers
|-damage|p1b: Hydreigon|0 fnt|[from] psn
|faint|p1b: Hydreigon
|-damage|p1a: Metagross|23/100|[from] move: Infestation|[partiallytrapped]
|upkeep
|
|t:|1782585250
|switch|p1b: Toxapex|Toxapex, L50, M|67/100
|turn|11
|
|t:|1782585270
|-heal|p1b: Toxapex|100/100|[from] ability: Regenerator|[silent]
|switch|p1b: Grimmsnarl|Grimmsnarl, L50, M|87/100
|move|p2a: Sinistcha|Rage Powder|p2a: Sinistcha
|-singleturn|p2a: Sinistcha|move: Rage Powder
|move|p1a: Metagross|Iron Head|p2a: Sinistcha
|-damage|p2a: Sinistcha|0 fnt
|faint|p2a: Sinistcha
|move|p2b: Toxapex|Infestation|p1b: Grimmsnarl
|-damage|p1b: Grimmsnarl|86/100
|-activate|p1b: Grimmsnarl|move: Infestation|[of] p2b: Toxapex
|
|-heal|p2b: Toxapex|69/100|[from] item: Leftovers
|-end|p1a: Metagross|Infestation|[partiallytrapped]
|-damage|p1b: Grimmsnarl|73/100|[from] move: Infestation|[partiallytrapped]
|upkeep
|turn|12
|inactive|JP the president has 30 seconds left.
|
|t:|1782585296
|move|p2b: Toxapex|Baneful Bunker|p2b: Toxapex
|-singleturn|p2b: Toxapex|move: Protect
|move|p1b: Grimmsnarl|Parting Shot|p2b: Toxapex
|-activate|p2b: Toxapex|move: Protect
|move|p1a: Metagross|Iron Head|p2b: Toxapex
|-activate|p2b: Toxapex|move: Protect
|
|-heal|p2b: Toxapex|75/100|[from] item: Leftovers
|-damage|p1b: Grimmsnarl|61/100|[from] move: Infestation|[partiallytrapped]
|upkeep
|turn|13
|
|t:|1782585315
|move|p1b: Grimmsnarl|Parting Shot|p2b: Toxapex
|-unboost|p2b: Toxapex|atk|1
|-unboost|p2b: Toxapex|spa|1
|
|t:|1782585318
|switch|p1b: Toxapex|Toxapex, L50, M|100/100|[from] Parting Shot
|move|p1a: Metagross|Iron Head|p2b: Toxapex
|-resisted|p2b: Toxapex|1
|-damage|p2b: Toxapex|51/100
|move|p2b: Toxapex|Infestation|p1a: Metagross
|-damage|p1a: Metagross|22/100
|-activate|p1a: Metagross|move: Infestation|[of] p2b: Toxapex
|
|-heal|p2b: Toxapex|57/100|[from] item: Leftovers
|-damage|p1a: Metagross|10/100|[from] move: Infestation|[partiallytrapped]
|upkeep
|turn|14
|
|t:|1782585336
|move|p2b: Toxapex|Baneful Bunker|p2b: Toxapex
|-singleturn|p2b: Toxapex|move: Protect
|move|p1a: Metagross|Iron Head|p2b: Toxapex
|-activate|p2b: Toxapex|move: Protect
|move|p1b: Toxapex|Infestation|p2b: Toxapex
|-activate|p2b: Toxapex|move: Protect
|
|-heal|p2b: Toxapex|63/100|[from] item: Leftovers
|-damage|p1a: Metagross|0 fnt|[from] move: Infestation|[partiallytrapped]
|faint|p1a: Metagross
|upkeep
|
|t:|1782585340
|switch|p1a: Grimmsnarl|Grimmsnarl, L50, M|61/100
|turn|15
|inactive|JP the president has 30 seconds left.
|
|t:|1782585355
|move|p1a: Grimmsnarl|Fake Out|p2b: Toxapex
|-damage|p2b: Toxapex|55/100
|move|p1b: Toxapex|Infestation|p2b: Toxapex
|-resisted|p2b: Toxapex|1
|-damage|p2b: Toxapex|53/100
|-activate|p2b: Toxapex|move: Infestation|[of] p1b: Toxapex
|cant|p2b: Toxapex|flinch
|
|-heal|p2b: Toxapex|59/100|[from] item: Leftovers
|-damage|p2b: Toxapex|47/100|[from] move: Infestation|[partiallytrapped]
|upkeep
|turn|16
|inactive|JP the president has 25 seconds left this turn.
|inactive|JP the president has 20 seconds left.
|inactive|JP the president has 15 seconds left.
|
|t:|1782585370
|move|p1a: Grimmsnarl|Foul Play|p2b: Toxapex
|-damage|p2b: Toxapex|41/100
|move|p2b: Toxapex|Infestation|p1a: Grimmsnarl
|-damage|p1a: Grimmsnarl|60/100
|-activate|p1a: Grimmsnarl|move: Infestation|[of] p2b: Toxapex
|move|p1b: Toxapex|Infestation|p2b: Toxapex
|-resisted|p2b: Toxapex|1
|-damage|p2b: Toxapex|39/100
|
|-heal|p2b: Toxapex|45/100|[from] item: Leftovers
|-damage|p1a: Grimmsnarl|47/100|[from] move: Infestation|[partiallytrapped]
|-damage|p2b: Toxapex|33/100|[from] move: Infestation|[partiallytrapped]
|upkeep
|turn|17
|inactive|JP the president has 15 seconds left this turn.
|inactive|JP the president has 10 seconds left.
|inactive|JP the president has 5 seconds left.
|-message|JP the president lost due to inactivity.
|
|win|ThetaB
||ThetaB is ready for game 2.
||JP the president is ready for game 2.
|uhtml|next|Next: Game 2 of 3
