|j|☆mikelpoyarzabal
|j|☆ultraclaw1
|html|mikelpoyarzabalultraclaw1    
|uhtml|bestof|Game 2 of a best-of-3
|t:|1785186761
|gametype|doubles
|player|p1|mikelpoyarzabal|arven-s|1294
|player|p2|ultraclaw1|brycenman|1319
|gen|9
|tier|[Gen 9 Champions] VGC 2026 Reg M-B (Bo3)
|rated|
|rule|Species Clause: Limit one of each Pokémon
|rule|Item Clause: Limit 1 of each item
|clearpoke
|poke|p1|Arcanine-Hisui, L50, F|
|poke|p1|Staraptor, L50, F, shiny|
|poke|p1|Farigiraf, L50, F|
|poke|p1|Sylveon, L50, M|
|poke|p1|Kingambit, L50, F|
|poke|p1|Raichu, L50, F|
|poke|p2|Maushold, L50|
|poke|p2|Kingambit, L50, M|
|poke|p2|Garchomp, L50, M|
|poke|p2|Basculegion, L50, M|
|poke|p2|Talonflame, L50, M|
|poke|p2|Floette-Eternal, L50, F|
|teampreview|4
|showteam|p1|Arcanine-Hisui||FocusSash|RockHead|Protect,ExtremeSpeed,HeadSmash,FlareBlitz|Jolly||F|||50|]Staraptor||Staraptite|Intimidate|Tailwind,Protect,CloseCombat,DualWingbeat|Jolly||F|||50|]Farigiraf||SitrusBerry|ArmorTail|Protect,Psychic,TrickRoom,HelpingHand|Calm||F|||50|]Sylveon||FairyFeather|Pixilate|Protect,HyperBeam,HyperVoice,QuickAttack|Modest||M|||50|]Kingambit||LifeOrb|Defiant|Protect,KowtowCleave,SwordsDance,SuckerPunch|Adamant||F|||50|]Raichu||RaichuniteY|LightningRod|Protect,ZapCannon,FakeOut,FocusBlast|Timid||F|||50|
|showteam|p2|Maushold||FocusSash|FriendGuard|SuperFang,Taunt,FollowMe,Protect|Timid|||||50|]Kingambit||ChopleBerry|Defiant|KowtowCleave,SuckerPunch,LowKick,IronHead|Adamant||M|||50|]Garchomp||LifeOrb|RoughSkin|RockSlide,Earthquake,DragonClaw,Protect|Jolly||M|||50|]Basculegion||MysticWater|Adaptability|WaveCrash,LastRespects,AquaJet,Protect|Adamant||M|||50|]Talonflame||SharpBeak|GaleWings|QuickGuard,DualWingbeat,Tailwind,Protect|Jolly||M|||50|]Floette-Eternal||Floettite|FlowerVeil|LightofRuin,Protect,Moonblast,DazzlingGleam|Modest||F|||50|
|inactive|Battle timer is ON: inactive players will automatically lose when time's up. (requested by ultraclaw1)
|inactive|mikelpoyarzabal also wants the timer to be on.
|
|t:|1785186780
|teamsize|p1|4
|teamsize|p2|4
|start
|switch|p1a: Farigiraf|Farigiraf, L50, F|100/100
|switch|p1b: Sylveon|Sylveon, L50, M|100/100
|switch|p2a: Floette|Floette-Eternal, L50, F|100/100
|switch|p2b: Maushold|Maushold, L50|100/100
|turn|1
|
|t:|1785186800
|move|p1a: Farigiraf|Protect|p1a: Farigiraf
|-singleturn|p1a: Farigiraf|Protect
|move|p2b: Maushold|Taunt|p1a: Farigiraf
|-activate|p1a: Farigiraf|move: Protect
|move|p2a: Floette|Moonblast|p1b: Sylveon
|-damage|p1b: Sylveon|61/100
|move|p1b: Sylveon|Hyper Voice|p2a: Floette|[spread] p2a,p2b
|-damage|p2a: Floette|68/100
|-damage|p2b: Maushold|37/100
|
|upkeep
|turn|2
|inactive|mikelpoyarzabal has 30 seconds left.
|
|t:|1785186826
|detailschange|p2a: Floette|Floette-Mega, L50, F
|-mega|p2a: Floette|Floette|Floettite
|-ability|p2a: Floette|Fairy Aura
|move|p1a: Farigiraf|Helping Hand|p1b: Sylveon
|-singleturn|p1b: Sylveon|Helping Hand|[of] p1a: Farigiraf
|move|p2b: Maushold|Taunt|p1a: Farigiraf
|-start|p1a: Farigiraf|move: Taunt
|move|p2a: Floette|Light of Ruin|p1b: Sylveon
|-damage|p1b: Sylveon|0 fnt
|faint|p1b: Sylveon
|-damage|p2a: Floette|27/100|[from] Recoil
|
|upkeep
|
|t:|1785186842
|switch|p1b: Arcanine|Arcanine-Hisui, L50, F|100/100
|turn|3
|
|t:|1785186859
|move|p2a: Floette|Protect|p2a: Floette
|-singleturn|p2a: Floette|Protect
|move|p1b: Arcanine|Extreme Speed|p2b: Maushold
|-damage|p2b: Maushold|5/100
|move|p2b: Maushold|Super Fang|p1b: Arcanine
|-damage|p1b: Arcanine|50/100y
|move|p1a: Farigiraf|Psychic|p2a: Floette
|-activate|p2a: Floette|move: Protect
|
|upkeep
|turn|4
|
|t:|1785186872
|move|p1b: Arcanine|Extreme Speed|p2a: Floette
|-damage|p2a: Floette|1/100
|move|p2b: Maushold|Super Fang|p1a: Farigiraf
|-damage|p1a: Farigiraf|50/100g
|move|p2a: Floette|Light of Ruin|p1b: Arcanine
|-resisted|p1b: Arcanine|1
|-damage|p1b: Arcanine|0 fnt
|faint|p1b: Arcanine
|-damage|p2a: Floette|0 fnt|[from] Recoil
|faint|p2a: Floette
|move|p1a: Farigiraf|Psychic|p2b: Maushold
|-damage|p2b: Maushold|0 fnt
|faint|p2b: Maushold
|
|upkeep
|
|t:|1785186879
|switch|p2b: Basculegion|Basculegion, L50, M|100/100
|switch|p1b: Kingambit|Kingambit, L50, F|100/100
|switch|p2a: Talonflame|Talonflame, L50, M|100/100
|turn|5
|
|t:|1785186890
|move|p2a: Talonflame|Dual Wingbeat||[still]
|cant|p1a: Farigiraf|ability: Armor Tail|Dual Wingbeat|[of] p2a: Talonflame
|move|p2b: Basculegion|Wave Crash|p1b: Kingambit
|-damage|p1b: Kingambit|25/100
|-damage|p2b: Basculegion|75/100|[from] Recoil
|move|p1a: Farigiraf|Psychic|p2a: Talonflame
|-damage|p2a: Talonflame|50/100g
|-unboost|p2a: Talonflame|spd|1
|move|p1b: Kingambit|Kowtow Cleave|p2b: Basculegion
|-supereffective|p2b: Basculegion|1
|-damage|p2b: Basculegion|0 fnt
|faint|p2b: Basculegion
|-damage|p1b: Kingambit|16/100|[from] item: Life Orb
|
|-end|p1a: Farigiraf|move: Taunt
|upkeep
|turn|6
|-message|ultraclaw1 forfeited.
|
|win|mikelpoyarzabal
|raw|mikelpoyarzabal's rating: 1294 → 1321(+27 for winning)
|raw|ultraclaw1's rating: 1319 → 1298(-21 for losing)
