|j|☆mil0battles
|j|☆indiofiero
|html|mil0battlesindiofiero    
|uhtml|bestof|Game 3 of a best-of-3
|t:|1756428871
|gametype|doubles
|player|p1|mil0battles|pokemonranger-gen4|1094
|player|p2|indiofiero|swimmerf-gen4|1152
|gen|9
|tier|[Gen 9] VGC 2025 Reg H (Bo3)
|rated|
|rule|Species Clause: Limit one of each Pokémon
|rule|Item Clause: Limit 1 of each item
|clearpoke
|poke|p1|Incineroar, L50, M|
|poke|p1|Primarina, L50, F|
|poke|p1|Gholdengo, L50|
|poke|p1|Sneasler, L50, M|
|poke|p1|Rillaboom, L50, M|
|poke|p1|Dragonite, L50, M|
|poke|p2|Archaludon, L50, F|
|poke|p2|Dragonite, L50, F|
|poke|p2|Pelipper, L50, F|
|poke|p2|Ursaluna, L50, F|
|poke|p2|Sinistcha, L50|
|poke|p2|Gholdengo, L50|
|teampreview|4
|showteam|p1|Incineroar||SafetyGoggles|Intimidate|FakeOut,KnockOff,PartingShot,FlareBlitz|||M|||50|,,,,,Ghost]Primarina||ThroatSpray|LiquidVoice|HyperVoice,Moonblast,Haze,Protect|||F|||50|,,,,,Poison]Gholdengo||LifeOrb|GoodasGold|NastyPlot,MakeItRain,ShadowBall,Protect||||||50|,,,,,Water]Sneasler||WhiteHerb|Unburden|DireClaw,CloseCombat,FakeOut,Protect|||M|||50|,,,,,Stellar]Rillaboom||AssaultVest|GrassySurge|GrassyGlide,WoodHammer,FakeOut,Uturn|||M|||50|,,,,,Fire]Dragonite||LoadedDice|Multiscale|ScaleShot,Tailwind,ExtremeSpeed,Protect|||M|||50|,,,,,Fairy
|showteam|p2|Archaludon||AssaultVest|Stamina|FlashCannon,BodyPress,ElectroShot,Snarl|||F|||50|,,,,,Fighting]Dragonite||LoadedDice|Multiscale|ScaleShot,Tailwind,Haze,Protect|||F|||50|,,,,,Fairy]Pelipper||FocusSash|Drizzle|MuddyWater,Hurricane,Tailwind,Protect|||F|||50|,,,,,Ghost]Ursaluna||FlameOrb|Guts|Facade,HeadlongRush,Earthquake,Protect|||F|||50|,,,,,Ghost]Sinistcha||SitrusBerry|Hospitality|MatchaGotcha,LifeDew,RagePowder,TrickRoom||||||50|,,,,,Dark]Gholdengo||ChoiceScarf|GoodasGold|MakeItRain,ShadowBall,Trick,Protect||||||50|,,,,,Flying
|
|t:|1756428897
|teamsize|p1|4
|teamsize|p2|4
|start
|switch|p1a: Dragonite|Dragonite, L50, M|100/100
|switch|p1b: Sneasler|Sneasler, L50, M|100/100
|switch|p2a: Pelipper|Pelipper, L50, F|100/100
|switch|p2b: Archaludon|Archaludon, L50, F|100/100
|-weather|RainDance|[from] ability: Drizzle|[of] p2a: Pelipper
|turn|1
|inactive|Battle timer is ON: inactive players will automatically lose when time's up. (requested by mil0battles)
|inactive|indiofiero has 60 seconds left.
|
|t:|1756428936
|-terastallize|p2b: Archaludon|Fighting
|move|p1b: Sneasler|Close Combat|p2b: Archaludon
|-damage|p2b: Archaludon|60/100
|-unboost|p1b: Sneasler|def|1
|-unboost|p1b: Sneasler|spd|1
|-ability|p2b: Archaludon|Stamina|boost
|-boost|p2b: Archaludon|def|1
|-enditem|p1b: Sneasler|White Herb
|-clearnegativeboost|p1b: Sneasler|[silent]
|move|p1a: Dragonite|Scale Shot|p2a: Pelipper
|-damage|p2a: Pelipper|81/100
|-damage|p2a: Pelipper|60/100
|-damage|p2a: Pelipper|42/100
|-damage|p2a: Pelipper|23/100
|-damage|p2a: Pelipper|5/100
|-hitcount|p2a: Pelipper|5
|-unboost|p1a: Dragonite|def|1
|-boost|p1a: Dragonite|spe|1
|move|p2a: Pelipper|Hurricane|p1b: Sneasler
|-supereffective|p1b: Sneasler
|-damage|p1b: Sneasler|0 fnt
|faint|p1b: Sneasler
|move|p2b: Archaludon|Electro Shot||[still]
|-prepare|p2b: Archaludon|Electro Shot
|-boost|p2b: Archaludon|spa|1
|-anim|p2b: Archaludon|Electro Shot|p1a: Dragonite
|-damage|p1a: Dragonite|69/100
|
|-weather|RainDance|[upkeep]
|upkeep
|
|t:|1756428958
|switch|p1b: Primarina|Primarina, L50, F|100/100
|turn|2
|
|t:|1756428989
|move|p1a: Dragonite|Tailwind|p1a: Dragonite
|-sidestart|p1: mil0battles|move: Tailwind
|move|p1b: Primarina|Moonblast|p2b: Archaludon
|-supereffective|p2b: Archaludon
|-damage|p2b: Archaludon|0 fnt
|faint|p2b: Archaludon
|move|p2a: Pelipper|Tailwind|p2a: Pelipper
|-sidestart|p2: indiofiero|move: Tailwind
|
|-weather|RainDance|[upkeep]
|upkeep
|
|t:|1756429005
|switch|p2b: Ursaluna|Ursaluna, L50, F|100/100
|turn|3
|
|t:|1756429020
|move|p2b: Ursaluna|Protect|p2b: Ursaluna
|-singleturn|p2b: Ursaluna|Protect
|move|p1a: Dragonite|Scale Shot|p2b: Ursaluna
|-activate|p2b: Ursaluna|move: Protect
|move|p2a: Pelipper|Muddy Water|p1b: Primarina|[spread] p1a
|-miss|p2a: Pelipper|p1b: Primarina
|-resisted|p1a: Dragonite
|-damage|p1a: Dragonite|44/100
|-unboost|p1a: Dragonite|accuracy|1
|move|p1b: Primarina|Hyper Voice|p2b: Ursaluna|[spread] p2a
|-activate|p2b: Ursaluna|move: Protect
|-resisted|p2a: Pelipper
|-damage|p2a: Pelipper|0 fnt
|faint|p2a: Pelipper
|-enditem|p1b: Primarina|Throat Spray
|-boost|p1b: Primarina|spa|1|[from] item: Throat Spray
|
|-weather|RainDance|[upkeep]
|-status|p2b: Ursaluna|brn|[from] item: Flame Orb
|upkeep
|
|t:|1756429032
|switch|p2a: Sinistcha|Sinistcha, L50|100/100
|turn|4
|
|t:|1756429050
|move|p1a: Dragonite|Scale Shot|p2b: Ursaluna
|-damage|p2b: Ursaluna|89/100 brn
|-damage|p2b: Ursaluna|77/100 brn
|-damage|p2b: Ursaluna|63/100 brn
|-damage|p2b: Ursaluna|51/100 brn
|-damage|p2b: Ursaluna|40/100 brn
|-hitcount|p2b: Ursaluna|5
|-unboost|p1a: Dragonite|def|1
|-boost|p1a: Dragonite|spe|1
|move|p2b: Ursaluna|Facade|p1b: Primarina
|-damage|p1b: Primarina|0 fnt
|faint|p1b: Primarina
|move|p2a: Sinistcha|Matcha Gotcha|p1a: Dragonite
|-resisted|p1a: Dragonite
|-damage|p1a: Dragonite|36/100
|
|-weather|RainDance|[upkeep]
|-damage|p2b: Ursaluna|34/100 brn|[from] brn
|upkeep
|
|t:|1756429061
|switch|p1b: Gholdengo|Gholdengo, L50|100/100
|turn|5
|inactive|indiofiero has 30 seconds left.
|
|t:|1756429093
|move|p2b: Ursaluna|Protect|p2b: Ursaluna
|-singleturn|p2b: Ursaluna|Protect
|move|p1a: Dragonite|Scale Shot|p2a: Sinistcha|[miss]
|-miss|p1a: Dragonite|p2a: Sinistcha
|move|p1b: Gholdengo|Shadow Ball|p2a: Sinistcha
|-supereffective|p2a: Sinistcha
|-damage|p2a: Sinistcha|17/100
|-enditem|p2a: Sinistcha|Sitrus Berry|[eat]
|-heal|p2a: Sinistcha|42/100|[from] item: Sitrus Berry
|-damage|p1b: Gholdengo|91/100|[from] item: Life Orb
|move|p2a: Sinistcha|Trick Room|p2a: Sinistcha
|-fieldstart|move: Trick Room|[of] p2a: Sinistcha
|
|-weather|none
|-damage|p2b: Ursaluna|28/100 brn|[from] brn
|-sideend|p2: indiofiero|move: Tailwind
|-sideend|p1: mil0battles|move: Tailwind
|upkeep
|turn|6
|
|t:|1756429115
|-terastallize|p1b: Gholdengo|Water
|move|p2a: Sinistcha|Rage Powder|p2a: Sinistcha
|-singleturn|p2a: Sinistcha|move: Rage Powder
|move|p1a: Dragonite|Extreme Speed|p2a: Sinistcha
|-immune|p2a: Sinistcha
|move|p2b: Ursaluna|Headlong Rush|p1b: Gholdengo
|-damage|p1b: Gholdengo|0 fnt
|-unboost|p2b: Ursaluna|def|1
|-unboost|p2b: Ursaluna|spd|1
|faint|p1b: Gholdengo
|
|-damage|p2b: Ursaluna|22/100 brn|[from] brn
|upkeep
|turn|7
|-message|mil0battles forfeited.
|
|win|indiofiero
|raw|mil0battles's rating: 1094 → 1074(-20 for losing)
|raw|indiofiero's rating: 1152 → 1173(+21 for winning)
