|j|☆edhen
|j|☆RelentlessRogue
|html|edhenRelentlessRogue    
|uhtml|bestof|Game 2 of a best-of-3
|t:|1757644751
|gametype|doubles
|player|p1|edhen|clair|1186
|player|p2|RelentlessRogue|ethan|1270
|gen|9
|tier|[Gen 9] VGC 2025 Reg H (Bo3)
|rated|
|rule|Species Clause: Limit one of each Pokémon
|rule|Item Clause: Limit 1 of each item
|clearpoke
|poke|p1|Politoed, L50, F|
|poke|p1|Archaludon, L50, M|
|poke|p1|Comfey, L50, M|
|poke|p1|Rillaboom, L50, F|
|poke|p1|Basculegion, L50, M|
|poke|p1|Talonflame, L50, M|
|poke|p2|Basculegion, L50, M|
|poke|p2|Pelipper, L50, F|
|poke|p2|Archaludon, L50, F|
|poke|p2|Whimsicott, L50, F|
|poke|p2|Gholdengo, L50|
|poke|p2|Incineroar, L50, F|
|teampreview|4
|showteam|p1|Politoed||Leftovers|Drizzle|Protect,MuddyWater,Haze,Hypnosis|||F|||50|,,,,,Grass]Archaludon||AssaultVest|Stamina|ElectroShot,BodyPress,FlashCannon,DragonPulse|||M|||50|,,,,,Grass]Comfey||WikiBerry|Triage|Protect,FloralHealing,DrainingKiss,Taunt|||M|||50|,,,,,Steel]Rillaboom||LoadedDice|GrassySurge|BulletSeed,GrassyGlide,FakeOut,Uturn|||F|||50|,,,,,Fire]Basculegion||ChoiceBand|SwiftSwim|LastRespects,WaveCrash,AquaJet,FlipTurn|||M|||50|,,,,,Water]Talonflame||CovertCloak|GaleWings|Tailwind,WillOWisp,DualWingbeat,Taunt|||M|||50|,,,,,Ghost
|showteam|p2|Basculegion||ChoiceBand|SwiftSwim|WaveCrash,LastRespects,FlipTurn,AquaJet|||M|||50|,,,,,Water]Pelipper||FocusSash|Drizzle|WeatherBall,Hurricane,WideGuard,Protect|||F|||50|,,,,,Stellar]Archaludon||PowerHerb|Stalwart|ElectroShot,DracoMeteor,FlashCannon,Protect|||F|||50|,,,,,Electric]Whimsicott||CovertCloak|Prankster|Moonblast,Tailwind,Taunt,WorrySeed|||F|||50|,,,,,Steel]Gholdengo||LifeOrb|GoodasGold|MakeItRain,ShadowBall,NastyPlot,Protect||||||50|,,,,,Steel]Incineroar||SafetyGoggles|Intimidate|FlareBlitz,KnockOff,PartingShot,FakeOut|||F|||50|,,,,,Ghost
|inactive|Battle timer is ON: inactive players will automatically lose when time's up. (requested by RelentlessRogue)
|
|t:|1757644785
|teamsize|p1|4
|teamsize|p2|4
|start
|switch|p1a: Politoed|Politoed, L50, F|100/100
|switch|p1b: Basculegion|Basculegion, L50, M|100/100
|switch|p2a: Incineroar|Incineroar, L50, F|100/100
|switch|p2b: Gholdengo|Gholdengo, L50|100/100
|-weather|RainDance|[from] ability: Drizzle|[of] p1a: Politoed
|-ability|p2a: Incineroar|Intimidate|boost
|-unboost|p1a: Politoed|atk|1
|-unboost|p1b: Basculegion|atk|1
|turn|1
|inactive|RelentlessRogue has 30 seconds left.
|
|t:|1757644815
|move|p2b: Gholdengo|Protect|p2b: Gholdengo
|-singleturn|p2b: Gholdengo|Protect
|move|p1b: Basculegion|Wave Crash|p2a: Incineroar
|-supereffective|p2a: Incineroar
|-damage|p2a: Incineroar|0 fnt
|faint|p2a: Incineroar
|-damage|p1b: Basculegion|67/100|[from] Recoil
|move|p1a: Politoed|Muddy Water|p2b: Gholdengo
|-activate|p2b: Gholdengo|move: Protect
|
|-weather|RainDance|[upkeep]
|upkeep
|
|t:|1757644820
|switch|p2a: Whimsicott|Whimsicott, L50, F, shiny|100/100
|turn|2
|inactive|edhen has 30 seconds left.
|
|t:|1757644854
|-terastallize|p1b: Basculegion|Water
|move|p2a: Whimsicott|Tailwind|p2a: Whimsicott
|-sidestart|p2: RelentlessRogue|move: Tailwind
|move|p2b: Gholdengo|Shadow Ball|p1b: Basculegion
|-damage|p1b: Basculegion|9/100
|-damage|p2b: Gholdengo|91/100|[from] item: Life Orb
|move|p1b: Basculegion|Wave Crash|p2b: Gholdengo
|-damage|p2b: Gholdengo|0 fnt
|faint|p2b: Gholdengo
|-damage|p1b: Basculegion|0 fnt|[from] Recoil
|faint|p1b: Basculegion
|move|p1a: Politoed|Haze|p1a: Politoed
|-clearallboost
|
|-weather|RainDance|[upkeep]
|upkeep
|
|t:|1757644868
|switch|p2b: Archaludon|Archaludon, L50, F|100/100
|switch|p1b: Archaludon|Archaludon, L50, M|100/100
|turn|3
|inactive|edhen has 30 seconds left.
|inactive|edhen has 20 seconds left.
|inactive|edhen has 15 seconds left.
|
|t:|1757644917
|move|p2a: Whimsicott|Worry Seed|p1b: Archaludon
|-ability|p1b: Archaludon|Insomnia|Stamina|[from] move: Worry Seed
|move|p2b: Archaludon|Electro Shot||[still]
|-prepare|p2b: Archaludon|Electro Shot
|-boost|p2b: Archaludon|spa|1
|-anim|p2b: Archaludon|Electro Shot|p1a: Politoed
|-supereffective|p1a: Politoed
|-damage|p1a: Politoed|0 fnt
|faint|p1a: Politoed
|move|p1b: Archaludon|Body Press|p2b: Archaludon
|-supereffective|p2b: Archaludon
|-damage|p2b: Archaludon|65/100
|
|-weather|RainDance|[upkeep]
|upkeep
|
|t:|1757644924
|switch|p1a: Rillaboom|Rillaboom, L50, F|100/100
|-fieldstart|move: Grassy Terrain|[from] ability: Grassy Surge|[of] p1a: Rillaboom
|turn|4
|
|t:|1757644946
|move|p2b: Archaludon|Protect|p2b: Archaludon
|-singleturn|p2b: Archaludon|Protect
|move|p1a: Rillaboom|Fake Out|p2b: Archaludon
|-activate|p2b: Archaludon|move: Protect
|move|p2a: Whimsicott|Moonblast|p1b: Archaludon
|-damage|p1b: Archaludon|79/100
|move|p1b: Archaludon|Flash Cannon|p2a: Whimsicott
|-supereffective|p2a: Whimsicott
|-damage|p2a: Whimsicott|17/100
|
|-weather|RainDance|[upkeep]
|-heal|p2a: Whimsicott|23/100|[from] Grassy Terrain
|-heal|p2b: Archaludon|71/100|[from] Grassy Terrain
|-heal|p1b: Archaludon|85/100|[from] Grassy Terrain
|upkeep
|turn|5
|inactive|RelentlessRogue has 30 seconds left.
|
|t:|1757644975
|move|p2a: Whimsicott|Moonblast|p1b: Archaludon
|-damage|p1b: Archaludon|65/100
|move|p2b: Archaludon|Draco Meteor|p1b: Archaludon
|-damage|p1b: Archaludon|0 fnt
|-unboost|p2b: Archaludon|spa|2
|faint|p1b: Archaludon
|move|p1a: Rillaboom|Bullet Seed|p2b: Archaludon
|-resisted|p2b: Archaludon
|-damage|p2b: Archaludon|67/100
|-resisted|p2b: Archaludon
|-damage|p2b: Archaludon|64/100
|-resisted|p2b: Archaludon
|-damage|p2b: Archaludon|61/100
|-resisted|p2b: Archaludon
|-damage|p2b: Archaludon|58/100
|-resisted|p2b: Archaludon
|-damage|p2b: Archaludon|54/100
|-hitcount|p2b: Archaludon|5
|
|-weather|none
|-heal|p2a: Whimsicott|29/100|[from] Grassy Terrain
|-heal|p2b: Archaludon|60/100|[from] Grassy Terrain
|-sideend|p2: RelentlessRogue|move: Tailwind
|upkeep
|turn|6
|
|t:|1757644990
|move|p2a: Whimsicott|Moonblast|p1a: Rillaboom
|-damage|p1a: Rillaboom|67/100
|-unboost|p1a: Rillaboom|spa|1
|move|p1a: Rillaboom|Bullet Seed|p2b: Archaludon
|-resisted|p2b: Archaludon
|-damage|p2b: Archaludon|56/100
|-resisted|p2b: Archaludon
|-damage|p2b: Archaludon|52/100
|-resisted|p2b: Archaludon
|-damage|p2b: Archaludon|49/100
|-resisted|p2b: Archaludon
|-damage|p2b: Archaludon|45/100
|-hitcount|p2b: Archaludon|4
|move|p2b: Archaludon|Electro Shot||[still]
|-prepare|p2b: Archaludon|Electro Shot
|-boost|p2b: Archaludon|spa|1
|-enditem|p2b: Archaludon|Power Herb
|-anim|p2b: Archaludon|Electro Shot|p1a: Rillaboom
|-resisted|p1a: Rillaboom
|-damage|p1a: Rillaboom|40/100
|
|-heal|p2a: Whimsicott|35/100|[from] Grassy Terrain
|-heal|p1a: Rillaboom|46/100|[from] Grassy Terrain
|-heal|p2b: Archaludon|51/100|[from] Grassy Terrain
|upkeep
|turn|7
|
|t:|1757644998
|move|p2a: Whimsicott|Moonblast|p1a: Rillaboom
|-damage|p1a: Rillaboom|8/100
|move|p1a: Rillaboom|Bullet Seed|p2b: Archaludon
|-resisted|p2b: Archaludon
|-damage|p2b: Archaludon|48/100
|-resisted|p2b: Archaludon
|-damage|p2b: Archaludon|45/100
|-resisted|p2b: Archaludon
|-damage|p2b: Archaludon|42/100
|-resisted|p2b: Archaludon
|-damage|p2b: Archaludon|38/100
|-hitcount|p2b: Archaludon|4
|move|p2b: Archaludon|Draco Meteor|p1a: Rillaboom|[miss]
|-miss|p2b: Archaludon|p1a: Rillaboom
|
|-heal|p2a: Whimsicott|41/100|[from] Grassy Terrain
|-heal|p1a: Rillaboom|14/100|[from] Grassy Terrain
|-heal|p2b: Archaludon|44/100|[from] Grassy Terrain
|upkeep
|turn|8
|-message|edhen forfeited.
|
|win|RelentlessRogue
|raw|edhen's rating: 1186 → 1167(-19 for losing)
|raw|RelentlessRogue's rating: 1270 → 1289(+19 for winning)
