|j|☆Livnlarge27
|j|☆dialghite
|html|Livnlarge27dialghite    
|uhtml|bestof|Game 3 of a best-of-3
|t:|1754403167
|gametype|doubles
|player|p1|Livnlarge27|marlon|1364
|player|p2|dialghite|volkner|1310
|gen|9
|tier|[Gen 9] VGC 2025 Reg H (Bo3)
|rated|
|rule|Species Clause: Limit one of each Pokémon
|rule|Item Clause: Limit 1 of each item
|clearpoke
|poke|p1|Gholdengo, L50|
|poke|p1|Rillaboom, L50, F|
|poke|p1|Archaludon, L50, M|
|poke|p1|Volcarona, L50, F|
|poke|p1|Ribombee, L50, M|
|poke|p1|Politoed, L50, F|
|poke|p2|Whimsicott, L50, M|
|poke|p2|Dragonite, L50, F|
|poke|p2|Indeedee, L50, M|
|poke|p2|Sneasler, L50, F|
|poke|p2|Ursaluna-Bloodmoon, L50, M|
|poke|p2|Archaludon, L50, M|
|teampreview|4
|showteam|p1|Gholdengo||GrassySeed|GoodasGold|MakeItRain,ShadowBall,NastyPlot,Protect||||||50|,,,,,Water]Rillaboom||LoadedDice|GrassySurge|FakeOut,GrassyGlide,BulletSeed,Uturn|||F|||50|,,,,,Fire]Archaludon||AssaultVest|Stamina|DragonPulse,FlashCannon,BodyPress,ElectroShot|||M|||50|,,,,,Bug]Volcarona||CovertCloak|FlameBody|QuiverDance,GigaDrain,HeatWave,RagePowder|||F|||50|,,,,,Grass]Ribombee||FocusSash|ShieldDust|Protect,Tailwind,Moonblast,PollenPuff|||M|||50|,,,,,Water]Politoed||Leftovers|Drizzle|Haze,MuddyWater,Protect,PerishSong|||F|||50|,,,,,Grass
|showteam|p2|Whimsicott||CovertCloak|Prankster|Moonblast,Taunt,Tailwind,FakeTears|||M|||50|,,,,,Water]Dragonite||LoadedDice|Multiscale|ScaleShot,StompingTantrum,Haze,Protect|||F|||50|,,,,,Steel]Indeedee||FocusSash|PsychicSurge|ExpandingForce,TeraBlast,Imprison,TrickRoom|||M|||50|,,,,,Psychic]Sneasler||PsychicSeed|Unburden|CloseCombat,DireClaw,ThroatChop,Protect|||F|||50|,,,,,Dark]Ursaluna-Bloodmoon||LifeOrb|MindsEye|HyperVoice,BloodMoon,EarthPower,Protect|||M|||50|,,,,,Normal]Archaludon||PowerHerb|Stalwart|ElectroShot,DragonPulse,Thunderbolt,Protect|||M|||50|,,,,,Electric
|inactive|Battle timer is ON: inactive players will automatically lose when time's up. (requested by dialghite)
|
|t:|1754403195
|teamsize|p1|4
|teamsize|p2|4
|start
|switch|p1a: Gholdengo|Gholdengo, L50|100/100
|switch|p1b: Rillaboom|Rillaboom, L50, F|100/100
|switch|p2a: Whimsicott|Whimsicott, L50, M|100/100
|switch|p2b: Ursaluna|Ursaluna-Bloodmoon, L50, M|100/100
|-fieldstart|move: Grassy Terrain|[from] ability: Grassy Surge|[of] p1b: Rillaboom
|-enditem|p1a: Gholdengo|Grassy Seed
|-boost|p1a: Gholdengo|def|1|[from] item: Grassy Seed
|turn|1
|
|t:|1754403207
|switch|p1b: Volcarona|Volcarona, L50, F|100/100
|-terastallize|p2b: Ursaluna|Normal
|move|p2a: Whimsicott|Tailwind|p2a: Whimsicott
|-sidestart|p2: dialghite|move: Tailwind
|move|p2b: Ursaluna|Blood Moon|p1b: Volcarona
|-damage|p1b: Volcarona|0 fnt
|faint|p1b: Volcarona
|-damage|p2b: Ursaluna|91/100|[from] item: Life Orb
|move|p1a: Gholdengo|Make It Rain|p2b: Ursaluna|[spread] p2a,p2b
|-supereffective|p2a: Whimsicott
|-damage|p2a: Whimsicott|0 fnt
|-damage|p2b: Ursaluna|34/100
|-unboost|p1a: Gholdengo|spa|1
|faint|p2a: Whimsicott
|
|-heal|p2b: Ursaluna|40/100|[from] Grassy Terrain
|upkeep
|
|t:|1754403223
|switch|p2a: Sneasler|Sneasler, L50, F|100/100
|switch|p1b: Rillaboom|Rillaboom, L50, F|100/100
|turn|2
|
|t:|1754403245
|move|p2a: Sneasler|Protect|p2a: Sneasler
|-singleturn|p2a: Sneasler|Protect
|move|p2b: Ursaluna|Protect|p2b: Ursaluna
|-singleturn|p2b: Ursaluna|Protect
|move|p1b: Rillaboom|Fake Out|p2a: Sneasler
|-activate|p2a: Sneasler|move: Protect
|move|p1a: Gholdengo|Make It Rain|p2a: Sneasler|[spread] 
|-activate|p2a: Sneasler|move: Protect
|-activate|p2b: Ursaluna|move: Protect
|
|-heal|p2b: Ursaluna|45/100|[from] Grassy Terrain
|upkeep
|turn|3
|
|t:|1754403265
|switch|p1b: Ribombee|Ribombee, L50, M|100/100
|move|p2a: Sneasler|Dire Claw|p1b: Ribombee
|-supereffective|p1b: Ribombee
|-enditem|p1b: Ribombee|Focus Sash
|-damage|p1b: Ribombee|1/100
|move|p2b: Ursaluna|Hyper Voice|p1b: Ribombee|[spread] p1a,p1b
|-resisted|p1a: Gholdengo
|-damage|p1a: Gholdengo|72/100
|-damage|p1b: Ribombee|0 fnt
|faint|p1b: Ribombee
|-damage|p2b: Ursaluna|36/100|[from] item: Life Orb
|move|p1a: Gholdengo|Nasty Plot|p1a: Gholdengo
|-boost|p1a: Gholdengo|spa|2
|
|-heal|p2b: Ursaluna|42/100|[from] Grassy Terrain
|-heal|p1a: Gholdengo|78/100|[from] Grassy Terrain
|upkeep
|
|t:|1754403276
|switch|p1b: Rillaboom|Rillaboom, L50, F|100/100
|turn|4
|
|t:|1754403290
|-terastallize|p1b: Rillaboom|Fire
|move|p2a: Sneasler|Protect|p2a: Sneasler
|-singleturn|p2a: Sneasler|Protect
|move|p1a: Gholdengo|Protect|p1a: Gholdengo
|-singleturn|p1a: Gholdengo|Protect
|move|p2b: Ursaluna|Blood Moon|p1b: Rillaboom
|-damage|p1b: Rillaboom|0 fnt
|faint|p1b: Rillaboom
|-damage|p2b: Ursaluna|32/100|[from] item: Life Orb
|
|-heal|p2b: Ursaluna|38/100|[from] Grassy Terrain
|-heal|p1a: Gholdengo|85/100|[from] Grassy Terrain
|-sideend|p2: dialghite|move: Tailwind
|upkeep
|turn|5
|
|t:|1754403305
|move|p2a: Sneasler|Throat Chop|p1a: Gholdengo
|-supereffective|p1a: Gholdengo
|-damage|p1a: Gholdengo|46/100
|-start|p1a: Gholdengo|Throat Chop|[silent]
|move|p1a: Gholdengo|Make It Rain|p2a: Sneasler|[spread] p2a,p2b
|-crit|p2b: Ursaluna
|-damage|p2a: Sneasler|13/100
|-damage|p2b: Ursaluna|0 fnt
|-unboost|p1a: Gholdengo|spa|1
|faint|p2b: Ursaluna
|
|-heal|p2a: Sneasler|19/100|[from] Grassy Terrain
|-heal|p1a: Gholdengo|53/100|[from] Grassy Terrain
|-fieldend|move: Grassy Terrain
|upkeep
|
|t:|1754403308
|switch|p2b: Indeedee|Indeedee, L50, M|100/100
|-fieldstart|move: Psychic Terrain|[from] ability: Psychic Surge|[of] p2b: Indeedee
|-enditem|p2a: Sneasler|Psychic Seed
|-boost|p2a: Sneasler|spd|1|[from] item: Psychic Seed
|turn|6
|
|t:|1754403313
|move|p2a: Sneasler|Throat Chop|p1a: Gholdengo
|-supereffective|p1a: Gholdengo
|-damage|p1a: Gholdengo|14/100
|move|p2b: Indeedee|Expanding Force|p1a: Gholdengo
|-resisted|p1a: Gholdengo
|-damage|p1a: Gholdengo|0 fnt
|faint|p1a: Gholdengo
|
|win|dialghite
|raw|Livnlarge27's rating: 1364 → 1341(-23 for losing)
|raw|dialghite's rating: 1310 → 1333(+23 for winning)
