|j|☆ev_evan
|j|☆Awammy
|html|ev_evanAwammy    
|uhtml|bestof|Game 2 of a best-of-3
|t:|1757777409
|gametype|doubles
|player|p1|ev_evan|170|
|player|p2|Awammy|colress|
|gen|9
|tier|[Gen 9] VGC 2025 Reg H (Bo3)
|rule|Species Clause: Limit one of each Pokémon
|rule|Item Clause: Limit 1 of each item
|clearpoke
|poke|p1|Baxcalibur, L50, F|
|poke|p1|Talonflame, L50, F|
|poke|p1|Gholdengo, L50|
|poke|p1|Rillaboom, L50, M|
|poke|p1|Ursaluna-Bloodmoon, L50, M|
|poke|p1|Malamar, L50, M|
|poke|p2|Rillaboom, L50, F|
|poke|p2|Kingambit, L50, F|
|poke|p2|Pelipper, L50, F|
|poke|p2|Archaludon, L50, F|
|poke|p2|Basculegion, L50, M|
|poke|p2|Amoonguss, L50, M|
|teampreview|4
|showteam|p1|Baxcalibur||LoadedDice|ThermalExchange|IceShard,IcicleSpear,ScaleShot,Protect|||F|||50|,,,,,Water]Talonflame||CovertCloak|GaleWings|Tailwind,Taunt,DualWingbeat,Ember|||F|||50|,,,,,Dark]Gholdengo||WeaknessPolicy|GoodasGold|MakeItRain,PowerGem,ShadowBall,Protect||||||50|,,,,,Dragon]Rillaboom||AssaultVest|GrassySurge|FakeOut,Uturn,WoodHammer,HighHorsepower|||M|||50|,,,,,Fire]Ursaluna-Bloodmoon||LifeOrb|MindsEye|Protect,HyperVoice,BloodMoon,EarthPower|||M|||50|,,,,,Normal]Malamar||SitrusBerry|Contrary|TopsyTurvy,Superpower,KnockOff,TrickRoom|||M|||50|,,,,,Water
|showteam|p2|Rillaboom||LoadedDice|GrassySurge|FakeOut,GrassyGlide,BulletSeed,Taunt|||F|||50|,,,,,Fire]Kingambit||SafetyGoggles|Defiant|KowtowCleave,SuckerPunch,SwordsDance,Protect|||F|||50|,,,,,Dark]Pelipper||FocusSash|Drizzle|Hurricane,WeatherBall,Tailwind,Protect|||F|||50|,,,,,Ground]Archaludon||AssaultVest|Stamina|ElectroShot,DragonPulse,FlashCannon,BodyPress|||F|||50|,,,,,Fairy]Basculegion||LifeOrb|SwiftSwim|WaveCrash,AquaJet,Protect,LastRespects|||M|||50|,,,,,Water]Amoonguss||SitrusBerry|Regenerator|Protect,Spore,RagePowder,PollenPuff|||M|||50|,,,,,Water
|inactive|Battle timer is ON: inactive players will automatically lose when time's up. (requested by ev_evan)
|inactive|Awammy also wants the timer to be on.
|inactive|Awammy has 60 seconds left.
|
|t:|1757777447
|teamsize|p1|4
|teamsize|p2|4
|start
|switch|p1a: Hanami|Rillaboom, L50, M|100/100
|switch|p1b: AnkleBreaker9000|Malamar, L50, M|100/100
|switch|p2a: Kingambit|Kingambit, L50, F, shiny|100/100
|switch|p2b: Pelipper|Pelipper, L50, F, shiny|100/100
|-fieldstart|move: Grassy Terrain|[from] ability: Grassy Surge|[of] p1a: Hanami
|-weather|RainDance|[from] ability: Drizzle|[of] p2b: Pelipper
|turn|1
|inactive|Awammy has 30 seconds left.
|inactive|Awammy has 20 seconds left.
|inactive|Awammy has 15 seconds left.
|inactive|Awammy has 10 seconds left.
|inactive|Awammy has 5 seconds left.
|
|t:|1757777500
|move|p1a: Hanami|Fake Out|p2a: Kingambit
|-resisted|p2a: Kingambit
|-damage|p2a: Kingambit|96/100
|move|p2b: Pelipper|Tailwind|p2b: Pelipper
|-sidestart|p2: Awammy|move: Tailwind
|cant|p2a: Kingambit|flinch
|move|p1b: AnkleBreaker9000|Trick Room|p1b: AnkleBreaker9000
|-fieldstart|move: Trick Room|[of] p1b: AnkleBreaker9000
|
|-weather|RainDance|[upkeep]
|-heal|p2a: Kingambit|100/100|[from] Grassy Terrain
|upkeep
|turn|2
|inactive|Awammy has 30 seconds left.
|inactive|Awammy has 20 seconds left.
|inactive|Awammy has 15 seconds left.
|inactive|Awammy has 10 seconds left.
|inactive|Awammy has 5 seconds left.
|
|t:|1757777552
|-terastallize|p2a: Kingambit|Dark
|move|p1b: AnkleBreaker9000|Superpower|p2b: Pelipper
|-resisted|p2b: Pelipper
|-damage|p2b: Pelipper|84/100
|-boost|p1b: AnkleBreaker9000|atk|1
|-boost|p1b: AnkleBreaker9000|def|1
|move|p2a: Kingambit|Kowtow Cleave|p1b: AnkleBreaker9000
|-damage|p1b: AnkleBreaker9000|68/100
|move|p1a: Hanami|Wood Hammer|p2b: Pelipper
|-damage|p2b: Pelipper|0 fnt
|faint|p2b: Pelipper
|-damage|p1a: Hanami|79/100|[from] Recoil
|
|-weather|RainDance|[upkeep]
|-heal|p1b: AnkleBreaker9000|75/100|[from] Grassy Terrain
|-heal|p1a: Hanami|84/100|[from] Grassy Terrain
|upkeep
|
|t:|1757777571
|switch|p2b: Archaludon|Archaludon, L50, F, shiny|100/100
|turn|3
|
|t:|1757777595
|move|p1b: AnkleBreaker9000|Superpower|p2a: Kingambit
|-supereffective|p2a: Kingambit
|-damage|p2a: Kingambit|46/100
|-boost|p1b: AnkleBreaker9000|atk|1
|-boost|p1b: AnkleBreaker9000|def|1
|move|p2a: Kingambit|Kowtow Cleave|p1a: Hanami
|-damage|p1a: Hanami|15/100
|move|p1a: Hanami|U-turn|p2a: Kingambit
|-supereffective|p2a: Kingambit
|-damage|p2a: Kingambit|11/100
|
|t:|1757777605
|switch|p1a: Lobotomy Kaisen|Ursaluna-Bloodmoon, L50, M|100/100|[from] U-turn
|move|p2b: Archaludon|Electro Shot||[still]
|-prepare|p2b: Archaludon|Electro Shot
|-boost|p2b: Archaludon|spa|1
|-anim|p2b: Archaludon|Electro Shot|p1a: Lobotomy Kaisen
|-immune|p1a: Lobotomy Kaisen
|
|-weather|RainDance|[upkeep]
|-heal|p1b: AnkleBreaker9000|81/100|[from] Grassy Terrain
|-heal|p2a: Kingambit|17/100|[from] Grassy Terrain
|upkeep
|turn|4
|inactive|Awammy has 30 seconds left.
|
|t:|1757777636
|move|p2a: Kingambit|Sucker Punch|p1a: Lobotomy Kaisen
|-crit|p1a: Lobotomy Kaisen
|-damage|p1a: Lobotomy Kaisen|37/100
|move|p1a: Lobotomy Kaisen|Earth Power|p2b: Archaludon
|-supereffective|p2b: Archaludon
|-damage|p2b: Archaludon|0 fnt
|faint|p2b: Archaludon
|-damage|p1a: Lobotomy Kaisen|27/100|[from] item: Life Orb
|move|p1b: AnkleBreaker9000|Superpower|p2a: Kingambit
|-supereffective|p2a: Kingambit
|-damage|p2a: Kingambit|0 fnt
|-boost|p1b: AnkleBreaker9000|atk|1
|-boost|p1b: AnkleBreaker9000|def|1
|faint|p2a: Kingambit
|
|-weather|RainDance|[upkeep]
|-heal|p1a: Lobotomy Kaisen|33/100|[from] Grassy Terrain
|-heal|p1b: AnkleBreaker9000|87/100|[from] Grassy Terrain
|-sideend|p2: Awammy|move: Tailwind
|upkeep
|
|t:|1757777642
|switch|p2b: Basculegion|Basculegion, L50, M|100/100
|turn|5
|
|t:|1757777651
|-terastallize|p1a: Lobotomy Kaisen|Normal
|move|p2b: Basculegion|Aqua Jet|p1a: Lobotomy Kaisen
|-damage|p1a: Lobotomy Kaisen|5/100
|-damage|p2b: Basculegion|91/100|[from] item: Life Orb
|move|p1a: Lobotomy Kaisen|Blood Moon|p2b: Basculegion
|-damage|p2b: Basculegion|0 fnt
|faint|p2b: Basculegion
|-damage|p1a: Lobotomy Kaisen|0 fnt|[from] item: Life Orb
|faint|p1a: Lobotomy Kaisen
|
|win|ev_evan
