|j|☆lukashz
|j|☆paintleg4cy
|html|lukashzpaintleg4cy    
|uhtml|bestof|Game 3 of a best-of-3
|t:|1783614898
|gametype|doubles
|player|p1|lukashz|elesa|1328
|player|p2|paintleg4cy|dawn-gen4pt|1290
|gen|9
|tier|[Gen 9 Champions] VGC 2026 Reg M-B (Bo3)
|rated|
|rule|Species Clause: Limit one of each Pokémon
|rule|Item Clause: Limit 1 of each item
|clearpoke
|poke|p1|Chandelure, L50, F|
|poke|p1|Kangaskhan, L50, F|
|poke|p1|Sylveon, L50, M|
|poke|p1|Kingambit, L50, M|
|poke|p1|Sneasler, L50, F|
|poke|p1|Venusaur, L50, F|
|poke|p2|Charizard, L50, F|
|poke|p2|Basculegion, L50, M|
|poke|p2|Whimsicott, L50, F|
|poke|p2|Garchomp, L50, M|
|poke|p2|Floette-Eternal, L50, F|
|poke|p2|Kingambit, L50, M|
|teampreview|4
|showteam|p1|Chandelure||FocusSash|FlashFire|HeatWave,ShadowBall,TrickRoom,Taunt|Quiet||F|||50|]Kangaskhan||Kangaskhanite|InnerFocus|FakeOut,DoubleEdge,SuckerPunch,HammerArm|Brave||F|||50|]Sylveon||FairyFeather|Pixilate|HyperVoice,Protect,HyperBeam,QuickAttack|Quiet||M|||50|]Kingambit||BlackGlasses|Defiant|KowtowCleave,SuckerPunch,IronHead,Protect|Brave||M|||50|]Sneasler||WhiteHerb|Unburden|FakeOut,Coaching,CloseCombat,DireClaw|Jolly||F|||50|]Venusaur||Venusaurite|Chlorophyll|EarthPower,SleepPowder,GigaDrain,Protect|Modest||F|||50|
|showteam|p2|Charizard||CharizarditeY|Blaze|HeatWave,SolarBeam,WeatherBall,Protect|Modest||F|||50|]Basculegion||ChoiceScarf|Adaptability|WaveCrash,AquaJet,FlipTurn,LastRespects|Jolly||M|||50|]Whimsicott||FocusSash|Prankster|Moonblast,Tailwind,Encore,Protect|Timid||F|||50|]Garchomp||LifeOrb|RoughSkin|Earthquake,RockSlide,DragonClaw,Protect|Jolly||M|||50|]Floette-Eternal||Floettite|FlowerVeil|Moonblast,LightofRuin,DazzlingGleam,Protect|Timid||F|||50|]Kingambit||BlackGlasses|Defiant|KowtowCleave,SuckerPunch,Protect,SwordsDance|Adamant||M|||50|
|
|t:|1783614925
|teamsize|p1|4
|teamsize|p2|4
|start
|switch|p1a: Chandelure|Chandelure, L50, F|100/100
|switch|p1b: Kangaskhan|Kangaskhan, L50, F|100/100
|switch|p2a: Basculegion|Basculegion, L50, M|100/100
|switch|p2b: Garchomp|Garchomp, L50, M|100/100
|turn|1
|
|t:|1783614954
|move|p1b: Kangaskhan|Fake Out|p2b: Garchomp
|-damage|p2b: Garchomp|83/100
|-damage|p1b: Kangaskhan|87/100|[from] ability: Rough Skin|[of] p2b: Garchomp
|move|p2a: Basculegion|Flip Turn|p1a: Chandelure
|-supereffective|p1a: Chandelure|1
|-damage|p1a: Chandelure|23/100
|
|t:|1783614960
|switch|p2a: Kingambit|Kingambit, L50, M|100/100|[from] Flip Turn
|cant|p2b: Garchomp|flinch
|move|p1a: Chandelure|Trick Room|p1a: Chandelure
|-fieldstart|move: Trick Room|[of] p1a: Chandelure
|
|upkeep
|turn|2
|
|t:|1783614977
|detailschange|p1b: Kangaskhan|Kangaskhan-Mega, L50, F
|-mega|p1b: Kangaskhan|Kangaskhan|Kangaskhanite
|move|p2a: Kingambit|Protect|p2a: Kingambit
|-singleturn|p2a: Kingambit|Protect
|move|p1a: Chandelure|Shadow Ball|p2b: Garchomp
|-damage|p2b: Garchomp|29/100
|move|p1b: Kangaskhan|Hammer Arm|p2a: Kingambit
|-activate|p2a: Kingambit|move: Protect
|move|p2b: Garchomp|Earthquake|p1a: Chandelure|[spread] p1a,p1b
|-activate|p2a: Kingambit|move: Protect
|-supereffective|p1a: Chandelure|1
|-damage|p1a: Chandelure|0 fnt
|-damage|p1b: Kangaskhan|50/100g
|faint|p1a: Chandelure
|-damage|p2b: Garchomp|20/100r|[from] item: Life Orb
|
|upkeep
|
|t:|1783614983
|switch|p1a: Kingambit|Kingambit, L50, M|100/100
|turn|3
|
|t:|1783615002
|move|p2b: Garchomp|Protect|p2b: Garchomp
|-singleturn|p2b: Garchomp|Protect
|move|p2a: Kingambit|Sucker Punch|p1b: Kangaskhan
|-damage|p1b: Kangaskhan|9/100
|move|p1a: Kingambit|Kowtow Cleave|p2a: Kingambit
|-resisted|p2a: Kingambit|1
|-damage|p2a: Kingambit|79/100
|move|p1b: Kangaskhan|Hammer Arm|p2a: Kingambit
|-supereffective|p2a: Kingambit|2
|-damage|p2a: Kingambit|0 fnt
|-unboost|p1b: Kangaskhan|spe|1
|faint|p2a: Kingambit
|
|upkeep
|
|t:|1783615009
|switch|p2a: Charizard|Charizard, L50, F|100/100
|turn|4
|
|t:|1783615028
|detailschange|p2a: Charizard|Charizard-Mega-Y, L50, F
|-mega|p2a: Charizard|Charizard|Charizardite Y
|-weather|SunnyDay|[from] ability: Drought|[of] p2a: Charizard
|move|p1a: Kingambit|Kowtow Cleave|p2b: Garchomp
|-damage|p2b: Garchomp|0 fnt
|-damage|p1a: Kingambit|87/100|[from] ability: Rough Skin|[of] p2b: Garchomp
|faint|p2b: Garchomp
|move|p1b: Kangaskhan|Double-Edge|p2a: Charizard
|-damage|p2a: Charizard|35/100
|-damage|p2a: Charizard|21/100
|-hitcount|p2a: Charizard|2
|-damage|p1b: Kangaskhan|0 fnt|[from] Recoil
|faint|p1b: Kangaskhan
|move|p2a: Charizard|Heat Wave|p1a: Kingambit
|-supereffective|p1a: Kingambit|1
|-damage|p1a: Kingambit|0 fnt
|faint|p1a: Kingambit
|
|-weather|SunnyDay|[upkeep]
|upkeep
|
|t:|1783615043
|switch|p1b: Sylveon|Sylveon, L50, M|100/100
|switch|p2b: Basculegion|Basculegion, L50, M|100/100
|turn|5
|
|t:|1783615055
|move|p2a: Charizard|Protect|p2a: Charizard
|-singleturn|p2a: Charizard|Protect
|move|p1b: Sylveon|Hyper Beam|p2b: Basculegion
|-damage|p2b: Basculegion|0 fnt
|-mustrecharge|p1b: Sylveon
|faint|p2b: Basculegion
|
|-weather|SunnyDay|[upkeep]
|-fieldend|move: Trick Room
|upkeep
|turn|6
|
|t:|1783615062
|move|p2a: Charizard|Weather Ball|p1b: Sylveon
|-damage|p1b: Sylveon|41/100
|cant|p1b: Sylveon|recharge
|
|-weather|SunnyDay|[upkeep]
|upkeep
|turn|7
|
|t:|1783615067
|move|p1b: Sylveon|Protect|p1b: Sylveon
|-singleturn|p1b: Sylveon|Protect
|move|p2a: Charizard|Weather Ball|p1b: Sylveon
|-activate|p1b: Sylveon|move: Protect
|
|-weather|SunnyDay|[upkeep]
|upkeep
|turn|8
|
|t:|1783615070
|move|p1b: Sylveon|Protect|p1b: Sylveon
|-singleturn|p1b: Sylveon|Protect
|move|p2a: Charizard|Weather Ball|p1b: Sylveon
|-activate|p1b: Sylveon|move: Protect
|
|-weather|none
|upkeep
|turn|9
|
|t:|1783615075
|move|p2a: Charizard|Heat Wave|p1b: Sylveon
|-damage|p1b: Sylveon|0 fnt
|faint|p1b: Sylveon
|
|win|paintleg4cy
|raw|lukashz's rating: 1328 → 1306(-22 for losing)
|raw|paintleg4cy's rating: 1290 → 1318(+28 for winning)
|l|☆paintleg4cy
|player|p2|
