|j|☆Azraelyne
|j|☆goodfish6211
|html|Azraelynegoodfish6211    
|uhtml|bestof|Game 1 of a best-of-3
|t:|1784798956
|gametype|doubles
|player|p1|Azraelyne|265|1044
|player|p2|goodfish6211|102|1081
|gen|9
|tier|[Gen 9 Champions] VGC 2026 Reg M-B (Bo3)
|rated|
|rule|Species Clause: Limit one of each Pokémon
|rule|Item Clause: Limit 1 of each item
|clearpoke
|poke|p1|Tauros-Paldea-Blaze, L50, M|
|poke|p1|Meowscarada, L50, M|
|poke|p1|Staraptor, L50, F|
|poke|p1|Raichu, L50, F|
|poke|p1|Glimmora, L50, M|
|poke|p1|Aerodactyl, L50, F|
|poke|p2|Incineroar, L50, M|
|poke|p2|Sneasler, L50, F, shiny|
|poke|p2|Whimsicott, L50, M|
|poke|p2|Sinistcha-Masterpiece, L50|
|poke|p2|Sylveon, L50, F, shiny|
|poke|p2|Tyranitar, L50, F|
|teampreview|4
|showteam|p1|Tauros-Paldea-Blaze||SitrusBerry|AngerPoint|RagingBull,Earthquake,Protect,CloseCombat|Impish||M|||50|]Meowscarada||FocusSash|Protean|FlowerTrick,Taunt,Charm,TripleAxel|Jolly||M|||50|]Staraptor||Staraptite|Intimidate|CloseCombat,BraveBird,Roost,Protect|Jolly||F|||50|]Raichu||RaichuniteY|LightningRod|FakeOut,ZapCannon,FocusBlast,Protect|Modest||F|||50|]Glimmora||ChoiceScarf|ToxicDebris|PowerGem,SludgeBomb,DazzlingGleam,EarthPower|Timid||M|||50|]Aerodactyl||WideLens|Unnerve|DualWingbeat,RockSlide,Tailwind,Protect|Jolly||F|||50|
|showteam|p2|Incineroar||PasshoBerry|Intimidate|FakeOut,FlareBlitz,DarkestLariat,PartingShot|Adamant||M|||50|]Sneasler||WhiteHerb|Unburden|CloseCombat,FakeOut,DireClaw,Protect|Adamant||F|||50|]Whimsicott||FocusSash|Prankster|Tailwind,Moonblast,Encore,Protect|Timid||M|||50|]Sinistcha-Masterpiece||SitrusBerry|Hospitality|MatchaGotcha,TrickRoom,RagePowder,Protect|Bold|||||50|]Sylveon||LifeOrb|Pixilate|HyperVoice,QuickAttack,DrainingKiss,Protect|Modest||F|||50|]Tyranitar||Tyranitarite|SandStream|KnockOff,RockSlide,DragonDance,Protect|Adamant||F|||50|
|inactive|Battle timer is ON: inactive players will automatically lose when time's up. (requested by goodfish6211)
|inactive|Azraelyne has 60 seconds left.
|inactive|goodfish6211 has 60 seconds left.
|inactive|goodfish6211 has 30 seconds left.
|inactive|goodfish6211 has 20 seconds left.
|inactive|goodfish6211 has 15 seconds left.
|inactive|goodfish6211 has 10 seconds left.
|inactive|goodfish6211 has 5 seconds left.
|
|t:|1784799047
|teamsize|p1|4
|teamsize|p2|4
|start
|switch|p1a: Aerodactyl|Aerodactyl, L50, F|100/100
|switch|p1b: Raichu|Raichu, L50, F|100/100
|switch|p2a: Incineroar|Incineroar, L50, M|100/100
|switch|p2b: Sneasler|Sneasler, L50, F, shiny|100/100
|-ability|p1a: Aerodactyl|Unnerve
|-ability|p2a: Incineroar|Intimidate|boost
|-unboost|p1a: Aerodactyl|atk|1
|-unboost|p1b: Raichu|atk|1
|turn|1
|
|t:|1784799070
|switch|p2a: Whimsicott|Whimsicott, L50, M|100/100
|move|p2b: Sneasler|Fake Out|p1b: Raichu
|-damage|p1b: Raichu|65/100
|cant|p1b: Raichu|flinch
|move|p1a: Aerodactyl|Dual Wingbeat|p2b: Sneasler
|-supereffective|p2b: Sneasler|1
|-damage|p2b: Sneasler|61/100
|-supereffective|p2b: Sneasler|1
|-damage|p2b: Sneasler|26/100
|-hitcount|p2b: Sneasler|2
|
|upkeep
|turn|2
|inactive|Azraelyne has 30 seconds left.
|
|t:|1784799096
|detailschange|p1b: Raichu|Raichu-Mega-Y, L50, F
|-mega|p1b: Raichu|Raichu|Raichunite Y
|move|p2a: Whimsicott|Tailwind|p2a: Whimsicott
|-sidestart|p2: goodfish6211|move: Tailwind
|move|p2b: Sneasler|Close Combat|p1a: Aerodactyl
|-damage|p1a: Aerodactyl|4/100
|-unboost|p2b: Sneasler|def|1
|-unboost|p2b: Sneasler|spd|1
|-enditem|p2b: Sneasler|White Herb
|-clearnegativeboost|p2b: Sneasler|[silent]
|move|p1a: Aerodactyl|Dual Wingbeat|p2a: Whimsicott
|-supereffective|p2a: Whimsicott|1
|-damage|p2a: Whimsicott|72/100
|-supereffective|p2a: Whimsicott|1
|-damage|p2a: Whimsicott|44/100
|-hitcount|p2a: Whimsicott|2
|move|p1b: Raichu|Zap Cannon|p2b: Sneasler
|-damage|p2b: Sneasler|0 fnt
|faint|p2b: Sneasler
|
|upkeep
|
|t:|1784799105
|switch|p2b: Incineroar|Incineroar, L50, M|100/100
|-ability|p2b: Incineroar|Intimidate|boost
|-unboost|p1a: Aerodactyl|atk|1
|-unboost|p1b: Raichu|atk|1
|turn|3
|
|t:|1784799125
|move|p1b: Raichu|Protect|p1b: Raichu
|-singleturn|p1b: Raichu|Protect
|move|p2b: Incineroar|Fake Out|p1b: Raichu
|-activate|p1b: Raichu|move: Protect
|move|p2a: Whimsicott|Moonblast|p1a: Aerodactyl
|-damage|p1a: Aerodactyl|0 fnt
|faint|p1a: Aerodactyl
|
|upkeep
|
|t:|1784799137
|switch|p1a: Glimmora|Glimmora, L50, M|100/100
|turn|4
|
|t:|1784799156
|switch|p1b: Meowscarada|Meowscarada, L50, M|100/100
|move|p2a: Whimsicott|Encore|p1b: Meowscarada
|-hint|Since gen 7, Dark is immune to Prankster moves.
|-immune|p1b: Meowscarada
|move|p1a: Glimmora|Power Gem|p2b: Incineroar
|-supereffective|p2b: Incineroar|1
|-damage|p2b: Incineroar|22/100
|move|p2b: Incineroar|Parting Shot|p1a: Glimmora
|-unboost|p1a: Glimmora|atk|1
|-unboost|p1a: Glimmora|spa|1
|
|t:|1784799165
|switch|p2b: Sinistcha|Sinistcha-Masterpiece, L50|100/100|[from] Parting Shot
|-heal|p2a: Whimsicott|69/100|[from] ability: Hospitality|[of] p2b: Sinistcha
|
|upkeep
|turn|5
|
|t:|1784799187
|switch|p1a: Raichu|Raichu-Mega-Y, L50, F|65/100
|move|p2a: Whimsicott|Protect|p2a: Whimsicott
|-singleturn|p2a: Whimsicott|Protect
|move|p1b: Meowscarada|Taunt|p2b: Sinistcha
|-start|p1b: Meowscarada|typechange|Dark|[from] ability: Protean
|-start|p2b: Sinistcha|move: Taunt
|cant|p2b: Sinistcha|move: Taunt|Trick Room
|
|-sideend|p2: goodfish6211|move: Tailwind
|upkeep
|turn|6
|
|t:|1784799208
|move|p1a: Raichu|Fake Out|p2a: Whimsicott
|-damage|p2a: Whimsicott|56/100
|cant|p2a: Whimsicott|flinch
|move|p1b: Meowscarada|Triple Axel|p2b: Sinistcha
|-supereffective|p2b: Sinistcha|1
|-damage|p2b: Sinistcha|91/100
|-supereffective|p2b: Sinistcha|1
|-damage|p2b: Sinistcha|75/100
|-supereffective|p2b: Sinistcha|1
|-damage|p2b: Sinistcha|52/100
|-hitcount|p2b: Sinistcha|3
|move|p2b: Sinistcha|Matcha Gotcha|p1b: Meowscarada|[spread] p1a,p1b
|-damage|p1a: Raichu|27/100
|-heal|p2b: Sinistcha|67/100|[from] drain|[of] p1a: Raichu
|-damage|p1b: Meowscarada|68/100
|-heal|p2b: Sinistcha|84/100|[from] drain|[of] p1b: Meowscarada
|
|upkeep
|turn|7
|inactive|Azraelyne has 30 seconds left.
|
|t:|1784799241
|move|p2a: Whimsicott|Tailwind|p2a: Whimsicott
|-sidestart|p2: goodfish6211|move: Tailwind
|move|p1b: Meowscarada|Triple Axel|p2b: Sinistcha
|-supereffective|p2b: Sinistcha|1
|-damage|p2b: Sinistcha|76/100
|-supereffective|p2b: Sinistcha|1
|-damage|p2b: Sinistcha|59/100
|-supereffective|p2b: Sinistcha|1
|-damage|p2b: Sinistcha|35/100
|-enditem|p2b: Sinistcha|Sitrus Berry|[eat]
|-heal|p2b: Sinistcha|59/100|[from] item: Sitrus Berry
|-hitcount|p2b: Sinistcha|3
|move|p1a: Raichu|Zap Cannon|p2a: Whimsicott
|-resisted|p2a: Whimsicott|1
|-damage|p2a: Whimsicott|0 fnt
|faint|p2a: Whimsicott
|move|p2b: Sinistcha|Matcha Gotcha|p1a: Raichu|[spread] p1a,p1b
|-damage|p1a: Raichu|0 fnt
|-heal|p2b: Sinistcha|70/100|[from] drain|[of] p1a: Raichu
|-damage|p1b: Meowscarada|37/100
|-heal|p2b: Sinistcha|87/100|[from] drain|[of] p1b: Meowscarada
|-status|p1b: Meowscarada|brn
|faint|p1a: Raichu
|
|-damage|p1b: Meowscarada|31/100 brn|[from] brn
|-end|p2b: Sinistcha|move: Taunt
|upkeep
|inactive|Azraelyne has 30 seconds left.
|
|t:|1784799268
|switch|p2a: Incineroar|Incineroar, L50, M|22/100
|switch|p1a: Glimmora|Glimmora, L50, M|100/100
|-ability|p2a: Incineroar|Intimidate|boost
|-unboost|p1a: Glimmora|atk|1
|-unboost|p1b: Meowscarada|atk|1
|turn|8
|
|t:|1784799290
|move|p1a: Glimmora|Sludge Bomb|p2a: Incineroar
|-damage|p2a: Incineroar|0 fnt
|faint|p2a: Incineroar
|move|p1b: Meowscarada|Taunt|p2b: Sinistcha
|-start|p2b: Sinistcha|move: Taunt
|move|p2b: Sinistcha|Matcha Gotcha|p1b: Meowscarada|[spread] p1a,p1b
|-damage|p1a: Glimmora|65/100
|-heal|p2b: Sinistcha|100/100|[from] drain|[of] p1a: Glimmora
|-damage|p1b: Meowscarada|0 fnt
|-status|p1a: Glimmora|brn
|faint|p1b: Meowscarada
|
|-damage|p1a: Glimmora|59/100 brn|[from] brn
|upkeep
|turn|9
|
|t:|1784799308
|move|p1a: Glimmora|Sludge Bomb|p2b: Sinistcha
|-damage|p2b: Sinistcha|46/100
|move|p2b: Sinistcha|Matcha Gotcha|p1a: Glimmora
|-damage|p1a: Glimmora|13/100 brn
|-heal|p2b: Sinistcha|68/100|[from] drain|[of] p1a: Glimmora
|
|-damage|p1a: Glimmora|7/100 brn|[from] brn
|upkeep
|turn|10
|
|t:|1784799320
|move|p1a: Glimmora|Sludge Bomb|p2b: Sinistcha
|-damage|p2b: Sinistcha|20/100y
|-status|p2b: Sinistcha|psn
|move|p2b: Sinistcha|Matcha Gotcha|p1a: Glimmora
|-damage|p1a: Glimmora|0 fnt
|-heal|p2b: Sinistcha|23/100 psn|[from] drain|[of] p1a: Glimmora
|faint|p1a: Glimmora
|
|win|goodfish6211
||goodfish6211 is ready for game 2.
