|j|☆siiverfox69
|j|☆zilladuc1
|html|siiverfox69zilladuc1    
|uhtml|bestof|Game 1 of a best-of-3
|t:|1783904040
|gametype|doubles
|player|p1|siiverfox69|rosa|
|player|p2|zilladuc1|pokemaniac|
|gen|9
|tier|[Gen 9 Champions] VGC 2026 Reg M-B (Bo3)
|rule|Species Clause: Limit one of each Pokémon
|rule|Item Clause: Limit 1 of each item
|clearpoke
|poke|p1|Skeledirge, L50, M|
|poke|p1|Primarina, L50, F|
|poke|p1|Meowstic, L50, M, shiny|
|poke|p1|Vivillon-Fancy, L50, M|
|poke|p1|Metagross, L50|
|poke|p1|Greninja, L50, M|
|poke|p2|Volcarona, L50, F|
|poke|p2|Aurorus, L50, M|
|poke|p2|Scrafty, L50, M|
|poke|p2|Klefki, L50, F|
|poke|p2|Metagross, L50|
|poke|p2|Flapple, L50, F|
|teampreview|4
|showteam|p1|Skeledirge||ColburBerry|Unaware|TorchSong,EarthPower,SlackOff,Protect|Bold||M|||50|]Primarina||RindoBerry|LiquidVoice|HyperVoice,PsychUp,DazzlingGleam,Protect|Modest||F|||50|]Meowstic||LightClay|Prankster|FakeOut,RainDance,LightScreen,Reflect|Bold||M|||50|]Vivillon-Fancy||SitrusBerry|FriendGuard|Hurricane,QuiverDance,Protect,PollenPuff|Bold||M|||50|]Metagross||Metagrossite|ClearBody|IronHead,PsychicFangs,BodyPress,Protect|Adamant|||||50|]Greninja||Greninjite|Protean|WeatherBall,Blizzard,Protect,WaterShuriken|Modest||M|||50|
|showteam|p2|Volcarona||FocusSash|FlameBody|RagePowder,LeechLife,Tailwind,Uturn|Jolly||F|||50|]Aurorus||NeverMeltIce|Refrigerate|AuroraVeil,RockSlide,HyperVoice,StealthRock|Sassy||M|||50|]Scrafty||Scraftinite|Intimidate|DragonDance,Crunch,DrainPunch,FakeOut|Adamant||M|||50|]Klefki||OccaBerry|Prankster|Imprison,TrickRoom,Reflect,ThunderWave|Relaxed||F|||50|]Metagross||Leftovers|ClearBody|Gravity,MeteorMash,PsychicFangs,HammerArm|Adamant|||||50|]Flapple||ChoiceScarf|Hustle|GravApple,Outrage,DracoMeteor,Uturn|Naive||F|||50|
|j| Nachofrize
|
|t:|1783904072
|teamsize|p1|4
|teamsize|p2|4
|start
|switch|p1a: Meowstic|Meowstic, L50, M, shiny|100/100
|switch|p1b: Vivillon|Vivillon-Fancy, L50, M|100/100
|switch|p2a: Volcarona|Volcarona, L50, F|100/100
|switch|p2b: Metagross|Metagross, L50|100/100
|turn|1
|inactive|Battle timer is ON: inactive players will automatically lose when time's up. (requested by siiverfox69)
|
|t:|1783904116
|move|p1a: Meowstic|Fake Out|p2a: Volcarona
|-damage|p2a: Volcarona|92/100
|-status|p1a: Meowstic|brn|[from] ability: Flame Body|[of] p2a: Volcarona
|cant|p2a: Volcarona|flinch
|move|p1b: Vivillon|Quiver Dance|p1b: Vivillon
|-boost|p1b: Vivillon|spa|1
|-boost|p1b: Vivillon|spd|1
|-boost|p1b: Vivillon|spe|1
|move|p2b: Metagross|Gravity|p2b: Metagross
|-fieldstart|move: Gravity
|
|-damage|p1a: Meowstic|93/100 brn|[from] brn
|upkeep
|turn|2
|inactive|siiverfox69 has 30 seconds left.
|inactive|zilladuc1 has 30 seconds left.
|inactive|siiverfox69 has 20 seconds left.
|inactive|siiverfox69 has 15 seconds left.
|
|t:|1783904158
|switch|p2b: Flapple|Flapple, L50, F|100/100
|move|p1a: Meowstic|Light Screen|p1a: Meowstic
|-sidestart|p1: siiverfox69|move: Light Screen
|move|p2a: Volcarona|Tailwind|p2a: Volcarona
|-sidestart|p2: zilladuc1|move: Tailwind
|move|p1b: Vivillon|Quiver Dance|p1b: Vivillon
|-boost|p1b: Vivillon|spa|1
|-boost|p1b: Vivillon|spd|1
|-boost|p1b: Vivillon|spe|1
|
|-damage|p1a: Meowstic|87/100 brn|[from] brn
|upkeep
|turn|3
|inactive|siiverfox69 has 30 seconds left.
|
|t:|1783904192
|move|p1b: Vivillon|Protect|p1b: Vivillon
|-singleturn|p1b: Vivillon|Protect
|move|p1a: Meowstic|Reflect|p1a: Meowstic
|-sidestart|p1: siiverfox69|Reflect
|move|p2b: Flapple|Grav Apple|p1a: Meowstic
|-damage|p1a: Meowstic|43/100 brn
|-unboost|p1a: Meowstic|def|1
|move|p2a: Volcarona|U-turn|p1a: Meowstic
|-supereffective|p1a: Meowstic|1
|-damage|p1a: Meowstic|9/100 brn
|j| lloni
|
|t:|1783904203
|switch|p2a: Scrafty|Scrafty, L50, M|100/100|[from] U-turn
|-ability|p2a: Scrafty|Intimidate|boost
|-unboost|p1a: Meowstic|atk|1
|-unboost|p1b: Vivillon|atk|1
|
|-damage|p1a: Meowstic|3/100 brn|[from] brn
|upkeep
|turn|4
|
|t:|1783904220
|detailschange|p2a: Scrafty|Scrafty-Mega, L50, M
|-mega|p2a: Scrafty|Scrafty|Scraftinite
|-ability|p2a: Scrafty|Intimidate|boost
|-unboost|p1a: Meowstic|atk|1
|-unboost|p1b: Vivillon|atk|1
|move|p2a: Scrafty|Fake Out|p1b: Vivillon
|-damage|p1b: Vivillon|88/100
|move|p1a: Meowstic|Rain Dance|p1a: Meowstic
|-weather|RainDance
|move|p2b: Flapple|Grav Apple|p1a: Meowstic
|-damage|p1a: Meowstic|0 fnt
|faint|p1a: Meowstic
|cant|p1b: Vivillon|flinch
|
|-weather|RainDance|[upkeep]
|upkeep
|
|t:|1783904240
|switch|p1a: Primarina|Primarina, L50, F|100/100
|turn|5
|
|t:|1783904259
|move|p2b: Flapple|Grav Apple|p1a: Primarina
|-supereffective|p1a: Primarina|1
|-enditem|p1a: Primarina|Rindo Berry|[eat]
|-enditem|p1a: Primarina|Rindo Berry|[weaken]
|-damage|p1a: Primarina|46/100
|-unboost|p1a: Primarina|def|1
|move|p2a: Scrafty|Crunch|p1b: Vivillon
|-damage|p1b: Vivillon|52/100
|move|p1b: Vivillon|Hurricane|p2b: Flapple
|-supereffective|p2b: Flapple|1
|-damage|p2b: Flapple|0 fnt
|faint|p2b: Flapple
|move|p1a: Primarina|Psych Up|p1b: Vivillon
|-copyboost|p1a: Primarina|p1b: Vivillon|[from] move: Psych Up
|
|-weather|RainDance|[upkeep]
|-sideend|p2: zilladuc1|move: Tailwind
|-fieldend|move: Gravity
|upkeep
|
|t:|1783904273
|switch|p2b: Volcarona|Volcarona, L50, F|92/100
|turn|6
|
|t:|1783904287
|move|p2b: Volcarona|Rage Powder|p2b: Volcarona
|-singleturn|p2b: Volcarona|move: Rage Powder
|move|p1b: Vivillon|Hurricane|p2b: Volcarona
|-supereffective|p2b: Volcarona|1
|-damage|p2b: Volcarona|0 fnt
|faint|p2b: Volcarona
|move|p1a: Primarina|Dazzling Gleam|p2a: Scrafty
|-supereffective|p2a: Scrafty|2
|-damage|p2a: Scrafty|0 fnt
|faint|p2a: Scrafty
|
|-weather|RainDance|[upkeep]
|upkeep
|
|t:|1783904296
|switch|p2b: Metagross|Metagross, L50|100/100
|turn|7
|
|t:|1783904312
|move|p1b: Vivillon|Pollen Puff|p1a: Primarina
|-heal|p1a: Primarina|96/100
|move|p1a: Primarina|Hyper Voice|p2b: Metagross
|-damage|p2b: Metagross|0 fnt
|faint|p2b: Metagross
|
|win|siiverfox69
|inactive|siiverfox69 has 30 seconds to confirm battle start!
|inactive|zilladuc1 has 30 seconds to confirm battle start!
||zilladuc1 is ready for game 2.
