|j|â˜†ycomoesel
|j|â˜†MizzleWaterCooler
|html|ycomoeselMizzleWaterCooler    
|uhtml|bestof|Game 1 of a best-of-3
|t:|1756305599
|gametype|doubles
|player|p1|ycomoesel|benga|1085
|player|p2|MizzleWaterCooler|brycen|1136
|gen|9
|tier|[Gen 9] VGC 2025 Reg H (Bo3)
|rated|
|rule|Species Clause: Limit one of each PokÃ©mon
|rule|Item Clause: Limit 1 of each item
|clearpoke
|poke|p1|Sableye, L50, F|
|poke|p1|Ursaluna-Bloodmoon, L50, M|
|poke|p1|Rillaboom, L50, M|
|poke|p1|Annihilape, L50, M|
|poke|p1|Maushold, L50|
|poke|p1|Dragonite, L50, M|
|poke|p2|Ursaluna-Bloodmoon, L50, M|
|poke|p2|Indeedee, L50, M|
|poke|p2|Sneasler, L50, F|
|poke|p2|Talonflame, L50, M|
|poke|p2|Incineroar, L50, M|
|poke|p2|Electabuzz, L50, F|
|teampreview|4
|showteam|p1|Sableye||LightClay|Prankster|Taunt,Disable,Reflect,LightScreen|||F|||50|,,,,,Water]Ursaluna-Bloodmoon||AssaultVest|MindsEye|BloodMoon,EarthPower,HyperVoice,VacuumWave|||M|||50|,,,,,Ghost]Rillaboom||MiracleSeed|GrassySurge|FakeOut,GrassyGlide,WoodHammer,HighHorsepower|||M|||50|,,,,,Water]Annihilape||SitrusBerry|Defiant|BulkUp,DrainPunch,RageFist,Protect|||M|||50|,,,,,Water]Maushold||WideLens|FriendGuard|FollowMe,PopulationBomb,Taunt,Protect||||||50|,,,,,Ghost]Dragonite||LoadedDice|Multiscale|ScaleShot,Tailwind,Haze,Protect|||M|||50|,,,,,Ghost
|showteam|p2|Ursaluna-Bloodmoon||LifeOrb|MindsEye|BloodMoon,EarthPower,HyperVoice,Protect|||M|||50|,,,,,Normal]Indeedee||FocusSash|PsychicSurge|ExpandingForce,HelpingHand,TrickRoom,Protect|||M|||50|,,,,,Psychic]Sneasler||PsychicSeed|Unburden|CloseCombat,DireClaw,ThroatChop,Protect|||F|||50|,,,,,Dark]Talonflame||CovertCloak|GaleWings|FlareBlitz,DualWingbeat,WillOWisp,Tailwind|||M|||50|,,,,,Fairy]Incineroar||SafetyGoggles|Intimidate|FlareBlitz,KnockOff,PartingShot,FakeOut|||M|||50|,,,,,Ghost]Electabuzz||Eviolite|VitalSpirit|Electroweb,FollowMe,Taunt,Protect|||F|||50|,,,,,Dragon
|inactive|Battle timer is ON: inactive players will automatically lose when time's up. (requested by MizzleWaterCooler)
|inactive|MizzleWaterCooler has 60 seconds left.
|
|t:|1756305635
|teamsize|p1|4
|teamsize|p2|4
|start
|switch|p1a: Sableye|Sableye, L50, F|100/100
|switch|p1b: Ursaluna|Ursaluna-Bloodmoon, L50, M|100/100
|switch|p2a: Talonflame|Talonflame, L50, M|100/100
|switch|p2b: Incineroar|Incineroar, L50, M|100/100
|-ability|p2b: Incineroar|Intimidate|boost
|-unboost|p1a: Sableye|atk|1
|-unboost|p1b: Ursaluna|atk|1
|turn|1
|inactive|ycomoesel has 30 seconds left.
|inactive|MizzleWaterCooler has 30 seconds left.
|inactive|ycomoesel has 20 seconds left.
|
|t:|1756305674
|move|p2a: Talonflame|Tailwind|p2a: Talonflame
|-sidestart|p2: MizzleWaterCooler|move: Tailwind
|move|p1a: Sableye|Reflect|p1a: Sableye
|-sidestart|p1: ycomoesel|Reflect
|move|p2b: Incineroar|Knock Off|p1b: Ursaluna
|-damage|p1b: Ursaluna|83/100
|-enditem|p1b: Ursaluna|Assault Vest|[from] move: Knock Off|[of] p2b: Incineroar
|move|p1b: Ursaluna|Hyper Voice|p2b: Incineroar|[spread] p2a,p2b
|-damage|p2a: Talonflame|40/100
|-damage|p2b: Incineroar|69/100
|
|upkeep
|turn|2
|
|t:|1756305696
|move|p1a: Sableye|Light Screen|p1a: Sableye
|-sidestart|p1: ycomoesel|move: Light Screen
|move|p2a: Talonflame|Flare Blitz|p1a: Sableye
|-damage|p1a: Sableye|69/100
|-damage|p2a: Talonflame|29/100|[from] Recoil
|move|p2b: Incineroar|Parting Shot|p1b: Ursaluna
|-unboost|p1b: Ursaluna|atk|1
|-unboost|p1b: Ursaluna|spa|1
|
|t:|1756305711
|switch|p2b: Electabuzz|Electabuzz, L50, F|100/100|[from] Parting Shot
|move|p1b: Ursaluna|Hyper Voice|p2a: Talonflame|[spread] p2a,p2b
|-damage|p2a: Talonflame|0 fnt
|-damage|p2b: Electabuzz|80/100
|faint|p2a: Talonflame
|
|upkeep
|
|t:|1756305716
|switch|p2a: Ursaluna|Ursaluna-Bloodmoon, L50, M|100/100
|turn|3
|inactive|ycomoesel has 30 seconds left.
|
|t:|1756305747
|switch|p1b: Rillaboom|Rillaboom, L50, M|100/100
|-fieldstart|move: Grassy Terrain|[from] ability: Grassy Surge|[of] p1b: Rillaboom
|-terastallize|p2a: Ursaluna|Normal
|move|p2b: Electabuzz|Follow Me|p2b: Electabuzz
|-singleturn|p2b: Electabuzz|move: Follow Me
|move|p1a: Sableye|Taunt|p2b: Electabuzz
|-start|p2b: Electabuzz|move: Taunt
|move|p2a: Ursaluna|Blood Moon|p1b: Rillaboom
|-damage|p1b: Rillaboom|1/100
|-damage|p2a: Ursaluna|91/100|[from] item: Life Orb
|
|-heal|p2b: Electabuzz|85/100|[from] Grassy Terrain
|-heal|p2a: Ursaluna|97/100|[from] Grassy Terrain
|-heal|p1b: Rillaboom|7/100|[from] Grassy Terrain
|-heal|p1a: Sableye|74/100|[from] Grassy Terrain
|upkeep
|turn|4
|inactive|ycomoesel has 30 seconds left.
|
|t:|1756305776
|switch|p2b: Incineroar|Incineroar, L50, M|69/100
|-ability|p2b: Incineroar|Intimidate|boost
|-unboost|p1a: Sableye|atk|1
|-unboost|p1b: Rillaboom|atk|1
|move|p2a: Ursaluna|Protect|p2a: Ursaluna
|-singleturn|p2a: Ursaluna|Protect
|move|p1b: Rillaboom|Fake Out|p2a: Ursaluna
|-activate|p2a: Ursaluna|move: Protect
|move|p1a: Sableye|Disable|p2a: Ursaluna
|-activate|p2a: Ursaluna|move: Protect
|
|-heal|p2b: Incineroar|75/100|[from] Grassy Terrain
|-heal|p2a: Ursaluna|100/100|[from] Grassy Terrain
|-heal|p1b: Rillaboom|13/100|[from] Grassy Terrain
|-heal|p1a: Sableye|80/100|[from] Grassy Terrain
|-sideend|p2: MizzleWaterCooler|move: Tailwind
|upkeep
|turn|5
|inactive|MizzleWaterCooler has 30 seconds left.
|
|t:|1756305806
|switch|p1b: Dragonite|Dragonite, L50, M|100/100
|move|p1a: Sableye|Disable|p2a: Ursaluna
|-start|p2a: Ursaluna|Disable|Protect
|move|p2b: Incineroar|Flare Blitz|p1a: Sableye
|-damage|p1a: Sableye|44/100
|-damage|p2b: Incineroar|65/100|[from] Recoil
|move|p2a: Ursaluna|Hyper Voice|p1b: Dragonite|[spread] p1a,p1b
|-crit|p1b: Dragonite
|-damage|p1a: Sableye|0 fnt
|-damage|p1b: Dragonite|49/100
|faint|p1a: Sableye
|-damage|p2a: Ursaluna|91/100|[from] item: Life Orb
|
|-heal|p2b: Incineroar|71/100|[from] Grassy Terrain
|-heal|p2a: Ursaluna|97/100|[from] Grassy Terrain
|upkeep
|
|t:|1756305818
|switch|p1a: Rillaboom|Rillaboom, L50, M|13/100
|turn|6
|
|t:|1756305838
|switch|p2a: Electabuzz|Electabuzz, L50, F|85/100
|move|p1b: Dragonite|Scale Shot|p2a: Electabuzz
|-damage|p2a: Electabuzz|71/100
|-damage|p2a: Electabuzz|56/100
|-damage|p2a: Electabuzz|40/100
|-damage|p2a: Electabuzz|24/100
|-hitcount|p2a: Electabuzz|4
|-unboost|p1b: Dragonite|def|1
|-boost|p1b: Dragonite|spe|1
|move|p1a: Rillaboom|Wood Hammer|p2a: Electabuzz
|-damage|p2a: Electabuzz|0 fnt
|faint|p2a: Electabuzz
|-damage|p1a: Rillaboom|6/100|[from] Recoil
|move|p2b: Incineroar|Flare Blitz|p1a: Rillaboom
|-supereffective|p1a: Rillaboom
|-damage|p1a: Rillaboom|0 fnt
|faint|p1a: Rillaboom
|-damage|p2b: Incineroar|69/100|[from] Recoil
|
|-heal|p2b: Incineroar|75/100|[from] Grassy Terrain
|upkeep
|
|t:|1756305851
|switch|p2a: Ursaluna|Ursaluna-Bloodmoon, L50, M, tera:Normal|97/100
|switch|p1a: Ursaluna|Ursaluna-Bloodmoon, L50, M|83/100
|turn|7
|inactive|ycomoesel has 30 seconds left.
|inactive|MizzleWaterCooler has 30 seconds left.
|
|t:|1756305886
|move|p2a: Ursaluna|Protect|p2a: Ursaluna
|-singleturn|p2a: Ursaluna|Protect
|move|p1b: Dragonite|Scale Shot|p2a: Ursaluna
|-activate|p2a: Ursaluna|move: Protect
|move|p2b: Incineroar|Knock Off|p1b: Dragonite
|-damage|p1b: Dragonite|10/100
|-enditem|p1b: Dragonite|Loaded Dice|[from] move: Knock Off|[of] p2b: Incineroar
|move|p1a: Ursaluna|Earth Power|p2b: Incineroar
|-supereffective|p2b: Incineroar
|-damage|p2b: Incineroar|0 fnt
|faint|p2b: Incineroar
|
|-heal|p2a: Ursaluna|100/100|[from] Grassy Terrain
|-heal|p1a: Ursaluna|89/100|[from] Grassy Terrain
|-fieldend|move: Grassy Terrain
|upkeep
|turn|8
|
|t:|1756305910
|move|p1b: Dragonite|Scale Shot|p2a: Ursaluna
|-damage|p2a: Ursaluna|89/100
|-damage|p2a: Ursaluna|77/100
|-damage|p2a: Ursaluna|67/100
|-hitcount|p2a: Ursaluna|3
|-unboost|p1b: Dragonite|def|1
|-boost|p1b: Dragonite|spe|1
|move|p2a: Ursaluna|Blood Moon|p1a: Ursaluna
|-damage|p1a: Ursaluna|0 fnt
|faint|p1a: Ursaluna
|-damage|p2a: Ursaluna|57/100|[from] item: Life Orb
|
|-sideend|p1: ycomoesel|Reflect
|upkeep
|turn|9
|
|t:|1756305932
|move|p1b: Dragonite|Scale Shot|p2a: Ursaluna
|-damage|p2a: Ursaluna|46/100
|-damage|p2a: Ursaluna|36/100
|-damage|p2a: Ursaluna|25/100
|-damage|p2a: Ursaluna|15/100
|-hitcount|p2a: Ursaluna|4
|-unboost|p1b: Dragonite|def|1
|-boost|p1b: Dragonite|spe|1
|move|p2a: Ursaluna|Hyper Voice|p1b: Dragonite
|-crit|p1b: Dragonite
|-damage|p1b: Dragonite|0 fnt
|faint|p1b: Dragonite
|-damage|p2a: Ursaluna|5/100|[from] item: Life Orb
|
|win|MizzleWaterCooler
||MizzleWaterCooler is ready for game 2.
||ycomoesel is ready for game 2.
|uhtml|next|Next: Game 2 of 3
|l|â˜†ycomoesel
|player|p1|
