|j|☆shnipe_cizy
|j|☆dengonumber1fan
|html|shnipe_cizydengonumber1fan    
|uhtml|bestof|Game 2 of a best-of-3
|t:|1756072742
|gametype|doubles
|player|p1|shnipe_cizy|red|1279
|player|p2|dengonumber1fan|benga|1382
|gen|9
|tier|[Gen 9] VGC 2025 Reg H (Bo3)
|rated|
|rule|Species Clause: Limit one of each Pokémon
|rule|Item Clause: Limit 1 of each item
|clearpoke
|poke|p1|Dragonite, L50, F|
|poke|p1|Kingambit, L50, M|
|poke|p1|Sneasler, L50, M|
|poke|p1|Electabuzz, L50, F|
|poke|p1|Rillaboom, L50, M|
|poke|p1|Dondozo, L50, F|
|poke|p2|Incineroar, L50, F|
|poke|p2|Amoonguss, L50, F|
|poke|p2|Gholdengo, L50|
|poke|p2|Dragonite, L50, F|
|poke|p2|Annihilape, L50, F|
|poke|p2|Kingambit, L50, M|
|teampreview|4
|showteam|p1|Dragonite||LoadedDice|Multiscale|ScaleShot,ExtremeSpeed,Haze,Protect|||F|||50|,,,,,Steel]Kingambit||BlackGlasses|Defiant|KowtowCleave,SuckerPunch,SwordsDance,Protect|||M|||50|,,,,,Dark]Sneasler||FocusSash|PoisonTouch|DireClaw,CloseCombat,Coaching,FakeOut|||M|||50|,,,,,Ghost]Electabuzz||Eviolite|VitalSpirit|FollowMe,Electroweb,Taunt,Protect|||F|||50|,,,,,Ghost]Rillaboom||MiracleSeed|GrassySurge|WoodHammer,GrassyGlide,FakeOut,Protect|||M|||50|,,,,,Fire]Dondozo||Leftovers|Unaware|WaveCrash,Yawn,Fissure,Protect|||F|||50|,,,,,Flying
|showteam|p2|Incineroar||RockyHelmet|Intimidate|KnockOff,PartingShot,FlareBlitz,FakeOut|||F|||50|,,,,,Ghost]Amoonguss||SitrusBerry|Regenerator|Spore,RagePowder,PollenPuff,Protect|||F|||50|,,,,,Fairy]Gholdengo||LifeOrb|GoodasGold|MakeItRain,ShadowBall,NastyPlot,Protect||||||50|,,,,,Water]Dragonite||LoadedDice|Multiscale|ScaleShot,Tailwind,Haze,Protect|||F|||50|,,,,,Fairy]Annihilape||FocusSash|Defiant|CloseCombat,RageFist,Coaching,FinalGambit|||F|||50|,,,,,Stellar]Kingambit||AssaultVest|Defiant|KowtowCleave,SuckerPunch,LowKick,TeraBlast|||M|||50|,,,,,Flying
|inactive|Battle timer is ON: inactive players will automatically lose when time's up. (requested by dengonumber1fan)
|inactive|shnipe_cizy has 60 seconds left.
|inactive|dengonumber1fan has 60 seconds left.
|
|t:|1756072775
|teamsize|p1|4
|teamsize|p2|4
|start
|switch|p1a: Kingambit|Kingambit, L50, M|100/100
|switch|p1b: Electabuzz|Electabuzz, L50, F|100/100
|switch|p2a: Dragonite|Dragonite, L50, F|100/100
|switch|p2b: Incineroar|Incineroar, L50, F|100/100
|-ability|p2b: Incineroar|Intimidate|boost
|-unboost|p1a: Kingambit|atk|1
|-ability|p1a: Kingambit|Defiant|boost
|-boost|p1a: Kingambit|atk|2
|-unboost|p1b: Electabuzz|atk|1
|turn|1
|
|t:|1756072800
|-terastallize|p1a: Kingambit|Dark
|move|p2b: Incineroar|Fake Out|p1a: Kingambit
|-damage|p1a: Kingambit|90/100
|move|p1b: Electabuzz|Taunt|p2a: Dragonite
|-start|p2a: Dragonite|move: Taunt
|move|p2a: Dragonite|Scale Shot|p1b: Electabuzz
|-damage|p1b: Electabuzz|87/100
|-damage|p1b: Electabuzz|72/100
|-damage|p1b: Electabuzz|56/100
|-damage|p1b: Electabuzz|43/100
|-crit|p1b: Electabuzz
|-damage|p1b: Electabuzz|21/100
|-hitcount|p1b: Electabuzz|5
|-unboost|p2a: Dragonite|def|1
|-boost|p2a: Dragonite|spe|1
|cant|p1a: Kingambit|flinch
|
|upkeep
|turn|2
|inactive|dengonumber1fan has 30 seconds left.
|
|t:|1756072834
|switch|p2a: Kingambit|Kingambit, L50, M|100/100
|move|p1b: Electabuzz|Electroweb|p2a: Kingambit|[spread] p2a,p2b
|-damage|p2a: Kingambit|92/100
|-damage|p2b: Incineroar|87/100
|-unboost|p2a: Kingambit|spe|1
|-ability|p2a: Kingambit|Defiant|boost
|-boost|p2a: Kingambit|atk|2
|-unboost|p2b: Incineroar|spe|1
|move|p1a: Kingambit|Kowtow Cleave|p2a: Kingambit
|-resisted|p2a: Kingambit
|-damage|p2a: Kingambit|45/100
|move|p2b: Incineroar|Knock Off|p1b: Electabuzz
|-damage|p1b: Electabuzz|0 fnt
|-enditem|p1b: Electabuzz|Eviolite|[from] move: Knock Off|[of] p2b: Incineroar
|faint|p1b: Electabuzz
|
|upkeep
|
|t:|1756072849
|switch|p1b: Sneasler|Sneasler, L50, M|100/100
|turn|3
|
|t:|1756072869
|switch|p2b: Dragonite|Dragonite, L50, F|100/100
|move|p2a: Kingambit|Sucker Punch||[still]
|-fail|p2a: Kingambit
|move|p1b: Sneasler|Dire Claw|p2b: Dragonite
|-damage|p2b: Dragonite|78/100
|-status|p2b: Dragonite|psn
|move|p1a: Kingambit|Swords Dance|p1a: Kingambit
|-boost|p1a: Kingambit|atk|2
|
|-damage|p2b: Dragonite|66/100 psn|[from] psn
|upkeep
|turn|4
|inactive|shnipe_cizy has 30 seconds left.
|
|t:|1756072895
|switch|p2a: Incineroar|Incineroar, L50, F|87/100
|-ability|p2a: Incineroar|Intimidate|boost
|-unboost|p1a: Kingambit|atk|1
|-ability|p1a: Kingambit|Defiant|boost
|-boost|p1a: Kingambit|atk|2
|-unboost|p1b: Sneasler|atk|1
|move|p1b: Sneasler|Dire Claw|p2b: Dragonite
|-damage|p2b: Dragonite|31/100 psn
|move|p2b: Dragonite|Haze|p2b: Dragonite
|-clearallboost
|move|p1a: Kingambit|Kowtow Cleave|p2a: Incineroar
|-resisted|p2a: Incineroar
|-damage|p2a: Incineroar|49/100
|-damage|p1a: Kingambit|74/100|[from] item: Rocky Helmet|[of] p2a: Incineroar
|
|-damage|p2b: Dragonite|19/100 psn|[from] psn
|upkeep
|turn|5
|inactive|dengonumber1fan has 30 seconds left.
|
|t:|1756072925
|switch|p1b: Dondozo|Dondozo, L50, F|100/100
|move|p2a: Incineroar|Fake Out|p1b: Dondozo
|-damage|p1b: Dondozo|93/100
|move|p1a: Kingambit|Sucker Punch||[still]
|-fail|p1a: Kingambit
|move|p2b: Dragonite|Tailwind|p2b: Dragonite
|-sidestart|p2: dengonumber1fan|move: Tailwind
|
|-heal|p1b: Dondozo|99/100|[from] item: Leftovers
|-damage|p2b: Dragonite|7/100 psn|[from] psn
|upkeep
|turn|6
|inactive|shnipe_cizy has 30 seconds left.
|
|t:|1756072950
|move|p2b: Dragonite|Scale Shot|p1a: Kingambit
|-damage|p1a: Kingambit|64/100
|-damage|p1a: Kingambit|53/100
|-damage|p1a: Kingambit|43/100
|-damage|p1a: Kingambit|33/100
|-hitcount|p1a: Kingambit|4
|-unboost|p2b: Dragonite|def|1
|-boost|p2b: Dragonite|spe|1
|move|p2a: Incineroar|Knock Off|p1b: Dondozo
|-damage|p1b: Dondozo|71/100
|-enditem|p1b: Dondozo|Leftovers|[from] move: Knock Off|[of] p2a: Incineroar
|move|p1a: Kingambit|Kowtow Cleave|p2a: Incineroar
|-resisted|p2a: Incineroar
|-damage|p2a: Incineroar|13/100
|-damage|p1a: Kingambit|16/100|[from] item: Rocky Helmet|[of] p2a: Incineroar
|move|p1b: Dondozo|Yawn||[still]
|-fail|p1b: Dondozo
|
|-damage|p2b: Dragonite|0 fnt|[from] psn
|faint|p2b: Dragonite
|upkeep
|
|t:|1756072975
|switch|p2b: Annihilape|Annihilape, L50, F|100/100
|turn|7
|inactive|dengonumber1fan has 30 seconds left.
|
|t:|1756073008
|move|p1a: Kingambit|Sucker Punch|p2b: Annihilape
|-damage|p2b: Annihilape|24/100
|move|p2b: Annihilape|Close Combat|p1b: Dondozo
|-damage|p1b: Dondozo|34/100
|-unboost|p2b: Annihilape|def|1
|-unboost|p2b: Annihilape|spd|1
|move|p2a: Incineroar|Parting Shot|p1b: Dondozo
|-unboost|p1b: Dondozo|atk|1
|-unboost|p1b: Dondozo|spa|1
|
|t:|1756073017
|switch|p2a: Kingambit|Kingambit, L50, M|45/100|[from] Parting Shot
|move|p1b: Dondozo|Wave Crash|p2b: Annihilape
|-damage|p2b: Annihilape|0 fnt
|faint|p2b: Annihilape
|-damage|p1b: Dondozo|28/100|[from] Recoil
|
|upkeep
|
|t:|1756073024
|switch|p2b: Incineroar|Incineroar, L50, F|13/100
|-ability|p2b: Incineroar|Intimidate|boost
|-unboost|p1a: Kingambit|atk|1
|-ability|p1a: Kingambit|Defiant|boost
|-boost|p1a: Kingambit|atk|2
|-unboost|p1b: Dondozo|atk|1
|turn|8
|inactive|dengonumber1fan has 30 seconds left.
|
|t:|1756073056
|move|p1a: Kingambit|Protect|p1a: Kingambit
|-singleturn|p1a: Kingambit|Protect
|move|p1b: Dondozo|Protect|p1b: Dondozo
|-singleturn|p1b: Dondozo|Protect
|move|p2b: Incineroar|Fake Out|p1a: Kingambit
|-activate|p1a: Kingambit|move: Protect
|move|p2a: Kingambit|Kowtow Cleave|p1b: Dondozo
|-activate|p1b: Dondozo|move: Protect
|
|-sideend|p2: dengonumber1fan|move: Tailwind
|upkeep
|turn|9
|
|t:|1756073079
|-terastallize|p2a: Kingambit|Flying
|move|p2a: Kingambit|Sucker Punch|p1a: Kingambit
|-resisted|p1a: Kingambit
|-damage|p1a: Kingambit|2/100
|move|p1a: Kingambit|Sucker Punch|p2b: Incineroar
|-resisted|p2b: Incineroar
|-damage|p2b: Incineroar|0 fnt
|-damage|p1a: Kingambit|0 fnt|[from] item: Rocky Helmet|[of] p2b: Incineroar
|faint|p2b: Incineroar
|faint|p1a: Kingambit
|move|p1b: Dondozo|Yawn|p2a: Kingambit
|-start|p2a: Kingambit|move: Yawn|[of] p1b: Dondozo
|
|upkeep
|
|t:|1756073085
|switch|p1a: Sneasler|Sneasler, L50, M|100/100
|turn|10
|
|t:|1756073093
|move|p1a: Sneasler|Fake Out|p2a: Kingambit
|-damage|p2a: Kingambit|35/100
|cant|p2a: Kingambit|flinch
|move|p1b: Dondozo|Wave Crash|p2a: Kingambit
|-damage|p2a: Kingambit|19/100
|-damage|p1b: Dondozo|24/100|[from] Recoil
|
|-end|p2a: Kingambit|move: Yawn|[silent]
|-status|p2a: Kingambit|slp
|upkeep
|turn|11
|
|t:|1756073098
|cant|p2a: Kingambit|slp
|move|p1a: Sneasler|Dire Claw|p2a: Kingambit
|-damage|p2a: Kingambit|0 fnt
|faint|p2a: Kingambit
|
|win|shnipe_cizy
|raw|shnipe_cizy's rating: 1279 → 1311(+32 for winning)
|raw|dengonumber1fan's rating: 1382 → 1356(-26 for losing)
|c|☆shnipe_cizy|gg
|c|☆dengonumber1fan|ggs
|l|☆dengonumber1fan
|player|p2|
