|j|☆regalac3
|j|☆glotis
|html|regalac3glotis    
|uhtml|bestof|Game 1 of a best-of-3
|t:|1757027694
|gametype|doubles
|player|p1|regalac3|n|1051
|player|p2|glotis|linebacker|1018
|gen|9
|tier|[Gen 9] VGC 2025 Reg H (Bo3)
|rated|
|rule|Species Clause: Limit one of each Pokémon
|rule|Item Clause: Limit 1 of each item
|clearpoke
|poke|p1|Pelipper, L50, M|
|poke|p1|Basculegion, L50, M|
|poke|p1|Archaludon, L50, M|
|poke|p1|Annihilape, L50, F|
|poke|p1|Rillaboom, L50, F|
|poke|p1|Maushold-Four, L50|
|poke|p2|Chesnaught, L50, M|
|poke|p2|Blaziken, L50, M|
|poke|p2|Swampert, L50, M|
|poke|p2|Salamence, L50, M|
|poke|p2|Braviary, L50, M|
|poke|p2|Breloom, L50, M|
|teampreview|4
|showteam|p1|Pelipper||FocusSash|Drizzle|Hurricane,WeatherBall,WideGuard,Protect|||M|||50|,,,,,Stellar]Basculegion||LifeOrb|SwiftSwim|WaveCrash,LastRespects,AquaJet,Protect|||M|||50|,,,,,Water]Archaludon||AssaultVest|Stamina|FlashCannon,DracoMeteor,ElectroShot,BodyPress|||M|||50|,,,,,Bug]Annihilape||Leftovers|Defiant|RageFist,DrainPunch,BulkUp,Protect|||F|||50|,,,,,Fire]Rillaboom||LoadedDice|GrassySurge|BulletSeed,GrassyGlide,HighHorsepower,FakeOut|||F|||50|,,,,,Water]Maushold-Four||SafetyGoggles|FriendGuard|BeatUp,FollowMe,Taunt,Protect||||||50|,,,,,Ghost
|showteam|p2|Chesnaught||Leftovers|Bulletproof|LeechSeed,BodyPress,Coaching,WideGuard|||M|||50|,,,,,Fire]Blaziken||FocusSash|SpeedBoost|BlazeKick,Coaching,Protect,CloseCombat|||M|||50|,,,,,Dark]Swampert||AssaultVest|Torrent|Waterfall,BodyPress,Earthquake,FlipTurn|||M|||50|,,,,,Water]Salamence||ClearAmulet|Intimidate|Protect,DragonClaw,DualWingbeat,Tailwind|||M|||50|,,,,,Steel]Braviary||CovertCloak|Defiant|BulkUp,Protect,BodySlam,RockSlide|||M|||50|,,,,,Normal]Breloom||SitrusBerry|Technician|BulletSeed,Spore,Protect,SwordsDance|||M|||50|,,,,,Dark
|inactive|Battle timer is ON: inactive players will automatically lose when time's up. (requested by glotis)
|inactive|regalac3 also wants the timer to be on.
|inactive|glotis has 60 seconds left.
|
|t:|1757027729
|teamsize|p1|4
|teamsize|p2|4
|start
|switch|p1a: Annihilape|Annihilape, L50, F|100/100
|switch|p1b: Maushold|Maushold-Four, L50|100/100
|switch|p2a: Chesnaught|Chesnaught, L50, M|100/100
|switch|p2b: Blaziken|Blaziken, L50, M|100/100
|turn|1
|inactive|regalac3 has 30 seconds left.
|
|t:|1757027756
|move|p1b: Maushold|Beat Up|p1a: Annihilape
|-damage|p1a: Annihilape|98/100
|-damage|p1a: Annihilape|96/100
|-damage|p1a: Annihilape|94/100
|-crit|p1a: Annihilape
|-damage|p1a: Annihilape|90/100
|-hitcount|p1a: Annihilape|4
|move|p1a: Annihilape|Rage Fist|p2a: Chesnaught
|-damage|p2a: Chesnaught|46/100
|move|p2b: Blaziken|Coaching|p2a: Chesnaught
|-boost|p2a: Chesnaught|atk|1
|-boost|p2a: Chesnaught|def|1
|move|p2a: Chesnaught|Leech Seed|p1b: Maushold
|-start|p1b: Maushold|move: Leech Seed
|
|-heal|p1a: Annihilape|97/100|[from] item: Leftovers
|-heal|p2a: Chesnaught|52/100|[from] item: Leftovers
|-damage|p1b: Maushold|88/100|[from] Leech Seed|[of] p2a: Chesnaught
|-heal|p2a: Chesnaught|64/100|[silent]
|-ability|p2b: Blaziken|Speed Boost|boost
|-boost|p2b: Blaziken|spe|1
|upkeep
|turn|2
|
|t:|1757027782
|move|p2b: Blaziken|Coaching|p2a: Chesnaught
|-boost|p2a: Chesnaught|atk|1
|-boost|p2a: Chesnaught|def|1
|move|p1b: Maushold|Taunt|p2b: Blaziken
|-start|p2b: Blaziken|move: Taunt
|move|p1a: Annihilape|Rage Fist|p2a: Chesnaught
|-damage|p2a: Chesnaught|34/100
|move|p2a: Chesnaught|Leech Seed|p1a: Annihilape
|-start|p1a: Annihilape|move: Leech Seed
|
|-heal|p1a: Annihilape|100/100|[from] item: Leftovers
|-heal|p2a: Chesnaught|40/100|[from] item: Leftovers
|-damage|p1b: Maushold|76/100|[from] Leech Seed|[of] p2a: Chesnaught
|-heal|p2a: Chesnaught|51/100|[silent]
|-damage|p1a: Annihilape|88/100|[from] Leech Seed|[of] p2a: Chesnaught
|-heal|p2a: Chesnaught|65/100|[silent]
|-ability|p2b: Blaziken|Speed Boost|boost
|-boost|p2b: Blaziken|spe|1
|upkeep
|turn|3
|inactive|regalac3 has 30 seconds left.
|
|t:|1757027809
|-terastallize|p1b: Maushold|Ghost
|move|p1b: Maushold|Follow Me|p1b: Maushold
|-singleturn|p1b: Maushold|move: Follow Me
|move|p2b: Blaziken|Blaze Kick|p1b: Maushold
|-crit|p1b: Maushold
|-damage|p1b: Maushold|13/100
|move|p1a: Annihilape|Rage Fist|p2b: Blaziken
|-enditem|p2b: Blaziken|Focus Sash
|-damage|p2b: Blaziken|1/100
|move|p2a: Chesnaught|Body Press|p1b: Maushold
|-immune|p1b: Maushold
|
|-heal|p1a: Annihilape|94/100|[from] item: Leftovers
|-heal|p2a: Chesnaught|71/100|[from] item: Leftovers
|-damage|p1b: Maushold|1/100|[from] Leech Seed|[of] p2a: Chesnaught
|-heal|p2a: Chesnaught|82/100|[silent]
|-damage|p1a: Annihilape|82/100|[from] Leech Seed|[of] p2a: Chesnaught
|-heal|p2a: Chesnaught|95/100|[silent]
|-ability|p2b: Blaziken|Speed Boost|boost
|-boost|p2b: Blaziken|spe|1
|upkeep
|turn|4
|inactive|glotis has 30 seconds left.
|
|t:|1757027836
|switch|p1b: Rillaboom|Rillaboom, L50, F|100/100
|-fieldstart|move: Grassy Terrain|[from] ability: Grassy Surge|[of] p1b: Rillaboom
|move|p1a: Annihilape|Protect|p1a: Annihilape
|-singleturn|p1a: Annihilape|Protect
|move|p2b: Blaziken|Blaze Kick|p1b: Rillaboom
|-supereffective|p1b: Rillaboom
|-damage|p1b: Rillaboom|36/100
|move|p2a: Chesnaught|Body Press|p1a: Annihilape
|-activate|p1a: Annihilape|move: Protect
|
|-heal|p2b: Blaziken|7/100|[from] Grassy Terrain
|-heal|p1a: Annihilape|88/100|[from] Grassy Terrain
|-heal|p1a: Annihilape|94/100|[from] item: Leftovers
|-heal|p1b: Rillaboom|42/100|[from] Grassy Terrain
|-heal|p2a: Chesnaught|100/100|[from] Grassy Terrain
|-damage|p1a: Annihilape|82/100|[from] Leech Seed|[of] p2a: Chesnaught
|-ability|p2b: Blaziken|Speed Boost|boost
|-boost|p2b: Blaziken|spe|1
|upkeep
|turn|5
|
|t:|1757027853
|move|p1b: Rillaboom|Fake Out|p2b: Blaziken
|-damage|p2b: Blaziken|0 fnt
|faint|p2b: Blaziken
|move|p1a: Annihilape|Bulk Up|p1a: Annihilape
|-boost|p1a: Annihilape|atk|1
|-boost|p1a: Annihilape|def|1
|move|p2a: Chesnaught|Body Press|p1b: Rillaboom
|-damage|p1b: Rillaboom|0 fnt
|faint|p1b: Rillaboom
|
|-heal|p1a: Annihilape|88/100|[from] Grassy Terrain
|-heal|p1a: Annihilape|94/100|[from] item: Leftovers
|-damage|p1a: Annihilape|82/100|[from] Leech Seed|[of] p2a: Chesnaught
|upkeep
|
|t:|1757027867
|switch|p2b: Breloom|Breloom, L50, M, shiny|100/100
|switch|p1b: Maushold|Maushold-Four, L50, tera:Ghost|1/100
|turn|6
|
|t:|1757027886
|move|p2b: Breloom|Protect|p2b: Breloom
|-singleturn|p2b: Breloom|Protect
|move|p1b: Maushold|Beat Up|p1a: Annihilape
|-damage|p1a: Annihilape|80/100
|-damage|p1a: Annihilape|78/100
|-damage|p1a: Annihilape|76/100
|-hitcount|p1a: Annihilape|3
|move|p1a: Annihilape|Rage Fist|p2b: Breloom
|-activate|p2b: Breloom|move: Protect
|move|p2a: Chesnaught|Coaching|p2b: Breloom
|-boost|p2b: Breloom|atk|1
|-boost|p2b: Breloom|def|1
|
|-heal|p1b: Maushold|7/100|[from] Grassy Terrain
|-heal|p1a: Annihilape|83/100|[from] Grassy Terrain
|-heal|p1a: Annihilape|89/100|[from] item: Leftovers
|-damage|p1a: Annihilape|76/100|[from] Leech Seed|[of] p2a: Chesnaught
|upkeep
|turn|7
|
|t:|1757027899
|-terastallize|p2b: Breloom|Dark
|move|p1b: Maushold|Taunt|p2a: Chesnaught
|-start|p2a: Chesnaught|move: Taunt
|move|p1a: Annihilape|Rage Fist|p2b: Breloom
|-resisted|p2b: Breloom
|-damage|p2b: Breloom|5/100
|-enditem|p2b: Breloom|Sitrus Berry|[eat]
|-heal|p2b: Breloom|29/100|[from] item: Sitrus Berry
|move|p2b: Breloom|Spore|p1a: Annihilape
|-status|p1a: Annihilape|slp|[from] move: Spore
|cant|p2a: Chesnaught|move: Taunt|Coaching
|
|-heal|p1b: Maushold|13/100|[from] Grassy Terrain
|-heal|p1a: Annihilape|83/100 slp|[from] Grassy Terrain
|-heal|p1a: Annihilape|89/100 slp|[from] item: Leftovers
|-heal|p2b: Breloom|35/100|[from] Grassy Terrain
|-damage|p1a: Annihilape|76/100 slp|[from] Leech Seed|[of] p2a: Chesnaught
|upkeep
|turn|8
|
|t:|1757027918
|move|p1b: Maushold|Taunt|p2b: Breloom
|-start|p2b: Breloom|move: Taunt
|cant|p1a: Annihilape|slp
|move|p2b: Breloom|Bullet Seed|p1b: Maushold
|-damage|p1b: Maushold|0 fnt
|faint|p1b: Maushold
|-hitcount|p1: Maushold|1
|move|p2a: Chesnaught|Body Press|p1a: Annihilape
|-immune|p1a: Annihilape
|
|-heal|p1a: Annihilape|83/100 slp|[from] Grassy Terrain
|-heal|p1a: Annihilape|89/100 slp|[from] item: Leftovers
|-heal|p2b: Breloom|41/100|[from] Grassy Terrain
|-damage|p1a: Annihilape|76/100 slp|[from] Leech Seed|[of] p2a: Chesnaught
|-fieldend|move: Grassy Terrain
|upkeep
|
|t:|1757027925
|switch|p1b: Archaludon|Archaludon, L50, M|100/100
|turn|9
|
|t:|1757027939
|cant|p1a: Annihilape|slp
|move|p2b: Breloom|Bullet Seed|p1a: Annihilape
|-damage|p1a: Annihilape|59/100 slp
|-damage|p1a: Annihilape|41/100 slp
|-damage|p1a: Annihilape|23/100 slp
|-damage|p1a: Annihilape|6/100 slp
|-hitcount|p1a: Annihilape|4
|move|p1b: Archaludon|Flash Cannon|p2a: Chesnaught
|-damage|p2a: Chesnaught|55/100
|move|p2a: Chesnaught|Body Press|p1b: Archaludon
|-supereffective|p1b: Archaludon
|-damage|p1b: Archaludon|0 fnt
|faint|p1b: Archaludon
|
|-heal|p1a: Annihilape|12/100 slp|[from] item: Leftovers
|-heal|p2a: Chesnaught|62/100|[from] item: Leftovers
|-damage|p1a: Annihilape|0 fnt|[from] Leech Seed|[of] p2a: Chesnaught
|-heal|p2a: Chesnaught|74/100|[silent]
|faint|p1a: Annihilape
|
|win|glotis
