|j|☆Storm VGC Official
|j|☆magic 561
|html|Storm VGC Officialmagic 561    
|uhtml|bestof|Game 1 of a best-of-3
|t:|1782215249
|gametype|doubles
|player|p1|Storm VGC Official|169|1175
|player|p2|magic 561|colress|1307
|gen|9
|tier|[Gen 9 Champions] VGC 2026 Reg M-B (Bo3)
|rated|
|rule|Species Clause: Limit one of each Pokémon
|rule|Item Clause: Limit 1 of each item
|clearpoke
|poke|p1|Swampert, L50, M|
|poke|p1|Pelipper, L50, F|
|poke|p1|Incineroar, L50, M|
|poke|p1|Sinistcha, L50|
|poke|p1|Archaludon, L50, F|
|poke|p1|Floette-Eternal, L50, F|
|poke|p2|Glimmora, L50, F|
|poke|p2|Hydreigon, L50, F|
|poke|p2|Basculegion, L50, M|
|poke|p2|Whimsicott, L50, F|
|poke|p2|Staraptor, L50, M|
|poke|p2|Farigiraf, L50, M|
|teampreview|4
|showteam|p1|Swampert||Swampertite|Torrent|WaveCrash,IcePunch,Protect,Earthquake|Adamant||M|||50|]Pelipper||DampRock|Drizzle|Hurricane,WeatherBall,Protect,Tailwind|Timid||F|||50|]Incineroar||SitrusBerry|Intimidate|FlareBlitz,ThroatChop,PartingShot,FakeOut|Careful||M|||50|]Sinistcha||FocusSash|Hospitality|MatchaGotcha,Protect,RagePowder,TrickRoom|Calm|||||50|]Archaludon||Leftovers|Stamina|DragonPulse,ElectroShot,Protect,FlashCannon|Modest||F|||50|]Floette-Eternal||Floettite|FlowerVeil|Moonblast,DazzlingGleam,Protect,CalmMind|Modest||F|||50|
|showteam|p2|Glimmora||Glimmoranite|ToxicDebris|SludgeBomb,PowerGem,SpikyShield,EarthPower|Modest||F|||50|]Hydreigon||LifeOrb|Levitate|DracoMeteor,DarkPulse,EarthPower,Protect|Modest||F|||50|]Basculegion||MysticWater|Adaptability|WaveCrash,LastRespects,AquaJet,Protect|Adamant||M|||50|]Whimsicott||FocusSash|Prankster|Tailwind,Moonblast,Encore,Protect|Timid||F|||50|]Staraptor||Staraptite|Intimidate|CloseCombat,BraveBird,Roost,Protect|Adamant||M|||50|]Farigiraf||ColburBerry|ArmorTail|HyperVoice,Psychic,TrickRoom,Protect|Modest||M|||50|
|inactive|Battle timer is ON: inactive players will automatically lose when time's up. (requested by magic 561)
|inactive|Storm VGC Official has 60 seconds left.
|
|t:|1782215302
|teamsize|p1|4
|teamsize|p2|4
|start
|switch|p1a: Swampert|Swampert, L50, M|100/100
|switch|p1b: Archaludon|Archaludon, L50, F|100/100
|switch|p2a: Whimsicott|Whimsicott, L50, F|100/100
|switch|p2b: Glimmora|Glimmora, L50, F|100/100
|turn|1
|inactive|Storm VGC Official has 30 seconds left.
|inactive|Storm VGC Official has 20 seconds left.
|inactive|Storm VGC Official has 15 seconds left.
|inactive|Storm VGC Official has 10 seconds left.
|
|t:|1782215349
|switch|p2b: Hydreigon|Hydreigon, L50, F|100/100
|switch|p1b: Pelipper|Pelipper, L50, F|100/100
|-weather|RainDance|[from] ability: Drizzle|[of] p1b: Pelipper
|detailschange|p1a: Swampert|Swampert-Mega, L50, M
|-mega|p1a: Swampert|Swampert|Swampertite
|move|p1a: Swampert|Ice Punch|p2a: Whimsicott
|-supereffective|p2a: Whimsicott|1
|-damage|p2a: Whimsicott|15/100
|-status|p2a: Whimsicott|frz
|cant|p2a: Whimsicott|frz
|
|-weather|RainDance|[upkeep]
|upkeep
|turn|2
|inactive|Storm VGC Official has 30 seconds left.
|
|t:|1782215376
|cant|p2a: Whimsicott|frz
|move|p1a: Swampert|Ice Punch|p2b: Hydreigon
|-supereffective|p2b: Hydreigon|1
|-damage|p2b: Hydreigon|26/100
|move|p2b: Hydreigon|Draco Meteor|p1b: Pelipper
|-damage|p1b: Pelipper|0 fnt
|-unboost|p2b: Hydreigon|spa|2
|faint|p1b: Pelipper
|-damage|p2b: Hydreigon|17/100|[from] item: Life Orb
|
|-weather|RainDance|[upkeep]
|upkeep
|
|t:|1782215394
|switch|p1b: Archaludon|Archaludon, L50, F|100/100
|turn|3
|
|t:|1782215405
|-curestatus|p2a: Whimsicott|frz|[msg]
|move|p2a: Whimsicott|Tailwind|p2a: Whimsicott
|-sidestart|p2: magic 561|move: Tailwind
|move|p2b: Hydreigon|Draco Meteor|p1b: Archaludon
|-damage|p1b: Archaludon|34/100
|-unboost|p2b: Hydreigon|spa|2
|-ability|p1b: Archaludon|Stamina|boost
|-boost|p1b: Archaludon|def|1
|-damage|p2b: Hydreigon|7/100|[from] item: Life Orb
|move|p1a: Swampert|Ice Punch|p2b: Hydreigon
|-supereffective|p2b: Hydreigon|1
|-damage|p2b: Hydreigon|0 fnt
|faint|p2b: Hydreigon
|move|p1b: Archaludon|Electro Shot||[still]
|-prepare|p1b: Archaludon|Electro Shot
|-boost|p1b: Archaludon|spa|1
|-anim|p1b: Archaludon|Electro Shot|p2a: Whimsicott
|-resisted|p2a: Whimsicott|1
|-damage|p2a: Whimsicott|0 fnt
|faint|p2a: Whimsicott
|
|-weather|RainDance|[upkeep]
|-heal|p1b: Archaludon|41/100|[from] item: Leftovers
|upkeep
|
|t:|1782215409
|switch|p2a: Glimmora|Glimmora, L50, F|100/100
|switch|p2b: Basculegion|Basculegion, L50, M|100/100
|turn|4
|inactive|Storm VGC Official has 30 seconds left.
|inactive|Storm VGC Official has 20 seconds left.
|inactive|Storm VGC Official has 15 seconds left.
|inactive|Storm VGC Official has 10 seconds left.
|
|t:|1782215455
|detailschange|p2a: Glimmora|Glimmora-Mega, L50, F
|-mega|p2a: Glimmora|Glimmora|Glimmoranite
|move|p1a: Swampert|Protect|p1a: Swampert
|-singleturn|p1a: Swampert|Protect
|move|p1b: Archaludon|Protect|p1b: Archaludon
|-singleturn|p1b: Archaludon|Protect
|move|p2a: Glimmora|Earth Power|p1b: Archaludon
|-activate|p1b: Archaludon|move: Protect
|move|p2b: Basculegion|Wave Crash|p1a: Swampert
|-activate|p1a: Swampert|move: Protect
|
|-weather|RainDance|[upkeep]
|-heal|p1b: Archaludon|47/100|[from] item: Leftovers
|upkeep
|turn|5
|inactive|Storm VGC Official has 30 seconds left.
|
|t:|1782215489
|switch|p1a: Sinistcha|Sinistcha, L50|100/100
|-heal|p1b: Archaludon|72/100|[from] ability: Hospitality|[of] p1a: Sinistcha
|move|p2a: Glimmora|Spiky Shield|p2a: Glimmora
|-singleturn|p2a: Glimmora|move: Protect
|move|p2b: Basculegion|Last Respects|p1b: Archaludon
|-damage|p1b: Archaludon|21/100
|-ability|p1b: Archaludon|Stamina|boost
|-boost|p1b: Archaludon|def|1
|move|p1b: Archaludon|Electro Shot||[still]
|-prepare|p1b: Archaludon|Electro Shot
|-boost|p1b: Archaludon|spa|1
|-anim|p1b: Archaludon|Electro Shot|p2b: Basculegion
|-supereffective|p2b: Basculegion|1
|-damage|p2b: Basculegion|0 fnt
|faint|p2b: Basculegion
|
|-weather|RainDance|[upkeep]
|-heal|p1b: Archaludon|27/100|[from] item: Leftovers
|upkeep
|turn|6
|-message|magic 561 forfeited.
|
|win|Storm VGC Official
||magic 561 is ready for game 2.
|inactive|Storm VGC Official has 30 seconds to confirm battle start!
|l|☆Storm VGC Official
|player|p1|
||Storm VGC Official is ready for game 2.
|uhtml|next|Next: Game 2 of 3
