|j|☆ZeGaboVGC
|j|☆speedyturtle87
|html|ZeGaboVGCspeedyturtle87    
|uhtml|bestof|Game 1 of a best-of-3
|t:|1757086742
|gametype|doubles
|player|p1|ZeGaboVGC|benga|1209
|player|p2|speedyturtle87|carmine|1119
|gen|9
|tier|[Gen 9] VGC 2025 Reg H (Bo3)
|rated|
|rule|Species Clause: Limit one of each Pokémon
|rule|Item Clause: Limit 1 of each item
|clearpoke
|poke|p1|Incineroar, L50, F|
|poke|p1|Amoonguss, L50, F|
|poke|p1|Ursaluna-Bloodmoon, L50, M|
|poke|p1|Sneasler, L50, M|
|poke|p1|Gholdengo, L50|
|poke|p1|Dragonite, L50, M|
|poke|p2|Tyranitar, L50, F|
|poke|p2|Excadrill, L50, M|
|poke|p2|Reuniclus, L50, M|
|poke|p2|Indeedee-F, L50, F|
|poke|p2|Houndstone, L50, M|
|poke|p2|Staraptor, L50, F|
|teampreview|4
|showteam|p1|Incineroar||SafetyGoggles|Intimidate|FlareBlitz,KnockOff,PartingShot,FakeOut|||F|||50|,,,,,Ghost]Amoonguss||SitrusBerry|Regenerator|Spore,RagePowder,PollenPuff,Protect|||F|||50|,,,,,Dark]Ursaluna-Bloodmoon||AssaultVest|MindsEye|HyperVoice,BloodMoon,EarthPower,VacuumWave|||M|||50|,,,,,Water]Sneasler||FocusSash|Unburden|CloseCombat,DireClaw,ThroatChop,Protect|||M|||50|,,,,,Stellar]Gholdengo||LifeOrb|GoodasGold|MakeItRain,ShadowBall,NastyPlot,Protect||||||50|,,,,,Water]Dragonite||LoadedDice|Multiscale|ScaleShot,Tailwind,Haze,Protect|||M|||50|,,,,,Fairy
|showteam|p2|Tyranitar||AssaultVest|SandStream|RockSlide,TeraBlast,KnockOff,LowKick|||F|||50|,,,,,Flying]Excadrill||ClearAmulet|SandRush|HighHorsepower,IronHead,Earthquake,Protect|||M|||50|,,,,,Ghost]Reuniclus||LifeOrb|MagicGuard|ExpandingForce,TeraBlast,TrickRoom,Protect|||M|||50|,,,,,Fighting]Indeedee-F||SafetyGoggles|PsychicSurge|HelpingHand,Psychic,TrickRoom,FollowMe|||F|||50|,,,,,Fairy]Houndstone||FocusSash|SandRush|WillOWisp,Howl,LastRespects,Protect|||M|||50|,,,,,Ghost]Staraptor||ChoiceScarf|Intimidate|Uturn,FinalGambit,CloseCombat,BraveBird|||F|||50|,,,,,Flying
|inactive|Battle timer is ON: inactive players will automatically lose when time's up. (requested by ZeGaboVGC)
|inactive|speedyturtle87 also wants the timer to be on.
|c|☆speedyturtle87|glhf
|c|☆ZeGaboVGC|same!
|inactive|ZeGaboVGC has 60 seconds left.
|inactive|speedyturtle87 has 60 seconds left.
|inactive|ZeGaboVGC has 30 seconds left.
|inactive|speedyturtle87 has 30 seconds left.
|inactive|ZeGaboVGC has 20 seconds left.
|
|t:|1757086816
|teamsize|p1|4
|teamsize|p2|4
|start
|switch|p1a: Ursaluna|Ursaluna-Bloodmoon, L50, M|100/100
|switch|p1b: Incineroar|Incineroar, L50, F|100/100
|switch|p2a: Staraptor|Staraptor, L50, F|100/100
|switch|p2b: Excadrill|Excadrill, L50, M|100/100
|-ability|p2a: Staraptor|Intimidate|boost
|-unboost|p1a: Ursaluna|atk|1
|-unboost|p1b: Incineroar|atk|1
|-ability|p1b: Incineroar|Intimidate|boost
|-unboost|p2a: Staraptor|atk|1
|-fail|p2b: Excadrill|unboost|[from] item: Clear Amulet|[of] p2b: Excadrill
|turn|1
|
|t:|1757086838
|switch|p2a: Tyranitar|Tyranitar, L50, F|100/100
|-weather|Sandstorm|[from] ability: Sand Stream|[of] p2a: Tyranitar
|-terastallize|p2b: Excadrill|Ghost
|move|p1b: Incineroar|Fake Out|p2a: Tyranitar
|-resisted|p2a: Tyranitar
|-damage|p2a: Tyranitar|97/100
|move|p2b: Excadrill|High Horsepower|p1b: Incineroar
|-supereffective|p1b: Incineroar
|-damage|p1b: Incineroar|0 fnt
|faint|p1b: Incineroar
|move|p1a: Ursaluna|Earth Power|p2b: Excadrill
|-damage|p2b: Excadrill|36/100
|
|-weather|Sandstorm|[upkeep]
|upkeep
|
|t:|1757086842
|switch|p1b: Dragonite|Dragonite, L50, M|100/100
|turn|2
|
|t:|1757086862
|move|p2b: Excadrill|Iron Head|p1b: Dragonite
|-damage|p1b: Dragonite|72/100
|move|p1b: Dragonite|Scale Shot|p2b: Excadrill
|-damage|p2b: Excadrill|15/100
|-damage|p2b: Excadrill|0 fnt
|faint|p2b: Excadrill
|-hitcount|p2: Excadrill|2
|-unboost|p1b: Dragonite|def|1
|-boost|p1b: Dragonite|spe|1
|move|p2a: Tyranitar|Low Kick|p1a: Ursaluna
|-supereffective|p1a: Ursaluna
|-damage|p1a: Ursaluna|29/100
|move|p1a: Ursaluna|Earth Power|p2a: Tyranitar
|-supereffective|p2a: Tyranitar
|-damage|p2a: Tyranitar|61/100
|
|-weather|Sandstorm|[upkeep]
|-damage|p1b: Dragonite|66/100|[from] Sandstorm
|upkeep
|
|t:|1757086876
|switch|p2b: Staraptor|Staraptor, L50, F|100/100
|-ability|p2b: Staraptor|Intimidate|boost
|-unboost|p1a: Ursaluna|atk|1
|-unboost|p1b: Dragonite|atk|1
|turn|3
|
|t:|1757086889
|switch|p1a: Amoonguss|Amoonguss, L50, F|100/100
|move|p1b: Dragonite|Protect|p1b: Dragonite
|-singleturn|p1b: Dragonite|Protect
|move|p2b: Staraptor|Final Gambit|p1b: Dragonite
|-activate|p1b: Dragonite|move: Protect
|move|p2a: Tyranitar|Knock Off|p1a: Amoonguss
|-damage|p1a: Amoonguss|50/100
|-enditem|p1a: Amoonguss|Sitrus Berry|[from] move: Knock Off|[of] p2a: Tyranitar
|
|-weather|Sandstorm|[upkeep]
|-damage|p2b: Staraptor|94/100|[from] Sandstorm
|-damage|p1b: Dragonite|60/100|[from] Sandstorm
|-damage|p1a: Amoonguss|44/100|[from] Sandstorm
|upkeep
|turn|4
|
|t:|1757086912
|switch|p2b: Indeedee|Indeedee-F, L50, F|100/100
|-fieldstart|move: Psychic Terrain|[from] ability: Psychic Surge|[of] p2b: Indeedee
|move|p1a: Amoonguss|Rage Powder|p1a: Amoonguss
|-singleturn|p1a: Amoonguss|move: Rage Powder
|move|p1b: Dragonite|Scale Shot|p2a: Tyranitar
|-damage|p2a: Tyranitar|52/100
|-damage|p2a: Tyranitar|43/100
|-damage|p2a: Tyranitar|34/100
|-damage|p2a: Tyranitar|26/100
|-hitcount|p2a: Tyranitar|4
|-unboost|p1b: Dragonite|def|1
|-boost|p1b: Dragonite|spe|1
|move|p2a: Tyranitar|Rock Slide|p1a: Amoonguss|[spread] p1a,p1b
|-supereffective|p1b: Dragonite
|-damage|p1a: Amoonguss|17/100
|-damage|p1b: Dragonite|0 fnt
|faint|p1b: Dragonite
|
|-weather|Sandstorm|[upkeep]
|-damage|p1a: Amoonguss|11/100|[from] Sandstorm
|upkeep
|
|t:|1757086915
|switch|p1b: Ursaluna|Ursaluna-Bloodmoon, L50, M|29/100
|turn|5
|-message|ZeGaboVGC forfeited.
|
|win|speedyturtle87
|l|☆ZeGaboVGC
|player|p1|
|j|☆ZeGaboVGC
|player|p1|ZeGaboVGC|benga|
||speedyturtle87 is ready for game 2.
