|j|☆Mkellyvgc
|j|☆Rafax
|html|MkellyvgcRafax    
|uhtml|bestof|Game 1 of a best-of-3
|t:|1756864191
|gametype|doubles
|player|p1|Mkellyvgc|265|1075
|player|p2|Rafax|101|1144
|gen|9
|tier|[Gen 9] VGC 2025 Reg H (Bo3)
|rated|
|rule|Species Clause: Limit one of each Pokémon
|rule|Item Clause: Limit 1 of each item
|clearpoke
|poke|p1|Kommo-o, L50, F|
|poke|p1|Basculegion, L50, M|
|poke|p1|Rillaboom, L50, M|
|poke|p1|Ninetales-Alola, L50, F|
|poke|p1|Kingambit, L50, M|
|poke|p1|Arcanine-Hisui, L50, F|
|poke|p2|Indeedee-F, L50, F|
|poke|p2|Delphox, L50, F|
|poke|p2|Archaludon, L50, M|
|poke|p2|Murkrow, L50, M|
|poke|p2|Basculegion-F, L50, F|
|poke|p2|Sneasler, L50, M|
|teampreview|4
|showteam|p1|Kommo-o||ThroatSpray|Overcoat|ClangorousSoul,ClangingScales,Flamethrower,Protect|||F|||50|,,,,,Fire]Basculegion||ChoiceScarf|Adaptability|WaveCrash,LastRespects,FlipTurn,TeraBlast|||M|||50|,,,,,Fighting]Rillaboom||AssaultVest|GrassySurge|GrassyGlide,WoodHammer,FakeOut,HighHorsepower|||M|||50|,,,,,Water]Ninetales-Alola||FocusSash|SnowWarning|Blizzard,IcyWind,AuroraVeil,Protect|||F|||50|,,,,,Ghost]Kingambit||SafetyGoggles|Defiant|KowtowCleave,SuckerPunch,SwordsDance,Protect|||M|||50|,,,,,Dark]Arcanine-Hisui||ChoiceBand|Intimidate|FlareBlitz,RockSlide,ExtremeSpeed,TeraBlast|||F|||50|,,,,,Fairy
|showteam|p2|Indeedee-F||SafetyGoggles|PsychicSurge|Imprison,FollowMe,HelpingHand,TrickRoom|||F|||50|,,,,,Fairy]Delphox||LifeOrb|Blaze|ExpandingForce,HeatWave,FocusBlast,Protect|||F|||50|,,,,,Psychic]Archaludon||AssaultVest|Stamina|BodyPress,DragonPulse,FlashCannon,Snarl|||M|||50|,,,,,Steel]Murkrow||Eviolite|Prankster|FoulPlay,Tailwind,Haze,SunnyDay|||M|||50|,,,,,Ghost]Basculegion-F||ChoiceScarf|Adaptability|ShadowBall,IcyWind,TeraBlast,MuddyWater|||F|||50|,,,,,Grass]Sneasler||PsychicSeed|Unburden|CloseCombat,DireClaw,Acrobatics,Protect|||M|||50|,,,,,Flying
|
|t:|1756864266
|teamsize|p1|4
|teamsize|p2|4
|start
|switch|p1a: Basculegion|Basculegion, L50, M|100/100
|switch|p1b: Ninetales|Ninetales-Alola, L50, F|100/100
|switch|p2a: Archaludon|Archaludon, L50, M|100/100
|switch|p2b: Basculegion|Basculegion-F, L50, F|100/100
|-weather|Snowscape|[from] ability: Snow Warning|[of] p1b: Ninetales
|turn|1
|inactive|Battle timer is ON: inactive players will automatically lose when time's up. (requested by Rafax)
|inactive|Rafax has 60 seconds left.
|
|t:|1756864304
|-terastallize|p1a: Basculegion|Fighting
|move|p1a: Basculegion|Tera Blast|p2a: Archaludon|[anim] Tera Blast Fighting
|-supereffective|p2a: Archaludon
|-damage|p2a: Archaludon|38/100
|-ability|p2a: Archaludon|Stamina|boost
|-boost|p2a: Archaludon|def|1
|move|p2b: Basculegion|Shadow Ball|p1a: Basculegion
|-damage|p1a: Basculegion|38/100
|move|p1b: Ninetales|Aurora Veil|p1b: Ninetales
|-sidestart|p1: Mkellyvgc|move: Aurora Veil
|move|p2a: Archaludon|Flash Cannon|p1b: Ninetales
|-supereffective|p1b: Ninetales
|-crit|p1b: Ninetales
|-enditem|p1b: Ninetales|Focus Sash
|-damage|p1b: Ninetales|1/100
|
|-weather|Snowscape|[upkeep]
|upkeep
|turn|2
|inactive|Mkellyvgc has 30 seconds left.
|inactive|Rafax has 30 seconds left.
|inactive|Rafax has 20 seconds left.
|
|t:|1756864341
|switch|p2a: Delphox|Delphox, L50, F|100/100
|move|p1a: Basculegion|Tera Blast|p2a: Delphox|[anim] Tera Blast Fighting
|-resisted|p2a: Delphox
|-damage|p2a: Delphox|58/100
|move|p2b: Basculegion|Shadow Ball|p1a: Basculegion
|-damage|p1a: Basculegion|0 fnt
|faint|p1a: Basculegion
|move|p1b: Ninetales|Icy Wind|p2a: Delphox|[spread] p2a,p2b
|-resisted|p2a: Delphox
|-resisted|p2b: Basculegion
|-damage|p2a: Delphox|49/100
|-damage|p2b: Basculegion|92/100
|-unboost|p2a: Delphox|spe|1
|-unboost|p2b: Basculegion|spe|1
|
|-weather|Snowscape|[upkeep]
|upkeep
|
|t:|1756864357
|switch|p1a: Kingambit|Kingambit, L50, M|100/100
|turn|3
|
|t:|1756864373
|switch|p2b: Indeedee|Indeedee-F, L50, F, shiny|100/100
|-fieldstart|move: Psychic Terrain|[from] ability: Psychic Surge|[of] p2b: Indeedee
|move|p1b: Ninetales|Icy Wind|p2b: Indeedee|[spread] p2a,p2b
|-resisted|p2a: Delphox
|-damage|p2a: Delphox|39/100
|-damage|p2b: Indeedee|86/100
|-unboost|p2a: Delphox|spe|1
|-unboost|p2b: Indeedee|spe|1
|move|p2a: Delphox|Heat Wave|p1a: Kingambit|[spread] p1a,p1b
|-supereffective|p1a: Kingambit
|-supereffective|p1b: Ninetales
|-damage|p1a: Kingambit|45/100
|-damage|p1b: Ninetales|0 fnt
|faint|p1b: Ninetales
|-damage|p2a: Delphox|29/100|[from] item: Life Orb
|move|p1a: Kingambit|Kowtow Cleave|p2a: Delphox
|-supereffective|p2a: Delphox
|-damage|p2a: Delphox|0 fnt
|faint|p2a: Delphox
|
|-weather|Snowscape|[upkeep]
|upkeep
|inactive|Mkellyvgc has 30 seconds left.
|inactive|Mkellyvgc has 20 seconds left.
|inactive|Mkellyvgc has 15 seconds left.
|inactive|Mkellyvgc has 10 seconds left.
|inactive|Mkellyvgc has 5 seconds left.
|
|t:|1756864428
|switch|p1b: Arcanine|Arcanine-Hisui, L50, F|100/100
|switch|p2a: Basculegion|Basculegion-F, L50, F|92/100
|-ability|p1b: Arcanine|Intimidate|boost
|-unboost|p2a: Basculegion|atk|1
|-unboost|p2b: Indeedee|atk|1
|turn|4
|
|t:|1756864451
|move|p2b: Indeedee|Follow Me|p2b: Indeedee
|-singleturn|p2b: Indeedee|move: Follow Me
|move|p2a: Basculegion|Muddy Water|p1b: Arcanine|[spread] p1a,p1b
|-supereffective|p1b: Arcanine
|-damage|p1a: Kingambit|18/100
|-damage|p1b: Arcanine|0 fnt
|-unboost|p1a: Kingambit|accuracy|1
|-ability|p1a: Kingambit|Defiant|boost
|-boost|p1a: Kingambit|atk|2
|faint|p1b: Arcanine
|move|p1a: Kingambit|Kowtow Cleave|p2b: Indeedee
|-supereffective|p2b: Indeedee
|-damage|p2b: Indeedee|0 fnt
|faint|p2b: Indeedee
|
|-weather|Snowscape|[upkeep]
|upkeep
|
|t:|1756864456
|switch|p2b: Archaludon|Archaludon, L50, M|38/100
|turn|5
|-message|Mkellyvgc forfeited.
|
|win|Rafax
|l|☆Mkellyvgc
|player|p1|
||Mkellyvgc is ready for game 2.
||Rafax is ready for game 2.
|uhtml|next|Next: Game 2 of 3
