|j|☆dragonkitty17
|j|☆kheld
|html|dragonkitty17kheld    
|uhtml|bestof|Game 1 of a best-of-3
|t:|1757797172
|gametype|doubles
|player|p1|dragonkitty17|wallace|1148
|player|p2|kheld|266|1168
|gen|9
|tier|[Gen 9] VGC 2025 Reg H (Bo3)
|rated|
|rule|Species Clause: Limit one of each Pokémon
|rule|Item Clause: Limit 1 of each item
|clearpoke
|poke|p1|Archaludon, L50, F|
|poke|p1|Basculegion, L50, M|
|poke|p1|Pelipper, L50, F|
|poke|p1|Amoonguss, L50, F|
|poke|p1|Incineroar, L50, M|
|poke|p1|Maushold, L50|
|poke|p2|Kingdra, L50, F|
|poke|p2|Archaludon, L50, M|
|poke|p2|Pelipper, L50, M|
|poke|p2|Comfey, L50, F|
|poke|p2|Weezing-Galar, L50, M|
|poke|p2|Toedscruel, L50, F|
|teampreview|4
|showteam|p1|Archaludon||AssaultVest|Stamina|ElectroShot,DragonPulse,FlashCannon,BodyPress|||F|||50|,,,,,Grass]Basculegion||MysticWater|SwiftSwim|Protect,WaveCrash,AquaJet,LastRespects|||M|||50|,,,,,Water]Pelipper||FocusSash|Drizzle|Hurricane,WeatherBall,Tailwind,Protect|||F|||50|,,,,,Ghost]Amoonguss||SitrusBerry|Regenerator|Spore,RagePowder,PollenPuff,ClearSmog|||F|||50|,,,,,Water]Incineroar||SafetyGoggles|Intimidate|FakeOut,FlareBlitz,KnockOff,PartingShot|||M|||50|,,,,,Ghost]Maushold||WideLens|Technician|PopulationBomb,FollowMe,Taunt,Protect||||||50|,,,,,Grass
|showteam|p2|Kingdra||LifeOrb|SwiftSwim|Surf,DracoMeteor,WeatherBall,Protect|||F|||50|,,,,,Steel]Archaludon||AssaultVest|Stamina|FlashCannon,ElectroShot,BodyPress,Snarl|||M|||50|,,,,,Grass]Pelipper||ChoiceScarf|Drizzle|Hurricane,WeatherBall,Uturn,Tailwind|||M|||50|,,,,,Stellar]Comfey||SafetyGoggles|Triage|FloralHealing,DrainingKiss,LightScreen,Protect|||F|||50|,,,,,Fairy]Weezing-Galar||SitrusBerry|NeutralizingGas|Protect,Taunt,DazzlingGleam,SludgeBomb|||M|||50|,,,,,Ghost]Toedscruel||CovertCloak|MyceliumMight|Spore,BulletSeed,EarthPower,Protect|||F|||50|,,,,,Water
|inactive|Battle timer is ON: inactive players will automatically lose when time's up. (requested by dragonkitty17)
|
|t:|1757797199
|teamsize|p1|4
|teamsize|p2|4
|start
|switch|p1a: Archaludon|Archaludon, L50, F|100/100
|switch|p1b: Maushold|Maushold, L50|100/100
|switch|p2a: Toedscruel|Toedscruel, L50, F|100/100
|switch|p2b: Weezing|Weezing-Galar, L50, M|100/100
|-ability|p2b: Weezing|Neutralizing Gas
|turn|1
|
|t:|1757797220
|move|p2a: Toedscruel|Protect|p2a: Toedscruel
|-singleturn|p2a: Toedscruel|Protect
|move|p1b: Maushold|Population Bomb|p2a: Toedscruel
|-activate|p2a: Toedscruel|move: Protect
|move|p1a: Archaludon|Flash Cannon|p2b: Weezing
|-supereffective|p2b: Weezing
|-damage|p2b: Weezing|0 fnt
|faint|p2b: Weezing
|-end|p2b: Weezing|ability: Neutralizing Gas
|
|upkeep
|
|t:|1757797237
|switch|p2b: Archaludon|Archaludon, L50, M|100/100
|turn|2
|inactive|dragonkitty17 has 30 seconds left.
|inactive|dragonkitty17 has 20 seconds left.
|
|t:|1757797275
|-terastallize|p1a: Archaludon|Grass
|move|p1b: Maushold|Population Bomb|p1a: Archaludon
|-damage|p1a: Archaludon|91/100
|-ability|p1a: Archaludon|Stamina|boost
|-boost|p1a: Archaludon|def|1
|-damage|p1a: Archaludon|85/100
|-ability|p1a: Archaludon|Stamina|boost
|-boost|p1a: Archaludon|def|1
|-damage|p1a: Archaludon|80/100
|-ability|p1a: Archaludon|Stamina|boost
|-boost|p1a: Archaludon|def|1
|-crit|p1a: Archaludon
|-damage|p1a: Archaludon|66/100
|-ability|p1a: Archaludon|Stamina|boost
|-boost|p1a: Archaludon|def|1
|-damage|p1a: Archaludon|63/100
|-ability|p1a: Archaludon|Stamina|boost
|-boost|p1a: Archaludon|def|1
|-damage|p1a: Archaludon|60/100
|-ability|p1a: Archaludon|Stamina|boost
|-boost|p1a: Archaludon|def|1
|-damage|p1a: Archaludon|57/100
|-damage|p1a: Archaludon|55/100
|-damage|p1a: Archaludon|53/100
|-damage|p1a: Archaludon|51/100
|-hitcount|p1a: Archaludon|10
|move|p2a: Toedscruel|Bullet Seed|p2b: Archaludon
|-resisted|p2b: Archaludon
|-damage|p2b: Archaludon|99/100
|-ability|p2b: Archaludon|Stamina|boost
|-boost|p2b: Archaludon|def|1
|-resisted|p2b: Archaludon
|-damage|p2b: Archaludon|99/100
|-ability|p2b: Archaludon|Stamina|boost
|-boost|p2b: Archaludon|def|1
|-resisted|p2b: Archaludon
|-damage|p2b: Archaludon|98/100
|-ability|p2b: Archaludon|Stamina|boost
|-boost|p2b: Archaludon|def|1
|-hitcount|p2b: Archaludon|3
|move|p1a: Archaludon|Body Press|p2b: Archaludon
|-supereffective|p2b: Archaludon
|-damage|p2b: Archaludon|52/100
|-ability|p2b: Archaludon|Stamina|boost
|-boost|p2b: Archaludon|def|1
|move|p2b: Archaludon|Body Press|p1a: Archaludon
|-damage|p1a: Archaludon|38/100
|
|upkeep
|turn|3
|inactive|dragonkitty17 has 30 seconds left.
|inactive|kheld has 30 seconds left.
|inactive|dragonkitty17 has 20 seconds left.
|inactive|kheld has 20 seconds left.
|inactive|dragonkitty17 has 15 seconds left.
|inactive|kheld has 15 seconds left.
|inactive|kheld has 10 seconds left.
|
|t:|1757797324
|-terastallize|p2b: Archaludon|Grass
|move|p1b: Maushold|Population Bomb|p2a: Toedscruel
|-damage|p2a: Toedscruel|85/100
|-damage|p2a: Toedscruel|72/100
|-crit|p2a: Toedscruel
|-damage|p2a: Toedscruel|48/100
|-damage|p2a: Toedscruel|33/100
|-damage|p2a: Toedscruel|17/100
|-crit|p2a: Toedscruel
|-damage|p2a: Toedscruel|0 fnt
|faint|p2a: Toedscruel
|-hitcount|p2: Toedscruel|6
|move|p1a: Archaludon|Body Press|p2b: Archaludon
|-damage|p2b: Archaludon|31/100
|-ability|p2b: Archaludon|Stamina|boost
|-boost|p2b: Archaludon|def|1
|move|p2b: Archaludon|Flash Cannon|p1a: Archaludon
|-damage|p1a: Archaludon|8/100
|
|upkeep
|
|t:|1757797342
|switch|p2a: Comfey|Comfey, L50, F|100/100
|turn|4
|
|t:|1757797360
|move|p2a: Comfey|Floral Healing|p2b: Archaludon
|-heal|p2b: Archaludon|81/100
|move|p1b: Maushold|Population Bomb|p2a: Comfey
|-damage|p2a: Comfey|88/100
|-damage|p2a: Comfey|76/100
|-damage|p2a: Comfey|63/100
|-damage|p2a: Comfey|50/100
|-damage|p2a: Comfey|38/100
|-damage|p2a: Comfey|25/100
|-damage|p2a: Comfey|11/100
|-damage|p2a: Comfey|0 fnt
|faint|p2a: Comfey
|-hitcount|p2: Comfey|8
|move|p1a: Archaludon|Dragon Pulse|p2b: Archaludon
|-damage|p2b: Archaludon|50/100
|-ability|p2b: Archaludon|Stamina|boost
|-boost|p2b: Archaludon|def|1
|move|p2b: Archaludon|Flash Cannon|p1a: Archaludon
|-damage|p1a: Archaludon|0 fnt
|faint|p1a: Archaludon
|
|upkeep
|
|t:|1757797385
|switch|p1a: Pelipper|Pelipper, L50, F|100/100
|-weather|RainDance|[from] ability: Drizzle|[of] p1a: Pelipper
|turn|5
|
|t:|1757797394
|move|p1b: Maushold|Follow Me|p1b: Maushold
|-singleturn|p1b: Maushold|move: Follow Me
|move|p1a: Pelipper|Hurricane|p2b: Archaludon
|-supereffective|p2b: Archaludon
|-damage|p2b: Archaludon|0 fnt
|faint|p2b: Archaludon
|
|win|dragonkitty17
|l|☆kheld
|player|p2|
||kheld is ready for game 2.
|inactive|dragonkitty17 has 30 seconds to confirm battle start!
||dragonkitty17 is ready for game 2.
|uhtml|next|Next: Game 2 of 3
