|j|☆FERA kApset
|j|☆scafato92
|html|FERA kApsetscafato92    
|uhtml|bestof|Game 1 of a best-of-3
|t:|1782498689
|gametype|doubles
|player|p1|FERA kApset|byron|1098
|player|p2|scafato92|266|1201
|gen|9
|tier|[Gen 9 Champions] VGC 2026 Reg M-B (Bo3)
|rated|
|rule|Species Clause: Limit one of each Pokémon
|rule|Item Clause: Limit 1 of each item
|clearpoke
|poke|p1|Aerodactyl, L50, M|
|poke|p1|Garchomp, L50, M|
|poke|p1|Kingambit, L50, M|
|poke|p1|Farigiraf, L50, M|
|poke|p1|Sylveon, L50, F|
|poke|p1|Charizard, L50, M|
|poke|p2|Charizard, L50, M|
|poke|p2|Floette-Eternal, L50, F|
|poke|p2|Kingambit, L50, F|
|poke|p2|Basculegion, L50, M|
|poke|p2|Garchomp, L50, M|
|poke|p2|Whimsicott, L50, M|
|teampreview|4
|showteam|p1|Aerodactyl||Aerodactylite|Unnerve|RockSlide,Protect,DualWingbeat,Tailwind|Jolly||M|||50|]Garchomp||LifeOrb|RoughSkin|Protect,DragonClaw,Earthquake,StompingTantrum|Adamant||M|||50|]Kingambit||FocusSash|Defiant|LowKick,IronHead,SuckerPunch,Protect|Adamant||M|||50|]Farigiraf||SitrusBerry|ArmorTail|Roar,TwinBeam,TrickRoom,EnergyBall|Bold||M|||50|]Sylveon||FairyFeather|Pixilate|HyperVoice,Protect,HyperBeam,QuickAttack|Bold||F|||50|]Charizard||CharizarditeY|Blaze|HeatWave,WeatherBall,SolarBeam,Protect|Modest||M|||50|
|showteam|p2|Charizard||CharizarditeY|Blaze|HeatWave,WeatherBall,SolarBeam,Protect|Modest||M|||50|]Floette-Eternal||Floettite|FlowerVeil|Moonblast,DazzlingGleam,LightofRuin,Protect|Timid||F|||50|]Kingambit||BlackGlasses|Defiant|KowtowCleave,SuckerPunch,IronHead,Protect|Adamant||F|||50|]Basculegion||MysticWater|Adaptability|WaveCrash,LastRespects,AquaJet,Protect|Adamant||M|||50|]Garchomp||LifeOrb|RoughSkin|Earthquake,RockTomb,DragonClaw,Protect|Jolly||M|||50|]Whimsicott||FocusSash|Prankster|Moonblast,Tailwind,Protect,Encore|Timid||M|||50|
|inactive|Battle timer is ON: inactive players will automatically lose when time's up. (requested by FERA kApset)
|inactive|scafato92 also wants the timer to be on.
|inactive|FERA kApset has 60 seconds left.
|inactive|scafato92 has 60 seconds left.
|
|t:|1782498742
|teamsize|p1|4
|teamsize|p2|4
|start
|switch|p1a: Aerodactyl|Aerodactyl, L50, M|100/100
|switch|p1b: Garchomp|Garchomp, L50, M|100/100
|switch|p2a: Kingambit|Kingambit, L50, F|100/100
|switch|p2b: Whimsicott|Whimsicott, L50, M|100/100
|-ability|p1a: Aerodactyl|Unnerve
|turn|1
|inactive|FERA kApset has 30 seconds left.
|
|t:|1782498774
|detailschange|p1a: Aerodactyl|Aerodactyl-Mega, L50, M
|-mega|p1a: Aerodactyl|Aerodactyl|Aerodactylite
|move|p2b: Whimsicott|Tailwind|p2b: Whimsicott
|-sidestart|p2: scafato92|move: Tailwind
|move|p1a: Aerodactyl|Tailwind|p1a: Aerodactyl
|-sidestart|p1: FERA kApset|move: Tailwind
|move|p1b: Garchomp|Earthquake|p2a: Kingambit|[spread] p2a,p2b
|-immune|p1a: Aerodactyl
|-supereffective|p2a: Kingambit|1
|-resisted|p2b: Whimsicott|1
|-damage|p2a: Kingambit|13/100
|-damage|p2b: Whimsicott|56/100
|-damage|p1b: Garchomp|90/100|[from] item: Life Orb
|move|p2a: Kingambit|Iron Head|p1a: Aerodactyl
|-supereffective|p1a: Aerodactyl|1
|-damage|p1a: Aerodactyl|3/100
|
|upkeep
|turn|2
|inactive|FERA kApset has 30 seconds left.
|
|t:|1782498804
|move|p1a: Aerodactyl|Protect|p1a: Aerodactyl
|-singleturn|p1a: Aerodactyl|Protect
|move|p2a: Kingambit|Sucker Punch||[still]
|-fail|p2a: Kingambit
|move|p2b: Whimsicott|Moonblast|p1b: Garchomp
|-supereffective|p1b: Garchomp|1
|-damage|p1b: Garchomp|20/100r
|move|p1b: Garchomp|Earthquake|p2b: Whimsicott|[spread] p2a,p2b
|-activate|p1a: Aerodactyl|move: Protect
|-supereffective|p2a: Kingambit|1
|-resisted|p2b: Whimsicott|1
|-damage|p2a: Kingambit|0 fnt
|-damage|p2b: Whimsicott|16/100
|faint|p2a: Kingambit
|-damage|p1b: Garchomp|10/100|[from] item: Life Orb
|
|upkeep
|inactive|scafato92 has 30 seconds left.
|
|t:|1782498831
|switch|p2a: Floette|Floette-Eternal, L50, F|100/100
|turn|3
|
|t:|1782498846
|detailschange|p2a: Floette|Floette-Mega, L50, F
|-mega|p2a: Floette|Floette|Floettite
|-ability|p2a: Floette|Fairy Aura
|move|p2b: Whimsicott|Encore|p1a: Aerodactyl
|-start|p1a: Aerodactyl|Encore
|move|p1a: Aerodactyl|Protect||[still]
|-fail|p1a: Aerodactyl
|move|p2a: Floette|Dazzling Gleam|p1b: Garchomp|[spread] p1a,p1b
|-supereffective|p1b: Garchomp|1
|-damage|p1a: Aerodactyl|0 fnt
|-damage|p1b: Garchomp|0 fnt
|faint|p1a: Aerodactyl
|faint|p1b: Garchomp
|
|upkeep
|
|t:|1782498864
|switch|p1a: Kingambit|Kingambit, L50, M|100/100
|switch|p1b: Sylveon|Sylveon, L50, F|100/100
|turn|4
|
|t:|1782498879
|move|p2b: Whimsicott|Moonblast|p1b: Sylveon
|-damage|p1b: Sylveon|65/100
|move|p2a: Floette|Light of Ruin|p1b: Sylveon
|-damage|p1b: Sylveon|0 fnt
|faint|p1b: Sylveon
|-damage|p2a: Floette|61/100|[from] Recoil
|move|p1a: Kingambit|Iron Head|p2a: Floette
|-supereffective|p2a: Floette|1
|-damage|p2a: Floette|0 fnt
|faint|p2a: Floette
|
|-sideend|p1: FERA kApset|move: Tailwind
|-sideend|p2: scafato92|move: Tailwind
|upkeep
|
|t:|1782498893
|switch|p2a: Garchomp|Garchomp, L50, M|100/100
|turn|5
|inactive|FERA kApset has 30 seconds left.
|
|t:|1782498923
|move|p2b: Whimsicott|Protect|p2b: Whimsicott
|-singleturn|p2b: Whimsicott|Protect
|move|p2a: Garchomp|Earthquake|p1a: Kingambit|[spread] p1a
|-activate|p2b: Whimsicott|move: Protect
|-supereffective|p1a: Kingambit|1
|-damage|p1a: Kingambit|14/100
|-damage|p2a: Garchomp|90/100|[from] item: Life Orb
|move|p1a: Kingambit|Iron Head|p2a: Garchomp
|-damage|p2a: Garchomp|48/100
|-damage|p1a: Kingambit|2/100|[from] ability: Rough Skin|[of] p2a: Garchomp
|
|upkeep
|turn|6
|
|t:|1782498939
|move|p1a: Kingambit|Sucker Punch|p2b: Whimsicott
|-resisted|p2b: Whimsicott|1
|-crit|p2b: Whimsicott
|-damage|p2b: Whimsicott|0 fnt
|faint|p2b: Whimsicott
|move|p2a: Garchomp|Dragon Claw|p1a: Kingambit
|-resisted|p1a: Kingambit|1
|-damage|p1a: Kingambit|0 fnt
|faint|p1a: Kingambit
|-damage|p2a: Garchomp|39/100|[from] item: Life Orb
|
|win|scafato92
