|j|☆trypy
|j|☆sinduhquil
|html|trypysinduhquil    
|uhtml|bestof|Game 3 of a best-of-3
|t:|1784684169
|gametype|doubles
|player|p1|trypy|101|
|player|p2|sinduhquil|flannery|
|gen|9
|tier|[Gen 9 Champions] VGC 2026 Reg M-B (Bo3)
|rule|Species Clause: Limit one of each Pokémon
|rule|Item Clause: Limit 1 of each item
|clearpoke
|poke|p1|Garchomp, L50, M, shiny|
|poke|p1|Aerodactyl, L50, M|
|poke|p1|Slowbro, L50, M, shiny|
|poke|p1|Charizard, L50, M, shiny|
|poke|p1|Sylveon, L50, F, shiny|
|poke|p1|Incineroar, L50, M, shiny|
|poke|p2|Gengar, L50, F, shiny|
|poke|p2|Scrafty, L50, M|
|poke|p2|Rotom-Wash, L50, shiny|
|poke|p2|Samurott, L50, M, shiny|
|poke|p2|Ninetales-Alola, L50, M, shiny|
|poke|p2|Dragonite, L50, M, shiny|
|teampreview|4
|showteam|p1|Garchomp||WhiteHerb|RoughSkin|Earthquake,Protect,RockSlide,DragonClaw|Jolly||M|||50|]Aerodactyl||FocusSash|Unnerve|Tailwind,Protect,RockSlide,Earthquake|Jolly||M|||50|]Slowbro||Leftovers|Regenerator|Protect,Psychic,TrickRoom,Flamethrower|Sassy||M|||50|]Charizard||CharizarditeY|Blaze|HeatWave,SolarBeam,Protect,Roost|Modest||M|||50|]Sylveon||KebiaBerry|Pixilate|ShadowBall,HyperVoice,Protect,HyperBeam|Modest||F|||50|]Incineroar||ChoiceScarf|Intimidate|PartingShot,FlareBlitz,DarkestLariat,FakeOut|Adamant||M|||50|
|showteam|p2|Gengar||Gengarite|CursedBody|Thunderbolt,SludgeBomb,ShadowBall,Protect|Modest||F|||50|]Scrafty||RoseliBerry|Intimidate|FakeOut,CloseCombat,DrainPunch,Protect|Adamant||M|||50|]Rotom-Wash||ChoiceScarf|Levitate|VoltSwitch,HydroPump,Thunderbolt,WillOWisp|Timid|||||50|]Samurott||LifeOrb|Torrent|AquaJet,RainDance,Protect,Liquidation|Adamant||M|||50|]Ninetales-Alola||FocusSash|SnowWarning|Blizzard,AuroraVeil,Snowscape,Protect|Timid||M|||50|]Dragonite||Dragoninite|Multiscale|Tailwind,IcePunch,RockSlide,Protect|Adamant||M|||50|
|j| greatox17
|
|t:|1784684214
|teamsize|p1|4
|teamsize|p2|4
|start
|switch|p1a: Fake out?|Charizard, L50, M, shiny|100/100
|switch|p1b: Versatile|Garchomp, L50, M, shiny|100/100
|switch|p2a: FloatingOnAir|Dragonite, L50, M, shiny|100/100
|switch|p2b: Saggy Pants|Scrafty, L50, M|100/100
|-ability|p2b: Saggy Pants|Intimidate|boost
|-unboost|p1a: Fake out?|atk|1
|-unboost|p1b: Versatile|atk|1
|-enditem|p1b: Versatile|White Herb
|-clearnegativeboost|p1b: Versatile|[silent]
|turn|1
|
|t:|1784684236
|move|p1b: Versatile|Protect|p1b: Versatile
|-singleturn|p1b: Versatile|Protect
|move|p1a: Fake out?|Protect|p1a: Fake out?
|-singleturn|p1a: Fake out?|Protect
|move|p2b: Saggy Pants|Fake Out|p1b: Versatile
|-activate|p1b: Versatile|move: Protect
|move|p2a: FloatingOnAir|Tailwind|p2a: FloatingOnAir
|-sidestart|p2: sinduhquil|move: Tailwind
|
|upkeep
|turn|2
|
|t:|1784684283
|switch|p1a: Tigerspite|Incineroar, L50, M, shiny|100/100
|-ability|p1a: Tigerspite|Intimidate|boost
|-unboost|p2a: FloatingOnAir|atk|1
|-unboost|p2b: Saggy Pants|atk|1
|move|p2a: FloatingOnAir|Rock Slide|p1a: Tigerspite|[spread] p1a,p1b
|-supereffective|p1a: Tigerspite|1
|-resisted|p1b: Versatile|1
|-damage|p1a: Tigerspite|74/100
|-damage|p1b: Versatile|93/100
|move|p2b: Saggy Pants|Close Combat|p1a: Tigerspite
|-supereffective|p1a: Tigerspite|1
|-damage|p1a: Tigerspite|0 fnt
|-unboost|p2b: Saggy Pants|def|1
|-unboost|p2b: Saggy Pants|spd|1
|faint|p1a: Tigerspite
|move|p1b: Versatile|Dragon Claw|p2a: FloatingOnAir
|-supereffective|p2a: FloatingOnAir|1
|-damage|p2a: FloatingOnAir|59/100
|
|upkeep
|
|t:|1784684315
|switch|p1a: VroomVroom|Aerodactyl, L50, M|100/100
|-ability|p1a: VroomVroom|Unnerve
|turn|3
|
|t:|1784684345
|switch|p2b: Minigolf Hole|Gengar, L50, F, shiny|100/100
|move|p1b: Versatile|Protect|p1b: Versatile
|-singleturn|p1b: Versatile|Protect
|move|p2a: FloatingOnAir|Ice Punch|p1a: VroomVroom
|-supereffective|p1a: VroomVroom|1
|-damage|p1a: VroomVroom|38/100
|move|p1a: VroomVroom|Tailwind|p1a: VroomVroom
|-sidestart|p1: trypy|move: Tailwind
|
|upkeep
|turn|4
|
|t:|1784684379
|detailschange|p2b: Minigolf Hole|Gengar-Mega, L50, F, shiny
|-mega|p2b: Minigolf Hole|Gengar|Gengarite
|move|p2a: FloatingOnAir|Protect|p2a: FloatingOnAir
|-singleturn|p2a: FloatingOnAir|Protect
|move|p1a: VroomVroom|Rock Slide|p2b: Minigolf Hole|[spread] p2b
|-activate|p2a: FloatingOnAir|move: Protect
|-damage|p2b: Minigolf Hole|62/100
|move|p2b: Minigolf Hole|Thunderbolt|p1a: VroomVroom
|-supereffective|p1a: VroomVroom|1
|-damage|p1a: VroomVroom|0 fnt
|faint|p1a: VroomVroom
|move|p1b: Versatile|Earthquake|p2b: Minigolf Hole|[spread] p2b
|-activate|p2a: FloatingOnAir|move: Protect
|-supereffective|p2b: Minigolf Hole|1
|-damage|p2b: Minigolf Hole|0 fnt
|faint|p2b: Minigolf Hole
|
|-sideend|p2: sinduhquil|move: Tailwind
|upkeep
|
|t:|1784684400
|switch|p1a: Fake out?|Charizard, L50, M, shiny|100/100
|switch|p2b: Saggy Pants|Scrafty, L50, M|100/100
|-ability|p2b: Saggy Pants|Intimidate|boost
|-unboost|p1a: Fake out?|atk|1
|-unboost|p1b: Versatile|atk|1
|turn|5
|
|t:|1784684425
|move|p1b: Versatile|Protect|p1b: Versatile
|-singleturn|p1b: Versatile|Protect
|move|p1a: Fake out?|Protect|p1a: Fake out?
|-singleturn|p1a: Fake out?|Protect
|move|p2b: Saggy Pants|Fake Out|p1b: Versatile
|-activate|p1b: Versatile|move: Protect
|move|p2a: FloatingOnAir|Tailwind|p2a: FloatingOnAir
|-sidestart|p2: sinduhquil|move: Tailwind
|
|upkeep
|turn|6
|
|t:|1784684462
|detailschange|p1a: Fake out?|Charizard-Mega-Y, L50, M, shiny
|-mega|p1a: Fake out?|Charizard|Charizardite Y
|-weather|SunnyDay|[from] ability: Drought|[of] p1a: Fake out?
|move|p2a: FloatingOnAir|Protect|p2a: FloatingOnAir
|-singleturn|p2a: FloatingOnAir|Protect
|move|p2b: Saggy Pants|Protect|p2b: Saggy Pants
|-singleturn|p2b: Saggy Pants|Protect
|move|p1b: Versatile|Dragon Claw|p2a: FloatingOnAir
|-activate|p2a: FloatingOnAir|move: Protect
|move|p1a: Fake out?|Heat Wave|p2a: FloatingOnAir|[spread] 
|-activate|p2a: FloatingOnAir|move: Protect
|-activate|p2b: Saggy Pants|move: Protect
|
|-weather|SunnyDay|[upkeep]
|-sideend|p1: trypy|move: Tailwind
|upkeep
|turn|7
|
|t:|1784684485
|switch|p2b: Im Beautiful|Ninetales-Alola, L50, M, shiny|100/100
|-weather|Snowscape|[from] ability: Snow Warning|[of] p2b: Im Beautiful
|move|p1b: Versatile|Protect|p1b: Versatile
|-singleturn|p1b: Versatile|Protect
|move|p1a: Fake out?|Protect|p1a: Fake out?
|-singleturn|p1a: Fake out?|Protect
|move|p2a: FloatingOnAir|Rock Slide|p1b: Versatile|[spread] 
|-activate|p1a: Fake out?|move: Protect
|-activate|p1b: Versatile|move: Protect
|
|-weather|Snowscape|[upkeep]
|upkeep
|turn|8
|
|t:|1784684514
|move|p2b: Im Beautiful|Blizzard|p1a: Fake out?|[spread] p1a,p1b
|-supereffective|p1b: Versatile|2
|-damage|p1a: Fake out?|74/100
|-damage|p1b: Versatile|0 fnt
|faint|p1b: Versatile
|move|p2a: FloatingOnAir|Rock Slide|p1a: Fake out?
|-supereffective|p1a: Fake out?|2
|-damage|p1a: Fake out?|0 fnt
|faint|p1a: Fake out?
|
|win|sinduhquil
