|j|☆Itolentino_7
|j|☆kulllllllllle
|html|Itolentino_7kulllllllllle    
|uhtml|bestof|Game 3 of a best-of-3
|t:|1782328711
|gametype|doubles
|player|p1|Itolentino_7|falkner|1040
|player|p2|kulllllllllle|swimmer-gen4dp|1089
|gen|9
|tier|[Gen 9 Champions] VGC 2026 Reg M-B (Bo3)
|rated|
|rule|Species Clause: Limit one of each Pokémon
|rule|Item Clause: Limit 1 of each item
|clearpoke
|poke|p1|Swampert, L50, F, shiny|
|poke|p1|Pelipper, L50, M, shiny|
|poke|p1|Archaludon, L50, M|
|poke|p1|Floette-Eternal, L50, F|
|poke|p1|Grimmsnarl, L50, M, shiny|
|poke|p1|Sinistcha-Masterpiece, L50|
|poke|p2|Annihilape, L50, F|
|poke|p2|Maushold, L50|
|poke|p2|Sinistcha, L50|
|poke|p2|Froslass, L50, F|
|poke|p2|Ninetales-Alola, L50, F|
|poke|p2|Charizard, L50, M|
|teampreview|4
|showteam|p1|Swampert||Swampertite|Torrent|Earthquake,RockSlide,Liquidation,Protect|Adamant||F|||50|]Pelipper||DampRock|Drizzle|Hurricane,WeatherBall,Protect,Tailwind|Modest||M|||50|]Archaludon||Leftovers|Stamina|ElectroShot,DragonPulse,FlashCannon,Protect|Calm||M|||50|]Floette-Eternal||Floettite|FlowerVeil|Moonblast,CalmMind,DazzlingGleam,Protect|Modest||F|||50|]Grimmsnarl||LightClay|Prankster|SpiritBreak,PartingShot,Reflect,LightScreen|Careful||M|||50|]Sinistcha-Masterpiece||SitrusBerry|Hospitality|MatchaGotcha,RagePowder,LifeDew,Protect|Calm|||||50|
|showteam|p2|Annihilape||BrightPowder|Defiant|RageFist,DrainPunch,BulkUp,Protect|Adamant||F|||50|]Maushold||FocusSash|FriendGuard|FollowMe,Taunt,BeatUp,AfterYou|Jolly|||||50|]Sinistcha||SitrusBerry|Hospitality|RagePowder,LifeDew,MatchaGotcha,TrickRoom|Relaxed|||||50|]Froslass||Froslassite|SnowCloak|AuroraVeil,Blizzard,Haze,ShadowBall|Timid||F|||50|]Ninetales-Alola||LifeOrb|SnowWarning|Blizzard,FreezeDry,Disable,Moonblast|Timid||F|||50|]Charizard||CharizarditeY|Blaze|Flamethrower,SolarBeam,Overheat,FlameCharge|Timid||M|||50|
|inactive|Battle timer is ON: inactive players will automatically lose when time's up. (requested by kulllllllllle)
|
|t:|1782328747
|teamsize|p1|4
|teamsize|p2|4
|start
|switch|p1a: Grimmsnarl|Grimmsnarl, L50, M, shiny|100/100
|switch|p1b: Archaludon|Archaludon, L50, M|100/100
|switch|p2a: Froslass|Froslass, L50, F|100/100
|switch|p2b: Ninetales|Ninetales-Alola, L50, F|100/100
|-weather|Snowscape|[from] ability: Snow Warning|[of] p2b: Ninetales
|turn|1
|inactive|kulllllllllle has 30 seconds left.
|inactive|kulllllllllle has 20 seconds left.
|inactive|kulllllllllle has 15 seconds left.
|inactive|kulllllllllle has 10 seconds left.
|
|t:|1782328793
|move|p1a: Grimmsnarl|Light Screen|p1a: Grimmsnarl
|-sidestart|p1: Itolentino_7|move: Light Screen
|move|p2a: Froslass|Aurora Veil|p2a: Froslass
|-sidestart|p2: kulllllllllle|move: Aurora Veil
|move|p2b: Ninetales|Moonblast|p1a: Grimmsnarl
|-supereffective|p1a: Grimmsnarl|1
|-damage|p1a: Grimmsnarl|40/100
|-damage|p2b: Ninetales|90/100|[from] item: Life Orb
|move|p1b: Archaludon|Flash Cannon|p2b: Ninetales
|-supereffective|p2b: Ninetales|2
|-damage|p2b: Ninetales|0 fnt
|faint|p2b: Ninetales
|
|-weather|Snowscape|[upkeep]
|upkeep
|
|t:|1782328804
|switch|p2b: Annihilape|Annihilape, L50, F|100/100
|turn|2
|inactive|kulllllllllle has 30 seconds left.
|
|t:|1782328833
|detailschange|p2a: Froslass|Froslass-Mega, L50, F
|-mega|p2a: Froslass|Froslass|Froslassite
|move|p1a: Grimmsnarl|Reflect|p1a: Grimmsnarl
|-sidestart|p1: Itolentino_7|Reflect
|move|p2a: Froslass|Blizzard|p1b: Archaludon|[spread] p1a,p1b
|-damage|p1a: Grimmsnarl|9/100
|-damage|p1b: Archaludon|66/100
|-status|p1a: Grimmsnarl|frz
|-ability|p1b: Archaludon|Stamina|boost
|-boost|p1b: Archaludon|def|1
|move|p1b: Archaludon|Flash Cannon|p2a: Froslass
|-supereffective|p2a: Froslass|1
|-damage|p2a: Froslass|37/100
|move|p2b: Annihilape|Bulk Up|p2b: Annihilape
|-boost|p2b: Annihilape|atk|1
|-boost|p2b: Annihilape|def|1
|
|-weather|Snowscape|[upkeep]
|-heal|p1b: Archaludon|72/100|[from] item: Leftovers
|upkeep
|turn|3
|inactive|Itolentino_7 has 30 seconds left.
|inactive|kulllllllllle has 30 seconds left.
|inactive|Itolentino_7 has 20 seconds left.
|inactive|kulllllllllle has 20 seconds left.
|inactive|Itolentino_7 has 15 seconds left.
|inactive|kulllllllllle has 15 seconds left.
|
|t:|1782328874
|move|p1b: Archaludon|Protect|p1b: Archaludon
|-singleturn|p1b: Archaludon|Protect
|cant|p1a: Grimmsnarl|frz
|move|p2a: Froslass|Shadow Ball|p1a: Grimmsnarl
|-resisted|p1a: Grimmsnarl|1
|-damage|p1a: Grimmsnarl|0 fnt
|faint|p1a: Grimmsnarl
|move|p2b: Annihilape|Bulk Up|p2b: Annihilape
|-boost|p2b: Annihilape|atk|1
|-boost|p2b: Annihilape|def|1
|
|-weather|Snowscape|[upkeep]
|-heal|p1b: Archaludon|78/100|[from] item: Leftovers
|upkeep
|
|t:|1782328885
|switch|p1a: Pelipper|Pelipper, L50, M, shiny|100/100
|-weather|RainDance|[from] ability: Drizzle|[of] p1a: Pelipper
|turn|4
|inactive|kulllllllllle has 30 seconds left.
|inactive|kulllllllllle has 20 seconds left.
|inactive|kulllllllllle has 15 seconds left.
|inactive|kulllllllllle has 10 seconds left.
|inactive|kulllllllllle has 5 seconds left.
|
|t:|1782328939
|move|p2a: Froslass|Shadow Ball|p1a: Pelipper
|-damage|p1a: Pelipper|61/100
|-unboost|p1a: Pelipper|spd|1
|move|p1b: Archaludon|Electro Shot||[still]
|-prepare|p1b: Archaludon|Electro Shot
|-boost|p1b: Archaludon|spa|1
|-anim|p1b: Archaludon|Electro Shot|p2b: Annihilape
|-damage|p2b: Annihilape|66/100
|move|p2b: Annihilape|Drain Punch|p1a: Pelipper
|-resisted|p1a: Pelipper|1
|-damage|p1a: Pelipper|31/100
|-heal|p2b: Annihilape|77/100|[from] drain|[of] p1a: Pelipper
|move|p1a: Pelipper|Hurricane|p2b: Annihilape
|-supereffective|p2b: Annihilape|1
|-damage|p2b: Annihilape|26/100
|
|-weather|RainDance|[upkeep]
|-heal|p1b: Archaludon|84/100|[from] item: Leftovers
|upkeep
|turn|5
|inactive|kulllllllllle has 30 seconds left.
|
|t:|1782328966
|switch|p2a: Maushold|Maushold, L50|100/100
|move|p2b: Annihilape|Protect|p2b: Annihilape
|-singleturn|p2b: Annihilape|Protect
|move|p1a: Pelipper|Protect|p1a: Pelipper
|-singleturn|p1a: Pelipper|Protect
|move|p1b: Archaludon|Electro Shot||[still]
|-prepare|p1b: Archaludon|Electro Shot
|-boost|p1b: Archaludon|spa|1
|-anim|p1b: Archaludon|Electro Shot|p2b: Annihilape
|-activate|p2b: Annihilape|move: Protect
|
|-weather|RainDance|[upkeep]
|-heal|p1b: Archaludon|90/100|[from] item: Leftovers
|-sideend|p2: kulllllllllle|move: Aurora Veil
|upkeep
|turn|6
|inactive|kulllllllllle has 30 seconds left.
|inactive|kulllllllllle has 20 seconds left.
|inactive|kulllllllllle has 15 seconds left.
|inactive|kulllllllllle has 10 seconds left.
|
|t:|1782329013
|switch|p1a: Alyssa|Swampert, L50, F, shiny|100/100
|move|p2a: Maushold|After You|p2b: Annihilape
|-activate|p2b: Annihilape|move: After You
|move|p2b: Annihilape|Rage Fist|p1a: Alyssa
|-damage|p1a: Alyssa|0 fnt
|faint|p1a: Alyssa
|move|p1b: Archaludon|Electro Shot||[still]
|-prepare|p1b: Archaludon|Electro Shot
|-boost|p1b: Archaludon|spa|1
|-anim|p1b: Archaludon|Electro Shot|p2b: Annihilape
|-damage|p2b: Annihilape|0 fnt
|faint|p2b: Annihilape
|
|-weather|RainDance|[upkeep]
|-heal|p1b: Archaludon|95/100|[from] item: Leftovers
|upkeep
|
|t:|1782329028
|switch|p1a: Pelipper|Pelipper, L50, M, shiny|31/100
|switch|p2b: Froslass|Froslass-Mega, L50, F|37/100
|-weather|Snowscape|[from] ability: Snow Warning|[of] p2b: Froslass
|-weather|RainDance|[from] ability: Drizzle|[of] p1a: Pelipper
|turn|7
|
|t:|1782329050
|move|p2a: Maushold|Follow Me|p2a: Maushold
|-singleturn|p2a: Maushold|move: Follow Me
|move|p2b: Froslass|Blizzard|p1b: Archaludon|[spread] p1a,p1b
|-damage|p1a: Pelipper|0 fnt
|-damage|p1b: Archaludon|68/100
|-ability|p1b: Archaludon|Stamina|boost
|-boost|p1b: Archaludon|def|1
|faint|p1a: Pelipper
|move|p1b: Archaludon|Electro Shot||[still]
|-prepare|p1b: Archaludon|Electro Shot
|-boost|p1b: Archaludon|spa|1
|-anim|p1b: Archaludon|Electro Shot|p2a: Maushold
|-enditem|p2a: Maushold|Focus Sash
|-damage|p2a: Maushold|1/100
|
|-weather|RainDance|[upkeep]
|-heal|p1b: Archaludon|73/100|[from] item: Leftovers
|upkeep
|turn|8
|inactive|kulllllllllle has 30 seconds left.
|inactive|kulllllllllle has 20 seconds left.
|inactive|kulllllllllle has 15 seconds left.
|inactive|kulllllllllle has 10 seconds left.
|
|t:|1782329096
|move|p2a: Maushold|Follow Me|p2a: Maushold
|-singleturn|p2a: Maushold|move: Follow Me
|move|p2b: Froslass|Shadow Ball|p1b: Archaludon
|-damage|p1b: Archaludon|45/100
|-ability|p1b: Archaludon|Stamina|boost
|-boost|p1b: Archaludon|def|1
|move|p1b: Archaludon|Flash Cannon|p2a: Maushold
|-damage|p2a: Maushold|0 fnt
|faint|p2a: Maushold
|
|-weather|RainDance|[upkeep]
|-heal|p1b: Archaludon|51/100|[from] item: Leftovers
|-sideend|p1: Itolentino_7|move: Light Screen
|upkeep
|turn|9
|
|t:|1782329109
|move|p2b: Froslass|Shadow Ball|p1b: Archaludon
|-damage|p1b: Archaludon|7/100
|-ability|p1b: Archaludon|Stamina|boost
|-boost|p1b: Archaludon|def|1
|move|p1b: Archaludon|Flash Cannon|p2b: Froslass
|-supereffective|p2b: Froslass|1
|-damage|p2b: Froslass|0 fnt
|faint|p2b: Froslass
|
|win|Itolentino_7
|raw|Itolentino_7's rating: 1040 → 1079(+39 for winning)
|raw|kulllllllllle's rating: 1089 → 1062(-27 for losing)
