|j|☆the cruz
|j|☆Stutesting
|html|the cruzStutesting    
|uhtml|bestof|Game 1 of a best-of-3
|t:|1757695035
|gametype|doubles
|player|p1|the cruz|1|1087
|player|p2|Stutesting|102|1196
|gen|9
|tier|[Gen 9] VGC 2025 Reg H (Bo3)
|rated|
|rule|Species Clause: Limit one of each Pokémon
|rule|Item Clause: Limit 1 of each item
|clearpoke
|poke|p1|Tyranitar, L50, F|
|poke|p1|Reuniclus, L50, F|
|poke|p1|Basculegion, L50, M|
|poke|p1|Sneasler, L50, F|
|poke|p1|Indeedee-F, L50, F|
|poke|p1|Incineroar, L50, M|
|poke|p2|Amoonguss, L50, F|
|poke|p2|Incineroar, L50, F|
|poke|p2|Ceruledge, L50, F|
|poke|p2|Porygon2, L50|
|poke|p2|Palafin, L50, F|
|poke|p2|Ursaluna, L50, M|
|teampreview|4
|showteam|p1|Tyranitar||AssaultVest|SandStream|RockSlide,KnockOff,LowKick,TeraBlast|||F|||50|,,,,,Flying]Reuniclus||SitrusBerry|Overcoat|Recover,TrickRoom,TeraBlast,ExpandingForce|||F|||50|,,,,,Water]Basculegion||ChoiceScarf|Adaptability|FlipTurn,PhantomForce,WaveCrash,LastRespects|||M|||50|,,,,,Water]Sneasler||PsychicSeed|Unburden|Protect,RockSlide,DireClaw,CloseCombat|||F|||50|,,,,,Flying]Indeedee-F||RockyHelmet|PsychicSurge|FollowMe,TrickRoom,HealPulse,DazzlingGleam|||F|||50|,,,,,Fairy]Incineroar||SafetyGoggles|Intimidate|FlareBlitz,FakeOut,Taunt,KnockOff|||M|||50|,,,,,Ghost
|showteam|p2|Amoonguss||RockyHelmet|Regenerator|Spore,RagePowder,PollenPuff,Protect|||F|||50|,,,,,Dark]Incineroar||SafetyGoggles|Intimidate|FakeOut,KnockOff,FlareBlitz,PartingShot|||F|||50|,,,,,Ghost]Ceruledge||AssaultVest|FlashFire|BitterBlade,ShadowSneak,CloseCombat,TeraBlast|||F|||50|,,,,,Grass]Porygon2||Eviolite|Download|TeraBlast,IceBeam,TrickRoom,Recover||||||50|,,,,,Fairy]Palafin||MysticWater|ZerotoHero|JetPunch,WaveCrash,CloseCombat,Protect|||F|||50|,,,,,Water]Ursaluna||FlameOrb|Guts|Facade,HeadlongRush,Earthquake,Protect|||M|||50|,,,,,Poison
|inactive|Battle timer is ON: inactive players will automatically lose when time's up. (requested by Stutesting)
|
|t:|1757695059
|teamsize|p1|4
|teamsize|p2|4
|start
|switch|p1a: Basculegion|Basculegion, L50, M|100/100
|switch|p1b: Incineroar|Incineroar, L50, M|100/100
|switch|p2a: Palafin|Palafin, L50, F, shiny|100/100
|switch|p2b: Incineroar|Incineroar, L50, F|100/100
|-ability|p1b: Incineroar|Intimidate|boost
|-unboost|p2a: Palafin|atk|1
|-unboost|p2b: Incineroar|atk|1
|-ability|p2b: Incineroar|Intimidate|boost
|-unboost|p1a: Basculegion|atk|1
|-unboost|p1b: Incineroar|atk|1
|turn|1
|inactive|the cruz has 30 seconds left.
|inactive|Stutesting has 30 seconds left.
|inactive|Stutesting has 20 seconds left.
|
|t:|1757695099
|detailschange|p2a: Palafin|Palafin-Hero, L50, F, shiny
|switch|p2a: Amoonguss|Amoonguss, L50, F|100/100
|move|p1b: Incineroar|Fake Out|p2a: Amoonguss
|-damage|p2a: Amoonguss|93/100
|-damage|p1b: Incineroar|84/100|[from] item: Rocky Helmet|[of] p2a: Amoonguss
|move|p1a: Basculegion|Phantom Force||[still]
|-prepare|p1a: Basculegion|Phantom Force
|move|p2b: Incineroar|Knock Off|p1a: Basculegion|[miss]
|-miss|p2b: Incineroar|p1a: Basculegion
|
|upkeep
|turn|2
|
|t:|1757695119
|switch|p2b: Porygon2|Porygon2, L50|100/100
|-ability|p2b: Porygon2|Download|boost
|-boost|p2b: Porygon2|spa|1
|move|p1a: Basculegion|Phantom Force|p2a: Amoonguss|[from] lockedmove
|-damage|p2a: Amoonguss|60/100
|-damage|p1a: Basculegion|84/100|[from] item: Rocky Helmet|[of] p2a: Amoonguss
|move|p1b: Incineroar|Flare Blitz|p2a: Amoonguss
|-supereffective|p2a: Amoonguss
|-damage|p2a: Amoonguss|0 fnt
|-damage|p1b: Incineroar|68/100|[from] item: Rocky Helmet|[of] p2a: Amoonguss
|faint|p2a: Amoonguss
|-damage|p1b: Incineroar|42/100|[from] Recoil
|
|upkeep
|
|t:|1757695133
|switch|p2a: Palafin|Palafin-Hero, L50, F, shiny|100/100
|-activate|p2a: Palafin|ability: Zero to Hero
|turn|3
|
|t:|1757695157
|switch|p1a: Tyranitar|Tyranitar, L50, F|100/100
|-weather|Sandstorm|[from] ability: Sand Stream|[of] p1a: Tyranitar
|move|p2a: Palafin|Wave Crash|p1b: Incineroar
|-supereffective|p1b: Incineroar
|-damage|p1b: Incineroar|0 fnt
|faint|p1b: Incineroar
|-damage|p2a: Palafin|89/100|[from] Recoil
|move|p2b: Porygon2|Tera Blast|p1a: Tyranitar
|-resisted|p1a: Tyranitar
|-damage|p1a: Tyranitar|89/100
|
|-weather|Sandstorm|[upkeep]
|-damage|p2a: Palafin|84/100|[from] Sandstorm
|-damage|p2b: Porygon2|94/100|[from] Sandstorm
|upkeep
|
|t:|1757695174
|switch|p1b: Basculegion|Basculegion, L50, M|84/100
|turn|4
|
|t:|1757695193
|switch|p2a: Incineroar|Incineroar, L50, F|100/100
|-ability|p2a: Incineroar|Intimidate|boost
|-unboost|p1a: Tyranitar|atk|1
|-unboost|p1b: Basculegion|atk|1
|move|p1b: Basculegion|Last Respects|p2a: Incineroar
|-resisted|p2a: Incineroar
|-damage|p2a: Incineroar|85/100
|move|p2b: Porygon2|Ice Beam|p1a: Tyranitar
|-damage|p1a: Tyranitar|74/100
|move|p1a: Tyranitar|Low Kick|p2b: Porygon2
|-supereffective|p2b: Porygon2
|-damage|p2b: Porygon2|74/100
|
|-weather|Sandstorm|[upkeep]
|-damage|p1b: Basculegion|78/100|[from] Sandstorm
|-damage|p2b: Porygon2|68/100|[from] Sandstorm
|upkeep
|turn|5
|inactive|Stutesting has 30 seconds left.
|
|t:|1757695227
|switch|p1b: Sneasler|Sneasler, L50, F|100/100
|move|p2b: Porygon2|Recover|p2b: Porygon2
|-heal|p2b: Porygon2|100/100
|move|p1a: Tyranitar|Rock Slide|p2b: Porygon2|[spread] p2a,p2b
|-supereffective|p2a: Incineroar
|-damage|p2a: Incineroar|57/100
|-damage|p2b: Porygon2|88/100
|move|p2a: Incineroar|Knock Off|p1b: Sneasler
|-resisted|p1b: Sneasler
|-crit|p1b: Sneasler
|-damage|p1b: Sneasler|56/100
|-enditem|p1b: Sneasler|Psychic Seed|[from] move: Knock Off|[of] p2a: Incineroar
|
|-weather|Sandstorm|[upkeep]
|-damage|p1b: Sneasler|50/100|[from] Sandstorm
|-damage|p2b: Porygon2|82/100|[from] Sandstorm
|upkeep
|turn|6
|inactive|the cruz has 30 seconds left.
|
|t:|1757695256
|move|p1b: Sneasler|Close Combat|p2a: Incineroar
|-supereffective|p2a: Incineroar
|-damage|p2a: Incineroar|0 fnt
|-unboost|p1b: Sneasler|def|1
|-unboost|p1b: Sneasler|spd|1
|faint|p2a: Incineroar
|move|p2b: Porygon2|Ice Beam|p1b: Sneasler
|-damage|p1b: Sneasler|0 fnt
|faint|p1b: Sneasler
|move|p1a: Tyranitar|Rock Slide|p2b: Porygon2
|-damage|p2b: Porygon2|65/100
|
|-weather|Sandstorm|[upkeep]
|-damage|p2b: Porygon2|58/100|[from] Sandstorm
|upkeep
|
|t:|1757695272
|switch|p1b: Basculegion|Basculegion, L50, M|78/100
|switch|p2a: Palafin|Palafin-Hero, L50, F, shiny|84/100
|turn|7
|inactive|the cruz has 30 seconds left.
|inactive|the cruz has 20 seconds left.
|inactive|the cruz has 15 seconds left.
|
|t:|1757695313
|-terastallize|p1b: Basculegion|Water
|move|p2a: Palafin|Protect|p2a: Palafin
|-singleturn|p2a: Palafin|Protect
|move|p1b: Basculegion|Last Respects|p2a: Palafin
|-activate|p2a: Palafin|move: Protect
|move|p2b: Porygon2|Ice Beam|p1b: Basculegion
|-resisted|p1b: Basculegion
|-damage|p1b: Basculegion|57/100
|move|p1a: Tyranitar|Knock Off|p2a: Palafin
|-activate|p2a: Palafin|move: Protect
|
|-weather|none
|upkeep
|turn|8
|inactive|the cruz has 30 seconds left.
|
|t:|1757695340
|-terastallize|p2a: Palafin|Water
|move|p2a: Palafin|Jet Punch|p1b: Basculegion
|-resisted|p1b: Basculegion
|-damage|p1b: Basculegion|15/100
|move|p1b: Basculegion|Last Respects|p2a: Palafin
|-damage|p2a: Palafin|19/100
|move|p2b: Porygon2|Tera Blast|p1b: Basculegion
|-damage|p1b: Basculegion|0 fnt
|faint|p1b: Basculegion
|move|p1a: Tyranitar|Low Kick|p2b: Porygon2
|-supereffective|p2b: Porygon2
|-damage|p2b: Porygon2|41/100
|
|upkeep
|turn|9
|
|t:|1757695357
|move|p2a: Palafin|Wave Crash|p1a: Tyranitar
|-supereffective|p1a: Tyranitar
|-damage|p1a: Tyranitar|0 fnt
|faint|p1a: Tyranitar
|-damage|p2a: Palafin|0 fnt|[from] Recoil
|faint|p2a: Palafin
|
|win|Stutesting
||Stutesting is ready for game 2.
|l|☆the cruz
|player|p1|
|inactive|the cruz has 30 seconds to confirm battle start!
|inactive|the cruz has 20 seconds to confirm battle start!
|l|☆Stutesting
|player|p2|
|inactive|the cruz has 10 seconds to confirm battle start!
|uhtml|next|Next: Game 2 of 3
