|j|☆policho98
|j|☆p1ch1pichi
|html|policho98p1ch1pichi    
|uhtml|bestof|Game 1 of a best-of-3
|t:|1784626292
|gametype|doubles
|player|p1|policho98|2|1185
|player|p2|p1ch1pichi|n|1216
|gen|9
|tier|[Gen 9 Champions] VGC 2026 Reg M-B (Bo3)
|rated|
|rule|Species Clause: Limit one of each Pokémon
|rule|Item Clause: Limit 1 of each item
|clearpoke
|poke|p1|Aerodactyl, L50, F|
|poke|p1|Kingambit, L50, M|
|poke|p1|Sylveon, L50, F|
|poke|p1|Garchomp, L50, F|
|poke|p1|Charizard, L50, F|
|poke|p1|Incineroar, L50, F|
|poke|p2|Whimsicott, L50, M|
|poke|p2|Annihilape, L50, F|
|poke|p2|Tyranitar, L50, F, shiny|
|poke|p2|Houndstone, L50, F|
|poke|p2|Scovillain, L50, M|
|poke|p2|Glimmora, L50, F|
|teampreview|4
|showteam|p1|Aerodactyl||Aerodactylite|Unnerve|RockSlide,IceFang,Tailwind,WideGuard|Jolly||F|||50|]Kingambit||FocusSash|Defiant|KowtowCleave,SuckerPunch,IronHead,Protect|Adamant||M|||50|]Sylveon||FairyFeather|Pixilate|Detect,HyperVoice,HyperBeam,QuickAttack|Modest||F|||50|]Garchomp||LifeOrb|RoughSkin|Earthquake,DragonClaw,StompingTantrum,Protect|Jolly||F|||50|]Charizard||CharizarditeY|Blaze|Protect,HeatWave,SolarBeam,WeatherBall|Modest||F|||50|]Incineroar||SitrusBerry|Intimidate|DarkestLariat,FlareBlitz,FakeOut,PartingShot|Impish||F|||50|
|showteam|p2|Whimsicott||FairyFeather|Prankster|WorrySeed,Tailwind,Moonblast,Protect|Timid||M|||50|]Annihilape||Leftovers|Defiant|Protect,DrainPunch,RageFist,BulkUp|Jolly||F|||50|]Tyranitar||ChopleBerry|SandStream|Protect,RockSlide,KnockOff,IcePunch|Adamant||F|||50|]Houndstone||FocusSash|SandRush|Protect,AllySwitch,PhantomForce,DestinyBond|Jolly||F|||50|]Scovillain||Scovillainite|Moody|Overheat,GigaDrain,RagePowder,Protect|Calm||M|||50|]Glimmora||Glimmoranite|ToxicDebris|SpikyShield,SludgeBomb,PowerGem,EarthPower|Modest||F|||50|
|inactive|Battle timer is ON: inactive players will automatically lose when time's up. (requested by p1ch1pichi)
|inactive|p1ch1pichi has 60 seconds left.
|
|t:|1784626336
|teamsize|p1|4
|teamsize|p2|4
|start
|switch|p1a: Sylveon|Sylveon, L50, F|100/100
|switch|p1b: Garchomp|Garchomp, L50, F|100/100
|switch|p2a: Leon Kennedy|Tyranitar, L50, F, shiny|100/100
|switch|p2b: Scovillain|Scovillain, L50, M|100/100
|-weather|Sandstorm|[from] ability: Sand Stream|[of] p2a: Leon Kennedy
|turn|1
|
|t:|1784626360
|detailschange|p2b: Scovillain|Scovillain-Mega, L50, M
|-mega|p2b: Scovillain|Scovillain|Scovillainite
|move|p1b: Garchomp|Protect|p1b: Garchomp
|-singleturn|p1b: Garchomp|Protect
|move|p2a: Leon Kennedy|Protect|p2a: Leon Kennedy
|-singleturn|p2a: Leon Kennedy|Protect
|move|p1a: Sylveon|Hyper Voice|p2b: Scovillain|[spread] p2b
|-activate|p2a: Leon Kennedy|move: Protect
|-resisted|p2b: Scovillain|1
|-damage|p2b: Scovillain|77/100
|-status|p1a: Sylveon|brn|[from] ability: Spicy Spray|[of] p2b: Scovillain
|move|p2b: Scovillain|Overheat|p1a: Sylveon
|-damage|p1a: Sylveon|56/100 brn
|-unboost|p2b: Scovillain|spa|2
|
|-weather|Sandstorm|[upkeep]
|-damage|p1a: Sylveon|50/100g brn|[from] Sandstorm
|-damage|p2b: Scovillain|72/100|[from] Sandstorm
|-damage|p1a: Sylveon|44/100 brn|[from] brn
|upkeep
|turn|2
|inactive|p1ch1pichi has 30 seconds left.
|
|t:|1784626389
|switch|p1b: Kingambit|Kingambit, L50, M|100/100
|move|p1a: Sylveon|Hyper Voice|p2b: Scovillain|[spread] p2a,p2b
|-supereffective|p2a: Leon Kennedy|1
|-resisted|p2b: Scovillain|1
|-damage|p2a: Leon Kennedy|46/100
|-damage|p2b: Scovillain|47/100
|move|p2b: Scovillain|Giga Drain|p1a: Sylveon
|-damage|p1a: Sylveon|30/100 brn
|-heal|p2b: Scovillain|55/100|[from] drain|[of] p1a: Sylveon
|move|p2a: Leon Kennedy|Ice Punch|p1b: Kingambit
|-resisted|p1b: Kingambit|1
|-damage|p1b: Kingambit|87/100
|
|-weather|Sandstorm|[upkeep]
|-damage|p1a: Sylveon|24/100 brn|[from] Sandstorm
|-damage|p2b: Scovillain|50/100y|[from] Sandstorm
|-damage|p1a: Sylveon|18/100 brn|[from] brn
|upkeep
|turn|3
|
|t:|1784626412
|switch|p1b: Charizard|Charizard, L50, F|100/100
|move|p2a: Leon Kennedy|Protect|p2a: Leon Kennedy
|-singleturn|p2a: Leon Kennedy|Protect
|move|p1a: Sylveon|Hyper Voice|p2b: Scovillain|[spread] p2b
|-activate|p2a: Leon Kennedy|move: Protect
|-resisted|p2b: Scovillain|1
|-damage|p2b: Scovillain|27/100
|move|p2b: Scovillain|Overheat|p1b: Charizard
|-resisted|p1b: Charizard|1
|-damage|p1b: Charizard|83/100
|-unboost|p2b: Scovillain|spa|2
|
|-weather|Sandstorm|[upkeep]
|-damage|p1b: Charizard|77/100|[from] Sandstorm
|-damage|p1a: Sylveon|12/100 brn|[from] Sandstorm
|-damage|p2b: Scovillain|22/100|[from] Sandstorm
|-damage|p1a: Sylveon|6/100 brn|[from] brn
|upkeep
|turn|4
|
|t:|1784626432
|switch|p2a: Glimmora|Glimmora, L50, F|100/100
|move|p1b: Charizard|Protect|p1b: Charizard
|-singleturn|p1b: Charizard|Protect
|move|p2b: Scovillain|Protect|p2b: Scovillain
|-singleturn|p2b: Scovillain|Protect
|move|p1a: Sylveon|Hyper Voice|p2b: Scovillain|[spread] p2a
|-activate|p2b: Scovillain|move: Protect
|-resisted|p2a: Glimmora|1
|-crit|p2a: Glimmora
|-damage|p2a: Glimmora|66/100
|
|-weather|Sandstorm|[upkeep]
|-damage|p1b: Charizard|71/100|[from] Sandstorm
|-damage|p1a: Sylveon|1/100 brn|[from] Sandstorm
|-damage|p2b: Scovillain|16/100|[from] Sandstorm
|-damage|p1a: Sylveon|0 fnt|[from] brn
|faint|p1a: Sylveon
|upkeep
|
|t:|1784626453
|switch|p1a: Garchomp|Garchomp, L50, F|100/100
|turn|5
|
|t:|1784626470
|move|p2a: Glimmora|Spiky Shield|p2a: Glimmora
|-singleturn|p2a: Glimmora|move: Protect
|move|p1a: Garchomp|Earthquake|p2b: Scovillain|[spread] p2b
|-activate|p2a: Glimmora|move: Protect
|-immune|p1b: Charizard
|-damage|p2b: Scovillain|0 fnt
|-status|p1a: Garchomp|brn|[from] ability: Spicy Spray|[of] p2b: Scovillain
|faint|p2b: Scovillain
|-damage|p1a: Garchomp|90/100 brn|[from] item: Life Orb
|move|p1b: Charizard|Heat Wave|p2a: Glimmora
|-activate|p2a: Glimmora|move: Protect
|
|-weather|none
|-damage|p1a: Garchomp|84/100 brn|[from] brn
|upkeep
|
|t:|1784626487
|switch|p2b: Whimsicott|Whimsicott, L50, M|100/100
|turn|6
|
|t:|1784626499
|move|p1b: Charizard|Protect|p1b: Charizard
|-singleturn|p1b: Charizard|Protect
|move|p2b: Whimsicott|Tailwind|p2b: Whimsicott
|-sidestart|p2: p1ch1pichi|move: Tailwind
|move|p2a: Glimmora|Power Gem|p1b: Charizard
|-activate|p1b: Charizard|move: Protect
|move|p1a: Garchomp|Earthquake|p2a: Glimmora|[spread] p2a,p2b
|-activate|p1b: Charizard|move: Protect
|-supereffective|p2a: Glimmora|2
|-resisted|p2b: Whimsicott|1
|-damage|p2a: Glimmora|0 fnt
|-damage|p2b: Whimsicott|83/100
|-activate|p2a: Glimmora|ability: Toxic Debris
|-sidestart|p1: policho98|move: Toxic Spikes
|faint|p2a: Glimmora
|-damage|p1a: Garchomp|74/100 brn|[from] item: Life Orb
|
|-damage|p1a: Garchomp|68/100 brn|[from] brn
|upkeep
|
|t:|1784626514
|switch|p2a: Leon Kennedy|Tyranitar, L50, F, shiny|46/100
|-weather|Sandstorm|[from] ability: Sand Stream|[of] p2a: Leon Kennedy
|turn|7
|
|t:|1784626529
|switch|p1b: Kingambit|Kingambit, L50, M|87/100
|move|p2b: Whimsicott|Moonblast|p1a: Garchomp
|-supereffective|p1a: Garchomp|1
|-damage|p1a: Garchomp|0 fnt
|faint|p1a: Garchomp
|move|p2a: Leon Kennedy|Rock Slide|p1b: Kingambit
|-resisted|p1b: Kingambit|1
|-damage|p1b: Kingambit|68/100
|
|-weather|Sandstorm|[upkeep]
|-damage|p2b: Whimsicott|77/100|[from] Sandstorm
|upkeep
|
|t:|1784626540
|switch|p1a: Charizard|Charizard, L50, F|71/100
|turn|8
|
|t:|1784626550
|detailschange|p1a: Charizard|Charizard-Mega-Y, L50, F
|-mega|p1a: Charizard|Charizard|Charizardite Y
|-weather|SunnyDay|[from] ability: Drought|[of] p1a: Charizard
|move|p2b: Whimsicott|Moonblast|p1b: Kingambit
|-damage|p1b: Kingambit|29/100
|move|p2a: Leon Kennedy|Rock Slide|p1b: Kingambit|[spread] p1a,p1b
|-supereffective|p1a: Charizard|2
|-resisted|p1b: Kingambit|1
|-damage|p1a: Charizard|0 fnt
|-damage|p1b: Kingambit|16/100
|faint|p1a: Charizard
|move|p1b: Kingambit|Iron Head|p2a: Leon Kennedy
|-supereffective|p2a: Leon Kennedy|1
|-damage|p2a: Leon Kennedy|0 fnt
|faint|p2a: Leon Kennedy
|
|-weather|SunnyDay|[upkeep]
|upkeep
|turn|9
|
|t:|1784626566
|move|p2b: Whimsicott|Moonblast|p1b: Kingambit
|-damage|p1b: Kingambit|0 fnt
|faint|p1b: Kingambit
|
|win|p1ch1pichi
||policho98 is ready for game 2.
||p1ch1pichi is ready for game 2.
|uhtml|next|Next: Game 2 of 3
|l|☆policho98
|player|p1|
