|j|☆chocokoala vgc
|j|☆x5414
|html|chocokoala vgcx5414    
|uhtml|bestof|Game 2 of a best-of-3
|t:|1782503404
|gametype|doubles
|player|p1|chocokoala vgc|benga|1214
|player|p2|x5414|266|1267
|gen|9
|tier|[Gen 9 Champions] VGC 2026 Reg M-B (Bo3)
|rated|
|rule|Species Clause: Limit one of each Pokémon
|rule|Item Clause: Limit 1 of each item
|clearpoke
|poke|p1|Primarina, L50, F|
|poke|p1|Metagross, L50|
|poke|p1|Incineroar, L50, M|
|poke|p1|Sinistcha, L50|
|poke|p1|Aerodactyl, L50, F|
|poke|p1|Garchomp, L50, M|
|poke|p2|Grimmsnarl, L50, M|
|poke|p2|Incineroar, L50, M|
|poke|p2|Whimsicott, L50, F|
|poke|p2|Sinistcha, L50|
|poke|p2|Staraptor, L50, M|
|poke|p2|Glimmora, L50, F|
|teampreview|4
|showteam|p1|Primarina||Leftovers|LiquidVoice|HyperVoice,Moonblast,Protect,CalmMind|Modest||F|||50|]Metagross||Metagrossite|ClearBody|MeteorMash,PsychicFangs,Protect,StompingTantrum|Adamant|||||50|]Incineroar||SitrusBerry|Intimidate|FakeOut,PartingShot,FlareBlitz,ThroatChop|Careful||M|||50|]Sinistcha||KasibBerry|Hospitality|MatchaGotcha,RagePowder,LifeDew,TrickRoom|Sassy|||||50|]Aerodactyl||Aerodactylite|RockHead|RockSlide,DualWingbeat,Protect,Tailwind|Jolly||F|||50|]Garchomp||LifeOrb|RoughSkin|Earthquake,StompingTantrum,Protect,DragonClaw|Adamant||M|||50|
|showteam|p2|Grimmsnarl||LightClay|Prankster|LightScreen,Reflect,PartingShot,SpiritBreak|Careful||M|||50|]Incineroar||SitrusBerry|Intimidate|FakeOut,FlareBlitz,DarkestLariat,PartingShot|Relaxed||M|||50|]Whimsicott||FocusSash|Prankster|Protect,Moonblast,Encore,Charm|Bold||F|||50|]Sinistcha||OccaBerry|Hospitality|MatchaGotcha,RagePowder,TrickRoom,LifeDew|Sassy|||||50|]Staraptor||Staraptite|Intimidate|BraveBird,CloseCombat,Roost,Protect|Jolly||M|||50|]Glimmora||ChoiceScarf|ToxicDebris|EnergyBall,EarthPower,PowerGem,SludgeBomb|Timid||F|||50|
|inactive|Battle timer is ON: inactive players will automatically lose when time's up. (requested by chocokoala vgc)
|
|t:|1782503417
|teamsize|p1|4
|teamsize|p2|4
|start
|switch|p1a: Metagross|Metagross, L50|100/100
|switch|p1b: Primarina|Primarina, L50, F|100/100
|switch|p2a: Staraptor|Staraptor, L50, M|100/100
|switch|p2b: Whimsicott|Whimsicott, L50, F|100/100
|-ability|p2a: Staraptor|Intimidate|boost
|-fail|p1a: Metagross|unboost|[from] ability: Clear Body|[of] p1a: Metagross
|-unboost|p1b: Primarina|atk|1
|turn|1
|inactive|x5414 has 30 seconds left.
|inactive|chocokoala vgc has 30 seconds left.
|
|t:|1782503454
|switch|p2b: Incineroar|Incineroar, L50, M|100/100
|-ability|p2b: Incineroar|Intimidate|boost
|-fail|p1a: Metagross|unboost|[from] ability: Clear Body|[of] p1a: Metagross
|-unboost|p1b: Primarina|atk|1
|detailschange|p2a: Staraptor|Staraptor-Mega, L50, M
|-mega|p2a: Staraptor|Staraptor|Staraptite
|detailschange|p1a: Metagross|Metagross-Mega, L50
|-mega|p1a: Metagross|Metagross|Metagrossite
|move|p2a: Staraptor|Protect|p2a: Staraptor
|-singleturn|p2a: Staraptor|Protect
|move|p1a: Metagross|Psychic Fangs|p2a: Staraptor
|-activate|p2a: Staraptor|move: Protect
|move|p1b: Primarina|Moonblast|p2a: Staraptor
|-activate|p2a: Staraptor|move: Protect
|
|upkeep
|turn|2
|
|t:|1782503468
|move|p1a: Metagross|Protect|p1a: Metagross
|-singleturn|p1a: Metagross|Protect
|move|p2b: Incineroar|Fake Out|p1a: Metagross
|-activate|p1a: Metagross|move: Protect
|move|p2a: Staraptor|Close Combat|p1b: Primarina
|-resisted|p1b: Primarina|1
|-damage|p1b: Primarina|67/100
|-boost|p2a: Staraptor|def|1
|-boost|p2a: Staraptor|spd|1
|move|p1b: Primarina|Moonblast|p2a: Staraptor
|-supereffective|p2a: Staraptor|1
|-damage|p2a: Staraptor|30/100
|
|-heal|p1b: Primarina|73/100|[from] item: Leftovers
|upkeep
|turn|3
|
|t:|1782503488
|move|p2a: Staraptor|Protect|p2a: Staraptor
|-singleturn|p2a: Staraptor|Protect
|move|p1a: Metagross|Psychic Fangs|p2a: Staraptor
|-activate|p2a: Staraptor|move: Protect
|move|p1b: Primarina|Hyper Voice|p2a: Staraptor|[spread] p2b
|-activate|p2a: Staraptor|move: Protect
|-supereffective|p2b: Incineroar|1
|-damage|p2b: Incineroar|43/100
|-enditem|p2b: Incineroar|Sitrus Berry|[eat]
|-heal|p2b: Incineroar|68/100|[from] item: Sitrus Berry
|move|p2b: Incineroar|Parting Shot|p1a: Metagross
|-unboost|p1a: Metagross|atk|1
|-unboost|p1a: Metagross|spa|1
|
|t:|1782503496
|switch|p2b: Sinistcha|Sinistcha, L50|100/100|[from] Parting Shot
|-heal|p2a: Staraptor|55/100|[from] ability: Hospitality|[of] p2b: Sinistcha
|
|-heal|p1b: Primarina|79/100|[from] item: Leftovers
|upkeep
|turn|4
|
|t:|1782503509
|switch|p1a: Incineroar|Incineroar, L50, M|100/100
|-ability|p1a: Incineroar|Intimidate|boost
|-boost|p2a: Staraptor|atk|1
|-unboost|p2b: Sinistcha|atk|1
|move|p2b: Sinistcha|Rage Powder|p2b: Sinistcha
|-singleturn|p2b: Sinistcha|move: Rage Powder
|move|p2a: Staraptor|Close Combat|p1a: Incineroar
|-supereffective|p1a: Incineroar|1
|-damage|p1a: Incineroar|0 fnt
|-boost|p2a: Staraptor|def|1
|-boost|p2a: Staraptor|spd|1
|faint|p1a: Incineroar
|move|p1b: Primarina|Moonblast|p2b: Sinistcha
|-damage|p2b: Sinistcha|54/100
|
|-heal|p1b: Primarina|85/100|[from] item: Leftovers
|upkeep
|
|t:|1782503523
|switch|p1a: Decidueye?|Sinistcha, L50|100/100
|-heal|p1b: Primarina|100/100|[from] ability: Hospitality|[of] p1a: Decidueye?
|turn|5
|
|t:|1782503533
|move|p2a: Staraptor|Protect|p2a: Staraptor
|-singleturn|p2a: Staraptor|Protect
|move|p1a: Decidueye?|Rage Powder|p1a: Decidueye?
|-singleturn|p1a: Decidueye?|move: Rage Powder
|move|p1b: Primarina|Hyper Voice|p2a: Staraptor|[spread] p2b
|-activate|p2a: Staraptor|move: Protect
|-resisted|p2b: Sinistcha|1
|-damage|p2b: Sinistcha|39/100
|move|p2b: Sinistcha|Matcha Gotcha|p1a: Decidueye?|[spread] p1a,p1b
|-resisted|p1a: Decidueye?|1
|-supereffective|p1b: Primarina|1
|-crit|p1b: Primarina
|-damage|p1a: Decidueye?|89/100
|-heal|p2b: Sinistcha|45/100|[from] drain|[of] p1a: Decidueye?
|-damage|p1b: Primarina|38/100
|-heal|p2b: Sinistcha|74/100|[from] drain|[of] p1b: Primarina
|
|-heal|p1b: Primarina|44/100|[from] item: Leftovers
|upkeep
|turn|6
|-message|chocokoala vgc forfeited.
|
|win|x5414
