|j|☆bearlover997
|j|☆lux raymundi
|html|bearlover997lux raymundi    
|uhtml|bestof|Game 1 of a best-of-3
|t:|1786160743
|gametype|doubles
|player|p1|bearlover997|sage|1107
|player|p2|lux raymundi|169|1263
|gen|9
|tier|[Gen 9 Champions] VGC 2026 Reg M-B (Bo3)
|rated|
|rule|Species Clause: Limit one of each Pokémon
|rule|Item Clause: Limit 1 of each item
|clearpoke
|poke|p1|Dragalge, L50, F, shiny|
|poke|p1|Sinistcha, L50|
|poke|p1|Incineroar, L50, M|
|poke|p1|Grimmsnarl, L50, M|
|poke|p1|Lopunny, L50, M, shiny|
|poke|p1|Tyrantrum, L50, F, shiny|
|poke|p2|Staraptor, L50, M|
|poke|p2|Arcanine-Hisui, L50, F|
|poke|p2|Kingambit, L50, M|
|poke|p2|Raichu, L50, F|
|poke|p2|Farigiraf, L50, F|
|poke|p2|Sylveon, L50, M|
|teampreview|4
|showteam|p1|Dragalge||Dragalgite|PoisonPoint|DracoMeteor,SludgeBomb,FlipTurn,Toxic|Calm||F|||50|]Sinistcha||ColburBerry|Hospitality|MatchaGotcha,StrengthSap,RagePowder,Protect|Bold|||||50|]Incineroar||SitrusBerry|Intimidate|FakeOut,PartingShot,WillOWisp,FlareBlitz|Adamant||M|||50|]Grimmsnarl||LightClay|Prankster|LightScreen,Reflect,PartingShot,SpiritBreak|Careful||M|||50|]Lopunny||Lopunnite|Limber|CloseCombat,Encore,FakeOut,Uturn|Jolly||M|||50|]Tyrantrum||LifeOrb|RockHead|HeadSmash,DragonDance,DragonClaw,Protect|Adamant||F|||50|
|showteam|p2|Staraptor||Staraptite|Intimidate|DualWingbeat,CloseCombat,Tailwind,Protect|Jolly||M|||50|]Arcanine-Hisui||FocusSash|RockHead|FlareBlitz,HeadSmash,ExtremeSpeed,Protect|Jolly||F|||50|]Kingambit||LifeOrb|Defiant|KowtowCleave,SuckerPunch,SwordsDance,Protect|Adamant||M|||50|]Raichu||RaichuniteY|LightningRod|ZapCannon,FocusBlast,FakeOut,Protect|Timid||F|||50|]Farigiraf||SitrusBerry|ArmorTail|Psychic,HelpingHand,TrickRoom,Protect|Calm||F|||50|]Sylveon||FairyFeather|Pixilate|HyperVoice,HyperBeam,QuickAttack,Detect|Modest||M|||50|
|inactive|Battle timer is ON: inactive players will automatically lose when time's up. (requested by bearlover997)
|
|t:|1786160771
|teamsize|p1|4
|teamsize|p2|4
|start
|switch|p1a: Lopunny|Lopunny, L50, M, shiny|100/100
|switch|p1b: Tyrantrum|Tyrantrum, L50, F, shiny|100/100
|switch|p2a: Kingambit|Kingambit, L50, M|100/100
|switch|p2b: Staraptor|Staraptor, L50, M|100/100
|-ability|p2b: Staraptor|Intimidate|boost
|-unboost|p1a: Lopunny|atk|1
|-unboost|p1b: Tyrantrum|atk|1
|turn|1
|inactive|lux raymundi has 30 seconds left.
|
|t:|1786160798
|switch|p2a: Farigiraf|Farigiraf, L50, F|100/100
|detailschange|p1a: Lopunny|Lopunny-Mega, L50, M, shiny
|-mega|p1a: Lopunny|Lopunny|Lopunnite
|detailschange|p2b: Staraptor|Staraptor-Mega, L50, M
|-mega|p2b: Staraptor|Staraptor|Staraptite
|move|p1a: Lopunny|Fake Out||[still]
|cant|p2a: Farigiraf|ability: Armor Tail|Fake Out|[of] p1a: Lopunny
|move|p2b: Staraptor|Close Combat|p1b: Tyrantrum
|-supereffective|p1b: Tyrantrum|1
|-damage|p1b: Tyrantrum|0 fnt
|-boost|p2b: Staraptor|def|1
|-boost|p2b: Staraptor|spd|1
|faint|p1b: Tyrantrum
|
|upkeep
|
|t:|1786160812
|switch|p1b: Grimmsnarl|Grimmsnarl, L50, M|100/100
|turn|2
|
|t:|1786160820
|move|p1b: Grimmsnarl|Reflect|p1b: Grimmsnarl
|-sidestart|p1: bearlover997|Reflect
|move|p1a: Lopunny|U-turn|p2a: Farigiraf
|-supereffective|p2a: Farigiraf|1
|-damage|p2a: Farigiraf|71/100
|
|t:|1786160825
|switch|p1a: Sinistcha|Sinistcha, L50|100/100|[from] U-turn
|move|p2b: Staraptor|Close Combat|p1a: Sinistcha
|-immune|p1a: Sinistcha
|move|p2a: Farigiraf|Psychic|p1a: Sinistcha
|-damage|p1a: Sinistcha|60/100
|
|upkeep
|turn|3
|
|t:|1786160841
|move|p2b: Staraptor|Protect|p2b: Staraptor
|-singleturn|p2b: Staraptor|Protect
|move|p1a: Sinistcha|Matcha Gotcha|p2a: Farigiraf|[spread] p2a
|-activate|p2b: Staraptor|move: Protect
|-damage|p2a: Farigiraf|53/100
|-heal|p1a: Sinistcha|71/100|[from] drain|[of] p2a: Farigiraf
|move|p2a: Farigiraf|Psychic|p1a: Sinistcha
|-damage|p1a: Sinistcha|33/100
|move|p1b: Grimmsnarl|Spirit Break|p2b: Staraptor
|-activate|p2b: Staraptor|move: Protect
|
|upkeep
|turn|4
|
|t:|1786160857
|switch|p2b: Kingambit|Kingambit, L50, M|100/100
|move|p1a: Sinistcha|Matcha Gotcha|p2b: Kingambit|[spread] p2a
|-miss|p1a: Sinistcha|p2b: Kingambit
|-damage|p2a: Farigiraf|35/100
|-heal|p1a: Sinistcha|44/100|[from] drain|[of] p2a: Farigiraf
|-enditem|p2a: Farigiraf|Sitrus Berry|[eat]
|-heal|p2a: Farigiraf|59/100|[from] item: Sitrus Berry
|move|p2a: Farigiraf|Psychic|p1a: Sinistcha
|-damage|p1a: Sinistcha|5/100
|move|p1b: Grimmsnarl|Spirit Break|p2a: Farigiraf
|-damage|p2a: Farigiraf|29/100
|-unboost|p2a: Farigiraf|spa|1
|
|upkeep
|turn|5
|
|t:|1786160879
|move|p1a: Sinistcha|Strength Sap|p1b: Grimmsnarl
|-unboost|p1b: Grimmsnarl|atk|1
|-heal|p1a: Sinistcha|85/100
|move|p2a: Farigiraf|Psychic|p1a: Sinistcha
|-damage|p1a: Sinistcha|56/100
|move|p1b: Grimmsnarl|Spirit Break|p2a: Farigiraf
|-damage|p2a: Farigiraf|11/100
|-unboost|p2a: Farigiraf|spa|1
|move|p2b: Kingambit|Kowtow Cleave|p1a: Sinistcha
|-supereffective|p1a: Sinistcha|1
|-enditem|p1a: Sinistcha|Colbur Berry|[eat]
|-enditem|p1a: Sinistcha|Colbur Berry|[weaken]
|-damage|p1a: Sinistcha|26/100
|-damage|p2b: Kingambit|90/100|[from] item: Life Orb
|
|upkeep
|turn|6
|
|t:|1786160900
|switch|p2a: Sylveon|Sylveon, L50, M|100/100
|move|p1a: Sinistcha|Matcha Gotcha|p2b: Kingambit|[spread] p2a
|-miss|p1a: Sinistcha|p2b: Kingambit
|-crit|p2a: Sylveon
|-damage|p2a: Sylveon|72/100
|-heal|p1a: Sinistcha|40/100|[from] drain|[of] p2a: Sylveon
|move|p1b: Grimmsnarl|Spirit Break|p2a: Sylveon
|-damage|p2a: Sylveon|48/100
|-unboost|p2a: Sylveon|spa|1
|move|p2b: Kingambit|Kowtow Cleave|p1a: Sinistcha
|-supereffective|p1a: Sinistcha|1
|-damage|p1a: Sinistcha|0 fnt
|faint|p1a: Sinistcha
|-damage|p2b: Kingambit|80/100|[from] item: Life Orb
|
|upkeep
|
|t:|1786160915
|switch|p1a: Lopunny|Lopunny-Mega, L50, M, shiny|100/100
|turn|7
|
|t:|1786160933
|switch|p2b: Staraptor|Staraptor-Mega, L50, M|100/100
|move|p1b: Grimmsnarl|Light Screen|p1b: Grimmsnarl
|-sidestart|p1: bearlover997|move: Light Screen
|move|p1a: Lopunny|Close Combat|p2b: Staraptor
|-resisted|p2b: Staraptor|1
|-damage|p2b: Staraptor|68/100
|-unboost|p1a: Lopunny|def|1
|-unboost|p1a: Lopunny|spd|1
|move|p2a: Sylveon|Hyper Voice|p1a: Lopunny|[spread] p1a,p1b
|-supereffective|p1a: Lopunny|1
|-supereffective|p1b: Grimmsnarl|1
|-damage|p1a: Lopunny|11/100
|-damage|p1b: Grimmsnarl|68/100
|
|upkeep
|turn|8
|
|t:|1786160956
|move|p2a: Sylveon|Quick Attack|p1a: Lopunny
|-supereffective|p1a: Lopunny|1
|-damage|p1a: Lopunny|0 fnt
|faint|p1a: Lopunny
|move|p2b: Staraptor|Close Combat|p1b: Grimmsnarl
|-damage|p1b: Grimmsnarl|16/100
|-boost|p2b: Staraptor|def|1
|-boost|p2b: Staraptor|spd|1
|move|p1b: Grimmsnarl|Spirit Break|p2a: Sylveon
|-damage|p2a: Sylveon|25/100
|-unboost|p2a: Sylveon|spa|1
|
|upkeep
|turn|9
|
|t:|1786160970
|move|p2a: Sylveon|Quick Attack|p1b: Grimmsnarl
|-supereffective|p1b: Grimmsnarl|1
|-damage|p1b: Grimmsnarl|0 fnt
|faint|p1b: Grimmsnarl
|
|win|lux raymundi
