|j|☆zessodotexe
|j|☆higigig
|html|zessodotexehigigig    
|uhtml|bestof|Game 2 of a best-of-3
|t:|1756177677
|gametype|doubles
|player|p1|zessodotexe|170|1072
|player|p2|higigig|sisandbro|1167
|gen|9
|tier|[Gen 9] VGC 2025 Reg H (Bo3)
|rated|
|rule|Species Clause: Limit one of each Pokémon
|rule|Item Clause: Limit 1 of each item
|clearpoke
|poke|p1|Annihilape, L50, F|
|poke|p1|Tatsugiri, L50, F|
|poke|p1|Sneasler, L50, F|
|poke|p1|Dragapult, L50, M|
|poke|p1|Dondozo, L50, F|
|poke|p1|Indeedee, L50, M|
|poke|p2|Sneasler, L50, F|
|poke|p2|Gholdengo, L50|
|poke|p2|Farigiraf, L50, M|
|poke|p2|Ursaluna-Bloodmoon, L50, M|
|poke|p2|Amoonguss, L50, M|
|poke|p2|Altaria, L50, F|
|teampreview|4
|showteam|p1|Annihilape||ChoiceScarf|Defiant|FinalGambit,CloseCombat,Coaching,Uturn|||F|||50|,,,,,Grass]Tatsugiri||SafetyGoggles|Commander|MuddyWater,Protect,DracoMeteor,DragonPulse|||F|||50|,,,,,Ghost]Sneasler||PsychicSeed|Unburden|Protect,ThroatChop,DireClaw,CloseCombat|||F|||50|,,,,,Dark]Dragapult||LifeOrb|ClearBody|DragonDarts,Uturn,Protect,TeraBlast|||M|||50|,,,,,Steel]Dondozo||Leftovers|Unaware|WaveCrash,Protect,HeavySlam,Earthquake|||F|||50|,,,,,Steel]Indeedee||FocusSash|PsychicSurge|ExpandingForce,Protect,TrickRoom,Imprison|||M|||50|,,,,,Ghost
|showteam|p2|Sneasler||FocusSash|PoisonTouch|FakeOut,CloseCombat,DireClaw,Taunt|||F|||50|,,,,,Ghost]Gholdengo||ChoiceSpecs|GoodasGold|MakeItRain,ShadowBall,DazzlingGleam,PowerGem||||||50|,,,,,Steel]Farigiraf||MentalHerb|ArmorTail|Psychic,Imprison,HelpingHand,TrickRoom|||M|||50|,,,,,Grass]Ursaluna-Bloodmoon||ThroatSpray|MindsEye|HyperVoice,EarthPower,BloodMoon,Protect|||M|||50|,,,,,Normal]Amoonguss||SitrusBerry|Regenerator|SludgeBomb,PollenPuff,Spore,RagePowder|||M|||50|,,,,,Water]Altaria||CovertCloak|CloudNine|BreakingSwipe,HelpingHand,Haze,Tailwind|||F|||50|,,,,,Water
|inactive|Battle timer is ON: inactive players will automatically lose when time's up. (requested by higigig)
|inactive|zessodotexe also wants the timer to be on.
|j| tadphantom
|inactive|higigig has 60 seconds left.
|
|t:|1756177713
|teamsize|p1|4
|teamsize|p2|4
|start
|switch|p1a: Sneasler|Sneasler, L50, F|100/100
|switch|p1b: Indeedee|Indeedee, L50, M|100/100
|switch|p2a: Farigiraf|Farigiraf, L50, M|100/100
|switch|p2b: Gholdengo|Gholdengo, L50|100/100
|-fieldstart|move: Psychic Terrain|[from] ability: Psychic Surge|[of] p1b: Indeedee
|-enditem|p1a: Sneasler|Psychic Seed
|-boost|p1a: Sneasler|spd|1|[from] item: Psychic Seed
|turn|1
|inactive|higigig has 30 seconds left.
|
|t:|1756177739
|move|p1a: Sneasler|Throat Chop|p2a: Farigiraf
|-supereffective|p2a: Farigiraf
|-damage|p2a: Farigiraf|53/100
|-start|p2a: Farigiraf|Throat Chop|[silent]
|move|p1b: Indeedee|Expanding Force|p2b: Gholdengo|[spread] p2a,p2b
|-resisted|p2a: Farigiraf
|-resisted|p2b: Gholdengo
|-damage|p2a: Farigiraf|27/100
|-damage|p2b: Gholdengo|74/100
|move|p2b: Gholdengo|Make It Rain|p1b: Indeedee|[spread] p1a,p1b
|-damage|p1a: Sneasler|35/100
|-damage|p1b: Indeedee|1/100
|-unboost|p2b: Gholdengo|spa|1
|move|p2a: Farigiraf|Psychic|p1b: Indeedee
|-resisted|p1b: Indeedee
|-damage|p1b: Indeedee|0 fnt
|faint|p1b: Indeedee
|
|upkeep
|
|t:|1756177762
|switch|p1b: Dondozo|Dondozo, L50, F|100/100
|turn|2
|inactive|zessodotexe has 30 seconds left.
|inactive|higigig has 30 seconds left.
|
|t:|1756177793
|-terastallize|p2a: Farigiraf|Grass
|move|p1a: Sneasler|Throat Chop|p2a: Farigiraf
|-damage|p2a: Farigiraf|4/100
|move|p2b: Gholdengo|Make It Rain|p1a: Sneasler|[spread] p1a,p1b
|-resisted|p1b: Dondozo
|-damage|p1a: Sneasler|0 fnt
|-damage|p1b: Dondozo|67/100
|-unboost|p2b: Gholdengo|spa|1
|faint|p1a: Sneasler
|move|p1b: Dondozo|Wave Crash|p2b: Gholdengo
|-damage|p2b: Gholdengo|20/100
|-damage|p1b: Dondozo|55/100|[from] Recoil
|move|p2a: Farigiraf|Trick Room|p2a: Farigiraf
|-fieldstart|move: Trick Room|[of] p2a: Farigiraf
|
|-heal|p1b: Dondozo|62/100|[from] item: Leftovers
|-end|p2a: Farigiraf|Throat Chop|[silent]
|upkeep
|
|t:|1756177801
|switch|p1a: Tatsugiri|Tatsugiri, L50, F|100/100
|-activate|p1a: Tatsugiri|ability: Commander|[of] p1b: Dondozo
|-boost|p1b: Dondozo|atk|2
|-boost|p1b: Dondozo|spa|2
|-boost|p1b: Dondozo|spe|2
|-boost|p1b: Dondozo|def|2
|-boost|p1b: Dondozo|spd|2
|turn|3
|inactive|higigig has 30 seconds left.
|
|t:|1756177828
|switch|p2b: Amoonguss|Amoonguss, L50, M|100/100
|move|p2a: Farigiraf|Psychic|p1b: Dondozo
|-damage|p1b: Dondozo|41/100
|move|p1b: Dondozo|Earthquake|p2b: Amoonguss|[spread] p2a,p2b
|-miss|p1b: Dondozo|p1a: Tatsugiri
|-resisted|p2a: Farigiraf
|-damage|p2a: Farigiraf|0 fnt
|-damage|p2b: Amoonguss|65/100
|faint|p2a: Farigiraf
|
|-heal|p1b: Dondozo|48/100|[from] item: Leftovers
|upkeep
|
|t:|1756177844
|switch|p2a: Ursaluna|Ursaluna-Bloodmoon, L50, M|100/100
|turn|4
|
|t:|1756177854
|move|p1b: Dondozo|Protect|p1b: Dondozo
|-singleturn|p1b: Dondozo|Protect
|move|p2b: Amoonguss|Spore|p1b: Dondozo
|-activate|p1b: Dondozo|move: Protect
|move|p2a: Ursaluna|Hyper Voice|p1b: Dondozo|[spread] 
|-miss|p2a: Ursaluna|p1a: Tatsugiri
|-activate|p1b: Dondozo|move: Protect
|
|-heal|p1b: Dondozo|54/100|[from] item: Leftovers
|upkeep
|turn|5
|
|t:|1756177879
|move|p2b: Amoonguss|Spore|p1b: Dondozo
|-status|p1b: Dondozo|slp|[from] move: Spore
|move|p2a: Ursaluna|Hyper Voice|p1b: Dondozo|[spread] p1b
|-miss|p2a: Ursaluna|p1a: Tatsugiri
|-damage|p1b: Dondozo|36/100 slp
|-enditem|p2a: Ursaluna|Throat Spray
|-boost|p2a: Ursaluna|spa|1|[from] item: Throat Spray
|cant|p1b: Dondozo|slp
|
|-heal|p1b: Dondozo|42/100 slp|[from] item: Leftovers
|-fieldend|move: Psychic Terrain
|upkeep
|turn|6
|
|t:|1756177896
|-terastallize|p1b: Dondozo|Steel
|cant|p1b: Dondozo|slp
|move|p2b: Amoonguss|Sludge Bomb|p1b: Dondozo
|-immune|p1b: Dondozo
|move|p2a: Ursaluna|Blood Moon|p1b: Dondozo
|-resisted|p1b: Dondozo
|-damage|p1b: Dondozo|23/100 slp
|
|-heal|p1b: Dondozo|30/100 slp|[from] item: Leftovers
|-fieldend|move: Trick Room
|upkeep
|turn|7
|
|t:|1756177914
|move|p2b: Amoonguss|Rage Powder|p2b: Amoonguss
|-singleturn|p2b: Amoonguss|move: Rage Powder
|-curestatus|p1b: Dondozo|slp|[msg]
|move|p1b: Dondozo|Wave Crash|p2b: Amoonguss
|-resisted|p2b: Amoonguss
|-damage|p2b: Amoonguss|21/100
|-enditem|p2b: Amoonguss|Sitrus Berry|[eat]
|-heal|p2b: Amoonguss|46/100|[from] item: Sitrus Berry
|-damage|p1b: Dondozo|17/100|[from] Recoil
|move|p2a: Ursaluna|Earth Power|p1b: Dondozo
|-supereffective|p1b: Dondozo
|-damage|p1b: Dondozo|0 fnt
|faint|p1b: Dondozo
|
|upkeep
|turn|8
|
|t:|1756177936
|move|p1a: Tatsugiri|Muddy Water|p2b: Amoonguss|[spread] p2b
|-miss|p1a: Tatsugiri|p2a: Ursaluna
|-resisted|p2b: Amoonguss
|-damage|p2b: Amoonguss|34/100
|-unboost|p2b: Amoonguss|accuracy|1
|move|p2a: Ursaluna|Hyper Voice|p1a: Tatsugiri
|-damage|p1a: Tatsugiri|0 fnt
|faint|p1a: Tatsugiri
|
|win|higigig
|raw|zessodotexe's rating: 1072 → 1057(-15 for losing)
|raw|higigig's rating: 1167 → 1185(+18 for winning)
