|j|☆XerneasSmeargle
|j|☆aqoursfan1
|html|XerneasSmeargleaqoursfan1    
|uhtml|bestof|Game 3 of a best-of-3
|t:|1785639165
|gametype|doubles
|player|p1|XerneasSmeargle|169|1252
|player|p2|aqoursfan1|anabel-gen7|1241
|gen|9
|tier|[Gen 9 Champions] VGC 2026 Reg M-B (Bo3)
|rated|
|rule|Species Clause: Limit one of each Pokémon
|rule|Item Clause: Limit 1 of each item
|clearpoke
|poke|p1|Sinistcha, L50|
|poke|p1|Basculegion, L50, M|
|poke|p1|Venusaur, L50, M|
|poke|p1|Floette-Eternal, L50, F|
|poke|p1|Incineroar, L50, F|
|poke|p1|Politoed, L50, M|
|poke|p2|Raichu, L50, F|
|poke|p2|Gengar, L50, F|
|poke|p2|Incineroar, L50, M|
|poke|p2|Ninetales-Alola, L50, F, shiny|
|poke|p2|Volcarona, L50, F, shiny|
|poke|p2|Kommo-o, L50, M|
|teampreview|4
|showteam|p1|Sinistcha||KasibBerry|Hospitality|TrickRoom,MatchaGotcha,LifeDew,RagePowder|Bold|||||50|]Basculegion||ChoiceScarf|Adaptability|LastRespects,FlipTurn,AquaJet,WaveCrash|Jolly||M|||50|]Venusaur||Venusaurite|Chlorophyll|Protect,GigaDrain,EarthPower,SludgeBomb|Bold||M|||50|]Floette-Eternal||Floettite|FlowerVeil|DazzlingGleam,DrainingKiss,CalmMind,Protect|Modest||F|||50|]Incineroar||SitrusBerry|Intimidate|FakeOut,FlareBlitz,DarkestLariat,PartingShot|Sassy||F|||50|]Politoed||Leftovers|Drizzle|WeatherBall,Protect,IceBeam,PerishSong|Modest||M|||50|
|showteam|p2|Raichu||RaichuniteX|LightningRod|VoltTackle,VoltSwitch,FakeOut,Protect|Jolly||F|||50|]Gengar||Gengarite|CursedBody|ShadowBall,SludgeBomb,Substitute,Protect|Modest||F|||50|]Incineroar||PasshoBerry|Intimidate|FlareBlitz,ThroatChop,PartingShot,FakeOut|Adamant||M|||50|]Ninetales-Alola||ChoiceScarf|SnowWarning|Blizzard,FreezeDry,IcyWind,Moonblast|Timid||F|||50|]Volcarona||SitrusBerry|FlameBody|Flamethrower,StruggleBug,RagePowder,Protect|Bold||F|||50|]Kommo-o||Leftovers|Soundproof|ClangingScales,AuraSphere,ClangorousSoul,Protect|Modest||M|||50|
|inactive|Battle timer is ON: inactive players will automatically lose when time's up. (requested by aqoursfan1)
|
|t:|1785639180
|teamsize|p1|4
|teamsize|p2|4
|start
|switch|p1a: Venusaur|Venusaur, L50, M|100/100
|switch|p1b: Basculegion|Basculegion, L50, M|100/100
|switch|p2a: Incineroar|Incineroar, L50, M|100/100
|switch|p2b: Gengar|Gengar, L50, F|100/100
|-ability|p2a: Incineroar|Intimidate|boost
|-unboost|p1a: Venusaur|atk|1
|-unboost|p1b: Basculegion|atk|1
|turn|1
|
|t:|1785639199
|detailschange|p2b: Gengar|Gengar-Mega, L50, F
|-mega|p2b: Gengar|Gengar|Gengarite
|detailschange|p1a: Venusaur|Venusaur-Mega, L50, M
|-mega|p1a: Venusaur|Venusaur|Venusaurite
|move|p2a: Incineroar|Fake Out|p1a: Venusaur
|-damage|p1a: Venusaur|91/100
|move|p1b: Basculegion|Flip Turn|p2b: Gengar
|-damage|p2b: Gengar|69/100
|
|t:|1785639208
|switch|p1b: Incineroar|Incineroar, L50, F|100/100|[from] Flip Turn
|-ability|p1b: Incineroar|Intimidate|boost
|-unboost|p2a: Incineroar|atk|1
|-unboost|p2b: Gengar|atk|1
|move|p2b: Gengar|Substitute|p2b: Gengar
|-start|p2b: Gengar|Substitute
|-damage|p2b: Gengar|44/100
|cant|p1a: Venusaur|flinch
|
|upkeep
|turn|2
|
|t:|1785639233
|move|p2b: Gengar|Protect|p2b: Gengar
|-singleturn|p2b: Gengar|Protect
|move|p1b: Incineroar|Fake Out|p2a: Incineroar
|-damage|p2a: Incineroar|91/100
|move|p1a: Venusaur|Earth Power|p2b: Gengar
|-activate|p2b: Gengar|move: Protect
|cant|p2a: Incineroar|flinch
|
|upkeep
|turn|3
|
|t:|1785639247
|move|p2b: Gengar|Shadow Ball|p1a: Venusaur
|-damage|p1a: Venusaur|48/100
|move|p1a: Venusaur|Earth Power|p2b: Gengar
|-supereffective|p2b: Gengar|1
|-crit|p2b: Gengar
|-end|p2b: Gengar|Substitute
|move|p2a: Incineroar|Parting Shot|p1b: Incineroar
|-unboost|p1b: Incineroar|atk|1
|-unboost|p1b: Incineroar|spa|1
|
|t:|1785639253
|switch|p2a: Volcarona|Volcarona, L50, F, shiny|100/100|[from] Parting Shot
|move|p1b: Incineroar|Darkest Lariat|p2b: Gengar
|-supereffective|p2b: Gengar|1
|-damage|p2b: Gengar|0 fnt
|faint|p2b: Gengar
|
|upkeep
|
|t:|1785639257
|switch|p2b: Ninetales|Ninetales-Alola, L50, F, shiny|100/100
|-weather|Snowscape|[from] ability: Snow Warning|[of] p2b: Ninetales
|turn|4
|inactive|XerneasSmeargle has 30 seconds left.
|
|t:|1785639283
|move|p1a: Venusaur|Protect|p1a: Venusaur
|-singleturn|p1a: Venusaur|Protect
|move|p2b: Ninetales|Freeze-Dry|p1a: Venusaur
|-activate|p1a: Venusaur|move: Protect
|move|p2a: Volcarona|Flamethrower|p1a: Venusaur
|-activate|p1a: Venusaur|move: Protect
|move|p1b: Incineroar|Parting Shot|p2b: Ninetales
|-unboost|p2b: Ninetales|atk|1
|-unboost|p2b: Ninetales|spa|1
|
|t:|1785639298
|switch|p1b: Sinistcha|Sinistcha, L50|100/100|[from] Parting Shot
|-heal|p1a: Venusaur|73/100|[from] ability: Hospitality|[of] p1b: Sinistcha
|
|-weather|Snowscape|[upkeep]
|upkeep
|turn|5
|
|t:|1785639308
|switch|p2b: Incineroar|Incineroar, L50, M|91/100
|-ability|p2b: Incineroar|Intimidate|boost
|-unboost|p1a: Venusaur|atk|1
|-unboost|p1b: Sinistcha|atk|1
|switch|p1b: Incineroar|Incineroar, L50, F|100/100
|-ability|p1b: Incineroar|Intimidate|boost
|-unboost|p2a: Volcarona|atk|1
|-unboost|p2b: Incineroar|atk|1
|move|p2a: Volcarona|Flamethrower|p1a: Venusaur
|-supereffective|p1a: Venusaur|1
|-damage|p1a: Venusaur|37/100
|-status|p1a: Venusaur|brn
|move|p1a: Venusaur|Sludge Bomb|p2b: Incineroar
|-damage|p2b: Incineroar|56/100
|
|-weather|Snowscape|[upkeep]
|-damage|p1a: Venusaur|32/100 brn|[from] brn
|upkeep
|turn|6
|inactive|XerneasSmeargle has 30 seconds left.
|
|t:|1785639335
|move|p2b: Incineroar|Fake Out|p1b: Incineroar
|-damage|p1b: Incineroar|92/100
|move|p2a: Volcarona|Flamethrower|p1a: Venusaur
|-supereffective|p1a: Venusaur|1
|-damage|p1a: Venusaur|0 fnt
|faint|p1a: Venusaur
|cant|p1b: Incineroar|flinch
|
|-weather|Snowscape|[upkeep]
|upkeep
|
|t:|1785639348
|switch|p1a: Basculegion|Basculegion, L50, M|100/100
|turn|7
|
|t:|1785639356
|move|p2a: Volcarona|Protect|p2a: Volcarona
|-singleturn|p2a: Volcarona|Protect
|move|p1a: Basculegion|Wave Crash|p2b: Incineroar
|-supereffective|p2b: Incineroar|1
|-enditem|p2b: Incineroar|Passho Berry|[eat]
|-enditem|p2b: Incineroar|Passho Berry|[weaken]
|-damage|p2b: Incineroar|0 fnt
|faint|p2b: Incineroar
|-damage|p1a: Basculegion|81/100|[from] Recoil
|move|p1b: Incineroar|Parting Shot|p2a: Volcarona
|-activate|p2a: Volcarona|move: Protect
|
|-weather|Snowscape|[upkeep]
|upkeep
|
|t:|1785639366
|switch|p2b: Ninetales|Ninetales-Alola, L50, F, shiny|100/100
|turn|8
|
|t:|1785639375
|move|p2a: Volcarona|Protect||[still]
|-fail|p2a: Volcarona
|move|p2b: Ninetales|Freeze-Dry|p1a: Basculegion
|-supereffective|p1a: Basculegion|1
|-damage|p1a: Basculegion|16/100
|move|p1a: Basculegion|Wave Crash|p2a: Volcarona
|-supereffective|p2a: Volcarona|1
|-damage|p2a: Volcarona|0 fnt
|-status|p1a: Basculegion|brn|[from] ability: Flame Body|[of] p2a: Volcarona
|faint|p2a: Volcarona
|-damage|p1a: Basculegion|0 fnt|[from] Recoil
|faint|p1a: Basculegion
|move|p1b: Incineroar|Flare Blitz|p2b: Ninetales
|-supereffective|p2b: Ninetales|1
|-damage|p2b: Ninetales|11/100
|-damage|p1b: Incineroar|70/100|[from] Recoil
|
|-weather|none
|upkeep
|-message|aqoursfan1 forfeited.
|
|win|XerneasSmeargle
|raw|XerneasSmeargle's rating: 1252 → 1276(+24 for winning)
|raw|aqoursfan1's rating: 1241 → 1217(-24 for losing)
