|j|☆Bazilvts
|j|☆Doomnik
|html|BazilvtsDoomnik    
|uhtml|bestof|Game 2 of a best-of-3
|t:|1782544312
|gametype|doubles
|player|p1|Bazilvts|102|1157
|player|p2|Doomnik|volkner|1198
|gen|9
|tier|[Gen 9 Champions] VGC 2026 Reg M-B (Bo3)
|rated|
|rule|Species Clause: Limit one of each Pokémon
|rule|Item Clause: Limit 1 of each item
|clearpoke
|poke|p1|Gengar, L50, M|
|poke|p1|Incineroar, L50, F|
|poke|p1|Sinistcha, L50|
|poke|p1|Kingambit, L50, F|
|poke|p1|Politoed, L50, F|
|poke|p1|Kommo-o, L50, M|
|poke|p2|Hydreigon, L50, M|
|poke|p2|Metagross, L50|
|poke|p2|Garchomp, L50, M|
|poke|p2|Grimmsnarl, L50, M|
|poke|p2|Toxapex, L50, F|
|poke|p2|Charizard, L50, M, shiny|
|teampreview|4
|showteam|p1|Gengar||Gengarite|CursedBody|PerishSong,Disable,SludgeBomb,Protect|Timid||M|||50|]Incineroar||SitrusBerry|Intimidate|FlareBlitz,PartingShot,FakeOut,Protect|Careful||F|||50|]Sinistcha||KasibBerry|Hospitality|MatchaGotcha,LifeDew,RagePowder,Protect|Calm|||||50|]Kingambit||ChopleBerry|Defiant|KowtowCleave,LowKick,Protect,SuckerPunch|Adamant||F|||50|]Politoed||Leftovers|Drizzle|PerishSong,Encore,MuddyWater,Protect|Calm||F|||50|]Kommo-o||DragonFang|Soundproof|ClangorousSoul,ClangingScales,AuraSphere,Protect|Modest||M|||50|
|showteam|p2|Hydreigon||ChoiceScarf|Levitate|HeatWave,DarkPulse,Snarl,DracoMeteor|Modest||M|||50|]Metagross||Metagrossite|ClearBody|IronHead,BodyPress,BulletPunch,Protect|Adamant|||||50|]Garchomp||SitrusBerry|RoughSkin|Earthquake,DragonClaw,RockSlide,Protect|Adamant||M|||50|]Grimmsnarl||RoseliBerry|Prankster|PartingShot,Reflect,FakeOut,FoulPlay|Bold||M|||50|]Toxapex||Leftovers|Regenerator|Infestation,BanefulBunker,Toxic,WideGuard|Bold||F|||50|]Charizard||CharizarditeY|Blaze|WeatherBall,Protect,SolarBeam,HeatWave|Modest||M|||50|
|inactive|Battle timer is ON: inactive players will automatically lose when time's up. (requested by Doomnik)
|inactive|Bazilvts has 60 seconds left.
|
|t:|1782544352
|teamsize|p1|4
|teamsize|p2|4
|start
|switch|p1a: Gengar|Gengar, L50, M|100/100
|switch|p1b: Kingambit|Kingambit, L50, F|100/100
|switch|p2a: Hydreigon|Hydreigon, L50, M|100/100
|switch|p2b: Grimmsnarl|Grimmsnarl, L50, M|100/100
|turn|1
|
|t:|1782544369
|detailschange|p1a: Gengar|Gengar-Mega, L50, M
|-mega|p1a: Gengar|Gengar|Gengarite
|move|p1a: Gengar|Protect|p1a: Gengar
|-singleturn|p1a: Gengar|Protect
|move|p2b: Grimmsnarl|Fake Out|p1b: Kingambit
|-resisted|p1b: Kingambit|1
|-damage|p1b: Kingambit|96/100
|move|p2a: Hydreigon|Dark Pulse|p1a: Gengar
|-activate|p1a: Gengar|move: Protect
|cant|p1b: Kingambit|flinch
|
|upkeep
|turn|2
|
|t:|1782544380
|switch|p1a: Politoed|Politoed, L50, F|100/100
|-weather|RainDance|[from] ability: Drizzle|[of] p1a: Politoed
|move|p2b: Grimmsnarl|Reflect|p2b: Grimmsnarl
|-sidestart|p2: Doomnik|Reflect
|move|p2a: Hydreigon|Dark Pulse|p1a: Politoed
|-damage|p1a: Politoed|65/100
|move|p1b: Kingambit|Low Kick|p2a: Hydreigon
|-supereffective|p2a: Hydreigon|1
|-damage|p2a: Hydreigon|44/100
|
|-weather|RainDance|[upkeep]
|-heal|p1a: Politoed|71/100|[from] item: Leftovers
|upkeep
|turn|3
|
|t:|1782544401
|switch|p2a: Garchomp|Garchomp, L50, M|100/100
|switch|p1b: Gengar|Gengar-Mega, L50, M|100/100
|move|p2b: Grimmsnarl|Parting Shot|p1a: Politoed
|-unboost|p1a: Politoed|atk|1
|-unboost|p1a: Politoed|spa|1
|
|t:|1782544410
|switch|p2b: Charizard|Charizard, L50, M, shiny|100/100|[from] Parting Shot
|move|p1a: Politoed|Muddy Water|p2b: Charizard|[spread] p2a,p2b
|-supereffective|p2b: Charizard|1
|-damage|p2a: Garchomp|83/100
|-damage|p2b: Charizard|51/100
|-unboost|p2b: Charizard|accuracy|1
|
|-weather|RainDance|[upkeep]
|-heal|p1a: Politoed|77/100|[from] item: Leftovers
|upkeep
|turn|4
|
|t:|1782544427
|detailschange|p2b: Charizard|Charizard-Mega-Y, L50, M, shiny
|-mega|p2b: Charizard|Charizard|Charizardite Y
|-weather|SunnyDay|[from] ability: Drought|[of] p2b: Charizard
|move|p1b: Gengar|Sludge Bomb|p2b: Charizard
|-damage|p2b: Charizard|4/100
|move|p2b: Charizard|Weather Ball|p1a: Politoed|[miss]
|-miss|p2b: Charizard|p1a: Politoed
|move|p2a: Garchomp|Earthquake|p1a: Politoed|[spread] p1a,p1b
|-immune|p2b: Charizard
|-supereffective|p1b: Gengar|1
|-damage|p1a: Politoed|47/100
|-damage|p1b: Gengar|0 fnt
|faint|p1b: Gengar
|move|p1a: Politoed|Encore|p2a: Garchomp
|-start|p2a: Garchomp|Encore
|
|-weather|SunnyDay|[upkeep]
|-heal|p1a: Politoed|53/100|[from] item: Leftovers
|upkeep
|
|t:|1782544443
|switch|p1b: Sinistcha|Sinistcha, L50|100/100
|-heal|p1a: Politoed|78/100|[from] ability: Hospitality|[of] p1b: Sinistcha
|turn|5
|
|t:|1782544452
|switch|p2b: Hydreigon|Hydreigon, L50, M|44/100
|move|p1b: Sinistcha|Protect|p1b: Sinistcha
|-singleturn|p1b: Sinistcha|Protect
|move|p2a: Garchomp|Earthquake|p1a: Politoed|[spread] p1a
|-activate|p1b: Sinistcha|move: Protect
|-immune|p2b: Hydreigon|[from] ability: Levitate
|-damage|p1a: Politoed|44/100
|move|p1a: Politoed|Muddy Water|p2a: Garchomp|[spread] p2b
|-miss|p1a: Politoed|p2a: Garchomp
|-resisted|p2b: Hydreigon|1
|-damage|p2b: Hydreigon|41/100
|
|-weather|SunnyDay|[upkeep]
|-heal|p1a: Politoed|50/100g|[from] item: Leftovers
|upkeep
|turn|6
|
|t:|1782544468
|move|p1a: Politoed|Protect|p1a: Politoed
|-singleturn|p1a: Politoed|Protect
|move|p2b: Hydreigon|Heat Wave|p1b: Sinistcha|[spread] p1b
|-activate|p1a: Politoed|move: Protect
|-supereffective|p1b: Sinistcha|1
|-damage|p1b: Sinistcha|24/100
|move|p2a: Garchomp|Earthquake|p1a: Politoed|[spread] p1b
|-activate|p1a: Politoed|move: Protect
|-immune|p2b: Hydreigon|[from] ability: Levitate
|-resisted|p1b: Sinistcha|1
|-damage|p1b: Sinistcha|7/100
|move|p1b: Sinistcha|Matcha Gotcha|p2a: Garchomp|[spread] p2a
|-miss|p1b: Sinistcha|p2b: Hydreigon
|-damage|p2a: Garchomp|63/100
|-heal|p1b: Sinistcha|20/100y|[from] drain|[of] p2a: Garchomp
|
|-weather|SunnyDay|[upkeep]
|-heal|p1a: Politoed|56/100|[from] item: Leftovers
|-sideend|p2: Doomnik|Reflect
|upkeep
|turn|7
|l|☆Bazilvts
|inactive|Bazilvts disconnected and has a minute to reconnect!
|player|p1|
|inactive|Bazilvts has 30 seconds left.
|inactive|Bazilvts has 20 seconds left.
|inactive|Bazilvts has 15 seconds left.
|inactive|Bazilvts has 10 seconds left.
|inactive|Bazilvts has 5 seconds left.
|-message|Bazilvts lost due to inactivity.
|
|win|Doomnik
|raw|Bazilvts's rating: 1157 → 1135(-22 for losing)
|raw|Doomnik's rating: 1198 → 1220(+22 for winning)
