|j|☆GlitchXDGOAT
|j|☆Artere Happy
|html|GlitchXDGOATArtere Happy    
|uhtml|bestof|Game 3 of a best-of-3
|t:|1784105595
|gametype|doubles
|player|p1|GlitchXDGOAT|2|1223
|player|p2|Artere Happy|medium|1224
|gen|9
|tier|[Gen 9 Champions] VGC 2026 Reg M-B (Bo3)
|rated|
|rule|Species Clause: Limit one of each Pokémon
|rule|Item Clause: Limit 1 of each item
|clearpoke
|poke|p1|Froslass, L50, F|
|poke|p1|Pelipper, L50, M|
|poke|p1|Basculegion, L50, M|
|poke|p1|Archaludon, L50, M|
|poke|p1|Grimmsnarl, L50, M|
|poke|p1|Sceptile, L50, M|
|poke|p2|Aerodactyl, L50, F|
|poke|p2|Kingambit, L50, F|
|poke|p2|Sylveon, L50, M|
|poke|p2|Garchomp, L50, F|
|poke|p2|Charizard, L50, M|
|poke|p2|Incineroar, L50, F|
|teampreview|4
|showteam|p1|Froslass||Froslassite|CursedBody|Blizzard,WeatherBall,ShadowBall,Protect|Timid||F|||50|]Pelipper||FocusSash|Drizzle|WeatherBall,Hurricane,Tailwind,WideGuard|Modest||M|||50|]Basculegion||ChoiceScarf|Adaptability|WaveCrash,LastRespects,FlipTurn,AquaJet|Jolly||M|||50|]Archaludon||Leftovers|Stamina|DracoMeteor,FlashCannon,ElectroShot,Protect|Modest||M|||50|]Grimmsnarl||LightClay|Prankster|Reflect,LightScreen,PartingShot,SpiritBreak|Adamant||M|||50|]Sceptile||Sceptilite|Overgrow|LeafStorm,DragonPulse,EarthPower,Protect|Timid||M|||50|
|showteam|p2|Aerodactyl||Aerodactylite|Unnerve|RockSlide,IceFang,Tailwind,WideGuard|Jolly||F|||50|]Kingambit||FocusSash|Defiant|KowtowCleave,SuckerPunch,IronHead,Protect|Adamant||F|||50|]Sylveon||FairyFeather|Pixilate|Detect,HyperVoice,HyperBeam,QuickAttack|Modest||M|||50|]Garchomp||LifeOrb|RoughSkin|Earthquake,DragonClaw,StompingTantrum,Protect|Jolly||F|||50|]Charizard||CharizarditeY|Blaze|Protect,HeatWave,SolarBeam,WeatherBall|Modest||M|||50|]Incineroar||SitrusBerry|Intimidate|DarkestLariat,FlareBlitz,FakeOut,PartingShot|Impish||F|||50|
|inactive|Battle timer is ON: inactive players will automatically lose when time's up. (requested by GlitchXDGOAT)
|inactive|Artere Happy also wants the timer to be on.
|inactive|Artere Happy has 60 seconds left.
|
|t:|1784105648
|teamsize|p1|4
|teamsize|p2|4
|start
|switch|p1a: Sceptile|Sceptile, L50, M|100/100
|switch|p1b: Basculegion|Basculegion, L50, M|100/100
|switch|p2a: Sylveon|Sylveon, L50, M|100/100
|switch|p2b: Aerodactyl|Aerodactyl, L50, F|100/100
|-ability|p2b: Aerodactyl|Unnerve
|turn|1
|inactive|Artere Happy has 30 seconds left.
|inactive|Artere Happy has 20 seconds left.
|inactive|Artere Happy has 15 seconds left.
|
|t:|1784105689
|detailschange|p1a: Sceptile|Sceptile-Mega, L50, M
|-mega|p1a: Sceptile|Sceptile|Sceptilite
|detailschange|p2b: Aerodactyl|Aerodactyl-Mega, L50, F
|-mega|p2b: Aerodactyl|Aerodactyl|Aerodactylite
|move|p1a: Sceptile|Leaf Storm|p2a: Sylveon
|-damage|p2a: Sylveon|42/100
|-unboost|p1a: Sceptile|spa|2
|move|p1b: Basculegion|Wave Crash|p2a: Sylveon
|-damage|p2a: Sylveon|0 fnt
|faint|p2a: Sylveon
|-damage|p1b: Basculegion|86/100|[from] Recoil
|move|p2b: Aerodactyl|Tailwind|p2b: Aerodactyl
|-sidestart|p2: Artere Happy|move: Tailwind
|
|upkeep
|
|t:|1784105700
|switch|p2a: Garchomp|Garchomp, L50, F|100/100
|turn|2
|
|t:|1784105708
|switch|p1a: Archaludon|Archaludon, L50, M|100/100
|move|p2b: Aerodactyl|Ice Fang|p1a: Archaludon
|-damage|p1a: Archaludon|80/100
|-ability|p1a: Archaludon|Stamina|boost
|-boost|p1a: Archaludon|def|1
|move|p2a: Garchomp|Earthquake|p1a: Archaludon|[spread] p1a,p1b
|-immune|p2b: Aerodactyl
|-supereffective|p1a: Archaludon|1
|-crit|p1b: Basculegion
|-damage|p1a: Archaludon|29/100
|-damage|p1b: Basculegion|0 fnt
|-ability|p1a: Archaludon|Stamina|boost
|-boost|p1a: Archaludon|def|1
|faint|p1b: Basculegion
|-damage|p2a: Garchomp|90/100|[from] item: Life Orb
|
|-heal|p1a: Archaludon|35/100|[from] item: Leftovers
|upkeep
|
|t:|1784105723
|switch|p1b: Pelipper|Pelipper, L50, M|100/100
|-weather|RainDance|[from] ability: Drizzle|[of] p1b: Pelipper
|turn|3
|
|t:|1784105730
|move|p1a: Archaludon|Protect|p1a: Archaludon
|-singleturn|p1a: Archaludon|Protect
|move|p2b: Aerodactyl|Rock Slide|p1b: Pelipper|[spread] p1b
|-activate|p1a: Archaludon|move: Protect
|-supereffective|p1b: Pelipper|1
|-damage|p1b: Pelipper|24/100
|move|p2a: Garchomp|Earthquake|p1a: Archaludon|[spread] 
|-activate|p1a: Archaludon|move: Protect
|-immune|p2b: Aerodactyl
|-immune|p1b: Pelipper
|move|p1b: Pelipper|Tailwind|p1b: Pelipper
|-sidestart|p1: GlitchXDGOAT|move: Tailwind
|
|-weather|RainDance|[upkeep]
|-heal|p1a: Archaludon|41/100|[from] item: Leftovers
|upkeep
|turn|4
|
|t:|1784105746
|move|p1b: Pelipper|Wide Guard|p1b: Pelipper
|-singleturn|p1b: Pelipper|Wide Guard
|move|p2b: Aerodactyl|Rock Slide|p1a: Archaludon|[spread] 
|-activate|p1a: Archaludon|move: Wide Guard
|-activate|p1b: Pelipper|move: Wide Guard
|move|p2a: Garchomp|Stomping Tantrum|p1a: Archaludon
|-supereffective|p1a: Archaludon|1
|-damage|p1a: Archaludon|0 fnt
|faint|p1a: Archaludon
|-damage|p2a: Garchomp|80/100|[from] item: Life Orb
|
|-weather|RainDance|[upkeep]
|-sideend|p2: Artere Happy|move: Tailwind
|upkeep
|
|t:|1784105771
|switch|p1a: Sceptile|Sceptile-Mega, L50, M|100/100
|turn|5
|inactive|GlitchXDGOAT has 30 seconds left.
|
|t:|1784105804
|switch|p2b: Charizard|Charizard, L50, M|100/100
|move|p1a: Sceptile|Protect|p1a: Sceptile
|-singleturn|p1a: Sceptile|Protect
|move|p2a: Garchomp|Protect|p2a: Garchomp
|-singleturn|p2a: Garchomp|Protect
|move|p1b: Pelipper|Weather Ball|p2b: Charizard
|-supereffective|p2b: Charizard|1
|-damage|p2b: Charizard|0 fnt
|faint|p2b: Charizard
|
|-weather|RainDance|[upkeep]
|upkeep
|
|t:|1784105813
|switch|p2b: Aerodactyl|Aerodactyl-Mega, L50, F|100/100
|turn|6
|inactive|GlitchXDGOAT has 30 seconds left.
|inactive|GlitchXDGOAT has 20 seconds left.
|inactive|GlitchXDGOAT has 15 seconds left.
|
|t:|1784105855
|move|p1a: Sceptile|Dragon Pulse|p2a: Garchomp
|-supereffective|p2a: Garchomp|1
|-damage|p2a: Garchomp|0 fnt
|faint|p2a: Garchomp
|move|p1b: Pelipper|Weather Ball|p2b: Aerodactyl
|-supereffective|p2b: Aerodactyl|1
|-damage|p2b: Aerodactyl|0 fnt
|faint|p2b: Aerodactyl
|
|win|GlitchXDGOAT
|raw|GlitchXDGOAT's rating: 1223 → 1248(+25 for winning)
|raw|Artere Happy's rating: 1224 → 1199(-25 for losing)
|c|☆Artere Happy|gg
|l|☆Artere Happy
|player|p2|
|c|☆GlitchXDGOAT|GG
