|j|☆ssooner
|j|☆akasia
|html|ssoonerakasia    
|uhtml|bestof|Game 3 of a best-of-3
|t:|1786129826
|gametype|doubles
|player|p1|ssooner|wallace|1196
|player|p2|akasia|266|1123
|gen|9
|tier|[Gen 9 Champions] VGC 2026 Reg M-B (Bo3)
|rated|
|rule|Species Clause: Limit one of each Pokémon
|rule|Item Clause: Limit 1 of each item
|clearpoke
|poke|p1|Floette-Eternal, L50, F|
|poke|p1|Whimsicott, L50, M|
|poke|p1|Arcanine-Hisui, L50, M|
|poke|p1|Basculegion, L50, M|
|poke|p1|Kingambit, L50, M|
|poke|p1|Sneasler, L50, M|
|poke|p2|Mawile, L50, M|
|poke|p2|Farigiraf, L50, M|
|poke|p2|Whimsicott, L50, M|
|poke|p2|Garchomp, L50, F|
|poke|p2|Basculegion, L50, M|
|poke|p2|Charizard, L50, F|
|teampreview|4
|showteam|p1|Floette-Eternal||Floettite|FlowerVeil|Moonblast,DazzlingGleam,LightofRuin,Protect|Modest||F|||50|]Whimsicott||FocusSash|Prankster|Tailwind,Moonblast,Encore,Protect|Timid||M|||50|]Arcanine-Hisui||LifeOrb|RockHead|HeadSmash,FlareBlitz,ExtremeSpeed,Protect|Jolly||M|||50|]Basculegion||ChoiceScarf|Adaptability|WaveCrash,LastRespects,AquaJet,FlipTurn|Jolly||M|||50|]Kingambit||BlackGlasses|Defiant|KowtowCleave,SuckerPunch,IronHead,Protect|Adamant||M|||50|]Sneasler||WhiteHerb|Unburden|FakeOut,CloseCombat,DireClaw,Protect|Adamant||M|||50|
|showteam|p2|Mawile||Mawilite|Intimidate|PlayRough,IronHead,SuckerPunch,Protect|Adamant||M|||50|]Farigiraf||SitrusBerry|ArmorTail|Psychic,HelpingHand,Thunderbolt,TrickRoom|Modest||M|||50|]Whimsicott||FocusSash|Prankster|Moonblast,Tailwind,Encore,Protect|Timid||M|||50|]Garchomp||LifeOrb|RoughSkin|RockSlide,DragonClaw,Earthquake,Protect|Jolly||F|||50|]Basculegion||MysticWater|SwiftSwim|WaveCrash,LastRespects,AquaJet,Protect|Adamant||M|||50|]Charizard||CharizarditeY|SolarPower|HeatWave,SolarBeam,WeatherBall,Protect|Modest||F|||50|
|inactive|Battle timer is ON: inactive players will automatically lose when time's up. (requested by ssooner)
|inactive|ssooner has 60 seconds left.
|
|t:|1786129864
|teamsize|p1|4
|teamsize|p2|4
|start
|switch|p1a: Whimsicott|Whimsicott, L50, M|100/100
|switch|p1b: goodest puppy|Arcanine-Hisui, L50, M|100/100
|switch|p2a: Farigiraf|Farigiraf, L50, M|100/100
|switch|p2b: Mawile|Mawile, L50, M|100/100
|-ability|p2b: Mawile|Intimidate|boost
|-unboost|p1a: Whimsicott|atk|1
|-unboost|p1b: goodest puppy|atk|1
|turn|1
|inactive|akasia has 30 seconds left.
|
|t:|1786129891
|move|p2b: Mawile|Protect|p2b: Mawile
|-singleturn|p2b: Mawile|Protect
|move|p1a: Whimsicott|Moonblast|p2a: Farigiraf
|-damage|p2a: Farigiraf|66/100
|move|p1b: goodest puppy|Head Smash|p2a: Farigiraf
|-damage|p2a: Farigiraf|9/100
|-enditem|p2a: Farigiraf|Sitrus Berry|[eat]
|-heal|p2a: Farigiraf|34/100|[from] item: Sitrus Berry
|-damage|p1b: goodest puppy|90/100|[from] item: Life Orb
|move|p2a: Farigiraf|Trick Room|p2a: Farigiraf
|-fieldstart|move: Trick Room|[of] p2a: Farigiraf
|
|upkeep
|turn|2
|inactive|akasia has 30 seconds left.
|
|t:|1786129919
|switch|p2b: Garchomp|Garchomp, L50, F|100/100
|move|p2a: Farigiraf|Thunderbolt|p1a: Whimsicott
|-resisted|p1a: Whimsicott|1
|-damage|p1a: Whimsicott|76/100
|-status|p1a: Whimsicott|par
|cant|p1a: Whimsicott|par
|move|p1b: goodest puppy|Flare Blitz|p2b: Garchomp
|-resisted|p2b: Garchomp|1
|-damage|p2b: Garchomp|76/100
|-damage|p1b: goodest puppy|77/100|[from] ability: Rough Skin|[of] p2b: Garchomp
|-damage|p1b: goodest puppy|68/100|[from] item: Life Orb
|
|upkeep
|turn|3
|
|t:|1786129939
|switch|p2b: Mawile|Mawile, L50, M|100/100
|-ability|p2b: Mawile|Intimidate|boost
|-unboost|p1a: Whimsicott|atk|1
|-unboost|p1b: goodest puppy|atk|1
|move|p2a: Farigiraf|Psychic|p1b: goodest puppy
|-damage|p1b: goodest puppy|19/100
|move|p1a: Whimsicott|Moonblast|p2b: Mawile
|-resisted|p2b: Mawile|1
|-damage|p2b: Mawile|66/100
|move|p1b: goodest puppy|Flare Blitz|p2a: Farigiraf
|-damage|p2a: Farigiraf|0 fnt
|faint|p2a: Farigiraf
|-damage|p1b: goodest puppy|9/100|[from] item: Life Orb
|
|upkeep
|
|t:|1786129954
|switch|p2a: Charizard|Charizard, L50, F|100/100
|turn|4
|inactive|akasia has 30 seconds left.
|
|t:|1786129981
|detailschange|p2a: Charizard|Charizard-Mega-Y, L50, F
|-mega|p2a: Charizard|Charizard|Charizardite Y
|-weather|SunnyDay|[from] ability: Drought|[of] p2a: Charizard
|move|p1a: Whimsicott|Protect|p1a: Whimsicott
|-singleturn|p1a: Whimsicott|Protect
|move|p1b: goodest puppy|Extreme Speed|p2a: Charizard
|-damage|p2a: Charizard|81/100
|-damage|p1b: goodest puppy|0 fnt|[from] item: Life Orb
|faint|p1b: goodest puppy
|move|p2b: Mawile|Iron Head|p1a: Whimsicott
|-activate|p1a: Whimsicott|move: Protect
|move|p2a: Charizard|Heat Wave|p1a: Whimsicott
|-activate|p1a: Whimsicott|move: Protect
|
|-weather|SunnyDay|[upkeep]
|upkeep
|
|t:|1786130001
|switch|p1b: hatsune miku|Floette-Eternal, L50, F|100/100
|turn|5
|
|t:|1786130011
|detailschange|p1b: hatsune miku|Floette-Mega, L50, F
|-mega|p1b: hatsune miku|Floette|Floettite
|-ability|p1b: hatsune miku|Fairy Aura
|move|p1b: hatsune miku|Protect|p1b: hatsune miku
|-singleturn|p1b: hatsune miku|Protect
|move|p1a: Whimsicott|Moonblast|p2b: Mawile
|-resisted|p2b: Mawile|1
|-damage|p2b: Mawile|24/100
|move|p2b: Mawile|Iron Head|p1b: hatsune miku
|-activate|p1b: hatsune miku|move: Protect
|move|p2a: Charizard|Heat Wave|p1a: Whimsicott|[spread] p1a
|-activate|p1b: hatsune miku|move: Protect
|-supereffective|p1a: Whimsicott|1
|-damage|p1a: Whimsicott|0 fnt
|faint|p1a: Whimsicott
|
|-weather|SunnyDay|[upkeep]
|-fieldend|move: Trick Room
|upkeep
|
|t:|1786130025
|switch|p1a: Basculegion|Basculegion, L50, M|100/100
|turn|6
|
|t:|1786130038
|move|p1a: Basculegion|Last Respects|p2a: Charizard
|-damage|p2a: Charizard|0 fnt
|faint|p2a: Charizard
|move|p1b: hatsune miku|Dazzling Gleam|p2b: Mawile
|-resisted|p2b: Mawile|1
|-damage|p2b: Mawile|0 fnt
|faint|p2b: Mawile
|
|-weather|SunnyDay|[upkeep]
|upkeep
|
|t:|1786130045
|switch|p2b: Garchomp|Garchomp, L50, F|76/100
|turn|7
|
|t:|1786130057
|move|p1a: Basculegion|Last Respects|p2b: Garchomp
|-damage|p2b: Garchomp|0 fnt
|faint|p2b: Garchomp
|
|win|ssooner
|raw|ssooner's rating: 1196 → 1216(+20 for winning)
|raw|akasia's rating: 1123 → 1103(-20 for losing)
