|j|☆bartei
|j|☆lofiandchil
|html|barteilofiandchil    
|uhtml|bestof|Game 1 of a best-of-3
|t:|1756764856
|gametype|doubles
|player|p1|bartei|102|1236
|player|p2|lofiandchil|iris|1149
|gen|9
|tier|[Gen 9] VGC 2025 Reg H (Bo3)
|rated|
|rule|Species Clause: Limit one of each Pokémon
|rule|Item Clause: Limit 1 of each item
|clearpoke
|poke|p1|Dragonite, L50, M|
|poke|p1|Volcarona, L50, F|
|poke|p1|Sneasler, L50, M|
|poke|p1|Rillaboom, L50, M|
|poke|p1|Electabuzz, L50, M|
|poke|p1|Kingambit, L50, M|
|poke|p2|Electabuzz, L50, M|
|poke|p2|Kingambit, L50, M|
|poke|p2|Volcarona, L50, M|
|poke|p2|Dragonite, L50, M|
|poke|p2|Sneasler, L50, F|
|poke|p2|Rillaboom, L50, M|
|teampreview|4
|showteam|p1|Dragonite||LoadedDice|Multiscale|ScaleShot,ExtremeSpeed,Haze,Protect|||M|||50|,,,,,Fairy]Volcarona||CovertCloak|FlameBody|HeatWave,TeraBlast,QuiverDance,Protect|||F|||50|,,,,,Fairy]Sneasler||FocusSash|Unburden|CloseCombat,DireClaw,Coaching,FakeOut|||M|||50|,,,,,Stellar]Rillaboom||AssaultVest|GrassySurge|WoodHammer,GrassyGlide,HighHorsepower,FakeOut|||M|||50|,,,,,Fire]Electabuzz||Eviolite|VitalSpirit|Thunderbolt,FollowMe,Taunt,Protect|||M|||50|,,,,,Ghost]Kingambit||BlackGlasses|Defiant|KowtowCleave,SuckerPunch,SwordsDance,Protect|||M|||50|,,,,,Dark
|showteam|p2|Electabuzz||Eviolite|VitalSpirit|FollowMe,Thunderbolt,Taunt,Protect|||M|||50|,,,,,Ghost]Kingambit||BlackGlasses|Defiant|KowtowCleave,SuckerPunch,SwordsDance,Protect|||M|||50|,,,,,Dark]Volcarona||Leftovers|FlameBody|HeatWave,TeraBlast,QuiverDance,Protect|||M|||50|,,,,,Fairy]Dragonite||LoadedDice|Multiscale|ScaleShot,ExtremeSpeed,Haze,Protect|||M|||50|,,,,,Fairy]Sneasler||FocusSash|Unburden|DireClaw,CloseCombat,Coaching,FakeOut|||F|||50|,,,,,Stellar]Rillaboom||AssaultVest|GrassySurge|FakeOut,WoodHammer,GrassyGlide,HighHorsepower|||M|||50|,,,,,Fire
|inactive|Battle timer is ON: inactive players will automatically lose when time's up. (requested by bartei)
|inactive|bartei has 60 seconds left.
|
|t:|1756764935
|teamsize|p1|4
|teamsize|p2|4
|start
|switch|p1a: Volcarona|Volcarona, L50, F|100/100
|switch|p1b: Sneasler|Sneasler, L50, M|100/100
|switch|p2a: Volcarona|Volcarona, L50, M|100/100
|switch|p2b: Electabuzz|Electabuzz, L50, M|100/100
|turn|1
|inactive|lofiandchil has 30 seconds left.
|
|t:|1756764963
|move|p1b: Sneasler|Fake Out|p2a: Volcarona
|-damage|p2a: Volcarona|86/100
|move|p1a: Volcarona|Quiver Dance|p1a: Volcarona
|-boost|p1a: Volcarona|spa|1
|-boost|p1a: Volcarona|spd|1
|-boost|p1a: Volcarona|spe|1
|cant|p2a: Volcarona|flinch
|move|p2b: Electabuzz|Taunt|p1a: Volcarona
|-start|p1a: Volcarona|move: Taunt
|
|-heal|p2a: Volcarona|92/100|[from] item: Leftovers
|upkeep
|turn|2
|
|t:|1756764973
|move|p1a: Volcarona|Heat Wave|p2a: Volcarona|[spread] p2b
|-miss|p1a: Volcarona|p2a: Volcarona
|-damage|p2b: Electabuzz|60/100
|move|p1b: Sneasler|Dire Claw|p2a: Volcarona
|-damage|p2a: Volcarona|43/100
|-status|p2a: Volcarona|par
|-status|p1b: Sneasler|brn|[from] ability: Flame Body|[of] p2a: Volcarona
|move|p2b: Electabuzz|Thunderbolt|p1b: Sneasler
|-damage|p1b: Sneasler|58/100 brn
|cant|p2a: Volcarona|par
|
|-heal|p2a: Volcarona|49/100 par|[from] item: Leftovers
|-damage|p1b: Sneasler|52/100 brn|[from] brn
|upkeep
|turn|3
|
|t:|1756764986
|move|p2b: Electabuzz|Follow Me|p2b: Electabuzz
|-singleturn|p2b: Electabuzz|move: Follow Me
|move|p1a: Volcarona|Heat Wave|p2a: Volcarona|[spread] p2a,p2b
|-damage|p2a: Volcarona|1/100 par
|-damage|p2b: Electabuzz|19/100
|move|p1b: Sneasler|Dire Claw|p2b: Electabuzz
|-damage|p2b: Electabuzz|3/100
|move|p2a: Volcarona|Quiver Dance|p2a: Volcarona
|-boost|p2a: Volcarona|spa|1
|-boost|p2a: Volcarona|spd|1
|-boost|p2a: Volcarona|spe|1
|
|-heal|p2a: Volcarona|7/100 par|[from] item: Leftovers
|-damage|p1b: Sneasler|47/100 brn|[from] brn
|upkeep
|turn|4
|
|t:|1756765000
|switch|p1b: Electabuzz|Electabuzz, L50, M|100/100
|move|p2a: Volcarona|Protect|p2a: Volcarona
|-singleturn|p2a: Volcarona|Protect
|move|p1a: Volcarona|Heat Wave|p2b: Electabuzz|[spread] p2b
|-activate|p2a: Volcarona|move: Protect
|-damage|p2b: Electabuzz|0 fnt
|faint|p2b: Electabuzz
|
|-heal|p2a: Volcarona|14/100 par|[from] item: Leftovers
|-end|p1a: Volcarona|move: Taunt
|upkeep
|
|t:|1756765003
|switch|p2b: Dragonite|Dragonite, L50, M|100/100
|turn|5
|inactive|bartei has 30 seconds left.
|inactive|lofiandchil has 30 seconds left.
|
|t:|1756765034
|move|p1b: Electabuzz|Follow Me|p1b: Electabuzz
|-singleturn|p1b: Electabuzz|move: Follow Me
|move|p1a: Volcarona|Heat Wave|p2a: Volcarona|[spread] p2a,p2b
|-resisted|p2b: Dragonite
|-damage|p2a: Volcarona|0 fnt
|-damage|p2b: Dragonite|87/100
|faint|p2a: Volcarona
|move|p2b: Dragonite|Haze|p2b: Dragonite
|-clearallboost
|
|upkeep
|
|t:|1756765036
|switch|p2a: Rillaboom|Rillaboom, L50, M|100/100
|-fieldstart|move: Grassy Terrain|[from] ability: Grassy Surge|[of] p2a: Rillaboom
|turn|6
|
|t:|1756765046
|switch|p1b: Sneasler|Sneasler, L50, M|47/100 brn
|-terastallize|p2a: Rillaboom|Fire
|move|p1a: Volcarona|Quiver Dance|p1a: Volcarona
|-boost|p1a: Volcarona|spa|1
|-boost|p1a: Volcarona|spd|1
|-boost|p1a: Volcarona|spe|1
|move|p2b: Dragonite|Scale Shot|p1a: Volcarona
|-damage|p1a: Volcarona|80/100
|-damage|p1a: Volcarona|59/100
|-crit|p1a: Volcarona
|-damage|p1a: Volcarona|28/100
|-damage|p1a: Volcarona|8/100
|-damage|p1a: Volcarona|0 fnt
|faint|p1a: Volcarona
|-hitcount|p1: Volcarona|5
|-unboost|p2b: Dragonite|def|1
|-boost|p2b: Dragonite|spe|1
|move|p2a: Rillaboom|High Horsepower|p1b: Sneasler
|-supereffective|p1b: Sneasler
|-damage|p1b: Sneasler|0 fnt
|faint|p1b: Sneasler
|
|upkeep
|
|t:|1756765062
|switch|p1b: Electabuzz|Electabuzz, L50, M|100/100
|switch|p1a: Dragonite|Dragonite, L50, M|100/100
|turn|7
|
|t:|1756765073
|-terastallize|p1a: Dragonite|Fairy
|move|p2b: Dragonite|Protect|p2b: Dragonite
|-singleturn|p2b: Dragonite|Protect
|move|p1b: Electabuzz|Follow Me|p1b: Electabuzz
|-singleturn|p1b: Electabuzz|move: Follow Me
|move|p1a: Dragonite|Scale Shot|p2a: Rillaboom
|-damage|p2a: Rillaboom|87/100
|-damage|p2a: Rillaboom|74/100
|-damage|p2a: Rillaboom|61/100
|-damage|p2a: Rillaboom|47/100
|-hitcount|p2a: Rillaboom|4
|-unboost|p1a: Dragonite|def|1
|-boost|p1a: Dragonite|spe|1
|move|p2a: Rillaboom|High Horsepower|p1b: Electabuzz
|-supereffective|p1b: Electabuzz
|-damage|p1b: Electabuzz|55/100
|
|-heal|p1b: Electabuzz|61/100|[from] Grassy Terrain
|-heal|p2a: Rillaboom|52/100|[from] Grassy Terrain
|upkeep
|turn|8
|
|t:|1756765096
|move|p1b: Electabuzz|Protect|p1b: Electabuzz
|-singleturn|p1b: Electabuzz|Protect
|move|p2b: Dragonite|Extreme Speed|p1b: Electabuzz
|-activate|p1b: Electabuzz|move: Protect
|move|p1a: Dragonite|Scale Shot|p2a: Rillaboom|[miss]
|-miss|p1a: Dragonite|p2a: Rillaboom
|move|p2a: Rillaboom|High Horsepower|p1b: Electabuzz
|-activate|p1b: Electabuzz|move: Protect
|
|-heal|p1b: Electabuzz|67/100|[from] Grassy Terrain
|-heal|p2a: Rillaboom|58/100|[from] Grassy Terrain
|upkeep
|turn|9
|
|t:|1756765110
|move|p1b: Electabuzz|Protect|p1b: Electabuzz
|-singleturn|p1b: Electabuzz|Protect
|move|p2b: Dragonite|Extreme Speed|p1b: Electabuzz
|-activate|p1b: Electabuzz|move: Protect
|move|p1a: Dragonite|Scale Shot|p2a: Rillaboom
|-damage|p2a: Rillaboom|45/100
|-damage|p2a: Rillaboom|32/100
|-damage|p2a: Rillaboom|18/100
|-damage|p2a: Rillaboom|5/100
|-damage|p2a: Rillaboom|0 fnt
|faint|p2a: Rillaboom
|-hitcount|p2: Rillaboom|5
|-unboost|p1a: Dragonite|def|1
|-boost|p1a: Dragonite|spe|1
|
|-heal|p1b: Electabuzz|72/100|[from] Grassy Terrain
|upkeep
|turn|10
|-message|lofiandchil forfeited.
|
|win|bartei
