|j|☆abadanriyi92
|j|☆MetaphorCrazyMonk
|html|abadanriyi92MetaphorCrazyMonk    
|uhtml|bestof|Game 1 of a best-of-3
|t:|1786067662
|gametype|doubles
|player|p1|abadanriyi92|colress|1216
|player|p2|MetaphorCrazyMonk|expert-gen6|1338
|gen|9
|tier|[Gen 9 Champions] VGC 2026 Reg M-B (Bo3)
|rated|
|rule|Species Clause: Limit one of each Pokémon
|rule|Item Clause: Limit 1 of each item
|clearpoke
|poke|p1|Charizard, L50, M|
|poke|p1|Floette-Eternal, L50, F|
|poke|p1|Basculegion, L50, M|
|poke|p1|Garchomp, L50, F|
|poke|p1|Kingambit, L50, F|
|poke|p1|Whimsicott, L50, F|
|poke|p2|Tyranitar, L50, M|
|poke|p2|Excadrill, L50, M, shiny|
|poke|p2|Sneasler, L50, M|
|poke|p2|Froslass, L50, F|
|poke|p2|Incineroar, L50, M|
|poke|p2|Tsareena, L50, F|
|teampreview|4
|showteam|p1|Charizard||CharizarditeY|Blaze|HeatWave,SolarBeam,WeatherBall,Protect|Modest||M|||50|]Floette-Eternal||Floettite|FlowerVeil|Moonblast,DazzlingGleam,LightofRuin,Protect|Timid||F|||50|]Basculegion||LifeOrb|Adaptability|WaveCrash,AquaJet,LastRespects,Protect|Adamant||M|||50|]Garchomp||SitrusBerry|RoughSkin|Earthquake,RockSlide,Protect,DragonClaw|Adamant||F|||50|]Kingambit||ChopleBerry|Defiant|KowtowCleave,IronHead,SuckerPunch,LowKick|Adamant||F|||50|]Whimsicott||FocusSash|Prankster|Moonblast,Tailwind,Encore,Protect|Timid||F|||50|
|showteam|p2|Tyranitar||Tyranitarite|SandStream|RockSlide,KnockOff,DragonDance,Protect|Jolly||M|||50|]Excadrill||FocusSash|SandRush|HighHorsepower,IronHead,RockSlide,Protect|Adamant||M|||50|]Sneasler||WhiteHerb|Unburden|CloseCombat,DireClaw,FakeOut,Coaching|Jolly||M|||50|]Froslass||Froslassite|SnowCloak|Blizzard,ShadowBall,NastyPlot,Protect|Timid||F|||50|]Incineroar||SitrusBerry|Intimidate|FlareBlitz,FakeOut,WillOWisp,PartingShot|Impish||M|||50|]Tsareena||ExpertBelt|QueenlyMajesty|PowerWhip,LowKick,HelpingHand,Protect|Adamant||F|||50|
|inactive|Battle timer is ON: inactive players will automatically lose when time's up. (requested by abadanriyi92)
|inactive|MetaphorCrazyMonk has 60 seconds left.
|
|t:|1786067770
|teamsize|p1|4
|teamsize|p2|4
|start
|switch|p1a: Whimsicott|Whimsicott, L50, F|100/100
|switch|p1b: Garchomp|Garchomp, L50, F|100/100
|switch|p2a: quando provo|Tyranitar, L50, M|100/100
|switch|p2b: gervasoni|Excadrill, L50, M, shiny|100/100
|-weather|Sandstorm|[from] ability: Sand Stream|[of] p2a: quando provo
|turn|1
|inactive|abadanriyi92 has 30 seconds left.
|inactive|MetaphorCrazyMonk has 30 seconds left.
|
|t:|1786067801
|move|p1a: Whimsicott|Protect|p1a: Whimsicott
|-singleturn|p1a: Whimsicott|Protect
|move|p2a: quando provo|Protect|p2a: quando provo
|-singleturn|p2a: quando provo|Protect
|move|p2b: gervasoni|Iron Head|p1a: Whimsicott
|-activate|p1a: Whimsicott|move: Protect
|move|p1b: Garchomp|Earthquake|p2b: gervasoni|[spread] p2b
|-activate|p1a: Whimsicott|move: Protect
|-activate|p2a: quando provo|move: Protect
|-supereffective|p2b: gervasoni|1
|-enditem|p2b: gervasoni|Focus Sash
|-damage|p2b: gervasoni|1/100
|
|-weather|Sandstorm|[upkeep]
|-damage|p1a: Whimsicott|94/100|[from] Sandstorm
|upkeep
|turn|2
|
|t:|1786067821
|switch|p2a: zarina|Tsareena, L50, F|100/100
|move|p2b: gervasoni|Protect|p2b: gervasoni
|-singleturn|p2b: gervasoni|Protect
|move|p1a: Whimsicott|Tailwind|p1a: Whimsicott
|-sidestart|p1: abadanriyi92|move: Tailwind
|move|p1b: Garchomp|Earthquake|p2a: zarina|[spread] p1a,p2a
|-activate|p2b: gervasoni|move: Protect
|-resisted|p1a: Whimsicott|1
|-resisted|p2a: zarina|1
|-damage|p1a: Whimsicott|67/100
|-damage|p2a: zarina|78/100
|
|-weather|Sandstorm|[upkeep]
|-damage|p1a: Whimsicott|61/100|[from] Sandstorm
|-damage|p2a: zarina|72/100|[from] Sandstorm
|upkeep
|turn|3
|inactive|abadanriyi92 has 30 seconds left.
|
|t:|1786067849
|switch|p1a: Basculegion|Basculegion, L50, M|100/100
|switch|p2b: b.alario|Incineroar, L50, M|100/100
|-ability|p2b: b.alario|Intimidate|boost
|-unboost|p1a: Basculegion|atk|1
|-unboost|p1b: Garchomp|atk|1
|move|p1b: Garchomp|Rock Slide|p2a: zarina|[spread] p2a
|-miss|p1b: Garchomp|p2b: b.alario
|-damage|p2a: zarina|59/100
|move|p2a: zarina|Power Whip|p1b: Garchomp
|-damage|p1b: Garchomp|50/100g
|-damage|p2a: zarina|46/100|[from] ability: Rough Skin|[of] p1b: Garchomp
|
|-weather|Sandstorm|[upkeep]
|-damage|p1a: Basculegion|93/100|[from] Sandstorm
|-damage|p2a: zarina|40/100|[from] Sandstorm
|-damage|p2b: b.alario|94/100|[from] Sandstorm
|upkeep
|turn|4
|inactive|abadanriyi92 has 30 seconds left.
|inactive|MetaphorCrazyMonk has 30 seconds left.
|
|t:|1786067876
|switch|p1a: Whimsicott|Whimsicott, L50, F|61/100
|move|p1b: Garchomp|Protect|p1b: Garchomp
|-singleturn|p1b: Garchomp|Protect
|move|p2a: zarina|Power Whip|p1a: Whimsicott
|-resisted|p1a: Whimsicott|1
|-damage|p1a: Whimsicott|22/100
|move|p2b: b.alario|Will-O-Wisp|p1b: Garchomp
|-activate|p1b: Garchomp|move: Protect
|
|-weather|Sandstorm|[upkeep]
|-damage|p1a: Whimsicott|16/100|[from] Sandstorm
|-damage|p2a: zarina|35/100|[from] Sandstorm
|-damage|p2b: b.alario|88/100|[from] Sandstorm
|upkeep
|turn|5
|
|t:|1786067901
|move|p1a: Whimsicott|Protect|p1a: Whimsicott
|-singleturn|p1a: Whimsicott|Protect
|move|p1b: Garchomp|Dragon Claw|p2a: zarina
|-damage|p2a: zarina|7/100
|move|p2a: zarina|Power Whip|p1b: Garchomp
|-damage|p1b: Garchomp|5/100
|-damage|p2a: zarina|0 fnt|[from] ability: Rough Skin|[of] p1b: Garchomp
|-enditem|p1b: Garchomp|Sitrus Berry|[eat]
|-heal|p1b: Garchomp|29/100|[from] item: Sitrus Berry
|faint|p2a: zarina
|move|p2b: b.alario|Flare Blitz|p1a: Whimsicott
|-activate|p1a: Whimsicott|move: Protect
|
|-weather|none
|-sideend|p1: abadanriyi92|move: Tailwind
|upkeep
|
|t:|1786067913
|switch|p2a: quando provo|Tyranitar, L50, M|100/100
|-weather|Sandstorm|[from] ability: Sand Stream|[of] p2a: quando provo
|turn|6
|
|t:|1786067931
|detailschange|p2a: quando provo|Tyranitar-Mega, L50, M
|-mega|p2a: quando provo|Tyranitar|Tyranitarite
|move|p1a: Whimsicott|Tailwind|p1a: Whimsicott
|-sidestart|p1: abadanriyi92|move: Tailwind
|move|p1b: Garchomp|Earthquake|p2b: b.alario|[spread] p1a,p2a,p2b
|-resisted|p1a: Whimsicott|1
|-supereffective|p2a: quando provo|1
|-supereffective|p2b: b.alario|1
|-damage|p1a: Whimsicott|0 fnt
|-damage|p2a: quando provo|66/100
|-damage|p2b: b.alario|52/100
|faint|p1a: Whimsicott
|move|p2a: quando provo|Dragon Dance|p2a: quando provo
|-boost|p2a: quando provo|atk|1
|-boost|p2a: quando provo|spe|1
|move|p2b: b.alario|Parting Shot|p1b: Garchomp
|-unboost|p1b: Garchomp|atk|1
|-unboost|p1b: Garchomp|spa|1
|
|t:|1786067937
|switch|p2b: gervasoni|Excadrill, L50, M, shiny|1/100|[from] Parting Shot
|
|-weather|Sandstorm|[upkeep]
|upkeep
|
|t:|1786067949
|switch|p1a: Floette|Floette-Eternal, L50, F|100/100
|turn|7
|
|t:|1786067961
|detailschange|p1a: Floette|Floette-Mega, L50, F
|-mega|p1a: Floette|Floette|Floettite
|-ability|p1a: Floette|Fairy Aura
|move|p2a: quando provo|Protect|p2a: quando provo
|-singleturn|p2a: quando provo|Protect
|move|p1a: Floette|Dazzling Gleam|p2b: gervasoni|[spread] p2b
|-activate|p2a: quando provo|move: Protect
|-resisted|p2b: gervasoni|1
|-damage|p2b: gervasoni|0 fnt
|faint|p2b: gervasoni
|move|p1b: Garchomp|Dragon Claw|p2a: quando provo
|-activate|p2a: quando provo|move: Protect
|
|-weather|Sandstorm|[upkeep]
|-damage|p1a: Floette|94/100|[from] Sandstorm
|upkeep
|
|t:|1786067971
|switch|p2b: b.alario|Incineroar, L50, M|52/100
|-ability|p2b: b.alario|Intimidate|boost
|-unboost|p1a: Floette|atk|1
|-unboost|p1b: Garchomp|atk|1
|turn|8
|
|t:|1786067991
|move|p2b: b.alario|Fake Out|p1a: Floette
|-damage|p1a: Floette|79/100
|cant|p1a: Floette|flinch
|move|p1b: Garchomp|Rock Slide|p2a: quando provo|[spread] p2a,p2b
|-supereffective|p2b: b.alario|1
|-damage|p2a: quando provo|61/100
|-damage|p2b: b.alario|40/100
|-enditem|p2b: b.alario|Sitrus Berry|[eat]
|-heal|p2b: b.alario|65/100|[from] item: Sitrus Berry
|move|p2a: quando provo|Dragon Dance|p2a: quando provo
|-boost|p2a: quando provo|atk|1
|-boost|p2a: quando provo|spe|1
|
|-weather|Sandstorm|[upkeep]
|-damage|p1a: Floette|73/100|[from] Sandstorm
|-damage|p2b: b.alario|59/100|[from] Sandstorm
|upkeep
|turn|9
|
|t:|1786068012
|move|p2a: quando provo|Protect|p2a: quando provo
|-singleturn|p2a: quando provo|Protect
|move|p1a: Floette|Dazzling Gleam|p2b: b.alario|[spread] p2b
|-activate|p2a: quando provo|move: Protect
|-damage|p2b: b.alario|17/100
|move|p1b: Garchomp|Dragon Claw|p2a: quando provo
|-activate|p2a: quando provo|move: Protect
|move|p2b: b.alario|Flare Blitz|p1a: Floette
|-damage|p1a: Floette|7/100
|-damage|p2b: b.alario|1/100|[from] Recoil
|
|-weather|Sandstorm|[upkeep]
|-damage|p1a: Floette|1/100|[from] Sandstorm
|-damage|p2b: b.alario|0 fnt|[from] Sandstorm
|faint|p2b: b.alario
|-sideend|p1: abadanriyi92|move: Tailwind
|upkeep
|turn|10
|inactive|abadanriyi92 has 30 seconds left.
|
|t:|1786068038
|move|p2a: quando provo|Rock Slide|p1b: Garchomp|[spread] p1a,p1b
|-resisted|p1b: Garchomp|1
|-damage|p1a: Floette|0 fnt
|-damage|p1b: Garchomp|2/100
|faint|p1a: Floette
|move|p1b: Garchomp|Earthquake|p2a: quando provo
|-supereffective|p2a: quando provo|1
|-damage|p2a: quando provo|36/100
|
|-weather|none
|upkeep
|
|t:|1786068046
|switch|p1a: Basculegion|Basculegion, L50, M|93/100
|turn|11
|
|t:|1786068054
|move|p2a: quando provo|Protect|p2a: quando provo
|-singleturn|p2a: quando provo|Protect
|move|p1a: Basculegion|Aqua Jet|p2a: quando provo
|-activate|p2a: quando provo|move: Protect
|move|p1b: Garchomp|Dragon Claw|p2a: quando provo
|-activate|p2a: quando provo|move: Protect
|
|upkeep
|turn|12
|
|t:|1786068066
|move|p1a: Basculegion|Aqua Jet|p2a: quando provo
|-supereffective|p2a: quando provo|1
|-damage|p2a: quando provo|0 fnt
|faint|p2a: quando provo
|-damage|p1a: Basculegion|84/100|[from] item: Life Orb
|
|win|abadanriyi92
