|j|☆Ercelui1990
|j|☆Truevillany123
|html|Ercelui1990Truevillany123    
|uhtml|bestof|Game 2 of a best-of-3
|t:|1757724681
|gametype|doubles
|player|p1|Ercelui1990|1|1182
|player|p2|Truevillany123|266|1088
|gen|9
|tier|[Gen 9] VGC 2025 Reg H (Bo3)
|rated|
|rule|Species Clause: Limit one of each Pokémon
|rule|Item Clause: Limit 1 of each item
|clearpoke
|poke|p1|Electabuzz, L50, F|
|poke|p1|Kingambit, L50, F|
|poke|p1|Rillaboom, L50, M|
|poke|p1|Sneasler, L50, M|
|poke|p1|Volcarona, L50, M|
|poke|p1|Dragonite, L50, M|
|poke|p2|Dragonite, L50, M|
|poke|p2|Ursaluna-Bloodmoon, L50, M|
|poke|p2|Gholdengo, L50|
|poke|p2|Annihilape, L50, F|
|poke|p2|Ninetales-Alola, L50, M|
|poke|p2|Rillaboom, L50, M|
|teampreview|4
|showteam|p1|Electabuzz||Eviolite|VitalSpirit|Thunderbolt,Taunt,FollowMe,Protect|||F|||50|,,,,,Ghost]Kingambit||BlackGlasses|Defiant|KowtowCleave,SuckerPunch,SwordsDance,Protect|||F|||50|,,,,,Dark]Rillaboom||AssaultVest|GrassySurge|FakeOut,HighHorsepower,WoodHammer,GrassyGlide|||M|||50|,,,,,Fire]Sneasler||FocusSash|PoisonTouch|DireClaw,CloseCombat,FakeOut,Coaching|||M|||50|,,,,,Stellar]Volcarona||Leftovers|FlameBody|HeatWave,TeraBlast,QuiverDance,Protect|||M|||50|,,,,,Fairy]Dragonite||LoadedDice|Multiscale|ExtremeSpeed,ScaleShot,Protect,Haze|||M|||50|,,,,,Steel
|showteam|p2|Dragonite||LoadedDice|Multiscale|ScaleShot,Protect,Haze,Tailwind|||M|||50|,,,,,Fairy]Ursaluna-Bloodmoon||LifeOrb|MindsEye|BloodMoon,HyperVoice,EarthPower,Protect|||M|||50|,,,,,Normal]Gholdengo||ChoiceSpecs|GoodasGold|MakeItRain,ShadowBall,Protect,NastyPlot||||||50|,,,,,Water]Annihilape||SafetyGoggles|Defiant|DrainPunch,RageFist,Protect,BulkUp|||F|||50|,,,,,Fire]Ninetales-Alola||FocusSash|SnowWarning|FreezeDry,AuroraVeil,Encore,IcicleSpear|||M|||50|,,,,,Ghost]Rillaboom||AssaultVest|GrassySurge|FakeOut,WoodHammer,HighHorsepower,Uturn|||M|||50|,,,,,Fire
|j| awesome10billion
|l| awesome10billion
|
|t:|1757724720
|teamsize|p1|4
|teamsize|p2|4
|start
|switch|p1a: Volcarona|Volcarona, L50, M|100/100
|switch|p1b: Rillaboom|Rillaboom, L50, M|100/100
|switch|p2a: Dragonite|Dragonite, L50, M, shiny|100/100
|switch|p2b: Ursaluna|Ursaluna-Bloodmoon, L50, M|100/100
|-fieldstart|move: Grassy Terrain|[from] ability: Grassy Surge|[of] p1b: Rillaboom
|turn|1
|
|t:|1757724736
|-terastallize|p2b: Ursaluna|Normal
|move|p2a: Dragonite|Protect|p2a: Dragonite
|-singleturn|p2a: Dragonite|Protect
|move|p1b: Rillaboom|Fake Out|p2a: Dragonite
|-activate|p2a: Dragonite|move: Protect
|move|p1a: Volcarona|Quiver Dance|p1a: Volcarona
|-boost|p1a: Volcarona|spa|1
|-boost|p1a: Volcarona|spd|1
|-boost|p1a: Volcarona|spe|1
|move|p2b: Ursaluna|Blood Moon|p1a: Volcarona
|-damage|p1a: Volcarona|21/100
|-damage|p2b: Ursaluna|91/100|[from] item: Life Orb
|
|-heal|p1a: Volcarona|27/100|[from] Grassy Terrain
|-heal|p1a: Volcarona|33/100|[from] item: Leftovers
|-heal|p2b: Ursaluna|97/100|[from] Grassy Terrain
|upkeep
|turn|2
|
|t:|1757724780
|move|p1a: Volcarona|Protect|p1a: Volcarona
|-singleturn|p1a: Volcarona|Protect
|move|p2a: Dragonite|Tailwind|p2a: Dragonite
|-sidestart|p2: Truevillany123|move: Tailwind
|move|p2b: Ursaluna|Hyper Voice|p1b: Rillaboom|[spread] p1b
|-activate|p1a: Volcarona|move: Protect
|-damage|p1b: Rillaboom|46/100
|-damage|p2b: Ursaluna|87/100|[from] item: Life Orb
|move|p1b: Rillaboom|Wood Hammer|p2b: Ursaluna
|-damage|p2b: Ursaluna|21/100
|-damage|p1b: Rillaboom|26/100|[from] Recoil
|
|-heal|p2b: Ursaluna|26/100|[from] Grassy Terrain
|-heal|p1a: Volcarona|40/100|[from] Grassy Terrain
|-heal|p1a: Volcarona|46/100|[from] item: Leftovers
|-heal|p1b: Rillaboom|32/100|[from] Grassy Terrain
|upkeep
|turn|3
|
|t:|1757724815
|move|p2b: Ursaluna|Protect|p2b: Ursaluna
|-singleturn|p2b: Ursaluna|Protect
|move|p1b: Rillaboom|Grassy Glide|p2b: Ursaluna
|-activate|p2b: Ursaluna|move: Protect
|move|p2a: Dragonite|Scale Shot|p1b: Rillaboom
|-damage|p1b: Rillaboom|17/100
|-damage|p1b: Rillaboom|3/100
|-damage|p1b: Rillaboom|0 fnt
|faint|p1b: Rillaboom
|-hitcount|p1: Rillaboom|3
|-unboost|p2a: Dragonite|def|1
|-boost|p2a: Dragonite|spe|1
|move|p1a: Volcarona|Heat Wave|p2b: Ursaluna|[spread] p2a
|-activate|p2b: Ursaluna|move: Protect
|-resisted|p2a: Dragonite
|-damage|p2a: Dragonite|86/100
|
|-heal|p2b: Ursaluna|32/100|[from] Grassy Terrain
|-heal|p1a: Volcarona|52/100|[from] Grassy Terrain
|-heal|p1a: Volcarona|58/100|[from] item: Leftovers
|upkeep
|
|t:|1757724839
|switch|p1b: Kingambit|Kingambit, L50, F|100/100
|turn|4
|
|t:|1757724855
|move|p1b: Kingambit|Sucker Punch|p2b: Ursaluna
|-damage|p2b: Ursaluna|0 fnt
|faint|p2b: Ursaluna
|move|p2a: Dragonite|Haze|p2a: Dragonite
|-clearallboost
|move|p1a: Volcarona|Tera Blast|p2a: Dragonite
|-damage|p2a: Dragonite|56/100
|
|-heal|p1a: Volcarona|65/100|[from] Grassy Terrain
|-heal|p1a: Volcarona|71/100|[from] item: Leftovers
|upkeep
|
|t:|1757724867
|switch|p2b: Annihilape|Annihilape, L50, F|100/100
|turn|5
|
|t:|1757724889
|-terastallize|p1a: Volcarona|Fairy
|move|p2b: Annihilape|Drain Punch|p1b: Kingambit
|-supereffective|p1b: Kingambit
|-damage|p1b: Kingambit|14/100
|move|p2a: Dragonite|Scale Shot|p1a: Volcarona
|-immune|p1a: Volcarona
|move|p1a: Volcarona|Quiver Dance|p1a: Volcarona
|-boost|p1a: Volcarona|spa|1
|-boost|p1a: Volcarona|spd|1
|-boost|p1a: Volcarona|spe|1
|move|p1b: Kingambit|Kowtow Cleave|p2b: Annihilape
|-crit|p2b: Annihilape
|-damage|p2b: Annihilape|16/100
|
|-heal|p2b: Annihilape|23/100|[from] Grassy Terrain
|-heal|p1a: Volcarona|77/100|[from] Grassy Terrain
|-heal|p1a: Volcarona|83/100|[from] item: Leftovers
|-heal|p1b: Kingambit|19/100|[from] Grassy Terrain
|-sideend|p2: Truevillany123|move: Tailwind
|-fieldend|move: Grassy Terrain
|upkeep
|turn|6
|
|t:|1757724916
|move|p2b: Annihilape|Protect|p2b: Annihilape
|-singleturn|p2b: Annihilape|Protect
|move|p1b: Kingambit|Sucker Punch||[still]
|-fail|p1b: Kingambit
|move|p1a: Volcarona|Heat Wave|p2a: Dragonite|[spread] p2a
|-activate|p2b: Annihilape|move: Protect
|-resisted|p2a: Dragonite
|-damage|p2a: Dragonite|25/100
|move|p2a: Dragonite|Tailwind|p2a: Dragonite
|-sidestart|p2: Truevillany123|move: Tailwind
|
|-heal|p1a: Volcarona|90/100|[from] item: Leftovers
|upkeep
|turn|7
|
|t:|1757724942
|move|p1b: Kingambit|Sucker Punch||[still]
|-fail|p1b: Kingambit
|move|p2b: Annihilape|Bulk Up|p2b: Annihilape
|-boost|p2b: Annihilape|atk|1
|-boost|p2b: Annihilape|def|1
|move|p2a: Dragonite|Scale Shot|p1b: Kingambit
|-resisted|p1b: Kingambit
|-damage|p1b: Kingambit|14/100
|-resisted|p1b: Kingambit
|-damage|p1b: Kingambit|8/100
|-resisted|p1b: Kingambit
|-damage|p1b: Kingambit|2/100
|-resisted|p1b: Kingambit
|-crit|p1b: Kingambit
|-damage|p1b: Kingambit|0 fnt
|faint|p1b: Kingambit
|-hitcount|p1: Kingambit|4
|-unboost|p2a: Dragonite|def|1
|-boost|p2a: Dragonite|spe|1
|move|p1a: Volcarona|Heat Wave|p2a: Dragonite|[spread] p2a
|-miss|p1a: Volcarona|p2b: Annihilape
|-resisted|p2a: Dragonite
|-damage|p2a: Dragonite|0 fnt
|faint|p2a: Dragonite
|
|-heal|p1a: Volcarona|96/100|[from] item: Leftovers
|upkeep
|
|t:|1757724966
|switch|p2a: Gholdengo|Gholdengo, L50|100/100
|switch|p1b: Sneasler|Sneasler, L50, M|100/100
|turn|8
|
|t:|1757725003
|move|p1a: Volcarona|Protect|p1a: Volcarona
|-singleturn|p1a: Volcarona|Protect
|move|p2b: Annihilape|Rage Fist|p1a: Volcarona
|-activate|p1a: Volcarona|move: Protect
|move|p2a: Gholdengo|Make It Rain|p1b: Sneasler|[spread] p1b
|-activate|p1a: Volcarona|move: Protect
|-damage|p1b: Sneasler|8/100
|-unboost|p2a: Gholdengo|spa|1
|move|p1b: Sneasler|Coaching|p1a: Volcarona
|-boost|p1a: Volcarona|atk|1
|-boost|p1a: Volcarona|def|1
|
|-heal|p1a: Volcarona|100/100|[from] item: Leftovers
|upkeep
|turn|9
|
|t:|1757725027
|move|p2b: Annihilape|Rage Fist|p1a: Volcarona
|-damage|p1a: Volcarona|56/100
|-status|p2b: Annihilape|brn|[from] ability: Flame Body|[of] p1a: Volcarona
|move|p2a: Gholdengo|Make It Rain|p1b: Sneasler|[spread] p1a,p1b
|-supereffective|p1a: Volcarona
|-damage|p1a: Volcarona|0 fnt
|-damage|p1b: Sneasler|0 fnt
|-unboost|p2a: Gholdengo|spa|1
|faint|p1a: Volcarona
|faint|p1b: Sneasler
|
|win|Truevillany123
|raw|Ercelui1990's rating: 1182 → 1150(-32 for losing)
|raw|Truevillany123's rating: 1088 → 1122(+34 for winning)
