|j|☆TheHorrorHare
|j|☆elmono11
|html|TheHorrorHareelmono11    
|uhtml|bestof|Game 2 of a best-of-3
|t:|1785803958
|gametype|doubles
|player|p1|TheHorrorHare|#wcor2025canada|1385
|player|p2|elmono11|1|1360
|gen|9
|tier|[Gen 9 Champions] VGC 2026 Reg M-B (Bo3)
|rated|
|rule|Species Clause: Limit one of each Pokémon
|rule|Item Clause: Limit 1 of each item
|clearpoke
|poke|p1|Raichu, L50, M|
|poke|p1|Arcanine-Hisui, L50, M|
|poke|p1|Staraptor, L50, F|
|poke|p1|Sylveon, L50, F|
|poke|p1|Kingambit, L50, F|
|poke|p1|Farigiraf, L50, M|
|poke|p2|Floette-Eternal, L50, F|
|poke|p2|Whimsicott, L50, M|
|poke|p2|Basculegion, L50, M|
|poke|p2|Kingambit, L50, M|
|poke|p2|Arcanine-Hisui, L50, M|
|poke|p2|Dragonite, L50, M|
|teampreview|4
|showteam|p1|Raichu||RaichuniteY|LightningRod|ZapCannon,FocusBlast,FakeOut,Protect|Timid||M|||50|]Arcanine-Hisui||FocusSash|RockHead|HeadSmash,FlareBlitz,ExtremeSpeed,Protect|Jolly||M|||50|]Staraptor||Staraptite|Intimidate|CloseCombat,DualWingbeat,Tailwind,Protect|Jolly||F|||50|]Sylveon||FairyFeather|Pixilate|HyperVoice,HyperBeam,QuickAttack,Detect|Modest||F|||50|]Kingambit||LifeOrb|Defiant|KowtowCleave,SuckerPunch,SwordsDance,Protect|Adamant||F|||50|]Farigiraf||SitrusBerry|ArmorTail|Psychic,TrickRoom,HelpingHand,Protect|Calm||M|||50|
|showteam|p2|Floette-Eternal||Floettite|FlowerVeil|Moonblast,DazzlingGleam,LightofRuin,Protect|Modest||F|||50|]Whimsicott||FocusSash|Prankster|Moonblast,Tailwind,Encore,Protect|Timid||M|||50|]Basculegion||ChoiceScarf|Adaptability|LastRespects,WaveCrash,AquaJet,FlipTurn|Jolly||M|||50|]Kingambit||BlackGlasses|Defiant|SuckerPunch,KowtowCleave,IronHead,Protect|Adamant||M|||50|]Arcanine-Hisui||SitrusBerry|RockHead|FlareBlitz,RockSlide,HeadSmash,Protect|Jolly||M|||50|]Dragonite||DragonFang|InnerFocus|DragonClaw,LowKick,ExtremeSpeed,Protect|Adamant||M|||50|
|inactive|Battle timer is ON: inactive players will automatically lose when time's up. (requested by TheHorrorHare)
|inactive|elmono11 also wants the timer to be on.
|
|t:|1785803985
|teamsize|p1|4
|teamsize|p2|4
|start
|switch|p1a: Raichu|Raichu, L50, M|100/100
|switch|p1b: Arcanine|Arcanine-Hisui, L50, M|100/100
|switch|p2a: Basculegion|Basculegion, L50, M|100/100
|switch|p2b: Whimsicott|Whimsicott, L50, M|100/100
|turn|1
|
|t:|1785804002
|detailschange|p1a: Raichu|Raichu-Mega-Y, L50, M
|-mega|p1a: Raichu|Raichu|Raichunite Y
|move|p2b: Whimsicott|Protect|p2b: Whimsicott
|-singleturn|p2b: Whimsicott|Protect
|move|p1a: Raichu|Protect|p1a: Raichu
|-singleturn|p1a: Raichu|Protect
|move|p2a: Basculegion|Wave Crash|p1b: Arcanine
|-supereffective|p1b: Arcanine|2
|-enditem|p1b: Arcanine|Focus Sash
|-damage|p1b: Arcanine|1/100
|-damage|p2a: Basculegion|71/100|[from] Recoil
|move|p1b: Arcanine|Head Smash|p2a: Basculegion
|-damage|p2a: Basculegion|0 fnt
|faint|p2a: Basculegion
|
|upkeep
|
|t:|1785804013
|switch|p2a: Floette|Floette-Eternal, L50, F|100/100
|turn|2
|
|t:|1785804033
|detailschange|p2a: Floette|Floette-Mega, L50, F
|-mega|p2a: Floette|Floette|Floettite
|-ability|p2a: Floette|Fairy Aura
|move|p2b: Whimsicott|Tailwind|p2b: Whimsicott
|-sidestart|p2: elmono11|move: Tailwind
|move|p2a: Floette|Moonblast|p1a: Raichu
|-damage|p1a: Raichu|0 fnt
|faint|p1a: Raichu
|move|p1b: Arcanine|Head Smash|p2a: Floette
|-damage|p2a: Floette|1/100
|
|upkeep
|
|t:|1785804047
|switch|p1a: Farigiraf|Farigiraf, L50, M|100/100
|turn|3
|inactive|elmono11 has 30 seconds left.
|
|t:|1785804080
|switch|p2a: Dragonite|Dragonite, L50, M|100/100
|move|p1b: Arcanine|Protect|p1b: Arcanine
|-singleturn|p1b: Arcanine|Protect
|move|p2b: Whimsicott|Moonblast|p1a: Farigiraf
|-crit|p1a: Farigiraf
|-damage|p1a: Farigiraf|62/100
|move|p1a: Farigiraf|Trick Room|p1a: Farigiraf
|-fieldstart|move: Trick Room|[of] p1a: Farigiraf
|
|upkeep
|turn|4
|inactive|TheHorrorHare has 30 seconds left.
|inactive|elmono11 has 30 seconds left.
|inactive|TheHorrorHare has 20 seconds left.
|inactive|elmono11 has 20 seconds left.
|inactive|TheHorrorHare has 15 seconds left.
|inactive|elmono11 has 15 seconds left.
|inactive|elmono11 has 10 seconds left.
|
|t:|1785804130
|move|p2b: Whimsicott|Protect|p2b: Whimsicott
|-singleturn|p2b: Whimsicott|Protect
|move|p1b: Arcanine|Extreme Speed|p2a: Dragonite
|-damage|p2a: Dragonite|75/100
|move|p1a: Farigiraf|Psychic|p2b: Whimsicott
|-activate|p2b: Whimsicott|move: Protect
|move|p2a: Dragonite|Dragon Claw|p1a: Farigiraf
|-damage|p1a: Farigiraf|13/100
|-enditem|p1a: Farigiraf|Sitrus Berry|[eat]
|-heal|p1a: Farigiraf|38/100|[from] item: Sitrus Berry
|
|upkeep
|turn|5
|inactive|elmono11 has 30 seconds left.
|inactive|TheHorrorHare has 30 seconds left.
|inactive|elmono11 has 20 seconds left.
|
|t:|1785804166
|move|p2b: Whimsicott|Protect||[still]
|-fail|p2b: Whimsicott
|move|p1a: Farigiraf|Protect|p1a: Farigiraf
|-singleturn|p1a: Farigiraf|Protect
|move|p1b: Arcanine|Extreme Speed|p2b: Whimsicott
|-damage|p2b: Whimsicott|60/100
|move|p2a: Dragonite|Dragon Claw|p1a: Farigiraf
|-activate|p1a: Farigiraf|move: Protect
|
|-sideend|p2: elmono11|move: Tailwind
|upkeep
|turn|6
|
|t:|1785804189
|move|p2a: Dragonite|Protect|p2a: Dragonite
|-singleturn|p2a: Dragonite|Protect
|move|p1b: Arcanine|Extreme Speed|p2a: Dragonite
|-activate|p2a: Dragonite|move: Protect
|move|p1a: Farigiraf|Psychic|p2a: Dragonite
|-activate|p2a: Dragonite|move: Protect
|move|p2b: Whimsicott|Moonblast|p1a: Farigiraf
|-damage|p1a: Farigiraf|11/100
|
|upkeep
|turn|7
|
|t:|1785804207
|move|p1b: Arcanine|Extreme Speed|p2b: Whimsicott
|-damage|p2b: Whimsicott|23/100
|move|p1a: Farigiraf|Psychic|p2b: Whimsicott
|-damage|p2b: Whimsicott|0 fnt
|faint|p2b: Whimsicott
|move|p2a: Dragonite|Dragon Claw|p1b: Arcanine
|-damage|p1b: Arcanine|0 fnt
|faint|p1b: Arcanine
|
|-fieldend|move: Trick Room
|upkeep
|
|t:|1785804211
|switch|p2b: Floette|Floette-Mega, L50, F|1/100
|switch|p1b: Kingambit|Kingambit, L50, F|100/100
|-ability|p2b: Floette|Fairy Aura
|turn|8
|inactive|elmono11 has 30 seconds left.
|inactive|elmono11 has 20 seconds left.
|inactive|elmono11 has 15 seconds left.
|inactive|elmono11 has 10 seconds left.
|inactive|elmono11 has 5 seconds left.
|
|t:|1785804265
|move|p2a: Dragonite|Protect|p2a: Dragonite
|-singleturn|p2a: Dragonite|Protect
|move|p1a: Farigiraf|Protect|p1a: Farigiraf
|-singleturn|p1a: Farigiraf|Protect
|move|p1b: Kingambit|Protect|p1b: Kingambit
|-singleturn|p1b: Kingambit|Protect
|move|p2b: Floette|Dazzling Gleam|p1b: Kingambit|[spread] 
|-activate|p1a: Farigiraf|move: Protect
|-activate|p1b: Kingambit|move: Protect
|
|upkeep
|turn|9
|
|t:|1785804288
|move|p1b: Kingambit|Sucker Punch|p2b: Floette
|-resisted|p2b: Floette|1
|-damage|p2b: Floette|0 fnt
|faint|p2b: Floette
|-damage|p1b: Kingambit|90/100|[from] item: Life Orb
|move|p2a: Dragonite|Low Kick|p1b: Kingambit
|-supereffective|p1b: Kingambit|2
|-damage|p1b: Kingambit|0 fnt
|faint|p1b: Kingambit
|move|p1a: Farigiraf|Psychic|p2a: Dragonite
|-damage|p2a: Dragonite|42/100
|
|upkeep
|turn|10
|-message|TheHorrorHare forfeited.
|
|win|elmono11
|raw|TheHorrorHare's rating: 1385 → 1364(-21 for losing)
|raw|elmono11's rating: 1360 → 1381(+21 for winning)
