|j|☆robby w
|j|☆mysteriousmothman
|html|robby wmysteriousmothman    
|uhtml|bestof|Game 1 of a best-of-3
|t:|1756569309
|gametype|doubles
|player|p1|robby w|pokekid|1311
|player|p2|mysteriousmothman|skier|1281
|gen|9
|tier|[Gen 9] VGC 2025 Reg H (Bo3)
|rated|
|rule|Species Clause: Limit one of each Pokémon
|rule|Item Clause: Limit 1 of each item
|clearpoke
|poke|p1|Dondozo, L50, F|
|poke|p1|Tatsugiri, L50, M|
|poke|p1|Sneasler, L50, F|
|poke|p1|Indeedee, L50, M|
|poke|p1|Ursaluna-Bloodmoon, L50, M|
|poke|p1|Electabuzz, L50, F|
|poke|p2|Porygon2, L50|
|poke|p2|Hydreigon, L50, M|
|poke|p2|Incineroar, L50, M|
|poke|p2|Ursaluna, L50, F|
|poke|p2|Amoonguss, L50, F|
|poke|p2|Gholdengo, L50|
|teampreview|4
|showteam|p1|Dondozo||Leftovers|Unaware|Protect,WaveCrash,Earthquake,OrderUp|||F|||50|,,,,,Grass]Tatsugiri||ChoiceScarf|Commander|DragonPulse,IcyWind,DracoMeteor,MuddyWater|||M|||50|,,,,,Stellar]Sneasler||PsychicSeed|Unburden|DireClaw,CloseCombat,Protect,ThroatChop|||F|||50|,,,,,Dark]Indeedee||FocusSash|PsychicSurge|DazzlingGleam,TrickRoom,ExpandingForce,Protect|||M|||50|,,,,,Fairy]Ursaluna-Bloodmoon||LifeOrb|MindsEye|BloodMoon,Protect,HyperVoice,EarthPower|||M|||50|,,,,,Normal]Electabuzz||Eviolite|VitalSpirit|Electroweb,Protect,FollowMe,Taunt|||F|||50|,,,,,Ghost
|showteam|p2|Porygon2||Eviolite|Download|TeraBlast,IceBeam,TrickRoom,Recover||||||50|,,,,,Fighting]Hydreigon||SafetyGoggles|Levitate|Snarl,DracoMeteor,Tailwind,Protect|||M|||50|,,,,,Ghost]Incineroar||SitrusBerry|Intimidate|FlareBlitz,KnockOff,PartingShot,FakeOut|||M|||50|,,,,,Grass]Ursaluna||FlameOrb|Guts|Facade,HeadlongRush,Earthquake,Protect|||F|||50|,,,,,Water]Amoonguss||CovertCloak|Regenerator|PollenPuff,Spore,RagePowder,Protect|||F|||50|,,,,,Fire]Gholdengo||MetalCoat|GoodasGold|MakeItRain,ShadowBall,NastyPlot,Protect||||||50|,,,,,Flying
|c|☆mysteriousmothman|gl hf
|c|☆robby w|gl hf
|inactive|Battle timer is ON: inactive players will automatically lose when time's up. (requested by robby w)
|inactive|mysteriousmothman has 60 seconds left.
|
|t:|1756569385
|teamsize|p1|4
|teamsize|p2|4
|start
|switch|p1a: Sneasler|Sneasler, L50, F|100/100
|switch|p1b: Indeedee|Indeedee, L50, M|100/100
|switch|p2a: Incineroar|Incineroar, L50, M, shiny|100/100
|switch|p2b: Gholdengo|Gholdengo, L50, shiny|100/100
|-fieldstart|move: Psychic Terrain|[from] ability: Psychic Surge|[of] p1b: Indeedee
|-enditem|p1a: Sneasler|Psychic Seed
|-boost|p1a: Sneasler|spd|1|[from] item: Psychic Seed
|-ability|p2a: Incineroar|Intimidate|boost
|-unboost|p1a: Sneasler|atk|1
|-unboost|p1b: Indeedee|atk|1
|turn|1
|inactive|robby w has 30 seconds left.
|inactive|mysteriousmothman has 30 seconds left.
|inactive|robby w has 20 seconds left.
|inactive|robby w has 15 seconds left.
|
|t:|1756569427
|-terastallize|p1b: Indeedee|Fairy
|move|p2b: Gholdengo|Protect|p2b: Gholdengo
|-singleturn|p2b: Gholdengo|Protect
|move|p1a: Sneasler|Throat Chop|p2b: Gholdengo
|-activate|p2b: Gholdengo|move: Protect
|move|p1b: Indeedee|Dazzling Gleam|p2a: Incineroar|[spread] p2a
|-activate|p2b: Gholdengo|move: Protect
|-damage|p2a: Incineroar|73/100
|move|p2a: Incineroar|Parting Shot|p1a: Sneasler
|-unboost|p1a: Sneasler|atk|1
|-unboost|p1a: Sneasler|spa|1
|
|t:|1756569450
|switch|p2a: Porygon2|Porygon2, L50, shiny|100/100|[from] Parting Shot
|-ability|p2a: Porygon2|Download|boost
|-boost|p2a: Porygon2|atk|1
|
|upkeep
|turn|2
|
|t:|1756569473
|switch|p1a: Dondozo|Dondozo, L50, F, shiny|100/100
|switch|p1b: Tatsugiri|Tatsugiri, L50, M|100/100
|-activate|p1b: Tatsugiri|ability: Commander|[of] p1a: Dondozo
|-boost|p1a: Dondozo|atk|2
|-boost|p1a: Dondozo|spa|2
|-boost|p1a: Dondozo|spe|2
|-boost|p1a: Dondozo|def|2
|-boost|p1a: Dondozo|spd|2
|move|p2b: Gholdengo|Nasty Plot|p2b: Gholdengo
|-boost|p2b: Gholdengo|spa|2
|move|p2a: Porygon2|Trick Room|p2a: Porygon2
|-fieldstart|move: Trick Room|[of] p2a: Porygon2
|
|upkeep
|turn|3
|inactive|mysteriousmothman has 30 seconds left.
|
|t:|1756569499
|switch|p2a: Amoonguss|Amoonguss, L50, F, shiny|100/100
|move|p2b: Gholdengo|Protect|p2b: Gholdengo
|-singleturn|p2b: Gholdengo|Protect
|move|p1a: Dondozo|Order Up|p2a: Amoonguss
|-damage|p2a: Amoonguss|50/100
|-boost|p1a: Dondozo|atk|1
|
|upkeep
|turn|4
|
|t:|1756569510
|move|p1a: Dondozo|Protect|p1a: Dondozo
|-singleturn|p1a: Dondozo|Protect
|move|p2a: Amoonguss|Spore|p1a: Dondozo
|-activate|p1a: Dondozo|move: Protect
|move|p2b: Gholdengo|Shadow Ball|p1a: Dondozo
|-activate|p1a: Dondozo|move: Protect
|
|upkeep
|turn|5
|
|t:|1756569521
|move|p2a: Amoonguss|Spore|p1a: Dondozo
|-status|p1a: Dondozo|slp|[from] move: Spore
|move|p2b: Gholdengo|Shadow Ball|p1a: Dondozo
|-damage|p1a: Dondozo|75/100 slp
|cant|p1a: Dondozo|slp
|
|-heal|p1a: Dondozo|81/100 slp|[from] item: Leftovers
|-fieldend|move: Psychic Terrain
|upkeep
|turn|6
|
|t:|1756569534
|switch|p2a: Incineroar|Incineroar, L50, M, shiny|73/100
|-ability|p2a: Incineroar|Intimidate|boost
|-unboost|p1a: Dondozo|atk|1
|-unboost|p1b: Tatsugiri|atk|1
|move|p2b: Gholdengo|Shadow Ball|p1a: Dondozo
|-damage|p1a: Dondozo|58/100 slp
|cant|p1a: Dondozo|slp
|
|-heal|p1a: Dondozo|64/100 slp|[from] item: Leftovers
|-fieldend|move: Trick Room
|upkeep
|turn|7
|
|t:|1756569548
|-curestatus|p1a: Dondozo|slp|[msg]
|move|p1a: Dondozo|Protect|p1a: Dondozo
|-singleturn|p1a: Dondozo|Protect
|move|p2a: Incineroar|Parting Shot|p1a: Dondozo
|-activate|p1a: Dondozo|move: Protect
|move|p2b: Gholdengo|Shadow Ball|p1a: Dondozo
|-activate|p1a: Dondozo|move: Protect
|
|-heal|p1a: Dondozo|70/100|[from] item: Leftovers
|upkeep
|turn|8
|
|t:|1756569563
|-terastallize|p2a: Incineroar|Grass
|move|p2b: Gholdengo|Protect|p2b: Gholdengo
|-singleturn|p2b: Gholdengo|Protect
|move|p1a: Dondozo|Wave Crash|p2a: Incineroar
|-resisted|p2a: Incineroar
|-damage|p2a: Incineroar|16/100
|-enditem|p2a: Incineroar|Sitrus Berry|[eat]
|-heal|p2a: Incineroar|41/100|[from] item: Sitrus Berry
|-damage|p1a: Dondozo|53/100|[from] Recoil
|move|p2a: Incineroar|Parting Shot|p1a: Dondozo
|-unboost|p1a: Dondozo|atk|1
|-unboost|p1a: Dondozo|spa|1
|
|t:|1756569578
|switch|p2a: Porygon2|Porygon2, L50, shiny|100/100|[from] Parting Shot
|-ability|p2a: Porygon2|Download|boost
|-boost|p2a: Porygon2|spa|1
|
|-heal|p1a: Dondozo|59/100|[from] item: Leftovers
|upkeep
|turn|9
|
|t:|1756569588
|switch|p2a: Incineroar|Incineroar, L50, M, shiny, tera:Grass|41/100
|-ability|p2a: Incineroar|Intimidate|boost
|-unboost|p1a: Dondozo|atk|1
|-unboost|p1b: Tatsugiri|atk|1
|move|p1a: Dondozo|Earthquake|p2b: Gholdengo|[spread] p2a,p2b
|-miss|p1a: Dondozo|p1b: Tatsugiri
|-resisted|p2a: Incineroar
|-supereffective|p2b: Gholdengo
|-damage|p2a: Incineroar|29/100
|-damage|p2b: Gholdengo|58/100
|move|p2b: Gholdengo|Shadow Ball|p1a: Dondozo
|-damage|p1a: Dondozo|35/100
|-unboost|p1a: Dondozo|spd|1
|
|-heal|p1a: Dondozo|42/100|[from] item: Leftovers
|upkeep
|turn|10
|
|t:|1756569610
|switch|p2a: Porygon2|Porygon2, L50, shiny|100/100
|-ability|p2a: Porygon2|Download|boost
|-boost|p2a: Porygon2|spa|1
|move|p1a: Dondozo|Protect|p1a: Dondozo
|-singleturn|p1a: Dondozo|Protect
|move|p2b: Gholdengo|Protect||[still]
|-fail|p2b: Gholdengo
|
|-heal|p1a: Dondozo|48/100|[from] item: Leftovers
|upkeep
|turn|11
|
|t:|1756569622
|move|p1a: Dondozo|Order Up|p2a: Porygon2
|-damage|p2a: Porygon2|83/100
|-boost|p1a: Dondozo|atk|1
|move|p2b: Gholdengo|Shadow Ball|p1a: Dondozo
|-damage|p1a: Dondozo|11/100
|-unboost|p1a: Dondozo|spd|1
|move|p2a: Porygon2|Trick Room|p2a: Porygon2
|-fieldstart|move: Trick Room|[of] p2a: Porygon2
|
|-heal|p1a: Dondozo|17/100|[from] item: Leftovers
|upkeep
|turn|12
|
|t:|1756569637
|switch|p2a: Amoonguss|Amoonguss, L50, F, shiny|84/100
|move|p2b: Gholdengo|Nasty Plot|p2b: Gholdengo
|-boost|p2b: Gholdengo|spa|2
|move|p1a: Dondozo|Order Up|p2a: Amoonguss
|-damage|p2a: Amoonguss|48/100
|-boost|p1a: Dondozo|atk|1
|
|-heal|p1a: Dondozo|23/100|[from] item: Leftovers
|upkeep
|turn|13
|inactive|mysteriousmothman has 30 seconds left.
|
|t:|1756569664
|move|p1a: Dondozo|Protect|p1a: Dondozo
|-singleturn|p1a: Dondozo|Protect
|move|p2a: Amoonguss|Spore|p1a: Dondozo
|-activate|p1a: Dondozo|move: Protect
|move|p2b: Gholdengo|Shadow Ball|p1a: Dondozo
|-activate|p1a: Dondozo|move: Protect
|
|-heal|p1a: Dondozo|29/100|[from] item: Leftovers
|upkeep
|turn|14
|
|t:|1756569677
|move|p2a: Amoonguss|Spore|p1a: Dondozo
|-status|p1a: Dondozo|slp|[from] move: Spore
|move|p2b: Gholdengo|Shadow Ball|p1a: Dondozo
|-damage|p1a: Dondozo|0 fnt
|faint|p1a: Dondozo
|
|upkeep
|
|t:|1756569693
|switch|p1a: Indeedee|Indeedee, L50, M, tera:Fairy|100/100
|-fieldstart|move: Psychic Terrain|[from] ability: Psychic Surge|[of] p1a: Indeedee
|turn|15
|
|t:|1756569715
|move|p1a: Indeedee|Protect|p1a: Indeedee
|-singleturn|p1a: Indeedee|Protect
|move|p2a: Amoonguss|Pollen Puff|p2b: Gholdengo
|-heal|p2b: Gholdengo|100/100
|move|p2b: Gholdengo|Shadow Ball|p1b: Tatsugiri
|-crit|p1b: Tatsugiri
|-damage|p1b: Tatsugiri|0 fnt
|faint|p1b: Tatsugiri
|
|-fieldend|move: Trick Room
|upkeep
|
|t:|1756569726
|switch|p1b: Sneasler|Sneasler, L50, F|100/100
|turn|16
|
|t:|1756569743
|switch|p2a: Incineroar|Incineroar, L50, M, shiny, tera:Grass|29/100
|-ability|p2a: Incineroar|Intimidate|boost
|-unboost|p1a: Indeedee|atk|1
|-unboost|p1b: Sneasler|atk|1
|move|p2b: Gholdengo|Protect|p2b: Gholdengo
|-singleturn|p2b: Gholdengo|Protect
|move|p1b: Sneasler|Throat Chop|p2b: Gholdengo
|-activate|p2b: Gholdengo|move: Protect
|move|p1a: Indeedee|Expanding Force|p2a: Incineroar|[spread] p2a
|-activate|p2b: Gholdengo|move: Protect
|-damage|p2a: Incineroar|0 fnt
|faint|p2a: Incineroar
|
|upkeep
|
|t:|1756569755
|switch|p2a: Porygon2|Porygon2, L50, shiny|83/100
|-ability|p2a: Porygon2|Download|boost
|-boost|p2a: Porygon2|atk|1
|turn|17
|
|t:|1756569770
|move|p1b: Sneasler|Throat Chop|p2b: Gholdengo
|-supereffective|p2b: Gholdengo
|-damage|p2b: Gholdengo|64/100
|-start|p2b: Gholdengo|Throat Chop|[silent]
|move|p1a: Indeedee|Expanding Force|p2a: Porygon2|[spread] p2a,p2b
|-resisted|p2b: Gholdengo
|-damage|p2a: Porygon2|48/100
|-damage|p2b: Gholdengo|37/100
|move|p2b: Gholdengo|Make It Rain|p1b: Sneasler|[spread] p1a,p1b
|-supereffective|p1a: Indeedee
|-enditem|p1a: Indeedee|Focus Sash
|-damage|p1a: Indeedee|1/100
|-damage|p1b: Sneasler|0 fnt
|-unboost|p2b: Gholdengo|spa|1
|faint|p1b: Sneasler
|move|p2a: Porygon2|Trick Room|p2a: Porygon2
|-fieldstart|move: Trick Room|[of] p2a: Porygon2
|
|upkeep
|turn|18
|-message|robby w forfeited.
|
|win|mysteriousmothman
||mysteriousmothman is ready for game 2.
||robby w is ready for game 2.
|uhtml|next|Next: Game 2 of 3
|l|☆mysteriousmothman
|player|p2|
