|j|☆marcosdeltasena31
|j|☆bonus chromosome
|html|marcosdeltasena31bonus chromosome    
|uhtml|bestof|Game 2 of a best-of-3
|t:|1754428937
|gametype|doubles
|player|p1|marcosdeltasena31|hilbert|1183
|player|p2|bonus chromosome|brock|1202
|gen|9
|tier|[Gen 9] VGC 2025 Reg H (Bo3)
|rated|
|rule|Species Clause: Limit one of each Pokémon
|rule|Item Clause: Limit 1 of each item
|clearpoke
|poke|p1|Dragonite, L50, F|
|poke|p1|Sneasler, L50, F|
|poke|p1|Volcarona, L50, F|
|poke|p1|Rillaboom, L50, M|
|poke|p1|Kingambit, L50, F|
|poke|p1|Electabuzz, L50, F|
|poke|p2|Sneasler, L50, F|
|poke|p2|Dragonite, L50, F|
|poke|p2|Garchomp, L50, M|
|poke|p2|Ninetales-Alola, L50, F|
|poke|p2|Metagross, L50|
|poke|p2|Magmar, L50, M|
|teampreview|4
|showteam|p1|Dragonite||LoadedDice|Multiscale|ScaleShot,ExtremeSpeed,Haze,Protect|||F|||50|,,,,,Fairy]Sneasler||FocusSash|PoisonTouch|DireClaw,CloseCombat,FakeOut,Coaching|||F|||50|,,,,,Ghost]Volcarona||CovertCloak|FlameBody|HeatWave,TeraBlast,QuiverDance,Protect|||F|||50|,,,,,Fairy]Rillaboom||AssaultVest|GrassySurge|WoodHammer,FakeOut,GrassyGlide,HighHorsepower|||M|||50|,,,,,Fire]Kingambit||BlackGlasses|Defiant|KowtowCleave,SwordsDance,SuckerPunch,Protect|||F|||50|,,,,,Dark]Electabuzz||Eviolite|VitalSpirit|Electroweb,FollowMe,Taunt,Protect|||F|||50|,,,,,Ghost
|showteam|p2|Sneasler||FocusSash|PoisonTouch|CloseCombat,DireClaw,Coaching,Protect|||F|||50|,,,,,Ghost]Dragonite||LoadedDice|Multiscale|ScaleShot,ExtremeSpeed,LowKick,Protect|||F|||50|,,,,,Fairy]Garchomp||LifeOrb|RoughSkin|Earthquake,DragonClaw,StompingTantrum,Protect|||M|||50|,,,,,Fire]Ninetales-Alola||NeverMeltIce|SnowWarning|Blizzard,FreezeDry,AuroraVeil,Protect|||F|||50|,,,,,Ice]Metagross||AssaultVest|ClearBody|HeavySlam,PsychicFangs,StompingTantrum,BulletPunch||||||50|,,,,,Flying]Magmar||Eviolite|VitalSpirit|Overheat,ClearSmog,FollowMe,Protect|||M|||50|,,,,,Flying
|
|t:|1754428966
|teamsize|p1|4
|teamsize|p2|4
|start
|switch|p1a: Volcarona|Volcarona, L50, F|100/100
|switch|p1b: Sneasler|Sneasler, L50, F|100/100
|switch|p2a: Ninetales|Ninetales-Alola, L50, F|100/100
|switch|p2b: Sneasler|Sneasler, L50, F|100/100
|-weather|Snowscape|[from] ability: Snow Warning|[of] p2a: Ninetales
|turn|1
|
|t:|1754428979
|move|p1b: Sneasler|Fake Out|p2a: Ninetales
|-damage|p2a: Ninetales|86/100
|-status|p2a: Ninetales|psn|[from] ability: Poison Touch|[of] p1b: Sneasler
|move|p2b: Sneasler|Dire Claw|p1a: Volcarona
|-damage|p1a: Volcarona|51/100
|cant|p2a: Ninetales|flinch
|move|p1a: Volcarona|Quiver Dance|p1a: Volcarona
|-boost|p1a: Volcarona|spa|1
|-boost|p1a: Volcarona|spd|1
|-boost|p1a: Volcarona|spe|1
|
|-weather|Snowscape|[upkeep]
|-damage|p2a: Ninetales|74/100 psn|[from] psn
|upkeep
|turn|2
|
|t:|1754429000
|move|p1a: Volcarona|Protect|p1a: Volcarona
|-singleturn|p1a: Volcarona|Protect
|move|p2a: Ninetales|Protect|p2a: Ninetales
|-singleturn|p2a: Ninetales|Protect
|move|p1b: Sneasler|Close Combat|p2b: Sneasler
|-resisted|p2b: Sneasler
|-damage|p2b: Sneasler|50/100
|-unboost|p1b: Sneasler|def|1
|-unboost|p1b: Sneasler|spd|1
|move|p2b: Sneasler|Dire Claw|p1a: Volcarona
|-activate|p1a: Volcarona|move: Protect
|
|-weather|Snowscape|[upkeep]
|-damage|p2a: Ninetales|62/100 psn|[from] psn
|upkeep
|turn|3
|
|t:|1754429020
|move|p1a: Volcarona|Heat Wave|p2a: Ninetales|[spread] p2a,p2b
|-supereffective|p2a: Ninetales
|-damage|p2a: Ninetales|0 fnt
|-damage|p2b: Sneasler|0 fnt
|faint|p2a: Ninetales
|faint|p2b: Sneasler
|move|p1b: Sneasler|Close Combat|p2: Ninetales|[notarget]
|-fail|p1b: Sneasler
|
|-weather|Snowscape|[upkeep]
|upkeep
|
|t:|1754429023
|switch|p2b: Dragonite|Dragonite, L50, F|100/100
|switch|p2a: Metagross|Metagross, L50|100/100
|turn|4
|
|t:|1754429040
|-terastallize|p2a: Metagross|Flying
|move|p1a: Volcarona|Protect|p1a: Volcarona
|-singleturn|p1a: Volcarona|Protect
|move|p1b: Sneasler|Coaching|p1a: Volcarona
|-boost|p1a: Volcarona|atk|1
|-boost|p1a: Volcarona|def|1
|move|p2b: Dragonite|Scale Shot|p1b: Sneasler
|-damage|p1b: Sneasler|64/100
|-damage|p1b: Sneasler|29/100
|-damage|p1b: Sneasler|0 fnt
|faint|p1b: Sneasler
|-hitcount|p1: Sneasler|3
|-unboost|p2b: Dragonite|def|1
|-boost|p2b: Dragonite|spe|1
|move|p2a: Metagross|Psychic Fangs|p1a: Volcarona
|-activate|p1a: Volcarona|move: Protect
|
|-weather|Snowscape|[upkeep]
|upkeep
|
|t:|1754429052
|switch|p1b: Rillaboom|Rillaboom, L50, M|100/100
|-fieldstart|move: Grassy Terrain|[from] ability: Grassy Surge|[of] p1b: Rillaboom
|turn|5
|
|t:|1754429070
|move|p1b: Rillaboom|Fake Out|p2b: Dragonite
|-damage|p2b: Dragonite|89/100
|cant|p2b: Dragonite|flinch
|move|p1a: Volcarona|Heat Wave|p2b: Dragonite|[spread] p2a,p2b
|-resisted|p2b: Dragonite
|-damage|p2a: Metagross|63/100
|-damage|p2b: Dragonite|62/100
|-status|p2b: Dragonite|brn
|move|p2a: Metagross|Heavy Slam|p1b: Rillaboom
|-damage|p1b: Rillaboom|36/100
|
|-weather|none
|-heal|p1a: Volcarona|57/100|[from] Grassy Terrain
|-heal|p1b: Rillaboom|42/100|[from] Grassy Terrain
|-damage|p2b: Dragonite|56/100 brn|[from] brn
|upkeep
|turn|6
|
|t:|1754429092
|move|p2b: Dragonite|Scale Shot|p1a: Volcarona
|-damage|p1a: Volcarona|52/100
|-damage|p1a: Volcarona|47/100
|-damage|p1a: Volcarona|42/100
|-damage|p1a: Volcarona|37/100
|-damage|p1a: Volcarona|31/100
|-hitcount|p1a: Volcarona|5
|-unboost|p2b: Dragonite|def|1
|-boost|p2b: Dragonite|spe|1
|move|p1a: Volcarona|Heat Wave|p2b: Dragonite|[spread] p2a,p2b
|-resisted|p2b: Dragonite
|-damage|p2a: Metagross|24/100
|-damage|p2b: Dragonite|27/100 brn
|move|p1b: Rillaboom|Wood Hammer|p2a: Metagross
|-resisted|p2a: Metagross
|-damage|p2a: Metagross|0 fnt
|faint|p2a: Metagross
|-damage|p1b: Rillaboom|35/100|[from] Recoil
|
|-heal|p1a: Volcarona|37/100|[from] Grassy Terrain
|-heal|p1b: Rillaboom|41/100|[from] Grassy Terrain
|-damage|p2b: Dragonite|21/100 brn|[from] brn
|upkeep
|turn|7
|-message|bonus chromosome forfeited.
|
|win|marcosdeltasena31
|raw|marcosdeltasena31's rating: 1183 → 1209(+26 for winning)
|raw|bonus chromosome's rating: 1202 → 1176(-26 for losing)
|l|☆bonus chromosome
|player|p2|
