|j|☆MightyMudsdale
|j|☆saboyita
|html|MightyMudsdalesaboyita    
|uhtml|bestof|Game 2 of a best-of-3
|t:|1756343192
|gametype|doubles
|player|p1|MightyMudsdale|nessa-masters|1113
|player|p2|saboyita|grimsley|1137
|gen|9
|tier|[Gen 9] VGC 2025 Reg H (Bo3)
|rated|
|rule|Species Clause: Limit one of each Pokémon
|rule|Item Clause: Limit 1 of each item
|clearpoke
|poke|p1|Kingambit, L50, F|
|poke|p1|Primarina, L50, F|
|poke|p1|Garchomp, L50, F|
|poke|p1|Corviknight, L50, F|
|poke|p1|Whimsicott, L50, M|
|poke|p1|Typhlosion-Hisui, L50, F|
|poke|p2|Amoonguss, L50, F|
|poke|p2|Hydreigon, L50, F|
|poke|p2|Whimsicott, L50, F|
|poke|p2|Maushold-Four, L50|
|poke|p2|Annihilape, L50, F|
|poke|p2|Ursaluna-Bloodmoon, L50, M|
|teampreview|4
|showteam|p1|Kingambit||SafetyGoggles|Defiant|KowtowCleave,SwordsDance,SuckerPunch,Protect|||F|||50|,,,,,Dark]Primarina||ThroatSpray|LiquidVoice|HyperVoice,Moonblast,Haze,Protect|||F|||50|,,,,,Poison]Garchomp||LifeOrb|RoughSkin|Protect,Earthquake,StompingTantrum,RockSlide|||F|||50|,,,,,Steel]Corviknight||RockyHelmet|MirrorArmor|Protect,Tailwind,Roost,BraveBird|||F|||50|,,,,,Dragon]Whimsicott||CovertCloak|Prankster|Moonblast,SunnyDay,Tailwind,Encore|||M|||50|,,,,,Grass]Typhlosion-Hisui||Charcoal|Blaze|Eruption,Protect,Flamethrower,WillOWisp|||F|||50|,,,,,Fire
|showteam|p2|Amoonguss||MentalHerb|Regenerator|ClearSmog,Spore,RagePowder,Protect|||F|||50|,,,,,Water]Hydreigon||ChoiceSpecs|Levitate|Snarl,HeatWave,DarkPulse,DracoMeteor|||F|||50|,,,,,Ghost]Whimsicott||CovertCloak|Prankster|BeatUp,Encore,HelpingHand,Tailwind|||F|||50|,,,,,Dark]Maushold-Four||WideLens|Technician|PopulationBomb,Taunt,FollowMe,Protect||||||50|,,,,,Ghost]Annihilape||Leftovers|Defiant|RageFist,CloseCombat,FinalGambit,Protect|||F|||50|,,,,,Water]Ursaluna-Bloodmoon||LifeOrb|MindsEye|HyperVoice,EarthPower,BloodMoon,Protect|||M|||50|,,,,,Water
|inactive|Battle timer is ON: inactive players will automatically lose when time's up. (requested by saboyita)
|c|☆MightyMudsdale|gl hf
|c|☆saboyita|You too
|inactive|MightyMudsdale has 60 seconds left.
|inactive|saboyita has 60 seconds left.
|
|t:|1756343242
|teamsize|p1|4
|teamsize|p2|4
|start
|switch|p1a: Nami|Primarina, L50, F|100/100
|switch|p1b: Whimsicott|Whimsicott, L50, M|100/100
|switch|p2a: Hydreigon|Hydreigon, L50, F|100/100
|switch|p2b: Whimsicott|Whimsicott, L50, F|100/100
|turn|1
|inactive|saboyita has 30 seconds left.
|
|t:|1756343271
|move|p2b: Whimsicott|Tailwind|p2b: Whimsicott
|-sidestart|p2: saboyita|move: Tailwind
|move|p1b: Whimsicott|Tailwind|p1b: Whimsicott
|-sidestart|p1: MightyMudsdale|move: Tailwind
|move|p2a: Hydreigon|Snarl|p1a: Nami|[spread] p1a,p1b
|-resisted|p1a: Nami
|-resisted|p1b: Whimsicott
|-damage|p1a: Nami|83/100
|-damage|p1b: Whimsicott|79/100
|-unboost|p1a: Nami|spa|1
|move|p1a: Nami|Hyper Voice|p2b: Whimsicott|[spread] p2a,p2b
|-resisted|p2a: Hydreigon
|-resisted|p2b: Whimsicott
|-damage|p2a: Hydreigon|86/100
|-damage|p2b: Whimsicott|85/100
|-enditem|p1a: Nami|Throat Spray
|-boost|p1a: Nami|spa|1|[from] item: Throat Spray
|
|upkeep
|turn|2
|
|t:|1756343296
|switch|p2a: Annihilape|Annihilape, L50, F|100/100
|move|p2b: Whimsicott|Encore|p1a: Nami
|-start|p1a: Nami|Encore
|move|p1b: Whimsicott|Moonblast|p2a: Annihilape
|-supereffective|p2a: Annihilape
|-damage|p2a: Annihilape|43/100
|-unboost|p2a: Annihilape|spa|1
|-ability|p2a: Annihilape|Defiant|boost
|-boost|p2a: Annihilape|atk|2
|move|p1a: Nami|Hyper Voice|p2a: Annihilape|[spread] p2a,p2b
|-resisted|p2b: Whimsicott
|-damage|p2a: Annihilape|11/100
|-damage|p2b: Whimsicott|63/100
|
|-heal|p2a: Annihilape|17/100|[from] item: Leftovers
|upkeep
|turn|3
|inactive|MightyMudsdale has 30 seconds left.
|inactive|saboyita has 30 seconds left.
|inactive|MightyMudsdale has 20 seconds left.
|inactive|saboyita has 20 seconds left.
|inactive|saboyita has 15 seconds left.
|inactive|saboyita has 10 seconds left.
|
|t:|1756343346
|switch|p2b: Hydreigon|Hydreigon, L50, F|86/100
|switch|p1a: Peeps|Corviknight, L50, F|100/100
|move|p1b: Whimsicott|Moonblast|p2a: Annihilape
|-supereffective|p2a: Annihilape
|-damage|p2a: Annihilape|0 fnt
|faint|p2a: Annihilape
|
|upkeep
|
|t:|1756343354
|switch|p2a: Whimsicott|Whimsicott, L50, F|63/100
|turn|4
|
|t:|1756343361
|move|p2a: Whimsicott|Helping Hand|p2b: Hydreigon
|-singleturn|p2b: Hydreigon|Helping Hand|[of] p2a: Whimsicott
|move|p1b: Whimsicott|Moonblast|p2b: Hydreigon
|-supereffective|p2b: Hydreigon
|-damage|p2b: Hydreigon|0 fnt
|faint|p2b: Hydreigon
|move|p1a: Peeps|Brave Bird|p2a: Whimsicott
|-supereffective|p2a: Whimsicott
|-damage|p2a: Whimsicott|0 fnt
|faint|p2a: Whimsicott
|-damage|p1a: Peeps|83/100|[from] Recoil
|
|-sideend|p1: MightyMudsdale|move: Tailwind
|-sideend|p2: saboyita|move: Tailwind
|upkeep
|
|t:|1756343367
|switch|p2b: Ursaluna|Ursaluna-Bloodmoon, L50, M|100/100
|turn|5
|
|t:|1756343375
|move|p1b: Whimsicott|Moonblast|p2b: Ursaluna
|-damage|p2b: Ursaluna|67/100
|move|p1a: Peeps|Brave Bird|p2b: Ursaluna
|-crit|p2b: Ursaluna
|-damage|p2b: Ursaluna|21/100
|-damage|p1a: Peeps|68/100|[from] Recoil
|move|p2b: Ursaluna|Hyper Voice|p1b: Whimsicott|[spread] p1a,p1b
|-resisted|p1a: Peeps
|-damage|p1a: Peeps|46/100
|-damage|p1b: Whimsicott|16/100
|-damage|p2b: Ursaluna|12/100|[from] item: Life Orb
|
|upkeep
|turn|6
|
|t:|1756343387
|move|p1b: Whimsicott|Moonblast|p2b: Ursaluna
|-damage|p2b: Ursaluna|0 fnt
|faint|p2b: Ursaluna
|
|win|MightyMudsdale
||saboyita is ready for game 3.
