|j|☆Rafaxpro_11
|j|☆strifesada
|html|Rafaxpro_11strifesada    
|uhtml|bestof|Game 2 of a best-of-3
|t:|1782351047
|gametype|doubles
|player|p1|Rafaxpro_11|hilbert-wonderlauncher|1082
|player|p2|strifesada|piers|1158
|gen|9
|tier|[Gen 9 Champions] VGC 2026 Reg M-B (Bo3)
|rated|
|rule|Species Clause: Limit one of each Pokémon
|rule|Item Clause: Limit 1 of each item
|clearpoke
|poke|p1|Floette-Eternal, L50, F|
|poke|p1|Talonflame, L50, M|
|poke|p1|Scizor, L50, M|
|poke|p1|Garchomp, L50, M|
|poke|p1|Sinistcha-Masterpiece, L50|
|poke|p1|Basculegion, L50, M|
|poke|p2|Ninetales-Alola, L50, F|
|poke|p2|Metagross, L50|
|poke|p2|Raichu, L50, M|
|poke|p2|Sneasler, L50, M|
|poke|p2|Basculegion, L50, M|
|poke|p2|Kingambit, L50, F|
|teampreview|4
|showteam|p1|Floette-Eternal||Floettite|FlowerVeil|CalmMind,Protect,DazzlingGleam,Moonblast|Modest||F|||50|]Talonflame|||GaleWings|Acrobatics,Tailwind,FlareBlitz,Protect|Jolly||M|||50|]Scizor||Scizorite|Technician|BulletPunch,Protect,BugBite,SwordsDance|Adamant||M|||50|]Garchomp||LifeOrb|RoughSkin|DragonClaw,RockSlide,Earthquake,Protect|Jolly||M|||50|]Sinistcha-Masterpiece||SitrusBerry|Hospitality|MatchaGotcha,TrickRoom,LifeDew,RagePowder|Bold|||||50|]Basculegion||FocusSash|Adaptability|LastRespects,AquaJet,Protect,Liquidation|Adamant||M|||50|
|showteam|p2|Ninetales-Alola||LifeOrb|SnowWarning|Blizzard,Protect,FreezeDry,Moonblast|Timid||F|||50|]Metagross||Metagrossite|ClearBody|MeteorMash,PsychicFangs,IcePunch,Protect|Jolly|||||50|]Raichu||RaichuniteY|LightningRod|ZapCannon,FocusBlast,FakeOut,Protect|Timid||M|||50|]Sneasler||FocusSash|Unburden|Coaching,FakeOut,CloseCombat,DireClaw|Adamant||M|||50|]Basculegion||MysticWater|SwiftSwim|Liquidation,LastRespects,AquaJet,Protect|Adamant||M|||50|]Kingambit||ChopleBerry|Defiant|SuckerPunch,SwordsDance,KowtowCleave,Protect|Adamant||F|||50|
|inactive|Battle timer is ON: inactive players will automatically lose when time's up. (requested by Rafaxpro_11)
|
|t:|1782351073
|teamsize|p1|4
|teamsize|p2|4
|start
|switch|p1a: Scizor|Scizor, L50, M|100/100
|switch|p1b: Talonflame|Talonflame, L50, M|100/100
|switch|p2a: Sneasler|Sneasler, L50, M|100/100
|switch|p2b: Kingambit|Kingambit, L50, F|100/100
|turn|1
|
|t:|1782351081
|detailschange|p1a: Scizor|Scizor-Mega, L50, M
|-mega|p1a: Scizor|Scizor|Scizorite
|move|p1b: Talonflame|Protect|p1b: Talonflame
|-singleturn|p1b: Talonflame|Protect
|move|p1a: Scizor|Protect|p1a: Scizor
|-singleturn|p1a: Scizor|Protect
|move|p2a: Sneasler|Fake Out|p1a: Scizor
|-activate|p1a: Scizor|move: Protect
|move|p2b: Kingambit|Swords Dance|p2b: Kingambit
|-boost|p2b: Kingambit|atk|2
|
|upkeep
|turn|2
|
|t:|1782351100
|move|p1b: Talonflame|Acrobatics|p2a: Sneasler
|-supereffective|p2a: Sneasler|1
|-enditem|p2a: Sneasler|Focus Sash
|-damage|p2a: Sneasler|1/100
|move|p2a: Sneasler|Coaching|p2b: Kingambit
|-boost|p2b: Kingambit|atk|1
|-boost|p2b: Kingambit|def|1
|move|p1a: Scizor|Bug Bite|p2b: Kingambit
|-damage|p2b: Kingambit|71/100
|-enditem|p2b: Kingambit|Chople Berry|[from] stealeat|[move] Bug Bite|[of] p1a: Scizor
|move|p2b: Kingambit|Kowtow Cleave|p1a: Scizor
|-damage|p1a: Scizor|11/100
|
|upkeep
|turn|3
|inactive|strifesada has 30 seconds left.
|
|t:|1782351126
|switch|p2a: Metagross|Metagross, L50|100/100
|move|p1a: Scizor|Bullet Punch|p2a: Metagross
|-resisted|p2a: Metagross|1
|-crit|p2a: Metagross
|-damage|p2a: Metagross|74/100
|move|p1b: Talonflame|Flare Blitz|p2b: Kingambit
|-supereffective|p2b: Kingambit|1
|-damage|p2b: Kingambit|22/100
|-damage|p1b: Talonflame|78/100|[from] Recoil
|move|p2b: Kingambit|Kowtow Cleave|p1b: Talonflame
|-damage|p1b: Talonflame|0 fnt
|faint|p1b: Talonflame
|
|upkeep
|
|t:|1782351140
|switch|p1b: Garchomp|Garchomp, L50, M|100/100
|turn|4
|
|t:|1782351162
|detailschange|p2a: Metagross|Metagross-Mega, L50
|-mega|p2a: Metagross|Metagross|Metagrossite
|move|p1a: Scizor|Protect|p1a: Scizor
|-singleturn|p1a: Scizor|Protect
|move|p2b: Kingambit|Sucker Punch||[still]
|-fail|p2b: Kingambit
|move|p2a: Metagross|Ice Punch|p1b: Garchomp
|-supereffective|p1b: Garchomp|2
|-damage|p1b: Garchomp|0 fnt
|-damage|p2a: Metagross|62/100|[from] ability: Rough Skin|[of] p1b: Garchomp
|faint|p1b: Garchomp
|
|upkeep
|
|t:|1782351171
|switch|p1b: Basculegion|Basculegion, L50, M|100/100
|turn|5
|
|t:|1782351182
|move|p1a: Scizor|Bullet Punch|p2b: Kingambit
|-resisted|p2b: Kingambit|1
|-damage|p2b: Kingambit|14/100
|move|p2b: Kingambit|Sucker Punch|p1b: Basculegion
|-supereffective|p1b: Basculegion|1
|-enditem|p1b: Basculegion|Focus Sash
|-damage|p1b: Basculegion|1/100
|move|p2a: Metagross|Psychic Fangs|p1a: Scizor
|-resisted|p1a: Scizor|1
|-damage|p1a: Scizor|0 fnt
|faint|p1a: Scizor
|move|p1b: Basculegion|Last Respects|p2a: Metagross
|-supereffective|p2a: Metagross|1
|-damage|p2a: Metagross|0 fnt
|faint|p2a: Metagross
|
|upkeep
|
|t:|1782351188
|switch|p2a: Ninetales|Ninetales-Alola, L50, F|100/100
|-weather|Snowscape|[from] ability: Snow Warning|[of] p2a: Ninetales
|turn|6
|
|t:|1782351193
|move|p1b: Basculegion|Aqua Jet|p2b: Kingambit
|-damage|p2b: Kingambit|0 fnt
|faint|p2b: Kingambit
|move|p2a: Ninetales|Freeze-Dry|p1b: Basculegion
|-supereffective|p1b: Basculegion|1
|-damage|p1b: Basculegion|0 fnt
|faint|p1b: Basculegion
|-damage|p2a: Ninetales|90/100|[from] item: Life Orb
|
|win|strifesada
