|j|☆sturmkitten69
|j|☆Schlorp_Corp
|html|sturmkitten69Schlorp_Corp    
|uhtml|bestof|Game 2 of a best-of-3
|t:|1782273163
|gametype|doubles
|player|p1|sturmkitten69|fisherman-gen4|1094
|player|p2|Schlorp_Corp|102|1069
|gen|9
|tier|[Gen 9 Champions] VGC 2026 Reg M-B (Bo3)
|rated|
|rule|Species Clause: Limit one of each Pokémon
|rule|Item Clause: Limit 1 of each item
|clearpoke
|poke|p1|Charizard, L50, F|
|poke|p1|Weavile, L50, M|
|poke|p1|Whimsicott, L50, M|
|poke|p1|Rotom-Wash, L50|
|poke|p1|Venusaur, L50, F|
|poke|p1|Kingambit, L50, M|
|poke|p2|Sceptile, L50, F|
|poke|p2|Heliolisk, L50, M|
|poke|p2|Charizard, L50, F|
|poke|p2|Kingambit, L50, F|
|poke|p2|Araquanid, L50, F|
|poke|p2|Farigiraf, L50, M|
|teampreview|4
|showteam|p1|Charizard||CharizarditeY|Blaze|HeatWave,SolarBeam,WeatherBall,Protect|Modest||F|||50|]Weavile||FocusSash|Pressure|FakeOut,IcicleCrash,Protect,KnockOff|Adamant||M|||50|]Whimsicott||FairyFeather|Prankster|Moonblast,Tailwind,Encore,Protect|Timid||M|||50|]Rotom-Wash||ChoiceScarf|Levitate|Thunderbolt,HydroPump,WillOWisp,VoltSwitch|Timid|||||50|]Venusaur||LifeOrb|Chlorophyll|SludgeBomb,Protect,SleepPowder,GigaDrain|Modest||F|||50|]Kingambit||BlackGlasses|Defiant|KowtowCleave,SuckerPunch,Protect,IronHead|Adamant||M|||50|
|showteam|p2|Sceptile||Sceptilite|Overgrow|EnergyBall,Protect,EarthPower,DragonPulse|Timid||F|||50|]Heliolisk||ChoiceScarf|SolarPower|Discharge,Thunderbolt,HyperVoice,Electroweb|Timid||M|||50|]Charizard||CharizarditeY|Blaze|HeatWave,WeatherBall,Protect,SolarBeam|Timid||F|||50|]Kingambit||ChopleBerry|Defiant|KowtowCleave,IronHead,SuckerPunch,LowKick|Adamant||F|||50|]Araquanid||MysticWater|WaterBubble|Liquidation,WideGuard,Protect,BugBite|Adamant||F|||50|]Farigiraf||SitrusBerry|ArmorTail|TwinBeam,Protect,TrickRoom,FoulPlay|Bold||M|||50|
|inactive|Battle timer is ON: inactive players will automatically lose when time's up. (requested by Schlorp_Corp)
|inactive|sturmkitten69 has 60 seconds left.
|
|t:|1782273216
|teamsize|p1|4
|teamsize|p2|4
|start
|switch|p1a: Charizard|Charizard, L50, F|100/100
|switch|p1b: Whimsicott|Whimsicott, L50, M|100/100
|switch|p2a: Heliolisk|Heliolisk, L50, M|100/100
|switch|p2b: Farigiraf|Farigiraf, L50, M|100/100
|turn|1
|inactive|Schlorp_Corp has 30 seconds left.
|inactive|Schlorp_Corp has 20 seconds left.
|inactive|Schlorp_Corp has 15 seconds left.
|
|t:|1782273256
|switch|p2a: Kingambit|Kingambit, L50, F|100/100
|switch|p1a: Kingambit|Kingambit, L50, M|100/100
|move|p1b: Whimsicott|Moonblast|p2a: Kingambit
|-damage|p2a: Kingambit|57/100
|move|p2b: Farigiraf|Trick Room|p2b: Farigiraf
|-fieldstart|move: Trick Room|[of] p2b: Farigiraf
|
|upkeep
|turn|2
|
|t:|1782273280
|switch|p2b: Charizard|Charizard, L50, F|100/100
|move|p1b: Whimsicott|Protect|p1b: Whimsicott
|-singleturn|p1b: Whimsicott|Protect
|move|p1a: Kingambit|Kowtow Cleave|p2b: Charizard
|-damage|p2b: Charizard|10/100
|move|p2a: Kingambit|Low Kick|p1a: Kingambit
|-supereffective|p1a: Kingambit|2
|-damage|p1a: Kingambit|0 fnt
|faint|p1a: Kingambit
|
|upkeep
|
|t:|1782273293
|switch|p1a: Charizard|Charizard, L50, F|100/100
|turn|3
|inactive|Schlorp_Corp has 30 seconds left.
|
|t:|1782273326
|detailschange|p1a: Charizard|Charizard-Mega-Y, L50, F
|-mega|p1a: Charizard|Charizard|Charizardite Y
|-weather|SunnyDay|[from] ability: Drought|[of] p1a: Charizard
|detailschange|p2b: Charizard|Charizard-Mega-Y, L50, F
|-mega|p2b: Charizard|Charizard|Charizardite Y
|move|p1a: Charizard|Protect|p1a: Charizard
|-singleturn|p1a: Charizard|Protect
|move|p2a: Kingambit|Iron Head|p1b: Whimsicott
|-supereffective|p1b: Whimsicott|1
|-damage|p1b: Whimsicott|0 fnt
|faint|p1b: Whimsicott
|move|p2b: Charizard|Weather Ball|p1a: Charizard
|-activate|p1a: Charizard|move: Protect
|
|-weather|SunnyDay|[upkeep]
|upkeep
|
|t:|1782273339
|switch|p1b: Venusaur|Venusaur, L50, F|100/100
|turn|4
|
|t:|1782273356
|move|p1b: Venusaur|Protect|p1b: Venusaur
|-singleturn|p1b: Venusaur|Protect
|move|p2a: Kingambit|Kowtow Cleave|p1a: Charizard
|-damage|p1a: Charizard|43/100
|move|p1a: Charizard|Heat Wave|p2a: Kingambit|[spread] p2a,p2b
|-supereffective|p2a: Kingambit|1
|-resisted|p2b: Charizard|1
|-damage|p2a: Kingambit|0 fnt
|-damage|p2b: Charizard|0 fnt
|faint|p2a: Kingambit
|faint|p2b: Charizard
|
|-weather|SunnyDay|[upkeep]
|upkeep
|
|t:|1782273366
|switch|p2a: Heliolisk|Heliolisk, L50, M|100/100
|switch|p2b: Farigiraf|Farigiraf, L50, M|100/100
|turn|5
|
|t:|1782273382
|move|p1a: Charizard|Protect|p1a: Charizard
|-singleturn|p1a: Charizard|Protect
|move|p2b: Farigiraf|Twin Beam|p1a: Charizard
|-activate|p1a: Charizard|move: Protect
|move|p1b: Venusaur|Sleep Powder|p2a: Heliolisk
|-status|p2a: Heliolisk|slp|[from] move: Sleep Powder
|cant|p2a: Heliolisk|slp
|
|-weather|SunnyDay|[upkeep]
|-damage|p2a: Heliolisk|87/100 slp|[from] ability: Solar Power|[of] p2a: Heliolisk
|-fieldend|move: Trick Room
|upkeep
|turn|6
|
|t:|1782273406
|cant|p2a: Heliolisk|slp
|move|p1b: Venusaur|Sludge Bomb|p2b: Farigiraf
|-damage|p2b: Farigiraf|52/100
|-damage|p1b: Venusaur|90/100|[from] item: Life Orb
|move|p1a: Charizard|Heat Wave|p2b: Farigiraf|[spread] p2a,p2b
|-damage|p2a: Heliolisk|1/100 slp
|-damage|p2b: Farigiraf|1/100
|-enditem|p2b: Farigiraf|Sitrus Berry|[eat]
|-heal|p2b: Farigiraf|25/100|[from] item: Sitrus Berry
|move|p2b: Farigiraf|Twin Beam|p1b: Venusaur
|-supereffective|p1b: Venusaur|1
|-damage|p1b: Venusaur|56/100
|-supereffective|p1b: Venusaur|1
|-damage|p1b: Venusaur|25/100
|-hitcount|p1b: Venusaur|2
|
|-weather|SunnyDay|[upkeep]
|-damage|p2a: Heliolisk|0 fnt|[from] ability: Solar Power|[of] p2a: Heliolisk
|faint|p2a: Heliolisk
|upkeep
|turn|7
|
|t:|1782273429
|move|p1b: Venusaur|Giga Drain|p2b: Farigiraf
|-damage|p2b: Farigiraf|0 fnt
|-heal|p1b: Venusaur|42/100|[from] drain|[of] p2b: Farigiraf
|faint|p2b: Farigiraf
|-damage|p1b: Venusaur|32/100|[from] item: Life Orb
|
|win|sturmkitten69
|raw|sturmkitten69's rating: 1094 → 1118(+24 for winning)
|raw|Schlorp_Corp's rating: 1069 → 1050(-19 for losing)
|l|☆Schlorp_Corp
|player|p2|
