|j|☆uubbll
|j|☆regalac3
|html|uubbllregalac3    
|uhtml|bestof|Game 1 of a best-of-3
|t:|1757207070
|gametype|doubles
|player|p1|uubbll|drayden|1000
|player|p2|regalac3|n|1102
|gen|9
|tier|[Gen 9] VGC 2025 Reg H (Bo3)
|rated|
|rule|Species Clause: Limit one of each Pokémon
|rule|Item Clause: Limit 1 of each item
|clearpoke
|poke|p1|Pelipper, L50, M|
|poke|p1|Archaludon, L50, M|
|poke|p1|Basculegion, L50, M|
|poke|p1|Incineroar, L50, F|
|poke|p1|Electrode-Hisui, L50|
|poke|p1|Farigiraf, L50, F|
|poke|p2|Pelipper, L50, F|
|poke|p2|Basculegion, L50, M|
|poke|p2|Archaludon, L50, F|
|poke|p2|Annihilape, L50, M|
|poke|p2|Rillaboom, L50, M|
|poke|p2|Maushold-Four, L50|
|teampreview|4
|showteam|p1|Pelipper||FocusSash|Drizzle|Tailwind,IcyWind,WideGuard,Hurricane|||M|||50|,,,,,Steel]Archaludon||AssaultVest|Stamina|FlashCannon,DracoMeteor,ElectroShot,BodyPress|||M|||50|,,,,,Grass]Basculegion||LifeOrb|SwiftSwim|WaveCrash,LastRespects,FlipTurn,PsychicFangs|||M|||50|,,,,,Water]Incineroar||SafetyGoggles|Intimidate|KnockOff,FakeOut,PartingShot,Protect|||F|||50|,,,,,Ghost]Electrode-Hisui||LoadedDice|Static|BulletSeed,Taunt,ThunderWave,VoltSwitch||||||50|,,,,,Steel]Farigiraf||ThroatSpray|ArmorTail|HyperVoice,DazzlingGleam,CalmMind,BatonPass|||F|||50|,,,,,Fairy
|showteam|p2|Pelipper||FocusSash|Drizzle|Hurricane,WeatherBall,WideGuard,Protect|||F|||50|,,,,,Stellar]Basculegion||LifeOrb|SwiftSwim|WaveCrash,LastRespects,AquaJet,Protect|||M|||50|,,,,,Water]Archaludon||AssaultVest|Stamina|FlashCannon,DracoMeteor,ElectroShot,BodyPress|||F|||50|,,,,,Bug]Annihilape||Leftovers|Defiant|RageFist,DrainPunch,BulkUp,Protect|||M|||50|,,,,,Fire]Rillaboom||LoadedDice|GrassySurge|BulletSeed,GrassyGlide,HighHorsepower,FakeOut|||M|||50|,,,,,Water]Maushold-Four||SafetyGoggles|FriendGuard|BeatUp,FollowMe,Taunt,Protect||||||50|,,,,,Ghost
|inactive|Battle timer is ON: inactive players will automatically lose when time's up. (requested by regalac3)
|inactive|uubbll also wants the timer to be on.
|inactive|uubbll has 60 seconds left.
|
|t:|1757207101
|teamsize|p1|4
|teamsize|p2|4
|start
|switch|p1a: Archaludon|Archaludon, L50, M|100/100
|switch|p1b: Pelipper|Pelipper, L50, M|100/100
|switch|p2a: Maushold|Maushold-Four, L50|100/100
|switch|p2b: Annihilape|Annihilape, L50, M|100/100
|-weather|RainDance|[from] ability: Drizzle|[of] p1b: Pelipper
|turn|1
|inactive|uubbll has 30 seconds left.
|inactive|regalac3 has 30 seconds left.
|inactive|regalac3 has 20 seconds left.
|
|t:|1757207138
|move|p2a: Maushold|Beat Up|p2b: Annihilape
|-damage|p2b: Annihilape|99/100
|-damage|p2b: Annihilape|96/100
|-damage|p2b: Annihilape|94/100
|-damage|p2b: Annihilape|91/100
|-hitcount|p2b: Annihilape|4
|move|p2b: Annihilape|Rage Fist|p1a: Archaludon
|-damage|p1a: Archaludon|18/100
|-ability|p1a: Archaludon|Stamina|boost
|-boost|p1a: Archaludon|def|1
|move|p1a: Archaludon|Electro Shot||[still]
|-prepare|p1a: Archaludon|Electro Shot
|-boost|p1a: Archaludon|spa|1
|-anim|p1a: Archaludon|Electro Shot|p2b: Annihilape
|-damage|p2b: Annihilape|39/100
|move|p1b: Pelipper|Hurricane|p2b: Annihilape
|-supereffective|p2b: Annihilape
|-damage|p2b: Annihilape|0 fnt
|faint|p2b: Annihilape
|
|-weather|RainDance|[upkeep]
|upkeep
|
|t:|1757207145
|switch|p2b: Archaludon|Archaludon, L50, F|100/100
|turn|2
|inactive|uubbll has 30 seconds left.
|inactive|uubbll has 20 seconds left.
|
|t:|1757207181
|move|p2a: Maushold|Beat Up|p2b: Archaludon
|-damage|p2b: Archaludon|99/100
|-ability|p2b: Archaludon|Stamina|boost
|-boost|p2b: Archaludon|def|1
|-damage|p2b: Archaludon|98/100
|-ability|p2b: Archaludon|Stamina|boost
|-boost|p2b: Archaludon|def|1
|-damage|p2b: Archaludon|97/100
|-ability|p2b: Archaludon|Stamina|boost
|-boost|p2b: Archaludon|def|1
|-hitcount|p2b: Archaludon|3
|move|p1a: Archaludon|Body Press|p2b: Archaludon
|-supereffective|p2b: Archaludon
|-damage|p2b: Archaludon|81/100
|-ability|p2b: Archaludon|Stamina|boost
|-boost|p2b: Archaludon|def|1
|move|p2b: Archaludon|Body Press|p1a: Archaludon
|-supereffective|p1a: Archaludon
|-damage|p1a: Archaludon|0 fnt
|faint|p1a: Archaludon
|move|p1b: Pelipper|Hurricane|p2a: Maushold
|-damage|p2a: Maushold|60/100
|
|-weather|RainDance|[upkeep]
|upkeep
|inactive|uubbll has 30 seconds left.
|
|t:|1757207208
|switch|p1a: Basculegion|Basculegion, L50, M|100/100
|turn|3
|inactive|uubbll has 30 seconds left.
|inactive|uubbll has 20 seconds left.
|
|t:|1757207245
|move|p2a: Maushold|Follow Me|p2a: Maushold
|-singleturn|p2a: Maushold|move: Follow Me
|move|p1a: Basculegion|Wave Crash|p2a: Maushold
|-damage|p2a: Maushold|0 fnt
|faint|p2a: Maushold
|-damage|p1a: Basculegion|82/100|[from] Recoil
|-damage|p1a: Basculegion|72/100|[from] item: Life Orb
|move|p2b: Archaludon|Electro Shot||[still]
|-prepare|p2b: Archaludon|Electro Shot
|-boost|p2b: Archaludon|spa|1
|-anim|p2b: Archaludon|Electro Shot|p1a: Basculegion
|-supereffective|p1a: Basculegion
|-damage|p1a: Basculegion|0 fnt
|faint|p1a: Basculegion
|move|p1b: Pelipper|Hurricane|p2b: Archaludon
|-resisted|p2b: Archaludon
|-damage|p2b: Archaludon|69/100
|-start|p2b: Archaludon|confusion
|-ability|p2b: Archaludon|Stamina|boost
|-boost|p2b: Archaludon|def|1
|
|-weather|RainDance|[upkeep]
|upkeep
|
|t:|1757207267
|switch|p2a: Rillaboom|Rillaboom, L50, M|100/100
|switch|p1a: Farigiraf|Farigiraf, L50, F|100/100
|-fieldstart|move: Grassy Terrain|[from] ability: Grassy Surge|[of] p2a: Rillaboom
|turn|4
|
|t:|1757207291
|-terastallize|p2a: Rillaboom|Water
|move|p2a: Rillaboom|Bullet Seed|p1b: Pelipper
|-damage|p1b: Pelipper|86/100
|-damage|p1b: Pelipper|71/100
|-damage|p1b: Pelipper|55/100
|-damage|p1b: Pelipper|40/100
|-damage|p1b: Pelipper|24/100
|-hitcount|p1b: Pelipper|5
|-activate|p2b: Archaludon|confusion
|-damage|p2b: Archaludon|67/100|[from] confusion
|move|p1b: Pelipper|Hurricane|p2a: Rillaboom
|-damage|p2a: Rillaboom|64/100
|move|p1a: Farigiraf|Calm Mind|p1a: Farigiraf
|-boost|p1a: Farigiraf|spa|1
|-boost|p1a: Farigiraf|spd|1
|
|-weather|RainDance|[upkeep]
|-heal|p2a: Rillaboom|70/100|[from] Grassy Terrain
|-heal|p2b: Archaludon|73/100|[from] Grassy Terrain
|upkeep
|turn|5
|inactive|uubbll has 30 seconds left.
|inactive|regalac3 has 30 seconds left.
|inactive|regalac3 has 20 seconds left.
|
|t:|1757207327
|move|p2a: Rillaboom|Bullet Seed|p1a: Farigiraf
|-damage|p1a: Farigiraf|82/100
|-damage|p1a: Farigiraf|64/100
|-crit|p1a: Farigiraf
|-damage|p1a: Farigiraf|39/100
|-damage|p1a: Farigiraf|23/100
|-crit|p1a: Farigiraf
|-damage|p1a: Farigiraf|0 fnt
|faint|p1a: Farigiraf
|-hitcount|p1: Farigiraf|5
|-end|p2b: Archaludon|confusion
|move|p2b: Archaludon|Electro Shot||[still]
|-prepare|p2b: Archaludon|Electro Shot
|-boost|p2b: Archaludon|spa|1
|-anim|p2b: Archaludon|Electro Shot|p1b: Pelipper
|-supereffective|p1b: Pelipper
|-damage|p1b: Pelipper|0 fnt
|faint|p1b: Pelipper
|
|win|regalac3
|inactive|uubbll has 30 seconds to confirm battle start!
|inactive|regalac3 has 30 seconds to confirm battle start!
||uubbll is ready for game 2.
