|j|☆AnriVGC
|j|☆BrokenMoxiie
|html|AnriVGCBrokenMoxiie    
|uhtml|bestof|Game 1 of a best-of-3
|t:|1756497609
|gametype|doubles
|player|p1|AnriVGC|hilda-masters3|1100
|player|p2|BrokenMoxiie|riley|1071
|gen|9
|tier|[Gen 9] VGC 2025 Reg H (Bo3)
|rated|
|rule|Species Clause: Limit one of each Pokémon
|rule|Item Clause: Limit 1 of each item
|clearpoke
|poke|p1|Gholdengo, L50|
|poke|p1|Sneasler, L50, M|
|poke|p1|Rillaboom, L50, M|
|poke|p1|Dragonite, L50, F|
|poke|p1|Ninetales-Alola, L50, F|
|poke|p1|Arcanine-Hisui, L50, F|
|poke|p2|Pelipper, L50, M|
|poke|p2|Blastoise, L50, M|
|poke|p2|Dragonite, L50, F|
|poke|p2|Archaludon, L50, F|
|poke|p2|Indeedee-F, L50, F|
|poke|p2|Sneasler, L50, F|
|teampreview|4
|showteam|p1|Gholdengo||GrassySeed|GoodasGold|NastyPlot,MakeItRain,ShadowBall,Protect||||||50|,,,,,Water]Sneasler||FocusSash|Unburden|CloseCombat,DireClaw,Coaching,FakeOut|||M|||50|,,,,,Ghost]Rillaboom||AssaultVest|GrassySurge|FakeOut,DrumBeating,HighHorsepower,GrassyGlide|||M|||50|,,,,,Fire]Dragonite||LoadedDice|Multiscale|ScaleShot,StompingTantrum,Haze,Protect|||F|||50|,,,,,Steel]Ninetales-Alola||LightClay|SnowWarning|IcyWind,Blizzard,Moonblast,AuroraVeil|||F|||50|,,,,,Water]Arcanine-Hisui||ClearAmulet|Intimidate|RockSlide,FlareBlitz,ExtremeSpeed,Protect|||F|||50|,,,,,Grass
|showteam|p2|Pelipper||ChoiceScarf|Drizzle|Hurricane,WeatherBall,Tailwind,HelpingHand|||M|||50|,,,,,Ghost]Blastoise||SplashPlate|RainDish|WaterSpout,WaterPledge,ShellSmash,Protect|||M|||50|,,,,,Water]Dragonite||LoadedDice|Multiscale|ScaleShot,StompingTantrum,Haze,Protect|||F|||50|,,,,,Steel]Archaludon||AssaultVest|Stamina|FlashCannon,ElectroShot,DragonPulse,BodyPress|||F|||50|,,,,,Ghost]Indeedee-F||SafetyGoggles|PsychicSurge|Psychic,Protect,HelpingHand,FollowMe|||F|||50|,,,,,Fairy]Sneasler||PsychicSeed|Unburden|DireClaw,CloseCombat,ThroatChop,Protect|||F|||50|,,,,,Stellar
|inactive|Battle timer is ON: inactive players will automatically lose when time's up. (requested by BrokenMoxiie)
|inactive|AnriVGC has 60 seconds left.
|
|t:|1756497658
|teamsize|p1|4
|teamsize|p2|4
|start
|switch|p1a: Ninetales|Ninetales-Alola, L50, F|100/100
|switch|p1b: Dragonite|Dragonite, L50, F|100/100
|switch|p2a: Indeedee|Indeedee-F, L50, F, shiny|100/100
|switch|p2b: Sneasler|Sneasler, L50, F|100/100
|-weather|Snowscape|[from] ability: Snow Warning|[of] p1a: Ninetales
|-fieldstart|move: Psychic Terrain|[from] ability: Psychic Surge|[of] p2a: Indeedee
|-enditem|p2b: Sneasler|Psychic Seed
|-boost|p2b: Sneasler|spd|1|[from] item: Psychic Seed
|turn|1
|inactive|BrokenMoxiie has 30 seconds left.
|inactive|BrokenMoxiie has 20 seconds left.
|
|t:|1756497693
|move|p2a: Indeedee|Follow Me|p2a: Indeedee
|-singleturn|p2a: Indeedee|move: Follow Me
|move|p2b: Sneasler|Dire Claw|p1a: Ninetales
|-supereffective|p1a: Ninetales
|-damage|p1a: Ninetales|29/100
|move|p1a: Ninetales|Aurora Veil|p1a: Ninetales
|-sidestart|p1: AnriVGC|move: Aurora Veil
|move|p1b: Dragonite|Scale Shot|p2a: Indeedee
|-damage|p2a: Indeedee|86/100
|-damage|p2a: Indeedee|73/100
|-damage|p2a: Indeedee|57/100
|-damage|p2a: Indeedee|41/100
|-hitcount|p2a: Indeedee|4
|-unboost|p1b: Dragonite|def|1
|-boost|p1b: Dragonite|spe|1
|
|-weather|Snowscape|[upkeep]
|upkeep
|turn|2
|inactive|AnriVGC has 30 seconds left.
|
|t:|1756497727
|-terastallize|p2a: Indeedee|Fairy
|move|p2a: Indeedee|Follow Me|p2a: Indeedee
|-singleturn|p2a: Indeedee|move: Follow Me
|move|p2b: Sneasler|Dire Claw|p1a: Ninetales
|-supereffective|p1a: Ninetales
|-damage|p1a: Ninetales|0 fnt
|faint|p1a: Ninetales
|move|p1b: Dragonite|Scale Shot|p2a: Indeedee
|-immune|p2a: Indeedee
|
|-weather|Snowscape|[upkeep]
|upkeep
|
|t:|1756497733
|switch|p1a: Gholdengo|Gholdengo, L50|100/100
|turn|3
|inactive|BrokenMoxiie has 30 seconds left.
|inactive|BrokenMoxiie has 20 seconds left.
|
|t:|1756497769
|switch|p1b: Rillaboom|Rillaboom, L50, M|100/100
|-fieldstart|move: Grassy Terrain|[from] ability: Grassy Surge|[of] p1b: Rillaboom
|-enditem|p1a: Gholdengo|Grassy Seed
|-boost|p1a: Gholdengo|def|1|[from] item: Grassy Seed
|switch|p2a: Pelipper|Pelipper, L50, M|100/100
|-weather|RainDance|[from] ability: Drizzle|[of] p2a: Pelipper
|-terastallize|p1a: Gholdengo|Water
|move|p2b: Sneasler|Throat Chop|p1a: Gholdengo
|-damage|p1a: Gholdengo|88/100
|-start|p1a: Gholdengo|Throat Chop|[silent]
|move|p1a: Gholdengo|Make It Rain|p2b: Sneasler|[spread] p2a,p2b
|-resisted|p2a: Pelipper
|-damage|p2a: Pelipper|57/100
|-damage|p2b: Sneasler|54/100
|-unboost|p1a: Gholdengo|spa|1
|
|-weather|RainDance|[upkeep]
|-heal|p2b: Sneasler|60/100|[from] Grassy Terrain
|-heal|p1a: Gholdengo|94/100|[from] Grassy Terrain
|upkeep
|turn|4
|inactive|AnriVGC has 30 seconds left.
|inactive|BrokenMoxiie has 30 seconds left.
|
|t:|1756497797
|move|p2b: Sneasler|Protect|p2b: Sneasler
|-singleturn|p2b: Sneasler|Protect
|move|p2a: Pelipper|Tailwind|p2a: Pelipper
|-sidestart|p2: BrokenMoxiie|move: Tailwind
|move|p1b: Rillaboom|High Horsepower|p2b: Sneasler
|-activate|p2b: Sneasler|move: Protect
|move|p1a: Gholdengo|Shadow Ball|p2a: Pelipper
|-damage|p2a: Pelipper|6/100
|-unboost|p2a: Pelipper|spd|1
|
|-weather|RainDance|[upkeep]
|-heal|p2b: Sneasler|66/100|[from] Grassy Terrain
|-heal|p1a: Gholdengo|100/100|[from] Grassy Terrain
|-end|p1a: Gholdengo|Throat Chop|[silent]
|upkeep
|turn|5
|inactive|AnriVGC has 30 seconds left.
|inactive|AnriVGC has 20 seconds left.
|
|t:|1756497836
|switch|p2a: Blastoise|Blastoise, L50, M|100/100
|move|p1b: Rillaboom|Grassy Glide|p2a: Blastoise
|-supereffective|p2a: Blastoise
|-crit|p2a: Blastoise
|-damage|p2a: Blastoise|0 fnt
|faint|p2a: Blastoise
|move|p2b: Sneasler|Dire Claw|p1b: Rillaboom
|-supereffective|p1b: Rillaboom
|-damage|p1b: Rillaboom|33/100
|-status|p1b: Rillaboom|slp
|move|p1a: Gholdengo|Nasty Plot|p1a: Gholdengo
|-boost|p1a: Gholdengo|spa|2
|
|-weather|RainDance|[upkeep]
|-heal|p2b: Sneasler|71/100|[from] Grassy Terrain
|-heal|p1b: Rillaboom|40/100 slp|[from] Grassy Terrain
|upkeep
|
|t:|1756497856
|switch|p2a: Indeedee|Indeedee-F, L50, F, shiny, tera:Fairy|41/100
|-fieldstart|move: Psychic Terrain|[from] ability: Psychic Surge|[of] p2a: Indeedee
|turn|6
|
|t:|1756497872
|move|p2a: Indeedee|Helping Hand|p2b: Sneasler
|-singleturn|p2b: Sneasler|Helping Hand|[of] p2a: Indeedee
|move|p2b: Sneasler|Close Combat|p1a: Gholdengo
|-damage|p1a: Gholdengo|58/100
|-unboost|p2b: Sneasler|def|1
|-unboost|p2b: Sneasler|spd|1
|cant|p1b: Rillaboom|slp
|move|p1a: Gholdengo|Shadow Ball|p2a: Indeedee
|-damage|p2a: Indeedee|0 fnt
|faint|p2a: Indeedee
|
|-weather|RainDance|[upkeep]
|upkeep
|
|t:|1756497885
|switch|p2a: Pelipper|Pelipper, L50, M|6/100
|turn|7
|
|t:|1756497895
|move|p1a: Gholdengo|Protect|p1a: Gholdengo
|-singleturn|p1a: Gholdengo|Protect
|move|p2b: Sneasler|Dire Claw|p1b: Rillaboom
|-supereffective|p1b: Rillaboom
|-damage|p1b: Rillaboom|0 fnt
|faint|p1b: Rillaboom
|move|p2a: Pelipper|Tailwind||[still]
|-fail|p2a: Pelipper
|
|-weather|none
|-sideend|p2: BrokenMoxiie|move: Tailwind
|upkeep
|
|t:|1756497902
|switch|p1b: Dragonite|Dragonite, L50, F|100/100
|turn|8
|inactive|BrokenMoxiie has 30 seconds left.
|
|t:|1756497928
|move|p2b: Sneasler|Dire Claw|p1b: Dragonite
|-damage|p1b: Dragonite|83/100
|-status|p1b: Dragonite|par
|move|p2a: Pelipper|Tailwind|p2a: Pelipper
|-sidestart|p2: BrokenMoxiie|move: Tailwind
|move|p1a: Gholdengo|Make It Rain|p2a: Pelipper|[spread] p2a,p2b
|-resisted|p2a: Pelipper
|-damage|p2a: Pelipper|0 fnt
|-damage|p2b: Sneasler|0 fnt
|-unboost|p1a: Gholdengo|spa|1
|faint|p2a: Pelipper
|faint|p2b: Sneasler
|
|win|AnriVGC
