|j|☆kings11
|j|☆JareMase
|html|kings11JareMase    
|uhtml|bestof|Game 2 of a best-of-3
|t:|1786084607
|gametype|doubles
|player|p1|kings11|266|1133
|player|p2|JareMase|265|1236
|gen|9
|tier|[Gen 9 Champions] VGC 2026 Reg M-B (Bo3)
|rated|
|rule|Species Clause: Limit one of each Pokémon
|rule|Item Clause: Limit 1 of each item
|clearpoke
|poke|p1|Raichu, L50, F|
|poke|p1|Milotic, L50, F|
|poke|p1|Ceruledge, L50, F|
|poke|p1|Meowscarada, L50, M|
|poke|p1|Ninetales-Alola, L50, F|
|poke|p1|Staraptor, L50, M|
|poke|p2|Scrafty, L50, F|
|poke|p2|Talonflame, L50, F|
|poke|p2|Glimmora, L50, F|
|poke|p2|Metagross, L50|
|poke|p2|Ninetales-Alola, L50, F|
|poke|p2|Farigiraf, L50, M|
|teampreview|4
|showteam|p1|Raichu||RaichuniteY|LightningRod|ZapCannon,FocusBlast,FakeOut,Protect|Bold||F|||50|]Milotic||Leftovers|Competitive|MuddyWater,Hypnosis,Coil,Recover|Calm||F|||50|]Ceruledge||ColburBerry|FlashFire|BitterBlade,ShadowSneak,BulkUp,Protect|Adamant||F|||50|]Meowscarada||FocusSash|Overgrow|FlowerTrick,KnockOff,SuckerPunch,Protect|Jolly||M|||50|]Ninetales-Alola||LightClay|SnowWarning|Blizzard,FreezeDry,AuroraVeil,Protect|Timid||F|||50|]Staraptor||Staraptite|Intimidate|BraveBird,CloseCombat,Roost,Protect|Jolly||M|||50|
|showteam|p2|Scrafty||Scraftinite|Intimidate|CloseCombat,KnockOff,FakeOut,IcePunch|Adamant||F|||50|]Talonflame||SharpBeak|GaleWings|Protect,Tailwind,DualWingbeat,FlareBlitz|Jolly||F|||50|]Glimmora||FocusSash|ToxicDebris|SpikyShield,EarthPower,SludgeBomb,PowerGem|Modest||F|||50|]Metagross||Metagrossite|ClearBody|Protect,HardPress,PsychicFangs,StompingTantrum|Jolly|||||50|]Ninetales-Alola||NeverMeltIce|SnowWarning|Protect,Encore,FreezeDry,Blizzard|Timid||F|||50|]Farigiraf||SitrusBerry|ArmorTail|Protect,HelpingHand,Roar,Psychic|Bold||M|||50|
|inactive|Battle timer is ON: inactive players will automatically lose when time's up. (requested by JareMase)
|
|t:|1786084660
|teamsize|p1|4
|teamsize|p2|4
|start
|switch|p1a: Milotic|Milotic, L50, F|100/100
|switch|p1b: Ninetales|Ninetales-Alola, L50, F|100/100
|switch|p2a: Talonflame|Talonflame, L50, F|100/100
|switch|p2b: Metagross|Metagross, L50|100/100
|-weather|Snowscape|[from] ability: Snow Warning|[of] p1b: Ninetales
|turn|1
|
|t:|1786084677
|switch|p2a: Ninetales|Ninetales-Alola, L50, F|100/100
|detailschange|p2b: Metagross|Metagross-Mega, L50
|-mega|p2b: Metagross|Metagross|Metagrossite
|move|p2b: Metagross|Psychic Fangs|p1a: Milotic
|-damage|p1a: Milotic|49/100
|move|p1b: Ninetales|Aurora Veil|p1b: Ninetales
|-sidestart|p1: kings11|move: Aurora Veil
|move|p1a: Milotic|Coil|p1a: Milotic
|-boost|p1a: Milotic|atk|1
|-boost|p1a: Milotic|def|1
|-boost|p1a: Milotic|accuracy|1
|
|-weather|Snowscape|[upkeep]
|-heal|p1a: Milotic|55/100|[from] item: Leftovers
|upkeep
|turn|2
|inactive|kings11 has 30 seconds left.
|inactive|kings11 has 20 seconds left.
|
|t:|1786084716
|switch|p1b: Raichu|Raichu, L50, F|100/100
|move|p2b: Metagross|Hard Press|p1b: Raichu
|-resisted|p1b: Raichu|1
|-damage|p1b: Raichu|59/100
|move|p2a: Ninetales|Encore|p1a: Milotic
|-start|p1a: Milotic|Encore
|move|p1a: Milotic|Coil|p1a: Milotic
|-boost|p1a: Milotic|atk|1
|-boost|p1a: Milotic|def|1
|-boost|p1a: Milotic|accuracy|1
|
|-weather|Snowscape|[upkeep]
|-heal|p1a: Milotic|61/100|[from] item: Leftovers
|upkeep
|turn|3
|inactive|JareMase has 30 seconds left.
|inactive|JareMase has 20 seconds left.
|
|t:|1786084757
|detailschange|p1b: Raichu|Raichu-Mega-Y, L50, F
|-mega|p1b: Raichu|Raichu|Raichunite Y
|move|p1b: Raichu|Protect|p1b: Raichu
|-singleturn|p1b: Raichu|Protect
|move|p2b: Metagross|Stomping Tantrum|p1b: Raichu
|-activate|p1b: Raichu|move: Protect
|move|p2a: Ninetales|Freeze-Dry|p1a: Milotic
|-supereffective|p1a: Milotic|1
|-damage|p1a: Milotic|35/100
|move|p1a: Milotic|Coil|p1a: Milotic
|-boost|p1a: Milotic|atk|1
|-boost|p1a: Milotic|def|1
|-boost|p1a: Milotic|accuracy|1
|
|-weather|Snowscape|[upkeep]
|-heal|p1a: Milotic|41/100|[from] item: Leftovers
|upkeep
|turn|4
|
|t:|1786084774
|move|p2a: Ninetales|Protect|p2a: Ninetales
|-singleturn|p2a: Ninetales|Protect
|move|p1b: Raichu|Zap Cannon|p2a: Ninetales
|-activate|p2a: Ninetales|move: Protect
|move|p2b: Metagross|Stomping Tantrum|p1b: Raichu
|-supereffective|p1b: Raichu|1
|-crit|p1b: Raichu
|-damage|p1b: Raichu|0 fnt
|faint|p1b: Raichu
|move|p1a: Milotic|Coil|p1a: Milotic
|-boost|p1a: Milotic|atk|1
|-boost|p1a: Milotic|def|1
|-boost|p1a: Milotic|accuracy|1
|
|-weather|Snowscape|[upkeep]
|-heal|p1a: Milotic|47/100|[from] item: Leftovers
|-end|p1a: Milotic|Encore
|upkeep
|
|t:|1786084786
|switch|p1b: Meowscarada|Meowscarada, L50, M|100/100
|turn|5
|
|t:|1786084799
|move|p1b: Meowscarada|Flower Trick|p2a: Ninetales
|-crit|p2a: Ninetales
|-damage|p2a: Ninetales|54/100
|move|p2b: Metagross|Hard Press|p1b: Meowscarada
|-damage|p1b: Meowscarada|20/100y
|move|p2a: Ninetales|Encore|p1a: Milotic
|-start|p1a: Milotic|Encore
|move|p1a: Milotic|Coil|p1a: Milotic
|-boost|p1a: Milotic|atk|1
|-boost|p1a: Milotic|def|1
|-boost|p1a: Milotic|accuracy|1
|
|-weather|none
|-heal|p1a: Milotic|53/100|[from] item: Leftovers
|upkeep
|turn|6
|inactive|kings11 has 30 seconds left.
|inactive|JareMase has 30 seconds left.
|inactive|kings11 has 20 seconds left.
|inactive|JareMase has 20 seconds left.
|
|t:|1786084842
|switch|p2a: Talonflame|Talonflame, L50, F|100/100
|move|p1b: Meowscarada|Sucker Punch|p2b: Metagross
|-supereffective|p2b: Metagross|1
|-damage|p2b: Metagross|50/100g
|move|p2b: Metagross|Stomping Tantrum|p1b: Meowscarada
|-resisted|p1b: Meowscarada|1
|-damage|p1b: Meowscarada|1/100
|move|p1a: Milotic|Coil|p1a: Milotic
|-boost|p1a: Milotic|atk|1
|-boost|p1a: Milotic|def|1
|-boost|p1a: Milotic|accuracy|1
|
|-heal|p1a: Milotic|59/100|[from] item: Leftovers
|upkeep
|turn|7
|
|t:|1786084862
|switch|p2b: Ninetales|Ninetales-Alola, L50, F|54/100
|-weather|Snowscape|[from] ability: Snow Warning|[of] p2b: Ninetales
|move|p1b: Meowscarada|Sucker Punch||[still]
|-fail|p1b: Meowscarada
|move|p2a: Talonflame|Dual Wingbeat|p1b: Meowscarada
|-supereffective|p1b: Meowscarada|1
|-damage|p1b: Meowscarada|0 fnt
|faint|p1b: Meowscarada
|-hitcount|p1: Meowscarada|1
|move|p1a: Milotic|Coil|p1a: Milotic
|-boost|p1a: Milotic|atk|0
|-boost|p1a: Milotic|def|0
|-boost|p1a: Milotic|accuracy|0
|
|-weather|Snowscape|[upkeep]
|-heal|p1a: Milotic|65/100|[from] item: Leftovers
|-end|p1a: Milotic|Encore
|upkeep
|
|t:|1786084865
|switch|p1b: Ninetales|Ninetales-Alola, L50, F|100/100
|turn|8
|
|t:|1786084875
|move|p2a: Talonflame|Tailwind|p2a: Talonflame
|-sidestart|p2: JareMase|move: Tailwind
|move|p2b: Ninetales|Encore|p1a: Milotic
|-start|p1a: Milotic|Encore
|move|p1b: Ninetales|Blizzard|p2a: Talonflame|[spread] p2a,p2b
|-resisted|p2b: Ninetales|1
|-damage|p2a: Talonflame|63/100
|-damage|p2b: Ninetales|40/100
|move|p1a: Milotic|Coil|p1a: Milotic
|-boost|p1a: Milotic|atk|0
|-boost|p1a: Milotic|def|0
|-boost|p1a: Milotic|accuracy|0
|
|-weather|Snowscape|[upkeep]
|-heal|p1a: Milotic|71/100|[from] item: Leftovers
|-sideend|p1: kings11|move: Aurora Veil
|upkeep
|turn|9
|
|t:|1786084884
|move|p2a: Talonflame|Flare Blitz|p1b: Ninetales
|-supereffective|p1b: Ninetales|1
|-damage|p1b: Ninetales|26/100
|-damage|p2a: Talonflame|35/100|[from] Recoil
|move|p2b: Ninetales|Blizzard|p1b: Ninetales|[spread] p1a,p1b
|-resisted|p1a: Milotic|1
|-resisted|p1b: Ninetales|1
|-damage|p1a: Milotic|59/100
|-damage|p1b: Ninetales|10/100
|move|p1b: Ninetales|Blizzard|p2a: Talonflame|[spread] p2a,p2b
|-resisted|p2b: Ninetales|1
|-damage|p2a: Talonflame|0 fnt
|-damage|p2b: Ninetales|26/100
|faint|p2a: Talonflame
|move|p1a: Milotic|Coil|p1a: Milotic
|-boost|p1a: Milotic|atk|0
|-boost|p1a: Milotic|def|0
|-boost|p1a: Milotic|accuracy|0
|
|-weather|Snowscape|[upkeep]
|-heal|p1a: Milotic|65/100|[from] item: Leftovers
|upkeep
|
|t:|1786084889
|switch|p2a: Glimmora|Glimmora, L50, F|100/100
|turn|10
|
|t:|1786084899
|move|p1b: Ninetales|Protect|p1b: Ninetales
|-singleturn|p1b: Ninetales|Protect
|move|p2b: Ninetales|Freeze-Dry|p1a: Milotic
|-supereffective|p1a: Milotic|1
|-damage|p1a: Milotic|29/100
|move|p2a: Glimmora|Power Gem|p1b: Ninetales
|-activate|p1b: Ninetales|move: Protect
|move|p1a: Milotic|Coil|p1a: Milotic
|-boost|p1a: Milotic|atk|0
|-boost|p1a: Milotic|def|0
|-boost|p1a: Milotic|accuracy|0
|
|-weather|Snowscape|[upkeep]
|-heal|p1a: Milotic|35/100|[from] item: Leftovers
|-end|p1a: Milotic|Encore
|upkeep
|turn|11
|-message|kings11 forfeited.
|
|win|JareMase
|l|☆kings11
|player|p1|
||kings11 is ready for game 3.
|inactive|JareMase has 30 seconds to confirm battle start!
