|j|☆lolgz
|j|☆DAVID867
|html|lolgzDAVID867    
|uhtml|bestof|Game 2 of a best-of-3
|t:|1783033394
|gametype|doubles
|player|p1|lolgz|dawn|1144
|player|p2|DAVID867|170|1174
|gen|9
|tier|[Gen 9 Champions] VGC 2026 Reg M-B (Bo3)
|rated|
|rule|Species Clause: Limit one of each Pokémon
|rule|Item Clause: Limit 1 of each item
|clearpoke
|poke|p1|Scrafty, L50, F|
|poke|p1|Vivillon, L50, M|
|poke|p1|Incineroar, L50, M|
|poke|p1|Sinistcha, L50|
|poke|p1|Rotom-Wash, L50|
|poke|p1|Delphox, L50, M|
|poke|p2|Delphox, L50, M|
|poke|p2|Floette-Eternal, L50, F|
|poke|p2|Sinistcha, L50|
|poke|p2|Kingambit, L50, F|
|poke|p2|Sneasler, L50, M|
|poke|p2|Incineroar, L50, M|
|teampreview|4
|showteam|p1|Scrafty||Scraftinite|Intimidate|DrainPunch,KnockOff,Protect,DragonDance|Jolly||F|||50|]Vivillon||ChoiceScarf|CompoundEyes|SleepPowder,Hurricane,RagePowder,Tailwind|Timid||M|||50|]Incineroar||PasshoBerry|Intimidate|PartingShot,FakeOut,ThroatChop,FlareBlitz|Careful||M|||50|]Sinistcha||KasibBerry|Hospitality|MatchaGotcha,RagePowder,LifeDew,Protect|Serious|||||50|]Rotom-Wash||SitrusBerry|Levitate|HydroPump,WillOWisp,VoltSwitch,LightScreen|Modest|||||50|]Delphox||Delphoxite|Blaze|HeatWave,Psychic,Protect,NastyPlot|Timid||M|||50|
|showteam|p2|Delphox||Delphoxite|Blaze|HeatWave,Psyshock,NastyPlot,Protect|Timid||M|||50|]Floette-Eternal||Floettite|FlowerVeil|DrainingKiss,DazzlingGleam,CalmMind,Protect|Bold||F|||50|]Sinistcha||ColburBerry|Hospitality|MatchaGotcha,RagePowder,TrickRoom,Protect|Bold|||||50|]Kingambit||BlackGlasses|Defiant|KowtowCleave,SuckerPunch,IronHead,Protect|Adamant||F|||50|]Sneasler||FocusSash|PoisonTouch|FakeOut,CloseCombat,DireClaw,Protect|Jolly||M|||50|]Incineroar||SitrusBerry|Intimidate|PartingShot,FlareBlitz,ThroatChop,FakeOut|Impish||M|||50|
|inactive|Battle timer is ON: inactive players will automatically lose when time's up. (requested by lolgz)
|
|t:|1783033414
|teamsize|p1|4
|teamsize|p2|4
|start
|switch|p1a: Incineroar|Incineroar, L50, M|100/100
|switch|p1b: Delphox|Delphox, L50, M|100/100
|switch|p2a: Kingambit|Kingambit, L50, F|100/100
|switch|p2b: Incineroar|Incineroar, L50, M|100/100
|-ability|p1a: Incineroar|Intimidate|boost
|-unboost|p2a: Kingambit|atk|1
|-ability|p2a: Kingambit|Defiant|boost
|-boost|p2a: Kingambit|atk|2
|-unboost|p2b: Incineroar|atk|1
|-ability|p2b: Incineroar|Intimidate|boost
|-unboost|p1a: Incineroar|atk|1
|-unboost|p1b: Delphox|atk|1
|turn|1
|
|t:|1783033431
|detailschange|p1b: Delphox|Delphox-Mega, L50, M
|-mega|p1b: Delphox|Delphox|Delphoxite
|move|p1b: Delphox|Protect|p1b: Delphox
|-singleturn|p1b: Delphox|Protect
|move|p2b: Incineroar|Fake Out|p1a: Incineroar
|-damage|p1a: Incineroar|93/100
|cant|p1a: Incineroar|flinch
|move|p2a: Kingambit|Kowtow Cleave|p1b: Delphox
|-activate|p1b: Delphox|move: Protect
|
|upkeep
|turn|2
|
|t:|1783033448
|switch|p1b: Rotom|Rotom-Wash, L50|100/100
|move|p1a: Incineroar|Parting Shot|p2b: Incineroar
|-unboost|p2b: Incineroar|atk|1
|-unboost|p2b: Incineroar|spa|1
|
|t:|1783033454
|switch|p1a: Delphox|Delphox-Mega, L50, M|100/100|[from] Parting Shot
|move|p2b: Incineroar|Parting Shot|p1a: Delphox
|-unboost|p1a: Delphox|atk|1
|-unboost|p1a: Delphox|spa|1
|
|t:|1783033461
|switch|p2b: Sneasler|Sneasler, L50, M|100/100|[from] Parting Shot
|move|p2a: Kingambit|Kowtow Cleave|p1b: Rotom
|-damage|p1b: Rotom|16/100
|-enditem|p1b: Rotom|Sitrus Berry|[eat]
|-heal|p1b: Rotom|41/100|[from] item: Sitrus Berry
|
|upkeep
|turn|3
|
|t:|1783033473
|move|p1a: Delphox|Protect|p1a: Delphox
|-singleturn|p1a: Delphox|Protect
|move|p2b: Sneasler|Fake Out|p1b: Rotom
|-damage|p1b: Rotom|27/100
|cant|p1b: Rotom|flinch
|move|p2a: Kingambit|Kowtow Cleave|p1a: Delphox
|-activate|p1a: Delphox|move: Protect
|
|upkeep
|turn|4
|
|t:|1783033486
|switch|p1a: Sinistcha|Sinistcha, L50|100/100
|-heal|p1b: Rotom|52/100|[from] ability: Hospitality|[of] p1a: Sinistcha
|move|p2b: Sneasler|Dire Claw|p1b: Rotom
|-damage|p1b: Rotom|7/100
|move|p1b: Rotom|Will-O-Wisp|p2a: Kingambit
|-status|p2a: Kingambit|brn
|move|p2a: Kingambit|Kowtow Cleave|p1a: Sinistcha
|-supereffective|p1a: Sinistcha|1
|-damage|p1a: Sinistcha|26/100
|
|-damage|p2a: Kingambit|94/100 brn|[from] brn
|upkeep
|turn|5
|
|t:|1783033508
|move|p1a: Sinistcha|Rage Powder|p1a: Sinistcha
|-singleturn|p1a: Sinistcha|move: Rage Powder
|move|p2a: Kingambit|Sucker Punch||[still]
|-fail|p2a: Kingambit
|move|p2b: Sneasler|Dire Claw|p1a: Sinistcha
|-damage|p1a: Sinistcha|0 fnt
|faint|p1a: Sinistcha
|move|p1b: Rotom|Volt Switch|p2b: Sneasler
|-damage|p2b: Sneasler|54/100
|
|t:|1783033516
|switch|p1b: Delphox|Delphox-Mega, L50, M|100/100|[from] Volt Switch
|
|-damage|p2a: Kingambit|88/100 brn|[from] brn
|upkeep
|
|t:|1783033518
|switch|p1a: Incineroar|Incineroar, L50, M|93/100
|-ability|p1a: Incineroar|Intimidate|boost
|-unboost|p2a: Kingambit|atk|1
|-ability|p2a: Kingambit|Defiant|boost
|-boost|p2a: Kingambit|atk|2
|-unboost|p2b: Sneasler|atk|1
|turn|6
|
|t:|1783033527
|move|p2b: Sneasler|Protect|p2b: Sneasler
|-singleturn|p2b: Sneasler|Protect
|move|p1a: Incineroar|Fake Out|p2a: Kingambit
|-resisted|p2a: Kingambit|1
|-damage|p2a: Kingambit|84/100 brn
|move|p1b: Delphox|Heat Wave|p2a: Kingambit|[spread] p2a
|-activate|p2b: Sneasler|move: Protect
|-supereffective|p2a: Kingambit|1
|-damage|p2a: Kingambit|2/100 brn
|cant|p2a: Kingambit|flinch
|
|-damage|p2a: Kingambit|0 fnt|[from] brn
|faint|p2a: Kingambit
|upkeep
|
|t:|1783033540
|switch|p2a: Incineroar|Incineroar, L50, M|100/100
|-ability|p2a: Incineroar|Intimidate|boost
|-unboost|p1a: Incineroar|atk|1
|-unboost|p1b: Delphox|atk|1
|turn|7
|
|t:|1783033552
|move|p1b: Delphox|Protect|p1b: Delphox
|-singleturn|p1b: Delphox|Protect
|move|p2a: Incineroar|Fake Out|p1b: Delphox
|-activate|p1b: Delphox|move: Protect
|move|p2b: Sneasler|Close Combat|p1a: Incineroar
|-supereffective|p1a: Incineroar|1
|-damage|p1a: Incineroar|21/100
|-unboost|p2b: Sneasler|def|1
|-unboost|p2b: Sneasler|spd|1
|move|p1a: Incineroar|Parting Shot|p2a: Incineroar
|-unboost|p2a: Incineroar|atk|1
|-unboost|p2a: Incineroar|spa|1
|
|t:|1783033553
|switch|p1a: Rotom|Rotom-Wash, L50|7/100|[from] Parting Shot
|
|upkeep
|turn|8
|
|t:|1783033568
|move|p1b: Delphox|Psychic|p2b: Sneasler
|-supereffective|p2b: Sneasler|2
|-damage|p2b: Sneasler|0 fnt
|faint|p2b: Sneasler
|move|p1a: Rotom|Hydro Pump|p2a: Incineroar
|-supereffective|p2a: Incineroar|1
|-damage|p2a: Incineroar|28/100
|-enditem|p2a: Incineroar|Sitrus Berry|[eat]
|-heal|p2a: Incineroar|53/100|[from] item: Sitrus Berry
|move|p2a: Incineroar|Throat Chop|p1b: Delphox
|-supereffective|p1b: Delphox|1
|-damage|p1b: Delphox|39/100
|-start|p1b: Delphox|Throat Chop|[silent]
|
|upkeep
|
|t:|1783033579
|switch|p2b: Delphox|Delphox, L50, M|100/100
|turn|9
|
|t:|1783033590
|detailschange|p2b: Delphox|Delphox-Mega, L50, M
|-mega|p2b: Delphox|Delphox|Delphoxite
|move|p2b: Delphox|Protect|p2b: Delphox
|-singleturn|p2b: Delphox|Protect
|move|p1b: Delphox|Heat Wave|p2a: Incineroar|[spread] p2a
|-activate|p2b: Delphox|move: Protect
|-resisted|p2a: Incineroar|1
|-damage|p2a: Incineroar|35/100
|move|p1a: Rotom|Hydro Pump|p2b: Delphox
|-activate|p2b: Delphox|move: Protect
|move|p2a: Incineroar|Throat Chop|p1b: Delphox
|-supereffective|p1b: Delphox|1
|-damage|p1b: Delphox|0 fnt
|faint|p1b: Delphox
|
|upkeep
|
|t:|1783033594
|switch|p1b: Incineroar|Incineroar, L50, M|21/100
|-ability|p1b: Incineroar|Intimidate|boost
|-unboost|p2a: Incineroar|atk|1
|-unboost|p2b: Delphox|atk|1
|turn|10
|
|t:|1783033616
|move|p1b: Incineroar|Fake Out|p2a: Incineroar
|-damage|p2a: Incineroar|27/100
|move|p2b: Delphox|Heat Wave|p1b: Incineroar|[spread] p1b
|-miss|p2b: Delphox|p1a: Rotom
|-resisted|p1b: Incineroar|1
|-damage|p1b: Incineroar|4/100
|move|p1a: Rotom|Hydro Pump|p2b: Delphox
|-supereffective|p2b: Delphox|1
|-damage|p2b: Delphox|13/100
|cant|p2a: Incineroar|flinch
|
|upkeep
|turn|11
|
|t:|1783033631
|move|p2b: Delphox|Heat Wave|p1b: Incineroar|[spread] p1a
|-miss|p2b: Delphox|p1b: Incineroar
|-resisted|p1a: Rotom|1
|-damage|p1a: Rotom|0 fnt
|faint|p1a: Rotom
|move|p1b: Incineroar|Flare Blitz|p2b: Delphox
|-resisted|p2b: Delphox|1
|-damage|p2b: Delphox|0 fnt
|faint|p2b: Delphox
|-damage|p1b: Incineroar|1/100|[from] Recoil
|move|p2a: Incineroar|Throat Chop|p1b: Incineroar
|-resisted|p1b: Incineroar|1
|-damage|p1b: Incineroar|0 fnt
|faint|p1b: Incineroar
|
|win|DAVID867
