|j|☆Kylliza
|j|☆Jadyeetus
|html|KyllizaJadyeetus    
|uhtml|bestof|Game 2 of a best-of-3
|t:|1782343641
|gametype|doubles
|player|p1|Kylliza|265|1136
|player|p2|Jadyeetus|linebacker|1165
|gen|9
|tier|[Gen 9 Champions] VGC 2026 Reg M-B (Bo3)
|rated|
|rule|Species Clause: Limit one of each Pokémon
|rule|Item Clause: Limit 1 of each item
|clearpoke
|poke|p1|Blaziken, L50, F|
|poke|p1|Whimsicott, L50, M|
|poke|p1|Incineroar, L50, M|
|poke|p1|Sylveon, L50, M|
|poke|p1|Basculegion, L50, M|
|poke|p1|Froslass, L50, F|
|poke|p2|Staraptor, L50, M|
|poke|p2|Excadrill, L50, M, shiny|
|poke|p2|Scizor, L50, F|
|poke|p2|Sceptile, L50, M, shiny|
|poke|p2|Whimsicott, L50, F|
|poke|p2|Palafin, L50, F|
|teampreview|4
|showteam|p1|Blaziken||Blazikenite|SpeedBoost|FlareBlitz,CloseCombat,RockSlide,Protect|Adamant||F|||50|]Whimsicott||FocusSash|Prankster|Moonblast,Tailwind,Encore,Protect|Timid||M|||50|]Incineroar||SitrusBerry|Intimidate|FakeOut,FlareBlitz,ThroatChop,PartingShot|Careful||M|||50|]Sylveon||FairyFeather|Pixilate|HyperVoice,HyperBeam,QuickAttack,Protect|Modest||M|||50|]Basculegion||ChoiceScarf|Adaptability|WaveCrash,LastRespects,AquaJet,FlipTurn|Jolly||M|||50|]Froslass||Froslassite|CursedBody|Blizzard,ShadowBall,AuroraVeil,Protect|Timid||F|||50|
|showteam|p2|Staraptor||Staraptite|Intimidate|CloseCombat,BraveBird,Protect,Roost|Jolly||M|||50|]Excadrill||ChoiceScarf|MoldBreaker|Earthquake,RockSlide,BrickBreak,IronHead|Jolly||M|||50|]Scizor||LumBerry|Technician|BulletPunch,DualWingbeat,Protect,SwordsDance|Adamant||F|||50|]Sceptile||Sceptilite|Overgrow|SolarBeam,GigaDrain,Protect,DragonPulse|Timid||M|||50|]Whimsicott||FocusSash|Prankster|Charm,Tailwind,Moonblast,SunnyDay|Bold||F|||50|]Palafin||MysticWater|ZerotoHero|FlipTurn,Protect,CloseCombat,JetPunch|Jolly||F|||50|
|inactive|Battle timer is ON: inactive players will automatically lose when time's up. (requested by Jadyeetus)
|
|t:|1782343667
|teamsize|p1|4
|teamsize|p2|4
|start
|switch|p1a: Froslass|Froslass, L50, F|100/100
|switch|p1b: Whimsicott|Whimsicott, L50, M|100/100
|switch|p2a: Unhand me|Excadrill, L50, M, shiny|100/100
|switch|p2b: Whimsy|Whimsicott, L50, F|100/100
|-ability|p2a: Unhand me|Mold Breaker
|turn|1
|inactive|Kylliza has 30 seconds left.
|inactive|Jadyeetus has 30 seconds left.
|
|t:|1782343702
|switch|p1a: Incineroar|Incineroar, L50, M|100/100
|-ability|p1a: Incineroar|Intimidate|boost
|-unboost|p2a: Unhand me|atk|1
|-unboost|p2b: Whimsy|atk|1
|move|p1b: Whimsicott|Tailwind|p1b: Whimsicott
|-sidestart|p1: Kylliza|move: Tailwind
|move|p2b: Whimsy|Tailwind|p2b: Whimsy
|-sidestart|p2: Jadyeetus|move: Tailwind
|move|p2a: Unhand me|Iron Head|p1a: Incineroar
|-resisted|p1a: Incineroar|1
|-damage|p1a: Incineroar|88/100
|
|upkeep
|turn|2
|
|t:|1782343719
|move|p1b: Whimsicott|Encore|p2b: Whimsy
|-start|p2b: Whimsy|Encore
|move|p2b: Whimsy|Tailwind||[still]
|-fail|p2b: Whimsy
|move|p2a: Unhand me|Iron Head|p1b: Whimsicott
|-supereffective|p1b: Whimsicott|1
|-damage|p1b: Whimsicott|26/100
|move|p1a: Incineroar|Flare Blitz|p2a: Unhand me
|-supereffective|p2a: Unhand me|1
|-damage|p2a: Unhand me|0 fnt
|faint|p2a: Unhand me
|-damage|p1a: Incineroar|57/100|[from] Recoil
|
|upkeep
|
|t:|1782343732
|switch|p2a: Mohawk|Staraptor, L50, M|100/100
|-ability|p2a: Mohawk|Intimidate|boost
|-unboost|p1a: Incineroar|atk|1
|-unboost|p1b: Whimsicott|atk|1
|turn|3
|
|t:|1782343754
|switch|p2b: Snip snip|Scizor, L50, F|100/100
|detailschange|p2a: Mohawk|Staraptor-Mega, L50, M
|-mega|p2a: Mohawk|Staraptor|Staraptite
|move|p2a: Mohawk|Close Combat|p1b: Whimsicott
|-resisted|p1b: Whimsicott|1
|-crit|p1b: Whimsicott
|-damage|p1b: Whimsicott|0 fnt
|-boost|p2a: Mohawk|def|1
|-boost|p2a: Mohawk|spd|1
|faint|p1b: Whimsicott
|move|p1a: Incineroar|Flare Blitz|p2b: Snip snip
|-supereffective|p2b: Snip snip|2
|-damage|p2b: Snip snip|0 fnt
|faint|p2b: Snip snip
|-damage|p1a: Incineroar|28/100|[from] Recoil
|-enditem|p1a: Incineroar|Sitrus Berry|[eat]
|-heal|p1a: Incineroar|53/100|[from] item: Sitrus Berry
|
|upkeep
|
|t:|1782343770
|switch|p1b: Sylveon|Sylveon, L50, M|100/100
|switch|p2b: Whimsy|Whimsicott, L50, F|100/100
|turn|4
|
|t:|1782343787
|move|p2b: Whimsy|Charm|p2a: Mohawk
|-boost|p2a: Mohawk|atk|2
|move|p2a: Mohawk|Brave Bird|p1b: Sylveon
|-crit|p1b: Sylveon
|-damage|p1b: Sylveon|0 fnt
|faint|p1b: Sylveon
|-damage|p2a: Mohawk|63/100|[from] Recoil
|move|p1a: Incineroar|Flare Blitz|p2b: Whimsy
|-supereffective|p2b: Whimsy|1
|-damage|p2b: Whimsy|49/100
|-status|p2b: Whimsy|brn
|-damage|p1a: Incineroar|39/100|[from] Recoil
|
|-damage|p2b: Whimsy|43/100 brn|[from] brn
|-sideend|p1: Kylliza|move: Tailwind
|-sideend|p2: Jadyeetus|move: Tailwind
|upkeep
|
|t:|1782343802
|switch|p1b: Froslass|Froslass, L50, F|100/100
|turn|5
|
|t:|1782343810
|detailschange|p1b: Froslass|Froslass-Mega, L50, F
|-mega|p1b: Froslass|Froslass|Froslassite
|-weather|Snowscape|[from] ability: Snow Warning|[of] p1b: Froslass
|move|p2a: Mohawk|Protect|p2a: Mohawk
|-singleturn|p2a: Mohawk|Protect
|move|p2b: Whimsy|Sunny Day|p2b: Whimsy
|-weather|SunnyDay
|move|p1b: Froslass|Blizzard|p2b: Whimsy|[spread] p2b
|-activate|p2a: Mohawk|move: Protect
|-supereffective|p2b: Whimsy|1
|-damage|p2b: Whimsy|0 fnt
|faint|p2b: Whimsy
|move|p1a: Incineroar|Flare Blitz|p2a: Mohawk
|-activate|p2a: Mohawk|move: Protect
|
|-weather|SunnyDay|[upkeep]
|upkeep
|turn|6
|
|t:|1782343829
|move|p1b: Froslass|Shadow Ball|p2a: Mohawk
|-damage|p2a: Mohawk|30/100
|move|p2a: Mohawk|Roost|p2a: Mohawk
|-heal|p2a: Mohawk|80/100
|-singleturn|p2a: Mohawk|move: Roost
|move|p1a: Incineroar|Flare Blitz|p2a: Mohawk
|-damage|p2a: Mohawk|48/100
|-damage|p1a: Incineroar|31/100|[from] Recoil
|
|-weather|SunnyDay|[upkeep]
|upkeep
|turn|7
|
|t:|1782343847
|move|p1b: Froslass|Shadow Ball|p2a: Mohawk
|-damage|p2a: Mohawk|11/100
|-boost|p2a: Mohawk|spd|1
|move|p2a: Mohawk|Roost|p2a: Mohawk
|-heal|p2a: Mohawk|61/100
|-singleturn|p2a: Mohawk|move: Roost
|move|p1a: Incineroar|Flare Blitz|p2a: Mohawk
|-damage|p2a: Mohawk|28/100
|-damage|p1a: Incineroar|22/100|[from] Recoil
|
|-weather|SunnyDay|[upkeep]
|upkeep
|turn|8
|
|t:|1782343871
|move|p1b: Froslass|Shadow Ball|p2a: Mohawk
|-damage|p2a: Mohawk|1/100
|move|p2a: Mohawk|Roost|p2a: Mohawk
|-heal|p2a: Mohawk|51/100
|-singleturn|p2a: Mohawk|move: Roost
|move|p1a: Incineroar|Flare Blitz|p2a: Mohawk
|-damage|p2a: Mohawk|17/100
|-damage|p1a: Incineroar|13/100|[from] Recoil
|
|-weather|SunnyDay|[upkeep]
|upkeep
|turn|9
|c|☆Kylliza|lol
|
|t:|1782343893
|move|p1b: Froslass|Shadow Ball|p2a: Mohawk
|-damage|p2a: Mohawk|0 fnt
|faint|p2a: Mohawk
|
|win|Kylliza
|raw|Kylliza's rating: 1136 → 1163(+27 for winning)
|raw|Jadyeetus's rating: 1165 → 1138(-27 for losing)
