|j|☆ronnoc02
|j|☆Beeetch
|html|ronnoc02Beeetch    
|uhtml|bestof|Game 2 of a best-of-3
|t:|1756862673
|gametype|doubles
|player|p1|ronnoc02|169|1173
|player|p2|Beeetch|beauty-gen4dp|1190
|gen|9
|tier|[Gen 9] VGC 2025 Reg H (Bo3)
|rated|
|rule|Species Clause: Limit one of each Pokémon
|rule|Item Clause: Limit 1 of each item
|clearpoke
|poke|p1|Sinistcha-Masterpiece, L50|
|poke|p1|Snorlax, L50, F|
|poke|p1|Gholdengo, L50|
|poke|p1|Sneasler, L50, M|
|poke|p1|Ninetales-Alola, L50, F|
|poke|p1|Electabuzz, L50, F|
|poke|p2|Excadrill, L50, M|
|poke|p2|Tyranitar, L50, F|
|poke|p2|Sneasler, L50, M|
|poke|p2|Indeedee, L50, M|
|poke|p2|Corviknight, L50, F|
|poke|p2|Annihilape, L50, M|
|teampreview|4
|showteam|p1|Sinistcha-Masterpiece||MentalHerb|Hospitality|LifeDew,RagePowder,MatchaGotcha,TrickRoom||||||50|,,,,,Water]Snorlax||SitrusBerry|ThickFat|Protect,BellyDrum,Facade,StompingTantrum|||F|||50|,,,,,Grass]Gholdengo||LifeOrb|GoodasGold|Protect,ShadowBall,MakeItRain,NastyPlot||||||50|,,,,,Steel]Sneasler||AssaultVest|PoisonTouch|ThroatChop,CloseCombat,DireClaw,FakeOut|||M|||50|,,,,,Dark]Ninetales-Alola||LightClay|SnowWarning|Protect,AuroraVeil,IcyWind,Blizzard|||F|||50|,,,,,Ghost]Electabuzz||Eviolite|VitalSpirit|Protect,FollowMe,Electroweb,Taunt|||F|||50|,,,,,Water
|showteam|p2|Excadrill||FocusSash|SandRush|IronHead,HighHorsepower,Earthquake,Protect|||M|||50|,,,,,Stellar]Tyranitar||AssaultVest|SandStream|RockSlide,KnockOff,TeraBlast,LowKick|||F|||50|,,,,,Flying]Sneasler||PsychicSeed|Unburden|DireClaw,CloseCombat,ThroatChop,Protect|||M|||50|,,,,,Dark]Indeedee||ChoiceScarf|PsychicSurge|ExpandingForce,TeraBlast,Protect,Trick|||M|||50|,,,,,Psychic]Corviknight||Leftovers|MirrorArmor|BraveBird,BulkUp,Roost,Tailwind|||F|||50|,,,,,Dragon]Annihilape||SafetyGoggles|Defiant|CloseCombat,FinalGambit,RageFist,Taunt|||M|||50|,,,,,Water
|inactive|Battle timer is ON: inactive players will automatically lose when time's up. (requested by ronnoc02)
|
|t:|1756862694
|teamsize|p1|4
|teamsize|p2|4
|start
|switch|p1a: Sneasler|Sneasler, L50, M|100/100
|switch|p1b: Gholdengo|Gholdengo, L50|100/100
|switch|p2a: Excadrill|Excadrill, L50, M, shiny|100/100
|switch|p2b: Sneasler|Sneasler, L50, M, shiny|100/100
|turn|1
|j| redshoes7
|
|t:|1756862713
|switch|p2b: Tyranitar|Tyranitar, L50, F, shiny|100/100
|-weather|Sandstorm|[from] ability: Sand Stream|[of] p2b: Tyranitar
|move|p2a: Excadrill|Protect|p2a: Excadrill
|-singleturn|p2a: Excadrill|Protect
|move|p1a: Sneasler|Dire Claw|p2b: Tyranitar
|-resisted|p2b: Tyranitar
|-damage|p2b: Tyranitar|83/100
|-status|p2b: Tyranitar|par
|move|p1b: Gholdengo|Make It Rain|p2b: Tyranitar|[spread] p2b
|-activate|p2a: Excadrill|move: Protect
|-supereffective|p2b: Tyranitar
|-damage|p2b: Tyranitar|36/100 par
|-unboost|p1b: Gholdengo|spa|1
|-damage|p1b: Gholdengo|91/100|[from] item: Life Orb
|
|-weather|Sandstorm|[upkeep]
|-damage|p1a: Sneasler|95/100|[from] Sandstorm
|upkeep
|turn|2
|inactive|ronnoc02 has 30 seconds left.
|
|t:|1756862746
|switch|p1a: Sinistcha|Sinistcha-Masterpiece, L50|100/100
|-heal|p1b: Gholdengo|100/100|[from] ability: Hospitality|[of] p1a: Sinistcha
|switch|p1b: Ninetales|Ninetales-Alola, L50, F|100/100
|-weather|Snowscape|[from] ability: Snow Warning|[of] p1b: Ninetales
|-terastallize|p2b: Tyranitar|Flying
|move|p2a: Excadrill|Earthquake|p1a: Sinistcha|[spread] p1a,p1b
|-immune|p2b: Tyranitar
|-resisted|p1a: Sinistcha
|-damage|p1a: Sinistcha|85/100
|-damage|p1b: Ninetales|60/100
|move|p2b: Tyranitar|Rock Slide|p1b: Ninetales|[spread] p1a,p1b
|-supereffective|p1b: Ninetales
|-damage|p1a: Sinistcha|61/100
|-damage|p1b: Ninetales|0 fnt
|faint|p1b: Ninetales
|
|-weather|Snowscape|[upkeep]
|upkeep
|
|t:|1756862764
|switch|p1b: Sneasler|Sneasler, L50, M|95/100
|turn|3
|
|t:|1756862782
|switch|p2b: Sneasler|Sneasler, L50, M, shiny|100/100
|move|p2a: Excadrill|Protect|p2a: Excadrill
|-singleturn|p2a: Excadrill|Protect
|move|p1b: Sneasler|Dire Claw|p2b: Sneasler
|-resisted|p2b: Sneasler
|-damage|p2b: Sneasler|64/100
|move|p1a: Sinistcha|Matcha Gotcha|p2b: Sneasler|[spread] p2b
|-activate|p2a: Excadrill|move: Protect
|-resisted|p2b: Sneasler
|-damage|p2b: Sneasler|48/100
|-heal|p1a: Sinistcha|69/100|[from] drain|[of] p2b: Sneasler
|
|-weather|Snowscape|[upkeep]
|upkeep
|turn|4
|inactive|ronnoc02 has 30 seconds left.
|
|t:|1756862816
|switch|p2b: Tyranitar|Tyranitar, L50, F, shiny, tera:Flying|36/100 par
|-weather|Sandstorm|[from] ability: Sand Stream|[of] p2b: Tyranitar
|-terastallize|p1a: Sinistcha|Water
|move|p2a: Excadrill|Earthquake|p1b: Sneasler|[spread] p1a,p1b
|-immune|p2b: Tyranitar
|-supereffective|p1b: Sneasler
|-damage|p1a: Sinistcha|38/100
|-damage|p1b: Sneasler|0 fnt
|faint|p1b: Sneasler
|move|p1a: Sinistcha|Matcha Gotcha|p2a: Excadrill|[spread] p2a,p2b
|-resisted|p2b: Tyranitar
|-damage|p2a: Excadrill|67/100
|-heal|p1a: Sinistcha|56/100|[from] drain|[of] p2a: Excadrill
|-damage|p2b: Tyranitar|29/100 par
|-heal|p1a: Sinistcha|61/100|[from] drain|[of] p2b: Tyranitar
|
|-weather|Sandstorm|[upkeep]
|-damage|p1a: Sinistcha|54/100|[from] Sandstorm
|-damage|p2b: Tyranitar|23/100 par|[from] Sandstorm
|upkeep
|
|t:|1756862823
|switch|p1b: Gholdengo|Gholdengo, L50|100/100
|turn|5
|l| redshoes7
|
|t:|1756862841
|move|p1b: Gholdengo|Protect|p1b: Gholdengo
|-singleturn|p1b: Gholdengo|Protect
|move|p2a: Excadrill|Earthquake|p1a: Sinistcha|[spread] p1a
|-activate|p1b: Gholdengo|move: Protect
|-immune|p2b: Tyranitar
|-damage|p1a: Sinistcha|25/100
|move|p2b: Tyranitar|Knock Off|p1a: Sinistcha
|-crit|p1a: Sinistcha
|-damage|p1a: Sinistcha|0 fnt
|-enditem|p1a: Sinistcha|Mental Herb|[from] move: Knock Off|[of] p2b: Tyranitar
|faint|p1a: Sinistcha
|
|-weather|Sandstorm|[upkeep]
|-damage|p2b: Tyranitar|17/100 par|[from] Sandstorm
|upkeep
|turn|6
|-message|ronnoc02 forfeited.
|
|win|Beeetch
|raw|ronnoc02's rating: 1173 → 1149(-24 for losing)
|raw|Beeetch's rating: 1190 → 1214(+24 for winning)
|l|☆ronnoc02
|player|p1|
