|j|‽LorGhez
|j|☆Gonzi1004
|html|LorGhezGonzi1004    
|uhtml|bestof|Game 1 of a best-of-3
|t:|1783166983
|gametype|doubles
|player|p1|LorGhez|265|1154
|player|p2|Gonzi1004|266|1148
|gen|9
|tier|[Gen 9 Champions] VGC 2026 Reg M-B (Bo3)
|rated|
|rule|Species Clause: Limit one of each Pokémon
|rule|Item Clause: Limit 1 of each item
|clearpoke
|poke|p1|Venusaur, L50, F|
|poke|p1|Incineroar, L50, M|
|poke|p1|Primarina, L50, F|
|poke|p1|Aerodactyl, L50, M|
|poke|p1|Kingambit, L50, M|
|poke|p1|Farigiraf, L50, F|
|poke|p2|Staraptor, L50, M|
|poke|p2|Typhlosion-Hisui, L50, F|
|poke|p2|Garchomp, L50, M|
|poke|p2|Whimsicott, L50, M|
|poke|p2|Kingambit, L50, F|
|poke|p2|Metagross, L50|
|teampreview|4
|showteam|p1|Venusaur||Venusaurite|Chlorophyll|Protect,GigaDrain,SludgeBomb,EarthPower|Modest||F|||50|]Incineroar||Charcoal|Intimidate|FakeOut,PartingShot,CloseCombat,FlareBlitz|Adamant||M|||50|]Primarina||LifeOrb|LiquidVoice|Protect,CalmMind,HyperVoice,Moonblast|Modest||F|||50|]Aerodactyl||Aerodactylite|Unnerve|DualWingbeat,Tailwind,RockSlide,IceFang|Adamant||M|||50|]Kingambit||BlackGlasses|Defiant|Protect,SuckerPunch,KowtowCleave,SwordsDance|Adamant||M|||50|]Farigiraf||ColburBerry|ArmorTail|TwinBeam,TrickRoom,Thunderbolt,HelpingHand|Sassy||F|||50|
|showteam|p2|Staraptor||Staraptite|Intimidate|Protect,BraveBird,CloseCombat,FinalGambit|Jolly||M|||50|]Typhlosion-Hisui||Charcoal|Frisk|Protect,Eruption,HeatWave,ShadowBall|Modest||F|||50|]Garchomp||LifeOrb|RoughSkin|DragonClaw,Earthquake,RockSlide,Protect|Adamant||M|||50|]Whimsicott||FocusSash|Prankster|Tailwind,Encore,Moonblast,SunnyDay|Timid||M|||50|]Kingambit||BlackGlasses|Defiant|Protect,KowtowCleave,SuckerPunch,LowKick|Adamant||F|||50|]Metagross||Metagrossite|ClearBody|Protect,StompingTantrum,IronHead,PsychicFangs|Jolly|||||50|
|inactive|Battle timer is ON: inactive players will automatically lose when time's up. (requested by LorGhez)
|inactive|LorGhez has 60 seconds left.
|inactive|LorGhez has 30 seconds left.
|
|t:|1783167059
|teamsize|p1|4
|teamsize|p2|4
|start
|switch|p1a: Farigiraf|Farigiraf, L50, F|100/100
|switch|p1b: Venusaur|Venusaur, L50, F|100/100
|switch|p2a: Typhlosion|Typhlosion-Hisui, L50, F|100/100
|switch|p2b: Whimsicott|Whimsicott, L50, M|100/100
|-item|p1a: Farigiraf|Colbur Berry|[from] ability: Frisk|[of] p2a: Typhlosion
|-item|p1b: Venusaur|Venusaurite|[from] ability: Frisk|[of] p2a: Typhlosion
|turn|1
|inactive|LorGhez has 30 seconds left.
|
|t:|1783167092
|switch|p1b: Incineroar|Incineroar, L50, M|100/100
|-ability|p1b: Incineroar|Intimidate|boost
|-unboost|p2a: Typhlosion|atk|1
|-unboost|p2b: Whimsicott|atk|1
|move|p2b: Whimsicott|Moonblast|p1b: Incineroar
|-damage|p1b: Incineroar|67/100
|move|p2a: Typhlosion|Eruption|p1b: Incineroar|[spread] p1a,p1b
|-resisted|p1b: Incineroar|1
|-damage|p1a: Farigiraf|45/100
|-damage|p1b: Incineroar|32/100
|move|p1a: Farigiraf|Trick Room|p1a: Farigiraf
|-fieldstart|move: Trick Room|[of] p1a: Farigiraf
|
|upkeep
|turn|2
|inactive|LorGhez has 30 seconds left.
|inactive|Gonzi1004 has 30 seconds left.
|inactive|LorGhez has 20 seconds left.
|inactive|LorGhez has 15 seconds left.
|
|t:|1783167134
|move|p2b: Whimsicott|Sunny Day|p2b: Whimsicott
|-weather|SunnyDay
|move|p1a: Farigiraf|Thunderbolt|p2a: Typhlosion
|-damage|p2a: Typhlosion|70/100
|move|p1b: Incineroar|Flare Blitz|p2b: Whimsicott
|-supereffective|p2b: Whimsicott|1
|-enditem|p2b: Whimsicott|Focus Sash
|-damage|p2b: Whimsicott|1/100
|-damage|p1b: Incineroar|10/100|[from] Recoil
|move|p2a: Typhlosion|Heat Wave|p1a: Farigiraf|[spread] p1a,p1b
|-resisted|p1b: Incineroar|1
|-damage|p1a: Farigiraf|0 fnt
|-damage|p1b: Incineroar|0 fnt
|faint|p1a: Farigiraf
|faint|p1b: Incineroar
|
|-weather|SunnyDay|[upkeep]
|upkeep
|inactive|LorGhez has 30 seconds left.
|
|t:|1783167166
|switch|p1a: Venusaur|Venusaur, L50, F|100/100
|switch|p1b: Primarina|Primarina, L50, F|100/100
|turn|3
|
|t:|1783167181
|detailschange|p1a: Venusaur|Venusaur-Mega, L50, F
|-mega|p1a: Venusaur|Venusaur|Venusaurite
|move|p2a: Typhlosion|Protect|p2a: Typhlosion
|-singleturn|p2a: Typhlosion|Protect
|move|p2b: Whimsicott|Tailwind|p2b: Whimsicott
|-sidestart|p2: Gonzi1004|move: Tailwind
|move|p1b: Primarina|Hyper Voice|p2b: Whimsicott|[spread] p2b
|-activate|p2a: Typhlosion|move: Protect
|-resisted|p2b: Whimsicott|1
|-damage|p2b: Whimsicott|0 fnt
|faint|p2b: Whimsicott
|-damage|p1b: Primarina|90/100|[from] item: Life Orb
|move|p1a: Venusaur|Earth Power|p2a: Typhlosion
|-activate|p2a: Typhlosion|move: Protect
|
|-weather|SunnyDay|[upkeep]
|upkeep
|
|t:|1783167196
|switch|p2b: Metagross|Metagross, L50|100/100
|turn|4
|
|t:|1783167210
|switch|p2a: Kingambit|Kingambit, L50, F|100/100
|detailschange|p2b: Metagross|Metagross-Mega, L50
|-mega|p2b: Metagross|Metagross|Metagrossite
|move|p1b: Primarina|Hyper Voice|p2b: Metagross|[spread] p2a,p2b
|-damage|p2a: Kingambit|77/100
|-damage|p2b: Metagross|77/100
|-damage|p1b: Primarina|81/100|[from] item: Life Orb
|move|p1a: Venusaur|Earth Power|p2b: Metagross
|-supereffective|p2b: Metagross|1
|-damage|p2b: Metagross|9/100
|move|p2b: Metagross|Psychic Fangs|p1a: Venusaur
|-supereffective|p1a: Venusaur|1
|-damage|p1a: Venusaur|1/100
|
|-weather|SunnyDay|[upkeep]
|upkeep
|turn|5
|
|t:|1783167231
|move|p1a: Venusaur|Protect|p1a: Venusaur
|-singleturn|p1a: Venusaur|Protect
|move|p2a: Kingambit|Protect|p2a: Kingambit
|-singleturn|p2a: Kingambit|Protect
|move|p2b: Metagross|Protect|p2b: Metagross
|-singleturn|p2b: Metagross|Protect
|move|p1b: Primarina|Hyper Voice|p2b: Metagross|[spread] 
|-activate|p2a: Kingambit|move: Protect
|-activate|p2b: Metagross|move: Protect
|
|-weather|SunnyDay|[upkeep]
|-fieldend|move: Trick Room
|upkeep
|turn|6
|inactive|LorGhez has 30 seconds left.
|
|t:|1783167265
|move|p1b: Primarina|Protect|p1b: Primarina
|-singleturn|p1b: Primarina|Protect
|move|p2b: Metagross|Psychic Fangs|p1b: Primarina
|-activate|p1b: Primarina|move: Protect
|move|p2a: Kingambit|Kowtow Cleave|p1a: Venusaur
|-damage|p1a: Venusaur|0 fnt
|faint|p1a: Venusaur
|
|-weather|none
|-sideend|p2: Gonzi1004|move: Tailwind
|upkeep
|turn|7
|
|t:|1783167276
|move|p2a: Kingambit|Sucker Punch|p1b: Primarina
|-resisted|p1b: Primarina|1
|-damage|p1b: Primarina|59/100
|move|p2b: Metagross|Psychic Fangs|p1b: Primarina
|-damage|p1b: Primarina|0 fnt
|faint|p1b: Primarina
|
|win|Gonzi1004
||Gonzi1004 is ready for game 2.
|inactive|LorGhez has 30 seconds to confirm battle start!
||LorGhez is ready for game 2.
|uhtml|next|Next: Game 2 of 3
