|j|☆Bellbottoms
|j|☆Sark_RL
|html|BellbottomsSark_RL    
|uhtml|bestof|Game 2 of a best-of-3
|t:|1757242703
|gametype|doubles
|player|p1|Bellbottoms|pokemonbreederf-gen4|
|player|p2|Sark_RL|rika|
|gen|9
|tier|[Gen 9] VGC 2025 Reg H (Bo3)
|rule|Species Clause: Limit one of each Pokémon
|rule|Item Clause: Limit 1 of each item
|clearpoke
|poke|p1|Gholdengo, L50|
|poke|p1|Rillaboom, L50, F|
|poke|p1|Arcanine-Hisui, L50, F|
|poke|p1|Sneasler, L50, F|
|poke|p1|Dragonite, L50, F|
|poke|p1|Ninetales-Alola, L50, F|
|poke|p2|Tyranitar, L50, F|
|poke|p2|Corviknight, L50, F|
|poke|p2|Dragapult, L50, M|
|poke|p2|Kilowattrel, L50, F|
|poke|p2|Garchomp, L50, F|
|poke|p2|Amoonguss, L50, M|
|teampreview|4
|showteam|p1|Gholdengo||GrassySeed|GoodasGold|MakeItRain,NastyPlot,ShadowBall,Protect||||||50|,,,,,Water]Rillaboom||AssaultVest|GrassySurge|DrumBeating,GrassyGlide,FakeOut,HighHorsepower|||F|||50|,,,,,Fire]Arcanine-Hisui||ClearAmulet|Intimidate|RockSlide,FlareBlitz,ExtremeSpeed,Protect|||F|||50|,,,,,Water]Sneasler||WhiteHerb|Unburden|CloseCombat,DireClaw,Coaching,Protect|||F|||50|,,,,,Ghost]Dragonite||LoadedDice|Multiscale|ScaleShot,StompingTantrum,Protect,Tailwind|||F|||50|,,,,,Ground]Ninetales-Alola||FocusSash|SnowWarning|Blizzard,IcyWind,AuroraVeil,Encore|||F|||50|,,,,,Ghost
|showteam|p2|Tyranitar||AssaultVest|SandStream|RockSlide,KnockOff,LowKick,TeraBlast|||F|||50|,,,,,Flying]Corviknight||SitrusBerry|MirrorArmor|BraveBird,BodyPress,Tailwind,Roost|||F|||50|,,,,,Fire]Dragapult||LifeOrb|Infiltrator|ShadowBall,DracoMeteor,Flamethrower,Protect|||M|||50|,,,,,Stellar]Kilowattrel||FocusSash|Competitive|Thunderbolt,AirSlash,Tailwind,Protect|||F|||50|,,,,,Stellar]Garchomp||Leftovers|SandVeil|Earthquake,DragonClaw,Substitute,Protect|||F|||50|,,,,,Steel]Amoonguss||CovertCloak|Regenerator|PollenPuff,SludgeBomb,RagePowder,Spore|||M|||50|,,,,,Fairy
|l|☆Bellbottoms
|player|p1|
|j|☆Bellbottoms
|player|p1|Bellbottoms|pokemonbreederf-gen4|
|
|t:|1757242794
|teamsize|p1|4
|teamsize|p2|4
|start
|switch|p1a: Gold Ship|Gholdengo, L50, shiny|100/100
|switch|p1b: AgnesTachyon|Dragonite, L50, F, shiny|100/100
|switch|p2a: Abracadabra|Dragapult, L50, M|100/100
|switch|p2b: Telephone|Kilowattrel, L50, F|100/100
|turn|1
|
|t:|1757242816
|-terastallize|p1b: AgnesTachyon|Ground
|move|p2a: Abracadabra|Protect|p2a: Abracadabra
|-singleturn|p2a: Abracadabra|Protect
|move|p1a: Gold Ship|Protect|p1a: Gold Ship
|-singleturn|p1a: Gold Ship|Protect
|move|p2b: Telephone|Tailwind|p2b: Telephone
|-sidestart|p2: Sark_RL|move: Tailwind
|move|p1b: AgnesTachyon|Scale Shot|p2b: Telephone
|-damage|p2b: Telephone|76/100
|-crit|p2b: Telephone
|-damage|p2b: Telephone|38/100
|-damage|p2b: Telephone|11/100
|-damage|p2b: Telephone|0 fnt
|faint|p2b: Telephone
|-hitcount|p2: Telephone|4
|-unboost|p1b: AgnesTachyon|def|1
|-boost|p1b: AgnesTachyon|spe|1
|
|upkeep
|
|t:|1757242832
|switch|p2b: Paparazzi|Corviknight, L50, F|100/100
|turn|2
|
|t:|1757242842
|switch|p1a: Grass Wonder|Rillaboom, L50, F|100/100
|-fieldstart|move: Grassy Terrain|[from] ability: Grassy Surge|[of] p1a: Grass Wonder
|move|p1b: AgnesTachyon|Protect|p1b: AgnesTachyon
|-singleturn|p1b: AgnesTachyon|Protect
|move|p2a: Abracadabra|Shadow Ball|p1a: Grass Wonder
|-damage|p1a: Grass Wonder|61/100
|-damage|p2a: Abracadabra|91/100|[from] item: Life Orb
|move|p2b: Paparazzi|Brave Bird|p1b: AgnesTachyon
|-activate|p1b: AgnesTachyon|move: Protect
|
|-heal|p2a: Abracadabra|97/100|[from] Grassy Terrain
|-heal|p1a: Grass Wonder|67/100|[from] Grassy Terrain
|upkeep
|turn|3
|
|t:|1757242879
|move|p2a: Abracadabra|Protect|p2a: Abracadabra
|-singleturn|p2a: Abracadabra|Protect
|move|p1a: Grass Wonder|Fake Out|p2b: Paparazzi
|-resisted|p2b: Paparazzi
|-damage|p2b: Paparazzi|96/100
|move|p1b: AgnesTachyon|Tailwind|p1b: AgnesTachyon
|-sidestart|p1: Bellbottoms|move: Tailwind
|cant|p2b: Paparazzi|flinch
|
|-heal|p2a: Abracadabra|100/100|[from] Grassy Terrain
|-heal|p1a: Grass Wonder|73/100|[from] Grassy Terrain
|upkeep
|turn|4
|
|t:|1757242886
|switch|p2a: Judas|Tyranitar, L50, F|100/100
|-weather|Sandstorm|[from] ability: Sand Stream|[of] p2a: Judas
|switch|p1a: Gold Ship|Gholdengo, L50, shiny|100/100
|-enditem|p1a: Gold Ship|Grassy Seed
|-boost|p1a: Gold Ship|def|1|[from] item: Grassy Seed
|move|p1b: AgnesTachyon|Scale Shot|p2a: Judas
|-damage|p2a: Judas|90/100
|-damage|p2a: Judas|78/100
|-damage|p2a: Judas|67/100
|-damage|p2a: Judas|54/100
|-hitcount|p2a: Judas|4
|-unboost|p1b: AgnesTachyon|def|1
|-boost|p1b: AgnesTachyon|spe|1
|move|p2b: Paparazzi|Brave Bird|p1b: AgnesTachyon
|-damage|p1b: AgnesTachyon|57/100
|-damage|p2b: Paparazzi|83/100|[from] Recoil
|
|-weather|Sandstorm|[upkeep]
|-heal|p1b: AgnesTachyon|63/100|[from] Grassy Terrain
|-heal|p2a: Judas|59/100|[from] Grassy Terrain
|-sideend|p2: Sark_RL|move: Tailwind
|upkeep
|turn|5
|
|t:|1757242907
|-terastallize|p2a: Judas|Flying
|move|p1b: AgnesTachyon|Scale Shot|p2a: Judas
|-damage|p2a: Judas|47/100
|-damage|p2a: Judas|36/100
|-damage|p2a: Judas|24/100
|-damage|p2a: Judas|12/100
|-hitcount|p2a: Judas|4
|-unboost|p1b: AgnesTachyon|def|1
|-boost|p1b: AgnesTachyon|spe|1
|move|p1a: Gold Ship|Nasty Plot|p1a: Gold Ship
|-boost|p1a: Gold Ship|spa|2
|move|p2b: Paparazzi|Brave Bird|p1b: AgnesTachyon
|-damage|p1b: AgnesTachyon|0 fnt
|faint|p1b: AgnesTachyon
|-damage|p2b: Paparazzi|65/100|[from] Recoil
|move|p2a: Judas|Knock Off|p1a: Gold Ship
|-supereffective|p1a: Gold Ship
|-crit|p1a: Gold Ship
|-damage|p1a: Gold Ship|10/100
|
|-weather|Sandstorm|[upkeep]
|-damage|p2a: Judas|6/100|[from] Sandstorm
|-heal|p1a: Gold Ship|16/100|[from] Grassy Terrain
|upkeep
|
|t:|1757242916
|switch|p1b: Oguri Cap|Ninetales-Alola, L50, F|100/100
|-weather|Snowscape|[from] ability: Snow Warning|[of] p1b: Oguri Cap
|turn|6
|c|☆Bellbottoms|Let’s go goldship
|
|t:|1757242931
|move|p1b: Oguri Cap|Blizzard|p2a: Judas|[spread] p2a,p2b
|-supereffective|p2a: Judas
|-damage|p2a: Judas|0 fnt
|-damage|p2b: Paparazzi|36/100
|-enditem|p2b: Paparazzi|Sitrus Berry|[eat]
|-heal|p2b: Paparazzi|60/100|[from] item: Sitrus Berry
|faint|p2a: Judas
|move|p1a: Gold Ship|Shadow Ball|p2b: Paparazzi
|-damage|p2b: Paparazzi|0 fnt
|faint|p2b: Paparazzi
|
|-weather|Snowscape|[upkeep]
|-heal|p1a: Gold Ship|22/100|[from] Grassy Terrain
|-sideend|p1: Bellbottoms|move: Tailwind
|-fieldend|move: Grassy Terrain
|upkeep
|
|t:|1757242936
|switch|p2b: Abracadabra|Dragapult, L50, M|100/100
|turn|7
|
|t:|1757242942
|move|p2b: Abracadabra|Shadow Ball|p1a: Gold Ship
|-supereffective|p1a: Gold Ship
|-damage|p1a: Gold Ship|0 fnt
|faint|p1a: Gold Ship
|-damage|p2b: Abracadabra|91/100|[from] item: Life Orb
|move|p1b: Oguri Cap|Icy Wind|p2b: Abracadabra
|-supereffective|p2b: Abracadabra
|-damage|p2b: Abracadabra|33/100
|-unboost|p2b: Abracadabra|spe|1
|
|-weather|Snowscape|[upkeep]
|upkeep
|
|t:|1757242944
|switch|p1a: Grass Wonder|Rillaboom, L50, F|73/100
|-fieldstart|move: Grassy Terrain|[from] ability: Grassy Surge|[of] p1a: Grass Wonder
|turn|8
|
|t:|1757242951
|move|p1b: Oguri Cap|Blizzard|p2b: Abracadabra
|-supereffective|p2b: Abracadabra
|-damage|p2b: Abracadabra|0 fnt
|faint|p2b: Abracadabra
|
|win|Bellbottoms
|c|☆Bellbottoms|Ggs
|c|☆Sark_RL|ggs
|l|☆Bellbottoms
|player|p1|
|j|☆Bellbottoms
|player|p1|Bellbottoms|pokemonbreederf-gen4|
|l|☆Sark_RL
|player|p2|
|c|☆Bellbottoms|Run some more?
