|j|‽AIRegMB
|j|☆exessvgc
|html|AIRegMBexessvgc    
|uhtml|bestof|Game 3 of a best-of-3
|t:|1782379205
|gametype|doubles
|player|p1|AIRegMB|alec-anime|1224
|player|p2|exessvgc|lucas|1172
|gen|9
|tier|[Gen 9 Champions] VGC 2026 Reg M-B (Bo3)
|rated|
|rule|Species Clause: Limit one of each Pokémon
|rule|Item Clause: Limit 1 of each item
|clearpoke
|poke|p1|Sinistcha, L50|
|poke|p1|Ceruledge, L50, F|
|poke|p1|Incineroar, L50, M, shiny|
|poke|p1|Ninetales-Alola, L50, F|
|poke|p1|Annihilape, L50, F|
|poke|p1|Scovillain, L50, M|
|poke|p2|Charizard, L50, F|
|poke|p2|Sneasler, L50, F|
|poke|p2|Farigiraf, L50, F|
|poke|p2|Aerodactyl, L50, M|
|poke|p2|Kingambit, L50, F|
|poke|p2|Sylveon, L50, F|
|teampreview|4
|showteam|p1|Sinistcha||KasibBerry|Hospitality|RagePowder,MatchaGotcha,TrickRoom,Protect|Bold|||||50|]Ceruledge||ColburBerry|FlashFire|BulkUp,BitterBlade,ShadowSneak,Protect|Adamant||F|||50|]Incineroar||SitrusBerry|Intimidate|FakeOut,FlareBlitz,ThroatChop,PartingShot|Impish||M|||50|]Ninetales-Alola||NeverMeltIce|SnowWarning|Blizzard,FreezeDry,AuroraVeil,Protect|Timid||F|||50|]Annihilape||FocusSash|Defiant|RageFist,CloseCombat,Coaching,Taunt|Adamant||F|||50|]Scovillain||Scovillainite|Moody|RagePowder,GigaDrain,Overheat,Protect|Calm||M|||50|
|showteam|p2|Charizard||CharizarditeX|Blaze|DragonDance,DragonClaw,FlareBlitz,Protect|Jolly||F|||50|]Sneasler||WhiteHerb|Unburden|FakeOut,Protect,CloseCombat,DireClaw|Jolly||F|||50|]Farigiraf||SitrusBerry|ArmorTail|TrickRoom,Thunderbolt,HelpingHand,TwinBeam|Calm||F|||50|]Aerodactyl||FocusSash|Unnerve|RockSlide,Tailwind,DualWingbeat,Protect|Jolly||M|||50|]Kingambit||LifeOrb|Defiant|KowtowCleave,SuckerPunch,IronHead,Protect|Brave||F|||50|]Sylveon||FairyFeather|Pixilate|HyperVoice,HyperBeam,Protect,QuickAttack|Quiet||F|||50|
|
|t:|1782379247
|teamsize|p1|4
|teamsize|p2|4
|start
|switch|p1a: Incineroar|Incineroar, L50, M, shiny|100/100
|switch|p1b: Scovillain|Scovillain, L50, M|100/100
|switch|p2a: EXESS|Charizard, L50, F|100/100
|switch|p2b: IL COACH|Sneasler, L50, F|100/100
|-ability|p1a: Incineroar|Intimidate|boost
|-unboost|p2a: EXESS|atk|1
|-unboost|p2b: IL COACH|atk|1
|-enditem|p2b: IL COACH|White Herb
|-clearnegativeboost|p2b: IL COACH|[silent]
|turn|1
|
|t:|1782379280
|detailschange|p2a: EXESS|Charizard-Mega-X, L50, F
|-mega|p2a: EXESS|Charizard|Charizardite X
|detailschange|p1b: Scovillain|Scovillain-Mega, L50, M
|-mega|p1b: Scovillain|Scovillain|Scovillainite
|move|p1a: Incineroar|Fake Out|p2a: EXESS
|-damage|p2a: EXESS|89/100
|move|p2b: IL COACH|Close Combat|p1a: Incineroar
|-supereffective|p1a: Incineroar|1
|-damage|p1a: Incineroar|10/100
|-unboost|p2b: IL COACH|def|1
|-unboost|p2b: IL COACH|spd|1
|-enditem|p1a: Incineroar|Sitrus Berry|[eat]
|-heal|p1a: Incineroar|35/100|[from] item: Sitrus Berry
|cant|p2a: EXESS|flinch
|move|p1b: Scovillain|Overheat|p2b: IL COACH
|-damage|p2b: IL COACH|0 fnt
|-unboost|p1b: Scovillain|spa|2
|faint|p2b: IL COACH
|
|upkeep
|
|t:|1782379296
|switch|p2b: Sylveon|Sylveon, L50, F|100/100
|turn|2
|
|t:|1782379315
|switch|p1b: Ceruledge|Ceruledge, L50, F|100/100
|move|p2a: EXESS|Protect|p2a: EXESS
|-singleturn|p2a: EXESS|Protect
|move|p1a: Incineroar|Parting Shot|p2a: EXESS
|-activate|p2a: EXESS|move: Protect
|move|p2b: Sylveon|Hyper Voice|p1a: Incineroar|[spread] p1a,p1b
|-resisted|p1b: Ceruledge|1
|-damage|p1a: Incineroar|0 fnt
|-damage|p1b: Ceruledge|77/100
|faint|p1a: Incineroar
|
|upkeep
|
|t:|1782379333
|switch|p1a: Annihilape|Annihilape, L50, F|100/100
|turn|3
|
|t:|1782379359
|move|p1b: Ceruledge|Shadow Sneak|p2a: EXESS
|-damage|p2a: EXESS|68/100
|move|p2a: EXESS|Dragon Claw|p1a: Annihilape
|-crit|p1a: Annihilape
|-damage|p1a: Annihilape|1/100
|move|p1a: Annihilape|Close Combat|p2a: EXESS
|-damage|p2a: EXESS|5/100
|-unboost|p1a: Annihilape|def|1
|-unboost|p1a: Annihilape|spd|1
|move|p2b: Sylveon|Hyper Voice|p1a: Annihilape|[spread] p1a,p1b
|-supereffective|p1a: Annihilape|1
|-resisted|p1b: Ceruledge|1
|-damage|p1a: Annihilape|0 fnt
|-damage|p1b: Ceruledge|52/100
|faint|p1a: Annihilape
|
|upkeep
|
|t:|1782379370
|switch|p1a: Scovillain|Scovillain-Mega, L50, M|100/100
|turn|4
|
|t:|1782379406
|move|p2a: EXESS|Dragon Claw|p1a: Scovillain
|-damage|p1a: Scovillain|65/100
|-immune|p2a: EXESS
|move|p1b: Ceruledge|Bitter Blade|p2b: Sylveon
|-damage|p2b: Sylveon|47/100
|-heal|p1b: Ceruledge|79/100|[from] drain|[of] p2b: Sylveon
|move|p1a: Scovillain|Giga Drain|p2b: Sylveon
|-damage|p2b: Sylveon|21/100
|-heal|p1a: Scovillain|79/100|[from] drain|[of] p2b: Sylveon
|move|p2b: Sylveon|Hyper Beam|p1b: Ceruledge
|-resisted|p1b: Ceruledge|1
|-damage|p1b: Ceruledge|28/100
|-mustrecharge|p2b: Sylveon
|
|upkeep
|turn|5
|
|t:|1782379432
|switch|p2a: Kingambit|Kingambit, L50, F|100/100
|move|p1b: Ceruledge|Shadow Sneak|p2a: Kingambit
|-resisted|p2a: Kingambit|1
|-damage|p2a: Kingambit|91/100
|move|p1a: Scovillain|Giga Drain|p2b: Sylveon
|-damage|p2b: Sylveon|0 fnt
|-heal|p1a: Scovillain|90/100|[from] drain|[of] p2b: Sylveon
|faint|p2b: Sylveon
|
|upkeep
|
|t:|1782379439
|switch|p2b: EXESS|Charizard-Mega-X, L50, F|5/100
|turn|6
|
|t:|1782379461
|move|p2a: Kingambit|Protect|p2a: Kingambit
|-singleturn|p2a: Kingambit|Protect
|move|p1b: Ceruledge|Shadow Sneak|p2b: EXESS
|-damage|p2b: EXESS|0 fnt
|faint|p2b: EXESS
|move|p1a: Scovillain|Overheat|p2a: Kingambit
|-activate|p2a: Kingambit|move: Protect
|
|upkeep
|turn|7
|-message|exessvgc forfeited.
|
|win|AIRegMB
|raw|AIRegMB's rating: 1224 → 1245(+21 for winning)
|raw|exessvgc's rating: 1172 → 1151(-21 for losing)
|l|☆exessvgc
|player|p2|
|l|‽AIRegMB
|player|p1|
|j|☆exessvgc
|player|p2|exessvgc|lucas|
