|j|☆Kamikaze maniac
|j|☆Lamburrito
|html|Kamikaze maniacLamburrito    
|uhtml|bestof|Game 1 of a best-of-3
|t:|1782254430
|gametype|doubles
|player|p1|Kamikaze maniac|266|1096
|player|p2|Lamburrito|marlon|1077
|gen|9
|tier|[Gen 9 Champions] VGC 2026 Reg M-B (Bo3)
|rated|
|rule|Species Clause: Limit one of each Pokémon
|rule|Item Clause: Limit 1 of each item
|clearpoke
|poke|p1|Scolipede, L50, M, shiny|
|poke|p1|Whimsicott, L50, F|
|poke|p1|Clefable, L50, M|
|poke|p1|Grimmsnarl, L50, M|
|poke|p1|Raichu, L50, F|
|poke|p1|Overqwil, L50, F|
|poke|p2|Scrafty, L50, M, shiny|
|poke|p2|Trevenant, L50, M, shiny|
|poke|p2|Reuniclus, L50, M, shiny|
|poke|p2|Blastoise, L50, M, shiny|
|poke|p2|Staraptor, L50, F, shiny|
|poke|p2|Scizor, L50, F|
|teampreview|4
|showteam|p1|Scolipede||Scolipite|SpeedBoost|RockSlide,LeechLife,SwordsDance,Protect|Adamant||M|||50|]Whimsicott||FocusSash|Prankster|Tailwind,Moonblast,Encore,Protect|Bold||F|||50|]Clefable||SitrusBerry|Unaware|LifeDew,Moonblast,FollowMe,IcyWind|Calm||M|||50|]Grimmsnarl||LightClay|Prankster|Reflect,LightScreen,Protect,SpiritBreak|Careful||M|||50|]Raichu||RaichuniteY|LightningRod|ZapCannon,FocusBlast,FakeOut,Protect|Hasty||F|||50|]Overqwil||Leftovers|Intimidate|BarbBarrage,ToxicSpikes,Crunch,Protect|Jolly||F|||50|
|showteam|p2|Scrafty||Scraftinite|Intimidate|Crunch,DrainPunch,Coaching,Protect|Brave||M|||50|]Trevenant||KasibBerry|Harvest|Poltergeist,DrainPunch,TrickRoom,Protect|Adamant||M|||50|]Reuniclus||LifeOrb|MagicGuard|Psychic,Superpower,RainDance,TrickRoom|Quiet||M|||50|]Blastoise||Blastoisinite|Torrent|WaterSpout,DarkPulse,Protect,ShellSmash|Modest||M|||50|]Staraptor||ChoiceScarf|Intimidate|FinalGambit,DualWingbeat,CloseCombat,Tailwind|Jolly||F|||50|]Scizor||SitrusBerry|Technician|BulletPunch,BugBite,QuickGuard,Protect|Adamant||F|||50|
|inactive|Battle timer is ON: inactive players will automatically lose when time's up. (requested by Kamikaze maniac)
|inactive|Lamburrito has 60 seconds left.
|inactive|Lamburrito has 30 seconds left.
|inactive|Lamburrito has 20 seconds left.
|
|t:|1782254533
|teamsize|p1|4
|teamsize|p2|4
|start
|switch|p1a: Speed|Scolipede, L50, M, shiny|100/100
|switch|p1b: Clefable|Clefable, L50, M|100/100
|switch|p2a: Scizor|Scizor, L50, F|100/100
|switch|p2b: Dont Do It|Staraptor, L50, F, shiny|100/100
|-ability|p2b: Dont Do It|Intimidate|boost
|-unboost|p1a: Speed|atk|1
|-unboost|p1b: Clefable|atk|1
|turn|1
|inactive|Lamburrito has 30 seconds left.
|inactive|Lamburrito has 20 seconds left.
|inactive|Lamburrito has 15 seconds left.
|inactive|Lamburrito has 10 seconds left.
|inactive|Lamburrito has 5 seconds left.
|
|t:|1782254586
|switch|p2b: Callum|Scrafty, L50, M, shiny|100/100
|-ability|p2b: Callum|Intimidate|boost
|-unboost|p1a: Speed|atk|1
|-unboost|p1b: Clefable|atk|1
|move|p1b: Clefable|Follow Me|p1b: Clefable
|-singleturn|p1b: Clefable|move: Follow Me
|move|p2a: Scizor|Bullet Punch|p1b: Clefable
|-supereffective|p1b: Clefable|1
|-damage|p1b: Clefable|27/100
|-enditem|p1b: Clefable|Sitrus Berry|[eat]
|-heal|p1b: Clefable|52/100|[from] item: Sitrus Berry
|move|p1a: Speed|Swords Dance|p1a: Speed
|-boost|p1a: Speed|atk|2
|
|-ability|p1a: Speed|Speed Boost|boost
|-boost|p1a: Speed|spe|1
|upkeep
|turn|2
|inactive|Lamburrito has 30 seconds left.
|
|t:|1782254617
|switch|p1b: Overqwil|Overqwil, L50, F|100/100
|-ability|p1b: Overqwil|Intimidate|boost
|-unboost|p2a: Scizor|atk|1
|-unboost|p2b: Callum|atk|1
|detailschange|p2b: Callum|Scrafty-Mega, L50, M, shiny
|-mega|p2b: Callum|Scrafty|Scraftinite
|-ability|p2b: Callum|Intimidate|boost
|-unboost|p1a: Speed|atk|1
|-unboost|p1b: Overqwil|atk|1
|move|p2a: Scizor|Bullet Punch|p1b: Overqwil
|-damage|p1b: Overqwil|74/100
|move|p1a: Speed|Swords Dance|p1a: Speed
|-boost|p1a: Speed|atk|2
|move|p2b: Callum|Coaching|p2a: Scizor
|-boost|p2a: Scizor|atk|1
|-boost|p2a: Scizor|def|1
|
|-heal|p1b: Overqwil|80/100|[from] item: Leftovers
|-ability|p1a: Speed|Speed Boost|boost
|-boost|p1a: Speed|spe|1
|upkeep
|turn|3
|inactive|Lamburrito has 30 seconds left.
|
|t:|1782254642
|move|p2a: Scizor|Protect|p2a: Scizor
|-singleturn|p2a: Scizor|Protect
|move|p1a: Speed|Swords Dance|p1a: Speed
|-boost|p1a: Speed|atk|2
|move|p1b: Overqwil|Toxic Spikes|p2b: Callum
|-sidestart|p2: Lamburrito|move: Toxic Spikes
|move|p2b: Callum|Coaching|p2a: Scizor
|-boost|p2a: Scizor|atk|1
|-boost|p2a: Scizor|def|1
|
|-heal|p1b: Overqwil|86/100|[from] item: Leftovers
|-ability|p1a: Speed|Speed Boost|boost
|-boost|p1a: Speed|spe|1
|upkeep
|turn|4
|inactive|Kamikaze maniac has 30 seconds left.
|
|t:|1782254674
|switch|p1b: Raichu|Raichu, L50, F|100/100
|detailschange|p1a: Speed|Scolipede-Mega, L50, M, shiny
|-mega|p1a: Speed|Scolipede|Scolipite
|move|p2a: Scizor|Bullet Punch|p1a: Speed
|-damage|p1a: Speed|53/100
|move|p1a: Speed|Leech Life|p2b: Callum
|-damage|p2b: Callum|0 fnt
|-heal|p1a: Speed|100/100|[from] drain|[of] p2b: Callum
|faint|p2b: Callum
|
|upkeep
|inactive|Lamburrito has 30 seconds left.
|inactive|Lamburrito has 20 seconds left.
|
|t:|1782254710
|switch|p2b: Dont Do It|Staraptor, L50, F, shiny|100/100
|-ability|p2b: Dont Do It|Intimidate|boost
|-unboost|p1a: Speed|atk|1
|-unboost|p1b: Raichu|atk|1
|turn|5
|
|t:|1782254728
|move|p1b: Raichu|Fake Out|p2a: Scizor
|-resisted|p2a: Scizor|1
|-damage|p2a: Scizor|98/100
|cant|p2a: Scizor|flinch
|move|p1a: Speed|Rock Slide|p2b: Dont Do It|[spread] p2a
|-miss|p1a: Speed|p2b: Dont Do It
|-damage|p2a: Scizor|72/100
|move|p2b: Dont Do It|Final Gambit|p1a: Speed
|-damage|p1a: Speed|0 fnt
|faint|p2b: Dont Do It
|faint|p1a: Speed
|
|upkeep
|
|t:|1782254741
|switch|p2b: Prof.Rowan|Trevenant, L50, M, shiny|100/100
|switch|p1a: Clefable|Clefable, L50, M|52/100
|-status|p2b: Prof.Rowan|psn
|turn|6
|
|t:|1782254756
|move|p1b: Raichu|Protect|p1b: Raichu
|-singleturn|p1b: Raichu|Protect
|move|p2a: Scizor|Protect|p2a: Scizor
|-singleturn|p2a: Scizor|Protect
|move|p1a: Clefable|Icy Wind|p2b: Prof.Rowan|[spread] p2b
|-activate|p2a: Scizor|move: Protect
|-supereffective|p2b: Prof.Rowan|1
|-damage|p2b: Prof.Rowan|82/100 psn
|-unboost|p2b: Prof.Rowan|spe|1
|move|p2b: Prof.Rowan|Trick Room|p2b: Prof.Rowan
|-fieldstart|move: Trick Room|[of] p2b: Prof.Rowan
|
|-damage|p2b: Prof.Rowan|70/100 psn|[from] psn
|upkeep
|turn|7
|
|t:|1782254779
|move|p2a: Scizor|Bullet Punch|p1a: Clefable
|-supereffective|p1a: Clefable|1
|-damage|p1a: Clefable|0 fnt
|faint|p1a: Clefable
|move|p2b: Prof.Rowan|Poltergeist|p1b: Raichu
|-activate|p1b: Raichu|move: Poltergeist|Raichunite Y
|-damage|p1b: Raichu|0 fnt
|faint|p1b: Raichu
|
|-damage|p2b: Prof.Rowan|58/100 psn|[from] psn
|upkeep
|
|t:|1782254786
|switch|p1b: Overqwil|Overqwil, L50, F|86/100
|-ability|p1b: Overqwil|Intimidate|boost
|-unboost|p2a: Scizor|atk|1
|-unboost|p2b: Prof.Rowan|atk|1
|turn|8
|
|t:|1782254798
|move|p1b: Overqwil|Protect|p1b: Overqwil
|-singleturn|p1b: Overqwil|Protect
|move|p2a: Scizor|Bullet Punch|p1b: Overqwil
|-activate|p1b: Overqwil|move: Protect
|move|p2b: Prof.Rowan|Drain Punch|p1b: Overqwil
|-activate|p1b: Overqwil|move: Protect
|
|-heal|p1b: Overqwil|92/100|[from] item: Leftovers
|-damage|p2b: Prof.Rowan|45/100 psn|[from] psn
|upkeep
|turn|9
|
|t:|1782254810
|move|p2b: Prof.Rowan|Drain Punch|p1b: Overqwil
|-damage|p1b: Overqwil|75/100
|-heal|p2b: Prof.Rowan|53/100 psn|[from] drain|[of] p1b: Overqwil
|move|p2a: Scizor|Bug Bite|p1b: Overqwil
|-damage|p1b: Overqwil|12/100
|move|p1b: Overqwil|Crunch|p2a: Scizor
|-damage|p2a: Scizor|52/100
|
|-heal|p1b: Overqwil|19/100|[from] item: Leftovers
|-damage|p2b: Prof.Rowan|41/100 psn|[from] psn
|upkeep
|turn|10
|
|t:|1782254823
|move|p2a: Scizor|Bullet Punch|p1b: Overqwil
|-damage|p1b: Overqwil|0 fnt
|faint|p1b: Overqwil
|
|win|Lamburrito
