|j|☆flubberbut
|j|☆MidoMidori
|html|flubberbutMidoMidori    
|uhtml|bestof|Game 2 of a best-of-3
|t:|1755627284
|gametype|doubles
|player|p1|flubberbut|170|1302
|player|p2|MidoMidori|roxanne-gen6|1265
|gen|9
|tier|[Gen 9] VGC 2025 Reg H (Bo3)
|rated|
|rule|Species Clause: Limit one of each Pokémon
|rule|Item Clause: Limit 1 of each item
|clearpoke
|poke|p1|Zoroark-Hisui, L50, M|
|poke|p1|Annihilape, L50, M|
|poke|p1|Dragonite, L50, M|
|poke|p1|Tyranitar, L50, M|
|poke|p1|Garchomp, L50, F|
|poke|p1|Gholdengo, L50|
|poke|p2|Annihilape, L50, F|
|poke|p2|Maushold, L50|
|poke|p2|Sinistcha, L50|
|poke|p2|Ninetales-Alola, L50, M|
|poke|p2|Garchomp, L50, F|
|poke|p2|Klefki, L50, F|
|teampreview|4
|showteam|p1|Zoroark-Hisui||ChoiceSpecs|Illusion|HyperVoice,HyperBeam,ShadowBall,BrickBreak|||M|||50|,,,,,Normal]Annihilape||ChoiceScarf|Defiant|CloseCombat,Coaching,FinalGambit,ShadowClaw|||M|||50|,,,,,Fighting]Dragonite||LoadedDice|Multiscale|Protect,ScaleShot,ExtremeSpeed,Tailwind|||M|||50|,,,,,Steel]Tyranitar||AssaultVest|SandStream|KnockOff,TeraBlast,RockSlide,LowKick|||M|||50|,,,,,Flying]Garchomp||ClearAmulet|SandVeil|DragonClaw,Earthquake,SwordsDance,Protect|||F|||50|,,,,,Steel]Gholdengo||LifeOrb|GoodasGold|NastyPlot,ShadowBall,MakeItRain,Protect||||||50|,,,,,Flying
|showteam|p2|Annihilape||Leftovers|Defiant|RageFist,DrainPunch,BulkUp,Protect|||F|||50|,,,,,Fire]Maushold||SafetyGoggles|FriendGuard|FollowMe,BeatUp,Taunt,Protect||||||50|,,,,,Ghost]Sinistcha||SitrusBerry|Hospitality|MatchaGotcha,ShadowBall,TrickRoom,RagePowder||||||50|,,,,,Fire]Ninetales-Alola||FocusSash|SnowWarning|Encore,Blizzard,FreezeDry,Protect|||M|||50|,,,,,Ice]Garchomp||ClearAmulet|RoughSkin|StompingTantrum,DragonClaw,SwordsDance,Protect|||F|||50|,,,,,Water]Klefki||LightClay|Prankster|Reflect,LightScreen,MistyTerrain,FoulPlay|||F|||50|,,,,,Ghost
|
|t:|1755627317
|teamsize|p1|4
|teamsize|p2|4
|start
|switch|p1a: Garchomp|Garchomp, L50, F|100/100
|switch|p1b: Annihilape|Annihilape, L50, M|100/100
|switch|p2a: Garchomp|Garchomp, L50, F|100/100
|switch|p2b: Maushold|Maushold, L50|100/100
|turn|1
|
|t:|1755627333
|-terastallize|p2b: Maushold|Ghost
|move|p2b: Maushold|Follow Me|p2b: Maushold
|-singleturn|p2b: Maushold|move: Follow Me
|move|p1b: Annihilape|Final Gambit|p2b: Maushold
|-immune|p2b: Maushold
|move|p1a: Garchomp|Dragon Claw|p2b: Maushold
|-damage|p2b: Maushold|44/100
|move|p2a: Garchomp|Swords Dance|p2a: Garchomp
|-boost|p2a: Garchomp|atk|2
|
|upkeep
|turn|2
|
|t:|1755627348
|switch|p1b: Dragonite|Dragonite, L50, M|100/100
|move|p2b: Maushold|Follow Me|p2b: Maushold
|-singleturn|p2b: Maushold|move: Follow Me
|move|p1a: Garchomp|Earthquake|p2a: Garchomp|[spread] p2a,p2b
|-immune|p1b: Dragonite
|-damage|p2a: Garchomp|75/100
|-damage|p2b: Maushold|0 fnt
|faint|p2b: Maushold
|move|p2a: Garchomp|Stomping Tantrum|p1a: Garchomp
|-damage|p1a: Garchomp|27/100
|
|upkeep
|
|t:|1755627353
|switch|p2b: Ninetales|Ninetales-Alola, L50, M|100/100
|-weather|Snowscape|[from] ability: Snow Warning|[of] p2b: Ninetales
|turn|3
|
|t:|1755627374
|-terastallize|p1b: Dragonite|Steel
|move|p2a: Garchomp|Protect|p2a: Garchomp
|-singleturn|p2a: Garchomp|Protect
|move|p2b: Ninetales|Blizzard|p1b: Dragonite|[spread] p1a,p1b
|-supereffective|p1a: Garchomp
|-resisted|p1b: Dragonite
|-damage|p1a: Garchomp|0 fnt
|-damage|p1b: Dragonite|92/100
|faint|p1a: Garchomp
|move|p1b: Dragonite|Tailwind|p1b: Dragonite
|-sidestart|p1: flubberbut|move: Tailwind
|
|-weather|Snowscape|[upkeep]
|upkeep
|
|t:|1755627381
|switch|p1a: Annihilape|Annihilape, L50, M|100/100
|turn|4
|
|t:|1755627393
|switch|p1a: Gholdengo|Gholdengo, L50|100/100
|switch|p2a: Sinistcha|Sinistcha, L50|100/100
|move|p1b: Dragonite|Extreme Speed|p2b: Ninetales
|-damage|p2b: Ninetales|71/100
|move|p2b: Ninetales|Blizzard|p1b: Dragonite|[spread] p1a,p1b
|-resisted|p1a: Gholdengo
|-resisted|p1b: Dragonite
|-damage|p1a: Gholdengo|83/100
|-damage|p1b: Dragonite|77/100
|
|-weather|Snowscape|[upkeep]
|upkeep
|turn|5
|
|t:|1755627406
|move|p1a: Gholdengo|Make It Rain|p2a: Sinistcha|[spread] p2a,p2b
|-supereffective|p2b: Ninetales
|-damage|p2a: Sinistcha|50/100
|-damage|p2b: Ninetales|0 fnt
|-unboost|p1a: Gholdengo|spa|1
|-enditem|p2a: Sinistcha|Sitrus Berry|[eat]
|-heal|p2a: Sinistcha|75/100|[from] item: Sitrus Berry
|faint|p2b: Ninetales
|-damage|p1a: Gholdengo|73/100|[from] item: Life Orb
|move|p1b: Dragonite|Scale Shot|p2a: Sinistcha
|-crit|p2a: Sinistcha
|-damage|p2a: Sinistcha|53/100
|-damage|p2a: Sinistcha|39/100
|-damage|p2a: Sinistcha|22/100
|-damage|p2a: Sinistcha|8/100
|-damage|p2a: Sinistcha|0 fnt
|faint|p2a: Sinistcha
|-hitcount|p2: Sinistcha|5
|-unboost|p1b: Dragonite|def|1
|-boost|p1b: Dragonite|spe|1
|
|-weather|Snowscape|[upkeep]
|upkeep
|
|t:|1755627409
|switch|p2b: Garchomp|Garchomp, L50, F|75/100
|turn|6
|c|☆MidoMidori|Wp
|c|☆MidoMidori|Gg
|c|☆flubberbut|gg
|
|t:|1755627420
|move|p1b: Dragonite|Scale Shot|p2b: Garchomp
|-supereffective|p2b: Garchomp
|-damage|p2b: Garchomp|48/100
|-supereffective|p2b: Garchomp
|-damage|p2b: Garchomp|21/100
|-supereffective|p2b: Garchomp
|-damage|p2b: Garchomp|0 fnt
|faint|p2b: Garchomp
|-hitcount|p2: Garchomp|3
|
|win|flubberbut
|raw|flubberbut's rating: 1302 → 1320(+18 for winning)
|raw|MidoMidori's rating: 1265 → 1243(-22 for losing)
