|j|☆lettitripppp
|j|☆teamfollower
|html|lettitrippppteamfollower    
|uhtml|bestof|Game 1 of a best-of-3
|t:|1784075625
|gametype|doubles
|player|p1|lettitripppp|lucas|1337
|player|p2|teamfollower|cheren|1398
|gen|9
|tier|[Gen 9 Champions] VGC 2026 Reg M-B (Bo3)
|rated|
|rule|Species Clause: Limit one of each Pokémon
|rule|Item Clause: Limit 1 of each item
|clearpoke
|poke|p1|Charizard, L50, F, shiny|
|poke|p1|Basculegion, L50, M, shiny|
|poke|p1|Pelipper, L50, M|
|poke|p1|Venusaur, L50, M|
|poke|p1|Archaludon, L50, F|
|poke|p1|Grimmsnarl, L50, M, shiny|
|poke|p2|Froslass, L50, F|
|poke|p2|Dragonite, L50, M|
|poke|p2|Toxapex, L50, M|
|poke|p2|Sneasler, L50, M|
|poke|p2|Kingambit, L50, M|
|poke|p2|Blaziken, L50, M|
|teampreview|4
|showteam|p1|Charizard||CharizarditeY|Blaze|WeatherBall,SolarBeam,HeatWave,Protect|Modest||F|||50|]Basculegion||ChoiceScarf|Adaptability|LastRespects,WaveCrash,FlipTurn,AquaJet|Jolly||M|||50|]Pelipper||SitrusBerry|Drizzle|WeatherBall,WideGuard,Hurricane,Tailwind|Modest||M|||50|]Venusaur||FocusSash|Chlorophyll|SleepPowder,SludgeBomb,EarthPower,Protect|Modest||M|||50|]Archaludon||Leftovers|Stamina|FlashCannon,DragonPulse,ElectroShot,Protect|Calm||F|||50|]Grimmsnarl||LightClay|Prankster|PartingShot,LightScreen,SpiritBreak,Reflect|Relaxed||M|||50|
|showteam|p2|Froslass||Froslassite|CursedBody|Blizzard,ShadowBall,AuroraVeil,Protect|Timid||F|||50|]Dragonite||LifeOrb|InnerFocus|DragonClaw,ExtremeSpeed,LowKick,Protect|Adamant||M|||50|]Toxapex||Leftovers|Regenerator|Infestation,Toxic,WideGuard,BanefulBunker|Bold||M|||50|]Sneasler||FocusSash|PoisonTouch|PoisonJab,CloseCombat,FakeOut,Protect|Jolly||M|||50|]Kingambit||BlackGlasses|Defiant|KowtowCleave,IronHead,SuckerPunch,Protect|Adamant||M|||50|]Blaziken||Blazikenite|SpeedBoost|FlareBlitz,CloseCombat,RockSlide,Protect|Adamant||M|||50|
|inactive|Battle timer is ON: inactive players will automatically lose when time's up. (requested by lettitripppp)
|inactive|lettitripppp has 60 seconds left.
|
|t:|1784075656
|teamsize|p1|4
|teamsize|p2|4
|start
|switch|p1a: AGNI|Charizard, L50, F, shiny|100/100
|switch|p1b: SOFT-SLEEP|Venusaur, L50, M|100/100
|switch|p2a: Toxapex|Toxapex, L50, M|100/100
|switch|p2b: Blaziken|Blaziken, L50, M|100/100
|turn|1
|inactive|teamfollower has 30 seconds left.
|
|t:|1784075684
|detailschange|p1a: AGNI|Charizard-Mega-Y, L50, F, shiny
|-mega|p1a: AGNI|Charizard|Charizardite Y
|-weather|SunnyDay|[from] ability: Drought|[of] p1a: AGNI
|move|p2b: Blaziken|Protect|p2b: Blaziken
|-singleturn|p2b: Blaziken|Protect
|move|p1b: SOFT-SLEEP|Sleep Powder|p2b: Blaziken
|-activate|p2b: Blaziken|move: Protect
|move|p1a: AGNI|Solar Beam||[still]
|-prepare|p1a: AGNI|Solar Beam
|-anim|p1a: AGNI|Solar Beam|p2a: Toxapex
|-damage|p2a: Toxapex|63/100
|move|p2a: Toxapex|Infestation|p1a: AGNI
|-resisted|p1a: AGNI|2
|-damage|p1a: AGNI|99/100
|-activate|p1a: AGNI|move: Infestation|[of] p2a: Toxapex
|
|-weather|SunnyDay|[upkeep]
|-heal|p2a: Toxapex|68/100|[from] item: Leftovers
|-damage|p1a: AGNI|87/100|[from] move: Infestation|[partiallytrapped]
|-ability|p2b: Blaziken|Speed Boost|boost
|-boost|p2b: Blaziken|spe|1
|upkeep
|turn|2
|
|t:|1784075705
|move|p1b: SOFT-SLEEP|Earth Power|p2a: Toxapex
|-supereffective|p2a: Toxapex|1
|-damage|p2a: Toxapex|22/100
|move|p2b: Blaziken|Rock Slide|p1b: SOFT-SLEEP|[spread] p1a,p1b
|-supereffective|p1a: AGNI|2
|-damage|p1a: AGNI|2/100
|-damage|p1b: SOFT-SLEEP|73/100
|move|p1a: AGNI|Solar Beam||[still]
|-prepare|p1a: AGNI|Solar Beam
|-anim|p1a: AGNI|Solar Beam|p2a: Toxapex
|-damage|p2a: Toxapex|0 fnt
|faint|p2a: Toxapex
|
|-weather|SunnyDay|[upkeep]
|-end|p1a: AGNI|Infestation|[partiallytrapped]|[silent]
|-ability|p2b: Blaziken|Speed Boost|boost
|-boost|p2b: Blaziken|spe|1
|upkeep
|
|t:|1784075717
|switch|p2a: Dragonite|Dragonite, L50, M|100/100
|turn|3
|
|t:|1784075722
|move|p1a: AGNI|Protect|p1a: AGNI
|-singleturn|p1a: AGNI|Protect
|move|p1b: SOFT-SLEEP|Sleep Powder|p2a: Dragonite
|-status|p2a: Dragonite|slp|[from] move: Sleep Powder
|move|p2b: Blaziken|Flare Blitz|p1b: SOFT-SLEEP
|-supereffective|p1b: SOFT-SLEEP|1
|-damage|p1b: SOFT-SLEEP|0 fnt
|faint|p1b: SOFT-SLEEP
|-damage|p2b: Blaziken|77/100|[from] Recoil
|cant|p2a: Dragonite|slp
|
|-weather|SunnyDay|[upkeep]
|-ability|p2b: Blaziken|Speed Boost|boost
|-boost|p2b: Blaziken|spe|1
|upkeep
|
|t:|1784075725
|switch|p1b: WET-BEAK|Pelipper, L50, M|100/100
|-weather|RainDance|[from] ability: Drizzle|[of] p1b: WET-BEAK
|turn|4
|
|t:|1784075738
|switch|p1a: GHOSTWAVE|Basculegion, L50, M, shiny|100/100
|move|p2b: Blaziken|Close Combat|p1a: GHOSTWAVE
|-immune|p1a: GHOSTWAVE
|-curestatus|p2a: Dragonite|slp|[msg]
|move|p2a: Dragonite|Dragon Claw|p1b: WET-BEAK
|-damage|p1b: WET-BEAK|35/100
|-enditem|p1b: WET-BEAK|Sitrus Berry|[eat]
|-heal|p1b: WET-BEAK|60/100|[from] item: Sitrus Berry
|-damage|p2a: Dragonite|90/100|[from] item: Life Orb
|move|p1b: WET-BEAK|Weather Ball|p2b: Blaziken
|-supereffective|p2b: Blaziken|1
|-damage|p2b: Blaziken|0 fnt
|faint|p2b: Blaziken
|
|-weather|RainDance|[upkeep]
|upkeep
|
|t:|1784075747
|switch|p2b: Froslass|Froslass, L50, F|100/100
|turn|5
|
|t:|1784075760
|detailschange|p2b: Froslass|Froslass-Mega, L50, F
|-mega|p2b: Froslass|Froslass|Froslassite
|-weather|Snowscape|[from] ability: Snow Warning|[of] p2b: Froslass
|move|p1a: GHOSTWAVE|Last Respects|p2b: Froslass
|-supereffective|p2b: Froslass|1
|-damage|p2b: Froslass|0 fnt
|faint|p2b: Froslass
|move|p2a: Dragonite|Dragon Claw|p1b: WET-BEAK
|-damage|p1b: WET-BEAK|0 fnt
|faint|p1b: WET-BEAK
|-damage|p2a: Dragonite|81/100|[from] item: Life Orb
|
|-weather|Snowscape|[upkeep]
|upkeep
|-message|teamfollower forfeited.
|
|win|lettitripppp
