|j|‽aadrisntgggg
|j|☆wat2199
|html|aadrisntggggwat2199    
|uhtml|bestof|Game 3 of a best-of-3
|t:|1783160582
|gametype|doubles
|player|p1|aadrisntgggg|iris|1068
|player|p2|wat2199|2|1085
|gen|9
|tier|[Gen 9 Champions] VGC 2026 Reg M-B (Bo3)
|rated|
|rule|Species Clause: Limit one of each Pokémon
|rule|Item Clause: Limit 1 of each item
|clearpoke
|poke|p1|Metagross, L50|
|poke|p1|Swampert, L50, F|
|poke|p1|Pelipper, L50, F|
|poke|p1|Sableye, L50, M|
|poke|p1|Archaludon, L50, F|
|poke|p1|Sylveon, L50, M|
|poke|p2|Floette-Eternal, L50, F|
|poke|p2|Metagross, L50, shiny|
|poke|p2|Hydreigon, L50, M|
|poke|p2|Sinistcha, L50|
|poke|p2|Sneasler, L50, F|
|poke|p2|Incineroar, L50, F|
|teampreview|4
|showteam|p1|Metagross||Metagrossite|ClearBody|HardPress,Trailblaze,PsychicFangs,Protect|Adamant|||||50|]Swampert||Swampertite|Torrent|WaveCrash,Earthquake,IcePunch,FlipTurn|Adamant||F|||50|]Pelipper||FocusSash|Drizzle|Tailwind,WeatherBall,Hurricane,Protect|Modest||F|||50|]Sableye||LightClay|Prankster|LightScreen,WillOWisp,RainDance,Reflect|Calm||M|||50|]Archaludon||Leftovers|Stamina|ElectroShot,DragonPulse,FlashCannon,Protect|Bold||F|||50|]Sylveon||FairyFeather|Pixilate|Detect,QuickAttack,HyperVoice,HyperBeam|Modest||M|||50|
|showteam|p2|Floette-Eternal||Floettite|FlowerVeil|Moonblast,DazzlingGleam,CalmMind,Protect|Modest||F|||50|]Metagross||Metagrossite|ClearBody|PsychicFangs,IronHead,BulletPunch,Protect|Adamant|||||50|]Hydreigon||LifeOrb|Levitate|DracoMeteor,EarthPower,Tailwind,Protect|Timid||M|||50|]Sinistcha||FocusSash|Hospitality|MatchaGotcha,ShadowBall,RagePowder,Protect|Modest|||||50|]Sneasler||WhiteHerb|Unburden|CloseCombat,RockTomb,Coaching,FakeOut|Jolly||F|||50|]Incineroar||SitrusBerry|Intimidate|FlareBlitz,DarkestLariat,FakeOut,PartingShot|Adamant||F|||50|
|
|t:|1783160613
|teamsize|p1|4
|teamsize|p2|4
|start
|switch|p1a: Archaludon|Archaludon, L50, F|100/100
|switch|p1b: Sableye|Sableye, L50, M|100/100
|switch|p2a: Hayven|Floette-Eternal, L50, F|100/100
|switch|p2b: Ana|Sinistcha, L50|100/100
|turn|1
|inactive|Battle timer is ON: inactive players will automatically lose when time's up. (requested by aadrisntgggg)
|
|t:|1783160635
|detailschange|p2a: Hayven|Floette-Mega, L50, F
|-mega|p2a: Hayven|Floette|Floettite
|-ability|p2a: Hayven|Fairy Aura
|move|p2b: Ana|Rage Powder|p2b: Ana
|-singleturn|p2b: Ana|move: Rage Powder
|move|p1b: Sableye|Light Screen|p1b: Sableye
|-sidestart|p1: aadrisntgggg|move: Light Screen
|move|p2a: Hayven|Calm Mind|p2a: Hayven
|-boost|p2a: Hayven|spa|1
|-boost|p2a: Hayven|spd|1
|move|p1a: Archaludon|Flash Cannon|p2b: Ana
|-damage|p2b: Ana|55/100
|
|upkeep
|turn|2
|inactive|aadrisntgggg has 30 seconds left.
|
|t:|1783160667
|move|p2b: Ana|Rage Powder|p2b: Ana
|-singleturn|p2b: Ana|move: Rage Powder
|move|p1b: Sableye|Will-O-Wisp|p2b: Ana
|-status|p2b: Ana|brn
|move|p2a: Hayven|Calm Mind|p2a: Hayven
|-boost|p2a: Hayven|spa|1
|-boost|p2a: Hayven|spd|1
|move|p1a: Archaludon|Dragon Pulse|p2b: Ana
|-damage|p2b: Ana|14/100 brn
|
|-damage|p2b: Ana|8/100 brn|[from] brn
|upkeep
|turn|3
|inactive|aadrisntgggg has 30 seconds left.
|
|t:|1783160698
|switch|p1b: Pelipper|Pelipper, L50, F|100/100
|-weather|RainDance|[from] ability: Drizzle|[of] p1b: Pelipper
|move|p2a: Hayven|Calm Mind|p2a: Hayven
|-boost|p2a: Hayven|spa|1
|-boost|p2a: Hayven|spd|1
|move|p1a: Archaludon|Flash Cannon|p2a: Hayven
|-supereffective|p2a: Hayven|1
|-damage|p2a: Hayven|80/100
|move|p2b: Ana|Matcha Gotcha|p1a: Archaludon|[spread] p1a,p1b
|-resisted|p1a: Archaludon|2
|-damage|p1a: Archaludon|94/100
|-heal|p2b: Ana|12/100 brn|[from] drain|[of] p1a: Archaludon
|-damage|p1b: Pelipper|77/100
|-heal|p2b: Ana|23/100 brn|[from] drain|[of] p1b: Pelipper
|-ability|p1a: Archaludon|Stamina|boost
|-boost|p1a: Archaludon|def|1
|
|-weather|RainDance|[upkeep]
|-heal|p1a: Archaludon|100/100|[from] item: Leftovers
|-damage|p2b: Ana|17/100 brn|[from] brn
|upkeep
|turn|4
|
|t:|1783160723
|move|p2a: Hayven|Dazzling Gleam|p1b: Pelipper|[spread] p1a,p1b
|-damage|p1a: Archaludon|20/100r
|-damage|p1b: Pelipper|0 fnt
|-ability|p1a: Archaludon|Stamina|boost
|-boost|p1a: Archaludon|def|1
|faint|p1b: Pelipper
|move|p1a: Archaludon|Flash Cannon|p2a: Hayven
|-supereffective|p2a: Hayven|1
|-damage|p2a: Hayven|61/100
|move|p2b: Ana|Shadow Ball|p1a: Archaludon
|-damage|p1a: Archaludon|0 fnt
|faint|p1a: Archaludon
|
|-weather|RainDance|[upkeep]
|-damage|p2b: Ana|11/100 brn|[from] brn
|upkeep
|
|t:|1783160730
|switch|p1a: Swampert|Swampert, L50, F|100/100
|switch|p1b: Sableye|Sableye, L50, M|100/100
|turn|5
|
|t:|1783160745
|detailschange|p1a: Swampert|Swampert-Mega, L50, F
|-mega|p1a: Swampert|Swampert|Swampertite
|move|p2b: Ana|Rage Powder|p2b: Ana
|-singleturn|p2b: Ana|move: Rage Powder
|move|p1b: Sableye|Will-O-Wisp|p2b: Ana|[miss]
|-miss|p1b: Sableye|p2b: Ana
|move|p1a: Swampert|Wave Crash|p2b: Ana
|-resisted|p2b: Ana|1
|-damage|p2b: Ana|0 fnt
|faint|p2b: Ana
|-damage|p1a: Swampert|96/100|[from] Recoil
|move|p2a: Hayven|Dazzling Gleam|p1b: Sableye|[spread] p1a,p1b
|-supereffective|p1b: Sableye|1
|-damage|p1a: Swampert|21/100
|-damage|p1b: Sableye|0 fnt
|faint|p1b: Sableye
|
|-weather|RainDance|[upkeep]
|upkeep
|-message|aadrisntgggg forfeited.
|
|win|wat2199
|raw|aadrisntgggg's rating: 1068 → 1049(-19 for losing)
|raw|wat2199's rating: 1085 → 1111(+26 for winning)
|l|‽aadrisntgggg
|player|p1|
