|j|☆fili53
|j|☆Pokeman2010ash
|html|fili53Pokeman2010ash    
|uhtml|bestof|Game 2 of a best-of-3
|t:|1785673956
|gametype|doubles
|player|p1|fili53|cress|1238
|player|p2|Pokeman2010ash|lucas|1111
|gen|9
|tier|[Gen 9 Champions] VGC 2026 Reg M-B (Bo3)
|rated|
|rule|Species Clause: Limit one of each Pokémon
|rule|Item Clause: Limit 1 of each item
|clearpoke
|poke|p1|Ninetales-Alola, L50, M|
|poke|p1|Vivillon-Fancy, L50, F|
|poke|p1|Kingambit, L50, F|
|poke|p1|Garchomp, L50, F|
|poke|p1|Glimmora, L50, M|
|poke|p1|Blaziken, L50, F|
|poke|p2|Gallade, L50, M|
|poke|p2|Whimsicott, L50, M|
|poke|p2|Ceruledge, L50, M|
|poke|p2|Garchomp, L50, M|
|poke|p2|Mawile, L50, M|
|poke|p2|Maushold-Four, L50|
|teampreview|4
|showteam|p1|Ninetales-Alola||ChoiceScarf|SnowWarning|Blizzard,FreezeDry,IcyWind,Moonblast|Timid||M|||50|]Vivillon-Fancy||FocusSash|CompoundEyes|Hurricane,SleepPowder,Tailwind,Protect|Timid||F|||50|]Kingambit||ChopleBerry|Defiant|KowtowCleave,SuckerPunch,IronHead,Protect|Adamant||F|||50|]Garchomp||LifeOrb|RoughSkin|DragonClaw,RockSlide,Earthquake,Protect|Jolly||F|||50|]Glimmora||Glimmoranite|ToxicDebris|PowerGem,SludgeBomb,EarthPower,SpikyShield|Modest||M|||50|]Blaziken||Blazikenite|SpeedBoost|FlareBlitz,CloseCombat,RockSlide,Protect|Adamant||F|||50|
|showteam|p2|Gallade||Galladite|Justified|PsychoCut,SacredSword,Protect,PoisonJab|Jolly||M|||50|]Whimsicott||FocusSash|Prankster|Encore,Tailwind,Moonblast,Protect|Timid||M|||50|]Ceruledge||Leftovers|WeakArmor|BulkUp,BitterBlade,ShadowClaw,Protect|Adamant||M|||50|]Garchomp||LifeOrb|RoughSkin|Earthquake,ScaleShot,RockSlide,Protect|Jolly||M|||50|]Mawile||Mawilite|Intimidate|PlayRough,SuckerPunch,IronHead,SwordsDance|Adamant||M|||50|]Maushold-Four||MentalHerb|FriendGuard|Taunt,FollowMe,BeatUp,AfterYou|Timid|||||50|
|inactive|Battle timer is ON: inactive players will automatically lose when time's up. (requested by Pokeman2010ash)
|
|t:|1785673998
|teamsize|p1|4
|teamsize|p2|4
|start
|switch|p1a: Ninetales|Ninetales-Alola, L50, M|100/100
|switch|p1b: Blaziken|Blaziken, L50, F|100/100
|switch|p2a: Gallade|Gallade, L50, M|100/100
|switch|p2b: Maushold|Maushold-Four, L50|100/100
|-weather|Snowscape|[from] ability: Snow Warning|[of] p1a: Ninetales
|turn|1
|inactive|Pokeman2010ash has 30 seconds left.
|inactive|Pokeman2010ash has 20 seconds left.
|inactive|fili53 has 30 seconds left.
|inactive|Pokeman2010ash has 15 seconds left.
|inactive|Pokeman2010ash has 10 seconds left.
|inactive|Pokeman2010ash has 5 seconds left.
|
|t:|1785674052
|detailschange|p1b: Blaziken|Blaziken-Mega, L50, F
|-mega|p1b: Blaziken|Blaziken|Blazikenite
|move|p1b: Blaziken|Protect|p1b: Blaziken
|-singleturn|p1b: Blaziken|Protect
|move|p1a: Ninetales|Blizzard|p2a: Gallade|[spread] p2a,p2b
|-damage|p2a: Gallade|80/100
|-damage|p2b: Maushold|64/100
|move|p2b: Maushold|Beat Up|p2a: Gallade
|-damage|p2a: Gallade|76/100
|-ability|p2a: Gallade|Justified|boost
|-boost|p2a: Gallade|atk|1
|-damage|p2a: Gallade|74/100
|-ability|p2a: Gallade|Justified|boost
|-boost|p2a: Gallade|atk|1
|-damage|p2a: Gallade|70/100
|-ability|p2a: Gallade|Justified|boost
|-boost|p2a: Gallade|atk|1
|-damage|p2a: Gallade|67/100
|-ability|p2a: Gallade|Justified|boost
|-boost|p2a: Gallade|atk|1
|-hitcount|p2a: Gallade|4
|move|p2a: Gallade|Psycho Cut|p1b: Blaziken
|-activate|p1b: Blaziken|move: Protect
|
|-weather|Snowscape|[upkeep]
|-ability|p1b: Blaziken|Speed Boost|boost
|-boost|p1b: Blaziken|spe|1
|upkeep
|turn|2
|
|t:|1785674076
|detailschange|p2a: Gallade|Gallade-Mega, L50, M
|-mega|p2a: Gallade|Gallade|Galladite
|move|p2b: Maushold|Follow Me|p2b: Maushold
|-singleturn|p2b: Maushold|move: Follow Me
|move|p1a: Ninetales|Blizzard|p2b: Maushold|[spread] p2a,p2b
|-damage|p2a: Gallade|48/100
|-damage|p2b: Maushold|24/100
|move|p1b: Blaziken|Flare Blitz|p2b: Maushold
|-crit|p2b: Maushold
|-damage|p2b: Maushold|0 fnt
|faint|p2b: Maushold
|-damage|p1b: Blaziken|90/100|[from] Recoil
|move|p2a: Gallade|Psycho Cut|p1b: Blaziken
|-supereffective|p1b: Blaziken|1
|-damage|p1b: Blaziken|0 fnt
|faint|p1b: Blaziken
|
|-weather|Snowscape|[upkeep]
|upkeep
|
|t:|1785674099
|switch|p2b: Ceruledge|Ceruledge, L50, M|100/100
|switch|p1b: Kingambit|Kingambit, L50, F|100/100
|turn|3
|
|t:|1785674121
|move|p2a: Gallade|Protect|p2a: Gallade
|-singleturn|p2a: Gallade|Protect
|move|p1b: Kingambit|Sucker Punch||[still]
|-fail|p1b: Kingambit
|move|p1a: Ninetales|Blizzard|p2b: Ceruledge|[spread] p2b
|-activate|p2a: Gallade|move: Protect
|-resisted|p2b: Ceruledge|1
|-damage|p2b: Ceruledge|85/100
|move|p2b: Ceruledge|Bulk Up|p2b: Ceruledge
|-boost|p2b: Ceruledge|atk|1
|-boost|p2b: Ceruledge|def|1
|
|-weather|Snowscape|[upkeep]
|-heal|p2b: Ceruledge|91/100|[from] item: Leftovers
|upkeep
|turn|4
|
|t:|1785674142
|move|p2a: Gallade|Protect||[still]
|-fail|p2a: Gallade
|move|p1b: Kingambit|Sucker Punch||[still]
|-fail|p1b: Kingambit
|move|p1a: Ninetales|Blizzard|p2a: Gallade|[spread] p2a,p2b
|-resisted|p2b: Ceruledge|1
|-damage|p2a: Gallade|21/100
|-damage|p2b: Ceruledge|78/100
|-status|p2a: Gallade|frz
|move|p2b: Ceruledge|Bitter Blade|p1a: Ninetales
|-supereffective|p1a: Ninetales|1
|-damage|p1a: Ninetales|0 fnt
|-heal|p2b: Ceruledge|100/100|[from] drain|[of] p1a: Ninetales
|faint|p1a: Ninetales
|
|-weather|Snowscape|[upkeep]
|upkeep
|
|t:|1785674146
|switch|p1a: Garchomp|Garchomp, L50, F|100/100
|turn|5
|
|t:|1785674165
|move|p1b: Kingambit|Protect|p1b: Kingambit
|-singleturn|p1b: Kingambit|Protect
|move|p1a: Garchomp|Earthquake|p2b: Ceruledge|[spread] p2a,p2b
|-activate|p1b: Kingambit|move: Protect
|-supereffective|p2b: Ceruledge|1
|-damage|p2a: Gallade|0 fnt
|-damage|p2b: Ceruledge|21/100
|-ability|p2b: Ceruledge|Weak Armor|boost
|-unboost|p2b: Ceruledge|def|1
|-boost|p2b: Ceruledge|spe|2
|faint|p2a: Gallade
|-damage|p1a: Garchomp|90/100|[from] item: Life Orb
|move|p2b: Ceruledge|Shadow Claw|p1a: Garchomp
|-damage|p1a: Garchomp|37/100
|-damage|p2b: Ceruledge|8/100|[from] ability: Rough Skin|[of] p1a: Garchomp
|
|-weather|none
|-heal|p2b: Ceruledge|14/100|[from] item: Leftovers
|upkeep
|
|t:|1785674180
|switch|p2a: Garchomp|Garchomp, L50, M|100/100
|turn|6
|
|t:|1785674191
|move|p2b: Ceruledge|Protect|p2b: Ceruledge
|-singleturn|p2b: Ceruledge|Protect
|move|p1b: Kingambit|Sucker Punch||[still]
|-fail|p1b: Kingambit
|move|p2a: Garchomp|Earthquake|p1b: Kingambit|[spread] p1a,p1b
|-activate|p2b: Ceruledge|move: Protect
|-supereffective|p1b: Kingambit|1
|-damage|p1a: Garchomp|0 fnt
|-damage|p1b: Kingambit|34/100
|faint|p1a: Garchomp
|-damage|p2a: Garchomp|90/100|[from] item: Life Orb
|
|-heal|p2b: Ceruledge|20/100y|[from] item: Leftovers
|upkeep
|turn|7
|
|t:|1785674203
|move|p1b: Kingambit|Sucker Punch|p2b: Ceruledge
|-supereffective|p2b: Ceruledge|1
|-damage|p2b: Ceruledge|0 fnt
|faint|p2b: Ceruledge
|move|p2a: Garchomp|Earthquake|p1b: Kingambit
|-supereffective|p1b: Kingambit|1
|-damage|p1b: Kingambit|0 fnt
|faint|p1b: Kingambit
|-damage|p2a: Garchomp|80/100|[from] item: Life Orb
|
|win|Pokeman2010ash
||fili53 is ready for game 3.
||Pokeman2010ash is ready for game 3.
|uhtml|next|Next: Game 3 of 3
|l|☆Pokeman2010ash
|player|p2|
