|j|☆FabioVelho
|j|☆cartulo
|html|FabioVelhocartulo    
|uhtml|bestof|Game 2 of a best-of-3
|t:|1782327421
|gametype|doubles
|player|p1|FabioVelho|sage|
|player|p2|cartulo|blue|
|gen|9
|tier|[Gen 9 Champions] VGC 2026 Reg M-B (Bo3)
|rule|Species Clause: Limit one of each Pokémon
|rule|Item Clause: Limit 1 of each item
|clearpoke
|poke|p1|Metagross, L50|
|poke|p1|Kommo-o, L50, F|
|poke|p1|Sylveon, L50, M|
|poke|p1|Aerodactyl, L50, M|
|poke|p1|Incineroar, L50, M|
|poke|p1|Milotic, L50, M|
|poke|p2|Torkoal, L50, F|
|poke|p2|Oranguru, L50, F|
|poke|p2|Sinistcha, L50|
|poke|p2|Golurk, L50|
|poke|p2|Trevenant, L50, M|
|poke|p2|Snorlax, L50, F, shiny|
|teampreview|4
|showteam|p1|Metagross||Metagrossite|ClearBody|IronHead,PsychicFangs,StompingTantrum,Protect|Adamant|||||50|]Kommo-o||Leftovers|Soundproof|ClangingScales,AuraSphere,ClangorousSoul,Protect|Modest||F|||50|]Sylveon||FairyFeather|Pixilate|HyperVoice,HyperBeam,QuickAttack,Detect|Modest||M|||50|]Aerodactyl||Aerodactylite|Unnerve|RockSlide,DualWingbeat,Tailwind,Protect|Jolly||M|||50|]Incineroar||PasshoBerry|Intimidate|FlareBlitz,ThroatChop,PartingShot,FakeOut|Careful||M|||50|]Milotic||SitrusBerry|Competitive|Scald,IcyWind,LifeDew,Protect|Modest||M|||50|
|showteam|p2|Torkoal||Charcoal|Drought|Eruption,HeatWave,EarthPower,Protect|Quiet||F|||50|]Oranguru||MentalHerb|InnerFocus|Psychic,Instruct,TrickRoom,SkillSwap|Relaxed||F|||50|]Sinistcha||OccaBerry|Hospitality|MatchaGotcha,RagePowder,LifeDew,TrickRoom|Bold|||||50|]Golurk||Golurkite|IronFist|Poltergeist,RockSlide,PsychUp,Protect|Brave|||||50|]Trevenant||FocusSash|Frisk|HornLeech,RockSlide,PsychUp,TrickRoom|Brave||M|||50|]Snorlax||SitrusBerry|ThickFat|BodySlam,HammerArm,BellyDrum,Protect|Brave||F|||50|
|inactive|Battle timer is ON: inactive players will automatically lose when time's up. (requested by cartulo)
|
|t:|1782327451
|teamsize|p1|4
|teamsize|p2|4
|start
|switch|p1a: Aerodactyl|Aerodactyl, L50, M|100/100
|switch|p1b: Kommo-o|Kommo-o, L50, F|100/100
|switch|p2a: Sagazinha UwU|Snorlax, L50, F, shiny|100/100
|switch|p2b: Trevenant|Trevenant, L50, M|100/100
|-ability|p1a: Aerodactyl|Unnerve
|-item|p1a: Aerodactyl|Aerodactylite|[from] ability: Frisk|[of] p2b: Trevenant
|-item|p1b: Kommo-o|Leftovers|[from] ability: Frisk|[of] p2b: Trevenant
|turn|1
|
|t:|1782327474
|detailschange|p1a: Aerodactyl|Aerodactyl-Mega, L50, M
|-mega|p1a: Aerodactyl|Aerodactyl|Aerodactylite
|move|p1a: Aerodactyl|Dual Wingbeat|p2b: Trevenant
|-supereffective|p2b: Trevenant|1
|-damage|p2b: Trevenant|39/100
|-supereffective|p2b: Trevenant|1
|-damage|p2b: Trevenant|0 fnt
|faint|p2b: Trevenant
|-hitcount|p2: Trevenant|2
|move|p1b: Kommo-o|Clanging Scales|p2a: Sagazinha UwU
|-damage|p2a: Sagazinha UwU|70/100
|-unboost|p1b: Kommo-o|def|1
|move|p2a: Sagazinha UwU|Body Slam|p1b: Kommo-o
|-damage|p1b: Kommo-o|34/100
|
|-heal|p1b: Kommo-o|40/100|[from] item: Leftovers
|upkeep
|
|t:|1782327481
|switch|p2b: Oranguru|Oranguru, L50, F|100/100
|turn|2
|
|t:|1782327501
|move|p2a: Sagazinha UwU|Protect|p2a: Sagazinha UwU
|-singleturn|p2a: Sagazinha UwU|Protect
|move|p1a: Aerodactyl|Rock Slide|p2b: Oranguru|[spread] p2b
|-activate|p2a: Sagazinha UwU|move: Protect
|-damage|p2b: Oranguru|78/100
|move|p1b: Kommo-o|Aura Sphere|p2a: Sagazinha UwU
|-activate|p2a: Sagazinha UwU|move: Protect
|move|p2b: Oranguru|Trick Room|p2b: Oranguru
|-fieldstart|move: Trick Room|[of] p2b: Oranguru
|
|-heal|p1b: Kommo-o|46/100|[from] item: Leftovers
|upkeep
|turn|3
|
|t:|1782327515
|move|p1b: Kommo-o|Protect|p1b: Kommo-o
|-singleturn|p1b: Kommo-o|Protect
|move|p2a: Sagazinha UwU|Belly Drum|p2a: Sagazinha UwU
|-damage|p2a: Sagazinha UwU|20/100y
|-setboost|p2a: Sagazinha UwU|atk|6|[from] move: Belly Drum
|-enditem|p2a: Sagazinha UwU|Sitrus Berry|[eat]
|-heal|p2a: Sagazinha UwU|45/100|[from] item: Sitrus Berry
|move|p2b: Oranguru|Psychic|p1b: Kommo-o
|-activate|p1b: Kommo-o|move: Protect
|move|p1a: Aerodactyl|Rock Slide|p2b: Oranguru|[spread] p2a,p2b
|-damage|p2a: Sagazinha UwU|16/100
|-damage|p2b: Oranguru|58/100
|
|-heal|p1b: Kommo-o|52/100|[from] item: Leftovers
|upkeep
|turn|4
|inactive|cartulo has 30 seconds left.
|
|t:|1782327541
|move|p1a: Aerodactyl|Protect|p1a: Aerodactyl
|-singleturn|p1a: Aerodactyl|Protect
|move|p2a: Sagazinha UwU|Hammer Arm|p1b: Kommo-o
|-damage|p1b: Kommo-o|0 fnt
|-unboost|p2a: Sagazinha UwU|spe|1
|faint|p1b: Kommo-o
|move|p2b: Oranguru|Instruct|p2a: Sagazinha UwU
|-singleturn|p2a: Sagazinha UwU|move: Instruct|[of] p2b: Oranguru
|move|p2a: Sagazinha UwU|Hammer Arm|p1a: Aerodactyl
|-activate|p1a: Aerodactyl|move: Protect
|
|upkeep
|
|t:|1782327554
|switch|p1b: Incineroar|Incineroar, L50, M|100/100
|-ability|p1b: Incineroar|Intimidate|boost
|-unboost|p2a: Sagazinha UwU|atk|1
|-fail|p2b: Oranguru|unboost|Attack|[from] ability: Inner Focus|[of] p2b: Oranguru
|turn|5
|
|t:|1782327561
|move|p2a: Sagazinha UwU|Protect|p2a: Sagazinha UwU
|-singleturn|p2a: Sagazinha UwU|Protect
|move|p1b: Incineroar|Fake Out|p2a: Sagazinha UwU
|-activate|p2a: Sagazinha UwU|move: Protect
|move|p2b: Oranguru|Skill Swap|p1b: Incineroar
|-activate|p2b: Oranguru|Skill Swap|Intimidate|Inner Focus|[of] p1b: Incineroar
|-ability|p2b: Oranguru|Intimidate|boost
|-unboost|p1a: Aerodactyl|atk|1
|-fail|p1b: Incineroar|unboost|Attack|[from] ability: Inner Focus|[of] p1b: Incineroar
|move|p1a: Aerodactyl|Rock Slide|p2a: Sagazinha UwU|[spread] p2b
|-activate|p2a: Sagazinha UwU|move: Protect
|-damage|p2b: Oranguru|44/100
|
|upkeep
|turn|6
|inactive|FabioVelho has 30 seconds left.
|
|t:|1782327593
|move|p1a: Aerodactyl|Protect|p1a: Aerodactyl
|-singleturn|p1a: Aerodactyl|Protect
|move|p2a: Sagazinha UwU|Hammer Arm|p1b: Incineroar
|-supereffective|p1b: Incineroar|1
|-crit|p1b: Incineroar
|-damage|p1b: Incineroar|0 fnt
|-unboost|p2a: Sagazinha UwU|spe|1
|faint|p1b: Incineroar
|move|p2b: Oranguru|Instruct|p2a: Sagazinha UwU
|-singleturn|p2a: Sagazinha UwU|move: Instruct|[of] p2b: Oranguru
|move|p2a: Sagazinha UwU|Hammer Arm|p1a: Aerodactyl
|-activate|p1a: Aerodactyl|move: Protect
|
|-fieldend|move: Trick Room
|upkeep
|
|t:|1782327602
|switch|p1b: Milotic|Milotic, L50, M|100/100
|turn|7
|
|t:|1782327624
|move|p1a: Aerodactyl|Dual Wingbeat|p2a: Sagazinha UwU
|-damage|p2a: Sagazinha UwU|1/100
|-damage|p2a: Sagazinha UwU|0 fnt
|faint|p2a: Sagazinha UwU
|-hitcount|p2: Sagazinha UwU|2
|move|p1b: Milotic|Scald|p2b: Oranguru
|-damage|p2b: Oranguru|19/100
|move|p2b: Oranguru|Trick Room|p2b: Oranguru
|-fieldstart|move: Trick Room|[of] p2b: Oranguru
|
|upkeep
|
|t:|1782327627
|switch|p2a: Torkoal|Torkoal, L50, F|100/100
|-weather|SunnyDay|[from] ability: Drought|[of] p2a: Torkoal
|turn|8
|
|t:|1782327638
|move|p2a: Torkoal|Eruption|p1b: Milotic|[spread] p1a,p1b
|-resisted|p1a: Aerodactyl|1
|-resisted|p1b: Milotic|1
|-damage|p1a: Aerodactyl|51/100
|-damage|p1b: Milotic|69/100
|move|p2b: Oranguru|Instruct|p2a: Torkoal
|-singleturn|p2a: Torkoal|move: Instruct|[of] p2b: Oranguru
|move|p2a: Torkoal|Eruption|p1a: Aerodactyl|[spread] p1a,p1b
|-resisted|p1a: Aerodactyl|1
|-resisted|p1b: Milotic|1
|-damage|p1a: Aerodactyl|1/100
|-damage|p1b: Milotic|40/100
|-enditem|p1b: Milotic|Sitrus Berry|[eat]
|-heal|p1b: Milotic|64/100|[from] item: Sitrus Berry
|move|p1b: Milotic|Scald|p2a: Torkoal
|-supereffective|p2a: Torkoal|1
|-damage|p2a: Torkoal|59/100
|move|p1a: Aerodactyl|Rock Slide|p2a: Torkoal|[spread] p2a,p2b
|-supereffective|p2a: Torkoal|1
|-damage|p2a: Torkoal|27/100
|-damage|p2b: Oranguru|5/100
|
|-weather|SunnyDay|[upkeep]
|upkeep
|turn|9
|inactive|FabioVelho has 30 seconds left.
|
|t:|1782327663
|move|p1a: Aerodactyl|Protect|p1a: Aerodactyl
|-singleturn|p1a: Aerodactyl|Protect
|move|p2a: Torkoal|Heat Wave|p1b: Milotic|[spread] p1b
|-activate|p1a: Aerodactyl|move: Protect
|-resisted|p1b: Milotic|1
|-damage|p1b: Milotic|44/100
|move|p2b: Oranguru|Instruct|p2a: Torkoal
|-singleturn|p2a: Torkoal|move: Instruct|[of] p2b: Oranguru
|move|p2a: Torkoal|Heat Wave|p1a: Aerodactyl|[spread] p1b
|-activate|p1a: Aerodactyl|move: Protect
|-resisted|p1b: Milotic|1
|-damage|p1b: Milotic|24/100
|move|p1b: Milotic|Scald|p2a: Torkoal
|-supereffective|p2a: Torkoal|1
|-damage|p2a: Torkoal|0 fnt
|faint|p2a: Torkoal
|
|-weather|SunnyDay|[upkeep]
|upkeep
|turn|10
|
|t:|1782327681
|move|p2b: Oranguru|Psychic|p1b: Milotic
|-damage|p1b: Milotic|1/100
|move|p1b: Milotic|Scald|p2b: Oranguru
|-damage|p2b: Oranguru|0 fnt
|faint|p2b: Oranguru
|
|win|FabioVelho
