|j|☆luka1234.4
|j|☆sanjaconpis
|html|luka1234.4sanjaconpis    
|uhtml|bestof|Game 1 of a best-of-3
|t:|1782585370
|gametype|doubles
|player|p1|luka1234.4|rosa|
|player|p2|sanjaconpis|hugh|
|gen|9
|tier|[Gen 9 Champions] VGC 2026 Reg M-B (Bo3)
|rule|Species Clause: Limit one of each Pokémon
|rule|Item Clause: Limit 1 of each item
|clearpoke
|poke|p1|Aerodactyl, L50, M|
|poke|p1|Garchomp, L50, M|
|poke|p1|Charizard, L50, M|
|poke|p1|Sylveon, L50, M|
|poke|p1|Farigiraf, L50, F|
|poke|p1|Kingambit, L50, M|
|poke|p2|Kingambit, L50, F|
|poke|p2|Slowking-Galar, L50, M|
|poke|p2|Abomasnow, L50, F|
|poke|p2|Froslass, L50, F|
|poke|p2|Sylveon, L50, F|
|poke|p2|Ceruledge, L50, F|
|teampreview|4
|showteam|p1|Aerodactyl||Aerodactylite|Unnerve|IceFang,RockSlide,DualWingbeat,Tailwind|Jolly||M|||50|]Garchomp||LifeOrb|RoughSkin|DragonClaw,Earthquake,Protect,RockSlide|Jolly||M|||50|]Charizard||CharizarditeY|Blaze|WeatherBall,Protect,HeatWave,SolarBeam|Timid||M|||50|]Sylveon||FairyFeather|Pixilate|HyperVoice,QuickAttack,HyperBeam,Protect|Sassy||M|||50|]Farigiraf||ColburBerry|ArmorTail|TwinBeam,Protect,HelpingHand,GrassKnot|Calm||F|||50|]Kingambit||FocusSash|Defiant|IronHead,SuckerPunch,LowKick,KowtowCleave|Adamant||M|||50|
|showteam|p2|Kingambit||FocusSash|Defiant|KowtowCleave,SuckerPunch,IronHead,Protect|Adamant||F|||50|]Slowking-Galar||ColburBerry|Regenerator|Psychic,TrickRoom,AcidSpray,ChillingWater|Sassy||M|||50|]Abomasnow||Abomasite|SnowWarning|GigaDrain,Blizzard,EarthPower,Protect|Modest||F|||50|]Froslass||SitrusBerry|SnowCloak|AuroraVeil,Blizzard,ShadowBall,Taunt|Timid||F|||50|]Sylveon||FairyFeather|Pixilate|HyperVoice,QuickAttack,HyperBeam,Detect|Modest||F|||50|]Ceruledge||Charcoal|FlashFire|BitterBlade,ShadowSneak,BulkUp,Protect|Jolly||F|||50|
|
|t:|1782585457
|teamsize|p1|4
|teamsize|p2|4
|start
|switch|p1a: Charizard|Charizard, L50, M|100/100
|switch|p1b: Garchomp|Garchomp, L50, M|100/100
|switch|p2a: Froslass|Froslass, L50, F|100/100
|switch|p2b: Abomasnow|Abomasnow, L50, F|100/100
|-weather|Snowscape|[from] ability: Snow Warning|[of] p2b: Abomasnow
|turn|1
|
|t:|1782585493
|switch|p1b: Kingambit|Kingambit, L50, M|100/100
|detailschange|p1a: Charizard|Charizard-Mega-Y, L50, M
|-mega|p1a: Charizard|Charizard|Charizardite Y
|-weather|SunnyDay|[from] ability: Drought|[of] p1a: Charizard
|detailschange|p2b: Abomasnow|Abomasnow-Mega, L50, F
|-mega|p2b: Abomasnow|Abomasnow|Abomasite
|-weather|Snowscape|[from] ability: Snow Warning|[of] p2b: Abomasnow
|move|p2b: Abomasnow|Protect|p2b: Abomasnow
|-singleturn|p2b: Abomasnow|Protect
|move|p2a: Froslass|Aurora Veil|p2a: Froslass
|-sidestart|p2: sanjaconpis|move: Aurora Veil
|move|p1a: Charizard|Heat Wave|p2b: Abomasnow|[spread] 
|-activate|p2b: Abomasnow|move: Protect
|-miss|p1a: Charizard|p2a: Froslass
|
|-weather|Snowscape|[upkeep]
|upkeep
|turn|2
|
|t:|1782585548
|switch|p1a: Farigiraf|Farigiraf, L50, F|100/100
|switch|p2b: Ceruledge|Ceruledge, L50, F|100/100
|move|p2a: Froslass|Blizzard|p1a: Farigiraf|[spread] p1a,p1b
|-resisted|p1b: Kingambit|1
|-damage|p1a: Farigiraf|77/100
|-damage|p1b: Kingambit|85/100
|move|p1b: Kingambit|Kowtow Cleave|p2a: Froslass
|-supereffective|p2a: Froslass|1
|-damage|p2a: Froslass|25/100
|-enditem|p2a: Froslass|Sitrus Berry|[eat]
|-heal|p2a: Froslass|50/100g|[from] item: Sitrus Berry
|
|-weather|Snowscape|[upkeep]
|upkeep
|turn|3
|
|t:|1782585616
|move|p1a: Farigiraf|Protect|p1a: Farigiraf
|-singleturn|p1a: Farigiraf|Protect
|move|p2a: Froslass|Taunt|p1a: Farigiraf
|-activate|p1a: Farigiraf|move: Protect
|move|p2b: Ceruledge|Bulk Up|p2b: Ceruledge
|-boost|p2b: Ceruledge|atk|1
|-boost|p2b: Ceruledge|def|1
|move|p1b: Kingambit|Kowtow Cleave|p2a: Froslass
|-supereffective|p2a: Froslass|1
|-damage|p2a: Froslass|0 fnt
|faint|p2a: Froslass
|
|-weather|Snowscape|[upkeep]
|upkeep
|
|t:|1782585636
|switch|p2a: Sylveon|Sylveon, L50, F|100/100
|turn|4
|
|t:|1782585658
|switch|p1a: Charizard|Charizard-Mega-Y, L50, M|100/100
|-weather|SunnyDay|[from] ability: Drought|[of] p1a: Charizard
|move|p2a: Sylveon|Detect|p2a: Sylveon
|-singleturn|p2a: Sylveon|Protect
|move|p2b: Ceruledge|Bitter Blade|p1b: Kingambit
|-supereffective|p1b: Kingambit|1
|-damage|p1b: Kingambit|0 fnt
|faint|p1b: Kingambit
|
|-weather|SunnyDay|[upkeep]
|upkeep
|
|t:|1782585671
|switch|p1b: Garchomp|Garchomp, L50, M|100/100
|turn|5
|
|t:|1782585705
|switch|p1a: Farigiraf|Farigiraf, L50, F|77/100
|move|p2b: Ceruledge|Protect|p2b: Ceruledge
|-singleturn|p2b: Ceruledge|Protect
|move|p1b: Garchomp|Rock Slide|p2a: Sylveon|[spread] p2a
|-activate|p2b: Ceruledge|move: Protect
|-damage|p2a: Sylveon|79/100
|-damage|p1b: Garchomp|90/100|[from] item: Life Orb
|move|p2a: Sylveon|Hyper Beam|p1b: Garchomp
|-supereffective|p1b: Garchomp|1
|-damage|p1b: Garchomp|0 fnt
|-mustrecharge|p2a: Sylveon
|faint|p1b: Garchomp
|
|-weather|SunnyDay|[upkeep]
|-sideend|p2: sanjaconpis|move: Aurora Veil
|upkeep
|
|t:|1782585721
|switch|p1b: Charizard|Charizard-Mega-Y, L50, M|100/100
|turn|6
|
|t:|1782585734
|move|p1b: Charizard|Heat Wave|p2b: Ceruledge|[spread] p2a
|-start|p2b: Ceruledge|ability: Flash Fire
|-damage|p2a: Sylveon|33/100
|move|p2b: Ceruledge|Bitter Blade|p1a: Farigiraf
|-damage|p1a: Farigiraf|0 fnt
|faint|p1a: Farigiraf
|cant|p2a: Sylveon|recharge
|
|-weather|SunnyDay|[upkeep]
|upkeep
|turn|7
|
|t:|1782585753
|move|p2a: Sylveon|Detect|p2a: Sylveon
|-singleturn|p2a: Sylveon|Protect
|move|p2b: Ceruledge|Shadow Sneak|p1b: Charizard
|-damage|p1b: Charizard|61/100
|move|p1b: Charizard|Heat Wave|p2b: Ceruledge|[spread] 
|-activate|p2a: Sylveon|move: Protect
|-immune|p2b: Ceruledge|[from] ability: Flash Fire
|
|-weather|SunnyDay|[upkeep]
|upkeep
|turn|8
|
|t:|1782585775
|move|p2b: Ceruledge|Shadow Sneak|p1b: Charizard
|-damage|p1b: Charizard|16/100
|move|p2a: Sylveon|Quick Attack|p1b: Charizard
|-resisted|p1b: Charizard|1
|-damage|p1b: Charizard|7/100
|move|p1b: Charizard|Heat Wave|p2b: Ceruledge|[spread] p2a
|-immune|p2b: Ceruledge|[from] ability: Flash Fire
|-damage|p2a: Sylveon|0 fnt
|faint|p2a: Sylveon
|
|-weather|none
|upkeep
|
|t:|1782585785
|switch|p2a: Abomasnow|Abomasnow-Mega, L50, F|100/100
|-weather|Snowscape|[from] ability: Snow Warning|[of] p2a: Abomasnow
|turn|9
|
|t:|1782585793
|move|p2a: Abomasnow|Protect|p2a: Abomasnow
|-singleturn|p2a: Abomasnow|Protect
|move|p2b: Ceruledge|Shadow Sneak|p1b: Charizard
|-damage|p1b: Charizard|0 fnt
|faint|p1b: Charizard
|
|win|sanjaconpis
|inactive|luka1234.4 has 30 seconds to confirm battle start!
|inactive|sanjaconpis has 30 seconds to confirm battle start!
|inactive|luka1234.4 has 20 seconds to confirm battle start!
|inactive|sanjaconpis has 20 seconds to confirm battle start!
||sanjaconpis is ready for game 2.
||luka1234.4 is ready for game 2.
|uhtml|next|Next: Game 2 of 3
