|j|☆ShadowGhost4488
|j|☆kdkems
|html|ShadowGhost4488kdkems    
|uhtml|bestof|Game 3 of a best-of-3
|t:|1783279092
|gametype|doubles
|player|p1|ShadowGhost4488|unknownf|1162
|player|p2|kdkems|101|1252
|gen|9
|tier|[Gen 9 Champions] VGC 2026 Reg M-B (Bo3)
|rated|
|rule|Species Clause: Limit one of each Pokémon
|rule|Item Clause: Limit 1 of each item
|clearpoke
|poke|p1|Scrafty, L50, M, shiny|
|poke|p1|Charizard, L50, M, shiny|
|poke|p1|Sylveon, L50, F, shiny|
|poke|p1|Garchomp, L50, F, shiny|
|poke|p1|Farigiraf, L50, F, shiny|
|poke|p1|Aerodactyl, L50, M, shiny|
|poke|p2|Charizard, L50, M|
|poke|p2|Incineroar, L50, M|
|poke|p2|Whimsicott, L50, F|
|poke|p2|Garchomp, L50, M|
|poke|p2|Basculegion, L50, M|
|poke|p2|Floette-Eternal, L50, F|
|teampreview|4
|showteam|p1|Scrafty||Scraftinite|Intimidate|FakeOut,Detect,CloseCombat,KnockOff|Adamant||M|||50|]Charizard||CharizarditeY|Blaze|HeatWave,WeatherBall,SolarBeam,Protect|Modest||M|||50|]Sylveon||FairyFeather|Pixilate|Detect,QuickAttack,HyperVoice,HyperBeam|Modest||F|||50|]Garchomp||LifeOrb|RoughSkin|Earthquake,Protect,RockSlide,DragonClaw|Jolly||F|||50|]Farigiraf||SitrusBerry|ArmorTail|TrickRoom,HelpingHand,HyperVoice,TwinBeam|Bold||F|||50|]Aerodactyl||FocusSash|Unnerve|Protect,RockSlide,Tailwind,DualWingbeat|Jolly||M|||50|
|showteam|p2|Charizard||CharizarditeY|Blaze|SolarBeam,HeatWave,WeatherBall,Protect|Modest||M|||50|]Incineroar||SitrusBerry|Intimidate|FakeOut,PartingShot,ThroatChop,FlareBlitz|Sassy||M|||50|]Whimsicott||FocusSash|Prankster|Encore,Moonblast,Tailwind,Protect|Timid||F|||50|]Garchomp||LifeOrb|RoughSkin|Earthquake,DragonClaw,RockSlide,Protect|Jolly||M|||50|]Basculegion||ChoiceScarf|Adaptability|WaveCrash,AquaJet,FlipTurn,LastRespects|Jolly||M|||50|]Floette-Eternal||Floettite|FlowerVeil|DazzlingGleam,Moonblast,LightofRuin,Protect|Modest||F|||50|
|inactive|Battle timer is ON: inactive players will automatically lose when time's up. (requested by ShadowGhost4488)
|inactive|kdkems has 60 seconds left.
|
|t:|1783279123
|teamsize|p1|4
|teamsize|p2|4
|start
|switch|p1a: Farigiraf|Farigiraf, L50, F, shiny|100/100
|switch|p1b: Scrafty|Scrafty, L50, M, shiny|100/100
|switch|p2a: Floette|Floette-Eternal, L50, F|100/100
|switch|p2b: Garchomp|Garchomp, L50, M|100/100
|-ability|p1b: Scrafty|Intimidate|boost
|-unboost|p2a: Floette|atk|1
|-unboost|p2b: Garchomp|atk|1
|turn|1
|
|t:|1783279139
|detailschange|p2a: Floette|Floette-Mega, L50, F
|-mega|p2a: Floette|Floette|Floettite
|-ability|p2a: Floette|Fairy Aura
|detailschange|p1b: Scrafty|Scrafty-Mega, L50, M, shiny
|-mega|p1b: Scrafty|Scrafty|Scraftinite
|-ability|p1b: Scrafty|Intimidate|boost
|-unboost|p2a: Floette|atk|1
|-unboost|p2b: Garchomp|atk|1
|move|p1b: Scrafty|Fake Out|p2a: Floette
|-damage|p2a: Floette|83/100
|move|p2b: Garchomp|Dragon Claw|p1a: Farigiraf
|-damage|p1a: Farigiraf|80/100
|-damage|p2b: Garchomp|90/100|[from] item: Life Orb
|cant|p2a: Floette|flinch
|move|p1a: Farigiraf|Trick Room|p1a: Farigiraf
|-fieldstart|move: Trick Room|[of] p1a: Farigiraf
|
|upkeep
|turn|2
|
|t:|1783279158
|move|p1b: Scrafty|Detect|p1b: Scrafty
|-singleturn|p1b: Scrafty|Protect
|move|p1a: Farigiraf|Hyper Voice|p2b: Garchomp|[spread] p2a,p2b
|-damage|p2a: Floette|61/100
|-damage|p2b: Garchomp|62/100
|move|p2a: Floette|Moonblast|p1b: Scrafty
|-activate|p1b: Scrafty|move: Protect
|move|p2b: Garchomp|Rock Slide|p1a: Farigiraf|[spread] 
|-activate|p1b: Scrafty|move: Protect
|-miss|p2b: Garchomp|p1a: Farigiraf
|
|upkeep
|turn|3
|
|t:|1783279181
|switch|p1b: Sylveon|Sylveon, L50, F, shiny|100/100
|switch|p2b: Incineroar|Incineroar, L50, M|100/100
|-ability|p2b: Incineroar|Intimidate|boost
|-unboost|p1a: Farigiraf|atk|1
|-unboost|p1b: Sylveon|atk|1
|move|p1a: Farigiraf|Hyper Voice|p2a: Floette|[spread] p2a,p2b
|-damage|p2a: Floette|39/100
|-damage|p2b: Incineroar|83/100
|move|p2a: Floette|Moonblast|p1b: Sylveon
|-damage|p1b: Sylveon|43/100
|
|upkeep
|turn|4
|
|t:|1783279201
|move|p2a: Floette|Protect|p2a: Floette
|-singleturn|p2a: Floette|Protect
|move|p1b: Sylveon|Quick Attack|p2a: Floette
|-activate|p2a: Floette|move: Protect
|move|p2b: Incineroar|Flare Blitz|p1b: Sylveon
|-damage|p1b: Sylveon|0 fnt
|faint|p1b: Sylveon
|-damage|p2b: Incineroar|68/100|[from] Recoil
|move|p1a: Farigiraf|Hyper Voice|p2b: Incineroar|[spread] p2b
|-activate|p2a: Floette|move: Protect
|-damage|p2b: Incineroar|51/100
|
|upkeep
|
|t:|1783279209
|switch|p1b: Scrafty|Scrafty-Mega, L50, M, shiny|100/100
|-ability|p1b: Scrafty|Intimidate|boost
|-unboost|p2a: Floette|atk|1
|-unboost|p2b: Incineroar|atk|1
|turn|5
|
|t:|1783279223
|move|p1b: Scrafty|Fake Out|p2a: Floette
|-damage|p2a: Floette|21/100
|move|p2b: Incineroar|Parting Shot|p1b: Scrafty
|-unboost|p1b: Scrafty|atk|1
|-unboost|p1b: Scrafty|spa|1
|
|t:|1783279228
|switch|p2b: Basculegion|Basculegion, L50, M|100/100|[from] Parting Shot
|move|p1a: Farigiraf|Hyper Voice|p2a: Floette|[spread] p2a
|-immune|p2b: Basculegion
|-damage|p2a: Floette|1/100
|cant|p2a: Floette|flinch
|
|-fieldend|move: Trick Room
|upkeep
|turn|6
|
|t:|1783279248
|switch|p1a: Garchomp|Garchomp, L50, F, shiny|100/100
|move|p1b: Scrafty|Detect|p1b: Scrafty
|-singleturn|p1b: Scrafty|Protect
|move|p2b: Basculegion|Wave Crash|p1a: Garchomp
|-damage|p1a: Garchomp|29/100
|-damage|p2b: Basculegion|87/100|[from] ability: Rough Skin|[of] p1a: Garchomp
|-damage|p2b: Basculegion|65/100|[from] Recoil
|move|p2a: Floette|Dazzling Gleam|p1a: Garchomp|[spread] p1a
|-activate|p1b: Scrafty|move: Protect
|-supereffective|p1a: Garchomp|1
|-damage|p1a: Garchomp|0 fnt
|faint|p1a: Garchomp
|
|upkeep
|
|t:|1783279258
|switch|p1a: Farigiraf|Farigiraf, L50, F, shiny|80/100
|turn|7
|
|t:|1783279267
|move|p2b: Basculegion|Wave Crash|p1a: Farigiraf
|-damage|p1a: Farigiraf|20/100y
|-enditem|p1a: Farigiraf|Sitrus Berry|[eat]
|-heal|p1a: Farigiraf|45/100|[from] item: Sitrus Berry
|-damage|p2b: Basculegion|42/100|[from] Recoil
|move|p2a: Floette|Dazzling Gleam|p1b: Scrafty|[spread] p1a,p1b
|-supereffective|p1b: Scrafty|2
|-damage|p1a: Farigiraf|1/100
|-damage|p1b: Scrafty|0 fnt
|faint|p1b: Scrafty
|move|p1a: Farigiraf|Trick Room|p1a: Farigiraf
|-fieldstart|move: Trick Room|[of] p1a: Farigiraf
|
|upkeep
|turn|8
|
|t:|1783279283
|move|p1a: Farigiraf|Hyper Voice|p2b: Basculegion|[spread] p2a
|-immune|p2b: Basculegion
|-damage|p2a: Floette|0 fnt
|faint|p2a: Floette
|move|p2b: Basculegion|Wave Crash|p1a: Farigiraf
|-damage|p1a: Farigiraf|0 fnt
|faint|p1a: Farigiraf
|-damage|p2b: Basculegion|41/100|[from] Recoil
|
|win|kdkems
|raw|ShadowGhost4488's rating: 1162 → 1143(-19 for losing)
|raw|kdkems's rating: 1252 → 1271(+19 for winning)
|l|☆kdkems
|player|p2|
