|j|‚òÜYungDungBeetle
|j|‚òÜchikondi
|html|YungDungBeetlechikondi    
|uhtml|bestof|Game 2 of a best-of-3
|t:|1756293785
|gametype|doubles
|player|p1|YungDungBeetle|n|1121
|player|p2|chikondi|galacticgruntf|1080
|gen|9
|tier|[Gen 9] VGC 2025 Reg H (Bo3)
|rated|
|rule|Species Clause: Limit one of each Pok√©mon
|rule|Item Clause: Limit 1 of each item
|clearpoke
|poke|p1|Rillaboom, L50, F|
|poke|p1|Arcanine-Hisui, L50, M|
|poke|p1|Baxcalibur, L50, M|
|poke|p1|Volcarona, L50, F|
|poke|p1|Annihilape, L50, M|
|poke|p1|Whimsicott, L50, M|
|poke|p2|Garchomp, L50, M|
|poke|p2|Jumpluff, L50, M|
|poke|p2|Torkoal, L50, F|
|poke|p2|Dragonite, L50, M|
|poke|p2|Kingambit, L50, F|
|poke|p2|Typhlosion-Hisui, L50, M|
|teampreview|4
|showteam|p1|Rillaboom||AssaultVest|GrassySurge|FakeOut,GrassyGlide,DrumBeating,HighHorsepower|||F|||50|,,,,,Fire]Arcanine-Hisui||ClearAmulet|Intimidate|RockSlide,FlareBlitz,ExtremeSpeed,Protect|||M|||50|,,,,,Ghost]Baxcalibur||LoadedDice|ThermalExchange|ScaleShot,IcicleSpear,IceShard,Protect|||M|||50|,,,,,Ghost]Volcarona||GrassySeed|FlameBody|HeatWave,QuiverDance,Protect,GigaDrain|||F|||50|,,,,,Grass]Annihilape||FocusSash|Defiant|CloseCombat,RageFist,Coaching,Taunt|||M|||50|,,,,,Grass]Whimsicott||CovertCloak|Prankster|Tailwind,Moonblast,SunnyDay,WorrySeed|||M|||50|,,,,,Water
|showteam|p2|Garchomp||LifeOrb|RoughSkin|Earthquake,DragonClaw,StompingTantrum,Protect|||M|||50|,,,,,Fire]Jumpluff||CovertCloak|Chlorophyll|LeafStorm,SleepPowder,Encore,Tailwind|||M|||50|,,,,,Poison]Torkoal||EjectPack|Drought|Overheat,BurningJealousy,HelpingHand,Protect|||F|||50|,,,,,Flying]Dragonite||LoadedDice|Multiscale|ScaleShot,ExtremeSpeed,IceSpinner,Protect|||M|||50|,,,,,Fairy]Kingambit||AssaultVest|Defiant|IronHead,SuckerPunch,Assurance,LowKick|||F|||50|,,,,,Flying]Typhlosion-Hisui||ChoiceSpecs|Blaze|Eruption,ShadowBall,HeatWave,Overheat|||M|||50|,,,,,Fire
|
|t:|1756293812
|teamsize|p1|4
|teamsize|p2|4
|start
|switch|p1a: Whimsicott|Whimsicott, L50, M|100/100
|switch|p1b: BIG BODY BENZ|Baxcalibur, L50, M|100/100
|switch|p2a: Torkoal|Torkoal, L50, F|100/100
|switch|p2b: Jumpluff|Jumpluff, L50, M|100/100
|-weather|SunnyDay|[from] ability: Drought|[of] p2a: Torkoal
|turn|1
|
|t:|1756293847
|-terastallize|p2b: Jumpluff|Poison
|move|p1b: BIG BODY BENZ|Ice Shard|p2b: Jumpluff
|-damage|p2b: Jumpluff|70/100
|move|p2b: Jumpluff|Tailwind|p2b: Jumpluff
|-sidestart|p2: chikondi|move: Tailwind
|move|p1a: Whimsicott|Moonblast|p2a: Torkoal
|-resisted|p2a: Torkoal
|-damage|p2a: Torkoal|84/100
|-unboost|p2a: Torkoal|spa|1
|-enditem|p2a: Torkoal|Eject Pack
|
|t:|1756293861
|switch|p2a: Typhlosion|Typhlosion-Hisui, L50, M|100/100
|
|-weather|SunnyDay|[upkeep]
|upkeep
|turn|2
|
|t:|1756293924
|switch|p1b: Annihilape|Annihilape, L50, M|100/100
|-terastallize|p1a: Whimsicott|Water
|move|p1a: Whimsicott|Tailwind|p1a: Whimsicott
|-sidestart|p1: YungDungBeetle|move: Tailwind
|move|p2b: Jumpluff|Sleep Powder|p1a: Whimsicott|[miss]
|-miss|p2b: Jumpluff|p1a: Whimsicott
|move|p2a: Typhlosion|Eruption|p1b: Annihilape|[spread] p1a,p1b
|-resisted|p1a: Whimsicott
|-damage|p1a: Whimsicott|1/100
|-enditem|p1b: Annihilape|Focus Sash
|-damage|p1b: Annihilape|1/100
|
|-weather|SunnyDay|[upkeep]
|upkeep
|turn|3
|
|t:|1756293969
|move|p1a: Whimsicott|Worry Seed|p2b: Jumpluff
|-ability|p2b: Jumpluff|Insomnia|Chlorophyll|[from] move: Worry Seed
|move|p2b: Jumpluff|Leaf Storm|p1b: Annihilape
|-damage|p1b: Annihilape|0 fnt
|-unboost|p2b: Jumpluff|spa|2
|faint|p1b: Annihilape
|move|p2a: Typhlosion|Eruption|p1a: Whimsicott
|-resisted|p1a: Whimsicott
|-damage|p1a: Whimsicott|0 fnt
|faint|p1a: Whimsicott
|
|-weather|SunnyDay|[upkeep]
|upkeep
|c|‚òÜYungDungBeetle|Is your typhlosion modest or timid
|c|‚òÜYungDungBeetle|basically I wanna know if I would‚Äôve outspend
|c|‚òÜYungDungBeetle|outsped*
|
|t:|1756294009
|switch|p1b: BIG BODY BENZ|Baxcalibur, L50, M|100/100
|switch|p1a: REDRUM|Arcanine-Hisui, L50, M|100/100
|-ability|p1a: REDRUM|Intimidate|boost
|-unboost|p2a: Typhlosion|atk|1
|-unboost|p2b: Jumpluff|atk|1
|turn|4
|c|‚òÜchikondi|modest
|c|‚òÜYungDungBeetle|Damn so I would‚Äôve
|c|‚òÜYungDungBeetle|That‚Äôs okay
|c|‚òÜYungDungBeetle|gg tho
|
|t:|1756294064
|move|p1b: BIG BODY BENZ|Ice Shard|p2a: Typhlosion
|-resisted|p2a: Typhlosion
|-damage|p2a: Typhlosion|83/100
|move|p2b: Jumpluff|Sleep Powder|p1b: BIG BODY BENZ
|-status|p1b: BIG BODY BENZ|slp|[from] move: Sleep Powder
|move|p1a: REDRUM|Rock Slide|p2a: Typhlosion|[spread] p2a,p2b
|-supereffective|p2a: Typhlosion
|-damage|p2a: Typhlosion|11/100
|-damage|p2b: Jumpluff|33/100
|cant|p2a: Typhlosion|flinch
|
|-weather|SunnyDay|[upkeep]
|-sideend|p2: chikondi|move: Tailwind
|upkeep
|turn|5
|
|t:|1756294084
|move|p1a: REDRUM|Rock Slide|p2a: Typhlosion|[spread] p2a,p2b
|-supereffective|p2a: Typhlosion
|-damage|p2a: Typhlosion|0 fnt
|-damage|p2b: Jumpluff|0 fnt
|faint|p2a: Typhlosion
|faint|p2b: Jumpluff
|cant|p1b: BIG BODY BENZ|slp
|
|-weather|none
|-sideend|p1: YungDungBeetle|move: Tailwind
|upkeep
|
|t:|1756294092
|switch|p2b: Torkoal|Torkoal, L50, F|84/100
|switch|p2a: Garchomp|Garchomp, L50, M|100/100
|-weather|SunnyDay|[from] ability: Drought|[of] p2b: Torkoal
|turn|6
|
|t:|1756294137
|move|p2b: Torkoal|Protect|p2b: Torkoal
|-singleturn|p2b: Torkoal|Protect
|-curestatus|p1b: BIG BODY BENZ|slp|[msg]
|move|p1b: BIG BODY BENZ|Ice Shard|p2a: Garchomp
|-supereffective|p2a: Garchomp
|-damage|p2a: Garchomp|7/100
|move|p2a: Garchomp|Dragon Claw|p1b: BIG BODY BENZ
|-supereffective|p1b: BIG BODY BENZ
|-crit|p1b: BIG BODY BENZ
|-damage|p1b: BIG BODY BENZ|0 fnt
|faint|p1b: BIG BODY BENZ
|-damage|p2a: Garchomp|0 fnt|[from] item: Life Orb
|faint|p2a: Garchomp
|move|p1a: REDRUM|Rock Slide|p2b: Torkoal
|-activate|p2b: Torkoal|move: Protect
|
|-weather|SunnyDay|[upkeep]
|upkeep
|turn|7
|c|‚òÜYungDungBeetle|LETS GOOOO
|c|‚òÜYungDungBeetle|BAX YOU PULLED THROUGH
|c|‚òÜYungDungBeetle|I‚ÄôM SO PROUD OF YOU
|
|t:|1756294177
|move|p1a: REDRUM|Rock Slide|p2b: Torkoal
|-supereffective|p2b: Torkoal
|-damage|p2b: Torkoal|33/100
|move|p2b: Torkoal|Overheat|p1a: REDRUM
|-resisted|p1a: REDRUM
|-damage|p1a: REDRUM|76/100
|-unboost|p2b: Torkoal|spa|2
|
|-weather|SunnyDay|[upkeep]
|upkeep
|turn|8
|
|t:|1756294187
|move|p1a: REDRUM|Rock Slide|p2b: Torkoal|[miss]
|-miss|p1a: REDRUM|p2b: Torkoal
|move|p2b: Torkoal|Overheat|p1a: REDRUM
|-resisted|p1a: REDRUM
|-damage|p1a: REDRUM|64/100
|-unboost|p2b: Torkoal|spa|2
|
|-weather|SunnyDay|[upkeep]
|upkeep
|turn|9
|
|t:|1756294197
|move|p1a: REDRUM|Rock Slide|p2b: Torkoal
|-supereffective|p2b: Torkoal
|-damage|p2b: Torkoal|0 fnt
|faint|p2b: Torkoal
|
|win|YungDungBeetle
||chikondi is ready for game 3.
||YungDungBeetle is ready for game 3.
|uhtml|next|Next: Game 3 of 3
|l|‚òÜchikondi
|player|p2|
|l|‚òÜYungDungBeetle
|player|p1|
|j|‚òÜYungDungBeetle
|player|p1|YungDungBeetle|n|
