|j|☆paintleg4cy
|j|☆25th_mang
|html|paintleg4cy25th_mang    
|uhtml|bestof|Game 1 of a best-of-3
|t:|1782367982
|gametype|doubles
|player|p1|paintleg4cy|dawn-gen4pt|1211
|player|p2|25th_mang|ballguy|1221
|gen|9
|tier|[Gen 9 Champions] VGC 2026 Reg M-B (Bo3)
|rated|
|rule|Species Clause: Limit one of each Pokémon
|rule|Item Clause: Limit 1 of each item
|clearpoke
|poke|p1|Swampert, L50, M, shiny|
|poke|p1|Pelipper, L50, M, shiny|
|poke|p1|Archaludon, L50, M, shiny|
|poke|p1|Grimmsnarl, L50, M, shiny|
|poke|p1|Eelektross, L50, M, shiny|
|poke|p1|Floette-Eternal, L50, F|
|poke|p2|Crabominable, L50, M|
|poke|p2|Farigiraf, L50, F|
|poke|p2|Incineroar, L50, F|
|poke|p2|Archaludon, L50, M|
|poke|p2|Pelipper, L50, F|
|poke|p2|Sinistcha, L50|
|teampreview|4
|showteam|p1|Swampert||Swampertite|Torrent|WaveCrash,Earthquake,IcePunch,Protect|Adamant||M|||50|]Pelipper||FocusSash|Drizzle|Tailwind,Protect,WeatherBall,Hurricane|Modest||M|||50|]Archaludon||Leftovers|Stamina|ElectroShot,DracoMeteor,FlashCannon,Protect|Calm||M|||50|]Grimmsnarl||LightClay|Prankster|Reflect,LightScreen,SpiritBreak,PartingShot|Careful||M|||50|]Eelektross||LifeOrb|Levitate|Thunder,GigaDrain,Discharge,Protect|Modest||M|||50|]Floette-Eternal||Floettite|FlowerVeil|Moonblast,LightofRuin,DazzlingGleam,Protect|Timid||F|||50|
|showteam|p2|Crabominable||Crabominite|HyperCutter|IceHammer,DrainPunch,Protect,ThunderPunch|Brave||M|||50|]Farigiraf||MentalHerb|ArmorTail|TrickRoom,Psychic,HyperVoice,HelpingHand|Relaxed||F|||50|]Incineroar||Charcoal|Intimidate|FakeOut,FlareBlitz,Assurance,Snarl|Adamant||F|||50|]Archaludon||Magnet|Stalwart|ElectroShot,AuraSphere,DracoMeteor,Protect|Quiet||M|||50|]Pelipper||SharpBeak|Drizzle|Hurricane,WeatherBall,WideGuard,Protect|Modest||F|||50|]Sinistcha||SitrusBerry|Hospitality|MatchaGotcha,RagePowder,LifeDew,TrickRoom|Relaxed|||||50|
|inactive|Battle timer is ON: inactive players will automatically lose when time's up. (requested by 25th_mang)
|inactive|25th_mang has 60 seconds left.
|
|t:|1782368033
|teamsize|p1|4
|teamsize|p2|4
|start
|switch|p1a: Archaludon|Archaludon, L50, M, shiny|100/100
|switch|p1b: Eelektross|Eelektross, L50, M, shiny|100/100
|switch|p2a: My1stRoar|Incineroar, L50, F|100/100
|switch|p2b: My Direction|Sinistcha, L50|100/100
|-ability|p2a: My1stRoar|Intimidate|boost
|-unboost|p1a: Archaludon|atk|1
|-unboost|p1b: Eelektross|atk|1
|turn|1
|
|t:|1782368050
|move|p2a: My1stRoar|Fake Out|p1b: Eelektross
|-damage|p1b: Eelektross|82/100
|move|p1a: Archaludon|Electro Shot||[still]
|-prepare|p1a: Archaludon|Electro Shot
|-boost|p1a: Archaludon|spa|1
|cant|p1b: Eelektross|flinch
|move|p2b: My Direction|Trick Room|p2b: My Direction
|-fieldstart|move: Trick Room|[of] p2b: My Direction
|
|upkeep
|turn|2
|
|t:|1782368073
|switch|p2b: Doomscroll|Archaludon, L50, M|100/100
|switch|p1b: Grimmsnarl|Grimmsnarl, L50, M, shiny|100/100
|move|p2a: My1stRoar|Snarl|p1a: Archaludon|[spread] p1a,p1b
|-resisted|p1b: Grimmsnarl|2
|-crit|p1b: Grimmsnarl
|-damage|p1a: Archaludon|90/100
|-damage|p1b: Grimmsnarl|96/100
|-unboost|p1a: Archaludon|spa|1
|-unboost|p1b: Grimmsnarl|spa|1
|-ability|p1a: Archaludon|Stamina|boost
|-boost|p1a: Archaludon|def|1
|move|p1a: Archaludon|Electro Shot|p2b: Doomscroll|[from] lockedmove
|-resisted|p2b: Doomscroll|1
|-damage|p2b: Doomscroll|78/100
|
|-heal|p1a: Archaludon|96/100|[from] item: Leftovers
|upkeep
|turn|3
|
|t:|1782368096
|move|p1a: Archaludon|Protect|p1a: Archaludon
|-singleturn|p1a: Archaludon|Protect
|move|p1b: Grimmsnarl|Light Screen|p1b: Grimmsnarl
|-sidestart|p1: paintleg4cy|move: Light Screen
|move|p2a: My1stRoar|Snarl|p1b: Grimmsnarl|[spread] p1b
|-activate|p1a: Archaludon|move: Protect
|-resisted|p1b: Grimmsnarl|2
|-damage|p1b: Grimmsnarl|94/100
|-unboost|p1b: Grimmsnarl|spa|1
|move|p2b: Doomscroll|Aura Sphere|p1a: Archaludon
|-activate|p1a: Archaludon|move: Protect
|
|-heal|p1a: Archaludon|100/100|[from] item: Leftovers
|upkeep
|turn|4
|
|t:|1782368109
|move|p1b: Grimmsnarl|Parting Shot|p2b: Doomscroll
|-unboost|p2b: Doomscroll|atk|1
|-unboost|p2b: Doomscroll|spa|1
|
|t:|1782368112
|switch|p1b: Swampert|Swampert, L50, M, shiny|100/100|[from] Parting Shot
|move|p2a: My1stRoar|Snarl|p1a: Archaludon|[spread] p1a,p1b
|-damage|p1a: Archaludon|93/100
|-damage|p1b: Swampert|92/100
|-unboost|p1a: Archaludon|spa|1
|-unboost|p1b: Swampert|spa|1
|-ability|p1a: Archaludon|Stamina|boost
|-boost|p1a: Archaludon|def|1
|move|p2b: Doomscroll|Aura Sphere|p1a: Archaludon
|-supereffective|p1a: Archaludon|1
|-crit|p1a: Archaludon
|-damage|p1a: Archaludon|23/100
|-ability|p1a: Archaludon|Stamina|boost
|-boost|p1a: Archaludon|def|1
|move|p1a: Archaludon|Draco Meteor|p2b: Doomscroll
|-damage|p2b: Doomscroll|35/100
|-unboost|p1a: Archaludon|spa|2
|
|-heal|p1a: Archaludon|29/100|[from] item: Leftovers
|upkeep
|turn|5
|inactive|25th_mang has 30 seconds left.
|
|t:|1782368146
|switch|p2a: My Direction|Sinistcha, L50|100/100
|-heal|p2b: Doomscroll|60/100|[from] ability: Hospitality|[of] p2a: My Direction
|detailschange|p1b: Swampert|Swampert-Mega, L50, M, shiny
|-mega|p1b: Swampert|Swampert|Swampertite
|move|p2b: Doomscroll|Protect|p2b: Doomscroll
|-singleturn|p2b: Doomscroll|Protect
|move|p1a: Archaludon|Protect|p1a: Archaludon
|-singleturn|p1a: Archaludon|Protect
|move|p1b: Swampert|Earthquake|p2a: My Direction|[spread] p2a
|-activate|p1a: Archaludon|move: Protect
|-activate|p2b: Doomscroll|move: Protect
|-resisted|p2a: My Direction|1
|-damage|p2a: My Direction|81/100
|
|-heal|p1a: Archaludon|36/100|[from] item: Leftovers
|-fieldend|move: Trick Room
|upkeep
|turn|6
|
|t:|1782368169
|switch|p2b: My1stRoar|Incineroar, L50, F|100/100
|-ability|p2b: My1stRoar|Intimidate|boost
|-unboost|p1a: Archaludon|atk|1
|-unboost|p1b: Swampert|atk|1
|move|p1b: Swampert|Ice Punch|p2a: My Direction
|-supereffective|p2a: My Direction|1
|-damage|p2a: My Direction|44/100
|-enditem|p2a: My Direction|Sitrus Berry|[eat]
|-heal|p2a: My Direction|69/100|[from] item: Sitrus Berry
|move|p1a: Archaludon|Flash Cannon|p2a: My Direction
|-damage|p2a: My Direction|53/100
|move|p2a: My Direction|Matcha Gotcha|p1a: Archaludon|[spread] p1a,p1b
|-resisted|p1a: Archaludon|2
|-supereffective|p1b: Swampert|2
|-damage|p1a: Archaludon|32/100
|-heal|p2a: My Direction|56/100|[from] drain|[of] p1a: Archaludon
|-damage|p1b: Swampert|27/100
|-heal|p2a: My Direction|88/100|[from] drain|[of] p1b: Swampert
|-status|p1a: Archaludon|brn
|-ability|p1a: Archaludon|Stamina|boost
|-boost|p1a: Archaludon|def|1
|
|-heal|p1a: Archaludon|38/100 brn|[from] item: Leftovers
|-damage|p1a: Archaludon|32/100 brn|[from] brn
|upkeep
|turn|7
|inactive|25th_mang has 30 seconds left.
|
|t:|1782368195
|switch|p1b: Grimmsnarl|Grimmsnarl, L50, M, shiny|94/100
|move|p1a: Archaludon|Draco Meteor|p2a: My Direction
|-damage|p2a: My Direction|66/100
|-unboost|p1a: Archaludon|spa|2
|move|p2b: My1stRoar|Snarl|p1b: Grimmsnarl|[spread] p1b
|-miss|p2b: My1stRoar|p1a: Archaludon
|-resisted|p1b: Grimmsnarl|2
|-damage|p1b: Grimmsnarl|93/100
|-unboost|p1b: Grimmsnarl|spa|1
|move|p2a: My Direction|Matcha Gotcha|p1a: Archaludon|[spread] p1a,p1b
|-resisted|p1a: Archaludon|2
|-damage|p1a: Archaludon|28/100 brn
|-heal|p2a: My Direction|69/100|[from] drain|[of] p1a: Archaludon
|-damage|p1b: Grimmsnarl|78/100
|-heal|p2a: My Direction|76/100|[from] drain|[of] p1b: Grimmsnarl
|-ability|p1a: Archaludon|Stamina|boost
|-boost|p1a: Archaludon|def|1
|
|-heal|p1a: Archaludon|35/100 brn|[from] item: Leftovers
|-damage|p1a: Archaludon|28/100 brn|[from] brn
|upkeep
|turn|8
|
|t:|1782368210
|move|p1a: Archaludon|Draco Meteor|p2a: My Direction
|-damage|p2a: My Direction|58/100
|-unboost|p1a: Archaludon|spa|1
|move|p2b: My1stRoar|Flare Blitz|p1b: Grimmsnarl
|-damage|p1b: Grimmsnarl|5/100
|-damage|p2b: My1stRoar|77/100|[from] Recoil
|move|p1b: Grimmsnarl|Spirit Break|p2a: My Direction
|-damage|p2a: My Direction|34/100
|-unboost|p2a: My Direction|spa|1
|move|p2a: My Direction|Trick Room|p2a: My Direction
|-fieldstart|move: Trick Room|[of] p2a: My Direction
|
|-heal|p1a: Archaludon|35/100 brn|[from] item: Leftovers
|-damage|p1a: Archaludon|28/100 brn|[from] brn
|upkeep
|turn|9
|
|t:|1782368229
|switch|p1b: Eelektross|Eelektross, L50, M, shiny|82/100
|switch|p2b: Hockey Rivalry|Crabominable, L50, M|100/100
|move|p2a: My Direction|Matcha Gotcha|p1b: Eelektross|[spread] p1a,p1b
|-resisted|p1a: Archaludon|2
|-damage|p1a: Archaludon|26/100 brn
|-heal|p2a: My Direction|36/100|[from] drain|[of] p1a: Archaludon
|-damage|p1b: Eelektross|69/100
|-heal|p2a: My Direction|42/100|[from] drain|[of] p1b: Eelektross
|-ability|p1a: Archaludon|Stamina|boost
|-boost|p1a: Archaludon|def|1
|move|p1a: Archaludon|Draco Meteor|p2b: Hockey Rivalry|[miss]
|-miss|p1a: Archaludon|p2b: Hockey Rivalry
|
|-heal|p1a: Archaludon|32/100 brn|[from] item: Leftovers
|-damage|p1a: Archaludon|26/100 brn|[from] brn
|upkeep
|turn|10
|
|t:|1782368254
|switch|p2a: My1stRoar|Incineroar, L50, F|77/100
|-ability|p2a: My1stRoar|Intimidate|boost
|-unboost|p1a: Archaludon|atk|1
|-unboost|p1b: Eelektross|atk|1
|detailschange|p2b: Hockey Rivalry|Crabominable-Mega, L50, M
|-mega|p2b: Hockey Rivalry|Crabominable|Crabominite
|move|p2b: Hockey Rivalry|Ice Hammer|p1b: Eelektross
|-damage|p1b: Eelektross|0 fnt
|-unboost|p2b: Hockey Rivalry|spe|1
|faint|p1b: Eelektross
|move|p1a: Archaludon|Flash Cannon|p2b: Hockey Rivalry
|-supereffective|p2b: Hockey Rivalry|1
|-damage|p2b: Hockey Rivalry|85/100
|
|-heal|p1a: Archaludon|32/100 brn|[from] item: Leftovers
|-damage|p1a: Archaludon|26/100 brn|[from] brn
|-sideend|p1: paintleg4cy|move: Light Screen
|upkeep
|
|t:|1782368262
|switch|p1b: Grimmsnarl|Grimmsnarl, L50, M, shiny|5/100
|turn|11
|
|t:|1782368271
|move|p2a: My1stRoar|Fake Out|p1b: Grimmsnarl
|-damage|p1b: Grimmsnarl|0 fnt
|faint|p1b: Grimmsnarl
|move|p2b: Hockey Rivalry|Drain Punch|p1a: Archaludon
|-supereffective|p1a: Archaludon|1
|-damage|p1a: Archaludon|5/100 brn
|-heal|p2b: Hockey Rivalry|95/100|[from] drain|[of] p1a: Archaludon
|move|p1a: Archaludon|Flash Cannon|p2b: Hockey Rivalry
|-supereffective|p2b: Hockey Rivalry|1
|-damage|p2b: Hockey Rivalry|80/100
|
|-heal|p1a: Archaludon|11/100 brn|[from] item: Leftovers
|-damage|p1a: Archaludon|5/100 brn|[from] brn
|upkeep
|
|t:|1782368276
|switch|p1b: Swampert|Swampert-Mega, L50, M, shiny|27/100
|turn|12
|
|t:|1782368285
|move|p1a: Archaludon|Protect|p1a: Archaludon
|-singleturn|p1a: Archaludon|Protect
|move|p1b: Swampert|Protect|p1b: Swampert
|-singleturn|p1b: Swampert|Protect
|move|p2b: Hockey Rivalry|Drain Punch|p1b: Swampert
|-activate|p1b: Swampert|move: Protect
|move|p2a: My1stRoar|Assurance|p1b: Swampert
|-activate|p1b: Swampert|move: Protect
|
|-heal|p1a: Archaludon|11/100 brn|[from] item: Leftovers
|-damage|p1a: Archaludon|5/100 brn|[from] brn
|-fieldend|move: Trick Room
|upkeep
|turn|13
|
|t:|1782368302
|switch|p2a: My Direction|Sinistcha, L50|42/100
|-heal|p2b: Hockey Rivalry|100/100|[from] ability: Hospitality|[of] p2a: My Direction
|move|p1b: Swampert|Wave Crash|p2a: My Direction
|-resisted|p2a: My Direction|1
|-damage|p2a: My Direction|15/100
|-damage|p1b: Swampert|18/100|[from] Recoil
|move|p1a: Archaludon|Flash Cannon|p2b: Hockey Rivalry
|-supereffective|p2b: Hockey Rivalry|1
|-damage|p2b: Hockey Rivalry|87/100
|move|p2b: Hockey Rivalry|Drain Punch|p1b: Swampert
|-damage|p1b: Swampert|0 fnt
|-heal|p2b: Hockey Rivalry|95/100|[from] drain|[of] p1b: Swampert
|faint|p1b: Swampert
|
|-heal|p1a: Archaludon|11/100 brn|[from] item: Leftovers
|-damage|p1a: Archaludon|5/100 brn|[from] brn
|upkeep
|turn|14
|-message|paintleg4cy forfeited.
|
|win|25th_mang
|l|☆paintleg4cy
|player|p1|
||paintleg4cy is ready for game 2.
|inactive|25th_mang has 30 seconds to confirm battle start!
||25th_mang is ready for game 2.
|uhtml|next|Next: Game 2 of 3
