|j|☆Read4O
|j|☆ferpshowdown
|html|Read4Oferpshowdown    
|uhtml|bestof|Game 1 of a best-of-3
|t:|1783102650
|gametype|doubles
|player|p1|Read4O|iris|1120
|player|p2|ferpshowdown|lucas|1160
|gen|9
|tier|[Gen 9 Champions] VGC 2026 Reg M-B (Bo3)
|rated|
|rule|Species Clause: Limit one of each Pokémon
|rule|Item Clause: Limit 1 of each item
|clearpoke
|poke|p1|Farigiraf, L50, M|
|poke|p1|Kangaskhan, L50, F|
|poke|p1|Drampa, L50, F|
|poke|p1|Metagross, L50|
|poke|p1|Kingambit, L50, M|
|poke|p1|Beedrill, L50, M, shiny|
|poke|p2|Charizard, L50, F|
|poke|p2|Garchomp, L50, M|
|poke|p2|Aerodactyl, L50, M|
|poke|p2|Farigiraf, L50, F|
|poke|p2|Kingambit, L50, F|
|poke|p2|Sylveon, L50, M|
|teampreview|4
|showteam|p1|Farigiraf||SitrusBerry|ArmorTail|TrickRoom,Thunderbolt,TwinBeam,HelpingHand|Relaxed||M|||50|]Kangaskhan||SilkScarf|Scrappy|FakeOut,LastResort|Brave||F|||50|]Drampa||Drampanite|CloudNine|EarthPower,Protect,HyperVoice,DragonPulse|Quiet||F|||50|]Metagross||LifeOrb|ClearBody|IronHead,Protect,PsychicFangs,ShadowClaw|Sassy|||||50|]Kingambit||ChopleBerry|Defiant|SwordsDance,KowtowCleave,SuckerPunch,Protect|Brave||M|||50|]Beedrill||Beedrillite|Swarm|DrillRun,Protect,PoisonJab,Uturn|Adamant||M|||50|
|showteam|p2|Charizard||CharizarditeY|Blaze|HeatWave,WeatherBall,SolarBeam,Protect|Modest||F|||50|]Garchomp||LifeOrb|RoughSkin|DragonClaw,Earthquake,RockSlide,Protect|Jolly||M|||50|]Aerodactyl||Aerodactylite|Unnerve|RockSlide,DualWingbeat,IceFang,Tailwind|Jolly||M|||50|]Farigiraf||SitrusBerry|ArmorTail|Psychic,Thunderbolt,SunnyDay,TrickRoom|Bold||F|||50|]Kingambit||FocusSash|Defiant|KowtowCleave,IronHead,SuckerPunch,LowKick|Adamant||F|||50|]Sylveon||FairyFeather|Pixilate|HyperVoice,HyperBeam,QuickAttack,Protect|Modest||M|||50|
|
|t:|1783102700
|teamsize|p1|4
|teamsize|p2|4
|start
|switch|p1a: Farigiraf|Farigiraf, L50, M|100/100
|switch|p1b: Kangaskhan|Kangaskhan, L50, F|100/100
|switch|p2a: Kingambit|Kingambit, L50, F|100/100
|switch|p2b: Sylveon|Sylveon, L50, M|100/100
|turn|1
|
|t:|1783102714
|move|p1b: Kangaskhan|Fake Out|p2a: Kingambit
|-resisted|p2a: Kingambit|1
|-damage|p2a: Kingambit|89/100
|cant|p2a: Kingambit|flinch
|move|p2b: Sylveon|Hyper Beam|p1a: Farigiraf
|-damage|p1a: Farigiraf|0 fnt
|-mustrecharge|p2b: Sylveon
|faint|p1a: Farigiraf
|
|upkeep
|
|t:|1783102739
|switch|p1a: Kingambit|Kingambit, L50, M|100/100
|turn|2
|
|t:|1783102757
|move|p2a: Kingambit|Low Kick|p1a: Kingambit
|-supereffective|p1a: Kingambit|2
|-enditem|p1a: Kingambit|Chople Berry|[eat]
|-enditem|p1a: Kingambit|Chople Berry|[weaken]
|-damage|p1a: Kingambit|45/100
|move|p1b: Kangaskhan|Last Resort|p2b: Sylveon
|-damage|p2b: Sylveon|14/100
|cant|p2b: Sylveon|recharge
|move|p1a: Kingambit|Swords Dance|p1a: Kingambit
|-boost|p1a: Kingambit|atk|2
|
|upkeep
|turn|3
|
|t:|1783102781
|move|p1a: Kingambit|Protect|p1a: Kingambit
|-singleturn|p1a: Kingambit|Protect
|move|p2a: Kingambit|Low Kick|p1a: Kingambit
|-activate|p1a: Kingambit|move: Protect
|move|p1b: Kangaskhan|Last Resort|p2b: Sylveon
|-damage|p2b: Sylveon|0 fnt
|faint|p2b: Sylveon
|
|upkeep
|
|t:|1783102789
|switch|p2b: Charizard|Charizard, L50, F|100/100
|turn|4
|inactive|Battle timer is ON: inactive players will automatically lose when time's up. (requested by Read4O)
|
|t:|1783102800
|detailschange|p2b: Charizard|Charizard-Mega-Y, L50, F
|-mega|p2b: Charizard|Charizard|Charizardite Y
|-weather|SunnyDay|[from] ability: Drought|[of] p2b: Charizard
|move|p1a: Kingambit|Sucker Punch|p2a: Kingambit
|-resisted|p2a: Kingambit|1
|-damage|p2a: Kingambit|52/100
|move|p2b: Charizard|Weather Ball|p1b: Kangaskhan
|-damage|p1b: Kangaskhan|23/100
|move|p2a: Kingambit|Low Kick|p1a: Kingambit
|-supereffective|p1a: Kingambit|2
|-damage|p1a: Kingambit|0 fnt
|faint|p1a: Kingambit
|move|p1b: Kangaskhan|Last Resort|p2b: Charizard
|-damage|p2b: Charizard|30/100
|
|-weather|SunnyDay|[upkeep]
|upkeep
|
|t:|1783102813
|switch|p1a: Drampa|Drampa, L50, F|100/100
|-ability|p1a: Drampa|Cloud Nine
|turn|5
|
|t:|1783102831
|move|p2b: Charizard|Weather Ball|p1b: Kangaskhan
|-damage|p1b: Kangaskhan|2/100
|move|p2a: Kingambit|Kowtow Cleave|p1a: Drampa
|-damage|p1a: Drampa|40/100
|move|p1b: Kangaskhan|Last Resort|p2b: Charizard
|-damage|p2b: Charizard|0 fnt
|faint|p2b: Charizard
|move|p1a: Drampa|Earth Power|p2a: Kingambit
|-supereffective|p2a: Kingambit|1
|-damage|p2a: Kingambit|0 fnt
|faint|p2a: Kingambit
|
|-weather|SunnyDay|[upkeep]
|upkeep
|
|t:|1783102847
|switch|p2b: Garchomp|Garchomp, L50, M|100/100
|turn|6
|
|t:|1783102867
|detailschange|p1a: Drampa|Drampa-Mega, L50, F
|-mega|p1a: Drampa|Drampa|Drampanite
|move|p2b: Garchomp|Dragon Claw|p1a: Drampa
|-supereffective|p1a: Drampa|1
|-damage|p1a: Drampa|0 fnt
|faint|p1a: Drampa
|-damage|p2b: Garchomp|90/100|[from] item: Life Orb
|move|p1b: Kangaskhan|Last Resort|p2b: Garchomp
|-damage|p2b: Garchomp|18/100
|-damage|p1b: Kangaskhan|0 fnt|[from] ability: Rough Skin|[of] p2b: Garchomp
|faint|p1b: Kangaskhan
|
|win|ferpshowdown
|l|☆Read4O
|player|p1|
||Read4O is ready for game 2.
|inactive|ferpshowdown has 30 seconds to confirm battle start!
||ferpshowdown is ready for game 2.
|uhtml|next|Next: Game 2 of 3
