|j|☆testdigi
|j|☆Servalve
|html|testdigiServalve    
|uhtml|bestof|Game 1 of a best-of-3
|t:|1784907213
|gametype|doubles
|player|p1|testdigi|101|1084
|player|p2|Servalve|102|1102
|gen|9
|tier|[Gen 9 Champions] VGC 2026 Reg M-B (Bo3)
|rated|
|rule|Species Clause: Limit one of each Pokémon
|rule|Item Clause: Limit 1 of each item
|clearpoke
|poke|p1|Raichu, L50, M|
|poke|p1|Sinistcha, L50|
|poke|p1|Corviknight, L50, M|
|poke|p1|Sylveon, L50, M|
|poke|p1|Garchomp, L50, M|
|poke|p1|Tyranitar, L50, F|
|poke|p2|Scrafty, L50, M|
|poke|p2|Morpeko, L50, M|
|poke|p2|Armarouge, L50, F|
|poke|p2|Sinistcha, L50|
|poke|p2|Empoleon, L50, M|
|poke|p2|Whimsicott, L50, F|
|teampreview|4
|showteam|p1|Raichu||RaichuniteY|LightningRod|ZapCannon,FocusBlast,FakeOut,Protect|Timid||M|||50|]Sinistcha||KasibBerry|Hospitality|MatchaGotcha,ShadowBall,RagePowder,Protect|Modest|||||50|]Corviknight||OccaBerry|MirrorArmor|IronHead,BraveBird,Tailwind,Protect|Adamant||M|||50|]Sylveon||FairyFeather|Pixilate|HyperVoice,QuickAttack,Yawn,Detect|Modest||M|||50|]Garchomp||SitrusBerry|RoughSkin|DragonClaw,StompingTantrum,RockSlide,Protect|Adamant||M|||50|]Tyranitar||FocusSash|SandStream|RockSlide,KnockOff,Superpower,Protect|Adamant||F|||50|
|showteam|p2|Scrafty||Scraftinite|Intimidate|FakeOut,KnockOff,DrainPunch,CloseCombat|Adamant||M|||50|]Morpeko||FocusSash|HungerSwitch|AuraWheel,Protect,FakeOut,Taunt|Jolly||M|||50|]Armarouge||Leftovers|FlashFire|ArmorCannon,Psychic,TrickRoom,WideGuard|Quiet||F|||50|]Sinistcha||KasibBerry|Hospitality|MatchaGotcha,RagePowder,TrickRoom,Protect|Modest|||||50|]Empoleon||SitrusBerry|Competitive|Protect,FlashCannon,IceBeam,HydroPump|Modest||M|||50|]Whimsicott||WhiteHerb|Prankster|Tailwind,Moonblast,Encore,Protect|Calm||F|||50|
|inactive|Battle timer is ON: inactive players will automatically lose when time's up. (requested by Servalve)
|
|t:|1784907260
|teamsize|p1|4
|teamsize|p2|4
|start
|switch|p1a: Corviknight|Corviknight, L50, M|100/100
|switch|p1b: Raichu|Raichu, L50, M|100/100
|switch|p2a: Morpeko|Morpeko, L50, M|100/100
|switch|p2b: Empoleon|Empoleon, L50, M|100/100
|turn|1
|inactive|testdigi has 30 seconds left.
|
|t:|1784907286
|detailschange|p1b: Raichu|Raichu-Mega-Y, L50, M
|-mega|p1b: Raichu|Raichu|Raichunite Y
|move|p2b: Empoleon|Protect|p2b: Empoleon
|-singleturn|p2b: Empoleon|Protect
|move|p1b: Raichu|Zap Cannon|p2b: Empoleon
|-activate|p2b: Empoleon|move: Protect
|move|p2a: Morpeko|Aura Wheel|p1a: Corviknight
|-supereffective|p1a: Corviknight|1
|-damage|p1a: Corviknight|14/100
|-boost|p2a: Morpeko|spe|1
|move|p1a: Corviknight|Tailwind|p1a: Corviknight
|-sidestart|p1: testdigi|move: Tailwind
|
|-formechange|p2a: Morpeko|Morpeko-Hangry|
|upkeep
|turn|2
|inactive|Servalve has 30 seconds left.
|
|t:|1784907311
|switch|p2b: Whimsicott|Whimsicott, L50, F|100/100
|move|p1b: Raichu|Zap Cannon|p2b: Whimsicott
|-resisted|p2b: Whimsicott|1
|-damage|p2b: Whimsicott|67/100
|-status|p2b: Whimsicott|par
|move|p2a: Morpeko|Aura Wheel|p1b: Raichu
|-damage|p1b: Raichu|21/100
|-boost|p2a: Morpeko|spe|1
|move|p1a: Corviknight|Brave Bird|p2a: Morpeko
|-resisted|p2a: Morpeko|1
|-damage|p2a: Morpeko|45/100
|-damage|p1a: Corviknight|2/100|[from] Recoil
|
|-formechange|p2a: Morpeko|Morpeko|
|upkeep
|turn|3
|inactive|testdigi has 30 seconds left.
|inactive|testdigi has 20 seconds left.
|inactive|testdigi has 15 seconds left.
|
|t:|1784907352
|move|p2b: Whimsicott|Protect|p2b: Whimsicott
|-singleturn|p2b: Whimsicott|Protect
|move|p1b: Raichu|Protect|p1b: Raichu
|-singleturn|p1b: Raichu|Protect
|move|p2a: Morpeko|Protect|p2a: Morpeko
|-singleturn|p2a: Morpeko|Protect
|move|p1a: Corviknight|Iron Head|p2b: Whimsicott
|-activate|p2b: Whimsicott|move: Protect
|
|-formechange|p2a: Morpeko|Morpeko-Hangry|
|upkeep
|turn|4
|
|t:|1784907372
|switch|p1b: Garchomp|Garchomp, L50, M|100/100
|cant|p2b: Whimsicott|par
|move|p2a: Morpeko|Aura Wheel|p1b: Garchomp
|-damage|p1b: Garchomp|64/100
|-boost|p2a: Morpeko|spe|1
|move|p1a: Corviknight|Iron Head|p2b: Whimsicott
|-supereffective|p2b: Whimsicott|1
|-damage|p2b: Whimsicott|1/100 par
|
|-sideend|p1: testdigi|move: Tailwind
|-formechange|p2a: Morpeko|Morpeko|
|upkeep
|turn|5
|inactive|Servalve has 30 seconds left.
|
|t:|1784907398
|move|p2a: Morpeko|Protect|p2a: Morpeko
|-singleturn|p2a: Morpeko|Protect
|move|p1b: Garchomp|Stomping Tantrum|p2a: Morpeko
|-activate|p2a: Morpeko|move: Protect
|move|p1a: Corviknight|Tailwind|p1a: Corviknight
|-sidestart|p1: testdigi|move: Tailwind
|move|p2b: Whimsicott|Moonblast|p1b: Garchomp
|-supereffective|p1b: Garchomp|1
|-damage|p1b: Garchomp|16/100
|-enditem|p1b: Garchomp|Sitrus Berry|[eat]
|-heal|p1b: Garchomp|41/100|[from] item: Sitrus Berry
|
|-formechange|p2a: Morpeko|Morpeko-Hangry|
|upkeep
|turn|6
|
|t:|1784907419
|move|p2b: Whimsicott|Tailwind|p2b: Whimsicott
|-sidestart|p2: Servalve|move: Tailwind
|move|p2a: Morpeko|Aura Wheel|p1b: Garchomp
|-damage|p1b: Garchomp|3/100
|-boost|p2a: Morpeko|spe|1
|move|p1b: Garchomp|Stomping Tantrum|p2a: Morpeko
|-supereffective|p2a: Morpeko|1
|-damage|p2a: Morpeko|0 fnt
|faint|p2a: Morpeko
|move|p1a: Corviknight|Iron Head|p2b: Whimsicott
|-supereffective|p2b: Whimsicott|1
|-damage|p2b: Whimsicott|0 fnt
|faint|p2b: Whimsicott
|
|upkeep
|
|t:|1784907427
|switch|p2a: Scrafty|Scrafty, L50, M|100/100
|switch|p2b: Empoleon|Empoleon, L50, M|100/100
|-ability|p2a: Scrafty|Intimidate|boost
|-ability|p1a: Corviknight|Mirror Armor
|-unboost|p2a: Scrafty|atk|1
|-unboost|p1b: Garchomp|atk|1
|turn|7
|
|t:|1784907445
|move|p2a: Scrafty|Fake Out|p1b: Garchomp
|-damage|p1b: Garchomp|0 fnt
|-damage|p2a: Scrafty|87/100|[from] ability: Rough Skin|[of] p1b: Garchomp
|faint|p1b: Garchomp
|move|p1a: Corviknight|Brave Bird|p2a: Scrafty
|-supereffective|p2a: Scrafty|1
|-damage|p2a: Scrafty|0 fnt
|faint|p2a: Scrafty
|-damage|p1a: Corviknight|0 fnt|[from] Recoil
|faint|p1a: Corviknight
|move|p2b: Empoleon|Ice Beam|p1: Corviknight|[notarget]
|-fail|p2b: Empoleon
|
|upkeep
|
|t:|1784907448
|switch|p1b: Tyranitar|Tyranitar, L50, F|100/100
|switch|p1a: Raichu|Raichu-Mega-Y, L50, M|21/100
|-weather|Sandstorm|[from] ability: Sand Stream|[of] p1b: Tyranitar
|turn|8
|
|t:|1784907455
|move|p1a: Raichu|Zap Cannon|p2b: Empoleon
|-supereffective|p2b: Empoleon|1
|-crit|p2b: Empoleon
|-damage|p2b: Empoleon|0 fnt
|faint|p2b: Empoleon
|
|win|testdigi
|l|☆Servalve
|player|p2|
||testdigi is ready for game 2.
||Servalve is ready for game 2.
|uhtml|next|Next: Game 2 of 3
