|j|☆mocha gob
|j|☆Furbyx
|html|mocha gobFurbyx    
|uhtml|bestof|Game 1 of a best-of-3
|t:|1783022778
|gametype|doubles
|player|p1|mocha gob|hiker|1087
|player|p2|Furbyx|265|1038
|gen|9
|tier|[Gen 9 Champions] VGC 2026 Reg M-B (Bo3)
|rated|
|rule|Species Clause: Limit one of each Pokémon
|rule|Item Clause: Limit 1 of each item
|clearpoke
|poke|p1|Raichu, L50, F|
|poke|p1|Staraptor, L50, M|
|poke|p1|Whimsicott, L50, M|
|poke|p1|Weavile, L50, M|
|poke|p1|Incineroar, L50, F|
|poke|p1|Skeledirge, L50, M|
|poke|p2|Pelipper, L50, F|
|poke|p2|Venusaur, L50, M|
|poke|p2|Archaludon, L50, M|
|poke|p2|Lycanroc-Dusk, L50, M|
|poke|p2|Swampert, L50, F|
|poke|p2|Hydreigon, L50, M|
|teampreview|4
|showteam|p1|Raichu||RaichuniteY|LightningRod|ZapCannon,FocusBlast,NastyPlot,Protect|Timid||F|||50|]Staraptor||Staraptite|Intimidate|CloseCombat,BraveBird,Roost,Protect|Adamant||M|||50|]Whimsicott||MentalHerb|Prankster|Tailwind,SunnyDay,Moonblast,Charm|Bold||M|||50|]Weavile||FocusSash|Pressure|FakeOut,IceSpinner,KnockOff,IceShard|Jolly||M|||50|]Incineroar||SitrusBerry|Intimidate|FakeOut,FlareBlitz,DarkestLariat,PartingShot|Adamant||F|||50|]Skeledirge||Leftovers|Unaware|TorchSong,HeatWave,ShadowBall,Protect|Serious||M|||50|
|showteam|p2|Pelipper||SitrusBerry|Drizzle|WeatherBall,Hurricane,WideGuard,Tailwind|Modest||F|||50|]Venusaur||Venusaurite|Overgrow|Protect,EarthPower,SludgeBomb,GigaDrain|Modest||M|||50|]Archaludon||Leftovers|Stamina|Protect,ElectroShot,DragonPulse,FlashCannon|Modest||M|||50|]Lycanroc-Dusk||FocusSash|ToughClaws|Protect,RockSlide,CloseCombat,Accelerock|Adamant||M|||50|]Swampert||Swampertite|Torrent|Protect,WaveCrash,Earthquake,IcePunch|Adamant||F|||50|]Hydreigon||ChoiceScarf|Levitate|DracoMeteor,DarkPulse,Taunt,Snarl|Modest||M|||50|
|inactive|Battle timer is ON: inactive players will automatically lose when time's up. (requested by mocha gob)
|inactive|Furbyx has 60 seconds left.
|
|t:|1783022831
|teamsize|p1|4
|teamsize|p2|4
|start
|switch|p1a: Staraptor|Staraptor, L50, M|100/100
|switch|p1b: Whimsicott|Whimsicott, L50, M|100/100
|switch|p2a: Pelipper|Pelipper, L50, F|100/100
|switch|p2b: Archaludon|Archaludon, L50, M|100/100
|-ability|p1a: Staraptor|Intimidate|boost
|-unboost|p2a: Pelipper|atk|1
|-unboost|p2b: Archaludon|atk|1
|-weather|RainDance|[from] ability: Drizzle|[of] p2a: Pelipper
|turn|1
|
|t:|1783022851
|detailschange|p1a: Staraptor|Staraptor-Mega, L50, M
|-mega|p1a: Staraptor|Staraptor|Staraptite
|move|p2b: Archaludon|Protect|p2b: Archaludon
|-singleturn|p2b: Archaludon|Protect
|move|p1b: Whimsicott|Sunny Day|p1b: Whimsicott
|-weather|SunnyDay
|move|p1a: Staraptor|Close Combat|p2b: Archaludon
|-activate|p2b: Archaludon|move: Protect
|move|p2a: Pelipper|Hurricane|p1a: Staraptor
|-supereffective|p1a: Staraptor|1
|-damage|p1a: Staraptor|8/100
|
|-weather|SunnyDay|[upkeep]
|upkeep
|turn|2
|inactive|Furbyx has 30 seconds left.
|
|t:|1783022885
|switch|p2b: Swampert|Swampert, L50, F|100/100
|move|p1b: Whimsicott|Charm|p1a: Staraptor
|-boost|p1a: Staraptor|atk|2
|move|p1a: Staraptor|Close Combat|p2b: Swampert
|-damage|p2b: Swampert|0 fnt
|-boost|p1a: Staraptor|def|1
|-boost|p1a: Staraptor|spd|1
|faint|p2b: Swampert
|move|p2a: Pelipper|Weather Ball|p1a: Staraptor
|-damage|p1a: Staraptor|0 fnt
|faint|p1a: Staraptor
|
|-weather|SunnyDay|[upkeep]
|upkeep
|
|t:|1783022899
|switch|p1a: Incineroar|Incineroar, L50, F|100/100
|switch|p2b: Hydreigon|Hydreigon, L50, M|100/100
|-ability|p1a: Incineroar|Intimidate|boost
|-unboost|p2a: Pelipper|atk|1
|-unboost|p2b: Hydreigon|atk|1
|turn|3
|inactive|Furbyx has 30 seconds left.
|
|t:|1783022925
|switch|p2b: Archaludon|Archaludon, L50, M|100/100
|move|p1a: Incineroar|Fake Out|p2b: Archaludon
|-resisted|p2b: Archaludon|1
|-damage|p2b: Archaludon|94/100
|-ability|p2b: Archaludon|Stamina|boost
|-boost|p2b: Archaludon|def|1
|move|p1b: Whimsicott|Moonblast|p2b: Archaludon
|-damage|p2b: Archaludon|60/100
|-ability|p2b: Archaludon|Stamina|boost
|-boost|p2b: Archaludon|def|1
|move|p2a: Pelipper|Weather Ball|p1b: Whimsicott
|-supereffective|p1b: Whimsicott|1
|-damage|p1b: Whimsicott|5/100
|
|-weather|SunnyDay|[upkeep]
|-heal|p2b: Archaludon|66/100|[from] item: Leftovers
|upkeep
|turn|4
|inactive|Furbyx has 30 seconds left.
|l|☆mocha gob
|inactive|mocha gob disconnected and has a minute to reconnect!
|player|p1|
|
|t:|1783022958
|switch|p1b: Skeledirge|Skeledirge, L50, M|100/100
|switch|p2a: Hydreigon|Hydreigon, L50, M|100/100
|move|p2b: Archaludon|Flash Cannon|p1b: Skeledirge
|-resisted|p1b: Skeledirge|1
|-damage|p1b: Skeledirge|76/100
|move|p1a: Incineroar|Parting Shot|p2b: Archaludon
|-unboost|p2b: Archaludon|atk|1
|-unboost|p2b: Archaludon|spa|1
|j|☆mocha gob
|inactive|mocha gob reconnected and has 50 seconds left.
|player|p1|mocha gob|hiker|
|
|t:|1783022971
|switch|p1a: Whimsicott|Whimsicott, L50, M|5/100|[from] Parting Shot
|
|-weather|SunnyDay|[upkeep]
|-heal|p2b: Archaludon|72/100|[from] item: Leftovers
|-heal|p1b: Skeledirge|83/100|[from] item: Leftovers
|upkeep
|turn|5
|
|t:|1783022994
|move|p1a: Whimsicott|Sunny Day||[still]
|-fail|p1a: Whimsicott
|move|p2a: Hydreigon|Dark Pulse|p1b: Skeledirge
|-supereffective|p1b: Skeledirge|1
|-damage|p1b: Skeledirge|0 fnt
|faint|p1b: Skeledirge
|move|p2b: Archaludon|Flash Cannon|p1a: Whimsicott
|-supereffective|p1a: Whimsicott|1
|-damage|p1a: Whimsicott|0 fnt
|faint|p1a: Whimsicott
|
|-weather|none
|-heal|p2b: Archaludon|79/100|[from] item: Leftovers
|upkeep
|-message|mocha gob forfeited.
|
|win|Furbyx
|l|☆mocha gob
|player|p1|
