|j|☆Aki nakaha
|j|☆Imanol Alguacil
|html|Aki nakahaImanol Alguacil    
|uhtml|bestof|Game 1 of a best-of-3
|t:|1756728005
|gametype|doubles
|player|p1|Aki nakaha|lucas|1000
|player|p2|Imanol Alguacil|hiker-gen7|1045
|gen|9
|tier|[Gen 9] VGC 2025 Reg H (Bo3)
|rated|
|rule|Species Clause: Limit one of each Pokémon
|rule|Item Clause: Limit 1 of each item
|clearpoke
|poke|p1|Annihilape, L50, M|
|poke|p1|Sneasler, L50, M|
|poke|p1|Rillaboom, L50, M|
|poke|p1|Incineroar, L50, M|
|poke|p1|Amoonguss, L50, M|
|poke|p1|Blaziken, L50, M|
|poke|p2|Murkrow, L50, F|
|poke|p2|Gholdengo, L50|
|poke|p2|Slowking-Galar, L50, M|
|poke|p2|Sinistcha, L50|
|poke|p2|Ursaluna, L50, F|
|poke|p2|Kingambit, L50, F|
|teampreview|4
|showteam|p1|Annihilape||Leftovers|Defiant|DrainPunch,RageFist,BulkUp,Protect|||M|||50|,,,,,Fire]Sneasler||FocusSash|PoisonTouch|DireClaw,CloseCombat,Protect,FakeOut|||M|||50|,,,,,Stellar]Rillaboom||AssaultVest|GrassySurge|WoodHammer,DrumBeating,Uturn,FakeOut|||M|||50|,,,,,Poison]Incineroar||CovertCloak|Intimidate|FlareBlitz,KnockOff,PartingShot,FakeOut|||M|||50|,,,,,Fire]Amoonguss||RockyHelmet|Regenerator|Spore,RagePowder,PollenPuff,Protect|||M|||50|,,,,,Water]Blaziken||MentalHerb|SpeedBoost|Detect,Coaching,BulkUp,BatonPass|||M|||50|,,,,,Electric
|showteam|p2|Murkrow||Eviolite|Prankster|Tailwind,Haze,FeatherDance,RainDance|||F|||50|,,,,,Ghost]Gholdengo||ChoiceSpecs|GoodasGold|MakeItRain,Trick,ShadowBall,Thunderbolt||||||50|,,,,,Steel]Slowking-Galar||LifeOrb|CuriousMedicine|Protect,SludgeBomb,Psychic,Flamethrower|||M|||50|,,,,,Poison]Sinistcha||SitrusBerry|Hospitality|RagePowder,MatchaGotcha,TrickRoom,StrengthSap||||||50|,,,,,Dark]Ursaluna||FlameOrb|Guts|Protect,Facade,Earthquake,HeadlongRush|||F|||50|,,,,,Ghost]Kingambit||BlackGlasses|Defiant|Protect,SuckerPunch,KowtowCleave,SwordsDance|||F|||50|,,,,,Dark
|inactive|Battle timer is ON: inactive players will automatically lose when time's up. (requested by Imanol Alguacil)
|inactive|Aki nakaha also wants the timer to be on.
|j| Ferchoxx
|inactive|Aki nakaha has 60 seconds left.
|inactive|Imanol Alguacil has 60 seconds left.
|
|t:|1756728055
|teamsize|p1|4
|teamsize|p2|4
|start
|switch|p1a: Blaziken|Blaziken, L50, M|100/100
|switch|p1b: Sneasler|Sneasler, L50, M|100/100
|switch|p2a: Caldo de Puchero|Murkrow, L50, F|100/100
|switch|p2b: Mejillones|Gholdengo, L50|100/100
|turn|1
|inactive|Imanol Alguacil has 30 seconds left.
|inactive|Aki nakaha has 30 seconds left.
|inactive|Imanol Alguacil has 20 seconds left.
|inactive|Aki nakaha has 20 seconds left.
|inactive|Imanol Alguacil has 15 seconds left.
|
|t:|1756728099
|move|p1b: Sneasler|Fake Out|p2a: Caldo de Puchero
|-damage|p2a: Caldo de Puchero|88/100
|-status|p2a: Caldo de Puchero|psn|[from] ability: Poison Touch|[of] p1b: Sneasler
|cant|p2a: Caldo de Puchero|flinch
|move|p2b: Mejillones|Make It Rain|p1a: Blaziken|[spread] p1a,p1b
|-resisted|p1a: Blaziken
|-damage|p1a: Blaziken|63/100
|-enditem|p1b: Sneasler|Focus Sash
|-damage|p1b: Sneasler|1/100
|-unboost|p2b: Mejillones|spa|1
|move|p1a: Blaziken|Coaching|p1b: Sneasler
|-boost|p1b: Sneasler|atk|1
|-boost|p1b: Sneasler|def|1
|
|-damage|p2a: Caldo de Puchero|76/100 psn|[from] psn
|-ability|p1a: Blaziken|Speed Boost|boost
|-boost|p1a: Blaziken|spe|1
|upkeep
|turn|2
|inactive|Aki nakaha has 30 seconds left.
|
|t:|1756728125
|-terastallize|p1a: Blaziken|Electric
|move|p2a: Caldo de Puchero|Tailwind|p2a: Caldo de Puchero
|-sidestart|p2: Imanol Alguacil|move: Tailwind
|move|p2b: Mejillones|Make It Rain|p1b: Sneasler|[spread] p1a,p1b
|-resisted|p1a: Blaziken
|-damage|p1a: Blaziken|38/100
|-damage|p1b: Sneasler|0 fnt
|-unboost|p2b: Mejillones|spa|1
|faint|p1b: Sneasler
|move|p1a: Blaziken|Coaching|p1: Sneasler|[notarget]
|-fail|p1a: Blaziken
|
|-damage|p2a: Caldo de Puchero|64/100 psn|[from] psn
|-ability|p1a: Blaziken|Speed Boost|boost
|-boost|p1a: Blaziken|spe|1
|upkeep
|
|t:|1756728138
|switch|p1b: Rillaboom|Rillaboom, L50, M|100/100
|-fieldstart|move: Grassy Terrain|[from] ability: Grassy Surge|[of] p1b: Rillaboom
|turn|3
|
|t:|1756728147
|switch|p2a: Cúrcuma|Slowking-Galar, L50, M|100/100
|-clearboost|p2b: Mejillones|[from] ability: Curious Medicine|[of] p2a: Cúrcuma
|move|p1b: Rillaboom|Fake Out|p2a: Cúrcuma
|-damage|p2a: Cúrcuma|85/100
|move|p2b: Mejillones|Make It Rain|p1b: Rillaboom|[spread] p1a,p1b
|-resisted|p1a: Blaziken
|-damage|p1a: Blaziken|0 fnt
|-damage|p1b: Rillaboom|45/100
|-unboost|p2b: Mejillones|spa|1
|faint|p1a: Blaziken
|
|-heal|p2a: Cúrcuma|91/100|[from] Grassy Terrain
|-heal|p1b: Rillaboom|51/100|[from] Grassy Terrain
|upkeep
|
|t:|1756728157
|switch|p1a: Annihilape|Annihilape, L50, M|100/100
|turn|4
|
|t:|1756728169
|switch|p2a: Caldo de Puchero|Murkrow, L50, F|64/100 psn
|-terastallize|p2b: Mejillones|Steel
|move|p2b: Mejillones|Make It Rain|p1b: Rillaboom|[spread] p1a,p1b
|-damage|p1a: Annihilape|54/100
|-damage|p1b: Rillaboom|0 fnt
|-unboost|p2b: Mejillones|spa|1
|faint|p1b: Rillaboom
|move|p1a: Annihilape|Rage Fist|p2b: Mejillones
|-damage|p2b: Mejillones|59/100
|
|-heal|p2b: Mejillones|65/100|[from] Grassy Terrain
|-heal|p1a: Annihilape|60/100|[from] Grassy Terrain
|-heal|p1a: Annihilape|66/100|[from] item: Leftovers
|-damage|p2a: Caldo de Puchero|52/100 psn|[from] psn
|upkeep
|turn|5
|
|t:|1756728181
|move|p2a: Caldo de Puchero|Haze|p2a: Caldo de Puchero
|-clearallboost
|move|p2b: Mejillones|Make It Rain|p1a: Annihilape
|-damage|p1a: Annihilape|0 fnt
|-unboost|p2b: Mejillones|spa|1
|faint|p1a: Annihilape
|
|win|Imanol Alguacil
||Aki nakaha is ready for game 2.
