|j|☆1OO% Jesus
|j|☆pandagolin
|html|1OO% Jesuspandagolin    
|uhtml|bestof|Game 1 of a best-of-3
|t:|1783449043
|gametype|doubles
|player|p1|1OO% Jesus|lillie-z|1132
|player|p2|pandagolin|2|1092
|gen|9
|tier|[Gen 9 Champions] VGC 2026 Reg M-B (Bo3)
|rated|
|rule|Species Clause: Limit one of each Pokémon
|rule|Item Clause: Limit 1 of each item
|clearpoke
|poke|p1|Delphox, L50, M|
|poke|p1|Sneasler, L50, M|
|poke|p1|Incineroar, L50, F|
|poke|p1|Sinistcha, L50|
|poke|p1|Maushold-Four, L50|
|poke|p1|Blastoise, L50, M|
|poke|p2|Froslass, L50, F|
|poke|p2|Ninetales-Alola, L50, F|
|poke|p2|Sneasler, L50, M|
|poke|p2|Garchomp, L50, F|
|poke|p2|Arcanine-Hisui, L50, M|
|poke|p2|Tauros-Paldea-Aqua, L50, M|
|teampreview|4
|showteam|p1|Delphox||Delphoxite|Blaze|HeatWave,Psyshock,NastyPlot,Protect|Timid||M|||50|]Sneasler||FocusSash|PoisonTouch|CloseCombat,PoisonJab,FakeOut,QuickGuard|Jolly||M|||50|]Incineroar||SitrusBerry|Intimidate|FlareBlitz,ThroatChop,FakeOut,PartingShot|Impish||F|||50|]Sinistcha||OccaBerry|Hospitality|MatchaGotcha,RagePowder,LifeDew,Protect|Bold|||||50|]Maushold-Four||ChopleBerry|FriendGuard|FollowMe,Feint,HelpingHand,Protect|Impish|||||50|]Blastoise||Blastoisinite|RainDish|WaterSpout,DarkPulse,ShellSmash,Protect|Modest||M|||50|
|showteam|p2|Froslass||Froslassite|CursedBody|Blizzard,ShadowBall,FrostBreath,Protect|Timid||F|||50|]Ninetales-Alola||ChoiceScarf|SnowWarning|Blizzard,Moonblast,FreezeDry,IcyWind|Timid||F|||50|]Sneasler||WhiteHerb|Unburden|CloseCombat,DireClaw,FakeOut,Coaching|Adamant||M|||50|]Garchomp||LifeOrb|RoughSkin|StompingTantrum,DragonClaw,RockSlide,Protect|Jolly||F|||50|]Arcanine-Hisui||FocusSash|RockHead|FlareBlitz,HeadSmash,WillOWisp,Protect|Adamant||M|||50|]Tauros-Paldea-Aqua||MysticWater|AngerPoint|RagingBull,CloseCombat,AquaJet,Protect|Careful||M|||50|
|inactive|Battle timer is ON: inactive players will automatically lose when time's up. (requested by pandagolin)
|inactive|1OO% Jesus has 60 seconds left.
|inactive|1OO% Jesus has 30 seconds left.
|
|t:|1783449112
|teamsize|p1|4
|teamsize|p2|4
|start
|switch|p1a: Blastoise|Blastoise, L50, M|100/100
|switch|p1b: Sneasler|Sneasler, L50, M|100/100
|switch|p2a: Ninetales|Ninetales-Alola, L50, F|100/100
|switch|p2b: Garchomp|Garchomp, L50, F|100/100
|-weather|Snowscape|[from] ability: Snow Warning|[of] p2a: Ninetales
|turn|1
|inactive|1OO% Jesus has 30 seconds left.
|inactive|pandagolin has 30 seconds left.
|inactive|1OO% Jesus has 20 seconds left.
|inactive|pandagolin has 20 seconds left.
|inactive|1OO% Jesus has 15 seconds left.
|
|t:|1783449157
|switch|p1b: Incineroar|Incineroar, L50, F|100/100
|-ability|p1b: Incineroar|Intimidate|boost
|-unboost|p2a: Ninetales|atk|1
|-unboost|p2b: Garchomp|atk|1
|detailschange|p1a: Blastoise|Blastoise-Mega, L50, M
|-mega|p1a: Blastoise|Blastoise|Blastoisinite
|move|p1a: Blastoise|Protect|p1a: Blastoise
|-singleturn|p1a: Blastoise|Protect
|move|p2a: Ninetales|Icy Wind|p1b: Incineroar|[spread] p1b
|-activate|p1a: Blastoise|move: Protect
|-resisted|p1b: Incineroar|1
|-damage|p1b: Incineroar|92/100
|-unboost|p1b: Incineroar|spe|1
|move|p2b: Garchomp|Stomping Tantrum|p1b: Incineroar
|-supereffective|p1b: Incineroar|1
|-damage|p1b: Incineroar|38/100
|-enditem|p1b: Incineroar|Sitrus Berry|[eat]
|-heal|p1b: Incineroar|62/100|[from] item: Sitrus Berry
|-damage|p2b: Garchomp|90/100|[from] item: Life Orb
|
|-weather|Snowscape|[upkeep]
|upkeep
|turn|2
|inactive|1OO% Jesus has 30 seconds left.
|inactive|1OO% Jesus has 20 seconds left.
|inactive|1OO% Jesus has 15 seconds left.
|inactive|1OO% Jesus has 10 seconds left.
|
|t:|1783449204
|move|p1b: Incineroar|Fake Out|p2a: Ninetales
|-damage|p2a: Ninetales|90/100
|cant|p2a: Ninetales|flinch
|move|p2b: Garchomp|Stomping Tantrum|p1b: Incineroar
|-supereffective|p1b: Incineroar|1
|-damage|p1b: Incineroar|7/100
|-damage|p2b: Garchomp|80/100|[from] item: Life Orb
|move|p1a: Blastoise|Shell Smash|p1a: Blastoise
|-unboost|p1a: Blastoise|def|1
|-unboost|p1a: Blastoise|spd|1
|-boost|p1a: Blastoise|atk|2
|-boost|p1a: Blastoise|spa|2
|-boost|p1a: Blastoise|spe|2
|
|-weather|Snowscape|[upkeep]
|upkeep
|turn|3
|
|t:|1783449223
|move|p1a: Blastoise|Protect|p1a: Blastoise
|-singleturn|p1a: Blastoise|Protect
|move|p2a: Ninetales|Icy Wind|p1b: Incineroar|[spread] p1b
|-activate|p1a: Blastoise|move: Protect
|-resisted|p1b: Incineroar|1
|-damage|p1b: Incineroar|0 fnt
|faint|p1b: Incineroar
|move|p2b: Garchomp|Rock Slide|p1a: Blastoise
|-activate|p1a: Blastoise|move: Protect
|
|-weather|Snowscape|[upkeep]
|upkeep
|
|t:|1783449231
|switch|p1b: Sneasler|Sneasler, L50, M|100/100
|turn|4
|
|t:|1783449238
|move|p1b: Sneasler|Fake Out|p2a: Ninetales
|-damage|p2a: Ninetales|77/100
|move|p1a: Blastoise|Water Spout|p2b: Garchomp|[spread] p2a,p2b
|-crit|p2b: Garchomp
|-damage|p2a: Ninetales|0 fnt
|-damage|p2b: Garchomp|0 fnt
|faint|p2a: Ninetales
|faint|p2b: Garchomp
|
|-weather|Snowscape|[upkeep]
|upkeep
|
|t:|1783449245
|switch|p2b: Froslass|Froslass, L50, F|100/100
|switch|p2a: Arcanine|Arcanine-Hisui, L50, M|100/100
|turn|5
|
|t:|1783449269
|detailschange|p2b: Froslass|Froslass-Mega, L50, F
|-mega|p2b: Froslass|Froslass|Froslassite
|move|p2a: Arcanine|Protect|p2a: Arcanine
|-singleturn|p2a: Arcanine|Protect
|move|p1a: Blastoise|Water Spout|p2a: Arcanine|[spread] p2b
|-activate|p2a: Arcanine|move: Protect
|-damage|p2b: Froslass|0 fnt
|faint|p2b: Froslass
|move|p1b: Sneasler|Close Combat|p2a: Arcanine
|-activate|p2a: Arcanine|move: Protect
|
|-weather|none
|upkeep
|turn|6
|
|t:|1783449282
|move|p1a: Blastoise|Water Spout|p2a: Arcanine
|-supereffective|p2a: Arcanine|2
|-enditem|p2a: Arcanine|Focus Sash
|-damage|p2a: Arcanine|1/100
|move|p1b: Sneasler|Close Combat|p2a: Arcanine
|-supereffective|p2a: Arcanine|1
|-damage|p2a: Arcanine|0 fnt
|-unboost|p1b: Sneasler|def|1
|-unboost|p1b: Sneasler|spd|1
|faint|p2a: Arcanine
|
|win|1OO% Jesus
||pandagolin is ready for game 2.
||1OO% Jesus is ready for game 2.
|uhtml|next|Next: Game 2 of 3
