|j|☆free4aldi
|j|☆sweetlysunny
|html|free4aldisweetlysunny    
|uhtml|bestof|Game 1 of a best-of-3
|t:|1783467363
|gametype|doubles
|player|p1|free4aldi|266|1049
|player|p2|sweetlysunny|serena|1116
|gen|9
|tier|[Gen 9 Champions] VGC 2026 Reg M-B (Bo3)
|rated|
|rule|Species Clause: Limit one of each Pokémon
|rule|Item Clause: Limit 1 of each item
|clearpoke
|poke|p1|Staraptor, L50, M|
|poke|p1|Grimmsnarl, L50, M|
|poke|p1|Sinistcha, L50|
|poke|p1|Archaludon, L50, M|
|poke|p1|Pelipper, L50, F|
|poke|p1|Basculegion, L50, M|
|poke|p2|Torkoal, L50, M|
|poke|p2|Pyroar, L50, F|
|poke|p2|Vileplume, L50, M|
|poke|p2|Scrafty, L50, F|
|poke|p2|Farigiraf, L50, F|
|poke|p2|Sylveon, L50, M|
|teampreview|4
|showteam|p1|Staraptor||Staraptite|Intimidate|CloseCombat,BraveBird,Roost,Protect|Jolly||M|||50|]Grimmsnarl||LightClay|Prankster|PartingShot,LightScreen,Reflect,SpiritBreak|Careful||M|||50|]Sinistcha||SitrusBerry|Hospitality|RagePowder,LifeDew,MatchaGotcha,ShadowBall|Calm|||||50|]Archaludon||Leftovers|Stamina|ElectroShot,FlashCannon,DragonPulse,Protect|Modest||M|||50|]Pelipper||FocusSash|Drizzle|Tailwind,WideGuard,Hurricane,WeatherBall|Bold||F|||50|]Basculegion||ChoiceScarf|Adaptability|WaveCrash,LastRespects,FlipTurn,AquaJet|Adamant||M|||50|
|showteam|p2|Torkoal||Charcoal|Drought|HeatWave,Eruption,HelpingHand,Protect|Quiet||M|||50|]Pyroar||Pyroarite|Unnerve|HeatWave,Overheat,ScorchingSands,Protect|Timid||F|||50|]Vileplume||FocusSash|Chlorophyll|EnergyBall,SludgeBomb,SleepPowder,AfterYou|Timid||M|||50|]Scrafty||Scraftinite|Intimidate|FakeOut,CloseCombat,PoisonJab,KnockOff|Brave||F|||50|]Farigiraf||SitrusBerry|ArmorTail|HyperVoice,Psychic,HelpingHand,TrickRoom|Bold||F|||50|]Sylveon||FairyFeather|Pixilate|HyperVoice,HyperBeam,QuickAttack,Protect|Quiet||M|||50|
|inactive|Battle timer is ON: inactive players will automatically lose when time's up. (requested by sweetlysunny)
|c|☆sweetlysunny|aldis!!
|inactive|sweetlysunny has 60 seconds left.
|
|t:|1783467395
|teamsize|p1|4
|teamsize|p2|4
|start
|switch|p1a: Staraptor|Staraptor, L50, M|100/100
|switch|p1b: Grimmsnarl|Grimmsnarl, L50, M|100/100
|switch|p2a: Farigiraf|Farigiraf, L50, F|100/100
|switch|p2b: Scrafty|Scrafty, L50, F|100/100
|-ability|p1a: Staraptor|Intimidate|boost
|-unboost|p2a: Farigiraf|atk|1
|-unboost|p2b: Scrafty|atk|1
|-ability|p2b: Scrafty|Intimidate|boost
|-unboost|p1a: Staraptor|atk|1
|-unboost|p1b: Grimmsnarl|atk|1
|turn|1
|
|t:|1783467415
|detailschange|p1a: Staraptor|Staraptor-Mega, L50, M
|-mega|p1a: Staraptor|Staraptor|Staraptite
|move|p2b: Scrafty|Fake Out|p1a: Staraptor
|-damage|p1a: Staraptor|90/100
|move|p1b: Grimmsnarl|Light Screen|p1b: Grimmsnarl
|-sidestart|p1: free4aldi|move: Light Screen
|cant|p1a: Staraptor|flinch
|move|p2a: Farigiraf|Trick Room|p2a: Farigiraf
|-fieldstart|move: Trick Room|[of] p2a: Farigiraf
|
|upkeep
|turn|2
|
|t:|1783467428
|detailschange|p2b: Scrafty|Scrafty-Mega, L50, F
|-mega|p2b: Scrafty|Scrafty|Scraftinite
|-ability|p2b: Scrafty|Intimidate|boost
|-boost|p1a: Staraptor|atk|1
|-unboost|p1b: Grimmsnarl|atk|1
|move|p1a: Staraptor|Protect|p1a: Staraptor
|-singleturn|p1a: Staraptor|Protect
|move|p2b: Scrafty|Poison Jab|p1b: Grimmsnarl
|-supereffective|p1b: Grimmsnarl|1
|-damage|p1b: Grimmsnarl|59/100
|move|p2a: Farigiraf|Hyper Voice|p1b: Grimmsnarl|[spread] p1b
|-activate|p1a: Staraptor|move: Protect
|-damage|p1b: Grimmsnarl|45/100
|move|p1b: Grimmsnarl|Spirit Break|p2a: Farigiraf
|-damage|p2a: Farigiraf|87/100
|-unboost|p2a: Farigiraf|spa|1
|
|upkeep
|turn|3
|inactive|free4aldi has 30 seconds left.
|
|t:|1783467455
|switch|p1b: Pelipper|Pelipper, L50, F|100/100
|-weather|RainDance|[from] ability: Drizzle|[of] p1b: Pelipper
|move|p2b: Scrafty|Poison Jab|p1a: Staraptor
|-damage|p1a: Staraptor|68/100
|-status|p1a: Staraptor|psn
|move|p2a: Farigiraf|Hyper Voice|p1b: Pelipper|[spread] p1a,p1b
|-damage|p1a: Staraptor|55/100 psn
|-damage|p1b: Pelipper|83/100
|move|p1a: Staraptor|Close Combat|p2b: Scrafty
|-supereffective|p2b: Scrafty|1
|-damage|p2b: Scrafty|0 fnt
|-boost|p1a: Staraptor|def|1
|-boost|p1a: Staraptor|spd|1
|faint|p2b: Scrafty
|
|-weather|RainDance|[upkeep]
|-damage|p1a: Staraptor|42/100 psn|[from] psn
|upkeep
|
|t:|1783467464
|switch|p2b: Torkoal|Torkoal, L50, M|100/100
|-weather|SunnyDay|[from] ability: Drought|[of] p2b: Torkoal
|turn|4
|
|t:|1783467482
|move|p1b: Pelipper|Wide Guard|p1b: Pelipper
|-singleturn|p1b: Pelipper|Wide Guard
|move|p2b: Torkoal|Eruption|p1b: Pelipper|[spread] 
|-activate|p1a: Staraptor|move: Wide Guard
|-activate|p1b: Pelipper|move: Wide Guard
|move|p2a: Farigiraf|Psychic|p1a: Staraptor
|-supereffective|p1a: Staraptor|1
|-damage|p1a: Staraptor|20/100r psn
|move|p1a: Staraptor|Close Combat|p2b: Torkoal
|-damage|p2b: Torkoal|50/100g
|-boost|p1a: Staraptor|def|1
|-boost|p1a: Staraptor|spd|1
|
|-weather|SunnyDay|[upkeep]
|-damage|p1a: Staraptor|7/100 psn|[from] psn
|upkeep
|turn|5
|inactive|free4aldi has 30 seconds left.
|
|t:|1783467509
|switch|p1b: Grimmsnarl|Grimmsnarl, L50, M|45/100
|move|p2b: Torkoal|Heat Wave|p1a: Staraptor|[spread] p1a
|-miss|p2b: Torkoal|p1b: Grimmsnarl
|-damage|p1a: Staraptor|0 fnt
|faint|p1a: Staraptor
|move|p2a: Farigiraf|Psychic|p1b: Grimmsnarl
|-immune|p1b: Grimmsnarl
|
|-weather|SunnyDay|[upkeep]
|-fieldend|move: Trick Room
|upkeep
|
|t:|1783467512
|switch|p1a: Pelipper|Pelipper, L50, F|83/100
|-weather|RainDance|[from] ability: Drizzle|[of] p1a: Pelipper
|turn|6
|
|t:|1783467524
|switch|p1a: Archaludon|Archaludon, L50, M|100/100
|switch|p2b: Sylveon|Sylveon, L50, M|100/100
|move|p1b: Grimmsnarl|Spirit Break|p2a: Farigiraf
|-damage|p2a: Farigiraf|66/100
|-unboost|p2a: Farigiraf|spa|1
|move|p2a: Farigiraf|Trick Room|p2a: Farigiraf
|-fieldstart|move: Trick Room|[of] p2a: Farigiraf
|
|-weather|RainDance|[upkeep]
|upkeep
|turn|7
|
|t:|1783467536
|move|p2b: Sylveon|Hyper Beam|p1a: Archaludon
|-damage|p1a: Archaludon|10/100
|-mustrecharge|p2b: Sylveon
|-ability|p1a: Archaludon|Stamina|boost
|-boost|p1a: Archaludon|def|1
|move|p2a: Farigiraf|Hyper Voice|p1b: Grimmsnarl|[spread] p1a,p1b
|-resisted|p1a: Archaludon|1
|-damage|p1a: Archaludon|5/100
|-damage|p1b: Grimmsnarl|38/100
|-ability|p1a: Archaludon|Stamina|boost
|-boost|p1a: Archaludon|def|1
|move|p1b: Grimmsnarl|Spirit Break|p2b: Sylveon
|-damage|p2b: Sylveon|60/100
|-unboost|p2b: Sylveon|spa|1
|move|p1a: Archaludon|Electro Shot||[still]
|-prepare|p1a: Archaludon|Electro Shot
|-boost|p1a: Archaludon|spa|1
|-anim|p1a: Archaludon|Electro Shot|p2b: Sylveon
|-damage|p2b: Sylveon|13/100
|
|-weather|RainDance|[upkeep]
|-heal|p1a: Archaludon|11/100|[from] item: Leftovers
|upkeep
|turn|8
|inactive|free4aldi has 30 seconds left.
|
|t:|1783467563
|cant|p2b: Sylveon|recharge
|move|p1b: Grimmsnarl|Spirit Break|p2a: Farigiraf
|-damage|p2a: Farigiraf|43/100
|-unboost|p2a: Farigiraf|spa|1
|-enditem|p2a: Farigiraf|Sitrus Berry|[eat]
|-heal|p2a: Farigiraf|68/100|[from] item: Sitrus Berry
|move|p2a: Farigiraf|Psychic|p1a: Archaludon
|-resisted|p1a: Archaludon|1
|-damage|p1a: Archaludon|5/100
|-ability|p1a: Archaludon|Stamina|boost
|-boost|p1a: Archaludon|def|1
|move|p1a: Archaludon|Electro Shot||[still]
|-prepare|p1a: Archaludon|Electro Shot
|-boost|p1a: Archaludon|spa|1
|-anim|p1a: Archaludon|Electro Shot|p2a: Farigiraf
|-damage|p2a: Farigiraf|0 fnt
|faint|p2a: Farigiraf
|
|-weather|RainDance|[upkeep]
|-heal|p1a: Archaludon|11/100|[from] item: Leftovers
|-sideend|p1: free4aldi|move: Light Screen
|upkeep
|
|t:|1783467572
|switch|p2a: Torkoal|Torkoal, L50, M|50/100g
|-weather|SunnyDay|[from] ability: Drought|[of] p2a: Torkoal
|turn|9
|
|t:|1783467589
|move|p1a: Archaludon|Protect|p1a: Archaludon
|-singleturn|p1a: Archaludon|Protect
|move|p1b: Grimmsnarl|Parting Shot|p2b: Sylveon
|-unboost|p2b: Sylveon|atk|1
|-unboost|p2b: Sylveon|spa|1
|
|t:|1783467591
|switch|p1b: Pelipper|Pelipper, L50, F|83/100|[from] Parting Shot
|-weather|RainDance|[from] ability: Drizzle|[of] p1b: Pelipper
|move|p2a: Torkoal|Eruption|p1a: Archaludon|[spread] p1b
|-activate|p1a: Archaludon|move: Protect
|-resisted|p1b: Pelipper|1
|-damage|p1b: Pelipper|73/100
|move|p2b: Sylveon|Hyper Voice|p1a: Archaludon|[spread] p1b
|-activate|p1a: Archaludon|move: Protect
|-damage|p1b: Pelipper|40/100
|
|-weather|RainDance|[upkeep]
|-heal|p1a: Archaludon|17/100|[from] item: Leftovers
|upkeep
|turn|10
|inactive|free4aldi has 30 seconds left.
|inactive|sweetlysunny has 30 seconds left.
|
|t:|1783467620
|move|p1b: Pelipper|Wide Guard|p1b: Pelipper
|-singleturn|p1b: Pelipper|Wide Guard
|move|p2a: Torkoal|Heat Wave|p1a: Archaludon|[spread] 
|-activate|p1a: Archaludon|move: Wide Guard
|-activate|p1b: Pelipper|move: Wide Guard
|move|p2b: Sylveon|Hyper Beam|p1a: Archaludon
|-damage|p1a: Archaludon|0 fnt
|-mustrecharge|p2b: Sylveon
|faint|p1a: Archaludon
|
|-weather|RainDance|[upkeep]
|-fieldend|move: Trick Room
|upkeep
|
|t:|1783467627
|switch|p1a: Grimmsnarl|Grimmsnarl, L50, M|38/100
|turn|11
|
|t:|1783467633
|move|p1b: Pelipper|Weather Ball|p2a: Torkoal
|-supereffective|p2a: Torkoal|1
|-damage|p2a: Torkoal|0 fnt
|faint|p2a: Torkoal
|move|p1a: Grimmsnarl|Spirit Break|p2b: Sylveon
|-damage|p2b: Sylveon|0 fnt
|faint|p2b: Sylveon
|
|win|free4aldi
||free4aldi is ready for game 2.
||sweetlysunny is ready for game 2.
|uhtml|next|Next: Game 2 of 3
