|j|☆TrainerChrxs
|j|☆Daniw9
|html|TrainerChrxsDaniw9    
|uhtml|bestof|Game 1 of a best-of-3
|t:|1756338385
|gametype|doubles
|player|p1|TrainerChrxs|psychic-gen4|1262
|player|p2|Daniw9|2|1135
|gen|9
|tier|[Gen 9] VGC 2025 Reg H (Bo3)
|rated|
|rule|Species Clause: Limit one of each Pokémon
|rule|Item Clause: Limit 1 of each item
|clearpoke
|poke|p1|Orthworm, L50, M|
|poke|p1|Grimmsnarl, L50, M|
|poke|p1|Dragonite, L50, M|
|poke|p1|Indeedee-F, L50, F|
|poke|p1|Armarouge, L50, M|
|poke|p1|Ursaluna, L50, M|
|poke|p2|Garchomp, L50, F|
|poke|p2|Tyranitar, L50, F|
|poke|p2|Delphox, L50, F|
|poke|p2|Indeedee-F, L50, F|
|poke|p2|Gallade, L50, M|
|poke|p2|Whimsicott, L50, F|
|teampreview|4
|showteam|p1|Orthworm||SitrusBerry|EarthEater|Protect,BodyPress,HelpingHand,ShedTail|||M|||50|,,,,,Fire]Grimmsnarl||LightClay|Prankster|SpiritBreak,Reflect,LightScreen,PartingShot|||M|||50|,,,,,Ghost]Dragonite||ChoiceBand|Multiscale|Outrage,ExtremeSpeed,Earthquake,TeraBlast|||M|||50|,,,,,Flying]Indeedee-F||MentalHerb|PsychicSurge|FollowMe,TrickRoom,DazzlingGleam,HelpingHand|||F|||50|,,,,,Grass]Armarouge||LifeOrb|FlashFire|Protect,ArmorCannon,ExpandingForce,TrickRoom|||M|||50|,,,,,Grass]Ursaluna||FlameOrb|Guts|Protect,Facade,Earthquake,HeadlongRush|||M|||50|,,,,,Ghost
|showteam|p2|Garchomp||LifeOrb|SandVeil|Earthquake,StompingTantrum,Protect,DragonClaw|||F|||50|,,,,,Steel]Tyranitar||AssaultVest|SandStream|RockSlide,TeraBlast,KnockOff,LowKick|||F|||50|,,,,,Flying]Delphox||PsychicSeed|Magician|ExpandingForce,HeatWave,TeraBlast,Protect|||F|||50|,,,,,Fairy]Indeedee-F||SafetyGoggles|PsychicSurge|DazzlingGleam,TrickRoom,FollowMe,HelpingHand|||F|||50|,,,,,Water]Gallade||ClearAmulet|Sharpness|SacredSword,PsychoCut,TrickRoom,Protect|||M|||50|,,,,,Grass]Whimsicott||CovertCloak|Prankster|Moonblast,Tailwind,Encore,Protect|||F|||50|,,,,,Ghost
|inactive|Battle timer is ON: inactive players will automatically lose when time's up. (requested by TrainerChrxs)
|
|t:|1756338464
|teamsize|p1|4
|teamsize|p2|4
|start
|switch|p1a: Orthworm|Orthworm, L50, M, shiny|100/100
|switch|p1b: Indeedee|Indeedee-F, L50, F|100/100
|switch|p2a: Delphox|Delphox, L50, F|100/100
|switch|p2b: Tyranitar|Tyranitar, L50, F|100/100
|-fieldstart|move: Psychic Terrain|[from] ability: Psychic Surge|[of] p1b: Indeedee
|-enditem|p2a: Delphox|Psychic Seed
|-boost|p2a: Delphox|spd|1|[from] item: Psychic Seed
|-weather|Sandstorm|[from] ability: Sand Stream|[of] p2b: Tyranitar
|turn|1
|inactive|TrainerChrxs has 30 seconds left.
|inactive|TrainerChrxs has 20 seconds left.
|inactive|TrainerChrxs has 15 seconds left.
|inactive|TrainerChrxs has 10 seconds left.
|
|t:|1756338512
|move|p1a: Orthworm|Protect|p1a: Orthworm
|-singleturn|p1a: Orthworm|Protect
|move|p2a: Delphox|Heat Wave|p1b: Indeedee|[spread] p1b
|-activate|p1a: Orthworm|move: Protect
|-damage|p1b: Indeedee|67/100
|-status|p1b: Indeedee|brn
|-item|p2a: Delphox|Mental Herb|[from] ability: Magician|[of] p1b: Indeedee
|move|p2b: Tyranitar|Knock Off|p1b: Indeedee
|-supereffective|p1b: Indeedee
|-damage|p1b: Indeedee|0 fnt
|faint|p1b: Indeedee
|
|-weather|Sandstorm|[upkeep]
|-damage|p2a: Delphox|95/100|[from] Sandstorm
|upkeep
|
|t:|1756338530
|switch|p1b: Armarouge|Armarouge, L50, M, shiny|100/100
|turn|2
|
|t:|1756338547
|-terastallize|p1b: Armarouge|Grass
|move|p2a: Delphox|Expanding Force|p1a: Orthworm|[spread] p1a,p1b
|-resisted|p1a: Orthworm
|-damage|p1a: Orthworm|59/100
|-damage|p1b: Armarouge|36/100
|move|p1a: Orthworm|Body Press|p2b: Tyranitar
|-supereffective|p2b: Tyranitar
|-damage|p2b: Tyranitar|2/100
|move|p2b: Tyranitar|Rock Slide|p1a: Orthworm|[spread] p1a,p1b
|-resisted|p1a: Orthworm
|-damage|p1a: Orthworm|50/100
|-damage|p1b: Armarouge|5/100
|-enditem|p1a: Orthworm|Sitrus Berry|[eat]
|-heal|p1a: Orthworm|75/100|[from] item: Sitrus Berry
|move|p1b: Armarouge|Trick Room|p1b: Armarouge
|-fieldstart|move: Trick Room|[of] p1b: Armarouge
|
|-weather|Sandstorm|[upkeep]
|-damage|p1b: Armarouge|0 fnt|[from] Sandstorm
|-damage|p2a: Delphox|89/100|[from] Sandstorm
|faint|p1b: Armarouge
|upkeep
|
|t:|1756338563
|switch|p1b: Ursaluna|Ursaluna, L50, M|100/100
|turn|3
|inactive|TrainerChrxs has 30 seconds left.
|inactive|TrainerChrxs has 20 seconds left.
|
|t:|1756338607
|-terastallize|p2a: Delphox|Fairy
|move|p1b: Ursaluna|Earthquake|p2b: Tyranitar|[spread] p2a,p2b
|-heal|p1a: Orthworm|99/100|[from] ability: Earth Eater|[of] p1b: Ursaluna
|-supereffective|p2b: Tyranitar
|-damage|p2a: Delphox|28/100
|-damage|p2b: Tyranitar|0 fnt
|faint|p2b: Tyranitar
|move|p1a: Orthworm|Body Press|p2a: Delphox
|-resisted|p2a: Delphox
|-damage|p2a: Delphox|4/100
|move|p2a: Delphox|Heat Wave|p1b: Ursaluna|[spread] p1b
|-miss|p2a: Delphox|p1a: Orthworm
|-damage|p1b: Ursaluna|72/100
|
|-weather|Sandstorm|[upkeep]
|-damage|p2a: Delphox|0 fnt|[from] Sandstorm
|faint|p2a: Delphox
|-status|p1b: Ursaluna|brn|[from] item: Flame Orb
|upkeep
|
|t:|1756338623
|switch|p2b: Indeedee|Indeedee-F, L50, F|100/100
|switch|p2a: Gallade|Gallade, L50, M|100/100
|turn|4
|inactive|TrainerChrxs has 30 seconds left.
|
|t:|1756338656
|move|p2a: Gallade|Protect|p2a: Gallade
|-singleturn|p2a: Gallade|Protect
|move|p1b: Ursaluna|Facade|p2b: Indeedee
|-damage|p2b: Indeedee|0 fnt
|faint|p2b: Indeedee
|move|p1a: Orthworm|Body Press|p2a: Gallade
|-activate|p2a: Gallade|move: Protect
|
|-weather|Sandstorm|[upkeep]
|-damage|p2a: Gallade|95/100|[from] Sandstorm
|-damage|p1b: Ursaluna|66/100 brn|[from] brn
|upkeep
|turn|5
|
|t:|1756338665
|move|p1a: Orthworm|Helping Hand|p1b: Ursaluna
|-singleturn|p1b: Ursaluna|Helping Hand|[of] p1a: Orthworm
|move|p1b: Ursaluna|Facade|p2a: Gallade
|-damage|p2a: Gallade|0 fnt
|faint|p2a: Gallade
|
|win|TrainerChrxs
||Daniw9 is ready for game 2.
||TrainerChrxs is ready for game 2.
|uhtml|next|Next: Game 2 of 3
