|j|☆Lego Darth Malgus
|j|☆Goat pincurchin
|html|Lego Darth MalgusGoat pincurchin    
|uhtml|bestof|Game 2 of a best-of-3
|t:|1757018292
|gametype|doubles
|player|p1|Lego Darth Malgus|2|1328
|player|p2|Goat pincurchin|2|1320
|gen|9
|tier|[Gen 9] VGC 2025 Reg H (Bo3)
|rated|
|rule|Species Clause: Limit one of each Pokémon
|rule|Item Clause: Limit 1 of each item
|clearpoke
|poke|p1|Kommo-o, L50, M|
|poke|p1|Tyranitar, L50, F|
|poke|p1|Excadrill, L50, F|
|poke|p1|Samurott-Hisui, L50, M|
|poke|p1|Rillaboom, L50, F|
|poke|p1|Volcarona, L50, F|
|poke|p2|Gholdengo, L50|
|poke|p2|Rillaboom, L50, F|
|poke|p2|Ninetales-Alola, L50, F|
|poke|p2|Arcanine-Hisui, L50, M|
|poke|p2|Annihilape, L50, M|
|poke|p2|Volcarona, L50, F|
|teampreview|4
|showteam|p1|Kommo-o||GrassySeed|Overcoat|BodyPress,IronDefense,Protect,DragonPulse|||M|||50|,,,,,Fairy]Tyranitar||ChoiceScarf|SandStream|RockSlide,KnockOff,TeraBlast,LowKick|||F|||50|,,,,,Flying]Excadrill||FocusSash|SandRush|HighHorsepower,IronHead,Bulldoze,Protect|||F|||50|,,,,,Ghost]Samurott-Hisui||AssaultVest|Sharpness|NightSlash,AquaCutter,SacredSword,SuckerPunch|||M|||50|,,,,,Ghost]Rillaboom||MiracleSeed|GrassySurge|FakeOut,DrumBeating,GrassyGlide,Taunt|||F|||50|,,,,,Water]Volcarona||SitrusBerry|FlameBody|QuiverDance,HeatWave,TeraBlast,Protect|||F|||50|,,,,,Fairy
|showteam|p2|Gholdengo||GrassySeed|GoodasGold|NastyPlot,MakeItRain,ShadowBall,Protect||||||50|,,,,,Water]Rillaboom||AssaultVest|GrassySurge|FakeOut,GrassyGlide,DrumBeating,HighHorsepower|||F|||50|,,,,,Fire]Ninetales-Alola||FocusSash|SnowWarning|Blizzard,IcyWind,Encore,AuroraVeil|||F|||50|,,,,,Ghost]Arcanine-Hisui||ClearAmulet|Intimidate|RockSlide,FlareBlitz,ExtremeSpeed,Protect|||M|||50|,,,,,Water]Annihilape||SafetyGoggles|Defiant|RageFist,CloseCombat,FinalGambit,Taunt|||M|||50|,,,,,Water]Volcarona||SitrusBerry|FlameBody|Flamethrower,StruggleBug,Tailwind,RagePowder|||F|||50|,,,,,Grass
|inactive|Battle timer is ON: inactive players will automatically lose when time's up. (requested by Lego Darth Malgus)
|inactive|Goat pincurchin also wants the timer to be on.
|inactive|Lego Darth Malgus has 60 seconds left.
|
|t:|1757018324
|teamsize|p1|4
|teamsize|p2|4
|start
|switch|p1a: Samurott|Samurott-Hisui, L50, M, shiny|100/100
|switch|p1b: Rillaboom|Rillaboom, L50, F, shiny|100/100
|switch|p2a: Gholdengo|Gholdengo, L50|100/100
|switch|p2b: Arcanine|Arcanine-Hisui, L50, M|100/100
|-ability|p2b: Arcanine|Intimidate|boost
|-unboost|p1a: Samurott|atk|1
|-unboost|p1b: Rillaboom|atk|1
|-fieldstart|move: Grassy Terrain|[from] ability: Grassy Surge|[of] p1b: Rillaboom
|-enditem|p2a: Gholdengo|Grassy Seed
|-boost|p2a: Gholdengo|def|1|[from] item: Grassy Seed
|turn|1
|
|t:|1757018335
|switch|p2b: Rillaboom|Rillaboom, L50, F|100/100
|-terastallize|p1b: Rillaboom|Water
|move|p2a: Gholdengo|Protect|p2a: Gholdengo
|-singleturn|p2a: Gholdengo|Protect
|move|p1b: Rillaboom|Drum Beating|p2a: Gholdengo
|-activate|p2a: Gholdengo|move: Protect
|move|p1a: Samurott|Night Slash|p2a: Gholdengo
|-activate|p2a: Gholdengo|move: Protect
|
|upkeep
|turn|2
|inactive|Goat pincurchin has 30 seconds left.
|inactive|Goat pincurchin has 20 seconds left.
|
|t:|1757018371
|-terastallize|p2a: Gholdengo|Water
|move|p1b: Rillaboom|Drum Beating|p2a: Gholdengo
|-supereffective|p2a: Gholdengo
|-damage|p2a: Gholdengo|44/100
|-unboost|p2a: Gholdengo|spe|1
|move|p2b: Rillaboom|Drum Beating|p1b: Rillaboom
|-supereffective|p1b: Rillaboom
|-damage|p1b: Rillaboom|0 fnt
|faint|p1b: Rillaboom
|move|p1a: Samurott|Night Slash|p2a: Gholdengo
|-damage|p2a: Gholdengo|20/100
|move|p2a: Gholdengo|Nasty Plot|p2a: Gholdengo
|-boost|p2a: Gholdengo|spa|2
|
|-heal|p2a: Gholdengo|27/100|[from] Grassy Terrain
|upkeep
|
|t:|1757018376
|switch|p1b: Kommo-o|Kommo-o, L50, M, shiny|100/100
|-enditem|p1b: Kommo-o|Grassy Seed
|-boost|p1b: Kommo-o|def|1|[from] item: Grassy Seed
|turn|3
|
|t:|1757018400
|move|p2a: Gholdengo|Protect|p2a: Gholdengo
|-singleturn|p2a: Gholdengo|Protect
|move|p2b: Rillaboom|Drum Beating|p1a: Samurott
|-supereffective|p1a: Samurott
|-damage|p1a: Samurott|0 fnt
|faint|p1a: Samurott
|move|p1b: Kommo-o|Iron Defense|p1b: Kommo-o
|-boost|p1b: Kommo-o|def|2
|
|-heal|p2a: Gholdengo|33/100|[from] Grassy Terrain
|upkeep
|
|t:|1757018402
|switch|p1a: Excadrill|Excadrill, L50, F, shiny|100/100
|turn|4
|
|t:|1757018417
|move|p1a: Excadrill|Protect|p1a: Excadrill
|-singleturn|p1a: Excadrill|Protect
|move|p2b: Rillaboom|Drum Beating|p1a: Excadrill
|-activate|p1a: Excadrill|move: Protect
|move|p1b: Kommo-o|Body Press|p2a: Gholdengo
|-damage|p2a: Gholdengo|0 fnt
|faint|p2a: Gholdengo
|
|upkeep
|
|t:|1757018424
|switch|p2a: Ninetales|Ninetales-Alola, L50, F|100/100
|-weather|Snowscape|[from] ability: Snow Warning|[of] p2a: Ninetales
|turn|5
|
|t:|1757018440
|move|p2a: Ninetales|Blizzard|p1a: Excadrill|[spread] p1a,p1b
|-supereffective|p1b: Kommo-o
|-damage|p1a: Excadrill|60/100
|-damage|p1b: Kommo-o|41/100
|-status|p1b: Kommo-o|frz
|move|p1a: Excadrill|Bulldoze|p2a: Ninetales|[spread] p1b,p2a,p2b
|-resisted|p2b: Rillaboom
|-damage|p1b: Kommo-o|38/100 frz
|-damage|p2a: Ninetales|88/100
|-damage|p2b: Rillaboom|94/100
|-unboost|p1b: Kommo-o|spe|1
|-unboost|p2a: Ninetales|spe|1
|-unboost|p2b: Rillaboom|spe|1
|move|p2b: Rillaboom|Drum Beating|p1a: Excadrill
|-damage|p1a: Excadrill|0 fnt
|faint|p1a: Excadrill
|cant|p1b: Kommo-o|frz
|
|-weather|Snowscape|[upkeep]
|-heal|p2a: Ninetales|94/100|[from] Grassy Terrain
|-heal|p2b: Rillaboom|99/100|[from] Grassy Terrain
|-heal|p1b: Kommo-o|44/100 frz|[from] Grassy Terrain
|-fieldend|move: Grassy Terrain
|upkeep
|turn|6
|-message|Lego Darth Malgus forfeited.
|
|win|Goat pincurchin
|raw|Lego Darth Malgus's rating: 1328 → 1308(-20 for losing)
|raw|Goat pincurchin's rating: 1320 → 1340(+20 for winning)
|l|☆Goat pincurchin
|player|p2|
