|j|☆Gen5spizzle
|j|☆iliteratepineapple
|html|Gen5spizzleiliteratepineapple    
|uhtml|bestof|Game 3 of a best-of-3
|t:|1756155529
|gametype|doubles
|player|p1|Gen5spizzle|265|1108
|player|p2|iliteratepineapple|169|1104
|gen|9
|tier|[Gen 9] VGC 2025 Reg H (Bo3)
|rated|
|rule|Species Clause: Limit one of each Pokémon
|rule|Item Clause: Limit 1 of each item
|clearpoke
|poke|p1|Flamigo, L50, M|
|poke|p1|Gholdengo, L50|
|poke|p1|Incineroar, L50, M|
|poke|p1|Ursaluna, L50, F|
|poke|p1|Porygon2, L50|
|poke|p1|Amoonguss, L50, F|
|poke|p2|Ninetales-Alola, L50, F|
|poke|p2|Gothitelle, L50, M|
|poke|p2|Murkrow, L50, F|
|poke|p2|Incineroar, L50, F|
|poke|p2|Sinistcha-Masterpiece, L50|
|poke|p2|Ursaluna, L50, F|
|teampreview|4
|showteam|p1|Flamigo||FocusSash|Scrappy|CloseCombat,BraveBird,WideGuard,Protect|||M|||50|,,,,,Ghost]Gholdengo||LifeOrb|GoodasGold|MakeItRain,ShadowBall,Protect,NastyPlot||||||50|,,,,,Dragon]Incineroar||SafetyGoggles|Intimidate|KnockOff,FlareBlitz,PartingShot,FakeOut|||M|||50|,,,,,Grass]Ursaluna||FlameOrb|Guts|Facade,HeadlongRush,Protect,Earthquake|||F|||50|,,,,,Ghost]Porygon2||Eviolite|Download|TrickRoom,Recover,IceBeam,TeraBlast||||||50|,,,,,Fighting]Amoonguss||MentalHerb|Regenerator|Spore,RagePowder,PollenPuff,SludgeBomb|||F|||50|,,,,,Water
|showteam|p2|Ninetales-Alola||FocusSash|SnowWarning|Blizzard,Encore,Disable,Protect|||F|||50|,,,,,Dark]Gothitelle||Leftovers|ShadowTag|Protect,Psychic,FakeOut,Taunt|||M|||50|,,,,,Water]Murkrow||Eviolite|Prankster|DualWingbeat,Tailwind,PerishSong,FeatherDance|||F|||50|,,,,,Ghost]Incineroar||AssaultVest|Intimidate|KnockOff,FlareBlitz,Uturn,FakeOut|||F|||50|,,,,,Bug]Sinistcha-Masterpiece||SitrusBerry|Hospitality|MatchaGotcha,RagePowder,TrickRoom,LifeDew||||||50|,,,,,Dark]Ursaluna||FlameOrb|Guts|Facade,HeadlongRush,Earthquake,Protect|||F|||50|,,,,,Ghost
|
|t:|1756155609
|teamsize|p1|4
|teamsize|p2|4
|start
|switch|p1a: Bouncer|Incineroar, L50, M, shiny|100/100
|switch|p1b: JG FENTWORTH|Gholdengo, L50|100/100
|switch|p2a: Murkrow|Murkrow, L50, F|100/100
|switch|p2b: Incineroar|Incineroar, L50, F|100/100
|-ability|p2b: Incineroar|Intimidate|boost
|-unboost|p1a: Bouncer|atk|1
|-unboost|p1b: JG FENTWORTH|atk|1
|-ability|p1a: Bouncer|Intimidate|boost
|-unboost|p2a: Murkrow|atk|1
|-unboost|p2b: Incineroar|atk|1
|turn|1
|
|t:|1756155677
|move|p1a: Bouncer|Fake Out|p2a: Murkrow
|-damage|p2a: Murkrow|90/100
|cant|p2a: Murkrow|flinch
|move|p1b: JG FENTWORTH|Nasty Plot|p1b: JG FENTWORTH
|-boost|p1b: JG FENTWORTH|spa|2
|move|p2b: Incineroar|Knock Off|p1b: JG FENTWORTH
|-supereffective|p1b: JG FENTWORTH
|-damage|p1b: JG FENTWORTH|26/100
|-enditem|p1b: JG FENTWORTH|Life Orb|[from] move: Knock Off|[of] p2b: Incineroar
|
|upkeep
|turn|2
|
|t:|1756155739
|move|p1b: JG FENTWORTH|Protect|p1b: JG FENTWORTH
|-singleturn|p1b: JG FENTWORTH|Protect
|move|p2a: Murkrow|Tailwind|p2a: Murkrow
|-sidestart|p2: iliteratepineapple|move: Tailwind
|move|p2b: Incineroar|Knock Off|p1b: JG FENTWORTH
|-activate|p1b: JG FENTWORTH|move: Protect
|move|p1a: Bouncer|Parting Shot|p2b: Incineroar
|-unboost|p2b: Incineroar|atk|1
|-unboost|p2b: Incineroar|spa|1
|
|t:|1756155748
|switch|p1a: DJ DAFT|Porygon2, L50, shiny|100/100|[from] Parting Shot
|-ability|p1a: DJ DAFT|Download|boost
|-boost|p1a: DJ DAFT|atk|1
|
|upkeep
|turn|3
|
|t:|1756155799
|-terastallize|p1b: JG FENTWORTH|Dragon
|move|p2a: Murkrow|Dual Wingbeat|p1b: JG FENTWORTH
|-damage|p1b: JG FENTWORTH|13/100
|-crit|p1b: JG FENTWORTH
|-damage|p1b: JG FENTWORTH|0 fnt
|faint|p1b: JG FENTWORTH
|-hitcount|p1: JG FENTWORTH|2
|move|p2b: Incineroar|Knock Off|p1a: DJ DAFT
|-damage|p1a: DJ DAFT|85/100
|-enditem|p1a: DJ DAFT|Eviolite|[from] move: Knock Off|[of] p2b: Incineroar
|move|p1a: DJ DAFT|Ice Beam|p2a: Murkrow
|-supereffective|p2a: Murkrow
|-damage|p2a: Murkrow|18/100
|
|upkeep
|
|t:|1756155817
|switch|p1b: Bouncer|Incineroar, L50, M, shiny|100/100
|-ability|p1b: Bouncer|Intimidate|boost
|-unboost|p2a: Murkrow|atk|1
|-unboost|p2b: Incineroar|atk|1
|turn|4
|
|t:|1756155852
|switch|p2a: Ursaluna|Ursaluna, L50, F|100/100
|move|p1b: Bouncer|Fake Out|p2a: Ursaluna
|-damage|p2a: Ursaluna|92/100
|move|p2b: Incineroar|U-turn|p1a: DJ DAFT
|-damage|p1a: DJ DAFT|77/100
|
|t:|1756155860
|switch|p2b: Ninetales|Ninetales-Alola, L50, F|100/100|[from] U-turn
|-weather|Snowscape|[from] ability: Snow Warning|[of] p2b: Ninetales
|move|p1a: DJ DAFT|Ice Beam|p2a: Ursaluna
|-supereffective|p2a: Ursaluna
|-damage|p2a: Ursaluna|37/100
|
|-weather|Snowscape|[upkeep]
|-status|p2a: Ursaluna|brn|[from] item: Flame Orb
|upkeep
|turn|5
|
|t:|1756155905
|move|p2b: Ninetales|Encore|p1b: Bouncer
|-start|p1b: Bouncer|Encore
|move|p2a: Ursaluna|Headlong Rush|p1a: DJ DAFT
|-damage|p1a: DJ DAFT|0 fnt
|-unboost|p2a: Ursaluna|def|1
|-unboost|p2a: Ursaluna|spd|1
|faint|p1a: DJ DAFT
|move|p1b: Bouncer|Fake Out||[still]
|-hint|Fake Out only works on your first turn out.
|-fail|p1b: Bouncer
|
|-weather|Snowscape|[upkeep]
|-damage|p2a: Ursaluna|32/100 brn|[from] brn
|-sideend|p2: iliteratepineapple|move: Tailwind
|upkeep
|
|t:|1756155917
|switch|p1a: Featherstone|Flamigo, L50, M|100/100
|turn|6
|
|t:|1756155964
|switch|p2a: Incineroar|Incineroar, L50, F|100/100
|-ability|p2a: Incineroar|Intimidate|boost
|-fail|p1a: Featherstone|unboost|Attack|[from] ability: Scrappy|[of] p1a: Featherstone
|-unboost|p1b: Bouncer|atk|1
|move|p1b: Bouncer|Fake Out||[still]
|-hint|Fake Out only works on your first turn out.
|-fail|p1b: Bouncer
|move|p2b: Ninetales|Blizzard|p1a: Featherstone|[spread] p1a,p1b
|-supereffective|p1a: Featherstone
|-resisted|p1b: Bouncer
|-damage|p1a: Featherstone|4/100
|-damage|p1b: Bouncer|87/100
|move|p1a: Featherstone|Close Combat|p2a: Incineroar
|-supereffective|p2a: Incineroar
|-damage|p2a: Incineroar|0 fnt
|-unboost|p1a: Featherstone|def|1
|-unboost|p1a: Featherstone|spd|1
|faint|p2a: Incineroar
|
|-weather|Snowscape|[upkeep]
|upkeep
|
|t:|1756155980
|switch|p2a: Murkrow|Murkrow, L50, F|18/100
|turn|7
|
|t:|1756156003
|move|p1b: Bouncer|Fake Out||[still]
|-hint|Fake Out only works on your first turn out.
|-fail|p1b: Bouncer
|move|p2a: Murkrow|Tailwind|p2a: Murkrow
|-sidestart|p2: iliteratepineapple|move: Tailwind
|move|p2b: Ninetales|Blizzard|p1a: Featherstone|[spread] p1a,p1b
|-supereffective|p1a: Featherstone
|-resisted|p1b: Bouncer
|-damage|p1a: Featherstone|0 fnt
|-damage|p1b: Bouncer|73/100
|faint|p1a: Featherstone
|
|-weather|Snowscape|[upkeep]
|-end|p1b: Bouncer|Encore
|upkeep
|turn|8
|-message|Gen5spizzle forfeited.
|raw|Gen5spizzle's rating: 1108 → 1083(-25 for losing)
|raw|iliteratepineapple's rating: 1104 → 1129(+25 for winning)
|
|win|iliteratepineapple
|l|☆Gen5spizzle
|player|p1|
