|j|☆BakingSoda+Lemon
|j|☆wowiekazowee
|html|BakingSoda+Lemonwowiekazowee    
|uhtml|bestof|Game 1 of a best-of-3
|t:|1756158287
|gametype|doubles
|player|p1|BakingSoda+Lemon|artist-gen4|1142
|player|p2|wowiekazowee|idol|1062
|gen|9
|tier|[Gen 9] VGC 2025 Reg H (Bo3)
|rated|
|rule|Species Clause: Limit one of each Pokémon
|rule|Item Clause: Limit 1 of each item
|clearpoke
|poke|p1|Dragonite, L50, F|
|poke|p1|Samurott-Hisui, L50, M|
|poke|p1|Whimsicott, L50, M|
|poke|p1|Delphox, L50, F|
|poke|p1|Indeedee-F, L50, F|
|poke|p1|Gholdengo, L50|
|poke|p2|Pelipper, L50, M|
|poke|p2|Basculegion, L50, M|
|poke|p2|Archaludon, L50, F|
|poke|p2|Incineroar, L50, F|
|poke|p2|Sinistcha, L50|
|poke|p2|Ursaluna, L50, M|
|teampreview|4
|showteam|p1|Dragonite||LoadedDice|Multiscale|ScaleShot,Haze,Protect,StompingTantrum|||F|||50|,,,,,Fairy]Samurott-Hisui||AssaultVest|Sharpness|CeaselessEdge,SuckerPunch,AquaCutter,SacredSword|||M|||50|,,,,,Poison]Whimsicott||FocusSash|Prankster|Moonblast,Taunt,Protect,Tailwind|||M|||50|,,,,,Ghost]Delphox||LifeOrb|Blaze|ExpandingForce,HeatWave,Protect,DazzlingGleam|||F|||50|,,,,,Fairy]Indeedee-F||RockyHelmet|PsychicSurge|HelpingHand,FollowMe,TrickRoom,DazzlingGleam|||F|||50|,,,,,Water]Gholdengo||MetalCoat|GoodasGold|MakeItRain,NastyPlot,Protect,ShadowBall||||||50|,,,,,Steel
|showteam|p2|Pelipper||FocusSash|Drizzle|Hurricane,WeatherBall,Tailwind,WideGuard|||M|||50|,,,,,Ghost]Basculegion||MysticWater|SwiftSwim|Protect,WaveCrash,AquaJet,LastRespects|||M|||50|,,,,,Water]Archaludon||AssaultVest|Stamina|ElectroShot,DracoMeteor,FlashCannon,BodyPress|||F|||50|,,,,,Grass]Incineroar||SafetyGoggles|Intimidate|FakeOut,FlareBlitz,KnockOff,PartingShot|||F|||50|,,,,,Water]Sinistcha||SitrusBerry|Hospitality|MatchaGotcha,LifeDew,RagePowder,TrickRoom||||||50|,,,,,Water]Ursaluna||FlameOrb|Guts|Facade,HeadlongRush,SwordsDance,Protect|||M|||50|,,,,,Ghost
|inactive|Battle timer is ON: inactive players will automatically lose when time's up. (requested by BakingSoda+Lemon)
|inactive|BakingSoda+Lemon has 60 seconds left.
|inactive|BakingSoda+Lemon has 30 seconds left.
|
|t:|1756158348
|teamsize|p1|4
|teamsize|p2|4
|start
|switch|p1a: Whimsicott|Whimsicott, L50, M|100/100
|switch|p1b: Gholdengo|Gholdengo, L50|100/100
|switch|p2a: Pelipper|Pelipper, L50, M|100/100
|switch|p2b: Archaludon|Archaludon, L50, F|100/100
|-weather|RainDance|[from] ability: Drizzle|[of] p2a: Pelipper
|turn|1
|
|t:|1756158364
|move|p1a: Whimsicott|Taunt|p2a: Pelipper
|-start|p2a: Pelipper|move: Taunt
|move|p1b: Gholdengo|Nasty Plot|p1b: Gholdengo
|-boost|p1b: Gholdengo|spa|2
|move|p2b: Archaludon|Electro Shot||[still]
|-prepare|p2b: Archaludon|Electro Shot
|-boost|p2b: Archaludon|spa|1
|-anim|p2b: Archaludon|Electro Shot|p1b: Gholdengo
|-damage|p1b: Gholdengo|41/100
|move|p2a: Pelipper|Hurricane|p1a: Whimsicott
|-supereffective|p1a: Whimsicott
|-enditem|p1a: Whimsicott|Focus Sash
|-damage|p1a: Whimsicott|1/100
|
|-weather|RainDance|[upkeep]
|upkeep
|turn|2
|inactive|BakingSoda+Lemon has 30 seconds left.
|
|t:|1756158391
|move|p1a: Whimsicott|Moonblast|p2b: Archaludon
|-damage|p2b: Archaludon|78/100
|-unboost|p2b: Archaludon|spa|1
|-ability|p2b: Archaludon|Stamina|boost
|-boost|p2b: Archaludon|def|1
|move|p1b: Gholdengo|Shadow Ball|p2b: Archaludon
|-damage|p2b: Archaludon|20/100
|-ability|p2b: Archaludon|Stamina|boost
|-boost|p2b: Archaludon|def|1
|move|p2b: Archaludon|Electro Shot||[still]
|-prepare|p2b: Archaludon|Electro Shot
|-boost|p2b: Archaludon|spa|1
|-anim|p2b: Archaludon|Electro Shot|p1b: Gholdengo
|-damage|p1b: Gholdengo|0 fnt
|faint|p1b: Gholdengo
|move|p2a: Pelipper|Hurricane|p1a: Whimsicott
|-supereffective|p1a: Whimsicott
|-damage|p1a: Whimsicott|0 fnt
|faint|p1a: Whimsicott
|
|-weather|RainDance|[upkeep]
|upkeep
|
|t:|1756158399
|switch|p1a: Indeedee|Indeedee-F, L50, F|100/100
|switch|p1b: Samurott|Samurott-Hisui, L50, M|100/100
|-fieldstart|move: Psychic Terrain|[from] ability: Psychic Surge|[of] p1a: Indeedee
|turn|3
|inactive|wowiekazowee has 30 seconds left.
|
|t:|1756158428
|move|p1b: Samurott|Sacred Sword|p2b: Archaludon
|-supereffective|p2b: Archaludon
|-damage|p2b: Archaludon|0 fnt
|faint|p2b: Archaludon
|move|p1a: Indeedee|Dazzling Gleam|p2a: Pelipper
|-damage|p2a: Pelipper|77/100
|move|p2a: Pelipper|Weather Ball|p1a: Indeedee
|-damage|p1a: Indeedee|40/100
|
|-weather|RainDance|[upkeep]
|-end|p2a: Pelipper|move: Taunt
|upkeep
|
|t:|1756158441
|switch|p2b: Incineroar|Incineroar, L50, F|100/100
|-ability|p2b: Incineroar|Intimidate|boost
|-unboost|p1a: Indeedee|atk|1
|-unboost|p1b: Samurott|atk|1
|turn|4
|inactive|BakingSoda+Lemon has 30 seconds left.
|
|t:|1756158478
|-terastallize|p2b: Incineroar|Water
|move|p1a: Indeedee|Helping Hand|p1b: Samurott
|-singleturn|p1b: Samurott|Helping Hand|[of] p1a: Indeedee
|move|p1b: Samurott|Sacred Sword|p2b: Incineroar
|-damage|p2b: Incineroar|59/100
|move|p2b: Incineroar|Parting Shot|p1b: Samurott
|-unboost|p1b: Samurott|atk|1
|-unboost|p1b: Samurott|spa|1
|
|t:|1756158486
|switch|p2b: Basculegion|Basculegion, L50, M|100/100|[from] Parting Shot
|move|p2a: Pelipper|Weather Ball|p1a: Indeedee
|-damage|p1a: Indeedee|0 fnt
|faint|p1a: Indeedee
|
|-weather|RainDance|[upkeep]
|upkeep
|turn|5
|
|t:|1756158501
|move|p2b: Basculegion|Wave Crash|p1b: Samurott
|-resisted|p1b: Samurott
|-damage|p1b: Samurott|29/100
|-damage|p2b: Basculegion|80/100|[from] Recoil
|move|p1b: Samurott|Ceaseless Edge|p2b: Basculegion
|-supereffective|p2b: Basculegion
|-damage|p2b: Basculegion|9/100
|-sidestart|p2: wowiekazowee|Spikes
|move|p2a: Pelipper|Hurricane|p1b: Samurott
|-damage|p1b: Samurott|0 fnt
|faint|p1b: Samurott
|
|win|wowiekazowee
||wowiekazowee is ready for game 2.
|l|☆BakingSoda+Lemon
|player|p1|
||BakingSoda+Lemon is ready for game 2.
|uhtml|next|Next: Game 2 of 3
