|j|☆cristal_vgc
|j|☆manuel frentista
|html|cristal_vgcmanuel frentista    
|uhtml|bestof|Game 1 of a best-of-3
|t:|1756389336
|gametype|doubles
|player|p1|cristal_vgc|grimsley|1000
|player|p2|manuel frentista|102|1000
|gen|9
|tier|[Gen 9] VGC 2025 Reg H (Bo3)
|rated|
|rule|Species Clause: Limit one of each Pokémon
|rule|Item Clause: Limit 1 of each item
|clearpoke
|poke|p1|Murkrow, L50, F|
|poke|p1|Ursaluna, L50, M|
|poke|p1|Ninetales-Alola, L50, F|
|poke|p1|Espathra, L50, F|
|poke|p1|Indeedee, L50, M|
|poke|p1|Sneasler, L50, M|
|poke|p2|Archaludon, L50, M|
|poke|p2|Lilligant-Hisui, L50, F|
|poke|p2|Electabuzz, L50, F|
|poke|p2|Sableye, L50, F|
|poke|p2|Excadrill, L50, M|
|poke|p2|Typhlosion-Hisui, L50, M|
|teampreview|4
|showteam|p1|Murkrow||Eviolite|Prankster|Quash,Tailwind,FoulPlay,Screech|||F|||50|,,,,,Steel]Ursaluna||ChoiceBand|Bulletproof|DoubleEdge,HeadlongRush,GunkShot,Earthquake|||M|||50|,,,,,Ground]Ninetales-Alola||LifeOrb|SnowWarning|IcyWind,Blizzard,Moonblast,Protect|||F|||50|,,,,,Ice]Espathra||FocusSash|SpeedBoost|LuminaCrash,ExpandingForce,TeraBlast,Protect|||F|||50|,,,,,Fighting]Indeedee||ChoiceSpecs|PsychicSurge|ExpandingForce,Psychic,DazzlingGleam,HyperVoice|||M|||50|,,,,,Psychic]Sneasler||PsychicSeed|Unburden|DireClaw,CloseCombat,ThroatChop,Protect|||M|||50|,,,,,Dark
|showteam|p2|Archaludon||AssaultVest|Stamina|DracoMeteor,ElectroShot,FlashCannon,Protect|||M|||50|,,,,,Electric]Lilligant-Hisui||FocusSash|Chlorophyll|SleepPowder,AxeKick,SolarBlade,PoisonJab|||F|||50|,,,,,Grass]Electabuzz||Eviolite|VitalSpirit|FollowMe,HelpingHand,Protect,Electroweb|||F|||50|,,,,,Dark]Sableye||MentalHerb|Prankster|Gravity,DarkPulse,WillOWisp,SunnyDay|||F|||50|,,,,,Poison]Excadrill||ClearAmulet|MoldBreaker|IronHead,HighHorsepower,RockSlide,Protect|||M|||50|,,,,,Flying]Typhlosion-Hisui||ChoiceSpecs|Frisk|HeatWave,Eruption,ShadowBall,TeraBlast|||M|||50|,,,,,Grass
|inactive|Battle timer is ON: inactive players will automatically lose when time's up. (requested by cristal_vgc)
|
|t:|1756389364
|teamsize|p1|4
|teamsize|p2|4
|start
|switch|p1a: Indeedee|Indeedee, L50, M|100/100
|switch|p1b: Sneasler|Sneasler, L50, M|100/100
|switch|p2a: Sableye|Sableye, L50, F|100/100
|switch|p2b: Lilligant|Lilligant-Hisui, L50, F|100/100
|-fieldstart|move: Psychic Terrain|[from] ability: Psychic Surge|[of] p1a: Indeedee
|-enditem|p1b: Sneasler|Psychic Seed
|-boost|p1b: Sneasler|spd|1|[from] item: Psychic Seed
|turn|1
|inactive|manuel frentista has 30 seconds left.
|inactive|manuel frentista has 20 seconds left.
|inactive|manuel frentista has 15 seconds left.
|inactive|manuel frentista has 10 seconds left.
|inactive|manuel frentista has 5 seconds left.
|
|t:|1756389415
|-terastallize|p2b: Lilligant|Grass
|move|p2a: Sableye|Sunny Day|p2a: Sableye
|-weather|SunnyDay
|move|p1b: Sneasler|Throat Chop|p2a: Sableye
|-damage|p2a: Sableye|52/100
|-start|p2a: Sableye|Throat Chop|[silent]
|move|p2b: Lilligant|Axe Kick|p1b: Sneasler
|-resisted|p1b: Sneasler
|-damage|p1b: Sneasler|46/100
|move|p1a: Indeedee|Expanding Force|p2a: Sableye|[spread] p2b
|-immune|p2a: Sableye
|-enditem|p2b: Lilligant|Focus Sash
|-damage|p2b: Lilligant|1/100
|
|-weather|SunnyDay|[upkeep]
|upkeep
|turn|2
|inactive|manuel frentista has 30 seconds left.
|
|t:|1756389448
|move|p2a: Sableye|Gravity|p2a: Sableye
|-fieldstart|move: Gravity
|move|p1b: Sneasler|Dire Claw|p2a: Sableye
|-resisted|p2a: Sableye
|-crit|p2a: Sableye
|-damage|p2a: Sableye|4/100
|-status|p2a: Sableye|slp
|move|p2b: Lilligant|Solar Blade||[still]
|-prepare|p2b: Lilligant|Solar Blade
|-anim|p2b: Lilligant|Solar Blade|p1a: Indeedee
|-damage|p1a: Indeedee|0 fnt
|faint|p1a: Indeedee
|
|-weather|SunnyDay|[upkeep]
|-end|p2a: Sableye|Throat Chop|[silent]
|upkeep
|
|t:|1756389463
|switch|p1a: Espathra|Espathra, L50, F|100/100
|turn|3
|
|t:|1756389484
|cant|p2a: Sableye|slp
|move|p1b: Sneasler|Throat Chop|p2a: Sableye
|-damage|p2a: Sableye|0 fnt
|faint|p2a: Sableye
|move|p2b: Lilligant|Solar Blade||[still]
|-prepare|p2b: Lilligant|Solar Blade
|-anim|p2b: Lilligant|Solar Blade|p1a: Espathra
|-enditem|p1a: Espathra|Focus Sash
|-damage|p1a: Espathra|1/100
|move|p1a: Espathra|Expanding Force|p2b: Lilligant
|-damage|p2b: Lilligant|0 fnt
|faint|p2b: Lilligant
|
|-weather|SunnyDay|[upkeep]
|-ability|p1a: Espathra|Speed Boost|boost
|-boost|p1a: Espathra|spe|1
|upkeep
|
|t:|1756389488
|switch|p2b: Excadrill|Excadrill, L50, M|100/100
|switch|p2a: Typhlosion|Typhlosion-Hisui, L50, M|100/100
|-ability|p2b: Excadrill|Mold Breaker
|turn|4
|
|t:|1756389512
|move|p1b: Sneasler|Throat Chop|p2a: Typhlosion
|-supereffective|p2a: Typhlosion
|-damage|p2a: Typhlosion|11/100
|-start|p2a: Typhlosion|Throat Chop|[silent]
|move|p1a: Espathra|Expanding Force|p2a: Typhlosion|[spread] p2a,p2b
|-resisted|p2b: Excadrill
|-damage|p2a: Typhlosion|0 fnt
|-damage|p2b: Excadrill|60/100
|faint|p2a: Typhlosion
|move|p2b: Excadrill|Rock Slide|p1a: Espathra|[spread] p1a,p1b
|-resisted|p1b: Sneasler
|-damage|p1a: Espathra|0 fnt
|-damage|p1b: Sneasler|28/100
|faint|p1a: Espathra
|
|-weather|SunnyDay|[upkeep]
|upkeep
|
|t:|1756389523
|switch|p1a: Ursaluna|Ursaluna, L50, M|100/100
|turn|5
|
|t:|1756389530
|move|p1b: Sneasler|Close Combat|p2b: Excadrill
|-supereffective|p2b: Excadrill
|-damage|p2b: Excadrill|0 fnt
|-unboost|p1b: Sneasler|def|1
|-unboost|p1b: Sneasler|spd|1
|faint|p2b: Excadrill
|
|win|cristal_vgc
|l|☆manuel frentista
|player|p2|
||cristal_vgc is ready for game 2.
|inactive|manuel frentista has 30 seconds to confirm battle start!
||manuel frentista is ready for game 2.
|uhtml|next|Next: Game 2 of 3
