|j|☆robby w
|j|☆royalpooppi
|html|robby wroyalpooppi    
|uhtml|bestof|Game 1 of a best-of-3
|t:|1756647328
|gametype|doubles
|player|p1|robby w|pokefan-gen4|1258
|player|p2|royalpooppi|lucas|1184
|gen|9
|tier|[Gen 9] VGC 2025 Reg H (Bo3)
|rated|
|rule|Species Clause: Limit one of each Pokémon
|rule|Item Clause: Limit 1 of each item
|clearpoke
|poke|p1|Dondozo, L50, F|
|poke|p1|Tatsugiri, L50, F|
|poke|p1|Sneasler, L50, F|
|poke|p1|Indeedee, L50, M|
|poke|p1|Whimsicott, L50, F|
|poke|p1|Hydreigon, L50, M|
|poke|p2|Vileplume, L50, M|
|poke|p2|Ninetales, L50, F|
|poke|p2|Cryogonal, L50|
|poke|p2|Maushold, L50|
|poke|p2|Glimmora, L50, M|
|poke|p2|Gholdengo, L50|
|teampreview|4
|showteam|p1|Dondozo||Leftovers|Unaware|Protect,WaveCrash,Earthquake,OrderUp|||F|||50|,,,,,Grass]Tatsugiri||ChoiceScarf|Commander|DragonPulse,IcyWind,DracoMeteor,MuddyWater|||F|||50|,,,,,Stellar]Sneasler||PsychicSeed|Unburden|DireClaw,CloseCombat,Protect,ThroatChop|||F|||50|,,,,,Dark]Indeedee||FocusSash|PsychicSurge|DazzlingGleam,HelpingHand,ExpandingForce,Protect|||M|||50|,,,,,Fairy]Whimsicott||CovertCloak|Prankster|Tailwind,Moonblast,Encore,SunnyDay|||F|||50|,,,,,Dark]Hydreigon||ChoiceSpecs|Levitate|HeatWave,Snarl,DarkPulse,DracoMeteor|||M|||50|,,,,,Dark
|showteam|p2|Vileplume||LifeOrb|Chlorophyll|EnergyBall,SludgeBomb,Moonblast,Protect|||M|||50|,,,,,Fairy]Ninetales||ChoiceSpecs|Drought|Overheat,HeatWave,WeatherBall,ShadowBall|||F|||50|,,,,,Ghost]Cryogonal||FocusSash|Levitate|IceBeam,IcyWind,Protect,Haze||||||50|,,,,,Ice]Maushold||WideLens|Technician|PopulationBomb,FollowMe,HelpingHand,Protect||||||50|,,,,,Ghost]Glimmora||PowerHerb|ToxicDebris|MeteorBeam,SludgeBomb,SpikyShield,EarthPower|||M|||50|,,,,,Grass]Gholdengo||IronPlate|GoodasGold|MakeItRain,ShadowBall,NastyPlot,Protect||||||50|,,,,,Water
|
|t:|1756647361
|teamsize|p1|4
|teamsize|p2|4
|start
|switch|p1a: Sneasler|Sneasler, L50, F|100/100
|switch|p1b: Indeedee|Indeedee, L50, M|100/100
|switch|p2a: Gholdengo|Gholdengo, L50|100/100
|switch|p2b: Maushold|Maushold, L50|100/100
|-fieldstart|move: Psychic Terrain|[from] ability: Psychic Surge|[of] p1b: Indeedee
|-enditem|p1a: Sneasler|Psychic Seed
|-boost|p1a: Sneasler|spd|1|[from] item: Psychic Seed
|turn|1
|inactive|Battle timer is ON: inactive players will automatically lose when time's up. (requested by robby w)
|inactive|robby w has 60 seconds left.
|
|t:|1756647397
|move|p1b: Indeedee|Helping Hand|p1a: Sneasler
|-singleturn|p1a: Sneasler|Helping Hand|[of] p1b: Indeedee
|move|p2a: Gholdengo|Protect|p2a: Gholdengo
|-singleturn|p2a: Gholdengo|Protect
|move|p1a: Sneasler|Close Combat|p2b: Maushold
|-supereffective|p2b: Maushold
|-damage|p2b: Maushold|0 fnt
|-unboost|p1a: Sneasler|def|1
|-unboost|p1a: Sneasler|spd|1
|faint|p2b: Maushold
|
|upkeep
|
|t:|1756647415
|switch|p2b: Cryogonal|Cryogonal, L50|100/100
|turn|2
|
|t:|1756647437
|-terastallize|p1a: Sneasler|Dark
|-terastallize|p2a: Gholdengo|Water
|move|p1a: Sneasler|Throat Chop|p2a: Gholdengo
|-damage|p2a: Gholdengo|57/100
|-start|p2a: Gholdengo|Throat Chop|[silent]
|move|p2b: Cryogonal|Icy Wind|p1a: Sneasler|[spread] p1a
|-miss|p2b: Cryogonal|p1b: Indeedee
|-damage|p1a: Sneasler|77/100
|-unboost|p1a: Sneasler|spe|1
|move|p1b: Indeedee|Expanding Force|p2b: Cryogonal|[spread] p2a,p2b
|-damage|p2a: Gholdengo|7/100
|-damage|p2b: Cryogonal|54/100
|move|p2a: Gholdengo|Make It Rain|p1a: Sneasler|[spread] p1a,p1b
|-damage|p1a: Sneasler|0 fnt
|-damage|p1b: Indeedee|25/100
|-unboost|p2a: Gholdengo|spa|1
|faint|p1a: Sneasler
|
|upkeep
|
|t:|1756647456
|switch|p1a: Dondozo|Dondozo, L50, F, shiny|100/100
|turn|3
|inactive|robby w has 30 seconds left.
|inactive|robby w has 20 seconds left.
|
|t:|1756647494
|move|p2b: Cryogonal|Protect|p2b: Cryogonal
|-singleturn|p2b: Cryogonal|Protect
|move|p2a: Gholdengo|Protect|p2a: Gholdengo
|-singleturn|p2a: Gholdengo|Protect
|move|p1b: Indeedee|Expanding Force|p2b: Cryogonal|[spread] 
|-activate|p2a: Gholdengo|move: Protect
|-activate|p2b: Cryogonal|move: Protect
|move|p1a: Dondozo|Wave Crash|p2b: Cryogonal
|-activate|p2b: Cryogonal|move: Protect
|
|-end|p2a: Gholdengo|Throat Chop|[silent]
|upkeep
|turn|4
|inactive|robby w has 30 seconds left.
|
|t:|1756647526
|switch|p1b: Tatsugiri|Tatsugiri, L50, F|100/100
|-activate|p1b: Tatsugiri|ability: Commander|[of] p1a: Dondozo
|-boost|p1a: Dondozo|atk|2
|-boost|p1a: Dondozo|spa|2
|-boost|p1a: Dondozo|spe|2
|-boost|p1a: Dondozo|def|2
|-boost|p1a: Dondozo|spd|2
|move|p1a: Dondozo|Wave Crash|p2b: Cryogonal
|-damage|p2b: Cryogonal|0 fnt
|faint|p2b: Cryogonal
|-damage|p1a: Dondozo|88/100|[from] Recoil
|move|p2a: Gholdengo|Shadow Ball|p1a: Dondozo
|-damage|p1a: Dondozo|64/100
|
|-heal|p1a: Dondozo|70/100|[from] item: Leftovers
|upkeep
|
|t:|1756647535
|switch|p2b: Glimmora|Glimmora, L50, M|100/100
|turn|5
|-message|royalpooppi forfeited.
|
|win|robby w
|l|☆royalpooppi
|player|p2|
||royalpooppi is ready for game 2.
||robby w is ready for game 2.
|uhtml|next|Next: Game 2 of 3
