|j|☆ToastedArt
|j|☆robinrambles
|html|ToastedArtrobinrambles    
|uhtml|bestof|Game 1 of a best-of-3
|t:|1785265895
|gametype|doubles
|player|p1|ToastedArt|iris|1138
|player|p2|robinrambles|dawn-gen4pt|1105
|gen|9
|tier|[Gen 9 Champions] VGC 2026 Reg M-B (Bo3)
|rated|
|rule|Species Clause: Limit one of each Pokémon
|rule|Item Clause: Limit 1 of each item
|clearpoke
|poke|p1|Garchomp, L50, F|
|poke|p1|Basculegion, L50, M|
|poke|p1|Dragonite, L50, F|
|poke|p1|Scovillain, L50, F|
|poke|p1|Gholdengo, L50|
|poke|p1|Sylveon, L50, M|
|poke|p2|Staraptor, L50, F|
|poke|p2|Metagross, L50|
|poke|p2|Hydreigon, L50, F|
|poke|p2|Farigiraf, L50, M|
|poke|p2|Grimmsnarl, L50, M|
|poke|p2|Aerodactyl, L50, M|
|teampreview|4
|showteam|p1|Garchomp||LifeOrb|RoughSkin|StompingTantrum,DragonClaw,RockSlide,Protect|Jolly||F|||50|]Basculegion||SitrusBerry|Adaptability|WaveCrash,AquaJet,LastRespects,Protect|Adamant||M|||50|]Dragonite||Dragoninite|Multiscale|DracoMeteor,AirSlash,Tailwind,Haze|Timid||F|||50|]Scovillain||Scovillainite|Chlorophyll|Overheat,LeechSeed,RagePowder,Protect|Bold||F|||50|]Gholdengo||FocusSash|GoodasGold|MakeItRain,ShadowBall,PowerGem,Protect|Timid|||||50|]Sylveon||FairyFeather|Pixilate|HyperVoice,QuickAttack,HyperBeam,Protect|Modest||M|||50|
|showteam|p2|Staraptor||Staraptite|Intimidate|Roost,Protect,CloseCombat,BraveBird|Jolly||F|||50|]Metagross||Metagrossite|ClearBody|MeteorMash,PsychicFangs,StompingTantrum,Protect|Jolly|||||50|]Hydreigon||ChoiceScarf|Levitate|DracoMeteor,Snarl,EarthPower,Flamethrower|Modest||F|||50|]Farigiraf||SitrusBerry|ArmorTail|Thunderbolt,TwinBeam,Protect,HelpingHand|Calm||M|||50|]Grimmsnarl||RoseliBerry|Prankster|SpiritBreak,Taunt,PartingShot,FakeOut|Adamant||M|||50|]Aerodactyl||WideLens|Unnerve|DualWingbeat,RockSlide,Protect,Tailwind|Jolly||M|||50|
|inactive|Battle timer is ON: inactive players will automatically lose when time's up. (requested by ToastedArt)
|inactive|robinrambles has 60 seconds left.
|
|t:|1785265943
|teamsize|p1|4
|teamsize|p2|4
|start
|switch|p1a: Scovillain|Scovillain, L50, F|100/100
|switch|p1b: Sylveon|Sylveon, L50, M|100/100
|switch|p2a: Aerodactyl|Aerodactyl, L50, M|100/100
|switch|p2b: Grimmsnarl|Grimmsnarl, L50, M|100/100
|-ability|p2a: Aerodactyl|Unnerve
|turn|1
|
|t:|1785265964
|detailschange|p1a: Scovillain|Scovillain-Mega, L50, F
|-mega|p1a: Scovillain|Scovillain|Scovillainite
|move|p1a: Scovillain|Protect|p1a: Scovillain
|-singleturn|p1a: Scovillain|Protect
|move|p1b: Sylveon|Protect|p1b: Sylveon
|-singleturn|p1b: Sylveon|Protect
|move|p2b: Grimmsnarl|Fake Out|p1b: Sylveon
|-activate|p1b: Sylveon|move: Protect
|move|p2a: Aerodactyl|Tailwind|p2a: Aerodactyl
|-sidestart|p2: robinrambles|move: Tailwind
|
|upkeep
|turn|2
|
|t:|1785265978
|move|p1a: Scovillain|Rage Powder|p1a: Scovillain
|-singleturn|p1a: Scovillain|move: Rage Powder
|move|p2b: Grimmsnarl|Taunt|p1a: Scovillain
|-start|p1a: Scovillain|move: Taunt
|move|p2a: Aerodactyl|Rock Slide|p1a: Scovillain|[spread] p1a,p1b
|-supereffective|p1a: Scovillain|1
|-damage|p1a: Scovillain|47/100
|-damage|p1b: Sylveon|71/100
|-status|p2a: Aerodactyl|brn|[from] ability: Spicy Spray|[of] p1a: Scovillain
|move|p1b: Sylveon|Hyper Voice|p2b: Grimmsnarl|[spread] p2a,p2b
|-supereffective|p2b: Grimmsnarl|1
|-enditem|p2b: Grimmsnarl|Roseli Berry|[eat]
|-enditem|p2b: Grimmsnarl|Roseli Berry|[weaken]
|-damage|p2a: Aerodactyl|26/100 brn
|-damage|p2b: Grimmsnarl|50/100y
|
|-damage|p2a: Aerodactyl|21/100 brn|[from] brn
|upkeep
|turn|3
|
|t:|1785266002
|switch|p1a: Gholdengo|Gholdengo, L50|100/100
|move|p2b: Grimmsnarl|Parting Shot|p1a: Gholdengo
|-immune|p1a: Gholdengo|[from] ability: Good as Gold
|move|p2a: Aerodactyl|Rock Slide|p1a: Gholdengo|[spread] p1a,p1b
|-resisted|p1a: Gholdengo|1
|-damage|p1a: Gholdengo|92/100
|-damage|p1b: Sylveon|56/100
|move|p1b: Sylveon|Hyper Voice|p2a: Aerodactyl|[spread] p2a,p2b
|-supereffective|p2b: Grimmsnarl|1
|-damage|p2a: Aerodactyl|0 fnt
|-damage|p2b: Grimmsnarl|0 fnt
|faint|p2a: Aerodactyl
|faint|p2b: Grimmsnarl
|
|upkeep
|
|t:|1785266016
|switch|p2a: Metagross|Metagross, L50|100/100
|switch|p2b: Hydreigon|Hydreigon, L50, F|100/100
|turn|4
|
|t:|1785266033
|switch|p1b: Scovillain|Scovillain-Mega, L50, F|47/100
|detailschange|p2a: Metagross|Metagross-Mega, L50
|-mega|p2a: Metagross|Metagross|Metagrossite
|move|p1a: Gholdengo|Protect|p1a: Gholdengo
|-singleturn|p1a: Gholdengo|Protect
|move|p2b: Hydreigon|Snarl|p1a: Gholdengo|[spread] p1b
|-activate|p1a: Gholdengo|move: Protect
|-damage|p1b: Scovillain|27/100
|-unboost|p1b: Scovillain|spa|1
|-status|p2b: Hydreigon|brn|[from] ability: Spicy Spray|[of] p1b: Scovillain
|move|p2a: Metagross|Meteor Mash|p1b: Scovillain
|-resisted|p1b: Scovillain|1
|-damage|p1b: Scovillain|0 fnt
|-status|p2a: Metagross|brn|[from] ability: Spicy Spray|[of] p1b: Scovillain
|faint|p1b: Scovillain
|
|-damage|p2b: Hydreigon|93/100 brn|[from] brn
|-damage|p2a: Metagross|94/100 brn|[from] brn
|-sideend|p2: robinrambles|move: Tailwind
|upkeep
|
|t:|1785266046
|switch|p1b: Sylveon|Sylveon, L50, M|56/100
|turn|5
|
|t:|1785266054
|move|p2b: Hydreigon|Snarl|p1a: Gholdengo|[spread] p1a,p1b
|-supereffective|p1a: Gholdengo|1
|-resisted|p1b: Sylveon|1
|-damage|p1a: Gholdengo|41/100
|-damage|p1b: Sylveon|49/100
|-unboost|p1a: Gholdengo|spa|1
|-unboost|p1b: Sylveon|spa|1
|move|p2a: Metagross|Meteor Mash|p1b: Sylveon
|-supereffective|p1b: Sylveon|1
|-damage|p1b: Sylveon|0 fnt
|-boost|p2a: Metagross|atk|1
|faint|p1b: Sylveon
|move|p1a: Gholdengo|Shadow Ball|p2a: Metagross
|-supereffective|p2a: Metagross|1
|-damage|p2a: Metagross|35/100 brn
|-unboost|p2a: Metagross|spd|1
|
|-damage|p2b: Hydreigon|87/100 brn|[from] brn
|-damage|p2a: Metagross|29/100 brn|[from] brn
|upkeep
|
|t:|1785266061
|switch|p1b: Basculegion|Basculegion, L50, M|100/100
|turn|6
|
|t:|1785266079
|move|p2a: Metagross|Protect|p2a: Metagross
|-singleturn|p2a: Metagross|Protect
|move|p1b: Basculegion|Protect|p1b: Basculegion
|-singleturn|p1b: Basculegion|Protect
|move|p2b: Hydreigon|Snarl|p1b: Basculegion|[spread] p1a
|-activate|p1b: Basculegion|move: Protect
|-supereffective|p1a: Gholdengo|1
|-damage|p1a: Gholdengo|0 fnt
|faint|p1a: Gholdengo
|
|-damage|p2b: Hydreigon|81/100 brn|[from] brn
|-damage|p2a: Metagross|24/100 brn|[from] brn
|upkeep
|turn|7
|
|t:|1785266097
|move|p2b: Hydreigon|Snarl|p1b: Basculegion
|-supereffective|p1b: Basculegion|1
|-damage|p1b: Basculegion|35/100
|-unboost|p1b: Basculegion|spa|1
|-enditem|p1b: Basculegion|Sitrus Berry|[eat]
|-heal|p1b: Basculegion|59/100|[from] item: Sitrus Berry
|move|p2a: Metagross|Psychic Fangs|p1b: Basculegion
|-damage|p1b: Basculegion|0 fnt
|faint|p1b: Basculegion
|
|win|robinrambles
