|j|☆Hadrian1917
|j|☆hamlessmel
|html|Hadrian1917hamlessmel    
|uhtml|bestof|Game 2 of a best-of-3
|t:|1756938245
|gametype|doubles
|player|p1|Hadrian1917|1|1136
|player|p2|hamlessmel|dawn-gen4pt|1179
|gen|9
|tier|[Gen 9] VGC 2025 Reg H (Bo3)
|rated|
|rule|Species Clause: Limit one of each Pokémon
|rule|Item Clause: Limit 1 of each item
|clearpoke
|poke|p1|Annihilape, L50, M|
|poke|p1|Dragonite, L50, F|
|poke|p1|Ursaluna-Bloodmoon, L50, M|
|poke|p1|Rillaboom, L50, F|
|poke|p1|Gholdengo, L50|
|poke|p1|Maushold, L50|
|poke|p2|Annihilape, L50, F|
|poke|p2|Dragonite, L50, F|
|poke|p2|Gholdengo, L50|
|poke|p2|Ursaluna-Bloodmoon, L50, M|
|poke|p2|Incineroar, L50, F|
|poke|p2|Rillaboom, L50, F|
|teampreview|4
|showteam|p1|Annihilape||SitrusBerry|Defiant|Protect,BulkUp,RageFist,DrainPunch|||M|||50|,,,,,Fire]Dragonite||LoadedDice|Multiscale|Protect,ScaleShot,Haze,Tailwind|||F|||50|,,,,,Steel]Ursaluna-Bloodmoon||AssaultVest|MindsEye|HyperVoice,EarthPower,BloodMoon,VacuumWave|||M|||50|,,,,,Dragon]Rillaboom||MiracleSeed|GrassySurge|FakeOut,WoodHammer,GrassyGlide,HighHorsepower|||F|||50|,,,,,Fire]Gholdengo||LifeOrb|GoodasGold|Protect,NastyPlot,ShadowBall,MakeItRain||||||50|,,,,,Water]Maushold||FocusSash|FriendGuard|Protect,BeatUp,FollowMe,SuperFang||||||50|,,,,,Ghost
|showteam|p2|Annihilape||Leftovers|VitalSpirit|BulkUp,Protect,RageFist,DrainPunch|||F|||50|,,,,,Grass]Dragonite||LoadedDice|Multiscale|Protect,Tailwind,ScaleShot,StompingTantrum|||F|||50|,,,,,Steel]Gholdengo||MetalCoat|GoodasGold|MakeItRain,Protect,NastyPlot,ShadowBall||||||50|,,,,,Steel]Ursaluna-Bloodmoon||LifeOrb|MindsEye|Protect,BloodMoon,EarthPower,VacuumWave|||M|||50|,,,,,Normal]Incineroar||SafetyGoggles|Intimidate|FakeOut,FlareBlitz,KnockOff,PartingShot|||F|||50|,,,,,Ghost]Rillaboom||AssaultVest|GrassySurge|StompingTantrum,GrassyGlide,FakeOut,WoodHammer|||F|||50|,,,,,Water
|inactive|Battle timer is ON: inactive players will automatically lose when time's up. (requested by Hadrian1917)
|
|t:|1756938271
|teamsize|p1|4
|teamsize|p2|4
|start
|switch|p1a: Annihilape|Annihilape, L50, M, shiny|100/100
|switch|p1b: Dragonite|Dragonite, L50, F, shiny|100/100
|switch|p2a: Dragonite|Dragonite, L50, F|100/100
|switch|p2b: Rillaboom|Rillaboom, L50, F|100/100
|-fieldstart|move: Grassy Terrain|[from] ability: Grassy Surge|[of] p2b: Rillaboom
|turn|1
|inactive|hamlessmel has 30 seconds left.
|inactive|Hadrian1917 has 30 seconds left.
|inactive|hamlessmel has 20 seconds left.
|
|t:|1756938311
|move|p2a: Dragonite|Protect|p2a: Dragonite
|-singleturn|p2a: Dragonite|Protect
|move|p1a: Annihilape|Bulk Up|p1a: Annihilape
|-boost|p1a: Annihilape|atk|1
|-boost|p1a: Annihilape|def|1
|move|p1b: Dragonite|Scale Shot|p2b: Rillaboom
|-damage|p2b: Rillaboom|87/100
|-damage|p2b: Rillaboom|74/100
|-damage|p2b: Rillaboom|61/100
|-damage|p2b: Rillaboom|47/100
|-damage|p2b: Rillaboom|34/100
|-hitcount|p2b: Rillaboom|5
|-unboost|p1b: Dragonite|def|1
|-boost|p1b: Dragonite|spe|1
|move|p2b: Rillaboom|Wood Hammer|p1a: Annihilape
|-damage|p1a: Annihilape|43/100
|-enditem|p1a: Annihilape|Sitrus Berry|[eat]
|-heal|p1a: Annihilape|68/100|[from] item: Sitrus Berry
|-damage|p2b: Rillaboom|13/100|[from] Recoil
|
|-heal|p1a: Annihilape|74/100|[from] Grassy Terrain
|-heal|p2b: Rillaboom|18/100|[from] Grassy Terrain
|upkeep
|turn|2
|inactive|Hadrian1917 has 30 seconds left.
|inactive|hamlessmel has 30 seconds left.
|
|t:|1756938345
|-terastallize|p2a: Dragonite|Steel
|move|p1b: Dragonite|Scale Shot|p2a: Dragonite
|-resisted|p2a: Dragonite
|-damage|p2a: Dragonite|97/100
|-resisted|p2a: Dragonite
|-damage|p2a: Dragonite|88/100
|-resisted|p2a: Dragonite
|-damage|p2a: Dragonite|80/100
|-resisted|p2a: Dragonite
|-damage|p2a: Dragonite|73/100
|-hitcount|p2a: Dragonite|4
|-unboost|p1b: Dragonite|def|1
|-boost|p1b: Dragonite|spe|1
|move|p1a: Annihilape|Drain Punch|p2b: Rillaboom
|-damage|p2b: Rillaboom|0 fnt
|-heal|p1a: Annihilape|82/100|[from] drain|[of] p2b: Rillaboom
|faint|p2b: Rillaboom
|move|p2a: Dragonite|Stomping Tantrum|p1a: Annihilape
|-damage|p1a: Annihilape|63/100
|
|-heal|p1a: Annihilape|69/100|[from] Grassy Terrain
|-heal|p2a: Dragonite|79/100|[from] Grassy Terrain
|upkeep
|
|t:|1756938358
|switch|p2b: Gholdengo|Gholdengo, L50|100/100
|turn|3
|
|t:|1756938378
|move|p1a: Annihilape|Protect|p1a: Annihilape
|-singleturn|p1a: Annihilape|Protect
|move|p1b: Dragonite|Tailwind|p1b: Dragonite
|-sidestart|p1: Hadrian1917|move: Tailwind
|move|p2b: Gholdengo|Shadow Ball|p1a: Annihilape
|-activate|p1a: Annihilape|move: Protect
|move|p2a: Dragonite|Tailwind|p2a: Dragonite
|-sidestart|p2: hamlessmel|move: Tailwind
|
|-heal|p1a: Annihilape|75/100|[from] Grassy Terrain
|-heal|p2a: Dragonite|85/100|[from] Grassy Terrain
|upkeep
|turn|4
|
|t:|1756938397
|-terastallize|p1a: Annihilape|Fire
|move|p1b: Dragonite|Tailwind||[still]
|-fail|p1b: Dragonite
|move|p1a: Annihilape|Drain Punch|p2a: Dragonite
|-supereffective|p2a: Dragonite
|-damage|p2a: Dragonite|0 fnt
|-heal|p1a: Annihilape|100/100|[from] drain|[of] p2a: Dragonite
|faint|p2a: Dragonite
|move|p2b: Gholdengo|Shadow Ball|p1a: Annihilape
|-damage|p1a: Annihilape|63/100
|-unboost|p1a: Annihilape|spd|1
|-ability|p1a: Annihilape|Defiant|boost
|-boost|p1a: Annihilape|atk|2
|
|-heal|p1a: Annihilape|69/100|[from] Grassy Terrain
|upkeep
|
|t:|1756938411
|switch|p2a: Annihilape|Annihilape, L50, F, shiny|100/100
|turn|5
|-message|hamlessmel forfeited.
|
|win|Hadrian1917
|l|☆hamlessmel
|player|p2|
||hamlessmel is ready for game 3.
||Hadrian1917 is ready for game 3.
|uhtml|next|Next: Game 3 of 3
