|j|☆Cogao vascaino
|j|☆huusjsj
|html|Cogao vascainohuusjsj    
|uhtml|bestof|Game 3 of a best-of-3
|t:|1755168442
|gametype|doubles
|player|p1|Cogao vascaino|chuck|1269
|player|p2|huusjsj|clay|1531
|gen|9
|tier|[Gen 9] VGC 2025 Reg H (Bo3)
|rated|
|rule|Species Clause: Limit one of each Pokémon
|rule|Item Clause: Limit 1 of each item
|clearpoke
|poke|p1|Charizard, L50, M|
|poke|p1|Torkoal, L50, M|
|poke|p1|Porygon2, L50|
|poke|p1|Incineroar, L50, F|
|poke|p1|Jumpluff, L50, M|
|poke|p1|Ursaluna, L50, M|
|poke|p2|Annihilape, L50, F|
|poke|p2|Maushold-Four, L50|
|poke|p2|Klefki, L50, M|
|poke|p2|Ursaluna-Bloodmoon, L50, M|
|poke|p2|Ninetales-Alola, L50, F|
|poke|p2|Sinistcha, L50|
|teampreview|4
|showteam|p1|Charizard||ChoiceSpecs|SolarPower|HeatWave,Overheat,WeatherBall,AirSlash|||M|||50|,,,,,Ghost]Torkoal||EjectPack|Drought|Eruption,Overheat,HelpingHand,Protect|||M|||50|,,,,,Fire]Porygon2||Eviolite|Download|IceBeam,TeraBlast,TrickRoom,Recover||||||50|,,,,,Fighting]Incineroar||SitrusBerry|Intimidate|FlareBlitz,KnockOff,FakeOut,PartingShot|||F|||50|,,,,,Ghost]Jumpluff||CovertCloak|Chlorophyll|SleepPowder,SunnyDay,RagePowder,Tailwind|||M|||50|,,,,,Water]Ursaluna||FlameOrb|Guts|HeadlongRush,Facade,Earthquake,Protect|||M|||50|,,,,,Ghost
|showteam|p2|Annihilape||Leftovers|Defiant|Protect,BulkUp,DrainPunch,RageFist|||F|||50|,,,,,Fire]Maushold-Four||SafetyGoggles|FriendGuard|FollowMe,Taunt,BeatUp,Protect||||||50|,,,,,Ghost]Klefki||LightClay|Prankster|Reflect,LightScreen,MistyTerrain,DazzlingGleam|||M|||50|,,,,,Ghost]Ursaluna-Bloodmoon||AssaultVest|MindsEye|BloodMoon,HyperVoice,EarthPower,VacuumWave|||M|||50|,,,,,Water]Ninetales-Alola||FocusSash|SnowWarning|Blizzard,FreezeDry,Encore,Protect|||F|||50|,,,,,Ghost]Sinistcha||SitrusBerry|Hospitality|MatchaGotcha,TrickRoom,LifeDew,RagePowder||||||50|,,,,,Water
|inactive|Battle timer is ON: inactive players will automatically lose when time's up. (requested by huusjsj)
|
|t:|1755168468
|teamsize|p1|4
|teamsize|p2|4
|start
|switch|p1a: Torkoal|Torkoal, L50, M|100/100
|switch|p1b: Charizard|Charizard, L50, M|100/100
|switch|p2a: Klefki|Klefki, L50, M|100/100
|switch|p2b: Annihilape|Annihilape, L50, F, shiny|100/100
|-weather|SunnyDay|[from] ability: Drought|[of] p1a: Torkoal
|turn|1
|
|t:|1755168488
|-terastallize|p1a: Torkoal|Fire
|move|p2b: Annihilape|Protect|p2b: Annihilape
|-singleturn|p2b: Annihilape|Protect
|move|p2a: Klefki|Misty Terrain|p2a: Klefki
|-fieldstart|move: Misty Terrain
|move|p1b: Charizard|Air Slash|p2b: Annihilape
|-activate|p2b: Annihilape|move: Protect
|move|p1a: Torkoal|Eruption|p2a: Klefki|[spread] p2a
|-activate|p2b: Annihilape|move: Protect
|-supereffective|p2a: Klefki
|-damage|p2a: Klefki|0 fnt
|faint|p2a: Klefki
|
|-weather|SunnyDay|[upkeep]
|-damage|p1b: Charizard|88/100|[from] ability: Solar Power|[of] p1b: Charizard
|upkeep
|
|t:|1755168502
|switch|p2a: Ursaluna|Ursaluna-Bloodmoon, L50, M|100/100
|turn|2
|
|t:|1755168514
|-terastallize|p2b: Annihilape|Fire
|move|p1a: Torkoal|Helping Hand|p1b: Charizard
|-singleturn|p1b: Charizard|Helping Hand|[of] p1a: Torkoal
|move|p1b: Charizard|Air Slash|p2b: Annihilape
|-damage|p2b: Annihilape|0 fnt
|faint|p2b: Annihilape
|move|p2a: Ursaluna|Earth Power|p1a: Torkoal
|-supereffective|p1a: Torkoal
|-damage|p1a: Torkoal|0 fnt
|faint|p1a: Torkoal
|
|-weather|SunnyDay|[upkeep]
|-damage|p1b: Charizard|76/100|[from] ability: Solar Power|[of] p1b: Charizard
|upkeep
|
|t:|1755168526
|switch|p2b: Ninetales|Ninetales-Alola, L50, F, shiny|100/100
|switch|p1a: Porygon2|Porygon2, L50|100/100
|-weather|Snowscape|[from] ability: Snow Warning|[of] p2b: Ninetales
|-ability|p1a: Porygon2|Download|boost
|-boost|p1a: Porygon2|spa|1
|turn|3
|inactive|huusjsj has 30 seconds left.
|
|t:|1755168553
|move|p2b: Ninetales|Blizzard|p1a: Porygon2|[spread] p1a,p1b
|-damage|p1a: Porygon2|81/100
|-damage|p1b: Charizard|32/100
|move|p1b: Charizard|Air Slash|p2a: Ursaluna
|-damage|p2a: Ursaluna|64/100
|move|p1a: Porygon2|Tera Blast|p2a: Ursaluna
|-damage|p2a: Ursaluna|29/100
|move|p2a: Ursaluna|Hyper Voice|p1b: Charizard|[spread] p1a,p1b
|-damage|p1a: Porygon2|59/100
|-damage|p1b: Charizard|0 fnt
|faint|p1b: Charizard
|
|-weather|Snowscape|[upkeep]
|upkeep
|
|t:|1755168562
|switch|p1b: Ursaluna|Ursaluna, L50, M|100/100
|turn|4
|
|t:|1755168575
|move|p1b: Ursaluna|Protect|p1b: Ursaluna
|-singleturn|p1b: Ursaluna|Protect
|move|p2a: Ursaluna|Vacuum Wave|p1b: Ursaluna
|-activate|p1b: Ursaluna|move: Protect
|move|p2b: Ninetales|Blizzard|p1b: Ursaluna|[spread] p1a
|-activate|p1b: Ursaluna|move: Protect
|-crit|p1a: Porygon2
|-damage|p1a: Porygon2|27/100
|move|p1a: Porygon2|Tera Blast|p2a: Ursaluna
|-damage|p2a: Ursaluna|0 fnt
|faint|p2a: Ursaluna
|
|-weather|Snowscape|[upkeep]
|upkeep
|turn|5
|inactive|huusjsj has 30 seconds left.
|
|t:|1755168601
|move|p2b: Ninetales|Encore|p1b: Ursaluna
|-start|p1b: Ursaluna|Encore
|move|p1b: Ursaluna|Protect||[still]
|-fail|p1b: Ursaluna
|move|p1a: Porygon2|Recover|p1a: Porygon2
|-heal|p1a: Porygon2|77/100
|
|-weather|Snowscape|[upkeep]
|-fieldend|Misty Terrain
|-status|p1b: Ursaluna|brn|[from] item: Flame Orb
|upkeep
|turn|6
|
|t:|1755168612
|move|p1b: Ursaluna|Protect|p1b: Ursaluna
|-singleturn|p1b: Ursaluna|Protect
|move|p2b: Ninetales|Blizzard|p1a: Porygon2|[spread] p1a
|-activate|p1b: Ursaluna|move: Protect
|-damage|p1a: Porygon2|57/100
|move|p1a: Porygon2|Trick Room|p1a: Porygon2
|-fieldstart|move: Trick Room|[of] p1a: Porygon2
|
|-weather|Snowscape|[upkeep]
|-damage|p1b: Ursaluna|95/100 brn|[from] brn
|upkeep
|turn|7
|
|t:|1755168624
|move|p1b: Ursaluna|Protect|p1b: Ursaluna
|-singleturn|p1b: Ursaluna|Protect
|move|p1a: Porygon2|Recover|p1a: Porygon2
|-heal|p1a: Porygon2|100/100
|move|p2b: Ninetales|Blizzard|p1b: Ursaluna|[spread] p1a
|-activate|p1b: Ursaluna|move: Protect
|-damage|p1a: Porygon2|81/100
|
|-weather|none
|-damage|p1b: Ursaluna|89/100 brn|[from] brn
|-end|p1b: Ursaluna|Encore
|upkeep
|turn|8
|c|☆Cogao vascaino|Bro
|inactive|Cogao vascaino has 30 seconds left.
|c|☆Cogao vascaino|encore recover
|-message|huusjsj forfeited.
|
|win|Cogao vascaino
|raw|Cogao vascaino's rating: 1269 → 1310(+41 for winning)
|raw|huusjsj's rating: 1531 → 1498(-33 for losing)
|l|☆huusjsj
|player|p2|
