|j|☆TrNeru
|j|☆Gayangos
|html|TrNeruGayangos    
|uhtml|bestof|Game 2 of a best-of-3
|t:|1757780988
|gametype|doubles
|player|p1|TrNeru|veteranf|
|player|p2|Gayangos|169|
|gen|9
|tier|[Gen 9] VGC 2025 Reg H (Bo3)
|rule|Species Clause: Limit one of each Pokémon
|rule|Item Clause: Limit 1 of each item
|clearpoke
|poke|p1|Dondozo, L50, F|
|poke|p1|Rillaboom, L50, M|
|poke|p1|Annihilape, L50, F|
|poke|p1|Arcanine-Hisui, L50, F|
|poke|p1|Whimsicott, L50, F|
|poke|p1|Archaludon, L50, F|
|poke|p2|Dragapult, L50, F|
|poke|p2|Sneasler, L50, M|
|poke|p2|Incineroar, L50, F|
|poke|p2|Volcarona, L50, F|
|poke|p2|Rillaboom, L50, F|
|poke|p2|Kingambit, L50, F|
|teampreview|4
|showteam|p1|Dondozo||Leftovers|Unaware|Fissure,Yawn,Protect,WaveCrash|||F|||50|,,,,,Grass]Rillaboom||AssaultVest|GrassySurge|WoodHammer,GrassyGlide,HighHorsepower,FakeOut|||M|||50|,,,,,Fire]Annihilape||SafetyGoggles|Defiant|DrainPunch,RageFist,Taunt,Protect|||F|||50|,,,,,Dark]Arcanine-Hisui||SitrusBerry|Intimidate|Protect,FlareBlitz,ExtremeSpeed,RockSlide|||F|||50|,,,,,Flying]Whimsicott||FocusSash|Prankster|BeatUp,Tailwind,Moonblast,Endeavor|||F|||50|,,,,,Ghost]Archaludon||PowerHerb|Stamina|DragonPulse,FlashCannon,ElectroShot,BodyPress|||F|||50|,,,,,Grass
|showteam|p2|Dragapult||ChoiceBand|ClearBody|DragonDarts,Outrage,PhantomForce,Uturn|||F|||50|,,,,,Dragon]Sneasler||FocusSash|Unburden|DireClaw,CloseCombat,ThroatChop,Protect|||M|||50|,,,,,Stellar]Incineroar||SafetyGoggles|Intimidate|FakeOut,KnockOff,PartingShot,Taunt|||F|||50|,,,,,Ghost]Volcarona||GrassySeed|FlameBody|HeatWave,TeraBlast,QuiverDance,Protect|||F|||50|,,,,,Fairy]Rillaboom||AssaultVest|GrassySurge|FakeOut,WoodHammer,GrassyGlide,HighHorsepower|||F|||50|,,,,,Fire]Kingambit||BlackGlasses|Defiant|KowtowCleave,SuckerPunch,SwordsDance,Protect|||F|||50|,,,,,Dark
|inactive|Battle timer is ON: inactive players will automatically lose when time's up. (requested by Gayangos)
|
|t:|1757781015
|teamsize|p1|4
|teamsize|p2|4
|start
|switch|p1a: Dondozo|Dondozo, L50, F|100/100
|switch|p1b: Arcanine|Arcanine-Hisui, L50, F|100/100
|switch|p2a: Dragapult|Dragapult, L50, F|100/100
|switch|p2b: Sneasler|Sneasler, L50, M|100/100
|-ability|p1b: Arcanine|Intimidate|boost
|-fail|p2a: Dragapult|unboost|[from] ability: Clear Body|[of] p2a: Dragapult
|-unboost|p2b: Sneasler|atk|1
|turn|1
|inactive|TrNeru has 30 seconds left.
|inactive|Gayangos has 30 seconds left.
|inactive|TrNeru has 20 seconds left.
|inactive|Gayangos has 20 seconds left.
|inactive|TrNeru has 15 seconds left.
|inactive|Gayangos has 15 seconds left.
|inactive|TrNeru has 10 seconds left.
|inactive|Gayangos has 10 seconds left.
|
|t:|1757781066
|move|p1b: Arcanine|Protect|p1b: Arcanine
|-singleturn|p1b: Arcanine|Protect
|move|p2a: Dragapult|Dragon Darts|p1a: Dondozo
|-damage|p1a: Dondozo|74/100
|-anim|p2a: Dragapult|Dragon Darts|p1a: Dondozo
|-damage|p1a: Dondozo|51/100
|move|p2b: Sneasler|Dire Claw|p1a: Dondozo
|-damage|p1a: Dondozo|24/100
|move|p1a: Dondozo|Yawn|p2b: Sneasler
|-start|p2b: Sneasler|move: Yawn|[of] p1a: Dondozo
|
|-heal|p1a: Dondozo|30/100|[from] item: Leftovers
|upkeep
|turn|2
|inactive|TrNeru has 30 seconds left.
|inactive|Gayangos has 30 seconds left.
|inactive|TrNeru has 20 seconds left.
|
|t:|1757781102
|switch|p2b: Rillaboom|Rillaboom, L50, F|100/100
|-fieldstart|move: Grassy Terrain|[from] ability: Grassy Surge|[of] p2b: Rillaboom
|switch|p1b: Whimsicott|Whimsicott, L50, F|100/100
|switch|p1a: Archaludon|Archaludon, L50, F|100/100
|move|p2a: Dragapult|Dragon Darts|p1a: Archaludon
|-damage|p1a: Archaludon|71/100
|-ability|p1a: Archaludon|Stamina|boost
|-boost|p1a: Archaludon|def|1
|-anim|p2a: Dragapult|Dragon Darts|p1a: Archaludon
|-damage|p1a: Archaludon|50/100
|-ability|p1a: Archaludon|Stamina|boost
|-boost|p1a: Archaludon|def|1
|
|-heal|p1a: Archaludon|56/100|[from] Grassy Terrain
|upkeep
|turn|3
|inactive|TrNeru has 30 seconds left.
|inactive|TrNeru has 20 seconds left.
|
|t:|1757781138
|-terastallize|p2a: Dragapult|Dragon
|move|p2b: Rillaboom|Fake Out|p1b: Whimsicott
|-damage|p1b: Whimsicott|81/100
|cant|p1b: Whimsicott|flinch
|move|p2a: Dragapult|Dragon Darts|p1a: Archaludon
|-damage|p1a: Archaludon|36/100
|-ability|p1a: Archaludon|Stamina|boost
|-boost|p1a: Archaludon|def|1
|-anim|p2a: Dragapult|Dragon Darts|p1a: Archaludon
|-damage|p1a: Archaludon|19/100
|-ability|p1a: Archaludon|Stamina|boost
|-boost|p1a: Archaludon|def|1
|move|p1a: Archaludon|Body Press|p2b: Rillaboom
|-damage|p2b: Rillaboom|32/100
|
|-heal|p1b: Whimsicott|87/100|[from] Grassy Terrain
|-heal|p2b: Rillaboom|38/100|[from] Grassy Terrain
|-heal|p1a: Archaludon|25/100|[from] Grassy Terrain
|upkeep
|turn|4
|inactive|TrNeru has 30 seconds left.
|
|t:|1757781165
|move|p2a: Dragapult|Dragon Darts|p1a: Archaludon
|-crit|p1a: Archaludon
|-damage|p1a: Archaludon|0 fnt
|faint|p1a: Archaludon
|move|p1b: Whimsicott|Moonblast|p2a: Dragapult
|-supereffective|p2a: Dragapult
|-damage|p2a: Dragapult|0 fnt
|faint|p2a: Dragapult
|move|p2b: Rillaboom|High Horsepower|p1b: Whimsicott
|-resisted|p1b: Whimsicott
|-damage|p1b: Whimsicott|64/100
|
|-heal|p1b: Whimsicott|70/100|[from] Grassy Terrain
|-heal|p2b: Rillaboom|44/100|[from] Grassy Terrain
|upkeep
|
|t:|1757781179
|switch|p2a: Volcarona|Volcarona, L50, F|100/100
|switch|p1a: Arcanine|Arcanine-Hisui, L50, F|100/100
|-ability|p1a: Arcanine|Intimidate|boost
|-unboost|p2a: Volcarona|atk|1
|-unboost|p2b: Rillaboom|atk|1
|-enditem|p2a: Volcarona|Grassy Seed
|-boost|p2a: Volcarona|def|1|[from] item: Grassy Seed
|turn|5
|
|t:|1757781193
|move|p1b: Whimsicott|Tailwind|p1b: Whimsicott
|-sidestart|p1: TrNeru|move: Tailwind
|move|p1a: Arcanine|Rock Slide|p2b: Rillaboom|[spread] p2b
|-miss|p1a: Arcanine|p2a: Volcarona
|-damage|p2b: Rillaboom|17/100
|move|p2a: Volcarona|Heat Wave|p1b: Whimsicott|[spread] p1a,p1b
|-resisted|p1a: Arcanine
|-crit|p1a: Arcanine
|-supereffective|p1b: Whimsicott
|-damage|p1a: Arcanine|84/100
|-damage|p1b: Whimsicott|0 fnt
|faint|p1b: Whimsicott
|cant|p2b: Rillaboom|flinch
|
|-heal|p1a: Arcanine|90/100|[from] Grassy Terrain
|-heal|p2b: Rillaboom|23/100|[from] Grassy Terrain
|upkeep
|
|t:|1757781206
|switch|p1b: Dondozo|Dondozo, L50, F|30/100
|turn|6
|
|t:|1757781217
|switch|p2b: Sneasler|Sneasler, L50, M|100/100
|move|p2a: Volcarona|Protect|p2a: Volcarona
|-singleturn|p2a: Volcarona|Protect
|move|p1b: Dondozo|Protect|p1b: Dondozo
|-singleturn|p1b: Dondozo|Protect
|move|p1a: Arcanine|Rock Slide|p2a: Volcarona|[spread] p2b
|-activate|p2a: Volcarona|move: Protect
|-resisted|p2b: Sneasler
|-damage|p2b: Sneasler|74/100
|
|-heal|p1a: Arcanine|97/100|[from] Grassy Terrain
|-heal|p2b: Sneasler|80/100|[from] Grassy Terrain
|-heal|p1b: Dondozo|36/100|[from] Grassy Terrain
|-heal|p1b: Dondozo|43/100|[from] item: Leftovers
|-fieldend|move: Grassy Terrain
|upkeep
|turn|7
|
|t:|1757781238
|move|p1a: Arcanine|Rock Slide|p2a: Volcarona|[spread] p2a,p2b
|-supereffective|p2a: Volcarona
|-resisted|p2b: Sneasler
|-damage|p2a: Volcarona|3/100
|-damage|p2b: Sneasler|54/100
|move|p2b: Sneasler|Close Combat|p1a: Arcanine
|-supereffective|p1a: Arcanine
|-damage|p1a: Arcanine|0 fnt
|-unboost|p2b: Sneasler|def|1
|-unboost|p2b: Sneasler|spd|1
|faint|p1a: Arcanine
|move|p2a: Volcarona|Quiver Dance|p2a: Volcarona
|-boost|p2a: Volcarona|spa|1
|-boost|p2a: Volcarona|spd|1
|-boost|p2a: Volcarona|spe|1
|move|p1b: Dondozo|Yawn|p2b: Sneasler
|-start|p2b: Sneasler|move: Yawn|[of] p1b: Dondozo
|
|-heal|p1b: Dondozo|49/100|[from] item: Leftovers
|upkeep
|turn|8
|
|t:|1757781257
|move|p2a: Volcarona|Protect|p2a: Volcarona
|-singleturn|p2a: Volcarona|Protect
|move|p1b: Dondozo|Protect|p1b: Dondozo
|-singleturn|p1b: Dondozo|Protect
|move|p2b: Sneasler|Dire Claw|p1b: Dondozo
|-activate|p1b: Dondozo|move: Protect
|
|-heal|p1b: Dondozo|55/100|[from] item: Leftovers
|-end|p2b: Sneasler|move: Yawn|[silent]
|-status|p2b: Sneasler|slp
|-sideend|p1: TrNeru|move: Tailwind
|upkeep
|turn|9
|inactive|Gayangos has 30 seconds left.
|inactive|TrNeru has 30 seconds left.
|inactive|Gayangos has 20 seconds left.
|
|t:|1757781294
|move|p2a: Volcarona|Tera Blast|p1b: Dondozo
|-damage|p1b: Dondozo|28/100
|cant|p2b: Sneasler|slp
|move|p1b: Dondozo|Fissure|p2b: Sneasler
|-damage|p2b: Sneasler|0 fnt
|faint|p2b: Sneasler
|-ohko
|
|-heal|p1b: Dondozo|34/100|[from] item: Leftovers
|upkeep
|
|t:|1757781301
|switch|p2b: Rillaboom|Rillaboom, L50, F|23/100
|-fieldstart|move: Grassy Terrain|[from] ability: Grassy Surge|[of] p2b: Rillaboom
|turn|10
|
|t:|1757781307
|move|p1b: Dondozo|Protect|p1b: Dondozo
|-singleturn|p1b: Dondozo|Protect
|move|p2a: Volcarona|Tera Blast|p1b: Dondozo
|-activate|p1b: Dondozo|move: Protect
|move|p2b: Rillaboom|Wood Hammer|p1b: Dondozo
|-activate|p1b: Dondozo|move: Protect
|
|-heal|p2a: Volcarona|10/100|[from] Grassy Terrain
|-heal|p2b: Rillaboom|29/100|[from] Grassy Terrain
|-heal|p1b: Dondozo|41/100|[from] Grassy Terrain
|-heal|p1b: Dondozo|47/100|[from] item: Leftovers
|upkeep
|turn|11
|c|☆Gayangos|gg
|
|t:|1757781320
|move|p2a: Volcarona|Tera Blast|p1b: Dondozo
|-damage|p1b: Dondozo|21/100
|move|p2b: Rillaboom|Wood Hammer|p1b: Dondozo
|-supereffective|p1b: Dondozo
|-damage|p1b: Dondozo|0 fnt
|faint|p1b: Dondozo
|-damage|p2b: Rillaboom|21/100|[from] Recoil
|
|win|Gayangos
|c|☆TrNeru|ggs
|l|☆TrNeru
|player|p1|
