|j|☆tortilla reforged
|j|☆new mental
|html|tortilla reforgednew mental    
|uhtml|bestof|Game 2 of a best-of-3
|t:|1784713078
|gametype|doubles
|player|p1|tortilla reforged|pokemaniac|1091
|player|p2|new mental|volkner|1277
|gen|9
|tier|[Gen 9 Champions] VGC 2026 Reg M-B (Bo3)
|rated|
|rule|Species Clause: Limit one of each Pokémon
|rule|Item Clause: Limit 1 of each item
|clearpoke
|poke|p1|Venusaur, L50, F|
|poke|p1|Houndoom, L50, M|
|poke|p1|Annihilape, L50, M|
|poke|p1|Torkoal, L50, F|
|poke|p1|Kangaskhan, L50, F|
|poke|p1|Farigiraf, L50, M|
|poke|p2|Aerodactyl, L50, M|
|poke|p2|Garchomp, L50, F|
|poke|p2|Kingambit, L50, F|
|poke|p2|Charizard, L50, M|
|poke|p2|Sylveon, L50, M|
|poke|p2|Farigiraf, L50, F|
|teampreview|4
|showteam|p1|Venusaur||LifeOrb|Chlorophyll|SolarBeam,SludgeBomb,EarthPower,Protect|Modest||F|||50|]Houndoom||Houndoominite|FlashFire|HeatWave,DarkPulse,Overheat,Protect|Timid||M|||50|]Annihilape||ChoiceScarf|Defiant|RockSlide,CloseCombat,IcePunch,Uturn|Adamant||M|||50|]Torkoal||Charcoal|Drought|Eruption,HelpingHand,WeatherBall,Protect|Quiet||F|||50|]Kangaskhan||Kangaskhanite|Scrappy|DoubleEdge,IcePunch,HammerArm,FakeOut|Adamant||F|||50|]Farigiraf||SitrusBerry|ArmorTail|Psychic,TrickRoom,Thunderbolt,HelpingHand|Bold||M|||50|
|showteam|p2|Aerodactyl||Aerodactylite|Unnerve|IceFang,RockSlide,Tailwind,DualWingbeat|Jolly||M|||50|]Garchomp||LifeOrb|RoughSkin|DragonClaw,RockSlide,Earthquake,Protect|Jolly||F|||50|]Kingambit||FocusSash|Defiant|SuckerPunch,KowtowCleave,IronHead,LowKick|Adamant||F|||50|]Charizard||CharizarditeY|SolarPower|Protect,WeatherBall,HeatWave,SolarBeam|Modest||M|||50|]Sylveon||FairyFeather|Pixilate|Protect,HyperVoice,HyperBeam,QuickAttack|Modest||M|||50|]Farigiraf||SitrusBerry|ArmorTail|TrickRoom,Thunderbolt,Roar,Psychic|Bold||F|||50|
|inactive|Battle timer is ON: inactive players will automatically lose when time's up. (requested by new mental)
|
|t:|1784713101
|teamsize|p1|4
|teamsize|p2|4
|start
|switch|p1a: Houndoom|Houndoom, L50, M|100/100
|switch|p1b: Annihilape|Annihilape, L50, M|100/100
|switch|p2a: Sylveon|Sylveon, L50, M|100/100
|switch|p2b: Farigiraf|Farigiraf, L50, F|100/100
|turn|1
|
|t:|1784713110
|detailschange|p1a: Houndoom|Houndoom-Mega, L50, M
|-mega|p1a: Houndoom|Houndoom|Houndoominite
|move|p1b: Annihilape|U-turn|p2a: Sylveon
|-resisted|p2a: Sylveon|1
|-damage|p2a: Sylveon|85/100
|
|t:|1784713114
|switch|p1b: Torkoal|Torkoal, L50, F|100/100|[from] U-turn
|-weather|SunnyDay|[from] ability: Drought|[of] p1b: Torkoal
|move|p1a: Houndoom|Overheat|p2a: Sylveon
|-damage|p2a: Sylveon|0 fnt
|-unboost|p1a: Houndoom|spa|2
|faint|p2a: Sylveon
|move|p2b: Farigiraf|Trick Room|p2b: Farigiraf
|-fieldstart|move: Trick Room|[of] p2b: Farigiraf
|
|-weather|SunnyDay|[upkeep]
|-damage|p1a: Houndoom|88/100|[from] ability: Solar Power|[of] p1a: Houndoom
|upkeep
|
|t:|1784713127
|switch|p2a: Garchomp|Garchomp, L50, F|100/100
|turn|2
|
|t:|1784713135
|switch|p1a: Venusaur|Venusaur, L50, F|100/100
|move|p1b: Torkoal|Eruption|p2a: Garchomp|[spread] p2a,p2b
|-resisted|p2a: Garchomp|1
|-damage|p2a: Garchomp|49/100
|-damage|p2b: Farigiraf|17/100
|-enditem|p2b: Farigiraf|Sitrus Berry|[eat]
|-heal|p2b: Farigiraf|42/100|[from] item: Sitrus Berry
|move|p2a: Garchomp|Earthquake|p1b: Torkoal|[spread] p2b,p1a,p1b
|-crit|p2b: Farigiraf
|-supereffective|p1b: Torkoal|1
|-damage|p2b: Farigiraf|0 fnt
|-damage|p1a: Venusaur|39/100
|-damage|p1b: Torkoal|29/100
|faint|p2b: Farigiraf
|-damage|p2a: Garchomp|39/100|[from] item: Life Orb
|
|-weather|SunnyDay|[upkeep]
|upkeep
|
|t:|1784713146
|switch|p2b: Charizard|Charizard, L50, M|100/100
|turn|3
|
|t:|1784713160
|detailschange|p2b: Charizard|Charizard-Mega-Y, L50, M
|-mega|p2b: Charizard|Charizard|Charizardite Y
|move|p1a: Venusaur|Protect|p1a: Venusaur
|-singleturn|p1a: Venusaur|Protect
|move|p1b: Torkoal|Weather Ball|p2a: Garchomp
|-resisted|p2a: Garchomp|1
|-damage|p2a: Garchomp|0 fnt
|faint|p2a: Garchomp
|move|p2b: Charizard|Heat Wave|p1b: Torkoal|[spread] p1b
|-activate|p1a: Venusaur|move: Protect
|-resisted|p1b: Torkoal|1
|-damage|p1b: Torkoal|0 fnt
|faint|p1b: Torkoal
|
|-weather|SunnyDay|[upkeep]
|upkeep
|
|t:|1784713167
|switch|p1b: Houndoom|Houndoom-Mega, L50, M|88/100
|turn|4
|
|t:|1784713179
|move|p2b: Charizard|Heat Wave|p1a: Venusaur|[spread] p1a,p1b
|-supereffective|p1a: Venusaur|1
|-crit|p1a: Venusaur
|-resisted|p1b: Houndoom|1
|-damage|p1a: Venusaur|0 fnt
|-damage|p1b: Houndoom|52/100
|faint|p1a: Venusaur
|move|p1b: Houndoom|Dark Pulse|p2b: Charizard
|-crit|p2b: Charizard
|-damage|p2b: Charizard|17/100
|
|-weather|SunnyDay|[upkeep]
|-damage|p1b: Houndoom|40/100|[from] ability: Solar Power|[of] p1b: Houndoom
|upkeep
|
|t:|1784713183
|switch|p1a: Annihilape|Annihilape, L50, M|100/100
|turn|5
|
|t:|1784713188
|move|p1b: Houndoom|Protect|p1b: Houndoom
|-singleturn|p1b: Houndoom|Protect
|move|p2b: Charizard|Heat Wave|p1b: Houndoom|[spread] p1a
|-activate|p1b: Houndoom|move: Protect
|-damage|p1a: Annihilape|32/100
|move|p1a: Annihilape|Rock Slide|p2b: Charizard
|-supereffective|p2b: Charizard|2
|-damage|p2b: Charizard|0 fnt
|faint|p2b: Charizard
|
|win|tortilla reforged
|raw|tortilla reforged's rating: 1091 → 1130(+39 for winning)
|raw|new mental's rating: 1277 → 1240(-37 for losing)
