|j|☆extreme90
|j|☆SiniVGC
|html|extreme90SiniVGC    
|uhtml|bestof|Game 2 of a best-of-3
|t:|1783554002
|gametype|doubles
|player|p1|extreme90|firebreather|1093
|player|p2|SiniVGC|riley|1116
|gen|9
|tier|[Gen 9 Champions] VGC 2026 Reg M-B (Bo3)
|rated|
|rule|Species Clause: Limit one of each Pokémon
|rule|Item Clause: Limit 1 of each item
|clearpoke
|poke|p1|Swampert, L50, M|
|poke|p1|Archaludon, L50, F|
|poke|p1|Pelipper, L50, M|
|poke|p1|Sinistcha-Masterpiece, L50|
|poke|p1|Sableye, L50, F|
|poke|p1|Metagross, L50|
|poke|p2|Meganium, L50, M|
|poke|p2|Tyranitar, L50, M|
|poke|p2|Excadrill, L50, M|
|poke|p2|Houndstone, L50, M|
|poke|p2|Rotom-Wash, L50|
|poke|p2|Hydreigon, L50, M|
|teampreview|4
|showteam|p1|Swampert||Swampertite|Torrent|WaveCrash,IcePunch,HighHorsepower,Protect|Adamant||M|||50|]Archaludon||Leftovers|Stamina|ElectroShot,AuraSphere,FlashCannon,Protect|Modest||F|||50|]Pelipper||FocusSash|Drizzle|Hurricane,WeatherBall,Tailwind,Protect|Modest||M|||50|]Sinistcha-Masterpiece||ColburBerry|Hospitality|MatchaGotcha,ShadowBall,RagePowder,Protect|Timid|||||50|]Sableye||RoseliBerry|Prankster|WillOWisp,RainDance,Quash,LightScreen|Bold||F|||50|]Metagross||Metagrossite|ClearBody|BodyPress,IronHead,PsychicFangs,Protect|Jolly|||||50|
|showteam|p2|Meganium||Meganiumite|LeafGuard|SolarBeam,WeatherBall,EarthPower,Protect|Serious||M|||50|]Tyranitar||Tyranitarite|SandStream|RockSlide,KnockOff,DragonDance,Protect|Adamant||M|||50|]Excadrill||FocusSash|SandRush|Earthquake,RockSlide,IronHead,Protect|Adamant||M|||50|]Houndstone||SitrusBerry|SandRush|LastRespects,WillOWisp,Roar,Protect|Adamant||M|||50|]Rotom-Wash||Leftovers|Levitate|Thunderbolt,VoltSwitch,HydroPump,Protect|Bold|||||50|]Hydreigon||LifeOrb|Levitate|DracoMeteor,DarkPulse,Tailwind,Protect|Timid||M|||50|
|inactive|Battle timer is ON: inactive players will automatically lose when time's up. (requested by SiniVGC)
|
|t:|1783554039
|teamsize|p1|4
|teamsize|p2|4
|start
|switch|p1a: Archaludon|Archaludon, L50, F|100/100
|switch|p1b: Pelipper|Pelipper, L50, M|100/100
|switch|p2a: Meganium|Meganium, L50, M|100/100
|switch|p2b: Hydreigon|Hydreigon, L50, M|100/100
|-weather|RainDance|[from] ability: Drizzle|[of] p1b: Pelipper
|turn|1
|inactive|extreme90 has 30 seconds left.
|
|t:|1783554064
|detailschange|p2a: Meganium|Meganium-Mega, L50, M
|-mega|p2a: Meganium|Meganium|Meganiumite
|move|p2b: Hydreigon|Dark Pulse|p1b: Pelipper
|-damage|p1b: Pelipper|5/100
|-damage|p2b: Hydreigon|90/100|[from] item: Life Orb
|move|p2a: Meganium|Solar Beam||[still]
|-prepare|p2a: Meganium|Solar Beam
|-activate|p2a: Meganium|ability: Mega Sol
|-anim|p2a: Meganium|Solar Beam|p1b: Pelipper
|-damage|p1b: Pelipper|0 fnt
|faint|p1b: Pelipper
|move|p1a: Archaludon|Electro Shot||[still]
|-prepare|p1a: Archaludon|Electro Shot
|-boost|p1a: Archaludon|spa|1
|-anim|p1a: Archaludon|Electro Shot|p2b: Hydreigon
|-resisted|p2b: Hydreigon|1
|-damage|p2b: Hydreigon|55/100
|
|-weather|RainDance|[upkeep]
|upkeep
|
|t:|1783554086
|switch|p1b: Sinistcha|Sinistcha-Masterpiece, L50|100/100
|turn|2
|
|t:|1783554109
|move|p1b: Sinistcha|Rage Powder|p1b: Sinistcha
|-singleturn|p1b: Sinistcha|move: Rage Powder
|move|p2b: Hydreigon|Tailwind|p2b: Hydreigon
|-sidestart|p2: SiniVGC|move: Tailwind
|move|p2a: Meganium|Weather Ball|p1b: Sinistcha
|-supereffective|p1b: Sinistcha|1
|-damage|p1b: Sinistcha|0 fnt
|faint|p1b: Sinistcha
|move|p1a: Archaludon|Aura Sphere|p2b: Hydreigon
|-supereffective|p2b: Hydreigon|1
|-damage|p2b: Hydreigon|0 fnt
|faint|p2b: Hydreigon
|
|-weather|RainDance|[upkeep]
|upkeep
|
|t:|1783554122
|switch|p2b: Houndstone|Houndstone, L50, M|100/100
|switch|p1b: Metagross|Metagross, L50|100/100
|turn|3
|
|t:|1783554133
|detailschange|p1b: Metagross|Metagross-Mega, L50
|-mega|p1b: Metagross|Metagross|Metagrossite
|move|p2a: Meganium|Earth Power|p1a: Archaludon
|-supereffective|p1a: Archaludon|1
|-damage|p1a: Archaludon|24/100
|-ability|p1a: Archaludon|Stamina|boost
|-boost|p1a: Archaludon|def|1
|move|p2b: Houndstone|Will-O-Wisp|p1b: Metagross|[miss]
|-miss|p2b: Houndstone|p1b: Metagross
|move|p1b: Metagross|Iron Head|p2a: Meganium
|-supereffective|p2a: Meganium|1
|-damage|p2a: Meganium|0 fnt
|faint|p2a: Meganium
|move|p1a: Archaludon|Electro Shot||[still]
|-prepare|p1a: Archaludon|Electro Shot
|-boost|p1a: Archaludon|spa|1
|-anim|p1a: Archaludon|Electro Shot|p2b: Houndstone
|-damage|p2b: Houndstone|15/100
|-enditem|p2b: Houndstone|Sitrus Berry|[eat]
|-heal|p2b: Houndstone|40/100|[from] item: Sitrus Berry
|
|-weather|RainDance|[upkeep]
|-heal|p1a: Archaludon|30/100|[from] item: Leftovers
|upkeep
|
|t:|1783554142
|switch|p2a: Tyranitar|Tyranitar, L50, M|100/100
|-weather|Sandstorm|[from] ability: Sand Stream|[of] p2a: Tyranitar
|turn|4
|
|t:|1783554155
|move|p1b: Metagross|Protect|p1b: Metagross
|-singleturn|p1b: Metagross|Protect
|move|p1a: Archaludon|Protect|p1a: Archaludon
|-singleturn|p1a: Archaludon|Protect
|move|p2b: Houndstone|Last Respects|p1a: Archaludon
|-activate|p1a: Archaludon|move: Protect
|move|p2a: Tyranitar|Knock Off|p1a: Archaludon
|-activate|p1a: Archaludon|move: Protect
|
|-weather|Sandstorm|[upkeep]
|-heal|p1a: Archaludon|36/100|[from] item: Leftovers
|upkeep
|turn|5
|
|t:|1783554173
|move|p2b: Houndstone|Last Respects|p1a: Archaludon
|-damage|p1a: Archaludon|5/100
|-ability|p1a: Archaludon|Stamina|boost
|-boost|p1a: Archaludon|def|1
|move|p2a: Tyranitar|Knock Off|p1a: Archaludon
|-crit|p1a: Archaludon
|-damage|p1a: Archaludon|0 fnt
|-enditem|p1a: Archaludon|Leftovers|[from] move: Knock Off|[of] p2a: Tyranitar
|faint|p1a: Archaludon
|move|p1b: Metagross|Body Press|p2a: Tyranitar
|-supereffective|p2a: Tyranitar|2
|-damage|p2a: Tyranitar|0 fnt
|faint|p2a: Tyranitar
|
|-weather|Sandstorm|[upkeep]
|-sideend|p2: SiniVGC|move: Tailwind
|upkeep
|turn|6
|
|t:|1783554187
|move|p2b: Houndstone|Last Respects|p1b: Metagross
|-supereffective|p1b: Metagross|1
|-damage|p1b: Metagross|0 fnt
|faint|p1b: Metagross
|
|win|SiniVGC
|raw|extreme90's rating: 1093 → 1071(-22 for losing)
|raw|SiniVGC's rating: 1116 → 1139(+23 for winning)
|l|☆extreme90
|player|p1|
