|j|☆pokehugov
|j|☆Olciax34
|html|pokehugovOlciax34    
|uhtml|bestof|Game 1 of a best-of-3
|t:|1783625602
|gametype|doubles
|player|p1|pokehugov|169|1262
|player|p2|Olciax34|clair|1221
|gen|9
|tier|[Gen 9 Champions] VGC 2026 Reg M-B (Bo3)
|rated|
|rule|Species Clause: Limit one of each Pokémon
|rule|Item Clause: Limit 1 of each item
|clearpoke
|poke|p1|Aerodactyl, L50, F|
|poke|p1|Kingambit, L50, M|
|poke|p1|Sylveon, L50, M|
|poke|p1|Garchomp, L50, M|
|poke|p1|Charizard, L50, F|
|poke|p1|Farigiraf, L50, F|
|poke|p2|Lopunny, L50, M|
|poke|p2|Clefable, L50, M|
|poke|p2|Ceruledge, L50, M|
|poke|p2|Milotic, L50, F|
|poke|p2|Sinistcha, L50|
|poke|p2|Raichu, L50, M|
|teampreview|4
|showteam|p1|Aerodactyl||Aerodactylite|RockHead|RockSlide,Tailwind,IceFang,DualWingbeat|Jolly||F|||50|]Kingambit||FocusSash|Defiant|IronHead,KowtowCleave,LowKick,SuckerPunch|Adamant||M|||50|]Sylveon||FairyFeather|Pixilate|HyperVoice,HyperBeam,QuickAttack,Protect|Modest||M|||50|]Garchomp||LifeOrb|RoughSkin|Earthquake,DragonClaw,RockSlide,Protect|Jolly||M|||50|]Charizard||CharizarditeY|Blaze|HeatWave,SolarBeam,WeatherBall,Protect|Modest||F|||50|]Farigiraf||SitrusBerry|ArmorTail|Thunderbolt,Roar,TwinBeam,TrickRoom|Bold||F|||50|
|showteam|p2|Lopunny||Lopunnite|Limber|CloseCombat,FakeOut,Uturn,Protect|Jolly||M|||50|]Clefable||SitrusBerry|Unaware|FollowMe,Moonblast,AfterYou,Protect|Relaxed||M|||50|]Ceruledge||ColburBerry|FlashFire|ShadowSneak,BitterBlade,BulkUp,Protect|Adamant||M|||50|]Milotic||Leftovers|Competitive|MuddyWater,Coil,Hypnosis,Protect|Bold||F|||50|]Sinistcha||KasibBerry|Hospitality|MatchaGotcha,LifeDew,RagePowder,StrengthSap|Calm|||||50|]Raichu||RaichuniteY|LightningRod|FakeOut,ZapCannon,FocusBlast,Protect|Modest||M|||50|
|inactive|Battle timer is ON: inactive players will automatically lose when time's up. (requested by Olciax34)
|inactive|Olciax34 has 60 seconds left.
|
|t:|1783625643
|teamsize|p1|4
|teamsize|p2|4
|start
|switch|p1a: Aerodactyl|Aerodactyl, L50, F|100/100
|switch|p1b: Charizard|Charizard, L50, F|100/100
|switch|p2a: Lopunny|Lopunny, L50, M|100/100
|switch|p2b: Ceruledge|Ceruledge, L50, M|100/100
|turn|1
|
|t:|1783625661
|detailschange|p2a: Lopunny|Lopunny-Mega, L50, M
|-mega|p2a: Lopunny|Lopunny|Lopunnite
|move|p1b: Charizard|Protect|p1b: Charizard
|-singleturn|p1b: Charizard|Protect
|move|p2a: Lopunny|Fake Out|p1b: Charizard
|-activate|p1b: Charizard|move: Protect
|move|p1a: Aerodactyl|Tailwind|p1a: Aerodactyl
|-sidestart|p1: pokehugov|move: Tailwind
|move|p2b: Ceruledge|Bulk Up|p2b: Ceruledge
|-boost|p2b: Ceruledge|atk|1
|-boost|p2b: Ceruledge|def|1
|
|upkeep
|turn|2
|inactive|pokehugov has 30 seconds left.
|
|t:|1783625689
|switch|p1b: Farigiraf|Farigiraf, L50, F|100/100
|switch|p2a: Clefable|Clefable, L50, M|100/100
|detailschange|p1a: Aerodactyl|Aerodactyl-Mega, L50, F
|-mega|p1a: Aerodactyl|Aerodactyl|Aerodactylite
|move|p1a: Aerodactyl|Dual Wingbeat|p2a: Clefable
|-damage|p2a: Clefable|77/100
|-damage|p2a: Clefable|51/100
|-hitcount|p2a: Clefable|2
|move|p2b: Ceruledge|Bitter Blade|p1a: Aerodactyl
|-resisted|p1a: Aerodactyl|1
|-damage|p1a: Aerodactyl|57/100
|
|upkeep
|turn|3
|inactive|pokehugov has 30 seconds left.
|
|t:|1783625718
|move|p2a: Clefable|Follow Me|p2a: Clefable
|-singleturn|p2a: Clefable|move: Follow Me
|move|p1a: Aerodactyl|Rock Slide|p2a: Clefable|[spread] p2a,p2b
|-supereffective|p2b: Ceruledge|1
|-damage|p2a: Clefable|27/100
|-damage|p2b: Ceruledge|49/100
|-enditem|p2a: Clefable|Sitrus Berry|[eat]
|-heal|p2a: Clefable|52/100|[from] item: Sitrus Berry
|move|p2b: Ceruledge|Bitter Blade|p1b: Farigiraf
|-damage|p1b: Farigiraf|47/100
|-heal|p2b: Ceruledge|82/100|[from] drain|[of] p1b: Farigiraf
|-enditem|p1b: Farigiraf|Sitrus Berry|[eat]
|-heal|p1b: Farigiraf|71/100|[from] item: Sitrus Berry
|move|p1b: Farigiraf|Roar|p2a: Clefable
|drag|p2a: Milotic|Milotic, L50, F|100/100
|
|upkeep
|turn|4
|inactive|pokehugov has 30 seconds left.
|inactive|Olciax34 has 30 seconds left.
|
|t:|1783625745
|move|p2b: Ceruledge|Protect|p2b: Ceruledge
|-singleturn|p2b: Ceruledge|Protect
|move|p1a: Aerodactyl|Dual Wingbeat|p2a: Milotic
|-damage|p2a: Milotic|78/100
|-damage|p2a: Milotic|57/100
|-hitcount|p2a: Milotic|2
|move|p2a: Milotic|Muddy Water|p1b: Farigiraf|[spread] p1a,p1b
|-supereffective|p1a: Aerodactyl|1
|-damage|p1a: Aerodactyl|0 fnt
|-damage|p1b: Farigiraf|52/100
|faint|p1a: Aerodactyl
|move|p1b: Farigiraf|Roar|p2b: Ceruledge
|drag|p2b: Clefable|Clefable, L50, M|52/100
|
|-heal|p2a: Milotic|63/100|[from] item: Leftovers
|-sideend|p1: pokehugov|move: Tailwind
|upkeep
|
|t:|1783625762
|switch|p1a: Garchomp|Garchomp, L50, M|100/100
|turn|5
|
|t:|1783625782
|move|p2b: Clefable|Follow Me|p2b: Clefable
|-singleturn|p2b: Clefable|move: Follow Me
|move|p1a: Garchomp|Rock Slide|p2a: Milotic|[spread] p2a,p2b
|-damage|p2a: Milotic|46/100
|-damage|p2b: Clefable|34/100
|-damage|p1a: Garchomp|90/100|[from] item: Life Orb
|cant|p2a: Milotic|flinch
|move|p1b: Farigiraf|Thunderbolt|p2b: Clefable
|-damage|p2b: Clefable|16/100
|
|-heal|p2a: Milotic|51/100|[from] item: Leftovers
|upkeep
|turn|6
|inactive|pokehugov has 30 seconds left.
|inactive|pokehugov has 20 seconds left.
|
|t:|1783625818
|move|p2b: Clefable|Follow Me|p2b: Clefable
|-singleturn|p2b: Clefable|move: Follow Me
|move|p1a: Garchomp|Rock Slide|p2a: Milotic|[spread] p2a,p2b
|-damage|p2a: Milotic|34/100
|-damage|p2b: Clefable|0 fnt
|faint|p2b: Clefable
|-damage|p1a: Garchomp|80/100|[from] item: Life Orb
|cant|p2a: Milotic|flinch
|move|p1b: Farigiraf|Roar|p2a: Milotic
|drag|p2a: Lopunny|Lopunny-Mega, L50, M|100/100
|
|upkeep
|
|t:|1783625832
|switch|p2b: Milotic|Milotic, L50, F|34/100
|turn|7
|
|t:|1783625841
|move|p2a: Lopunny|Close Combat|p1a: Garchomp
|-damage|p1a: Garchomp|23/100
|-unboost|p2a: Lopunny|def|1
|-unboost|p2a: Lopunny|spd|1
|-damage|p2a: Lopunny|88/100|[from] ability: Rough Skin|[of] p1a: Garchomp
|move|p1a: Garchomp|Dragon Claw|p2b: Milotic
|-damage|p2b: Milotic|0 fnt
|faint|p2b: Milotic
|-damage|p1a: Garchomp|13/100|[from] item: Life Orb
|move|p1b: Farigiraf|Twin Beam|p2a: Lopunny
|-supereffective|p2a: Lopunny|1
|-damage|p2a: Lopunny|24/100
|-supereffective|p2a: Lopunny|1
|-damage|p2a: Lopunny|0 fnt
|faint|p2a: Lopunny
|-hitcount|p2: Lopunny|2
|
|upkeep
|
|t:|1783625857
|switch|p2b: Ceruledge|Ceruledge, L50, M|82/100
|turn|8
|
|t:|1783625873
|move|p1a: Garchomp|Earthquake|p2b: Ceruledge|[spread] p1b,p2b
|-supereffective|p2b: Ceruledge|1
|-damage|p1b: Farigiraf|14/100
|-damage|p2b: Ceruledge|0 fnt
|faint|p2b: Ceruledge
|-damage|p1a: Garchomp|3/100|[from] item: Life Orb
|
|win|pokehugov
