|j|☆fubaguy
|j|☆Geauxing2anfield
|html|fubaguyGeauxing2anfield    
|uhtml|bestof|Game 1 of a best-of-3
|t:|1782266519
|gametype|doubles
|player|p1|fubaguy|hilda-wonderlauncher|
|player|p2|Geauxing2anfield|bugcatcher-gen4dp|
|gen|9
|tier|[Gen 9 Champions] VGC 2026 Reg M-B (Bo3)
|rule|Species Clause: Limit one of each Pokémon
|rule|Item Clause: Limit 1 of each item
|clearpoke
|poke|p1|Corviknight, L50, M|
|poke|p1|Bastiodon, L50, M, shiny|
|poke|p1|Samurott-Hisui, L50, M, shiny|
|poke|p1|Gardevoir, L50, F|
|poke|p1|Vanilluxe, L50, F|
|poke|p1|Espathra, L50, F|
|poke|p2|Meowstic, L50, M|
|poke|p2|Floette-Eternal, L50, F|
|poke|p2|Sharpedo, L50, M|
|poke|p2|Orthworm, L50, M|
|poke|p2|Scovillain, L50, M|
|poke|p2|Golurk, L50|
|teampreview|4
|showteam|p1|Corviknight||LifeOrb|MirrorArmor|IronHead,BraveBird,Tailwind,Roost|Adamant||M|||50|]Bastiodon||Leftovers|Sturdy|IronHead,FoulPlay,WideGuard,BodyPress|Adamant||M|||50|]Samurott-Hisui||FocusSash|Sharpness|RazorShell,CeaselessEdge,SacredSword,Protect|Adamant||M|||50|]Gardevoir||Gardevoirite|Trace|HyperVoice,ShadowBall,Moonblast,Protect|Modest||F|||50|]Vanilluxe||ChoiceScarf|SnowWarning|Blizzard,FreezeDry,FlashCannon,IcyWind|Modest||F|||50|]Espathra||SitrusBerry|SpeedBoost|LuminaCrash,ShadowBall,FlashCannon,Protect|Modest||F|||50|
|showteam|p2|Meowstic||Meowsticite|Prankster|TrickRoom,FakeOut,ThunderWave,RainDance|Sassy||M|||50|]Floette-Eternal||Floettite|FlowerVeil|LightofRuin,Moonblast,Psychic,Protect|Timid||F|||50|]Sharpedo||Sharpedonite|SpeedBoost|Protect,CloseCombat,IceFang,Liquidation|Jolly||M|||50|]Orthworm||FocusSash|EarthEater|RockSlide,BodyPress,IronDefense,HighHorsepower|Adamant||M|||50|]Scovillain||MentalHerb|Chlorophyll|RagePowder,SuperFang,WillOWisp,SunnyDay|Timid||M|||50|]Golurk||LifeOrb|NoGuard|Earthquake,IcePunch,ShadowPunch,Protect|Adamant|||||50|
|c|☆fubaguy|glhf
|c|☆Geauxing2anfield|Glhf
|
|t:|1782266606
|teamsize|p1|4
|teamsize|p2|4
|start
|switch|p1a: Darth Vader|Corviknight, L50, M|100/100
|switch|p1b: Princess Leia|Espathra, L50, F|100/100
|switch|p2a: Meowstic|Meowstic, L50, M|100/100
|switch|p2b: Golurk|Golurk, L50|100/100
|turn|1
|
|t:|1782266641
|switch|p1a: Luke Skywalker|Samurott-Hisui, L50, M, shiny|100/100
|move|p2a: Meowstic|Fake Out|p1a: Luke Skywalker
|-damage|p1a: Luke Skywalker|92/100
|move|p1b: Princess Leia|Shadow Ball|p2b: Golurk
|-supereffective|p2b: Golurk|1
|-damage|p2b: Golurk|45/100
|move|p2b: Golurk|Shadow Punch|p1b: Princess Leia
|-supereffective|p1b: Princess Leia|1
|-damage|p1b: Princess Leia|0 fnt
|faint|p1b: Princess Leia
|-damage|p2b: Golurk|36/100|[from] item: Life Orb
|
|upkeep
|
|t:|1782266654
|switch|p1b: Padmé Amidala|Gardevoir, L50, F|100/100
|-ability|p1b: Padmé Amidala|No Guard|Trace|[from] ability: Trace|[of] p2b: Golurk
|turn|2
|
|t:|1782266677
|detailschange|p1b: Padmé Amidala|Gardevoir-Mega, L50, F
|-mega|p1b: Padmé Amidala|Gardevoir|Gardevoirite
|move|p2b: Golurk|Protect|p2b: Golurk
|-singleturn|p2b: Golurk|Protect
|move|p1a: Luke Skywalker|Ceaseless Edge|p2a: Meowstic|[miss]
|-miss|p1a: Luke Skywalker|p2a: Meowstic
|move|p1b: Padmé Amidala|Hyper Voice|p2b: Golurk|[spread] p2a
|-activate|p2b: Golurk|move: Protect
|-damage|p2a: Meowstic|53/100
|move|p2a: Meowstic|Trick Room|p2a: Meowstic
|-fieldstart|move: Trick Room|[of] p2a: Meowstic
|
|upkeep
|turn|3
|
|t:|1782266703
|move|p1b: Padmé Amidala|Protect|p1b: Padmé Amidala
|-singleturn|p1b: Padmé Amidala|Protect
|move|p2a: Meowstic|Thunder Wave|p1a: Luke Skywalker
|-hint|Since gen 7, Dark is immune to Prankster moves.
|-immune|p1a: Luke Skywalker
|move|p2b: Golurk|Shadow Punch|p1b: Padmé Amidala
|-activate|p1b: Padmé Amidala|move: Protect
|move|p1a: Luke Skywalker|Ceaseless Edge|p2b: Golurk
|-supereffective|p2b: Golurk|1
|-crit|p2b: Golurk
|-damage|p2b: Golurk|0 fnt
|-sidestart|p2: Geauxing2anfield|Spikes
|faint|p2b: Golurk
|
|upkeep
|
|t:|1782266723
|switch|p2b: Scovillain|Scovillain, L50, M|100/100
|-damage|p2b: Scovillain|87/100|[from] Spikes
|turn|4
|
|t:|1782266757
|move|p2a: Meowstic|Thunder Wave|p1b: Padmé Amidala
|-status|p1b: Padmé Amidala|par
|move|p1b: Padmé Amidala|Shadow Ball|p2a: Meowstic
|-supereffective|p2a: Meowstic|1
|-damage|p2a: Meowstic|0 fnt
|faint|p2a: Meowstic
|move|p1a: Luke Skywalker|Ceaseless Edge|p2b: Scovillain
|-damage|p2b: Scovillain|21/100
|-sidestart|p2: Geauxing2anfield|Spikes
|move|p2b: Scovillain|Will-O-Wisp|p1a: Luke Skywalker|[miss]
|-miss|p2b: Scovillain|p1a: Luke Skywalker
|
|upkeep
|
|t:|1782266771
|switch|p2a: Sharpedo|Sharpedo, L50, M|100/100
|-damage|p2a: Sharpedo|83/100|[from] Spikes
|turn|5
|
|t:|1782266798
|move|p2b: Scovillain|Rage Powder|p2b: Scovillain
|-singleturn|p2b: Scovillain|move: Rage Powder
|move|p1b: Padmé Amidala|Hyper Voice|p2b: Scovillain|[spread] p2a,p2b
|-supereffective|p2a: Sharpedo|1
|-resisted|p2b: Scovillain|1
|-damage|p2a: Sharpedo|0 fnt
|-damage|p2b: Scovillain|0 fnt
|faint|p2a: Sharpedo
|faint|p2b: Scovillain
|
|win|fubaguy
|inactive|fubaguy has 30 seconds to confirm battle start!
|inactive|Geauxing2anfield has 30 seconds to confirm battle start!
|c|☆fubaguy|gg
||fubaguy is ready for game 2.
|c|☆Geauxing2anfield|Gg
||Geauxing2anfield is ready for game 2.
|uhtml|next|Next: Game 2 of 3
|j| frosteefromyt
|l|☆Geauxing2anfield
|player|p2|
|l| frosteefromyt
