|j|☆sum1dum
|j|☆Glawkus
|html|sum1dumGlawkus    
|uhtml|bestof|Game 1 of a best-of-3
|t:|1782356199
|gametype|doubles
|player|p1|sum1dum|rosa|1038
|player|p2|Glawkus|caitlin|1053
|gen|9
|tier|[Gen 9 Champions] VGC 2026 Reg M-B (Bo3)
|rated|
|rule|Species Clause: Limit one of each Pokémon
|rule|Item Clause: Limit 1 of each item
|clearpoke
|poke|p1|Kommo-o, L50, F|
|poke|p1|Primarina, L50, M|
|poke|p1|Metagross, L50|
|poke|p1|Ninetales-Alola, L50, F|
|poke|p1|Incineroar, L50, M|
|poke|p1|Sinistcha, L50|
|poke|p2|Sinistcha, L50|
|poke|p2|Glimmora, L50, F|
|poke|p2|Appletun, L50, M|
|poke|p2|Toxapex, L50, F|
|poke|p2|Corviknight, L50, F|
|poke|p2|Mawile, L50, M|
|teampreview|4
|showteam|p1|Kommo-o||ShellBell|Soundproof|ClangorousSoul,ClangingScales,AuraSphere,Protect|Timid||F|||50|]Primarina||Leftovers|LiquidVoice|CalmMind,HyperVoice,Moonblast,Protect|Modest||M|||50|]Metagross||Metagrossite|ClearBody|BulletPunch,IronHead,Protect,PsychicFangs|Jolly|||||50|]Ninetales-Alola||LightClay|SnowWarning|AuroraVeil,FreezeDry,Moonblast,Protect|Timid||F|||50|]Incineroar||ChopleBerry|Intimidate|FakeOut,FlareBlitz,DarkestLariat,PartingShot|Impish||M|||50|]Sinistcha||SitrusBerry|Hospitality|MatchaGotcha,Protect,LifeDew,RagePowder|Bold|||||50|
|showteam|p2|Sinistcha||SitrusBerry|Hospitality|MatchaGotcha,RagePowder,Protect,LifeDew|Bold|||||50|]Glimmora||Glimmoranite|ToxicDebris|PowerGem,SludgeBomb,SpikyShield,EarthPower|Timid||F|||50|]Appletun||BigRoot|ThickFat|AppleAcid,DragonPulse,LeechSeed,Protect|Calm||M|||50|]Toxapex||Leftovers|Regenerator|Recover,Toxic,BanefulBunker,Infestation|Bold||F|||50|]Corviknight||OccaBerry|MirrorArmor|BraveBird,BodyPress,Roost,IronHead|Impish||F|||50|]Mawile||Mawilite|Intimidate|PlayRough,Protect,IronHead,SuckerPunch|Adamant||M|||50|
|inactive|Battle timer is ON: inactive players will automatically lose when time's up. (requested by sum1dum)
|inactive|sum1dum has 60 seconds left.
|inactive|Glawkus has 60 seconds left.
|
|t:|1782356236
|teamsize|p1|4
|teamsize|p2|4
|start
|switch|p1a: Patience|Primarina, L50, M|100/100
|switch|p1b: Integrity|Ninetales-Alola, L50, F|100/100
|switch|p2a: Glimmora|Glimmora, L50, F|100/100
|switch|p2b: Toxapex|Toxapex, L50, F|100/100
|-weather|Snowscape|[from] ability: Snow Warning|[of] p1b: Integrity
|turn|1
|
|t:|1782356260
|detailschange|p2a: Glimmora|Glimmora-Mega, L50, F
|-mega|p2a: Glimmora|Glimmora|Glimmoranite
|move|p1a: Patience|Protect|p1a: Patience
|-singleturn|p1a: Patience|Protect
|move|p1b: Integrity|Aurora Veil|p1b: Integrity
|-sidestart|p1: sum1dum|move: Aurora Veil
|move|p2a: Glimmora|Sludge Bomb|p1b: Integrity
|-supereffective|p1b: Integrity|1
|-damage|p1b: Integrity|0 fnt
|faint|p1b: Integrity
|move|p2b: Toxapex|Toxic|p1a: Patience
|-activate|p1a: Patience|move: Protect
|
|-weather|Snowscape|[upkeep]
|upkeep
|
|t:|1782356265
|switch|p1b: Perseverance|Metagross, L50|100/100
|turn|2
|inactive|sum1dum has 30 seconds left.
|
|t:|1782356292
|switch|p1a: Justice|Incineroar, L50, M|100/100
|-ability|p1a: Justice|Intimidate|boost
|-unboost|p2a: Glimmora|atk|1
|-unboost|p2b: Toxapex|atk|1
|detailschange|p1b: Perseverance|Metagross-Mega, L50
|-mega|p1b: Perseverance|Metagross|Metagrossite
|move|p2a: Glimmora|Spiky Shield|p2a: Glimmora
|-singleturn|p2a: Glimmora|move: Protect
|move|p1b: Perseverance|Psychic Fangs|p2b: Toxapex
|-supereffective|p2b: Toxapex|1
|-damage|p2b: Toxapex|23/100
|move|p2b: Toxapex|Toxic|p1a: Justice
|-status|p1a: Justice|tox
|
|-weather|Snowscape|[upkeep]
|-heal|p2b: Toxapex|29/100|[from] item: Leftovers
|-damage|p1a: Justice|94/100 tox|[from] psn
|upkeep
|turn|3
|inactive|Glawkus has 30 seconds left.
|
|t:|1782356321
|-heal|p2b: Toxapex|62/100|[from] ability: Regenerator|[silent]
|switch|p2b: Corviknight|Corviknight, L50, F|100/100
|move|p1a: Justice|Fake Out|p2a: Glimmora
|-resisted|p2a: Glimmora|1
|-damage|p2a: Glimmora|94/100
|move|p1b: Perseverance|Psychic Fangs|p2b: Corviknight
|-resisted|p2b: Corviknight|1
|-damage|p2b: Corviknight|82/100
|cant|p2a: Glimmora|flinch
|
|-weather|Snowscape|[upkeep]
|-damage|p1a: Justice|82/100 tox|[from] psn
|upkeep
|turn|4
|
|t:|1782356344
|move|p1b: Perseverance|Iron Head|p2b: Corviknight
|-resisted|p2b: Corviknight|1
|-damage|p2b: Corviknight|63/100
|move|p2a: Glimmora|Earth Power|p1b: Perseverance
|-supereffective|p1b: Perseverance|1
|-damage|p1b: Perseverance|47/100
|move|p2b: Corviknight|Body Press|p1a: Justice
|-supereffective|p1a: Justice|1
|-enditem|p1a: Justice|Chople Berry|[eat]
|-enditem|p1a: Justice|Chople Berry|[weaken]
|-damage|p1a: Justice|67/100 tox
|move|p1a: Justice|Flare Blitz|p2b: Corviknight
|-supereffective|p2b: Corviknight|1
|-enditem|p2b: Corviknight|Occa Berry|[eat]
|-enditem|p2b: Corviknight|Occa Berry|[weaken]
|-damage|p2b: Corviknight|32/100
|-damage|p1a: Justice|57/100 tox|[from] Recoil
|
|-weather|Snowscape|[upkeep]
|-damage|p1a: Justice|39/100 tox|[from] psn
|upkeep
|turn|5
|
|t:|1782356366
|move|p1b: Perseverance|Psychic Fangs|p2a: Glimmora
|-supereffective|p2a: Glimmora|1
|-damage|p2a: Glimmora|0 fnt
|faint|p2a: Glimmora
|move|p2b: Corviknight|Roost|p2b: Corviknight
|-heal|p2b: Corviknight|82/100
|-singleturn|p2b: Corviknight|move: Roost
|move|p1a: Justice|Parting Shot|p2b: Corviknight
|-ability|p2b: Corviknight|Mirror Armor
|-unboost|p1a: Justice|atk|1
|-ability|p2b: Corviknight|Mirror Armor
|-unboost|p1a: Justice|spa|1
|
|t:|1782356368
|switch|p1a: Patience|Primarina, L50, M|100/100|[from] Parting Shot
|
|-weather|none
|upkeep
|
|t:|1782356387
|switch|p2a: Toxapex|Toxapex, L50, F|62/100
|turn|6
|
|t:|1782356402
|move|p1b: Perseverance|Psychic Fangs|p2a: Toxapex
|-supereffective|p2a: Toxapex|1
|-damage|p2a: Toxapex|0 fnt
|faint|p2a: Toxapex
|move|p2b: Corviknight|Iron Head|p1a: Patience
|-damage|p1a: Patience|82/100
|move|p1a: Patience|Hyper Voice|p2b: Corviknight
|-damage|p2b: Corviknight|40/100
|
|-heal|p1a: Patience|88/100|[from] item: Leftovers
|upkeep
|
|t:|1782356411
|switch|p2a: Sinistcha|Sinistcha, L50|100/100
|-heal|p2b: Corviknight|64/100|[from] ability: Hospitality|[of] p2a: Sinistcha
|turn|7
|
|t:|1782356424
|move|p1b: Perseverance|Psychic Fangs|p2a: Sinistcha
|-crit|p2a: Sinistcha
|-damage|p2a: Sinistcha|35/100
|-enditem|p2a: Sinistcha|Sitrus Berry|[eat]
|-heal|p2a: Sinistcha|60/100|[from] item: Sitrus Berry
|move|p2a: Sinistcha|Matcha Gotcha|p1b: Perseverance|[spread] p1a,p1b
|-supereffective|p1a: Patience|1
|-resisted|p1b: Perseverance|1
|-damage|p1a: Patience|59/100
|-heal|p2a: Sinistcha|75/100|[from] drain|[of] p1a: Patience
|-damage|p1b: Perseverance|38/100
|-heal|p2a: Sinistcha|79/100|[from] drain|[of] p1b: Perseverance
|-status|p1b: Perseverance|brn
|move|p2b: Corviknight|Iron Head|p1b: Perseverance
|-resisted|p1b: Perseverance|1
|-damage|p1b: Perseverance|31/100 brn
|move|p1a: Patience|Moonblast|p2a: Sinistcha
|-damage|p2a: Sinistcha|19/100
|
|-heal|p1a: Patience|65/100|[from] item: Leftovers
|-damage|p1b: Perseverance|25/100 brn|[from] brn
|upkeep
|turn|8
|inactive|Glawkus has 30 seconds left.
|
|t:|1782356457
|move|p1b: Perseverance|Psychic Fangs|p2a: Sinistcha
|-damage|p2a: Sinistcha|0 fnt
|faint|p2a: Sinistcha
|move|p2b: Corviknight|Brave Bird|p1b: Perseverance
|-resisted|p1b: Perseverance|1
|-damage|p1b: Perseverance|15/100 brn
|-damage|p2b: Corviknight|62/100|[from] Recoil
|move|p1a: Patience|Hyper Voice|p2b: Corviknight
|-damage|p2b: Corviknight|19/100
|
|-heal|p1a: Patience|71/100|[from] item: Leftovers
|-damage|p1b: Perseverance|10/100 brn|[from] brn
|-sideend|p1: sum1dum|move: Aurora Veil
|upkeep
|turn|9
|
|t:|1782356470
|move|p1b: Perseverance|Iron Head|p2b: Corviknight
|-resisted|p2b: Corviknight|1
|-crit|p2b: Corviknight
|-damage|p2b: Corviknight|6/100
|move|p2b: Corviknight|Roost|p2b: Corviknight
|-heal|p2b: Corviknight|56/100
|-singleturn|p2b: Corviknight|move: Roost
|move|p1a: Patience|Hyper Voice|p2b: Corviknight
|-damage|p2b: Corviknight|9/100
|
|-heal|p1a: Patience|77/100|[from] item: Leftovers
|-damage|p1b: Perseverance|4/100 brn|[from] brn
|upkeep
|turn|10
|
|t:|1782356485
|move|p1b: Perseverance|Bullet Punch|p2b: Corviknight
|-resisted|p2b: Corviknight|1
|-damage|p2b: Corviknight|4/100
|move|p2b: Corviknight|Roost|p2b: Corviknight
|-heal|p2b: Corviknight|55/100
|-singleturn|p2b: Corviknight|move: Roost
|move|p1a: Patience|Hyper Voice|p2b: Corviknight
|-damage|p2b: Corviknight|12/100
|
|-heal|p1a: Patience|83/100|[from] item: Leftovers
|-damage|p1b: Perseverance|0 fnt|[from] brn
|faint|p1b: Perseverance
|upkeep
|
|t:|1782356488
|switch|p1b: Justice|Incineroar, L50, M|39/100 tox
|-ability|p1b: Justice|Intimidate|boost
|-ability|p2b: Corviknight|Mirror Armor
|-unboost|p1b: Justice|atk|1
|turn|11
|
|t:|1782356504
|move|p1b: Justice|Fake Out|p2b: Corviknight
|-resisted|p2b: Corviknight|1
|-damage|p2b: Corviknight|10/100
|cant|p2b: Corviknight|flinch
|move|p1a: Patience|Hyper Voice|p2b: Corviknight
|-damage|p2b: Corviknight|0 fnt
|faint|p2b: Corviknight
|
|win|sum1dum
