|j|☆new mental
|j|☆raksbach
|html|new mentalraksbach    
|uhtml|bestof|Game 3 of a best-of-3
|t:|1786027089
|gametype|doubles
|player|p1|new mental|volkner|
|player|p2|raksbach|doubleteam|
|gen|9
|tier|[Gen 9 Champions] VGC 2026 Reg M-B (Bo3)
|rule|Species Clause: Limit one of each Pokémon
|rule|Item Clause: Limit 1 of each item
|clearpoke
|poke|p1|Charizard, L50, M|
|poke|p1|Garchomp, L50, M|
|poke|p1|Incineroar, L50, M|
|poke|p1|Venusaur, L50, M|
|poke|p1|Toxapex, L50, M|
|poke|p1|Sylveon, L50, F|
|poke|p2|Raichu, L50, F|
|poke|p2|Staraptor, L50, F|
|poke|p2|Arcanine-Hisui, L50, M|
|poke|p2|Farigiraf, L50, M|
|poke|p2|Sylveon, L50, F|
|poke|p2|Kingambit, L50, M|
|teampreview|4
|showteam|p1|Charizard||CharizarditeY|Blaze|WeatherBall,HeatWave,AncientPower,Protect|Modest||M|||50|]Garchomp||ChoiceScarf|RoughSkin|RockSlide,DragonClaw,Earthquake,StompingTantrum|Adamant||M|||50|]Incineroar||SitrusBerry|Intimidate|FlareBlitz,FakeOut,DarkestLariat,PartingShot|Impish||M|||50|]Venusaur||LifeOrb|Chlorophyll|SludgeBomb,LeafStorm,EarthPower,Protect|Modest||M|||50|]Toxapex||Leftovers|Regenerator|Infestation,Toxic,WideGuard,BanefulBunker|Bold||M|||50|]Sylveon||FairyFeather|Pixilate|HyperVoice,QuickAttack,Yawn,Detect|Modest||F|||50|
|showteam|p2|Raichu||RaichuniteY|LightningRod|ZapCannon,FocusBlast,FakeOut,Protect|Timid||F|||50|]Staraptor||Staraptite|Intimidate|CloseCombat,DualWingbeat,Tailwind,Protect|Jolly||F|||50|]Arcanine-Hisui||FocusSash|RockHead|FlareBlitz,HeadSmash,ExtremeSpeed,Protect|Jolly||M|||50|]Farigiraf||SitrusBerry|ArmorTail|Psychic,HelpingHand,TrickRoom,Protect|Calm||M|||50|]Sylveon||FairyFeather|Pixilate|HyperVoice,QuickAttack,HyperBeam,Detect|Modest||F|||50|]Kingambit||LifeOrb|Defiant|KowtowCleave,SuckerPunch,SwordsDance,Protect|Adamant||M|||50|
|inactive|Battle timer is ON: inactive players will automatically lose when time's up. (requested by raksbach)
|inactive|new mental has 60 seconds left.
|
|t:|1786027144
|teamsize|p1|4
|teamsize|p2|4
|start
|switch|p1a: Charizard|Charizard, L50, M|100/100
|switch|p1b: Incineroar|Incineroar, L50, M|100/100
|switch|p2a: Staraptor|Staraptor, L50, F|100/100
|switch|p2b: Arcanine|Arcanine-Hisui, L50, M|100/100
|-ability|p2a: Staraptor|Intimidate|boost
|-unboost|p1a: Charizard|atk|1
|-unboost|p1b: Incineroar|atk|1
|-ability|p1b: Incineroar|Intimidate|boost
|-unboost|p2a: Staraptor|atk|1
|-unboost|p2b: Arcanine|atk|1
|turn|1
|
|t:|1786027158
|switch|p1a: Toxapex|Toxapex, L50, M|100/100
|detailschange|p2a: Staraptor|Staraptor-Mega, L50, F
|-mega|p2a: Staraptor|Staraptor|Staraptite
|move|p1b: Incineroar|Fake Out|p2a: Staraptor
|-damage|p2a: Staraptor|93/100
|cant|p2a: Staraptor|flinch
|move|p2b: Arcanine|Head Smash|p1a: Toxapex
|-damage|p1a: Toxapex|68/100
|
|-heal|p1a: Toxapex|74/100|[from] item: Leftovers
|upkeep
|turn|2
|
|t:|1786027172
|switch|p2b: Farigiraf|Farigiraf, L50, M|100/100
|move|p2a: Staraptor|Close Combat|p1b: Incineroar
|-supereffective|p1b: Incineroar|1
|-damage|p1b: Incineroar|34/100
|-boost|p2a: Staraptor|def|1
|-boost|p2a: Staraptor|spd|1
|-enditem|p1b: Incineroar|Sitrus Berry|[eat]
|-heal|p1b: Incineroar|59/100|[from] item: Sitrus Berry
|move|p1b: Incineroar|Parting Shot|p2b: Farigiraf
|-unboost|p2b: Farigiraf|atk|1
|-unboost|p2b: Farigiraf|spa|1
|
|t:|1786027183
|switch|p1b: Charizard|Charizard, L50, M|100/100|[from] Parting Shot
|move|p1a: Toxapex|Toxic|p2a: Staraptor
|-status|p2a: Staraptor|tox
|
|-heal|p1a: Toxapex|80/100|[from] item: Leftovers
|-damage|p2a: Staraptor|87/100 tox|[from] psn
|upkeep
|turn|3
|
|t:|1786027200
|switch|p2a: Arcanine|Arcanine-Hisui, L50, M|100/100
|detailschange|p1b: Charizard|Charizard-Mega-Y, L50, M
|-mega|p1b: Charizard|Charizard|Charizardite Y
|-weather|SunnyDay|[from] ability: Drought|[of] p1b: Charizard
|move|p1a: Toxapex|Baneful Bunker|p1a: Toxapex
|-singleturn|p1a: Toxapex|move: Protect
|move|p1b: Charizard|Heat Wave|p2a: Arcanine|[spread] p2b
|-miss|p1b: Charizard|p2a: Arcanine
|-damage|p2b: Farigiraf|50/100g
|move|p2b: Farigiraf|Psychic|p1a: Toxapex
|-activate|p1a: Toxapex|move: Protect
|
|-weather|SunnyDay|[upkeep]
|-heal|p1a: Toxapex|85/100|[from] item: Leftovers
|upkeep
|turn|4
|
|t:|1786027214
|switch|p1b: Incineroar|Incineroar, L50, M|59/100
|-ability|p1b: Incineroar|Intimidate|boost
|-unboost|p2a: Arcanine|atk|1
|-unboost|p2b: Farigiraf|atk|1
|move|p2a: Arcanine|Head Smash|p1b: Incineroar
|-supereffective|p1b: Incineroar|1
|-damage|p1b: Incineroar|0 fnt
|faint|p1b: Incineroar
|move|p2b: Farigiraf|Psychic|p1a: Toxapex
|-supereffective|p1a: Toxapex|1
|-damage|p1a: Toxapex|47/100
|move|p1a: Toxapex|Toxic|p2a: Arcanine
|-status|p2a: Arcanine|tox
|
|-weather|SunnyDay|[upkeep]
|-heal|p1a: Toxapex|53/100|[from] item: Leftovers
|-damage|p2a: Arcanine|94/100 tox|[from] psn
|upkeep
|
|t:|1786027219
|switch|p1b: Garchomp|Garchomp, L50, M|100/100
|turn|5
|
|t:|1786027236
|-heal|p1a: Toxapex|86/100|[from] ability: Regenerator|[silent]
|switch|p1a: Charizard|Charizard-Mega-Y, L50, M|100/100
|move|p1b: Garchomp|Earthquake|p2a: Arcanine|[spread] p2a,p2b
|-immune|p1a: Charizard
|-supereffective|p2a: Arcanine|2
|-damage|p2a: Arcanine|0 fnt
|-damage|p2b: Farigiraf|11/100
|-enditem|p2b: Farigiraf|Sitrus Berry|[eat]
|-heal|p2b: Farigiraf|36/100|[from] item: Sitrus Berry
|faint|p2a: Arcanine
|move|p2b: Farigiraf|Trick Room|p2b: Farigiraf
|-fieldstart|move: Trick Room|[of] p2b: Farigiraf
|
|-weather|SunnyDay|[upkeep]
|upkeep
|
|t:|1786027248
|switch|p2a: Sylveon|Sylveon, L50, F|100/100
|turn|6
|
|t:|1786027271
|switch|p1b: Toxapex|Toxapex, L50, M|86/100
|move|p2b: Farigiraf|Helping Hand|p2a: Sylveon
|-singleturn|p2a: Sylveon|Helping Hand|[of] p2b: Farigiraf
|move|p2a: Sylveon|Hyper Voice|p1a: Charizard|[spread] p1a,p1b
|-resisted|p1a: Charizard|1
|-resisted|p1b: Toxapex|1
|-crit|p1b: Toxapex
|-damage|p1a: Charizard|65/100
|-damage|p1b: Toxapex|48/100
|move|p1a: Charizard|Weather Ball|p2b: Farigiraf
|-damage|p2b: Farigiraf|0 fnt
|faint|p2b: Farigiraf
|
|-weather|SunnyDay|[upkeep]
|-heal|p1b: Toxapex|54/100|[from] item: Leftovers
|upkeep
|
|t:|1786027281
|switch|p2b: Staraptor|Staraptor-Mega, L50, F|87/100 tox
|turn|7
|
|t:|1786027299
|move|p1a: Charizard|Protect|p1a: Charizard
|-singleturn|p1a: Charizard|Protect
|move|p1b: Toxapex|Toxic|p2a: Sylveon
|-status|p2a: Sylveon|tox
|move|p2a: Sylveon|Hyper Beam|p1b: Toxapex
|-resisted|p1b: Toxapex|1
|-damage|p1b: Toxapex|17/100
|-mustrecharge|p2a: Sylveon
|move|p2b: Staraptor|Dual Wingbeat|p1b: Toxapex
|-damage|p1b: Toxapex|3/100
|-damage|p1b: Toxapex|0 fnt
|faint|p1b: Toxapex
|-hitcount|p1: Toxapex|2
|
|-weather|none
|-damage|p2a: Sylveon|93/100 tox|[from] psn
|-damage|p2b: Staraptor|81/100 tox|[from] psn
|upkeep
|
|t:|1786027303
|switch|p1b: Garchomp|Garchomp, L50, M|100/100
|turn|8
|inactive|new mental has 30 seconds left.
|
|t:|1786027331
|cant|p2a: Sylveon|recharge
|move|p1a: Charizard|Heat Wave|p2b: Staraptor|[spread] p2a,p2b
|-damage|p2a: Sylveon|62/100 tox
|-damage|p2b: Staraptor|36/100 tox
|move|p2b: Staraptor|Dual Wingbeat|p1a: Charizard
|-damage|p1a: Charizard|42/100
|-damage|p1a: Charizard|18/100
|-hitcount|p1a: Charizard|2
|move|p1b: Garchomp|Earthquake|p2a: Sylveon|[spread] p2a
|-immune|p1a: Charizard
|-immune|p2b: Staraptor
|-damage|p2a: Sylveon|14/100 tox
|
|-damage|p2a: Sylveon|2/100 tox|[from] psn
|-damage|p2b: Staraptor|25/100 tox|[from] psn
|upkeep
|turn|9
|inactive|new mental has 30 seconds left.
|inactive|raksbach has 30 seconds left.
|
|t:|1786027364
|move|p2a: Sylveon|Hyper Voice|p1a: Charizard|[spread] p1a,p1b
|-resisted|p1a: Charizard|1
|-supereffective|p1b: Garchomp|1
|-damage|p1a: Charizard|0 fnt
|-damage|p1b: Garchomp|0 fnt
|faint|p1a: Charizard
|faint|p1b: Garchomp
|
|win|raksbach
