|j|☆Jahim The Cream
|j|☆PaoloIsAnOshawott
|html|Jahim The CreamPaoloIsAnOshawott    
|uhtml|bestof|Game 2 of a best-of-3
|t:|1785613613
|gametype|doubles
|player|p1|Jahim The Cream|miku-ground|
|player|p2|PaoloIsAnOshawott|hugh|
|gen|9
|tier|[Gen 9 Champions] VGC 2026 Reg M-B (Bo3)
|rule|Species Clause: Limit one of each Pokémon
|rule|Item Clause: Limit 1 of each item
|clearpoke
|poke|p1|Pelipper, L50, F|
|poke|p1|Basculegion, L50, M|
|poke|p1|Swampert, L50, M|
|poke|p1|Starmie, L50|
|poke|p1|Primarina, L50, F|
|poke|p1|Samurott-Hisui, L50, F|
|poke|p2|Pelipper, L50, F|
|poke|p2|Swampert, L50, M|
|poke|p2|Basculegion, L50, M|
|poke|p2|Empoleon, L50, M, shiny|
|poke|p2|Samurott-Hisui, L50, M|
|poke|p2|Toxapex, L50, F, shiny|
|teampreview|4
|showteam|p1|Pelipper||FocusSash|Drizzle|Protect,WeatherBall,Hurricane,Tailwind|Modest||F|||50|]Basculegion||ChoiceScarf|Adaptability|LastRespects,WaveCrash,AquaJet,FlipTurn|Adamant||M|||50|]Swampert||Swampertite|Torrent|Protect,WaveCrash,Earthquake,IcePunch|Adamant||M|||50|]Starmie||Starminite|NaturalCure|Liquidation,PsychoCut,IceSpinner,Protect|Jolly|||||50|]Primarina||SitrusBerry|LiquidVoice|Moonblast,HyperVoice,EnergyBall,Protect|Modest||F|||50|]Samurott-Hisui||LifeOrb|Sharpness|NightSlash,AquaCutter,SacredSword,SuckerPunch|Adamant||F|||50|
|showteam|p2|Pelipper||FocusSash|Drizzle|Hurricane,WeatherBall,Tailwind,Protect|Timid||F|||50|]Swampert||Swampertite|Damp|WaveCrash,HighHorsepower,Protect,IcePunch|Adamant||M|||50|]Basculegion||ChoiceScarf|Adaptability|LastRespects,WaveCrash,FlipTurn,AquaJet|Jolly||M|||50|]Empoleon||SitrusBerry|Competitive|Surf,FlashCannon,Roost,Roar|Quiet||M|||50|]Samurott-Hisui||LifeOrb|Sharpness|CeaselessEdge,AquaCutter,SuckerPunch,SacredSword|Adamant||M|||50|]Toxapex||Leftovers|Merciless|Toxic,Infestation,WideGuard,Recover|Sassy||F|||50|
|inactive|Battle timer is ON: inactive players will automatically lose when time's up. (requested by Jahim The Cream)
|j| GamerDzha
|j| CapppedHD
|j| AustinMcballs
|j| LokaReborn
|inactive|Jahim The Cream has 60 seconds left.
|
|t:|1785613644
|teamsize|p1|4
|teamsize|p2|4
|start
|switch|p1a: Primarina|Primarina, L50, F|100/100
|switch|p1b: Pelipper|Pelipper, L50, F|100/100
|switch|p2a: Samurott|Samurott-Hisui, L50, M|100/100
|switch|p2b: Swampert|Swampert, L50, M|100/100
|-weather|RainDance|[from] ability: Drizzle|[of] p1b: Pelipper
|turn|1
|
|t:|1785613669
|detailschange|p2b: Swampert|Swampert-Mega, L50, M
|-mega|p2b: Swampert|Swampert|Swampertite
|move|p2b: Swampert|Wave Crash|p1b: Pelipper
|-resisted|p1b: Pelipper|1
|-damage|p1b: Pelipper|20/100y
|-damage|p2b: Swampert|79/100|[from] Recoil
|move|p2a: Samurott|Ceaseless Edge|p1b: Pelipper
|-damage|p1b: Pelipper|0 fnt
|-sidestart|p1: Jahim The Cream|Spikes
|faint|p1b: Pelipper
|-damage|p2a: Samurott|90/100|[from] item: Life Orb
|move|p1a: Primarina|Energy Ball|p2b: Swampert
|-supereffective|p2b: Swampert|2
|-damage|p2b: Swampert|0 fnt
|faint|p2b: Swampert
|
|-weather|RainDance|[upkeep]
|upkeep
|
|t:|1785613692
|switch|p2b: Basculegion|Basculegion, L50, M|100/100
|switch|p1b: Swampert|Swampert, L50, M|100/100
|-damage|p1b: Swampert|87/100|[from] Spikes
|turn|2
|inactive|PaoloIsAnOshawott has 30 seconds left.
|inactive|PaoloIsAnOshawott has 20 seconds left.
|
|t:|1785613730
|detailschange|p1b: Swampert|Swampert-Mega, L50, M
|-mega|p1b: Swampert|Swampert|Swampertite
|move|p2a: Samurott|Sucker Punch|p1a: Primarina
|-resisted|p1a: Primarina|1
|-damage|p1a: Primarina|70/100
|-damage|p2a: Samurott|80/100|[from] item: Life Orb
|move|p1b: Swampert|Wave Crash|p2a: Samurott
|-resisted|p2a: Samurott|1
|-damage|p2a: Samurott|17/100
|-damage|p1b: Swampert|67/100|[from] Recoil
|move|p2b: Basculegion|Last Respects|p1a: Primarina
|-damage|p1a: Primarina|0 fnt
|faint|p1a: Primarina
|
|-weather|RainDance|[upkeep]
|upkeep
|
|t:|1785613744
|switch|p1a: Samurott|Samurott-Hisui, L50, F|100/100
|-damage|p1a: Samurott|88/100|[from] Spikes
|turn|3
|j| Brmo1031
|
|t:|1785613767
|switch|p2b: Pelipper|Pelipper, L50, F|100/100
|move|p1a: Samurott|Sucker Punch||[still]
|-fail|p1a: Samurott
|move|p1b: Swampert|Wave Crash|p2a: Samurott
|-resisted|p2a: Samurott|1
|-damage|p2a: Samurott|0 fnt
|faint|p2a: Samurott
|-damage|p1b: Swampert|61/100|[from] Recoil
|
|-weather|RainDance|[upkeep]
|upkeep
|
|t:|1785613772
|switch|p2a: Basculegion|Basculegion, L50, M|100/100
|turn|4
|inactive|Jahim The Cream has 30 seconds left.
|inactive|PaoloIsAnOshawott has 30 seconds left.
|j| Antboy12
|
|t:|1785613805
|move|p2a: Basculegion|Aqua Jet|p1b: Swampert
|-damage|p1b: Swampert|26/100
|move|p1b: Swampert|Wave Crash|p2b: Pelipper
|-resisted|p2b: Pelipper|1
|-damage|p2b: Pelipper|25/100
|-damage|p1b: Swampert|8/100|[from] Recoil
|move|p1a: Samurott|Night Slash|p2a: Basculegion
|-supereffective|p2a: Basculegion|1
|-damage|p2a: Basculegion|0 fnt
|faint|p2a: Basculegion
|-damage|p1a: Samurott|78/100|[from] item: Life Orb
|move|p2b: Pelipper|Hurricane|p1b: Swampert
|-damage|p1b: Swampert|0 fnt
|faint|p1b: Swampert
|
|-weather|RainDance|[upkeep]
|upkeep
|turn|5
|
|t:|1785613815
|move|p1a: Samurott|Night Slash|p2b: Pelipper
|-damage|p2b: Pelipper|0 fnt
|faint|p2b: Pelipper
|-damage|p1a: Samurott|68/100|[from] item: Life Orb
|
|win|Jahim The Cream
|c|☆Jahim The Cream|ggs
