|j|☆royflashgordon
|j|☆PutoLen35
|html|royflashgordonPutoLen35    
|uhtml|bestof|Game 2 of a best-of-3
|t:|1756324732
|gametype|doubles
|player|p1|royflashgordon|dancer|1041
|player|p2|PutoLen35|preschooler|1076
|gen|9
|tier|[Gen 9] VGC 2025 Reg H (Bo3)
|rated|
|rule|Species Clause: Limit one of each Pokémon
|rule|Item Clause: Limit 1 of each item
|clearpoke
|poke|p1|Sneasler, L50, M|
|poke|p1|Indeedee, L50, M|
|poke|p1|Ursaluna-Bloodmoon, L50, M|
|poke|p1|Electabuzz, L50, M|
|poke|p1|Incineroar, L50, F|
|poke|p1|Talonflame, L50, F|
|poke|p2|Whimsicott, L50, F|
|poke|p2|Garchomp, L50, M|
|poke|p2|Gholdengo, L50|
|poke|p2|Incineroar, L50, M|
|poke|p2|Sneasler, L50, M|
|poke|p2|Dragonite, L50, F|
|teampreview|4
|showteam|p1|Sneasler||PsychicSeed|Unburden|CloseCombat,DireClaw,ThroatChop,Protect|||M|||50|,,,,,Dark]Indeedee||FocusSash|PsychicSurge|ExpandingForce,TrickRoom,HelpingHand,Protect|||M|||50|,,,,,Psychic]Ursaluna-Bloodmoon||LifeOrb|MindsEye|BloodMoon,HyperVoice,EarthPower,Protect|||M|||50|,,,,,Normal]Electabuzz||Eviolite|VitalSpirit|Electroweb,FollowMe,Taunt,Protect|||M|||50|,,,,,Dragon]Incineroar||SafetyGoggles|Intimidate|FlareBlitz,KnockOff,PartingShot,FakeOut|||F|||50|,,,,,Ghost]Talonflame||CovertCloak|GaleWings|FlareBlitz,DualWingbeat,WillOWisp,Tailwind|||F|||50|,,,,,Fairy
|showteam|p2|Whimsicott||FocusSash|Prankster|Moonblast,Tailwind,Encore,Protect|||F|||50|,,,,,Ghost]Garchomp||LifeOrb|RoughSkin|Earthquake,DragonClaw,StompingTantrum,Protect|||M|||50|,,,,,Ground]Gholdengo||ChoiceSpecs|GoodasGold|MakeItRain,ShadowBall,Trick,Protect||||||50|,,,,,Steel]Incineroar||AssaultVest|Intimidate|FakeOut,FlareBlitz,KnockOff,Uturn|||M|||50|,,,,,Grass]Sneasler||WhiteHerb|Unburden|FakeOut,DireClaw,CloseCombat,Protect|||M|||50|,,,,,Stellar]Dragonite||ChoiceBand|InnerFocus|ExtremeSpeed,Outrage,IceSpinner,StompingTantrum|||F|||50|,,,,,Normal
|
|t:|1756324763
|teamsize|p1|4
|teamsize|p2|4
|start
|switch|p1a: Talonflame|Talonflame, L50, F|100/100
|switch|p1b: Ursaluna|Ursaluna-Bloodmoon, L50, M|100/100
|switch|p2a: Whimsicott|Whimsicott, L50, F|100/100
|switch|p2b: Incineroar|Incineroar, L50, M|100/100
|-ability|p2b: Incineroar|Intimidate|boost
|-unboost|p1a: Talonflame|atk|1
|-unboost|p1b: Ursaluna|atk|1
|turn|1
|inactive|Battle timer is ON: inactive players will automatically lose when time's up. (requested by PutoLen35)
|
|t:|1756324819
|move|p1a: Talonflame|Tailwind|p1a: Talonflame
|-sidestart|p1: royflashgordon|move: Tailwind
|move|p2a: Whimsicott|Tailwind|p2a: Whimsicott
|-sidestart|p2: PutoLen35|move: Tailwind
|move|p1b: Ursaluna|Earth Power|p2b: Incineroar
|-supereffective|p2b: Incineroar
|-damage|p2b: Incineroar|14/100
|-damage|p1b: Ursaluna|91/100|[from] item: Life Orb
|move|p2b: Incineroar|Knock Off|p1b: Ursaluna
|-crit|p1b: Ursaluna
|-damage|p1b: Ursaluna|39/100
|-enditem|p1b: Ursaluna|Life Orb|[from] move: Knock Off|[of] p2b: Incineroar
|
|upkeep
|turn|2
|inactive|royflashgordon has 30 seconds left.
|inactive|PutoLen35 has 30 seconds left.
|inactive|PutoLen35 has 20 seconds left.
|inactive|PutoLen35 has 15 seconds left.
|inactive|PutoLen35 has 10 seconds left.
|inactive|PutoLen35 has 5 seconds left.
|
|t:|1756324872
|switch|p2b: Garchomp|Garchomp, L50, M|100/100
|move|p2a: Whimsicott|Encore|p1b: Ursaluna
|-start|p1b: Ursaluna|Encore
|move|p1a: Talonflame|Will-O-Wisp|p2a: Whimsicott
|-status|p2a: Whimsicott|brn
|move|p1b: Ursaluna|Earth Power|p2b: Garchomp
|-damage|p2b: Garchomp|55/100
|
|-damage|p2a: Whimsicott|95/100 brn|[from] brn
|upkeep
|turn|3
|inactive|royflashgordon has 30 seconds left.
|inactive|PutoLen35 has 30 seconds left.
|inactive|royflashgordon has 20 seconds left.
|inactive|PutoLen35 has 20 seconds left.
|
|t:|1756324912
|move|p2b: Garchomp|Protect|p2b: Garchomp
|-singleturn|p2b: Garchomp|Protect
|move|p1a: Talonflame|Will-O-Wisp|p2b: Garchomp
|-activate|p2b: Garchomp|move: Protect
|move|p2a: Whimsicott|Moonblast|p1b: Ursaluna
|-damage|p1b: Ursaluna|0 fnt
|faint|p1b: Ursaluna
|
|-damage|p2a: Whimsicott|89/100 brn|[from] brn
|upkeep
|
|t:|1756324927
|switch|p1b: Indeedee|Indeedee, L50, M|100/100
|-fieldstart|move: Psychic Terrain|[from] ability: Psychic Surge|[of] p1b: Indeedee
|turn|4
|inactive|PutoLen35 has 30 seconds left.
|
|t:|1756324953
|move|p2a: Whimsicott|Protect|p2a: Whimsicott
|-singleturn|p2a: Whimsicott|Protect
|move|p1a: Talonflame|Dual Wingbeat|p2b: Garchomp
|-activate|p2b: Garchomp|move: Psychic Terrain
|move|p2b: Garchomp|Dragon Claw|p1a: Talonflame
|-damage|p1a: Talonflame|24/100
|-damage|p2b: Garchomp|45/100|[from] item: Life Orb
|move|p1b: Indeedee|Expanding Force|p2b: Garchomp|[spread] p2b
|-activate|p2a: Whimsicott|move: Protect
|-damage|p2b: Garchomp|0 fnt
|faint|p2b: Garchomp
|
|-damage|p2a: Whimsicott|83/100 brn|[from] brn
|-sideend|p2: PutoLen35|move: Tailwind
|-sideend|p1: royflashgordon|move: Tailwind
|upkeep
|
|t:|1756324971
|switch|p2b: Gholdengo|Gholdengo, L50|100/100
|turn|5
|inactive|royflashgordon has 30 seconds left.
|inactive|royflashgordon has 20 seconds left.
|inactive|royflashgordon has 15 seconds left.
|
|t:|1756325013
|move|p2a: Whimsicott|Tailwind|p2a: Whimsicott
|-sidestart|p2: PutoLen35|move: Tailwind
|move|p2b: Gholdengo|Make It Rain|p1b: Indeedee|[spread] p1a,p1b
|-resisted|p1a: Talonflame
|-damage|p1a: Talonflame|0 fnt
|-enditem|p1b: Indeedee|Focus Sash
|-damage|p1b: Indeedee|1/100
|-unboost|p2b: Gholdengo|spa|1
|faint|p1a: Talonflame
|move|p1b: Indeedee|Trick Room|p1b: Indeedee
|-fieldstart|move: Trick Room|[of] p1b: Indeedee
|
|-damage|p2a: Whimsicott|77/100 brn|[from] brn
|upkeep
|
|t:|1756325027
|switch|p1a: Sneasler|Sneasler, L50, M|100/100
|-enditem|p1a: Sneasler|Psychic Seed
|-boost|p1a: Sneasler|spd|1|[from] item: Psychic Seed
|turn|6
|inactive|PutoLen35 has 30 seconds left.
|
|t:|1756325059
|switch|p2b: Incineroar|Incineroar, L50, M|14/100
|-ability|p2b: Incineroar|Intimidate|boost
|-unboost|p1a: Sneasler|atk|1
|-unboost|p1b: Indeedee|atk|1
|move|p1b: Indeedee|Expanding Force|p2a: Whimsicott|[spread] p2a
|-immune|p2b: Incineroar
|-damage|p2a: Whimsicott|0 fnt
|faint|p2a: Whimsicott
|move|p1a: Sneasler|Close Combat|p2b: Incineroar
|-supereffective|p2b: Incineroar
|-damage|p2b: Incineroar|0 fnt
|-unboost|p1a: Sneasler|def|1
|-unboost|p1a: Sneasler|spd|1
|faint|p2b: Incineroar
|
|upkeep
|
|t:|1756325073
|switch|p2b: Gholdengo|Gholdengo, L50|100/100
|turn|7
|inactive|PutoLen35 has 30 seconds left.
|
|t:|1756325106
|-terastallize|p2b: Gholdengo|Steel
|-terastallize|p1a: Sneasler|Dark
|move|p1b: Indeedee|Helping Hand|p1a: Sneasler
|-singleturn|p1a: Sneasler|Helping Hand|[of] p1b: Indeedee
|move|p2b: Gholdengo|Make It Rain|p1a: Sneasler|[spread] p1a,p1b
|-damage|p1a: Sneasler|0 fnt
|-damage|p1b: Indeedee|0 fnt
|-unboost|p2b: Gholdengo|spa|1
|faint|p1a: Sneasler
|faint|p1b: Indeedee
|
|win|PutoLen35
|raw|royflashgordon's rating: 1041 → 1026(-15 for losing)
|raw|PutoLen35's rating: 1076 → 1102(+26 for winning)
|l|☆royflashgordon
|player|p1|
