|j|☆foloppo
|j|☆Plopy14
|html|foloppoPlopy14    
|uhtml|bestof|Game 3 of a best-of-3
|t:|1785595154
|gametype|doubles
|player|p1|foloppo|juggler|1231
|player|p2|Plopy14|bugcatcher|1274
|gen|9
|tier|[Gen 9 Champions] VGC 2026 Reg M-B (Bo3)
|rated|
|rule|Species Clause: Limit one of each Pokémon
|rule|Item Clause: Limit 1 of each item
|clearpoke
|poke|p1|Swampert, L50, M|
|poke|p1|Pelipper, L50, F|
|poke|p1|Archaludon, L50, F|
|poke|p1|Venusaur, L50, F|
|poke|p1|Gholdengo, L50|
|poke|p1|Grimmsnarl, L50, M|
|poke|p2|Toxapex, L50, M|
|poke|p2|Annihilape, L50, M|
|poke|p2|Incineroar, L50, M|
|poke|p2|Garchomp, L50, M|
|poke|p2|Venusaur, L50, F|
|poke|p2|Charizard, L50, F|
|teampreview|4
|showteam|p1|Swampert||Swampertite|Torrent|WaveCrash,IcePunch,Earthquake,Protect|Adamant||M|||50|]Pelipper||SitrusBerry|Drizzle|WeatherBall,Hurricane,Tailwind,Protect|Modest||F|||50|]Archaludon||Leftovers|Stamina|ElectroShot,DragonPulse,FlashCannon,Protect|Modest||F|||50|]Venusaur||Venusaurite|Chlorophyll|GigaDrain,EarthPower,SludgeBomb,Protect|Modest||F|||50|]Gholdengo||LifeOrb|GoodasGold|NastyPlot,Protect,MakeItRain,ShadowBall|Modest|||||50|]Grimmsnarl||LightClay|Prankster|Reflect,LightScreen,SpiritBreak,PartingShot|Careful||M|||50|
|showteam|p2|Toxapex||Leftovers|Regenerator|WideGuard,Infestation,Toxic,BanefulBunker|Bold||M|||50|]Annihilape||FocusSash|Defiant|PhantomForce,CloseCombat,RockTomb,Protect|Jolly||M|||50|]Incineroar||SitrusBerry|Intimidate|FlareBlitz,DarkestLariat,FakeOut,PartingShot|Careful||M|||50|]Garchomp||ChoiceScarf|RoughSkin|StompingTantrum,DragonClaw,RockSlide,Earthquake|Jolly||M|||50|]Venusaur||LifeOrb|Chlorophyll|SludgeBomb,SolarBeam,EarthPower,Protect|Modest||F|||50|]Charizard||CharizarditeY|Blaze|HeatWave,WeatherBall,HelpingHand,Protect|Modest||F|||50|
|inactive|Battle timer is ON: inactive players will automatically lose when time's up. (requested by foloppo)
|
|t:|1785595180
|teamsize|p1|4
|teamsize|p2|4
|start
|switch|p1a: Archaludon|Archaludon, L50, F|100/100
|switch|p1b: Grimmsnarl|Grimmsnarl, L50, M|100/100
|switch|p2a: Venusaur|Venusaur, L50, F|100/100
|switch|p2b: Charizard|Charizard, L50, F|100/100
|turn|1
|
|t:|1785595197
|switch|p2b: Garchomp|Garchomp, L50, M|100/100
|move|p1a: Archaludon|Protect|p1a: Archaludon
|-singleturn|p1a: Archaludon|Protect
|move|p1b: Grimmsnarl|Light Screen|p1b: Grimmsnarl
|-sidestart|p1: foloppo|move: Light Screen
|move|p2a: Venusaur|Earth Power|p1a: Archaludon
|-activate|p1a: Archaludon|move: Protect
|
|upkeep
|turn|2
|
|t:|1785595214
|move|p1b: Grimmsnarl|Reflect|p1b: Grimmsnarl
|-sidestart|p1: foloppo|Reflect
|move|p2b: Garchomp|Stomping Tantrum|p1a: Archaludon
|-supereffective|p1a: Archaludon|1
|-damage|p1a: Archaludon|59/100
|-ability|p1a: Archaludon|Stamina|boost
|-boost|p1a: Archaludon|def|1
|move|p1a: Archaludon|Dragon Pulse|p2b: Garchomp
|-supereffective|p2b: Garchomp|1
|-damage|p2b: Garchomp|11/100
|move|p2a: Venusaur|Earth Power|p1a: Archaludon
|-supereffective|p1a: Archaludon|1
|-damage|p1a: Archaludon|8/100
|-ability|p1a: Archaludon|Stamina|boost
|-boost|p1a: Archaludon|def|1
|-damage|p2a: Venusaur|90/100|[from] item: Life Orb
|
|-heal|p1a: Archaludon|14/100|[from] item: Leftovers
|upkeep
|turn|3
|
|t:|1785595231
|move|p1a: Archaludon|Protect|p1a: Archaludon
|-singleturn|p1a: Archaludon|Protect
|move|p2b: Garchomp|Stomping Tantrum|p1a: Archaludon
|-activate|p1a: Archaludon|move: Protect
|move|p2a: Venusaur|Sludge Bomb|p1b: Grimmsnarl
|-supereffective|p1b: Grimmsnarl|1
|-damage|p1b: Grimmsnarl|34/100
|-damage|p2a: Venusaur|81/100|[from] item: Life Orb
|move|p1b: Grimmsnarl|Spirit Break|p2b: Garchomp
|-supereffective|p2b: Garchomp|1
|-damage|p2b: Garchomp|0 fnt
|-damage|p1b: Grimmsnarl|22/100|[from] ability: Rough Skin|[of] p2b: Garchomp
|faint|p2b: Garchomp
|
|-heal|p1a: Archaludon|20/100y|[from] item: Leftovers
|upkeep
|
|t:|1785595238
|switch|p2b: Annihilape|Annihilape, L50, M|100/100
|turn|4
|
|t:|1785595258
|switch|p1a: Venusaur|Venusaur, L50, F|100/100
|move|p1b: Grimmsnarl|Parting Shot|p2a: Venusaur
|-unboost|p2a: Venusaur|atk|1
|-unboost|p2a: Venusaur|spa|1
|
|t:|1785595263
|switch|p1b: Pelipper|Pelipper, L50, F|100/100|[from] Parting Shot
|-weather|RainDance|[from] ability: Drizzle|[of] p1b: Pelipper
|move|p2b: Annihilape|Close Combat|p1a: Venusaur
|-resisted|p1a: Venusaur|1
|-damage|p1a: Venusaur|76/100
|-unboost|p2b: Annihilape|def|1
|-unboost|p2b: Annihilape|spd|1
|move|p2a: Venusaur|Earth Power|p1b: Pelipper
|-immune|p1b: Pelipper
|
|-weather|RainDance|[upkeep]
|upkeep
|turn|5
|
|t:|1785595287
|detailschange|p1a: Venusaur|Venusaur-Mega, L50, F
|-mega|p1a: Venusaur|Venusaur|Venusaurite
|move|p2b: Annihilape|Phantom Force||[still]
|-prepare|p2b: Annihilape|Phantom Force
|move|p1a: Venusaur|Sludge Bomb|p2a: Venusaur
|-damage|p2a: Venusaur|26/100
|move|p2a: Venusaur|Sludge Bomb|p1b: Pelipper
|-damage|p1b: Pelipper|64/100
|-status|p1b: Pelipper|psn
|-damage|p2a: Venusaur|16/100|[from] item: Life Orb
|move|p1b: Pelipper|Weather Ball|p2b: Annihilape|[miss]
|-miss|p1b: Pelipper|p2b: Annihilape
|
|-weather|RainDance|[upkeep]
|-damage|p1b: Pelipper|51/100 psn|[from] psn
|upkeep
|turn|6
|
|t:|1785595304
|switch|p1b: Grimmsnarl|Grimmsnarl, L50, M|22/100
|move|p2b: Annihilape|Phantom Force|p1a: Venusaur|[from] lockedmove
|-damage|p1a: Venusaur|50/100g
|move|p1a: Venusaur|Sludge Bomb|p2a: Venusaur
|-damage|p2a: Venusaur|0 fnt
|faint|p2a: Venusaur
|
|-weather|RainDance|[upkeep]
|upkeep
|
|t:|1785595310
|switch|p2a: Charizard|Charizard, L50, F|100/100
|turn|7
|inactive|Plopy14 has 30 seconds left.
|
|t:|1785595344
|move|p2b: Annihilape|Protect|p2b: Annihilape
|-singleturn|p2b: Annihilape|Protect
|move|p2a: Charizard|Protect|p2a: Charizard
|-singleturn|p2a: Charizard|Protect
|move|p1a: Venusaur|Protect|p1a: Venusaur
|-singleturn|p1a: Venusaur|Protect
|move|p1b: Grimmsnarl|Parting Shot|p2a: Charizard
|-activate|p2a: Charizard|move: Protect
|
|-weather|RainDance|[upkeep]
|upkeep
|turn|8
|inactive|Plopy14 has 30 seconds left.
|
|t:|1785595370
|move|p1b: Grimmsnarl|Parting Shot|p2a: Charizard
|-unboost|p2a: Charizard|atk|1
|-unboost|p2a: Charizard|spa|1
|
|t:|1785595374
|switch|p1b: Archaludon|Archaludon, L50, F|20/100y|[from] Parting Shot
|move|p2b: Annihilape|Rock Tomb|p1b: Archaludon
|-resisted|p1b: Archaludon|1
|-damage|p1b: Archaludon|15/100
|-unboost|p1b: Archaludon|spe|1
|-ability|p1b: Archaludon|Stamina|boost
|-boost|p1b: Archaludon|def|1
|move|p2a: Charizard|Heat Wave|p1a: Venusaur|[spread] p1a,p1b
|-supereffective|p1a: Venusaur|1
|-damage|p1a: Venusaur|45/100
|-damage|p1b: Archaludon|9/100
|-ability|p1b: Archaludon|Stamina|boost
|-boost|p1b: Archaludon|def|1
|move|p1a: Venusaur|Sludge Bomb|p2a: Charizard
|-damage|p2a: Charizard|47/100
|
|-weather|none
|-heal|p1b: Archaludon|15/100|[from] item: Leftovers
|-sideend|p1: foloppo|move: Light Screen
|upkeep
|turn|9
|
|t:|1785595396
|detailschange|p2a: Charizard|Charizard-Mega-Y, L50, F
|-mega|p2a: Charizard|Charizard|Charizardite Y
|-weather|SunnyDay|[from] ability: Drought|[of] p2a: Charizard
|move|p1a: Venusaur|Protect|p1a: Venusaur
|-singleturn|p1a: Venusaur|Protect
|move|p2b: Annihilape|Close Combat|p1a: Venusaur
|-activate|p1a: Venusaur|move: Protect
|move|p2a: Charizard|Heat Wave|p1a: Venusaur|[spread] p1b
|-activate|p1a: Venusaur|move: Protect
|-damage|p1b: Archaludon|0 fnt
|faint|p1b: Archaludon
|
|-weather|SunnyDay|[upkeep]
|-sideend|p1: foloppo|Reflect
|upkeep
|
|t:|1785595412
|switch|p1b: Pelipper|Pelipper, L50, F|51/100 psn
|-weather|RainDance|[from] ability: Drizzle|[of] p1b: Pelipper
|turn|10
|
|t:|1785595422
|move|p2b: Annihilape|Rock Tomb|p1b: Pelipper
|-supereffective|p1b: Pelipper|1
|-damage|p1b: Pelipper|10/100 psn
|-unboost|p1b: Pelipper|spe|1
|-enditem|p1b: Pelipper|Sitrus Berry|[eat]
|-heal|p1b: Pelipper|35/100 psn|[from] item: Sitrus Berry
|move|p2a: Charizard|Heat Wave|p1b: Pelipper|[spread] p1a,p1b
|-supereffective|p1a: Venusaur|1
|-resisted|p1b: Pelipper|1
|-damage|p1a: Venusaur|35/100
|-damage|p1b: Pelipper|27/100 psn
|move|p1a: Venusaur|Giga Drain|p2b: Annihilape
|-damage|p2b: Annihilape|42/100
|-heal|p1a: Venusaur|65/100|[from] drain|[of] p2b: Annihilape
|move|p1b: Pelipper|Tailwind|p1b: Pelipper
|-sidestart|p1: foloppo|move: Tailwind
|
|-weather|RainDance|[upkeep]
|-damage|p1b: Pelipper|15/100 psn|[from] psn
|upkeep
|turn|11
|c|☆foloppo|gg
|
|t:|1785595444
|move|p2b: Annihilape|Protect|p2b: Annihilape
|-singleturn|p2b: Annihilape|Protect
|move|p1a: Venusaur|Giga Drain|p2b: Annihilape
|-activate|p2b: Annihilape|move: Protect
|move|p2a: Charizard|Weather Ball|p1b: Pelipper
|-resisted|p1b: Pelipper|1
|-damage|p1b: Pelipper|0 fnt
|faint|p1b: Pelipper
|
|-weather|RainDance|[upkeep]
|upkeep
|
|t:|1785595447
|switch|p1b: Grimmsnarl|Grimmsnarl, L50, M|22/100
|turn|12
|
|t:|1785595460
|move|p2a: Charizard|Protect|p2a: Charizard
|-singleturn|p2a: Charizard|Protect
|move|p1b: Grimmsnarl|Light Screen|p1b: Grimmsnarl
|-sidestart|p1: foloppo|move: Light Screen
|move|p1a: Venusaur|Giga Drain|p2b: Annihilape
|-damage|p2b: Annihilape|0 fnt
|-heal|p1a: Venusaur|87/100|[from] drain|[of] p2b: Annihilape
|faint|p2b: Annihilape
|
|-weather|RainDance|[upkeep]
|upkeep
|turn|13
|-message|Plopy14 forfeited.
|
|win|foloppo
|raw|foloppo's rating: 1231 → 1259(+28 for winning)
|raw|Plopy14's rating: 1274 → 1246(-28 for losing)
