|j|☆tlowmills
|j|☆homerj71
|html|tlowmillshomerj71    
|uhtml|bestof|Game 1 of a best-of-3
|t:|1783712877
|gametype|doubles
|player|p1|tlowmills|102|1190
|player|p2|homerj71|1|1206
|gen|9
|tier|[Gen 9 Champions] VGC 2026 Reg M-B (Bo3)
|rated|
|rule|Species Clause: Limit one of each Pokémon
|rule|Item Clause: Limit 1 of each item
|clearpoke
|poke|p1|Charizard, L50, F|
|poke|p1|Whimsicott, L50, F|
|poke|p1|Garchomp, L50, M|
|poke|p1|Basculegion, L50, M|
|poke|p1|Gholdengo, L50|
|poke|p1|Incineroar, L50, F|
|poke|p2|Sneasler, L50, M|
|poke|p2|Sinistcha, L50|
|poke|p2|Incineroar, L50, M|
|poke|p2|Kingambit, L50, M|
|poke|p2|Delphox, L50, F|
|poke|p2|Floette-Eternal, L50, F|
|teampreview|4
|showteam|p1|Charizard||CharizarditeY|Blaze|HeatWave,SolarBeam,WeatherBall,Protect|Modest||F|||50|]Whimsicott||FocusSash|Prankster|Moonblast,Tailwind,Protect,Encore|Timid||F|||50|]Garchomp||LifeOrb|RoughSkin|Earthquake,DragonClaw,Protect,RockSlide|Jolly||M|||50|]Basculegion||ChoiceScarf|Adaptability|FlipTurn,WaveCrash,LastRespects,AquaJet|Jolly||M|||50|]Gholdengo||MetalCoat|GoodasGold|MakeItRain,ShadowBall,Protect,NastyPlot|Modest|||||50|]Incineroar||SitrusBerry|Intimidate|ThroatChop,FlareBlitz,PartingShot,FakeOut|Impish||F|||50|
|showteam|p2|Sneasler||FocusSash|PoisonTouch|QuickGuard,FakeOut,DireClaw,CloseCombat|Jolly||M|||50|]Sinistcha||OccaBerry|Hospitality|Protect,RagePowder,MatchaGotcha,TrickRoom|Relaxed|||||50|]Incineroar||SitrusBerry|Intimidate|FakeOut,FlareBlitz,ThroatChop,PartingShot|Careful||M|||50|]Kingambit||BlackGlasses|Defiant|KowtowCleave,SwordsDance,SuckerPunch,Protect|Adamant||M|||50|]Delphox||Delphoxite|Blaze|Protect,NastyPlot,HeatWave,Psyshock|Timid||F|||50|]Floette-Eternal||Floettite|FlowerVeil|Moonblast,CalmMind,Protect,DazzlingGleam|Bold||F|||50|
|inactive|Battle timer is ON: inactive players will automatically lose when time's up. (requested by homerj71)
|inactive|homerj71 has 60 seconds left.
|
|t:|1783712910
|teamsize|p1|4
|teamsize|p2|4
|start
|switch|p1a: Whimsicott|Whimsicott, L50, F|100/100
|switch|p1b: Charizard|Charizard, L50, F|100/100
|switch|p2a: Incineroar|Incineroar, L50, M|100/100
|switch|p2b: Delphox|Delphox, L50, F|100/100
|-ability|p2a: Incineroar|Intimidate|boost
|-unboost|p1a: Whimsicott|atk|1
|-unboost|p1b: Charizard|atk|1
|turn|1
|
|t:|1783712929
|detailschange|p2b: Delphox|Delphox-Mega, L50, F
|-mega|p2b: Delphox|Delphox|Delphoxite
|detailschange|p1b: Charizard|Charizard-Mega-Y, L50, F
|-mega|p1b: Charizard|Charizard|Charizardite Y
|-weather|SunnyDay|[from] ability: Drought|[of] p1b: Charizard
|move|p2a: Incineroar|Fake Out|p1a: Whimsicott
|-damage|p1a: Whimsicott|84/100
|cant|p1a: Whimsicott|flinch
|move|p2b: Delphox|Heat Wave|p1b: Charizard|[spread] p1a,p1b
|-supereffective|p1a: Whimsicott|1
|-resisted|p1b: Charizard|1
|-damage|p1a: Whimsicott|0 fnt
|-damage|p1b: Charizard|67/100
|faint|p1a: Whimsicott
|move|p1b: Charizard|Heat Wave|p2a: Incineroar|[spread] p2a,p2b
|-resisted|p2a: Incineroar|1
|-crit|p2a: Incineroar
|-resisted|p2b: Delphox|1
|-damage|p2a: Incineroar|59/100
|-damage|p2b: Delphox|64/100
|
|-weather|SunnyDay|[upkeep]
|upkeep
|
|t:|1783712944
|switch|p1a: Garchomp|Garchomp, L50, M|100/100
|turn|2
|
|t:|1783712949
|switch|p2a: Sinistcha|Sinistcha, L50|100/100
|-heal|p2b: Delphox|89/100|[from] ability: Hospitality|[of] p2a: Sinistcha
|move|p2b: Delphox|Protect|p2b: Delphox
|-singleturn|p2b: Delphox|Protect
|move|p1a: Garchomp|Rock Slide|p2a: Sinistcha|[spread] p2a
|-activate|p2b: Delphox|move: Protect
|-damage|p2a: Sinistcha|80/100
|-damage|p1a: Garchomp|90/100|[from] item: Life Orb
|move|p1b: Charizard|Heat Wave|p2b: Delphox|[spread] p2a
|-activate|p2b: Delphox|move: Protect
|-supereffective|p2a: Sinistcha|1
|-enditem|p2a: Sinistcha|Occa Berry|[eat]
|-enditem|p2a: Sinistcha|Occa Berry|[weaken]
|-damage|p2a: Sinistcha|6/100
|
|-weather|SunnyDay|[upkeep]
|upkeep
|turn|3
|inactive|homerj71 has 30 seconds left.
|
|t:|1783712978
|switch|p2a: Incineroar|Incineroar, L50, M|59/100
|-ability|p2a: Incineroar|Intimidate|boost
|-unboost|p1a: Garchomp|atk|1
|-unboost|p1b: Charizard|atk|1
|move|p2b: Delphox|Nasty Plot|p2b: Delphox
|-boost|p2b: Delphox|spa|2
|move|p1a: Garchomp|Rock Slide|p2b: Delphox|[spread] p2a,p2b
|-supereffective|p2a: Incineroar|1
|-supereffective|p2b: Delphox|1
|-damage|p2a: Incineroar|25/100
|-damage|p2b: Delphox|45/100
|-enditem|p2a: Incineroar|Sitrus Berry|[eat]
|-heal|p2a: Incineroar|50/100g|[from] item: Sitrus Berry
|-damage|p1a: Garchomp|80/100|[from] item: Life Orb
|move|p1b: Charizard|Heat Wave|p2a: Incineroar|[spread] p2a,p2b
|-resisted|p2a: Incineroar|1
|-resisted|p2b: Delphox|1
|-damage|p2a: Incineroar|21/100
|-damage|p2b: Delphox|12/100
|
|-weather|SunnyDay|[upkeep]
|upkeep
|turn|4
|
|t:|1783713000
|switch|p2a: Sinistcha|Sinistcha, L50|6/100
|-heal|p2b: Delphox|37/100|[from] ability: Hospitality|[of] p2a: Sinistcha
|move|p2b: Delphox|Protect|p2b: Delphox
|-singleturn|p2b: Delphox|Protect
|move|p1a: Garchomp|Protect|p1a: Garchomp
|-singleturn|p1a: Garchomp|Protect
|move|p1b: Charizard|Protect||[still]
|-fail|p1b: Charizard
|
|-weather|SunnyDay|[upkeep]
|upkeep
|turn|5
|
|t:|1783713014
|switch|p2a: Incineroar|Incineroar, L50, M|21/100
|-ability|p2a: Incineroar|Intimidate|boost
|-unboost|p1a: Garchomp|atk|1
|-unboost|p1b: Charizard|atk|1
|move|p2b: Delphox|Psyshock|p1a: Garchomp
|-damage|p1a: Garchomp|0 fnt
|faint|p1a: Garchomp
|move|p1b: Charizard|Heat Wave|p2b: Delphox|[spread] p2a,p2b
|-resisted|p2a: Incineroar|1
|-resisted|p2b: Delphox|1
|-damage|p2a: Incineroar|0 fnt
|-damage|p2b: Delphox|7/100
|faint|p2a: Incineroar
|
|-weather|none
|upkeep
|
|t:|1783713022
|switch|p1a: Basculegion|Basculegion, L50, M|100/100
|switch|p2a: Sinistcha|Sinistcha, L50|6/100
|-heal|p2b: Delphox|32/100|[from] ability: Hospitality|[of] p2a: Sinistcha
|turn|6
|
|t:|1783713049
|move|p2a: Sinistcha|Rage Powder|p2a: Sinistcha
|-singleturn|p2a: Sinistcha|move: Rage Powder
|move|p1a: Basculegion|Last Respects|p2a: Sinistcha
|-supereffective|p2a: Sinistcha|1
|-damage|p2a: Sinistcha|0 fnt
|faint|p2a: Sinistcha
|move|p2b: Delphox|Psyshock|p1a: Basculegion
|-damage|p1a: Basculegion|0 fnt
|faint|p1a: Basculegion
|move|p1b: Charizard|Heat Wave|p2b: Delphox
|-resisted|p2b: Delphox|1
|-damage|p2b: Delphox|1/100
|
|upkeep
|
|t:|1783713056
|switch|p2a: Kingambit|Kingambit, L50, M|100/100
|turn|7
|
|t:|1783713062
|move|p2a: Kingambit|Sucker Punch|p1b: Charizard
|-crit|p1b: Charizard
|-damage|p1b: Charizard|0 fnt
|faint|p1b: Charizard
|
|win|homerj71
