|j|☆iliasdelm
|j|☆Vitor_hsaf
|html|iliasdelmVitor_hsaf    
|uhtml|bestof|Game 2 of a best-of-3
|t:|1756318782
|gametype|doubles
|player|p1|iliasdelm|gambler|1138
|player|p2|Vitor_hsaf|blue|1218
|gen|9
|tier|[Gen 9] VGC 2025 Reg H (Bo3)
|rated|
|rule|Species Clause: Limit one of each Pokémon
|rule|Item Clause: Limit 1 of each item
|clearpoke
|poke|p1|Primarina, L50, F|
|poke|p1|Incineroar, L50, M|
|poke|p1|Gholdengo, L50|
|poke|p1|Ursaluna, L50, M|
|poke|p1|Amoonguss, L50, F|
|poke|p1|Porygon2, L50|
|poke|p2|Amoonguss, L50, F|
|poke|p2|Sneasler, L50, F|
|poke|p2|Gholdengo, L50|
|poke|p2|Incineroar, L50, F|
|poke|p2|Ursaluna-Bloodmoon, L50, M|
|poke|p2|Dragonite, L50, M|
|teampreview|4
|showteam|p1|Primarina||ThroatSpray|LiquidVoice|HyperVoice,Moonblast,Haze,Protect|||F|||50|,,,,,Poison]Incineroar||AssaultVest|Intimidate|FlareBlitz,KnockOff,FakeOut,Uturn|||M|||50|,,,,,Grass]Gholdengo||LifeOrb|GoodasGold|MakeItRain,ShadowBall,NastyPlot,Protect||||||50|,,,,,Water]Ursaluna||FlameOrb|Guts|Facade,HeadlongRush,Protect,Substitute|||M|||50|,,,,,Ghost]Amoonguss||SitrusBerry|Regenerator|PollenPuff,Spore,RagePowder,GigaDrain|||F|||50|,,,,,Electric]Porygon2||Eviolite|Download|IceBeam,TeraBlast,Recover,TrickRoom||||||50|,,,,,Fighting
|showteam|p2|Amoonguss||SitrusBerry|Regenerator|RagePowder,Spore,PollenPuff,Protect|||F|||50|,,,,,Psychic]Sneasler||FocusSash|Unburden|Protect,DireClaw,CloseCombat,ThroatChop|||F|||50|,,,,,Stellar]Gholdengo||LifeOrb|GoodasGold|Protect,MakeItRain,ShadowBall,NastyPlot||||||50|,,,,,Water]Incineroar||SafetyGoggles|Intimidate|KnockOff,PartingShot,FlareBlitz,FakeOut|||F|||50|,,,,,Ghost]Ursaluna-Bloodmoon||AssaultVest|MindsEye|BloodMoon,EarthPower,VacuumWave,HyperVoice|||M|||50|,,,,,Water]Dragonite||LoadedDice|Multiscale|ScaleShot,Tailwind,Haze,Protect|||M|||50|,,,,,Fairy
|inactive|Battle timer is ON: inactive players will automatically lose when time's up. (requested by Vitor_hsaf)
|
|t:|1756318800
|teamsize|p1|4
|teamsize|p2|4
|start
|switch|p1a: Incineroar|Incineroar, L50, M|100/100
|switch|p1b: Gholdengo|Gholdengo, L50|100/100
|switch|p2a: Zzzzzzzz|Amoonguss, L50, F|100/100
|switch|p2b: Tony|Ursaluna-Bloodmoon, L50, M|100/100
|-ability|p1a: Incineroar|Intimidate|boost
|-unboost|p2a: Zzzzzzzz|atk|1
|-unboost|p2b: Tony|atk|1
|turn|1
|
|t:|1756318809
|move|p1a: Incineroar|Fake Out|p2b: Tony
|-damage|p2b: Tony|91/100
|move|p1b: Gholdengo|Nasty Plot|p1b: Gholdengo
|-boost|p1b: Gholdengo|spa|2
|cant|p2b: Tony|flinch
|move|p2a: Zzzzzzzz|Spore|p1a: Incineroar
|-status|p1a: Incineroar|slp|[from] move: Spore
|
|upkeep
|turn|2
|
|t:|1756318831
|-terastallize|p1b: Gholdengo|Water
|-terastallize|p2b: Tony|Water
|move|p1b: Gholdengo|Make It Rain|p2a: Zzzzzzzz|[spread] p2a,p2b
|-resisted|p2b: Tony
|-damage|p2a: Zzzzzzzz|0 fnt
|-damage|p2b: Tony|55/100
|-unboost|p1b: Gholdengo|spa|1
|faint|p2a: Zzzzzzzz
|-damage|p1b: Gholdengo|91/100|[from] item: Life Orb
|cant|p1a: Incineroar|slp
|move|p2b: Tony|Blood Moon|p1b: Gholdengo
|-damage|p1b: Gholdengo|15/100
|
|upkeep
|
|t:|1756318839
|switch|p2a: 8|Sneasler, L50, F|100/100
|turn|3
|
|t:|1756318853
|switch|p1a: Primarina|Primarina, L50, F|100/100
|move|p1b: Gholdengo|Protect|p1b: Gholdengo
|-singleturn|p1b: Gholdengo|Protect
|move|p2b: Tony|Vacuum Wave|p1b: Gholdengo
|-activate|p1b: Gholdengo|move: Protect
|move|p2a: 8|Close Combat|p1a: Primarina
|-resisted|p1a: Primarina
|-damage|p1a: Primarina|65/100
|-unboost|p2a: 8|def|1
|-unboost|p2a: 8|spd|1
|
|upkeep
|turn|4
|
|t:|1756318867
|switch|p1a: Incineroar|Incineroar, L50, M|100/100 slp
|-ability|p1a: Incineroar|Intimidate|boost
|-unboost|p2a: 8|atk|1
|-unboost|p2b: Tony|atk|1
|move|p1b: Gholdengo|Protect||[still]
|-fail|p1b: Gholdengo
|move|p2b: Tony|Vacuum Wave|p1b: Gholdengo
|-damage|p1b: Gholdengo|0 fnt
|faint|p1b: Gholdengo
|move|p2a: 8|Dire Claw|p1a: Incineroar
|-damage|p1a: Incineroar|76/100 slp
|
|upkeep
|
|t:|1756318870
|switch|p1b: Primarina|Primarina, L50, F|65/100
|turn|5
|
|t:|1756318878
|cant|p1a: Incineroar|slp
|move|p2a: 8|Dire Claw|p1b: Primarina
|-supereffective|p1b: Primarina
|-damage|p1b: Primarina|0 fnt
|faint|p1b: Primarina
|move|p2b: Tony|Earth Power|p1a: Incineroar
|-supereffective|p1a: Incineroar
|-damage|p1a: Incineroar|16/100 slp
|
|upkeep
|-message|iliasdelm forfeited.
|
|win|Vitor_hsaf
