|j|☆tenagazaru desu
|j|☆Rebeldavis
|html|tenagazaru desuRebeldavis    
|uhtml|bestof|Game 3 of a best-of-3
|t:|1756900351
|gametype|doubles
|player|p1|tenagazaru desu|psychic-gen3rs|1113
|player|p2|Rebeldavis|acetrainer-gen4|1134
|gen|9
|tier|[Gen 9] VGC 2025 Reg H (Bo3)
|rated|
|rule|Species Clause: Limit one of each Pokémon
|rule|Item Clause: Limit 1 of each item
|clearpoke
|poke|p1|Archaludon, L50, M|
|poke|p1|Pelipper, L50, M|
|poke|p1|Gholdengo, L50|
|poke|p1|Basculegion, L50, M|
|poke|p1|Amoonguss, L50, M|
|poke|p1|Incineroar, L50, M|
|poke|p2|Charizard, L50, F|
|poke|p2|Typhlosion-Hisui, L50, M|
|poke|p2|Torkoal, L50, F|
|poke|p2|Porygon2, L50|
|poke|p2|Jumpluff, L50, F|
|poke|p2|Ursaluna, L50, M|
|teampreview|4
|showteam|p1|Archaludon||AssaultVest|Stamina|DracoMeteor,FlashCannon,ElectroShot,BodyPress|||M|||50|,,,,,Grass]Pelipper||FocusSash|Drizzle|Protect,WeatherBall,Hurricane,Tailwind|||M|||50|,,,,,Stellar]Gholdengo||LifeOrb|GoodasGold|Protect,MakeItRain,ShadowBall,NastyPlot||||||50|,,,,,Water]Basculegion||ChoiceBand|SwiftSwim|FlipTurn,WaveCrash,AquaJet,LastRespects|||M|||50|,,,,,Grass]Amoonguss||SitrusBerry|Regenerator|Spore,RagePowder,PollenPuff,Protect|||M|||50|,,,,,Water]Incineroar||SafetyGoggles|Intimidate|FlareBlitz,KnockOff,PartingShot,FakeOut|||M|||50|,,,,,Ghost
|showteam|p2|Charizard||ChoiceSpecs|SolarPower|HeatWave,Overheat,WeatherBall,AirSlash|||F|||50|,,,,,Ghost]Typhlosion-Hisui||ChoiceScarf|Blaze|Eruption,HeatWave,ShadowBall,SolarBeam|||M|||50|,,,,,Fire]Torkoal||EjectPack|Drought|Eruption,Overheat,HelpingHand,Protect|||F|||50|,,,,,Fire]Porygon2||Eviolite|Download|IceBeam,TeraBlast,TrickRoom,Recover||||||50|,,,,,Fighting]Jumpluff||CovertCloak|Chlorophyll|SunnyDay,RagePowder,Tailwind,SleepPowder|||F|||50|,,,,,Water]Ursaluna||FlameOrb|Guts|HeadlongRush,Facade,Earthquake,Protect|||M|||50|,,,,,Ghost
|inactive|Battle timer is ON: inactive players will automatically lose when time's up. (requested by Rebeldavis)
|inactive|tenagazaru desu has 60 seconds left.
|
|t:|1756900405
|teamsize|p1|4
|teamsize|p2|4
|start
|switch|p1a: Incineroar|Incineroar, L50, M|100/100
|switch|p1b: Pelipper|Pelipper, L50, M, shiny|100/100
|switch|p2a: Jumpluff|Jumpluff, L50, F|100/100
|switch|p2b: Charizard|Charizard, L50, F|100/100
|-weather|RainDance|[from] ability: Drizzle|[of] p1b: Pelipper
|-ability|p1a: Incineroar|Intimidate|boost
|-unboost|p2a: Jumpluff|atk|1
|-unboost|p2b: Charizard|atk|1
|turn|1
|inactive|tenagazaru desu has 30 seconds left.
|inactive|Rebeldavis has 30 seconds left.
|inactive|tenagazaru desu has 20 seconds left.
|inactive|Rebeldavis has 20 seconds left.
|inactive|Rebeldavis has 15 seconds left.
|inactive|Rebeldavis has 10 seconds left.
|
|t:|1756900453
|switch|p2b: Torkoal|Torkoal, L50, F|100/100
|-weather|SunnyDay|[from] ability: Drought|[of] p2b: Torkoal
|move|p1a: Incineroar|Fake Out|p2b: Torkoal
|-damage|p2b: Torkoal|91/100
|move|p2a: Jumpluff|Sleep Powder|p1b: Pelipper|[miss]
|-miss|p2a: Jumpluff|p1b: Pelipper
|move|p1b: Pelipper|Tailwind|p1b: Pelipper
|-sidestart|p1: tenagazaru desu|move: Tailwind
|
|-weather|SunnyDay|[upkeep]
|upkeep
|turn|2
|inactive|tenagazaru desu has 30 seconds left.
|inactive|Rebeldavis has 30 seconds left.
|
|t:|1756900487
|switch|p1b: Basculegion|Basculegion, L50, M, shiny|100/100
|move|p2a: Jumpluff|Tailwind|p2a: Jumpluff
|-sidestart|p2: Rebeldavis|move: Tailwind
|move|p1a: Incineroar|Parting Shot|p2b: Torkoal
|-unboost|p2b: Torkoal|atk|1
|-unboost|p2b: Torkoal|spa|1
|
|t:|1756900499
|switch|p1a: Pelipper|Pelipper, L50, M, shiny|100/100|[from] Parting Shot
|-weather|RainDance|[from] ability: Drizzle|[of] p1a: Pelipper
|move|p2b: Torkoal|Overheat|p1b: Basculegion
|-resisted|p1b: Basculegion
|-damage|p1b: Basculegion|90/100
|-unboost|p2b: Torkoal|spa|2
|-enditem|p2b: Torkoal|Eject Pack
|
|t:|1756900505
|switch|p2b: Charizard|Charizard, L50, F|100/100
|
|-weather|RainDance|[upkeep]
|upkeep
|turn|3
|inactive|tenagazaru desu has 30 seconds left.
|inactive|tenagazaru desu has 20 seconds left.
|inactive|tenagazaru desu has 15 seconds left.
|inactive|tenagazaru desu has 10 seconds left.
|
|t:|1756900551
|switch|p2a: Torkoal|Torkoal, L50, F|91/100
|-weather|SunnyDay|[from] ability: Drought|[of] p2a: Torkoal
|move|p2b: Charizard|Heat Wave|p1b: Basculegion|[spread] p1a,p1b
|-resisted|p1a: Pelipper
|-resisted|p1b: Basculegion
|-damage|p1a: Pelipper|12/100
|-damage|p1b: Basculegion|25/100
|move|p1b: Basculegion|Wave Crash|p2b: Charizard
|-supereffective|p2b: Charizard
|-damage|p2b: Charizard|0 fnt
|faint|p2b: Charizard
|-damage|p1b: Basculegion|0 fnt|[from] Recoil
|faint|p1b: Basculegion
|move|p1a: Pelipper|Hurricane|p2a: Torkoal|[miss]
|-miss|p1a: Pelipper|p2a: Torkoal
|
|-weather|SunnyDay|[upkeep]
|upkeep
|
|t:|1756900572
|switch|p2b: Typhlosion|Typhlosion-Hisui, L50, M|100/100
|switch|p1b: Incineroar|Incineroar, L50, M|100/100
|-ability|p1b: Incineroar|Intimidate|boost
|-unboost|p2a: Torkoal|atk|1
|-unboost|p2b: Typhlosion|atk|1
|turn|4
|inactive|tenagazaru desu has 30 seconds left.
|inactive|tenagazaru desu has 20 seconds left.
|inactive|tenagazaru desu has 15 seconds left.
|
|t:|1756900615
|-terastallize|p2b: Typhlosion|Fire
|move|p2a: Torkoal|Helping Hand|p2b: Typhlosion
|-singleturn|p2b: Typhlosion|Helping Hand|[of] p2a: Torkoal
|move|p2b: Typhlosion|Eruption|p1a: Pelipper|[spread] p1a,p1b
|-resisted|p1a: Pelipper
|-resisted|p1b: Incineroar
|-damage|p1a: Pelipper|0 fnt
|-damage|p1b: Incineroar|22/100
|faint|p1a: Pelipper
|move|p1b: Incineroar|Parting Shot|p2b: Typhlosion
|-unboost|p2b: Typhlosion|atk|1
|-unboost|p2b: Typhlosion|spa|1
|
|t:|1756900627
|switch|p1b: Gholdengo|Gholdengo, L50|100/100|[from] Parting Shot
|
|-weather|SunnyDay|[upkeep]
|-sideend|p1: tenagazaru desu|move: Tailwind
|upkeep
|
|t:|1756900634
|switch|p1a: Incineroar|Incineroar, L50, M|22/100
|-ability|p1a: Incineroar|Intimidate|boost
|-unboost|p2a: Torkoal|atk|1
|-unboost|p2b: Typhlosion|atk|1
|turn|5
|inactive|Rebeldavis has 30 seconds left.
|
|t:|1756900666
|switch|p2b: Jumpluff|Jumpluff, L50, F|100/100
|-terastallize|p1b: Gholdengo|Water
|move|p1a: Incineroar|Fake Out|p2b: Jumpluff
|-damage|p2b: Jumpluff|85/100
|move|p1b: Gholdengo|Shadow Ball|p2b: Jumpluff
|-damage|p2b: Jumpluff|30/100
|-damage|p1b: Gholdengo|91/100|[from] item: Life Orb
|move|p2a: Torkoal|Overheat|p1b: Gholdengo
|-resisted|p1b: Gholdengo
|-damage|p1b: Gholdengo|39/100
|-unboost|p2a: Torkoal|spa|2
|
|-weather|SunnyDay|[upkeep]
|-sideend|p2: Rebeldavis|move: Tailwind
|upkeep
|turn|6
|inactive|tenagazaru desu has 30 seconds left.
|inactive|Rebeldavis has 30 seconds left.
|
|t:|1756900694
|switch|p2a: Typhlosion|Typhlosion-Hisui, L50, M, tera:Fire|100/100
|move|p1b: Gholdengo|Protect|p1b: Gholdengo
|-singleturn|p1b: Gholdengo|Protect
|move|p2b: Jumpluff|Rage Powder|p2b: Jumpluff
|-singleturn|p2b: Jumpluff|move: Rage Powder
|move|p1a: Incineroar|Knock Off|p2b: Jumpluff
|-damage|p2b: Jumpluff|0 fnt
|-enditem|p2b: Jumpluff|Covert Cloak|[from] move: Knock Off|[of] p1a: Incineroar
|faint|p2b: Jumpluff
|
|-weather|SunnyDay|[upkeep]
|upkeep
|
|t:|1756900703
|switch|p2b: Torkoal|Torkoal, L50, F|91/100
|turn|7
|c|☆Rebeldavis|Gg
|
|t:|1756900718
|move|p2b: Torkoal|Helping Hand|p2a: Typhlosion
|-singleturn|p2a: Typhlosion|Helping Hand|[of] p2b: Torkoal
|move|p2a: Typhlosion|Eruption|p1a: Incineroar|[spread] p1a,p1b
|-resisted|p1a: Incineroar
|-resisted|p1b: Gholdengo
|-damage|p1a: Incineroar|0 fnt
|-damage|p1b: Gholdengo|0 fnt
|faint|p1a: Incineroar
|faint|p1b: Gholdengo
|
|win|Rebeldavis
|raw|tenagazaru desu's rating: 1113 → 1090(-23 for losing)
|raw|Rebeldavis's rating: 1134 → 1157(+23 for winning)
|l|☆tenagazaru desu
|player|p1|
