|j|☆darretyle
|j|☆aggiorn
|html|darretyleaggiorn    
|uhtml|bestof|Game 1 of a best-of-3
|t:|1782187266
|gametype|doubles
|player|p1|darretyle|bugcatcher-gen4dp|1040
|player|p2|aggiorn|leaf-masters2|1296
|gen|9
|tier|[Gen 9 Champions] VGC 2026 Reg M-B (Bo3)
|rated|
|rule|Species Clause: Limit one of each Pokémon
|rule|Item Clause: Limit 1 of each item
|clearpoke
|poke|p1|Garchomp, L50, M|
|poke|p1|Staraptor, L50, M|
|poke|p1|Grimmsnarl, L50, M|
|poke|p1|Basculegion, L50, M|
|poke|p1|Kingambit, L50, M|
|poke|p1|Archaludon, L50, M|
|poke|p2|Whimsicott, L50, M|
|poke|p2|Garchomp, L50, F|
|poke|p2|Blaziken, L50, F|
|poke|p2|Kingambit, L50, M|
|poke|p2|Froslass, L50, F|
|poke|p2|Sylveon, L50, M|
|teampreview|4
|showteam|p1|Garchomp||Leftovers|RoughSkin|StompingTantrum,RockSlide,StealthRock,Protect|Impish||M|||50|]Staraptor||Staraptite|Intimidate|BraveBird,CloseCombat,Roost,Protect|Jolly||M|||50|]Grimmsnarl||LightClay|Prankster|Reflect,LightScreen,PartingShot,SpiritBreak|Careful||M|||50|]Basculegion||ChoiceScarf|Adaptability|FlipTurn,LastRespects,WaveCrash,AquaJet|Jolly||M|||50|]Kingambit||BlackGlasses|SupremeOverlord|KowtowCleave,SwordsDance,SuckerPunch,Protect|Adamant||M|||50|]Archaludon||ExpertBelt|Stalwart|Thunderbolt,Snarl,DracoMeteor,AuraSphere|Modest||M|||50|
|showteam|p2|Whimsicott||FocusSash|Prankster|Moonblast,EnergyBall,Tailwind,Protect|Modest||M|||50|]Garchomp||LifeOrb|RoughSkin|Earthquake,DragonClaw,RockSlide,Protect|Jolly||F|||50|]Blaziken||Blazikenite|SpeedBoost|FlareBlitz,CloseCombat,ThunderPunch,Protect|Adamant||F|||50|]Kingambit||BlackGlasses|Defiant|IronHead,Protect,KowtowCleave,SuckerPunch|Adamant||M|||50|]Froslass||Froslassite|CursedBody|Blizzard,ShadowBall,AuroraVeil,Protect|Modest||F|||50|]Sylveon||FairyFeather|Pixilate|HyperVoice,QuickAttack,HyperBeam,Detect|Modest||M|||50|
|inactive|Battle timer is ON: inactive players will automatically lose when time's up. (requested by aggiorn)
|inactive|aggiorn has 60 seconds left.
|
|t:|1782187316
|teamsize|p1|4
|teamsize|p2|4
|start
|switch|p1a: Grimmsnarl|Grimmsnarl, L50, M|100/100
|switch|p1b: Archaludon|Archaludon, L50, M|100/100
|switch|p2a: Froslass|Froslass, L50, F|100/100
|switch|p2b: Sylveon|Sylveon, L50, M|100/100
|turn|1
|inactive|darretyle has 30 seconds left.
|inactive|darretyle has 20 seconds left.
|inactive|darretyle has 15 seconds left.
|inactive|darretyle has 10 seconds left.
|inactive|darretyle has 5 seconds left.
|inactive|aggiorn has 30 seconds left.
|
|t:|1782187373
|detailschange|p2a: Froslass|Froslass-Mega, L50, F
|-mega|p2a: Froslass|Froslass|Froslassite
|-weather|Snowscape|[from] ability: Snow Warning|[of] p2a: Froslass
|move|p1a: Grimmsnarl|Light Screen|p1a: Grimmsnarl
|-sidestart|p1: darretyle|move: Light Screen
|move|p2a: Froslass|Blizzard|p1b: Archaludon|[spread] p1a,p1b
|-damage|p1a: Grimmsnarl|74/100
|-damage|p1b: Archaludon|62/100
|move|p1b: Archaludon|Snarl|p2b: Sylveon|[spread] p2a,p2b
|-supereffective|p2a: Froslass|1
|-resisted|p2b: Sylveon|1
|-damage|p2a: Froslass|64/100
|-damage|p2b: Sylveon|93/100
|-unboost|p2a: Froslass|spa|1
|-unboost|p2b: Sylveon|spa|1
|move|p2b: Sylveon|Hyper Voice|p1a: Grimmsnarl|[spread] p1a,p1b
|-supereffective|p1a: Grimmsnarl|1
|-damage|p1a: Grimmsnarl|34/100
|-damage|p1b: Archaludon|33/100
|
|-weather|Snowscape|[upkeep]
|upkeep
|turn|2
|inactive|darretyle has 30 seconds left.
|
|t:|1782187398
|switch|p2b: Kingambit|Kingambit, L50, M|100/100
|move|p1a: Grimmsnarl|Parting Shot|p2b: Kingambit
|-hint|Since gen 7, Dark is immune to Prankster moves.
|-immune|p2b: Kingambit
|move|p2a: Froslass|Blizzard|p1b: Archaludon|[spread] p1a,p1b
|-damage|p1a: Grimmsnarl|17/100
|-damage|p1b: Archaludon|6/100
|move|p1b: Archaludon|Snarl|p2b: Kingambit|[spread] p2a,p2b
|-supereffective|p2a: Froslass|1
|-resisted|p2b: Kingambit|1
|-damage|p2a: Froslass|30/100
|-damage|p2b: Kingambit|92/100
|-unboost|p2a: Froslass|spa|1
|-unboost|p2b: Kingambit|spa|1
|-ability|p2b: Kingambit|Defiant|boost
|-boost|p2b: Kingambit|atk|2
|
|-weather|Snowscape|[upkeep]
|upkeep
|turn|3
|inactive|darretyle has 30 seconds left.
|inactive|aggiorn has 30 seconds left.
|inactive|darretyle has 20 seconds left.
|
|t:|1782187438
|move|p2a: Froslass|Aurora Veil|p2a: Froslass
|-sidestart|p2: aggiorn|move: Aurora Veil
|move|p1b: Archaludon|Aura Sphere|p2b: Kingambit
|-supereffective|p2b: Kingambit|2
|-damage|p2b: Kingambit|0 fnt
|faint|p2b: Kingambit
|move|p1a: Grimmsnarl|Spirit Break|p2a: Froslass
|-damage|p2a: Froslass|9/100
|-unboost|p2a: Froslass|spa|1
|
|-weather|Snowscape|[upkeep]
|upkeep
|
|t:|1782187445
|switch|p2b: Garchomp|Garchomp, L50, F|100/100
|turn|4
|inactive|darretyle has 30 seconds left.
|
|t:|1782187476
|move|p2a: Froslass|Protect|p2a: Froslass
|-singleturn|p2a: Froslass|Protect
|move|p1a: Grimmsnarl|Parting Shot|p2b: Garchomp
|-unboost|p2b: Garchomp|atk|1
|-unboost|p2b: Garchomp|spa|1
|
|t:|1782187480
|switch|p1a: Basculegion|Basculegion, L50, M|100/100|[from] Parting Shot
|move|p2b: Garchomp|Earthquake|p1a: Basculegion|[spread] p1a,p1b
|-activate|p2a: Froslass|move: Protect
|-supereffective|p1b: Archaludon|1
|-damage|p1a: Basculegion|60/100
|-damage|p1b: Archaludon|0 fnt
|faint|p1b: Archaludon
|-damage|p2b: Garchomp|90/100|[from] item: Life Orb
|
|-weather|Snowscape|[upkeep]
|upkeep
|
|t:|1782187482
|switch|p1b: Grimmsnarl|Grimmsnarl, L50, M|17/100
|turn|5
|
|t:|1782187497
|switch|p2a: Sylveon|Sylveon, L50, M|93/100
|move|p1b: Grimmsnarl|Parting Shot|p2b: Garchomp
|-unboost|p2b: Garchomp|atk|1
|-unboost|p2b: Garchomp|spa|1
|
|t:|1782187510
|switch|p1b: Kingambit|Kingambit, L50, M|100/100|[from] Parting Shot
|-activate|p1b: Kingambit|ability: Supreme Overlord
|-start|p1b: Kingambit|fallen1|[silent]
|move|p1a: Basculegion|Flip Turn|p2a: Sylveon
|-damage|p2a: Sylveon|66/100
|
|t:|1782187513
|switch|p1a: Grimmsnarl|Grimmsnarl, L50, M|17/100|[from] Flip Turn
|move|p2b: Garchomp|Dragon Claw|p1a: Grimmsnarl
|-immune|p1a: Grimmsnarl
|
|-weather|none
|upkeep
|turn|6
|
|t:|1782187527
|switch|p2b: Froslass|Froslass-Mega, L50, F|9/100
|-weather|Snowscape|[from] ability: Snow Warning|[of] p2b: Froslass
|move|p1a: Grimmsnarl|Reflect|p1a: Grimmsnarl
|-sidestart|p1: darretyle|Reflect
|move|p2a: Sylveon|Hyper Voice|p1b: Kingambit|[spread] p1a,p1b
|-supereffective|p1a: Grimmsnarl|1
|-damage|p1a: Grimmsnarl|0 fnt
|-damage|p1b: Kingambit|71/100
|faint|p1a: Grimmsnarl
|move|p1b: Kingambit|Swords Dance|p1b: Kingambit
|-boost|p1b: Kingambit|atk|2
|
|-weather|Snowscape|[upkeep]
|upkeep
|
|t:|1782187539
|switch|p1a: Basculegion|Basculegion, L50, M|60/100
|turn|7
|
|t:|1782187546
|switch|p2b: Garchomp|Garchomp, L50, F|90/100
|move|p1b: Kingambit|Sucker Punch||[still]
|-fail|p1b: Kingambit
|move|p1a: Basculegion|Last Respects|p2a: Sylveon
|-damage|p2a: Sylveon|1/100
|move|p2a: Sylveon|Hyper Beam|p1b: Kingambit
|-damage|p1b: Kingambit|6/100
|-mustrecharge|p2a: Sylveon
|
|-weather|Snowscape|[upkeep]
|-sideend|p2: aggiorn|move: Aurora Veil
|upkeep
|turn|8
|
|t:|1782187568
|move|p2b: Garchomp|Protect|p2b: Garchomp
|-singleturn|p2b: Garchomp|Protect
|move|p1b: Kingambit|Sucker Punch||[still]
|-fail|p1b: Kingambit
|move|p1a: Basculegion|Last Respects|p2b: Garchomp
|-activate|p2b: Garchomp|move: Protect
|cant|p2a: Sylveon|recharge
|
|-weather|Snowscape|[upkeep]
|-sideend|p1: darretyle|move: Light Screen
|upkeep
|turn|9
|inactive|darretyle has 30 seconds left.
|inactive|aggiorn has 30 seconds left.
|
|t:|1782187601
|move|p2a: Sylveon|Quick Attack|p1b: Kingambit
|-damage|p1b: Kingambit|0 fnt
|faint|p1b: Kingambit
|-end|p1b: Kingambit|fallen1|[silent]
|move|p1a: Basculegion|Last Respects|p2b: Garchomp
|-damage|p2b: Garchomp|0 fnt
|faint|p2b: Garchomp
|
|-weather|Snowscape|[upkeep]
|upkeep
|
|t:|1782187606
|switch|p2b: Froslass|Froslass-Mega, L50, F|9/100
|turn|10
|
|t:|1782187613
|move|p1a: Basculegion|Last Respects|p2a: Sylveon
|-damage|p2a: Sylveon|0 fnt
|faint|p2a: Sylveon
|move|p2b: Froslass|Shadow Ball|p1a: Basculegion
|-supereffective|p1a: Basculegion|1
|-damage|p1a: Basculegion|0 fnt
|faint|p1a: Basculegion
|
|win|aggiorn
|l|☆darretyle
|player|p1|
||aggiorn is ready for game 2.
|inactive|darretyle has 30 seconds to confirm battle start!
|inactive|darretyle has 20 seconds to confirm battle start!
|j|☆darretyle
|player|p1|darretyle|bugcatcher-gen4dp|
|l|☆darretyle
|player|p1|
|j|☆darretyle
|player|p1|darretyle|bugcatcher-gen4dp|
|inactive|darretyle has 10 seconds to confirm battle start!
|l|☆darretyle
|player|p1|
|raw|darretyle's rating: 1040 → 1034(-6 for losing)
|raw|aggiorn's rating: 1296 → 1305(+9 for winning)
