|j|☆Monkeydes
|j|☆archaludon_enjoyer
|html|Monkeydesarchaludon_enjoyer    
|uhtml|bestof|Game 2 of a best-of-3
|t:|1756493888
|gametype|doubles
|player|p1|Monkeydes|1|1022
|player|p2|archaludon_enjoyer|170|1091
|gen|9
|tier|[Gen 9] VGC 2025 Reg H (Bo3)
|rated|
|rule|Species Clause: Limit one of each Pokémon
|rule|Item Clause: Limit 1 of each item
|clearpoke
|poke|p1|Sneasler, L50, M|
|poke|p1|Dragapult, L50, F|
|poke|p1|Primarina, L50, M|
|poke|p1|Rillaboom, L50, F|
|poke|p1|Kingambit, L50, F|
|poke|p1|Magmar, L50, F|
|poke|p2|Electabuzz, L50, M|
|poke|p2|Basculegion, L50, M|
|poke|p2|Rillaboom, L50, M|
|poke|p2|Kingambit, L50, M|
|poke|p2|Archaludon, L50, M|
|poke|p2|Pelipper, L50, M|
|teampreview|4
|showteam|p1|Sneasler||FocusSash|PoisonTouch|CloseCombat,DireClaw,FakeOut,Protect|||M|||50|,,,,,Stellar]Dragapult||ChoiceBand|ClearBody|DragonDarts,TeraBlast,PhantomForce,Uturn|||F|||50|,,,,,Ghost]Primarina||SitrusBerry|LiquidVoice|HyperVoice,Moonblast,Haze,Protect|||M|||50|,,,,,Water]Rillaboom||AssaultVest|GrassySurge|WoodHammer,GrassyGlide,HighHorsepower,FakeOut|||F|||50|,,,,,Fire]Kingambit||BlackGlasses|Defiant|KowtowCleave,SuckerPunch,SwordsDance,Protect|||F|||50|,,,,,Ghost]Magmar||Eviolite|VitalSpirit|Overheat,WillOWisp,FollowMe,Protect|||F|||50|,,,,,Ghost
|showteam|p2|Electabuzz||Eviolite|VitalSpirit|Electroweb,FollowMe,Protect,Taunt|||M|||50|,,,,,Ghost]Basculegion||ChoiceBand|SwiftSwim|WaveCrash,FlipTurn,AquaJet,LastRespects|||M|||50|,,,,,Grass]Rillaboom||LoadedDice|GrassySurge|BulletSeed,HighHorsepower,GrassyGlide,FakeOut|||M|||50|,,,,,Fire]Kingambit||BlackGlasses|Defiant|Protect,KowtowCleave,SwordsDance,SuckerPunch|||M|||50|,,,,,Dark]Archaludon||AssaultVest|Stamina|ElectroShot,BodyPress,FlashCannon,DracoMeteor|||M|||50|,,,,,Bug]Pelipper||FocusSash|Drizzle|WeatherBall,Hurricane,Protect,Tailwind|||M|||50|,,,,,Ghost
|inactive|Battle timer is ON: inactive players will automatically lose when time's up. (requested by archaludon_enjoyer)
|
|t:|1756493925
|teamsize|p1|4
|teamsize|p2|4
|start
|switch|p1a: Primarina|Primarina, L50, M|100/100
|switch|p1b: Sneasler|Sneasler, L50, M|100/100
|switch|p2a: Basculegion|Basculegion, L50, M, shiny|100/100
|switch|p2b: Pelipper|Pelipper, L50, M|100/100
|-weather|RainDance|[from] ability: Drizzle|[of] p2b: Pelipper
|turn|1
|inactive|archaludon_enjoyer has 30 seconds left.
|
|t:|1756493958
|move|p1b: Sneasler|Fake Out|p2b: Pelipper
|-damage|p2b: Pelipper|81/100
|move|p2a: Basculegion|Wave Crash|p1b: Sneasler
|-enditem|p1b: Sneasler|Focus Sash
|-damage|p1b: Sneasler|1/100
|-damage|p2a: Basculegion|74/100|[from] Recoil
|cant|p2b: Pelipper|flinch
|move|p1a: Primarina|Hyper Voice|p2a: Basculegion|[spread] p2a,p2b
|-resisted|p2a: Basculegion
|-resisted|p2b: Pelipper
|-damage|p2a: Basculegion|49/100
|-damage|p2b: Pelipper|39/100
|
|-weather|RainDance|[upkeep]
|upkeep
|turn|2
|
|t:|1756493982
|move|p2b: Pelipper|Protect|p2b: Pelipper
|-singleturn|p2b: Pelipper|Protect
|move|p2a: Basculegion|Wave Crash|p1a: Primarina
|-resisted|p1a: Primarina
|-damage|p1a: Primarina|33/100
|-enditem|p1a: Primarina|Sitrus Berry|[eat]
|-heal|p1a: Primarina|58/100|[from] item: Sitrus Berry
|-damage|p2a: Basculegion|28/100|[from] Recoil
|move|p1b: Sneasler|Dire Claw|p2a: Basculegion
|-resisted|p2a: Basculegion
|-damage|p2a: Basculegion|2/100
|-status|p2a: Basculegion|slp
|move|p1a: Primarina|Hyper Voice|p2a: Basculegion|[spread] p2a
|-activate|p2b: Pelipper|move: Protect
|-resisted|p2a: Basculegion
|-crit|p2a: Basculegion
|-damage|p2a: Basculegion|0 fnt
|faint|p2a: Basculegion
|
|-weather|RainDance|[upkeep]
|upkeep
|
|t:|1756493992
|switch|p2a: Archaludon|Archaludon, L50, M, shiny|100/100
|turn|3
|inactive|Monkeydes has 30 seconds left.
|inactive|archaludon_enjoyer has 30 seconds left.
|
|t:|1756494019
|switch|p1a: Rillaboom|Rillaboom, L50, F|100/100
|-fieldstart|move: Grassy Terrain|[from] ability: Grassy Surge|[of] p1a: Rillaboom
|-terastallize|p2a: Archaludon|Bug
|move|p1b: Sneasler|Close Combat|p2a: Archaludon
|-resisted|p2a: Archaludon
|-damage|p2a: Archaludon|79/100
|-unboost|p1b: Sneasler|def|1
|-unboost|p1b: Sneasler|spd|1
|-ability|p2a: Archaludon|Stamina|boost
|-boost|p2a: Archaludon|def|1
|-status|p2a: Archaludon|psn|[from] ability: Poison Touch|[of] p1b: Sneasler
|move|p2a: Archaludon|Electro Shot||[still]
|-prepare|p2a: Archaludon|Electro Shot
|-boost|p2a: Archaludon|spa|1
|-anim|p2a: Archaludon|Electro Shot|p1a: Rillaboom
|-resisted|p1a: Rillaboom
|-damage|p1a: Rillaboom|80/100
|move|p2b: Pelipper|Tailwind|p2b: Pelipper
|-sidestart|p2: archaludon_enjoyer|move: Tailwind
|
|-weather|RainDance|[upkeep]
|-heal|p2a: Archaludon|85/100 psn|[from] Grassy Terrain
|-heal|p1b: Sneasler|7/100|[from] Grassy Terrain
|-heal|p1a: Rillaboom|86/100|[from] Grassy Terrain
|-damage|p2a: Archaludon|73/100 psn|[from] psn
|upkeep
|turn|4
|inactive|Monkeydes has 30 seconds left.
|inactive|archaludon_enjoyer has 30 seconds left.
|
|t:|1756494054
|move|p2a: Archaludon|Electro Shot||[still]
|-prepare|p2a: Archaludon|Electro Shot
|-boost|p2a: Archaludon|spa|1
|-anim|p2a: Archaludon|Electro Shot|p1b: Sneasler
|-damage|p1b: Sneasler|0 fnt
|faint|p1b: Sneasler
|move|p2b: Pelipper|Hurricane|p1a: Rillaboom
|-supereffective|p1a: Rillaboom
|-damage|p1a: Rillaboom|3/100
|move|p1a: Rillaboom|High Horsepower|p2a: Archaludon
|-resisted|p2a: Archaludon
|-damage|p2a: Archaludon|65/100 psn
|-ability|p2a: Archaludon|Stamina|boost
|-boost|p2a: Archaludon|def|1
|
|-weather|RainDance|[upkeep]
|-heal|p2a: Archaludon|71/100 psn|[from] Grassy Terrain
|-heal|p1a: Rillaboom|9/100|[from] Grassy Terrain
|-damage|p2a: Archaludon|59/100 psn|[from] psn
|upkeep
|
|t:|1756494071
|switch|p1b: Primarina|Primarina, L50, M|58/100
|turn|5
|
|t:|1756494085
|move|p1b: Primarina|Protect|p1b: Primarina
|-singleturn|p1b: Primarina|Protect
|move|p1a: Rillaboom|Grassy Glide|p2b: Pelipper
|-damage|p2b: Pelipper|0 fnt
|faint|p2b: Pelipper
|move|p2a: Archaludon|Electro Shot||[still]
|-prepare|p2a: Archaludon|Electro Shot
|-boost|p2a: Archaludon|spa|1
|-anim|p2a: Archaludon|Electro Shot|p1b: Primarina
|-activate|p1b: Primarina|move: Protect
|
|-weather|none
|-heal|p2a: Archaludon|65/100 psn|[from] Grassy Terrain
|-heal|p1a: Rillaboom|15/100|[from] Grassy Terrain
|-heal|p1b: Primarina|64/100|[from] Grassy Terrain
|-damage|p2a: Archaludon|53/100 psn|[from] psn
|upkeep
|
|t:|1756494091
|switch|p2b: Rillaboom|Rillaboom, L50, M, shiny|100/100
|turn|6
|
|t:|1756494112
|move|p1a: Rillaboom|Grassy Glide|p2b: Rillaboom
|-resisted|p2b: Rillaboom
|-damage|p2b: Rillaboom|84/100
|move|p2b: Rillaboom|Bullet Seed|p1b: Primarina
|-supereffective|p1b: Primarina
|-damage|p1b: Primarina|27/100
|-supereffective|p1b: Primarina
|-crit|p1b: Primarina
|-damage|p1b: Primarina|0 fnt
|faint|p1b: Primarina
|-hitcount|p1: Primarina|2
|move|p2a: Archaludon|Body Press|p1a: Rillaboom
|-damage|p1a: Rillaboom|0 fnt
|faint|p1a: Rillaboom
|
|-heal|p2b: Rillaboom|90/100|[from] Grassy Terrain
|-heal|p2a: Archaludon|59/100 psn|[from] Grassy Terrain
|-damage|p2a: Archaludon|47/100 psn|[from] psn
|-sideend|p2: archaludon_enjoyer|move: Tailwind
|upkeep
|
|t:|1756494118
|switch|p1b: Kingambit|Kingambit, L50, F|100/100
|turn|7
|
|t:|1756494132
|move|p1b: Kingambit|Protect|p1b: Kingambit
|-singleturn|p1b: Kingambit|Protect
|move|p2b: Rillaboom|High Horsepower|p1b: Kingambit
|-activate|p1b: Kingambit|move: Protect
|move|p2a: Archaludon|Body Press|p1b: Kingambit
|-activate|p1b: Kingambit|move: Protect
|
|-heal|p2b: Rillaboom|96/100|[from] Grassy Terrain
|-heal|p2a: Archaludon|53/100 psn|[from] Grassy Terrain
|-damage|p2a: Archaludon|40/100 psn|[from] psn
|-fieldend|move: Grassy Terrain
|upkeep
|turn|8
|
|t:|1756494150
|-terastallize|p1b: Kingambit|Ghost
|move|p2b: Rillaboom|High Horsepower|p1b: Kingambit
|-damage|p1b: Kingambit|75/100
|move|p2a: Archaludon|Body Press|p1b: Kingambit
|-immune|p1b: Kingambit
|move|p1b: Kingambit|Kowtow Cleave|p2a: Archaludon
|-crit|p2a: Archaludon
|-damage|p2a: Archaludon|0 fnt
|faint|p2a: Archaludon
|
|upkeep
|turn|9
|
|t:|1756494168
|move|p2b: Rillaboom|Bullet Seed|p1b: Kingambit
|-crit|p1b: Kingambit
|-damage|p1b: Kingambit|60/100
|-damage|p1b: Kingambit|49/100
|-damage|p1b: Kingambit|40/100
|-damage|p1b: Kingambit|29/100
|-damage|p1b: Kingambit|18/100
|-hitcount|p1b: Kingambit|5
|move|p1b: Kingambit|Kowtow Cleave|p2b: Rillaboom
|-damage|p2b: Rillaboom|34/100
|
|upkeep
|turn|10
|
|t:|1756494188
|move|p2b: Rillaboom|Fake Out||[still]
|-hint|Fake Out only works on your first turn out.
|-fail|p2b: Rillaboom
|move|p1b: Kingambit|Sucker Punch||[still]
|-fail|p1b: Kingambit
|
|upkeep
|turn|11
|
|t:|1756494198
|move|p2b: Rillaboom|Fake Out||[still]
|-hint|Fake Out only works on your first turn out.
|-fail|p2b: Rillaboom
|move|p1b: Kingambit|Sucker Punch||[still]
|-fail|p1b: Kingambit
|
|upkeep
|turn|12
|
|t:|1756494203
|move|p1b: Kingambit|Sucker Punch|p2b: Rillaboom
|-damage|p2b: Rillaboom|0 fnt
|faint|p2b: Rillaboom
|
|win|Monkeydes
