|j|☆alvarotoscano_
|j|☆Ethan's Bleakmiss
|html|alvarotoscano_Ethan's Bleakmiss    
|uhtml|bestof|Game 2 of a best-of-3
|t:|1783522642
|gametype|doubles
|player|p1|alvarotoscano_|2|1063
|player|p2|Ethan's Bleakmiss|unknown|1000
|gen|9
|tier|[Gen 9 Champions] VGC 2026 Reg M-B (Bo3)
|rated|
|rule|Species Clause: Limit one of each Pokémon
|rule|Item Clause: Limit 1 of each item
|clearpoke
|poke|p1|Scrafty, L50, M|
|poke|p1|Farigiraf, L50, M|
|poke|p1|Drampa, L50, F|
|poke|p1|Grimmsnarl, L50, M|
|poke|p1|Ceruledge, L50, F|
|poke|p1|Toxapex, L50, F, shiny|
|poke|p2|Floette-Eternal, L50, F|
|poke|p2|Froslass, L50, F, shiny|
|poke|p2|Whimsicott, L50, M, shiny|
|poke|p2|Maushold, L50, shiny|
|poke|p2|Sneasler, L50, M, shiny|
|poke|p2|Basculegion, L50, M, shiny|
|teampreview|4
|showteam|p1|Scrafty||Scraftinite|Intimidate|Protect,FakeOut,ThroatChop,DrainPunch|Adamant||M|||50|]Farigiraf||SitrusBerry|ArmorTail|TrickRoom,Protect,Thunderbolt,TwinBeam|Bold||M|||50|]Drampa||Drampanite|SapSipper|Protect,DragonPulse,EnergyBall,EarthPower|Modest||F|||50|]Grimmsnarl||RoseliBerry|Prankster|PartingShot,FakeOut,FakeTears,SpiritBreak|Impish||M|||50|]Ceruledge||BigRoot|FlashFire|BitterBlade,ShadowSneak,BulkUp,Protect|Adamant||F|||50|]Toxapex||Leftovers|Regenerator|Toxic,BanefulBunker,Infestation,WideGuard|Sassy||F|||50|
|showteam|p2|Floette-Eternal||Floettite|FlowerVeil|Protect,LightofRuin,DazzlingGleam,Moonblast|Timid||F|||50|]Froslass||Froslassite|CursedBody|ShadowBall,AuroraVeil,Blizzard,Protect|Timid||F|||50|]Whimsicott||FocusSash|Prankster|Protect,Moonblast,Tailwind,FakeTears|Timid||M|||50|]Maushold||SitrusBerry|FriendGuard|SuperFang,Protect,FollowMe,Taunt|Bold|||||50|]Sneasler||WhiteHerb|Unburden|CloseCombat,DireClaw,Protect,FakeOut|Adamant||M|||50|]Basculegion||LifeOrb|Adaptability|WaveCrash,Protect,LastRespects,AquaJet|Adamant||M|||50|
|inactive|Battle timer is ON: inactive players will automatically lose when time's up. (requested by Ethan's Bleakmiss)
|c|☆alvarotoscano_|1hp haha
|inactive|Ethan's Bleakmiss has 60 seconds left.
|inactive|Ethan's Bleakmiss has 30 seconds left.
|inactive|Ethan's Bleakmiss has 20 seconds left.
|inactive|Ethan's Bleakmiss has 15 seconds left.
|
|t:|1783522719
|teamsize|p1|4
|teamsize|p2|4
|start
|switch|p1a: Farigiraf|Farigiraf, L50, M|100/100
|switch|p1b: Drampa|Drampa, L50, F|100/100
|switch|p2a: Basculegion|Basculegion, L50, M, shiny|100/100
|switch|p2b: Maushold|Maushold, L50, shiny|100/100
|turn|1
|inactive|alvarotoscano_ has 30 seconds left.
|
|t:|1783522751
|switch|p2a: Froslass|Froslass, L50, F, shiny|100/100
|detailschange|p1b: Drampa|Drampa-Mega, L50, F
|-mega|p1b: Drampa|Drampa|Drampanite
|move|p2b: Maushold|Taunt|p1a: Farigiraf
|-start|p1a: Farigiraf|move: Taunt
|move|p1b: Drampa|Energy Ball|p2a: Froslass
|-damage|p2a: Froslass|54/100
|cant|p1a: Farigiraf|move: Taunt|Trick Room
|
|upkeep
|turn|2
|
|t:|1783522773
|switch|p1a: Toxapex|Toxapex, L50, F, shiny|100/100
|detailschange|p2a: Froslass|Froslass-Mega, L50, F, shiny
|-mega|p2a: Froslass|Froslass|Froslassite
|-weather|Snowscape|[from] ability: Snow Warning|[of] p2a: Froslass
|move|p1b: Drampa|Protect|p1b: Drampa
|-singleturn|p1b: Drampa|Protect
|move|p2a: Froslass|Blizzard|p1b: Drampa|[spread] p1a
|-activate|p1b: Drampa|move: Protect
|-resisted|p1a: Toxapex|1
|-damage|p1a: Toxapex|84/100
|move|p2b: Maushold|Super Fang|p1a: Toxapex
|-damage|p1a: Toxapex|42/100
|
|-weather|Snowscape|[upkeep]
|-heal|p1a: Toxapex|47/100|[from] item: Leftovers
|upkeep
|turn|3
|inactive|alvarotoscano_ has 30 seconds left.
|inactive|alvarotoscano_ has 20 seconds left.
|inactive|alvarotoscano_ has 15 seconds left.
|inactive|alvarotoscano_ has 10 seconds left.
|
|t:|1783522820
|move|p2a: Froslass|Aurora Veil|p2a: Froslass
|-sidestart|p2: Ethan's Bleakmiss|move: Aurora Veil
|move|p2b: Maushold|Taunt|p1a: Toxapex
|-start|p1a: Toxapex|move: Taunt
|move|p1b: Drampa|Dragon Pulse|p2b: Maushold
|-damage|p2b: Maushold|59/100
|move|p1a: Toxapex|Infestation|p2b: Maushold
|-damage|p2b: Maushold|57/100
|-activate|p2b: Maushold|move: Infestation|[of] p1a: Toxapex
|
|-weather|Snowscape|[upkeep]
|-heal|p1a: Toxapex|53/100|[from] item: Leftovers
|-damage|p2b: Maushold|45/100|[from] move: Infestation|[partiallytrapped]
|upkeep
|-enditem|p2b: Maushold|Sitrus Berry|[eat]
|-heal|p2b: Maushold|70/100|[from] item: Sitrus Berry
|turn|4
|
|t:|1783522840
|switch|p1b: Ceruledge|Ceruledge, L50, F|100/100
|move|p2a: Froslass|Blizzard|p1b: Ceruledge|[spread] p1a,p1b
|-resisted|p1a: Toxapex|1
|-resisted|p1b: Ceruledge|1
|-damage|p1a: Toxapex|38/100
|-damage|p1b: Ceruledge|77/100
|move|p2b: Maushold|Super Fang|p1a: Toxapex
|-damage|p1a: Toxapex|19/100
|move|p1a: Toxapex|Infestation|p2a: Froslass
|-resisted|p2a: Froslass|1
|-crit|p2a: Froslass
|-damage|p2a: Froslass|52/100
|-activate|p2a: Froslass|move: Infestation|[of] p1a: Toxapex
|
|-weather|Snowscape|[upkeep]
|-heal|p1a: Toxapex|24/100|[from] item: Leftovers
|-damage|p2a: Froslass|40/100|[from] move: Infestation|[partiallytrapped]
|-damage|p2b: Maushold|57/100|[from] move: Infestation|[partiallytrapped]
|upkeep
|turn|5
|
|t:|1783522860
|-heal|p1a: Toxapex|57/100|[from] ability: Regenerator|[silent]
|switch|p1a: Farigiraf|Farigiraf, L50, M|100/100
|move|p1b: Ceruledge|Protect|p1b: Ceruledge
|-singleturn|p1b: Ceruledge|Protect
|move|p2b: Maushold|Follow Me|p2b: Maushold
|-singleturn|p2b: Maushold|move: Follow Me
|move|p2a: Froslass|Blizzard|p1b: Ceruledge|[spread] p1a
|-activate|p1b: Ceruledge|move: Protect
|-damage|p1a: Farigiraf|63/100
|
|-weather|Snowscape|[upkeep]
|-end|p2a: Froslass|Infestation|[partiallytrapped]|[silent]
|-end|p2b: Maushold|Infestation|[partiallytrapped]|[silent]
|upkeep
|turn|6
|inactive|alvarotoscano_ has 30 seconds left.
|
|t:|1783522889
|switch|p2a: Basculegion|Basculegion, L50, M, shiny|100/100
|move|p2b: Maushold|Taunt|p1a: Farigiraf
|-start|p1a: Farigiraf|move: Taunt
|move|p1b: Ceruledge|Bulk Up|p1b: Ceruledge
|-boost|p1b: Ceruledge|atk|1
|-boost|p1b: Ceruledge|def|1
|move|p1a: Farigiraf|Twin Beam|p2a: Basculegion
|-damage|p2a: Basculegion|91/100
|-damage|p2a: Basculegion|83/100
|-hitcount|p2a: Basculegion|2
|
|-weather|none
|upkeep
|turn|7
|inactive|alvarotoscano_ has 30 seconds left.
|inactive|alvarotoscano_ has 20 seconds left.
|
|t:|1783522928
|switch|p1a: Drampa|Drampa-Mega, L50, F|100/100
|move|p2b: Maushold|Follow Me|p2b: Maushold
|-singleturn|p2b: Maushold|move: Follow Me
|move|p2a: Basculegion|Wave Crash|p1b: Ceruledge
|-supereffective|p1b: Ceruledge|1
|-damage|p1b: Ceruledge|0 fnt
|faint|p1b: Ceruledge
|-damage|p2a: Basculegion|61/100|[from] Recoil
|-damage|p2a: Basculegion|52/100|[from] item: Life Orb
|
|-sideend|p2: Ethan's Bleakmiss|move: Aurora Veil
|upkeep
|
|t:|1783522945
|switch|p1b: Farigiraf|Farigiraf, L50, M|63/100
|turn|8
|
|t:|1783522966
|move|p1b: Farigiraf|Protect|p1b: Farigiraf
|-singleturn|p1b: Farigiraf|Protect
|move|p2b: Maushold|Super Fang|p1b: Farigiraf
|-activate|p1b: Farigiraf|move: Protect
|move|p2a: Basculegion|Wave Crash|p1b: Farigiraf
|-activate|p1b: Farigiraf|move: Protect
|move|p1a: Drampa|Dragon Pulse|p2b: Maushold
|-damage|p2b: Maushold|2/100
|
|upkeep
|turn|9
|
|t:|1783522990
|switch|p2a: Froslass|Froslass-Mega, L50, F, shiny|40/100
|-weather|Snowscape|[from] ability: Snow Warning|[of] p2a: Froslass
|switch|p1b: Toxapex|Toxapex, L50, F, shiny|57/100
|move|p2b: Maushold|Taunt|p1b: Toxapex
|-start|p1b: Toxapex|move: Taunt
|move|p1a: Drampa|Dragon Pulse|p2b: Maushold
|-damage|p2b: Maushold|0 fnt
|faint|p2b: Maushold
|
|-weather|Snowscape|[upkeep]
|-heal|p1b: Toxapex|63/100|[from] item: Leftovers
|upkeep
|
|t:|1783523005
|switch|p2b: Whimsicott|Whimsicott, L50, M, shiny|100/100
|turn|10
|inactive|alvarotoscano_ has 30 seconds left.
|
|t:|1783523031
|-heal|p1b: Toxapex|96/100|[from] ability: Regenerator|[silent]
|switch|p1b: Farigiraf|Farigiraf, L50, M|63/100
|move|p2b: Whimsicott|Fake Tears||[still]
|cant|p1b: Farigiraf|ability: Armor Tail|Fake Tears|[of] p2b: Whimsicott
|move|p2a: Froslass|Blizzard|p1a: Drampa|[spread] p1a,p1b
|-supereffective|p1a: Drampa|1
|-damage|p1a: Drampa|24/100
|-damage|p1b: Farigiraf|22/100
|-enditem|p1b: Farigiraf|Sitrus Berry|[eat]
|-heal|p1b: Farigiraf|47/100|[from] item: Sitrus Berry
|-ability|p1a: Drampa|Berserk|boost
|-boost|p1a: Drampa|spa|1
|move|p1a: Drampa|Dragon Pulse|p2a: Froslass
|-damage|p2a: Froslass|0 fnt
|faint|p2a: Froslass
|
|-weather|Snowscape|[upkeep]
|upkeep
|
|t:|1783523047
|switch|p2a: Basculegion|Basculegion, L50, M, shiny|52/100
|turn|11
|inactive|alvarotoscano_ has 30 seconds left.
|
|t:|1783523076
|switch|p1b: Toxapex|Toxapex, L50, F, shiny|96/100
|move|p1a: Drampa|Protect|p1a: Drampa
|-singleturn|p1a: Drampa|Protect
|move|p2b: Whimsicott|Moonblast|p1a: Drampa
|-activate|p1a: Drampa|move: Protect
|move|p2a: Basculegion|Wave Crash|p1b: Toxapex
|-resisted|p1b: Toxapex|1
|-damage|p1b: Toxapex|57/100
|-damage|p2a: Basculegion|42/100|[from] Recoil
|-damage|p2a: Basculegion|33/100|[from] item: Life Orb
|
|-weather|Snowscape|[upkeep]
|-heal|p1b: Toxapex|63/100|[from] item: Leftovers
|upkeep
|turn|12
|
|t:|1783523095
|switch|p1a: Farigiraf|Farigiraf, L50, M|47/100
|move|p2a: Basculegion|Protect|p2a: Basculegion
|-singleturn|p2a: Basculegion|Protect
|move|p1b: Toxapex|Baneful Bunker|p1b: Toxapex
|-singleturn|p1b: Toxapex|move: Protect
|move|p2b: Whimsicott|Moonblast|p1a: Farigiraf
|-damage|p1a: Farigiraf|15/100
|
|-weather|Snowscape|[upkeep]
|-heal|p1b: Toxapex|69/100|[from] item: Leftovers
|upkeep
|turn|13
|
|t:|1783523117
|move|p2b: Whimsicott|Protect|p2b: Whimsicott
|-singleturn|p2b: Whimsicott|Protect
|move|p1b: Toxapex|Baneful Bunker||[still]
|-fail|p1b: Toxapex
|move|p2a: Basculegion|Wave Crash|p1a: Farigiraf
|-damage|p1a: Farigiraf|0 fnt
|faint|p1a: Farigiraf
|-damage|p2a: Basculegion|27/100|[from] Recoil
|-damage|p2a: Basculegion|17/100|[from] item: Life Orb
|
|-weather|none
|-heal|p1b: Toxapex|75/100|[from] item: Leftovers
|upkeep
|
|t:|1783523125
|switch|p1a: Drampa|Drampa-Mega, L50, F|24/100
|turn|14
|
|t:|1783523137
|move|p2b: Whimsicott|Moonblast|p1a: Drampa
|-supereffective|p1a: Drampa|1
|-damage|p1a: Drampa|0 fnt
|faint|p1a: Drampa
|move|p2a: Basculegion|Last Respects|p1b: Toxapex
|-damage|p1b: Toxapex|0 fnt
|faint|p1b: Toxapex
|-damage|p2a: Basculegion|7/100|[from] item: Life Orb
|
|win|Ethan's Bleakmiss
|raw|alvarotoscano_'s rating: 1063 → 1040(-23 for losing)
|raw|Ethan's Bleakmiss's rating: 1000 → 1047(+47 for winning)
|l|☆alvarotoscano_
|player|p1|
|n|☆Ethan's Bleakmiss|ethansbleakmiss
|l|☆Ethan's Bleakmiss
|player|p2|
|j|☆Ethan's Bleakmiss
|player|p2|Ethan's Bleakmiss|unknown|
