|j|☆AnnoyingFish
|j|‽Aaronist
|html|AnnoyingFishAaronist    
|uhtml|bestof|Game 1 of a best-of-3
|t:|1784312938
|gametype|doubles
|player|p1|AnnoyingFish|preschooler|1187
|player|p2|Aaronist|hugh|1109
|gen|9
|tier|[Gen 9 Champions] VGC 2026 Reg M-B (Bo3)
|rated|
|rule|Species Clause: Limit one of each Pokémon
|rule|Item Clause: Limit 1 of each item
|clearpoke
|poke|p1|Garchomp, L50, M|
|poke|p1|Venusaur, L50, M|
|poke|p1|Incineroar, L50, F|
|poke|p1|Charizard, L50, M|
|poke|p1|Toxapex, L50, F|
|poke|p1|Annihilape, L50, M|
|poke|p2|Scolipede, L50, F|
|poke|p2|Pelipper, L50, M|
|poke|p2|Basculegion-F, L50, F|
|poke|p2|Sinistcha, L50|
|poke|p2|Primarina, L50, F|
|poke|p2|Swampert, L50, M|
|teampreview|4
|showteam|p1|Garchomp||ChoiceScarf|RoughSkin|Earthquake,RockSlide,DragonClaw,StompingTantrum|Adamant||M|||50|]Venusaur||LifeOrb|Chlorophyll|SludgeBomb,LeafStorm,EarthPower,Protect|Modest||M|||50|]Incineroar||SitrusBerry|Intimidate|FakeOut,FlareBlitz,ThroatChop,PartingShot|Impish||F|||50|]Charizard||CharizarditeY|Blaze|HeatWave,WeatherBall,Protect,HelpingHand|Modest||M|||50|]Toxapex||Leftovers|Regenerator|Infestation,Toxic,WideGuard,BanefulBunker|Impish||F|||50|]Annihilape||FocusSash|Defiant|CloseCombat,PhantomForce,RockTomb,Protect|Jolly||M|||50|
|showteam|p2|Scolipede||Scolipite|SpeedBoost|Protect,SwordsDance,LeechLife,PoisonJab|Adamant||F|||50|]Pelipper||SitrusBerry|Drizzle|Tailwind,Hurricane,RainDance,WeatherBall|Modest||M|||50|]Basculegion-F||LifeOrb|SwiftSwim|AquaJet,LastRespects,WaveCrash,FlipTurn|Adamant||F|||50|]Sinistcha||ColburBerry|Hospitality|MatchaGotcha,TrickRoom,ShadowBall,Memento|Quiet|||||50|]Primarina||Leftovers|LiquidVoice|HyperVoice,DrainingKiss,CalmMind,AquaJet|Quiet||F|||50|]Swampert||Swampertite|Torrent|Earthquake,RockSlide,WaveCrash,FlipTurn|Adamant||M|||50|
|inactive|Battle timer is ON: inactive players will automatically lose when time's up. (requested by Aaronist)
|inactive|AnnoyingFish has 60 seconds left.
|
|t:|1784313033
|teamsize|p1|4
|teamsize|p2|4
|start
|switch|p1a: Charizard|Charizard, L50, M|100/100
|switch|p1b: Venusaur|Venusaur, L50, M|100/100
|switch|p2a: Pelipper|Pelipper, L50, M|100/100
|switch|p2b: Swampert|Swampert, L50, M|100/100
|-weather|RainDance|[from] ability: Drizzle|[of] p2a: Pelipper
|turn|1
|inactive|Aaronist has 30 seconds left.
|
|t:|1784313064
|switch|p2b: Sinistcha|Sinistcha, L50|100/100
|detailschange|p1a: Charizard|Charizard-Mega-Y, L50, M
|-mega|p1a: Charizard|Charizard|Charizardite Y
|-weather|SunnyDay|[from] ability: Drought|[of] p1a: Charizard
|move|p1b: Venusaur|Sludge Bomb|p2a: Pelipper
|-damage|p2a: Pelipper|26/100
|-enditem|p2a: Pelipper|Sitrus Berry|[eat]
|-heal|p2a: Pelipper|51/100|[from] item: Sitrus Berry
|-damage|p1b: Venusaur|90/100|[from] item: Life Orb
|move|p1a: Charizard|Heat Wave|p2b: Sinistcha|[spread] p2b
|-miss|p1a: Charizard|p2a: Pelipper
|-supereffective|p2b: Sinistcha|1
|-damage|p2b: Sinistcha|0 fnt
|faint|p2b: Sinistcha
|move|p2a: Pelipper|Tailwind|p2a: Pelipper
|-sidestart|p2: Aaronist|move: Tailwind
|
|-weather|SunnyDay|[upkeep]
|upkeep
|
|t:|1784313083
|switch|p2b: Swampert|Swampert, L50, M|100/100
|turn|2
|inactive|AnnoyingFish has 30 seconds left.
|
|t:|1784313114
|switch|p1a: Toxapex|Toxapex, L50, F|100/100
|detailschange|p2b: Swampert|Swampert-Mega, L50, M
|-mega|p2b: Swampert|Swampert|Swampertite
|move|p1b: Venusaur|Leaf Storm|p2b: Swampert
|-supereffective|p2b: Swampert|2
|-damage|p2b: Swampert|0 fnt
|-unboost|p1b: Venusaur|spa|2
|faint|p2b: Swampert
|-damage|p1b: Venusaur|81/100|[from] item: Life Orb
|move|p2a: Pelipper|Rain Dance|p2a: Pelipper
|-weather|RainDance
|
|-weather|RainDance|[upkeep]
|upkeep
|
|t:|1784313120
|switch|p2b: Primarina|Primarina, L50, F|100/100
|turn|3
|inactive|AnnoyingFish has 30 seconds left.
|
|t:|1784313149
|switch|p1a: Charizard|Charizard-Mega-Y, L50, M|100/100
|-weather|SunnyDay|[from] ability: Drought|[of] p1a: Charizard
|move|p1b: Venusaur|Leaf Storm|p2a: Pelipper
|-damage|p2a: Pelipper|0 fnt
|-unboost|p1b: Venusaur|spa|2
|faint|p2a: Pelipper
|-damage|p1b: Venusaur|71/100|[from] item: Life Orb
|move|p2b: Primarina|Calm Mind|p2b: Primarina
|-boost|p2b: Primarina|spa|1
|-boost|p2b: Primarina|spd|1
|
|-weather|SunnyDay|[upkeep]
|upkeep
|turn|4
|
|t:|1784313168
|switch|p1b: Toxapex|Toxapex, L50, F|100/100
|move|p2b: Primarina|Hyper Voice|p1b: Toxapex|[spread] p1a,p1b
|-supereffective|p1a: Charizard|1
|-resisted|p1b: Toxapex|1
|-damage|p1a: Charizard|55/100
|-damage|p1b: Toxapex|90/100
|move|p1a: Charizard|Weather Ball|p2b: Primarina
|-resisted|p2b: Primarina|1
|-damage|p2b: Primarina|77/100
|
|-weather|SunnyDay|[upkeep]
|-heal|p2b: Primarina|83/100|[from] item: Leftovers
|-heal|p1b: Toxapex|96/100|[from] item: Leftovers
|-sideend|p2: Aaronist|move: Tailwind
|upkeep
|turn|5
|
|t:|1784313183
|move|p1a: Charizard|Protect|p1a: Charizard
|-singleturn|p1a: Charizard|Protect
|move|p2b: Primarina|Calm Mind|p2b: Primarina
|-boost|p2b: Primarina|spa|1
|-boost|p2b: Primarina|spd|1
|move|p1b: Toxapex|Toxic|p2b: Primarina
|-status|p2b: Primarina|tox
|
|-weather|SunnyDay|[upkeep]
|-heal|p2b: Primarina|89/100 tox|[from] item: Leftovers
|-heal|p1b: Toxapex|100/100|[from] item: Leftovers
|-damage|p2b: Primarina|83/100 tox|[from] psn
|upkeep
|turn|6
|
|t:|1784313191
|move|p1b: Toxapex|Wide Guard|p1b: Toxapex
|-singleturn|p1b: Toxapex|Wide Guard
|move|p1a: Charizard|Weather Ball|p2b: Primarina
|-resisted|p2b: Primarina|1
|-damage|p2b: Primarina|64/100 tox
|move|p2b: Primarina|Hyper Voice|p1b: Toxapex|[spread] 
|-activate|p1a: Charizard|move: Wide Guard
|-activate|p1b: Toxapex|move: Wide Guard
|
|-weather|SunnyDay|[upkeep]
|-heal|p2b: Primarina|70/100 tox|[from] item: Leftovers
|-damage|p2b: Primarina|58/100 tox|[from] psn
|upkeep
|turn|7
|-message|Aaronist forfeited.
|
|win|AnnoyingFish
|l|‽Aaronist
|player|p2|
||Aaronist is ready for game 2.
||AnnoyingFish is ready for game 2.
|uhtml|next|Next: Game 2 of 3
