|j|☆bathoven
|j|☆Meowraure
|html|bathovenMeowraure    
|uhtml|bestof|Game 2 of a best-of-3
|t:|1786145631
|gametype|doubles
|player|p1|bathoven|pokemaniac|1173
|player|p2|Meowraure|266|1138
|gen|9
|tier|[Gen 9 Champions] VGC 2026 Reg M-B (Bo3)
|rated|
|rule|Species Clause: Limit one of each Pokémon
|rule|Item Clause: Limit 1 of each item
|clearpoke
|poke|p1|Delphox, L50, M|
|poke|p1|Garchomp, L50, F|
|poke|p1|Torkoal, L50, M|
|poke|p1|Farigiraf, L50, M|
|poke|p1|Venusaur, L50, F|
|poke|p1|Talonflame, L50, F|
|poke|p2|Floette-Eternal, L50, F|
|poke|p2|Sceptile, L50, F|
|poke|p2|Talonflame, L50, F|
|poke|p2|Rotom-Wash, L50|
|poke|p2|Kangaskhan, L50, F|
|poke|p2|Aegislash, L50, M|
|teampreview|4
|showteam|p1|Delphox||Delphoxite|Blaze|HeatWave,Psyshock,Protect,NastyPlot|Timid||M|||50|]Garchomp||LifeOrb|RoughSkin|Earthquake,RockSlide,Protect,DragonClaw|Jolly||F|||50|]Torkoal||HeatRock|Drought|HelpingHand,Eruption,Protect,HeatWave|Quiet||M|||50|]Farigiraf||ColburBerry|ArmorTail|TrickRoom,Protect,Thunderbolt,TwinBeam|Serious||M|||50|]Venusaur||Venusaurite|Chlorophyll|GigaDrain,SludgeBomb,SleepPowder,Protect|Modest||F|||50|]Talonflame||FocusSash|GaleWings|Tailwind,DualWingbeat,Protect,Feint|Adamant||F|||50|
|showteam|p2|Floette-Eternal||ChoiceScarf|FlowerVeil|EnergyBall,PollenPuff,Moonblast,Psychic|Timid||F|||50|]Sceptile||Sceptilite|Unburden|EarthPower,DragonPulse,LeafStorm,Protect|Timid||F|||50|]Talonflame||SharpBeak|GaleWings|DualWingbeat,Tailwind,FlareBlitz,Protect|Jolly||F|||50|]Rotom-Wash||Leftovers|Levitate|Discharge,WillOWisp,HydroPump,Protect|Timid|||||50|]Kangaskhan||SilkScarf|Scrappy|FakeOut,LastResort|Adamant||F|||50|]Aegislash||SitrusBerry|StanceChange|WideGuard,GyroBall,Poltergeist,KingsShield|Brave||M|||50|
|inactive|Battle timer is ON: inactive players will automatically lose when time's up. (requested by bathoven)
|
|t:|1786145653
|teamsize|p1|4
|teamsize|p2|4
|start
|switch|p1a: Garchomp|Garchomp, L50, F|100/100
|switch|p1b: Venusaur|Venusaur, L50, F|100/100
|switch|p2a: Floette|Floette-Eternal, L50, F|100/100
|switch|p2b: Talonflame|Talonflame, L50, F|100/100
|turn|1
|
|t:|1786145669
|switch|p1a: Torkoal|Torkoal, L50, M|100/100
|-weather|SunnyDay|[from] ability: Drought|[of] p1a: Torkoal
|move|p2a: Floette|Moonblast|p1a: Torkoal
|-resisted|p1a: Torkoal|1
|-crit|p1a: Torkoal
|-damage|p1a: Torkoal|54/100
|move|p1b: Venusaur|Sludge Bomb|p2a: Floette
|-supereffective|p2a: Floette|1
|-crit|p2a: Floette
|-damage|p2a: Floette|0 fnt
|faint|p2a: Floette
|move|p2b: Talonflame|Flare Blitz|p1b: Venusaur
|-supereffective|p1b: Venusaur|1
|-damage|p1b: Venusaur|0 fnt
|faint|p1b: Venusaur
|-damage|p2b: Talonflame|61/100|[from] Recoil
|
|-weather|SunnyDay|[upkeep]
|upkeep
|
|t:|1786145693
|switch|p2a: Rotom|Rotom-Wash, L50|100/100
|switch|p1b: Farigiraf|Farigiraf, L50, M|100/100
|turn|2
|
|t:|1786145712
|move|p1a: Torkoal|Protect|p1a: Torkoal
|-singleturn|p1a: Torkoal|Protect
|move|p2b: Talonflame|Flare Blitz|p1b: Farigiraf
|-damage|p1b: Farigiraf|39/100
|-status|p1b: Farigiraf|brn
|-damage|p2b: Talonflame|32/100|[from] Recoil
|move|p2a: Rotom|Hydro Pump|p1b: Farigiraf
|-damage|p1b: Farigiraf|14/100 brn
|move|p1b: Farigiraf|Trick Room|p1b: Farigiraf
|-fieldstart|move: Trick Room|[of] p1b: Farigiraf
|
|-weather|SunnyDay|[upkeep]
|-damage|p1b: Farigiraf|8/100 brn|[from] brn
|upkeep
|turn|3
|
|t:|1786145729
|move|p2a: Rotom|Protect|p2a: Rotom
|-singleturn|p2a: Rotom|Protect
|move|p2b: Talonflame|Protect|p2b: Talonflame
|-singleturn|p2b: Talonflame|Protect
|move|p1a: Torkoal|Heat Wave|p2b: Talonflame|[spread] 
|-activate|p2a: Rotom|move: Protect
|-activate|p2b: Talonflame|move: Protect
|move|p1b: Farigiraf|Twin Beam|p2a: Rotom
|-activate|p2a: Rotom|move: Protect
|
|-weather|SunnyDay|[upkeep]
|-damage|p1b: Farigiraf|2/100 brn|[from] brn
|upkeep
|turn|4
|
|t:|1786145747
|move|p2a: Rotom|Protect||[still]
|-fail|p2a: Rotom
|move|p1a: Torkoal|Heat Wave|p2a: Rotom|[spread] p2a,p2b
|-resisted|p2a: Rotom|1
|-crit|p2a: Rotom
|-resisted|p2b: Talonflame|1
|-damage|p2a: Rotom|58/100
|-damage|p2b: Talonflame|0 fnt
|faint|p2b: Talonflame
|move|p1b: Farigiraf|Twin Beam|p2a: Rotom
|-damage|p2a: Rotom|38/100
|-damage|p2a: Rotom|19/100
|-hitcount|p2a: Rotom|2
|
|-weather|SunnyDay|[upkeep]
|-heal|p2a: Rotom|25/100|[from] item: Leftovers
|-damage|p1b: Farigiraf|0 fnt|[from] brn
|faint|p1b: Farigiraf
|upkeep
|
|t:|1786145770
|switch|p1b: Garchomp|Garchomp, L50, F|100/100
|switch|p2b: Sceptile|Sceptile, L50, F|100/100
|turn|5
|
|t:|1786145793
|detailschange|p2b: Sceptile|Sceptile-Mega, L50, F
|-mega|p2b: Sceptile|Sceptile|Sceptilite
|move|p2a: Rotom|Protect|p2a: Rotom
|-singleturn|p2a: Rotom|Protect
|move|p1a: Torkoal|Heat Wave|p2b: Sceptile|[spread] 
|-activate|p2a: Rotom|move: Protect
|-miss|p1a: Torkoal|p2b: Sceptile
|move|p1b: Garchomp|Dragon Claw|p2b: Sceptile
|-supereffective|p2b: Sceptile|1
|-damage|p2b: Sceptile|0 fnt
|faint|p2b: Sceptile
|-damage|p1b: Garchomp|90/100|[from] item: Life Orb
|
|-weather|SunnyDay|[upkeep]
|-heal|p2a: Rotom|31/100|[from] item: Leftovers
|upkeep
|turn|6
|
|t:|1786145807
|move|p2a: Rotom|Protect||[still]
|-fail|p2a: Rotom
|move|p1a: Torkoal|Heat Wave|p2a: Rotom
|-resisted|p2a: Rotom|1
|-damage|p2a: Rotom|0 fnt
|faint|p2a: Rotom
|
|win|bathoven
|raw|bathoven's rating: 1173 → 1195(+22 for winning)
|raw|Meowraure's rating: 1138 → 1116(-22 for losing)
