|j|☆Akram Hamdi
|j|☆VicSaus53
|html|Akram HamdiVicSaus53    
|uhtml|bestof|Game 1 of a best-of-3
|t:|1782641174
|gametype|doubles
|player|p1|Akram Hamdi|bertha|
|player|p2|VicSaus53|giovanni|
|gen|9
|tier|[Gen 9 Champions] VGC 2026 Reg M-B (Bo3)
|rule|Species Clause: Limit one of each Pokémon
|rule|Item Clause: Limit 1 of each item
|clearpoke
|poke|p1|Archaludon, L50, M|
|poke|p1|Pelipper, L50, M|
|poke|p1|Maushold, L50|
|poke|p1|Annihilape, L50, F|
|poke|p1|Sinistcha-Masterpiece, L50|
|poke|p1|Swampert, L50, M|
|poke|p2|Ceruledge, L50, M|
|poke|p2|Kingambit, L50, M|
|poke|p2|Farigiraf, L50, M|
|poke|p2|Falinks, L50|
|poke|p2|Vivillon, L50, M|
|poke|p2|Incineroar, L50, M|
|teampreview|4
|showteam|p1|Archaludon||Magnet|Stamina|ElectroShot,DragonPulse,FlashCannon,Protect|Modest||M|||50|]Pelipper||FocusSash|Drizzle|WeatherBall,Hurricane,Tailwind,Protect|Modest||M|||50|]Maushold||ChopleBerry|FriendGuard|SuperFang,BabyDollEyes,FollowMe,Protect|Timid|||||50|]Annihilape||Leftovers|Defiant|RageFist,DrainPunch,BulkUp,Protect|Adamant||F|||50|]Sinistcha-Masterpiece||ColburBerry|Hospitality|MatchaGotcha,RagePowder,LifeDew,TrickRoom|Relaxed|||||50|]Swampert||Swampertite|Damp|WaveCrash,HighHorsepower,Earthquake,Protect|Adamant||M|||50|
|showteam|p2|Ceruledge||LifeOrb|FlashFire|BitterBlade,ShadowSneak,BulkUp,Protect|Adamant||M|||50|]Kingambit||BlackGlasses|Defiant|KowtowCleave,SuckerPunch,SwordsDance,Protect|Adamant||M|||50|]Farigiraf||ColburBerry|ArmorTail|Psychic,HyperVoice,TrickRoom,Protect|Modest||M|||50|]Falinks||Falinksite|Defiant|CloseCombat,RockSlide,NoRetreat,Protect|Adamant|||||50|]Vivillon||FocusSash|CompoundEyes|Hurricane,SleepPowder,RagePowder,Protect|Timid||M|||50|]Incineroar||SitrusBerry|Intimidate|FlareBlitz,ThroatChop,FakeOut,PartingShot|Impish||M|||50|
|c|☆VicSaus53|Glhf
|c|☆Akram Hamdi|glhf
|
|t:|1782641255
|teamsize|p1|4
|teamsize|p2|4
|start
|switch|p1a: Annihilape|Annihilape, L50, F|100/100
|switch|p1b: Maushold|Maushold, L50|100/100
|switch|p2a: Falinks|Falinks, L50|100/100
|switch|p2b: Vivillon|Vivillon, L50, M|100/100
|turn|1
|j| robbie0301
|
|t:|1782641286
|detailschange|p2a: Falinks|Falinks-Mega, L50
|-mega|p2a: Falinks|Falinks|Falinksite
|move|p1b: Maushold|Protect|p1b: Maushold
|-singleturn|p1b: Maushold|Protect
|move|p2b: Vivillon|Sleep Powder|p1a: Annihilape
|-status|p1a: Annihilape|slp|[from] move: Sleep Powder
|move|p2a: Falinks|No Retreat|p2a: Falinks
|-boost|p2a: Falinks|atk|1
|-boost|p2a: Falinks|def|1
|-boost|p2a: Falinks|spa|1
|-boost|p2a: Falinks|spd|1
|-boost|p2a: Falinks|spe|1
|-start|p2a: Falinks|move: No Retreat
|cant|p1a: Annihilape|slp
|
|upkeep
|turn|2
|
|t:|1782641301
|move|p2a: Falinks|Close Combat|p1b: Maushold
|-supereffective|p1b: Maushold|1
|-enditem|p1b: Maushold|Chople Berry|[eat]
|-enditem|p1b: Maushold|Chople Berry|[weaken]
|-damage|p1b: Maushold|0 fnt
|-unboost|p2a: Falinks|def|1
|-unboost|p2a: Falinks|spd|1
|faint|p1b: Maushold
|move|p2b: Vivillon|Hurricane|p1a: Annihilape|[miss]
|-miss|p2b: Vivillon|p1a: Annihilape
|-curestatus|p1a: Annihilape|slp|[msg]
|move|p1a: Annihilape|Bulk Up|p1a: Annihilape
|-boost|p1a: Annihilape|atk|1
|-boost|p1a: Annihilape|def|1
|
|upkeep
|
|t:|1782641309
|switch|p1b: Sinistcha|Sinistcha-Masterpiece, L50|100/100
|turn|3
|j| Harry Koekenpan
|
|t:|1782641323
|move|p2a: Falinks|Rock Slide|p1b: Sinistcha|[spread] p1a,p1b
|-resisted|p1a: Annihilape|1
|-damage|p1a: Annihilape|90/100
|-damage|p1b: Sinistcha|75/100
|move|p2b: Vivillon|Hurricane|p1b: Sinistcha|[miss]
|-miss|p2b: Vivillon|p1b: Sinistcha
|move|p1a: Annihilape|Bulk Up|p1a: Annihilape
|-boost|p1a: Annihilape|atk|1
|-boost|p1a: Annihilape|def|1
|move|p1b: Sinistcha|Trick Room|p1b: Sinistcha
|-fieldstart|move: Trick Room|[of] p1b: Sinistcha
|
|-heal|p1a: Annihilape|96/100|[from] item: Leftovers
|upkeep
|turn|4
|j| sushishine
|
|t:|1782641362
|move|p2a: Falinks|Protect|p2a: Falinks
|-singleturn|p2a: Falinks|Protect
|move|p1b: Sinistcha|Matcha Gotcha|p2b: Vivillon|[spread] p2b
|-activate|p2a: Falinks|move: Protect
|-resisted|p2b: Vivillon|2
|-damage|p2b: Vivillon|88/100
|-heal|p1b: Sinistcha|80/100|[from] drain|[of] p2b: Vivillon
|move|p1a: Annihilape|Rage Fist|p2b: Vivillon
|-damage|p2b: Vivillon|0 fnt
|faint|p2b: Vivillon
|
|-heal|p1a: Annihilape|100/100|[from] item: Leftovers
|upkeep
|
|t:|1782641367
|switch|p2b: Kingambit|Kingambit, L50, M|100/100
|turn|5
|
|t:|1782641376
|switch|p1b: Pelipper|Pelipper, L50, M|100/100
|-weather|RainDance|[from] ability: Drizzle|[of] p1b: Pelipper
|move|p2b: Kingambit|Protect|p2b: Kingambit
|-singleturn|p2b: Kingambit|Protect
|move|p1a: Annihilape|Rage Fist|p2a: Falinks
|-damage|p2a: Falinks|30/100
|move|p2a: Falinks|Rock Slide|p1b: Pelipper|[spread] p1a,p1b
|-resisted|p1a: Annihilape|1
|-supereffective|p1b: Pelipper|1
|-damage|p1a: Annihilape|92/100
|-damage|p1b: Pelipper|28/100
|
|-weather|RainDance|[upkeep]
|-heal|p1a: Annihilape|98/100|[from] item: Leftovers
|upkeep
|turn|6
|
|t:|1782641399
|move|p2b: Kingambit|Protect||[still]
|-fail|p2b: Kingambit
|move|p1b: Pelipper|Protect|p1b: Pelipper
|-singleturn|p1b: Pelipper|Protect
|move|p1a: Annihilape|Drain Punch|p2b: Kingambit
|-supereffective|p2b: Kingambit|2
|-crit|p2b: Kingambit
|-damage|p2b: Kingambit|0 fnt
|-heal|p1a: Annihilape|100/100|[from] drain|[of] p2b: Kingambit
|faint|p2b: Kingambit
|move|p2a: Falinks|Rock Slide|p1b: Pelipper|[spread] p1a
|-activate|p1b: Pelipper|move: Protect
|-resisted|p1a: Annihilape|1
|-damage|p1a: Annihilape|92/100
|
|-weather|RainDance|[upkeep]
|-heal|p1a: Annihilape|99/100|[from] item: Leftovers
|upkeep
|
|t:|1782641406
|switch|p2b: Incineroar|Incineroar, L50, M|100/100
|-ability|p2b: Incineroar|Intimidate|boost
|-unboost|p1a: Annihilape|atk|1
|-ability|p1a: Annihilape|Defiant|boost
|-boost|p1a: Annihilape|atk|2
|-unboost|p1b: Pelipper|atk|1
|turn|7
|l| sushishine
|
|t:|1782641423
|switch|p1b: Sinistcha|Sinistcha-Masterpiece, L50|80/100
|-heal|p1a: Annihilape|100/100|[from] ability: Hospitality|[of] p1b: Sinistcha
|move|p2b: Incineroar|Throat Chop|p1b: Sinistcha
|-supereffective|p1b: Sinistcha|1
|-enditem|p1b: Sinistcha|Colbur Berry|[eat]
|-enditem|p1b: Sinistcha|Colbur Berry|[weaken]
|-damage|p1b: Sinistcha|53/100
|-start|p1b: Sinistcha|Throat Chop|[silent]
|move|p1a: Annihilape|Drain Punch|p2b: Incineroar
|-supereffective|p2b: Incineroar|1
|-damage|p2b: Incineroar|0 fnt
|faint|p2b: Incineroar
|move|p2a: Falinks|Rock Slide|p1b: Sinistcha|[spread] p1a,p1b
|-resisted|p1a: Annihilape|1
|-damage|p1a: Annihilape|91/100
|-damage|p1b: Sinistcha|27/100
|
|-weather|RainDance|[upkeep]
|-heal|p1a: Annihilape|98/100|[from] item: Leftovers
|-fieldend|move: Trick Room
|upkeep
|turn|8
|
|t:|1782641435
|move|p2a: Falinks|Rock Slide|p1b: Sinistcha|[spread] p1a,p1b
|-resisted|p1a: Annihilape|1
|-damage|p1a: Annihilape|89/100
|-damage|p1b: Sinistcha|2/100
|move|p1a: Annihilape|Rage Fist|p2a: Falinks
|-damage|p2a: Falinks|0 fnt
|faint|p2a: Falinks
|
|win|Akram Hamdi
||Akram Hamdi is ready for game 2.
||VicSaus53 is ready for game 2.
|uhtml|next|Next: Game 2 of 3
|l| Harry Koekenpan
|j| qstnmark
|l| robbie0301
|l|☆Akram Hamdi
|player|p1|
|j|☆Akram Hamdi
|player|p1|Akram Hamdi|bertha|
|l| qstnmark
|l|☆Akram Hamdi
|player|p1|
