|j|☆sbhaga34
|j|☆bennobad
|html|sbhaga34bennobad    
|uhtml|bestof|Game 3 of a best-of-3
|t:|1757177121
|gametype|doubles
|player|p1|sbhaga34|hugh|1293
|player|p2|bennobad|169|1315
|gen|9
|tier|[Gen 9] VGC 2025 Reg H (Bo3)
|rated|
|rule|Species Clause: Limit one of each Pokémon
|rule|Item Clause: Limit 1 of each item
|clearpoke
|poke|p1|Indeedee-F, L50, F|
|poke|p1|Murkrow, L50, F|
|poke|p1|Tyranitar, L50, F|
|poke|p1|Excadrill, L50, F|
|poke|p1|Gardevoir, L50, F|
|poke|p1|Ursaluna-Bloodmoon, L50, M|
|poke|p2|Ursaluna, L50, F|
|poke|p2|Hydreigon, L50, M|
|poke|p2|Gholdengo, L50|
|poke|p2|Incineroar, L50, F|
|poke|p2|Amoonguss, L50, F|
|poke|p2|Porygon2, L50|
|teampreview|4
|showteam|p1|Indeedee-F||SafetyGoggles|PsychicSurge|FollowMe,TrickRoom,HelpingHand,Psychic|||F|||50|,,,,,Fairy]Murkrow||Eviolite|Prankster|Tailwind,Haze,BraveBird,FoulPlay|||F|||50|,,,,,Ghost]Tyranitar||WeaknessPolicy|SandStream|RockSlide,KnockOff,LowKick,Protect|||F|||50|,,,,,Flying]Excadrill||FocusSash|SandRush|Earthquake,IronHead,SwordsDance,Protect|||F|||50|,,,,,Ground]Gardevoir||ChoiceScarf|Telepathy|ExpandingForce,DazzlingGleam,Moonblast,IcyWind|||F|||50|,,,,,Psychic]Ursaluna-Bloodmoon||AssaultVest|MindsEye|BloodMoon,HyperVoice,EarthPower,Snarl|||M|||50|,,,,,Electric
|showteam|p2|Ursaluna||FlameOrb|Guts|Facade,HeadlongRush,Earthquake,Protect|||F|||50|,,,,,Fairy]Hydreigon||ChopleBerry|Levitate|DracoMeteor,Snarl,Tailwind,Protect|||M|||50|,,,,,Steel]Gholdengo||LifeOrb|GoodasGold|MakeItRain,ShadowBall,Protect,NastyPlot||||||50|,,,,,Water]Incineroar||AssaultVest|Intimidate|KnockOff,FlareBlitz,Uturn,FakeOut|||F|||50|,,,,,Grass]Amoonguss||MentalHerb|Regenerator|Spore,RagePowder,ClearSmog,Protect|||F|||50|,,,,,Fire]Porygon2||Eviolite|Download|IceBeam,Thunderbolt,Recover,TrickRoom||||||50|,,,,,Fairy
|inactive|Battle timer is ON: inactive players will automatically lose when time's up. (requested by sbhaga34)
|
|t:|1757177150
|teamsize|p1|4
|teamsize|p2|4
|start
|switch|p1a: Indeedee|Indeedee-F, L50, F|100/100
|switch|p1b: Gardevoir|Gardevoir, L50, F, shiny|100/100
|switch|p2a: Incineroar|Incineroar, L50, F, shiny|100/100
|switch|p2b: Porygon2|Porygon2, L50, shiny|100/100
|-ability|p2a: Incineroar|Intimidate|boost
|-unboost|p1a: Indeedee|atk|1
|-unboost|p1b: Gardevoir|atk|1
|-fieldstart|move: Psychic Terrain|[from] ability: Psychic Surge|[of] p1a: Indeedee
|-ability|p2b: Porygon2|Download|boost
|-boost|p2b: Porygon2|atk|1
|turn|1
|
|t:|1757177168
|switch|p1b: Ursaluna|Ursaluna-Bloodmoon, L50, M|100/100
|switch|p1a: Tyranitar|Tyranitar, L50, F|100/100
|-weather|Sandstorm|[from] ability: Sand Stream|[of] p1a: Tyranitar
|move|p2a: Incineroar|U-turn|p1a: Tyranitar
|-supereffective|p1a: Tyranitar
|-damage|p1a: Tyranitar|63/100
|-enditem|p1a: Tyranitar|Weakness Policy
|-boost|p1a: Tyranitar|atk|2|[from] item: Weakness Policy
|-boost|p1a: Tyranitar|spa|2|[from] item: Weakness Policy
|
|t:|1757177190
|switch|p2a: Amoonguss|Amoonguss, L50, F, shiny|100/100|[from] U-turn
|move|p2b: Porygon2|Trick Room|p2b: Porygon2
|-fieldstart|move: Trick Room|[of] p2b: Porygon2
|
|-weather|Sandstorm|[upkeep]
|-damage|p2a: Amoonguss|95/100|[from] Sandstorm
|-damage|p2b: Porygon2|95/100|[from] Sandstorm
|upkeep
|turn|2
|inactive|bennobad has 30 seconds left.
|
|t:|1757177223
|switch|p2b: Incineroar|Incineroar, L50, F, shiny|100/100
|-ability|p2b: Incineroar|Intimidate|boost
|-unboost|p1a: Tyranitar|atk|1
|-unboost|p1b: Ursaluna|atk|1
|switch|p1b: Indeedee|Indeedee-F, L50, F|100/100
|move|p1a: Tyranitar|Protect|p1a: Tyranitar
|-singleturn|p1a: Tyranitar|Protect
|move|p2a: Amoonguss|Spore|p1b: Indeedee
|-activate|p1b: Indeedee|item: Safety Goggles|Spore
|
|-weather|Sandstorm|[upkeep]
|-damage|p2a: Amoonguss|89/100|[from] Sandstorm
|-damage|p2b: Incineroar|94/100|[from] Sandstorm
|upkeep
|turn|3
|
|t:|1757177244
|-terastallize|p1b: Indeedee|Fairy
|-terastallize|p2b: Incineroar|Grass
|move|p1b: Indeedee|Follow Me|p1b: Indeedee
|-singleturn|p1b: Indeedee|move: Follow Me
|move|p2a: Amoonguss|Clear Smog|p1b: Indeedee
|-supereffective|p1b: Indeedee
|-damage|p1b: Indeedee|72/100
|-clearboost|p1b: Indeedee
|move|p1a: Tyranitar|Rock Slide|p2b: Incineroar|[spread] p2a,p2b
|-damage|p2a: Amoonguss|48/100
|-damage|p2b: Incineroar|50/100
|cant|p2b: Incineroar|flinch
|
|-weather|Sandstorm|[upkeep]
|-damage|p2a: Amoonguss|42/100|[from] Sandstorm
|-damage|p2b: Incineroar|44/100|[from] Sandstorm
|upkeep
|turn|4
|inactive|bennobad has 30 seconds left.
|inactive|sbhaga34 has 30 seconds left.
|
|t:|1757177278
|switch|p1b: Ursaluna|Ursaluna-Bloodmoon, L50, M|100/100
|switch|p2b: Porygon2|Porygon2, L50, shiny|95/100
|-ability|p2b: Porygon2|Download|boost
|-boost|p2b: Porygon2|spa|1
|move|p2a: Amoonguss|Protect|p2a: Amoonguss
|-singleturn|p2a: Amoonguss|Protect
|move|p1a: Tyranitar|Rock Slide|p2b: Porygon2|[spread] p2b
|-activate|p2a: Amoonguss|move: Protect
|-damage|p2b: Porygon2|66/100
|
|-weather|Sandstorm|[upkeep]
|-damage|p2a: Amoonguss|36/100|[from] Sandstorm
|-damage|p2b: Porygon2|60/100|[from] Sandstorm
|upkeep
|turn|5
|inactive|bennobad has 30 seconds left.
|inactive|bennobad has 20 seconds left.
|
|t:|1757177313
|switch|p2b: Ursaluna|Ursaluna, L50, F|100/100
|switch|p1b: Indeedee|Indeedee-F, L50, F, tera:Fairy|72/100
|move|p1a: Tyranitar|Protect|p1a: Tyranitar
|-singleturn|p1a: Tyranitar|Protect
|move|p2a: Amoonguss|Spore|p1b: Indeedee
|-activate|p1b: Indeedee|item: Safety Goggles|Spore
|
|-weather|none
|-fieldend|move: Trick Room
|-fieldend|move: Psychic Terrain
|-status|p2b: Ursaluna|brn|[from] item: Flame Orb
|upkeep
|turn|6
|inactive|sbhaga34 has 30 seconds left.
|
|t:|1757177347
|switch|p1b: Ursaluna|Ursaluna-Bloodmoon, L50, M|100/100
|move|p2b: Ursaluna|Facade|p1b: Ursaluna
|-damage|p1b: Ursaluna|5/100
|move|p1a: Tyranitar|Rock Slide|p2b: Ursaluna|[spread] p2b
|-miss|p1a: Tyranitar|p2a: Amoonguss
|-resisted|p2b: Ursaluna
|-damage|p2b: Ursaluna|80/100 brn
|move|p2a: Amoonguss|Spore|p1a: Tyranitar
|-status|p1a: Tyranitar|slp|[from] move: Spore
|
|-damage|p2b: Ursaluna|74/100 brn|[from] brn
|upkeep
|turn|7
|
|t:|1757177363
|switch|p1b: Indeedee|Indeedee-F, L50, F, tera:Fairy|72/100
|-fieldstart|move: Psychic Terrain|[from] ability: Psychic Surge|[of] p1b: Indeedee
|move|p2a: Amoonguss|Protect|p2a: Amoonguss
|-singleturn|p2a: Amoonguss|Protect
|move|p2b: Ursaluna|Earthquake|p1b: Indeedee|[spread] p1a,p1b
|-activate|p2a: Amoonguss|move: Protect
|-supereffective|p1a: Tyranitar
|-damage|p1a: Tyranitar|0 fnt
|-damage|p1b: Indeedee|5/100
|faint|p1a: Tyranitar
|
|-damage|p2b: Ursaluna|69/100 brn|[from] brn
|upkeep
|
|t:|1757177375
|switch|p1a: Gardevoir|Gardevoir, L50, F, shiny|100/100
|turn|8
|inactive|bennobad has 30 seconds left.
|inactive|bennobad has 20 seconds left.
|
|t:|1757177413
|move|p1b: Indeedee|Helping Hand|p1a: Gardevoir
|-singleturn|p1a: Gardevoir|Helping Hand|[of] p1b: Indeedee
|move|p2b: Ursaluna|Protect|p2b: Ursaluna
|-singleturn|p2b: Ursaluna|Protect
|move|p1a: Gardevoir|Expanding Force|p2b: Ursaluna|[spread] p2a
|-activate|p2b: Ursaluna|move: Protect
|-supereffective|p2a: Amoonguss
|-damage|p2a: Amoonguss|0 fnt
|faint|p2a: Amoonguss
|
|-damage|p2b: Ursaluna|63/100 brn|[from] brn
|upkeep
|inactive|bennobad has 30 seconds left.
|
|t:|1757177443
|switch|p2a: Porygon2|Porygon2, L50, shiny|60/100
|-ability|p2a: Porygon2|Download|boost
|-boost|p2a: Porygon2|atk|1
|turn|9
|inactive|bennobad has 30 seconds left.
|
|t:|1757177474
|switch|p2b: Incineroar|Incineroar, L50, F, shiny, tera:Grass|44/100
|-ability|p2b: Incineroar|Intimidate|boost
|-unboost|p1a: Gardevoir|atk|1
|-unboost|p1b: Indeedee|atk|1
|move|p1b: Indeedee|Helping Hand|p1a: Gardevoir
|-singleturn|p1a: Gardevoir|Helping Hand|[of] p1b: Indeedee
|move|p1a: Gardevoir|Expanding Force|p2a: Porygon2|[spread] p2a,p2b
|-damage|p2a: Porygon2|17/100
|-damage|p2b: Incineroar|0 fnt
|faint|p2b: Incineroar
|move|p2a: Porygon2|Trick Room|p2a: Porygon2
|-fieldstart|move: Trick Room|[of] p2a: Porygon2
|
|upkeep
|
|t:|1757177476
|switch|p2b: Ursaluna|Ursaluna, L50, F|63/100 brn
|turn|10
|
|t:|1757177490
|move|p1b: Indeedee|Follow Me|p1b: Indeedee
|-singleturn|p1b: Indeedee|move: Follow Me
|move|p2a: Porygon2|Ice Beam|p1b: Indeedee
|-damage|p1b: Indeedee|0 fnt
|faint|p1b: Indeedee
|move|p2b: Ursaluna|Facade|p1a: Gardevoir
|-damage|p1a: Gardevoir|0 fnt
|faint|p1a: Gardevoir
|
|-damage|p2b: Ursaluna|57/100 brn|[from] brn
|upkeep
|-message|sbhaga34 forfeited.
|
|win|bennobad
|raw|sbhaga34's rating: 1293 → 1270(-23 for losing)
|raw|bennobad's rating: 1315 → 1334(+19 for winning)
|l|☆sbhaga34
|player|p1|
