|j|☆SelvesterTheYAK
|j|☆sushinacl18
|html|SelvesterTheYAKsushinacl18    
|uhtml|bestof|Game 1 of a best-of-3
|t:|1756953138
|gametype|doubles
|player|p1|SelvesterTheYAK|265|1132
|player|p2|sushinacl18|170|1007
|gen|9
|tier|[Gen 9] VGC 2025 Reg H (Bo3)
|rated|
|rule|Species Clause: Limit one of each Pokémon
|rule|Item Clause: Limit 1 of each item
|clearpoke
|poke|p1|Tyranitar, L50, F|
|poke|p1|Garchomp, L50, M|
|poke|p1|Gholdengo, L50|
|poke|p1|Talonflame, L50, F|
|poke|p1|Amoonguss, L50, F|
|poke|p1|Milotic, L50, F|
|poke|p2|Armarouge, L50, M|
|poke|p2|Indeedee-F, L50, F|
|poke|p2|Kingambit, L50, F|
|poke|p2|Amoonguss, L50, M|
|poke|p2|Ursaluna, L50, F|
|poke|p2|Sinistcha, L50|
|teampreview|4
|showteam|p1|Tyranitar||AssaultVest|SandStream|RockSlide,TeraBlast,KnockOff,LowKick|||F|||50|,,,,,Flying]Garchomp||LifeOrb|SandVeil|Protect,DragonClaw,StompingTantrum,Earthquake|||M|||50|,,,,,Steel]Gholdengo||MetalCoat|GoodasGold|MakeItRain,ShadowBall,Protect,NastyPlot||||||50|,,,,,Flying]Talonflame||CovertCloak|GaleWings|BraveBird,Tailwind,WillOWisp,Taunt|||F|||50|,,,,,Ghost]Amoonguss||SitrusBerry|Regenerator|Protect,Spore,RagePowder,PollenPuff|||F|||50|,,,,,Water]Milotic||SafetyGoggles|Competitive|Haze,Protect,IcyWind,Scald|||F|||50|,,,,,Dragon
|showteam|p2|Armarouge||LifeOrb|FlashFire|TrickRoom,ExpandingForce,ArmorCannon,Protect|||M|||50|,,,,,Psychic]Indeedee-F||MentalHerb|PsychicSurge|FollowMe,TrickRoom,Psychic,Protect|||F|||50|,,,,,Dark]Kingambit||AssaultVest|SupremeOverlord|KowtowCleave,IronHead,TeraBlast,Protect|||F|||50|,,,,,Flying]Amoonguss||SitrusBerry|Regenerator|PollenPuff,Protect,Spore,RagePowder|||M|||50|,,,,,Dark]Ursaluna||FlameOrb|Guts|Facade,HeadlongRush,CloseCombat,Protect|||F|||50|,,,,,Bug]Sinistcha||EjectButton|Hospitality|MatchaGotcha,ShadowBall,TrickRoom,LifeDew||||||50|,,,,,Water
|inactive|Battle timer is ON: inactive players will automatically lose when time's up. (requested by SelvesterTheYAK)
|
|t:|1756953198
|teamsize|p1|4
|teamsize|p2|4
|start
|switch|p1a: Tyranitar|Tyranitar, L50, F|100/100
|switch|p1b: Talonflame|Talonflame, L50, F|100/100
|switch|p2a: Indeedee|Indeedee-F, L50, F|100/100
|switch|p2b: Ursaluna|Ursaluna, L50, F|100/100
|-weather|Sandstorm|[from] ability: Sand Stream|[of] p1a: Tyranitar
|-fieldstart|move: Psychic Terrain|[from] ability: Psychic Surge|[of] p2a: Indeedee
|turn|1
|inactive|SelvesterTheYAK has 30 seconds left.
|
|t:|1756953229
|move|p2b: Ursaluna|Protect|p2b: Ursaluna
|-singleturn|p2b: Ursaluna|Protect
|move|p1b: Talonflame|Taunt|p2a: Indeedee
|-start|p2a: Indeedee|move: Taunt
|-enditem|p2a: Indeedee|Mental Herb
|-end|p2a: Indeedee|move: Taunt
|move|p1a: Tyranitar|Knock Off|p2a: Indeedee
|-supereffective|p2a: Indeedee
|-damage|p2a: Indeedee|12/100
|move|p2a: Indeedee|Trick Room|p2a: Indeedee
|-fieldstart|move: Trick Room|[of] p2a: Indeedee
|
|-weather|Sandstorm|[upkeep]
|-damage|p2a: Indeedee|6/100|[from] Sandstorm
|-damage|p1b: Talonflame|95/100|[from] Sandstorm
|-status|p2b: Ursaluna|brn|[from] item: Flame Orb
|upkeep
|turn|2
|inactive|SelvesterTheYAK has 30 seconds left.
|
|t:|1756953254
|-terastallize|p1a: Tyranitar|Flying
|move|p2a: Indeedee|Follow Me|p2a: Indeedee
|-singleturn|p2a: Indeedee|move: Follow Me
|move|p2b: Ursaluna|Close Combat|p1a: Tyranitar
|-resisted|p1a: Tyranitar
|-damage|p1a: Tyranitar|70/100
|-unboost|p2b: Ursaluna|def|1
|-unboost|p2b: Ursaluna|spd|1
|move|p1a: Tyranitar|Low Kick|p2a: Indeedee
|-damage|p2a: Indeedee|0 fnt
|faint|p2a: Indeedee
|move|p1b: Talonflame|Brave Bird|p2b: Ursaluna
|-damage|p2b: Ursaluna|63/100 brn
|-damage|p1b: Talonflame|78/100|[from] Recoil
|
|-weather|Sandstorm|[upkeep]
|-damage|p1a: Tyranitar|64/100|[from] Sandstorm
|-damage|p1b: Talonflame|72/100|[from] Sandstorm
|-damage|p2b: Ursaluna|57/100 brn|[from] brn
|upkeep
|
|t:|1756953274
|switch|p2a: Armarouge|Armarouge, L50, M|100/100
|turn|3
|
|t:|1756953284
|move|p2b: Ursaluna|Facade|p1b: Talonflame
|-damage|p1b: Talonflame|0 fnt
|faint|p1b: Talonflame
|move|p2a: Armarouge|Expanding Force|p1a: Tyranitar
|-damage|p1a: Tyranitar|0 fnt
|faint|p1a: Tyranitar
|-damage|p2a: Armarouge|91/100|[from] item: Life Orb
|
|-weather|Sandstorm|[upkeep]
|-damage|p2a: Armarouge|85/100|[from] Sandstorm
|-damage|p2b: Ursaluna|51/100 brn|[from] brn
|upkeep
|
|t:|1756953300
|switch|p1a: Garchomp|Garchomp, L50, M|100/100
|switch|p1b: Gholdengo|Gholdengo, L50|100/100
|turn|4
|
|t:|1756953317
|move|p1b: Gholdengo|Protect|p1b: Gholdengo
|-singleturn|p1b: Gholdengo|Protect
|move|p2b: Ursaluna|Facade|p1a: Garchomp|[miss]
|-miss|p2b: Ursaluna|p1a: Garchomp
|move|p2a: Armarouge|Armor Cannon|p1b: Gholdengo
|-activate|p1b: Gholdengo|move: Protect
|move|p1a: Garchomp|Earthquake|p2a: Armarouge|[spread] p2a,p2b
|-activate|p1b: Gholdengo|move: Protect
|-supereffective|p2a: Armarouge
|-damage|p2a: Armarouge|0 fnt
|-damage|p2b: Ursaluna|0 fnt
|faint|p2a: Armarouge
|faint|p2b: Ursaluna
|-damage|p1a: Garchomp|91/100|[from] item: Life Orb
|
|-weather|Sandstorm|[upkeep]
|upkeep
|
|t:|1756953336
|switch|p2b: Amoonguss|Amoonguss, L50, M|100/100
|turn|5
|-message|sushinacl18 forfeited.
|
|win|SelvesterTheYAK
|l|☆sushinacl18
|player|p2|
||SelvesterTheYAK is ready for game 2.
||sushinacl18 is ready for game 2.
|uhtml|next|Next: Game 2 of 3
