|j|☆Arkhept
|j|☆Beeetch
|html|ArkheptBeeetch    
|uhtml|bestof|Game 2 of a best-of-3
|t:|1757201488
|gametype|doubles
|player|p1|Arkhept|misty|1219
|player|p2|Beeetch|beauty-gen4dp|1237
|gen|9
|tier|[Gen 9] VGC 2025 Reg H (Bo3)
|rated|
|rule|Species Clause: Limit one of each Pokémon
|rule|Item Clause: Limit 1 of each item
|clearpoke
|poke|p1|Farigiraf, L50, M|
|poke|p1|Archaludon, L50, M|
|poke|p1|Ribombee, L50, M|
|poke|p1|Dragonite, L50, F|
|poke|p1|Typhlosion-Hisui, L50, M|
|poke|p1|Incineroar, L50, M|
|poke|p2|Excadrill, L50, M|
|poke|p2|Tyranitar, L50, F|
|poke|p2|Sneasler, L50, M|
|poke|p2|Indeedee, L50, M|
|poke|p2|Corviknight, L50, M|
|poke|p2|Annihilape, L50, F|
|teampreview|4
|showteam|p1|Farigiraf||ThroatSpray|ArmorTail|HyperVoice,TeraBlast,TrickRoom,PsychicNoise|||M|||50|,,,,,Fire]Archaludon||PowerHerb|Sturdy|ElectroShot,DracoMeteor,Thunderbolt,Protect|||M|||50|,,,,,Electric]Ribombee||FocusSash|ShieldDust|Tailwind,FakeTears,Moonblast,Protect|||M|||50|,,,,,Bug]Dragonite||LoadedDice|Multiscale|ScaleShot,LowKick,ExtremeSpeed,Protect|||F|||50|,,,,,Fairy]Typhlosion-Hisui||ChoiceSpecs|Blaze|Eruption,HeatWave,ShadowBall,Overheat|||M|||50|,,,,,Fire]Incineroar||AssaultVest|Intimidate|KnockOff,FlareBlitz,Uturn,FakeOut|||M|||50|,,,,,Grass
|showteam|p2|Excadrill||FocusSash|SandRush|IronHead,HighHorsepower,Earthquake,Protect|||M|||50|,,,,,Stellar]Tyranitar||AssaultVest|SandStream|RockSlide,KnockOff,TeraBlast,LowKick|||F|||50|,,,,,Flying]Sneasler||PsychicSeed|Unburden|DireClaw,CloseCombat,ThroatChop,Protect|||M|||50|,,,,,Dark]Indeedee||ChoiceScarf|PsychicSurge|ExpandingForce,TeraBlast,Protect,Trick|||M|||50|,,,,,Psychic]Corviknight||Leftovers|MirrorArmor|BraveBird,BulkUp,Roost,Tailwind|||M|||50|,,,,,Dragon]Annihilape||SafetyGoggles|Defiant|CloseCombat,FinalGambit,RageFist,Taunt|||F|||50|,,,,,Water
|
|t:|1757201537
|teamsize|p1|4
|teamsize|p2|4
|start
|switch|p1a: Archaludon|Archaludon, L50, M|100/100
|switch|p1b: Ribombee|Ribombee, L50, M|100/100
|switch|p2a: Indeedee|Indeedee, L50, M, shiny|100/100
|switch|p2b: Annihilape|Annihilape, L50, F|100/100
|-fieldstart|move: Psychic Terrain|[from] ability: Psychic Surge|[of] p2a: Indeedee
|turn|1
|
|t:|1757201565
|switch|p2b: Corviknight|Corviknight, L50, M|100/100
|move|p1a: Archaludon|Protect|p1a: Archaludon
|-singleturn|p1a: Archaludon|Protect
|move|p2a: Indeedee|Expanding Force|p1b: Ribombee|[spread] p1b
|-activate|p1a: Archaludon|move: Protect
|-damage|p1b: Ribombee|6/100
|move|p1b: Ribombee|Tailwind|p1b: Ribombee
|-sidestart|p1: Arkhept|move: Tailwind
|
|upkeep
|turn|2
|
|t:|1757201582
|-terastallize|p2b: Corviknight|Dragon
|move|p1b: Ribombee|Moonblast|p2b: Corviknight
|-supereffective|p2b: Corviknight
|-damage|p2b: Corviknight|34/100
|move|p1a: Archaludon|Electro Shot||[still]
|-prepare|p1a: Archaludon|Electro Shot
|-boost|p1a: Archaludon|spa|1
|-enditem|p1a: Archaludon|Power Herb
|-anim|p1a: Archaludon|Electro Shot|p2b: Corviknight
|-resisted|p2b: Corviknight
|-damage|p2b: Corviknight|7/100
|move|p2a: Indeedee|Expanding Force|p1a: Archaludon|[spread] p1a,p1b
|-resisted|p1a: Archaludon
|-crit|p1a: Archaludon
|-damage|p1a: Archaludon|40/100
|-damage|p1b: Ribombee|0 fnt
|faint|p1b: Ribombee
|move|p2b: Corviknight|Tailwind|p2b: Corviknight
|-sidestart|p2: Beeetch|move: Tailwind
|
|-heal|p2b: Corviknight|13/100|[from] item: Leftovers
|upkeep
|
|t:|1757201593
|switch|p1b: Farigiraf|Farigiraf, L50, M|100/100
|turn|3
|
|t:|1757201615
|move|p1a: Archaludon|Protect|p1a: Archaludon
|-singleturn|p1a: Archaludon|Protect
|move|p2a: Indeedee|Expanding Force|p1a: Archaludon|[spread] p1b
|-activate|p1a: Archaludon|move: Protect
|-resisted|p1b: Farigiraf
|-damage|p1b: Farigiraf|70/100
|move|p2b: Corviknight|Brave Bird|p1a: Archaludon
|-activate|p1a: Archaludon|move: Protect
|move|p1b: Farigiraf|Trick Room|p1b: Farigiraf
|-fieldstart|move: Trick Room|[of] p1b: Farigiraf
|
|-heal|p2b: Corviknight|20/100|[from] item: Leftovers
|upkeep
|turn|4
|
|t:|1757201642
|-terastallize|p1a: Archaludon|Electric
|move|p2b: Corviknight|Brave Bird|p1a: Archaludon
|-resisted|p1a: Archaludon
|-damage|p1a: Archaludon|20/100
|-damage|p2b: Corviknight|14/100|[from] Recoil
|move|p1b: Farigiraf|Hyper Voice|p2b: Corviknight|[spread] p2a,p2b
|-damage|p2a: Indeedee|58/100
|-damage|p2b: Corviknight|0 fnt
|faint|p2b: Corviknight
|-enditem|p1b: Farigiraf|Throat Spray
|-boost|p1b: Farigiraf|spa|1|[from] item: Throat Spray
|move|p1a: Archaludon|Thunderbolt|p2a: Indeedee
|-damage|p2a: Indeedee|0 fnt
|faint|p2a: Indeedee
|
|-sideend|p1: Arkhept|move: Tailwind
|upkeep
|
|t:|1757201657
|switch|p2b: Annihilape|Annihilape, L50, F|100/100
|switch|p2a: Sneasler|Sneasler, L50, M, shiny|100/100
|-enditem|p2a: Sneasler|Psychic Seed
|-boost|p2a: Sneasler|spd|1|[from] item: Psychic Seed
|turn|5
|
|t:|1757201683
|move|p2a: Sneasler|Protect|p2a: Sneasler
|-singleturn|p2a: Sneasler|Protect
|move|p1b: Farigiraf|Psychic Noise|p2b: Annihilape
|-supereffective|p2b: Annihilape
|-damage|p2b: Annihilape|0 fnt
|faint|p2b: Annihilape
|move|p1a: Archaludon|Draco Meteor|p2a: Sneasler
|-activate|p2a: Sneasler|move: Protect
|
|-sideend|p2: Beeetch|move: Tailwind
|-fieldend|move: Psychic Terrain
|upkeep
|turn|6
|
|t:|1757201696
|move|p1b: Farigiraf|Psychic Noise|p2a: Sneasler
|-supereffective|p2a: Sneasler
|-damage|p2a: Sneasler|0 fnt
|faint|p2a: Sneasler
|
|win|Arkhept
||Beeetch is ready for game 3.
