|j|☆raylof
|j|☆ogden2
|html|raylofogden2    
|uhtml|bestof|Game 3 of a best-of-3
|t:|1757130337
|gametype|doubles
|player|p1|raylof|2|1277
|player|p2|ogden2|gambler|1169
|gen|9
|tier|[Gen 9] VGC 2025 Reg H (Bo3)
|rated|
|rule|Species Clause: Limit one of each Pokémon
|rule|Item Clause: Limit 1 of each item
|clearpoke
|poke|p1|Pelipper, L50, M|
|poke|p1|Archaludon, L50, M|
|poke|p1|Sinistcha, L50|
|poke|p1|Ursaluna, L50, F|
|poke|p1|Dragonite, L50, F|
|poke|p1|Incineroar, L50, M|
|poke|p2|Garchomp, L50, F|
|poke|p2|Kilowattrel, L50, M|
|poke|p2|Primarina, L50, F|
|poke|p2|Incineroar, L50, F|
|poke|p2|Annihilape, L50, F|
|poke|p2|Amoonguss, L50, M|
|teampreview|4
|showteam|p1|Pelipper||FocusSash|Drizzle|MuddyWater,Hurricane,Protect,Tailwind|||M|||50|,,,,,Ghost]Archaludon||AssaultVest|Stamina|FlashCannon,BodyPress,ElectroShot,Snarl|||M|||50|,,,,,Fighting]Sinistcha||SitrusBerry|Hospitality|MatchaGotcha,LifeDew,RagePowder,TrickRoom||||||50|,,,,,Dark]Ursaluna||FlameOrb|Guts|Protect,Facade,HeadlongRush,Earthquake|||F|||50|,,,,,Ghost]Dragonite||LoadedDice|Multiscale|Protect,ScaleShot,Haze,Tailwind|||F|||50|,,,,,Fairy]Incineroar||SafetyGoggles|Intimidate|FlareBlitz,KnockOff,FakeOut,PartingShot|||M|||50|,,,,,Ghost
|showteam|p2|Garchomp||LifeOrb|RoughSkin|DragonClaw,Earthquake,StompingTantrum,Protect|||F|||50|,,,,,Ground]Kilowattrel||FocusSash|Competitive|Electroweb,AirSlash,Tailwind,Protect|||M|||50|,,,,,Ghost]Primarina||ThroatSpray|LiquidVoice|Moonblast,HyperVoice,Haze,Protect|||F|||50|,,,,,Poison]Incineroar||SafetyGoggles|Intimidate|FakeOut,KnockOff,FlareBlitz,PartingShot|||F|||50|,,,,,Ghost]Annihilape||Leftovers|Defiant|RageFist,DrainPunch,BulkUp,Protect|||F|||50|,,,,,Fire]Amoonguss||SitrusBerry|Regenerator|PollenPuff,Spore,RagePowder,Protect|||M|||50|,,,,,Water
|
|t:|1757130371
|teamsize|p1|4
|teamsize|p2|4
|start
|switch|p1a: Dragonite|Dragonite, L50, F|100/100
|switch|p1b: Archaludon|Archaludon, L50, M|100/100
|switch|p2a: Kilowattrel|Kilowattrel, L50, M|100/100
|switch|p2b: Garchomp|Garchomp, L50, F|100/100
|turn|1
|
|t:|1757130420
|-terastallize|p2b: Garchomp|Ground
|move|p2a: Kilowattrel|Tailwind|p2a: Kilowattrel
|-sidestart|p2: ogden2|move: Tailwind
|move|p2b: Garchomp|Stomping Tantrum|p1b: Archaludon
|-supereffective|p1b: Archaludon
|-damage|p1b: Archaludon|0 fnt
|faint|p1b: Archaludon
|-damage|p2b: Garchomp|91/100|[from] item: Life Orb
|move|p1a: Dragonite|Scale Shot|p2b: Garchomp|[miss]
|-miss|p1a: Dragonite|p2b: Garchomp
|
|upkeep
|
|t:|1757130432
|switch|p1b: Sinistcha|Sinistcha, L50|100/100
|turn|2
|
|t:|1757130453
|-terastallize|p1b: Sinistcha|Dark
|move|p1a: Dragonite|Protect|p1a: Dragonite
|-singleturn|p1a: Dragonite|Protect
|move|p2a: Kilowattrel|Air Slash|p1b: Sinistcha
|-damage|p1b: Sinistcha|66/100
|move|p2b: Garchomp|Dragon Claw|p1b: Sinistcha
|-damage|p1b: Sinistcha|11/100
|-enditem|p1b: Sinistcha|Sitrus Berry|[eat]
|-heal|p1b: Sinistcha|36/100|[from] item: Sitrus Berry
|-damage|p2b: Garchomp|81/100|[from] item: Life Orb
|move|p1b: Sinistcha|Trick Room|p1b: Sinistcha
|-fieldstart|move: Trick Room|[of] p1b: Sinistcha
|
|upkeep
|turn|3
|
|t:|1757130475
|switch|p2b: Incineroar|Incineroar, L50, F|100/100
|-ability|p2b: Incineroar|Intimidate|boost
|-unboost|p1a: Dragonite|atk|1
|-unboost|p1b: Sinistcha|atk|1
|switch|p2a: Primarina|Primarina, L50, F|100/100
|move|p1b: Sinistcha|Matcha Gotcha|p2b: Incineroar|[spread] p2a,p2b
|-supereffective|p2a: Primarina
|-resisted|p2b: Incineroar
|-damage|p2a: Primarina|61/100
|-heal|p1b: Sinistcha|56/100|[from] drain|[of] p2a: Primarina
|-damage|p2b: Incineroar|91/100
|-heal|p1b: Sinistcha|61/100|[from] drain|[of] p2b: Incineroar
|move|p1a: Dragonite|Scale Shot|p2a: Primarina
|-immune|p2a: Primarina
|
|upkeep
|turn|4
|
|t:|1757130522
|move|p2b: Incineroar|Fake Out|p1b: Sinistcha
|-damage|p1b: Sinistcha|51/100
|cant|p1b: Sinistcha|flinch
|move|p1a: Dragonite|Scale Shot|p2b: Incineroar
|-damage|p2b: Incineroar|82/100
|-damage|p2b: Incineroar|74/100
|-damage|p2b: Incineroar|66/100
|-damage|p2b: Incineroar|57/100
|-damage|p2b: Incineroar|49/100
|-hitcount|p2b: Incineroar|5
|-unboost|p1a: Dragonite|def|1
|-boost|p1a: Dragonite|spe|1
|move|p2a: Primarina|Hyper Voice|p1b: Sinistcha|[spread] p1a,p1b
|-resisted|p1a: Dragonite
|-damage|p1a: Dragonite|91/100
|-damage|p1b: Sinistcha|17/100
|-enditem|p2a: Primarina|Throat Spray
|-boost|p2a: Primarina|spa|1|[from] item: Throat Spray
|
|-sideend|p2: ogden2|move: Tailwind
|upkeep
|turn|5
|
|t:|1757130577
|move|p1a: Dragonite|Protect|p1a: Dragonite
|-singleturn|p1a: Dragonite|Protect
|move|p2b: Incineroar|Flare Blitz|p1b: Sinistcha
|-damage|p1b: Sinistcha|0 fnt
|faint|p1b: Sinistcha
|-damage|p2b: Incineroar|44/100|[from] Recoil
|move|p2a: Primarina|Hyper Voice|p1a: Dragonite
|-activate|p1a: Dragonite|move: Protect
|
|upkeep
|
|t:|1757130596
|switch|p1b: Ursaluna|Ursaluna, L50, F|100/100
|turn|6
|
|t:|1757130620
|move|p1b: Ursaluna|Protect|p1b: Ursaluna
|-singleturn|p1b: Ursaluna|Protect
|move|p2b: Incineroar|Parting Shot|p1a: Dragonite
|-unboost|p1a: Dragonite|atk|1
|-unboost|p1a: Dragonite|spa|1
|
|t:|1757130624
|switch|p2b: Kilowattrel|Kilowattrel, L50, M|100/100|[from] Parting Shot
|move|p2a: Primarina|Moonblast|p1a: Dragonite
|-supereffective|p1a: Dragonite
|-damage|p1a: Dragonite|0 fnt
|faint|p1a: Dragonite
|
|-fieldend|move: Trick Room
|-status|p1b: Ursaluna|brn|[from] item: Flame Orb
|upkeep
|turn|7
|
|t:|1757130647
|move|p2b: Kilowattrel|Air Slash|p1b: Ursaluna
|-damage|p1b: Ursaluna|67/100 brn
|move|p2a: Primarina|Hyper Voice|p1b: Ursaluna
|-supereffective|p1b: Ursaluna
|-damage|p1b: Ursaluna|0 fnt
|faint|p1b: Ursaluna
|
|win|ogden2
|raw|raylof's rating: 1277 → 1244(-33 for losing)
|raw|ogden2's rating: 1169 → 1202(+33 for winning)
|l|☆ogden2
|player|p2|
