|j|☆spearow's nest
|j|☆dogwitdaglasses
|html|spearow's nestdogwitdaglasses    
|uhtml|bestof|Game 1 of a best-of-3
|t:|1757636061
|gametype|doubles
|player|p1|spearow's nest|lance|
|player|p2|dogwitdaglasses|guzma|
|gen|9
|tier|[Gen 9] VGC 2025 Reg H (Bo3)
|rule|Species Clause: Limit one of each Pokémon
|rule|Item Clause: Limit 1 of each item
|clearpoke
|poke|p1|Sneasler, L50, M|
|poke|p1|Indeedee, L50, M|
|poke|p1|Volcarona, L50, M|
|poke|p1|Ursaluna-Bloodmoon, L50, M|
|poke|p1|Annihilape, L50, M|
|poke|p1|Tyranitar, L50, M|
|poke|p2|Rillaboom, L50, M|
|poke|p2|Dragonite, L50, M|
|poke|p2|Sneasler, L50, M|
|poke|p2|Ninetales-Alola, L50, F|
|poke|p2|Kingambit, L50, M|
|poke|p2|Volcarona, L50, M|
|teampreview|4
|showteam|p1|Sneasler||PsychicSeed|Unburden|CloseCombat,DireClaw,ThroatChop,Protect|||M|||50|,,,,,Dark]Indeedee||ChoiceScarf|PsychicSurge|ExpandingForce,TeraBlast,Trick,Protect|||M|||50|,,,,,Psychic]Volcarona||SitrusBerry|FlameBody|Overheat,StruggleBug,RagePowder,Tailwind|||M|||50|,,,,,Grass]Ursaluna-Bloodmoon||LifeOrb|MindsEye|BloodMoon,HyperVoice,EarthPower,Protect|||M|||50|,,,,,Normal]Annihilape||SafetyGoggles|Defiant|CloseCombat,RageFist,Taunt,FinalGambit|||M|||50|,,,,,Fairy]Tyranitar||AssaultVest|SandStream|RockSlide,KnockOff,TeraBlast,LowKick|||M|||50|,,,,,Flying
|showteam|p2|Rillaboom||AssaultVest|GrassySurge|WoodHammer,GrassyGlide,HighHorsepower,FakeOut|||M|||50|,,,,,Fire]Dragonite||LoadedDice|Multiscale|Protect,ScaleShot,LowKick,Haze|||M|||50|,,,,,Fairy]Sneasler||WhiteHerb|Unburden|Protect,DireClaw,CloseCombat,Coaching|||M|||50|,,,,,Ghost]Ninetales-Alola||ChoiceSpecs|SnowWarning|Blizzard,IcyWind,Moonblast,FreezeDry|||F|||50|,,,,,Ghost]Kingambit||SafetyGoggles|Defiant|Protect,KowtowCleave,SuckerPunch,SwordsDance|||M|||50|,,,,,Dark]Volcarona||LumBerry|FlameBody|StruggleBug,RagePowder,Overheat,WillOWisp|||M|||50|,,,,,Fire
|
|t:|1757636123
|teamsize|p1|4
|teamsize|p2|4
|start
|switch|p1a: Volcarona|Volcarona, L50, M|100/100
|switch|p1b: Ursaluna|Ursaluna-Bloodmoon, L50, M|100/100
|switch|p2a: Volcarona|Volcarona, L50, M|100/100
|switch|p2b: Dragonite|Dragonite, L50, M|100/100
|turn|1
|
|t:|1757636149
|move|p1b: Ursaluna|Protect|p1b: Ursaluna
|-singleturn|p1b: Ursaluna|Protect
|move|p1a: Volcarona|Tailwind|p1a: Volcarona
|-sidestart|p1: spearow's nest|move: Tailwind
|move|p2a: Volcarona|Struggle Bug|p1a: Volcarona|[spread] p1a
|-activate|p1b: Ursaluna|move: Protect
|-resisted|p1a: Volcarona
|-damage|p1a: Volcarona|92/100
|-unboost|p1a: Volcarona|spa|1
|move|p2b: Dragonite|Scale Shot|p1b: Ursaluna
|-activate|p1b: Ursaluna|move: Protect
|
|upkeep
|turn|2
|
|t:|1757636177
|-terastallize|p1b: Ursaluna|Normal
|move|p1a: Volcarona|Struggle Bug|p2a: Volcarona|[spread] p2a,p2b
|-resisted|p2a: Volcarona
|-resisted|p2b: Dragonite
|-damage|p2a: Volcarona|96/100
|-damage|p2b: Dragonite|98/100
|-unboost|p2a: Volcarona|spa|1
|-unboost|p2b: Dragonite|spa|1
|move|p1b: Ursaluna|Hyper Voice|p2a: Volcarona|[spread] p2a,p2b
|-damage|p2a: Volcarona|32/100
|-damage|p2b: Dragonite|25/100
|-damage|p1b: Ursaluna|91/100|[from] item: Life Orb
|move|p2a: Volcarona|Struggle Bug|p1b: Ursaluna|[spread] p1a,p1b
|-resisted|p1a: Volcarona
|-damage|p1a: Volcarona|87/100
|-damage|p1b: Ursaluna|78/100
|-unboost|p1a: Volcarona|spa|1
|-unboost|p1b: Ursaluna|spa|1
|move|p2b: Dragonite|Scale Shot|p1b: Ursaluna
|-damage|p1b: Ursaluna|65/100
|-damage|p1b: Ursaluna|53/100
|-damage|p1b: Ursaluna|40/100
|-damage|p1b: Ursaluna|28/100
|-hitcount|p1b: Ursaluna|4
|-unboost|p2b: Dragonite|def|1
|-boost|p2b: Dragonite|spe|1
|
|upkeep
|turn|3
|
|t:|1757636208
|move|p2b: Dragonite|Protect|p2b: Dragonite
|-singleturn|p2b: Dragonite|Protect
|move|p1a: Volcarona|Overheat|p2a: Volcarona
|-damage|p2a: Volcarona|5/100
|-unboost|p1a: Volcarona|spa|2
|move|p1b: Ursaluna|Hyper Voice|p2a: Volcarona|[spread] p2a
|-activate|p2b: Dragonite|move: Protect
|-damage|p2a: Volcarona|0 fnt
|faint|p2a: Volcarona
|-damage|p1b: Ursaluna|18/100|[from] item: Life Orb
|
|upkeep
|
|t:|1757636222
|switch|p2a: Ninetales|Ninetales-Alola, L50, F|100/100
|-weather|Snowscape|[from] ability: Snow Warning|[of] p2a: Ninetales
|turn|4
|
|t:|1757636246
|move|p2b: Dragonite|Protect||[still]
|-fail|p2b: Dragonite
|move|p1a: Volcarona|Overheat|p2a: Ninetales
|-supereffective|p2a: Ninetales
|-damage|p2a: Ninetales|55/100
|-unboost|p1a: Volcarona|spa|2
|move|p1b: Ursaluna|Hyper Voice|p2b: Dragonite|[spread] p2a,p2b
|-damage|p2a: Ninetales|0 fnt
|-damage|p2b: Dragonite|0 fnt
|faint|p2a: Ninetales
|faint|p2b: Dragonite
|-damage|p1b: Ursaluna|9/100|[from] item: Life Orb
|
|-weather|Snowscape|[upkeep]
|-sideend|p1: spearow's nest|move: Tailwind
|upkeep
|
|t:|1757636255
|switch|p2b: Rillaboom|Rillaboom, L50, M|100/100
|-fieldstart|move: Grassy Terrain|[from] ability: Grassy Surge|[of] p2b: Rillaboom
|turn|5
|-message|dogwitdaglasses forfeited.
|
|win|spearow's nest
||dogwitdaglasses is ready for game 2.
||spearow's nest is ready for game 2.
|uhtml|next|Next: Game 2 of 3
|l|☆spearow's nest
|player|p1|
|l|☆dogwitdaglasses
|player|p2|
|j|☆spearow's nest
|player|p1|spearow's nest|lance|
