|j|☆TobiYume
|j|☆H3NRG
|html|TobiYumeH3NRG    
|uhtml|bestof|Game 2 of a best-of-3
|t:|1756922491
|gametype|doubles
|player|p1|TobiYume|roxie|1121
|player|p2|H3NRG|cynthia|1035
|gen|9
|tier|[Gen 9] VGC 2025 Reg H (Bo3)
|rated|
|rule|Species Clause: Limit one of each Pokémon
|rule|Item Clause: Limit 1 of each item
|clearpoke
|poke|p1|Garchomp, L50, M|
|poke|p1|Talonflame, L50, F|
|poke|p1|Sylveon, L50, F|
|poke|p1|Tyranitar, L50, M|
|poke|p1|Decidueye-Hisui, L50, F|
|poke|p1|Gholdengo, L50|
|poke|p2|Gallade, L50, M|
|poke|p2|Exeggutor, L50, F|
|poke|p2|Zoroark-Hisui, L50, M|
|poke|p2|Ursaluna, L50, M|
|poke|p2|Torkoal, L50, F|
|poke|p2|Indeedee-F, L50, F|
|teampreview|4
|showteam|p1|Garchomp||LifeOrb|RoughSkin|DragonClaw,StompingTantrum,Earthquake,Protect|||M|||50|,,,,,Steel]Talonflame||CovertCloak|GaleWings|Tailwind,WillOWisp,BraveBird,Taunt|||F|||50|,,,,,Grass]Sylveon||ThroatSpray|Pixilate|HyperVoice,HyperBeam,TeraBlast,Protect|||F|||50|,,,,,Water]Tyranitar||AssaultVest|SandStream|RockSlide,KnockOff,TeraBlast,LowKick|||M|||50|,,,,,Flying]Decidueye-Hisui||RazorClaw|Scrappy|TripleArrows,LeafBlade,SuckerPunch,Protect|||F|||50|,,,,,Fire]Gholdengo||Leftovers|GoodasGold|MakeItRain,ShadowBall,NastyPlot,Protect||||||50|,,,,,Dragon
|showteam|p2|Gallade||ClearAmulet|Sharpness|PsychoCut,TrickRoom,WideGuard,SacredSword|||M|||50|,,,,,Fire]Exeggutor||FocusSash|Chlorophyll|TrickRoom,ExpandingForce,EnergyBall,SleepPowder|||F|||50|,,,,,Psychic]Zoroark-Hisui||ChoiceSpecs|Illusion|HyperVoice,Flamethrower,ShadowBall,TeraBlast|||M|||50|,,,,,Stellar]Ursaluna||FlameOrb|Guts|Facade,Protect,HeadlongRush,Earthquake|||M|||50|,,,,,Ghost]Torkoal||Charcoal|Drought|Eruption,ClearSmog,Protect,WeatherBall|||F|||50|,,,,,Fire]Indeedee-F||PsychicSeed|PsychicSurge|TrickRoom,FollowMe,Psychic,HelpingHand|||F|||50|,,,,,Grass
|inactive|Battle timer is ON: inactive players will automatically lose when time's up. (requested by TobiYume)
|
|t:|1756922513
|teamsize|p1|4
|teamsize|p2|4
|start
|switch|p1a: Randy|Tyranitar, L50, M|100/100
|switch|p1b: Lloyd|Garchomp, L50, M|100/100
|switch|p2a: Gallade|Gallade, L50, M|100/100
|switch|p2b: Indeedee|Indeedee-F, L50, F|100/100
|-fieldstart|move: Psychic Terrain|[from] ability: Psychic Surge|[of] p2b: Indeedee
|-enditem|p2b: Indeedee|Psychic Seed
|-boost|p2b: Indeedee|spd|1|[from] item: Psychic Seed
|-weather|Sandstorm|[from] ability: Sand Stream|[of] p1a: Randy
|turn|1
|
|t:|1756922533
|-terastallize|p1a: Randy|Flying
|move|p2b: Indeedee|Follow Me|p2b: Indeedee
|-singleturn|p2b: Indeedee|move: Follow Me
|move|p1b: Lloyd|Earthquake|p2b: Indeedee|[spread] p2a,p2b
|-immune|p1a: Randy
|-damage|p2a: Gallade|28/100
|-damage|p2b: Indeedee|51/100
|-damage|p1b: Lloyd|91/100|[from] item: Life Orb
|move|p1a: Randy|Tera Blast|p2b: Indeedee|[anim] Tera Blast Flying
|-damage|p2b: Indeedee|9/100
|move|p2a: Gallade|Trick Room|p2a: Gallade
|-fieldstart|move: Trick Room|[of] p2a: Gallade
|
|-weather|Sandstorm|[upkeep]
|-damage|p2a: Gallade|22/100|[from] Sandstorm
|-damage|p1a: Randy|94/100|[from] Sandstorm
|-damage|p2b: Indeedee|3/100|[from] Sandstorm
|upkeep
|turn|2
|inactive|H3NRG has 30 seconds left.
|
|t:|1756922562
|switch|p2b: Ursaluna|Ursaluna, L50, M|100/100
|move|p1b: Lloyd|Protect|p1b: Lloyd
|-singleturn|p1b: Lloyd|Protect
|move|p2a: Gallade|Psycho Cut|p1a: Randy
|-damage|p1a: Randy|32/100
|move|p1a: Randy|Rock Slide|p2b: Ursaluna|[spread] p2b
|-miss|p1a: Randy|p2a: Gallade
|-resisted|p2b: Ursaluna
|-damage|p2b: Ursaluna|90/100
|
|-weather|Sandstorm|[upkeep]
|-damage|p2a: Gallade|17/100|[from] Sandstorm
|-damage|p1a: Randy|26/100|[from] Sandstorm
|-status|p2b: Ursaluna|brn|[from] item: Flame Orb
|upkeep
|turn|3
|
|t:|1756922582
|move|p2b: Ursaluna|Facade|p1b: Lloyd
|-damage|p1b: Lloyd|0 fnt
|-damage|p2b: Ursaluna|78/100 brn|[from] ability: Rough Skin|[of] p1b: Lloyd
|faint|p1b: Lloyd
|move|p2a: Gallade|Psycho Cut|p1a: Randy
|-damage|p1a: Randy|0 fnt
|faint|p1a: Randy
|
|-weather|Sandstorm|[upkeep]
|-damage|p2a: Gallade|11/100|[from] Sandstorm
|-damage|p2b: Ursaluna|72/100 brn|[from] brn
|upkeep
|
|t:|1756922592
|switch|p1a: Tio|Sylveon, L50, F, shiny|100/100
|switch|p1b: Elie|Talonflame, L50, F|100/100
|turn|4
|
|t:|1756922602
|move|p1a: Tio|Protect|p1a: Tio
|-singleturn|p1a: Tio|Protect
|move|p1b: Elie|Brave Bird|p2a: Gallade
|-activate|p2a: Gallade|move: Psychic Terrain
|move|p2b: Ursaluna|Facade|p1a: Tio
|-activate|p1a: Tio|move: Protect
|move|p2a: Gallade|Psycho Cut|p1b: Elie
|-damage|p1b: Elie|16/100
|
|-weather|Sandstorm|[upkeep]
|-damage|p1a: Tio|95/100|[from] Sandstorm
|-damage|p2a: Gallade|5/100|[from] Sandstorm
|-damage|p1b: Elie|10/100|[from] Sandstorm
|-damage|p2b: Ursaluna|66/100 brn|[from] brn
|upkeep
|turn|5
|
|t:|1756922617
|move|p1a: Tio|Protect|p1a: Tio
|-singleturn|p1a: Tio|Protect
|move|p2b: Ursaluna|Facade|p1a: Tio
|-activate|p1a: Tio|move: Protect
|move|p2a: Gallade|Psycho Cut|p1a: Tio
|-activate|p1a: Tio|move: Protect
|move|p1b: Elie|Taunt|p2b: Ursaluna
|-start|p2b: Ursaluna|move: Taunt
|
|-weather|none
|-damage|p2b: Ursaluna|60/100 brn|[from] brn
|-fieldend|move: Trick Room
|-fieldend|move: Psychic Terrain
|upkeep
|turn|6
|inactive|TobiYume has 30 seconds left.
|
|t:|1756922648
|move|p2a: Gallade|Wide Guard|p2a: Gallade
|-singleturn|p2a: Gallade|Wide Guard
|move|p1b: Elie|Brave Bird|p2b: Ursaluna
|-damage|p2b: Ursaluna|34/100 brn
|-damage|p1b: Elie|0 fnt|[from] Recoil
|faint|p1b: Elie
|move|p1a: Tio|Hyper Voice|p2b: Ursaluna|[spread] 
|-activate|p2a: Gallade|move: Wide Guard
|-activate|p2b: Ursaluna|move: Wide Guard
|move|p2b: Ursaluna|Facade|p1a: Tio
|-damage|p1a: Tio|0 fnt
|faint|p1a: Tio
|
|win|H3NRG
||TobiYume is ready for game 3.
||H3NRG is ready for game 3.
|uhtml|next|Next: Game 3 of 3
|l|☆H3NRG
|player|p2|
