|j|☆tkwime
|j|☆SBDV
|html|tkwimeSBDV    
|uhtml|bestof|Game 2 of a best-of-3
|t:|1757027414
|gametype|doubles
|player|p1|tkwime|artist-gen4|1079
|player|p2|SBDV|wattson|1132
|gen|9
|tier|[Gen 9] VGC 2025 Reg H (Bo3)
|rated|
|rule|Species Clause: Limit one of each Pokémon
|rule|Item Clause: Limit 1 of each item
|clearpoke
|poke|p1|Archaludon, L50, M|
|poke|p1|Pelipper, L50, F|
|poke|p1|Sinistcha, L50|
|poke|p1|Ursaluna, L50, M|
|poke|p1|Dragonite, L50, M|
|poke|p1|Gholdengo, L50|
|poke|p2|Ninetales-Alola, L50, M|
|poke|p2|Arcanine, L50, F|
|poke|p2|Milotic, L50, F|
|poke|p2|Arboliva, L50, F|
|poke|p2|Gholdengo, L50|
|poke|p2|Garchomp, L50, F|
|teampreview|4
|showteam|p1|Archaludon||AssaultVest|Stamina|FlashCannon,ElectroShot,BodyPress,DracoMeteor|||M|||50|,,,,,Bug]Pelipper||FocusSash|Drizzle|Hurricane,Tailwind,MuddyWater,WideGuard|||F|||50|,,,,,Ghost]Sinistcha||SitrusBerry|Hospitality|MatchaGotcha,Withdraw,TrickRoom,RagePowder||||||50|,,,,,Dark]Ursaluna||FlameOrb|Guts|HeadlongRush,Earthquake,Facade,Protect|||M|||50|,,,,,Ghost]Dragonite||LoadedDice|InnerFocus|Haze,ScaleShot,Tailwind,Protect|||M|||50|,,,,,Fairy]Gholdengo||ChoiceScarf|GoodasGold|MakeItRain,ShadowBall,Trick,TeraBlast||||||50|,,,,,Water
|showteam|p2|Ninetales-Alola||CovertCloak|SnowWarning|IcyWind,AuroraVeil,Blizzard,Encore|||M|||50|,,,,,Ghost]Arcanine||SafetyGoggles|Intimidate|Snarl,Overheat,WillOWisp,Protect|||F|||50|,,,,,Dark]Milotic||Leftovers|Competitive|Scald,Recover,AlluringVoice,Protect|||F|||50|,,,,,Fairy]Arboliva||SitrusBerry|SeedSower|EarthPower,GigaDrain,StrengthSap,LeechSeed|||F|||50|,,,,,Water]Gholdengo||ChoiceScarf|GoodasGold|MakeItRain,ShadowBall,Trick,FocusBlast||||||50|,,,,,Flying]Garchomp||LifeOrb|RoughSkin|DracoMeteor,RockSlide,Earthquake,Protect|||F|||50|,,,,,Fairy
|inactive|Battle timer is ON: inactive players will automatically lose when time's up. (requested by tkwime)
|
|t:|1757027447
|teamsize|p1|4
|teamsize|p2|4
|start
|switch|p1a: Gholdengo|Gholdengo, L50|100/100
|switch|p1b: Dragonite|Dragonite, L50, M|100/100
|switch|p2a: Gholdengo|Gholdengo, L50|100/100
|switch|p2b: Garchomp|Garchomp, L50, F, shiny|100/100
|turn|1
|inactive|tkwime has 30 seconds left.
|inactive|SBDV has 30 seconds left.
|inactive|tkwime has 20 seconds left.
|
|t:|1757027483
|switch|p2a: Arboliva|Arboliva, L50, F|100/100
|-terastallize|p1a: Gholdengo|Water
|-terastallize|p2b: Garchomp|Fairy
|move|p1a: Gholdengo|Trick|p2b: Garchomp
|-activate|p1a: Gholdengo|move: Trick|[of] p2b: Garchomp
|-item|p2b: Garchomp|Choice Scarf|[from] move: Trick
|-item|p1a: Gholdengo|Life Orb|[from] move: Trick
|move|p2b: Garchomp|Earthquake|p1b: Dragonite|[spread] p2a,p1a
|-immune|p1b: Dragonite
|-resisted|p2a: Arboliva
|-damage|p2a: Arboliva|84/100
|-damage|p1a: Gholdengo|56/100
|-fieldstart|move: Grassy Terrain|[from] ability: Seed Sower|[of] p2a: Arboliva
|move|p1b: Dragonite|Tailwind|p1b: Dragonite
|-sidestart|p1: tkwime|move: Tailwind
|
|-heal|p1a: Gholdengo|62/100|[from] Grassy Terrain
|-heal|p2a: Arboliva|90/100|[from] Grassy Terrain
|upkeep
|turn|2
|inactive|SBDV has 30 seconds left.
|
|t:|1757027517
|switch|p2b: Gholdengo|Gholdengo, L50|100/100
|move|p1a: Gholdengo|Make It Rain|p2b: Gholdengo|[spread] p2a,p2b
|-resisted|p2b: Gholdengo
|-damage|p2a: Arboliva|28/100
|-damage|p2b: Gholdengo|65/100
|-unboost|p1a: Gholdengo|spa|1
|-enditem|p2a: Arboliva|Sitrus Berry|[eat]
|-heal|p2a: Arboliva|53/100|[from] item: Sitrus Berry
|-damage|p1a: Gholdengo|52/100|[from] item: Life Orb
|move|p1b: Dragonite|Scale Shot|p2a: Arboliva
|-damage|p2a: Arboliva|39/100
|-damage|p2a: Arboliva|25/100
|-damage|p2a: Arboliva|11/100
|-damage|p2a: Arboliva|0 fnt
|faint|p2a: Arboliva
|-hitcount|p2: Arboliva|4
|-unboost|p1b: Dragonite|def|1
|-boost|p1b: Dragonite|spe|1
|
|-heal|p1a: Gholdengo|58/100|[from] Grassy Terrain
|-heal|p2b: Gholdengo|71/100|[from] Grassy Terrain
|upkeep
|inactive|SBDV has 30 seconds left.
|
|t:|1757027542
|switch|p2a: Ninetales|Ninetales-Alola, L50, M|100/100
|-weather|Snowscape|[from] ability: Snow Warning|[of] p2a: Ninetales
|turn|3
|
|t:|1757027567
|move|p1b: Dragonite|Haze|p1b: Dragonite
|-clearallboost
|move|p1a: Gholdengo|Make It Rain|p2a: Ninetales|[spread] p2a,p2b
|-supereffective|p2a: Ninetales
|-resisted|p2b: Gholdengo
|-damage|p2a: Ninetales|0 fnt
|-damage|p2b: Gholdengo|35/100
|-unboost|p1a: Gholdengo|spa|1
|faint|p2a: Ninetales
|-damage|p1a: Gholdengo|48/100|[from] item: Life Orb
|move|p2b: Gholdengo|Make It Rain|p1a: Gholdengo|[spread] p1a,p1b
|-resisted|p1a: Gholdengo
|-damage|p1a: Gholdengo|20/100
|-damage|p1b: Dragonite|46/100
|-unboost|p2b: Gholdengo|spa|1
|
|-weather|Snowscape|[upkeep]
|-heal|p1a: Gholdengo|26/100|[from] Grassy Terrain
|-heal|p2b: Gholdengo|41/100|[from] Grassy Terrain
|upkeep
|
|t:|1757027574
|switch|p2a: Garchomp|Garchomp, L50, F, shiny, tera:Fairy|100/100
|turn|4
|
|t:|1757027589
|move|p2a: Garchomp|Protect|p2a: Garchomp
|-singleturn|p2a: Garchomp|Protect
|move|p1a: Gholdengo|Make It Rain|p2a: Garchomp|[spread] p2b
|-activate|p2a: Garchomp|move: Protect
|-resisted|p2b: Gholdengo
|-damage|p2b: Gholdengo|17/100
|-unboost|p1a: Gholdengo|spa|1
|-damage|p1a: Gholdengo|16/100|[from] item: Life Orb
|move|p1b: Dragonite|Haze|p1b: Dragonite
|-clearallboost
|move|p2b: Gholdengo|Make It Rain|p1b: Dragonite|[spread] p1a,p1b
|-resisted|p1a: Gholdengo
|-damage|p1a: Gholdengo|0 fnt
|-damage|p1b: Dragonite|0 fnt
|-unboost|p2b: Gholdengo|spa|1
|faint|p1a: Gholdengo
|faint|p1b: Dragonite
|
|-weather|Snowscape|[upkeep]
|-heal|p2b: Gholdengo|23/100|[from] Grassy Terrain
|-sideend|p1: tkwime|move: Tailwind
|upkeep
|
|t:|1757027609
|switch|p1a: Pelipper|Pelipper, L50, F|100/100
|switch|p1b: Archaludon|Archaludon, L50, M|100/100
|-weather|RainDance|[from] ability: Drizzle|[of] p1a: Pelipper
|turn|5
|inactive|tkwime has 30 seconds left.
|
|t:|1757027641
|move|p2a: Garchomp|Protect|p2a: Garchomp
|-singleturn|p2a: Garchomp|Protect
|move|p1a: Pelipper|Wide Guard|p1a: Pelipper
|-singleturn|p1a: Pelipper|Wide Guard
|move|p2b: Gholdengo|Make It Rain|p1b: Archaludon|[spread] 
|-activate|p1a: Pelipper|move: Wide Guard
|-activate|p1b: Archaludon|move: Wide Guard
|move|p1b: Archaludon|Electro Shot||[still]
|-prepare|p1b: Archaludon|Electro Shot
|-boost|p1b: Archaludon|spa|1
|-anim|p1b: Archaludon|Electro Shot|p2b: Gholdengo
|-damage|p2b: Gholdengo|0 fnt
|faint|p2b: Gholdengo
|
|-weather|RainDance|[upkeep]
|-fieldend|move: Grassy Terrain
|upkeep
|turn|6
|-message|SBDV forfeited.
|
|win|tkwime
|raw|tkwime's rating: 1079 → 1111(+32 for winning)
|raw|SBDV's rating: 1132 → 1103(-29 for losing)
|l|☆SBDV
|player|p2|
