|j|☆GS Barnabe
|j|☆TheLeoj
|html|GS BarnabeTheLeoj    
|uhtml|bestof|Game 1 of a best-of-3
|t:|1783985808
|gametype|doubles
|player|p1|GS Barnabe|barry|
|player|p2|TheLeoj|1|
|gen|9
|tier|[Gen 9 Champions] VGC 2026 Reg M-B (Bo3)
|rule|Species Clause: Limit one of each Pokémon
|rule|Item Clause: Limit 1 of each item
|clearpoke
|poke|p1|Aerodactyl, L50, M|
|poke|p1|Floette-Eternal, L50, F|
|poke|p1|Tyranitar, L50, F|
|poke|p1|Houndstone, L50, M|
|poke|p1|Decidueye-Hisui, L50, F|
|poke|p1|Metagross, L50|
|poke|p2|Politoed, L50, M, shiny|
|poke|p2|Incineroar, L50, M, shiny|
|poke|p2|Gengar, L50, F, shiny|
|poke|p2|Archaludon, L50, M, shiny|
|poke|p2|Swampert, L50, M, shiny|
|poke|p2|Vivillon-Elegant, L50, M, shiny|
|teampreview|4
|showteam|p1|Aerodactyl||FocusSash|Unnerve|RockSlide,Tailwind,WideGuard,Protect|Jolly||M|||50|]Floette-Eternal||Floettite|FlowerVeil|LightofRuin,DazzlingGleam,Moonblast,Protect|Modest||F|||50|]Tyranitar||ChoiceScarf|SandStream|RockSlide,KnockOff,IcePunch,LowKick|Jolly||F|||50|]Houndstone||SitrusBerry|SandRush|LastRespects,WillOWisp,AllySwitch,Protect|Adamant||M|||50|]Decidueye-Hisui||ScopeLens|Scrappy|LeafBlade,TripleArrows,SuckerPunch,Protect|Adamant||F|||50|]Metagross||Metagrossite|ClearBody|IronHead,PsychicFangs,BodyPress,Protect|Adamant|||||50|
|showteam|p2|Politoed||SitrusBerry|Drizzle|WeatherBall,Encore,PerishSong,Protect|Calm||M|||50|]Incineroar||PasshoBerry|Intimidate|ThroatChop,FakeOut,PartingShot,Protect|Sassy||M|||50|]Gengar||Gengarite|CursedBody|ShadowBall,SludgeBomb,PerishSong,Protect|Timid||F|||50|]Archaludon||Leftovers|Stamina|ElectroShot,FlashCannon,DragonPulse,Protect|Bold||M|||50|]Swampert||Swampertite|Torrent|WaveCrash,Earthquake,IcePunch,Protect|Adamant||M|||50|]Vivillon-Elegant||FocusSash|CompoundEyes|Hurricane,SleepPowder,RagePowder,Protect|Timid||M|||50|
|inactive|Battle timer is ON: inactive players will automatically lose when time's up. (requested by TheLeoj)
|inactive|GS Barnabe has 60 seconds left.
|inactive|TheLeoj has 60 seconds left.
|inactive|GS Barnabe has 30 seconds left.
|
|t:|1783985888
|teamsize|p1|4
|teamsize|p2|4
|start
|switch|p1a: Metagross|Metagross, L50|100/100
|switch|p1b: Decidueye|Decidueye-Hisui, L50, F|100/100
|switch|p2a: Gengar|Gengar, L50, F, shiny|100/100
|switch|p2b: Vivillon|Vivillon-Elegant, L50, M, shiny|100/100
|turn|1
|inactive|GS Barnabe has 30 seconds left.
|inactive|TheLeoj has 30 seconds left.
|
|t:|1783985923
|switch|p1b: Tyranitar|Tyranitar, L50, F|100/100
|-weather|Sandstorm|[from] ability: Sand Stream|[of] p1b: Tyranitar
|detailschange|p2a: Gengar|Gengar-Mega, L50, F, shiny
|-mega|p2a: Gengar|Gengar|Gengarite
|detailschange|p1a: Metagross|Metagross-Mega, L50
|-mega|p1a: Metagross|Metagross|Metagrossite
|move|p2a: Gengar|Shadow Ball|p1a: Metagross
|-supereffective|p1a: Metagross|1
|-damage|p1a: Metagross|0 fnt
|faint|p1a: Metagross
|move|p2b: Vivillon|Sleep Powder|p1b: Tyranitar
|-status|p1b: Tyranitar|slp|[from] move: Sleep Powder
|
|-weather|Sandstorm|[upkeep]
|-damage|p2a: Gengar|94/100|[from] Sandstorm
|-damage|p2b: Vivillon|94/100|[from] Sandstorm
|upkeep
|
|t:|1783985942
|switch|p1a: Houndstone|Houndstone, L50, M|100/100
|turn|2
|
|t:|1783985952
|switch|p2a: Politoed|Politoed, L50, M, shiny|100/100
|-weather|RainDance|[from] ability: Drizzle|[of] p2a: Politoed
|cant|p1b: Tyranitar|slp
|move|p2b: Vivillon|Sleep Powder|p1a: Houndstone
|-status|p1a: Houndstone|slp|[from] move: Sleep Powder
|cant|p1a: Houndstone|slp
|
|-weather|RainDance|[upkeep]
|upkeep
|turn|3
|inactive|GS Barnabe has 30 seconds left.
|inactive|TheLeoj has 30 seconds left.
|
|t:|1783985986
|switch|p1b: Decidueye|Decidueye-Hisui, L50, F|100/100
|switch|p2a: Archaludon|Archaludon, L50, M, shiny|100/100
|move|p2b: Vivillon|Protect|p2b: Vivillon
|-singleturn|p2b: Vivillon|Protect
|-curestatus|p1a: Houndstone|slp|[msg]
|move|p1a: Houndstone|Last Respects|p2b: Vivillon
|-activate|p2b: Vivillon|move: Protect
|
|-weather|RainDance|[upkeep]
|upkeep
|turn|4
|inactive|TheLeoj has 30 seconds left.
|
|t:|1783986012
|switch|p1a: Tyranitar|Tyranitar, L50, F|100/100 slp
|-weather|Sandstorm|[from] ability: Sand Stream|[of] p1a: Tyranitar
|switch|p2a: Politoed|Politoed, L50, M, shiny|100/100
|-weather|RainDance|[from] ability: Drizzle|[of] p2a: Politoed
|move|p2b: Vivillon|Sleep Powder|p1a: Tyranitar
|-fail|p1a: Tyranitar|slp
|move|p1b: Decidueye|Triple Arrows|p2a: Politoed
|-crit|p2a: Politoed
|-damage|p2a: Politoed|29/100
|-enditem|p2a: Politoed|Sitrus Berry|[eat]
|-heal|p2a: Politoed|54/100|[from] item: Sitrus Berry
|
|-weather|RainDance|[upkeep]
|upkeep
|turn|5
|inactive|GS Barnabe has 30 seconds left.
|inactive|TheLeoj has 30 seconds left.
|inactive|GS Barnabe has 20 seconds left.
|
|t:|1783986049
|switch|p1a: Houndstone|Houndstone, L50, M|100/100
|move|p2b: Vivillon|Hurricane|p1b: Decidueye
|-supereffective|p1b: Decidueye|2
|-damage|p1b: Decidueye|0 fnt
|faint|p1b: Decidueye
|move|p2a: Politoed|Weather Ball|p1a: Houndstone
|-damage|p1a: Houndstone|53/100
|
|-weather|RainDance|[upkeep]
|upkeep
|
|t:|1783986061
|switch|p1b: Tyranitar|Tyranitar, L50, F|100/100 slp
|-weather|Sandstorm|[from] ability: Sand Stream|[of] p1b: Tyranitar
|turn|6
|
|t:|1783986074
|switch|p2a: Archaludon|Archaludon, L50, M, shiny|100/100
|move|p2b: Vivillon|Protect|p2b: Vivillon
|-singleturn|p2b: Vivillon|Protect
|move|p1a: Houndstone|Ally Switch|p1a: Houndstone
|swap|p1a: Houndstone|1|[from] move: Ally Switch
|cant|p1a: Tyranitar|slp
|
|-weather|Sandstorm|[upkeep]
|-damage|p2b: Vivillon|88/100|[from] Sandstorm
|upkeep
|turn|7
|
|t:|1783986099
|switch|p2a: Politoed|Politoed, L50, M, shiny|54/100
|-weather|RainDance|[from] ability: Drizzle|[of] p2a: Politoed
|-curestatus|p1a: Tyranitar|slp|[msg]
|move|p1a: Tyranitar|Rock Slide|p2b: Vivillon|[spread] p2a,p2b
|-supereffective|p2b: Vivillon|2
|-damage|p2a: Politoed|28/100
|-damage|p2b: Vivillon|0 fnt
|faint|p2b: Vivillon
|move|p1b: Houndstone|Last Respects|p2a: Politoed
|-damage|p2a: Politoed|0 fnt
|faint|p2a: Politoed
|
|-weather|RainDance|[upkeep]
|upkeep
|
|t:|1783986109
|switch|p2b: Archaludon|Archaludon, L50, M, shiny|100/100
|switch|p2a: Gengar|Gengar-Mega, L50, F, shiny|94/100
|turn|8
|
|t:|1783986126
|move|p1b: Houndstone|Ally Switch|p1b: Houndstone
|swap|p1b: Houndstone|0|[from] move: Ally Switch
|move|p2a: Gengar|Shadow Ball|p1b: Tyranitar
|-resisted|p1b: Tyranitar|1
|-damage|p1b: Tyranitar|72/100
|move|p1b: Tyranitar|Rock Slide|p2a: Gengar|[spread] p2a,p2b
|-resisted|p2b: Archaludon|1
|-crit|p2b: Archaludon
|-damage|p2a: Gengar|45/100
|-damage|p2b: Archaludon|86/100
|-ability|p2b: Archaludon|Stamina|boost
|-boost|p2b: Archaludon|def|1
|cant|p2b: Archaludon|flinch
|
|-weather|RainDance|[upkeep]
|-heal|p2b: Archaludon|92/100|[from] item: Leftovers
|upkeep
|turn|9
|
|t:|1783986144
|move|p2a: Gengar|Protect|p2a: Gengar
|-singleturn|p2a: Gengar|Protect
|move|p1a: Houndstone|Protect|p1a: Houndstone
|-singleturn|p1a: Houndstone|Protect
|move|p1b: Tyranitar|Rock Slide|p2a: Gengar|[spread] p2b
|-activate|p2a: Gengar|move: Protect
|-resisted|p2b: Archaludon|1
|-damage|p2b: Archaludon|85/100
|-ability|p2b: Archaludon|Stamina|boost
|-boost|p2b: Archaludon|def|1
|move|p2b: Archaludon|Flash Cannon|p1b: Tyranitar
|-supereffective|p1b: Tyranitar|1
|-damage|p1b: Tyranitar|6/100
|
|-weather|RainDance|[upkeep]
|-heal|p2b: Archaludon|91/100|[from] item: Leftovers
|upkeep
|turn|10
|inactive|TheLeoj has 30 seconds left.
|
|t:|1783986181
|move|p2a: Gengar|Shadow Ball|p1b: Tyranitar
|-resisted|p1b: Tyranitar|1
|-damage|p1b: Tyranitar|0 fnt
|faint|p1b: Tyranitar
|move|p2b: Archaludon|Flash Cannon|p1a: Houndstone
|-damage|p1a: Houndstone|19/100
|-enditem|p1a: Houndstone|Sitrus Berry|[eat]
|-heal|p1a: Houndstone|44/100|[from] item: Sitrus Berry
|move|p1a: Houndstone|Last Respects|p2b: Archaludon
|-damage|p2b: Archaludon|67/100
|-ability|p2b: Archaludon|Stamina|boost
|-boost|p2b: Archaludon|def|1
|
|-weather|RainDance|[upkeep]
|-heal|p2b: Archaludon|73/100|[from] item: Leftovers
|upkeep
|turn|11
|
|t:|1783986198
|move|p2a: Gengar|Shadow Ball|p1a: Houndstone
|-supereffective|p1a: Houndstone|1
|-damage|p1a: Houndstone|0 fnt
|faint|p1a: Houndstone
|
|win|TheLeoj
