|j|☆charizardon12
|j|☆legionvgc
|html|charizardon12legionvgc    
|uhtml|bestof|Game 1 of a best-of-3
|t:|1757748660
|gametype|doubles
|player|p1|charizardon12|266|1136
|player|p2|legionvgc|101|1216
|gen|9
|tier|[Gen 9] VGC 2025 Reg H (Bo3)
|rated|
|rule|Species Clause: Limit one of each Pokémon
|rule|Item Clause: Limit 1 of each item
|clearpoke
|poke|p1|Dragapult, L50, M|
|poke|p1|Amoonguss, L50, M|
|poke|p1|Indeedee-F, L50, F|
|poke|p1|Sneasler, L50, F|
|poke|p1|Ninetales-Alola, L50, F|
|poke|p1|Skeledirge, L50, M|
|poke|p2|Jumpluff, L50, M|
|poke|p2|Charizard, L50, M|
|poke|p2|Incineroar, L50, M|
|poke|p2|Ursaluna, L50, M|
|poke|p2|Porygon2, L50|
|poke|p2|Torkoal, L50, M|
|teampreview|4
|showteam|p1|Dragapult||ChoiceBand|ClearBody|DragonDarts,Outrage,PhantomForce,Uturn|||M|||50|,,,,,Dragon]Amoonguss||SitrusBerry|Regenerator|Spore,PollenPuff,RagePowder,Protect|||M|||50|,,,,,Water]Indeedee-F||PsychicSeed|PsychicSurge|FollowMe,HelpingHand,TrickRoom,Psychic|||F|||50|,,,,,Fairy]Sneasler||FocusSash|PoisonTouch|FakeOut,DireClaw,CloseCombat,Protect|||F|||50|,,,,,Dark]Ninetales-Alola||LightClay|SnowWarning|AuroraVeil,Blizzard,HelpingHand,Protect|||F|||50|,,,,,Fire]Skeledirge||ThroatSpray|Unaware|TorchSong,Snarl,ShadowBall,Protect|||M|||50|,,,,,Fairy
|showteam|p2|Jumpluff||CovertCloak|Chlorophyll|RagePowder,SleepPowder,SunnyDay,Tailwind|||M|||50|,,,,,Water]Charizard||ChoiceSpecs|SolarPower|HeatWave,Overheat,WeatherBall,AirSlash|||M|||50|,,,,,Ghost]Incineroar||SafetyGoggles|Intimidate|FlareBlitz,KnockOff,FakeOut,PartingShot|||M|||50|,,,,,Ghost]Ursaluna||FlameOrb|Guts|HeadlongRush,Facade,Earthquake,Protect|||M|||50|,,,,,Ghost]Porygon2||Eviolite|Download|TeraBlast,IceBeam,Recover,TrickRoom||||||50|,,,,,Fighting]Torkoal||EjectPack|Drought|Eruption,Overheat,HelpingHand,Protect|||M|||50|,,,,,Fire
|inactive|Battle timer is ON: inactive players will automatically lose when time's up. (requested by legionvgc)
|
|t:|1757748685
|teamsize|p1|4
|teamsize|p2|4
|start
|switch|p1a: slingshot?|Dragapult, L50, M, shiny|100/100
|switch|p1b: claws?|Sneasler, L50, F, shiny|100/100
|switch|p2a: Scat Pack CB|Incineroar, L50, M|100/100
|switch|p2b: Starbreaker|Porygon2, L50|100/100
|-ability|p2a: Scat Pack CB|Intimidate|boost
|-fail|p1a: slingshot?|unboost|[from] ability: Clear Body|[of] p1a: slingshot?
|-unboost|p1b: claws?|atk|1
|-ability|p2b: Starbreaker|Download|boost
|-boost|p2b: Starbreaker|atk|1
|turn|1
|inactive|charizardon12 has 30 seconds left.
|inactive|legionvgc has 30 seconds left.
|inactive|charizardon12 has 20 seconds left.
|inactive|legionvgc has 20 seconds left.
|inactive|charizardon12 has 15 seconds left.
|
|t:|1757748729
|switch|p1b: mushroom guy?|Amoonguss, L50, M, shiny|100/100
|-terastallize|p1a: slingshot?|Dragon
|move|p1a: slingshot?|Outrage|p2b: Starbreaker
|-damage|p2b: Starbreaker|11/100
|move|p2a: Scat Pack CB|Parting Shot|p1b: mushroom guy?
|-unboost|p1b: mushroom guy?|atk|1
|-unboost|p1b: mushroom guy?|spa|1
|
|t:|1757748739
|switch|p2a: Turtle|Torkoal, L50, M|100/100|[from] Parting Shot
|-weather|SunnyDay|[from] ability: Drought|[of] p2a: Turtle
|move|p2b: Starbreaker|Trick Room|p2b: Starbreaker
|-fieldstart|move: Trick Room|[of] p2b: Starbreaker
|
|-weather|SunnyDay|[upkeep]
|upkeep
|turn|2
|inactive|charizardon12 has 30 seconds left.
|
|t:|1757748769
|switch|p1b: kurama?but ice?|Ninetales-Alola, L50, F, shiny|100/100
|-weather|Snowscape|[from] ability: Snow Warning|[of] p1b: kurama?but ice?
|switch|p2b: Scat Pack CB|Incineroar, L50, M|100/100
|-ability|p2b: Scat Pack CB|Intimidate|boost
|-fail|p1a: slingshot?|unboost|[from] ability: Clear Body|[of] p1a: slingshot?
|-unboost|p1b: kurama?but ice?|atk|1
|move|p2a: Turtle|Overheat|p1b: kurama?but ice?
|-supereffective|p1b: kurama?but ice?
|-damage|p1b: kurama?but ice?|3/100
|-unboost|p2a: Turtle|spa|2
|-enditem|p2a: Turtle|Eject Pack
|
|t:|1757748784
|switch|p2a: Starbreaker|Porygon2, L50|11/100
|-ability|p2a: Starbreaker|Download|boost
|-boost|p2a: Starbreaker|atk|1
|move|p1a: slingshot?|Outrage|p2a: Starbreaker|[from] lockedmove
|-damage|p2a: Starbreaker|0 fnt
|faint|p2a: Starbreaker
|-start|p1a: slingshot?|confusion|[fatigue]
|
|-weather|Snowscape|[upkeep]
|upkeep
|
|t:|1757748793
|switch|p2a: Turtle|Torkoal, L50, M|100/100
|-weather|SunnyDay|[from] ability: Drought|[of] p2a: Turtle
|turn|3
|
|t:|1757748812
|switch|p1a: mushroom guy?|Amoonguss, L50, M, shiny|100/100
|move|p1b: kurama?but ice?|Protect|p1b: kurama?but ice?
|-singleturn|p1b: kurama?but ice?|Protect
|move|p2a: Turtle|Eruption|p1a: mushroom guy?|[spread] p1a
|-activate|p1b: kurama?but ice?|move: Protect
|-supereffective|p1a: mushroom guy?
|-damage|p1a: mushroom guy?|0 fnt
|faint|p1a: mushroom guy?
|move|p2b: Scat Pack CB|Knock Off|p1b: kurama?but ice?
|-activate|p1b: kurama?but ice?|move: Protect
|
|-weather|SunnyDay|[upkeep]
|upkeep
|
|t:|1757748826
|switch|p1a: claws?|Sneasler, L50, F, shiny|100/100
|turn|4
|inactive|legionvgc has 30 seconds left.
|
|t:|1757748856
|switch|p1b: slingshot?|Dragapult, L50, M, shiny, tera:Dragon|100/100
|move|p1a: claws?|Fake Out|p2b: Scat Pack CB
|-damage|p2b: Scat Pack CB|86/100
|-status|p2b: Scat Pack CB|psn|[from] ability: Poison Touch|[of] p1a: claws?
|move|p2a: Turtle|Eruption|p1a: claws?|[spread] p1a,p1b
|-resisted|p1b: slingshot?
|-enditem|p1a: claws?|Focus Sash
|-damage|p1a: claws?|1/100
|-damage|p1b: slingshot?|49/100
|cant|p2b: Scat Pack CB|flinch
|
|-weather|SunnyDay|[upkeep]
|-damage|p2b: Scat Pack CB|73/100 psn|[from] psn
|upkeep
|turn|5
|inactive|legionvgc has 30 seconds left.
|
|t:|1757748884
|switch|p1b: kurama?but ice?|Ninetales-Alola, L50, F, shiny|3/100
|-weather|Snowscape|[from] ability: Snow Warning|[of] p1b: kurama?but ice?
|-terastallize|p2a: Turtle|Fire
|move|p1a: claws?|Protect|p1a: claws?
|-singleturn|p1a: claws?|Protect
|move|p2a: Turtle|Eruption|p1a: claws?|[spread] p1b
|-activate|p1a: claws?|move: Protect
|-supereffective|p1b: kurama?but ice?
|-damage|p1b: kurama?but ice?|0 fnt
|faint|p1b: kurama?but ice?
|move|p2b: Scat Pack CB|Parting Shot|p2a: Turtle
|-unboost|p2a: Turtle|atk|1
|-unboost|p2a: Turtle|spa|1
|
|t:|1757748903
|switch|p2b: Baloo|Ursaluna, L50, M, shiny|100/100|[from] Parting Shot
|
|-weather|Snowscape|[upkeep]
|-fieldend|move: Trick Room
|-status|p2b: Baloo|brn|[from] item: Flame Orb
|upkeep
|
|t:|1757748910
|switch|p1b: slingshot?|Dragapult, L50, M, shiny, tera:Dragon|49/100
|turn|6
|inactive|charizardon12 has 30 seconds left.
|
|t:|1757748944
|switch|p2b: Scat Pack CB|Incineroar, L50, M|73/100 psn
|-ability|p2b: Scat Pack CB|Intimidate|boost
|-unboost|p1a: claws?|atk|1
|-fail|p1b: slingshot?|unboost|[from] ability: Clear Body|[of] p1b: slingshot?
|move|p1b: slingshot?|Dragon Darts|p2a: Turtle
|-damage|p2a: Turtle|62/100
|-anim|p1b: slingshot?|Dragon Darts|p2b: Scat Pack CB
|-damage|p2b: Scat Pack CB|16/100 psn
|move|p1a: claws?|Close Combat|p2a: Turtle
|-damage|p2a: Turtle|28/100
|-unboost|p1a: claws?|def|1
|-unboost|p1a: claws?|spd|1
|-status|p2a: Turtle|psn|[from] ability: Poison Touch|[of] p1a: claws?
|move|p2a: Turtle|Eruption|p1b: slingshot?|[spread] p1a,p1b
|-resisted|p1b: slingshot?
|-damage|p1a: claws?|0 fnt
|-damage|p1b: slingshot?|41/100
|faint|p1a: claws?
|
|-weather|Snowscape|[upkeep]
|-damage|p2b: Scat Pack CB|4/100 psn|[from] psn
|-damage|p2a: Turtle|16/100 psn|[from] psn
|upkeep
|turn|7
|inactive|charizardon12 has 30 seconds left.
|
|t:|1757748976
|move|p2b: Scat Pack CB|Fake Out|p1b: slingshot?
|-crit|p1b: slingshot?
|-damage|p1b: slingshot?|14/100
|cant|p1b: slingshot?|flinch
|move|p2a: Turtle|Overheat|p1b: slingshot?
|-resisted|p1b: slingshot?
|-damage|p1b: slingshot?|0 fnt
|-unboost|p2a: Turtle|spa|2
|faint|p1b: slingshot?
|
|win|legionvgc
||legionvgc is ready for game 2.
|inactive|charizardon12 has 30 seconds to confirm battle start!
||charizardon12 is ready for game 2.
|uhtml|next|Next: Game 2 of 3
