|j|‽candangacheche
|j|☆Lorido
|html|candangachecheLorido    
|uhtml|bestof|Game 1 of a best-of-3
|t:|1785439587
|gametype|doubles
|player|p1|candangacheche|265|1144
|player|p2|Lorido|101|1271
|gen|9
|tier|[Gen 9 Champions] VGC 2026 Reg M-B (Bo3)
|rated|
|rule|Species Clause: Limit one of each Pokémon
|rule|Item Clause: Limit 1 of each item
|clearpoke
|poke|p1|Delphox, L50, F, shiny|
|poke|p1|Grimmsnarl, L50, M, shiny|
|poke|p1|Garchomp, L50, M, shiny|
|poke|p1|Sylveon, L50, F|
|poke|p1|Kingambit, L50, M|
|poke|p1|Venusaur, L50, F|
|poke|p2|Delphox, L50, M|
|poke|p2|Incineroar, L50, F|
|poke|p2|Floette-Eternal, L50, F|
|poke|p2|Kingambit, L50, F|
|poke|p2|Sinistcha, L50|
|poke|p2|Sneasler, L50, F|
|teampreview|4
|showteam|p1|Delphox||Delphoxite|Blaze|Protect,HeatWave,NastyPlot,Psychic|Timid||F|||50|]Grimmsnarl||LightClay|Prankster|LightScreen,Reflect,PartingShot,FoulPlay|Careful||M|||50|]Garchomp||LifeOrb|RoughSkin|DragonClaw,Earthquake,Protect,ThunderFang|Adamant||M|||50|]Sylveon||FairyFeather|Pixilate|HyperVoice,HyperBeam,QuickAttack,Detect|Timid||F|||50|]Kingambit||FocusSash|Defiant|SuckerPunch,KowtowCleave,Protect,IronHead|Adamant||M|||50|]Venusaur||Venusaurite|Chlorophyll|GigaDrain,EarthPower,SludgeBomb,Protect|Modest||F|||50|
|showteam|p2|Delphox||Delphoxite|Blaze|HeatWave,Psychic,NastyPlot,Protect|Timid||M|||50|]Incineroar||SitrusBerry|Intimidate|FlareBlitz,DarkestLariat,FakeOut,PartingShot|Careful||F|||50|]Floette-Eternal||Floettite|FlowerVeil|DazzlingGleam,DrainingKiss,CalmMind,Protect|Bold||F|||50|]Kingambit||BlackGlasses|Defiant|KowtowCleave,SuckerPunch,IronHead,Protect|Adamant||F|||50|]Sinistcha||OccaBerry|Hospitality|MatchaGotcha,RagePowder,TrickRoom,Protect|Bold|||||50|]Sneasler||FocusSash|PoisonTouch|CloseCombat,PoisonJab,FakeOut,QuickGuard|Jolly||F|||50|
|inactive|Battle timer is ON: inactive players will automatically lose when time's up. (requested by Lorido)
|inactive|candangacheche has 60 seconds left.
|inactive|Lorido has 60 seconds left.
|inactive|Lorido has 30 seconds left.
|inactive|Lorido has 20 seconds left.
|
|t:|1785439660
|teamsize|p1|4
|teamsize|p2|4
|start
|switch|p1a: Grimmsnarl|Grimmsnarl, L50, M, shiny|100/100
|switch|p1b: Delphox|Delphox, L50, F, shiny|100/100
|switch|p2a: Sneasler|Sneasler, L50, F|100/100
|switch|p2b: Incineroar|Incineroar, L50, F|100/100
|-ability|p2b: Incineroar|Intimidate|boost
|-unboost|p1a: Grimmsnarl|atk|1
|-unboost|p1b: Delphox|atk|1
|turn|1
|inactive|Lorido has 30 seconds left.
|inactive|Lorido has 20 seconds left.
|inactive|Lorido has 15 seconds left.
|inactive|Lorido has 10 seconds left.
|inactive|Lorido has 5 seconds left.
|
|t:|1785439713
|switch|p1b: Garchomp|Garchomp, L50, M, shiny|100/100
|move|p2b: Incineroar|Fake Out|p1b: Garchomp
|-damage|p1b: Garchomp|89/100
|-damage|p2b: Incineroar|87/100|[from] ability: Rough Skin|[of] p1b: Garchomp
|move|p1a: Grimmsnarl|Reflect|p1a: Grimmsnarl
|-sidestart|p1: candangacheche|Reflect
|move|p2a: Sneasler|Poison Jab|p1a: Grimmsnarl
|-supereffective|p1a: Grimmsnarl|1
|-damage|p1a: Grimmsnarl|42/100
|
|upkeep
|turn|2
|inactive|candangacheche has 30 seconds left.
|inactive|Lorido has 30 seconds left.
|
|t:|1785439743
|switch|p2a: Kingambit|Kingambit, L50, F|100/100
|move|p1a: Grimmsnarl|Light Screen|p1a: Grimmsnarl
|-sidestart|p1: candangacheche|move: Light Screen
|move|p1b: Garchomp|Earthquake|p2a: Kingambit|[spread] p1a,p2a,p2b
|-supereffective|p2a: Kingambit|1
|-supereffective|p2b: Incineroar|1
|-damage|p1a: Grimmsnarl|0 fnt
|-damage|p2a: Kingambit|15/100
|-damage|p2b: Incineroar|0 fnt
|faint|p1a: Grimmsnarl
|faint|p2b: Incineroar
|-damage|p1b: Garchomp|79/100|[from] item: Life Orb
|
|upkeep
|inactive|candangacheche has 30 seconds left.
|inactive|candangacheche has 20 seconds left.
|inactive|candangacheche has 15 seconds left.
|
|t:|1785439786
|switch|p1a: Delphox|Delphox, L50, F, shiny|100/100
|switch|p2b: Delphox|Delphox, L50, M|100/100
|turn|3
|
|t:|1785439801
|detailschange|p2b: Delphox|Delphox-Mega, L50, M
|-mega|p2b: Delphox|Delphox|Delphoxite
|detailschange|p1a: Delphox|Delphox-Mega, L50, F, shiny
|-mega|p1a: Delphox|Delphox|Delphoxite
|move|p1a: Delphox|Protect|p1a: Delphox
|-singleturn|p1a: Delphox|Protect
|move|p2a: Kingambit|Sucker Punch|p1b: Garchomp
|-damage|p1b: Garchomp|55/100
|-damage|p2a: Kingambit|3/100|[from] ability: Rough Skin|[of] p1b: Garchomp
|move|p2b: Delphox|Psychic|p1b: Garchomp
|-damage|p1b: Garchomp|25/100
|move|p1b: Garchomp|Earthquake|p2b: Delphox|[spread] p2a
|-activate|p1a: Delphox|move: Protect
|-immune|p2b: Delphox|[from] ability: Levitate
|-supereffective|p2a: Kingambit|1
|-damage|p2a: Kingambit|0 fnt
|faint|p2a: Kingambit
|-damage|p1b: Garchomp|15/100|[from] item: Life Orb
|
|upkeep
|
|t:|1785439815
|switch|p2a: Sneasler|Sneasler, L50, F|100/100
|turn|4
|inactive|candangacheche has 30 seconds left.
|inactive|Lorido has 30 seconds left.
|
|t:|1785439843
|move|p1b: Garchomp|Protect|p1b: Garchomp
|-singleturn|p1b: Garchomp|Protect
|move|p1a: Delphox|Heat Wave|p2a: Sneasler|[spread] p2a,p2b
|-resisted|p2b: Delphox|1
|-damage|p2a: Sneasler|47/100
|-damage|p2b: Delphox|82/100
|move|p2b: Delphox|Psychic|p1b: Garchomp
|-activate|p1b: Garchomp|move: Protect
|move|p2a: Sneasler|Poison Jab|p1a: Delphox
|-damage|p1a: Delphox|63/100
|
|upkeep
|turn|5
|inactive|candangacheche has 30 seconds left.
|inactive|candangacheche has 20 seconds left.
|inactive|candangacheche has 15 seconds left.
|inactive|candangacheche has 10 seconds left.
|
|t:|1785439890
|move|p2b: Delphox|Heat Wave|p1a: Delphox|[spread] p1a,p1b
|-resisted|p1a: Delphox|1
|-resisted|p1b: Garchomp|1
|-damage|p1a: Delphox|52/100
|-damage|p1b: Garchomp|3/100
|move|p1a: Delphox|Heat Wave|p2b: Delphox|[spread] p2a,p2b
|-resisted|p2b: Delphox|1
|-damage|p2a: Sneasler|0 fnt
|-damage|p2b: Delphox|63/100
|faint|p2a: Sneasler
|move|p1b: Garchomp|Dragon Claw|p2b: Delphox
|-damage|p2b: Delphox|0 fnt
|faint|p2b: Delphox
|-damage|p1b: Garchomp|0 fnt|[from] item: Life Orb
|faint|p1b: Garchomp
|
|win|candangacheche
