|j|☆ClumbsyLilBeach
|j|☆leogamemaster
|html|ClumbsyLilBeachleogamemaster    
|uhtml|bestof|Game 1 of a best-of-3
|t:|1785972814
|gametype|doubles
|player|p1|ClumbsyLilBeach|jasmine|1171
|player|p2|leogamemaster|pokekid|1094
|gen|9
|tier|[Gen 9 Champions] VGC 2026 Reg M-B (Bo3)
|rated|
|rule|Species Clause: Limit one of each Pokémon
|rule|Item Clause: Limit 1 of each item
|clearpoke
|poke|p1|Charizard, L50, M|
|poke|p1|Pelipper, L50, M|
|poke|p1|Gliscor, L50, F, shiny|
|poke|p1|Talonflame, L50, F|
|poke|p1|Corviknight, L50, M|
|poke|p1|Staraptor, L50, F|
|poke|p2|Delphox, L50, F|
|poke|p2|Incineroar, L50, F|
|poke|p2|Staraptor, L50, M|
|poke|p2|Whimsicott, L50, M|
|poke|p2|Garchomp, L50, F|
|poke|p2|Gholdengo, L50|
|teampreview|4
|showteam|p1|Charizard||CharizarditeY|Blaze|Protect,WeatherBall,HeatWave,SolarBeam|Modest||M|||50|]Pelipper||SitrusBerry|Drizzle|WideGuard,Hurricane,Tailwind,WeatherBall|Modest||M|||50|]Gliscor||ChoiceScarf|HyperCutter|Earthquake,RockSlide,Uturn,IceFang|Jolly||F|||50|]Talonflame||FocusSash|GaleWings|AirSlash,Tailwind,QuickGuard,FeatherDance|Timid||F|||50|]Corviknight||Leftovers|MirrorArmor|Taunt,IronHead,BulkUp,Protect|Adamant||M|||50|]Staraptor||Staraptite|Intimidate|CloseCombat,Roost,BraveBird,Protect|Jolly||F|||50|
|showteam|p2|Delphox||Delphoxite|Blaze|Protect,HeatWave,Psychic,NastyPlot|Timid||F|||50|]Incineroar||SitrusBerry|Intimidate|FakeOut,FlareBlitz,DarkestLariat,PartingShot|Careful||F|||50|]Staraptor||Staraptite|Intimidate|Protect,Roost,CloseCombat,BraveBird|Jolly||M|||50|]Whimsicott||OccaBerry|Prankster|Charm,Moonblast,Tailwind,Encore|Bold||M|||50|]Garchomp||LifeOrb|RoughSkin|Protect,Earthquake,DragonClaw,RockSlide|Jolly||F|||50|]Gholdengo||MetalCoat|GoodasGold|Protect,MakeItRain,ShadowBall,NastyPlot|Modest|||||50|
|inactive|Battle timer is ON: inactive players will automatically lose when time's up. (requested by ClumbsyLilBeach)
|
|t:|1785972840
|teamsize|p1|4
|teamsize|p2|4
|start
|switch|p1a: Talonflame|Talonflame, L50, F|100/100
|switch|p1b: Gliscor|Gliscor, L50, F, shiny|100/100
|switch|p2a: samual|Staraptor, L50, M|100/100
|switch|p2b: winston|Whimsicott, L50, M|100/100
|-ability|p2a: samual|Intimidate|boost
|-unboost|p1a: Talonflame|atk|1
|-fail|p1b: Gliscor|unboost|Attack|[from] ability: Hyper Cutter|[of] p1b: Gliscor
|turn|1
|
|t:|1785972864
|detailschange|p2a: samual|Staraptor-Mega, L50, M
|-mega|p2a: samual|Staraptor|Staraptite
|move|p1a: Talonflame|Air Slash|p2a: samual
|-supereffective|p2a: samual|1
|-damage|p2a: samual|36/100
|move|p2b: winston|Charm|p2a: samual
|-boost|p2a: samual|atk|2
|move|p1b: Gliscor|Ice Fang|p2a: samual
|-supereffective|p2a: samual|1
|-damage|p2a: samual|0 fnt
|faint|p2a: samual
|
|upkeep
|
|t:|1785972869
|switch|p2a: grant|Garchomp, L50, F|100/100
|turn|2
|
|t:|1785972881
|move|p1a: Talonflame|Air Slash|p2b: winston
|-supereffective|p2b: winston|1
|-damage|p2b: winston|30/100
|move|p1b: Gliscor|Ice Fang|p2a: grant
|-supereffective|p2a: grant|2
|-damage|p2a: grant|22/100
|-damage|p1b: Gliscor|87/100|[from] ability: Rough Skin|[of] p2a: grant
|move|p2a: grant|Rock Slide|p1a: Talonflame|[spread] p1a,p1b
|-supereffective|p1a: Talonflame|2
|-crit|p1a: Talonflame
|-enditem|p1a: Talonflame|Focus Sash
|-damage|p1a: Talonflame|1/100
|-damage|p1b: Gliscor|65/100
|-damage|p2a: grant|12/100|[from] item: Life Orb
|move|p2b: winston|Moonblast|p1b: Gliscor
|-damage|p1b: Gliscor|31/100
|
|upkeep
|turn|3
|inactive|ClumbsyLilBeach has 30 seconds left.
|
|t:|1785972907
|move|p2a: grant|Protect|p2a: grant
|-singleturn|p2a: grant|Protect
|move|p2b: winston|Tailwind|p2b: winston
|-sidestart|p2: leogamemaster|move: Tailwind
|move|p1b: Gliscor|Ice Fang|p2a: grant
|-activate|p2a: grant|move: Protect
|move|p1a: Talonflame|Tailwind|p1a: Talonflame
|-sidestart|p1: ClumbsyLilBeach|move: Tailwind
|
|upkeep
|turn|4
|
|t:|1785972920
|switch|p2a: ian|Incineroar, L50, F|100/100
|-ability|p2a: ian|Intimidate|boost
|-unboost|p1a: Talonflame|atk|1
|-fail|p1b: Gliscor|unboost|Attack|[from] ability: Hyper Cutter|[of] p1b: Gliscor
|move|p1b: Gliscor|Ice Fang|p2a: ian
|-resisted|p2a: ian|1
|-damage|p2a: ian|92/100
|-status|p2a: ian|frz
|move|p1a: Talonflame|Air Slash|p2b: winston
|-supereffective|p2b: winston|1
|-damage|p2b: winston|0 fnt
|faint|p2b: winston
|
|upkeep
|
|t:|1785972928
|switch|p2b: grant|Garchomp, L50, F|12/100
|turn|5
|-message|leogamemaster forfeited.
|
|win|ClumbsyLilBeach
|l|☆leogamemaster
|player|p2|
||leogamemaster is ready for game 2.
