|j|☆PyreAeroVGC
|j|☆my team was genned
|html|PyreAeroVGCmy team was genned    
|uhtml|bestof|Game 1 of a best-of-3
|t:|1757173383
|gametype|doubles
|player|p1|PyreAeroVGC|101|1233
|player|p2|my team was genned|2|1197
|gen|9
|tier|[Gen 9] VGC 2025 Reg H (Bo3)
|rated|
|rule|Species Clause: Limit one of each Pokémon
|rule|Item Clause: Limit 1 of each item
|clearpoke
|poke|p1|Politoed, L50, M|
|poke|p1|Gothitelle, L50, M|
|poke|p1|Incineroar, L50, M|
|poke|p1|Amoonguss, L50, F|
|poke|p1|Kingdra, L50, F|
|poke|p1|Archaludon, L50, F|
|poke|p2|Azumarill, L50, M|
|poke|p2|Gothitelle, L50, F|
|poke|p2|Torkoal, L50, M|
|poke|p2|Charizard, L50, M|
|poke|p2|Incineroar, L50, M|
|poke|p2|Ursaluna-Bloodmoon, L50, M|
|teampreview|4
|showteam|p1|Politoed||Leftovers|Drizzle|Protect,WeatherBall,PerishSong,Encore|||M|||50|,,,,,Grass]Gothitelle||SitrusBerry|ShadowTag|Protect,Psychic,FakeOut,TrickRoom|||M|||50|,,,,,Dark]Incineroar||SafetyGoggles|Intimidate|Protect,KnockOff,FakeOut,PartingShot|||M|||50|,,,,,Ghost]Amoonguss||EjectButton|Regenerator|Protect,RagePowder,PollenPuff,Spore|||F|||50|,,,,,Fairy]Kingdra||LifeOrb|SwiftSwim|Protect,WeatherBall,DracoMeteor,MuddyWater|||F|||50|,,,,,Stellar]Archaludon||PowerHerb|Sturdy|Protect,ElectroShot,DragonPulse,FlashCannon|||F|||50|,,,,,Electric
|showteam|p2|Azumarill||MentalHerb|SapSipper|AquaJet,PerishSong,Encore,Protect|||M|||50|,,,,,Ground]Gothitelle||SitrusBerry|ShadowTag|Psychic,TrickRoom,FakeOut,Protect|||F|||50|,,,,,Dark]Torkoal||EjectPack|Drought|Overheat,Eruption,HelpingHand,Protect|||M|||50|,,,,,Fire]Charizard||ChoiceSpecs|SolarPower|HeatWave,Overheat,WeatherBall,Protect|||M|||50|,,,,,Ghost]Incineroar||ChopleBerry|Intimidate|KnockOff,PartingShot,FakeOut,Protect|||M|||50|,,,,,Grass]Ursaluna-Bloodmoon||LifeOrb|MindsEye|BloodMoon,HyperVoice,EarthPower,Protect|||M|||50|,,,,,Water
|inactive|Battle timer is ON: inactive players will automatically lose when time's up. (requested by my team was genned)
|inactive|PyreAeroVGC also wants the timer to be on.
|inactive|PyreAeroVGC has 60 seconds left.
|inactive|my team was genned has 60 seconds left.
|inactive|PyreAeroVGC has 30 seconds left.
|
|t:|1757173445
|teamsize|p1|4
|teamsize|p2|4
|start
|switch|p1a: Archaludon|Archaludon, L50, F|100/100
|switch|p1b: Incineroar|Incineroar, L50, M|100/100
|switch|p2a: Torkoal|Torkoal, L50, M|100/100
|switch|p2b: Gothitelle|Gothitelle, L50, F|100/100
|-ability|p1b: Incineroar|Intimidate|boost
|-unboost|p2a: Torkoal|atk|1
|-unboost|p2b: Gothitelle|atk|1
|-weather|SunnyDay|[from] ability: Drought|[of] p2a: Torkoal
|-enditem|p2a: Torkoal|Eject Pack
|
|t:|1757173450
|switch|p2a: Charizard|Charizard, L50, M|100/100
|turn|1
|inactive|PyreAeroVGC has 30 seconds left.
|
|t:|1757173477
|-terastallize|p2a: Charizard|Ghost
|move|p2a: Charizard|Overheat|p1b: Incineroar
|-resisted|p1b: Incineroar
|-damage|p1b: Incineroar|26/100
|-unboost|p2a: Charizard|spa|2
|move|p1a: Archaludon|Electro Shot||[still]
|-prepare|p1a: Archaludon|Electro Shot
|-boost|p1a: Archaludon|spa|1
|-enditem|p1a: Archaludon|Power Herb
|-anim|p1a: Archaludon|Electro Shot|p2a: Charizard
|-damage|p2a: Charizard|15/100
|move|p1b: Incineroar|Parting Shot|p2a: Charizard
|-unboost|p2a: Charizard|atk|1
|-unboost|p2a: Charizard|spa|1
|
|t:|1757173491
|switch|p1b: Gothitelle|Gothitelle, L50, M|100/100|[from] Parting Shot
|move|p2b: Gothitelle|Trick Room|p2b: Gothitelle
|-fieldstart|move: Trick Room|[of] p2b: Gothitelle
|
|-weather|SunnyDay|[upkeep]
|-damage|p2a: Charizard|2/100|[from] ability: Solar Power|[of] p2a: Charizard
|upkeep
|turn|2
|
|t:|1757173515
|switch|p2a: Azumarill|Azumarill, L50, M|100/100
|move|p2b: Gothitelle|Protect|p2b: Gothitelle
|-singleturn|p2b: Gothitelle|Protect
|move|p1a: Archaludon|Dragon Pulse|p2a: Azumarill
|-immune|p2a: Azumarill
|move|p1b: Gothitelle|Trick Room|p1b: Gothitelle
|-fieldend|move: Trick Room
|
|-weather|SunnyDay|[upkeep]
|upkeep
|turn|3
|
|t:|1757173539
|switch|p1b: Politoed|Politoed, L50, M|100/100
|-weather|RainDance|[from] ability: Drizzle|[of] p1b: Politoed
|move|p1a: Archaludon|Electro Shot||[still]
|-prepare|p1a: Archaludon|Electro Shot
|-boost|p1a: Archaludon|spa|1
|-anim|p1a: Archaludon|Electro Shot|p2a: Azumarill
|-supereffective|p2a: Azumarill
|-damage|p2a: Azumarill|0 fnt
|faint|p2a: Azumarill
|move|p2b: Gothitelle|Trick Room|p2b: Gothitelle
|-fieldstart|move: Trick Room|[of] p2b: Gothitelle
|
|-weather|RainDance|[upkeep]
|upkeep
|
|t:|1757173546
|switch|p2a: Torkoal|Torkoal, L50, M|100/100
|-weather|SunnyDay|[from] ability: Drought|[of] p2a: Torkoal
|turn|4
|
|t:|1757173561
|move|p1a: Archaludon|Protect|p1a: Archaludon
|-singleturn|p1a: Archaludon|Protect
|move|p2a: Torkoal|Eruption|p1a: Archaludon|[spread] p1b
|-activate|p1a: Archaludon|move: Protect
|-resisted|p1b: Politoed
|-damage|p1b: Politoed|71/100
|move|p2b: Gothitelle|Psychic|p1b: Politoed
|-damage|p1b: Politoed|48/100
|move|p1b: Politoed|Perish Song|p1b: Politoed
|-start|p1a: Archaludon|perish3|[silent]
|-start|p1b: Politoed|perish3|[silent]
|-start|p2a: Torkoal|perish3|[silent]
|-start|p2b: Gothitelle|perish3|[silent]
|-fieldactivate|move: Perish Song
|
|-weather|SunnyDay|[upkeep]
|-heal|p1b: Politoed|54/100|[from] item: Leftovers
|-start|p2a: Torkoal|perish3
|-start|p2b: Gothitelle|perish3
|-start|p1b: Politoed|perish3
|-start|p1a: Archaludon|perish3
|upkeep
|turn|5
|inactive|PyreAeroVGC has 30 seconds left.
|
|t:|1757173587
|move|p2a: Torkoal|Eruption|p1a: Archaludon|[spread] p1a,p1b
|-resisted|p1b: Politoed
|-crit|p1b: Politoed
|-ability|p1a: Archaludon|Sturdy
|-damage|p1a: Archaludon|1/100
|-damage|p1b: Politoed|14/100
|move|p2b: Gothitelle|Psychic|p1a: Archaludon
|-resisted|p1a: Archaludon
|-damage|p1a: Archaludon|0 fnt
|faint|p1a: Archaludon
|move|p1b: Politoed|Weather Ball|p2a: Torkoal
|-resisted|p2a: Torkoal
|-damage|p2a: Torkoal|80/100
|
|-weather|SunnyDay|[upkeep]
|-heal|p1b: Politoed|20/100|[from] item: Leftovers
|-start|p2a: Torkoal|perish2
|-start|p2b: Gothitelle|perish2
|-start|p1b: Politoed|perish2
|upkeep
|
|t:|1757173604
|switch|p1a: Gothitelle|Gothitelle, L50, M|100/100
|turn|6
|
|t:|1757173614
|-terastallize|p1a: Gothitelle|Dark
|move|p1a: Gothitelle|Fake Out|p2a: Torkoal
|-damage|p2a: Torkoal|75/100
|cant|p2a: Torkoal|flinch
|move|p2b: Gothitelle|Psychic|p1b: Politoed
|-damage|p1b: Politoed|0 fnt
|faint|p1b: Politoed
|
|-weather|SunnyDay|[upkeep]
|-start|p2a: Torkoal|perish1
|-start|p2b: Gothitelle|perish1
|upkeep
|
|t:|1757173628
|switch|p1b: Incineroar|Incineroar, L50, M|26/100
|-ability|p1b: Incineroar|Intimidate|boost
|-unboost|p2a: Torkoal|atk|1
|-unboost|p2b: Gothitelle|atk|1
|turn|7
|
|t:|1757173648
|switch|p2b: Charizard|Charizard, L50, M, tera:Ghost|2/100
|move|p1a: Gothitelle|Fake Out||[still]
|-hint|Fake Out only works on your first turn out.
|-fail|p1a: Gothitelle
|move|p2a: Torkoal|Overheat|p1b: Incineroar
|-resisted|p1b: Incineroar
|-damage|p1b: Incineroar|0 fnt
|-unboost|p2a: Torkoal|spa|2
|faint|p1b: Incineroar
|
|-weather|SunnyDay|[upkeep]
|-damage|p2b: Charizard|0 fnt|[from] ability: Solar Power|[of] p2b: Charizard
|faint|p2b: Charizard
|-start|p2a: Torkoal|perish0
|-fieldend|move: Trick Room
|upkeep
|faint|p2a: Torkoal
|
|t:|1757173652
|switch|p2b: Gothitelle|Gothitelle, L50, F|100/100
|turn|8
|-message|my team was genned forfeited.
|
|win|PyreAeroVGC
|l|☆my team was genned
|player|p2|
||my team was genned is ready for game 2.
||PyreAeroVGC is ready for game 2.
|uhtml|next|Next: Game 2 of 3
