|j|☆vgceplt vntz
|j|☆SEROO
|html|vgceplt vntzSEROO    
|uhtml|bestof|Game 1 of a best-of-3
|t:|1782677912
|gametype|doubles
|player|p1|vgceplt vntz|cameraman|
|player|p2|SEROO|#pubdiipsychoscowlers|
|gen|9
|tier|[Gen 9 Champions] VGC 2026 Reg M-B (Bo3)
|rule|Species Clause: Limit one of each Pokémon
|rule|Item Clause: Limit 1 of each item
|clearpoke
|poke|p1|Annihilape, L50, M|
|poke|p1|Dragonite, L50, M|
|poke|p1|Armarouge, L50, M|
|poke|p1|Torkoal, L50, F|
|poke|p1|Kingambit, L50, F|
|poke|p1|Maushold, L50|
|poke|p2|Grimmsnarl, L50, M|
|poke|p2|Swampert, L50, M|
|poke|p2|Pelipper, L50, M|
|poke|p2|Archaludon, L50, M|
|poke|p2|Sinistcha, L50|
|poke|p2|Metagross, L50|
|teampreview|4
|showteam|p1|Annihilape||ChoiceScarf|Defiant|ShadowClaw,CloseCombat,SeedBomb,IcePunch|Adamant||M|||50|]Dragonite||Dragoninite|InnerFocus|DragonDance,DragonClaw,ExtremeSpeed,Protect|Adamant||M|||50|]Armarouge||Leftovers|FlashFire|Psychic,HeatWave,CalmMind,TrickRoom|Modest||M|||50|]Torkoal||Charcoal|Drought|Eruption,HeatWave,EarthPower,Protect|Quiet||F|||50|]Kingambit||LifeOrb|Defiant|IronHead,KowtowCleave,SuckerPunch,Protect|Adamant||F|||50|]Maushold||WideLens|Technician|PopulationBomb,FollowMe,Bite,Protect|Jolly|||||50|
|showteam|p2|Grimmsnarl||LightClay|Prankster|FoulPlay,PartingShot,Reflect,LightScreen|Calm||M|||50|]Swampert||Swampertite|Damp|WaveCrash,Earthquake,IcePunch,Protect|Adamant||M|||50|]Pelipper||SitrusBerry|Drizzle|Hurricane,WeatherBall,Tailwind,WideGuard|Modest||M|||50|]Archaludon||Leftovers|Stamina|ElectroShot,DragonPulse,FlashCannon,Protect|Modest||M|||50|]Sinistcha||CobaBerry|Hospitality|MatchaGotcha,RagePowder,TrickRoom,Protect|Relaxed|||||50|]Metagross||Metagrossite|ClearBody|IronHead,PsychicFangs,BodyPress,Protect|Jolly|||||50|
|c|☆SEROO|hf bro
|inactive|Battle timer is ON: inactive players will automatically lose when time's up. (requested by SEROO)
|inactive|vgceplt vntz has 60 seconds left.
|inactive|SEROO has 60 seconds left.
|c|☆vgceplt vntz|gl hf hermanitoo
|
|t:|1782677988
|teamsize|p1|4
|teamsize|p2|4
|start
|switch|p1a: Torkoal|Torkoal, L50, F|100/100
|switch|p1b: Kingambit|Kingambit, L50, F|100/100
|switch|p2a: Swampert|Swampert, L50, M|100/100
|switch|p2b: Archaludon|Archaludon, L50, M|100/100
|-weather|SunnyDay|[from] ability: Drought|[of] p1a: Torkoal
|turn|1
|inactive|vgceplt vntz has 30 seconds left.
|
|t:|1782678015
|switch|p2b: Pelipper|Pelipper, L50, M|100/100
|-weather|RainDance|[from] ability: Drizzle|[of] p2b: Pelipper
|switch|p1a: Annihilape|Annihilape, L50, M|100/100
|detailschange|p2a: Swampert|Swampert-Mega, L50, M
|-mega|p2a: Swampert|Swampert|Swampertite
|move|p1b: Kingambit|Protect|p1b: Kingambit
|-singleturn|p1b: Kingambit|Protect
|move|p2a: Swampert|Earthquake|p1a: Annihilape|[spread] p1a
|-activate|p1b: Kingambit|move: Protect
|-immune|p2b: Pelipper
|-damage|p1a: Annihilape|49/100
|
|-weather|RainDance|[upkeep]
|upkeep
|turn|2
|
|t:|1782678032
|switch|p1b: Torkoal|Torkoal, L50, F|100/100
|-weather|SunnyDay|[from] ability: Drought|[of] p1b: Torkoal
|move|p2a: Swampert|Protect|p2a: Swampert
|-singleturn|p2a: Swampert|Protect
|move|p1a: Annihilape|Seed Bomb|p2a: Swampert
|-activate|p2a: Swampert|move: Protect
|move|p2b: Pelipper|Tailwind|p2b: Pelipper
|-sidestart|p2: SEROO|move: Tailwind
|
|-weather|SunnyDay|[upkeep]
|upkeep
|turn|3
|inactive|SEROO has 30 seconds left.
|
|t:|1782678062
|switch|p2a: Archaludon|Archaludon, L50, M|100/100
|move|p1a: Annihilape|Seed Bomb|p2a: Archaludon
|-resisted|p2a: Archaludon|2
|-damage|p2a: Archaludon|94/100
|-ability|p2a: Archaludon|Stamina|boost
|-boost|p2a: Archaludon|def|1
|move|p2b: Pelipper|Weather Ball|p1a: Annihilape
|-crit|p1a: Annihilape
|-damage|p1a: Annihilape|0 fnt
|faint|p1a: Annihilape
|move|p1b: Torkoal|Eruption|p2b: Pelipper|[spread] p2a,p2b
|-resisted|p2b: Pelipper|1
|-damage|p2a: Archaludon|8/100
|-damage|p2b: Pelipper|43/100
|-ability|p2a: Archaludon|Stamina|boost
|-boost|p2a: Archaludon|def|1
|-enditem|p2b: Pelipper|Sitrus Berry|[eat]
|-heal|p2b: Pelipper|67/100|[from] item: Sitrus Berry
|
|-weather|SunnyDay|[upkeep]
|-heal|p2a: Archaludon|14/100|[from] item: Leftovers
|upkeep
|
|t:|1782678070
|switch|p1a: Armarouge|Armarouge, L50, M|100/100
|turn|4
|
|t:|1782678090
|move|p1b: Torkoal|Protect|p1b: Torkoal
|-singleturn|p1b: Torkoal|Protect
|move|p2a: Archaludon|Dragon Pulse|p1a: Armarouge
|-damage|p1a: Armarouge|58/100
|move|p2b: Pelipper|Tailwind||[still]
|-fail|p2b: Pelipper
|move|p1a: Armarouge|Trick Room|p1a: Armarouge
|-fieldstart|move: Trick Room|[of] p1a: Armarouge
|
|-weather|SunnyDay|[upkeep]
|-heal|p1a: Armarouge|65/100|[from] item: Leftovers
|-heal|p2a: Archaludon|20/100y|[from] item: Leftovers
|upkeep
|turn|5
|c|☆SEROO|Oops
|c|☆SEROO|Era hurri
|inactive|vgceplt vntz has 30 seconds left.
|inactive|SEROO has 30 seconds left.
|c|☆vgceplt vntz|No me gusa tanto pq contra otro de la LEPE hice missclick tbm
|inactive|vgceplt vntz has 20 seconds left.
|
|t:|1782678130
|switch|p2b: Sinistcha|Sinistcha, L50|100/100
|-heal|p2a: Archaludon|45/100|[from] ability: Hospitality|[of] p2b: Sinistcha
|move|p2a: Archaludon|Protect|p2a: Archaludon
|-singleturn|p2a: Archaludon|Protect
|move|p1b: Torkoal|Eruption|p2b: Sinistcha|[spread] p2b
|-activate|p2a: Archaludon|move: Protect
|-supereffective|p2b: Sinistcha|1
|-damage|p2b: Sinistcha|0 fnt
|faint|p2b: Sinistcha
|move|p1a: Armarouge|Calm Mind|p1a: Armarouge
|-boost|p1a: Armarouge|spa|1
|-boost|p1a: Armarouge|spd|1
|
|-weather|SunnyDay|[upkeep]
|-heal|p1a: Armarouge|71/100|[from] item: Leftovers
|-heal|p2a: Archaludon|51/100|[from] item: Leftovers
|-sideend|p2: SEROO|move: Tailwind
|upkeep
|
|t:|1782678134
|switch|p2b: Pelipper|Pelipper, L50, M|67/100
|-weather|RainDance|[from] ability: Drizzle|[of] p2b: Pelipper
|turn|6
|
|t:|1782678158
|move|p1b: Torkoal|Eruption|p2a: Archaludon|[spread] p2a,p2b
|-resisted|p2b: Pelipper|1
|-damage|p2a: Archaludon|24/100
|-damage|p2b: Pelipper|51/100
|-ability|p2a: Archaludon|Stamina|boost
|-boost|p2a: Archaludon|def|1
|move|p1a: Armarouge|Heat Wave|p2a: Archaludon|[spread] p2a,p2b
|-resisted|p2b: Pelipper|1
|-damage|p2a: Archaludon|0 fnt
|-damage|p2b: Pelipper|33/100
|faint|p2a: Archaludon
|move|p2b: Pelipper|Weather Ball|p1a: Armarouge
|-supereffective|p1a: Armarouge|1
|-damage|p1a: Armarouge|0 fnt
|faint|p1a: Armarouge
|
|-weather|RainDance|[upkeep]
|upkeep
|
|t:|1782678169
|switch|p1a: Kingambit|Kingambit, L50, F|100/100
|switch|p2a: Swampert|Swampert-Mega, L50, M|100/100
|turn|7
|
|t:|1782678180
|move|p2a: Swampert|Protect|p2a: Swampert
|-singleturn|p2a: Swampert|Protect
|move|p2b: Pelipper|Wide Guard|p2b: Pelipper
|-singleturn|p2b: Pelipper|Wide Guard
|move|p1b: Torkoal|Eruption|p2b: Pelipper|[spread] 
|-activate|p2a: Swampert|move: Wide Guard
|-activate|p2b: Pelipper|move: Wide Guard
|move|p1a: Kingambit|Kowtow Cleave|p2a: Swampert
|-activate|p2a: Swampert|move: Protect
|
|-weather|RainDance|[upkeep]
|upkeep
|turn|8
|
|t:|1782678192
|move|p1b: Torkoal|Earth Power|p2a: Swampert
|-damage|p2a: Swampert|76/100
|move|p1a: Kingambit|Kowtow Cleave|p2a: Swampert
|-damage|p2a: Swampert|19/100
|-damage|p1a: Kingambit|90/100|[from] item: Life Orb
|move|p2b: Pelipper|Weather Ball|p1a: Kingambit
|-damage|p1a: Kingambit|29/100
|move|p2a: Swampert|Earthquake|p1b: Torkoal|[spread] p1a,p1b
|-immune|p2b: Pelipper
|-supereffective|p1a: Kingambit|1
|-supereffective|p1b: Torkoal|1
|-damage|p1a: Kingambit|0 fnt
|-damage|p1b: Torkoal|25/100
|faint|p1a: Kingambit
|
|-weather|RainDance|[upkeep]
|-fieldend|move: Trick Room
|upkeep
|turn|9
|c|☆SEROO|gg
|c|☆vgceplt vntz|gg tho
|
|t:|1782678210
|move|p2a: Swampert|Earthquake|p1b: Torkoal|[spread] p1b
|-immune|p2b: Pelipper
|-supereffective|p1b: Torkoal|1
|-damage|p1b: Torkoal|0 fnt
|faint|p1b: Torkoal
|
|win|SEROO
