|j|☆Luisgr19
|j|☆moussag
|html|Luisgr19moussag    
|uhtml|bestof|Game 1 of a best-of-3
|t:|1784132591
|gametype|doubles
|player|p1|Luisgr19|265|1000
|player|p2|moussag|striker|1035
|gen|9
|tier|[Gen 9 Champions] VGC 2026 Reg M-B (Bo3)
|rated|
|rule|Species Clause: Limit one of each Pokémon
|rule|Item Clause: Limit 1 of each item
|clearpoke
|poke|p1|Chandelure, L50, M|
|poke|p1|Whimsicott, L50, M|
|poke|p1|Garchomp, L50, M|
|poke|p1|Sharpedo, L50, M|
|poke|p1|Venusaur, L50, M|
|poke|p1|Farigiraf, L50, M|
|poke|p2|Charizard, L50, M|
|poke|p2|Whimsicott, L50, F|
|poke|p2|Basculegion, L50, M|
|poke|p2|Mawile, L50, F|
|poke|p2|Farigiraf, L50, M|
|poke|p2|Garchomp, L50, F|
|teampreview|4
|showteam|p1|Chandelure||Chandelurite|FlashFire|HeatWave,ShadowBall,EnergyBall,Protect|Bold||M|||50|]Whimsicott||FairyFeather|Prankster|Moonblast,Tailwind,SunnyDay,Protect|Timid||M|||50|]Garchomp||LifeOrb|RoughSkin|StompingTantrum,DragonClaw,RockTomb,Protect|Jolly||M|||50|]Sharpedo||FocusSash|SpeedBoost|Liquidation,Crunch,CloseCombat,Protect|Adamant||M|||50|]Venusaur||ExpertBelt|Chlorophyll|EnergyBall,SleepPowder,SludgeBomb,Protect|Timid||M|||50|]Farigiraf||SitrusBerry|ArmorTail|Thunderbolt,TwinBeam,Protect,TrickRoom|Bold||M|||50|
|showteam|p2|Charizard||CharizarditeY|SolarPower|HeatWave,WeatherBall,SolarBeam,Protect|Modest||M|||50|]Whimsicott||FocusSash|Prankster|Moonblast,Tailwind,Encore,Protect|Timid||F|||50|]Basculegion||ChoiceScarf|Adaptability|WaveCrash,AquaJet,LastRespects,Protect|Adamant||M|||50|]Mawile||Mawilite|HyperCutter|PlayRough,IronHead,SuckerPunch,RockSlide|Adamant||F|||50|]Farigiraf||ColburBerry|ArmorTail|HyperVoice,Psychic,HelpingHand,TrickRoom|Relaxed||M|||50|]Garchomp||LifeOrb|RoughSkin|Earthquake,DragonClaw,RockSlide,Protect|Jolly||F|||50|
|
|t:|1784132630
|teamsize|p1|4
|teamsize|p2|4
|start
|switch|p1a: Chandelure|Chandelure, L50, M|100/100
|switch|p1b: Farigiraf|Farigiraf, L50, M|100/100
|switch|p2a: Whimsicott|Whimsicott, L50, F|100/100
|switch|p2b: Garchomp|Garchomp, L50, F|100/100
|turn|1
|
|t:|1784132655
|move|p1a: Chandelure|Protect|p1a: Chandelure
|-singleturn|p1a: Chandelure|Protect
|move|p2a: Whimsicott|Moonblast|p1b: Farigiraf
|-damage|p1b: Farigiraf|65/100
|move|p2b: Garchomp|Rock Slide|p1b: Farigiraf|[spread] p1b
|-activate|p1a: Chandelure|move: Protect
|-damage|p1b: Farigiraf|46/100
|-enditem|p1b: Farigiraf|Sitrus Berry|[eat]
|-heal|p1b: Farigiraf|70/100|[from] item: Sitrus Berry
|-damage|p2b: Garchomp|90/100|[from] item: Life Orb
|cant|p1b: Farigiraf|flinch
|
|upkeep
|turn|2
|
|t:|1784132676
|switch|p1a: Whimsicott|Whimsicott, L50, M|100/100
|move|p1b: Farigiraf|Protect|p1b: Farigiraf
|-singleturn|p1b: Farigiraf|Protect
|move|p2a: Whimsicott|Moonblast|p1b: Farigiraf
|-activate|p1b: Farigiraf|move: Protect
|move|p2b: Garchomp|Rock Slide|p1b: Farigiraf|[spread] p1a
|-activate|p1b: Farigiraf|move: Protect
|-damage|p1a: Whimsicott|70/100
|-damage|p2b: Garchomp|80/100|[from] item: Life Orb
|
|upkeep
|turn|3
|
|t:|1784132697
|switch|p2b: Charizard|Charizard, L50, M|100/100
|move|p1a: Whimsicott|Protect|p1a: Whimsicott
|-singleturn|p1a: Whimsicott|Protect
|move|p2a: Whimsicott|Moonblast|p1b: Farigiraf
|-damage|p1b: Farigiraf|36/100
|move|p1b: Farigiraf|Trick Room|p1b: Farigiraf
|-fieldstart|move: Trick Room|[of] p1b: Farigiraf
|
|upkeep
|turn|4
|
|t:|1784132717
|switch|p2b: Garchomp|Garchomp, L50, F|80/100
|switch|p1a: Chandelure|Chandelure, L50, M|100/100
|move|p2a: Whimsicott|Encore||[still]
|cant|p1b: Farigiraf|ability: Armor Tail|Encore|[of] p2a: Whimsicott
|move|p1b: Farigiraf|Thunderbolt|p2b: Garchomp
|-immune|p2b: Garchomp
|
|upkeep
|turn|5
|
|t:|1784132730
|switch|p2a: Charizard|Charizard, L50, M|100/100
|detailschange|p1a: Chandelure|Chandelure-Mega, L50, M
|-mega|p1a: Chandelure|Chandelure|Chandelurite
|move|p1b: Farigiraf|Twin Beam|p2b: Garchomp
|-damage|p2b: Garchomp|62/100
|-damage|p2b: Garchomp|46/100
|-hitcount|p2b: Garchomp|2
|move|p1a: Chandelure|Shadow Ball|p2b: Garchomp
|-damage|p2b: Garchomp|0 fnt
|faint|p2b: Garchomp
|
|upkeep
|
|t:|1784132752
|switch|p2b: Basculegion|Basculegion, L50, M|100/100
|turn|6
|
|t:|1784132765
|detailschange|p2a: Charizard|Charizard-Mega-Y, L50, M
|-mega|p2a: Charizard|Charizard|Charizardite Y
|-weather|SunnyDay|[from] ability: Drought|[of] p2a: Charizard
|move|p1b: Farigiraf|Thunderbolt|p2a: Charizard
|-supereffective|p2a: Charizard|1
|-damage|p2a: Charizard|54/100
|-status|p2a: Charizard|par
|move|p2a: Charizard|Weather Ball|p1b: Farigiraf
|-damage|p1b: Farigiraf|0 fnt
|faint|p1b: Farigiraf
|move|p1a: Chandelure|Shadow Ball|p2b: Basculegion
|-supereffective|p2b: Basculegion|1
|-damage|p2b: Basculegion|2/100
|move|p2b: Basculegion|Last Respects|p1a: Chandelure
|-supereffective|p1a: Chandelure|1
|-damage|p1a: Chandelure|0 fnt
|faint|p1a: Chandelure
|
|-weather|SunnyDay|[upkeep]
|upkeep
|
|t:|1784132784
|switch|p1b: Chompa|Garchomp, L50, M|100/100
|switch|p1a: Whimsicott|Whimsicott, L50, M|70/100
|turn|7
|
|t:|1784132799
|switch|p2b: Whimsicott|Whimsicott, L50, F|100/100
|move|p1a: Whimsicott|Protect|p1a: Whimsicott
|-singleturn|p1a: Whimsicott|Protect
|move|p2a: Charizard|Heat Wave|p1b: Chompa|[spread] p1b
|-activate|p1a: Whimsicott|move: Protect
|-resisted|p1b: Chompa|1
|-damage|p1b: Chompa|63/100
|-status|p1b: Chompa|brn
|move|p1b: Chompa|Stomping Tantrum|p2b: Whimsicott
|-resisted|p2b: Whimsicott|1
|-damage|p2b: Whimsicott|83/100
|-damage|p1b: Chompa|53/100 brn|[from] item: Life Orb
|
|-weather|SunnyDay|[upkeep]
|-damage|p1b: Chompa|48/100 brn|[from] brn
|-fieldend|move: Trick Room
|upkeep
|turn|8
|
|t:|1784132813
|move|p1a: Whimsicott|Tailwind|p1a: Whimsicott
|-sidestart|p1: Luisgr19|move: Tailwind
|move|p2b: Whimsicott|Tailwind|p2b: Whimsicott
|-sidestart|p2: moussag|move: Tailwind
|move|p1b: Chompa|Rock Tomb|p2a: Charizard
|-supereffective|p2a: Charizard|2
|-damage|p2a: Charizard|0 fnt
|faint|p2a: Charizard
|-damage|p1b: Chompa|38/100 brn|[from] item: Life Orb
|
|-weather|SunnyDay|[upkeep]
|-damage|p1b: Chompa|32/100 brn|[from] brn
|upkeep
|
|t:|1784132820
|switch|p2a: Basculegion|Basculegion, L50, M|2/100
|turn|9
|
|t:|1784132828
|move|p1a: Whimsicott|Protect|p1a: Whimsicott
|-singleturn|p1a: Whimsicott|Protect
|move|p2a: Basculegion|Last Respects|p1a: Whimsicott
|-activate|p1a: Whimsicott|move: Protect
|move|p2b: Whimsicott|Moonblast|p1b: Chompa
|-supereffective|p1b: Chompa|1
|-damage|p1b: Chompa|0 fnt
|faint|p1b: Chompa
|
|-weather|SunnyDay|[upkeep]
|upkeep
|turn|10
|
|t:|1784132837
|move|p2a: Basculegion|Last Respects|p1a: Whimsicott
|-damage|p1a: Whimsicott|0 fnt
|faint|p1a: Whimsicott
|
|win|moussag
