|j|‽pseudo_777
|j|☆Tallin de Kefta
|html|pseudo_777Tallin de Kefta    
|uhtml|bestof|Game 3 of a best-of-3
|t:|1783300493
|gametype|doubles
|player|p1|pseudo_777|dancer|1167
|player|p2|Tallin de Kefta|lebanne|1361
|gen|9
|tier|[Gen 9 Champions] VGC 2026 Reg M-B (Bo3)
|rated|
|rule|Species Clause: Limit one of each Pokémon
|rule|Item Clause: Limit 1 of each item
|clearpoke
|poke|p1|Incineroar, L50, F|
|poke|p1|Sinistcha, L50|
|poke|p1|Mawile, L50, F|
|poke|p1|Delphox, L50, F|
|poke|p1|Garchomp, L50, M|
|poke|p1|Basculegion, L50, M|
|poke|p2|Sneasler, L50, M|
|poke|p2|Scovillain, L50, M|
|poke|p2|Kingambit, L50, M|
|poke|p2|Toxapex, L50, M|
|poke|p2|Snorlax, L50, M|
|poke|p2|Basculegion, L50, M|
|teampreview|4
|showteam|p1|Incineroar||Charcoal|Intimidate|FakeOut,FlareBlitz,CloseCombat,PartingShot|Brave||F|||50|]Sinistcha||OccaBerry|Hospitality|MatchaGotcha,TrickRoom,RagePowder,Protect|Bold|||||50|]Mawile||Mawilite|HyperCutter|SuckerPunch,PlayRough,RockSlide,Protect|Brave||F|||50|]Delphox||Delphoxite|Blaze|HeatWave,NastyPlot,Protect,Psychic|Timid||F|||50|]Garchomp||ChoiceScarf|RoughSkin|RockSlide,Earthquake,DragonClaw,StompingTantrum|Adamant||M|||50|]Basculegion||FocusSash|Adaptability|LastRespects,Protect,AquaJet,Liquidation|Adamant||M|||50|
|showteam|p2|Sneasler||WhiteHerb|Unburden|CloseCombat,GunkShot,FakeOut,Protect|Jolly||M|||50|]Scovillain||Scovillainite|Moody|Overheat,RagePowder,LeechSeed,Protect|Calm||M|||50|]Kingambit||ChopleBerry|Defiant|KowtowCleave,SuckerPunch,LowKick,Protect|Adamant||M|||50|]Toxapex||Leftovers|Regenerator|Infestation,WideGuard,Recover,Protect|Bold||M|||50|]Snorlax||SitrusBerry|ThickFat|DoubleEdge,Yawn,Fissure,Protect|Relaxed||M|||50|]Basculegion||ChoiceScarf|Adaptability|WaveCrash,LastRespects,FlipTurn,AquaJet|Jolly||M|||50|
|inactive|Battle timer is ON: inactive players will automatically lose when time's up. (requested by Tallin de Kefta)
|
|t:|1783300528
|teamsize|p1|4
|teamsize|p2|4
|start
|switch|p1a: Incineroar|Incineroar, L50, F|100/100
|switch|p1b: Garchomp|Garchomp, L50, M|100/100
|switch|p2a: Sneasler|Sneasler, L50, M|100/100
|switch|p2b: Kingambit|Kingambit, L50, M|100/100
|-ability|p1a: Incineroar|Intimidate|boost
|-unboost|p2a: Sneasler|atk|1
|-unboost|p2b: Kingambit|atk|1
|-ability|p2b: Kingambit|Defiant|boost
|-boost|p2b: Kingambit|atk|2
|-enditem|p2a: Sneasler|White Herb
|-clearnegativeboost|p2a: Sneasler|[silent]
|turn|1
|
|t:|1783300547
|switch|p1a: Sinistcha|Sinistcha, L50|100/100
|move|p2a: Sneasler|Fake Out|p1a: Sinistcha
|-immune|p1a: Sinistcha
|move|p2b: Kingambit|Sucker Punch|p1b: Garchomp
|-damage|p1b: Garchomp|42/100
|-damage|p2b: Kingambit|87/100|[from] ability: Rough Skin|[of] p1b: Garchomp
|move|p1b: Garchomp|Earthquake|p2a: Sneasler|[spread] p1a,p2a,p2b
|-resisted|p1a: Sinistcha|1
|-supereffective|p2a: Sneasler|1
|-supereffective|p2b: Kingambit|1
|-damage|p1a: Sinistcha|83/100
|-damage|p2a: Sneasler|0 fnt
|-damage|p2b: Kingambit|24/100
|faint|p2a: Sneasler
|
|upkeep
|
|t:|1783300556
|switch|p2a: Scovillain|Scovillain, L50, M|100/100
|turn|2
|
|t:|1783300571
|detailschange|p2a: Scovillain|Scovillain-Mega, L50, M
|-mega|p2a: Scovillain|Scovillain|Scovillainite
|move|p2b: Kingambit|Protect|p2b: Kingambit
|-singleturn|p2b: Kingambit|Protect
|move|p1a: Sinistcha|Rage Powder|p1a: Sinistcha
|-singleturn|p1a: Sinistcha|move: Rage Powder
|move|p1b: Garchomp|Earthquake|p2b: Kingambit|[spread] p1a,p2a
|-activate|p2b: Kingambit|move: Protect
|-resisted|p1a: Sinistcha|1
|-damage|p1a: Sinistcha|67/100
|-damage|p2a: Scovillain|59/100
|-status|p1b: Garchomp|brn|[from] ability: Spicy Spray|[of] p2a: Scovillain
|move|p2a: Scovillain|Overheat|p1a: Sinistcha
|-supereffective|p1a: Sinistcha|1
|-enditem|p1a: Sinistcha|Occa Berry|[eat]
|-enditem|p1a: Sinistcha|Occa Berry|[weaken]
|-damage|p1a: Sinistcha|5/100
|-unboost|p2a: Scovillain|spa|2
|
|-damage|p1b: Garchomp|37/100 brn|[from] brn
|upkeep
|turn|3
|
|t:|1783300589
|switch|p2a: Snorlax|Snorlax, L50, M|100/100
|move|p2b: Kingambit|Protect||[still]
|-fail|p2b: Kingambit
|move|p1a: Sinistcha|Rage Powder|p1a: Sinistcha
|-singleturn|p1a: Sinistcha|move: Rage Powder
|move|p1b: Garchomp|Earthquake|p2b: Kingambit|[spread] p1a,p2a,p2b
|-resisted|p1a: Sinistcha|1
|-supereffective|p2b: Kingambit|1
|-damage|p1a: Sinistcha|0 fnt
|-damage|p2a: Snorlax|86/100
|-damage|p2b: Kingambit|0 fnt
|faint|p1a: Sinistcha
|faint|p2b: Kingambit
|
|-damage|p1b: Garchomp|31/100 brn|[from] brn
|upkeep
|
|t:|1783300602
|switch|p1a: Incineroar|Incineroar, L50, F|100/100
|switch|p2b: Scovillain|Scovillain-Mega, L50, M|59/100
|-ability|p1a: Incineroar|Intimidate|boost
|-unboost|p2a: Snorlax|atk|1
|-unboost|p2b: Scovillain|atk|1
|turn|4
|
|t:|1783300625
|switch|p1b: Basculegion|Basculegion, L50, M|100/100
|move|p2b: Scovillain|Leech Seed|p1b: Basculegion|[miss]
|-miss|p2b: Scovillain|p1b: Basculegion
|move|p1a: Incineroar|Flare Blitz|p2b: Scovillain
|-damage|p2b: Scovillain|0 fnt
|-immune|p1a: Incineroar
|faint|p2b: Scovillain
|-damage|p1a: Incineroar|83/100|[from] Recoil
|move|p2a: Snorlax|Yawn|p1b: Basculegion
|-start|p1b: Basculegion|move: Yawn|[of] p2a: Snorlax
|
|upkeep
|turn|5
|
|t:|1783300638
|switch|p1b: Garchomp|Garchomp, L50, M|31/100 brn
|move|p1a: Incineroar|Close Combat|p2a: Snorlax
|-supereffective|p2a: Snorlax|1
|-damage|p2a: Snorlax|34/100
|-unboost|p1a: Incineroar|def|1
|-unboost|p1a: Incineroar|spd|1
|-enditem|p2a: Snorlax|Sitrus Berry|[eat]
|-heal|p2a: Snorlax|58/100|[from] item: Sitrus Berry
|move|p2a: Snorlax|Fissure|p1a: Incineroar|[miss]
|-miss|p2a: Snorlax|p1a: Incineroar
|
|-damage|p1b: Garchomp|25/100 brn|[from] brn
|upkeep
|turn|6
|
|t:|1783300650
|move|p1b: Garchomp|Rock Slide|p2a: Snorlax
|-damage|p2a: Snorlax|50/100g
|move|p1a: Incineroar|Close Combat|p2a: Snorlax
|-supereffective|p2a: Snorlax|1
|-damage|p2a: Snorlax|0 fnt
|-unboost|p1a: Incineroar|def|1
|-unboost|p1a: Incineroar|spd|1
|faint|p2a: Snorlax
|
|win|pseudo_777
|raw|pseudo_777's rating: 1167 → 1205(+38 for winning)
|raw|Tallin de Kefta's rating: 1361 → 1331(-30 for losing)
