|j|☆shynessvgc
|j|☆sedrav
|html|shynessvgcsedrav    
|uhtml|bestof|Game 1 of a best-of-3
|t:|1757047269
|gametype|doubles
|player|p1|shynessvgc|dawn|1184
|player|p2|sedrav|hilbert|1290
|gen|9
|tier|[Gen 9] VGC 2025 Reg H (Bo3)
|rated|
|rule|Species Clause: Limit one of each Pokémon
|rule|Item Clause: Limit 1 of each item
|clearpoke
|poke|p1|Porygon2, L50|
|poke|p1|Ursaluna, L50, M|
|poke|p1|Amoonguss, L50, F|
|poke|p1|Incineroar, L50, F|
|poke|p1|Gholdengo, L50|
|poke|p1|Hydreigon, L50, M|
|poke|p2|Garchomp, L50, F|
|poke|p2|Gholdengo, L50|
|poke|p2|Tyranitar, L50, F|
|poke|p2|Amoonguss, L50, M|
|poke|p2|Kilowattrel, L50, F|
|poke|p2|Incineroar, L50, M|
|teampreview|4
|showteam|p1|Porygon2||Eviolite|Download|TeraBlast,IceBeam,TrickRoom,Recover||||||50|,,,,,Fighting]Ursaluna||FlameOrb|Guts|Protect,HeadlongRush,Facade,Earthquake|||M|||50|,,,,,Ghost]Amoonguss||CovertCloak|Regenerator|ClearSmog,RagePowder,PollenPuff,Spore|||F|||50|,,,,,Fairy]Incineroar||SitrusBerry|Intimidate|FlareBlitz,KnockOff,PartingShot,FakeOut|||F|||50|,,,,,Ghost]Gholdengo||LifeOrb|GoodasGold|Protect,NastyPlot,MakeItRain,ShadowBall||||||50|,,,,,Water]Hydreigon||SafetyGoggles|Levitate|Protect,DragonPulse,Snarl,Tailwind|||M|||50|,,,,,Ghost
|showteam|p2|Garchomp||LifeOrb|RoughSkin|DragonClaw,StompingTantrum,Earthquake,Protect|||F|||50|,,,,,Ground]Gholdengo||MetalCoat|GoodasGold|MakeItRain,ShadowBall,NastyPlot,Protect||||||50|,,,,,Flying]Tyranitar||AssaultVest|SandStream|RockSlide,KnockOff,LowKick,TeraBlast|||F|||50|,,,,,Flying]Amoonguss||SitrusBerry|Regenerator|Spore,RagePowder,PollenPuff,Protect|||M|||50|,,,,,Water]Kilowattrel||FocusSash|Competitive|AirSlash,Tailwind,VoltSwitch,Protect|||F|||50|,,,,,Ghost]Incineroar||SafetyGoggles|Intimidate|FakeOut,FlareBlitz,KnockOff,PartingShot|||M|||50|,,,,,Ghost
|inactive|Battle timer is ON: inactive players will automatically lose when time's up. (requested by sedrav)
|inactive|shynessvgc has 60 seconds left.
|inactive|sedrav has 60 seconds left.
|inactive|shynessvgc has 30 seconds left.
|inactive|shynessvgc has 20 seconds left.
|
|t:|1757047349
|teamsize|p1|4
|teamsize|p2|4
|start
|switch|p1a: Porygon2|Porygon2, L50|100/100
|switch|p1b: Incineroar|Incineroar, L50, F|100/100
|switch|p2a: Incineroar|Incineroar, L50, M|100/100
|switch|p2b: Amoonguss|Amoonguss, L50, M|100/100
|-ability|p2a: Incineroar|Intimidate|boost
|-unboost|p1a: Porygon2|atk|1
|-unboost|p1b: Incineroar|atk|1
|-ability|p1b: Incineroar|Intimidate|boost
|-unboost|p2a: Incineroar|atk|1
|-unboost|p2b: Amoonguss|atk|1
|-ability|p1a: Porygon2|Download|boost
|-boost|p1a: Porygon2|spa|1
|turn|1
|
|t:|1757047374
|move|p2a: Incineroar|Fake Out|p1b: Incineroar
|-damage|p1b: Incineroar|92/100
|cant|p1b: Incineroar|flinch
|move|p1a: Porygon2|Tera Blast|p2a: Incineroar
|-damage|p2a: Incineroar|50/100
|move|p2b: Amoonguss|Spore|p1a: Porygon2
|-status|p1a: Porygon2|slp|[from] move: Spore
|
|upkeep
|turn|2
|inactive|sedrav has 30 seconds left.
|
|t:|1757047409
|move|p2a: Incineroar|Knock Off|p1a: Porygon2
|-damage|p1a: Porygon2|81/100 slp
|-enditem|p1a: Porygon2|Eviolite|[from] move: Knock Off|[of] p2a: Incineroar
|move|p1b: Incineroar|Parting Shot|p2b: Amoonguss
|-unboost|p2b: Amoonguss|atk|1
|-unboost|p2b: Amoonguss|spa|1
|
|t:|1757047414
|switch|p1b: Amoonguss|Amoonguss, L50, F|100/100|[from] Parting Shot
|cant|p1a: Porygon2|slp
|move|p2b: Amoonguss|Pollen Puff|p2a: Incineroar
|-heal|p2a: Incineroar|100/100
|
|upkeep
|turn|3
|
|t:|1757047433
|move|p2a: Incineroar|Parting Shot|p1a: Porygon2
|-unboost|p1a: Porygon2|atk|1
|-unboost|p1a: Porygon2|spa|1
|
|t:|1757047442
|switch|p2a: Tyranitar|Tyranitar, L50, F|100/100|[from] Parting Shot
|-weather|Sandstorm|[from] ability: Sand Stream|[of] p2a: Tyranitar
|-curestatus|p1a: Porygon2|slp|[msg]
|move|p1a: Porygon2|Ice Beam|p2b: Amoonguss
|-supereffective|p2b: Amoonguss
|-crit|p2b: Amoonguss
|-damage|p2b: Amoonguss|30/100
|-enditem|p2b: Amoonguss|Sitrus Berry|[eat]
|-heal|p2b: Amoonguss|55/100|[from] item: Sitrus Berry
|move|p2b: Amoonguss|Pollen Puff|p1b: Amoonguss
|-damage|p1b: Amoonguss|90/100
|move|p1b: Amoonguss|Pollen Puff|p1a: Porygon2
|-heal|p1a: Porygon2|100/100
|
|-weather|Sandstorm|[upkeep]
|-damage|p1a: Porygon2|94/100|[from] Sandstorm
|-damage|p2b: Amoonguss|50/100|[from] Sandstorm
|-damage|p1b: Amoonguss|84/100|[from] Sandstorm
|upkeep
|turn|4
|inactive|sedrav has 30 seconds left.
|inactive|shynessvgc has 30 seconds left.
|
|t:|1757047481
|switch|p1a: Incineroar|Incineroar, L50, F|92/100
|-ability|p1a: Incineroar|Intimidate|boost
|-unboost|p2a: Tyranitar|atk|1
|-unboost|p2b: Amoonguss|atk|1
|switch|p2b: Incineroar|Incineroar, L50, M|100/100
|-ability|p2b: Incineroar|Intimidate|boost
|-unboost|p1a: Incineroar|atk|1
|-unboost|p1b: Amoonguss|atk|1
|-terastallize|p2a: Tyranitar|Flying
|move|p2a: Tyranitar|Tera Blast|p1b: Amoonguss|[anim] Tera Blast Flying
|-supereffective|p1b: Amoonguss
|-damage|p1b: Amoonguss|34/100
|move|p1b: Amoonguss|Spore|p2a: Tyranitar
|-status|p2a: Tyranitar|slp|[from] move: Spore
|
|-weather|Sandstorm|[upkeep]
|-damage|p1a: Incineroar|86/100|[from] Sandstorm
|-damage|p2a: Tyranitar|95/100 slp|[from] Sandstorm
|-damage|p1b: Amoonguss|28/100|[from] Sandstorm
|upkeep
|turn|5
|inactive|sedrav has 30 seconds left.
|inactive|sedrav has 20 seconds left.
|
|t:|1757047519
|switch|p1b: Porygon2|Porygon2, L50|94/100
|-ability|p1b: Porygon2|Download|boost
|-boost|p1b: Porygon2|spa|1
|move|p2b: Incineroar|Knock Off|p1b: Porygon2
|-damage|p1b: Porygon2|69/100
|move|p1a: Incineroar|Parting Shot|p2a: Tyranitar
|-unboost|p2a: Tyranitar|atk|1
|-unboost|p2a: Tyranitar|spa|1
|
|t:|1757047532
|switch|p1a: Ursaluna|Ursaluna, L50, M|100/100|[from] Parting Shot
|cant|p2a: Tyranitar|slp
|
|-weather|Sandstorm|[upkeep]
|-damage|p2a: Tyranitar|89/100 slp|[from] Sandstorm
|-damage|p1b: Porygon2|62/100|[from] Sandstorm
|-status|p1a: Ursaluna|brn|[from] item: Flame Orb
|upkeep
|turn|6
|inactive|sedrav has 30 seconds left.
|inactive|sedrav has 20 seconds left.
|
|t:|1757047568
|switch|p2a: Amoonguss|Amoonguss, L50, M|83/100
|move|p2b: Incineroar|Parting Shot|p1a: Ursaluna
|-unboost|p1a: Ursaluna|atk|1
|-unboost|p1a: Ursaluna|spa|1
|
|t:|1757047575
|switch|p2b: Tyranitar|Tyranitar, L50, F, tera:Flying|89/100 slp|[from] Parting Shot
|move|p1a: Ursaluna|Headlong Rush|p2b: Tyranitar
|-immune|p2b: Tyranitar
|move|p1b: Porygon2|Tera Blast|p2b: Tyranitar
|-damage|p2b: Tyranitar|54/100 slp
|
|-weather|Sandstorm|[upkeep]
|-damage|p2b: Tyranitar|48/100 slp|[from] Sandstorm
|-damage|p1b: Porygon2|56/100|[from] Sandstorm
|-damage|p2a: Amoonguss|77/100|[from] Sandstorm
|-damage|p1a: Ursaluna|95/100 brn|[from] brn
|upkeep
|turn|7
|
|t:|1757047599
|switch|p1a: Incineroar|Incineroar, L50, F|86/100
|-ability|p1a: Incineroar|Intimidate|boost
|-unboost|p2a: Amoonguss|atk|1
|-unboost|p2b: Tyranitar|atk|1
|cant|p2b: Tyranitar|slp
|move|p1b: Porygon2|Ice Beam|p2a: Amoonguss
|-supereffective|p2a: Amoonguss
|-damage|p2a: Amoonguss|10/100
|move|p2a: Amoonguss|Spore|p1b: Porygon2
|-status|p1b: Porygon2|slp|[from] move: Spore
|
|-weather|none
|upkeep
|turn|8
|
|t:|1757047623
|switch|p2a: Incineroar|Incineroar, L50, M|100/100
|-ability|p2a: Incineroar|Intimidate|boost
|-unboost|p1a: Incineroar|atk|1
|-unboost|p1b: Porygon2|atk|1
|move|p1a: Incineroar|Parting Shot|p2b: Tyranitar
|-unboost|p2b: Tyranitar|atk|1
|-unboost|p2b: Tyranitar|spa|1
|
|t:|1757047630
|switch|p1a: Ursaluna|Ursaluna, L50, M|95/100 brn|[from] Parting Shot
|-curestatus|p2b: Tyranitar|slp|[msg]
|move|p2b: Tyranitar|Low Kick|p1b: Porygon2
|-supereffective|p1b: Porygon2
|-damage|p1b: Porygon2|34/100 slp
|cant|p1b: Porygon2|slp
|
|-damage|p1a: Ursaluna|89/100 brn|[from] brn
|upkeep
|turn|9
|inactive|sedrav has 30 seconds left.
|inactive|shynessvgc has 30 seconds left.
|
|t:|1757047665
|switch|p2b: Amoonguss|Amoonguss, L50, M|44/100
|-terastallize|p1a: Ursaluna|Ghost
|move|p2a: Incineroar|Parting Shot|p1a: Ursaluna
|-unboost|p1a: Ursaluna|atk|1
|-unboost|p1a: Ursaluna|spa|1
|
|t:|1757047672
|switch|p2a: Tyranitar|Tyranitar, L50, F, tera:Flying|48/100|[from] Parting Shot
|-weather|Sandstorm|[from] ability: Sand Stream|[of] p2a: Tyranitar
|move|p1a: Ursaluna|Facade|p2b: Amoonguss
|-crit|p2b: Amoonguss
|-damage|p2b: Amoonguss|0 fnt
|faint|p2b: Amoonguss
|-curestatus|p1b: Porygon2|slp|[msg]
|move|p1b: Porygon2|Recover|p1b: Porygon2
|-heal|p1b: Porygon2|84/100
|
|-weather|Sandstorm|[upkeep]
|-damage|p2a: Tyranitar|42/100|[from] Sandstorm
|-damage|p1a: Ursaluna|83/100 brn|[from] Sandstorm
|-damage|p1b: Porygon2|78/100|[from] Sandstorm
|-damage|p1a: Ursaluna|77/100 brn|[from] brn
|upkeep
|
|t:|1757047686
|switch|p2b: Garchomp|Garchomp, L50, F|100/100
|turn|10
|
|t:|1757047701
|switch|p1a: Incineroar|Incineroar, L50, F|86/100
|-ability|p1a: Incineroar|Intimidate|boost
|-unboost|p2a: Tyranitar|atk|1
|-unboost|p2b: Garchomp|atk|1
|move|p2b: Garchomp|Earthquake|p1b: Porygon2|[spread] p1a,p1b
|-immune|p2a: Tyranitar
|-supereffective|p1a: Incineroar
|-damage|p1a: Incineroar|15/100
|-damage|p1b: Porygon2|48/100
|-enditem|p1a: Incineroar|Sitrus Berry|[eat]
|-heal|p1a: Incineroar|40/100|[from] item: Sitrus Berry
|-damage|p2b: Garchomp|91/100|[from] item: Life Orb
|move|p2a: Tyranitar|Rock Slide|p1a: Incineroar|[spread] p1a,p1b
|-supereffective|p1a: Incineroar
|-damage|p1a: Incineroar|0 fnt
|-damage|p1b: Porygon2|29/100
|faint|p1a: Incineroar
|move|p1b: Porygon2|Recover|p1b: Porygon2
|-heal|p1b: Porygon2|79/100
|
|-weather|Sandstorm|[upkeep]
|-damage|p2a: Tyranitar|36/100|[from] Sandstorm
|-damage|p1b: Porygon2|73/100|[from] Sandstorm
|upkeep
|
|t:|1757047719
|switch|p1a: Ursaluna|Ursaluna, L50, M, tera:Ghost|77/100 brn
|turn|11
|
|t:|1757047741
|move|p2b: Garchomp|Earthquake|p1b: Porygon2|[spread] p1a,p1b
|-immune|p2a: Tyranitar
|-damage|p1a: Ursaluna|50/100 brn
|-damage|p1b: Porygon2|41/100
|-damage|p2b: Garchomp|81/100|[from] item: Life Orb
|move|p2a: Tyranitar|Rock Slide|p1a: Ursaluna|[spread] p1a
|-miss|p2a: Tyranitar|p1b: Porygon2
|-damage|p1a: Ursaluna|32/100 brn
|cant|p1a: Ursaluna|flinch
|move|p1b: Porygon2|Ice Beam|p2b: Garchomp
|-supereffective|p2b: Garchomp
|-damage|p2b: Garchomp|0 fnt
|faint|p2b: Garchomp
|
|-weather|Sandstorm|[upkeep]
|-damage|p2a: Tyranitar|30/100|[from] Sandstorm
|-damage|p1a: Ursaluna|26/100 brn|[from] Sandstorm
|-damage|p1b: Porygon2|34/100|[from] Sandstorm
|-damage|p1a: Ursaluna|20/100 brn|[from] brn
|upkeep
|
|t:|1757047758
|switch|p2b: Incineroar|Incineroar, L50, M|100/100
|-ability|p2b: Incineroar|Intimidate|boost
|-unboost|p1a: Ursaluna|atk|1
|-unboost|p1b: Porygon2|atk|1
|turn|12
|
|t:|1757047773
|switch|p1a: Amoonguss|Amoonguss, L50, F|61/100
|move|p2b: Incineroar|Knock Off|p1a: Amoonguss
|-damage|p1a: Amoonguss|26/100
|-enditem|p1a: Amoonguss|Covert Cloak|[from] move: Knock Off|[of] p2b: Incineroar
|move|p2a: Tyranitar|Tera Blast|p1b: Porygon2|[anim] Tera Blast Flying
|-damage|p1b: Porygon2|5/100
|move|p1b: Porygon2|Recover|p1b: Porygon2
|-heal|p1b: Porygon2|55/100
|
|-weather|Sandstorm|[upkeep]
|-damage|p2a: Tyranitar|24/100|[from] Sandstorm
|-damage|p1b: Porygon2|48/100|[from] Sandstorm
|-damage|p1a: Amoonguss|20/100|[from] Sandstorm
|upkeep
|turn|13
|
|t:|1757047792
|move|p2b: Incineroar|Flare Blitz|p1b: Porygon2
|-damage|p1b: Porygon2|1/100
|-damage|p2b: Incineroar|85/100|[from] Recoil
|move|p2a: Tyranitar|Tera Blast|p1a: Amoonguss|[anim] Tera Blast Flying
|-supereffective|p1a: Amoonguss
|-damage|p1a: Amoonguss|0 fnt
|faint|p1a: Amoonguss
|move|p1b: Porygon2|Ice Beam|p2a: Tyranitar
|-supereffective|p2a: Tyranitar
|-damage|p2a: Tyranitar|0 fnt
|faint|p2a: Tyranitar
|
|-weather|none
|upkeep
|
|t:|1757047800
|switch|p1a: Ursaluna|Ursaluna, L50, M, tera:Ghost|20/100 brn
|turn|14
|
|t:|1757047810
|move|p2b: Incineroar|Knock Off|p1a: Ursaluna
|-supereffective|p1a: Ursaluna
|-damage|p1a: Ursaluna|0 fnt
|-enditem|p1a: Ursaluna|Flame Orb|[from] move: Knock Off|[of] p2b: Incineroar
|faint|p1a: Ursaluna
|move|p1b: Porygon2|Trick Room|p1b: Porygon2
|-fieldstart|move: Trick Room|[of] p1b: Porygon2
|
|upkeep
|turn|15
|
|t:|1757047823
|move|p1b: Porygon2|Recover|p1b: Porygon2
|-heal|p1b: Porygon2|51/100
|move|p2b: Incineroar|Knock Off|p1b: Porygon2
|-damage|p1b: Porygon2|24/100
|
|upkeep
|turn|16
|
|t:|1757047831
|move|p1b: Porygon2|Recover|p1b: Porygon2
|-heal|p1b: Porygon2|74/100
|move|p2b: Incineroar|Parting Shot|p1b: Porygon2
|-unboost|p1b: Porygon2|atk|1
|-unboost|p1b: Porygon2|spa|1
|
|upkeep
|turn|17
|
|t:|1757047840
|move|p1b: Porygon2|Tera Blast|p2b: Incineroar
|-damage|p2b: Incineroar|52/100
|move|p2b: Incineroar|Knock Off|p1b: Porygon2
|-damage|p1b: Porygon2|46/100
|
|upkeep
|turn|18
|
|t:|1757047847
|move|p1b: Porygon2|Recover|p1b: Porygon2
|-heal|p1b: Porygon2|96/100
|move|p2b: Incineroar|Knock Off|p1b: Porygon2
|-damage|p1b: Porygon2|68/100
|
|-fieldend|move: Trick Room
|upkeep
|turn|19
|
|t:|1757047857
|move|p2b: Incineroar|Flare Blitz|p1b: Porygon2
|-damage|p1b: Porygon2|19/100
|-damage|p2b: Incineroar|36/100|[from] Recoil
|move|p1b: Porygon2|Trick Room|p1b: Porygon2
|-fieldstart|move: Trick Room|[of] p1b: Porygon2
|
|upkeep
|turn|20
|
|t:|1757047867
|move|p1b: Porygon2|Recover|p1b: Porygon2
|-heal|p1b: Porygon2|69/100
|move|p2b: Incineroar|Flare Blitz|p1b: Porygon2
|-damage|p1b: Porygon2|16/100
|-damage|p2b: Incineroar|19/100|[from] Recoil
|
|upkeep
|turn|21
|
|t:|1757047876
|move|p1b: Porygon2|Tera Blast|p2b: Incineroar
|-damage|p2b: Incineroar|0 fnt
|faint|p2b: Incineroar
|
|win|shynessvgc
||shynessvgc is ready for game 2.
|inactive|sedrav has 30 seconds to confirm battle start!
||sedrav is ready for game 2.
|uhtml|next|Next: Game 2 of 3
|l|☆sedrav
|player|p2|
