|j|☆BaldWimpLo
|j|☆Invissiblessed
|html|BaldWimpLoInvissiblessed    
|uhtml|bestof|Game 1 of a best-of-3
|t:|1757707461
|gametype|doubles
|player|p1|BaldWimpLo|170|
|player|p2|Invissiblessed|265|
|gen|9
|tier|[Gen 9] VGC 2025 Reg H (Bo3)
|rule|Species Clause: Limit one of each Pokémon
|rule|Item Clause: Limit 1 of each item
|clearpoke
|poke|p1|Tinkaton, L50, F|
|poke|p1|Hydreigon, L50, M|
|poke|p1|Meowscarada, L50, F|
|poke|p1|Baxcalibur, L50, M|
|poke|p1|Arcanine, L50, M|
|poke|p1|Corviknight, L50, M|
|poke|p2|Hariyama, L50, M|
|poke|p2|Kingambit, L50, F|
|poke|p2|Oranguru, L50, F|
|poke|p2|Skeledirge, L50, M|
|poke|p2|Appletun, L50, F|
|poke|p2|Pawmot, L50, M|
|teampreview|4
|showteam|p1|Tinkaton||CovertCloak|MoldBreaker|FakeOut,HelpingHand,GigatonHammer,ThunderWave|||F|||50|,,,,,Ghost]Hydreigon||SafetyGoggles|Levitate|DracoMeteor,Snarl,Protect,Tailwind|||M|||50|,,,,,Ghost]Meowscarada||FocusSash|Overgrow|FlowerTrick,KnockOff,Protect,TripleAxel|||F|||50|,,,,,Ghost]Baxcalibur||LoadedDice|ThermalExchange|Protect,IceShard,IcicleSpear,ScaleShot|||M|||50|,,,,,Poison]Arcanine||MirrorHerb|Intimidate|WillOWisp,FlareBlitz,ExtremeSpeed,Snarl|||M|||50|,,,,,Normal]Corviknight||SitrusBerry|MirrorArmor|BraveBird,Roost,Tailwind,Taunt|||M|||50|,,,,,Dragon
|showteam|p2|Hariyama||FlameOrb|Guts|WideGuard,FakeOut,KnockOff,CloseCombat|||M|||50|,,,,,Dark]Kingambit||BlackGlasses|SupremeOverlord|Protect,KowtowCleave,SwordsDance,SuckerPunch|||F|||50|,,,,,Dark]Oranguru||MentalHerb|InnerFocus|Protect,PsychicNoise,Instruct,TrickRoom|||F|||50|,,,,,Grass]Skeledirge||ThroatSpray|Unaware|TorchSong,ShadowBall,TeraBlast,Protect|||M|||50|,,,,,Water]Appletun||SitrusBerry|Ripen|BodyPress,IronDefense,LeechSeed,Recover|||F|||50|,,,,,Water]Pawmot||FocusSash|NaturalCure|FakeOut,DoubleShock,CloseCombat,Protect|||M|||50|,,,,,Electric
|
|t:|1757707506
|teamsize|p1|4
|teamsize|p2|4
|start
|switch|p1a: Arcanine|Arcanine, L50, M|100/100
|switch|p1b: Tinkaton|Tinkaton, L50, F|100/100
|switch|p2a: Pawmot|Pawmot, L50, M|100/100
|switch|p2b: Heartless|Skeledirge, L50, M, shiny|100/100
|-ability|p1b: Tinkaton|Mold Breaker
|-ability|p1a: Arcanine|Intimidate|boost
|-unboost|p2a: Pawmot|atk|1
|-unboost|p2b: Heartless|atk|1
|turn|1
|
|t:|1757707559
|switch|p1b: Hydreigon|Hydreigon, L50, M|100/100
|-terastallize|p1a: Arcanine|Normal
|-terastallize|p2b: Heartless|Water
|move|p2a: Pawmot|Fake Out|p1b: Hydreigon
|-damage|p1b: Hydreigon|91/100
|move|p1a: Arcanine|Extreme Speed|p2a: Pawmot
|-damage|p2a: Pawmot|39/100
|move|p2b: Heartless|Tera Blast|p1a: Arcanine|[anim] Tera Blast Water
|-damage|p1a: Arcanine|54/100
|
|upkeep
|turn|2
|
|t:|1757707623
|move|p2a: Pawmot|Protect|p2a: Pawmot
|-singleturn|p2a: Pawmot|Protect
|move|p1a: Arcanine|Extreme Speed|p2a: Pawmot
|-activate|p2a: Pawmot|move: Protect
|move|p1b: Hydreigon|Tailwind|p1b: Hydreigon
|-sidestart|p1: BaldWimpLo|move: Tailwind
|move|p2b: Heartless|Tera Blast|p1a: Arcanine|[anim] Tera Blast Water
|-damage|p1a: Arcanine|2/100
|
|upkeep
|turn|3
|
|t:|1757707679
|switch|p2a: The Biggest|Hariyama, L50, M, shiny|100/100
|move|p1a: Arcanine|Extreme Speed|p2a: The Biggest
|-damage|p2a: The Biggest|62/100
|move|p1b: Hydreigon|Draco Meteor|p2b: Heartless
|-damage|p2b: Heartless|34/100
|-unboost|p1b: Hydreigon|spa|2
|move|p2b: Heartless|Tera Blast|p1a: Arcanine|[anim] Tera Blast Water
|-damage|p1a: Arcanine|0 fnt
|faint|p1a: Arcanine
|
|-status|p2a: The Biggest|brn|[from] item: Flame Orb
|upkeep
|
|t:|1757707699
|switch|p1a: Meowscarada|Meowscarada, L50, F|100/100
|turn|4
|
|t:|1757707733
|switch|p1b: Tinkaton|Tinkaton, L50, F|100/100
|-ability|p1b: Tinkaton|Mold Breaker
|move|p1a: Meowscarada|Flower Trick|p2b: Heartless
|-supereffective|p2b: Heartless
|-crit|p2b: Heartless
|-damage|p2b: Heartless|0 fnt
|faint|p2b: Heartless
|move|p2a: The Biggest|Close Combat|p1b: Tinkaton
|-damage|p1b: Tinkaton|0 fnt
|-unboost|p2a: The Biggest|def|1
|-unboost|p2a: The Biggest|spd|1
|faint|p1b: Tinkaton
|
|-damage|p2a: The Biggest|56/100 brn|[from] brn
|upkeep
|
|t:|1757707771
|switch|p1b: Hydreigon|Hydreigon, L50, M|91/100
|switch|p2b: Pawmot|Pawmot, L50, M|39/100
|turn|5
|
|t:|1757707822
|move|p1b: Hydreigon|Protect|p1b: Hydreigon
|-singleturn|p1b: Hydreigon|Protect
|move|p2b: Pawmot|Fake Out|p1a: Meowscarada
|-damage|p1a: Meowscarada|81/100
|cant|p1a: Meowscarada|flinch
|move|p2a: The Biggest|Close Combat|p1b: Hydreigon
|-activate|p1b: Hydreigon|move: Protect
|
|-damage|p2a: The Biggest|50/100 brn|[from] brn
|-sideend|p1: BaldWimpLo|move: Tailwind
|upkeep
|turn|6
|
|t:|1757707859
|move|p1a: Meowscarada|Flower Trick|p2a: The Biggest
|-crit|p2a: The Biggest
|-damage|p2a: The Biggest|0 fnt
|faint|p2a: The Biggest
|move|p2b: Pawmot|Close Combat|p1a: Meowscarada
|-supereffective|p1a: Meowscarada
|-damage|p1a: Meowscarada|0 fnt
|-unboost|p2b: Pawmot|def|1
|-unboost|p2b: Pawmot|spd|1
|faint|p1a: Meowscarada
|move|p1b: Hydreigon|Snarl|p2b: Pawmot
|-resisted|p2b: Pawmot
|-damage|p2b: Pawmot|5/100
|-unboost|p2b: Pawmot|spa|1
|
|upkeep
|
|t:|1757707872
|switch|p2a: The Largest|Kingambit, L50, F|100/100
|-activate|p2a: The Largest|ability: Supreme Overlord
|-start|p2a: The Largest|fallen2|[silent]
|turn|7
|
|t:|1757707899
|move|p2b: Pawmot|Double Shock|p1b: Hydreigon
|-resisted|p1b: Hydreigon
|-damage|p1b: Hydreigon|59/100
|-start|p2b: Pawmot|typechange|???/Fighting|[from] move: Double Shock
|move|p1b: Hydreigon|Snarl|p2b: Pawmot|[spread] p2a,p2b
|-resisted|p2a: The Largest
|-resisted|p2b: Pawmot
|-damage|p2a: The Largest|90/100
|-damage|p2b: Pawmot|0 fnt
|-unboost|p2a: The Largest|spa|1
|faint|p2b: Pawmot
|move|p2a: The Largest|Kowtow Cleave|p1b: Hydreigon
|-resisted|p1b: Hydreigon
|-damage|p1b: Hydreigon|23/100
|
|upkeep
|turn|8
|
|t:|1757707925
|move|p2a: The Largest|Sucker Punch|p1b: Hydreigon
|-resisted|p1b: Hydreigon
|-damage|p1b: Hydreigon|0 fnt
|faint|p1b: Hydreigon
|
|win|Invissiblessed
|inactive|BaldWimpLo has 30 seconds to confirm battle start!
|inactive|Invissiblessed has 30 seconds to confirm battle start!
||BaldWimpLo is ready for game 2.
|inactive|Invissiblessed has 20 seconds to confirm battle start!
||Invissiblessed is ready for game 2.
|uhtml|next|Next: Game 2 of 3
