|j|☆Gaspar8
|j|☆HolgerD
|html|Gaspar8HolgerD    
|uhtml|bestof|Game 2 of a best-of-3
|t:|1757149943
|gametype|doubles
|player|p1|Gaspar8|265|1394
|player|p2|HolgerD|169|1409
|gen|9
|tier|[Gen 9] VGC 2025 Reg H (Bo3)
|rated|
|rule|Species Clause: Limit one of each Pokémon
|rule|Item Clause: Limit 1 of each item
|clearpoke
|poke|p1|Pelipper, L50, M|
|poke|p1|Archaludon, L50, F|
|poke|p1|Amoonguss, L50, F|
|poke|p1|Incineroar, L50, F|
|poke|p1|Basculegion, L50, M|
|poke|p1|Gholdengo, L50|
|poke|p2|Maushold, L50|
|poke|p2|Pelipper, L50, M|
|poke|p2|Archaludon, L50, M|
|poke|p2|Ursaluna, L50, M|
|poke|p2|Sinistcha, L50|
|poke|p2|Basculegion, L50, M|
|teampreview|4
|showteam|p1|Pelipper||FocusSash|Drizzle|Hurricane,WeatherBall,Tailwind,Protect|||M|||50|,,,,,Ghost]Archaludon||AssaultVest|Stamina|ElectroShot,FlashCannon,Snarl,BodyPress|||F|||50|,,,,,Bug]Amoonguss||RockyHelmet|Regenerator|PollenPuff,Spore,RagePowder,Protect|||F|||50|,,,,,Fairy]Incineroar||SitrusBerry|Intimidate|FlareBlitz,KnockOff,FakeOut,PartingShot|||F|||50|,,,,,Ghost]Basculegion||ChoiceBand|SwiftSwim|WaveCrash,LastRespects,FlipTurn,AquaJet|||M|||50|,,,,,Water]Gholdengo||LifeOrb|GoodasGold|MakeItRain,ShadowBall,NastyPlot,Protect||||||50|,,,,,Water
|showteam|p2|Maushold||WideLens|Technician|PopulationBomb,FollowMe,Taunt,Protect||||||50|,,,,,Ghost]Pelipper||FocusSash|Drizzle|Hurricane,MuddyWater,Tailwind,Protect|||M|||50|,,,,,Ghost]Archaludon||AssaultVest|Stamina|DragonPulse,ElectroShot,BodyPress,FlashCannon|||M|||50|,,,,,Bug]Ursaluna||FlameOrb|Guts|Facade,HeadlongRush,Earthquake,Protect|||M|||50|,,,,,Ghost]Sinistcha||SitrusBerry|Hospitality|MatchaGotcha,LifeDew,RagePowder,TrickRoom||||||50|,,,,,Dark]Basculegion||ChoiceBand|SwiftSwim|AquaJet,FlipTurn,LastRespects,WaveCrash|||M|||50|,,,,,Water
|
|t:|1757150013
|teamsize|p1|4
|teamsize|p2|4
|start
|switch|p1a: Gholdengo|Gholdengo, L50|100/100
|switch|p1b: Amoonguss|Amoonguss, L50, F, shiny|100/100
|switch|p2a: Maushold|Maushold, L50|100/100
|switch|p2b: Archaludon|Archaludon, L50, M|100/100
|turn|1
|inactive|Battle timer is ON: inactive players will automatically lose when time's up. (requested by HolgerD)
|
|t:|1757150104
|switch|p2b: Basculegion|Basculegion, L50, M|100/100
|move|p2a: Maushold|Taunt|p1b: Amoonguss
|-start|p1b: Amoonguss|move: Taunt
|move|p1a: Gholdengo|Nasty Plot|p1a: Gholdengo
|-boost|p1a: Gholdengo|spa|2
|cant|p1b: Amoonguss|move: Taunt|Spore
|
|upkeep
|turn|2
|inactive|HolgerD has 30 seconds left.
|inactive|HolgerD has 20 seconds left.
|inactive|HolgerD has 15 seconds left.
|inactive|HolgerD has 10 seconds left.
|inactive|HolgerD has 5 seconds left.
|
|t:|1757150159
|-terastallize|p1a: Gholdengo|Water
|move|p2b: Basculegion|Aqua Jet|p1b: Amoonguss
|-resisted|p1b: Amoonguss
|-damage|p1b: Amoonguss|90/100
|-damage|p2b: Basculegion|84/100|[from] item: Rocky Helmet|[of] p1b: Amoonguss
|move|p2a: Maushold|Population Bomb|p1a: Gholdengo
|-damage|p1a: Gholdengo|91/100
|-damage|p1a: Gholdengo|81/100
|-damage|p1a: Gholdengo|71/100
|-damage|p1a: Gholdengo|61/100
|-damage|p1a: Gholdengo|51/100
|-damage|p1a: Gholdengo|40/100
|-damage|p1a: Gholdengo|30/100
|-damage|p1a: Gholdengo|20/100
|-damage|p1a: Gholdengo|10/100
|-damage|p1a: Gholdengo|0 fnt
|faint|p1a: Gholdengo
|-hitcount|p1: Gholdengo|10
|move|p1b: Amoonguss|Pollen Puff|p1: Gholdengo|[notarget]
|-fail|p1b: Amoonguss
|
|upkeep
|
|t:|1757150184
|switch|p1a: Basculegion|Basculegion, L50, M|100/100
|turn|3
|
|t:|1757150194
|switch|p2b: Archaludon|Archaludon, L50, M|100/100
|switch|p1b: Pelipper|Pelipper, L50, M, shiny|100/100
|-weather|RainDance|[from] ability: Drizzle|[of] p1b: Pelipper
|move|p2a: Maushold|Protect|p2a: Maushold
|-singleturn|p2a: Maushold|Protect
|move|p1a: Basculegion|Wave Crash|p2b: Archaludon
|-resisted|p2b: Archaludon
|-damage|p2b: Archaludon|57/100
|-ability|p2b: Archaludon|Stamina|boost
|-boost|p2b: Archaludon|def|1
|-damage|p1a: Basculegion|86/100|[from] Recoil
|
|-weather|RainDance|[upkeep]
|upkeep
|turn|4
|
|t:|1757150215
|move|p1a: Basculegion|Wave Crash|p2a: Maushold
|-damage|p2a: Maushold|0 fnt
|faint|p2a: Maushold
|-damage|p1a: Basculegion|60/100|[from] Recoil
|move|p2b: Archaludon|Electro Shot||[still]
|-prepare|p2b: Archaludon|Electro Shot
|-boost|p2b: Archaludon|spa|1
|-anim|p2b: Archaludon|Electro Shot|p1a: Basculegion
|-supereffective|p1a: Basculegion
|-damage|p1a: Basculegion|0 fnt
|faint|p1a: Basculegion
|move|p1b: Pelipper|Hurricane|p2b: Archaludon
|-resisted|p2b: Archaludon
|-damage|p2b: Archaludon|43/100
|-start|p2b: Archaludon|confusion
|-ability|p2b: Archaludon|Stamina|boost
|-boost|p2b: Archaludon|def|1
|
|-weather|RainDance|[upkeep]
|upkeep
|
|t:|1757150234
|switch|p2a: Pelipper|Pelipper, L50, M|100/100
|switch|p1a: Amoonguss|Amoonguss, L50, F, shiny|100/100
|turn|5
|
|t:|1757150255
|move|p1a: Amoonguss|Protect|p1a: Amoonguss
|-singleturn|p1a: Amoonguss|Protect
|move|p2a: Pelipper|Hurricane|p1b: Pelipper
|-damage|p1b: Pelipper|40/100
|-activate|p2b: Archaludon|confusion
|move|p2b: Archaludon|Electro Shot||[still]
|-prepare|p2b: Archaludon|Electro Shot
|-boost|p2b: Archaludon|spa|1
|-anim|p2b: Archaludon|Electro Shot|p1b: Pelipper
|-supereffective|p1b: Pelipper
|-damage|p1b: Pelipper|0 fnt
|faint|p1b: Pelipper
|
|-weather|RainDance|[upkeep]
|upkeep
|turn|6
|-message|Gaspar8 forfeited.
|
|win|HolgerD
|l|☆Gaspar8
|player|p1|
||Gaspar8 is ready for game 3.
||HolgerD is ready for game 3.
|uhtml|next|Next: Game 3 of 3
