|j|☆raichew2
|j|☆itssobeak
|html|raichew2itssobeak    
|uhtml|bestof|Game 3 of a best-of-3
|t:|1784830929
|gametype|doubles
|player|p1|raichew2|1|1417
|player|p2|itssobeak|birdkeeper|1414
|gen|9
|tier|[Gen 9 Champions] VGC 2026 Reg M-B (Bo3)
|rated|
|rule|Species Clause: Limit one of each Pokémon
|rule|Item Clause: Limit 1 of each item
|clearpoke
|poke|p1|Gardevoir, L50, M|
|poke|p1|Maushold-Four, L50|
|poke|p1|Kingambit, L50, M|
|poke|p1|Garchomp, L50, F|
|poke|p1|Talonflame, L50, F|
|poke|p1|Basculegion, L50, M|
|poke|p2|Staraptor, L50, F|
|poke|p2|Weavile, L50, M|
|poke|p2|Whimsicott, L50, M|
|poke|p2|Glimmora, L50, M|
|poke|p2|Kingambit, L50, F|
|poke|p2|Sinistcha, L50|
|teampreview|4
|showteam|p1|Gardevoir||Gardevoirite|Trace|HyperVoice,Psyshock,VacuumWave,Protect|Modest||M|||50|]Maushold-Four||FocusSash|FriendGuard|SuperFang,Taunt,FollowMe,Protect|Timid|||||50|]Kingambit||BlackGlasses|Defiant|KowtowCleave,Protect,SuckerPunch,IronHead|Adamant||M|||50|]Garchomp||LifeOrb|RoughSkin|DragonClaw,Earthquake,RockSlide,Protect|Jolly||F|||50|]Talonflame||SharpBeak|GaleWings|QuickGuard,Protect,Tailwind,BraveBird|Jolly||F|||50|]Basculegion||ChoiceScarf|Adaptability|WaveCrash,AquaJet,FlipTurn,LastRespects|Jolly||M|||50|
|showteam|p2|Staraptor||Staraptite|Intimidate|BraveBird,CloseCombat,Uturn,Protect|Jolly||F|||50|]Weavile||WideLens|Pressure|KnockOff,TripleAxel,Taunt,FakeOut|Jolly||M|||50|]Whimsicott||FocusSash|Prankster|Moonblast,Tailwind,Encore,Tickle|Timid||M|||50|]Glimmora||Glimmoranite|ToxicDebris|PowerGem,SludgeBomb,EarthPower,SpikyShield|Timid||M|||50|]Kingambit||BlackGlasses|Defiant|KowtowCleave,SuckerPunch,SwordsDance,Protect|Adamant||F|||50|]Sinistcha||CobaBerry|Hospitality|MatchaGotcha,RagePowder,LifeDew,Protect|Bold|||||50|
|inactive|Battle timer is ON: inactive players will automatically lose when time's up. (requested by itssobeak)
|inactive|itssobeak has 60 seconds left.
|
|t:|1784830965
|teamsize|p1|4
|teamsize|p2|4
|start
|switch|p1a: Gardevoir|Gardevoir, L50, M|100/100
|switch|p1b: Talonflame|Talonflame, L50, F|100/100
|switch|p2a: Staraptor|Staraptor, L50, F|100/100
|switch|p2b: Whimsicott|Whimsicott, L50, M|100/100
|-ability|p2a: Staraptor|Intimidate|boost
|-unboost|p1a: Gardevoir|atk|1
|-unboost|p1b: Talonflame|atk|1
|-ability|p1a: Gardevoir|Intimidate|Trace|[from] ability: Trace|[of] p2a: Staraptor
|-ability|p1a: Gardevoir|Intimidate|boost
|-unboost|p2a: Staraptor|atk|1
|-unboost|p2b: Whimsicott|atk|1
|turn|1
|
|t:|1784830989
|detailschange|p2a: Staraptor|Staraptor-Mega, L50, F
|-mega|p2a: Staraptor|Staraptor|Staraptite
|detailschange|p1a: Gardevoir|Gardevoir-Mega, L50, M
|-mega|p1a: Gardevoir|Gardevoir|Gardevoirite
|move|p1b: Talonflame|Tailwind|p1b: Talonflame
|-sidestart|p1: raichew2|move: Tailwind
|move|p2b: Whimsicott|Tailwind|p2b: Whimsicott
|-sidestart|p2: itssobeak|move: Tailwind
|move|p2a: Staraptor|U-turn|p1b: Talonflame
|-resisted|p1b: Talonflame|2
|-damage|p1b: Talonflame|94/100
|inactive|itssobeak has 30 seconds left.
|
|t:|1784831021
|switch|p2a: Weavile|Weavile, L50, M|100/100|[from] U-turn
|-ability|p2a: Weavile|Pressure
|move|p1a: Gardevoir|Hyper Voice|p2b: Whimsicott|[spread] p2a,p2b
|-supereffective|p2a: Weavile|1
|-damage|p2a: Weavile|0 fnt
|-damage|p2b: Whimsicott|12/100
|faint|p2a: Weavile
|
|upkeep
|
|t:|1784831023
|switch|p2a: Staraptor|Staraptor-Mega, L50, F|100/100
|turn|2
|
|t:|1784831044
|switch|p1b: Maushold|Maushold-Four, L50|100/100
|move|p2b: Whimsicott|Tickle|p2a: Staraptor
|-boost|p2a: Staraptor|atk|1
|-boost|p2a: Staraptor|def|1
|move|p2a: Staraptor|Brave Bird|p1a: Gardevoir
|-damage|p1a: Gardevoir|0 fnt
|faint|p1a: Gardevoir
|-damage|p2a: Staraptor|72/100|[from] Recoil
|
|upkeep
|
|t:|1784831062
|switch|p1a: Talonflame|Talonflame, L50, F|94/100
|turn|3
|
|t:|1784831081
|move|p2b: Whimsicott|Tickle|p2a: Staraptor
|-boost|p2a: Staraptor|atk|1
|-boost|p2a: Staraptor|def|1
|move|p1a: Talonflame|Brave Bird|p2b: Whimsicott
|-supereffective|p2b: Whimsicott|1
|-damage|p2b: Whimsicott|0 fnt
|faint|p2b: Whimsicott
|-damage|p1a: Talonflame|90/100|[from] Recoil
|move|p1b: Maushold|Super Fang|p2a: Staraptor
|-damage|p2a: Staraptor|36/100
|move|p2a: Staraptor|Close Combat|p1a: Talonflame
|-resisted|p1a: Talonflame|1
|-damage|p1a: Talonflame|26/100
|-boost|p2a: Staraptor|def|1
|-boost|p2a: Staraptor|spd|1
|
|upkeep
|
|t:|1784831086
|switch|p2b: Kingambit|Kingambit, L50, F|100/100
|turn|4
|inactive|itssobeak has 30 seconds left.
|
|t:|1784831115
|move|p2a: Staraptor|Protect|p2a: Staraptor
|-singleturn|p2a: Staraptor|Protect
|move|p1b: Maushold|Follow Me|p1b: Maushold
|-singleturn|p1b: Maushold|move: Follow Me
|move|p1a: Talonflame|Brave Bird|p2a: Staraptor
|-activate|p2a: Staraptor|move: Protect
|move|p2b: Kingambit|Kowtow Cleave|p1b: Maushold
|-damage|p1b: Maushold|29/100
|
|-sideend|p2: itssobeak|move: Tailwind
|-sideend|p1: raichew2|move: Tailwind
|upkeep
|turn|5
|
|t:|1784831132
|move|p1b: Maushold|Follow Me|p1b: Maushold
|-singleturn|p1b: Maushold|move: Follow Me
|move|p1a: Talonflame|Brave Bird|p2a: Staraptor
|-supereffective|p2a: Staraptor|1
|-damage|p2a: Staraptor|0 fnt
|faint|p2a: Staraptor
|-damage|p1a: Talonflame|12/100|[from] Recoil
|move|p2b: Kingambit|Kowtow Cleave|p1b: Maushold
|-damage|p1b: Maushold|0 fnt
|faint|p1b: Maushold
|
|upkeep
|
|t:|1784831141
|switch|p1b: Garchomp|Garchomp, L50, F|100/100
|turn|6
|
|t:|1784831155
|move|p1a: Talonflame|Protect|p1a: Talonflame
|-singleturn|p1a: Talonflame|Protect
|move|p1b: Garchomp|Earthquake|p2b: Kingambit|[spread] p2b
|-activate|p1a: Talonflame|move: Protect
|-supereffective|p2b: Kingambit|1
|-damage|p2b: Kingambit|19/100
|-damage|p1b: Garchomp|90/100|[from] item: Life Orb
|move|p2b: Kingambit|Kowtow Cleave|p1a: Talonflame
|-activate|p1a: Talonflame|move: Protect
|
|upkeep
|turn|7
|-message|itssobeak forfeited.
|
|win|raichew2
|raw|raichew2's rating: 1417 → 1437(+20 for winning)
|raw|itssobeak's rating: 1414 → 1394(-20 for losing)
