|j|☆Unwelcome School
|j|☆Bkcheese
|html|Unwelcome SchoolBkcheese    
|uhtml|bestof|Game 2 of a best-of-3
|t:|1757826077
|gametype|doubles
|player|p1|Unwelcome School|emmet|1063
|player|p2|Bkcheese|265|1069
|gen|9
|tier|[Gen 9] VGC 2025 Reg H (Bo3)
|rated|
|rule|Species Clause: Limit one of each Pokémon
|rule|Item Clause: Limit 1 of each item
|clearpoke
|poke|p1|Dragonite, L50, F|
|poke|p1|Gholdengo, L50|
|poke|p1|Garchomp, L50, F|
|poke|p1|Archaludon, L50, F|
|poke|p1|Talonflame, L50, M|
|poke|p1|Annihilape, L50, M|
|poke|p2|Clefable, L50, M|
|poke|p2|Sinistcha, L50|
|poke|p2|Gothitelle, L50, F|
|poke|p2|Gholdengo, L50|
|poke|p2|Altaria, L50, M|
|poke|p2|Incineroar, L50, M|
|teampreview|4
|showteam|p1|Dragonite||LoadedDice|InnerFocus|ExtremeSpeed,ScaleShot,AerialAce,Protect|||F|||50|,,,,,Normal]Gholdengo||ChoiceSpecs|GoodasGold|MakeItRain,ShadowBall,FocusBlast,Trick||||||50|,,,,,Flying]Garchomp||LifeOrb|RoughSkin|StompingTantrum,DragonClaw,Earthquake,Protect|||F|||50|,,,,,Dragon]Archaludon||AssaultVest|Stamina|ElectroShot,DracoMeteor,FlashCannon,AuraSphere|||F|||50|,,,,,Bug]Talonflame||CovertCloak|GaleWings|BraveBird,FlareBlitz,Tailwind,Protect|||M|||50|,,,,,Flying]Annihilape||ChoiceScarf|Defiant|FinalGambit,RageFist,Encore,CloseCombat|||M|||50|,,,,,Fighting
|showteam|p2|Clefable||SafetyGoggles|Unaware|Moonblast,FollowMe,Protect,Encore|||M|||50|,,,,,Steel]Sinistcha||WikiBerry|Hospitality|MatchaGotcha,RagePowder,StrengthSap,Hex||||||50|,,,,,Dark]Gothitelle||SitrusBerry|ShadowTag|Protect,HealPulse,FakeOut,Psychic|||F|||50|,,,,,Water]Gholdengo||MetalCoat|GoodasGold|MakeItRain,ShadowBall,Protect,NastyPlot||||||50|,,,,,Steel]Altaria||Leftovers|CloudNine|Tailwind,PerishSong,Protect,Moonblast|||M|||50|,,,,,Fairy]Incineroar||AssaultVest|Intimidate|Uturn,ThroatChop,FakeOut,FlareBlitz|||M|||50|,,,,,Ghost
|inactive|Battle timer is ON: inactive players will automatically lose when time's up. (requested by Unwelcome School)
|inactive|Bkcheese has 60 seconds left.
|inactive|Bkcheese has 30 seconds left.
|
|t:|1757826142
|teamsize|p1|4
|teamsize|p2|4
|start
|switch|p1a: Talonflame|Talonflame, L50, M|100/100
|switch|p1b: Annihilape|Annihilape, L50, M|100/100
|switch|p2a: Gholdengo|Gholdengo, L50|100/100
|switch|p2b: Clefable|Clefable, L50, M|100/100
|turn|1
|inactive|Bkcheese has 30 seconds left.
|
|t:|1757826170
|move|p2b: Clefable|Follow Me|p2b: Clefable
|-singleturn|p2b: Clefable|move: Follow Me
|move|p1a: Talonflame|Tailwind|p1a: Talonflame
|-sidestart|p1: Unwelcome School|move: Tailwind
|move|p1b: Annihilape|Final Gambit|p2b: Clefable
|-damage|p2b: Clefable|0 fnt
|faint|p1b: Annihilape
|faint|p2b: Clefable
|move|p2a: Gholdengo|Shadow Ball|p1a: Talonflame
|-damage|p1a: Talonflame|49/100
|
|upkeep
|
|t:|1757826186
|switch|p1b: Garchomp|Garchomp, L50, F|100/100
|switch|p2b: Incineroar|Incineroar, L50, M|100/100
|-ability|p2b: Incineroar|Intimidate|boost
|-unboost|p1a: Talonflame|atk|1
|-unboost|p1b: Garchomp|atk|1
|turn|2
|j| Trestkon
|inactive|Bkcheese has 30 seconds left.
|
|t:|1757826214
|-terastallize|p2b: Incineroar|Ghost
|move|p1b: Garchomp|Protect|p1b: Garchomp
|-singleturn|p1b: Garchomp|Protect
|move|p2a: Gholdengo|Protect|p2a: Gholdengo
|-singleturn|p2a: Gholdengo|Protect
|move|p1a: Talonflame|Flare Blitz|p2a: Gholdengo
|-activate|p2a: Gholdengo|move: Protect
|move|p2b: Incineroar|Throat Chop|p1a: Talonflame
|-damage|p1a: Talonflame|0 fnt
|faint|p1a: Talonflame
|
|upkeep
|
|t:|1757826221
|switch|p1a: Gholdengo|Gholdengo, L50|100/100
|turn|3
|
|t:|1757826250
|-terastallize|p1a: Gholdengo|Flying
|move|p1b: Garchomp|Earthquake|p2b: Incineroar|[spread] p2a,p2b
|-immune|p1a: Gholdengo
|-supereffective|p2a: Gholdengo
|-damage|p2a: Gholdengo|23/100
|-damage|p2b: Incineroar|63/100
|-damage|p1b: Garchomp|91/100|[from] item: Life Orb
|move|p1a: Gholdengo|Shadow Ball|p2a: Gholdengo
|-supereffective|p2a: Gholdengo
|-damage|p2a: Gholdengo|0 fnt
|faint|p2a: Gholdengo
|move|p2b: Incineroar|Throat Chop|p1a: Gholdengo
|-damage|p1a: Gholdengo|54/100
|-start|p1a: Gholdengo|Throat Chop|[silent]
|
|upkeep
|
|t:|1757826264
|switch|p2a: Sinistcha|Sinistcha, L50|100/100
|-heal|p2b: Incineroar|88/100|[from] ability: Hospitality|[of] p2a: Sinistcha
|turn|4
|
|t:|1757826287
|move|p1b: Garchomp|Dragon Claw|p2a: Sinistcha
|-damage|p2a: Sinistcha|70/100
|-damage|p1b: Garchomp|81/100|[from] item: Life Orb
|move|p1a: Gholdengo|Shadow Ball|p2a: Sinistcha
|-supereffective|p2a: Sinistcha
|-damage|p2a: Sinistcha|0 fnt
|faint|p2a: Sinistcha
|move|p2b: Incineroar|Flare Blitz|p1a: Gholdengo
|-damage|p1a: Gholdengo|0 fnt
|faint|p1a: Gholdengo
|-damage|p2b: Incineroar|73/100|[from] Recoil
|
|-sideend|p1: Unwelcome School|move: Tailwind
|upkeep
|turn|5
|
|t:|1757826301
|move|p1b: Garchomp|Dragon Claw|p2b: Incineroar
|-damage|p2b: Incineroar|33/100
|-damage|p1b: Garchomp|71/100|[from] item: Life Orb
|move|p2b: Incineroar|Throat Chop|p1b: Garchomp
|-damage|p1b: Garchomp|34/100
|-start|p1b: Garchomp|Throat Chop|[silent]
|-damage|p2b: Incineroar|21/100|[from] ability: Rough Skin|[of] p1b: Garchomp
|
|upkeep
|turn|6
|
|t:|1757826312
|move|p1b: Garchomp|Dragon Claw|p2b: Incineroar
|-damage|p2b: Incineroar|0 fnt
|faint|p2b: Incineroar
|-damage|p1b: Garchomp|25/100|[from] item: Life Orb
|
|win|Unwelcome School
|raw|Unwelcome School's rating: 1063 → 1094(+31 for winning)
|raw|Bkcheese's rating: 1069 → 1048(-21 for losing)
|c|☆Unwelcome School|gg
|c|☆Bkcheese|Gg
|l|☆Bkcheese
|player|p2|
|l|☆Unwelcome School
|player|p1|
|l| Trestkon
