|j|☆arcacagne
|j|☆A_TerroneVGC
|html|arcacagneA_TerroneVGC    
|uhtml|bestof|Game 3 of a best-of-3
|t:|1782299976
|gametype|doubles
|player|p1|arcacagne|artist|1133
|player|p2|A_TerroneVGC|101|1205
|gen|9
|tier|[Gen 9 Champions] VGC 2026 Reg M-B (Bo3)
|rated|
|rule|Species Clause: Limit one of each Pokémon
|rule|Item Clause: Limit 1 of each item
|clearpoke
|poke|p1|Swampert, L50, F|
|poke|p1|Pelipper, L50, M|
|poke|p1|Archaludon, L50, M|
|poke|p1|Sinistcha, L50|
|poke|p1|Maushold-Four, L50|
|poke|p1|Gholdengo, L50|
|poke|p2|Swampert, L50, M|
|poke|p2|Gholdengo, L50|
|poke|p2|Archaludon, L50, M|
|poke|p2|Pelipper, L50, M|
|poke|p2|Sinistcha, L50|
|poke|p2|Maushold, L50|
|teampreview|4
|showteam|p1|Swampert||Swampertite|Torrent|HighHorsepower,Protect,IcePunch,WaveCrash|Adamant||F|||50|]Pelipper||SitrusBerry|Drizzle|WeatherBall,Hurricane,WideGuard,Tailwind|Modest||M|||50|]Archaludon||Leftovers|Stamina|FlashCannon,DragonPulse,ElectroShot,Protect|Calm||M|||50|]Sinistcha||KasibBerry|Hospitality|RagePowder,MatchaGotcha,TrickRoom,Protect|Bold|||||50|]Maushold-Four||FocusSash|FriendGuard|FollowMe,SuperFang,RainDance,Protect|Timid|||||50|]Gholdengo||LifeOrb|GoodasGold|MakeItRain,ShadowBall,NastyPlot,Protect|Modest|||||50|
|showteam|p2|Swampert||Swampertite|Torrent|WaveCrash,HighHorsepower,IcePunch,Protect|Adamant||M|||50|]Gholdengo||LifeOrb|GoodasGold|MakeItRain,ShadowBall,NastyPlot,Protect|Timid|||||50|]Archaludon||Leftovers|Stamina|FlashCannon,DragonPulse,ElectroShot,Protect|Modest||M|||50|]Pelipper||SitrusBerry|Drizzle|WeatherBall,Hurricane,Tailwind,WideGuard|Modest||M|||50|]Sinistcha||KasibBerry|Hospitality|MatchaGotcha,RagePowder,TrickRoom,Protect|Bold|||||50|]Maushold||FocusSash|FriendGuard|SuperFang,FollowMe,RainDance,Protect|Timid|||||50|
|inactive|Battle timer is ON: inactive players will automatically lose when time's up. (requested by A_TerroneVGC)
|
|t:|1782300012
|teamsize|p1|4
|teamsize|p2|4
|start
|switch|p1a: Archaludon|Archaludon, L50, M|100/100
|switch|p1b: Maushold|Maushold-Four, L50|100/100
|switch|p2a: Maushold|Maushold, L50|100/100
|switch|p2b: Gholdengo|Gholdengo, L50|100/100
|turn|1
|inactive|A_TerroneVGC has 30 seconds left.
|
|t:|1782300044
|move|p2a: Maushold|Protect|p2a: Maushold
|-singleturn|p2a: Maushold|Protect
|move|p1b: Maushold|Rain Dance|p1b: Maushold
|-weather|RainDance
|move|p2b: Gholdengo|Nasty Plot|p2b: Gholdengo
|-boost|p2b: Gholdengo|spa|2
|move|p1a: Archaludon|Electro Shot||[still]
|-prepare|p1a: Archaludon|Electro Shot
|-boost|p1a: Archaludon|spa|1
|-anim|p1a: Archaludon|Electro Shot|p2a: Maushold
|-activate|p2a: Maushold|move: Protect
|
|-weather|RainDance|[upkeep]
|upkeep
|turn|2
|inactive|arcacagne has 30 seconds left.
|
|t:|1782300072
|move|p1b: Maushold|Protect|p1b: Maushold
|-singleturn|p1b: Maushold|Protect
|move|p2a: Maushold|Super Fang|p1b: Maushold
|-activate|p1b: Maushold|move: Protect
|move|p2b: Gholdengo|Nasty Plot|p2b: Gholdengo
|-boost|p2b: Gholdengo|spa|2
|move|p1a: Archaludon|Electro Shot||[still]
|-prepare|p1a: Archaludon|Electro Shot
|-boost|p1a: Archaludon|spa|1
|-anim|p1a: Archaludon|Electro Shot|p2b: Gholdengo
|-damage|p2b: Gholdengo|39/100
|
|-weather|RainDance|[upkeep]
|upkeep
|turn|3
|inactive|arcacagne has 30 seconds left.
|inactive|A_TerroneVGC has 30 seconds left.
|
|t:|1782300099
|move|p1b: Maushold|Follow Me|p1b: Maushold
|-singleturn|p1b: Maushold|move: Follow Me
|move|p2a: Maushold|Super Fang|p1b: Maushold|[miss]
|-miss|p2a: Maushold|p1b: Maushold
|move|p2b: Gholdengo|Make It Rain|p1b: Maushold|[spread] p1a,p1b
|-resisted|p1a: Archaludon|1
|-crit|p1b: Maushold
|-damage|p1a: Archaludon|35/100
|-enditem|p1b: Maushold|Focus Sash
|-damage|p1b: Maushold|1/100
|-unboost|p2b: Gholdengo|spa|2
|-ability|p1a: Archaludon|Stamina|boost
|-boost|p1a: Archaludon|def|1
|-damage|p2b: Gholdengo|29/100|[from] item: Life Orb
|move|p1a: Archaludon|Electro Shot||[still]
|-prepare|p1a: Archaludon|Electro Shot
|-boost|p1a: Archaludon|spa|1
|-anim|p1a: Archaludon|Electro Shot|p2b: Gholdengo
|-damage|p2b: Gholdengo|0 fnt
|faint|p2b: Gholdengo
|
|-weather|RainDance|[upkeep]
|-heal|p1a: Archaludon|41/100|[from] item: Leftovers
|upkeep
|
|t:|1782300113
|switch|p2b: Swampert|Swampert, L50, M|100/100
|turn|4
|inactive|arcacagne has 30 seconds left.
|
|t:|1782300139
|detailschange|p2b: Swampert|Swampert-Mega, L50, M
|-mega|p2b: Swampert|Swampert|Swampertite
|move|p1b: Maushold|Follow Me|p1b: Maushold
|-singleturn|p1b: Maushold|move: Follow Me
|move|p2b: Swampert|High Horsepower|p1b: Maushold
|-damage|p1b: Maushold|0 fnt
|faint|p1b: Maushold
|move|p2a: Maushold|Super Fang|p1a: Archaludon
|-damage|p1a: Archaludon|20/100y
|-ability|p1a: Archaludon|Stamina|boost
|-boost|p1a: Archaludon|def|1
|move|p1a: Archaludon|Dragon Pulse|p2b: Swampert
|-damage|p2b: Swampert|34/100
|
|-weather|RainDance|[upkeep]
|-heal|p1a: Archaludon|26/100|[from] item: Leftovers
|upkeep
|
|t:|1782300154
|switch|p1b: Sinistcha|Sinistcha, L50|100/100
|-heal|p1a: Archaludon|51/100|[from] ability: Hospitality|[of] p1b: Sinistcha
|turn|5
|
|t:|1782300167
|move|p2a: Maushold|Follow Me|p2a: Maushold
|-singleturn|p2a: Maushold|move: Follow Me
|move|p1b: Sinistcha|Rage Powder|p1b: Sinistcha
|-singleturn|p1b: Sinistcha|move: Rage Powder
|move|p2b: Swampert|Ice Punch|p1b: Sinistcha
|-supereffective|p1b: Sinistcha|1
|-damage|p1b: Sinistcha|50/100g
|move|p1a: Archaludon|Dragon Pulse|p2a: Maushold
|-enditem|p2a: Maushold|Focus Sash
|-damage|p2a: Maushold|1/100
|
|-weather|none
|-heal|p1a: Archaludon|57/100|[from] item: Leftovers
|upkeep
|turn|6
|
|t:|1782300183
|switch|p2a: Sinistcha|Sinistcha, L50|100/100
|-heal|p2b: Swampert|58/100|[from] ability: Hospitality|[of] p2a: Sinistcha
|move|p1a: Archaludon|Protect|p1a: Archaludon
|-singleturn|p1a: Archaludon|Protect
|move|p2b: Swampert|Ice Punch|p1b: Sinistcha
|-supereffective|p1b: Sinistcha|1
|-damage|p1b: Sinistcha|0 fnt
|faint|p1b: Sinistcha
|
|-heal|p1a: Archaludon|63/100|[from] item: Leftovers
|upkeep
|
|t:|1782300193
|switch|p1b: Swampert|Swampert, L50, F|100/100
|turn|7
|
|t:|1782300206
|detailschange|p1b: Swampert|Swampert-Mega, L50, F
|-mega|p1b: Swampert|Swampert|Swampertite
|move|p2b: Swampert|Protect|p2b: Swampert
|-singleturn|p2b: Swampert|Protect
|move|p2a: Sinistcha|Protect|p2a: Sinistcha
|-singleturn|p2a: Sinistcha|Protect
|move|p1b: Swampert|Ice Punch|p2a: Sinistcha
|-activate|p2a: Sinistcha|move: Protect
|move|p1a: Archaludon|Dragon Pulse|p2b: Swampert
|-activate|p2b: Swampert|move: Protect
|
|-heal|p1a: Archaludon|70/100|[from] item: Leftovers
|upkeep
|turn|8
|
|t:|1782300222
|switch|p2b: Maushold|Maushold, L50|1/100
|move|p1b: Swampert|Wave Crash|p2b: Maushold
|-damage|p2b: Maushold|0 fnt
|faint|p2b: Maushold
|-damage|p1b: Swampert|99/100|[from] Recoil
|move|p1a: Archaludon|Dragon Pulse|p2a: Sinistcha
|-damage|p2a: Sinistcha|11/100
|move|p2a: Sinistcha|Matcha Gotcha|p1a: Archaludon|[spread] p1a,p1b
|-resisted|p1a: Archaludon|2
|-supereffective|p1b: Swampert|2
|-damage|p1a: Archaludon|64/100
|-heal|p2a: Sinistcha|14/100|[from] drain|[of] p1a: Archaludon
|-damage|p1b: Swampert|4/100
|-heal|p2a: Sinistcha|61/100|[from] drain|[of] p1b: Swampert
|-ability|p1a: Archaludon|Stamina|boost
|-boost|p1a: Archaludon|def|1
|
|-heal|p1a: Archaludon|71/100|[from] item: Leftovers
|upkeep
|
|t:|1782300241
|switch|p2b: Swampert|Swampert-Mega, L50, M|58/100
|turn|9
|
|t:|1782300262
|move|p1b: Swampert|Protect|p1b: Swampert
|-singleturn|p1b: Swampert|Protect
|move|p2a: Sinistcha|Rage Powder|p2a: Sinistcha
|-singleturn|p2a: Sinistcha|move: Rage Powder
|move|p2b: Swampert|Ice Punch|p1b: Swampert
|-activate|p1b: Swampert|move: Protect
|move|p1a: Archaludon|Dragon Pulse|p2a: Sinistcha
|-damage|p2a: Sinistcha|0 fnt
|faint|p2a: Sinistcha
|
|-heal|p1a: Archaludon|77/100|[from] item: Leftovers
|upkeep
|turn|10
|
|t:|1782300274
|move|p1b: Swampert|Wave Crash|p2b: Swampert
|-damage|p2b: Swampert|0 fnt
|faint|p2b: Swampert
|-damage|p1b: Swampert|0 fnt|[from] Recoil
|faint|p1b: Swampert
|
|win|arcacagne
|raw|arcacagne's rating: 1133 → 1163(+30 for winning)
|raw|A_TerroneVGC's rating: 1205 → 1175(-30 for losing)
|c|☆arcacagne|gg
|l|☆A_TerroneVGC
|player|p2|
