|j|☆anino23
|j|☆Kampfstube
|html|anino23Kampfstube    
|uhtml|bestof|Game 1 of a best-of-3
|t:|1757192056
|gametype|doubles
|player|p1|anino23|170|1133
|player|p2|Kampfstube|n|1208
|gen|9
|tier|[Gen 9] VGC 2025 Reg H (Bo3)
|rated|
|rule|Species Clause: Limit one of each Pokémon
|rule|Item Clause: Limit 1 of each item
|clearpoke
|poke|p1|Gholdengo, L50|
|poke|p1|Ursaluna, L50, M|
|poke|p1|Incineroar, L50, M|
|poke|p1|Porygon2, L50|
|poke|p1|Kilowattrel, L50, M|
|poke|p1|Amoonguss, L50, M|
|poke|p2|Grimmsnarl, L50, M|
|poke|p2|Volcarona, L50, M|
|poke|p2|Annihilape, L50, M|
|poke|p2|Ursaluna-Bloodmoon, L50, M|
|poke|p2|Sneasler, L50, F|
|poke|p2|Milotic, L50, M|
|teampreview|4
|showteam|p1|Gholdengo||LifeOrb|GoodasGold|MakeItRain,NastyPlot,ShadowBall,Protect||||||50|,,,,,Dark]Ursaluna||FlameOrb|Guts|Facade,HeadlongRush,Earthquake,Protect|||M|||50|,,,,,Ghost]Incineroar||SafetyGoggles|Intimidate|FakeOut,FlareBlitz,KnockOff,PartingShot|||M|||50|,,,,,Bug]Porygon2||Eviolite|Download|IceBeam,TeraBlast,Recover,TrickRoom||||||50|,,,,,Fighting]Kilowattrel||FocusSash|Competitive|Thunderbolt,AirSlash,Protect,Tailwind|||M|||50|,,,,,Electric]Amoonguss||SitrusBerry|Regenerator|RagePowder,ClearSmog,Spore,PollenPuff|||M|||50|,,,,,Water
|showteam|p2|Grimmsnarl||CovertCloak|Prankster|SpiritBreak,LightScreen,Reflect,ThunderWave|||M|||50|,,,,,Steel]Volcarona||SitrusBerry|FlameBody|GigaDrain,QuiverDance,HeatWave,Protect|||M|||50|,,,,,Grass]Annihilape||SafetyGoggles|Defiant|BulkUp,DrainPunch,Protect,RageFist|||M|||50|,,,,,Fire]Ursaluna-Bloodmoon||AssaultVest|MindsEye|EarthPower,BloodMoon,HyperVoice,VacuumWave|||M|||50|,,,,,Water]Sneasler||FocusSash|Unburden|Coaching,FakeOut,CloseCombat,DireClaw|||F|||50|,,,,,Dark]Milotic||Leftovers|Competitive|Scald,IcyWind,Haze,Protect|||M|||50|,,,,,Dragon
|inactive|Battle timer is ON: inactive players will automatically lose when time's up. (requested by anino23)
|inactive|Kampfstube also wants the timer to be on.
|inactive|anino23 has 60 seconds left.
|inactive|Kampfstube has 60 seconds left.
|inactive|anino23 has 30 seconds left.
|inactive|anino23 has 20 seconds left.
|inactive|anino23 has 15 seconds left.
|inactive|anino23 has 10 seconds left.
|inactive|anino23 has 5 seconds left.
|
|t:|1757192145
|teamsize|p1|4
|teamsize|p2|4
|start
|switch|p1a: Porygon2|Porygon2, L50|100/100
|switch|p1b: Gholdengo|Gholdengo, L50|100/100
|switch|p2a: Grimmsnarl|Grimmsnarl, L50, M|100/100
|switch|p2b: Volcarona|Volcarona, L50, M|100/100
|-ability|p1a: Porygon2|Download|boost
|-boost|p1a: Porygon2|atk|1
|turn|1
|inactive|anino23 has 30 seconds left.
|inactive|anino23 has 20 seconds left.
|
|t:|1757192181
|-terastallize|p1b: Gholdengo|Dark
|move|p2a: Grimmsnarl|Light Screen|p2a: Grimmsnarl
|-sidestart|p2: Kampfstube|move: Light Screen
|move|p1b: Gholdengo|Nasty Plot|p1b: Gholdengo
|-boost|p1b: Gholdengo|spa|2
|move|p2b: Volcarona|Quiver Dance|p2b: Volcarona
|-boost|p2b: Volcarona|spa|1
|-boost|p2b: Volcarona|spd|1
|-boost|p2b: Volcarona|spe|1
|move|p1a: Porygon2|Trick Room|p1a: Porygon2
|-fieldstart|move: Trick Room|[of] p1a: Porygon2
|
|upkeep
|turn|2
|inactive|anino23 has 30 seconds left.
|inactive|Kampfstube has 30 seconds left.
|
|t:|1757192216
|switch|p1a: Ursaluna|Ursaluna, L50, M|100/100
|move|p2a: Grimmsnarl|Spirit Break|p1b: Gholdengo
|-supereffective|p1b: Gholdengo
|-damage|p1b: Gholdengo|28/100
|-unboost|p1b: Gholdengo|spa|1
|move|p1b: Gholdengo|Shadow Ball|p2b: Volcarona
|-damage|p2b: Volcarona|68/100
|-damage|p1b: Gholdengo|19/100|[from] item: Life Orb
|move|p2b: Volcarona|Giga Drain|p1b: Gholdengo
|-damage|p1b: Gholdengo|0 fnt
|-heal|p2b: Volcarona|77/100|[from] drain|[of] p1b: Gholdengo
|faint|p1b: Gholdengo
|
|-status|p1a: Ursaluna|brn|[from] item: Flame Orb
|upkeep
|
|t:|1757192239
|switch|p1b: Amoonguss|Amoonguss, L50, M|100/100
|turn|3
|inactive|Kampfstube has 30 seconds left.
|inactive|anino23 has 30 seconds left.
|
|t:|1757192282
|move|p2b: Volcarona|Protect|p2b: Volcarona
|-singleturn|p2b: Volcarona|Protect
|move|p2a: Grimmsnarl|Reflect|p2a: Grimmsnarl
|-sidestart|p2: Kampfstube|Reflect
|move|p1b: Amoonguss|Spore|p2a: Grimmsnarl
|-status|p2a: Grimmsnarl|slp|[from] move: Spore
|move|p1a: Ursaluna|Facade|p2b: Volcarona
|-activate|p2b: Volcarona|move: Protect
|
|-damage|p1a: Ursaluna|94/100 brn|[from] brn
|upkeep
|turn|4
|
|t:|1757192303
|switch|p2a: Annihilape|Annihilape, L50, M|100/100
|-terastallize|p2b: Volcarona|Grass
|move|p1b: Amoonguss|Clear Smog|p2b: Volcarona
|-supereffective|p2b: Volcarona
|-damage|p2b: Volcarona|64/100
|-clearboost|p2b: Volcarona
|move|p1a: Ursaluna|Facade|p2b: Volcarona
|-damage|p2b: Volcarona|0 fnt
|faint|p2b: Volcarona
|
|-damage|p1a: Ursaluna|88/100 brn|[from] brn
|upkeep
|
|t:|1757192320
|switch|p2b: Sneasler|Sneasler, L50, F, shiny|100/100
|turn|5
|inactive|anino23 has 30 seconds left.
|inactive|anino23 has 20 seconds left.
|inactive|anino23 has 15 seconds left.
|inactive|anino23 has 10 seconds left.
|
|t:|1757192368
|move|p2b: Sneasler|Fake Out|p1a: Ursaluna
|-damage|p1a: Ursaluna|77/100 brn
|move|p1b: Amoonguss|Spore|p2b: Sneasler
|-status|p2b: Sneasler|slp|[from] move: Spore
|cant|p1a: Ursaluna|flinch
|move|p2a: Annihilape|Bulk Up|p2a: Annihilape
|-boost|p2a: Annihilape|atk|1
|-boost|p2a: Annihilape|def|1
|
|-damage|p1a: Ursaluna|71/100 brn|[from] brn
|-sideend|p2: Kampfstube|move: Light Screen
|-fieldend|move: Trick Room
|upkeep
|turn|6
|inactive|Kampfstube has 30 seconds left.
|inactive|anino23 has 30 seconds left.
|inactive|Kampfstube has 20 seconds left.
|
|t:|1757192405
|switch|p1a: Porygon2|Porygon2, L50|100/100
|-ability|p1a: Porygon2|Download|boost
|-boost|p1a: Porygon2|spa|1
|cant|p2b: Sneasler|slp
|move|p2a: Annihilape|Drain Punch|p1a: Porygon2
|-supereffective|p1a: Porygon2
|-damage|p1a: Porygon2|41/100
|move|p1b: Amoonguss|Clear Smog|p2a: Annihilape
|-resisted|p2a: Annihilape
|-damage|p2a: Annihilape|95/100
|-clearboost|p2a: Annihilape
|
|upkeep
|turn|7
|
|t:|1757192424
|cant|p2b: Sneasler|slp
|move|p2a: Annihilape|Drain Punch|p1a: Porygon2
|-supereffective|p1a: Porygon2
|-damage|p1a: Porygon2|4/100
|-heal|p2a: Annihilape|100/100|[from] drain|[of] p1a: Porygon2
|move|p1b: Amoonguss|Pollen Puff|p2b: Sneasler
|-resisted|p2b: Sneasler
|-damage|p2b: Sneasler|95/100 slp
|move|p1a: Porygon2|Trick Room|p1a: Porygon2
|-fieldstart|move: Trick Room|[of] p1a: Porygon2
|
|-sideend|p2: Kampfstube|Reflect
|upkeep
|turn|8
|inactive|anino23 has 30 seconds left.
|inactive|anino23 has 20 seconds left.
|inactive|anino23 has 15 seconds left.
|inactive|anino23 has 10 seconds left.
|
|t:|1757192470
|switch|p1b: Ursaluna|Ursaluna, L50, M|71/100 brn
|move|p1a: Porygon2|Ice Beam|p2a: Annihilape
|-damage|p2a: Annihilape|72/100
|move|p2a: Annihilape|Drain Punch|p1a: Porygon2
|-supereffective|p1a: Porygon2
|-damage|p1a: Porygon2|0 fnt
|-heal|p2a: Annihilape|73/100|[from] drain|[of] p1a: Porygon2
|faint|p1a: Porygon2
|-curestatus|p2b: Sneasler|slp|[msg]
|move|p2b: Sneasler|Coaching|p2a: Annihilape
|-boost|p2a: Annihilape|atk|1
|-boost|p2a: Annihilape|def|1
|
|-damage|p1b: Ursaluna|65/100 brn|[from] brn
|upkeep
|
|t:|1757192484
|switch|p1a: Amoonguss|Amoonguss, L50, M|100/100
|turn|9
|inactive|anino23 has 30 seconds left.
|
|t:|1757192510
|switch|p2b: Grimmsnarl|Grimmsnarl, L50, M|100/100 slp
|move|p2a: Annihilape|Protect|p2a: Annihilape
|-singleturn|p2a: Annihilape|Protect
|move|p1a: Amoonguss|Rage Powder|p1a: Amoonguss
|-singleturn|p1a: Amoonguss|move: Rage Powder
|move|p1b: Ursaluna|Headlong Rush|p2a: Annihilape
|-activate|p2a: Annihilape|move: Protect
|
|-damage|p1b: Ursaluna|59/100 brn|[from] brn
|upkeep
|turn|10
|
|t:|1757192535
|cant|p2b: Grimmsnarl|slp
|move|p1a: Amoonguss|Pollen Puff|p1b: Ursaluna
|-heal|p1b: Ursaluna|100/100 brn
|move|p1b: Ursaluna|Headlong Rush|p2a: Annihilape
|-damage|p2a: Annihilape|1/100
|-unboost|p1b: Ursaluna|def|1
|-unboost|p1b: Ursaluna|spd|1
|move|p2a: Annihilape|Drain Punch|p1b: Ursaluna
|-supereffective|p1b: Ursaluna
|-damage|p1b: Ursaluna|0 fnt
|-heal|p2a: Annihilape|53/100|[from] drain|[of] p1b: Ursaluna
|faint|p1b: Ursaluna
|
|upkeep
|turn|11
|c|☆anino23|...
|-message|anino23 forfeited.
|
|win|Kampfstube
