|j|☆Lanz_D
|j|☆Parchesin
|html|Lanz_DParchesin    
|uhtml|bestof|Game 3 of a best-of-3
|t:|1756685832
|gametype|doubles
|player|p1|Lanz_D|hilbert|1125
|player|p2|Parchesin|2|1093
|gen|9
|tier|[Gen 9] VGC 2025 Reg H (Bo3)
|rated|
|rule|Species Clause: Limit one of each Pokémon
|rule|Item Clause: Limit 1 of each item
|clearpoke
|poke|p1|Garchomp, L50, M|
|poke|p1|Kingambit, L50, F|
|poke|p1|Amoonguss, L50, F|
|poke|p1|Annihilape, L50, M|
|poke|p1|Whimsicott, L50, M|
|poke|p1|Dragonite, L50, F|
|poke|p2|Weezing, L50, M|
|poke|p2|Amoonguss, L50, M|
|poke|p2|Garchomp, L50, M|
|poke|p2|Yanma, L50, F|
|poke|p2|Sylveon, L50, M|
|poke|p2|Incineroar, L50, M|
|teampreview|4
|showteam|p1|Garchomp||LifeOrb|RoughSkin|Earthquake,StompingTantrum,DragonClaw,Protect|||M|||50|,,,,,Ground]Kingambit||BlackGlasses|Defiant|SuckerPunch,IronHead,KowtowCleave,Protect|||F|||50|,,,,,Dark]Amoonguss||RockyHelmet|Regenerator|Spore,RagePowder,PollenPuff,Protect|||F|||50|,,,,,Water]Annihilape||Leftovers|Defiant|DrainPunch,RageFist,BulkUp,Protect|||M|||50|,,,,,Fire]Whimsicott||CovertCloak|Prankster|Moonblast,BeatUp,Tailwind,Encore|||M|||50|,,,,,Water]Dragonite||LoadedDice|Multiscale|ScaleShot,Haze,StompingTantrum,Protect|||F|||50|,,,,,Fairy
|showteam|p2|Weezing||SitrusBerry|NeutralizingGas|SludgeBomb,WillOWisp,Haze,Protect|||M|||50|,,,,,Grass]Amoonguss||RockyHelmet|Regenerator|PollenPuff,Spore,RagePowder,Protect|||M|||50|,,,,,Water]Garchomp||LifeOrb|RoughSkin|Earthquake,RockSlide,StompingTantrum,Protect|||M|||50|,,,,,Ground]Yanma||FocusSash|CompoundEyes|AirSlash,Hypnosis,Tailwind,Protect|||F|||50|,,,,,Ghost]Sylveon||PixiePlate|Pixilate|HyperVoice,TeraBlast,CalmMind,Protect|||M|||50|,,,,,Fire]Incineroar||AbilityShield|Intimidate|FlareBlitz,FakeOut,PartingShot,KnockOff|||M|||50|,,,,,Grass
|inactive|Battle timer is ON: inactive players will automatically lose when time's up. (requested by Parchesin)
|
|t:|1756685855
|teamsize|p1|4
|teamsize|p2|4
|start
|switch|p1a: Whimsicott|Whimsicott, L50, M|100/100
|switch|p1b: Annihilape|Annihilape, L50, M|100/100
|switch|p2a: Weezing|Weezing, L50, M, shiny|100/100
|switch|p2b: Incineroar|Incineroar, L50, M, shiny|100/100
|-ability|p2a: Weezing|Neutralizing Gas
|-block|p2b: Incineroar|item: Ability Shield
|-ability|p2b: Incineroar|Intimidate|boost
|-unboost|p1a: Whimsicott|atk|1
|-unboost|p1b: Annihilape|atk|1
|turn|1
|inactive|Lanz_D has 30 seconds left.
|
|t:|1756685883
|-terastallize|p1b: Annihilape|Fire
|move|p1b: Annihilape|Bulk Up|p1b: Annihilape
|-boost|p1b: Annihilape|atk|1
|-boost|p1b: Annihilape|def|1
|move|p1a: Whimsicott|Beat Up|p1b: Annihilape
|-damage|p1b: Annihilape|99/100
|-damage|p1b: Annihilape|98/100
|-damage|p1b: Annihilape|96/100
|-damage|p1b: Annihilape|95/100
|-hitcount|p1b: Annihilape|4
|move|p2a: Weezing|Sludge Bomb|p1a: Whimsicott
|-supereffective|p1a: Whimsicott
|-damage|p1a: Whimsicott|0 fnt
|faint|p1a: Whimsicott
|move|p2b: Incineroar|Knock Off|p1b: Annihilape
|-damage|p1b: Annihilape|58/100
|-enditem|p1b: Annihilape|Leftovers|[from] move: Knock Off|[of] p2b: Incineroar
|
|upkeep
|
|t:|1756685903
|switch|p1a: Garchomp|Garchomp, L50, M, shiny|100/100
|turn|2
|
|t:|1756685923
|move|p1a: Garchomp|Stomping Tantrum|p2b: Incineroar
|-supereffective|p2b: Incineroar
|-damage|p2b: Incineroar|0 fnt
|faint|p2b: Incineroar
|-damage|p1a: Garchomp|91/100|[from] item: Life Orb
|move|p1b: Annihilape|Rage Fist|p2a: Weezing
|-damage|p2a: Weezing|0 fnt
|faint|p2a: Weezing
|-end|p2a: Weezing|ability: Neutralizing Gas
|
|upkeep
|
|t:|1756685936
|switch|p2a: Yanma|Yanma, L50, F|100/100
|switch|p2b: Sylveon|Sylveon, L50, M, shiny|100/100
|turn|3
|
|t:|1756685946
|move|p1a: Garchomp|Dragon Claw|p2a: Yanma
|-enditem|p2a: Yanma|Focus Sash
|-damage|p2a: Yanma|1/100
|-damage|p1a: Garchomp|81/100|[from] item: Life Orb
|move|p2a: Yanma|Hypnosis|p1b: Annihilape
|-status|p1b: Annihilape|slp|[from] move: Hypnosis
|cant|p1b: Annihilape|slp
|move|p2b: Sylveon|Calm Mind|p2b: Sylveon
|-boost|p2b: Sylveon|spa|1
|-boost|p2b: Sylveon|spd|1
|
|upkeep
|turn|4
|
|t:|1756685961
|cant|p1b: Annihilape|slp
|move|p1a: Garchomp|Dragon Claw|p2a: Yanma
|-damage|p2a: Yanma|0 fnt
|faint|p2a: Yanma
|-damage|p1a: Garchomp|71/100|[from] item: Life Orb
|move|p2b: Sylveon|Hyper Voice|p1b: Annihilape|[spread] p1a,p1b
|-supereffective|p1a: Garchomp
|-resisted|p1b: Annihilape
|-damage|p1a: Garchomp|0 fnt
|-damage|p1b: Annihilape|26/100 slp
|faint|p1a: Garchomp
|
|upkeep
|
|t:|1756685972
|switch|p1a: Kingambit|Kingambit, L50, F|100/100
|turn|5
|
|t:|1756685980
|-terastallize|p2b: Sylveon|Fire
|cant|p1b: Annihilape|slp
|move|p2b: Sylveon|Hyper Voice|p1b: Annihilape|[spread] p1a,p1b
|-resisted|p1b: Annihilape
|-damage|p1a: Kingambit|34/100
|-damage|p1b: Annihilape|0 fnt
|faint|p1b: Annihilape
|move|p1a: Kingambit|Iron Head|p2b: Sylveon
|-resisted|p2b: Sylveon
|-damage|p2b: Sylveon|74/100
|
|upkeep
|turn|6
|
|t:|1756685993
|move|p1a: Kingambit|Sucker Punch|p2b: Sylveon
|-damage|p2b: Sylveon|20/100
|move|p2b: Sylveon|Hyper Voice|p1a: Kingambit
|-damage|p1a: Kingambit|0 fnt
|faint|p1a: Kingambit
|
|win|Parchesin
|raw|Lanz_D's rating: 1125 → 1098(-27 for losing)
|raw|Parchesin's rating: 1093 → 1121(+28 for winning)
