|j|‽daniiivgc
|j|☆Olciax34
|html|daniiivgcOlciax34    
|uhtml|bestof|Game 2 of a best-of-3
|t:|1784237795
|gametype|doubles
|player|p1|daniiivgc|giovanni|1294
|player|p2|Olciax34|101|1191
|gen|9
|tier|[Gen 9 Champions] VGC 2026 Reg M-B (Bo3)
|rated|
|rule|Species Clause: Limit one of each Pokémon
|rule|Item Clause: Limit 1 of each item
|clearpoke
|poke|p1|Charizard, L50, M|
|poke|p1|Venusaur, L50, M|
|poke|p1|Garchomp, L50, M|
|poke|p1|Incineroar, L50, M|
|poke|p1|Toxapex, L50, M|
|poke|p1|Annihilape, L50, M|
|poke|p2|Garchomp, L50, F|
|poke|p2|Whimsicott, L50, F|
|poke|p2|Aegislash, L50, M|
|poke|p2|Incineroar, L50, M|
|poke|p2|Charizard, L50, F|
|poke|p2|Floette-Eternal, L50, F|
|teampreview|4
|showteam|p1|Charizard||CharizarditeY|Blaze|HeatWave,WeatherBall,HelpingHand,Protect|Modest||M|||50|]Venusaur||LifeOrb|Chlorophyll|SolarBeam,SludgeBomb,EarthPower,Protect|Modest||M|||50|]Garchomp||ChoiceScarf|RoughSkin|DragonClaw,Earthquake,RockSlide,StompingTantrum|Adamant||M|||50|]Incineroar||SitrusBerry|Intimidate|FlareBlitz,ThroatChop,PartingShot,FakeOut|Impish||M|||50|]Toxapex||Leftovers|Regenerator|Toxic,Infestation,WideGuard,BanefulBunker|Bold||M|||50|]Annihilape||FocusSash|Defiant|PhantomForce,CloseCombat,RockTomb,Protect|Jolly||M|||50|
|showteam|p2|Garchomp||LifeOrb|RoughSkin|RockSlide,Earthquake,DragonClaw,Protect|Jolly||F|||50|]Whimsicott||FocusSash|Prankster|Moonblast,Tailwind,Encore,Protect|Timid||F|||50|]Aegislash||SpellTag|StanceChange|Poltergeist,IronHead,WideGuard,KingsShield|Adamant||M|||50|]Incineroar||SitrusBerry|Intimidate|FakeOut,ThroatChop,FlareBlitz,PartingShot|Careful||M|||50|]Charizard||CharizarditeY|SolarPower|HeatWave,WeatherBall,SolarBeam,Protect|Modest||F|||50|]Floette-Eternal||Floettite|FlowerVeil|Moonblast,LightofRuin,DazzlingGleam,Protect|Modest||F|||50|
|inactive|Battle timer is ON: inactive players will automatically lose when time's up. (requested by Olciax34)
|
|t:|1784237814
|teamsize|p1|4
|teamsize|p2|4
|start
|switch|p1a: Incineroar|Incineroar, L50, M|100/100
|switch|p1b: Toxapex|Toxapex, L50, M|100/100
|switch|p2a: Garchomp|Garchomp, L50, F|100/100
|switch|p2b: Whimsicott|Whimsicott, L50, F|100/100
|-ability|p1a: Incineroar|Intimidate|boost
|-unboost|p2a: Garchomp|atk|1
|-unboost|p2b: Whimsicott|atk|1
|turn|1
|
|t:|1784237831
|switch|p2a: Incineroar|Incineroar, L50, M|100/100
|-ability|p2a: Incineroar|Intimidate|boost
|-unboost|p1a: Incineroar|atk|1
|-unboost|p1b: Toxapex|atk|1
|move|p2b: Whimsicott|Protect|p2b: Whimsicott
|-singleturn|p2b: Whimsicott|Protect
|move|p1a: Incineroar|Fake Out|p2b: Whimsicott
|-activate|p2b: Whimsicott|move: Protect
|move|p1b: Toxapex|Infestation|p2a: Incineroar
|-damage|p2a: Incineroar|97/100
|-activate|p2a: Incineroar|move: Infestation|[of] p1b: Toxapex
|
|-damage|p2a: Incineroar|85/100|[from] move: Infestation|[partiallytrapped]
|upkeep
|turn|2
|
|t:|1784237852
|move|p2b: Whimsicott|Encore|p1b: Toxapex
|-start|p1b: Toxapex|Encore
|move|p1a: Incineroar|Parting Shot|p2b: Whimsicott
|-unboost|p2b: Whimsicott|atk|1
|-unboost|p2b: Whimsicott|spa|1
|
|t:|1784237858
|switch|p1a: Charizard|Charizard, L50, M|100/100|[from] Parting Shot
|move|p2a: Incineroar|Parting Shot|p1a: Charizard
|-unboost|p1a: Charizard|atk|1
|-unboost|p1a: Charizard|spa|1
|
|t:|1784237872
|switch|p2a: Charizard|Charizard, L50, F|100/100|[from] Parting Shot
|move|p1b: Toxapex|Infestation|p2b: Whimsicott
|-damage|p2b: Whimsicott|94/100
|-activate|p2b: Whimsicott|move: Infestation|[of] p1b: Toxapex
|
|-damage|p2b: Whimsicott|82/100|[from] move: Infestation|[partiallytrapped]
|upkeep
|turn|3
|
|t:|1784237891
|switch|p1a: Incineroar|Incineroar, L50, M|100/100
|-ability|p1a: Incineroar|Intimidate|boost
|-unboost|p2a: Charizard|atk|1
|-unboost|p2b: Whimsicott|atk|1
|detailschange|p2a: Charizard|Charizard-Mega-Y, L50, F
|-mega|p2a: Charizard|Charizard|Charizardite Y
|-weather|SunnyDay|[from] ability: Drought|[of] p2a: Charizard
|move|p2b: Whimsicott|Protect|p2b: Whimsicott
|-singleturn|p2b: Whimsicott|Protect
|move|p2a: Charizard|Solar Beam||[still]
|-prepare|p2a: Charizard|Solar Beam
|-anim|p2a: Charizard|Solar Beam|p1b: Toxapex
|-damage|p1b: Toxapex|63/100
|move|p1b: Toxapex|Infestation|p2a: Charizard
|-resisted|p2a: Charizard|2
|-damage|p2a: Charizard|99/100
|-activate|p2a: Charizard|move: Infestation|[of] p1b: Toxapex
|
|-weather|SunnyDay|[upkeep]
|-heal|p1b: Toxapex|68/100|[from] item: Leftovers
|-damage|p2b: Whimsicott|71/100|[from] move: Infestation|[partiallytrapped]
|-damage|p2a: Charizard|87/100|[from] move: Infestation|[partiallytrapped]
|upkeep
|turn|4
|
|t:|1784237913
|move|p1a: Incineroar|Fake Out|p2a: Charizard
|-damage|p2a: Charizard|75/100
|move|p2b: Whimsicott|Moonblast|p1b: Toxapex
|-resisted|p1b: Toxapex|1
|-damage|p1b: Toxapex|59/100
|cant|p2a: Charizard|flinch
|move|p1b: Toxapex|Infestation|p2b: Whimsicott
|-damage|p2b: Whimsicott|65/100
|
|-weather|SunnyDay|[upkeep]
|-heal|p1b: Toxapex|65/100|[from] item: Leftovers
|-damage|p2b: Whimsicott|54/100|[from] move: Infestation|[partiallytrapped]
|-damage|p2a: Charizard|62/100|[from] move: Infestation|[partiallytrapped]
|-end|p1b: Toxapex|Encore
|upkeep
|turn|5
|
|t:|1784237933
|-heal|p1b: Toxapex|98/100|[from] ability: Regenerator|[silent]
|switch|p1b: Charizard|Charizard, L50, M|100/100
|move|p2b: Whimsicott|Encore||[still]
|-fail|p2b: Whimsicott
|move|p2a: Charizard|Solar Beam||[still]
|-prepare|p2a: Charizard|Solar Beam
|-anim|p2a: Charizard|Solar Beam|p1b: Charizard
|-resisted|p1b: Charizard|2
|-damage|p1b: Charizard|85/100
|move|p1a: Incineroar|Parting Shot|p2a: Charizard
|-unboost|p2a: Charizard|atk|1
|-unboost|p2a: Charizard|spa|1
|
|t:|1784237944
|switch|p1a: Toxapex|Toxapex, L50, M|98/100|[from] Parting Shot
|
|-weather|SunnyDay|[upkeep]
|-heal|p1a: Toxapex|100/100|[from] item: Leftovers
|-end|p2b: Whimsicott|Infestation|[partiallytrapped]|[silent]
|-end|p2a: Charizard|Infestation|[partiallytrapped]|[silent]
|upkeep
|turn|6
|
|t:|1784237952
|switch|p2a: Garchomp|Garchomp, L50, F|100/100
|detailschange|p1b: Charizard|Charizard-Mega-Y, L50, M
|-mega|p1b: Charizard|Charizard|Charizardite Y
|move|p2b: Whimsicott|Protect|p2b: Whimsicott
|-singleturn|p2b: Whimsicott|Protect
|move|p1b: Charizard|Heat Wave|p2b: Whimsicott|[spread] p2a
|-activate|p2b: Whimsicott|move: Protect
|-resisted|p2a: Garchomp|1
|-damage|p2a: Garchomp|68/100
|move|p1a: Toxapex|Toxic|p2a: Garchomp
|-status|p2a: Garchomp|tox
|
|-weather|SunnyDay|[upkeep]
|-damage|p2a: Garchomp|62/100 tox|[from] psn
|upkeep
|turn|7
|
|t:|1784237974
|switch|p1b: Incineroar|Incineroar, L50, M|100/100
|-ability|p1b: Incineroar|Intimidate|boost
|-unboost|p2a: Garchomp|atk|1
|-unboost|p2b: Whimsicott|atk|1
|move|p2b: Whimsicott|Tailwind|p2b: Whimsicott
|-sidestart|p2: Olciax34|move: Tailwind
|move|p2a: Garchomp|Dragon Claw|p1b: Incineroar
|-damage|p1b: Incineroar|74/100
|-damage|p2a: Garchomp|52/100 tox|[from] item: Life Orb
|move|p1a: Toxapex|Toxic|p2b: Whimsicott
|-status|p2b: Whimsicott|tox
|
|-weather|none
|-damage|p2b: Whimsicott|48/100 tox|[from] psn
|-damage|p2a: Garchomp|41/100 tox|[from] psn
|upkeep
|turn|8
|inactive|Olciax34 has 30 seconds left.
|
|t:|1784238002
|move|p2b: Whimsicott|Encore|p1a: Toxapex
|-start|p1a: Toxapex|Encore
|move|p2a: Garchomp|Earthquake|p1b: Incineroar|[spread] p2b,p1a,p1b
|-resisted|p2b: Whimsicott|1
|-supereffective|p1a: Toxapex|1
|-supereffective|p1b: Incineroar|1
|-damage|p2b: Whimsicott|22/100 tox
|-damage|p1a: Toxapex|55/100
|-damage|p1b: Incineroar|31/100
|-enditem|p1b: Incineroar|Sitrus Berry|[eat]
|-heal|p1b: Incineroar|55/100|[from] item: Sitrus Berry
|-damage|p2a: Garchomp|31/100 tox|[from] item: Life Orb
|move|p1b: Incineroar|Parting Shot|p2a: Garchomp
|-unboost|p2a: Garchomp|atk|1
|-unboost|p2a: Garchomp|spa|1
|
|t:|1784238014
|switch|p1b: Charizard|Charizard-Mega-Y, L50, M|85/100|[from] Parting Shot
|-weather|SunnyDay|[from] ability: Drought|[of] p1b: Charizard
|move|p1a: Toxapex|Toxic|p2a: Garchomp
|-fail|p2a: Garchomp|tox
|
|-weather|SunnyDay|[upkeep]
|-heal|p1a: Toxapex|61/100|[from] item: Leftovers
|-damage|p2b: Whimsicott|11/100 tox|[from] psn
|-damage|p2a: Garchomp|13/100 tox|[from] psn
|upkeep
|turn|9
|
|t:|1784238036
|switch|p2b: Charizard|Charizard-Mega-Y, L50, F|62/100
|switch|p2a: Incineroar|Incineroar, L50, M|85/100
|-ability|p2a: Incineroar|Intimidate|boost
|-unboost|p1a: Toxapex|atk|1
|-unboost|p1b: Charizard|atk|1
|-heal|p1a: Toxapex|94/100|[from] ability: Regenerator|[silent]
|switch|p1a: Incineroar|Incineroar, L50, M|55/100
|-ability|p1a: Incineroar|Intimidate|boost
|-unboost|p2a: Incineroar|atk|1
|-unboost|p2b: Charizard|atk|1
|move|p1b: Charizard|Protect||[still]
|-fail|p1b: Charizard
|
|-weather|SunnyDay|[upkeep]
|upkeep
|turn|10
|
|t:|1784238055
|move|p2a: Incineroar|Fake Out|p1a: Incineroar
|-damage|p1a: Incineroar|50/100y
|move|p2b: Charizard|Heat Wave|p1b: Charizard|[spread] p1a,p1b
|-resisted|p1a: Incineroar|1
|-resisted|p1b: Charizard|1
|-damage|p1a: Incineroar|21/100
|-damage|p1b: Charizard|55/100
|move|p1b: Charizard|Heat Wave|p2a: Incineroar|[spread] p2a
|-miss|p1b: Charizard|p2b: Charizard
|-resisted|p2a: Incineroar|1
|-damage|p2a: Incineroar|61/100
|cant|p1a: Incineroar|flinch
|
|-weather|SunnyDay|[upkeep]
|-sideend|p2: Olciax34|move: Tailwind
|upkeep
|turn|11
|inactive|Olciax34 has 30 seconds left.
|inactive|Olciax34 has 20 seconds left.
|inactive|Olciax34 has 15 seconds left.
|
|t:|1784238099
|move|p2b: Charizard|Heat Wave|p1b: Charizard|[spread] p1a,p1b
|-resisted|p1a: Incineroar|1
|-resisted|p1b: Charizard|1
|-damage|p1a: Incineroar|0 fnt
|-damage|p1b: Charizard|27/100
|faint|p1a: Incineroar
|move|p1b: Charizard|Weather Ball|p2b: Charizard
|-resisted|p2b: Charizard|1
|-damage|p2b: Charizard|26/100
|move|p2a: Incineroar|Parting Shot|p1b: Charizard
|-unboost|p1b: Charizard|atk|1
|-unboost|p1b: Charizard|spa|1
|
|t:|1784238114
|switch|p2a: Whimsicott|Whimsicott, L50, F|11/100 tox|[from] Parting Shot
|
|-weather|SunnyDay|[upkeep]
|-damage|p2a: Whimsicott|5/100 tox|[from] psn
|upkeep
|
|t:|1784238117
|switch|p1a: Toxapex|Toxapex, L50, M|94/100
|turn|12
|
|t:|1784238126
|move|p2b: Charizard|Protect|p2b: Charizard
|-singleturn|p2b: Charizard|Protect
|move|p1b: Charizard|Protect|p1b: Charizard
|-singleturn|p1b: Charizard|Protect
|move|p2a: Whimsicott|Tailwind|p2a: Whimsicott
|-sidestart|p2: Olciax34|move: Tailwind
|move|p1a: Toxapex|Infestation|p2b: Charizard
|-activate|p2b: Charizard|move: Protect
|
|-weather|none
|-heal|p1a: Toxapex|100/100|[from] item: Leftovers
|-damage|p2a: Whimsicott|0 fnt|[from] psn
|faint|p2a: Whimsicott
|upkeep
|
|t:|1784238140
|switch|p2a: Garchomp|Garchomp, L50, F|13/100 tox
|turn|13
|
|t:|1784238155
|move|p2a: Garchomp|Earthquake|p1a: Toxapex|[spread] p1a
|-immune|p2b: Charizard
|-immune|p1b: Charizard
|-supereffective|p1a: Toxapex|1
|-damage|p1a: Toxapex|30/100
|-damage|p2a: Garchomp|3/100 tox|[from] item: Life Orb
|move|p2b: Charizard|Weather Ball|p1b: Charizard
|-damage|p1b: Charizard|7/100
|move|p1b: Charizard|Heat Wave|p2b: Charizard|[spread] p2b
|-miss|p1b: Charizard|p2a: Garchomp
|-resisted|p2b: Charizard|1
|-damage|p2b: Charizard|15/100
|move|p1a: Toxapex|Infestation|p2b: Charizard
|-resisted|p2b: Charizard|2
|-damage|p2b: Charizard|14/100
|-activate|p2b: Charizard|move: Infestation|[of] p1a: Toxapex
|
|-heal|p1a: Toxapex|36/100|[from] item: Leftovers
|-damage|p2a: Garchomp|0 fnt|[from] psn
|faint|p2a: Garchomp
|-damage|p2b: Charizard|2/100|[from] move: Infestation|[partiallytrapped]
|upkeep
|
|t:|1784238174
|switch|p2a: Incineroar|Incineroar, L50, M|61/100
|-ability|p2a: Incineroar|Intimidate|boost
|-unboost|p1a: Toxapex|atk|1
|-unboost|p1b: Charizard|atk|1
|turn|14
|
|t:|1784238188
|move|p1a: Toxapex|Baneful Bunker|p1a: Toxapex
|-singleturn|p1a: Toxapex|move: Protect
|move|p2b: Charizard|Heat Wave|p1b: Charizard|[spread] p1b
|-activate|p1a: Toxapex|move: Protect
|-resisted|p1b: Charizard|1
|-damage|p1b: Charizard|0 fnt
|faint|p1b: Charizard
|move|p2a: Incineroar|Flare Blitz|p1a: Toxapex
|-activate|p1a: Toxapex|move: Protect
|-status|p2a: Incineroar|psn
|
|-heal|p1a: Toxapex|42/100|[from] item: Leftovers
|-damage|p2a: Incineroar|49/100 psn|[from] psn
|-damage|p2b: Charizard|0 fnt|[from] move: Infestation|[partiallytrapped]
|faint|p2b: Charizard
|upkeep
|-enditem|p2a: Incineroar|Sitrus Berry|[eat]
|-heal|p2a: Incineroar|74/100 psn|[from] item: Sitrus Berry
|
|t:|1784238197
|switch|p1b: Venusaur|Venusaur, L50, M|100/100
|turn|15
|
|t:|1784238206
|move|p1b: Venusaur|Protect|p1b: Venusaur
|-singleturn|p1b: Venusaur|Protect
|move|p2a: Incineroar|Flare Blitz|p1b: Venusaur
|-activate|p1b: Venusaur|move: Protect
|move|p1a: Toxapex|Infestation|p2a: Incineroar
|-damage|p2a: Incineroar|71/100 psn
|-activate|p2a: Incineroar|move: Infestation|[of] p1a: Toxapex
|
|-heal|p1a: Toxapex|47/100|[from] item: Leftovers
|-damage|p2a: Incineroar|59/100 psn|[from] psn
|-damage|p2a: Incineroar|47/100 psn|[from] move: Infestation|[partiallytrapped]
|-sideend|p2: Olciax34|move: Tailwind
|upkeep
|turn|16
|-message|Olciax34 forfeited.
|
|win|daniiivgc
|l|☆Olciax34
|player|p2|
||Olciax34 is ready for game 3.
||Olciax34 is ready for game 3.
||daniiivgc is ready for game 3.
|uhtml|next|Next: Game 3 of 3
|j|☆Olciax34
|player|p2|Olciax34|101|
