|j|☆raylof
|j|☆SlaymonSays
|html|raylofSlaymonSays    
|uhtml|bestof|Game 2 of a best-of-3
|t:|1757815095
|gametype|doubles
|player|p1|raylof|102|1309
|player|p2|SlaymonSays|102|1375
|gen|9
|tier|[Gen 9] VGC 2025 Reg H (Bo3)
|rated|
|rule|Species Clause: Limit one of each Pokémon
|rule|Item Clause: Limit 1 of each item
|clearpoke
|poke|p1|Kilowattrel, L50, F|
|poke|p1|Mamoswine, L50, F|
|poke|p1|Volcarona, L50, M|
|poke|p1|Dragonite, L50, F|
|poke|p1|Tauros-Paldea-Aqua, L50, M|
|poke|p1|Gholdengo, L50|
|poke|p2|Ursaluna-Bloodmoon, L50, M|
|poke|p2|Dragonite, L50, F|
|poke|p2|Gholdengo, L50|
|poke|p2|Rillaboom, L50, M|
|poke|p2|Incineroar, L50, F|
|poke|p2|Ninetales-Alola, L50, F|
|teampreview|4
|showteam|p1|Kilowattrel||ChoiceSpecs|Competitive|Discharge,AirSlash,Thunderbolt,VoltSwitch|||F|||50|,,,,,Ghost]Mamoswine||FocusSash|Oblivious|Earthquake,IceShard,IcicleCrash,Protect|||F|||50|,,,,,Ghost]Volcarona||CovertCloak|FlameBody|WillOWisp,StruggleBug,RagePowder,Tailwind|||M|||50|,,,,,Dragon]Dragonite||LoadedDice|Multiscale|ScaleShot,TeraBlast,Haze,Protect|||F|||50|,,,,,Flying]Tauros-Paldea-Aqua||MirrorHerb|Intimidate|AquaJet,CloseCombat,RagingBull,Protect|||M|||50|,,,,,Ground]Gholdengo||ChoiceScarf|GoodasGold|MakeItRain,ShadowBall,Protect,Trick||||||50|,,,,,Flying
|showteam|p2|Ursaluna-Bloodmoon||ChoiceSpecs|MindsEye|BloodMoon,HyperVoice,EarthPower,VacuumWave|||M|||50|,,,,,Normal]Dragonite||LoadedDice|InnerFocus|ScaleShot,Haze,Tailwind,Protect|||F|||50|,,,,,Fairy]Gholdengo||Leftovers|GoodasGold|MakeItRain,ShadowBall,NastyPlot,Protect||||||50|,,,,,Water]Rillaboom||AssaultVest|GrassySurge|FakeOut,GrassyGlide,WoodHammer,HighHorsepower|||M|||50|,,,,,Fire]Incineroar||SafetyGoggles|Intimidate|FakeOut,FlareBlitz,KnockOff,PartingShot|||F|||50|,,,,,Ghost]Ninetales-Alola||CovertCloak|SnowWarning|Blizzard,Disable,Encore,AuroraVeil|||F|||50|,,,,,Fire
|
|t:|1757815123
|teamsize|p1|4
|teamsize|p2|4
|start
|switch|p1a: Volcarona|Volcarona, L50, M|100/100
|switch|p1b: Gholdengo|Gholdengo, L50|100/100
|switch|p2a: Incineroar|Incineroar, L50, F|100/100
|switch|p2b: Dragonite|Dragonite, L50, F|100/100
|-ability|p2a: Incineroar|Intimidate|boost
|-unboost|p1a: Volcarona|atk|1
|-unboost|p1b: Gholdengo|atk|1
|turn|1
|
|t:|1757815155
|move|p1b: Gholdengo|Trick|p2b: Dragonite
|-activate|p1b: Gholdengo|move: Trick|[of] p2b: Dragonite
|-item|p2b: Dragonite|Choice Scarf|[from] move: Trick
|-item|p1b: Gholdengo|Loaded Dice|[from] move: Trick
|move|p2b: Dragonite|Tailwind|p2b: Dragonite
|-sidestart|p2: SlaymonSays|move: Tailwind
|move|p2a: Incineroar|Flare Blitz|p1b: Gholdengo
|-supereffective|p1b: Gholdengo
|-damage|p1b: Gholdengo|0 fnt
|faint|p1b: Gholdengo
|-damage|p2a: Incineroar|74/100|[from] Recoil
|move|p1a: Volcarona|Will-O-Wisp|p2b: Dragonite
|-status|p2b: Dragonite|brn
|
|-damage|p2b: Dragonite|95/100 brn|[from] brn
|upkeep
|
|t:|1757815174
|switch|p1b: Mamoswine|Mamoswine, L50, F|100/100
|turn|2
|
|t:|1757815184
|-terastallize|p2a: Incineroar|Ghost
|move|p1b: Mamoswine|Protect|p1b: Mamoswine
|-singleturn|p1b: Mamoswine|Protect
|move|p2b: Dragonite|Tailwind||[still]
|-fail|p2b: Dragonite
|move|p2a: Incineroar|Knock Off|p1b: Mamoswine
|-activate|p1b: Mamoswine|move: Protect
|move|p1a: Volcarona|Tailwind|p1a: Volcarona
|-sidestart|p1: raylof|move: Tailwind
|
|-damage|p2b: Dragonite|89/100 brn|[from] brn
|upkeep
|turn|3
|
|t:|1757815203
|switch|p2a: Ninetales|Ninetales-Alola, L50, F|100/100
|-weather|Snowscape|[from] ability: Snow Warning|[of] p2a: Ninetales
|move|p2b: Dragonite|Tailwind||[still]
|-fail|p2b: Dragonite
|move|p1a: Volcarona|Will-O-Wisp|p2a: Ninetales
|-status|p2a: Ninetales|brn
|move|p1b: Mamoswine|Icicle Crash|p2a: Ninetales
|-resisted|p2a: Ninetales
|-damage|p2a: Ninetales|80/100 brn
|
|-weather|Snowscape|[upkeep]
|-damage|p2b: Dragonite|83/100 brn|[from] brn
|-damage|p2a: Ninetales|74/100 brn|[from] brn
|upkeep
|turn|4
|
|t:|1757815226
|switch|p1a: Kilowattrel|Kilowattrel, L50, F|100/100
|move|p2b: Dragonite|Tailwind||[still]
|-fail|p2b: Dragonite
|move|p2a: Ninetales|Encore|p1b: Mamoswine
|-start|p1b: Mamoswine|Encore
|move|p1b: Mamoswine|Icicle Crash|p2a: Ninetales
|-resisted|p2a: Ninetales
|-damage|p2a: Ninetales|52/100 brn
|
|-weather|Snowscape|[upkeep]
|-damage|p2b: Dragonite|77/100 brn|[from] brn
|-damage|p2a: Ninetales|45/100 brn|[from] brn
|-sideend|p2: SlaymonSays|move: Tailwind
|upkeep
|turn|5
|
|t:|1757815248
|switch|p1b: Volcarona|Volcarona, L50, M|100/100
|move|p1a: Kilowattrel|Discharge|p2b: Dragonite|[spread] p1b,p2a,p2b
|-damage|p1b: Volcarona|67/100
|-damage|p2a: Ninetales|0 fnt
|-damage|p2b: Dragonite|33/100 brn
|faint|p2a: Ninetales
|move|p2b: Dragonite|Tailwind|p2b: Dragonite
|-sidestart|p2: SlaymonSays|move: Tailwind
|
|-weather|Snowscape|[upkeep]
|-damage|p2b: Dragonite|27/100 brn|[from] brn
|-sideend|p1: raylof|move: Tailwind
|upkeep
|
|t:|1757815254
|switch|p2a: Ursaluna|Ursaluna-Bloodmoon, L50, M|100/100
|turn|6
|
|t:|1757815275
|switch|p1a: Mamoswine|Mamoswine, L50, F|100/100
|move|p2b: Dragonite|Tailwind||[still]
|-fail|p2b: Dragonite
|move|p2a: Ursaluna|Blood Moon|p1b: Volcarona
|-damage|p1b: Volcarona|0 fnt
|faint|p1b: Volcarona
|
|-weather|Snowscape|[upkeep]
|-damage|p2b: Dragonite|21/100 brn|[from] brn
|upkeep
|
|t:|1757815285
|switch|p1b: Kilowattrel|Kilowattrel, L50, F|100/100
|turn|7
|
|t:|1757815309
|switch|p2a: Incineroar|Incineroar, L50, F, tera:Ghost|74/100
|-ability|p2a: Incineroar|Intimidate|boost
|-fail|p1a: Mamoswine|unboost|Attack|[from] ability: Oblivious|[of] p1a: Mamoswine
|-unboost|p1b: Kilowattrel|atk|1
|-ability|p1b: Kilowattrel|Competitive|boost
|-boost|p1b: Kilowattrel|spa|2
|move|p2b: Dragonite|Tailwind||[still]
|-fail|p2b: Dragonite
|move|p1b: Kilowattrel|Air Slash|p2a: Incineroar
|-damage|p2a: Incineroar|0 fnt
|faint|p2a: Incineroar
|move|p1a: Mamoswine|Earthquake|p2b: Dragonite|[spread] 
|-immune|p1b: Kilowattrel
|-immune|p2b: Dragonite
|
|-weather|none
|-damage|p2b: Dragonite|15/100 brn|[from] brn
|upkeep
|
|t:|1757815315
|switch|p2a: Ursaluna|Ursaluna-Bloodmoon, L50, M|100/100
|turn|8
|-message|SlaymonSays forfeited.
|
|win|raylof
|raw|raylof's rating: 1309 → 1333(+24 for winning)
|raw|SlaymonSays's rating: 1375 → 1351(-24 for losing)
|l|☆SlaymonSays
|player|p2|
