|j|☆Isam_26011
|j|☆Pickle315
|html|Isam_26011Pickle315    
|uhtml|bestof|Game 3 of a best-of-3
|t:|1756953641
|gametype|doubles
|player|p1|Isam_26011|n|1083
|player|p2|Pickle315|hilbert|1040
|gen|9
|tier|[Gen 9] VGC 2025 Reg H (Bo3)
|rated|
|rule|Species Clause: Limit one of each Pokémon
|rule|Item Clause: Limit 1 of each item
|clearpoke
|poke|p1|Indeedee-F, L50, F|
|poke|p1|Hatterene, L50, F|
|poke|p1|Gallade, L50, M|
|poke|p1|Ursaluna, L50, M|
|poke|p1|Sunflora, L50, M|
|poke|p1|Torkoal, L50, M|
|poke|p2|Torkoal, L50, F|
|poke|p2|Amoonguss, L50, M|
|poke|p2|Charizard, L50, F|
|poke|p2|Kingambit, L50, M|
|poke|p2|Rillaboom, L50, M|
|poke|p2|Dragapult, L50, F|
|teampreview|4
|showteam|p1|Indeedee-F||PsychicSeed|PsychicSurge|TrickRoom,FollowMe,HelpingHand,DazzlingGleam|||F|||50|,,,,,Fire]Hatterene||LifeOrb|MagicBounce|ExpandingForce,TrickRoom,DazzlingGleam,Protect|||F|||50|,,,,,Psychic]Gallade||ClearAmulet|Sharpness|PsychoCut,TrickRoom,SacredSword,WideGuard|||M|||50|,,,,,Grass]Ursaluna||FlameOrb|Guts|HeadlongRush,Facade,SwordsDance,Protect|||M|||50|,,,,,Ghost]Sunflora||AssaultVest|SolarPower|EnergyBall,WeatherBall,SludgeBomb,EarthPower|||M|||50|,,,,,Fire]Torkoal||ChoiceSpecs|Drought|Eruption,HeatWave,WeatherBall,EarthPower|||M|||50|,,,,,Fire
|showteam|p2|Torkoal||SafetyGoggles|Drought|BodyPress,HeatWave,HelpingHand,WillOWisp|||F|||50|,,,,,Fighting]Amoonguss||RockyHelmet|Regenerator|PollenPuff,RagePowder,Spore,Synthesis|||M|||50|,,,,,Water]Charizard||LifeOrb|SolarPower|TeraBlast,HeatWave,Protect,SolarBeam|||F|||50|,,,,,Flying]Kingambit||AssaultVest|Defiant|KowtowCleave,IronHead,SuckerPunch,BrickBreak|||M|||50|,,,,,Ghost]Rillaboom||SitrusBerry|GrassySurge|HighHorsepower,GrassyGlide,SolarBlade,FakeOut|||M|||50|,,,,,Electric]Dragapult||ColburBerry|ClearBody|SunnyDay,Protect,DracoMeteor,Thunderbolt|||F|||50|,,,,,Steel
|c|☆Pickle315|follow me for the charizard
|c|☆Isam_26011|Oh
|c|☆Pickle315|if you had done that, i would have lost
|c|☆Isam_26011|...
|c|☆Isam_26011|Yeah
|c|☆Isam_26011|Sorry
|c|☆Pickle315|dont apologize for me winning
|c|☆Pickle315|im just saying, if u wanna win that tournament
|
|t:|1756953714
|teamsize|p1|4
|teamsize|p2|4
|start
|switch|p1a: Paty|Indeedee-F, L50, F, shiny|100/100
|switch|p1b: Acelga|Hatterene, L50, F, shiny|100/100
|switch|p2a: Dragapult|Dragapult, L50, F|100/100
|switch|p2b: Charizard|Charizard, L50, F|100/100
|-fieldstart|move: Psychic Terrain|[from] ability: Psychic Surge|[of] p1a: Paty
|-enditem|p1a: Paty|Psychic Seed
|-boost|p1a: Paty|spd|1|[from] item: Psychic Seed
|turn|1
|
|t:|1756953731
|-terastallize|p2b: Charizard|Flying
|move|p1a: Paty|Follow Me|p1a: Paty
|-singleturn|p1a: Paty|move: Follow Me
|move|p2a: Dragapult|Sunny Day|p2a: Dragapult
|-weather|SunnyDay
|move|p2b: Charizard|Tera Blast|p1a: Paty|[anim] Tera Blast Flying
|-damage|p1a: Paty|43/100
|-damage|p2b: Charizard|91/100|[from] item: Life Orb
|move|p1b: Acelga|Trick Room|p1b: Acelga
|-fieldstart|move: Trick Room|[of] p1b: Acelga
|
|-weather|SunnyDay|[upkeep]
|-damage|p2b: Charizard|78/100|[from] ability: Solar Power|[of] p2b: Charizard
|upkeep
|turn|2
|c|☆Pickle315|dang
|
|t:|1756953752
|move|p1a: Paty|Helping Hand|p1b: Acelga
|-singleturn|p1b: Acelga|Helping Hand|[of] p1a: Paty
|move|p2b: Charizard|Protect|p2b: Charizard
|-singleturn|p2b: Charizard|Protect
|move|p2a: Dragapult|Protect|p2a: Dragapult
|-singleturn|p2a: Dragapult|Protect
|move|p1b: Acelga|Expanding Force|p2b: Charizard|[spread] 
|-activate|p2a: Dragapult|move: Protect
|-activate|p2b: Charizard|move: Protect
|
|-weather|SunnyDay|[upkeep]
|-damage|p2b: Charizard|66/100|[from] ability: Solar Power|[of] p2b: Charizard
|upkeep
|turn|3
|
|t:|1756953777
|switch|p2b: Kingambit|Kingambit, L50, M|100/100
|move|p1a: Paty|Helping Hand|p1b: Acelga
|-singleturn|p1b: Acelga|Helping Hand|[of] p1a: Paty
|move|p1b: Acelga|Expanding Force|p2b: Kingambit|[spread] p2a
|-immune|p2b: Kingambit
|-damage|p2a: Dragapult|0 fnt
|faint|p2a: Dragapult
|-damage|p1b: Acelga|91/100|[from] item: Life Orb
|
|-weather|SunnyDay|[upkeep]
|upkeep
|
|t:|1756953791
|switch|p2a: Charizard|Charizard, L50, F, tera:Flying|66/100
|turn|4
|
|t:|1756953809
|switch|p1a: GOD|Sunflora, L50, M|100/100
|move|p1b: Acelga|Protect|p1b: Acelga
|-singleturn|p1b: Acelga|Protect
|move|p2a: Charizard|Protect|p2a: Charizard
|-singleturn|p2a: Charizard|Protect
|move|p2b: Kingambit|Iron Head|p1b: Acelga
|-activate|p1b: Acelga|move: Protect
|
|-weather|SunnyDay|[upkeep]
|-damage|p1a: GOD|88/100|[from] ability: Solar Power|[of] p1a: GOD
|-damage|p2a: Charizard|54/100|[from] ability: Solar Power|[of] p2a: Charizard
|upkeep
|turn|5
|
|t:|1756953831
|switch|p2a: Torkoal|Torkoal, L50, F|100/100
|move|p1b: Acelga|Expanding Force|p2a: Torkoal|[spread] p2a
|-immune|p2b: Kingambit
|-damage|p2a: Torkoal|0 fnt
|faint|p2a: Torkoal
|-damage|p1b: Acelga|82/100|[from] item: Life Orb
|move|p1a: GOD|Weather Ball|p2b: Kingambit
|-supereffective|p2b: Kingambit
|-crit|p2b: Kingambit
|-damage|p2b: Kingambit|0 fnt
|faint|p2b: Kingambit
|
|-weather|none
|-fieldend|move: Trick Room
|-fieldend|move: Psychic Terrain
|upkeep
|
|t:|1756953845
|switch|p2b: Charizard|Charizard, L50, F, tera:Flying|54/100
|turn|6
|c|☆Pickle315|gg
|c|☆Isam_26011|GOD SUNFLOWER, DEFEAT MY ENEMIES AND I WILL GIVE YOU MY SOUL.
|c|☆Isam_26011|Sunflora*
|
|t:|1756953896
|move|p2b: Charizard|Heat Wave|p1a: GOD|[spread] p1a,p1b
|-supereffective|p1a: GOD
|-damage|p1a: GOD|17/100
|-damage|p1b: Acelga|33/100
|-damage|p2b: Charizard|44/100|[from] item: Life Orb
|move|p1a: GOD|Sludge Bomb|p2b: Charizard
|-damage|p2b: Charizard|8/100
|move|p1b: Acelga|Trick Room|p1b: Acelga
|-fieldstart|move: Trick Room|[of] p1b: Acelga
|
|upkeep
|turn|7
|c|☆Isam_26011|GOD SUNFLORA
|c|☆Isam_26011|KILL HIM
|
|t:|1756953917
|move|p1b: Acelga|Protect|p1b: Acelga
|-singleturn|p1b: Acelga|Protect
|move|p1a: GOD|Sludge Bomb|p2b: Charizard
|-damage|p2b: Charizard|0 fnt
|faint|p2b: Charizard
|
|win|Isam_26011
|raw|Isam_26011's rating: 1083 → 1107(+24 for winning)
|raw|Pickle315's rating: 1040 → 1026(-14 for losing)
|c|☆Pickle315|gg
|c|☆Isam_26011|GG BUDDY
|c|☆Isam_26011|GN
|c|☆Isam_26011|<3
|c|☆Pickle315|gn lol
