|j|☆EQof1
|j|☆jrohn33
|html|EQof1jrohn33    
|uhtml|bestof|Game 2 of a best-of-3
|t:|1782325836
|gametype|doubles
|player|p1|EQof1|170|1044
|player|p2|jrohn33|artist-gen4|1105
|gen|9
|tier|[Gen 9 Champions] VGC 2026 Reg M-B (Bo3)
|rated|
|rule|Species Clause: Limit one of each Pokémon
|rule|Item Clause: Limit 1 of each item
|clearpoke
|poke|p1|Garchomp, L50, M|
|poke|p1|Oranguru, L50, F|
|poke|p1|Incineroar, L50, M|
|poke|p1|Sylveon, L50, F|
|poke|p1|Venusaur, L50, F|
|poke|p1|Corviknight, L50, M|
|poke|p2|Raichu, L50, M|
|poke|p2|Gholdengo, L50, shiny|
|poke|p2|Whimsicott, L50, M, shiny|
|poke|p2|Garchomp, L50, M, shiny|
|poke|p2|Basculegion, L50, M|
|poke|p2|Blaziken, L50, M, shiny|
|teampreview|4
|showteam|p1|Garchomp||Garchompite|SandVeil|Earthquake,DragonClaw,RockSlide,Protect|Adamant||M|||50|]Oranguru||SitrusBerry|Telepathy|Instruct,TrickRoom,Psychic,Protect|Sassy||F|||50|]Incineroar||ChopleBerry|Intimidate|FlareBlitz,ThroatChop,PartingShot,FakeOut|Adamant||M|||50|]Sylveon||FairyFeather|Pixilate|HyperVoice,HyperBeam,QuickAttack,Detect|Quiet||F|||50|]Venusaur||Venusaurite|Overgrow|GigaDrain,SludgeBomb,EarthPower,Protect|Calm||F|||50|]Corviknight||Leftovers|MirrorArmor|BraveBird,IronHead,Tailwind,BulkUp|Adamant||M|||50|
|showteam|p2|Raichu||RaichuniteY|Static|FocusBlast,ZapCannon,FakeOut,Protect|Modest||M|||50|]Gholdengo||LifeOrb|GoodasGold|NastyPlot,MakeItRain,Protect,ShadowBall|Modest|||||50|]Whimsicott||FocusSash|Prankster|Moonblast,Tailwind,Protect,Encore|Timid||M|||50|]Garchomp||ExpertBelt|RoughSkin|Earthquake,DragonClaw,Protect,RockSlide|Jolly||M|||50|]Basculegion||MysticWater|Adaptability|Liquidation,AquaJet,Protect,LastRespects|Jolly||M|||50|]Blaziken||Blazikenite|SpeedBoost|CloseCombat,FlareBlitz,Protect,BulkUp|Jolly||M|||50|
|inactive|Battle timer is ON: inactive players will automatically lose when time's up. (requested by jrohn33)
|inactive|EQof1 has 60 seconds left.
|inactive|EQof1 has 30 seconds left.
|inactive|EQof1 has 20 seconds left.
|inactive|EQof1 has 15 seconds left.
|inactive|EQof1 has 10 seconds left.
|
|t:|1782325921
|teamsize|p1|4
|teamsize|p2|4
|start
|switch|p1a: Sylveon|Sylveon, L50, F|100/100
|switch|p1b: Oranguru|Oranguru, L50, F|100/100
|switch|p2a: Gholdengo|Gholdengo, L50, shiny|100/100
|switch|p2b: Whimsicott|Whimsicott, L50, M, shiny|100/100
|turn|1
|
|t:|1782325946
|switch|p1a: Corviknight|Corviknight, L50, M|100/100
|move|p2b: Whimsicott|Moonblast|p1b: Oranguru
|-damage|p1b: Oranguru|77/100
|-unboost|p1b: Oranguru|spa|1
|move|p2a: Gholdengo|Nasty Plot|p2a: Gholdengo
|-boost|p2a: Gholdengo|spa|2
|move|p1b: Oranguru|Psychic|p2b: Whimsicott
|-damage|p2b: Whimsicott|70/100
|
|upkeep
|turn|2
|inactive|EQof1 has 30 seconds left.
|
|t:|1782325971
|move|p2b: Whimsicott|Tailwind|p2b: Whimsicott
|-sidestart|p2: jrohn33|move: Tailwind
|move|p2a: Gholdengo|Shadow Ball|p1a: Corviknight
|-damage|p1a: Corviknight|2/100
|-damage|p2a: Gholdengo|90/100|[from] item: Life Orb
|move|p1a: Corviknight|Iron Head|p2b: Whimsicott
|-supereffective|p2b: Whimsicott|1
|-damage|p2b: Whimsicott|0 fnt
|faint|p2b: Whimsicott
|move|p1b: Oranguru|Trick Room|p1b: Oranguru
|-fieldstart|move: Trick Room|[of] p1b: Oranguru
|
|-heal|p1a: Corviknight|8/100|[from] item: Leftovers
|upkeep
|
|t:|1782325984
|switch|p2b: Raichu|Raichu, L50, M|100/100
|turn|3
|
|t:|1782326007
|detailschange|p2b: Raichu|Raichu-Mega-Y, L50, M
|-mega|p2b: Raichu|Raichu|Raichunite Y
|move|p1b: Oranguru|Protect|p1b: Oranguru
|-singleturn|p1b: Oranguru|Protect
|move|p2b: Raichu|Fake Out|p1b: Oranguru
|-activate|p1b: Oranguru|move: Protect
|move|p1a: Corviknight|Iron Head|p2b: Raichu
|-resisted|p2b: Raichu|1
|-damage|p2b: Raichu|78/100
|move|p2a: Gholdengo|Make It Rain|p1b: Oranguru|[spread] p1a
|-activate|p1b: Oranguru|move: Protect
|-resisted|p1a: Corviknight|1
|-damage|p1a: Corviknight|0 fnt
|-unboost|p2a: Gholdengo|spa|2
|faint|p1a: Corviknight
|-damage|p2a: Gholdengo|80/100|[from] item: Life Orb
|
|upkeep
|
|t:|1782326020
|switch|p1a: Garchomp|Garchomp, L50, M|100/100
|turn|4
|
|t:|1782326029
|detailschange|p1a: Garchomp|Garchomp-Mega, L50, M
|-mega|p1a: Garchomp|Garchomp|Garchompite
|move|p2b: Raichu|Protect|p2b: Raichu
|-singleturn|p2b: Raichu|Protect
|move|p1b: Oranguru|Instruct||[still]
|-fail|p1b: Oranguru
|move|p1a: Garchomp|Earthquake|p2b: Raichu|[spread] p2a
|-activate|p2b: Raichu|move: Protect
|-activate|p1b: Oranguru|ability: Telepathy
|-supereffective|p2a: Gholdengo|1
|-damage|p2a: Gholdengo|0 fnt
|faint|p2a: Gholdengo
|
|upkeep
|
|t:|1782326041
|switch|p2a: Garchomp|Garchomp, L50, M, shiny|100/100
|turn|5
|
|t:|1782326063
|move|p2a: Garchomp|Protect|p2a: Garchomp
|-singleturn|p2a: Garchomp|Protect
|move|p1b: Oranguru|Instruct|p1a: Garchomp
|-singleturn|p1a: Garchomp|move: Instruct|[of] p1b: Oranguru
|move|p1a: Garchomp|Earthquake|p2a: Garchomp|[spread] p2b
|-activate|p2a: Garchomp|move: Protect
|-activate|p1b: Oranguru|ability: Telepathy
|-supereffective|p2b: Raichu|1
|-damage|p2b: Raichu|0 fnt
|faint|p2b: Raichu
|move|p1a: Garchomp|Earthquake|p2a: Garchomp|[spread] 
|-activate|p2a: Garchomp|move: Protect
|-activate|p1b: Oranguru|ability: Telepathy
|
|-sideend|p2: jrohn33|move: Tailwind
|upkeep
|turn|6
|
|t:|1782326077
|move|p1b: Oranguru|Instruct|p1a: Garchomp
|-singleturn|p1a: Garchomp|move: Instruct|[of] p1b: Oranguru
|move|p1a: Garchomp|Earthquake|p2a: Garchomp|[spread] p2a
|-activate|p1b: Oranguru|ability: Telepathy
|-damage|p2a: Garchomp|54/100
|move|p1a: Garchomp|Dragon Claw|p2a: Garchomp
|-supereffective|p2a: Garchomp|1
|-damage|p2a: Garchomp|0 fnt
|-damage|p1a: Garchomp|87/100|[from] ability: Rough Skin|[of] p2a: Garchomp
|faint|p2a: Garchomp
|
|win|EQof1
||jrohn33 is ready for game 3.
|inactive|EQof1 has 30 seconds to confirm battle start!
