|j|☆ScrewSalesman
|j|☆ImOnX6Pace!
|html|ScrewSalesmanImOnX6Pace!    
|uhtml|bestof|Game 2 of a best-of-3
|t:|1757717829
|gametype|doubles
|player|p1|ScrewSalesman|cynthia-gen4|1304
|player|p2|ImOnX6Pace!|1|1164
|gen|9
|tier|[Gen 9] VGC 2025 Reg H (Bo3)
|rated|
|rule|Species Clause: Limit one of each Pokémon
|rule|Item Clause: Limit 1 of each item
|clearpoke
|poke|p1|Porygon2, L50|
|poke|p1|Incineroar, L50, F|
|poke|p1|Ursaluna, L50, M|
|poke|p1|Jumpluff, L50, F|
|poke|p1|Charizard, L50, M|
|poke|p1|Torkoal, L50, M|
|poke|p2|Smeargle, L50, F|
|poke|p2|Archaludon, L50, M|
|poke|p2|Pelipper, L50, F|
|poke|p2|Inteleon, L50, F|
|poke|p2|Sneasler, L50, M|
|poke|p2|Rillaboom, L50, M|
|teampreview|4
|showteam|p1|Porygon2||Eviolite|Download|TeraBlast,IceBeam,TrickRoom,Recover||||||50|,,,,,Fighting]Incineroar||SitrusBerry|Intimidate|FakeOut,KnockOff,FlareBlitz,PartingShot|||F|||50|,,,,,Ghost]Ursaluna||FlameOrb|Guts|HeadlongRush,Facade,Earthquake,Protect|||M|||50|,,,,,Ghost]Jumpluff||CovertCloak|Chlorophyll|RagePowder,SunnyDay,Tailwind,SleepPowder|||F|||50|,,,,,Water]Charizard||ChoiceSpecs|SolarPower|HeatWave,Overheat,WeatherBall,SolarBeam|||M|||50|,,,,,Ghost]Torkoal||EjectPack|Drought|Overheat,Eruption,HelpingHand,Protect|||M|||50|,,,,,Fire
|showteam|p2|Smeargle||FocusSash|Moody|FakeOut,Spore,WaterShuriken,FollowMe|||F|||50|,,,,,Ghost]Archaludon||AssaultVest|Stamina|BodyPress,ElectroShot,DracoMeteor,FlashCannon|||M|||50|,,,,,Grass]Pelipper||CovertCloak|Drizzle|Tailwind,Protect,WeatherBall,Hurricane|||F|||50|,,,,,Ground]Inteleon||ScopeLens|Sniper|SnipeShot,IceBeam,Haze,Protect|||F|||50|,,,,,Water]Sneasler||GrassySeed|Unburden|DireClaw,CloseCombat,ThroatChop,Protect|||M|||50|,,,,,Stellar]Rillaboom||MiracleSeed|GrassySurge|FakeOut,Uturn,WoodHammer,GrassyGlide|||M|||50|,,,,,Fire
|inactive|Battle timer is ON: inactive players will automatically lose when time's up. (requested by ScrewSalesman)
|
|t:|1757717844
|teamsize|p1|4
|teamsize|p2|4
|start
|switch|p1a: Incineroar|Incineroar, L50, F|100/100
|switch|p1b: Porygon2|Porygon2, L50, shiny|100/100
|switch|p2a: Sneasler|Sneasler, L50, M|100/100
|switch|p2b: Rillaboom|Rillaboom, L50, M|100/100
|-fieldstart|move: Grassy Terrain|[from] ability: Grassy Surge|[of] p2b: Rillaboom
|-enditem|p2a: Sneasler|Grassy Seed
|-boost|p2a: Sneasler|def|1|[from] item: Grassy Seed
|-ability|p1a: Incineroar|Intimidate|boost
|-unboost|p2a: Sneasler|atk|1
|-unboost|p2b: Rillaboom|atk|1
|-ability|p1b: Porygon2|Download|boost
|-boost|p1b: Porygon2|spa|1
|turn|1
|
|t:|1757717862
|move|p2b: Rillaboom|Fake Out|p1b: Porygon2
|-damage|p1b: Porygon2|95/100
|move|p1a: Incineroar|Fake Out|p2a: Sneasler
|-damage|p2a: Sneasler|86/100
|cant|p2a: Sneasler|flinch
|cant|p1b: Porygon2|flinch
|
|-heal|p2a: Sneasler|91/100|[from] Grassy Terrain
|-heal|p1b: Porygon2|100/100|[from] Grassy Terrain
|upkeep
|turn|2
|
|t:|1757717874
|move|p2a: Sneasler|Close Combat|p1b: Porygon2
|-supereffective|p1b: Porygon2
|-damage|p1b: Porygon2|43/100
|-unboost|p2a: Sneasler|def|1
|-unboost|p2a: Sneasler|spd|1
|move|p2b: Rillaboom|Wood Hammer|p1b: Porygon2
|-damage|p1b: Porygon2|4/100
|-damage|p2b: Rillaboom|88/100|[from] Recoil
|move|p1a: Incineroar|Parting Shot|p2b: Rillaboom
|-unboost|p2b: Rillaboom|atk|1
|-unboost|p2b: Rillaboom|spa|1
|
|t:|1757717886
|switch|p1a: Torkoal|Torkoal, L50, M|100/100|[from] Parting Shot
|-weather|SunnyDay|[from] ability: Drought|[of] p1a: Torkoal
|move|p1b: Porygon2|Trick Room|p1b: Porygon2
|-fieldstart|move: Trick Room|[of] p1b: Porygon2
|
|-weather|SunnyDay|[upkeep]
|-heal|p1b: Porygon2|10/100|[from] Grassy Terrain
|-heal|p2b: Rillaboom|94/100|[from] Grassy Terrain
|-heal|p2a: Sneasler|97/100|[from] Grassy Terrain
|upkeep
|turn|3
|
|t:|1757717897
|switch|p2a: Pelipper|Pelipper, L50, F|100/100
|-weather|RainDance|[from] ability: Drizzle|[of] p2a: Pelipper
|move|p1a: Torkoal|Overheat|p2a: Pelipper
|-resisted|p2a: Pelipper
|-damage|p2a: Pelipper|78/100
|-unboost|p1a: Torkoal|spa|2
|-enditem|p1a: Torkoal|Eject Pack
|
|t:|1757717906
|switch|p1a: Ursaluna|Ursaluna, L50, M|100/100
|move|p1b: Porygon2|Recover|p1b: Porygon2
|-heal|p1b: Porygon2|60/100
|move|p2b: Rillaboom|U-turn|p1b: Porygon2
|-damage|p1b: Porygon2|53/100
|
|t:|1757717916
|switch|p2b: Sneasler|Sneasler, L50, M|97/100|[from] U-turn
|
|-weather|RainDance|[upkeep]
|-heal|p1b: Porygon2|59/100|[from] Grassy Terrain
|-heal|p2b: Sneasler|100/100|[from] Grassy Terrain
|-status|p1a: Ursaluna|brn|[from] item: Flame Orb
|upkeep
|turn|4
|
|t:|1757717930
|switch|p1b: Incineroar|Incineroar, L50, F|100/100
|-ability|p1b: Incineroar|Intimidate|boost
|-unboost|p2a: Pelipper|atk|1
|-unboost|p2b: Sneasler|atk|1
|switch|p2a: Rillaboom|Rillaboom, L50, M|94/100
|-terastallize|p1a: Ursaluna|Ghost
|move|p2b: Sneasler|Protect|p2b: Sneasler
|-singleturn|p2b: Sneasler|Protect
|move|p1a: Ursaluna|Facade|p2a: Rillaboom
|-damage|p2a: Rillaboom|0 fnt
|faint|p2a: Rillaboom
|
|-weather|RainDance|[upkeep]
|-damage|p1a: Ursaluna|95/100 brn|[from] brn
|upkeep
|
|t:|1757717947
|switch|p2a: Archaludon|Archaludon, L50, M|100/100
|turn|5
|
|t:|1757717956
|-terastallize|p2a: Archaludon|Grass
|move|p1b: Incineroar|Parting Shot|p2a: Archaludon
|-unboost|p2a: Archaludon|atk|1
|-unboost|p2a: Archaludon|spa|1
|
|t:|1757717961
|switch|p1b: Torkoal|Torkoal, L50, M|100/100|[from] Parting Shot
|-weather|SunnyDay|[from] ability: Drought|[of] p1b: Torkoal
|move|p1a: Ursaluna|Facade|p2b: Sneasler
|-damage|p2b: Sneasler|0 fnt
|faint|p2b: Sneasler
|move|p2a: Archaludon|Body Press|p1b: Torkoal
|-damage|p1b: Torkoal|78/100
|
|-weather|SunnyDay|[upkeep]
|-heal|p1b: Torkoal|85/100|[from] Grassy Terrain
|-heal|p1a: Ursaluna|100/100 brn|[from] Grassy Terrain
|-damage|p1a: Ursaluna|95/100 brn|[from] brn
|-fieldend|move: Grassy Terrain
|upkeep
|
|t:|1757717968
|switch|p2b: Pelipper|Pelipper, L50, F|78/100
|-weather|RainDance|[from] ability: Drizzle|[of] p2b: Pelipper
|turn|6
|
|t:|1757717978
|move|p1b: Torkoal|Helping Hand|p1a: Ursaluna
|-singleturn|p1a: Ursaluna|Helping Hand|[of] p1b: Torkoal
|move|p2b: Pelipper|Protect|p2b: Pelipper
|-singleturn|p2b: Pelipper|Protect
|move|p1a: Ursaluna|Facade|p2a: Archaludon
|-damage|p2a: Archaludon|0 fnt
|faint|p2a: Archaludon
|
|-weather|RainDance|[upkeep]
|-damage|p1a: Ursaluna|89/100 brn|[from] brn
|-fieldend|move: Trick Room
|upkeep
|turn|7
|-message|ImOnX6Pace! forfeited.
|
|win|ScrewSalesman
|raw|ScrewSalesman's rating: 1304 → 1316(+12 for winning)
|raw|ImOnX6Pace!'s rating: 1164 → 1149(-15 for losing)
|l|☆ImOnX6Pace!
|player|p2|
|l|☆ScrewSalesman
|player|p1|
