|j|☆Rosa Verde
|j|☆Big6mybeloved
|html|Rosa VerdeBig6mybeloved    
|uhtml|bestof|Game 2 of a best-of-3
|t:|1785697950
|gametype|doubles
|player|p1|Rosa Verde|pokemonbreederf-gen4|1135
|player|p2|Big6mybeloved|265|1216
|gen|9
|tier|[Gen 9 Champions] VGC 2026 Reg M-B (Bo3)
|rated|
|rule|Species Clause: Limit one of each Pokémon
|rule|Item Clause: Limit 1 of each item
|clearpoke
|poke|p1|Gengar, L50, M|
|poke|p1|Altaria, L50, M|
|poke|p1|Annihilape, L50, F|
|poke|p1|Kingambit, L50, M|
|poke|p1|Tinkaton, L50, F|
|poke|p1|Incineroar, L50, F|
|poke|p2|Whimsicott, L50, M, shiny|
|poke|p2|Garchomp, L50, M|
|poke|p2|Basculegion, L50, M|
|poke|p2|Charizard, L50, M|
|poke|p2|Floette-Eternal, L50, F|
|poke|p2|Kingambit, L50, F|
|teampreview|4
|showteam|p1|Gengar||Gengarite|CursedBody|ShadowBall,Disable,PerishSong,Protect|Timid||M|||50|]Altaria||Leftovers|CloudNine|FireSpin,PerishSong,WillOWisp,Protect|Bold||M|||50|]Annihilape||ChoiceScarf|Defiant|CloseCombat,PhantomForce,IcePunch,Uturn|Adamant||F|||50|]Kingambit||BlackGlasses|Defiant|KowtowCleave,SuckerPunch,SwordsDance,Protect|Adamant||M|||50|]Tinkaton||ShucaBerry|MoldBreaker|GigatonHammer,Encore,FakeOut,Protect|Jolly||F|||50|]Incineroar||PasshoBerry|Intimidate|FlareBlitz,PartingShot,FakeOut,Protect|Relaxed||F|||50|
|showteam|p2|Whimsicott||FocusSash|Prankster|Protect,Tailwind,Encore,Moonblast|Timid||M|||50|]Garchomp||LifeOrb|RoughSkin|Protect,RockSlide,Earthquake,DragonClaw|Jolly||M|||50|]Basculegion||MysticWater|Adaptability|Protect,WaveCrash,LastRespects,AquaJet|Adamant||M|||50|]Charizard||CharizarditeY|Blaze|Protect,HeatWave,WeatherBall,SolarBeam|Modest||M|||50|]Floette-Eternal||Floettite|FlowerVeil|Protect,LightofRuin,DazzlingGleam,Moonblast|Modest||F|||50|]Kingambit||ChopleBerry|Defiant|LowKick,SuckerPunch,KowtowCleave,IronHead|Adamant||F|||50|
|inactive|Battle timer is ON: inactive players will automatically lose when time's up. (requested by Big6mybeloved)
|inactive|Big6mybeloved has 60 seconds left.
|inactive|Big6mybeloved has 30 seconds left.
|inactive|Big6mybeloved has 20 seconds left.
|inactive|Big6mybeloved has 15 seconds left.
|inactive|Big6mybeloved has 10 seconds left.
|inactive|Big6mybeloved has 5 seconds left.
|
|t:|1785698037
|teamsize|p1|4
|teamsize|p2|4
|start
|switch|p1a: Gengar|Gengar, L50, M|100/100
|switch|p1b: Incineroar|Incineroar, L50, F|100/100
|switch|p2a: Kingambit|Kingambit, L50, F|100/100
|switch|p2b: Floette|Floette-Eternal, L50, F|100/100
|-ability|p1b: Incineroar|Intimidate|boost
|-unboost|p2a: Kingambit|atk|1
|-ability|p2a: Kingambit|Defiant|boost
|-boost|p2a: Kingambit|atk|2
|-unboost|p2b: Floette|atk|1
|turn|1
|inactive|Rosa Verde has 30 seconds left.
|
|t:|1785698065
|detailschange|p1a: Gengar|Gengar-Mega, L50, M
|-mega|p1a: Gengar|Gengar|Gengarite
|detailschange|p2b: Floette|Floette-Mega, L50, F
|-mega|p2b: Floette|Floette|Floettite
|-ability|p2b: Floette|Fairy Aura
|move|p1b: Incineroar|Fake Out|p2a: Kingambit
|-resisted|p2a: Kingambit|1
|-damage|p2a: Kingambit|96/100
|move|p1a: Gengar|Perish Song|p1a: Gengar
|-start|p1a: Gengar|perish3|[silent]
|-start|p1b: Incineroar|perish3|[silent]
|-start|p2a: Kingambit|perish3|[silent]
|-start|p2b: Floette|perish3|[silent]
|-fieldactivate|move: Perish Song
|move|p2b: Floette|Moonblast|p1b: Incineroar
|-damage|p1b: Incineroar|30/100
|cant|p2a: Kingambit|flinch
|
|-start|p1a: Gengar|perish3
|-start|p2b: Floette|perish3
|-start|p1b: Incineroar|perish3
|-start|p2a: Kingambit|perish3
|upkeep
|turn|2
|inactive|Rosa Verde has 30 seconds left.
|
|t:|1785698092
|move|p1a: Gengar|Protect|p1a: Gengar
|-singleturn|p1a: Gengar|Protect
|move|p1b: Incineroar|Protect|p1b: Incineroar
|-singleturn|p1b: Incineroar|Protect
|move|p2b: Floette|Dazzling Gleam|p1b: Incineroar|[spread] 
|-activate|p1a: Gengar|move: Protect
|-activate|p1b: Incineroar|move: Protect
|move|p2a: Kingambit|Iron Head|p1a: Gengar
|-activate|p1a: Gengar|move: Protect
|
|-start|p1a: Gengar|perish2
|-start|p2b: Floette|perish2
|-start|p1b: Incineroar|perish2
|-start|p2a: Kingambit|perish2
|upkeep
|turn|3
|inactive|Rosa Verde has 30 seconds left.
|
|t:|1785698125
|switch|p1a: Tinkaton|Tinkaton, L50, F|100/100
|-ability|p1a: Tinkaton|Mold Breaker
|move|p2b: Floette|Moonblast|p1a: Tinkaton
|-resisted|p1a: Tinkaton|1
|-damage|p1a: Tinkaton|61/100
|move|p1b: Incineroar|Parting Shot|p2b: Floette
|-unboost|p2b: Floette|atk|1
|-unboost|p2b: Floette|spa|1
|
|t:|1785698136
|switch|p1b: Gengar|Gengar-Mega, L50, M|100/100|[from] Parting Shot
|move|p2a: Kingambit|Kowtow Cleave|p1b: Gengar
|-supereffective|p1b: Gengar|1
|-damage|p1b: Gengar|0 fnt
|faint|p1b: Gengar
|
|-start|p2b: Floette|perish1
|-start|p2a: Kingambit|perish1
|upkeep
|
|t:|1785698148
|switch|p1b: Altaria|Altaria, L50, M|100/100
|-ability|p1b: Altaria|Cloud Nine
|turn|4
|
|t:|1785698159
|switch|p2b: Basculegion|Basculegion, L50, M|100/100
|switch|p2a: Whimsicott|Whimsicott, L50, M, shiny|100/100
|move|p1a: Tinkaton|Fake Out|p2b: Basculegion
|-immune|p2b: Basculegion
|move|p1b: Altaria|Fire Spin|p2b: Basculegion
|-resisted|p2b: Basculegion|1
|-damage|p2b: Basculegion|96/100
|-activate|p2b: Basculegion|move: Fire Spin|[of] p1b: Altaria
|
|-damage|p2b: Basculegion|84/100|[from] move: Fire Spin|[partiallytrapped]
|upkeep
|turn|5
|inactive|Rosa Verde has 30 seconds left.
|
|t:|1785698190
|move|p1a: Tinkaton|Protect|p1a: Tinkaton
|-singleturn|p1a: Tinkaton|Protect
|move|p2a: Whimsicott|Encore|p1b: Altaria
|-start|p1b: Altaria|Encore
|move|p2b: Basculegion|Wave Crash|p1a: Tinkaton
|-activate|p1a: Tinkaton|move: Protect
|move|p1b: Altaria|Fire Spin|p2a: Whimsicott
|-supereffective|p2a: Whimsicott|1
|-damage|p2a: Whimsicott|78/100
|-activate|p2a: Whimsicott|move: Fire Spin|[of] p1b: Altaria
|
|-damage|p2a: Whimsicott|65/100|[from] move: Fire Spin|[partiallytrapped]
|-damage|p2b: Basculegion|72/100|[from] move: Fire Spin|[partiallytrapped]
|upkeep
|turn|6
|inactive|Rosa Verde has 30 seconds left.
|
|t:|1785698218
|move|p2a: Whimsicott|Tailwind|p2a: Whimsicott
|-sidestart|p2: Big6mybeloved|move: Tailwind
|move|p2b: Basculegion|Wave Crash|p1a: Tinkaton
|-damage|p1a: Tinkaton|0 fnt
|faint|p1a: Tinkaton
|-damage|p2b: Basculegion|52/100|[from] Recoil
|move|p1b: Altaria|Fire Spin|p2b: Basculegion|[miss]
|-miss|p1b: Altaria|p2b: Basculegion
|
|-damage|p2a: Whimsicott|53/100|[from] move: Fire Spin|[partiallytrapped]
|-damage|p2b: Basculegion|40/100|[from] move: Fire Spin|[partiallytrapped]
|upkeep
|
|t:|1785698232
|switch|p1a: Incineroar|Incineroar, L50, F|30/100
|-ability|p1a: Incineroar|Intimidate|boost
|-unboost|p2a: Whimsicott|atk|1
|-unboost|p2b: Basculegion|atk|1
|turn|7
|c|☆Big6mybeloved|ggs
|
|t:|1785698247
|move|p1a: Incineroar|Protect|p1a: Incineroar
|-singleturn|p1a: Incineroar|Protect
|move|p2a: Whimsicott|Moonblast|p1b: Altaria
|-supereffective|p1b: Altaria|1
|-damage|p1b: Altaria|37/100
|move|p2b: Basculegion|Wave Crash|p1a: Incineroar
|-activate|p1a: Incineroar|move: Protect
|move|p1b: Altaria|Fire Spin|p2b: Basculegion
|-resisted|p2b: Basculegion|1
|-damage|p2b: Basculegion|36/100
|
|-heal|p1b: Altaria|43/100|[from] item: Leftovers
|-damage|p2a: Whimsicott|40/100|[from] move: Fire Spin|[partiallytrapped]
|-damage|p2b: Basculegion|24/100|[from] move: Fire Spin|[partiallytrapped]
|-end|p1b: Altaria|Encore
|upkeep
|turn|8
|
|t:|1785698269
|move|p2a: Whimsicott|Moonblast|p1b: Altaria
|-supereffective|p1b: Altaria|1
|-damage|p1b: Altaria|0 fnt
|faint|p1b: Altaria
|move|p2b: Basculegion|Wave Crash|p1a: Incineroar
|-supereffective|p1a: Incineroar|1
|-enditem|p1a: Incineroar|Passho Berry|[eat]
|-enditem|p1a: Incineroar|Passho Berry|[weaken]
|-damage|p1a: Incineroar|0 fnt
|faint|p1a: Incineroar
|-damage|p2b: Basculegion|14/100|[from] Recoil
|
|win|Big6mybeloved
|raw|Rosa Verde's rating: 1135 → 1116(-19 for losing)
|raw|Big6mybeloved's rating: 1216 → 1235(+19 for winning)
|l|☆Rosa Verde
|player|p1|
