|j|☆Prepucio Santos
|j|☆btb0811
|html|Prepucio Santosbtb0811    
|uhtml|bestof|Game 1 of a best-of-3
|t:|1784203628
|gametype|doubles
|player|p1|Prepucio Santos|striker|1343
|player|p2|btb0811|brycenman|1250
|gen|9
|tier|[Gen 9 Champions] VGC 2026 Reg M-B (Bo3)
|rated|
|rule|Species Clause: Limit one of each Pokémon
|rule|Item Clause: Limit 1 of each item
|clearpoke
|poke|p1|Charizard, L50, M|
|poke|p1|Venusaur, L50, M|
|poke|p1|Pelipper, L50, F|
|poke|p1|Grimmsnarl, L50, M|
|poke|p1|Basculegion, L50, M|
|poke|p1|Archaludon, L50, M|
|poke|p2|Gardevoir, L50, F|
|poke|p2|Metagross, L50|
|poke|p2|Maushold, L50|
|poke|p2|Talonflame, L50, F|
|poke|p2|Sneasler, L50, M|
|poke|p2|Hydreigon, L50, M|
|teampreview|4
|showteam|p1|Charizard||CharizarditeY|Blaze|HeatWave,WeatherBall,SolarBeam,Protect|Modest||M|||50|]Venusaur||FocusSash|Chlorophyll|SludgeBomb,EarthPower,SleepPowder,Protect|Modest||M|||50|]Pelipper||SitrusBerry|Drizzle|Hurricane,WeatherBall,WideGuard,Tailwind|Modest||F|||50|]Grimmsnarl||LightClay|Prankster|SpiritBreak,Reflect,LightScreen,PartingShot|Sassy||M|||50|]Basculegion||ChoiceScarf|Adaptability|WaveCrash,LastRespects,FlipTurn,AquaJet|Jolly||M|||50|]Archaludon||Leftovers|Stamina|DragonPulse,FlashCannon,ElectroShot,Protect|Calm||M|||50|
|showteam|p2|Gardevoir||Gardevoirite|Trace|HyperVoice,Psychic,Thunderbolt,Protect|Timid||F|||50|]Metagross||Metagrossite|ClearBody|PsychicFangs,IronHead,BodyPress,Protect|Jolly|||||50|]Maushold||FocusSash|FriendGuard|SuperFang,FollowMe,Taunt,Protect|Timid|||||50|]Talonflame||SharpBeak|GaleWings|DualWingbeat,Tailwind,WillOWisp,Protect|Jolly||F|||50|]Sneasler||WhiteHerb|Unburden|DireClaw,CloseCombat,FakeOut,Protect|Adamant||M|||50|]Hydreigon||ChoiceScarf|Levitate|Snarl,DarkPulse,DracoMeteor,EarthPower|Modest||M|||50|
|inactive|Battle timer is ON: inactive players will automatically lose when time's up. (requested by btb0811)
|inactive|Prepucio Santos has 60 seconds left.
|inactive|btb0811 has 60 seconds left.
|
|t:|1784203673
|teamsize|p1|4
|teamsize|p2|4
|start
|switch|p1a: Charizard|Charizard, L50, M|100/100
|switch|p1b: Venusaur|Venusaur, L50, M|100/100
|switch|p2a: Talonflame|Talonflame, L50, F|100/100
|switch|p2b: Gardevoir|Gardevoir, L50, F|100/100
|-ability|p2b: Gardevoir|Blaze|Trace|[from] ability: Trace|[of] p1a: Charizard
|turn|1
|
|t:|1784203688
|detailschange|p1a: Charizard|Charizard-Mega-Y, L50, M
|-mega|p1a: Charizard|Charizard|Charizardite Y
|-weather|SunnyDay|[from] ability: Drought|[of] p1a: Charizard
|move|p2b: Gardevoir|Protect|p2b: Gardevoir
|-singleturn|p2b: Gardevoir|Protect
|move|p2a: Talonflame|Dual Wingbeat|p1b: Venusaur
|-supereffective|p1b: Venusaur|1
|-damage|p1b: Venusaur|49/100
|-supereffective|p1b: Venusaur|1
|-damage|p1b: Venusaur|0 fnt
|faint|p1b: Venusaur
|-hitcount|p1: Venusaur|2
|move|p1a: Charizard|Heat Wave|p2a: Talonflame|[spread] p2a
|-activate|p2b: Gardevoir|move: Protect
|-resisted|p2a: Talonflame|1
|-damage|p2a: Talonflame|56/100
|
|-weather|SunnyDay|[upkeep]
|upkeep
|
|t:|1784203697
|switch|p1b: Basculegion|Basculegion, L50, M|100/100
|turn|2
|
|t:|1784203705
|switch|p2b: Maushold|Maushold, L50|100/100
|switch|p1a: Pelipper|Pelipper, L50, F|100/100
|-weather|RainDance|[from] ability: Drizzle|[of] p1a: Pelipper
|move|p1b: Basculegion|Wave Crash|p2b: Maushold
|-enditem|p2b: Maushold|Focus Sash
|-damage|p2b: Maushold|1/100
|-damage|p1b: Basculegion|69/100|[from] Recoil
|move|p2a: Talonflame|Tailwind|p2a: Talonflame
|-sidestart|p2: btb0811|move: Tailwind
|
|-weather|RainDance|[upkeep]
|upkeep
|turn|3
|inactive|Prepucio Santos has 30 seconds left.
|
|t:|1784203733
|move|p2b: Maushold|Protect|p2b: Maushold
|-singleturn|p2b: Maushold|Protect
|move|p2a: Talonflame|Will-O-Wisp|p1b: Basculegion
|-status|p1b: Basculegion|brn
|move|p1b: Basculegion|Wave Crash|p2a: Talonflame
|-supereffective|p2a: Talonflame|1
|-damage|p2a: Talonflame|0 fnt
|faint|p2a: Talonflame
|-damage|p1b: Basculegion|54/100 brn|[from] Recoil
|move|p1a: Pelipper|Tailwind|p1a: Pelipper
|-sidestart|p1: Prepucio Santos|move: Tailwind
|
|-weather|RainDance|[upkeep]
|-damage|p1b: Basculegion|48/100 brn|[from] brn
|upkeep
|
|t:|1784203741
|switch|p2a: Gardevoir|Gardevoir, L50, F|100/100
|-ability|p2a: Gardevoir|Drizzle|Trace|[from] ability: Trace|[of] p1a: Pelipper
|turn|4
|
|t:|1784203751
|detailschange|p2a: Gardevoir|Gardevoir-Mega, L50, F
|-mega|p2a: Gardevoir|Gardevoir|Gardevoirite
|move|p2b: Maushold|Follow Me|p2b: Maushold
|-singleturn|p2b: Maushold|move: Follow Me
|move|p1b: Basculegion|Wave Crash|p2b: Maushold
|-damage|p2b: Maushold|0 fnt
|faint|p2b: Maushold
|-damage|p1b: Basculegion|48/100 brn|[from] Recoil
|move|p2a: Gardevoir|Thunderbolt|p1a: Pelipper
|-supereffective|p1a: Pelipper|2
|-damage|p1a: Pelipper|0 fnt
|faint|p1a: Pelipper
|
|-weather|RainDance|[upkeep]
|-damage|p1b: Basculegion|42/100 brn|[from] brn
|upkeep
|
|t:|1784203761
|switch|p2b: Hydreigon|Hydreigon, L50, M|100/100
|switch|p1a: Charizard|Charizard-Mega-Y, L50, M|100/100
|-weather|SunnyDay|[from] ability: Drought|[of] p1a: Charizard
|turn|5
|
|t:|1784203772
|move|p2b: Hydreigon|Dark Pulse|p1b: Basculegion
|-supereffective|p1b: Basculegion|1
|-damage|p1b: Basculegion|0 fnt
|faint|p1b: Basculegion
|move|p2a: Gardevoir|Thunderbolt|p1a: Charizard
|-supereffective|p1a: Charizard|1
|-damage|p1a: Charizard|39/100
|move|p1a: Charizard|Heat Wave|p2a: Gardevoir|[spread] p2a,p2b
|-resisted|p2b: Hydreigon|1
|-damage|p2a: Gardevoir|46/100
|-damage|p2b: Hydreigon|66/100
|
|-weather|SunnyDay|[upkeep]
|-sideend|p2: btb0811|move: Tailwind
|upkeep
|turn|6
|
|t:|1784203785
|move|p1a: Charizard|Weather Ball|p2b: Hydreigon
|-resisted|p2b: Hydreigon|1
|-damage|p2b: Hydreigon|21/100
|move|p2b: Hydreigon|Dark Pulse|p1a: Charizard
|-damage|p1a: Charizard|3/100
|move|p2a: Gardevoir|Thunderbolt|p1a: Charizard
|-supereffective|p1a: Charizard|1
|-damage|p1a: Charizard|0 fnt
|faint|p1a: Charizard
|
|win|btb0811
||Prepucio Santos is ready for game 2.
||btb0811 is ready for game 2.
|uhtml|next|Next: Game 2 of 3
