|j|☆ExessVGC
|j|☆uscorp
|html|ExessVGCuscorp    
|uhtml|bestof|Game 2 of a best-of-3
|t:|1756718940
|gametype|doubles
|player|p1|ExessVGC|170|
|player|p2|uscorp|169|
|gen|9
|tier|[Gen 9] VGC 2025 Reg H (Bo3)
|rule|Species Clause: Limit one of each Pokémon
|rule|Item Clause: Limit 1 of each item
|clearpoke
|poke|p1|Archaludon, L50, F|
|poke|p1|Pelipper, L50, M|
|poke|p1|Amoonguss, L50, F|
|poke|p1|Basculegion, L50, M|
|poke|p1|Bellibolt, L50, F|
|poke|p1|Meowscarada, L50, M|
|poke|p2|Kingambit, L50, M|
|poke|p2|Primarina, L50, F|
|poke|p2|Sneasler, L50, F|
|poke|p2|Magmar, L50, F|
|poke|p2|Rillaboom, L50, M|
|poke|p2|Dragapult, L50, M|
|teampreview|4
|showteam|p1|Archaludon||AssaultVest|Stamina|BodyPress,FlashCannon,ElectroShot,DracoMeteor|||F|||50|,,,,,Dragon]Pelipper||SafetyGoggles|Drizzle|WeatherBall,Hurricane,WideGuard,Tailwind|||M|||50|,,,,,Ground]Amoonguss||RockyHelmet|Regenerator|SludgeBomb,Spore,RagePowder,Protect|||F|||50|,,,,,Water]Basculegion||ChoiceScarf|Adaptability|FlipTurn,WaveCrash,LastRespects,AquaJet|||M|||50|,,,,,Grass]Bellibolt||Leftovers|Electromorphosis|MuddyWater,Thunderbolt,Electroweb,Protect|||F|||50|,,,,,Water]Meowscarada||FocusSash|Protean|SuckerPunch,Protect,FlowerTrick,TripleAxel|||M|||50|,,,,,Ghost
|showteam|p2|Kingambit||BlackGlasses|Defiant|KowtowCleave,SuckerPunch,SwordsDance,Protect|||M|||50|,,,,,Dark]Primarina||SitrusBerry|LiquidVoice|HyperVoice,Moonblast,Haze,Protect|||F|||50|,,,,,Poison]Sneasler||FocusSash|Unburden|CloseCombat,DireClaw,Coaching,Protect|||F|||50|,,,,,Stellar]Magmar||Eviolite|VitalSpirit|HeatWave,WillOWisp,FollowMe,Protect|||F|||50|,,,,,Ghost]Rillaboom||AssaultVest|GrassySurge|WoodHammer,GrassyGlide,HighHorsepower,FakeOut|||M|||50|,,,,,Fire]Dragapult||ChoiceBand|ClearBody|DragonDarts,PhantomForce,TeraBlast,Uturn|||M|||50|,,,,,Dragon
|
|t:|1756719008
|teamsize|p1|4
|teamsize|p2|4
|start
|switch|p1a: Peeko|Pelipper, L50, M, shiny|100/100
|switch|p1b: Basculegion|Basculegion, L50, M|100/100
|switch|p2a: Sneasler|Sneasler, L50, F|100/100
|switch|p2b: Rillaboom|Rillaboom, L50, M|100/100
|-fieldstart|move: Grassy Terrain|[from] ability: Grassy Surge|[of] p2b: Rillaboom
|-weather|RainDance|[from] ability: Drizzle|[of] p1a: Peeko
|turn|1
|
|t:|1756719054
|switch|p1b: Archaludon|Archaludon, L50, F, shiny|100/100
|move|p2a: Sneasler|Dire Claw|p1a: Peeko
|-damage|p1a: Peeko|65/100
|-status|p1a: Peeko|par
|move|p2b: Rillaboom|Wood Hammer|p1a: Peeko
|-damage|p1a: Peeko|0 fnt
|faint|p1a: Peeko
|-damage|p2b: Rillaboom|83/100|[from] Recoil
|
|-weather|RainDance|[upkeep]
|-heal|p2b: Rillaboom|89/100|[from] Grassy Terrain
|upkeep
|
|t:|1756719076
|switch|p1a: Meowscarada|Meowscarada, L50, M|100/100
|turn|2
|
|t:|1756719223
|-terastallize|p1b: Archaludon|Dragon
|move|p2b: Rillaboom|Grassy Glide|p1a: Meowscarada
|-resisted|p1a: Meowscarada
|-damage|p1a: Meowscarada|73/100
|move|p1a: Meowscarada|Triple Axel|p2a: Sneasler
|-start|p1a: Meowscarada|typechange|Ice|[from] ability: Protean
|-damage|p2a: Sneasler|83/100
|-damage|p2a: Sneasler|53/100
|-damage|p2a: Sneasler|7/100
|-hitcount|p2a: Sneasler|3
|move|p2a: Sneasler|Close Combat|p1a: Meowscarada
|-supereffective|p1a: Meowscarada
|-damage|p1a: Meowscarada|0 fnt
|-unboost|p2a: Sneasler|def|1
|-unboost|p2a: Sneasler|spd|1
|faint|p1a: Meowscarada
|move|p1b: Archaludon|Electro Shot||[still]
|-prepare|p1b: Archaludon|Electro Shot
|-boost|p1b: Archaludon|spa|1
|-anim|p1b: Archaludon|Electro Shot|p2a: Sneasler
|-damage|p2a: Sneasler|0 fnt
|faint|p2a: Sneasler
|
|-weather|RainDance|[upkeep]
|-heal|p2b: Rillaboom|95/100|[from] Grassy Terrain
|upkeep
|
|t:|1756719259
|switch|p1a: Basculegion|Basculegion, L50, M|100/100
|switch|p2a: Primarina|Primarina, L50, F|100/100
|turn|3
|
|t:|1756719343
|move|p2a: Primarina|Protect|p2a: Primarina
|-singleturn|p2a: Primarina|Protect
|move|p1a: Basculegion|Last Respects|p2b: Rillaboom
|-damage|p2b: Rillaboom|0 fnt
|faint|p2b: Rillaboom
|move|p1b: Archaludon|Electro Shot||[still]
|-prepare|p1b: Archaludon|Electro Shot
|-boost|p1b: Archaludon|spa|1
|-anim|p1b: Archaludon|Electro Shot|p2a: Primarina
|-activate|p2a: Primarina|move: Protect
|
|-weather|RainDance|[upkeep]
|upkeep
|
|t:|1756719357
|switch|p2b: Kingambit|Kingambit, L50, M|100/100
|turn|4
|
|t:|1756719409
|-terastallize|p2a: Primarina|Poison
|move|p2b: Kingambit|Sucker Punch|p1a: Basculegion
|-supereffective|p1a: Basculegion
|-damage|p1a: Basculegion|0 fnt
|faint|p1a: Basculegion
|move|p1b: Archaludon|Electro Shot||[still]
|-prepare|p1b: Archaludon|Electro Shot
|-boost|p1b: Archaludon|spa|1
|-anim|p1b: Archaludon|Electro Shot|p2a: Primarina
|-damage|p2a: Primarina|20/100
|-enditem|p2a: Primarina|Sitrus Berry|[eat]
|-heal|p2a: Primarina|45/100|[from] item: Sitrus Berry
|move|p2a: Primarina|Haze|p2a: Primarina
|-clearallboost
|
|-weather|RainDance|[upkeep]
|-heal|p2a: Primarina|50/100|[from] Grassy Terrain
|upkeep
|turn|5
|
|t:|1756719449
|move|p2a: Primarina|Protect|p2a: Primarina
|-singleturn|p2a: Primarina|Protect
|move|p2b: Kingambit|Protect|p2b: Kingambit
|-singleturn|p2b: Kingambit|Protect
|move|p1b: Archaludon|Electro Shot||[still]
|-prepare|p1b: Archaludon|Electro Shot
|-boost|p1b: Archaludon|spa|1
|-anim|p1b: Archaludon|Electro Shot|p2a: Primarina
|-activate|p2a: Primarina|move: Protect
|
|-weather|none
|-heal|p2a: Primarina|56/100|[from] Grassy Terrain
|-fieldend|move: Grassy Terrain
|upkeep
|turn|6
|
|t:|1756719471
|move|p1b: Archaludon|Body Press|p2b: Kingambit
|-supereffective|p2b: Kingambit
|-damage|p2b: Kingambit|23/100
|move|p2a: Primarina|Moonblast|p1b: Archaludon
|-supereffective|p1b: Archaludon
|-crit|p1b: Archaludon
|-damage|p1b: Archaludon|9/100
|-unboost|p1b: Archaludon|spa|1
|-ability|p1b: Archaludon|Stamina|boost
|-boost|p1b: Archaludon|def|1
|move|p2b: Kingambit|Swords Dance|p2b: Kingambit
|-boost|p2b: Kingambit|atk|2
|
|upkeep
|turn|7
|
|t:|1756719628
|move|p2b: Kingambit|Sucker Punch|p1b: Archaludon
|-damage|p1b: Archaludon|0 fnt
|faint|p1b: Archaludon
|
|win|uscorp
||ExessVGC is ready for game 3.
|inactive|uscorp has 30 seconds to confirm battle start!
||uscorp is ready for game 3.
|uhtml|next|Next: Game 3 of 3
|l|☆uscorp
|player|p2|
