|j|☆axcoquette
|j|☆pixlrd
|html|axcoquettepixlrd    
|uhtml|bestof|Game 3 of a best-of-3
|t:|1782351205
|gametype|doubles
|player|p1|axcoquette|maid|1146
|player|p2|pixlrd|102|1089
|gen|9
|tier|[Gen 9 Champions] VGC 2026 Reg M-B (Bo3)
|rated|
|rule|Species Clause: Limit one of each Pokémon
|rule|Item Clause: Limit 1 of each item
|clearpoke
|poke|p1|Charizard, L50, M|
|poke|p1|Floette-Eternal, L50, F|
|poke|p1|Basculegion, L50, M|
|poke|p1|Kingambit, L50, M|
|poke|p1|Garchomp, L50, M|
|poke|p1|Whimsicott, L50, M|
|poke|p2|Starmie, L50|
|poke|p2|Staraptor, L50, M|
|poke|p2|Archaludon, L50, F|
|poke|p2|Pelipper, L50, M|
|poke|p2|Swampert, L50, F|
|poke|p2|Basculegion-F, L50, F|
|teampreview|4
|showteam|p1|Charizard||CharizarditeY|Blaze|HeatWave,WeatherBall,SolarBeam,Protect|Modest||M|||50|]Floette-Eternal||Floettite|FlowerVeil|DazzlingGleam,Moonblast,LightofRuin,Protect|Timid||F|||50|]Basculegion||MysticWater|Adaptability|WaveCrash,LastRespects,AquaJet,Protect|Adamant||M|||50|]Kingambit||BlackGlasses|Defiant|KowtowCleave,IronHead,SuckerPunch,Protect|Lonely||M|||50|]Garchomp||SitrusBerry|RoughSkin|DragonClaw,Earthquake,RockSlide,Protect|Jolly||M|||50|]Whimsicott||FocusSash|Prankster|Tailwind,Moonblast,Encore,Protect|Timid||M|||50|
|showteam|p2|Starmie||Starminite|Analytic|AquaJet,Protect,Scald,Recover|Jolly|||||50|]Staraptor||Staraptite|Intimidate|CloseCombat,Protect,Tailwind,BraveBird|Jolly||M|||50|]Archaludon||FocusSash|Stamina|ElectroShot,DragonTail,Earthquake,DracoMeteor|Rash||F|||50|]Pelipper||LifeOrb|Drizzle|Hurricane,WeatherBall,Protect,IcyWind|Modest||M|||50|]Swampert||Swampertite|Torrent|Earthquake,Liquidation,Protect,KnockOff|Adamant||F|||50|]Basculegion-F||ChoiceScarf|Adaptability|MuddyWater,IceBeam,AquaJet,ShadowBall|Hasty||F|||50|
|inactive|Battle timer is ON: inactive players will automatically lose when time's up. (requested by axcoquette)
|inactive|pixlrd has 60 seconds left.
|
|t:|1782351263
|teamsize|p1|4
|teamsize|p2|4
|start
|switch|p1a: Floette|Floette-Eternal, L50, F|100/100
|switch|p1b: Whimsicott|Whimsicott, L50, M|100/100
|switch|p2a: Staraptor|Staraptor, L50, M|100/100
|switch|p2b: Pelipper|Pelipper, L50, M|100/100
|-ability|p2a: Staraptor|Intimidate|boost
|-unboost|p1a: Floette|atk|1
|-block|p1b: Whimsicott|ability: Flower Veil|[of] p1a: Floette
|-weather|RainDance|[from] ability: Drizzle|[of] p2b: Pelipper
|turn|1
|inactive|axcoquette has 30 seconds left.
|
|t:|1782351290
|detailschange|p1a: Floette|Floette-Mega, L50, F
|-mega|p1a: Floette|Floette|Floettite
|-ability|p1a: Floette|Fairy Aura
|move|p1b: Whimsicott|Protect|p1b: Whimsicott
|-singleturn|p1b: Whimsicott|Protect
|move|p1a: Floette|Dazzling Gleam|p2b: Pelipper|[spread] p2a,p2b
|-damage|p2a: Staraptor|23/100
|-damage|p2b: Pelipper|40/100
|move|p2a: Staraptor|Tailwind|p2a: Staraptor
|-sidestart|p2: pixlrd|move: Tailwind
|move|p2b: Pelipper|Icy Wind|p1b: Whimsicott|[spread] p1a
|-activate|p1b: Whimsicott|move: Protect
|-damage|p1a: Floette|86/100
|-unboost|p1a: Floette|spe|1
|-damage|p2b: Pelipper|30/100|[from] item: Life Orb
|
|-weather|RainDance|[upkeep]
|upkeep
|turn|2
|inactive|axcoquette has 30 seconds left.
|inactive|pixlrd has 30 seconds left.
|inactive|pixlrd has 20 seconds left.
|
|t:|1782351326
|move|p1b: Whimsicott|Encore|p2a: Staraptor
|-start|p2a: Staraptor|Encore
|move|p2a: Staraptor|Tailwind||[still]
|-fail|p2a: Staraptor
|move|p2b: Pelipper|Hurricane|p1b: Whimsicott
|-supereffective|p1b: Whimsicott|1
|-enditem|p1b: Whimsicott|Focus Sash
|-damage|p1b: Whimsicott|1/100
|-damage|p2b: Pelipper|20/100y|[from] item: Life Orb
|move|p1a: Floette|Dazzling Gleam|p2a: Staraptor|[spread] p2a,p2b
|-crit|p2a: Staraptor
|-damage|p2a: Staraptor|0 fnt
|-damage|p2b: Pelipper|0 fnt
|faint|p2a: Staraptor
|faint|p2b: Pelipper
|
|-weather|RainDance|[upkeep]
|upkeep
|
|t:|1782351337
|switch|p2a: Archaludon|Archaludon, L50, F|100/100
|switch|p2b: Swampert|Swampert, L50, F|100/100
|turn|3
|
|t:|1782351360
|switch|p1a: Kingambit|Kingambit, L50, M|100/100
|detailschange|p2b: Swampert|Swampert-Mega, L50, F
|-mega|p2b: Swampert|Swampert|Swampertite
|move|p1b: Whimsicott|Protect|p1b: Whimsicott
|-singleturn|p1b: Whimsicott|Protect
|move|p2b: Swampert|Liquidation|p1a: Kingambit
|-damage|p1a: Kingambit|29/100
|move|p2a: Archaludon|Electro Shot||[still]
|-prepare|p2a: Archaludon|Electro Shot
|-boost|p2a: Archaludon|spa|1
|-anim|p2a: Archaludon|Electro Shot|p1b: Whimsicott
|-activate|p1b: Whimsicott|move: Protect
|
|-weather|RainDance|[upkeep]
|upkeep
|turn|4
|
|t:|1782351384
|move|p2b: Swampert|Protect|p2b: Swampert
|-singleturn|p2b: Swampert|Protect
|move|p1b: Whimsicott|Tailwind|p1b: Whimsicott
|-sidestart|p1: axcoquette|move: Tailwind
|move|p1a: Kingambit|Sucker Punch|p2a: Archaludon
|-damage|p2a: Archaludon|68/100
|-ability|p2a: Archaludon|Stamina|boost
|-boost|p2a: Archaludon|def|1
|move|p2a: Archaludon|Earthquake|p1b: Whimsicott|[spread] p1a,p1b
|-activate|p2b: Swampert|move: Protect
|-supereffective|p1a: Kingambit|1
|-resisted|p1b: Whimsicott|1
|-damage|p1a: Kingambit|0 fnt
|-damage|p1b: Whimsicott|0 fnt
|faint|p1a: Kingambit
|faint|p1b: Whimsicott
|
|-weather|RainDance|[upkeep]
|-sideend|p2: pixlrd|move: Tailwind
|upkeep
|
|t:|1782351398
|switch|p1b: Basculegion|Basculegion, L50, M|100/100
|switch|p1a: Floette|Floette-Mega, L50, F|86/100
|-ability|p1a: Floette|Fairy Aura
|turn|5
|
|t:|1782351414
|move|p1a: Floette|Light of Ruin|p2a: Archaludon
|-damage|p2a: Archaludon|0 fnt
|faint|p2a: Archaludon
|-damage|p1a: Floette|41/100|[from] Recoil
|move|p1b: Basculegion|Last Respects|p2b: Swampert
|-damage|p2b: Swampert|30/100
|move|p2b: Swampert|Knock Off|p1b: Basculegion
|-supereffective|p1b: Basculegion|1
|-damage|p1b: Basculegion|16/100
|-enditem|p1b: Basculegion|Mystic Water|[from] move: Knock Off|[of] p2b: Swampert
|
|-weather|none
|upkeep
|turn|6
|
|t:|1782351428
|move|p2b: Swampert|Protect|p2b: Swampert
|-singleturn|p2b: Swampert|Protect
|move|p1b: Basculegion|Aqua Jet|p2b: Swampert
|-activate|p2b: Swampert|move: Protect
|move|p1a: Floette|Moonblast|p2b: Swampert
|-activate|p2b: Swampert|move: Protect
|
|upkeep
|turn|7
|
|t:|1782351436
|move|p2b: Swampert|Protect||[still]
|-fail|p2b: Swampert
|move|p1b: Basculegion|Aqua Jet|p2b: Swampert
|-damage|p2b: Swampert|9/100
|move|p1a: Floette|Moonblast|p2b: Swampert
|-damage|p2b: Swampert|0 fnt
|faint|p2b: Swampert
|
|win|axcoquette
|raw|axcoquette's rating: 1146 → 1167(+21 for winning)
|raw|pixlrd's rating: 1089 → 1069(-20 for losing)
|c|☆axcoquette|gg
