|j|☆higigig
|j|☆Jakz
|html|higigigJakz    
|uhtml|bestof|Game 1 of a best-of-3
|t:|1756782535
|gametype|doubles
|player|p1|higigig|sisandbro|1136
|player|p2|Jakz|skier|1143
|gen|9
|tier|[Gen 9] VGC 2025 Reg H (Bo3)
|rated|
|rule|Species Clause: Limit one of each Pokémon
|rule|Item Clause: Limit 1 of each item
|clearpoke
|poke|p1|Sneasler, L50, M|
|poke|p1|Gholdengo, L50|
|poke|p1|Amoonguss, L50, F|
|poke|p1|Incineroar, L50, F|
|poke|p1|Ursaluna-Bloodmoon, L50, M|
|poke|p1|Farigiraf, L50, F|
|poke|p2|Porygon2, L50|
|poke|p2|Talonflame, L50, F|
|poke|p2|Incineroar, L50, F|
|poke|p2|Ursaluna-Bloodmoon, L50, M|
|poke|p2|Amoonguss, L50, M|
|poke|p2|Gholdengo, L50|
|teampreview|4
|showteam|p1|Sneasler||ClearAmulet|PoisonTouch|FakeOut,CloseCombat,DireClaw,Protect|||M|||50|,,,,,Water]Gholdengo||LifeOrb|GoodasGold|NastyPlot,MakeItRain,ShadowBall,Protect||||||50|,,,,,Water]Amoonguss||MentalHerb|Regenerator|Spore,RagePowder,PollenPuff,Protect|||F|||50|,,,,,Water]Incineroar||SafetyGoggles|Intimidate|FakeOut,FlareBlitz,KnockOff,PartingShot|||F|||50|,,,,,Ghost]Ursaluna-Bloodmoon||SilkScarf|MindsEye|CalmMind,HyperVoice,EarthPower,BloodMoon|||M|||50|,,,,,Poison]Farigiraf||ThroatSpray|ArmorTail|HyperVoice,Psychic,TrickRoom,Protect|||F|||50|,,,,,Dragon
|showteam|p2|Porygon2||Eviolite|Download|TeraBlast,IceBeam,TrickRoom,Recover||||||50|,,,,,Fighting]Talonflame||CovertCloak|GaleWings|Tailwind,BraveBird,Taunt,SunnyDay|||F|||50|,,,,,Grass]Incineroar||SitrusBerry|Intimidate|FlareBlitz,KnockOff,PartingShot,FakeOut|||F|||50|,,,,,Grass]Ursaluna-Bloodmoon||AssaultVest|MindsEye|BloodMoon,HyperVoice,EarthPower,Snarl|||M|||50|,,,,,Ghost]Amoonguss||RockyHelmet|Regenerator|PollenPuff,Spore,RagePowder,Protect|||M|||50|,,,,,Fire]Gholdengo||MetalCoat|GoodasGold|MakeItRain,ShadowBall,NastyPlot,Protect||||||50|,,,,,Dragon
|inactive|Battle timer is ON: inactive players will automatically lose when time's up. (requested by higigig)
|inactive|higigig has 60 seconds left.
|inactive|Jakz has 60 seconds left.
|
|t:|1756782574
|teamsize|p1|4
|teamsize|p2|4
|start
|switch|p1a: Sneasler|Sneasler, L50, M|100/100
|switch|p1b: Farigiraf|Farigiraf, L50, F|100/100
|switch|p2a: Talonflame|Talonflame, L50, F, shiny|100/100
|switch|p2b: Incineroar|Incineroar, L50, F, shiny|100/100
|-ability|p2b: Incineroar|Intimidate|boost
|-fail|p1a: Sneasler|unboost|[from] item: Clear Amulet|[of] p1a: Sneasler
|-unboost|p1b: Farigiraf|atk|1
|turn|1
|
|t:|1756782599
|switch|p2b: Gholdengo|Gholdengo, L50, shiny|100/100
|switch|p1b: Incineroar|Incineroar, L50, F|100/100
|-ability|p1b: Incineroar|Intimidate|boost
|-unboost|p2a: Talonflame|atk|1
|-unboost|p2b: Gholdengo|atk|1
|move|p2a: Talonflame|Taunt|p1b: Incineroar
|-start|p1b: Incineroar|move: Taunt
|move|p1a: Sneasler|Close Combat|p2b: Gholdengo
|-immune|p2b: Gholdengo
|
|upkeep
|turn|2
|inactive|higigig has 30 seconds left.
|inactive|Jakz has 30 seconds left.
|inactive|higigig has 20 seconds left.
|inactive|Jakz has 20 seconds left.
|inactive|Jakz has 15 seconds left.
|
|t:|1756782647
|switch|p2a: Incineroar|Incineroar, L50, F, shiny|100/100
|-ability|p2a: Incineroar|Intimidate|boost
|-fail|p1a: Sneasler|unboost|[from] item: Clear Amulet|[of] p1a: Sneasler
|-unboost|p1b: Incineroar|atk|1
|-terastallize|p2b: Gholdengo|Dragon
|move|p1a: Sneasler|Dire Claw|p2a: Incineroar
|-damage|p2a: Incineroar|56/100
|-status|p2a: Incineroar|psn
|move|p2b: Gholdengo|Nasty Plot|p2b: Gholdengo
|-boost|p2b: Gholdengo|spa|2
|move|p1b: Incineroar|Knock Off|p2a: Incineroar
|-resisted|p2a: Incineroar
|-damage|p2a: Incineroar|42/100 psn
|-enditem|p2a: Incineroar|Sitrus Berry|[from] move: Knock Off|[of] p1b: Incineroar
|
|-damage|p2a: Incineroar|29/100 psn|[from] psn
|upkeep
|turn|3
|inactive|higigig has 30 seconds left.
|inactive|Jakz has 30 seconds left.
|inactive|higigig has 20 seconds left.
|inactive|higigig has 15 seconds left.
|
|t:|1756782687
|move|p1a: Sneasler|Protect|p1a: Sneasler
|-singleturn|p1a: Sneasler|Protect
|move|p2a: Incineroar|Parting Shot|p1b: Incineroar
|-unboost|p1b: Incineroar|atk|1
|-unboost|p1b: Incineroar|spa|1
|
|t:|1756782693
|switch|p2a: Talonflame|Talonflame, L50, F, shiny|100/100|[from] Parting Shot
|move|p2b: Gholdengo|Make It Rain|p1a: Sneasler|[spread] p1b
|-activate|p1a: Sneasler|move: Protect
|-resisted|p1b: Incineroar
|-damage|p1b: Incineroar|50/100
|-unboost|p2b: Gholdengo|spa|1
|move|p1b: Incineroar|Flare Blitz|p2a: Talonflame
|-resisted|p2a: Talonflame
|-damage|p2a: Talonflame|79/100
|-damage|p1b: Incineroar|45/100|[from] Recoil
|
|-end|p1b: Incineroar|move: Taunt
|upkeep
|turn|4
|inactive|higigig has 30 seconds left.
|inactive|Jakz has 30 seconds left.
|
|t:|1756782723
|-terastallize|p1a: Sneasler|Water
|move|p2a: Talonflame|Brave Bird|p1a: Sneasler
|-damage|p1a: Sneasler|29/100
|-damage|p2a: Talonflame|52/100|[from] Recoil
|move|p1a: Sneasler|Close Combat|p2b: Gholdengo
|-crit|p2b: Gholdengo
|-damage|p2b: Gholdengo|0 fnt
|-unboost|p1a: Sneasler|def|1
|-unboost|p1a: Sneasler|spd|1
|faint|p2b: Gholdengo
|move|p1b: Incineroar|Knock Off|p2a: Talonflame
|-damage|p2a: Talonflame|14/100
|-enditem|p2a: Talonflame|Covert Cloak|[from] move: Knock Off|[of] p1b: Incineroar
|
|upkeep
|
|t:|1756782737
|switch|p2b: Ursaluna|Ursaluna-Bloodmoon, L50, M|100/100
|turn|5
|inactive|higigig has 30 seconds left.
|
|t:|1756782773
|switch|p1b: Farigiraf|Farigiraf, L50, F|100/100
|move|p2a: Talonflame|Brave Bird|p1a: Sneasler
|-damage|p1a: Sneasler|0 fnt
|faint|p1a: Sneasler
|-damage|p2a: Talonflame|3/100|[from] Recoil
|move|p2b: Ursaluna|Hyper Voice|p1b: Farigiraf
|-damage|p1b: Farigiraf|49/100
|
|upkeep
|inactive|higigig has 30 seconds left.
|
|t:|1756782798
|switch|p1a: Incineroar|Incineroar, L50, F|45/100
|-ability|p1a: Incineroar|Intimidate|boost
|-unboost|p2a: Talonflame|atk|1
|-unboost|p2b: Ursaluna|atk|1
|turn|6
|
|t:|1756782814
|move|p1a: Incineroar|Fake Out|p2b: Ursaluna
|-damage|p2b: Ursaluna|92/100
|move|p2a: Talonflame|Taunt|p1b: Farigiraf
|-start|p1b: Farigiraf|move: Taunt
|cant|p2b: Ursaluna|flinch
|move|p1b: Farigiraf|Hyper Voice|p2a: Talonflame|[spread] p2a,p2b
|-damage|p2a: Talonflame|0 fnt
|-damage|p2b: Ursaluna|67/100
|faint|p2a: Talonflame
|-enditem|p1b: Farigiraf|Throat Spray
|-boost|p1b: Farigiraf|spa|1|[from] item: Throat Spray
|
|upkeep
|
|t:|1756782825
|switch|p2a: Incineroar|Incineroar, L50, F, shiny|29/100 psn
|-ability|p2a: Incineroar|Intimidate|boost
|-unboost|p1a: Incineroar|atk|1
|-unboost|p1b: Farigiraf|atk|1
|turn|7
|
|t:|1756782850
|move|p2a: Incineroar|Knock Off|p1b: Farigiraf
|-supereffective|p1b: Farigiraf
|-damage|p1b: Farigiraf|0 fnt
|faint|p1b: Farigiraf
|move|p1a: Incineroar|Knock Off|p2b: Ursaluna
|-damage|p2b: Ursaluna|45/100
|-enditem|p2b: Ursaluna|Assault Vest|[from] move: Knock Off|[of] p1a: Incineroar
|move|p2b: Ursaluna|Earth Power|p1a: Incineroar
|-supereffective|p1a: Incineroar
|-damage|p1a: Incineroar|0 fnt
|faint|p1a: Incineroar
|
|-damage|p2a: Incineroar|17/100 psn|[from] psn
|upkeep
|
|t:|1756782859
|switch|p1b: Ursaluna|Ursaluna-Bloodmoon, L50, M|100/100
|turn|8
|
|t:|1756782869
|move|p2a: Incineroar|Knock Off|p1b: Ursaluna
|-damage|p1b: Ursaluna|69/100
|-enditem|p1b: Ursaluna|Silk Scarf|[from] move: Knock Off|[of] p2a: Incineroar
|move|p1b: Ursaluna|Hyper Voice|p2b: Ursaluna|[spread] p2a,p2b
|-damage|p2a: Incineroar|0 fnt
|-damage|p2b: Ursaluna|4/100
|faint|p2a: Incineroar
|move|p2b: Ursaluna|Snarl|p1b: Ursaluna
|-damage|p1b: Ursaluna|44/100
|-unboost|p1b: Ursaluna|spa|1
|
|upkeep
|turn|9
|
|t:|1756782882
|move|p1b: Ursaluna|Hyper Voice|p2b: Ursaluna
|-damage|p2b: Ursaluna|0 fnt
|faint|p2b: Ursaluna
|
|win|higigig
