|j|☆Icookgarbageteams
|j|☆randomsnore_gam
|html|Icookgarbageteamsrandomsnore_gam    
|uhtml|bestof|Game 1 of a best-of-3
|t:|1785598230
|gametype|doubles
|player|p1|Icookgarbageteams|lance|
|player|p2|randomsnore_gam|chili|
|gen|9
|tier|[Gen 9 Champions] VGC 2026 Reg M-B (Bo3)
|rule|Species Clause: Limit one of each Pokémon
|rule|Item Clause: Limit 1 of each item
|clearpoke
|poke|p1|Froslass, L50, F|
|poke|p1|Rotom-Wash, L50|
|poke|p1|Scovillain, L50, M|
|poke|p1|Annihilape, L50, M|
|poke|p1|Tinkaton, L50, F|
|poke|p1|Mamoswine, L50, M|
|poke|p2|Manectric, L50, M, shiny|
|poke|p2|Talonflame, L50, F|
|poke|p2|Primarina, L50, M|
|poke|p2|Meowscarada, L50, M|
|poke|p2|Annihilape, L50, M|
|poke|p2|Klefki, L50, F|
|teampreview|4
|showteam|p1|Froslass||Froslassite|CursedBody|Blizzard,ShadowBall,AuroraVeil,Protect|Modest||F|||50|]Rotom-Wash||ChoiceScarf|Levitate|HydroPump,Thunderbolt,VoltSwitch,Electroweb|Serious|||||50|]Scovillain||Scovillainite|Moody|Overheat,GigaDrain,RagePowder,Protect|Bold||M|||50|]Annihilape||Leftovers|VitalSpirit|BulkUp,RageFist,DrainPunch,Protect|Serious||M|||50|]Tinkaton||MetalCoat|OwnTempo|FakeOut,GigatonHammer,PlayRough,Protect|Jolly||F|||50|]Mamoswine||FocusSash|Oblivious|IceShard,Protect,Earthquake,IcicleCrash|Jolly||M|||50|
|showteam|p2|Manectric||Manectite|LightningRod|VoltSwitch,Snarl,Flamethrower,Protect|Modest||M|||50|]Talonflame|||GaleWings|Acrobatics,Tailwind,FlareBlitz,Protect|Adamant||F|||50|]Primarina||LifeOrb|LiquidVoice|HyperVoice,Moonblast,EnergyBall,Protect|Modest||M|||50|]Meowscarada||FocusSash|Protean|Protect,FlowerTrick,PlayRough,KnockOff|Jolly||M|||50|]Annihilape||ChoiceScarf|Defiant|RockTomb,CloseCombat,PhantomForce,Uturn|Adamant||M|||50|]Klefki||LightClay|Prankster|Reflect,LightScreen,RainDance,FoulPlay|Impish||F|||50|
|inactive|Battle timer is ON: inactive players will automatically lose when time's up. (requested by randomsnore_gam)
|c|☆randomsnore_gam|thats a great username
|c|☆Icookgarbageteams|Well I'm in the wrong acc but it's fine
|c|☆Icookgarbageteams|Lancepp is my main
|inactive|Icookgarbageteams has 60 seconds left.
|inactive|randomsnore_gam has 60 seconds left.
|inactive|Icookgarbageteams has 30 seconds left.
|inactive|Icookgarbageteams has 20 seconds left.
|inactive|Icookgarbageteams has 15 seconds left.
|
|t:|1785598307
|teamsize|p1|4
|teamsize|p2|4
|start
|switch|p1a: Annihilape|Annihilape, L50, M|100/100
|switch|p1b: Tinkaton|Tinkaton, L50, F|100/100
|switch|p2a: Stimming|Klefki, L50, F|100/100
|switch|p2b: HERE I COME|Talonflame, L50, F|100/100
|turn|1
|inactive|Icookgarbageteams has 30 seconds left.
|inactive|randomsnore_gam has 30 seconds left.
|inactive|Icookgarbageteams has 20 seconds left.
|
|t:|1785598343
|move|p2b: HERE I COME|Protect|p2b: HERE I COME
|-singleturn|p2b: HERE I COME|Protect
|move|p1b: Tinkaton|Fake Out|p2b: HERE I COME
|-activate|p2b: HERE I COME|move: Protect
|move|p2a: Stimming|Reflect|p2a: Stimming
|-sidestart|p2: randomsnore_gam|Reflect
|move|p1a: Annihilape|Bulk Up|p1a: Annihilape
|-boost|p1a: Annihilape|atk|1
|-boost|p1a: Annihilape|def|1
|
|upkeep
|turn|2
|
|t:|1785598365
|switch|p1b: Rotom|Rotom-Wash, L50|100/100
|move|p2b: HERE I COME|Tailwind|p2b: HERE I COME
|-sidestart|p2: randomsnore_gam|move: Tailwind
|move|p2a: Stimming|Foul Play|p1a: Annihilape
|-damage|p1a: Annihilape|68/100
|move|p1a: Annihilape|Bulk Up|p1a: Annihilape
|-boost|p1a: Annihilape|atk|1
|-boost|p1a: Annihilape|def|1
|
|-heal|p1a: Annihilape|74/100|[from] item: Leftovers
|upkeep
|turn|3
|
|t:|1785598390
|switch|p2a: me when|Manectric, L50, M, shiny|100/100
|move|p1a: Annihilape|Protect|p1a: Annihilape
|-singleturn|p1a: Annihilape|Protect
|move|p2b: HERE I COME|Acrobatics|p1a: Annihilape
|-activate|p1a: Annihilape|move: Protect
|move|p1b: Rotom|Electroweb|p2b: HERE I COME|[spread] p2b
|-ability|p2a: me when|Lightning Rod|boost
|-boost|p2a: me when|spa|1
|-supereffective|p2b: HERE I COME|1
|-damage|p2b: HERE I COME|52/100
|-unboost|p2b: HERE I COME|spe|1
|
|-heal|p1a: Annihilape|80/100|[from] item: Leftovers
|upkeep
|turn|4
|inactive|Icookgarbageteams has 30 seconds left.
|inactive|Icookgarbageteams has 20 seconds left.
|inactive|Icookgarbageteams has 15 seconds left.
|inactive|Icookgarbageteams has 10 seconds left.
|inactive|Icookgarbageteams has 5 seconds left.
|
|t:|1785598441
|switch|p1b: Tinkaton|Tinkaton, L50, F|100/100
|move|p2a: me when|Volt Switch|p1a: Annihilape
|-crit|p1a: Annihilape
|-damage|p1a: Annihilape|13/100
|
|t:|1785598449
|switch|p2a: Furry bait~|Meowscarada, L50, M|100/100|[from] Volt Switch
|move|p2b: HERE I COME|Acrobatics|p1a: Annihilape
|-supereffective|p1a: Annihilape|1
|-damage|p1a: Annihilape|0 fnt
|faint|p1a: Annihilape
|
|upkeep
|
|t:|1785598457
|switch|p1a: Scovillain|Scovillain, L50, M|100/100
|turn|5
|c|☆randomsnore_gam|I've thought about switch flamethrower for tbolt
|
|t:|1785598474
|switch|p2a: Stimming|Klefki, L50, F|100/100
|detailschange|p1a: Scovillain|Scovillain-Mega, L50, M
|-mega|p1a: Scovillain|Scovillain|Scovillainite
|move|p1a: Scovillain|Rage Powder|p1a: Scovillain
|-singleturn|p1a: Scovillain|move: Rage Powder
|move|p2b: HERE I COME|Acrobatics|p1a: Scovillain
|-supereffective|p1a: Scovillain|1
|-damage|p1a: Scovillain|11/100
|-immune|p2b: HERE I COME
|move|p1b: Tinkaton|Play Rough|p2a: Stimming
|-resisted|p2a: Stimming|1
|-damage|p2a: Stimming|90/100
|
|-sideend|p2: randomsnore_gam|move: Tailwind
|upkeep
|turn|6
|
|t:|1785598496
|move|p1b: Tinkaton|Gigaton Hammer|p2a: Stimming
|-damage|p2a: Stimming|48/100
|move|p2b: HERE I COME|Tailwind|p2b: HERE I COME
|-sidestart|p2: randomsnore_gam|move: Tailwind
|move|p2a: Stimming|Foul Play|p1b: Tinkaton
|-resisted|p1b: Tinkaton|1
|-damage|p1b: Tinkaton|87/100
|move|p1a: Scovillain|Overheat|p2a: Stimming
|-supereffective|p2a: Stimming|1
|-damage|p2a: Stimming|0 fnt
|-unboost|p1a: Scovillain|spa|2
|faint|p2a: Stimming
|
|upkeep
|
|t:|1785598508
|switch|p2a: me when|Manectric, L50, M, shiny|100/100
|turn|7
|c|☆randomsnore_gam|Or honestly snarl
|
|t:|1785598532
|move|p2a: me when|Protect|p2a: me when
|-singleturn|p2a: me when|Protect
|move|p1a: Scovillain|Rage Powder|p1a: Scovillain
|-singleturn|p1a: Scovillain|move: Rage Powder
|move|p2b: HERE I COME|Flare Blitz|p1a: Scovillain
|-damage|p1a: Scovillain|0 fnt
|-immune|p2b: HERE I COME
|faint|p1a: Scovillain
|-damage|p2b: HERE I COME|48/100|[from] Recoil
|move|p1b: Tinkaton|Play Rough|p2a: me when
|-activate|p2a: me when|move: Protect
|
|upkeep
|
|t:|1785598535
|switch|p1a: Rotom|Rotom-Wash, L50|100/100
|turn|8
|c|☆Icookgarbageteams|I shee
|inactive|Icookgarbageteams has 30 seconds left.
|
|t:|1785598567
|move|p2a: me when|Flamethrower|p1b: Tinkaton
|-supereffective|p1b: Tinkaton|1
|-damage|p1b: Tinkaton|33/100
|move|p2b: HERE I COME|Flare Blitz|p1b: Tinkaton
|-supereffective|p1b: Tinkaton|1
|-damage|p1b: Tinkaton|0 fnt
|faint|p1b: Tinkaton
|-damage|p2b: HERE I COME|34/100|[from] Recoil
|move|p1a: Rotom|Hydro Pump|p2a: me when
|-damage|p2a: me when|4/100
|
|-sideend|p2: randomsnore_gam|Reflect
|upkeep
|turn|9
|
|t:|1785598577
|move|p2a: me when|Volt Switch|p1a: Rotom
|-damage|p1a: Rotom|56/100
|
|t:|1785598579
|switch|p2a: Furry bait~|Meowscarada, L50, M|100/100|[from] Volt Switch
|move|p2b: HERE I COME|Flare Blitz|p1a: Rotom
|-resisted|p1a: Rotom|1
|-damage|p1a: Rotom|25/100
|-damage|p2b: HERE I COME|26/100|[from] Recoil
|move|p1a: Rotom|Hydro Pump|p2b: HERE I COME
|-supereffective|p2b: HERE I COME|1
|-damage|p2b: HERE I COME|0 fnt
|faint|p2b: HERE I COME
|
|-sideend|p2: randomsnore_gam|move: Tailwind
|upkeep
|
|t:|1785598581
|switch|p2b: me when|Manectric, L50, M, shiny|4/100
|turn|10
|-message|Icookgarbageteams forfeited.
|
|win|randomsnore_gam
||randomsnore_gam is ready for game 2.
||Icookgarbageteams is ready for game 2.
|uhtml|next|Next: Game 2 of 3
|l|☆randomsnore_gam
|player|p2|
