|j|☆JVoid
|j|☆purpen
|html|JVoidpurpen    
|uhtml|bestof|Game 2 of a best-of-3
|t:|1784591173
|gametype|doubles
|player|p1|JVoid|lucas-gen4pt|
|player|p2|purpen|2|
|gen|9
|tier|[Gen 9 Champions] VGC 2026 Reg M-B (Bo3)
|rule|Species Clause: Limit one of each Pokémon
|rule|Item Clause: Limit 1 of each item
|clearpoke
|poke|p1|Blastoise, L50, F|
|poke|p1|Politoed, L50, M|
|poke|p1|Glaceon, L50, M|
|poke|p1|Mr. Rime, L50, M|
|poke|p1|Ninetales-Alola, L50, F|
|poke|p1|Maushold, L50|
|poke|p2|Froslass, L50, F|
|poke|p2|Weavile, L50, F|
|poke|p2|Kommo-o, L50, M|
|poke|p2|Farigiraf, L50, F|
|poke|p2|Gengar, L50, M|
|poke|p2|Scovillain, L50, F|
|teampreview|4
|showteam|p1|Blastoise||Blastoisinite|Torrent|WaterPulse,DarkPulse,ShellSmash,Protect|Modest||F|||50|]Politoed||SitrusBerry|Drizzle|Protect,IceBeam,MuddyWater,HelpingHand|Bold||M|||50|]Glaceon||ChoiceScarf|IceBody|Blizzard,FreezeDry,WeatherBall,ShadowBall|Modest||M|||50|]Mr. Rime||MentalHerb|IceBody|TrickRoom,FakeOut,FreezeDry,ShadowBall|Bold||M|||50|]Ninetales-Alola||FocusSash|SnowWarning|AuroraVeil,HelpingHand,Protect,DazzlingGleam|Timid||F|||50|]Maushold||ChopleBerry|FriendGuard|Protect,FollowMe,SuperFang,Encore|Jolly|||||50|
|showteam|p2|Froslass||Froslassite|CursedBody|AuroraVeil,Blizzard,Protect,Taunt|Timid||F|||50|]Weavile||FocusSash|Pickpocket|FakeOut,IceSpinner,ThroatChop,Protect|Jolly||F|||50|]Kommo-o||Leftovers|Bulletproof|ClangorousSoul,ClangingScales,AuraSphere,Protect|Timid||M|||50|]Farigiraf||SitrusBerry|ArmorTail|TwinBeam,TrickRoom,AllySwitch,Protect|Sassy||F|||50|]Gengar||ChoiceScarf|CursedBody|Thunder,SludgeBomb,ShadowBall,Trick|Timid||M|||50|]Scovillain||Scovillainite|Moody|Protect,GigaDrain,RagePowder,LeechSeed|Calm||F|||50|
|j| enzothegamer
|j| code hammer
|l| code hammer
|
|t:|1784591265
|teamsize|p1|4
|teamsize|p2|4
|start
|switch|p1a: Blastoise|Blastoise, L50, F|100/100
|switch|p1b: Politoed|Politoed, L50, M|100/100
|switch|p2a: Scovillain|Scovillain, L50, F|100/100
|switch|p2b: Weavile|Weavile, L50, F|100/100
|-weather|RainDance|[from] ability: Drizzle|[of] p1b: Politoed
|turn|1
|j| rat2
|
|t:|1784591306
|detailschange|p1a: Blastoise|Blastoise-Mega, L50, F
|-mega|p1a: Blastoise|Blastoise|Blastoisinite
|move|p1a: Blastoise|Protect|p1a: Blastoise
|-singleturn|p1a: Blastoise|Protect
|move|p2a: Scovillain|Protect|p2a: Scovillain
|-singleturn|p2a: Scovillain|Protect
|move|p2b: Weavile|Fake Out|p1a: Blastoise
|-activate|p1a: Blastoise|move: Protect
|move|p1b: Politoed|Muddy Water|p2b: Weavile|[spread] p2b
|-activate|p2a: Scovillain|move: Protect
|-crit|p2b: Weavile
|-damage|p2b: Weavile|31/100
|
|-weather|RainDance|[upkeep]
|-ability|p2a: Scovillain|Moody|boost
|-boost|p2a: Scovillain|spa|2
|-unboost|p2a: Scovillain|atk|1
|upkeep
|turn|2
|
|t:|1784591362
|detailschange|p2a: Scovillain|Scovillain-Mega, L50, F
|-mega|p2a: Scovillain|Scovillain|Scovillainite
|move|p2b: Weavile|Throat Chop|p1a: Blastoise
|-damage|p1a: Blastoise|60/100
|-start|p1a: Blastoise|Throat Chop|[silent]
|move|p1a: Blastoise|Shell Smash|p1a: Blastoise
|-unboost|p1a: Blastoise|def|1
|-unboost|p1a: Blastoise|spd|1
|-boost|p1a: Blastoise|atk|2
|-boost|p1a: Blastoise|spa|2
|-boost|p1a: Blastoise|spe|2
|move|p2a: Scovillain|Giga Drain|p1a: Blastoise
|-supereffective|p1a: Blastoise|1
|-damage|p1a: Blastoise|0 fnt
|faint|p1a: Blastoise
|move|p1b: Politoed|Muddy Water|p2b: Weavile|[spread] p2a,p2b
|-damage|p2a: Scovillain|74/100
|-damage|p2b: Weavile|0 fnt
|-status|p1b: Politoed|brn|[from] ability: Spicy Spray|[of] p2a: Scovillain
|faint|p2b: Weavile
|
|-weather|RainDance|[upkeep]
|-damage|p1b: Politoed|93/100 brn|[from] brn
|upkeep
|
|t:|1784591407
|switch|p2b: Gengar|Gengar, L50, M|100/100
|switch|p1a: Glaceon|Glaceon, L50, M|100/100
|turn|3
|c|☆purpen|scov my goat fr
|
|t:|1784591478
|switch|p1b: Ninetales|Ninetales-Alola, L50, F|100/100
|-weather|Snowscape|[from] ability: Snow Warning|[of] p1b: Ninetales
|move|p2b: Gengar|Thunder|p1b: Ninetales
|-damage|p1b: Ninetales|54/100
|move|p1a: Glaceon|Blizzard|p2b: Gengar|[spread] p2a,p2b
|-damage|p2a: Scovillain|32/100
|-damage|p2b: Gengar|27/100
|-status|p1a: Glaceon|brn|[from] ability: Spicy Spray|[of] p2a: Scovillain
|move|p2a: Scovillain|Leech Seed|p1a: Glaceon
|-start|p1a: Glaceon|move: Leech Seed
|
|-weather|Snowscape|[upkeep]
|-damage|p1a: Glaceon|88/100 brn|[from] Leech Seed|[of] p2a: Scovillain
|-heal|p2a: Scovillain|42/100|[silent]
|-damage|p1a: Glaceon|82/100 brn|[from] brn
|upkeep
|turn|4
|
|t:|1784591535
|switch|p2b: Farigiraf|Farigiraf, L50, F|100/100
|move|p2a: Scovillain|Protect|p2a: Scovillain
|-singleturn|p2a: Scovillain|Protect
|move|p1b: Ninetales|Aurora Veil|p1b: Ninetales
|-sidestart|p1: JVoid|move: Aurora Veil
|move|p1a: Glaceon|Blizzard|p2b: Farigiraf|[spread] p2b
|-activate|p2a: Scovillain|move: Protect
|-damage|p2b: Farigiraf|68/100
|
|-weather|Snowscape|[upkeep]
|-heal|p1a: Glaceon|88/100 brn|[from] ability: Ice Body
|-damage|p1a: Glaceon|76/100 brn|[from] Leech Seed|[of] p2a: Scovillain
|-heal|p2a: Scovillain|52/100|[silent]
|-damage|p1a: Glaceon|70/100 brn|[from] brn
|upkeep
|turn|5
|
|t:|1784591557
|move|p1b: Ninetales|Helping Hand|p1a: Glaceon
|-singleturn|p1a: Glaceon|Helping Hand|[of] p1b: Ninetales
|move|p2b: Farigiraf|Ally Switch|p2b: Farigiraf
|swap|p2b: Farigiraf|0|[from] move: Ally Switch
|move|p1a: Glaceon|Blizzard|p2a: Farigiraf|[spread] p2a,p2b
|-damage|p2a: Farigiraf|22/100
|-damage|p2b: Scovillain|0 fnt
|-enditem|p2a: Farigiraf|Sitrus Berry|[eat]
|-heal|p2a: Farigiraf|46/100|[from] item: Sitrus Berry
|faint|p2b: Scovillain
|
|-weather|Snowscape|[upkeep]
|-heal|p1a: Glaceon|76/100 brn|[from] ability: Ice Body
|-damage|p1a: Glaceon|64/100 brn|[from] Leech Seed|[of] p2a: Farigiraf
|-heal|p2a: Farigiraf|54/100|[silent]
|-damage|p1a: Glaceon|58/100 brn|[from] brn
|upkeep
|
|t:|1784591566
|switch|p2b: Gengar|Gengar, L50, M|27/100
|turn|6
|
|t:|1784591586
|move|p1b: Ninetales|Helping Hand|p1a: Glaceon
|-singleturn|p1a: Glaceon|Helping Hand|[of] p1b: Ninetales
|move|p2a: Farigiraf|Protect|p2a: Farigiraf
|-singleturn|p2a: Farigiraf|Protect
|move|p2b: Gengar|Sludge Bomb|p1b: Ninetales
|-supereffective|p1b: Ninetales|1
|-damage|p1b: Ninetales|0 fnt
|faint|p1b: Ninetales
|move|p1a: Glaceon|Blizzard|p2a: Farigiraf|[spread] p2b
|-activate|p2a: Farigiraf|move: Protect
|-damage|p2b: Gengar|0 fnt
|faint|p2b: Gengar
|
|-weather|Snowscape|[upkeep]
|-heal|p1a: Glaceon|64/100 brn|[from] ability: Ice Body
|-damage|p1a: Glaceon|52/100 brn|[from] Leech Seed|[of] p2a: Farigiraf
|-heal|p2a: Farigiraf|61/100|[silent]
|-damage|p1a: Glaceon|46/100 brn|[from] brn
|upkeep
|
|t:|1784591602
|switch|p1b: Politoed|Politoed, L50, M|93/100 brn
|-weather|RainDance|[from] ability: Drizzle|[of] p1b: Politoed
|turn|7
|
|t:|1784591617
|move|p1a: Glaceon|Blizzard|p2a: Farigiraf
|-damage|p2a: Farigiraf|20/100y
|move|p1b: Politoed|Muddy Water|p2a: Farigiraf
|-damage|p2a: Farigiraf|0 fnt
|faint|p2a: Farigiraf
|
|win|JVoid
||purpen is ready for game 3.
