|j|☆magic 561
|j|☆Manymoons
|html|magic 561Manymoons    
|uhtml|bestof|Game 3 of a best-of-3
|t:|1755635084
|gametype|doubles
|player|p1|magic 561|266|1338
|player|p2|Manymoons|170|1195
|gen|9
|tier|[Gen 9] VGC 2025 Reg H (Bo3)
|rated|
|rule|Species Clause: Limit one of each Pokémon
|rule|Item Clause: Limit 1 of each item
|clearpoke
|poke|p1|Hydreigon, L50, F|
|poke|p1|Metagross, L50|
|poke|p1|Ninetales-Alola, L50, F|
|poke|p1|Basculegion, L50, M|
|poke|p1|Kilowattrel, L50, M|
|poke|p1|Incineroar, L50, F|
|poke|p2|Grimmsnarl, L50, M|
|poke|p2|Gholdengo, L50|
|poke|p2|Rillaboom, L50, M|
|poke|p2|Annihilape, L50, F|
|poke|p2|Maushold, L50|
|poke|p2|Ursaluna-Bloodmoon, L50, M|
|teampreview|4
|showteam|p1|Hydreigon||LifeOrb|Levitate|DarkPulse,DracoMeteor,EarthPower,Protect|||F|||50|,,,,,Poison]Metagross||AssaultVest|ClearBody|BulletPunch,HeavySlam,PsychicFangs,HammerArm||||||50|,,,,,Water]Ninetales-Alola||NeverMeltIce|SnowWarning|Moonblast,IcyWind,Blizzard,Protect|||F|||50|,,,,,Ice]Basculegion||ChoiceScarf|Adaptability|WaveCrash,LastRespects,AquaJet,FlipTurn|||M|||50|,,,,,Grass]Kilowattrel||FocusSash|Competitive|Thunderbolt,AirSlash,Tailwind,Protect|||M|||50|,,,,,Ghost]Incineroar||SafetyGoggles|Intimidate|KnockOff,FlareBlitz,PartingShot,FakeOut|||F|||50|,,,,,Ghost
|showteam|p2|Grimmsnarl||LightClay|Prankster|SpiritBreak,LightScreen,Reflect,PartingShot|||M|||50|,,,,,Steel]Gholdengo||MetalCoat|GoodasGold|Protect,NastyPlot,MakeItRain,ShadowBall||||||50|,,,,,Water]Rillaboom||AssaultVest|GrassySurge|FakeOut,GrassyGlide,Uturn,DrumBeating|||M|||50|,,,,,Fire]Annihilape||Leftovers|Defiant|Protect,BulkUp,RageFist,DrainPunch|||F|||50|,,,,,Grass]Maushold||SafetyGoggles|FriendGuard|Protect,BeatUp,FollowMe,SuperFang||||||50|,,,,,Poison]Ursaluna-Bloodmoon||LifeOrb|MindsEye|Protect,BloodMoon,HyperVoice,EarthPower|||M|||50|,,,,,Normal
|inactive|Battle timer is ON: inactive players will automatically lose when time's up. (requested by magic 561)
|j| je suis guez
|inactive|Manymoons has 60 seconds left.
|
|t:|1755635139
|teamsize|p1|4
|teamsize|p2|4
|start
|switch|p1a: Basculegion|Basculegion, L50, M|100/100
|switch|p1b: Kilowattrel|Kilowattrel, L50, M|100/100
|switch|p2a: Grimmsnarl|Grimmsnarl, L50, M|100/100
|switch|p2b: Ursaluna|Ursaluna-Bloodmoon, L50, M|100/100
|turn|1
|l| je suis guez
|inactive|Manymoons has 30 seconds left.
|
|t:|1755635171
|move|p2b: Ursaluna|Protect|p2b: Ursaluna
|-singleturn|p2b: Ursaluna|Protect
|move|p2a: Grimmsnarl|Reflect|p2a: Grimmsnarl
|-sidestart|p2: Manymoons|Reflect
|move|p1a: Basculegion|Wave Crash|p2b: Ursaluna
|-activate|p2b: Ursaluna|move: Protect
|move|p1b: Kilowattrel|Air Slash|p2b: Ursaluna
|-activate|p2b: Ursaluna|move: Protect
|
|upkeep
|turn|2
|
|t:|1755635196
|-terastallize|p2b: Ursaluna|Normal
|move|p2a: Grimmsnarl|Light Screen|p2a: Grimmsnarl
|-sidestart|p2: Manymoons|move: Light Screen
|move|p1a: Basculegion|Wave Crash|p2b: Ursaluna
|-damage|p2b: Ursaluna|64/100
|-damage|p1a: Basculegion|88/100|[from] Recoil
|move|p1b: Kilowattrel|Thunderbolt|p2b: Ursaluna
|-damage|p2b: Ursaluna|37/100
|move|p2b: Ursaluna|Blood Moon|p1a: Basculegion
|-damage|p1a: Basculegion|0 fnt
|faint|p1a: Basculegion
|-damage|p2b: Ursaluna|28/100|[from] item: Life Orb
|
|upkeep
|
|t:|1755635211
|switch|p1a: Ninetales|Ninetales-Alola, L50, F|100/100
|-weather|Snowscape|[from] ability: Snow Warning|[of] p1a: Ninetales
|turn|3
|inactive|magic 561 has 30 seconds left.
|
|t:|1755635239
|move|p1a: Ninetales|Protect|p1a: Ninetales
|-singleturn|p1a: Ninetales|Protect
|move|p2b: Ursaluna|Protect|p2b: Ursaluna
|-singleturn|p2b: Ursaluna|Protect
|move|p2a: Grimmsnarl|Parting Shot|p1a: Ninetales
|-activate|p1a: Ninetales|move: Protect
|move|p1b: Kilowattrel|Thunderbolt|p2a: Grimmsnarl
|-damage|p2a: Grimmsnarl|75/100
|
|-weather|Snowscape|[upkeep]
|upkeep
|turn|4
|
|t:|1755635264
|switch|p2b: Maushold|Maushold, L50|100/100
|move|p2a: Grimmsnarl|Parting Shot|p1a: Ninetales
|-unboost|p1a: Ninetales|atk|1
|-unboost|p1a: Ninetales|spa|1
|
|t:|1755635269
|switch|p2a: Gholdengo|Gholdengo, L50|100/100|[from] Parting Shot
|move|p1b: Kilowattrel|Thunderbolt|p2b: Maushold
|-damage|p2b: Maushold|71/100
|move|p1a: Ninetales|Moonblast|p2b: Maushold
|-damage|p2b: Maushold|52/100
|
|-weather|Snowscape|[upkeep]
|upkeep
|turn|5
|
|t:|1755635290
|move|p1b: Kilowattrel|Thunderbolt|p2b: Maushold
|-damage|p2b: Maushold|18/100
|move|p1a: Ninetales|Blizzard|p2a: Gholdengo|[spread] p2a,p2b
|-resisted|p2a: Gholdengo
|-damage|p2a: Gholdengo|94/100
|-damage|p2b: Maushold|0 fnt
|faint|p2b: Maushold
|move|p2a: Gholdengo|Nasty Plot|p2a: Gholdengo
|-boost|p2a: Gholdengo|spa|2
|
|-weather|Snowscape|[upkeep]
|upkeep
|
|t:|1755635299
|switch|p2b: Grimmsnarl|Grimmsnarl, L50, M|75/100
|turn|6
|inactive|magic 561 has 30 seconds left.
|
|t:|1755635331
|move|p1b: Kilowattrel|Protect|p1b: Kilowattrel
|-singleturn|p1b: Kilowattrel|Protect
|move|p1a: Ninetales|Moonblast|p2b: Grimmsnarl
|-supereffective|p2b: Grimmsnarl
|-damage|p2b: Grimmsnarl|47/100
|move|p2a: Gholdengo|Make It Rain|p1a: Ninetales|[spread] p1a
|-activate|p1b: Kilowattrel|move: Protect
|-supereffective|p1a: Ninetales
|-damage|p1a: Ninetales|0 fnt
|-unboost|p2a: Gholdengo|spa|1
|faint|p1a: Ninetales
|move|p2b: Grimmsnarl|Spirit Break|p1b: Kilowattrel
|-activate|p1b: Kilowattrel|move: Protect
|
|-weather|Snowscape|[upkeep]
|upkeep
|
|t:|1755635339
|switch|p1a: Adel|Hydreigon, L50, F|100/100
|turn|7
|inactive|Manymoons has 30 seconds left.
|
|t:|1755635373
|-terastallize|p1a: Adel|Poison
|move|p1b: Kilowattrel|Thunderbolt|p2a: Gholdengo
|-damage|p2a: Gholdengo|68/100
|move|p1a: Adel|Dark Pulse|p2a: Gholdengo
|-supereffective|p2a: Gholdengo
|-damage|p2a: Gholdengo|0 fnt
|faint|p2a: Gholdengo
|-damage|p1a: Adel|91/100|[from] item: Life Orb
|move|p2b: Grimmsnarl|Spirit Break|p1a: Adel
|-resisted|p1a: Adel
|-damage|p1a: Adel|74/100
|-unboost|p1a: Adel|spa|1
|
|-weather|none
|upkeep
|
|t:|1755635386
|switch|p2a: Ursaluna|Ursaluna-Bloodmoon, L50, M, tera:Normal|28/100
|turn|8
|inactive|Manymoons has 30 seconds left.
|inactive|Manymoons has 20 seconds left.
|inactive|Manymoons has 15 seconds left.
|
|t:|1755635429
|move|p2b: Grimmsnarl|Parting Shot|p1a: Adel
|-unboost|p1a: Adel|atk|1
|-unboost|p1a: Adel|spa|1
|move|p1b: Kilowattrel|Thunderbolt|p2a: Ursaluna
|-damage|p2a: Ursaluna|0 fnt
|faint|p2a: Ursaluna
|move|p1a: Adel|Dark Pulse|p2b: Grimmsnarl
|-resisted|p2b: Grimmsnarl
|-damage|p2b: Grimmsnarl|43/100
|-damage|p1a: Adel|64/100|[from] item: Life Orb
|
|-sideend|p2: Manymoons|Reflect
|upkeep
|turn|9
|-message|Manymoons forfeited.
|
|win|magic 561
|raw|magic 561's rating: 1338 → 1350(+12 for winning)
|raw|Manymoons's rating: 1195 → 1180(-15 for losing)
|c|☆magic 561|gg wp
|c|☆Manymoons|gg
|l|☆Manymoons
|player|p2|
