|j|☆huntr/x rumi
|j|☆Lemonade Insurance
|html|huntr/x rumiLemonade Insurance    
|uhtml|bestof|Game 2 of a best-of-3
|t:|1756839258
|gametype|doubles
|player|p1|huntr/x rumi|guitarist|1287
|player|p2|Lemonade Insurance|266|1209
|gen|9
|tier|[Gen 9] VGC 2025 Reg H (Bo3)
|rated|
|rule|Species Clause: Limit one of each Pokémon
|rule|Item Clause: Limit 1 of each item
|clearpoke
|poke|p1|Palafin, L50, M|
|poke|p1|Incineroar, L50, F|
|poke|p1|Sinistcha, L50|
|poke|p1|Archaludon, L50, F|
|poke|p1|Stonjourner, L50, M|
|poke|p1|Ninetales-Alola, L50, F|
|poke|p2|Politoed, L50, M|
|poke|p2|Kingdra, L50, M|
|poke|p2|Incineroar, L50, M|
|poke|p2|Archaludon, L50, F|
|poke|p2|Gothitelle, L50, F|
|poke|p2|Amoonguss, L50, M|
|teampreview|4
|showteam|p1|Palafin||MysticWater|ZerotoHero|Protect,JetPunch,WaveCrash,Haze|||M|||50|,,,,,Water]Incineroar||SafetyGoggles|Intimidate|FakeOut,FlareBlitz,KnockOff,PartingShot|||F|||50|,,,,,Ghost]Sinistcha||AssaultVest|Hospitality|MatchaGotcha,ShadowBall,Scald,GigaDrain||||||50|,,,,,Water]Archaludon||PowerHerb|Sturdy|Protect,ElectroShot,DragonPulse,Thunderbolt|||F|||50|,,,,,Electric]Stonjourner||FocusSash|PowerSpot|Protect,WideGuard,RockSlide,LowKick|||M|||50|,,,,,Ghost]Ninetales-Alola||CovertCloak|SnowWarning|Protect,AuroraVeil,Blizzard,Moonblast|||F|||50|,,,,,Water
|showteam|p2|Politoed||Leftovers|Drizzle|Protect,WeatherBall,PerishSong,Encore|||M|||50|,,,,,Grass]Kingdra||LifeOrb|SwiftSwim|Protect,WeatherBall,DracoMeteor,MuddyWater|||M|||50|,,,,,Stellar]Incineroar||SafetyGoggles|Intimidate|Protect,KnockOff,FakeOut,PartingShot|||M|||50|,,,,,Ghost]Archaludon||PowerHerb|Sturdy|Protect,ElectroShot,DragonPulse,FlashCannon|||F|||50|,,,,,Electric]Gothitelle||SitrusBerry|ShadowTag|Protect,Psychic,FakeOut,TrickRoom|||F|||50|,,,,,Dark]Amoonguss||EjectButton|Regenerator|Protect,RagePowder,PollenPuff,Spore|||M|||50|,,,,,Fairy
|inactive|Battle timer is ON: inactive players will automatically lose when time's up. (requested by Lemonade Insurance)
|
|t:|1756839311
|teamsize|p1|4
|teamsize|p2|4
|start
|switch|p1a: Stonjourner|Stonjourner, L50, M, shiny|100/100
|switch|p1b: Archaludon|Archaludon, L50, F, shiny|100/100
|switch|p2a: Amoonguss|Amoonguss, L50, M|100/100
|switch|p2b: Archaludon|Archaludon, L50, F|100/100
|turn|1
|inactive|Lemonade Insurance has 30 seconds left.
|inactive|Lemonade Insurance has 20 seconds left.
|inactive|Lemonade Insurance has 15 seconds left.
|
|t:|1756839356
|-terastallize|p2b: Archaludon|Electric
|-terastallize|p1b: Archaludon|Electric
|move|p1b: Archaludon|Electro Shot||[still]
|-prepare|p1b: Archaludon|Electro Shot
|-boost|p1b: Archaludon|spa|1
|-enditem|p1b: Archaludon|Power Herb
|-anim|p1b: Archaludon|Electro Shot|p2b: Archaludon
|-resisted|p2b: Archaludon
|-damage|p2b: Archaludon|8/100
|move|p2b: Archaludon|Electro Shot||[still]
|-prepare|p2b: Archaludon|Electro Shot
|-boost|p2b: Archaludon|spa|1
|-enditem|p2b: Archaludon|Power Herb
|-anim|p2b: Archaludon|Electro Shot|p1a: Stonjourner
|-enditem|p1a: Stonjourner|Focus Sash
|-damage|p1a: Stonjourner|1/100
|move|p1a: Stonjourner|Rock Slide|p2b: Archaludon|[spread] p2a
|-miss|p1a: Stonjourner|p2b: Archaludon
|-damage|p2a: Amoonguss|80/100
|-enditem|p2a: Amoonguss|Eject Button
|
|t:|1756839378
|switch|p2a: Incineroar|Incineroar, L50, M|100/100
|-ability|p2a: Incineroar|Intimidate|boost
|-unboost|p1a: Stonjourner|atk|1
|-unboost|p1b: Archaludon|atk|1
|
|upkeep
|turn|2
|
|t:|1756839391
|move|p1b: Archaludon|Protect|p1b: Archaludon
|-singleturn|p1b: Archaludon|Protect
|move|p2a: Incineroar|Fake Out|p1a: Stonjourner
|-resisted|p1a: Stonjourner
|-damage|p1a: Stonjourner|0 fnt
|faint|p1a: Stonjourner
|move|p2b: Archaludon|Dragon Pulse|p1b: Archaludon
|-activate|p1b: Archaludon|move: Protect
|
|upkeep
|
|t:|1756839396
|switch|p1a: Ninetales|Ninetales-Alola, L50, F|100/100
|-weather|Snowscape|[from] ability: Snow Warning|[of] p1a: Ninetales
|turn|3
|inactive|Lemonade Insurance has 30 seconds left.
|
|t:|1756839427
|move|p2b: Archaludon|Protect|p2b: Archaludon
|-singleturn|p2b: Archaludon|Protect
|move|p1a: Ninetales|Moonblast|p2b: Archaludon
|-activate|p2b: Archaludon|move: Protect
|move|p1b: Archaludon|Thunderbolt|p2a: Incineroar
|-damage|p2a: Incineroar|54/100
|move|p2a: Incineroar|Knock Off|p1a: Ninetales
|-resisted|p1a: Ninetales
|-damage|p1a: Ninetales|80/100
|-enditem|p1a: Ninetales|Covert Cloak|[from] move: Knock Off|[of] p2a: Incineroar
|
|-weather|Snowscape|[upkeep]
|upkeep
|turn|4
|j| teamthief420
|
|t:|1756839446
|switch|p2b: Politoed|Politoed, L50, M|100/100
|-weather|RainDance|[from] ability: Drizzle|[of] p2b: Politoed
|switch|p2a: Amoonguss|Amoonguss, L50, M|100/100
|move|p1a: Ninetales|Moonblast|p2b: Politoed
|-damage|p2b: Politoed|73/100
|-unboost|p2b: Politoed|spa|1
|move|p1b: Archaludon|Dragon Pulse|p2b: Politoed
|-damage|p2b: Politoed|27/100
|
|-weather|RainDance|[upkeep]
|-heal|p2b: Politoed|33/100|[from] item: Leftovers
|upkeep
|turn|5
|inactive|Lemonade Insurance has 30 seconds left.
|
|t:|1756839479
|switch|p2b: Incineroar|Incineroar, L50, M|54/100
|-ability|p2b: Incineroar|Intimidate|boost
|-unboost|p1a: Ninetales|atk|1
|-unboost|p1b: Archaludon|atk|1
|move|p1a: Ninetales|Blizzard|p2b: Incineroar|[spread] p2b
|-miss|p1a: Ninetales|p2a: Amoonguss
|-resisted|p2b: Incineroar
|-damage|p2b: Incineroar|42/100
|move|p1b: Archaludon|Dragon Pulse|p2a: Amoonguss
|-damage|p2a: Amoonguss|44/100
|move|p2a: Amoonguss|Spore|p1b: Archaludon
|-status|p1b: Archaludon|slp|[from] move: Spore
|
|-weather|RainDance|[upkeep]
|upkeep
|turn|6
|inactive|Lemonade Insurance has 30 seconds left.
|
|t:|1756839520
|move|p1a: Ninetales|Blizzard|p2b: Incineroar|[spread] p2b
|-miss|p1a: Ninetales|p2a: Amoonguss
|-resisted|p2b: Incineroar
|-damage|p2b: Incineroar|31/100
|cant|p1b: Archaludon|slp
|move|p2b: Incineroar|Parting Shot|p1b: Archaludon
|-unboost|p1b: Archaludon|atk|1
|-unboost|p1b: Archaludon|spa|1
|
|t:|1756839529
|switch|p2b: Archaludon|Archaludon, L50, F, tera:Electric|8/100|[from] Parting Shot
|move|p2a: Amoonguss|Pollen Puff|p2b: Archaludon
|-heal|p2b: Archaludon|58/100
|
|-weather|RainDance|[upkeep]
|upkeep
|turn|7
|inactive|Lemonade Insurance has 30 seconds left.
|
|t:|1756839559
|move|p1a: Ninetales|Blizzard|p2a: Amoonguss|[spread] p2b
|-miss|p1a: Ninetales|p2a: Amoonguss
|-damage|p2b: Archaludon|8/100
|-curestatus|p1b: Archaludon|slp|[msg]
|move|p1b: Archaludon|Electro Shot||[still]
|-prepare|p1b: Archaludon|Electro Shot
|-boost|p1b: Archaludon|spa|1
|-anim|p1b: Archaludon|Electro Shot|p2b: Archaludon
|-resisted|p2b: Archaludon
|-damage|p2b: Archaludon|0 fnt
|faint|p2b: Archaludon
|move|p2a: Amoonguss|Pollen Puff|p2: Archaludon|[notarget]
|-fail|p2a: Amoonguss
|
|-weather|RainDance|[upkeep]
|upkeep
|j| Trestkon
|inactive|Lemonade Insurance has 30 seconds left.
|inactive|Lemonade Insurance has 20 seconds left.
|
|t:|1756839598
|switch|p2b: Incineroar|Incineroar, L50, M|31/100
|-ability|p2b: Incineroar|Intimidate|boost
|-unboost|p1a: Ninetales|atk|1
|-unboost|p1b: Archaludon|atk|1
|turn|8
|inactive|Lemonade Insurance has 30 seconds left.
|c|☆Lemonade Insurance|ziti must make that archaludon fast. i am 150
|inactive|Lemonade Insurance has 20 seconds left.
|inactive|Lemonade Insurance has 15 seconds left.
|
|t:|1756839639
|move|p1b: Archaludon|Protect|p1b: Archaludon
|-singleturn|p1b: Archaludon|Protect
|move|p2b: Incineroar|Fake Out|p1b: Archaludon
|-activate|p1b: Archaludon|move: Protect
|move|p1a: Ninetales|Moonblast|p2b: Incineroar
|-damage|p2b: Incineroar|6/100
|move|p2a: Amoonguss|Spore|p1a: Ninetales
|-status|p1a: Ninetales|slp|[from] move: Spore
|
|-weather|none
|upkeep
|turn|9
|inactive|huntr/x rumi has 30 seconds left.
|
|t:|1756839664
|switch|p2a: Politoed|Politoed, L50, M|33/100
|-weather|RainDance|[from] ability: Drizzle|[of] p2a: Politoed
|cant|p1a: Ninetales|slp
|move|p1b: Archaludon|Dragon Pulse|p2a: Politoed
|-damage|p2a: Politoed|0 fnt
|faint|p2a: Politoed
|move|p2b: Incineroar|Knock Off|p1a: Ninetales
|-resisted|p1a: Ninetales
|-damage|p1a: Ninetales|60/100 slp
|
|-weather|RainDance|[upkeep]
|upkeep
|
|t:|1756839675
|switch|p2a: Amoonguss|Amoonguss, L50, M|77/100
|turn|10
|l| Trestkon
|c| teamthief420|even wolfe con perish can't stand up to the power of baked ziti
|inactive|huntr/x rumi has 30 seconds left.
|c|☆huntr/x rumi|Okay wait im actually still confused about that lmao was that a guess
|c|☆huntr/x rumi|Do u know me?
|inactive|huntr/x rumi has 20 seconds left.
|inactive|huntr/x rumi has 15 seconds left.
|
|t:|1756839716
|cant|p1a: Ninetales|slp
|move|p1b: Archaludon|Dragon Pulse|p2b: Incineroar
|-damage|p2b: Incineroar|0 fnt
|faint|p2b: Incineroar
|move|p2a: Amoonguss|Spore|p1b: Archaludon
|-status|p1b: Archaludon|slp|[from] move: Spore
|
|-weather|RainDance|[upkeep]
|upkeep
|turn|11
|c|☆Lemonade Insurance|I was at the table last night
|c| teamthief420|LOL
|inactive|Lemonade Insurance has 30 seconds left.
|
|t:|1756839743
|-curestatus|p1a: Ninetales|slp|[msg]
|move|p1a: Ninetales|Blizzard|p2a: Amoonguss
|-supereffective|p2a: Amoonguss
|-damage|p2a: Amoonguss|3/100
|cant|p1b: Archaludon|slp
|move|p2a: Amoonguss|Pollen Puff|p1a: Ninetales
|-resisted|p1a: Ninetales
|-damage|p1a: Ninetales|50/100
|
|-weather|RainDance|[upkeep]
|upkeep
|turn|12
|c| teamthief420|brother's alt account
|inactive|huntr/x rumi has 30 seconds left.
|c|☆huntr/x rumi|E tu teamthief420?
|
|t:|1756839776
|move|p2a: Amoonguss|Rage Powder|p2a: Amoonguss
|-singleturn|p2a: Amoonguss|move: Rage Powder
|move|p1a: Ninetales|Blizzard|p2a: Amoonguss|[miss]
|-miss|p1a: Ninetales|p2a: Amoonguss
|-curestatus|p1b: Archaludon|slp|[msg]
|move|p1b: Archaludon|Dragon Pulse|p2a: Amoonguss
|-damage|p2a: Amoonguss|0 fnt
|faint|p2a: Amoonguss
|
|win|huntr/x rumi
|raw|huntr/x rumi's rating: 1287 → 1306(+19 for winning)
|raw|Lemonade Insurance's rating: 1209 → 1190(-19 for losing)
|c| teamthief420|uhh
|c| teamthief420|i didn't know
|c| teamthief420|i just saw the convo from earlier lol
|c|☆huntr/x rumi|Oh that's right
|c|☆huntr/x rumi|Cya in a few games o7
|c| teamthief420|lol
|l| teamthief420
|l|☆huntr/x rumi
|player|p1|
|j|☆huntr/x rumi
|player|p1|huntr/x rumi|guitarist|
