|j|☆ThierryVGC
|j|☆Pumpkinman
|html|ThierryVGCPumpkinman    
|uhtml|bestof|Game 2 of a best-of-3
|t:|1756939603
|gametype|doubles
|player|p1|ThierryVGC|2|1249
|player|p2|Pumpkinman|cyclist-gen4|1191
|gen|9
|tier|[Gen 9] VGC 2025 Reg H (Bo3)
|rated|
|rule|Species Clause: Limit one of each Pokémon
|rule|Item Clause: Limit 1 of each item
|clearpoke
|poke|p1|Porygon2, L50|
|poke|p1|Ursaluna, L50, F|
|poke|p1|Amoonguss, L50, M|
|poke|p1|Incineroar, L50, F|
|poke|p1|Pelipper, L50, F|
|poke|p1|Archaludon, L50, F|
|poke|p2|Charizard, L50, F|
|poke|p2|Torkoal, L50, M|
|poke|p2|Porygon2, L50|
|poke|p2|Incineroar, L50, M|
|poke|p2|Jumpluff, L50, F|
|poke|p2|Ursaluna, L50, M|
|teampreview|4
|showteam|p1|Porygon2||Eviolite|Download|IceBeam,TeraBlast,Recover,TrickRoom||||||50|,,,,,Fighting]Ursaluna||FlameOrb|Guts|Facade,Earthquake,HeadlongRush,Protect|||F|||50|,,,,,Fairy]Amoonguss||CovertCloak|Regenerator|PollenPuff,ClearSmog,RagePowder,Spore|||M|||50|,,,,,Dark]Incineroar||SafetyGoggles|Intimidate|KnockOff,PartingShot,Taunt,FakeOut|||F|||50|,,,,,Ghost]Pelipper||LifeOrb|Drizzle|Hurricane,Protect,WeatherBall,Tailwind|||F|||50|,,,,,Stellar]Archaludon||AssaultVest|Stamina|FlashCannon,DragonPulse,ElectroShot,BodyPress|||F|||50|,,,,,Grass
|showteam|p2|Charizard||ChoiceSpecs|SolarPower|HeatWave,Overheat,WeatherBall,AirSlash|||F|||50|,,,,,Ghost]Torkoal||EjectPack|Drought|Eruption,Overheat,HelpingHand,Protect|||M|||50|,,,,,Fire]Porygon2||Eviolite|Download|TeraBlast,IceBeam,Recover,TrickRoom||||||50|,,,,,Fighting]Incineroar||SitrusBerry|Intimidate|FlareBlitz,KnockOff,FakeOut,PartingShot|||M|||50|,,,,,Ghost]Jumpluff||CovertCloak|Chlorophyll|SleepPowder,SunnyDay,RagePowder,Tailwind|||F|||50|,,,,,Water]Ursaluna||FlameOrb|Guts|HeadlongRush,Facade,Earthquake,Protect|||M|||50|,,,,,Ghost
|inactive|Battle timer is ON: inactive players will automatically lose when time's up. (requested by Pumpkinman)
|inactive|Pumpkinman has 60 seconds left.
|
|t:|1756939658
|teamsize|p1|4
|teamsize|p2|4
|start
|switch|p1a: Incineroar|Incineroar, L50, F|100/100
|switch|p1b: Amoonguss|Amoonguss, L50, M|100/100
|switch|p2a: tortu|Torkoal, L50, M|100/100
|switch|p2b: plant|Jumpluff, L50, F|100/100
|-ability|p1a: Incineroar|Intimidate|boost
|-unboost|p2a: tortu|atk|1
|-unboost|p2b: plant|atk|1
|-weather|SunnyDay|[from] ability: Drought|[of] p2a: tortu
|-enditem|p2a: tortu|Eject Pack
|
|t:|1756939667
|switch|p2a: ourse|Ursaluna, L50, M|100/100
|turn|1
|inactive|ThierryVGC has 30 seconds left.
|
|t:|1756939692
|move|p2a: ourse|Protect|p2a: ourse
|-singleturn|p2a: ourse|Protect
|move|p2b: plant|Tailwind|p2b: plant
|-sidestart|p2: Pumpkinman|move: Tailwind
|move|p1a: Incineroar|Taunt|p2b: plant
|-start|p2b: plant|move: Taunt
|move|p1b: Amoonguss|Spore|p2a: ourse
|-activate|p2a: ourse|move: Protect
|
|-weather|SunnyDay|[upkeep]
|-status|p2a: ourse|brn|[from] item: Flame Orb
|upkeep
|turn|2
|inactive|Pumpkinman has 30 seconds left.
|inactive|Pumpkinman has 20 seconds left.
|
|t:|1756939732
|switch|p2b: grocha|Incineroar, L50, M|100/100
|-ability|p2b: grocha|Intimidate|boost
|-unboost|p1a: Incineroar|atk|1
|-unboost|p1b: Amoonguss|atk|1
|move|p2a: ourse|Facade|p1b: Amoonguss
|-crit|p1b: Amoonguss
|-damage|p1b: Amoonguss|0 fnt
|faint|p1b: Amoonguss
|move|p1a: Incineroar|Parting Shot|p2b: grocha
|-unboost|p2b: grocha|atk|1
|-unboost|p2b: grocha|spa|1
|
|t:|1756939744
|switch|p1a: Pelipper|Pelipper, L50, F|100/100|[from] Parting Shot
|-weather|RainDance|[from] ability: Drizzle|[of] p1a: Pelipper
|
|-weather|RainDance|[upkeep]
|-damage|p2a: ourse|95/100 brn|[from] brn
|upkeep
|
|t:|1756939747
|switch|p1b: Incineroar|Incineroar, L50, F|100/100
|-ability|p1b: Incineroar|Intimidate|boost
|-unboost|p2a: ourse|atk|1
|-unboost|p2b: grocha|atk|1
|turn|3
|inactive|ThierryVGC has 30 seconds left.
|inactive|Pumpkinman has 30 seconds left.
|inactive|Pumpkinman has 20 seconds left.
|
|t:|1756939785
|-terastallize|p2a: ourse|Ghost
|move|p1b: Incineroar|Fake Out|p2b: grocha
|-damage|p2b: grocha|90/100
|cant|p2b: grocha|flinch
|move|p2a: ourse|Facade|p1a: Pelipper
|-damage|p1a: Pelipper|2/100
|move|p1a: Pelipper|Weather Ball|p2a: ourse
|-damage|p2a: ourse|21/100 brn
|-damage|p1a: Pelipper|0 fnt|[from] item: Life Orb
|faint|p1a: Pelipper
|
|-weather|RainDance|[upkeep]
|-damage|p2a: ourse|15/100 brn|[from] brn
|upkeep
|
|t:|1756939798
|switch|p1a: Ursaluna|Ursaluna, L50, F|100/100
|turn|4
|inactive|Pumpkinman has 30 seconds left.
|inactive|Pumpkinman has 20 seconds left.
|
|t:|1756939835
|switch|p2b: plant|Jumpluff, L50, F|100/100
|-terastallize|p1b: Incineroar|Ghost
|move|p1a: Ursaluna|Protect|p1a: Ursaluna
|-singleturn|p1a: Ursaluna|Protect
|move|p2a: ourse|Earthquake|p1b: Incineroar|[spread] p1b
|-activate|p1a: Ursaluna|move: Protect
|-immune|p2b: plant
|-damage|p1b: Incineroar|63/100
|move|p1b: Incineroar|Knock Off|p2b: plant
|-damage|p2b: plant|51/100
|-enditem|p2b: plant|Covert Cloak|[from] move: Knock Off|[of] p1b: Incineroar
|
|-weather|RainDance|[upkeep]
|-damage|p2a: ourse|9/100 brn|[from] brn
|-sideend|p2: Pumpkinman|move: Tailwind
|-status|p1a: Ursaluna|brn|[from] item: Flame Orb
|upkeep
|turn|5
|inactive|ThierryVGC has 30 seconds left.
|inactive|Pumpkinman has 30 seconds left.
|inactive|Pumpkinman has 20 seconds left.
|inactive|Pumpkinman has 15 seconds left.
|
|t:|1756939878
|move|p2b: plant|Tailwind|p2b: plant
|-sidestart|p2: Pumpkinman|move: Tailwind
|move|p2a: ourse|Earthquake|p1a: Ursaluna|[spread] p1a,p1b
|-immune|p2b: plant
|-damage|p1a: Ursaluna|64/100 brn
|-damage|p1b: Incineroar|25/100
|move|p1a: Ursaluna|Facade|p2b: plant
|-damage|p2b: plant|0 fnt
|faint|p2b: plant
|move|p1b: Incineroar|Knock Off|p2a: ourse
|-supereffective|p2a: ourse
|-damage|p2a: ourse|0 fnt
|-enditem|p2a: ourse|Flame Orb|[from] move: Knock Off|[of] p1b: Incineroar
|faint|p2a: ourse
|
|-weather|RainDance|[upkeep]
|-damage|p1a: Ursaluna|58/100 brn|[from] brn
|upkeep
|
|t:|1756939887
|switch|p2b: grocha|Incineroar, L50, M|90/100
|switch|p2a: tortu|Torkoal, L50, M|100/100
|-ability|p2b: grocha|Intimidate|boost
|-unboost|p1a: Ursaluna|atk|1
|-unboost|p1b: Incineroar|atk|1
|-weather|SunnyDay|[from] ability: Drought|[of] p2a: tortu
|turn|6
|inactive|Pumpkinman has 30 seconds left.
|
|t:|1756939914
|move|p2b: grocha|Fake Out|p1a: Ursaluna
|-damage|p1a: Ursaluna|48/100 brn
|cant|p1a: Ursaluna|flinch
|move|p1b: Incineroar|Knock Off|p2b: grocha
|-resisted|p2b: grocha
|-damage|p2b: grocha|76/100
|-enditem|p2b: grocha|Sitrus Berry|[from] move: Knock Off|[of] p1b: Incineroar
|move|p2a: tortu|Eruption|p1b: Incineroar|[spread] p1a,p1b
|-damage|p1a: Ursaluna|0 fnt
|-damage|p1b: Incineroar|0 fnt
|faint|p1a: Ursaluna
|faint|p1b: Incineroar
|
|win|Pumpkinman
|inactive|ThierryVGC has 30 seconds to confirm battle start!
|inactive|Pumpkinman has 30 seconds to confirm battle start!
||ThierryVGC is ready for game 3.
|inactive|Pumpkinman has 20 seconds to confirm battle start!
||Pumpkinman is ready for game 3.
|uhtml|next|Next: Game 3 of 3
