|j|☆KyleTampy
|j|☆jowemama
|html|KyleTampyjowemama    
|uhtml|bestof|Game 2 of a best-of-3
|t:|1757256880
|gametype|doubles
|player|p1|KyleTampy|lucian|
|player|p2|jowemama|scientistf|
|gen|9
|tier|[Gen 9] VGC 2025 Reg H (Bo3)
|rule|Species Clause: Limit one of each Pokémon
|rule|Item Clause: Limit 1 of each item
|clearpoke
|poke|p1|Scizor, L50, F|
|poke|p1|Tyranitar, L50, M|
|poke|p1|Excadrill, L50, F|
|poke|p1|Ursaluna-Bloodmoon, L50, M|
|poke|p1|Gastrodon-East, L50, M|
|poke|p1|Klefki, L50, F|
|poke|p2|Pelipper, L50, F|
|poke|p2|Archaludon, L50, F|
|poke|p2|Dragonite, L50, F|
|poke|p2|Incineroar, L50, F|
|poke|p2|Ursaluna, L50, F|
|poke|p2|Sinistcha, L50|
|teampreview|4
|showteam|p1|Scizor||ClearAmulet|Technician|BulletPunch,Uturn,TeraBlast,QuickGuard|||F|||50|,,,,,Water]Tyranitar||SafetyGoggles|SandStream|HelpingHand,KnockOff,RockSlide,Protect|||M|||50|,,,,,Flying]Excadrill||LifeOrb|SandRush|Earthquake,IronHead,HighHorsepower,Protect|||F|||50|,,,,,Ghost]Ursaluna-Bloodmoon||AssaultVest|MindsEye|EarthPower,VacuumWave,BloodMoon,HyperVoice|||M|||50|,,,,,Normal]Gastrodon-East||Leftovers|StormDrain|IceBeam,EarthPower,Yawn,Protect|||M|||50|,,,,,Rock]Klefki||LaggingTail|Prankster|Sandstorm,Switcheroo,TrickRoom,MistyTerrain|||F|||50|,,,,,Dark
|showteam|p2|Pelipper||FocusSash|Drizzle|WeatherBall,Hurricane,Tailwind,Protect|||F|||50|,,,,,Ghost]Archaludon||AssaultVest|Stamina|FlashCannon,ElectroShot,BodyPress,Snarl|||F|||50|,,,,,Bug]Dragonite||LoadedDice|Multiscale|ScaleShot,Tailwind,Haze,Protect|||F|||50|,,,,,Fairy]Incineroar||SafetyGoggles|Intimidate|KnockOff,WillOWisp,PartingShot,FakeOut|||F|||50|,,,,,Grass]Ursaluna||FlameOrb|Guts|Facade,HeadlongRush,Earthquake,Protect|||F|||50|,,,,,Ghost]Sinistcha||SitrusBerry|Hospitality|MatchaGotcha,LifeDew,RagePowder,TrickRoom||||||50|,,,,,Dark
|inactive|Battle timer is ON: inactive players will automatically lose when time's up. (requested by jowemama)
|j| SengarBlade
|inactive|KyleTampy has 60 seconds left.
|
|t:|1757256916
|teamsize|p1|4
|teamsize|p2|4
|start
|switch|p1a: Klefki|Klefki, L50, F|100/100
|switch|p1b: Ursaluna|Ursaluna-Bloodmoon, L50, M|100/100
|switch|p2a: Dragonite|Dragonite, L50, F|100/100
|switch|p2b: Archaludon|Archaludon, L50, F|100/100
|turn|1
|j| Oldcow
|inactive|KyleTampy has 30 seconds left.
|inactive|jowemama has 30 seconds left.
|inactive|KyleTampy has 20 seconds left.
|
|t:|1757256952
|switch|p2a: Incineroar|Incineroar, L50, F|100/100
|-ability|p2a: Incineroar|Intimidate|boost
|-unboost|p1a: Klefki|atk|1
|-unboost|p1b: Ursaluna|atk|1
|-terastallize|p2b: Archaludon|Bug
|move|p1a: Klefki|Sandstorm|p1a: Klefki
|-weather|Sandstorm
|move|p2b: Archaludon|Snarl|p1a: Klefki|[spread] p1a,p1b
|-resisted|p1a: Klefki
|-damage|p1a: Klefki|95/100
|-damage|p1b: Ursaluna|93/100
|-unboost|p1a: Klefki|spa|1
|-unboost|p1b: Ursaluna|spa|1
|move|p1b: Ursaluna|Blood Moon|p2a: Incineroar
|-damage|p2a: Incineroar|49/100
|
|-weather|Sandstorm|[upkeep]
|-damage|p2b: Archaludon|94/100|[from] Sandstorm
|upkeep
|turn|2
|inactive|KyleTampy has 30 seconds left.
|inactive|KyleTampy has 20 seconds left.
|inactive|jowemama has 30 seconds left.
|inactive|KyleTampy has 15 seconds left.
|inactive|KyleTampy has 10 seconds left.
|inactive|KyleTampy has 5 seconds left.
|
|t:|1757257007
|move|p1a: Klefki|Sandstorm||[still]
|-fail|p1a: Klefki
|move|p2a: Incineroar|Parting Shot|p1b: Ursaluna
|-unboost|p1b: Ursaluna|atk|1
|-unboost|p1b: Ursaluna|spa|1
|c|☆KyleTampy|Ah
|c|☆KyleTampy|Time out
|
|t:|1757257022
|switch|p2a: Dragonite|Dragonite, L50, F|100/100|[from] Parting Shot
|move|p2b: Archaludon|Body Press|p1b: Ursaluna
|-supereffective|p1b: Ursaluna
|-damage|p1b: Ursaluna|53/100
|move|p1b: Ursaluna|Earth Power|p2b: Archaludon
|-resisted|p2b: Archaludon
|-damage|p2b: Archaludon|85/100
|-ability|p2b: Archaludon|Stamina|boost
|-boost|p2b: Archaludon|def|1
|
|-weather|Sandstorm|[upkeep]
|-damage|p2a: Dragonite|95/100|[from] Sandstorm
|-damage|p2b: Archaludon|79/100|[from] Sandstorm
|upkeep
|turn|3
|
|t:|1757257044
|switch|p1b: Gastrodon|Gastrodon-East, L50, M|100/100
|move|p1a: Klefki|Switcheroo|p2a: Dragonite
|-activate|p1a: Klefki|move: Trick|[of] p2a: Dragonite
|-item|p2a: Dragonite|Lagging Tail|[from] move: Switcheroo
|-item|p1a: Klefki|Loaded Dice|[from] move: Switcheroo
|move|p2a: Dragonite|Scale Shot|p2b: Archaludon
|-damage|p2b: Archaludon|72/100
|-ability|p2b: Archaludon|Stamina|boost
|-boost|p2b: Archaludon|def|1
|-damage|p2b: Archaludon|67/100
|-ability|p2b: Archaludon|Stamina|boost
|-boost|p2b: Archaludon|def|1
|-hitcount|p2b: Archaludon|2
|-unboost|p2a: Dragonite|def|1
|-boost|p2a: Dragonite|spe|1
|move|p2b: Archaludon|Body Press|p1b: Gastrodon
|-damage|p1b: Gastrodon|46/100
|
|-weather|Sandstorm|[upkeep]
|-damage|p2a: Dragonite|89/100|[from] Sandstorm
|-damage|p2b: Archaludon|60/100|[from] Sandstorm
|-heal|p1b: Gastrodon|52/100|[from] item: Leftovers
|upkeep
|turn|4
|inactive|jowemama has 30 seconds left.
|
|t:|1757257070
|move|p1b: Gastrodon|Protect|p1b: Gastrodon
|-singleturn|p1b: Gastrodon|Protect
|move|p2b: Archaludon|Body Press|p1b: Gastrodon
|-activate|p1b: Gastrodon|move: Protect
|move|p2a: Dragonite|Tailwind|p2a: Dragonite
|-sidestart|p2: jowemama|move: Tailwind
|move|p1a: Klefki|Trick Room|p1a: Klefki
|-fieldstart|move: Trick Room|[of] p1a: Klefki
|
|-weather|Sandstorm|[upkeep]
|-damage|p2b: Archaludon|54/100|[from] Sandstorm
|-damage|p2a: Dragonite|83/100|[from] Sandstorm
|-heal|p1b: Gastrodon|58/100|[from] item: Leftovers
|upkeep
|turn|5
|inactive|KyleTampy has 30 seconds left.
|
|t:|1757257101
|switch|p2a: Incineroar|Incineroar, L50, F|49/100
|-ability|p2a: Incineroar|Intimidate|boost
|-unboost|p1a: Klefki|atk|1
|-unboost|p1b: Gastrodon|atk|1
|move|p1a: Klefki|Misty Terrain|p1a: Klefki
|-fieldstart|move: Misty Terrain
|move|p1b: Gastrodon|Ice Beam|p2a: Incineroar
|-resisted|p2a: Incineroar
|-damage|p2a: Incineroar|36/100
|move|p2b: Archaludon|Body Press|p1b: Gastrodon
|-damage|p1b: Gastrodon|0 fnt
|faint|p1b: Gastrodon
|
|-weather|none
|upkeep
|
|t:|1757257104
|switch|p1b: Ursaluna|Ursaluna-Bloodmoon, L50, M|53/100
|turn|6
|inactive|KyleTampy has 30 seconds left.
|
|t:|1757257134
|move|p2a: Incineroar|Fake Out|p1b: Ursaluna
|-damage|p1b: Ursaluna|45/100
|cant|p1b: Ursaluna|flinch
|move|p1a: Klefki|Sandstorm|p1a: Klefki
|-weather|Sandstorm
|move|p2b: Archaludon|Body Press|p1b: Ursaluna
|-supereffective|p1b: Ursaluna
|-damage|p1b: Ursaluna|0 fnt
|faint|p1b: Ursaluna
|
|-weather|Sandstorm|[upkeep]
|-damage|p2b: Archaludon|48/100|[from] Sandstorm
|upkeep
|
|t:|1757257137
|switch|p1b: Excadrill|Excadrill, L50, F|100/100
|turn|7
|
|t:|1757257147
|move|p1b: Excadrill|Protect|p1b: Excadrill
|-singleturn|p1b: Excadrill|Protect
|move|p2b: Archaludon|Body Press|p1b: Excadrill
|-activate|p1b: Excadrill|move: Protect
|move|p2a: Incineroar|Will-O-Wisp|p1b: Excadrill
|-activate|p1b: Excadrill|move: Protect
|move|p1a: Klefki|Trick Room|p1a: Klefki
|-fieldend|move: Trick Room
|
|-weather|Sandstorm|[upkeep]
|-damage|p2b: Archaludon|42/100|[from] Sandstorm
|-sideend|p2: jowemama|move: Tailwind
|upkeep
|turn|8
|inactive|KyleTampy has 30 seconds left.
|inactive|KyleTampy has 20 seconds left.
|inactive|KyleTampy has 15 seconds left.
|inactive|KyleTampy has 10 seconds left.
|
|t:|1757257192
|-terastallize|p1b: Excadrill|Ghost
|move|p1a: Klefki|Sandstorm||[still]
|-fail|p1a: Klefki
|move|p1b: Excadrill|High Horsepower|p2a: Incineroar
|-supereffective|p2a: Incineroar
|-damage|p2a: Incineroar|0 fnt
|faint|p2a: Incineroar
|-damage|p1b: Excadrill|91/100|[from] item: Life Orb
|move|p2b: Archaludon|Body Press|p1b: Excadrill
|-immune|p1b: Excadrill
|
|-weather|Sandstorm|[upkeep]
|-damage|p2b: Archaludon|35/100|[from] Sandstorm
|upkeep
|
|t:|1757257198
|switch|p2a: Pelipper|Pelipper, L50, F|100/100
|-weather|RainDance|[from] ability: Drizzle|[of] p2a: Pelipper
|turn|9
|
|t:|1757257219
|move|p2a: Pelipper|Protect|p2a: Pelipper
|-singleturn|p2a: Pelipper|Protect
|move|p1a: Klefki|Sandstorm|p1a: Klefki
|-weather|Sandstorm
|move|p1b: Excadrill|Iron Head|p2a: Pelipper
|-activate|p2a: Pelipper|move: Protect
|move|p2b: Archaludon|Flash Cannon|p1b: Excadrill
|-damage|p1b: Excadrill|45/100
|
|-weather|Sandstorm|[upkeep]
|-damage|p2a: Pelipper|95/100|[from] Sandstorm
|-damage|p2b: Archaludon|29/100|[from] Sandstorm
|-fieldend|Misty Terrain
|upkeep
|turn|10
|inactive|jowemama has 30 seconds left.
|inactive|KyleTampy has 30 seconds left.
|
|t:|1757257261
|switch|p2a: Dragonite|Dragonite, L50, F|83/100
|move|p1b: Excadrill|Protect|p1b: Excadrill
|-singleturn|p1b: Excadrill|Protect
|move|p1a: Klefki|Misty Terrain|p1a: Klefki
|-fieldstart|move: Misty Terrain
|move|p2b: Archaludon|Flash Cannon|p1b: Excadrill
|-activate|p1b: Excadrill|move: Protect
|
|-weather|Sandstorm|[upkeep]
|-damage|p2a: Dragonite|77/100|[from] Sandstorm
|-damage|p2b: Archaludon|23/100|[from] Sandstorm
|upkeep
|turn|11
|inactive|KyleTampy has 30 seconds left.
|inactive|KyleTampy has 20 seconds left.
|
|t:|1757257298
|move|p1a: Klefki|Misty Terrain||[still]
|-fail|p1a: Klefki
|move|p1b: Excadrill|Iron Head|p2b: Archaludon
|-damage|p2b: Archaludon|7/100
|-ability|p2b: Archaludon|Stamina|boost
|-boost|p2b: Archaludon|def|1
|-damage|p1b: Excadrill|35/100|[from] item: Life Orb
|move|p2b: Archaludon|Flash Cannon|p1b: Excadrill
|-damage|p1b: Excadrill|0 fnt
|faint|p1b: Excadrill
|move|p2a: Dragonite|Scale Shot|p1a: Klefki
|-immune|p1a: Klefki
|
|-weather|Sandstorm|[upkeep]
|-damage|p2a: Dragonite|71/100|[from] Sandstorm
|-damage|p2b: Archaludon|0 fnt|[from] Sandstorm
|faint|p2b: Archaludon
|upkeep
|
|t:|1757257305
|switch|p2b: Pelipper|Pelipper, L50, F|95/100
|-weather|RainDance|[from] ability: Drizzle|[of] p2b: Pelipper
|turn|12
|-message|KyleTampy forfeited.
|
|win|jowemama
|c|☆jowemama|gg
|c|☆KyleTampy|F
|c|☆KyleTampy|Gg
|c| SengarBlade|gg
|c|☆KyleTampy|Kainis wala ako magawa XD
|l| Oldcow
