|j|☆AuroraTime64
|j|☆chrisrpm
|html|AuroraTime64chrisrpm    
|uhtml|bestof|Game 2 of a best-of-3
|t:|1784935622
|gametype|doubles
|player|p1|AuroraTime64|dawn-gen4pt|
|player|p2|chrisrpm|n|
|gen|9
|tier|[Gen 9 Champions] VGC 2026 Reg M-B (Bo3)
|rule|Species Clause: Limit one of each Pokémon
|rule|Item Clause: Limit 1 of each item
|clearpoke
|poke|p1|Sylveon, L50, M|
|poke|p1|Roserade, L50, M|
|poke|p1|Meowstic, L50, M|
|poke|p1|Starmie, L50|
|poke|p1|Ariados, L50, M|
|poke|p1|Blaziken, L50, F|
|poke|p2|Pelipper, L50, F|
|poke|p2|Swampert, L50, M|
|poke|p2|Raichu-Alola, L50, M|
|poke|p2|Zoroark-Hisui, L50, M, shiny|
|poke|p2|Lopunny, L50, M|
|poke|p2|Noivern, L50, F|
|teampreview|4
|showteam|p1|Sylveon||FairyFeather|Pixilate|HyperVoice,Moonblast,QuickAttack,Detect|Modest||M|||50|]Roserade||ChoiceScarf|PoisonPoint|LeafStorm,EnergyBall,SludgeBomb,SleepPowder|Bold||M|||50|]Meowstic||LightClay|Prankster|SunnyDay,FakeOut,Reflect,LightScreen|Bold||M|||50|]Starmie||MiracleSeed|NaturalCure|FlashCannon,GrassKnot,Thunder,Protect|Modest|||||50|]Ariados||SitrusBerry|Insomnia|KnockOff,FirstImpression,RagePowder,StringShot|Impish||M|||50|]Blaziken||Blazikenite|SpeedBoost|BlazeKick,BrickBreak,RockSlide,Detect|Adamant||F|||50|
|showteam|p2|Pelipper||DampRock|Drizzle|Hurricane,Uturn,Tailwind,WideGuard|Modest||F|||50|]Swampert||Swampertite|Torrent|WaveCrash,IcePunch,Earthquake,Protect|Adamant||M|||50|]Raichu-Alola||LifeOrb|SurgeSurfer|Discharge,FakeOut,Encore,Protect|Modest||M|||50|]Zoroark-Hisui||FocusSash|Illusion|IcyWind,BitterMalice,HyperVoice,Protect|Timid||M|||50|]Lopunny||Leftovers|CuteCharm|TripleAxel,CloseCombat,SwordsDance,Protect|Adamant||M|||50|]Noivern||ChoiceScarf|Telepathy|DracoMeteor,AirSlash,Uturn,Tailwind|Timid||F|||50|
|
|t:|1784935671
|teamsize|p1|4
|teamsize|p2|4
|start
|switch|p1a: Blueberry|Meowstic, L50, M|100/100
|switch|p1b: Starman|Starmie, L50|100/100
|switch|p2a: Lopunny|Lopunny, L50, M|100/100
|switch|p2b: Pelipper|Pelipper, L50, F|100/100
|-weather|RainDance|[from] ability: Drizzle|[of] p2b: Pelipper
|turn|1
|
|t:|1784935699
|move|p2a: Lopunny|Protect|p2a: Lopunny
|-singleturn|p2a: Lopunny|Protect
|move|p1a: Blueberry|Fake Out|p2b: Pelipper
|-damage|p2b: Pelipper|94/100
|move|p1b: Starman|Thunder|p2b: Pelipper
|-supereffective|p2b: Pelipper|2
|-damage|p2b: Pelipper|0 fnt
|faint|p2b: Pelipper
|
|-weather|RainDance|[upkeep]
|upkeep
|
|t:|1784935708
|switch|p2b: Swampert|Swampert, L50, M|100/100
|turn|2
|
|t:|1784935719
|switch|p2a: Raichu|Raichu-Alola, L50, M|100/100
|detailschange|p2b: Swampert|Swampert-Mega, L50, M
|-mega|p2b: Swampert|Swampert|Swampertite
|move|p1a: Blueberry|Sunny Day|p1a: Blueberry
|-weather|SunnyDay
|move|p1b: Starman|Grass Knot|p2b: Swampert
|-supereffective|p2b: Swampert|2
|-damage|p2b: Swampert|0 fnt
|faint|p2b: Swampert
|
|-weather|SunnyDay|[upkeep]
|upkeep
|
|t:|1784935731
|switch|p2b: Lopunny|Lopunny, L50, M|100/100
|turn|3
|
|t:|1784935748
|move|p1b: Starman|Protect|p1b: Starman
|-singleturn|p1b: Starman|Protect
|move|p2b: Lopunny|Protect|p2b: Lopunny
|-singleturn|p2b: Lopunny|Protect
|move|p1a: Blueberry|Reflect|p1a: Blueberry
|-sidestart|p1: AuroraTime64|Reflect
|move|p2a: Raichu|Discharge|p1a: Blueberry|[spread] p1a
|-activate|p2b: Lopunny|move: Protect
|-activate|p1b: Starman|move: Protect
|-damage|p1a: Blueberry|64/100
|-damage|p2a: Raichu|90/100|[from] item: Life Orb
|
|-weather|SunnyDay|[upkeep]
|upkeep
|turn|4
|
|t:|1784935782
|move|p1a: Blueberry|Light Screen|p1a: Blueberry
|-sidestart|p1: AuroraTime64|move: Light Screen
|move|p1b: Starman|Grass Knot|p2a: Raichu
|-damage|p2a: Raichu|70/100
|move|p2a: Raichu|Encore|p1b: Starman
|-start|p1b: Starman|Encore
|move|p2b: Lopunny|Swords Dance|p2b: Lopunny
|-boost|p2b: Lopunny|atk|2
|
|-weather|SunnyDay|[upkeep]
|upkeep
|turn|5
|
|t:|1784935803
|switch|p1a: Tempest|Sylveon, L50, M|100/100
|move|p1b: Starman|Grass Knot|p2b: Lopunny
|-damage|p2b: Lopunny|69/100
|move|p2a: Raichu|Encore||[still]
|-fail|p2a: Raichu
|move|p2b: Lopunny|Triple Axel|p1a: Tempest
|-damage|p1a: Tempest|91/100
|-damage|p1a: Tempest|75/100
|-damage|p1a: Tempest|51/100
|-hitcount|p1a: Tempest|3
|
|-weather|SunnyDay|[upkeep]
|-heal|p2b: Lopunny|74/100|[from] item: Leftovers
|upkeep
|turn|6
|
|t:|1784935825
|move|p2b: Lopunny|Protect|p2b: Lopunny
|-singleturn|p2b: Lopunny|Protect
|move|p1b: Starman|Grass Knot|p2b: Lopunny
|-activate|p2b: Lopunny|move: Protect
|move|p2a: Raichu|Discharge|p1a: Tempest|[spread] p1a,p1b
|-activate|p2b: Lopunny|move: Protect
|-supereffective|p1b: Starman|1
|-damage|p1a: Tempest|33/100
|-damage|p1b: Starman|40/100
|-status|p1b: Starman|par
|-damage|p2a: Raichu|61/100|[from] item: Life Orb
|move|p1a: Tempest|Hyper Voice|p2b: Lopunny|[spread] p2a
|-activate|p2b: Lopunny|move: Protect
|-crit|p2a: Raichu
|-damage|p2a: Raichu|0 fnt
|faint|p2a: Raichu
|
|-weather|none
|-heal|p2b: Lopunny|80/100|[from] item: Leftovers
|upkeep
|turn|7
|
|t:|1784935855
|move|p2b: Lopunny|Triple Axel|p1a: Tempest
|-damage|p1a: Tempest|24/100
|-damage|p1a: Tempest|7/100
|-damage|p1a: Tempest|0 fnt
|faint|p1a: Tempest
|-hitcount|p1: Tempest|3
|move|p1b: Starman|Grass Knot|p2b: Lopunny
|-damage|p2b: Lopunny|51/100
|
|-heal|p2b: Lopunny|57/100|[from] item: Leftovers
|-end|p1b: Starman|Encore
|upkeep
|
|t:|1784935872
|switch|p1a: Blueberry|Meowstic, L50, M|64/100
|turn|8
|
|t:|1784935892
|move|p2b: Lopunny|Protect|p2b: Lopunny
|-singleturn|p2b: Lopunny|Protect
|move|p1a: Blueberry|Fake Out|p2b: Lopunny
|-activate|p2b: Lopunny|move: Protect
|move|p1b: Starman|Flash Cannon|p2b: Lopunny
|-activate|p2b: Lopunny|move: Protect
|
|-heal|p2b: Lopunny|62/100|[from] item: Leftovers
|upkeep
|turn|9
|
|t:|1784935914
|move|p1a: Blueberry|Reflect||[still]
|-fail|p1a: Blueberry
|move|p2b: Lopunny|Triple Axel|p1a: Blueberry
|-damage|p1a: Blueberry|56/100
|-damage|p1a: Blueberry|41/100
|-damage|p1a: Blueberry|22/100
|-hitcount|p1a: Blueberry|3
|move|p1b: Starman|Flash Cannon|p2b: Lopunny
|-crit|p2b: Lopunny
|-damage|p2b: Lopunny|19/100
|
|-heal|p2b: Lopunny|25/100|[from] item: Leftovers
|upkeep
|turn|10
|
|t:|1784935968
|move|p1a: Blueberry|Sunny Day|p1a: Blueberry
|-weather|SunnyDay
|move|p2b: Lopunny|Close Combat|p1b: Starman
|-resisted|p1b: Starman|1
|-damage|p1b: Starman|11/100 par
|-unboost|p2b: Lopunny|def|1
|-unboost|p2b: Lopunny|spd|1
|move|p1b: Starman|Flash Cannon|p2b: Lopunny
|-damage|p2b: Lopunny|0 fnt
|faint|p2b: Lopunny
|
|win|AuroraTime64
|c|☆AuroraTime64|gg
|c|☆chrisrpm|ggs
