|j|☆ParroTiest
|j|☆Tchoubib
|html|ParroTiestTchoubib    
|uhtml|bestof|Game 1 of a best-of-3
|t:|1756586588
|gametype|doubles
|player|p1|ParroTiest|2|1215
|player|p2|Tchoubib|cynthia|1194
|gen|9
|tier|[Gen 9] VGC 2025 Reg H (Bo3)
|rated|
|rule|Species Clause: Limit one of each Pokémon
|rule|Item Clause: Limit 1 of each item
|clearpoke
|poke|p1|Grimmsnarl, L50, M|
|poke|p1|Ursaluna-Bloodmoon, L50, M|
|poke|p1|Farigiraf, L50, M|
|poke|p1|Gholdengo, L50|
|poke|p1|Rillaboom, L50, M|
|poke|p1|Volcarona, L50, M|
|poke|p2|Sneasler, L50, F|
|poke|p2|Dragapult, L50, M|
|poke|p2|Primarina, L50, F|
|poke|p2|Rillaboom, L50, M|
|poke|p2|Kingambit, L50, F|
|poke|p2|Magmar, L50, F|
|teampreview|4
|showteam|p1|Grimmsnarl||LightClay|Prankster|Reflect,LightScreen,SpiritBreak,Taunt|||M|||50|,,,,,Ghost]Ursaluna-Bloodmoon||LifeOrb|MindsEye|BloodMoon,HyperVoice,EarthPower,Protect|||M|||50|,,,,,Normal]Farigiraf||ThroatSpray|ArmorTail|HyperVoice,Psychic,TrickRoom,Protect|||M|||50|,,,,,Fairy]Gholdengo||ChoiceSpecs|GoodasGold|MakeItRain,ShadowBall,PowerGem,Trick||||||50|,,,,,Water]Rillaboom||AssaultVest|GrassySurge|FakeOut,WoodHammer,GrassyGlide,Uturn|||M|||50|,,,,,Fire]Volcarona||Leftovers|FlameBody|QuiverDance,HeatWave,GigaDrain,Protect|||M|||50|,,,,,Grass
|showteam|p2|Sneasler||FocusSash|PoisonTouch|CloseCombat,DireClaw,FakeOut,Protect|||F|||50|,,,,,Stellar]Dragapult||ChoiceBand|ClearBody|DragonDarts,TeraBlast,PhantomForce,Uturn|||M|||50|,,,,,Ghost]Primarina||SitrusBerry|LiquidVoice|HyperVoice,Moonblast,Haze,Protect|||F|||50|,,,,,Water]Rillaboom||AssaultVest|GrassySurge|WoodHammer,GrassyGlide,HighHorsepower,FakeOut|||M|||50|,,,,,Fire]Kingambit||BlackGlasses|Defiant|KowtowCleave,SuckerPunch,SwordsDance,Protect|||F|||50|,,,,,Ghost]Magmar||Eviolite|VitalSpirit|Flamethrower,WillOWisp,FollowMe,Protect|||F|||50|,,,,,Ghost
|inactive|Battle timer is ON: inactive players will automatically lose when time's up. (requested by ParroTiest)
|inactive|ParroTiest has 60 seconds left.
|inactive|Tchoubib has 60 seconds left.
|inactive|Tchoubib has 30 seconds left.
|inactive|Tchoubib has 20 seconds left.
|inactive|Tchoubib has 15 seconds left.
|inactive|Tchoubib has 10 seconds left.
|inactive|Tchoubib has 5 seconds left.
|
|t:|1756586679
|teamsize|p1|4
|teamsize|p2|4
|start
|switch|p1a: instakill button|Ursaluna-Bloodmoon, L50, M|100/100
|switch|p1b: setup kill button|Volcarona, L50, M|100/100
|switch|p2a: Sneasler|Sneasler, L50, F|100/100
|switch|p2b: Dragapult|Dragapult, L50, M|100/100
|turn|1
|inactive|ParroTiest has 30 seconds left.
|inactive|Tchoubib has 30 seconds left.
|inactive|ParroTiest has 20 seconds left.
|inactive|Tchoubib has 20 seconds left.
|inactive|ParroTiest has 15 seconds left.
|inactive|Tchoubib has 15 seconds left.
|inactive|ParroTiest has 10 seconds left.
|inactive|Tchoubib has 10 seconds left.
|inactive|ParroTiest has 5 seconds left.
|inactive|Tchoubib has 5 seconds left.
|
|t:|1756586730
|switch|p1b: monke|Rillaboom, L50, M|100/100
|-fieldstart|move: Grassy Terrain|[from] ability: Grassy Surge|[of] p1b: monke
|move|p1a: instakill button|Protect|p1a: instakill button
|-singleturn|p1a: instakill button|Protect
|move|p2a: Sneasler|Fake Out|p1a: instakill button
|-activate|p1a: instakill button|move: Protect
|move|p2b: Dragapult|Dragon Darts|p1b: monke
|-damage|p1b: monke|65/100
|-anim|p2b: Dragapult|Dragon Darts|p1b: monke
|-damage|p1b: monke|32/100
|
|-heal|p1b: monke|37/100|[from] Grassy Terrain
|upkeep
|turn|2
|inactive|ParroTiest has 30 seconds left.
|inactive|Tchoubib has 30 seconds left.
|inactive|ParroTiest has 20 seconds left.
|inactive|Tchoubib has 20 seconds left.
|inactive|Tchoubib has 15 seconds left.
|inactive|Tchoubib has 10 seconds left.
|
|t:|1756586778
|switch|p2b: Rillaboom|Rillaboom, L50, M|100/100
|-terastallize|p1a: instakill button|Normal
|move|p2a: Sneasler|Protect|p2a: Sneasler
|-singleturn|p2a: Sneasler|Protect
|move|p1b: monke|Fake Out|p2a: Sneasler
|-activate|p2a: Sneasler|move: Protect
|move|p1a: instakill button|Hyper Voice|p2b: Rillaboom|[spread] p2b
|-activate|p2a: Sneasler|move: Protect
|-damage|p2b: Rillaboom|45/100
|-damage|p1a: instakill button|90/100|[from] item: Life Orb
|
|-heal|p2b: Rillaboom|51/100|[from] Grassy Terrain
|-heal|p1b: monke|43/100|[from] Grassy Terrain
|-heal|p1a: instakill button|97/100|[from] Grassy Terrain
|upkeep
|turn|3
|inactive|Tchoubib has 30 seconds left.
|
|t:|1756586810
|switch|p1a: no fake out|Farigiraf, L50, M|100/100
|move|p2b: Rillaboom|Fake Out||[still]
|cant|p1a: no fake out|ability: Armor Tail|Fake Out|[of] p2b: Rillaboom
|move|p2a: Sneasler|Dire Claw|p1b: monke
|-supereffective|p1b: monke
|-damage|p1b: monke|0 fnt
|faint|p1b: monke
|
|-heal|p2b: Rillaboom|57/100|[from] Grassy Terrain
|upkeep
|
|t:|1756586818
|switch|p1b: setup kill button|Volcarona, L50, M|100/100
|turn|4
|inactive|Tchoubib has 30 seconds left.
|inactive|Tchoubib has 20 seconds left.
|inactive|Tchoubib has 15 seconds left.
|
|t:|1756586862
|move|p2a: Sneasler|Dire Claw|p1b: setup kill button
|-damage|p1b: setup kill button|45/100
|-status|p1b: setup kill button|psn
|move|p1b: setup kill button|Heat Wave|p2b: Rillaboom|[spread] p2a
|-miss|p1b: setup kill button|p2b: Rillaboom
|-damage|p2a: Sneasler|51/100
|move|p2b: Rillaboom|Wood Hammer|p1a: no fake out
|-damage|p1a: no fake out|8/100
|-damage|p2b: Rillaboom|25/100|[from] Recoil
|move|p1a: no fake out|Trick Room|p1a: no fake out
|-fieldstart|move: Trick Room|[of] p1a: no fake out
|
|-heal|p1a: no fake out|14/100|[from] Grassy Terrain
|-heal|p2b: Rillaboom|31/100|[from] Grassy Terrain
|-heal|p1b: setup kill button|51/100 psn|[from] Grassy Terrain
|-heal|p1b: setup kill button|57/100 psn|[from] item: Leftovers
|-heal|p2a: Sneasler|57/100|[from] Grassy Terrain
|-damage|p1b: setup kill button|45/100 psn|[from] psn
|upkeep
|turn|5
|inactive|Tchoubib has 30 seconds left.
|
|t:|1756586891
|move|p2a: Sneasler|Protect|p2a: Sneasler
|-singleturn|p2a: Sneasler|Protect
|move|p1a: no fake out|Hyper Voice|p2a: Sneasler|[spread] p2b
|-activate|p2a: Sneasler|move: Protect
|-damage|p2b: Rillaboom|8/100
|-enditem|p1a: no fake out|Throat Spray
|-boost|p1a: no fake out|spa|1|[from] item: Throat Spray
|move|p2b: Rillaboom|Wood Hammer|p1a: no fake out
|-damage|p1a: no fake out|0 fnt
|faint|p1a: no fake out
|-damage|p2b: Rillaboom|3/100|[from] Recoil
|move|p1b: setup kill button|Heat Wave|p2a: Sneasler|[spread] p2b
|-activate|p2a: Sneasler|move: Protect
|-supereffective|p2b: Rillaboom
|-damage|p2b: Rillaboom|0 fnt
|faint|p2b: Rillaboom
|
|-heal|p1b: setup kill button|51/100 psn|[from] Grassy Terrain
|-heal|p1b: setup kill button|57/100 psn|[from] item: Leftovers
|-heal|p2a: Sneasler|63/100|[from] Grassy Terrain
|-damage|p1b: setup kill button|44/100 psn|[from] psn
|-fieldend|move: Grassy Terrain
|upkeep
|
|t:|1756586904
|switch|p1a: instakill button|Ursaluna-Bloodmoon, L50, M, tera:Normal|97/100
|switch|p2b: Primarina|Primarina, L50, F|100/100
|turn|6
|inactive|Tchoubib has 30 seconds left.
|
|t:|1756586930
|move|p1b: setup kill button|Protect|p1b: setup kill button
|-singleturn|p1b: setup kill button|Protect
|move|p1a: instakill button|Hyper Voice|p2b: Primarina|[spread] p2a,p2b
|-damage|p2a: Sneasler|0 fnt
|-damage|p2b: Primarina|42/100
|-enditem|p2b: Primarina|Sitrus Berry|[eat]
|-heal|p2b: Primarina|67/100|[from] item: Sitrus Berry
|faint|p2a: Sneasler
|-damage|p1a: instakill button|87/100|[from] item: Life Orb
|move|p2b: Primarina|Hyper Voice|p1a: instakill button|[spread] p1a
|-activate|p1b: setup kill button|move: Protect
|-damage|p1a: instakill button|48/100
|
|-heal|p1b: setup kill button|50/100 psn|[from] item: Leftovers
|-damage|p1b: setup kill button|38/100 psn|[from] psn
|upkeep
|
|t:|1756586935
|switch|p2a: Dragapult|Dragapult, L50, M|100/100
|turn|7
|inactive|ParroTiest has 30 seconds left.
|inactive|Tchoubib has 30 seconds left.
|inactive|ParroTiest has 20 seconds left.
|inactive|ParroTiest has 15 seconds left.
|inactive|ParroTiest has 10 seconds left.
|inactive|ParroTiest has 5 seconds left.
|
|t:|1756586986
|move|p2b: Primarina|Protect|p2b: Primarina
|-singleturn|p2b: Primarina|Protect
|move|p1a: instakill button|Hyper Voice|p2b: Primarina|[spread] p2a
|-activate|p2b: Primarina|move: Protect
|-damage|p2a: Dragapult|3/100
|-damage|p1a: instakill button|38/100|[from] item: Life Orb
|move|p1b: setup kill button|Giga Drain|p2b: Primarina
|-activate|p2b: Primarina|move: Protect
|move|p2a: Dragapult|Dragon Darts|p1a: instakill button
|-damage|p1a: instakill button|9/100
|-anim|p2a: Dragapult|Dragon Darts|p1b: setup kill button
|-damage|p1b: setup kill button|0 fnt
|faint|p1b: setup kill button
|
|upkeep
|turn|8
|
|t:|1756587003
|move|p1a: instakill button|Hyper Voice|p2b: Primarina|[spread] p2a,p2b
|-damage|p2a: Dragapult|0 fnt
|-damage|p2b: Primarina|11/100
|faint|p2a: Dragapult
|-damage|p1a: instakill button|0 fnt|[from] item: Life Orb
|faint|p1a: instakill button
|
|win|Tchoubib
||ParroTiest is ready for game 2.
|inactive|Tchoubib has 30 seconds to confirm battle start!
||Tchoubib is ready for game 2.
|uhtml|next|Next: Game 2 of 3
|l|☆ParroTiest
|player|p1|
