|j|☆walaye
|j|☆Kylliza
|html|walayeKylliza    
|uhtml|bestof|Game 2 of a best-of-3
|t:|1782344790
|gametype|doubles
|player|p1|walaye|chuck|1225
|player|p2|Kylliza|265|1163
|gen|9
|tier|[Gen 9 Champions] VGC 2026 Reg M-B (Bo3)
|rated|
|rule|Species Clause: Limit one of each Pokémon
|rule|Item Clause: Limit 1 of each item
|clearpoke
|poke|p1|Swampert, L50, F|
|poke|p1|Pelipper, L50, F|
|poke|p1|Archaludon, L50, F|
|poke|p1|Grimmsnarl, L50, M|
|poke|p1|Venusaur, L50, F|
|poke|p1|Basculegion, L50, M|
|poke|p2|Blaziken, L50, M|
|poke|p2|Whimsicott, L50, M|
|poke|p2|Incineroar, L50, M|
|poke|p2|Sylveon, L50, F|
|poke|p2|Basculegion, L50, M|
|poke|p2|Froslass, L50, F|
|teampreview|4
|showteam|p1|Swampert||Swampertite|Damp|Earthquake,WaveCrash,IcePunch,Protect|Adamant||F|||50|]Pelipper||SitrusBerry|Drizzle|Hurricane,WeatherBall,Tailwind,Protect|Bold||F|||50|]Archaludon||Leftovers|Stamina|DragonPulse,FlashCannon,ElectroShot,Protect|Modest||F|||50|]Grimmsnarl||LightClay|Prankster|SpiritBreak,Reflect,LightScreen,PartingShot|Careful||M|||50|]Venusaur||Venusaurite|Chlorophyll|SludgeBomb,GigaDrain,EarthPower,Protect|Serious||F|||50|]Basculegion||ChoiceScarf|Adaptability|WaveCrash,LastRespects,FlipTurn,AquaJet|Jolly||M|||50|
|showteam|p2|Blaziken||Blazikenite|SpeedBoost|FlareBlitz,CloseCombat,RockSlide,Protect|Adamant||M|||50|]Whimsicott||FocusSash|Prankster|Moonblast,Tailwind,Encore,Protect|Timid||M|||50|]Incineroar||SitrusBerry|Intimidate|FakeOut,FlareBlitz,ThroatChop,PartingShot|Careful||M|||50|]Sylveon||FairyFeather|Pixilate|HyperVoice,HyperBeam,QuickAttack,Protect|Modest||F|||50|]Basculegion||ChoiceScarf|Adaptability|WaveCrash,LastRespects,AquaJet,FlipTurn|Jolly||M|||50|]Froslass||Froslassite|CursedBody|Blizzard,ShadowBall,AuroraVeil,Protect|Timid||F|||50|
|inactive|Battle timer is ON: inactive players will automatically lose when time's up. (requested by Kylliza)
|
|t:|1782344826
|teamsize|p1|4
|teamsize|p2|4
|start
|switch|p1a: Basculegion|Basculegion, L50, M|100/100
|switch|p1b: Grimmsnarl|Grimmsnarl, L50, M|100/100
|switch|p2a: Blaziken|Blaziken, L50, M|100/100
|switch|p2b: Sylveon|Sylveon, L50, F|100/100
|turn|1
|inactive|Kylliza has 30 seconds left.
|inactive|Kylliza has 20 seconds left.
|inactive|Kylliza has 15 seconds left.
|inactive|Kylliza has 10 seconds left.
|inactive|Kylliza has 5 seconds left.
|
|t:|1782344879
|detailschange|p2a: Blaziken|Blaziken-Mega, L50, M
|-mega|p2a: Blaziken|Blaziken|Blazikenite
|move|p1b: Grimmsnarl|Parting Shot|p2b: Sylveon
|-unboost|p2b: Sylveon|atk|1
|-unboost|p2b: Sylveon|spa|1
|
|t:|1782344886
|switch|p1b: Pelipper|Pelipper, L50, F|100/100|[from] Parting Shot
|-weather|RainDance|[from] ability: Drizzle|[of] p1b: Pelipper
|move|p1a: Basculegion|Wave Crash|p2b: Sylveon
|-damage|p2b: Sylveon|0 fnt
|faint|p2b: Sylveon
|-damage|p1a: Basculegion|69/100|[from] Recoil
|move|p2a: Blaziken|Close Combat|p1b: Pelipper
|-resisted|p1b: Pelipper|1
|-damage|p1b: Pelipper|65/100
|-unboost|p2a: Blaziken|def|1
|-unboost|p2a: Blaziken|spd|1
|
|-weather|RainDance|[upkeep]
|-ability|p2a: Blaziken|Speed Boost|boost
|-boost|p2a: Blaziken|spe|1
|upkeep
|
|t:|1782344905
|switch|p2b: Basculegion|Basculegion, L50, M|100/100
|turn|2
|
|t:|1782344920
|switch|p1a: Archaludon|Archaludon, L50, F|100/100
|move|p2a: Blaziken|Rock Slide|p1a: Archaludon|[spread] p1a,p1b
|-resisted|p1a: Archaludon|1
|-supereffective|p1b: Pelipper|1
|-damage|p1a: Archaludon|90/100
|-damage|p1b: Pelipper|21/100
|-ability|p1a: Archaludon|Stamina|boost
|-boost|p1a: Archaludon|def|1
|-enditem|p1b: Pelipper|Sitrus Berry|[eat]
|-heal|p1b: Pelipper|46/100|[from] item: Sitrus Berry
|move|p2b: Basculegion|Last Respects|p1a: Archaludon
|-damage|p1a: Archaludon|59/100
|-ability|p1a: Archaludon|Stamina|boost
|-boost|p1a: Archaludon|def|1
|move|p1b: Pelipper|Tailwind|p1b: Pelipper
|-sidestart|p1: walaye|move: Tailwind
|
|-weather|RainDance|[upkeep]
|-heal|p1a: Archaludon|65/100|[from] item: Leftovers
|-ability|p2a: Blaziken|Speed Boost|boost
|-boost|p2a: Blaziken|spe|1
|upkeep
|turn|3
|inactive|Kylliza has 30 seconds left.
|
|t:|1782344948
|switch|p1b: Grimmsnarl|Grimmsnarl, L50, M|100/100
|move|p2a: Blaziken|Close Combat|p1a: Archaludon
|-supereffective|p1a: Archaludon|1
|-damage|p1a: Archaludon|7/100
|-unboost|p2a: Blaziken|def|1
|-unboost|p2a: Blaziken|spd|1
|-ability|p1a: Archaludon|Stamina|boost
|-boost|p1a: Archaludon|def|1
|move|p1a: Archaludon|Electro Shot||[still]
|-prepare|p1a: Archaludon|Electro Shot
|-boost|p1a: Archaludon|spa|1
|-anim|p1a: Archaludon|Electro Shot|p2b: Basculegion
|-supereffective|p2b: Basculegion|1
|-damage|p2b: Basculegion|0 fnt
|faint|p2b: Basculegion
|
|-weather|RainDance|[upkeep]
|-heal|p1a: Archaludon|13/100|[from] item: Leftovers
|-ability|p2a: Blaziken|Speed Boost|boost
|-boost|p2a: Blaziken|spe|1
|upkeep
|
|t:|1782344966
|switch|p2b: Incineroar|Incineroar, L50, M|100/100
|-ability|p2b: Incineroar|Intimidate|boost
|-unboost|p1a: Archaludon|atk|1
|-unboost|p1b: Grimmsnarl|atk|1
|turn|4
|inactive|walaye has 30 seconds left.
|
|t:|1782344992
|move|p1a: Archaludon|Protect|p1a: Archaludon
|-singleturn|p1a: Archaludon|Protect
|move|p2b: Incineroar|Fake Out|p1b: Grimmsnarl
|-damage|p1b: Grimmsnarl|89/100
|cant|p1b: Grimmsnarl|flinch
|move|p2a: Blaziken|Close Combat|p1a: Archaludon
|-activate|p1a: Archaludon|move: Protect
|
|-weather|RainDance|[upkeep]
|-heal|p1a: Archaludon|19/100|[from] item: Leftovers
|-ability|p2a: Blaziken|Speed Boost|boost
|-boost|p2a: Blaziken|spe|1
|upkeep
|turn|5
|inactive|Kylliza has 30 seconds left.
|
|t:|1782345018
|move|p1b: Grimmsnarl|Reflect|p1b: Grimmsnarl
|-sidestart|p1: walaye|Reflect
|move|p2a: Blaziken|Close Combat|p1a: Archaludon
|-supereffective|p1a: Archaludon|1
|-damage|p1a: Archaludon|0 fnt
|-unboost|p2a: Blaziken|def|1
|-unboost|p2a: Blaziken|spd|1
|faint|p1a: Archaludon
|move|p2b: Incineroar|Flare Blitz|p1b: Grimmsnarl
|-damage|p1b: Grimmsnarl|74/100
|-status|p1b: Grimmsnarl|brn
|-damage|p2b: Incineroar|95/100|[from] Recoil
|
|-weather|none
|-damage|p1b: Grimmsnarl|68/100 brn|[from] brn
|-sideend|p1: walaye|move: Tailwind
|-ability|p2a: Blaziken|Speed Boost|boost
|-boost|p2a: Blaziken|spe|1
|upkeep
|
|t:|1782345032
|switch|p1a: Basculegion|Basculegion, L50, M|69/100
|turn|6
|
|t:|1782345045
|switch|p1b: Pelipper|Pelipper, L50, F|46/100
|-weather|RainDance|[from] ability: Drizzle|[of] p1b: Pelipper
|move|p2a: Blaziken|Protect|p2a: Blaziken
|-singleturn|p2a: Blaziken|Protect
|move|p1a: Basculegion|Aqua Jet|p2a: Blaziken
|-activate|p2a: Blaziken|move: Protect
|move|p2b: Incineroar|Throat Chop|p1a: Basculegion
|-supereffective|p1a: Basculegion|1
|-damage|p1a: Basculegion|20/100y
|-start|p1a: Basculegion|Throat Chop|[silent]
|
|-weather|RainDance|[upkeep]
|-ability|p2a: Blaziken|Speed Boost|boost
|-boost|p2a: Blaziken|spe|1
|upkeep
|turn|7
|
|t:|1782345060
|move|p2a: Blaziken|Protect|p2a: Blaziken
|-singleturn|p2a: Blaziken|Protect
|move|p1a: Basculegion|Aqua Jet|p2a: Blaziken
|-activate|p2a: Blaziken|move: Protect
|move|p1b: Pelipper|Weather Ball|p2b: Incineroar
|-supereffective|p2b: Incineroar|1
|-damage|p2b: Incineroar|8/100
|-enditem|p2b: Incineroar|Sitrus Berry|[eat]
|-heal|p2b: Incineroar|33/100|[from] item: Sitrus Berry
|move|p2b: Incineroar|Throat Chop|p1a: Basculegion
|-supereffective|p1a: Basculegion|1
|-damage|p1a: Basculegion|0 fnt
|faint|p1a: Basculegion
|
|-weather|RainDance|[upkeep]
|upkeep
|c|☆Kylliza|:S
|
|t:|1782345074
|switch|p1a: Grimmsnarl|Grimmsnarl, L50, M|68/100 brn
|turn|8
|
|t:|1782345089
|move|p2a: Blaziken|Rock Slide|p1b: Pelipper|[spread] p1a,p1b
|-crit|p1a: Grimmsnarl
|-supereffective|p1b: Pelipper|1
|-damage|p1a: Grimmsnarl|27/100 brn
|-damage|p1b: Pelipper|17/100
|move|p1b: Pelipper|Weather Ball|p2a: Blaziken
|-supereffective|p2a: Blaziken|1
|-damage|p2a: Blaziken|0 fnt
|faint|p2a: Blaziken
|move|p1a: Grimmsnarl|Spirit Break|p2b: Incineroar
|-damage|p2b: Incineroar|21/100
|-unboost|p2b: Incineroar|spa|1
|move|p2b: Incineroar|Throat Chop|p1b: Pelipper
|-damage|p1b: Pelipper|0 fnt
|faint|p1b: Pelipper
|
|-weather|RainDance|[upkeep]
|-damage|p1a: Grimmsnarl|21/100 brn|[from] brn
|upkeep
|turn|9
|
|t:|1782345107
|move|p1a: Grimmsnarl|Spirit Break|p2b: Incineroar
|-damage|p2b: Incineroar|9/100
|-unboost|p2b: Incineroar|spa|1
|move|p2b: Incineroar|Flare Blitz|p1a: Grimmsnarl
|-damage|p1a: Grimmsnarl|4/100 brn
|-damage|p2b: Incineroar|3/100|[from] Recoil
|
|-weather|RainDance|[upkeep]
|-damage|p1a: Grimmsnarl|0 fnt|[from] brn
|faint|p1a: Grimmsnarl
|
|win|Kylliza
|raw|walaye's rating: 1225 → 1196(-29 for losing)
|raw|Kylliza's rating: 1163 → 1192(+29 for winning)
