|j|☆Pokken2Plz
|j|☆Plebston mcbacon
|html|Pokken2PlzPlebston mcbacon    
|uhtml|bestof|Game 3 of a best-of-3
|t:|1786202021
|gametype|doubles
|player|p1|Pokken2Plz|170|
|player|p2|Plebston mcbacon|byron|
|gen|9
|tier|[Gen 9 Champions] VGC 2026 Reg M-B (Bo3)
|rule|Species Clause: Limit one of each Pokémon
|rule|Item Clause: Limit 1 of each item
|clearpoke
|poke|p1|Charizard, L50, M|
|poke|p1|Glimmora, L50, M|
|poke|p1|Whimsicott, L50, F|
|poke|p1|Ninetales-Alola, L50, F|
|poke|p1|Kingambit, L50, M|
|poke|p1|Kommo-o, L50, M|
|poke|p2|Farigiraf, L50, M|
|poke|p2|Camerupt, L50, M|
|poke|p2|Primarina, L50, F|
|poke|p2|Abomasnow, L50, M|
|poke|p2|Kingambit, L50, M|
|poke|p2|Sinistcha, L50|
|teampreview|4
|showteam|p1|Charizard||CharizarditeY|Blaze|HeatWave,WeatherBall,SolarBeam,Protect|Modest||M|||50|]Glimmora||Glimmoranite|ToxicDebris|SludgeBomb,PowerGem,EarthPower,SpikyShield|Modest||M|||50|]Whimsicott||FocusSash|Prankster|Moonblast,Tailwind,Encore,Protect|Timid||F|||50|]Ninetales-Alola||NeverMeltIce|SnowWarning|Blizzard,FreezeDry,Disable,Protect|Timid||F|||50|]Kingambit||BlackGlasses|Defiant|KowtowCleave,SuckerPunch,IronHead,Protect|Adamant||M|||50|]Kommo-o||LifeOrb|Overcoat|ClangingScales,AuraSphere,VacuumWave,Protect|Modest||M|||50|
|showteam|p2|Farigiraf||ColburBerry|ArmorTail|TrickRoom,Psychic,HelpingHand,Protect|Relaxed||M|||50|]Camerupt||Cameruptite|AngerPoint|Eruption,HeatWave,EarthPower,Protect|Quiet||M|||50|]Primarina||LifeOrb|LiquidVoice|HyperVoice,Moonblast,CalmMind,Protect|Modest||F|||50|]Abomasnow||Abomasite|SnowWarning|AuroraVeil,Blizzard,EnergyBall,Protect|Quiet||M|||50|]Kingambit||ChopleBerry|Defiant|SuckerPunch,KowtowCleave,IronHead,Protect|Brave||M|||50|]Sinistcha||OccaBerry|Hospitality|RagePowder,MatchaGotcha,LifeDew,TrickRoom|Relaxed|||||50|
|j| Hudie EU
|j| Eevee1ynn
|j| RK_pocoyo
|j| Blizz.vg
|j| shrimplyasapphic
|j| RunningRad
|inactive|Battle timer is ON: inactive players will automatically lose when time's up. (requested by Plebston mcbacon)
|
|t:|1786202058
|teamsize|p1|4
|teamsize|p2|4
|start
|switch|p1a: Charizard|Charizard, L50, M|100/100
|switch|p1b: Kommo-o|Kommo-o, L50, M|100/100
|switch|p2a: Falafel|Farigiraf, L50, M|100/100
|switch|p2b: Labubu|Sinistcha, L50|100/100
|turn|1
|j| FaultierChunk
|inactive|Plebston mcbacon has 30 seconds left.
|inactive|Plebston mcbacon has 20 seconds left.
|inactive|Plebston mcbacon has 15 seconds left.
|inactive|Plebston mcbacon has 10 seconds left.
|
|t:|1786202103
|switch|p1b: Kingambit|Kingambit, L50, M|100/100
|detailschange|p1a: Charizard|Charizard-Mega-Y, L50, M
|-mega|p1a: Charizard|Charizard|Charizardite Y
|-weather|SunnyDay|[from] ability: Drought|[of] p1a: Charizard
|move|p1a: Charizard|Heat Wave|p2a: Falafel|[spread] p2a,p2b
|-supereffective|p2b: Labubu|1
|-enditem|p2b: Labubu|Occa Berry|[eat]
|-enditem|p2b: Labubu|Occa Berry|[weaken]
|-damage|p2a: Falafel|43/100
|-damage|p2b: Labubu|27/100
|move|p2a: Falafel|Psychic|p1a: Charizard
|-damage|p1a: Charizard|69/100
|move|p2b: Labubu|Trick Room|p2b: Labubu
|-fieldstart|move: Trick Room|[of] p2b: Labubu
|
|-weather|SunnyDay|[upkeep]
|upkeep
|turn|2
|inactive|Plebston mcbacon has 30 seconds left.
|
|t:|1786202133
|move|p2a: Falafel|Psychic|p1a: Charizard
|-damage|p1a: Charizard|39/100
|-unboost|p1a: Charizard|spd|1
|move|p2b: Labubu|Life Dew|p2b: Labubu|[spread] p2a,p2b
|-heal|p2a: Falafel|68/100
|-heal|p2b: Labubu|52/100
|move|p1b: Kingambit|Kowtow Cleave|p2b: Labubu
|-supereffective|p2b: Labubu|1
|-damage|p2b: Labubu|0 fnt
|faint|p2b: Labubu
|move|p1a: Charizard|Heat Wave|p2a: Falafel
|-damage|p2a: Falafel|0 fnt
|faint|p2a: Falafel
|
|-weather|SunnyDay|[upkeep]
|upkeep
|
|t:|1786202141
|switch|p2a: Mr Meats|Camerupt, L50, M|100/100
|switch|p2b: Miku|Primarina, L50, F|100/100
|turn|3
|
|t:|1786202164
|detailschange|p2a: Mr Meats|Camerupt-Mega, L50, M
|-mega|p2a: Mr Meats|Camerupt|Cameruptite
|move|p1b: Kingambit|Protect|p1b: Kingambit
|-singleturn|p1b: Kingambit|Protect
|move|p1a: Charizard|Protect|p1a: Charizard
|-singleturn|p1a: Charizard|Protect
|move|p2a: Mr Meats|Heat Wave|p1a: Charizard|[spread] 
|-activate|p1a: Charizard|move: Protect
|-activate|p1b: Kingambit|move: Protect
|move|p2b: Miku|Calm Mind|p2b: Miku
|-boost|p2b: Miku|spa|1
|-boost|p2b: Miku|spd|1
|
|-weather|SunnyDay|[upkeep]
|upkeep
|turn|4
|
|t:|1786202183
|switch|p1a: Kommo-o|Kommo-o, L50, M|100/100
|move|p1b: Kingambit|Sucker Punch|p2a: Mr Meats
|-damage|p2a: Mr Meats|50/100y
|move|p2a: Mr Meats|Heat Wave|p1b: Kingambit|[spread] p1a
|-miss|p2a: Mr Meats|p1b: Kingambit
|-resisted|p1a: Kommo-o|1
|-damage|p1a: Kommo-o|51/100
|move|p2b: Miku|Hyper Voice|p1b: Kingambit|[spread] p1a,p1b
|-resisted|p1a: Kommo-o|1
|-damage|p1a: Kommo-o|31/100
|-damage|p1b: Kingambit|61/100
|-damage|p2b: Miku|90/100|[from] item: Life Orb
|
|-weather|SunnyDay|[upkeep]
|upkeep
|turn|5
|
|t:|1786202200
|move|p1b: Kingambit|Protect|p1b: Kingambit
|-singleturn|p1b: Kingambit|Protect
|move|p1a: Kommo-o|Protect|p1a: Kommo-o
|-singleturn|p1a: Kommo-o|Protect
|move|p2a: Mr Meats|Heat Wave|p1a: Kommo-o|[spread] 
|-activate|p1a: Kommo-o|move: Protect
|-activate|p1b: Kingambit|move: Protect
|move|p2b: Miku|Moonblast|p1b: Kingambit
|-activate|p1b: Kingambit|move: Protect
|
|-weather|none
|-fieldend|move: Trick Room
|upkeep
|turn|6
|
|t:|1786202215
|move|p2a: Mr Meats|Protect|p2a: Mr Meats
|-singleturn|p2a: Mr Meats|Protect
|move|p1a: Kommo-o|Aura Sphere|p2a: Mr Meats
|-activate|p2a: Mr Meats|move: Protect
|move|p1b: Kingambit|Iron Head|p2b: Miku
|-damage|p2b: Miku|23/100
|cant|p2b: Miku|flinch
|
|upkeep
|turn|7
|c|☆Plebston mcbacon|that flinch just lost me my one shot to win
|inactive|Plebston mcbacon has 30 seconds left.
|l| Eevee1ynn
|inactive|Plebston mcbacon has 20 seconds left.
|
|t:|1786202254
|move|p1a: Kommo-o|Aura Sphere|p2a: Mr Meats
|-damage|p2a: Mr Meats|0 fnt
|faint|p2a: Mr Meats
|-damage|p1a: Kommo-o|21/100|[from] item: Life Orb
|move|p1b: Kingambit|Iron Head|p2b: Miku
|-damage|p2b: Miku|0 fnt
|faint|p2b: Miku
|
|win|Pokken2Plz
|j| Eevee1ynn
|l| RunningRad
|l| Eevee1ynn
|c|☆Pokken2Plz|ggs
|l| FaultierChunk
|c| Hudie EU|LFG
|l| RK_pocoyo
|c|☆Plebston mcbacon|gg
|l|☆Plebston mcbacon
|player|p2|
