|j|☆gluttorn
|j|☆Horse Girlie
|html|gluttornHorse Girlie    
|uhtml|bestof|Game 1 of a best-of-3
|t:|1782483365
|gametype|doubles
|player|p1|gluttorn|266|1102
|player|p2|Horse Girlie|pokemonbreederf-gen4|1017
|gen|9
|tier|[Gen 9 Champions] VGC 2026 Reg M-B (Bo3)
|rated|
|rule|Species Clause: Limit one of each Pokémon
|rule|Item Clause: Limit 1 of each item
|clearpoke
|poke|p1|Scrafty, L50, M|
|poke|p1|Torkoal, L50, M|
|poke|p1|Farigiraf, L50, M|
|poke|p1|Hatterene, L50, F|
|poke|p1|Vileplume, L50, F|
|poke|p1|Archaludon, L50, F|
|poke|p2|Dragonite, L50, M, shiny|
|poke|p2|Klefki, L50, M|
|poke|p2|Maushold, L50|
|poke|p2|Azumarill, L50, F|
|poke|p2|Pelipper, L50, F|
|poke|p2|Tsareena, L50, F|
|teampreview|4
|showteam|p1|Scrafty||Scraftinite|Intimidate|FakeOut,KnockOff,DrainPunch,RockSlide|Brave||M|||50|]Torkoal||Charcoal|Drought|EarthPower,HeatWave,Eruption,Protect|Quiet||M|||50|]Farigiraf||MentalHerb|ArmorTail|Protect,HelpingHand,TrickRoom,Psychic|Calm||M|||50|]Hatterene||LifeOrb|MagicBounce|DazzlingGleam,Psychic,TrickRoom,Protect|Modest||F|||50|]Vileplume||FocusSash|Chlorophyll|AfterYou,Protect,EnergyBall,SludgeBomb|Timid||F|||50|]Archaludon||ChoiceScarf|Sturdy|Thunderbolt,DragonPulse,FlashCannon,SolarBeam|Timid||F|||50|
|showteam|p2|Dragonite||Dragoninite|Multiscale|Thunder,Hurricane,DragonPulse,Protect|Modest||M|||50|]Klefki||OccaBerry|Prankster|RainDance,Reflect,LightScreen,ThunderWave|Bold||M|||50|]Maushold||WideLens|FriendGuard|FollowMe,Taunt,PopulationBomb,Protect|Jolly|||||50|]Azumarill||SitrusBerry|HugePower|BellyDrum,AquaJet,PlayRough,Protect|Adamant||F|||50|]Pelipper||DampRock|Drizzle|Hurricane,WeatherBall,Tailwind,WideGuard|Modest||F|||50|]Tsareena||FocusSash|QueenlyMajesty|TropKick,KnockOff,TripleAxel,Protect|Adamant||F|||50|
|inactive|Battle timer is ON: inactive players will automatically lose when time's up. (requested by gluttorn)
|
|t:|1782483414
|teamsize|p1|4
|teamsize|p2|4
|start
|switch|p1a: Farigiraf|Farigiraf, L50, M|100/100
|switch|p1b: Scrafty|Scrafty, L50, M|100/100
|switch|p2a: Klefki|Klefki, L50, M|100/100
|switch|p2b: Maushold|Maushold, L50|100/100
|-ability|p1b: Scrafty|Intimidate|boost
|-unboost|p2a: Klefki|atk|1
|-unboost|p2b: Maushold|atk|1
|turn|1
|inactive|gluttorn has 30 seconds left.
|inactive|gluttorn has 20 seconds left.
|inactive|gluttorn has 15 seconds left.
|inactive|gluttorn has 10 seconds left.
|
|t:|1782483460
|move|p1b: Scrafty|Fake Out|p2a: Klefki
|-resisted|p2a: Klefki|1
|-damage|p2a: Klefki|95/100
|cant|p2a: Klefki|flinch
|move|p2b: Maushold|Population Bomb|p1a: Farigiraf
|-damage|p1a: Farigiraf|96/100
|-damage|p1a: Farigiraf|92/100
|-damage|p1a: Farigiraf|88/100
|-damage|p1a: Farigiraf|85/100
|-damage|p1a: Farigiraf|81/100
|-damage|p1a: Farigiraf|77/100
|-damage|p1a: Farigiraf|73/100
|-damage|p1a: Farigiraf|69/100
|-damage|p1a: Farigiraf|65/100
|-damage|p1a: Farigiraf|61/100
|-hitcount|p1a: Farigiraf|10
|move|p1a: Farigiraf|Trick Room|p1a: Farigiraf
|-fieldstart|move: Trick Room|[of] p1a: Farigiraf
|
|upkeep
|turn|2
|inactive|gluttorn has 30 seconds left.
|inactive|gluttorn has 20 seconds left.
|inactive|gluttorn has 15 seconds left.
|
|t:|1782483500
|switch|p1a: Torkoal|Torkoal, L50, M|100/100
|-weather|SunnyDay|[from] ability: Drought|[of] p1a: Torkoal
|switch|p2b: Pelipper|Pelipper, L50, F|100/100
|-weather|RainDance|[from] ability: Drizzle|[of] p2b: Pelipper
|move|p2a: Klefki|Reflect|p2a: Klefki
|-sidestart|p2: Horse Girlie|Reflect
|move|p1b: Scrafty|Drain Punch|p2b: Pelipper
|-resisted|p2b: Pelipper|1
|-damage|p2b: Pelipper|88/100
|
|-weather|RainDance|[upkeep]
|upkeep
|turn|3
|
|t:|1782483520
|switch|p1a: Hatterene|Hatterene, L50, F|100/100
|detailschange|p1b: Scrafty|Scrafty-Mega, L50, M
|-mega|p1b: Scrafty|Scrafty|Scraftinite
|-ability|p1b: Scrafty|Intimidate|boost
|-unboost|p2a: Klefki|atk|1
|-unboost|p2b: Pelipper|atk|1
|move|p2a: Klefki|Light Screen|p2a: Klefki
|-sidestart|p2: Horse Girlie|move: Light Screen
|move|p1b: Scrafty|Rock Slide|p2b: Pelipper|[spread] p2b
|-miss|p1b: Scrafty|p2a: Klefki
|-supereffective|p2b: Pelipper|1
|-damage|p2b: Pelipper|56/100
|move|p2b: Pelipper|Hurricane|p1b: Scrafty
|-supereffective|p1b: Scrafty|1
|-crit|p1b: Scrafty
|-damage|p1b: Scrafty|0 fnt
|faint|p1b: Scrafty
|
|-weather|RainDance|[upkeep]
|upkeep
|
|t:|1782483539
|switch|p1b: Torkoal|Torkoal, L50, M|100/100
|-weather|SunnyDay|[from] ability: Drought|[of] p1b: Torkoal
|turn|4
|
|t:|1782483550
|move|p2a: Klefki|Rain Dance|p2a: Klefki
|-weather|RainDance
|move|p1b: Torkoal|Earth Power|p2a: Klefki
|-supereffective|p2a: Klefki|1
|-damage|p2a: Klefki|56/100
|move|p1a: Hatterene|Dazzling Gleam|p2b: Pelipper|[spread] p2a,p2b
|-resisted|p2a: Klefki|1
|-damage|p2a: Klefki|38/100
|-damage|p2b: Pelipper|9/100
|-damage|p1a: Hatterene|90/100|[from] item: Life Orb
|move|p2b: Pelipper|Weather Ball|p1b: Torkoal
|-supereffective|p1b: Torkoal|1
|-damage|p1b: Torkoal|0 fnt
|faint|p1b: Torkoal
|
|-weather|RainDance|[upkeep]
|upkeep
|
|t:|1782483567
|switch|p1b: Farigiraf|Farigiraf, L50, M|61/100
|turn|5
|
|t:|1782483588
|move|p2a: Klefki|Thunder Wave||[still]
|cant|p1b: Farigiraf|ability: Armor Tail|Thunder Wave|[of] p2a: Klefki
|move|p1a: Hatterene|Psychic|p2a: Klefki
|-resisted|p2a: Klefki|1
|-damage|p2a: Klefki|10/100
|-unboost|p2a: Klefki|spd|1
|-damage|p1a: Hatterene|80/100|[from] item: Life Orb
|move|p1b: Farigiraf|Psychic|p2a: Klefki
|-resisted|p2a: Klefki|1
|-damage|p2a: Klefki|0 fnt
|faint|p2a: Klefki
|move|p2b: Pelipper|Weather Ball|p1a: Hatterene
|-damage|p1a: Hatterene|10/100
|
|-weather|RainDance|[upkeep]
|-fieldend|move: Trick Room
|upkeep
|
|t:|1782483602
|switch|p2a: Azumarill|Azumarill, L50, F|100/100
|turn|6
|
|t:|1782483611
|move|p2b: Pelipper|Hurricane|p1a: Hatterene
|-damage|p1a: Hatterene|0 fnt
|faint|p1a: Hatterene
|move|p1b: Farigiraf|Psychic|p2a: Azumarill
|-damage|p2a: Azumarill|78/100
|move|p2a: Azumarill|Play Rough|p1b: Farigiraf
|-damage|p1b: Farigiraf|9/100
|
|-weather|RainDance|[upkeep]
|-sideend|p2: Horse Girlie|Reflect
|upkeep
|turn|7
|
|t:|1782483625
|move|p2b: Pelipper|Wide Guard|p2b: Pelipper
|-singleturn|p2b: Pelipper|Wide Guard
|move|p2a: Azumarill|Aqua Jet||[still]
|cant|p1b: Farigiraf|ability: Armor Tail|Aqua Jet|[of] p2a: Azumarill
|move|p1b: Farigiraf|Psychic|p2b: Pelipper
|-damage|p2b: Pelipper|0 fnt
|faint|p2b: Pelipper
|
|-weather|RainDance|[upkeep]
|-sideend|p2: Horse Girlie|move: Light Screen
|upkeep
|
|t:|1782483630
|switch|p2b: Maushold|Maushold, L50|100/100
|turn|8
|
|t:|1782483639
|move|p2b: Maushold|Population Bomb|p1b: Farigiraf
|-damage|p1b: Farigiraf|3/100
|-damage|p1b: Farigiraf|0 fnt
|faint|p1b: Farigiraf
|-hitcount|p1: Farigiraf|2
|
|win|Horse Girlie
