|j|☆epic17x
|j|☆RustyTacos27
|html|epic17xRustyTacos27    
|uhtml|bestof|Game 1 of a best-of-3
|t:|1756741556
|gametype|doubles
|player|p1|epic17x|steven|1319
|player|p2|RustyTacos27|266|1222
|gen|9
|tier|[Gen 9] VGC 2025 Reg H (Bo3)
|rated|
|rule|Species Clause: Limit one of each Pokémon
|rule|Item Clause: Limit 1 of each item
|clearpoke
|poke|p1|Ninetales-Alola, L50, M|
|poke|p1|Rillaboom, L50, M|
|poke|p1|Magmar, L50, F|
|poke|p1|Sneasler, L50, M|
|poke|p1|Kingambit, L50, F|
|poke|p1|Basculegion, L50, M|
|poke|p2|Ursaluna-Bloodmoon, L50, M|
|poke|p2|Grimmsnarl, L50, M|
|poke|p2|Archaludon, L50, M|
|poke|p2|Salamence, L50, M|
|poke|p2|Volcarona, L50, F|
|poke|p2|Basculegion, L50, M|
|teampreview|4
|showteam|p1|Ninetales-Alola||NeverMeltIce|SnowWarning|Blizzard,FreezeDry,Encore,Protect|||M|||50|,,,,,Ghost]Rillaboom||AssaultVest|GrassySurge|WoodHammer,FakeOut,Uturn,GrassyGlide|||M|||50|,,,,,Ghost]Magmar||Eviolite|VitalSpirit|Protect,HeatWave,WillOWisp,FollowMe|||F|||50|,,,,,Ghost]Sneasler||FocusSash|PoisonTouch|FakeOut,DireClaw,CloseCombat,Protect|||M|||50|,,,,,Ghost]Kingambit||BlackGlasses|Defiant|KowtowCleave,SwordsDance,SuckerPunch,Protect|||F|||50|,,,,,Fire]Basculegion||ChoiceScarf|Adaptability|WaveCrash,FlipTurn,TeraBlast,LastRespects|||M|||50|,,,,,Fighting
|showteam|p2|Ursaluna-Bloodmoon||LifeOrb|MindsEye|BloodMoon,HyperVoice,EarthPower,Protect|||M|||50|,,,,,Normal]Grimmsnarl||LightClay|Prankster|SpiritBreak,LightScreen,Reflect,ThunderWave|||M|||50|,,,,,Ghost]Archaludon||AssaultVest|Stamina|DracoMeteor,FlashCannon,BodyPress,Snarl|||M|||50|,,,,,Water]Salamence||LumBerry|Intimidate|DualWingbeat,RockSlide,Tailwind,Protect|||M|||50|,,,,,Steel]Volcarona||SafetyGoggles|FlameBody|RagePowder,WillOWisp,HeatWave,Protect|||F|||50|,,,,,Dragon]Basculegion||ChoiceScarf|Adaptability|WaveCrash,AquaJet,LastRespects,FlipTurn|||M|||50|,,,,,Grass
|inactive|Battle timer is ON: inactive players will automatically lose when time's up. (requested by epic17x)
|
|t:|1756741581
|teamsize|p1|4
|teamsize|p2|4
|start
|switch|p1a: Sneasler|Sneasler, L50, M|100/100
|switch|p1b: Kingambit|Kingambit, L50, F|100/100
|switch|p2a: Grimmsnarl|Grimmsnarl, L50, M|100/100
|switch|p2b: Volcarona|Volcarona, L50, F|100/100
|turn|1
|
|t:|1756741594
|move|p1a: Sneasler|Fake Out|p2b: Volcarona
|-damage|p2b: Volcarona|88/100
|move|p2a: Grimmsnarl|Thunder Wave|p1b: Kingambit
|-hint|Since gen 7, Dark is immune to Prankster moves.
|-immune|p1b: Kingambit
|cant|p2b: Volcarona|flinch
|move|p1b: Kingambit|Swords Dance|p1b: Kingambit
|-boost|p1b: Kingambit|atk|2
|
|upkeep
|turn|2
|
|t:|1756741610
|move|p1b: Kingambit|Sucker Punch|p2b: Volcarona
|-damage|p2b: Volcarona|0 fnt
|faint|p2b: Volcarona
|move|p2a: Grimmsnarl|Thunder Wave|p1a: Sneasler
|-status|p1a: Sneasler|par
|cant|p1a: Sneasler|par
|
|upkeep
|
|t:|1756741622
|switch|p2b: Archaludon|Archaludon, L50, M|100/100
|turn|3
|
|t:|1756741641
|-terastallize|p2b: Archaludon|Water
|-terastallize|p1b: Kingambit|Fire
|move|p2a: Grimmsnarl|Reflect|p2a: Grimmsnarl
|-sidestart|p2: RustyTacos27|Reflect
|move|p2b: Archaludon|Body Press|p1b: Kingambit
|-damage|p1b: Kingambit|81/100
|move|p1a: Sneasler|Close Combat|p2b: Archaludon
|-damage|p2b: Archaludon|72/100
|-unboost|p1a: Sneasler|def|1
|-unboost|p1a: Sneasler|spd|1
|-ability|p2b: Archaludon|Stamina|boost
|-boost|p2b: Archaludon|def|1
|move|p1b: Kingambit|Kowtow Cleave|p2b: Archaludon
|-damage|p2b: Archaludon|31/100
|-ability|p2b: Archaludon|Stamina|boost
|-boost|p2b: Archaludon|def|1
|
|upkeep
|turn|4
|
|t:|1756741661
|move|p2a: Grimmsnarl|Thunder Wave|p1b: Kingambit
|-status|p1b: Kingambit|par
|move|p2b: Archaludon|Body Press|p1a: Sneasler
|-resisted|p1a: Sneasler
|-damage|p1a: Sneasler|43/100 par
|cant|p1a: Sneasler|par
|move|p1b: Kingambit|Kowtow Cleave|p2b: Archaludon
|-damage|p2b: Archaludon|0 fnt
|faint|p2b: Archaludon
|
|upkeep
|
|t:|1756741671
|switch|p2b: Ursaluna|Ursaluna-Bloodmoon, L50, M|100/100
|turn|5
|
|t:|1756741678
|switch|p1a: Magmar|Magmar, L50, F|100/100
|move|p1b: Kingambit|Sucker Punch|p2b: Ursaluna
|-damage|p2b: Ursaluna|43/100
|move|p2b: Ursaluna|Earth Power|p1b: Kingambit
|-supereffective|p1b: Kingambit
|-damage|p1b: Kingambit|0 fnt
|faint|p1b: Kingambit
|-damage|p2b: Ursaluna|33/100|[from] item: Life Orb
|move|p2a: Grimmsnarl|Spirit Break|p1a: Magmar
|-resisted|p1a: Magmar
|-damage|p1a: Magmar|90/100
|-unboost|p1a: Magmar|spa|1
|
|upkeep
|
|t:|1756741687
|switch|p1b: Rillaboom|Rillaboom, L50, M|100/100
|-fieldstart|move: Grassy Terrain|[from] ability: Grassy Surge|[of] p1b: Rillaboom
|turn|6
|
|t:|1756741696
|move|p2b: Ursaluna|Protect|p2b: Ursaluna
|-singleturn|p2b: Ursaluna|Protect
|move|p1b: Rillaboom|Fake Out|p2b: Ursaluna
|-activate|p2b: Ursaluna|move: Protect
|move|p2a: Grimmsnarl|Thunder Wave|p1b: Rillaboom
|-status|p1b: Rillaboom|par
|move|p1a: Magmar|Heat Wave|p2a: Grimmsnarl|[spread] p2a
|-activate|p2b: Ursaluna|move: Protect
|-damage|p2a: Grimmsnarl|84/100
|
|-heal|p1a: Magmar|96/100|[from] Grassy Terrain
|-heal|p2b: Ursaluna|39/100|[from] Grassy Terrain
|-heal|p2a: Grimmsnarl|90/100|[from] Grassy Terrain
|upkeep
|turn|7
|
|t:|1756741717
|move|p2a: Grimmsnarl|Thunder Wave|p1a: Magmar
|-status|p1a: Magmar|par
|move|p1b: Rillaboom|Grassy Glide|p2b: Ursaluna
|-supereffective|p2b: Ursaluna
|-damage|p2b: Ursaluna|0 fnt
|faint|p2b: Ursaluna
|cant|p1a: Magmar|par
|
|-heal|p2a: Grimmsnarl|96/100|[from] Grassy Terrain
|-heal|p1a: Magmar|100/100 par|[from] Grassy Terrain
|upkeep
|turn|8
|
|t:|1756741729
|move|p2a: Grimmsnarl|Light Screen|p2a: Grimmsnarl
|-sidestart|p2: RustyTacos27|move: Light Screen
|move|p1b: Rillaboom|Wood Hammer|p2a: Grimmsnarl
|-damage|p2a: Grimmsnarl|42/100
|-damage|p1b: Rillaboom|83/100 par|[from] Recoil
|move|p1a: Magmar|Heat Wave|p2a: Grimmsnarl|[miss]
|-miss|p1a: Magmar|p2a: Grimmsnarl
|
|-heal|p2a: Grimmsnarl|48/100|[from] Grassy Terrain
|-heal|p1b: Rillaboom|89/100 par|[from] Grassy Terrain
|upkeep
|turn|9
|
|t:|1756741738
|move|p2a: Grimmsnarl|Spirit Break|p1b: Rillaboom
|-damage|p1b: Rillaboom|56/100 par
|-unboost|p1b: Rillaboom|spa|1
|move|p1a: Magmar|Heat Wave|p2a: Grimmsnarl
|-damage|p2a: Grimmsnarl|33/100
|-status|p2a: Grimmsnarl|brn
|cant|p1b: Rillaboom|par
|
|-heal|p2a: Grimmsnarl|39/100 brn|[from] Grassy Terrain
|-heal|p1b: Rillaboom|62/100 par|[from] Grassy Terrain
|-damage|p2a: Grimmsnarl|33/100 brn|[from] brn
|upkeep
|turn|10
|
|t:|1756741749
|move|p2a: Grimmsnarl|Spirit Break|p1b: Rillaboom
|-damage|p1b: Rillaboom|47/100 par
|-unboost|p1b: Rillaboom|spa|1
|move|p1b: Rillaboom|Wood Hammer|p2a: Grimmsnarl
|-damage|p2a: Grimmsnarl|0 fnt
|faint|p2a: Grimmsnarl
|-damage|p1b: Rillaboom|36/100 par|[from] Recoil
|
|win|epic17x
||epic17x is ready for game 2.
||RustyTacos27 is ready for game 2.
|uhtml|next|Next: Game 2 of 3
