|j|☆Slowjow
|j|☆washingtongargacha
|html|Slowjowwashingtongargacha    
|uhtml|bestof|Game 1 of a best-of-3
|t:|1757724864
|gametype|doubles
|player|p1|Slowjow|1|1195
|player|p2|washingtongargacha|101|1154
|gen|9
|tier|[Gen 9] VGC 2025 Reg H (Bo3)
|rated|
|rule|Species Clause: Limit one of each Pokémon
|rule|Item Clause: Limit 1 of each item
|clearpoke
|poke|p1|Gliscor, L50, M|
|poke|p1|Electabuzz, L50, F|
|poke|p1|Tauros-Paldea-Blaze, L50, M|
|poke|p1|Gastrodon, L50, M|
|poke|p1|Kingambit, L50, M|
|poke|p1|Ninetales-Alola, L50, F|
|poke|p2|Talonflame, L50, M|
|poke|p2|Gholdengo, L50|
|poke|p2|Dragonite, L50, M|
|poke|p2|Archaludon, L50, M|
|poke|p2|Tyranitar, L50, F|
|poke|p2|Garchomp, L50, M|
|teampreview|4
|showteam|p1|Gliscor||ToxicOrb|PoisonHeal|HighHorsepower,DualWingbeat,SwordsDance,Protect|||M|||50|,,,,,Water]Electabuzz||Eviolite|VitalSpirit|Electroweb,Taunt,FollowMe,Protect|||F|||50|,,,,,Ghost]Tauros-Paldea-Blaze||MirrorHerb|Intimidate|RagingBull,CloseCombat,WillOWisp,Protect|||M|||50|,,,,,Grass]Gastrodon||Leftovers|StormDrain|MuddyWater,ClearSmog,Yawn,Protect|||M|||50|,,,,,Fire]Kingambit||BlackGlasses|Defiant|KowtowCleave,SuckerPunch,SwordsDance,Protect|||M|||50|,,,,,Dark]Ninetales-Alola||LightClay|SnowWarning|AuroraVeil,FreezeDry,Encore,Protect|||F|||50|,,,,,Water
|showteam|p2|Talonflame||CovertCloak|GaleWings|Tailwind,DualWingbeat,Taunt,FlareBlitz|||M|||50|,,,,,Stellar]Gholdengo||LifeOrb|GoodasGold|MakeItRain,NastyPlot,ShadowBall,Protect||||||50|,,,,,Steel]Dragonite||LoadedDice|Multiscale|ScaleShot,IceSpinner,Haze,Protect|||M|||50|,,,,,Steel]Archaludon||PowerHerb|Sturdy|FlashCannon,ElectroShot,DracoMeteor,Protect|||M|||50|,,,,,Flying]Tyranitar||AssaultVest|SandStream|KnockOff,RockSlide,TeraBlast,LowKick|||F|||50|,,,,,Flying]Garchomp||ClearAmulet|RoughSkin|DragonClaw,StompingTantrum,Earthquake,Protect|||M|||50|,,,,,Steel
|inactive|Battle timer is ON: inactive players will automatically lose when time's up. (requested by Slowjow)
|
|t:|1757724904
|teamsize|p1|4
|teamsize|p2|4
|start
|switch|p1a: Tauros|Tauros-Paldea-Blaze, L50, M|100/100
|switch|p1b: Gastrodon|Gastrodon, L50, M|100/100
|switch|p2a: Talonflame|Talonflame, L50, M|100/100
|switch|p2b: Garchomp|Garchomp, L50, M|100/100
|-ability|p1a: Tauros|Intimidate|boost
|-unboost|p2a: Talonflame|atk|1
|-fail|p2b: Garchomp|unboost|[from] item: Clear Amulet|[of] p2b: Garchomp
|turn|1
|inactive|washingtongargacha has 30 seconds left.
|inactive|washingtongargacha has 20 seconds left.
|
|t:|1757724944
|move|p2a: Talonflame|Flare Blitz|p1a: Tauros
|-resisted|p1a: Tauros
|-damage|p1a: Tauros|84/100
|-damage|p2a: Talonflame|95/100|[from] Recoil
|move|p2b: Garchomp|Earthquake|p1a: Tauros|[spread] p1a,p1b
|-immune|p2a: Talonflame
|-supereffective|p1a: Tauros
|-damage|p1a: Tauros|0 fnt
|-damage|p1b: Gastrodon|68/100
|faint|p1a: Tauros
|move|p1b: Gastrodon|Yawn|p2a: Talonflame
|-start|p2a: Talonflame|move: Yawn|[of] p1b: Gastrodon
|
|-heal|p1b: Gastrodon|74/100|[from] item: Leftovers
|upkeep
|
|t:|1757724959
|switch|p1a: Gliscor|Gliscor, L50, M|100/100
|turn|2
|inactive|washingtongargacha has 30 seconds left.
|
|t:|1757724990
|switch|p2a: Gholdengo|Gholdengo, L50|100/100
|move|p2b: Garchomp|Dragon Claw|p1b: Gastrodon
|-damage|p1b: Gastrodon|42/100
|move|p1a: Gliscor|Swords Dance|p1a: Gliscor
|-boost|p1a: Gliscor|atk|2
|move|p1b: Gastrodon|Yawn|p2a: Gholdengo
|-immune|p2a: Gholdengo|[from] ability: Good as Gold
|
|-heal|p1b: Gastrodon|48/100|[from] item: Leftovers
|-status|p1a: Gliscor|tox|[from] item: Toxic Orb
|upkeep
|turn|3
|
|t:|1757725014
|switch|p2a: Talonflame|Talonflame, L50, M|95/100
|move|p1b: Gastrodon|Protect|p1b: Gastrodon
|-singleturn|p1b: Gastrodon|Protect
|move|p2b: Garchomp|Dragon Claw|p1b: Gastrodon
|-activate|p1b: Gastrodon|move: Protect
|move|p1a: Gliscor|High Horsepower|p2a: Talonflame
|-immune|p2a: Talonflame
|
|-heal|p1b: Gastrodon|54/100|[from] item: Leftovers
|upkeep
|turn|4
|inactive|washingtongargacha has 30 seconds left.
|
|t:|1757725041
|switch|p1b: Kingambit|Kingambit, L50, M|100/100
|move|p2a: Talonflame|Dual Wingbeat|p1b: Kingambit
|-resisted|p1b: Kingambit
|-damage|p1b: Kingambit|95/100
|-resisted|p1b: Kingambit
|-damage|p1b: Kingambit|89/100
|-hitcount|p1b: Kingambit|2
|move|p2b: Garchomp|Dragon Claw|p1b: Kingambit
|-resisted|p1b: Kingambit
|-damage|p1b: Kingambit|74/100
|move|p1a: Gliscor|Dual Wingbeat|p2a: Talonflame
|-damage|p2a: Talonflame|37/100
|-damage|p2a: Talonflame|0 fnt
|faint|p2a: Talonflame
|-hitcount|p2: Talonflame|2
|
|upkeep
|
|t:|1757725058
|switch|p2a: Tyranitar|Tyranitar, L50, F|100/100
|-weather|Sandstorm|[from] ability: Sand Stream|[of] p2a: Tyranitar
|turn|5
|
|t:|1757725076
|-terastallize|p2a: Tyranitar|Flying
|move|p1b: Kingambit|Protect|p1b: Kingambit
|-singleturn|p1b: Kingambit|Protect
|move|p2b: Garchomp|Earthquake|p1a: Gliscor|[spread] 
|-activate|p1b: Kingambit|move: Protect
|-immune|p2a: Tyranitar
|-immune|p1a: Gliscor
|move|p1a: Gliscor|Swords Dance|p1a: Gliscor
|-boost|p1a: Gliscor|atk|2
|move|p2a: Tyranitar|Rock Slide|p1a: Gliscor|[spread] p1a
|-activate|p1b: Kingambit|move: Protect
|-damage|p1a: Gliscor|73/100 tox
|
|-weather|Sandstorm|[upkeep]
|-damage|p2a: Tyranitar|95/100|[from] Sandstorm
|-heal|p1a: Gliscor|85/100 tox|[from] ability: Poison Heal
|upkeep
|turn|6
|inactive|washingtongargacha has 30 seconds left.
|
|t:|1757725105
|switch|p1b: Gastrodon|Gastrodon, L50, M|54/100
|move|p2b: Garchomp|Protect|p2b: Garchomp
|-singleturn|p2b: Garchomp|Protect
|move|p1a: Gliscor|Dual Wingbeat|p2a: Tyranitar
|-damage|p2a: Tyranitar|43/100
|-damage|p2a: Tyranitar|0 fnt
|faint|p2a: Tyranitar
|-hitcount|p2: Tyranitar|2
|
|-weather|Sandstorm|[upkeep]
|-heal|p1b: Gastrodon|60/100|[from] item: Leftovers
|-heal|p1a: Gliscor|97/100 tox|[from] ability: Poison Heal
|upkeep
|
|t:|1757725117
|switch|p2a: Gholdengo|Gholdengo, L50|100/100
|turn|7
|-message|washingtongargacha forfeited.
|
|win|Slowjow
