|j|☆joscake
|j|☆roy kasoy
|html|joscakeroy kasoy    
|uhtml|bestof|Game 2 of a best-of-3
|t:|1782956821
|gametype|doubles
|player|p1|joscake|ethan|
|player|p2|roy kasoy|hilbert|
|gen|9
|tier|[Gen 9 Champions] VGC 2026 Reg M-B (Bo3)
|rule|Species Clause: Limit one of each Pokémon
|rule|Item Clause: Limit 1 of each item
|clearpoke
|poke|p1|Kingambit, L50, F|
|poke|p1|Charizard, L50, F|
|poke|p1|Aerodactyl, L50, F|
|poke|p1|Sylveon, L50, M|
|poke|p1|Farigiraf, L50, M|
|poke|p1|Garchomp, L50, F|
|poke|p2|Beedrill, L50, F|
|poke|p2|Archaludon, L50, F|
|poke|p2|Swampert, L50, M|
|poke|p2|Pelipper, L50, F|
|poke|p2|Farigiraf, L50, M|
|poke|p2|Incineroar, L50, F|
|teampreview|4
|showteam|p1|Kingambit||FocusSash|Defiant|KowtowCleave,IronHead,LowKick,SuckerPunch|Adamant||F|||50|]Charizard||CharizarditeY|Blaze|HeatWave,WeatherBall,SolarBeam,Protect|Timid||F|||50|]Aerodactyl||Aerodactylite|Unnerve|DualWingbeat,RockSlide,Tailwind,IceFang|Jolly||F|||50|]Sylveon||FairyFeather|Pixilate|Protect,HyperVoice,HyperBeam,QuickAttack|Sassy||M|||50|]Farigiraf||SitrusBerry|ArmorTail|TwinBeam,Thunderbolt,TrickRoom,GrassKnot|Quiet||M|||50|]Garchomp||LifeOrb|RoughSkin|Protect,Earthquake,StompingTantrum,DragonClaw|Jolly||F|||50|
|showteam|p2|Beedrill||Beedrillite|Swarm|Uturn,PoisonJab,DrillRun,Protect|Adamant||F|||50|]Archaludon||Leftovers|Stamina|ElectroShot,FlashCannon,DragonPulse,Protect|Modest||F|||50|]Swampert||Swampertite|Torrent|WaveCrash,RockSlide,HighHorsepower,Protect|Adamant||M|||50|]Pelipper||LifeOrb|Drizzle|WeatherBall,Hurricane,WideGuard,Tailwind|Modest||F|||50|]Farigiraf||SitrusBerry|ArmorTail|HelpingHand,TrickRoom,Psychic,RainDance|Bold||M|||50|]Incineroar||PasshoBerry|Intimidate|FakeOut,ThroatChop,FlareBlitz,PartingShot|Adamant||F|||50|
|j| Angello7796
|
|t:|1782956896
|teamsize|p1|4
|teamsize|p2|4
|start
|switch|p1a: Sylveon|Sylveon, L50, M|100/100
|switch|p1b: Farigiraf|Farigiraf, L50, M|100/100
|switch|p2a: Pelipper|Pelipper, L50, F|100/100
|switch|p2b: Archaludon|Archaludon, L50, F|100/100
|-weather|RainDance|[from] ability: Drizzle|[of] p2a: Pelipper
|turn|1
|
|t:|1782956947
|move|p2b: Archaludon|Electro Shot||[still]
|-prepare|p2b: Archaludon|Electro Shot
|-boost|p2b: Archaludon|spa|1
|-anim|p2b: Archaludon|Electro Shot|p1b: Farigiraf
|-damage|p1b: Farigiraf|38/100
|-enditem|p1b: Farigiraf|Sitrus Berry|[eat]
|-heal|p1b: Farigiraf|62/100|[from] item: Sitrus Berry
|move|p2a: Pelipper|Weather Ball|p1b: Farigiraf
|-damage|p1b: Farigiraf|0 fnt
|faint|p1b: Farigiraf
|-damage|p2a: Pelipper|90/100|[from] item: Life Orb
|move|p1a: Sylveon|Hyper Beam|p2b: Archaludon
|-damage|p2b: Archaludon|26/100
|-mustrecharge|p1a: Sylveon
|-ability|p2b: Archaludon|Stamina|boost
|-boost|p2b: Archaludon|def|1
|
|-weather|RainDance|[upkeep]
|-heal|p2b: Archaludon|32/100|[from] item: Leftovers
|upkeep
|
|t:|1782956965
|switch|p1b: Charizard|Charizard, L50, F|100/100
|turn|2
|
|t:|1782957009
|detailschange|p1b: Charizard|Charizard-Mega-Y, L50, F
|-mega|p1b: Charizard|Charizard|Charizardite Y
|-weather|SunnyDay|[from] ability: Drought|[of] p1b: Charizard
|move|p2b: Archaludon|Protect|p2b: Archaludon
|-singleturn|p2b: Archaludon|Protect
|move|p1b: Charizard|Weather Ball|p2a: Pelipper
|-resisted|p2a: Pelipper|1
|-damage|p2a: Pelipper|22/100
|move|p2a: Pelipper|Tailwind|p2a: Pelipper
|-sidestart|p2: roy kasoy|move: Tailwind
|cant|p1a: Sylveon|recharge
|
|-weather|SunnyDay|[upkeep]
|-heal|p2b: Archaludon|39/100|[from] item: Leftovers
|upkeep
|turn|3
|
|t:|1782957056
|switch|p2a: Farigiraf|Farigiraf, L50, M|100/100
|move|p2b: Archaludon|Flash Cannon|p1a: Sylveon
|-supereffective|p1a: Sylveon|1
|-damage|p1a: Sylveon|45/100
|move|p1b: Charizard|Weather Ball|p2b: Archaludon
|-damage|p2b: Archaludon|0 fnt
|faint|p2b: Archaludon
|move|p1a: Sylveon|Hyper Beam|p2a: Farigiraf
|-damage|p2a: Farigiraf|32/100
|-mustrecharge|p1a: Sylveon
|-enditem|p2a: Farigiraf|Sitrus Berry|[eat]
|-heal|p2a: Farigiraf|57/100|[from] item: Sitrus Berry
|
|-weather|SunnyDay|[upkeep]
|upkeep
|
|t:|1782957070
|switch|p2b: Swampert|Swampert, L50, M|100/100
|turn|4
|
|t:|1782957099
|switch|p1b: Kingambit|Kingambit, L50, F|100/100
|detailschange|p2b: Swampert|Swampert-Mega, L50, M
|-mega|p2b: Swampert|Swampert|Swampertite
|move|p2b: Swampert|Wave Crash|p1a: Sylveon
|-damage|p1a: Sylveon|1/100
|-damage|p2b: Swampert|83/100|[from] Recoil
|move|p2a: Farigiraf|Rain Dance|p2a: Farigiraf
|-weather|RainDance
|cant|p1a: Sylveon|recharge
|
|-weather|RainDance|[upkeep]
|upkeep
|turn|5
|
|t:|1782957154
|move|p2b: Swampert|Protect|p2b: Swampert
|-singleturn|p2b: Swampert|Protect
|move|p1a: Sylveon|Protect|p1a: Sylveon
|-singleturn|p1a: Sylveon|Protect
|move|p2a: Farigiraf|Psychic|p1a: Sylveon
|-activate|p1a: Sylveon|move: Protect
|move|p1b: Kingambit|Kowtow Cleave|p2a: Farigiraf
|-supereffective|p2a: Farigiraf|1
|-damage|p2a: Farigiraf|0 fnt
|faint|p2a: Farigiraf
|
|-weather|RainDance|[upkeep]
|-sideend|p2: roy kasoy|move: Tailwind
|upkeep
|
|t:|1782957166
|switch|p2a: Pelipper|Pelipper, L50, F|22/100
|turn|6
|
|t:|1782957200
|move|p1a: Sylveon|Quick Attack|p2a: Pelipper
|-damage|p2a: Pelipper|7/100
|move|p2b: Swampert|High Horsepower|p1b: Kingambit
|-supereffective|p1b: Kingambit|1
|-damage|p1b: Kingambit|9/100
|move|p2a: Pelipper|Weather Ball|p1b: Kingambit
|-crit|p1b: Kingambit
|-damage|p1b: Kingambit|0 fnt
|faint|p1b: Kingambit
|-damage|p2a: Pelipper|0 fnt|[from] item: Life Orb
|faint|p2a: Pelipper
|
|-weather|RainDance|[upkeep]
|upkeep
|
|t:|1782957209
|switch|p1b: Charizard|Charizard-Mega-Y, L50, F|100/100
|-weather|SunnyDay|[from] ability: Drought|[of] p1b: Charizard
|turn|7
|
|t:|1782957217
|move|p1b: Charizard|Solar Beam||[still]
|-prepare|p1b: Charizard|Solar Beam
|-anim|p1b: Charizard|Solar Beam|p2b: Swampert
|-supereffective|p2b: Swampert|2
|-damage|p2b: Swampert|0 fnt
|faint|p2b: Swampert
|
|win|joscake
||joscake is ready for game 3.
||roy kasoy is ready for game 3.
|uhtml|next|Next: Game 3 of 3
|l| Angello7796
|l|☆joscake
|player|p1|
