|j|☆daarpavgc
|j|‽Moitamo
|html|daarpavgcMoitamo    
|uhtml|bestof|Game 1 of a best-of-3
|t:|1757666387
|gametype|doubles
|player|p1|daarpavgc|266|1125
|player|p2|Moitamo|102|1142
|gen|9
|tier|[Gen 9] VGC 2025 Reg H (Bo3)
|rated|
|rule|Species Clause: Limit one of each Pokémon
|rule|Item Clause: Limit 1 of each item
|clearpoke
|poke|p1|Malamar, L50, M|
|poke|p1|Dondozo, L50, M|
|poke|p1|Glimmora, L50, F|
|poke|p1|Incineroar, L50, M|
|poke|p1|Arboliva, L50, F|
|poke|p1|Dragonite, L50, M|
|poke|p2|Incineroar, L50, M|
|poke|p2|Amoonguss, L50, M|
|poke|p2|Basculegion, L50, M|
|poke|p2|Flamigo, L50, M|
|poke|p2|Garchomp, L50, M|
|poke|p2|Ninetales-Alola, L50, M|
|teampreview|4
|showteam|p1|Malamar||SitrusBerry|Contrary|Superpower,Protect,KnockOff,Taunt|||M|||50|,,,,,Fighting]Dondozo||Leftovers|Unaware|Curse,WaveCrash,Earthquake,Protect|||M|||50|,,,,,Grass]Glimmora||FocusSash|ToxicDebris|SpikyShield,MortalSpin,EarthPower,SludgeBomb|||F|||50|,,,,,Flying]Incineroar||AssaultVest|Intimidate|Uturn,Facade,FlareBlitz,KnockOff|||M|||50|,,,,,Ghost]Arboliva||LifeOrb|SeedSower|GigaDrain,HyperVoice,EarthPower,Protect|||F|||50|,,,,,Fairy]Dragonite||LoadedDice|Multiscale|Tailwind,ScaleShot,ExtremeSpeed,Haze|||M|||50|,,,,,Fairy
|showteam|p2|Incineroar||SafetyGoggles|Intimidate|FakeOut,PartingShot,KnockOff,Taunt|||M|||50|,,,,,Grass]Amoonguss||CovertCloak|Regenerator|Spore,RagePowder,Protect,SludgeBomb|||M|||50|,,,,,Fire]Basculegion||ChoiceScarf|Adaptability|WaveCrash,FlipTurn,TeraBlast,LastRespects|||M|||50|,,,,,Fairy]Flamigo||LifeOrb|Scrappy|BraveBird,Detect,Tailwind,CloseCombat|||M|||50|,,,,,Stellar]Garchomp||ClearAmulet|RoughSkin|Earthquake,StompingTantrum,DragonClaw,Protect|||M|||50|,,,,,Water]Ninetales-Alola||LightClay|SnowWarning|Blizzard,Moonblast,Protect,AuroraVeil|||M|||50|,,,,,Ghost
|inactive|Battle timer is ON: inactive players will automatically lose when time's up. (requested by Moitamo)
|
|t:|1757666446
|teamsize|p1|4
|teamsize|p2|4
|start
|switch|p1a: Malamar|Malamar, L50, M, shiny|100/100
|switch|p1b: Glimmora|Glimmora, L50, F, shiny|100/100
|switch|p2a: Amoonguss|Amoonguss, L50, M|100/100
|switch|p2b: Ninetales|Ninetales-Alola, L50, M|100/100
|-weather|Snowscape|[from] ability: Snow Warning|[of] p2b: Ninetales
|turn|1
|inactive|daarpavgc has 30 seconds left.
|inactive|daarpavgc has 20 seconds left.
|
|t:|1757666485
|switch|p1a: Incineroar|Incineroar, L50, M|100/100
|-ability|p1a: Incineroar|Intimidate|boost
|-unboost|p2a: Amoonguss|atk|1
|-unboost|p2b: Ninetales|atk|1
|switch|p2a: Garchomp|Garchomp, L50, M|100/100
|move|p1b: Glimmora|Spiky Shield|p1b: Glimmora
|-singleturn|p1b: Glimmora|move: Protect
|move|p2b: Ninetales|Moonblast|p1a: Incineroar
|-damage|p1a: Incineroar|87/100
|
|-weather|Snowscape|[upkeep]
|upkeep
|turn|2
|inactive|daarpavgc has 30 seconds left.
|inactive|daarpavgc has 20 seconds left.
|inactive|daarpavgc has 15 seconds left.
|
|t:|1757666525
|switch|p1a: Arboliva|Arboliva, L50, F, shiny|100/100
|move|p2b: Ninetales|Protect|p2b: Ninetales
|-singleturn|p2b: Ninetales|Protect
|move|p2a: Garchomp|Protect|p2a: Garchomp
|-singleturn|p2a: Garchomp|Protect
|move|p1b: Glimmora|Mortal Spin|p2b: Ninetales|[spread] 
|-activate|p2a: Garchomp|move: Protect
|-activate|p2b: Ninetales|move: Protect
|
|-weather|Snowscape|[upkeep]
|upkeep
|turn|3
|inactive|daarpavgc has 30 seconds left.
|
|t:|1757666556
|switch|p1b: Malamar|Malamar, L50, M, shiny|100/100
|-terastallize|p1a: Arboliva|Fairy
|move|p2b: Ninetales|Blizzard|p1a: Arboliva|[spread] p1a,p1b
|-damage|p1a: Arboliva|79/100
|-damage|p1b: Malamar|74/100
|-fieldstart|move: Grassy Terrain|[from] ability: Seed Sower|[of] p1a: Arboliva
|move|p2a: Garchomp|Stomping Tantrum|p1b: Malamar
|-damage|p1b: Malamar|34/100
|-enditem|p1b: Malamar|Sitrus Berry|[eat]
|-heal|p1b: Malamar|59/100|[from] item: Sitrus Berry
|move|p1a: Arboliva|Hyper Voice|p2b: Ninetales|[spread] p2a,p2b
|-damage|p2a: Garchomp|60/100
|-damage|p2b: Ninetales|51/100
|-damage|p1a: Arboliva|70/100|[from] item: Life Orb
|
|-weather|Snowscape|[upkeep]
|-heal|p2b: Ninetales|57/100|[from] Grassy Terrain
|-heal|p2a: Garchomp|66/100|[from] Grassy Terrain
|-heal|p1b: Malamar|65/100|[from] Grassy Terrain
|-heal|p1a: Arboliva|76/100|[from] Grassy Terrain
|upkeep
|turn|4
|inactive|daarpavgc has 30 seconds left.
|
|t:|1757666585
|switch|p2a: Amoonguss|Amoonguss, L50, M|100/100
|move|p2b: Ninetales|Moonblast|p1b: Malamar
|-supereffective|p1b: Malamar
|-damage|p1b: Malamar|8/100
|move|p1b: Malamar|Superpower|p2a: Amoonguss
|-resisted|p2a: Amoonguss
|-damage|p2a: Amoonguss|85/100
|-boost|p1b: Malamar|atk|1
|-boost|p1b: Malamar|def|1
|move|p1a: Arboliva|Hyper Voice|p2a: Amoonguss|[spread] p2a,p2b
|-damage|p2a: Amoonguss|47/100
|-damage|p2b: Ninetales|5/100
|-damage|p1a: Arboliva|66/100|[from] item: Life Orb
|
|-weather|Snowscape|[upkeep]
|-heal|p2b: Ninetales|10/100|[from] Grassy Terrain
|-heal|p1b: Malamar|14/100|[from] Grassy Terrain
|-heal|p1a: Arboliva|72/100|[from] Grassy Terrain
|-heal|p2a: Amoonguss|53/100|[from] Grassy Terrain
|upkeep
|turn|5
|
|t:|1757666606
|move|p1b: Malamar|Protect|p1b: Malamar
|-singleturn|p1b: Malamar|Protect
|move|p2b: Ninetales|Blizzard|p1a: Arboliva|[spread] p1a
|-activate|p1b: Malamar|move: Protect
|-damage|p1a: Arboliva|49/100
|move|p1a: Arboliva|Hyper Voice|p2b: Ninetales|[spread] p2a,p2b
|-damage|p2a: Amoonguss|14/100
|-damage|p2b: Ninetales|0 fnt
|faint|p2b: Ninetales
|-damage|p1a: Arboliva|39/100|[from] item: Life Orb
|move|p2a: Amoonguss|Sludge Bomb|p1a: Arboliva
|-supereffective|p1a: Arboliva
|-damage|p1a: Arboliva|0 fnt
|faint|p1a: Arboliva
|
|-weather|none
|-heal|p1b: Malamar|21/100|[from] Grassy Terrain
|-heal|p2a: Amoonguss|20/100|[from] Grassy Terrain
|upkeep
|
|t:|1757666625
|switch|p2b: Garchomp|Garchomp, L50, M|66/100
|switch|p1a: Glimmora|Glimmora, L50, F, shiny|100/100
|turn|6
|inactive|daarpavgc has 30 seconds left.
|
|t:|1757666658
|switch|p2a: Flamigo|Flamigo, L50, M|100/100
|move|p2b: Garchomp|Protect|p2b: Garchomp
|-singleturn|p2b: Garchomp|Protect
|move|p1a: Glimmora|Mortal Spin|p2b: Garchomp|[spread] p2a
|-activate|p2b: Garchomp|move: Protect
|-damage|p2a: Flamigo|93/100
|-status|p2a: Flamigo|psn
|move|p1b: Malamar|Knock Off|p2a: Flamigo
|-resisted|p2a: Flamigo
|-damage|p2a: Flamigo|49/100 psn
|-enditem|p2a: Flamigo|Life Orb|[from] move: Knock Off|[of] p1b: Malamar
|
|-heal|p2b: Garchomp|72/100|[from] Grassy Terrain
|-heal|p1b: Malamar|27/100|[from] Grassy Terrain
|-damage|p2a: Flamigo|37/100 psn|[from] psn
|upkeep
|turn|7
|
|t:|1757666679
|switch|p1a: Incineroar|Incineroar, L50, M|87/100
|-ability|p1a: Incineroar|Intimidate|boost
|-fail|p2a: Flamigo|unboost|Attack|[from] ability: Scrappy|[of] p2a: Flamigo
|-fail|p2b: Garchomp|unboost|[from] item: Clear Amulet|[of] p2b: Garchomp
|move|p1b: Malamar|Protect|p1b: Malamar
|-singleturn|p1b: Malamar|Protect
|move|p2a: Flamigo|Close Combat|p1b: Malamar
|-activate|p1b: Malamar|move: Protect
|move|p2b: Garchomp|Stomping Tantrum|p1a: Incineroar
|-supereffective|p1a: Incineroar
|-damage|p1a: Incineroar|12/100
|
|-heal|p2b: Garchomp|77/100|[from] Grassy Terrain
|-heal|p1b: Malamar|33/100|[from] Grassy Terrain
|-heal|p1a: Incineroar|18/100|[from] Grassy Terrain
|-damage|p2a: Flamigo|25/100 psn|[from] psn
|-fieldend|move: Grassy Terrain
|upkeep
|turn|8
|
|t:|1757666696
|move|p2a: Flamigo|Close Combat|p1b: Malamar
|-damage|p1b: Malamar|0 fnt
|-unboost|p2a: Flamigo|def|1
|-unboost|p2a: Flamigo|spd|1
|faint|p1b: Malamar
|move|p2b: Garchomp|Earthquake|p1a: Incineroar|[spread] p1a
|-immune|p2a: Flamigo
|-supereffective|p1a: Incineroar
|-damage|p1a: Incineroar|0 fnt
|faint|p1a: Incineroar
|
|-damage|p2a: Flamigo|13/100 psn|[from] psn
|upkeep
|
|t:|1757666700
|switch|p1b: Glimmora|Glimmora, L50, F, shiny|100/100
|turn|9
|
|t:|1757666705
|move|p2a: Flamigo|Tailwind|p2a: Flamigo
|-sidestart|p2: Moitamo|move: Tailwind
|move|p2b: Garchomp|Earthquake|p1b: Glimmora|[spread] p1b
|-immune|p2a: Flamigo
|-supereffective|p1b: Glimmora
|-enditem|p1b: Glimmora|Focus Sash
|-damage|p1b: Glimmora|1/100
|-activate|p1b: Glimmora|ability: Toxic Debris
|-sidestart|p2: Moitamo|move: Toxic Spikes
|move|p1b: Glimmora|Sludge Bomb|p2b: Garchomp
|-resisted|p2b: Garchomp
|-damage|p2b: Garchomp|54/100
|-status|p2b: Garchomp|psn
|
|-damage|p2a: Flamigo|0 fnt|[from] psn
|faint|p2a: Flamigo
|-damage|p2b: Garchomp|42/100 psn|[from] psn
|upkeep
|
|t:|1757666707
|switch|p2a: Amoonguss|Amoonguss, L50, M|53/100
|-sideend|p2: Moitamo|move: Toxic Spikes|[of] p2a: Amoonguss
|turn|10
|
|t:|1757666725
|move|p2b: Garchomp|Protect|p2b: Garchomp
|-singleturn|p2b: Garchomp|Protect
|move|p1b: Glimmora|Sludge Bomb|p2a: Amoonguss
|-crit|p2a: Amoonguss
|-damage|p2a: Amoonguss|0 fnt
|faint|p2a: Amoonguss
|
|-damage|p2b: Garchomp|29/100 psn|[from] psn
|upkeep
|turn|11
|c|☆daarpavgc|Facade incineroar xd
|
|t:|1757666743
|move|p1b: Glimmora|Spiky Shield|p1b: Glimmora
|-singleturn|p1b: Glimmora|move: Protect
|move|p2b: Garchomp|Earthquake|p1b: Glimmora
|-activate|p1b: Glimmora|move: Protect
|
|-damage|p2b: Garchomp|17/100 psn|[from] psn
|upkeep
|turn|12
|
|t:|1757666753
|move|p1b: Glimmora|Spiky Shield||[still]
|-fail|p1b: Glimmora
|move|p2b: Garchomp|Earthquake|p1b: Glimmora
|-supereffective|p1b: Glimmora
|-damage|p1b: Glimmora|0 fnt
|-activate|p1b: Glimmora|ability: Toxic Debris
|-sidestart|p2: Moitamo|move: Toxic Spikes
|faint|p1b: Glimmora
|
|win|Moitamo
||Moitamo is ready for game 2.
|inactive|daarpavgc has 30 seconds to confirm battle start!
|l|☆daarpavgc
|player|p1|
||daarpavgc is ready for game 2.
|uhtml|next|Next: Game 2 of 3
|l|‽Moitamo
|player|p2|
