|j|☆JonnyNerd
|j|☆twittle twister
|html|JonnyNerdtwittle twister    
|uhtml|bestof|Game 2 of a best-of-3
|t:|1756768825
|gametype|doubles
|player|p1|JonnyNerd|falkner|
|player|p2|twittle twister|2|
|gen|9
|tier|[Gen 9] VGC 2025 Reg H (Bo3)
|rule|Species Clause: Limit one of each Pokémon
|rule|Item Clause: Limit 1 of each item
|clearpoke
|poke|p1|Torkoal, L50, M|
|poke|p1|Mimikyu, L50, M|
|poke|p1|Ursaluna, L50, M|
|poke|p1|Gallade, L50, M|
|poke|p1|Lilligant-Hisui, L50, F|
|poke|p1|Incineroar, L50, M|
|poke|p2|Electabuzz, L50, F|
|poke|p2|Ursaluna-Bloodmoon, L50, M|
|poke|p2|Arcanine-Hisui, L50, F|
|poke|p2|Tyranitar, L50, M|
|poke|p2|Sneasler, L50, M|
|poke|p2|Indeedee, L50, M|
|teampreview|4
|showteam|p1|Torkoal||ChoiceSpecs|Drought|Flamethrower,Eruption,EarthPower,WeatherBall|||M|||50|,,,,,Fire]Mimikyu||MentalHerb|Disguise|Protect,TrickRoom,ShadowSneak,Curse|||M|||50|,,,,,Grass]Ursaluna||FlameOrb|Guts|Facade,HeadlongRush,Protect,Substitute|||M|||50|,,,,,Ghost]Gallade||ClearAmulet|Sharpness|TrickRoom,Protect,SacredSword,PsychoCut|||M|||50|,,,,,Grass]Lilligant-Hisui||FocusSash|Chlorophyll|Protect,SleepPowder,AfterYou,CloseCombat|||F|||50|,,,,,Ghost]Incineroar||RockyHelmet|Intimidate|FakeOut,FlareBlitz,KnockOff,Uturn|||M|||50|,,,,,Water
|showteam|p2|Electabuzz||Eviolite|VitalSpirit|Electroweb,FollowMe,Taunt,Thunderbolt|||F|||50|,,,,,Electric]Ursaluna-Bloodmoon||ThroatSpray|MindsEye|HyperVoice,BloodMoon,Protect,EarthPower|||M|||50|,,,,,Ghost]Arcanine-Hisui||ClearAmulet|Intimidate|RockSlide,WildCharge,FlareBlitz,Protect|||F|||50|,,,,,Water]Tyranitar||AssaultVest|SandStream|RockSlide,TeraBlast,KnockOff,HighHorsepower|||M|||50|,,,,,Flying]Sneasler||PsychicSeed|Unburden|DireClaw,CloseCombat,Protect,Acrobatics|||M|||50|,,,,,Flying]Indeedee||FocusSash|PsychicSurge|DazzlingGleam,ExpandingForce,Psychic,TrickRoom|||M|||50|,,,,,Dark
|
|t:|1756768888
|teamsize|p1|4
|teamsize|p2|4
|start
|switch|p1a: Lilligant|Lilligant-Hisui, L50, F, shiny|100/100
|switch|p1b: Torkoal|Torkoal, L50, M|100/100
|switch|p2a: Indeedee|Indeedee, L50, M|100/100
|switch|p2b: Sneasler|Sneasler, L50, M|100/100
|-fieldstart|move: Psychic Terrain|[from] ability: Psychic Surge|[of] p2a: Indeedee
|-enditem|p2b: Sneasler|Psychic Seed
|-boost|p2b: Sneasler|spd|1|[from] item: Psychic Seed
|-weather|SunnyDay|[from] ability: Drought|[of] p1b: Torkoal
|turn|1
|
|t:|1756768924
|move|p2b: Sneasler|Protect|p2b: Sneasler
|-singleturn|p2b: Sneasler|Protect
|move|p1a: Lilligant|Sleep Powder|p2a: Indeedee
|-status|p2a: Indeedee|slp|[from] move: Sleep Powder
|cant|p2a: Indeedee|slp
|move|p1b: Torkoal|Eruption|p2a: Indeedee|[spread] p2a
|-activate|p2b: Sneasler|move: Protect
|-enditem|p2a: Indeedee|Focus Sash
|-damage|p2a: Indeedee|1/100 slp
|
|-weather|SunnyDay|[upkeep]
|upkeep
|turn|2
|c|☆twittle twister|lol i figured you were about to change up on me the game i dont bring ttar
|
|t:|1756768974
|switch|p1a: Pikaboo|Mimikyu, L50, M, shiny|100/100
|switch|p2b: Arcanine|Arcanine-Hisui, L50, F|100/100
|-ability|p2b: Arcanine|Intimidate|boost
|-unboost|p1a: Pikaboo|atk|1
|-unboost|p1b: Torkoal|atk|1
|cant|p2a: Indeedee|slp
|move|p1b: Torkoal|Eruption|p2b: Arcanine|[spread] p2a,p2b
|-resisted|p2b: Arcanine
|-damage|p2a: Indeedee|0 fnt
|-damage|p2b: Arcanine|71/100
|faint|p2a: Indeedee
|
|-weather|SunnyDay|[upkeep]
|upkeep
|
|t:|1756768988
|switch|p2a: Ursaluna|Ursaluna-Bloodmoon, L50, M|100/100
|turn|3
|
|t:|1756768997
|-terastallize|p2b: Arcanine|Water
|move|p2b: Arcanine|Rock Slide|p1b: Torkoal|[spread] p1a,p1b
|-supereffective|p1b: Torkoal
|-activate|p1a: Pikaboo|ability: Disguise
|-damage|p1a: Pikaboo|100/100
|-damage|p1b: Torkoal|60/100
|detailschange|p1a: Pikaboo|Mimikyu-Busted, L50, M, shiny
|-damage|p1a: Pikaboo|89/100|[from] pokemon: Mimikyu-Busted
|move|p2a: Ursaluna|Hyper Voice|p1b: Torkoal|[spread] p1a,p1b
|-damage|p1a: Pikaboo|53/100
|-damage|p1b: Torkoal|9/100
|-enditem|p2a: Ursaluna|Throat Spray
|-boost|p2a: Ursaluna|spa|1|[from] item: Throat Spray
|move|p1b: Torkoal|Eruption|p2a: Ursaluna|[spread] p2a,p2b
|-resisted|p2b: Arcanine
|-damage|p2a: Ursaluna|92/100
|-damage|p2b: Arcanine|66/100
|move|p1a: Pikaboo|Trick Room|p1a: Pikaboo
|-fieldstart|move: Trick Room|[of] p1a: Pikaboo
|
|-weather|SunnyDay|[upkeep]
|upkeep
|turn|4
|
|t:|1756769019
|switch|p1a: Ursaluna|Ursaluna, L50, M|100/100
|move|p1b: Torkoal|Eruption|p2b: Arcanine|[spread] p2a,p2b
|-resisted|p2b: Arcanine
|-damage|p2a: Ursaluna|82/100
|-damage|p2b: Arcanine|61/100
|move|p2a: Ursaluna|Hyper Voice|p1a: Ursaluna|[spread] p1a,p1b
|-damage|p1a: Ursaluna|50/100
|-damage|p1b: Torkoal|0 fnt
|faint|p1b: Torkoal
|move|p2b: Arcanine|Rock Slide|p1a: Ursaluna
|-resisted|p1a: Ursaluna
|-damage|p1a: Ursaluna|35/100
|
|-weather|SunnyDay|[upkeep]
|-status|p1a: Ursaluna|brn|[from] item: Flame Orb
|upkeep
|
|t:|1756769029
|switch|p1b: Lilligant|Lilligant-Hisui, L50, F, shiny|100/100
|turn|5
|
|t:|1756769051
|move|p1a: Ursaluna|Facade|p2a: Ursaluna
|-damage|p2a: Ursaluna|0 fnt
|faint|p2a: Ursaluna
|move|p2b: Arcanine|Rock Slide|p1a: Ursaluna|[spread] p1a,p1b
|-resisted|p1a: Ursaluna
|-resisted|p1b: Lilligant
|-damage|p1a: Ursaluna|23/100 brn
|-damage|p1b: Lilligant|79/100
|move|p1b: Lilligant|Sleep Powder|p2b: Arcanine
|-status|p2b: Arcanine|slp|[from] move: Sleep Powder
|
|-weather|none
|-damage|p1a: Ursaluna|17/100 brn|[from] brn
|-fieldend|move: Psychic Terrain
|upkeep
|
|t:|1756769060
|switch|p2a: Sneasler|Sneasler, L50, M|100/100
|turn|6
|
|t:|1756769086
|-terastallize|p1a: Ursaluna|Ghost
|move|p1a: Ursaluna|Facade|p2b: Arcanine
|-damage|p2b: Arcanine|0 fnt
|faint|p2b: Arcanine
|move|p1b: Lilligant|Sleep Powder|p2a: Sneasler
|-status|p2a: Sneasler|slp|[from] move: Sleep Powder
|cant|p2a: Sneasler|slp
|
|-damage|p1a: Ursaluna|11/100 brn|[from] brn
|upkeep
|turn|7
|
|t:|1756769097
|-curestatus|p2a: Sneasler|slp|[msg]
|move|p2a: Sneasler|Protect|p2a: Sneasler
|-singleturn|p2a: Sneasler|Protect
|move|p1a: Ursaluna|Facade|p2a: Sneasler
|-activate|p2a: Sneasler|move: Protect
|move|p1b: Lilligant|Close Combat|p2a: Sneasler
|-activate|p2a: Sneasler|move: Protect
|
|-damage|p1a: Ursaluna|4/100 brn|[from] brn
|-fieldend|move: Trick Room
|upkeep
|turn|8
|
|t:|1756769124
|switch|p1a: Pikaboo|Mimikyu-Busted, L50, M, shiny|53/100
|move|p1b: Lilligant|Sleep Powder|p2a: Sneasler|[miss]
|-miss|p1b: Lilligant|p2a: Sneasler
|move|p2a: Sneasler|Acrobatics|p1b: Lilligant
|-supereffective|p1b: Lilligant
|-damage|p1b: Lilligant|0 fnt
|faint|p1b: Lilligant
|
|upkeep
|
|t:|1756769133
|switch|p1b: Ursaluna|Ursaluna, L50, M, tera:Ghost|4/100 brn
|turn|9
|
|t:|1756769136
|move|p2a: Sneasler|Protect|p2a: Sneasler
|-singleturn|p2a: Sneasler|Protect
|move|p1b: Ursaluna|Protect|p1b: Ursaluna
|-singleturn|p1b: Ursaluna|Protect
|move|p1a: Pikaboo|Trick Room|p1a: Pikaboo
|-fieldstart|move: Trick Room|[of] p1a: Pikaboo
|
|-damage|p1b: Ursaluna|0 fnt|[from] brn
|faint|p1b: Ursaluna
|upkeep
|turn|10
|c|☆twittle twister|you should of stayed in
|
|t:|1756769155
|move|p1a: Pikaboo|Shadow Sneak|p2a: Sneasler
|-damage|p2a: Sneasler|79/100
|move|p2a: Sneasler|Dire Claw|p1a: Pikaboo
|-damage|p1a: Pikaboo|0 fnt
|faint|p1a: Pikaboo
|
|win|twittle twister
|l|☆JonnyNerd
|player|p1|
