|j|☆JXD500
|j|☆MuseigenTest
|html|JXD500MuseigenTest    
|uhtml|bestof|Game 1 of a best-of-3
|t:|1756340523
|gametype|doubles
|player|p1|JXD500|102|1030
|player|p2|MuseigenTest|1|1122
|gen|9
|tier|[Gen 9] VGC 2025 Reg H (Bo3)
|rated|
|rule|Species Clause: Limit one of each Pokémon
|rule|Item Clause: Limit 1 of each item
|clearpoke
|poke|p1|Politoed, L50, M|
|poke|p1|Kingdra, L50, F|
|poke|p1|Annihilape, L50, F|
|poke|p1|Bisharp, L50, F|
|poke|p1|Sneasler, L50, M|
|poke|p1|Amoonguss, L50, F|
|poke|p2|Sneasler, L50, M|
|poke|p2|Indeedee, L50, M|
|poke|p2|Volcarona, L50, F|
|poke|p2|Ursaluna-Bloodmoon, L50, M|
|poke|p2|Annihilape, L50, M|
|poke|p2|Tyranitar, L50, M|
|teampreview|4
|showteam|p1|Politoed||DampRock|Drizzle|IcyWind,Encore,HelpingHand,Protect|||M|||50|,,,,,Ice]Kingdra||ChoiceSpecs|SwiftSwim|DracoMeteor,WeatherBall,IceBeam,Hurricane|||F|||50|,,,,,Water]Annihilape||LifeOrb|Defiant|FinalGambit,ShadowClaw,BulkUp,DrainPunch|||F|||50|,,,,,Fighting]Bisharp||Eviolite|Defiant|Assurance,IronHead,SuckerPunch,XScissor|||F|||50|,,,,,Steel]Sneasler||AssaultVest|PoisonTouch|FakeOut,DireClaw,CloseCombat,Uturn|||M|||50|,,,,,Ghost]Amoonguss||RockyHelmet|Regenerator|Spore,PollenPuff,RagePowder,Protect|||F|||50|,,,,,Water
|showteam|p2|Sneasler||PsychicSeed|Unburden|CloseCombat,DireClaw,ThroatChop,Protect|||M|||50|,,,,,Dark]Indeedee||ChoiceScarf|PsychicSurge|ExpandingForce,TeraBlast,Trick,Protect|||M|||50|,,,,,Psychic]Volcarona||SitrusBerry|FlameBody|Overheat,StruggleBug,RagePowder,Tailwind|||F|||50|,,,,,Grass]Ursaluna-Bloodmoon||LifeOrb|MindsEye|BloodMoon,HyperVoice,EarthPower,Protect|||M|||50|,,,,,Normal]Annihilape||SafetyGoggles|Defiant|CloseCombat,RageFist,Taunt,FinalGambit|||M|||50|,,,,,Fairy]Tyranitar||AssaultVest|SandStream|RockSlide,KnockOff,TeraBlast,LowKick|||M|||50|,,,,,Flying
|c|☆MuseigenTest|gl
|inactive|Battle timer is ON: inactive players will automatically lose when time's up. (requested by JXD500)
|inactive|MuseigenTest has 60 seconds left.
|inactive|MuseigenTest has 30 seconds left.
|
|t:|1756340641
|teamsize|p1|4
|teamsize|p2|4
|start
|switch|p1a: Politoed|Politoed, L50, M|100/100
|switch|p1b: Kingdra|Kingdra, L50, F|100/100
|switch|p2a: Volcarona|Volcarona, L50, F|100/100
|switch|p2b: Tyranitar|Tyranitar, L50, M|100/100
|-weather|RainDance|[from] ability: Drizzle|[of] p1a: Politoed
|-weather|Sandstorm|[from] ability: Sand Stream|[of] p2b: Tyranitar
|turn|1
|inactive|JXD500 has 30 seconds left.
|inactive|MuseigenTest has 30 seconds left.
|inactive|JXD500 has 20 seconds left.
|inactive|MuseigenTest has 20 seconds left.
|inactive|JXD500 has 15 seconds left.
|inactive|MuseigenTest has 15 seconds left.
|inactive|MuseigenTest has 10 seconds left.
|
|t:|1756340690
|switch|p1a: Sneasler|Sneasler, L50, M|100/100
|-terastallize|p2a: Volcarona|Grass
|move|p2a: Volcarona|Tailwind|p2a: Volcarona
|-sidestart|p2: MuseigenTest|move: Tailwind
|move|p2b: Tyranitar|Knock Off|p1b: Kingdra
|-damage|p1b: Kingdra|29/100
|-enditem|p1b: Kingdra|Choice Specs|[from] move: Knock Off|[of] p2b: Tyranitar
|move|p1b: Kingdra|Weather Ball|p2a: Volcarona
|-damage|p2a: Volcarona|72/100
|
|-weather|Sandstorm|[upkeep]
|-damage|p2a: Volcarona|65/100|[from] Sandstorm
|-damage|p1a: Sneasler|94/100|[from] Sandstorm
|-damage|p1b: Kingdra|23/100|[from] Sandstorm
|upkeep
|turn|2
|inactive|JXD500 has 30 seconds left.
|inactive|MuseigenTest has 30 seconds left.
|inactive|JXD500 has 20 seconds left.
|inactive|MuseigenTest has 20 seconds left.
|inactive|MuseigenTest has 15 seconds left.
|inactive|MuseigenTest has 10 seconds left.
|
|t:|1756340737
|switch|p2b: Sneasler|Sneasler, L50, M|100/100
|switch|p1b: Politoed|Politoed, L50, M|100/100
|-weather|RainDance|[from] ability: Drizzle|[of] p1b: Politoed
|move|p2a: Volcarona|Struggle Bug|p1b: Politoed|[spread] p1a,p1b
|-resisted|p1a: Sneasler
|-damage|p1a: Sneasler|91/100
|-damage|p1b: Politoed|86/100
|-unboost|p1a: Sneasler|spa|1
|-unboost|p1b: Politoed|spa|1
|move|p1a: Sneasler|Dire Claw|p2a: Volcarona
|-supereffective|p2a: Volcarona
|-damage|p2a: Volcarona|0 fnt
|faint|p2a: Volcarona
|
|-weather|RainDance|[upkeep]
|upkeep
|inactive|MuseigenTest has 30 seconds left.
|
|t:|1756340763
|switch|p2a: Tyranitar|Tyranitar, L50, M|100/100
|-weather|Sandstorm|[from] ability: Sand Stream|[of] p2a: Tyranitar
|turn|3
|
|t:|1756340788
|switch|p1a: Annihilape|Annihilape, L50, F|100/100
|move|p1b: Politoed|Protect|p1b: Politoed
|-singleturn|p1b: Politoed|Protect
|move|p2b: Sneasler|Dire Claw|p1a: Annihilape
|-resisted|p1a: Annihilape
|-damage|p1a: Annihilape|77/100
|move|p2a: Tyranitar|Knock Off|p1b: Politoed
|-activate|p1b: Politoed|move: Protect
|
|-weather|Sandstorm|[upkeep]
|-damage|p2b: Sneasler|95/100|[from] Sandstorm
|-damage|p1a: Annihilape|71/100|[from] Sandstorm
|-damage|p1b: Politoed|80/100|[from] Sandstorm
|upkeep
|turn|4
|inactive|MuseigenTest has 30 seconds left.
|
|t:|1756340816
|switch|p1b: Sneasler|Sneasler, L50, M|91/100
|move|p2b: Sneasler|Throat Chop|p1a: Annihilape
|-damage|p1a: Annihilape|43/100
|-start|p1a: Annihilape|Throat Chop|[silent]
|move|p2a: Tyranitar|Knock Off|p1a: Annihilape
|-damage|p1a: Annihilape|0 fnt
|-enditem|p1a: Annihilape|Life Orb|[from] move: Knock Off|[of] p2a: Tyranitar
|faint|p1a: Annihilape
|
|-weather|Sandstorm|[upkeep]
|-damage|p2b: Sneasler|89/100|[from] Sandstorm
|-damage|p1b: Sneasler|85/100|[from] Sandstorm
|-sideend|p2: MuseigenTest|move: Tailwind
|upkeep
|
|t:|1756340827
|switch|p1a: Politoed|Politoed, L50, M|80/100
|-weather|RainDance|[from] ability: Drizzle|[of] p1a: Politoed
|turn|5
|inactive|MuseigenTest has 30 seconds left.
|
|t:|1756340853
|switch|p1a: Kingdra|Kingdra, L50, F|23/100
|move|p1b: Sneasler|U-turn|p2a: Tyranitar
|-supereffective|p2a: Tyranitar
|-damage|p2a: Tyranitar|61/100
|-status|p2a: Tyranitar|psn|[from] ability: Poison Touch|[of] p1b: Sneasler
|
|t:|1756340859
|switch|p1b: Politoed|Politoed, L50, M|80/100|[from] U-turn
|move|p2b: Sneasler|Dire Claw|p1a: Kingdra
|-crit|p1a: Kingdra
|-damage|p1a: Kingdra|0 fnt
|faint|p1a: Kingdra
|move|p2a: Tyranitar|Knock Off|p1b: Politoed
|-damage|p1b: Politoed|29/100
|-enditem|p1b: Politoed|Damp Rock|[from] move: Knock Off|[of] p2a: Tyranitar
|
|-weather|RainDance|[upkeep]
|-damage|p2a: Tyranitar|49/100 psn|[from] psn
|upkeep
|
|t:|1756340870
|switch|p1a: Sneasler|Sneasler, L50, M|85/100
|turn|6
|
|t:|1756340886
|move|p2b: Sneasler|Protect|p2b: Sneasler
|-singleturn|p2b: Sneasler|Protect
|move|p1a: Sneasler|Fake Out|p2b: Sneasler
|-activate|p2b: Sneasler|move: Protect
|move|p1b: Politoed|Icy Wind|p2b: Sneasler|[spread] p2a
|-activate|p2b: Sneasler|move: Protect
|-damage|p2a: Tyranitar|44/100 psn
|-unboost|p2a: Tyranitar|spe|1
|move|p2a: Tyranitar|Knock Off|p1b: Politoed
|-damage|p1b: Politoed|0 fnt
|faint|p1b: Politoed
|
|-weather|RainDance|[upkeep]
|-damage|p2a: Tyranitar|32/100 psn|[from] psn
|upkeep
|turn|7
|
|t:|1756340910
|move|p1a: Sneasler|Dire Claw|p2b: Sneasler
|-resisted|p2b: Sneasler
|-damage|p2b: Sneasler|53/100
|move|p2b: Sneasler|Dire Claw|p1a: Sneasler
|-resisted|p1a: Sneasler
|-damage|p1a: Sneasler|54/100
|move|p2a: Tyranitar|Rock Slide|p1a: Sneasler
|-resisted|p1a: Sneasler
|-damage|p1a: Sneasler|24/100
|
|-weather|RainDance|[upkeep]
|-damage|p2a: Tyranitar|19/100 psn|[from] psn
|upkeep
|turn|8
|
|t:|1756340922
|move|p1a: Sneasler|Dire Claw|p2b: Sneasler
|-resisted|p2b: Sneasler
|-damage|p2b: Sneasler|20/100
|move|p2b: Sneasler|Dire Claw|p1a: Sneasler
|-resisted|p1a: Sneasler
|-damage|p1a: Sneasler|0 fnt
|faint|p1a: Sneasler
|
|win|MuseigenTest
||MuseigenTest is ready for game 2.
|inactive|JXD500 has 30 seconds to confirm battle start!
||JXD500 is ready for game 2.
|uhtml|next|Next: Game 2 of 3
|l|☆JXD500
|player|p1|
