|j|☆kyzito
|j|☆sebtct
|html|kyzitosebtct    
|uhtml|bestof|Game 3 of a best-of-3
|t:|1782339901
|gametype|doubles
|player|p1|kyzito|byron|1207
|player|p2|sebtct|101|1152
|gen|9
|tier|[Gen 9 Champions] VGC 2026 Reg M-B (Bo3)
|rated|
|rule|Species Clause: Limit one of each Pokémon
|rule|Item Clause: Limit 1 of each item
|clearpoke
|poke|p1|Swampert, L50, M|
|poke|p1|Pelipper, L50, M|
|poke|p1|Archaludon, L50, F|
|poke|p1|Scrafty, L50, F|
|poke|p1|Farigiraf, L50, F|
|poke|p1|Sylveon, L50, M|
|poke|p2|Raichu, L50, F|
|poke|p2|Basculegion, L50, M|
|poke|p2|Incineroar, L50, M|
|poke|p2|Sinistcha-Masterpiece, L50|
|poke|p2|Mawile, L50, M|
|poke|p2|Pelipper, L50, F|
|teampreview|4
|showteam|p1|Swampert||Swampertite|Torrent|Protect,WaveCrash,Liquidation,HighHorsepower|Adamant||M|||50|]Pelipper||SitrusBerry|Drizzle|WideGuard,Tailwind,WeatherBall,Hurricane|Modest||M|||50|]Archaludon||Leftovers|Stamina|Protect,ElectroShot,DragonPulse,FlashCannon|Calm||F|||50|]Scrafty||Scraftinite|Intimidate|FakeOut,DrainPunch,ThroatChop,BulkUp|Adamant||F|||50|]Farigiraf||TwistedSpoon|ArmorTail|Roar,TrickRoom,TwinBeam,Protect|Modest||F|||50|]Sylveon||LifeOrb|Pixilate|HyperVoice,HyperBeam,QuickAttack,Detect|Modest||M|||50|
|showteam|p2|Raichu||RaichuniteY|LightningRod|ZapCannon,VoltSwitch,FocusBlast,Protect|Timid||F|||50|]Basculegion||ChoiceScarf|Adaptability|AquaJet,WaveCrash,LastRespects,FlipTurn|Jolly||M|||50|]Incineroar||SitrusBerry|Intimidate|FakeOut,FlareBlitz,DarkestLariat,PartingShot|Adamant||M|||50|]Sinistcha-Masterpiece||OccaBerry|Hospitality|MatchaGotcha,RagePowder,ShadowBall,TrickRoom|Sassy|||||50|]Mawile||Mawilite|Intimidate|IronHead,PlayRough,SuckerPunch,Protect|Brave||M|||50|]Pelipper||FocusSash|Drizzle|WeatherBall,Hurricane,Tailwind,Protect|Timid||F|||50|
|inactive|Battle timer is ON: inactive players will automatically lose when time's up. (requested by kyzito)
|inactive|kyzito has 30 seconds left.
|inactive|sebtct has 60 seconds left.
|inactive|kyzito has 20 seconds left.
|inactive|kyzito has 15 seconds left.
|inactive|kyzito has 10 seconds left.
|
|t:|1782339964
|teamsize|p1|4
|teamsize|p2|4
|start
|switch|p1a: Scrafty|Scrafty, L50, F|100/100
|switch|p1b: Farigiraf|Farigiraf, L50, F|100/100
|switch|p2a: Sinistcha|Sinistcha-Masterpiece, L50|100/100
|switch|p2b: Raichu|Raichu, L50, F|100/100
|-ability|p1a: Scrafty|Intimidate|boost
|-unboost|p2a: Sinistcha|atk|1
|-unboost|p2b: Raichu|atk|1
|turn|1
|
|t:|1782339986
|switch|p2a: Incineroar|Incineroar, L50, M|100/100
|-ability|p2a: Incineroar|Intimidate|boost
|-unboost|p1a: Scrafty|atk|1
|-unboost|p1b: Farigiraf|atk|1
|switch|p1b: Swampert|Swampert, L50, M|100/100
|detailschange|p1a: Scrafty|Scrafty-Mega, L50, F
|-mega|p1a: Scrafty|Scrafty|Scraftinite
|-ability|p1a: Scrafty|Intimidate|boost
|-unboost|p2a: Incineroar|atk|1
|-unboost|p2b: Raichu|atk|1
|move|p2b: Raichu|Volt Switch|p1a: Scrafty
|-damage|p1a: Scrafty|77/100
|
|t:|1782339998
|switch|p2b: Sinistcha|Sinistcha-Masterpiece, L50|100/100|[from] Volt Switch
|move|p1a: Scrafty|Drain Punch|p2b: Sinistcha
|-immune|p2b: Sinistcha
|
|upkeep
|turn|2
|
|t:|1782340018
|switch|p1b: Farigiraf|Farigiraf, L50, F|100/100
|move|p2a: Incineroar|Parting Shot|p1b: Farigiraf
|-unboost|p1b: Farigiraf|atk|1
|-unboost|p1b: Farigiraf|spa|1
|
|t:|1782340025
|switch|p2a: Mawile|Mawile, L50, M|100/100|[from] Parting Shot
|-ability|p2a: Mawile|Intimidate|boost
|-unboost|p1a: Scrafty|atk|1
|-unboost|p1b: Farigiraf|atk|1
|move|p1a: Scrafty|Bulk Up|p1a: Scrafty
|-boost|p1a: Scrafty|atk|1
|-boost|p1a: Scrafty|def|1
|move|p2b: Sinistcha|Matcha Gotcha|p1a: Scrafty|[spread] p1a,p1b
|-damage|p1a: Scrafty|58/100
|-damage|p1b: Farigiraf|77/100
|-status|p1a: Scrafty|brn
|-status|p1b: Farigiraf|brn
|
|-damage|p1a: Scrafty|52/100 brn|[from] brn
|-damage|p1b: Farigiraf|70/100 brn|[from] brn
|upkeep
|turn|3
|inactive|kyzito has 30 seconds left.
|
|t:|1782340056
|switch|p2a: Incineroar|Incineroar, L50, M|100/100
|-ability|p2a: Incineroar|Intimidate|boost
|-unboost|p1a: Scrafty|atk|1
|-unboost|p1b: Farigiraf|atk|1
|move|p1a: Scrafty|Throat Chop|p2b: Sinistcha
|-supereffective|p2b: Sinistcha|1
|-damage|p2b: Sinistcha|79/100
|-start|p2b: Sinistcha|Throat Chop|[silent]
|move|p2b: Sinistcha|Matcha Gotcha|p1a: Scrafty|[spread] p1a,p1b
|-damage|p1a: Scrafty|33/100 brn
|-heal|p2b: Sinistcha|89/100|[from] drain|[of] p1a: Scrafty
|-damage|p1b: Farigiraf|46/100 brn
|-heal|p2b: Sinistcha|100/100|[from] drain|[of] p1b: Farigiraf
|move|p1b: Farigiraf|Trick Room|p1b: Farigiraf
|-fieldstart|move: Trick Room|[of] p1b: Farigiraf
|
|-damage|p1b: Farigiraf|40/100 brn|[from] brn
|-damage|p1a: Scrafty|27/100 brn|[from] brn
|upkeep
|turn|4
|inactive|kyzito has 30 seconds left.
|inactive|sebtct has 30 seconds left.
|inactive|sebtct has 20 seconds left.
|
|t:|1782340091
|move|p1b: Farigiraf|Twin Beam|p2b: Sinistcha
|-damage|p2b: Sinistcha|85/100
|-damage|p2b: Sinistcha|71/100
|-hitcount|p2b: Sinistcha|2
|move|p2b: Sinistcha|Matcha Gotcha|p1a: Scrafty|[spread] p1a,p1b
|-damage|p1a: Scrafty|9/100 brn
|-heal|p2b: Sinistcha|80/100|[from] drain|[of] p1a: Scrafty
|-damage|p1b: Farigiraf|19/100 brn
|-heal|p2b: Sinistcha|93/100|[from] drain|[of] p1b: Farigiraf
|move|p1a: Scrafty|Throat Chop|p2b: Sinistcha
|-supereffective|p2b: Sinistcha|1
|-damage|p2b: Sinistcha|73/100
|move|p2a: Incineroar|Flare Blitz|p1b: Farigiraf
|-damage|p1b: Farigiraf|0 fnt
|faint|p1b: Farigiraf
|-damage|p2a: Incineroar|93/100|[from] Recoil
|
|-damage|p1a: Scrafty|4/100 brn|[from] brn
|-end|p2b: Sinistcha|Throat Chop|[silent]
|upkeep
|
|t:|1782340111
|switch|p1b: Swampert|Swampert, L50, M|100/100
|turn|5
|
|t:|1782340122
|switch|p1a: Pelipper|Pelipper, L50, M|100/100
|-weather|RainDance|[from] ability: Drizzle|[of] p1a: Pelipper
|move|p1b: Swampert|Protect|p1b: Swampert
|-singleturn|p1b: Swampert|Protect
|move|p2b: Sinistcha|Matcha Gotcha|p1a: Pelipper|[spread] 
|-activate|p1b: Swampert|move: Protect
|-miss|p2b: Sinistcha|p1a: Pelipper
|move|p2a: Incineroar|Darkest Lariat|p1b: Swampert
|-activate|p1b: Swampert|move: Protect
|
|-weather|RainDance|[upkeep]
|upkeep
|turn|6
|-message|kyzito forfeited.
|
|win|sebtct
|raw|kyzito's rating: 1207 → 1178(-29 for losing)
|raw|sebtct's rating: 1152 → 1181(+29 for winning)
|l|☆kyzito
|player|p1|
|l|☆sebtct
|player|p2|
|j|☆sebtct
|player|p2|sebtct|101|
