|j|☆MrTedno
|j|☆okkoso
|html|MrTednookkoso    
|uhtml|bestof|Game 1 of a best-of-3
|t:|1756422106
|gametype|doubles
|player|p1|MrTedno|barry|1158
|player|p2|okkoso|waiter-gen4dp|1040
|gen|9
|tier|[Gen 9] VGC 2025 Reg H (Bo3)
|rated|
|rule|Species Clause: Limit one of each Pokémon
|rule|Item Clause: Limit 1 of each item
|clearpoke
|poke|p1|Dondozo, L50, F|
|poke|p1|Tatsugiri, L50, F|
|poke|p1|Politoed, L50, M|
|poke|p1|Archaludon, L50, F|
|poke|p1|Amoonguss, L50, F|
|poke|p1|Overqwil, L50, F|
|poke|p2|Ursaluna, L50, M|
|poke|p2|Pelipper, L50, F|
|poke|p2|Sinistcha, L50|
|poke|p2|Archaludon, L50, M|
|poke|p2|Dragonite, L50, F|
|poke|p2|Gholdengo, L50|
|teampreview|4
|showteam|p1|Dondozo||LifeOrb|Unaware|Surf,Protect,SleepTalk|||F|||50|,,,,,Water]Tatsugiri||FocusSash|Commander|DracoMeteor,Protect,MuddyWater,Taunt|||F|||50|,,,,,Stellar]Politoed||SitrusBerry|Drizzle|WeatherBall,IceBeam,Haze,Protect|||M|||50|,,,,,Steel]Archaludon||AssaultVest|Stamina|BodyPress,ElectroShot,DragonPulse,FlashCannon|||F|||50|,,,,,Grass]Amoonguss||RockyHelmet|Regenerator|Spore,RagePowder,PollenPuff,Protect|||F|||50|,,,,,Fairy]Overqwil||ChoiceBand|SwiftSwim|PoisonJab,ThroatChop,Liquidation,PinMissile|||F|||50|,,,,,Ghost
|showteam|p2|Ursaluna||FlameOrb|Guts|Protect,Earthquake,Facade,HeadlongRush|||M|||50|,,,,,Water]Pelipper||FocusSash|Drizzle|Hurricane,WeatherBall,Tailwind,Protect|||F|||50|,,,,,Ghost]Sinistcha||SitrusBerry|Hospitality|MatchaGotcha,ShadowBall,RagePowder,LifeDew||||||50|,,,,,Water]Archaludon||AssaultVest|Stamina|BodyPress,TeraBlast,ElectroShot,DracoMeteor|||M|||50|,,,,,Flying]Dragonite||LoadedDice|Multiscale|Protect,ScaleShot,ExtremeSpeed,LowKick|||F|||50|,,,,,Steel]Gholdengo||ChoiceScarf|GoodasGold|MakeItRain,ShadowBall,Trick,PowerGem||||||50|,,,,,Steel
|c|☆MrTedno|glhf
|
|t:|1756422137
|teamsize|p1|4
|teamsize|p2|4
|start
|switch|p1a: Barnacles|Archaludon, L50, F|100/100
|switch|p1b: Turnip|Amoonguss, L50, F|100/100
|switch|p2a: Pelipper|Pelipper, L50, F|100/100
|switch|p2b: Archaludon|Archaludon, L50, M|100/100
|-weather|RainDance|[from] ability: Drizzle|[of] p2a: Pelipper
|turn|1
|inactive|Battle timer is ON: inactive players will automatically lose when time's up. (requested by MrTedno)
|
|t:|1756422154
|move|p1b: Turnip|Protect|p1b: Turnip
|-singleturn|p1b: Turnip|Protect
|move|p1a: Barnacles|Electro Shot||[still]
|-prepare|p1a: Barnacles|Electro Shot
|-boost|p1a: Barnacles|spa|1
|-anim|p1a: Barnacles|Electro Shot|p2a: Pelipper
|-supereffective|p2a: Pelipper
|-enditem|p2a: Pelipper|Focus Sash
|-damage|p2a: Pelipper|1/100
|move|p2b: Archaludon|Draco Meteor|p1a: Barnacles
|-damage|p1a: Barnacles|60/100
|-unboost|p2b: Archaludon|spa|2
|-ability|p1a: Barnacles|Stamina|boost
|-boost|p1a: Barnacles|def|1
|move|p2a: Pelipper|Hurricane|p1b: Turnip
|-activate|p1b: Turnip|move: Protect
|
|-weather|RainDance|[upkeep]
|upkeep
|turn|2
|inactive|MrTedno has 30 seconds left.
|inactive|MrTedno has 20 seconds left.
|inactive|MrTedno has 15 seconds left.
|
|t:|1756422196
|move|p1a: Barnacles|Dragon Pulse|p2a: Pelipper
|-damage|p2a: Pelipper|0 fnt
|faint|p2a: Pelipper
|move|p2b: Archaludon|Draco Meteor|p1a: Barnacles
|-damage|p1a: Barnacles|38/100
|-unboost|p2b: Archaludon|spa|2
|-ability|p1a: Barnacles|Stamina|boost
|-boost|p1a: Barnacles|def|1
|move|p1b: Turnip|Pollen Puff|p1a: Barnacles
|-heal|p1a: Barnacles|88/100
|
|-weather|RainDance|[upkeep]
|upkeep
|
|t:|1756422205
|switch|p2a: Ursaluna|Ursaluna, L50, M|100/100
|turn|3
|inactive|MrTedno has 30 seconds left.
|inactive|MrTedno has 20 seconds left.
|inactive|MrTedno has 15 seconds left.
|inactive|MrTedno has 10 seconds left.
|
|t:|1756422254
|-terastallize|p1a: Barnacles|Grass
|-terastallize|p2b: Archaludon|Flying
|move|p1a: Barnacles|Electro Shot||[still]
|-prepare|p1a: Barnacles|Electro Shot
|-boost|p1a: Barnacles|spa|1
|-anim|p1a: Barnacles|Electro Shot|p2b: Archaludon
|-supereffective|p2b: Archaludon
|-damage|p2b: Archaludon|0 fnt
|faint|p2b: Archaludon
|move|p2a: Ursaluna|Earthquake|p1b: Turnip|[spread] p1a,p1b
|-resisted|p1a: Barnacles
|-damage|p1a: Barnacles|79/100
|-damage|p1b: Turnip|65/100
|-ability|p1a: Barnacles|Stamina|boost
|-boost|p1a: Barnacles|def|1
|move|p1b: Turnip|Spore|p2a: Ursaluna
|-status|p2a: Ursaluna|slp|[from] move: Spore
|
|-weather|RainDance|[upkeep]
|upkeep
|
|t:|1756422266
|switch|p2b: Dragonite|Dragonite, L50, F|100/100
|turn|4
|inactive|MrTedno has 30 seconds left.
|inactive|MrTedno has 20 seconds left.
|
|t:|1756422304
|move|p2b: Dragonite|Scale Shot|p1a: Barnacles
|-damage|p1a: Barnacles|75/100
|-ability|p1a: Barnacles|Stamina|boost
|-boost|p1a: Barnacles|def|1
|-damage|p1a: Barnacles|72/100
|-ability|p1a: Barnacles|Stamina|boost
|-boost|p1a: Barnacles|def|1
|-damage|p1a: Barnacles|68/100
|-ability|p1a: Barnacles|Stamina|boost
|-boost|p1a: Barnacles|def|1
|-damage|p1a: Barnacles|65/100
|-damage|p1a: Barnacles|62/100
|-hitcount|p1a: Barnacles|5
|-unboost|p2b: Dragonite|def|1
|-boost|p2b: Dragonite|spe|1
|move|p1a: Barnacles|Dragon Pulse|p2b: Dragonite
|-supereffective|p2b: Dragonite
|-crit|p2b: Dragonite
|-damage|p2b: Dragonite|0 fnt
|faint|p2b: Dragonite
|cant|p2a: Ursaluna|slp
|move|p1b: Turnip|Pollen Puff|p1a: Barnacles
|-heal|p1a: Barnacles|100/100
|
|-weather|RainDance|[upkeep]
|upkeep
|turn|5
|-message|okkoso forfeited.
|
|win|MrTedno
|l|☆okkoso
|player|p2|
||MrTedno is ready for game 2.
||okkoso is ready for game 2.
|uhtml|next|Next: Game 2 of 3
