|j|☆beckybug
|j|☆thaduck
|html|beckybugthaduck    
|uhtml|bestof|Game 3 of a best-of-3
|t:|1784152969
|gametype|doubles
|player|p1|beckybug|briar|1325
|player|p2|thaduck|ghetsis|1334
|gen|9
|tier|[Gen 9 Champions] VGC 2026 Reg M-B (Bo3)
|rated|
|rule|Species Clause: Limit one of each Pokémon
|rule|Item Clause: Limit 1 of each item
|clearpoke
|poke|p1|Charizard, L50, M|
|poke|p1|Venusaur, L50, M|
|poke|p1|Pelipper, L50, M|
|poke|p1|Archaludon, L50, F|
|poke|p1|Grimmsnarl, L50, M|
|poke|p1|Basculegion, L50, M|
|poke|p2|Metagross, L50|
|poke|p2|Incineroar, L50, M|
|poke|p2|Basculegion, L50, M|
|poke|p2|Hydreigon, L50, F|
|poke|p2|Floette-Eternal, L50, F|
|poke|p2|Whimsicott, L50, M|
|teampreview|4
|showteam|p1|Charizard||CharizarditeY|Blaze|WeatherBall,HeatWave,SolarBeam,Protect|Modest||M|||50|]Venusaur||FocusSash|Chlorophyll|SludgeBomb,EarthPower,SleepPowder,Protect|Modest||M|||50|]Pelipper||SitrusBerry|Drizzle|WeatherBall,Hurricane,Tailwind,Protect|Modest||M|||50|]Archaludon||Leftovers|Stamina|FlashCannon,DragonPulse,ElectroShot,Protect|Calm||F|||50|]Grimmsnarl||LightClay|Prankster|SpiritBreak,PartingShot,Reflect,LightScreen|Sassy||M|||50|]Basculegion||ChoiceScarf|Adaptability|WaveCrash,LastRespects,AquaJet,FlipTurn|Jolly||M|||50|
|showteam|p2|Metagross||Metagrossite|ClearBody|IronHead,PsychicFangs,BodyPress,Protect|Adamant|||||50|]Incineroar||SitrusBerry|Intimidate|FlareBlitz,ThroatChop,PartingShot,FakeOut|Careful||M|||50|]Basculegion||LifeOrb|Adaptability|AquaJet,LastRespects,Protect,WaveCrash|Adamant||M|||50|]Hydreigon||ChoiceScarf|Levitate|DarkPulse,DracoMeteor,EarthPower,Snarl|Modest||F|||50|]Floette-Eternal||Floettite|FlowerVeil|Moonblast,DazzlingGleam,CalmMind,Protect|Modest||F|||50|]Whimsicott||FocusSash|Prankster|Moonblast,Tailwind,Encore,Protect|Timid||M|||50|
|
|t:|1784152981
|teamsize|p1|4
|teamsize|p2|4
|start
|switch|p1a: Charizard|Charizard, L50, M|100/100
|switch|p1b: Venusaur|Venusaur, L50, M|100/100
|switch|p2a: Floette|Floette-Eternal, L50, F|100/100
|switch|p2b: Hydreigon|Hydreigon, L50, F|100/100
|turn|1
|
|t:|1784152998
|switch|p2a: Basculegion|Basculegion, L50, M|100/100
|detailschange|p1a: Charizard|Charizard-Mega-Y, L50, M
|-mega|p1a: Charizard|Charizard|Charizardite Y
|-weather|SunnyDay|[from] ability: Drought|[of] p1a: Charizard
|move|p1b: Venusaur|Sleep Powder|p2b: Hydreigon
|-status|p2b: Hydreigon|slp|[from] move: Sleep Powder
|cant|p2b: Hydreigon|slp
|move|p1a: Charizard|Weather Ball|p2a: Basculegion
|-resisted|p2a: Basculegion|1
|-damage|p2a: Basculegion|56/100
|
|-weather|SunnyDay|[upkeep]
|upkeep
|turn|2
|
|t:|1784153019
|move|p1b: Venusaur|Sludge Bomb|p2b: Hydreigon
|-damage|p2b: Hydreigon|53/100 slp
|cant|p2b: Hydreigon|slp
|move|p1a: Charizard|Solar Beam||[still]
|-prepare|p1a: Charizard|Solar Beam
|-anim|p1a: Charizard|Solar Beam|p2a: Basculegion
|-supereffective|p2a: Basculegion|1
|-damage|p2a: Basculegion|0 fnt
|faint|p2a: Basculegion
|
|-weather|SunnyDay|[upkeep]
|upkeep
|
|t:|1784153026
|switch|p2a: Whimsicott|Whimsicott, L50, M|100/100
|turn|3
|
|t:|1784153039
|move|p2a: Whimsicott|Tailwind|p2a: Whimsicott
|-sidestart|p2: thaduck|move: Tailwind
|-curestatus|p2b: Hydreigon|slp|[msg]
|move|p2b: Hydreigon|Snarl|p1b: Venusaur|[spread] p1a,p1b
|-damage|p1a: Charizard|77/100
|-damage|p1b: Venusaur|74/100
|-unboost|p1a: Charizard|spa|1
|-unboost|p1b: Venusaur|spa|1
|move|p1b: Venusaur|Sludge Bomb|p2b: Hydreigon
|-damage|p2b: Hydreigon|21/100
|move|p1a: Charizard|Heat Wave|p2b: Hydreigon|[spread] p2a
|-miss|p1a: Charizard|p2b: Hydreigon
|-supereffective|p2a: Whimsicott|1
|-enditem|p2a: Whimsicott|Focus Sash
|-damage|p2a: Whimsicott|1/100
|
|-weather|SunnyDay|[upkeep]
|upkeep
|turn|4
|inactive|Battle timer is ON: inactive players will automatically lose when time's up. (requested by thaduck)
|
|t:|1784153076
|switch|p1a: Pelipper|Pelipper, L50, M|100/100
|-weather|RainDance|[from] ability: Drizzle|[of] p1a: Pelipper
|move|p2b: Hydreigon|Snarl|p1b: Venusaur|[spread] p1a,p1b
|-damage|p1a: Pelipper|71/100
|-damage|p1b: Venusaur|45/100
|-unboost|p1a: Pelipper|spa|1
|-unboost|p1b: Venusaur|spa|1
|move|p2a: Whimsicott|Moonblast|p1b: Venusaur
|-resisted|p1b: Venusaur|1
|-damage|p1b: Venusaur|24/100
|move|p1b: Venusaur|Sleep Powder|p2b: Hydreigon
|-status|p2b: Hydreigon|slp|[from] move: Sleep Powder
|
|-weather|RainDance|[upkeep]
|upkeep
|turn|5
|inactive|beckybug has 30 seconds left.
|
|t:|1784153107
|cant|p2b: Hydreigon|slp
|move|p2a: Whimsicott|Moonblast|p1b: Venusaur
|-resisted|p1b: Venusaur|1
|-damage|p1b: Venusaur|6/100
|move|p1b: Venusaur|Sludge Bomb|p2a: Whimsicott
|-supereffective|p2a: Whimsicott|2
|-damage|p2a: Whimsicott|0 fnt
|faint|p2a: Whimsicott
|move|p1a: Pelipper|Tailwind|p1a: Pelipper
|-sidestart|p1: beckybug|move: Tailwind
|
|-weather|RainDance|[upkeep]
|upkeep
|
|t:|1784153116
|switch|p2a: Floette|Floette-Eternal, L50, F|100/100
|turn|6
|
|t:|1784153125
|switch|p1a: Charizard|Charizard-Mega-Y, L50, M|77/100
|-weather|SunnyDay|[from] ability: Drought|[of] p1a: Charizard
|detailschange|p2a: Floette|Floette-Mega, L50, F
|-mega|p2a: Floette|Floette|Floettite
|-ability|p2a: Floette|Fairy Aura
|move|p1b: Venusaur|Sleep Powder|p2a: Floette
|-status|p2a: Floette|slp|[from] move: Sleep Powder
|cant|p2b: Hydreigon|slp
|cant|p2a: Floette|slp
|
|-weather|SunnyDay|[upkeep]
|-sideend|p2: thaduck|move: Tailwind
|upkeep
|turn|7
|
|t:|1784153141
|move|p1b: Venusaur|Sludge Bomb|p2b: Hydreigon
|-damage|p2b: Hydreigon|0 fnt
|faint|p2b: Hydreigon
|move|p1a: Charizard|Heat Wave|p2a: Floette
|-damage|p2a: Floette|33/100 slp
|cant|p2a: Floette|slp
|
|-weather|SunnyDay|[upkeep]
|upkeep
|turn|8
|
|t:|1784153150
|move|p1b: Venusaur|Sludge Bomb|p2a: Floette
|-supereffective|p2a: Floette|1
|-damage|p2a: Floette|1/100 slp
|move|p1a: Charizard|Weather Ball|p2a: Floette
|-damage|p2a: Floette|0 fnt
|faint|p2a: Floette
|
|win|beckybug
|raw|beckybug's rating: 1325 → 1346(+21 for winning)
|raw|thaduck's rating: 1334 → 1313(-21 for losing)
