|j|☆Ilia6566
|j|☆jANMxRin
|html|Ilia6566jANMxRin    
|uhtml|bestof|Game 1 of a best-of-3
|t:|1756931228
|gametype|doubles
|player|p1|Ilia6566|169|1037
|player|p2|jANMxRin|acerola-masters|1104
|gen|9
|tier|[Gen 9] VGC 2025 Reg H (Bo3)
|rated|
|rule|Species Clause: Limit one of each Pokémon
|rule|Item Clause: Limit 1 of each item
|clearpoke
|poke|p1|Serperior, L50, M|
|poke|p1|Indeedee, L50, M|
|poke|p1|Ursaluna, L50, F|
|poke|p1|Incineroar, L50, M|
|poke|p1|Amoonguss, L50, F|
|poke|p1|Azumarill, L50, M|
|poke|p2|Corviknight, L50, F|
|poke|p2|Tyranitar, L50, M|
|poke|p2|Garchomp, L50, M|
|poke|p2|Gholdengo, L50|
|poke|p2|Primarina, L50, F|
|poke|p2|Annihilape, L50, F|
|teampreview|4
|showteam|p1|Serperior||ChoiceSpecs|Contrary|LeafStorm,TeraBlast,DragonPulse,EnergyBall|||M|||50|,,,,,Stellar]Indeedee||PsychicSeed|PsychicSurge|ExpandingForce,CalmMind,DazzlingGleam,TrickRoom|||M|||50|,,,,,Fairy]Ursaluna||FlameOrb|Guts|Facade,Earthquake,HeadlongRush,Protect|||F|||50|,,,,,Normal]Incineroar||AssaultVest|Intimidate|FakeOut,FlareBlitz,KnockOff,Uturn|||M|||50|,,,,,Ghost]Amoonguss||EjectPack|Regenerator|Spore,RagePowder,LeafStorm,PollenPuff|||F|||50|,,,,,Water]Azumarill||Leftovers|HugePower|AquaJet,AquaTail,PlayRough,BellyDrum|||M|||50|,,,,,Grass
|showteam|p2|Corviknight||Leftovers|MirrorArmor|BraveBird,BulkUp,Roost,Tailwind|||F|||50|,,,,,Dragon]Tyranitar||AssaultVest|SandStream|RockSlide,KnockOff,LowKick,TeraBlast|||M|||50|,,,,,Flying]Garchomp||LifeOrb|RoughSkin|Protect,DragonClaw,StompingTantrum,Earthquake|||M|||50|,,,,,Fairy]Gholdengo||MetalCoat|GoodasGold|MakeItRain,ShadowBall,NastyPlot,Protect||||||50|,,,,,Water]Primarina||SitrusBerry|LiquidVoice|HyperVoice,Moonblast,Haze,Protect|||F|||50|,,,,,Grass]Annihilape||SafetyGoggles|Defiant|CloseCombat,FinalGambit,RageFist,Taunt|||F|||50|,,,,,Water
|
|t:|1756931274
|teamsize|p1|4
|teamsize|p2|4
|start
|switch|p1a: Serperior|Serperior, L50, M|100/100
|switch|p1b: Amoonguss|Amoonguss, L50, F|100/100
|switch|p2a: Corviknight|Corviknight, L50, F|100/100
|switch|p2b: Annihilape|Annihilape, L50, F|100/100
|turn|1
|
|t:|1756931333
|switch|p1a: Ursaluna|Ursaluna, L50, F|100/100
|move|p2b: Annihilape|Rage Fist|p1a: Ursaluna
|-immune|p1a: Ursaluna
|move|p2a: Corviknight|Tailwind|p2a: Corviknight
|-sidestart|p2: jANMxRin|move: Tailwind
|move|p1b: Amoonguss|Spore|p2a: Corviknight
|-status|p2a: Corviknight|slp|[from] move: Spore
|
|-status|p1a: Ursaluna|brn|[from] item: Flame Orb
|upkeep
|turn|2
|
|t:|1756931370
|switch|p1b: Indeedee|Indeedee, L50, M|100/100
|-fieldstart|move: Psychic Terrain|[from] ability: Psychic Surge|[of] p1b: Indeedee
|-enditem|p1b: Indeedee|Psychic Seed
|-boost|p1b: Indeedee|spd|1|[from] item: Psychic Seed
|move|p1a: Ursaluna|Protect|p1a: Ursaluna
|-singleturn|p1a: Ursaluna|Protect
|move|p2b: Annihilape|Taunt|p1b: Indeedee
|-start|p1b: Indeedee|move: Taunt
|cant|p2a: Corviknight|slp
|
|-damage|p1a: Ursaluna|95/100 brn|[from] brn
|upkeep
|turn|3
|
|t:|1756931398
|-terastallize|p1a: Ursaluna|Normal
|move|p2b: Annihilape|Close Combat|p1a: Ursaluna
|-supereffective|p1a: Ursaluna
|-damage|p1a: Ursaluna|19/100 brn
|-unboost|p2b: Annihilape|def|1
|-unboost|p2b: Annihilape|spd|1
|cant|p2a: Corviknight|slp
|move|p1b: Indeedee|Expanding Force|p2a: Corviknight|[spread] p2a,p2b
|-resisted|p2a: Corviknight
|-supereffective|p2b: Annihilape
|-damage|p2a: Corviknight|80/100 slp
|-damage|p2b: Annihilape|0 fnt
|faint|p2b: Annihilape
|move|p1a: Ursaluna|Facade|p2a: Corviknight
|-resisted|p2a: Corviknight
|-damage|p2a: Corviknight|5/100 slp
|
|-heal|p2a: Corviknight|11/100 slp|[from] item: Leftovers
|-damage|p1a: Ursaluna|13/100 brn|[from] brn
|upkeep
|
|t:|1756931423
|switch|p2b: Gholdengo|Gholdengo, L50|100/100
|turn|4
|
|t:|1756931446
|switch|p1a: Amoonguss|Amoonguss, L50, F|100/100
|move|p2b: Gholdengo|Nasty Plot|p2b: Gholdengo
|-boost|p2b: Gholdengo|spa|2
|cant|p2a: Corviknight|slp
|move|p1b: Indeedee|Expanding Force|p2a: Corviknight|[spread] p2a,p2b
|-resisted|p2a: Corviknight
|-resisted|p2b: Gholdengo
|-damage|p2a: Corviknight|0 fnt
|-damage|p2b: Gholdengo|70/100
|faint|p2a: Corviknight
|
|-end|p1b: Indeedee|move: Taunt
|-sideend|p2: jANMxRin|move: Tailwind
|upkeep
|
|t:|1756931454
|switch|p2a: Primarina|Primarina, L50, F|100/100
|turn|5
|
|t:|1756931471
|move|p1a: Amoonguss|Rage Powder|p1a: Amoonguss
|-singleturn|p1a: Amoonguss|move: Rage Powder
|move|p2b: Gholdengo|Make It Rain|p1b: Indeedee|[spread] p1a,p1b
|-damage|p1a: Amoonguss|10/100
|-damage|p1b: Indeedee|2/100
|-unboost|p2b: Gholdengo|spa|1
|move|p2a: Primarina|Hyper Voice|p1b: Indeedee|[spread] p1a,p1b
|-resisted|p1a: Amoonguss
|-damage|p1a: Amoonguss|0 fnt
|-damage|p1b: Indeedee|0 fnt
|faint|p1a: Amoonguss
|faint|p1b: Indeedee
|
|upkeep
|
|t:|1756931483
|switch|p1b: Serperior|Serperior, L50, M|100/100
|switch|p1a: Ursaluna|Ursaluna, L50, F, tera:Normal|13/100 brn
|turn|6
|
|t:|1756931495
|move|p1a: Ursaluna|Protect|p1a: Ursaluna
|-singleturn|p1a: Ursaluna|Protect
|move|p1b: Serperior|Leaf Storm|p2b: Gholdengo
|-resisted|p2b: Gholdengo
|-damage|p2b: Gholdengo|23/100
|-boost|p1b: Serperior|spa|2
|move|p2b: Gholdengo|Make It Rain|p1a: Ursaluna|[spread] p1b
|-activate|p1a: Ursaluna|move: Protect
|-damage|p1b: Serperior|0 fnt
|-unboost|p2b: Gholdengo|spa|1
|faint|p1b: Serperior
|move|p2a: Primarina|Hyper Voice|p1a: Ursaluna
|-activate|p1a: Ursaluna|move: Protect
|
|-damage|p1a: Ursaluna|7/100 brn|[from] brn
|-fieldend|move: Psychic Terrain
|upkeep
|turn|7
|
|t:|1756931513
|move|p2b: Gholdengo|Make It Rain|p1a: Ursaluna
|-damage|p1a: Ursaluna|0 fnt
|-unboost|p2b: Gholdengo|spa|1
|faint|p1a: Ursaluna
|
|win|jANMxRin
