|j|☆Billtie
|j|☆TMJS01
|html|BilltieTMJS01    
|uhtml|bestof|Game 2 of a best-of-3
|t:|1782179618
|gametype|doubles
|player|p1|Billtie|ltsurge|1149
|player|p2|TMJS01|unknown|1319
|gen|9
|tier|[Gen 9 Champions] VGC 2026 Reg M-B (Bo3)
|rated|
|rule|Species Clause: Limit one of each Pokémon
|rule|Item Clause: Limit 1 of each item
|clearpoke
|poke|p1|Metagross, L50|
|poke|p1|Pelipper, L50, F|
|poke|p1|Hydreigon, L50, M|
|poke|p1|Raichu, L50, M|
|poke|p1|Swampert, L50, F|
|poke|p1|Sinistcha, L50|
|poke|p2|Sinistcha, L50|
|poke|p2|Incineroar, L50, M|
|poke|p2|Garchomp, L50, M|
|poke|p2|Floette-Eternal, L50, F|
|poke|p2|Vivillon, L50, F|
|poke|p2|Delphox, L50, F|
|teampreview|4
|showteam|p1|Metagross||Metagrossite|ClearBody|IronDefense,BodyPress,PsychicFangs,Protect|Careful|||||50|]Pelipper||WacanBerry|Drizzle|Tailwind,WeatherBall,Hurricane,Protect|Bold||F|||50|]Hydreigon||LifeOrb|Levitate|DarkPulse,DragonPulse,EarthPower,Protect|Timid||M|||50|]Raichu||FocusSash|LightningRod|FakeOut,Nuzzle,VoltSwitch,Protect|Serious||M|||50|]Swampert||Swampertite|Torrent|Earthquake,FlipTurn,Liquidation,Protect|Adamant||F|||50|]Sinistcha||ColburBerry|Hospitality|TrickRoom,RagePowder,MatchaGotcha,Protect|Relaxed|||||50|
|showteam|p2|Sinistcha||KasibBerry|Hospitality|MatchaGotcha,RagePowder,TrickRoom,LifeDew|Relaxed|||||50|]Incineroar||ChopleBerry|Intimidate|ThroatChop,FlareBlitz,PartingShot,FakeOut|Impish||M|||50|]Garchomp||LifeOrb|RoughSkin|ScaleShot,StompingTantrum,Protect,RockTomb|Jolly||M|||50|]Floette-Eternal||Floettite|FlowerVeil|Protect,CalmMind,Moonblast,DazzlingGleam|Modest||F|||50|]Vivillon||FocusSash|CompoundEyes|SleepPowder,Hurricane,Protect,Tailwind|Timid||F|||50|]Delphox||Delphoxite|Blaze|NastyPlot,HeatWave,Psyshock,Protect|Timid||F|||50|
|inactive|Battle timer is ON: inactive players will automatically lose when time's up. (requested by Billtie)
|inactive|TMJS01 also wants the timer to be on.
|
|t:|1782179631
|teamsize|p1|4
|teamsize|p2|4
|start
|switch|p1a: Pelipper|Pelipper, L50, F|100/100
|switch|p1b: Metagross|Metagross, L50|100/100
|switch|p2a: Incineroar|Incineroar, L50, M|100/100
|switch|p2b: Floette|Floette-Eternal, L50, F|100/100
|-ability|p2a: Incineroar|Intimidate|boost
|-unboost|p1a: Pelipper|atk|1
|-fail|p1b: Metagross|unboost|[from] ability: Clear Body|[of] p1b: Metagross
|-weather|RainDance|[from] ability: Drizzle|[of] p1a: Pelipper
|turn|1
|
|t:|1782179648
|detailschange|p2b: Floette|Floette-Mega, L50, F
|-mega|p2b: Floette|Floette|Floettite
|-ability|p2b: Floette|Fairy Aura
|detailschange|p1b: Metagross|Metagross-Mega, L50
|-mega|p1b: Metagross|Metagross|Metagrossite
|move|p1a: Pelipper|Protect|p1a: Pelipper
|-singleturn|p1a: Pelipper|Protect
|move|p2a: Incineroar|Fake Out|p1a: Pelipper
|-activate|p1a: Pelipper|move: Protect
|move|p1b: Metagross|Iron Defense|p1b: Metagross
|-boost|p1b: Metagross|def|2
|move|p2b: Floette|Calm Mind|p2b: Floette
|-boost|p2b: Floette|spa|1
|-boost|p2b: Floette|spd|1
|
|-weather|RainDance|[upkeep]
|upkeep
|turn|2
|
|t:|1782179659
|move|p1b: Metagross|Body Press|p2a: Incineroar
|-supereffective|p2a: Incineroar|1
|-enditem|p2a: Incineroar|Chople Berry|[eat]
|-enditem|p2a: Incineroar|Chople Berry|[weaken]
|-damage|p2a: Incineroar|43/100
|move|p2b: Floette|Dazzling Gleam|p1b: Metagross|[spread] p1a,p1b
|-resisted|p1b: Metagross|1
|-damage|p1a: Pelipper|1/100
|-damage|p1b: Metagross|75/100
|move|p2a: Incineroar|Parting Shot|p1a: Pelipper
|-unboost|p1a: Pelipper|atk|1
|-unboost|p1a: Pelipper|spa|1
|
|t:|1782179666
|switch|p2a: Sinistcha|Sinistcha, L50|100/100|[from] Parting Shot
|move|p1a: Pelipper|Tailwind|p1a: Pelipper
|-sidestart|p1: Billtie|move: Tailwind
|
|-weather|RainDance|[upkeep]
|upkeep
|turn|3
|
|t:|1782179676
|move|p1b: Metagross|Psychic Fangs|p2a: Sinistcha
|-damage|p2a: Sinistcha|59/100
|move|p1a: Pelipper|Hurricane|p2a: Sinistcha
|-supereffective|p2a: Sinistcha|1
|-damage|p2a: Sinistcha|14/100
|move|p2b: Floette|Moonblast|p1b: Metagross
|-resisted|p1b: Metagross|1
|-damage|p1b: Metagross|40/100
|move|p2a: Sinistcha|Trick Room|p2a: Sinistcha
|-fieldstart|move: Trick Room|[of] p2a: Sinistcha
|
|-weather|RainDance|[upkeep]
|upkeep
|turn|4
|
|t:|1782179695
|switch|p1a: Sinistcha|Sinistcha, L50|100/100
|-heal|p1b: Metagross|65/100|[from] ability: Hospitality|[of] p1a: Sinistcha
|move|p1b: Metagross|Protect|p1b: Metagross
|-singleturn|p1b: Metagross|Protect
|move|p2a: Sinistcha|Matcha Gotcha|p1a: Sinistcha|[spread] p1a
|-activate|p1b: Metagross|move: Protect
|-resisted|p1a: Sinistcha|1
|-damage|p1a: Sinistcha|86/100
|-heal|p2a: Sinistcha|21/100|[from] drain|[of] p1a: Sinistcha
|-status|p1a: Sinistcha|brn
|move|p2b: Floette|Moonblast|p1b: Metagross
|-activate|p1b: Metagross|move: Protect
|
|-weather|RainDance|[upkeep]
|-damage|p1a: Sinistcha|80/100 brn|[from] brn
|upkeep
|turn|5
|
|t:|1782179708
|switch|p2a: Incineroar|Incineroar, L50, M|43/100
|-ability|p2a: Incineroar|Intimidate|boost
|-unboost|p1a: Sinistcha|atk|1
|-unboost|p1b: Metagross|atk|1
|switch|p1a: Pelipper|Pelipper, L50, F|1/100
|move|p2b: Floette|Dazzling Gleam|p1b: Metagross|[spread] p1a,p1b
|-resisted|p1b: Metagross|1
|-damage|p1a: Pelipper|0 fnt
|-damage|p1b: Metagross|43/100
|faint|p1a: Pelipper
|move|p1b: Metagross|Psychic Fangs|p2a: Incineroar
|-immune|p2a: Incineroar
|
|-weather|none
|-sideend|p1: Billtie|move: Tailwind
|upkeep
|
|t:|1782179711
|switch|p1a: Sinistcha|Sinistcha, L50|80/100 brn
|-heal|p1b: Metagross|67/100|[from] ability: Hospitality|[of] p1a: Sinistcha
|turn|6
|
|t:|1782179720
|move|p2a: Incineroar|Fake Out|p1b: Metagross
|-resisted|p1b: Metagross|1
|-damage|p1b: Metagross|66/100
|move|p1a: Sinistcha|Rage Powder|p1a: Sinistcha
|-singleturn|p1a: Sinistcha|move: Rage Powder
|move|p2b: Floette|Calm Mind|p2b: Floette
|-boost|p2b: Floette|spa|1
|-boost|p2b: Floette|spd|1
|cant|p1b: Metagross|flinch
|
|-damage|p1a: Sinistcha|74/100 brn|[from] brn
|upkeep
|turn|7
|
|t:|1782179740
|move|p1a: Sinistcha|Matcha Gotcha|p2b: Floette|[spread] p2a,p2b
|-resisted|p2a: Incineroar|1
|-damage|p2a: Incineroar|32/100
|-heal|p1a: Sinistcha|79/100 brn|[from] drain|[of] p2a: Incineroar
|-damage|p2b: Floette|91/100
|-heal|p1a: Sinistcha|84/100 brn|[from] drain|[of] p2b: Floette
|move|p2a: Incineroar|Parting Shot|p1b: Metagross
|-unboost|p1b: Metagross|atk|1
|-unboost|p1b: Metagross|spa|1
|
|t:|1782179743
|switch|p2a: Sinistcha|Sinistcha, L50|21/100|[from] Parting Shot
|-heal|p2b: Floette|100/100|[from] ability: Hospitality|[of] p2a: Sinistcha
|move|p2b: Floette|Dazzling Gleam|p1b: Metagross|[spread] p1a,p1b
|-resisted|p1b: Metagross|1
|-damage|p1a: Sinistcha|0 fnt
|-damage|p1b: Metagross|37/100
|faint|p1a: Sinistcha
|move|p1b: Metagross|Body Press|p2b: Floette
|-resisted|p2b: Floette|1
|-damage|p2b: Floette|64/100
|
|-fieldend|move: Trick Room
|upkeep
|
|t:|1782179759
|switch|p1a: Hydreigon|Hydreigon, L50, M|100/100
|turn|8
|inactive|Billtie has 30 seconds left.
|
|t:|1782179788
|switch|p2a: Incineroar|Incineroar, L50, M|32/100
|-ability|p2a: Incineroar|Intimidate|boost
|-unboost|p1a: Hydreigon|atk|1
|-unboost|p1b: Metagross|atk|1
|move|p1a: Hydreigon|Dark Pulse|p2a: Incineroar
|-resisted|p2a: Incineroar|1
|-damage|p2a: Incineroar|9/100
|-damage|p1a: Hydreigon|90/100|[from] item: Life Orb
|move|p1b: Metagross|Iron Defense|p1b: Metagross
|-boost|p1b: Metagross|def|2
|move|p2b: Floette|Dazzling Gleam|p1a: Hydreigon|[spread] p1a,p1b
|-supereffective|p1a: Hydreigon|2
|-resisted|p1b: Metagross|1
|-damage|p1a: Hydreigon|0 fnt
|-damage|p1b: Metagross|8/100
|faint|p1a: Hydreigon
|
|upkeep
|turn|9
|c|☆Billtie|god we really are in the worst incineroar meta of all time
|inactive|TMJS01 has 30 seconds left.
|c|☆TMJS01|yea
|
|t:|1782179817
|switch|p2a: Sinistcha|Sinistcha, L50|21/100
|-heal|p2b: Floette|89/100|[from] ability: Hospitality|[of] p2a: Sinistcha
|move|p1b: Metagross|Protect|p1b: Metagross
|-singleturn|p1b: Metagross|Protect
|move|p2b: Floette|Moonblast|p1b: Metagross
|-activate|p1b: Metagross|move: Protect
|
|upkeep
|turn|10
|
|t:|1782179825
|switch|p2a: Garchomp|Garchomp, L50, M|100/100
|move|p1b: Metagross|Psychic Fangs|p2a: Garchomp
|-crit|p2a: Garchomp
|-damage|p2a: Garchomp|22/100
|-damage|p1b: Metagross|0 fnt|[from] ability: Rough Skin|[of] p2a: Garchomp
|faint|p1b: Metagross
|
|win|TMJS01
|raw|Billtie's rating: 1149 → 1135(-14 for losing)
|raw|TMJS01's rating: 1319 → 1330(+11 for winning)
|c|☆TMJS01|ggs
|c|☆Billtie|like actually fuck this
