|j|☆bobovile
|j|☆Togore Gaming
|html|bobovileTogore Gaming    
|uhtml|bestof|Game 3 of a best-of-3
|t:|1756335406
|gametype|doubles
|player|p1|bobovile|ruinmaniac|1162
|player|p2|Togore Gaming|richboy-gen4|1244
|gen|9
|tier|[Gen 9] VGC 2025 Reg H (Bo3)
|rated|
|rule|Species Clause: Limit one of each Pokémon
|rule|Item Clause: Limit 1 of each item
|clearpoke
|poke|p1|Tyranitar, L50, M|
|poke|p1|Excadrill, L50, M|
|poke|p1|Gastrodon-East, L50, F|
|poke|p1|Talonflame, L50, F|
|poke|p1|Gallade, L50, M|
|poke|p1|Tsareena, L50, F|
|poke|p2|Indeedee, L50, M|
|poke|p2|Sneasler, L50, M|
|poke|p2|Drifblim, L50, M|
|poke|p2|Ursaluna-Bloodmoon, L50, M|
|poke|p2|Electabuzz, L50, F|
|poke|p2|Corviknight, L50, M|
|teampreview|4
|showteam|p1|Tyranitar||AssaultVest|SandStream|TeraBlast,RockSlide,KnockOff,LowKick|||M|||50|,,,,,Flying]Excadrill||LifeOrb|SandRush|Protect,HighHorsepower,IronHead,Earthquake|||M|||50|,,,,,Flying]Gastrodon-East||SitrusBerry|StormDrain|ClearSmog,Protect,MuddyWater,EarthPower|||F|||50|,,,,,Fire]Talonflame||SafetyGoggles|GaleWings|Tailwind,Taunt,FlareBlitz,DualWingbeat|||F|||50|,,,,,Ghost]Gallade||ClearAmulet|Sharpness|Protect,SacredSword,PsychoCut,TrickRoom|||M|||50|,,,,,Steel]Tsareena||WideLens|QueenlyMajesty|Protect,Taunt,PowerWhip,TripleAxel|||F|||50|,,,,,Fire
|showteam|p2|Indeedee||FocusSash|PsychicSurge|ExpandingForce,TeraBlast,Imprison,TrickRoom|||M|||50|,,,,,Ground]Sneasler||WhiteHerb|Unburden|DireClaw,CloseCombat,ThroatChop,Protect|||M|||50|,,,,,Dark]Drifblim||PsychicSeed|Unburden|Acrobatics,WillOWisp,Tailwind,Haze|||M|||50|,,,,,Grass]Ursaluna-Bloodmoon||LifeOrb|MindsEye|BloodMoon,HyperVoice,EarthPower,Protect|||M|||50|,,,,,Normal]Electabuzz||Eviolite|VitalSpirit|Electroweb,FollowMe,Taunt,Protect|||F|||50|,,,,,Dragon]Corviknight||SitrusBerry|MirrorArmor|BraveBird,BodyPress,BulkUp,Roost|||M|||50|,,,,,Fire
|inactive|Battle timer is ON: inactive players will automatically lose when time's up. (requested by Togore Gaming)
|inactive|bobovile has 60 seconds left.
|
|t:|1756335455
|teamsize|p1|4
|teamsize|p2|4
|start
|switch|p1a: Talonflame|Talonflame, L50, F|100/100
|switch|p1b: Excadrill|Excadrill, L50, M|100/100
|switch|p2a: Indeedee|Indeedee, L50, M|100/100
|switch|p2b: Drifblim|Drifblim, L50, M|100/100
|-fieldstart|move: Psychic Terrain|[from] ability: Psychic Surge|[of] p2a: Indeedee
|-enditem|p2b: Drifblim|Psychic Seed
|-boost|p2b: Drifblim|spd|1|[from] item: Psychic Seed
|turn|1
|
|t:|1756335477
|move|p1b: Excadrill|Protect|p1b: Excadrill
|-singleturn|p1b: Excadrill|Protect
|move|p2b: Drifblim|Tailwind|p2b: Drifblim
|-sidestart|p2: Togore Gaming|move: Tailwind
|move|p2a: Indeedee|Expanding Force|p1a: Talonflame|[spread] p1a
|-activate|p1b: Excadrill|move: Protect
|-damage|p1a: Talonflame|25/100
|move|p1a: Talonflame|Taunt|p2b: Drifblim
|-start|p2b: Drifblim|move: Taunt
|
|upkeep
|turn|2
|inactive|bobovile has 30 seconds left.
|inactive|bobovile has 20 seconds left.
|inactive|bobovile has 15 seconds left.
|inactive|bobovile has 10 seconds left.
|
|t:|1756335524
|switch|p1a: Tyranitar|Tyranitar, L50, M|100/100
|-weather|Sandstorm|[from] ability: Sand Stream|[of] p1a: Tyranitar
|-terastallize|p2a: Indeedee|Ground
|move|p2b: Drifblim|Acrobatics|p1a: Tyranitar
|-resisted|p1a: Tyranitar
|-damage|p1a: Tyranitar|88/100
|move|p2a: Indeedee|Tera Blast|p1b: Excadrill|[anim] Tera Blast Ground
|-supereffective|p1b: Excadrill
|-damage|p1b: Excadrill|7/100
|move|p1b: Excadrill|High Horsepower|p2a: Indeedee
|-enditem|p2a: Indeedee|Focus Sash
|-damage|p2a: Indeedee|1/100
|-damage|p1b: Excadrill|0 fnt|[from] item: Life Orb
|faint|p1b: Excadrill
|
|-weather|Sandstorm|[upkeep]
|-damage|p2b: Drifblim|94/100|[from] Sandstorm
|upkeep
|
|t:|1756335544
|switch|p1b: Gallade|Gallade, L50, M|100/100
|turn|3
|
|t:|1756335565
|move|p1b: Gallade|Protect|p1b: Gallade
|-singleturn|p1b: Gallade|Protect
|move|p2b: Drifblim|Acrobatics|p1b: Gallade
|-activate|p1b: Gallade|move: Protect
|move|p2a: Indeedee|Tera Blast|p1a: Tyranitar|[anim] Tera Blast Ground
|-supereffective|p1a: Tyranitar
|-damage|p1a: Tyranitar|61/100
|move|p1a: Tyranitar|Rock Slide|p2a: Indeedee|[spread] p2a,p2b
|-resisted|p2a: Indeedee
|-supereffective|p2b: Drifblim
|-damage|p2a: Indeedee|0 fnt
|-damage|p2b: Drifblim|43/100
|faint|p2a: Indeedee
|
|-weather|Sandstorm|[upkeep]
|-damage|p2b: Drifblim|37/100|[from] Sandstorm
|-damage|p1b: Gallade|95/100|[from] Sandstorm
|upkeep
|
|t:|1756335589
|switch|p2a: Sneasler|Sneasler, L50, M|100/100
|turn|4
|
|t:|1756335598
|-terastallize|p1a: Tyranitar|Flying
|move|p2a: Sneasler|Protect|p2a: Sneasler
|-singleturn|p2a: Sneasler|Protect
|move|p2b: Drifblim|Acrobatics|p1b: Gallade
|-supereffective|p1b: Gallade
|-damage|p1b: Gallade|0 fnt
|faint|p1b: Gallade
|move|p1a: Tyranitar|Rock Slide|p2b: Drifblim|[spread] 
|-activate|p2a: Sneasler|move: Protect
|-miss|p1a: Tyranitar|p2b: Drifblim
|
|-weather|Sandstorm|[upkeep]
|-damage|p2b: Drifblim|31/100|[from] Sandstorm
|-damage|p2a: Sneasler|95/100|[from] Sandstorm
|-damage|p1a: Tyranitar|55/100|[from] Sandstorm
|-end|p2b: Drifblim|move: Taunt
|-sideend|p2: Togore Gaming|move: Tailwind
|upkeep
|
|t:|1756335613
|switch|p1b: Talonflame|Talonflame, L50, F|25/100
|turn|5
|
|t:|1756335634
|move|p2b: Drifblim|Tailwind|p2b: Drifblim
|-sidestart|p2: Togore Gaming|move: Tailwind
|move|p2a: Sneasler|Dire Claw|p1b: Talonflame
|-damage|p1b: Talonflame|0 fnt
|faint|p1b: Talonflame
|move|p1a: Tyranitar|Tera Blast|p2a: Sneasler|[anim] Tera Blast Flying
|-supereffective|p2a: Sneasler
|-damage|p2a: Sneasler|0 fnt
|faint|p2a: Sneasler
|
|-weather|Sandstorm|[upkeep]
|-damage|p2b: Drifblim|25/100|[from] Sandstorm
|-damage|p1a: Tyranitar|49/100|[from] Sandstorm
|-fieldend|move: Psychic Terrain
|upkeep
|
|t:|1756335638
|switch|p2a: Corviknight|Corviknight, L50, M|100/100
|turn|6
|
|t:|1756335649
|move|p2b: Drifblim|Will-O-Wisp|p1a: Tyranitar
|-status|p1a: Tyranitar|brn
|move|p2a: Corviknight|Bulk Up|p2a: Corviknight
|-boost|p2a: Corviknight|atk|1
|-boost|p2a: Corviknight|def|1
|move|p1a: Tyranitar|Rock Slide|p2b: Drifblim|[spread] p2b
|-miss|p1a: Tyranitar|p2a: Corviknight
|-supereffective|p2b: Drifblim
|-damage|p2b: Drifblim|0 fnt
|faint|p2b: Drifblim
|
|-weather|none
|-damage|p1a: Tyranitar|43/100 brn|[from] brn
|upkeep
|turn|7
|
|t:|1756335664
|move|p2a: Corviknight|Bulk Up|p2a: Corviknight
|-boost|p2a: Corviknight|atk|1
|-boost|p2a: Corviknight|def|1
|move|p1a: Tyranitar|Knock Off|p2a: Corviknight
|-damage|p2a: Corviknight|91/100
|-enditem|p2a: Corviknight|Sitrus Berry|[from] move: Knock Off|[of] p1a: Tyranitar
|
|-damage|p1a: Tyranitar|38/100 brn|[from] brn
|upkeep
|turn|8
|
|t:|1756335673
|move|p2a: Corviknight|Brave Bird|p1a: Tyranitar
|-crit|p1a: Tyranitar
|-damage|p1a: Tyranitar|0 fnt
|faint|p1a: Tyranitar
|-damage|p2a: Corviknight|79/100|[from] Recoil
|
|win|Togore Gaming
|raw|bobovile's rating: 1162 → 1143(-19 for losing)
|raw|Togore Gaming's rating: 1244 → 1263(+19 for winning)
|c|☆Togore Gaming|gg
