|j|☆zpoogi
|j|☆Anothernameagain
|html|zpoogiAnothernameagain    
|uhtml|bestof|Game 3 of a best-of-3
|t:|1756874669
|gametype|doubles
|player|p1|zpoogi|az|1146
|player|p2|Anothernameagain|266|1000
|gen|9
|tier|[Gen 9] VGC 2025 Reg H (Bo3)
|rated|
|rule|Species Clause: Limit one of each Pokémon
|rule|Item Clause: Limit 1 of each item
|clearpoke
|poke|p1|Weezing-Galar, L50, M|
|poke|p1|Toedscruel, L50, M|
|poke|p1|Slaking, L50, M|
|poke|p1|Kilowattrel, L50, F|
|poke|p1|Annihilape, L50, M|
|poke|p1|Garchomp, L50, M|
|poke|p2|Annihilape, L50, M|
|poke|p2|Ninetales-Alola, L50, F|
|poke|p2|Talonflame, L50, M|
|poke|p2|Garchomp, L50, M|
|poke|p2|Vivillon-Ocean, L50, F|
|poke|p2|Gholdengo, L50|
|teampreview|4
|showteam|p1|Weezing-Galar||LifeOrb|NeutralizingGas|DazzlingGleam,SludgeBomb,Protect,Flamethrower|||M|||50|,,,,,Fire]Toedscruel||CovertCloak|MyceliumMight|Spore,EarthPower,AcidSpray,RagePowder|||M|||50|,,,,,Water]Slaking||ChoiceBand|Truant|GigaImpact,KnockOff,DrainPunch,HighHorsepower|||M|||50|,,,,,Ghost]Kilowattrel||FocusSash|Competitive|AirSlash,Thunderbolt,Tailwind,Protect|||F|||50|,,,,,Ghost]Annihilape||ChoiceScarf|Defiant|Coaching,FinalGambit,Uturn,ShadowClaw|||M|||50|,,,,,Fighting]Garchomp||LoadedDice|RoughSkin|ScaleShot,StompingTantrum,Earthquake,Protect|||M|||50|,,,,,Fairy
|showteam|p2|Annihilape||SafetyGoggles|Defiant|RageFist,DrainPunch,BulkUp,Protect|||M|||50|,,,,,Water]Ninetales-Alola||CovertCloak|SnowWarning|Blizzard,FreezeDry,AuroraVeil,Protect|||F|||50|,,,,,Ice]Talonflame||SharpBeak|GaleWings|DualWingbeat,Tailwind,WillOWisp,Protect|||M|||50|,,,,,Ghost]Garchomp||LifeOrb|RoughSkin|Earthquake,StompingTantrum,DragonClaw,Protect|||M|||50|,,,,,Steel]Vivillon-Ocean||FocusSash|CompoundEyes|SleepPowder,Hurricane,RagePowder,Protect|||F|||50|,,,,,Ghost]Gholdengo||IronPlate|GoodasGold|MakeItRain,ShadowBall,NastyPlot,Protect||||||50|,,,,,Steel
|inactive|Battle timer is ON: inactive players will automatically lose when time's up. (requested by zpoogi)
|
|t:|1756874702
|teamsize|p1|4
|teamsize|p2|4
|start
|switch|p1a: Annihilape|Annihilape, L50, M|100/100
|switch|p1b: Garchomp|Garchomp, L50, M|100/100
|switch|p2a: Talonflame|Talonflame, L50, M|100/100
|switch|p2b: Ninetales|Ninetales-Alola, L50, F, shiny|100/100
|-weather|Snowscape|[from] ability: Snow Warning|[of] p2b: Ninetales
|turn|1
|inactive|zpoogi has 30 seconds left.
|inactive|zpoogi has 20 seconds left.
|inactive|zpoogi has 15 seconds left.
|inactive|zpoogi has 10 seconds left.
|
|t:|1756874752
|-terastallize|p1b: Garchomp|Fairy
|move|p1a: Annihilape|Coaching|p1b: Garchomp
|-boost|p1b: Garchomp|atk|1
|-boost|p1b: Garchomp|def|1
|move|p2a: Talonflame|Will-O-Wisp|p1b: Garchomp
|-status|p1b: Garchomp|brn
|move|p2b: Ninetales|Aurora Veil|p2b: Ninetales
|-sidestart|p2: Anothernameagain|move: Aurora Veil
|move|p1b: Garchomp|Scale Shot|p2a: Talonflame
|-damage|p2a: Talonflame|90/100
|-damage|p2a: Talonflame|79/100
|-damage|p2a: Talonflame|69/100
|-damage|p2a: Talonflame|60/100
|-damage|p2a: Talonflame|49/100
|-hitcount|p2a: Talonflame|5
|-unboost|p1b: Garchomp|def|1
|-boost|p1b: Garchomp|spe|1
|
|-weather|Snowscape|[upkeep]
|-damage|p1b: Garchomp|94/100 brn|[from] brn
|upkeep
|turn|2
|inactive|Anothernameagain has 30 seconds left.
|
|t:|1756874782
|switch|p2a: Gholdengo|Gholdengo, L50|100/100
|move|p1b: Garchomp|Scale Shot|p2a: Gholdengo
|-resisted|p2a: Gholdengo
|-damage|p2a: Gholdengo|97/100
|-resisted|p2a: Gholdengo
|-damage|p2a: Gholdengo|93/100
|-resisted|p2a: Gholdengo
|-damage|p2a: Gholdengo|89/100
|-resisted|p2a: Gholdengo
|-damage|p2a: Gholdengo|86/100
|-hitcount|p2a: Gholdengo|4
|-unboost|p1b: Garchomp|def|1
|-boost|p1b: Garchomp|spe|1
|move|p1a: Annihilape|Coaching|p1b: Garchomp
|-boost|p1b: Garchomp|atk|1
|-boost|p1b: Garchomp|def|1
|move|p2b: Ninetales|Blizzard|p1a: Annihilape|[spread] p1a,p1b
|-damage|p1a: Annihilape|71/100
|-damage|p1b: Garchomp|58/100 brn
|
|-weather|Snowscape|[upkeep]
|-damage|p1b: Garchomp|52/100 brn|[from] brn
|upkeep
|turn|3
|inactive|Anothernameagain has 30 seconds left.
|inactive|Anothernameagain has 20 seconds left.
|inactive|Anothernameagain has 15 seconds left.
|
|t:|1756874824
|switch|p1a: Kilowattrel|Kilowattrel, L50, F|100/100
|switch|p2b: Annihilape|Annihilape, L50, M, shiny|100/100
|move|p1b: Garchomp|Stomping Tantrum|p2a: Gholdengo
|-supereffective|p2a: Gholdengo
|-damage|p2a: Gholdengo|23/100
|move|p2a: Gholdengo|Make It Rain|p1a: Kilowattrel|[spread] p1a,p1b
|-resisted|p1a: Kilowattrel
|-supereffective|p1b: Garchomp
|-damage|p1a: Kilowattrel|45/100
|-damage|p1b: Garchomp|0 fnt
|-unboost|p2a: Gholdengo|spa|1
|faint|p1b: Garchomp
|
|-weather|Snowscape|[upkeep]
|upkeep
|
|t:|1756874840
|switch|p1b: Annihilape|Annihilape, L50, M|71/100
|turn|4
|inactive|zpoogi has 30 seconds left.
|inactive|Anothernameagain has 30 seconds left.
|inactive|Anothernameagain has 20 seconds left.
|inactive|Anothernameagain has 15 seconds left.
|
|t:|1756874882
|move|p1b: Annihilape|Shadow Claw|p2a: Gholdengo
|-supereffective|p2a: Gholdengo
|-damage|p2a: Gholdengo|0 fnt
|faint|p2a: Gholdengo
|move|p1a: Kilowattrel|Air Slash|p2b: Annihilape
|-supereffective|p2b: Annihilape
|-damage|p2b: Annihilape|56/100
|cant|p2b: Annihilape|flinch
|
|-weather|Snowscape|[upkeep]
|upkeep
|
|t:|1756874891
|switch|p2a: Ninetales|Ninetales-Alola, L50, F, shiny|100/100
|turn|5
|
|t:|1756874900
|switch|p1b: Slaking|Slaking, L50, M|100/100
|-terastallize|p2a: Ninetales|Ice
|move|p1a: Kilowattrel|Protect|p1a: Kilowattrel
|-singleturn|p1a: Kilowattrel|Protect
|move|p2b: Annihilape|Protect|p2b: Annihilape
|-singleturn|p2b: Annihilape|Protect
|move|p2a: Ninetales|Blizzard|p1a: Kilowattrel|[spread] p1b
|-activate|p1a: Kilowattrel|move: Protect
|-damage|p1b: Slaking|55/100
|
|-weather|none
|-sideend|p2: Anothernameagain|move: Aurora Veil
|upkeep
|turn|6
|inactive|Anothernameagain has 30 seconds left.
|
|t:|1756874931
|move|p1a: Kilowattrel|Air Slash|p2b: Annihilape
|-supereffective|p2b: Annihilape
|-damage|p2b: Annihilape|0 fnt
|faint|p2b: Annihilape
|move|p2a: Ninetales|Blizzard|p1a: Kilowattrel|[spread] p1a,p1b
|-supereffective|p1a: Kilowattrel
|-damage|p1a: Kilowattrel|0 fnt
|-damage|p1b: Slaking|4/100
|faint|p1a: Kilowattrel
|move|p1b: Slaking|Giga Impact|p2a: Ninetales
|-damage|p2a: Ninetales|0 fnt
|-mustrecharge|p1b: Slaking
|faint|p2a: Ninetales
|
|upkeep
|
|t:|1756874944
|switch|p1a: Annihilape|Annihilape, L50, M|71/100
|switch|p2b: Talonflame|Talonflame, L50, M|49/100
|turn|7
|
|t:|1756874952
|move|p1a: Annihilape|Final Gambit|p2b: Talonflame
|-damage|p2b: Talonflame|0 fnt
|faint|p1a: Annihilape
|faint|p2b: Talonflame
|
|win|zpoogi
|raw|zpoogi's rating: 1146 → 1161(+15 for winning)
|raw|Anothernameagain's rating: 1000 → 1000(+0 for losing)
