|j|☆Pokecraft15
|j|☆Mr James Freak
|html|Pokecraft15Mr James Freak    
|uhtml|bestof|Game 2 of a best-of-3
|t:|1784146930
|gametype|doubles
|player|p1|Pokecraft15|hilbert-wonderlauncher|1258
|player|p2|Mr James Freak|scientist|1304
|gen|9
|tier|[Gen 9 Champions] VGC 2026 Reg M-B (Bo3)
|rated|
|rule|Species Clause: Limit one of each Pokémon
|rule|Item Clause: Limit 1 of each item
|clearpoke
|poke|p1|Froslass, L50, F|
|poke|p1|Aerodactyl, L50, M|
|poke|p1|Milotic, L50, F|
|poke|p1|Incineroar, L50, F|
|poke|p1|Sinistcha-Masterpiece, L50|
|poke|p1|Weavile, L50, F|
|poke|p2|Sinistcha-Masterpiece, L50, shiny|
|poke|p2|Sneasler, L50, F, shiny|
|poke|p2|Delphox, L50, F, shiny|
|poke|p2|Kingambit, L50, M, shiny|
|poke|p2|Incineroar, L50, M, shiny|
|poke|p2|Ninetales-Alola, L50, F, shiny|
|teampreview|4
|showteam|p1|Froslass||Froslassite|SnowCloak|Blizzard,ShadowBall,Thunderbolt,Protect|Modest||F|||50|]Aerodactyl||FocusSash|Unnerve|RockSlide,DualWingbeat,WideGuard,Tailwind|Jolly||M|||50|]Milotic||MysticWater|Competitive|MuddyWater,IcyWind,Coil,Protect|Serious||F|||50|]Incineroar||ChopleBerry|Intimidate|FlareBlitz,ThroatChop,PartingShot,FakeOut|Adamant||F|||50|]Sinistcha-Masterpiece||SitrusBerry|Hospitality|RagePowder,MatchaGotcha,TrickRoom,Protect|Modest|||||50|]Weavile||NeverMeltIce|Pressure|TripleAxel,NightSlash,FakeOut,Protect|Jolly||F|||50|
|showteam|p2|Sinistcha-Masterpiece||OccaBerry|Hospitality|MatchaGotcha,RagePowder,TrickRoom,Protect|Bold|||||50|]Sneasler||WhiteHerb|Unburden|CloseCombat,DireClaw,FakeOut,QuickGuard|Jolly||F|||50|]Delphox||Delphoxite|Blaze|HeatWave,Psyshock,NastyPlot,Protect|Timid||F|||50|]Kingambit||ChopleBerry|Defiant|KowtowCleave,SuckerPunch,LowKick,Protect|Adamant||M|||50|]Incineroar||PasshoBerry|Intimidate|FakeOut,PartingShot,FlareBlitz,ThroatChop|Careful||M|||50|]Ninetales-Alola||FocusSash|SnowWarning|Blizzard,FreezeDry,Encore,Protect|Timid||F|||50|
|inactive|Battle timer is ON: inactive players will automatically lose when time's up. (requested by Pokecraft15)
|c|☆Pokecraft15|glhf
|j| Tribouleett
|inactive|Mr James Freak has 60 seconds left.
|
|t:|1784146968
|teamsize|p1|4
|teamsize|p2|4
|start
|switch|p1a: Aerodactyl|Aerodactyl, L50, M|100/100
|switch|p1b: Weavile|Weavile, L50, F|100/100
|switch|p2a: Incineroar|Incineroar, L50, M, shiny|100/100
|switch|p2b: Sneasler|Sneasler, L50, F, shiny|100/100
|-ability|p1a: Aerodactyl|Unnerve
|-ability|p1b: Weavile|Pressure
|-ability|p2a: Incineroar|Intimidate|boost
|-unboost|p1a: Aerodactyl|atk|1
|-unboost|p1b: Weavile|atk|1
|turn|1
|inactive|Mr James Freak has 30 seconds left.
|
|t:|1784146995
|move|p1b: Weavile|Fake Out|p2a: Incineroar
|-damage|p2a: Incineroar|92/100
|cant|p2a: Incineroar|flinch
|move|p1a: Aerodactyl|Dual Wingbeat|p2b: Sneasler
|-supereffective|p2b: Sneasler|1
|-damage|p2b: Sneasler|53/100
|-supereffective|p2b: Sneasler|1
|-damage|p2b: Sneasler|14/100
|-hitcount|p2b: Sneasler|2
|move|p2b: Sneasler|Close Combat|p1b: Weavile
|-supereffective|p1b: Weavile|2
|-damage|p1b: Weavile|0 fnt
|-unboost|p2b: Sneasler|def|1
|-unboost|p2b: Sneasler|spd|1
|faint|p1b: Weavile
|-enditem|p2b: Sneasler|White Herb
|-clearnegativeboost|p2b: Sneasler|[silent]
|
|upkeep
|
|t:|1784147013
|switch|p1b: Blizz|Froslass, L50, F|100/100
|turn|2
|
|t:|1784147030
|move|p1b: Blizz|Protect|p1b: Blizz
|-singleturn|p1b: Blizz|Protect
|move|p2b: Sneasler|Close Combat|p1a: Aerodactyl
|-damage|p1a: Aerodactyl|1/100
|-unboost|p2b: Sneasler|def|1
|-unboost|p2b: Sneasler|spd|1
|move|p1a: Aerodactyl|Tailwind|p1a: Aerodactyl
|-sidestart|p1: Pokecraft15|move: Tailwind
|move|p2a: Incineroar|Parting Shot|p1b: Blizz
|-activate|p1b: Blizz|move: Protect
|
|upkeep
|turn|3
|
|t:|1784147053
|detailschange|p1b: Blizz|Froslass-Mega, L50, F
|-mega|p1b: Blizz|Froslass|Froslassite
|-weather|Snowscape|[from] ability: Snow Warning|[of] p1b: Blizz
|move|p1a: Aerodactyl|Rock Slide|p2b: Sneasler|[spread] p2a,p2b
|-supereffective|p2a: Incineroar|1
|-resisted|p2b: Sneasler|1
|-damage|p2a: Incineroar|65/100
|-damage|p2b: Sneasler|0 fnt
|faint|p2b: Sneasler
|move|p1b: Blizz|Thunderbolt|p2a: Incineroar
|-damage|p2a: Incineroar|34/100
|move|p2a: Incineroar|Parting Shot|p1b: Blizz
|-unboost|p1b: Blizz|atk|1
|-unboost|p1b: Blizz|spa|1
|
|t:|1784147061
|switch|p2a: Kingambit|Kingambit, L50, M, shiny|100/100|[from] Parting Shot
|
|-weather|Snowscape|[upkeep]
|upkeep
|
|t:|1784147062
|switch|p2b: Incineroar|Incineroar, L50, M, shiny|34/100
|-ability|p2b: Incineroar|Intimidate|boost
|-unboost|p1a: Aerodactyl|atk|1
|-unboost|p1b: Blizz|atk|1
|turn|4
|
|t:|1784147072
|switch|p1a: Incineroar|Incineroar, L50, F|100/100
|-ability|p1a: Incineroar|Intimidate|boost
|-unboost|p2a: Kingambit|atk|1
|-ability|p2a: Kingambit|Defiant|boost
|-boost|p2a: Kingambit|atk|2
|-unboost|p2b: Incineroar|atk|1
|move|p1b: Blizz|Protect|p1b: Blizz
|-singleturn|p1b: Blizz|Protect
|move|p2b: Incineroar|Fake Out|p1a: Incineroar
|-damage|p1a: Incineroar|92/100
|move|p2a: Kingambit|Kowtow Cleave|p1b: Blizz
|-activate|p1b: Blizz|move: Protect
|
|-weather|Snowscape|[upkeep]
|upkeep
|turn|5
|
|t:|1784147093
|switch|p1b: Aerodactyl|Aerodactyl, L50, M|1/100
|-ability|p1b: Aerodactyl|Unnerve
|switch|p2b: Delphox|Delphox, L50, F, shiny|100/100
|move|p2a: Kingambit|Protect|p2a: Kingambit
|-singleturn|p2a: Kingambit|Protect
|move|p1a: Incineroar|Flare Blitz|p2a: Kingambit
|-activate|p2a: Kingambit|move: Protect
|
|-weather|Snowscape|[upkeep]
|-sideend|p1: Pokecraft15|move: Tailwind
|upkeep
|turn|6
|
|t:|1784147116
|switch|p2b: Incineroar|Incineroar, L50, M, shiny|34/100
|-ability|p2b: Incineroar|Intimidate|boost
|-unboost|p1a: Incineroar|atk|1
|-unboost|p1b: Aerodactyl|atk|1
|move|p1b: Aerodactyl|Wide Guard|p1b: Aerodactyl
|-singleturn|p1b: Aerodactyl|Wide Guard
|move|p2a: Kingambit|Low Kick|p1a: Incineroar
|-supereffective|p1a: Incineroar|1
|-enditem|p1a: Incineroar|Chople Berry|[eat]
|-enditem|p1a: Incineroar|Chople Berry|[weaken]
|-damage|p1a: Incineroar|51/100
|move|p1a: Incineroar|Flare Blitz|p2a: Kingambit
|-supereffective|p2a: Kingambit|1
|-damage|p2a: Kingambit|38/100
|-damage|p1a: Incineroar|28/100|[from] Recoil
|
|-weather|Snowscape|[upkeep]
|upkeep
|turn|7
|inactive|Pokecraft15 has 30 seconds left.
|inactive|Pokecraft15 has 20 seconds left.
|
|t:|1784147152
|switch|p1b: Blizz|Froslass-Mega, L50, F|100/100
|move|p2b: Incineroar|Fake Out|p1b: Blizz
|-immune|p1b: Blizz
|move|p2a: Kingambit|Low Kick|p1a: Incineroar
|-supereffective|p1a: Incineroar|1
|-damage|p1a: Incineroar|0 fnt
|faint|p1a: Incineroar
|
|-weather|none
|upkeep
|
|t:|1784147154
|switch|p1a: Aerodactyl|Aerodactyl, L50, M|1/100
|-ability|p1a: Aerodactyl|Unnerve
|turn|8
|
|t:|1784147169
|move|p2a: Kingambit|Sucker Punch|p1b: Blizz
|-supereffective|p1b: Blizz|1
|-damage|p1b: Blizz|0 fnt
|faint|p1b: Blizz
|move|p1a: Aerodactyl|Rock Slide|p2b: Incineroar|[spread] p2a
|-miss|p1a: Aerodactyl|p2b: Incineroar
|-resisted|p2a: Kingambit|1
|-damage|p2a: Kingambit|29/100
|move|p2b: Incineroar|Throat Chop|p1a: Aerodactyl
|-damage|p1a: Aerodactyl|0 fnt
|faint|p1a: Aerodactyl
|
|win|Mr James Freak
||Pokecraft15 is ready for game 3.
||Mr James Freak is ready for game 3.
|uhtml|next|Next: Game 3 of 3
|l|☆Pokecraft15
|player|p1|
|l| Tribouleett
|j|☆Pokecraft15
|player|p1|Pokecraft15|hilbert-wonderlauncher|
