|j|☆raksbach
|j|☆janbenet
|html|raksbachjanbenet    
|uhtml|bestof|Game 2 of a best-of-3
|t:|1783518966
|gametype|doubles
|player|p1|raksbach|266|1174
|player|p2|janbenet|101|1000
|gen|9
|tier|[Gen 9 Champions] VGC 2026 Reg M-B (Bo3)
|rated|
|rule|Species Clause: Limit one of each Pokémon
|rule|Item Clause: Limit 1 of each item
|clearpoke
|poke|p1|Incineroar, L50, M|
|poke|p1|Maushold, L50|
|poke|p1|Sinistcha, L50|
|poke|p1|Sneasler, L50, M|
|poke|p1|Blastoise, L50, F|
|poke|p1|Delphox, L50, F|
|poke|p2|Kingambit, L50, M|
|poke|p2|Charizard, L50, M|
|poke|p2|Aerodactyl, L50, M|
|poke|p2|Farigiraf, L50, M|
|poke|p2|Garchomp, L50, F|
|poke|p2|Sylveon, L50, M|
|teampreview|4
|showteam|p1|Incineroar||SitrusBerry|Intimidate|FakeOut,FlareBlitz,DarkestLariat,PartingShot|Impish||M|||50|]Maushold||ChopleBerry|FriendGuard|SuperFang,FollowMe,Protect,Feint|Impish|||||50|]Sinistcha||OccaBerry|Hospitality|MatchaGotcha,LifeDew,RagePowder,Protect|Bold|||||50|]Sneasler||FocusSash|PoisonTouch|FakeOut,CloseCombat,DireClaw,QuickGuard|Jolly||M|||50|]Blastoise||Blastoisinite|Torrent|WaterSpout,DarkPulse,ShellSmash,Protect|Modest||F|||50|]Delphox||Delphoxite|Blaze|HeatWave,Psychic,NastyPlot,Protect|Timid||F|||50|
|showteam|p2|Kingambit||FocusSash|Defiant|KowtowCleave,IronHead,SuckerPunch,LowKick|Adamant||M|||50|]Charizard||CharizarditeY|SolarPower|Protect,HeatWave,WeatherBall,SolarBeam|Modest||M|||50|]Aerodactyl||Aerodactylite|Unnerve|RockSlide,DualWingbeat,Tailwind,IceFang|Jolly||M|||50|]Farigiraf||SitrusBerry|ArmorTail|Psychic,Thunder,TrickRoom,Roar|Bold||M|||50|]Garchomp||LifeOrb|RoughSkin|Earthquake,StompingTantrum,DragonClaw,Protect|Jolly||F|||50|]Sylveon||FairyFeather|Pixilate|HyperVoice,HyperBeam,QuickAttack,Detect|Modest||M|||50|
|inactive|Battle timer is ON: inactive players will automatically lose when time's up. (requested by raksbach)
|inactive|raksbach has 60 seconds left.
|
|t:|1783519001
|teamsize|p1|4
|teamsize|p2|4
|start
|switch|p1a: Blastoise|Blastoise, L50, F|100/100
|switch|p1b: Maushold|Maushold, L50|100/100
|switch|p2a: Aerodactyl|Aerodactyl, L50, M|100/100
|switch|p2b: Garchomp|Garchomp, L50, F|100/100
|-ability|p2a: Aerodactyl|Unnerve
|turn|1
|inactive|raksbach has 30 seconds left.
|inactive|raksbach has 20 seconds left.
|
|t:|1783519036
|detailschange|p2a: Aerodactyl|Aerodactyl-Mega, L50, M
|-mega|p2a: Aerodactyl|Aerodactyl|Aerodactylite
|detailschange|p1a: Blastoise|Blastoise-Mega, L50, F
|-mega|p1a: Blastoise|Blastoise|Blastoisinite
|move|p2a: Aerodactyl|Tailwind|p2a: Aerodactyl
|-sidestart|p2: janbenet|move: Tailwind
|move|p2b: Garchomp|Earthquake|p1a: Blastoise|[spread] p1a,p1b
|-immune|p2a: Aerodactyl
|-damage|p1a: Blastoise|63/100
|-damage|p1b: Maushold|54/100
|-damage|p2b: Garchomp|90/100|[from] item: Life Orb
|move|p1b: Maushold|Super Fang|p2b: Garchomp
|-damage|p2b: Garchomp|45/100
|-damage|p1b: Maushold|42/100|[from] ability: Rough Skin|[of] p2b: Garchomp
|move|p1a: Blastoise|Shell Smash|p1a: Blastoise
|-unboost|p1a: Blastoise|def|1
|-unboost|p1a: Blastoise|spd|1
|-boost|p1a: Blastoise|atk|2
|-boost|p1a: Blastoise|spa|2
|-boost|p1a: Blastoise|spe|2
|
|upkeep
|turn|2
|inactive|raksbach has 30 seconds left.
|
|t:|1783519069
|move|p1a: Blastoise|Protect|p1a: Blastoise
|-singleturn|p1a: Blastoise|Protect
|move|p1b: Maushold|Protect|p1b: Maushold
|-singleturn|p1b: Maushold|Protect
|move|p2a: Aerodactyl|Rock Slide|p1b: Maushold|[spread] 
|-activate|p1a: Blastoise|move: Protect
|-activate|p1b: Maushold|move: Protect
|move|p2b: Garchomp|Earthquake|p1a: Blastoise|[spread] 
|-activate|p1a: Blastoise|move: Protect
|-activate|p1b: Maushold|move: Protect
|-immune|p2a: Aerodactyl
|
|upkeep
|turn|3
|inactive|raksbach has 30 seconds left.
|inactive|raksbach has 20 seconds left.
|inactive|raksbach has 15 seconds left.
|inactive|raksbach has 10 seconds left.
|inactive|raksbach has 5 seconds left.
|
|t:|1783519124
|move|p2a: Aerodactyl|Rock Slide|p1a: Blastoise|[spread] p1a,p1b
|-damage|p1a: Blastoise|32/100
|-damage|p1b: Maushold|17/100
|move|p2b: Garchomp|Earthquake|p1a: Blastoise|[spread] p1a,p1b
|-immune|p2a: Aerodactyl
|-damage|p1a: Blastoise|0 fnt
|-damage|p1b: Maushold|0 fnt
|faint|p1a: Blastoise
|faint|p1b: Maushold
|-damage|p2b: Garchomp|35/100|[from] item: Life Orb
|
|upkeep
|
|t:|1783519131
|switch|p1b: Sneasler|Sneasler, L50, M|100/100
|switch|p1a: Sinistcha|Sinistcha, L50|100/100
|turn|4
|
|t:|1783519151
|move|p1b: Sneasler|Fake Out|p2a: Aerodactyl
|-resisted|p2a: Aerodactyl|1
|-damage|p2a: Aerodactyl|92/100
|cant|p2a: Aerodactyl|flinch
|move|p2b: Garchomp|Earthquake|p1a: Sinistcha|[spread] p1a,p1b
|-immune|p2a: Aerodactyl
|-resisted|p1a: Sinistcha|1
|-supereffective|p1b: Sneasler|1
|-damage|p1a: Sinistcha|79/100
|-enditem|p1b: Sneasler|Focus Sash
|-damage|p1b: Sneasler|1/100
|-damage|p2b: Garchomp|26/100|[from] item: Life Orb
|move|p1a: Sinistcha|Matcha Gotcha|p2a: Aerodactyl|[spread] p2a,p2b
|-damage|p2a: Aerodactyl|68/100
|-heal|p1a: Sinistcha|92/100|[from] drain|[of] p2a: Aerodactyl
|-damage|p2b: Garchomp|0 fnt
|-heal|p1a: Sinistcha|100/100|[from] drain|[of] p2b: Garchomp
|faint|p2b: Garchomp
|
|-sideend|p2: janbenet|move: Tailwind
|upkeep
|
|t:|1783519171
|switch|p2b: Sylveon|Sylveon, L50, M|100/100
|turn|5
|
|t:|1783519188
|move|p2b: Sylveon|Quick Attack|p1b: Sneasler
|-damage|p1b: Sneasler|0 fnt
|faint|p1b: Sneasler
|move|p2a: Aerodactyl|Dual Wingbeat|p1a: Sinistcha
|-supereffective|p1a: Sinistcha|1
|-damage|p1a: Sinistcha|55/100
|-supereffective|p1a: Sinistcha|1
|-damage|p1a: Sinistcha|14/100
|-hitcount|p1a: Sinistcha|2
|move|p1a: Sinistcha|Matcha Gotcha|p2b: Sylveon|[spread] p2b
|-miss|p1a: Sinistcha|p2a: Aerodactyl
|-damage|p2b: Sylveon|81/100
|-heal|p1a: Sinistcha|24/100|[from] drain|[of] p2b: Sylveon
|
|upkeep
|turn|6
|-message|raksbach forfeited.
|
|win|janbenet
|l|☆raksbach
|player|p1|
||janbenet is ready for game 3.
|l|☆janbenet
|player|p2|
||raksbach is ready for game 3.
|uhtml|next|Next: Game 3 of 3
|j|☆janbenet
|player|p2|janbenet|101|
