|j|☆Gray_Gak
|j|☆RickCtrl
|html|Gray_GakRickCtrl    
|uhtml|bestof|Game 1 of a best-of-3
|t:|1757699686
|gametype|doubles
|player|p1|Gray_Gak|flannery|1160
|player|p2|RickCtrl|2|1103
|gen|9
|tier|[Gen 9] VGC 2025 Reg H (Bo3)
|rated|
|rule|Species Clause: Limit one of each Pokémon
|rule|Item Clause: Limit 1 of each item
|clearpoke
|poke|p1|Wyrdeer, L50, F|
|poke|p1|Indeedee-F, L50, F|
|poke|p1|Annihilape, L50, F|
|poke|p1|Torkoal, L50, F|
|poke|p1|Delphox, L50, F|
|poke|p1|Kingambit, L50, F|
|poke|p2|Indeedee, L50, M|
|poke|p2|Sneasler, L50, F|
|poke|p2|Ursaluna-Bloodmoon, L50, M|
|poke|p2|Electabuzz, L50, M|
|poke|p2|Dragonite, L50, M|
|poke|p2|Tyranitar, L50, M|
|teampreview|4
|showteam|p1|Wyrdeer||LifeOrb|Intimidate|Protect,TrickRoom,ExpandingForce,EarthPower|||F|||50|,,,,,Ground]Indeedee-F||RockyHelmet|PsychicSurge|Imprison,FollowMe,TrickRoom,Psychic|||F|||50|,,,,,Grass]Annihilape||SafetyGoggles|Defiant|DrainPunch,ThroatChop,RageFist,Protect|||F|||50|,,,,,Fire]Torkoal||Charcoal|Drought|Eruption,HelpingHand,Protect,WeatherBall|||F|||50|,,,,,Grass]Delphox||ChoiceScarf|Blaze|HeatWave,ExpandingForce,DazzlingGleam,Flamethrower|||F|||50|,,,,,Fairy]Kingambit||AssaultVest|Defiant|KowtowCleave,SuckerPunch,PoisonJab,LowKick|||F|||50|,,,,,Flying
|showteam|p2|Indeedee||ChoiceScarf|PsychicSurge|ExpandingForce,TeraBlast,TrickRoom,Trick|||M|||50|,,,,,Psychic]Sneasler||PsychicSeed|Unburden|Protect,DireClaw,CloseCombat,ThroatChop|||F|||50|,,,,,Dark]Ursaluna-Bloodmoon||LifeOrb|MindsEye|BloodMoon,HyperVoice,EarthPower,Protect|||M|||50|,,,,,Normal]Electabuzz||Eviolite|VitalSpirit|Protect,Taunt,FollowMe,Electroweb|||M|||50|,,,,,Fairy]Dragonite||LoadedDice|Multiscale|Tailwind,ScaleShot,Haze,Protect|||M|||50|,,,,,Steel]Tyranitar||ClearAmulet|SandStream|RockSlide,KnockOff,LowKick,TeraBlast|||M|||50|,,,,,Flying
|
|t:|1757699759
|teamsize|p1|4
|teamsize|p2|4
|start
|switch|p1a: Wyrdeer|Wyrdeer, L50, F|100/100
|switch|p1b: Indeedee|Indeedee-F, L50, F|100/100
|switch|p2a: Electabuzz|Electabuzz, L50, M|100/100
|switch|p2b: Ursaluna|Ursaluna-Bloodmoon, L50, M|100/100
|-fieldstart|move: Psychic Terrain|[from] ability: Psychic Surge|[of] p1b: Indeedee
|-ability|p1a: Wyrdeer|Intimidate|boost
|-unboost|p2a: Electabuzz|atk|1
|-unboost|p2b: Ursaluna|atk|1
|turn|1
|
|t:|1757699811
|-terastallize|p2b: Ursaluna|Normal
|move|p1b: Indeedee|Follow Me|p1b: Indeedee
|-singleturn|p1b: Indeedee|move: Follow Me
|move|p2a: Electabuzz|Taunt|p1b: Indeedee
|-start|p1b: Indeedee|move: Taunt
|move|p2b: Ursaluna|Hyper Voice|p1a: Wyrdeer|[spread] p1a,p1b
|-damage|p1a: Wyrdeer|21/100
|-damage|p1b: Indeedee|36/100
|-damage|p2b: Ursaluna|91/100|[from] item: Life Orb
|move|p1a: Wyrdeer|Trick Room|p1a: Wyrdeer
|-fieldstart|move: Trick Room|[of] p1a: Wyrdeer
|
|upkeep
|turn|2
|
|t:|1757699830
|move|p2b: Ursaluna|Protect|p2b: Ursaluna
|-singleturn|p2b: Ursaluna|Protect
|move|p1a: Wyrdeer|Expanding Force|p2b: Ursaluna|[spread] p2a
|-activate|p2b: Ursaluna|move: Protect
|-damage|p2a: Electabuzz|35/100
|-damage|p1a: Wyrdeer|11/100|[from] item: Life Orb
|move|p1b: Indeedee|Psychic|p2b: Ursaluna
|-activate|p2b: Ursaluna|move: Protect
|move|p2a: Electabuzz|Electroweb|p1a: Wyrdeer|[spread] p1a,p1b
|-damage|p1a: Wyrdeer|0 fnt
|-damage|p1b: Indeedee|24/100
|-unboost|p1b: Indeedee|spe|1
|faint|p1a: Wyrdeer
|
|upkeep
|
|t:|1757699834
|switch|p1a: Torkoal|Torkoal, L50, F|100/100
|-weather|SunnyDay|[from] ability: Drought|[of] p1a: Torkoal
|turn|3
|
|t:|1757699856
|move|p2b: Ursaluna|Protect||[still]
|-fail|p2b: Ursaluna
|move|p2a: Electabuzz|Protect|p2a: Electabuzz
|-singleturn|p2a: Electabuzz|Protect
|move|p1a: Torkoal|Eruption|p2b: Ursaluna|[spread] p2b
|-activate|p2a: Electabuzz|move: Protect
|-damage|p2b: Ursaluna|0 fnt
|faint|p2b: Ursaluna
|move|p1b: Indeedee|Psychic|p2a: Electabuzz
|-activate|p2a: Electabuzz|move: Protect
|
|-weather|SunnyDay|[upkeep]
|upkeep
|
|t:|1757699872
|switch|p2b: Tyranitar|Tyranitar, L50, M, shiny|100/100
|-weather|Sandstorm|[from] ability: Sand Stream|[of] p2b: Tyranitar
|turn|4
|
|t:|1757699889
|switch|p1a: Kingambit|Kingambit, L50, F|100/100
|move|p2a: Electabuzz|Protect||[still]
|-fail|p2a: Electabuzz
|move|p1b: Indeedee|Psychic|p2a: Electabuzz
|-damage|p2a: Electabuzz|4/100
|move|p2b: Tyranitar|Rock Slide|p1a: Kingambit|[spread] p1a,p1b
|-resisted|p1a: Kingambit
|-damage|p1a: Kingambit|89/100
|-damage|p1b: Indeedee|0 fnt
|faint|p1b: Indeedee
|
|-weather|Sandstorm|[upkeep]
|-damage|p2a: Electabuzz|0 fnt|[from] Sandstorm
|faint|p2a: Electabuzz
|upkeep
|
|t:|1757699905
|switch|p1b: Torkoal|Torkoal, L50, F|100/100
|switch|p2a: Dragonite|Dragonite, L50, M|100/100
|-weather|SunnyDay|[from] ability: Drought|[of] p1b: Torkoal
|turn|5
|
|t:|1757699922
|move|p2a: Dragonite|Protect|p2a: Dragonite
|-singleturn|p2a: Dragonite|Protect
|move|p1b: Torkoal|Weather Ball|p2a: Dragonite
|-activate|p2a: Dragonite|move: Protect
|move|p1a: Kingambit|Low Kick|p2b: Tyranitar
|-supereffective|p2b: Tyranitar
|-damage|p2b: Tyranitar|0 fnt
|faint|p2b: Tyranitar
|
|-weather|SunnyDay|[upkeep]
|-fieldend|move: Trick Room
|-fieldend|move: Psychic Terrain
|upkeep
|turn|6
|
|t:|1757699949
|move|p2a: Dragonite|Scale Shot|p1b: Torkoal
|-damage|p1b: Torkoal|86/100
|-damage|p1b: Torkoal|72/100
|-damage|p1b: Torkoal|57/100
|-crit|p1b: Torkoal
|-damage|p1b: Torkoal|38/100
|-hitcount|p1b: Torkoal|4
|-unboost|p2a: Dragonite|def|1
|-boost|p2a: Dragonite|spe|1
|move|p1a: Kingambit|Kowtow Cleave|p2a: Dragonite
|-damage|p2a: Dragonite|61/100
|move|p1b: Torkoal|Weather Ball|p2a: Dragonite
|-resisted|p2a: Dragonite
|-damage|p2a: Dragonite|22/100
|
|-weather|SunnyDay|[upkeep]
|upkeep
|turn|7
|-message|RickCtrl forfeited.
|
|win|Gray_Gak
|l|☆RickCtrl
|player|p2|
||RickCtrl is ready for game 2.
||Gray_Gak is ready for game 2.
|uhtml|next|Next: Game 2 of 3
