|j|☆lockson1987
|j|☆Gancelot
|html|lockson1987Gancelot    
|uhtml|bestof|Game 1 of a best-of-3
|t:|1783393357
|gametype|doubles
|player|p1|lockson1987|emmet|1067
|player|p2|Gancelot|morty|1207
|gen|9
|tier|[Gen 9 Champions] VGC 2026 Reg M-B (Bo3)
|rated|
|rule|Species Clause: Limit one of each Pokémon
|rule|Item Clause: Limit 1 of each item
|clearpoke
|poke|p1|Scovillain, L50, M|
|poke|p1|Araquanid, L50, M, shiny|
|poke|p1|Aerodactyl, L50, F|
|poke|p1|Sinistcha, L50|
|poke|p1|Scizor, L50, M|
|poke|p1|Pelipper, L50, M, shiny|
|poke|p2|Sinistcha, L50|
|poke|p2|Incineroar, L50, F|
|poke|p2|Milotic, L50, F|
|poke|p2|Raichu, L50, M|
|poke|p2|Floette-Eternal, L50, F|
|poke|p2|Ceruledge, L50, M|
|teampreview|4
|showteam|p1|Scovillain||Scovillainite|Moody|Protect,RagePowder,GigaDrain,LeechSeed|Modest||M|||50|]Araquanid||LifeOrb|WaterBubble|PoisonJab,Liquidation,LeechLife,Protect|Adamant||M|||50|]Aerodactyl||FocusSash|Unnerve|DualWingbeat,RockSlide,WideGuard,Tailwind|Jolly||F|||50|]Sinistcha||SitrusBerry|Hospitality|MatchaGotcha,RagePowder,Protect,LifeDew|Modest|||||50|]Scizor||Scizorite|Technician|DualWingbeat,BulletPunch,BugBite,SwordsDance|Adamant||M|||50|]Pelipper||BrightPowder|Drizzle|Hurricane,WeatherBall,HydroPump,Tailwind|Bold||M|||50|
|showteam|p2|Sinistcha||KasibBerry|Hospitality|MatchaGotcha,LifeDew,RagePowder,Protect|Relaxed|||||50|]Incineroar||SitrusBerry|Intimidate|FlareBlitz,ThroatChop,FakeOut,PartingShot|Impish||F|||50|]Milotic||Leftovers|Competitive|MuddyWater,Coil,Hypnosis,Recover|Calm||F|||50|]Raichu||RaichuniteY|LightningRod|ZapCannon,FocusBlast,FakeOut,Protect|Timid||M|||50|]Floette-Eternal||Floettite|FlowerVeil|DazzlingGleam,DrainingKiss,CalmMind,Protect|Timid||F|||50|]Ceruledge||ColburBerry|FlashFire|BitterBlade,ShadowSneak,BulkUp,Protect|Adamant||M|||50|
|inactive|Battle timer is ON: inactive players will automatically lose when time's up. (requested by Gancelot)
|inactive|lockson1987 has 60 seconds left.
|inactive|Gancelot has 60 seconds left.
|
|t:|1783393415
|teamsize|p1|4
|teamsize|p2|4
|start
|switch|p1a: Aerodactyl|Aerodactyl, L50, F|100/100
|switch|p1b: Scovillain|Scovillain, L50, M|100/100
|switch|p2a: Ceruledge|Ceruledge, L50, M|100/100
|switch|p2b: Raichu|Raichu, L50, M|100/100
|-ability|p1a: Aerodactyl|Unnerve
|turn|1
|
|t:|1783393430
|detailschange|p2b: Raichu|Raichu-Mega-Y, L50, M
|-mega|p2b: Raichu|Raichu|Raichunite Y
|move|p1b: Scovillain|Protect|p1b: Scovillain
|-singleturn|p1b: Scovillain|Protect
|move|p2b: Raichu|Fake Out|p1a: Aerodactyl
|-resisted|p1a: Aerodactyl|1
|-damage|p1a: Aerodactyl|93/100
|cant|p1a: Aerodactyl|flinch
|move|p2a: Ceruledge|Bulk Up|p2a: Ceruledge
|-boost|p2a: Ceruledge|atk|1
|-boost|p2a: Ceruledge|def|1
|
|-ability|p1b: Scovillain|Moody|boost
|-boost|p1b: Scovillain|spd|2
|-unboost|p1b: Scovillain|def|1
|upkeep
|turn|2
|
|t:|1783393453
|switch|p2b: Incineroar|Incineroar, L50, F|100/100
|-ability|p2b: Incineroar|Intimidate|boost
|-unboost|p1a: Aerodactyl|atk|1
|-unboost|p1b: Scovillain|atk|1
|move|p1a: Aerodactyl|Rock Slide|p2b: Incineroar|[spread] p2a,p2b
|-supereffective|p2a: Ceruledge|1
|-supereffective|p2b: Incineroar|1
|-damage|p2a: Ceruledge|73/100
|-damage|p2b: Incineroar|75/100
|move|p2a: Ceruledge|Bulk Up|p2a: Ceruledge
|-boost|p2a: Ceruledge|atk|1
|-boost|p2a: Ceruledge|def|1
|move|p1b: Scovillain|Leech Seed|p2a: Ceruledge
|-start|p2a: Ceruledge|move: Leech Seed
|
|-damage|p2a: Ceruledge|61/100|[from] Leech Seed|[of] p1b: Scovillain
|-ability|p1b: Scovillain|Moody|boost
|-boost|p1b: Scovillain|def|2
|-unboost|p1b: Scovillain|atk|1
|upkeep
|turn|3
|inactive|lockson1987 has 30 seconds left.
|
|t:|1783393485
|move|p1b: Scovillain|Protect|p1b: Scovillain
|-singleturn|p1b: Scovillain|Protect
|move|p1a: Aerodactyl|Rock Slide|p2a: Ceruledge|[spread] p2a,p2b
|-supereffective|p2a: Ceruledge|1
|-supereffective|p2b: Incineroar|1
|-damage|p2a: Ceruledge|43/100
|-damage|p2b: Incineroar|50/100g
|move|p2a: Ceruledge|Bitter Blade|p1a: Aerodactyl
|-resisted|p1a: Aerodactyl|1
|-damage|p1a: Aerodactyl|21/100
|-heal|p2a: Ceruledge|75/100|[from] drain|[of] p1a: Aerodactyl
|move|p2b: Incineroar|Parting Shot|p1a: Aerodactyl
|-unboost|p1a: Aerodactyl|atk|1
|-unboost|p1a: Aerodactyl|spa|1
|
|t:|1783393490
|switch|p2b: Raichu|Raichu-Mega-Y, L50, M|100/100|[from] Parting Shot
|
|-damage|p2a: Ceruledge|62/100|[from] Leech Seed|[of] p1b: Scovillain
|-ability|p1b: Scovillain|Moody|boost
|-boost|p1b: Scovillain|spa|2
|-unboost|p1b: Scovillain|spd|1
|upkeep
|turn|4
|
|t:|1783393512
|detailschange|p1b: Scovillain|Scovillain-Mega, L50, M
|-mega|p1b: Scovillain|Scovillain|Scovillainite
|move|p2b: Raichu|Fake Out|p1a: Aerodactyl
|-resisted|p1a: Aerodactyl|1
|-crit|p1a: Aerodactyl
|-damage|p1a: Aerodactyl|10/100
|move|p1b: Scovillain|Rage Powder|p1b: Scovillain
|-singleturn|p1b: Scovillain|move: Rage Powder
|cant|p1a: Aerodactyl|flinch
|move|p2a: Ceruledge|Bitter Blade|p1b: Scovillain
|-damage|p1b: Scovillain|37/100
|-heal|p2a: Ceruledge|92/100|[from] drain|[of] p1b: Scovillain
|-immune|p2a: Ceruledge
|
|-damage|p2a: Ceruledge|80/100|[from] Leech Seed|[of] p1b: Scovillain
|-heal|p1b: Scovillain|50/100y|[silent]
|upkeep
|turn|5
|
|t:|1783393534
|move|p2b: Raichu|Protect|p2b: Raichu
|-singleturn|p2b: Raichu|Protect
|move|p1a: Aerodactyl|Tailwind|p1a: Aerodactyl
|-sidestart|p1: lockson1987|move: Tailwind
|move|p1b: Scovillain|Giga Drain|p2b: Raichu
|-activate|p2b: Raichu|move: Protect
|move|p2a: Ceruledge|Bitter Blade|p1a: Aerodactyl
|-resisted|p1a: Aerodactyl|1
|-damage|p1a: Aerodactyl|0 fnt
|-heal|p2a: Ceruledge|85/100|[from] drain|[of] p1a: Aerodactyl
|faint|p1a: Aerodactyl
|
|-damage|p2a: Ceruledge|73/100|[from] Leech Seed|[of] p1b: Scovillain
|-heal|p1b: Scovillain|62/100|[silent]
|upkeep
|
|t:|1783393544
|switch|p1a: Pelipper|Pelipper, L50, M, shiny|100/100
|-weather|RainDance|[from] ability: Drizzle|[of] p1a: Pelipper
|turn|6
|
|t:|1783393567
|switch|p2b: Sinistcha|Sinistcha, L50|100/100
|-heal|p2a: Ceruledge|98/100|[from] ability: Hospitality|[of] p2b: Sinistcha
|move|p2a: Ceruledge|Protect|p2a: Ceruledge
|-singleturn|p2a: Ceruledge|Protect
|move|p1a: Pelipper|Weather Ball|p2a: Ceruledge
|-activate|p2a: Ceruledge|move: Protect
|move|p1b: Scovillain|Giga Drain|p2b: Sinistcha
|-resisted|p2b: Sinistcha|1
|-damage|p2b: Sinistcha|66/100
|-heal|p1b: Scovillain|80/100|[from] drain|[of] p2b: Sinistcha
|
|-weather|RainDance|[upkeep]
|-damage|p2a: Ceruledge|86/100|[from] Leech Seed|[of] p1b: Scovillain
|-heal|p1b: Scovillain|93/100|[silent]
|upkeep
|turn|7
|
|t:|1783393592
|move|p1b: Scovillain|Protect|p1b: Scovillain
|-singleturn|p1b: Scovillain|Protect
|move|p2b: Sinistcha|Protect|p2b: Sinistcha
|-singleturn|p2b: Sinistcha|Protect
|move|p2a: Ceruledge|Shadow Sneak|p1a: Pelipper
|-damage|p1a: Pelipper|57/100
|move|p1a: Pelipper|Hurricane|p2b: Sinistcha
|-activate|p2b: Sinistcha|move: Protect
|
|-weather|RainDance|[upkeep]
|-damage|p2a: Ceruledge|74/100|[from] Leech Seed|[of] p1b: Scovillain
|-heal|p1b: Scovillain|100/100|[silent]
|upkeep
|turn|8
|inactive|Gancelot has 30 seconds left.
|inactive|Gancelot has 20 seconds left.
|
|t:|1783393629
|move|p1b: Scovillain|Rage Powder|p1b: Scovillain
|-singleturn|p1b: Scovillain|move: Rage Powder
|move|p2b: Sinistcha|Rage Powder|p2b: Sinistcha
|-singleturn|p2b: Sinistcha|move: Rage Powder
|move|p2a: Ceruledge|Shadow Sneak|p1b: Scovillain
|-damage|p1b: Scovillain|69/100
|-immune|p2a: Ceruledge
|move|p1a: Pelipper|Hurricane|p2b: Sinistcha
|-supereffective|p2b: Sinistcha|1
|-damage|p2b: Sinistcha|0 fnt
|faint|p2b: Sinistcha
|
|-weather|RainDance|[upkeep]
|-damage|p2a: Ceruledge|61/100|[from] Leech Seed|[of] p1b: Scovillain
|-heal|p1b: Scovillain|82/100|[silent]
|-sideend|p1: lockson1987|move: Tailwind
|upkeep
|
|t:|1783393634
|switch|p2b: Incineroar|Incineroar, L50, F|50/100g
|-ability|p2b: Incineroar|Intimidate|boost
|-unboost|p1a: Pelipper|atk|1
|-unboost|p1b: Scovillain|atk|1
|turn|9
|
|t:|1783393650
|move|p1b: Scovillain|Protect|p1b: Scovillain
|-singleturn|p1b: Scovillain|Protect
|move|p2b: Incineroar|Fake Out|p1a: Pelipper
|-damage|p1a: Pelipper|44/100
|move|p2a: Ceruledge|Bulk Up|p2a: Ceruledge
|-boost|p2a: Ceruledge|atk|1
|-boost|p2a: Ceruledge|def|1
|cant|p1a: Pelipper|flinch
|
|-weather|RainDance|[upkeep]
|-damage|p2a: Ceruledge|49/100|[from] Leech Seed|[of] p1b: Scovillain
|-heal|p1b: Scovillain|95/100|[silent]
|upkeep
|turn|10
|
|t:|1783393670
|move|p2a: Ceruledge|Protect|p2a: Ceruledge
|-singleturn|p2a: Ceruledge|Protect
|move|p1a: Pelipper|Weather Ball|p2a: Ceruledge
|-activate|p2a: Ceruledge|move: Protect
|move|p1b: Scovillain|Leech Seed|p2b: Incineroar
|-start|p2b: Incineroar|move: Leech Seed
|move|p2b: Incineroar|Parting Shot|p1a: Pelipper
|-unboost|p1a: Pelipper|atk|1
|-unboost|p1a: Pelipper|spa|1
|
|t:|1783393675
|switch|p2b: Raichu|Raichu-Mega-Y, L50, M|100/100|[from] Parting Shot
|
|-weather|none
|-damage|p2a: Ceruledge|37/100|[from] Leech Seed|[of] p1b: Scovillain
|-heal|p1b: Scovillain|100/100|[silent]
|upkeep
|turn|11
|inactive|lockson1987 has 30 seconds left.
|
|t:|1783393701
|switch|p1a: Araquanid|Araquanid, L50, M, shiny|100/100
|move|p2b: Raichu|Fake Out|p1b: Scovillain
|-damage|p1b: Scovillain|93/100
|-status|p2b: Raichu|brn|[from] ability: Spicy Spray|[of] p1b: Scovillain
|move|p2a: Ceruledge|Bitter Blade|p1a: Araquanid
|-damage|p1a: Araquanid|38/100
|-heal|p2a: Ceruledge|65/100|[from] drain|[of] p1a: Araquanid
|cant|p1b: Scovillain|flinch
|
|-damage|p2a: Ceruledge|53/100|[from] Leech Seed|[of] p1b: Scovillain
|-heal|p1b: Scovillain|100/100|[silent]
|-damage|p2b: Raichu|93/100 brn|[from] brn
|upkeep
|turn|12
|inactive|lockson1987 has 30 seconds left.
|inactive|lockson1987 has 20 seconds left.
|inactive|lockson1987 has 15 seconds left.
|
|t:|1783393741
|move|p2b: Raichu|Zap Cannon|p1a: Araquanid
|-supereffective|p1a: Araquanid|1
|-damage|p1a: Araquanid|0 fnt
|faint|p1a: Araquanid
|move|p2a: Ceruledge|Bitter Blade|p1b: Scovillain
|-damage|p1b: Scovillain|19/100
|-heal|p2a: Ceruledge|91/100|[from] drain|[of] p1b: Scovillain
|-immune|p2a: Ceruledge
|move|p1b: Scovillain|Giga Drain|p2b: Raichu
|-damage|p2b: Raichu|0 fnt
|-heal|p1b: Scovillain|65/100|[from] drain|[of] p2b: Raichu
|faint|p2b: Raichu
|
|-damage|p2a: Ceruledge|79/100|[from] Leech Seed|[of] p1b: Scovillain
|-heal|p1b: Scovillain|77/100|[silent]
|upkeep
|
|t:|1783393756
|switch|p2b: Incineroar|Incineroar, L50, F|50/100g
|switch|p1a: Pelipper|Pelipper, L50, M, shiny|44/100
|-weather|RainDance|[from] ability: Drizzle|[of] p1a: Pelipper
|-ability|p2b: Incineroar|Intimidate|boost
|-unboost|p1a: Pelipper|atk|1
|-unboost|p1b: Scovillain|atk|1
|turn|13
|
|t:|1783393775
|move|p2b: Incineroar|Fake Out|p1b: Scovillain
|-damage|p1b: Scovillain|71/100
|-immune|p2b: Incineroar
|move|p2a: Ceruledge|Shadow Sneak|p1a: Pelipper
|-damage|p1a: Pelipper|0 fnt
|faint|p1a: Pelipper
|cant|p1b: Scovillain|flinch
|
|-weather|RainDance|[upkeep]
|-damage|p2a: Ceruledge|66/100|[from] Leech Seed|[of] p1b: Scovillain
|-heal|p1b: Scovillain|84/100|[silent]
|upkeep
|turn|14
|
|t:|1783393790
|move|p2a: Ceruledge|Bitter Blade|p1b: Scovillain
|-damage|p1b: Scovillain|43/100
|-heal|p2a: Ceruledge|86/100|[from] drain|[of] p1b: Scovillain
|-immune|p2a: Ceruledge
|move|p1b: Scovillain|Leech Seed|p2b: Incineroar
|-start|p2b: Incineroar|move: Leech Seed
|move|p2b: Incineroar|Parting Shot|p1b: Scovillain
|-unboost|p1b: Scovillain|atk|1
|-unboost|p1b: Scovillain|spa|1
|
|-weather|RainDance|[upkeep]
|-damage|p2a: Ceruledge|74/100|[from] Leech Seed|[of] p1b: Scovillain
|-heal|p1b: Scovillain|56/100|[silent]
|-damage|p2b: Incineroar|38/100|[from] Leech Seed|[of] p1b: Scovillain
|-heal|p1b: Scovillain|70/100|[silent]
|upkeep
|-enditem|p2b: Incineroar|Sitrus Berry|[eat]
|-heal|p2b: Incineroar|62/100|[from] item: Sitrus Berry
|turn|15
|
|t:|1783393814
|move|p2a: Ceruledge|Bitter Blade|p1b: Scovillain
|-damage|p1b: Scovillain|26/100
|-heal|p2a: Ceruledge|95/100|[from] drain|[of] p1b: Scovillain
|-immune|p2a: Ceruledge
|move|p1b: Scovillain|Giga Drain|p2a: Ceruledge
|-resisted|p2a: Ceruledge|1
|-damage|p2a: Ceruledge|69/100
|-heal|p1b: Scovillain|40/100|[from] drain|[of] p2a: Ceruledge
|move|p2b: Incineroar|Parting Shot|p1b: Scovillain
|-unboost|p1b: Scovillain|atk|1
|-unboost|p1b: Scovillain|spa|1
|
|-weather|RainDance|[upkeep]
|-damage|p2a: Ceruledge|57/100|[from] Leech Seed|[of] p1b: Scovillain
|-heal|p1b: Scovillain|52/100|[silent]
|-damage|p2b: Incineroar|50/100g|[from] Leech Seed|[of] p1b: Scovillain
|-heal|p1b: Scovillain|67/100|[silent]
|upkeep
|turn|16
|
|t:|1783393831
|move|p1b: Scovillain|Protect|p1b: Scovillain
|-singleturn|p1b: Scovillain|Protect
|move|p2a: Ceruledge|Bitter Blade|p1b: Scovillain
|-activate|p1b: Scovillain|move: Protect
|move|p2b: Incineroar|Parting Shot|p1b: Scovillain
|-activate|p1b: Scovillain|move: Protect
|
|-weather|RainDance|[upkeep]
|-damage|p2a: Ceruledge|45/100|[from] Leech Seed|[of] p1b: Scovillain
|-heal|p1b: Scovillain|80/100|[silent]
|-damage|p2b: Incineroar|38/100|[from] Leech Seed|[of] p1b: Scovillain
|-heal|p1b: Scovillain|94/100|[silent]
|upkeep
|turn|17
|
|t:|1783393849
|move|p2a: Ceruledge|Bitter Blade|p1b: Scovillain
|-damage|p1b: Scovillain|57/100
|-heal|p2a: Ceruledge|62/100|[from] drain|[of] p1b: Scovillain
|-immune|p2a: Ceruledge
|move|p1b: Scovillain|Giga Drain|p2b: Incineroar
|-resisted|p2b: Incineroar|1
|-damage|p2b: Incineroar|20/100y
|-heal|p1b: Scovillain|68/100|[from] drain|[of] p2b: Incineroar
|move|p2b: Incineroar|Parting Shot|p1b: Scovillain
|-unboost|p1b: Scovillain|atk|0
|-unboost|p1b: Scovillain|spa|1
|
|-weather|none
|-damage|p2a: Ceruledge|50/100g|[from] Leech Seed|[of] p1b: Scovillain
|-heal|p1b: Scovillain|80/100|[silent]
|-damage|p2b: Incineroar|8/100|[from] Leech Seed|[of] p1b: Scovillain
|-heal|p1b: Scovillain|95/100|[silent]
|upkeep
|turn|18
|
|t:|1783393865
|move|p1b: Scovillain|Protect|p1b: Scovillain
|-singleturn|p1b: Scovillain|Protect
|move|p2a: Ceruledge|Bitter Blade|p2b: Incineroar
|-resisted|p2b: Incineroar|1
|-damage|p2b: Incineroar|0 fnt
|-heal|p2a: Ceruledge|55/100|[from] drain|[of] p2b: Incineroar
|faint|p2b: Incineroar
|
|-damage|p2a: Ceruledge|43/100|[from] Leech Seed|[of] p1b: Scovillain
|-heal|p1b: Scovillain|100/100|[silent]
|upkeep
|turn|19
|
|t:|1783393879
|move|p2a: Ceruledge|Bitter Blade|p1b: Scovillain
|-crit|p1b: Scovillain
|-damage|p1b: Scovillain|0 fnt
|-heal|p2a: Ceruledge|91/100|[from] drain|[of] p1b: Scovillain
|-immune|p2a: Ceruledge
|faint|p1b: Scovillain
|
|win|Gancelot
||lockson1987 is ready for game 2.
||Gancelot is ready for game 2.
|uhtml|next|Next: Game 2 of 3
