|j|☆Dkswagggy
|j|☆archaludon_enjoyer
|html|Dkswagggyarchaludon_enjoyer    
|uhtml|bestof|Game 2 of a best-of-3
|t:|1756230001
|gametype|doubles
|player|p1|Dkswagggy|steven|1267
|player|p2|archaludon_enjoyer|1|1242
|gen|9
|tier|[Gen 9] VGC 2025 Reg H (Bo3)
|rated|
|rule|Species Clause: Limit one of each Pokémon
|rule|Item Clause: Limit 1 of each item
|clearpoke
|poke|p1|Volcarona, L50, F|
|poke|p1|Ursaluna-Bloodmoon, L50, M|
|poke|p1|Dragonite, L50, F|
|poke|p1|Gholdengo, L50|
|poke|p1|Gallade, L50, M|
|poke|p1|Amoonguss, L50, F|
|poke|p2|Electabuzz, L50, M|
|poke|p2|Basculegion, L50, M|
|poke|p2|Rillaboom, L50, M|
|poke|p2|Kingambit, L50, M|
|poke|p2|Archaludon, L50, M|
|poke|p2|Pelipper, L50, M|
|teampreview|4
|showteam|p1|Volcarona||Leftovers|FlameBody|Protect,QuiverDance,HeatWave,GigaDrain|||F|||50|,,,,,Grass]Ursaluna-Bloodmoon||AssaultVest|MindsEye|BloodMoon,HyperVoice,EarthPower,VacuumWave|||M|||50|,,,,,Normal]Dragonite||LoadedDice|InnerFocus|Protect,Haze,ScaleShot,ExtremeSpeed|||F|||50|,,,,,Fairy]Gholdengo||LifeOrb|GoodasGold|Protect,NastyPlot,ShadowBall,MakeItRain||||||50|,,,,,Water]Gallade||CovertCloak|Sharpness|Protect,TrickRoom,PsychoCut,SacredSword|||M|||50|,,,,,Steel]Amoonguss||SitrusBerry|Regenerator|Spore,RagePowder,PollenPuff,SludgeBomb|||F|||50|,,,,,Water
|showteam|p2|Electabuzz||Eviolite|VitalSpirit|Electroweb,FollowMe,Protect,Taunt|||M|||50|,,,,,Ghost]Basculegion||ChoiceBand|SwiftSwim|WaveCrash,FlipTurn,AquaJet,LastRespects|||M|||50|,,,,,Grass]Rillaboom||LoadedDice|GrassySurge|BulletSeed,HighHorsepower,GrassyGlide,FakeOut|||M|||50|,,,,,Fire]Kingambit||BlackGlasses|Defiant|Protect,KowtowCleave,SwordsDance,SuckerPunch|||M|||50|,,,,,Dark]Archaludon||AssaultVest|Stamina|ElectroShot,BodyPress,FlashCannon,DracoMeteor|||M|||50|,,,,,Fairy]Pelipper||FocusSash|Drizzle|WeatherBall,Hurricane,Protect,Tailwind|||M|||50|,,,,,Ghost
|inactive|Battle timer is ON: inactive players will automatically lose when time's up. (requested by archaludon_enjoyer)
|
|t:|1756230021
|teamsize|p1|4
|teamsize|p2|4
|start
|switch|p1a: Ursaluna|Ursaluna-Bloodmoon, L50, M|100/100
|switch|p1b: Dragonite|Dragonite, L50, F|100/100
|switch|p2a: Electabuzz|Electabuzz, L50, M, shiny|100/100
|switch|p2b: Pelipper|Pelipper, L50, M|100/100
|-weather|RainDance|[from] ability: Drizzle|[of] p2b: Pelipper
|turn|1
|
|t:|1756230039
|switch|p1a: Amoonguss|Amoonguss, L50, F, shiny|100/100
|move|p2a: Electabuzz|Protect|p2a: Electabuzz
|-singleturn|p2a: Electabuzz|Protect
|move|p2b: Pelipper|Tailwind|p2b: Pelipper
|-sidestart|p2: archaludon_enjoyer|move: Tailwind
|move|p1b: Dragonite|Scale Shot|p2b: Pelipper
|-damage|p2b: Pelipper|81/100
|-damage|p2b: Pelipper|62/100
|-damage|p2b: Pelipper|42/100
|-damage|p2b: Pelipper|24/100
|-damage|p2b: Pelipper|4/100
|-hitcount|p2b: Pelipper|5
|-unboost|p1b: Dragonite|def|1
|-boost|p1b: Dragonite|spe|1
|
|-weather|RainDance|[upkeep]
|upkeep
|turn|2
|inactive|Dkswagggy has 30 seconds left.
|
|t:|1756230067
|move|p2a: Electabuzz|Follow Me|p2a: Electabuzz
|-singleturn|p2a: Electabuzz|move: Follow Me
|move|p1b: Dragonite|Extreme Speed|p2a: Electabuzz
|-damage|p2a: Electabuzz|77/100
|move|p2b: Pelipper|Hurricane|p1a: Amoonguss
|-supereffective|p1a: Amoonguss
|-damage|p1a: Amoonguss|10/100
|-start|p1a: Amoonguss|confusion
|-enditem|p1a: Amoonguss|Sitrus Berry|[eat]
|-heal|p1a: Amoonguss|35/100|[from] item: Sitrus Berry
|-activate|p1a: Amoonguss|confusion
|-damage|p1a: Amoonguss|30/100|[from] confusion
|
|-weather|RainDance|[upkeep]
|upkeep
|turn|3
|
|t:|1756230086
|switch|p1a: Ursaluna|Ursaluna-Bloodmoon, L50, M|100/100
|move|p2a: Electabuzz|Follow Me|p2a: Electabuzz
|-singleturn|p2a: Electabuzz|move: Follow Me
|move|p2b: Pelipper|Hurricane|p1a: Ursaluna
|-damage|p1a: Ursaluna|68/100
|-start|p1a: Ursaluna|confusion
|move|p1b: Dragonite|Scale Shot|p2a: Electabuzz
|-damage|p2a: Electabuzz|64/100
|-damage|p2a: Electabuzz|52/100
|-crit|p2a: Electabuzz
|-damage|p2a: Electabuzz|34/100
|-damage|p2a: Electabuzz|23/100
|-damage|p2a: Electabuzz|12/100
|-hitcount|p2a: Electabuzz|5
|-unboost|p1b: Dragonite|def|1
|-boost|p1b: Dragonite|spe|1
|
|-weather|RainDance|[upkeep]
|upkeep
|turn|4
|inactive|Dkswagggy has 30 seconds left.
|
|t:|1756230116
|move|p2a: Electabuzz|Follow Me|p2a: Electabuzz
|-singleturn|p2a: Electabuzz|move: Follow Me
|move|p1b: Dragonite|Extreme Speed|p2a: Electabuzz
|-damage|p2a: Electabuzz|0 fnt
|faint|p2a: Electabuzz
|-activate|p1a: Ursaluna|confusion
|-damage|p1a: Ursaluna|64/100|[from] confusion
|move|p2b: Pelipper|Hurricane|p1a: Ursaluna
|-damage|p1a: Ursaluna|32/100
|
|-weather|RainDance|[upkeep]
|-sideend|p2: archaludon_enjoyer|move: Tailwind
|upkeep
|
|t:|1756230130
|switch|p2a: Archaludon|Archaludon, L50, M, shiny|100/100
|turn|5
|
|t:|1756230152
|move|p1b: Dragonite|Extreme Speed|p2b: Pelipper
|-damage|p2b: Pelipper|0 fnt
|faint|p2b: Pelipper
|move|p2a: Archaludon|Electro Shot||[still]
|-prepare|p2a: Archaludon|Electro Shot
|-boost|p2a: Archaludon|spa|1
|-anim|p2a: Archaludon|Electro Shot|p1b: Dragonite
|-damage|p1b: Dragonite|49/100
|-activate|p1a: Ursaluna|confusion
|move|p1a: Ursaluna|Earth Power|p2a: Archaludon
|-supereffective|p2a: Archaludon
|-damage|p2a: Archaludon|34/100
|-ability|p2a: Archaludon|Stamina|boost
|-boost|p2a: Archaludon|def|1
|
|-weather|none
|upkeep
|
|t:|1756230157
|switch|p2b: Kingambit|Kingambit, L50, M, shiny|100/100
|turn|6
|inactive|Dkswagggy has 30 seconds left.
|
|t:|1756230184
|switch|p1a: Amoonguss|Amoonguss, L50, F, shiny|63/100
|-terastallize|p2b: Kingambit|Dark
|move|p1b: Dragonite|Protect|p1b: Dragonite
|-singleturn|p1b: Dragonite|Protect
|move|p2b: Kingambit|Sucker Punch||[still]
|-fail|p2b: Kingambit
|move|p2a: Archaludon|Body Press|p1a: Amoonguss
|-resisted|p1a: Amoonguss
|-damage|p1a: Amoonguss|49/100
|
|upkeep
|turn|7
|
|t:|1756230207
|move|p2b: Kingambit|Protect|p2b: Kingambit
|-singleturn|p2b: Kingambit|Protect
|move|p1a: Amoonguss|Rage Powder|p1a: Amoonguss
|-singleturn|p1a: Amoonguss|move: Rage Powder
|move|p1b: Dragonite|Scale Shot|p2b: Kingambit
|-activate|p2b: Kingambit|move: Protect
|move|p2a: Archaludon|Draco Meteor|p1a: Amoonguss
|-damage|p1a: Amoonguss|0 fnt
|-unboost|p2a: Archaludon|spa|2
|faint|p1a: Amoonguss
|
|upkeep
|
|t:|1756230227
|switch|p1a: Volcarona|Volcarona, L50, F, shiny|100/100
|turn|8
|
|t:|1756230244
|move|p1b: Dragonite|Scale Shot|p2b: Kingambit
|-damage|p2b: Kingambit|90/100
|-damage|p2b: Kingambit|78/100
|-damage|p2b: Kingambit|67/100
|-damage|p2b: Kingambit|56/100
|-hitcount|p2b: Kingambit|4
|-unboost|p1b: Dragonite|def|1
|-boost|p1b: Dragonite|spe|1
|move|p1a: Volcarona|Quiver Dance|p1a: Volcarona
|-boost|p1a: Volcarona|spa|1
|-boost|p1a: Volcarona|spd|1
|-boost|p1a: Volcarona|spe|1
|move|p2a: Archaludon|Draco Meteor|p1a: Volcarona
|-damage|p1a: Volcarona|79/100
|-unboost|p2a: Archaludon|spa|2
|move|p2b: Kingambit|Kowtow Cleave|p1a: Volcarona
|-damage|p1a: Volcarona|0 fnt
|faint|p1a: Volcarona
|
|upkeep
|
|t:|1756230262
|switch|p1a: Ursaluna|Ursaluna-Bloodmoon, L50, M|32/100
|turn|9
|
|t:|1756230273
|move|p1a: Ursaluna|Vacuum Wave|p2b: Kingambit
|-supereffective|p2b: Kingambit
|-damage|p2b: Kingambit|26/100
|move|p2b: Kingambit|Sucker Punch|p1b: Dragonite
|-damage|p1b: Dragonite|0 fnt
|faint|p1b: Dragonite
|move|p2a: Archaludon|Body Press|p1a: Ursaluna
|-supereffective|p1a: Ursaluna
|-damage|p1a: Ursaluna|0 fnt
|faint|p1a: Ursaluna
|
|win|archaludon_enjoyer
|raw|Dkswagggy's rating: 1267 → 1240(-27 for losing)
|raw|archaludon_enjoyer's rating: 1242 → 1269(+27 for winning)
|l|☆Dkswagggy
|player|p1|
