|j|☆OCFrey
|j|☆policho98
|html|OCFreypolicho98    
|uhtml|bestof|Game 3 of a best-of-3
|t:|1784832679
|gametype|doubles
|player|p1|OCFrey|170|1203
|player|p2|policho98|1|1231
|gen|9
|tier|[Gen 9 Champions] VGC 2026 Reg M-B (Bo3)
|rated|
|rule|Species Clause: Limit one of each Pokémon
|rule|Item Clause: Limit 1 of each item
|clearpoke
|poke|p1|Pyroar, L50, F|
|poke|p1|Altaria, L50, M|
|poke|p1|Sinistcha, L50|
|poke|p1|Grimmsnarl, L50, M|
|poke|p1|Toxapex, L50, F|
|poke|p1|Eelektross, L50, M|
|poke|p2|Aerodactyl, L50, M|
|poke|p2|Kingambit, L50, F|
|poke|p2|Sylveon, L50, F|
|poke|p2|Garchomp, L50, F|
|poke|p2|Charizard, L50, F|
|poke|p2|Incineroar, L50, M|
|teampreview|4
|showteam|p1|Pyroar||Pyroarite|Unnerve|Overheat,HeatWave,Substitute,Protect|Timid||F|||50|]Altaria||HabanBerry|CloudNine|Protect,Tailwind,HelpingHand,DracoMeteor|Timid||M|||50|]Sinistcha||SitrusBerry|Hospitality|RagePowder,MatchaGotcha,Protect,LifeDew|Bold|||||50|]Grimmsnarl||LightClay|Prankster|FakeOut,PartingShot,Reflect,SpiritBreak|Impish||M|||50|]Toxapex||Leftovers|Regenerator|WideGuard,BanefulBunker,Infestation,Toxic|Bold||F|||50|]Eelektross||Eelektrossite|Levitate|Thunderbolt,Flamethrower,DragonPulse,Protect|Modest||M|||50|
|showteam|p2|Aerodactyl||Aerodactylite|Unnerve|RockSlide,IceFang,Tailwind,WideGuard|Jolly||M|||50|]Kingambit||FocusSash|Defiant|KowtowCleave,SuckerPunch,IronHead,Protect|Adamant||F|||50|]Sylveon||FairyFeather|Pixilate|Detect,HyperVoice,HyperBeam,QuickAttack|Modest||F|||50|]Garchomp||LifeOrb|RoughSkin|Earthquake,DragonClaw,StompingTantrum,Protect|Jolly||F|||50|]Charizard||CharizarditeY|Blaze|Protect,HeatWave,SolarBeam,WeatherBall|Modest||F|||50|]Incineroar||SitrusBerry|Intimidate|DarkestLariat,FlareBlitz,FakeOut,PartingShot|Impish||M|||50|
|
|t:|1784832698
|teamsize|p1|4
|teamsize|p2|4
|start
|switch|p1a: Grimmsnarl|Grimmsnarl, L50, M|100/100
|switch|p1b: Toxapex|Toxapex, L50, F|100/100
|switch|p2a: Garchomp|Garchomp, L50, F|100/100
|switch|p2b: Incineroar|Incineroar, L50, M|100/100
|-ability|p2b: Incineroar|Intimidate|boost
|-unboost|p1a: Grimmsnarl|atk|1
|-unboost|p1b: Toxapex|atk|1
|turn|1
|inactive|Battle timer is ON: inactive players will automatically lose when time's up. (requested by OCFrey)
|
|t:|1784832723
|move|p1a: Grimmsnarl|Fake Out|p2a: Garchomp
|-damage|p2a: Garchomp|92/100
|-damage|p1a: Grimmsnarl|87/100|[from] ability: Rough Skin|[of] p2a: Garchomp
|cant|p2a: Garchomp|flinch
|move|p2b: Incineroar|Parting Shot|p1a: Grimmsnarl
|-unboost|p1a: Grimmsnarl|atk|1
|-unboost|p1a: Grimmsnarl|spa|1
|
|t:|1784832732
|switch|p2b: Charizard|Charizard, L50, F|100/100|[from] Parting Shot
|move|p1b: Toxapex|Infestation|p2a: Garchomp
|-damage|p2a: Garchomp|89/100
|-activate|p2a: Garchomp|move: Infestation|[of] p1b: Toxapex
|-damage|p1b: Toxapex|87/100|[from] ability: Rough Skin|[of] p2a: Garchomp
|
|-heal|p1b: Toxapex|93/100|[from] item: Leftovers
|-damage|p2a: Garchomp|77/100|[from] move: Infestation|[partiallytrapped]
|upkeep
|turn|2
|inactive|OCFrey has 30 seconds left.
|
|t:|1784832758
|detailschange|p2b: Charizard|Charizard-Mega-Y, L50, F
|-mega|p2b: Charizard|Charizard|Charizardite Y
|-weather|SunnyDay|[from] ability: Drought|[of] p2b: Charizard
|move|p1a: Grimmsnarl|Reflect|p1a: Grimmsnarl
|-sidestart|p1: OCFrey|Reflect
|move|p2a: Garchomp|Earthquake|p1a: Grimmsnarl|[spread] p1a,p1b
|-immune|p2b: Charizard
|-supereffective|p1b: Toxapex|1
|-damage|p1a: Grimmsnarl|57/100
|-damage|p1b: Toxapex|43/100
|-damage|p2a: Garchomp|67/100|[from] item: Life Orb
|move|p2b: Charizard|Weather Ball|p1a: Grimmsnarl
|-damage|p1a: Grimmsnarl|0 fnt
|faint|p1a: Grimmsnarl
|move|p1b: Toxapex|Toxic|p2a: Garchomp
|-status|p2a: Garchomp|tox
|
|-weather|SunnyDay|[upkeep]
|-heal|p1b: Toxapex|49/100|[from] item: Leftovers
|-damage|p2a: Garchomp|61/100 tox|[from] psn
|-damage|p2a: Garchomp|49/100 tox|[from] move: Infestation|[partiallytrapped]
|upkeep
|
|t:|1784832769
|switch|p1a: Pyroar|Pyroar, L50, F|100/100
|-ability|p1a: Pyroar|Unnerve
|turn|3
|
|t:|1784832792
|detailschange|p1a: Pyroar|Pyroar-Mega, L50, F
|-mega|p1a: Pyroar|Pyroar|Pyroarite
|move|p1a: Pyroar|Heat Wave|p2a: Garchomp|[spread] p2a,p2b
|-resisted|p2a: Garchomp|1
|-resisted|p2b: Charizard|1
|-damage|p2a: Garchomp|1/100 tox
|-damage|p2b: Charizard|62/100
|move|p2a: Garchomp|Stomping Tantrum|p1b: Toxapex
|-supereffective|p1b: Toxapex|1
|-damage|p1b: Toxapex|0 fnt
|faint|p1b: Toxapex
|-damage|p2a: Garchomp|0 fnt|[from] item: Life Orb
|faint|p2a: Garchomp
|move|p2b: Charizard|Solar Beam||[still]
|-prepare|p2b: Charizard|Solar Beam
|-anim|p2b: Charizard|Solar Beam|p1a: Pyroar
|-resisted|p1a: Pyroar|1
|-damage|p1a: Pyroar|71/100
|
|-weather|SunnyDay|[upkeep]
|upkeep
|
|t:|1784832807
|switch|p2a: Incineroar|Incineroar, L50, M|100/100
|switch|p1b: Sinistcha|Sinistcha, L50|100/100
|-ability|p2a: Incineroar|Intimidate|boost
|-unboost|p1a: Pyroar|atk|1
|-unboost|p1b: Sinistcha|atk|1
|-heal|p1a: Pyroar|95/100|[from] ability: Hospitality|[of] p1b: Sinistcha
|turn|4
|
|t:|1784832822
|move|p1b: Sinistcha|Protect|p1b: Sinistcha
|-singleturn|p1b: Sinistcha|Protect
|move|p2a: Incineroar|Fake Out|p1a: Pyroar
|-damage|p1a: Pyroar|87/100
|cant|p1a: Pyroar|flinch
|move|p2b: Charizard|Weather Ball|p1b: Sinistcha
|-activate|p1b: Sinistcha|move: Protect
|
|-weather|SunnyDay|[upkeep]
|upkeep
|turn|5
|inactive|policho98 has 30 seconds left.
|
|t:|1784832853
|move|p1b: Sinistcha|Protect||[still]
|-fail|p1b: Sinistcha
|move|p1a: Pyroar|Heat Wave|p2b: Charizard|[spread] p2b
|-miss|p1a: Pyroar|p2a: Incineroar
|-resisted|p2b: Charizard|1
|-damage|p2b: Charizard|24/100
|move|p2b: Charizard|Weather Ball|p1b: Sinistcha
|-supereffective|p1b: Sinistcha|1
|-damage|p1b: Sinistcha|0 fnt
|faint|p1b: Sinistcha
|move|p2a: Incineroar|Flare Blitz|p1a: Pyroar
|-resisted|p1a: Pyroar|1
|-damage|p1a: Pyroar|61/100
|-damage|p2a: Incineroar|93/100|[from] Recoil
|
|-weather|SunnyDay|[upkeep]
|upkeep
|turn|6
|
|t:|1784832872
|move|p1a: Pyroar|Heat Wave|p2b: Charizard|[spread] p2a,p2b
|-resisted|p2a: Incineroar|1
|-resisted|p2b: Charizard|1
|-damage|p2a: Incineroar|50/100g
|-damage|p2b: Charizard|0 fnt
|faint|p2b: Charizard
|move|p2a: Incineroar|Darkest Lariat|p1a: Pyroar
|-damage|p1a: Pyroar|34/100
|
|-weather|none
|upkeep
|
|t:|1784832880
|switch|p2b: Sylveon|Sylveon, L50, F|100/100
|turn|7
|
|t:|1784832884
|move|p1a: Pyroar|Overheat|p2b: Sylveon
|-damage|p2b: Sylveon|23/100
|-unboost|p1a: Pyroar|spa|2
|move|p2b: Sylveon|Hyper Voice|p1a: Pyroar
|-resisted|p1a: Pyroar|1
|-damage|p1a: Pyroar|0 fnt
|faint|p1a: Pyroar
|
|win|policho98
|raw|OCFrey's rating: 1203 → 1180(-23 for losing)
|raw|policho98's rating: 1231 → 1254(+23 for winning)
|l|☆OCFrey
|player|p1|
