|j|☆VGC_Vapor
|j|☆You’reJustDead!
|html|VGC_VaporYou’reJustDead!    
|uhtml|bestof|Game 3 of a best-of-3
|t:|1783742649
|gametype|doubles
|player|p1|VGC_Vapor|blue|
|player|p2|You’reJustDead!|misty|
|gen|9
|tier|[Gen 9 Champions] VGC 2026 Reg M-B (Bo3)
|rule|Species Clause: Limit one of each Pokémon
|rule|Item Clause: Limit 1 of each item
|clearpoke
|poke|p1|Froslass, L50, F|
|poke|p1|Whimsicott, L50, M, shiny|
|poke|p1|Sneasler, L50, F|
|poke|p1|Kingambit, L50, F|
|poke|p1|Sylveon, L50, M, shiny|
|poke|p1|Basculegion, L50, M|
|poke|p2|Gardevoir, L50, M|
|poke|p2|Mudsdale, L50, F|
|poke|p2|Incineroar, L50, M|
|poke|p2|Gholdengo, L50|
|poke|p2|Hydreigon, L50, F|
|poke|p2|Aerodactyl, L50, F|
|teampreview|4
|showteam|p1|Froslass||Froslassite|CursedBody|Blizzard,ShadowBall,AuroraVeil,Protect|Timid||F|||50|]Whimsicott||FocusSash|Prankster|Tailwind,Moonblast,Encore,FakeTears|Timid||M|||50|]Sneasler||WhiteHerb|Unburden|FakeOut,CloseCombat,DireClaw,RockTomb|Adamant||F|||50|]Kingambit||BlackGlasses|Defiant|KowtowCleave,SuckerPunch,SwordsDance,Protect|Adamant||F|||50|]Sylveon||FairyFeather|Pixilate|HyperBeam,HyperVoice,Moonblast,Protect|Modest||M|||50|]Basculegion||ChoiceScarf|Adaptability|LastRespects,WaveCrash,FlipTurn,AquaJet|Adamant||M|||50|
|showteam|p2|Gardevoir||Gardevoirite|Synchronize|HyperVoice,Psychic,Protect,TrickRoom|Modest||M|||50|]Mudsdale||LifeOrb|InnerFocus|RockSlide,HighHorsepower,HeavySlam,Earthquake|Adamant||F|||50|]Incineroar||SitrusBerry|Intimidate|FakeOut,PartingShot,FlareBlitz,Protect|Impish||M|||50|]Gholdengo||MetalCoat|GoodasGold|MakeItRain,ShadowBall,NastyPlot,Protect|Modest|||||50|]Hydreigon||ChoiceScarf|Levitate|DarkPulse,DracoMeteor,Snarl,EarthPower|Timid||F|||50|]Aerodactyl||FocusSash|Unnerve|DualWingbeat,RockSlide,Tailwind,Protect|Jolly||F|||50|
|inactive|Battle timer is ON: inactive players will automatically lose when time's up. (requested by You’reJustDead!)
|inactive|VGC_Vapor also wants the timer to be on.
|
|t:|1783742671
|teamsize|p1|4
|teamsize|p2|4
|start
|switch|p1a: Gojo|Whimsicott, L50, M, shiny|100/100
|switch|p1b: Rukia|Froslass, L50, F|100/100
|switch|p2a: Goatevoir|Gardevoir, L50, M|100/100
|switch|p2b: Is a bird|Aerodactyl, L50, F|100/100
|-ability|p2b: Is a bird|Unnerve
|turn|1
|inactive|You’reJustDead! has 30 seconds left.
|j| pccbml
|
|t:|1783742704
|detailschange|p1b: Rukia|Froslass-Mega, L50, F
|-mega|p1b: Rukia|Froslass|Froslassite
|-weather|Snowscape|[from] ability: Snow Warning|[of] p1b: Rukia
|detailschange|p2a: Goatevoir|Gardevoir-Mega, L50, M
|-mega|p2a: Goatevoir|Gardevoir|Gardevoirite
|move|p2a: Goatevoir|Protect|p2a: Goatevoir
|-singleturn|p2a: Goatevoir|Protect
|move|p1a: Gojo|Fake Tears|p2a: Goatevoir
|-activate|p2a: Goatevoir|move: Protect
|move|p2b: Is a bird|Tailwind|p2b: Is a bird
|-sidestart|p2: You’reJustDead!|move: Tailwind
|move|p1b: Rukia|Shadow Ball|p2a: Goatevoir
|-activate|p2a: Goatevoir|move: Protect
|
|-weather|Snowscape|[upkeep]
|upkeep
|turn|2
|
|t:|1783742724
|switch|p2a: Bubba!|Mudsdale, L50, F|100/100
|move|p1a: Gojo|Encore||[still]
|-fail|p1a: Gojo
|move|p2b: Is a bird|Dual Wingbeat|p1a: Gojo
|-supereffective|p1a: Gojo|1
|-damage|p1a: Gojo|60/100
|-supereffective|p1a: Gojo|1
|-damage|p1a: Gojo|20/100r
|-hitcount|p1a: Gojo|2
|move|p1b: Rukia|Aurora Veil|p1b: Rukia
|-sidestart|p1: VGC_Vapor|move: Aurora Veil
|
|-weather|Snowscape|[upkeep]
|upkeep
|turn|3
|
|t:|1783742737
|move|p1a: Gojo|Encore|p2b: Is a bird
|-start|p2b: Is a bird|Encore
|move|p2b: Is a bird|Dual Wingbeat|p1a: Gojo
|-supereffective|p1a: Gojo|1
|-damage|p1a: Gojo|0 fnt
|faint|p1a: Gojo
|-hitcount|p1: Gojo|1
|move|p1b: Rukia|Blizzard|p2a: Bubba!|[spread] p2a,p2b
|-supereffective|p2a: Bubba!|1
|-supereffective|p2b: Is a bird|1
|-damage|p2a: Bubba!|10/100
|-enditem|p2b: Is a bird|Focus Sash
|-damage|p2b: Is a bird|1/100
|-status|p2b: Is a bird|frz
|move|p2a: Bubba!|Heavy Slam|p1b: Rukia
|-supereffective|p1b: Rukia|1
|-damage|p1b: Rukia|21/100
|-damage|p2a: Bubba!|1/100|[from] item: Life Orb
|
|-weather|Snowscape|[upkeep]
|upkeep
|
|t:|1783742756
|switch|p1a: Kocho|Sneasler, L50, F|100/100
|turn|4
|
|t:|1783742762
|switch|p2a: Dih cheese|Gholdengo, L50|100/100
|cant|p2b: Is a bird|frz
|move|p1b: Rukia|Blizzard|p2b: Is a bird|[spread] p2a,p2b
|-resisted|p2a: Dih cheese|1
|-supereffective|p2b: Is a bird|1
|-damage|p2a: Dih cheese|78/100
|-damage|p2b: Is a bird|0 fnt
|faint|p2b: Is a bird
|move|p1a: Kocho|Close Combat|p2a: Dih cheese
|-immune|p2a: Dih cheese
|
|-weather|Snowscape|[upkeep]
|-sideend|p2: You’reJustDead!|move: Tailwind
|upkeep
|
|t:|1783742769
|switch|p2b: Goatevoir|Gardevoir-Mega, L50, M|100/100
|turn|5
|inactive|VGC_Vapor has 30 seconds left.
|
|t:|1783742796
|switch|p2b: Bubba!|Mudsdale, L50, F|1/100
|move|p1b: Rukia|Aurora Veil||[still]
|-fail|p1b: Rukia
|move|p1a: Kocho|Dire Claw|p2b: Bubba!
|-resisted|p2b: Bubba!|1
|-damage|p2b: Bubba!|0 fnt
|faint|p2b: Bubba!
|move|p2a: Dih cheese|Make It Rain|p1b: Rukia|[spread] p1a,p1b
|-supereffective|p1b: Rukia|1
|-damage|p1a: Kocho|47/100
|-damage|p1b: Rukia|0 fnt
|-unboost|p2a: Dih cheese|spa|2
|faint|p1b: Rukia
|
|-weather|none
|upkeep
|
|t:|1783742808
|switch|p1b: Kaido|Kingambit, L50, F|100/100
|switch|p2b: Goatevoir|Gardevoir-Mega, L50, M|100/100
|turn|6
|
|t:|1783742815
|move|p1b: Kaido|Sucker Punch|p2b: Goatevoir
|-damage|p2b: Goatevoir|36/100
|move|p1a: Kocho|Dire Claw|p2b: Goatevoir
|-supereffective|p2b: Goatevoir|1
|-damage|p2b: Goatevoir|0 fnt
|faint|p2b: Goatevoir
|move|p2a: Dih cheese|Nasty Plot|p2a: Dih cheese
|-boost|p2a: Dih cheese|spa|2
|
|-sideend|p1: VGC_Vapor|move: Aurora Veil
|upkeep
|turn|7
|
|t:|1783742830
|move|p1a: Kocho|Rock Tomb|p2a: Dih cheese
|-resisted|p2a: Dih cheese|1
|-crit|p2a: Dih cheese
|-damage|p2a: Dih cheese|62/100
|-unboost|p2a: Dih cheese|spe|1
|move|p2a: Dih cheese|Nasty Plot|p2a: Dih cheese
|-boost|p2a: Dih cheese|spa|2
|move|p1b: Kaido|Kowtow Cleave|p2a: Dih cheese
|-supereffective|p2a: Dih cheese|1
|-damage|p2a: Dih cheese|0 fnt
|faint|p2a: Dih cheese
|
|win|VGC_Vapor
