|j|☆OwlsGoHooot
|j|☆xflecha
|html|OwlsGoHoootxflecha    
|uhtml|bestof|Game 1 of a best-of-3
|t:|1784630547
|gametype|doubles
|player|p1|OwlsGoHooot|170|1137
|player|p2|xflecha|elesa|1264
|gen|9
|tier|[Gen 9 Champions] VGC 2026 Reg M-B (Bo3)
|rated|
|rule|Species Clause: Limit one of each Pokémon
|rule|Item Clause: Limit 1 of each item
|clearpoke
|poke|p1|Sneasler, L50, F|
|poke|p1|Sinistcha-Masterpiece, L50|
|poke|p1|Kingambit, L50, M|
|poke|p1|Incineroar, L50, M|
|poke|p1|Floette-Eternal, L50, F|
|poke|p1|Delphox, L50, F|
|poke|p2|Aerodactyl, L50, F|
|poke|p2|Garchomp, L50, M|
|poke|p2|Kingambit, L50, F|
|poke|p2|Charizard, L50, F|
|poke|p2|Sylveon, L50, M|
|poke|p2|Farigiraf, L50, M|
|teampreview|4
|showteam|p1|Sneasler||FocusSash|Unburden|CloseCombat,PoisonJab,FakeOut,QuickGuard|Jolly||F|||50|]Sinistcha-Masterpiece||OccaBerry|Hospitality|MatchaGotcha,RagePowder,TrickRoom,Protect|Relaxed|||||50|]Kingambit||BlackGlasses|Defiant|KowtowCleave,SuckerPunch,SwordsDance,Protect|Adamant||M|||50|]Incineroar||SitrusBerry|Intimidate|FlareBlitz,ThroatChop,FakeOut,PartingShot|Impish||M|||50|]Floette-Eternal||Floettite|FlowerVeil|Moonblast,DrainingKiss,CalmMind,Protect|Modest||F|||50|]Delphox||Delphoxite|Blaze|HeatWave,Psychic,NastyPlot,Protect|Timid||F|||50|
|showteam|p2|Aerodactyl||Aerodactylite|Unnerve|IceFang,RockSlide,Tailwind,DualWingbeat|Jolly||F|||50|]Garchomp||LifeOrb|RoughSkin|DragonClaw,StompingTantrum,Earthquake,Protect|Jolly||M|||50|]Kingambit||FocusSash|Defiant|SuckerPunch,KowtowCleave,IronHead,LowKick|Adamant||F|||50|]Charizard||CharizarditeY|SolarPower|Protect,WeatherBall,HeatWave,SolarBeam|Modest||F|||50|]Sylveon||FairyFeather|Pixilate|Protect,HyperVoice,HyperBeam,QuickAttack|Modest||M|||50|]Farigiraf||SitrusBerry|ArmorTail|TrickRoom,Thunderbolt,Roar,Psychic|Bold||M|||50|
|inactive|Battle timer is ON: inactive players will automatically lose when time's up. (requested by xflecha)
|
|t:|1784630589
|teamsize|p1|4
|teamsize|p2|4
|start
|switch|p1a: Sneasler|Sneasler, L50, F|100/100
|switch|p1b: Delphox|Delphox, L50, F|100/100
|switch|p2a: Aerodactyl|Aerodactyl, L50, F|100/100
|switch|p2b: Kingambit|Kingambit, L50, F|100/100
|-ability|p2a: Aerodactyl|Unnerve
|turn|1
|inactive|OwlsGoHooot has 30 seconds left.
|inactive|OwlsGoHooot has 20 seconds left.
|inactive|OwlsGoHooot has 15 seconds left.
|
|t:|1784630631
|detailschange|p2a: Aerodactyl|Aerodactyl-Mega, L50, F
|-mega|p2a: Aerodactyl|Aerodactyl|Aerodactylite
|detailschange|p1b: Delphox|Delphox-Mega, L50, F
|-mega|p1b: Delphox|Delphox|Delphoxite
|move|p1a: Sneasler|Fake Out|p2b: Kingambit
|-resisted|p2b: Kingambit|1
|-damage|p2b: Kingambit|93/100
|move|p2a: Aerodactyl|Dual Wingbeat|p1a: Sneasler
|-supereffective|p1a: Sneasler|1
|-damage|p1a: Sneasler|14/100
|-supereffective|p1a: Sneasler|1
|-damage|p1a: Sneasler|0 fnt
|faint|p1a: Sneasler
|-hitcount|p1: Sneasler|2
|move|p1b: Delphox|Nasty Plot|p1b: Delphox
|-boost|p1b: Delphox|spa|2
|cant|p2b: Kingambit|flinch
|
|upkeep
|
|t:|1784630652
|switch|p1a: Sinistcha|Sinistcha-Masterpiece, L50|100/100
|turn|2
|inactive|OwlsGoHooot has 30 seconds left.
|inactive|xflecha has 30 seconds left.
|
|t:|1784630679
|switch|p2b: Farigiraf|Farigiraf, L50, M|100/100
|move|p2a: Aerodactyl|Dual Wingbeat|p1a: Sinistcha
|-supereffective|p1a: Sinistcha|1
|-damage|p1a: Sinistcha|59/100
|-supereffective|p1a: Sinistcha|1
|-damage|p1a: Sinistcha|17/100
|-hitcount|p1a: Sinistcha|2
|move|p1b: Delphox|Heat Wave|p2a: Aerodactyl|[spread] p2a,p2b
|-resisted|p2a: Aerodactyl|1
|-damage|p2a: Aerodactyl|61/100
|-damage|p2b: Farigiraf|25/100
|-enditem|p2b: Farigiraf|Sitrus Berry|[eat]
|-heal|p2b: Farigiraf|50/100g|[from] item: Sitrus Berry
|move|p1a: Sinistcha|Matcha Gotcha|p2a: Aerodactyl|[spread] p2a,p2b
|-crit|p2b: Farigiraf
|-damage|p2a: Aerodactyl|35/100
|-heal|p1a: Sinistcha|30/100|[from] drain|[of] p2a: Aerodactyl
|-damage|p2b: Farigiraf|16/100
|-heal|p1a: Sinistcha|52/100|[from] drain|[of] p2b: Farigiraf
|
|upkeep
|turn|3
|inactive|xflecha has 30 seconds left.
|inactive|xflecha has 20 seconds left.
|inactive|xflecha has 15 seconds left.
|
|t:|1784630724
|switch|p1a: Incineroar|Incineroar, L50, M|100/100
|-ability|p1a: Incineroar|Intimidate|boost
|-unboost|p2a: Aerodactyl|atk|1
|-unboost|p2b: Farigiraf|atk|1
|move|p2a: Aerodactyl|Rock Slide|p1b: Delphox|[spread] p1a,p1b
|-supereffective|p1a: Incineroar|1
|-supereffective|p1b: Delphox|1
|-damage|p1a: Incineroar|73/100
|-damage|p1b: Delphox|53/100
|cant|p1b: Delphox|flinch
|move|p2b: Farigiraf|Psychic|p1a: Incineroar
|-immune|p1a: Incineroar
|
|upkeep
|turn|4
|
|t:|1784630749
|switch|p1a: Sinistcha|Sinistcha-Masterpiece, L50|52/100
|-heal|p1b: Delphox|77/100|[from] ability: Hospitality|[of] p1a: Sinistcha
|move|p2a: Aerodactyl|Tailwind|p2a: Aerodactyl
|-sidestart|p2: xflecha|move: Tailwind
|move|p1b: Delphox|Heat Wave|p2a: Aerodactyl|[spread] p2a,p2b
|-resisted|p2a: Aerodactyl|1
|-damage|p2a: Aerodactyl|0 fnt
|-damage|p2b: Farigiraf|0 fnt
|faint|p2a: Aerodactyl
|faint|p2b: Farigiraf
|
|upkeep
|
|t:|1784630756
|switch|p2a: Kingambit|Kingambit, L50, F|93/100
|switch|p2b: Sylveon|Sylveon, L50, M|100/100
|turn|5
|
|t:|1784630777
|move|p1a: Sinistcha|Rage Powder|p1a: Sinistcha
|-singleturn|p1a: Sinistcha|move: Rage Powder
|move|p2a: Kingambit|Kowtow Cleave|p1a: Sinistcha
|-supereffective|p1a: Sinistcha|1
|-damage|p1a: Sinistcha|0 fnt
|faint|p1a: Sinistcha
|move|p1b: Delphox|Heat Wave|p2a: Kingambit|[spread] p2a,p2b
|-supereffective|p2a: Kingambit|1
|-damage|p2a: Kingambit|0 fnt
|-damage|p2b: Sylveon|38/100
|faint|p2a: Kingambit
|move|p2b: Sylveon|Hyper Voice|p1b: Delphox
|-resisted|p1b: Delphox|1
|-damage|p1b: Delphox|52/100
|
|upkeep
|
|t:|1784630788
|switch|p1a: Incineroar|Incineroar, L50, M|73/100
|-ability|p1a: Incineroar|Intimidate|boost
|-unboost|p2b: Sylveon|atk|1
|turn|6
|-message|xflecha forfeited.
|
|win|OwlsGoHooot
||xflecha is ready for game 2.
|inactive|OwlsGoHooot has 30 seconds to confirm battle start!
||OwlsGoHooot is ready for game 2.
|uhtml|next|Next: Game 2 of 3
