|j|☆1OO% Jesus
|j|☆xaimemr
|html|1OO% Jesusxaimemr    
|uhtml|bestof|Game 2 of a best-of-3
|t:|1783520412
|gametype|doubles
|player|p1|1OO% Jesus|lillie-z|1206
|player|p2|xaimemr|266|1142
|gen|9
|tier|[Gen 9 Champions] VGC 2026 Reg M-B (Bo3)
|rated|
|rule|Species Clause: Limit one of each Pokémon
|rule|Item Clause: Limit 1 of each item
|clearpoke
|poke|p1|Delphox, L50, M|
|poke|p1|Sneasler, L50, M|
|poke|p1|Incineroar, L50, M|
|poke|p1|Sinistcha, L50|
|poke|p1|Maushold-Four, L50|
|poke|p1|Blastoise, L50, F|
|poke|p2|Floette-Eternal, L50, F|
|poke|p2|Delphox, L50, M|
|poke|p2|Incineroar, L50, M|
|poke|p2|Sinistcha, L50|
|poke|p2|Sneasler, L50, F|
|poke|p2|Kingambit, L50, F|
|teampreview|4
|showteam|p1|Delphox||Delphoxite|Blaze|HeatWave,Psyshock,NastyPlot,Protect|Timid||M|||50|]Sneasler||FocusSash|PoisonTouch|CloseCombat,PoisonJab,FakeOut,QuickGuard|Jolly||M|||50|]Incineroar||SitrusBerry|Intimidate|FlareBlitz,ThroatChop,FakeOut,PartingShot|Impish||M|||50|]Sinistcha||OccaBerry|Hospitality|MatchaGotcha,RagePowder,LifeDew,Protect|Bold|||||50|]Maushold-Four||ChopleBerry|FriendGuard|FollowMe,Feint,HelpingHand,Protect|Impish|||||50|]Blastoise||Blastoisinite|RainDish|WaterSpout,DarkPulse,ShellSmash,Protect|Modest||F|||50|
|showteam|p2|Floette-Eternal||Floettite|FlowerVeil|DrainingKiss,DazzlingGleam,Protect,CalmMind|Modest||F|||50|]Delphox||Delphoxite|Blaze|Psychic,HeatWave,Protect,NastyPlot|Modest||M|||50|]Incineroar||SitrusBerry|Intimidate|FakeOut,PartingShot,DarkestLariat,FlareBlitz|Careful||M|||50|]Sinistcha||KasibBerry|Hospitality|RagePowder,Protect,LifeDew,MatchaGotcha|Calm|||||50|]Sneasler||FocusSash|PoisonTouch|FakeOut,QuickGuard,PoisonJab,CloseCombat|Jolly||F|||50|]Kingambit||LifeOrb|Defiant|Protect,IronHead,SuckerPunch,KowtowCleave|Adamant||F|||50|
|inactive|Battle timer is ON: inactive players will automatically lose when time's up. (requested by xaimemr)
|
|t:|1783520441
|teamsize|p1|4
|teamsize|p2|4
|start
|switch|p1a: Delphox|Delphox, L50, M|100/100
|switch|p1b: Sneasler|Sneasler, L50, M|100/100
|switch|p2a: Sneasler|Sneasler, L50, F|100/100
|switch|p2b: Floette|Floette-Eternal, L50, F|100/100
|turn|1
|inactive|1OO% Jesus has 30 seconds left.
|inactive|xaimemr has 30 seconds left.
|inactive|xaimemr has 20 seconds left.
|
|t:|1783520478
|switch|p1b: Incineroar|Incineroar, L50, M|100/100
|-ability|p1b: Incineroar|Intimidate|boost
|-unboost|p2a: Sneasler|atk|1
|-unboost|p2b: Floette|atk|1
|detailschange|p1a: Delphox|Delphox-Mega, L50, M
|-mega|p1a: Delphox|Delphox|Delphoxite
|move|p2b: Floette|Protect|p2b: Floette
|-singleturn|p2b: Floette|Protect
|move|p1a: Delphox|Nasty Plot|p1a: Delphox
|-boost|p1a: Delphox|spa|2
|move|p2a: Sneasler|Poison Jab|p1a: Delphox
|-damage|p1a: Delphox|60/100
|
|upkeep
|turn|2
|inactive|1OO% Jesus has 30 seconds left.
|inactive|xaimemr has 30 seconds left.
|inactive|1OO% Jesus has 20 seconds left.
|
|t:|1783520517
|switch|p2b: Kingambit|Kingambit, L50, F|100/100
|move|p1a: Delphox|Protect|p1a: Delphox
|-singleturn|p1a: Delphox|Protect
|move|p2a: Sneasler|Close Combat|p1b: Incineroar
|-supereffective|p1b: Incineroar|1
|-damage|p1b: Incineroar|27/100
|-unboost|p2a: Sneasler|def|1
|-unboost|p2a: Sneasler|spd|1
|-enditem|p1b: Incineroar|Sitrus Berry|[eat]
|-heal|p1b: Incineroar|52/100|[from] item: Sitrus Berry
|move|p1b: Incineroar|Flare Blitz|p2a: Sneasler
|-enditem|p2a: Sneasler|Focus Sash
|-damage|p2a: Sneasler|1/100
|-damage|p1b: Incineroar|27/100|[from] Recoil
|
|upkeep
|turn|3
|inactive|xaimemr has 30 seconds left.
|
|t:|1783520548
|switch|p1b: Sinistcha|Sinistcha, L50|100/100
|-heal|p1a: Delphox|85/100|[from] ability: Hospitality|[of] p1b: Sinistcha
|move|p2b: Kingambit|Sucker Punch||[still]
|-fail|p2b: Kingambit
|move|p1a: Delphox|Nasty Plot|p1a: Delphox
|-boost|p1a: Delphox|spa|2
|move|p2a: Sneasler|Poison Jab|p1b: Sinistcha
|-damage|p1b: Sinistcha|79/100
|-status|p1b: Sinistcha|psn
|
|-damage|p1b: Sinistcha|66/100 psn|[from] psn
|upkeep
|turn|4
|inactive|xaimemr has 30 seconds left.
|
|t:|1783520576
|move|p2b: Kingambit|Protect|p2b: Kingambit
|-singleturn|p2b: Kingambit|Protect
|move|p1b: Sinistcha|Rage Powder|p1b: Sinistcha
|-singleturn|p1b: Sinistcha|move: Rage Powder
|move|p1a: Delphox|Heat Wave|p2a: Sneasler|[spread] p2a
|-activate|p2b: Kingambit|move: Protect
|-damage|p2a: Sneasler|0 fnt
|faint|p2a: Sneasler
|
|-damage|p1b: Sinistcha|54/100 psn|[from] psn
|upkeep
|
|t:|1783520589
|switch|p2a: Floette|Floette-Eternal, L50, F|100/100
|turn|5
|
|t:|1783520595
|switch|p2b: Sinistcha|Sinistcha, L50|100/100
|detailschange|p2a: Floette|Floette-Mega, L50, F
|-mega|p2a: Floette|Floette|Floettite
|-ability|p2a: Floette|Fairy Aura
|move|p1b: Sinistcha|Rage Powder|p1b: Sinistcha
|-singleturn|p1b: Sinistcha|move: Rage Powder
|move|p1a: Delphox|Heat Wave|p2a: Floette|[spread] p2a,p2b
|-supereffective|p2b: Sinistcha|1
|-damage|p2a: Floette|18/100
|-damage|p2b: Sinistcha|0 fnt
|faint|p2b: Sinistcha
|move|p2a: Floette|Dazzling Gleam|p1b: Sinistcha|[spread] p1a,p1b
|-resisted|p1a: Delphox|1
|-damage|p1a: Delphox|63/100
|-damage|p1b: Sinistcha|3/100 psn
|
|-damage|p1b: Sinistcha|0 fnt|[from] psn
|faint|p1b: Sinistcha
|upkeep
|
|t:|1783520613
|switch|p1b: Sneasler|Sneasler, L50, M|100/100
|switch|p2b: Kingambit|Kingambit, L50, F|100/100
|turn|6
|
|t:|1783520629
|move|p2b: Kingambit|Protect|p2b: Kingambit
|-singleturn|p2b: Kingambit|Protect
|move|p1b: Sneasler|Fake Out|p2b: Kingambit
|-activate|p2b: Kingambit|move: Protect
|move|p1a: Delphox|Heat Wave|p2b: Kingambit|[spread] p2a
|-activate|p2b: Kingambit|move: Protect
|-damage|p2a: Floette|0 fnt
|faint|p2a: Floette
|
|upkeep
|turn|7
|-message|xaimemr forfeited.
|
|win|1OO% Jesus
