|j|☆MetagrossMasher
|j|☆riegeljr
|html|MetagrossMasherriegeljr    
|uhtml|bestof|Game 3 of a best-of-3
|t:|1756539865
|gametype|doubles
|player|p1|MetagrossMasher|265|1078
|player|p2|riegeljr|infielder|1072
|gen|9
|tier|[Gen 9] VGC 2025 Reg H (Bo3)
|rated|
|rule|Species Clause: Limit one of each Pokémon
|rule|Item Clause: Limit 1 of each item
|clearpoke
|poke|p1|Amoonguss, L50, F|
|poke|p1|Incineroar, L50, M|
|poke|p1|Rillaboom, L50, F|
|poke|p1|Gholdengo, L50|
|poke|p1|Garchomp, L50, F|
|poke|p1|Annihilape, L50, F|
|poke|p2|Gothitelle, L50, F|
|poke|p2|Primarina, L50, F|
|poke|p2|Volcarona, L50, F|
|poke|p2|Baxcalibur, L50, F|
|poke|p2|Incineroar, L50, F|
|poke|p2|Rillaboom, L50, M|
|teampreview|4
|showteam|p1|Amoonguss||CovertCloak|Regenerator|Spore,PollenPuff,RagePowder,Protect|||F|||50|,,,,,Water]Incineroar||SitrusBerry|Intimidate|FlareBlitz,FakeOut,PartingShot,WillOWisp|||M|||50|,,,,,Water]Rillaboom||AssaultVest|GrassySurge|GrassyGlide,WoodHammer,Uturn,FakeOut|||F|||50|,,,,,Fire]Gholdengo||GrassySeed|GoodasGold|NastyPlot,MakeItRain,Protect,ShadowBall||||||50|,,,,,Steel]Garchomp||LifeOrb|RoughSkin|Earthquake,DragonClaw,Protect,StompingTantrum|||F|||50|,,,,,Fire]Annihilape||SafetyGoggles|Defiant|BulkUp,Protect,RageFist,DrainPunch|||F|||50|,,,,,Stellar
|showteam|p2|Gothitelle||Leftovers|ShadowTag|FakeOut,PsychicNoise,TrickRoom,Protect|||F|||50|,,,,,Normal]Primarina||SitrusBerry|LiquidVoice|HyperVoice,Moonblast,PerishSong,Protect|||F|||50|,,,,,Poison]Volcarona||GrassySeed|FlameBody|HeatWave,GigaDrain,QuiverDance,Protect|||F|||50|,,,,,Grass]Baxcalibur||LoadedDice|ThermalExchange|IcicleSpear,IceShard,ScaleShot,Protect|||F|||50|,,,,,Dragon]Incineroar||SafetyGoggles|Intimidate|FakeOut,KnockOff,PartingShot,Protect|||F|||50|,,,,,Ghost]Rillaboom||AssaultVest|GrassySurge|FakeOut,WoodHammer,HighHorsepower,Uturn|||M|||50|,,,,,Ground
|inactive|Battle timer is ON: inactive players will automatically lose when time's up. (requested by riegeljr)
|
|t:|1756539893
|teamsize|p1|4
|teamsize|p2|4
|start
|switch|p1a: Incineroar|Incineroar, L50, M|100/100
|switch|p1b: Annihilape|Annihilape, L50, F|100/100
|switch|p2a: Volcarona|Volcarona, L50, F|100/100
|switch|p2b: Rillaboom|Rillaboom, L50, M|100/100
|-fieldstart|move: Grassy Terrain|[from] ability: Grassy Surge|[of] p2b: Rillaboom
|-enditem|p2a: Volcarona|Grassy Seed
|-boost|p2a: Volcarona|def|1|[from] item: Grassy Seed
|-ability|p1a: Incineroar|Intimidate|boost
|-unboost|p2a: Volcarona|atk|1
|-unboost|p2b: Rillaboom|atk|1
|turn|1
|inactive|MetagrossMasher has 30 seconds left.
|inactive|riegeljr has 30 seconds left.
|
|t:|1756539925
|switch|p1a: Garchomp|Garchomp, L50, F|100/100
|-terastallize|p2b: Rillaboom|Ground
|move|p2a: Volcarona|Protect|p2a: Volcarona
|-singleturn|p2a: Volcarona|Protect
|move|p1b: Annihilape|Bulk Up|p1b: Annihilape
|-boost|p1b: Annihilape|atk|1
|-boost|p1b: Annihilape|def|1
|move|p2b: Rillaboom|High Horsepower|p1a: Garchomp
|-damage|p1a: Garchomp|67/100
|-damage|p2b: Rillaboom|88/100|[from] ability: Rough Skin|[of] p1a: Garchomp
|
|-heal|p1a: Garchomp|73/100|[from] Grassy Terrain
|-heal|p2b: Rillaboom|94/100|[from] Grassy Terrain
|upkeep
|turn|2
|inactive|MetagrossMasher has 30 seconds left.
|inactive|riegeljr has 30 seconds left.
|inactive|MetagrossMasher has 20 seconds left.
|inactive|MetagrossMasher has 15 seconds left.
|inactive|riegeljr has 20 seconds left.
|inactive|MetagrossMasher has 10 seconds left.
|inactive|riegeljr has 15 seconds left.
|inactive|MetagrossMasher has 5 seconds left.
|
|t:|1756539976
|move|p1b: Annihilape|Drain Punch|p2b: Rillaboom
|-damage|p2b: Rillaboom|50/100
|move|p1a: Garchomp|Dragon Claw|p2a: Volcarona
|-damage|p2a: Volcarona|53/100
|-damage|p1a: Garchomp|64/100|[from] item: Life Orb
|move|p2a: Volcarona|Quiver Dance|p2a: Volcarona
|-boost|p2a: Volcarona|spa|1
|-boost|p2a: Volcarona|spd|1
|-boost|p2a: Volcarona|spe|1
|move|p2b: Rillaboom|U-turn|p1a: Garchomp
|-damage|p1a: Garchomp|49/100
|-damage|p2b: Rillaboom|38/100|[from] ability: Rough Skin|[of] p1a: Garchomp
|
|t:|1756539989
|switch|p2b: Primarina|Primarina, L50, F|100/100|[from] U-turn
|
|-heal|p2a: Volcarona|59/100|[from] Grassy Terrain
|-heal|p1a: Garchomp|55/100|[from] Grassy Terrain
|upkeep
|turn|3
|inactive|MetagrossMasher has 30 seconds left.
|inactive|riegeljr has 30 seconds left.
|inactive|MetagrossMasher has 20 seconds left.
|inactive|riegeljr has 20 seconds left.
|inactive|riegeljr has 15 seconds left.
|inactive|MetagrossMasher has 15 seconds left.
|inactive|riegeljr has 10 seconds left.
|inactive|MetagrossMasher has 10 seconds left.
|inactive|MetagrossMasher has 5 seconds left.
|
|t:|1756540044
|move|p1b: Annihilape|Protect|p1b: Annihilape
|-singleturn|p1b: Annihilape|Protect
|move|p2a: Volcarona|Giga Drain|p1a: Garchomp
|-damage|p1a: Garchomp|4/100
|-heal|p2a: Volcarona|84/100|[from] drain|[of] p1a: Garchomp
|move|p1a: Garchomp|Stomping Tantrum|p2a: Volcarona
|-damage|p2a: Volcarona|41/100
|-damage|p1a: Garchomp|0 fnt|[from] item: Life Orb
|faint|p1a: Garchomp
|move|p2b: Primarina|Moonblast|p1b: Annihilape
|-activate|p1b: Annihilape|move: Protect
|
|-heal|p2a: Volcarona|47/100|[from] Grassy Terrain
|upkeep
|
|t:|1756540063
|switch|p1a: Incineroar|Incineroar, L50, M|100/100
|-ability|p1a: Incineroar|Intimidate|boost
|-unboost|p2a: Volcarona|atk|1
|-unboost|p2b: Primarina|atk|1
|turn|4
|
|t:|1756540074
|-terastallize|p1b: Annihilape|Stellar
|move|p2a: Volcarona|Protect|p2a: Volcarona
|-singleturn|p2a: Volcarona|Protect
|move|p2b: Primarina|Protect|p2b: Primarina
|-singleturn|p2b: Primarina|Protect
|move|p1b: Annihilape|Drain Punch|p2a: Volcarona
|-activate|p2a: Volcarona|move: Protect
|move|p1a: Incineroar|Flare Blitz|p2b: Primarina
|-activate|p2b: Primarina|move: Protect
|
|-heal|p2a: Volcarona|54/100|[from] Grassy Terrain
|upkeep
|turn|5
|
|t:|1756540094
|move|p1b: Annihilape|Protect|p1b: Annihilape
|-singleturn|p1b: Annihilape|Protect
|move|p2a: Volcarona|Giga Drain|p1b: Annihilape
|-activate|p1b: Annihilape|move: Protect
|move|p1a: Incineroar|Flare Blitz|p2a: Volcarona
|-damage|p2a: Volcarona|5/100
|-damage|p1a: Incineroar|85/100|[from] Recoil
|move|p2b: Primarina|Moonblast|p1b: Annihilape
|-activate|p1b: Annihilape|move: Protect
|
|-heal|p2a: Volcarona|11/100|[from] Grassy Terrain
|-heal|p1a: Incineroar|91/100|[from] Grassy Terrain
|-fieldend|move: Grassy Terrain
|upkeep
|turn|6
|inactive|MetagrossMasher has 30 seconds left.
|
|t:|1756540123
|move|p2a: Volcarona|Giga Drain|p1b: Annihilape
|-damage|p1b: Annihilape|65/100
|-heal|p2a: Volcarona|29/100|[from] drain|[of] p1b: Annihilape
|move|p1b: Annihilape|Drain Punch|p2a: Volcarona
|-resisted|p2a: Volcarona
|-damage|p2a: Volcarona|0 fnt
|-heal|p1b: Annihilape|79/100|[from] drain|[of] p2a: Volcarona
|-status|p1b: Annihilape|brn|[from] ability: Flame Body|[of] p2a: Volcarona
|faint|p2a: Volcarona
|move|p1a: Incineroar|Parting Shot|p2b: Primarina
|-unboost|p2b: Primarina|atk|1
|-unboost|p2b: Primarina|spa|1
|
|t:|1756540129
|switch|p1a: Gholdengo|Gholdengo, L50|100/100|[from] Parting Shot
|move|p2b: Primarina|Moonblast|p1b: Annihilape
|-supereffective|p1b: Annihilape
|-damage|p1b: Annihilape|18/100 brn
|-unboost|p1b: Annihilape|spa|1
|-ability|p1b: Annihilape|Defiant|boost
|-boost|p1b: Annihilape|atk|2
|
|-damage|p1b: Annihilape|11/100 brn|[from] brn
|upkeep
|
|t:|1756540147
|switch|p2a: Incineroar|Incineroar, L50, F|100/100
|-ability|p2a: Incineroar|Intimidate|boost
|-unboost|p1a: Gholdengo|atk|1
|-unboost|p1b: Annihilape|atk|1
|-ability|p1b: Annihilape|Defiant|boost
|-boost|p1b: Annihilape|atk|2
|turn|7
|
|t:|1756540166
|move|p2a: Incineroar|Protect|p2a: Incineroar
|-singleturn|p2a: Incineroar|Protect
|move|p2b: Primarina|Protect|p2b: Primarina
|-singleturn|p2b: Primarina|Protect
|move|p1b: Annihilape|Drain Punch|p2a: Incineroar
|-activate|p2a: Incineroar|move: Protect
|move|p1a: Gholdengo|Nasty Plot|p1a: Gholdengo
|-boost|p1a: Gholdengo|spa|2
|
|-damage|p1b: Annihilape|5/100 brn|[from] brn
|upkeep
|turn|8
|
|t:|1756540186
|switch|p2b: Rillaboom|Rillaboom, L50, M, tera:Ground|38/100
|-fieldstart|move: Grassy Terrain|[from] ability: Grassy Surge|[of] p2b: Rillaboom
|-enditem|p1a: Gholdengo|Grassy Seed
|-boost|p1a: Gholdengo|def|1|[from] item: Grassy Seed
|move|p2a: Incineroar|Protect||[still]
|-fail|p2a: Incineroar
|move|p1b: Annihilape|Drain Punch|p2a: Incineroar
|-supereffective|p2a: Incineroar
|-damage|p2a: Incineroar|8/100
|-heal|p1b: Annihilape|54/100 brn|[from] drain|[of] p2a: Incineroar
|move|p1a: Gholdengo|Make It Rain|p2b: Rillaboom|[spread] p2a,p2b
|-resisted|p2a: Incineroar
|-damage|p2a: Incineroar|0 fnt
|-damage|p2b: Rillaboom|0 fnt
|-unboost|p1a: Gholdengo|spa|1
|faint|p2a: Incineroar
|faint|p2b: Rillaboom
|
|-heal|p1b: Annihilape|60/100 brn|[from] Grassy Terrain
|-damage|p1b: Annihilape|54/100 brn|[from] brn
|upkeep
|-message|riegeljr forfeited.
|
|win|MetagrossMasher
|raw|MetagrossMasher's rating: 1078 → 1106(+28 for winning)
|raw|riegeljr's rating: 1072 → 1052(-20 for losing)
|l|☆riegeljr
|player|p2|
