|j|☆Mojanf
|j|☆viatles
|html|Mojanfviatles    
|uhtml|bestof|Game 2 of a best-of-3
|t:|1756754941
|gametype|doubles
|player|p1|Mojanf|265|1000
|player|p2|viatles|hiker|1081
|gen|9
|tier|[Gen 9] VGC 2025 Reg H (Bo3)
|rated|
|rule|Species Clause: Limit one of each Pokémon
|rule|Item Clause: Limit 1 of each item
|clearpoke
|poke|p1|Pelipper, L50, M|
|poke|p1|Archaludon, L50, M|
|poke|p1|Primarina, L50, M|
|poke|p1|Incineroar, L50, F|
|poke|p1|Rillaboom, L50, M|
|poke|p1|Maushold-Four, L50|
|poke|p2|Oricorio-Sensu, L50, M|
|poke|p2|Volcarona, L50, M|
|poke|p2|Garchomp, L50, M|
|poke|p2|Scizor, L50, F|
|poke|p2|Mienshao, L50, M|
|poke|p2|Milotic, L50, M|
|teampreview|4
|showteam|p1|Pelipper||FocusSash|Drizzle|Hurricane,HydroPump,Tailwind,Protect|||M|||50|,,,,,Ghost]Archaludon||AssaultVest|Stamina|ElectroShot,DracoMeteor,FlashCannon,Thunderbolt|||M|||50|,,,,,Flying]Primarina||ThroatSpray|LiquidVoice|HyperVoice,Moonblast,IceBeam,Protect|||M|||50|,,,,,Fairy]Incineroar||RockyHelmet|Intimidate|FakeOut,FlareBlitz,WillOWisp,PartingShot|||F|||50|,,,,,Ghost]Rillaboom||MiracleSeed|GrassySurge|GrassyGlide,FakeOut,Uturn,Protect|||M|||50|,,,,,Grass]Maushold-Four||SafetyGoggles|FriendGuard|FollowMe,BeatUp,Taunt,Protect||||||50|,,,,,Ghost
|showteam|p2|Oricorio-Sensu||FocusSash|Dancer|QuiverDance,BatonPass,RevelationDance,Protect|||M|||50|,,,,,Fighting]Volcarona||SitrusBerry|FlameBody|QuiverDance,GigaDrain,FieryDance,Protect|||M|||50|,,,,,Grass]Garchomp||ClearAmulet|RoughSkin|IronHead,DragonClaw,RockSlide,Earthquake|||M|||50|,,,,,Steel]Scizor||AssaultVest|Technician|BulletPunch,BugBite,DualWingbeat,Thief|||F|||50|,,,,,Stellar]Mienshao||SafetyGoggles|InnerFocus|FakeOut,CloseCombat,TripleAxel,WideGuard|||M|||50|,,,,,Fire]Milotic||Leftovers|Competitive|Scald,Protect,IcyWind,LifeDew|||M|||50|,,,,,Grass
|inactive|Battle timer is ON: inactive players will automatically lose when time's up. (requested by Mojanf)
|inactive|Mojanf has 60 seconds left.
|
|t:|1756754972
|teamsize|p1|4
|teamsize|p2|4
|start
|switch|p1a: Primarina|Primarina, L50, M|100/100
|switch|p1b: Pelipper|Pelipper, L50, M|100/100
|switch|p2a: Oricorio|Oricorio-Sensu, L50, M|100/100
|switch|p2b: Volcarona|Volcarona, L50, M|100/100
|-weather|RainDance|[from] ability: Drizzle|[of] p1b: Pelipper
|turn|1
|
|t:|1756754989
|-terastallize|p2b: Volcarona|Grass
|move|p2a: Oricorio|Quiver Dance|p2a: Oricorio
|-boost|p2a: Oricorio|spa|1
|-boost|p2a: Oricorio|spd|1
|-boost|p2a: Oricorio|spe|1
|move|p2b: Volcarona|Giga Drain|p1a: Primarina
|-supereffective|p1a: Primarina
|-damage|p1a: Primarina|30/100
|move|p1b: Pelipper|Tailwind|p1b: Pelipper
|-sidestart|p1: Mojanf|move: Tailwind
|move|p1a: Primarina|Hyper Voice|p2a: Oricorio|[spread] p2a,p2b
|-resisted|p2b: Volcarona
|-damage|p2a: Oricorio|45/100
|-damage|p2b: Volcarona|74/100
|-enditem|p1a: Primarina|Throat Spray
|-boost|p1a: Primarina|spa|1|[from] item: Throat Spray
|
|-weather|RainDance|[upkeep]
|upkeep
|turn|2
|inactive|Mojanf has 30 seconds left.
|
|t:|1756755018
|switch|p2b: Scizor|Scizor, L50, F|100/100
|move|p2a: Oricorio|Protect|p2a: Oricorio
|-singleturn|p2a: Oricorio|Protect
|move|p1b: Pelipper|Hurricane|p2a: Oricorio
|-activate|p2a: Oricorio|move: Protect
|move|p1a: Primarina|Ice Beam|p2b: Scizor
|-resisted|p2b: Scizor
|-damage|p2b: Scizor|81/100
|
|-weather|RainDance|[upkeep]
|upkeep
|turn|3
|
|t:|1756755035
|switch|p1a: Incineroar|Incineroar, L50, F|100/100
|-ability|p1a: Incineroar|Intimidate|boost
|-unboost|p2a: Oricorio|atk|1
|-unboost|p2b: Scizor|atk|1
|move|p2b: Scizor|Bullet Punch|p1a: Incineroar
|-resisted|p1a: Incineroar
|-damage|p1a: Incineroar|90/100
|-damage|p2b: Scizor|65/100|[from] item: Rocky Helmet|[of] p1a: Incineroar
|move|p1b: Pelipper|Hurricane|p2a: Oricorio
|-damage|p2a: Oricorio|6/100
|-start|p2a: Oricorio|confusion
|-activate|p2a: Oricorio|confusion
|move|p2a: Oricorio|Revelation Dance|p1b: Pelipper
|-damage|p1b: Pelipper|17/100
|
|-weather|RainDance|[upkeep]
|upkeep
|turn|4
|
|t:|1756755059
|switch|p2b: Volcarona|Volcarona, L50, M, tera:Grass|74/100
|-activate|p2a: Oricorio|confusion
|move|p2a: Oricorio|Protect|p2a: Oricorio
|-singleturn|p2a: Oricorio|Protect
|move|p1a: Incineroar|Fake Out|p2b: Volcarona
|-damage|p2b: Volcarona|62/100
|move|p1b: Pelipper|Hurricane|p2a: Oricorio
|-activate|p2a: Oricorio|move: Protect
|
|-weather|RainDance|[upkeep]
|-sideend|p1: Mojanf|move: Tailwind
|upkeep
|turn|5
|inactive|Mojanf has 30 seconds left.
|inactive|viatles has 30 seconds left.
|
|t:|1756755091
|move|p1b: Pelipper|Protect|p1b: Pelipper
|-singleturn|p1b: Pelipper|Protect
|-end|p2a: Oricorio|confusion
|move|p2a: Oricorio|Revelation Dance|p1a: Incineroar
|-resisted|p1a: Incineroar
|-damage|p1a: Incineroar|70/100
|move|p2b: Volcarona|Giga Drain|p1b: Pelipper
|-activate|p1b: Pelipper|move: Protect
|move|p1a: Incineroar|Flare Blitz|p2a: Oricorio
|-damage|p2a: Oricorio|0 fnt
|faint|p2a: Oricorio
|-damage|p1a: Incineroar|69/100|[from] Recoil
|
|-weather|none
|upkeep
|
|t:|1756755109
|switch|p2a: Garchomp|Garchomp, L50, M|100/100
|turn|6
|
|t:|1756755122
|switch|p1b: Archaludon|Archaludon, L50, M|100/100
|move|p2a: Garchomp|Rock Slide|p1a: Incineroar|[spread] p1a,p1b
|-supereffective|p1a: Incineroar
|-resisted|p1b: Archaludon
|-damage|p1a: Incineroar|25/100
|-damage|p1b: Archaludon|93/100
|-ability|p1b: Archaludon|Stamina|boost
|-boost|p1b: Archaludon|def|1
|move|p2b: Volcarona|Quiver Dance|p2b: Volcarona
|-boost|p2b: Volcarona|spa|1
|-boost|p2b: Volcarona|spd|1
|-boost|p2b: Volcarona|spe|1
|move|p1a: Incineroar|Flare Blitz|p2b: Volcarona
|-supereffective|p2b: Volcarona
|-damage|p2b: Volcarona|0 fnt
|faint|p2b: Volcarona
|-damage|p1a: Incineroar|6/100|[from] Recoil
|
|upkeep
|
|t:|1756755138
|switch|p2b: Scizor|Scizor, L50, F|65/100
|turn|7
|
|t:|1756755155
|switch|p1a: Pelipper|Pelipper, L50, M|17/100
|-weather|RainDance|[from] ability: Drizzle|[of] p1a: Pelipper
|move|p2a: Garchomp|Dragon Claw|p1b: Archaludon
|-damage|p1b: Archaludon|70/100
|-ability|p1b: Archaludon|Stamina|boost
|-boost|p1b: Archaludon|def|1
|move|p1b: Archaludon|Draco Meteor|p2a: Garchomp
|-supereffective|p2a: Garchomp
|-damage|p2a: Garchomp|0 fnt
|-unboost|p1b: Archaludon|spa|2
|faint|p2a: Garchomp
|move|p2b: Scizor|Thief|p1b: Archaludon
|-damage|p1b: Archaludon|57/100
|-ability|p1b: Archaludon|Stamina|boost
|-boost|p1b: Archaludon|def|1
|
|-weather|RainDance|[upkeep]
|upkeep
|turn|8
|c|☆viatles|gg
|
|t:|1756755177
|switch|p1a: Incineroar|Incineroar, L50, F|6/100
|-ability|p1a: Incineroar|Intimidate|boost
|-unboost|p2b: Scizor|atk|1
|move|p2b: Scizor|Bullet Punch|p1b: Archaludon
|-resisted|p1b: Archaludon
|-damage|p1b: Archaludon|54/100
|-ability|p1b: Archaludon|Stamina|boost
|-boost|p1b: Archaludon|def|1
|move|p1b: Archaludon|Electro Shot||[still]
|-prepare|p1b: Archaludon|Electro Shot
|-boost|p1b: Archaludon|spa|1
|-anim|p1b: Archaludon|Electro Shot|p2b: Scizor
|-damage|p2b: Scizor|39/100
|
|-weather|RainDance|[upkeep]
|upkeep
|turn|9
|inactive|Mojanf has 30 seconds left.
|
|t:|1756755203
|move|p2b: Scizor|Bullet Punch|p1b: Archaludon
|-resisted|p1b: Archaludon
|-damage|p1b: Archaludon|51/100
|-ability|p1b: Archaludon|Stamina|boost
|-boost|p1b: Archaludon|def|1
|move|p1b: Archaludon|Electro Shot||[still]
|-prepare|p1b: Archaludon|Electro Shot
|-boost|p1b: Archaludon|spa|1
|-anim|p1b: Archaludon|Electro Shot|p2b: Scizor
|-damage|p2b: Scizor|0 fnt
|faint|p2b: Scizor
|
|win|Mojanf
|raw|Mojanf's rating: 1000 → 1049(+49 for winning)
|raw|viatles's rating: 1081 → 1054(-27 for losing)
|c|☆viatles|gg
