|j|☆squirrelsarge
|j|☆spellbreakvgc
|html|squirrelsargespellbreakvgc    
|uhtml|bestof|Game 1 of a best-of-3
|t:|1757801497
|gametype|doubles
|player|p1|squirrelsarge|101|1065
|player|p2|spellbreakvgc|lance|1134
|gen|9
|tier|[Gen 9] VGC 2025 Reg H (Bo3)
|rated|
|rule|Species Clause: Limit one of each Pokémon
|rule|Item Clause: Limit 1 of each item
|clearpoke
|poke|p1|Rillaboom, L50, F|
|poke|p1|Sneasler, L50, M|
|poke|p1|Palafin, L50, M|
|poke|p1|Pelipper, L50, F|
|poke|p1|Archaludon, L50, M|
|poke|p1|Volcarona, L50, M|
|poke|p2|Dachsbun, L50, M|
|poke|p2|Typhlosion-Hisui, L50, F|
|poke|p2|Murkrow, L50, F|
|poke|p2|Garchomp, L50, F|
|poke|p2|Rotom-Wash, L50|
|poke|p2|Gholdengo, L50|
|teampreview|4
|showteam|p1|Rillaboom||ClearAmulet|GrassySurge|FakeOut,GrassyGlide,KnockOff,Uturn|||F|||50|,,,,,Fire]Sneasler||GrassySeed|Unburden|CloseCombat,DireClaw,Protect,Acrobatics|||M|||50|,,,,,Ghost]Palafin||MysticWater|ZerotoHero|JetPunch,WaveCrash,FlipTurn,Protect|||M|||50|,,,,,Water]Pelipper||FocusSash|Drizzle|Tailwind,WeatherBall,Hurricane,Protect|||F|||50|,,,,,Ghost]Archaludon||AssaultVest|Stamina|BodyPress,ElectroShot,FlashCannon,DracoMeteor|||M|||50|,,,,,Ghost]Volcarona||CovertCloak|FlameBody|QuiverDance,Hurricane,HeatWave,Protect|||M|||50|,,,,,Flying
|showteam|p2|Dachsbun||Leftovers|WellBakedBody|BodyPress,Snarl,Substitute,Protect|||M|||50|,,,,,Steel]Typhlosion-Hisui||ChoiceScarf|Frisk|Eruption,ShadowBall,Flamethrower,LavaPlume|||F|||50|,,,,,Fire]Murkrow||Eviolite|Prankster|Tailwind,Taunt,SunnyDay,FoulPlay|||F|||50|,,,,,Ghost]Garchomp||LifeOrb|RoughSkin|DragonClaw,StompingTantrum,Earthquake,Protect|||F|||50|,,,,,Ground]Rotom-Wash||SitrusBerry|Levitate|HydroPump,Thunderbolt,Discharge,WillOWisp||||||50|,,,,,Electric]Gholdengo||MetalCoat|GoodasGold|MakeItRain,ShadowBall,NastyPlot,Protect||||||50|,,,,,Flying
|inactive|Battle timer is ON: inactive players will automatically lose when time's up. (requested by spellbreakvgc)
|inactive|spellbreakvgc has 60 seconds left.
|inactive|spellbreakvgc has 30 seconds left.
|
|t:|1757801569
|teamsize|p1|4
|teamsize|p2|4
|start
|switch|p1a: Volcarona|Volcarona, L50, M|100/100
|switch|p1b: Archaludon|Archaludon, L50, M|100/100
|switch|p2a: Rotom|Rotom-Wash, L50|100/100
|switch|p2b: Typhlosion|Typhlosion-Hisui, L50, F|100/100
|-item|p1a: Volcarona|Covert Cloak|[from] ability: Frisk|[of] p2b: Typhlosion
|-item|p1b: Archaludon|Assault Vest|[from] ability: Frisk|[of] p2b: Typhlosion
|turn|1
|inactive|squirrelsarge has 30 seconds left.
|inactive|squirrelsarge has 20 seconds left.
|
|t:|1757801609
|switch|p1b: Pelipper|Pelipper, L50, F|100/100
|-weather|RainDance|[from] ability: Drizzle|[of] p1b: Pelipper
|-terastallize|p1a: Volcarona|Flying
|move|p2b: Typhlosion|Eruption|p1b: Pelipper|[spread] p1a,p1b
|-resisted|p1b: Pelipper
|-damage|p1a: Volcarona|74/100
|-damage|p1b: Pelipper|81/100
|move|p2a: Rotom|Discharge|p1b: Pelipper|[spread] p2b,p1a,p1b
|-supereffective|p1a: Volcarona
|-supereffective|p1b: Pelipper
|-damage|p2b: Typhlosion|66/100
|-damage|p1a: Volcarona|30/100
|-damage|p1b: Pelipper|0 fnt
|faint|p1b: Pelipper
|move|p1a: Volcarona|Hurricane|p2b: Typhlosion
|-damage|p2b: Typhlosion|0 fnt
|faint|p2b: Typhlosion
|
|-weather|RainDance|[upkeep]
|upkeep
|
|t:|1757801630
|switch|p2b: Gholdengo|Gholdengo, L50|100/100
|switch|p1b: Rillaboom|Rillaboom, L50, F|100/100
|-fieldstart|move: Grassy Terrain|[from] ability: Grassy Surge|[of] p1b: Rillaboom
|turn|2
|
|t:|1757801648
|move|p1b: Rillaboom|Fake Out|p2a: Rotom
|-damage|p2a: Rotom|85/100
|cant|p2a: Rotom|flinch
|move|p2b: Gholdengo|Nasty Plot|p2b: Gholdengo
|-boost|p2b: Gholdengo|spa|2
|move|p1a: Volcarona|Heat Wave|p2b: Gholdengo|[spread] p2a,p2b
|-resisted|p2a: Rotom
|-supereffective|p2b: Gholdengo
|-damage|p2a: Rotom|75/100
|-damage|p2b: Gholdengo|66/100
|
|-weather|RainDance|[upkeep]
|-heal|p2b: Gholdengo|72/100|[from] Grassy Terrain
|upkeep
|turn|3
|
|t:|1757801672
|switch|p1a: Archaludon|Archaludon, L50, M|100/100
|move|p2a: Rotom|Thunderbolt|p1a: Archaludon
|-resisted|p1a: Archaludon
|-damage|p1a: Archaludon|89/100
|-ability|p1a: Archaludon|Stamina|boost
|-boost|p1a: Archaludon|def|1
|move|p2b: Gholdengo|Shadow Ball|p1b: Rillaboom
|-damage|p1b: Rillaboom|20/100
|move|p1b: Rillaboom|Knock Off|p2b: Gholdengo
|-supereffective|p2b: Gholdengo
|-damage|p2b: Gholdengo|4/100
|-enditem|p2b: Gholdengo|Metal Coat|[from] move: Knock Off|[of] p1b: Rillaboom
|
|-weather|RainDance|[upkeep]
|-heal|p2b: Gholdengo|10/100|[from] Grassy Terrain
|-heal|p1b: Rillaboom|26/100|[from] Grassy Terrain
|-heal|p1a: Archaludon|95/100|[from] Grassy Terrain
|upkeep
|turn|4
|inactive|squirrelsarge has 30 seconds left.
|inactive|spellbreakvgc has 30 seconds left.
|
|t:|1757801699
|move|p2b: Gholdengo|Protect|p2b: Gholdengo
|-singleturn|p2b: Gholdengo|Protect
|move|p1b: Rillaboom|Grassy Glide|p2b: Gholdengo
|-activate|p2b: Gholdengo|move: Protect
|move|p2a: Rotom|Discharge|p1b: Rillaboom|[spread] p1a,p1b
|-activate|p2b: Gholdengo|move: Protect
|-resisted|p1a: Archaludon
|-resisted|p1b: Rillaboom
|-damage|p1a: Archaludon|87/100
|-damage|p1b: Rillaboom|12/100
|-ability|p1a: Archaludon|Stamina|boost
|-boost|p1a: Archaludon|def|1
|move|p1a: Archaludon|Electro Shot||[still]
|-prepare|p1a: Archaludon|Electro Shot
|-boost|p1a: Archaludon|spa|1
|-anim|p1a: Archaludon|Electro Shot|p2a: Rotom
|-damage|p2a: Rotom|12/100
|-enditem|p2a: Rotom|Sitrus Berry|[eat]
|-heal|p2a: Rotom|37/100|[from] item: Sitrus Berry
|
|-weather|RainDance|[upkeep]
|-heal|p2b: Gholdengo|17/100|[from] Grassy Terrain
|-heal|p1b: Rillaboom|18/100|[from] Grassy Terrain
|-heal|p1a: Archaludon|93/100|[from] Grassy Terrain
|upkeep
|turn|5
|inactive|squirrelsarge has 30 seconds left.
|inactive|spellbreakvgc has 30 seconds left.
|inactive|spellbreakvgc has 20 seconds left.
|inactive|spellbreakvgc has 15 seconds left.
|
|t:|1757801740
|switch|p2b: Garchomp|Garchomp, L50, F|100/100
|move|p1b: Rillaboom|Grassy Glide|p2a: Rotom
|-supereffective|p2a: Rotom
|-damage|p2a: Rotom|0 fnt
|faint|p2a: Rotom
|move|p1a: Archaludon|Electro Shot||[still]
|-prepare|p1a: Archaludon|Electro Shot
|-boost|p1a: Archaludon|spa|1
|-anim|p1a: Archaludon|Electro Shot|p2b: Garchomp
|-immune|p2b: Garchomp
|
|-weather|none
|-heal|p1b: Rillaboom|24/100|[from] Grassy Terrain
|-heal|p1a: Archaludon|99/100|[from] Grassy Terrain
|upkeep
|
|t:|1757801755
|switch|p2a: Gholdengo|Gholdengo, L50|17/100
|turn|6
|
|t:|1757801768
|move|p2b: Garchomp|Protect|p2b: Garchomp
|-singleturn|p2b: Garchomp|Protect
|move|p2a: Gholdengo|Protect|p2a: Gholdengo
|-singleturn|p2a: Gholdengo|Protect
|move|p1b: Rillaboom|Knock Off|p2a: Gholdengo
|-activate|p2a: Gholdengo|move: Protect
|move|p1a: Archaludon|Draco Meteor|p2b: Garchomp
|-activate|p2b: Garchomp|move: Protect
|
|-heal|p2a: Gholdengo|23/100|[from] Grassy Terrain
|-heal|p1b: Rillaboom|29/100|[from] Grassy Terrain
|-heal|p1a: Archaludon|100/100|[from] Grassy Terrain
|-fieldend|move: Grassy Terrain
|upkeep
|turn|7
|
|t:|1757801786
|-terastallize|p2a: Gholdengo|Flying
|move|p2b: Garchomp|Earthquake|p1b: Rillaboom|[spread] p1a,p1b
|-immune|p2a: Gholdengo
|-supereffective|p1a: Archaludon
|-resisted|p1b: Rillaboom
|-damage|p1a: Archaludon|59/100
|-damage|p1b: Rillaboom|4/100
|-ability|p1a: Archaludon|Stamina|boost
|-boost|p1a: Archaludon|def|1
|-damage|p2b: Garchomp|91/100|[from] item: Life Orb
|move|p2a: Gholdengo|Make It Rain|p1b: Rillaboom|[spread] p1a,p1b
|-resisted|p1a: Archaludon
|-damage|p1a: Archaludon|46/100
|-damage|p1b: Rillaboom|0 fnt
|-unboost|p2a: Gholdengo|spa|1
|-ability|p1a: Archaludon|Stamina|boost
|-boost|p1a: Archaludon|def|1
|faint|p1b: Rillaboom
|move|p1a: Archaludon|Draco Meteor|p2b: Garchomp
|-supereffective|p2b: Garchomp
|-damage|p2b: Garchomp|0 fnt
|-unboost|p1a: Archaludon|spa|2
|faint|p2b: Garchomp
|
|upkeep
|-message|spellbreakvgc forfeited.
|
|win|squirrelsarge
