|j|☆thaduck
|j|☆lettitripppp
|html|thaducklettitripppp    
|uhtml|bestof|Game 3 of a best-of-3
|t:|1784755134
|gametype|doubles
|player|p1|thaduck|ghetsis|1271
|player|p2|lettitripppp|lucas|1302
|gen|9
|tier|[Gen 9 Champions] VGC 2026 Reg M-B (Bo3)
|rated|
|rule|Species Clause: Limit one of each Pokémon
|rule|Item Clause: Limit 1 of each item
|clearpoke
|poke|p1|Blastoise, L50, F|
|poke|p1|Delphox, L50, M|
|poke|p1|Sinistcha, L50|
|poke|p1|Incineroar, L50, M|
|poke|p1|Sneasler, L50, M|
|poke|p1|Kingambit, L50, M|
|poke|p2|Charizard, L50, M, shiny|
|poke|p2|Incineroar, L50, F|
|poke|p2|Toxapex, L50, M, shiny|
|poke|p2|Venusaur, L50, F|
|poke|p2|Garchomp, L50, M|
|poke|p2|Annihilape, L50, M|
|teampreview|4
|showteam|p1|Blastoise||Blastoisinite|RainDish|WaterSpout,ShellSmash,DarkPulse,Protect|Modest||F|||50|]Delphox||Delphoxite|Blaze|HeatWave,Psyshock,NastyPlot,Protect|Modest||M|||50|]Sinistcha||ColburBerry|Hospitality|MatchaGotcha,RagePowder,TrickRoom,LifeDew|Bold|||||50|]Incineroar||SitrusBerry|Intimidate|PartingShot,FakeOut,HelpingHand,FlareBlitz|Careful||M|||50|]Sneasler||FocusSash|PoisonTouch|CloseCombat,PoisonJab,FakeOut,RockTomb|Jolly||M|||50|]Kingambit||LifeOrb|Defiant|KowtowCleave,SuckerPunch,SwordsDance,Protect|Adamant||M|||50|
|showteam|p2|Charizard||CharizarditeY|Blaze|HelpingHand,WeatherBall,HeatWave,Protect|Modest||M|||50|]Incineroar||SitrusBerry|Intimidate|PartingShot,ThroatChop,FlareBlitz,FakeOut|Impish||F|||50|]Toxapex||Leftovers|Regenerator|WideGuard,Infestation,Toxic,BanefulBunker|Bold||M|||50|]Venusaur||LifeOrb|Chlorophyll|SludgeBomb,EarthPower,SolarBeam,Protect|Modest||F|||50|]Garchomp||ChoiceScarf|RoughSkin|StompingTantrum,DragonClaw,Earthquake,RockSlide|Adamant||M|||50|]Annihilape||FocusSash|Defiant|PhantomForce,CloseCombat,RockTomb,Protect|Jolly||M|||50|
|inactive|Battle timer is ON: inactive players will automatically lose when time's up. (requested by lettitripppp)
|inactive|thaduck has 60 seconds left.
|
|t:|1784755166
|teamsize|p1|4
|teamsize|p2|4
|start
|switch|p1a: Blastoise|Blastoise, L50, F|100/100
|switch|p1b: Incineroar|Incineroar, L50, M|100/100
|switch|p2a: AGNI|Charizard, L50, M, shiny|100/100
|switch|p2b: AOI TODO|Incineroar, L50, F|100/100
|-ability|p1b: Incineroar|Intimidate|boost
|-unboost|p2a: AGNI|atk|1
|-unboost|p2b: AOI TODO|atk|1
|-ability|p2b: AOI TODO|Intimidate|boost
|-unboost|p1a: Blastoise|atk|1
|-unboost|p1b: Incineroar|atk|1
|turn|1
|
|t:|1784755183
|switch|p2b: SOFT-BOOM|Venusaur, L50, F|100/100
|detailschange|p2a: AGNI|Charizard-Mega-Y, L50, M, shiny
|-mega|p2a: AGNI|Charizard|Charizardite Y
|-weather|SunnyDay|[from] ability: Drought|[of] p2a: AGNI
|detailschange|p1a: Blastoise|Blastoise-Mega, L50, F
|-mega|p1a: Blastoise|Blastoise|Blastoisinite
|move|p1b: Incineroar|Fake Out|p2b: SOFT-BOOM
|-damage|p2b: SOFT-BOOM|91/100
|move|p2a: AGNI|Weather Ball|p1a: Blastoise
|-resisted|p1a: Blastoise|1
|-damage|p1a: Blastoise|57/100
|move|p1a: Blastoise|Shell Smash|p1a: Blastoise
|-unboost|p1a: Blastoise|def|1
|-unboost|p1a: Blastoise|spd|1
|-boost|p1a: Blastoise|atk|2
|-boost|p1a: Blastoise|spa|2
|-boost|p1a: Blastoise|spe|2
|
|-weather|SunnyDay|[upkeep]
|upkeep
|turn|2
|
|t:|1784755204
|move|p1a: Blastoise|Protect|p1a: Blastoise
|-singleturn|p1a: Blastoise|Protect
|move|p2b: SOFT-BOOM|Earth Power|p1b: Incineroar
|-supereffective|p1b: Incineroar|1
|-damage|p1b: Incineroar|40/100
|-enditem|p1b: Incineroar|Sitrus Berry|[eat]
|-heal|p1b: Incineroar|65/100|[from] item: Sitrus Berry
|-damage|p2b: SOFT-BOOM|81/100|[from] item: Life Orb
|move|p2a: AGNI|Weather Ball|p1b: Incineroar
|-resisted|p1b: Incineroar|1
|-damage|p1b: Incineroar|32/100
|move|p1b: Incineroar|Flare Blitz|p2b: SOFT-BOOM
|-supereffective|p2b: SOFT-BOOM|1
|-damage|p2b: SOFT-BOOM|0 fnt
|faint|p2b: SOFT-BOOM
|-damage|p1b: Incineroar|10/100|[from] Recoil
|
|-weather|SunnyDay|[upkeep]
|upkeep
|
|t:|1784755219
|switch|p2b: PHANTOM BANG|Annihilape, L50, M|100/100
|turn|3
|
|t:|1784755230
|switch|p1b: Sinistcha|Sinistcha, L50|100/100
|-heal|p1a: Blastoise|82/100|[from] ability: Hospitality|[of] p1b: Sinistcha
|move|p1a: Blastoise|Water Spout|p2a: AGNI|[spread] p2a,p2b
|-supereffective|p2a: AGNI|1
|-damage|p2a: AGNI|1/100
|-damage|p2b: PHANTOM BANG|45/100
|move|p2b: PHANTOM BANG|Close Combat|p1a: Blastoise
|-damage|p1a: Blastoise|8/100
|-unboost|p2b: PHANTOM BANG|def|1
|-unboost|p2b: PHANTOM BANG|spd|1
|move|p2a: AGNI|Weather Ball|p1b: Sinistcha
|-supereffective|p1b: Sinistcha|1
|-damage|p1b: Sinistcha|0 fnt
|faint|p1b: Sinistcha
|
|-weather|SunnyDay|[upkeep]
|upkeep
|
|t:|1784755248
|switch|p1b: Sneasler|Sneasler, L50, M|100/100
|turn|4
|
|t:|1784755260
|switch|p2a: AOI TODO|Incineroar, L50, F|100/100
|-ability|p2a: AOI TODO|Intimidate|boost
|-unboost|p1a: Blastoise|atk|1
|-unboost|p1b: Sneasler|atk|1
|move|p2b: PHANTOM BANG|Protect|p2b: PHANTOM BANG
|-singleturn|p2b: PHANTOM BANG|Protect
|move|p1a: Blastoise|Dark Pulse|p2b: PHANTOM BANG
|-activate|p2b: PHANTOM BANG|move: Protect
|move|p1b: Sneasler|Close Combat|p2a: AOI TODO
|-supereffective|p2a: AOI TODO|1
|-damage|p2a: AOI TODO|40/100
|-unboost|p1b: Sneasler|def|1
|-unboost|p1b: Sneasler|spd|1
|-status|p2a: AOI TODO|psn|[from] ability: Poison Touch|[of] p1b: Sneasler
|-enditem|p2a: AOI TODO|Sitrus Berry|[eat]
|-heal|p2a: AOI TODO|65/100 psn|[from] item: Sitrus Berry
|
|-weather|SunnyDay|[upkeep]
|-damage|p2a: AOI TODO|52/100 psn|[from] psn
|upkeep
|turn|5
|
|t:|1784755275
|switch|p1b: Incineroar|Incineroar, L50, M|10/100
|-ability|p1b: Incineroar|Intimidate|boost
|-unboost|p2a: AOI TODO|atk|1
|-unboost|p2b: PHANTOM BANG|atk|1
|-ability|p2b: PHANTOM BANG|Defiant|boost
|-boost|p2b: PHANTOM BANG|atk|2
|move|p1a: Blastoise|Protect|p1a: Blastoise
|-singleturn|p1a: Blastoise|Protect
|move|p2a: AOI TODO|Fake Out|p1a: Blastoise
|-activate|p1a: Blastoise|move: Protect
|move|p2b: PHANTOM BANG|Phantom Force||[still]
|-prepare|p2b: PHANTOM BANG|Phantom Force
|
|-weather|none
|-damage|p2a: AOI TODO|40/100 psn|[from] psn
|upkeep
|turn|6
|
|t:|1784755291
|switch|p2a: AGNI|Charizard-Mega-Y, L50, M, shiny|1/100
|-weather|SunnyDay|[from] ability: Drought|[of] p2a: AGNI
|move|p1a: Blastoise|Dark Pulse|p2a: AGNI
|-damage|p2a: AGNI|0 fnt
|faint|p2a: AGNI
|move|p2b: PHANTOM BANG|Phantom Force|p1a: Blastoise|[from] lockedmove
|-damage|p1a: Blastoise|0 fnt
|faint|p1a: Blastoise
|move|p1b: Incineroar|Flare Blitz|p2b: PHANTOM BANG
|-damage|p2b: PHANTOM BANG|0 fnt
|faint|p2b: PHANTOM BANG
|-damage|p1b: Incineroar|0 fnt|[from] Recoil
|faint|p1b: Incineroar
|
|-weather|SunnyDay|[upkeep]
|upkeep
|
|t:|1784755305
|switch|p2b: AOI TODO|Incineroar, L50, F|40/100 psn
|switch|p1b: Sneasler|Sneasler, L50, M|100/100
|-ability|p2b: AOI TODO|Intimidate|boost
|-unboost|p1b: Sneasler|atk|1
|turn|7
|
|t:|1784755309
|move|p1b: Sneasler|Fake Out|p2b: AOI TODO
|-damage|p2b: AOI TODO|34/100 psn
|cant|p2b: AOI TODO|flinch
|
|-weather|SunnyDay|[upkeep]
|-damage|p2b: AOI TODO|21/100 psn|[from] psn
|upkeep
|turn|8
|
|t:|1784755313
|move|p1b: Sneasler|Close Combat|p2b: AOI TODO
|-supereffective|p2b: AOI TODO|1
|-damage|p2b: AOI TODO|0 fnt
|-unboost|p1b: Sneasler|def|1
|-unboost|p1b: Sneasler|spd|1
|faint|p2b: AOI TODO
|
|win|thaduck
|raw|thaduck's rating: 1271 → 1298(+27 for winning)
|raw|lettitripppp's rating: 1302 → 1280(-22 for losing)
