|j|☆Liminal Rain
|j|☆RevenClop
|html|Liminal RainRevenClop    
|uhtml|bestof|Game 3 of a best-of-3
|t:|1783161490
|gametype|doubles
|player|p1|Liminal Rain|cynthia-gen4|1106
|player|p2|RevenClop|gentleman-gen4|1177
|gen|9
|tier|[Gen 9 Champions] VGC 2026 Reg M-B (Bo3)
|rated|
|rule|Species Clause: Limit one of each Pokémon
|rule|Item Clause: Limit 1 of each item
|clearpoke
|poke|p1|Delphox, L50, M|
|poke|p1|Maushold, L50|
|poke|p1|Sylveon, L50, M|
|poke|p1|Scizor, L50, M|
|poke|p1|Basculegion, L50, M|
|poke|p1|Mamoswine, L50, F|
|poke|p2|Charizard, L50, F, shiny|
|poke|p2|Aerodactyl, L50, M, shiny|
|poke|p2|Kingambit, L50, M|
|poke|p2|Garchomp, L50, F, shiny|
|poke|p2|Sylveon, L50, M, shiny|
|poke|p2|Farigiraf, L50, F, shiny|
|teampreview|4
|showteam|p1|Delphox||Delphoxite|Blaze|NastyPlot,HeatWave,Psychic,Protect|Timid||M|||50|]Maushold||FocusSash|FriendGuard|SuperFang,HelpingHand,FollowMe,Taunt|Timid|||||50|]Sylveon||FairyFeather|Pixilate|HyperVoice,HyperBeam,QuickAttack,Detect|Quiet||M|||50|]Scizor||Scizorite|Technician|SwordsDance,Trailblaze,BulletPunch,BugBite|Adamant||M|||50|]Basculegion||ChoiceScarf|Adaptability|FlipTurn,WaveCrash,LastRespects,AquaJet|Jolly||M|||50|]Mamoswine||LifeOrb|Oblivious|IceShard,IcicleCrash,HighHorsepower,Protect|Jolly||F|||50|
|showteam|p2|Charizard||CharizarditeY|Blaze|HeatWave,SolarBeam,WeatherBall,Protect|Modest||F|||50|]Aerodactyl||Aerodactylite|Unnerve|RockSlide,DualWingbeat,Tailwind,IceFang|Jolly||M|||50|]Kingambit||FocusSash|Defiant|KowtowCleave,IronHead,SuckerPunch,LowKick|Adamant||M|||50|]Garchomp||LifeOrb|RoughSkin|DragonClaw,Earthquake,StompingTantrum,Protect|Jolly||F|||50|]Sylveon||FairyFeather|Pixilate|Detect,HyperBeam,QuickAttack,HyperVoice|Modest||M|||50|]Farigiraf||SitrusBerry|ArmorTail|Thunderbolt,PsychicFangs,TrickRoom,SunnyDay|Relaxed||F|||50|
|j| Kach_15
|j| 47fgv&
|inactive|Battle timer is ON: inactive players will automatically lose when time's up. (requested by RevenClop)
|
|t:|1783161536
|teamsize|p1|4
|teamsize|p2|4
|start
|switch|p1a: Delphox|Delphox, L50, M|100/100
|switch|p1b: Sylveon|Sylveon, L50, M|100/100
|switch|p2a: Farigiraf|Farigiraf, L50, F, shiny|100/100
|switch|p2b: Charizard|Charizard, L50, F, shiny|100/100
|turn|1
|
|t:|1783161554
|detailschange|p1a: Delphox|Delphox-Mega, L50, M
|-mega|p1a: Delphox|Delphox|Delphoxite
|detailschange|p2b: Charizard|Charizard-Mega-Y, L50, F, shiny
|-mega|p2b: Charizard|Charizard|Charizardite Y
|-weather|SunnyDay|[from] ability: Drought|[of] p2b: Charizard
|move|p1a: Delphox|Nasty Plot|p1a: Delphox
|-boost|p1a: Delphox|spa|2
|move|p2b: Charizard|Weather Ball|p1b: Sylveon
|-damage|p1b: Sylveon|38/100
|move|p1b: Sylveon|Hyper Voice|p2b: Charizard|[spread] p2a,p2b
|-resisted|p2b: Charizard|1
|-damage|p2a: Farigiraf|50/100g
|-damage|p2b: Charizard|78/100
|move|p2a: Farigiraf|Trick Room|p2a: Farigiraf
|-fieldstart|move: Trick Room|[of] p2a: Farigiraf
|
|-weather|SunnyDay|[upkeep]
|upkeep
|turn|2
|
|t:|1783161576
|move|p1b: Sylveon|Detect|p1b: Sylveon
|-singleturn|p1b: Sylveon|Protect
|move|p2a: Farigiraf|Thunderbolt|p1a: Delphox
|-damage|p1a: Delphox|78/100
|-status|p1a: Delphox|par
|move|p1a: Delphox|Psychic|p2b: Charizard
|-damage|p2b: Charizard|0 fnt
|faint|p2b: Charizard
|
|-weather|SunnyDay|[upkeep]
|upkeep
|
|t:|1783161588
|switch|p2b: Kingambit|Kingambit, L50, M|100/100
|turn|3
|
|t:|1783161596
|move|p1b: Sylveon|Hyper Beam|p2b: Kingambit
|-enditem|p2b: Kingambit|Focus Sash
|-damage|p2b: Kingambit|1/100
|-mustrecharge|p1b: Sylveon
|move|p2a: Farigiraf|Thunderbolt|p1b: Sylveon
|-damage|p1b: Sylveon|21/100
|move|p2b: Kingambit|Kowtow Cleave|p1a: Delphox
|-supereffective|p1a: Delphox|1
|-damage|p1a: Delphox|0 fnt
|faint|p1a: Delphox
|
|-weather|SunnyDay|[upkeep]
|upkeep
|
|t:|1783161610
|switch|p1a: Mamoswine|Mamoswine, L50, F|100/100
|turn|4
|
|t:|1783161623
|move|p1a: Mamoswine|Protect|p1a: Mamoswine
|-singleturn|p1a: Mamoswine|Protect
|move|p2a: Farigiraf|Thunderbolt|p1b: Sylveon
|-damage|p1b: Sylveon|5/100
|cant|p1b: Sylveon|recharge
|move|p2b: Kingambit|Low Kick|p1a: Mamoswine
|-activate|p1a: Mamoswine|move: Protect
|
|-weather|SunnyDay|[upkeep]
|upkeep
|turn|5
|
|t:|1783161646
|switch|p1a: Maushold|Maushold, L50|100/100
|move|p2a: Farigiraf|Psychic Fangs|p1b: Sylveon
|-damage|p1b: Sylveon|0 fnt
|faint|p1b: Sylveon
|move|p2b: Kingambit|Low Kick|p1a: Maushold
|-supereffective|p1a: Maushold|1
|-damage|p1a: Maushold|77/100
|
|-weather|none
|-fieldend|move: Trick Room
|upkeep
|
|t:|1783161651
|switch|p1b: Mamoswine|Mamoswine, L50, F|100/100
|turn|6
|inactive|Liminal Rain has 30 seconds left.
|inactive|RevenClop has 30 seconds left.
|
|t:|1783161682
|move|p1a: Maushold|Follow Me|p1a: Maushold
|-singleturn|p1a: Maushold|move: Follow Me
|move|p1b: Mamoswine|High Horsepower|p2a: Farigiraf
|-damage|p2a: Farigiraf|3/100
|-enditem|p2a: Farigiraf|Sitrus Berry|[eat]
|-heal|p2a: Farigiraf|28/100|[from] item: Sitrus Berry
|-damage|p1b: Mamoswine|90/100|[from] item: Life Orb
|move|p2b: Kingambit|Low Kick|p1a: Maushold
|-supereffective|p1a: Maushold|1
|-damage|p1a: Maushold|58/100
|move|p2a: Farigiraf|Thunderbolt|p1a: Maushold
|-damage|p1a: Maushold|29/100
|
|upkeep
|turn|7
|inactive|RevenClop has 30 seconds left.
|
|t:|1783161709
|move|p1a: Maushold|Taunt|p2a: Farigiraf
|-start|p2a: Farigiraf|move: Taunt
|move|p1b: Mamoswine|High Horsepower|p2b: Kingambit
|-supereffective|p2b: Kingambit|1
|-damage|p2b: Kingambit|0 fnt
|faint|p2b: Kingambit
|-damage|p1b: Mamoswine|80/100|[from] item: Life Orb
|move|p2a: Farigiraf|Psychic Fangs|p1a: Maushold
|-damage|p1a: Maushold|0 fnt
|faint|p1a: Maushold
|
|upkeep
|
|t:|1783161722
|switch|p2b: Garchomp|Garchomp, L50, F, shiny|100/100
|turn|8
|
|t:|1783161747
|move|p2b: Garchomp|Stomping Tantrum|p1b: Mamoswine
|-damage|p1b: Mamoswine|19/100
|-damage|p2b: Garchomp|90/100|[from] item: Life Orb
|move|p1b: Mamoswine|High Horsepower|p2a: Farigiraf
|-damage|p2a: Farigiraf|0 fnt
|faint|p2a: Farigiraf
|-damage|p1b: Mamoswine|10/100|[from] item: Life Orb
|
|upkeep
|turn|9
|
|t:|1783161757
|move|p1b: Mamoswine|Ice Shard|p2b: Garchomp
|-supereffective|p2b: Garchomp|2
|-crit|p2b: Garchomp
|-damage|p2b: Garchomp|0 fnt
|faint|p2b: Garchomp
|-damage|p1b: Mamoswine|1/100|[from] item: Life Orb
|
|win|Liminal Rain
|raw|Liminal Rain's rating: 1106 → 1136(+30 for winning)
|raw|RevenClop's rating: 1177 → 1147(-30 for losing)
