|j|☆Its andreas tbh
|j|☆DimensionalFool
|html|Its andreas tbhDimensionalFool    
|uhtml|bestof|Game 1 of a best-of-3
|t:|1782251273
|gametype|doubles
|player|p1|Its andreas tbh|169|1098
|player|p2|DimensionalFool|170|1203
|gen|9
|tier|[Gen 9 Champions] VGC 2026 Reg M-B (Bo3)
|rated|
|rule|Species Clause: Limit one of each Pokémon
|rule|Item Clause: Limit 1 of each item
|clearpoke
|poke|p1|Sinistcha, L50|
|poke|p1|Aggron, L50, M|
|poke|p1|Drampa, L50, M|
|poke|p1|Torkoal, L50, M|
|poke|p1|Oranguru, L50, F|
|poke|p1|Grimmsnarl, L50, M|
|poke|p2|Whimsicott, L50, M|
|poke|p2|Staraptor, L50, F|
|poke|p2|Garchomp, L50, F|
|poke|p2|Gholdengo, L50|
|poke|p2|Basculegion, L50, M|
|poke|p2|Typhlosion-Hisui, L50, F|
|teampreview|4
|showteam|p1|Sinistcha||MentalHerb|Hospitality|MatchaGotcha,LifeDew,Protect,TrickRoom|Relaxed|||||50|]Aggron||Aggronite|Sturdy|IronDefense,BodyPress,HeavySlam,Protect|Brave||M|||50|]Drampa||Drampanite|CloudNine|HyperVoice,DracoMeteor,Thunderbolt,Protect|Quiet||M|||50|]Torkoal||Charcoal|Drought|Eruption,HeatWave,BodyPress,Protect|Quiet||M|||50|]Oranguru||SitrusBerry|InnerFocus|TrickRoom,Instruct,Protect,Taunt|Sassy||F|||50|]Grimmsnarl||LightClay|Prankster|LightScreen,Reflect,PartingShot,SpiritBreak|Careful||M|||50|
|showteam|p2|Whimsicott||FocusSash|Prankster|Tickle,Tailwind,Moonblast,FakeTears|Timid||M|||50|]Staraptor||Staraptite|Intimidate|BraveBird,CloseCombat,Roost,Protect|Jolly||F|||50|]Garchomp||RoseliBerry|RoughSkin|DragonClaw,StompingTantrum,RockTomb,PoisonJab|Jolly||F|||50|]Gholdengo||LifeOrb|GoodasGold|MakeItRain,ShadowBall,PowerGem,Protect|Modest|||||50|]Basculegion||MysticWater|Adaptability|WaveCrash,LastRespects,AquaJet,Protect|Adamant||M|||50|]Typhlosion-Hisui||ChoiceScarf|Frisk|Eruption,HeatWave,BurnUp,ShadowBall|Modest||F|||50|
|inactive|Battle timer is ON: inactive players will automatically lose when time's up. (requested by DimensionalFool)
|inactive|DimensionalFool has 60 seconds left.
|
|t:|1782251316
|teamsize|p1|4
|teamsize|p2|4
|start
|switch|p1a: Torkoal|Torkoal, L50, M|100/100
|switch|p1b: Oranguru|Oranguru, L50, F|100/100
|switch|p2a: Staraptor|Staraptor, L50, F|100/100
|switch|p2b: Typhlosion|Typhlosion-Hisui, L50, F|100/100
|-item|p1a: Torkoal|Charcoal|[from] ability: Frisk|[of] p2b: Typhlosion
|-item|p1b: Oranguru|Sitrus Berry|[from] ability: Frisk|[of] p2b: Typhlosion
|-ability|p2a: Staraptor|Intimidate|boost
|-unboost|p1a: Torkoal|atk|1
|-fail|p1b: Oranguru|unboost|Attack|[from] ability: Inner Focus|[of] p1b: Oranguru
|-weather|SunnyDay|[from] ability: Drought|[of] p1a: Torkoal
|turn|1
|
|t:|1782251337
|detailschange|p2a: Staraptor|Staraptor-Mega, L50, F
|-mega|p2a: Staraptor|Staraptor|Staraptite
|move|p1a: Torkoal|Protect|p1a: Torkoal
|-singleturn|p1a: Torkoal|Protect
|move|p2b: Typhlosion|Eruption|p1b: Oranguru|[spread] p1b
|-activate|p1a: Torkoal|move: Protect
|-damage|p1b: Oranguru|36/100
|-enditem|p1b: Oranguru|Sitrus Berry|[eat]
|-heal|p1b: Oranguru|60/100|[from] item: Sitrus Berry
|move|p2a: Staraptor|Close Combat|p1b: Oranguru
|-damage|p1b: Oranguru|4/100
|-boost|p2a: Staraptor|def|1
|-boost|p2a: Staraptor|spd|1
|move|p1b: Oranguru|Trick Room|p1b: Oranguru
|-fieldstart|move: Trick Room|[of] p1b: Oranguru
|
|-weather|SunnyDay|[upkeep]
|upkeep
|turn|2
|
|t:|1782251356
|move|p2a: Staraptor|Protect|p2a: Staraptor
|-singleturn|p2a: Staraptor|Protect
|move|p1a: Torkoal|Eruption|p2b: Typhlosion|[spread] p2b
|-activate|p2a: Staraptor|move: Protect
|-resisted|p2b: Typhlosion|1
|-damage|p2b: Typhlosion|45/100
|move|p1b: Oranguru|Instruct|p1a: Torkoal
|-singleturn|p1a: Torkoal|move: Instruct|[of] p1b: Oranguru
|move|p1a: Torkoal|Eruption|p2b: Typhlosion|[spread] p2b
|-activate|p2a: Staraptor|move: Protect
|-resisted|p2b: Typhlosion|1
|-crit|p2b: Typhlosion
|-damage|p2b: Typhlosion|0 fnt
|faint|p2b: Typhlosion
|
|-weather|SunnyDay|[upkeep]
|upkeep
|
|t:|1782251365
|switch|p2b: Whimsicott|Whimsicott, L50, M|100/100
|turn|3
|
|t:|1782251378
|move|p2b: Whimsicott|Fake Tears|p2a: Staraptor
|-boost|p2a: Staraptor|spd|2
|move|p1a: Torkoal|Eruption|p2b: Whimsicott|[spread] p2a,p2b
|-supereffective|p2b: Whimsicott|1
|-damage|p2a: Staraptor|59/100
|-enditem|p2b: Whimsicott|Focus Sash
|-damage|p2b: Whimsicott|1/100
|move|p1b: Oranguru|Instruct|p1a: Torkoal
|-singleturn|p1a: Torkoal|move: Instruct|[of] p1b: Oranguru
|move|p1a: Torkoal|Eruption|p2a: Staraptor|[spread] p2a,p2b
|-supereffective|p2b: Whimsicott|1
|-damage|p2a: Staraptor|17/100
|-damage|p2b: Whimsicott|0 fnt
|faint|p2b: Whimsicott
|move|p2a: Staraptor|Close Combat|p1a: Torkoal
|-damage|p1a: Torkoal|52/100
|-boost|p2a: Staraptor|def|1
|-boost|p2a: Staraptor|spd|1
|
|-weather|SunnyDay|[upkeep]
|upkeep
|
|t:|1782251394
|switch|p2b: Gholdengo|Gholdengo, L50|100/100
|turn|4
|
|t:|1782251399
|move|p2b: Gholdengo|Protect|p2b: Gholdengo
|-singleturn|p2b: Gholdengo|Protect
|move|p1a: Torkoal|Heat Wave|p2b: Gholdengo|[spread] p2a
|-activate|p2b: Gholdengo|move: Protect
|-damage|p2a: Staraptor|0 fnt
|faint|p2a: Staraptor
|move|p1b: Oranguru|Trick Room|p1b: Oranguru
|-fieldend|move: Trick Room
|
|-weather|SunnyDay|[upkeep]
|upkeep
|turn|5
|-message|DimensionalFool forfeited.
|
|win|Its andreas tbh
|l|☆DimensionalFool
|player|p2|
||DimensionalFool is ready for game 2.
