|j|☆ALP_Fire
|j|☆tortilla sorpresa
|html|ALP_Firetortilla sorpresa    
|uhtml|bestof|Game 1 of a best-of-3
|t:|1784668362
|gametype|doubles
|player|p1|ALP_Fire|benga|1067
|player|p2|tortilla sorpresa|pokemaniac|1099
|gen|9
|tier|[Gen 9 Champions] VGC 2026 Reg M-B (Bo3)
|rated|
|rule|Species Clause: Limit one of each Pokémon
|rule|Item Clause: Limit 1 of each item
|clearpoke
|poke|p1|Staraptor, L50, F, shiny|
|poke|p1|Gholdengo, L50, shiny|
|poke|p1|Incineroar, L50, M, shiny|
|poke|p1|Whimsicott, L50, F, shiny|
|poke|p1|Garchomp, L50, F, shiny|
|poke|p1|Ditto, L50, shiny|
|poke|p2|Drampa, L50, F|
|poke|p2|Oranguru, L50, F|
|poke|p2|Sinistcha, L50|
|poke|p2|Sylveon, L50, M|
|poke|p2|Torkoal, L50, M|
|poke|p2|Lucario, L50, F|
|teampreview|4
|showteam|p1|Staraptor||Staraptite|Intimidate|CloseCombat,SkyAttack,Protect,BlazeKick|Adamant||F|||50|]Gholdengo||Leftovers|GoodasGold|NastyPlot,MakeItRain,ShadowBall,Protect|Timid|||||50|]Incineroar||SitrusBerry|Intimidate|PartingShot,ThroatChop,BodySlam,FakeOut|Adamant||M|||50|]Whimsicott||FocusSash|Prankster|Tailwind,Encore,Charm,DazzlingGleam|Modest||F|||50|]Garchomp||Garchompite|RoughSkin|BrickBreak,Earthquake,DragonClaw,RockSlide|Careful||F|||50|]Ditto||LifeOrb|Imposter|Transform|Bold|||||50|
|showteam|p2|Drampa||Drampanite|CloudNine|Protect,HyperVoice,EarthPower,CalmMind|Quiet||F|||50|]Oranguru||ColburBerry|InnerFocus|FoulPlay,TrickRoom,Psychic,Instruct|Calm||F|||50|]Sinistcha||SitrusBerry|Hospitality|MatchaGotcha,LifeDew,RagePowder,TrickRoom|Calm|||||50|]Sylveon||FairyFeather|Pixilate|Protect,HyperVoice,HyperBeam,QuickAttack|Quiet||M|||50|]Torkoal||Charcoal|Drought|Protect,Eruption,HeatWave,SolarBeam|Quiet||M|||50|]Lucario||ChoiceScarf|InnerFocus|CloseCombat,FinalGambit,MeteorMash,StoneEdge|Adamant||F|||50|
|inactive|Battle timer is ON: inactive players will automatically lose when time's up. (requested by ALP_Fire)
|inactive|tortilla sorpresa has 60 seconds left.
|
|t:|1784668402
|teamsize|p1|4
|teamsize|p2|4
|start
|switch|p1a: Reaper|Staraptor, L50, F, shiny|100/100
|switch|p1b: Q-Tip|Whimsicott, L50, F, shiny|100/100
|switch|p2a: Oranguru|Oranguru, L50, F|100/100
|switch|p2b: Lucario|Lucario, L50, F|100/100
|-ability|p1a: Reaper|Intimidate|boost
|-fail|p2a: Oranguru|unboost|Attack|[from] ability: Inner Focus|[of] p2a: Oranguru
|-fail|p2b: Lucario|unboost|Attack|[from] ability: Inner Focus|[of] p2b: Lucario
|turn|1
|
|t:|1784668421
|detailschange|p1a: Reaper|Staraptor-Mega, L50, F, shiny
|-mega|p1a: Reaper|Staraptor|Staraptite
|move|p1b: Q-Tip|Charm|p1a: Reaper
|-boost|p1a: Reaper|atk|2
|move|p2b: Lucario|Final Gambit|p1a: Reaper
|-damage|p1a: Reaper|0 fnt
|faint|p2b: Lucario
|faint|p1a: Reaper
|move|p2a: Oranguru|Trick Room|p2a: Oranguru
|-fieldstart|move: Trick Room|[of] p2a: Oranguru
|
|upkeep
|
|t:|1784668435
|switch|p2b: Torkoal|Torkoal, L50, M|100/100
|switch|p1a: Midas|Gholdengo, L50, shiny|100/100
|-weather|SunnyDay|[from] ability: Drought|[of] p2b: Torkoal
|turn|2
|
|t:|1784668442
|move|p1b: Q-Tip|Encore|p2a: Oranguru
|-start|p2a: Oranguru|Encore
|move|p2b: Torkoal|Eruption|p1a: Midas|[spread] p1a,p1b
|-supereffective|p1a: Midas|1
|-supereffective|p1b: Q-Tip|1
|-damage|p1a: Midas|0 fnt
|-enditem|p1b: Q-Tip|Focus Sash
|-damage|p1b: Q-Tip|1/100
|faint|p1a: Midas
|move|p2a: Oranguru|Trick Room|p2a: Oranguru
|-fieldend|move: Trick Room
|
|-weather|SunnyDay|[upkeep]
|upkeep
|
|t:|1784668456
|switch|p1a: Bloob|Ditto, L50, shiny|100/100
|-transform|p1a: Bloob|p2b: Torkoal|[from] ability: Imposter
|turn|3
|inactive|ALP_Fire has 30 seconds left.
|
|t:|1784668484
|move|p1b: Q-Tip|Dazzling Gleam|p2b: Torkoal|[spread] p2a,p2b
|-resisted|p2b: Torkoal|1
|-damage|p2a: Oranguru|84/100
|-damage|p2b: Torkoal|83/100
|move|p2b: Torkoal|Heat Wave|p1a: Bloob|[spread] p1a,p1b
|-resisted|p1a: Bloob|1
|-supereffective|p1b: Q-Tip|1
|-damage|p1a: Bloob|55/100
|-damage|p1b: Q-Tip|0 fnt
|faint|p1b: Q-Tip
|move|p1a: Bloob|Eruption|p2b: Torkoal|[spread] p2a,p2b
|-resisted|p2b: Torkoal|1
|-damage|p2a: Oranguru|48/100
|-damage|p2b: Torkoal|46/100
|-damage|p1a: Bloob|45/100|[from] item: Life Orb
|move|p2a: Oranguru|Trick Room|p2a: Oranguru
|-fieldstart|move: Trick Room|[of] p2a: Oranguru
|
|-weather|SunnyDay|[upkeep]
|upkeep
|turn|4
|
|t:|1784668498
|move|p1a: Bloob|Protect|p1a: Bloob
|-singleturn|p1a: Bloob|Protect
|move|p2b: Torkoal|Heat Wave|p1a: Bloob
|-activate|p1a: Bloob|move: Protect
|move|p2a: Oranguru|Trick Room|p2a: Oranguru
|-fieldend|move: Trick Room
|
|-weather|SunnyDay|[upkeep]
|-end|p2a: Oranguru|Encore
|upkeep
|turn|5
|
|t:|1784668507
|move|p2a: Oranguru|Instruct|p2b: Torkoal
|-singleturn|p2b: Torkoal|move: Instruct|[of] p2a: Oranguru
|move|p2b: Torkoal|Heat Wave|p1a: Bloob
|-resisted|p1a: Bloob|1
|-damage|p1a: Bloob|0 fnt
|faint|p1a: Bloob
|
|win|tortilla sorpresa
|l|☆ALP_Fire
|player|p1|
||tortilla sorpresa is ready for game 2.
||ALP_Fire is ready for game 2.
|uhtml|next|Next: Game 2 of 3
