|j|☆Ba2_nana
|j|☆Kalycgos
|html|Ba2_nanaKalycgos    
|uhtml|bestof|Game 2 of a best-of-3
|t:|1783961707
|gametype|doubles
|player|p1|Ba2_nana|266|1231
|player|p2|Kalycgos|169|1116
|gen|9
|tier|[Gen 9 Champions] VGC 2026 Reg M-B (Bo3)
|rated|
|rule|Species Clause: Limit one of each Pokémon
|rule|Item Clause: Limit 1 of each item
|clearpoke
|poke|p1|Delphox, L50, F|
|poke|p1|Hydreigon, L50, F|
|poke|p1|Sinistcha, L50|
|poke|p1|Sneasler, L50, F|
|poke|p1|Mawile, L50, M|
|poke|p1|Incineroar, L50, F|
|poke|p2|Garchomp, L50, F, shiny|
|poke|p2|Charizard, L50, F, shiny|
|poke|p2|Whimsicott, L50, F|
|poke|p2|Floette-Eternal, L50, F|
|poke|p2|Kingambit, L50, M|
|poke|p2|Basculegion, L50, M|
|teampreview|4
|showteam|p1|Delphox||Delphoxite|Blaze|NastyPlot,HeatWave,Psychic,Protect|Timid||F|||50|]Hydreigon||LifeOrb|Levitate|DracoMeteor,DarkPulse,EarthPower,Protect|Timid||F|||50|]Sinistcha||KasibBerry|Hospitality|MatchaGotcha,RagePowder,TrickRoom,Protect|Relaxed|||||50|]Sneasler||WhiteHerb|Unburden|FakeOut,CloseCombat,GunkShot,QuickGuard|Adamant||F|||50|]Mawile||Mawilite|Intimidate|SwordsDance,PlayRough,SuckerPunch,Protect|Adamant||M|||50|]Incineroar||SitrusBerry|Intimidate|FakeOut,ThroatChop,FlareBlitz,PartingShot|Adamant||F|||50|
|showteam|p2|Garchomp||LifeOrb|RoughSkin|DragonClaw,Earthquake,RockSlide,Protect|Jolly||F|||50|]Charizard||CharizarditeY|Blaze|HeatWave,SolarBeam,AncientPower,Protect|Modest||F|||50|]Whimsicott||FocusSash|Prankster|Moonblast,Tailwind,Encore,Protect|Timid||F|||50|]Floette-Eternal||Floettite|FlowerVeil|LightofRuin,Moonblast,DazzlingGleam,Protect|Timid||F|||50|]Kingambit||BlackGlasses|Defiant|KowtowCleave,SuckerPunch,LowKick,Protect|Adamant||M|||50|]Basculegion||MysticWater|Adaptability|LastRespects,WaveCrash,AquaJet,Protect|Adamant||M|||50|
|inactive|Battle timer is ON: inactive players will automatically lose when time's up. (requested by Kalycgos)
|inactive|Ba2_nana has 60 seconds left.
|inactive|Kalycgos has 60 seconds left.
|
|t:|1783961752
|teamsize|p1|4
|teamsize|p2|4
|start
|switch|p1a: Sinistcha|Sinistcha, L50|100/100
|switch|p1b: Hydreigon|Hydreigon, L50, F|100/100
|switch|p2a: Bard|Whimsicott, L50, F|100/100
|switch|p2b: Samurai|Kingambit, L50, M|100/100
|turn|1
|
|t:|1783961770
|move|p2a: Bard|Moonblast|p1b: Hydreigon
|-supereffective|p1b: Hydreigon|2
|-damage|p1b: Hydreigon|0 fnt
|faint|p1b: Hydreigon
|move|p2b: Samurai|Kowtow Cleave|p1a: Sinistcha
|-supereffective|p1a: Sinistcha|1
|-damage|p1a: Sinistcha|7/100
|move|p1a: Sinistcha|Trick Room|p1a: Sinistcha
|-fieldstart|move: Trick Room|[of] p1a: Sinistcha
|
|upkeep
|
|t:|1783961784
|switch|p1b: Delphox|Delphox, L50, F|100/100
|turn|2
|
|t:|1783961793
|switch|p1a: Incineroar|Incineroar, L50, F|100/100
|-ability|p1a: Incineroar|Intimidate|boost
|-unboost|p2a: Bard|atk|1
|-unboost|p2b: Samurai|atk|1
|-ability|p2b: Samurai|Defiant|boost
|-boost|p2b: Samurai|atk|2
|detailschange|p1b: Delphox|Delphox-Mega, L50, F
|-mega|p1b: Delphox|Delphox|Delphoxite
|move|p1b: Delphox|Protect|p1b: Delphox
|-singleturn|p1b: Delphox|Protect
|move|p2a: Bard|Encore|p1a: Incineroar
|-hint|Since gen 7, Dark is immune to Prankster moves.
|-immune|p1a: Incineroar
|move|p2b: Samurai|Kowtow Cleave|p1b: Delphox
|-activate|p1b: Delphox|move: Protect
|
|upkeep
|turn|3
|
|t:|1783961817
|switch|p1b: Sinistcha|Sinistcha, L50|7/100
|move|p2a: Bard|Protect|p2a: Bard
|-singleturn|p2a: Bard|Protect
|move|p2b: Samurai|Protect|p2b: Samurai
|-singleturn|p2b: Samurai|Protect
|move|p1a: Incineroar|Flare Blitz|p2b: Samurai
|-activate|p2b: Samurai|move: Protect
|
|upkeep
|turn|4
|inactive|Kalycgos has 30 seconds left.
|
|t:|1783961844
|move|p1b: Sinistcha|Protect|p1b: Sinistcha
|-singleturn|p1b: Sinistcha|Protect
|move|p1a: Incineroar|Flare Blitz|p2b: Samurai
|-supereffective|p2b: Samurai|1
|-damage|p2b: Samurai|0 fnt
|faint|p2b: Samurai
|-damage|p1a: Incineroar|71/100|[from] Recoil
|move|p2a: Bard|Moonblast|p1b: Sinistcha
|-activate|p1b: Sinistcha|move: Protect
|
|upkeep
|
|t:|1783961854
|switch|p2b: Reaper|Basculegion, L50, M|100/100
|turn|5
|
|t:|1783961870
|switch|p1b: Delphox|Delphox-Mega, L50, F|100/100
|move|p2b: Reaper|Aqua Jet|p1a: Incineroar
|-supereffective|p1a: Incineroar|1
|-damage|p1a: Incineroar|3/100
|-enditem|p1a: Incineroar|Sitrus Berry|[eat]
|-heal|p1a: Incineroar|28/100|[from] item: Sitrus Berry
|move|p2a: Bard|Encore||[still]
|-fail|p2a: Bard
|move|p1a: Incineroar|Parting Shot|p2a: Bard
|-unboost|p2a: Bard|atk|1
|-unboost|p2a: Bard|spa|1
|
|t:|1783961882
|switch|p1a: Sinistcha|Sinistcha, L50|7/100|[from] Parting Shot
|
|-fieldend|move: Trick Room
|upkeep
|turn|6
|inactive|Ba2_nana has 30 seconds left.
|
|t:|1783961912
|switch|p1a: Incineroar|Incineroar, L50, F|28/100
|-ability|p1a: Incineroar|Intimidate|boost
|-unboost|p2a: Bard|atk|1
|-unboost|p2b: Reaper|atk|1
|move|p1b: Delphox|Psychic|p2b: Reaper
|-damage|p2b: Reaper|44/100
|move|p2a: Bard|Moonblast|p1a: Incineroar
|-damage|p1a: Incineroar|7/100
|move|p2b: Reaper|Wave Crash|p1b: Delphox
|-supereffective|p1b: Delphox|1
|-damage|p1b: Delphox|0 fnt
|faint|p1b: Delphox
|-damage|p2b: Reaper|19/100|[from] Recoil
|
|upkeep
|
|t:|1783961922
|switch|p1b: Sinistcha|Sinistcha, L50|7/100
|-heal|p1a: Incineroar|32/100|[from] ability: Hospitality|[of] p1b: Sinistcha
|turn|7
|
|t:|1783961933
|move|p2a: Bard|Moonblast|p1b: Sinistcha
|-damage|p1b: Sinistcha|0 fnt
|faint|p1b: Sinistcha
|move|p2b: Reaper|Wave Crash|p1a: Incineroar
|-supereffective|p1a: Incineroar|1
|-damage|p1a: Incineroar|0 fnt
|faint|p1a: Incineroar
|-damage|p2b: Reaper|8/100|[from] Recoil
|
|win|Kalycgos
|raw|Ba2_nana's rating: 1231 → 1198(-33 for losing)
|raw|Kalycgos's rating: 1116 → 1149(+33 for winning)
|l|☆Ba2_nana
|player|p1|
