|j|☆teyvgc
|j|☆bearlover997
|html|teyvgcbearlover997    
|uhtml|bestof|Game 1 of a best-of-3
|t:|1785888487
|gametype|doubles
|player|p1|teyvgc|rood|1166
|player|p2|bearlover997|sage|1052
|gen|9
|tier|[Gen 9 Champions] VGC 2026 Reg M-B (Bo3)
|rated|
|rule|Species Clause: Limit one of each Pokémon
|rule|Item Clause: Limit 1 of each item
|clearpoke
|poke|p1|Staraptor, L50, M|
|poke|p1|Metagross, L50|
|poke|p1|Farigiraf, L50, F|
|poke|p1|Whimsicott, L50, F|
|poke|p1|Garchomp, L50, F|
|poke|p1|Ceruledge, L50, M|
|poke|p2|Victreebel, L50, F|
|poke|p2|Espathra, L50, M|
|poke|p2|Skeledirge, L50, F|
|poke|p2|Rotom-Wash, L50|
|poke|p2|Clefable, L50, M|
|poke|p2|Aerodactyl, L50, F|
|teampreview|4
|showteam|p1|Staraptor||Staraptite|Intimidate|Protect,CloseCombat,BraveBird,Roost|Jolly||M|||50|]Metagross||Metagrossite|ClearBody|Protect,IronHead,PsychicFangs,StompingTantrum|Adamant|||||50|]Farigiraf||SitrusBerry|ArmorTail|HelpingHand,Psychic,Thunderbolt,TrickRoom|Calm||F|||50|]Whimsicott||FocusSash|Prankster|Moonblast,Tailwind,Charm,Encore|Timid||F|||50|]Garchomp||LifeOrb|RoughSkin|Protect,StompingTantrum,RockSlide,DragonClaw|Jolly||F|||50|]Ceruledge||ColburBerry|FlashFire|Protect,ShadowSneak,BulkUp,BitterBlade|Adamant||M|||50|
|showteam|p2|Victreebel||Victreebelite|Chlorophyll|SludgeBomb,GigaDrain,StrengthSap,Protect|Hasty||F|||50|]Espathra||SitrusBerry|SpeedBoost|BatonPass,CalmMind,LuminaCrash,Protect|Modest||M|||50|]Skeledirge||Leftovers|Unaware|TorchSong,ShadowBall,Yawn,Protect|Bold||F|||50|]Rotom-Wash||ChoiceScarf|Levitate|Trick,VoltSwitch,Thunderbolt,HydroPump|Timid|||||50|]Clefable||Clefablite|Unaware|DazzlingGleam,Protect,FollowMe,HealingWish|Calm||M|||50|]Aerodactyl||FocusSash|Unnerve|RockSlide,WideGuard,Tailwind,Protect|Jolly||F|||50|
|inactive|Battle timer is ON: inactive players will automatically lose when time's up. (requested by bearlover997)
|l|☆bearlover997
|inactive|bearlover997 disconnected and has a minute to reconnect!
|player|p2|
|inactive|teyvgc has 60 seconds left.
|j|☆bearlover997
|inactive|bearlover997 reconnected.
|player|p2|bearlover997|sage|
|inactive|teyvgc has 30 seconds left.
|inactive|teyvgc has 20 seconds left.
|inactive|teyvgc has 15 seconds left.
|inactive|teyvgc has 10 seconds left.
|inactive|teyvgc has 5 seconds left.
|
|t:|1785888573
|teamsize|p1|4
|teamsize|p2|4
|start
|switch|p1a: Trick Room Hater|Whimsicott, L50, F|100/100
|switch|p1b: Smart Iron Brick|Metagross, L50|100/100
|switch|p2a: Espathra|Espathra, L50, M|100/100
|switch|p2b: Clefable|Clefable, L50, M|100/100
|turn|1
|l|☆bearlover997
|inactive|bearlover997 disconnected and has a minute to reconnect!
|player|p2|
|j|☆bearlover997
|inactive|bearlover997 reconnected and has 35 seconds left.
|player|p2|bearlover997|sage|
|inactive|teyvgc has 30 seconds left.
|inactive|bearlover997 has 30 seconds left.
|inactive|teyvgc has 20 seconds left.
|inactive|bearlover997 has 20 seconds left.
|inactive|bearlover997 has 15 seconds left.
|
|t:|1785888614
|switch|p2b: Rotom|Rotom-Wash, L50|100/100
|detailschange|p1b: Smart Iron Brick|Metagross-Mega, L50
|-mega|p1b: Smart Iron Brick|Metagross|Metagrossite
|move|p1a: Trick Room Hater|Tailwind|p1a: Trick Room Hater
|-sidestart|p1: teyvgc|move: Tailwind
|move|p1b: Smart Iron Brick|Iron Head|p2b: Rotom
|-resisted|p2b: Rotom|2
|-damage|p2b: Rotom|77/100
|move|p2a: Espathra|Lumina Crash|p1a: Trick Room Hater
|-damage|p1a: Trick Room Hater|49/100
|-unboost|p1a: Trick Room Hater|spd|2
|
|-ability|p2a: Espathra|Speed Boost|boost
|-boost|p2a: Espathra|spe|1
|upkeep
|turn|2
|inactive|teyvgc has 30 seconds left.
|inactive|teyvgc has 20 seconds left.
|inactive|teyvgc has 15 seconds left.
|
|t:|1785888655
|move|p1a: Trick Room Hater|Moonblast|p2b: Rotom
|-damage|p2b: Rotom|25/100
|-unboost|p2b: Rotom|spa|1
|move|p1b: Smart Iron Brick|Psychic Fangs|p2b: Rotom
|-damage|p2b: Rotom|0 fnt
|faint|p2b: Rotom
|move|p2a: Espathra|Lumina Crash|p1b: Smart Iron Brick
|-resisted|p1b: Smart Iron Brick|2
|-damage|p1b: Smart Iron Brick|92/100
|-unboost|p1b: Smart Iron Brick|spd|2
|
|-ability|p2a: Espathra|Speed Boost|boost
|-boost|p2a: Espathra|spe|1
|upkeep
|
|t:|1785888675
|switch|p2b: Clefable|Clefable, L50, M|100/100
|turn|3
|
|t:|1785888692
|move|p1a: Trick Room Hater|Moonblast|p2a: Espathra
|-damage|p2a: Espathra|61/100
|move|p2a: Espathra|Calm Mind|p2a: Espathra
|-boost|p2a: Espathra|spa|1
|-boost|p2a: Espathra|spd|1
|move|p1b: Smart Iron Brick|Iron Head|p2a: Espathra
|-damage|p2a: Espathra|0 fnt
|faint|p2a: Espathra
|move|p2b: Clefable|Dazzling Gleam|p1b: Smart Iron Brick|[spread] p1a,p1b
|-resisted|p1b: Smart Iron Brick|1
|-damage|p1a: Trick Room Hater|18/100
|-damage|p1b: Smart Iron Brick|83/100
|
|upkeep
|
|t:|1785888700
|switch|p2a: Victreebel|Victreebel, L50, F|100/100
|turn|4
|inactive|teyvgc has 30 seconds left.
|inactive|teyvgc has 20 seconds left.
|inactive|teyvgc has 15 seconds left.
|inactive|teyvgc has 10 seconds left.
|
|t:|1785888749
|switch|p1a: No Hands|Garchomp, L50, F|100/100
|switch|p1b: Nek|Farigiraf, L50, F|100/100
|detailschange|p2a: Victreebel|Victreebel-Mega, L50, F
|-mega|p2a: Victreebel|Victreebel|Victreebelite
|move|p2a: Victreebel|Giga Drain|p1b: Nek
|-damage|p1b: Nek|69/100
|move|p2b: Clefable|Dazzling Gleam|p1b: Nek|[spread] p1a,p1b
|-supereffective|p1a: No Hands|1
|-damage|p1a: No Hands|54/100
|-damage|p1b: Nek|53/100
|
|-sideend|p1: teyvgc|move: Tailwind
|upkeep
|turn|5
|inactive|teyvgc has 30 seconds left.
|inactive|bearlover997 has 30 seconds left.
|inactive|teyvgc has 20 seconds left.
|inactive|bearlover997 has 20 seconds left.
|inactive|teyvgc has 15 seconds left.
|inactive|bearlover997 has 15 seconds left.
|inactive|teyvgc has 10 seconds left.
|inactive|bearlover997 has 10 seconds left.
|inactive|teyvgc has 5 seconds left.
|inactive|bearlover997 has 5 seconds left.
|
|t:|1785888803
|move|p1a: No Hands|Stomping Tantrum|p2b: Clefable
|-damage|p2b: Clefable|40/100
|-damage|p1a: No Hands|44/100|[from] item: Life Orb
|move|p2a: Victreebel|Sludge Bomb|p1b: Nek
|-damage|p1b: Nek|10/100
|-enditem|p1b: Nek|Sitrus Berry|[eat]
|-heal|p1b: Nek|35/100|[from] item: Sitrus Berry
|move|p1b: Nek|Psychic|p2a: Victreebel
|-supereffective|p2a: Victreebel|1
|-damage|p2a: Victreebel|31/100
|move|p2b: Clefable|Dazzling Gleam|p1a: No Hands|[spread] p1a,p1b
|-supereffective|p1a: No Hands|1
|-damage|p1a: No Hands|0 fnt
|-damage|p1b: Nek|18/100
|faint|p1a: No Hands
|
|upkeep
|
|t:|1785888819
|switch|p1a: Smart Iron Brick|Metagross-Mega, L50|83/100
|turn|6
|inactive|teyvgc has 30 seconds left.
|inactive|teyvgc has 20 seconds left.
|inactive|teyvgc has 15 seconds left.
|
|t:|1785888861
|move|p2b: Clefable|Follow Me|p2b: Clefable
|-singleturn|p2b: Clefable|move: Follow Me
|move|p1a: Smart Iron Brick|Iron Head|p2b: Clefable
|-supereffective|p2b: Clefable|1
|-damage|p2b: Clefable|0 fnt
|faint|p2b: Clefable
|move|p2a: Victreebel|Strength Sap|p1a: Smart Iron Brick
|-unboost|p1a: Smart Iron Brick|atk|1
|-heal|p2a: Victreebel|100/100
|move|p1b: Nek|Psychic|p2a: Victreebel
|-supereffective|p2a: Victreebel|1
|-damage|p2a: Victreebel|34/100
|
|upkeep
|turn|7
|
|t:|1785888876
|move|p1b: Nek|Helping Hand|p1a: Smart Iron Brick
|-singleturn|p1a: Smart Iron Brick|Helping Hand|[of] p1b: Nek
|move|p1a: Smart Iron Brick|Psychic Fangs|p2a: Victreebel
|-supereffective|p2a: Victreebel|1
|-damage|p2a: Victreebel|0 fnt
|-damage|p1a: Smart Iron Brick|45/100|[from] ability: Innards Out|[of] p2a: Victreebel
|faint|p2a: Victreebel
|
|win|teyvgc
