|j|☆satandagiii2005
|j|☆furalakato
|html|satandagiii2005furalakato    
|uhtml|bestof|Game 1 of a best-of-3
|t:|1784753509
|gametype|doubles
|player|p1|satandagiii2005|byron|
|player|p2|furalakato|alder|
|gen|9
|tier|[Gen 9 Champions] VGC 2026 Reg M-B (Bo3)
|rule|Species Clause: Limit one of each Pokémon
|rule|Item Clause: Limit 1 of each item
|clearpoke
|poke|p1|Charizard, L50, M|
|poke|p1|Gliscor, L50, M|
|poke|p1|Talonflame, L50, F|
|poke|p1|Corviknight, L50, M|
|poke|p1|Rotom-Fan, L50|
|poke|p1|Gyarados, L50, F|
|poke|p2|Zoroark-Hisui, L50, M, shiny|
|poke|p2|Pyroar, L50, F, shiny|
|poke|p2|Staraptor, L50, F, shiny|
|poke|p2|Farigiraf, L50, F|
|poke|p2|Tauros, L50, M|
|poke|p2|Maushold-Four, L50|
|teampreview|4
|showteam|p1|Charizard||CharizarditeY|Blaze|HeatWave,WeatherBall,SolarBeam,Protect|Modest||M|||50|]Gliscor||LifeOrb|HyperCutter|Earthquake,SwordsDance,Uturn,Protect|Adamant||M|||50|]Talonflame||FocusSash|GaleWings|Acrobatics,Tailwind,FlareBlitz,Protect|Jolly||F|||50|]Corviknight||SitrusBerry|MirrorArmor|IronHead,BraveBird,Tailwind,Protect|Careful||M|||50|]Rotom-Fan||ChoiceScarf|Levitate|Electroweb,Thunderbolt,VoltSwitch,Trick|Modest|||||50|]Gyarados||WacanBerry|Intimidate|Waterfall,Taunt,Crunch,Protect|Serious||F|||50|
|showteam|p2|Zoroark-Hisui||ColburBerry|Illusion|BitterMalice,Taunt,HyperVoice,IcyWind|Timid||M|||50|]Pyroar||Pyroarite|Unnerve|HeatWave,Flamethrower,SolarBeam,Protect|Timid||F|||50|]Staraptor||ChartiBerry|Intimidate|Tailwind,BraveBird,CloseCombat,Protect|Jolly||F|||50|]Farigiraf||SitrusBerry|ArmorTail|Psychic,HelpingHand,EnergyBall,HyperVoice|Sassy||F|||50|]Tauros||LifeOrb|SheerForce|CloseCombat,BodySlam,ThroatChop,RockSlide|Jolly||M|||50|]Maushold-Four||FocusSash|FriendGuard|SunnyDay,FollowMe,SuperFang,Protect|Impish|||||50|
|inactive|Battle timer is ON: inactive players will automatically lose when time's up. (requested by satandagiii2005)
|
|t:|1784753572
|teamsize|p1|4
|teamsize|p2|4
|start
|switch|p1a: Talonflame|Talonflame, L50, F|100/100
|switch|p1b: Gliscor|Gliscor, L50, M|100/100
|switch|p2a: Staraptor|Staraptor, L50, F, shiny|100/100
|switch|p2b: Tauros|Tauros, L50, M|100/100
|-ability|p2a: Staraptor|Intimidate|boost
|-unboost|p1a: Talonflame|atk|1
|-fail|p1b: Gliscor|unboost|Attack|[from] ability: Hyper Cutter|[of] p1b: Gliscor
|turn|1
|inactive|furalakato has 30 seconds left.
|
|t:|1784753601
|move|p1a: Talonflame|Tailwind|p1a: Talonflame
|-sidestart|p1: satandagiii2005|move: Tailwind
|move|p1b: Gliscor|Swords Dance|p1b: Gliscor
|-boost|p1b: Gliscor|atk|2
|move|p2b: Tauros|Body Slam|p1b: Gliscor
|-damage|p1b: Gliscor|33/100
|move|p2a: Staraptor|Tailwind|p2a: Staraptor
|-sidestart|p2: furalakato|move: Tailwind
|
|upkeep
|turn|2
|inactive|satandagiii2005 has 30 seconds left.
|
|t:|1784753629
|switch|p1a: Gyarados|Gyarados, L50, F|100/100
|-ability|p1a: Gyarados|Intimidate|boost
|-unboost|p2a: Staraptor|atk|1
|-unboost|p2b: Tauros|atk|1
|move|p2b: Tauros|Rock Slide|p1a: Gyarados|[spread] p1b
|-miss|p2b: Tauros|p1a: Gyarados
|-damage|p1b: Gliscor|15/100
|move|p2a: Staraptor|Brave Bird|p1b: Gliscor
|-damage|p1b: Gliscor|0 fnt
|faint|p1b: Gliscor
|-damage|p2a: Staraptor|95/100|[from] Recoil
|
|upkeep
|
|t:|1784753643
|switch|p1b: Charizard|Charizard, L50, M|100/100
|turn|3
|
|t:|1784753666
|detailschange|p1b: Charizard|Charizard-Mega-Y, L50, M
|-mega|p1b: Charizard|Charizard|Charizardite Y
|-weather|SunnyDay|[from] ability: Drought|[of] p1b: Charizard
|move|p2b: Tauros|Rock Slide|p1a: Gyarados|[spread] p1a,p1b
|-supereffective|p1a: Gyarados|1
|-supereffective|p1b: Charizard|2
|-damage|p1a: Gyarados|61/100
|-damage|p1b: Charizard|3/100
|move|p2a: Staraptor|Brave Bird|p1b: Charizard
|-damage|p1b: Charizard|0 fnt
|faint|p1b: Charizard
|-damage|p2a: Staraptor|93/100|[from] Recoil
|move|p1a: Gyarados|Crunch|p2b: Tauros
|-damage|p2b: Tauros|66/100
|
|-weather|SunnyDay|[upkeep]
|upkeep
|
|t:|1784753679
|switch|p1b: Talonflame|Talonflame, L50, F|100/100
|turn|4
|
|t:|1784753697
|move|p1b: Talonflame|Acrobatics|p2b: Tauros
|-damage|p2b: Tauros|39/100
|move|p2b: Tauros|Rock Slide|p1b: Talonflame|[spread] p1a,p1b
|-supereffective|p1a: Gyarados|1
|-supereffective|p1b: Talonflame|2
|-damage|p1a: Gyarados|23/100
|-enditem|p1b: Talonflame|Focus Sash
|-damage|p1b: Talonflame|1/100
|move|p2a: Staraptor|Brave Bird|p1b: Talonflame
|-damage|p1b: Talonflame|0 fnt
|faint|p1b: Talonflame
|-damage|p2a: Staraptor|93/100|[from] Recoil
|move|p1a: Gyarados|Waterfall|p2b: Tauros
|-damage|p2b: Tauros|16/100
|
|-weather|SunnyDay|[upkeep]
|-sideend|p2: furalakato|move: Tailwind
|-sideend|p1: satandagiii2005|move: Tailwind
|upkeep
|turn|5
|-message|satandagiii2005 forfeited.
|
|win|furalakato
||satandagiii2005 is ready for game 2.
||furalakato is ready for game 2.
|uhtml|next|Next: Game 2 of 3
