|j|☆WASHINGTONGARGACHA
|j|☆trchlt1
|html|WASHINGTONGARGACHAtrchlt1    
|uhtml|bestof|Game 1 of a best-of-3
|t:|1757768134
|gametype|doubles
|player|p1|WASHINGTONGARGACHA|101|1177
|player|p2|trchlt1|2|1322
|gen|9
|tier|[Gen 9] VGC 2025 Reg H (Bo3)
|rated|
|rule|Species Clause: Limit one of each Pokémon
|rule|Item Clause: Limit 1 of each item
|clearpoke
|poke|p1|Gholdengo, L50|
|poke|p1|Ursaluna, L50, F|
|poke|p1|Archaludon, L50, F|
|poke|p1|Murkrow, L50, F|
|poke|p1|Indeedee-F, L50, F|
|poke|p1|Sneasler, L50, M|
|poke|p2|Whimsicott, L50, M|
|poke|p2|Gholdengo, L50|
|poke|p2|Sneasler, L50, F|
|poke|p2|Garchomp, L50, M|
|poke|p2|Dragonite, L50, F|
|poke|p2|Incineroar, L50, F|
|teampreview|4
|showteam|p1|Gholdengo||ChoiceSpecs|GoodasGold|ShadowBall,MakeItRain,SteelBeam,PowerGem||||||50|,,,,,Steel]Ursaluna||FlameOrb|Guts|Facade,HeadlongRush,Earthquake,Protect|||F|||50|,,,,,Ghost]Archaludon||PowerHerb|Sturdy|ElectroShot,FlashCannon,DracoMeteor,Protect|||F|||50|,,,,,Grass]Murkrow||Eviolite|Prankster|Tailwind,RainDance,FoulPlay,Haze|||F|||50|,,,,,Dark]Indeedee-F||SitrusBerry|PsychicSurge|FollowMe,TrickRoom,Psychic,Imprison|||F|||50|,,,,,Fire]Sneasler||PsychicSeed|Unburden|CloseCombat,DireClaw,ThroatChop,Protect|||M|||50|,,,,,Dark
|showteam|p2|Whimsicott||FocusSash|Prankster|Protect,Moonblast,Tailwind,Encore|||M|||50|,,,,,Ghost]Gholdengo||ChoiceSpecs|GoodasGold|MakeItRain,ShadowBall,Trick,PowerGem||||||50|,,,,,Steel]Sneasler||WhiteHerb|Unburden|Protect,DireClaw,CloseCombat,FakeOut|||F|||50|,,,,,Stellar]Garchomp||LifeOrb|RoughSkin|Protect,Earthquake,StompingTantrum,DragonClaw|||M|||50|,,,,,Ground]Dragonite||ChoiceBand|InnerFocus|ExtremeSpeed,Outrage,IceSpinner,StompingTantrum|||F|||50|,,,,,Normal]Incineroar||AssaultVest|Intimidate|FlareBlitz,KnockOff,Uturn,FakeOut|||F|||50|,,,,,Grass
|inactive|Battle timer is ON: inactive players will automatically lose when time's up. (requested by trchlt1)
|
|t:|1757768171
|teamsize|p1|4
|teamsize|p2|4
|start
|switch|p1a: Indeedee|Indeedee-F, L50, F|100/100
|switch|p1b: Sneasler|Sneasler, L50, M|100/100
|switch|p2a: Whimsicott|Whimsicott, L50, M|100/100
|switch|p2b: Gholdengo|Gholdengo, L50|100/100
|-fieldstart|move: Psychic Terrain|[from] ability: Psychic Surge|[of] p1a: Indeedee
|-enditem|p1b: Sneasler|Psychic Seed
|-boost|p1b: Sneasler|spd|1|[from] item: Psychic Seed
|turn|1
|
|t:|1757768193
|-terastallize|p1a: Indeedee|Fire
|move|p2a: Whimsicott|Protect|p2a: Whimsicott
|-singleturn|p2a: Whimsicott|Protect
|move|p1b: Sneasler|Dire Claw|p2a: Whimsicott
|-activate|p2a: Whimsicott|move: Protect
|move|p2b: Gholdengo|Make It Rain|p1a: Indeedee|[spread] p1a,p1b
|-resisted|p1a: Indeedee
|-damage|p1a: Indeedee|68/100
|-damage|p1b: Sneasler|26/100
|-unboost|p2b: Gholdengo|spa|1
|move|p1a: Indeedee|Trick Room|p1a: Indeedee
|-fieldstart|move: Trick Room|[of] p1a: Indeedee
|
|upkeep
|turn|2
|
|t:|1757768215
|switch|p1b: Gholdengo|Gholdengo, L50|100/100
|move|p1a: Indeedee|Follow Me|p1a: Indeedee
|-singleturn|p1a: Indeedee|move: Follow Me
|move|p2b: Gholdengo|Make It Rain|p1b: Gholdengo|[spread] p1a,p1b
|-resisted|p1a: Indeedee
|-resisted|p1b: Gholdengo
|-damage|p1a: Indeedee|46/100
|-damage|p1b: Gholdengo|76/100
|-unboost|p2b: Gholdengo|spa|1
|-enditem|p1a: Indeedee|Sitrus Berry|[eat]
|-heal|p1a: Indeedee|71/100|[from] item: Sitrus Berry
|move|p2a: Whimsicott|Moonblast|p1a: Indeedee
|-resisted|p1a: Indeedee
|-damage|p1a: Indeedee|57/100
|
|upkeep
|turn|3
|inactive|trchlt1 has 30 seconds left.
|
|t:|1757768244
|switch|p1a: Ursaluna|Ursaluna, L50, F|100/100
|move|p2a: Whimsicott|Protect|p2a: Whimsicott
|-singleturn|p2a: Whimsicott|Protect
|move|p1b: Gholdengo|Make It Rain|p2a: Whimsicott|[spread] p2b
|-activate|p2a: Whimsicott|move: Protect
|-resisted|p2b: Gholdengo
|-damage|p2b: Gholdengo|58/100
|-unboost|p1b: Gholdengo|spa|1
|move|p2b: Gholdengo|Make It Rain|p1a: Ursaluna|[spread] p1a,p1b
|-resisted|p1b: Gholdengo
|-damage|p1a: Ursaluna|61/100
|-damage|p1b: Gholdengo|57/100
|-unboost|p2b: Gholdengo|spa|1
|
|-status|p1a: Ursaluna|brn|[from] item: Flame Orb
|upkeep
|turn|4
|inactive|trchlt1 has 30 seconds left.
|
|t:|1757768275
|switch|p2b: Sneasler|Sneasler, L50, F|100/100
|move|p2a: Whimsicott|Tailwind|p2a: Whimsicott
|-sidestart|p2: trchlt1|move: Tailwind
|move|p1a: Ursaluna|Headlong Rush|p2b: Sneasler
|-supereffective|p2b: Sneasler
|-damage|p2b: Sneasler|0 fnt
|-unboost|p1a: Ursaluna|def|1
|-unboost|p1a: Ursaluna|spd|1
|faint|p2b: Sneasler
|move|p1b: Gholdengo|Make It Rain|p2a: Whimsicott
|-supereffective|p2a: Whimsicott
|-enditem|p2a: Whimsicott|Focus Sash
|-damage|p2a: Whimsicott|1/100
|-unboost|p1b: Gholdengo|spa|1
|
|-damage|p1a: Ursaluna|55/100 brn|[from] brn
|upkeep
|
|t:|1757768285
|switch|p2b: Garchomp|Garchomp, L50, M|100/100
|turn|5
|
|t:|1757768302
|switch|p1b: Indeedee|Indeedee-F, L50, F, tera:Fire|57/100
|move|p2a: Whimsicott|Protect|p2a: Whimsicott
|-singleturn|p2a: Whimsicott|Protect
|move|p2b: Garchomp|Protect|p2b: Garchomp
|-singleturn|p2b: Garchomp|Protect
|move|p1a: Ursaluna|Facade|p2b: Garchomp
|-activate|p2b: Garchomp|move: Protect
|
|-damage|p1a: Ursaluna|49/100 brn|[from] brn
|-fieldend|move: Trick Room
|-fieldend|move: Psychic Terrain
|upkeep
|turn|6
|inactive|trchlt1 has 30 seconds left.
|
|t:|1757768330
|move|p1a: Ursaluna|Protect|p1a: Ursaluna
|-singleturn|p1a: Ursaluna|Protect
|move|p2a: Whimsicott|Moonblast|p1b: Indeedee
|-resisted|p1b: Indeedee
|-damage|p1b: Indeedee|43/100
|move|p2b: Garchomp|Earthquake|p1a: Ursaluna|[spread] p2a,p1b
|-activate|p1a: Ursaluna|move: Protect
|-resisted|p2a: Whimsicott
|-supereffective|p1b: Indeedee
|-damage|p2a: Whimsicott|0 fnt
|-damage|p1b: Indeedee|0 fnt
|faint|p2a: Whimsicott
|faint|p1b: Indeedee
|-damage|p2b: Garchomp|91/100|[from] item: Life Orb
|
|-damage|p1a: Ursaluna|42/100 brn|[from] brn
|upkeep
|
|t:|1757768344
|switch|p2a: Gholdengo|Gholdengo, L50|58/100
|switch|p1b: Sneasler|Sneasler, L50, M|26/100
|turn|7
|
|t:|1757768359
|move|p1b: Sneasler|Protect|p1b: Sneasler
|-singleturn|p1b: Sneasler|Protect
|move|p2b: Garchomp|Dragon Claw|p1a: Ursaluna
|-crit|p1a: Ursaluna
|-damage|p1a: Ursaluna|0 fnt
|faint|p1a: Ursaluna
|-damage|p2b: Garchomp|81/100|[from] item: Life Orb
|move|p2a: Gholdengo|Make It Rain|p1b: Sneasler
|-activate|p1b: Sneasler|move: Protect
|
|-sideend|p2: trchlt1|move: Tailwind
|upkeep
|
|t:|1757768370
|switch|p1a: Gholdengo|Gholdengo, L50|57/100
|turn|8
|
|t:|1757768393
|-terastallize|p2a: Gholdengo|Steel
|move|p1b: Sneasler|Dire Claw|p2b: Garchomp
|-resisted|p2b: Garchomp
|-damage|p2b: Garchomp|56/100
|-status|p2b: Garchomp|psn
|-damage|p1b: Sneasler|14/100|[from] ability: Rough Skin|[of] p2b: Garchomp
|move|p2b: Garchomp|Earthquake|p1a: Gholdengo|[spread] p2a,p1a,p1b
|-supereffective|p2a: Gholdengo
|-supereffective|p1a: Gholdengo
|-supereffective|p1b: Sneasler
|-damage|p2a: Gholdengo|0 fnt
|-damage|p1a: Gholdengo|0 fnt
|-damage|p1b: Sneasler|0 fnt
|faint|p2a: Gholdengo
|faint|p1a: Gholdengo
|faint|p1b: Sneasler
|-damage|p2b: Garchomp|47/100 psn|[from] item: Life Orb
|
|win|trchlt1
