|j|☆SideB33563356
|j|☆WrathofSharath
|html|SideB33563356WrathofSharath    
|uhtml|bestof|Game 2 of a best-of-3
|t:|1784173271
|gametype|doubles
|player|p1|SideB33563356|1|
|player|p2|WrathofSharath|alder|
|gen|9
|tier|[Gen 9 Champions] VGC 2026 Reg M-B (Bo3)
|rule|Species Clause: Limit one of each Pokémon
|rule|Item Clause: Limit 1 of each item
|clearpoke
|poke|p1|Metagross, L50|
|poke|p1|Talonflame, L50, M|
|poke|p1|Basculegion, L50, M|
|poke|p1|Kingambit, L50, F|
|poke|p1|Hydreigon, L50, F|
|poke|p1|Ninetales-Alola, L50, F|
|poke|p2|Gholdengo, L50, shiny|
|poke|p2|Floette-Eternal, L50, F|
|poke|p2|Sneasler, L50, M, shiny|
|poke|p2|Garchomp, L50, F|
|poke|p2|Incineroar, L50, M, shiny|
|poke|p2|Talonflame, L50, F, shiny|
|teampreview|4
|showteam|p1|Metagross||Metagrossite|ClearBody|MeteorMash,PsychicFangs,BulletPunch,Protect|Jolly|||||50|]Talonflame||SharpBeak|GaleWings|BraveBird,WillOWisp,Tailwind,Protect|Jolly||M|||50|]Basculegion||LifeOrb|Adaptability|WaveCrash,LastRespects,AquaJet,Protect|Jolly||M|||50|]Kingambit||BlackGlasses|Defiant|KowtowCleave,LowKick,SuckerPunch,Protect|Adamant||F|||50|]Hydreigon||ChoiceScarf|Levitate|DarkPulse,DracoMeteor,Snarl,EarthPower|Modest||F|||50|]Ninetales-Alola||FocusSash|SnowWarning|Blizzard,FreezeDry,Encore,Protect|Timid||F|||50|
|showteam|p2|Gholdengo||ChoiceScarf|GoodasGold|MakeItRain,ShadowBall,Thunderbolt,Psychic|Modest|||||50|]Floette-Eternal||Floettite|FlowerVeil|Moonblast,DazzlingGleam,CalmMind,Protect|Timid||F|||50|]Sneasler||WhiteHerb|Unburden|DireClaw,FakeOut,Protect,CloseCombat|Adamant||M|||50|]Garchomp||LifeOrb|RoughSkin|Protect,Earthquake,DragonClaw,RockSlide|Jolly||F|||50|]Incineroar||SitrusBerry|Intimidate|FakeOut,FlareBlitz,ThroatChop,Protect|Adamant||M|||50|]Talonflame||SharpBeak|GaleWings|BraveBird,Tailwind,SunnyDay,Taunt|Jolly||F|||50|
|
|t:|1784173319
|teamsize|p1|4
|teamsize|p2|4
|start
|switch|p1a: Marty|Kingambit, L50, F|100/100
|switch|p1b: Computah|Metagross, L50|100/100
|switch|p2a: Ronaldo|Sneasler, L50, M, shiny|100/100
|switch|p2b: I feel Spanish|Incineroar, L50, M, shiny|100/100
|-ability|p2b: I feel Spanish|Intimidate|boost
|-unboost|p1a: Marty|atk|1
|-ability|p1a: Marty|Defiant|boost
|-boost|p1a: Marty|atk|2
|-fail|p1b: Computah|unboost|[from] ability: Clear Body|[of] p1b: Computah
|turn|1
|
|t:|1784173359
|move|p2a: Ronaldo|Protect|p2a: Ronaldo
|-singleturn|p2a: Ronaldo|Protect
|move|p1b: Computah|Protect|p1b: Computah
|-singleturn|p1b: Computah|Protect
|move|p1a: Marty|Protect|p1a: Marty
|-singleturn|p1a: Marty|Protect
|move|p2b: I feel Spanish|Flare Blitz|p1b: Computah
|-activate|p1b: Computah|move: Protect
|
|upkeep
|turn|2
|
|t:|1784173390
|switch|p2a: The Dictator|Gholdengo, L50, shiny|100/100
|switch|p1a: Texas Power Crisis|Ninetales-Alola, L50, F|100/100
|-weather|Snowscape|[from] ability: Snow Warning|[of] p1a: Texas Power Crisis
|detailschange|p1b: Computah|Metagross-Mega, L50
|-mega|p1b: Computah|Metagross|Metagrossite
|move|p1b: Computah|Psychic Fangs|p2a: The Dictator
|-resisted|p2a: The Dictator|1
|-damage|p2a: The Dictator|66/100
|move|p2b: I feel Spanish|Flare Blitz|p1a: Texas Power Crisis
|-supereffective|p1a: Texas Power Crisis|1
|-enditem|p1a: Texas Power Crisis|Focus Sash
|-damage|p1a: Texas Power Crisis|1/100
|-damage|p2b: I feel Spanish|75/100|[from] Recoil
|
|-weather|Snowscape|[upkeep]
|upkeep
|turn|3
|
|t:|1784173432
|switch|p1b: knickswinthechip!|Hydreigon, L50, F|100/100
|move|p2a: The Dictator|Make It Rain|p1a: Texas Power Crisis|[spread] p1a,p1b
|-supereffective|p1a: Texas Power Crisis|2
|-damage|p1a: Texas Power Crisis|0 fnt
|-damage|p1b: knickswinthechip!|44/100
|-unboost|p2a: The Dictator|spa|2
|faint|p1a: Texas Power Crisis
|move|p2b: I feel Spanish|Flare Blitz|p1b: knickswinthechip!
|-resisted|p1b: knickswinthechip!|1
|-damage|p1b: knickswinthechip!|9/100
|-damage|p2b: I feel Spanish|65/100|[from] Recoil
|
|-weather|Snowscape|[upkeep]
|upkeep
|
|t:|1784173453
|switch|p1a: Computah|Metagross-Mega, L50|100/100
|turn|4
|
|t:|1784173489
|switch|p2a: Hey Jude|Garchomp, L50, F|100/100
|move|p1b: knickswinthechip!|Earth Power|p2b: I feel Spanish
|-supereffective|p2b: I feel Spanish|1
|-damage|p2b: I feel Spanish|3/100
|-unboost|p2b: I feel Spanish|spd|1
|-enditem|p2b: I feel Spanish|Sitrus Berry|[eat]
|-heal|p2b: I feel Spanish|28/100|[from] item: Sitrus Berry
|move|p1a: Computah|Meteor Mash|p2b: I feel Spanish
|-resisted|p2b: I feel Spanish|1
|-damage|p2b: I feel Spanish|0 fnt
|faint|p2b: I feel Spanish
|
|-weather|Snowscape|[upkeep]
|upkeep
|
|t:|1784173506
|switch|p2b: Ronaldo|Sneasler, L50, M, shiny|100/100
|turn|5
|
|t:|1784173536
|move|p2b: Ronaldo|Protect|p2b: Ronaldo
|-singleturn|p2b: Ronaldo|Protect
|move|p1b: knickswinthechip!|Earth Power|p2b: Ronaldo
|-activate|p2b: Ronaldo|move: Protect
|move|p1a: Computah|Psychic Fangs|p2a: Hey Jude
|-damage|p2a: Hey Jude|36/100
|-damage|p1a: Computah|87/100|[from] ability: Rough Skin|[of] p2a: Hey Jude
|move|p2a: Hey Jude|Dragon Claw|p1b: knickswinthechip!
|-supereffective|p1b: knickswinthechip!|1
|-damage|p1b: knickswinthechip!|0 fnt
|faint|p1b: knickswinthechip!
|-damage|p2a: Hey Jude|26/100|[from] item: Life Orb
|
|-weather|Snowscape|[upkeep]
|upkeep
|
|t:|1784173552
|switch|p1b: Marty|Kingambit, L50, F|100/100
|turn|6
|
|t:|1784173593
|move|p1a: Computah|Protect|p1a: Computah
|-singleturn|p1a: Computah|Protect
|move|p1b: Marty|Protect|p1b: Marty
|-singleturn|p1b: Marty|Protect
|move|p2b: Ronaldo|Close Combat|p1b: Marty
|-activate|p1b: Marty|move: Protect
|move|p2a: Hey Jude|Earthquake|p1b: Marty|[spread] p2b
|-activate|p1a: Computah|move: Protect
|-activate|p1b: Marty|move: Protect
|-supereffective|p2b: Ronaldo|1
|-damage|p2b: Ronaldo|0 fnt
|faint|p2b: Ronaldo
|-damage|p2a: Hey Jude|16/100|[from] item: Life Orb
|
|-weather|none
|upkeep
|
|t:|1784173599
|switch|p2b: The Dictator|Gholdengo, L50, shiny|66/100
|turn|7
|
|t:|1784173614
|move|p1b: Marty|Sucker Punch|p2b: The Dictator
|-supereffective|p2b: The Dictator|1
|-damage|p2b: The Dictator|0 fnt
|faint|p2b: The Dictator
|move|p1a: Computah|Psychic Fangs|p2a: Hey Jude
|-damage|p2a: Hey Jude|0 fnt
|-damage|p1a: Computah|75/100|[from] ability: Rough Skin|[of] p2a: Hey Jude
|faint|p2a: Hey Jude
|
|win|SideB33563356
