|j|☆Checkmath
|j|☆SongokuVG Fr
|html|CheckmathSongokuVG Fr    
|uhtml|bestof|Game 1 of a best-of-3
|t:|1757104923
|gametype|doubles
|player|p1|Checkmath|1|1194
|player|p2|SongokuVG Fr|lucian|1270
|gen|9
|tier|[Gen 9] VGC 2025 Reg H (Bo3)
|rated|
|rule|Species Clause: Limit one of each Pokémon
|rule|Item Clause: Limit 1 of each item
|clearpoke
|poke|p1|Ninetales-Alola, L50, M|
|poke|p1|Sneasler, L50, M|
|poke|p1|Electabuzz, L50, F|
|poke|p1|Rillaboom, L50, F|
|poke|p1|Volcarona, L50, F|
|poke|p1|Dragapult, L50, F|
|poke|p2|Klefki, L50, M|
|poke|p2|Ursaluna-Bloodmoon, L50, M|
|poke|p2|Maushold-Four, L50|
|poke|p2|Annihilape, L50, M|
|poke|p2|Ninetales-Alola, L50, M|
|poke|p2|Sinistcha, L50|
|teampreview|4
|showteam|p1|Ninetales-Alola||LightClay|SnowWarning|AuroraVeil,Blizzard,Protect,Moonblast|||M|||50|,,,,,Ice]Sneasler||FocusSash|Unburden|CloseCombat,DireClaw,FakeOut,Protect|||M|||50|,,,,,Ghost]Electabuzz||Eviolite|VitalSpirit|FollowMe,Protect,Taunt,Electroweb|||F|||50|,,,,,Dragon]Rillaboom||AssaultVest|GrassySurge|FakeOut,GrassyGlide,Uturn,WoodHammer|||F|||50|,,,,,Fire]Volcarona||Leftovers|FlameBody|FieryDance,GigaDrain,QuiverDance,Protect|||F|||50|,,,,,Grass]Dragapult||ChoiceBand|ClearBody|DragonDarts,Uturn,TeraBlast,SuckerPunch|||F|||50|,,,,,Ghost
|showteam|p2|Klefki||LightClay|Prankster|Reflect,LightScreen,MistyTerrain,DazzlingGleam|||M|||50|,,,,,Ghost]Ursaluna-Bloodmoon||AssaultVest|MindsEye|BloodMoon,HyperVoice,VacuumWave,EarthPower|||M|||50|,,,,,Water]Maushold-Four||SafetyGoggles|FriendGuard|FollowMe,Protect,Taunt,BeatUp||||||50|,,,,,Ghost]Annihilape||Leftovers|Defiant|DrainPunch,RageFist,Protect,BulkUp|||M|||50|,,,,,Fire]Ninetales-Alola||FocusSash|SnowWarning|Blizzard,Protect,Encore,FreezeDry|||M|||50|,,,,,Ghost]Sinistcha||SitrusBerry|Hospitality|MatchaGotcha,RagePowder,LifeDew,TrickRoom||||||50|,,,,,Water
|inactive|Battle timer is ON: inactive players will automatically lose when time's up. (requested by SongokuVG Fr)
|inactive|Checkmath has 60 seconds left.
|
|t:|1757104995
|teamsize|p1|4
|teamsize|p2|4
|start
|switch|p1a: Dragapult|Dragapult, L50, F|100/100
|switch|p1b: Sneasler|Sneasler, L50, M|100/100
|switch|p2a: Maushold|Maushold-Four, L50|100/100
|switch|p2b: Annihilape|Annihilape, L50, M|100/100
|turn|1
|inactive|Checkmath has 30 seconds left.
|
|t:|1757105020
|switch|p2a: Klefki|Klefki, L50, M|100/100
|-terastallize|p1a: Dragapult|Ghost
|move|p2b: Annihilape|Protect|p2b: Annihilape
|-singleturn|p2b: Annihilape|Protect
|move|p1b: Sneasler|Fake Out|p2a: Klefki
|-resisted|p2a: Klefki
|-damage|p2a: Klefki|93/100
|move|p1a: Dragapult|Tera Blast|p2b: Annihilape|[anim] Tera Blast Ghost
|-activate|p2b: Annihilape|move: Protect
|
|upkeep
|turn|2
|
|t:|1757105040
|switch|p2b: Maushold|Maushold-Four, L50|100/100
|move|p2a: Klefki|Reflect|p2a: Klefki
|-sidestart|p2: SongokuVG Fr|Reflect
|move|p1a: Dragapult|Tera Blast|p2b: Maushold|[anim] Tera Blast Ghost
|-immune|p2b: Maushold
|move|p1b: Sneasler|Dire Claw|p2a: Klefki
|-immune|p2a: Klefki
|
|upkeep
|turn|3
|
|t:|1757105063
|switch|p1a: Rillaboom|Rillaboom, L50, F|100/100
|-fieldstart|move: Grassy Terrain|[from] ability: Grassy Surge|[of] p1a: Rillaboom
|switch|p2b: Annihilape|Annihilape, L50, M|100/100
|move|p2a: Klefki|Misty Terrain|p2a: Klefki
|-fieldstart|move: Misty Terrain
|move|p1b: Sneasler|Close Combat|p2b: Annihilape
|-immune|p2b: Annihilape
|
|upkeep
|turn|4
|inactive|Checkmath has 30 seconds left.
|inactive|Checkmath has 20 seconds left.
|
|t:|1757105099
|move|p1b: Sneasler|Protect|p1b: Sneasler
|-singleturn|p1b: Sneasler|Protect
|move|p2a: Klefki|Light Screen|p2a: Klefki
|-sidestart|p2: SongokuVG Fr|move: Light Screen
|move|p2b: Annihilape|Bulk Up|p2b: Annihilape
|-boost|p2b: Annihilape|atk|1
|-boost|p2b: Annihilape|def|1
|move|p1a: Rillaboom|U-turn|p2b: Annihilape
|-resisted|p2b: Annihilape
|-damage|p2b: Annihilape|98/100
|
|t:|1757105108
|switch|p1a: Dragapult|Dragapult, L50, F, tera:Ghost|100/100|[from] U-turn
|
|-heal|p2b: Annihilape|100/100|[from] item: Leftovers
|upkeep
|turn|5
|
|t:|1757105124
|switch|p1b: Volcarona|Volcarona, L50, F|100/100
|-terastallize|p2b: Annihilape|Fire
|move|p1a: Dragapult|Tera Blast|p2b: Annihilape|[anim] Tera Blast Ghost
|-damage|p2b: Annihilape|61/100
|move|p2b: Annihilape|Rage Fist|p1a: Dragapult
|-supereffective|p1a: Dragapult
|-damage|p1a: Dragapult|0 fnt
|faint|p1a: Dragapult
|move|p2a: Klefki|Dazzling Gleam|p1b: Volcarona
|-resisted|p1b: Volcarona
|-damage|p1b: Volcarona|89/100
|
|-heal|p2b: Annihilape|67/100|[from] item: Leftovers
|-heal|p1b: Volcarona|95/100|[from] item: Leftovers
|upkeep
|
|t:|1757105141
|switch|p1a: Sneasler|Sneasler, L50, M|100/100
|turn|6
|
|t:|1757105148
|move|p1a: Sneasler|Fake Out|p2b: Annihilape
|-damage|p2b: Annihilape|60/100
|cant|p2b: Annihilape|flinch
|move|p1b: Volcarona|Quiver Dance|p1b: Volcarona
|-boost|p1b: Volcarona|spa|1
|-boost|p1b: Volcarona|spd|1
|-boost|p1b: Volcarona|spe|1
|move|p2a: Klefki|Dazzling Gleam|p1b: Volcarona|[spread] p1a,p1b
|-resisted|p1b: Volcarona
|-damage|p1a: Sneasler|76/100
|-damage|p1b: Volcarona|90/100
|
|-heal|p1b: Volcarona|96/100|[from] item: Leftovers
|-heal|p2b: Annihilape|66/100|[from] item: Leftovers
|upkeep
|turn|7
|inactive|Checkmath has 30 seconds left.
|
|t:|1757105176
|switch|p2a: Maushold|Maushold-Four, L50|100/100
|move|p1b: Volcarona|Quiver Dance|p1b: Volcarona
|-boost|p1b: Volcarona|spa|1
|-boost|p1b: Volcarona|spd|1
|-boost|p1b: Volcarona|spe|1
|move|p1a: Sneasler|Dire Claw|p2b: Annihilape
|-damage|p2b: Annihilape|50/100
|move|p2b: Annihilape|Rage Fist|p1b: Volcarona
|-damage|p1b: Volcarona|0 fnt
|faint|p1b: Volcarona
|
|-heal|p2b: Annihilape|57/100|[from] item: Leftovers
|-fieldend|Misty Terrain
|upkeep
|
|t:|1757105192
|switch|p1b: Rillaboom|Rillaboom, L50, F|100/100
|-fieldstart|move: Grassy Terrain|[from] ability: Grassy Surge|[of] p1b: Rillaboom
|turn|8
|
|t:|1757105201
|switch|p2a: Klefki|Klefki, L50, M|93/100
|move|p2b: Annihilape|Protect|p2b: Annihilape
|-singleturn|p2b: Annihilape|Protect
|move|p1b: Rillaboom|Fake Out|p2b: Annihilape
|-activate|p2b: Annihilape|move: Protect
|move|p1a: Sneasler|Close Combat|p2a: Klefki
|-damage|p2a: Klefki|47/100
|-unboost|p1a: Sneasler|def|1
|-unboost|p1a: Sneasler|spd|1
|
|-heal|p1a: Sneasler|82/100|[from] Grassy Terrain
|-heal|p2b: Annihilape|63/100|[from] Grassy Terrain
|-heal|p2b: Annihilape|69/100|[from] item: Leftovers
|-heal|p2a: Klefki|54/100|[from] Grassy Terrain
|upkeep
|turn|9
|
|t:|1757105226
|move|p2a: Klefki|Misty Terrain|p2a: Klefki
|-fieldstart|move: Misty Terrain
|move|p1a: Sneasler|Dire Claw|p2b: Annihilape
|-damage|p2b: Annihilape|47/100
|move|p2b: Annihilape|Rage Fist|p1b: Rillaboom
|-damage|p1b: Rillaboom|0 fnt
|faint|p1b: Rillaboom
|
|-heal|p2b: Annihilape|54/100|[from] item: Leftovers
|-sideend|p2: SongokuVG Fr|Reflect
|upkeep
|turn|10
|inactive|Checkmath has 30 seconds left.
|
|t:|1757105252
|move|p2a: Klefki|Reflect|p2a: Klefki
|-sidestart|p2: SongokuVG Fr|Reflect
|move|p1a: Sneasler|Dire Claw|p2b: Annihilape
|-damage|p2b: Annihilape|34/100
|move|p2b: Annihilape|Rage Fist|p1a: Sneasler
|-damage|p1a: Sneasler|0 fnt
|faint|p1a: Sneasler
|
|win|SongokuVG Fr
|l|☆Checkmath
|player|p1|
||Checkmath is ready for game 2.
