|j|☆furretusedpunch
|j|☆ruddyreboot
|html|furretusedpunchruddyreboot    
|uhtml|bestof|Game 1 of a best-of-3
|t:|1756267021
|gametype|doubles
|player|p1|furretusedpunch|102|1218
|player|p2|ruddyreboot|crasherwake|1211
|gen|9
|tier|[Gen 9] VGC 2025 Reg H (Bo3)
|rated|
|rule|Species Clause: Limit one of each Pokémon
|rule|Item Clause: Limit 1 of each item
|clearpoke
|poke|p1|Gholdengo, L50|
|poke|p1|Sneasler, L50, M|
|poke|p1|Rillaboom, L50, F|
|poke|p1|Dragonite, L50, M|
|poke|p1|Ninetales-Alola, L50, F|
|poke|p1|Arcanine-Hisui, L50, M|
|poke|p2|Zoroark-Hisui, L50, F|
|poke|p2|Sinistcha, L50|
|poke|p2|Pelipper, L50, F|
|poke|p2|Archaludon, L50, F|
|poke|p2|Ursaluna, L50, F|
|poke|p2|Tauros-Paldea-Blaze, L50, M|
|teampreview|4
|showteam|p1|Gholdengo||GrassySeed|GoodasGold|NastyPlot,MakeItRain,ShadowBall,Protect||||||50|,,,,,Water]Sneasler||WhiteHerb|Unburden|CloseCombat,DireClaw,Coaching,Protect|||M|||50|,,,,,Ghost]Rillaboom||AssaultVest|GrassySurge|FakeOut,GrassyGlide,DrumBeating,HighHorsepower|||F|||50|,,,,,Fire]Dragonite||LoadedDice|Multiscale|ScaleShot,StompingTantrum,Tailwind,Protect|||M|||50|,,,,,Ground]Ninetales-Alola||FocusSash|SnowWarning|IcyWind,HelpingHand,Protect,Blizzard|||F|||50|,,,,,Ghost]Arcanine-Hisui||SafetyGoggles|Intimidate|RockSlide,FlareBlitz,Snarl,Protect|||M|||50|,,,,,Water
|showteam|p2|Zoroark-Hisui||FocusSash|Illusion|IcyWind,BitterMalice,Taunt,WillOWisp|||F|||50|,,,,,Stellar]Sinistcha||RockyHelmet|Hospitality|MatchaGotcha,RagePowder,TrickRoom,StrengthSap||||||50|,,,,,Water]Pelipper||SitrusBerry|Drizzle|Protect,Hurricane,WeatherBall,Tailwind|||F|||50|,,,,,Grass]Archaludon||AssaultVest|Stamina|ElectroShot,Snarl,BodyPress,DracoMeteor|||F|||50|,,,,,Grass]Ursaluna||FlameOrb|Guts|Protect,HeadlongRush,Facade,Earthquake|||F|||50|,,,,,Fairy]Tauros-Paldea-Blaze||MirrorHerb|Intimidate|CloseCombat,HighHorsepower,RagingBull,Protect|||M|||50|,,,,,Grass
|inactive|Battle timer is ON: inactive players will automatically lose when time's up. (requested by ruddyreboot)
|inactive|furretusedpunch has 60 seconds left.
|
|t:|1756267073
|teamsize|p1|4
|teamsize|p2|4
|start
|switch|p1a: Ninetales|Ninetales-Alola, L50, F|100/100
|switch|p1b: Gholdengo|Gholdengo, L50|100/100
|switch|p2a: Archaludon|Archaludon, L50, F|100/100
|switch|p2b: Tauros|Tauros-Paldea-Blaze, L50, M|100/100
|-weather|Snowscape|[from] ability: Snow Warning|[of] p1a: Ninetales
|-ability|p2b: Tauros|Intimidate|boost
|-unboost|p1a: Ninetales|atk|1
|-unboost|p1b: Gholdengo|atk|1
|turn|1
|inactive|furretusedpunch has 30 seconds left.
|inactive|furretusedpunch has 20 seconds left.
|
|t:|1756267112
|move|p2a: Archaludon|Bitter Malice|p1b: Gholdengo
|-supereffective|p1b: Gholdengo
|-damage|p1b: Gholdengo|20/100
|-unboost|p1b: Gholdengo|atk|1
|move|p1a: Ninetales|Icy Wind|p2a: Archaludon|[spread] p2a,p2b
|-resisted|p2b: Tauros
|-damage|p2a: Archaludon|65/100
|-damage|p2b: Tauros|88/100
|-unboost|p2a: Archaludon|spe|1
|-unboost|p2b: Tauros|spe|1
|replace|p2a: Zoroark|Zoroark-Hisui, L50, F
|-end|p2a: Zoroark|Illusion
|move|p1b: Gholdengo|Nasty Plot|p1b: Gholdengo
|-boost|p1b: Gholdengo|spa|2
|-enditem|p2b: Tauros|Mirror Herb
|-boost|p2b: Tauros|spa|2|[from] item: Mirror Herb
|move|p2b: Tauros|Raging Bull|p1a: Ninetales
|-supereffective|p1a: Ninetales
|-damage|p1a: Ninetales|16/100
|
|-weather|Snowscape|[upkeep]
|upkeep
|turn|2
|inactive|furretusedpunch has 30 seconds left.
|inactive|ruddyreboot has 30 seconds left.
|
|t:|1756267145
|switch|p2a: Archaludon|Archaludon, L50, F|100/100
|move|p1b: Gholdengo|Protect|p1b: Gholdengo
|-singleturn|p1b: Gholdengo|Protect
|move|p1a: Ninetales|Blizzard|p2a: Archaludon|[spread] p2a,p2b
|-resisted|p2b: Tauros
|-damage|p2a: Archaludon|79/100
|-damage|p2b: Tauros|64/100
|-ability|p2a: Archaludon|Stamina|boost
|-boost|p2a: Archaludon|def|1
|move|p2b: Tauros|Raging Bull|p1a: Ninetales
|-supereffective|p1a: Ninetales
|-damage|p1a: Ninetales|0 fnt
|faint|p1a: Ninetales
|
|-weather|Snowscape|[upkeep]
|upkeep
|
|t:|1756267164
|switch|p1a: Dragonite|Dragonite, L50, M|100/100
|turn|3
|
|t:|1756267183
|switch|p2b: Pelipper|Pelipper, L50, F|100/100
|-weather|RainDance|[from] ability: Drizzle|[of] p2b: Pelipper
|move|p1b: Gholdengo|Shadow Ball|p2a: Archaludon
|-damage|p2a: Archaludon|18/100
|-ability|p2a: Archaludon|Stamina|boost
|-boost|p2a: Archaludon|def|1
|move|p1a: Dragonite|Tailwind|p1a: Dragonite
|-sidestart|p1: furretusedpunch|move: Tailwind
|move|p2a: Archaludon|Snarl|p1a: Dragonite|[spread] p1a,p1b
|-supereffective|p1b: Gholdengo
|-damage|p1a: Dragonite|94/100
|-damage|p1b: Gholdengo|0 fnt
|-unboost|p1a: Dragonite|spa|1
|faint|p1b: Gholdengo
|
|-weather|RainDance|[upkeep]
|upkeep
|
|t:|1756267191
|switch|p1b: Sneasler|Sneasler, L50, M|100/100
|turn|4
|
|t:|1756267208
|move|p1b: Sneasler|Close Combat|p2a: Archaludon
|-supereffective|p2a: Archaludon
|-damage|p2a: Archaludon|0 fnt
|-unboost|p1b: Sneasler|def|1
|-unboost|p1b: Sneasler|spd|1
|faint|p2a: Archaludon
|-enditem|p1b: Sneasler|White Herb
|-clearnegativeboost|p1b: Sneasler|[silent]
|move|p1a: Dragonite|Scale Shot|p2b: Pelipper
|-damage|p2b: Pelipper|82/100
|-damage|p2b: Pelipper|64/100
|-damage|p2b: Pelipper|48/100
|-enditem|p2b: Pelipper|Sitrus Berry|[eat]
|-heal|p2b: Pelipper|73/100|[from] item: Sitrus Berry
|-damage|p2b: Pelipper|56/100
|-hitcount|p2b: Pelipper|4
|-unboost|p1a: Dragonite|def|1
|-boost|p1a: Dragonite|spe|1
|move|p2b: Pelipper|Tailwind|p2b: Pelipper
|-sidestart|p2: ruddyreboot|move: Tailwind
|
|-weather|RainDance|[upkeep]
|upkeep
|
|t:|1756267228
|switch|p2a: Tauros|Tauros-Paldea-Blaze, L50, M|64/100
|-ability|p2a: Tauros|Intimidate|boost
|-unboost|p1a: Dragonite|atk|1
|-unboost|p1b: Sneasler|atk|1
|turn|5
|inactive|furretusedpunch has 30 seconds left.
|
|t:|1756267261
|switch|p2a: Tauros|Tauros-Paldea-Blaze, L50, M|65/100
|move|p2b: Pelipper|Protect|p2b: Pelipper
|-singleturn|p2b: Pelipper|Protect
|move|p1b: Sneasler|Dire Claw|p2b: Pelipper
|-activate|p2b: Pelipper|move: Protect
|move|p1a: Dragonite|Scale Shot|p2a: Tauros
|-damage|p2a: Tauros|44/100
|replace|p2a: Zoroark|Zoroark-Hisui, L50, F
|-end|p2a: Zoroark|Illusion
|-damage|p2a: Zoroark|25/100
|-damage|p2a: Zoroark|4/100
|-damage|p2a: Zoroark|0 fnt
|faint|p2a: Zoroark
|-hitcount|p2: Zoroark|4
|-unboost|p1a: Dragonite|def|1
|-boost|p1a: Dragonite|spe|1
|
|-weather|RainDance|[upkeep]
|upkeep
|
|t:|1756267275
|switch|p2a: Tauros|Tauros-Paldea-Blaze, L50, M|64/100
|-ability|p2a: Tauros|Intimidate|boost
|-unboost|p1a: Dragonite|atk|1
|-unboost|p1b: Sneasler|atk|1
|turn|6
|inactive|furretusedpunch has 30 seconds left.
|
|t:|1756267306
|-terastallize|p1a: Dragonite|Ground
|move|p2a: Tauros|Protect|p2a: Tauros
|-singleturn|p2a: Tauros|Protect
|move|p1b: Sneasler|Close Combat|p2a: Tauros
|-activate|p2a: Tauros|move: Protect
|move|p1a: Dragonite|Stomping Tantrum|p2a: Tauros
|-activate|p2a: Tauros|move: Protect
|move|p2b: Pelipper|Hurricane|p1b: Sneasler
|-supereffective|p1b: Sneasler
|-damage|p1b: Sneasler|0 fnt
|faint|p1b: Sneasler
|
|-weather|RainDance|[upkeep]
|-sideend|p1: furretusedpunch|move: Tailwind
|upkeep
|turn|7
|
|t:|1756267329
|move|p1a: Dragonite|Protect|p1a: Dragonite
|-singleturn|p1a: Dragonite|Protect
|move|p2a: Tauros|Close Combat|p1a: Dragonite
|-activate|p1a: Dragonite|move: Protect
|move|p2b: Pelipper|Weather Ball|p1a: Dragonite
|-activate|p1a: Dragonite|move: Protect
|
|-weather|none
|-sideend|p2: ruddyreboot|move: Tailwind
|upkeep
|turn|8
|
|t:|1756267350
|-terastallize|p2a: Tauros|Grass
|move|p1a: Dragonite|Scale Shot|p2b: Pelipper
|-damage|p2b: Pelipper|48/100
|-damage|p2b: Pelipper|39/100
|-damage|p2b: Pelipper|31/100
|-damage|p2b: Pelipper|21/100
|-hitcount|p2b: Pelipper|4
|-unboost|p1a: Dragonite|def|1
|-boost|p1a: Dragonite|spe|1
|move|p2a: Tauros|Close Combat|p1a: Dragonite
|-damage|p1a: Dragonite|0 fnt
|-unboost|p2a: Tauros|def|1
|-unboost|p2a: Tauros|spd|1
|faint|p1a: Dragonite
|
|win|ruddyreboot
