|j|☆Miriajohn
|j|☆big electric fan
|html|Miriajohnbig electric fan    
|uhtml|bestof|Game 3 of a best-of-3
|t:|1784165536
|gametype|doubles
|player|p1|Miriajohn|blue|1260
|player|p2|big electric fan|liza|1319
|gen|9
|tier|[Gen 9 Champions] VGC 2026 Reg M-B (Bo3)
|rated|
|rule|Species Clause: Limit one of each Pokémon
|rule|Item Clause: Limit 1 of each item
|clearpoke
|poke|p1|Talonflame, L50, F|
|poke|p1|Garchomp, L50, F|
|poke|p1|Froslass, L50, F|
|poke|p1|Floette-Eternal, L50, F|
|poke|p1|Rotom-Wash, L50|
|poke|p1|Kingambit, L50, F|
|poke|p2|Scrafty, L50, F|
|poke|p2|Metagross, L50|
|poke|p2|Mamoswine, L50, F|
|poke|p2|Toxapex, L50, M|
|poke|p2|Dragonite, L50, M|
|poke|p2|Charizard, L50, M|
|teampreview|4
|showteam|p1|Talonflame||SharpBeak|GaleWings|Tailwind,FlareBlitz,BraveBird,Protect|Jolly||F|||50|]Garchomp||LifeOrb|RoughSkin|DragonClaw,RockSlide,Earthquake,Protect|Jolly||F|||50|]Froslass||Froslassite|SnowCloak|Blizzard,ShadowBall,AuroraVeil,Protect|Timid||F|||50|]Floette-Eternal||Floettite|FlowerVeil|LightofRuin,Moonblast,DazzlingGleam,Protect|Timid||F|||50|]Rotom-Wash||ChoiceScarf|Levitate|HydroPump,Thunderbolt,WillOWisp,Electroweb|Timid|||||50|]Kingambit||ChopleBerry|Defiant|SuckerPunch,KowtowCleave,IronHead,Protect|Adamant||F|||50|
|showteam|p2|Scrafty||Scraftinite|Intimidate|ThroatChop,DrainPunch,FakeOut,Protect|Impish||F|||50|]Metagross||MetalCoat|ClearBody|MeteorMash,PsychicFangs,BulletPunch,Protect|Adamant|||||50|]Mamoswine||FocusSash|Oblivious|Earthquake,IcicleCrash,IceShard,Protect|Adamant||F|||50|]Toxapex||Leftovers|Regenerator|Infestation,Toxic,WideGuard,BanefulBunker|Bold||M|||50|]Dragonite||DragonFang|Multiscale|DragonClaw,ExtremeSpeed,FirePunch,Protect|Adamant||M|||50|]Charizard||CharizarditeY|Blaze|HeatWave,SolarBeam,WeatherBall,Protect|Timid||M|||50|
|inactive|Battle timer is ON: inactive players will automatically lose when time's up. (requested by big electric fan)
|
|t:|1784165566
|teamsize|p1|4
|teamsize|p2|4
|start
|switch|p1a: Kingambit|Kingambit, L50, F|100/100
|switch|p1b: Floette|Floette-Eternal, L50, F|100/100
|switch|p2a: Charizard|Charizard, L50, M|100/100
|switch|p2b: Scrafty|Scrafty, L50, F|100/100
|-ability|p2b: Scrafty|Intimidate|boost
|-unboost|p1a: Kingambit|atk|1
|-ability|p1a: Kingambit|Defiant|boost
|-boost|p1a: Kingambit|atk|2
|-unboost|p1b: Floette|atk|1
|turn|1
|
|t:|1784165579
|switch|p2b: Metagross|Metagross, L50|100/100
|detailschange|p2a: Charizard|Charizard-Mega-Y, L50, M
|-mega|p2a: Charizard|Charizard|Charizardite Y
|-weather|SunnyDay|[from] ability: Drought|[of] p2a: Charizard
|move|p1b: Floette|Protect|p1b: Floette
|-singleturn|p1b: Floette|Protect
|move|p1a: Kingambit|Sucker Punch|p2a: Charizard
|-damage|p2a: Charizard|36/100
|move|p2a: Charizard|Heat Wave|p1a: Kingambit|[spread] p1a
|-activate|p1b: Floette|move: Protect
|-supereffective|p1a: Kingambit|1
|-damage|p1a: Kingambit|0 fnt
|faint|p1a: Kingambit
|
|-weather|SunnyDay|[upkeep]
|upkeep
|
|t:|1784165594
|switch|p1a: Garchomp|Garchomp, L50, F|100/100
|turn|2
|
|t:|1784165615
|switch|p2a: Scrafty|Scrafty, L50, F|100/100
|-ability|p2a: Scrafty|Intimidate|boost
|-unboost|p1a: Garchomp|atk|1
|-unboost|p1b: Floette|atk|1
|detailschange|p1b: Floette|Floette-Mega, L50, F
|-mega|p1b: Floette|Floette|Floettite
|-ability|p1b: Floette|Fairy Aura
|move|p1b: Floette|Moonblast|p2a: Scrafty
|-supereffective|p2a: Scrafty|2
|-damage|p2a: Scrafty|0 fnt
|faint|p2a: Scrafty
|move|p1a: Garchomp|Earthquake|p2b: Metagross|[spread] p1b,p2b
|-supereffective|p2b: Metagross|1
|-damage|p1b: Floette|52/100
|-damage|p2b: Metagross|52/100
|-damage|p1a: Garchomp|90/100|[from] item: Life Orb
|move|p2b: Metagross|Meteor Mash|p1b: Floette
|-supereffective|p1b: Floette|1
|-damage|p1b: Floette|0 fnt
|faint|p1b: Floette
|
|-weather|SunnyDay|[upkeep]
|upkeep
|
|t:|1784165633
|switch|p1b: Rotom|Rotom-Wash, L50|100/100
|switch|p2a: Mamoswine|Mamoswine, L50, F|100/100
|turn|3
|
|t:|1784165643
|move|p2a: Mamoswine|Protect|p2a: Mamoswine
|-singleturn|p2a: Mamoswine|Protect
|move|p2b: Metagross|Protect|p2b: Metagross
|-singleturn|p2b: Metagross|Protect
|move|p1b: Rotom|Hydro Pump|p2a: Mamoswine
|-activate|p2a: Mamoswine|move: Protect
|move|p1a: Garchomp|Earthquake|p2b: Metagross|[spread] 
|-activate|p2a: Mamoswine|move: Protect
|-activate|p2b: Metagross|move: Protect
|-immune|p1b: Rotom|[from] ability: Levitate
|
|-weather|SunnyDay|[upkeep]
|upkeep
|turn|4
|
|t:|1784165658
|move|p2a: Mamoswine|Ice Shard|p1a: Garchomp
|-supereffective|p1a: Garchomp|2
|-damage|p1a: Garchomp|0 fnt
|faint|p1a: Garchomp
|move|p2b: Metagross|Bullet Punch|p1b: Rotom
|-resisted|p1b: Rotom|2
|-damage|p1b: Rotom|90/100
|move|p1b: Rotom|Hydro Pump|p2a: Mamoswine
|-supereffective|p2a: Mamoswine|1
|-damage|p2a: Mamoswine|25/100
|
|-weather|SunnyDay|[upkeep]
|upkeep
|turn|5
|
|t:|1784165669
|move|p2a: Mamoswine|Protect|p2a: Mamoswine
|-singleturn|p2a: Mamoswine|Protect
|move|p1b: Rotom|Hydro Pump|p2b: Metagross
|-damage|p2b: Metagross|29/100
|move|p2b: Metagross|Meteor Mash|p1b: Rotom
|-resisted|p1b: Rotom|2
|-damage|p1b: Rotom|73/100
|
|-weather|none
|upkeep
|turn|6
|
|t:|1784165684
|move|p2a: Mamoswine|Ice Shard|p1b: Rotom
|-resisted|p1b: Rotom|1
|-damage|p1b: Rotom|56/100
|move|p1b: Rotom|Hydro Pump|p2b: Metagross
|-damage|p2b: Metagross|0 fnt
|faint|p2b: Metagross
|
|upkeep
|
|t:|1784165689
|switch|p2b: Charizard|Charizard-Mega-Y, L50, M|36/100
|-weather|SunnyDay|[from] ability: Drought|[of] p2b: Charizard
|turn|7
|
|t:|1784165694
|move|p1b: Rotom|Hydro Pump|p2b: Charizard
|-supereffective|p2b: Charizard|1
|-damage|p2b: Charizard|0 fnt
|faint|p2b: Charizard
|move|p2a: Mamoswine|Icicle Crash|p1b: Rotom
|-resisted|p1b: Rotom|1
|-damage|p1b: Rotom|28/100
|
|-weather|SunnyDay|[upkeep]
|upkeep
|turn|8
|
|t:|1784165704
|move|p1b: Rotom|Hydro Pump|p2a: Mamoswine
|-supereffective|p2a: Mamoswine|1
|-damage|p2a: Mamoswine|0 fnt
|faint|p2a: Mamoswine
|
|win|Miriajohn
|raw|Miriajohn's rating: 1260 → 1289(+29 for winning)
|raw|big electric fan's rating: 1319 → 1296(-23 for losing)
|l|☆big electric fan
|player|p2|
