|j|ŌśåImOnX6Pace!
|j|Ōśåbiggestbirdgaming
|html|ImOnX6Pace!biggestbirdgaming    
|uhtml|bestof|Game 1 of a best-of-3
|t:|1756567224
|gametype|doubles
|player|p1|ImOnX6Pace!|266|1143
|player|p2|biggestbirdgaming|102|1012
|gen|9
|tier|[Gen 9] VGC 2025 Reg H (Bo3)
|rated|
|rule|Species Clause: Limit one of each Pok├®mon
|rule|Item Clause: Limit 1 of each item
|clearpoke
|poke|p1|Inteleon, L50, F|
|poke|p1|Maushold-Four, L50|
|poke|p1|Pelipper, L50, F|
|poke|p1|Archaludon, L50, F|
|poke|p1|Porygon2, L50|
|poke|p1|Ursaluna, L50, M|
|poke|p2|Talonflame, L50, M|
|poke|p2|Garchomp, L50, M|
|poke|p2|Milotic, L50, M|
|poke|p2|Tyranitar, L50, M|
|poke|p2|Amoonguss, L50, M|
|poke|p2|Gholdengo, L50|
|teampreview|4
|showteam|p1|Inteleon||ScopeLens|Sniper|SnipeShot,IceBeam,Haze,Protect|||F|||50|,,,,,Water]Maushold-Four||WideLens|Technician|PopulationBomb,Taunt,FollowMe,Protect||||||50|,,,,,Ghost]Pelipper||FocusSash|Drizzle|Tailwind,Protect,WeatherBall,Hurricane|||F|||50|,,,,,Ghost]Archaludon||AssaultVest|Stamina|ElectroShot,FlashCannon,BodyPress,DracoMeteor|||F|||50|,,,,,Grass]Porygon2||Eviolite|Download|TrickRoom,IceBeam,TeraBlast,Recover||||||50|,,,,,Fighting]Ursaluna||FlameOrb|Guts|Facade,HeadlongRush,Protect,Earthquake|||M|||50|,,,,,Ghost
|showteam|p2|Talonflame||CovertCloak|GaleWings|BraveBird,WillOWisp,Tailwind,Protect|||M|||50|,,,,,Fire]Garchomp||LifeOrb|RoughSkin|StompingTantrum,DragonClaw,Earthquake,Protect|||M|||50|,,,,,Fairy]Milotic||SafetyGoggles|Competitive|Scald,IcyWind,Haze,Protect|||M|||50|,,,,,Dragon]Tyranitar||AssaultVest|SandStream|LowKick,RockSlide,TeraBlast,KnockOff|||M|||50|,,,,,Flying]Amoonguss||RockyHelmet|Regenerator|Spore,RagePowder,PollenPuff,Protect|||M|||50|,,,,,Water]Gholdengo||ChoiceSpecs|GoodasGold|Trick,Thunderbolt,ShadowBall,MakeItRain||||||50|,,,,,Dragon
|l|ŌśåImOnX6Pace!
|player|p1|
|l|Ōśåbiggestbirdgaming
|player|p2|
|j|ŌśåImOnX6Pace!
|player|p1|ImOnX6Pace!|266|
|j|Ōśåbiggestbirdgaming
|player|p2|biggestbirdgaming|102|
|
|t:|1756567296
|teamsize|p1|4
|teamsize|p2|4
|start
|switch|p1a: Porygon2|Porygon2, L50|100/100
|switch|p1b: Inteleon|Inteleon, L50, F|100/100
|switch|p2a: Talonflame|Talonflame, L50, M|100/100
|switch|p2b: Gholdengo|Gholdengo, L50, shiny|100/100
|-ability|p1a: Porygon2|Download|boost
|-boost|p1a: Porygon2|spa|1
|turn|1
|inactive|Battle timer is ON: inactive players will automatically lose when time's up. (requested by ImOnX6Pace!)
|inactive|biggestbirdgaming has 60 seconds left.
|
|t:|1756567333
|switch|p1b: Archaludon|Archaludon, L50, F|100/100
|move|p2a: Talonflame|Tailwind|p2a: Talonflame
|-sidestart|p2: biggestbirdgaming|move: Tailwind
|move|p2b: Gholdengo|Make It Rain|p1a: Porygon2|[spread] p1a,p1b
|-resisted|p1b: Archaludon
|-damage|p1a: Porygon2|57/100
|-damage|p1b: Archaludon|79/100
|-unboost|p2b: Gholdengo|spa|1
|-ability|p1b: Archaludon|Stamina|boost
|-boost|p1b: Archaludon|def|1
|move|p1a: Porygon2|Trick Room|p1a: Porygon2
|-fieldstart|move: Trick Room|[of] p1a: Porygon2
|
|upkeep
|turn|2
|
|t:|1756567357
|switch|p2b: Tyranitar|Tyranitar, L50, M|100/100
|-weather|Sandstorm|[from] ability: Sand Stream|[of] p2b: Tyranitar
|move|p2a: Talonflame|Protect|p2a: Talonflame
|-singleturn|p2a: Talonflame|Protect
|move|p1a: Porygon2|Ice Beam|p2a: Talonflame
|-activate|p2a: Talonflame|move: Protect
|move|p1b: Archaludon|Body Press|p2a: Talonflame
|-activate|p2a: Talonflame|move: Protect
|
|-weather|Sandstorm|[upkeep]
|-damage|p1a: Porygon2|50/100|[from] Sandstorm
|-damage|p2a: Talonflame|95/100|[from] Sandstorm
|upkeep
|turn|3
|inactive|biggestbirdgaming has 30 seconds left.
|
|t:|1756567383
|switch|p1a: Ursaluna|Ursaluna, L50, M|100/100
|switch|p2a: Amoonguss|Amoonguss, L50, M, shiny|100/100
|-terastallize|p2b: Tyranitar|Flying
|move|p1b: Archaludon|Body Press|p2b: Tyranitar
|-resisted|p2b: Tyranitar
|-damage|p2b: Tyranitar|85/100
|move|p2b: Tyranitar|Low Kick|p1b: Archaludon
|-supereffective|p1b: Archaludon
|-damage|p1b: Archaludon|51/100
|-ability|p1b: Archaludon|Stamina|boost
|-boost|p1b: Archaludon|def|1
|
|-weather|Sandstorm|[upkeep]
|-damage|p2a: Amoonguss|95/100|[from] Sandstorm
|-damage|p2b: Tyranitar|78/100|[from] Sandstorm
|-status|p1a: Ursaluna|brn|[from] item: Flame Orb
|upkeep
|turn|4
|inactive|biggestbirdgaming has 30 seconds left.
|inactive|biggestbirdgaming has 20 seconds left.
|
|t:|1756567423
|switch|p2b: Gholdengo|Gholdengo, L50, shiny|100/100
|-terastallize|p1b: Archaludon|Grass
|move|p1a: Ursaluna|Facade|p2b: Gholdengo
|-immune|p2b: Gholdengo
|move|p2a: Amoonguss|Spore|p1b: Archaludon
|-immune|p1b: Archaludon
|move|p1b: Archaludon|Draco Meteor|p2b: Gholdengo
|-resisted|p2b: Gholdengo
|-damage|p2b: Gholdengo|69/100
|-unboost|p1b: Archaludon|spa|2
|
|-weather|Sandstorm|[upkeep]
|-damage|p2a: Amoonguss|89/100|[from] Sandstorm
|-damage|p1b: Archaludon|45/100|[from] Sandstorm
|-damage|p1a: Ursaluna|95/100 brn|[from] brn
|-sideend|p2: biggestbirdgaming|move: Tailwind
|upkeep
|turn|5
|inactive|biggestbirdgaming has 30 seconds left.
|inactive|ImOnX6Pace! has 30 seconds left.
|
|t:|1756567459
|switch|p2b: Talonflame|Talonflame, L50, M|95/100
|move|p2a: Amoonguss|Protect|p2a: Amoonguss
|-singleturn|p2a: Amoonguss|Protect
|move|p1a: Ursaluna|Headlong Rush|p2b: Talonflame
|-immune|p2b: Talonflame
|move|p1b: Archaludon|Body Press|p2a: Amoonguss
|-activate|p2a: Amoonguss|move: Protect
|
|-weather|Sandstorm|[upkeep]
|-damage|p2a: Amoonguss|83/100|[from] Sandstorm
|-damage|p1b: Archaludon|39/100|[from] Sandstorm
|-damage|p2b: Talonflame|89/100|[from] Sandstorm
|-damage|p1a: Ursaluna|89/100 brn|[from] brn
|-fieldend|move: Trick Room
|upkeep
|turn|6
|inactive|biggestbirdgaming has 30 seconds left.
|inactive|biggestbirdgaming has 20 seconds left.
|inactive|biggestbirdgaming has 15 seconds left.
|
|t:|1756567501
|move|p2a: Amoonguss|Rage Powder|p2a: Amoonguss
|-singleturn|p2a: Amoonguss|move: Rage Powder
|move|p2b: Talonflame|Brave Bird|p1a: Ursaluna
|-damage|p1a: Ursaluna|58/100 brn
|-damage|p2b: Talonflame|74/100|[from] Recoil
|move|p1b: Archaludon|Body Press|p2a: Amoonguss
|-resisted|p2a: Amoonguss
|-damage|p2a: Amoonguss|63/100
|-damage|p1b: Archaludon|23/100|[from] item: Rocky Helmet|[of] p2a: Amoonguss
|move|p1a: Ursaluna|Facade|p2a: Amoonguss
|-damage|p2a: Amoonguss|0 fnt
|-damage|p1a: Ursaluna|41/100 brn|[from] item: Rocky Helmet|[of] p2a: Amoonguss
|faint|p2a: Amoonguss
|
|-weather|none
|-damage|p1a: Ursaluna|36/100 brn|[from] brn
|upkeep
|
|t:|1756567523
|switch|p2a: Gholdengo|Gholdengo, L50, shiny|69/100
|turn|7
|
|t:|1756567537
|switch|p1a: Porygon2|Porygon2, L50|50/100
|-ability|p1a: Porygon2|Download|boost
|-boost|p1a: Porygon2|spa|1
|move|p2b: Talonflame|Brave Bird|p1a: Porygon2
|-damage|p1a: Porygon2|22/100
|-damage|p2b: Talonflame|63/100|[from] Recoil
|move|p2a: Gholdengo|Make It Rain|p1a: Porygon2|[spread] p1a,p1b
|-damage|p1a: Porygon2|0 fnt
|-damage|p1b: Archaludon|0 fnt
|-unboost|p2a: Gholdengo|spa|1
|faint|p1a: Porygon2
|faint|p1b: Archaludon
|
|upkeep
|
|t:|1756567549
|switch|p1b: Inteleon|Inteleon, L50, F|100/100
|switch|p1a: Ursaluna|Ursaluna, L50, M|36/100 brn
|turn|8
|inactive|biggestbirdgaming has 30 seconds left.
|
|t:|1756567575
|switch|p2a: Tyranitar|Tyranitar, L50, M, tera:Flying|78/100
|-weather|Sandstorm|[from] ability: Sand Stream|[of] p2a: Tyranitar
|move|p2b: Talonflame|Protect|p2b: Talonflame
|-singleturn|p2b: Talonflame|Protect
|move|p1b: Inteleon|Snipe Shot|p2a: Tyranitar
|-damage|p2a: Tyranitar|52/100
|move|p1a: Ursaluna|Facade|p2b: Talonflame
|-activate|p2b: Talonflame|move: Protect
|
|-weather|Sandstorm|[upkeep]
|-damage|p2b: Talonflame|57/100|[from] Sandstorm
|-damage|p1b: Inteleon|94/100|[from] Sandstorm
|-damage|p2a: Tyranitar|45/100|[from] Sandstorm
|-damage|p1a: Ursaluna|30/100 brn|[from] brn
|upkeep
|turn|9
|inactive|biggestbirdgaming has 30 seconds left.
|
|t:|1756567604
|move|p2b: Talonflame|Tailwind|p2b: Talonflame
|-sidestart|p2: biggestbirdgaming|move: Tailwind
|move|p2a: Tyranitar|Knock Off|p1a: Ursaluna
|-damage|p1a: Ursaluna|0 fnt
|-enditem|p1a: Ursaluna|Flame Orb|[from] move: Knock Off|[of] p2a: Tyranitar
|faint|p1a: Ursaluna
|move|p1b: Inteleon|Snipe Shot|p2b: Talonflame
|-supereffective|p2b: Talonflame
|-crit|p2b: Talonflame
|-damage|p2b: Talonflame|0 fnt
|faint|p2b: Talonflame
|
|-weather|Sandstorm|[upkeep]
|-damage|p2a: Tyranitar|39/100|[from] Sandstorm
|-damage|p1b: Inteleon|88/100|[from] Sandstorm
|upkeep
|
|t:|1756567617
|switch|p2b: Gholdengo|Gholdengo, L50, shiny|69/100
|turn|10
|
|t:|1756567625
|move|p1b: Inteleon|Protect|p1b: Inteleon
|-singleturn|p1b: Inteleon|Protect
|move|p2b: Gholdengo|Shadow Ball|p1b: Inteleon
|-activate|p1b: Inteleon|move: Protect
|move|p2a: Tyranitar|Tera Blast|p1b: Inteleon|[anim] Tera Blast Flying
|-activate|p1b: Inteleon|move: Protect
|
|-weather|Sandstorm|[upkeep]
|-damage|p2a: Tyranitar|33/100|[from] Sandstorm
|-damage|p1b: Inteleon|82/100|[from] Sandstorm
|upkeep
|turn|11
|
|t:|1756567639
|move|p2b: Gholdengo|Shadow Ball|p1b: Inteleon
|-damage|p1b: Inteleon|0 fnt
|faint|p1b: Inteleon
|
|win|biggestbirdgaming
||biggestbirdgaming is ready for game 2.
|inactive|ImOnX6Pace! has 30 seconds to confirm battle start!
||ImOnX6Pace! is ready for game 2.
|uhtml|next|Next: Game 2 of 3
|l|ŌśåImOnX6Pace!
|player|p1|
