|j|☆golden sun boy
|j|☆AquamarineVGC
|html|golden sun boyAquamarineVGC    
|uhtml|bestof|Game 1 of a best-of-3
|t:|1784870530
|gametype|doubles
|player|p1|golden sun boy|unknown|1159
|player|p2|AquamarineVGC|unknown|1247
|gen|9
|tier|[Gen 9 Champions] VGC 2026 Reg M-B (Bo3)
|rated|
|rule|Species Clause: Limit one of each Pokémon
|rule|Item Clause: Limit 1 of each item
|clearpoke
|poke|p1|Zoroark-Hisui, L50, M|
|poke|p1|Whimsicott, L50, F|
|poke|p1|Froslass, L50, F|
|poke|p1|Archaludon, L50, M|
|poke|p1|Hawlucha, L50, F|
|poke|p1|Snorlax, L50, M|
|poke|p2|Pelipper, L50, F|
|poke|p2|Archaludon, L50, F|
|poke|p2|Staraptor, L50, M|
|poke|p2|Glimmora, L50, F|
|poke|p2|Clefable, L50, F|
|poke|p2|Grimmsnarl, L50, M|
|teampreview|4
|showteam|p1|Zoroark-Hisui||LifeOrb|Illusion|HyperBeam,GrassKnot,ShadowBall,Protect|Modest||M|||50|]Whimsicott||FocusSash|Prankster|Tailwind,FakeTears,Encore,Moonblast|Timid||F|||50|]Froslass||Froslassite|CursedBody|AuroraVeil,Blizzard,RainDance,Protect|Modest||F|||50|]Archaludon||Leftovers|Stamina|DragonPulse,FlashCannon,ElectroShot,Protect|Calm||M|||50|]Hawlucha||Hawluchanite|Limber|CrossChop,BraveBird,Entrainment,Protect|Jolly||F|||50|]Snorlax||SitrusBerry|ThickFat|Yawn,Fissure,DoubleEdge,Protect|Relaxed||M|||50|
|showteam|p2|Pelipper||QuickClaw|Drizzle|Hurricane,WeatherBall,Tailwind,WideGuard|Modest||F|||50|]Archaludon||Leftovers|Stamina|FlashCannon,DragonPulse,ElectroShot,Protect|Modest||F|||50|]Staraptor||Staraptite|Intimidate|BraveBird,CloseCombat,Roost,Protect|Adamant||M|||50|]Glimmora||Glimmoranite|ToxicDebris|PowerGem,SludgeBomb,AcidSpray,SpikyShield|Timid||F|||50|]Clefable||SitrusBerry|Unaware|Moonblast,FollowMe,LifeDew,Protect|Bold||F|||50|]Grimmsnarl||LightClay|Prankster|FoulPlay,Reflect,LightScreen,PartingShot|Calm||M|||50|
|inactive|Battle timer is ON: inactive players will automatically lose when time's up. (requested by golden sun boy)
|c|☆AquamarineVGC|glhf
|c|☆golden sun boy|gl
|inactive|golden sun boy has 60 seconds left.
|inactive|AquamarineVGC has 60 seconds left.
|inactive|golden sun boy has 30 seconds left.
|inactive|golden sun boy has 20 seconds left.
|
|t:|1784870608
|teamsize|p1|4
|teamsize|p2|4
|start
|switch|p1a: Froslass|Froslass, L50, F|100/100
|switch|p1b: Archaludon|Archaludon, L50, M|100/100
|switch|p2a: Clefable|Clefable, L50, F|100/100
|switch|p2b: Glimmora|Glimmora, L50, F|100/100
|turn|1
|inactive|golden sun boy has 30 seconds left.
|inactive|AquamarineVGC has 30 seconds left.
|
|t:|1784870637
|detailschange|p1a: Froslass|Froslass-Mega, L50, F
|-mega|p1a: Froslass|Froslass|Froslassite
|-weather|Snowscape|[from] ability: Snow Warning|[of] p1a: Froslass
|detailschange|p2b: Glimmora|Glimmora-Mega, L50, F
|-mega|p2b: Glimmora|Glimmora|Glimmoranite
|move|p1a: Froslass|Aurora Veil|p1a: Froslass
|-sidestart|p1: golden sun boy|move: Aurora Veil
|move|p2b: Glimmora|Acid Spray|p1a: Froslass
|-resisted|p1a: Froslass|1
|-damage|p1a: Froslass|87/100
|-unboost|p1a: Froslass|spd|2
|move|p1b: Archaludon|Flash Cannon|p2b: Glimmora
|-supereffective|p2b: Glimmora|1
|-damage|p2b: Glimmora|4/100
|move|p2a: Clefable|Moonblast|p1a: Froslass
|-damage|p1a: Froslass|62/100
|
|-weather|Snowscape|[upkeep]
|upkeep
|turn|2
|
|t:|1784870661
|switch|p2b: Archaludon|Archaludon, L50, F|100/100
|switch|p2a: Pelipper|Pelipper, L50, F|100/100
|-weather|RainDance|[from] ability: Drizzle|[of] p2a: Pelipper
|move|p1a: Froslass|Blizzard|p2b: Archaludon|[spread] p2b
|-miss|p1a: Froslass|p2a: Pelipper
|-damage|p2b: Archaludon|40/100
|-ability|p2b: Archaludon|Stamina|boost
|-boost|p2b: Archaludon|def|1
|move|p1b: Archaludon|Flash Cannon|p2a: Pelipper
|-resisted|p2a: Pelipper|1
|-damage|p2a: Pelipper|71/100
|
|-weather|RainDance|[upkeep]
|-heal|p2b: Archaludon|47/100|[from] item: Leftovers
|upkeep
|turn|3
|inactive|golden sun boy has 30 seconds left.
|inactive|AquamarineVGC has 30 seconds left.
|
|t:|1784870699
|switch|p1a: Whimsicott|Whimsicott, L50, F|100/100
|switch|p2a: Clefable|Clefable, L50, F|100/100
|move|p2b: Archaludon|Electro Shot||[still]
|-prepare|p2b: Archaludon|Electro Shot
|-boost|p2b: Archaludon|spa|1
|-anim|p2b: Archaludon|Electro Shot|p1a: Whimsicott
|-resisted|p1a: Whimsicott|1
|-crit|p1a: Whimsicott
|-damage|p1a: Whimsicott|19/100
|move|p1b: Archaludon|Electro Shot||[still]
|-prepare|p1b: Archaludon|Electro Shot
|-boost|p1b: Archaludon|spa|1
|-anim|p1b: Archaludon|Electro Shot|p2a: Clefable
|-damage|p2a: Clefable|59/100
|
|-weather|RainDance|[upkeep]
|-heal|p2b: Archaludon|53/100|[from] item: Leftovers
|upkeep
|turn|4
|inactive|golden sun boy has 30 seconds left.
|inactive|AquamarineVGC has 30 seconds left.
|inactive|golden sun boy has 20 seconds left.
|
|t:|1784870735
|move|p2b: Archaludon|Protect|p2b: Archaludon
|-singleturn|p2b: Archaludon|Protect
|move|p2a: Clefable|Protect|p2a: Clefable
|-singleturn|p2a: Clefable|Protect
|move|p1a: Whimsicott|Tailwind|p1a: Whimsicott
|-sidestart|p1: golden sun boy|move: Tailwind
|move|p1b: Archaludon|Electro Shot||[still]
|-prepare|p1b: Archaludon|Electro Shot
|-boost|p1b: Archaludon|spa|1
|-anim|p1b: Archaludon|Electro Shot|p2a: Clefable
|-activate|p2a: Clefable|move: Protect
|
|-weather|RainDance|[upkeep]
|-heal|p2b: Archaludon|59/100|[from] item: Leftovers
|upkeep
|turn|5
|
|t:|1784870756
|move|p2a: Clefable|Follow Me|p2a: Clefable
|-singleturn|p2a: Clefable|move: Follow Me
|move|p1a: Whimsicott|Encore|p2a: Clefable
|-start|p2a: Clefable|Encore
|move|p1b: Archaludon|Electro Shot||[still]
|-prepare|p1b: Archaludon|Electro Shot
|-boost|p1b: Archaludon|spa|1
|-anim|p1b: Archaludon|Electro Shot|p2a: Clefable
|-damage|p2a: Clefable|19/100
|-enditem|p2a: Clefable|Sitrus Berry|[eat]
|-heal|p2a: Clefable|44/100|[from] item: Sitrus Berry
|move|p2b: Archaludon|Electro Shot||[still]
|-prepare|p2b: Archaludon|Electro Shot
|-boost|p2b: Archaludon|spa|1
|-anim|p2b: Archaludon|Electro Shot|p1a: Whimsicott
|-resisted|p1a: Whimsicott|1
|-damage|p1a: Whimsicott|0 fnt
|faint|p1a: Whimsicott
|
|-weather|RainDance|[upkeep]
|-heal|p2b: Archaludon|65/100|[from] item: Leftovers
|-sideend|p1: golden sun boy|move: Aurora Veil
|upkeep
|
|t:|1784870777
|switch|p1a: Froslass|Froslass-Mega, L50, F|100/100
|turn|6
|inactive|golden sun boy has 30 seconds left.
|inactive|AquamarineVGC has 30 seconds left.
|inactive|golden sun boy has 20 seconds left.
|inactive|golden sun boy has 15 seconds left.
|inactive|AquamarineVGC has 20 seconds left.
|inactive|AquamarineVGC has 15 seconds left.
|inactive|AquamarineVGC has 10 seconds left.
|
|t:|1784870832
|switch|p2a: Glimmora|Glimmora-Mega, L50, F|4/100
|move|p1a: Froslass|Shadow Ball|p2b: Archaludon
|-damage|p2b: Archaludon|0 fnt
|faint|p2b: Archaludon
|-damage|p1a: Froslass|90/100|[from] item: Life Orb
|move|p1b: Archaludon|Electro Shot||[still]
|-prepare|p1b: Archaludon|Electro Shot
|-boost|p1b: Archaludon|spa|1
|-anim|p1b: Archaludon|Electro Shot|p2a: Glimmora
|-damage|p2a: Glimmora|0 fnt
|faint|p2a: Glimmora
|
|-weather|none
|upkeep
|-message|AquamarineVGC forfeited.
|
|win|golden sun boy
||golden sun boy is ready for game 2.
||AquamarineVGC is ready for game 2.
|uhtml|next|Next: Game 2 of 3
