|j|☆sedrav
|j|☆J.Arch
|html|sedravJ.Arch    
|uhtml|bestof|Game 2 of a best-of-3
|t:|1757039943
|gametype|doubles
|player|p1|sedrav|hilbert|1177
|player|p2|J.Arch|ethan|1165
|gen|9
|tier|[Gen 9] VGC 2025 Reg H (Bo3)
|rated|
|rule|Species Clause: Limit one of each Pokémon
|rule|Item Clause: Limit 1 of each item
|clearpoke
|poke|p1|Garchomp, L50, M|
|poke|p1|Gholdengo, L50|
|poke|p1|Tyranitar, L50, F|
|poke|p1|Amoonguss, L50, F|
|poke|p1|Kilowattrel, L50, M|
|poke|p1|Incineroar, L50, M|
|poke|p2|Annihilape, L50, F|
|poke|p2|Pelipper, L50, M|
|poke|p2|Archaludon, L50, F|
|poke|p2|Breloom, L50, M|
|poke|p2|Farigiraf, L50, F|
|poke|p2|Incineroar, L50, F|
|teampreview|4
|showteam|p1|Garchomp||LifeOrb|RoughSkin|DragonClaw,StompingTantrum,Earthquake,Protect|||M|||50|,,,,,Ground]Gholdengo||MetalCoat|GoodasGold|MakeItRain,ShadowBall,NastyPlot,Protect||||||50|,,,,,Flying]Tyranitar||AssaultVest|SandStream|RockSlide,KnockOff,LowKick,TeraBlast|||F|||50|,,,,,Flying]Amoonguss||SitrusBerry|Regenerator|Spore,RagePowder,PollenPuff,Protect|||F|||50|,,,,,Water]Kilowattrel||FocusSash|Competitive|AirSlash,Tailwind,VoltSwitch,Protect|||M|||50|,,,,,Ghost]Incineroar||SafetyGoggles|Intimidate|FakeOut,FlareBlitz,KnockOff,PartingShot|||M|||50|,,,,,Ghost
|showteam|p2|Annihilape||ChoiceScarf|Defiant|Uturn,FinalGambit,DrainPunch,RageFist|||F|||50|,,,,,Poison]Pelipper||CovertCloak|Drizzle|Tailwind,Hurricane,WeatherBall,Protect|||M|||50|,,,,,Dark]Archaludon||AssaultVest|Stamina|DragonPulse,ElectroShot,BodyPress,FlashCannon|||F|||50|,,,,,Bug]Breloom||FocusSash|Technician|Spore,MachPunch,BulletSeed,SwordsDance|||M|||50|,,,,,Ghost]Farigiraf||ThroatSpray|ArmorTail|HyperVoice,Psychic,HelpingHand,TrickRoom|||F|||50|,,,,,Fairy]Incineroar||SitrusBerry|Intimidate|KnockOff,FakeOut,FlareBlitz,PartingShot|||F|||50|,,,,,Water
|inactive|Battle timer is ON: inactive players will automatically lose when time's up. (requested by sedrav)
|inactive|sedrav has 60 seconds left.
|inactive|J.Arch has 60 seconds left.
|
|t:|1757039993
|teamsize|p1|4
|teamsize|p2|4
|start
|switch|p1a: Kilowattrel|Kilowattrel, L50, M|100/100
|switch|p1b: Garchomp|Garchomp, L50, M|100/100
|switch|p2a: Pelipper|Pelipper, L50, M|100/100
|switch|p2b: Annihilape|Annihilape, L50, F|100/100
|-weather|RainDance|[from] ability: Drizzle|[of] p2a: Pelipper
|turn|1
|inactive|sedrav has 30 seconds left.
|inactive|J.Arch has 30 seconds left.
|
|t:|1757040024
|switch|p1b: Gholdengo|Gholdengo, L50|100/100
|move|p2a: Pelipper|Protect|p2a: Pelipper
|-singleturn|p2a: Pelipper|Protect
|move|p2b: Annihilape|Final Gambit|p1b: Gholdengo
|-immune|p1b: Gholdengo
|move|p1a: Kilowattrel|Volt Switch|p2a: Pelipper
|-activate|p2a: Pelipper|move: Protect
|
|-weather|RainDance|[upkeep]
|upkeep
|turn|2
|inactive|sedrav has 30 seconds left.
|
|t:|1757040056
|switch|p2b: Incineroar|Incineroar, L50, F|100/100
|-ability|p2b: Incineroar|Intimidate|boost
|-unboost|p1a: Kilowattrel|atk|1
|-ability|p1a: Kilowattrel|Competitive|boost
|-boost|p1a: Kilowattrel|spa|2
|-unboost|p1b: Gholdengo|atk|1
|switch|p2a: Archaludon|Archaludon, L50, F|100/100
|move|p1a: Kilowattrel|Volt Switch|p2a: Archaludon
|-resisted|p2a: Archaludon
|-damage|p2a: Archaludon|79/100
|-ability|p2a: Archaludon|Stamina|boost
|-boost|p2a: Archaludon|def|1
|inactive|sedrav has 30 seconds left.
|
|t:|1757040085
|switch|p1a: Garchomp|Garchomp, L50, M|100/100|[from] Volt Switch
|move|p1b: Gholdengo|Nasty Plot|p1b: Gholdengo
|-boost|p1b: Gholdengo|spa|2
|
|-weather|RainDance|[upkeep]
|upkeep
|turn|3
|inactive|J.Arch has 30 seconds left.
|inactive|J.Arch has 20 seconds left.
|inactive|J.Arch has 15 seconds left.
|inactive|J.Arch has 10 seconds left.
|
|t:|1757040135
|switch|p1a: Tyranitar|Tyranitar, L50, F|100/100
|-weather|Sandstorm|[from] ability: Sand Stream|[of] p1a: Tyranitar
|move|p1b: Gholdengo|Protect|p1b: Gholdengo
|-singleturn|p1b: Gholdengo|Protect
|move|p2a: Archaludon|Body Press|p1a: Tyranitar
|-supereffective|p1a: Tyranitar
|-damage|p1a: Tyranitar|0 fnt
|faint|p1a: Tyranitar
|move|p2b: Incineroar|Knock Off|p1b: Gholdengo
|-activate|p1b: Gholdengo|move: Protect
|
|-weather|Sandstorm|[upkeep]
|-damage|p2b: Incineroar|95/100|[from] Sandstorm
|upkeep
|
|t:|1757040153
|switch|p1a: Garchomp|Garchomp, L50, M|100/100
|turn|4
|
|t:|1757040177
|switch|p2b: Pelipper|Pelipper, L50, M|100/100
|-weather|RainDance|[from] ability: Drizzle|[of] p2b: Pelipper
|-terastallize|p1b: Gholdengo|Flying
|move|p1a: Garchomp|Earthquake|p2a: Archaludon|[spread] p2a
|-immune|p1b: Gholdengo
|-immune|p2b: Pelipper
|-supereffective|p2a: Archaludon
|-damage|p2a: Archaludon|32/100
|-ability|p2a: Archaludon|Stamina|boost
|-boost|p2a: Archaludon|def|1
|-damage|p1a: Garchomp|91/100|[from] item: Life Orb
|move|p1b: Gholdengo|Make It Rain|p2a: Archaludon|[spread] p2a,p2b
|-resisted|p2a: Archaludon
|-resisted|p2b: Pelipper
|-damage|p2a: Archaludon|0 fnt
|-damage|p2b: Pelipper|20/100
|-unboost|p1b: Gholdengo|spa|1
|faint|p2a: Archaludon
|
|-weather|RainDance|[upkeep]
|upkeep
|
|t:|1757040200
|switch|p2a: Incineroar|Incineroar, L50, F|95/100
|-ability|p2a: Incineroar|Intimidate|boost
|-unboost|p1a: Garchomp|atk|1
|-unboost|p1b: Gholdengo|atk|1
|turn|5
|
|t:|1757040220
|move|p2a: Incineroar|Fake Out|p1a: Garchomp
|-damage|p1a: Garchomp|79/100
|-damage|p2a: Incineroar|82/100|[from] ability: Rough Skin|[of] p1a: Garchomp
|cant|p1a: Garchomp|flinch
|move|p1b: Gholdengo|Make It Rain|p2a: Incineroar|[spread] p2a,p2b
|-resisted|p2a: Incineroar
|-resisted|p2b: Pelipper
|-damage|p2a: Incineroar|47/100
|-damage|p2b: Pelipper|0 fnt
|-unboost|p1b: Gholdengo|spa|1
|-enditem|p2a: Incineroar|Sitrus Berry|[eat]
|-heal|p2a: Incineroar|71/100|[from] item: Sitrus Berry
|faint|p2b: Pelipper
|
|-weather|RainDance|[upkeep]
|upkeep
|
|t:|1757040237
|switch|p2b: Annihilape|Annihilape, L50, F|100/100
|turn|6
|inactive|sedrav has 30 seconds left.
|inactive|J.Arch has 30 seconds left.
|inactive|J.Arch has 20 seconds left.
|
|t:|1757040276
|switch|p1a: Kilowattrel|Kilowattrel, L50, M|100/100
|-terastallize|p2a: Incineroar|Water
|move|p2b: Annihilape|Rage Fist|p1b: Gholdengo
|-crit|p1b: Gholdengo
|-damage|p1b: Gholdengo|61/100
|move|p1b: Gholdengo|Nasty Plot|p1b: Gholdengo
|-boost|p1b: Gholdengo|spa|2
|move|p2a: Incineroar|Knock Off|p1a: Kilowattrel
|-damage|p1a: Kilowattrel|25/100
|-enditem|p1a: Kilowattrel|Focus Sash|[from] move: Knock Off|[of] p2a: Incineroar
|
|-weather|RainDance|[upkeep]
|upkeep
|turn|7
|inactive|sedrav has 30 seconds left.
|inactive|J.Arch has 30 seconds left.
|inactive|sedrav has 20 seconds left.
|inactive|sedrav has 15 seconds left.
|inactive|sedrav has 10 seconds left.
|inactive|sedrav has 5 seconds left.
|
|t:|1757040328
|move|p2b: Annihilape|Rage Fist|p1a: Kilowattrel
|-damage|p1a: Kilowattrel|0 fnt
|faint|p1a: Kilowattrel
|move|p1b: Gholdengo|Shadow Ball|p2b: Annihilape
|-supereffective|p2b: Annihilape
|-damage|p2b: Annihilape|0 fnt
|faint|p2b: Annihilape
|move|p2a: Incineroar|Knock Off|p1b: Gholdengo
|-damage|p1b: Gholdengo|14/100
|-enditem|p1b: Gholdengo|Metal Coat|[from] move: Knock Off|[of] p2a: Incineroar
|
|-weather|RainDance|[upkeep]
|upkeep
|
|t:|1757040339
|switch|p1a: Garchomp|Garchomp, L50, M|79/100
|turn|8
|
|t:|1757040350
|move|p1a: Garchomp|Dragon Claw|p2a: Incineroar
|-damage|p2a: Incineroar|22/100
|-damage|p1a: Garchomp|69/100|[from] item: Life Orb
|move|p1b: Gholdengo|Shadow Ball|p2a: Incineroar
|-damage|p2a: Incineroar|0 fnt
|faint|p2a: Incineroar
|
|win|sedrav
|raw|sedrav's rating: 1177 → 1201(+24 for winning)
|raw|J.Arch's rating: 1165 → 1141(-24 for losing)
