|j|☆SideB33563356
|j|☆WrathofSharath
|html|SideB33563356WrathofSharath    
|uhtml|bestof|Game 2 of a best-of-3
|t:|1784170226
|gametype|doubles
|player|p1|SideB33563356|1|
|player|p2|WrathofSharath|alder|
|gen|9
|tier|[Gen 9 Champions] VGC 2026 Reg M-B (Bo3)
|rule|Species Clause: Limit one of each Pokémon
|rule|Item Clause: Limit 1 of each item
|clearpoke
|poke|p1|Metagross, L50|
|poke|p1|Talonflame, L50, F|
|poke|p1|Basculegion, L50, M|
|poke|p1|Kingambit, L50, M|
|poke|p1|Hydreigon, L50, F|
|poke|p1|Ninetales-Alola, L50, F|
|poke|p2|Gholdengo, L50, shiny|
|poke|p2|Floette-Eternal, L50, F|
|poke|p2|Sneasler, L50, F, shiny|
|poke|p2|Garchomp, L50, F|
|poke|p2|Incineroar, L50, M, shiny|
|poke|p2|Talonflame, L50, F, shiny|
|teampreview|4
|showteam|p1|Metagross||Metagrossite|ClearBody|MeteorMash,PsychicFangs,BulletPunch,Protect|Jolly|||||50|]Talonflame||SharpBeak|GaleWings|BraveBird,WillOWisp,Tailwind,Protect|Jolly||F|||50|]Basculegion||LifeOrb|Adaptability|WaveCrash,LastRespects,AquaJet,Protect|Jolly||M|||50|]Kingambit||BlackGlasses|Defiant|KowtowCleave,LowKick,SuckerPunch,Protect|Adamant||M|||50|]Hydreigon||ChoiceScarf|Levitate|DarkPulse,DracoMeteor,Snarl,EarthPower|Modest||F|||50|]Ninetales-Alola||FocusSash|SnowWarning|Blizzard,FreezeDry,Encore,Protect|Timid||F|||50|
|showteam|p2|Gholdengo||ChoiceScarf|GoodasGold|MakeItRain,ShadowBall,Thunderbolt,Psychic|Modest|||||50|]Floette-Eternal||Floettite|FlowerVeil|Moonblast,DazzlingGleam,CalmMind,Protect|Timid||F|||50|]Sneasler||WhiteHerb|Unburden|DireClaw,FakeOut,Protect,CloseCombat|Adamant||F|||50|]Garchomp||LifeOrb|RoughSkin|Protect,Earthquake,DragonClaw,RockSlide|Jolly||F|||50|]Incineroar||SitrusBerry|Intimidate|FakeOut,FlareBlitz,ThroatChop,Protect|Adamant||M|||50|]Talonflame||SharpBeak|GaleWings|BraveBird,Tailwind,SunnyDay,Taunt|Jolly||F|||50|
|
|t:|1784170286
|teamsize|p1|4
|teamsize|p2|4
|start
|switch|p1a: knickswinthechip!|Hydreigon, L50, F|100/100
|switch|p1b: Wave Crash My Wife|Basculegion, L50, M|100/100
|switch|p2a: Uzbek Messi|Talonflame, L50, F, shiny|100/100
|switch|p2b: Ronaldo|Sneasler, L50, F, shiny|100/100
|turn|1
|
|t:|1784170333
|move|p2b: Ronaldo|Protect|p2b: Ronaldo
|-singleturn|p2b: Ronaldo|Protect
|move|p2a: Uzbek Messi|Tailwind|p2a: Uzbek Messi
|-sidestart|p2: WrathofSharath|move: Tailwind
|move|p1b: Wave Crash My Wife|Aqua Jet|p2a: Uzbek Messi
|-supereffective|p2a: Uzbek Messi|1
|-damage|p2a: Uzbek Messi|12/100
|-damage|p1b: Wave Crash My Wife|90/100|[from] item: Life Orb
|move|p1a: knickswinthechip!|Draco Meteor|p2b: Ronaldo
|-activate|p2b: Ronaldo|move: Protect
|
|upkeep
|turn|2
|
|t:|1784170373
|switch|p1a: Computah|Metagross, L50|100/100
|move|p2a: Uzbek Messi|Brave Bird|p1b: Wave Crash My Wife
|-damage|p1b: Wave Crash My Wife|39/100
|-damage|p2a: Uzbek Messi|0 fnt|[from] Recoil
|faint|p2a: Uzbek Messi
|move|p2b: Ronaldo|Close Combat|p1a: Computah
|-damage|p1a: Computah|42/100
|-unboost|p2b: Ronaldo|def|1
|-unboost|p2b: Ronaldo|spd|1
|-enditem|p2b: Ronaldo|White Herb
|-clearnegativeboost|p2b: Ronaldo|[silent]
|move|p1b: Wave Crash My Wife|Wave Crash|p2b: Ronaldo
|-damage|p2b: Ronaldo|0 fnt
|faint|p2b: Ronaldo
|-damage|p1b: Wave Crash My Wife|13/100|[from] Recoil
|-damage|p1b: Wave Crash My Wife|3/100|[from] item: Life Orb
|
|upkeep
|
|t:|1784170393
|switch|p2a: The Dictator|Gholdengo, L50, shiny|100/100
|switch|p2b: Hey Jude|Garchomp, L50, F|100/100
|turn|3
|
|t:|1784170412
|detailschange|p1a: Computah|Metagross-Mega, L50
|-mega|p1a: Computah|Metagross|Metagrossite
|move|p1a: Computah|Protect|p1a: Computah
|-singleturn|p1a: Computah|Protect
|move|p1b: Wave Crash My Wife|Protect|p1b: Wave Crash My Wife
|-singleturn|p1b: Wave Crash My Wife|Protect
|move|p2a: The Dictator|Make It Rain|p1b: Wave Crash My Wife|[spread] 
|-activate|p1a: Computah|move: Protect
|-activate|p1b: Wave Crash My Wife|move: Protect
|move|p2b: Hey Jude|Dragon Claw|p1a: Computah
|-activate|p1a: Computah|move: Protect
|
|upkeep
|turn|4
|
|t:|1784170450
|move|p1a: Computah|Bullet Punch|p2a: The Dictator
|-resisted|p2a: The Dictator|1
|-damage|p2a: The Dictator|84/100
|move|p1b: Wave Crash My Wife|Aqua Jet|p2a: The Dictator
|-damage|p2a: The Dictator|42/100
|-damage|p1b: Wave Crash My Wife|0 fnt|[from] item: Life Orb
|faint|p1b: Wave Crash My Wife
|move|p2a: The Dictator|Make It Rain|p1a: Computah
|-resisted|p1a: Computah|1
|-damage|p1a: Computah|6/100
|-unboost|p2a: The Dictator|spa|2
|move|p2b: Hey Jude|Dragon Claw|p1a: Computah
|-resisted|p1a: Computah|1
|-damage|p1a: Computah|0 fnt
|faint|p1a: Computah
|-damage|p2b: Hey Jude|90/100|[from] item: Life Orb
|
|-sideend|p2: WrathofSharath|move: Tailwind
|upkeep
|
|t:|1784170461
|switch|p1a: knickswinthechip!|Hydreigon, L50, F|100/100
|switch|p1b: Texas Power Crisis|Ninetales-Alola, L50, F|100/100
|-weather|Snowscape|[from] ability: Snow Warning|[of] p1b: Texas Power Crisis
|turn|5
|
|t:|1784170480
|move|p1a: knickswinthechip!|Dark Pulse|p2a: The Dictator
|-supereffective|p2a: The Dictator|1
|-damage|p2a: The Dictator|0 fnt
|faint|p2a: The Dictator
|move|p1b: Texas Power Crisis|Blizzard|p2b: Hey Jude
|-supereffective|p2b: Hey Jude|2
|-damage|p2b: Hey Jude|0 fnt
|faint|p2b: Hey Jude
|
|win|SideB33563356
