|j|☆Quill86
|j|☆ParroTiest
|html|Quill86ParroTiest    
|uhtml|bestof|Game 2 of a best-of-3
|t:|1756435702
|gametype|doubles
|player|p1|Quill86|lucas|1256
|player|p2|ParroTiest|266|1124
|gen|9
|tier|[Gen 9] VGC 2025 Reg H (Bo3)
|rated|
|rule|Species Clause: Limit one of each Pokémon
|rule|Item Clause: Limit 1 of each item
|clearpoke
|poke|p1|Indeedee-F, L50, F|
|poke|p1|Gallade, L50, M|
|poke|p1|Torkoal, L50, F|
|poke|p1|Ursaluna, L50, M|
|poke|p1|Hatterene, L50, F|
|poke|p1|Smeargle, L50, M|
|poke|p2|Grimmsnarl, L50, M|
|poke|p2|Ursaluna-Bloodmoon, L50, M|
|poke|p2|Farigiraf, L50, F|
|poke|p2|Gholdengo, L50|
|poke|p2|Rillaboom, L50, M|
|poke|p2|Volcarona, L50, F|
|teampreview|4
|showteam|p1|Indeedee-F||PsychicSeed|PsychicSurge|FollowMe,TrickRoom,HelpingHand,DazzlingGleam|||F|||50|,,,,,Fairy]Gallade||ClearAmulet|Sharpness|SacredSword,PsychoCut,WideGuard,TrickRoom|||M|||50|,,,,,Grass]Torkoal||ChoiceSpecs|Drought|Eruption,WeatherBall,EarthPower,HeatWave|||F|||50|,,,,,Fire]Ursaluna||FlameOrb|Guts|Protect,HeadlongRush,Facade,Earthquake|||M|||50|,,,,,Ghost]Hatterene||LifeOrb|MagicBounce|DazzlingGleam,ExpandingForce,MysticalFire,TrickRoom|||F|||50|,,,,,Fire]Smeargle||FocusSash|Moody|FakeOut,Spore,Decorate,FollowMe|||M|||50|,,,,,Ghost
|showteam|p2|Grimmsnarl||LightClay|Prankster|Reflect,LightScreen,SpiritBreak,Taunt|||M|||50|,,,,,Ghost]Ursaluna-Bloodmoon||LifeOrb|MindsEye|BloodMoon,HyperVoice,EarthPower,Protect|||M|||50|,,,,,Normal]Farigiraf||ThroatSpray|ArmorTail|HyperVoice,Psychic,TrickRoom,Protect|||F|||50|,,,,,Fairy]Gholdengo||ChoiceSpecs|GoodasGold|MakeItRain,ShadowBall,PowerGem,Trick||||||50|,,,,,Water]Rillaboom||AssaultVest|GrassySurge|FakeOut,WoodHammer,GrassyGlide,Uturn|||M|||50|,,,,,Fire]Volcarona||Leftovers|FlameBody|QuiverDance,HeatWave,GigaDrain,Protect|||F|||50|,,,,,Grass
|inactive|Battle timer is ON: inactive players will automatically lose when time's up. (requested by ParroTiest)
|
|t:|1756435711
|teamsize|p1|4
|teamsize|p2|4
|start
|switch|p1a: Indeedee|Indeedee-F, L50, F|100/100
|switch|p1b: Gallade|Gallade, L50, M|100/100
|switch|p2a: gremlin|Grimmsnarl, L50, M, shiny|100/100
|switch|p2b: instakill button|Ursaluna-Bloodmoon, L50, M|100/100
|-fieldstart|move: Psychic Terrain|[from] ability: Psychic Surge|[of] p1a: Indeedee
|-enditem|p1a: Indeedee|Psychic Seed
|-boost|p1a: Indeedee|spd|1|[from] item: Psychic Seed
|turn|1
|
|t:|1756435733
|switch|p2b: monke|Rillaboom, L50, M|100/100
|-fieldstart|move: Grassy Terrain|[from] ability: Grassy Surge|[of] p2b: monke
|move|p2a: gremlin|Taunt|p1a: Indeedee
|-start|p1a: Indeedee|move: Taunt
|move|p1b: Gallade|Sacred Sword|p2b: monke
|-damage|p2b: monke|27/100
|cant|p1a: Indeedee|move: Taunt|Trick Room
|
|-heal|p2b: monke|33/100|[from] Grassy Terrain
|upkeep
|turn|2
|
|t:|1756435753
|switch|p1a: Hatterene|Hatterene, L50, F|100/100
|move|p2a: gremlin|Taunt|p1b: Gallade
|-start|p1b: Gallade|move: Taunt
|move|p2b: monke|U-turn|p1a: Hatterene
|-damage|p1a: Hatterene|77/100
|
|t:|1756435761
|switch|p2b: setup kill button|Volcarona, L50, F|100/100|[from] U-turn
|move|p1b: Gallade|Sacred Sword|p2b: setup kill button
|-resisted|p2b: setup kill button
|-damage|p2b: setup kill button|51/100
|-status|p1b: Gallade|brn|[from] ability: Flame Body|[of] p2b: setup kill button
|
|-heal|p2b: setup kill button|57/100|[from] Grassy Terrain
|-heal|p2b: setup kill button|63/100|[from] item: Leftovers
|-heal|p1a: Hatterene|83/100|[from] Grassy Terrain
|-damage|p1b: Gallade|95/100 brn|[from] brn
|upkeep
|turn|3
|
|t:|1756435781
|switch|p1b: Torkoal|Torkoal, L50, F|100/100
|-weather|SunnyDay|[from] ability: Drought|[of] p1b: Torkoal
|-terastallize|p1a: Hatterene|Fire
|move|p2a: gremlin|Light Screen|p2a: gremlin
|-sidestart|p2: ParroTiest|move: Light Screen
|move|p2b: setup kill button|Quiver Dance|p2b: setup kill button
|-boost|p2b: setup kill button|spa|1
|-boost|p2b: setup kill button|spd|1
|-boost|p2b: setup kill button|spe|1
|move|p1a: Hatterene|Trick Room|p1a: Hatterene
|-fieldstart|move: Trick Room|[of] p1a: Hatterene
|
|-weather|SunnyDay|[upkeep]
|-heal|p1a: Hatterene|89/100|[from] Grassy Terrain
|-heal|p2b: setup kill button|69/100|[from] Grassy Terrain
|-heal|p2b: setup kill button|74/100|[from] item: Leftovers
|upkeep
|turn|4
|inactive|ParroTiest has 30 seconds left.
|inactive|ParroTiest has 20 seconds left.
|
|t:|1756435818
|move|p2b: setup kill button|Protect|p2b: setup kill button
|-singleturn|p2b: setup kill button|Protect
|move|p1b: Torkoal|Eruption|p2b: setup kill button|[spread] p2a
|-activate|p2b: setup kill button|move: Protect
|-damage|p2a: gremlin|30/100
|move|p1a: Hatterene|Expanding Force|p2b: setup kill button
|-activate|p2b: setup kill button|move: Protect
|move|p2a: gremlin|Spirit Break|p1b: Torkoal
|-resisted|p1b: Torkoal
|-damage|p1b: Torkoal|90/100
|-unboost|p1b: Torkoal|spa|1
|
|-weather|SunnyDay|[upkeep]
|-heal|p1b: Torkoal|96/100|[from] Grassy Terrain
|-heal|p1a: Hatterene|95/100|[from] Grassy Terrain
|-heal|p2a: gremlin|36/100|[from] Grassy Terrain
|-heal|p2b: setup kill button|80/100|[from] Grassy Terrain
|-heal|p2b: setup kill button|86/100|[from] item: Leftovers
|upkeep
|turn|5
|
|t:|1756435840
|move|p1b: Torkoal|Eruption|p2b: setup kill button|[spread] p2a,p2b
|-damage|p2a: gremlin|0 fnt
|-damage|p2b: setup kill button|53/100
|faint|p2a: gremlin
|move|p1a: Hatterene|Expanding Force|p2b: setup kill button
|-damage|p2b: setup kill button|24/100
|-damage|p1a: Hatterene|85/100|[from] item: Life Orb
|move|p2b: setup kill button|Heat Wave|p1a: Hatterene|[spread] p1a,p1b
|-resisted|p1a: Hatterene
|-resisted|p1b: Torkoal
|-damage|p1a: Hatterene|39/100
|-damage|p1b: Torkoal|43/100
|
|-weather|SunnyDay|[upkeep]
|-heal|p1b: Torkoal|50/100|[from] Grassy Terrain
|-heal|p1a: Hatterene|45/100|[from] Grassy Terrain
|-heal|p2b: setup kill button|30/100|[from] Grassy Terrain
|-heal|p2b: setup kill button|36/100|[from] item: Leftovers
|-fieldend|move: Grassy Terrain
|upkeep
|
|t:|1756435849
|switch|p2a: monke|Rillaboom, L50, M|33/100
|-fieldstart|move: Grassy Terrain|[from] ability: Grassy Surge|[of] p2a: monke
|turn|6
|inactive|ParroTiest has 30 seconds left.
|
|t:|1756435875
|switch|p1b: Indeedee|Indeedee-F, L50, F|100/100
|-fieldstart|move: Psychic Terrain|[from] ability: Psychic Surge|[of] p1b: Indeedee
|-terastallize|p2a: monke|Fire
|move|p1a: Hatterene|Expanding Force|p2a: monke|[spread] p2a,p2b
|-damage|p2a: monke|0 fnt
|-damage|p2b: setup kill button|0 fnt
|faint|p2a: monke
|faint|p2b: setup kill button
|-damage|p1a: Hatterene|35/100|[from] item: Life Orb
|
|-weather|SunnyDay|[upkeep]
|upkeep
|
|t:|1756435883
|switch|p2b: instakill button|Ursaluna-Bloodmoon, L50, M|100/100
|turn|7
|
|t:|1756435890
|move|p2b: instakill button|Protect|p2b: instakill button
|-singleturn|p2b: instakill button|Protect
|move|p1a: Hatterene|Expanding Force|p2b: instakill button
|-activate|p2b: instakill button|move: Protect
|move|p1b: Indeedee|Dazzling Gleam|p2b: instakill button
|-activate|p2b: instakill button|move: Protect
|
|-weather|none
|-fieldend|move: Trick Room
|upkeep
|turn|8
|
|t:|1756435894
|move|p2b: instakill button|Hyper Voice|p1b: Indeedee|[spread] p1a,p1b
|-damage|p1a: Hatterene|0 fnt
|-damage|p1b: Indeedee|52/100
|faint|p1a: Hatterene
|-damage|p2b: instakill button|90/100|[from] item: Life Orb
|move|p1b: Indeedee|Trick Room|p1b: Indeedee
|-fieldstart|move: Trick Room|[of] p1b: Indeedee
|
|upkeep
|
|t:|1756435897
|switch|p1a: Gallade|Gallade, L50, M|95/100 brn
|turn|9
|
|t:|1756435913
|move|p1b: Indeedee|Helping Hand|p1a: Gallade
|-singleturn|p1a: Gallade|Helping Hand|[of] p1b: Indeedee
|move|p1a: Gallade|Sacred Sword|p2b: instakill button
|-supereffective|p2b: instakill button
|-damage|p2b: instakill button|6/100
|move|p2b: instakill button|Hyper Voice|p1a: Gallade|[spread] p1a,p1b
|-damage|p1a: Gallade|48/100 brn
|-damage|p1b: Indeedee|1/100
|-damage|p2b: instakill button|0 fnt|[from] item: Life Orb
|faint|p2b: instakill button
|
|win|Quill86
|raw|Quill86's rating: 1256 → 1272(+16 for winning)
|raw|ParroTiest's rating: 1124 → 1108(-16 for losing)
|l|☆ParroTiest
|player|p2|
