|j|☆yooLucass
|j|☆eggchamp49
|html|yooLucasseggchamp49    
|uhtml|bestof|Game 2 of a best-of-3
|t:|1782679556
|gametype|doubles
|player|p1|yooLucass|drayden|
|player|p2|eggchamp49|ghetsis|
|gen|9
|tier|[Gen 9 Champions] VGC 2026 Reg M-B (Bo3)
|rule|Species Clause: Limit one of each Pokémon
|rule|Item Clause: Limit 1 of each item
|clearpoke
|poke|p1|Swampert, L50, M|
|poke|p1|Pelipper, L50, M|
|poke|p1|Archaludon, L50, F|
|poke|p1|Venusaur, L50, F|
|poke|p1|Grimmsnarl, L50, M|
|poke|p1|Basculegion, L50, M|
|poke|p2|Swampert, L50, M|
|poke|p2|Metagross, L50|
|poke|p2|Archaludon, L50, M|
|poke|p2|Pelipper, L50, F|
|poke|p2|Grimmsnarl, L50, M|
|poke|p2|Sinistcha, L50|
|teampreview|4
|showteam|p1|Swampert||Swampertite|Damp|WaveCrash,Earthquake,RockSlide,Protect|Adamant||M|||50|]Pelipper||FocusSash|Drizzle|Hurricane,Tailwind,Protect,WeatherBall|Timid||M|||50|]Archaludon||Leftovers|Stamina|ElectroShot,FlashCannon,Protect,DragonPulse|Modest||F|||50|]Venusaur||Venusaurite|Chlorophyll|GigaDrain,EarthPower,SludgeBomb,Protect|Modest||F|||50|]Grimmsnarl||LightClay|Prankster|PartingShot,LightScreen,Reflect,SpiritBreak|Careful||M|||50|]Basculegion||ChoiceScarf|Adaptability|AquaJet,PsychicFangs,WaveCrash,LastRespects|Jolly||M|||50|
|showteam|p2|Swampert||Swampertite|Damp|WaveCrash,Earthquake,IcePunch,Protect|Adamant||M|||50|]Metagross||Metagrossite|ClearBody|PsychicFangs,IronHead,StompingTantrum,Protect|Jolly|||||50|]Archaludon||Leftovers|Stamina|ElectroShot,FlashCannon,DragonPulse,Protect|Modest||M|||50|]Pelipper||SitrusBerry|Drizzle|WeatherBall,Hurricane,Tailwind,WideGuard|Modest||F|||50|]Grimmsnarl||LightClay|Prankster|LightScreen,Reflect,FakeOut,PartingShot|Careful||M|||50|]Sinistcha||ColburBerry|Hospitality|RagePowder,MatchaGotcha,LifeDew,TrickRoom|Relaxed|||||50|
|
|t:|1782679633
|teamsize|p1|4
|teamsize|p2|4
|start
|switch|p1a: Swampert|Swampert, L50, M|100/100
|switch|p1b: Pelipper|Pelipper, L50, M|100/100
|switch|p2a: Swampert|Swampert, L50, M|100/100
|switch|p2b: Pelipper|Pelipper, L50, F|100/100
|-weather|RainDance|[from] ability: Drizzle|[of] p1b: Pelipper
|turn|1
|
|t:|1782679671
|switch|p1a: Grimmsnarl|Grimmsnarl, L50, M|100/100
|detailschange|p2a: Swampert|Swampert-Mega, L50, M
|-mega|p2a: Swampert|Swampert|Swampertite
|move|p2a: Swampert|Protect|p2a: Swampert
|-singleturn|p2a: Swampert|Protect
|move|p1b: Pelipper|Tailwind|p1b: Pelipper
|-sidestart|p1: yooLucass|move: Tailwind
|move|p2b: Pelipper|Tailwind|p2b: Pelipper
|-sidestart|p2: eggchamp49|move: Tailwind
|
|-weather|RainDance|[upkeep]
|upkeep
|turn|2
|
|t:|1782679698
|move|p1b: Pelipper|Protect|p1b: Pelipper
|-singleturn|p1b: Pelipper|Protect
|move|p1a: Grimmsnarl|Reflect|p1a: Grimmsnarl
|-sidestart|p1: yooLucass|Reflect
|move|p2a: Swampert|Wave Crash|p1a: Grimmsnarl
|-damage|p1a: Grimmsnarl|27/100
|-damage|p2a: Swampert|74/100|[from] Recoil
|move|p2b: Pelipper|Weather Ball|p1a: Grimmsnarl
|-damage|p1a: Grimmsnarl|0 fnt
|faint|p1a: Grimmsnarl
|
|-weather|RainDance|[upkeep]
|upkeep
|
|t:|1782679708
|switch|p1a: Swampert|Swampert, L50, M|100/100
|turn|3
|
|t:|1782679731
|move|p2a: Swampert|Protect|p2a: Swampert
|-singleturn|p2a: Swampert|Protect
|move|p1a: Swampert|Protect|p1a: Swampert
|-singleturn|p1a: Swampert|Protect
|move|p1b: Pelipper|Hurricane|p2a: Swampert
|-activate|p2a: Swampert|move: Protect
|move|p2b: Pelipper|Weather Ball|p1a: Swampert
|-activate|p1a: Swampert|move: Protect
|
|-weather|RainDance|[upkeep]
|upkeep
|turn|4
|
|t:|1782679752
|detailschange|p1a: Swampert|Swampert-Mega, L50, M
|-mega|p1a: Swampert|Swampert|Swampertite
|move|p1a: Swampert|Rock Slide|p2a: Swampert|[spread] p2a,p2b
|-resisted|p2a: Swampert|1
|-supereffective|p2b: Pelipper|1
|-damage|p2a: Swampert|64/100
|-damage|p2b: Pelipper|44/100
|-enditem|p2b: Pelipper|Sitrus Berry|[eat]
|-heal|p2b: Pelipper|69/100|[from] item: Sitrus Berry
|move|p2a: Swampert|Wave Crash|p1a: Swampert
|-damage|p1a: Swampert|32/100
|-damage|p2a: Swampert|43/100|[from] Recoil
|move|p1b: Pelipper|Hurricane|p2a: Swampert
|-damage|p2a: Swampert|2/100
|move|p2b: Pelipper|Weather Ball|p1a: Swampert
|-damage|p1a: Swampert|0 fnt
|faint|p1a: Swampert
|
|-weather|RainDance|[upkeep]
|-sideend|p1: yooLucass|move: Tailwind
|-sideend|p2: eggchamp49|move: Tailwind
|upkeep
|
|t:|1782679767
|switch|p1a: Basculegion|Basculegion, L50, M|100/100
|turn|5
|
|t:|1782679801
|switch|p2b: Sinistcha|Sinistcha, L50|100/100
|-heal|p2a: Swampert|27/100|[from] ability: Hospitality|[of] p2b: Sinistcha
|move|p2a: Swampert|Protect|p2a: Swampert
|-singleturn|p2a: Swampert|Protect
|move|p1a: Basculegion|Last Respects|p2a: Swampert
|-activate|p2a: Swampert|move: Protect
|move|p1b: Pelipper|Hurricane|p2b: Sinistcha
|-supereffective|p2b: Sinistcha|1
|-damage|p2b: Sinistcha|12/100
|
|-weather|none
|upkeep
|turn|6
|
|t:|1782679831
|switch|p2b: Pelipper|Pelipper, L50, F|69/100
|-weather|RainDance|[from] ability: Drizzle|[of] p2b: Pelipper
|move|p2a: Swampert|Earthquake|p1a: Basculegion|[spread] p1a
|-immune|p2b: Pelipper
|-immune|p1b: Pelipper
|-damage|p1a: Basculegion|65/100
|move|p1a: Basculegion|Last Respects|p2a: Swampert
|-damage|p2a: Swampert|0 fnt
|faint|p2a: Swampert
|move|p1b: Pelipper|Hurricane|p2b: Pelipper
|-damage|p2b: Pelipper|14/100
|
|-weather|RainDance|[upkeep]
|upkeep
|
|t:|1782679845
|switch|p2a: Archaludon|Archaludon, L50, M|100/100
|turn|7
|
|t:|1782679862
|move|p1a: Basculegion|Last Respects|p2a: Archaludon
|-damage|p2a: Archaludon|38/100
|-ability|p2a: Archaludon|Stamina|boost
|-boost|p2a: Archaludon|def|1
|move|p1b: Pelipper|Hurricane|p2a: Archaludon
|-resisted|p2a: Archaludon|1
|-damage|p2a: Archaludon|16/100
|-start|p2a: Archaludon|confusion
|-ability|p2a: Archaludon|Stamina|boost
|-boost|p2a: Archaludon|def|1
|-activate|p2a: Archaludon|confusion
|-damage|p2a: Archaludon|13/100|[from] confusion
|move|p2b: Pelipper|Tailwind|p2b: Pelipper
|-sidestart|p2: eggchamp49|move: Tailwind
|
|-weather|RainDance|[upkeep]
|-heal|p2a: Archaludon|19/100|[from] item: Leftovers
|upkeep
|turn|8
|
|t:|1782679892
|-activate|p2a: Archaludon|confusion
|move|p2a: Archaludon|Electro Shot||[still]
|-prepare|p2a: Archaludon|Electro Shot
|-boost|p2a: Archaludon|spa|1
|-anim|p2a: Archaludon|Electro Shot|p1a: Basculegion
|-supereffective|p1a: Basculegion|1
|-damage|p1a: Basculegion|0 fnt
|faint|p1a: Basculegion
|move|p2b: Pelipper|Hurricane|p1b: Pelipper
|-damage|p1b: Pelipper|22/100
|move|p1b: Pelipper|Hurricane|p2b: Pelipper
|-damage|p2b: Pelipper|0 fnt
|faint|p2b: Pelipper
|
|-weather|RainDance|[upkeep]
|-heal|p2a: Archaludon|25/100|[from] item: Leftovers
|upkeep
|
|t:|1782679906
|switch|p2b: Sinistcha|Sinistcha, L50|12/100
|-heal|p2a: Archaludon|50/100g|[from] ability: Hospitality|[of] p2b: Sinistcha
|turn|9
|
|t:|1782679912
|-end|p2a: Archaludon|confusion
|move|p2a: Archaludon|Electro Shot||[still]
|-prepare|p2a: Archaludon|Electro Shot
|-boost|p2a: Archaludon|spa|1
|-anim|p2a: Archaludon|Electro Shot|p1b: Pelipper
|-supereffective|p1b: Pelipper|2
|-damage|p1b: Pelipper|0 fnt
|faint|p1b: Pelipper
|
|win|eggchamp49
|c|☆eggchamp49|ggs!
|c|☆yooLucass|gg...
|l|☆yooLucass
|player|p1|
