|j|☆pom123123123
|j|☆is_katabo
|html|pom123123123is_katabo    
|uhtml|bestof|Game 1 of a best-of-3
|t:|1785822062
|gametype|doubles
|player|p1|pom123123123|wattson|1118
|player|p2|is_katabo|youngster-gen4dp|1280
|gen|9
|tier|[Gen 9 Champions] VGC 2026 Reg M-B (Bo3)
|rated|
|rule|Species Clause: Limit one of each Pokémon
|rule|Item Clause: Limit 1 of each item
|clearpoke
|poke|p1|Venusaur, L50, M|
|poke|p1|Charizard, L50, M|
|poke|p1|Grimmsnarl, L50, M|
|poke|p1|Archaludon, L50, F|
|poke|p1|Basculegion, L50, M|
|poke|p1|Pelipper, L50, F|
|poke|p2|Venusaur, L50, M|
|poke|p2|Charizard, L50, F|
|poke|p2|Incineroar, L50, M|
|poke|p2|Toxapex, L50, M|
|poke|p2|Dragapult, L50, F|
|poke|p2|Sylveon, L50, M|
|teampreview|4
|showteam|p1|Venusaur||FocusSash|Chlorophyll|SludgeBomb,EarthPower,SleepPowder,Protect|Modest||M|||50|]Charizard||CharizarditeY|Blaze|Protect,HeatWave,SolarBeam,WeatherBall|Modest||M|||50|]Grimmsnarl||LightClay|Prankster|SpiritBreak,LightScreen,Reflect,PartingShot|Sassy||M|||50|]Archaludon||Leftovers|Stamina|ElectroShot,DragonPulse,FlashCannon,Protect|Calm||F|||50|]Basculegion||ChoiceScarf|Adaptability|WaveCrash,LastRespects,AquaJet,FlipTurn|Jolly||M|||50|]Pelipper||SitrusBerry|Drizzle|Hurricane,WeatherBall,Tailwind,WideGuard|Modest||F|||50|
|showteam|p2|Venusaur||LifeOrb|Chlorophyll|LeafStorm,SludgeBomb,EarthPower,Protect|Modest||M|||50|]Charizard||CharizarditeY|Blaze|WeatherBall,HeatWave,HelpingHand,Protect|Modest||F|||50|]Incineroar||SitrusBerry|Intimidate|FakeOut,ThroatChop,FlareBlitz,PartingShot|Careful||M|||50|]Toxapex||Leftovers|Regenerator|Infestation,Toxic,WideGuard,BanefulBunker|Relaxed||M|||50|]Dragapult||FocusSash|ClearBody|DragonDarts,PhantomForce,DracoMeteor,Protect|Naive||F|||50|]Sylveon||FairyFeather|Pixilate|HyperVoice,HyperBeam,QuickAttack,Detect|Modest||M|||50|
|
|t:|1785822132
|teamsize|p1|4
|teamsize|p2|4
|start
|switch|p1a: Charizard|Charizard, L50, M|100/100
|switch|p1b: Venusaur|Venusaur, L50, M|100/100
|switch|p2a: Dragapult|Dragapult, L50, F|100/100
|switch|p2b: Sylveon|Sylveon, L50, M|100/100
|turn|1
|
|t:|1785822149
|detailschange|p1a: Charizard|Charizard-Mega-Y, L50, M
|-mega|p1a: Charizard|Charizard|Charizardite Y
|-weather|SunnyDay|[from] ability: Drought|[of] p1a: Charizard
|move|p1b: Venusaur|Sludge Bomb|p2b: Sylveon
|-supereffective|p2b: Sylveon|1
|-damage|p2b: Sylveon|27/100
|-status|p2b: Sylveon|psn
|move|p2a: Dragapult|Dragon Darts|p1b: Venusaur
|-damage|p1b: Venusaur|69/100
|-anim|p2a: Dragapult|Dragon Darts|p1a: Charizard
|-crit|p1a: Charizard
|-damage|p1a: Charizard|61/100
|move|p1a: Charizard|Heat Wave|p2a: Dragapult|[spread] p2a,p2b
|-resisted|p2a: Dragapult|1
|-damage|p2a: Dragapult|53/100
|-damage|p2b: Sylveon|0 fnt
|faint|p2b: Sylveon
|
|-weather|SunnyDay|[upkeep]
|upkeep
|
|t:|1785822187
|switch|p2b: Charizard|Charizard, L50, F|100/100
|turn|2
|
|t:|1785822211
|detailschange|p2b: Charizard|Charizard-Mega-Y, L50, F
|-mega|p2b: Charizard|Charizard|Charizardite Y
|move|p1a: Charizard|Protect|p1a: Charizard
|-singleturn|p1a: Charizard|Protect
|move|p1b: Venusaur|Earth Power|p2a: Dragapult
|-damage|p2a: Dragapult|12/100
|move|p2a: Dragapult|Phantom Force||[still]
|-prepare|p2a: Dragapult|Phantom Force
|move|p2b: Charizard|Heat Wave|p1b: Venusaur|[spread] p1b
|-activate|p1a: Charizard|move: Protect
|-supereffective|p1b: Venusaur|1
|-crit|p1b: Venusaur
|-damage|p1b: Venusaur|0 fnt
|faint|p1b: Venusaur
|
|-weather|SunnyDay|[upkeep]
|upkeep
|
|t:|1785822225
|switch|p1b: Basculegion|Basculegion, L50, M|100/100
|turn|3
|
|t:|1785822241
|switch|p1a: Pelipper|Pelipper, L50, F|100/100
|-weather|RainDance|[from] ability: Drizzle|[of] p1a: Pelipper
|switch|p2b: Venusaur|Venusaur, L50, M|100/100
|move|p2a: Dragapult|Phantom Force|p1b: Basculegion|[from] lockedmove
|-supereffective|p1b: Basculegion|1
|-damage|p1b: Basculegion|10/100
|move|p1b: Basculegion|Wave Crash|p2b: Venusaur
|-resisted|p2b: Venusaur|1
|-damage|p2b: Venusaur|32/100
|-damage|p1b: Basculegion|0 fnt|[from] Recoil
|faint|p1b: Basculegion
|
|-weather|RainDance|[upkeep]
|upkeep
|
|t:|1785822256
|switch|p1b: Charizard|Charizard-Mega-Y, L50, M|61/100
|-weather|SunnyDay|[from] ability: Drought|[of] p1b: Charizard
|turn|4
|
|t:|1785822285
|move|p1b: Charizard|Protect|p1b: Charizard
|-singleturn|p1b: Charizard|Protect
|move|p2b: Venusaur|Sludge Bomb|p1b: Charizard
|-activate|p1b: Charizard|move: Protect
|move|p2a: Dragapult|Phantom Force||[still]
|-prepare|p2a: Dragapult|Phantom Force
|move|p1a: Pelipper|Tailwind|p1a: Pelipper
|-sidestart|p1: pom123123123|move: Tailwind
|
|-weather|SunnyDay|[upkeep]
|upkeep
|turn|5
|
|t:|1785822298
|move|p1b: Charizard|Heat Wave|p2a: Dragapult|[spread] p2b
|-miss|p1b: Charizard|p2a: Dragapult
|-supereffective|p2b: Venusaur|1
|-damage|p2b: Venusaur|0 fnt
|faint|p2b: Venusaur
|move|p2a: Dragapult|Phantom Force|p1b: Charizard|[from] lockedmove
|-damage|p1b: Charizard|19/100
|move|p1a: Pelipper|Weather Ball|p2a: Dragapult
|-resisted|p2a: Dragapult|1
|-damage|p2a: Dragapult|0 fnt
|faint|p2a: Dragapult
|
|-weather|SunnyDay|[upkeep]
|upkeep
|
|t:|1785822302
|switch|p2b: Charizard|Charizard-Mega-Y, L50, F|100/100
|turn|6
|
|t:|1785822319
|move|p1a: Pelipper|Wide Guard|p1a: Pelipper
|-singleturn|p1a: Pelipper|Wide Guard
|move|p1b: Charizard|Weather Ball|p2b: Charizard
|-resisted|p2b: Charizard|1
|-damage|p2b: Charizard|60/100
|move|p2b: Charizard|Weather Ball|p1b: Charizard
|-resisted|p1b: Charizard|1
|-damage|p1b: Charizard|0 fnt
|faint|p1b: Charizard
|
|-weather|SunnyDay|[upkeep]
|upkeep
|turn|7
|
|t:|1785822333
|move|p1a: Pelipper|Weather Ball|p2b: Charizard
|-resisted|p2b: Charizard|1
|-damage|p2b: Charizard|40/100
|move|p2b: Charizard|Weather Ball|p1a: Pelipper
|-resisted|p1a: Pelipper|1
|-damage|p1a: Pelipper|40/100
|-enditem|p1a: Pelipper|Sitrus Berry|[eat]
|-heal|p1a: Pelipper|65/100|[from] item: Sitrus Berry
|
|-weather|SunnyDay|[upkeep]
|-sideend|p1: pom123123123|move: Tailwind
|upkeep
|turn|8
|
|t:|1785822349
|move|p2b: Charizard|Weather Ball|p1a: Pelipper
|-resisted|p1a: Pelipper|1
|-crit|p1a: Pelipper
|-damage|p1a: Pelipper|0 fnt
|faint|p1a: Pelipper
|
|win|is_katabo
||pom123123123 is ready for game 2.
|inactive|is_katabo has 30 seconds to confirm battle start!
||is_katabo is ready for game 2.
|uhtml|next|Next: Game 2 of 3
