|j|☆obalapv2
|j|☆Ev_Evan
|html|obalapv2Ev_Evan    
|uhtml|bestof|Game 1 of a best-of-3
|t:|1783587637
|gametype|doubles
|player|p1|obalapv2|266|1031
|player|p2|Ev_Evan|volkner|1095
|gen|9
|tier|[Gen 9 Champions] VGC 2026 Reg M-B (Bo3)
|rated|
|rule|Species Clause: Limit one of each Pokémon
|rule|Item Clause: Limit 1 of each item
|clearpoke
|poke|p1|Scrafty, L50, M|
|poke|p1|Grimmsnarl, L50, M|
|poke|p1|Sinistcha-Masterpiece, L50|
|poke|p1|Basculegion, L50, M|
|poke|p1|Pelipper, L50, M|
|poke|p1|Swampert, L50, F|
|poke|p2|Farigiraf, L50, M|
|poke|p2|Scrafty, L50, F|
|poke|p2|Torkoal, L50, M|
|poke|p2|Whimsicott, L50, F|
|poke|p2|Annihilape, L50, M|
|poke|p2|Delphox, L50, M|
|teampreview|4
|showteam|p1|Scrafty||Scraftinite|Intimidate|DrainPunch,Detect,SwordsDance,KnockOff|Adamant||M|||50|]Grimmsnarl||LightClay|Prankster|Reflect,LightScreen,FakeOut,SpiritBreak|Adamant||M|||50|]Sinistcha-Masterpiece||BrightPowder|Hospitality|TrickRoom,MatchaGotcha,ShadowBall,RagePowder|Quiet|||||50|]Basculegion||ChoiceScarf|Adaptability|WaveCrash,LastRespects,Liquidation,PhantomForce|Jolly||M|||50|]Pelipper||FocusSash|Drizzle|Hurricane,Tailwind,WeatherBall,WideGuard|Modest||M|||50|]Swampert||Swampertite|Damp|Waterfall,WaveCrash,Earthquake,FlipTurn|Adamant||F|||50|
|showteam|p2|Farigiraf||SitrusBerry|ArmorTail|TrickRoom,Psychic,HelpingHand,Roar|Sassy||M|||50|]Scrafty||Scraftinite|Intimidate|FakeOut,BulkUp,DrainPunch,KnockOff|Brave||F|||50|]Torkoal||Charcoal|Drought|Eruption,WeatherBall,EarthPower,Protect|Quiet||M|||50|]Whimsicott||FocusSash|Prankster|Tailwind,Encore,LightScreen,Moonblast|Bold||F|||50|]Annihilape||ChoiceScarf|Defiant|RockSlide,GunkShot,CloseCombat,ShadowClaw|Adamant||M|||50|]Delphox||Delphoxite|Blaze|HeatWave,Psyshock,NastyPlot,Protect|Timid||M|||50|
|inactive|Battle timer is ON: inactive players will automatically lose when time's up. (requested by Ev_Evan)
|
|t:|1783587662
|teamsize|p1|4
|teamsize|p2|4
|start
|switch|p1a: Swampert|Swampert, L50, F|100/100
|switch|p1b: Basculegion|Basculegion, L50, M|100/100
|switch|p2a: Annihilape|Annihilape, L50, M|100/100
|switch|p2b: Scrafty|Scrafty, L50, F|100/100
|-ability|p2b: Scrafty|Intimidate|boost
|-unboost|p1a: Swampert|atk|1
|-unboost|p1b: Basculegion|atk|1
|turn|1
|
|t:|1783587674
|switch|p1b: Grimmsnarl|Grimmsnarl, L50, M|100/100
|switch|p1a: Pelipper|Pelipper, L50, M|100/100
|-weather|RainDance|[from] ability: Drizzle|[of] p1a: Pelipper
|detailschange|p2b: Scrafty|Scrafty-Mega, L50, F
|-mega|p2b: Scrafty|Scrafty|Scraftinite
|-ability|p2b: Scrafty|Intimidate|boost
|-unboost|p1a: Pelipper|atk|1
|-unboost|p1b: Grimmsnarl|atk|1
|move|p2a: Annihilape|Close Combat|p1a: Pelipper
|-resisted|p1a: Pelipper|1
|-damage|p1a: Pelipper|67/100
|-unboost|p2a: Annihilape|def|1
|-unboost|p2a: Annihilape|spd|1
|move|p2b: Scrafty|Knock Off|p1b: Grimmsnarl
|-resisted|p1b: Grimmsnarl|2
|-damage|p1b: Grimmsnarl|81/100
|-enditem|p1b: Grimmsnarl|Light Clay|[from] move: Knock Off|[of] p2b: Scrafty
|
|-weather|RainDance|[upkeep]
|upkeep
|turn|2
|
|t:|1783587691
|switch|p2a: Torkoal|Torkoal, L50, M|100/100
|-weather|SunnyDay|[from] ability: Drought|[of] p2a: Torkoal
|move|p1b: Grimmsnarl|Fake Out|p2b: Scrafty
|-damage|p2b: Scrafty|91/100
|move|p1a: Pelipper|Hurricane|p2a: Torkoal|[miss]
|-miss|p1a: Pelipper|p2a: Torkoal
|cant|p2b: Scrafty|flinch
|
|-weather|SunnyDay|[upkeep]
|upkeep
|turn|3
|
|t:|1783587711
|switch|p2b: Farigiraf|Farigiraf, L50, M|100/100
|move|p1a: Pelipper|Wide Guard|p1a: Pelipper
|-singleturn|p1a: Pelipper|Wide Guard
|move|p1b: Grimmsnarl|Spirit Break|p2b: Farigiraf
|-damage|p2b: Farigiraf|69/100
|-unboost|p2b: Farigiraf|spa|1
|move|p2a: Torkoal|Weather Ball|p1a: Pelipper
|-resisted|p1a: Pelipper|1
|-damage|p1a: Pelipper|15/100
|
|-weather|SunnyDay|[upkeep]
|upkeep
|turn|4
|
|t:|1783587725
|switch|p1a: Swampert|Swampert, L50, F|100/100
|move|p1b: Grimmsnarl|Light Screen|p1b: Grimmsnarl
|-sidestart|p1: obalapv2|move: Light Screen
|move|p2a: Torkoal|Weather Ball|p1b: Grimmsnarl
|-damage|p1b: Grimmsnarl|29/100
|move|p2b: Farigiraf|Trick Room|p2b: Farigiraf
|-fieldstart|move: Trick Room|[of] p2b: Farigiraf
|
|-weather|SunnyDay|[upkeep]
|upkeep
|turn|5
|
|t:|1783587747
|switch|p2a: Scrafty|Scrafty-Mega, L50, F|91/100
|-ability|p2a: Scrafty|Intimidate|boost
|-unboost|p1a: Swampert|atk|1
|-unboost|p1b: Grimmsnarl|atk|1
|detailschange|p1a: Swampert|Swampert-Mega, L50, F
|-mega|p1a: Swampert|Swampert|Swampertite
|move|p2b: Farigiraf|Psychic|p1a: Swampert
|-damage|p1a: Swampert|85/100
|move|p1b: Grimmsnarl|Spirit Break|p2a: Scrafty
|-supereffective|p2a: Scrafty|2
|-damage|p2a: Scrafty|22/100
|-unboost|p2a: Scrafty|spa|1
|move|p1a: Swampert|Earthquake|p2b: Farigiraf|[spread] p1b,p2a,p2b
|-damage|p1b: Grimmsnarl|0 fnt
|-damage|p2a: Scrafty|0 fnt
|-damage|p2b: Farigiraf|38/100
|-enditem|p2b: Farigiraf|Sitrus Berry|[eat]
|-heal|p2b: Farigiraf|62/100|[from] item: Sitrus Berry
|faint|p1b: Grimmsnarl
|faint|p2a: Scrafty
|
|-weather|SunnyDay|[upkeep]
|upkeep
|
|t:|1783587762
|switch|p2a: Annihilape|Annihilape, L50, M|100/100
|switch|p1b: Pelipper|Pelipper, L50, M|15/100
|-weather|RainDance|[from] ability: Drizzle|[of] p1b: Pelipper
|turn|6
|
|t:|1783587773
|switch|p2a: Torkoal|Torkoal, L50, M|100/100
|-weather|SunnyDay|[from] ability: Drought|[of] p2a: Torkoal
|move|p2b: Farigiraf|Psychic|p1b: Pelipper
|-damage|p1b: Pelipper|0 fnt
|faint|p1b: Pelipper
|move|p1a: Swampert|Earthquake|p2a: Torkoal|[spread] p2a,p2b
|-supereffective|p2a: Torkoal|1
|-crit|p2a: Torkoal
|-damage|p2a: Torkoal|0 fnt
|-damage|p2b: Farigiraf|29/100
|faint|p2a: Torkoal
|
|-weather|SunnyDay|[upkeep]
|upkeep
|
|t:|1783587782
|switch|p2a: Annihilape|Annihilape, L50, M|100/100
|switch|p1b: Basculegion|Basculegion, L50, M|100/100
|turn|7
|
|t:|1783587791
|move|p2b: Farigiraf|Psychic|p1b: Basculegion
|-damage|p1b: Basculegion|80/100
|move|p1a: Swampert|Earthquake|p2b: Farigiraf|[spread] p1b,p2a,p2b
|-damage|p1b: Basculegion|41/100
|-damage|p2a: Annihilape|61/100
|-damage|p2b: Farigiraf|0 fnt
|faint|p2b: Farigiraf
|move|p2a: Annihilape|Shadow Claw|p1b: Basculegion
|-supereffective|p1b: Basculegion|1
|-damage|p1b: Basculegion|0 fnt
|faint|p1b: Basculegion
|
|-weather|SunnyDay|[upkeep]
|upkeep
|turn|8
|
|t:|1783587800
|move|p1a: Swampert|Wave Crash|p2a: Annihilape
|-damage|p2a: Annihilape|31/100
|-damage|p1a: Swampert|74/100|[from] Recoil
|move|p2a: Annihilape|Shadow Claw|p1a: Swampert
|-crit|p1a: Swampert
|-damage|p1a: Swampert|24/100
|
|-weather|SunnyDay|[upkeep]
|-sideend|p1: obalapv2|move: Light Screen
|-fieldend|move: Trick Room
|upkeep
|turn|9
|
|t:|1783587807
|move|p2a: Annihilape|Shadow Claw|p1a: Swampert
|-damage|p1a: Swampert|0 fnt
|faint|p1a: Swampert
|
|win|Ev_Evan
||Ev_Evan is ready for game 2.
||obalapv2 is ready for game 2.
|uhtml|next|Next: Game 2 of 3
|l|☆Ev_Evan
|player|p2|
