|j|☆aliciadoors
|j|☆psychic system
|html|aliciadoorspsychic system    
|uhtml|bestof|Game 3 of a best-of-3
|t:|1757733434
|gametype|doubles
|player|p1|aliciadoors|jasmine|1277
|player|p2|psychic system|dawn|1164
|gen|9
|tier|[Gen 9] VGC 2025 Reg H (Bo3)
|rated|
|rule|Species Clause: Limit one of each Pokémon
|rule|Item Clause: Limit 1 of each item
|clearpoke
|poke|p1|Tyranitar, L50, F|
|poke|p1|Excadrill, L50, M|
|poke|p1|Corviknight, L50, F|
|poke|p1|Indeedee, L50, M|
|poke|p1|Sneasler, L50, M|
|poke|p1|Archaludon, L50, M|
|poke|p2|Incineroar, L50, F|
|poke|p2|Florges, L50, F|
|poke|p2|Amoonguss, L50, M|
|poke|p2|Pelipper, L50, F|
|poke|p2|Garchomp, L50, M|
|poke|p2|Rillaboom, L50, M|
|teampreview|4
|showteam|p1|Tyranitar||AssaultVest|SandStream|RockSlide,KnockOff,TeraBlast,LowKick|||F|||50|,,,,,Flying]Excadrill||FocusSash|SandRush|Earthquake,HighHorsepower,IronHead,Protect|||M|||50|,,,,,Ground]Corviknight||SitrusBerry|MirrorArmor|BraveBird,Tailwind,BulkUp,Roost|||F|||50|,,,,,Dragon]Indeedee||ChoiceScarf|PsychicSurge|ExpandingForce,TeraBlast,Trick,Protect|||M|||50|,,,,,Psychic]Sneasler||PsychicSeed|Unburden|CloseCombat,DireClaw,ThroatChop,Protect|||M|||50|,,,,,Stellar]Archaludon||PowerHerb|Sturdy|FlashCannon,DracoMeteor,ElectroShot,Protect|||M|||50|,,,,,Stellar
|showteam|p2|Incineroar||SafetyGoggles|Intimidate|FakeOut,KnockOff,FlareBlitz,PartingShot|||F|||50|,,,,,Ghost]Florges||Leftovers|FlowerVeil|Moonblast,DazzlingGleam,CalmMind,Protect|||F|||50|,,,,,Poison]Amoonguss||SitrusBerry|Regenerator|ClearSmog,Spore,PollenPuff,RagePowder|||M|||50|,,,,,Water]Pelipper||ChoiceScarf|Drizzle|MuddyWater,Hurricane,IcyWind,WeatherBall|||F|||50|,,,,,Water]Garchomp||ClearAmulet|RoughSkin|StompingTantrum,DragonClaw,SwordsDance,Protect|||M|||50|,,,,,Poison]Rillaboom||AssaultVest|GrassySurge|DrumBeating,GrassyGlide,HighHorsepower,FakeOut|||M|||50|,,,,,Fire
|inactive|Battle timer is ON: inactive players will automatically lose when time's up. (requested by aliciadoors)
|
|t:|1757733464
|teamsize|p1|4
|teamsize|p2|4
|start
|switch|p1a: Corviknight|Corviknight, L50, F|100/100
|switch|p1b: Archaludon|Archaludon, L50, M|100/100
|switch|p2a: Pelipper|Pelipper, L50, F|100/100
|switch|p2b: Garchomp|Garchomp, L50, M|100/100
|-weather|RainDance|[from] ability: Drizzle|[of] p2a: Pelipper
|turn|1
|
|t:|1757733487
|move|p1b: Archaludon|Protect|p1b: Archaludon
|-singleturn|p1b: Archaludon|Protect
|move|p2a: Pelipper|Muddy Water|p1a: Corviknight|[spread] p1a
|-activate|p1b: Archaludon|move: Protect
|-damage|p1a: Corviknight|68/100
|move|p2b: Garchomp|Stomping Tantrum|p1b: Archaludon
|-activate|p1b: Archaludon|move: Protect
|move|p1a: Corviknight|Tailwind|p1a: Corviknight
|-sidestart|p1: aliciadoors|move: Tailwind
|
|-weather|RainDance|[upkeep]
|upkeep
|turn|2
|inactive|aliciadoors has 30 seconds left.
|
|t:|1757733519
|move|p1b: Archaludon|Electro Shot||[still]
|-prepare|p1b: Archaludon|Electro Shot
|-boost|p1b: Archaludon|spa|1
|-anim|p1b: Archaludon|Electro Shot|p2a: Pelipper
|-supereffective|p2a: Pelipper
|-damage|p2a: Pelipper|0 fnt
|faint|p2a: Pelipper
|move|p1a: Corviknight|Bulk Up|p1a: Corviknight
|-boost|p1a: Corviknight|atk|1
|-boost|p1a: Corviknight|def|1
|move|p2b: Garchomp|Stomping Tantrum|p1b: Archaludon
|-supereffective|p1b: Archaludon
|-damage|p1b: Archaludon|42/100
|
|-weather|RainDance|[upkeep]
|upkeep
|
|t:|1757733534
|switch|p2a: Rillaboom|Rillaboom, L50, M|100/100
|-fieldstart|move: Grassy Terrain|[from] ability: Grassy Surge|[of] p2a: Rillaboom
|turn|3
|inactive|aliciadoors has 30 seconds left.
|
|t:|1757733568
|move|p2b: Garchomp|Protect|p2b: Garchomp
|-singleturn|p2b: Garchomp|Protect
|move|p1b: Archaludon|Draco Meteor|p2b: Garchomp
|-activate|p2b: Garchomp|move: Protect
|move|p1a: Corviknight|Brave Bird|p2a: Rillaboom
|-supereffective|p2a: Rillaboom
|-damage|p2a: Rillaboom|4/100
|-damage|p1a: Corviknight|36/100|[from] Recoil
|-enditem|p1a: Corviknight|Sitrus Berry|[eat]
|-heal|p1a: Corviknight|61/100|[from] item: Sitrus Berry
|move|p2a: Rillaboom|Drum Beating|p1b: Archaludon
|-resisted|p1b: Archaludon
|-damage|p1b: Archaludon|31/100
|-unboost|p1b: Archaludon|spe|1
|
|-weather|RainDance|[upkeep]
|-heal|p1b: Archaludon|37/100|[from] Grassy Terrain
|-heal|p2a: Rillaboom|10/100|[from] Grassy Terrain
|upkeep
|turn|4
|inactive|aliciadoors has 30 seconds left.
|inactive|aliciadoors has 20 seconds left.
|inactive|aliciadoors has 15 seconds left.
|inactive|aliciadoors has 10 seconds left.
|
|t:|1757733614
|switch|p2b: Florges|Florges, L50, F|100/100
|-terastallize|p1b: Archaludon|Stellar
|move|p1a: Corviknight|Brave Bird|p2a: Rillaboom
|-supereffective|p2a: Rillaboom
|-damage|p2a: Rillaboom|0 fnt
|faint|p2a: Rillaboom
|-damage|p1a: Corviknight|58/100|[from] Recoil
|move|p1b: Archaludon|Draco Meteor|p2b: Florges
|-immune|p2b: Florges
|
|-weather|RainDance|[upkeep]
|-heal|p1b: Archaludon|44/100|[from] Grassy Terrain
|-sideend|p1: aliciadoors|move: Tailwind
|upkeep
|
|t:|1757733627
|switch|p2a: Garchomp|Garchomp, L50, M|100/100
|turn|5
|
|t:|1757733646
|move|p2a: Garchomp|Swords Dance|p2a: Garchomp
|-boost|p2a: Garchomp|atk|2
|move|p2b: Florges|Calm Mind|p2b: Florges
|-boost|p2b: Florges|spa|1
|-boost|p2b: Florges|spd|1
|move|p1a: Corviknight|Tailwind|p1a: Corviknight
|-sidestart|p1: aliciadoors|move: Tailwind
|move|p1b: Archaludon|Flash Cannon|p2b: Florges
|-supereffective|p2b: Florges
|-damage|p2b: Florges|21/100
|
|-weather|none
|-heal|p1b: Archaludon|50/100|[from] Grassy Terrain
|-heal|p2b: Florges|27/100|[from] Grassy Terrain
|-heal|p2b: Florges|33/100|[from] item: Leftovers
|upkeep
|turn|6
|
|t:|1757733669
|move|p1a: Corviknight|Brave Bird|p2b: Florges
|-damage|p2b: Florges|0 fnt
|faint|p2b: Florges
|-damage|p1a: Corviknight|49/100|[from] Recoil
|move|p1b: Archaludon|Draco Meteor|p2a: Garchomp
|-supereffective|p2a: Garchomp
|-damage|p2a: Garchomp|0 fnt
|-unboost|p1b: Archaludon|spa|2
|faint|p2a: Garchomp
|
|win|aliciadoors
|raw|aliciadoors's rating: 1277 → 1294(+17 for winning)
|raw|psychic system's rating: 1164 → 1147(-17 for losing)
|l|☆psychic system
|player|p2|
