|j|☆alt1738
|j|☆GAHSJ
|html|alt1738GAHSJ    
|uhtml|bestof|Game 1 of a best-of-3
|t:|1783096572
|gametype|doubles
|player|p1|alt1738|170|
|player|p2|GAHSJ|1|
|gen|9
|tier|[Gen 9 Champions] VGC 2026 Reg M-B (Bo3)
|rule|Species Clause: Limit one of each Pokémon
|rule|Item Clause: Limit 1 of each item
|clearpoke
|poke|p1|Gengar, L50, M, shiny|
|poke|p1|Kangaskhan, L50, F, shiny|
|poke|p1|Zoroark-Hisui, L50, M, shiny|
|poke|p1|Incineroar, L50, M, shiny|
|poke|p1|Farigiraf, L50, M, shiny|
|poke|p1|Orthworm, L50, M, shiny|
|poke|p2|Froslass, L50, F|
|poke|p2|Sinistcha, L50|
|poke|p2|Watchog, L50, M|
|poke|p2|Glimmora, L50, M|
|poke|p2|Corviknight, L50, M|
|poke|p2|Passimian, L50, M|
|teampreview|4
|showteam|p1|Gengar||Gengarite|CursedBody|ShadowBall,SludgeBomb,Thunderbolt,Protect|Timid||M|||50|]Kangaskhan||Kangaskhanite|Scrappy|FakeOut,DoubleEdge,DrainPunch,Protect|Adamant||F|||50|]Zoroark-Hisui||FocusSash|Illusion|BitterMalice,HyperVoice,IcyWind,Protect|Timid||M|||50|]Incineroar||SitrusBerry|Intimidate|FakeOut,PartingShot,FlareBlitz,Protect|Adamant||M|||50|]Farigiraf||ExpertBelt|ArmorTail|Protect,Psychic,EnergyBall,HyperVoice|Serious||M|||50|]Orthworm||Leftovers|EarthEater|Earthquake,IronHead,Protect,BodyPress|Impish||M|||50|
|showteam|p2|Froslass||Froslassite|CursedBody|AuroraVeil,Blizzard,ShadowBall,Protect|Timid||F|||50|]Sinistcha||KasibBerry|Hospitality|MatchaGotcha,ShadowBall,RagePowder,TrickRoom|Relaxed|||||50|]Watchog||IronBall|Analytic|DoubleEdge,LowKick,Fling,Protect|Brave||M|||50|]Glimmora||Glimmoranite|ToxicDebris|SpikyShield,SludgeWave,EarthPower,PowerGem|Timid||M|||50|]Corviknight||LifeOrb|MirrorArmor|Tailwind,BraveBird,Uturn,SteelWing|Adamant||M|||50|]Passimian||ChoiceScarf|Defiant|DrainPunch,Uturn,KnockOff,RockSlide|Jolly||M|||50|
|
|t:|1783096628
|teamsize|p1|4
|teamsize|p2|4
|start
|switch|p1a: Kangaskhan|Kangaskhan, L50, F, shiny|100/100
|switch|p1b: Incineroar|Incineroar, L50, M, shiny|100/100
|switch|p2a: Funi rock|Glimmora, L50, M|100/100
|switch|p2b: Ready for kickoff|Passimian, L50, M|100/100
|-ability|p1b: Incineroar|Intimidate|boost
|-unboost|p2a: Funi rock|atk|1
|-unboost|p2b: Ready for kickoff|atk|1
|-ability|p2b: Ready for kickoff|Defiant|boost
|-boost|p2b: Ready for kickoff|atk|2
|turn|1
|
|t:|1783096666
|detailschange|p2a: Funi rock|Glimmora-Mega, L50, M
|-mega|p2a: Funi rock|Glimmora|Glimmoranite
|detailschange|p1a: Kangaskhan|Kangaskhan-Mega, L50, F, shiny
|-mega|p1a: Kangaskhan|Kangaskhan|Kangaskhanite
|move|p2a: Funi rock|Spiky Shield|p2a: Funi rock
|-singleturn|p2a: Funi rock|move: Protect
|move|p1b: Incineroar|Protect|p1b: Incineroar
|-singleturn|p1b: Incineroar|Protect
|move|p1a: Kangaskhan|Fake Out|p2b: Ready for kickoff
|-damage|p2b: Ready for kickoff|72/100
|-damage|p2b: Ready for kickoff|66/100
|-hitcount|p2b: Ready for kickoff|2
|cant|p2b: Ready for kickoff|flinch
|
|upkeep
|turn|2
|
|t:|1783096689
|move|p2b: Ready for kickoff|Drain Punch|p1a: Kangaskhan
|-supereffective|p1a: Kangaskhan|1
|-damage|p1a: Kangaskhan|2/100
|-heal|p2b: Ready for kickoff|100/100|[from] drain|[of] p1a: Kangaskhan
|move|p2a: Funi rock|Earth Power|p1b: Incineroar
|-supereffective|p1b: Incineroar|1
|-damage|p1b: Incineroar|35/100
|-enditem|p1b: Incineroar|Sitrus Berry|[eat]
|-heal|p1b: Incineroar|60/100|[from] item: Sitrus Berry
|move|p1a: Kangaskhan|Drain Punch|p2a: Funi rock
|-damage|p2a: Funi rock|67/100
|-heal|p1a: Kangaskhan|15/100|[from] drain|[of] p2a: Funi rock
|-damage|p2a: Funi rock|60/100
|-heal|p1a: Kangaskhan|17/100|[from] drain|[of] p2a: Funi rock
|-hitcount|p2a: Funi rock|2
|move|p1b: Incineroar|Parting Shot|p2a: Funi rock
|-unboost|p2a: Funi rock|atk|1
|-unboost|p2a: Funi rock|spa|1
|
|t:|1783096710
|switch|p1b: Gengar|Gengar, L50, M, shiny|100/100|[from] Parting Shot
|
|upkeep
|turn|3
|
|t:|1783096726
|switch|p2b: Metal birb|Corviknight, L50, M|100/100
|move|p2a: Funi rock|Spiky Shield|p2a: Funi rock
|-singleturn|p2a: Funi rock|move: Protect
|move|p1a: Kangaskhan|Protect|p1a: Kangaskhan
|-singleturn|p1a: Kangaskhan|Protect
|move|p1b: Gengar|Hyper Voice|p2a: Funi rock|[spread] p2b
|-activate|p2a: Funi rock|move: Protect
|-resisted|p2b: Metal birb|1
|-damage|p2b: Metal birb|82/100
|
|upkeep
|turn|4
|
|t:|1783096747
|switch|p1a: Incineroar|Incineroar, L50, M, shiny|60/100
|-ability|p1a: Incineroar|Intimidate|boost
|-unboost|p2a: Funi rock|atk|1
|-ability|p2b: Metal birb|Mirror Armor
|-unboost|p1a: Incineroar|atk|1
|move|p1b: Gengar|Icy Wind|p2b: Metal birb|[spread] p2a,p2b
|-damage|p2a: Funi rock|44/100
|-damage|p2b: Metal birb|69/100
|-unboost|p2a: Funi rock|spe|1
|-ability|p2b: Metal birb|Mirror Armor
|-unboost|p1b: Gengar|spe|1
|move|p2a: Funi rock|Sludge Wave|p1a: Incineroar|[spread] p1a,p1b
|-immune|p2b: Metal birb
|-resisted|p1b: Gengar|1
|-damage|p1a: Incineroar|29/100
|-damage|p1b: Gengar|62/100
|-status|p1b: Gengar|psn
|replace|p1b: Zoroark|Zoroark-Hisui, L50, M, shiny
|-end|p1b: Zoroark|Illusion
|move|p2b: Metal birb|Brave Bird|p1b: Zoroark
|-damage|p1b: Zoroark|0 fnt
|faint|p1b: Zoroark
|-damage|p2b: Metal birb|56/100|[from] Recoil
|-damage|p2b: Metal birb|46/100|[from] item: Life Orb
|
|upkeep
|
|t:|1783096777
|switch|p1b: Kangaskhan|Kangaskhan-Mega, L50, F, shiny|17/100
|turn|5
|j| oohboi321
|j| LostInThoughts12
|
|t:|1783096800
|move|p2a: Funi rock|Spiky Shield|p2a: Funi rock
|-singleturn|p2a: Funi rock|move: Protect
|move|p1b: Kangaskhan|Fake Out|p2a: Funi rock
|-activate|p2a: Funi rock|move: Protect
|-damage|p1b: Kangaskhan|5/100|[from] Spiky Shield|[of] p2a: Funi rock
|move|p2b: Metal birb|Brave Bird|p1b: Kangaskhan
|-damage|p1b: Kangaskhan|0 fnt
|faint|p1b: Kangaskhan
|-damage|p2b: Metal birb|44/100|[from] Recoil
|-damage|p2b: Metal birb|34/100|[from] item: Life Orb
|move|p1a: Incineroar|Flare Blitz|p2b: Metal birb
|-supereffective|p2b: Metal birb|1
|-damage|p2b: Metal birb|0 fnt
|faint|p2b: Metal birb
|-damage|p1a: Incineroar|18/100|[from] Recoil
|
|upkeep
|
|t:|1783096818
|switch|p1b: Gengar|Gengar, L50, M, shiny|100/100
|switch|p2b: Ultimate life form|Watchog, L50, M|100/100
|turn|6
|
|t:|1783096846
|move|p1a: Incineroar|Protect|p1a: Incineroar
|-singleturn|p1a: Incineroar|Protect
|move|p1b: Gengar|Thunderbolt|p2b: Ultimate life form
|-damage|p2b: Ultimate life form|56/100
|move|p2a: Funi rock|Power Gem|p1a: Incineroar
|-activate|p1a: Incineroar|move: Protect
|move|p2b: Ultimate life form|Fling|p1b: Gengar
|-supereffective|p1b: Gengar|1
|-damage|p1b: Gengar|0 fnt
|-enditem|p2b: Ultimate life form|Iron Ball|[from] move: Fling
|faint|p1b: Gengar
|
|upkeep
|turn|7
|
|t:|1783096862
|move|p2a: Funi rock|Power Gem|p1a: Incineroar
|-supereffective|p1a: Incineroar|1
|-damage|p1a: Incineroar|0 fnt
|faint|p1a: Incineroar
|
|win|GAHSJ
|l|☆alt1738
|player|p1|
||GAHSJ is ready for game 2.
|inactive|alt1738 has 30 seconds to confirm battle start!
|l| oohboi321
|inactive|alt1738 has 20 seconds to confirm battle start!
|inactive|alt1738 has 10 seconds to confirm battle start!
|uhtml|next|Next: Game 2 of 3
|j| oohboi321
|l| LostInThoughts12
