|j|☆arekusabi
|j|☆dracojackson
|html|arekusabidracojackson    
|uhtml|bestof|Game 1 of a best-of-3
|t:|1756559823
|gametype|doubles
|player|p1|arekusabi|#smogonxnpa2025draftee2|
|player|p2|dracojackson|hilbert|
|gen|9
|tier|[Gen 9] VGC 2025 Reg H (Bo3)
|rule|Species Clause: Limit one of each Pokémon
|rule|Item Clause: Limit 1 of each item
|clearpoke
|poke|p1|Ninetales-Alola, L50, F|
|poke|p1|Kommo-o, L50, F|
|poke|p1|Arcanine-Hisui, L50, F|
|poke|p1|Basculegion, L50, M|
|poke|p1|Kingambit, L50, M|
|poke|p1|Rillaboom, L50, F|
|poke|p2|Porygon2, L50|
|poke|p2|Incineroar, L50, F|
|poke|p2|Ursaluna, L50, F|
|poke|p2|Amoonguss, L50, M|
|poke|p2|Gholdengo, L50|
|poke|p2|Dragonite, L50, M|
|teampreview|4
|showteam|p1|Ninetales-Alola||FocusSash|SnowWarning|Protect,Blizzard,Disable,Encore|||F|||50|,,,,,Ghost]Kommo-o||ThroatSpray|Overcoat|ClangingScales,Flamethrower,ClangorousSoul,Protect|||F|||50|,,,,,Fire]Arcanine-Hisui||ChoiceBand|Intimidate|FlareBlitz,RockSlide,ExtremeSpeed,HeadSmash|||F|||50|,,,,,Ghost]Basculegion||ChoiceScarf|Adaptability|WaveCrash,LastRespects,FlipTurn,AquaJet|||M|||50|,,,,,Water]Kingambit||AssaultVest|Defiant|KowtowCleave,SuckerPunch,LowKick,IronHead|||M|||50|,,,,,Water]Rillaboom||MiracleSeed|GrassySurge|WoodHammer,GrassyGlide,FakeOut,Taunt|||F|||50|,,,,,Grass
|showteam|p2|Porygon2||Eviolite|Download|TeraBlast,IceBeam,Recover,TrickRoom||||||50|,,,,,Fighting]Incineroar||SafetyGoggles|Intimidate|FakeOut,KnockOff,FlareBlitz,PartingShot|||F|||50|,,,,,Ghost]Ursaluna||FlameOrb|Guts|HeadlongRush,Facade,Earthquake,Protect|||F|||50|,,,,,Ghost]Amoonguss||SitrusBerry|Regenerator|PollenPuff,Spore,RagePowder,Protect|||M|||50|,,,,,Water]Gholdengo||LifeOrb|GoodasGold|MakeItRain,ShadowBall,NastyPlot,Protect||||||50|,,,,,Dragon]Dragonite||LoadedDice|Multiscale|ScaleShot,Haze,Tailwind,Protect|||M|||50|,,,,,Steel
|c|☆dracojackson|Lmk when u send link
|c|☆dracojackson|And r ready
|c|☆arekusabi|sent!
|c|☆dracojackson|Bet Glhf!
|c|☆arekusabi|u2 fam
|
|t:|1756559906
|teamsize|p1|4
|teamsize|p2|4
|start
|switch|p1a: Kommo-o|Kommo-o, L50, F|100/100
|switch|p1b: Rillaboom|Rillaboom, L50, F|100/100
|switch|p2a: Nitenite|Dragonite, L50, M|100/100
|switch|p2b: Clanker|Porygon2, L50|100/100
|-fieldstart|move: Grassy Terrain|[from] ability: Grassy Surge|[of] p1b: Rillaboom
|-ability|p2b: Clanker|Download|boost
|-boost|p2b: Clanker|spa|1
|turn|1
|
|t:|1756559953
|-terastallize|p2a: Nitenite|Steel
|move|p1b: Rillaboom|Fake Out|p2a: Nitenite
|-resisted|p2a: Nitenite
|-damage|p2a: Nitenite|97/100
|move|p1a: Kommo-o|Clanging Scales|p2a: Nitenite|[spread] p2a,p2b
|-resisted|p2a: Nitenite
|-damage|p2a: Nitenite|75/100
|-damage|p2b: Clanker|79/100
|-unboost|p1a: Kommo-o|def|1
|-enditem|p1a: Kommo-o|Throat Spray
|-boost|p1a: Kommo-o|spa|1|[from] item: Throat Spray
|cant|p2a: Nitenite|flinch
|move|p2b: Clanker|Ice Beam|p1b: Rillaboom
|-supereffective|p1b: Rillaboom
|-damage|p1b: Rillaboom|9/100
|
|-heal|p2a: Nitenite|81/100|[from] Grassy Terrain
|-heal|p1b: Rillaboom|15/100|[from] Grassy Terrain
|-heal|p2b: Clanker|85/100|[from] Grassy Terrain
|upkeep
|turn|2
|
|t:|1756559980
|-terastallize|p1a: Kommo-o|Fire
|move|p1a: Kommo-o|Flamethrower|p2a: Nitenite
|-supereffective|p2a: Nitenite
|-damage|p2a: Nitenite|0 fnt
|faint|p2a: Nitenite
|move|p1b: Rillaboom|Taunt|p2b: Clanker
|-start|p2b: Clanker|move: Taunt
|move|p2b: Clanker|Ice Beam|p1b: Rillaboom
|-supereffective|p1b: Rillaboom
|-damage|p1b: Rillaboom|0 fnt
|faint|p1b: Rillaboom
|
|-heal|p2b: Clanker|91/100|[from] Grassy Terrain
|upkeep
|
|t:|1756560005
|switch|p2a: IGOR|Ursaluna, L50, F, shiny|100/100
|switch|p1b: Kingambit|Kingambit, L50, M|100/100
|turn|3
|
|t:|1756560047
|move|p2a: IGOR|Protect|p2a: IGOR
|-singleturn|p2a: IGOR|Protect
|move|p1a: Kommo-o|Clanging Scales|p2a: IGOR|[spread] p2b
|-activate|p2a: IGOR|move: Protect
|-damage|p2b: Clanker|57/100
|-unboost|p1a: Kommo-o|def|1
|move|p1b: Kingambit|Low Kick|p2a: IGOR
|-activate|p2a: IGOR|move: Protect
|move|p2b: Clanker|Tera Blast|p1a: Kommo-o
|-damage|p1a: Kommo-o|40/100
|
|-heal|p1a: Kommo-o|46/100|[from] Grassy Terrain
|-heal|p2b: Clanker|63/100|[from] Grassy Terrain
|-status|p2a: IGOR|brn|[from] item: Flame Orb
|upkeep
|turn|4
|
|t:|1756560069
|move|p1a: Kommo-o|Clanging Scales|p2a: IGOR|[spread] p2a,p2b
|-crit|p2b: Clanker
|-damage|p2a: IGOR|42/100 brn
|-damage|p2b: Clanker|11/100
|-unboost|p1a: Kommo-o|def|1
|move|p2a: IGOR|Headlong Rush|p1b: Kingambit
|-supereffective|p1b: Kingambit
|-damage|p1b: Kingambit|0 fnt
|-unboost|p2a: IGOR|def|1
|-unboost|p2a: IGOR|spd|1
|faint|p1b: Kingambit
|move|p2b: Clanker|Tera Blast|p1a: Kommo-o
|-damage|p1a: Kommo-o|0 fnt
|faint|p1a: Kommo-o
|
|-heal|p2a: IGOR|48/100 brn|[from] Grassy Terrain
|-heal|p2b: Clanker|17/100|[from] Grassy Terrain
|-damage|p2a: IGOR|42/100 brn|[from] brn
|-end|p2b: Clanker|move: Taunt
|upkeep
|
|t:|1756560076
|switch|p1b: Ninetales|Ninetales-Alola, L50, F, shiny|100/100
|-weather|Snowscape|[from] ability: Snow Warning|[of] p1b: Ninetales
|turn|5
|
|t:|1756560083
|switch|p2b: Tomato|Incineroar, L50, F|100/100
|-ability|p2b: Tomato|Intimidate|boost
|-unboost|p1b: Ninetales|atk|1
|move|p2a: IGOR|Protect|p2a: IGOR
|-singleturn|p2a: IGOR|Protect
|move|p1b: Ninetales|Blizzard|p2b: Tomato|[spread] p2b
|-activate|p2a: IGOR|move: Protect
|-resisted|p2b: Tomato
|-damage|p2b: Tomato|86/100
|
|-weather|Snowscape|[upkeep]
|-heal|p2b: Tomato|92/100|[from] Grassy Terrain
|-heal|p2a: IGOR|48/100 brn|[from] Grassy Terrain
|-damage|p2a: IGOR|42/100 brn|[from] brn
|-fieldend|move: Grassy Terrain
|upkeep
|turn|6
|
|t:|1756560106
|move|p1b: Ninetales|Protect|p1b: Ninetales
|-singleturn|p1b: Ninetales|Protect
|move|p2b: Tomato|Flare Blitz|p1b: Ninetales
|-activate|p1b: Ninetales|move: Protect
|move|p2a: IGOR|Facade|p1b: Ninetales
|-activate|p1b: Ninetales|move: Protect
|
|-weather|Snowscape|[upkeep]
|-damage|p2a: IGOR|36/100 brn|[from] brn
|upkeep
|turn|7
|
|t:|1756560130
|move|p1b: Ninetales|Blizzard|p2b: Tomato|[spread] p2a,p2b
|-supereffective|p2a: IGOR
|-resisted|p2b: Tomato
|-damage|p2a: IGOR|0 fnt
|-damage|p2b: Tomato|76/100
|faint|p2a: IGOR
|move|p2b: Tomato|Parting Shot|p1b: Ninetales
|-unboost|p1b: Ninetales|atk|1
|-unboost|p1b: Ninetales|spa|1
|
|t:|1756560133
|switch|p2b: Clanker|Porygon2, L50|17/100|[from] Parting Shot
|-ability|p2b: Clanker|Download|boost
|-boost|p2b: Clanker|atk|1
|
|-weather|Snowscape|[upkeep]
|upkeep
|
|t:|1756560134
|switch|p2a: Tomato|Incineroar, L50, F|76/100
|-ability|p2a: Tomato|Intimidate|boost
|-unboost|p1b: Ninetales|atk|1
|turn|8
|-message|arekusabi forfeited.
|
|win|dracojackson
||arekusabi is ready for game 2.
||arekusabi is ready for game 2.
||arekusabi is ready for game 2.
||dracojackson is ready for game 2.
|uhtml|next|Next: Game 2 of 3
|l|☆arekusabi
|player|p1|
