|j|☆reshiee
|j|‽ernestosparalesto1
|html|reshieeernestosparalesto1    
|uhtml|bestof|Game 3 of a best-of-3
|t:|1785253253
|gametype|doubles
|player|p1|reshiee|gwynn|1156
|player|p2|ernestosparalesto1|170|1212
|gen|9
|tier|[Gen 9 Champions] VGC 2026 Reg M-B (Bo3)
|rated|
|rule|Species Clause: Limit one of each Pokémon
|rule|Item Clause: Limit 1 of each item
|clearpoke
|poke|p1|Charizard, L50, M|
|poke|p1|Venusaur, L50, F|
|poke|p1|Pelipper, L50, F|
|poke|p1|Grimmsnarl, L50, M|
|poke|p1|Basculegion, L50, M|
|poke|p1|Archaludon, L50, M|
|poke|p2|Sableye, L50, M|
|poke|p2|Basculegion-F, L50, F|
|poke|p2|Venusaur, L50, F|
|poke|p2|Sneasler, L50, M|
|poke|p2|Clefable, L50, F|
|poke|p2|Kingambit, L50, M|
|teampreview|4
|showteam|p1|Charizard||CharizarditeY|Blaze|HeatWave,WeatherBall,SolarBeam,Protect|Modest||M|||50|]Venusaur||FocusSash|Chlorophyll|SludgeBomb,EarthPower,SleepPowder,Protect|Modest||F|||50|]Pelipper||SitrusBerry|Drizzle|Hurricane,WeatherBall,Tailwind,WideGuard|Modest||F|||50|]Grimmsnarl||LightClay|Prankster|SpiritBreak,Reflect,LightScreen,PartingShot|Sassy||M|||50|]Basculegion||ChoiceScarf|Adaptability|WaveCrash,LastRespects,FlipTurn,AquaJet|Jolly||M|||50|]Archaludon||Leftovers|Stamina|DragonPulse,FlashCannon,ElectroShot,Protect|Calm||M|||50|
|showteam|p2|Sableye||LightClay|Prankster|Reflect,LightScreen,Quash,RainDance|Bold||M|||50|]Basculegion-F||LifeOrb|SwiftSwim|MuddyWater,IceBeam,ShadowBall,Protect|Modest||F|||50|]Venusaur||Venusaurite|Overgrow|GigaDrain,SludgeBomb,EarthPower,Protect|Modest||F|||50|]Sneasler||WhiteHerb|PoisonTouch|FakeOut,CloseCombat,DireClaw,Protect|Adamant||M|||50|]Clefable||FairyFeather|Unaware|Moonblast,FollowMe,HelpingHand,Protect|Serious||F|||50|]Kingambit||FocusSash|Defiant|KowtowCleave,SuckerPunch,Protect,IronHead|Adamant||M|||50|
|inactive|Battle timer is ON: inactive players will automatically lose when time's up. (requested by ernestosparalesto1)
|
|t:|1785253280
|teamsize|p1|4
|teamsize|p2|4
|start
|switch|p1a: Grimmsnarl|Grimmsnarl, L50, M|100/100
|switch|p1b: Charizard|Charizard, L50, M|100/100
|switch|p2a: Sableye|Sableye, L50, M|100/100
|switch|p2b: Sneasler|Sneasler, L50, M|100/100
|turn|1
|inactive|reshiee has 30 seconds left.
|
|t:|1785253307
|move|p1b: Charizard|Protect|p1b: Charizard
|-singleturn|p1b: Charizard|Protect
|move|p2b: Sneasler|Fake Out|p1b: Charizard
|-activate|p1b: Charizard|move: Protect
|move|p1a: Grimmsnarl|Reflect|p1a: Grimmsnarl
|-sidestart|p1: reshiee|Reflect
|move|p2a: Sableye|Light Screen|p2a: Sableye
|-sidestart|p2: ernestosparalesto1|move: Light Screen
|
|upkeep
|turn|2
|
|t:|1785253328
|switch|p2b: Basculegion|Basculegion-F, L50, F|100/100
|detailschange|p1b: Charizard|Charizard-Mega-Y, L50, M
|-mega|p1b: Charizard|Charizard|Charizardite Y
|-weather|SunnyDay|[from] ability: Drought|[of] p1b: Charizard
|move|p1a: Grimmsnarl|Light Screen|p1a: Grimmsnarl
|-sidestart|p1: reshiee|move: Light Screen
|move|p2a: Sableye|Rain Dance|p2a: Sableye
|-weather|RainDance
|move|p1b: Charizard|Weather Ball|p2a: Sableye
|-damage|p2a: Sableye|39/100
|
|-weather|RainDance|[upkeep]
|upkeep
|turn|3
|inactive|reshiee has 30 seconds left.
|inactive|reshiee has 20 seconds left.
|inactive|reshiee has 15 seconds left.
|inactive|ernestosparalesto1 has 30 seconds left.
|inactive|ernestosparalesto1 has 20 seconds left.
|inactive|ernestosparalesto1 has 15 seconds left.
|
|t:|1785253388
|switch|p1b: Archaludon|Archaludon, L50, M|100/100
|switch|p2a: Kingambit|Kingambit, L50, M|100/100
|move|p1a: Grimmsnarl|Parting Shot|p2a: Kingambit
|-hint|Since gen 7, Dark is immune to Prankster moves.
|-immune|p2a: Kingambit
|move|p2b: Basculegion|Muddy Water|p1b: Archaludon|[spread] p1a,p1b
|-resisted|p1b: Archaludon|1
|-damage|p1a: Grimmsnarl|59/100
|-damage|p1b: Archaludon|81/100
|-unboost|p1a: Grimmsnarl|accuracy|1
|-unboost|p1b: Archaludon|accuracy|1
|-ability|p1b: Archaludon|Stamina|boost
|-boost|p1b: Archaludon|def|1
|-damage|p2b: Basculegion|90/100|[from] item: Life Orb
|
|-weather|RainDance|[upkeep]
|-heal|p1b: Archaludon|87/100|[from] item: Leftovers
|upkeep
|turn|4
|inactive|reshiee has 30 seconds left.
|inactive|ernestosparalesto1 has 30 seconds left.
|inactive|reshiee has 20 seconds left.
|inactive|reshiee has 15 seconds left.
|
|t:|1785253430
|switch|p2b: Sneasler|Sneasler, L50, M|100/100
|move|p2a: Kingambit|Protect|p2a: Kingambit
|-singleturn|p2a: Kingambit|Protect
|move|p1a: Grimmsnarl|Parting Shot|p2b: Sneasler|[miss]
|-miss|p1a: Grimmsnarl|p2b: Sneasler
|move|p1b: Archaludon|Electro Shot||[still]
|-prepare|p1b: Archaludon|Electro Shot
|-boost|p1b: Archaludon|spa|1
|-anim|p1b: Archaludon|Electro Shot|p2b: Sneasler
|-damage|p2b: Sneasler|47/100
|
|-weather|RainDance|[upkeep]
|-heal|p1b: Archaludon|93/100|[from] item: Leftovers
|upkeep
|turn|5
|inactive|reshiee has 30 seconds left.
|
|t:|1785253459
|move|p2b: Sneasler|Close Combat|p1b: Archaludon
|-supereffective|p1b: Archaludon|1
|-damage|p1b: Archaludon|51/100
|-unboost|p2b: Sneasler|def|1
|-unboost|p2b: Sneasler|spd|1
|-ability|p1b: Archaludon|Stamina|boost
|-boost|p1b: Archaludon|def|1
|-enditem|p2b: Sneasler|White Herb
|-clearnegativeboost|p2b: Sneasler|[silent]
|move|p1b: Archaludon|Electro Shot||[still]
|-prepare|p1b: Archaludon|Electro Shot
|-boost|p1b: Archaludon|spa|1
|-anim|p1b: Archaludon|Electro Shot|p2a: Kingambit
|-damage|p2a: Kingambit|49/100
|move|p1a: Grimmsnarl|Spirit Break|p2b: Sneasler
|-damage|p2b: Sneasler|0 fnt
|faint|p2b: Sneasler
|move|p2a: Kingambit|Iron Head|p1a: Grimmsnarl
|-supereffective|p1a: Grimmsnarl|1
|-damage|p1a: Grimmsnarl|0 fnt
|faint|p1a: Grimmsnarl
|
|-weather|RainDance|[upkeep]
|-heal|p1b: Archaludon|57/100|[from] item: Leftovers
|upkeep
|inactive|reshiee has 30 seconds left.
|inactive|ernestosparalesto1 has 30 seconds left.
|l|‽ernestosparalesto1
|inactive|ernestosparalesto1 disconnected and has a minute to reconnect!
|player|p2|
|inactive|ernestosparalesto1 has 20 seconds left.
|inactive|ernestosparalesto1 has 15 seconds left.
|inactive|ernestosparalesto1 has 10 seconds left.
|inactive|ernestosparalesto1 has 5 seconds left.
|-message|ernestosparalesto1 lost due to inactivity.
|
|win|reshiee
|raw|reshiee's rating: 1156 → 1185(+29 for winning)
|raw|ernestosparalesto1's rating: 1212 → 1183(-29 for losing)
