|j|☆belinvgc
|j|☆TheDoomDraogn
|html|belinvgcTheDoomDraogn    
|uhtml|bestof|Game 1 of a best-of-3
|t:|1784648086
|gametype|doubles
|player|p1|belinvgc|101|1190
|player|p2|TheDoomDraogn|gentleman-gen4|1258
|gen|9
|tier|[Gen 9 Champions] VGC 2026 Reg M-B (Bo3)
|rated|
|rule|Species Clause: Limit one of each Pokémon
|rule|Item Clause: Limit 1 of each item
|clearpoke
|poke|p1|Pelipper, L50, M|
|poke|p1|Archaludon, L50, M|
|poke|p1|Grimmsnarl, L50, M|
|poke|p1|Basculegion, L50, M|
|poke|p1|Venusaur, L50, M|
|poke|p1|Charizard, L50, F|
|poke|p2|Charizard, L50, M, shiny|
|poke|p2|Metagross, L50, shiny|
|poke|p2|Hydreigon, L50, F|
|poke|p2|Incineroar, L50, M|
|poke|p2|Toxapex, L50, F, shiny|
|poke|p2|Annihilape, L50, F, shiny|
|teampreview|4
|showteam|p1|Pelipper||SitrusBerry|Drizzle|WeatherBall,Hurricane,Tailwind,WideGuard|Modest||M|||50|]Archaludon||Leftovers|Stamina|ElectroShot,DragonPulse,FlashCannon,Protect|Calm||M|||50|]Grimmsnarl||LightClay|Prankster|FoulPlay,LightScreen,Reflect,PartingShot|Calm||M|||50|]Basculegion||ChoiceScarf|Adaptability|WaveCrash,FlipTurn,LastRespects,AquaJet|Jolly||M|||50|]Venusaur||FocusSash|Chlorophyll|SleepPowder,SludgeBomb,EarthPower,Protect|Modest||M|||50|]Charizard||CharizarditeY|SolarPower|HeatWave,WeatherBall,SolarBeam,Protect|Modest||F|||50|
|showteam|p2|Charizard||CharizarditeY|Blaze|HeatWave,WeatherBall,SolarBeam,Protect|Modest||M|||50|]Metagross||Metagrossite|ClearBody|PsychicFangs,BulletPunch,IcePunch,Protect|Jolly|||||50|]Hydreigon||ChoiceScarf|Levitate|DarkPulse,DracoMeteor,Snarl,EarthPower|Modest||F|||50|]Incineroar||SitrusBerry|Intimidate|FlareBlitz,ThroatChop,PartingShot,FakeOut|Impish||M|||50|]Toxapex||Leftovers|Regenerator|Infestation,Toxic,WideGuard,BanefulBunker|Relaxed||F|||50|]Annihilape||FocusSash|Defiant|PhantomForce,CloseCombat,RockTomb,Protect|Jolly||F|||50|
|
|t:|1784648111
|teamsize|p1|4
|teamsize|p2|4
|start
|switch|p1a: Venusaur|Venusaur, L50, M|100/100
|switch|p1b: Grimmsnarl|Grimmsnarl, L50, M|100/100
|switch|p2a: Toxapex|Toxapex, L50, F, shiny|100/100
|switch|p2b: Incineroar|Incineroar, L50, M|100/100
|-ability|p2b: Incineroar|Intimidate|boost
|-unboost|p1a: Venusaur|atk|1
|-unboost|p1b: Grimmsnarl|atk|1
|turn|1
|
|t:|1784648157
|move|p2b: Incineroar|Fake Out|p1a: Venusaur
|-damage|p1a: Venusaur|84/100
|move|p1b: Grimmsnarl|Reflect|p1b: Grimmsnarl
|-sidestart|p1: belinvgc|Reflect
|cant|p1a: Venusaur|flinch
|move|p2a: Toxapex|Toxic|p1b: Grimmsnarl
|-status|p1b: Grimmsnarl|tox
|
|-damage|p1b: Grimmsnarl|94/100 tox|[from] psn
|upkeep
|turn|2
|
|t:|1784648174
|switch|p1b: Archaludon|Archaludon, L50, M|100/100
|move|p1a: Venusaur|Earth Power|p2b: Incineroar
|-supereffective|p2b: Incineroar|1
|-damage|p2b: Incineroar|40/100
|-enditem|p2b: Incineroar|Sitrus Berry|[eat]
|-heal|p2b: Incineroar|65/100|[from] item: Sitrus Berry
|move|p2b: Incineroar|Throat Chop|p1b: Archaludon
|-damage|p1b: Archaludon|84/100
|-start|p1b: Archaludon|Throat Chop|[silent]
|-ability|p1b: Archaludon|Stamina|boost
|-boost|p1b: Archaludon|def|1
|move|p2a: Toxapex|Infestation|p1b: Archaludon
|-resisted|p1b: Archaludon|1
|-damage|p1b: Archaludon|83/100
|-activate|p1b: Archaludon|move: Infestation|[of] p2a: Toxapex
|-ability|p1b: Archaludon|Stamina|boost
|-boost|p1b: Archaludon|def|1
|
|-heal|p1b: Archaludon|89/100|[from] item: Leftovers
|-damage|p1b: Archaludon|77/100|[from] move: Infestation|[partiallytrapped]
|upkeep
|turn|3
|
|t:|1784648201
|switch|p2b: Hydreigon|Hydreigon, L50, F|100/100
|move|p1a: Venusaur|Earth Power|p2b: Hydreigon
|-immune|p2b: Hydreigon|[from] ability: Levitate
|move|p1b: Archaludon|Dragon Pulse|p2b: Hydreigon
|-supereffective|p2b: Hydreigon|1
|-damage|p2b: Hydreigon|24/100
|move|p2a: Toxapex|Infestation|p1a: Venusaur
|-damage|p1a: Venusaur|80/100
|-activate|p1a: Venusaur|move: Infestation|[of] p2a: Toxapex
|
|-heal|p1b: Archaludon|83/100|[from] item: Leftovers
|-damage|p1a: Venusaur|68/100|[from] move: Infestation|[partiallytrapped]
|-damage|p1b: Archaludon|70/100|[from] move: Infestation|[partiallytrapped]
|-end|p1b: Archaludon|Throat Chop|[silent]
|upkeep
|turn|4
|
|t:|1784648239
|move|p2a: Toxapex|Baneful Bunker|p2a: Toxapex
|-singleturn|p2a: Toxapex|move: Protect
|move|p2b: Hydreigon|Snarl|p1a: Venusaur|[spread] p1a,p1b
|-damage|p1a: Venusaur|41/100
|-damage|p1b: Archaludon|48/100
|-unboost|p1a: Venusaur|spa|1
|-unboost|p1b: Archaludon|spa|1
|-ability|p1b: Archaludon|Stamina|boost
|-boost|p1b: Archaludon|def|1
|move|p1a: Venusaur|Sludge Bomb|p2b: Hydreigon
|-damage|p2b: Hydreigon|0 fnt
|faint|p2b: Hydreigon
|move|p1b: Archaludon|Electro Shot||[still]
|-prepare|p1b: Archaludon|Electro Shot
|-boost|p1b: Archaludon|spa|1
|
|-heal|p1b: Archaludon|54/100|[from] item: Leftovers
|-damage|p1a: Venusaur|29/100|[from] move: Infestation|[partiallytrapped]
|-damage|p1b: Archaludon|42/100|[from] move: Infestation|[partiallytrapped]
|upkeep
|
|t:|1784648261
|switch|p2b: Incineroar|Incineroar, L50, M|65/100
|-ability|p2b: Incineroar|Intimidate|boost
|-unboost|p1a: Venusaur|atk|1
|-unboost|p1b: Archaludon|atk|1
|turn|5
|
|t:|1784648276
|move|p2b: Incineroar|Fake Out|p1b: Archaludon
|-resisted|p1b: Archaludon|1
|-damage|p1b: Archaludon|41/100
|-ability|p1b: Archaludon|Stamina|boost
|-boost|p1b: Archaludon|def|1
|move|p1a: Venusaur|Earth Power|p2b: Incineroar
|-supereffective|p2b: Incineroar|1
|-damage|p2b: Incineroar|25/100
|cant|p1b: Archaludon|flinch
|move|p2a: Toxapex|Infestation|p1a: Venusaur
|-damage|p1a: Venusaur|25/100
|
|-heal|p1b: Archaludon|47/100|[from] item: Leftovers
|-damage|p1a: Venusaur|13/100|[from] move: Infestation|[partiallytrapped]
|-damage|p1b: Archaludon|34/100|[from] move: Infestation|[partiallytrapped]
|upkeep
|turn|6
|
|t:|1784648313
|switch|p2b: Charizard|Charizard, L50, M, shiny|100/100
|move|p1a: Venusaur|Sleep Powder|p2a: Toxapex
|-status|p2a: Toxapex|slp|[from] move: Sleep Powder
|move|p1b: Archaludon|Dragon Pulse|p2b: Charizard
|-damage|p2b: Charizard|56/100
|cant|p2a: Toxapex|slp
|
|-heal|p1b: Archaludon|41/100|[from] item: Leftovers
|-damage|p1a: Venusaur|1/100|[from] move: Infestation|[partiallytrapped]
|-damage|p1b: Archaludon|28/100|[from] move: Infestation|[partiallytrapped]
|upkeep
|turn|7
|
|t:|1784648339
|move|p2b: Charizard|Protect|p2b: Charizard
|-singleturn|p2b: Charizard|Protect
|cant|p2a: Toxapex|slp
|move|p1a: Venusaur|Sleep Powder|p2b: Charizard
|-activate|p2b: Charizard|move: Protect
|move|p1b: Archaludon|Electro Shot||[still]
|-prepare|p1b: Archaludon|Electro Shot
|-boost|p1b: Archaludon|spa|1
|
|-heal|p1b: Archaludon|34/100|[from] item: Leftovers
|-end|p1a: Venusaur|Infestation|[partiallytrapped]
|-end|p1b: Archaludon|Infestation|[partiallytrapped]
|upkeep
|turn|8
|
|t:|1784648391
|move|p2b: Charizard|Heat Wave|p1a: Venusaur|[spread] p1a,p1b
|-supereffective|p1a: Venusaur|1
|-damage|p1a: Venusaur|0 fnt
|-damage|p1b: Archaludon|9/100
|-status|p1b: Archaludon|brn
|-ability|p1b: Archaludon|Stamina|boost
|-boost|p1b: Archaludon|def|1
|faint|p1a: Venusaur
|move|p1b: Archaludon|Electro Shot|p2b: Charizard|[from] lockedmove
|-supereffective|p2b: Charizard|1
|-damage|p2b: Charizard|0 fnt
|faint|p2b: Charizard
|-curestatus|p2a: Toxapex|slp|[msg]
|move|p2a: Toxapex|Infestation|p1b: Archaludon
|-resisted|p1b: Archaludon|1
|-damage|p1b: Archaludon|7/100 brn
|-activate|p1b: Archaludon|move: Infestation|[of] p2a: Toxapex
|-ability|p1b: Archaludon|Stamina|boost
|-boost|p1b: Archaludon|def|1
|
|-heal|p1b: Archaludon|14/100 brn|[from] item: Leftovers
|-damage|p1b: Archaludon|7/100 brn|[from] brn
|-damage|p1b: Archaludon|0 fnt|[from] move: Infestation|[partiallytrapped]
|faint|p1b: Archaludon
|-sideend|p1: belinvgc|Reflect
|upkeep
|
|t:|1784648404
|switch|p2b: Incineroar|Incineroar, L50, M|25/100
|switch|p1a: Pelipper|Pelipper, L50, M|100/100
|switch|p1b: Grimmsnarl|Grimmsnarl, L50, M|94/100 tox
|-weather|RainDance|[from] ability: Drizzle|[of] p1a: Pelipper
|-ability|p2b: Incineroar|Intimidate|boost
|-unboost|p1a: Pelipper|atk|1
|-unboost|p1b: Grimmsnarl|atk|1
|turn|9
|
|t:|1784648419
|move|p2b: Incineroar|Fake Out|p1a: Pelipper
|-damage|p1a: Pelipper|89/100
|cant|p1a: Pelipper|flinch
|move|p1b: Grimmsnarl|Foul Play|p2b: Incineroar
|-resisted|p2b: Incineroar|1
|-damage|p2b: Incineroar|13/100
|move|p2a: Toxapex|Toxic|p1a: Pelipper
|-status|p1a: Pelipper|tox
|
|-weather|RainDance|[upkeep]
|-damage|p1a: Pelipper|83/100 tox|[from] psn
|-damage|p1b: Grimmsnarl|88/100 tox|[from] psn
|upkeep
|turn|10
|
|t:|1784648442
|move|p1a: Pelipper|Weather Ball|p2b: Incineroar
|-supereffective|p2b: Incineroar|1
|-damage|p2b: Incineroar|0 fnt
|faint|p2b: Incineroar
|move|p1b: Grimmsnarl|Foul Play|p2a: Toxapex
|-damage|p2a: Toxapex|84/100
|move|p2a: Toxapex|Infestation|p1a: Pelipper
|-resisted|p1a: Pelipper|1
|-damage|p1a: Pelipper|81/100 tox
|-activate|p1a: Pelipper|move: Infestation|[of] p2a: Toxapex
|
|-weather|RainDance|[upkeep]
|-heal|p2a: Toxapex|90/100|[from] item: Leftovers
|-damage|p1a: Pelipper|69/100 tox|[from] psn
|-damage|p1b: Grimmsnarl|76/100 tox|[from] psn
|-damage|p1a: Pelipper|57/100 tox|[from] move: Infestation|[partiallytrapped]
|upkeep
|turn|11
|
|t:|1784648454
|move|p2a: Toxapex|Baneful Bunker|p2a: Toxapex
|-singleturn|p2a: Toxapex|move: Protect
|move|p1a: Pelipper|Hurricane|p2a: Toxapex
|-activate|p2a: Toxapex|move: Protect
|move|p1b: Grimmsnarl|Foul Play|p2a: Toxapex
|-activate|p2a: Toxapex|move: Protect
|
|-weather|RainDance|[upkeep]
|-heal|p2a: Toxapex|96/100|[from] item: Leftovers
|-damage|p1a: Pelipper|39/100 tox|[from] psn
|-damage|p1b: Grimmsnarl|58/100 tox|[from] psn
|-damage|p1a: Pelipper|27/100 tox|[from] move: Infestation|[partiallytrapped]
|upkeep
|-enditem|p1a: Pelipper|Sitrus Berry|[eat]
|-heal|p1a: Pelipper|52/100 tox|[from] item: Sitrus Berry
|turn|12
|
|t:|1784648459
|move|p1a: Pelipper|Hurricane|p2a: Toxapex
|-damage|p2a: Toxapex|64/100
|move|p1b: Grimmsnarl|Foul Play|p2a: Toxapex
|-damage|p2a: Toxapex|50/100g
|move|p2a: Toxapex|Infestation|p1b: Grimmsnarl
|-damage|p1b: Grimmsnarl|55/100 tox
|-activate|p1b: Grimmsnarl|move: Infestation|[of] p2a: Toxapex
|
|-weather|RainDance|[upkeep]
|-heal|p2a: Toxapex|56/100|[from] item: Leftovers
|-damage|p1a: Pelipper|28/100 tox|[from] psn
|-damage|p1b: Grimmsnarl|31/100 tox|[from] psn
|-damage|p1a: Pelipper|16/100 tox|[from] move: Infestation|[partiallytrapped]
|-damage|p1b: Grimmsnarl|19/100 tox|[from] move: Infestation|[partiallytrapped]
|upkeep
|turn|13
|
|t:|1784648467
|move|p2a: Toxapex|Baneful Bunker|p2a: Toxapex
|-singleturn|p2a: Toxapex|move: Protect
|move|p1a: Pelipper|Hurricane|p2a: Toxapex
|-activate|p2a: Toxapex|move: Protect
|move|p1b: Grimmsnarl|Foul Play|p2a: Toxapex
|-activate|p2a: Toxapex|move: Protect
|
|-weather|none
|-heal|p2a: Toxapex|62/100|[from] item: Leftovers
|-damage|p1a: Pelipper|0 fnt|[from] psn
|faint|p1a: Pelipper
|-damage|p1b: Grimmsnarl|0 fnt|[from] psn
|faint|p1b: Grimmsnarl
|
|win|TheDoomDraogn
||belinvgc is ready for game 2.
||TheDoomDraogn is ready for game 2.
|uhtml|next|Next: Game 2 of 3
|l|☆belinvgc
|player|p1|
