|j|☆Googy11
|j|☆okester
|html|Googy11okester    
|uhtml|bestof|Game 2 of a best-of-3
|t:|1783992977
|gametype|doubles
|player|p1|Googy11|ethan|
|player|p2|okester|265|
|gen|9
|tier|[Gen 9 Champions] VGC 2026 Reg M-B (Bo3)
|rule|Species Clause: Limit one of each Pokémon
|rule|Item Clause: Limit 1 of each item
|clearpoke
|poke|p1|Sceptile, L50, M|
|poke|p1|Rotom-Heat, L50|
|poke|p1|Mamoswine, L50, F|
|poke|p1|Tinkaton, L50, F|
|poke|p1|Gardevoir, L50, F, shiny|
|poke|p1|Basculegion, L50, M|
|poke|p2|Dragonite, L50, M|
|poke|p2|Gholdengo, L50|
|poke|p2|Talonflame, L50, F|
|poke|p2|Medicham, L50, M|
|poke|p2|Stunfisk, L50, F|
|poke|p2|Azumarill, L50, M|
|teampreview|4
|showteam|p1|Sceptile||Sceptilite|Overgrow|DragonPulse,EarthPower,EnergyBall,Protect|Timid||M|||50|]Rotom-Heat||ChoiceScarf|Levitate|Electroweb,Discharge,Overheat,VoltSwitch|Timid|||||50|]Mamoswine||FocusSash|Oblivious|RockSlide,IcicleCrash,HighHorsepower,Protect|Jolly||F|||50|]Tinkaton||SitrusBerry|MoldBreaker|FakeOut,PlayRough,KnockOff,Protect|Adamant||F|||50|]Gardevoir||Gardevoirite|Synchronize|HyperVoice,MysticalFire,Thunderbolt,Protect|Modest||F|||50|]Basculegion||LifeOrb|Adaptability|WaveCrash,AquaJet,LastRespects,Protect|Jolly||M|||50|
|showteam|p2|Dragonite||Dragoninite|Multiscale|DracoMeteor,IceBeam,AirSlash,ExtremeSpeed|Modest||M|||50|]Gholdengo||LifeOrb|GoodasGold|MakeItRain,ShadowBall,DazzlingGleam,NastyPlot|Modest|||||50|]Talonflame||SharpBeak|GaleWings|Tailwind,Protect,FlareBlitz,BraveBird|Jolly||F|||50|]Medicham||Medichamite|PurePower|FakeOut,CloseCombat,PoisonJab,RockSlide|Brave||M|||50|]Stunfisk||ExpertBelt|Static|Protect,SuckerPunch,EarthPower,Thunderbolt|Modest||F|||50|]Azumarill||SitrusBerry|HugePower|PlayRough,AquaJet,Protect,GrassKnot|Adamant||M|||50|
|
|t:|1783993009
|teamsize|p1|4
|teamsize|p2|4
|start
|switch|p1a: Rotom|Rotom-Heat, L50|100/100
|switch|p1b: Sceptile|Sceptile, L50, M|100/100
|switch|p2a: Medicham|Medicham, L50, M|100/100
|switch|p2b: Dragonite|Dragonite, L50, M|100/100
|turn|1
|
|t:|1783993040
|detailschange|p1b: Sceptile|Sceptile-Mega, L50, M
|-mega|p1b: Sceptile|Sceptile|Sceptilite
|move|p1b: Sceptile|Protect|p1b: Sceptile
|-singleturn|p1b: Sceptile|Protect
|move|p2a: Medicham|Fake Out|p1a: Rotom
|-damage|p1a: Rotom|73/100
|cant|p1a: Rotom|flinch
|move|p2b: Dragonite|Air Slash|p1b: Sceptile
|-activate|p1b: Sceptile|move: Protect
|
|upkeep
|turn|2
|
|t:|1783993057
|switch|p2a: Stunfisk|Stunfisk, L50, F|100/100
|detailschange|p2b: Dragonite|Dragonite-Mega, L50, M
|-mega|p2b: Dragonite|Dragonite|Dragoninite
|move|p1a: Rotom|Discharge|p2b: Dragonite|[spread] p2b
|-ability|p1b: Sceptile|Lightning Rod|boost
|-boost|p1b: Sceptile|spa|1
|-immune|p2a: Stunfisk
|-damage|p2b: Dragonite|88/100
|move|p1b: Sceptile|Dragon Pulse|p2b: Dragonite
|-supereffective|p2b: Dragonite|1
|-damage|p2b: Dragonite|0 fnt
|faint|p2b: Dragonite
|
|upkeep
|
|t:|1783993076
|switch|p2b: Gholdengo|Gholdengo, L50|100/100
|turn|3
|
|t:|1783993088
|move|p2a: Stunfisk|Protect|p2a: Stunfisk
|-singleturn|p2a: Stunfisk|Protect
|move|p1a: Rotom|Discharge|p2a: Stunfisk|[spread] p2b
|-activate|p2a: Stunfisk|move: Protect
|-ability|p1b: Sceptile|Lightning Rod|boost
|-boost|p1b: Sceptile|spa|1
|-damage|p2b: Gholdengo|70/100
|move|p1b: Sceptile|Earth Power|p2b: Gholdengo
|-supereffective|p2b: Gholdengo|1
|-damage|p2b: Gholdengo|0 fnt
|faint|p2b: Gholdengo
|
|upkeep
|
|t:|1783993101
|switch|p2b: Medicham|Medicham, L50, M|100/100
|turn|4
|
|t:|1783993114
|switch|p1a: Basculegion|Basculegion, L50, M|100/100
|move|p1b: Sceptile|Protect|p1b: Sceptile
|-singleturn|p1b: Sceptile|Protect
|move|p2a: Stunfisk|Sucker Punch||[still]
|-fail|p2a: Stunfisk
|move|p2b: Medicham|Rock Slide|p1b: Sceptile|[spread] p1a
|-activate|p1b: Sceptile|move: Protect
|-damage|p1a: Basculegion|63/100
|
|upkeep
|turn|5
|
|t:|1783993133
|move|p1a: Basculegion|Protect|p1a: Basculegion
|-singleturn|p1a: Basculegion|Protect
|move|p1b: Sceptile|Energy Ball|p2b: Medicham
|-damage|p2b: Medicham|0 fnt
|faint|p2b: Medicham
|move|p2a: Stunfisk|Thunderbolt|p1b: Sceptile
|-activate|p1b: Sceptile|ability: Lightning Rod
|-ability|p1b: Sceptile|Lightning Rod|boost
|-boost|p1b: Sceptile|spa|1
|
|upkeep
|turn|6
|c|☆Googy11|ggs
|
|t:|1783993147
|switch|p1a: Mamoswine|Mamoswine, L50, F|100/100
|move|p2a: Stunfisk|Sucker Punch||[still]
|-fail|p2a: Stunfisk
|move|p1b: Sceptile|Energy Ball|p2a: Stunfisk
|-supereffective|p2a: Stunfisk|1
|-damage|p2a: Stunfisk|0 fnt
|faint|p2a: Stunfisk
|
|win|Googy11
