|j|☆Bliffopilc
|j|☆naibot2814
|html|Bliffopilcnaibot2814    
|uhtml|bestof|Game 3 of a best-of-3
|t:|1784736904
|gametype|doubles
|player|p1|Bliffopilc|170|1283
|player|p2|naibot2814|colress|1365
|gen|9
|tier|[Gen 9 Champions] VGC 2026 Reg M-B (Bo3)
|rated|
|rule|Species Clause: Limit one of each Pokémon
|rule|Item Clause: Limit 1 of each item
|clearpoke
|poke|p1|Morpeko, L50, F|
|poke|p1|Staraptor, L50, M|
|poke|p1|Milotic, L50, M|
|poke|p1|Delphox, L50, M|
|poke|p1|Garchomp, L50, F|
|poke|p1|Sinistcha-Masterpiece, L50|
|poke|p2|Charizard, L50, M|
|poke|p2|Whimsicott, L50, F|
|poke|p2|Kingambit, L50, M, shiny|
|poke|p2|Basculegion, L50, M|
|poke|p2|Garchomp, L50, M, shiny|
|poke|p2|Floette-Eternal, L50, F|
|teampreview|4
|showteam|p1|Morpeko||FocusSash|HungerSwitch|AuraWheel,FakeOut,Endeavor,Protect|Adamant||F|||50|]Staraptor||Staraptite|Intimidate|CloseCombat,BraveBird,Tailwind,Protect|Jolly||M|||50|]Milotic||Leftovers|Competitive|MuddyWater,Coil,Protect,Hypnosis|Calm||M|||50|]Delphox||Delphoxite|Blaze|HeatWave,Psyshock,NastyPlot,Protect|Modest||M|||50|]Garchomp||LifeOrb|RoughSkin|Earthquake,DragonClaw,RockSlide,Protect|Jolly||F|||50|]Sinistcha-Masterpiece||ColburBerry|Hospitality|MatchaGotcha,ShadowBall,RagePowder,Protect|Calm|||||50|
|showteam|p2|Charizard||CharizarditeY|Blaze|HeatWave,WeatherBall,SolarBeam,Protect|Modest||M|||50|]Whimsicott||FocusSash|Prankster|Protect,Moonblast,Encore,Tailwind|Timid||F|||50|]Kingambit||BlackGlasses|Defiant|KowtowCleave,SuckerPunch,IronHead,Protect|Adamant||M|||50|]Basculegion||MysticWater|Adaptability|WaveCrash,LastRespects,AquaJet,Protect|Adamant||M|||50|]Garchomp||LifeOrb|RoughSkin|Earthquake,RockSlide,DragonClaw,Protect|Jolly||M|||50|]Floette-Eternal||Floettite|FlowerVeil|Moonblast,DazzlingGleam,LightofRuin,Protect|Modest||F|||50|
|inactive|Battle timer is ON: inactive players will automatically lose when time's up. (requested by Bliffopilc)
|inactive|naibot2814 has 60 seconds left.
|
|t:|1784736939
|teamsize|p1|4
|teamsize|p2|4
|start
|switch|p1a: Milotic|Milotic, L50, M|100/100
|switch|p1b: Morpeko|Morpeko, L50, F|100/100
|switch|p2a: Kingambit|Kingambit, L50, M, shiny|100/100
|switch|p2b: Floette|Floette-Eternal, L50, F|100/100
|turn|1
|
|t:|1784736953
|detailschange|p2b: Floette|Floette-Mega, L50, F
|-mega|p2b: Floette|Floette|Floettite
|-ability|p2b: Floette|Fairy Aura
|move|p1b: Morpeko|Fake Out|p2b: Floette
|-damage|p2b: Floette|83/100
|cant|p2b: Floette|flinch
|move|p1a: Milotic|Coil|p1a: Milotic
|-boost|p1a: Milotic|atk|1
|-boost|p1a: Milotic|def|1
|-boost|p1a: Milotic|accuracy|1
|move|p2a: Kingambit|Kowtow Cleave|p1a: Milotic
|-damage|p1a: Milotic|65/100
|
|-heal|p1a: Milotic|71/100|[from] item: Leftovers
|-formechange|p1b: Morpeko|Morpeko-Hangry|
|upkeep
|turn|2
|inactive|Bliffopilc has 30 seconds left.
|inactive|naibot2814 has 30 seconds left.
|
|t:|1784736980
|move|p1a: Milotic|Protect|p1a: Milotic
|-singleturn|p1a: Milotic|Protect
|move|p2a: Kingambit|Sucker Punch|p1b: Morpeko
|-resisted|p1b: Morpeko|1
|-damage|p1b: Morpeko|48/100
|move|p2b: Floette|Dazzling Gleam|p1b: Morpeko|[spread] p1b
|-activate|p1a: Milotic|move: Protect
|-supereffective|p1b: Morpeko|1
|-damage|p1b: Morpeko|0 fnt
|faint|p1b: Morpeko
|
|-heal|p1a: Milotic|77/100|[from] item: Leftovers
|upkeep
|
|t:|1784736990
|switch|p1b: Delphox|Delphox, L50, M|100/100
|turn|3
|
|t:|1784737008
|detailschange|p1b: Delphox|Delphox-Mega, L50, M
|-mega|p1b: Delphox|Delphox|Delphoxite
|move|p1b: Delphox|Nasty Plot|p1b: Delphox
|-boost|p1b: Delphox|spa|2
|move|p2b: Floette|Light of Ruin|p1a: Milotic
|-damage|p1a: Milotic|7/100
|-damage|p2b: Floette|38/100|[from] Recoil
|move|p1a: Milotic|Hypnosis|p2a: Kingambit
|-status|p2a: Kingambit|slp|[from] move: Hypnosis
|cant|p2a: Kingambit|slp
|
|-heal|p1a: Milotic|13/100|[from] item: Leftovers
|upkeep
|turn|4
|inactive|naibot2814 has 30 seconds left.
|
|t:|1784737037
|switch|p2a: Garchomp|Garchomp, L50, M, shiny|100/100
|move|p2b: Floette|Protect|p2b: Floette
|-singleturn|p2b: Floette|Protect
|move|p1b: Delphox|Heat Wave|p2a: Garchomp|[spread] p2a
|-activate|p2b: Floette|move: Protect
|-resisted|p2a: Garchomp|1
|-damage|p2a: Garchomp|58/100
|-status|p2a: Garchomp|brn
|move|p1a: Milotic|Muddy Water|p2a: Garchomp|[spread] p2a
|-activate|p2b: Floette|move: Protect
|-damage|p2a: Garchomp|34/100 brn
|
|-heal|p1a: Milotic|19/100|[from] item: Leftovers
|-damage|p2a: Garchomp|28/100 brn|[from] brn
|upkeep
|turn|5
|
|t:|1784737056
|move|p1b: Delphox|Heat Wave|p2a: Garchomp|[spread] p2a,p2b
|-resisted|p2a: Garchomp|1
|-damage|p2a: Garchomp|0 fnt
|-damage|p2b: Floette|0 fnt
|faint|p2a: Garchomp
|faint|p2b: Floette
|move|p1a: Milotic|Muddy Water|p2: Garchomp|[notarget]
|-fail|p1a: Milotic
|
|-heal|p1a: Milotic|25/100|[from] item: Leftovers
|upkeep
|
|t:|1784737059
|switch|p2a: Whimsicott|Whimsicott, L50, F|100/100
|switch|p2b: Kingambit|Kingambit, L50, M, shiny|100/100 slp
|turn|6
|inactive|Bliffopilc has 30 seconds left.
|
|t:|1784737092
|switch|p1a: Sinistcha|Sinistcha-Masterpiece, L50|100/100
|move|p1b: Delphox|Protect|p1b: Delphox
|-singleturn|p1b: Delphox|Protect
|cant|p2b: Kingambit|slp
|move|p2a: Whimsicott|Moonblast|p1a: Sinistcha
|-damage|p1a: Sinistcha|67/100
|
|upkeep
|turn|7
|
|t:|1784737102
|move|p1a: Sinistcha|Rage Powder|p1a: Sinistcha
|-singleturn|p1a: Sinistcha|move: Rage Powder
|move|p2a: Whimsicott|Encore|p1b: Delphox
|-start|p1b: Delphox|Encore
|move|p1b: Delphox|Protect||[still]
|-fail|p1b: Delphox
|-curestatus|p2b: Kingambit|slp|[msg]
|move|p2b: Kingambit|Kowtow Cleave|p1a: Sinistcha
|-supereffective|p1a: Sinistcha|1
|-enditem|p1a: Sinistcha|Colbur Berry|[eat]
|-enditem|p1a: Sinistcha|Colbur Berry|[weaken]
|-damage|p1a: Sinistcha|13/100
|
|upkeep
|turn|8
|
|t:|1784737119
|move|p1b: Delphox|Protect|p1b: Delphox
|-singleturn|p1b: Delphox|Protect
|move|p1a: Sinistcha|Protect|p1a: Sinistcha
|-singleturn|p1a: Sinistcha|Protect
|move|p2a: Whimsicott|Moonblast|p1a: Sinistcha
|-activate|p1a: Sinistcha|move: Protect
|move|p2b: Kingambit|Kowtow Cleave|p1b: Delphox
|-activate|p1b: Delphox|move: Protect
|
|upkeep
|turn|9
|-message|Bliffopilc forfeited.
|
|win|naibot2814
|raw|Bliffopilc's rating: 1283 → 1264(-19 for losing)
|raw|naibot2814's rating: 1365 → 1380(+15 for winning)
|l|☆Bliffopilc
|player|p1|
