|j|ﻗ»│BracingBike5323
|j|ﻗ»│lipeater444
|html|BracingBike5323lipeater444    
|uhtml|bestof|Game 2 of a best-of-3
|t:|1783708888
|gametype|doubles
|player|p1|BracingBike5323|101|
|player|p2|lipeater444|skierf-gen4dp|
|gen|9
|tier|[Gen 9 Champions] VGC 2026 Reg M-B (Bo3)
|rule|Species Clause: Limit one of each Pokﺃﺏmon
|rule|Item Clause: Limit 1 of each item
|clearpoke
|poke|p1|Lopunny, L50, F|
|poke|p1|Vivillon, L50, M|
|poke|p1|Garchomp, L50, M|
|poke|p1|Aegislash, L50, M|
|poke|p1|Sylveon, L50, F|
|poke|p1|Basculegion, L50, M|
|poke|p2|Torkoal, L50, M, shiny|
|poke|p2|Trevenant, L50, M, shiny|
|poke|p2|Scrafty, L50, M|
|poke|p2|Aegislash, L50, M|
|poke|p2|Venusaur, L50, M, shiny|
|poke|p2|Charizard, L50, M|
|teampreview|4
|showteam|p1|Lopunny||Lopunnite|Limber|CloseCombat,GigaImpact,FakeOut,Encore|Adamant||F|||50|]Vivillon||FocusSash|CompoundEyes|SleepPowder,Tailwind,Hurricane,Protect|Timid||M|||50|]Garchomp||LumBerry|SandVeil|DragonClaw,Earthquake,RockSlide,Protect|Adamant||M|||50|]Aegislash||SpellTag|StanceChange|Poltergeist,SacredSword,ShadowSneak,KingsShield|Brave||M|||50|]Sylveon||FairyFeather|Pixilate|HyperBeam,HyperVoice,MysticalFire,Detect|Modest||F|||50|]Basculegion||ChoiceScarf|Adaptability|LastRespects,Liquidation,WaveCrash,AquaJet|Jolly||M|||50|
|showteam|p2|Torkoal||Charcoal|Drought|HeatWave,EarthPower,SolarBeam,Protect|Quiet||M|||50|]Trevenant||SitrusBerry|Harvest|TrickRoom,HornLeech,Poltergeist,Protect|Brave||M|||50|]Scrafty||Scraftinite|Intimidate|FakeOut,CloseCombat,KnockOff,Protect|Brave||M|||50|]Aegislash||ColburBerry|StanceChange|WideGuard,IronHead,ShadowSneak,KingsShield|Careful||M|||50|]Venusaur||LifeOrb|Chlorophyll|SleepPowder,SolarBeam,SludgeBomb,Protect|Modest||M|||50|]Charizard||CharizarditeY|SolarPower|WeatherBall,SolarBeam,ScorchingSands,Protect|Timid||M|||50|
|
|t:|1783708920
|teamsize|p1|4
|teamsize|p2|4
|start
|switch|p1a: Lopunny|Lopunny, L50, F|100/100
|switch|p1b: Vivillon|Vivillon, L50, M|100/100
|switch|p2a: Niﺃ١ito|Trevenant, L50, M, shiny|100/100
|switch|p2b: Machito|Scrafty, L50, M|100/100
|-ability|p2b: Machito|Intimidate|boost
|-unboost|p1a: Lopunny|atk|1
|-unboost|p1b: Vivillon|atk|1
|turn|1
|
|t:|1783708962
|detailschange|p1a: Lopunny|Lopunny-Mega, L50, F
|-mega|p1a: Lopunny|Lopunny|Lopunnite
|move|p1a: Lopunny|Fake Out|p2b: Machito
|-damage|p2b: Machito|84/100
|cant|p2b: Machito|flinch
|move|p1b: Vivillon|Hurricane|p2a: Niﺃ١ito
|-supereffective|p2a: Niﺃ١ito|1
|-damage|p2a: Niﺃ١ito|2/100
|-enditem|p2a: Niﺃ١ito|Sitrus Berry|[eat]
|-heal|p2a: Niﺃ١ito|27/100|[from] item: Sitrus Berry
|move|p2a: Niﺃ١ito|Trick Room|p2a: Niﺃ١ito
|-fieldstart|move: Trick Room|[of] p2a: Niﺃ١ito
|
|-item|p2a: Niﺃ١ito|Sitrus Berry|[from] ability: Harvest
|upkeep
|-enditem|p2a: Niﺃ١ito|Sitrus Berry|[eat]
|-heal|p2a: Niﺃ١ito|51/100|[from] item: Sitrus Berry
|turn|2
|c|ﻗ»│BracingBike5323|aww man
|
|t:|1783709013
|detailschange|p2b: Machito|Scrafty-Mega, L50, M
|-mega|p2b: Machito|Scrafty|Scraftinite
|-ability|p2b: Machito|Intimidate|boost
|-fail|p1a: Lopunny|unboost|Attack|[from] ability: Scrappy|[of] p1a: Lopunny
|-unboost|p1b: Vivillon|atk|1
|move|p2a: Niﺃ١ito|Poltergeist|p1b: Vivillon
|-activate|p1b: Vivillon|move: Poltergeist|Focus Sash
|-enditem|p1b: Vivillon|Focus Sash
|-damage|p1b: Vivillon|1/100
|move|p2b: Machito|Close Combat|p1a: Lopunny
|-supereffective|p1a: Lopunny|1
|-damage|p1a: Lopunny|0 fnt
|-unboost|p2b: Machito|def|1
|-unboost|p2b: Machito|spd|1
|faint|p1a: Lopunny
|move|p1b: Vivillon|Hurricane|p2b: Machito
|-supereffective|p2b: Machito|1
|-crit|p2b: Machito
|-damage|p2b: Machito|0 fnt
|faint|p2b: Machito
|
|-item|p2a: Niﺃ١ito|Sitrus Berry|[from] ability: Harvest
|upkeep
|
|t:|1783709034
|switch|p2b: Gordito|Torkoal, L50, M, shiny|100/100
|switch|p1a: Sylveon|Sylveon, L50, F|100/100
|-weather|SunnyDay|[from] ability: Drought|[of] p2b: Gordito
|turn|3
|
|t:|1783709050
|move|p1b: Vivillon|Protect|p1b: Vivillon
|-singleturn|p1b: Vivillon|Protect
|move|p2b: Gordito|Heat Wave|p1b: Vivillon|[spread] p1a
|-activate|p1b: Vivillon|move: Protect
|-damage|p1a: Sylveon|59/100
|move|p2a: Niﺃ١ito|Horn Leech|p1a: Sylveon
|-damage|p1a: Sylveon|9/100
|-heal|p2a: Niﺃ١ito|78/100|[from] drain|[of] p1a: Sylveon
|move|p1a: Sylveon|Mystical Fire|p2a: Niﺃ١ito
|-supereffective|p2a: Niﺃ١ito|1
|-damage|p2a: Niﺃ١ito|0 fnt
|faint|p2a: Niﺃ١ito
|
|-weather|SunnyDay|[upkeep]
|upkeep
|
|t:|1783709053
|switch|p2a: Cortito|Aegislash, L50, M|100/100
|turn|4
|
|t:|1783709077
|switch|p1b: Garchomp|Garchomp, L50, M|100/100
|move|p1a: Sylveon|Detect|p1a: Sylveon
|-singleturn|p1a: Sylveon|Protect
|-formechange|p2a: Cortito|Aegislash-Blade|
|move|p2a: Cortito|Shadow Sneak|p1b: Garchomp
|-damage|p1b: Garchomp|77/100
|move|p2b: Gordito|Earth Power|p1a: Sylveon
|-activate|p1a: Sylveon|move: Protect
|
|-weather|SunnyDay|[upkeep]
|upkeep
|turn|5
|
|t:|1783709099
|move|p2a: Cortito|Wide Guard|p2a: Cortito
|-singleturn|p2a: Cortito|Wide Guard
|move|p2b: Gordito|Heat Wave|p1b: Garchomp|[spread] p1a,p1b
|-resisted|p1b: Garchomp|1
|-damage|p1a: Sylveon|0 fnt
|-damage|p1b: Garchomp|46/100
|-status|p1b: Garchomp|brn
|-enditem|p1b: Garchomp|Lum Berry|[eat]
|-curestatus|p1b: Garchomp|brn|[msg]
|faint|p1a: Sylveon
|move|p1b: Garchomp|Earthquake|p2b: Gordito|[spread] 
|-activate|p2a: Cortito|move: Wide Guard
|-activate|p2b: Gordito|move: Wide Guard
|
|-weather|SunnyDay|[upkeep]
|-fieldend|move: Trick Room
|upkeep
|
|t:|1783709112
|switch|p1a: Vivillon|Vivillon, L50, M|1/100
|turn|6
|
|t:|1783709197
|move|p1b: Garchomp|Protect|p1b: Garchomp
|-singleturn|p1b: Garchomp|Protect
|-formechange|p2a: Cortito|Aegislash|
|move|p2a: Cortito|King's Shield||[still]
|-fail|p2a: Cortito
|move|p2b: Gordito|Protect|p2b: Gordito
|-singleturn|p2b: Gordito|Protect
|move|p1a: Vivillon|Tailwind|p1a: Vivillon
|-sidestart|p1: BracingBike5323|move: Tailwind
|
|-weather|SunnyDay|[upkeep]
|upkeep
|turn|7
|
|t:|1783709213
|move|p2a: Cortito|Wide Guard|p2a: Cortito
|-singleturn|p2a: Cortito|Wide Guard
|move|p1a: Vivillon|Sleep Powder|p2b: Gordito
|-status|p2b: Gordito|slp|[from] move: Sleep Powder
|move|p1b: Garchomp|Earthquake|p2a: Cortito|[spread] 
|-activate|p2a: Cortito|move: Wide Guard
|-activate|p2b: Gordito|move: Wide Guard
|-immune|p1a: Vivillon
|cant|p2b: Gordito|slp
|
|-weather|none
|upkeep
|turn|8
|
|t:|1783709233
|move|p1a: Vivillon|Protect|p1a: Vivillon
|-singleturn|p1a: Vivillon|Protect
|move|p2a: Cortito|Wide Guard|p2a: Cortito
|-singleturn|p2a: Cortito|Wide Guard
|move|p1b: Garchomp|Dragon Claw|p2b: Gordito
|-damage|p2b: Gordito|63/100 slp
|-curestatus|p2b: Gordito|slp|[msg]
|move|p2b: Gordito|Heat Wave|p1b: Garchomp|[spread] p1b
|-activate|p1a: Vivillon|move: Protect
|-resisted|p1b: Garchomp|1
|-crit|p1b: Garchomp
|-damage|p1b: Garchomp|17/100
|
|upkeep
|turn|9
|
|t:|1783709265
|-formechange|p2a: Cortito|Aegislash-Blade|
|move|p2a: Cortito|Shadow Sneak|p1b: Garchomp
|-damage|p1b: Garchomp|0 fnt
|faint|p1b: Garchomp
|move|p1a: Vivillon|Sleep Powder|p2b: Gordito
|-status|p2b: Gordito|slp|[from] move: Sleep Powder
|cant|p2b: Gordito|slp
|
|-sideend|p1: BracingBike5323|move: Tailwind
|upkeep
|turn|10
|
|t:|1783709275
|move|p2a: Cortito|Shadow Sneak|p1a: Vivillon
|-damage|p1a: Vivillon|0 fnt
|faint|p1a: Vivillon
|
|win|lipeater444
||BracingBike5323 is ready for game 3.
||lipeater444 is ready for game 3.
|uhtml|next|Next: Game 3 of 3
