|j|☆TrainerChrxs
|j|☆starlight74
|html|TrainerChrxsstarlight74    
|uhtml|bestof|Game 1 of a best-of-3
|t:|1784089301
|gametype|doubles
|player|p1|TrainerChrxs|psychic-gen4|1361
|player|p2|starlight74|anabel-gen7|1465
|gen|9
|tier|[Gen 9 Champions] VGC 2026 Reg M-B (Bo3)
|rated|
|rule|Species Clause: Limit one of each Pokémon
|rule|Item Clause: Limit 1 of each item
|clearpoke
|poke|p1|Glimmora, L50, M|
|poke|p1|Ninetales-Alola, L50, F|
|poke|p1|Rotom-Heat, L50|
|poke|p1|Gyarados, L50, F|
|poke|p1|Sinistcha, L50|
|poke|p1|Sneasler, L50, M|
|poke|p2|Froslass, L50, F|
|poke|p2|Dragonite, L50, M|
|poke|p2|Sneasler, L50, F|
|poke|p2|Kingambit, L50, F|
|poke|p2|Blaziken, L50, F|
|poke|p2|Rotom-Wash, L50|
|teampreview|4
|showteam|p1|Glimmora||Glimmoranite|ToxicDebris|SpikyShield,SludgeBomb,AncientPower,EarthPower|Timid||M|||50|]Ninetales-Alola||LightClay|SnowWarning|Protect,Blizzard,FreezeDry,AuroraVeil|Timid||F|||50|]Rotom-Heat||SitrusBerry|Levitate|Protect,Overheat,Thunderbolt,VoltSwitch|Modest|||||50|]Gyarados||Gyaradosite|Intimidate|Protect,Waterfall,Crunch,DragonDance|Jolly||F|||50|]Sinistcha||OccaBerry|Hospitality|RagePowder,MatchaGotcha,TrickRoom,LifeDew|Calm|||||50|]Sneasler||WhiteHerb|Unburden|FakeOut,DireClaw,CloseCombat,Coaching|Jolly||M|||50|
|showteam|p2|Froslass||Froslassite|CursedBody|Blizzard,ShadowBall,AuroraVeil,Protect|Timid||F|||50|]Dragonite||LifeOrb|InnerFocus|DragonClaw,ExtremeSpeed,LowKick,Protect|Adamant||M|||50|]Sneasler||FocusSash|PoisonTouch|CloseCombat,PoisonJab,FakeOut,Protect|Jolly||F|||50|]Kingambit||BlackGlasses|Defiant|KowtowCleave,IronHead,SuckerPunch,Protect|Adamant||F|||50|]Blaziken||Blazikenite|SpeedBoost|CloseCombat,FlareBlitz,RockSlide,Protect|Adamant||F|||50|]Rotom-Wash||ChoiceScarf|Levitate|Thunderbolt,VoltSwitch,HydroPump,Trick|Timid|||||50|
|inactive|Battle timer is ON: inactive players will automatically lose when time's up. (requested by starlight74)
|inactive|starlight74 has 60 seconds left.
|
|t:|1784089344
|teamsize|p1|4
|teamsize|p2|4
|start
|switch|p1a: Ninetales|Ninetales-Alola, L50, F|100/100
|switch|p1b: Glimmora|Glimmora, L50, M|100/100
|switch|p2a: Rotom|Rotom-Wash, L50|100/100
|switch|p2b: Kingambit|Kingambit, L50, F|100/100
|-weather|Snowscape|[from] ability: Snow Warning|[of] p1a: Ninetales
|turn|1
|
|t:|1784089366
|move|p1b: Glimmora|Spiky Shield|p1b: Glimmora
|-singleturn|p1b: Glimmora|move: Protect
|move|p2a: Rotom|Hydro Pump|p1b: Glimmora
|-activate|p1b: Glimmora|move: Protect
|move|p1a: Ninetales|Aurora Veil|p1a: Ninetales
|-sidestart|p1: TrainerChrxs|move: Aurora Veil
|move|p2b: Kingambit|Iron Head|p1a: Ninetales
|-supereffective|p1a: Ninetales|2
|-damage|p1a: Ninetales|0 fnt
|faint|p1a: Ninetales
|
|-weather|Snowscape|[upkeep]
|upkeep
|c|☆starlight74|why so ancient
|
|t:|1784089375
|switch|p1a: Sinistcha|Sinistcha, L50|100/100
|turn|2
|
|t:|1784089396
|switch|p1a: Rotom|Rotom-Heat, L50|100/100
|detailschange|p1b: Glimmora|Glimmora-Mega, L50, M
|-mega|p1b: Glimmora|Glimmora|Glimmoranite
|move|p2a: Rotom|Hydro Pump|p1b: Glimmora
|-supereffective|p1b: Glimmora|1
|-damage|p1b: Glimmora|16/100
|move|p1b: Glimmora|Earth Power|p2b: Kingambit
|-supereffective|p2b: Kingambit|1
|-damage|p2b: Kingambit|28/100
|move|p2b: Kingambit|Kowtow Cleave|p1b: Glimmora
|-damage|p1b: Glimmora|0 fnt
|faint|p1b: Glimmora
|
|-weather|Snowscape|[upkeep]
|upkeep
|
|t:|1784089411
|switch|p1b: Sinistcha|Sinistcha, L50|100/100
|turn|3
|
|t:|1784089431
|move|p2a: Rotom|Hydro Pump|p1a: Rotom
|-supereffective|p1a: Rotom|1
|-damage|p1a: Rotom|35/100
|-enditem|p1a: Rotom|Sitrus Berry|[eat]
|-heal|p1a: Rotom|60/100|[from] item: Sitrus Berry
|move|p1a: Rotom|Thunderbolt|p2b: Kingambit
|-damage|p2b: Kingambit|0 fnt
|faint|p2b: Kingambit
|move|p1b: Sinistcha|Trick Room|p1b: Sinistcha
|-fieldstart|move: Trick Room|[of] p1b: Sinistcha
|
|-weather|Snowscape|[upkeep]
|upkeep
|
|t:|1784089440
|switch|p2b: Blaziken|Blaziken, L50, F|100/100
|turn|4
|
|t:|1784089457
|switch|p2a: Dragonite|Dragonite, L50, M|100/100
|detailschange|p2b: Blaziken|Blaziken-Mega, L50, F
|-mega|p2b: Blaziken|Blaziken|Blazikenite
|move|p1b: Sinistcha|Matcha Gotcha|p2a: Dragonite|[spread] p2a,p2b
|-resisted|p2a: Dragonite|2
|-resisted|p2b: Blaziken|1
|-damage|p2a: Dragonite|94/100
|-damage|p2b: Blaziken|85/100
|-status|p2a: Dragonite|brn
|move|p1a: Rotom|Thunderbolt|p2a: Dragonite
|-damage|p2a: Dragonite|59/100 brn
|move|p2b: Blaziken|Rock Slide|p1b: Sinistcha|[spread] p1a,p1b
|-supereffective|p1a: Rotom|1
|-crit|p1a: Rotom
|-damage|p1a: Rotom|0 fnt
|-damage|p1b: Sinistcha|85/100
|faint|p1a: Rotom
|
|-weather|Snowscape|[upkeep]
|-damage|p2a: Dragonite|53/100 brn|[from] brn
|-ability|p2b: Blaziken|Speed Boost|boost
|-boost|p2b: Blaziken|spe|1
|upkeep
|turn|5
|-message|TrainerChrxs forfeited.
|
|win|starlight74
