|j|☆Caporosso74
|j|☆Crying Flurmels
|html|Caporosso74Crying Flurmels    
|uhtml|bestof|Game 2 of a best-of-3
|t:|1756826443
|gametype|doubles
|player|p1|Caporosso74|170|1090
|player|p2|Crying Flurmels|102|1170
|gen|9
|tier|[Gen 9] VGC 2025 Reg H (Bo3)
|rated|
|rule|Species Clause: Limit one of each Pokémon
|rule|Item Clause: Limit 1 of each item
|clearpoke
|poke|p1|Pelipper, L50, F|
|poke|p1|Basculegion, L50, M|
|poke|p1|Archaludon, L50, M|
|poke|p1|Rillaboom, L50, F|
|poke|p1|Ursaluna-Bloodmoon, L50, M|
|poke|p1|Maushold, L50|
|poke|p2|Murkrow, L50, M|
|poke|p2|Volcarona, L50, F|
|poke|p2|Sneasler, L50, F|
|poke|p2|Kingambit, L50, M|
|poke|p2|Dragonite, L50, M|
|poke|p2|Rillaboom, L50, F|
|teampreview|4
|showteam|p1|Pelipper||FocusSash|Drizzle|Hurricane,Protect,WeatherBall,Tailwind|||F|||50|,,,,,Ghost]Basculegion||LifeOrb|SwiftSwim|LastRespects,AquaJet,WaveCrash,Protect|||M|||50|,,,,,Water]Archaludon||PowerHerb|Sturdy|DragonPulse,ElectroShot,Protect,FlashCannon|||M|||50|,,,,,Electric]Rillaboom||AssaultVest|GrassySurge|FakeOut,HighHorsepower,GrassyGlide,Uturn|||F|||50|,,,,,Water]Ursaluna-Bloodmoon||SafetyGoggles|MindsEye|BloodMoon,Protect,EarthPower,HyperVoice|||M|||50|,,,,,Normal]Maushold||CovertCloak|FriendGuard|Protect,Feint,SuperFang,Taunt||||||50|,,,,,Flying
|showteam|p2|Murkrow||Eviolite|Prankster|FoulPlay,Tailwind,Haze,SunnyDay|||M|||50|,,,,,Ghost]Volcarona||CovertCloak|FlameBody|HeatWave,TeraBlast,QuiverDance,Protect|||F|||50|,,,,,Water]Sneasler||GrassySeed|Unburden|DireClaw,CloseCombat,Protect,Coaching|||F|||50|,,,,,Stellar]Kingambit||BlackGlasses|Defiant|KowtowCleave,SuckerPunch,SwordsDance,Protect|||M|||50|,,,,,Dark]Dragonite||ChoiceBand|InnerFocus|Outrage,StompingTantrum,LowKick,ExtremeSpeed|||M|||50|,,,,,Normal]Rillaboom||MiracleSeed|GrassySurge|WoodHammer,GrassyGlide,Uturn,FakeOut|||F|||50|,,,,,Fire
|
|t:|1756826473
|teamsize|p1|4
|teamsize|p2|4
|start
|switch|p1a: Archaludon|Archaludon, L50, M|100/100
|switch|p1b: Maushold|Maushold, L50|100/100
|switch|p2a: Murkrow|Murkrow, L50, M|100/100
|switch|p2b: Sneasler|Sneasler, L50, F|100/100
|turn|1
|
|t:|1756826493
|-terastallize|p1a: Archaludon|Electric
|move|p2b: Sneasler|Protect|p2b: Sneasler
|-singleturn|p2b: Sneasler|Protect
|move|p1b: Maushold|Feint|p2b: Sneasler
|-activate|p2b: Sneasler|move: Feint
|-damage|p2b: Sneasler|87/100
|move|p2a: Murkrow|Tailwind|p2a: Murkrow
|-sidestart|p2: Crying Flurmels|move: Tailwind
|move|p1a: Archaludon|Electro Shot||[still]
|-prepare|p1a: Archaludon|Electro Shot
|-boost|p1a: Archaludon|spa|1
|-enditem|p1a: Archaludon|Power Herb
|-anim|p1a: Archaludon|Electro Shot|p2b: Sneasler
|-damage|p2b: Sneasler|0 fnt
|faint|p2b: Sneasler
|
|upkeep
|
|t:|1756826516
|switch|p2b: Kingambit|Kingambit, L50, M|100/100
|turn|2
|
|t:|1756826551
|move|p2a: Murkrow|Haze|p2a: Murkrow
|-clearallboost
|move|p1b: Maushold|Super Fang|p2b: Kingambit
|-damage|p2b: Kingambit|50/100
|move|p2b: Kingambit|Swords Dance|p2b: Kingambit
|-boost|p2b: Kingambit|atk|2
|move|p1a: Archaludon|Flash Cannon|p2b: Kingambit
|-resisted|p2b: Kingambit
|-damage|p2b: Kingambit|26/100
|
|upkeep
|turn|3
|
|t:|1756826601
|-terastallize|p2b: Kingambit|Dark
|move|p1a: Archaludon|Protect|p1a: Archaludon
|-singleturn|p1a: Archaludon|Protect
|move|p2a: Murkrow|Foul Play|p1a: Archaludon
|-activate|p1a: Archaludon|move: Protect
|move|p1b: Maushold|Super Fang|p2b: Kingambit
|-damage|p2b: Kingambit|13/100
|move|p2b: Kingambit|Kowtow Cleave|p1a: Archaludon
|-activate|p1a: Archaludon|move: Protect
|
|upkeep
|turn|4
|
|t:|1756826633
|move|p2b: Kingambit|Sucker Punch|p1a: Archaludon
|-damage|p1a: Archaludon|19/100
|move|p2a: Murkrow|Foul Play|p1a: Archaludon
|-damage|p1a: Archaludon|1/100
|move|p1b: Maushold|Taunt|p2a: Murkrow
|-start|p2a: Murkrow|move: Taunt
|move|p1a: Archaludon|Electro Shot||[still]
|-prepare|p1a: Archaludon|Electro Shot
|-boost|p1a: Archaludon|spa|1
|
|-sideend|p2: Crying Flurmels|move: Tailwind
|upkeep
|turn|5
|
|t:|1756826653
|move|p1b: Maushold|Protect|p1b: Maushold
|-singleturn|p1b: Maushold|Protect
|move|p2b: Kingambit|Protect|p2b: Kingambit
|-singleturn|p2b: Kingambit|Protect
|move|p1a: Archaludon|Electro Shot|p2a: Murkrow|[from] lockedmove
|-supereffective|p2a: Murkrow
|-damage|p2a: Murkrow|0 fnt
|faint|p2a: Murkrow
|
|upkeep
|
|t:|1756826660
|switch|p2a: Volcarona|Volcarona, L50, F|100/100
|turn|6
|
|t:|1756826672
|move|p2b: Kingambit|Sucker Punch|p1b: Maushold
|-damage|p1b: Maushold|0 fnt
|faint|p1b: Maushold
|move|p2a: Volcarona|Heat Wave|p1a: Archaludon
|-damage|p1a: Archaludon|0 fnt
|faint|p1a: Archaludon
|
|upkeep
|
|t:|1756826675
|switch|p1b: Basculegion|Basculegion, L50, M|100/100
|switch|p1a: Pelipper|Pelipper, L50, F|100/100
|-weather|RainDance|[from] ability: Drizzle|[of] p1a: Pelipper
|turn|7
|
|t:|1756826693
|move|p1b: Basculegion|Aqua Jet|p2b: Kingambit
|-damage|p2b: Kingambit|0 fnt
|faint|p2b: Kingambit
|-damage|p1b: Basculegion|91/100|[from] item: Life Orb
|move|p2a: Volcarona|Heat Wave|p1a: Pelipper|[spread] p1a,p1b
|-resisted|p1a: Pelipper
|-resisted|p1b: Basculegion
|-damage|p1a: Pelipper|87/100
|-damage|p1b: Basculegion|80/100
|move|p1a: Pelipper|Hurricane|p2a: Volcarona
|-supereffective|p2a: Volcarona
|-damage|p2a: Volcarona|0 fnt
|faint|p2a: Volcarona
|
|win|Caporosso74
||Crying Flurmels is ready for game 3.
|inactive|Caporosso74 has 30 seconds to confirm battle start!
||Caporosso74 is ready for game 3.
|uhtml|next|Next: Game 3 of 3
