|j|☆Br1_lore
|j|☆Luke2317565533
|html|Br1_loreLuke2317565533    
|uhtml|bestof|Game 2 of a best-of-3
|t:|1785264072
|gametype|doubles
|player|p1|Br1_lore|102|
|player|p2|Luke2317565533|baker|
|gen|9
|tier|[Gen 9 Champions] VGC 2026 Reg M-B (Bo3)
|rule|Species Clause: Limit one of each Pokémon
|rule|Item Clause: Limit 1 of each item
|clearpoke
|poke|p1|Metagross, L50|
|poke|p1|Hydreigon, L50, F|
|poke|p1|Sneasler, L50, F|
|poke|p1|Aerodactyl, L50, F|
|poke|p1|Sylveon, L50, F|
|poke|p1|Sinistcha, L50|
|poke|p2|Venusaur, L50, F|
|poke|p2|Charizard, L50, F|
|poke|p2|Pelipper, L50, M|
|poke|p2|Basculegion, L50, M|
|poke|p2|Archaludon, L50, F|
|poke|p2|Grimmsnarl, L50, M|
|teampreview|4
|showteam|p1|Metagross||Metagrossite|ClearBody|IronHead,PsychicFangs,IcePunch,Protect|Jolly|||||50|]Hydreigon||ChoiceScarf|Levitate|DracoMeteor,EarthPower,HeatWave,DarkPulse|Timid||F|||50|]Sneasler||WhiteHerb|Unburden|CloseCombat,DireClaw,FakeOut,Protect|Adamant||F|||50|]Aerodactyl||FocusSash|Unnerve|DualWingbeat,Protect,Tailwind,RockSlide|Jolly||F|||50|]Sylveon||FairyFeather|Pixilate|HyperBeam,HyperVoice,QuickAttack,Detect|Modest||F|||50|]Sinistcha||KasibBerry|Hospitality|MatchaGotcha,LifeDew,RagePowder,Protect|Bold|||||50|
|showteam|p2|Venusaur||Venusaurite|Chlorophyll|GigaDrain,SludgeBomb,EarthPower,Protect|Modest||F|||50|]Charizard||CharizarditeY|Blaze|HeatWave,Hurricane,WeatherBall,Protect|Modest||F|||50|]Pelipper||SitrusBerry|Drizzle|Hurricane,WeatherBall,Protect,Tailwind|Modest||M|||50|]Basculegion||ChoiceScarf|Adaptability|LastRespects,WaveCrash,AquaJet,FlipTurn|Jolly||M|||50|]Archaludon||Leftovers|Stamina|DragonPulse,FlashCannon,ElectroShot,Protect|Modest||F|||50|]Grimmsnarl||LightClay|Prankster|SpiritBreak,PartingShot,LightScreen,Reflect|Careful||M|||50|
|j| mimikyumumble
|
|t:|1785264138
|teamsize|p1|4
|teamsize|p2|4
|start
|switch|p1a: Aerodactyl|Aerodactyl, L50, F|100/100
|switch|p1b: Sylveon|Sylveon, L50, F|100/100
|switch|p2a: Charizard|Charizard, L50, F|100/100
|switch|p2b: Pelipper|Pelipper, L50, M|100/100
|-ability|p1a: Aerodactyl|Unnerve
|-weather|RainDance|[from] ability: Drizzle|[of] p2b: Pelipper
|turn|1
|
|t:|1785264168
|move|p2a: Charizard|Protect|p2a: Charizard
|-singleturn|p2a: Charizard|Protect
|move|p1b: Sylveon|Quick Attack|p2b: Pelipper
|-crit|p2b: Pelipper
|-damage|p2b: Pelipper|77/100
|move|p1a: Aerodactyl|Tailwind|p1a: Aerodactyl
|-sidestart|p1: Br1_lore|move: Tailwind
|move|p2b: Pelipper|Weather Ball|p1a: Aerodactyl
|-supereffective|p1a: Aerodactyl|1
|-enditem|p1a: Aerodactyl|Focus Sash
|-damage|p1a: Aerodactyl|1/100
|
|-weather|RainDance|[upkeep]
|upkeep
|turn|2
|
|t:|1785264217
|switch|p2a: Basculegion|Basculegion, L50, M|100/100
|move|p2b: Pelipper|Protect|p2b: Pelipper
|-singleturn|p2b: Pelipper|Protect
|move|p1a: Aerodactyl|Rock Slide|p2a: Basculegion|[spread] p2a
|-activate|p2b: Pelipper|move: Protect
|-damage|p2a: Basculegion|70/100
|move|p1b: Sylveon|Hyper Voice|p2b: Pelipper|[spread] p2a
|-activate|p2b: Pelipper|move: Protect
|-damage|p2a: Basculegion|17/100
|
|-weather|RainDance|[upkeep]
|upkeep
|turn|3
|
|t:|1785264250
|move|p2a: Basculegion|Aqua Jet|p1b: Sylveon
|-damage|p1b: Sylveon|61/100
|move|p1b: Sylveon|Quick Attack|p2a: Basculegion
|-damage|p2a: Basculegion|4/100
|move|p1a: Aerodactyl|Rock Slide|p2b: Pelipper|[spread] p2b
|-miss|p1a: Aerodactyl|p2a: Basculegion
|-supereffective|p2b: Pelipper|1
|-damage|p2b: Pelipper|18/100
|cant|p2b: Pelipper|flinch
|
|-weather|RainDance|[upkeep]
|upkeep
|turn|4
|
|t:|1785264273
|move|p1a: Aerodactyl|Protect|p1a: Aerodactyl
|-singleturn|p1a: Aerodactyl|Protect
|move|p2a: Basculegion|Aqua Jet|p1a: Aerodactyl
|-activate|p1a: Aerodactyl|move: Protect
|move|p1b: Sylveon|Hyper Voice|p2a: Basculegion|[spread] p2a,p2b
|-damage|p2a: Basculegion|0 fnt
|-damage|p2b: Pelipper|0 fnt
|faint|p2a: Basculegion
|faint|p2b: Pelipper
|
|-weather|RainDance|[upkeep]
|-sideend|p1: Br1_lore|move: Tailwind
|upkeep
|
|t:|1785264286
|switch|p2a: Charizard|Charizard, L50, F|100/100
|switch|p2b: Venusaur|Venusaur, L50, F|100/100
|turn|5
|
|t:|1785264336
|detailschange|p2a: Charizard|Charizard-Mega-Y, L50, F
|-mega|p2a: Charizard|Charizard|Charizardite Y
|-weather|SunnyDay|[from] ability: Drought|[of] p2a: Charizard
|move|p2a: Charizard|Protect|p2a: Charizard
|-singleturn|p2a: Charizard|Protect
|move|p2b: Venusaur|Sludge Bomb|p1b: Sylveon
|-supereffective|p1b: Sylveon|1
|-damage|p1b: Sylveon|1/100
|move|p1a: Aerodactyl|Dual Wingbeat|p2b: Venusaur
|-supereffective|p2b: Venusaur|1
|-damage|p2b: Venusaur|61/100
|-supereffective|p2b: Venusaur|1
|-damage|p2b: Venusaur|21/100
|-hitcount|p2b: Venusaur|2
|move|p1b: Sylveon|Hyper Voice|p2b: Venusaur|[spread] p2b
|-activate|p2a: Charizard|move: Protect
|-resisted|p2b: Venusaur|1
|-damage|p2b: Venusaur|1/100
|
|-weather|SunnyDay|[upkeep]
|upkeep
|turn|6
|
|t:|1785264364
|move|p2b: Venusaur|Protect|p2b: Venusaur
|-singleturn|p2b: Venusaur|Protect
|move|p1b: Sylveon|Quick Attack|p2b: Venusaur
|-activate|p2b: Venusaur|move: Protect
|move|p1a: Aerodactyl|Rock Slide|p2b: Venusaur|[spread] p2a
|-activate|p2b: Venusaur|move: Protect
|-supereffective|p2a: Charizard|2
|-damage|p2a: Charizard|0 fnt
|faint|p2a: Charizard
|
|-weather|SunnyDay|[upkeep]
|upkeep
|turn|7
|
|t:|1785264381
|move|p1b: Sylveon|Quick Attack|p2b: Venusaur
|-resisted|p2b: Venusaur|1
|-damage|p2b: Venusaur|0 fnt
|faint|p2b: Venusaur
|
|win|Br1_lore
|l| mimikyumumble
