|j|☆Bacon122
|j|☆sum1dum
|html|Bacon122sum1dum    
|uhtml|bestof|Game 2 of a best-of-3
|t:|1783132362
|gametype|doubles
|player|p1|Bacon122|shauntal|1274
|player|p2|sum1dum|rosa|1253
|gen|9
|tier|[Gen 9 Champions] VGC 2026 Reg M-B (Bo3)
|rated|
|rule|Species Clause: Limit one of each Pokémon
|rule|Item Clause: Limit 1 of each item
|clearpoke
|poke|p1|Blaziken, L50, M|
|poke|p1|Floette-Eternal, L50, F|
|poke|p1|Whimsicott, L50, M|
|poke|p1|Hydreigon, L50, M|
|poke|p1|Basculegion, L50, M|
|poke|p1|Farigiraf, L50, F|
|poke|p2|Gliscor, L50, M|
|poke|p2|Primarina, L50, F|
|poke|p2|Metagross, L50|
|poke|p2|Ninetales-Alola, L50, F|
|poke|p2|Incineroar, L50, F|
|poke|p2|Sinistcha, L50|
|teampreview|4
|showteam|p1|Blaziken||Blazikenite|SpeedBoost|FlareBlitz,CloseCombat,RockSlide,Protect|Adamant||M|||50|]Floette-Eternal||Floettite|FlowerVeil|Moonblast,DazzlingGleam,LightofRuin,Protect|Timid||F|||50|]Whimsicott||FocusSash|Prankster|Moonblast,Tailwind,SunnyDay,Encore|Timid||M|||50|]Hydreigon||ChoiceScarf|Levitate|Snarl,DracoMeteor,DarkPulse,EarthPower|Modest||M|||50|]Basculegion||LifeOrb|Adaptability|WaveCrash,AquaJet,LastRespects,Protect|Adamant||M|||50|]Farigiraf||SitrusBerry|ArmorTail|Psychic,Thunderbolt,HelpingHand,TrickRoom|Bold||F|||50|
|showteam|p2|Gliscor||LifeOrb|HyperCutter|DualWingbeat,HighHorsepower,Protect,RockSlide|Jolly||M|||50|]Primarina||Leftovers|LiquidVoice|CalmMind,HyperVoice,Moonblast,Protect|Modest||F|||50|]Metagross||Metagrossite|ClearBody|BulletPunch,IronHead,Protect,PsychicFangs|Jolly|||||50|]Ninetales-Alola||LightClay|SnowWarning|AuroraVeil,FreezeDry,Moonblast,Protect|Timid||F|||50|]Incineroar||ChopleBerry|Intimidate|FakeOut,FlareBlitz,DarkestLariat,PartingShot|Impish||F|||50|]Sinistcha||SitrusBerry|Hospitality|MatchaGotcha,Protect,LifeDew,RagePowder|Bold|||||50|
|inactive|Battle timer is ON: inactive players will automatically lose when time's up. (requested by sum1dum)
|j| Tyho45
|l| Tyho45
|j| Tyho45
|
|t:|1783132386
|teamsize|p1|4
|teamsize|p2|4
|start
|switch|p1a: Cott Red-banded|Whimsicott, L50, M|100/100
|switch|p1b: Wilfred Jr.|Basculegion, L50, M|100/100
|switch|p2a: Justice|Incineroar, L50, F|100/100
|switch|p2b: Patience|Primarina, L50, F|100/100
|-ability|p2a: Justice|Intimidate|boost
|-unboost|p1a: Cott Red-banded|atk|1
|-unboost|p1b: Wilfred Jr.|atk|1
|turn|1
|
|t:|1783132409
|switch|p1b: Flower Outage|Floette-Eternal, L50, F|100/100
|switch|p2a: Perserverance|Metagross, L50|100/100
|move|p1a: Cott Red-banded|Moonblast|p2a: Perserverance
|-resisted|p2a: Perserverance|1
|-damage|p2a: Perserverance|75/100
|move|p2b: Patience|Moonblast|p1b: Flower Outage
|-damage|p1b: Flower Outage|55/100
|
|upkeep
|turn|2
|inactive|sum1dum has 30 seconds left.
|
|t:|1783132434
|detailschange|p2a: Perserverance|Metagross-Mega, L50
|-mega|p2a: Perserverance|Metagross|Metagrossite
|move|p1b: Flower Outage|Protect|p1b: Flower Outage
|-singleturn|p1b: Flower Outage|Protect
|move|p1a: Cott Red-banded|Tailwind|p1a: Cott Red-banded
|-sidestart|p1: Bacon122|move: Tailwind
|move|p2a: Perserverance|Bullet Punch|p1a: Cott Red-banded
|-supereffective|p1a: Cott Red-banded|1
|-damage|p1a: Cott Red-banded|5/100
|move|p2b: Patience|Moonblast|p1a: Cott Red-banded
|-damage|p1a: Cott Red-banded|0 fnt
|faint|p1a: Cott Red-banded
|
|upkeep
|
|t:|1783132447
|switch|p1a: ButTheLeviWasDrei|Hydreigon, L50, M|100/100
|turn|3
|
|t:|1783132464
|switch|p1b: Wilfred Jr.|Basculegion, L50, M|100/100
|move|p2a: Perserverance|Protect|p2a: Perserverance
|-singleturn|p2a: Perserverance|Protect
|move|p1a: ButTheLeviWasDrei|Dark Pulse|p2a: Perserverance
|-activate|p2a: Perserverance|move: Protect
|move|p2b: Patience|Moonblast|p1b: Wilfred Jr.
|-damage|p1b: Wilfred Jr.|41/100
|
|upkeep
|turn|4
|
|t:|1783132475
|switch|p2a: Justice|Incineroar, L50, F|100/100
|-ability|p2a: Justice|Intimidate|boost
|-unboost|p1a: ButTheLeviWasDrei|atk|1
|-unboost|p1b: Wilfred Jr.|atk|1
|move|p1a: ButTheLeviWasDrei|Dark Pulse|p2b: Patience
|-resisted|p2b: Patience|1
|-damage|p2b: Patience|80/100
|move|p1b: Wilfred Jr.|Last Respects|p2b: Patience
|-damage|p2b: Patience|22/100
|-damage|p1b: Wilfred Jr.|31/100|[from] item: Life Orb
|move|p2b: Patience|Moonblast|p1b: Wilfred Jr.
|-damage|p1b: Wilfred Jr.|0 fnt
|faint|p1b: Wilfred Jr.
|
|-heal|p2b: Patience|28/100|[from] item: Leftovers
|upkeep
|
|t:|1783132486
|switch|p1b: Flower Outage|Floette-Eternal, L50, F|55/100
|turn|5
|
|t:|1783132494
|switch|p2a: Kindness|Sinistcha, L50|100/100
|-heal|p2b: Patience|52/100|[from] ability: Hospitality|[of] p2a: Kindness
|detailschange|p1b: Flower Outage|Floette-Mega, L50, F
|-mega|p1b: Flower Outage|Floette|Floettite
|-ability|p1b: Flower Outage|Fairy Aura
|move|p2b: Patience|Protect|p2b: Patience
|-singleturn|p2b: Patience|Protect
|move|p1a: ButTheLeviWasDrei|Dark Pulse|p2a: Kindness
|-supereffective|p2a: Kindness|1
|-damage|p2a: Kindness|14/100
|-enditem|p2a: Kindness|Sitrus Berry|[eat]
|-heal|p2a: Kindness|39/100|[from] item: Sitrus Berry
|move|p1b: Flower Outage|Dazzling Gleam|p2b: Patience|[spread] p2a
|-activate|p2b: Patience|move: Protect
|-damage|p2a: Kindness|0 fnt
|faint|p2a: Kindness
|
|-heal|p2b: Patience|58/100|[from] item: Leftovers
|-sideend|p1: Bacon122|move: Tailwind
|upkeep
|
|t:|1783132496
|switch|p2a: Perserverance|Metagross-Mega, L50|75/100
|turn|6
|
|t:|1783132510
|switch|p2a: Justice|Incineroar, L50, F|100/100
|-ability|p2a: Justice|Intimidate|boost
|-unboost|p1a: ButTheLeviWasDrei|atk|1
|-unboost|p1b: Flower Outage|atk|1
|move|p1a: ButTheLeviWasDrei|Dark Pulse|p2a: Justice
|-resisted|p2a: Justice|1
|-crit|p2a: Justice
|-damage|p2a: Justice|71/100
|move|p1b: Flower Outage|Moonblast|p2b: Patience
|-damage|p2b: Patience|0 fnt
|faint|p2b: Patience
|
|upkeep
|
|t:|1783132513
|switch|p2b: Perserverance|Metagross-Mega, L50|75/100
|turn|7
|
|t:|1783132530
|move|p2a: Justice|Fake Out|p1a: ButTheLeviWasDrei
|-damage|p1a: ButTheLeviWasDrei|88/100
|cant|p1a: ButTheLeviWasDrei|flinch
|move|p2b: Perserverance|Iron Head|p1a: ButTheLeviWasDrei
|-damage|p1a: ButTheLeviWasDrei|26/100
|move|p1b: Flower Outage|Light of Ruin|p2a: Justice
|-damage|p2a: Justice|0 fnt
|faint|p2a: Justice
|-damage|p1b: Flower Outage|12/100|[from] Recoil
|
|upkeep
|turn|8
|
|t:|1783132551
|move|p2b: Perserverance|Bullet Punch|p1a: ButTheLeviWasDrei
|-damage|p1a: ButTheLeviWasDrei|0 fnt
|faint|p1a: ButTheLeviWasDrei
|move|p1b: Flower Outage|Light of Ruin|p2b: Perserverance
|-resisted|p2b: Perserverance|1
|-damage|p2b: Perserverance|19/100
|-damage|p1b: Flower Outage|0 fnt|[from] Recoil
|faint|p1b: Flower Outage
|
|win|sum1dum
