|j|☆Paco Amores
|j|☆BelRemiGal
|html|Paco AmoresBelRemiGal    
|uhtml|bestof|Game 3 of a best-of-3
|t:|1782974957
|gametype|doubles
|player|p1|Paco Amores|102|1087
|player|p2|BelRemiGal|flannery|1089
|gen|9
|tier|[Gen 9 Champions] VGC 2026 Reg M-B (Bo3)
|rated|
|rule|Species Clause: Limit one of each Pokémon
|rule|Item Clause: Limit 1 of each item
|clearpoke
|poke|p1|Sylveon, L50, M|
|poke|p1|Incineroar, L50, F|
|poke|p1|Aerodactyl, L50, F|
|poke|p1|Charizard, L50, F|
|poke|p1|Metagross, L50|
|poke|p1|Garchomp, L50, M|
|poke|p2|Lopunny, L50, M|
|poke|p2|Gholdengo, L50|
|poke|p2|Farigiraf, L50, M|
|poke|p2|Zoroark-Hisui, L50, F|
|poke|p2|Incineroar, L50, M|
|poke|p2|Aerodactyl, L50, F|
|teampreview|4
|showteam|p1|Sylveon||FairyFeather|Pixilate|HyperBeam,HyperVoice,Detect,QuickAttack|Modest||M|||50|]Incineroar||SitrusBerry|Intimidate|FakeOut,PartingShot,FlareBlitz,ThroatChop|Careful||F|||50|]Aerodactyl||FocusSash|Unnerve|Tailwind,RockSlide,DualWingbeat,Protect|Jolly||F|||50|]Charizard||CharizarditeY|SolarPower|Protect,WeatherBall,SolarBeam,HeatWave|Modest||F|||50|]Metagross||Metagrossite|ClearBody|BulletPunch,PsychicFangs,BodyPress,Protect|Adamant|||||50|]Garchomp||LifeOrb|RoughSkin|Protect,RockSlide,Earthquake,DragonClaw|Jolly||M|||50|
|showteam|p2|Lopunny||Lopunnite|CuteCharm|CloseCombat,FakeOut,Uturn,Protect|Adamant||M|||50|]Gholdengo||LifeOrb|GoodasGold|MakeItRain,ShadowBall,NastyPlot,Protect|Modest|||||50|]Farigiraf||TwistedSpoon|ArmorTail|Psychic,Protect,TrickRoom,Imprison|Modest||M|||50|]Zoroark-Hisui||ChoiceScarf|Illusion|ShadowBall,IcyWind,Snarl,HyperBeam|Modest||F|||50|]Incineroar||SitrusBerry|Intimidate|PartingShot,FakeOut,FlareBlitz,DarkestLariat|Adamant||M|||50|]Aerodactyl||FocusSash|Unnerve|RockSlide,DualWingbeat,WideGuard,Tailwind|Jolly||F|||50|
|
|t:|1782974977
|teamsize|p1|4
|teamsize|p2|4
|start
|switch|p1a: Metagross|Metagross, L50|100/100
|switch|p1b: Aerodactyl|Aerodactyl, L50, F|100/100
|switch|p2a: Gholdengo|Gholdengo, L50|100/100
|switch|p2b: Lopunny|Lopunny, L50, M|100/100
|-ability|p1b: Aerodactyl|Unnerve
|turn|1
|inactive|Battle timer is ON: inactive players will automatically lose when time's up. (requested by BelRemiGal)
|
|t:|1782975002
|switch|p1a: Garchomp|Garchomp, L50, M|100/100
|detailschange|p2b: Lopunny|Lopunny-Mega, L50, M
|-mega|p2b: Lopunny|Lopunny|Lopunnite
|move|p1b: Aerodactyl|Protect|p1b: Aerodactyl
|-singleturn|p1b: Aerodactyl|Protect
|move|p2b: Lopunny|Fake Out|p1b: Aerodactyl
|-activate|p1b: Aerodactyl|move: Protect
|move|p2a: Gholdengo|Shadow Ball|p1a: Garchomp
|-damage|p1a: Garchomp|33/100
|-unboost|p1a: Garchomp|spd|1
|-damage|p2a: Gholdengo|90/100|[from] item: Life Orb
|
|upkeep
|turn|2
|
|t:|1782975020
|move|p2a: Gholdengo|Protect|p2a: Gholdengo
|-singleturn|p2a: Gholdengo|Protect
|move|p1b: Aerodactyl|Tailwind|p1b: Aerodactyl
|-sidestart|p1: Paco Amores|move: Tailwind
|move|p1a: Garchomp|Earthquake|p2b: Lopunny|[spread] p2b
|-activate|p2a: Gholdengo|move: Protect
|-immune|p1b: Aerodactyl
|-damage|p2b: Lopunny|33/100
|-damage|p1a: Garchomp|24/100|[from] item: Life Orb
|move|p2b: Lopunny|U-turn|p1b: Aerodactyl
|-resisted|p1b: Aerodactyl|1
|-damage|p1b: Aerodactyl|78/100
|
|t:|1782975034
|switch|p2b: Incineroar|Incineroar, L50, M|100/100|[from] U-turn
|-ability|p2b: Incineroar|Intimidate|boost
|-unboost|p1a: Garchomp|atk|1
|-unboost|p1b: Aerodactyl|atk|1
|
|upkeep
|turn|3
|
|t:|1782975049
|move|p1a: Garchomp|Protect|p1a: Garchomp
|-singleturn|p1a: Garchomp|Protect
|move|p2b: Incineroar|Fake Out|p1a: Garchomp
|-activate|p1a: Garchomp|move: Protect
|move|p1b: Aerodactyl|Rock Slide|p2b: Incineroar|[spread] p2a,p2b
|-resisted|p2a: Gholdengo|1
|-supereffective|p2b: Incineroar|1
|-damage|p2a: Gholdengo|80/100
|-damage|p2b: Incineroar|66/100
|cant|p2a: Gholdengo|flinch
|
|upkeep
|turn|4
|
|t:|1782975071
|switch|p2b: Aerodactyl|Aerodactyl, L50, F|100/100
|-ability|p2b: Aerodactyl|Unnerve
|move|p2a: Gholdengo|Protect|p2a: Gholdengo
|-singleturn|p2a: Gholdengo|Protect
|move|p1b: Aerodactyl|Rock Slide|p2a: Gholdengo|[spread] p2b
|-activate|p2a: Gholdengo|move: Protect
|-supereffective|p2b: Aerodactyl|1
|-damage|p2b: Aerodactyl|46/100
|move|p1a: Garchomp|Earthquake|p2a: Gholdengo|[spread] 
|-activate|p2a: Gholdengo|move: Protect
|-immune|p1b: Aerodactyl
|-immune|p2b: Aerodactyl
|
|upkeep
|turn|5
|
|t:|1782975085
|move|p2b: Aerodactyl|Wide Guard|p2b: Aerodactyl
|-singleturn|p2b: Aerodactyl|Wide Guard
|move|p1b: Aerodactyl|Rock Slide|p2b: Aerodactyl|[spread] 
|-activate|p2a: Gholdengo|move: Wide Guard
|-activate|p2b: Aerodactyl|move: Wide Guard
|move|p1a: Garchomp|Earthquake|p2a: Gholdengo|[spread] 
|-activate|p2a: Gholdengo|move: Wide Guard
|-activate|p2b: Aerodactyl|move: Wide Guard
|-immune|p1b: Aerodactyl
|move|p2a: Gholdengo|Make It Rain|p1b: Aerodactyl|[spread] p1a,p1b
|-supereffective|p1b: Aerodactyl|1
|-damage|p1a: Garchomp|0 fnt
|-damage|p1b: Aerodactyl|0 fnt
|-unboost|p2a: Gholdengo|spa|2
|faint|p1a: Garchomp
|faint|p1b: Aerodactyl
|-damage|p2a: Gholdengo|70/100|[from] item: Life Orb
|
|-sideend|p1: Paco Amores|move: Tailwind
|upkeep
|
|t:|1782975090
|switch|p1b: Sylveon|Sylveon, L50, M|100/100
|switch|p1a: Metagross|Metagross, L50|100/100
|turn|6
|inactive|BelRemiGal has 30 seconds left.
|
|t:|1782975115
|detailschange|p1a: Metagross|Metagross-Mega, L50
|-mega|p1a: Metagross|Metagross|Metagrossite
|move|p1a: Metagross|Bullet Punch|p2b: Aerodactyl
|-supereffective|p2b: Aerodactyl|1
|-damage|p2b: Aerodactyl|0 fnt
|faint|p2b: Aerodactyl
|move|p2a: Gholdengo|Make It Rain|p1a: Metagross|[spread] p1a,p1b
|-resisted|p1a: Metagross|1
|-supereffective|p1b: Sylveon|1
|-damage|p1a: Metagross|82/100
|-damage|p1b: Sylveon|41/100
|-unboost|p2a: Gholdengo|spa|2
|-damage|p2a: Gholdengo|61/100|[from] item: Life Orb
|move|p1b: Sylveon|Hyper Voice|p2a: Gholdengo
|-resisted|p2a: Gholdengo|1
|-damage|p2a: Gholdengo|21/100
|
|upkeep
|
|t:|1782975130
|switch|p2b: Incineroar|Incineroar, L50, M|66/100
|-ability|p2b: Incineroar|Intimidate|boost
|-unboost|p1a: Metagross|atk|1
|-unboost|p1b: Sylveon|atk|1
|turn|7
|inactive|BelRemiGal has 30 seconds left.
|
|t:|1782975162
|switch|p2a: Lopunny|Lopunny-Mega, L50, M|33/100
|move|p2b: Incineroar|Fake Out|p1b: Sylveon
|-damage|p1b: Sylveon|27/100
|move|p1a: Metagross|Body Press|p2b: Incineroar
|-supereffective|p2b: Incineroar|1
|-damage|p2b: Incineroar|0 fnt
|faint|p2b: Incineroar
|cant|p1b: Sylveon|flinch
|
|upkeep
|
|t:|1782975171
|switch|p2b: Gholdengo|Gholdengo, L50|21/100
|turn|8
|
|t:|1782975177
|move|p1a: Metagross|Protect|p1a: Metagross
|-singleturn|p1a: Metagross|Protect
|move|p1b: Sylveon|Detect|p1b: Sylveon
|-singleturn|p1b: Sylveon|Protect
|move|p2a: Lopunny|Fake Out|p1b: Sylveon
|-activate|p1b: Sylveon|move: Protect
|move|p2b: Gholdengo|Shadow Ball|p1a: Metagross
|-activate|p1a: Metagross|move: Protect
|
|upkeep
|turn|9
|
|t:|1782975190
|move|p1a: Metagross|Bullet Punch|p2b: Gholdengo
|-resisted|p2b: Gholdengo|1
|-damage|p2b: Gholdengo|10/100
|move|p1b: Sylveon|Quick Attack|p2a: Lopunny
|-supereffective|p2a: Lopunny|1
|-damage|p2a: Lopunny|7/100
|move|p2a: Lopunny|Close Combat|p1a: Metagross
|-damage|p1a: Metagross|33/100
|-unboost|p2a: Lopunny|def|1
|-unboost|p2a: Lopunny|spd|1
|move|p2b: Gholdengo|Make It Rain|p1a: Metagross|[spread] p1a,p1b
|-resisted|p1a: Metagross|1
|-supereffective|p1b: Sylveon|1
|-damage|p1a: Metagross|1/100
|-damage|p1b: Sylveon|0 fnt
|-unboost|p2b: Gholdengo|spa|2
|faint|p1b: Sylveon
|-damage|p2b: Gholdengo|1/100|[from] item: Life Orb
|
|upkeep
|turn|10
|inactive|Paco Amores has 30 seconds left.
|
|t:|1782975217
|move|p1a: Metagross|Bullet Punch|p2b: Gholdengo
|-resisted|p2b: Gholdengo|1
|-damage|p2b: Gholdengo|0 fnt
|faint|p2b: Gholdengo
|move|p2a: Lopunny|Close Combat|p1a: Metagross
|-damage|p1a: Metagross|0 fnt
|-unboost|p2a: Lopunny|def|1
|-unboost|p2a: Lopunny|spd|1
|faint|p1a: Metagross
|
|win|BelRemiGal
|raw|Paco Amores's rating: 1087 → 1064(-23 for losing)
|raw|BelRemiGal's rating: 1089 → 1115(+26 for winning)
|c|☆BelRemiGal|damn
|c|☆BelRemiGal|gg
|c|☆Paco Amores|Gg
|l|☆BelRemiGal
|player|p2|
