|j|☆magmastormvgc
|j|☆eternatus bio
|html|magmastormvgceternatus bio    
|uhtml|bestof|Game 1 of a best-of-3
|t:|1757198776
|gametype|doubles
|player|p1|magmastormvgc|turo-ai|1082
|player|p2|eternatus bio|volo|1000
|gen|9
|tier|[Gen 9] VGC 2025 Reg H (Bo3)
|rated|
|rule|Species Clause: Limit one of each Pokémon
|rule|Item Clause: Limit 1 of each item
|clearpoke
|poke|p1|Dragonite, L50, F|
|poke|p1|Gholdengo, L50|
|poke|p1|Ursaluna-Bloodmoon, L50, M|
|poke|p1|Annihilape, L50, F|
|poke|p1|Maushold-Four, L50|
|poke|p1|Rillaboom, L50, M|
|poke|p2|Volcarona, L50, M|
|poke|p2|Rillaboom, L50, F|
|poke|p2|Incineroar, L50, M|
|poke|p2|Whimsicott, L50, F|
|poke|p2|Dragapult, L50, M|
|poke|p2|Farigiraf, L50, M|
|teampreview|4
|showteam|p1|Dragonite||LoadedDice|Multiscale|ScaleShot,Tailwind,Haze,Protect|||F|||50|,,,,,Fairy]Gholdengo||LifeOrb|GoodasGold|MakeItRain,ShadowBall,NastyPlot,Protect||||||50|,,,,,Water]Ursaluna-Bloodmoon||AssaultVest|MindsEye|BloodMoon,EarthPower,HyperVoice,VacuumWave|||M|||50|,,,,,Water]Annihilape||SitrusBerry|Defiant|DrainPunch,RageFist,BulkUp,Protect|||F|||50|,,,,,Fire]Maushold-Four||FocusSash|FriendGuard|SuperFang,BeatUp,FollowMe,Protect||||||50|,,,,,Ghost]Rillaboom||MiracleSeed|GrassySurge|WoodHammer,GrassyGlide,HighHorsepower,FakeOut|||M|||50|,,,,,Fire
|showteam|p2|Volcarona||Leftovers|FlameBody|QuiverDance,FieryDance,GigaDrain,Protect|||M|||50|,,,,,Grass]Rillaboom||AssaultVest|GrassySurge|FakeOut,GrassyGlide,Uturn,WoodHammer|||F|||50|,,,,,Water]Incineroar||SafetyGoggles|Intimidate|FakeOut,PartingShot,KnockOff,Taunt|||M|||50|,,,,,Ghost]Whimsicott||CovertCloak|Prankster|Tailwind,Encore,Moonblast,Protect|||F|||50|,,,,,Dark]Dragapult||ChoiceBand|ClearBody|DragonDarts,SuckerPunch,TeraBlast,Uturn|||M|||50|,,,,,Ghost]Farigiraf||SitrusBerry|ArmorTail|Psychic,TrickRoom,Uproar,Protect|||M|||50|,,,,,Fairy
|inactive|Battle timer is ON: inactive players will automatically lose when time's up. (requested by eternatus bio)
|inactive|magmastormvgc has 60 seconds left.
|inactive|magmastormvgc has 30 seconds left.
|inactive|magmastormvgc has 20 seconds left.
|inactive|magmastormvgc has 15 seconds left.
|inactive|magmastormvgc has 10 seconds left.
|
|t:|1757198921
|teamsize|p1|4
|teamsize|p2|4
|start
|switch|p1a: Annihilape|Annihilape, L50, F|100/100
|switch|p1b: Maushold|Maushold-Four, L50|100/100
|switch|p2a: Incineroar|Incineroar, L50, M, shiny|100/100
|switch|p2b: Dragapult|Dragapult, L50, M, shiny|100/100
|-ability|p2a: Incineroar|Intimidate|boost
|-unboost|p1a: Annihilape|atk|1
|-ability|p1a: Annihilape|Defiant|boost
|-boost|p1a: Annihilape|atk|2
|-unboost|p1b: Maushold|atk|1
|turn|1
|inactive|magmastormvgc has 30 seconds left.
|inactive|eternatus bio has 30 seconds left.
|inactive|magmastormvgc has 20 seconds left.
|inactive|eternatus bio has 20 seconds left.
|inactive|eternatus bio has 15 seconds left.
|inactive|eternatus bio has 10 seconds left.
|
|t:|1757198970
|-terastallize|p2b: Dragapult|Ghost
|move|p1b: Maushold|Protect|p1b: Maushold
|-singleturn|p1b: Maushold|Protect
|move|p1a: Annihilape|Protect|p1a: Annihilape
|-singleturn|p1a: Annihilape|Protect
|move|p2a: Incineroar|Fake Out|p1b: Maushold
|-activate|p1b: Maushold|move: Protect
|move|p2b: Dragapult|Tera Blast|p1a: Annihilape|[anim] Tera Blast Ghost
|-activate|p1a: Annihilape|move: Protect
|
|upkeep
|turn|2
|inactive|magmastormvgc has 30 seconds left.
|inactive|eternatus bio has 30 seconds left.
|inactive|magmastormvgc has 20 seconds left.
|
|t:|1757199006
|switch|p2b: Whimsicott|Whimsicott, L50, F, shiny|100/100
|move|p1b: Maushold|Follow Me|p1b: Maushold
|-singleturn|p1b: Maushold|move: Follow Me
|move|p1a: Annihilape|Bulk Up|p1a: Annihilape
|-boost|p1a: Annihilape|atk|1
|-boost|p1a: Annihilape|def|1
|move|p2a: Incineroar|Taunt|p1b: Maushold
|-start|p1b: Maushold|move: Taunt
|
|upkeep
|turn|3
|inactive|magmastormvgc has 30 seconds left.
|inactive|eternatus bio has 30 seconds left.
|inactive|magmastormvgc has 20 seconds left.
|inactive|magmastormvgc has 15 seconds left.
|inactive|magmastormvgc has 10 seconds left.
|
|t:|1757199054
|switch|p1b: Ursaluna|Ursaluna-Bloodmoon, L50, M|100/100
|move|p2b: Whimsicott|Encore|p1a: Annihilape
|-start|p1a: Annihilape|Encore
|move|p1a: Annihilape|Bulk Up|p1a: Annihilape
|-boost|p1a: Annihilape|atk|1
|-boost|p1a: Annihilape|def|1
|move|p2a: Incineroar|Taunt|p1a: Annihilape
|-start|p1a: Annihilape|move: Taunt
|
|upkeep
|turn|4
|inactive|magmastormvgc has 30 seconds left.
|inactive|magmastormvgc has 20 seconds left.
|inactive|magmastormvgc has 15 seconds left.
|inactive|magmastormvgc has 10 seconds left.
|inactive|magmastormvgc has 5 seconds left.
|
|t:|1757199108
|switch|p1a: Maushold|Maushold-Four, L50|100/100
|move|p2b: Whimsicott|Protect|p2b: Whimsicott
|-singleturn|p2b: Whimsicott|Protect
|move|p2a: Incineroar|Parting Shot|p1b: Ursaluna
|-unboost|p1b: Ursaluna|atk|1
|-unboost|p1b: Ursaluna|spa|1
|
|t:|1757199122
|switch|p2a: Rillaboom|Rillaboom, L50, F, shiny|100/100|[from] Parting Shot
|-fieldstart|move: Grassy Terrain|[from] ability: Grassy Surge|[of] p2a: Rillaboom
|move|p1b: Ursaluna|Blood Moon|p2b: Whimsicott
|-activate|p2b: Whimsicott|move: Protect
|
|upkeep
|turn|5
|inactive|magmastormvgc has 30 seconds left.
|inactive|magmastormvgc has 20 seconds left.
|inactive|magmastormvgc has 15 seconds left.
|inactive|magmastormvgc has 10 seconds left.
|
|t:|1757199170
|switch|p1b: Annihilape|Annihilape, L50, F|100/100
|move|p1a: Maushold|Protect|p1a: Maushold
|-singleturn|p1a: Maushold|Protect
|move|p2a: Rillaboom|Fake Out|p1b: Annihilape
|-immune|p1b: Annihilape
|move|p2b: Whimsicott|Tailwind|p2b: Whimsicott
|-sidestart|p2: eternatus bio|move: Tailwind
|
|upkeep
|turn|6
|inactive|magmastormvgc has 30 seconds left.
|inactive|magmastormvgc has 20 seconds left.
|inactive|magmastormvgc has 15 seconds left.
|
|t:|1757199212
|switch|p1a: Dragonite|Dragonite, L50, F|100/100
|-terastallize|p1b: Annihilape|Fire
|move|p2b: Whimsicott|Encore||[still]
|-fail|p2b: Whimsicott
|move|p2a: Rillaboom|Wood Hammer|p1b: Annihilape
|-resisted|p1b: Annihilape
|-damage|p1b: Annihilape|54/100
|-damage|p2a: Rillaboom|84/100|[from] Recoil
|move|p1b: Annihilape|Drain Punch|p2a: Rillaboom
|-damage|p2a: Rillaboom|52/100
|-heal|p1b: Annihilape|69/100|[from] drain|[of] p2a: Rillaboom
|
|-heal|p2a: Rillaboom|57/100|[from] Grassy Terrain
|-heal|p1b: Annihilape|75/100|[from] Grassy Terrain
|upkeep
|turn|7
|inactive|magmastormvgc has 30 seconds left.
|inactive|magmastormvgc has 20 seconds left.
|inactive|magmastormvgc has 15 seconds left.
|
|t:|1757199257
|move|p2b: Whimsicott|Encore|p1b: Annihilape
|-start|p1b: Annihilape|Encore
|move|p2a: Rillaboom|U-turn|p1a: Dragonite
|-resisted|p1a: Dragonite
|-damage|p1a: Dragonite|94/100
|inactive|eternatus bio has 30 seconds left.
|
|t:|1757199282
|switch|p2a: Dragapult|Dragapult, L50, M, shiny, tera:Ghost|100/100|[from] U-turn
|move|p1b: Annihilape|Drain Punch|p2b: Whimsicott
|-resisted|p2b: Whimsicott
|-damage|p2b: Whimsicott|81/100
|-heal|p1b: Annihilape|83/100|[from] drain|[of] p2b: Whimsicott
|move|p1a: Dragonite|Scale Shot|p2a: Dragapult
|-damage|p2a: Dragapult|78/100
|-damage|p2a: Dragapult|56/100
|-damage|p2a: Dragapult|35/100
|-damage|p2a: Dragapult|12/100
|-hitcount|p2a: Dragapult|4
|-unboost|p1a: Dragonite|def|1
|-boost|p1a: Dragonite|spe|1
|
|-heal|p2a: Dragapult|18/100|[from] Grassy Terrain
|-heal|p2b: Whimsicott|87/100|[from] Grassy Terrain
|-heal|p1b: Annihilape|89/100|[from] Grassy Terrain
|upkeep
|turn|8
|inactive|magmastormvgc has 30 seconds left.
|inactive|eternatus bio has 30 seconds left.
|inactive|magmastormvgc has 20 seconds left.
|inactive|magmastormvgc has 15 seconds left.
|
|t:|1757199323
|switch|p1a: Ursaluna|Ursaluna-Bloodmoon, L50, M|100/100
|switch|p1b: Maushold|Maushold-Four, L50|100/100
|move|p2a: Dragapult|Dragon Darts|p1a: Ursaluna
|-damage|p1a: Ursaluna|80/100
|-anim|p2a: Dragapult|Dragon Darts|p1b: Maushold
|-damage|p1b: Maushold|59/100
|move|p2b: Whimsicott|Moonblast|p1a: Ursaluna
|-damage|p1a: Ursaluna|66/100
|
|-heal|p2a: Dragapult|24/100|[from] Grassy Terrain
|-heal|p2b: Whimsicott|93/100|[from] Grassy Terrain
|-heal|p1b: Maushold|65/100|[from] Grassy Terrain
|-heal|p1a: Ursaluna|72/100|[from] Grassy Terrain
|-sideend|p2: eternatus bio|move: Tailwind
|-fieldend|move: Grassy Terrain
|upkeep
|turn|9
|inactive|magmastormvgc has 30 seconds left.
|inactive|magmastormvgc has 20 seconds left.
|inactive|magmastormvgc has 15 seconds left.
|inactive|magmastormvgc has 10 seconds left.
|
|t:|1757199371
|switch|p2a: Rillaboom|Rillaboom, L50, F, shiny|57/100
|-fieldstart|move: Grassy Terrain|[from] ability: Grassy Surge|[of] p2a: Rillaboom
|move|p2b: Whimsicott|Tailwind|p2b: Whimsicott
|-sidestart|p2: eternatus bio|move: Tailwind
|move|p1b: Maushold|Super Fang|p2b: Whimsicott|[miss]
|-miss|p1b: Maushold|p2b: Whimsicott
|move|p1a: Ursaluna|Hyper Voice|p2a: Rillaboom|[spread] p2a,p2b
|-damage|p2a: Rillaboom|27/100
|-damage|p2b: Whimsicott|37/100
|
|-heal|p2b: Whimsicott|43/100|[from] Grassy Terrain
|-heal|p2a: Rillaboom|33/100|[from] Grassy Terrain
|-heal|p1b: Maushold|71/100|[from] Grassy Terrain
|-heal|p1a: Ursaluna|78/100|[from] Grassy Terrain
|upkeep
|turn|10
|inactive|magmastormvgc has 30 seconds left.
|inactive|magmastormvgc has 20 seconds left.
|inactive|eternatus bio has 30 seconds left.
|
|t:|1757199402
|switch|p1a: Annihilape|Annihilape, L50, F, tera:Fire|89/100
|move|p2b: Whimsicott|Protect|p2b: Whimsicott
|-singleturn|p2b: Whimsicott|Protect
|move|p1b: Maushold|Protect|p1b: Maushold
|-singleturn|p1b: Maushold|Protect
|move|p2a: Rillaboom|Wood Hammer|p1b: Maushold
|-activate|p1b: Maushold|move: Protect
|
|-heal|p2b: Whimsicott|49/100|[from] Grassy Terrain
|-heal|p2a: Rillaboom|39/100|[from] Grassy Terrain
|-heal|p1b: Maushold|77/100|[from] Grassy Terrain
|-heal|p1a: Annihilape|96/100|[from] Grassy Terrain
|upkeep
|turn|11
|inactive|magmastormvgc has 20 seconds left this turn.
|inactive|magmastormvgc has 15 seconds left.
|inactive|magmastormvgc has 10 seconds left.
|inactive|magmastormvgc has 5 seconds left.
|
|t:|1757199419
|switch|p2a: Incineroar|Incineroar, L50, M, shiny|100/100
|-ability|p2a: Incineroar|Intimidate|boost
|-unboost|p1a: Annihilape|atk|1
|-ability|p1a: Annihilape|Defiant|boost
|-boost|p1a: Annihilape|atk|2
|-unboost|p1b: Maushold|atk|1
|switch|p1b: Dragonite|Dragonite, L50, F|94/100
|move|p2b: Whimsicott|Moonblast|p1b: Dragonite
|-supereffective|p1b: Dragonite
|-damage|p1b: Dragonite|37/100
|move|p1a: Annihilape|Rage Fist|p2b: Whimsicott
|-damage|p2b: Whimsicott|0 fnt
|faint|p2b: Whimsicott
|
|-heal|p1a: Annihilape|100/100|[from] Grassy Terrain
|upkeep
|
|t:|1757199431
|switch|p2b: Dragapult|Dragapult, L50, M, shiny, tera:Ghost|24/100
|turn|12
|inactive|magmastormvgc has 5 seconds left this turn.
|inactive|eternatus bio has 30 seconds left.
|
|t:|1757199461
|switch|p2a: Rillaboom|Rillaboom, L50, F, shiny|39/100
|move|p2b: Dragapult|Dragon Darts|p1a: Annihilape
|-damage|p1a: Annihilape|61/100
|-anim|p2b: Dragapult|Dragon Darts|p1b: Dragonite
|-supereffective|p1b: Dragonite
|-damage|p1b: Dragonite|0 fnt
|faint|p1b: Dragonite
|move|p1a: Annihilape|Rage Fist|p2a: Rillaboom
|-damage|p2a: Rillaboom|0 fnt
|faint|p2a: Rillaboom
|
|-heal|p2b: Dragapult|30/100|[from] Grassy Terrain
|-heal|p1a: Annihilape|67/100|[from] Grassy Terrain
|-sideend|p2: eternatus bio|move: Tailwind
|upkeep
|inactive|magmastormvgc has 5 seconds left this turn.
|-message|magmastormvgc lost due to inactivity.
|
|win|eternatus bio
