|j|☆Darkan33
|j|☆Jamstiffer
|html|Darkan33Jamstiffer    
|uhtml|bestof|Game 3 of a best-of-3
|t:|1756396454
|gametype|doubles
|player|p1|Darkan33|veteran|1086
|player|p2|Jamstiffer|steven|1088
|gen|9
|tier|[Gen 9] VGC 2025 Reg H (Bo3)
|rated|
|rule|Species Clause: Limit one of each Pokémon
|rule|Item Clause: Limit 1 of each item
|clearpoke
|poke|p1|Kingdra, L50, M|
|poke|p1|Pelipper, L50, M|
|poke|p1|Garchomp, L50, F|
|poke|p1|Breloom, L50, F|
|poke|p1|Archaludon, L50, F|
|poke|p1|Grimmsnarl, L50, M|
|poke|p2|Tyranitar, L50, F|
|poke|p2|Excadrill, L50, F|
|poke|p2|Gholdengo, L50|
|poke|p2|Volcarona, L50, F|
|poke|p2|Gastrodon, L50, M|
|poke|p2|Rillaboom, L50, F|
|teampreview|4
|showteam|p1|Kingdra||LifeOrb|SwiftSwim|MuddyWater,DracoMeteor,Hurricane,Protect|||M|||50|,,,,,Stellar]Pelipper||CovertCloak|Drizzle|WeatherBall,Hurricane,WideGuard,Tailwind|||M|||50|,,,,,Ghost]Garchomp||LoadedDice|RoughSkin|ScaleShot,Protect,StompingTantrum,Earthquake|||F|||50|,,,,,Steel]Breloom||FocusSash|Technician|MachPunch,BulletSeed,Spore,Protect|||F|||50|,,,,,Steel]Archaludon||AssaultVest|Stamina|BodyPress,FlashCannon,ElectroShot,DragonPulse|||F|||50|,,,,,Grass]Grimmsnarl||LightClay|Prankster|LightScreen,Reflect,SpiritBreak,ThunderWave|||M|||50|,,,,,Ghost
|showteam|p2|Tyranitar||AssaultVest|SandStream|RockSlide,KnockOff,TeraBlast,LowKick|||F|||50|,,,,,Flying]Excadrill||FocusSash|SandRush|HighHorsepower,Earthquake,IronHead,Protect|||F|||50|,,,,,Stellar]Gholdengo||LifeOrb|GoodasGold|MakeItRain,ShadowBall,NastyPlot,Protect||||||50|,,,,,Water]Volcarona||CovertCloak|FlameBody|RagePowder,FieryDance,StruggleBug,Tailwind|||F|||50|,,,,,Grass]Gastrodon||Leftovers|StormDrain|Yawn,IceBeam,EarthPower,Protect|||M|||50|,,,,,Poison]Rillaboom||MiracleSeed|GrassySurge|FakeOut,GrassyGlide,WoodHammer,HighHorsepower|||F|||50|,,,,,Fire
|inactive|Battle timer is ON: inactive players will automatically lose when time's up. (requested by Jamstiffer)
|inactive|Darkan33 has 60 seconds left.
|
|t:|1756396493
|teamsize|p1|4
|teamsize|p2|4
|start
|switch|p1a: Garchomp|Garchomp, L50, F|100/100
|switch|p1b: Breloom|Breloom, L50, F, shiny|100/100
|switch|p2a: Gholdengo|Gholdengo, L50|100/100
|switch|p2b: Gastrodon|Gastrodon, L50, M|100/100
|turn|1
|
|t:|1756396508
|-terastallize|p2b: Gastrodon|Poison
|move|p2a: Gholdengo|Protect|p2a: Gholdengo
|-singleturn|p2a: Gholdengo|Protect
|move|p1a: Garchomp|Stomping Tantrum|p2a: Gholdengo
|-activate|p2a: Gholdengo|move: Protect
|move|p1b: Breloom|Bullet Seed|p2a: Gholdengo
|-activate|p2a: Gholdengo|move: Protect
|move|p2b: Gastrodon|Ice Beam|p1a: Garchomp
|-supereffective|p1a: Garchomp
|-damage|p1a: Garchomp|22/100
|
|upkeep
|turn|2
|
|t:|1756396531
|switch|p1b: Pelipper|Pelipper, L50, M, shiny|100/100
|-weather|RainDance|[from] ability: Drizzle|[of] p1b: Pelipper
|switch|p2a: Rillaboom|Rillaboom, L50, F|100/100
|-fieldstart|move: Grassy Terrain|[from] ability: Grassy Surge|[of] p2a: Rillaboom
|move|p1a: Garchomp|Earthquake|p2b: Gastrodon|[spread] p2a,p2b
|-immune|p1b: Pelipper
|-resisted|p2a: Rillaboom
|-supereffective|p2b: Gastrodon
|-damage|p2a: Rillaboom|91/100
|-damage|p2b: Gastrodon|70/100
|move|p2b: Gastrodon|Ice Beam|p1b: Pelipper
|-damage|p1b: Pelipper|66/100
|
|-weather|RainDance|[upkeep]
|-heal|p1a: Garchomp|28/100|[from] Grassy Terrain
|-heal|p2a: Rillaboom|97/100|[from] Grassy Terrain
|-heal|p2b: Gastrodon|76/100|[from] Grassy Terrain
|-heal|p2b: Gastrodon|82/100|[from] item: Leftovers
|upkeep
|turn|3
|
|t:|1756396550
|move|p1a: Garchomp|Protect|p1a: Garchomp
|-singleturn|p1a: Garchomp|Protect
|move|p2b: Gastrodon|Protect|p2b: Gastrodon
|-singleturn|p2b: Gastrodon|Protect
|move|p2a: Rillaboom|Grassy Glide|p1a: Garchomp
|-activate|p1a: Garchomp|move: Protect
|move|p1b: Pelipper|Tailwind|p1b: Pelipper
|-sidestart|p1: Darkan33|move: Tailwind
|
|-weather|RainDance|[upkeep]
|-heal|p1a: Garchomp|35/100|[from] Grassy Terrain
|-heal|p2a: Rillaboom|100/100|[from] Grassy Terrain
|-heal|p2b: Gastrodon|88/100|[from] Grassy Terrain
|-heal|p2b: Gastrodon|94/100|[from] item: Leftovers
|upkeep
|turn|4
|
|t:|1756396568
|move|p2a: Rillaboom|Grassy Glide|p1a: Garchomp
|-damage|p1a: Garchomp|0 fnt
|-damage|p2a: Rillaboom|88/100|[from] ability: Rough Skin|[of] p1a: Garchomp
|faint|p1a: Garchomp
|move|p1b: Pelipper|Hurricane|p2a: Rillaboom
|-supereffective|p2a: Rillaboom
|-damage|p2a: Rillaboom|0 fnt
|faint|p2a: Rillaboom
|move|p2b: Gastrodon|Ice Beam|p1b: Pelipper
|-damage|p1b: Pelipper|35/100
|
|-weather|RainDance|[upkeep]
|-heal|p2b: Gastrodon|99/100|[from] Grassy Terrain
|-heal|p2b: Gastrodon|100/100|[from] item: Leftovers
|upkeep
|
|t:|1756396576
|switch|p1a: Archaludon|Archaludon, L50, F|100/100
|switch|p2a: Tyranitar|Tyranitar, L50, F|100/100
|-weather|Sandstorm|[from] ability: Sand Stream|[of] p2a: Tyranitar
|turn|5
|inactive|Darkan33 has 30 seconds left.
|inactive|Jamstiffer has 30 seconds left.
|
|t:|1756396612
|switch|p1b: Breloom|Breloom, L50, F, shiny|100/100
|move|p1a: Archaludon|Flash Cannon|p2a: Tyranitar
|-supereffective|p2a: Tyranitar
|-damage|p2a: Tyranitar|69/100
|move|p2a: Tyranitar|Knock Off|p1a: Archaludon
|-damage|p1a: Archaludon|59/100
|-ability|p1a: Archaludon|Stamina|boost
|-boost|p1a: Archaludon|def|1
|-enditem|p1a: Archaludon|Assault Vest|[from] move: Knock Off|[of] p2a: Tyranitar
|move|p2b: Gastrodon|Earth Power|p1a: Archaludon
|-supereffective|p1a: Archaludon
|-damage|p1a: Archaludon|3/100
|-ability|p1a: Archaludon|Stamina|boost
|-boost|p1a: Archaludon|def|1
|
|-weather|Sandstorm|[upkeep]
|-damage|p1b: Breloom|95/100|[from] Sandstorm
|-damage|p2b: Gastrodon|95/100|[from] Sandstorm
|-heal|p1b: Breloom|100/100|[from] Grassy Terrain
|-heal|p1a: Archaludon|9/100|[from] Grassy Terrain
|-heal|p2a: Tyranitar|75/100|[from] Grassy Terrain
|-heal|p2b: Gastrodon|100/100|[from] Grassy Terrain
|upkeep
|turn|6
|
|t:|1756396630
|switch|p2a: Gholdengo|Gholdengo, L50|100/100
|move|p1b: Breloom|Spore|p2b: Gastrodon
|-status|p2b: Gastrodon|slp|[from] move: Spore
|move|p1a: Archaludon|Body Press|p2a: Gholdengo
|-immune|p2a: Gholdengo
|cant|p2b: Gastrodon|slp
|
|-weather|Sandstorm|[upkeep]
|-damage|p1b: Breloom|95/100|[from] Sandstorm
|-damage|p2b: Gastrodon|95/100 slp|[from] Sandstorm
|-heal|p1b: Breloom|100/100|[from] Grassy Terrain
|-heal|p1a: Archaludon|15/100|[from] Grassy Terrain
|-heal|p2b: Gastrodon|100/100 slp|[from] Grassy Terrain
|-sideend|p1: Darkan33|move: Tailwind
|-fieldend|move: Grassy Terrain
|upkeep
|turn|7
|
|t:|1756396647
|cant|p2b: Gastrodon|slp
|move|p1b: Breloom|Bullet Seed|p2a: Gholdengo
|-resisted|p2a: Gholdengo
|-damage|p2a: Gholdengo|92/100
|-resisted|p2a: Gholdengo
|-damage|p2a: Gholdengo|82/100
|-hitcount|p2a: Gholdengo|2
|move|p2a: Gholdengo|Make It Rain|p1b: Breloom|[spread] p1a,p1b
|-resisted|p1a: Archaludon
|-damage|p1a: Archaludon|0 fnt
|-enditem|p1b: Breloom|Focus Sash
|-damage|p1b: Breloom|1/100
|-unboost|p2a: Gholdengo|spa|1
|faint|p1a: Archaludon
|-damage|p2a: Gholdengo|72/100|[from] item: Life Orb
|
|-weather|Sandstorm|[upkeep]
|-damage|p1b: Breloom|0 fnt|[from] Sandstorm
|-damage|p2b: Gastrodon|95/100 slp|[from] Sandstorm
|faint|p1b: Breloom
|-heal|p2b: Gastrodon|100/100 slp|[from] item: Leftovers
|upkeep
|c|☆Jamstiffer|gg
|c|☆Darkan33|gg
|inactive|Darkan33 has 30 seconds left.
|
|t:|1756396676
|switch|p1b: Pelipper|Pelipper, L50, M, shiny|35/100
|-weather|RainDance|[from] ability: Drizzle|[of] p1b: Pelipper
|turn|8
|
|t:|1756396683
|move|p2a: Gholdengo|Shadow Ball|p1b: Pelipper
|-damage|p1b: Pelipper|0 fnt
|faint|p1b: Pelipper
|-damage|p2a: Gholdengo|62/100|[from] item: Life Orb
|
|win|Jamstiffer
|raw|Darkan33's rating: 1086 → 1063(-23 for losing)
|raw|Jamstiffer's rating: 1088 → 1115(+27 for winning)
