|badge|p2|silver|gen9ou|30-6
|uhtml|medal-msg|Curious what those medals under the avatar are? PS now has Ladder Seasons! For more information, check out the thread on Smogon.
|j|☆colemarcusvgc
|j|☆JackRG1
|html|colemarcusvgcJackRG1    
|uhtml|bestof|Game 1 of a best-of-3
|t:|1757790311
|gametype|doubles
|player|p1|colemarcusvgc|n|1149
|player|p2|JackRG1|dawn-gen4pt|1265
|gen|9
|tier|[Gen 9] VGC 2025 Reg H (Bo3)
|rated|
|rule|Species Clause: Limit one of each Pokémon
|rule|Item Clause: Limit 1 of each item
|clearpoke
|poke|p1|Indeedee-F, L50, F|
|poke|p1|Hatterene, L50, F|
|poke|p1|Gallade, L50, M|
|poke|p1|Ursaluna, L50, M|
|poke|p1|Torkoal, L50, F|
|poke|p1|Zoroark-Hisui, L50, F|
|poke|p2|Tyranitar, L50, F|
|poke|p2|Excadrill, L50, M|
|poke|p2|Gastrodon-East, L50, F|
|poke|p2|Corviknight, L50, F|
|poke|p2|Glimmora, L50, M|
|poke|p2|Indeedee-F, L50, F|
|teampreview|4
|showteam|p1|Indeedee-F||PsychicSeed|PsychicSurge|TrickRoom,FollowMe,HelpingHand,DazzlingGleam|||F|||50|,,,,,Fire]Hatterene||TwistedSpoon|MagicBounce|ExpandingForce,TrickRoom,DazzlingGleam,Protect|||F|||50|,,,,,Water]Gallade||ClearAmulet|Sharpness|SacredSword,PsychoCut,TrickRoom,WideGuard|||M|||50|,,,,,Grass]Ursaluna||FlameOrb|Guts|HeadlongRush,Facade,Earthquake,Protect|||M|||50|,,,,,Ghost]Torkoal||ChoiceSpecs|Drought|Eruption,HeatWave,WeatherBall,EarthPower|||F|||50|,,,,,Fire]Zoroark-Hisui||FocusSash|Illusion|HyperVoice,BitterMalice,Snarl,Taunt|||F|||50|,,,,,Stellar
|showteam|p2|Tyranitar||AssaultVest|SandStream|RockSlide,KnockOff,TeraBlast,LowKick|||F|||50|,,,,,Flying]Excadrill||FocusSash|SandRush|Earthquake,HighHorsepower,IronHead,Protect|||M|||50|,,,,,Stellar]Gastrodon-East||Leftovers|StormDrain|EarthPower,HydroPump,ClearSmog,Protect|||F|||50|,,,,,Grass]Corviknight||PsychicSeed|MirrorArmor|BraveBird,PowerTrip,BulkUp,Roost|||F|||50|,,,,,Dark]Glimmora||ChoiceScarf|ToxicDebris|EnergyBall,PowerGem,EarthPower,SludgeBomb|||M|||50|,,,,,Grass]Indeedee-F||SafetyGoggles|PsychicSurge|FollowMe,Psychic,TrickRoom,Protect|||F|||50|,,,,,Fairy
|inactive|Battle timer is ON: inactive players will automatically lose when time's up. (requested by JackRG1)
|inactive|colemarcusvgc has 60 seconds left.
|inactive|JackRG1 has 60 seconds left.
|inactive|colemarcusvgc has 30 seconds left.
|
|t:|1757790372
|teamsize|p1|4
|teamsize|p2|4
|start
|switch|p1a: Indeedee|Indeedee-F, L50, F|100/100
|switch|p1b: Hatterene|Hatterene, L50, F|100/100
|switch|p2a: Tyranitar|Tyranitar, L50, F|100/100
|switch|p2b: Excadrill|Excadrill, L50, M|100/100
|-weather|Sandstorm|[from] ability: Sand Stream|[of] p2a: Tyranitar
|-fieldstart|move: Psychic Terrain|[from] ability: Psychic Surge|[of] p1a: Indeedee
|-enditem|p1a: Indeedee|Psychic Seed
|-boost|p1a: Indeedee|spd|1|[from] item: Psychic Seed
|turn|1
|inactive|colemarcusvgc has 30 seconds left.
|inactive|colemarcusvgc has 20 seconds left.
|inactive|colemarcusvgc has 15 seconds left.
|inactive|colemarcusvgc has 10 seconds left.
|inactive|colemarcusvgc has 5 seconds left.
|
|t:|1757790426
|switch|p2a: Corviknight|Corviknight, L50, F|100/100
|-enditem|p2a: Corviknight|Psychic Seed
|-boost|p2a: Corviknight|spd|1|[from] item: Psychic Seed
|-terastallize|p1b: Hatterene|Water
|move|p2b: Excadrill|Earthquake|p1a: Indeedee|[spread] p1a,p1b
|-immune|p2a: Corviknight
|-damage|p1a: Indeedee|65/100
|-damage|p1b: Hatterene|58/100
|move|p1b: Hatterene|Expanding Force|p2a: Corviknight|[spread] p2a,p2b
|-resisted|p2a: Corviknight
|-resisted|p2b: Excadrill
|-damage|p2a: Corviknight|77/100
|-damage|p2b: Excadrill|45/100
|move|p1a: Indeedee|Trick Room|p1a: Indeedee
|-fieldstart|move: Trick Room|[of] p1a: Indeedee
|
|-weather|Sandstorm|[upkeep]
|-damage|p1b: Hatterene|53/100|[from] Sandstorm
|-damage|p1a: Indeedee|59/100|[from] Sandstorm
|upkeep
|turn|2
|
|t:|1757790450
|move|p1a: Indeedee|Helping Hand|p1b: Hatterene
|-singleturn|p1b: Hatterene|Helping Hand|[of] p1a: Indeedee
|move|p1b: Hatterene|Expanding Force|p2a: Corviknight|[spread] p2a,p2b
|-resisted|p2a: Corviknight
|-resisted|p2b: Excadrill
|-damage|p2a: Corviknight|35/100
|-damage|p2b: Excadrill|0 fnt
|faint|p2b: Excadrill
|move|p2a: Corviknight|Bulk Up|p2a: Corviknight
|-boost|p2a: Corviknight|atk|1
|-boost|p2a: Corviknight|def|1
|
|-weather|Sandstorm|[upkeep]
|-damage|p1b: Hatterene|47/100|[from] Sandstorm
|-damage|p1a: Indeedee|52/100|[from] Sandstorm
|upkeep
|
|t:|1757790457
|switch|p2b: Gastrodon|Gastrodon-East, L50, F|100/100
|turn|3
|
|t:|1757790475
|switch|p1a: Gallade|Gallade, L50, M|100/100
|switch|p2a: Tyranitar|Tyranitar, L50, F|100/100
|move|p1b: Hatterene|Expanding Force|p2a: Tyranitar|[spread] p2b
|-immune|p2a: Tyranitar
|-damage|p2b: Gastrodon|16/100
|move|p2b: Gastrodon|Earth Power|p1b: Hatterene
|-damage|p1b: Hatterene|3/100
|
|-weather|Sandstorm|[upkeep]
|-damage|p1b: Hatterene|0 fnt|[from] Sandstorm
|-damage|p1a: Gallade|95/100|[from] Sandstorm
|faint|p1b: Hatterene
|-heal|p2b: Gastrodon|22/100|[from] item: Leftovers
|upkeep
|
|t:|1757790489
|switch|p1b: Ursaluna|Ursaluna, L50, M|100/100
|turn|4
|
|t:|1757790511
|switch|p2a: Corviknight|Corviknight, L50, F|35/100
|move|p1a: Gallade|Wide Guard|p1a: Gallade
|-singleturn|p1a: Gallade|Wide Guard
|move|p2b: Gastrodon|Hydro Pump|p1a: Gallade
|-damage|p1a: Gallade|52/100
|move|p1b: Ursaluna|Facade|p2b: Gastrodon
|-damage|p2b: Gastrodon|0 fnt
|faint|p2b: Gastrodon
|
|-weather|Sandstorm|[upkeep]
|-damage|p1a: Gallade|46/100|[from] Sandstorm
|-status|p1b: Ursaluna|brn|[from] item: Flame Orb
|upkeep
|
|t:|1757790520
|switch|p2b: Tyranitar|Tyranitar, L50, F|100/100
|turn|5
|
|t:|1757790529
|move|p1b: Ursaluna|Facade|p2b: Tyranitar
|-resisted|p2b: Tyranitar
|-damage|p2b: Tyranitar|41/100
|move|p1a: Gallade|Sacred Sword|p2a: Corviknight
|-damage|p2a: Corviknight|0 fnt
|faint|p2a: Corviknight
|move|p2b: Tyranitar|Knock Off|p1a: Gallade
|-damage|p1a: Gallade|0 fnt
|-enditem|p1a: Gallade|Clear Amulet|[from] move: Knock Off|[of] p2b: Tyranitar
|faint|p1a: Gallade
|
|-weather|none
|-damage|p1b: Ursaluna|95/100 brn|[from] brn
|-fieldend|move: Trick Room
|-fieldend|move: Psychic Terrain
|upkeep
|-message|JackRG1 forfeited.
|
|win|colemarcusvgc
|l|☆JackRG1
|player|p2|
||JackRG1 is ready for game 2.
