|j|☆lucrativelom
|j|☆ruben2327
|html|lucrativelomruben2327    
|uhtml|bestof|Game 1 of a best-of-3
|t:|1785436375
|gametype|doubles
|player|p1|lucrativelom|170|1129
|player|p2|ruben2327|steven|1085
|gen|9
|tier|[Gen 9 Champions] VGC 2026 Reg M-B (Bo3)
|rated|
|rule|Species Clause: Limit one of each Pokémon
|rule|Item Clause: Limit 1 of each item
|clearpoke
|poke|p1|Tyranitar, L50, M|
|poke|p1|Sinistcha, L50|
|poke|p1|Aerodactyl, L50, F|
|poke|p1|Gholdengo, L50|
|poke|p1|Basculegion, L50, M|
|poke|p1|Sneasler, L50, M|
|poke|p2|Garchomp, L50, F, shiny|
|poke|p2|Incineroar, L50, F, shiny|
|poke|p2|Annihilape, L50, F, shiny|
|poke|p2|Toxapex, L50, M, shiny|
|poke|p2|Venusaur, L50, M, shiny|
|poke|p2|Charizard, L50, F, shiny|
|teampreview|4
|showteam|p1|Tyranitar||Tyranitarite|SandStream|RockSlide,KnockOff,DragonDance,Protect|Adamant||M|||50|]Sinistcha||KasibBerry|Hospitality|MatchaGotcha,LifeDew,TrickRoom,RagePowder|Calm|||||50|]Aerodactyl||FocusSash|Unnerve|DualWingbeat,RockSlide,Tailwind,Protect|Jolly||F|||50|]Gholdengo||LifeOrb|GoodasGold|ShadowBall,MakeItRain,NastyPlot,Protect|Modest|||||50|]Basculegion||ChoiceScarf|Adaptability|WaveCrash,FlipTurn,LastRespects,PsychicFangs|Jolly||M|||50|]Sneasler||CobaBerry|PoisonTouch|PoisonJab,CloseCombat,Coaching,FakeOut|Adamant||M|||50|
|showteam|p2|Garchomp||ChoiceScarf|RoughSkin|Earthquake,DragonClaw,RockSlide,StompingTantrum|Adamant||F|||50|]Incineroar||SitrusBerry|Intimidate|FakeOut,FlareBlitz,ThroatChop,PartingShot|Impish||F|||50|]Annihilape||FocusSash|Defiant|CloseCombat,PhantomForce,RockTomb,Protect|Jolly||F|||50|]Toxapex||Leftovers|Regenerator|Toxic,Infestation,WideGuard,BanefulBunker|Impish||M|||50|]Venusaur||LifeOrb|Chlorophyll|SolarBeam,SludgeBomb,EarthPower,Protect|Modest||M|||50|]Charizard||CharizarditeY|Blaze|HeatWave,WeatherBall,HelpingHand,Protect|Modest||F|||50|
|inactive|Battle timer is ON: inactive players will automatically lose when time's up. (requested by ruben2327)
|inactive|ruben2327 has 60 seconds left.
|
|t:|1785436446
|teamsize|p1|4
|teamsize|p2|4
|start
|switch|p1a: Aerodactyl|Aerodactyl, L50, F|100/100
|switch|p1b: Gholdengo|Gholdengo, L50|100/100
|switch|p2a: Venusaur|Venusaur, L50, M, shiny|100/100
|switch|p2b: Charizard|Charizard, L50, F, shiny|100/100
|-ability|p1a: Aerodactyl|Unnerve
|turn|1
|inactive|ruben2327 has 30 seconds left.
|
|t:|1785436472
|detailschange|p2b: Charizard|Charizard-Mega-Y, L50, F, shiny
|-mega|p2b: Charizard|Charizard|Charizardite Y
|-weather|SunnyDay|[from] ability: Drought|[of] p2b: Charizard
|move|p2b: Charizard|Protect|p2b: Charizard
|-singleturn|p2b: Charizard|Protect
|move|p2a: Venusaur|Earth Power|p1b: Gholdengo
|-supereffective|p1b: Gholdengo|1
|-damage|p1b: Gholdengo|22/100
|-damage|p2a: Venusaur|90/100|[from] item: Life Orb
|move|p1a: Aerodactyl|Tailwind|p1a: Aerodactyl
|-sidestart|p1: lucrativelom|move: Tailwind
|move|p1b: Gholdengo|Nasty Plot|p1b: Gholdengo
|-boost|p1b: Gholdengo|spa|2
|
|-weather|SunnyDay|[upkeep]
|upkeep
|turn|2
|
|t:|1785436494
|switch|p2b: Garchomp|Garchomp, L50, F, shiny|100/100
|move|p1a: Aerodactyl|Dual Wingbeat|p2a: Venusaur
|-supereffective|p2a: Venusaur|1
|-damage|p2a: Venusaur|49/100
|-supereffective|p2a: Venusaur|1
|-damage|p2a: Venusaur|6/100
|-hitcount|p2a: Venusaur|2
|move|p2a: Venusaur|Earth Power|p1b: Gholdengo
|-supereffective|p1b: Gholdengo|1
|-damage|p1b: Gholdengo|0 fnt
|faint|p1b: Gholdengo
|-damage|p2a: Venusaur|0 fnt|[from] item: Life Orb
|faint|p2a: Venusaur
|
|-weather|SunnyDay|[upkeep]
|upkeep
|inactive|lucrativelom has 30 seconds left.
|
|t:|1785436523
|switch|p2a: Incineroar|Incineroar, L50, F, shiny|100/100
|switch|p1b: Tyranitar|Tyranitar, L50, M|100/100
|-weather|Sandstorm|[from] ability: Sand Stream|[of] p1b: Tyranitar
|-ability|p2a: Incineroar|Intimidate|boost
|-unboost|p1a: Aerodactyl|atk|1
|-unboost|p1b: Tyranitar|atk|1
|turn|3
|inactive|ruben2327 has 30 seconds left.
|inactive|ruben2327 has 20 seconds left.
|inactive|ruben2327 has 15 seconds left.
|
|t:|1785436566
|switch|p1b: Basculegion|Basculegion, L50, M|100/100
|move|p1a: Aerodactyl|Protect|p1a: Aerodactyl
|-singleturn|p1a: Aerodactyl|Protect
|move|p2a: Incineroar|Fake Out|p1b: Basculegion
|-immune|p1b: Basculegion
|move|p2b: Garchomp|Rock Slide|p1b: Basculegion|[spread] p1b
|-activate|p1a: Aerodactyl|move: Protect
|-damage|p1b: Basculegion|74/100
|
|-weather|Sandstorm|[upkeep]
|-damage|p1b: Basculegion|68/100|[from] Sandstorm
|-damage|p2a: Incineroar|94/100|[from] Sandstorm
|upkeep
|turn|4
|
|t:|1785436583
|move|p1b: Basculegion|Last Respects|p2b: Garchomp
|-damage|p2b: Garchomp|38/100
|move|p1a: Aerodactyl|Rock Slide|p2b: Garchomp|[spread] p2a,p2b
|-supereffective|p2a: Incineroar|1
|-crit|p2a: Incineroar
|-resisted|p2b: Garchomp|1
|-damage|p2a: Incineroar|34/100
|-damage|p2b: Garchomp|29/100
|cant|p2b: Garchomp|flinch
|move|p2a: Incineroar|Throat Chop|p1b: Basculegion
|-supereffective|p1b: Basculegion|1
|-damage|p1b: Basculegion|0 fnt
|faint|p1b: Basculegion
|
|-weather|Sandstorm|[upkeep]
|-damage|p2a: Incineroar|28/100|[from] Sandstorm
|-sideend|p1: lucrativelom|move: Tailwind
|upkeep
|
|t:|1785436597
|switch|p1b: Tyranitar|Tyranitar, L50, M|100/100
|turn|5
|
|t:|1785436615
|move|p2b: Garchomp|Rock Slide|p1b: Tyranitar|[spread] p1a,p1b
|-supereffective|p1a: Aerodactyl|1
|-damage|p1a: Aerodactyl|40/100
|-damage|p1b: Tyranitar|84/100
|move|p1a: Aerodactyl|Rock Slide|p2a: Incineroar|[spread] p2b
|-miss|p1a: Aerodactyl|p2a: Incineroar
|-resisted|p2b: Garchomp|1
|-damage|p2b: Garchomp|22/100
|move|p1b: Tyranitar|Dragon Dance|p1b: Tyranitar
|-boost|p1b: Tyranitar|atk|1
|-boost|p1b: Tyranitar|spe|1
|move|p2a: Incineroar|Parting Shot|p1a: Aerodactyl
|-unboost|p1a: Aerodactyl|atk|1
|-unboost|p1a: Aerodactyl|spa|1
|
|t:|1785436627
|switch|p2a: Charizard|Charizard-Mega-Y, L50, F, shiny|100/100|[from] Parting Shot
|-weather|SunnyDay|[from] ability: Drought|[of] p2a: Charizard
|
|-weather|SunnyDay|[upkeep]
|upkeep
|turn|6
|
|t:|1785436648
|detailschange|p1b: Tyranitar|Tyranitar-Mega, L50, M
|-mega|p1b: Tyranitar|Tyranitar|Tyranitarite
|-weather|Sandstorm|[from] ability: Sand Stream|[of] p1b: Tyranitar
|move|p2b: Garchomp|Rock Slide|p1a: Aerodactyl|[spread] p1a,p1b
|-supereffective|p1a: Aerodactyl|1
|-damage|p1a: Aerodactyl|0 fnt
|-damage|p1b: Tyranitar|71/100
|faint|p1a: Aerodactyl
|cant|p1b: Tyranitar|flinch
|move|p2a: Charizard|Weather Ball|p1b: Tyranitar
|-damage|p1b: Tyranitar|50/100g
|
|-weather|Sandstorm|[upkeep]
|-damage|p2a: Charizard|93/100|[from] Sandstorm
|upkeep
|turn|7
|
|t:|1785436662
|switch|p2a: Incineroar|Incineroar, L50, F, shiny|28/100
|-enditem|p2a: Incineroar|Sitrus Berry|[eat]
|-heal|p2a: Incineroar|53/100|[from] item: Sitrus Berry
|-ability|p2a: Incineroar|Intimidate|boost
|-unboost|p1b: Tyranitar|atk|1
|move|p2b: Garchomp|Rock Slide|p1b: Tyranitar|[miss]
|-miss|p2b: Garchomp|p1b: Tyranitar
|move|p1b: Tyranitar|Rock Slide|p2b: Garchomp|[spread] p2a,p2b
|-supereffective|p2a: Incineroar|1
|-resisted|p2b: Garchomp|1
|-damage|p2a: Incineroar|0 fnt
|-damage|p2b: Garchomp|5/100
|faint|p2a: Incineroar
|
|-weather|Sandstorm|[upkeep]
|upkeep
|
|t:|1785436676
|switch|p2a: Charizard|Charizard-Mega-Y, L50, F, shiny|93/100
|-weather|SunnyDay|[from] ability: Drought|[of] p2a: Charizard
|turn|8
|
|t:|1785436686
|move|p2b: Garchomp|Rock Slide|p1b: Tyranitar
|-damage|p1b: Tyranitar|32/100
|cant|p1b: Tyranitar|flinch
|move|p2a: Charizard|Weather Ball|p1b: Tyranitar
|-resisted|p1b: Tyranitar|1
|-damage|p1b: Tyranitar|0 fnt
|faint|p1b: Tyranitar
|
|win|ruben2327
||lucrativelom is ready for game 2.
||ruben2327 is ready for game 2.
|uhtml|next|Next: Game 2 of 3
|l|☆lucrativelom
|player|p1|
