|j|☆TwistedGengar
|j|☆KilamanolaVGC
|html|TwistedGengarKilamanolaVGC    
|uhtml|bestof|Game 2 of a best-of-3
|t:|1757784843
|gametype|doubles
|player|p1|TwistedGengar|170|1173
|player|p2|KilamanolaVGC|169|1229
|gen|9
|tier|[Gen 9] VGC 2025 Reg H (Bo3)
|rated|
|rule|Species Clause: Limit one of each Pokémon
|rule|Item Clause: Limit 1 of each item
|clearpoke
|poke|p1|Sinistcha, L50|
|poke|p1|Kingambit, L50, M|
|poke|p1|Garchomp, L50, M|
|poke|p1|Primarina, L50, F|
|poke|p1|Volcarona, L50, F|
|poke|p1|Hariyama, L50, M|
|poke|p2|Weezing-Galar, L50, F|
|poke|p2|Slaking, L50, M|
|poke|p2|Mamoswine, L50, F|
|poke|p2|Kilowattrel, L50, M|
|poke|p2|Dondozo, L50, M|
|poke|p2|Tatsugiri, L50, M|
|teampreview|4
|showteam|p1|Sinistcha||MentalHerb|Heatproof|MatchaGotcha,CalmMind,StrengthSap,TrickRoom||||||50|,,,,,Dark]Kingambit||SafetyGoggles|Defiant|KowtowCleave,IronHead,SuckerPunch,SwordsDance|||M|||50|,,,,,Ghost]Garchomp||LoadedDice|RoughSkin|StompingTantrum,ScaleShot,SwordsDance,Protect|||M|||50|,,,,,Steel]Primarina||ChoiceSpecs|LiquidVoice|HyperVoice,Moonblast,DazzlingGleam,HydroCannon|||F|||50|,,,,,Grass]Volcarona||CovertCloak|FlameBody|StruggleBug,Flamethrower,RagePowder,Tailwind|||F|||50|,,,,,Water]Hariyama||AssaultVest|ThickFat|CloseCombat,KnockOff,HeavySlam,FakeOut|||M|||50|,,,,,Psychic
|showteam|p2|Weezing-Galar||CovertCloak|NeutralizingGas|StrangeSteam,WillOWisp,Taunt,Protect|||F|||50|,,,,,Water]Slaking||LifeOrb|Truant|DoubleEdge,SuckerPunch,HighHorsepower,Protect|||M|||50|,,,,,Ghost]Mamoswine||FocusSash|Oblivious|IcicleCrash,IceShard,Earthquake,Protect|||F|||50|,,,,,Ghost]Kilowattrel||ChoiceSpecs|Competitive|Thunderbolt,Discharge,AirSlash,VoltSwitch|||M|||50|,,,,,Ghost]Dondozo||Leftovers|Unaware|WaveCrash,HeavySlam,OrderUp,Protect|||M|||50|,,,,,Grass]Tatsugiri||AbilityShield|Commander|MuddyWater,DragonPulse,DracoMeteor,Protect|||M|||50|,,,,,Steel
|inactive|Battle timer is ON: inactive players will automatically lose when time's up. (requested by KilamanolaVGC)
|inactive|TwistedGengar has 60 seconds left.
|
|t:|1757784874
|teamsize|p1|4
|teamsize|p2|4
|start
|switch|p1a: Sinistcha|Sinistcha, L50|100/100
|switch|p1b: Hariyama|Hariyama, L50, M|100/100
|switch|p2a: Mamoswine|Mamoswine, L50, F, shiny|100/100
|switch|p2b: Kilowattrel|Kilowattrel, L50, M, shiny|100/100
|turn|1
|
|t:|1757784895
|-terastallize|p1a: Sinistcha|Dark
|move|p2b: Kilowattrel|Discharge|p1b: Hariyama|[spread] p1a,p1b
|-immune|p2a: Mamoswine
|-damage|p1a: Sinistcha|65/100
|-damage|p1b: Hariyama|77/100
|-status|p1a: Sinistcha|par
|-status|p1b: Hariyama|par
|move|p2a: Mamoswine|Icicle Crash|p1a: Sinistcha
|-damage|p1a: Sinistcha|23/100 par
|cant|p1b: Hariyama|par
|move|p1a: Sinistcha|Trick Room|p1a: Sinistcha
|-fieldstart|move: Trick Room|[of] p1a: Sinistcha
|
|upkeep
|turn|2
|
|t:|1757784910
|move|p2a: Mamoswine|Ice Shard|p1a: Sinistcha
|-damage|p1a: Sinistcha|4/100 par
|move|p1b: Hariyama|Knock Off|p2b: Kilowattrel
|-damage|p2b: Kilowattrel|42/100
|-enditem|p2b: Kilowattrel|Choice Specs|[from] move: Knock Off|[of] p1b: Hariyama
|move|p1a: Sinistcha|Strength Sap|p2a: Mamoswine
|-unboost|p2a: Mamoswine|atk|1
|-heal|p1a: Sinistcha|100/100 par
|move|p2b: Kilowattrel|Discharge|p1b: Hariyama|[spread] p1a,p1b
|-immune|p2a: Mamoswine
|-damage|p1a: Sinistcha|74/100 par
|-damage|p1b: Hariyama|60/100 par
|
|upkeep
|turn|3
|inactive|TwistedGengar has 30 seconds left.
|
|t:|1757784941
|switch|p2a: Tatsugiri|Tatsugiri, L50, M, shiny|100/100
|switch|p2b: Dondozo|Dondozo, L50, M, shiny|100/100
|-activate|p2a: Tatsugiri|ability: Commander|[of] p2b: Dondozo
|-boost|p2b: Dondozo|atk|2
|-boost|p2b: Dondozo|spa|2
|-boost|p2b: Dondozo|spe|2
|-boost|p2b: Dondozo|def|2
|-boost|p2b: Dondozo|spd|2
|move|p1b: Hariyama|Knock Off|p2b: Dondozo
|-damage|p2b: Dondozo|90/100
|-enditem|p2b: Dondozo|Leftovers|[from] move: Knock Off|[of] p1b: Hariyama
|cant|p1a: Sinistcha|par
|
|upkeep
|turn|4
|
|t:|1757784962
|switch|p1b: Primarina|Primarina, L50, F|100/100
|move|p2b: Dondozo|Protect|p2b: Dondozo
|-singleturn|p2b: Dondozo|Protect
|move|p1a: Sinistcha|Strength Sap|p2b: Dondozo
|-activate|p2b: Dondozo|move: Protect
|
|upkeep
|turn|5
|
|t:|1757784973
|cant|p1a: Sinistcha|par
|move|p1b: Primarina|Moonblast|p2b: Dondozo
|-damage|p2b: Dondozo|54/100
|move|p2b: Dondozo|Order Up|p1a: Sinistcha
|-damage|p1a: Sinistcha|36/100 par
|-boost|p2b: Dondozo|atk|1
|
|-fieldend|move: Trick Room
|upkeep
|turn|6
|inactive|TwistedGengar has 30 seconds left.
|inactive|TwistedGengar has 20 seconds left.
|inactive|TwistedGengar has 15 seconds left.
|
|t:|1757785017
|switch|p1a: Kingambit|Kingambit, L50, M|100/100
|move|p2b: Dondozo|Heavy Slam|p1b: Primarina
|-damage|p1b: Primarina|0 fnt
|faint|p1b: Primarina
|
|upkeep
|
|t:|1757785024
|switch|p1b: Sinistcha|Sinistcha, L50, tera:Dark|36/100 par
|turn|7
|
|t:|1757785033
|move|p2b: Dondozo|Order Up|p1b: Sinistcha
|-damage|p1b: Sinistcha|0 fnt
|faint|p1b: Sinistcha
|-boost|p2b: Dondozo|atk|1
|move|p1a: Kingambit|Kowtow Cleave|p2b: Dondozo
|-damage|p2b: Dondozo|36/100
|
|upkeep
|-message|TwistedGengar forfeited.
|
|win|KilamanolaVGC
||TwistedGengar is ready for game 3.
||KilamanolaVGC is ready for game 3.
|uhtml|next|Next: Game 3 of 3
