|j|☆AnriVGC
|j|☆Falenaegenerale
|html|AnriVGCFalenaegenerale    
|uhtml|bestof|Game 3 of a best-of-3
|t:|1756498985
|gametype|doubles
|player|p1|AnriVGC|hilda-masters3|1123
|player|p2|Falenaegenerale|ghetsis|1114
|gen|9
|tier|[Gen 9] VGC 2025 Reg H (Bo3)
|rated|
|rule|Species Clause: Limit one of each Pokémon
|rule|Item Clause: Limit 1 of each item
|clearpoke
|poke|p1|Gholdengo, L50|
|poke|p1|Sneasler, L50, F|
|poke|p1|Rillaboom, L50, M|
|poke|p1|Dragonite, L50, F|
|poke|p1|Ninetales-Alola, L50, F|
|poke|p1|Arcanine-Hisui, L50, F|
|poke|p2|Kingambit, L50, M|
|poke|p2|Sneasler, L50, M|
|poke|p2|Rillaboom, L50, F|
|poke|p2|Dragonite, L50, F|
|poke|p2|Electabuzz, L50, M|
|poke|p2|Volcarona, L50, M|
|teampreview|4
|showteam|p1|Gholdengo||GrassySeed|GoodasGold|NastyPlot,MakeItRain,ShadowBall,Protect||||||50|,,,,,Water]Sneasler||FocusSash|Unburden|CloseCombat,DireClaw,Coaching,FakeOut|||F|||50|,,,,,Ghost]Rillaboom||AssaultVest|GrassySurge|FakeOut,DrumBeating,HighHorsepower,GrassyGlide|||M|||50|,,,,,Fire]Dragonite||LoadedDice|Multiscale|ScaleShot,StompingTantrum,Haze,Protect|||F|||50|,,,,,Steel]Ninetales-Alola||LightClay|SnowWarning|IcyWind,Blizzard,Moonblast,AuroraVeil|||F|||50|,,,,,Water]Arcanine-Hisui||ClearAmulet|Intimidate|RockSlide,FlareBlitz,ExtremeSpeed,Protect|||F|||50|,,,,,Grass
|showteam|p2|Kingambit||BlackGlasses|Defiant|KowtowCleave,SuckerPunch,SwordsDance,Protect|||M|||50|,,,,,Dark]Sneasler||FocusSash|Unburden|FakeOut,CloseCombat,DireClaw,Coaching|||M|||50|,,,,,Ghost]Rillaboom||AssaultVest|GrassySurge|FakeOut,WoodHammer,GrassyGlide,HighHorsepower|||F|||50|,,,,,Fire]Dragonite||LoadedDice|Multiscale|ScaleShot,ExtremeSpeed,Haze,Protect|||F|||50|,,,,,Steel]Electabuzz||Eviolite|VitalSpirit|Electroweb,FollowMe,Taunt,Protect|||M|||50|,,,,,Dragon]Volcarona||Leftovers|FlameBody|HeatWave,TeraBlast,QuiverDance,Protect|||M|||50|,,,,,Fairy
|inactive|Battle timer is ON: inactive players will automatically lose when time's up. (requested by Falenaegenerale)
|
|t:|1756499028
|teamsize|p1|4
|teamsize|p2|4
|start
|switch|p1a: Sneasler|Sneasler, L50, F|100/100
|switch|p1b: Arcanine|Arcanine-Hisui, L50, F|100/100
|switch|p2a: 1000 volt|Electabuzz, L50, M|100/100
|switch|p2b: Shōgun|Kingambit, L50, M, shiny|100/100
|-ability|p1b: Arcanine|Intimidate|boost
|-unboost|p2a: 1000 volt|atk|1
|-unboost|p2b: Shōgun|atk|1
|-ability|p2b: Shōgun|Defiant|boost
|-boost|p2b: Shōgun|atk|2
|turn|1
|
|t:|1756499044
|switch|p1b: Dragonite|Dragonite, L50, F|100/100
|move|p2b: Shōgun|Protect|p2b: Shōgun
|-singleturn|p2b: Shōgun|Protect
|move|p1a: Sneasler|Fake Out|p2b: Shōgun
|-activate|p2b: Shōgun|move: Protect
|move|p2a: 1000 volt|Electroweb|p1b: Dragonite|[spread] p1a,p1b
|-crit|p1b: Dragonite
|-damage|p1a: Sneasler|81/100
|-damage|p1b: Dragonite|90/100
|-unboost|p1a: Sneasler|spe|1
|-unboost|p1b: Dragonite|spe|1
|
|upkeep
|turn|2
|inactive|Falenaegenerale has 30 seconds left.
|inactive|Falenaegenerale has 20 seconds left.
|
|t:|1756499083
|switch|p1a: Rillaboom|Rillaboom, L50, M|100/100
|-fieldstart|move: Grassy Terrain|[from] ability: Grassy Surge|[of] p1a: Rillaboom
|-terastallize|p2b: Shōgun|Dark
|move|p2a: 1000 volt|Follow Me|p2a: 1000 volt
|-singleturn|p2a: 1000 volt|move: Follow Me
|move|p1b: Dragonite|Haze|p1b: Dragonite
|-clearallboost
|move|p2b: Shōgun|Kowtow Cleave|p1a: Rillaboom
|-damage|p1a: Rillaboom|16/100
|
|-heal|p1a: Rillaboom|22/100|[from] Grassy Terrain
|upkeep
|turn|3
|inactive|Falenaegenerale has 30 seconds left.
|
|t:|1756499114
|move|p2a: 1000 volt|Protect|p2a: 1000 volt
|-singleturn|p2a: 1000 volt|Protect
|move|p2b: Shōgun|Protect|p2b: Shōgun
|-singleturn|p2b: Shōgun|Protect
|move|p1a: Rillaboom|Fake Out|p2b: Shōgun
|-activate|p2b: Shōgun|move: Protect
|move|p1b: Dragonite|Stomping Tantrum|p2a: 1000 volt
|-activate|p2a: 1000 volt|move: Protect
|
|-heal|p1a: Rillaboom|29/100|[from] Grassy Terrain
|upkeep
|turn|4
|
|t:|1756499134
|switch|p1a: Sneasler|Sneasler, L50, F|81/100
|-terastallize|p1b: Dragonite|Steel
|move|p2b: Shōgun|Sucker Punch||[still]
|-fail|p2b: Shōgun
|move|p2a: 1000 volt|Electroweb|p1a: Sneasler|[spread] p1a,p1b
|-damage|p1a: Sneasler|62/100
|-damage|p1b: Dragonite|75/100
|-unboost|p1a: Sneasler|spe|1
|-unboost|p1b: Dragonite|spe|1
|move|p1b: Dragonite|Stomping Tantrum|p2a: 1000 volt
|-supereffective|p2a: 1000 volt
|-damage|p2a: 1000 volt|60/100
|
|-heal|p2a: 1000 volt|65/100|[from] Grassy Terrain
|-heal|p1a: Sneasler|68/100|[from] Grassy Terrain
|-heal|p1b: Dragonite|81/100|[from] Grassy Terrain
|upkeep
|turn|5
|inactive|Falenaegenerale has 30 seconds left.
|inactive|AnriVGC has 30 seconds left.
|
|t:|1756499171
|move|p2a: 1000 volt|Protect|p2a: 1000 volt
|-singleturn|p2a: 1000 volt|Protect
|move|p1a: Sneasler|Coaching|p1b: Dragonite
|-boost|p1b: Dragonite|atk|1
|-boost|p1b: Dragonite|def|1
|move|p1b: Dragonite|Scale Shot|p2a: 1000 volt
|-activate|p2a: 1000 volt|move: Protect
|move|p2b: Shōgun|Kowtow Cleave|p1b: Dragonite
|-damage|p1b: Dragonite|21/100
|
|-heal|p2a: 1000 volt|71/100|[from] Grassy Terrain
|-heal|p1a: Sneasler|74/100|[from] Grassy Terrain
|-heal|p1b: Dragonite|27/100|[from] Grassy Terrain
|upkeep
|turn|6
|
|t:|1756499184
|move|p2a: 1000 volt|Follow Me|p2a: 1000 volt
|-singleturn|p2a: 1000 volt|move: Follow Me
|move|p1a: Sneasler|Close Combat|p2a: 1000 volt
|-damage|p2a: 1000 volt|17/100
|-unboost|p1a: Sneasler|def|1
|-unboost|p1a: Sneasler|spd|1
|move|p1b: Dragonite|Scale Shot|p2a: 1000 volt
|-damage|p2a: 1000 volt|0 fnt
|faint|p2a: 1000 volt
|-hitcount|p2: 1000 volt|1
|-unboost|p1b: Dragonite|def|1
|-boost|p1b: Dragonite|spe|1
|move|p2b: Shōgun|Kowtow Cleave|p1b: Dragonite
|-damage|p1b: Dragonite|0 fnt
|faint|p1b: Dragonite
|
|-heal|p1a: Sneasler|79/100|[from] Grassy Terrain
|-fieldend|move: Grassy Terrain
|upkeep
|
|t:|1756499199
|switch|p2a: Nightmare|Sneasler, L50, M|100/100
|switch|p1b: Arcanine|Arcanine-Hisui, L50, F|100/100
|-ability|p1b: Arcanine|Intimidate|boost
|-unboost|p2a: Nightmare|atk|1
|-unboost|p2b: Shōgun|atk|1
|-ability|p2b: Shōgun|Defiant|boost
|-boost|p2b: Shōgun|atk|2
|turn|7
|inactive|Falenaegenerale has 30 seconds left.
|inactive|Falenaegenerale has 20 seconds left.
|
|t:|1756499237
|move|p2a: Nightmare|Fake Out|p1a: Sneasler
|-damage|p1a: Sneasler|54/100
|move|p1b: Arcanine|Rock Slide|p2b: Shōgun|[spread] p2a,p2b
|-resisted|p2a: Nightmare
|-damage|p2a: Nightmare|76/100
|-damage|p2b: Shōgun|82/100
|cant|p1a: Sneasler|flinch
|cant|p2b: Shōgun|flinch
|
|upkeep
|turn|8
|inactive|Falenaegenerale has 30 seconds left.
|inactive|Falenaegenerale has 20 seconds left.
|inactive|Falenaegenerale has 15 seconds left.
|inactive|Falenaegenerale has 10 seconds left.
|inactive|Falenaegenerale has 5 seconds left.
|
|t:|1756499289
|move|p2b: Shōgun|Sucker Punch|p1a: Sneasler
|-resisted|p1a: Sneasler
|-damage|p1a: Sneasler|0 fnt
|faint|p1a: Sneasler
|move|p2a: Nightmare|Coaching|p2b: Shōgun
|-boost|p2b: Shōgun|atk|1
|-boost|p2b: Shōgun|def|1
|move|p1b: Arcanine|Flare Blitz|p2a: Nightmare
|-damage|p2a: Nightmare|0 fnt
|faint|p2a: Nightmare
|-damage|p1b: Arcanine|78/100|[from] Recoil
|
|upkeep
|
|t:|1756499297
|switch|p2a: Kong|Rillaboom, L50, F|100/100
|switch|p1a: Rillaboom|Rillaboom, L50, M|29/100
|-fieldstart|move: Grassy Terrain|[from] ability: Grassy Surge|[of] p1a: Rillaboom
|turn|9
|inactive|Falenaegenerale has 30 seconds left.
|
|t:|1756499328
|move|p1a: Rillaboom|Fake Out|p2b: Shōgun
|-damage|p2b: Shōgun|74/100
|move|p2a: Kong|Fake Out|p1b: Arcanine
|-resisted|p1b: Arcanine
|-damage|p1b: Arcanine|71/100
|cant|p1b: Arcanine|flinch
|cant|p2b: Shōgun|flinch
|
|-heal|p1b: Arcanine|77/100|[from] Grassy Terrain
|-heal|p1a: Rillaboom|35/100|[from] Grassy Terrain
|-heal|p2b: Shōgun|80/100|[from] Grassy Terrain
|upkeep
|turn|10
|
|t:|1756499343
|move|p1b: Arcanine|Protect|p1b: Arcanine
|-singleturn|p1b: Arcanine|Protect
|move|p1a: Rillaboom|Grassy Glide|p2b: Shōgun
|-crit|p2b: Shōgun
|-damage|p2b: Shōgun|42/100
|move|p2a: Kong|High Horsepower|p1b: Arcanine
|-activate|p1b: Arcanine|move: Protect
|move|p2b: Shōgun|Kowtow Cleave|p1a: Rillaboom
|-damage|p1a: Rillaboom|0 fnt
|faint|p1a: Rillaboom
|
|-heal|p1b: Arcanine|83/100|[from] Grassy Terrain
|-heal|p2b: Shōgun|48/100|[from] Grassy Terrain
|upkeep
|turn|11
|
|t:|1756499359
|move|p2b: Shōgun|Sucker Punch|p1b: Arcanine
|-damage|p1b: Arcanine|0 fnt
|faint|p1b: Arcanine
|
|win|Falenaegenerale
|raw|AnriVGC's rating: 1123 → 1097(-26 for losing)
|raw|Falenaegenerale's rating: 1114 → 1140(+26 for winning)
|l|☆Falenaegenerale
|player|p2|
