|j|☆WolfofSigmar
|j|☆tk_feenix
|html|WolfofSigmartk_feenix    
|uhtml|bestof|Game 2 of a best-of-3
|t:|1757054126
|gametype|doubles
|player|p1|WolfofSigmar|ogreclan|1120
|player|p2|tk_feenix|steven|1146
|gen|9
|tier|[Gen 9] VGC 2025 Reg H (Bo3)
|rated|
|rule|Species Clause: Limit one of each Pokémon
|rule|Item Clause: Limit 1 of each item
|clearpoke
|poke|p1|Gholdengo, L50|
|poke|p1|Glimmora, L50, M|
|poke|p1|Rillaboom, L50, F|
|poke|p1|Sneasler, L50, F|
|poke|p1|Whimsicott, L50, F|
|poke|p1|Kingambit, L50, F|
|poke|p2|Archaludon, L50, F|
|poke|p2|Gholdengo, L50|
|poke|p2|Pelipper, L50, F|
|poke|p2|Ursaluna, L50, F|
|poke|p2|Sinistcha, L50|
|poke|p2|Dragonite, L50, M|
|teampreview|4
|showteam|p1|Gholdengo||Leftovers|GoodasGold|MakeItRain,ShadowBall,NastyPlot,Protect||||||50|,,,,,Dragon]Glimmora||PowerHerb|ToxicDebris|MeteorBeam,SludgeBomb,EarthPower,SpikyShield|||M|||50|,,,,,Grass]Rillaboom||AssaultVest|GrassySurge|FakeOut,WoodHammer,GrassyGlide,Uturn|||F|||50|,,,,,Grass]Sneasler||FocusSash|Unburden|DireClaw,CloseCombat,FakeOut,Protect|||F|||50|,,,,,Stellar]Whimsicott||CovertCloak|Prankster|Moonblast,Tailwind,Encore,FakeTears|||F|||50|,,,,,Water]Kingambit||BlackGlasses|Defiant|KowtowCleave,SuckerPunch,Protect,SwordsDance|||F|||50|,,,,,Dark
|showteam|p2|Archaludon||AssaultVest|Stamina|FlashCannon,ElectroShot,BodyPress,Snarl|||F|||50|,,,,,Fighting]Gholdengo||ChoiceScarf|GoodasGold|MakeItRain,ShadowBall,ThunderWave,Trick||||||50|,,,,,Flying]Pelipper||SafetyGoggles|Drizzle|WeatherBall,Hurricane,Tailwind,Protect|||F|||50|,,,,,Steel]Ursaluna||FlameOrb|Guts|Facade,HeadlongRush,Earthquake,Protect|||F|||50|,,,,,Dragon]Sinistcha||SitrusBerry|Hospitality|MatchaGotcha,LifeDew,RagePowder,TrickRoom||||||50|,,,,,Fire]Dragonite||LoadedDice|Multiscale|ScaleShot,Tailwind,Haze,Protect|||M|||50|,,,,,Fairy
|inactive|Battle timer is ON: inactive players will automatically lose when time's up. (requested by WolfofSigmar)
|inactive|tk_feenix has 60 seconds left.
|j| T-Soro
|l| T-Soro
|
|t:|1757054183
|teamsize|p1|4
|teamsize|p2|4
|start
|switch|p1a: Glimmora|Glimmora, L50, M|100/100
|switch|p1b: Sneasler|Sneasler, L50, F|100/100
|switch|p2a: Gholdengo|Gholdengo, L50|100/100
|switch|p2b: Dragonite|Dragonite, L50, M|100/100
|turn|1
|
|t:|1757054204
|-terastallize|p1a: Glimmora|Grass
|move|p1b: Sneasler|Fake Out|p2b: Dragonite
|-damage|p2b: Dragonite|94/100
|move|p2a: Gholdengo|Make It Rain|p1b: Sneasler|[spread] p1a,p1b
|-damage|p1a: Glimmora|49/100
|-damage|p1b: Sneasler|31/100
|-unboost|p2a: Gholdengo|spa|1
|cant|p2b: Dragonite|flinch
|move|p1a: Glimmora|Meteor Beam||[still]
|-prepare|p1a: Glimmora|Meteor Beam
|-boost|p1a: Glimmora|spa|1
|-enditem|p1a: Glimmora|Power Herb
|-anim|p1a: Glimmora|Meteor Beam|p2b: Dragonite
|-supereffective|p2b: Dragonite
|-damage|p2b: Dragonite|0 fnt
|faint|p2b: Dragonite
|
|upkeep
|
|t:|1757054221
|switch|p2b: Pelipper|Pelipper, L50, F|100/100
|-weather|RainDance|[from] ability: Drizzle|[of] p2b: Pelipper
|turn|2
|
|t:|1757054231
|move|p1a: Glimmora|Spiky Shield|p1a: Glimmora
|-singleturn|p1a: Glimmora|move: Protect
|move|p2a: Gholdengo|Make It Rain|p1a: Glimmora|[spread] p1b
|-activate|p1a: Glimmora|move: Protect
|-damage|p1b: Sneasler|0 fnt
|-unboost|p2a: Gholdengo|spa|1
|faint|p1b: Sneasler
|move|p2b: Pelipper|Hurricane|p1a: Glimmora
|-activate|p1a: Glimmora|move: Protect
|
|-weather|RainDance|[upkeep]
|upkeep
|
|t:|1757054241
|switch|p1b: Whimsicott|Whimsicott, L50, F|100/100
|turn|3
|
|t:|1757054255
|switch|p2a: Archaludon|Archaludon, L50, F|100/100
|move|p1b: Whimsicott|Tailwind|p1b: Whimsicott
|-sidestart|p1: WolfofSigmar|move: Tailwind
|move|p1a: Glimmora|Earth Power|p2a: Archaludon
|-supereffective|p2a: Archaludon
|-damage|p2a: Archaludon|34/100
|-ability|p2a: Archaludon|Stamina|boost
|-boost|p2a: Archaludon|def|1
|move|p2b: Pelipper|Hurricane|p1a: Glimmora
|-supereffective|p1a: Glimmora
|-damage|p1a: Glimmora|0 fnt
|faint|p1a: Glimmora
|
|-weather|RainDance|[upkeep]
|upkeep
|
|t:|1757054266
|switch|p1a: Gholdengo|Gholdengo, L50|100/100
|turn|4
|
|t:|1757054288
|move|p1b: Whimsicott|Moonblast|p2b: Pelipper
|-damage|p2b: Pelipper|71/100
|move|p1a: Gholdengo|Shadow Ball|p2b: Pelipper
|-damage|p2b: Pelipper|30/100
|move|p2a: Archaludon|Snarl|p1a: Gholdengo|[spread] p1a,p1b
|-supereffective|p1a: Gholdengo
|-resisted|p1b: Whimsicott
|-damage|p1a: Gholdengo|80/100
|-damage|p1b: Whimsicott|93/100
|-unboost|p1a: Gholdengo|spa|1
|move|p2b: Pelipper|Tailwind|p2b: Pelipper
|-sidestart|p2: tk_feenix|move: Tailwind
|
|-weather|RainDance|[upkeep]
|-heal|p1a: Gholdengo|86/100|[from] item: Leftovers
|upkeep
|turn|5
|inactive|tk_feenix has 30 seconds left.
|
|t:|1757054319
|move|p1b: Whimsicott|Fake Tears|p2a: Archaludon
|-unboost|p2a: Archaludon|spd|2
|move|p1a: Gholdengo|Make It Rain|p2b: Pelipper|[spread] p2a,p2b
|-resisted|p2a: Archaludon
|-resisted|p2b: Pelipper
|-damage|p2a: Archaludon|14/100
|-damage|p2b: Pelipper|13/100
|-unboost|p1a: Gholdengo|spa|1
|-ability|p2a: Archaludon|Stamina|boost
|-boost|p2a: Archaludon|def|1
|move|p2a: Archaludon|Flash Cannon|p1b: Whimsicott
|-supereffective|p1b: Whimsicott
|-damage|p1b: Whimsicott|17/100
|move|p2b: Pelipper|Weather Ball|p1a: Gholdengo
|-damage|p1a: Gholdengo|32/100
|
|-weather|RainDance|[upkeep]
|-heal|p1a: Gholdengo|39/100|[from] item: Leftovers
|upkeep
|turn|6
|inactive|tk_feenix has 30 seconds left.
|inactive|tk_feenix has 20 seconds left.
|
|t:|1757054355
|move|p2b: Pelipper|Protect|p2b: Pelipper
|-singleturn|p2b: Pelipper|Protect
|move|p1b: Whimsicott|Fake Tears|p2b: Pelipper
|-activate|p2b: Pelipper|move: Protect
|move|p1a: Gholdengo|Make It Rain|p2b: Pelipper|[spread] p2a
|-activate|p2b: Pelipper|move: Protect
|-resisted|p2a: Archaludon
|-damage|p2a: Archaludon|0 fnt
|-unboost|p1a: Gholdengo|spa|1
|faint|p2a: Archaludon
|
|-weather|none
|-heal|p1a: Gholdengo|45/100|[from] item: Leftovers
|-sideend|p1: WolfofSigmar|move: Tailwind
|upkeep
|
|t:|1757054364
|switch|p2a: Gholdengo|Gholdengo, L50|100/100
|turn|7
|
|t:|1757054377
|-terastallize|p2a: Gholdengo|Flying
|move|p1a: Gholdengo|Protect|p1a: Gholdengo
|-singleturn|p1a: Gholdengo|Protect
|move|p1b: Whimsicott|Tailwind|p1b: Whimsicott
|-sidestart|p1: WolfofSigmar|move: Tailwind
|move|p2a: Gholdengo|Make It Rain|p1b: Whimsicott|[spread] p1b
|-activate|p1a: Gholdengo|move: Protect
|-supereffective|p1b: Whimsicott
|-damage|p1b: Whimsicott|0 fnt
|-unboost|p2a: Gholdengo|spa|1
|faint|p1b: Whimsicott
|move|p2b: Pelipper|Weather Ball|p1a: Gholdengo
|-activate|p1a: Gholdengo|move: Protect
|
|-heal|p1a: Gholdengo|51/100|[from] item: Leftovers
|-sideend|p2: tk_feenix|move: Tailwind
|upkeep
|turn|8
|
|t:|1757054390
|move|p1a: Gholdengo|Shadow Ball|p2b: Pelipper
|-damage|p2b: Pelipper|0 fnt
|faint|p2b: Pelipper
|move|p2a: Gholdengo|Make It Rain|p1a: Gholdengo
|-resisted|p1a: Gholdengo
|-damage|p1a: Gholdengo|29/100
|-unboost|p2a: Gholdengo|spa|1
|
|-heal|p1a: Gholdengo|35/100|[from] item: Leftovers
|upkeep
|turn|9
|
|t:|1757054407
|move|p1a: Gholdengo|Protect|p1a: Gholdengo
|-singleturn|p1a: Gholdengo|Protect
|move|p2a: Gholdengo|Make It Rain|p1a: Gholdengo
|-activate|p1a: Gholdengo|move: Protect
|
|-heal|p1a: Gholdengo|42/100|[from] item: Leftovers
|upkeep
|turn|10
|
|t:|1757054414
|move|p1a: Gholdengo|Nasty Plot|p1a: Gholdengo
|-boost|p1a: Gholdengo|spa|2
|move|p2a: Gholdengo|Make It Rain|p1a: Gholdengo
|-resisted|p1a: Gholdengo
|-damage|p1a: Gholdengo|24/100
|-unboost|p2a: Gholdengo|spa|1
|
|-heal|p1a: Gholdengo|31/100|[from] item: Leftovers
|-sideend|p1: WolfofSigmar|move: Tailwind
|upkeep
|turn|11
|
|t:|1757054417
|move|p1a: Gholdengo|Protect|p1a: Gholdengo
|-singleturn|p1a: Gholdengo|Protect
|move|p2a: Gholdengo|Make It Rain|p1a: Gholdengo
|-activate|p1a: Gholdengo|move: Protect
|
|-heal|p1a: Gholdengo|37/100|[from] item: Leftovers
|upkeep
|turn|12
|
|t:|1757054423
|move|p2a: Gholdengo|Make It Rain|p1a: Gholdengo
|-resisted|p1a: Gholdengo
|-damage|p1a: Gholdengo|24/100
|-unboost|p2a: Gholdengo|spa|1
|move|p1a: Gholdengo|Nasty Plot|p1a: Gholdengo
|-boost|p1a: Gholdengo|spa|2
|
|-heal|p1a: Gholdengo|31/100|[from] item: Leftovers
|upkeep
|turn|13
|
|t:|1757054430
|move|p1a: Gholdengo|Protect|p1a: Gholdengo
|-singleturn|p1a: Gholdengo|Protect
|-activate|p2a: Gholdengo|move: Struggle
|move|p2a: Gholdengo|Struggle|p1a: Gholdengo
|-activate|p1a: Gholdengo|move: Protect
|
|-heal|p1a: Gholdengo|37/100|[from] item: Leftovers
|upkeep
|turn|14
|
|t:|1757054432
|-activate|p2a: Gholdengo|move: Struggle
|move|p2a: Gholdengo|Struggle|p1a: Gholdengo
|-damage|p1a: Gholdengo|31/100
|-damage|p2a: Gholdengo|75/100|[from] recoil
|move|p1a: Gholdengo|Shadow Ball|p2a: Gholdengo
|-damage|p2a: Gholdengo|0 fnt
|faint|p2a: Gholdengo
|
|win|WolfofSigmar
|raw|WolfofSigmar's rating: 1120 → 1147(+27 for winning)
|raw|tk_feenix's rating: 1146 → 1119(-27 for losing)
