|j|☆Van (Dream)
|j|☆Zephrhills
|html|Van (Dream)Zephrhills    
|uhtml|bestof|Game 1 of a best-of-3
|t:|1785122360
|gametype|doubles
|player|p1|Van (Dream)|li|
|player|p2|Zephrhills|miku-ghost|
|gen|9
|tier|[Gen 9 Champions] VGC 2026 Reg M-B (Bo3)
|rule|Species Clause: Limit one of each Pokémon
|rule|Item Clause: Limit 1 of each item
|clearpoke
|poke|p1|Politoed, L50, M|
|poke|p1|Swampert, L50, F|
|poke|p1|Archaludon, L50, F|
|poke|p1|Gholdengo, L50|
|poke|p1|Scrafty, L50, F|
|poke|p1|Raichu, L50, M|
|poke|p2|Serperior, L50, M|
|poke|p2|Rotom-Wash, L50, shiny|
|poke|p2|Dragapult, L50, M|
|poke|p2|Tyranitar, L50, M, shiny|
|poke|p2|Greninja, L50, F, shiny|
|poke|p2|Meowstic, L50, M|
|teampreview|4
|showteam|p1|Politoed||SitrusBerry|Drizzle|WeatherBall,IcyWind,HelpingHand,Protect|Bold||M|||50|]Swampert||Swampertite|Damp|Waterfall,HighHorsepower,IcePunch,Protect|Adamant||F|||50|]Archaludon||Leftovers|Stamina|ElectroShot,FlashCannon,DracoMeteor,Protect|Modest||F|||50|]Gholdengo||LifeOrb|GoodasGold|MakeItRain,ShadowBall,PowerGem,Protect|Timid|||||50|]Scrafty||LumBerry|Intimidate|FakeOut,CloseCombat,KnockOff,Protect|Adamant||F|||50|]Raichu||FocusSash|LightningRod|FakeOut,Thunderbolt,VoltSwitch,Protect|Timid||M|||50|
|showteam|p2|Serperior||YacheBerry|Contrary|Reflect,LeechSeed,Protect,LeafStorm|Timid||M|||50|]Rotom-Wash||Leftovers|Levitate|LightScreen,Protect,Thunderbolt,NightShade|Serious|||||50|]Dragapult||ChoiceScarf|Infiltrator|DracoMeteor,Thunder,Uturn,ShadowBall|Modest||M|||50|]Tyranitar||SitrusBerry|SandStream|Protect,Thunderbolt,EarthPower,IcyWind|Sassy||M|||50|]Greninja||ExpertBelt|Protean|GrassKnot,Extrasensory,MudShot,LowKick|Hasty||F|||50|]Meowstic||Meowsticite|Prankster|Yawn,AlluringVoice,DarkPulse,Protect|Timid||M|||50|
|
|t:|1785122445
|teamsize|p1|4
|teamsize|p2|4
|start
|switch|p1a: Politoed|Politoed, L50, M|100/100
|switch|p1b: Raichu|Raichu, L50, M|100/100
|switch|p2a: Meowstic|Meowstic, L50, M|100/100
|switch|p2b: Rotom|Rotom-Wash, L50, shiny|100/100
|-weather|RainDance|[from] ability: Drizzle|[of] p1a: Politoed
|turn|1
|
|t:|1785122500
|move|p1b: Raichu|Fake Out|p2a: Meowstic
|-damage|p2a: Meowstic|88/100
|cant|p2a: Meowstic|flinch
|move|p2b: Rotom|Light Screen|p2b: Rotom
|-sidestart|p2: Zephrhills|move: Light Screen
|move|p1a: Politoed|Weather Ball|p2a: Meowstic
|-damage|p2a: Meowstic|46/100
|
|-weather|RainDance|[upkeep]
|upkeep
|turn|2
|
|t:|1785122535
|move|p2a: Meowstic|Protect|p2a: Meowstic
|-singleturn|p2a: Meowstic|Protect
|move|p1b: Raichu|Volt Switch|p2a: Meowstic
|-activate|p2a: Meowstic|move: Protect
|move|p2b: Rotom|Night Shade|p1b: Raichu
|-damage|p1b: Raichu|62/100
|move|p1a: Politoed|Weather Ball|p2a: Meowstic
|-activate|p2a: Meowstic|move: Protect
|
|-weather|RainDance|[upkeep]
|upkeep
|turn|3
|
|t:|1785122552
|switch|p2a: Tyranitar|Tyranitar, L50, M, shiny|100/100
|-weather|Sandstorm|[from] ability: Sand Stream|[of] p2a: Tyranitar
|move|p1b: Raichu|Volt Switch|p2a: Tyranitar
|-damage|p2a: Tyranitar|89/100
|
|t:|1785122564
|switch|p1b: Archaludon|Archaludon, L50, F|100/100|[from] Volt Switch
|move|p2b: Rotom|Thunderbolt|p1a: Politoed
|-supereffective|p1a: Politoed|1
|-damage|p1a: Politoed|45/100
|-enditem|p1a: Politoed|Sitrus Berry|[eat]
|-heal|p1a: Politoed|70/100|[from] item: Sitrus Berry
|move|p1a: Politoed|Icy Wind|p2a: Tyranitar|[spread] p2a,p2b
|-resisted|p2b: Rotom|1
|-damage|p2a: Tyranitar|86/100
|-damage|p2b: Rotom|97/100
|-unboost|p2a: Tyranitar|spe|1
|-unboost|p2b: Rotom|spe|1
|
|-weather|Sandstorm|[upkeep]
|-damage|p1a: Politoed|63/100|[from] Sandstorm
|-damage|p2b: Rotom|91/100|[from] Sandstorm
|-heal|p2b: Rotom|97/100|[from] item: Leftovers
|upkeep
|turn|4
|
|t:|1785122605
|switch|p1a: Raichu|Raichu, L50, M|62/100
|move|p1b: Archaludon|Protect|p1b: Archaludon
|-singleturn|p1b: Archaludon|Protect
|move|p2b: Rotom|Thunderbolt|p1a: Raichu
|-ability|p1a: Raichu|Lightning Rod|boost
|-boost|p1a: Raichu|spa|1
|move|p2a: Tyranitar|Earth Power|p1b: Archaludon
|-activate|p1b: Archaludon|move: Protect
|
|-weather|Sandstorm|[upkeep]
|-damage|p1a: Raichu|57/100|[from] Sandstorm
|-damage|p2b: Rotom|91/100|[from] Sandstorm
|-heal|p2b: Rotom|97/100|[from] item: Leftovers
|upkeep
|turn|5
|
|t:|1785122625
|move|p2b: Rotom|Protect|p2b: Rotom
|-singleturn|p2b: Rotom|Protect
|move|p2a: Tyranitar|Protect|p2a: Tyranitar
|-singleturn|p2a: Tyranitar|Protect
|move|p1a: Raichu|Fake Out|p2a: Tyranitar
|-activate|p2a: Tyranitar|move: Protect
|move|p1b: Archaludon|Flash Cannon|p2a: Tyranitar
|-activate|p2a: Tyranitar|move: Protect
|
|-weather|Sandstorm|[upkeep]
|-damage|p1a: Raichu|51/100|[from] Sandstorm
|-damage|p2b: Rotom|91/100|[from] Sandstorm
|-heal|p2b: Rotom|97/100|[from] item: Leftovers
|-sideend|p2: Zephrhills|move: Light Screen
|upkeep
|turn|6
|
|t:|1785122647
|move|p1b: Archaludon|Protect|p1b: Archaludon
|-singleturn|p1b: Archaludon|Protect
|move|p1a: Raichu|Volt Switch|p2a: Tyranitar
|-damage|p2a: Tyranitar|65/100
|
|t:|1785122651
|switch|p1a: Politoed|Politoed, L50, M|63/100|[from] Volt Switch
|-weather|RainDance|[from] ability: Drizzle|[of] p1a: Politoed
|move|p2b: Rotom|Light Screen|p2b: Rotom
|-sidestart|p2: Zephrhills|move: Light Screen
|move|p2a: Tyranitar|Earth Power|p1b: Archaludon
|-activate|p1b: Archaludon|move: Protect
|
|-weather|RainDance|[upkeep]
|-heal|p2b: Rotom|100/100|[from] item: Leftovers
|upkeep
|turn|7
|
|t:|1785122668
|move|p1b: Archaludon|Electro Shot||[still]
|-prepare|p1b: Archaludon|Electro Shot
|-boost|p1b: Archaludon|spa|1
|-anim|p1b: Archaludon|Electro Shot|p2a: Tyranitar
|-damage|p2a: Tyranitar|30/100
|-enditem|p2a: Tyranitar|Sitrus Berry|[eat]
|-heal|p2a: Tyranitar|55/100|[from] item: Sitrus Berry
|move|p1a: Politoed|Icy Wind|p2a: Tyranitar|[spread] p2a,p2b
|-resisted|p2b: Rotom|1
|-damage|p2a: Tyranitar|51/100
|-damage|p2b: Rotom|98/100
|-unboost|p2a: Tyranitar|spe|1
|-unboost|p2b: Rotom|spe|1
|move|p2b: Rotom|Night Shade|p1b: Archaludon
|-damage|p1b: Archaludon|74/100
|-ability|p1b: Archaludon|Stamina|boost
|-boost|p1b: Archaludon|def|1
|move|p2a: Tyranitar|Earth Power|p1b: Archaludon
|-supereffective|p1b: Archaludon|1
|-damage|p1b: Archaludon|16/100
|-ability|p1b: Archaludon|Stamina|boost
|-boost|p1b: Archaludon|def|1
|
|-weather|RainDance|[upkeep]
|-heal|p1b: Archaludon|22/100|[from] item: Leftovers
|-heal|p2b: Rotom|100/100|[from] item: Leftovers
|upkeep
|turn|8
|
|t:|1785122708
|switch|p1a: Swampert|Swampert, L50, F|100/100
|move|p1b: Archaludon|Protect|p1b: Archaludon
|-singleturn|p1b: Archaludon|Protect
|move|p2a: Tyranitar|Protect|p2a: Tyranitar
|-singleturn|p2a: Tyranitar|Protect
|move|p2b: Rotom|Night Shade|p1b: Archaludon
|-activate|p1b: Archaludon|move: Protect
|
|-weather|RainDance|[upkeep]
|-heal|p1b: Archaludon|28/100|[from] item: Leftovers
|upkeep
|turn|9
|
|t:|1785122741
|move|p2a: Tyranitar|Protect||[still]
|-fail|p2a: Tyranitar
|move|p1a: Swampert|High Horsepower|p2a: Tyranitar
|-supereffective|p2a: Tyranitar|1
|-damage|p2a: Tyranitar|0 fnt
|faint|p2a: Tyranitar
|move|p1b: Archaludon|Electro Shot||[still]
|-prepare|p1b: Archaludon|Electro Shot
|-boost|p1b: Archaludon|spa|1
|-anim|p1b: Archaludon|Electro Shot|p2b: Rotom
|-damage|p2b: Rotom|48/100
|move|p2b: Rotom|Night Shade|p1b: Archaludon
|-damage|p1b: Archaludon|3/100
|-ability|p1b: Archaludon|Stamina|boost
|-boost|p1b: Archaludon|def|1
|
|-weather|RainDance|[upkeep]
|-heal|p1b: Archaludon|9/100|[from] item: Leftovers
|-heal|p2b: Rotom|54/100|[from] item: Leftovers
|upkeep
|
|t:|1785122760
|switch|p2a: Meowstic|Meowstic, L50, M|46/100
|turn|10
|
|t:|1785122796
|detailschange|p1a: Swampert|Swampert-Mega, L50, F
|-mega|p1a: Swampert|Swampert|Swampertite
|move|p2a: Meowstic|Yawn|p1a: Swampert
|-start|p1a: Swampert|move: Yawn|[of] p2a: Meowstic
|move|p1a: Swampert|Waterfall|p2b: Rotom
|-resisted|p2b: Rotom|1
|-damage|p2b: Rotom|14/100
|move|p1b: Archaludon|Draco Meteor|p2a: Meowstic
|-damage|p2a: Meowstic|0 fnt
|-unboost|p1b: Archaludon|spa|2
|faint|p2a: Meowstic
|cant|p2b: Rotom|flinch
|
|-weather|none
|-heal|p1b: Archaludon|15/100|[from] item: Leftovers
|-heal|p2b: Rotom|19/100|[from] item: Leftovers
|-sideend|p2: Zephrhills|move: Light Screen
|upkeep
|
|t:|1785122810
|switch|p2a: Serperior|Serperior, L50, M|100/100
|turn|11
|
|t:|1785122819
|move|p1b: Archaludon|Protect|p1b: Archaludon
|-singleturn|p1b: Archaludon|Protect
|move|p2b: Rotom|Protect|p2b: Rotom
|-singleturn|p2b: Rotom|Protect
|move|p2a: Serperior|Leaf Storm|p1b: Archaludon
|-activate|p1b: Archaludon|move: Protect
|move|p1a: Swampert|Ice Punch|p2a: Serperior
|-supereffective|p2a: Serperior|1
|-enditem|p2a: Serperior|Yache Berry|[eat]
|-enditem|p2a: Serperior|Yache Berry|[weaken]
|-damage|p2a: Serperior|58/100
|
|-heal|p1b: Archaludon|21/100|[from] item: Leftovers
|-heal|p2b: Rotom|25/100|[from] item: Leftovers
|-end|p1a: Swampert|move: Yawn|[silent]
|-status|p1a: Swampert|slp
|upkeep
|turn|12
|
|t:|1785122845
|switch|p1a: Politoed|Politoed, L50, M|63/100
|-weather|RainDance|[from] ability: Drizzle|[of] p1a: Politoed
|move|p2a: Serperior|Leaf Storm|p1a: Politoed
|-supereffective|p1a: Politoed|1
|-damage|p1a: Politoed|0 fnt
|-boost|p2a: Serperior|spa|2
|faint|p1a: Politoed
|move|p1b: Archaludon|Draco Meteor|p2a: Serperior|[miss]
|-miss|p1b: Archaludon|p2a: Serperior
|move|p2b: Rotom|Night Shade|p1b: Archaludon
|-damage|p1b: Archaludon|0 fnt
|faint|p1b: Archaludon
|
|-weather|RainDance|[upkeep]
|-heal|p2b: Rotom|31/100|[from] item: Leftovers
|upkeep
|
|t:|1785122855
|switch|p1b: Swampert|Swampert-Mega, L50, F|100/100 slp
|switch|p1a: Raichu|Raichu, L50, M|51/100
|turn|13
|
|t:|1785122867
|move|p2a: Serperior|Protect|p2a: Serperior
|-singleturn|p2a: Serperior|Protect
|move|p1a: Raichu|Fake Out|p2a: Serperior
|-activate|p2a: Serperior|move: Protect
|cant|p1b: Swampert|slp
|move|p2b: Rotom|Light Screen|p2b: Rotom
|-sidestart|p2: Zephrhills|move: Light Screen
|
|-weather|RainDance|[upkeep]
|-heal|p2b: Rotom|36/100|[from] item: Leftovers
|upkeep
|turn|14
|
|t:|1785122882
|-curestatus|p1b: Swampert|slp|[msg]
|move|p1b: Swampert|Protect|p1b: Swampert
|-singleturn|p1b: Swampert|Protect
|move|p2a: Serperior|Leaf Storm|p1b: Swampert
|-activate|p1b: Swampert|move: Protect
|move|p1a: Raichu|Thunderbolt|p2b: Rotom
|-damage|p2b: Rotom|14/100
|move|p2b: Rotom|Night Shade|p1a: Raichu
|-damage|p1a: Raichu|14/100
|
|-weather|RainDance|[upkeep]
|-heal|p2b: Rotom|20/100y|[from] item: Leftovers
|upkeep
|turn|15
|
|t:|1785122896
|move|p2a: Serperior|Protect|p2a: Serperior
|-singleturn|p2a: Serperior|Protect
|move|p1b: Swampert|Ice Punch|p2a: Serperior
|-activate|p2a: Serperior|move: Protect
|move|p1a: Raichu|Thunderbolt|p2a: Serperior
|-activate|p2a: Serperior|move: Protect
|move|p2b: Rotom|Night Shade|p1a: Raichu
|-damage|p1a: Raichu|0 fnt
|faint|p1a: Raichu
|
|-weather|RainDance|[upkeep]
|-heal|p2b: Rotom|26/100|[from] item: Leftovers
|upkeep
|turn|16
|
|t:|1785122911
|move|p2a: Serperior|Protect|p2a: Serperior
|-singleturn|p2a: Serperior|Protect
|move|p1b: Swampert|Ice Punch|p2a: Serperior
|-activate|p2a: Serperior|move: Protect
|move|p2b: Rotom|Night Shade|p1b: Swampert
|-damage|p1b: Swampert|71/100
|
|-weather|none
|-heal|p2b: Rotom|31/100|[from] item: Leftovers
|upkeep
|turn|17
|
|t:|1785122921
|move|p2b: Rotom|Protect|p2b: Rotom
|-singleturn|p2b: Rotom|Protect
|move|p2a: Serperior|Leaf Storm|p1b: Swampert
|-supereffective|p1b: Swampert|2
|-damage|p1b: Swampert|0 fnt
|-boost|p2a: Serperior|spa|2
|faint|p1b: Swampert
|
|win|Zephrhills
||Zephrhills is ready for game 2.
||Van (Dream) is ready for game 2.
|uhtml|next|Next: Game 2 of 3
