|j|☆linyu07824
|j|☆Lyc112393
|html|linyu07824Lyc112393    
|uhtml|bestof|Game 1 of a best-of-3
|t:|1785477725
|gametype|doubles
|player|p1|linyu07824|102|
|player|p2|Lyc112393|102|
|gen|9
|tier|[Gen 9 Champions] VGC 2026 Reg M-B (Bo3)
|rule|Species Clause: Limit one of each Pokémon
|rule|Item Clause: Limit 1 of each item
|clearpoke
|poke|p1|Sneasler, L50, F|
|poke|p1|Incineroar, L50, F|
|poke|p1|Floette-Eternal, L50, F|
|poke|p1|Milotic, L50, M|
|poke|p1|Sinistcha-Masterpiece, L50|
|poke|p1|Delphox, L50, M|
|poke|p2|Gholdengo, L50, shiny|
|poke|p2|Basculegion, L50, M, shiny|
|poke|p2|Whimsicott, L50, M, shiny|
|poke|p2|Sinistcha-Masterpiece, L50, shiny|
|poke|p2|Incineroar, L50, M, shiny|
|poke|p2|Staraptor, L50, M, shiny|
|teampreview|4
|showteam|p1|Sneasler||FocusSash|Unburden|FakeOut,DireClaw,CloseCombat,QuickGuard|Jolly||F|||50|]Incineroar||SitrusBerry|Intimidate|FakeOut,FlareBlitz,DarkestLariat,PartingShot|Impish||F|||50|]Floette-Eternal||Floettite|FlowerVeil|Moonblast,LightofRuin,Protect,DazzlingGleam|Modest||F|||50|]Milotic||Leftovers|Competitive|Protect,Coil,MuddyWater,Hypnosis|Bold||M|||50|]Sinistcha-Masterpiece||KasibBerry|Hospitality|Protect,LifeDew,RagePowder,MatchaGotcha|Bold|||||50|]Delphox||Delphoxite|Blaze|HeatWave,Protect,NastyPlot,Psychic|Timid||M|||50|
|showteam|p2|Gholdengo||Leftovers|GoodasGold|ShadowBall,MakeItRain,NastyPlot,Protect|Modest|||||50|]Basculegion||ChoiceScarf|Adaptability|WaveCrash,AquaJet,LastRespects,FlipTurn|Adamant||M|||50|]Whimsicott||FocusSash|Prankster|Encore,Tailwind,Moonblast,Charm|Timid||M|||50|]Sinistcha-Masterpiece|||Hospitality|MatchaGotcha,TrickRoom,LifeDew,RagePowder|Calm|||||50|]Incineroar||ShucaBerry|Intimidate|FakeOut,FlareBlitz,ThroatChop,PartingShot|Careful||M|||50|]Staraptor||Staraptite|Intimidate|BraveBird,CloseCombat,Protect,Roost|Adamant||M|||50|
|inactive|Battle timer is ON: inactive players will automatically lose when time's up. (requested by linyu07824)
|inactiveoff|Battle timer is now OFF.
|
|t:|1785477782
|teamsize|p1|4
|teamsize|p2|4
|start
|switch|p1a: Sneasler|Sneasler, L50, F|100/100
|switch|p1b: Delphox|Delphox, L50, M|100/100
|switch|p2a: Whimsicott|Whimsicott, L50, M, shiny|100/100
|switch|p2b: Basculegion|Basculegion, L50, M, shiny|100/100
|turn|1
|
|t:|1785477830
|switch|p1b: Sinistcha|Sinistcha-Masterpiece, L50|100/100
|move|p1a: Sneasler|Fake Out|p2a: Whimsicott
|-damage|p2a: Whimsicott|81/100
|move|p2b: Basculegion|Aqua Jet|p1b: Sinistcha
|-resisted|p1b: Sinistcha|1
|-damage|p1b: Sinistcha|87/100
|cant|p2a: Whimsicott|flinch
|
|upkeep
|turn|2
|
|t:|1785477851
|switch|p2b: Staraptor|Staraptor, L50, M, shiny|100/100
|-ability|p2b: Staraptor|Intimidate|boost
|-unboost|p1a: Sneasler|atk|1
|-unboost|p1b: Sinistcha|atk|1
|move|p2a: Whimsicott|Encore|p1a: Sneasler
|-start|p1a: Sneasler|Encore
|move|p1a: Sneasler|Fake Out||[still]
|-hint|Fake Out only works on your first turn out.
|-fail|p1a: Sneasler
|move|p1b: Sinistcha|Matcha Gotcha|p2a: Whimsicott|[spread] p2b
|-miss|p1b: Sinistcha|p2a: Whimsicott
|-resisted|p2b: Staraptor|1
|-damage|p2b: Staraptor|80/100
|-heal|p1b: Sinistcha|96/100|[from] drain|[of] p2b: Staraptor
|
|upkeep
|turn|3
|
|t:|1785477900
|switch|p1a: Milotic|Milotic, L50, M|100/100
|detailschange|p2b: Staraptor|Staraptor-Mega, L50, M, shiny
|-mega|p2b: Staraptor|Staraptor|Staraptite
|move|p1b: Sinistcha|Protect|p1b: Sinistcha
|-singleturn|p1b: Sinistcha|Protect
|move|p2a: Whimsicott|Tailwind|p2a: Whimsicott
|-sidestart|p2: Lyc112393|move: Tailwind
|move|p2b: Staraptor|Brave Bird|p1b: Sinistcha
|-activate|p1b: Sinistcha|move: Protect
|
|upkeep
|turn|4
|
|t:|1785477944
|switch|p1b: Sneasler|Sneasler, L50, F|100/100
|move|p2a: Whimsicott|Charm|p2b: Staraptor
|-boost|p2b: Staraptor|atk|2
|move|p2b: Staraptor|Roost|p2b: Staraptor
|-heal|p2b: Staraptor|100/100
|-singleturn|p2b: Staraptor|move: Roost
|move|p1a: Milotic|Hypnosis|p2b: Staraptor
|-status|p2b: Staraptor|slp|[from] move: Hypnosis
|
|upkeep
|turn|5
|
|t:|1785477975
|move|p2a: Whimsicott|Charm|p1b: Sneasler
|-unboost|p1b: Sneasler|atk|2
|cant|p2b: Staraptor|slp
|move|p1b: Sneasler|Dire Claw|p2a: Whimsicott
|-supereffective|p2a: Whimsicott|2
|-damage|p2a: Whimsicott|0 fnt
|faint|p2a: Whimsicott
|move|p1a: Milotic|Muddy Water|p2b: Staraptor
|-damage|p2b: Staraptor|64/100 slp
|
|upkeep
|
|t:|1785477987
|switch|p2a: Basculegion|Basculegion, L50, M, shiny|100/100
|turn|6
|
|t:|1785478018
|move|p2a: Basculegion|Last Respects|p1a: Milotic
|-damage|p1a: Milotic|43/100
|cant|p2b: Staraptor|slp
|move|p1b: Sneasler|Dire Claw|p2b: Staraptor
|-damage|p2b: Staraptor|40/100 slp
|-fail|p2b: Staraptor|slp
|move|p1a: Milotic|Hypnosis|p2a: Basculegion
|-status|p2a: Basculegion|slp|[from] move: Hypnosis
|
|-heal|p1a: Milotic|49/100|[from] item: Leftovers
|-sideend|p2: Lyc112393|move: Tailwind
|upkeep
|turn|7
|
|t:|1785478051
|switch|p1b: Sinistcha|Sinistcha-Masterpiece, L50|96/100
|-heal|p1a: Milotic|74/100|[from] ability: Hospitality|[of] p1b: Sinistcha
|cant|p2a: Basculegion|slp
|-curestatus|p2b: Staraptor|slp|[msg]
|move|p2b: Staraptor|Close Combat|p1a: Milotic
|-damage|p1a: Milotic|0 fnt
|-boost|p2b: Staraptor|def|1
|-boost|p2b: Staraptor|spd|1
|faint|p1a: Milotic
|
|upkeep
|
|t:|1785478066
|switch|p1a: Delphox|Delphox, L50, M|100/100
|turn|8
|
|t:|1785478079
|detailschange|p1a: Delphox|Delphox-Mega, L50, M
|-mega|p1a: Delphox|Delphox|Delphoxite
|move|p1b: Sinistcha|Rage Powder|p1b: Sinistcha
|-singleturn|p1b: Sinistcha|move: Rage Powder
|cant|p2a: Basculegion|slp
|move|p1a: Delphox|Psychic|p2b: Staraptor
|-supereffective|p2b: Staraptor|1
|-damage|p2b: Staraptor|0 fnt
|faint|p2b: Staraptor
|
|upkeep
|
|t:|1785478090
|switch|p2b: Incineroar|Incineroar, L50, M, shiny|100/100
|-ability|p2b: Incineroar|Intimidate|boost
|-unboost|p1a: Delphox|atk|1
|-unboost|p1b: Sinistcha|atk|1
|turn|9
|l|☆linyu07824
|player|p1|
|j|☆linyu07824
|player|p1|linyu07824|102|
|
|t:|1785478131
|move|p1a: Delphox|Protect|p1a: Delphox
|-singleturn|p1a: Delphox|Protect
|-curestatus|p2a: Basculegion|slp|[msg]
|move|p2a: Basculegion|Last Respects|p1a: Delphox
|-activate|p1a: Delphox|move: Protect
|move|p1b: Sinistcha|Matcha Gotcha|p2b: Incineroar|[spread] p2a,p2b
|-supereffective|p2a: Basculegion|1
|-resisted|p2b: Incineroar|1
|-damage|p2a: Basculegion|48/100
|-heal|p1b: Sinistcha|100/100|[from] drain|[of] p2a: Basculegion
|-damage|p2b: Incineroar|90/100
|move|p2b: Incineroar|Throat Chop|p1a: Delphox
|-activate|p1a: Delphox|move: Protect
|
|upkeep
|turn|10
|
|t:|1785478161
|move|p2a: Basculegion|Last Respects|p1b: Sinistcha
|-supereffective|p1b: Sinistcha|1
|-enditem|p1b: Sinistcha|Kasib Berry|[eat]
|-enditem|p1b: Sinistcha|Kasib Berry|[weaken]
|-damage|p1b: Sinistcha|14/100
|move|p1a: Delphox|Heat Wave|p2b: Incineroar|[spread] p2a,p2b
|-resisted|p2a: Basculegion|1
|-resisted|p2b: Incineroar|1
|-damage|p2a: Basculegion|25/100
|-damage|p2b: Incineroar|75/100
|move|p1b: Sinistcha|Matcha Gotcha|p2a: Basculegion|[spread] p2a,p2b
|-supereffective|p2a: Basculegion|1
|-resisted|p2b: Incineroar|1
|-damage|p2a: Basculegion|0 fnt
|-heal|p1b: Sinistcha|28/100|[from] drain|[of] p2a: Basculegion
|-damage|p2b: Incineroar|65/100
|-heal|p1b: Sinistcha|34/100|[from] drain|[of] p2b: Incineroar
|faint|p2a: Basculegion
|move|p2b: Incineroar|Throat Chop|p1b: Sinistcha
|-supereffective|p1b: Sinistcha|1
|-damage|p1b: Sinistcha|0 fnt
|faint|p1b: Sinistcha
|
|upkeep
|
|t:|1785478182
|switch|p1b: Sneasler|Sneasler, L50, F|100/100
|turn|11
|
|t:|1785478189
|move|p1b: Sneasler|Fake Out|p2b: Incineroar
|-damage|p2b: Incineroar|52/100
|move|p1a: Delphox|Nasty Plot|p1a: Delphox
|-boost|p1a: Delphox|spa|2
|cant|p2b: Incineroar|flinch
|
|upkeep
|turn|12
|
|t:|1785478200
|move|p1a: Delphox|Heat Wave|p2b: Incineroar
|-resisted|p2b: Incineroar|1
|-damage|p2b: Incineroar|9/100
|move|p1b: Sneasler|Close Combat|p2b: Incineroar
|-supereffective|p2b: Incineroar|1
|-damage|p2b: Incineroar|0 fnt
|-unboost|p1b: Sneasler|def|1
|-unboost|p1b: Sneasler|spd|1
|faint|p2b: Incineroar
|
|win|linyu07824
|l|☆linyu07824
|player|p1|
|l|☆Lyc112393
|player|p2|
|j|☆linyu07824
|player|p1|linyu07824|102|
