|j|☆Oooo11
|j|☆The Bradicus
|html|Oooo11The Bradicus    
|uhtml|bestof|Game 1 of a best-of-3
|t:|1784070238
|gametype|doubles
|player|p1|Oooo11|1|1243
|player|p2|The Bradicus|richboy-gen6xy|1238
|gen|9
|tier|[Gen 9 Champions] VGC 2026 Reg M-B (Bo3)
|rated|
|rule|Species Clause: Limit one of each Pokémon
|rule|Item Clause: Limit 1 of each item
|clearpoke
|poke|p1|Charizard, L50, M|
|poke|p1|Garchomp, L50, M|
|poke|p1|Whimsicott, L50, M|
|poke|p1|Gardevoir, L50, M|
|poke|p1|Farigiraf, L50, M|
|poke|p1|Gholdengo, L50|
|poke|p2|Annihilape, L50, F|
|poke|p2|Incineroar, L50, F|
|poke|p2|Glimmora, L50, F|
|poke|p2|Whimsicott, L50, F|
|poke|p2|Metagross, L50|
|poke|p2|Sinistcha-Masterpiece, L50|
|teampreview|4
|showteam|p1|Charizard||CharizarditeY|Blaze|SolarBeam,Protect,HeatWave,WeatherBall|Timid||M|||50|]Garchomp||LifeOrb|RoughSkin|Protect,Earthquake,DragonClaw,RockSlide|Jolly||M|||50|]Whimsicott||FocusSash|Prankster|Protect,Encore,Moonblast,Tailwind|Bold||M|||50|]Gardevoir||Gardevoirite|Trace|Protect,HyperVoice,Psyshock,AuraSphere|Timid||M|||50|]Farigiraf||SitrusBerry|ArmorTail|Protect,Psychic,Thunderbolt,TrickRoom|Sassy||M|||50|]Gholdengo||ChoiceScarf|GoodasGold|Trick,MakeItRain,ShadowBall,DazzlingGleam|Timid|||||50|
|showteam|p2|Annihilape||ChoiceScarf|Defiant|CloseCombat,ShadowClaw,Coaching,Uturn|Adamant||F|||50|]Incineroar||SitrusBerry|Intimidate|FlareBlitz,DarkestLariat,FakeOut,PartingShot|Impish||F|||50|]Glimmora||Glimmoranite|ToxicDebris|SludgeBomb,PowerGem,DazzlingGleam,SpikyShield|Timid||F|||50|]Whimsicott||FocusSash|Prankster|Moonblast,Encore,Tailwind,Protect|Timid||F|||50|]Metagross||Metagrossite|ClearBody|PsychicFangs,IronHead,IcePunch,Protect|Jolly|||||50|]Sinistcha-Masterpiece||Leftovers|Hospitality|MatchaGotcha,RagePowder,TrickRoom,Protect|Calm|||||50|
|inactive|Battle timer is ON: inactive players will automatically lose when time's up. (requested by The Bradicus)
|inactive|The Bradicus has 60 seconds left.
|
|t:|1784070273
|teamsize|p1|4
|teamsize|p2|4
|start
|switch|p1a: Whimsicott|Whimsicott, L50, M|100/100
|switch|p1b: Charizard|Charizard, L50, M|100/100
|switch|p2a: Glimmora|Glimmora, L50, F|100/100
|switch|p2b: Whimsicott|Whimsicott, L50, F|100/100
|turn|1
|inactive|Oooo11 has 30 seconds left.
|inactive|Oooo11 has 20 seconds left.
|inactive|Oooo11 has 15 seconds left.
|inactive|The Bradicus has 30 seconds left.
|inactive|Oooo11 has 10 seconds left.
|
|t:|1784070321
|switch|p1b: Farigiraf|Farigiraf, L50, M|100/100
|detailschange|p2a: Glimmora|Glimmora-Mega, L50, F
|-mega|p2a: Glimmora|Glimmora|Glimmoranite
|move|p1a: Whimsicott|Protect|p1a: Whimsicott
|-singleturn|p1a: Whimsicott|Protect
|move|p2b: Whimsicott|Tailwind|p2b: Whimsicott
|-sidestart|p2: The Bradicus|move: Tailwind
|move|p2a: Glimmora|Power Gem|p1a: Whimsicott
|-activate|p1a: Whimsicott|move: Protect
|
|upkeep
|turn|2
|
|t:|1784070340
|switch|p2b: Sinistcha|Sinistcha-Masterpiece, L50|100/100
|switch|p2a: Incineroar|Incineroar, L50, F|100/100
|-ability|p2a: Incineroar|Intimidate|boost
|-unboost|p1a: Whimsicott|atk|1
|-unboost|p1b: Farigiraf|atk|1
|move|p1a: Whimsicott|Encore||[still]
|-fail|p1a: Whimsicott
|move|p1b: Farigiraf|Trick Room|p1b: Farigiraf
|-fieldstart|move: Trick Room|[of] p1b: Farigiraf
|
|upkeep
|turn|3
|
|t:|1784070357
|switch|p1a: Charizard|Charizard, L50, M|100/100
|move|p1b: Farigiraf|Protect|p1b: Farigiraf
|-singleturn|p1b: Farigiraf|Protect
|move|p2a: Incineroar|Darkest Lariat|p1b: Farigiraf
|-activate|p1b: Farigiraf|move: Protect
|move|p2b: Sinistcha|Trick Room|p2b: Sinistcha
|-fieldend|move: Trick Room
|
|upkeep
|turn|4
|
|t:|1784070375
|detailschange|p1a: Charizard|Charizard-Mega-Y, L50, M
|-mega|p1a: Charizard|Charizard|Charizardite Y
|-weather|SunnyDay|[from] ability: Drought|[of] p1a: Charizard
|move|p2b: Sinistcha|Protect|p2b: Sinistcha
|-singleturn|p2b: Sinistcha|Protect
|move|p1a: Charizard|Heat Wave|p2a: Incineroar|[spread] p2a
|-activate|p2b: Sinistcha|move: Protect
|-resisted|p2a: Incineroar|1
|-damage|p2a: Incineroar|72/100
|move|p2a: Incineroar|Parting Shot|p1a: Charizard
|-unboost|p1a: Charizard|atk|1
|-unboost|p1a: Charizard|spa|1
|
|t:|1784070383
|switch|p2a: Glimmora|Glimmora-Mega, L50, F|100/100|[from] Parting Shot
|move|p1b: Farigiraf|Trick Room|p1b: Farigiraf
|-fieldstart|move: Trick Room|[of] p1b: Farigiraf
|
|-weather|SunnyDay|[upkeep]
|-sideend|p2: The Bradicus|move: Tailwind
|upkeep
|turn|5
|
|t:|1784070396
|switch|p2b: Incineroar|Incineroar, L50, F|72/100
|-ability|p2b: Incineroar|Intimidate|boost
|-unboost|p1a: Charizard|atk|1
|-unboost|p1b: Farigiraf|atk|1
|move|p1a: Charizard|Protect|p1a: Charizard
|-singleturn|p1a: Charizard|Protect
|move|p2a: Glimmora|Spiky Shield|p2a: Glimmora
|-singleturn|p2a: Glimmora|move: Protect
|move|p1b: Farigiraf|Psychic|p2a: Glimmora
|-activate|p2a: Glimmora|move: Protect
|
|-weather|SunnyDay|[upkeep]
|upkeep
|turn|6
|
|t:|1784070412
|switch|p1a: Garchomp|Garchomp, L50, M|100/100
|switch|p2a: Sinistcha|Sinistcha-Masterpiece, L50|100/100
|-heal|p2b: Incineroar|96/100|[from] ability: Hospitality|[of] p2a: Sinistcha
|move|p1b: Farigiraf|Protect|p1b: Farigiraf
|-singleturn|p1b: Farigiraf|Protect
|move|p2b: Incineroar|Flare Blitz|p1b: Farigiraf
|-activate|p1b: Farigiraf|move: Protect
|
|-weather|SunnyDay|[upkeep]
|upkeep
|turn|7
|
|t:|1784070425
|switch|p1b: Charizard|Charizard-Mega-Y, L50, M|100/100
|move|p2b: Incineroar|Parting Shot|p1a: Garchomp
|-unboost|p1a: Garchomp|atk|1
|-unboost|p1a: Garchomp|spa|1
|
|t:|1784070444
|switch|p2b: Whimsicott|Whimsicott, L50, F|100/100|[from] Parting Shot
|move|p2a: Sinistcha|Matcha Gotcha|p1b: Charizard|[spread] p1a,p1b
|-crit|p1a: Garchomp
|-resisted|p1b: Charizard|2
|-damage|p1a: Garchomp|61/100
|-damage|p1b: Charizard|94/100
|-status|p1a: Garchomp|brn
|move|p1a: Garchomp|Earthquake|p2a: Sinistcha|[spread] p2a,p2b
|-immune|p1b: Charizard
|-resisted|p2a: Sinistcha|1
|-resisted|p2b: Whimsicott|1
|-damage|p2a: Sinistcha|92/100
|-damage|p2b: Whimsicott|90/100
|-damage|p1a: Garchomp|51/100 brn|[from] item: Life Orb
|
|-weather|SunnyDay|[upkeep]
|-heal|p2a: Sinistcha|98/100|[from] item: Leftovers
|-damage|p1a: Garchomp|45/100 brn|[from] brn
|upkeep
|turn|8
|inactive|The Bradicus has 30 seconds left.
|
|t:|1784070472
|switch|p2a: Incineroar|Incineroar, L50, F|96/100
|-ability|p2a: Incineroar|Intimidate|boost
|-unboost|p1a: Garchomp|atk|1
|-unboost|p1b: Charizard|atk|1
|switch|p1a: Farigiraf|Farigiraf, L50, M|100/100
|move|p2b: Whimsicott|Tailwind|p2b: Whimsicott
|-sidestart|p2: The Bradicus|move: Tailwind
|move|p1b: Charizard|Heat Wave|p2a: Incineroar|[spread] p2a
|-miss|p1b: Charizard|p2b: Whimsicott
|-resisted|p2a: Incineroar|1
|-damage|p2a: Incineroar|68/100
|
|-weather|none
|-fieldend|move: Trick Room
|upkeep
|turn|9
|
|t:|1784070487
|move|p2b: Whimsicott|Moonblast|p1a: Farigiraf
|-damage|p1a: Farigiraf|76/100
|move|p1b: Charizard|Heat Wave|p2a: Incineroar|[spread] p2a,p2b
|-resisted|p2a: Incineroar|1
|-supereffective|p2b: Whimsicott|1
|-damage|p2a: Incineroar|50/100g
|-damage|p2b: Whimsicott|0 fnt
|faint|p2b: Whimsicott
|move|p2a: Incineroar|Darkest Lariat|p1a: Farigiraf
|-supereffective|p1a: Farigiraf|1
|-damage|p1a: Farigiraf|0 fnt
|faint|p1a: Farigiraf
|
|upkeep
|
|t:|1784070512
|switch|p2b: Glimmora|Glimmora-Mega, L50, F|100/100
|switch|p1a: Whimsicott|Whimsicott, L50, M|100/100
|turn|10
|
|t:|1784070529
|switch|p1b: Garchomp|Garchomp, L50, M|45/100 brn
|move|p1a: Whimsicott|Tailwind|p1a: Whimsicott
|-sidestart|p1: Oooo11|move: Tailwind
|move|p2b: Glimmora|Dazzling Gleam|p1a: Whimsicott|[spread] p1a,p1b
|-supereffective|p1b: Garchomp|1
|-damage|p1a: Whimsicott|67/100
|-damage|p1b: Garchomp|0 fnt
|faint|p1b: Garchomp
|move|p2a: Incineroar|Flare Blitz|p1a: Whimsicott
|-supereffective|p1a: Whimsicott|1
|-damage|p1a: Whimsicott|0 fnt
|faint|p1a: Whimsicott
|-damage|p2a: Incineroar|30/100|[from] Recoil
|-enditem|p2a: Incineroar|Sitrus Berry|[eat]
|-heal|p2a: Incineroar|55/100|[from] item: Sitrus Berry
|
|upkeep
|-message|Oooo11 forfeited.
|
|win|The Bradicus
|l|☆Oooo11
|player|p1|
||Oooo11 is ready for game 2.
||The Bradicus is ready for game 2.
|uhtml|next|Next: Game 2 of 3
