|j|☆JuanGuerrero09
|j|‽Tfwh
|html|JuanGuerrero09Tfwh    
|uhtml|bestof|Game 1 of a best-of-3
|t:|1756801750
|gametype|doubles
|player|p1|JuanGuerrero09|102|1064
|player|p2|Tfwh|102|1000
|gen|9
|tier|[Gen 9] VGC 2025 Reg H (Bo3)
|rated|
|rule|Species Clause: Limit one of each Pokémon
|rule|Item Clause: Limit 1 of each item
|clearpoke
|poke|p1|Excadrill, L50, F|
|poke|p1|Tyranitar, L50, M|
|poke|p1|Sneasler, L50, F|
|poke|p1|Indeedee, L50, M|
|poke|p1|Volcarona, L50, M|
|poke|p1|Primarina, L50, F|
|poke|p2|Ursaluna, L50, F|
|poke|p2|Porygon2, L50|
|poke|p2|Gallade, L50, M|
|poke|p2|Indeedee-F, L50, F|
|poke|p2|Hatterene, L50, F|
|poke|p2|Annihilape, L50, F|
|teampreview|4
|showteam|p1|Excadrill||FocusSash|SandRush|IronHead,HighHorsepower,Earthquake,Protect|||F|||50|,,,,,Stellar]Tyranitar||AssaultVest|SandStream|KnockOff,RockSlide,TeraBlast,LowKick|||M|||50|,,,,,Flying]Sneasler||PsychicSeed|Unburden|DireClaw,CloseCombat,ThroatChop,Protect|||F|||50|,,,,,Dark]Indeedee||ChoiceScarf|PsychicSurge|ExpandingForce,TeraBlast,Protect,Trick|||M|||50|,,,,,Psychic]Volcarona||CovertCloak|FlameBody|HeatWave,Protect,QuiverDance,TeraBlast|||M|||50|,,,,,Fairy]Primarina||LifeOrb|LiquidVoice|HyperVoice,DazzlingGleam,Haze,Protect|||F|||50|,,,,,Steel
|showteam|p2|Ursaluna||FlameOrb|Guts|HeadlongRush,Facade,Earthquake,Protect|||F|||50|,,,,,Ghost]Porygon2||Eviolite|Download|TeraBlast,IceBeam,TrickRoom,Recover||||||50|,,,,,Ghost]Gallade||ClearAmulet|Sharpness|PsychoCut,SacredSword,TrickRoom,WideGuard|||M|||50|,,,,,Fighting]Indeedee-F||RockyHelmet|PsychicSurge|FollowMe,TrickRoom,HelpingHand,DazzlingGleam|||F|||50|,,,,,Fairy]Hatterene||LifeOrb|MagicBounce|Psychic,DazzlingGleam,TrickRoom,Protect|||F|||50|,,,,,Psychic]Annihilape||PsychicSeed|Defiant|BulkUp,RageFist,DrainPunch,Protect|||F|||50|,,,,,Fire
|inactive|Battle timer is ON: inactive players will automatically lose when time's up. (requested by Tfwh)
|inactive|JuanGuerrero09 has 60 seconds left.
|inactive|Tfwh has 60 seconds left.
|
|t:|1756801787
|teamsize|p1|4
|teamsize|p2|4
|start
|switch|p1a: Tyranitar|Tyranitar, L50, M|100/100
|switch|p1b: Excadrill|Excadrill, L50, F, shiny|100/100
|switch|p2a: Hatterene|Hatterene, L50, F, shiny|100/100
|switch|p2b: Indeedee|Indeedee-F, L50, F, shiny|100/100
|-weather|Sandstorm|[from] ability: Sand Stream|[of] p1a: Tyranitar
|-fieldstart|move: Psychic Terrain|[from] ability: Psychic Surge|[of] p2b: Indeedee
|turn|1
|inactive|JuanGuerrero09 has 30 seconds left.
|inactive|JuanGuerrero09 has 20 seconds left.
|
|t:|1756801823
|switch|p2a: Ursaluna|Ursaluna, L50, F|100/100
|-terastallize|p1a: Tyranitar|Flying
|move|p1b: Excadrill|Earthquake|p2a: Ursaluna|[spread] p2a,p2b
|-immune|p1a: Tyranitar
|-crit|p2a: Ursaluna
|-damage|p2a: Ursaluna|47/100
|-damage|p2b: Indeedee|58/100
|move|p1a: Tyranitar|Rock Slide|p2b: Indeedee|[spread] p2a
|-miss|p1a: Tyranitar|p2b: Indeedee
|-resisted|p2a: Ursaluna
|-damage|p2a: Ursaluna|36/100
|move|p2b: Indeedee|Trick Room|p2b: Indeedee
|-fieldstart|move: Trick Room|[of] p2b: Indeedee
|
|-weather|Sandstorm|[upkeep]
|-damage|p2b: Indeedee|52/100|[from] Sandstorm
|-damage|p1a: Tyranitar|95/100|[from] Sandstorm
|-status|p2a: Ursaluna|brn|[from] item: Flame Orb
|upkeep
|turn|2
|inactive|JuanGuerrero09 has 30 seconds left.
|inactive|Tfwh has 30 seconds left.
|inactive|Tfwh has 20 seconds left.
|
|t:|1756801866
|move|p2a: Ursaluna|Protect|p2a: Ursaluna
|-singleturn|p2a: Ursaluna|Protect
|move|p1b: Excadrill|Protect|p1b: Excadrill
|-singleturn|p1b: Excadrill|Protect
|move|p2b: Indeedee|Dazzling Gleam|p1b: Excadrill|[spread] p1a
|-activate|p1b: Excadrill|move: Protect
|-damage|p1a: Tyranitar|87/100
|move|p1a: Tyranitar|Knock Off|p2b: Indeedee
|-supereffective|p2b: Indeedee
|-damage|p2b: Indeedee|0 fnt
|-damage|p1a: Tyranitar|70/100|[from] item: Rocky Helmet|[of] p2b: Indeedee
|-enditem|p2b: Indeedee|Rocky Helmet|[from] move: Knock Off|[of] p1a: Tyranitar
|faint|p2b: Indeedee
|
|-weather|Sandstorm|[upkeep]
|-damage|p1a: Tyranitar|65/100|[from] Sandstorm
|-damage|p2a: Ursaluna|30/100 brn|[from] brn
|upkeep
|
|t:|1756801879
|switch|p2b: Hatterene|Hatterene, L50, F, shiny|100/100
|turn|3
|
|t:|1756801897
|switch|p1b: Volcarona|Volcarona, L50, M|100/100
|move|p2b: Hatterene|Dazzling Gleam|p1b: Volcarona|[spread] p1a,p1b
|-resisted|p1b: Volcarona
|-damage|p1a: Tyranitar|37/100
|-damage|p1b: Volcarona|82/100
|-damage|p2b: Hatterene|91/100|[from] item: Life Orb
|move|p2a: Ursaluna|Facade|p1a: Tyranitar
|-damage|p1a: Tyranitar|0 fnt
|faint|p1a: Tyranitar
|
|-weather|Sandstorm|[upkeep]
|-damage|p2b: Hatterene|85/100|[from] Sandstorm
|-damage|p1b: Volcarona|75/100|[from] Sandstorm
|-damage|p2a: Ursaluna|24/100 brn|[from] brn
|upkeep
|
|t:|1756801911
|switch|p1a: Primarina|Primarina, L50, F|100/100
|turn|4
|
|t:|1756801928
|move|p2b: Hatterene|Protect|p2b: Hatterene
|-singleturn|p2b: Hatterene|Protect
|move|p1b: Volcarona|Protect|p1b: Volcarona
|-singleturn|p1b: Volcarona|Protect
|move|p2a: Ursaluna|Earthquake|p1a: Primarina|[spread] p1a
|-activate|p2b: Hatterene|move: Protect
|-activate|p1b: Volcarona|move: Protect
|-damage|p1a: Primarina|14/100
|move|p1a: Primarina|Hyper Voice|p2a: Ursaluna|[spread] p2a
|-activate|p2b: Hatterene|move: Protect
|-supereffective|p2a: Ursaluna
|-damage|p2a: Ursaluna|0 fnt
|faint|p2a: Ursaluna
|-damage|p1a: Primarina|4/100|[from] item: Life Orb
|
|-weather|Sandstorm|[upkeep]
|-damage|p2b: Hatterene|79/100|[from] Sandstorm
|-damage|p1a: Primarina|0 fnt|[from] Sandstorm
|-damage|p1b: Volcarona|69/100|[from] Sandstorm
|faint|p1a: Primarina
|upkeep
|
|t:|1756801945
|switch|p2a: Porygon2|Porygon2, L50, shiny|100/100
|switch|p1a: Excadrill|Excadrill, L50, F, shiny|100/100
|-ability|p2a: Porygon2|Download|boost
|-boost|p2a: Porygon2|atk|1
|turn|5
|inactive|Tfwh has 30 seconds left.
|
|t:|1756801980
|-terastallize|p2b: Hatterene|Psychic
|move|p1a: Excadrill|Protect|p1a: Excadrill
|-singleturn|p1a: Excadrill|Protect
|move|p1b: Volcarona|Quiver Dance|p1b: Volcarona
|-boost|p1b: Volcarona|spa|1
|-boost|p1b: Volcarona|spd|1
|-boost|p1b: Volcarona|spe|1
|move|p2b: Hatterene|Trick Room|p2b: Hatterene
|-fieldend|move: Trick Room
|move|p2a: Porygon2|Trick Room|p2a: Porygon2
|-fieldstart|move: Trick Room|[of] p2a: Porygon2
|
|-weather|none
|-fieldend|move: Psychic Terrain
|upkeep
|turn|6
|inactive|JuanGuerrero09 has 30 seconds left.
|inactive|Tfwh has 30 seconds left.
|
|t:|1756802014
|move|p2b: Hatterene|Dazzling Gleam|p1b: Volcarona|[spread] p1a,p1b
|-resisted|p1a: Excadrill
|-resisted|p1b: Volcarona
|-crit|p1b: Volcarona
|-damage|p1a: Excadrill|68/100
|-damage|p1b: Volcarona|40/100
|-damage|p2b: Hatterene|69/100|[from] item: Life Orb
|move|p2a: Porygon2|Ice Beam|p1a: Excadrill
|-damage|p1a: Excadrill|29/100
|move|p1a: Excadrill|Iron Head|p2b: Hatterene
|-damage|p2b: Hatterene|18/100
|move|p1b: Volcarona|Heat Wave|p2b: Hatterene|[spread] p2a,p2b
|-damage|p2a: Porygon2|67/100
|-damage|p2b: Hatterene|0 fnt
|faint|p2b: Hatterene
|
|upkeep
|turn|7
|inactive|JuanGuerrero09 has 30 seconds left.
|
|t:|1756802046
|move|p2a: Porygon2|Tera Blast|p1b: Volcarona
|-damage|p1b: Volcarona|18/100
|move|p1a: Excadrill|High Horsepower|p2a: Porygon2
|-damage|p2a: Porygon2|33/100
|move|p1b: Volcarona|Heat Wave|p2a: Porygon2|[miss]
|-miss|p1b: Volcarona|p2a: Porygon2
|
|upkeep
|turn|8
|
|t:|1756802063
|move|p1b: Volcarona|Protect|p1b: Volcarona
|-singleturn|p1b: Volcarona|Protect
|move|p2a: Porygon2|Ice Beam|p1a: Excadrill
|-damage|p1a: Excadrill|0 fnt
|faint|p1a: Excadrill
|
|upkeep
|turn|9
|
|t:|1756802087
|move|p2a: Porygon2|Tera Blast|p1b: Volcarona
|-damage|p1b: Volcarona|0 fnt
|faint|p1b: Volcarona
|
|win|Tfwh
