|j|☆scott the wott
|j|☆FallenTurtlle
|html|scott the wottFallenTurtlle    
|uhtml|bestof|Game 2 of a best-of-3
|t:|1756684084
|gametype|doubles
|player|p1|scott the wott|bianca|1070
|player|p2|FallenTurtlle|serena|1000
|gen|9
|tier|[Gen 9] VGC 2025 Reg H (Bo3)
|rated|
|rule|Species Clause: Limit one of each Pokémon
|rule|Item Clause: Limit 1 of each item
|clearpoke
|poke|p1|Flamigo, L50, F|
|poke|p1|Clefable, L50, F|
|poke|p1|Gholdengo, L50|
|poke|p1|Incineroar, L50, F|
|poke|p1|Ursaluna-Bloodmoon, L50, M|
|poke|p1|Farigiraf, L50, F|
|poke|p2|Annihilape, L50, M|
|poke|p2|Incineroar, L50, F|
|poke|p2|Ninetales-Alola, L50, M|
|poke|p2|Talonflame, L50, M|
|poke|p2|Gastrodon-East, L50, M|
|poke|p2|Gholdengo, L50|
|teampreview|4
|showteam|p1|Flamigo||FocusSash|Scrappy|CloseCombat,DualWingbeat,WideGuard,Detect|||F|||50|,,,,,Stellar]Clefable||SitrusBerry|Unaware|FollowMe,Moonblast,MistyTerrain,Protect|||F|||50|,,,,,Water]Gholdengo||MetalCoat|GoodasGold|MakeItRain,ShadowBall,NastyPlot,Protect||||||50|,,,,,Dragon]Incineroar||AssaultVest|Intimidate|FlareBlitz,KnockOff,FakeOut,Uturn|||F|||50|,,,,,Grass]Ursaluna-Bloodmoon||LifeOrb|MindsEye|HyperVoice,BloodMoon,EarthPower,Protect|||M|||50|,,,,,Normal]Farigiraf||ThroatSpray|ArmorTail|HyperVoice,Psychic,TrickRoom,Protect|||F|||50|,,,,,Water
|showteam|p2|Annihilape||Leftovers|Defiant|StealthRock,RageFist,DrainPunch,Protect|||M|||50|,,,,,Steel]Incineroar||SafetyGoggles|Intimidate|FakeOut,KnockOff,FlareBlitz,Roar|||F|||50|,,,,,Ghost]Ninetales-Alola||FocusSash|SnowWarning|Blizzard,FreezeDry,MistyTerrain,Protect|||M|||50|,,,,,Ghost]Talonflame||CovertCloak|GaleWings|Tailwind,DualWingbeat,TemperFlare,WillOWisp|||M|||50|,,,,,Fairy]Gastrodon-East||SitrusBerry|StormDrain|Yawn,EarthPower,IcyWind,Protect|||M|||50|,,,,,Normal]Gholdengo||LifeOrb|GoodasGold|MakeItRain,ShadowBall,Protect,NastyPlot||||||50|,,,,,Steel
|
|t:|1756684121
|teamsize|p1|4
|teamsize|p2|4
|start
|switch|p1a: Flamigo|Flamigo, L50, F|100/100
|switch|p1b: Farigiraf|Farigiraf, L50, F|100/100
|switch|p2a: Annihilape|Annihilape, L50, M|100/100
|switch|p2b: Incineroar|Incineroar, L50, F|100/100
|-ability|p2b: Incineroar|Intimidate|boost
|-fail|p1a: Flamigo|unboost|Attack|[from] ability: Scrappy|[of] p1a: Flamigo
|-unboost|p1b: Farigiraf|atk|1
|turn|1
|
|t:|1756684141
|-terastallize|p2b: Incineroar|Ghost
|move|p1b: Farigiraf|Protect|p1b: Farigiraf
|-singleturn|p1b: Farigiraf|Protect
|move|p1a: Flamigo|Close Combat|p2b: Incineroar
|-damage|p2b: Incineroar|56/100
|-unboost|p1a: Flamigo|def|1
|-unboost|p1a: Flamigo|spd|1
|move|p2a: Annihilape|Stealth Rock|p1a: Flamigo
|-sidestart|p1: scott the wott|move: Stealth Rock
|move|p2b: Incineroar|Roar|p1a: Flamigo
|drag|p1a: Ursaluna|Ursaluna-Bloodmoon, L50, M|100/100
|-damage|p1a: Ursaluna|95/100|[from] Stealth Rock
|
|upkeep
|turn|2
|
|t:|1756684175
|-terastallize|p1b: Farigiraf|Water
|move|p1a: Ursaluna|Protect|p1a: Ursaluna
|-singleturn|p1a: Ursaluna|Protect
|move|p2a: Annihilape|Drain Punch|p1a: Ursaluna
|-activate|p1a: Ursaluna|move: Protect
|move|p2b: Incineroar|Knock Off|p1b: Farigiraf
|-damage|p1b: Farigiraf|66/100
|-enditem|p1b: Farigiraf|Throat Spray|[from] move: Knock Off|[of] p2b: Incineroar
|move|p1b: Farigiraf|Trick Room|p1b: Farigiraf
|-fieldstart|move: Trick Room|[of] p1b: Farigiraf
|
|upkeep
|turn|3
|
|t:|1756684209
|move|p2a: Annihilape|Protect|p2a: Annihilape
|-singleturn|p2a: Annihilape|Protect
|move|p1a: Ursaluna|Hyper Voice|p2b: Incineroar|[spread] p2b
|-activate|p2a: Annihilape|move: Protect
|-damage|p2b: Incineroar|5/100
|-damage|p1a: Ursaluna|85/100|[from] item: Life Orb
|move|p1b: Farigiraf|Psychic|p2a: Annihilape
|-activate|p2a: Annihilape|move: Protect
|move|p2b: Incineroar|Knock Off|p1a: Ursaluna
|-damage|p1a: Ursaluna|58/100
|-enditem|p1a: Ursaluna|Life Orb|[from] move: Knock Off|[of] p2b: Incineroar
|
|upkeep
|turn|4
|
|t:|1756684244
|move|p1a: Ursaluna|Earth Power|p2a: Annihilape
|-damage|p2a: Annihilape|66/100
|move|p1b: Farigiraf|Psychic|p2a: Annihilape
|-supereffective|p2a: Annihilape
|-damage|p2a: Annihilape|4/100
|move|p2a: Annihilape|Drain Punch|p1a: Ursaluna
|-supereffective|p1a: Ursaluna
|-damage|p1a: Ursaluna|11/100
|-heal|p2a: Annihilape|26/100|[from] drain|[of] p1a: Ursaluna
|move|p2b: Incineroar|Roar|p1a: Ursaluna
|drag|p1a: Flamigo|Flamigo, L50, F|100/100
|-damage|p1a: Flamigo|88/100|[from] Stealth Rock
|
|-heal|p2a: Annihilape|32/100|[from] item: Leftovers
|upkeep
|turn|5
|
|t:|1756684289
|move|p2a: Annihilape|Protect|p2a: Annihilape
|-singleturn|p2a: Annihilape|Protect
|move|p1a: Flamigo|Detect|p1a: Flamigo
|-singleturn|p1a: Flamigo|Protect
|move|p1b: Farigiraf|Psychic|p2a: Annihilape
|-activate|p2a: Annihilape|move: Protect
|move|p2b: Incineroar|Flare Blitz|p1a: Flamigo
|-activate|p1a: Flamigo|move: Protect
|
|-heal|p2a: Annihilape|38/100|[from] item: Leftovers
|upkeep
|turn|6
|
|t:|1756684299
|switch|p1a: Incineroar|Incineroar, L50, F|100/100
|-damage|p1a: Incineroar|76/100|[from] Stealth Rock
|-ability|p1a: Incineroar|Intimidate|boost
|-unboost|p2a: Annihilape|atk|1
|-ability|p2a: Annihilape|Defiant|boost
|-boost|p2a: Annihilape|atk|2
|-unboost|p2b: Incineroar|atk|1
|move|p2b: Incineroar|Flare Blitz|p1a: Incineroar
|-resisted|p1a: Incineroar
|-damage|p1a: Incineroar|63/100
|-damage|p2b: Incineroar|1/100|[from] Recoil
|move|p1b: Farigiraf|Psychic|p2a: Annihilape
|-supereffective|p2a: Annihilape
|-damage|p2a: Annihilape|0 fnt
|faint|p2a: Annihilape
|
|-fieldend|move: Trick Room
|upkeep
|
|t:|1756684316
|switch|p2a: Ninetales|Ninetales-Alola, L50, M|100/100
|-weather|Snowscape|[from] ability: Snow Warning|[of] p2a: Ninetales
|turn|7
|
|t:|1756684322
|move|p2a: Ninetales|Protect|p2a: Ninetales
|-singleturn|p2a: Ninetales|Protect
|move|p1a: Incineroar|Fake Out|p2a: Ninetales
|-activate|p2a: Ninetales|move: Protect
|move|p2b: Incineroar|Roar|p1b: Farigiraf
|drag|p1b: Flamigo|Flamigo, L50, F|88/100
|-damage|p1b: Flamigo|76/100|[from] Stealth Rock
|
|-weather|Snowscape|[upkeep]
|upkeep
|turn|8
|
|t:|1756684345
|move|p1b: Flamigo|Wide Guard|p1b: Flamigo
|-singleturn|p1b: Flamigo|Wide Guard
|move|p2a: Ninetales|Freeze-Dry|p1b: Flamigo
|-supereffective|p1b: Flamigo
|-damage|p1b: Flamigo|0 fnt
|faint|p1b: Flamigo
|move|p1a: Incineroar|U-turn|p2b: Incineroar
|-resisted|p2b: Incineroar
|-damage|p2b: Incineroar|0 fnt
|faint|p2b: Incineroar
|
|t:|1756684350
|switch|p1a: Farigiraf|Farigiraf, L50, F, tera:Water|66/100|[from] U-turn
|-damage|p1a: Farigiraf|53/100|[from] Stealth Rock
|
|-weather|Snowscape|[upkeep]
|upkeep
|
|t:|1756684358
|switch|p1b: Incineroar|Incineroar, L50, F|63/100
|switch|p2b: Talonflame|Talonflame, L50, M|100/100
|-damage|p1b: Incineroar|39/100|[from] Stealth Rock
|-ability|p1b: Incineroar|Intimidate|boost
|-unboost|p2a: Ninetales|atk|1
|-unboost|p2b: Talonflame|atk|1
|turn|9
|
|t:|1756684373
|move|p2a: Ninetales|Protect|p2a: Ninetales
|-singleturn|p2a: Ninetales|Protect
|move|p1b: Incineroar|Fake Out|p2a: Ninetales
|-activate|p2a: Ninetales|move: Protect
|move|p2b: Talonflame|Will-O-Wisp|p1a: Farigiraf|[miss]
|-miss|p2b: Talonflame|p1a: Farigiraf
|move|p1a: Farigiraf|Trick Room|p1a: Farigiraf
|-fieldstart|move: Trick Room|[of] p1a: Farigiraf
|
|-weather|Snowscape|[upkeep]
|upkeep
|turn|10
|
|t:|1756684392
|move|p1a: Farigiraf|Psychic|p2a: Ninetales
|-crit|p2a: Ninetales
|-damage|p2a: Ninetales|22/100
|move|p1b: Incineroar|Flare Blitz|p2a: Ninetales
|-supereffective|p2a: Ninetales
|-damage|p2a: Ninetales|0 fnt
|faint|p2a: Ninetales
|-damage|p1b: Incineroar|33/100|[from] Recoil
|move|p2b: Talonflame|Temper Flare|p1b: Incineroar
|-resisted|p1b: Incineroar
|-damage|p1b: Incineroar|17/100
|
|-weather|Snowscape|[upkeep]
|upkeep
|turn|11
|
|t:|1756684405
|move|p1a: Farigiraf|Psychic|p2b: Talonflame
|-damage|p2b: Talonflame|45/100
|move|p1b: Incineroar|Knock Off|p2b: Talonflame
|-damage|p2b: Talonflame|0 fnt
|-enditem|p2b: Talonflame|Covert Cloak|[from] move: Knock Off|[of] p1b: Incineroar
|faint|p2b: Talonflame
|
|win|scott the wott
|raw|scott the wott's rating: 1070 → 1094(+24 for winning)
|raw|FallenTurtlle's rating: 1000 → 1000(+0 for losing)
