|j|☆Jboys1970
|j|☆robby w
|html|Jboys1970robby w    
|uhtml|bestof|Game 2 of a best-of-3
|t:|1756683803
|gametype|doubles
|player|p1|Jboys1970|2|1142
|player|p2|robby w|pokefan-gen4|1276
|gen|9
|tier|[Gen 9] VGC 2025 Reg H (Bo3)
|rated|
|rule|Species Clause: Limit one of each Pokémon
|rule|Item Clause: Limit 1 of each item
|clearpoke
|poke|p1|Incineroar, L50, M|
|poke|p1|Kingambit, L50, F|
|poke|p1|Dragonite, L50, F|
|poke|p1|Gastrodon, L50, M|
|poke|p1|Sinistcha, L50|
|poke|p1|Electabuzz, L50, M|
|poke|p2|Dondozo, L50, M|
|poke|p2|Tatsugiri, L50, M|
|poke|p2|Sneasler, L50, F|
|poke|p2|Whimsicott, L50, M|
|poke|p2|Indeedee, L50, M|
|poke|p2|Hydreigon, L50, M|
|teampreview|4
|showteam|p1|Incineroar||RockyHelmet|Intimidate|FakeOut,KnockOff,PartingShot,FlareBlitz|||M|||50|,,,,,Ghost]Kingambit||BlackGlasses|Defiant|Protect,SuckerPunch,KowtowCleave,SwordsDance|||F|||50|,,,,,Dark]Dragonite||AssaultVest|Multiscale|IceSpinner,ExtremeSpeed,BrickBreak,TeraBlast|||F|||50|,,,,,Flying]Gastrodon||SitrusBerry|StormDrain|Protect,SludgeBomb,EarthPower,MuddyWater|||M|||50|,,,,,Grass]Sinistcha||Leftovers|Hospitality|RagePowder,TrickRoom,MatchaGotcha,StrengthSap||||||50|,,,,,Dark]Electabuzz||Eviolite|VitalSpirit|FollowMe,HelpingHand,Taunt,Thunderbolt|||M|||50|,,,,,Water
|showteam|p2|Dondozo||Leftovers|Unaware|Protect,WaveCrash,Earthquake,OrderUp|||M|||50|,,,,,Grass]Tatsugiri||ChoiceScarf|Commander|DragonPulse,IcyWind,DracoMeteor,MuddyWater|||M|||50|,,,,,Stellar]Sneasler||PsychicSeed|Unburden|DireClaw,CloseCombat,Protect,ThroatChop|||F|||50|,,,,,Dark]Whimsicott||CovertCloak|Prankster|Tailwind,Moonblast,Taunt,HelpingHand|||M|||50|,,,,,Grass]Indeedee||FocusSash|PsychicSurge|ExpandingForce,TrickRoom,DazzlingGleam,Protect|||M|||50|,,,,,Fairy]Hydreigon||LifeOrb|Levitate|DracoMeteor,Snarl,HeatWave,Protect|||M|||50|,,,,,Steel
|
|t:|1756683829
|teamsize|p1|4
|teamsize|p2|4
|start
|switch|p1a: Incineroar|Incineroar, L50, M|100/100
|switch|p1b: Dragonite|Dragonite, L50, F|100/100
|switch|p2a: Dondozo|Dondozo, L50, M, shiny|100/100
|switch|p2b: Sneasler|Sneasler, L50, F|100/100
|-ability|p1a: Incineroar|Intimidate|boost
|-unboost|p2a: Dondozo|atk|1
|-unboost|p2b: Sneasler|atk|1
|turn|1
|inactive|Battle timer is ON: inactive players will automatically lose when time's up. (requested by robby w)
|
|t:|1756683854
|switch|p2a: Indeedee|Indeedee, L50, M|100/100
|-fieldstart|move: Psychic Terrain|[from] ability: Psychic Surge|[of] p2a: Indeedee
|-enditem|p2b: Sneasler|Psychic Seed
|-boost|p2b: Sneasler|spd|1|[from] item: Psychic Seed
|move|p1b: Dragonite|Extreme Speed|p2b: Sneasler
|-activate|p2b: Sneasler|move: Psychic Terrain
|move|p2b: Sneasler|Close Combat|p1a: Incineroar
|-supereffective|p1a: Incineroar
|-damage|p1a: Incineroar|16/100
|-unboost|p2b: Sneasler|def|1
|-unboost|p2b: Sneasler|spd|1
|-damage|p2b: Sneasler|84/100|[from] item: Rocky Helmet|[of] p1a: Incineroar
|move|p1a: Incineroar|Knock Off|p2a: Indeedee
|-supereffective|p2a: Indeedee
|-enditem|p2a: Indeedee|Focus Sash
|-damage|p2a: Indeedee|1/100
|
|upkeep
|turn|2
|inactive|Jboys1970 has 30 seconds left.
|inactive|robby w has 30 seconds left.
|inactive|Jboys1970 has 20 seconds left.
|inactive|Jboys1970 has 15 seconds left.
|
|t:|1756683896
|-terastallize|p2a: Indeedee|Fairy
|move|p2b: Sneasler|Dire Claw|p1b: Dragonite
|-damage|p1b: Dragonite|82/100
|move|p2a: Indeedee|Dazzling Gleam|p1b: Dragonite|[spread] p1a,p1b
|-supereffective|p1b: Dragonite
|-damage|p1a: Incineroar|0 fnt
|-damage|p1b: Dragonite|45/100
|faint|p1a: Incineroar
|move|p1b: Dragonite|Ice Spinner|p2a: Indeedee
|-damage|p2a: Indeedee|0 fnt
|-fieldend|move: Psychic Terrain
|faint|p2a: Indeedee
|
|upkeep
|
|t:|1756683908
|switch|p2a: Dondozo|Dondozo, L50, M, shiny|100/100
|switch|p1a: Sinistcha|Sinistcha, L50|100/100
|-heal|p1b: Dragonite|69/100|[from] ability: Hospitality|[of] p1a: Sinistcha
|turn|3
|
|t:|1756683933
|-terastallize|p1b: Dragonite|Flying
|move|p2a: Dondozo|Protect|p2a: Dondozo
|-singleturn|p2a: Dondozo|Protect
|move|p2b: Sneasler|Throat Chop|p1a: Sinistcha
|-supereffective|p1a: Sinistcha
|-damage|p1a: Sinistcha|58/100
|-start|p1a: Sinistcha|Throat Chop|[silent]
|move|p1b: Dragonite|Tera Blast|p2a: Dondozo|[anim] Tera Blast Flying
|-activate|p2a: Dondozo|move: Protect
|move|p1a: Sinistcha|Matcha Gotcha|p2b: Sneasler|[spread] p2b
|-activate|p2a: Dondozo|move: Protect
|-resisted|p2b: Sneasler
|-damage|p2b: Sneasler|67/100
|-heal|p1a: Sinistcha|66/100|[from] drain|[of] p2b: Sneasler
|
|-heal|p1a: Sinistcha|73/100|[from] item: Leftovers
|upkeep
|turn|4
|
|t:|1756683956
|switch|p2b: Tatsugiri|Tatsugiri, L50, M|100/100
|-activate|p2b: Tatsugiri|ability: Commander|[of] p2a: Dondozo
|-boost|p2a: Dondozo|atk|2
|-boost|p2a: Dondozo|spa|2
|-boost|p2a: Dondozo|spe|2
|-boost|p2a: Dondozo|def|2
|-boost|p2a: Dondozo|spd|2
|move|p2a: Dondozo|Wave Crash|p1b: Dragonite
|-damage|p1b: Dragonite|0 fnt
|faint|p1b: Dragonite
|-damage|p2a: Dondozo|84/100|[from] Recoil
|move|p1a: Sinistcha|Matcha Gotcha|p2b: Tatsugiri|[spread] 
|-miss|p1a: Sinistcha|p2b: Tatsugiri
|-miss|p1a: Sinistcha|p2a: Dondozo
|
|-heal|p2a: Dondozo|90/100|[from] item: Leftovers
|-heal|p1a: Sinistcha|79/100|[from] item: Leftovers
|-end|p1a: Sinistcha|Throat Chop|[silent]
|upkeep
|
|t:|1756683964
|switch|p1b: Kingambit|Kingambit, L50, F|100/100
|turn|5
|
|t:|1756683989
|move|p1b: Kingambit|Protect|p1b: Kingambit
|-singleturn|p1b: Kingambit|Protect
|move|p2a: Dondozo|Order Up|p1a: Sinistcha
|-damage|p1a: Sinistcha|29/100
|-boost|p2a: Dondozo|atk|1
|move|p1a: Sinistcha|Trick Room|p1a: Sinistcha
|-fieldstart|move: Trick Room|[of] p1a: Sinistcha
|
|-heal|p1a: Sinistcha|35/100|[from] item: Leftovers
|-heal|p2a: Dondozo|96/100|[from] item: Leftovers
|upkeep
|turn|6
|
|t:|1756684007
|move|p1b: Kingambit|Kowtow Cleave|p2a: Dondozo
|-damage|p2a: Dondozo|76/100
|move|p1a: Sinistcha|Matcha Gotcha|p2a: Dondozo|[spread] p2a
|-miss|p1a: Sinistcha|p2b: Tatsugiri
|-supereffective|p2a: Dondozo
|-damage|p2a: Dondozo|47/100
|-heal|p1a: Sinistcha|54/100|[from] drain|[of] p2a: Dondozo
|move|p2a: Dondozo|Wave Crash|p1b: Kingambit
|-damage|p1b: Kingambit|0 fnt
|faint|p1b: Kingambit
|-damage|p2a: Dondozo|17/100|[from] Recoil
|
|-heal|p1a: Sinistcha|60/100|[from] item: Leftovers
|-heal|p2a: Dondozo|23/100|[from] item: Leftovers
|upkeep
|turn|7
|
|t:|1756684023
|move|p2a: Dondozo|Protect|p2a: Dondozo
|-singleturn|p2a: Dondozo|Protect
|move|p1a: Sinistcha|Matcha Gotcha|p2a: Dondozo|[spread] 
|-miss|p1a: Sinistcha|p2b: Tatsugiri
|-activate|p2a: Dondozo|move: Protect
|
|-heal|p1a: Sinistcha|66/100|[from] item: Leftovers
|-heal|p2a: Dondozo|29/100|[from] item: Leftovers
|upkeep
|turn|8
|
|t:|1756684035
|move|p1a: Sinistcha|Matcha Gotcha|p2a: Dondozo|[spread] p2a
|-miss|p1a: Sinistcha|p2b: Tatsugiri
|-supereffective|p2a: Dondozo
|-damage|p2a: Dondozo|0 fnt
|-heal|p1a: Sinistcha|85/100|[from] drain|[of] p2a: Dondozo
|faint|p2a: Dondozo
|
|-heal|p1a: Sinistcha|91/100|[from] item: Leftovers
|upkeep
|
|t:|1756684045
|switch|p2a: Sneasler|Sneasler, L50, F|67/100
|turn|9
|
|t:|1756684063
|move|p2a: Sneasler|Protect|p2a: Sneasler
|-singleturn|p2a: Sneasler|Protect
|move|p1a: Sinistcha|Strength Sap|p2a: Sneasler
|-activate|p2a: Sneasler|move: Protect
|move|p2b: Tatsugiri|Draco Meteor|p1a: Sinistcha
|-damage|p1a: Sinistcha|40/100
|-unboost|p2b: Tatsugiri|spa|2
|
|-heal|p1a: Sinistcha|46/100|[from] item: Leftovers
|-fieldend|move: Trick Room
|upkeep
|turn|10
|
|t:|1756684078
|move|p2b: Tatsugiri|Draco Meteor|p1a: Sinistcha
|-damage|p1a: Sinistcha|15/100
|-unboost|p2b: Tatsugiri|spa|2
|move|p2a: Sneasler|Throat Chop|p1a: Sinistcha
|-supereffective|p1a: Sinistcha
|-damage|p1a: Sinistcha|0 fnt
|faint|p1a: Sinistcha
|
|win|robby w
|raw|Jboys1970's rating: 1142 → 1126(-16 for losing)
|raw|robby w's rating: 1276 → 1292(+16 for winning)
|l|☆Jboys1970
|player|p1|
