|j|☆JoeHizzy
|j|☆KrzyforBacon
|html|JoeHizzyKrzyforBacon    
|uhtml|bestof|Game 2 of a best-of-3
|t:|1784753462
|gametype|doubles
|player|p1|JoeHizzy|li|
|player|p2|KrzyforBacon|swimmer|
|gen|9
|tier|[Gen 9 Champions] VGC 2026 Reg M-B (Bo3)
|rule|Species Clause: Limit one of each Pokémon
|rule|Item Clause: Limit 1 of each item
|clearpoke
|poke|p1|Feraligatr, L50, M|
|poke|p1|Incineroar, L50, F|
|poke|p1|Whimsicott, L50, M|
|poke|p1|Farigiraf, L50, F|
|poke|p1|Metagross, L50|
|poke|p1|Typhlosion-Hisui, L50, F|
|poke|p2|Jolteon, L50, M|
|poke|p2|Kleavor, L50, M|
|poke|p2|Armarouge, L50, M|
|poke|p2|Eelektross, L50, M|
|poke|p2|Grimmsnarl, L50, M|
|poke|p2|Kommo-o, L50, M|
|teampreview|4
|showteam|p1|Feraligatr||LifeOrb|SheerForce|Liquidation,IcePunch,RockTomb,Protect|Adamant||M|||50|]Incineroar||SitrusBerry|Intimidate|FlareBlitz,DarkestLariat,CloseCombat,FakeOut|Adamant||F|||50|]Whimsicott||FocusSash|Prankster|EnergyBall,Moonblast,Tailwind,Encore|Modest||M|||50|]Farigiraf||MentalHerb|ArmorTail|TwinBeam,HelpingHand,Protect,TrickRoom|Bold||F|||50|]Metagross||Metagrossite|ClearBody|IronHead,PsychicFangs,StompingTantrum,Protect|Adamant|||||50|]Typhlosion-Hisui||ChoiceScarf|Frisk|Eruption,ShadowBall,Extrasensory,FocusBlast|Modest||F|||50|
|showteam|p2|Jolteon||LifeOrb|VoltAbsorb|Thunderbolt,Thunder,AlluringVoice,Detect|Modest||M|||50|]Kleavor||ChoiceScarf|Sharpness|StoneAxe,NightSlash,XScissor,Uturn|Adamant||M|||50|]Armarouge||FocusSash|FlashFire|ArmorCannon,Psychic,ShadowBall,Protect|Modest||M|||50|]Eelektross||Eelektrossite|Levitate|Discharge,GigaDrain,Flamethrower,DragonPulse|Modest||M|||50|]Grimmsnarl||MuscleBand|Frisk|SpiritBreak,SuckerPunch,FakeOut,DrainPunch|Adamant||M|||50|]Kommo-o||WiseGlasses|Soundproof|AuraSphere,VacuumWave,ClangingScales,FlashCannon|Modest||M|||50|
|inactive|Battle timer is ON: inactive players will automatically lose when time's up. (requested by KrzyforBacon)
|c|☆KrzyforBacon|ggs
|inactive|JoeHizzy has 60 seconds left.
|inactive|KrzyforBacon has 60 seconds left.
|inactive|JoeHizzy has 30 seconds left.
|inactive|JoeHizzy has 20 seconds left.
|
|t:|1784753536
|teamsize|p1|4
|teamsize|p2|4
|start
|switch|p1a: Incineroar|Incineroar, L50, F|100/100
|switch|p1b: Typhlosion|Typhlosion-Hisui, L50, F|100/100
|switch|p2a: Grimmsnarl|Grimmsnarl, L50, M|100/100
|switch|p2b: Jolteon|Jolteon, L50, M|100/100
|-item|p2a: Grimmsnarl|Muscle Band|[from] ability: Frisk|[of] p1b: Typhlosion
|-item|p2b: Jolteon|Life Orb|[from] ability: Frisk|[of] p1b: Typhlosion
|-ability|p1a: Incineroar|Intimidate|boost
|-unboost|p2a: Grimmsnarl|atk|1
|-unboost|p2b: Jolteon|atk|1
|-item|p1a: Incineroar|Sitrus Berry|[from] ability: Frisk|[of] p2a: Grimmsnarl
|-item|p1b: Typhlosion|Choice Scarf|[from] ability: Frisk|[of] p2a: Grimmsnarl
|turn|1
|inactive|JoeHizzy has 30 seconds left.
|inactive|KrzyforBacon has 30 seconds left.
|inactive|JoeHizzy has 20 seconds left.
|inactive|JoeHizzy has 15 seconds left.
|
|t:|1784753581
|switch|p1a: Farigiraf|Farigiraf, L50, F|100/100
|move|p2b: Jolteon|Detect|p2b: Jolteon
|-singleturn|p2b: Jolteon|Protect
|move|p2a: Grimmsnarl|Sucker Punch||[still]
|cant|p1a: Farigiraf|ability: Armor Tail|Sucker Punch|[of] p2a: Grimmsnarl
|move|p1b: Typhlosion|Eruption|p2b: Jolteon|[spread] p2a
|-activate|p2b: Jolteon|move: Protect
|-damage|p2a: Grimmsnarl|31/100
|
|upkeep
|turn|2
|
|t:|1784753603
|switch|p2a: Armarouge|Armarouge, L50, M|100/100
|move|p1a: Farigiraf|Helping Hand|p1b: Typhlosion
|-singleturn|p1b: Typhlosion|Helping Hand|[of] p1a: Farigiraf
|move|p1b: Typhlosion|Eruption|p2b: Jolteon|[spread] p2b
|-start|p2a: Armarouge|ability: Flash Fire
|-damage|p2b: Jolteon|0 fnt
|faint|p2b: Jolteon
|
|upkeep
|
|t:|1784753617
|switch|p2b: Eelektross|Eelektross, L50, M|100/100
|turn|3
|inactive|JoeHizzy has 30 seconds left.
|
|t:|1784753642
|detailschange|p2b: Eelektross|Eelektross-Mega, L50, M
|-mega|p2b: Eelektross|Eelektross|Eelektrossite
|move|p1a: Farigiraf|Helping Hand|p1b: Typhlosion
|-singleturn|p1b: Typhlosion|Helping Hand|[of] p1a: Farigiraf
|move|p1b: Typhlosion|Eruption|p2b: Eelektross|[spread] p2b
|-immune|p2a: Armarouge|[from] ability: Flash Fire
|-damage|p2b: Eelektross|15/100
|move|p2a: Armarouge|Shadow Ball|p1b: Typhlosion
|-supereffective|p1b: Typhlosion|1
|-damage|p1b: Typhlosion|27/100
|move|p2b: Eelektross|Giga Drain|p1a: Farigiraf
|-damage|p1a: Farigiraf|67/100
|-heal|p2b: Eelektross|34/100|[from] drain|[of] p1a: Farigiraf
|
|upkeep
|turn|4
|
|t:|1784753666
|switch|p1b: Incineroar|Incineroar, L50, F|100/100
|-ability|p1b: Incineroar|Intimidate|boost
|-unboost|p2a: Armarouge|atk|1
|-unboost|p2b: Eelektross|atk|1
|move|p2a: Armarouge|Shadow Ball|p1b: Incineroar
|-resisted|p1b: Incineroar|1
|-damage|p1b: Incineroar|86/100
|move|p2b: Eelektross|Giga Drain|p1a: Farigiraf
|-damage|p1a: Farigiraf|35/100
|-heal|p2b: Eelektross|54/100|[from] drain|[of] p1a: Farigiraf
|move|p1a: Farigiraf|Twin Beam|p2b: Eelektross
|-damage|p2b: Eelektross|40/100
|-damage|p2b: Eelektross|25/100
|-hitcount|p2b: Eelektross|2
|
|upkeep
|turn|5
|inactive|JoeHizzy has 30 seconds left.
|inactive|KrzyforBacon has 30 seconds left.
|inactive|JoeHizzy has 20 seconds left.
|inactive|JoeHizzy has 15 seconds left.
|
|t:|1784753708
|move|p1a: Farigiraf|Protect|p1a: Farigiraf
|-singleturn|p1a: Farigiraf|Protect
|move|p1b: Incineroar|Fake Out|p2b: Eelektross
|-damage|p2b: Eelektross|8/100
|move|p2a: Armarouge|Armor Cannon|p1b: Incineroar
|-resisted|p1b: Incineroar|1
|-crit|p1b: Incineroar
|-damage|p1b: Incineroar|15/100
|-unboost|p2a: Armarouge|def|1
|-unboost|p2a: Armarouge|spd|1
|-enditem|p1b: Incineroar|Sitrus Berry|[eat]
|-heal|p1b: Incineroar|40/100|[from] item: Sitrus Berry
|cant|p2b: Eelektross|flinch
|
|upkeep
|turn|6
|inactive|JoeHizzy has 30 seconds left.
|
|t:|1784753733
|move|p2a: Armarouge|Armor Cannon|p1b: Incineroar
|-resisted|p1b: Incineroar|1
|-damage|p1b: Incineroar|0 fnt
|-unboost|p2a: Armarouge|def|1
|-unboost|p2a: Armarouge|spd|1
|faint|p1b: Incineroar
|move|p2b: Eelektross|Giga Drain|p1a: Farigiraf
|-damage|p1a: Farigiraf|3/100
|-heal|p2b: Eelektross|27/100|[from] drain|[of] p1a: Farigiraf
|move|p1a: Farigiraf|Twin Beam|p2b: Eelektross
|-damage|p2b: Eelektross|12/100
|-damage|p2b: Eelektross|0 fnt
|faint|p2b: Eelektross
|-hitcount|p2: Eelektross|2
|
|upkeep
|
|t:|1784753758
|switch|p2b: Grimmsnarl|Grimmsnarl, L50, M|31/100
|switch|p1b: Typhlosion|Typhlosion-Hisui, L50, F|27/100
|-item|p2a: Armarouge|Focus Sash|[from] ability: Frisk|[of] p1b: Typhlosion
|-item|p2b: Grimmsnarl|Muscle Band|[from] ability: Frisk|[of] p1b: Typhlosion
|-item|p1a: Farigiraf|Mental Herb|[from] ability: Frisk|[of] p2b: Grimmsnarl
|-item|p1b: Typhlosion|Choice Scarf|[from] ability: Frisk|[of] p2b: Grimmsnarl
|turn|7
|inactive|JoeHizzy has 30 seconds left.
|inactive|KrzyforBacon has 30 seconds left.
|inactive|KrzyforBacon has 20 seconds left.
|
|t:|1784753796
|move|p1a: Farigiraf|Protect|p1a: Farigiraf
|-singleturn|p1a: Farigiraf|Protect
|move|p1b: Typhlosion|Shadow Ball|p2a: Armarouge
|-supereffective|p2a: Armarouge|1
|-crit|p2a: Armarouge
|-enditem|p2a: Armarouge|Focus Sash
|-damage|p2a: Armarouge|1/100
|move|p2a: Armarouge|Armor Cannon|p1b: Typhlosion
|-resisted|p1b: Typhlosion|1
|-damage|p1b: Typhlosion|0 fnt
|-unboost|p2a: Armarouge|def|1
|-unboost|p2a: Armarouge|spd|1
|faint|p1b: Typhlosion
|move|p2b: Grimmsnarl|Drain Punch|p1a: Farigiraf
|-activate|p1a: Farigiraf|move: Protect
|
|upkeep
|
|t:|1784753810
|switch|p1b: Metagross|Metagross, L50|100/100
|turn|8
|inactive|JoeHizzy has 30 seconds left.
|
|t:|1784753837
|detailschange|p1b: Metagross|Metagross-Mega, L50
|-mega|p1b: Metagross|Metagross|Metagrossite
|move|p1b: Metagross|Stomping Tantrum|p2a: Armarouge
|-supereffective|p2a: Armarouge|1
|-damage|p2a: Armarouge|0 fnt
|faint|p2a: Armarouge
|move|p1a: Farigiraf|Twin Beam|p2b: Grimmsnarl
|-immune|p2b: Grimmsnarl
|move|p2b: Grimmsnarl|Drain Punch|p1a: Farigiraf
|-damage|p1a: Farigiraf|0 fnt
|-heal|p2b: Grimmsnarl|33/100|[from] drain|[of] p1a: Farigiraf
|faint|p1a: Farigiraf
|
|upkeep
|turn|9
|
|t:|1784753853
|move|p2b: Grimmsnarl|Sucker Punch|p1b: Metagross
|-supereffective|p1b: Metagross|1
|-damage|p1b: Metagross|31/100
|move|p1b: Metagross|Iron Head|p2b: Grimmsnarl
|-supereffective|p2b: Grimmsnarl|1
|-damage|p2b: Grimmsnarl|0 fnt
|faint|p2b: Grimmsnarl
|
|win|JoeHizzy
|c|☆KrzyforBacon|ggs!
|c|☆JoeHizzy|ggs
||KrzyforBacon is ready for game 3.
|inactive|JoeHizzy has 30 seconds to confirm battle start!
||JoeHizzy is ready for game 3.
|uhtml|next|Next: Game 3 of 3
