|j|☆MrDarki256
|j|☆Sanjo4 2.0
|html|MrDarki256Sanjo4 2.0    
|uhtml|bestof|Game 2 of a best-of-3
|t:|1756564849
|gametype|doubles
|player|p1|MrDarki256|170|
|player|p2|Sanjo4 2.0|flannery|
|gen|9
|tier|[Gen 9] VGC 2025 Reg H (Bo3)
|rule|Species Clause: Limit one of each Pokémon
|rule|Item Clause: Limit 1 of each item
|clearpoke
|poke|p1|Tatsugiri, L50, M|
|poke|p1|Gholdengo, L50|
|poke|p1|Annihilape, L50, M|
|poke|p1|Dondozo, L50, M|
|poke|p1|Dragonite, L50, F|
|poke|p1|Murkrow, L50, M|
|poke|p2|Charizard, L50, F|
|poke|p2|Torkoal, L50, F|
|poke|p2|Porygon2, L50|
|poke|p2|Incineroar, L50, M|
|poke|p2|Jumpluff, L50, M|
|poke|p2|Ursaluna, L50, M|
|teampreview|4
|showteam|p1|Tatsugiri||FocusSash|Commander|DracoMeteor,DragonPulse,MuddyWater,Protect|||M|||50|,,,,,Stellar]Gholdengo||ChoiceSpecs|GoodasGold|MakeItRain,ShadowBall,PowerGem,Thunderbolt||||||50|,,,,,Steel]Annihilape||SitrusBerry|Defiant|CloseCombat,RageFist,FinalGambit,Coaching|||M|||50|,,,,,Steel]Dondozo||LifeOrb|Unaware|WaveCrash,Earthquake,RockSlide,Protect|||M|||50|,,,,,Ghost]Dragonite||LoadedDice|Multiscale|ScaleShot,ExtremeSpeed,Tailwind,Protect|||F|||50|,,,,,Normal]Murkrow||Eviolite|Prankster|Tailwind,Taunt,Quash,Haze|||M|||50|,,,,,Ghost
|showteam|p2|Charizard||ChoiceSpecs|SolarPower|HeatWave,Overheat,WeatherBall,AirSlash|||F|||50|,,,,,Ghost]Torkoal||EjectPack|Drought|Eruption,Overheat,HelpingHand,Protect|||F|||50|,,,,,Fire]Porygon2||Eviolite|Download|IceBeam,TeraBlast,TrickRoom,Recover||||||50|,,,,,Fighting]Incineroar||SitrusBerry|Intimidate|FlareBlitz,KnockOff,FakeOut,PartingShot|||M|||50|,,,,,Ghost]Jumpluff||CovertCloak|Chlorophyll|SleepPowder,SunnyDay,RagePowder,Tailwind|||M|||50|,,,,,Water]Ursaluna||FlameOrb|Guts|HeadlongRush,Facade,Earthquake,Protect|||M|||50|,,,,,Ghost
|
|t:|1756564913
|teamsize|p1|4
|teamsize|p2|4
|start
|switch|p1a: Murkrow|Murkrow, L50, M|100/100
|switch|p1b: Annihilape|Annihilape, L50, M|100/100
|switch|p2a: Ursaluna|Ursaluna, L50, M|100/100
|switch|p2b: Porygon2|Porygon2, L50|100/100
|-ability|p2b: Porygon2|Download|boost
|-boost|p2b: Porygon2|spa|1
|turn|1
|
|t:|1756564951
|switch|p2b: Torkoal|Torkoal, L50, F|100/100
|-weather|SunnyDay|[from] ability: Drought|[of] p2b: Torkoal
|-terastallize|p2a: Ursaluna|Ghost
|move|p1a: Murkrow|Taunt|p2b: Torkoal
|-start|p2b: Torkoal|move: Taunt
|move|p1b: Annihilape|Close Combat|p2a: Ursaluna
|-immune|p2a: Ursaluna
|move|p2a: Ursaluna|Facade|p1a: Murkrow
|-damage|p1a: Murkrow|64/100
|
|-weather|SunnyDay|[upkeep]
|-status|p2a: Ursaluna|brn|[from] item: Flame Orb
|upkeep
|turn|2
|
|t:|1756565027
|switch|p1b: Dragonite|Dragonite, L50, F|100/100
|switch|p1a: Tatsugiri|Tatsugiri, L50, M|100/100
|move|p2a: Ursaluna|Headlong Rush|p1b: Dragonite
|-immune|p1b: Dragonite
|move|p2b: Torkoal|Overheat|p1a: Tatsugiri
|-resisted|p1a: Tatsugiri
|-damage|p1a: Tatsugiri|75/100
|-unboost|p2b: Torkoal|spa|2
|-enditem|p2b: Torkoal|Eject Pack
|
|t:|1756565034
|switch|p2b: Incineroar|Incineroar, L50, M|100/100
|-ability|p2b: Incineroar|Intimidate|boost
|-unboost|p1a: Tatsugiri|atk|1
|-unboost|p1b: Dragonite|atk|1
|
|-weather|SunnyDay|[upkeep]
|-damage|p2a: Ursaluna|95/100 brn|[from] brn
|upkeep
|turn|3
|
|t:|1756565069
|switch|p1b: Annihilape|Annihilape, L50, M|100/100
|switch|p2a: Porygon2|Porygon2, L50|100/100
|-ability|p2a: Porygon2|Download|boost
|-boost|p2a: Porygon2|atk|1
|move|p1a: Tatsugiri|Protect|p1a: Tatsugiri
|-singleturn|p1a: Tatsugiri|Protect
|move|p2b: Incineroar|Parting Shot|p1b: Annihilape
|-unboost|p1b: Annihilape|atk|1
|-ability|p1b: Annihilape|Defiant|boost
|-boost|p1b: Annihilape|atk|2
|-unboost|p1b: Annihilape|spa|1
|-ability|p1b: Annihilape|Defiant|boost
|-boost|p1b: Annihilape|atk|2
|
|t:|1756565085
|switch|p2b: Ursaluna|Ursaluna, L50, M, tera:Ghost|95/100 brn|[from] Parting Shot
|
|-weather|SunnyDay|[upkeep]
|-damage|p2b: Ursaluna|89/100 brn|[from] brn
|upkeep
|turn|4
|
|t:|1756565130
|move|p1b: Annihilape|Close Combat|p2a: Porygon2
|-supereffective|p2a: Porygon2
|-damage|p2a: Porygon2|0 fnt
|-unboost|p1b: Annihilape|def|1
|-unboost|p1b: Annihilape|spd|1
|faint|p2a: Porygon2
|move|p1a: Tatsugiri|Draco Meteor|p2b: Ursaluna
|-damage|p2b: Ursaluna|21/100 brn
|-unboost|p1a: Tatsugiri|spa|2
|move|p2b: Ursaluna|Headlong Rush|p1b: Annihilape
|-damage|p1b: Annihilape|0 fnt
|-unboost|p2b: Ursaluna|def|1
|-unboost|p2b: Ursaluna|spd|1
|faint|p1b: Annihilape
|
|-weather|SunnyDay|[upkeep]
|-damage|p2b: Ursaluna|15/100 brn|[from] brn
|upkeep
|
|t:|1756565150
|switch|p1b: Murkrow|Murkrow, L50, M|64/100
|switch|p2a: Incineroar|Incineroar, L50, M|100/100
|-ability|p2a: Incineroar|Intimidate|boost
|-unboost|p1a: Tatsugiri|atk|1
|-unboost|p1b: Murkrow|atk|1
|turn|5
|
|t:|1756565178
|-terastallize|p1b: Murkrow|Ghost
|move|p1a: Tatsugiri|Protect|p1a: Tatsugiri
|-singleturn|p1a: Tatsugiri|Protect
|move|p1b: Murkrow|Haze|p1b: Murkrow
|-clearallboost
|move|p2a: Incineroar|Parting Shot|p1a: Tatsugiri
|-activate|p1a: Tatsugiri|move: Protect
|move|p2b: Ursaluna|Facade|p1b: Murkrow
|-immune|p1b: Murkrow
|
|-weather|none
|-damage|p2b: Ursaluna|9/100 brn|[from] brn
|upkeep
|turn|6
|
|t:|1756565207
|switch|p1b: Dragonite|Dragonite, L50, F|100/100
|switch|p2b: Torkoal|Torkoal, L50, F|100/100
|-weather|SunnyDay|[from] ability: Drought|[of] p2b: Torkoal
|move|p1a: Tatsugiri|Muddy Water|p2b: Torkoal|[spread] p2a,p2b
|-supereffective|p2a: Incineroar
|-supereffective|p2b: Torkoal
|-damage|p2a: Incineroar|67/100
|-damage|p2b: Torkoal|53/100
|move|p2a: Incineroar|Knock Off|p1a: Tatsugiri
|-damage|p1a: Tatsugiri|0 fnt
|-enditem|p1a: Tatsugiri|Focus Sash|[from] move: Knock Off|[of] p2a: Incineroar
|faint|p1a: Tatsugiri
|
|-weather|SunnyDay|[upkeep]
|upkeep
|
|t:|1756565220
|switch|p1a: Murkrow|Murkrow, L50, M, tera:Ghost|64/100
|turn|7
|
|t:|1756565300
|switch|p2a: Ursaluna|Ursaluna, L50, M, tera:Ghost|9/100 brn
|move|p1a: Murkrow|Tailwind|p1a: Murkrow
|-sidestart|p1: MrDarki256|move: Tailwind
|move|p1b: Dragonite|Scale Shot|p2a: Ursaluna
|-damage|p2a: Ursaluna|0 fnt
|faint|p2a: Ursaluna
|-hitcount|p2: Ursaluna|1
|-unboost|p1b: Dragonite|def|1
|-boost|p1b: Dragonite|spe|1
|move|p2b: Torkoal|Overheat|p1a: Murkrow
|-damage|p1a: Murkrow|0 fnt
|-unboost|p2b: Torkoal|spa|2
|faint|p1a: Murkrow
|
|-weather|SunnyDay|[upkeep]
|upkeep
|
|t:|1756565307
|switch|p2a: Incineroar|Incineroar, L50, M|67/100
|-ability|p2a: Incineroar|Intimidate|boost
|-unboost|p1b: Dragonite|atk|1
|turn|8
|
|t:|1756565332
|move|p2b: Torkoal|Helping Hand|p2a: Incineroar
|-singleturn|p2a: Incineroar|Helping Hand|[of] p2b: Torkoal
|move|p1b: Dragonite|Protect|p1b: Dragonite
|-singleturn|p1b: Dragonite|Protect
|move|p2a: Incineroar|Fake Out|p1b: Dragonite
|-activate|p1b: Dragonite|move: Protect
|
|-weather|SunnyDay|[upkeep]
|upkeep
|turn|9
|
|t:|1756565346
|move|p1b: Dragonite|Scale Shot|p2a: Incineroar
|-damage|p2a: Incineroar|56/100
|-damage|p2a: Incineroar|47/100
|-enditem|p2a: Incineroar|Sitrus Berry|[eat]
|-heal|p2a: Incineroar|72/100|[from] item: Sitrus Berry
|-damage|p2a: Incineroar|61/100
|-damage|p2a: Incineroar|51/100
|-hitcount|p2a: Incineroar|4
|-unboost|p1b: Dragonite|def|1
|-boost|p1b: Dragonite|spe|1
|move|p2a: Incineroar|Parting Shot|p1b: Dragonite
|-unboost|p1b: Dragonite|atk|1
|-unboost|p1b: Dragonite|spa|1
|move|p2b: Torkoal|Eruption|p1b: Dragonite
|-resisted|p1b: Dragonite
|-damage|p1b: Dragonite|94/100
|
|-weather|SunnyDay|[upkeep]
|upkeep
|turn|10
|
|t:|1756565371
|move|p2b: Torkoal|Helping Hand|p2a: Incineroar
|-singleturn|p2a: Incineroar|Helping Hand|[of] p2b: Torkoal
|move|p1b: Dragonite|Protect|p1b: Dragonite
|-singleturn|p1b: Dragonite|Protect
|move|p2a: Incineroar|Knock Off|p1b: Dragonite
|-activate|p1b: Dragonite|move: Protect
|
|-weather|none
|-sideend|p1: MrDarki256|move: Tailwind
|upkeep
|turn|11
|
|t:|1756565380
|move|p2b: Torkoal|Helping Hand|p2a: Incineroar
|-singleturn|p2a: Incineroar|Helping Hand|[of] p2b: Torkoal
|move|p1b: Dragonite|Extreme Speed|p2a: Incineroar
|-damage|p2a: Incineroar|37/100
|move|p2a: Incineroar|Knock Off|p1b: Dragonite
|-damage|p1b: Dragonite|0 fnt
|-enditem|p1b: Dragonite|Loaded Dice|[from] move: Knock Off|[of] p2a: Incineroar
|faint|p1b: Dragonite
|
|win|Sanjo4 2.0
|c|☆Sanjo4 2.0|gg
|c|☆MrDarki256|Gg
|inactive|MrDarki256 has 30 seconds to confirm battle start!
|inactive|Sanjo4 2.0 has 30 seconds to confirm battle start!
|inactive|MrDarki256 has 20 seconds to confirm battle start!
|inactive|Sanjo4 2.0 has 20 seconds to confirm battle start!
|c|☆MrDarki256|Guarda los combates y mándalos porfi
|inactive|MrDarki256 has 10 seconds to confirm battle start!
|inactive|Sanjo4 2.0 has 10 seconds to confirm battle start!
|c|☆Sanjo4 2.0|si
|c|☆MrDarki256|Que estoy en el móvil
|c|☆Sanjo4 2.0|buenos combates gg
|uhtml|next|Next: Game 3 of 3
