|j|☆Astonished25
|j|☆pela10
|html|Astonished25pela10    
|uhtml|bestof|Game 1 of a best-of-3
|t:|1785864291
|gametype|doubles
|player|p1|Astonished25|tate|1000
|player|p2|pela10|brycenman|1038
|gen|9
|tier|[Gen 9 Champions] VGC 2026 Reg M-B (Bo3)
|rated|
|rule|Species Clause: Limit one of each Pokémon
|rule|Item Clause: Limit 1 of each item
|clearpoke
|poke|p1|Sinistcha, L50|
|poke|p1|Incineroar, L50, M|
|poke|p1|Floette-Eternal, L50, F|
|poke|p1|Staraptor, L50, M|
|poke|p1|Kingambit, L50, F|
|poke|p1|Maushold, L50|
|poke|p2|Staraptor, L50, F|
|poke|p2|Arcanine-Hisui, L50, F|
|poke|p2|Kingambit, L50, M|
|poke|p2|Sylveon, L50, M|
|poke|p2|Raichu, L50, M|
|poke|p2|Farigiraf, L50, F|
|teampreview|4
|showteam|p1|Sinistcha||ColburBerry|Hospitality|MatchaGotcha,RagePowder,TrickRoom,LifeDew|Relaxed|||||50|]Incineroar||PasshoBerry|Intimidate|ThroatChop,FlareBlitz,PartingShot,FakeOut|Adamant||M|||50|]Floette-Eternal||Floettite|FlowerVeil|Protect,CalmMind,Moonblast,DazzlingGleam|Modest||F|||50|]Staraptor||Staraptite|Intimidate|CloseCombat,DualWingbeat,Roost,Protect|Jolly||M|||50|]Kingambit||LifeOrb|Defiant|SuckerPunch,IronHead,KowtowCleave,Protect|Brave||F|||50|]Maushold||ChopleBerry|FriendGuard|Feint,FollowMe,Protect,BabyDollEyes|Careful|||||50|
|showteam|p2|Staraptor||Staraptite|Intimidate|BraveBird,CloseCombat,Tailwind,Protect|Jolly||F|||50|]Arcanine-Hisui||FocusSash|RockHead|FlareBlitz,HeadSmash,ExtremeSpeed,Protect|Jolly||F|||50|]Kingambit||LifeOrb|Defiant|KowtowCleave,SuckerPunch,SwordsDance,Protect|Adamant||M|||50|]Sylveon||FairyFeather|Pixilate|HyperVoice,HyperBeam,QuickAttack,Detect|Modest||M|||50|]Raichu||RaichuniteY|LightningRod|ZapCannon,FocusBlast,FakeOut,Protect|Timid||M|||50|]Farigiraf||SitrusBerry|ArmorTail|TwinBeam,HelpingHand,Protect,TrickRoom|Calm||F|||50|
|inactive|Battle timer is ON: inactive players will automatically lose when time's up. (requested by Astonished25)
|
|t:|1785864319
|teamsize|p1|4
|teamsize|p2|4
|start
|switch|p1a: Staraptor|Staraptor, L50, M|100/100
|switch|p1b: Incineroar|Incineroar, L50, M|100/100
|switch|p2a: Raichu|Raichu, L50, M|100/100
|switch|p2b: Arcanine|Arcanine-Hisui, L50, F|100/100
|-ability|p1a: Staraptor|Intimidate|boost
|-unboost|p2a: Raichu|atk|1
|-unboost|p2b: Arcanine|atk|1
|-ability|p1b: Incineroar|Intimidate|boost
|-unboost|p2a: Raichu|atk|1
|-unboost|p2b: Arcanine|atk|1
|turn|1
|
|t:|1785864339
|switch|p1a: Sinistcha|Sinistcha, L50|100/100
|switch|p2b: Farigiraf|Farigiraf, L50, F|100/100
|detailschange|p2a: Raichu|Raichu-Mega-Y, L50, M
|-mega|p2a: Raichu|Raichu|Raichunite Y
|move|p2a: Raichu|Zap Cannon|p1a: Sinistcha
|-resisted|p1a: Sinistcha|1
|-damage|p1a: Sinistcha|68/100
|-status|p1a: Sinistcha|par
|move|p1b: Incineroar|Parting Shot|p2a: Raichu
|-unboost|p2a: Raichu|atk|1
|-unboost|p2a: Raichu|spa|1
|
|t:|1785864349
|switch|p1b: Kingambit|Kingambit, L50, F|100/100|[from] Parting Shot
|
|upkeep
|turn|2
|
|t:|1785864365
|switch|p2a: Arcanine|Arcanine-Hisui, L50, F|100/100
|move|p2b: Farigiraf|Protect|p2b: Farigiraf
|-singleturn|p2b: Farigiraf|Protect
|move|p1b: Kingambit|Protect|p1b: Kingambit
|-singleturn|p1b: Kingambit|Protect
|move|p1a: Sinistcha|Trick Room|p1a: Sinistcha
|-fieldstart|move: Trick Room|[of] p1a: Sinistcha
|
|upkeep
|turn|3
|
|t:|1785864380
|move|p1a: Sinistcha|Matcha Gotcha|p2a: Arcanine|[spread] p2b
|-miss|p1a: Sinistcha|p2a: Arcanine
|-damage|p2b: Farigiraf|81/100
|-heal|p1a: Sinistcha|80/100 par|[from] drain|[of] p2b: Farigiraf
|move|p1b: Kingambit|Kowtow Cleave|p2a: Arcanine
|-damage|p2a: Arcanine|16/100
|-damage|p1b: Kingambit|90/100|[from] item: Life Orb
|move|p2a: Arcanine|Flare Blitz|p1b: Kingambit
|-supereffective|p1b: Kingambit|1
|-damage|p1b: Kingambit|6/100
|move|p2b: Farigiraf|Trick Room|p2b: Farigiraf
|-fieldend|move: Trick Room
|
|upkeep
|turn|4
|
|t:|1785864401
|switch|p1a: Incineroar|Incineroar, L50, M|100/100
|-ability|p1a: Incineroar|Intimidate|boost
|-unboost|p2a: Arcanine|atk|1
|-unboost|p2b: Farigiraf|atk|1
|move|p2b: Farigiraf|Helping Hand|p2a: Arcanine
|-singleturn|p2a: Arcanine|Helping Hand|[of] p2b: Farigiraf
|move|p1b: Kingambit|Protect|p1b: Kingambit
|-singleturn|p1b: Kingambit|Protect
|move|p2a: Arcanine|Flare Blitz|p1a: Incineroar
|-resisted|p1a: Incineroar|1
|-damage|p1a: Incineroar|72/100
|
|upkeep
|turn|5
|inactive|pela10 has 30 seconds left.
|
|t:|1785864428
|switch|p2b: Kingambit|Kingambit, L50, M|100/100
|switch|p1b: Staraptor|Staraptor, L50, M|100/100
|-ability|p1b: Staraptor|Intimidate|boost
|-unboost|p2a: Arcanine|atk|1
|-unboost|p2b: Kingambit|atk|1
|-ability|p2b: Kingambit|Defiant|boost
|-boost|p2b: Kingambit|atk|2
|move|p2a: Arcanine|Flare Blitz|p1b: Staraptor
|-damage|p1b: Staraptor|60/100
|move|p1a: Incineroar|Throat Chop|p2b: Kingambit
|-resisted|p2b: Kingambit|1
|-damage|p2b: Kingambit|86/100
|-start|p2b: Kingambit|Throat Chop|[silent]
|
|upkeep
|turn|6
|inactive|pela10 has 30 seconds left.
|
|t:|1785864461
|switch|p1a: Sinistcha|Sinistcha, L50|80/100 par
|-heal|p1b: Staraptor|85/100|[from] ability: Hospitality|[of] p1a: Sinistcha
|detailschange|p1b: Staraptor|Staraptor-Mega, L50, M
|-mega|p1b: Staraptor|Staraptor|Staraptite
|move|p2b: Kingambit|Protect|p2b: Kingambit
|-singleturn|p2b: Kingambit|Protect
|move|p1b: Staraptor|Close Combat|p2b: Kingambit
|-activate|p2b: Kingambit|move: Protect
|move|p2a: Arcanine|Head Smash|p1b: Staraptor
|-damage|p1b: Staraptor|50/100y
|
|-end|p2b: Kingambit|Throat Chop|[silent]
|upkeep
|turn|7
|inactive|Astonished25 has 30 seconds left.
|inactive|pela10 has 30 seconds left.
|inactive|pela10 has 20 seconds left.
|
|t:|1785864497
|switch|p2a: Farigiraf|Farigiraf, L50, F|81/100
|cant|p1a: Sinistcha|par
|move|p2b: Kingambit|Sucker Punch|p1b: Staraptor
|-resisted|p1b: Staraptor|1
|-damage|p1b: Staraptor|7/100
|-damage|p2b: Kingambit|77/100|[from] item: Life Orb
|move|p1b: Staraptor|Close Combat|p2b: Kingambit
|-supereffective|p2b: Kingambit|2
|-damage|p2b: Kingambit|0 fnt
|-boost|p1b: Staraptor|def|1
|-boost|p1b: Staraptor|spd|1
|faint|p2b: Kingambit
|
|upkeep
|
|t:|1785864515
|switch|p2b: Arcanine|Arcanine-Hisui, L50, F|16/100
|turn|8
|
|t:|1785864524
|switch|p1a: Incineroar|Incineroar, L50, M|72/100
|-ability|p1a: Incineroar|Intimidate|boost
|-unboost|p2a: Farigiraf|atk|1
|-unboost|p2b: Arcanine|atk|1
|move|p1b: Staraptor|Protect|p1b: Staraptor
|-singleturn|p1b: Staraptor|Protect
|move|p2b: Arcanine|Flare Blitz|p1a: Incineroar
|-resisted|p1a: Incineroar|1
|-damage|p1a: Incineroar|54/100
|move|p2a: Farigiraf|Twin Beam|p1b: Staraptor
|-activate|p1b: Staraptor|move: Protect
|
|upkeep
|turn|9
|
|t:|1785864536
|move|p2a: Farigiraf|Protect|p2a: Farigiraf
|-singleturn|p2a: Farigiraf|Protect
|move|p2b: Arcanine|Extreme Speed|p1b: Staraptor
|-damage|p1b: Staraptor|0 fnt
|faint|p1b: Staraptor
|move|p1a: Incineroar|Throat Chop|p2a: Farigiraf
|-activate|p2a: Farigiraf|move: Protect
|
|upkeep
|
|t:|1785864540
|switch|p1b: Sinistcha|Sinistcha, L50|80/100 par
|-heal|p1a: Incineroar|79/100|[from] ability: Hospitality|[of] p1b: Sinistcha
|turn|10
|
|t:|1785864551
|move|p2a: Farigiraf|Helping Hand|p2b: Arcanine
|-singleturn|p2b: Arcanine|Helping Hand|[of] p2a: Farigiraf
|move|p2b: Arcanine|Head Smash|p1a: Incineroar
|-supereffective|p1a: Incineroar|1
|-damage|p1a: Incineroar|0 fnt
|faint|p1a: Incineroar
|move|p1b: Sinistcha|Trick Room|p1b: Sinistcha
|-fieldstart|move: Trick Room|[of] p1b: Sinistcha
|
|upkeep
|
|t:|1785864555
|switch|p1a: Kingambit|Kingambit, L50, F|6/100
|turn|11
|
|t:|1785864570
|move|p1b: Sinistcha|Life Dew|p1b: Sinistcha|[spread] p1a,p1b
|-heal|p1a: Kingambit|31/100
|-heal|p1b: Sinistcha|100/100 par
|move|p1a: Kingambit|Kowtow Cleave|p2b: Arcanine
|-crit|p2b: Arcanine
|-damage|p2b: Arcanine|0 fnt
|faint|p2b: Arcanine
|-damage|p1a: Kingambit|22/100|[from] item: Life Orb
|move|p2a: Farigiraf|Trick Room|p2a: Farigiraf
|-fieldend|move: Trick Room
|
|upkeep
|
|t:|1785864576
|switch|p2b: Raichu|Raichu-Mega-Y, L50, M|100/100
|turn|12
|inactive|pela10 has 30 seconds left.
|
|t:|1785864610
|move|p1a: Kingambit|Protect|p1a: Kingambit
|-singleturn|p1a: Kingambit|Protect
|move|p2b: Raichu|Focus Blast|p1a: Kingambit
|-activate|p1a: Kingambit|move: Protect
|move|p2a: Farigiraf|Twin Beam|p1b: Sinistcha
|-damage|p1b: Sinistcha|84/100 par
|-damage|p1b: Sinistcha|69/100 par
|-hitcount|p1b: Sinistcha|2
|move|p1b: Sinistcha|Trick Room|p1b: Sinistcha
|-fieldstart|move: Trick Room|[of] p1b: Sinistcha
|
|upkeep
|turn|13
|
|t:|1785864625
|move|p2a: Farigiraf|Protect|p2a: Farigiraf
|-singleturn|p2a: Farigiraf|Protect
|move|p1b: Sinistcha|Matcha Gotcha|p2b: Raichu|[spread] p2b
|-activate|p2a: Farigiraf|move: Protect
|-damage|p2b: Raichu|67/100
|-heal|p1b: Sinistcha|85/100 par|[from] drain|[of] p2b: Raichu
|move|p1a: Kingambit|Kowtow Cleave|p2a: Farigiraf
|-activate|p2a: Farigiraf|move: Protect
|move|p2b: Raichu|Focus Blast|p1a: Kingambit
|-supereffective|p1a: Kingambit|2
|-damage|p1a: Kingambit|0 fnt
|faint|p1a: Kingambit
|
|upkeep
|turn|14
|
|t:|1785864641
|move|p1b: Sinistcha|Matcha Gotcha|p2a: Farigiraf|[spread] p2a,p2b
|-damage|p2a: Farigiraf|62/100
|-heal|p1b: Sinistcha|97/100 par|[from] drain|[of] p2a: Farigiraf
|-damage|p2b: Raichu|35/100
|-heal|p1b: Sinistcha|100/100 par|[from] drain|[of] p2b: Raichu
|-status|p2a: Farigiraf|brn
|move|p2a: Farigiraf|Twin Beam|p1b: Sinistcha
|-damage|p1b: Sinistcha|83/100 par
|-damage|p1b: Sinistcha|67/100 par
|-hitcount|p1b: Sinistcha|2
|move|p2b: Raichu|Zap Cannon|p1b: Sinistcha
|-resisted|p1b: Sinistcha|1
|-damage|p1b: Sinistcha|35/100 par
|
|-damage|p2a: Farigiraf|55/100 brn|[from] brn
|upkeep
|turn|15
|
|t:|1785864651
|move|p2b: Raichu|Protect|p2b: Raichu
|-singleturn|p2b: Raichu|Protect
|move|p1b: Sinistcha|Matcha Gotcha|p2b: Raichu|[spread] p2a
|-activate|p2b: Raichu|move: Protect
|-damage|p2a: Farigiraf|37/100 brn
|-heal|p1b: Sinistcha|46/100 par|[from] drain|[of] p2a: Farigiraf
|-enditem|p2a: Farigiraf|Sitrus Berry|[eat]
|-heal|p2a: Farigiraf|62/100 brn|[from] item: Sitrus Berry
|move|p2a: Farigiraf|Trick Room|p2a: Farigiraf
|-fieldend|move: Trick Room
|
|-damage|p2a: Farigiraf|56/100 brn|[from] brn
|upkeep
|turn|16
|
|t:|1785864660
|move|p2a: Farigiraf|Helping Hand|p2b: Raichu
|-singleturn|p2b: Raichu|Helping Hand|[of] p2a: Farigiraf
|move|p2b: Raichu|Zap Cannon|p1b: Sinistcha
|-resisted|p1b: Sinistcha|1
|-damage|p1b: Sinistcha|1/100 par
|move|p1b: Sinistcha|Matcha Gotcha|p2b: Raichu|[spread] p2a,p2b
|-damage|p2a: Farigiraf|36/100 brn
|-heal|p1b: Sinistcha|14/100 par|[from] drain|[of] p2a: Farigiraf
|-damage|p2b: Raichu|6/100
|-heal|p1b: Sinistcha|28/100 par|[from] drain|[of] p2b: Raichu
|
|-damage|p2a: Farigiraf|29/100 brn|[from] brn
|upkeep
|turn|17
|
|t:|1785864673
|move|p2a: Farigiraf|Helping Hand|p2b: Raichu
|-singleturn|p2b: Raichu|Helping Hand|[of] p2a: Farigiraf
|move|p2b: Raichu|Zap Cannon|p1b: Sinistcha
|-resisted|p1b: Sinistcha|1
|-damage|p1b: Sinistcha|0 fnt
|faint|p1b: Sinistcha
|
|win|pela10
||Astonished25 is ready for game 2.
||pela10 is ready for game 2.
|uhtml|next|Next: Game 2 of 3
|l|☆pela10
|player|p2|
