|j|☆Draikenos
|j|☆yesertrerte
|html|Draikenosyesertrerte    
|uhtml|bestof|Game 2 of a best-of-3
|t:|1784212002
|gametype|doubles
|player|p1|Draikenos|2|1240
|player|p2|yesertrerte|265|1205
|gen|9
|tier|[Gen 9 Champions] VGC 2026 Reg M-B (Bo3)
|rated|
|rule|Species Clause: Limit one of each Pokémon
|rule|Item Clause: Limit 1 of each item
|clearpoke
|poke|p1|Swampert, L50, M, shiny|
|poke|p1|Pelipper, L50, M, shiny|
|poke|p1|Grimmsnarl, L50, M, shiny|
|poke|p1|Archaludon, L50, M, shiny|
|poke|p1|Sinistcha-Masterpiece, L50, shiny|
|poke|p1|Mawile, L50, M, shiny|
|poke|p2|Aerodactyl, L50, F|
|poke|p2|Garchomp, L50, F, shiny|
|poke|p2|Kingambit, L50, M|
|poke|p2|Charizard, L50, M, shiny|
|poke|p2|Sylveon, L50, F, shiny|
|poke|p2|Farigiraf, L50, F|
|teampreview|4
|showteam|p1|Swampert||Swampertite|Torrent|Protect,WaveCrash,HighHorsepower,IcePunch|Adamant||M|||50|]Pelipper||FocusSash|Drizzle|Protect,WeatherBall,Hurricane,Tailwind|Modest||M|||50|]Grimmsnarl||LightClay|Prankster|FoulPlay,Reflect,LightScreen,PartingShot|Careful||M|||50|]Archaludon||Leftovers|Stamina|Protect,FlashCannon,DragonPulse,ElectroShot|Modest||M|||50|]Sinistcha-Masterpiece||KasibBerry|Hospitality|RagePowder,MatchaGotcha,LifeDew,TrickRoom|Bold|||||50|]Mawile||Mawilite|HyperCutter|Protect,PlayRough,BrickBreak,SuckerPunch|Adamant||M|||50|
|showteam|p2|Aerodactyl||Aerodactylite|Unnerve|IceFang,RockSlide,Tailwind,DualWingbeat|Jolly||F|||50|]Garchomp||LifeOrb|RoughSkin|DragonClaw,Earthquake,RockSlide,Protect|Jolly||F|||50|]Kingambit||FocusSash|Defiant|KowtowCleave,IronHead,SuckerPunch,LowKick|Adamant||M|||50|]Charizard||CharizarditeY|Blaze|HeatWave,SolarBeam,WeatherBall,Protect|Modest||M|||50|]Sylveon||FairyFeather|Pixilate|Protect,HyperVoice,HyperBeam,QuickAttack|Modest||F|||50|]Farigiraf||SitrusBerry|ArmorTail|TrickRoom,Thunderbolt,Psychic,HelpingHand|Bold||F|||50|
|inactive|Battle timer is ON: inactive players will automatically lose when time's up. (requested by yesertrerte)
|inactive|Draikenos has 60 seconds left.
|
|t:|1784212046
|teamsize|p1|4
|teamsize|p2|4
|start
|switch|p1a: Swampert|Swampert, L50, M, shiny|100/100
|switch|p1b: Grimmsnarl|Grimmsnarl, L50, M, shiny|100/100
|switch|p2a: Charizard|Charizard, L50, M, shiny|100/100
|switch|p2b: Farigiraf|Farigiraf, L50, F|100/100
|turn|1
|
|t:|1784212070
|switch|p1a: Archaludon|Archaludon, L50, M, shiny|100/100
|detailschange|p2a: Charizard|Charizard-Mega-Y, L50, M, shiny
|-mega|p2a: Charizard|Charizard|Charizardite Y
|-weather|SunnyDay|[from] ability: Drought|[of] p2a: Charizard
|move|p1b: Grimmsnarl|Light Screen|p1b: Grimmsnarl
|-sidestart|p1: Draikenos|move: Light Screen
|move|p2a: Charizard|Heat Wave|p1b: Grimmsnarl|[spread] p1a,p1b
|-damage|p1a: Archaludon|57/100
|-damage|p1b: Grimmsnarl|62/100
|-ability|p1a: Archaludon|Stamina|boost
|-boost|p1a: Archaludon|def|1
|move|p2b: Farigiraf|Trick Room|p2b: Farigiraf
|-fieldstart|move: Trick Room|[of] p2b: Farigiraf
|
|-weather|SunnyDay|[upkeep]
|-heal|p1a: Archaludon|63/100|[from] item: Leftovers
|upkeep
|turn|2
|inactive|Draikenos has 30 seconds left.
|inactive|yesertrerte has 30 seconds left.
|inactive|Draikenos has 20 seconds left.
|inactive|yesertrerte has 20 seconds left.
|inactive|yesertrerte has 15 seconds left.
|inactive|yesertrerte has 10 seconds left.
|
|t:|1784212116
|move|p1a: Archaludon|Protect|p1a: Archaludon
|-singleturn|p1a: Archaludon|Protect
|move|p2a: Charizard|Protect|p2a: Charizard
|-singleturn|p2a: Charizard|Protect
|move|p1b: Grimmsnarl|Foul Play|p2b: Farigiraf
|-supereffective|p2b: Farigiraf|1
|-damage|p2b: Farigiraf|64/100
|move|p2b: Farigiraf|Thunderbolt|p1b: Grimmsnarl
|-damage|p1b: Grimmsnarl|49/100
|-status|p1b: Grimmsnarl|par
|
|-weather|SunnyDay|[upkeep]
|-heal|p1a: Archaludon|70/100|[from] item: Leftovers
|upkeep
|turn|3
|inactive|Draikenos has 30 seconds left.
|
|t:|1784212149
|switch|p1b: Pelipper|Pelipper, L50, M, shiny|100/100
|-weather|RainDance|[from] ability: Drizzle|[of] p1b: Pelipper
|move|p2b: Farigiraf|Helping Hand|p2a: Charizard
|-singleturn|p2a: Charizard|Helping Hand|[of] p2b: Farigiraf
|move|p1a: Archaludon|Electro Shot||[still]
|-prepare|p1a: Archaludon|Electro Shot
|-boost|p1a: Archaludon|spa|1
|-anim|p1a: Archaludon|Electro Shot|p2a: Charizard
|-supereffective|p2a: Charizard|1
|-damage|p2a: Charizard|0 fnt
|faint|p2a: Charizard
|
|-weather|RainDance|[upkeep]
|-heal|p1a: Archaludon|76/100|[from] item: Leftovers
|upkeep
|
|t:|1784212161
|switch|p2a: Sylveon|Sylveon, L50, F, shiny|100/100
|turn|4
|inactive|Draikenos has 30 seconds left.
|
|t:|1784212194
|move|p1b: Pelipper|Protect|p1b: Pelipper
|-singleturn|p1b: Pelipper|Protect
|move|p2b: Farigiraf|Thunderbolt|p1b: Pelipper
|-activate|p1b: Pelipper|move: Protect
|move|p2a: Sylveon|Hyper Voice|p1b: Pelipper|[spread] p1a
|-activate|p1b: Pelipper|move: Protect
|-damage|p1a: Archaludon|43/100
|-ability|p1a: Archaludon|Stamina|boost
|-boost|p1a: Archaludon|def|1
|move|p1a: Archaludon|Flash Cannon|p2a: Sylveon
|-supereffective|p2a: Sylveon|1
|-damage|p2a: Sylveon|12/100
|
|-weather|RainDance|[upkeep]
|-heal|p1a: Archaludon|49/100|[from] item: Leftovers
|upkeep
|turn|5
|
|t:|1784212214
|switch|p2b: Kingambit|Kingambit, L50, M|100/100
|switch|p1b: Grimmsnarl|Grimmsnarl, L50, M, shiny|49/100 par
|move|p1a: Archaludon|Protect|p1a: Archaludon
|-singleturn|p1a: Archaludon|Protect
|move|p2a: Sylveon|Hyper Beam|p1b: Grimmsnarl
|-supereffective|p1b: Grimmsnarl|1
|-crit|p1b: Grimmsnarl
|-damage|p1b: Grimmsnarl|0 fnt
|-mustrecharge|p2a: Sylveon
|faint|p1b: Grimmsnarl
|
|-weather|RainDance|[upkeep]
|-heal|p1a: Archaludon|55/100|[from] item: Leftovers
|-fieldend|move: Trick Room
|upkeep
|
|t:|1784212230
|switch|p1b: Swampert|Swampert, L50, M, shiny|100/100
|turn|6
|
|t:|1784212240
|detailschange|p1b: Swampert|Swampert-Mega, L50, M, shiny
|-mega|p1b: Swampert|Swampert|Swampertite
|move|p1b: Swampert|High Horsepower|p2b: Kingambit
|-supereffective|p2b: Kingambit|1
|-enditem|p2b: Kingambit|Focus Sash
|-damage|p2b: Kingambit|1/100
|move|p1a: Archaludon|Electro Shot||[still]
|-prepare|p1a: Archaludon|Electro Shot
|-boost|p1a: Archaludon|spa|1
|-anim|p1a: Archaludon|Electro Shot|p2b: Kingambit
|-damage|p2b: Kingambit|0 fnt
|faint|p2b: Kingambit
|cant|p2a: Sylveon|recharge
|
|-weather|RainDance|[upkeep]
|-heal|p1a: Archaludon|61/100|[from] item: Leftovers
|upkeep
|-message|yesertrerte forfeited.
|
|win|Draikenos
|raw|Draikenos's rating: 1240 → 1262(+22 for winning)
|raw|yesertrerte's rating: 1205 → 1183(-22 for losing)
|l|☆yesertrerte
|player|p2|
|l|☆Draikenos
|player|p1|
|j|☆Draikenos
|player|p1|Draikenos|2|
