|j|☆breloomb01
|j|☆adjnorr
|html|breloomb01adjnorr    
|uhtml|bestof|Game 1 of a best-of-3
|t:|1785363831
|gametype|doubles
|player|p1|breloomb01|roughneck|1159
|player|p2|adjnorr|169|1160
|gen|9
|tier|[Gen 9 Champions] VGC 2026 Reg M-B (Bo3)
|rated|
|rule|Species Clause: Limit one of each Pokémon
|rule|Item Clause: Limit 1 of each item
|clearpoke
|poke|p1|Floette-Eternal, L50, F|
|poke|p1|Incineroar, L50, M|
|poke|p1|Sinistcha, L50|
|poke|p1|Garchomp, L50, M|
|poke|p1|Sneasler, L50, M|
|poke|p1|Rotom-Wash, L50|
|poke|p2|Staraptor, L50, F|
|poke|p2|Delphox, L50, F|
|poke|p2|Whimsicott, L50, F|
|poke|p2|Glimmora, L50, F|
|poke|p2|Garchomp, L50, M|
|poke|p2|Kingambit, L50, M|
|teampreview|4
|showteam|p1|Floette-Eternal||Floettite|FlowerVeil|DrainingKiss,DazzlingGleam,CalmMind,Protect|Modest||F|||50|]Incineroar||SitrusBerry|Intimidate|FakeOut,FlareBlitz,ThroatChop,PartingShot|Careful||M|||50|]Sinistcha||KasibBerry|Hospitality|Protect,RagePowder,MatchaGotcha,TrickRoom|Calm|||||50|]Garchomp||LifeOrb|RoughSkin|Earthquake,DragonClaw,RockSlide,Protect|Jolly||M|||50|]Sneasler||FocusSash|PoisonTouch|FakeOut,DireClaw,CloseCombat,Protect|Jolly||M|||50|]Rotom-Wash||Leftovers|Levitate|HydroPump,Protect,WillOWisp,Electroweb|Bold|||||50|
|showteam|p2|Staraptor||Staraptite|Intimidate|BraveBird,CloseCombat,Roost,Protect|Jolly||F|||50|]Delphox||Delphoxite|Blaze|HeatWave,Psychic,Encore,Protect|Timid||F|||50|]Whimsicott||OccaBerry|Prankster|Moonblast,Tailwind,Charm,LightScreen|Timid||F|||50|]Glimmora||FocusSash|ToxicDebris|PowerGem,SludgeBomb,EarthPower,SpikyShield|Timid||F|||50|]Garchomp||LifeOrb|RoughSkin|DragonClaw,Earthquake,RockSlide,Protect|Jolly||M|||50|]Kingambit||ChopleBerry|Defiant|KowtowCleave,IronHead,SuckerPunch,LowKick|Adamant||M|||50|
|
|t:|1785363859
|teamsize|p1|4
|teamsize|p2|4
|start
|switch|p1a: Garchomp|Garchomp, L50, M|100/100
|switch|p1b: Rotom|Rotom-Wash, L50|100/100
|switch|p2a: Whimsicott|Whimsicott, L50, F|100/100
|switch|p2b: Glimmora|Glimmora, L50, F|100/100
|turn|1
|
|t:|1785363891
|switch|p1a: Incineroar|Incineroar, L50, M|100/100
|-ability|p1a: Incineroar|Intimidate|boost
|-unboost|p2a: Whimsicott|atk|1
|-unboost|p2b: Glimmora|atk|1
|move|p2a: Whimsicott|Charm|p1a: Incineroar
|-hint|Since gen 7, Dark is immune to Prankster moves.
|-immune|p1a: Incineroar
|move|p2b: Glimmora|Sludge Bomb|p1b: Rotom
|-damage|p1b: Rotom|54/100
|move|p1b: Rotom|Electroweb|p2a: Whimsicott|[spread] p2a,p2b
|-resisted|p2a: Whimsicott|1
|-damage|p2a: Whimsicott|91/100
|-damage|p2b: Glimmora|80/100
|-unboost|p2a: Whimsicott|spe|1
|-unboost|p2b: Glimmora|spe|1
|
|-heal|p1b: Rotom|60/100|[from] item: Leftovers
|upkeep
|turn|2
|
|t:|1785363914
|switch|p2a: Kingambit|Kingambit, L50, M|100/100
|move|p1b: Rotom|Hydro Pump|p2b: Glimmora|[miss]
|-miss|p1b: Rotom|p2b: Glimmora
|move|p2b: Glimmora|Power Gem|p1a: Incineroar
|-supereffective|p1a: Incineroar|1
|-damage|p1a: Incineroar|39/100
|-enditem|p1a: Incineroar|Sitrus Berry|[eat]
|-heal|p1a: Incineroar|64/100|[from] item: Sitrus Berry
|move|p1a: Incineroar|Parting Shot|p2a: Kingambit
|-unboost|p2a: Kingambit|atk|1
|-ability|p2a: Kingambit|Defiant|boost
|-boost|p2a: Kingambit|atk|2
|-unboost|p2a: Kingambit|spa|1
|-ability|p2a: Kingambit|Defiant|boost
|-boost|p2a: Kingambit|atk|2
|
|t:|1785363918
|switch|p1a: Garchomp|Garchomp, L50, M|100/100|[from] Parting Shot
|
|-heal|p1b: Rotom|66/100|[from] item: Leftovers
|upkeep
|turn|3
|
|t:|1785363941
|move|p2a: Kingambit|Sucker Punch|p1a: Garchomp
|-damage|p1a: Garchomp|7/100
|-damage|p2a: Kingambit|87/100|[from] ability: Rough Skin|[of] p1a: Garchomp
|move|p1a: Garchomp|Earthquake|p2b: Glimmora|[spread] p2a,p2b
|-immune|p1b: Rotom|[from] ability: Levitate
|-supereffective|p2a: Kingambit|1
|-supereffective|p2b: Glimmora|2
|-damage|p2a: Kingambit|16/100
|-damage|p2b: Glimmora|0 fnt
|-activate|p2b: Glimmora|ability: Toxic Debris
|-sidestart|p1: breloomb01|move: Toxic Spikes
|faint|p2b: Glimmora
|-damage|p1a: Garchomp|0 fnt|[from] item: Life Orb
|faint|p1a: Garchomp
|move|p1b: Rotom|Will-O-Wisp|p2a: Kingambit
|-status|p2a: Kingambit|brn
|
|-heal|p1b: Rotom|72/100|[from] item: Leftovers
|-damage|p2a: Kingambit|10/100 brn|[from] brn
|upkeep
|
|t:|1785363949
|switch|p1a: Sinistcha|Sinistcha, L50|100/100
|switch|p2b: Whimsicott|Whimsicott, L50, F|91/100
|-status|p1a: Sinistcha|psn
|-heal|p1b: Rotom|97/100|[from] ability: Hospitality|[of] p1a: Sinistcha
|turn|4
|
|t:|1785363972
|move|p1a: Sinistcha|Rage Powder|p1a: Sinistcha
|-singleturn|p1a: Sinistcha|move: Rage Powder
|move|p2b: Whimsicott|Light Screen|p2b: Whimsicott
|-sidestart|p2: adjnorr|move: Light Screen
|move|p1b: Rotom|Electroweb|p2b: Whimsicott|[spread] p2a
|-miss|p1b: Rotom|p2b: Whimsicott
|-damage|p2a: Kingambit|1/100 brn
|-unboost|p2a: Kingambit|spe|1
|-ability|p2a: Kingambit|Defiant|boost
|-boost|p2a: Kingambit|atk|2
|move|p2a: Kingambit|Kowtow Cleave|p1a: Sinistcha
|-supereffective|p1a: Sinistcha|1
|-damage|p1a: Sinistcha|0 fnt
|faint|p1a: Sinistcha
|
|-heal|p1b: Rotom|100/100|[from] item: Leftovers
|-damage|p2a: Kingambit|0 fnt|[from] brn
|faint|p2a: Kingambit
|upkeep
|
|t:|1785363988
|switch|p1a: Incineroar|Incineroar, L50, M|64/100
|switch|p2a: Delphox|Delphox, L50, F|100/100
|-status|p1a: Incineroar|psn
|-ability|p1a: Incineroar|Intimidate|boost
|-unboost|p2a: Delphox|atk|1
|-unboost|p2b: Whimsicott|atk|1
|turn|5
|
|t:|1785364002
|detailschange|p2a: Delphox|Delphox-Mega, L50, F
|-mega|p2a: Delphox|Delphox|Delphoxite
|move|p2a: Delphox|Encore|p1b: Rotom
|-start|p1b: Rotom|Encore
|move|p2b: Whimsicott|Moonblast|p1a: Incineroar
|-damage|p1a: Incineroar|45/100 psn
|move|p1b: Rotom|Electroweb|p2a: Delphox|[spread] p2a,p2b
|-resisted|p2b: Whimsicott|1
|-damage|p2a: Delphox|90/100
|-damage|p2b: Whimsicott|85/100
|-unboost|p2a: Delphox|spe|1
|-unboost|p2b: Whimsicott|spe|1
|move|p1a: Incineroar|Throat Chop|p2a: Delphox
|-supereffective|p2a: Delphox|1
|-damage|p2a: Delphox|17/100
|-start|p2a: Delphox|Throat Chop|[silent]
|
|-damage|p1a: Incineroar|32/100 psn|[from] psn
|upkeep
|turn|6
|
|t:|1785364027
|move|p2a: Delphox|Heat Wave|p1a: Incineroar|[spread] p1a,p1b
|-resisted|p1a: Incineroar|1
|-resisted|p1b: Rotom|1
|-crit|p1b: Rotom
|-damage|p1a: Incineroar|17/100 psn
|-damage|p1b: Rotom|69/100
|move|p2b: Whimsicott|Moonblast|p1a: Incineroar
|-damage|p1a: Incineroar|0 fnt
|faint|p1a: Incineroar
|move|p1b: Rotom|Electroweb|p2b: Whimsicott|[spread] p2a,p2b
|-resisted|p2b: Whimsicott|1
|-damage|p2a: Delphox|9/100
|-damage|p2b: Whimsicott|79/100
|-unboost|p2a: Delphox|spe|1
|-unboost|p2b: Whimsicott|spe|1
|
|-heal|p1b: Rotom|75/100|[from] item: Leftovers
|-end|p2a: Delphox|Throat Chop|[silent]
|upkeep
|turn|7
|
|t:|1785364042
|move|p2b: Whimsicott|Tailwind|p2b: Whimsicott
|-sidestart|p2: adjnorr|move: Tailwind
|move|p2a: Delphox|Psychic|p1b: Rotom
|-damage|p1b: Rotom|27/100
|move|p1b: Rotom|Electroweb|p2a: Delphox|[spread] p2a,p2b
|-resisted|p2b: Whimsicott|1
|-damage|p2a: Delphox|1/100
|-damage|p2b: Whimsicott|73/100
|-unboost|p2a: Delphox|spe|1
|-unboost|p2b: Whimsicott|spe|1
|
|-heal|p1b: Rotom|33/100|[from] item: Leftovers
|-end|p1b: Rotom|Encore
|upkeep
|turn|8
|
|t:|1785364050
|move|p2a: Delphox|Psychic|p1b: Rotom
|-damage|p1b: Rotom|0 fnt
|faint|p1b: Rotom
|
|win|adjnorr
||breloomb01 is ready for game 2.
||adjnorr is ready for game 2.
|uhtml|next|Next: Game 2 of 3
|l|☆adjnorr
|player|p2|
