|j|☆moth.o
|j|☆mariocansado
|html|moth.omariocansado    
|uhtml|bestof|Game 1 of a best-of-3
|t:|1756331992
|gametype|doubles
|player|p1|moth.o|roxie|1064
|player|p2|mariocansado|arven-v|1133
|gen|9
|tier|[Gen 9] VGC 2025 Reg H (Bo3)
|rated|
|rule|Species Clause: Limit one of each Pokémon
|rule|Item Clause: Limit 1 of each item
|clearpoke
|poke|p1|Arcanine-Hisui, L50, M|
|poke|p1|Indeedee-F, L50, F|
|poke|p1|Gallade, L50, M|
|poke|p1|Gholdengo, L50|
|poke|p1|Whimsicott, L50, M|
|poke|p1|Hydreigon, L50, M|
|poke|p2|Gholdengo, L50|
|poke|p2|Rillaboom, L50, F|
|poke|p2|Dragapult, L50, F|
|poke|p2|Electabuzz, L50, F|
|poke|p2|Volcarona, L50, M|
|poke|p2|Gyarados, L50, F|
|teampreview|4
|showteam|p1|Arcanine-Hisui||SafetyGoggles|Intimidate|Protect,RockSlide,FlareBlitz,ExtremeSpeed|||M|||50|,,,,,Fairy]Indeedee-F||SitrusBerry|PsychicSurge|TrickRoom,FollowMe,Psychic,HelpingHand|||F|||50|,,,,,Fairy]Gallade||LifeOrb|Sharpness|Protect,NightSlash,SacredSword,PsychoCut|||M|||50|,,,,,Grass]Gholdengo||ChoiceSpecs|GoodasGold|MakeItRain,ShadowBall,PowerGem,Trick||||||50|,,,,,Steel]Whimsicott||CovertCloak|Prankster|CottonSpore,Moonblast,Encore,Tailwind|||M|||50|,,,,,Dark]Hydreigon||AssaultVest|Levitate|FireSpin,Snarl,DarkPulse,DracoMeteor|||M|||50|,,,,,Ghost
|showteam|p2|Gholdengo||ChoiceScarf|GoodasGold|MakeItRain,ShadowBall,PowerGem,Trick||||||50|,,,,,Steel]Rillaboom||AssaultVest|GrassySurge|FakeOut,WoodHammer,GrassyGlide,Uturn|||F|||50|,,,,,Fire]Dragapult||ChoiceBand|ClearBody|DragonDarts,DragonClaw,PhantomForce,Uturn|||F|||50|,,,,,Dragon]Electabuzz||Eviolite|VitalSpirit|Electroweb,Taunt,FollowMe,Protect|||F|||50|,,,,,Ghost]Volcarona||Leftovers|FlameBody|HeatWave,QuiverDance,Protect,GigaDrain|||M|||50|,,,,,Grass]Gyarados||RockyHelmet|Intimidate|Waterfall,HelpingHand,ThunderWave,Protect|||F|||50|,,,,,Grass
|c|☆mariocansado|MOTHO
|c|☆mariocansado|OOMF
|c|☆mariocansado|ahora voy a sufrir al hydreigon av nooo
|c|☆moth.o|NOOOO
|c|☆moth.o|UNA POLLA SBSJSNS
|c|☆moth.o|Tu team me da miedo btw
|
|t:|1756332154
|teamsize|p1|4
|teamsize|p2|4
|start
|switch|p1a: Fenrir|Arcanine-Hisui, L50, M|100/100
|switch|p1b: Meigallo|Whimsicott, L50, M, shiny|100/100
|switch|p2a: Gholdengo|Gholdengo, L50|100/100
|switch|p2b: Dragapult|Dragapult, L50, F|100/100
|-ability|p1a: Fenrir|Intimidate|boost
|-unboost|p2a: Gholdengo|atk|1
|-fail|p2b: Dragapult|unboost|[from] ability: Clear Body|[of] p2b: Dragapult
|turn|1
|c|☆mariocansado|me lo hizo dario
|
|t:|1756332236
|switch|p2a: Gyarados|Gyarados, L50, F|100/100
|-ability|p2a: Gyarados|Intimidate|boost
|-unboost|p1a: Fenrir|atk|1
|-unboost|p1b: Meigallo|atk|1
|-terastallize|p1a: Fenrir|Fairy
|move|p1b: Meigallo|Tailwind|p1b: Meigallo
|-sidestart|p1: moth.o|move: Tailwind
|move|p1a: Fenrir|Flare Blitz|p2a: Gyarados
|-resisted|p2a: Gyarados
|-damage|p2a: Gyarados|82/100
|-damage|p1a: Fenrir|84/100|[from] item: Rocky Helmet|[of] p2a: Gyarados
|-damage|p1a: Fenrir|77/100|[from] Recoil
|move|p2b: Dragapult|U-turn|p1a: Fenrir
|-resisted|p1a: Fenrir
|-damage|p1a: Fenrir|52/100
|c|☆moth.o|Siii ya me dijo k estabas haciendo cosas
|
|t:|1756332252
|switch|p2b: Big Jerry|Rillaboom, L50, F|100/100|[from] U-turn
|-fieldstart|move: Grassy Terrain|[from] ability: Grassy Surge|[of] p2b: Big Jerry
|
|-heal|p1a: Fenrir|58/100|[from] Grassy Terrain
|upkeep
|turn|2
|
|t:|1756332298
|switch|p1b: Servicial|Indeedee-F, L50, F|100/100
|-fieldstart|move: Psychic Terrain|[from] ability: Psychic Surge|[of] p1b: Servicial
|-terastallize|p2b: Big Jerry|Fire
|move|p1a: Fenrir|Flare Blitz|p2b: Big Jerry
|-resisted|p2b: Big Jerry
|-damage|p2b: Big Jerry|83/100
|-damage|p1a: Fenrir|50/100|[from] Recoil
|move|p2b: Big Jerry|Wood Hammer|p1b: Servicial
|-damage|p1b: Servicial|32/100
|-enditem|p1b: Servicial|Sitrus Berry|[eat]
|-heal|p1b: Servicial|57/100|[from] item: Sitrus Berry
|-damage|p2b: Big Jerry|63/100|[from] Recoil
|move|p2a: Gyarados|Waterfall|p1a: Fenrir
|-damage|p1a: Fenrir|0 fnt
|faint|p1a: Fenrir
|
|upkeep
|
|t:|1756332318
|switch|p1a: Galantería|Gallade, L50, M, shiny|100/100
|turn|3
|
|t:|1756332359
|switch|p2b: Gholdengo|Gholdengo, L50|100/100
|move|p2a: Gyarados|Protect|p2a: Gyarados
|-singleturn|p2a: Gyarados|Protect
|move|p1b: Servicial|Follow Me|p1b: Servicial
|-singleturn|p1b: Servicial|move: Follow Me
|move|p1a: Galantería|Psycho Cut|p2b: Gholdengo
|-resisted|p2b: Gholdengo
|-damage|p2b: Gholdengo|43/100
|-damage|p1a: Galantería|91/100|[from] item: Life Orb
|
|upkeep
|turn|4
|j| pedrito70043
|
|t:|1756332392
|switch|p2a: Big Jerry|Rillaboom, L50, F, tera:Fire|63/100
|-fieldstart|move: Grassy Terrain|[from] ability: Grassy Surge|[of] p2a: Big Jerry
|move|p1b: Servicial|Helping Hand|p1a: Galantería
|-singleturn|p1a: Galantería|Helping Hand|[of] p1b: Servicial
|move|p1a: Galantería|Psycho Cut|p2b: Gholdengo
|-resisted|p2b: Gholdengo
|-damage|p2b: Gholdengo|0 fnt
|faint|p2b: Gholdengo
|-damage|p1a: Galantería|81/100|[from] item: Life Orb
|
|-heal|p1a: Galantería|87/100|[from] Grassy Terrain
|-heal|p1b: Servicial|63/100|[from] Grassy Terrain
|-heal|p2a: Big Jerry|69/100|[from] Grassy Terrain
|-sideend|p1: moth.o|move: Tailwind
|upkeep
|
|t:|1756332400
|switch|p2b: Gyarados|Gyarados, L50, F|82/100
|-ability|p2b: Gyarados|Intimidate|boost
|-unboost|p1a: Galantería|atk|1
|-unboost|p1b: Servicial|atk|1
|turn|5
|
|t:|1756332425
|switch|p1b: Meigallo|Whimsicott, L50, M, shiny|100/100
|move|p2b: Gyarados|Helping Hand|p2a: Big Jerry
|-singleturn|p2a: Big Jerry|Helping Hand|[of] p2b: Gyarados
|move|p1a: Galantería|Protect|p1a: Galantería
|-singleturn|p1a: Galantería|Protect
|move|p2a: Big Jerry|Wood Hammer|p1b: Meigallo
|-resisted|p1b: Meigallo
|-damage|p1b: Meigallo|34/100
|-damage|p2a: Big Jerry|52/100|[from] Recoil
|
|-heal|p1b: Meigallo|39/100|[from] Grassy Terrain
|-heal|p1a: Galantería|92/100|[from] Grassy Terrain
|-heal|p2a: Big Jerry|58/100|[from] Grassy Terrain
|upkeep
|turn|6
|
|t:|1756332464
|move|p1b: Meigallo|Encore|p2b: Gyarados
|-start|p2b: Gyarados|Encore
|move|p1a: Galantería|Sacred Sword|p2a: Big Jerry
|-damage|p2a: Big Jerry|0 fnt
|faint|p2a: Big Jerry
|-damage|p1a: Galantería|82/100|[from] item: Life Orb
|move|p2b: Gyarados|Helping Hand|null|[notarget]
|-fail|p2b: Gyarados
|
|-heal|p1b: Meigallo|45/100|[from] Grassy Terrain
|-heal|p1a: Galantería|88/100|[from] Grassy Terrain
|upkeep
|
|t:|1756332470
|switch|p2a: Dragapult|Dragapult, L50, F|100/100
|turn|7
|
|t:|1756332503
|switch|p1a: Servicial|Indeedee-F, L50, F|63/100
|-fieldstart|move: Psychic Terrain|[from] ability: Psychic Surge|[of] p1a: Servicial
|move|p2b: Gyarados|Helping Hand|p2a: Dragapult
|-singleturn|p2a: Dragapult|Helping Hand|[of] p2b: Gyarados
|move|p1b: Meigallo|Tailwind|p1b: Meigallo
|-sidestart|p1: moth.o|move: Tailwind
|move|p2a: Dragapult|Phantom Force||[still]
|-prepare|p2a: Dragapult|Phantom Force
|
|upkeep
|turn|8
|
|t:|1756332523
|move|p2b: Gyarados|Helping Hand|p2a: Dragapult
|-singleturn|p2a: Dragapult|Helping Hand|[of] p2b: Gyarados
|move|p1a: Servicial|Follow Me|p1a: Servicial
|-singleturn|p1a: Servicial|move: Follow Me
|move|p1b: Meigallo|Moonblast|p2b: Gyarados
|-damage|p2b: Gyarados|60/100
|move|p2a: Dragapult|Phantom Force|p1a: Servicial|[from] lockedmove
|-immune|p1a: Servicial
|
|-end|p2b: Gyarados|Encore
|upkeep
|turn|9
|
|t:|1756332549
|move|p1b: Meigallo|Encore|p2b: Gyarados
|-start|p2b: Gyarados|Encore
|move|p1a: Servicial|Psychic|p2a: Dragapult
|-damage|p2a: Dragapult|49/100
|move|p2a: Dragapult|Phantom Force||[still]
|-prepare|p2a: Dragapult|Phantom Force
|move|p2b: Gyarados|Helping Hand||[still]
|-fail|p2b: Gyarados
|
|upkeep
|turn|10
|-message|mariocansado forfeited.
|
|win|moth.o
||mariocansado is ready for game 2.
||moth.o is ready for game 2.
|uhtml|next|Next: Game 2 of 3
|j| ranakos
|l| pedrito70043
|l|☆moth.o
|player|p1|
