|j|☆Rfriedrich16
|j|☆MrPhoenixGC
|html|Rfriedrich16MrPhoenixGC    
|uhtml|bestof|Game 2 of a best-of-3
|t:|1756918554
|gametype|doubles
|player|p1|Rfriedrich16|unknownf|1065
|player|p2|MrPhoenixGC|steven|1143
|gen|9
|tier|[Gen 9] VGC 2025 Reg H (Bo3)
|rated|
|rule|Species Clause: Limit one of each Pokémon
|rule|Item Clause: Limit 1 of each item
|clearpoke
|poke|p1|Gothitelle, L50, M|
|poke|p1|Dragapult, L50, M|
|poke|p1|Primarina, L50, M|
|poke|p1|Ursaluna-Bloodmoon, L50, M|
|poke|p1|Rillaboom, L50, F|
|poke|p1|Grimmsnarl, L50, M|
|poke|p2|Gholdengo, L50|
|poke|p2|Pelipper, L50, M|
|poke|p2|Archaludon, L50, F|
|poke|p2|Ursaluna, L50, M|
|poke|p2|Dragonite, L50, M|
|poke|p2|Sinistcha, L50|
|teampreview|4
|showteam|p1|Gothitelle||SitrusBerry|ShadowTag|Protect,FakeOut,Psychic,TrickRoom|||M|||50|,,,,,Dark]Dragapult||SpellTag|CursedBody|Substitute,Disable,WillOWisp,Hex|||M|||50|,,,,,Fairy]Primarina||Leftovers|LiquidVoice|PerishSong,Protect,LifeDew,HyperVoice|||M|||50|,,,,,Dragon]Ursaluna-Bloodmoon||ThroatSpray|MindsEye|HyperVoice,BloodMoon,EarthPower,Protect|||M|||50|,,,,,Normal]Rillaboom||AssaultVest|GrassySurge|FakeOut,GrassyGlide,WoodHammer,Uturn|||F|||50|,,,,,Fire]Grimmsnarl||LightClay|Prankster|LightScreen,Reflect,PartingShot,ThunderWave|||M|||50|,,,,,Ghost
|showteam|p2|Gholdengo||ChoiceScarf|GoodasGold|MakeItRain,ShadowBall,Trick,Protect||||||50|,,,,,Steel]Pelipper||FocusSash|Drizzle|Protect,MuddyWater,Hurricane,WideGuard|||M|||50|,,,,,Ghost]Archaludon||AssaultVest|Stamina|BodyPress,Snarl,ElectroShot,FlashCannon|||F|||50|,,,,,Bug]Ursaluna||FlameOrb|Guts|Protect,Facade,Earthquake,HeadlongRush|||M|||50|,,,,,Ghost]Dragonite||LoadedDice|Multiscale|ScaleShot,Haze,Tailwind,Protect|||M|||50|,,,,,Fairy]Sinistcha||SitrusBerry|Hospitality|TrickRoom,MatchaGotcha,LifeDew,RagePowder||||||50|,,,,,Dark
|
|t:|1756918587
|teamsize|p1|4
|teamsize|p2|4
|start
|switch|p1a: Primarina|Primarina, L50, M, shiny|100/100
|switch|p1b: Rillaboom|Rillaboom, L50, F|100/100
|switch|p2a: Gholdengo|Gholdengo, L50|100/100
|switch|p2b: Dragonite|Dragonite, L50, M|100/100
|-fieldstart|move: Grassy Terrain|[from] ability: Grassy Surge|[of] p1b: Rillaboom
|turn|1
|
|t:|1756918626
|move|p2b: Dragonite|Protect|p2b: Dragonite
|-singleturn|p2b: Dragonite|Protect
|move|p1b: Rillaboom|Fake Out|p2b: Dragonite
|-activate|p2b: Dragonite|move: Protect
|move|p2a: Gholdengo|Trick|p1b: Rillaboom
|-activate|p2a: Gholdengo|move: Trick|[of] p1b: Rillaboom
|-item|p1b: Rillaboom|Choice Scarf|[from] move: Trick
|-item|p2a: Gholdengo|Assault Vest|[from] move: Trick
|move|p1a: Primarina|Hyper Voice|p2a: Gholdengo|[spread] p2a
|-activate|p2b: Dragonite|move: Protect
|-damage|p2a: Gholdengo|78/100
|
|-heal|p2a: Gholdengo|85/100|[from] Grassy Terrain
|upkeep
|turn|2
|
|t:|1756918673
|move|p1b: Rillaboom|U-turn|p2b: Dragonite
|-resisted|p2b: Dragonite
|-crit|p2b: Dragonite
|-damage|p2b: Dragonite|89/100
|
|t:|1756918699
|switch|p1b: Dragapult|Dragapult, L50, M|100/100|[from] U-turn
|move|p2a: Gholdengo|Shadow Ball|p1b: Dragapult
|-supereffective|p1b: Dragapult
|-damage|p1b: Dragapult|0 fnt
|faint|p1b: Dragapult
|move|p2b: Dragonite|Scale Shot|p1a: Primarina
|-immune|p1a: Primarina
|move|p1a: Primarina|Hyper Voice|p2b: Dragonite|[spread] p2a,p2b
|-resisted|p2b: Dragonite
|-damage|p2a: Gholdengo|61/100
|-damage|p2b: Dragonite|74/100
|
|-heal|p2a: Gholdengo|67/100|[from] Grassy Terrain
|upkeep
|
|t:|1756918713
|switch|p1b: Gothitelle|Gothitelle, L50, M, shiny|100/100
|turn|3
|
|t:|1756918738
|move|p2b: Dragonite|Protect|p2b: Dragonite
|-singleturn|p2b: Dragonite|Protect
|move|p1b: Gothitelle|Fake Out|p2b: Dragonite
|-activate|p2b: Dragonite|move: Protect
|move|p2a: Gholdengo|Shadow Ball|p1b: Gothitelle
|-supereffective|p1b: Gothitelle
|-damage|p1b: Gothitelle|35/100
|-enditem|p1b: Gothitelle|Sitrus Berry|[eat]
|-heal|p1b: Gothitelle|60/100|[from] item: Sitrus Berry
|move|p1a: Primarina|Hyper Voice|p2a: Gholdengo|[spread] p2a
|-activate|p2b: Dragonite|move: Protect
|-damage|p2a: Gholdengo|46/100
|
|-heal|p2a: Gholdengo|52/100|[from] Grassy Terrain
|-heal|p1b: Gothitelle|66/100|[from] Grassy Terrain
|upkeep
|turn|4
|
|t:|1756918790
|-terastallize|p2a: Gholdengo|Steel
|move|p1b: Gothitelle|Protect|p1b: Gothitelle
|-singleturn|p1b: Gothitelle|Protect
|move|p2a: Gholdengo|Make It Rain|p1b: Gothitelle|[spread] p1a
|-activate|p1b: Gothitelle|move: Protect
|-damage|p1a: Primarina|45/100
|-unboost|p2a: Gholdengo|spa|1
|move|p2b: Dragonite|Scale Shot|p1b: Gothitelle
|-activate|p1b: Gothitelle|move: Protect
|move|p1a: Primarina|Hyper Voice|p2a: Gholdengo|[spread] p2a,p2b
|-resisted|p2b: Dragonite
|-damage|p2a: Gholdengo|30/100
|-damage|p2b: Dragonite|58/100
|
|-heal|p2a: Gholdengo|36/100|[from] Grassy Terrain
|-heal|p1a: Primarina|51/100|[from] Grassy Terrain
|-heal|p1a: Primarina|57/100|[from] item: Leftovers
|-heal|p1b: Gothitelle|72/100|[from] Grassy Terrain
|upkeep
|turn|5
|
|t:|1756918813
|move|p2a: Gholdengo|Make It Rain|p1b: Gothitelle|[spread] p1a,p1b
|-damage|p1a: Primarina|22/100
|-damage|p1b: Gothitelle|38/100
|-unboost|p2a: Gholdengo|spa|1
|move|p2b: Dragonite|Scale Shot|p1b: Gothitelle
|-damage|p1b: Gothitelle|23/100
|-damage|p1b: Gothitelle|9/100
|-damage|p1b: Gothitelle|0 fnt
|faint|p1b: Gothitelle
|-hitcount|p1: Gothitelle|3
|-unboost|p2b: Dragonite|def|1
|-boost|p2b: Dragonite|spe|1
|move|p1a: Primarina|Life Dew|p1a: Primarina
|-heal|p1a: Primarina|48/100
|
|-heal|p2a: Gholdengo|42/100|[from] Grassy Terrain
|-heal|p1a: Primarina|53/100|[from] Grassy Terrain
|-heal|p1a: Primarina|59/100|[from] item: Leftovers
|-fieldend|move: Grassy Terrain
|upkeep
|
|t:|1756918839
|switch|p1b: Rillaboom|Rillaboom, L50, F|100/100
|-fieldstart|move: Grassy Terrain|[from] ability: Grassy Surge|[of] p1b: Rillaboom
|turn|6
|
|t:|1756918856
|switch|p2a: Archaludon|Archaludon, L50, F|100/100
|move|p2b: Dragonite|Protect|p2b: Dragonite
|-singleturn|p2b: Dragonite|Protect
|move|p1b: Rillaboom|Wood Hammer|p2a: Archaludon
|-resisted|p2a: Archaludon
|-damage|p2a: Archaludon|86/100
|-ability|p2a: Archaludon|Stamina|boost
|-boost|p2a: Archaludon|def|1
|-damage|p1b: Rillaboom|96/100|[from] Recoil
|move|p1a: Primarina|Hyper Voice|p2a: Archaludon|[spread] p2a
|-activate|p2b: Dragonite|move: Protect
|-resisted|p2a: Archaludon
|-damage|p2a: Archaludon|75/100
|-ability|p2a: Archaludon|Stamina|boost
|-boost|p2a: Archaludon|def|1
|
|-heal|p1b: Rillaboom|100/100|[from] Grassy Terrain
|-heal|p2a: Archaludon|82/100|[from] Grassy Terrain
|-heal|p1a: Primarina|65/100|[from] Grassy Terrain
|-heal|p1a: Primarina|71/100|[from] item: Leftovers
|upkeep
|turn|7
|
|t:|1756918914
|switch|p2b: Pelipper|Pelipper, L50, M|100/100
|-weather|RainDance|[from] ability: Drizzle|[of] p2b: Pelipper
|move|p1b: Rillaboom|Wood Hammer|p2b: Pelipper
|-enditem|p2b: Pelipper|Focus Sash
|-damage|p2b: Pelipper|1/100
|-damage|p1b: Rillaboom|79/100|[from] Recoil
|move|p2a: Archaludon|Electro Shot||[still]
|-prepare|p2a: Archaludon|Electro Shot
|-boost|p2a: Archaludon|spa|1
|-anim|p2a: Archaludon|Electro Shot|p1a: Primarina
|-supereffective|p1a: Primarina
|-damage|p1a: Primarina|0 fnt
|faint|p1a: Primarina
|
|-weather|RainDance|[upkeep]
|-heal|p1b: Rillaboom|85/100|[from] Grassy Terrain
|-heal|p2a: Archaludon|88/100|[from] Grassy Terrain
|upkeep
|turn|8
|
|t:|1756918952
|move|p1b: Rillaboom|Wood Hammer|p2b: Pelipper
|-damage|p2b: Pelipper|0 fnt
|faint|p2b: Pelipper
|-damage|p1b: Rillaboom|84/100|[from] Recoil
|move|p2a: Archaludon|Electro Shot||[still]
|-prepare|p2a: Archaludon|Electro Shot
|-boost|p2a: Archaludon|spa|1
|-anim|p2a: Archaludon|Electro Shot|p1b: Rillaboom
|-resisted|p1b: Rillaboom
|-damage|p1b: Rillaboom|40/100
|
|-weather|RainDance|[upkeep]
|-heal|p1b: Rillaboom|45/100|[from] Grassy Terrain
|-heal|p2a: Archaludon|94/100|[from] Grassy Terrain
|upkeep
|
|t:|1756918964
|switch|p2b: Dragonite|Dragonite, L50, M|58/100
|turn|9
|
|t:|1756918985
|move|p2b: Dragonite|Protect|p2b: Dragonite
|-singleturn|p2b: Dragonite|Protect
|move|p1b: Rillaboom|Wood Hammer|p2b: Dragonite
|-activate|p2b: Dragonite|move: Protect
|move|p2a: Archaludon|Flash Cannon|p1b: Rillaboom
|-damage|p1b: Rillaboom|0 fnt
|faint|p1b: Rillaboom
|
|win|MrPhoenixGC
|raw|Rfriedrich16's rating: 1065 → 1050(-15 for losing)
|raw|MrPhoenixGC's rating: 1143 → 1162(+19 for winning)
|l|☆Rfriedrich16
|player|p1|
