|j|☆JqckZzz
|j|☆ExessVGC
|html|JqckZzzExessVGC    
|uhtml|bestof|Game 3 of a best-of-3
|t:|1756345695
|gametype|doubles
|player|p1|JqckZzz|brycen|1102
|player|p2|ExessVGC|1|1108
|gen|9
|tier|[Gen 9] VGC 2025 Reg H (Bo3)
|rated|
|rule|Species Clause: Limit one of each Pokémon
|rule|Item Clause: Limit 1 of each item
|clearpoke
|poke|p1|Incineroar, L50, M|
|poke|p1|Amoonguss, L50, M|
|poke|p1|Ursaluna-Bloodmoon, L50, M|
|poke|p1|Sneasler, L50, F|
|poke|p1|Gholdengo, L50|
|poke|p1|Dragonite, L50, M|
|poke|p2|Talonflame, L50, F|
|poke|p2|Dragapult, L50, F|
|poke|p2|Farigiraf, L50, M|
|poke|p2|Ursaluna, L50, F|
|poke|p2|Sinistcha-Masterpiece, L50|
|poke|p2|Incineroar, L50, M|
|teampreview|4
|showteam|p1|Incineroar||SafetyGoggles|Intimidate|FlareBlitz,KnockOff,PartingShot,FakeOut|||M|||50|,,,,,Ghost]Amoonguss||SitrusBerry|Regenerator|Spore,RagePowder,PollenPuff,Protect|||M|||50|,,,,,Psychic]Ursaluna-Bloodmoon||AssaultVest|MindsEye|HyperVoice,BloodMoon,EarthPower,VacuumWave|||M|||50|,,,,,Water]Sneasler||FocusSash|Unburden|CloseCombat,DireClaw,ThroatChop,Protect|||F|||50|,,,,,Stellar]Gholdengo||LifeOrb|GoodasGold|MakeItRain,ShadowBall,NastyPlot,Protect||||||50|,,,,,Water]Dragonite||LoadedDice|Multiscale|ScaleShot,Tailwind,Haze,Protect|||M|||50|,,,,,Fairy
|showteam|p2|Talonflame||CovertCloak|GaleWings|DualWingbeat,Tailwind,Taunt,SunnyDay|||F|||50|,,,,,Grass]Dragapult||ChoiceBand|ClearBody|DragonDarts,PhantomForce,Uturn,Outrage|||F|||50|,,,,,Dragon]Farigiraf||SitrusBerry|ArmorTail|TrickRoom,PsychicNoise,DazzlingGleam,HelpingHand|||M|||50|,,,,,Fairy]Ursaluna||FlameOrb|Guts|Facade,HeadlongRush,Earthquake,Protect|||F|||50|,,,,,Normal]Sinistcha-Masterpiece||RockyHelmet|Hospitality|RagePowder,TrickRoom,MatchaGotcha,StrengthSap||||||50|,,,,,Fire]Incineroar||AssaultVest|Intimidate|FakeOut,FlareBlitz,Uturn,KnockOff|||M|||50|,,,,,Grass
|inactive|Battle timer is ON: inactive players will automatically lose when time's up. (requested by ExessVGC)
|inactive|JqckZzz has 60 seconds left.
|
|t:|1756345749
|teamsize|p1|4
|teamsize|p2|4
|start
|switch|p1a: Incineroar|Incineroar, L50, M|100/100
|switch|p1b: Dragonite|Dragonite, L50, M|100/100
|switch|p2a: LA CATAPULTA|Dragapult, L50, F|100/100
|switch|p2b: Top Gun|Talonflame, L50, F|100/100
|-ability|p1a: Incineroar|Intimidate|boost
|-fail|p2a: LA CATAPULTA|unboost|[from] ability: Clear Body|[of] p2a: LA CATAPULTA
|-unboost|p2b: Top Gun|atk|1
|turn|1
|inactive|ExessVGC has 30 seconds left.
|inactive|ExessVGC has 20 seconds left.
|
|t:|1756345786
|-terastallize|p1b: Dragonite|Fairy
|move|p2b: Top Gun|Taunt|p1b: Dragonite
|-start|p1b: Dragonite|move: Taunt
|move|p2a: LA CATAPULTA|U-turn|p1a: Incineroar
|-damage|p1a: Incineroar|68/100
|
|t:|1756345792
|switch|p2a: Il Campione|Incineroar, L50, M|100/100|[from] U-turn
|-ability|p2a: Il Campione|Intimidate|boost
|-unboost|p1a: Incineroar|atk|1
|-unboost|p1b: Dragonite|atk|1
|move|p1b: Dragonite|Scale Shot|p2a: Il Campione|[miss]
|-miss|p1b: Dragonite|p2a: Il Campione
|move|p1a: Incineroar|Knock Off|p2a: Il Campione
|-resisted|p2a: Il Campione
|-damage|p2a: Il Campione|90/100
|-enditem|p2a: Il Campione|Assault Vest|[from] move: Knock Off|[of] p1a: Incineroar
|
|upkeep
|turn|2
|inactive|ExessVGC has 30 seconds left.
|
|t:|1756345820
|switch|p1b: Amoonguss|Amoonguss, L50, M|100/100
|move|p2b: Top Gun|Dual Wingbeat|p1b: Amoonguss
|-supereffective|p1b: Amoonguss
|-damage|p1b: Amoonguss|84/100
|-supereffective|p1b: Amoonguss
|-damage|p1b: Amoonguss|67/100
|-hitcount|p1b: Amoonguss|2
|move|p1a: Incineroar|Knock Off|p2b: Top Gun
|-damage|p2b: Top Gun|59/100
|-enditem|p2b: Top Gun|Covert Cloak|[from] move: Knock Off|[of] p1a: Incineroar
|move|p2a: Il Campione|Flare Blitz|p1b: Amoonguss
|-supereffective|p1b: Amoonguss
|-damage|p1b: Amoonguss|0 fnt
|faint|p1b: Amoonguss
|-damage|p2a: Il Campione|66/100|[from] Recoil
|
|upkeep
|
|t:|1756345835
|switch|p1b: Sneasler|Sneasler, L50, F|100/100
|turn|3
|inactive|ExessVGC has 30 seconds left.
|
|t:|1756345863
|switch|p1a: Dragonite|Dragonite, L50, M, tera:Fairy|100/100
|switch|p2a: Green Matcha|Sinistcha-Masterpiece, L50|100/100
|-heal|p2b: Top Gun|84/100|[from] ability: Hospitality|[of] p2a: Green Matcha
|move|p2b: Top Gun|Dual Wingbeat|p1b: Sneasler
|-supereffective|p1b: Sneasler
|-damage|p1b: Sneasler|68/100
|-supereffective|p1b: Sneasler
|-damage|p1b: Sneasler|34/100
|-hitcount|p1b: Sneasler|2
|move|p1b: Sneasler|Dire Claw|p2b: Top Gun
|-damage|p2b: Top Gun|17/100
|
|upkeep
|turn|4
|inactive|JqckZzz has 30 seconds left.
|inactive|ExessVGC has 30 seconds left.
|inactive|ExessVGC has 20 seconds left.
|
|t:|1756345903
|switch|p2b: Il Campione|Incineroar, L50, M|66/100
|-ability|p2b: Il Campione|Intimidate|boost
|-unboost|p1a: Dragonite|atk|1
|-unboost|p1b: Sneasler|atk|1
|switch|p1b: Incineroar|Incineroar, L50, M|68/100
|-ability|p1b: Incineroar|Intimidate|boost
|-unboost|p2a: Green Matcha|atk|1
|-unboost|p2b: Il Campione|atk|1
|move|p1a: Dragonite|Scale Shot|p2b: Il Campione
|-crit|p2b: Il Campione
|-damage|p2b: Il Campione|47/100
|-damage|p2b: Il Campione|39/100
|-damage|p2b: Il Campione|32/100
|-damage|p2b: Il Campione|24/100
|-damage|p2b: Il Campione|16/100
|-hitcount|p2b: Il Campione|5
|-unboost|p1a: Dragonite|def|1
|-boost|p1a: Dragonite|spe|1
|move|p2a: Green Matcha|Strength Sap|p1a: Dragonite
|-unboost|p1a: Dragonite|atk|1
|
|upkeep
|turn|5
|inactive|JqckZzz has 30 seconds left.
|inactive|ExessVGC has 30 seconds left.
|
|t:|1756345936
|move|p1a: Dragonite|Haze|p1a: Dragonite
|-clearallboost
|move|p2a: Green Matcha|Matcha Gotcha|p1a: Dragonite|[spread] p1a,p1b
|-resisted|p1b: Incineroar
|-damage|p1a: Dragonite|84/100
|-damage|p1b: Incineroar|57/100
|move|p1b: Incineroar|Flare Blitz|p2a: Green Matcha
|-supereffective|p2a: Green Matcha
|-damage|p2a: Green Matcha|5/100
|-damage|p1b: Incineroar|41/100|[from] item: Rocky Helmet|[of] p2a: Green Matcha
|-damage|p1b: Incineroar|16/100|[from] Recoil
|move|p2b: Il Campione|U-turn|p1b: Incineroar
|-damage|p1b: Incineroar|0 fnt
|faint|p1b: Incineroar
|
|t:|1756345953
|switch|p2b: Top Gun|Talonflame, L50, F|17/100|[from] U-turn
|
|upkeep
|
|t:|1756345957
|switch|p1b: Sneasler|Sneasler, L50, F|34/100
|turn|6
|inactive|ExessVGC has 30 seconds left.
|
|t:|1756345990
|move|p2b: Top Gun|Tailwind|p2b: Top Gun
|-sidestart|p2: ExessVGC|move: Tailwind
|move|p1b: Sneasler|Dire Claw|p2b: Top Gun
|-damage|p2b: Top Gun|0 fnt
|faint|p2b: Top Gun
|move|p2a: Green Matcha|Strength Sap|p1a: Dragonite
|-unboost|p1a: Dragonite|atk|1
|-heal|p2a: Green Matcha|100/100
|move|p1a: Dragonite|Scale Shot|p2a: Green Matcha
|-damage|p2a: Green Matcha|90/100
|-damage|p2a: Green Matcha|80/100
|-damage|p2a: Green Matcha|71/100
|-damage|p2a: Green Matcha|61/100
|-damage|p2a: Green Matcha|52/100
|-hitcount|p2a: Green Matcha|5
|-unboost|p1a: Dragonite|def|1
|-boost|p1a: Dragonite|spe|1
|
|upkeep
|
|t:|1756346008
|switch|p2b: Il Campione|Incineroar, L50, M|16/100
|-ability|p2b: Il Campione|Intimidate|boost
|-unboost|p1a: Dragonite|atk|1
|-unboost|p1b: Sneasler|atk|1
|turn|7
|inactive|ExessVGC has 30 seconds left.
|inactive|ExessVGC has 20 seconds left.
|inactive|ExessVGC has 15 seconds left.
|inactive|ExessVGC has 10 seconds left.
|
|t:|1756346055
|switch|p2b: LA CATAPULTA|Dragapult, L50, F|100/100
|move|p1b: Sneasler|Protect|p1b: Sneasler
|-singleturn|p1b: Sneasler|Protect
|move|p1a: Dragonite|Haze|p1a: Dragonite
|-clearallboost
|move|p2a: Green Matcha|Strength Sap|p1b: Sneasler
|-activate|p1b: Sneasler|move: Protect
|
|upkeep
|turn|8
|inactive|JqckZzz has 30 seconds left.
|inactive|ExessVGC has 30 seconds left.
|
|t:|1756346090
|move|p2b: LA CATAPULTA|Phantom Force||[still]
|-prepare|p2b: LA CATAPULTA|Phantom Force
|move|p1b: Sneasler|Dire Claw|p2a: Green Matcha
|-damage|p2a: Green Matcha|14/100
|-status|p2a: Green Matcha|par
|-damage|p1b: Sneasler|17/100|[from] item: Rocky Helmet|[of] p2a: Green Matcha
|move|p1a: Dragonite|Scale Shot|p2b: LA CATAPULTA|[miss]
|-miss|p1a: Dragonite|p2b: LA CATAPULTA
|cant|p2a: Green Matcha|par
|
|upkeep
|turn|9
|inactive|ExessVGC has 30 seconds left.
|
|t:|1756346116
|switch|p2a: Il Campione|Incineroar, L50, M|16/100
|-ability|p2a: Il Campione|Intimidate|boost
|-unboost|p1a: Dragonite|atk|1
|-unboost|p1b: Sneasler|atk|1
|move|p1b: Sneasler|Protect|p1b: Sneasler
|-singleturn|p1b: Sneasler|Protect
|move|p1a: Dragonite|Protect|p1a: Dragonite
|-singleturn|p1a: Dragonite|Protect
|move|p2b: LA CATAPULTA|Phantom Force|p1a: Dragonite|[from] lockedmove
|-activate|p1a: Dragonite|move: Phantom Force|[broken]
|-damage|p1a: Dragonite|0 fnt
|faint|p1a: Dragonite
|
|-sideend|p2: ExessVGC|move: Tailwind
|upkeep
|turn|10
|-message|JqckZzz forfeited.
|raw|JqckZzz's rating: 1102 → 1077(-25 for losing)
|raw|ExessVGC's rating: 1108 → 1133(+25 for winning)
|
|win|ExessVGC
|l|☆ExessVGC
|player|p2|
|l|☆JqckZzz
|player|p1|
|j|☆ExessVGC
|player|p2|ExessVGC|1|
