|j|☆elytsujuw
|j|☆Yato1226
|html|elytsujuwYato1226    
|uhtml|bestof|Game 2 of a best-of-3
|t:|1757860342
|gametype|doubles
|player|p1|elytsujuw|volo|1144
|player|p2|Yato1226|dragontamer|1300
|gen|9
|tier|[Gen 9] VGC 2025 Reg H (Bo3)
|rated|
|rule|Species Clause: Limit one of each Pokémon
|rule|Item Clause: Limit 1 of each item
|clearpoke
|poke|p1|Comfey, L50, M|
|poke|p1|Rillaboom, L50, M|
|poke|p1|Incineroar, L50, F|
|poke|p1|Politoed, L50, F|
|poke|p1|Archaludon, L50, F|
|poke|p1|Grimmsnarl, L50, M|
|poke|p2|Ninetales-Alola, L50, F|
|poke|p2|Glaceon, L50, F|
|poke|p2|Incineroar, L50, M|
|poke|p2|Rillaboom, L50, M|
|poke|p2|Annihilape, L50, F|
|poke|p2|Dragonite, L50, M|
|teampreview|4
|showteam|p1|Comfey||SitrusBerry|Triage|FloralHealing,DrainingKiss,GigaDrain,Protect|||M|||50|,,,,,Ghost]Rillaboom||LifeOrb|GrassySurge|FakeOut,WoodHammer,GrassyGlide,HighHorsepower|||M|||50|,,,,,Fire]Incineroar||AssaultVest|Intimidate|FlareBlitz,KnockOff,FakeOut,Uturn|||F|||50|,,,,,Ghost]Politoed||SafetyGoggles|Drizzle|WeatherBall,MuddyWater,Haze,Protect|||F|||50|,,,,,Grass]Archaludon||Leftovers|Stamina|ElectroShot,FlashCannon,BodyPress,Protect|||F|||50|,,,,,Electric]Grimmsnarl||LightClay|Prankster|SpiritBreak,LightScreen,Reflect,ThunderWave|||M|||50|,,,,,Steel
|showteam|p2|Ninetales-Alola||IcyRock|SnowWarning|IcicleSpear,Blizzard,AuroraVeil,Protect|||F|||50|,,,,,Ghost]Glaceon||Leftovers|IceBody|Blizzard,FreezeDry,CalmMind,Protect|||F|||50|,,,,,Ice]Incineroar||SafetyGoggles|Intimidate|KnockOff,FlareBlitz,PartingShot,FakeOut|||M|||50|,,,,,Ghost]Rillaboom||AssaultVest|GrassySurge|DrumBeating,GrassyGlide,Uturn,FakeOut|||M|||50|,,,,,Fire]Annihilape||SitrusBerry|Defiant|RageFist,DrainPunch,BulkUp,Protect|||F|||50|,,,,,Water]Dragonite||LoadedDice|Multiscale|ScaleShot,ExtremeSpeed,Haze,Protect|||M|||50|,,,,,Fairy
|inactive|Battle timer is ON: inactive players will automatically lose when time's up. (requested by elytsujuw)
|inactive|elytsujuw has 60 seconds left.
|
|t:|1757860385
|teamsize|p1|4
|teamsize|p2|4
|start
|switch|p1a: Archaludon|Archaludon, L50, F|100/100
|switch|p1b: Incineroar|Incineroar, L50, F|100/100
|switch|p2a: Ninetales|Ninetales-Alola, L50, F|100/100
|switch|p2b: Annihilape|Annihilape, L50, F|100/100
|-weather|Snowscape|[from] ability: Snow Warning|[of] p2a: Ninetales
|-ability|p1b: Incineroar|Intimidate|boost
|-unboost|p2a: Ninetales|atk|1
|-unboost|p2b: Annihilape|atk|1
|-ability|p2b: Annihilape|Defiant|boost
|-boost|p2b: Annihilape|atk|2
|turn|1
|inactive|Yato1226 has 30 seconds left.
|
|t:|1757860413
|switch|p1b: Politoed|Politoed, L50, F|100/100
|-weather|RainDance|[from] ability: Drizzle|[of] p1b: Politoed
|-terastallize|p1a: Archaludon|Electric
|move|p2a: Ninetales|Aurora Veil||[still]
|-fail|p2a: Ninetales
|move|p2b: Annihilape|Drain Punch|p1b: Politoed
|-damage|p1b: Politoed|56/100
|move|p1a: Archaludon|Electro Shot||[still]
|-prepare|p1a: Archaludon|Electro Shot
|-boost|p1a: Archaludon|spa|1
|-anim|p1a: Archaludon|Electro Shot|p2a: Ninetales
|-damage|p2a: Ninetales|2/100
|
|-weather|RainDance|[upkeep]
|upkeep
|turn|2
|
|t:|1757860434
|move|p1b: Politoed|Protect|p1b: Politoed
|-singleturn|p1b: Politoed|Protect
|move|p2a: Ninetales|Icicle Spear|p2b: Annihilape
|-damage|p2b: Annihilape|96/100
|-damage|p2b: Annihilape|92/100
|-hitcount|p2b: Annihilape|2
|move|p2b: Annihilape|Rage Fist|p1a: Archaludon
|-damage|p1a: Archaludon|27/100
|-ability|p1a: Archaludon|Stamina|boost
|-boost|p1a: Archaludon|def|1
|move|p1a: Archaludon|Electro Shot||[still]
|-prepare|p1a: Archaludon|Electro Shot
|-boost|p1a: Archaludon|spa|1
|-anim|p1a: Archaludon|Electro Shot|p2b: Annihilape
|-damage|p2b: Annihilape|0 fnt
|faint|p2b: Annihilape
|
|-weather|RainDance|[upkeep]
|-heal|p1a: Archaludon|33/100|[from] item: Leftovers
|upkeep
|
|t:|1757860445
|switch|p2b: Rillaboom|Rillaboom, L50, M|100/100
|-fieldstart|move: Grassy Terrain|[from] ability: Grassy Surge|[of] p2b: Rillaboom
|turn|3
|
|t:|1757860465
|switch|p1b: Comfey|Comfey, L50, M|100/100
|move|p1a: Archaludon|Protect|p1a: Archaludon
|-singleturn|p1a: Archaludon|Protect
|move|p2b: Rillaboom|Grassy Glide|p1a: Archaludon
|-activate|p1a: Archaludon|move: Protect
|move|p2a: Ninetales|Blizzard|p1a: Archaludon|[spread] p1b
|-activate|p1a: Archaludon|move: Protect
|-damage|p1b: Comfey|78/100
|
|-weather|RainDance|[upkeep]
|-heal|p2a: Ninetales|8/100|[from] Grassy Terrain
|-heal|p1b: Comfey|83/100|[from] Grassy Terrain
|-heal|p1a: Archaludon|39/100|[from] Grassy Terrain
|-heal|p1a: Archaludon|45/100|[from] item: Leftovers
|upkeep
|turn|4
|inactive|Yato1226 has 30 seconds left.
|
|t:|1757860493
|move|p1b: Comfey|Floral Healing|p1a: Archaludon
|-heal|p1a: Archaludon|100/100
|move|p2a: Ninetales|Blizzard|p1b: Comfey|[spread] p1a,p1b
|-damage|p1a: Archaludon|71/100
|-damage|p1b: Comfey|56/100
|-status|p1b: Comfey|frz
|-ability|p1a: Archaludon|Stamina|boost
|-boost|p1a: Archaludon|def|1
|move|p1a: Archaludon|Electro Shot||[still]
|-prepare|p1a: Archaludon|Electro Shot
|-boost|p1a: Archaludon|spa|1
|-anim|p1a: Archaludon|Electro Shot|p2b: Rillaboom
|-resisted|p2b: Rillaboom
|-damage|p2b: Rillaboom|35/100
|move|p2b: Rillaboom|Drum Beating|p1a: Archaludon
|-crit|p1a: Archaludon
|-damage|p1a: Archaludon|13/100
|-unboost|p1a: Archaludon|spe|1
|-ability|p1a: Archaludon|Stamina|boost
|-boost|p1a: Archaludon|def|1
|
|-weather|RainDance|[upkeep]
|-heal|p2a: Ninetales|14/100|[from] Grassy Terrain
|-heal|p1b: Comfey|62/100 frz|[from] Grassy Terrain
|-heal|p2b: Rillaboom|41/100|[from] Grassy Terrain
|-heal|p1a: Archaludon|19/100|[from] Grassy Terrain
|-heal|p1a: Archaludon|25/100|[from] item: Leftovers
|upkeep
|turn|5
|inactive|Yato1226 has 30 seconds left.
|
|t:|1757860523
|switch|p1b: Incineroar|Incineroar, L50, F|100/100
|-ability|p1b: Incineroar|Intimidate|boost
|-unboost|p2a: Ninetales|atk|1
|-unboost|p2b: Rillaboom|atk|1
|move|p1a: Archaludon|Protect|p1a: Archaludon
|-singleturn|p1a: Archaludon|Protect
|move|p2a: Ninetales|Blizzard|p1b: Incineroar|[spread] p1b
|-activate|p1a: Archaludon|move: Protect
|-resisted|p1b: Incineroar
|-damage|p1b: Incineroar|93/100
|move|p2b: Rillaboom|U-turn|p1b: Incineroar
|-damage|p1b: Incineroar|78/100
|
|t:|1757860530
|switch|p2b: Glaceon|Glaceon, L50, F|100/100|[from] U-turn
|
|-weather|none
|-heal|p2a: Ninetales|20/100|[from] Grassy Terrain
|-heal|p1b: Incineroar|84/100|[from] Grassy Terrain
|-heal|p1a: Archaludon|31/100|[from] Grassy Terrain
|-heal|p1a: Archaludon|37/100|[from] item: Leftovers
|upkeep
|turn|6
|
|t:|1757860552
|-terastallize|p2a: Ninetales|Ghost
|move|p1b: Incineroar|Fake Out|p2b: Glaceon
|-damage|p2b: Glaceon|87/100
|move|p2a: Ninetales|Blizzard|p1b: Incineroar|[spread] p1a,p1b
|-resisted|p1b: Incineroar
|-damage|p1a: Archaludon|7/100
|-damage|p1b: Incineroar|77/100
|-status|p1a: Archaludon|frz
|-ability|p1a: Archaludon|Stamina|boost
|-boost|p1a: Archaludon|def|1
|cant|p2b: Glaceon|flinch
|cant|p1a: Archaludon|frz
|
|-heal|p2a: Ninetales|27/100|[from] Grassy Terrain
|-heal|p2b: Glaceon|93/100|[from] Grassy Terrain
|-heal|p2b: Glaceon|99/100|[from] item: Leftovers
|-heal|p1b: Incineroar|83/100|[from] Grassy Terrain
|-heal|p1a: Archaludon|13/100 frz|[from] Grassy Terrain
|-heal|p1a: Archaludon|19/100 frz|[from] item: Leftovers
|upkeep
|turn|7
|inactive|elytsujuw has 30 seconds left.
|inactive|Yato1226 has 30 seconds left.
|inactive|Yato1226 has 20 seconds left.
|inactive|Yato1226 has 15 seconds left.
|
|t:|1757860594
|switch|p2b: Rillaboom|Rillaboom, L50, M|41/100
|move|p2a: Ninetales|Blizzard|p1b: Incineroar|[spread] p1a,p1b
|-resisted|p1b: Incineroar
|-damage|p1a: Archaludon|0 fnt
|-damage|p1b: Incineroar|75/100
|faint|p1a: Archaludon
|move|p1b: Incineroar|Knock Off|p2a: Ninetales
|-supereffective|p2a: Ninetales
|-damage|p2a: Ninetales|0 fnt
|-enditem|p2a: Ninetales|Icy Rock|[from] move: Knock Off|[of] p1b: Incineroar
|faint|p2a: Ninetales
|
|-heal|p2b: Rillaboom|47/100|[from] Grassy Terrain
|-heal|p1b: Incineroar|81/100|[from] Grassy Terrain
|-fieldend|move: Grassy Terrain
|upkeep
|
|t:|1757860606
|switch|p2a: Glaceon|Glaceon, L50, F|99/100
|switch|p1a: Comfey|Comfey, L50, M|62/100 frz
|turn|8
|inactive|Yato1226 has 30 seconds left.
|
|t:|1757860632
|cant|p1a: Comfey|frz
|move|p2a: Glaceon|Freeze-Dry|p1a: Comfey
|-damage|p1a: Comfey|27/100 frz
|-enditem|p1a: Comfey|Sitrus Berry|[eat]
|-heal|p1a: Comfey|52/100 frz|[from] item: Sitrus Berry
|move|p2b: Rillaboom|Drum Beating|p1a: Comfey
|-damage|p1a: Comfey|10/100 frz
|-unboost|p1a: Comfey|spe|1
|move|p1b: Incineroar|Flare Blitz|p2b: Rillaboom
|-supereffective|p2b: Rillaboom
|-damage|p2b: Rillaboom|0 fnt
|faint|p2b: Rillaboom
|-damage|p1b: Incineroar|65/100|[from] Recoil
|
|-heal|p2a: Glaceon|100/100|[from] item: Leftovers
|upkeep
|turn|9
|
|t:|1757860655
|cant|p1a: Comfey|frz
|move|p2a: Glaceon|Blizzard|p1a: Comfey|[spread] p1a,p1b
|-resisted|p1b: Incineroar
|-damage|p1a: Comfey|0 fnt
|-damage|p1b: Incineroar|53/100
|faint|p1a: Comfey
|move|p1b: Incineroar|Flare Blitz|p2a: Glaceon
|-supereffective|p2a: Glaceon
|-damage|p2a: Glaceon|0 fnt
|faint|p2a: Glaceon
|-damage|p1b: Incineroar|25/100|[from] Recoil
|
|win|elytsujuw
|raw|elytsujuw's rating: 1144 → 1180(+36 for winning)
|raw|Yato1226's rating: 1300 → 1264(-36 for losing)
|l|☆Yato1226
|player|p2|
