|j|☆MrTedno
|j|‽reginaldgtest
|html|MrTednoreginaldgtest    
|uhtml|bestof|Game 1 of a best-of-3
|t:|1756332607
|gametype|doubles
|player|p1|MrTedno|barry|1190
|player|p2|reginaldgtest|265|1136
|gen|9
|tier|[Gen 9] VGC 2025 Reg H (Bo3)
|rated|
|rule|Species Clause: Limit one of each Pokémon
|rule|Item Clause: Limit 1 of each item
|clearpoke
|poke|p1|Dondozo, L50, M|
|poke|p1|Tatsugiri, L50, M|
|poke|p1|Politoed, L50, F|
|poke|p1|Archaludon, L50, M|
|poke|p1|Amoonguss, L50, F|
|poke|p1|Overqwil, L50, F|
|poke|p2|Annihilape, L50, M|
|poke|p2|Ursaluna-Bloodmoon, L50, M|
|poke|p2|Tyranitar, L50, M|
|poke|p2|Sneasler, L50, M|
|poke|p2|Volcarona, L50, F|
|poke|p2|Indeedee, L50, M|
|teampreview|4
|showteam|p1|Dondozo||LifeOrb|Unaware|Surf,Protect,SleepTalk|||M|||50|,,,,,Water]Tatsugiri||FocusSash|Commander|DracoMeteor,Protect,MuddyWater,Taunt|||M|||50|,,,,,Stellar]Politoed||SitrusBerry|Drizzle|WeatherBall,IceBeam,Haze,Protect|||F|||50|,,,,,Steel]Archaludon||AssaultVest|Stamina|BodyPress,ElectroShot,DragonPulse,FlashCannon|||M|||50|,,,,,Grass]Amoonguss||RockyHelmet|Regenerator|Spore,RagePowder,PollenPuff,Protect|||F|||50|,,,,,Fairy]Overqwil||ChoiceBand|SwiftSwim|PoisonJab,ThroatChop,Liquidation,PinMissile|||F|||50|,,,,,Ghost
|showteam|p2|Annihilape||SafetyGoggles|Defiant|CloseCombat,RageFist,Taunt,FinalGambit|||M|||50|,,,,,Fairy]Ursaluna-Bloodmoon||LifeOrb|MindsEye|BloodMoon,HyperVoice,EarthPower,Protect|||M|||50|,,,,,Normal]Tyranitar||AssaultVest|SandStream|RockSlide,KnockOff,LowKick,TeraBlast|||M|||50|,,,,,Flying]Sneasler||PsychicSeed|Unburden|CloseCombat,DireClaw,ThroatChop,Protect|||M|||50|,,,,,Dark]Volcarona||SitrusBerry|FlameBody|Overheat,StruggleBug,RagePowder,Tailwind|||F|||50|,,,,,Grass]Indeedee||ChoiceScarf|PsychicSurge|ExpandingForce,TeraBlast,Trick,Protect|||M|||50|,,,,,Psychic
|inactive|Battle timer is ON: inactive players will automatically lose when time's up. (requested by reginaldgtest)
|c|☆MrTedno|glhf
|inactive|MrTedno has 60 seconds left.
|inactive|MrTedno has 30 seconds left.
|inactive|MrTedno has 20 seconds left.
|inactive|MrTedno has 15 seconds left.
|inactive|MrTedno has 10 seconds left.
|
|t:|1756332691
|teamsize|p1|4
|teamsize|p2|4
|start
|switch|p1a: Kwazii|Dondozo, L50, M|100/100
|switch|p1b: Shellington|Overqwil, L50, F|100/100
|switch|p2a: Annihilape|Annihilape, L50, M|100/100
|switch|p2b: Sneasler|Sneasler, L50, M|100/100
|turn|1
|
|t:|1756332714
|switch|p1b: Tweak|Politoed, L50, F|100/100
|-weather|RainDance|[from] ability: Drizzle|[of] p1b: Tweak
|move|p2b: Sneasler|Protect|p2b: Sneasler
|-singleturn|p2b: Sneasler|Protect
|move|p1a: Kwazii|Protect|p1a: Kwazii
|-singleturn|p1a: Kwazii|Protect
|move|p2a: Annihilape|Final Gambit|p1a: Kwazii
|-activate|p1a: Kwazii|move: Protect
|
|-weather|RainDance|[upkeep]
|upkeep
|turn|2
|
|t:|1756332727
|switch|p2b: Tyranitar|Tyranitar, L50, M|100/100
|-weather|Sandstorm|[from] ability: Sand Stream|[of] p2b: Tyranitar
|switch|p1b: Peso|Tatsugiri, L50, M|100/100
|-activate|p1b: Peso|ability: Commander|[of] p1a: Kwazii
|-boost|p1a: Kwazii|atk|2
|-boost|p1a: Kwazii|spa|2
|-boost|p1a: Kwazii|spe|2
|-boost|p1a: Kwazii|def|2
|-boost|p1a: Kwazii|spd|2
|-terastallize|p1a: Kwazii|Water
|move|p1a: Kwazii|Surf|p2a: Annihilape|[spread] p2a,p2b
|-miss|p1a: Kwazii|p1b: Peso
|-supereffective|p2b: Tyranitar
|-damage|p2a: Annihilape|36/100
|-damage|p2b: Tyranitar|45/100
|-damage|p1a: Kwazii|91/100|[from] item: Life Orb
|move|p2a: Annihilape|Final Gambit|p1a: Kwazii
|-damage|p1a: Kwazii|57/100
|faint|p2a: Annihilape
|
|-weather|Sandstorm|[upkeep]
|-damage|p1a: Kwazii|50/100|[from] Sandstorm
|-damage|p1b: Peso|94/100|[from] Sandstorm
|upkeep
|
|t:|1756332731
|switch|p2a: Sneasler|Sneasler, L50, M|100/100
|turn|3
|
|t:|1756332750
|switch|p2b: Indeedee|Indeedee, L50, M|100/100
|-fieldstart|move: Psychic Terrain|[from] ability: Psychic Surge|[of] p2b: Indeedee
|-enditem|p2a: Sneasler|Psychic Seed
|-boost|p2a: Sneasler|spd|1|[from] item: Psychic Seed
|move|p2a: Sneasler|Dire Claw|p1a: Kwazii
|-damage|p1a: Kwazii|35/100
|-status|p1a: Kwazii|slp
|cant|p1a: Kwazii|slp
|
|-weather|Sandstorm|[upkeep]
|-damage|p2a: Sneasler|95/100|[from] Sandstorm
|-damage|p2b: Indeedee|95/100|[from] Sandstorm
|-damage|p1a: Kwazii|28/100 slp|[from] Sandstorm
|-damage|p1b: Peso|88/100|[from] Sandstorm
|upkeep
|turn|4
|
|t:|1756332761
|-terastallize|p2b: Indeedee|Psychic
|move|p2a: Sneasler|Dire Claw|p1a: Kwazii
|-damage|p1a: Kwazii|14/100 slp
|move|p2b: Indeedee|Expanding Force|p1b: Peso|[spread] p1a
|-miss|p2b: Indeedee|p1b: Peso
|-damage|p1a: Kwazii|0 fnt
|faint|p1a: Kwazii
|
|-weather|Sandstorm|[upkeep]
|-damage|p2a: Sneasler|89/100|[from] Sandstorm
|-damage|p2b: Indeedee|89/100|[from] Sandstorm
|-damage|p1b: Peso|82/100|[from] Sandstorm
|upkeep
|
|t:|1756332770
|switch|p1a: Shellington|Overqwil, L50, F|100/100
|turn|5
|inactive|MrTedno has 30 seconds left.
|inactive|reginaldgtest has 30 seconds left.
|
|t:|1756332803
|switch|p1b: Tweak|Politoed, L50, F|100/100
|-weather|RainDance|[from] ability: Drizzle|[of] p1b: Tweak
|move|p2a: Sneasler|Close Combat|p1a: Shellington
|-damage|p1a: Shellington|33/100
|-unboost|p2a: Sneasler|def|1
|-unboost|p2a: Sneasler|spd|1
|move|p1a: Shellington|Liquidation|p2a: Sneasler
|-damage|p2a: Sneasler|0 fnt
|faint|p2a: Sneasler
|move|p2b: Indeedee|Expanding Force|p1b: Tweak|[spread] p1b
|-immune|p1a: Shellington
|-damage|p1b: Tweak|47/100
|-enditem|p1b: Tweak|Sitrus Berry|[eat]
|-heal|p1b: Tweak|72/100|[from] item: Sitrus Berry
|
|-weather|RainDance|[upkeep]
|upkeep
|
|t:|1756332812
|switch|p2a: Tyranitar|Tyranitar, L50, M|45/100
|-weather|Sandstorm|[from] ability: Sand Stream|[of] p2a: Tyranitar
|turn|6
|inactive|MrTedno has 30 seconds left.
|
|t:|1756332845
|move|p2b: Indeedee|Expanding Force|p1b: Tweak|[spread] p1b
|-immune|p1a: Shellington
|-damage|p1b: Tweak|21/100
|move|p1a: Shellington|Liquidation|p2a: Tyranitar
|-supereffective|p2a: Tyranitar
|-crit|p2a: Tyranitar
|-damage|p2a: Tyranitar|0 fnt
|faint|p2a: Tyranitar
|move|p1b: Tweak|Weather Ball|p2b: Indeedee
|-damage|p2b: Indeedee|59/100
|
|-weather|Sandstorm|[upkeep]
|-damage|p2b: Indeedee|53/100|[from] Sandstorm
|-damage|p1a: Shellington|27/100|[from] Sandstorm
|-damage|p1b: Tweak|15/100|[from] Sandstorm
|upkeep
|turn|7
|-message|reginaldgtest forfeited.
|
|win|MrTedno
||reginaldgtest is ready for game 2.
||MrTedno is ready for game 2.
|uhtml|next|Next: Game 2 of 3
|l|‽reginaldgtest
|player|p2|
