|j|☆divra7
|j|☆Iceman5687
|html|divra7Iceman5687    
|uhtml|bestof|Game 2 of a best-of-3
|t:|1782217736
|gametype|doubles
|player|p1|divra7|170|1211
|player|p2|Iceman5687|169|1222
|gen|9
|tier|[Gen 9 Champions] VGC 2026 Reg M-B (Bo3)
|rated|
|rule|Species Clause: Limit one of each Pokémon
|rule|Item Clause: Limit 1 of each item
|clearpoke
|poke|p1|Delphox, L50, M|
|poke|p1|Sneasler, L50, F|
|poke|p1|Sinistcha, L50|
|poke|p1|Basculegion, L50, M|
|poke|p1|Incineroar, L50, M|
|poke|p1|Floette-Eternal, L50, F|
|poke|p2|Floette-Eternal, L50, F|
|poke|p2|Charizard, L50, F|
|poke|p2|Kingambit, L50, M|
|poke|p2|Whimsicott, L50, F|
|poke|p2|Basculegion, L50, M|
|poke|p2|Garchomp, L50, M|
|teampreview|4
|showteam|p1|Delphox||Delphoxite|Blaze|HeatWave,Psyshock,NastyPlot,Protect|Timid||M|||50|]Sneasler||WhiteHerb|Unburden|CloseCombat,DireClaw,FakeOut,Protect|Adamant||F|||50|]Sinistcha||KasibBerry|Hospitality|MatchaGotcha,RagePowder,TrickRoom,LifeDew|Bold|||||50|]Basculegion||LifeOrb|Adaptability|WaveCrash,LastRespects,AquaJet,Protect|Adamant||M|||50|]Incineroar||SitrusBerry|Intimidate|FlareBlitz,ThroatChop,FakeOut,PartingShot|Careful||M|||50|]Floette-Eternal||Floettite|FlowerVeil|DazzlingGleam,DrainingKiss,CalmMind,Protect|Timid||F|||50|
|showteam|p2|Floette-Eternal||Floettite|FlowerVeil|LightofRuin,Moonblast,DazzlingGleam,Protect|Modest||F|||50|]Charizard||CharizarditeY|Blaze|SolarBeam,HeatWave,WeatherBall,Protect|Modest||F|||50|]Kingambit||ChopleBerry|Defiant|IronHead,LowKick,KowtowCleave,SuckerPunch|Adamant||M|||50|]Whimsicott||FocusSash|Prankster|Moonblast,Tailwind,Encore,Protect|Timid||F|||50|]Basculegion||LifeOrb|Adaptability|WaveCrash,Protect,LastRespects,AquaJet|Adamant||M|||50|]Garchomp||RoseliBerry|RoughSkin|Earthquake,RockSlide,PoisonJab,DragonClaw|Adamant||M|||50|
|inactive|Battle timer is ON: inactive players will automatically lose when time's up. (requested by divra7)
|
|t:|1782217760
|teamsize|p1|4
|teamsize|p2|4
|start
|switch|p1a: Delphox|Delphox, L50, M|100/100
|switch|p1b: Sinistcha|Sinistcha, L50|100/100
|switch|p2a: Whimsicott|Whimsicott, L50, F|100/100
|switch|p2b: Garchomp|Garchomp, L50, M|100/100
|turn|1
|
|t:|1782217775
|detailschange|p1a: Delphox|Delphox-Mega, L50, M
|-mega|p1a: Delphox|Delphox|Delphoxite
|move|p2a: Whimsicott|Protect|p2a: Whimsicott
|-singleturn|p2a: Whimsicott|Protect
|move|p1b: Sinistcha|Rage Powder|p1b: Sinistcha
|-singleturn|p1b: Sinistcha|move: Rage Powder
|move|p1a: Delphox|Nasty Plot|p1a: Delphox
|-boost|p1a: Delphox|spa|2
|move|p2b: Garchomp|Rock Slide|p1a: Delphox|[spread] p1a
|-miss|p2b: Garchomp|p1b: Sinistcha
|-supereffective|p1a: Delphox|1
|-damage|p1a: Delphox|47/100
|
|upkeep
|turn|2
|
|t:|1782217798
|switch|p1b: Sneasler|Sneasler, L50, F|100/100
|move|p1a: Delphox|Protect|p1a: Delphox
|-singleturn|p1a: Delphox|Protect
|move|p2a: Whimsicott|Encore|p1a: Delphox
|-activate|p1a: Delphox|move: Protect
|move|p2b: Garchomp|Earthquake|p1a: Delphox|[spread] p2a,p1b
|-activate|p1a: Delphox|move: Protect
|-resisted|p2a: Whimsicott|1
|-supereffective|p1b: Sneasler|1
|-damage|p2a: Whimsicott|78/100
|-damage|p1b: Sneasler|0 fnt
|faint|p1b: Sneasler
|
|upkeep
|c|☆divra7|ye smart
|
|t:|1782217811
|switch|p1b: Sinistcha|Sinistcha, L50|100/100
|-heal|p1a: Delphox|71/100|[from] ability: Hospitality|[of] p1b: Sinistcha
|turn|3
|c|☆Iceman5687|ty :D
|
|t:|1782217835
|move|p2a: Whimsicott|Encore|p1a: Delphox
|-start|p1a: Delphox|Encore
|move|p1a: Delphox|Protect||[still]
|-fail|p1a: Delphox
|move|p2b: Garchomp|Rock Slide|p1a: Delphox|[spread] p1a,p1b
|-supereffective|p1a: Delphox|1
|-damage|p1a: Delphox|21/100
|-damage|p1b: Sinistcha|84/100
|move|p1b: Sinistcha|Matcha Gotcha|p2a: Whimsicott|[spread] p2a,p2b
|-resisted|p2a: Whimsicott|1
|-damage|p2a: Whimsicott|56/100
|-heal|p1b: Sinistcha|92/100|[from] drain|[of] p2a: Whimsicott
|-damage|p2b: Garchomp|76/100
|-heal|p1b: Sinistcha|100/100|[from] drain|[of] p2b: Garchomp
|-status|p2a: Whimsicott|brn
|
|-damage|p2a: Whimsicott|50/100g brn|[from] brn
|upkeep
|turn|4
|inactive|Iceman5687 has 30 seconds left.
|
|t:|1782217865
|switch|p1b: Floette|Floette-Eternal, L50, F|100/100
|move|p1a: Delphox|Protect|p1a: Delphox
|-singleturn|p1a: Delphox|Protect
|move|p2a: Whimsicott|Moonblast|p1b: Floette
|-damage|p1b: Floette|75/100
|move|p2b: Garchomp|Dragon Claw|p1b: Floette
|-immune|p1b: Floette
|
|-damage|p2a: Whimsicott|44/100 brn|[from] brn
|upkeep
|turn|5
|
|t:|1782217882
|move|p1a: Delphox|Protect||[still]
|-fail|p1a: Delphox
|move|p2a: Whimsicott|Tailwind|p2a: Whimsicott
|-sidestart|p2: Iceman5687|move: Tailwind
|move|p2b: Garchomp|Rock Slide|p1b: Floette|[spread] p1a,p1b
|-supereffective|p1a: Delphox|1
|-damage|p1a: Delphox|0 fnt
|-damage|p1b: Floette|47/100
|faint|p1a: Delphox
|cant|p1b: Floette|flinch
|
|-damage|p2a: Whimsicott|38/100 brn|[from] brn
|upkeep
|
|t:|1782217890
|switch|p1a: Sinistcha|Sinistcha, L50|100/100
|-heal|p1b: Floette|72/100|[from] ability: Hospitality|[of] p1a: Sinistcha
|turn|6
|
|t:|1782217906
|move|p2a: Whimsicott|Protect|p2a: Whimsicott
|-singleturn|p2a: Whimsicott|Protect
|move|p1a: Sinistcha|Rage Powder|p1a: Sinistcha
|-singleturn|p1a: Sinistcha|move: Rage Powder
|move|p2b: Garchomp|Poison Jab|p1a: Sinistcha
|-damage|p1a: Sinistcha|78/100
|move|p1b: Floette|Dazzling Gleam|p2a: Whimsicott|[spread] p2b
|-activate|p2a: Whimsicott|move: Protect
|-supereffective|p2b: Garchomp|1
|-enditem|p2b: Garchomp|Roseli Berry|[eat]
|-enditem|p2b: Garchomp|Roseli Berry|[weaken]
|-damage|p2b: Garchomp|47/100
|
|-damage|p2a: Whimsicott|32/100 brn|[from] brn
|upkeep
|turn|7
|inactive|Iceman5687 has 30 seconds left.
|
|t:|1782217932
|move|p1a: Sinistcha|Rage Powder|p1a: Sinistcha
|-singleturn|p1a: Sinistcha|move: Rage Powder
|move|p2a: Whimsicott|Encore|p1b: Floette
|-start|p1b: Floette|Encore
|move|p2b: Garchomp|Dragon Claw|p1a: Sinistcha
|-damage|p1a: Sinistcha|44/100
|move|p1b: Floette|Dazzling Gleam|p2a: Whimsicott|[spread] p2a,p2b
|-supereffective|p2b: Garchomp|1
|-damage|p2a: Whimsicott|0 fnt
|-damage|p2b: Garchomp|0 fnt
|faint|p2a: Whimsicott
|faint|p2b: Garchomp
|
|upkeep
|
|t:|1782217939
|switch|p2a: Charizard|Charizard, L50, F|100/100
|switch|p2b: Basculegion|Basculegion, L50, M|100/100
|turn|8
|
|t:|1782217960
|detailschange|p2a: Charizard|Charizard-Mega-Y, L50, F
|-mega|p2a: Charizard|Charizard|Charizardite Y
|-weather|SunnyDay|[from] ability: Drought|[of] p2a: Charizard
|move|p2a: Charizard|Weather Ball|p1a: Sinistcha
|-supereffective|p1a: Sinistcha|1
|-damage|p1a: Sinistcha|0 fnt
|faint|p1a: Sinistcha
|move|p2b: Basculegion|Last Respects|p1b: Floette
|-crit|p1b: Floette
|-damage|p1b: Floette|0 fnt
|faint|p1b: Floette
|-damage|p2b: Basculegion|90/100|[from] item: Life Orb
|
|win|Iceman5687
|raw|divra7's rating: 1211 → 1187(-24 for losing)
|raw|Iceman5687's rating: 1222 → 1246(+24 for winning)
