|j|☆UncAshty
|j|☆lootlock
|html|UncAshtylootlock    
|uhtml|bestof|Game 2 of a best-of-3
|t:|1783266339
|gametype|doubles
|player|p1|UncAshty|swimmer|
|player|p2|lootlock|ghetsis|
|gen|9
|tier|[Gen 9 Champions] VGC 2026 Reg M-B (Bo3)
|rule|Species Clause: Limit one of each Pokémon
|rule|Item Clause: Limit 1 of each item
|clearpoke
|poke|p1|Pelipper, L50, M|
|poke|p1|Palafin, L50, F|
|poke|p1|Raichu, L50, F, shiny|
|poke|p1|Swampert, L50, F|
|poke|p1|Toxicroak, L50, M, shiny|
|poke|p1|Meganium, L50, F, shiny|
|poke|p2|Annihilape, L50, M, shiny|
|poke|p2|Maushold, L50, shiny|
|poke|p2|Farigiraf, L50, F, shiny|
|poke|p2|Zoroark-Hisui, L50, M, shiny|
|poke|p2|Dragonite, L50, M, shiny|
|poke|p2|Alakazam, L50, M, shiny|
|teampreview|4
|showteam|p1|Pelipper||DampRock|Drizzle|Hurricane,Protect,Tailwind,WideGuard|Bold||M|||50|]Palafin||MysticWater|ZerotoHero|FlipTurn,Protect,WaveCrash,JetPunch|Jolly||F|||50|]Raichu||RaichuniteY|LightningRod|ZapCannon,FocusBlast,Protect,GrassKnot|Timid||F|||50|]Swampert||Swampertite|Torrent|Liquidation,Earthquake,IcePunch,FlipTurn|Adamant||F|||50|]Toxicroak||MentalHerb|DrySkin|FakeOut,CloseCombat,Protect,GunkShot|Jolly||M|||50|]Meganium||Meganiumite|Overgrow|DazzlingGleam,SolarBeam,WeatherBall,Protect|Timid||F|||50|
|showteam|p2|Annihilape||SitrusBerry|Defiant|RageFist,DrainPunch,BulkUp,Protect|Quirky||M|||50|]Maushold||ChoiceScarf|FriendGuard|FollowMe,Protect,BabyDollEyes,BeatUp|Serious|||||50|]Farigiraf||Leftovers|ArmorTail|Psychic,HelpingHand,TrickRoom,Thunder|Serious||F|||50|]Zoroark-Hisui||LifeOrb|Illusion|NastyPlot,ShadowBall,Flamethrower,GrassKnot|Serious||M|||50|]Dragonite||Dragoninite|Multiscale|DragonDance,ExtremeSpeed,Thunder,FirePunch|Serious||M|||50|]Alakazam||FocusSash|Synchronize|CalmMind,Psychic,FocusBlast,Psyshock|Serious||M|||50|
|
|t:|1783266385
|teamsize|p1|4
|teamsize|p2|4
|start
|switch|p1a: Pelipper|Pelipper, L50, M|100/100
|switch|p1b: Palafin|Palafin, L50, F|100/100
|switch|p2a: Dragonite|Dragonite, L50, M, shiny|100/100
|switch|p2b: Alakazam|Alakazam, L50, M, shiny|100/100
|-weather|RainDance|[from] ability: Drizzle|[of] p1a: Pelipper
|turn|1
|
|t:|1783266423
|detailschange|p2a: Dragonite|Dragonite-Mega, L50, M, shiny
|-mega|p2a: Dragonite|Dragonite|Dragoninite
|move|p2b: Alakazam|Calm Mind|p2b: Alakazam
|-boost|p2b: Alakazam|spa|1
|-boost|p2b: Alakazam|spd|1
|move|p1b: Palafin|Flip Turn|p2a: Dragonite
|-resisted|p2a: Dragonite|1
|-damage|p2a: Dragonite|91/100
|
|t:|1783266437
|detailschange|p1b: Palafin|Palafin-Hero, L50, F
|switch|p1b: Raichu|Raichu, L50, F, shiny|100/100|[from] Flip Turn
|move|p2a: Dragonite|Thunder|p1b: Raichu
|-activate|p1b: Raichu|ability: Lightning Rod
|-ability|p1b: Raichu|Lightning Rod|boost
|-boost|p1b: Raichu|spa|1
|move|p1a: Pelipper|Tailwind|p1a: Pelipper
|-sidestart|p1: UncAshty|move: Tailwind
|
|-weather|RainDance|[upkeep]
|upkeep
|turn|2
|
|t:|1783266471
|move|p2a: Dragonite|Extreme Speed|p1a: Pelipper
|-damage|p1a: Pelipper|82/100
|move|p1b: Raichu|Zap Cannon|p2b: Alakazam
|-damage|p2b: Alakazam|34/100
|-status|p2b: Alakazam|par
|-activate|p2b: Alakazam|ability: Synchronize
|-immune|p1b: Raichu
|move|p1a: Pelipper|Hurricane|p2b: Alakazam
|-damage|p2b: Alakazam|0 fnt
|faint|p2b: Alakazam
|
|-weather|RainDance|[upkeep]
|upkeep
|
|t:|1783266487
|switch|p2b: Farigiraf|Farigiraf, L50, F, shiny|100/100
|turn|3
|
|t:|1783266510
|move|p1a: Pelipper|Protect|p1a: Pelipper
|-singleturn|p1a: Pelipper|Protect
|move|p1b: Raichu|Zap Cannon|p2a: Dragonite|[miss]
|-miss|p1b: Raichu|p2a: Dragonite
|move|p2a: Dragonite|Thunder|p1b: Raichu
|-activate|p1b: Raichu|ability: Lightning Rod
|-ability|p1b: Raichu|Lightning Rod|boost
|-boost|p1b: Raichu|spa|1
|move|p2b: Farigiraf|Trick Room|p2b: Farigiraf
|-fieldstart|move: Trick Room|[of] p2b: Farigiraf
|
|-weather|RainDance|[upkeep]
|upkeep
|turn|4
|
|t:|1783266529
|move|p2b: Farigiraf|Helping Hand|p2a: Dragonite
|-singleturn|p2a: Dragonite|Helping Hand|[of] p2b: Farigiraf
|move|p2a: Dragonite|Dragon Dance|p2a: Dragonite
|-boost|p2a: Dragonite|atk|1
|-boost|p2a: Dragonite|spe|1
|move|p1a: Pelipper|Hurricane|p2b: Farigiraf
|-damage|p2b: Farigiraf|61/100
|move|p1b: Raichu|Zap Cannon|p2b: Farigiraf|[miss]
|-miss|p1b: Raichu|p2b: Farigiraf
|
|-weather|RainDance|[upkeep]
|-heal|p2b: Farigiraf|67/100|[from] item: Leftovers
|-sideend|p1: UncAshty|move: Tailwind
|upkeep
|turn|5
|
|t:|1783266553
|move|p2b: Farigiraf|Helping Hand|p2a: Dragonite
|-singleturn|p2a: Dragonite|Helping Hand|[of] p2b: Farigiraf
|move|p1b: Raichu|Protect|p1b: Raichu
|-singleturn|p1b: Raichu|Protect
|move|p1a: Pelipper|Hurricane|p2a: Dragonite
|-damage|p2a: Dragonite|56/100
|move|p2a: Dragonite|Dragon Dance|p2a: Dragonite
|-boost|p2a: Dragonite|atk|1
|-boost|p2a: Dragonite|spe|1
|
|-weather|RainDance|[upkeep]
|-heal|p2b: Farigiraf|73/100|[from] item: Leftovers
|upkeep
|turn|6
|
|t:|1783266579
|move|p2b: Farigiraf|Thunder|p1b: Raichu
|-activate|p1b: Raichu|ability: Lightning Rod
|-ability|p1b: Raichu|Lightning Rod|boost
|-boost|p1b: Raichu|spa|1
|move|p1a: Pelipper|Hurricane|p2a: Dragonite
|-damage|p2a: Dragonite|25/100
|-start|p2a: Dragonite|confusion
|move|p1b: Raichu|Zap Cannon|p2a: Dragonite
|-damage|p2a: Dragonite|0 fnt
|faint|p2a: Dragonite
|
|-weather|RainDance|[upkeep]
|-heal|p2b: Farigiraf|80/100|[from] item: Leftovers
|upkeep
|
|t:|1783266593
|switch|p2a: Farigiraf|Farigiraf, L50, F, shiny|100/100
|turn|7
|
|t:|1783266606
|move|p2b: Farigiraf|Helping Hand|p2a: Farigiraf
|-singleturn|p2a: Farigiraf|Helping Hand|[of] p2b: Farigiraf
|move|p1a: Pelipper|Hurricane|p2a: Farigiraf
|-damage|p2a: Farigiraf|32/100
|-start|p2a: Farigiraf|confusion
|replace|p2a: Zoroark|Zoroark-Hisui, L50, M, shiny
|-end|p2a: Zoroark|Illusion
|-activate|p2a: Zoroark|confusion
|move|p2a: Zoroark|Grass Knot|p1a: Pelipper
|-damage|p1a: Pelipper|26/100
|-damage|p2a: Zoroark|22/100|[from] item: Life Orb
|move|p1b: Raichu|Zap Cannon|p2a: Zoroark
|-damage|p2a: Zoroark|0 fnt
|faint|p2a: Zoroark
|
|-weather|RainDance|[upkeep]
|-heal|p2b: Farigiraf|86/100|[from] item: Leftovers
|-fieldend|move: Trick Room
|upkeep
|turn|8
|
|t:|1783266638
|move|p1b: Raichu|Focus Blast|p2b: Farigiraf
|-crit|p2b: Farigiraf
|-damage|p2b: Farigiraf|0 fnt
|faint|p2b: Farigiraf
|
|win|UncAshty
|l|☆UncAshty
|player|p1|
