|j|☆PokeLucho
|j|☆samueldiaz_9
|html|PokeLuchosamueldiaz_9    
|uhtml|bestof|Game 3 of a best-of-3
|t:|1757102332
|gametype|doubles
|player|p1|PokeLucho|265|1130
|player|p2|samueldiaz_9|2|1107
|gen|9
|tier|[Gen 9] VGC 2025 Reg H (Bo3)
|rated|
|rule|Species Clause: Limit one of each Pokémon
|rule|Item Clause: Limit 1 of each item
|clearpoke
|poke|p1|Electabuzz, L50, M|
|poke|p1|Kingambit, L50, M|
|poke|p1|Rillaboom, L50, M|
|poke|p1|Sneasler, L50, M|
|poke|p1|Volcarona, L50, F|
|poke|p1|Dragonite, L50, F|
|poke|p2|Tyranitar, L50, F|
|poke|p2|Excadrill, L50, M|
|poke|p2|Corviknight, L50, M|
|poke|p2|Primarina, L50, F|
|poke|p2|Sinistcha, L50|
|poke|p2|Volcarona, L50, M|
|teampreview|4
|showteam|p1|Electabuzz||Eviolite|VitalSpirit|Thunderbolt,Taunt,FollowMe,Protect|||M|||50|,,,,,Ghost]Kingambit||BlackGlasses|Defiant|KowtowCleave,SuckerPunch,SwordsDance,Protect|||M|||50|,,,,,Dark]Rillaboom||AssaultVest|GrassySurge|FakeOut,HighHorsepower,WoodHammer,GrassyGlide|||M|||50|,,,,,Fire]Sneasler||FocusSash|PoisonTouch|DireClaw,CloseCombat,FakeOut,Coaching|||M|||50|,,,,,Stellar]Volcarona||Leftovers|FlameBody|HeatWave,TeraBlast,QuiverDance,Protect|||F|||50|,,,,,Fairy]Dragonite||LoadedDice|Multiscale|ExtremeSpeed,ScaleShot,Protect,Haze|||F|||50|,,,,,Steel
|showteam|p2|Tyranitar||AssaultVest|SandStream|RockSlide,KnockOff,LowKick,TeraBlast|||F|||50|,,,,,Flying]Excadrill||FocusSash|SandRush|IronHead,Earthquake,StompingTantrum,Protect|||M|||50|,,,,,Stellar]Corviknight||SafetyGoggles|MirrorArmor|BraveBird,BodyPress,Tailwind,BulkUp|||M|||50|,,,,,Dragon]Primarina||SitrusBerry|LiquidVoice|HyperVoice,Moonblast,Haze,Protect|||F|||50|,,,,,Poison]Sinistcha||RockyHelmet|Hospitality|MatchaGotcha,LifeDew,RagePowder,TrickRoom||||||50|,,,,,Water]Volcarona||Leftovers|FlameBody|FieryDance,GigaDrain,QuiverDance,Protect|||M|||50|,,,,,Grass
|
|t:|1757102388
|teamsize|p1|4
|teamsize|p2|4
|start
|switch|p1a: Volcarona|Volcarona, L50, F|100/100
|switch|p1b: Rillaboom|Rillaboom, L50, M|100/100
|switch|p2a: Corviknight|Corviknight, L50, M|100/100
|switch|p2b: Tyranitar|Tyranitar, L50, F|100/100
|-fieldstart|move: Grassy Terrain|[from] ability: Grassy Surge|[of] p1b: Rillaboom
|-weather|Sandstorm|[from] ability: Sand Stream|[of] p2b: Tyranitar
|turn|1
|
|t:|1757102430
|-terastallize|p1a: Volcarona|Fairy
|-terastallize|p2b: Tyranitar|Flying
|move|p1b: Rillaboom|Fake Out|p2b: Tyranitar
|-damage|p2b: Tyranitar|88/100
|move|p1a: Volcarona|Quiver Dance|p1a: Volcarona
|-boost|p1a: Volcarona|spa|1
|-boost|p1a: Volcarona|spd|1
|-boost|p1a: Volcarona|spe|1
|cant|p2b: Tyranitar|flinch
|move|p2a: Corviknight|Tailwind|p2a: Corviknight
|-sidestart|p2: samueldiaz_9|move: Tailwind
|
|-weather|Sandstorm|[upkeep]
|-damage|p1a: Volcarona|94/100|[from] Sandstorm
|-damage|p2b: Tyranitar|82/100|[from] Sandstorm
|-damage|p1b: Rillaboom|95/100|[from] Sandstorm
|-heal|p1a: Volcarona|100/100|[from] Grassy Terrain
|-heal|p1b: Rillaboom|100/100|[from] Grassy Terrain
|upkeep
|turn|2
|
|t:|1757102475
|move|p1a: Volcarona|Heat Wave|p2b: Tyranitar|[spread] p2a,p2b
|-supereffective|p2a: Corviknight
|-damage|p2a: Corviknight|18/100
|-damage|p2b: Tyranitar|52/100
|move|p2b: Tyranitar|Tera Blast|p1a: Volcarona|[anim] Tera Blast Flying
|-damage|p1a: Volcarona|46/100
|move|p2a: Corviknight|Brave Bird|p1a: Volcarona
|-damage|p1a: Volcarona|0 fnt
|-status|p2a: Corviknight|brn|[from] ability: Flame Body|[of] p1a: Volcarona
|faint|p1a: Volcarona
|-damage|p2a: Corviknight|4/100 brn|[from] Recoil
|move|p1b: Rillaboom|Wood Hammer|p2b: Tyranitar
|-resisted|p2b: Tyranitar
|-damage|p2b: Tyranitar|18/100
|-damage|p1b: Rillaboom|90/100|[from] Recoil
|
|-weather|Sandstorm|[upkeep]
|-damage|p2b: Tyranitar|12/100|[from] Sandstorm
|-damage|p1b: Rillaboom|84/100|[from] Sandstorm
|-heal|p1b: Rillaboom|90/100|[from] Grassy Terrain
|-damage|p2a: Corviknight|0 fnt|[from] brn
|faint|p2a: Corviknight
|upkeep
|
|t:|1757102497
|switch|p1a: Dragonite|Dragonite, L50, F|100/100
|switch|p2a: Sinistcha|Sinistcha, L50|100/100
|-heal|p2b: Tyranitar|37/100|[from] ability: Hospitality|[of] p2a: Sinistcha
|turn|3
|
|t:|1757102567
|move|p2b: Tyranitar|Knock Off|p1a: Dragonite
|-damage|p1a: Dragonite|66/100
|-enditem|p1a: Dragonite|Loaded Dice|[from] move: Knock Off|[of] p2b: Tyranitar
|move|p2a: Sinistcha|Matcha Gotcha|p1b: Rillaboom|[spread] p1a,p1b
|-resisted|p1a: Dragonite
|-resisted|p1b: Rillaboom
|-damage|p1a: Dragonite|57/100
|-damage|p1b: Rillaboom|79/100
|move|p1a: Dragonite|Scale Shot|p2b: Tyranitar
|-crit|p2b: Tyranitar
|-damage|p2b: Tyranitar|17/100
|-damage|p2b: Tyranitar|5/100
|-damage|p2b: Tyranitar|0 fnt
|faint|p2b: Tyranitar
|-hitcount|p2: Tyranitar|3
|-unboost|p1a: Dragonite|def|1
|-boost|p1a: Dragonite|spe|1
|move|p1b: Rillaboom|Wood Hammer|p2a: Sinistcha
|-resisted|p2a: Sinistcha
|-damage|p2a: Sinistcha|65/100
|-damage|p1b: Rillaboom|62/100|[from] item: Rocky Helmet|[of] p2a: Sinistcha
|-damage|p1b: Rillaboom|52/100|[from] Recoil
|
|-weather|Sandstorm|[upkeep]
|-damage|p1a: Dragonite|51/100|[from] Sandstorm
|-damage|p2a: Sinistcha|59/100|[from] Sandstorm
|-damage|p1b: Rillaboom|46/100|[from] Sandstorm
|-heal|p2a: Sinistcha|65/100|[from] Grassy Terrain
|-heal|p1b: Rillaboom|52/100|[from] Grassy Terrain
|upkeep
|
|t:|1757102591
|switch|p2b: Excadrill|Excadrill, L50, M|100/100
|turn|4
|
|t:|1757102613
|move|p1a: Dragonite|Protect|p1a: Dragonite
|-singleturn|p1a: Dragonite|Protect
|move|p1b: Rillaboom|Grassy Glide|p2b: Excadrill
|-damage|p2b: Excadrill|44/100
|move|p2b: Excadrill|Iron Head|p1a: Dragonite
|-activate|p1a: Dragonite|move: Protect
|move|p2a: Sinistcha|Matcha Gotcha|p1b: Rillaboom|[spread] 
|-activate|p1a: Dragonite|move: Protect
|-miss|p2a: Sinistcha|p1b: Rillaboom
|
|-weather|Sandstorm|[upkeep]
|-damage|p1a: Dragonite|45/100|[from] Sandstorm
|-damage|p2a: Sinistcha|59/100|[from] Sandstorm
|-damage|p1b: Rillaboom|46/100|[from] Sandstorm
|-heal|p2b: Excadrill|49/100|[from] Grassy Terrain
|-heal|p2a: Sinistcha|65/100|[from] Grassy Terrain
|-heal|p1b: Rillaboom|52/100|[from] Grassy Terrain
|-sideend|p2: samueldiaz_9|move: Tailwind
|upkeep
|turn|5
|
|t:|1757102659
|move|p2b: Excadrill|Protect|p2b: Excadrill
|-singleturn|p2b: Excadrill|Protect
|move|p1b: Rillaboom|Grassy Glide|p2b: Excadrill
|-activate|p2b: Excadrill|move: Protect
|move|p1a: Dragonite|Scale Shot|p2a: Sinistcha
|-damage|p2a: Sinistcha|52/100
|-damage|p2a: Sinistcha|39/100
|-damage|p2a: Sinistcha|25/100
|-hitcount|p2a: Sinistcha|3
|-unboost|p1a: Dragonite|def|1
|-boost|p1a: Dragonite|spe|1
|move|p2a: Sinistcha|Life Dew|p2a: Sinistcha|[spread] p2a,p2b
|-heal|p2a: Sinistcha|50/100
|-heal|p2b: Excadrill|75/100
|
|-weather|none
|-heal|p2b: Excadrill|81/100|[from] Grassy Terrain
|-heal|p1b: Rillaboom|58/100|[from] Grassy Terrain
|-heal|p2a: Sinistcha|57/100|[from] Grassy Terrain
|-fieldend|move: Grassy Terrain
|upkeep
|turn|6
|
|t:|1757102699
|move|p2a: Sinistcha|Rage Powder|p2a: Sinistcha
|-singleturn|p2a: Sinistcha|move: Rage Powder
|move|p1a: Dragonite|Scale Shot|p2a: Sinistcha
|-damage|p2a: Sinistcha|44/100
|-damage|p2a: Sinistcha|30/100
|-damage|p2a: Sinistcha|18/100
|-hitcount|p2a: Sinistcha|3
|-unboost|p1a: Dragonite|def|1
|-boost|p1a: Dragonite|spe|1
|move|p2b: Excadrill|Iron Head|p1a: Dragonite
|-damage|p1a: Dragonite|0 fnt
|faint|p1a: Dragonite
|move|p1b: Rillaboom|Wood Hammer|p2a: Sinistcha
|-resisted|p2a: Sinistcha
|-damage|p2a: Sinistcha|0 fnt
|-damage|p1b: Rillaboom|41/100|[from] item: Rocky Helmet|[of] p2a: Sinistcha
|faint|p2a: Sinistcha
|-damage|p1b: Rillaboom|36/100|[from] Recoil
|
|upkeep
|
|t:|1757102714
|switch|p1a: Sneasler|Sneasler, L50, M|100/100
|turn|7
|
|t:|1757102731
|move|p1a: Sneasler|Close Combat|p2b: Excadrill
|-supereffective|p2b: Excadrill
|-damage|p2b: Excadrill|0 fnt
|-unboost|p1a: Sneasler|def|1
|-unboost|p1a: Sneasler|spd|1
|faint|p2b: Excadrill
|
|win|PokeLucho
|raw|PokeLucho's rating: 1130 → 1153(+23 for winning)
|raw|samueldiaz_9's rating: 1107 → 1084(-23 for losing)
|l|☆samueldiaz_9
|player|p2|
|l|☆PokeLucho
|player|p1|
|j|☆PokeLucho
|player|p1|PokeLucho|265|
