|j|☆FruitloopsFL
|j|☆puffinbee
|html|FruitloopsFLpuffinbee    
|uhtml|bestof|Game 2 of a best-of-3
|t:|1783369604
|gametype|doubles
|player|p1|FruitloopsFL|alder|
|player|p2|puffinbee|169|
|gen|9
|tier|[Gen 9 Champions] VGC 2026 Reg M-B (Bo3)
|rule|Species Clause: Limit one of each Pokémon
|rule|Item Clause: Limit 1 of each item
|clearpoke
|poke|p1|Toucannon, L50, F|
|poke|p1|Grimmsnarl, L50, M|
|poke|p1|Raichu, L50, F|
|poke|p1|Garchomp, L50, F|
|poke|p1|Annihilape, L50, M|
|poke|p1|Volcarona, L50, F|
|poke|p2|Mawile, L50, M|
|poke|p2|Incineroar, L50, M|
|poke|p2|Staraptor, L50, F|
|poke|p2|Farigiraf, L50, F|
|poke|p2|Ampharos, L50, M|
|poke|p2|Basculegion, L50, M|
|teampreview|4
|showteam|p1|Toucannon||SilkScarf|SkillLink|Tailwind,BulletSeed,Boomburst,Protect|Impish||F|||50|]Grimmsnarl||LightClay|Prankster|FakeOut,PartingShot,Reflect,LightScreen|Careful||M|||50|]Raichu||RaichuniteY|LightningRod|FakeOut,GrassKnot,FocusBlast,ZapCannon|Hasty||F|||50|]Garchomp||LifeOrb|RoughSkin|RockSlide,Earthquake,DragonClaw,Protect|Jolly||F|||50|]Annihilape||Leftovers|Defiant|IcePunch,RageFist,DrainPunch,Protect|Adamant||M|||50|]Volcarona||ChartiBerry|FlameBody|RagePowder,MorningSun,WillOWisp,HeatWave|Calm||F|||50|
|showteam|p2|Mawile||Mawilite|HyperCutter|IronHead,PlayRough,SuckerPunch,Protect|Brave||M|||50|]Incineroar||Charcoal|Intimidate|FlareBlitz,PartingShot,FakeOut,DarkestLariat|Adamant||M|||50|]Staraptor||ChoiceScarf|Intimidate|BraveBird,CloseCombat,Uturn,FinalGambit|Bashful||F|||50|]Farigiraf||SitrusBerry|ArmorTail|Psychic,GrassKnot,TrickRoom,HelpingHand|Quiet||F|||50|]Ampharos||Ampharosite|Static|Thunderbolt,DragonPulse,FocusBlast,Protect|Quiet||M|||50|]Basculegion||FocusSash|Adaptability|Liquidation,LastRespects,AquaJet,Protect|Adamant||M|||50|
|c|☆FruitloopsFL|glhf
|c|☆puffinbee|gl
|
|t:|1783369675
|teamsize|p1|4
|teamsize|p2|4
|start
|switch|p1a: Toucannon|Toucannon, L50, F|100/100
|switch|p1b: Annihilape|Annihilape, L50, M|100/100
|switch|p2a: Farigiraf|Farigiraf, L50, F|100/100
|switch|p2b: Staraptor|Staraptor, L50, F|100/100
|-ability|p2b: Staraptor|Intimidate|boost
|-unboost|p1a: Toucannon|atk|1
|-unboost|p1b: Annihilape|atk|1
|-ability|p1b: Annihilape|Defiant|boost
|-boost|p1b: Annihilape|atk|2
|turn|1
|
|t:|1783369695
|move|p1b: Annihilape|Protect|p1b: Annihilape
|-singleturn|p1b: Annihilape|Protect
|move|p2b: Staraptor|Final Gambit|p1a: Toucannon
|-damage|p1a: Toucannon|0 fnt
|faint|p2b: Staraptor
|faint|p1a: Toucannon
|move|p2a: Farigiraf|Trick Room|p2a: Farigiraf
|-fieldstart|move: Trick Room|[of] p2a: Farigiraf
|
|upkeep
|
|t:|1783369707
|switch|p1a: Volcarona|Volcarona, L50, F|100/100
|switch|p2b: Ampharos|Ampharos, L50, M|100/100
|turn|2
|
|t:|1783369741
|detailschange|p2b: Ampharos|Ampharos-Mega, L50, M
|-mega|p2b: Ampharos|Ampharos|Ampharosite
|-ability|p2b: Ampharos|Mold Breaker
|move|p1a: Volcarona|Rage Powder|p1a: Volcarona
|-singleturn|p1a: Volcarona|move: Rage Powder
|move|p2b: Ampharos|Thunderbolt|p1a: Volcarona
|-damage|p1a: Volcarona|62/100
|move|p2a: Farigiraf|Psychic|p1a: Volcarona
|-damage|p1a: Volcarona|35/100
|move|p1b: Annihilape|Drain Punch|p2a: Farigiraf
|-damage|p2a: Farigiraf|50/100y
|-enditem|p2a: Farigiraf|Sitrus Berry|[eat]
|-heal|p2a: Farigiraf|75/100|[from] item: Sitrus Berry
|
|upkeep
|turn|3
|
|t:|1783369763
|switch|p1a: Raichu|Raichu, L50, F|100/100
|move|p1b: Annihilape|Protect|p1b: Annihilape
|-singleturn|p1b: Annihilape|Protect
|move|p2b: Ampharos|Thunderbolt|p1a: Raichu
|-resisted|p1a: Raichu|1
|-damage|p1a: Raichu|53/100
|move|p2a: Farigiraf|Psychic|p1b: Annihilape
|-activate|p1b: Annihilape|move: Protect
|
|upkeep
|turn|4
|
|t:|1783369786
|move|p1a: Raichu|Fake Out||[still]
|cant|p2a: Farigiraf|ability: Armor Tail|Fake Out|[of] p1a: Raichu
|move|p2b: Ampharos|Dragon Pulse|p1a: Raichu
|-damage|p1a: Raichu|0 fnt
|faint|p1a: Raichu
|move|p2a: Farigiraf|Psychic|p1b: Annihilape
|-supereffective|p1b: Annihilape|1
|-damage|p1b: Annihilape|25/100
|move|p1b: Annihilape|Drain Punch|p2a: Farigiraf
|-damage|p2a: Farigiraf|24/100
|-heal|p1b: Annihilape|50/100g|[from] drain|[of] p2a: Farigiraf
|
|-heal|p1b: Annihilape|56/100|[from] item: Leftovers
|upkeep
|
|t:|1783369792
|switch|p1a: Volcarona|Volcarona, L50, F|35/100
|turn|5
|
|t:|1783369805
|move|p1a: Volcarona|Rage Powder|p1a: Volcarona
|-singleturn|p1a: Volcarona|move: Rage Powder
|move|p2b: Ampharos|Thunderbolt|p1a: Volcarona
|-crit|p1a: Volcarona
|-damage|p1a: Volcarona|0 fnt
|faint|p1a: Volcarona
|move|p2a: Farigiraf|Psychic|p1b: Annihilape
|-supereffective|p1b: Annihilape|1
|-damage|p1b: Annihilape|0 fnt
|faint|p1b: Annihilape
|
|win|puffinbee
|c|☆FruitloopsFL|gg
|c|☆puffinbee|gg
|inactive|FruitloopsFL has 30 seconds to confirm battle start!
|inactive|puffinbee has 30 seconds to confirm battle start!
||FruitloopsFL is ready for game 3.
||puffinbee is ready for game 3.
|uhtml|next|Next: Game 3 of 3
