|j|☆trudley7
|j|☆jchase42
|html|trudley7jchase42    
|uhtml|bestof|Game 2 of a best-of-3
|t:|1756337944
|gametype|doubles
|player|p1|trudley7|clown|1000
|player|p2|jchase42|hiker-gen4|1116
|gen|9
|tier|[Gen 9] VGC 2025 Reg H (Bo3)
|rated|
|rule|Species Clause: Limit one of each Pokémon
|rule|Item Clause: Limit 1 of each item
|clearpoke
|poke|p1|Hatterene, L50, F|
|poke|p1|Dondozo, L50, F|
|poke|p1|Tatsugiri, L50, F|
|poke|p1|Pelipper, L50, F|
|poke|p1|Archaludon, L50, F|
|poke|p1|Annihilape, L50, F|
|poke|p2|Indeedee-F, L50, F|
|poke|p2|Torkoal, L50, F|
|poke|p2|Gallade, L50, M|
|poke|p2|Hatterene, L50, F|
|poke|p2|Maushold-Four, L50|
|poke|p2|Sinistcha, L50|
|teampreview|4
|showteam|p1|Hatterene||MentalHerb|Healer|TrickRoom,HealPulse,DarkPulse,Psychic|||F|||50|,,,,,Ghost]Dondozo||LifeOrb|Oblivious|AquaTail,OrderUp,RockSlide,Protect|||F|||50|,,,,,Dragon]Tatsugiri||FocusSash|Commander|Protect,HydroPump,DracoMeteor,HelpingHand|||F|||50|,,,,,Dragon]Pelipper||Leftovers|Drizzle|Tailwind,WeatherBall,Protect,Hurricane|||F|||50|,,,,,Water]Archaludon||ChoiceSpecs|Stamina|FlashCannon,ElectroShot,DracoMeteor,BodyPress|||F|||50|,,,,,Electric]Annihilape||SitrusBerry|Defiant|DrainPunch,GunkShot,RageFist,Protect|||F|||50|,,,,,Ghost
|showteam|p2|Indeedee-F||PsychicSeed|PsychicSurge|Psychic,FollowMe,HelpingHand,TrickRoom|||F|||50|,,,,,Grass]Torkoal||ChoiceSpecs|Drought|Eruption,HeatWave,WeatherBall,EarthPower|||F|||50|,,,,,Fire]Gallade||ClearAmulet|Sharpness|PsychoCut,SacredSword,WideGuard,TrickRoom|||M|||50|,,,,,Grass]Hatterene||CovertCloak|MagicBounce|ExpandingForce,DazzlingGleam,Protect,TrickRoom|||F|||50|,,,,,Fire]Maushold-Four||WideLens|Technician|PopulationBomb,Taunt,FollowMe,Protect||||||50|,,,,,Fire]Sinistcha||SitrusBerry|Hospitality|MatchaGotcha,ShadowBall,RagePowder,TrickRoom||||||50|,,,,,Fairy
|inactive|Battle timer is ON: inactive players will automatically lose when time's up. (requested by trudley7)
|inactive|jchase42 has 60 seconds left.
|
|t:|1756337980
|teamsize|p1|4
|teamsize|p2|4
|start
|switch|p1a: Pelipper|Pelipper, L50, F|100/100
|switch|p1b: Archaludon|Archaludon, L50, F|100/100
|switch|p2a: Indeedee|Indeedee-F, L50, F|100/100
|switch|p2b: Maushold|Maushold-Four, L50|100/100
|-fieldstart|move: Psychic Terrain|[from] ability: Psychic Surge|[of] p2a: Indeedee
|-enditem|p2a: Indeedee|Psychic Seed
|-boost|p2a: Indeedee|spd|1|[from] item: Psychic Seed
|-weather|RainDance|[from] ability: Drizzle|[of] p1a: Pelipper
|turn|1
|
|t:|1756338003
|-terastallize|p2a: Indeedee|Grass
|-terastallize|p1b: Archaludon|Electric
|move|p2a: Indeedee|Follow Me|p2a: Indeedee
|-singleturn|p2a: Indeedee|move: Follow Me
|move|p2b: Maushold|Population Bomb|p1a: Pelipper
|-damage|p1a: Pelipper|89/100
|-damage|p1a: Pelipper|77/100
|-damage|p1a: Pelipper|65/100
|-damage|p1a: Pelipper|54/100
|-damage|p1a: Pelipper|42/100
|-damage|p1a: Pelipper|31/100
|-damage|p1a: Pelipper|20/100
|-damage|p1a: Pelipper|7/100
|-damage|p1a: Pelipper|0 fnt
|faint|p1a: Pelipper
|-hitcount|p1: Pelipper|9
|move|p1b: Archaludon|Electro Shot||[still]
|-prepare|p1b: Archaludon|Electro Shot
|-boost|p1b: Archaludon|spa|1
|-anim|p1b: Archaludon|Electro Shot|p2a: Indeedee
|-resisted|p2a: Indeedee
|-damage|p2a: Indeedee|51/100
|
|-weather|RainDance|[upkeep]
|upkeep
|
|t:|1756338016
|switch|p1a: Hatterene|Hatterene, L50, F, shiny|100/100
|turn|2
|inactive|jchase42 has 30 seconds left.
|inactive|jchase42 has 20 seconds left.
|inactive|jchase42 has 15 seconds left.
|inactive|jchase42 has 10 seconds left.
|
|t:|1756338064
|move|p2b: Maushold|Population Bomb|p1a: Hatterene
|-damage|p1a: Hatterene|87/100
|-damage|p1a: Hatterene|73/100
|-damage|p1a: Hatterene|60/100
|-damage|p1a: Hatterene|46/100
|-damage|p1a: Hatterene|32/100
|-damage|p1a: Hatterene|20/100
|-damage|p1a: Hatterene|7/100
|-damage|p1a: Hatterene|0 fnt
|faint|p1a: Hatterene
|-hitcount|p1: Hatterene|8
|move|p2a: Indeedee|Psychic|p1b: Archaludon
|-damage|p1b: Archaludon|46/100
|-unboost|p1b: Archaludon|spd|1
|-ability|p1b: Archaludon|Stamina|boost
|-boost|p1b: Archaludon|def|1
|move|p1b: Archaludon|Electro Shot||[still]
|-prepare|p1b: Archaludon|Electro Shot
|-boost|p1b: Archaludon|spa|1
|-anim|p1b: Archaludon|Electro Shot|p2a: Indeedee
|-resisted|p2a: Indeedee
|-damage|p2a: Indeedee|0 fnt
|faint|p2a: Indeedee
|
|-weather|RainDance|[upkeep]
|upkeep
|
|t:|1756338088
|switch|p2a: Sinistcha|Sinistcha, L50|100/100
|switch|p1a: Annihilape|Annihilape, L50, F|100/100
|turn|3
|
|t:|1756338111
|move|p2b: Maushold|Follow Me|p2b: Maushold
|-singleturn|p2b: Maushold|move: Follow Me
|move|p1a: Annihilape|Rage Fist|p2b: Maushold
|-immune|p2b: Maushold
|move|p1b: Archaludon|Electro Shot||[still]
|-prepare|p1b: Archaludon|Electro Shot
|-boost|p1b: Archaludon|spa|1
|-anim|p1b: Archaludon|Electro Shot|p2b: Maushold
|-damage|p2b: Maushold|0 fnt
|faint|p2b: Maushold
|move|p2a: Sinistcha|Trick Room|p2a: Sinistcha
|-fieldstart|move: Trick Room|[of] p2a: Sinistcha
|
|-weather|RainDance|[upkeep]
|upkeep
|
|t:|1756338123
|switch|p2b: Gallade|Gallade, L50, M|100/100
|turn|4
|
|t:|1756338144
|move|p2a: Sinistcha|Shadow Ball|p1a: Annihilape
|-supereffective|p1a: Annihilape
|-damage|p1a: Annihilape|44/100
|-enditem|p1a: Annihilape|Sitrus Berry|[eat]
|-heal|p1a: Annihilape|69/100|[from] item: Sitrus Berry
|move|p1b: Archaludon|Electro Shot||[still]
|-prepare|p1b: Archaludon|Electro Shot
|-boost|p1b: Archaludon|spa|1
|-anim|p1b: Archaludon|Electro Shot|p2b: Gallade
|-damage|p2b: Gallade|0 fnt
|faint|p2b: Gallade
|move|p1a: Annihilape|Rage Fist|p2a: Sinistcha
|-supereffective|p2a: Sinistcha
|-damage|p2a: Sinistcha|30/100
|-enditem|p2a: Sinistcha|Sitrus Berry|[eat]
|-heal|p2a: Sinistcha|54/100|[from] item: Sitrus Berry
|
|-weather|RainDance|[upkeep]
|upkeep
|turn|5
|
|t:|1756338167
|move|p2a: Sinistcha|Matcha Gotcha|p1b: Archaludon|[spread] p1a,p1b
|-crit|p1b: Archaludon
|-damage|p1a: Annihilape|48/100
|-heal|p2a: Sinistcha|67/100|[from] drain|[of] p1a: Annihilape
|-damage|p1b: Archaludon|0 fnt
|-heal|p2a: Sinistcha|89/100|[from] drain|[of] p1b: Archaludon
|faint|p1b: Archaludon
|move|p1a: Annihilape|Rage Fist|p2a: Sinistcha
|-supereffective|p2a: Sinistcha
|-damage|p2a: Sinistcha|0 fnt
|faint|p2a: Sinistcha
|
|win|trudley7
|inactive|trudley7 has 30 seconds to confirm battle start!
|inactive|jchase42 has 30 seconds to confirm battle start!
||jchase42 is ready for game 3.
||trudley7 is ready for game 3.
|uhtml|next|Next: Game 3 of 3
|l|☆trudley7
|player|p1|
