|j|☆Letmein191
|j|☆frankiln turtle
|html|Letmein191frankiln turtle    
|uhtml|bestof|Game 2 of a best-of-3
|t:|1757640151
|gametype|doubles
|player|p1|Letmein191|101|1222
|player|p2|frankiln turtle|266|1212
|gen|9
|tier|[Gen 9] VGC 2025 Reg H (Bo3)
|rated|
|rule|Species Clause: Limit one of each Pokémon
|rule|Item Clause: Limit 1 of each item
|clearpoke
|poke|p1|Volcarona, L50, F|
|poke|p1|Kingambit, L50, F|
|poke|p1|Dragonite, L50, M|
|poke|p1|Sneasler, L50, M|
|poke|p1|Rillaboom, L50, F|
|poke|p1|Electabuzz, L50, F|
|poke|p2|Dragonite, L50, M|
|poke|p2|Arcanine-Hisui, L50, F|
|poke|p2|Rillaboom, L50, F|
|poke|p2|Sneasler, L50, M|
|poke|p2|Ninetales-Alola, L50, F|
|poke|p2|Gholdengo, L50|
|teampreview|4
|showteam|p1|Volcarona||Leftovers|FlameBody|HeatWave,TeraBlast,QuiverDance,Protect|||F|||50|,,,,,Fairy]Kingambit||BlackGlasses|Defiant|KowtowCleave,SuckerPunch,SwordsDance,Protect|||F|||50|,,,,,Dark]Dragonite||LoadedDice|Multiscale|ScaleShot,ExtremeSpeed,Haze,Protect|||M|||50|,,,,,Steel]Sneasler||FocusSash|PoisonTouch|CloseCombat,DireClaw,FakeOut,Coaching|||M|||50|,,,,,Stellar]Rillaboom||AssaultVest|GrassySurge|WoodHammer,GrassyGlide,HighHorsepower,FakeOut|||F|||50|,,,,,Fire]Electabuzz||Eviolite|VitalSpirit|Thunderbolt,Taunt,FollowMe,Protect|||F|||50|,,,,,Ghost
|showteam|p2|Dragonite||LoadedDice|Multiscale|Protect,ScaleShot,StompingTantrum,Tailwind|||M|||50|,,,,,Ground]Arcanine-Hisui||ClearAmulet|Intimidate|Protect,FlareBlitz,RockBlast,ExtremeSpeed|||F|||50|,,,,,Water]Rillaboom||AssaultVest|GrassySurge|GrassyGlide,DrumBeating,HighHorsepower,FakeOut|||F|||50|,,,,,Fire]Sneasler||WhiteHerb|Unburden|Protect,DireClaw,CloseCombat,Coaching|||M|||50|,,,,,Ghost]Ninetales-Alola||FocusSash|SnowWarning|Blizzard,IcyWind,Encore,AuroraVeil|||F|||50|,,,,,Ghost]Gholdengo||GrassySeed|GoodasGold|Protect,MakeItRain,ShadowBall,NastyPlot||||||50|,,,,,Water
|inactive|Battle timer is ON: inactive players will automatically lose when time's up. (requested by Letmein191)
|j| akabaki
|l| akabaki
|
|t:|1757640198
|teamsize|p1|4
|teamsize|p2|4
|start
|switch|p1a: Volcarona|Volcarona, L50, F|100/100
|switch|p1b: Electabuzz|Electabuzz, L50, F|100/100
|switch|p2a: Arcanine|Arcanine-Hisui, L50, F|100/100
|switch|p2b: Sneasler|Sneasler, L50, M|100/100
|-ability|p2a: Arcanine|Intimidate|boost
|-unboost|p1a: Volcarona|atk|1
|-unboost|p1b: Electabuzz|atk|1
|turn|1
|inactive|frankiln turtle has 30 seconds left.
|inactive|frankiln turtle has 20 seconds left.
|inactive|frankiln turtle has 15 seconds left.
|inactive|frankiln turtle has 10 seconds left.
|
|t:|1757640244
|move|p1a: Volcarona|Protect|p1a: Volcarona
|-singleturn|p1a: Volcarona|Protect
|move|p1b: Electabuzz|Protect|p1b: Electabuzz
|-singleturn|p1b: Electabuzz|Protect
|move|p2b: Sneasler|Coaching|p2a: Arcanine
|-boost|p2a: Arcanine|atk|1
|-boost|p2a: Arcanine|def|1
|move|p2a: Arcanine|Flare Blitz|p1a: Volcarona
|-activate|p1a: Volcarona|move: Protect
|
|upkeep
|turn|2
|
|t:|1757640267
|move|p1b: Electabuzz|Follow Me|p1b: Electabuzz
|-singleturn|p1b: Electabuzz|move: Follow Me
|move|p2b: Sneasler|Coaching|p2a: Arcanine
|-boost|p2a: Arcanine|atk|1
|-boost|p2a: Arcanine|def|1
|move|p2a: Arcanine|Flare Blitz|p1b: Electabuzz
|-damage|p1b: Electabuzz|16/100
|-damage|p2a: Arcanine|72/100|[from] Recoil
|move|p1a: Volcarona|Quiver Dance|p1a: Volcarona
|-boost|p1a: Volcarona|spa|1
|-boost|p1a: Volcarona|spd|1
|-boost|p1a: Volcarona|spe|1
|
|upkeep
|turn|3
|
|t:|1757640284
|move|p2a: Arcanine|Protect|p2a: Arcanine
|-singleturn|p2a: Arcanine|Protect
|move|p1b: Electabuzz|Follow Me|p1b: Electabuzz
|-singleturn|p1b: Electabuzz|move: Follow Me
|move|p1a: Volcarona|Heat Wave|p2a: Arcanine|[spread] p2b
|-activate|p2a: Arcanine|move: Protect
|-damage|p2b: Sneasler|34/100
|move|p2b: Sneasler|Close Combat|p1b: Electabuzz
|-damage|p1b: Electabuzz|0 fnt
|-unboost|p2b: Sneasler|def|1
|-unboost|p2b: Sneasler|spd|1
|faint|p1b: Electabuzz
|-enditem|p2b: Sneasler|White Herb
|-clearnegativeboost|p2b: Sneasler|[silent]
|
|upkeep
|
|t:|1757640301
|switch|p1b: Sneasler|Sneasler, L50, M|100/100
|turn|4
|
|t:|1757640316
|-terastallize|p2a: Arcanine|Water
|move|p1b: Sneasler|Fake Out|p2a: Arcanine
|-damage|p2a: Arcanine|63/100
|move|p2b: Sneasler|Dire Claw|p1a: Volcarona
|-damage|p1a: Volcarona|56/100
|-status|p1a: Volcarona|slp
|-status|p2b: Sneasler|brn|[from] ability: Flame Body|[of] p1a: Volcarona
|cant|p1a: Volcarona|slp
|cant|p2a: Arcanine|flinch
|
|-heal|p1a: Volcarona|62/100 slp|[from] item: Leftovers
|-damage|p2b: Sneasler|29/100 brn|[from] brn
|upkeep
|turn|5
|inactive|Letmein191 has 30 seconds left.
|inactive|frankiln turtle has 30 seconds left.
|inactive|frankiln turtle has 20 seconds left.
|
|t:|1757640353
|switch|p1a: Rillaboom|Rillaboom, L50, F|100/100
|-fieldstart|move: Grassy Terrain|[from] ability: Grassy Surge|[of] p1a: Rillaboom
|move|p2a: Arcanine|Extreme Speed|p1b: Sneasler
|-damage|p1b: Sneasler|7/100
|move|p2b: Sneasler|Close Combat|p1b: Sneasler
|-resisted|p1b: Sneasler
|-damage|p1b: Sneasler|0 fnt
|-unboost|p2b: Sneasler|def|1
|-unboost|p2b: Sneasler|spd|1
|faint|p1b: Sneasler
|
|-heal|p2b: Sneasler|34/100 brn|[from] Grassy Terrain
|-heal|p2a: Arcanine|69/100|[from] Grassy Terrain
|-damage|p2b: Sneasler|29/100 brn|[from] brn
|upkeep
|
|t:|1757640368
|switch|p1b: Volcarona|Volcarona, L50, F|62/100 slp
|turn|6
|
|t:|1757640385
|move|p2a: Arcanine|Protect|p2a: Arcanine
|-singleturn|p2a: Arcanine|Protect
|move|p1a: Rillaboom|Fake Out|p2a: Arcanine
|-activate|p2a: Arcanine|move: Protect
|move|p2b: Sneasler|Coaching|p2a: Arcanine
|-boost|p2a: Arcanine|atk|1
|-boost|p2a: Arcanine|def|1
|cant|p1b: Volcarona|slp
|
|-heal|p2b: Sneasler|34/100 brn|[from] Grassy Terrain
|-heal|p2a: Arcanine|75/100|[from] Grassy Terrain
|-heal|p1b: Volcarona|69/100 slp|[from] Grassy Terrain
|-heal|p1b: Volcarona|75/100 slp|[from] item: Leftovers
|-damage|p2b: Sneasler|29/100 brn|[from] brn
|upkeep
|turn|7
|inactive|frankiln turtle has 30 seconds left.
|inactive|frankiln turtle has 20 seconds left.
|inactive|frankiln turtle has 15 seconds left.
|inactive|frankiln turtle has 10 seconds left.
|inactive|frankiln turtle has 5 seconds left.
|
|t:|1757640438
|-terastallize|p1a: Rillaboom|Fire
|-curestatus|p1b: Volcarona|slp|[msg]
|move|p1b: Volcarona|Protect|p1b: Volcarona
|-singleturn|p1b: Volcarona|Protect
|move|p2a: Arcanine|Extreme Speed|p1b: Volcarona
|-activate|p1b: Volcarona|move: Protect
|move|p2b: Sneasler|Dire Claw|p1a: Rillaboom
|-damage|p1a: Rillaboom|83/100
|-status|p1a: Rillaboom|psn
|move|p1a: Rillaboom|Wood Hammer|p2a: Arcanine
|-supereffective|p2a: Arcanine
|-damage|p2a: Arcanine|0 fnt
|faint|p2a: Arcanine
|-damage|p1a: Rillaboom|62/100 psn|[from] Recoil
|
|-heal|p2b: Sneasler|34/100 brn|[from] Grassy Terrain
|-heal|p1b: Volcarona|81/100|[from] Grassy Terrain
|-heal|p1b: Volcarona|87/100|[from] item: Leftovers
|-heal|p1a: Rillaboom|68/100 psn|[from] Grassy Terrain
|-damage|p1a: Rillaboom|56/100 psn|[from] psn
|-damage|p2b: Sneasler|29/100 brn|[from] brn
|upkeep
|
|t:|1757640462
|switch|p2a: Dragonite|Dragonite, L50, M|100/100
|turn|8
|
|t:|1757640476
|move|p1a: Rillaboom|Grassy Glide|p2b: Sneasler
|-resisted|p2b: Sneasler
|-damage|p2b: Sneasler|0 fnt
|faint|p2b: Sneasler
|move|p1b: Volcarona|Heat Wave|p2a: Dragonite
|-resisted|p2a: Dragonite
|-damage|p2a: Dragonite|88/100
|move|p2a: Dragonite|Scale Shot|p1b: Volcarona
|-damage|p1b: Volcarona|70/100
|-crit|p1b: Volcarona
|-damage|p1b: Volcarona|42/100
|-damage|p1b: Volcarona|24/100
|-damage|p1b: Volcarona|7/100
|-hitcount|p1b: Volcarona|4
|-unboost|p2a: Dragonite|def|1
|-boost|p2a: Dragonite|spe|1
|
|-heal|p1b: Volcarona|14/100|[from] Grassy Terrain
|-heal|p1b: Volcarona|20/100|[from] item: Leftovers
|-heal|p1a: Rillaboom|62/100 psn|[from] Grassy Terrain
|-damage|p1a: Rillaboom|50/100 psn|[from] psn
|upkeep
|
|t:|1757640496
|switch|p2b: Rillaboom|Rillaboom, L50, F|100/100
|turn|9
|
|t:|1757640506
|move|p1b: Volcarona|Protect|p1b: Volcarona
|-singleturn|p1b: Volcarona|Protect
|move|p2b: Rillaboom|Fake Out|p1a: Rillaboom
|-damage|p1a: Rillaboom|35/100 psn
|cant|p1a: Rillaboom|flinch
|move|p2a: Dragonite|Stomping Tantrum|p1b: Volcarona
|-activate|p1b: Volcarona|move: Protect
|
|-heal|p1b: Volcarona|26/100|[from] Grassy Terrain
|-heal|p1b: Volcarona|32/100|[from] item: Leftovers
|-heal|p1a: Rillaboom|41/100 psn|[from] Grassy Terrain
|-damage|p1a: Rillaboom|29/100 psn|[from] psn
|-fieldend|move: Grassy Terrain
|upkeep
|turn|10
|inactive|frankiln turtle has 30 seconds left.
|
|t:|1757640537
|move|p2a: Dragonite|Stomping Tantrum|p1b: Volcarona
|-damage|p1b: Volcarona|0 fnt
|faint|p1b: Volcarona
|move|p1a: Rillaboom|Wood Hammer|p2a: Dragonite
|-resisted|p2a: Dragonite
|-damage|p2a: Dragonite|63/100
|-damage|p1a: Rillaboom|22/100 psn|[from] Recoil
|move|p2b: Rillaboom|High Horsepower|p1a: Rillaboom
|-supereffective|p1a: Rillaboom
|-damage|p1a: Rillaboom|0 fnt
|faint|p1a: Rillaboom
|
|win|frankiln turtle
|raw|Letmein191's rating: 1222 → 1196(-26 for losing)
|raw|frankiln turtle's rating: 1212 → 1238(+26 for winning)
|l|☆Letmein191
|player|p1|
