|j|☆HTR KD
|j|☆klaushima
|html|HTR KDklaushima    
|uhtml|bestof|Game 1 of a best-of-3
|t:|1757158976
|gametype|doubles
|player|p1|HTR KD|hilda|1031
|player|p2|klaushima|alder|1000
|gen|9
|tier|[Gen 9] VGC 2025 Reg H (Bo3)
|rated|
|rule|Species Clause: Limit one of each Pokémon
|rule|Item Clause: Limit 1 of each item
|clearpoke
|poke|p1|Indeedee-F, L50, F|
|poke|p1|Farigiraf, L50, M|
|poke|p1|Torkoal, L50, M|
|poke|p1|Hatterene, L50, F|
|poke|p1|Incineroar, L50, M|
|poke|p1|Lilligant-Hisui, L50, F|
|poke|p2|Electabuzz, L50, F|
|poke|p2|Gholdengo, L50|
|poke|p2|Rillaboom, L50, M|
|poke|p2|Sneasler, L50, F|
|poke|p2|Dragonite, L50, M|
|poke|p2|Volcarona, L50, M|
|teampreview|4
|showteam|p1|Indeedee-F||PsychicSeed|PsychicSurge|Psychic,HelpingHand,FollowMe,TrickRoom|||F|||50|,,,,,Grass]Farigiraf||ThroatSpray|ArmorTail|Protect,ExpandingForce,HyperVoice,TrickRoom|||M|||50|,,,,,Dragon]Torkoal||Charcoal|Drought|Eruption,WeatherBall,ClearSmog,EarthPower|||M|||50|,,,,,Fire]Hatterene||LifeOrb|MagicBounce|ExpandingForce,DazzlingGleam,TrickRoom,Protect|||F|||50|,,,,,Water]Incineroar||ClearAmulet|Intimidate|FakeOut,KnockOff,CloseCombat,FlareBlitz|||M|||50|,,,,,Fire]Lilligant-Hisui||FocusSash|Chlorophyll|SolarBlade,CloseCombat,SleepPowder,AfterYou|||F|||50|,,,,,Ghost
|showteam|p2|Electabuzz||Eviolite|VitalSpirit|Thunderbolt,Taunt,FollowMe,Protect|||F|||50|,,,,,Dragon]Gholdengo||MetalCoat|GoodasGold|MakeItRain,ShadowBall,NastyPlot,Protect||||||50|,,,,,Water]Rillaboom||AssaultVest|GrassySurge|WoodHammer,GrassyGlide,HighHorsepower,FakeOut|||M|||50|,,,,,Fire]Sneasler||FocusSash|Unburden|CloseCombat,DireClaw,Coaching,FakeOut|||F|||50|,,,,,Ghost]Dragonite||LoadedDice|Multiscale|ScaleShot,Tailwind,Haze,Protect|||M|||50|,,,,,Fairy]Volcarona||Leftovers|FlameBody|Flamethrower,TeraBlast,QuiverDance,Protect|||M|||50|,,,,,Fairy
|inactive|Battle timer is ON: inactive players will automatically lose when time's up. (requested by klaushima)
|inactiveoff|Battle timer is now OFF.
|inactive|Battle timer is ON: inactive players will automatically lose when time's up. (requested by HTR KD)
|inactive|klaushima has 30 seconds left.
|inactive|klaushima has 20 seconds left.
|inactive|klaushima has 15 seconds left.
|
|t:|1757159050
|teamsize|p1|4
|teamsize|p2|4
|start
|switch|p1a: Farigiraf|Farigiraf, L50, M|100/100
|switch|p1b: Incineroar|Incineroar, L50, M|100/100
|switch|p2a: Sneasler|Sneasler, L50, F|100/100
|switch|p2b: Dragonite|Dragonite, L50, M|100/100
|-ability|p1b: Incineroar|Intimidate|boost
|-unboost|p2a: Sneasler|atk|1
|-unboost|p2b: Dragonite|atk|1
|turn|1
|inactive|klaushima has 30 seconds left.
|inactive|klaushima has 20 seconds left.
|inactive|klaushima has 15 seconds left.
|inactive|klaushima has 10 seconds left.
|
|t:|1757159096
|switch|p2a: Volcarona|Volcarona, L50, M|100/100
|move|p1b: Incineroar|Fake Out|p2b: Dragonite
|-damage|p2b: Dragonite|93/100
|cant|p2b: Dragonite|flinch
|move|p1a: Farigiraf|Trick Room|p1a: Farigiraf
|-fieldstart|move: Trick Room|[of] p1a: Farigiraf
|
|upkeep
|turn|2
|inactive|klaushima has 30 seconds left.
|
|t:|1757159127
|move|p1a: Farigiraf|Hyper Voice|p2b: Dragonite|[spread] p2a,p2b
|-damage|p2a: Volcarona|70/100
|-damage|p2b: Dragonite|58/100
|-enditem|p1a: Farigiraf|Throat Spray
|-boost|p1a: Farigiraf|spa|1|[from] item: Throat Spray
|move|p1b: Incineroar|Knock Off|p2a: Volcarona
|-damage|p2a: Volcarona|8/100
|-enditem|p2a: Volcarona|Leftovers|[from] move: Knock Off|[of] p1b: Incineroar
|move|p2b: Dragonite|Haze|p2b: Dragonite
|-clearallboost
|move|p2a: Volcarona|Flamethrower|p1a: Farigiraf
|-damage|p1a: Farigiraf|58/100
|-status|p1a: Farigiraf|brn
|
|-damage|p1a: Farigiraf|52/100 brn|[from] brn
|upkeep
|turn|3
|inactive|klaushima has 30 seconds left.
|inactive|klaushima has 20 seconds left.
|
|t:|1757159164
|move|p2b: Dragonite|Protect|p2b: Dragonite
|-singleturn|p2b: Dragonite|Protect
|move|p2a: Volcarona|Protect|p2a: Volcarona
|-singleturn|p2a: Volcarona|Protect
|move|p1a: Farigiraf|Hyper Voice|p2a: Volcarona|[spread] 
|-activate|p2a: Volcarona|move: Protect
|-activate|p2b: Dragonite|move: Protect
|move|p1b: Incineroar|Knock Off|p2b: Dragonite
|-activate|p2b: Dragonite|move: Protect
|
|-damage|p1a: Farigiraf|46/100 brn|[from] brn
|upkeep
|turn|4
|inactive|HTR KD has 30 seconds left.
|inactive|klaushima has 30 seconds left.
|
|t:|1757159193
|switch|p2b: Rillaboom|Rillaboom, L50, M|100/100
|-fieldstart|move: Grassy Terrain|[from] ability: Grassy Surge|[of] p2b: Rillaboom
|move|p1a: Farigiraf|Hyper Voice|p2a: Volcarona|[spread] p2a,p2b
|-damage|p2a: Volcarona|0 fnt
|-damage|p2b: Rillaboom|78/100
|faint|p2a: Volcarona
|move|p1b: Incineroar|Knock Off|p2b: Rillaboom
|-damage|p2b: Rillaboom|33/100
|-enditem|p2b: Rillaboom|Assault Vest|[from] move: Knock Off|[of] p1b: Incineroar
|
|-heal|p1a: Farigiraf|52/100 brn|[from] Grassy Terrain
|-heal|p2b: Rillaboom|39/100|[from] Grassy Terrain
|-damage|p1a: Farigiraf|46/100 brn|[from] brn
|upkeep
|
|t:|1757159217
|switch|p2a: Sneasler|Sneasler, L50, F|100/100
|turn|5
|
|t:|1757159233
|switch|p1b: Indeedee|Indeedee-F, L50, F|100/100
|-fieldstart|move: Psychic Terrain|[from] ability: Psychic Surge|[of] p1b: Indeedee
|-enditem|p1b: Indeedee|Psychic Seed
|-boost|p1b: Indeedee|spd|1|[from] item: Psychic Seed
|switch|p2b: Dragonite|Dragonite, L50, M|58/100
|move|p1a: Farigiraf|Expanding Force|p2a: Sneasler|[spread] p2a,p2b
|-supereffective|p2a: Sneasler
|-crit|p2b: Dragonite
|-enditem|p2a: Sneasler|Focus Sash
|-damage|p2a: Sneasler|1/100
|-damage|p2b: Dragonite|0 fnt
|faint|p2b: Dragonite
|move|p2a: Sneasler|Coaching|p2: Dragonite|[notarget]
|-fail|p2a: Sneasler
|
|-damage|p1a: Farigiraf|40/100 brn|[from] brn
|-fieldend|move: Trick Room
|upkeep
|
|t:|1757159246
|switch|p2b: Rillaboom|Rillaboom, L50, M|39/100
|-fieldstart|move: Grassy Terrain|[from] ability: Grassy Surge|[of] p2b: Rillaboom
|turn|6
|-message|klaushima forfeited.
|
|win|HTR KD
||HTR KD is ready for game 2.
||klaushima is ready for game 2.
|uhtml|next|Next: Game 2 of 3
|l|☆HTR KD
|player|p1|
