|j|☆speqtral09
|j|☆x-demon18
|html|speqtral09x-demon18    
|uhtml|bestof|Game 1 of a best-of-3
|t:|1784445541
|gametype|doubles
|player|p1|speqtral09|102|1042
|player|p2|x-demon18|lucas|1029
|gen|9
|tier|[Gen 9 Champions] VGC 2026 Reg M-B (Bo3)
|rated|
|rule|Species Clause: Limit one of each Pokémon
|rule|Item Clause: Limit 1 of each item
|clearpoke
|poke|p1|Clefable, L50, F|
|poke|p1|Farigiraf, L50, F|
|poke|p1|Camerupt, L50, M|
|poke|p1|Aerodactyl, L50, F|
|poke|p1|Sneasler, L50, M|
|poke|p1|Kommo-o, L50, F|
|poke|p2|Incineroar, L50, F|
|poke|p2|Rotom-Wash, L50|
|poke|p2|Venusaur, L50, F|
|poke|p2|Corviknight, L50, F|
|poke|p2|Sylveon, L50, F|
|poke|p2|Garchomp, L50, M|
|teampreview|4
|showteam|p1|Clefable||SitrusBerry|Unaware|LifeDew,AfterYou,FollowMe,Moonblast|Calm||F|||50|]Farigiraf||ColburBerry|ArmorTail|TrickRoom,HelpingHand,TwinBeam,Thunderbolt|Sassy||F|||50|]Camerupt||Cameruptite|SolidRock|AncientPower,HeatWave,EarthPower,Protect|Modest||M|||50|]Aerodactyl||FocusSash|Unnerve|DualWingbeat,Tailwind,RockSlide,WideGuard|Jolly||F|||50|]Sneasler||WhiteHerb|Unburden|DireClaw,CloseCombat,FakeOut,Protect|Adamant||M|||50|]Kommo-o||LifeOrb|Soundproof|ClangorousSoul,AuraSphere,ClangingScales,Protect|Modest||F|||50|
|showteam|p2|Incineroar||ExpertBelt|Intimidate|FakeOut,TemperFlare,ThroatChop,PartingShot|Adamant||F|||50|]Rotom-Wash||RindoBerry|Levitate|HydroPump,Electroweb,WillOWisp,VoltSwitch|Modest|||||50|]Venusaur||Venusaurite|Chlorophyll|GigaDrain,SludgeBomb,EarthPower,Protect|Modest||F|||50|]Corviknight||OccaBerry|MirrorArmor|Tailwind,DualWingbeat,IronHead,BodyPress|Adamant||F|||50|]Sylveon||FairyFeather|Pixilate|HyperVoice,QuickAttack,Yawn,Detect|Modest||F|||50|]Garchomp||LifeOrb|RoughSkin|RockSlide,DragonClaw,StompingTantrum,Protect|Jolly||M|||50|
|
|t:|1784445564
|teamsize|p1|4
|teamsize|p2|4
|start
|switch|p1a: Kommo-o|Kommo-o, L50, F|100/100
|switch|p1b: Clefable|Clefable, L50, F|100/100
|switch|p2a: Wolverine|Incineroar, L50, F|100/100
|switch|p2b: Berserk|Garchomp, L50, M|100/100
|-ability|p2a: Wolverine|Intimidate|boost
|-unboost|p1a: Kommo-o|atk|1
|-unboost|p1b: Clefable|atk|1
|turn|1
|
|t:|1784445583
|switch|p2b: Griffith|Corviknight, L50, F|100/100
|move|p1b: Clefable|Follow Me|p1b: Clefable
|-singleturn|p1b: Clefable|move: Follow Me
|move|p1a: Kommo-o|Clangorous Soul|p1a: Kommo-o
|-boost|p1a: Kommo-o|atk|1
|-boost|p1a: Kommo-o|def|1
|-boost|p1a: Kommo-o|spa|1
|-boost|p1a: Kommo-o|spd|1
|-boost|p1a: Kommo-o|spe|1
|-damage|p1a: Kommo-o|67/100
|move|p2a: Wolverine|Parting Shot|p1b: Clefable
|-unboost|p1b: Clefable|atk|1
|-unboost|p1b: Clefable|spa|1
|
|t:|1784445596
|switch|p2a: Frieren|Sylveon, L50, F|100/100|[from] Parting Shot
|
|upkeep
|turn|2
|
|t:|1784445625
|switch|p1b: Sneasler|Sneasler, L50, M|100/100
|move|p1a: Kommo-o|Protect|p1a: Kommo-o
|-singleturn|p1a: Kommo-o|Protect
|move|p2b: Griffith|Tailwind|p2b: Griffith
|-sidestart|p2: x-demon18|move: Tailwind
|move|p2a: Frieren|Yawn|p1b: Sneasler
|-start|p1b: Sneasler|move: Yawn|[of] p2a: Frieren
|
|upkeep
|turn|3
|
|t:|1784445644
|move|p2a: Frieren|Detect|p2a: Frieren
|-singleturn|p2a: Frieren|Protect
|move|p1b: Sneasler|Fake Out|p2a: Frieren
|-activate|p2a: Frieren|move: Protect
|move|p2b: Griffith|Dual Wingbeat|p1a: Kommo-o
|-supereffective|p1a: Kommo-o|1
|-damage|p1a: Kommo-o|50/100g
|-supereffective|p1a: Kommo-o|1
|-crit|p1a: Kommo-o
|-damage|p1a: Kommo-o|13/100
|-hitcount|p1a: Kommo-o|2
|move|p1a: Kommo-o|Aura Sphere|p2a: Frieren
|-activate|p2a: Frieren|move: Protect
|
|-end|p1b: Sneasler|move: Yawn|[silent]
|-status|p1b: Sneasler|slp
|upkeep
|turn|4
|
|t:|1784445665
|switch|p1b: Clefable|Clefable, L50, F|100/100
|move|p2a: Frieren|Quick Attack|p1a: Kommo-o
|-supereffective|p1a: Kommo-o|2
|-damage|p1a: Kommo-o|0 fnt
|faint|p1a: Kommo-o
|move|p2b: Griffith|Dual Wingbeat|p1b: Clefable
|-damage|p1b: Clefable|86/100
|-damage|p1b: Clefable|72/100
|-hitcount|p1b: Clefable|2
|
|upkeep
|
|t:|1784445676
|switch|p1a: Aerodactyl|Aerodactyl, L50, F|100/100
|-ability|p1a: Aerodactyl|Unnerve
|turn|5
|-message|speqtral09 forfeited.
|
|win|x-demon18
|l|☆speqtral09
|player|p1|
|raw|speqtral09's rating: 1042 → 1025(-17 for losing)
|raw|x-demon18's rating: 1029 → 1066(+37 for winning)
