|j|☆patata navidenya
|j|☆AjaniVGC
|html|patata navidenyaAjaniVGC    
|uhtml|bestof|Game 3 of a best-of-3
|t:|1756457479
|gametype|doubles
|player|p1|patata navidenya|cilan|1281
|player|p2|AjaniVGC|2|1134
|gen|9
|tier|[Gen 9] VGC 2025 Reg H (Bo3)
|rated|
|rule|Species Clause: Limit one of each Pokémon
|rule|Item Clause: Limit 1 of each item
|clearpoke
|poke|p1|Pelipper, L50, F|
|poke|p1|Archaludon, L50, M|
|poke|p1|Sinistcha, L50|
|poke|p1|Incineroar, L50, M|
|poke|p1|Dragonite, L50, M|
|poke|p1|Basculegion, L50, M|
|poke|p2|Sneasler, L50, M|
|poke|p2|Ursaluna-Bloodmoon, L50, M|
|poke|p2|Gholdengo, L50|
|poke|p2|Magmar, L50, F|
|poke|p2|Annihilape, L50, F|
|poke|p2|Whimsicott, L50, M|
|teampreview|4
|showteam|p1|Pelipper||FocusSash|Drizzle|MuddyWater,Hurricane,Tailwind,Protect|||F|||50|,,,,,Ghost]Archaludon||AssaultVest|Stamina|FlashCannon,ElectroShot,BodyPress,Snarl|||M|||50|,,,,,Bug]Sinistcha||SitrusBerry|Hospitality|MatchaGotcha,RagePowder,LifeDew,TrickRoom||||||50|,,,,,Fire]Incineroar||SafetyGoggles|Intimidate|KnockOff,Taunt,PartingShot,FakeOut|||M|||50|,,,,,Ghost]Dragonite||LoadedDice|Multiscale|ScaleShot,Tailwind,Haze,Protect|||M|||50|,,,,,Fairy]Basculegion||LifeOrb|SwiftSwim|WaveCrash,AquaJet,LastRespects,Protect|||M|||50|,,,,,Water
|showteam|p2|Sneasler||FocusSash|Unburden|DireClaw,CloseCombat,FakeOut,Coaching|||M|||50|,,,,,Stellar]Ursaluna-Bloodmoon||LifeOrb|MindsEye|EarthPower,BloodMoon,HyperVoice,Protect|||M|||50|,,,,,Ghost]Gholdengo||WhiteHerb|GoodasGold|MakeItRain,ShadowBall,NastyPlot,Protect||||||50|,,,,,Water]Magmar||Eviolite|VitalSpirit|FollowMe,WillOWisp,Protect,Overheat|||F|||50|,,,,,Ghost]Annihilape||Leftovers|Defiant|RageFist,DrainPunch,BulkUp,Protect|||F|||50|,,,,,Fire]Whimsicott||CovertCloak|Prankster|Moonblast,Tailwind,Encore,SunnyDay|||M|||50|,,,,,Water
|inactive|Battle timer is ON: inactive players will automatically lose when time's up. (requested by patata navidenya)
|
|t:|1756457500
|teamsize|p1|4
|teamsize|p2|4
|start
|switch|p1a: Archaludon|Archaludon, L50, M|100/100
|switch|p1b: Pelipper|Pelipper, L50, F|100/100
|switch|p2a: Annihilape|Annihilape, L50, F|100/100
|switch|p2b: Magmar|Magmar, L50, F|100/100
|-weather|RainDance|[from] ability: Drizzle|[of] p1b: Pelipper
|turn|1
|
|t:|1756457519
|move|p2b: Magmar|Follow Me|p2b: Magmar
|-singleturn|p2b: Magmar|move: Follow Me
|move|p1a: Archaludon|Electro Shot||[still]
|-prepare|p1a: Archaludon|Electro Shot
|-boost|p1a: Archaludon|spa|1
|-anim|p1a: Archaludon|Electro Shot|p2b: Magmar
|-damage|p2b: Magmar|68/100
|move|p1b: Pelipper|Tailwind|p1b: Pelipper
|-sidestart|p1: patata navidenya|move: Tailwind
|move|p2a: Annihilape|Bulk Up|p2a: Annihilape
|-boost|p2a: Annihilape|atk|1
|-boost|p2a: Annihilape|def|1
|
|-weather|RainDance|[upkeep]
|upkeep
|turn|2
|
|t:|1756457542
|move|p2b: Magmar|Follow Me|p2b: Magmar
|-singleturn|p2b: Magmar|move: Follow Me
|move|p1a: Archaludon|Electro Shot||[still]
|-prepare|p1a: Archaludon|Electro Shot
|-boost|p1a: Archaludon|spa|1
|-anim|p1a: Archaludon|Electro Shot|p2b: Magmar
|-damage|p2b: Magmar|22/100
|move|p1b: Pelipper|Muddy Water|p2b: Magmar|[spread] 
|-miss|p1b: Pelipper|p2a: Annihilape
|-miss|p1b: Pelipper|p2b: Magmar
|move|p2a: Annihilape|Bulk Up|p2a: Annihilape
|-boost|p2a: Annihilape|atk|1
|-boost|p2a: Annihilape|def|1
|
|-weather|RainDance|[upkeep]
|upkeep
|turn|3
|
|t:|1756457564
|move|p2b: Magmar|Follow Me|p2b: Magmar
|-singleturn|p2b: Magmar|move: Follow Me
|move|p1a: Archaludon|Electro Shot||[still]
|-prepare|p1a: Archaludon|Electro Shot
|-boost|p1a: Archaludon|spa|1
|-anim|p1a: Archaludon|Electro Shot|p2b: Magmar
|-damage|p2b: Magmar|0 fnt
|faint|p2b: Magmar
|move|p1b: Pelipper|Hurricane|p2a: Annihilape
|-supereffective|p2a: Annihilape
|-damage|p2a: Annihilape|11/100
|move|p2a: Annihilape|Drain Punch|p1a: Archaludon
|-supereffective|p1a: Archaludon
|-damage|p1a: Archaludon|0 fnt
|-heal|p2a: Annihilape|52/100|[from] drain|[of] p1a: Archaludon
|faint|p1a: Archaludon
|
|-weather|RainDance|[upkeep]
|-heal|p2a: Annihilape|58/100|[from] item: Leftovers
|upkeep
|
|t:|1756457587
|switch|p1a: Sinistcha|Sinistcha, L50|100/100
|switch|p2b: Whimsicott|Whimsicott, L50, M|100/100
|turn|4
|inactive|AjaniVGC has 30 seconds left.
|
|t:|1756457621
|-terastallize|p1a: Sinistcha|Fire
|move|p2a: Annihilape|Protect|p2a: Annihilape
|-singleturn|p2a: Annihilape|Protect
|move|p2b: Whimsicott|Tailwind|p2b: Whimsicott
|-sidestart|p2: AjaniVGC|move: Tailwind
|move|p1b: Pelipper|Hurricane|p2b: Whimsicott
|-supereffective|p2b: Whimsicott
|-damage|p2b: Whimsicott|0 fnt
|faint|p2b: Whimsicott
|move|p1a: Sinistcha|Matcha Gotcha|p2a: Annihilape
|-activate|p2a: Annihilape|move: Protect
|
|-weather|RainDance|[upkeep]
|-heal|p2a: Annihilape|64/100|[from] item: Leftovers
|-sideend|p1: patata navidenya|move: Tailwind
|upkeep
|
|t:|1756457638
|switch|p2b: Gholdengo|Gholdengo, L50|100/100
|turn|5
|inactive|AjaniVGC has 30 seconds left.
|
|t:|1756457667
|-terastallize|p2a: Annihilape|Fire
|move|p1b: Pelipper|Protect|p1b: Pelipper
|-singleturn|p1b: Pelipper|Protect
|move|p2b: Gholdengo|Nasty Plot|p2b: Gholdengo
|-boost|p2b: Gholdengo|spa|2
|move|p2a: Annihilape|Rage Fist|p1b: Pelipper
|-activate|p1b: Pelipper|move: Protect
|move|p1a: Sinistcha|Trick Room|p1a: Sinistcha
|-fieldstart|move: Trick Room|[of] p1a: Sinistcha
|
|-weather|none
|-heal|p2a: Annihilape|70/100|[from] item: Leftovers
|upkeep
|turn|6
|inactive|AjaniVGC has 30 seconds left.
|
|t:|1756457701
|move|p1a: Sinistcha|Rage Powder|p1a: Sinistcha
|-singleturn|p1a: Sinistcha|move: Rage Powder
|move|p1b: Pelipper|Muddy Water|p2b: Gholdengo|[spread] p2a,p2b
|-supereffective|p2a: Annihilape
|-damage|p2a: Annihilape|19/100
|-damage|p2b: Gholdengo|67/100
|move|p2a: Annihilape|Drain Punch|p1a: Sinistcha
|-crit|p1a: Sinistcha
|-damage|p1a: Sinistcha|0 fnt
|-heal|p2a: Annihilape|60/100|[from] drain|[of] p1a: Sinistcha
|faint|p1a: Sinistcha
|move|p2b: Gholdengo|Make It Rain|p1b: Pelipper
|-resisted|p1b: Pelipper
|-enditem|p1b: Pelipper|Focus Sash
|-damage|p1b: Pelipper|1/100
|-unboost|p2b: Gholdengo|spa|1
|
|-heal|p2a: Annihilape|66/100|[from] item: Leftovers
|upkeep
|
|t:|1756457711
|switch|p1a: Incineroar|Incineroar, L50, M|100/100
|-ability|p1a: Incineroar|Intimidate|boost
|-unboost|p2a: Annihilape|atk|1
|-ability|p2a: Annihilape|Defiant|boost
|-boost|p2a: Annihilape|atk|2
|-unboost|p2b: Gholdengo|atk|1
|-enditem|p2b: Gholdengo|White Herb
|-clearnegativeboost|p2b: Gholdengo|[silent]
|turn|7
|
|t:|1756457720
|move|p2a: Annihilape|Protect|p2a: Annihilape
|-singleturn|p2a: Annihilape|Protect
|move|p2b: Gholdengo|Protect|p2b: Gholdengo
|-singleturn|p2b: Gholdengo|Protect
|move|p1a: Incineroar|Knock Off|p2b: Gholdengo
|-activate|p2b: Gholdengo|move: Protect
|move|p1b: Pelipper|Muddy Water|p2a: Annihilape|[spread] 
|-activate|p2a: Annihilape|move: Protect
|-activate|p2b: Gholdengo|move: Protect
|
|-heal|p2a: Annihilape|72/100|[from] item: Leftovers
|-sideend|p2: AjaniVGC|move: Tailwind
|upkeep
|turn|8
|inactive|AjaniVGC has 30 seconds left.
|
|t:|1756457746
|move|p1a: Incineroar|Knock Off|p2b: Gholdengo
|-supereffective|p2b: Gholdengo
|-damage|p2b: Gholdengo|7/100
|move|p2a: Annihilape|Drain Punch|p1a: Incineroar
|-supereffective|p1a: Incineroar
|-damage|p1a: Incineroar|0 fnt
|-heal|p2a: Annihilape|100/100|[from] drain|[of] p1a: Incineroar
|faint|p1a: Incineroar
|move|p1b: Pelipper|Muddy Water|p2b: Gholdengo|[spread] p2a
|-miss|p1b: Pelipper|p2b: Gholdengo
|-supereffective|p2a: Annihilape
|-damage|p2a: Annihilape|40/100
|move|p2b: Gholdengo|Make It Rain|p1b: Pelipper
|-resisted|p1b: Pelipper
|-damage|p1b: Pelipper|0 fnt
|-unboost|p2b: Gholdengo|spa|1
|faint|p1b: Pelipper
|
|win|AjaniVGC
|raw|patata navidenya's rating: 1281 → 1246(-35 for losing)
|raw|AjaniVGC's rating: 1134 → 1169(+35 for winning)
|c|☆patata navidenya|gg
|l|☆AjaniVGC
|player|p2|
