|j|☆OwanTanSoup
|j|☆LostAzi
|html|OwanTanSoupLostAzi    
|uhtml|bestof|Game 2 of a best-of-3
|t:|1756782996
|gametype|doubles
|player|p1|OwanTanSoup|ingo|1000
|player|p2|LostAzi|roxie|1020
|gen|9
|tier|[Gen 9] VGC 2025 Reg H (Bo3)
|rated|
|rule|Species Clause: Limit one of each Pokémon
|rule|Item Clause: Limit 1 of each item
|clearpoke
|poke|p1|Dragonite, L50, F|
|poke|p1|Scrafty, L50, M|
|poke|p1|Grimmsnarl, L50, M|
|poke|p1|Mimikyu, L50, M|
|poke|p1|Volcarona, L50, M|
|poke|p1|Primarina, L50, M|
|poke|p2|Incineroar, L50, M|
|poke|p2|Dragonite, L50, F|
|poke|p2|Gholdengo, L50|
|poke|p2|Amoonguss, L50, F|
|poke|p2|Sneasler, L50, F|
|poke|p2|Ursaluna-Bloodmoon, L50, M|
|teampreview|4
|showteam|p1|Dragonite||SafetyGoggles|Multiscale|ThunderPunch,ExtremeSpeed,Tailwind,IceSpinner|||F|||50|,,,,,Normal]Scrafty||SitrusBerry|Intimidate|Protect,FakeOut,CloseCombat,Crunch|||M|||50|,,,,,Steel]Grimmsnarl||LightClay|Prankster|ThunderWave,LightScreen,SpiritBreak,Reflect|||M|||50|,,,,,Dark]Mimikyu||LumBerry|Disguise|ShadowSneak,ShadowClaw,PlayRough,SwordsDance|||M|||50|,,,,,Ghost]Volcarona||LifeOrb|FlameBody|Protect,HeatWave,QuiverDance,BugBuzz|||M|||50|,,,,,Fire]Primarina||ThroatSpray|LiquidVoice|Protect,IceBeam,HyperVoice,DrainingKiss|||M|||50|,,,,,Water
|showteam|p2|Incineroar||SafetyGoggles|Intimidate|FlareBlitz,KnockOff,FakeOut,PartingShot|||M|||50|,,,,,Ghost]Dragonite||LoadedDice|Multiscale|ScaleShot,Tailwind,Haze,Protect|||F|||50|,,,,,Fairy]Gholdengo||LifeOrb|GoodasGold|MakeItRain,NastyPlot,ShadowBall,Protect||||||50|,,,,,Water]Amoonguss||SitrusBerry|Regenerator|PollenPuff,Spore,RagePowder,Protect|||F|||50|,,,,,Psychic]Sneasler||FocusSash|Unburden|CloseCombat,DireClaw,ThroatChop,Protect|||F|||50|,,,,,Stellar]Ursaluna-Bloodmoon||AssaultVest|MindsEye|HyperVoice,BloodMoon,EarthPower,VacuumWave|||M|||50|,,,,,Water
|inactive|Battle timer is ON: inactive players will automatically lose when time's up. (requested by LostAzi)
|inactive|LostAzi has 60 seconds left.
|
|t:|1756783038
|teamsize|p1|4
|teamsize|p2|4
|start
|switch|p1a: Grimmsnarl|Grimmsnarl, L50, M|100/100
|switch|p1b: Primarina|Primarina, L50, M|100/100
|switch|p2a: Amoonguss|Amoonguss, L50, F, shiny|100/100
|switch|p2b: Sneasler|Sneasler, L50, F, shiny|100/100
|turn|1
|inactive|OwanTanSoup has 30 seconds left.
|inactive|OwanTanSoup has 20 seconds left.
|inactive|OwanTanSoup has 15 seconds left.
|inactive|OwanTanSoup has 10 seconds left.
|
|t:|1756783086
|move|p1b: Primarina|Protect|p1b: Primarina
|-singleturn|p1b: Primarina|Protect
|move|p2a: Amoonguss|Rage Powder|p2a: Amoonguss
|-singleturn|p2a: Amoonguss|move: Rage Powder
|move|p1a: Grimmsnarl|Thunder Wave|p2a: Amoonguss
|-status|p2a: Amoonguss|par
|move|p2b: Sneasler|Dire Claw|p1b: Primarina
|-activate|p1b: Primarina|move: Protect
|
|upkeep
|turn|2
|
|t:|1756783101
|switch|p1b: Scrafty|Scrafty, L50, M|100/100
|-ability|p1b: Scrafty|Intimidate|boost
|-unboost|p2a: Amoonguss|atk|1
|-unboost|p2b: Sneasler|atk|1
|cant|p2a: Amoonguss|par
|move|p1a: Grimmsnarl|Reflect|p1a: Grimmsnarl
|-sidestart|p1: OwanTanSoup|Reflect
|move|p2b: Sneasler|Dire Claw|p1b: Scrafty
|-crit|p1b: Scrafty
|-damage|p1b: Scrafty|43/100
|-enditem|p1b: Scrafty|Sitrus Berry|[eat]
|-heal|p1b: Scrafty|68/100|[from] item: Sitrus Berry
|
|upkeep
|turn|3
|
|t:|1756783122
|move|p1b: Scrafty|Fake Out|p2a: Amoonguss
|-damage|p2a: Amoonguss|90/100 par
|cant|p2a: Amoonguss|flinch
|move|p1a: Grimmsnarl|Thunder Wave|p2b: Sneasler
|-status|p2b: Sneasler|par
|move|p2b: Sneasler|Close Combat|p1b: Scrafty
|-supereffective|p1b: Scrafty
|-damage|p1b: Scrafty|12/100
|-unboost|p2b: Sneasler|def|1
|-unboost|p2b: Sneasler|spd|1
|
|upkeep
|turn|4
|
|t:|1756783140
|switch|p2b: Dragonite|Dragonite, L50, F, shiny|100/100
|cant|p2a: Amoonguss|par
|move|p1a: Grimmsnarl|Light Screen|p1a: Grimmsnarl
|-sidestart|p1: OwanTanSoup|move: Light Screen
|move|p1b: Scrafty|Close Combat|p2b: Dragonite
|-resisted|p2b: Dragonite
|-damage|p2b: Dragonite|86/100
|-unboost|p1b: Scrafty|def|1
|-unboost|p1b: Scrafty|spd|1
|
|upkeep
|turn|5
|
|t:|1756783162
|move|p2b: Dragonite|Tailwind|p2b: Dragonite
|-sidestart|p2: LostAzi|move: Tailwind
|move|p1a: Grimmsnarl|Spirit Break|p2b: Dragonite
|-supereffective|p2b: Dragonite
|-damage|p2b: Dragonite|14/100
|-unboost|p2b: Dragonite|spa|1
|move|p1b: Scrafty|Crunch|p2a: Amoonguss
|-damage|p2a: Amoonguss|59/100 par
|move|p2a: Amoonguss|Spore|p1a: Grimmsnarl
|-status|p1a: Grimmsnarl|slp|[from] move: Spore
|
|upkeep
|turn|6
|inactive|OwanTanSoup has 30 seconds left.
|
|t:|1756783187
|move|p1b: Scrafty|Protect|p1b: Scrafty
|-singleturn|p1b: Scrafty|Protect
|cant|p1a: Grimmsnarl|slp
|move|p2b: Dragonite|Scale Shot|p1b: Scrafty
|-activate|p1b: Scrafty|move: Protect
|cant|p2a: Amoonguss|par
|
|upkeep
|turn|7
|
|t:|1756783200
|switch|p2b: Gholdengo|Gholdengo, L50, shiny|100/100
|move|p2a: Amoonguss|Protect|p2a: Amoonguss
|-singleturn|p2a: Amoonguss|Protect
|-curestatus|p1a: Grimmsnarl|slp|[msg]
|move|p1a: Grimmsnarl|Spirit Break|p2b: Gholdengo
|-resisted|p2b: Gholdengo
|-damage|p2b: Gholdengo|85/100
|-unboost|p2b: Gholdengo|spa|1
|move|p1b: Scrafty|Crunch|p2a: Amoonguss
|-activate|p2a: Amoonguss|move: Protect
|
|upkeep
|turn|8
|inactive|OwanTanSoup has 30 seconds left.
|
|t:|1756783226
|move|p2a: Amoonguss|Rage Powder|p2a: Amoonguss
|-singleturn|p2a: Amoonguss|move: Rage Powder
|move|p2b: Gholdengo|Nasty Plot|p2b: Gholdengo
|-boost|p2b: Gholdengo|spa|2
|move|p1a: Grimmsnarl|Spirit Break|p2a: Amoonguss
|-resisted|p2a: Amoonguss
|-damage|p2a: Amoonguss|46/100 par
|-unboost|p2a: Amoonguss|spa|1
|-enditem|p2a: Amoonguss|Sitrus Berry|[eat]
|-heal|p2a: Amoonguss|71/100 par|[from] item: Sitrus Berry
|move|p1b: Scrafty|Crunch|p2a: Amoonguss
|-damage|p2a: Amoonguss|37/100 par
|-unboost|p2a: Amoonguss|def|1
|
|-sideend|p2: LostAzi|move: Tailwind
|upkeep
|turn|9
|
|t:|1756783247
|cant|p2a: Amoonguss|par
|move|p2b: Gholdengo|Make It Rain|p1b: Scrafty|[spread] p1a,p1b
|-supereffective|p1a: Grimmsnarl
|-damage|p1a: Grimmsnarl|13/100
|-damage|p1b: Scrafty|0 fnt
|-unboost|p2b: Gholdengo|spa|1
|faint|p1b: Scrafty
|-damage|p2b: Gholdengo|76/100|[from] item: Life Orb
|move|p1a: Grimmsnarl|Spirit Break|p2a: Amoonguss
|-resisted|p2a: Amoonguss
|-damage|p2a: Amoonguss|18/100 par
|-unboost|p2a: Amoonguss|spa|1
|
|-sideend|p1: OwanTanSoup|Reflect
|upkeep
|
|t:|1756783254
|switch|p1b: Mimikyu|Mimikyu, L50, M|100/100
|turn|10
|inactive|OwanTanSoup has 30 seconds left.
|inactive|LostAzi has 30 seconds left.
|
|t:|1756783282
|cant|p2a: Amoonguss|par
|move|p1a: Grimmsnarl|Reflect|p1a: Grimmsnarl
|-sidestart|p1: OwanTanSoup|Reflect
|move|p1b: Mimikyu|Shadow Claw|p2b: Gholdengo
|-supereffective|p2b: Gholdengo
|-damage|p2b: Gholdengo|13/100
|move|p2b: Gholdengo|Make It Rain|p1a: Grimmsnarl|[spread] p1a,p1b
|-supereffective|p1a: Grimmsnarl
|-crit|p1a: Grimmsnarl
|-damage|p1a: Grimmsnarl|0 fnt
|-activate|p1b: Mimikyu|ability: Disguise
|-damage|p1b: Mimikyu|100/100
|-unboost|p2b: Gholdengo|spa|1
|detailschange|p1b: Mimikyu|Mimikyu-Busted, L50, M
|-damage|p1b: Mimikyu|88/100|[from] pokemon: Mimikyu-Busted
|faint|p1a: Grimmsnarl
|-damage|p2b: Gholdengo|4/100|[from] item: Life Orb
|
|upkeep
|
|t:|1756783290
|switch|p1a: Primarina|Primarina, L50, M|100/100
|turn|11
|
|t:|1756783308
|-terastallize|p1a: Primarina|Water
|move|p2a: Amoonguss|Rage Powder|p2a: Amoonguss
|-singleturn|p2a: Amoonguss|move: Rage Powder
|move|p1b: Mimikyu|Shadow Sneak|p2a: Amoonguss
|-damage|p2a: Amoonguss|0 fnt
|faint|p2a: Amoonguss
|move|p2b: Gholdengo|Make It Rain|p1b: Mimikyu|[spread] p1a,p1b
|-resisted|p1a: Primarina
|-supereffective|p1b: Mimikyu
|-damage|p1a: Primarina|91/100
|-damage|p1b: Mimikyu|19/100
|-unboost|p2b: Gholdengo|spa|1
|-damage|p2b: Gholdengo|0 fnt|[from] item: Life Orb
|faint|p2b: Gholdengo
|move|p1a: Primarina|Hyper Voice|p2: Amoonguss|[notarget]
|-fail|p1a: Primarina
|
|-sideend|p1: OwanTanSoup|move: Light Screen
|upkeep
|
|t:|1756783323
|switch|p2b: Sneasler|Sneasler, L50, F, shiny|100/100 par
|switch|p2a: Dragonite|Dragonite, L50, F, shiny|14/100
|turn|12
|inactive|LostAzi has 30 seconds left.
|
|t:|1756783352
|move|p2a: Dragonite|Protect|p2a: Dragonite
|-singleturn|p2a: Dragonite|Protect
|move|p1b: Mimikyu|Shadow Sneak|p2a: Dragonite
|-activate|p2a: Dragonite|move: Protect
|cant|p2b: Sneasler|par
|move|p1a: Primarina|Hyper Voice|p2b: Sneasler|[spread] p2b
|-activate|p2a: Dragonite|move: Protect
|-damage|p2b: Sneasler|31/100 par
|-enditem|p1a: Primarina|Throat Spray
|-boost|p1a: Primarina|spa|1|[from] item: Throat Spray
|
|upkeep
|turn|13
|inactive|LostAzi has 30 seconds left.
|
|t:|1756783379
|move|p1b: Mimikyu|Shadow Sneak|p2a: Dragonite
|-damage|p2a: Dragonite|0 fnt
|faint|p2a: Dragonite
|cant|p2b: Sneasler|par
|move|p1a: Primarina|Hyper Voice|p2b: Sneasler
|-damage|p2b: Sneasler|0 fnt
|faint|p2b: Sneasler
|
|win|OwanTanSoup
|raw|OwanTanSoup's rating: 1000 → 1042(+42 for winning)
|raw|LostAzi's rating: 1020 → 1006(-14 for losing)
|l|☆OwanTanSoup
|player|p1|
