|j|☆mike6972
|j|☆pressinblades
|html|mike6972pressinblades    
|uhtml|bestof|Game 2 of a best-of-3
|t:|1782486496
|gametype|doubles
|player|p1|mike6972|2|1127
|player|p2|pressinblades|steven|1213
|gen|9
|tier|[Gen 9 Champions] VGC 2026 Reg M-B (Bo3)
|rated|
|rule|Species Clause: Limit one of each Pokémon
|rule|Item Clause: Limit 1 of each item
|clearpoke
|poke|p1|Delphox, L50, F|
|poke|p1|Whimsicott, L50, M|
|poke|p1|Incineroar, L50, F|
|poke|p1|Sylveon, L50, F|
|poke|p1|Basculegion, L50, M|
|poke|p1|Garchomp, L50, M|
|poke|p2|Talonflame, L50, F|
|poke|p2|Sneasler, L50, F|
|poke|p2|Garchomp, L50, M, shiny|
|poke|p2|Maushold, L50|
|poke|p2|Gardevoir, L50, M, shiny|
|poke|p2|Ninetales, L50, M|
|teampreview|4
|showteam|p1|Delphox||Delphoxite|Blaze|HeatWave,Psychic,NastyPlot,Protect|Timid||F|||50|]Whimsicott||FocusSash|Prankster|Tailwind,Protect,Encore,Moonblast|Bold||M|||50|]Incineroar||ShucaBerry|Intimidate|HelpingHand,FlareBlitz,FakeOut,PartingShot|Impish||F|||50|]Sylveon||FairyFeather|Pixilate|Protect,HyperVoice,Yawn,HyperBeam|Modest||F|||50|]Basculegion||ChoiceScarf|Adaptability|AquaJet,WaveCrash,FlipTurn,LastRespects|Adamant||M|||50|]Garchomp||LifeOrb|RoughSkin|Protect,Earthquake,DragonClaw,RockSlide|Adamant||M|||50|
|showteam|p2|Talonflame||LifeOrb|GaleWings|Protect,DualWingbeat,Tailwind,Overheat|Naive||F|||50|]Sneasler||WhiteHerb|Unburden|FakeOut,CloseCombat,DireClaw,RockTomb|Jolly||F|||50|]Garchomp||ExpertBelt|RoughSkin|Protect,RockSlide,Earthquake,DragonClaw|Adamant||M|||50|]Maushold||FocusSash|FriendGuard|Protect,SuperFang,PopulationBomb,FollowMe|Adamant|||||50|]Gardevoir||Gardevoirite|Telepathy|Protect,TrickRoom,HyperVoice,Psychic|Modest||M|||50|]Ninetales||ChoiceScarf|Drought|HeatWave,Overheat,SolarBeam,Snarl|Timid||M|||50|
|
|t:|1782486578
|teamsize|p1|4
|teamsize|p2|4
|start
|switch|p1a: Incineroar|Incineroar, L50, F|100/100
|switch|p1b: Basculegion|Basculegion, L50, M|100/100
|switch|p2a: Maushold|Maushold, L50|100/100
|switch|p2b: Gardevoir|Gardevoir, L50, M, shiny|100/100
|-ability|p1a: Incineroar|Intimidate|boost
|-unboost|p2a: Maushold|atk|1
|-unboost|p2b: Gardevoir|atk|1
|turn|1
|
|t:|1782486598
|move|p2a: Maushold|Protect|p2a: Maushold
|-singleturn|p2a: Maushold|Protect
|move|p2b: Gardevoir|Protect|p2b: Gardevoir
|-singleturn|p2b: Gardevoir|Protect
|move|p1a: Incineroar|Fake Out|p2b: Gardevoir
|-activate|p2b: Gardevoir|move: Protect
|move|p1b: Basculegion|Flip Turn|p2a: Maushold
|-activate|p2a: Maushold|move: Protect
|
|upkeep
|turn|2
|
|t:|1782486615
|detailschange|p2b: Gardevoir|Gardevoir-Mega, L50, M, shiny
|-mega|p2b: Gardevoir|Gardevoir|Gardevoirite
|move|p1b: Basculegion|Flip Turn|p2a: Maushold
|-damage|p2a: Maushold|37/100
|
|t:|1782486620
|switch|p1b: Whimsicott|Whimsicott, L50, M|100/100|[from] Flip Turn
|move|p2a: Maushold|Super Fang|p1b: Whimsicott
|-damage|p1b: Whimsicott|50/100g
|move|p2b: Gardevoir|Hyper Voice|p1a: Incineroar|[spread] p1a,p1b
|-damage|p1a: Incineroar|52/100
|-damage|p1b: Whimsicott|0 fnt
|faint|p1b: Whimsicott
|move|p1a: Incineroar|Parting Shot|p2b: Gardevoir
|-unboost|p2b: Gardevoir|atk|1
|-unboost|p2b: Gardevoir|spa|1
|
|t:|1782486630
|switch|p1a: Delphox|Delphox, L50, F|100/100|[from] Parting Shot
|
|upkeep
|
|t:|1782486642
|switch|p1b: Basculegion|Basculegion, L50, M|100/100
|turn|3
|
|t:|1782486665
|detailschange|p1a: Delphox|Delphox-Mega, L50, F
|-mega|p1a: Delphox|Delphox|Delphoxite
|move|p2b: Gardevoir|Protect|p2b: Gardevoir
|-singleturn|p2b: Gardevoir|Protect
|move|p1a: Delphox|Heat Wave|p2b: Gardevoir|[spread] p2a
|-activate|p2b: Gardevoir|move: Protect
|-damage|p2a: Maushold|0 fnt
|faint|p2a: Maushold
|move|p1b: Basculegion|Flip Turn|p2b: Gardevoir
|-activate|p2b: Gardevoir|move: Protect
|
|upkeep
|
|t:|1782486709
|switch|p2a: Ninetales|Ninetales, L50, M|100/100
|-weather|SunnyDay|[from] ability: Drought|[of] p2a: Ninetales
|turn|4
|
|t:|1782486750
|move|p2a: Ninetales|Snarl|p1a: Delphox|[spread] p1a,p1b
|-supereffective|p1a: Delphox|1
|-supereffective|p1b: Basculegion|1
|-damage|p1a: Delphox|78/100
|-damage|p1b: Basculegion|74/100
|-unboost|p1a: Delphox|spa|1
|-unboost|p1b: Basculegion|spa|1
|move|p1a: Delphox|Heat Wave|p2b: Gardevoir|[spread] p2a,p2b
|-resisted|p2a: Ninetales|1
|-damage|p2a: Ninetales|75/100
|-damage|p2b: Gardevoir|63/100
|move|p1b: Basculegion|Flip Turn|p2a: Ninetales
|-supereffective|p2a: Ninetales|1
|-damage|p2a: Ninetales|11/100
|
|t:|1782486753
|switch|p1b: Incineroar|Incineroar, L50, F|52/100|[from] Flip Turn
|-ability|p1b: Incineroar|Intimidate|boost
|-unboost|p2a: Ninetales|atk|1
|-unboost|p2b: Gardevoir|atk|1
|move|p2b: Gardevoir|Hyper Voice|p1a: Delphox|[spread] p1a,p1b
|-resisted|p1a: Delphox|1
|-damage|p1a: Delphox|62/100
|-damage|p1b: Incineroar|22/100
|
|-weather|SunnyDay|[upkeep]
|upkeep
|turn|5
|
|t:|1782486792
|switch|p2a: Sneasler|Sneasler, L50, F|100/100
|move|p2b: Gardevoir|Protect|p2b: Gardevoir
|-singleturn|p2b: Gardevoir|Protect
|move|p1b: Incineroar|Fake Out|p2a: Sneasler
|-damage|p2a: Sneasler|79/100
|move|p1a: Delphox|Nasty Plot|p1a: Delphox
|-boost|p1a: Delphox|spa|2
|
|-weather|SunnyDay|[upkeep]
|upkeep
|turn|6
|
|t:|1782486821
|move|p1a: Delphox|Protect|p1a: Delphox
|-singleturn|p1a: Delphox|Protect
|move|p2a: Sneasler|Close Combat|p2b: Gardevoir
|-resisted|p2b: Gardevoir|2
|-damage|p2b: Gardevoir|43/100
|-unboost|p2a: Sneasler|def|1
|-unboost|p2a: Sneasler|spd|1
|-enditem|p2a: Sneasler|White Herb
|-clearnegativeboost|p2a: Sneasler|[silent]
|move|p2b: Gardevoir|Hyper Voice|p1a: Delphox|[spread] p1b
|-activate|p1a: Delphox|move: Protect
|-damage|p1b: Incineroar|0 fnt
|faint|p1b: Incineroar
|
|-weather|SunnyDay|[upkeep]
|upkeep
|
|t:|1782486830
|switch|p1b: Basculegion|Basculegion, L50, M|74/100
|turn|7
|
|t:|1782486847
|move|p2b: Gardevoir|Protect|p2b: Gardevoir
|-singleturn|p2b: Gardevoir|Protect
|move|p2a: Sneasler|Dire Claw|p1a: Delphox
|-damage|p1a: Delphox|0 fnt
|faint|p1a: Delphox
|move|p1b: Basculegion|Last Respects|p2b: Gardevoir
|-activate|p2b: Gardevoir|move: Protect
|
|-weather|SunnyDay|[upkeep]
|upkeep
|turn|8
|-message|mike6972 forfeited.
|
|win|pressinblades
|l|☆mike6972
|player|p1|
