|j|☆danicruz.music
|j|☆Tapu Lisa
|html|danicruz.musicTapu Lisa    
|uhtml|bestof|Game 2 of a best-of-3
|t:|1757725476
|gametype|doubles
|player|p1|danicruz.music|whitney|1253
|player|p2|Tapu Lisa|265|1315
|gen|9
|tier|[Gen 9] VGC 2025 Reg H (Bo3)
|rated|
|rule|Species Clause: Limit one of each Pokémon
|rule|Item Clause: Limit 1 of each item
|clearpoke
|poke|p1|Dondozo, L50, M|
|poke|p1|Tatsugiri-Stretchy, L50, F|
|poke|p1|Pelipper, L50, F|
|poke|p1|Archaludon, L50, M|
|poke|p1|Weezing-Galar, L50, F|
|poke|p1|Dragapult, L50, F|
|poke|p2|Politoed, L50, M|
|poke|p2|Gothitelle, L50, F|
|poke|p2|Incineroar, L50, M|
|poke|p2|Amoonguss, L50, F|
|poke|p2|Archaludon, L50, M|
|poke|p2|Kingdra, L50, M|
|teampreview|4
|showteam|p1|Dondozo||Leftovers|Unaware|WaveCrash,Earthquake,OrderUp,Protect|||M|||50|,,,,,Ground]Tatsugiri-Stretchy||FocusSash|Commander|DragonPulse,MirrorCoat,MuddyWater,IcyWind|||F|||50|,,,,,Fairy]Pelipper||CovertCloak|Drizzle|Hurricane,WeatherBall,WideGuard,Tailwind|||F|||50|,,,,,Fire]Archaludon||PowerHerb|Stalwart|ElectroShot,FlashCannon,DracoMeteor,Protect|||M|||50|,,,,,Electric]Weezing-Galar||RockyHelmet|NeutralizingGas|DazzlingGleam,PoisonGas,SludgeBomb,Protect|||F|||50|,,,,,Flying]Dragapult||LifeOrb|ClearBody|DragonDarts,Protect,PhantomForce,TeraBlast|||F|||50|,,,,,Fighting
|showteam|p2|Politoed||Leftovers|Drizzle|WeatherBall,PerishSong,Encore,Protect|||M|||50|,,,,,Grass]Gothitelle||SitrusBerry|ShadowTag|Psychic,FakeOut,TrickRoom,Protect|||F|||50|,,,,,Dark]Incineroar||SafetyGoggles|Intimidate|KnockOff,Protect,PartingShot,FakeOut|||M|||50|,,,,,Ghost]Amoonguss||EjectButton|Regenerator|PollenPuff,Spore,RagePowder,Protect|||F|||50|,,,,,Fairy]Archaludon||PowerHerb|Sturdy|ElectroShot,DracoMeteor,FlashCannon,Protect|||M|||50|,,,,,Electric]Kingdra||LifeOrb|SwiftSwim|MuddyWater,DracoMeteor,WeatherBall,Protect|||M|||50|,,,,,Stellar
|inactive|Battle timer is ON: inactive players will automatically lose when time's up. (requested by danicruz.music)
|
|t:|1757725493
|teamsize|p1|4
|teamsize|p2|4
|start
|switch|p1a: Weezing|Weezing-Galar, L50, F|100/100
|switch|p1b: Dragapult|Dragapult, L50, F|100/100
|switch|p2a: Gothitelle|Gothitelle, L50, F|100/100
|switch|p2b: Archaludon|Archaludon, L50, M|100/100
|-ability|p1a: Weezing|Neutralizing Gas
|turn|1
|
|t:|1757725506
|switch|p2b: Amoonguss|Amoonguss, L50, F, shiny|100/100
|move|p1b: Dragapult|Protect|p1b: Dragapult
|-singleturn|p1b: Dragapult|Protect
|move|p1a: Weezing|Dazzling Gleam|p2a: Gothitelle|[spread] p2a,p2b
|-resisted|p2b: Amoonguss
|-damage|p2a: Gothitelle|81/100
|-damage|p2b: Amoonguss|89/100
|-enditem|p2b: Amoonguss|Eject Button
|
|t:|1757725515
|switch|p2b: Archaludon|Archaludon, L50, M|100/100
|move|p2a: Gothitelle|Trick Room|p2a: Gothitelle
|-fieldstart|move: Trick Room|[of] p2a: Gothitelle
|
|upkeep
|turn|2
|inactive|danicruz.music has 30 seconds left.
|
|t:|1757725543
|move|p2a: Gothitelle|Psychic|p1b: Dragapult
|-damage|p1b: Dragapult|60/100
|move|p1a: Weezing|Dazzling Gleam|p2a: Gothitelle|[spread] p2a,p2b
|-damage|p2a: Gothitelle|63/100
|-damage|p2b: Archaludon|64/100
|move|p2b: Archaludon|Draco Meteor|p1b: Dragapult
|-supereffective|p1b: Dragapult
|-damage|p1b: Dragapult|0 fnt
|-unboost|p2b: Archaludon|spa|2
|faint|p1b: Dragapult
|
|upkeep
|
|t:|1757725565
|switch|p1b: Dondozo|Dondozo, L50, M|100/100
|turn|3
|
|t:|1757725570
|-end|p1a: Weezing|ability: Neutralizing Gas
|switch|p1a: Tatsugiri|Tatsugiri-Stretchy, L50, F|100/100
|-activate|p1a: Tatsugiri|ability: Commander|[of] p1b: Dondozo
|-boost|p1b: Dondozo|atk|2
|-boost|p1b: Dondozo|spa|2
|-boost|p1b: Dondozo|spe|2
|-boost|p1b: Dondozo|def|2
|-boost|p1b: Dondozo|spd|2
|switch|p2b: Amoonguss|Amoonguss, L50, F, shiny|89/100
|-terastallize|p1b: Dondozo|Ground
|move|p2a: Gothitelle|Protect|p2a: Gothitelle
|-singleturn|p2a: Gothitelle|Protect
|move|p1b: Dondozo|Earthquake|p2b: Amoonguss|[spread] p2b
|-miss|p1b: Dondozo|p1a: Tatsugiri
|-activate|p2a: Gothitelle|move: Protect
|-damage|p2b: Amoonguss|39/100
|
|upkeep
|turn|4
|
|t:|1757725590
|switch|p2a: Politoed|Politoed, L50, M, shiny|100/100
|-weather|RainDance|[from] ability: Drizzle|[of] p2a: Politoed
|move|p1b: Dondozo|Protect|p1b: Dondozo
|-singleturn|p1b: Dondozo|Protect
|move|p2b: Amoonguss|Spore|p1b: Dondozo
|-activate|p1b: Dondozo|move: Protect
|
|-weather|RainDance|[upkeep]
|upkeep
|turn|5
|
|t:|1757725617
|switch|p2b: Gothitelle|Gothitelle, L50, F|63/100
|move|p1b: Dondozo|Protect|p1b: Dondozo
|-singleturn|p1b: Dondozo|Protect
|move|p2a: Politoed|Encore|p1b: Dondozo
|-activate|p1b: Dondozo|move: Protect
|
|-weather|RainDance|[upkeep]
|-fieldend|move: Trick Room
|upkeep
|turn|6
|
|t:|1757725623
|move|p2b: Gothitelle|Fake Out|p1b: Dondozo
|-damage|p1b: Dondozo|99/100
|cant|p1b: Dondozo|flinch
|move|p2a: Politoed|Encore|p1b: Dondozo
|-start|p1b: Dondozo|Encore
|
|-weather|RainDance|[upkeep]
|-heal|p1b: Dondozo|100/100|[from] item: Leftovers
|upkeep
|turn|7
|
|t:|1757725632
|switch|p2a: Amoonguss|Amoonguss, L50, F, shiny|72/100
|move|p1b: Dondozo|Protect|p1b: Dondozo
|-singleturn|p1b: Dondozo|Protect
|move|p2b: Gothitelle|Trick Room|p2b: Gothitelle
|-fieldstart|move: Trick Room|[of] p2b: Gothitelle
|
|-weather|RainDance|[upkeep]
|upkeep
|turn|8
|
|t:|1757725639
|move|p1b: Dondozo|Protect||[still]
|-fail|p1b: Dondozo
|move|p2a: Amoonguss|Spore|p1b: Dondozo
|-status|p1b: Dondozo|slp|[from] move: Spore
|move|p2b: Gothitelle|Psychic|p1b: Dondozo
|-damage|p1b: Dondozo|86/100 slp
|
|-weather|none
|-heal|p1b: Dondozo|93/100 slp|[from] item: Leftovers
|upkeep
|turn|9
|
|t:|1757725647
|cant|p1b: Dondozo|slp
|move|p2a: Amoonguss|Pollen Puff|p2b: Gothitelle
|-heal|p2b: Gothitelle|100/100
|move|p2b: Gothitelle|Psychic|p1b: Dondozo
|-damage|p1b: Dondozo|79/100 slp
|
|-heal|p1b: Dondozo|86/100 slp|[from] item: Leftovers
|-end|p1b: Dondozo|Encore
|upkeep
|turn|10
|
|t:|1757725671
|switch|p2a: Politoed|Politoed, L50, M, shiny|100/100
|-weather|RainDance|[from] ability: Drizzle|[of] p2a: Politoed
|move|p2b: Gothitelle|Psychic|p1b: Dondozo
|-damage|p1b: Dondozo|71/100 slp
|cant|p1b: Dondozo|slp
|
|-weather|RainDance|[upkeep]
|-heal|p1b: Dondozo|77/100 slp|[from] item: Leftovers
|upkeep
|turn|11
|
|t:|1757725690
|switch|p2b: Amoonguss|Amoonguss, L50, F, shiny|100/100
|move|p2a: Politoed|Weather Ball|p1b: Dondozo
|-supereffective|p1b: Dondozo
|-damage|p1b: Dondozo|25/100 slp
|-curestatus|p1b: Dondozo|slp|[msg]
|move|p1b: Dondozo|Earthquake|p2b: Amoonguss|[spread] p2a,p2b
|-miss|p1b: Dondozo|p1a: Tatsugiri
|-damage|p2a: Politoed|35/100
|-damage|p2b: Amoonguss|50/100
|
|-weather|RainDance|[upkeep]
|-heal|p2a: Politoed|41/100|[from] item: Leftovers
|-heal|p1b: Dondozo|31/100|[from] item: Leftovers
|-fieldend|move: Trick Room
|upkeep
|turn|12
|
|t:|1757725712
|switch|p2b: Gothitelle|Gothitelle, L50, F|100/100
|-terastallize|p2a: Politoed|Grass
|move|p1b: Dondozo|Earthquake|p2b: Gothitelle|[spread] p2a,p2b
|-miss|p1b: Dondozo|p1a: Tatsugiri
|-resisted|p2a: Politoed
|-damage|p2a: Politoed|4/100
|-damage|p2b: Gothitelle|39/100
|-enditem|p2b: Gothitelle|Sitrus Berry|[eat]
|-heal|p2b: Gothitelle|64/100|[from] item: Sitrus Berry
|move|p2a: Politoed|Weather Ball|p1b: Dondozo
|-supereffective|p1b: Dondozo
|-damage|p1b: Dondozo|0 fnt
|faint|p1b: Dondozo
|
|-weather|RainDance|[upkeep]
|-heal|p2a: Politoed|10/100|[from] item: Leftovers
|upkeep
|
|t:|1757725730
|switch|p1b: Weezing|Weezing-Galar, L50, F|100/100
|-ability|p1b: Weezing|Neutralizing Gas
|turn|13
|
|t:|1757725737
|move|p2b: Gothitelle|Fake Out|p1a: Tatsugiri
|-damage|p1a: Tatsugiri|89/100
|cant|p1a: Tatsugiri|flinch
|move|p2a: Politoed|Perish Song|p2a: Politoed
|-start|p1a: Tatsugiri|perish3|[silent]
|-start|p1b: Weezing|perish3|[silent]
|-start|p2a: Politoed|perish3|[silent]
|-start|p2b: Gothitelle|perish3|[silent]
|-fieldactivate|move: Perish Song
|move|p1b: Weezing|Dazzling Gleam|p2b: Gothitelle|[spread] p2a,p2b
|-crit|p2b: Gothitelle
|-damage|p2a: Politoed|0 fnt
|-damage|p2b: Gothitelle|35/100
|faint|p2a: Politoed
|
|-weather|RainDance|[upkeep]
|-start|p1a: Tatsugiri|perish3
|-start|p1b: Weezing|perish3
|-start|p2b: Gothitelle|perish3
|upkeep
|
|t:|1757725745
|switch|p2a: Amoonguss|Amoonguss, L50, F, shiny|84/100
|turn|14
|
|t:|1757725761
|move|p2b: Gothitelle|Protect|p2b: Gothitelle
|-singleturn|p2b: Gothitelle|Protect
|move|p1a: Tatsugiri|Icy Wind|p2a: Amoonguss|[spread] p2a
|-activate|p2b: Gothitelle|move: Protect
|-supereffective|p2a: Amoonguss
|-damage|p2a: Amoonguss|59/100
|-unboost|p2a: Amoonguss|spe|1
|move|p1b: Weezing|Sludge Bomb|p2a: Amoonguss
|-damage|p2a: Amoonguss|26/100
|move|p2a: Amoonguss|Spore|p1a: Tatsugiri
|-status|p1a: Tatsugiri|slp|[from] move: Spore
|
|-weather|none
|-start|p1a: Tatsugiri|perish2
|-start|p1b: Weezing|perish2
|-start|p2b: Gothitelle|perish2
|upkeep
|turn|15
|
|t:|1757725772
|switch|p2a: Archaludon|Archaludon, L50, M|64/100
|cant|p1a: Tatsugiri|slp
|move|p1b: Weezing|Sludge Bomb|p2a: Archaludon
|-immune|p2a: Archaludon
|move|p2b: Gothitelle|Psychic|p1b: Weezing
|-supereffective|p1b: Weezing
|-damage|p1b: Weezing|16/100
|
|-start|p1a: Tatsugiri|perish1
|-start|p1b: Weezing|perish1
|-start|p2b: Gothitelle|perish1
|upkeep
|turn|16
|-message|danicruz.music forfeited.
|
|win|Tapu Lisa
|l|☆danicruz.music
|player|p1|
||danicruz.music is ready for game 3.
||Tapu Lisa is ready for game 3.
|uhtml|next|Next: Game 3 of 3
|l|☆Tapu Lisa
|player|p2|
