|j|☆SP-9733
|j|☆BroscoeFlames
|html|SP-9733BroscoeFlames    
|uhtml|bestof|Game 1 of a best-of-3
|t:|1783750534
|gametype|doubles
|player|p1|SP-9733|n|1162
|player|p2|BroscoeFlames|265|1143
|gen|9
|tier|[Gen 9 Champions] VGC 2026 Reg M-B (Bo3)
|rated|
|rule|Species Clause: Limit one of each Pokémon
|rule|Item Clause: Limit 1 of each item
|clearpoke
|poke|p1|Swampert, L50, M|
|poke|p1|Pelipper, L50, F|
|poke|p1|Archaludon, L50, M|
|poke|p1|Venusaur, L50, F|
|poke|p1|Whimsicott, L50, F|
|poke|p1|Hydreigon, L50, M|
|poke|p2|Zoroark-Hisui, L50, M|
|poke|p2|Goodra-Hisui, L50, M|
|poke|p2|Grimmsnarl, L50, M|
|poke|p2|Venusaur, L50, M|
|poke|p2|Milotic, L50, F|
|poke|p2|Vivillon-Pokeball, L50, M|
|teampreview|4
|showteam|p1|Swampert||Swampertite|Torrent|WaveCrash,Earthquake,Protect,IcePunch|Adamant||M|||50|]Pelipper||SharpBeak|Drizzle|WeatherBall,Hurricane,WideGuard,Tailwind|Modest||F|||50|]Archaludon||Leftovers|Stamina|ElectroShot,FlashCannon,AuraSphere,Protect|Modest||M|||50|]Venusaur||Venusaurite|Overgrow|SludgeBomb,GigaDrain,Protect,LeechSeed|Bold||F|||50|]Whimsicott||FocusSash|Prankster|Tailwind,Encore,WorrySeed,Moonblast|Timid||F|||50|]Hydreigon||ChoiceScarf|Levitate|DarkPulse,DragonPulse,Snarl,EarthPower|Modest||M|||50|
|showteam|p2|Zoroark-Hisui||ChoiceScarf|Illusion|HyperVoice,GrassKnot,IcyWind,ShadowBall|Modest||M|||50|]Goodra-Hisui||Leftovers|ShellArmor|BodyPress,HeavySlam,Shelter,Protect|Careful||M|||50|]Grimmsnarl||LightClay|Prankster|FakeOut,Reflect,LightScreen,SpiritBreak|Impish||M|||50|]Venusaur||Venusaurite|Overgrow|GigaDrain,SludgeBomb,EarthPower,Protect|Serious||M|||50|]Milotic||SitrusBerry|Competitive|MuddyWater,Coil,Hypnosis,Protect|Modest||F|||50|]Vivillon-Pokeball||FocusSash|CompoundEyes|Protect,Hurricane,Tailwind,SleepPowder|Timid||M|||50|
|inactive|Battle timer is ON: inactive players will automatically lose when time's up. (requested by SP-9733)
|inactive|SP-9733 has 60 seconds left.
|inactive|BroscoeFlames has 60 seconds left.
|c|☆BroscoeFlames|glhf
|inactive|SP-9733 has 30 seconds left.
|
|t:|1783750601
|teamsize|p1|4
|teamsize|p2|4
|start
|switch|p1a: Hydreigon|Hydreigon, L50, M|100/100
|switch|p1b: Whimsicott|Whimsicott, L50, F|100/100
|switch|p2a: Vivillon|Vivillon-Pokeball, L50, M|100/100
|switch|p2b: Goodra|Goodra-Hisui, L50, M|100/100
|turn|1
|c|☆SP-9733|GLHF
|
|t:|1783750617
|move|p1b: Whimsicott|Worry Seed|p2a: Vivillon
|-ability|p2a: Vivillon|Insomnia|Compound Eyes|[from] move: Worry Seed
|move|p2b: Goodra|Hyper Voice|p1b: Whimsicott|[spread] p1a,p1b
|-damage|p1a: Hydreigon|58/100
|-damage|p1b: Whimsicott|42/100
|move|p1a: Hydreigon|Snarl|p2b: Goodra|[spread] p2a,p2b
|-supereffective|p2b: Goodra|1
|-damage|p2a: Vivillon|55/100
|-damage|p2b: Goodra|0 fnt
|-unboost|p2a: Vivillon|spa|1
|replace|p2b: Zoroark|Zoroark-Hisui, L50, M
|-end|p2b: Zoroark|Illusion
|faint|p2b: Zoroark
|move|p2a: Vivillon|Tailwind|p2a: Vivillon
|-sidestart|p2: BroscoeFlames|move: Tailwind
|
|upkeep
|
|t:|1783750639
|switch|p2b: Goodra|Goodra-Hisui, L50, M|100/100
|turn|2
|inactive|SP-9733 has 30 seconds left.
|inactive|BroscoeFlames has 30 seconds left.
|
|t:|1783750668
|switch|p1a: Venusaur|Venusaur, L50, F|100/100
|switch|p1b: Archaludon|Archaludon, L50, M|100/100
|move|p2a: Vivillon|Protect|p2a: Vivillon
|-singleturn|p2a: Vivillon|Protect
|move|p2b: Goodra|Heavy Slam|p1b: Archaludon
|-resisted|p1b: Archaludon|1
|-damage|p1b: Archaludon|84/100
|-ability|p1b: Archaludon|Stamina|boost
|-boost|p1b: Archaludon|def|1
|
|-heal|p1b: Archaludon|90/100|[from] item: Leftovers
|upkeep
|turn|3
|
|t:|1783750688
|switch|p2a: Venusaur|Venusaur, L50, M|100/100
|detailschange|p1a: Venusaur|Venusaur-Mega, L50, F
|-mega|p1a: Venusaur|Venusaur|Venusaurite
|move|p2b: Goodra|Shelter|p2b: Goodra
|-boost|p2b: Goodra|def|2
|move|p1b: Archaludon|Flash Cannon|p2a: Venusaur
|-damage|p2a: Venusaur|60/100
|-unboost|p2a: Venusaur|spd|1
|move|p1a: Venusaur|Leech Seed|p2b: Goodra
|-start|p2b: Goodra|move: Leech Seed
|
|-heal|p1b: Archaludon|96/100|[from] item: Leftovers
|-damage|p2b: Goodra|87/100|[from] Leech Seed|[of] p1a: Venusaur
|upkeep
|turn|4
|inactive|BroscoeFlames has 30 seconds left.
|
|t:|1783750720
|detailschange|p2a: Venusaur|Venusaur-Mega, L50, M
|-mega|p2a: Venusaur|Venusaur|Venusaurite
|move|p2a: Venusaur|Earth Power|p1b: Archaludon
|-supereffective|p1b: Archaludon|1
|-damage|p1b: Archaludon|21/100
|-ability|p1b: Archaludon|Stamina|boost
|-boost|p1b: Archaludon|def|1
|move|p2b: Goodra|Shelter|p2b: Goodra
|-boost|p2b: Goodra|def|2
|move|p1b: Archaludon|Aura Sphere|p2b: Goodra
|-supereffective|p2b: Goodra|1
|-damage|p2b: Goodra|56/100
|move|p1a: Venusaur|Sludge Bomb|p2a: Venusaur
|-damage|p2a: Venusaur|10/100
|
|-heal|p2b: Goodra|62/100|[from] item: Leftovers
|-heal|p1b: Archaludon|27/100|[from] item: Leftovers
|-damage|p2b: Goodra|50/100g|[from] Leech Seed|[of] p1a: Venusaur
|-sideend|p2: BroscoeFlames|move: Tailwind
|upkeep
|turn|5
|inactive|BroscoeFlames has 30 seconds left.
|
|t:|1783750748
|switch|p2b: Vivillon|Vivillon-Pokeball, L50, M|55/100
|move|p2a: Venusaur|Protect|p2a: Venusaur
|-singleturn|p2a: Venusaur|Protect
|move|p1b: Archaludon|Protect|p1b: Archaludon
|-singleturn|p1b: Archaludon|Protect
|move|p1a: Venusaur|Sludge Bomb|p2a: Venusaur
|-activate|p2a: Venusaur|move: Protect
|
|-heal|p1b: Archaludon|33/100|[from] item: Leftovers
|upkeep
|turn|6
|inactive|SP-9733 has 30 seconds left.
|inactive|SP-9733 has 20 seconds left.
|inactive|SP-9733 has 15 seconds left.
|
|t:|1783750793
|move|p1a: Venusaur|Protect|p1a: Venusaur
|-singleturn|p1a: Venusaur|Protect
|move|p2b: Vivillon|Sleep Powder|p1b: Archaludon
|-status|p1b: Archaludon|slp|[from] move: Sleep Powder
|move|p2a: Venusaur|Sludge Bomb|p1a: Venusaur
|-activate|p1a: Venusaur|move: Protect
|cant|p1b: Archaludon|slp
|
|-heal|p1b: Archaludon|39/100 slp|[from] item: Leftovers
|upkeep
|turn|7
|
|t:|1783750809
|move|p2b: Vivillon|Hurricane|p1a: Venusaur
|-supereffective|p1a: Venusaur|1
|-damage|p1a: Venusaur|32/100
|-start|p1a: Venusaur|confusion
|cant|p1b: Archaludon|slp
|move|p2a: Venusaur|Earth Power|p1b: Archaludon
|-supereffective|p1b: Archaludon|1
|-damage|p1b: Archaludon|0 fnt
|faint|p1b: Archaludon
|-activate|p1a: Venusaur|confusion
|move|p1a: Venusaur|Sludge Bomb|p2b: Vivillon
|-damage|p2b: Vivillon|0 fnt
|faint|p2b: Vivillon
|
|upkeep
|
|t:|1783750823
|switch|p2b: Goodra|Goodra-Hisui, L50, M|50/100g
|switch|p1b: Hydreigon|Hydreigon, L50, M|58/100
|turn|8
|inactive|BroscoeFlames has 30 seconds left.
|inactive|BroscoeFlames has 20 seconds left.
|
|t:|1783750863
|switch|p1a: Whimsicott|Whimsicott, L50, F|42/100
|move|p2a: Venusaur|Protect|p2a: Venusaur
|-singleturn|p2a: Venusaur|Protect
|move|p1b: Hydreigon|Snarl|p2a: Venusaur|[spread] 
|-activate|p2a: Venusaur|move: Protect
|-miss|p1b: Hydreigon|p2b: Goodra
|move|p2b: Goodra|Heavy Slam|p1a: Whimsicott
|-supereffective|p1a: Whimsicott|1
|-damage|p1a: Whimsicott|0 fnt
|faint|p1a: Whimsicott
|
|-heal|p2b: Goodra|56/100|[from] item: Leftovers
|upkeep
|
|t:|1783750871
|switch|p1a: Venusaur|Venusaur-Mega, L50, F|32/100
|turn|9
|
|t:|1783750884
|move|p1b: Hydreigon|Snarl|p2b: Goodra|[spread] p2a,p2b
|-damage|p2a: Venusaur|0 fnt
|-damage|p2b: Goodra|42/100
|-unboost|p2b: Goodra|spa|1
|faint|p2a: Venusaur
|move|p1a: Venusaur|Leech Seed|p2b: Goodra
|-start|p2b: Goodra|move: Leech Seed
|move|p2b: Goodra|Heavy Slam|p1a: Venusaur
|-damage|p1a: Venusaur|16/100
|
|-heal|p2b: Goodra|48/100|[from] item: Leftovers
|-damage|p2b: Goodra|36/100|[from] Leech Seed|[of] p1a: Venusaur
|-heal|p1a: Venusaur|29/100|[silent]
|upkeep
|turn|10
|-message|BroscoeFlames forfeited.
|
|win|SP-9733
|l|☆BroscoeFlames
|player|p2|
||SP-9733 is ready for game 2.
||BroscoeFlames is ready for game 2.
|uhtml|next|Next: Game 2 of 3
|l|☆SP-9733
|player|p1|
|j|☆BroscoeFlames
|player|p2|BroscoeFlames|265|
