|j|☆merr123
|j|☆Faradayy
|html|merr123Faradayy    
|uhtml|bestof|Game 1 of a best-of-3
|t:|1782427575
|gametype|doubles
|player|p1|merr123|2|1190
|player|p2|Faradayy|170|1100
|gen|9
|tier|[Gen 9 Champions] VGC 2026 Reg M-B (Bo3)
|rated|
|rule|Species Clause: Limit one of each Pokémon
|rule|Item Clause: Limit 1 of each item
|clearpoke
|poke|p1|Sneasler, L50, F|
|poke|p1|Staraptor, L50, F|
|poke|p1|Manectric, L50, M|
|poke|p1|Sinistcha, L50|
|poke|p1|Kingambit, L50, F|
|poke|p1|Mamoswine, L50, F|
|poke|p2|Pyroar, L50, M|
|poke|p2|Torkoal, L50, F|
|poke|p2|Vileplume, L50, F|
|poke|p2|Sableye, L50, M|
|poke|p2|Aerodactyl, L50, F|
|poke|p2|Garchomp, L50, F|
|teampreview|4
|showteam|p1|Sneasler||FocusSash|PoisonTouch|FakeOut,CloseCombat,DireClaw,Coaching|Jolly||F|||50|]Staraptor||Staraptite|Intimidate|CloseCombat,BraveBird,Tailwind,Protect|Adamant||F|||50|]Manectric||Manectite|LightningRod|Thunderbolt,Snarl,VoltSwitch,Protect|Timid||M|||50|]Sinistcha||SitrusBerry|Hospitality|MatchaGotcha,RagePowder,TrickRoom,Protect|Calm|||||50|]Kingambit||BlackGlasses|Defiant|SwordsDance,KowtowCleave,SuckerPunch,Protect|Adamant||F|||50|]Mamoswine||ChoiceScarf|Oblivious|IcicleCrash,Earthquake,IceShard,HighHorsepower|Jolly||F|||50|
|showteam|p2|Pyroar||Pyroarite|Unnerve|HeatWave,Overheat,SolarBeam,Protect|Timid||M|||50|]Torkoal||Charcoal|Drought|Eruption,WeatherBall,HelpingHand,Protect|Modest||F|||50|]Vileplume||FocusSash|Chlorophyll|SludgeBomb,AfterYou,SleepPowder,SolarBeam|Modest||F|||50|]Sableye||SitrusBerry|Prankster|Taunt,SunnyDay,Quash,FakeOut|Sassy||M|||50|]Aerodactyl||Aerodactylite|RockHead|Tailwind,RockSlide,DualWingbeat,Protect|Jolly||F|||50|]Garchomp||LifeOrb|SandVeil|DragonClaw,Earthquake,RockSlide,Protect|Jolly||F|||50|
|inactive|Battle timer is ON: inactive players will automatically lose when time's up. (requested by merr123)
|inactive|merr123 has 60 seconds left.
|
|t:|1782427635
|teamsize|p1|4
|teamsize|p2|4
|start
|switch|p1a: Sneasler|Sneasler, L50, F|100/100
|switch|p1b: Staraptor|Staraptor, L50, F|100/100
|switch|p2a: Torkoal|Torkoal, L50, F|100/100
|switch|p2b: Pyroar|Pyroar, L50, M|100/100
|-ability|p2b: Pyroar|Unnerve
|-ability|p1b: Staraptor|Intimidate|boost
|-unboost|p2a: Torkoal|atk|1
|-unboost|p2b: Pyroar|atk|1
|-weather|SunnyDay|[from] ability: Drought|[of] p2a: Torkoal
|turn|1
|inactive|merr123 has 30 seconds left.
|inactive|merr123 has 20 seconds left.
|inactive|merr123 has 15 seconds left.
|
|t:|1782427679
|detailschange|p2b: Pyroar|Pyroar-Mega, L50, M
|-mega|p2b: Pyroar|Pyroar|Pyroarite
|detailschange|p1b: Staraptor|Staraptor-Mega, L50, F
|-mega|p1b: Staraptor|Staraptor|Staraptite
|move|p2a: Torkoal|Helping Hand|p2b: Pyroar
|-singleturn|p2b: Pyroar|Helping Hand|[of] p2a: Torkoal
|move|p1a: Sneasler|Fake Out|p2a: Torkoal
|-damage|p2a: Torkoal|89/100
|move|p2b: Pyroar|Heat Wave|p1b: Staraptor|[spread] p1b
|-miss|p2b: Pyroar|p1a: Sneasler
|-damage|p1b: Staraptor|0 fnt
|faint|p1b: Staraptor
|
|-weather|SunnyDay|[upkeep]
|upkeep
|
|t:|1782427690
|switch|p1b: Mamoswine|Mamoswine, L50, F|100/100
|turn|2
|
|t:|1782427696
|switch|p1a: Sinistcha|Sinistcha, L50|100/100
|move|p2b: Pyroar|Protect|p2b: Pyroar
|-singleturn|p2b: Pyroar|Protect
|move|p1b: Mamoswine|Earthquake|p2b: Pyroar|[spread] p1a,p2a
|-activate|p2b: Pyroar|move: Protect
|-resisted|p1a: Sinistcha|1
|-supereffective|p2a: Torkoal|1
|-damage|p1a: Sinistcha|79/100
|-damage|p2a: Torkoal|23/100
|move|p2a: Torkoal|Eruption|p1b: Mamoswine|[spread] p1a,p1b
|-supereffective|p1a: Sinistcha|1
|-supereffective|p1b: Mamoswine|1
|-damage|p1a: Sinistcha|42/100
|-damage|p1b: Mamoswine|42/100
|-enditem|p1a: Sinistcha|Sitrus Berry|[eat]
|-heal|p1a: Sinistcha|67/100|[from] item: Sitrus Berry
|
|-weather|SunnyDay|[upkeep]
|upkeep
|turn|3
|inactive|Faradayy has 30 seconds left.
|
|t:|1782427724
|switch|p2b: Vileplume|Vileplume, L50, F|100/100
|switch|p2a: Sableye|Sableye, L50, M|100/100
|move|p1a: Sinistcha|Protect|p1a: Sinistcha
|-singleturn|p1a: Sinistcha|Protect
|move|p1b: Mamoswine|Earthquake|p2a: Sableye|[spread] p2a,p2b
|-activate|p1a: Sinistcha|move: Protect
|-damage|p2a: Sableye|48/100
|-damage|p2b: Vileplume|50/100g
|-enditem|p2a: Sableye|Sitrus Berry|[eat]
|-heal|p2a: Sableye|73/100|[from] item: Sitrus Berry
|
|-weather|SunnyDay|[upkeep]
|upkeep
|turn|4
|
|t:|1782427742
|move|p2a: Sableye|Fake Out|p1b: Mamoswine
|-damage|p1b: Mamoswine|34/100
|cant|p1b: Mamoswine|flinch
|move|p2b: Vileplume|Sleep Powder|p1b: Mamoswine
|-status|p1b: Mamoswine|slp|[from] move: Sleep Powder
|move|p1a: Sinistcha|Matcha Gotcha|p2b: Vileplume|[spread] p2a
|-miss|p1a: Sinistcha|p2b: Vileplume
|-damage|p2a: Sableye|47/100
|-heal|p1a: Sinistcha|78/100|[from] drain|[of] p2a: Sableye
|
|-weather|SunnyDay|[upkeep]
|upkeep
|turn|5
|
|t:|1782427756
|switch|p2a: Pyroar|Pyroar-Mega, L50, M|100/100
|cant|p1b: Mamoswine|slp
|move|p2b: Vileplume|Sludge Bomb|p1a: Sinistcha
|-damage|p1a: Sinistcha|41/100
|move|p1a: Sinistcha|Matcha Gotcha|p2b: Vileplume|[spread] p2a,p2b
|-resisted|p2a: Pyroar|1
|-resisted|p2b: Vileplume|2
|-damage|p2a: Pyroar|85/100
|-heal|p1a: Sinistcha|48/100|[from] drain|[of] p2a: Pyroar
|-damage|p2b: Vileplume|41/100
|-heal|p1a: Sinistcha|52/100|[from] drain|[of] p2b: Vileplume
|
|-weather|none
|upkeep
|turn|6
|
|t:|1782427768
|switch|p2b: Torkoal|Torkoal, L50, F|23/100
|-weather|SunnyDay|[from] ability: Drought|[of] p2b: Torkoal
|move|p1a: Sinistcha|Protect|p1a: Sinistcha
|-singleturn|p1a: Sinistcha|Protect
|cant|p1b: Mamoswine|slp
|move|p2a: Pyroar|Heat Wave|p1b: Mamoswine|[spread] p1b
|-activate|p1a: Sinistcha|move: Protect
|-supereffective|p1b: Mamoswine|1
|-damage|p1b: Mamoswine|0 fnt
|faint|p1b: Mamoswine
|
|-weather|SunnyDay|[upkeep]
|upkeep
|
|t:|1782427775
|switch|p1b: Sneasler|Sneasler, L50, F|100/100
|turn|7
|
|t:|1782427784
|move|p2a: Pyroar|Protect|p2a: Pyroar
|-singleturn|p2a: Pyroar|Protect
|move|p2b: Torkoal|Protect|p2b: Torkoal
|-singleturn|p2b: Torkoal|Protect
|move|p1b: Sneasler|Close Combat|p2a: Pyroar
|-activate|p2a: Pyroar|move: Protect
|move|p1a: Sinistcha|Matcha Gotcha|p2b: Torkoal|[spread] 
|-activate|p2a: Pyroar|move: Protect
|-activate|p2b: Torkoal|move: Protect
|
|-weather|SunnyDay|[upkeep]
|upkeep
|turn|8
|-message|merr123 forfeited.
|
|win|Faradayy
||merr123 is ready for game 2.
||Faradayy is ready for game 2.
|uhtml|next|Next: Game 2 of 3
