|j|☆No.1AnicredibleFan
|j|☆buaa
|html|No.1AnicredibleFanbuaa    
|uhtml|bestof|Game 1 of a best-of-3
|t:|1756423035
|gametype|doubles
|player|p1|No.1AnicredibleFan|hilbert|1067
|player|p2|buaa|1|1124
|gen|9
|tier|[Gen 9] VGC 2025 Reg H (Bo3)
|rated|
|rule|Species Clause: Limit one of each Pokémon
|rule|Item Clause: Limit 1 of each item
|clearpoke
|poke|p1|Baxcalibur, L50, F|
|poke|p1|Ursaluna-Bloodmoon, L50, M|
|poke|p1|Farigiraf, L50, M|
|poke|p1|Murkrow, L50, F|
|poke|p1|Arcanine-Hisui, L50, M|
|poke|p1|Amoonguss, L50, F|
|poke|p2|Vivillon, L50, M|
|poke|p2|Gholdengo, L50|
|poke|p2|Porygon2, L50|
|poke|p2|Primarina, L50, M|
|poke|p2|Garchomp, L50, M|
|poke|p2|Incineroar, L50, M|
|teampreview|4
|showteam|p1|Baxcalibur||LoadedDice|ThermalExchange|Protect,SwordsDance,ScaleShot,IcicleSpear|||F|||50|,,,,,Poison]Ursaluna-Bloodmoon||LifeOrb|MindsEye|Protect,EarthPower,HyperVoice,BloodMoon|||M|||50|,,,,,Normal]Farigiraf||ThroatSpray|ArmorTail|Protect,TrickRoom,HyperVoice,Psychic|||M|||50|,,,,,Grass]Murkrow||Eviolite|Prankster|Protect,Tailwind,Snarl,Haze|||F|||50|,,,,,Ghost]Arcanine-Hisui||ChoiceBand|Intimidate|FlareBlitz,RockSlide,ExtremeSpeed,WildCharge|||M|||50|,,,,,Grass]Amoonguss||SitrusBerry|Regenerator|Protect,RagePowder,PollenPuff,Spore|||F|||50|,,,,,Water
|showteam|p2|Vivillon||FocusSash|CompoundEyes|Hurricane,SleepPowder,Protect,Tailwind|||M|||50|,,,,,Ghost]Gholdengo||MetalCoat|GoodasGold|MakeItRain,ShadowBall,Protect,NastyPlot||||||50|,,,,,Dragon]Porygon2||Eviolite|Download|TeraBlast,IceBeam,TrickRoom,Recover||||||50|,,,,,Fighting]Primarina||ThroatSpray|LiquidVoice|HyperVoice,Moonblast,Protect,Haze|||M|||50|,,,,,Grass]Garchomp||LifeOrb|RoughSkin|DragonClaw,StompingTantrum,Earthquake,Protect|||M|||50|,,,,,Steel]Incineroar||SafetyGoggles|Intimidate|FakeOut,KnockOff,FlareBlitz,PartingShot|||M|||50|,,,,,Water
|
|t:|1756423097
|teamsize|p1|4
|teamsize|p2|4
|start
|switch|p1a: Murkrow|Murkrow, L50, F|100/100
|switch|p1b: Arcanine|Arcanine-Hisui, L50, M|100/100
|switch|p2a: Incineroar|Incineroar, L50, M|100/100
|switch|p2b: Garchomp|Garchomp, L50, M|100/100
|-ability|p1b: Arcanine|Intimidate|boost
|-unboost|p2a: Incineroar|atk|1
|-unboost|p2b: Garchomp|atk|1
|-ability|p2a: Incineroar|Intimidate|boost
|-unboost|p1a: Murkrow|atk|1
|-unboost|p1b: Arcanine|atk|1
|turn|1
|
|t:|1756423134
|switch|p1b: Farigiraf|Farigiraf, L50, M|100/100
|move|p1a: Murkrow|Tailwind|p1a: Murkrow
|-sidestart|p1: No.1AnicredibleFan|move: Tailwind
|move|p2b: Garchomp|Dragon Claw|p1a: Murkrow
|-damage|p1a: Murkrow|58/100
|-damage|p2b: Garchomp|91/100|[from] item: Life Orb
|move|p2a: Incineroar|Knock Off|p1b: Farigiraf
|-supereffective|p1b: Farigiraf
|-damage|p1b: Farigiraf|54/100
|-enditem|p1b: Farigiraf|Throat Spray|[from] move: Knock Off|[of] p2a: Incineroar
|
|upkeep
|turn|2
|
|t:|1756423158
|switch|p1a: Arcanine|Arcanine-Hisui, L50, M|100/100
|-ability|p1a: Arcanine|Intimidate|boost
|-unboost|p2a: Incineroar|atk|1
|-unboost|p2b: Garchomp|atk|1
|move|p1b: Farigiraf|Hyper Voice|p2b: Garchomp|[spread] p2a,p2b
|-damage|p2a: Incineroar|81/100
|-damage|p2b: Garchomp|59/100
|move|p2b: Garchomp|Dragon Claw|p1b: Farigiraf
|-damage|p1b: Farigiraf|27/100
|-damage|p2b: Garchomp|50/100|[from] item: Life Orb
|move|p2a: Incineroar|Parting Shot|p1b: Farigiraf
|-unboost|p1b: Farigiraf|atk|1
|-unboost|p1b: Farigiraf|spa|1
|
|t:|1756423176
|switch|p2a: Primarina|Primarina, L50, M|100/100|[from] Parting Shot
|
|upkeep
|turn|3
|
|t:|1756423193
|switch|p2b: Incineroar|Incineroar, L50, M|81/100
|-ability|p2b: Incineroar|Intimidate|boost
|-unboost|p1a: Arcanine|atk|1
|-unboost|p1b: Farigiraf|atk|1
|-terastallize|p1a: Arcanine|Grass
|move|p2a: Primarina|Protect|p2a: Primarina
|-singleturn|p2a: Primarina|Protect
|move|p1a: Arcanine|Rock Slide|p2a: Primarina|[spread] p2b
|-activate|p2a: Primarina|move: Protect
|-supereffective|p2b: Incineroar
|-damage|p2b: Incineroar|32/100
|move|p1b: Farigiraf|Psychic|p2b: Incineroar
|-immune|p2b: Incineroar
|
|upkeep
|turn|4
|
|t:|1756423237
|switch|p2b: Porygon2|Porygon2, L50|100/100
|-ability|p2b: Porygon2|Download|boost
|-boost|p2b: Porygon2|atk|1
|move|p1a: Arcanine|Rock Slide|p2b: Porygon2|[spread] p2a,p2b
|-damage|p2a: Primarina|63/100
|-damage|p2b: Porygon2|85/100
|move|p1b: Farigiraf|Psychic|p2a: Primarina
|-damage|p2a: Primarina|39/100
|cant|p2a: Primarina|flinch
|
|-sideend|p1: No.1AnicredibleFan|move: Tailwind
|upkeep
|turn|5
|
|t:|1756423268
|move|p1a: Arcanine|Rock Slide|p2b: Porygon2|[spread] p2a,p2b
|-damage|p2a: Primarina|1/100
|-damage|p2b: Porygon2|67/100
|cant|p2a: Primarina|flinch
|move|p1b: Farigiraf|Hyper Voice|p2a: Primarina|[spread] p2a,p2b
|-damage|p2a: Primarina|0 fnt
|-damage|p2b: Porygon2|55/100
|faint|p2a: Primarina
|move|p2b: Porygon2|Ice Beam|p1a: Arcanine
|-supereffective|p1a: Arcanine
|-damage|p1a: Arcanine|35/100
|
|upkeep
|
|t:|1756423293
|switch|p2a: Garchomp|Garchomp, L50, M|50/100
|turn|6
|
|t:|1756423316
|switch|p1a: Murkrow|Murkrow, L50, F|58/100
|switch|p1b: Ursaluna|Ursaluna-Bloodmoon, L50, M|100/100
|move|p2a: Garchomp|Dragon Claw|p1b: Ursaluna
|-damage|p1b: Ursaluna|59/100
|-damage|p2a: Garchomp|40/100|[from] item: Life Orb
|move|p2b: Porygon2|Tera Blast|p1a: Murkrow
|-damage|p1a: Murkrow|23/100
|
|upkeep
|turn|7
|
|t:|1756423396
|switch|p1a: Arcanine|Arcanine-Hisui, L50, M, tera:Grass|35/100
|-ability|p1a: Arcanine|Intimidate|boost
|-unboost|p2a: Garchomp|atk|1
|-unboost|p2b: Porygon2|atk|1
|move|p2a: Garchomp|Dragon Claw|p1a: Arcanine
|-damage|p1a: Arcanine|0 fnt
|faint|p1a: Arcanine
|-damage|p2a: Garchomp|30/100|[from] item: Life Orb
|move|p1b: Ursaluna|Blood Moon|p2b: Porygon2
|-damage|p2b: Porygon2|0 fnt
|faint|p2b: Porygon2
|-damage|p1b: Ursaluna|49/100|[from] item: Life Orb
|
|upkeep
|
|t:|1756423414
|switch|p1a: Farigiraf|Farigiraf, L50, M|27/100
|switch|p2b: Incineroar|Incineroar, L50, M|32/100
|-ability|p2b: Incineroar|Intimidate|boost
|-unboost|p1a: Farigiraf|atk|1
|-unboost|p1b: Ursaluna|atk|1
|turn|8
|c|☆No.1AnicredibleFan|gg
|
|t:|1756423459
|move|p1b: Ursaluna|Protect|p1b: Ursaluna
|-singleturn|p1b: Ursaluna|Protect
|move|p2a: Garchomp|Dragon Claw|p1a: Farigiraf
|-damage|p1a: Farigiraf|0 fnt
|faint|p1a: Farigiraf
|-damage|p2a: Garchomp|20/100|[from] item: Life Orb
|move|p2b: Incineroar|Knock Off|p1b: Ursaluna
|-activate|p1b: Ursaluna|move: Protect
|
|upkeep
|
|t:|1756423468
|switch|p1a: Murkrow|Murkrow, L50, F|23/100
|turn|9
|
|t:|1756423488
|-terastallize|p2a: Garchomp|Steel
|move|p1a: Murkrow|Tailwind|p1a: Murkrow
|-sidestart|p1: No.1AnicredibleFan|move: Tailwind
|move|p2a: Garchomp|Dragon Claw|p1b: Ursaluna
|-damage|p1b: Ursaluna|25/100
|-damage|p2a: Garchomp|11/100|[from] item: Life Orb
|move|p1b: Ursaluna|Hyper Voice|p2a: Garchomp|[spread] p2a,p2b
|-resisted|p2a: Garchomp
|-damage|p2a: Garchomp|0 fnt
|-damage|p2b: Incineroar|0 fnt
|faint|p2a: Garchomp
|faint|p2b: Incineroar
|-damage|p1b: Ursaluna|16/100|[from] item: Life Orb
|
|win|No.1AnicredibleFan
|inactive|No.1AnicredibleFan has 30 seconds to confirm battle start!
|inactive|buaa has 30 seconds to confirm battle start!
||No.1AnicredibleFan is ready for game 2.
|inactive|buaa has 20 seconds to confirm battle start!
