|j|☆Fedemitra9
|j|☆Frakub
|html|Fedemitra9Frakub    
|uhtml|bestof|Game 2 of a best-of-3
|t:|1756842950
|gametype|doubles
|player|p1|Fedemitra9|hiker-gen4|1344
|player|p2|Frakub|acetrainer-gen4dp|1294
|gen|9
|tier|[Gen 9] VGC 2025 Reg H (Bo3)
|rated|
|rule|Species Clause: Limit one of each Pokémon
|rule|Item Clause: Limit 1 of each item
|clearpoke
|poke|p1|Charizard, L50, M|
|poke|p1|Torkoal, L50, M|
|poke|p1|Porygon2, L50|
|poke|p1|Incineroar, L50, M|
|poke|p1|Jumpluff, L50, M|
|poke|p1|Ursaluna, L50, M|
|poke|p2|Volcarona, L50, F|
|poke|p2|Kingambit, L50, F|
|poke|p2|Dragonite, L50, F|
|poke|p2|Sneasler, L50, M|
|poke|p2|Rillaboom, L50, F|
|poke|p2|Electabuzz, L50, F|
|teampreview|4
|showteam|p1|Charizard||ChoiceSpecs|SolarPower|HeatWave,Overheat,WeatherBall,AirSlash|||M|||50|,,,,,Ghost]Torkoal||EjectPack|Drought|Eruption,Overheat,HelpingHand,Protect|||M|||50|,,,,,Fire]Porygon2||Eviolite|Download|TeraBlast,IceBeam,Recover,TrickRoom||||||50|,,,,,Fighting]Incineroar||SitrusBerry|Intimidate|FlareBlitz,KnockOff,FakeOut,PartingShot|||M|||50|,,,,,Ghost]Jumpluff||CovertCloak|Chlorophyll|SleepPowder,SunnyDay,RagePowder,Tailwind|||M|||50|,,,,,Water]Ursaluna||FlameOrb|Guts|HeadlongRush,Facade,Earthquake,Protect|||M|||50|,,,,,Ghost
|showteam|p2|Volcarona||Leftovers|FlameBody|HeatWave,TeraBlast,QuiverDance,Protect|||F|||50|,,,,,Fairy]Kingambit||BlackGlasses|Defiant|KowtowCleave,SuckerPunch,SwordsDance,Protect|||F|||50|,,,,,Dark]Dragonite||LoadedDice|Multiscale|ScaleShot,ExtremeSpeed,Haze,Protect|||F|||50|,,,,,Steel]Sneasler||FocusSash|PoisonTouch|CloseCombat,DireClaw,FakeOut,Coaching|||M|||50|,,,,,Stellar]Rillaboom||AssaultVest|GrassySurge|WoodHammer,GrassyGlide,HighHorsepower,FakeOut|||F|||50|,,,,,Fire]Electabuzz||Eviolite|VitalSpirit|Thunderbolt,Taunt,FollowMe,Protect|||F|||50|,,,,,Ghost
|inactive|Battle timer is ON: inactive players will automatically lose when time's up. (requested by Frakub)
|inactive|Fedemitra9 has 60 seconds left.
|inactive|Frakub has 60 seconds left.
|
|t:|1756842993
|teamsize|p1|4
|teamsize|p2|4
|start
|switch|p1a: Jumpluff|Jumpluff, L50, M, shiny|100/100
|switch|p1b: Torkoal|Torkoal, L50, M, shiny|100/100
|switch|p2a: Dragonite|Dragonite, L50, F|100/100
|switch|p2b: Electabuzz|Electabuzz, L50, F|100/100
|-weather|SunnyDay|[from] ability: Drought|[of] p1b: Torkoal
|turn|1
|
|t:|1756843010
|move|p1a: Jumpluff|Tailwind|p1a: Jumpluff
|-sidestart|p1: Fedemitra9|move: Tailwind
|move|p2b: Electabuzz|Taunt|p1a: Jumpluff
|-start|p1a: Jumpluff|move: Taunt
|move|p2a: Dragonite|Scale Shot|p1b: Torkoal
|-damage|p1b: Torkoal|90/100
|-damage|p1b: Torkoal|78/100
|-damage|p1b: Torkoal|67/100
|-damage|p1b: Torkoal|56/100
|-hitcount|p1b: Torkoal|4
|-unboost|p2a: Dragonite|def|1
|-boost|p2a: Dragonite|spe|1
|move|p1b: Torkoal|Overheat|p2a: Dragonite
|-resisted|p2a: Dragonite
|-damage|p2a: Dragonite|77/100
|-unboost|p1b: Torkoal|spa|2
|-enditem|p1b: Torkoal|Eject Pack
|inactive|Fedemitra9 has 30 seconds left.
|
|t:|1756843044
|switch|p1b: Charizard|Charizard, L50, M, shiny|100/100
|
|-weather|SunnyDay|[upkeep]
|-damage|p1b: Charizard|88/100|[from] ability: Solar Power|[of] p1b: Charizard
|upkeep
|turn|2
|
|t:|1756843056
|switch|p1a: Torkoal|Torkoal, L50, M, shiny|56/100
|move|p1b: Charizard|Heat Wave|p2b: Electabuzz|[spread] p2a,p2b
|-resisted|p2a: Dragonite
|-damage|p2a: Dragonite|15/100
|-damage|p2b: Electabuzz|5/100
|move|p2a: Dragonite|Scale Shot|p1b: Charizard|[miss]
|-miss|p2a: Dragonite|p1b: Charizard
|move|p2b: Electabuzz|Thunderbolt|p1b: Charizard
|-supereffective|p1b: Charizard
|-damage|p1b: Charizard|4/100
|
|-weather|SunnyDay|[upkeep]
|-damage|p1b: Charizard|0 fnt|[from] ability: Solar Power|[of] p1b: Charizard
|faint|p1b: Charizard
|upkeep
|
|t:|1756843073
|switch|p1b: Ursaluna|Ursaluna, L50, M, shiny|100/100
|turn|3
|inactive|Fedemitra9 has 30 seconds left.
|inactive|Fedemitra9 has 20 seconds left.
|inactive|Fedemitra9 has 15 seconds left.
|inactive|Fedemitra9 has 10 seconds left.
|
|t:|1756843119
|move|p2b: Electabuzz|Protect|p2b: Electabuzz
|-singleturn|p2b: Electabuzz|Protect
|move|p2a: Dragonite|Scale Shot|p1a: Torkoal
|-damage|p1a: Torkoal|45/100
|-damage|p1a: Torkoal|34/100
|-damage|p1a: Torkoal|23/100
|-damage|p1a: Torkoal|12/100
|-damage|p1a: Torkoal|2/100
|-hitcount|p1a: Torkoal|5
|-unboost|p2a: Dragonite|def|1
|-boost|p2a: Dragonite|spe|1
|move|p1b: Ursaluna|Facade|p2a: Dragonite
|-damage|p2a: Dragonite|0 fnt
|faint|p2a: Dragonite
|move|p1a: Torkoal|Eruption|p2b: Electabuzz
|-activate|p2b: Electabuzz|move: Protect
|
|-weather|SunnyDay|[upkeep]
|-status|p1b: Ursaluna|brn|[from] item: Flame Orb
|upkeep
|inactive|Frakub has 30 seconds left.
|
|t:|1756843153
|switch|p2a: Kingambit|Kingambit, L50, F|100/100
|turn|4
|
|t:|1756843166
|switch|p1a: Jumpluff|Jumpluff, L50, M, shiny|100/100
|move|p2a: Kingambit|Protect|p2a: Kingambit
|-singleturn|p2a: Kingambit|Protect
|move|p1b: Ursaluna|Earthquake|p2b: Electabuzz|[spread] p2b
|-activate|p2a: Kingambit|move: Protect
|-immune|p1a: Jumpluff
|-supereffective|p2b: Electabuzz
|-damage|p2b: Electabuzz|0 fnt
|faint|p2b: Electabuzz
|
|-weather|SunnyDay|[upkeep]
|-damage|p1b: Ursaluna|95/100 brn|[from] brn
|-sideend|p1: Fedemitra9|move: Tailwind
|upkeep
|
|t:|1756843174
|switch|p2b: Sneasler|Sneasler, L50, M|100/100
|turn|5
|inactive|Fedemitra9 has 30 seconds left.
|inactive|Fedemitra9 has 20 seconds left.
|inactive|Fedemitra9 has 15 seconds left.
|inactive|Fedemitra9 has 10 seconds left.
|inactive|Fedemitra9 has 5 seconds left.
|
|t:|1756843225
|-terastallize|p1a: Jumpluff|Water
|-terastallize|p2a: Kingambit|Dark
|move|p1a: Jumpluff|Sleep Powder|p2b: Sneasler|[miss]
|-miss|p1a: Jumpluff|p2b: Sneasler
|move|p2b: Sneasler|Dire Claw|p1a: Jumpluff
|-crit|p1a: Jumpluff
|-damage|p1a: Jumpluff|26/100
|move|p1b: Ursaluna|Headlong Rush|p2a: Kingambit
|-damage|p2a: Kingambit|22/100
|-unboost|p1b: Ursaluna|def|1
|-unboost|p1b: Ursaluna|spd|1
|move|p2a: Kingambit|Kowtow Cleave|p1b: Ursaluna
|-damage|p1b: Ursaluna|0 fnt
|faint|p1b: Ursaluna
|
|-weather|none
|upkeep
|
|t:|1756843244
|switch|p1b: Torkoal|Torkoal, L50, M, shiny|2/100
|-weather|SunnyDay|[from] ability: Drought|[of] p1b: Torkoal
|turn|6
|inactive|Fedemitra9 has 30 seconds left.
|inactive|Fedemitra9 has 20 seconds left.
|
|t:|1756843280
|move|p1b: Torkoal|Protect|p1b: Torkoal
|-singleturn|p1b: Torkoal|Protect
|move|p1a: Jumpluff|Sleep Powder|p2b: Sneasler
|-status|p2b: Sneasler|slp|[from] move: Sleep Powder
|cant|p2b: Sneasler|slp
|move|p2a: Kingambit|Kowtow Cleave|p1a: Jumpluff
|-damage|p1a: Jumpluff|0 fnt
|faint|p1a: Jumpluff
|
|-weather|SunnyDay|[upkeep]
|upkeep
|turn|7
|
|t:|1756843300
|move|p2a: Kingambit|Sucker Punch|p1b: Torkoal
|-damage|p1b: Torkoal|0 fnt
|faint|p1b: Torkoal
|
|win|Frakub
||Frakub is ready for game 3.
||Fedemitra9 is ready for game 3.
|uhtml|next|Next: Game 3 of 3
