|j|☆KodeBeast0526
|j|☆DOCTVGC
|html|KodeBeast0526DOCTVGC    
|uhtml|bestof|Game 1 of a best-of-3
|t:|1783916996
|gametype|doubles
|player|p1|KodeBeast0526|hiker|1260
|player|p2|DOCTVGC|benga|1135
|gen|9
|tier|[Gen 9 Champions] VGC 2026 Reg M-B (Bo3)
|rated|
|rule|Species Clause: Limit one of each Pokémon
|rule|Item Clause: Limit 1 of each item
|clearpoke
|poke|p1|Aerodactyl, L50, M|
|poke|p1|Kingambit, L50, M|
|poke|p1|Sylveon, L50, M|
|poke|p1|Garchomp, L50, M|
|poke|p1|Charizard, L50, M|
|poke|p1|Incineroar, L50, M|
|poke|p2|Aggron, L50, F|
|poke|p2|Farigiraf, L50, M|
|poke|p2|Ninetales-Alola, L50, F|
|poke|p2|Raichu, L50, F|
|poke|p2|Incineroar, L50, F|
|poke|p2|Vileplume, L50, M|
|teampreview|4
|showteam|p1|Aerodactyl||Aerodactylite|Unnerve|RockSlide,IceFang,Tailwind,WideGuard|Jolly||M|||50|]Kingambit||FocusSash|Defiant|KowtowCleave,SuckerPunch,IronHead,Protect|Adamant||M|||50|]Sylveon||FairyFeather|Pixilate|Detect,HyperVoice,HyperBeam,QuickAttack|Modest||M|||50|]Garchomp||LifeOrb|RoughSkin|Earthquake,DragonClaw,StompingTantrum,Protect|Jolly||M|||50|]Charizard||CharizarditeY|Blaze|Protect,HeatWave,SolarBeam,WeatherBall|Modest||M|||50|]Incineroar||SitrusBerry|Intimidate|DarkestLariat,FlareBlitz,FakeOut,PartingShot|Impish||M|||50|
|showteam|p2|Aggron||Aggronite|HeavyMetal|Protect,IronDefense,BodyPress,HeavySlam|Sassy||F|||50|]Farigiraf||Leftovers|ArmorTail|Protect,TrickRoom,TwinBeam,Thunderbolt|Quiet||M|||50|]Ninetales-Alola||LightClay|SnowWarning|Protect,AuroraVeil,Blizzard,DazzlingGleam|Timid||F|||50|]Raichu||FocusSash|LightningRod|Protect,FakeOut,Thunderbolt,Nuzzle|Timid||F|||50|]Incineroar||SitrusBerry|Intimidate|Protect,PartingShot,FakeOut,FlareBlitz|Brave||F|||50|]Vileplume||MentalHerb|EffectSpore|Protect,PollenPuff,StrengthSap,SludgeWave|Quiet||M|||50|
|inactive|Battle timer is ON: inactive players will automatically lose when time's up. (requested by DOCTVGC)
|
|t:|1783917019
|teamsize|p1|4
|teamsize|p2|4
|start
|switch|p1a: Garchomp|Garchomp, L50, M|100/100
|switch|p1b: Charizard|Charizard, L50, M|100/100
|switch|p2a: Aggron|Aggron, L50, F|100/100
|switch|p2b: Farigiraf|Farigiraf, L50, M|100/100
|turn|1
|
|t:|1783917038
|detailschange|p1b: Charizard|Charizard-Mega-Y, L50, M
|-mega|p1b: Charizard|Charizard|Charizardite Y
|-weather|SunnyDay|[from] ability: Drought|[of] p1b: Charizard
|detailschange|p2a: Aggron|Aggron-Mega, L50, F
|-mega|p2a: Aggron|Aggron|Aggronite
|move|p2a: Aggron|Protect|p2a: Aggron
|-singleturn|p2a: Aggron|Protect
|move|p1a: Garchomp|Earthquake|p2a: Aggron|[spread] p2b
|-activate|p2a: Aggron|move: Protect
|-immune|p1b: Charizard
|-crit|p2b: Farigiraf
|-damage|p2b: Farigiraf|31/100
|-damage|p1a: Garchomp|90/100|[from] item: Life Orb
|move|p1b: Charizard|Heat Wave|p2a: Aggron|[spread] p2b
|-activate|p2a: Aggron|move: Protect
|-damage|p2b: Farigiraf|0 fnt
|faint|p2b: Farigiraf
|
|-weather|SunnyDay|[upkeep]
|upkeep
|
|t:|1783917056
|switch|p2b: Ninetales|Ninetales-Alola, L50, F|100/100
|-weather|Snowscape|[from] ability: Snow Warning|[of] p2b: Ninetales
|turn|2
|
|t:|1783917066
|switch|p1b: Sylveon|Sylveon, L50, M|100/100
|move|p1a: Garchomp|Protect|p1a: Garchomp
|-singleturn|p1a: Garchomp|Protect
|move|p2b: Ninetales|Blizzard|p1a: Garchomp|[spread] p1b
|-activate|p1a: Garchomp|move: Protect
|-damage|p1b: Sylveon|78/100
|move|p2a: Aggron|Iron Defense|p2a: Aggron
|-boost|p2a: Aggron|def|2
|
|-weather|Snowscape|[upkeep]
|upkeep
|turn|3
|
|t:|1783917084
|switch|p2b: Vileplume|Vileplume, L50, M|100/100
|switch|p1a: Charizard|Charizard-Mega-Y, L50, M|100/100
|-weather|SunnyDay|[from] ability: Drought|[of] p1a: Charizard
|move|p1b: Sylveon|Hyper Beam|p2b: Vileplume|[miss]
|-miss|p1b: Sylveon|p2b: Vileplume
|move|p2a: Aggron|Heavy Slam|p1b: Sylveon
|-supereffective|p1b: Sylveon|1
|-damage|p1b: Sylveon|0 fnt
|faint|p1b: Sylveon
|
|-weather|SunnyDay|[upkeep]
|upkeep
|
|t:|1783917096
|switch|p1b: Garchomp|Garchomp, L50, M|90/100
|turn|4
|
|t:|1783917109
|move|p2a: Aggron|Protect|p2a: Aggron
|-singleturn|p2a: Aggron|Protect
|move|p1b: Garchomp|Earthquake|p2b: Vileplume|[spread] p2b
|-activate|p2a: Aggron|move: Protect
|-immune|p1a: Charizard
|-damage|p2b: Vileplume|40/100
|-damage|p1b: Garchomp|80/100|[from] item: Life Orb
|move|p1a: Charizard|Heat Wave|p2a: Aggron|[spread] p2b
|-activate|p2a: Aggron|move: Protect
|-supereffective|p2b: Vileplume|1
|-damage|p2b: Vileplume|0 fnt
|faint|p2b: Vileplume
|
|-weather|SunnyDay|[upkeep]
|upkeep
|
|t:|1783917121
|switch|p2b: Ninetales|Ninetales-Alola, L50, F|100/100
|-weather|Snowscape|[from] ability: Snow Warning|[of] p2b: Ninetales
|turn|5
|
|t:|1783917129
|switch|p1b: Kingambit|Kingambit, L50, M|100/100
|move|p1a: Charizard|Protect|p1a: Charizard
|-singleturn|p1a: Charizard|Protect
|move|p2b: Ninetales|Aurora Veil|p2b: Ninetales
|-sidestart|p2: DOCTVGC|move: Aurora Veil
|move|p2a: Aggron|Heavy Slam|p1b: Kingambit
|-resisted|p1b: Kingambit|1
|-damage|p1b: Kingambit|84/100
|
|-weather|Snowscape|[upkeep]
|upkeep
|turn|6
|
|t:|1783917147
|switch|p1a: Garchomp|Garchomp, L50, M|80/100
|move|p2b: Ninetales|Protect|p2b: Ninetales
|-singleturn|p2b: Ninetales|Protect
|move|p1b: Kingambit|Iron Head|p2b: Ninetales
|-activate|p2b: Ninetales|move: Protect
|move|p2a: Aggron|Body Press|p1b: Kingambit
|-supereffective|p1b: Kingambit|2
|-damage|p1b: Kingambit|0 fnt
|faint|p1b: Kingambit
|
|-weather|Snowscape|[upkeep]
|upkeep
|
|t:|1783917152
|switch|p1b: Charizard|Charizard-Mega-Y, L50, M|100/100
|-weather|SunnyDay|[from] ability: Drought|[of] p1b: Charizard
|turn|7
|
|t:|1783917162
|move|p2b: Ninetales|Blizzard|p1a: Garchomp|[spread] p1a,p1b
|-supereffective|p1a: Garchomp|2
|-damage|p1a: Garchomp|0 fnt
|-damage|p1b: Charizard|75/100
|faint|p1a: Garchomp
|move|p1b: Charizard|Heat Wave|p2b: Ninetales|[spread] p2a,p2b
|-supereffective|p2a: Aggron|1
|-supereffective|p2b: Ninetales|1
|-damage|p2a: Aggron|50/100g
|-damage|p2b: Ninetales|15/100
|move|p2a: Aggron|Body Press|p1b: Charizard
|-resisted|p1b: Charizard|1
|-damage|p1b: Charizard|32/100
|
|-weather|SunnyDay|[upkeep]
|upkeep
|turn|8
|
|t:|1783917179
|move|p2b: Ninetales|Dazzling Gleam|p1b: Charizard
|-resisted|p1b: Charizard|1
|-damage|p1b: Charizard|20/100y
|move|p1b: Charizard|Heat Wave|p2b: Ninetales|[spread] p2a
|-miss|p1b: Charizard|p2b: Ninetales
|-supereffective|p2a: Aggron|1
|-damage|p2a: Aggron|0 fnt
|faint|p2a: Aggron
|
|-weather|SunnyDay|[upkeep]
|upkeep
|turn|9
|
|t:|1783917194
|move|p2b: Ninetales|Blizzard|p1b: Charizard|[miss]
|-miss|p2b: Ninetales|p1b: Charizard
|move|p1b: Charizard|Heat Wave|p2b: Ninetales
|-supereffective|p2b: Ninetales|1
|-damage|p2b: Ninetales|0 fnt
|faint|p2b: Ninetales
|
|win|KodeBeast0526
