|j|☆musse67
|j|☆toughlogvgc
|html|musse67toughlogvgc    
|uhtml|bestof|Game 1 of a best-of-3
|t:|1784508279
|gametype|doubles
|player|p1|musse67|skier|1114
|player|p2|toughlogvgc|266|1213
|gen|9
|tier|[Gen 9 Champions] VGC 2026 Reg M-B (Bo3)
|rated|
|rule|Species Clause: Limit one of each Pokémon
|rule|Item Clause: Limit 1 of each item
|clearpoke
|poke|p1|Maushold-Four, L50|
|poke|p1|Farigiraf, L50, M|
|poke|p1|Venusaur, L50, F|
|poke|p1|Armarouge, L50, M, shiny|
|poke|p1|Tyranitar, L50, F|
|poke|p1|Corviknight, L50, M|
|poke|p2|Charizard, L50, M|
|poke|p2|Garchomp, L50, M|
|poke|p2|Basculegion, L50, M|
|poke|p2|Whimsicott, L50, F|
|poke|p2|Kingambit, L50, F|
|poke|p2|Floette-Eternal, L50, F|
|teampreview|4
|showteam|p1|Maushold-Four||MentalHerb|FriendGuard|FollowMe,Encore,Taunt,SuperFang|Timid|||||50|]Farigiraf||Leftovers|ArmorTail|TrickRoom,Psychic,HyperVoice,Protect|Modest||M|||50|]Venusaur||Venusaurite|Chlorophyll|GigaDrain,SludgeBomb,LeechSeed,Protect|Calm||F|||50|]Armarouge||WhiteHerb|FlashFire|ArmorCannon,Psychic,AuraSphere,Protect|Quiet||M|||50|]Tyranitar||Tyranitarite|SandStream|KnockOff,RockSlide,StompingTantrum,Protect|Adamant||F|||50|]Corviknight||SitrusBerry|MirrorArmor|BulkUp,IronHead,BodyPress,Uturn|Adamant||M|||50|
|showteam|p2|Charizard||CharizarditeY|Blaze|HeatWave,SolarBeam,Protect,WeatherBall|Modest||M|||50|]Garchomp||LifeOrb|RoughSkin|DragonClaw,Earthquake,RockSlide,Protect|Jolly||M|||50|]Basculegion||ChoiceScarf|Adaptability|WaveCrash,AquaJet,FlipTurn,LastRespects|Adamant||M|||50|]Whimsicott||FocusSash|Prankster|Moonblast,Tailwind,Protect,Encore|Timid||F|||50|]Kingambit||BlackGlasses|Defiant|IronHead,KowtowCleave,Protect,SuckerPunch|Adamant||F|||50|]Floette-Eternal||Floettite|FlowerVeil|Moonblast,LightofRuin,DazzlingGleam,Protect|Modest||F|||50|
|inactive|Battle timer is ON: inactive players will automatically lose when time's up. (requested by musse67)
|inactive|toughlogvgc has 60 seconds left.
|
|t:|1784508318
|teamsize|p1|4
|teamsize|p2|4
|start
|switch|p1a: Tyranitar|Tyranitar, L50, F|100/100
|switch|p1b: Maushold|Maushold-Four, L50|100/100
|switch|p2a: Garchomp|Garchomp, L50, M|100/100
|switch|p2b: Basculegion|Basculegion, L50, M|100/100
|-weather|Sandstorm|[from] ability: Sand Stream|[of] p1a: Tyranitar
|turn|1
|inactive|toughlogvgc has 30 seconds left.
|
|t:|1784508349
|detailschange|p1a: Tyranitar|Tyranitar-Mega, L50, F
|-mega|p1a: Tyranitar|Tyranitar|Tyranitarite
|move|p1b: Maushold|Follow Me|p1b: Maushold
|-singleturn|p1b: Maushold|move: Follow Me
|move|p2b: Basculegion|Wave Crash|p1b: Maushold
|-damage|p1b: Maushold|0 fnt
|faint|p1b: Maushold
|-damage|p2b: Basculegion|69/100|[from] Recoil
|move|p2a: Garchomp|Dragon Claw|p1a: Tyranitar
|-crit|p1a: Tyranitar
|-damage|p1a: Tyranitar|49/100
|-damage|p2a: Garchomp|90/100|[from] item: Life Orb
|move|p1a: Tyranitar|Knock Off|p2b: Basculegion
|-supereffective|p2b: Basculegion|1
|-damage|p2b: Basculegion|0 fnt
|-enditem|p2b: Basculegion|Choice Scarf|[from] move: Knock Off|[of] p1a: Tyranitar
|faint|p2b: Basculegion
|
|-weather|Sandstorm|[upkeep]
|upkeep
|
|t:|1784508371
|switch|p1b: Farigiraf|Farigiraf, L50, M|100/100
|switch|p2b: Whimsicott|Whimsicott, L50, F|100/100
|turn|2
|
|t:|1784508385
|move|p2b: Whimsicott|Protect|p2b: Whimsicott
|-singleturn|p2b: Whimsicott|Protect
|move|p1a: Tyranitar|Protect|p1a: Tyranitar
|-singleturn|p1a: Tyranitar|Protect
|move|p2a: Garchomp|Earthquake|p1a: Tyranitar|[spread] p1b
|-activate|p2b: Whimsicott|move: Protect
|-activate|p1a: Tyranitar|move: Protect
|-damage|p1b: Farigiraf|57/100
|-damage|p2a: Garchomp|80/100|[from] item: Life Orb
|move|p1b: Farigiraf|Trick Room|p1b: Farigiraf
|-fieldstart|move: Trick Room|[of] p1b: Farigiraf
|
|-weather|Sandstorm|[upkeep]
|-damage|p1b: Farigiraf|51/100|[from] Sandstorm
|-damage|p2b: Whimsicott|94/100|[from] Sandstorm
|-heal|p1b: Farigiraf|57/100|[from] item: Leftovers
|upkeep
|turn|3
|inactive|musse67 has 30 seconds left.
|inactive|toughlogvgc has 30 seconds left.
|inactive|toughlogvgc has 20 seconds left.
|inactive|toughlogvgc has 15 seconds left.
|inactive|musse67 has 20 seconds left.
|inactive|toughlogvgc has 10 seconds left.
|
|t:|1784508436
|move|p1b: Farigiraf|Psychic|p2a: Garchomp
|-damage|p2a: Garchomp|32/100
|move|p1a: Tyranitar|Knock Off|p2a: Garchomp
|-damage|p2a: Garchomp|0 fnt
|-damage|p1a: Tyranitar|37/100|[from] ability: Rough Skin|[of] p2a: Garchomp
|-enditem|p2a: Garchomp|Life Orb|[from] move: Knock Off|[of] p1a: Tyranitar
|faint|p2a: Garchomp
|move|p2b: Whimsicott|Moonblast|p1a: Tyranitar
|-supereffective|p1a: Tyranitar|1
|-crit|p1a: Tyranitar
|-damage|p1a: Tyranitar|0 fnt
|faint|p1a: Tyranitar
|
|-weather|Sandstorm|[upkeep]
|-damage|p1b: Farigiraf|51/100|[from] Sandstorm
|-damage|p2b: Whimsicott|88/100|[from] Sandstorm
|-heal|p1b: Farigiraf|57/100|[from] item: Leftovers
|upkeep
|
|t:|1784508451
|switch|p1a: Armarouge|Armarouge, L50, M, shiny|100/100
|switch|p2a: Kingambit|Kingambit, L50, F|100/100
|turn|4
|
|t:|1784508468
|move|p2b: Whimsicott|Tailwind|p2b: Whimsicott
|-sidestart|p2: toughlogvgc|move: Tailwind
|move|p1b: Farigiraf|Hyper Voice|p2a: Kingambit|[spread] p2a,p2b
|-resisted|p2a: Kingambit|1
|-damage|p2a: Kingambit|85/100
|-damage|p2b: Whimsicott|42/100
|move|p1a: Armarouge|Armor Cannon|p2a: Kingambit
|-supereffective|p2a: Kingambit|1
|-damage|p2a: Kingambit|0 fnt
|-unboost|p1a: Armarouge|def|1
|-unboost|p1a: Armarouge|spd|1
|faint|p2a: Kingambit
|-enditem|p1a: Armarouge|White Herb
|-clearnegativeboost|p1a: Armarouge|[silent]
|
|-weather|Sandstorm|[upkeep]
|-damage|p1b: Farigiraf|51/100|[from] Sandstorm
|-damage|p1a: Armarouge|93/100|[from] Sandstorm
|-damage|p2b: Whimsicott|36/100|[from] Sandstorm
|-heal|p1b: Farigiraf|57/100|[from] item: Leftovers
|upkeep
|turn|5
|
|t:|1784508487
|move|p1b: Farigiraf|Hyper Voice|p2b: Whimsicott
|-damage|p2b: Whimsicott|0 fnt
|faint|p2b: Whimsicott
|
|win|musse67
||musse67 is ready for game 2.
||toughlogvgc is ready for game 2.
|uhtml|next|Next: Game 2 of 3
