|j|☆zrofs
|j|☆jayoticnl
|html|zrofsjayoticnl    
|uhtml|bestof|Game 2 of a best-of-3
|t:|1757856857
|gametype|doubles
|player|p1|zrofs|steven|1170
|player|p2|jayoticnl|preschooler|1332
|gen|9
|tier|[Gen 9] VGC 2025 Reg H (Bo3)
|rated|
|rule|Species Clause: Limit one of each Pokémon
|rule|Item Clause: Limit 1 of each item
|clearpoke
|poke|p1|Rillaboom, L50, M|
|poke|p1|Incineroar, L50, M|
|poke|p1|Volcarona, L50, M|
|poke|p1|Sneasler, L50, M|
|poke|p1|Gastrodon-East, L50, M|
|poke|p1|Zoroark-Hisui, L50, M|
|poke|p2|Skeledirge, L50, F|
|poke|p2|Amoonguss, L50, F|
|poke|p2|Ninetales-Alola, L50, F|
|poke|p2|Garchomp, L50, M|
|poke|p2|Corviknight, L50, F|
|poke|p2|Sneasler, L50, M|
|teampreview|4
|showteam|p1|Rillaboom||AssaultVest|GrassySurge|WoodHammer,GrassyGlide,FakeOut,Uturn|||M|||50|,,,,,Electric]Incineroar||SafetyGoggles|Intimidate|FakeOut,PartingShot,KnockOff,FlareBlitz|||M|||50|,,,,,Ghost]Volcarona||Leftovers|FlameBody|GigaDrain,QuiverDance,Protect,HeatWave|||M|||50|,,,,,Dragon]Sneasler||FocusSash|Unburden|DireClaw,FakeOut,Protect,CloseCombat|||M|||50|,,,,,Stellar]Gastrodon-East||SitrusBerry|StormDrain|SludgeBomb,EarthPower,Recover,ClearSmog|||M|||50|,,,,,Fire]Zoroark-Hisui||LifeOrb|Illusion|HyperBeam,HyperVoice,Protect,ShadowBall|||M|||50|,,,,,Normal
|showteam|p2|Skeledirge||Leftovers|Unaware|TorchSong,ShadowBall,TeraBlast,Protect|||F|||50|,,,,,Grass]Amoonguss||SitrusBerry|Regenerator|PollenPuff,Spore,RagePowder,Protect|||F|||50|,,,,,Water]Ninetales-Alola||LightClay|SnowWarning|Blizzard,IcyWind,AuroraVeil,Protect|||F|||50|,,,,,Ghost]Garchomp||LifeOrb|RoughSkin|StompingTantrum,DragonClaw,Earthquake,Protect|||M|||50|,,,,,Ground]Corviknight||CovertCloak|MirrorArmor|BraveBird,BodyPress,Roost,BulkUp|||F|||50|,,,,,Dragon]Sneasler||FocusSash|Unburden|DireClaw,CloseCombat,FakeOut,Protect|||M|||50|,,,,,Stellar
|
|t:|1757856885
|teamsize|p1|4
|teamsize|p2|4
|start
|switch|p1a: Volcarona|Volcarona, L50, M|100/100
|switch|p1b: Incineroar|Incineroar, L50, M|100/100
|switch|p2a: Skeledirge|Skeledirge, L50, F|100/100
|switch|p2b: Ninetales|Ninetales-Alola, L50, F|100/100
|-weather|Snowscape|[from] ability: Snow Warning|[of] p2b: Ninetales
|-ability|p1b: Incineroar|Intimidate|boost
|-unboost|p2a: Skeledirge|atk|1
|-unboost|p2b: Ninetales|atk|1
|turn|1
|inactive|Battle timer is ON: inactive players will automatically lose when time's up. (requested by zrofs)
|
|t:|1757856911
|move|p2a: Skeledirge|Protect|p2a: Skeledirge
|-singleturn|p2a: Skeledirge|Protect
|move|p1a: Volcarona|Shadow Ball|p2b: Ninetales
|-damage|p2b: Ninetales|34/100
|-damage|p1a: Volcarona|91/100|[from] item: Life Orb
|move|p2b: Ninetales|Aurora Veil|p2b: Ninetales
|-sidestart|p2: jayoticnl|move: Aurora Veil
|move|p1b: Incineroar|Knock Off|p2b: Ninetales
|-resisted|p2b: Ninetales
|-damage|p2b: Ninetales|23/100
|-enditem|p2b: Ninetales|Light Clay|[from] move: Knock Off|[of] p1b: Incineroar
|
|-weather|Snowscape|[upkeep]
|upkeep
|turn|2
|inactive|zrofs has 30 seconds left.
|inactive|jayoticnl has 30 seconds left.
|
|t:|1757856943
|-terastallize|p2a: Skeledirge|Grass
|move|p2b: Ninetales|Protect|p2b: Ninetales
|-singleturn|p2b: Ninetales|Protect
|move|p1a: Volcarona|Hyper Voice|p2a: Skeledirge|[spread] p2a
|-activate|p2b: Ninetales|move: Protect
|-damage|p2a: Skeledirge|69/100
|-damage|p1a: Volcarona|81/100|[from] item: Life Orb
|move|p2a: Skeledirge|Torch Song|p1a: Volcarona
|-damage|p1a: Volcarona|11/100
|-boost|p2a: Skeledirge|spa|1
|replace|p1a: Zoroark|Zoroark-Hisui, L50, M
|-end|p1a: Zoroark|Illusion
|move|p1b: Incineroar|Knock Off|p2a: Skeledirge
|-damage|p2a: Skeledirge|48/100
|-enditem|p2a: Skeledirge|Leftovers|[from] move: Knock Off|[of] p1b: Incineroar
|
|-weather|Snowscape|[upkeep]
|upkeep
|turn|3
|
|t:|1757856967
|move|p1a: Zoroark|Protect|p1a: Zoroark
|-singleturn|p1a: Zoroark|Protect
|move|p2a: Skeledirge|Protect|p2a: Skeledirge
|-singleturn|p2a: Skeledirge|Protect
|move|p2b: Ninetales|Icy Wind|p1b: Incineroar|[spread] 
|-activate|p1a: Zoroark|move: Protect
|-miss|p2b: Ninetales|p1b: Incineroar
|move|p1b: Incineroar|Flare Blitz|p2b: Ninetales
|-supereffective|p2b: Ninetales
|-crit|p2b: Ninetales
|-damage|p2b: Ninetales|0 fnt
|faint|p2b: Ninetales
|-damage|p1b: Incineroar|95/100|[from] Recoil
|
|-weather|Snowscape|[upkeep]
|upkeep
|
|t:|1757856969
|switch|p2b: Garchomp|Garchomp, L50, M|100/100
|turn|4
|inactive|zrofs has 30 seconds left.
|
|t:|1757856995
|switch|p1b: Sneasler|Sneasler, L50, M|100/100
|-terastallize|p1a: Zoroark|Normal
|move|p2a: Skeledirge|Protect|p2a: Skeledirge
|-singleturn|p2a: Skeledirge|Protect
|move|p1a: Zoroark|Hyper Beam|p2a: Skeledirge
|-activate|p2a: Skeledirge|move: Protect
|move|p2b: Garchomp|Earthquake|p1b: Sneasler|[spread] p1a,p1b
|-activate|p2a: Skeledirge|move: Protect
|-supereffective|p1b: Sneasler
|-crit|p1b: Sneasler
|-damage|p1a: Zoroark|0 fnt
|-enditem|p1b: Sneasler|Focus Sash
|-damage|p1b: Sneasler|1/100
|faint|p1a: Zoroark
|-damage|p2b: Garchomp|91/100|[from] item: Life Orb
|
|-weather|Snowscape|[upkeep]
|upkeep
|
|t:|1757857012
|switch|p1a: Incineroar|Incineroar, L50, M|95/100
|-ability|p1a: Incineroar|Intimidate|boost
|-unboost|p2a: Skeledirge|atk|1
|-unboost|p2b: Garchomp|atk|1
|turn|5
|
|t:|1757857018
|switch|p2b: Sneasler|Sneasler, L50, M|100/100
|move|p2a: Skeledirge|Protect|p2a: Skeledirge
|-singleturn|p2a: Skeledirge|Protect
|move|p1a: Incineroar|Fake Out|p2b: Sneasler
|-damage|p2b: Sneasler|88/100
|move|p1b: Sneasler|Dire Claw|p2a: Skeledirge
|-activate|p2a: Skeledirge|move: Protect
|
|-weather|none
|upkeep
|turn|6
|inactive|zrofs has 30 seconds left.
|
|t:|1757857046
|move|p2a: Skeledirge|Protect||[still]
|-fail|p2a: Skeledirge
|move|p1b: Sneasler|Dire Claw|p2a: Skeledirge
|-supereffective|p2a: Skeledirge
|-damage|p2a: Skeledirge|0 fnt
|faint|p2a: Skeledirge
|move|p2b: Sneasler|Close Combat|p1a: Incineroar
|-supereffective|p1a: Incineroar
|-damage|p1a: Incineroar|0 fnt
|-unboost|p2b: Sneasler|def|1
|-unboost|p2b: Sneasler|spd|1
|faint|p1a: Incineroar
|
|upkeep
|
|t:|1757857058
|switch|p2a: Garchomp|Garchomp, L50, M|91/100
|switch|p1a: Volcarona|Volcarona, L50, M|100/100
|turn|7
|
|t:|1757857069
|move|p1b: Sneasler|Protect|p1b: Sneasler
|-singleturn|p1b: Sneasler|Protect
|move|p2b: Sneasler|Protect|p2b: Sneasler
|-singleturn|p2b: Sneasler|Protect
|move|p1a: Volcarona|Protect|p1a: Volcarona
|-singleturn|p1a: Volcarona|Protect
|move|p2a: Garchomp|Earthquake|p1b: Sneasler|[spread] 
|-activate|p2b: Sneasler|move: Protect
|-activate|p1a: Volcarona|move: Protect
|-activate|p1b: Sneasler|move: Protect
|
|upkeep
|turn|8
|
|t:|1757857089
|move|p1b: Sneasler|Dire Claw|p2b: Sneasler
|-resisted|p2b: Sneasler
|-damage|p2b: Sneasler|51/100
|move|p2b: Sneasler|Dire Claw|p1b: Sneasler
|-resisted|p1b: Sneasler
|-crit|p1b: Sneasler
|-damage|p1b: Sneasler|0 fnt
|faint|p1b: Sneasler
|move|p2a: Garchomp|Stomping Tantrum|p1a: Volcarona
|-damage|p1a: Volcarona|49/100
|-damage|p2a: Garchomp|81/100|[from] item: Life Orb
|move|p1a: Volcarona|Quiver Dance|p1a: Volcarona
|-boost|p1a: Volcarona|spa|1
|-boost|p1a: Volcarona|spd|1
|-boost|p1a: Volcarona|spe|1
|
|-heal|p1a: Volcarona|55/100|[from] item: Leftovers
|-sideend|p2: jayoticnl|move: Aurora Veil
|upkeep
|turn|9
|
|t:|1757857109
|move|p1a: Volcarona|Protect|p1a: Volcarona
|-singleturn|p1a: Volcarona|Protect
|move|p2b: Sneasler|Dire Claw|p1a: Volcarona
|-activate|p1a: Volcarona|move: Protect
|move|p2a: Garchomp|Dragon Claw|p1a: Volcarona
|-activate|p1a: Volcarona|move: Protect
|
|-heal|p1a: Volcarona|61/100|[from] item: Leftovers
|upkeep
|turn|10
|
|t:|1757857124
|move|p2b: Sneasler|Dire Claw|p1a: Volcarona
|-damage|p1a: Volcarona|22/100
|-status|p1a: Volcarona|psn
|move|p1a: Volcarona|Giga Drain|p2a: Garchomp
|-damage|p2a: Garchomp|43/100
|-heal|p1a: Volcarona|41/100 psn|[from] drain|[of] p2a: Garchomp
|move|p2a: Garchomp|Dragon Claw|p1a: Volcarona
|-crit|p1a: Volcarona
|-damage|p1a: Volcarona|0 fnt
|faint|p1a: Volcarona
|-damage|p2a: Garchomp|33/100|[from] item: Life Orb
|
|win|jayoticnl
||jayoticnl is ready for game 3.
|l|☆zrofs
|player|p1|
|inactive|zrofs has 30 seconds to confirm battle start!
||zrofs is ready for game 3.
|uhtml|next|Next: Game 3 of 3
