|j|☆That_Leek
|j|☆The median voter
|html|That_LeekThe median voter    
|uhtml|bestof|Game 2 of a best-of-3
|t:|1757788300
|gametype|doubles
|player|p1|That_Leek|blue-masters|1221
|player|p2|The median voter|scientist-gen4dp|1361
|gen|9
|tier|[Gen 9] VGC 2025 Reg H (Bo3)
|rated|
|rule|Species Clause: Limit one of each Pokémon
|rule|Item Clause: Limit 1 of each item
|clearpoke
|poke|p1|Incineroar, L50, M|
|poke|p1|Gholdengo, L50|
|poke|p1|Dragonite, L50, F|
|poke|p1|Amoonguss, L50, F|
|poke|p1|Ursaluna-Bloodmoon, L50, M|
|poke|p1|Gallade, L50, M|
|poke|p2|Archaludon, L50, F|
|poke|p2|Dragonite, L50, F|
|poke|p2|Pelipper, L50, M|
|poke|p2|Ursaluna, L50, F|
|poke|p2|Sinistcha, L50|
|poke|p2|Gholdengo, L50|
|teampreview|4
|showteam|p1|Incineroar||SafetyGoggles|Intimidate|FakeOut,FlareBlitz,KnockOff,PartingShot|||M|||50|,,,,,Water]Gholdengo||LifeOrb|GoodasGold|MakeItRain,ShadowBall,NastyPlot,Protect||||||50|,,,,,Dragon]Dragonite||LoadedDice|Multiscale|Tailwind,StompingTantrum,ScaleShot,Protect|||F|||50|,,,,,Fairy]Amoonguss||SitrusBerry|Regenerator|PollenPuff,Spore,RagePowder,Protect|||F|||50|,,,,,Fairy]Ursaluna-Bloodmoon||AssaultVest|MindsEye|VacuumWave,BloodMoon,HyperVoice,EarthPower|||M|||50|,,,,,Ghost]Gallade||FocusSash|Sharpness|TrickRoom,SacredSword,WideGuard,PsychoCut|||M|||50|,,,,,Fairy
|showteam|p2|Archaludon||AssaultVest|Stamina|FlashCannon,BodyPress,ElectroShot,Snarl|||F|||50|,,,,,Fighting]Dragonite||LoadedDice|Multiscale|ScaleShot,Tailwind,Haze,Protect|||F|||50|,,,,,Steel]Pelipper||FocusSash|Drizzle|MuddyWater,Hurricane,Tailwind,Protect|||M|||50|,,,,,Ghost]Ursaluna||FlameOrb|Guts|Facade,HeadlongRush,Earthquake,Protect|||F|||50|,,,,,Ghost]Sinistcha||SitrusBerry|Hospitality|MatchaGotcha,LifeDew,RagePowder,TrickRoom||||||50|,,,,,Dark]Gholdengo||ChoiceScarf|GoodasGold|MakeItRain,ShadowBall,Trick,Protect||||||50|,,,,,Flying
|inactive|Battle timer is ON: inactive players will automatically lose when time's up. (requested by The median voter)
|
|t:|1757788364
|teamsize|p1|4
|teamsize|p2|4
|start
|switch|p1a: Dragonite|Dragonite, L50, F|100/100
|switch|p1b: Incineroar|Incineroar, L50, M|100/100
|switch|p2a: Gholdengo|Gholdengo, L50|100/100
|switch|p2b: Sinistcha|Sinistcha, L50|100/100
|-ability|p1b: Incineroar|Intimidate|boost
|-unboost|p2a: Gholdengo|atk|1
|-unboost|p2b: Sinistcha|atk|1
|turn|1
|inactive|The median voter has 30 seconds left.
|
|t:|1757788393
|switch|p2b: Archaludon|Archaludon, L50, F|100/100
|move|p1a: Dragonite|Protect|p1a: Dragonite
|-singleturn|p1a: Dragonite|Protect
|move|p2a: Gholdengo|Trick|p1b: Incineroar
|-activate|p2a: Gholdengo|move: Trick|[of] p1b: Incineroar
|-item|p1b: Incineroar|Choice Scarf|[from] move: Trick
|-item|p2a: Gholdengo|Safety Goggles|[from] move: Trick
|move|p1b: Incineroar|Knock Off|p2a: Gholdengo
|-supereffective|p2a: Gholdengo
|-damage|p2a: Gholdengo|0 fnt
|-enditem|p2a: Gholdengo|Safety Goggles|[from] move: Knock Off|[of] p1b: Incineroar
|faint|p2a: Gholdengo
|
|upkeep
|
|t:|1757788407
|switch|p2a: Sinistcha|Sinistcha, L50|100/100
|turn|2
|
|t:|1757788417
|-terastallize|p2a: Sinistcha|Dark
|move|p1b: Incineroar|Knock Off|p2a: Sinistcha
|-resisted|p2a: Sinistcha
|-damage|p2a: Sinistcha|79/100
|-enditem|p2a: Sinistcha|Sitrus Berry|[from] move: Knock Off|[of] p1b: Incineroar
|move|p1a: Dragonite|Scale Shot|p2a: Sinistcha
|-damage|p2a: Sinistcha|67/100
|-damage|p2a: Sinistcha|53/100
|-damage|p2a: Sinistcha|39/100
|-damage|p2a: Sinistcha|25/100
|-hitcount|p2a: Sinistcha|4
|-unboost|p1a: Dragonite|def|1
|-boost|p1a: Dragonite|spe|1
|move|p2b: Archaludon|Flash Cannon|p1a: Dragonite
|-damage|p1a: Dragonite|83/100
|move|p2a: Sinistcha|Trick Room|p2a: Sinistcha
|-fieldstart|move: Trick Room|[of] p2a: Sinistcha
|
|upkeep
|turn|3
|inactive|The median voter has 30 seconds left.
|inactive|The median voter has 20 seconds left.
|inactive|The median voter has 15 seconds left.
|inactive|The median voter has 10 seconds left.
|
|t:|1757788464
|switch|p1a: Ursaluna|Ursaluna-Bloodmoon, L50, M|100/100
|move|p2a: Sinistcha|Life Dew||[still]|[spread] p2a,p2b
|-heal|p2a: Sinistcha|50/100
|-fail|p2b: Archaludon|heal
|move|p2b: Archaludon|Flash Cannon|p1a: Ursaluna
|-damage|p1a: Ursaluna|71/100
|move|p1b: Incineroar|Knock Off|p2b: Archaludon
|-damage|p2b: Archaludon|71/100
|-ability|p2b: Archaludon|Stamina|boost
|-boost|p2b: Archaludon|def|1
|-enditem|p2b: Archaludon|Assault Vest|[from] move: Knock Off|[of] p1b: Incineroar
|
|upkeep
|turn|4
|
|t:|1757788488
|switch|p1b: Gholdengo|Gholdengo, L50|100/100
|-terastallize|p1a: Ursaluna|Ghost
|move|p2a: Sinistcha|Rage Powder|p2a: Sinistcha
|-singleturn|p2a: Sinistcha|move: Rage Powder
|move|p1a: Ursaluna|Earth Power|p2a: Sinistcha
|-damage|p2a: Sinistcha|4/100
|move|p2b: Archaludon|Body Press|p1a: Ursaluna
|-immune|p1a: Ursaluna
|
|upkeep
|turn|5
|inactive|The median voter has 30 seconds left.
|
|t:|1757788517
|move|p1a: Ursaluna|Vacuum Wave|p2a: Sinistcha
|-supereffective|p2a: Sinistcha
|-damage|p2a: Sinistcha|0 fnt
|faint|p2a: Sinistcha
|move|p1b: Gholdengo|Shadow Ball|p2b: Archaludon
|-damage|p2b: Archaludon|2/100
|-unboost|p2b: Archaludon|spd|1
|-ability|p2b: Archaludon|Stamina|boost
|-boost|p2b: Archaludon|def|1
|-damage|p1b: Gholdengo|91/100|[from] item: Life Orb
|move|p2b: Archaludon|Snarl|p1a: Ursaluna|[spread] p1a
|-miss|p2b: Archaludon|p1b: Gholdengo
|-supereffective|p1a: Ursaluna
|-damage|p1a: Ursaluna|53/100
|-unboost|p1a: Ursaluna|spa|1
|
|upkeep
|-message|The median voter forfeited.
|
|win|That_Leek
|raw|That_Leek's rating: 1221 → 1256(+35 for winning)
|raw|The median voter's rating: 1361 → 1333(-28 for losing)
|l|☆The median voter
|player|p2|
