|j|☆lemon447
|j|☆belinvgc
|html|lemon447belinvgc    
|uhtml|bestof|Game 2 of a best-of-3
|t:|1785667425
|gametype|doubles
|player|p1|lemon447|rosa|1321
|player|p2|belinvgc|2|1369
|gen|9
|tier|[Gen 9 Champions] VGC 2026 Reg M-B (Bo3)
|rated|
|rule|Species Clause: Limit one of each Pokémon
|rule|Item Clause: Limit 1 of each item
|clearpoke
|poke|p1|Incineroar, L50, M|
|poke|p1|Kingambit, L50, F|
|poke|p1|Sinistcha, L50|
|poke|p1|Sneasler, L50, F|
|poke|p1|Blastoise, L50, F|
|poke|p1|Delphox, L50, F|
|poke|p2|Raichu, L50, M|
|poke|p2|Tyranitar, L50, F|
|poke|p2|Kingambit, L50, F|
|poke|p2|Mamoswine, L50, F|
|poke|p2|Sinistcha, L50|
|poke|p2|Sneasler, L50, M|
|teampreview|4
|showteam|p1|Incineroar||SitrusBerry|Intimidate|FakeOut,FlareBlitz,ThroatChop,PartingShot|Impish||M|||50|]Kingambit||BlackGlasses|Defiant|KowtowCleave,SuckerPunch,SwordsDance,Protect|Adamant||F|||50|]Sinistcha||OccaBerry|Hospitality|MatchaGotcha,RagePowder,TrickRoom,Protect|Bold|||||50|]Sneasler||FocusSash|PoisonTouch|FakeOut,CloseCombat,PoisonJab,QuickGuard|Jolly||F|||50|]Blastoise||Blastoisinite|RainDish|WaterSpout,DarkPulse,ShellSmash,Protect|Modest||F|||50|]Delphox||Delphoxite|Blaze|HeatWave,Psychic,NastyPlot,Protect|Timid||F|||50|
|showteam|p2|Raichu||RaichuniteY|LightningRod|ZapCannon,FocusBlast,FakeOut,Protect|Timid||M|||50|]Tyranitar||Tyranitarite|SandStream|RockSlide,KnockOff,DragonDance,Protect|Jolly||F|||50|]Kingambit||BlackGlasses|Defiant|KowtowCleave,SuckerPunch,IronHead,Protect|Adamant||F|||50|]Mamoswine||LifeOrb|Oblivious|IcicleCrash,HighHorsepower,IceShard,Protect|Adamant||F|||50|]Sinistcha||KasibBerry|Hospitality|MatchaGotcha,RagePowder,TrickRoom,Protect|Bold|||||50|]Sneasler||WhiteHerb|Unburden|CloseCombat,DireClaw,FakeOut,Coaching|Adamant||M|||50|
|inactive|Battle timer is ON: inactive players will automatically lose when time's up. (requested by lemon447)
|
|t:|1785667454
|teamsize|p1|4
|teamsize|p2|4
|start
|switch|p1a: Sneasler|Sneasler, L50, F|100/100
|switch|p1b: Blastoise|Blastoise, L50, F|100/100
|switch|p2a: Raichu|Raichu, L50, M|100/100
|switch|p2b: Sinistcha|Sinistcha, L50|100/100
|turn|1
|
|t:|1785667470
|detailschange|p2a: Raichu|Raichu-Mega-Y, L50, M
|-mega|p2a: Raichu|Raichu|Raichunite Y
|move|p1b: Blastoise|Protect|p1b: Blastoise
|-singleturn|p1b: Blastoise|Protect
|move|p2a: Raichu|Fake Out|p1b: Blastoise
|-activate|p1b: Blastoise|move: Protect
|move|p1a: Sneasler|Poison Jab|p2a: Raichu
|-damage|p2a: Raichu|28/100
|move|p2b: Sinistcha|Matcha Gotcha|p1a: Sneasler|[spread] p1a
|-activate|p1b: Blastoise|move: Protect
|-resisted|p1a: Sneasler|1
|-damage|p1a: Sneasler|84/100
|
|upkeep
|turn|2
|
|t:|1785667489
|switch|p1b: Sinistcha|Sinistcha, L50|100/100
|-heal|p1a: Sneasler|100/100|[from] ability: Hospitality|[of] p1b: Sinistcha
|move|p2a: Raichu|Zap Cannon|p1a: Sneasler
|-damage|p1a: Sneasler|7/100
|-status|p1a: Sneasler|par
|move|p1a: Sneasler|Poison Jab|p2a: Raichu
|-damage|p2a: Raichu|0 fnt
|faint|p2a: Raichu
|move|p2b: Sinistcha|Matcha Gotcha|p1a: Sneasler|[spread] p1a,p1b
|-resisted|p1a: Sneasler|1
|-resisted|p1b: Sinistcha|1
|-damage|p1a: Sneasler|0 fnt
|-damage|p1b: Sinistcha|88/100
|-status|p1b: Sinistcha|brn
|faint|p1a: Sneasler
|
|-damage|p1b: Sinistcha|82/100 brn|[from] brn
|upkeep
|inactive|belinvgc has 30 seconds left.
|
|t:|1785667522
|switch|p2a: Kingambit|Kingambit, L50, F|100/100
|switch|p1a: Kingambit|Kingambit, L50, F|100/100
|turn|3
|
|t:|1785667539
|move|p1b: Sinistcha|Protect|p1b: Sinistcha
|-singleturn|p1b: Sinistcha|Protect
|move|p2b: Sinistcha|Matcha Gotcha|p1a: Kingambit|[spread] p1a
|-activate|p1b: Sinistcha|move: Protect
|-resisted|p1a: Kingambit|1
|-damage|p1a: Kingambit|89/100
|move|p2a: Kingambit|Kowtow Cleave|p1b: Sinistcha
|-activate|p1b: Sinistcha|move: Protect
|move|p1a: Kingambit|Swords Dance|p1a: Kingambit
|-boost|p1a: Kingambit|atk|2
|
|-damage|p1b: Sinistcha|75/100 brn|[from] brn
|upkeep
|turn|4
|inactive|belinvgc has 30 seconds left.
|inactive|belinvgc has 20 seconds left.
|inactive|belinvgc has 15 seconds left.
|inactive|belinvgc has 10 seconds left.
|
|t:|1785667587
|switch|p1b: Blastoise|Blastoise, L50, F|100/100
|move|p2b: Sinistcha|Matcha Gotcha|p1a: Kingambit|[spread] p1a,p1b
|-resisted|p1a: Kingambit|1
|-supereffective|p1b: Blastoise|1
|-damage|p1a: Kingambit|81/100
|-damage|p1b: Blastoise|48/100
|-status|p1b: Blastoise|brn
|move|p2a: Kingambit|Kowtow Cleave|p1b: Blastoise
|-damage|p1b: Blastoise|0 fnt
|faint|p1b: Blastoise
|move|p1a: Kingambit|Kowtow Cleave|p2b: Sinistcha
|-supereffective|p2b: Sinistcha|1
|-damage|p2b: Sinistcha|0 fnt
|faint|p2b: Sinistcha
|
|upkeep
|
|t:|1785667602
|switch|p1b: Sinistcha|Sinistcha, L50|75/100 brn
|switch|p2b: Tyranitar|Tyranitar, L50, F|100/100
|-weather|Sandstorm|[from] ability: Sand Stream|[of] p2b: Tyranitar
|-heal|p1a: Kingambit|100/100|[from] ability: Hospitality|[of] p1b: Sinistcha
|turn|5
|
|t:|1785667622
|move|p2b: Tyranitar|Rock Slide|p1b: Sinistcha|[spread] p1a,p1b
|-resisted|p1a: Kingambit|1
|-damage|p1a: Kingambit|89/100
|-damage|p1b: Sinistcha|53/100 brn
|cant|p1b: Sinistcha|flinch
|move|p2a: Kingambit|Kowtow Cleave|p1b: Sinistcha
|-supereffective|p1b: Sinistcha|1
|-damage|p1b: Sinistcha|0 fnt
|faint|p1b: Sinistcha
|move|p1a: Kingambit|Kowtow Cleave|p2b: Tyranitar
|-resisted|p2b: Tyranitar|1
|-damage|p2b: Tyranitar|55/100
|
|-weather|Sandstorm|[upkeep]
|upkeep
|turn|6
|-message|lemon447 forfeited.
|
|win|belinvgc
|raw|lemon447's rating: 1321 → 1304(-17 for losing)
|raw|belinvgc's rating: 1369 → 1386(+17 for winning)
|c|☆belinvgc|Ggs
