|j|☆NETDlDO
|j|☆Eggy’sDad
|html|NETDlDOEggy’sDad    
|uhtml|bestof|Game 2 of a best-of-3
|t:|1786107269
|gametype|doubles
|player|p1|NETDlDO|bruno|1097
|player|p2|Eggy’sDad|2|1153
|gen|9
|tier|[Gen 9 Champions] VGC 2026 Reg M-B (Bo3)
|rated|
|rule|Species Clause: Limit one of each Pokémon
|rule|Item Clause: Limit 1 of each item
|clearpoke
|poke|p1|Pelipper, L50, F|
|poke|p1|Metagross, L50|
|poke|p1|Raichu, L50, F|
|poke|p1|Sylveon, L50, M|
|poke|p1|Aerodactyl, L50, F|
|poke|p1|Maushold, L50|
|poke|p2|Gengar, L50, F, shiny|
|poke|p2|Snorlax, L50, F|
|poke|p2|Incineroar, L50, F, shiny|
|poke|p2|Hawlucha, L50, F|
|poke|p2|Politoed, L50, F|
|poke|p2|Sinistcha-Masterpiece, L50|
|teampreview|4
|showteam|p1|Pelipper||DampRock|Drizzle|Hurricane,WeatherBall,Protect,Tailwind|Timid||F|||50|]Metagross||Metagrossite|ClearBody|PsychicFangs,IronHead,BodyPress,Protect|Adamant|||||50|]Raichu||RaichuniteY|Static|FocusBlast,FakeOut,ZapCannon,Protect|Timid||F|||50|]Sylveon||FairyFeather|Pixilate|HyperVoice,HyperBeam,Protect,CalmMind|Modest||M|||50|]Aerodactyl||FocusSash|Unnerve|Tailwind,RockSlide,DualWingbeat,Protect|Jolly||F|||50|]Maushold||WideLens|FriendGuard|PopulationBomb,Taunt,FollowMe,SuperFang|Jolly|||||50|
|showteam|p2|Gengar||Gengarite|CursedBody|PerishSong,ShadowBall,Disable,Protect|Timid||F|||50|]Snorlax||Leftovers|ThickFat|Protect,SmackDown,Stockpile,Fissure|Impish||F|||50|]Incineroar||PasshoBerry|Intimidate|FakeOut,Snarl,PartingShot,WillOWisp|Impish||F|||50|]Hawlucha||Hawluchanite|Limber|Detect,CrossChop,DualWingbeat,Entrainment|Jolly||F|||50|]Politoed||SitrusBerry|Drizzle|WeatherBall,Encore,PerishSong,Protect|Modest||F|||50|]Sinistcha-Masterpiece||FocusSash|Hospitality|MatchaGotcha,RagePowder,TrickRoom,Protect|Bold|||||50|
|
|t:|1786107297
|teamsize|p1|4
|teamsize|p2|4
|start
|switch|p1a: Metagross|Metagross, L50|100/100
|switch|p1b: Maushold|Maushold, L50|100/100
|switch|p2a: Incineroar|Incineroar, L50, F, shiny|100/100
|switch|p2b: Snorlax|Snorlax, L50, F|100/100
|-ability|p2a: Incineroar|Intimidate|boost
|-fail|p1a: Metagross|unboost|[from] ability: Clear Body|[of] p1a: Metagross
|-unboost|p1b: Maushold|atk|1
|turn|1
|
|t:|1786107336
|move|p1a: Metagross|Protect|p1a: Metagross
|-singleturn|p1a: Metagross|Protect
|move|p2a: Incineroar|Fake Out|p1a: Metagross
|-activate|p1a: Metagross|move: Protect
|move|p1b: Maushold|Super Fang|p2b: Snorlax
|-damage|p2b: Snorlax|50/100y
|move|p2b: Snorlax|Stockpile|p2b: Snorlax
|-start|p2b: Snorlax|stockpile1
|-boost|p2b: Snorlax|def|1
|-boost|p2b: Snorlax|spd|1
|
|-heal|p2b: Snorlax|56/100|[from] item: Leftovers
|upkeep
|turn|2
|
|t:|1786107378
|detailschange|p1a: Metagross|Metagross-Mega, L50
|-mega|p1a: Metagross|Metagross|Metagrossite
|move|p2b: Snorlax|Protect|p2b: Snorlax
|-singleturn|p2b: Snorlax|Protect
|move|p1b: Maushold|Taunt|p2a: Incineroar
|-start|p2a: Incineroar|move: Taunt
|move|p1a: Metagross|Body Press|p2b: Snorlax
|-activate|p2b: Snorlax|move: Protect
|cant|p2a: Incineroar|move: Taunt|Will-O-Wisp
|
|-heal|p2b: Snorlax|62/100|[from] item: Leftovers
|upkeep
|turn|3
|
|t:|1786107413
|switch|p2a: Hawlucha|Hawlucha, L50, F|100/100
|switch|p2b: Sinistcha|Sinistcha-Masterpiece, L50|100/100
|move|p1b: Maushold|Follow Me|p1b: Maushold
|-singleturn|p1b: Maushold|move: Follow Me
|move|p1a: Metagross|Body Press|p2b: Sinistcha
|-immune|p2b: Sinistcha
|
|upkeep
|turn|4
|
|t:|1786107461
|switch|p2b: Snorlax|Snorlax, L50, F|62/100
|detailschange|p2a: Hawlucha|Hawlucha-Mega, L50, F
|-mega|p2a: Hawlucha|Hawlucha|Hawluchanite
|move|p1b: Maushold|Follow Me|p1b: Maushold
|-singleturn|p1b: Maushold|move: Follow Me
|move|p2a: Hawlucha|Entrainment|p1b: Maushold
|-ability|p1b: Maushold|No Guard|Friend Guard|[from] move: Entrainment|[of] p2a: Hawlucha
|move|p1a: Metagross|Body Press|p2b: Snorlax
|-supereffective|p2b: Snorlax|1
|-damage|p2b: Snorlax|13/100
|
|-heal|p2b: Snorlax|19/100|[from] item: Leftovers
|upkeep
|turn|5
|
|t:|1786107491
|switch|p2b: Sinistcha|Sinistcha-Masterpiece, L50|100/100
|move|p2a: Hawlucha|Cross Chop|p1a: Metagross
|-damage|p1a: Metagross|63/100
|move|p1b: Maushold|Super Fang|p2a: Hawlucha
|-damage|p2a: Hawlucha|50/100y
|move|p1a: Metagross|Iron Head|p2b: Sinistcha
|-damage|p2b: Sinistcha|53/100
|
|upkeep
|turn|6
|
|t:|1786107527
|switch|p2b: Incineroar|Incineroar, L50, F, shiny|100/100
|-ability|p2b: Incineroar|Intimidate|boost
|-unboost|p1a: Metagross|atk|1
|-unboost|p1b: Maushold|atk|1
|move|p2a: Hawlucha|Cross Chop|p1b: Maushold
|-supereffective|p1b: Maushold|1
|-damage|p1b: Maushold|0 fnt
|faint|p1b: Maushold
|move|p1a: Metagross|Iron Head|p2b: Incineroar
|-resisted|p2b: Incineroar|1
|-damage|p2b: Incineroar|85/100
|
|upkeep
|
|t:|1786107538
|switch|p1b: Aerodactyl|Aerodactyl, L50, F|100/100
|-ability|p1b: Aerodactyl|Unnerve
|turn|7
|
|t:|1786107572
|switch|p2a: Sinistcha|Sinistcha-Masterpiece, L50|53/100
|-heal|p2b: Incineroar|100/100|[from] ability: Hospitality|[of] p2a: Sinistcha
|move|p1b: Aerodactyl|Dual Wingbeat|p2b: Incineroar
|-damage|p2b: Incineroar|87/100
|-damage|p2b: Incineroar|74/100
|-hitcount|p2b: Incineroar|2
|move|p1a: Metagross|Body Press|p2b: Incineroar
|-supereffective|p2b: Incineroar|1
|-damage|p2b: Incineroar|26/100
|move|p2b: Incineroar|Will-O-Wisp|p1a: Metagross
|-status|p1a: Metagross|brn
|
|-damage|p1a: Metagross|57/100 brn|[from] brn
|upkeep
|turn|8
|
|t:|1786107638
|switch|p1a: Sylveon|Sylveon, L50, M|100/100
|switch|p2b: Snorlax|Snorlax, L50, F|19/100
|move|p2a: Sinistcha|Protect|p2a: Sinistcha
|-singleturn|p2a: Sinistcha|Protect
|move|p1b: Aerodactyl|Rock Slide|p2b: Snorlax|[spread] p2b
|-activate|p2a: Sinistcha|move: Protect
|-damage|p2b: Snorlax|4/100
|
|-heal|p2b: Snorlax|10/100|[from] item: Leftovers
|upkeep
|turn|9
|
|t:|1786107663
|switch|p2a: Incineroar|Incineroar, L50, F, shiny|26/100
|-ability|p2a: Incineroar|Intimidate|boost
|-unboost|p1a: Sylveon|atk|1
|-unboost|p1b: Aerodactyl|atk|1
|move|p2b: Snorlax|Protect|p2b: Snorlax
|-singleturn|p2b: Snorlax|Protect
|move|p1b: Aerodactyl|Dual Wingbeat|p2a: Incineroar
|-damage|p2a: Incineroar|17/100
|-damage|p2a: Incineroar|9/100
|-hitcount|p2a: Incineroar|2
|move|p1a: Sylveon|Hyper Voice|p2a: Incineroar|[spread] p2a
|-activate|p2b: Snorlax|move: Protect
|-damage|p2a: Incineroar|0 fnt
|faint|p2a: Incineroar
|
|-heal|p2b: Snorlax|16/100|[from] item: Leftovers
|upkeep
|
|t:|1786107681
|switch|p2a: Sinistcha|Sinistcha-Masterpiece, L50|53/100
|-heal|p2b: Snorlax|41/100|[from] ability: Hospitality|[of] p2a: Sinistcha
|turn|10
|
|t:|1786107701
|move|p2a: Sinistcha|Rage Powder|p2a: Sinistcha
|-singleturn|p2a: Sinistcha|move: Rage Powder
|move|p1b: Aerodactyl|Rock Slide|p2a: Sinistcha|[spread] p2a,p2b
|-damage|p2a: Sinistcha|40/100
|-damage|p2b: Snorlax|31/100
|move|p1a: Sylveon|Hyper Voice|p2a: Sinistcha|[spread] p2a,p2b
|-damage|p2a: Sinistcha|0 fnt
|-damage|p2b: Snorlax|3/100
|faint|p2a: Sinistcha
|cant|p2b: Snorlax|flinch
|
|-heal|p2b: Snorlax|10/100|[from] item: Leftovers
|upkeep
|
|t:|1786107714
|switch|p2a: Hawlucha|Hawlucha-Mega, L50, F|50/100y
|turn|11
|
|t:|1786107726
|move|p2b: Snorlax|Protect|p2b: Snorlax
|-singleturn|p2b: Snorlax|Protect
|move|p1b: Aerodactyl|Rock Slide|p2a: Hawlucha|[spread] p2a
|-activate|p2b: Snorlax|move: Protect
|-damage|p2a: Hawlucha|33/100
|cant|p2a: Hawlucha|flinch
|move|p1a: Sylveon|Hyper Voice|p2b: Snorlax|[spread] p2a
|-activate|p2b: Snorlax|move: Protect
|-supereffective|p2a: Hawlucha|1
|-damage|p2a: Hawlucha|0 fnt
|faint|p2a: Hawlucha
|
|-heal|p2b: Snorlax|16/100|[from] item: Leftovers
|upkeep
|turn|12
|
|t:|1786107749
|move|p1b: Aerodactyl|Dual Wingbeat|p2b: Snorlax|[miss]
|-miss|p1b: Aerodactyl|p2b: Snorlax
|move|p1a: Sylveon|Hyper Voice|p2b: Snorlax
|-damage|p2b: Snorlax|0 fnt
|faint|p2b: Snorlax
|
|win|NETDlDO
||NETDlDO is ready for game 3.
|inactive|Eggy’sDad has 30 seconds to confirm battle start!
||Eggy’sDad is ready for game 3.
|uhtml|next|Next: Game 3 of 3
