|j|☆redx50
|j|☆sergio aguero
|html|redx50sergio aguero    
|uhtml|bestof|Game 2 of a best-of-3
|t:|1783548525
|gametype|doubles
|player|p1|redx50|red|1351
|player|p2|sergio aguero|#rbtt9phantoms2|1506
|gen|9
|tier|[Gen 9 Champions] VGC 2026 Reg M-B (Bo3)
|rated|
|rule|Species Clause: Limit one of each Pokémon
|rule|Item Clause: Limit 1 of each item
|clearpoke
|poke|p1|Raichu, L50, F|
|poke|p1|Ninetales-Alola, L50, F|
|poke|p1|Hydreigon, L50, M|
|poke|p1|Arcanine-Hisui, L50, M|
|poke|p1|Tinkaton, L50, F, shiny|
|poke|p1|Tsareena, L50, F|
|poke|p2|Sneasler, L50, M|
|poke|p2|Blastoise, L50, M|
|poke|p2|Kingambit, L50, M|
|poke|p2|Incineroar, L50, M|
|poke|p2|Delphox, L50, F|
|poke|p2|Sinistcha, L50|
|teampreview|4
|showteam|p1|Raichu||RaichuniteY|LightningRod|ZapCannon,VoltSwitch,Protect,FocusBlast|Timid||F|||50|]Ninetales-Alola||FocusSash|SnowWarning|Protect,Blizzard,IcyWind,FreezeDry|Timid||F|||50|]Hydreigon||ChoiceScarf|Levitate|DracoMeteor,DarkPulse,Snarl,EarthPower|Modest||M|||50|]Arcanine-Hisui||LifeOrb|RockHead|RockSlide,FlareBlitz,ExtremeSpeed,Protect|Adamant||M|||50|]Tinkaton||SitrusBerry|MoldBreaker|FakeOut,PlayRough,Feint,GigatonHammer|Adamant||F|||50|]Tsareena||MiracleSeed|QueenlyMajesty|Taunt,HelpingHand,TropKick,LowKick|Adamant||F|||50|
|showteam|p2|Sneasler||FocusSash|PoisonTouch|PoisonJab,CloseCombat,FakeOut,QuickGuard|Jolly||M|||50|]Blastoise||Blastoisinite|RainDish|DarkPulse,WaterSpout,ShellSmash,Protect|Modest||M|||50|]Kingambit||BlackGlasses|Defiant|KowtowCleave,SuckerPunch,SwordsDance,Protect|Adamant||M|||50|]Incineroar||SitrusBerry|Intimidate|FlareBlitz,HelpingHand,PartingShot,FakeOut|Careful||M|||50|]Delphox||Delphoxite|Blaze|HeatWave,NastyPlot,Psyshock,Protect|Modest||F|||50|]Sinistcha||KasibBerry|Hospitality|MatchaGotcha,RagePowder,TrickRoom,Protect|Bold|||||50|
|inactive|Battle timer is ON: inactive players will automatically lose when time's up. (requested by redx50)
|j| CrazyComet37
|l| CrazyComet37
|inactive|redx50 has 60 seconds left.
|
|t:|1783548579
|teamsize|p1|4
|teamsize|p2|4
|start
|switch|p1a: Raichu|Raichu, L50, F|100/100
|switch|p1b: Tsareena|Tsareena, L50, F|100/100
|switch|p2a: Sneasler|Sneasler, L50, M|100/100
|switch|p2b: Sinistcha|Sinistcha, L50|100/100
|turn|1
|
|t:|1783548595
|switch|p1b: Bacon|Tinkaton, L50, F, shiny|100/100
|-ability|p1b: Bacon|Mold Breaker
|detailschange|p1a: Raichu|Raichu-Mega-Y, L50, F
|-mega|p1a: Raichu|Raichu|Raichunite Y
|move|p2b: Sinistcha|Rage Powder|p2b: Sinistcha
|-singleturn|p2b: Sinistcha|move: Rage Powder
|move|p1a: Raichu|Volt Switch|p2b: Sinistcha
|-resisted|p2b: Sinistcha|1
|-damage|p2b: Sinistcha|79/100
|
|t:|1783548601
|switch|p1a: Hydreigon|Hydreigon, L50, M|100/100|[from] Volt Switch
|move|p2a: Sneasler|Close Combat|p1b: Bacon
|-crit|p1b: Bacon
|-damage|p1b: Bacon|1/100
|-unboost|p2a: Sneasler|def|1
|-unboost|p2a: Sneasler|spd|1
|-enditem|p1b: Bacon|Sitrus Berry|[eat]
|-heal|p1b: Bacon|26/100|[from] item: Sitrus Berry
|
|upkeep
|turn|2
|
|t:|1783548621
|switch|p2a: Incineroar|Incineroar, L50, M|100/100
|-ability|p2a: Incineroar|Intimidate|boost
|-unboost|p1a: Hydreigon|atk|1
|-unboost|p1b: Bacon|atk|1
|move|p2b: Sinistcha|Protect|p2b: Sinistcha
|-singleturn|p2b: Sinistcha|Protect
|move|p1b: Bacon|Fake Out|p2a: Incineroar
|-damage|p2a: Incineroar|93/100
|move|p1a: Hydreigon|Dark Pulse|p2b: Sinistcha
|-activate|p2b: Sinistcha|move: Protect
|
|upkeep
|turn|3
|
|t:|1783548645
|switch|p1b: Tsareena|Tsareena, L50, F|100/100
|switch|p2b: Sneasler|Sneasler, L50, M|100/100
|move|p2a: Incineroar|Fake Out||[still]
|cant|p1b: Tsareena|ability: Queenly Majesty|Fake Out|[of] p2a: Incineroar
|move|p1a: Hydreigon|Dark Pulse|p2b: Sneasler
|-resisted|p2b: Sneasler|1
|-damage|p2b: Sneasler|69/100
|
|upkeep
|turn|4
|inactive|redx50 has 30 seconds left.
|inactive|redx50 has 20 seconds left.
|inactive|redx50 has 15 seconds left.
|
|t:|1783548685
|switch|p1a: Bacon|Tinkaton, L50, F, shiny|26/100
|-ability|p1a: Bacon|Mold Breaker
|move|p2b: Sneasler|Close Combat|p1a: Bacon
|-damage|p1a: Bacon|0 fnt
|-unboost|p2b: Sneasler|def|1
|-unboost|p2b: Sneasler|spd|1
|faint|p1a: Bacon
|move|p2a: Incineroar|Flare Blitz|p1b: Tsareena
|-supereffective|p1b: Tsareena|1
|-damage|p1b: Tsareena|14/100
|-damage|p2a: Incineroar|68/100|[from] Recoil
|move|p1b: Tsareena|Low Kick|p2a: Incineroar
|-supereffective|p2a: Incineroar|1
|-damage|p2a: Incineroar|23/100
|-enditem|p2a: Incineroar|Sitrus Berry|[eat]
|-heal|p2a: Incineroar|48/100|[from] item: Sitrus Berry
|
|upkeep
|
|t:|1783548697
|switch|p1a: Raichu|Raichu-Mega-Y, L50, F|100/100
|turn|5
|j| hareeem
|inactive|sergio aguero has 30 seconds left.
|
|t:|1783548730
|switch|p2b: Sinistcha|Sinistcha, L50|79/100
|-heal|p2a: Incineroar|72/100|[from] ability: Hospitality|[of] p2b: Sinistcha
|move|p1a: Raichu|Focus Blast|p2a: Incineroar
|-supereffective|p2a: Incineroar|1
|-damage|p2a: Incineroar|1/100
|move|p1b: Tsareena|Taunt|p2b: Sinistcha
|-start|p2b: Sinistcha|move: Taunt
|move|p2a: Incineroar|Flare Blitz|p1b: Tsareena
|-supereffective|p1b: Tsareena|1
|-damage|p1b: Tsareena|0 fnt
|faint|p1b: Tsareena
|-damage|p2a: Incineroar|0 fnt|[from] Recoil
|faint|p2a: Incineroar
|
|upkeep
|inactive|sergio aguero has 30 seconds left.
|inactive|sergio aguero has 20 seconds left.
|inactive|sergio aguero has 15 seconds left.
|inactive|sergio aguero has 10 seconds left.
|
|t:|1783548777
|switch|p1b: Hydreigon|Hydreigon, L50, M|100/100
|switch|p2a: Blastoise|Blastoise, L50, M|100/100
|turn|6
|
|t:|1783548782
|switch|p2b: Sneasler|Sneasler, L50, M|69/100
|detailschange|p2a: Blastoise|Blastoise-Mega, L50, M
|-mega|p2a: Blastoise|Blastoise|Blastoisinite
|move|p2a: Blastoise|Protect|p2a: Blastoise
|-singleturn|p2a: Blastoise|Protect
|move|p1b: Hydreigon|Snarl|p2b: Sneasler|[spread] p2b
|-activate|p2a: Blastoise|move: Protect
|-resisted|p2b: Sneasler|1
|-damage|p2b: Sneasler|54/100
|-unboost|p2b: Sneasler|spa|1
|move|p1a: Raichu|Zap Cannon|p2a: Blastoise
|-activate|p2a: Blastoise|move: Protect
|
|upkeep
|turn|7
|
|t:|1783548792
|move|p2b: Sneasler|Fake Out|p1a: Raichu
|-crit|p1a: Raichu
|-damage|p1a: Raichu|60/100
|move|p1b: Hydreigon|Snarl|p2a: Blastoise|[spread] p2a,p2b
|-resisted|p2b: Sneasler|1
|-damage|p2a: Blastoise|76/100
|-damage|p2b: Sneasler|39/100
|-unboost|p2a: Blastoise|spa|1
|-unboost|p2b: Sneasler|spa|1
|cant|p1a: Raichu|flinch
|move|p2a: Blastoise|Shell Smash|p2a: Blastoise
|-unboost|p2a: Blastoise|def|1
|-unboost|p2a: Blastoise|spd|1
|-boost|p2a: Blastoise|atk|2
|-boost|p2a: Blastoise|spa|2
|-boost|p2a: Blastoise|spe|2
|
|upkeep
|turn|8
|
|t:|1783548803
|move|p2a: Blastoise|Dark Pulse|p1a: Raichu
|-damage|p1a: Raichu|0 fnt
|faint|p1a: Raichu
|move|p1b: Hydreigon|Snarl|p2b: Sneasler|[spread] p2a,p2b
|-resisted|p2b: Sneasler|1
|-damage|p2a: Blastoise|42/100
|-damage|p2b: Sneasler|24/100
|-unboost|p2a: Blastoise|spa|1
|-unboost|p2b: Sneasler|spa|1
|move|p2b: Sneasler|Close Combat|p1b: Hydreigon
|-supereffective|p1b: Hydreigon|1
|-damage|p1b: Hydreigon|0 fnt
|-unboost|p2b: Sneasler|def|1
|-unboost|p2b: Sneasler|spd|1
|faint|p1b: Hydreigon
|
|win|sergio aguero
|raw|redx50's rating: 1351 → 1339(-12 for losing)
|raw|sergio aguero's rating: 1506 → 1518(+12 for winning)
|l|☆redx50
|player|p1|
