|j|☆cillianvgc
|j|☆chikondi
|html|cillianvgcchikondi    
|uhtml|bestof|Game 1 of a best-of-3
|t:|1783436567
|gametype|doubles
|player|p1|cillianvgc|nate|
|player|p2|chikondi|galacticgruntf|
|gen|9
|tier|[Gen 9 Champions] VGC 2026 Reg M-B (Bo3)
|rule|Species Clause: Limit one of each Pokémon
|rule|Item Clause: Limit 1 of each item
|clearpoke
|poke|p1|Chandelure, L50, M|
|poke|p1|Incineroar, L50, M|
|poke|p1|Sinistcha, L50|
|poke|p1|Torkoal, L50, F|
|poke|p1|Rotom-Wash, L50|
|poke|p1|Venusaur, L50, M|
|poke|p2|Floette-Eternal, L50, F|
|poke|p2|Sinistcha, L50|
|poke|p2|Incineroar, L50, F|
|poke|p2|Kingambit, L50, F|
|poke|p2|Delphox, L50, M|
|poke|p2|Sneasler, L50, F|
|teampreview|4
|showteam|p1|Chandelure||Chandelurite|FlashFire|HeatWave,ShadowBall,Protect,TrickRoom|Quiet||M|||50|]Incineroar||SitrusBerry|Intimidate|FlareBlitz,FakeOut,PartingShot,WillOWisp|Relaxed||M|||50|]Sinistcha||BrightPowder|Hospitality|MatchaGotcha,RagePowder,LifeDew,TrickRoom|Sassy|||||50|]Torkoal||Charcoal|Drought|Eruption,HeatCrash,SolarBeam,Protect|Quiet||F|||50|]Rotom-Wash||ChoiceScarf|Levitate|WillOWisp,VoltSwitch,Electroweb,HydroPump|Timid|||||50|]Venusaur||Venusaurite|Chlorophyll|GigaDrain,SludgeBomb,EarthPower,Protect|Modest||M|||50|
|showteam|p2|Floette-Eternal||Floettite|FlowerVeil|Moonblast,DrainingKiss,CalmMind,Protect|Timid||F|||50|]Sinistcha||OccaBerry|Hospitality|MatchaGotcha,Protect,RagePowder,TrickRoom|Bold|||||50|]Incineroar||SitrusBerry|Intimidate|FlareBlitz,PartingShot,FakeOut,ThroatChop|Careful||F|||50|]Kingambit||BlackGlasses|Defiant|KowtowCleave,SuckerPunch,Protect,SwordsDance|Adamant||F|||50|]Delphox||Delphoxite|Blaze|HeatWave,Psyshock,NastyPlot,Protect|Modest||M|||50|]Sneasler||FocusSash|PoisonTouch|FakeOut,QuickGuard,CloseCombat,DireClaw|Jolly||F|||50|
|c|☆chikondi|Good luck!
|c|☆cillianvgc|you too
|j| Ab0ve5029
|j| Cynthia's grippers
|l| Cynthia's grippers
|
|t:|1783436691
|teamsize|p1|4
|teamsize|p2|4
|start
|switch|p1a: Chandelure|Chandelure, L50, M|100/100
|switch|p1b: Incineroar|Incineroar, L50, M|100/100
|switch|p2a: Kingambit|Kingambit, L50, F|100/100
|switch|p2b: Sneasler|Sneasler, L50, F|100/100
|-ability|p1b: Incineroar|Intimidate|boost
|-unboost|p2a: Kingambit|atk|1
|-ability|p2a: Kingambit|Defiant|boost
|-boost|p2a: Kingambit|atk|2
|-unboost|p2b: Sneasler|atk|1
|turn|1
|j| the gong lady
|
|t:|1783436732
|detailschange|p1a: Chandelure|Chandelure-Mega, L50, M
|-mega|p1a: Chandelure|Chandelure|Chandelurite
|move|p1a: Chandelure|Protect|p1a: Chandelure
|-singleturn|p1a: Chandelure|Protect
|move|p2b: Sneasler|Fake Out|p1b: Incineroar
|-damage|p1b: Incineroar|92/100
|-status|p1b: Incineroar|psn|[from] ability: Poison Touch|[of] p2b: Sneasler
|cant|p1b: Incineroar|flinch
|move|p2a: Kingambit|Kowtow Cleave|p1a: Chandelure
|-activate|p1a: Chandelure|move: Protect
|
|-damage|p1b: Incineroar|80/100 psn|[from] psn
|upkeep
|turn|2
|j| Cynthia's grippers
|l| Cynthia's grippers
|
|t:|1783436775
|switch|p1a: Torkoal|Torkoal, L50, F|100/100
|-weather|SunnyDay|[from] ability: Drought|[of] p1a: Torkoal
|move|p2a: Kingambit|Protect|p2a: Kingambit
|-singleturn|p2a: Kingambit|Protect
|move|p2b: Sneasler|Close Combat|p1b: Incineroar
|-supereffective|p1b: Incineroar|1
|-damage|p1b: Incineroar|20/100y psn
|-unboost|p2b: Sneasler|def|1
|-unboost|p2b: Sneasler|spd|1
|-enditem|p1b: Incineroar|Sitrus Berry|[eat]
|-heal|p1b: Incineroar|45/100 psn|[from] item: Sitrus Berry
|move|p1b: Incineroar|Flare Blitz|p2a: Kingambit
|-activate|p2a: Kingambit|move: Protect
|
|-weather|SunnyDay|[upkeep]
|-damage|p1b: Incineroar|32/100 psn|[from] psn
|upkeep
|turn|3
|
|t:|1783436824
|switch|p1b: Sinistcha|Sinistcha, L50|100/100
|move|p1a: Torkoal|Protect|p1a: Torkoal
|-singleturn|p1a: Torkoal|Protect
|move|p2b: Sneasler|Close Combat|p1a: Torkoal
|-activate|p1a: Torkoal|move: Protect
|move|p2a: Kingambit|Kowtow Cleave|p1b: Sinistcha
|-supereffective|p1b: Sinistcha|1
|-damage|p1b: Sinistcha|0 fnt
|faint|p1b: Sinistcha
|
|-weather|SunnyDay|[upkeep]
|upkeep
|
|t:|1783436840
|switch|p1b: Chandelure|Chandelure-Mega, L50, M|100/100
|turn|4
|j| kellyvgc
|
|t:|1783436910
|switch|p1a: Incineroar|Incineroar, L50, M|32/100 psn
|-ability|p1a: Incineroar|Intimidate|boost
|-unboost|p2a: Kingambit|atk|1
|-ability|p2a: Kingambit|Defiant|boost
|-boost|p2a: Kingambit|atk|2
|-unboost|p2b: Sneasler|atk|1
|move|p2a: Kingambit|Protect|p2a: Kingambit
|-singleturn|p2a: Kingambit|Protect
|move|p2b: Sneasler|Close Combat|p1a: Incineroar
|-supereffective|p1a: Incineroar|1
|-damage|p1a: Incineroar|0 fnt
|-unboost|p2b: Sneasler|def|1
|-unboost|p2b: Sneasler|spd|1
|faint|p1a: Incineroar
|move|p1b: Chandelure|Heat Wave|p2b: Sneasler|[spread] p2b
|-activate|p2a: Kingambit|move: Protect
|-enditem|p2b: Sneasler|Focus Sash
|-damage|p2b: Sneasler|1/100
|
|-weather|SunnyDay|[upkeep]
|upkeep
|
|t:|1783436927
|switch|p1a: Torkoal|Torkoal, L50, F|100/100
|turn|5
|
|t:|1783436982
|move|p1a: Torkoal|Protect|p1a: Torkoal
|-singleturn|p1a: Torkoal|Protect
|move|p2a: Kingambit|Sucker Punch||[still]
|-fail|p2a: Kingambit
|move|p2b: Sneasler|Dire Claw|p1b: Chandelure
|-resisted|p1b: Chandelure|1
|-damage|p1b: Chandelure|89/100
|-status|p1b: Chandelure|psn|[from] ability: Poison Touch|[of] p2b: Sneasler
|move|p1b: Chandelure|Trick Room|p1b: Chandelure
|-fieldstart|move: Trick Room|[of] p1b: Chandelure
|
|-weather|SunnyDay|[upkeep]
|-damage|p1b: Chandelure|77/100 psn|[from] psn
|upkeep
|turn|6
|
|t:|1783437015
|move|p2a: Kingambit|Protect|p2a: Kingambit
|-singleturn|p2a: Kingambit|Protect
|move|p1a: Torkoal|Eruption|p2a: Kingambit|[spread] p2b
|-activate|p2a: Kingambit|move: Protect
|-damage|p2b: Sneasler|0 fnt
|faint|p2b: Sneasler
|move|p1b: Chandelure|Heat Wave|p2a: Kingambit
|-activate|p2a: Kingambit|move: Protect
|
|-weather|none
|-damage|p1b: Chandelure|65/100 psn|[from] psn
|upkeep
|
|t:|1783437026
|switch|p2b: Incineroar|Incineroar, L50, F|100/100
|-ability|p2b: Incineroar|Intimidate|boost
|-unboost|p1a: Torkoal|atk|1
|-unboost|p1b: Chandelure|atk|1
|turn|7
|
|t:|1783437038
|move|p1a: Torkoal|Protect|p1a: Torkoal
|-singleturn|p1a: Torkoal|Protect
|move|p1b: Chandelure|Protect|p1b: Chandelure
|-singleturn|p1b: Chandelure|Protect
|move|p2b: Incineroar|Fake Out|p1a: Torkoal
|-activate|p1a: Torkoal|move: Protect
|move|p2a: Kingambit|Sucker Punch||[still]
|-fail|p2a: Kingambit
|
|-damage|p1b: Chandelure|53/100 psn|[from] psn
|upkeep
|turn|8
|
|t:|1783437071
|move|p2a: Kingambit|Sucker Punch|p1a: Torkoal
|-damage|p1a: Torkoal|30/100
|move|p1a: Torkoal|Eruption|p2b: Incineroar|[spread] p2a,p2b
|-supereffective|p2a: Kingambit|1
|-resisted|p2b: Incineroar|1
|-damage|p2a: Kingambit|67/100
|-damage|p2b: Incineroar|92/100
|move|p2b: Incineroar|Throat Chop|p1b: Chandelure
|-supereffective|p1b: Chandelure|1
|-damage|p1b: Chandelure|0 fnt
|faint|p1b: Chandelure
|
|upkeep
|turn|9
|l| the gong lady
|
|t:|1783437090
|move|p2a: Kingambit|Protect|p2a: Kingambit
|-singleturn|p2a: Kingambit|Protect
|move|p1a: Torkoal|Eruption|p2a: Kingambit|[spread] p2b
|-activate|p2a: Kingambit|move: Protect
|-resisted|p2b: Incineroar|1
|-damage|p2b: Incineroar|85/100
|move|p2b: Incineroar|Parting Shot|p1a: Torkoal
|-unboost|p1a: Torkoal|atk|1
|-unboost|p1a: Torkoal|spa|1
|
|t:|1783437096
|switch|p2b: Delphox|Delphox, L50, M|100/100|[from] Parting Shot
|
|-fieldend|move: Trick Room
|upkeep
|turn|10
|
|t:|1783437103
|detailschange|p2b: Delphox|Delphox-Mega, L50, M
|-mega|p2b: Delphox|Delphox|Delphoxite
|move|p2b: Delphox|Psyshock|p1a: Torkoal
|-damage|p1a: Torkoal|0 fnt
|faint|p1a: Torkoal
|
|win|chikondi
||chikondi is ready for game 2.
||cillianvgc is ready for game 2.
|uhtml|next|Next: Game 2 of 3
|l| kellyvgc
|l|☆chikondi
|player|p2|
|j|☆chikondi
|player|p2|chikondi|galacticgruntf|
