|j|☆TemporalDonut
|j|☆yesertrerte
|html|TemporalDonutyesertrerte    
|uhtml|bestof|Game 1 of a best-of-3
|t:|1784910683
|gametype|doubles
|player|p1|TemporalDonut|ingo|1116
|player|p2|yesertrerte|169|1219
|gen|9
|tier|[Gen 9 Champions] VGC 2026 Reg M-B (Bo3)
|rated|
|rule|Species Clause: Limit one of each Pokémon
|rule|Item Clause: Limit 1 of each item
|clearpoke
|poke|p1|Chandelure, L50, M|
|poke|p1|Milotic, L50, M|
|poke|p1|Maushold, L50|
|poke|p1|Hydrapple, L50, F|
|poke|p1|Grimmsnarl, L50, M|
|poke|p1|Staraptor, L50, M|
|poke|p2|Aerodactyl, L50, F|
|poke|p2|Garchomp, L50, F, shiny|
|poke|p2|Kingambit, L50, M|
|poke|p2|Charizard, L50, M, shiny|
|poke|p2|Sylveon, L50, F, shiny|
|poke|p2|Farigiraf, L50, F|
|teampreview|4
|showteam|p1|Chandelure||Chandelurite|FlashFire|CalmMind,HeatWave,ShadowBall,Protect|Bold||M|||50|]Milotic||ZoomLens|Competitive|MuddyWater,Coil,Hypnosis,LifeDew|Relaxed||M|||50|]Maushold||FocusSash|FriendGuard|SuperFang,Charm,FollowMe,Protect|Jolly|||||50|]Hydrapple||Leftovers|SupersweetSyrup|FickleBeam,PollenPuff,Yawn,Protect|Calm||F|||50|]Grimmsnarl||LightClay|Prankster|SpiritBreak,Reflect,LightScreen,PartingShot|Relaxed||M|||50|]Staraptor||Staraptite|Intimidate|CloseCombat,BraveBird,Roost,Protect|Adamant||M|||50|
|showteam|p2|Aerodactyl||Aerodactylite|Unnerve|IceFang,RockSlide,Tailwind,DualWingbeat|Jolly||F|||50|]Garchomp||LifeOrb|RoughSkin|DragonClaw,Earthquake,RockSlide,Protect|Jolly||F|||50|]Kingambit||FocusSash|Defiant|KowtowCleave,IronHead,SuckerPunch,LowKick|Adamant||M|||50|]Charizard||CharizarditeY|Blaze|HeatWave,SolarBeam,WeatherBall,Protect|Modest||M|||50|]Sylveon||FairyFeather|Pixilate|Protect,HyperVoice,HyperBeam,QuickAttack|Modest||F|||50|]Farigiraf||SitrusBerry|ArmorTail|TrickRoom,Thunderbolt,Psychic,HelpingHand|Bold||F|||50|
|inactive|Battle timer is ON: inactive players will automatically lose when time's up. (requested by yesertrerte)
|inactive|yesertrerte has 60 seconds left.
|
|t:|1784910721
|teamsize|p1|4
|teamsize|p2|4
|start
|switch|p1a: Maushold|Maushold, L50|100/100
|switch|p1b: Chandelure|Chandelure, L50, M|100/100
|switch|p2a: Kingambit|Kingambit, L50, M|100/100
|switch|p2b: Sylveon|Sylveon, L50, F, shiny|100/100
|turn|1
|inactive|yesertrerte has 30 seconds left.
|inactive|yesertrerte has 20 seconds left.
|inactive|yesertrerte has 15 seconds left.
|
|t:|1784910764
|detailschange|p1b: Chandelure|Chandelure-Mega, L50, M
|-mega|p1b: Chandelure|Chandelure|Chandelurite
|move|p1a: Maushold|Follow Me|p1a: Maushold
|-singleturn|p1a: Maushold|move: Follow Me
|move|p1b: Chandelure|Calm Mind|p1b: Chandelure
|-boost|p1b: Chandelure|spa|1
|-boost|p1b: Chandelure|spd|1
|move|p2a: Kingambit|Kowtow Cleave|p1a: Maushold
|-damage|p1a: Maushold|30/100
|move|p2b: Sylveon|Hyper Voice|p1b: Chandelure|[spread] p1a,p1b
|-resisted|p1b: Chandelure|1
|-damage|p1a: Maushold|0 fnt
|-damage|p1b: Chandelure|86/100
|faint|p1a: Maushold
|
|upkeep
|
|t:|1784910780
|switch|p1a: Hydrapple|Hydrapple, L50, F|100/100
|-ability|p1a: Hydrapple|Supersweet Syrup
|-unboost|p2a: Kingambit|evasion|1
|-ability|p2a: Kingambit|Defiant|boost
|-boost|p2a: Kingambit|atk|2
|-unboost|p2b: Sylveon|evasion|1
|turn|2
|
|t:|1784910799
|move|p2a: Kingambit|Sucker Punch||[still]
|-fail|p2a: Kingambit
|move|p1b: Chandelure|Calm Mind|p1b: Chandelure
|-boost|p1b: Chandelure|spa|1
|-boost|p1b: Chandelure|spd|1
|move|p2b: Sylveon|Hyper Voice|p1a: Hydrapple|[spread] p1a,p1b
|-supereffective|p1a: Hydrapple|1
|-resisted|p1b: Chandelure|1
|-damage|p1a: Hydrapple|35/100
|-damage|p1b: Chandelure|76/100
|move|p1a: Hydrapple|Yawn|p2a: Kingambit
|-start|p2a: Kingambit|move: Yawn|[of] p1a: Hydrapple
|
|-heal|p1a: Hydrapple|41/100|[from] item: Leftovers
|upkeep
|turn|3
|inactive|TemporalDonut has 30 seconds left.
|
|t:|1784910827
|switch|p1a: Milotic|Milotic, L50, M|100/100
|move|p1b: Chandelure|Protect|p1b: Chandelure
|-singleturn|p1b: Chandelure|Protect
|move|p2a: Kingambit|Kowtow Cleave|p1b: Chandelure
|-activate|p1b: Chandelure|move: Protect
|move|p2b: Sylveon|Hyper Voice|p1a: Milotic|[spread] p1a
|-activate|p1b: Chandelure|move: Protect
|-damage|p1a: Milotic|64/100
|
|-end|p2a: Kingambit|move: Yawn|[silent]
|-status|p2a: Kingambit|slp
|upkeep
|turn|4
|inactive|yesertrerte has 30 seconds left.
|
|t:|1784910860
|cant|p2a: Kingambit|slp
|move|p1b: Chandelure|Heat Wave|p2a: Kingambit|[spread] p2a,p2b
|-supereffective|p2a: Kingambit|1
|-enditem|p2a: Kingambit|Focus Sash
|-damage|p2a: Kingambit|1/100 slp
|-damage|p2b: Sylveon|34/100
|move|p1a: Milotic|Coil|p1a: Milotic
|-boost|p1a: Milotic|atk|1
|-boost|p1a: Milotic|def|1
|-boost|p1a: Milotic|accuracy|1
|move|p2b: Sylveon|Hyper Voice|p1a: Milotic|[spread] p1a,p1b
|-crit|p1a: Milotic
|-resisted|p1b: Chandelure|1
|-damage|p1a: Milotic|10/100
|-damage|p1b: Chandelure|64/100
|
|upkeep
|turn|5
|
|t:|1784910876
|cant|p2a: Kingambit|slp
|move|p1b: Chandelure|Heat Wave|p2a: Kingambit|[spread] p2a,p2b
|-supereffective|p2a: Kingambit|1
|-damage|p2a: Kingambit|0 fnt
|-damage|p2b: Sylveon|0 fnt
|faint|p2a: Kingambit
|faint|p2b: Sylveon
|move|p1a: Milotic|Muddy Water|p2: Kingambit|[notarget]
|-fail|p1a: Milotic
|
|upkeep
|
|t:|1784910886
|switch|p2a: Charizard|Charizard, L50, M, shiny|100/100
|switch|p2b: Aerodactyl|Aerodactyl, L50, F|100/100
|-ability|p2b: Aerodactyl|Unnerve
|turn|6
|inactive|yesertrerte has 30 seconds left.
|inactive|yesertrerte has 20 seconds left.
|
|t:|1784910922
|detailschange|p2b: Aerodactyl|Aerodactyl-Mega, L50, F
|-mega|p2b: Aerodactyl|Aerodactyl|Aerodactylite
|move|p2b: Aerodactyl|Rock Slide|p1a: Milotic|[spread] p1a,p1b
|-supereffective|p1b: Chandelure|1
|-crit|p1b: Chandelure
|-damage|p1a: Milotic|0 fnt
|-damage|p1b: Chandelure|0 fnt
|faint|p1a: Milotic
|faint|p1b: Chandelure
|move|p2a: Charizard|Heat Wave|p1: Milotic|[notarget]
|-fail|p2a: Charizard
|
|upkeep
|-message|TemporalDonut forfeited.
|
|win|yesertrerte
||TemporalDonut is ready for game 2.
||yesertrerte is ready for game 2.
|uhtml|next|Next: Game 2 of 3
|l|☆yesertrerte
|player|p2|
