|j|☆jomivgc
|j|☆turtonator44
|html|jomivgcturtonator44    
|uhtml|bestof|Game 2 of a best-of-3
|t:|1784638948
|gametype|doubles
|player|p1|jomivgc|falkner-gen2|1200
|player|p2|turtonator44|102|1126
|gen|9
|tier|[Gen 9 Champions] VGC 2026 Reg M-B (Bo3)
|rated|
|rule|Species Clause: Limit one of each Pokémon
|rule|Item Clause: Limit 1 of each item
|clearpoke
|poke|p1|Aerodactyl, L50, M|
|poke|p1|Charizard, L50, M|
|poke|p1|Incineroar, L50, M|
|poke|p1|Kingambit, L50, F|
|poke|p1|Sylveon, L50, M|
|poke|p1|Garchomp, L50, M|
|poke|p2|Sneasler, L50, F|
|poke|p2|Arcanine-Hisui, L50, F|
|poke|p2|Heliolisk, L50, F, shiny|
|poke|p2|Froslass, L50, F|
|poke|p2|Whimsicott, L50, M|
|poke|p2|Annihilape, L50, M|
|teampreview|4
|showteam|p1|Aerodactyl||Aerodactylite|Unnerve|RockSlide,DualWingbeat,WideGuard,Tailwind|Jolly||M|||50|]Charizard||CharizarditeY|Blaze|HeatWave,WeatherBall,SolarBeam,Protect|Modest||M|||50|]Incineroar||SitrusBerry|Intimidate|FlareBlitz,DarkestLariat,FakeOut,PartingShot|Impish||M|||50|]Kingambit||FocusSash|Defiant|KowtowCleave,IronHead,SuckerPunch,LowKick|Adamant||F|||50|]Sylveon||FairyFeather|Pixilate|HyperVoice,HyperBeam,QuickAttack,Detect|Modest||M|||50|]Garchomp||LifeOrb|RoughSkin|Earthquake,DragonClaw,RockSlide,Protect|Jolly||M|||50|
|showteam|p2|Sneasler||WhiteHerb|Unburden|CloseCombat,DireClaw,FakeOut,Protect|Adamant||F|||50|]Arcanine-Hisui||FocusSash|RockHead|FlareBlitz,RockSlide,Protect,ExtremeSpeed|Jolly||F|||50|]Heliolisk||ChoiceScarf|DrySkin|Electroweb,Thunderbolt,HyperVoice,VoltSwitch|Modest||F|||50|]Froslass||Froslassite|SnowCloak|Blizzard,ShadowBall,Protect,AuroraVeil|Timid||F|||50|]Whimsicott||FairyFeather|Prankster|Tailwind,Moonblast,Encore,Protect|Timid||M|||50|]Annihilape||SitrusBerry|Defiant|Taunt,CloseCombat,RageFist,Protect|Careful||M|||50|
|inactive|Battle timer is ON: inactive players will automatically lose when time's up. (requested by jomivgc)
|inactive|jomivgc has 60 seconds left.
|
|t:|1784638983
|teamsize|p1|4
|teamsize|p2|4
|start
|switch|p1a: Aerodactyl|Aerodactyl, L50, M|100/100
|switch|p1b: Garchomp|Garchomp, L50, M|100/100
|switch|p2a: Froslass|Froslass, L50, F|100/100
|switch|p2b: Sneasler|Sneasler, L50, F|100/100
|-ability|p1a: Aerodactyl|Unnerve
|turn|1
|inactive|jomivgc has 30 seconds left.
|
|t:|1784639011
|detailschange|p2a: Froslass|Froslass-Mega, L50, F
|-mega|p2a: Froslass|Froslass|Froslassite
|-weather|Snowscape|[from] ability: Snow Warning|[of] p2a: Froslass
|move|p1b: Garchomp|Protect|p1b: Garchomp
|-singleturn|p1b: Garchomp|Protect
|move|p2b: Sneasler|Fake Out|p1a: Aerodactyl
|-resisted|p1a: Aerodactyl|1
|-damage|p1a: Aerodactyl|89/100
|cant|p1a: Aerodactyl|flinch
|move|p2a: Froslass|Blizzard|p1b: Garchomp|[spread] p1a
|-activate|p1b: Garchomp|move: Protect
|-supereffective|p1a: Aerodactyl|1
|-damage|p1a: Aerodactyl|0 fnt
|faint|p1a: Aerodactyl
|
|-weather|Snowscape|[upkeep]
|upkeep
|
|t:|1784639025
|switch|p1a: Charizard|Charizard, L50, M|100/100
|turn|2
|inactive|turtonator44 has 30 seconds left.
|
|t:|1784639052
|switch|p2a: Whimsicott|Whimsicott, L50, M|100/100
|detailschange|p1a: Charizard|Charizard-Mega-Y, L50, M
|-mega|p1a: Charizard|Charizard|Charizardite Y
|-weather|SunnyDay|[from] ability: Drought|[of] p1a: Charizard
|move|p2b: Sneasler|Protect|p2b: Sneasler
|-singleturn|p2b: Sneasler|Protect
|move|p1b: Garchomp|Earthquake|p2a: Whimsicott|[spread] p2a
|-activate|p2b: Sneasler|move: Protect
|-immune|p1a: Charizard
|-resisted|p2a: Whimsicott|1
|-damage|p2a: Whimsicott|62/100
|-damage|p1b: Garchomp|90/100|[from] item: Life Orb
|move|p1a: Charizard|Heat Wave|p2b: Sneasler|[spread] p2a
|-activate|p2b: Sneasler|move: Protect
|-supereffective|p2a: Whimsicott|1
|-damage|p2a: Whimsicott|0 fnt
|faint|p2a: Whimsicott
|
|-weather|SunnyDay|[upkeep]
|upkeep
|
|t:|1784639071
|switch|p2a: Froslass|Froslass-Mega, L50, F|100/100
|-weather|Snowscape|[from] ability: Snow Warning|[of] p2a: Froslass
|turn|3
|
|t:|1784639083
|switch|p1b: Incineroar|Incineroar, L50, M|100/100
|-ability|p1b: Incineroar|Intimidate|boost
|-unboost|p2a: Froslass|atk|1
|-unboost|p2b: Sneasler|atk|1
|-enditem|p2b: Sneasler|White Herb
|-clearnegativeboost|p2b: Sneasler|[silent]
|move|p2b: Sneasler|Dire Claw|p1a: Charizard
|-damage|p1a: Charizard|56/100
|move|p2a: Froslass|Blizzard|p1a: Charizard|[spread] p1a,p1b
|-resisted|p1b: Incineroar|1
|-damage|p1a: Charizard|16/100
|-damage|p1b: Incineroar|79/100
|-status|p1a: Charizard|frz
|-curestatus|p1a: Charizard|frz|[msg]
|move|p1a: Charizard|Heat Wave|p2b: Sneasler|[spread] p2a,p2b
|-supereffective|p2a: Froslass|1
|-damage|p2a: Froslass|1/100
|-damage|p2b: Sneasler|42/100
|
|-weather|Snowscape|[upkeep]
|upkeep
|turn|4
|inactive|jomivgc has 30 seconds left.
|inactive|turtonator44 has 30 seconds left.
|inactive|turtonator44 has 20 seconds left.
|
|t:|1784639119
|move|p1a: Charizard|Protect|p1a: Charizard
|-singleturn|p1a: Charizard|Protect
|move|p2b: Sneasler|Close Combat|p1b: Incineroar
|-supereffective|p1b: Incineroar|1
|-damage|p1b: Incineroar|0 fnt
|-unboost|p2b: Sneasler|def|1
|-unboost|p2b: Sneasler|spd|1
|faint|p1b: Incineroar
|move|p2a: Froslass|Blizzard|p1a: Charizard
|-activate|p1a: Charizard|move: Protect
|
|-weather|Snowscape|[upkeep]
|upkeep
|
|t:|1784639128
|switch|p1b: Garchomp|Garchomp, L50, M|90/100
|turn|5
|-message|jomivgc forfeited.
|
|win|turtonator44
|raw|jomivgc's rating: 1200 → 1170(-30 for losing)
|raw|turtonator44's rating: 1126 → 1156(+30 for winning)
