|j|☆Pelistorming
|j|☆Mahdrescher
|html|PelistormingMahdrescher    
|uhtml|bestof|Game 3 of a best-of-3
|t:|1755366101
|gametype|doubles
|player|p1|Pelistorming|winona|1206
|player|p2|Mahdrescher|101|1230
|gen|9
|tier|[Gen 9] VGC 2025 Reg H (Bo3)
|rated|
|rule|Species Clause: Limit one of each Pokémon
|rule|Item Clause: Limit 1 of each item
|clearpoke
|poke|p1|Garchomp, L50, M|
|poke|p1|Incineroar, L50, M|
|poke|p1|Gholdengo, L50|
|poke|p1|Porygon2, L50|
|poke|p1|Primarina, L50, M|
|poke|p1|Vivillon-Polar, L50, F|
|poke|p2|Rillaboom, L50, F|
|poke|p2|Electabuzz, L50, M|
|poke|p2|Archaludon, L50, M|
|poke|p2|Kingambit, L50, M|
|poke|p2|Pelipper, L50, M|
|poke|p2|Basculegion, L50, M|
|teampreview|4
|showteam|p1|Garchomp||LifeOrb|RoughSkin|Earthquake,DragonClaw,StompingTantrum,Protect|||M|||50|,,,,,Steel]Incineroar||SafetyGoggles|Intimidate|FakeOut,FlareBlitz,KnockOff,PartingShot|||M|||50|,,,,,Ghost]Gholdengo||MetalCoat|GoodasGold|MakeItRain,ShadowBall,NastyPlot,Protect||||||50|,,,,,Dragon]Porygon2||Eviolite|Download|TeraBlast,IceBeam,TrickRoom,Recover||||||50|,,,,,Fighting]Primarina||SitrusBerry|LiquidVoice|HyperVoice,Moonblast,Haze,Protect|||M|||50|,,,,,Grass]Vivillon-Polar||FocusSash|CompoundEyes|Hurricane,SleepPowder,Protect,RagePowder|||F|||50|,,,,,Ghost
|showteam|p2|Rillaboom||LoadedDice|GrassySurge|BulletSeed,GrassyGlide,HighHorsepower,FakeOut|||F|||50|,,,,,Fire]Electabuzz||Eviolite|VitalSpirit|Electroweb,Taunt,FollowMe,Protect|||M|||50|,,,,,Ghost]Archaludon||AssaultVest|Stamina|ElectroShot,BodyPress,FlashCannon,DragonPulse|||M|||50|,,,,,Bug]Kingambit||BlackGlasses|Defiant|KowtowCleave,SuckerPunch,SwordsDance,Protect|||M|||50|,,,,,Dark]Pelipper||FocusSash|Drizzle|WeatherBall,Hurricane,Tailwind,Protect|||M|||50|,,,,,Ghost]Basculegion||ChoiceBand|SwiftSwim|WaveCrash,AquaJet,FlipTurn,LastRespects|||M|||50|,,,,,Grass
|inactive|Battle timer is ON: inactive players will automatically lose when time's up. (requested by Pelistorming)
|
|t:|1755366140
|teamsize|p1|4
|teamsize|p2|4
|start
|switch|p1a: Sylphrena|Vivillon-Polar, L50, F|100/100
|switch|p1b: Kaladin|Garchomp, L50, M, shiny|100/100
|switch|p2a: Gaia|Rillaboom, L50, F|100/100
|switch|p2b: Poseidon|Basculegion, L50, M|100/100
|-fieldstart|move: Grassy Terrain|[from] ability: Grassy Surge|[of] p2a: Gaia
|turn|1
|inactive|Pelistorming has 30 seconds left.
|inactive|Mahdrescher has 30 seconds left.
|inactive|Mahdrescher has 20 seconds left.
|inactive|Mahdrescher has 15 seconds left.
|inactive|Mahdrescher has 10 seconds left.
|
|t:|1755366190
|-terastallize|p1a: Sylphrena|Ghost
|-terastallize|p2b: Poseidon|Grass
|move|p2a: Gaia|Grassy Glide|p1a: Sylphrena
|-damage|p1a: Sylphrena|27/100
|move|p1b: Kaladin|Stomping Tantrum|p2a: Gaia
|-resisted|p2a: Gaia
|-damage|p2a: Gaia|74/100
|-damage|p1b: Kaladin|91/100|[from] item: Life Orb
|move|p1a: Sylphrena|Hurricane|p2a: Gaia
|-supereffective|p2a: Gaia
|-damage|p2a: Gaia|0 fnt
|faint|p2a: Gaia
|move|p2b: Poseidon|Flip Turn|p1a: Sylphrena
|-damage|p1a: Sylphrena|0 fnt
|faint|p1a: Sylphrena
|inactive|Mahdrescher has 30 seconds left.
|
|t:|1755366217
|switch|p2b: Ikarus|Pelipper, L50, M|100/100|[from] Flip Turn
|-weather|RainDance|[from] ability: Drizzle|[of] p2b: Ikarus
|
|-weather|RainDance|[upkeep]
|-heal|p1b: Kaladin|97/100|[from] Grassy Terrain
|upkeep
|inactive|Mahdrescher has 30 seconds left.
|
|t:|1755366247
|switch|p1a: Shallan|Primarina, L50, M|100/100
|switch|p2a: Poseidon|Basculegion, L50, M, tera:Grass|100/100
|turn|2
|inactive|Mahdrescher has 30 seconds left.
|inactive|Mahdrescher has 20 seconds left.
|inactive|Mahdrescher has 15 seconds left.
|inactive|Mahdrescher has 10 seconds left.
|inactive|Mahdrescher has 5 seconds left.
|
|t:|1755366299
|move|p1b: Kaladin|Protect|p1b: Kaladin
|-singleturn|p1b: Kaladin|Protect
|move|p2a: Poseidon|Flip Turn|p1a: Shallan
|-resisted|p1a: Shallan
|-damage|p1a: Shallan|67/100
|
|t:|1755366305
|switch|p2a: Hephaistos|Archaludon, L50, M|100/100|[from] Flip Turn
|move|p2b: Ikarus|Hurricane|p1a: Shallan
|-damage|p1a: Shallan|23/100
|-start|p1a: Shallan|confusion
|-enditem|p1a: Shallan|Sitrus Berry|[eat]
|-heal|p1a: Shallan|47/100|[from] item: Sitrus Berry
|-activate|p1a: Shallan|confusion
|move|p1a: Shallan|Moonblast|p2a: Hephaistos
|-damage|p2a: Hephaistos|65/100
|-ability|p2a: Hephaistos|Stamina|boost
|-boost|p2a: Hephaistos|def|1
|
|-weather|RainDance|[upkeep]
|-heal|p1b: Kaladin|100/100|[from] Grassy Terrain
|-heal|p2a: Hephaistos|72/100|[from] Grassy Terrain
|-heal|p1a: Shallan|53/100|[from] Grassy Terrain
|upkeep
|turn|3
|inactive|Pelistorming has 30 seconds left.
|inactive|Mahdrescher has 30 seconds left.
|inactive|Mahdrescher has 20 seconds left.
|inactive|Mahdrescher has 15 seconds left.
|inactive|Pelistorming has 20 seconds left.
|inactive|Mahdrescher has 10 seconds left.
|inactive|Mahdrescher has 5 seconds left.
|
|t:|1755366356
|move|p1b: Kaladin|Dragon Claw|p2a: Hephaistos
|-damage|p2a: Hephaistos|46/100
|-ability|p2a: Hephaistos|Stamina|boost
|-boost|p2a: Hephaistos|def|1
|-damage|p1b: Kaladin|91/100|[from] item: Life Orb
|move|p2a: Hephaistos|Electro Shot||[still]
|-prepare|p2a: Hephaistos|Electro Shot
|-boost|p2a: Hephaistos|spa|1
|-anim|p2a: Hephaistos|Electro Shot|p1a: Shallan
|-supereffective|p1a: Shallan
|-damage|p1a: Shallan|0 fnt
|faint|p1a: Shallan
|move|p2b: Ikarus|Weather Ball|p1b: Kaladin
|-damage|p1b: Kaladin|13/100
|
|-weather|RainDance|[upkeep]
|-heal|p1b: Kaladin|19/100|[from] Grassy Terrain
|-heal|p2a: Hephaistos|52/100|[from] Grassy Terrain
|upkeep
|
|t:|1755366365
|switch|p1a: Adolin|Gholdengo, L50|100/100
|turn|4
|inactive|Mahdrescher has 30 seconds left.
|inactive|Mahdrescher has 20 seconds left.
|inactive|Mahdrescher has 15 seconds left.
|inactive|Mahdrescher has 10 seconds left.
|inactive|Mahdrescher has 5 seconds left.
|
|t:|1755366419
|move|p1b: Kaladin|Dragon Claw|p2b: Ikarus
|-damage|p2b: Ikarus|26/100
|-damage|p1b: Kaladin|9/100|[from] item: Life Orb
|move|p1a: Adolin|Make It Rain|p2a: Hephaistos|[spread] p2a,p2b
|-resisted|p2a: Hephaistos
|-resisted|p2b: Ikarus
|-damage|p2a: Hephaistos|34/100
|-damage|p2b: Ikarus|0 fnt
|-unboost|p1a: Adolin|spa|1
|-ability|p2a: Hephaistos|Stamina|boost
|-boost|p2a: Hephaistos|def|1
|faint|p2b: Ikarus
|move|p2a: Hephaistos|Electro Shot||[still]
|-prepare|p2a: Hephaistos|Electro Shot
|-boost|p2a: Hephaistos|spa|1
|-anim|p2a: Hephaistos|Electro Shot|p1a: Adolin
|-damage|p1a: Adolin|12/100
|
|-weather|RainDance|[upkeep]
|-heal|p1b: Kaladin|15/100|[from] Grassy Terrain
|-heal|p1a: Adolin|18/100|[from] Grassy Terrain
|-heal|p2a: Hephaistos|40/100|[from] Grassy Terrain
|upkeep
|
|t:|1755366439
|switch|p2b: Poseidon|Basculegion, L50, M, tera:Grass|100/100
|turn|5
|
|t:|1755366451
|move|p1b: Kaladin|Protect|p1b: Kaladin
|-singleturn|p1b: Kaladin|Protect
|move|p1a: Adolin|Protect|p1a: Adolin
|-singleturn|p1a: Adolin|Protect
|move|p2b: Poseidon|Aqua Jet|p1b: Kaladin
|-activate|p1b: Kaladin|move: Protect
|move|p2a: Hephaistos|Electro Shot||[still]
|-prepare|p2a: Hephaistos|Electro Shot
|-boost|p2a: Hephaistos|spa|1
|-anim|p2a: Hephaistos|Electro Shot|p1a: Adolin
|-activate|p1a: Adolin|move: Protect
|
|-weather|none
|-heal|p1b: Kaladin|21/100|[from] Grassy Terrain
|-heal|p1a: Adolin|24/100|[from] Grassy Terrain
|-heal|p2a: Hephaistos|46/100|[from] Grassy Terrain
|-fieldend|move: Grassy Terrain
|upkeep
|turn|6
|inactive|Mahdrescher has 30 seconds left.
|inactive|Pelistorming has 30 seconds left.
|
|t:|1755366488
|move|p2b: Poseidon|Aqua Jet|p1b: Kaladin
|-damage|p1b: Kaladin|0 fnt
|-damage|p2b: Poseidon|88/100|[from] ability: Rough Skin|[of] p1b: Kaladin
|faint|p1b: Kaladin
|move|p1a: Adolin|Make It Rain|p2a: Hephaistos|[spread] p2a,p2b
|-resisted|p2a: Hephaistos
|-damage|p2a: Hephaistos|33/100
|-damage|p2b: Poseidon|50/100
|-unboost|p1a: Adolin|spa|1
|-ability|p2a: Hephaistos|Stamina|boost
|-boost|p2a: Hephaistos|def|1
|move|p2a: Hephaistos|Dragon Pulse|p1a: Adolin
|-resisted|p1a: Adolin
|-damage|p1a: Adolin|0 fnt
|faint|p1a: Adolin
|
|win|Mahdrescher
|raw|Pelistorming's rating: 1206 → 1183(-23 for losing)
|raw|Mahdrescher's rating: 1230 → 1253(+23 for winning)
