|j|☆138mysx
|j|☆Undala
|html|138mysxUndala    
|uhtml|bestof|Game 1 of a best-of-3
|t:|1784131344
|gametype|doubles
|player|p1|138mysx|169|1011
|player|p2|Undala|266|1007
|gen|9
|tier|[Gen 9 Champions] VGC 2026 Reg M-B (Bo3)
|rated|
|rule|Species Clause: Limit one of each Pokémon
|rule|Item Clause: Limit 1 of each item
|clearpoke
|poke|p1|Charizard, L50, M, shiny|
|poke|p1|Aerodactyl, L50, M, shiny|
|poke|p1|Garchomp, L50, F, shiny|
|poke|p1|Sylveon, L50, F, shiny|
|poke|p1|Kingambit, L50, M|
|poke|p1|Incineroar, L50, M, shiny|
|poke|p2|Charizard, L50, F|
|poke|p2|Garchomp, L50, M, shiny|
|poke|p2|Whimsicott, L50, M, shiny|
|poke|p2|Kingambit, L50, M, shiny|
|poke|p2|Venusaur, L50, M, shiny|
|poke|p2|Scrafty, L50, F|
|teampreview|4
|showteam|p1|Charizard||CharizarditeY|Blaze|SolarBeam,WeatherBall,HeatWave,Protect|Modest||M|||50|]Aerodactyl||Aerodactylite|Unnerve|RockSlide,Tailwind,WideGuard,Protect|Jolly||M|||50|]Garchomp||LifeOrb|RoughSkin|DragonClaw,Earthquake,RockTomb,Protect|Jolly||F|||50|]Sylveon||FairyFeather|Pixilate|HyperBeam,HyperVoice,QuickAttack,Detect|Modest||F|||50|]Kingambit||BlackGlasses|Defiant|KowtowCleave,SuckerPunch,IronHead,Protect|Adamant||M|||50|]Incineroar||SitrusBerry|Intimidate|FakeOut,FlareBlitz,ThroatChop,PartingShot|Impish||M|||50|
|showteam|p2|Charizard||CharizarditeY|SolarPower|HeatWave,SolarBeam,AirSlash,Protect|Modest||F|||50|]Garchomp||Garchompite|RoughSkin|Earthquake,PoisonJab,DragonClaw,Protect|Adamant||M|||50|]Whimsicott||FocusSash|Prankster|Moonblast,Tailwind,Taunt,SunnyDay|Bold||M|||50|]Kingambit||BlackGlasses|Defiant|KowtowCleave,SuckerPunch,IronHead,Protect|Brave||M|||50|]Venusaur||WideLens|Chlorophyll|EnergyBall,SleepPowder,SludgeBomb,Protect|Modest||M|||50|]Scrafty||LifeOrb|Intimidate|CloseCombat,LowKick,FakeOut,Protect|Adamant||F|||50|
|inactive|Battle timer is ON: inactive players will automatically lose when time's up. (requested by Undala)
|
|t:|1784131413
|teamsize|p1|4
|teamsize|p2|4
|start
|switch|p1a: Incineroar|Incineroar, L50, M, shiny|100/100
|switch|p1b: Aerodactyl|Aerodactyl, L50, M, shiny|100/100
|switch|p2a: Garchomp|Garchomp, L50, M, shiny|100/100
|switch|p2b: Scrafty|Scrafty, L50, F|100/100
|-ability|p1b: Aerodactyl|Unnerve
|-ability|p1a: Incineroar|Intimidate|boost
|-unboost|p2a: Garchomp|atk|1
|-unboost|p2b: Scrafty|atk|1
|-ability|p2b: Scrafty|Intimidate|boost
|-unboost|p1a: Incineroar|atk|1
|-unboost|p1b: Aerodactyl|atk|1
|turn|1
|inactive|138mysx has 30 seconds left.
|inactive|138mysx has 20 seconds left.
|
|t:|1784131451
|move|p2a: Garchomp|Protect|p2a: Garchomp
|-singleturn|p2a: Garchomp|Protect
|move|p1a: Incineroar|Fake Out|p2a: Garchomp
|-activate|p2a: Garchomp|move: Protect
|move|p2b: Scrafty|Fake Out|p1a: Incineroar
|-damage|p1a: Incineroar|91/100
|-damage|p2b: Scrafty|90/100|[from] item: Life Orb
|move|p1b: Aerodactyl|Tailwind|p1b: Aerodactyl
|-sidestart|p1: 138mysx|move: Tailwind
|
|upkeep
|turn|2
|inactive|Undala has 30 seconds left.
|
|t:|1784131482
|switch|p2a: Venusaur|Venusaur, L50, M, shiny|100/100
|move|p1b: Aerodactyl|Wide Guard|p1b: Aerodactyl
|-singleturn|p1b: Aerodactyl|Wide Guard
|move|p1a: Incineroar|Parting Shot|p2a: Venusaur
|-unboost|p2a: Venusaur|atk|1
|-unboost|p2a: Venusaur|spa|1
|
|t:|1784131491
|switch|p1a: Charizard|Charizard, L50, M, shiny|100/100|[from] Parting Shot
|move|p2b: Scrafty|Close Combat|p1b: Aerodactyl
|-damage|p1b: Aerodactyl|25/100
|-unboost|p2b: Scrafty|def|1
|-unboost|p2b: Scrafty|spd|1
|-damage|p2b: Scrafty|80/100|[from] item: Life Orb
|
|upkeep
|turn|3
|
|t:|1784131513
|detailschange|p1a: Charizard|Charizard-Mega-Y, L50, M, shiny
|-mega|p1a: Charizard|Charizard|Charizardite Y
|-weather|SunnyDay|[from] ability: Drought|[of] p1a: Charizard
|move|p2a: Venusaur|Protect|p2a: Venusaur
|-singleturn|p2a: Venusaur|Protect
|move|p1b: Aerodactyl|Rock Slide|p2a: Venusaur|[spread] p2b
|-activate|p2a: Venusaur|move: Protect
|-resisted|p2b: Scrafty|1
|-damage|p2b: Scrafty|68/100
|move|p1a: Charizard|Heat Wave|p2a: Venusaur|[spread] p2b
|-activate|p2a: Venusaur|move: Protect
|-damage|p2b: Scrafty|0 fnt
|faint|p2b: Scrafty
|
|-weather|SunnyDay|[upkeep]
|upkeep
|
|t:|1784131527
|switch|p2b: Kingambit|Kingambit, L50, M, shiny|100/100
|turn|4
|
|t:|1784131540
|move|p1b: Aerodactyl|Protect|p1b: Aerodactyl
|-singleturn|p1b: Aerodactyl|Protect
|move|p2b: Kingambit|Sucker Punch||[still]
|-fail|p2b: Kingambit
|move|p1a: Charizard|Heat Wave|p2a: Venusaur|[spread] p2a,p2b
|-supereffective|p2a: Venusaur|1
|-supereffective|p2b: Kingambit|1
|-damage|p2a: Venusaur|0 fnt
|-damage|p2b: Kingambit|0 fnt
|faint|p2a: Venusaur
|faint|p2b: Kingambit
|
|-weather|SunnyDay|[upkeep]
|-sideend|p1: 138mysx|move: Tailwind
|upkeep
|
|t:|1784131543
|switch|p2b: Garchomp|Garchomp, L50, M, shiny|100/100
|turn|5
|
|t:|1784131552
|detailschange|p2b: Garchomp|Garchomp-Mega, L50, M, shiny
|-mega|p2b: Garchomp|Garchomp|Garchompite
|move|p1b: Aerodactyl|Tailwind|p1b: Aerodactyl
|-sidestart|p1: 138mysx|move: Tailwind
|move|p1a: Charizard|Solar Beam||[still]
|-prepare|p1a: Charizard|Solar Beam
|-anim|p1a: Charizard|Solar Beam|p2b: Garchomp
|-damage|p2b: Garchomp|51/100
|move|p2b: Garchomp|Dragon Claw|p1a: Charizard
|-damage|p1a: Charizard|40/100
|
|-weather|SunnyDay|[upkeep]
|upkeep
|turn|6
|
|t:|1784131567
|move|p1b: Aerodactyl|Rock Slide|p2b: Garchomp
|-resisted|p2b: Garchomp|1
|-damage|p2b: Garchomp|41/100
|move|p1a: Charizard|Solar Beam||[still]
|-prepare|p1a: Charizard|Solar Beam
|-anim|p1a: Charizard|Solar Beam|p2b: Garchomp
|-damage|p2b: Garchomp|0 fnt
|faint|p2b: Garchomp
|
|win|138mysx
|l|☆Undala
|player|p2|
||Undala is ready for game 2.
||138mysx is ready for game 2.
|uhtml|next|Next: Game 2 of 3
|l|☆138mysx
|player|p1|
|j|☆138mysx
|player|p1|138mysx|169|
