|j|☆Josmel_121
|j|☆1830349023ah
|html|Josmel_1211830349023ah    
|uhtml|bestof|Game 1 of a best-of-3
|t:|1782335212
|gametype|doubles
|player|p1|Josmel_121|steven|1071
|player|p2|1830349023ah|101|1000
|gen|9
|tier|[Gen 9 Champions] VGC 2026 Reg M-B (Bo3)
|rated|
|rule|Species Clause: Limit one of each Pokémon
|rule|Item Clause: Limit 1 of each item
|clearpoke
|poke|p1|Raichu, L50, M, shiny|
|poke|p1|Grimmsnarl, L50, M|
|poke|p1|Aegislash, L50, F, shiny|
|poke|p1|Dragonite, L50, M|
|poke|p1|Quaquaval, L50, M|
|poke|p1|Garchomp, L50, M|
|poke|p2|Blastoise, L50, M|
|poke|p2|Torterra, L50, F|
|poke|p2|Toxicroak, L50, M|
|poke|p2|Farigiraf, L50, M|
|poke|p2|Politoed, L50, F|
|poke|p2|Sableye, L50, M|
|teampreview|4
|showteam|p1|Raichu||RaichuniteY|Static|FocusBlast,ZapCannon,VoltSwitch,Surf|Timid||M|||50|]Grimmsnarl||Leftovers|Prankster|LightScreen,Reflect,PartingShot,SpiritBreak|Adamant||M|||50|]Aegislash||SitrusBerry|StanceChange|FlashCannon,ShadowBall,AirSlash,KingsShield|Modest||F|||50|]Dragonite||ShellBell|Multiscale|DragonDance,Fly,DragonClaw,ExtremeSpeed|Jolly||M|||50|]Quaquaval||LifeOrb|Moxie|AquaJet,AquaStep,CloseCombat,IceSpinner|Jolly||M|||50|]Garchomp||ChoiceScarf|RoughSkin|Earthquake,Crunch,Outrage,StoneEdge|Adamant||M|||50|
|showteam|p2|Blastoise||Blastoisinite|RainDish|FakeOut,DarkPulse,IceBeam,WaterSpout|Modest||M|||50|]Torterra||WhiteHerb|Overgrow|HeadlongRush,ShellSmash,WoodHammer,Protect|Jolly||F|||50|]Toxicroak||FocusSash|DrySkin|Protect,CloseCombat,PoisonJab,ThroatChop|Jolly||M|||50|]Farigiraf||SitrusBerry|ArmorTail|TrickRoom,TwinBeam,Thunderbolt,ShadowBall|Modest||M|||50|]Politoed||ChoiceScarf|Drizzle|EarthPower,Surf,WeatherBall,IcyWind|Modest||F|||50|]Sableye||RoseliBerry|KeenEye|FakeOut,Disable,RainDance,Encore|Careful||M|||50|
|inactive|Battle timer is ON: inactive players will automatically lose when time's up. (requested by Josmel_121)
|inactive|1830349023ah has 60 seconds left.
|inactive|1830349023ah has 30 seconds left.
|
|t:|1782335275
|teamsize|p1|4
|teamsize|p2|4
|start
|switch|p1a: Raichu|Raichu, L50, M, shiny|100/100
|switch|p1b: Aegislash|Aegislash, L50, F, shiny|100/100
|switch|p2a: Politoed|Politoed, L50, F|100/100
|switch|p2b: Blastoise|Blastoise, L50, M|100/100
|-weather|RainDance|[from] ability: Drizzle|[of] p2a: Politoed
|turn|1
|inactive|1830349023ah has 30 seconds left.
|inactive|1830349023ah has 20 seconds left.
|
|t:|1782335314
|detailschange|p1a: Raichu|Raichu-Mega-Y, L50, M, shiny
|-mega|p1a: Raichu|Raichu|Raichunite Y
|detailschange|p2b: Blastoise|Blastoise-Mega, L50, M
|-mega|p2b: Blastoise|Blastoise|Blastoisinite
|move|p2b: Blastoise|Fake Out|p1a: Raichu
|-damage|p1a: Raichu|81/100
|cant|p1a: Raichu|flinch
|move|p2a: Politoed|Earth Power|p1a: Raichu
|-supereffective|p1a: Raichu|1
|-damage|p1a: Raichu|0 fnt
|faint|p1a: Raichu
|-formechange|p1b: Aegislash|Aegislash-Blade|
|move|p1b: Aegislash|Shadow Ball|p2a: Politoed
|-damage|p2a: Politoed|51/100
|
|-weather|RainDance|[upkeep]
|upkeep
|
|t:|1782335329
|switch|p1a: Dragonite|Dragonite, L50, M|100/100
|turn|2
|
|t:|1782335338
|move|p2a: Politoed|Earth Power|p1b: Aegislash
|-supereffective|p1b: Aegislash|1
|-damage|p1b: Aegislash|8/100
|-unboost|p1b: Aegislash|spd|1
|-enditem|p1b: Aegislash|Sitrus Berry|[eat]
|-heal|p1b: Aegislash|32/100|[from] item: Sitrus Berry
|move|p1a: Dragonite|Dragon Dance|p1a: Dragonite
|-boost|p1a: Dragonite|atk|1
|-boost|p1a: Dragonite|spe|1
|move|p2b: Blastoise|Ice Beam|p1a: Dragonite
|-supereffective|p1a: Dragonite|2
|-damage|p1a: Dragonite|19/100
|move|p1b: Aegislash|Shadow Ball|p2a: Politoed
|-damage|p2a: Politoed|2/100
|
|-weather|RainDance|[upkeep]
|upkeep
|turn|3
|
|t:|1782335362
|switch|p2a: Farigiraf|Farigiraf, L50, M|100/100
|-formechange|p1b: Aegislash|Aegislash|
|move|p1b: Aegislash|King's Shield|p1b: Aegislash
|-singleturn|p1b: Aegislash|Protect
|move|p1a: Dragonite|Fly||[still]
|-prepare|p1a: Dragonite|Fly
|move|p2b: Blastoise|Water Spout|p1a: Dragonite|[spread] 
|-miss|p2b: Blastoise|p1a: Dragonite
|-activate|p1b: Aegislash|move: Protect
|
|-weather|RainDance|[upkeep]
|upkeep
|turn|4
|
|t:|1782335390
|move|p1a: Dragonite|Fly|p2b: Blastoise|[from] lockedmove
|-damage|p2b: Blastoise|41/100
|-heal|p1a: Dragonite|26/100|[from] item: Shell Bell|[of] p2b: Blastoise
|move|p2b: Blastoise|Water Spout|p1a: Dragonite|[spread] p1a,p1b
|-resisted|p1a: Dragonite|1
|-crit|p1a: Dragonite
|-damage|p1a: Dragonite|0 fnt
|-damage|p1b: Aegislash|0 fnt
|faint|p1a: Dragonite
|faint|p1b: Aegislash
|move|p2a: Farigiraf|Shadow Ball|p1: Dragonite|[notarget]
|-fail|p2a: Farigiraf
|
|-weather|RainDance|[upkeep]
|upkeep
|
|t:|1782335400
|switch|p1a: Quaquaval|Quaquaval, L50, M|100/100
|turn|5
|inactive|1830349023ah has 30 seconds left.
|
|t:|1782335431
|move|p1a: Quaquaval|Aqua Step|p2a: Farigiraf
|-damage|p2a: Farigiraf|33/100
|-boost|p1a: Quaquaval|spe|1
|-enditem|p2a: Farigiraf|Sitrus Berry|[eat]
|-heal|p2a: Farigiraf|58/100|[from] item: Sitrus Berry
|-damage|p1a: Quaquaval|90/100|[from] item: Life Orb
|move|p2b: Blastoise|Dark Pulse|p1a: Quaquaval
|-resisted|p1a: Quaquaval|1
|-damage|p1a: Quaquaval|58/100
|move|p2a: Farigiraf|Twin Beam|p1a: Quaquaval
|-supereffective|p1a: Quaquaval|1
|-damage|p1a: Quaquaval|9/100
|-supereffective|p1a: Quaquaval|1
|-damage|p1a: Quaquaval|0 fnt
|faint|p1a: Quaquaval
|-hitcount|p1: Quaquaval|2
|
|win|1830349023ah
|inactive|Josmel_121 has 30 seconds to confirm battle start!
|inactive|1830349023ah has 30 seconds to confirm battle start!
|l|☆Josmel_121
|player|p1|
||Josmel_121 is ready for game 2.
||1830349023ah is ready for game 2.
|uhtml|next|Next: Game 2 of 3
