|j|☆RrrrrMemes9
|j|☆chargem13
|html|RrrrrMemes9chargem13    
|uhtml|bestof|Game 1 of a best-of-3
|t:|1782250282
|gametype|doubles
|player|p1|RrrrrMemes9|n|
|player|p2|chargem13|iris|
|gen|9
|tier|[Gen 9 Champions] VGC 2026 Reg M-B (Bo3)
|rule|Species Clause: Limit one of each Pokémon
|rule|Item Clause: Limit 1 of each item
|clearpoke
|poke|p1|Heracross, L50, M|
|poke|p1|Pidgeot, L50, M|
|poke|p1|Ditto, L50, shiny|
|poke|p1|Sneasler, L50, M|
|poke|p1|Alakazam, L50, M|
|poke|p1|Forretress, L50, F|
|poke|p2|Pyroar, L50, M, shiny|
|poke|p2|Torkoal, L50, M, shiny|
|poke|p2|Kingambit, L50, F|
|poke|p2|Dragonite, L50, F|
|poke|p2|Mimikyu, L50, M|
|poke|p2|Sneasler, L50, F, shiny|
|teampreview|4
|showteam|p1|Heracross||Heracronite|Moxie|CloseCombat,Megahorn,Counter,Detect|Impish||M|||50|]Pidgeot||Pidgeotite|BigPecks|HeatWave,Hurricane,Roost,Tailwind|Timid||M|||50|]Ditto||Leftovers|Imposter|Transform|Bold|||||50|]Sneasler||FocusSash|Unburden|DireClaw,CloseCombat,FakeOut,Uturn|Adamant||M|||50|]Alakazam||SitrusBerry|MagicGuard|ExpandingForce,Protect,CalmMind,PsychicTerrain|Timid||M|||50|]Forretress||QuickClaw|Sturdy|Explosion,Protect,IronDefense,BodyPress|Careful||F|||50|
|showteam|p2|Pyroar||Pyroarite|Moxie|Overheat,HeatWave,SolarBeam,Protect|Modest||M|||50|]Torkoal||HeatRock|Drought|Eruption,WeatherBall,HelpingHand,Yawn|Quiet||M|||50|]Kingambit||BlackGlasses|Defiant|KowtowCleave,SuckerPunch,LowKick,Protect|Brave||F|||50|]Dragonite||Dragoninite|Multiscale|DragonPulse,Flamethrower,Tailwind,Protect|Modest||F|||50|]Mimikyu||LifeOrb|Disguise|PlayRough,ShadowSneak,TrickRoom,SwordsDance|Adamant||M|||50|]Sneasler||FocusSash|PoisonTouch|DireClaw,CloseCombat,FakeOut,Feint|Jolly||F|||50|
|
|t:|1782250334
|teamsize|p1|4
|teamsize|p2|4
|start
|switch|p1a: Sante|Sneasler, L50, M|100/100
|switch|p1b: You Who?|Ditto, L50, shiny|100/100
|switch|p2a: Larper|Mimikyu, L50, M|100/100
|switch|p2b: Sogoba|Dragonite, L50, F|100/100
|-transform|p1b: You Who?|p2a: Larper|[from] ability: Imposter
|turn|1
|
|t:|1782250368
|detailschange|p2b: Sogoba|Dragonite-Mega, L50, F
|-mega|p2b: Sogoba|Dragonite|Dragoninite
|move|p1a: Sante|Fake Out|p2b: Sogoba
|-damage|p2b: Sogoba|92/100
|cant|p2b: Sogoba|flinch
|move|p2a: Larper|Swords Dance|p2a: Larper
|-boost|p2a: Larper|atk|2
|move|p1b: You Who?|Swords Dance|p1b: You Who?
|-boost|p1b: You Who?|atk|2
|
|upkeep
|turn|2
|j| Captinsuss
|
|t:|1782250414
|move|p2a: Larper|Shadow Sneak|p1a: Sante
|-damage|p1a: Sante|24/100
|-damage|p2a: Larper|90/100|[from] item: Life Orb
|move|p1a: Sante|Dire Claw|p2b: Sogoba
|-damage|p2b: Sogoba|48/100
|move|p2b: Sogoba|Flamethrower|p1b: You Who?
|-damage|p1b: You Who?|48/100
|move|p1b: You Who?|Play Rough|p2b: Sogoba
|-supereffective|p2b: Sogoba|1
|-damage|p2b: Sogoba|0 fnt
|faint|p2b: Sogoba
|
|-heal|p1b: You Who?|54/100|[from] item: Leftovers
|upkeep
|
|t:|1782250429
|switch|p2b: Kongwe|Torkoal, L50, M, shiny|100/100
|-weather|SunnyDay|[from] ability: Drought|[of] p2b: Kongwe
|turn|3
|
|t:|1782250462
|move|p1b: You Who?|Shadow Sneak|p2a: Larper
|-activate|p2a: Larper|ability: Disguise
|-damage|p2a: Larper|90/100
|detailschange|p2a: Larper|Mimikyu-Busted, L50, M
|-damage|p2a: Larper|77/100|[from] pokemon: Mimikyu-Busted
|move|p2a: Larper|Shadow Sneak|p1b: You Who?
|-supereffective|p1b: You Who?|1
|-damage|p1b: You Who?|0 fnt
|faint|p1b: You Who?
|-damage|p2a: Larper|67/100|[from] item: Life Orb
|move|p1a: Sante|Close Combat|p2b: Kongwe
|-damage|p2b: Kongwe|46/100
|-unboost|p1a: Sante|def|1
|-unboost|p1a: Sante|spd|1
|move|p2b: Kongwe|Eruption|p1a: Sante
|-damage|p1a: Sante|0 fnt
|faint|p1a: Sante
|
|-weather|SunnyDay|[upkeep]
|upkeep
|
|t:|1782250478
|switch|p1a: Alakazam|Alakazam, L50, M|100/100
|switch|p1b: Boom|Forretress, L50, F|100/100
|turn|4
|
|t:|1782250503
|move|p2a: Larper|Shadow Sneak|p1a: Alakazam
|-supereffective|p1a: Alakazam|1
|-damage|p1a: Alakazam|0 fnt
|faint|p1a: Alakazam
|-damage|p2a: Larper|58/100|[from] item: Life Orb
|move|p1b: Boom|Iron Defense|p1b: Boom
|-boost|p1b: Boom|def|2
|move|p2b: Kongwe|Weather Ball|p1b: Boom
|-supereffective|p1b: Boom|2
|-ability|p1b: Boom|Sturdy
|-damage|p1b: Boom|1/100
|
|-weather|SunnyDay|[upkeep]
|upkeep
|turn|5
|
|t:|1782250525
|move|p2a: Larper|Shadow Sneak|p1b: Boom
|-damage|p1b: Boom|0 fnt
|faint|p1b: Boom
|-damage|p2a: Larper|48/100|[from] item: Life Orb
|
|win|chargem13
||RrrrrMemes9 is ready for game 2.
||chargem13 is ready for game 2.
|uhtml|next|Next: Game 2 of 3
|l|☆RrrrrMemes9
|player|p1|
