|j|☆MrGardnHose
|j|☆NotAfrogGaming
|html|MrGardnHoseNotAfrogGaming    
|uhtml|bestof|Game 2 of a best-of-3
|t:|1786124365
|gametype|doubles
|player|p1|MrGardnHose|jasmine-masters2|1173
|player|p2|NotAfrogGaming|boarder|1248
|gen|9
|tier|[Gen 9 Champions] VGC 2026 Reg M-B (Bo3)
|rated|
|rule|Species Clause: Limit one of each Pokémon
|rule|Item Clause: Limit 1 of each item
|clearpoke
|poke|p1|Venusaur, L50, F|
|poke|p1|Whimsicott, L50, F|
|poke|p1|Charizard, L50, M|
|poke|p1|Garchomp, L50, F|
|poke|p1|Grimmsnarl, L50, M|
|poke|p1|Incineroar, L50, F|
|poke|p2|Tyranitar, L50, M, shiny|
|poke|p2|Excadrill, L50, F, shiny|
|poke|p2|Sinistcha, L50|
|poke|p2|Decidueye-Hisui, L50, M|
|poke|p2|Palafin, L50, M, shiny|
|poke|p2|Arcanine-Hisui, L50, M, shiny|
|teampreview|4
|showteam|p1|Venusaur||Venusaurite|Chlorophyll|GigaDrain,SludgeBomb,EarthPower,Protect|Modest||F|||50|]Whimsicott||FocusSash|Prankster|Tailwind,Encore,Protect,Moonblast|Timid||F|||50|]Charizard||CharizarditeY|Blaze|HeatWave,SolarBeam,WeatherBall,Protect|Modest||M|||50|]Garchomp||LifeOrb|RoughSkin|RockSlide,Earthquake,DragonClaw,Protect|Jolly||F|||50|]Grimmsnarl||LightClay|Prankster|Reflect,LightScreen,SpiritBreak,PartingShot|Careful||M|||50|]Incineroar||SitrusBerry|Intimidate|FakeOut,FlareBlitz,DarkestLariat,PartingShot|Adamant||F|||50|
|showteam|p2|Tyranitar||Tyranitarite|SandStream|RockSlide,KnockOff,LowKick,Protect|Adamant||M|||50|]Excadrill||FocusSash|SandRush|HighHorsepower,IronHead,RockSlide,Protect|Adamant||F|||50|]Sinistcha||SitrusBerry|Hospitality|MatchaGotcha,RagePowder,TrickRoom,Protect|Bold|||||50|]Decidueye-Hisui||ScopeLens|Scrappy|TripleArrows,LeafBlade,Trailblaze,Protect|Adamant||M|||50|]Palafin||LifeOrb|ZerotoHero|WaveCrash,JetPunch,IcePunch,Protect|Jolly||M|||50|]Arcanine-Hisui||ChoiceScarf|Intimidate|FlareBlitz,HeadSmash,WildCharge,RockSlide|Jolly||M|||50|
|
|t:|1786124408
|teamsize|p1|4
|teamsize|p2|4
|start
|switch|p1a: Grimmsnarl|Grimmsnarl, L50, M|100/100
|switch|p1b: Garchomp|Garchomp, L50, F|100/100
|switch|p2a: Palafin|Palafin, L50, M, shiny|100/100
|switch|p2b: Decidueye|Decidueye-Hisui, L50, M|100/100
|turn|1
|
|t:|1786124440
|detailschange|p2a: Palafin|Palafin-Hero, L50, M, shiny
|switch|p2a: Sinistcha|Sinistcha, L50|100/100
|move|p1a: Grimmsnarl|Reflect|p1a: Grimmsnarl
|-sidestart|p1: MrGardnHose|Reflect
|move|p1b: Garchomp|Rock Slide|p2b: Decidueye|[spread] p2a,p2b
|-resisted|p2b: Decidueye|1
|-damage|p2a: Sinistcha|76/100
|-damage|p2b: Decidueye|85/100
|-damage|p1b: Garchomp|90/100|[from] item: Life Orb
|move|p2b: Decidueye|Triple Arrows|p1b: Garchomp
|-crit|p1b: Garchomp
|-damage|p1b: Garchomp|15/100
|
|upkeep
|turn|2
|
|t:|1786124483
|switch|p2b: Palafin|Palafin-Hero, L50, M, shiny|100/100
|-activate|p2b: Palafin|ability: Zero to Hero
|move|p1b: Garchomp|Protect|p1b: Garchomp
|-singleturn|p1b: Garchomp|Protect
|move|p1a: Grimmsnarl|Parting Shot|p2b: Palafin
|-unboost|p2b: Palafin|atk|1
|-unboost|p2b: Palafin|spa|1
|
|t:|1786124490
|switch|p1a: Venusaur|Venusaur, L50, F|100/100|[from] Parting Shot
|move|p2a: Sinistcha|Matcha Gotcha|p1a: Venusaur|[spread] 
|-activate|p1b: Garchomp|move: Protect
|-miss|p2a: Sinistcha|p1a: Venusaur
|
|upkeep
|turn|3
|
|t:|1786124514
|switch|p1b: Grimmsnarl|Grimmsnarl, L50, M|100/100
|detailschange|p1a: Venusaur|Venusaur-Mega, L50, F
|-mega|p1a: Venusaur|Venusaur|Venusaurite
|move|p2a: Sinistcha|Rage Powder|p2a: Sinistcha
|-singleturn|p2a: Sinistcha|move: Rage Powder
|move|p2b: Palafin|Jet Punch|p1b: Grimmsnarl
|-damage|p1b: Grimmsnarl|77/100
|-damage|p2b: Palafin|90/100|[from] item: Life Orb
|move|p1a: Venusaur|Sludge Bomb|p2b: Palafin
|-damage|p2b: Palafin|40/100
|-status|p2b: Palafin|psn
|
|-damage|p2b: Palafin|28/100 psn|[from] psn
|upkeep
|turn|4
|
|t:|1786124551
|switch|p2b: TTAR|Tyranitar, L50, M, shiny|100/100
|-weather|Sandstorm|[from] ability: Sand Stream|[of] p2b: TTAR
|move|p1a: Venusaur|Giga Drain|p2b: TTAR
|-supereffective|p2b: TTAR|1
|-damage|p2b: TTAR|56/100
|move|p1b: Grimmsnarl|Spirit Break|p2a: Sinistcha
|-damage|p2a: Sinistcha|49/100
|-unboost|p2a: Sinistcha|spa|1
|-enditem|p2a: Sinistcha|Sitrus Berry|[eat]
|-heal|p2a: Sinistcha|74/100|[from] item: Sitrus Berry
|move|p2a: Sinistcha|Trick Room|p2a: Sinistcha
|-fieldstart|move: Trick Room|[of] p2a: Sinistcha
|
|-weather|Sandstorm|[upkeep]
|-damage|p1b: Grimmsnarl|71/100|[from] Sandstorm
|-damage|p2a: Sinistcha|67/100|[from] Sandstorm
|-damage|p1a: Venusaur|93/100|[from] Sandstorm
|upkeep
|turn|5
|
|t:|1786124576
|switch|p2a: Decidueye|Decidueye-Hisui, L50, M|85/100
|detailschange|p2b: TTAR|Tyranitar-Mega, L50, M, shiny
|-mega|p2b: TTAR|Tyranitar|Tyranitarite
|move|p1b: Grimmsnarl|Light Screen|p1b: Grimmsnarl
|-sidestart|p1: MrGardnHose|move: Light Screen
|move|p2b: TTAR|Rock Slide|p1a: Venusaur|[spread] p1a,p1b
|-damage|p1a: Venusaur|73/100
|-damage|p1b: Grimmsnarl|47/100
|move|p1a: Venusaur|Giga Drain|p2b: TTAR
|-supereffective|p2b: TTAR|1
|-damage|p2b: TTAR|18/100
|-heal|p1a: Venusaur|95/100|[from] drain|[of] p2b: TTAR
|
|-weather|Sandstorm|[upkeep]
|-damage|p1b: Grimmsnarl|41/100|[from] Sandstorm
|-damage|p2a: Decidueye|79/100|[from] Sandstorm
|-damage|p1a: Venusaur|89/100|[from] Sandstorm
|upkeep
|turn|6
|
|t:|1786124602
|switch|p2b: Sinistcha|Sinistcha, L50|67/100
|-heal|p2a: Decidueye|100/100|[from] ability: Hospitality|[of] p2b: Sinistcha
|move|p1b: Grimmsnarl|Parting Shot|p2a: Decidueye
|-unboost|p2a: Decidueye|atk|1
|-unboost|p2a: Decidueye|spa|1
|
|t:|1786124609
|switch|p1b: Incineroar|Incineroar, L50, F|100/100|[from] Parting Shot
|-ability|p1b: Incineroar|Intimidate|boost
|-fail|p2a: Decidueye|unboost|Attack|[from] ability: Scrappy|[of] p2a: Decidueye
|-unboost|p2b: Sinistcha|atk|1
|move|p2a: Decidueye|Leaf Blade|p1b: Incineroar
|-resisted|p1b: Incineroar|1
|-crit|p1b: Incineroar
|-damage|p1b: Incineroar|67/100
|move|p1a: Venusaur|Giga Drain|p2b: Sinistcha
|-resisted|p2b: Sinistcha|1
|-damage|p2b: Sinistcha|48/100
|-heal|p1a: Venusaur|99/100|[from] drain|[of] p2b: Sinistcha
|
|-weather|Sandstorm|[upkeep]
|-damage|p1b: Incineroar|61/100|[from] Sandstorm
|-damage|p2b: Sinistcha|42/100|[from] Sandstorm
|-damage|p2a: Decidueye|94/100|[from] Sandstorm
|-damage|p1a: Venusaur|93/100|[from] Sandstorm
|upkeep
|turn|7
|
|t:|1786124656
|move|p2a: Decidueye|Protect|p2a: Decidueye
|-singleturn|p2a: Decidueye|Protect
|move|p1b: Incineroar|Darkest Lariat|p2b: Sinistcha
|-supereffective|p2b: Sinistcha|1
|-damage|p2b: Sinistcha|0 fnt
|faint|p2b: Sinistcha
|move|p1a: Venusaur|Sludge Bomb|p2a: Decidueye
|-activate|p2a: Decidueye|move: Protect
|
|-weather|Sandstorm|[upkeep]
|-damage|p1b: Incineroar|55/100|[from] Sandstorm
|-damage|p2a: Decidueye|88/100|[from] Sandstorm
|-damage|p1a: Venusaur|87/100|[from] Sandstorm
|upkeep
|
|t:|1786124680
|switch|p2b: Palafin|Palafin-Hero, L50, M, shiny|28/100 psn
|turn|8
|
|t:|1786124691
|move|p2b: Palafin|Jet Punch|p1b: Incineroar
|-supereffective|p1b: Incineroar|1
|-damage|p1b: Incineroar|0 fnt
|faint|p1b: Incineroar
|-damage|p2b: Palafin|19/100 psn|[from] item: Life Orb
|move|p2a: Decidueye|Triple Arrows|p1a: Venusaur
|-resisted|p1a: Venusaur|1
|-damage|p1a: Venusaur|77/100
|-unboost|p1a: Venusaur|def|1
|move|p1a: Venusaur|Giga Drain|p2b: Palafin
|-supereffective|p2b: Palafin|1
|-damage|p2b: Palafin|0 fnt
|-heal|p1a: Venusaur|87/100|[from] drain|[of] p2b: Palafin
|faint|p2b: Palafin
|
|-weather|none
|-sideend|p1: MrGardnHose|Reflect
|-fieldend|move: Trick Room
|upkeep
|
|t:|1786124705
|switch|p2b: TTAR|Tyranitar-Mega, L50, M, shiny|18/100
|switch|p1b: Grimmsnarl|Grimmsnarl, L50, M|41/100
|-weather|Sandstorm|[from] ability: Sand Stream|[of] p2b: TTAR
|turn|9
|
|t:|1786124732
|move|p1b: Grimmsnarl|Reflect|p1b: Grimmsnarl
|-sidestart|p1: MrGardnHose|Reflect
|move|p1a: Venusaur|Giga Drain|p2b: TTAR
|-supereffective|p2b: TTAR|1
|-damage|p2b: TTAR|0 fnt
|-heal|p1a: Venusaur|98/100|[from] drain|[of] p2b: TTAR
|faint|p2b: TTAR
|move|p2a: Decidueye|Trailblaze|p1b: Grimmsnarl
|-damage|p1b: Grimmsnarl|28/100
|-boost|p2a: Decidueye|spe|1
|
|-weather|Sandstorm|[upkeep]
|-damage|p2a: Decidueye|82/100|[from] Sandstorm
|-damage|p1a: Venusaur|92/100|[from] Sandstorm
|-damage|p1b: Grimmsnarl|22/100|[from] Sandstorm
|upkeep
|turn|10
|
|t:|1786124745
|move|p1b: Grimmsnarl|Parting Shot|p2a: Decidueye
|-unboost|p2a: Decidueye|atk|1
|-unboost|p2a: Decidueye|spa|1
|
|t:|1786124748
|switch|p1b: Garchomp|Garchomp, L50, F|15/100|[from] Parting Shot
|move|p2a: Decidueye|Triple Arrows|p1a: Venusaur
|-resisted|p1a: Venusaur|1
|-crit|p1a: Venusaur
|-damage|p1a: Venusaur|50/100g
|-unboost|p1a: Venusaur|def|1
|move|p1a: Venusaur|Sludge Bomb|p2a: Decidueye
|-supereffective|p2a: Decidueye|1
|-damage|p2a: Decidueye|0 fnt
|faint|p2a: Decidueye
|
|win|MrGardnHose
|raw|MrGardnHose's rating: 1173 → 1203(+30 for winning)
|raw|NotAfrogGaming's rating: 1248 → 1218(-30 for losing)
