|j|☆HyphyJavi
|j|☆stitchasaurus_
|html|HyphyJavistitchasaurus_    
|uhtml|bestof|Game 1 of a best-of-3
|t:|1756579381
|gametype|doubles
|player|p1|HyphyJavi|dancer|
|player|p2|stitchasaurus_|1|
|gen|9
|tier|[Gen 9] VGC 2025 Reg H (Bo3)
|rule|Species Clause: Limit one of each Pokémon
|rule|Item Clause: Limit 1 of each item
|clearpoke
|poke|p1|Sneasler, L50, F|
|poke|p1|Indeedee, L50, M|
|poke|p1|Talonflame, L50, F|
|poke|p1|Ursaluna, L50, F|
|poke|p1|Amoonguss, L50, M|
|poke|p1|Ninetales, L50, F|
|poke|p2|Clefable, L50, M|
|poke|p2|Incineroar, L50, M|
|poke|p2|Ursaluna-Bloodmoon, L50, M|
|poke|p2|Rillaboom, L50, M|
|poke|p2|Gholdengo, L50|
|poke|p2|Dragonite, L50, F|
|teampreview|4
|showteam|p1|Sneasler||PsychicSeed|Unburden|DireClaw,CloseCombat,ThroatChop,RockSlide|||F|||50|,,,,,Stellar]Indeedee||FocusSash|PsychicSurge|Imprison,ExpandingForce,TrickRoom,ShadowBall|||M|||50|,,,,,Stellar]Talonflame||CovertCloak|GaleWings|DualWingbeat,FlareBlitz,Tailwind,Taunt|||F|||50|,,,,,Stellar]Ursaluna||FlameOrb|Guts|Earthquake,HeadlongRush,Facade,Protect|||F|||50|,,,,,Fairy]Amoonguss||IronBall|Regenerator|RagePowder,Spore,PollenPuff,Protect|||M|||50|,,,,,Water]Ninetales||Charcoal|Drought|HeatWave,HelpingHand,WillOWisp,Protect|||F|||50|,,,,,Flying
|showteam|p2|Clefable||CovertCloak|Unaware|Moonblast,MistyTerrain,FollowMe,Protect|||M|||50|,,,,,Water]Incineroar||AssaultVest|Intimidate|FlareBlitz,KnockOff,Uturn,FakeOut|||M|||50|,,,,,Grass]Ursaluna-Bloodmoon||LifeOrb|MindsEye|HyperVoice,EarthPower,BloodMoon,Protect|||M|||50|,,,,,Normal]Rillaboom||MiracleSeed|GrassySurge|WoodHammer,HighHorsepower,FakeOut,GrassyGlide|||M|||50|,,,,,Water]Gholdengo||GrassySeed|GoodasGold|NastyPlot,MakeItRain,ShadowBall,Protect||||||50|,,,,,Water]Dragonite||LoadedDice|InnerFocus|ScaleShot,Tailwind,Haze,StompingTantrum|||F|||50|,,,,,Fairy
|c|☆HyphyJavi|glhf
|c|☆stitchasaurus_|same to you
|inactive|Battle timer is ON: inactive players will automatically lose when time's up. (requested by HyphyJavi)
|inactive|HyphyJavi has 60 seconds left.
|inactive|stitchasaurus_ has 60 seconds left.
|
|t:|1756579464
|teamsize|p1|4
|teamsize|p2|4
|start
|switch|p1a: Talonflame|Talonflame, L50, F|100/100
|switch|p1b: Sneasler|Sneasler, L50, F|100/100
|switch|p2a: Incineroar|Incineroar, L50, M|100/100
|switch|p2b: Dragonite|Dragonite, L50, F|100/100
|-ability|p2a: Incineroar|Intimidate|boost
|-unboost|p1a: Talonflame|atk|1
|-unboost|p1b: Sneasler|atk|1
|turn|1
|inactive|stitchasaurus_ has 30 seconds left.
|
|t:|1756579495
|switch|p1a: Indeedee|Indeedee, L50, M|100/100
|-fieldstart|move: Psychic Terrain|[from] ability: Psychic Surge|[of] p1a: Indeedee
|-enditem|p1b: Sneasler|Psychic Seed
|-boost|p1b: Sneasler|spd|1|[from] item: Psychic Seed
|move|p1b: Sneasler|Dire Claw|p2b: Dragonite
|-damage|p2b: Dragonite|69/100
|-status|p2b: Dragonite|par
|move|p2a: Incineroar|Knock Off|p1b: Sneasler
|-resisted|p1b: Sneasler
|-damage|p1b: Sneasler|74/100
|move|p2b: Dragonite|Scale Shot|p1a: Indeedee
|-damage|p1a: Indeedee|70/100
|-damage|p1a: Indeedee|38/100
|-damage|p1a: Indeedee|5/100
|-damage|p1a: Indeedee|0 fnt
|faint|p1a: Indeedee
|-hitcount|p1: Indeedee|4
|-unboost|p2b: Dragonite|def|1
|-boost|p2b: Dragonite|spe|1
|
|upkeep
|
|t:|1756579515
|switch|p1a: Talonflame|Talonflame, L50, F|100/100
|turn|2
|inactive|HyphyJavi has 30 seconds left.
|
|t:|1756579544
|-terastallize|p1b: Sneasler|Stellar
|move|p1a: Talonflame|Tailwind|p1a: Talonflame
|-sidestart|p1: HyphyJavi|move: Tailwind
|move|p1b: Sneasler|Dire Claw|p2b: Dragonite
|-damage|p2b: Dragonite|5/100 par
|move|p2b: Dragonite|Stomping Tantrum|p1b: Sneasler
|-supereffective|p1b: Sneasler
|-damage|p1b: Sneasler|0 fnt
|faint|p1b: Sneasler
|move|p2a: Incineroar|U-turn|p1a: Talonflame
|-resisted|p1a: Talonflame
|-damage|p1a: Talonflame|93/100
|
|t:|1756579559
|switch|p2a: Clefable|Clefable, L50, M|100/100|[from] U-turn
|
|upkeep
|
|t:|1756579564
|switch|p1b: Ninetales|Ninetales, L50, F|100/100
|-weather|SunnyDay|[from] ability: Drought|[of] p1b: Ninetales
|turn|3
|
|t:|1756579586
|move|p2a: Clefable|Follow Me|p2a: Clefable
|-singleturn|p2a: Clefable|move: Follow Me
|move|p1a: Talonflame|Flare Blitz|p2a: Clefable
|-damage|p2a: Clefable|39/100
|-damage|p1a: Talonflame|66/100|[from] Recoil
|move|p1b: Ninetales|Heat Wave|p2b: Dragonite|[spread] p2a,p2b
|-resisted|p2b: Dragonite
|-damage|p2a: Clefable|0 fnt
|-damage|p2b: Dragonite|0 fnt
|faint|p2a: Clefable
|faint|p2b: Dragonite
|
|-weather|SunnyDay|[upkeep]
|upkeep
|
|t:|1756579596
|switch|p2b: Ursaluna|Ursaluna-Bloodmoon, L50, M|100/100
|switch|p2a: Incineroar|Incineroar, L50, M|100/100
|-ability|p2a: Incineroar|Intimidate|boost
|-unboost|p1a: Talonflame|atk|1
|-unboost|p1b: Ninetales|atk|1
|turn|4
|
|t:|1756579621
|-terastallize|p2b: Ursaluna|Normal
|move|p1a: Talonflame|Flare Blitz|p2b: Ursaluna
|-damage|p2b: Ursaluna|62/100
|-damage|p1a: Talonflame|50/100|[from] Recoil
|move|p1b: Ninetales|Heat Wave|p2b: Ursaluna|[spread] p2a,p2b
|-resisted|p2a: Incineroar
|-damage|p2a: Incineroar|86/100
|-damage|p2b: Ursaluna|0 fnt
|faint|p2b: Ursaluna
|move|p2a: Incineroar|Knock Off|p1b: Ninetales
|-damage|p1b: Ninetales|34/100
|-enditem|p1b: Ninetales|Charcoal|[from] move: Knock Off|[of] p2a: Incineroar
|
|-weather|SunnyDay|[upkeep]
|upkeep
|turn|5
|inactive|HyphyJavi has 30 seconds left.
|inactive|stitchasaurus_ has 30 seconds left.
|
|t:|1756579653
|move|p1a: Talonflame|Dual Wingbeat|p2a: Incineroar
|-damage|p2a: Incineroar|77/100
|-damage|p2a: Incineroar|66/100
|-hitcount|p2a: Incineroar|2
|move|p1b: Ninetales|Heat Wave|p2a: Incineroar
|-resisted|p2a: Incineroar
|-crit|p2a: Incineroar
|-damage|p2a: Incineroar|41/100
|move|p2a: Incineroar|Knock Off|p1a: Talonflame
|-damage|p1a: Talonflame|0 fnt
|-enditem|p1a: Talonflame|Covert Cloak|[from] move: Knock Off|[of] p2a: Incineroar
|faint|p1a: Talonflame
|
|-weather|SunnyDay|[upkeep]
|-sideend|p1: HyphyJavi|move: Tailwind
|-fieldend|move: Psychic Terrain
|upkeep
|turn|6
|
|t:|1756579674
|move|p1b: Ninetales|Heat Wave|p2a: Incineroar
|-resisted|p2a: Incineroar
|-damage|p2a: Incineroar|25/100
|move|p2a: Incineroar|Knock Off|p1b: Ninetales
|-damage|p1b: Ninetales|0 fnt
|faint|p1b: Ninetales
|
|win|stitchasaurus_
|c|☆HyphyJavi|gg
||HyphyJavi is ready for game 2.
|inactive|stitchasaurus_ has 30 seconds to confirm battle start!
|c|☆stitchasaurus_|i thought heat wave wouldnt kill
|inactive|stitchasaurus_ has 20 seconds to confirm battle start!
|c|☆stitchasaurus_|but i forgot im not vest
||stitchasaurus_ is ready for game 2.
|uhtml|next|Next: Game 2 of 3
