|j|☆Jarshall's Pookie
|j|☆CynistOne
|html|Jarshall's PookieCynistOne    
|uhtml|bestof|Game 1 of a best-of-3
|t:|1756483457
|gametype|doubles
|player|p1|Jarshall's Pookie|ethan|1107
|player|p2|CynistOne|veteran|1000
|gen|9
|tier|[Gen 9] VGC 2025 Reg H (Bo3)
|rated|
|rule|Species Clause: Limit one of each Pokémon
|rule|Item Clause: Limit 1 of each item
|clearpoke
|poke|p1|Volcarona, L50, M|
|poke|p1|Gholdengo, L50|
|poke|p1|Dragonite, L50, F|
|poke|p1|Grimmsnarl, L50, M|
|poke|p1|Ursaluna-Bloodmoon, L50, M|
|poke|p1|Kommo-o, L50, F|
|poke|p2|Volcarona, L50, M|
|poke|p2|Gliscor, L50, F|
|poke|p2|Arcanine-Hisui, L50, F|
|poke|p2|Archaludon, L50, M|
|poke|p2|Pelipper, L50, F|
|poke|p2|Primarina, L50, M|
|teampreview|4
|showteam|p1|Volcarona||SitrusBerry|FlameBody|HeatWave,GigaDrain,QuiverDance,Protect|||M|||50|,,,,,Grass]Gholdengo||Leftovers|GoodasGold|MakeItRain,ShadowBall,NastyPlot,Protect||||||50|,,,,,Water]Dragonite||LoadedDice|Multiscale|ScaleShot,Tailwind,Haze,Protect|||F|||50|,,,,,Fairy]Grimmsnarl||LightClay|Prankster|SpiritBreak,LightScreen,Reflect,ThunderWave|||M|||50|,,,,,Ghost]Ursaluna-Bloodmoon||AssaultVest|MindsEye|EarthPower,HyperVoice,BloodMoon,VacuumWave|||M|||50|,,,,,Ghost]Kommo-o||ThroatSpray|Overcoat|ClangorousSoul,ClangingScales,Protect,AuraSphere|||F|||50|,,,,,Steel
|showteam|p2|Volcarona||CovertCloak|FlameBody|GigaDrain,BugBuzz,HeatWave,Protect|||M|||50|,,,,,Grass]Gliscor||ToxicOrb|PoisonHeal|HighHorsepower,DualWingbeat,Protect,Toxic|||F|||50|,,,,,Steel]Arcanine-Hisui||ChoiceBand|RockHead|FlareBlitz,HeadSmash,WildCharge,ExtremeSpeed|||F|||50|,,,,,Fairy]Archaludon||AssaultVest|Stalwart|ElectroShot,Thunderbolt,DragonPulse,FlashCannon|||M|||50|,,,,,Steel]Pelipper||FocusSash|Drizzle|Hurricane,WeatherBall,Uturn,Protect|||F|||50|,,,,,Ghost]Primarina||ThroatSpray|LiquidVoice|HyperVoice,Moonblast,CalmMind,Protect|||M|||50|,,,,,Water
|inactive|Battle timer is ON: inactive players will automatically lose when time's up. (requested by CynistOne)
|inactive|Jarshall's Pookie has 60 seconds left.
|inactive|Jarshall's Pookie has 30 seconds left.
|inactive|Jarshall's Pookie has 20 seconds left.
|
|t:|1756483531
|teamsize|p1|4
|teamsize|p2|4
|start
|switch|p1a: Dragonite|Dragonite, L50, F|100/100
|switch|p1b: Kommo-o|Kommo-o, L50, F|100/100
|switch|p2a: Volcarona|Volcarona, L50, M|100/100
|switch|p2b: Gliscor|Gliscor, L50, F|100/100
|turn|1
|inactive|Jarshall's Pookie has 30 seconds left.
|inactive|CynistOne has 30 seconds left.
|inactive|Jarshall's Pookie has 20 seconds left.
|inactive|Jarshall's Pookie has 15 seconds left.
|
|t:|1756483574
|move|p1b: Kommo-o|Protect|p1b: Kommo-o
|-singleturn|p1b: Kommo-o|Protect
|move|p2b: Gliscor|Dual Wingbeat|p1b: Kommo-o
|-activate|p1b: Kommo-o|move: Protect
|move|p2a: Volcarona|Heat Wave|p1a: Dragonite|[spread] p1a
|-activate|p1b: Kommo-o|move: Protect
|-resisted|p1a: Dragonite
|-damage|p1a: Dragonite|89/100
|move|p1a: Dragonite|Scale Shot|p2b: Gliscor
|-damage|p2b: Gliscor|86/100
|-damage|p2b: Gliscor|70/100
|-damage|p2b: Gliscor|54/100
|-damage|p2b: Gliscor|38/100
|-hitcount|p2b: Gliscor|4
|-unboost|p1a: Dragonite|def|1
|-boost|p1a: Dragonite|spe|1
|
|-status|p2b: Gliscor|tox|[from] item: Toxic Orb
|upkeep
|turn|2
|
|t:|1756483598
|move|p2b: Gliscor|Protect|p2b: Gliscor
|-singleturn|p2b: Gliscor|Protect
|move|p2a: Volcarona|Protect|p2a: Volcarona
|-singleturn|p2a: Volcarona|Protect
|move|p1a: Dragonite|Scale Shot|p2b: Gliscor
|-activate|p2b: Gliscor|move: Protect
|move|p1b: Kommo-o|Clangorous Soul|p1b: Kommo-o
|-boost|p1b: Kommo-o|atk|1
|-boost|p1b: Kommo-o|def|1
|-boost|p1b: Kommo-o|spa|1
|-boost|p1b: Kommo-o|spd|1
|-boost|p1b: Kommo-o|spe|1
|-damage|p1b: Kommo-o|68/100
|-enditem|p1b: Kommo-o|Throat Spray
|-boost|p1b: Kommo-o|spa|1|[from] item: Throat Spray
|
|-heal|p2b: Gliscor|50/100 tox|[from] ability: Poison Heal
|upkeep
|turn|3
|
|t:|1756483624
|switch|p2b: Primarina|Primarina, L50, M|100/100
|move|p1b: Kommo-o|Clanging Scales|p2a: Volcarona|[spread] p2a
|-immune|p2b: Primarina
|-damage|p2a: Volcarona|16/100
|-unboost|p1b: Kommo-o|def|1
|move|p1a: Dragonite|Scale Shot|p2b: Primarina
|-immune|p2b: Primarina
|move|p2a: Volcarona|Heat Wave|p1b: Kommo-o|[spread] p1a,p1b
|-resisted|p1a: Dragonite
|-resisted|p1b: Kommo-o
|-damage|p1a: Dragonite|66/100
|-damage|p1b: Kommo-o|52/100
|
|upkeep
|turn|4
|inactive|Jarshall's Pookie has 30 seconds left.
|inactive|CynistOne has 30 seconds left.
|inactive|Jarshall's Pookie has 20 seconds left.
|
|t:|1756483661
|-terastallize|p1b: Kommo-o|Steel
|move|p1b: Kommo-o|Aura Sphere|p2b: Primarina
|-resisted|p2b: Primarina
|-damage|p2b: Primarina|68/100
|move|p1a: Dragonite|Scale Shot|p2a: Volcarona
|-damage|p2a: Volcarona|0 fnt
|faint|p2a: Volcarona
|-hitcount|p2: Volcarona|1
|-unboost|p1a: Dragonite|def|1
|-boost|p1a: Dragonite|spe|1
|move|p2b: Primarina|Hyper Voice|p1b: Kommo-o|[spread] p1a,p1b
|-resisted|p1a: Dragonite
|-damage|p1a: Dragonite|45/100
|-damage|p1b: Kommo-o|24/100
|-enditem|p2b: Primarina|Throat Spray
|-boost|p2b: Primarina|spa|1|[from] item: Throat Spray
|
|upkeep
|
|t:|1756483675
|switch|p2a: Pelipper|Pelipper, L50, F|100/100
|-weather|RainDance|[from] ability: Drizzle|[of] p2a: Pelipper
|turn|5
|
|t:|1756483698
|switch|p1b: Grimmsnarl|Grimmsnarl, L50, M|100/100
|move|p1a: Dragonite|Haze|p1a: Dragonite
|-clearallboost
|move|p2a: Pelipper|Weather Ball|p1a: Dragonite
|-resisted|p1a: Dragonite
|-damage|p1a: Dragonite|17/100
|move|p2b: Primarina|Hyper Voice|p1a: Dragonite|[spread] p1a,p1b
|-resisted|p1a: Dragonite
|-damage|p1a: Dragonite|0 fnt
|-damage|p1b: Grimmsnarl|52/100
|faint|p1a: Dragonite
|
|-weather|RainDance|[upkeep]
|upkeep
|
|t:|1756483710
|switch|p1a: Gholdengo|Gholdengo, L50|100/100
|turn|6
|
|t:|1756483730
|-terastallize|p2b: Primarina|Water
|move|p1a: Gholdengo|Protect|p1a: Gholdengo
|-singleturn|p1a: Gholdengo|Protect
|move|p1b: Grimmsnarl|Light Screen|p1b: Grimmsnarl
|-sidestart|p1: Jarshall's Pookie|move: Light Screen
|move|p2a: Pelipper|Weather Ball|p1a: Gholdengo
|-activate|p1a: Gholdengo|move: Protect
|move|p2b: Primarina|Hyper Voice|p1b: Grimmsnarl|[spread] p1b
|-activate|p1a: Gholdengo|move: Protect
|-damage|p1b: Grimmsnarl|11/100
|
|-weather|RainDance|[upkeep]
|upkeep
|turn|7
|inactive|Jarshall's Pookie has 30 seconds left.
|
|t:|1756483760
|move|p1b: Grimmsnarl|Thunder Wave|p2a: Pelipper
|-status|p2a: Pelipper|par
|move|p1a: Gholdengo|Nasty Plot|p1a: Gholdengo
|-boost|p1a: Gholdengo|spa|2
|move|p2b: Primarina|Hyper Voice|p1a: Gholdengo|[spread] p1a,p1b
|-damage|p1a: Gholdengo|48/100
|-damage|p1b: Grimmsnarl|0 fnt
|faint|p1b: Grimmsnarl
|move|p2a: Pelipper|Weather Ball|p1a: Gholdengo
|-damage|p1a: Gholdengo|15/100
|
|-weather|RainDance|[upkeep]
|-heal|p1a: Gholdengo|21/100|[from] item: Leftovers
|upkeep
|
|t:|1756483765
|switch|p1b: Kommo-o|Kommo-o, L50, F, tera:Steel|24/100
|turn|8
|
|t:|1756483784
|move|p1b: Kommo-o|Clanging Scales|p2b: Primarina|[spread] p2a,p2b
|-damage|p2a: Pelipper|42/100 par
|-damage|p2b: Primarina|36/100
|-unboost|p1b: Kommo-o|def|1
|move|p1a: Gholdengo|Make It Rain|p2a: Pelipper|[spread] p2a,p2b
|-resisted|p2a: Pelipper
|-resisted|p2b: Primarina
|-damage|p2a: Pelipper|0 fnt
|-damage|p2b: Primarina|0 fnt
|-unboost|p1a: Gholdengo|spa|1
|faint|p2a: Pelipper
|faint|p2b: Primarina
|
|-weather|RainDance|[upkeep]
|-heal|p1a: Gholdengo|27/100|[from] item: Leftovers
|upkeep
|
|t:|1756483792
|switch|p2a: Gliscor|Gliscor, L50, F|50/100 tox
|turn|9
|
|t:|1756483805
|move|p2a: Gliscor|Protect|p2a: Gliscor
|-singleturn|p2a: Gliscor|Protect
|move|p1b: Kommo-o|Clanging Scales|p2a: Gliscor
|-activate|p2a: Gliscor|move: Protect
|move|p1a: Gholdengo|Make It Rain|p2a: Gliscor
|-activate|p2a: Gliscor|move: Protect
|
|-weather|none
|-heal|p1a: Gholdengo|33/100|[from] item: Leftovers
|-heal|p2a: Gliscor|62/100 tox|[from] ability: Poison Heal
|upkeep
|turn|10
|
|t:|1756483819
|move|p2a: Gliscor|High Horsepower|p1a: Gholdengo
|-supereffective|p1a: Gholdengo
|-damage|p1a: Gholdengo|0 fnt
|faint|p1a: Gholdengo
|move|p1b: Kommo-o|Clanging Scales|p2a: Gliscor
|-damage|p2a: Gliscor|0 fnt
|faint|p2a: Gliscor
|
|win|Jarshall's Pookie
||CynistOne is ready for game 2.
||Jarshall's Pookie is ready for game 2.
|uhtml|next|Next: Game 2 of 3
|l|☆CynistOne
|player|p2|
