|j|☆Dball_Games
|j|☆endK649
|html|Dball_GamesendK649    
|uhtml|bestof|Game 2 of a best-of-3
|t:|1756079340
|gametype|doubles
|player|p1|Dball_Games|102|1246
|player|p2|endK649|gambler|1242
|gen|9
|tier|[Gen 9] VGC 2025 Reg H (Bo3)
|rated|
|rule|Species Clause: Limit one of each Pokémon
|rule|Item Clause: Limit 1 of each item
|clearpoke
|poke|p1|Dragonite, L50, M|
|poke|p1|Ursaluna, L50, M|
|poke|p1|Gholdengo, L50|
|poke|p1|Porygon2, L50|
|poke|p1|Torkoal, L50, M|
|poke|p1|Typhlosion-Hisui, L50, F|
|poke|p2|Feraligatr, L50, M|
|poke|p2|Pelipper, L50, M|
|poke|p2|Archaludon, L50, M|
|poke|p2|Amoonguss, L50, M|
|poke|p2|Rillaboom, L50, M|
|poke|p2|Incineroar, L50, M|
|teampreview|4
|showteam|p1|Dragonite||LoadedDice|InnerFocus|Tailwind,ScaleShot,Haze,Protect|||M|||50|,,,,,Steel]Ursaluna||FlameOrb|Guts|Facade,Earthquake,HeadlongRush,Protect|||M|||50|,,,,,Ghost]Gholdengo||LifeOrb|GoodasGold|ShadowBall,MakeItRain,NastyPlot,Protect||||||50|,,,,,Flying]Porygon2||Eviolite|Download|TrickRoom,IceBeam,ThunderWave,TriAttack||||||50|,,,,,Grass]Torkoal||EjectPack|Drought|Eruption,HeatWave,Protect,EarthPower|||M|||50|,,,,,Fire]Typhlosion-Hisui||ChoiceScarf|Blaze|Eruption,HeatWave,ShadowBall,Overheat|||F|||50|,,,,,Fire
|showteam|p2|Feraligatr||LifeOrb|SheerForce|Liquidation,Crunch,DragonDance,Protect|||M|||50|,,,,,Dark]Pelipper||FocusSash|Drizzle|WeatherBall,Hurricane,Tailwind,Protect|||M|||50|,,,,,Stellar]Archaludon||AssaultVest|Stamina|FlashCannon,DragonPulse,ElectroShot,BodyPress|||M|||50|,,,,,Bug]Amoonguss||CovertCloak|Regenerator|PollenPuff,Spore,RagePowder,Protect|||M|||50|,,,,,Water]Rillaboom||LoadedDice|GrassySurge|BulletSeed,GrassyGlide,FakeOut,Uturn|||M|||50|,,,,,Fire]Incineroar||SafetyGoggles|Intimidate|KnockOff,FakeOut,Taunt,PartingShot|||M|||50|,,,,,Ghost
|
|t:|1756079384
|teamsize|p1|4
|teamsize|p2|4
|start
|switch|p1a: Dragonite|Dragonite, L50, M|100/100
|switch|p1b: Porygon2|Porygon2, L50|100/100
|switch|p2a: Incineroar|Incineroar, L50, M, shiny|100/100
|switch|p2b: Archaludon|Archaludon, L50, M, shiny|100/100
|-ability|p1b: Porygon2|Download|boost
|-boost|p1b: Porygon2|spa|1
|-ability|p2a: Incineroar|Intimidate|boost
|-fail|p1a: Dragonite|unboost|Attack|[from] ability: Inner Focus|[of] p1a: Dragonite
|-unboost|p1b: Porygon2|atk|1
|turn|1
|inactive|Battle timer is ON: inactive players will automatically lose when time's up. (requested by endK649)
|
|t:|1756079423
|switch|p1a: Ursaluna|Ursaluna, L50, M|100/100
|move|p2b: Archaludon|Dragon Pulse|p1a: Ursaluna
|-damage|p1a: Ursaluna|56/100
|move|p2a: Incineroar|Taunt|p1b: Porygon2
|-start|p1b: Porygon2|move: Taunt
|cant|p1b: Porygon2|move: Taunt|Trick Room
|
|-status|p1a: Ursaluna|brn|[from] item: Flame Orb
|upkeep
|turn|2
|inactive|endK649 has 30 seconds left.
|
|t:|1756079450
|switch|p1b: Dragonite|Dragonite, L50, M|100/100
|move|p2b: Archaludon|Dragon Pulse|p1a: Ursaluna
|-damage|p1a: Ursaluna|11/100 brn
|move|p1a: Ursaluna|Earthquake|p2a: Incineroar|[spread] p2a,p2b
|-immune|p1b: Dragonite
|-supereffective|p2a: Incineroar
|-supereffective|p2b: Archaludon
|-crit|p2b: Archaludon
|-damage|p2a: Incineroar|0 fnt
|-damage|p2b: Archaludon|0 fnt
|faint|p2a: Incineroar
|faint|p2b: Archaludon
|
|-damage|p1a: Ursaluna|5/100 brn|[from] brn
|upkeep
|c|☆endK649|bruh
|
|t:|1756079472
|switch|p2b: Feraligatr|Feraligatr, L50, M, shiny|100/100
|switch|p2a: Pelipper|Pelipper, L50, M, shiny|100/100
|-weather|RainDance|[from] ability: Drizzle|[of] p2a: Pelipper
|turn|3
|inactive|endK649 has 30 seconds left.
|inactive|endK649 has 20 seconds left.
|
|t:|1756079508
|switch|p1a: Torkoal|Torkoal, L50, M|100/100
|-weather|SunnyDay|[from] ability: Drought|[of] p1a: Torkoal
|move|p2b: Feraligatr|Protect|p2b: Feraligatr
|-singleturn|p2b: Feraligatr|Protect
|move|p1b: Dragonite|Tailwind|p1b: Dragonite
|-sidestart|p1: Dball_Games|move: Tailwind
|move|p2a: Pelipper|Tailwind|p2a: Pelipper
|-sidestart|p2: endK649|move: Tailwind
|
|-weather|SunnyDay|[upkeep]
|upkeep
|turn|4
|inactive|endK649 has 30 seconds left.
|
|t:|1756079535
|move|p1b: Dragonite|Scale Shot|p2a: Pelipper
|-damage|p2a: Pelipper|80/100
|-damage|p2a: Pelipper|61/100
|-damage|p2a: Pelipper|41/100
|-damage|p2a: Pelipper|23/100
|-damage|p2a: Pelipper|4/100
|-hitcount|p2a: Pelipper|5
|-unboost|p1b: Dragonite|def|1
|-boost|p1b: Dragonite|spe|1
|move|p2b: Feraligatr|Liquidation|p1a: Torkoal
|-supereffective|p1a: Torkoal
|-damage|p1a: Torkoal|55/100
|move|p2a: Pelipper|Hurricane|p1b: Dragonite
|-damage|p1b: Dragonite|47/100
|move|p1a: Torkoal|Heat Wave|p2a: Pelipper|[spread] p2a
|-miss|p1a: Torkoal|p2b: Feraligatr
|-resisted|p2a: Pelipper
|-damage|p2a: Pelipper|0 fnt
|faint|p2a: Pelipper
|
|-weather|SunnyDay|[upkeep]
|upkeep
|turn|5
|inactive|Dball_Games has 30 seconds left.
|
|t:|1756079561
|move|p1b: Dragonite|Scale Shot|p2b: Feraligatr
|-damage|p2b: Feraligatr|85/100
|-damage|p2b: Feraligatr|68/100
|-damage|p2b: Feraligatr|53/100
|-damage|p2b: Feraligatr|38/100
|-damage|p2b: Feraligatr|22/100
|-hitcount|p2b: Feraligatr|5
|-unboost|p1b: Dragonite|def|1
|-boost|p1b: Dragonite|spe|1
|move|p2b: Feraligatr|Crunch|p1b: Dragonite
|-damage|p1b: Dragonite|0 fnt
|faint|p1b: Dragonite
|move|p1a: Torkoal|Heat Wave|p2b: Feraligatr|[miss]
|-miss|p1a: Torkoal|p2b: Feraligatr
|
|-weather|SunnyDay|[upkeep]
|upkeep
|
|t:|1756079581
|switch|p1b: Ursaluna|Ursaluna, L50, M|5/100 brn
|turn|6
|
|t:|1756079591
|move|p2b: Feraligatr|Protect|p2b: Feraligatr
|-singleturn|p2b: Feraligatr|Protect
|move|p1b: Ursaluna|Facade|p2b: Feraligatr
|-activate|p2b: Feraligatr|move: Protect
|move|p1a: Torkoal|Heat Wave|p2b: Feraligatr
|-activate|p2b: Feraligatr|move: Protect
|
|-weather|SunnyDay|[upkeep]
|-damage|p1b: Ursaluna|0 fnt|[from] brn
|faint|p1b: Ursaluna
|-sideend|p1: Dball_Games|move: Tailwind
|-sideend|p2: endK649|move: Tailwind
|upkeep
|
|t:|1756079593
|switch|p1b: Porygon2|Porygon2, L50|100/100
|-ability|p1b: Porygon2|Download|boost
|-boost|p1b: Porygon2|spa|1
|turn|7
|
|t:|1756079603
|move|p2b: Feraligatr|Liquidation|p1a: Torkoal
|-supereffective|p1a: Torkoal
|-damage|p1a: Torkoal|6/100
|move|p1b: Porygon2|Tri Attack|p2b: Feraligatr
|-damage|p2b: Feraligatr|0 fnt
|faint|p2b: Feraligatr
|
|win|Dball_Games
|raw|Dball_Games's rating: 1246 → 1271(+25 for winning)
|raw|endK649's rating: 1242 → 1217(-25 for losing)
|l|☆Dball_Games
|player|p1|
