|j|☆SunshineTufo
|j|☆robbie0301
|html|SunshineTuforobbie0301    
|uhtml|bestof|Game 1 of a best-of-3
|t:|1785440801
|gametype|doubles
|player|p1|SunshineTufo|li|1343
|player|p2|robbie0301|iono|1369
|gen|9
|tier|[Gen 9 Champions] VGC 2026 Reg M-B (Bo3)
|rated|
|rule|Species Clause: Limit one of each Pokémon
|rule|Item Clause: Limit 1 of each item
|clearpoke
|poke|p1|Charizard, L50, M, shiny|
|poke|p1|Incineroar, L50, M, shiny|
|poke|p1|Sylveon, L50, M, shiny|
|poke|p1|Aerodactyl, L50, M, shiny|
|poke|p1|Garchomp, L50, M, shiny|
|poke|p1|Farigiraf, L50, M, shiny|
|poke|p2|Garchomp, L50, M|
|poke|p2|Tyranitar, L50, F|
|poke|p2|Corviknight, L50, F|
|poke|p2|Milotic, L50, M|
|poke|p2|Sinistcha, L50|
|poke|p2|Ceruledge, L50, F|
|teampreview|4
|showteam|p1|Charizard||CharizarditeY|SolarPower|HeatWave,WeatherBall,SolarBeam,Protect|Modest||M|||50|]Incineroar||Charcoal|Intimidate|FlareBlitz,DarkestLariat,FakeOut,PartingShot|Brave||M|||50|]Sylveon||FairyFeather|Pixilate|HyperVoice,QuickAttack,HyperBeam,Detect|Modest||M|||50|]Aerodactyl||Aerodactylite|Unnerve|WideGuard,RockSlide,DualWingbeat,Tailwind|Jolly||M|||50|]Garchomp||LifeOrb|RoughSkin|Protect,StompingTantrum,DragonClaw,Earthquake|Adamant||M|||50|]Farigiraf||SitrusBerry|ArmorTail|SunnyDay,PsychicFangs,Thunderbolt,TrickRoom|Relaxed||M|||50|
|showteam|p2|Garchomp||Garchompite|RoughSkin|EarthPower,DracoMeteor,PowerGem,Protect|Modest||M|||50|]Tyranitar||ChoiceScarf|SandStream|KnockOff,RockSlide,IcePunch,LowKick|Jolly||F|||50|]Corviknight||LifeOrb|MirrorArmor|BraveBird,IronHead,Tailwind,Protect|Jolly||F|||50|]Milotic||SitrusBerry|Competitive|Scald,IcyWind,Haze,Protect|Bold||M|||50|]Sinistcha||KasibBerry|Hospitality|MatchaGotcha,RagePowder,TrickRoom,Protect|Bold|||||50|]Ceruledge||ColburBerry|FlashFire|BitterBlade,ShadowSneak,BulkUp,Protect|Adamant||F|||50|
|inactive|Battle timer is ON: inactive players will automatically lose when time's up. (requested by SunshineTufo)
|inactive|robbie0301 has 60 seconds left.
|
|t:|1785440858
|teamsize|p1|4
|teamsize|p2|4
|start
|switch|p1a: Aerodactyl|Aerodactyl, L50, M, shiny|100/100
|switch|p1b: Sylveon|Sylveon, L50, M, shiny|100/100
|switch|p2a: Garchomp|Garchomp, L50, M|100/100
|switch|p2b: Tyranitar|Tyranitar, L50, F|100/100
|-ability|p1a: Aerodactyl|Unnerve
|-weather|Sandstorm|[from] ability: Sand Stream|[of] p2b: Tyranitar
|turn|1
|
|t:|1785440878
|switch|p2a: Ceruledge|Ceruledge, L50, F|100/100
|move|p1a: Aerodactyl|Tailwind|p1a: Aerodactyl
|-sidestart|p1: SunshineTufo|move: Tailwind
|move|p2b: Tyranitar|Rock Slide|p1a: Aerodactyl|[spread] p1a,p1b
|-supereffective|p1a: Aerodactyl|1
|-damage|p1a: Aerodactyl|23/100
|-damage|p1b: Sylveon|64/100
|move|p1b: Sylveon|Hyper Voice|p2a: Ceruledge|[spread] p2a,p2b
|-resisted|p2a: Ceruledge|1
|-supereffective|p2b: Tyranitar|1
|-damage|p2a: Ceruledge|73/100
|-damage|p2b: Tyranitar|28/100
|
|-weather|Sandstorm|[upkeep]
|-damage|p1b: Sylveon|58/100|[from] Sandstorm
|-damage|p2a: Ceruledge|67/100|[from] Sandstorm
|upkeep
|turn|2
|
|t:|1785440897
|switch|p1a: Garchomp|Garchomp, L50, M, shiny|100/100
|switch|p2b: Sinistcha|Sinistcha, L50|100/100
|-heal|p2a: Ceruledge|92/100|[from] ability: Hospitality|[of] p2b: Sinistcha
|move|p1b: Sylveon|Hyper Voice|p2a: Ceruledge|[spread] p2a,p2b
|-resisted|p2a: Ceruledge|1
|-damage|p2a: Ceruledge|65/100
|-damage|p2b: Sinistcha|55/100
|move|p2a: Ceruledge|Bitter Blade|p1b: Sylveon
|-damage|p1b: Sylveon|10/100
|-heal|p2a: Ceruledge|88/100|[from] drain|[of] p1b: Sylveon
|
|-weather|Sandstorm|[upkeep]
|-damage|p1b: Sylveon|4/100|[from] Sandstorm
|-damage|p2a: Ceruledge|82/100|[from] Sandstorm
|-damage|p2b: Sinistcha|49/100|[from] Sandstorm
|upkeep
|turn|3
|
|t:|1785440916
|move|p2a: Ceruledge|Shadow Sneak|p1b: Sylveon
|-damage|p1b: Sylveon|0 fnt
|faint|p1b: Sylveon
|move|p1a: Garchomp|Stomping Tantrum|p2a: Ceruledge
|-supereffective|p2a: Ceruledge|1
|-crit|p2a: Ceruledge
|-damage|p2a: Ceruledge|0 fnt
|faint|p2a: Ceruledge
|-damage|p1a: Garchomp|90/100|[from] item: Life Orb
|move|p2b: Sinistcha|Matcha Gotcha|p1a: Garchomp
|-damage|p1a: Garchomp|56/100
|-heal|p2b: Sinistcha|68/100|[from] drain|[of] p1a: Garchomp
|
|-weather|Sandstorm|[upkeep]
|-damage|p2b: Sinistcha|62/100|[from] Sandstorm
|upkeep
|
|t:|1785440927
|switch|p2a: Garchomp|Garchomp, L50, M|100/100
|switch|p1b: Charizard|Charizard, L50, M, shiny|100/100
|turn|4
|
|t:|1785440948
|detailschange|p1b: Charizard|Charizard-Mega-Y, L50, M, shiny
|-mega|p1b: Charizard|Charizard|Charizardite Y
|-weather|SunnyDay|[from] ability: Drought|[of] p1b: Charizard
|detailschange|p2a: Garchomp|Garchomp-Mega, L50, M
|-mega|p2a: Garchomp|Garchomp|Garchompite
|move|p2b: Sinistcha|Protect|p2b: Sinistcha
|-singleturn|p2b: Sinistcha|Protect
|move|p1a: Garchomp|Earthquake|p2a: Garchomp|[spread] p2a
|-activate|p2b: Sinistcha|move: Protect
|-immune|p1b: Charizard
|-damage|p2a: Garchomp|57/100
|-damage|p1a: Garchomp|47/100|[from] item: Life Orb
|move|p1b: Charizard|Heat Wave|p2a: Garchomp|[spread] 
|-activate|p2b: Sinistcha|move: Protect
|-miss|p1b: Charizard|p2a: Garchomp
|move|p2a: Garchomp|Draco Meteor|p1a: Garchomp
|-supereffective|p1a: Garchomp|1
|-damage|p1a: Garchomp|0 fnt
|-unboost|p2a: Garchomp|spa|2
|faint|p1a: Garchomp
|
|-weather|SunnyDay|[upkeep]
|-sideend|p1: SunshineTufo|move: Tailwind
|upkeep
|
|t:|1785440954
|switch|p1a: Aerodactyl|Aerodactyl, L50, M, shiny|23/100
|-ability|p1a: Aerodactyl|Unnerve
|turn|5
|
|t:|1785440975
|switch|p2b: Tyranitar|Tyranitar, L50, F|28/100
|-weather|Sandstorm|[from] ability: Sand Stream|[of] p2b: Tyranitar
|move|p1a: Aerodactyl|Rock Slide|p2b: Tyranitar|[spread] p2a,p2b
|-resisted|p2a: Garchomp|1
|-damage|p2a: Garchomp|49/100
|-damage|p2b: Tyranitar|10/100
|move|p2a: Garchomp|Power Gem|p1a: Aerodactyl
|-supereffective|p1a: Aerodactyl|1
|-damage|p1a: Aerodactyl|0 fnt
|faint|p1a: Aerodactyl
|move|p1b: Charizard|Heat Wave|p2a: Garchomp|[spread] p2b
|-miss|p1b: Charizard|p2a: Garchomp
|-resisted|p2b: Tyranitar|1
|-damage|p2b: Tyranitar|0 fnt
|faint|p2b: Tyranitar
|
|-weather|Sandstorm|[upkeep]
|-damage|p1b: Charizard|94/100|[from] Sandstorm
|upkeep
|-message|SunshineTufo forfeited.
|
|win|robbie0301
