|j|☆tr4ppy08
|j|☆nillythekid
|html|tr4ppy08nillythekid    
|uhtml|bestof|Game 2 of a best-of-3
|t:|1783532420
|gametype|doubles
|player|p1|tr4ppy08|hilbert|
|player|p2|nillythekid|hiker-gen4|
|gen|9
|tier|[Gen 9 Champions] VGC 2026 Reg M-B (Bo3)
|rule|Species Clause: Limit one of each Pokémon
|rule|Item Clause: Limit 1 of each item
|clearpoke
|poke|p1|Gholdengo, L50|
|poke|p1|Hydreigon, L50, F, shiny|
|poke|p1|Staraptor, L50, F, shiny|
|poke|p1|Maushold, L50, shiny|
|poke|p1|Incineroar, L50, M|
|poke|p1|Whimsicott, L50, F, shiny|
|poke|p2|Sinistcha, L50|
|poke|p2|Incineroar, L50, M|
|poke|p2|Milotic, L50, F|
|poke|p2|Raichu, L50, F|
|poke|p2|Floette-Eternal, L50, F|
|poke|p2|Ceruledge, L50, F|
|teampreview|4
|showteam|p1|Gholdengo||LifeOrb|GoodasGold|NastyPlot,MakeItRain,ShadowBall,Protect|Modest|||||50|]Hydreigon||ChoiceScarf|Levitate|Tailwind,DracoMeteor,DarkPulse,Flamethrower|Modest||F|||50|]Staraptor||Staraptite|Intimidate|BraveBird,CloseCombat,Roost,Protect|Adamant||F|||50|]Maushold||SitrusBerry|FriendGuard|Feint,FollowMe,Taunt,Protect|Jolly|||||50|]Incineroar||ChopleBerry|Intimidate|FakeOut,ThroatChop,FlareBlitz,PartingShot|Careful||M|||50|]Whimsicott||FocusSash|Prankster|Moonblast,Tailwind,Charm,Encore|Timid||F|||50|
|showteam|p2|Sinistcha||KasibBerry|Hospitality|MatchaGotcha,LifeDew,RagePowder,Protect|Relaxed|||||50|]Incineroar||SitrusBerry|Intimidate|FlareBlitz,ThroatChop,FakeOut,PartingShot|Impish||M|||50|]Milotic||Leftovers|Competitive|MuddyWater,Coil,Hypnosis,Protect|Calm||F|||50|]Raichu||RaichuniteY|LightningRod|ZapCannon,FocusBlast,FakeOut,Protect|Timid||F|||50|]Floette-Eternal||Floettite|FlowerVeil|DazzlingGleam,DrainingKiss,CalmMind,Protect|Timid||F|||50|]Ceruledge||ColburBerry|FlashFire|BitterBlade,ShadowSneak,BulkUp,Protect|Adamant||F|||50|
|
|t:|1783532494
|teamsize|p1|4
|teamsize|p2|4
|start
|switch|p1a: Maushold|Maushold, L50, shiny|100/100
|switch|p1b: Hydreigon|Hydreigon, L50, F, shiny|100/100
|switch|p2a: Milotic|Milotic, L50, F|100/100
|switch|p2b: Incineroar|Incineroar, L50, M|100/100
|-ability|p2b: Incineroar|Intimidate|boost
|-unboost|p1a: Maushold|atk|1
|-unboost|p1b: Hydreigon|atk|1
|turn|1
|inactive|Battle timer is ON: inactive players will automatically lose when time's up. (requested by tr4ppy08)
|inactive|nillythekid has 60 seconds left.
|
|t:|1783532537
|move|p2b: Incineroar|Fake Out|p1a: Maushold
|-damage|p1a: Maushold|86/100
|move|p1b: Hydreigon|Draco Meteor|p2b: Incineroar|[miss]
|-miss|p1b: Hydreigon|p2b: Incineroar
|cant|p1a: Maushold|flinch
|move|p2a: Milotic|Coil|p2a: Milotic
|-boost|p2a: Milotic|atk|1
|-boost|p2a: Milotic|def|1
|-boost|p2a: Milotic|accuracy|1
|
|upkeep
|turn|2
|inactive|nillythekid has 30 seconds left.
|
|t:|1783532564
|move|p1b: Hydreigon|Draco Meteor|p2b: Incineroar
|-damage|p2b: Incineroar|29/100
|-unboost|p1b: Hydreigon|spa|2
|-enditem|p2b: Incineroar|Sitrus Berry|[eat]
|-heal|p2b: Incineroar|54/100|[from] item: Sitrus Berry
|move|p1a: Maushold|Taunt|p2a: Milotic
|-start|p2a: Milotic|move: Taunt
|move|p2a: Milotic|Muddy Water|p1a: Maushold|[spread] p1a,p1b
|-resisted|p1b: Hydreigon|1
|-damage|p1a: Maushold|54/100
|-damage|p1b: Hydreigon|89/100
|-unboost|p1b: Hydreigon|accuracy|1
|move|p2b: Incineroar|Parting Shot|p1b: Hydreigon
|-unboost|p1b: Hydreigon|atk|1
|-unboost|p1b: Hydreigon|spa|1
|
|t:|1783532583
|switch|p2b: Raichu|Raichu, L50, F|100/100|[from] Parting Shot
|
|upkeep
|turn|3
|inactive|tr4ppy08 has 30 seconds left.
|inactive|nillythekid has 30 seconds left.
|
|t:|1783532615
|switch|p1b: Gholdengo|Gholdengo, L50|100/100
|detailschange|p2b: Raichu|Raichu-Mega-Y, L50, F
|-mega|p2b: Raichu|Raichu|Raichunite Y
|move|p1a: Maushold|Protect|p1a: Maushold
|-singleturn|p1a: Maushold|Protect
|move|p2b: Raichu|Zap Cannon|p1b: Gholdengo
|-damage|p1b: Gholdengo|45/100
|-status|p1b: Gholdengo|par
|move|p2a: Milotic|Muddy Water|p1b: Gholdengo|[spread] p1b
|-activate|p1a: Maushold|move: Protect
|-damage|p1b: Gholdengo|24/100 par
|
|upkeep
|turn|4
|inactive|tr4ppy08 has 30 seconds left.
|inactive|tr4ppy08 has 20 seconds left.
|inactive|tr4ppy08 has 15 seconds left.
|inactive|tr4ppy08 has 10 seconds left.
|
|t:|1783532664
|move|p1a: Maushold|Follow Me|p1a: Maushold
|-singleturn|p1a: Maushold|move: Follow Me
|move|p2b: Raichu|Focus Blast|p1a: Maushold
|-supereffective|p1a: Maushold|1
|-damage|p1a: Maushold|0 fnt
|faint|p1a: Maushold
|move|p2a: Milotic|Muddy Water|p1b: Gholdengo
|-damage|p1b: Gholdengo|0 fnt
|faint|p1b: Gholdengo
|
|-end|p2a: Milotic|move: Taunt
|upkeep
|
|t:|1783532673
|switch|p1a: Staraptor|Staraptor, L50, F, shiny|100/100
|switch|p1b: Hydreigon|Hydreigon, L50, F, shiny|89/100
|-ability|p1a: Staraptor|Intimidate|boost
|-unboost|p2a: Milotic|atk|1
|-ability|p2a: Milotic|Competitive|boost
|-boost|p2a: Milotic|spa|2
|-unboost|p2b: Raichu|atk|1
|turn|5
|inactive|tr4ppy08 has 30 seconds left.
|inactive|tr4ppy08 has 20 seconds left.
|inactive|tr4ppy08 has 15 seconds left.
|inactive|tr4ppy08 has 10 seconds left.
|
|t:|1783532722
|switch|p2b: Incineroar|Incineroar, L50, M|54/100
|-ability|p2b: Incineroar|Intimidate|boost
|-unboost|p1a: Staraptor|atk|1
|-unboost|p1b: Hydreigon|atk|1
|detailschange|p1a: Staraptor|Staraptor-Mega, L50, F, shiny
|-mega|p1a: Staraptor|Staraptor|Staraptite
|move|p1b: Hydreigon|Dark Pulse|p2b: Incineroar
|-resisted|p2b: Incineroar|1
|-damage|p2b: Incineroar|36/100
|move|p1a: Staraptor|Close Combat|p2b: Incineroar
|-supereffective|p2b: Incineroar|1
|-damage|p2b: Incineroar|0 fnt
|-boost|p1a: Staraptor|def|1
|-boost|p1a: Staraptor|spd|1
|faint|p2b: Incineroar
|move|p2a: Milotic|Muddy Water|p1a: Staraptor|[spread] p1a,p1b
|-resisted|p1b: Hydreigon|1
|-damage|p1a: Staraptor|62/100
|-damage|p1b: Hydreigon|65/100
|
|upkeep
|
|t:|1783532741
|switch|p2b: Raichu|Raichu-Mega-Y, L50, F|100/100
|turn|6
|
|t:|1783532755
|move|p1a: Staraptor|Protect|p1a: Staraptor
|-singleturn|p1a: Staraptor|Protect
|move|p1b: Hydreigon|Dark Pulse|p2b: Raichu
|-damage|p2b: Raichu|45/100
|move|p2b: Raichu|Zap Cannon|p1a: Staraptor
|-activate|p1a: Staraptor|move: Protect
|move|p2a: Milotic|Hypnosis|p1b: Hydreigon
|-status|p1b: Hydreigon|slp|[from] move: Hypnosis
|
|upkeep
|turn|7
|inactive|tr4ppy08 has 30 seconds left.
|inactive|tr4ppy08 has 20 seconds left.
|inactive|tr4ppy08 has 15 seconds left.
|
|t:|1783532796
|move|p1a: Staraptor|Protect||[still]
|-fail|p1a: Staraptor
|cant|p1b: Hydreigon|slp
|move|p2b: Raichu|Zap Cannon|p1a: Staraptor
|-supereffective|p1a: Staraptor|1
|-damage|p1a: Staraptor|0 fnt
|faint|p1a: Staraptor
|move|p2a: Milotic|Muddy Water|p1b: Hydreigon
|-resisted|p1b: Hydreigon|1
|-damage|p1b: Hydreigon|27/100 slp
|
|upkeep
|turn|8
|
|t:|1783532807
|-curestatus|p1b: Hydreigon|slp|[msg]
|move|p1b: Hydreigon|Dark Pulse|p2b: Raichu
|-damage|p2b: Raichu|0 fnt
|faint|p2b: Raichu
|move|p2a: Milotic|Muddy Water|p1b: Hydreigon
|-resisted|p1b: Hydreigon|1
|-damage|p1b: Hydreigon|0 fnt
|faint|p1b: Hydreigon
|
|win|nillythekid
|l|☆tr4ppy08
|player|p1|
|c|☆nillythekid|ggs
