|j|☆CavaliereIsSoPeak
|j|☆yuriquars
|html|CavaliereIsSoPeakyuriquars    
|uhtml|bestof|Game 2 of a best-of-3
|t:|1757000674
|gametype|doubles
|player|p1|CavaliereIsSoPeak|gambler|
|player|p2|yuriquars|elesa|
|gen|9
|tier|[Gen 9] VGC 2025 Reg H (Bo3)
|rule|Species Clause: Limit one of each Pokémon
|rule|Item Clause: Limit 1 of each item
|clearpoke
|poke|p1|Volcarona, L50, M|
|poke|p1|Basculegion, L50, M|
|poke|p1|Sneasler, L50, F|
|poke|p1|Dragonite, L50, M|
|poke|p1|Ursaluna-Bloodmoon, L50, M|
|poke|p1|Whimsicott, L50, F|
|poke|p2|Incineroar, L50, M|
|poke|p2|Ursaluna-Bloodmoon, L50, M|
|poke|p2|Gholdengo, L50|
|poke|p2|Dragonite, L50, F|
|poke|p2|Rillaboom, L50, F|
|poke|p2|Annihilape, L50, M|
|teampreview|4
|showteam|p1|Volcarona||SitrusBerry|FlameBody|HeatWave,TeraBlast,QuiverDance,Protect|||M|||50|,,,,,Fairy]Basculegion||ChoiceBand|Adaptability|WaveCrash,FlipTurn,AquaJet,LastRespects|||M|||50|,,,,,Water]Sneasler||FocusSash|Unburden|DireClaw,CloseCombat,ThroatChop,Protect|||F|||50|,,,,,Dark]Dragonite||LoadedDice|Multiscale|ScaleShot,ExtremeSpeed,Haze,Protect|||M|||50|,,,,,Steel]Ursaluna-Bloodmoon||LifeOrb|MindsEye|BloodMoon,HyperVoice,EarthPower,Protect|||M|||50|,,,,,Normal]Whimsicott||CovertCloak|Prankster|Moonblast,Tailwind,Encore,Taunt|||F|||50|,,,,,Poison
|showteam|p2|Incineroar||SitrusBerry|Intimidate|FlareBlitz,KnockOff,PartingShot,FakeOut|||M|||50|,,,,,Ghost]Ursaluna-Bloodmoon||AssaultVest|MindsEye|HyperVoice,BloodMoon,EarthPower,VacuumWave|||M|||50|,,,,,Normal]Gholdengo||LifeOrb|GoodasGold|MakeItRain,ShadowBall,NastyPlot,Protect||||||50|,,,,,Water]Dragonite||LoadedDice|Multiscale|ScaleShot,Tailwind,Haze,Protect|||F|||50|,,,,,Fairy]Rillaboom||MeadowPlate|GrassySurge|GrassyGlide,FakeOut,WoodHammer,HighHorsepower|||F|||50|,,,,,Fire]Annihilape||FocusSash|Defiant|RageFist,CloseCombat,Taunt,Coaching|||M|||50|,,,,,Stellar
|inactive|Battle timer is ON: inactive players will automatically lose when time's up. (requested by CavaliereIsSoPeak)
|
|t:|1757000695
|teamsize|p1|4
|teamsize|p2|4
|start
|switch|p1a: Dante|Volcarona, L50, M|100/100
|switch|p1b: Mary|Whimsicott, L50, F|100/100
|switch|p2a: Dragonite|Dragonite, L50, F|100/100
|switch|p2b: Rillaboom|Rillaboom, L50, F|100/100
|-fieldstart|move: Grassy Terrain|[from] ability: Grassy Surge|[of] p2b: Rillaboom
|turn|1
|
|t:|1757000710
|switch|p2b: Incineroar|Incineroar, L50, M|100/100
|-ability|p2b: Incineroar|Intimidate|boost
|-unboost|p1a: Dante|atk|1
|-unboost|p1b: Mary|atk|1
|move|p1a: Dante|Protect|p1a: Dante
|-singleturn|p1a: Dante|Protect
|move|p1b: Mary|Taunt|p2a: Dragonite
|-start|p2a: Dragonite|move: Taunt
|move|p2a: Dragonite|Scale Shot|p1a: Dante
|-activate|p1a: Dante|move: Protect
|
|upkeep
|turn|2
|
|t:|1757000723
|switch|p2a: Gholdengo|Gholdengo, L50|100/100
|-terastallize|p1a: Dante|Fairy
|move|p2b: Incineroar|Fake Out|p1a: Dante
|-damage|p1a: Dante|85/100
|move|p1b: Mary|Moonblast|p2a: Gholdengo
|-resisted|p2a: Gholdengo
|-damage|p2a: Gholdengo|85/100
|cant|p1a: Dante|flinch
|
|-heal|p1a: Dante|91/100|[from] Grassy Terrain
|-heal|p2a: Gholdengo|91/100|[from] Grassy Terrain
|upkeep
|turn|3
|inactive|yuriquars has 30 seconds left.
|inactive|yuriquars has 20 seconds left.
|
|t:|1757000760
|-terastallize|p2a: Gholdengo|Water
|move|p1b: Mary|Moonblast|p2a: Gholdengo
|-damage|p2a: Gholdengo|62/100
|move|p1a: Dante|Tera Blast|p2a: Gholdengo|[anim] Tera Blast Fairy
|-damage|p2a: Gholdengo|16/100
|move|p2a: Gholdengo|Make It Rain|p1b: Mary|[spread] p1a,p1b
|-supereffective|p1a: Dante
|-supereffective|p1b: Mary
|-damage|p1a: Dante|0 fnt
|-damage|p1b: Mary|0 fnt
|-unboost|p2a: Gholdengo|spa|1
|faint|p1a: Dante
|faint|p1b: Mary
|-damage|p2a: Gholdengo|6/100|[from] item: Life Orb
|move|p2b: Incineroar|Parting Shot|p1: Dante|[notarget]
|-fail|p2b: Incineroar
|
|-heal|p2a: Gholdengo|12/100|[from] Grassy Terrain
|upkeep
|
|t:|1757000766
|switch|p1b: Ventus|Dragonite, L50, M|100/100
|switch|p1a: D'oro|Sneasler, L50, F|100/100
|turn|4
|inactive|yuriquars has 30 seconds left.
|inactive|CavaliereIsSoPeak has 30 seconds left.
|inactive|CavaliereIsSoPeak has 20 seconds left.
|inactive|yuriquars has 20 seconds left.
|
|t:|1757000808
|switch|p2a: Rillaboom|Rillaboom, L50, F|100/100
|switch|p2b: Dragonite|Dragonite, L50, F|100/100
|move|p1a: D'oro|Dire Claw|p2a: Rillaboom
|-supereffective|p2a: Rillaboom
|-damage|p2a: Rillaboom|5/100
|-status|p2a: Rillaboom|par
|move|p1b: Ventus|Scale Shot|p2b: Dragonite
|-supereffective|p2b: Dragonite
|-damage|p2b: Dragonite|84/100
|-supereffective|p2b: Dragonite
|-damage|p2b: Dragonite|50/100
|-supereffective|p2b: Dragonite
|-damage|p2b: Dragonite|14/100
|-supereffective|p2b: Dragonite
|-damage|p2b: Dragonite|0 fnt
|faint|p2b: Dragonite
|-hitcount|p2: Dragonite|4
|-unboost|p1b: Ventus|def|1
|-boost|p1b: Ventus|spe|1
|
|-heal|p2a: Rillaboom|11/100 par|[from] Grassy Terrain
|upkeep
|
|t:|1757000817
|switch|p2b: Incineroar|Incineroar, L50, M|100/100
|-ability|p2b: Incineroar|Intimidate|boost
|-unboost|p1a: D'oro|atk|1
|-unboost|p1b: Ventus|atk|1
|turn|5
|inactive|yuriquars has 30 seconds left.
|
|t:|1757000844
|move|p2b: Incineroar|Fake Out|p1a: D'oro
|-damage|p1a: D'oro|82/100
|move|p1b: Ventus|Extreme Speed|p2a: Rillaboom
|-damage|p2a: Rillaboom|0 fnt
|faint|p2a: Rillaboom
|cant|p1a: D'oro|flinch
|
|-heal|p1a: D'oro|88/100|[from] Grassy Terrain
|-fieldend|move: Grassy Terrain
|upkeep
|
|t:|1757000848
|switch|p2a: Gholdengo|Gholdengo, L50, tera:Water|12/100
|turn|6
|
|t:|1757000863
|move|p2a: Gholdengo|Protect|p2a: Gholdengo
|-singleturn|p2a: Gholdengo|Protect
|move|p1b: Ventus|Haze|p1b: Ventus
|-clearallboost
|move|p1a: D'oro|Close Combat|p2b: Incineroar
|-supereffective|p2b: Incineroar
|-damage|p2b: Incineroar|0 fnt
|-unboost|p1a: D'oro|def|1
|-unboost|p1a: D'oro|spd|1
|faint|p2b: Incineroar
|
|upkeep
|turn|7
|
|t:|1757000872
|move|p1b: Ventus|Extreme Speed|p2a: Gholdengo
|-crit|p2a: Gholdengo
|-damage|p2a: Gholdengo|0 fnt
|faint|p2a: Gholdengo
|
|win|CavaliereIsSoPeak
