|j|☆gatoexplotando
|j|☆Yankiken
|html|gatoexplotandoYankiken    
|uhtml|bestof|Game 3 of a best-of-3
|t:|1757770081
|gametype|doubles
|player|p1|gatoexplotando|lady-gen4|
|player|p2|Yankiken|unknown|
|gen|9
|tier|[Gen 9] VGC 2025 Reg H (Bo3)
|rule|Species Clause: Limit one of each Pokémon
|rule|Item Clause: Limit 1 of each item
|clearpoke
|poke|p1|Gholdengo, L50|
|poke|p1|Maushold-Four, L50|
|poke|p1|Ursaluna-Bloodmoon, L50, M|
|poke|p1|Dondozo, L50, M|
|poke|p1|Sneasler, L50, F|
|poke|p1|Meowscarada, L50, F|
|poke|p2|Kingambit, L50, F|
|poke|p2|Rillaboom, L50, F|
|poke|p2|Electabuzz, L50, M|
|poke|p2|Volcarona, L50, M|
|poke|p2|Sneasler, L50, F|
|poke|p2|Dragonite, L50, F|
|teampreview|4
|showteam|p1|Gholdengo||ChoiceSpecs|GoodasGold|MakeItRain,ShadowBall,PowerGem,Trick||||||50|,,,,,Steel]Maushold-Four||SafetyGoggles|FriendGuard|SuperFang,Feint,FollowMe,Protect||||||50|,,,,,Ghost]Ursaluna-Bloodmoon||AssaultVest|MindsEye|HyperVoice,BloodMoon,EarthPower,VacuumWave|||M|||50|,,,,,Water]Dondozo||Leftovers|Unaware|WaveCrash,Yawn,Fissure,Protect|||M|||50|,,,,,Bug]Sneasler||WhiteHerb|Unburden|CloseCombat,DireClaw,ThroatChop,Protect|||F|||50|,,,,,Dark]Meowscarada||FocusSash|Overgrow|FlowerTrick,KnockOff,SuckerPunch,Protect|||F|||50|,,,,,Ghost
|showteam|p2|Kingambit||BlackGlasses|Defiant|Protect,KowtowCleave,SuckerPunch,SwordsDance|||F|||50|,,,,,Dark]Rillaboom||AssaultVest|GrassySurge|WoodHammer,GrassyGlide,HighHorsepower,FakeOut|||F|||50|,,,,,Fire]Electabuzz||Eviolite|VitalSpirit|Protect,Thunderbolt,HelpingHand,FollowMe|||M|||50|,,,,,Ghost]Volcarona||CovertCloak|FlameBody|Protect,HeatWave,TeraBlast,QuiverDance|||M|||50|,,,,,Fairy]Sneasler||FocusSash|Unburden|CloseCombat,DireClaw,Coaching,FakeOut|||F|||50|,,,,,Stellar]Dragonite||LoadedDice|Multiscale|ScaleShot,Haze,ExtremeSpeed,Protect|||F|||50|,,,,,Fairy
|inactive|Battle timer is ON: inactive players will automatically lose when time's up. (requested by Yankiken)
|inactive|gatoexplotando also wants the timer to be on.
|
|t:|1757770111
|teamsize|p1|4
|teamsize|p2|4
|start
|switch|p1a: Gholdengo|Gholdengo, L50|100/100
|switch|p1b: Ursaluna|Ursaluna-Bloodmoon, L50, M|100/100
|switch|p2a: WrathofKhan|Kingambit, L50, F, shiny|100/100
|switch|p2b: Litofsky|Electabuzz, L50, M, shiny|100/100
|turn|1
|
|t:|1757770131
|switch|p1a: Dondozo|Dondozo, L50, M|100/100
|move|p2b: Litofsky|Follow Me|p2b: Litofsky
|-singleturn|p2b: Litofsky|move: Follow Me
|move|p1b: Ursaluna|Earth Power|p2b: Litofsky
|-supereffective|p2b: Litofsky
|-damage|p2b: Litofsky|15/100
|move|p2a: WrathofKhan|Kowtow Cleave|p1b: Ursaluna
|-damage|p1b: Ursaluna|55/100
|
|upkeep
|turn|2
|
|t:|1757770155
|-terastallize|p2a: WrathofKhan|Dark
|move|p2b: Litofsky|Thunderbolt|p1a: Dondozo
|-supereffective|p1a: Dondozo
|-damage|p1a: Dondozo|56/100
|move|p1b: Ursaluna|Hyper Voice|p2a: WrathofKhan|[spread] p2a,p2b
|-damage|p2a: WrathofKhan|67/100
|-damage|p2b: Litofsky|0 fnt
|faint|p2b: Litofsky
|move|p2a: WrathofKhan|Kowtow Cleave|p1b: Ursaluna
|-damage|p1b: Ursaluna|0 fnt
|faint|p1b: Ursaluna
|move|p1a: Dondozo|Yawn|p2a: WrathofKhan
|-start|p2a: WrathofKhan|move: Yawn|[of] p1a: Dondozo
|
|-heal|p1a: Dondozo|62/100|[from] item: Leftovers
|upkeep
|
|t:|1757770168
|switch|p2b: Shigaraki|Sneasler, L50, F|100/100
|switch|p1b: Sneasler|Sneasler, L50, F|100/100
|turn|3
|
|t:|1757770184
|switch|p2a: All for One|Dragonite, L50, F|100/100
|move|p1b: Sneasler|Protect|p1b: Sneasler
|-singleturn|p1b: Sneasler|Protect
|move|p2b: Shigaraki|Fake Out|p1a: Dondozo
|-damage|p1a: Dondozo|52/100
|cant|p1a: Dondozo|flinch
|
|-heal|p1a: Dondozo|59/100|[from] item: Leftovers
|upkeep
|turn|4
|inactive|gatoexplotando has 30 seconds left.
|inactive|gatoexplotando has 20 seconds left.
|inactive|gatoexplotando has 15 seconds left.
|
|t:|1757770229
|-terastallize|p1a: Dondozo|Bug
|move|p1b: Sneasler|Close Combat|p2b: Shigaraki
|-resisted|p2b: Shigaraki
|-damage|p2b: Shigaraki|46/100
|-unboost|p1b: Sneasler|def|1
|-unboost|p1b: Sneasler|spd|1
|-enditem|p1b: Sneasler|White Herb
|-clearnegativeboost|p1b: Sneasler|[silent]
|move|p2b: Shigaraki|Dire Claw|p1a: Dondozo
|-damage|p1a: Dondozo|31/100
|move|p2a: All for One|Scale Shot|p1b: Sneasler
|-damage|p1b: Sneasler|75/100
|-damage|p1b: Sneasler|50/100
|-damage|p1b: Sneasler|26/100
|-damage|p1b: Sneasler|0 fnt
|faint|p1b: Sneasler
|-hitcount|p1: Sneasler|4
|-unboost|p2a: All for One|def|1
|-boost|p2a: All for One|spe|1
|move|p1a: Dondozo|Yawn|p2a: All for One
|-start|p2a: All for One|move: Yawn|[of] p1a: Dondozo
|
|-heal|p1a: Dondozo|37/100|[from] item: Leftovers
|upkeep
|
|t:|1757770241
|switch|p1b: Gholdengo|Gholdengo, L50|100/100
|turn|5
|inactive|gatoexplotando has 30 seconds left.
|inactive|Yankiken has 30 seconds left.
|inactive|gatoexplotando has 20 seconds left.
|inactive|Yankiken has 20 seconds left.
|inactive|gatoexplotando has 15 seconds left.
|inactive|Yankiken has 15 seconds left.
|inactive|Yankiken has 10 seconds left.
|
|t:|1757770288
|move|p2a: All for One|Protect|p2a: All for One
|-singleturn|p2a: All for One|Protect
|move|p1a: Dondozo|Protect|p1a: Dondozo
|-singleturn|p1a: Dondozo|Protect
|move|p2b: Shigaraki|Coaching|p2a: All for One
|-boost|p2a: All for One|atk|1
|-boost|p2a: All for One|def|1
|move|p1b: Gholdengo|Make It Rain|p2a: All for One|[spread] p2b
|-activate|p2a: All for One|move: Protect
|-damage|p2b: Shigaraki|0 fnt
|-unboost|p1b: Gholdengo|spa|1
|faint|p2b: Shigaraki
|
|-heal|p1a: Dondozo|43/100|[from] item: Leftovers
|-end|p2a: All for One|move: Yawn|[silent]
|-status|p2a: All for One|slp
|upkeep
|
|t:|1757770291
|switch|p2b: WrathofKhan|Kingambit, L50, F, shiny, tera:Dark|67/100
|turn|6
|
|t:|1757770312
|move|p2b: WrathofKhan|Sucker Punch|p1b: Gholdengo
|-supereffective|p1b: Gholdengo
|-damage|p1b: Gholdengo|0 fnt
|faint|p1b: Gholdengo
|cant|p2a: All for One|slp
|move|p1a: Dondozo|Fissure|p2b: WrathofKhan
|-damage|p2b: WrathofKhan|0 fnt
|faint|p2b: WrathofKhan
|-ohko
|
|-heal|p1a: Dondozo|49/100|[from] item: Leftovers
|upkeep
|turn|7
|
|t:|1757770319
|-curestatus|p2a: All for One|slp|[msg]
|move|p2a: All for One|Scale Shot|p1a: Dondozo
|-damage|p1a: Dondozo|41/100
|-damage|p1a: Dondozo|32/100
|-damage|p1a: Dondozo|23/100
|-damage|p1a: Dondozo|15/100
|-damage|p1a: Dondozo|6/100
|-hitcount|p1a: Dondozo|5
|-unboost|p2a: All for One|def|1
|-boost|p2a: All for One|spe|1
|move|p1a: Dondozo|Wave Crash|p2a: All for One
|-resisted|p2a: All for One
|-damage|p2a: All for One|88/100
|-damage|p1a: Dondozo|4/100|[from] Recoil
|
|-heal|p1a: Dondozo|10/100|[from] item: Leftovers
|upkeep
|turn|8
|
|t:|1757770323
|move|p1a: Dondozo|Protect|p1a: Dondozo
|-singleturn|p1a: Dondozo|Protect
|move|p2a: All for One|Scale Shot|p1a: Dondozo
|-activate|p1a: Dondozo|move: Protect
|
|-heal|p1a: Dondozo|16/100|[from] item: Leftovers
|upkeep
|turn|9
|
|t:|1757770328
|move|p2a: All for One|Extreme Speed|p1a: Dondozo
|-damage|p1a: Dondozo|0 fnt
|faint|p1a: Dondozo
|
|win|Yankiken
|c|☆gatoexplotando|gg
|c|☆Yankiken|gg
