|j|☆Yubay Chocolate
|j|☆glubglobs
|html|Yubay Chocolateglubglobs    
|uhtml|bestof|Game 3 of a best-of-3
|t:|1756386881
|gametype|doubles
|player|p1|Yubay Chocolate|kieran-champion|1109
|player|p2|glubglobs|cynthia|1172
|gen|9
|tier|[Gen 9] VGC 2025 Reg H (Bo3)
|rated|
|rule|Species Clause: Limit one of each Pokémon
|rule|Item Clause: Limit 1 of each item
|clearpoke
|poke|p1|Dragonite, L50, M|
|poke|p1|Volcarona, L50, F|
|poke|p1|Sneasler, L50, M|
|poke|p1|Rillaboom, L50, M|
|poke|p1|Electabuzz, L50, M|
|poke|p1|Kingambit, L50, M|
|poke|p2|Primarina, L50, F|
|poke|p2|Sneasler, L50, F|
|poke|p2|Electabuzz, L50, F|
|poke|p2|Kingambit, L50, M|
|poke|p2|Dragapult, L50, M|
|poke|p2|Rillaboom, L50, M|
|teampreview|4
|showteam|p1|Dragonite||LoadedDice|Multiscale|ScaleShot,ExtremeSpeed,Haze,Protect|||M|||50|,,,,,Fairy]Volcarona||CovertCloak|FlameBody|HeatWave,TeraBlast,QuiverDance,Protect|||F|||50|,,,,,Fairy]Sneasler||FocusSash|Unburden|CloseCombat,DireClaw,Coaching,Protect|||M|||50|,,,,,Stellar]Rillaboom||AssaultVest|GrassySurge|WoodHammer,GrassyGlide,HighHorsepower,FakeOut|||M|||50|,,,,,Water]Electabuzz||Eviolite|VitalSpirit|Electroweb,FollowMe,Taunt,Protect|||M|||50|,,,,,Ghost]Kingambit||BlackGlasses|Defiant|KowtowCleave,SuckerPunch,SwordsDance,Protect|||M|||50|,,,,,Water
|showteam|p2|Primarina||ThroatSpray|LiquidVoice|Protect,Haze,HyperVoice,Moonblast|||F|||50|,,,,,Poison]Sneasler||FocusSash|PoisonTouch|Protect,NightSlash,DireClaw,CloseCombat|||F|||50|,,,,,Stellar]Electabuzz||Eviolite|VitalSpirit|Protect,FollowMe,Taunt,Electroweb|||F|||50|,,,,,Fairy]Kingambit||BlackGlasses|Defiant|Protect,SwordsDance,SuckerPunch,KowtowCleave|||M|||50|,,,,,Dark]Dragapult||ChoiceBand|ClearBody|Uturn,DragonDarts,PhantomForce,Outrage|||M|||50|,,,,,Dragon]Rillaboom||AssaultVest|GrassySurge|FakeOut,Uturn,GrassyGlide,WoodHammer|||M|||50|,,,,,Fire
|inactive|Battle timer is ON: inactive players will automatically lose when time's up. (requested by glubglobs)
|
|t:|1756386900
|teamsize|p1|4
|teamsize|p2|4
|start
|switch|p1a: Sneasler|Sneasler, L50, M|100/100
|switch|p1b: Dragonite|Dragonite, L50, M|100/100
|switch|p2a: Dragapult|Dragapult, L50, M|100/100
|switch|p2b: Electabuzz|Electabuzz, L50, F|100/100
|turn|1
|
|t:|1756386924
|-terastallize|p1b: Dragonite|Fairy
|move|p2a: Dragapult|U-turn|p1b: Dragonite
|-resisted|p1b: Dragonite
|-damage|p1b: Dragonite|92/100
|
|t:|1756386929
|switch|p2a: Primarina|Primarina, L50, F|100/100|[from] U-turn
|move|p1a: Sneasler|Coaching|p1b: Dragonite
|-boost|p1b: Dragonite|atk|1
|-boost|p1b: Dragonite|def|1
|move|p1b: Dragonite|Scale Shot|p2b: Electabuzz
|-damage|p2b: Electabuzz|84/100
|-damage|p2b: Electabuzz|68/100
|-damage|p2b: Electabuzz|52/100
|-damage|p2b: Electabuzz|36/100
|-hitcount|p2b: Electabuzz|4
|-unboost|p1b: Dragonite|def|1
|-boost|p1b: Dragonite|spe|1
|move|p2b: Electabuzz|Electroweb|p1b: Dragonite|[spread] p1a,p1b
|-damage|p1a: Sneasler|81/100
|-damage|p1b: Dragonite|75/100
|-unboost|p1a: Sneasler|spe|1
|-unboost|p1b: Dragonite|spe|1
|
|upkeep
|turn|2
|inactive|glubglobs has 30 seconds left.
|
|t:|1756386956
|-terastallize|p2a: Primarina|Poison
|move|p1b: Dragonite|Extreme Speed|p2b: Electabuzz
|-damage|p2b: Electabuzz|2/100
|move|p2b: Electabuzz|Follow Me|p2b: Electabuzz
|-singleturn|p2b: Electabuzz|move: Follow Me
|move|p1a: Sneasler|Dire Claw|p2b: Electabuzz
|-damage|p2b: Electabuzz|0 fnt
|faint|p2b: Electabuzz
|move|p2a: Primarina|Hyper Voice|p1b: Dragonite|[spread] p1a,p1b
|-damage|p1a: Sneasler|33/100
|-damage|p1b: Dragonite|35/100
|-enditem|p2a: Primarina|Throat Spray
|-boost|p2a: Primarina|spa|1|[from] item: Throat Spray
|
|upkeep
|inactive|glubglobs has 30 seconds left.
|
|t:|1756386988
|switch|p2b: Dragapult|Dragapult, L50, M|100/100
|turn|3
|
|t:|1756387009
|move|p1b: Dragonite|Protect|p1b: Dragonite
|-singleturn|p1b: Dragonite|Protect
|move|p2b: Dragapult|U-turn|p1b: Dragonite
|-activate|p1b: Dragonite|move: Protect
|move|p1a: Sneasler|Dire Claw|p2b: Dragapult
|-resisted|p2b: Dragapult
|-damage|p2b: Dragapult|74/100
|-status|p2b: Dragapult|par
|move|p2a: Primarina|Hyper Voice|p1a: Sneasler|[spread] p1a
|-activate|p1b: Dragonite|move: Protect
|-damage|p1a: Sneasler|0 fnt
|faint|p1a: Sneasler
|
|upkeep
|
|t:|1756387022
|switch|p1a: Kingambit|Kingambit, L50, M|100/100
|turn|4
|
|t:|1756387030
|move|p1b: Dragonite|Scale Shot|p2a: Primarina
|-damage|p2a: Primarina|74/100
|-damage|p2a: Primarina|47/100
|-damage|p2a: Primarina|20/100
|-damage|p2a: Primarina|0 fnt
|faint|p2a: Primarina
|-hitcount|p2: Primarina|4
|-unboost|p1b: Dragonite|def|1
|-boost|p1b: Dragonite|spe|1
|move|p2b: Dragapult|U-turn|p1a: Kingambit
|-damage|p1a: Kingambit|74/100
|
|t:|1756387043
|switch|p2b: Sneasler|Sneasler, L50, F|100/100|[from] U-turn
|move|p1a: Kingambit|Kowtow Cleave|p2b: Sneasler
|-resisted|p2b: Sneasler
|-damage|p2b: Sneasler|50/100
|
|upkeep
|
|t:|1756387049
|switch|p2a: Dragapult|Dragapult, L50, M|74/100 par
|turn|5
|
|t:|1756387059
|move|p1a: Kingambit|Sucker Punch|p2a: Dragapult
|-supereffective|p2a: Dragapult
|-damage|p2a: Dragapult|0 fnt
|faint|p2a: Dragapult
|move|p1b: Dragonite|Scale Shot|p2b: Sneasler|[miss]
|-miss|p1b: Dragonite|p2b: Sneasler
|move|p2b: Sneasler|Close Combat|p1a: Kingambit
|-supereffective|p1a: Kingambit
|-damage|p1a: Kingambit|0 fnt
|-unboost|p2b: Sneasler|def|1
|-unboost|p2b: Sneasler|spd|1
|faint|p1a: Kingambit
|
|upkeep
|
|t:|1756387063
|switch|p1a: Electabuzz|Electabuzz, L50, M|100/100
|turn|6
|
|t:|1756387073
|move|p1b: Dragonite|Extreme Speed|p2b: Sneasler
|-damage|p2b: Sneasler|0 fnt
|faint|p2b: Sneasler
|
|win|Yubay Chocolate
|raw|Yubay Chocolate's rating: 1109 → 1138(+29 for winning)
|raw|glubglobs's rating: 1172 → 1143(-29 for losing)
|l|☆Yubay Chocolate
|player|p1|
