|j|☆STL Donductor
|j|☆king wowowood
|html|STL Donductorking wowowood    
|uhtml|bestof|Game 2 of a best-of-3
|t:|1756436405
|gametype|doubles
|player|p1|STL Donductor|hilbert|1240
|player|p2|king wowowood|170|1197
|gen|9
|tier|[Gen 9] VGC 2025 Reg H (Bo3)
|rated|
|rule|Species Clause: Limit one of each Pokémon
|rule|Item Clause: Limit 1 of each item
|clearpoke
|poke|p1|Weezing-Galar, L50, M|
|poke|p1|Toedscruel, L50, F|
|poke|p1|Kilowattrel, L50, M|
|poke|p1|Garchomp, L50, F|
|poke|p1|Corviknight, L50, F|
|poke|p1|Typhlosion-Hisui, L50, M|
|poke|p2|Tyranitar, L50, M|
|poke|p2|Gholdengo, L50|
|poke|p2|Kommo-o, L50, F|
|poke|p2|Gyarados, L50, F|
|poke|p2|Rillaboom, L50, M|
|poke|p2|Talonflame, L50, F|
|teampreview|4
|showteam|p1|Weezing-Galar||ChoiceSpecs|NeutralizingGas|StrangeSteam,SludgeBomb,DazzlingGleam,Flamethrower|||M|||50|,,,,,Water]Toedscruel||CovertCloak|MyceliumMight|Spore,RagePowder,AcidSpray,EarthPower|||F|||50|,,,,,Water]Kilowattrel||FocusSash|Competitive|Discharge,AirSlash,Tailwind,Protect|||M|||50|,,,,,Ghost]Garchomp||LifeOrb|RoughSkin|Earthquake,DragonClaw,StompingTantrum,Protect|||F|||50|,,,,,Ground]Corviknight||SitrusBerry|MirrorArmor|BraveBird,Roost,Taunt,Protect|||F|||50|,,,,,Dragon]Typhlosion-Hisui||ChoiceScarf|Blaze|Eruption,HeatWave,ShadowBall,WillOWisp|||M|||50|,,,,,Fire
|showteam|p2|Tyranitar||ClearAmulet|SandStream|RockSlide,KnockOff,TeraBlast,Protect|||M|||50|,,,,,Flying]Gholdengo||ChoiceSpecs|GoodasGold|MakeItRain,ShadowBall,PowerGem,Trick||||||50|,,,,,Steel]Kommo-o||Leftovers|Overcoat|IronDefense,BodyPress,Flamethrower,Protect|||F|||50|,,,,,Fire]Gyarados||SitrusBerry|Intimidate|Waterfall,ThunderWave,Taunt,Protect|||F|||50|,,,,,Fairy]Rillaboom||AssaultVest|GrassySurge|FakeOut,WoodHammer,GrassyGlide,HighHorsepower|||M|||50|,,,,,Fire]Talonflame||CovertCloak|GaleWings|BraveBird,Tailwind,WillOWisp,FlareBlitz|||F|||50|,,,,,Ghost
|inactive|Battle timer is ON: inactive players will automatically lose when time's up. (requested by STL Donductor)
|inactive|STL Donductor has 60 seconds left.
|inactive|STL Donductor has 30 seconds left.
|
|t:|1756436466
|teamsize|p1|4
|teamsize|p2|4
|start
|switch|p1a: Oleander|Weezing-Galar, L50, M, shiny|100/100
|switch|p1b: Triboulet|Typhlosion-Hisui, L50, M|100/100
|switch|p2a: Talonflame|Talonflame, L50, F|100/100
|switch|p2b: Gholdengo|Gholdengo, L50|100/100
|-ability|p1a: Oleander|Neutralizing Gas
|turn|1
|inactive|STL Donductor has 30 seconds left.
|
|t:|1756436491
|switch|p2b: Gyarados|Gyarados, L50, F|100/100
|-terastallize|p1a: Oleander|Water
|move|p1b: Triboulet|Eruption|p2a: Talonflame|[spread] p2a,p2b
|-resisted|p2a: Talonflame
|-resisted|p2b: Gyarados
|-damage|p2a: Talonflame|52/100
|-damage|p2b: Gyarados|75/100
|move|p2a: Talonflame|Tailwind|p2a: Talonflame
|-sidestart|p2: king wowowood|move: Tailwind
|move|p1a: Oleander|Sludge Bomb|p2a: Talonflame
|-damage|p2a: Talonflame|0 fnt
|faint|p2a: Talonflame
|
|upkeep
|
|t:|1756436498
|switch|p2a: Gholdengo|Gholdengo, L50|100/100
|turn|2
|inactive|STL Donductor has 30 seconds left.
|
|t:|1756436529
|switch|p1b: Voltaire|Kilowattrel, L50, M|100/100
|move|p2a: Gholdengo|Shadow Ball|p1b: Voltaire
|-enditem|p1b: Voltaire|Focus Sash
|-damage|p1b: Voltaire|1/100
|-unboost|p1b: Voltaire|spd|1
|move|p2b: Gyarados|Thunder Wave|p1a: Oleander
|-status|p1a: Oleander|par
|cant|p1a: Oleander|par
|
|upkeep
|turn|3
|inactive|king wowowood has 30 seconds left.
|
|t:|1756436561
|move|p1b: Voltaire|Protect|p1b: Voltaire
|-singleturn|p1b: Voltaire|Protect
|move|p2a: Gholdengo|Shadow Ball|p1a: Oleander
|-damage|p1a: Oleander|13/100 par
|move|p2b: Gyarados|Waterfall|p1b: Voltaire
|-activate|p1b: Voltaire|move: Protect
|move|p1a: Oleander|Sludge Bomb|p2b: Gyarados
|-damage|p2b: Gyarados|29/100
|-enditem|p2b: Gyarados|Sitrus Berry|[eat]
|-heal|p2b: Gyarados|54/100|[from] item: Sitrus Berry
|
|upkeep
|turn|4
|inactive|STL Donductor has 30 seconds left.
|inactive|STL Donductor has 20 seconds left.
|
|t:|1756436597
|switch|p1b: Greyscale|Garchomp, L50, F|100/100
|move|p2a: Gholdengo|Shadow Ball|p1b: Greyscale
|-damage|p1b: Greyscale|27/100
|move|p2b: Gyarados|Waterfall|p1a: Oleander
|-resisted|p1a: Oleander
|-damage|p1a: Oleander|0 fnt
|faint|p1a: Oleander
|-end|p1a: Oleander|ability: Neutralizing Gas
|-ability|p2b: Gyarados|Intimidate|boost
|-unboost|p1b: Greyscale|atk|1
|
|-sideend|p2: king wowowood|move: Tailwind
|upkeep
|
|t:|1756436609
|switch|p1a: Voltaire|Kilowattrel, L50, M|1/100
|turn|5
|
|t:|1756436643
|switch|p2a: Kommo-o|Kommo-o, L50, F|100/100
|-terastallize|p2b: Gyarados|Fairy
|move|p1a: Voltaire|Discharge|p2a: Kommo-o|[spread] p2a,p2b
|-immune|p1b: Greyscale
|-resisted|p2a: Kommo-o
|-damage|p2a: Kommo-o|90/100
|-damage|p2b: Gyarados|33/100
|-status|p2a: Kommo-o|par
|-status|p2b: Gyarados|par
|move|p1b: Greyscale|Earthquake|p2a: Kommo-o|[spread] p2a,p2b
|-immune|p1a: Voltaire
|-damage|p2a: Kommo-o|66/100 par
|-damage|p2b: Gyarados|5/100 par
|-damage|p1b: Greyscale|17/100|[from] item: Life Orb
|move|p2b: Gyarados|Waterfall|p1a: Voltaire
|-damage|p1a: Voltaire|0 fnt
|faint|p1a: Voltaire
|
|-heal|p2a: Kommo-o|72/100 par|[from] item: Leftovers
|upkeep
|
|t:|1756436662
|switch|p1a: Triboulet|Typhlosion-Hisui, L50, M|100/100
|turn|6
|inactive|king wowowood has 30 seconds left.
|inactive|king wowowood has 20 seconds left.
|c|☆king wowowood|I need to study your Killowattrel's para haxing
|inactive|king wowowood has 15 seconds left.
|
|t:|1756436706
|move|p1a: Triboulet|Eruption|p2a: Kommo-o|[spread] p2a,p2b
|-resisted|p2a: Kommo-o
|-damage|p2a: Kommo-o|48/100 par
|-damage|p2b: Gyarados|0 fnt
|faint|p2b: Gyarados
|move|p1b: Greyscale|Dragon Claw|p2a: Kommo-o
|-supereffective|p2a: Kommo-o
|-damage|p2a: Kommo-o|0 fnt
|faint|p2a: Kommo-o
|-damage|p1b: Greyscale|8/100|[from] item: Life Orb
|
|upkeep
|
|t:|1756436709
|switch|p2b: Gholdengo|Gholdengo, L50|100/100
|turn|7
|
|t:|1756436719
|move|p1a: Triboulet|Eruption|p2b: Gholdengo
|-supereffective|p2b: Gholdengo
|-damage|p2b: Gholdengo|0 fnt
|faint|p2b: Gholdengo
|
|win|STL Donductor
|raw|STL Donductor's rating: 1240 → 1262(+22 for winning)
|raw|king wowowood's rating: 1197 → 1175(-22 for losing)
|l|☆king wowowood
|player|p2|
