|j|☆xDeacon
|j|☆bmsomega
|html|xDeaconbmsomega    
|uhtml|bestof|Game 1 of a best-of-3
|t:|1783968645
|gametype|doubles
|player|p1|xDeacon|1|1119
|player|p2|bmsomega|pokemaniac|1052
|gen|9
|tier|[Gen 9 Champions] VGC 2026 Reg M-B (Bo3)
|rated|
|rule|Species Clause: Limit one of each Pokémon
|rule|Item Clause: Limit 1 of each item
|clearpoke
|poke|p1|Gengar, L50, F|
|poke|p1|Sneasler, L50, F|
|poke|p1|Incineroar, L50, F|
|poke|p1|Samurott-Hisui, L50, F|
|poke|p1|Ninetales-Alola, L50, M|
|poke|p1|Altaria, L50, F|
|poke|p2|Swampert, L50, M|
|poke|p2|Pelipper, L50, F|
|poke|p2|Archaludon, L50, F|
|poke|p2|Sinistcha, L50|
|poke|p2|Kingambit, L50, M|
|poke|p2|Grimmsnarl, L50, M|
|teampreview|4
|showteam|p1|Gengar||Gengarite|CursedBody|Protect,ShadowBall,PerishSong,Disable|Timid||F|||50|]Sneasler||WhiteHerb|Unburden|Protect,FakeOut,DireClaw,CloseCombat|Adamant||F|||50|]Incineroar||ShucaBerry|Intimidate|Protect,FakeOut,ThroatChop,PartingShot|Relaxed||F|||50|]Samurott-Hisui||FocusSash|Sharpness|Protect,NightSlash,AquaCutter,SacredSword|Adamant||F|||50|]Ninetales-Alola||NeverMeltIce|SnowWarning|Protect,Encore,FreezeDry,Blizzard|Timid||M|||50|]Altaria||RoseliBerry|CloudNine|Protect,PerishSong,WillOWisp,BraveBird|Careful||F|||50|
|showteam|p2|Swampert||Swampertite|Torrent|WaveCrash,Earthquake,RockSlide,Protect|Adamant||M|||50|]Pelipper||SitrusBerry|Drizzle|WeatherBall,Hurricane,WideGuard,Tailwind|Modest||F|||50|]Archaludon||Leftovers|Stamina|ElectroShot,DragonPulse,FlashCannon,Protect|Modest||F|||50|]Sinistcha||KasibBerry|Hospitality|MatchaGotcha,RagePowder,TrickRoom,Protect|Bold|||||50|]Kingambit||ChopleBerry|Defiant|KowtowCleave,SuckerPunch,IronHead,Protect|Adamant||M|||50|]Grimmsnarl||LightClay|Prankster|SpiritBreak,Reflect,LightScreen,PartingShot|Careful||M|||50|
|inactive|Battle timer is ON: inactive players will automatically lose when time's up. (requested by xDeacon)
|inactive|bmsomega has 60 seconds left.
|inactive|bmsomega has 30 seconds left.
|inactive|bmsomega has 20 seconds left.
|inactive|bmsomega has 15 seconds left.
|
|t:|1783968766
|teamsize|p1|4
|teamsize|p2|4
|start
|switch|p1a: Gengar|Gengar, L50, F|100/100
|switch|p1b: Ninetales|Ninetales-Alola, L50, M|100/100
|switch|p2a: Grimmsnarl|Grimmsnarl, L50, M|100/100
|switch|p2b: Swampert|Swampert, L50, M|100/100
|-weather|Snowscape|[from] ability: Snow Warning|[of] p1b: Ninetales
|turn|1
|inactive|xDeacon has 30 seconds left.
|inactive|bmsomega has 30 seconds left.
|inactive|bmsomega has 20 seconds left.
|inactive|bmsomega has 15 seconds left.
|inactive|bmsomega has 10 seconds left.
|
|t:|1783968815
|switch|p2a: Pelipper|Pelipper, L50, F|100/100
|-weather|RainDance|[from] ability: Drizzle|[of] p2a: Pelipper
|detailschange|p1a: Gengar|Gengar-Mega, L50, F
|-mega|p1a: Gengar|Gengar|Gengarite
|detailschange|p2b: Swampert|Swampert-Mega, L50, M
|-mega|p2b: Swampert|Swampert|Swampertite
|move|p1b: Ninetales|Protect|p1b: Ninetales
|-singleturn|p1b: Ninetales|Protect
|move|p1a: Gengar|Protect|p1a: Gengar
|-singleturn|p1a: Gengar|Protect
|move|p2b: Swampert|Earthquake|p1b: Ninetales|[spread] 
|-activate|p1a: Gengar|move: Protect
|-activate|p1b: Ninetales|move: Protect
|-immune|p2a: Pelipper
|
|-weather|RainDance|[upkeep]
|upkeep
|turn|2
|inactive|xDeacon has 30 seconds left.
|inactive|bmsomega has 30 seconds left.
|inactive|xDeacon has 20 seconds left.
|inactive|bmsomega has 20 seconds left.
|inactive|xDeacon has 15 seconds left.
|inactive|bmsomega has 15 seconds left.
|inactive|bmsomega has 10 seconds left.
|inactive|bmsomega has 5 seconds left.
|
|t:|1783968866
|switch|p1a: Altaria|Altaria, L50, F|100/100
|-ability|p1a: Altaria|Cloud Nine
|move|p1b: Ninetales|Freeze-Dry|p2b: Swampert
|-supereffective|p2b: Swampert|2
|-damage|p2b: Swampert|3/100
|move|p2b: Swampert|Rock Slide|p1a: Altaria|[spread] p1a,p1b
|-supereffective|p1a: Altaria|1
|-supereffective|p1b: Ninetales|1
|-damage|p1a: Altaria|57/100
|-damage|p1b: Ninetales|37/100
|move|p2a: Pelipper|Tailwind|p2a: Pelipper
|-sidestart|p2: bmsomega|move: Tailwind
|
|-weather|RainDance|[upkeep]
|upkeep
|turn|3
|inactive|xDeacon has 30 seconds left.
|inactive|bmsomega has 30 seconds left.
|inactive|bmsomega has 20 seconds left.
|inactive|bmsomega has 15 seconds left.
|inactive|bmsomega has 10 seconds left.
|inactive|bmsomega has 5 seconds left.
|
|t:|1783968917
|switch|p2b: Kingambit|Kingambit, L50, M|100/100
|move|p1b: Ninetales|Protect|p1b: Ninetales
|-singleturn|p1b: Ninetales|Protect
|move|p2a: Pelipper|Hurricane|p1a: Altaria
|-damage|p1a: Altaria|22/100
|move|p1a: Altaria|Brave Bird|p2b: Kingambit
|-resisted|p2b: Kingambit|1
|-damage|p2b: Kingambit|89/100
|-damage|p1a: Altaria|18/100|[from] Recoil
|
|-weather|RainDance|[upkeep]
|upkeep
|turn|4
|inactive|bmsomega has 30 seconds left.
|inactive|bmsomega has 20 seconds left.
|
|t:|1783968953
|switch|p2a: Grimmsnarl|Grimmsnarl, L50, M|100/100
|switch|p1b: Samurott|Samurott-Hisui, L50, F|100/100
|move|p1a: Altaria|Protect|p1a: Altaria
|-singleturn|p1a: Altaria|Protect
|move|p2b: Kingambit|Kowtow Cleave|p1a: Altaria
|-activate|p1a: Altaria|move: Protect
|
|-weather|RainDance|[upkeep]
|upkeep
|turn|5
|inactive|xDeacon has 30 seconds left.
|
|t:|1783968984
|switch|p1a: Ninetales|Ninetales-Alola, L50, M|37/100
|-weather|Snowscape|[from] ability: Snow Warning|[of] p1a: Ninetales
|move|p2a: Grimmsnarl|Reflect|p2a: Grimmsnarl
|-sidestart|p2: bmsomega|Reflect
|move|p2b: Kingambit|Kowtow Cleave|p1a: Ninetales
|-resisted|p1a: Ninetales|1
|-damage|p1a: Ninetales|13/100
|move|p1b: Samurott|Sacred Sword|p2b: Kingambit
|-supereffective|p2b: Kingambit|2
|-enditem|p2b: Kingambit|Chople Berry|[eat]
|-enditem|p2b: Kingambit|Chople Berry|[weaken]
|-damage|p2b: Kingambit|45/100
|
|-weather|Snowscape|[upkeep]
|-sideend|p2: bmsomega|move: Tailwind
|upkeep
|turn|6
|inactive|xDeacon has 30 seconds left.
|inactive|bmsomega has 30 seconds left.
|inactive|xDeacon has 20 seconds left.
|inactive|bmsomega has 20 seconds left.
|inactive|xDeacon has 15 seconds left.
|inactive|bmsomega has 15 seconds left.
|inactive|xDeacon has 10 seconds left.
|inactive|bmsomega has 10 seconds left.
|inactive|bmsomega has 5 seconds left.
|
|t:|1783969036
|move|p1a: Ninetales|Protect|p1a: Ninetales
|-singleturn|p1a: Ninetales|Protect
|move|p1b: Samurott|Protect|p1b: Samurott
|-singleturn|p1b: Samurott|Protect
|move|p2b: Kingambit|Protect|p2b: Kingambit
|-singleturn|p2b: Kingambit|Protect
|move|p2a: Grimmsnarl|Spirit Break|p1b: Samurott
|-activate|p1b: Samurott|move: Protect
|
|-weather|Snowscape|[upkeep]
|upkeep
|turn|7
|
|t:|1783969056
|switch|p1a: Gengar|Gengar-Mega, L50, F|100/100
|switch|p2b: Pelipper|Pelipper, L50, F|100/100
|-weather|RainDance|[from] ability: Drizzle|[of] p2b: Pelipper
|move|p1b: Samurott|Sacred Sword|p2b: Pelipper
|-resisted|p2b: Pelipper|1
|-damage|p2b: Pelipper|85/100
|move|p2a: Grimmsnarl|Spirit Break|p1b: Samurott
|-supereffective|p1b: Samurott|1
|-damage|p1b: Samurott|16/100
|-unboost|p1b: Samurott|spa|1
|
|-weather|RainDance|[upkeep]
|upkeep
|turn|8
|inactive|xDeacon has 30 seconds left.
|inactive|bmsomega has 30 seconds left.
|inactive|xDeacon has 20 seconds left.
|inactive|bmsomega has 20 seconds left.
|inactive|xDeacon has 15 seconds left.
|inactive|bmsomega has 15 seconds left.
|inactive|xDeacon has 10 seconds left.
|inactive|bmsomega has 10 seconds left.
|inactive|bmsomega has 5 seconds left.
|
|t:|1783969109
|move|p1a: Gengar|Shadow Ball|p2b: Pelipper
|-damage|p2b: Pelipper|28/100
|-unboost|p2b: Pelipper|spd|1
|-enditem|p2b: Pelipper|Sitrus Berry|[eat]
|-heal|p2b: Pelipper|52/100|[from] item: Sitrus Berry
|move|p1b: Samurott|Aqua Cutter|p2b: Pelipper
|-resisted|p2b: Pelipper|1
|-damage|p2b: Pelipper|24/100
|move|p2b: Pelipper|Hurricane|p1a: Gengar
|-damage|p1a: Gengar|59/100
|-start|p1a: Gengar|confusion
|move|p2a: Grimmsnarl|Spirit Break|p1b: Samurott
|-supereffective|p1b: Samurott|1
|-damage|p1b: Samurott|0 fnt
|faint|p1b: Samurott
|
|-weather|RainDance|[upkeep]
|upkeep
|
|t:|1783969123
|switch|p1b: Ninetales|Ninetales-Alola, L50, M|13/100
|-weather|Snowscape|[from] ability: Snow Warning|[of] p1b: Ninetales
|turn|9
|inactive|bmsomega has 30 seconds left.
|
|t:|1783969152
|move|p1b: Ninetales|Blizzard|p2b: Pelipper|[spread] p2a,p2b
|-damage|p2a: Grimmsnarl|73/100
|-damage|p2b: Pelipper|0 fnt
|faint|p2b: Pelipper
|-activate|p1a: Gengar|confusion
|move|p1a: Gengar|Disable|p2a: Grimmsnarl
|-start|p2a: Grimmsnarl|Disable|Spirit Break
|cant|p2a: Grimmsnarl|Disable|Spirit Break
|
|-weather|Snowscape|[upkeep]
|upkeep
|
|t:|1783969164
|switch|p2b: Kingambit|Kingambit, L50, M|45/100
|turn|10
|inactive|bmsomega has 30 seconds left.
|
|t:|1783969194
|move|p1b: Ninetales|Protect|p1b: Ninetales
|-singleturn|p1b: Ninetales|Protect
|-activate|p1a: Gengar|confusion
|move|p1a: Gengar|Protect|p1a: Gengar
|-singleturn|p1a: Gengar|Protect
|move|p2a: Grimmsnarl|Light Screen|p2a: Grimmsnarl
|-sidestart|p2: bmsomega|move: Light Screen
|move|p2b: Kingambit|Kowtow Cleave|p1a: Gengar
|-activate|p1a: Gengar|move: Protect
|
|-weather|Snowscape|[upkeep]
|upkeep
|turn|11
|inactive|bmsomega has 30 seconds left.
|
|t:|1783969219
|move|p2a: Grimmsnarl|Parting Shot|p1b: Ninetales
|-unboost|p1b: Ninetales|atk|1
|-unboost|p1b: Ninetales|spa|1
|inactive|bmsomega has 25 seconds left this turn.
|
|t:|1783969222
|switch|p2a: Swampert|Swampert-Mega, L50, M|3/100|[from] Parting Shot
|move|p1b: Ninetales|Encore|p2b: Kingambit
|-start|p2b: Kingambit|Encore
|-activate|p1a: Gengar|confusion
|move|p1a: Gengar|Disable|p2b: Kingambit
|-start|p2b: Kingambit|Disable|Kowtow Cleave
|cant|p2b: Kingambit|Disable|Kowtow Cleave
|
|-weather|Snowscape|[upkeep]
|upkeep
|turn|12
|inactive|bmsomega has 25 seconds left this turn.
|inactive|bmsomega has 20 seconds left.
|inactive|bmsomega has 15 seconds left.
|inactive|bmsomega has 10 seconds left.
|inactive|bmsomega has 5 seconds left.
|
|t:|1783969244
|move|p1b: Ninetales|Blizzard|p2a: Swampert|[spread] p2a,p2b
|-resisted|p2b: Kingambit|1
|-damage|p2a: Swampert|0 fnt
|-damage|p2b: Kingambit|37/100
|faint|p2a: Swampert
|-end|p1a: Gengar|confusion
|move|p1a: Gengar|Shadow Ball|p2b: Kingambit
|-resisted|p2b: Kingambit|1
|-damage|p2b: Kingambit|24/100
|-activate|p2b: Kingambit|move: Struggle
|move|p2b: Kingambit|Struggle|p1b: Ninetales
|-damage|p1b: Ninetales|0 fnt
|faint|p1b: Ninetales
|-damage|p2b: Kingambit|0 fnt|[from] recoil
|faint|p2b: Kingambit
|
|-weather|Snowscape|[upkeep]
|-sideend|p2: bmsomega|Reflect
|upkeep
|inactive|bmsomega has 5 seconds left this turn.
|-message|bmsomega lost due to inactivity.
|
|win|xDeacon
||bmsomega is ready for game 2.
||xDeacon is ready for game 2.
|uhtml|next|Next: Game 2 of 3
