|j|☆Pakaan64
|j|☆Ja-Orange
|html|Pakaan64Ja-Orange    
|uhtml|bestof|Game 3 of a best-of-3
|t:|1783278935
|gametype|doubles
|player|p1|Pakaan64|170|1183
|player|p2|Ja-Orange|guzma|1080
|gen|9
|tier|[Gen 9 Champions] VGC 2026 Reg M-B (Bo3)
|rated|
|rule|Species Clause: Limit one of each Pokémon
|rule|Item Clause: Limit 1 of each item
|clearpoke
|poke|p1|Charizard, L50, M|
|poke|p1|Armarouge, L50, M|
|poke|p1|Garchomp, L50, M|
|poke|p1|Aerodactyl, L50, F|
|poke|p1|Kingambit, L50, F, shiny|
|poke|p1|Sylveon, L50, M|
|poke|p2|Gengar, L50, M, shiny|
|poke|p2|Maushold-Four, L50|
|poke|p2|Annihilape, L50, F, shiny|
|poke|p2|Incineroar, L50, M, shiny|
|poke|p2|Hydreigon, L50, F|
|poke|p2|Ninetales-Alola, L50, F|
|teampreview|4
|showteam|p1|Charizard||CharizarditeY|Blaze|HeatWave,WeatherBall,Protect,SolarBeam|Modest||M|||50|]Armarouge||LifeOrb|FlashFire|HeatWave,WideGuard,TrickRoom,Protect|Relaxed||M|||50|]Garchomp||SitrusBerry|RoughSkin|Earthquake,Protect,DragonClaw,StompingTantrum|Adamant||M|||50|]Aerodactyl||Aerodactylite|Unnerve|Protect,Tailwind,RockSlide,DualWingbeat|Jolly||F|||50|]Kingambit||FocusSash|Defiant|SuckerPunch,KowtowCleave,LowKick,IronHead|Adamant||F|||50|]Sylveon||FairyFeather|Pixilate|HyperBeam,HyperVoice,Protect,Moonblast|Modest||M|||50|
|showteam|p2|Gengar||Gengarite|CursedBody|Protect,ShadowBall,PerishSong,Disable|Modest||M|||50|]Maushold-Four||FocusSash|FriendGuard|Protect,FollowMe,BeatUp,Encore|Jolly|||||50|]Annihilape||Leftovers|Defiant|Protect,BulkUp,DrainPunch,RageFist|Jolly||F|||50|]Incineroar||SitrusBerry|Intimidate|FakeOut,FlareBlitz,PartingShot,Protect|Careful||M|||50|]Hydreigon||ChoiceScarf|Levitate|DracoMeteor,DarkPulse,EarthPower,Snarl|Modest||F|||50|]Ninetales-Alola||NeverMeltIce|SnowWarning|Protect,Encore,Blizzard,FreezeDry|Timid||F|||50|
|inactive|Battle timer is ON: inactive players will automatically lose when time's up. (requested by Ja-Orange)
|inactive|Pakaan64 also wants the timer to be on.
|inactive|Pakaan64 has 60 seconds left.
|inactive|Ja-Orange has 60 seconds left.
|
|t:|1783278972
|teamsize|p1|4
|teamsize|p2|4
|start
|switch|p1a: Aerodactyl|Aerodactyl, L50, F|100/100
|switch|p1b: Garchomp|Garchomp, L50, M|100/100
|switch|p2a: Maushold|Maushold-Four, L50|100/100
|switch|p2b: Gengar|Gengar, L50, M, shiny|100/100
|-ability|p1a: Aerodactyl|Unnerve
|turn|1
|inactive|Ja-Orange has 30 seconds left.
|inactive|Ja-Orange has 20 seconds left.
|
|t:|1783279008
|switch|p2a: Hydreigon|Hydreigon, L50, F|100/100
|detailschange|p1a: Aerodactyl|Aerodactyl-Mega, L50, F
|-mega|p1a: Aerodactyl|Aerodactyl|Aerodactylite
|detailschange|p2b: Gengar|Gengar-Mega, L50, M, shiny
|-mega|p2b: Gengar|Gengar|Gengarite
|move|p2b: Gengar|Protect|p2b: Gengar
|-singleturn|p2b: Gengar|Protect
|move|p1a: Aerodactyl|Rock Slide|p2b: Gengar|[spread] p2a
|-activate|p2b: Gengar|move: Protect
|-damage|p2a: Hydreigon|67/100
|move|p1b: Garchomp|Earthquake|p2a: Hydreigon|[spread] 
|-activate|p2b: Gengar|move: Protect
|-immune|p1a: Aerodactyl
|-immune|p2a: Hydreigon|[from] ability: Levitate
|
|upkeep
|turn|2
|inactive|Pakaan64 has 30 seconds left.
|
|t:|1783279034
|move|p2a: Hydreigon|Draco Meteor|p1b: Garchomp
|-supereffective|p1b: Garchomp|1
|-damage|p1b: Garchomp|0 fnt
|-unboost|p2a: Hydreigon|spa|2
|faint|p1b: Garchomp
|move|p1a: Aerodactyl|Tailwind|p1a: Aerodactyl
|-sidestart|p1: Pakaan64|move: Tailwind
|move|p2b: Gengar|Perish Song|p2b: Gengar
|-start|p1a: Aerodactyl|perish3|[silent]
|-start|p2a: Hydreigon|perish3|[silent]
|-start|p2b: Gengar|perish3|[silent]
|-fieldactivate|move: Perish Song
|
|-start|p1a: Aerodactyl|perish3
|-start|p2a: Hydreigon|perish3
|-start|p2b: Gengar|perish3
|upkeep
|
|t:|1783279045
|switch|p1b: Kingambit|Kingambit, L50, F, shiny|100/100
|turn|3
|inactive|Ja-Orange has 30 seconds left.
|
|t:|1783279071
|switch|p2b: Incineroar|Incineroar, L50, M, shiny|100/100
|-ability|p2b: Incineroar|Intimidate|boost
|-unboost|p1a: Aerodactyl|atk|1
|-unboost|p1b: Kingambit|atk|1
|-ability|p1b: Kingambit|Defiant|boost
|-boost|p1b: Kingambit|atk|2
|move|p1a: Aerodactyl|Rock Slide|p2a: Hydreigon|[spread] p2b
|-miss|p1a: Aerodactyl|p2a: Hydreigon
|-supereffective|p2b: Incineroar|1
|-damage|p2b: Incineroar|67/100
|move|p2a: Hydreigon|Draco Meteor|p1a: Aerodactyl
|-damage|p1a: Aerodactyl|61/100
|-unboost|p2a: Hydreigon|spa|2
|move|p1b: Kingambit|Low Kick|p2a: Hydreigon
|-supereffective|p2a: Hydreigon|1
|-damage|p2a: Hydreigon|0 fnt
|faint|p2a: Hydreigon
|
|-start|p1a: Aerodactyl|perish2
|upkeep
|
|t:|1783279086
|switch|p2a: Gengar|Gengar-Mega, L50, M, shiny|100/100
|turn|4
|inactive|Pakaan64 has 30 seconds left.
|
|t:|1783279118
|move|p2b: Incineroar|Fake Out|p1b: Kingambit
|-resisted|p1b: Kingambit|1
|-damage|p1b: Kingambit|96/100
|move|p1a: Aerodactyl|Dual Wingbeat|p2a: Gengar
|-damage|p2a: Gengar|77/100
|-damage|p2a: Gengar|58/100
|-hitcount|p2a: Gengar|2
|cant|p1b: Kingambit|flinch
|move|p2a: Gengar|Disable|p1b: Kingambit
|-start|p1b: Kingambit|Disable|Low Kick
|
|-start|p1a: Aerodactyl|perish1
|upkeep
|turn|5
|inactive|Pakaan64 has 30 seconds left.
|
|t:|1783279146
|move|p2a: Gengar|Protect|p2a: Gengar
|-singleturn|p2a: Gengar|Protect
|move|p1a: Aerodactyl|Rock Slide|p2a: Gengar|[spread] p2b
|-activate|p2a: Gengar|move: Protect
|-supereffective|p2b: Incineroar|1
|-damage|p2b: Incineroar|31/100
|-enditem|p2b: Incineroar|Sitrus Berry|[eat]
|-heal|p2b: Incineroar|56/100|[from] item: Sitrus Berry
|move|p1b: Kingambit|Kowtow Cleave|p2a: Gengar
|-activate|p2a: Gengar|move: Protect
|move|p2b: Incineroar|Parting Shot|p1a: Aerodactyl
|-unboost|p1a: Aerodactyl|atk|1
|-unboost|p1a: Aerodactyl|spa|1
|
|t:|1783279158
|switch|p2b: Maushold|Maushold-Four, L50|100/100|[from] Parting Shot
|
|-start|p1a: Aerodactyl|perish0
|-sideend|p1: Pakaan64|move: Tailwind
|faint|p1a: Aerodactyl
|upkeep
|
|t:|1783279161
|switch|p1a: Sylveon|Sylveon, L50, M|100/100
|turn|6
|inactive|Ja-Orange has 30 seconds left.
|inactive|Ja-Orange has 20 seconds left.
|
|t:|1783279200
|move|p2b: Maushold|Follow Me|p2b: Maushold
|-singleturn|p2b: Maushold|move: Follow Me
|move|p2a: Gengar|Perish Song|p2a: Gengar
|-start|p1a: Sylveon|perish3|[silent]
|-start|p1b: Kingambit|perish3|[silent]
|-start|p2a: Gengar|perish3|[silent]
|-start|p2b: Maushold|perish3|[silent]
|-fieldactivate|move: Perish Song
|move|p1a: Sylveon|Hyper Voice|p2a: Gengar|[spread] p2a,p2b
|-resisted|p2a: Gengar|1
|-damage|p2a: Gengar|37/100
|-damage|p2b: Maushold|38/100
|move|p1b: Kingambit|Kowtow Cleave|p2b: Maushold
|-damage|p2b: Maushold|0 fnt
|faint|p2b: Maushold
|
|-start|p2a: Gengar|perish3
|-start|p1a: Sylveon|perish3
|-start|p1b: Kingambit|perish3
|upkeep
|
|t:|1783279208
|switch|p2b: Incineroar|Incineroar, L50, M, shiny|56/100
|-ability|p2b: Incineroar|Intimidate|boost
|-unboost|p1a: Sylveon|atk|1
|-unboost|p1b: Kingambit|atk|1
|-ability|p1b: Kingambit|Defiant|boost
|-boost|p1b: Kingambit|atk|2
|turn|7
|inactive|Pakaan64 has 30 seconds left.
|inactive|Ja-Orange has 30 seconds left.
|inactive|Pakaan64 has 20 seconds left.
|inactive|Pakaan64 has 15 seconds left.
|inactive|Pakaan64 has 10 seconds left.
|
|t:|1783279257
|move|p2a: Gengar|Protect|p2a: Gengar
|-singleturn|p2a: Gengar|Protect
|move|p2b: Incineroar|Protect|p2b: Incineroar
|-singleturn|p2b: Incineroar|Protect
|move|p1a: Sylveon|Hyper Beam|p2a: Gengar
|-activate|p2a: Gengar|move: Protect
|move|p1b: Kingambit|Kowtow Cleave|p2a: Gengar
|-activate|p2a: Gengar|move: Protect
|
|-start|p2a: Gengar|perish2
|-start|p1a: Sylveon|perish2
|-start|p1b: Kingambit|perish2
|upkeep
|turn|8
|inactive|Pakaan64 has 30 seconds left.
|
|t:|1783279289
|move|p2a: Gengar|Disable|p1a: Sylveon
|-start|p1a: Sylveon|Disable|Hyper Beam
|move|p1a: Sylveon|Moonblast|p2b: Incineroar
|-damage|p2b: Incineroar|8/100
|move|p1b: Kingambit|Kowtow Cleave|p2a: Gengar
|-supereffective|p2a: Gengar|1
|-damage|p2a: Gengar|0 fnt
|faint|p2a: Gengar
|move|p2b: Incineroar|Parting Shot|p1a: Sylveon
|-unboost|p1a: Sylveon|atk|1
|-unboost|p1a: Sylveon|spa|1
|
|-end|p1b: Kingambit|Disable
|-start|p1a: Sylveon|perish1
|-start|p1b: Kingambit|perish1
|upkeep
|turn|9
|c|☆Pakaan64|Gg
|c|☆Ja-Orange|gg
|inactive|Pakaan64 has 30 seconds left.
|
|t:|1783279314
|move|p2b: Incineroar|Protect|p2b: Incineroar
|-singleturn|p2b: Incineroar|Protect
|move|p1b: Kingambit|Sucker Punch||[still]
|-fail|p1b: Kingambit
|move|p1a: Sylveon|Hyper Voice|p2b: Incineroar
|-activate|p2b: Incineroar|move: Protect
|
|-start|p1a: Sylveon|perish0
|-start|p1b: Kingambit|perish0
|faint|p1a: Sylveon
|faint|p1b: Kingambit
|
|win|Ja-Orange
|raw|Pakaan64's rating: 1183 → 1151(-32 for losing)
|raw|Ja-Orange's rating: 1080 → 1116(+36 for winning)
