|j|☆giraldo576
|j|‽sudoz
|html|giraldo576sudoz    
|uhtml|bestof|Game 1 of a best-of-3
|t:|1757640203
|gametype|doubles
|player|p1|giraldo576|102|1102
|player|p2|sudoz|iris-gen5bw2|1208
|gen|9
|tier|[Gen 9] VGC 2025 Reg H (Bo3)
|rated|
|rule|Species Clause: Limit one of each Pokémon
|rule|Item Clause: Limit 1 of each item
|clearpoke
|poke|p1|Incineroar, L50, M|
|poke|p1|Indeedee-F, L50, F|
|poke|p1|Armarouge, L50, M|
|poke|p1|Basculin, L50, F|
|poke|p1|Sneasler, L50, F|
|poke|p1|Hatterene, L50, F|
|poke|p2|Dragonite, L50, M|
|poke|p2|Annihilape, L50, F|
|poke|p2|Gholdengo, L50|
|poke|p2|Rillaboom, L50, F|
|poke|p2|Electabuzz, L50, F|
|poke|p2|Incineroar, L50, M|
|teampreview|4
|showteam|p1|Incineroar||SafetyGoggles|Intimidate|FakeOut,PartingShot,KnockOff,FlareBlitz|||M|||50|,,,,,Bug]Indeedee-F||PsychicSeed|PsychicSurge|FollowMe,TrickRoom,Psychic,HelpingHand|||F|||50|,,,,,Grass]Armarouge||WeaknessPolicy|WeakArmor|ExpandingForce,Protect,ArmorCannon,CalmMind|||M|||50|,,,,,Grass]Basculin||ChoiceScarf|Reckless|AquaJet,IcyWind,Taunt,FlipTurn|||F|||50|,,,,,Water]Sneasler||FocusSash|PoisonTouch|DireClaw,Protect,CloseCombat,AcidSpray|||F|||50|,,,,,Fighting]Hatterene||Leftovers|MagicBounce|ExpandingForce,Protect,DazzlingGleam,CalmMind|||F|||50|,,,,,Fire
|showteam|p2|Dragonite||LoadedDice|Multiscale|Protect,ScaleShot,ExtremeSpeed,Haze|||M|||50|,,,,,Fairy]Annihilape||FocusSash|Defiant|RageFist,CloseCombat,Coaching,Taunt|||F|||50|,,,,,Stellar]Gholdengo||SitrusBerry|GoodasGold|Protect,MakeItRain,ShadowBall,NastyPlot||||||50|,,,,,Water]Rillaboom||AssaultVest|GrassySurge|FakeOut,WoodHammer,GrassyGlide,HighHorsepower|||F|||50|,,,,,Fire]Electabuzz||Eviolite|VitalSpirit|Protect,Thunderbolt,Electroweb,FollowMe|||F|||50|,,,,,Dragon]Incineroar||MirrorHerb|Intimidate|FakeOut,FlareBlitz,KnockOff,PartingShot|||M|||50|,,,,,Ghost
|inactive|Battle timer is ON: inactive players will automatically lose when time's up. (requested by giraldo576)
|inactive|sudoz has 60 seconds left.
|
|t:|1757640274
|teamsize|p1|4
|teamsize|p2|4
|start
|switch|p1a: Basculin|Basculin, L50, F|100/100
|switch|p1b: Armarouge|Armarouge, L50, M|100/100
|switch|p2a: Annihilape|Annihilape, L50, F|100/100
|switch|p2b: Gholdengo|Gholdengo, L50|100/100
|turn|1
|inactive|giraldo576 has 30 seconds left.
|inactive|sudoz has 30 seconds left.
|inactive|giraldo576 has 20 seconds left.
|inactive|sudoz has 20 seconds left.
|inactive|giraldo576 has 15 seconds left.
|inactive|sudoz has 15 seconds left.
|
|t:|1757640316
|move|p2b: Gholdengo|Protect|p2b: Gholdengo
|-singleturn|p2b: Gholdengo|Protect
|move|p1a: Basculin|Flip Turn|p1b: Armarouge
|-supereffective|p1b: Armarouge
|-damage|p1b: Armarouge|68/100
|-ability|p1b: Armarouge|Weak Armor|boost
|-unboost|p1b: Armarouge|def|1
|-boost|p1b: Armarouge|spe|2
|-enditem|p1b: Armarouge|Weakness Policy
|-boost|p1b: Armarouge|atk|2|[from] item: Weakness Policy
|-boost|p1b: Armarouge|spa|2|[from] item: Weakness Policy
|
|t:|1757640322
|switch|p1a: Indeedee|Indeedee-F, L50, F|100/100|[from] Flip Turn
|-fieldstart|move: Psychic Terrain|[from] ability: Psychic Surge|[of] p1a: Indeedee
|-enditem|p1a: Indeedee|Psychic Seed
|-boost|p1a: Indeedee|spd|1|[from] item: Psychic Seed
|move|p1b: Armarouge|Expanding Force|p2a: Annihilape|[spread] p2a
|-activate|p2b: Gholdengo|move: Protect
|-supereffective|p2a: Annihilape
|-enditem|p2a: Annihilape|Focus Sash
|-damage|p2a: Annihilape|1/100
|move|p2a: Annihilape|Rage Fist|p1b: Armarouge
|-supereffective|p1b: Armarouge
|-damage|p1b: Armarouge|0 fnt
|faint|p1b: Armarouge
|
|upkeep
|
|t:|1757640326
|switch|p1b: Basculin|Basculin, L50, F|100/100
|turn|2
|inactive|sudoz has 30 seconds left.
|
|t:|1757640353
|move|p1b: Basculin|Flip Turn|p2a: Annihilape
|-damage|p2a: Annihilape|0 fnt
|faint|p2a: Annihilape
|
|t:|1757640358
|switch|p1b: Incineroar|Incineroar, L50, M|100/100|[from] Flip Turn
|-ability|p1b: Incineroar|Intimidate|boost
|-unboost|p2b: Gholdengo|atk|1
|move|p2b: Gholdengo|Nasty Plot|p2b: Gholdengo
|-boost|p2b: Gholdengo|spa|2
|move|p1a: Indeedee|Trick Room|p1a: Indeedee
|-fieldstart|move: Trick Room|[of] p1a: Indeedee
|
|upkeep
|
|t:|1757640373
|switch|p2a: Rillaboom|Rillaboom, L50, F|100/100
|-fieldstart|move: Grassy Terrain|[from] ability: Grassy Surge|[of] p2a: Rillaboom
|turn|3
|
|t:|1757640388
|move|p2a: Rillaboom|Fake Out|p1b: Incineroar
|-damage|p1b: Incineroar|90/100
|cant|p1b: Incineroar|flinch
|move|p1a: Indeedee|Psychic|p2b: Gholdengo
|-resisted|p2b: Gholdengo
|-damage|p2b: Gholdengo|84/100
|move|p2b: Gholdengo|Make It Rain|p1a: Indeedee|[spread] p1a,p1b
|-resisted|p1b: Incineroar
|-damage|p1a: Indeedee|56/100
|-damage|p1b: Incineroar|50/100
|-unboost|p2b: Gholdengo|spa|1
|
|-heal|p1b: Incineroar|55/100|[from] Grassy Terrain
|-heal|p1a: Indeedee|63/100|[from] Grassy Terrain
|-heal|p2b: Gholdengo|90/100|[from] Grassy Terrain
|upkeep
|turn|4
|inactive|sudoz has 30 seconds left.
|
|t:|1757640417
|-terastallize|p2b: Gholdengo|Water
|move|p1a: Indeedee|Helping Hand|p1b: Incineroar
|-singleturn|p1b: Incineroar|Helping Hand|[of] p1a: Indeedee
|move|p1b: Incineroar|Flare Blitz|p2a: Rillaboom
|-supereffective|p2a: Rillaboom
|-damage|p2a: Rillaboom|0 fnt
|faint|p2a: Rillaboom
|-damage|p1b: Incineroar|20/100|[from] Recoil
|move|p2b: Gholdengo|Nasty Plot|p2b: Gholdengo
|-boost|p2b: Gholdengo|spa|2
|
|-heal|p1b: Incineroar|26/100|[from] Grassy Terrain
|-heal|p1a: Indeedee|69/100|[from] Grassy Terrain
|-heal|p2b: Gholdengo|96/100|[from] Grassy Terrain
|upkeep
|
|t:|1757640423
|switch|p2a: Incineroar|Incineroar, L50, M|100/100
|-ability|p2a: Incineroar|Intimidate|boost
|-unboost|p1a: Indeedee|atk|1
|-unboost|p1b: Incineroar|atk|1
|turn|5
|-message|giraldo576 forfeited.
|
|win|sudoz
|l|☆giraldo576
|player|p1|
||sudoz is ready for game 2.
||giraldo576 is ready for game 2.
|uhtml|next|Next: Game 2 of 3
