|j|☆polyman
|j|☆asdjighadf
|html|polymanasdjighadf    
|uhtml|bestof|Game 2 of a best-of-3
|t:|1757028109
|gametype|doubles
|player|p1|polyman|2|1049
|player|p2|asdjighadf|265|1000
|gen|9
|tier|[Gen 9] VGC 2025 Reg H (Bo3)
|rated|
|rule|Species Clause: Limit one of each Pokémon
|rule|Item Clause: Limit 1 of each item
|clearpoke
|poke|p1|Weezing-Galar, L50, F|
|poke|p1|Toedscruel, L50, M|
|poke|p1|Slaking, L50, F|
|poke|p1|Incineroar, L50, M|
|poke|p1|Decidueye-Hisui, L50, F|
|poke|p1|Clefairy, L50, F|
|poke|p2|Charizard, L50, M|
|poke|p2|Torkoal, L50, F|
|poke|p2|Porygon2, L50|
|poke|p2|Incineroar, L50, F|
|poke|p2|Jumpluff, L50, F|
|poke|p2|Ursaluna, L50, F|
|teampreview|4
|showteam|p1|Weezing-Galar||Leftovers|NeutralizingGas|DazzlingGleam,Protect,Flamethrower,Taunt|||F|||50|,,,,,Grass]Toedscruel||CovertCloak|MyceliumMight|Spore,AcidSpray,Spikes,RagePowder|||M|||50|,,,,,Ground]Slaking||LifeOrb|Truant|SlackOff,Trailblaze,Curse,DrainPunch|||F|||50|,,,,,Normal]Incineroar||AbilityShield|Intimidate|PartingShot,KnockOff,FakeOut,Protect|||M|||50|,,,,,Fire]Decidueye-Hisui||FocusSash|Scrappy|Tailwind,TripleArrows,Uturn,CloseCombat|||F|||50|,,,,,Fairy]Clefairy||Eviolite|FriendGuard|FollowMe,HealPulse,Psychic,Protect|||F|||50|,,,,,Fairy
|showteam|p2|Charizard||ChoiceSpecs|SolarPower|HeatWave,Overheat,WeatherBall,AirSlash|||M|||50|,,,,,Ghost]Torkoal||EjectPack|Drought|Eruption,Overheat,HelpingHand,Protect|||F|||50|,,,,,Fire]Porygon2||Eviolite|Download|IceBeam,TeraBlast,TrickRoom,Recover||||||50|,,,,,Fighting]Incineroar||SitrusBerry|Intimidate|FlareBlitz,KnockOff,FakeOut,PartingShot|||F|||50|,,,,,Ghost]Jumpluff||CovertCloak|Chlorophyll|SleepPowder,SunnyDay,RagePowder,Tailwind|||F|||50|,,,,,Water]Ursaluna||FlameOrb|Guts|HeadlongRush,Facade,Earthquake,Protect|||F|||50|,,,,,Ghost
|
|t:|1757028170
|teamsize|p1|4
|teamsize|p2|4
|start
|switch|p1a: Weezing|Weezing-Galar, L50, F, shiny|100/100
|switch|p1b: Toedscruel|Toedscruel, L50, M|100/100
|switch|p2a: Jumpluff|Jumpluff, L50, F|100/100
|switch|p2b: Porygon2|Porygon2, L50|100/100
|-ability|p1a: Weezing|Neutralizing Gas
|turn|1
|
|t:|1757028203
|move|p2a: Jumpluff|Sleep Powder|p1a: Weezing
|-status|p1a: Weezing|slp|[from] move: Sleep Powder
|move|p1b: Toedscruel|Acid Spray|p2a: Jumpluff
|-supereffective|p2a: Jumpluff
|-damage|p2a: Jumpluff|82/100
|move|p2b: Porygon2|Ice Beam|p1b: Toedscruel
|-supereffective|p1b: Toedscruel
|-damage|p1b: Toedscruel|0 fnt
|faint|p1b: Toedscruel
|cant|p1a: Weezing|slp
|
|upkeep
|
|t:|1757028216
|switch|p1b: Decidueye|Decidueye-Hisui, L50, F|100/100
|turn|2
|
|t:|1757028247
|move|p2a: Jumpluff|Tailwind|p2a: Jumpluff
|-sidestart|p2: asdjighadf|move: Tailwind
|move|p2b: Porygon2|Ice Beam|p1b: Decidueye
|-supereffective|p1b: Decidueye
|-damage|p1b: Decidueye|35/100
|move|p1b: Decidueye|Close Combat|p2b: Porygon2
|-supereffective|p2b: Porygon2
|-damage|p2b: Porygon2|28/100
|-unboost|p1b: Decidueye|def|1
|-unboost|p1b: Decidueye|spd|1
|cant|p1a: Weezing|slp
|
|upkeep
|turn|3
|
|t:|1757028279
|switch|p2a: Ursaluna|Ursaluna, L50, F|100/100
|-end|p1a: Weezing|ability: Neutralizing Gas
|-ability|p2b: Porygon2|Download|boost
|-boost|p2b: Porygon2|atk|1
|switch|p1a: Clefairy|Clefairy, L50, F|100/100
|move|p2b: Porygon2|Ice Beam|p1b: Decidueye
|-supereffective|p1b: Decidueye
|-damage|p1b: Decidueye|0 fnt
|faint|p1b: Decidueye
|
|-status|p2a: Ursaluna|brn|[from] item: Flame Orb
|upkeep
|
|t:|1757028292
|switch|p1b: Weezing|Weezing-Galar, L50, F, shiny|100/100 slp
|-ability|p1b: Weezing|Neutralizing Gas
|turn|4
|
|t:|1757028305
|switch|p2b: Jumpluff|Jumpluff, L50, F|82/100
|move|p1a: Clefairy|Protect|p1a: Clefairy
|-singleturn|p1a: Clefairy|Protect
|move|p2a: Ursaluna|Earthquake|p1a: Clefairy|[spread] p1b
|-activate|p1a: Clefairy|move: Protect
|-immune|p2b: Jumpluff
|-supereffective|p1b: Weezing
|-damage|p1b: Weezing|63/100 slp
|cant|p1b: Weezing|slp
|
|-heal|p1b: Weezing|69/100 slp|[from] item: Leftovers
|-damage|p2a: Ursaluna|95/100 brn|[from] brn
|upkeep
|turn|5
|
|t:|1757028325
|move|p2b: Jumpluff|Sleep Powder|p1a: Clefairy|[miss]
|-miss|p2b: Jumpluff|p1a: Clefairy
|move|p2a: Ursaluna|Facade|p1b: Weezing
|-damage|p1b: Weezing|0 fnt
|faint|p1b: Weezing
|-end|p1b: Weezing|ability: Neutralizing Gas
|move|p1a: Clefairy|Heal Pulse|p1: Weezing|[notarget]
|-fail|p1a: Clefairy
|
|-damage|p2a: Ursaluna|89/100 brn|[from] brn
|-sideend|p2: asdjighadf|move: Tailwind
|upkeep
|turn|6
|
|t:|1757028339
|move|p1a: Clefairy|Protect|p1a: Clefairy
|-singleturn|p1a: Clefairy|Protect
|move|p2b: Jumpluff|Sleep Powder|p1a: Clefairy
|-activate|p1a: Clefairy|move: Protect
|move|p2a: Ursaluna|Facade|p1a: Clefairy
|-activate|p1a: Clefairy|move: Protect
|
|-damage|p2a: Ursaluna|83/100 brn|[from] brn
|upkeep
|turn|7
|
|t:|1757028349
|move|p1a: Clefairy|Protect|p1a: Clefairy
|-singleturn|p1a: Clefairy|Protect
|move|p2b: Jumpluff|Sleep Powder|p1a: Clefairy
|-activate|p1a: Clefairy|move: Protect
|move|p2a: Ursaluna|Facade|p1a: Clefairy
|-activate|p1a: Clefairy|move: Protect
|
|-damage|p2a: Ursaluna|77/100 brn|[from] brn
|upkeep
|turn|8
|
|t:|1757028369
|move|p1a: Clefairy|Protect||[still]
|-fail|p1a: Clefairy
|move|p2b: Jumpluff|Sleep Powder|p1a: Clefairy
|-status|p1a: Clefairy|slp|[from] move: Sleep Powder
|move|p2a: Ursaluna|Facade|p1a: Clefairy
|-damage|p1a: Clefairy|0 fnt
|faint|p1a: Clefairy
|
|win|asdjighadf
|raw|polyman's rating: 1049 → 1029(-20 for losing)
|raw|asdjighadf's rating: 1000 → 1046(+46 for winning)
