|j|☆escapadian
|j|☆Inteligent8pro
|html|escapadianInteligent8pro    
|uhtml|bestof|Game 2 of a best-of-3
|t:|1786205723
|gametype|doubles
|player|p1|escapadian|rocketgruntf|1186
|player|p2|Inteligent8pro|elesa|1320
|gen|9
|tier|[Gen 9 Champions] VGC 2026 Reg M-B (Bo3)
|rated|
|rule|Species Clause: Limit one of each Pokémon
|rule|Item Clause: Limit 1 of each item
|clearpoke
|poke|p1|Incineroar, L50, M, shiny|
|poke|p1|Sinistcha, L50, shiny|
|poke|p1|Floette-Eternal, L50, F|
|poke|p1|Delphox, L50, F, shiny|
|poke|p1|Sneasler, L50, M, shiny|
|poke|p1|Kingambit, L50, M, shiny|
|poke|p2|Blaziken, L50, F|
|poke|p2|Venusaur, L50, M|
|poke|p2|Kingambit, L50, M|
|poke|p2|Ninetales-Alola, L50, M|
|poke|p2|Lycanroc-Dusk, L50, M|
|poke|p2|Basculegion, L50, M|
|teampreview|4
|showteam|p1|Incineroar||SitrusBerry|Intimidate|FlareBlitz,DarkestLariat,PartingShot,FakeOut|Careful||M|||50|]Sinistcha||OccaBerry|Hospitality|MatchaGotcha,RagePowder,TrickRoom,Protect|Bold|||||50|]Floette-Eternal||Floettite|FlowerVeil|DazzlingGleam,DrainingKiss,CalmMind,Protect|Bold||F|||50|]Delphox||Delphoxite|Blaze|HeatWave,Psyshock,NastyPlot,Protect|Modest||F|||50|]Sneasler||FocusSash|PoisonTouch|CloseCombat,PoisonJab,Coaching,FakeOut|Jolly||M|||50|]Kingambit||BlackGlasses|Defiant|KowtowCleave,SuckerPunch,SwordsDance,Protect|Adamant||M|||50|
|showteam|p2|Blaziken||Blazikenite|SpeedBoost|FlareBlitz,CloseCombat,RockSlide,Detect|Adamant||F|||50|]Venusaur||Venusaurite|Chlorophyll|GigaDrain,SludgeBomb,EarthPower,Protect|Modest||M|||50|]Kingambit||LifeOrb|Defiant|KowtowCleave,SuckerPunch,IronHead,Protect|Adamant||M|||50|]Ninetales-Alola||NeverMeltIce|SnowWarning|Blizzard,FreezeDry,Encore,Protect|Timid||M|||50|]Lycanroc-Dusk||FocusSash|ToughClaws|RockSlide,Accelerock,CloseCombat,Protect|Adamant||M|||50|]Basculegion||ChoiceScarf|Adaptability|LastRespects,WaveCrash,AquaJet,FlipTurn|Jolly||M|||50|
|
|t:|1786205765
|teamsize|p1|4
|teamsize|p2|4
|start
|switch|p1a: Sinistcha|Sinistcha, L50, shiny|100/100
|switch|p1b: Floette|Floette-Eternal, L50, F|100/100
|switch|p2a: Venusaur|Venusaur, L50, M|100/100
|switch|p2b: Blaziken|Blaziken, L50, F|100/100
|turn|1
|inactive|Battle timer is ON: inactive players will automatically lose when time's up. (requested by Inteligent8pro)
|
|t:|1786205790
|detailschange|p1b: Floette|Floette-Mega, L50, F
|-mega|p1b: Floette|Floette|Floettite
|-ability|p1b: Floette|Fairy Aura
|detailschange|p2a: Venusaur|Venusaur-Mega, L50, M
|-mega|p2a: Venusaur|Venusaur|Venusaurite
|move|p2b: Blaziken|Detect|p2b: Blaziken
|-singleturn|p2b: Blaziken|Protect
|move|p1a: Sinistcha|Rage Powder|p1a: Sinistcha
|-singleturn|p1a: Sinistcha|move: Rage Powder
|move|p1b: Floette|Calm Mind|p1b: Floette
|-boost|p1b: Floette|spa|1
|-boost|p1b: Floette|spd|1
|move|p2a: Venusaur|Sludge Bomb|p1b: Floette
|-supereffective|p1b: Floette|1
|-damage|p1b: Floette|57/100
|-status|p1b: Floette|psn
|
|-damage|p1b: Floette|45/100 psn|[from] psn
|-ability|p2b: Blaziken|Speed Boost|boost
|-boost|p2b: Blaziken|spe|1
|upkeep
|turn|2
|inactive|escapadian has 30 seconds left.
|inactive|Inteligent8pro has 30 seconds left.
|
|t:|1786205817
|switch|p1a: Incineroar|Incineroar, L50, M, shiny|100/100
|-ability|p1a: Incineroar|Intimidate|boost
|-unboost|p2a: Venusaur|atk|1
|-unboost|p2b: Blaziken|atk|1
|move|p2b: Blaziken|Flare Blitz|p1a: Incineroar
|-resisted|p1a: Incineroar|1
|-damage|p1a: Incineroar|81/100
|-damage|p2b: Blaziken|92/100|[from] Recoil
|move|p1b: Floette|Draining Kiss|p2b: Blaziken
|-damage|p2b: Blaziken|11/100
|-heal|p1b: Floette|100/100 psn|[from] drain|[of] p2b: Blaziken
|move|p2a: Venusaur|Sludge Bomb|p1b: Floette
|-supereffective|p1b: Floette|1
|-damage|p1b: Floette|55/100 psn
|
|-damage|p1b: Floette|43/100 psn|[from] psn
|-ability|p2b: Blaziken|Speed Boost|boost
|-boost|p2b: Blaziken|spe|1
|upkeep
|turn|3
|inactive|Inteligent8pro has 30 seconds left.
|
|t:|1786205844
|move|p1a: Incineroar|Fake Out|p2a: Venusaur
|-damage|p2a: Venusaur|90/100
|move|p2b: Blaziken|Rock Slide|p1b: Floette|[spread] p1a,p1b
|-supereffective|p1a: Incineroar|1
|-damage|p1a: Incineroar|60/100
|-damage|p1b: Floette|31/100 psn
|move|p1b: Floette|Calm Mind|p1b: Floette
|-boost|p1b: Floette|spa|1
|-boost|p1b: Floette|spd|1
|cant|p2a: Venusaur|flinch
|
|-damage|p1b: Floette|19/100 psn|[from] psn
|-ability|p2b: Blaziken|Speed Boost|boost
|-boost|p2b: Blaziken|spe|1
|upkeep
|turn|4
|inactive|Inteligent8pro has 30 seconds left.
|
|t:|1786205869
|switch|p1a: Sinistcha|Sinistcha, L50, shiny|100/100
|-heal|p1b: Floette|44/100 psn|[from] ability: Hospitality|[of] p1a: Sinistcha
|move|p1b: Floette|Protect|p1b: Floette
|-singleturn|p1b: Floette|Protect
|move|p2b: Blaziken|Rock Slide|p1a: Sinistcha|[spread] p1a
|-activate|p1b: Floette|move: Protect
|-damage|p1a: Sinistcha|90/100
|move|p2a: Venusaur|Sludge Bomb|p1b: Floette
|-activate|p1b: Floette|move: Protect
|
|-damage|p1b: Floette|31/100 psn|[from] psn
|-ability|p2b: Blaziken|Speed Boost|boost
|-boost|p2b: Blaziken|spe|1
|upkeep
|turn|5
|inactive|escapadian has 30 seconds left.
|inactive|Inteligent8pro has 30 seconds left.
|
|t:|1786205900
|move|p2b: Blaziken|Detect|p2b: Blaziken
|-singleturn|p2b: Blaziken|Protect
|move|p2a: Venusaur|Protect|p2a: Venusaur
|-singleturn|p2a: Venusaur|Protect
|move|p1b: Floette|Draining Kiss|p2a: Venusaur
|-activate|p2a: Venusaur|move: Protect
|move|p1a: Sinistcha|Matcha Gotcha|p2b: Blaziken|[spread] 
|-activate|p2a: Venusaur|move: Protect
|-activate|p2b: Blaziken|move: Protect
|
|-damage|p1b: Floette|19/100 psn|[from] psn
|-ability|p2b: Blaziken|Speed Boost|boost
|-boost|p2b: Blaziken|spe|1
|upkeep
|turn|6
|inactive|escapadian has 30 seconds left.
|inactive|Inteligent8pro has 30 seconds left.
|
|t:|1786205930
|move|p2b: Blaziken|Rock Slide|p1a: Sinistcha|[spread] p1a,p1b
|-damage|p1a: Sinistcha|80/100
|-damage|p1b: Floette|9/100 psn
|move|p1b: Floette|Dazzling Gleam|p2a: Venusaur|[spread] p2a,p2b
|-resisted|p2a: Venusaur|1
|-damage|p2a: Venusaur|58/100
|-damage|p2b: Blaziken|0 fnt
|faint|p2b: Blaziken
|move|p2a: Venusaur|Sludge Bomb|p1b: Floette
|-supereffective|p1b: Floette|1
|-damage|p1b: Floette|0 fnt
|faint|p1b: Floette
|move|p1a: Sinistcha|Matcha Gotcha|p2a: Venusaur
|-resisted|p2a: Venusaur|2
|-damage|p2a: Venusaur|52/100
|-heal|p1a: Sinistcha|84/100|[from] drain|[of] p2a: Venusaur
|
|upkeep
|
|t:|1786205948
|switch|p1b: Incineroar|Incineroar, L50, M, shiny|60/100
|switch|p2b: Kingambit|Kingambit, L50, M|100/100
|-ability|p1b: Incineroar|Intimidate|boost
|-unboost|p2a: Venusaur|atk|1
|-unboost|p2b: Kingambit|atk|1
|-ability|p2b: Kingambit|Defiant|boost
|-boost|p2b: Kingambit|atk|2
|turn|7
|inactive|Inteligent8pro has 30 seconds left.
|
|t:|1786205980
|move|p2b: Kingambit|Protect|p2b: Kingambit
|-singleturn|p2b: Kingambit|Protect
|move|p2a: Venusaur|Earth Power|p1b: Incineroar
|-supereffective|p1b: Incineroar|1
|-damage|p1b: Incineroar|21/100
|-enditem|p1b: Incineroar|Sitrus Berry|[eat]
|-heal|p1b: Incineroar|46/100|[from] item: Sitrus Berry
|move|p1a: Sinistcha|Matcha Gotcha|p2a: Venusaur|[spread] p2a
|-activate|p2b: Kingambit|move: Protect
|-resisted|p2a: Venusaur|2
|-crit|p2a: Venusaur
|-damage|p2a: Venusaur|44/100
|-heal|p1a: Sinistcha|88/100|[from] drain|[of] p2a: Venusaur
|-status|p2a: Venusaur|brn
|move|p1b: Incineroar|Flare Blitz|p2a: Venusaur
|-supereffective|p2a: Venusaur|1
|-damage|p2a: Venusaur|8/100 brn
|-damage|p1b: Incineroar|35/100|[from] Recoil
|
|-damage|p2a: Venusaur|2/100 brn|[from] brn
|upkeep
|turn|8
|inactive|Inteligent8pro has 30 seconds left.
|inactive|Inteligent8pro has 20 seconds left.
|inactive|Inteligent8pro has 15 seconds left.
|
|t:|1786206021
|move|p2a: Venusaur|Earth Power|p1b: Incineroar
|-supereffective|p1b: Incineroar|1
|-damage|p1b: Incineroar|0 fnt
|faint|p1b: Incineroar
|move|p1a: Sinistcha|Matcha Gotcha|p2a: Venusaur|[spread] p2a,p2b
|-resisted|p2a: Venusaur|2
|-resisted|p2b: Kingambit|1
|-damage|p2a: Venusaur|0 fnt
|-heal|p1a: Sinistcha|90/100|[from] drain|[of] p2a: Venusaur
|-damage|p2b: Kingambit|89/100
|-heal|p1a: Sinistcha|96/100|[from] drain|[of] p2b: Kingambit
|-status|p2b: Kingambit|brn
|faint|p2a: Venusaur
|move|p2b: Kingambit|Kowtow Cleave|p1a: Sinistcha
|-supereffective|p1a: Sinistcha|1
|-damage|p1a: Sinistcha|25/100
|-damage|p2b: Kingambit|79/100 brn|[from] item: Life Orb
|
|-damage|p2b: Kingambit|73/100 brn|[from] brn
|upkeep
|
|t:|1786206038
|switch|p2a: Basculegion|Basculegion, L50, M|100/100
|switch|p1b: Kingambit|Kingambit, L50, M, shiny|100/100
|turn|9
|
|t:|1786206059
|move|p2a: Basculegion|Aqua Jet|p1b: Kingambit
|-crit|p1b: Kingambit
|-damage|p1b: Kingambit|74/100
|move|p1a: Sinistcha|Matcha Gotcha|p2b: Kingambit|[spread] p2a,p2b
|-supereffective|p2a: Basculegion|1
|-resisted|p2b: Kingambit|1
|-damage|p2a: Basculegion|46/100
|-heal|p1a: Sinistcha|55/100|[from] drain|[of] p2a: Basculegion
|-damage|p2b: Kingambit|62/100 brn
|-heal|p1a: Sinistcha|61/100|[from] drain|[of] p2b: Kingambit
|move|p1b: Kingambit|Swords Dance|p1b: Kingambit
|-boost|p1b: Kingambit|atk|2
|move|p2b: Kingambit|Iron Head|p1b: Kingambit
|-resisted|p1b: Kingambit|1
|-damage|p1b: Kingambit|58/100
|-damage|p2b: Kingambit|52/100 brn|[from] item: Life Orb
|
|-damage|p2b: Kingambit|46/100 brn|[from] brn
|upkeep
|turn|10
|inactive|Inteligent8pro has 30 seconds left.
|
|t:|1786206086
|move|p2a: Basculegion|Aqua Jet|p1b: Kingambit
|-damage|p1b: Kingambit|41/100
|move|p2b: Kingambit|Sucker Punch|p1a: Sinistcha
|-supereffective|p1a: Sinistcha|1
|-damage|p1a: Sinistcha|2/100
|-damage|p2b: Kingambit|37/100 brn|[from] item: Life Orb
|move|p1a: Sinistcha|Matcha Gotcha|p2b: Kingambit|[spread] p2a
|-miss|p1a: Sinistcha|p2b: Kingambit
|-supereffective|p2a: Basculegion|1
|-damage|p2a: Basculegion|0 fnt
|-heal|p1a: Sinistcha|28/100|[from] drain|[of] p2a: Basculegion
|faint|p2a: Basculegion
|move|p1b: Kingambit|Kowtow Cleave|p2b: Kingambit
|-resisted|p2b: Kingambit|1
|-damage|p2b: Kingambit|0 fnt
|faint|p2b: Kingambit
|
|win|escapadian
