|j|☆Hookmaster100
|j|☆lettitripppp
|html|Hookmaster100lettitripppp    
|uhtml|bestof|Game 2 of a best-of-3
|t:|1784756522
|gametype|doubles
|player|p1|Hookmaster100|169|1107
|player|p2|lettitripppp|lucas|1221
|gen|9
|tier|[Gen 9 Champions] VGC 2026 Reg M-B (Bo3)
|rated|
|rule|Species Clause: Limit one of each Pokémon
|rule|Item Clause: Limit 1 of each item
|clearpoke
|poke|p1|Tsareena, L50, F|
|poke|p1|Staraptor, L50, M|
|poke|p1|Whimsicott, L50, M|
|poke|p1|Floette-Eternal, L50, F|
|poke|p1|Metagross, L50|
|poke|p1|Basculegion, L50, M|
|poke|p2|Charizard, L50, M, shiny|
|poke|p2|Basculegion, L50, M, shiny|
|poke|p2|Pelipper, L50, M|
|poke|p2|Venusaur, L50, F|
|poke|p2|Archaludon, L50, F|
|poke|p2|Grimmsnarl, L50, M, shiny|
|teampreview|4
|showteam|p1|Tsareena||WideLens|QueenlyMajesty|HighJumpKick,PowerWhip,TripleAxel,Protect|Serious||F|||50|]Staraptor||Staraptite|Intimidate|CloseCombat,Tailwind,BraveBird,Protect|Adamant||M|||50|]Whimsicott||FocusSash|Prankster|Moonblast,Tailwind,Charm,Encore|Modest||M|||50|]Floette-Eternal||Floettite|FlowerVeil|CalmMind,DrainingKiss,Moonblast,Protect|Modest||F|||50|]Metagross||LifeOrb|ClearBody|IronHead,PsychicFangs,ThunderPunch,Protect|Careful|||||50|]Basculegion||ChoiceScarf|Adaptability|FlipTurn,WaveCrash,LastRespects,Protect|Jolly||M|||50|
|showteam|p2|Charizard||CharizarditeY|Blaze|WeatherBall,SolarBeam,HeatWave,Protect|Modest||M|||50|]Basculegion||ChoiceScarf|Adaptability|LastRespects,WaveCrash,FlipTurn,AquaJet|Jolly||M|||50|]Pelipper||SitrusBerry|Drizzle|WeatherBall,WideGuard,Hurricane,Tailwind|Modest||M|||50|]Venusaur||FocusSash|Chlorophyll|SleepPowder,SludgeBomb,EarthPower,Protect|Modest||F|||50|]Archaludon||Leftovers|Stamina|FlashCannon,DragonPulse,ElectroShot,Protect|Calm||F|||50|]Grimmsnarl||LightClay|Prankster|PartingShot,LightScreen,SpiritBreak,Reflect|Relaxed||M|||50|
|inactive|Battle timer is ON: inactive players will automatically lose when time's up. (requested by Hookmaster100)
|inactive|lettitripppp also wants the timer to be on.
|inactive|Hookmaster100 has 60 seconds left.
|
|t:|1784756560
|teamsize|p1|4
|teamsize|p2|4
|start
|switch|p1a: Whimsicott|Whimsicott, L50, M|100/100
|switch|p1b: Staraptor|Staraptor, L50, M|100/100
|switch|p2a: AGNI|Charizard, L50, M, shiny|100/100
|switch|p2b: SOFT-SLEEP|Venusaur, L50, F|100/100
|-ability|p1b: Staraptor|Intimidate|boost
|-unboost|p2a: AGNI|atk|1
|-unboost|p2b: SOFT-SLEEP|atk|1
|turn|1
|
|t:|1784756572
|detailschange|p1b: Staraptor|Staraptor-Mega, L50, M
|-mega|p1b: Staraptor|Staraptor|Staraptite
|detailschange|p2a: AGNI|Charizard-Mega-Y, L50, M, shiny
|-mega|p2a: AGNI|Charizard|Charizardite Y
|-weather|SunnyDay|[from] ability: Drought|[of] p2a: AGNI
|move|p1a: Whimsicott|Tailwind|p1a: Whimsicott
|-sidestart|p1: Hookmaster100|move: Tailwind
|move|p1b: Staraptor|Brave Bird|p2a: AGNI
|-damage|p2a: AGNI|36/100
|-damage|p1b: Staraptor|76/100|[from] Recoil
|move|p2b: SOFT-SLEEP|Sleep Powder|p1b: Staraptor
|-status|p1b: Staraptor|slp|[from] move: Sleep Powder
|move|p2a: AGNI|Heat Wave|p1a: Whimsicott|[spread] p1a,p1b
|-supereffective|p1a: Whimsicott|1
|-enditem|p1a: Whimsicott|Focus Sash
|-damage|p1a: Whimsicott|1/100
|-damage|p1b: Staraptor|15/100 slp
|
|-weather|SunnyDay|[upkeep]
|upkeep
|turn|2
|
|t:|1784756592
|switch|p2b: GO JOHAN|Grimmsnarl, L50, M, shiny|100/100
|cant|p1b: Staraptor|slp
|move|p1a: Whimsicott|Moonblast|p2a: AGNI
|-resisted|p2a: AGNI|1
|-damage|p2a: AGNI|19/100
|move|p2a: AGNI|Heat Wave|p1b: Staraptor|[spread] p1a,p1b
|-supereffective|p1a: Whimsicott|1
|-damage|p1a: Whimsicott|0 fnt
|-damage|p1b: Staraptor|0 fnt
|faint|p1a: Whimsicott
|faint|p1b: Staraptor
|
|-weather|SunnyDay|[upkeep]
|upkeep
|
|t:|1784756601
|switch|p1b: Metagross|Metagross, L50|100/100
|switch|p1a: Basculegion|Basculegion, L50, M|100/100
|turn|3
|
|t:|1784756616
|move|p2a: AGNI|Protect|p2a: AGNI
|-singleturn|p2a: AGNI|Protect
|move|p2b: GO JOHAN|Reflect|p2b: GO JOHAN
|-sidestart|p2: lettitripppp|Reflect
|move|p1a: Basculegion|Wave Crash|p2a: AGNI
|-activate|p2a: AGNI|move: Protect
|move|p1b: Metagross|Iron Head|p2b: GO JOHAN
|-supereffective|p2b: GO JOHAN|1
|-damage|p2b: GO JOHAN|30/100
|-damage|p1b: Metagross|90/100|[from] item: Life Orb
|
|-weather|SunnyDay|[upkeep]
|upkeep
|turn|4
|
|t:|1784756632
|switch|p2a: SOFT-SLEEP|Venusaur, L50, F|100/100
|move|p2b: GO JOHAN|Parting Shot|p1a: Basculegion
|-unboost|p1a: Basculegion|atk|1
|-unboost|p1a: Basculegion|spa|1
|
|t:|1784756637
|switch|p2b: GHOSTWAVE|Basculegion, L50, M, shiny|100/100|[from] Parting Shot
|move|p1a: Basculegion|Wave Crash|p2b: GHOSTWAVE
|-resisted|p2b: GHOSTWAVE|1
|-damage|p2b: GHOSTWAVE|89/100
|-damage|p1a: Basculegion|96/100|[from] Recoil
|move|p1b: Metagross|Psychic Fangs|p2a: SOFT-SLEEP
|-sideend|p2: lettitripppp|Reflect
|-supereffective|p2a: SOFT-SLEEP|1
|-enditem|p2a: SOFT-SLEEP|Focus Sash
|-damage|p2a: SOFT-SLEEP|1/100
|-damage|p1b: Metagross|80/100|[from] item: Life Orb
|
|-weather|SunnyDay|[upkeep]
|-sideend|p1: Hookmaster100|move: Tailwind
|upkeep
|turn|5
|
|t:|1784756659
|switch|p2b: GO JOHAN|Grimmsnarl, L50, M, shiny|30/100
|move|p2a: SOFT-SLEEP|Sleep Powder|p1a: Basculegion
|-status|p1a: Basculegion|slp|[from] move: Sleep Powder
|cant|p1a: Basculegion|slp
|move|p1b: Metagross|Thunder Punch|p2b: GO JOHAN
|-damage|p2b: GO JOHAN|0 fnt
|faint|p2b: GO JOHAN
|-damage|p1b: Metagross|70/100|[from] item: Life Orb
|
|-weather|none
|upkeep
|
|t:|1784756668
|switch|p2b: AGNI|Charizard-Mega-Y, L50, M, shiny|19/100
|-weather|SunnyDay|[from] ability: Drought|[of] p2b: AGNI
|turn|6
|
|t:|1784756676
|move|p2a: SOFT-SLEEP|Sleep Powder|p1b: Metagross
|-status|p1b: Metagross|slp|[from] move: Sleep Powder
|cant|p1a: Basculegion|slp
|move|p2b: AGNI|Solar Beam||[still]
|-prepare|p2b: AGNI|Solar Beam
|-anim|p2b: AGNI|Solar Beam|p1a: Basculegion
|-supereffective|p1a: Basculegion|1
|-damage|p1a: Basculegion|0 fnt
|faint|p1a: Basculegion
|cant|p1b: Metagross|slp
|
|-weather|SunnyDay|[upkeep]
|upkeep
|turn|7
|c|☆Hookmaster100|gg
|
|t:|1784756688
|move|p2a: SOFT-SLEEP|Earth Power|p1b: Metagross
|-supereffective|p1b: Metagross|1
|-damage|p1b: Metagross|16/100 slp
|move|p2b: AGNI|Weather Ball|p1b: Metagross
|-supereffective|p1b: Metagross|1
|-damage|p1b: Metagross|0 fnt
|faint|p1b: Metagross
|
|win|lettitripppp
|raw|Hookmaster100's rating: 1107 → 1090(-17 for losing)
|raw|lettitripppp's rating: 1221 → 1238(+17 for winning)
|c|☆lettitripppp|gg
