|j|☆Ringeril
|j|☆Aikalytics
|html|RingerilAikalytics    
|uhtml|bestof|Game 1 of a best-of-3
|t:|1757743203
|gametype|doubles
|player|p1|Ringeril|1|
|player|p2|Aikalytics|roxie|
|gen|9
|tier|[Gen 9] VGC 2025 Reg H (Bo3)
|rule|Species Clause: Limit one of each Pokémon
|rule|Item Clause: Limit 1 of each item
|clearpoke
|poke|p1|Volcarona, L50, F|
|poke|p1|Grimmsnarl, L50, M|
|poke|p1|Torterra, L50, M|
|poke|p1|Incineroar, L50, M|
|poke|p1|Toxapex, L50, M|
|poke|p1|Electabuzz, L50, F|
|poke|p2|Ceruledge, L50, M|
|poke|p2|Hatterene, L50, F|
|poke|p2|Sylveon, L50, F|
|poke|p2|Dragapult, L50, M|
|poke|p2|Indeedee-F, L50, F|
|poke|p2|Dragonite, L50, M|
|teampreview|4
|showteam|p1|Volcarona||Leftovers|FlameBody|FieryDance,BugBuzz,QuiverDance,Protect|||F|||50|,,,,,Dragon]Grimmsnarl||LightClay|Prankster|SpiritBreak,Reflect,LightScreen,PartingShot|||M|||50|,,,,,Ghost]Torterra||SitrusBerry|ShellArmor|HeadlongRush,IronDefense,LeechSeed,Protect|||M|||50|,,,,,Water]Incineroar||SafetyGoggles|Intimidate|FakeOut,Snarl,KnockOff,PartingShot|||M|||50|,,,,,Ghost]Toxapex||BlackSludge|Regenerator|Toxic,Haze,Infestation,BanefulBunker|||M|||50|,,,,,Dark]Electabuzz||Eviolite|VitalSpirit|FollowMe,Taunt,EerieImpulse,Electroweb|||F|||50|,,,,,Ghost
|showteam|p2|Ceruledge||ClearAmulet|FlashFire|BitterBlade,BulkUp,ShadowSneak,Protect|||M|||50|,,,,,Grass]Hatterene||LifeOrb|MagicBounce|DazzlingGleam,MysticalFire,TrickRoom,Psychic|||F|||50|,,,,,Fire]Sylveon||ChoiceSpecs|Pixilate|HyperVoice,Moonblast,Psyshock,ShadowBall|||F|||50|,,,,,Fairy]Dragapult||FocusSash|ClearBody|WillOWisp,ThunderWave,LightScreen,PhantomForce|||M|||50|,,,,,Steel]Indeedee-F||RockyHelmet|PsychicSurge|DazzlingGleam,FollowMe,HelpingHand,TrickRoom|||F|||50|,,,,,Water]Dragonite||LumBerry|Multiscale|ExtremeSpeed,IceSpinner,DragonDance,Protect|||M|||50|,,,,,Normal
|inactive|Battle timer is ON: inactive players will automatically lose when time's up. (requested by Ringeril)
|j| sam smithy
|inactive|Ringeril has 60 seconds left.
|inactive|Aikalytics has 60 seconds left.
|l| sam smithy
|inactive|Ringeril has 30 seconds left.
|inactive|Ringeril has 20 seconds left.
|
|t:|1757743281
|teamsize|p1|4
|teamsize|p2|4
|start
|switch|p1a: Mauro Fernandez|Grimmsnarl, L50, M, shiny|100/100
|switch|p1b: Sudor-apex|Toxapex, L50, M|100/100
|switch|p2a: Sylveon|Sylveon, L50, F|100/100
|switch|p2b: Enfermera Joy|Indeedee-F, L50, F|100/100
|-fieldstart|move: Psychic Terrain|[from] ability: Psychic Surge|[of] p2b: Enfermera Joy
|turn|1
|inactive|Ringeril has 30 seconds left.
|inactive|Ringeril has 20 seconds left.
|inactive|Ringeril has 15 seconds left.
|
|t:|1757743324
|move|p2b: Enfermera Joy|Helping Hand|p2a: Sylveon
|-singleturn|p2a: Sylveon|Helping Hand|[of] p2b: Enfermera Joy
|move|p1a: Mauro Fernandez|Light Screen|p1a: Mauro Fernandez
|-sidestart|p1: Ringeril|move: Light Screen
|move|p2a: Sylveon|Psyshock|p1b: Sudor-apex
|-supereffective|p1b: Sudor-apex
|-damage|p1b: Sudor-apex|32/100
|move|p1b: Sudor-apex|Toxic|p2a: Sylveon
|-status|p2a: Sylveon|tox
|
|-heal|p1b: Sudor-apex|37/100|[from] item: Black Sludge
|-damage|p2a: Sylveon|95/100 tox|[from] psn
|upkeep
|turn|2
|inactive|Aikalytics has 30 seconds left.
|
|t:|1757743350
|move|p1b: Sudor-apex|Baneful Bunker|p1b: Sudor-apex
|-singleturn|p1b: Sudor-apex|move: Protect
|move|p2b: Enfermera Joy|Dazzling Gleam|p1b: Sudor-apex|[spread] p1a
|-activate|p1b: Sudor-apex|move: Protect
|-supereffective|p1a: Mauro Fernandez
|-damage|p1a: Mauro Fernandez|82/100
|move|p1a: Mauro Fernandez|Spirit Break|p2a: Sylveon
|-damage|p2a: Sylveon|61/100 tox
|-unboost|p2a: Sylveon|spa|1
|move|p2a: Sylveon|Psyshock|p1b: Sudor-apex
|-activate|p1b: Sudor-apex|move: Protect
|
|-heal|p1b: Sudor-apex|43/100|[from] item: Black Sludge
|-damage|p2a: Sylveon|50/100 tox|[from] psn
|upkeep
|turn|3
|inactive|Aikalytics has 30 seconds left.
|inactive|Aikalytics has 20 seconds left.
|inactive|Aikalytics has 15 seconds left.
|inactive|Aikalytics has 10 seconds left.
|
|t:|1757743398
|switch|p2a: Dragapult|Dragapult, L50, M|100/100
|switch|p1b: Incigato|Incineroar, L50, M|100/100
|-ability|p1b: Incigato|Intimidate|boost
|-fail|p2a: Dragapult|unboost|[from] ability: Clear Body|[of] p2a: Dragapult
|-unboost|p2b: Enfermera Joy|atk|1
|move|p1a: Mauro Fernandez|Spirit Break|p2b: Enfermera Joy
|-damage|p2b: Enfermera Joy|73/100
|-unboost|p2b: Enfermera Joy|spa|1
|-damage|p1a: Mauro Fernandez|66/100|[from] item: Rocky Helmet|[of] p2b: Enfermera Joy
|move|p2b: Enfermera Joy|Dazzling Gleam|p1a: Mauro Fernandez|[spread] p1a,p1b
|-supereffective|p1a: Mauro Fernandez
|-damage|p1a: Mauro Fernandez|53/100
|-damage|p1b: Incigato|95/100
|
|upkeep
|turn|4
|inactive|Ringeril has 30 seconds left.
|inactive|Aikalytics has 30 seconds left.
|inactive|Aikalytics has 20 seconds left.
|inactive|Aikalytics has 15 seconds left.
|inactive|Aikalytics has 10 seconds left.
|l|☆Aikalytics
|inactive|Aikalytics disconnected and has 300 seconds to reconnect!
|player|p2|
|j|☆Aikalytics
|inactive|Aikalytics reconnected and has 10 seconds left.
|player|p2|Aikalytics|roxie|
|inactive|Aikalytics has 5 seconds left.
|inactiveoff|Battle timer is now OFF.
|
|t:|1757743481
|move|p2b: Enfermera Joy|Follow Me|p2b: Enfermera Joy
|-singleturn|p2b: Enfermera Joy|move: Follow Me
|move|p1a: Mauro Fernandez|Reflect|p1a: Mauro Fernandez
|-sidestart|p1: Ringeril|Reflect
|move|p2a: Dragapult|Thunder Wave|p1b: Incigato
|-status|p1b: Incigato|par
|move|p1b: Incigato|Knock Off|p2b: Enfermera Joy
|-supereffective|p2b: Enfermera Joy
|-damage|p2b: Enfermera Joy|0 fnt
|-damage|p1b: Incigato|79/100 par|[from] item: Rocky Helmet|[of] p2b: Enfermera Joy
|-enditem|p2b: Enfermera Joy|Rocky Helmet|[from] move: Knock Off|[of] p1b: Incigato
|faint|p2b: Enfermera Joy
|
|upkeep
|
|t:|1757743496
|switch|p2b: Sylveon|Sylveon, L50, F|50/100 tox
|turn|5
|
|t:|1757743507
|-terastallize|p2b: Sylveon|Fairy
|move|p2a: Dragapult|Thunder Wave|p1a: Mauro Fernandez
|-status|p1a: Mauro Fernandez|par
|move|p2b: Sylveon|Hyper Voice|p1b: Incigato|[spread] p1a,p1b
|-supereffective|p1a: Mauro Fernandez
|-damage|p1a: Mauro Fernandez|0 fnt
|-damage|p1b: Incigato|37/100 par
|faint|p1a: Mauro Fernandez
|move|p1b: Incigato|Knock Off|p2a: Dragapult
|-supereffective|p2a: Dragapult
|-damage|p2a: Dragapult|19/100
|-enditem|p2a: Dragapult|Focus Sash|[from] move: Knock Off|[of] p1b: Incigato
|
|-damage|p2b: Sylveon|44/100 tox|[from] psn
|-fieldend|move: Psychic Terrain
|upkeep
|
|t:|1757743524
|switch|p1a: Juan Santamaría|Volcarona, L50, F|100/100
|turn|6
|
|t:|1757743539
|move|p2a: Dragapult|Light Screen|p2a: Dragapult
|-sidestart|p2: Aikalytics|move: Light Screen
|move|p1a: Juan Santamaría|Quiver Dance|p1a: Juan Santamaría
|-boost|p1a: Juan Santamaría|spa|1
|-boost|p1a: Juan Santamaría|spd|1
|-boost|p1a: Juan Santamaría|spe|1
|move|p2b: Sylveon|Hyper Voice|p1a: Juan Santamaría|[spread] p1a,p1b
|-resisted|p1a: Juan Santamaría
|-damage|p1a: Juan Santamaría|83/100
|-damage|p1b: Incigato|0 fnt
|faint|p1b: Incigato
|
|-heal|p1a: Juan Santamaría|90/100|[from] item: Leftovers
|-damage|p2b: Sylveon|32/100 tox|[from] psn
|upkeep
|
|t:|1757743551
|switch|p1b: Sudor-apex|Toxapex, L50, M|76/100
|turn|7
|
|t:|1757743570
|switch|p2b: Barney|Dragonite, L50, M|100/100
|move|p2a: Dragapult|Thunder Wave|p1a: Juan Santamaría
|-status|p1a: Juan Santamaría|par
|move|p1a: Juan Santamaría|Quiver Dance|p1a: Juan Santamaría
|-boost|p1a: Juan Santamaría|spa|1
|-boost|p1a: Juan Santamaría|spd|1
|-boost|p1a: Juan Santamaría|spe|1
|move|p1b: Sudor-apex|Infestation|p2b: Barney
|-resisted|p2b: Barney
|-damage|p2b: Barney|99/100
|-activate|p2b: Barney|move: Infestation|[of] p1b: Sudor-apex
|
|-heal|p1a: Juan Santamaría|96/100 par|[from] item: Leftovers
|-heal|p1b: Sudor-apex|82/100|[from] item: Black Sludge
|-damage|p2b: Barney|88/100|[from] move: Infestation|[partiallytrapped]
|upkeep
|turn|8
|
|t:|1757743609
|move|p2b: Barney|Extreme Speed|p1a: Juan Santamaría
|-damage|p1a: Juan Santamaría|71/100 par
|move|p2a: Dragapult|Phantom Force||[still]
|-prepare|p2a: Dragapult|Phantom Force
|move|p1a: Juan Santamaría|Fiery Dance|p2a: Dragapult|[miss]
|-miss|p1a: Juan Santamaría|p2a: Dragapult
|move|p1b: Sudor-apex|Toxic|p2b: Barney
|-status|p2b: Barney|tox
|-enditem|p2b: Barney|Lum Berry|[eat]
|-curestatus|p2b: Barney|tox|[msg]
|
|-heal|p1a: Juan Santamaría|78/100 par|[from] item: Leftovers
|-heal|p1b: Sudor-apex|88/100|[from] item: Black Sludge
|-damage|p2b: Barney|76/100|[from] move: Infestation|[partiallytrapped]
|-sideend|p1: Ringeril|move: Light Screen
|upkeep
|turn|9
|
|t:|1757743633
|move|p2b: Barney|Extreme Speed|p1a: Juan Santamaría
|-damage|p1a: Juan Santamaría|56/100 par
|move|p2a: Dragapult|Phantom Force|p1a: Juan Santamaría|[from] lockedmove
|-damage|p1a: Juan Santamaría|31/100 par
|-status|p2a: Dragapult|brn|[from] ability: Flame Body|[of] p1a: Juan Santamaría
|cant|p1a: Juan Santamaría|par
|move|p1b: Sudor-apex|Toxic|p2b: Barney
|-status|p2b: Barney|tox
|
|-heal|p1a: Juan Santamaría|37/100 par|[from] item: Leftovers
|-heal|p1b: Sudor-apex|93/100|[from] item: Black Sludge
|-damage|p2b: Barney|70/100 tox|[from] psn
|-damage|p2a: Dragapult|13/100 brn|[from] brn
|-damage|p2b: Barney|58/100 tox|[from] move: Infestation|[partiallytrapped]
|upkeep
|turn|10
|
|t:|1757743667
|move|p2b: Barney|Protect|p2b: Barney
|-singleturn|p2b: Barney|Protect
|move|p2a: Dragapult|Phantom Force||[still]
|-prepare|p2a: Dragapult|Phantom Force
|move|p1a: Juan Santamaría|Fiery Dance|p2a: Dragapult|[miss]
|-miss|p1a: Juan Santamaría|p2a: Dragapult
|move|p1b: Sudor-apex|Infestation|p2a: Dragapult|[miss]
|-miss|p1b: Sudor-apex|p2a: Dragapult
|
|-heal|p1a: Juan Santamaría|43/100 par|[from] item: Leftovers
|-heal|p1b: Sudor-apex|99/100|[from] item: Black Sludge
|-damage|p2b: Barney|46/100 tox|[from] psn
|-damage|p2a: Dragapult|7/100 brn|[from] brn
|-damage|p2b: Barney|34/100 tox|[from] move: Infestation|[partiallytrapped]
|-sideend|p2: Aikalytics|move: Light Screen
|upkeep
|turn|11
|
|t:|1757743687
|move|p1b: Sudor-apex|Baneful Bunker|p1b: Sudor-apex
|-singleturn|p1b: Sudor-apex|move: Protect
|move|p2b: Barney|Extreme Speed|p1a: Juan Santamaría
|-damage|p1a: Juan Santamaría|19/100 par
|move|p2a: Dragapult|Phantom Force|p1a: Juan Santamaría|[from] lockedmove
|-damage|p1a: Juan Santamaría|6/100 par
|move|p1a: Juan Santamaría|Fiery Dance|p2a: Dragapult
|-resisted|p2a: Dragapult
|-damage|p2a: Dragapult|0 fnt
|-boost|p1a: Juan Santamaría|spa|1
|faint|p2a: Dragapult
|
|-heal|p1a: Juan Santamaría|12/100 par|[from] item: Leftovers
|-heal|p1b: Sudor-apex|100/100|[from] item: Black Sludge
|-damage|p2b: Barney|16/100 tox|[from] psn
|-damage|p2b: Barney|4/100 tox|[from] move: Infestation|[partiallytrapped]
|-sideend|p1: Ringeril|Reflect
|upkeep
|j| sam smithy
|
|t:|1757743711
|switch|p2a: Sylveon|Sylveon, L50, F, tera:Fairy|32/100 tox
|turn|12
|
|t:|1757743729
|move|p1b: Sudor-apex|Baneful Bunker||[still]
|-fail|p1b: Sudor-apex
|move|p2b: Barney|Extreme Speed|p1a: Juan Santamaría
|-damage|p1a: Juan Santamaría|0 fnt
|faint|p1a: Juan Santamaría
|move|p2a: Sylveon|Psyshock|p1b: Sudor-apex
|-supereffective|p1b: Sudor-apex
|-crit|p1b: Sudor-apex
|-damage|p1b: Sudor-apex|11/100
|
|-heal|p1b: Sudor-apex|17/100|[from] item: Black Sludge
|-damage|p2b: Barney|0 fnt|[from] psn
|faint|p2b: Barney
|-damage|p2a: Sylveon|26/100 tox|[from] psn
|upkeep
|turn|13
|
|t:|1757743746
|move|p1b: Sudor-apex|Baneful Bunker|p1b: Sudor-apex
|-singleturn|p1b: Sudor-apex|move: Protect
|move|p2a: Sylveon|Psyshock|p1b: Sudor-apex
|-activate|p1b: Sudor-apex|move: Protect
|
|-heal|p1b: Sudor-apex|23/100|[from] item: Black Sludge
|-damage|p2a: Sylveon|15/100 tox|[from] psn
|upkeep
|turn|14
|l| sam smithy
|
|t:|1757743757
|-terastallize|p1b: Sudor-apex|Dark
|move|p2a: Sylveon|Psyshock|p1b: Sudor-apex
|-immune|p1b: Sudor-apex
|move|p1b: Sudor-apex|Infestation|p2a: Sylveon
|-resisted|p2a: Sylveon
|-damage|p2a: Sylveon|13/100 tox
|-activate|p2a: Sylveon|move: Infestation|[of] p1b: Sudor-apex
|
|-damage|p1b: Sudor-apex|11/100|[from] item: Black Sludge
|-damage|p2a: Sylveon|0 fnt|[from] psn
|faint|p2a: Sylveon
|
|win|Ringeril
||Ringeril is ready for game 2.
|inactive|Aikalytics has 30 seconds to confirm battle start!
|l|☆Ringeril
|player|p1|
||Aikalytics is ready for game 2.
|uhtml|next|Next: Game 2 of 3
