|j|☆jochnthestingray
|j|☆Delta Isn't Niche
|html|jochnthestingrayDelta Isn't Niche    
|uhtml|bestof|Game 1 of a best-of-3
|t:|1784737183
|gametype|doubles
|player|p1|jochnthestingray|1|1000
|player|p2|Delta Isn't Niche|unknown|1000
|gen|9
|tier|[Gen 9 Champions] VGC 2026 Reg M-B (Bo3)
|rated|
|rule|Species Clause: Limit one of each Pokémon
|rule|Item Clause: Limit 1 of each item
|clearpoke
|poke|p1|Mawile, L50, F|
|poke|p1|Chesnaught, L50, F|
|poke|p1|Toxapex, L50, M|
|poke|p1|Kommo-o, L50, F|
|poke|p1|Aerodactyl, L50, F|
|poke|p1|Incineroar, L50, F|
|poke|p2|Floette-Eternal, L50, F|
|poke|p2|Vivillon, L50, F, shiny|
|poke|p2|Garchomp, L50, M, shiny|
|poke|p2|Farigiraf, L50, F|
|poke|p2|Aggron, L50, M, shiny|
|poke|p2|Grimmsnarl, L50, M, shiny|
|teampreview|4
|showteam|p1|Mawile||Mawilite|Intimidate|IronHead,PlayRough,SuckerPunch,Protect|Adamant||F|||50|]Chesnaught||Chesnaughtite|Bulletproof|BodyPress,SpikyShield,IronDefense,LeechSeed|Calm||F|||50|]Toxapex||Leftovers|Regenerator|BanefulBunker,Infestation,Toxic,WideGuard|Bold||M|||50|]Kommo-o||LifeOrb|Soundproof|ClangingScales,AuraSphere,DracoMeteor,Protect|Modest||F|||50|]Aerodactyl||FocusSash|Unnerve|RockSlide,DualWingbeat,Protect,Tailwind|Jolly||F|||50|]Incineroar||SitrusBerry|Intimidate|FlareBlitz,ThroatChop,FakeOut,PartingShot|Impish||F|||50|
|showteam|p2|Floette-Eternal||Floettite|FlowerVeil|CalmMind,DrainingKiss,Protect,DazzlingGleam|Timid||F|||50|]Vivillon||FocusSash|CompoundEyes|Hurricane,Protect,SleepPowder,RagePowder|Timid||F|||50|]Garchomp||LifeOrb|RoughSkin|DragonClaw,Earthquake,RockSlide,Protect|Jolly||M|||50|]Farigiraf||SitrusBerry|ArmorTail|Psychic,TrickRoom,HelpingHand,HyperVoice|Relaxed||F|||50|]Aggron||Aggronite|Sturdy|BodyPress,IronDefense,HeavySlam,Protect|Relaxed||M|||50|]Grimmsnarl||LightClay|Prankster|FakeOut,LightScreen,Reflect,PartingShot|Impish||M|||50|
|inactive|Battle timer is ON: inactive players will automatically lose when time's up. (requested by Delta Isn't Niche)
|inactive|jochnthestingray has 60 seconds left.
|inactive|Delta Isn't Niche has 60 seconds left.
|inactive|Delta Isn't Niche has 30 seconds left.
|
|t:|1784737247
|teamsize|p1|4
|teamsize|p2|4
|start
|switch|p1a: Mawile|Mawile, L50, F|100/100
|switch|p1b: Toxapex|Toxapex, L50, M|100/100
|switch|p2a: Garchomp|Garchomp, L50, M, shiny|100/100
|switch|p2b: Vivillon|Vivillon, L50, F, shiny|100/100
|-ability|p1a: Mawile|Intimidate|boost
|-unboost|p2a: Garchomp|atk|1
|-unboost|p2b: Vivillon|atk|1
|turn|1
|inactive|jochnthestingray has 30 seconds left.
|inactive|Delta Isn't Niche has 30 seconds left.
|inactive|jochnthestingray has 20 seconds left.
|inactive|jochnthestingray has 15 seconds left.
|
|t:|1784737291
|switch|p1a: Incineroar|Incineroar, L50, F|100/100
|-ability|p1a: Incineroar|Intimidate|boost
|-unboost|p2a: Garchomp|atk|1
|-unboost|p2b: Vivillon|atk|1
|move|p2a: Garchomp|Dragon Claw|p1b: Toxapex
|-damage|p1b: Toxapex|81/100
|-damage|p2a: Garchomp|90/100|[from] item: Life Orb
|move|p2b: Vivillon|Sleep Powder|p1a: Incineroar
|-status|p1a: Incineroar|slp|[from] move: Sleep Powder
|move|p1b: Toxapex|Toxic|p2a: Garchomp
|-status|p2a: Garchomp|tox
|
|-heal|p1b: Toxapex|87/100|[from] item: Leftovers
|-damage|p2a: Garchomp|84/100 tox|[from] psn
|upkeep
|turn|2
|
|t:|1784737312
|switch|p2a: Floette|Floette-Eternal, L50, F|100/100
|move|p2b: Vivillon|Protect|p2b: Vivillon
|-singleturn|p2b: Vivillon|Protect
|move|p1b: Toxapex|Baneful Bunker|p1b: Toxapex
|-singleturn|p1b: Toxapex|move: Protect
|cant|p1a: Incineroar|slp
|
|-heal|p1b: Toxapex|92/100|[from] item: Leftovers
|upkeep
|turn|3
|
|t:|1784737324
|-heal|p1b: Toxapex|100/100|[from] ability: Regenerator|[silent]
|switch|p1b: Mawile|Mawile, L50, F|100/100
|-ability|p1b: Mawile|Intimidate|boost
|-unboost|p2a: Floette|atk|1
|-unboost|p2b: Vivillon|atk|1
|detailschange|p2a: Floette|Floette-Mega, L50, F
|-mega|p2a: Floette|Floette|Floettite
|-ability|p2a: Floette|Fairy Aura
|move|p2b: Vivillon|Sleep Powder|p1b: Mawile
|-status|p1b: Mawile|slp|[from] move: Sleep Powder
|move|p2a: Floette|Calm Mind|p2a: Floette
|-boost|p2a: Floette|spa|1
|-boost|p2a: Floette|spd|1
|-curestatus|p1a: Incineroar|slp|[msg]
|move|p1a: Incineroar|Parting Shot|p2a: Floette
|-unboost|p2a: Floette|atk|1
|-unboost|p2a: Floette|spa|1
|
|t:|1784737340
|switch|p1a: Toxapex|Toxapex, L50, M|100/100|[from] Parting Shot
|
|upkeep
|turn|4
|
|t:|1784737348
|detailschange|p1b: Mawile|Mawile-Mega, L50, F
|-mega|p1b: Mawile|Mawile|Mawilite
|move|p2b: Vivillon|Sleep Powder|p1a: Toxapex
|-status|p1a: Toxapex|slp|[from] move: Sleep Powder
|move|p2a: Floette|Calm Mind|p2a: Floette
|-boost|p2a: Floette|spa|1
|-boost|p2a: Floette|spd|1
|cant|p1b: Mawile|slp
|cant|p1a: Toxapex|slp
|
|upkeep
|turn|5
|
|t:|1784737360
|move|p2b: Vivillon|Rage Powder|p2b: Vivillon
|-singleturn|p2b: Vivillon|move: Rage Powder
|move|p2a: Floette|Calm Mind|p2a: Floette
|-boost|p2a: Floette|spa|1
|-boost|p2a: Floette|spd|1
|cant|p1b: Mawile|slp
|-curestatus|p1a: Toxapex|slp|[msg]
|move|p1a: Toxapex|Toxic|p2b: Vivillon
|-status|p2b: Vivillon|tox
|
|-damage|p2b: Vivillon|94/100 tox|[from] psn
|upkeep
|turn|6
|
|t:|1784737379
|move|p2b: Vivillon|Rage Powder|p2b: Vivillon
|-singleturn|p2b: Vivillon|move: Rage Powder
|move|p2a: Floette|Dazzling Gleam|p1b: Mawile|[spread] p1a,p1b
|-resisted|p1a: Toxapex|1
|-resisted|p1b: Mawile|1
|-damage|p1a: Toxapex|69/100
|-damage|p1b: Mawile|44/100 slp
|-curestatus|p1b: Mawile|slp|[msg]
|move|p1b: Mawile|Iron Head|p2b: Vivillon
|-damage|p2b: Vivillon|0 fnt
|faint|p2b: Vivillon
|move|p1a: Toxapex|Toxic|p2a: Floette
|-status|p2a: Floette|tox
|
|-heal|p1a: Toxapex|75/100|[from] item: Leftovers
|-damage|p2a: Floette|93/100 tox|[from] psn
|upkeep
|
|t:|1784737392
|switch|p2b: Grimmsnarl|Grimmsnarl, L50, M, shiny|100/100
|turn|7
|
|t:|1784737401
|move|p2b: Grimmsnarl|Fake Out|p1a: Toxapex
|-damage|p1a: Toxapex|67/100
|cant|p1a: Toxapex|flinch
|move|p2a: Floette|Dazzling Gleam|p1b: Mawile|[spread] p1a,p1b
|-resisted|p1a: Toxapex|1
|-resisted|p1b: Mawile|1
|-damage|p1a: Toxapex|34/100
|-damage|p1b: Mawile|0 fnt
|faint|p1b: Mawile
|
|-heal|p1a: Toxapex|40/100|[from] item: Leftovers
|-damage|p2a: Floette|81/100 tox|[from] psn
|upkeep
|
|t:|1784737405
|switch|p1b: Incineroar|Incineroar, L50, F|100/100
|-ability|p1b: Incineroar|Intimidate|boost
|-unboost|p2a: Floette|atk|1
|-unboost|p2b: Grimmsnarl|atk|1
|turn|8
|
|t:|1784737419
|move|p2a: Floette|Protect|p2a: Floette
|-singleturn|p2a: Floette|Protect
|move|p1b: Incineroar|Fake Out|p2a: Floette
|-activate|p2a: Floette|move: Protect
|move|p2b: Grimmsnarl|Reflect|p2b: Grimmsnarl
|-sidestart|p2: Delta Isn't Niche|Reflect
|move|p1a: Toxapex|Toxic|p2b: Grimmsnarl
|-status|p2b: Grimmsnarl|tox
|
|-heal|p1a: Toxapex|45/100|[from] item: Leftovers
|-damage|p2a: Floette|62/100 tox|[from] psn
|-damage|p2b: Grimmsnarl|94/100 tox|[from] psn
|upkeep
|turn|9
|
|t:|1784737437
|-heal|p1a: Toxapex|78/100|[from] ability: Regenerator|[silent]
|switch|p1a: Chesnaught|Chesnaught, L50, F|100/100
|move|p2b: Grimmsnarl|Parting Shot|p1a: Chesnaught
|-unboost|p1a: Chesnaught|atk|1
|-unboost|p1a: Chesnaught|spa|1
|
|t:|1784737444
|switch|p2b: Garchomp|Garchomp, L50, M, shiny|84/100 tox|[from] Parting Shot
|move|p2a: Floette|Draining Kiss|p1b: Incineroar
|-damage|p1b: Incineroar|40/100
|-heal|p2a: Floette|100/100 tox|[from] drain|[of] p1b: Incineroar
|-enditem|p1b: Incineroar|Sitrus Berry|[eat]
|-heal|p1b: Incineroar|65/100|[from] item: Sitrus Berry
|move|p1b: Incineroar|Flare Blitz|p2a: Floette
|-damage|p2a: Floette|71/100 tox
|-damage|p1b: Incineroar|57/100|[from] Recoil
|
|-damage|p2b: Garchomp|78/100 tox|[from] psn
|-damage|p2a: Floette|46/100 tox|[from] psn
|upkeep
|turn|10
|inactive|jochnthestingray has 30 seconds left.
|inactive|jochnthestingray has 20 seconds left.
|inactive|jochnthestingray has 15 seconds left.
|
|t:|1784737486
|move|p2b: Garchomp|Dragon Claw|p1b: Incineroar
|-damage|p1b: Incineroar|20/100y
|-damage|p2b: Garchomp|68/100 tox|[from] item: Life Orb
|move|p2a: Floette|Draining Kiss|p1a: Chesnaught
|-supereffective|p1a: Chesnaught|1
|-damage|p1a: Chesnaught|0 fnt
|-heal|p2a: Floette|100/100 tox|[from] drain|[of] p1a: Chesnaught
|faint|p1a: Chesnaught
|move|p1b: Incineroar|Parting Shot|p2a: Floette
|-unboost|p2a: Floette|atk|1
|-unboost|p2a: Floette|spa|1
|
|t:|1784737494
|switch|p1b: Toxapex|Toxapex, L50, M|78/100|[from] Parting Shot
|
|-heal|p1b: Toxapex|84/100|[from] item: Leftovers
|-damage|p2b: Garchomp|56/100 tox|[from] psn
|-damage|p2a: Floette|68/100 tox|[from] psn
|upkeep
|
|t:|1784737495
|switch|p1a: Incineroar|Incineroar, L50, F|20/100y
|-ability|p1a: Incineroar|Intimidate|boost
|-unboost|p2a: Floette|atk|1
|-unboost|p2b: Garchomp|atk|1
|turn|11
|
|t:|1784737510
|move|p1a: Incineroar|Fake Out|p2a: Floette
|-damage|p2a: Floette|61/100 tox
|move|p2b: Garchomp|Dragon Claw|p1a: Incineroar
|-damage|p1a: Incineroar|0 fnt
|faint|p1a: Incineroar
|-damage|p2b: Garchomp|47/100 tox|[from] item: Life Orb
|cant|p2a: Floette|flinch
|move|p1b: Toxapex|Infestation|p2b: Garchomp
|-damage|p2b: Garchomp|43/100 tox
|-activate|p2b: Garchomp|move: Infestation|[of] p1b: Toxapex
|-damage|p1b: Toxapex|72/100|[from] ability: Rough Skin|[of] p2b: Garchomp
|
|-heal|p1b: Toxapex|78/100|[from] item: Leftovers
|-damage|p2b: Garchomp|25/100 tox|[from] psn
|-damage|p2a: Floette|24/100 tox|[from] psn
|-damage|p2b: Garchomp|12/100 tox|[from] move: Infestation|[partiallytrapped]
|upkeep
|turn|12
|inactive|Delta Isn't Niche has 30 seconds left.
|inactive|Delta Isn't Niche has 20 seconds left.
|inactive|Delta Isn't Niche has 15 seconds left.
|inactive|Delta Isn't Niche has 10 seconds left.
|
|t:|1784737558
|switch|p2a: Grimmsnarl|Grimmsnarl, L50, M, shiny|94/100 tox
|move|p1b: Toxapex|Baneful Bunker|p1b: Toxapex
|-singleturn|p1b: Toxapex|move: Protect
|move|p2b: Garchomp|Earthquake|p1b: Toxapex|[spread] p2a
|-activate|p1b: Toxapex|move: Protect
|-damage|p2a: Grimmsnarl|73/100 tox
|-damage|p2b: Garchomp|3/100 tox|[from] item: Life Orb
|
|-heal|p1b: Toxapex|84/100|[from] item: Leftovers
|-damage|p2b: Garchomp|0 fnt|[from] psn
|faint|p2b: Garchomp
|-damage|p2a: Grimmsnarl|67/100 tox|[from] psn
|upkeep
|
|t:|1784737571
|switch|p2b: Floette|Floette-Mega, L50, F|24/100 tox
|-ability|p2b: Floette|Fairy Aura
|turn|13
|
|t:|1784737580
|move|p2a: Grimmsnarl|Fake Out|p1b: Toxapex
|-damage|p1b: Toxapex|76/100
|move|p2b: Floette|Draining Kiss|p1b: Toxapex
|-resisted|p1b: Toxapex|1
|-damage|p1b: Toxapex|62/100
|-heal|p2b: Floette|35/100 tox|[from] drain|[of] p1b: Toxapex
|cant|p1b: Toxapex|flinch
|
|-heal|p1b: Toxapex|68/100|[from] item: Leftovers
|-damage|p2b: Floette|28/100 tox|[from] psn
|-damage|p2a: Grimmsnarl|55/100 tox|[from] psn
|upkeep
|turn|14
|
|t:|1784737598
|move|p2a: Grimmsnarl|Light Screen|p2a: Grimmsnarl
|-sidestart|p2: Delta Isn't Niche|move: Light Screen
|move|p2b: Floette|Calm Mind|p2b: Floette
|-boost|p2b: Floette|spa|1
|-boost|p2b: Floette|spd|1
|move|p1b: Toxapex|Infestation|p2b: Floette
|-resisted|p2b: Floette|1
|-damage|p2b: Floette|28/100 tox
|-activate|p2b: Floette|move: Infestation|[of] p1b: Toxapex
|
|-heal|p1b: Toxapex|73/100|[from] item: Leftovers
|-damage|p2b: Floette|15/100 tox|[from] psn
|-damage|p2a: Grimmsnarl|37/100 tox|[from] psn
|-damage|p2b: Floette|3/100 tox|[from] move: Infestation|[partiallytrapped]
|upkeep
|turn|15
|-message|Delta Isn't Niche forfeited.
|
|win|jochnthestingray
