|j|☆elmono11
|j|☆A_TerroneVGC
|html|elmono11A_TerroneVGC    
|uhtml|bestof|Game 2 of a best-of-3
|t:|1784146097
|gametype|doubles
|player|p1|elmono11|266|1454
|player|p2|A_TerroneVGC|265|1316
|gen|9
|tier|[Gen 9 Champions] VGC 2026 Reg M-B (Bo3)
|rated|
|rule|Species Clause: Limit one of each Pokémon
|rule|Item Clause: Limit 1 of each item
|clearpoke
|poke|p1|Dragonite, L50, F|
|poke|p1|Sneasler, L50, M|
|poke|p1|Sinistcha, L50|
|poke|p1|Incineroar, L50, M|
|poke|p1|Floette-Eternal, L50, F|
|poke|p1|Kingambit, L50, F|
|poke|p2|Charizard, L50, M|
|poke|p2|Basculegion, L50, M|
|poke|p2|Venusaur, L50, M|
|poke|p2|Archaludon, L50, M|
|poke|p2|Pelipper, L50, M|
|poke|p2|Grimmsnarl, L50, M|
|teampreview|4
|showteam|p1|Dragonite||LumBerry|Multiscale|DragonClaw,ExtremeSpeed,FirePunch,Protect|Adamant||F|||50|]Sneasler||FocusSash|PoisonTouch|FakeOut,CloseCombat,PoisonJab,Coaching|Jolly||M|||50|]Sinistcha||Leftovers|Hospitality|TrickRoom,MatchaGotcha,RagePowder,Protect|Bold|||||50|]Incineroar||SitrusBerry|Intimidate|FlareBlitz,DarkestLariat,PartingShot,FakeOut|Careful||M|||50|]Floette-Eternal||Floettite|FlowerVeil|DazzlingGleam,DrainingKiss,CalmMind,Protect|Modest||F|||50|]Kingambit||BlackGlasses|Defiant|KowtowCleave,SwordsDance,SuckerPunch,Protect|Adamant||F|||50|
|showteam|p2|Charizard||CharizarditeY|Blaze|HeatWave,SolarBeam,WeatherBall,Protect|Modest||M|||50|]Basculegion||ChoiceScarf|Adaptability|WaveCrash,LastRespects,FlipTurn,AquaJet|Jolly||M|||50|]Venusaur||FocusSash|Chlorophyll|SludgeBomb,EarthPower,SleepPowder,Protect|Modest||M|||50|]Archaludon||Leftovers|Stamina|FlashCannon,DragonPulse,ElectroShot,Protect|Calm||M|||50|]Pelipper||SitrusBerry|Drizzle|WeatherBall,Hurricane,Tailwind,WideGuard|Modest||M|||50|]Grimmsnarl||LightClay|Prankster|SpiritBreak,PartingShot,Reflect,LightScreen|Sassy||M|||50|
|inactive|Battle timer is ON: inactive players will automatically lose when time's up. (requested by elmono11)
|inactive|elmono11 has 60 seconds left.
|
|t:|1784146131
|teamsize|p1|4
|teamsize|p2|4
|start
|switch|p1a: Sneasler|Sneasler, L50, M|100/100
|switch|p1b: Floette|Floette-Eternal, L50, F|100/100
|switch|p2a: Grimmsnarl|Grimmsnarl, L50, M|100/100
|switch|p2b: Charizard|Charizard, L50, M|100/100
|turn|1
|
|t:|1784146148
|detailschange|p1b: Floette|Floette-Mega, L50, F
|-mega|p1b: Floette|Floette|Floettite
|-ability|p1b: Floette|Fairy Aura
|move|p2b: Charizard|Protect|p2b: Charizard
|-singleturn|p2b: Charizard|Protect
|move|p2a: Grimmsnarl|Light Screen|p2a: Grimmsnarl
|-sidestart|p2: A_TerroneVGC|move: Light Screen
|move|p1a: Sneasler|Poison Jab|p2b: Charizard
|-activate|p2b: Charizard|move: Protect
|move|p1b: Floette|Calm Mind|p1b: Floette
|-boost|p1b: Floette|spa|1
|-boost|p1b: Floette|spd|1
|
|upkeep
|turn|2
|
|t:|1784146170
|detailschange|p2b: Charizard|Charizard-Mega-Y, L50, M
|-mega|p2b: Charizard|Charizard|Charizardite Y
|-weather|SunnyDay|[from] ability: Drought|[of] p2b: Charizard
|move|p2a: Grimmsnarl|Parting Shot|p1b: Floette
|-unboost|p1b: Floette|atk|1
|-unboost|p1b: Floette|spa|1
|
|t:|1784146177
|switch|p2a: Venusaur|Venusaur, L50, M|100/100|[from] Parting Shot
|move|p1a: Sneasler|Poison Jab|p2a: Venusaur
|-damage|p2a: Venusaur|41/100
|move|p1b: Floette|Dazzling Gleam|p2b: Charizard|[spread] p2a,p2b
|-resisted|p2a: Venusaur|1
|-resisted|p2b: Charizard|1
|-damage|p2a: Venusaur|23/100
|-damage|p2b: Charizard|85/100
|move|p2b: Charizard|Heat Wave|p1b: Floette|[spread] p1a,p1b
|-damage|p1a: Sneasler|5/100
|-damage|p1b: Floette|65/100
|
|-weather|SunnyDay|[upkeep]
|upkeep
|turn|3
|inactive|elmono11 has 30 seconds left.
|inactive|elmono11 has 20 seconds left.
|
|t:|1784146216
|switch|p1a: Dragonite|Dragonite, L50, F|100/100
|move|p1b: Floette|Protect|p1b: Floette
|-singleturn|p1b: Floette|Protect
|move|p2a: Venusaur|Sludge Bomb|p1a: Dragonite
|-damage|p1a: Dragonite|78/100
|move|p2b: Charizard|Heat Wave|p1b: Floette|[spread] p1a
|-activate|p1b: Floette|move: Protect
|-resisted|p1a: Dragonite|1
|-damage|p1a: Dragonite|46/100
|
|-weather|SunnyDay|[upkeep]
|upkeep
|turn|4
|
|t:|1784146238
|move|p2a: Venusaur|Protect|p2a: Venusaur
|-singleturn|p2a: Venusaur|Protect
|move|p1a: Dragonite|Protect|p1a: Dragonite
|-singleturn|p1a: Dragonite|Protect
|move|p1b: Floette|Calm Mind|p1b: Floette
|-boost|p1b: Floette|spa|1
|-boost|p1b: Floette|spd|1
|move|p2b: Charizard|Heat Wave|p1b: Floette|[spread] p1b
|-activate|p1a: Dragonite|move: Protect
|-damage|p1b: Floette|37/100
|
|-weather|SunnyDay|[upkeep]
|upkeep
|turn|5
|
|t:|1784146249
|switch|p2a: Grimmsnarl|Grimmsnarl, L50, M|100/100
|move|p1a: Dragonite|Extreme Speed|p2a: Grimmsnarl
|-damage|p2a: Grimmsnarl|66/100
|move|p1b: Floette|Draining Kiss|p2a: Grimmsnarl
|-supereffective|p2a: Grimmsnarl|1
|-damage|p2a: Grimmsnarl|4/100
|-heal|p1b: Floette|90/100|[from] drain|[of] p2a: Grimmsnarl
|move|p2b: Charizard|Heat Wave|p1b: Floette|[spread] p1a,p1b
|-resisted|p1a: Dragonite|1
|-damage|p1a: Dragonite|14/100
|-damage|p1b: Floette|65/100
|
|-weather|SunnyDay|[upkeep]
|upkeep
|turn|6
|
|t:|1784146266
|switch|p1a: Sinistcha|Sinistcha, L50|100/100
|-heal|p1b: Floette|89/100|[from] ability: Hospitality|[of] p1a: Sinistcha
|move|p2a: Grimmsnarl|Reflect|p2a: Grimmsnarl
|-sidestart|p2: A_TerroneVGC|Reflect
|move|p1b: Floette|Dazzling Gleam|p2a: Grimmsnarl|[spread] p2a,p2b
|-supereffective|p2a: Grimmsnarl|1
|-resisted|p2b: Charizard|1
|-damage|p2a: Grimmsnarl|0 fnt
|-damage|p2b: Charizard|67/100
|faint|p2a: Grimmsnarl
|move|p2b: Charizard|Heat Wave|p1b: Floette|[spread] p1a,p1b
|-supereffective|p1a: Sinistcha|1
|-damage|p1a: Sinistcha|0 fnt
|-damage|p1b: Floette|63/100
|faint|p1a: Sinistcha
|
|-weather|none
|upkeep
|
|t:|1784146283
|switch|p1a: Sneasler|Sneasler, L50, M|5/100
|switch|p2a: Basculegion|Basculegion, L50, M|100/100
|turn|7
|
|t:|1784146299
|switch|p2b: Venusaur|Venusaur, L50, M|23/100
|move|p1a: Sneasler|Fake Out|p2b: Venusaur
|-damage|p2b: Venusaur|10/100
|move|p2a: Basculegion|Flip Turn|p1a: Sneasler
|-damage|p1a: Sneasler|0 fnt
|faint|p1a: Sneasler
|
|t:|1784146308
|switch|p2a: Charizard|Charizard-Mega-Y, L50, M|67/100|[from] Flip Turn
|-weather|SunnyDay|[from] ability: Drought|[of] p2a: Charizard
|move|p1b: Floette|Draining Kiss|p2a: Charizard
|-resisted|p2a: Charizard|1
|-damage|p2a: Charizard|50/100g
|-heal|p1b: Floette|76/100|[from] drain|[of] p2a: Charizard
|
|-weather|SunnyDay|[upkeep]
|upkeep
|
|t:|1784146310
|switch|p1a: Dragonite|Dragonite, L50, F|14/100
|turn|8
|
|t:|1784146328
|move|p2b: Venusaur|Protect|p2b: Venusaur
|-singleturn|p2b: Venusaur|Protect
|move|p1b: Floette|Protect|p1b: Floette
|-singleturn|p1b: Floette|Protect
|move|p1a: Dragonite|Protect|p1a: Dragonite
|-singleturn|p1a: Dragonite|Protect
|move|p2a: Charizard|Heat Wave|p1a: Dragonite|[spread] 
|-activate|p1a: Dragonite|move: Protect
|-activate|p1b: Floette|move: Protect
|
|-weather|SunnyDay|[upkeep]
|-sideend|p2: A_TerroneVGC|move: Light Screen
|upkeep
|turn|9
|
|t:|1784146343
|move|p1a: Dragonite|Extreme Speed|p2b: Venusaur
|-damage|p2b: Venusaur|0 fnt
|faint|p2b: Venusaur
|move|p1b: Floette|Draining Kiss|p2a: Charizard
|-resisted|p2a: Charizard|1
|-damage|p2a: Charizard|27/100
|-heal|p1b: Floette|94/100|[from] drain|[of] p2a: Charizard
|move|p2a: Charizard|Heat Wave|p1a: Dragonite|[spread] p1a,p1b
|-resisted|p1a: Dragonite|1
|-damage|p1a: Dragonite|0 fnt
|-damage|p1b: Floette|69/100
|faint|p1a: Dragonite
|
|-weather|SunnyDay|[upkeep]
|upkeep
|
|t:|1784146353
|switch|p2b: Basculegion|Basculegion, L50, M|100/100
|turn|10
|
|t:|1784146359
|move|p2b: Basculegion|Last Respects|p1b: Floette
|-damage|p1b: Floette|0 fnt
|faint|p1b: Floette
|
|win|A_TerroneVGC
