|j|☆KingNoahC17
|j|☆Imreesithink
|html|KingNoahC17Imreesithink    
|uhtml|bestof|Game 2 of a best-of-3
|t:|1784140539
|gametype|doubles
|player|p1|KingNoahC17|alec-anime|
|player|p2|Imreesithink|blackbelt-gen4dp|
|gen|9
|tier|[Gen 9 Champions] VGC 2026 Reg M-B (Bo3)
|rule|Species Clause: Limit one of each Pokémon
|rule|Item Clause: Limit 1 of each item
|clearpoke
|poke|p1|Volcarona, L50, M|
|poke|p1|Milotic, L50, F|
|poke|p1|Gholdengo, L50|
|poke|p1|Sinistcha, L50|
|poke|p1|Tyranitar, L50, M|
|poke|p1|Grimmsnarl, L50, M|
|poke|p2|Garchomp, L50, M|
|poke|p2|Venusaur, L50, F|
|poke|p2|Incineroar, L50, F|
|poke|p2|Charizard, L50, F|
|poke|p2|Toxapex, L50, F|
|poke|p2|Annihilape, L50, F|
|teampreview|4
|showteam|p1|Volcarona||SitrusBerry|FlameBody|FieryDance,StruggleBug,RagePowder,Tailwind|Timid||M|||50|]Milotic||Leftovers|Competitive|MuddyWater,Coil,Hypnosis,Recover|Calm||F|||50|]Gholdengo||LifeOrb|GoodasGold|MakeItRain,ShadowBall,NastyPlot,Protect|Modest|||||50|]Sinistcha||ColburBerry|Hospitality|MatchaGotcha,RagePowder,TrickRoom,Protect|Bold|||||50|]Tyranitar||Tyranitarite|SandStream|RockSlide,KnockOff,DragonDance,Protect|Jolly||M|||50|]Grimmsnarl||LightClay|Prankster|FakeOut,Reflect,LightScreen,PartingShot|Careful||M|||50|
|showteam|p2|Garchomp||ChoiceScarf|RoughSkin|Earthquake,RockSlide,DragonClaw,StompingTantrum|Adamant||M|||50|]Venusaur||LifeOrb|Chlorophyll|SludgeBomb,SolarBeam,EarthPower,Protect|Modest||F|||50|]Incineroar||SitrusBerry|Intimidate|FakeOut,FlareBlitz,ThroatChop,PartingShot|Impish||F|||50|]Charizard||CharizarditeY|Blaze|HeatWave,WeatherBall,Protect,HelpingHand|Modest||F|||50|]Toxapex||Leftovers|Regenerator|Infestation,Toxic,WideGuard,BanefulBunker|Bold||F|||50|]Annihilape||FocusSash|Defiant|CloseCombat,PhantomForce,RockTomb,Protect|Jolly||F|||50|
|inactive|Battle timer is ON: inactive players will automatically lose when time's up. (requested by Imreesithink)
|j| Than man3.14
|inactive|KingNoahC17 also wants the timer to be on.
|
|t:|1784140563
|teamsize|p1|4
|teamsize|p2|4
|start
|switch|p1a: Milotic|Milotic, L50, F|100/100
|switch|p1b: Grimmsnarl|Grimmsnarl, L50, M|100/100
|switch|p2a: Charizard|Charizard, L50, F|100/100
|switch|p2b: Venusaur|Venusaur, L50, F|100/100
|turn|1
|
|t:|1784140580
|switch|p1a: Volcarona|Volcarona, L50, M|100/100
|detailschange|p2a: Charizard|Charizard-Mega-Y, L50, F
|-mega|p2a: Charizard|Charizard|Charizardite Y
|-weather|SunnyDay|[from] ability: Drought|[of] p2a: Charizard
|move|p1b: Grimmsnarl|Light Screen|p1b: Grimmsnarl
|-sidestart|p1: KingNoahC17|move: Light Screen
|move|p2b: Venusaur|Solar Beam||[still]
|-prepare|p2b: Venusaur|Solar Beam
|-anim|p2b: Venusaur|Solar Beam|p1a: Volcarona
|-resisted|p1a: Volcarona|2
|-damage|p1a: Volcarona|88/100
|-damage|p2b: Venusaur|90/100|[from] item: Life Orb
|move|p2a: Charizard|Heat Wave|p1a: Volcarona|[spread] p1a,p1b
|-crit|p1b: Grimmsnarl
|-damage|p1a: Volcarona|49/100
|-damage|p1b: Grimmsnarl|22/100
|-enditem|p1a: Volcarona|Sitrus Berry|[eat]
|-heal|p1a: Volcarona|74/100|[from] item: Sitrus Berry
|
|-weather|SunnyDay|[upkeep]
|upkeep
|turn|2
|
|t:|1784140598
|move|p1b: Grimmsnarl|Parting Shot|p2a: Charizard
|-unboost|p2a: Charizard|atk|1
|-unboost|p2a: Charizard|spa|1
|
|t:|1784140602
|switch|p1b: Tyranitar|Tyranitar, L50, M|100/100|[from] Parting Shot
|-weather|Sandstorm|[from] ability: Sand Stream|[of] p1b: Tyranitar
|move|p1a: Volcarona|Fiery Dance|p2b: Venusaur
|-supereffective|p2b: Venusaur|1
|-damage|p2b: Venusaur|11/100
|-boost|p1a: Volcarona|spa|1
|move|p2a: Charizard|Heat Wave|p1a: Volcarona|[spread] p1a,p1b
|-resisted|p1b: Tyranitar|1
|-damage|p1a: Volcarona|58/100
|-damage|p1b: Tyranitar|95/100
|-status|p1b: Tyranitar|brn
|move|p2b: Venusaur|Sludge Bomb|p1a: Volcarona
|-damage|p1a: Volcarona|23/100
|-damage|p2b: Venusaur|1/100|[from] item: Life Orb
|
|-weather|Sandstorm|[upkeep]
|-damage|p1a: Volcarona|17/100|[from] Sandstorm
|-damage|p2a: Charizard|93/100|[from] Sandstorm
|-damage|p2b: Venusaur|0 fnt|[from] Sandstorm
|faint|p2b: Venusaur
|-damage|p1b: Tyranitar|89/100 brn|[from] brn
|upkeep
|inactive|Imreesithink has 30 seconds left.
|
|t:|1784140631
|switch|p2b: Annihilape|Annihilape, L50, F|100/100
|turn|3
|inactive|Imreesithink has 30 seconds left.
|inactive|KingNoahC17 has 30 seconds left.
|inactive|Imreesithink has 20 seconds left.
|inactive|KingNoahC17 has 20 seconds left.
|
|t:|1784140671
|switch|p1a: Milotic|Milotic, L50, F|100/100
|detailschange|p1b: Tyranitar|Tyranitar-Mega, L50, M
|-mega|p1b: Tyranitar|Tyranitar|Tyranitarite
|move|p2b: Annihilape|Close Combat|p1b: Tyranitar
|-supereffective|p1b: Tyranitar|2
|-damage|p1b: Tyranitar|0 fnt
|-unboost|p2b: Annihilape|def|1
|-unboost|p2b: Annihilape|spd|1
|faint|p1b: Tyranitar
|move|p2a: Charizard|Heat Wave|p1a: Milotic|[miss]
|-miss|p2a: Charizard|p1a: Milotic
|
|-weather|Sandstorm|[upkeep]
|-damage|p2b: Annihilape|94/100|[from] Sandstorm
|-damage|p2a: Charizard|87/100|[from] Sandstorm
|-damage|p1a: Milotic|94/100|[from] Sandstorm
|-heal|p1a: Milotic|100/100|[from] item: Leftovers
|upkeep
|
|t:|1784140681
|switch|p1b: Grimmsnarl|Grimmsnarl, L50, M|22/100
|turn|4
|
|t:|1784140687
|switch|p2a: Toxapex|Toxapex, L50, F|100/100
|move|p1b: Grimmsnarl|Reflect|p1b: Grimmsnarl
|-sidestart|p1: KingNoahC17|Reflect
|move|p2b: Annihilape|Close Combat|p1b: Grimmsnarl
|-damage|p1b: Grimmsnarl|0 fnt
|-unboost|p2b: Annihilape|def|1
|-unboost|p2b: Annihilape|spd|1
|faint|p1b: Grimmsnarl
|move|p1a: Milotic|Coil|p1a: Milotic
|-boost|p1a: Milotic|atk|1
|-boost|p1a: Milotic|def|1
|-boost|p1a: Milotic|accuracy|1
|
|-weather|Sandstorm|[upkeep]
|-damage|p2b: Annihilape|88/100|[from] Sandstorm
|-damage|p1a: Milotic|94/100|[from] Sandstorm
|-damage|p2a: Toxapex|94/100|[from] Sandstorm
|-heal|p1a: Milotic|100/100|[from] item: Leftovers
|-heal|p2a: Toxapex|100/100|[from] item: Leftovers
|upkeep
|
|t:|1784140695
|switch|p1b: Volcarona|Volcarona, L50, M|17/100
|turn|5
|
|t:|1784140702
|move|p2b: Annihilape|Rock Tomb|p1b: Volcarona|[miss]
|-miss|p2b: Annihilape|p1b: Volcarona
|move|p1b: Volcarona|Fiery Dance|p2b: Annihilape
|-damage|p2b: Annihilape|11/100
|-boost|p1b: Volcarona|spa|1
|move|p1a: Milotic|Hypnosis|p2a: Toxapex
|-status|p2a: Toxapex|slp|[from] move: Hypnosis
|cant|p2a: Toxapex|slp
|
|-weather|Sandstorm|[upkeep]
|-damage|p2b: Annihilape|5/100|[from] Sandstorm
|-damage|p1b: Volcarona|11/100|[from] Sandstorm
|-damage|p1a: Milotic|94/100|[from] Sandstorm
|-damage|p2a: Toxapex|94/100 slp|[from] Sandstorm
|-heal|p1a: Milotic|100/100|[from] item: Leftovers
|-heal|p2a: Toxapex|100/100 slp|[from] item: Leftovers
|upkeep
|turn|6
|
|t:|1784140716
|move|p2b: Annihilape|Rock Tomb|p1b: Volcarona
|-supereffective|p1b: Volcarona|2
|-damage|p1b: Volcarona|0 fnt
|faint|p1b: Volcarona
|move|p1a: Milotic|Coil|p1a: Milotic
|-boost|p1a: Milotic|atk|1
|-boost|p1a: Milotic|def|1
|-boost|p1a: Milotic|accuracy|1
|cant|p2a: Toxapex|slp
|
|-weather|none
|upkeep
|turn|7
|
|t:|1784140724
|move|p2b: Annihilape|Close Combat|p1a: Milotic
|-damage|p1a: Milotic|84/100
|-unboost|p2b: Annihilape|def|1
|-unboost|p2b: Annihilape|spd|1
|move|p1a: Milotic|Muddy Water|p2b: Annihilape|[spread] p2a,p2b
|-resisted|p2a: Toxapex|1
|-damage|p2a: Toxapex|91/100 slp
|-damage|p2b: Annihilape|0 fnt
|faint|p2b: Annihilape
|-curestatus|p2a: Toxapex|slp|[msg]
|move|p2a: Toxapex|Toxic|p1a: Milotic
|-status|p1a: Milotic|tox
|
|-heal|p1a: Milotic|90/100 tox|[from] item: Leftovers
|-heal|p2a: Toxapex|97/100|[from] item: Leftovers
|-damage|p1a: Milotic|84/100 tox|[from] psn
|upkeep
|
|t:|1784140736
|switch|p2b: Charizard|Charizard-Mega-Y, L50, F|87/100
|-weather|SunnyDay|[from] ability: Drought|[of] p2b: Charizard
|turn|8
|
|t:|1784140743
|move|p2b: Charizard|Weather Ball|p1a: Milotic
|-resisted|p1a: Milotic|1
|-damage|p1a: Milotic|66/100 tox
|move|p1a: Milotic|Hypnosis|p2b: Charizard
|-status|p2b: Charizard|slp|[from] move: Hypnosis
|move|p2a: Toxapex|Infestation|p1a: Milotic
|-damage|p1a: Milotic|65/100 tox
|-activate|p1a: Milotic|move: Infestation|[of] p2a: Toxapex
|
|-weather|SunnyDay|[upkeep]
|-heal|p1a: Milotic|71/100 tox|[from] item: Leftovers
|-heal|p2a: Toxapex|100/100|[from] item: Leftovers
|-damage|p1a: Milotic|59/100 tox|[from] psn
|-damage|p1a: Milotic|47/100 tox|[from] move: Infestation|[partiallytrapped]
|-sideend|p1: KingNoahC17|move: Light Screen
|upkeep
|turn|9
|
|t:|1784140749
|cant|p2b: Charizard|slp
|move|p1a: Milotic|Hypnosis|p2a: Toxapex
|-status|p2a: Toxapex|slp|[from] move: Hypnosis
|cant|p2a: Toxapex|slp
|
|-weather|SunnyDay|[upkeep]
|-heal|p1a: Milotic|52/100 tox|[from] item: Leftovers
|-damage|p1a: Milotic|35/100 tox|[from] psn
|-damage|p1a: Milotic|22/100 tox|[from] move: Infestation|[partiallytrapped]
|upkeep
|turn|10
|
|t:|1784140753
|cant|p2b: Charizard|slp
|move|p1a: Milotic|Recover|p1a: Milotic
|-heal|p1a: Milotic|72/100 tox
|cant|p2a: Toxapex|slp
|
|-weather|SunnyDay|[upkeep]
|-heal|p1a: Milotic|78/100 tox|[from] item: Leftovers
|-damage|p1a: Milotic|54/100 tox|[from] psn
|-damage|p1a: Milotic|42/100 tox|[from] move: Infestation|[partiallytrapped]
|upkeep
|turn|11
|
|t:|1784140767
|-curestatus|p2b: Charizard|slp|[msg]
|move|p2b: Charizard|Weather Ball|p1a: Milotic
|-resisted|p1a: Milotic|1
|-damage|p1a: Milotic|15/100 tox
|move|p1a: Milotic|Muddy Water|p2a: Toxapex|[spread] p2a,p2b
|-resisted|p2a: Toxapex|1
|-supereffective|p2b: Charizard|1
|-damage|p2a: Toxapex|96/100 slp
|-damage|p2b: Charizard|67/100
|-curestatus|p2a: Toxapex|slp|[msg]
|move|p2a: Toxapex|Infestation|p1a: Milotic
|-damage|p1a: Milotic|13/100 tox
|
|-weather|SunnyDay|[upkeep]
|-heal|p1a: Milotic|19/100 tox|[from] item: Leftovers
|-heal|p2a: Toxapex|100/100|[from] item: Leftovers
|-damage|p1a: Milotic|0 fnt|[from] psn
|faint|p1a: Milotic
|
|win|Imreesithink
|l| Than man3.14
|j| Than man3.14
|l|☆Imreesithink
|player|p2|
