|j|☆pokeopposition
|j|☆santicifupe
|html|pokeoppositionsanticifupe    
|uhtml|bestof|Game 2 of a best-of-3
|t:|1783195714
|gametype|doubles
|player|p1|pokeopposition|silver|1161
|player|p2|santicifupe|iris-gen5bw2|1149
|gen|9
|tier|[Gen 9 Champions] VGC 2026 Reg M-B (Bo3)
|rated|
|rule|Species Clause: Limit one of each Pokémon
|rule|Item Clause: Limit 1 of each item
|clearpoke
|poke|p1|Steelix, L50, F|
|poke|p1|Tyranitar, L50, M|
|poke|p1|Incineroar, L50, F|
|poke|p1|Sneasler, L50, F|
|poke|p1|Sinistcha, L50, shiny|
|poke|p1|Rotom-Wash, L50|
|poke|p2|Milotic, L50, F, shiny|
|poke|p2|Incineroar, L50, F|
|poke|p2|Sinistcha-Masterpiece, L50, shiny|
|poke|p2|Floette-Eternal, L50, F, shiny|
|poke|p2|Sneasler, L50, F, shiny|
|poke|p2|Blaziken, L50, M|
|teampreview|4
|showteam|p1|Steelix||Steelixite|Sturdy|HighHorsepower,HeavySlam,WideGuard,Protect|Brave||F|||50|]Tyranitar||Tyranitarite|SandStream|KnockOff,DragonDance,RockSlide,Protect|Jolly||M|||50|]Incineroar||PasshoBerry|Intimidate|FakeOut,PartingShot,FlareBlitz,ThroatChop|Careful||F|||50|]Sneasler||WhiteHerb|Unburden|FakeOut,Protect,CloseCombat,DireClaw|Jolly||F|||50|]Sinistcha||SitrusBerry|Hospitality|MatchaGotcha,TrickRoom,RagePowder,Protect|Relaxed|||||50|]Rotom-Wash||Leftovers|Levitate|WillOWisp,HydroPump,Thunderbolt,LightScreen|Bold|||||50|
|showteam|p2|Milotic||Leftovers|Competitive|MuddyWater,Recover,Hypnosis,Coil|Calm||F|||50|]Incineroar||SitrusBerry|Intimidate|FakeOut,FlareBlitz,ThroatChop,PartingShot|Careful||F|||50|]Sinistcha-Masterpiece||KasibBerry|Hospitality|MatchaGotcha,Protect,TrickRoom,RagePowder|Bold|||||50|]Floette-Eternal||Floettite|FlowerVeil|CalmMind,Protect,DrainingKiss,DazzlingGleam|Modest||F|||50|]Sneasler||FocusSash|PoisonTouch|FakeOut,Protect,DireClaw,CloseCombat|Jolly||F|||50|]Blaziken||Blazikenite|SpeedBoost|RockSlide,SwordsDance,Protect,CloseCombat|Adamant||M|||50|
|inactive|Battle timer is ON: inactive players will automatically lose when time's up. (requested by santicifupe)
|
|t:|1783195734
|teamsize|p1|4
|teamsize|p2|4
|start
|switch|p1a: Incineroar|Incineroar, L50, F|100/100
|switch|p1b: Tyranitar|Tyranitar, L50, M|100/100
|switch|p2a: hypnosis|Milotic, L50, F, shiny|100/100
|switch|p2b: wolfe's nigthmare|Incineroar, L50, F|100/100
|-weather|Sandstorm|[from] ability: Sand Stream|[of] p1b: Tyranitar
|-ability|p2b: wolfe's nigthmare|Intimidate|boost
|-unboost|p1a: Incineroar|atk|1
|-unboost|p1b: Tyranitar|atk|1
|-ability|p1a: Incineroar|Intimidate|boost
|-unboost|p2a: hypnosis|atk|1
|-ability|p2a: hypnosis|Competitive|boost
|-boost|p2a: hypnosis|spa|2
|-unboost|p2b: wolfe's nigthmare|atk|1
|turn|1
|
|t:|1783195747
|move|p2b: wolfe's nigthmare|Fake Out|p1b: Tyranitar
|-resisted|p1b: Tyranitar|1
|-damage|p1b: Tyranitar|96/100
|move|p1a: Incineroar|Fake Out|p2a: hypnosis
|-damage|p2a: hypnosis|92/100
|cant|p1b: Tyranitar|flinch
|cant|p2a: hypnosis|flinch
|
|-weather|Sandstorm|[upkeep]
|-damage|p2a: hypnosis|86/100|[from] Sandstorm
|-damage|p1a: Incineroar|94/100|[from] Sandstorm
|-damage|p2b: wolfe's nigthmare|94/100|[from] Sandstorm
|-heal|p2a: hypnosis|92/100|[from] item: Leftovers
|upkeep
|turn|2
|
|t:|1783195761
|move|p1b: Tyranitar|Dragon Dance|p1b: Tyranitar
|-boost|p1b: Tyranitar|atk|1
|-boost|p1b: Tyranitar|spe|1
|move|p2a: hypnosis|Coil|p2a: hypnosis
|-boost|p2a: hypnosis|atk|1
|-boost|p2a: hypnosis|def|1
|-boost|p2a: hypnosis|accuracy|1
|move|p2b: wolfe's nigthmare|Parting Shot|p1b: Tyranitar
|-unboost|p1b: Tyranitar|atk|1
|-unboost|p1b: Tyranitar|spa|1
|
|t:|1783195772
|switch|p2b: Floette|Floette-Eternal, L50, F, shiny|100/100|[from] Parting Shot
|move|p1a: Incineroar|Parting Shot|p2b: Floette
|-unboost|p2b: Floette|atk|1
|-unboost|p2b: Floette|spa|1
|
|t:|1783195776
|switch|p1a: Sneasler|Sneasler, L50, F|100/100|[from] Parting Shot
|
|-weather|Sandstorm|[upkeep]
|-damage|p1a: Sneasler|94/100|[from] Sandstorm
|-damage|p2b: Floette|94/100|[from] Sandstorm
|-damage|p2a: hypnosis|86/100|[from] Sandstorm
|-heal|p2a: hypnosis|92/100|[from] item: Leftovers
|upkeep
|turn|3
|
|t:|1783195793
|switch|p2b: wolfe's nigthmare|Incineroar, L50, F|94/100
|-ability|p2b: wolfe's nigthmare|Intimidate|boost
|-unboost|p1a: Sneasler|atk|1
|-unboost|p1b: Tyranitar|atk|1
|-enditem|p1a: Sneasler|White Herb
|-clearnegativeboost|p1a: Sneasler|[silent]
|move|p1a: Sneasler|Fake Out|p2a: hypnosis
|-damage|p2a: hypnosis|81/100
|move|p1b: Tyranitar|Dragon Dance|p1b: Tyranitar
|-boost|p1b: Tyranitar|atk|1
|-boost|p1b: Tyranitar|spe|1
|cant|p2a: hypnosis|flinch
|
|-weather|Sandstorm|[upkeep]
|-damage|p1a: Sneasler|88/100|[from] Sandstorm
|-damage|p2a: hypnosis|75/100|[from] Sandstorm
|-damage|p2b: wolfe's nigthmare|88/100|[from] Sandstorm
|-heal|p2a: hypnosis|81/100|[from] item: Leftovers
|upkeep
|turn|4
|
|t:|1783195807
|move|p1a: Sneasler|Protect|p1a: Sneasler
|-singleturn|p1a: Sneasler|Protect
|move|p1b: Tyranitar|Protect|p1b: Tyranitar
|-singleturn|p1b: Tyranitar|Protect
|move|p2b: wolfe's nigthmare|Fake Out|p1a: Sneasler
|-activate|p1a: Sneasler|move: Protect
|move|p2a: hypnosis|Muddy Water|p1a: Sneasler|[spread] 
|-activate|p1a: Sneasler|move: Protect
|-activate|p1b: Tyranitar|move: Protect
|
|-weather|Sandstorm|[upkeep]
|-damage|p1a: Sneasler|82/100|[from] Sandstorm
|-damage|p2a: hypnosis|75/100|[from] Sandstorm
|-damage|p2b: wolfe's nigthmare|82/100|[from] Sandstorm
|-heal|p2a: hypnosis|81/100|[from] item: Leftovers
|upkeep
|turn|5
|
|t:|1783195822
|switch|p2b: Sinistcha|Sinistcha-Masterpiece, L50, shiny|100/100
|-heal|p2a: hypnosis|100/100|[from] ability: Hospitality|[of] p2b: Sinistcha
|detailschange|p1b: Tyranitar|Tyranitar-Mega, L50, M
|-mega|p1b: Tyranitar|Tyranitar|Tyranitarite
|move|p1a: Sneasler|Close Combat|p2b: Sinistcha
|-immune|p2b: Sinistcha
|move|p1b: Tyranitar|Rock Slide|p2b: Sinistcha|[spread] p2a,p2b
|-damage|p2a: hypnosis|83/100
|-damage|p2b: Sinistcha|83/100
|move|p2a: hypnosis|Muddy Water|p1a: Sneasler|[spread] p1a,p1b
|-supereffective|p1b: Tyranitar|1
|-damage|p1a: Sneasler|17/100
|-damage|p1b: Tyranitar|41/100
|-unboost|p1b: Tyranitar|accuracy|1
|
|-weather|none
|-heal|p2a: hypnosis|89/100|[from] item: Leftovers
|upkeep
|turn|6
|
|t:|1783195842
|move|p1a: Sneasler|Dire Claw|p2b: Sinistcha
|-damage|p2b: Sinistcha|52/100
|move|p1b: Tyranitar|Rock Slide|p2b: Sinistcha|[spread] p2a
|-miss|p1b: Tyranitar|p2b: Sinistcha
|-damage|p2a: hypnosis|72/100
|move|p2a: hypnosis|Coil|p2a: hypnosis
|-boost|p2a: hypnosis|atk|1
|-boost|p2a: hypnosis|def|1
|-boost|p2a: hypnosis|accuracy|1
|move|p2b: Sinistcha|Matcha Gotcha|p1b: Tyranitar|[spread] p1a,p1b
|-resisted|p1a: Sneasler|1
|-supereffective|p1b: Tyranitar|1
|-damage|p1a: Sneasler|1/100
|-heal|p2b: Sinistcha|60/100|[from] drain|[of] p1a: Sneasler
|-damage|p1b: Tyranitar|0 fnt
|-heal|p2b: Sinistcha|81/100|[from] drain|[of] p1b: Tyranitar
|faint|p1b: Tyranitar
|
|-heal|p2a: hypnosis|78/100|[from] item: Leftovers
|upkeep
|
|t:|1783195859
|switch|p1b: Sinistcha|Sinistcha, L50, shiny|100/100
|-heal|p1a: Sneasler|25/100|[from] ability: Hospitality|[of] p1b: Sinistcha
|turn|7
|
|t:|1783195874
|move|p2b: Sinistcha|Rage Powder|p2b: Sinistcha
|-singleturn|p2b: Sinistcha|move: Rage Powder
|move|p1a: Sneasler|Dire Claw|p2b: Sinistcha
|-damage|p2b: Sinistcha|53/100
|-status|p2b: Sinistcha|slp
|move|p2a: hypnosis|Hypnosis|p1b: Sinistcha
|-status|p1b: Sinistcha|slp|[from] move: Hypnosis
|cant|p1b: Sinistcha|slp
|
|-heal|p2a: hypnosis|84/100|[from] item: Leftovers
|upkeep
|turn|8
|inactive|pokeopposition has 30 seconds left.
|
|t:|1783195901
|switch|p2b: wolfe's nigthmare|Incineroar, L50, F|82/100
|-ability|p2b: wolfe's nigthmare|Intimidate|boost
|-unboost|p1a: Sneasler|atk|1
|-unboost|p1b: Sinistcha|atk|1
|move|p1a: Sneasler|Dire Claw|p2a: hypnosis
|-damage|p2a: hypnosis|69/100
|move|p2a: hypnosis|Hypnosis|p1a: Sneasler
|-status|p1a: Sneasler|slp|[from] move: Hypnosis
|-curestatus|p1b: Sinistcha|slp|[msg]
|move|p1b: Sinistcha|Matcha Gotcha|p2a: hypnosis|[spread] p2a,p2b
|-supereffective|p2a: hypnosis|1
|-resisted|p2b: wolfe's nigthmare|1
|-damage|p2a: hypnosis|39/100
|-damage|p2b: wolfe's nigthmare|73/100
|-status|p2a: hypnosis|brn
|
|-heal|p2a: hypnosis|45/100 brn|[from] item: Leftovers
|-damage|p2a: hypnosis|39/100 brn|[from] brn
|upkeep
|turn|9
|inactive|santicifupe has 30 seconds left.
|inactive|santicifupe has 20 seconds left.
|
|t:|1783195943
|move|p1b: Sinistcha|Protect|p1b: Sinistcha
|-singleturn|p1b: Sinistcha|Protect
|cant|p1a: Sneasler|slp
|move|p2a: hypnosis|Recover|p2a: hypnosis
|-heal|p2a: hypnosis|89/100 brn
|move|p2b: wolfe's nigthmare|Flare Blitz|p1b: Sinistcha
|-activate|p1b: Sinistcha|move: Protect
|
|-heal|p2a: hypnosis|95/100 brn|[from] item: Leftovers
|-damage|p2a: hypnosis|89/100 brn|[from] brn
|upkeep
|turn|10
|
|t:|1783195956
|-curestatus|p1a: Sneasler|slp|[msg]
|move|p1a: Sneasler|Close Combat|p2b: wolfe's nigthmare
|-supereffective|p2b: wolfe's nigthmare|1
|-damage|p2b: wolfe's nigthmare|0 fnt
|-unboost|p1a: Sneasler|def|1
|-unboost|p1a: Sneasler|spd|1
|faint|p2b: wolfe's nigthmare
|move|p2a: hypnosis|Hypnosis|p1b: Sinistcha
|-status|p1b: Sinistcha|slp|[from] move: Hypnosis
|cant|p1b: Sinistcha|slp
|
|-heal|p2a: hypnosis|95/100 brn|[from] item: Leftovers
|-damage|p2a: hypnosis|89/100 brn|[from] brn
|upkeep
|
|t:|1783195964
|switch|p2b: Sinistcha|Sinistcha-Masterpiece, L50, shiny|53/100 slp
|-heal|p2a: hypnosis|100/100 brn|[from] ability: Hospitality|[of] p2b: Sinistcha
|turn|11
|
|t:|1783195986
|move|p1a: Sneasler|Dire Claw|p2a: hypnosis
|-damage|p2a: hypnosis|84/100 brn
|move|p2a: hypnosis|Hypnosis|p1a: Sneasler
|-status|p1a: Sneasler|slp|[from] move: Hypnosis
|cant|p2b: Sinistcha|slp
|-curestatus|p1b: Sinistcha|slp|[msg]
|move|p1b: Sinistcha|Matcha Gotcha|p2a: hypnosis|[spread] p2a,p2b
|-supereffective|p2a: hypnosis|1
|-resisted|p2b: Sinistcha|1
|-damage|p2a: hypnosis|56/100 brn
|-damage|p2b: Sinistcha|40/100 slp
|
|-heal|p2a: hypnosis|62/100 brn|[from] item: Leftovers
|-damage|p2a: hypnosis|56/100 brn|[from] brn
|upkeep
|turn|12
|
|t:|1783196008
|move|p1b: Sinistcha|Protect|p1b: Sinistcha
|-singleturn|p1b: Sinistcha|Protect
|cant|p1a: Sneasler|slp
|move|p2a: hypnosis|Hypnosis|p1b: Sinistcha
|-activate|p1b: Sinistcha|move: Protect
|cant|p2b: Sinistcha|slp
|
|-heal|p2a: hypnosis|62/100 brn|[from] item: Leftovers
|-damage|p2a: hypnosis|56/100 brn|[from] brn
|upkeep
|turn|13
|
|t:|1783196016
|-curestatus|p1a: Sneasler|slp|[msg]
|move|p1a: Sneasler|Close Combat|p2a: hypnosis
|-damage|p2a: hypnosis|34/100 brn
|-unboost|p1a: Sneasler|def|1
|-unboost|p1a: Sneasler|spd|1
|move|p2a: hypnosis|Recover|p2a: hypnosis
|-heal|p2a: hypnosis|84/100 brn
|-curestatus|p2b: Sinistcha|slp|[msg]
|move|p2b: Sinistcha|Matcha Gotcha|p1a: Sneasler|[spread] p1a,p1b
|-resisted|p1a: Sneasler|1
|-resisted|p1b: Sinistcha|1
|-damage|p1a: Sneasler|0 fnt
|-heal|p2b: Sinistcha|51/100|[from] drain|[of] p1a: Sneasler
|-damage|p1b: Sinistcha|86/100
|-heal|p2b: Sinistcha|58/100|[from] drain|[of] p1b: Sinistcha
|faint|p1a: Sneasler
|move|p1b: Sinistcha|Matcha Gotcha|p2b: Sinistcha|[spread] p2a,p2b
|-supereffective|p2a: hypnosis|1
|-resisted|p2b: Sinistcha|1
|-damage|p2a: hypnosis|56/100 brn
|-heal|p1b: Sinistcha|100/100|[from] drain|[of] p2a: hypnosis
|-damage|p2b: Sinistcha|44/100
|
|-heal|p2a: hypnosis|62/100 brn|[from] item: Leftovers
|-damage|p2a: hypnosis|56/100 brn|[from] brn
|upkeep
|
|t:|1783196022
|switch|p1a: Incineroar|Incineroar, L50, F|94/100
|-ability|p1a: Incineroar|Intimidate|boost
|-unboost|p2a: hypnosis|atk|1
|-ability|p2a: hypnosis|Competitive|boost
|-boost|p2a: hypnosis|spa|2
|-unboost|p2b: Sinistcha|atk|1
|turn|14
|
|t:|1783196038
|move|p1a: Incineroar|Fake Out|p2a: hypnosis
|-damage|p2a: hypnosis|50/100g brn
|cant|p2a: hypnosis|flinch
|move|p2b: Sinistcha|Matcha Gotcha|p1b: Sinistcha|[spread] p1a,p1b
|-resisted|p1a: Incineroar|1
|-resisted|p1b: Sinistcha|1
|-damage|p1a: Incineroar|84/100
|-heal|p2b: Sinistcha|50/100y|[from] drain|[of] p1a: Incineroar
|-damage|p1b: Sinistcha|88/100
|-heal|p2b: Sinistcha|56/100|[from] drain|[of] p1b: Sinistcha
|move|p1b: Sinistcha|Trick Room|p1b: Sinistcha
|-fieldstart|move: Trick Room|[of] p1b: Sinistcha
|
|-heal|p2a: hypnosis|56/100 brn|[from] item: Leftovers
|-damage|p2a: hypnosis|50/100g brn|[from] brn
|upkeep
|turn|15
|
|t:|1783196049
|move|p1a: Incineroar|Flare Blitz|p2b: Sinistcha
|-supereffective|p2b: Sinistcha|1
|-damage|p2b: Sinistcha|0 fnt
|faint|p2b: Sinistcha
|-damage|p1a: Incineroar|67/100|[from] Recoil
|move|p1b: Sinistcha|Matcha Gotcha|p2a: hypnosis
|-supereffective|p2a: hypnosis|1
|-damage|p2a: hypnosis|12/100 brn
|-heal|p1b: Sinistcha|100/100|[from] drain|[of] p2a: hypnosis
|move|p2a: hypnosis|Recover|p2a: hypnosis
|-heal|p2a: hypnosis|62/100 brn
|
|-heal|p2a: hypnosis|68/100 brn|[from] item: Leftovers
|-damage|p2a: hypnosis|62/100 brn|[from] brn
|upkeep
|
|t:|1783196055
|switch|p2b: Floette|Floette-Eternal, L50, F, shiny|94/100
|turn|16
|
|t:|1783196067
|detailschange|p2b: Floette|Floette-Mega, L50, F, shiny
|-mega|p2b: Floette|Floette|Floettite
|-ability|p2b: Floette|Fairy Aura
|move|p1a: Incineroar|Parting Shot|p2b: Floette
|-unboost|p2b: Floette|atk|1
|-unboost|p2b: Floette|spa|1
|move|p1b: Sinistcha|Matcha Gotcha|p2a: hypnosis|[spread] p2a,p2b
|-supereffective|p2a: hypnosis|1
|-crit|p2a: hypnosis
|-damage|p2a: hypnosis|19/100 brn
|-damage|p2b: Floette|75/100
|move|p2a: hypnosis|Muddy Water|p1b: Sinistcha|[spread] p1a,p1b
|-supereffective|p1a: Incineroar|1
|-enditem|p1a: Incineroar|Passho Berry|[eat]
|-enditem|p1a: Incineroar|Passho Berry|[weaken]
|-resisted|p1b: Sinistcha|1
|-damage|p1a: Incineroar|16/100
|-damage|p1b: Sinistcha|64/100
|move|p2b: Floette|Draining Kiss|p1b: Sinistcha
|-damage|p1b: Sinistcha|33/100
|-heal|p2b: Floette|98/100|[from] drain|[of] p1b: Sinistcha
|-enditem|p1b: Sinistcha|Sitrus Berry|[eat]
|-heal|p1b: Sinistcha|57/100|[from] item: Sitrus Berry
|
|-heal|p2a: hypnosis|25/100 brn|[from] item: Leftovers
|-damage|p2a: hypnosis|19/100 brn|[from] brn
|upkeep
|turn|17
|
|t:|1783196089
|move|p1a: Incineroar|Flare Blitz|p2b: Floette
|-damage|p2b: Floette|39/100
|-damage|p1a: Incineroar|0 fnt|[from] Recoil
|faint|p1a: Incineroar
|move|p1b: Sinistcha|Matcha Gotcha|p2a: hypnosis|[spread] p2b
|-miss|p1b: Sinistcha|p2a: hypnosis
|-damage|p2b: Floette|22/100
|-heal|p1b: Sinistcha|66/100|[from] drain|[of] p2b: Floette
|move|p2a: hypnosis|Recover|p2a: hypnosis
|-heal|p2a: hypnosis|69/100 brn
|move|p2b: Floette|Dazzling Gleam|p1b: Sinistcha
|-damage|p1b: Sinistcha|18/100
|
|-heal|p2a: hypnosis|75/100 brn|[from] item: Leftovers
|-damage|p2a: hypnosis|69/100 brn|[from] brn
|upkeep
|turn|18
|
|t:|1783196103
|move|p2b: Floette|Protect|p2b: Floette
|-singleturn|p2b: Floette|Protect
|move|p1b: Sinistcha|Matcha Gotcha|p2b: Floette|[spread] p2a
|-activate|p2b: Floette|move: Protect
|-supereffective|p2a: hypnosis|1
|-damage|p2a: hypnosis|45/100 brn
|-heal|p1b: Sinistcha|32/100|[from] drain|[of] p2a: hypnosis
|move|p2a: hypnosis|Recover|p2a: hypnosis
|-heal|p2a: hypnosis|95/100 brn
|
|-heal|p2a: hypnosis|100/100 brn|[from] item: Leftovers
|-damage|p2a: hypnosis|94/100 brn|[from] brn
|-fieldend|move: Trick Room
|upkeep
|turn|19
|inactive|pokeopposition has 30 seconds left.
|
|t:|1783196131
|move|p2b: Floette|Calm Mind|p2b: Floette
|-boost|p2b: Floette|spa|1
|-boost|p2b: Floette|spd|1
|move|p2a: hypnosis|Hypnosis|p1b: Sinistcha
|-status|p1b: Sinistcha|slp|[from] move: Hypnosis
|cant|p1b: Sinistcha|slp
|
|-heal|p2a: hypnosis|100/100 brn|[from] item: Leftovers
|-damage|p2a: hypnosis|94/100 brn|[from] brn
|upkeep
|turn|20
|-message|pokeopposition forfeited.
|
|win|santicifupe
||santicifupe is ready for game 3.
