|j|☆Misaple
|j|☆zrmbe
|html|Misaplezrmbe    
|uhtml|bestof|Game 2 of a best-of-3
|t:|1785975941
|gametype|doubles
|player|p1|Misaple|pilot|
|player|p2|zrmbe|pokemaniac|
|gen|9
|tier|[Gen 9 Champions] VGC 2026 Reg M-B (Bo3)
|rule|Species Clause: Limit one of each Pokémon
|rule|Item Clause: Limit 1 of each item
|clearpoke
|poke|p1|Camerupt, L50, M|
|poke|p1|Mawile, L50, M|
|poke|p1|Farigiraf, L50, M|
|poke|p1|Mimikyu, L50, F|
|poke|p1|Araquanid, L50, M|
|poke|p1|Vileplume, L50, M|
|poke|p2|Aegislash, L50, M|
|poke|p2|Rotom-Wash, L50|
|poke|p2|Scizor, L50, F|
|poke|p2|Noivern, L50, M|
|poke|p2|Arcanine, L50, F|
|poke|p2|Ceruledge, L50, F|
|teampreview|4
|showteam|p1|Camerupt||Cameruptite|SolidRock|HeatWave,EarthPower,AncientPower,Protect|Quiet||M|||50|]Mawile||Mawilite|Intimidate|PlayRough,IronHead,Protect,SuckerPunch|Brave||M|||50|]Farigiraf||MentalHerb|ArmorTail|TrickRoom,HelpingHand,PsychicNoise,Protect|Sassy||M|||50|]Mimikyu||SpellTag|Disguise|TrickRoom,PlayRough,ShadowSneak,Taunt|Brave||F|||50|]Araquanid||SitrusBerry|WaterAbsorb|Entrainment,Liquidation,WideGuard,Protect|Brave||M|||50|]Vileplume||FocusSash|EffectSpore|SleepPowder,SludgeBomb,GigaDrain,Protect|Quiet||M|||50|
|showteam|p2|Aegislash||SpellTag|StanceChange|WideGuard,ShadowBall,FlashCannon,KingsShield|Sassy||M|||50|]Rotom-Wash||SitrusBerry|Levitate|HydroPump,Thunderbolt,WillOWisp,VoltSwitch|Timid|||||50|]Scizor||Scizorite|Technician|BulletPunch,KnockOff,SwordsDance,Protect|Adamant||F|||50|]Noivern||FocusSash|Infiltrator|Tailwind,Taunt,DracoMeteor,Protect|Timid||M|||50|]Arcanine||Leftovers|Intimidate|FlareBlitz,Snarl,WillOWisp,Protect|Sassy||F|||50|]Ceruledge||LifeOrb|WeakArmor|Protect,BitterBlade,ShadowSneak,CloseCombat|Jolly||F|||50|
|
|t:|1785975983
|teamsize|p1|4
|teamsize|p2|4
|start
|switch|p1a: Mimikyu|Mimikyu, L50, F|100/100
|switch|p1b: Farigiraf|Farigiraf, L50, M|100/100
|switch|p2a: Noivern|Noivern, L50, M|100/100
|switch|p2b: Scizor|Scizor, L50, F|100/100
|turn|1
|
|t:|1785976019
|detailschange|p2b: Scizor|Scizor-Mega, L50, F
|-mega|p2b: Scizor|Scizor|Scizorite
|move|p1b: Farigiraf|Helping Hand|p1a: Mimikyu
|-singleturn|p1a: Mimikyu|Helping Hand|[of] p1b: Farigiraf
|move|p2a: Noivern|Taunt|p1a: Mimikyu
|-start|p1a: Mimikyu|move: Taunt
|move|p1a: Mimikyu|Play Rough|p2a: Noivern
|-supereffective|p2a: Noivern|1
|-enditem|p2a: Noivern|Focus Sash
|-damage|p2a: Noivern|1/100
|move|p2b: Scizor|Knock Off|p1b: Farigiraf
|-supereffective|p1b: Farigiraf|1
|-damage|p1b: Farigiraf|20/100y
|-enditem|p1b: Farigiraf|Mental Herb|[from] move: Knock Off|[of] p2b: Scizor
|
|upkeep
|turn|2
|
|t:|1785976099
|move|p2a: Noivern|Protect|p2a: Noivern
|-singleturn|p2a: Noivern|Protect
|move|p1a: Mimikyu|Shadow Sneak|p2a: Noivern
|-activate|p2a: Noivern|move: Protect
|move|p2b: Scizor|Swords Dance|p2b: Scizor
|-boost|p2b: Scizor|atk|2
|move|p1b: Farigiraf|Trick Room|p1b: Farigiraf
|-fieldstart|move: Trick Room|[of] p1b: Farigiraf
|
|upkeep
|turn|3
|
|t:|1785976135
|switch|p1b: Camerupt|Camerupt, L50, M|100/100
|switch|p2b: Aegislash|Aegislash, L50, M|100/100
|move|p1a: Mimikyu|Shadow Sneak|p2a: Noivern
|-damage|p2a: Noivern|0 fnt
|faint|p2a: Noivern
|
|-end|p1a: Mimikyu|move: Taunt
|upkeep
|
|t:|1785976144
|switch|p2a: Rotom|Rotom-Wash, L50|100/100
|turn|4
|
|t:|1785976159
|switch|p1a: Araquanid|Araquanid, L50, M|100/100
|detailschange|p1b: Camerupt|Camerupt-Mega, L50, M
|-mega|p1b: Camerupt|Camerupt|Cameruptite
|move|p1b: Camerupt|Protect|p1b: Camerupt
|-singleturn|p1b: Camerupt|Protect
|-formechange|p2b: Aegislash|Aegislash-Blade|
|move|p2b: Aegislash|Shadow Ball|p1a: Araquanid
|-damage|p1a: Araquanid|63/100
|move|p2a: Rotom|Hydro Pump|p1b: Camerupt
|-activate|p1b: Camerupt|move: Protect
|
|upkeep
|turn|5
|
|t:|1785976197
|move|p1b: Camerupt|Earth Power|p2b: Aegislash
|-supereffective|p2b: Aegislash|1
|-damage|p2b: Aegislash|0 fnt
|faint|p2b: Aegislash
|move|p1a: Araquanid|Entrainment|p1b: Camerupt
|-ability|p1b: Camerupt|Water Absorb|Sheer Force|[from] move: Entrainment|[of] p1a: Araquanid
|move|p2a: Rotom|Volt Switch|p1a: Araquanid
|-supereffective|p1a: Araquanid|1
|-damage|p1a: Araquanid|10/100
|-enditem|p1a: Araquanid|Sitrus Berry|[eat]
|-heal|p1a: Araquanid|35/100|[from] item: Sitrus Berry
|
|t:|1785976209
|switch|p2a: Scizor|Scizor-Mega, L50, F|100/100|[from] Volt Switch
|
|upkeep
|
|t:|1785976212
|switch|p2b: Rotom|Rotom-Wash, L50|100/100
|turn|6
|
|t:|1785976233
|move|p1a: Araquanid|Protect|p1a: Araquanid
|-singleturn|p1a: Araquanid|Protect
|move|p1b: Camerupt|Heat Wave|p2b: Rotom|[spread] p2a,p2b
|-supereffective|p2a: Scizor|2
|-resisted|p2b: Rotom|1
|-damage|p2a: Scizor|0 fnt
|-damage|p2b: Rotom|71/100
|faint|p2a: Scizor
|move|p2b: Rotom|Thunderbolt|p1a: Araquanid
|-activate|p1a: Araquanid|move: Protect
|
|-fieldend|move: Trick Room
|upkeep
|turn|7
|
|t:|1785976255
|move|p2b: Rotom|Volt Switch|p1a: Araquanid
|-supereffective|p1a: Araquanid|1
|-damage|p1a: Araquanid|0 fnt
|faint|p1a: Araquanid
|move|p1b: Camerupt|Ancient Power|p2b: Rotom
|-damage|p2b: Rotom|40/100
|-enditem|p2b: Rotom|Sitrus Berry|[eat]
|-heal|p2b: Rotom|64/100|[from] item: Sitrus Berry
|
|upkeep
|
|t:|1785976258
|switch|p1a: Mimikyu|Mimikyu, L50, F|100/100
|turn|8
|
|t:|1785976270
|move|p2b: Rotom|Thunderbolt|p1a: Mimikyu
|-activate|p1a: Mimikyu|ability: Disguise
|-damage|p1a: Mimikyu|100/100
|detailschange|p1a: Mimikyu|Mimikyu-Busted, L50, F
|-damage|p1a: Mimikyu|87/100|[from] pokemon: Mimikyu-Busted
|move|p1b: Camerupt|Ancient Power|p2b: Rotom
|-damage|p2b: Rotom|29/100
|move|p1a: Mimikyu|Trick Room|p1a: Mimikyu
|-fieldstart|move: Trick Room|[of] p1a: Mimikyu
|
|upkeep
|turn|9
|
|t:|1785976280
|move|p1b: Camerupt|Ancient Power|p2b: Rotom
|-damage|p2b: Rotom|0 fnt
|faint|p2b: Rotom
|
|win|Misaple
