|j|☆Inferno prodigy
|j|‽tryson69
|html|Inferno prodigytryson69    
|uhtml|bestof|Game 1 of a best-of-3
|t:|1784577338
|gametype|doubles
|player|p1|Inferno prodigy|102|1329
|player|p2|tryson69|crasherwake|1361
|gen|9
|tier|[Gen 9 Champions] VGC 2026 Reg M-B (Bo3)
|rated|
|rule|Species Clause: Limit one of each Pokémon
|rule|Item Clause: Limit 1 of each item
|clearpoke
|poke|p1|Staraptor, L50, M|
|poke|p1|Metagross, L50|
|poke|p1|Farigiraf, L50, M|
|poke|p1|Whimsicott, L50, M|
|poke|p1|Garchomp, L50, F|
|poke|p1|Ceruledge, L50, F|
|poke|p2|Raichu, L50, F|
|poke|p2|Gholdengo, L50|
|poke|p2|Garchomp, L50, F|
|poke|p2|Incineroar, L50, F|
|poke|p2|Milotic, L50, M|
|poke|p2|Whimsicott, L50, M|
|teampreview|4
|showteam|p1|Staraptor||Staraptite|Intimidate|CloseCombat,Roost,BraveBird,Protect|Jolly||M|||50|]Metagross||Metagrossite|ClearBody|Protect,IronHead,PsychicFangs,BodyPress|Adamant|||||50|]Farigiraf||SitrusBerry|ArmorTail|Psychic,Thunderbolt,HelpingHand,TrickRoom|Calm||M|||50|]Whimsicott||FocusSash|Prankster|Moonblast,Tailwind,Encore,Charm|Timid||M|||50|]Garchomp||LifeOrb|RoughSkin|StompingTantrum,RockSlide,DragonClaw,Protect|Jolly||F|||50|]Ceruledge||ColburBerry|FlashFire|BitterBlade,ShadowSneak,BulkUp,Protect|Adamant||F|||50|
|showteam|p2|Raichu||RaichuniteY|LightningRod|ZapCannon,FocusBlast,Protect,FakeOut|Timid||F|||50|]Gholdengo||SpellTag|GoodasGold|NastyPlot,ShadowBall,Protect,MakeItRain|Modest|||||50|]Garchomp||LifeOrb|RoughSkin|Earthquake,RockSlide,Protect,DragonClaw|Adamant||F|||50|]Incineroar||SitrusBerry|Intimidate|FakeOut,FlareBlitz,DarkestLariat,PartingShot|Impish||F|||50|]Milotic||Leftovers|Competitive|Coil,HydroPump,Hypnosis,Recover|Calm||M|||50|]Whimsicott||FocusSash|Prankster|Tailwind,Moonblast,Encore,Protect|Timid||M|||50|
|
|t:|1784577358
|teamsize|p1|4
|teamsize|p2|4
|start
|switch|p1a: Ceruledge|Ceruledge, L50, F|100/100
|switch|p1b: Metagross|Metagross, L50|100/100
|switch|p2a: Raichu|Raichu, L50, F|100/100
|switch|p2b: Garchomp|Garchomp, L50, F|100/100
|turn|1
|
|t:|1784577389
|move|p1a: Ceruledge|Protect|p1a: Ceruledge
|-singleturn|p1a: Ceruledge|Protect
|move|p1b: Metagross|Protect|p1b: Metagross
|-singleturn|p1b: Metagross|Protect
|move|p2a: Raichu|Fake Out|p1b: Metagross
|-activate|p1b: Metagross|move: Protect
|move|p2b: Garchomp|Rock Slide|p1a: Ceruledge|[spread] 
|-activate|p1a: Ceruledge|move: Protect
|-activate|p1b: Metagross|move: Protect
|
|upkeep
|turn|2
|
|t:|1784577418
|switch|p1a: Garchomp|Garchomp, L50, F|100/100
|detailschange|p1b: Metagross|Metagross-Mega, L50
|-mega|p1b: Metagross|Metagross|Metagrossite
|move|p2a: Raichu|Protect|p2a: Raichu
|-singleturn|p2a: Raichu|Protect
|move|p1b: Metagross|Psychic Fangs|p2a: Raichu
|-activate|p2a: Raichu|move: Protect
|move|p2b: Garchomp|Earthquake|p1a: Garchomp|[spread] p1a,p1b
|-activate|p2a: Raichu|move: Protect
|-supereffective|p1b: Metagross|1
|-damage|p1a: Garchomp|47/100
|-damage|p1b: Metagross|26/100
|-damage|p2b: Garchomp|90/100|[from] item: Life Orb
|
|upkeep
|turn|3
|
|t:|1784577442
|switch|p2a: Incineroar|Incineroar, L50, F|100/100
|-ability|p2a: Incineroar|Intimidate|boost
|-unboost|p1a: Garchomp|atk|1
|-unboost|p1b: Metagross|atk|1
|move|p1a: Garchomp|Stomping Tantrum|p2a: Incineroar
|-supereffective|p2a: Incineroar|1
|-damage|p2a: Incineroar|41/100
|-enditem|p2a: Incineroar|Sitrus Berry|[eat]
|-heal|p2a: Incineroar|66/100|[from] item: Sitrus Berry
|-damage|p1a: Garchomp|37/100|[from] item: Life Orb
|move|p1b: Metagross|Psychic Fangs|p2a: Incineroar
|-immune|p2a: Incineroar
|move|p2b: Garchomp|Earthquake|p1b: Metagross|[spread] p2a,p1a,p1b
|-supereffective|p2a: Incineroar|1
|-supereffective|p1b: Metagross|1
|-damage|p2a: Incineroar|0 fnt
|-damage|p1a: Garchomp|0 fnt
|-damage|p1b: Metagross|0 fnt
|faint|p2a: Incineroar
|faint|p1a: Garchomp
|faint|p1b: Metagross
|-damage|p2b: Garchomp|80/100|[from] item: Life Orb
|
|upkeep
|
|t:|1784577458
|switch|p1a: Ceruledge|Ceruledge, L50, F|100/100
|switch|p1b: Farigiraf|Farigiraf, L50, M|100/100
|switch|p2a: Raichu|Raichu, L50, F|100/100
|turn|4
|
|t:|1784577468
|detailschange|p2a: Raichu|Raichu-Mega-Y, L50, F
|-mega|p2a: Raichu|Raichu|Raichunite Y
|move|p1a: Ceruledge|Protect|p1a: Ceruledge
|-singleturn|p1a: Ceruledge|Protect
|move|p2a: Raichu|Zap Cannon|p1b: Farigiraf
|-crit|p1b: Farigiraf
|-damage|p1b: Farigiraf|11/100
|-status|p1b: Farigiraf|par
|-enditem|p1b: Farigiraf|Sitrus Berry|[eat]
|-heal|p1b: Farigiraf|36/100 par|[from] item: Sitrus Berry
|move|p2b: Garchomp|Rock Slide|p1b: Farigiraf|[spread] p1b
|-activate|p1a: Ceruledge|move: Protect
|-damage|p1b: Farigiraf|11/100 par
|-damage|p2b: Garchomp|70/100|[from] item: Life Orb
|cant|p1b: Farigiraf|flinch
|
|upkeep
|turn|5
|
|t:|1784577485
|move|p2a: Raichu|Zap Cannon|p1a: Ceruledge
|-damage|p1a: Ceruledge|22/100
|-status|p1a: Ceruledge|par
|move|p2b: Garchomp|Rock Slide|p1a: Ceruledge|[spread] p1a,p1b
|-supereffective|p1a: Ceruledge|1
|-damage|p1a: Ceruledge|0 fnt
|-damage|p1b: Farigiraf|0 fnt
|faint|p1a: Ceruledge
|faint|p1b: Farigiraf
|-damage|p2b: Garchomp|60/100|[from] item: Life Orb
|
|win|tryson69
|l|☆Inferno prodigy
|player|p1|
||tryson69 is ready for game 2.
||Inferno prodigy is ready for game 2.
|uhtml|next|Next: Game 2 of 3
