|j|☆RosieAndJim
|j|☆dambro222
|html|RosieAndJimdambro222    
|uhtml|bestof|Game 2 of a best-of-3
|t:|1756150568
|gametype|doubles
|player|p1|RosieAndJim|170|1159
|player|p2|dambro222|ethan|1102
|gen|9
|tier|[Gen 9] VGC 2025 Reg H (Bo3)
|rated|
|rule|Species Clause: Limit one of each Pokémon
|rule|Item Clause: Limit 1 of each item
|clearpoke
|poke|p1|Inteleon, L50, M|
|poke|p1|Farigiraf, L50, M|
|poke|p1|Whimsicott, L50, F|
|poke|p1|Archaludon, L50, M|
|poke|p1|Garchomp, L50, F|
|poke|p1|Incineroar, L50, M|
|poke|p2|Annihilape, L50, F|
|poke|p2|Rillaboom, L50, M|
|poke|p2|Incineroar, L50, F|
|poke|p2|Ursaluna-Bloodmoon, L50, M|
|poke|p2|Scyther, L50, F|
|poke|p2|Amoonguss, L50, F|
|teampreview|4
|showteam|p1|Inteleon||ChoiceSpecs|Sniper|SnipeShot,Scald,ShadowBall,FlipTurn|||M|||50|,,,,,Water]Farigiraf||ThroatSpray|ArmorTail|Psychic,HyperVoice,HelpingHand,TrickRoom|||M|||50|,,,,,Fairy]Whimsicott||CovertCloak|Prankster|Moonblast,Tailwind,LightScreen,Encore|||F|||50|,,,,,Water]Archaludon||AssaultVest|Stamina|ElectroShot,DragonPulse,BodyPress,Snarl|||M|||50|,,,,,Grass]Garchomp||LifeOrb|RoughSkin|Earthquake,DragonClaw,StompingTantrum,Protect|||F|||50|,,,,,Ground]Incineroar||SafetyGoggles|Intimidate|FlareBlitz,KnockOff,PartingShot,FakeOut|||M|||50|,,,,,Ghost
|showteam|p2|Annihilape||Leftovers|Defiant|DrainPunch,RageFist,BulkUp,Protect|||F|||50|,,,,,Fire]Rillaboom||AssaultVest|GrassySurge|FakeOut,GrassyGlide,WoodHammer,Uturn|||M|||50|,,,,,Fire]Incineroar||SafetyGoggles|Intimidate|FakeOut,FlareBlitz,KnockOff,PartingShot|||F|||50|,,,,,Ghost]Ursaluna-Bloodmoon||LifeOrb|MindsEye|BloodMoon,HyperVoice,EarthPower,Protect|||M|||50|,,,,,Normal]Scyther||Eviolite|Technician|DualWingbeat,RainDance,Tailwind,Protect|||F|||50|,,,,,Water]Amoonguss||CovertCloak|Regenerator|PollenPuff,RagePowder,Spore,Protect|||F|||50|,,,,,Dark
|inactive|Battle timer is ON: inactive players will automatically lose when time's up. (requested by dambro222)
|inactive|RosieAndJim has 60 seconds left.
|inactive|dambro222 has 60 seconds left.
|
|t:|1756150626
|teamsize|p1|4
|teamsize|p2|4
|start
|switch|p1a: Inteleon|Inteleon, L50, M|100/100
|switch|p1b: Archaludon|Archaludon, L50, M|100/100
|switch|p2a: Ursaluna|Ursaluna-Bloodmoon, L50, M|100/100
|switch|p2b: Amoonguss|Amoonguss, L50, F|100/100
|turn|1
|inactive|RosieAndJim has 30 seconds left.
|inactive|RosieAndJim has 20 seconds left.
|inactive|dambro222 has 30 seconds left.
|
|t:|1756150667
|-terastallize|p1b: Archaludon|Grass
|move|p2b: Amoonguss|Rage Powder|p2b: Amoonguss
|-singleturn|p2b: Amoonguss|move: Rage Powder
|move|p1a: Inteleon|Flip Turn|p2b: Amoonguss
|-resisted|p2b: Amoonguss
|-damage|p2b: Amoonguss|93/100
|
|t:|1756150675
|switch|p1a: Incineroar|Incineroar, L50, M|100/100|[from] Flip Turn
|-ability|p1a: Incineroar|Intimidate|boost
|-unboost|p2a: Ursaluna|atk|1
|-unboost|p2b: Amoonguss|atk|1
|move|p1b: Archaludon|Dragon Pulse|p2b: Amoonguss
|-damage|p2b: Amoonguss|60/100
|move|p2a: Ursaluna|Blood Moon|p1a: Incineroar
|-damage|p1a: Incineroar|20/100
|-damage|p2a: Ursaluna|91/100|[from] item: Life Orb
|
|upkeep
|turn|2
|
|t:|1756150698
|switch|p2b: Incineroar|Incineroar, L50, F|100/100
|-ability|p2b: Incineroar|Intimidate|boost
|-unboost|p1a: Incineroar|atk|1
|-unboost|p1b: Archaludon|atk|1
|move|p2a: Ursaluna|Protect|p2a: Ursaluna
|-singleturn|p2a: Ursaluna|Protect
|move|p1b: Archaludon|Snarl|p2b: Incineroar|[spread] p2b
|-activate|p2a: Ursaluna|move: Protect
|-resisted|p2b: Incineroar
|-damage|p2b: Incineroar|95/100
|-unboost|p2b: Incineroar|spa|1
|move|p1a: Incineroar|Flare Blitz|p2b: Incineroar
|-resisted|p2b: Incineroar
|-damage|p2b: Incineroar|82/100
|-damage|p1a: Incineroar|16/100|[from] Recoil
|
|upkeep
|turn|3
|inactive|dambro222 has 30 seconds left.
|inactive|dambro222 has 20 seconds left.
|inactive|dambro222 has 15 seconds left.
|inactive|dambro222 has 10 seconds left.
|
|t:|1756150748
|switch|p1b: Farigiraf|Farigiraf, L50, M|100/100
|move|p1a: Incineroar|Knock Off|p2a: Ursaluna
|-damage|p2a: Ursaluna|70/100
|-enditem|p2a: Ursaluna|Life Orb|[from] move: Knock Off|[of] p1a: Incineroar
|move|p2a: Ursaluna|Earth Power|p1a: Incineroar
|-supereffective|p1a: Incineroar
|-damage|p1a: Incineroar|0 fnt
|faint|p1a: Incineroar
|move|p2b: Incineroar|Parting Shot|p1b: Farigiraf
|-unboost|p1b: Farigiraf|atk|1
|-unboost|p1b: Farigiraf|spa|1
|
|t:|1756150762
|switch|p2b: Amoonguss|Amoonguss, L50, F|93/100|[from] Parting Shot
|
|upkeep
|
|t:|1756150768
|switch|p1a: Inteleon|Inteleon, L50, M|100/100
|turn|4
|
|t:|1756150787
|-terastallize|p2a: Ursaluna|Normal
|move|p2b: Amoonguss|Rage Powder|p2b: Amoonguss
|-singleturn|p2b: Amoonguss|move: Rage Powder
|move|p1a: Inteleon|Snipe Shot|p2a: Ursaluna
|-crit|p2a: Ursaluna
|-damage|p2a: Ursaluna|0 fnt
|faint|p2a: Ursaluna
|move|p1b: Farigiraf|Psychic|p2b: Amoonguss
|-supereffective|p2b: Amoonguss
|-damage|p2b: Amoonguss|40/100
|
|upkeep
|
|t:|1756150799
|switch|p2a: Rillaboom|Rillaboom, L50, M|100/100
|-fieldstart|move: Grassy Terrain|[from] ability: Grassy Surge|[of] p2a: Rillaboom
|turn|5
|
|t:|1756150814
|switch|p1a: Archaludon|Archaludon, L50, M, tera:Grass|100/100
|switch|p2b: Incineroar|Incineroar, L50, F|82/100
|-ability|p2b: Incineroar|Intimidate|boost
|-unboost|p1a: Archaludon|atk|1
|-unboost|p1b: Farigiraf|atk|1
|move|p2a: Rillaboom|U-turn|p1b: Farigiraf
|-supereffective|p1b: Farigiraf
|-damage|p1b: Farigiraf|50/100
|
|t:|1756150823
|switch|p2a: Amoonguss|Amoonguss, L50, F|73/100|[from] U-turn
|move|p1b: Farigiraf|Psychic|p2b: Incineroar
|-immune|p2b: Incineroar
|
|-heal|p1b: Farigiraf|56/100|[from] Grassy Terrain
|-heal|p2b: Incineroar|89/100|[from] Grassy Terrain
|-heal|p2a: Amoonguss|80/100|[from] Grassy Terrain
|upkeep
|turn|6
|inactive|dambro222 has 30 seconds left.
|
|t:|1756150858
|move|p1a: Archaludon|Body Press|p2b: Incineroar
|-supereffective|p2b: Incineroar
|-damage|p2b: Incineroar|51/100
|move|p1b: Farigiraf|Hyper Voice|p2a: Amoonguss|[spread] p2a,p2b
|-damage|p2a: Amoonguss|60/100
|-damage|p2b: Incineroar|32/100
|-enditem|p1b: Farigiraf|Throat Spray
|-boost|p1b: Farigiraf|spa|1|[from] item: Throat Spray
|move|p2b: Incineroar|Flare Blitz|p1a: Archaludon
|-supereffective|p1a: Archaludon
|-damage|p1a: Archaludon|21/100
|-status|p1a: Archaludon|brn
|-ability|p1a: Archaludon|Stamina|boost
|-boost|p1a: Archaludon|def|1
|-damage|p2b: Incineroar|6/100|[from] Recoil
|move|p2a: Amoonguss|Pollen Puff|p1a: Archaludon
|-supereffective|p1a: Archaludon
|-damage|p1a: Archaludon|0 fnt
|faint|p1a: Archaludon
|
|-heal|p1b: Farigiraf|62/100|[from] Grassy Terrain
|-heal|p2b: Incineroar|12/100|[from] Grassy Terrain
|-heal|p2a: Amoonguss|67/100|[from] Grassy Terrain
|upkeep
|
|t:|1756150878
|switch|p1a: Inteleon|Inteleon, L50, M|100/100
|turn|7
|inactive|RosieAndJim has 30 seconds left.
|inactive|dambro222 has 30 seconds left.
|
|t:|1756150907
|move|p2a: Amoonguss|Protect|p2a: Amoonguss
|-singleturn|p2a: Amoonguss|Protect
|move|p1a: Inteleon|Shadow Ball|p2b: Incineroar
|-resisted|p2b: Incineroar
|-damage|p2b: Incineroar|0 fnt
|faint|p2b: Incineroar
|move|p1b: Farigiraf|Psychic|p2a: Amoonguss
|-activate|p2a: Amoonguss|move: Protect
|
|-heal|p1b: Farigiraf|68/100|[from] Grassy Terrain
|-heal|p2a: Amoonguss|73/100|[from] Grassy Terrain
|upkeep
|
|t:|1756150916
|switch|p2b: Rillaboom|Rillaboom, L50, M|100/100
|turn|8
|
|t:|1756150931
|move|p1a: Inteleon|Shadow Ball|p2a: Amoonguss
|-damage|p2a: Amoonguss|37/100
|move|p2b: Rillaboom|Wood Hammer|p1a: Inteleon
|-supereffective|p1a: Inteleon
|-damage|p1a: Inteleon|0 fnt
|faint|p1a: Inteleon
|-damage|p2b: Rillaboom|75/100|[from] Recoil
|move|p1b: Farigiraf|Psychic|p2a: Amoonguss
|-supereffective|p2a: Amoonguss
|-crit|p2a: Amoonguss
|-damage|p2a: Amoonguss|0 fnt
|faint|p2a: Amoonguss
|
|-heal|p2b: Rillaboom|82/100|[from] Grassy Terrain
|-heal|p1b: Farigiraf|75/100|[from] Grassy Terrain
|upkeep
|turn|9
|
|t:|1756150949
|move|p2b: Rillaboom|Wood Hammer|p1b: Farigiraf
|-damage|p1b: Farigiraf|0 fnt
|faint|p1b: Farigiraf
|-damage|p2b: Rillaboom|55/100|[from] Recoil
|
|win|dambro222
|raw|RosieAndJim's rating: 1159 → 1130(-29 for losing)
|raw|dambro222's rating: 1102 → 1131(+29 for winning)
|l|☆RosieAndJim
|player|p1|
