|j|☆conte di Cavour
|j|☆FireFerret12
|html|conte di CavourFireFerret12    
|uhtml|bestof|Game 1 of a best-of-3
|t:|1757790114
|gametype|doubles
|player|p1|conte di Cavour|volkner|1298
|player|p2|FireFerret12|nate|1345
|gen|9
|tier|[Gen 9] VGC 2025 Reg H (Bo3)
|rated|
|rule|Species Clause: Limit one of each Pokémon
|rule|Item Clause: Limit 1 of each item
|clearpoke
|poke|p1|Altaria, L50, F|
|poke|p1|Gothitelle, L50, M|
|poke|p1|Incineroar, L50, M|
|poke|p1|Amoonguss, L50, M|
|poke|p1|Archaludon, L50, M|
|poke|p1|Primarina, L50, M|
|poke|p2|Incineroar, L50, M|
|poke|p2|Gholdengo, L50|
|poke|p2|Rillaboom, L50, M|
|poke|p2|Farigiraf, L50, F|
|poke|p2|Dragonite, L50, M|
|poke|p2|Primarina, L50, M|
|teampreview|4
|showteam|p1|Altaria||MentalHerb|CloudNine|Protect,PerishSong,HelpingHand,BreakingSwipe|||F|||50|,,,,,Steel]Gothitelle||SitrusBerry|ShadowTag|Protect,FakeOut,TrickRoom,Psychic|||M|||50|,,,,,Water]Incineroar||SafetyGoggles|Intimidate|Protect,PartingShot,KnockOff,FakeOut|||M|||50|,,,,,Ghost]Amoonguss||EjectButton|Regenerator|Protect,RagePowder,PollenPuff,Spore|||M|||50|,,,,,Fairy]Archaludon||PowerHerb|Stalwart|Protect,ElectroShot,DragonPulse,TeraBlast|||M|||50|,,,,,Fire]Primarina||ThroatSpray|LiquidVoice|Protect,HyperVoice,PerishSong,Moonblast|||M|||50|,,,,,Steel
|showteam|p2|Incineroar||AssaultVest|Intimidate|FakeOut,FlareBlitz,KnockOff,Uturn|||M|||50|,,,,,Grass]Gholdengo||GrassySeed|GoodasGold|MakeItRain,ShadowBall,NastyPlot,Protect||||||50|,,,,,Water]Rillaboom||MiracleSeed|GrassySurge|FakeOut,GrassyGlide,WoodHammer,Uturn|||M|||50|,,,,,Fire]Farigiraf||ThroatSpray|ArmorTail|Psychic,HyperVoice,TrickRoom,Protect|||F|||50|,,,,,Water]Dragonite||LoadedDice|Multiscale|ExtremeSpeed,ScaleShot,Haze,Protect|||M|||50|,,,,,Steel]Primarina||ChoiceSpecs|LiquidVoice|Moonblast,HyperVoice,DazzlingGleam,IcyWind|||M|||50|,,,,,Poison
|
|t:|1757790189
|teamsize|p1|4
|teamsize|p2|4
|start
|switch|p1a: Archaludon|Archaludon, L50, M|100/100
|switch|p1b: Incineroar|Incineroar, L50, M|100/100
|switch|p2a: Gholdengo|Gholdengo, L50|100/100
|switch|p2b: Rillaboom|Rillaboom, L50, M|100/100
|-fieldstart|move: Grassy Terrain|[from] ability: Grassy Surge|[of] p2b: Rillaboom
|-enditem|p2a: Gholdengo|Grassy Seed
|-boost|p2a: Gholdengo|def|1|[from] item: Grassy Seed
|-ability|p1b: Incineroar|Intimidate|boost
|-unboost|p2a: Gholdengo|atk|1
|-unboost|p2b: Rillaboom|atk|1
|turn|1
|
|t:|1757790246
|move|p1a: Archaludon|Protect|p1a: Archaludon
|-singleturn|p1a: Archaludon|Protect
|move|p2b: Rillaboom|Fake Out|p1a: Archaludon
|-activate|p1a: Archaludon|move: Protect
|move|p2a: Gholdengo|Nasty Plot|p2a: Gholdengo
|-boost|p2a: Gholdengo|spa|2
|move|p1b: Incineroar|Knock Off|p2a: Gholdengo
|-supereffective|p2a: Gholdengo
|-damage|p2a: Gholdengo|66/100
|
|-heal|p2a: Gholdengo|73/100|[from] Grassy Terrain
|upkeep
|turn|2
|
|t:|1757790270
|-terastallize|p1a: Archaludon|Fire
|move|p2b: Rillaboom|Grassy Glide|p1a: Archaludon
|-resisted|p1a: Archaludon
|-damage|p1a: Archaludon|88/100
|move|p1a: Archaludon|Tera Blast|p2a: Gholdengo|[anim] Tera Blast Fire
|-supereffective|p2a: Gholdengo
|-damage|p2a: Gholdengo|0 fnt
|faint|p2a: Gholdengo
|move|p1b: Incineroar|Knock Off|p2b: Rillaboom
|-damage|p2b: Rillaboom|67/100
|-enditem|p2b: Rillaboom|Miracle Seed|[from] move: Knock Off|[of] p1b: Incineroar
|
|-heal|p1a: Archaludon|94/100|[from] Grassy Terrain
|-heal|p2b: Rillaboom|73/100|[from] Grassy Terrain
|upkeep
|
|t:|1757790291
|switch|p2a: Primarina|Primarina, L50, M|100/100
|turn|3
|
|t:|1757790320
|switch|p2b: Dragonite|Dragonite, L50, M|100/100
|move|p1a: Archaludon|Protect|p1a: Archaludon
|-singleturn|p1a: Archaludon|Protect
|move|p2a: Primarina|Hyper Voice|p1b: Incineroar|[spread] p1b
|-activate|p1a: Archaludon|move: Protect
|-supereffective|p1b: Incineroar
|-crit|p1b: Incineroar
|-damage|p1b: Incineroar|0 fnt
|faint|p1b: Incineroar
|
|-heal|p1a: Archaludon|99/100|[from] Grassy Terrain
|upkeep
|
|t:|1757790333
|switch|p1b: Gothitelle|Gothitelle, L50, M|100/100
|turn|4
|
|t:|1757790349
|-terastallize|p2a: Primarina|Poison
|move|p1b: Gothitelle|Fake Out|p2b: Dragonite
|-damage|p2b: Dragonite|97/100
|move|p1a: Archaludon|Electro Shot||[still]
|-prepare|p1a: Archaludon|Electro Shot
|-boost|p1a: Archaludon|spa|1
|-enditem|p1a: Archaludon|Power Herb
|-anim|p1a: Archaludon|Electro Shot|p2a: Primarina
|-damage|p2a: Primarina|40/100
|cant|p2b: Dragonite|flinch
|move|p2a: Primarina|Hyper Voice|p1b: Gothitelle|[spread] p1a,p1b
|-supereffective|p1a: Archaludon
|-damage|p1a: Archaludon|0 fnt
|-damage|p1b: Gothitelle|55/100
|faint|p1a: Archaludon
|
|-heal|p2a: Primarina|46/100|[from] Grassy Terrain
|-heal|p1b: Gothitelle|61/100|[from] Grassy Terrain
|upkeep
|
|t:|1757790353
|switch|p1a: Primarina|Primarina, L50, M|100/100
|turn|5
|
|t:|1757790371
|move|p2b: Dragonite|Scale Shot|p1b: Gothitelle
|-damage|p1b: Gothitelle|47/100
|-enditem|p1b: Gothitelle|Sitrus Berry|[eat]
|-heal|p1b: Gothitelle|72/100|[from] item: Sitrus Berry
|-damage|p1b: Gothitelle|58/100
|-damage|p1b: Gothitelle|44/100
|-damage|p1b: Gothitelle|28/100
|-damage|p1b: Gothitelle|13/100
|-hitcount|p1b: Gothitelle|5
|-unboost|p2b: Dragonite|def|1
|-boost|p2b: Dragonite|spe|1
|move|p2a: Primarina|Hyper Voice|p1a: Primarina|[spread] p1a,p1b
|-resisted|p1a: Primarina
|-crit|p1b: Gothitelle
|-damage|p1a: Primarina|76/100
|-damage|p1b: Gothitelle|0 fnt
|faint|p1b: Gothitelle
|move|p1a: Primarina|Moonblast|p2b: Dragonite
|-supereffective|p2b: Dragonite
|-damage|p2b: Dragonite|0 fnt
|faint|p2b: Dragonite
|
|-heal|p2a: Primarina|52/100|[from] Grassy Terrain
|-heal|p1a: Primarina|82/100|[from] Grassy Terrain
|-fieldend|move: Grassy Terrain
|upkeep
|
|t:|1757790381
|switch|p2b: Rillaboom|Rillaboom, L50, M|73/100
|-fieldstart|move: Grassy Terrain|[from] ability: Grassy Surge|[of] p2b: Rillaboom
|turn|6
|
|t:|1757790386
|move|p1a: Primarina|Protect|p1a: Primarina
|-singleturn|p1a: Primarina|Protect
|move|p2b: Rillaboom|Wood Hammer|p1a: Primarina
|-activate|p1a: Primarina|move: Protect
|move|p2a: Primarina|Hyper Voice|p1a: Primarina
|-activate|p1a: Primarina|move: Protect
|
|-heal|p2b: Rillaboom|79/100|[from] Grassy Terrain
|-heal|p2a: Primarina|58/100|[from] Grassy Terrain
|-heal|p1a: Primarina|88/100|[from] Grassy Terrain
|upkeep
|turn|7
|
|t:|1757790392
|move|p2b: Rillaboom|Wood Hammer|p1a: Primarina
|-supereffective|p1a: Primarina
|-damage|p1a: Primarina|0 fnt
|faint|p1a: Primarina
|-damage|p2b: Rillaboom|53/100|[from] Recoil
|
|win|FireFerret12
||conte di Cavour is ready for game 2.
|inactive|FireFerret12 has 30 seconds to confirm battle start!
|inactive|FireFerret12 has 20 seconds to confirm battle start!
||FireFerret12 is ready for game 2.
|uhtml|next|Next: Game 2 of 3
|l|☆FireFerret12
|player|p2|
