|j|☆BasedRen
|j|☆Romain093
|html|BasedRenRomain093    
|uhtml|bestof|Game 2 of a best-of-3
|t:|1757029394
|gametype|doubles
|player|p1|BasedRen|170|1093
|player|p2|Romain093|265|1068
|gen|9
|tier|[Gen 9] VGC 2025 Reg H (Bo3)
|rated|
|rule|Species Clause: Limit one of each Pokémon
|rule|Item Clause: Limit 1 of each item
|clearpoke
|poke|p1|Corviknight, L50, M|
|poke|p1|Blaziken, L50, F|
|poke|p1|Ceruledge, L50, F|
|poke|p1|Primarina, L50, F|
|poke|p1|Murkrow, L50, F|
|poke|p1|Zoroark-Hisui, L50, F|
|poke|p2|Incineroar, L50, M|
|poke|p2|Kingambit, L50, M|
|poke|p2|Archaludon, L50, F|
|poke|p2|Pelipper, L50, M|
|poke|p2|Rillaboom, L50, F|
|poke|p2|Sneasler, L50, F|
|teampreview|4
|showteam|p1|Corviknight||SafetyGoggles|MirrorArmor|IronHead,BraveBird,Roost,Taunt|||M|||50|,,,,,Dragon]Blaziken||FocusSash|SpeedBoost|Coaching,Protect,Overheat,AuraSphere|||F|||50|,,,,,Flying]Ceruledge||ClearAmulet|FlashFire|BitterBlade,SolarBlade,ShadowSneak,CloseCombat|||F|||50|,,,,,Grass]Primarina||ThroatSpray|LiquidVoice|Moonblast,HyperVoice,MistyTerrain,Protect|||F|||50|,,,,,Fairy]Murkrow||Eviolite|Prankster|Tailwind,FoulPlay,Haze,SunnyDay|||F|||50|,,,,,Ghost]Zoroark-Hisui||ChoiceSpecs|Illusion|BitterMalice,HyperVoice,HyperBeam,FocusBlast|||F|||50|,,,,,Normal
|showteam|p2|Incineroar||SafetyGoggles|Intimidate|FakeOut,FlareBlitz,KnockOff,Taunt|||M|||50|,,,,,Bug]Kingambit||BlackGlasses|Defiant|SwordsDance,Protect,KowtowCleave,SuckerPunch|||M|||50|,,,,,Dark]Archaludon||PowerHerb|Stamina|ElectroShot,DragonPulse,AuraSphere,Protect|||F|||50|,,,,,Grass]Pelipper||CovertCloak|Drizzle|Tailwind,Hurricane,WeatherBall,Protect|||M|||50|,,,,,Ghost]Rillaboom||AssaultVest|GrassySurge|FakeOut,BulletSeed,GrassyGlide,HighHorsepower|||F|||50|,,,,,Fire]Sneasler||GrassySeed|PoisonTouch|FakeOut,CloseCombat,DireClaw,Protect|||F|||50|,,,,,Dark
|inactive|Battle timer is ON: inactive players will automatically lose when time's up. (requested by BasedRen)
|inactive|BasedRen has 60 seconds left.
|
|t:|1757029440
|teamsize|p1|4
|teamsize|p2|4
|start
|switch|p1a: Blaziken|Blaziken, L50, F, shiny|100/100
|switch|p1b: Corviknight|Corviknight, L50, M|100/100
|switch|p2a: Sneasler|Sneasler, L50, F|100/100
|switch|p2b: Incineroar|Incineroar, L50, M|100/100
|-ability|p2b: Incineroar|Intimidate|boost
|-unboost|p1a: Blaziken|atk|1
|-ability|p1b: Corviknight|Mirror Armor
|-unboost|p2b: Incineroar|atk|1
|turn|1
|inactive|Romain093 has 30 seconds left.
|inactive|Romain093 has 20 seconds left.
|inactive|Romain093 has 15 seconds left.
|inactive|Romain093 has 10 seconds left.
|
|t:|1757029489
|move|p2a: Sneasler|Protect|p2a: Sneasler
|-singleturn|p2a: Sneasler|Protect
|move|p1a: Blaziken|Protect|p1a: Blaziken
|-singleturn|p1a: Blaziken|Protect
|move|p1b: Corviknight|Brave Bird|p2a: Sneasler
|-activate|p2a: Sneasler|move: Protect
|move|p2b: Incineroar|Knock Off|p1a: Blaziken
|-activate|p1a: Blaziken|move: Protect
|
|-ability|p1a: Blaziken|Speed Boost|boost
|-boost|p1a: Blaziken|spe|1
|upkeep
|turn|2
|inactive|Romain093 has 30 seconds left.
|
|t:|1757029519
|switch|p2a: Archaludon|Archaludon, L50, F|100/100
|switch|p1b: Ceruledge|Ceruledge, L50, F|100/100
|move|p1a: Blaziken|Coaching|p1b: Ceruledge
|-boost|p1b: Ceruledge|atk|1
|-boost|p1b: Ceruledge|def|1
|move|p2b: Incineroar|Flare Blitz|p1b: Ceruledge
|-start|p1b: Ceruledge|ability: Flash Fire
|
|-ability|p1a: Blaziken|Speed Boost|boost
|-boost|p1a: Blaziken|spe|1
|upkeep
|turn|3
|inactive|BasedRen has 30 seconds left.
|
|t:|1757029549
|switch|p2b: Pelipper|Pelipper, L50, M|100/100
|-weather|RainDance|[from] ability: Drizzle|[of] p2b: Pelipper
|-terastallize|p1b: Ceruledge|Grass
|-terastallize|p2a: Archaludon|Grass
|move|p1a: Blaziken|Coaching|p1b: Ceruledge
|-boost|p1b: Ceruledge|atk|1
|-boost|p1b: Ceruledge|def|1
|move|p1b: Ceruledge|Close Combat|p2a: Archaludon
|-damage|p2a: Archaludon|35/100
|-unboost|p1b: Ceruledge|def|1
|-unboost|p1b: Ceruledge|spd|1
|-ability|p2a: Archaludon|Stamina|boost
|-boost|p2a: Archaludon|def|1
|move|p2a: Archaludon|Electro Shot||[still]
|-prepare|p2a: Archaludon|Electro Shot
|-boost|p2a: Archaludon|spa|1
|-anim|p2a: Archaludon|Electro Shot|p1b: Ceruledge
|-resisted|p1b: Ceruledge
|-damage|p1b: Ceruledge|37/100
|
|-weather|RainDance|[upkeep]
|-ability|p1a: Blaziken|Speed Boost|boost
|-boost|p1a: Blaziken|spe|1
|upkeep
|turn|4
|inactive|BasedRen has 30 seconds left.
|inactive|Romain093 has 30 seconds left.
|inactive|BasedRen has 20 seconds left.
|inactive|Romain093 has 20 seconds left.
|
|t:|1757029588
|move|p2a: Archaludon|Protect|p2a: Archaludon
|-singleturn|p2a: Archaludon|Protect
|move|p1b: Ceruledge|Shadow Sneak|p2b: Pelipper
|-damage|p2b: Pelipper|49/100
|move|p1a: Blaziken|Overheat|p2a: Archaludon
|-activate|p2a: Archaludon|move: Protect
|move|p2b: Pelipper|Tailwind|p2b: Pelipper
|-sidestart|p2: Romain093|move: Tailwind
|
|-weather|RainDance|[upkeep]
|-ability|p1a: Blaziken|Speed Boost|boost
|-boost|p1a: Blaziken|spe|1
|upkeep
|turn|5
|
|t:|1757029607
|switch|p2a: Incineroar|Incineroar, L50, M|100/100
|-ability|p2a: Incineroar|Intimidate|boost
|-unboost|p1a: Blaziken|atk|1
|-fail|p1b: Ceruledge|unboost|[from] item: Clear Amulet|[of] p1b: Ceruledge
|move|p1b: Ceruledge|Shadow Sneak|p2b: Pelipper
|-damage|p2b: Pelipper|0 fnt
|faint|p2b: Pelipper
|move|p1a: Blaziken|Overheat|p2a: Incineroar
|-resisted|p2a: Incineroar
|-damage|p2a: Incineroar|88/100
|-unboost|p1a: Blaziken|spa|2
|
|-weather|RainDance|[upkeep]
|-ability|p1a: Blaziken|Speed Boost|boost
|-boost|p1a: Blaziken|spe|1
|upkeep
|
|t:|1757029625
|switch|p2b: Archaludon|Archaludon, L50, F, tera:Grass|35/100
|turn|6
|inactive|BasedRen has 30 seconds left.
|inactive|BasedRen has 20 seconds left.
|inactive|BasedRen has 15 seconds left.
|
|t:|1757029668
|-end|p1b: Ceruledge|ability: Flash Fire|[silent]
|switch|p1b: Corviknight|Corviknight, L50, M|100/100
|move|p2a: Incineroar|Fake Out|p1b: Corviknight
|-resisted|p1b: Corviknight
|-damage|p1b: Corviknight|96/100
|move|p1a: Blaziken|Coaching|p1b: Corviknight
|-boost|p1b: Corviknight|atk|1
|-boost|p1b: Corviknight|def|1
|move|p2b: Archaludon|Electro Shot||[still]
|-prepare|p2b: Archaludon|Electro Shot
|-boost|p2b: Archaludon|spa|1
|-anim|p2b: Archaludon|Electro Shot|p1b: Corviknight
|-supereffective|p1b: Corviknight
|-damage|p1b: Corviknight|0 fnt
|faint|p1b: Corviknight
|
|-weather|RainDance|[upkeep]
|-ability|p1a: Blaziken|Speed Boost|boost
|-boost|p1a: Blaziken|spe|1
|upkeep
|
|t:|1757029684
|switch|p1b: Ceruledge|Ceruledge, L50, F, tera:Grass|37/100
|turn|7
|inactive|BasedRen has 30 seconds left.
|
|t:|1757029710
|switch|p1a: Blaziken|Blaziken, L50, F, shiny|100/100
|move|p2b: Archaludon|Protect|p2b: Archaludon
|-singleturn|p2b: Archaludon|Protect
|move|p2a: Incineroar|Knock Off|p1b: Ceruledge
|-damage|p1b: Ceruledge|0 fnt
|-enditem|p1b: Ceruledge|Clear Amulet|[from] move: Knock Off|[of] p2a: Incineroar
|faint|p1b: Ceruledge
|
|-weather|none
|-sideend|p2: Romain093|move: Tailwind
|upkeep
|
|t:|1757029718
|switch|p1b: Blaziken|Blaziken, L50, F, shiny|100/100
|turn|8
|
|t:|1757029736
|move|p1a: Blaziken|Hyper Voice|p2a: Incineroar|[spread] p2a,p2b
|-damage|p2a: Incineroar|48/100
|-damage|p2b: Archaludon|0 fnt
|faint|p2b: Archaludon
|move|p1b: Blaziken|Aura Sphere|p2a: Incineroar
|-supereffective|p2a: Incineroar
|-damage|p2a: Incineroar|0 fnt
|faint|p2a: Incineroar
|
|-ability|p1b: Blaziken|Speed Boost|boost
|-boost|p1b: Blaziken|spe|1
|upkeep
|-message|Romain093 forfeited.
|
|win|BasedRen
|raw|BasedRen's rating: 1093 → 1117(+24 for winning)
|raw|Romain093's rating: 1068 → 1049(-19 for losing)
|l|☆Romain093
|player|p2|
