|j|☆airslashesfolante
|j|☆faskas123
|html|airslashesfolantefaskas123    
|uhtml|bestof|Game 2 of a best-of-3
|t:|1786064902
|gametype|doubles
|player|p1|airslashesfolante|roxie-masters|
|player|p2|faskas123|lana|
|gen|9
|tier|[Gen 9 Champions] VGC 2026 Reg M-B (Bo3)
|rule|Species Clause: Limit one of each Pokémon
|rule|Item Clause: Limit 1 of each item
|clearpoke
|poke|p1|Chimecho, L50, F|
|poke|p1|Altaria, L50, F|
|poke|p1|Sableye, L50, F|
|poke|p1|Heliolisk, L50, F|
|poke|p1|Quaquaval, L50, F|
|poke|p1|Mr. Rime, L50, M|
|poke|p2|Chesnaught, L50, M|
|poke|p2|Mr. Rime, L50, F|
|poke|p2|Aurorus, L50, F|
|poke|p2|Chimecho, L50, M|
|poke|p2|Tinkaton, L50, F|
|poke|p2|Vivillon-Pokeball, L50, F|
|teampreview|4
|showteam|p1|Chimecho||Chimechite|Levitate|CalmMind,Recover,Psyshock,FlashCannon|Bold||F|||50|]Altaria||SitrusBerry|CloudNine|WillOWisp,Tailwind,Acrobatics,Protect|Impish||F|||50|]Sableye||LightClay|Prankster|SkillSwap,Reflect,LightScreen,FoulPlay|Bold||F|||50|]Heliolisk||ChoiceScarf|DrySkin|HyperVoice,VoltSwitch,Electroweb,Thunderbolt|Timid||F|||50|]Quaquaval||LifeOrb|Moxie|AquaStep,CloseCombat,TripleAxel,Protect|Jolly||F|||50|]Mr. Rime||NeverMeltIce|ScreenCleaner|FakeOut,FreezeDry,Taunt,Protect|Modest||M|||50|
|showteam|p2|Chesnaught||Chesnaughtite|Bulletproof|BodyPress,SeedBomb,Protect,Curse|Sassy||M|||50|]Mr. Rime||Leftovers|IceBody|TrickRoom,Blizzard,FakeOut,AllySwitch|Sassy||F|||50|]Aurorus||LightClay|SnowWarning|AuroraVeil,Protect,Blizzard,Psychic|Quiet||F|||50|]Chimecho||Chimechite|Levitate|CosmicPower,StoredPower,TrickRoom,DazzlingGleam|Quiet||M|||50|]Tinkaton||LifeOrb|MoldBreaker|FakeOut,GigatonHammer,PlayRough,Protect|Adamant||F|||50|]Vivillon-Pokeball||FocusSash|FriendGuard|SleepPowder,RagePowder,PollenPuff,Protect|Timid||F|||50|
|inactive|Battle timer is ON: inactive players will automatically lose when time's up. (requested by faskas123)
|inactive|airslashesfolante has 60 seconds left.
|
|t:|1786064944
|teamsize|p1|4
|teamsize|p2|4
|start
|switch|p1a: Chimecho|Chimecho, L50, F|100/100
|switch|p1b: Sableye|Sableye, L50, F|100/100
|switch|p2a: Corcunda Quasimodo|Chimecho, L50, M|100/100
|switch|p2b: Amy Rose|Tinkaton, L50, F|100/100
|-ability|p2b: Amy Rose|Mold Breaker
|turn|1
|
|t:|1786064965
|detailschange|p1a: Chimecho|Chimecho-Mega, L50, F
|-mega|p1a: Chimecho|Chimecho|Chimechite
|detailschange|p2a: Corcunda Quasimodo|Chimecho-Mega, L50, M
|-mega|p2a: Corcunda Quasimodo|Chimecho|Chimechite
|move|p2b: Amy Rose|Fake Out|p1a: Chimecho
|-resisted|p1a: Chimecho|1
|-damage|p1a: Chimecho|96/100
|-damage|p2b: Amy Rose|90/100|[from] item: Life Orb
|move|p1b: Sableye|Reflect|p1b: Sableye
|-sidestart|p1: airslashesfolante|Reflect
|cant|p1a: Chimecho|flinch
|move|p2a: Corcunda Quasimodo|Cosmic Power|p2a: Corcunda Quasimodo
|-boost|p2a: Corcunda Quasimodo|def|1
|-boost|p2a: Corcunda Quasimodo|spd|1
|
|upkeep
|turn|2
|
|t:|1786064982
|move|p2b: Amy Rose|Play Rough|p1b: Sableye
|-supereffective|p1b: Sableye|1
|-damage|p1b: Sableye|36/100
|-damage|p2b: Amy Rose|80/100|[from] item: Life Orb
|move|p1a: Chimecho|Calm Mind|p1a: Chimecho
|-boost|p1a: Chimecho|spa|1
|-boost|p1a: Chimecho|spd|1
|move|p2a: Corcunda Quasimodo|Cosmic Power|p2a: Corcunda Quasimodo
|-boost|p2a: Corcunda Quasimodo|def|1
|-boost|p2a: Corcunda Quasimodo|spd|1
|move|p1b: Sableye|Foul Play|p2a: Corcunda Quasimodo
|-supereffective|p2a: Corcunda Quasimodo|1
|-damage|p2a: Corcunda Quasimodo|82/100
|
|upkeep
|turn|3
|
|t:|1786064996
|move|p1b: Sableye|Light Screen|p1b: Sableye
|-sidestart|p1: airslashesfolante|move: Light Screen
|move|p2b: Amy Rose|Play Rough|p1b: Sableye
|-supereffective|p1b: Sableye|1
|-damage|p1b: Sableye|0 fnt
|faint|p1b: Sableye
|-damage|p2b: Amy Rose|71/100|[from] item: Life Orb
|move|p1a: Chimecho|Calm Mind|p1a: Chimecho
|-boost|p1a: Chimecho|spa|1
|-boost|p1a: Chimecho|spd|1
|move|p2a: Corcunda Quasimodo|Cosmic Power|p2a: Corcunda Quasimodo
|-boost|p2a: Corcunda Quasimodo|def|1
|-boost|p2a: Corcunda Quasimodo|spd|1
|
|upkeep
|
|t:|1786065001
|switch|p1b: Altaria|Altaria, L50, F|100/100
|-ability|p1b: Altaria|Cloud Nine
|turn|4
|
|t:|1786065009
|move|p2b: Amy Rose|Play Rough|p1b: Altaria
|-supereffective|p1b: Altaria|1
|-damage|p1b: Altaria|51/100
|-damage|p2b: Amy Rose|61/100|[from] item: Life Orb
|move|p1b: Altaria|Will-O-Wisp|p2b: Amy Rose|[miss]
|-miss|p1b: Altaria|p2b: Amy Rose
|move|p1a: Chimecho|Calm Mind|p1a: Chimecho
|-boost|p1a: Chimecho|spa|1
|-boost|p1a: Chimecho|spd|1
|move|p2a: Corcunda Quasimodo|Cosmic Power|p2a: Corcunda Quasimodo
|-boost|p2a: Corcunda Quasimodo|def|1
|-boost|p2a: Corcunda Quasimodo|spd|1
|
|upkeep
|turn|5
|
|t:|1786065025
|switch|p2b: Charlie Chaplin|Mr. Rime, L50, F|100/100
|move|p1b: Altaria|Protect|p1b: Altaria
|-singleturn|p1b: Altaria|Protect
|move|p1a: Chimecho|Calm Mind|p1a: Chimecho
|-boost|p1a: Chimecho|spa|1
|-boost|p1a: Chimecho|spd|1
|move|p2a: Corcunda Quasimodo|Cosmic Power|p2a: Corcunda Quasimodo
|-boost|p2a: Corcunda Quasimodo|def|1
|-boost|p2a: Corcunda Quasimodo|spd|1
|
|upkeep
|turn|6
|
|t:|1786065042
|move|p1b: Altaria|Will-O-Wisp|p2a: Corcunda Quasimodo
|-status|p2a: Corcunda Quasimodo|brn
|move|p1a: Chimecho|Calm Mind|p1a: Chimecho
|-boost|p1a: Chimecho|spa|1
|-boost|p1a: Chimecho|spd|1
|move|p2b: Charlie Chaplin|Blizzard|p1a: Chimecho|[spread] p1a,p1b
|-resisted|p1a: Chimecho|1
|-supereffective|p1b: Altaria|2
|-damage|p1a: Chimecho|93/100
|-damage|p1b: Altaria|0 fnt
|faint|p1b: Altaria
|move|p2a: Corcunda Quasimodo|Cosmic Power|p2a: Corcunda Quasimodo
|-boost|p2a: Corcunda Quasimodo|def|1
|-boost|p2a: Corcunda Quasimodo|spd|1
|
|-damage|p2a: Corcunda Quasimodo|76/100 brn|[from] brn
|upkeep
|
|t:|1786065044
|switch|p1b: Quaquaval|Quaquaval, L50, F|100/100
|turn|7
|
|t:|1786065058
|move|p1b: Quaquaval|Protect|p1b: Quaquaval
|-singleturn|p1b: Quaquaval|Protect
|move|p2b: Charlie Chaplin|Ally Switch|p2b: Charlie Chaplin
|swap|p2b: Charlie Chaplin|0|[from] move: Ally Switch
|move|p1a: Chimecho|Flash Cannon|p2b: Corcunda Quasimodo
|-resisted|p2b: Corcunda Quasimodo|1
|-damage|p2b: Corcunda Quasimodo|64/100 brn
|move|p2b: Corcunda Quasimodo|Stored Power|p1b: Quaquaval
|-activate|p1b: Quaquaval|move: Protect
|
|-damage|p2b: Corcunda Quasimodo|58/100 brn|[from] brn
|upkeep
|turn|8
|
|t:|1786065074
|switch|p2a: Amy Rose|Tinkaton, L50, F|61/100
|-ability|p2a: Amy Rose|Mold Breaker
|move|p1b: Quaquaval|Close Combat|p2b: Corcunda Quasimodo
|-damage|p2b: Corcunda Quasimodo|38/100 brn
|-unboost|p1b: Quaquaval|def|1
|-unboost|p1b: Quaquaval|spd|1
|-damage|p1b: Quaquaval|90/100|[from] item: Life Orb
|move|p1a: Chimecho|Flash Cannon|p2a: Amy Rose
|-damage|p2a: Amy Rose|0 fnt
|faint|p2a: Amy Rose
|move|p2b: Corcunda Quasimodo|Stored Power|p1b: Quaquaval
|-supereffective|p1b: Quaquaval|1
|-damage|p1b: Quaquaval|0 fnt
|faint|p1b: Quaquaval
|
|-damage|p2b: Corcunda Quasimodo|32/100 brn|[from] brn
|-sideend|p1: airslashesfolante|Reflect
|upkeep
|
|t:|1786065085
|switch|p2a: Shinobu|Vivillon-Pokeball, L50, F|100/100
|turn|9
|
|t:|1786065094
|move|p2a: Shinobu|Sleep Powder|p1a: Chimecho
|-status|p1a: Chimecho|slp|[from] move: Sleep Powder
|cant|p1a: Chimecho|slp
|move|p2b: Corcunda Quasimodo|Stored Power|p1a: Chimecho
|-resisted|p1a: Chimecho|2
|-damage|p1a: Chimecho|87/100 slp
|
|-damage|p2b: Corcunda Quasimodo|26/100 brn|[from] brn
|upkeep
|turn|10
|
|t:|1786065103
|move|p2a: Shinobu|Pollen Puff|p2b: Corcunda Quasimodo
|-heal|p2b: Corcunda Quasimodo|76/100 brn
|-curestatus|p1a: Chimecho|slp|[msg]
|move|p1a: Chimecho|Flash Cannon|p2a: Shinobu
|-enditem|p2a: Shinobu|Focus Sash
|-damage|p2a: Shinobu|1/100
|move|p2b: Corcunda Quasimodo|Stored Power|p1a: Chimecho
|-resisted|p1a: Chimecho|2
|-damage|p1a: Chimecho|82/100
|
|-damage|p2b: Corcunda Quasimodo|70/100 brn|[from] brn
|-sideend|p1: airslashesfolante|move: Light Screen
|upkeep
|turn|11
|c|☆faskas123|top 10 partidas da historia
|
|t:|1786065120
|move|p2a: Shinobu|Sleep Powder|p1a: Chimecho
|-status|p1a: Chimecho|slp|[from] move: Sleep Powder
|cant|p1a: Chimecho|slp
|move|p2b: Corcunda Quasimodo|Stored Power|p1a: Chimecho
|-resisted|p1a: Chimecho|2
|-damage|p1a: Chimecho|74/100 slp
|
|-damage|p2b: Corcunda Quasimodo|64/100 brn|[from] brn
|upkeep
|turn|12
|
|t:|1786065129
|move|p2a: Shinobu|Pollen Puff|p2b: Corcunda Quasimodo
|-heal|p2b: Corcunda Quasimodo|100/100 brn
|-curestatus|p1a: Chimecho|slp|[msg]
|move|p1a: Chimecho|Flash Cannon|p2a: Shinobu
|-damage|p2a: Shinobu|0 fnt
|faint|p2a: Shinobu
|move|p2b: Corcunda Quasimodo|Stored Power|p1a: Chimecho
|-resisted|p1a: Chimecho|2
|-damage|p1a: Chimecho|64/100
|
|-damage|p2b: Corcunda Quasimodo|93/100 brn|[from] brn
|upkeep
|
|t:|1786065135
|switch|p2a: Charlie Chaplin|Mr. Rime, L50, F|100/100
|turn|13
|c|☆airslashesfolante|eu tenho recover e vc n
|c|☆airslashesfolante|uma hora tu morre pro burn
|
|t:|1786065150
|move|p2a: Charlie Chaplin|Fake Out|p1a: Chimecho
|-resisted|p1a: Chimecho|1
|-damage|p1a: Chimecho|61/100
|cant|p1a: Chimecho|flinch
|move|p2b: Corcunda Quasimodo|Stored Power|p1a: Chimecho
|-resisted|p1a: Chimecho|2
|-damage|p1a: Chimecho|52/100
|
|-damage|p2b: Corcunda Quasimodo|87/100 brn|[from] brn
|upkeep
|turn|14
|c|☆faskas123|a não ser que venha o critico milagroso no turno necessario
|inactive|faskas123 has 30 seconds left.
|c|☆airslashesfolante|aí eu choro
|
|t:|1786065180
|move|p1a: Chimecho|Recover|p1a: Chimecho
|-heal|p1a: Chimecho|100/100
|move|p2a: Charlie Chaplin|Blizzard|p1a: Chimecho|[miss]
|-miss|p2a: Charlie Chaplin|p1a: Chimecho
|move|p2b: Corcunda Quasimodo|Stored Power|p1a: Chimecho
|-resisted|p1a: Chimecho|2
|-damage|p1a: Chimecho|91/100
|
|-damage|p2b: Corcunda Quasimodo|81/100 brn|[from] brn
|upkeep
|turn|15
|
|t:|1786065186
|move|p1a: Chimecho|Flash Cannon|p2a: Charlie Chaplin
|-supereffective|p2a: Charlie Chaplin|1
|-damage|p2a: Charlie Chaplin|0 fnt
|faint|p2a: Charlie Chaplin
|move|p2b: Corcunda Quasimodo|Stored Power|p1a: Chimecho
|-resisted|p1a: Chimecho|2
|-damage|p1a: Chimecho|82/100
|
|-damage|p2b: Corcunda Quasimodo|75/100 brn|[from] brn
|upkeep
|turn|16
|
|t:|1786065191
|move|p1a: Chimecho|Flash Cannon|p2b: Corcunda Quasimodo
|-resisted|p2b: Corcunda Quasimodo|1
|-damage|p2b: Corcunda Quasimodo|63/100 brn
|move|p2b: Corcunda Quasimodo|Trick Room|p2b: Corcunda Quasimodo
|-fieldstart|move: Trick Room|[of] p2b: Corcunda Quasimodo
|
|-damage|p2b: Corcunda Quasimodo|57/100 brn|[from] brn
|upkeep
|turn|17
|
|t:|1786065196
|move|p2b: Corcunda Quasimodo|Stored Power|p1a: Chimecho
|-resisted|p1a: Chimecho|2
|-damage|p1a: Chimecho|73/100
|move|p1a: Chimecho|Flash Cannon|p2b: Corcunda Quasimodo
|-resisted|p2b: Corcunda Quasimodo|1
|-damage|p2b: Corcunda Quasimodo|42/100 brn
|
|-damage|p2b: Corcunda Quasimodo|36/100 brn|[from] brn
|upkeep
|turn|18
|
|t:|1786065201
|move|p2b: Corcunda Quasimodo|Stored Power|p1a: Chimecho
|-resisted|p1a: Chimecho|2
|-damage|p1a: Chimecho|63/100
|move|p1a: Chimecho|Recover|p1a: Chimecho
|-heal|p1a: Chimecho|100/100
|
|-damage|p2b: Corcunda Quasimodo|30/100 brn|[from] brn
|upkeep
|turn|19
|
|t:|1786065205
|move|p2b: Corcunda Quasimodo|Stored Power|p1a: Chimecho
|-resisted|p1a: Chimecho|2
|-damage|p1a: Chimecho|91/100
|move|p1a: Chimecho|Flash Cannon|p2b: Corcunda Quasimodo
|-resisted|p2b: Corcunda Quasimodo|1
|-damage|p2b: Corcunda Quasimodo|17/100 brn
|
|-damage|p2b: Corcunda Quasimodo|11/100 brn|[from] brn
|upkeep
|turn|20
|
|t:|1786065210
|move|p2b: Corcunda Quasimodo|Dazzling Gleam|p1a: Chimecho
|-resisted|p1a: Chimecho|1
|-damage|p1a: Chimecho|87/100
|move|p1a: Chimecho|Recover|p1a: Chimecho
|-heal|p1a: Chimecho|100/100
|
|-damage|p2b: Corcunda Quasimodo|5/100 brn|[from] brn
|-fieldend|move: Trick Room
|upkeep
|turn|21
|c|☆faskas123|agr cabou msm kkkk
|-message|faskas123 forfeited.
|
|win|airslashesfolante
|c|☆faskas123|gg
|c|☆faskas123|cabou pp cabou a graça
