|j|☆BVSelf
|j|☆carolchanning
|html|BVSelfcarolchanning    
|uhtml|bestof|Game 1 of a best-of-3
|t:|1783239750
|gametype|doubles
|player|p1|BVSelf|juan|1358
|player|p2|carolchanning|2|1337
|gen|9
|tier|[Gen 9 Champions] VGC 2026 Reg M-B (Bo3)
|rated|
|rule|Species Clause: Limit one of each Pokémon
|rule|Item Clause: Limit 1 of each item
|clearpoke
|poke|p1|Torkoal, L50, F|
|poke|p1|Venusaur, L50, F|
|poke|p1|Farigiraf, L50, M|
|poke|p1|Scrafty, L50, M|
|poke|p1|Mamoswine, L50, M|
|poke|p1|Pyroar, L50, M|
|poke|p2|Charizard, L50, F|
|poke|p2|Garchomp, L50, M|
|poke|p2|Incineroar, L50, M|
|poke|p2|Sylveon, L50, M|
|poke|p2|Farigiraf, L50, F|
|poke|p2|Aerodactyl, L50, M|
|teampreview|4
|showteam|p1|Torkoal||HeatRock|Drought|Eruption,WeatherBall,HelpingHand,Protect|Quiet||F|||50|]Venusaur||LifeOrb|Chlorophyll|EnergyBall,SludgeBomb,EarthPower,Protect|Modest||F|||50|]Farigiraf||SitrusBerry|ArmorTail|Psychic,Thunderbolt,TrickRoom,Protect|Quiet||M|||50|]Scrafty||Scraftinite|Intimidate|KnockOff,DrainPunch,IcePunch,FakeOut|Adamant||M|||50|]Mamoswine||FocusSash|Oblivious|HighHorsepower,RockSlide,IceShard,Protect|Adamant||M|||50|]Pyroar||Pyroarite|Unnerve|HeatWave,Overheat,Yawn,Protect|Timid||M|||50|
|showteam|p2|Charizard||CharizarditeY|Blaze|HeatWave,WeatherBall,SolarBeam,Protect|Modest||F|||50|]Garchomp||LifeOrb|RoughSkin|Earthquake,DragonClaw,StompingTantrum,Protect|Jolly||M|||50|]Incineroar||Charcoal|Intimidate|FakeOut,PartingShot,DarkestLariat,FlareBlitz|Brave||M|||50|]Sylveon||FairyFeather|Pixilate|HyperVoice,QuickAttack,Yawn,Protect|Modest||M|||50|]Farigiraf||SitrusBerry|ArmorTail|Psyshock,HelpingHand,TrickRoom,Protect|Calm||F|||50|]Aerodactyl||FocusSash|Unnerve|RockSlide,Tailwind,WideGuard,Protect|Jolly||M|||50|
|inactive|Battle timer is ON: inactive players will automatically lose when time's up. (requested by carolchanning)
|inactive|BVSelf has 60 seconds left.
|inactive|carolchanning has 60 seconds left.
|inactive|carolchanning has 30 seconds left.
|
|t:|1783239813
|teamsize|p1|4
|teamsize|p2|4
|start
|switch|p1a: Farigiraf|Farigiraf, L50, M|100/100
|switch|p1b: Scrafty|Scrafty, L50, M|100/100
|switch|p2a: Incineroar|Incineroar, L50, M|100/100
|switch|p2b: Aerodactyl|Aerodactyl, L50, M|100/100
|-ability|p2b: Aerodactyl|Unnerve
|-ability|p1b: Scrafty|Intimidate|boost
|-unboost|p2a: Incineroar|atk|1
|-unboost|p2b: Aerodactyl|atk|1
|-ability|p2a: Incineroar|Intimidate|boost
|-unboost|p1a: Farigiraf|atk|1
|-unboost|p1b: Scrafty|atk|1
|turn|1
|
|t:|1783239837
|move|p1a: Farigiraf|Protect|p1a: Farigiraf
|-singleturn|p1a: Farigiraf|Protect
|move|p1b: Scrafty|Fake Out|p2b: Aerodactyl
|-resisted|p2b: Aerodactyl|1
|-damage|p2b: Aerodactyl|92/100
|cant|p2b: Aerodactyl|flinch
|move|p2a: Incineroar|Parting Shot|p1a: Farigiraf
|-activate|p1a: Farigiraf|move: Protect
|
|upkeep
|turn|2
|inactive|BVSelf has 30 seconds left.
|
|t:|1783239865
|move|p2b: Aerodactyl|Rock Slide|p1b: Scrafty|[spread] p1a,p1b
|-resisted|p1b: Scrafty|1
|-damage|p1a: Farigiraf|82/100
|-damage|p1b: Scrafty|92/100
|move|p1b: Scrafty|Knock Off|p2a: Incineroar
|-resisted|p2a: Incineroar|1
|-damage|p2a: Incineroar|85/100
|-enditem|p2a: Incineroar|Charcoal|[from] move: Knock Off|[of] p1b: Scrafty
|move|p2a: Incineroar|Parting Shot|p1a: Farigiraf
|-unboost|p1a: Farigiraf|atk|1
|-unboost|p1a: Farigiraf|spa|1
|
|t:|1783239876
|switch|p2a: Sylveon|Sylveon, L50, M|100/100|[from] Parting Shot
|cant|p1a: Farigiraf|flinch
|
|upkeep
|turn|3
|inactive|BVSelf has 30 seconds left.
|inactive|BVSelf has 20 seconds left.
|inactive|BVSelf has 15 seconds left.
|inactive|BVSelf has 10 seconds left.
|
|t:|1783239924
|move|p2b: Aerodactyl|Rock Slide|p1b: Scrafty|[spread] p1a,p1b
|-resisted|p1b: Scrafty|1
|-damage|p1a: Farigiraf|67/100
|-damage|p1b: Scrafty|84/100
|move|p2a: Sylveon|Hyper Voice|p1b: Scrafty|[spread] p1a,p1b
|-supereffective|p1b: Scrafty|2
|-damage|p1a: Farigiraf|22/100
|-damage|p1b: Scrafty|0 fnt
|faint|p1b: Scrafty
|move|p1a: Farigiraf|Trick Room|p1a: Farigiraf
|-fieldstart|move: Trick Room|[of] p1a: Farigiraf
|
|upkeep
|
|t:|1783239931
|switch|p1b: Torkoal|Torkoal, L50, F|100/100
|-weather|SunnyDay|[from] ability: Drought|[of] p1b: Torkoal
|turn|4
|
|t:|1783239944
|move|p1b: Torkoal|Protect|p1b: Torkoal
|-singleturn|p1b: Torkoal|Protect
|move|p2b: Aerodactyl|Wide Guard|p2b: Aerodactyl
|-singleturn|p2b: Aerodactyl|Wide Guard
|move|p1a: Farigiraf|Thunderbolt|p2b: Aerodactyl
|-supereffective|p2b: Aerodactyl|1
|-damage|p2b: Aerodactyl|40/100
|move|p2a: Sylveon|Hyper Voice|p1b: Torkoal|[spread] p1a
|-activate|p1b: Torkoal|move: Protect
|-damage|p1a: Farigiraf|0 fnt
|faint|p1a: Farigiraf
|
|-weather|SunnyDay|[upkeep]
|upkeep
|
|t:|1783239953
|switch|p1a: Mamoswine|Mamoswine, L50, M|100/100
|turn|5
|
|t:|1783239962
|switch|p2b: Incineroar|Incineroar, L50, M|85/100
|-ability|p2b: Incineroar|Intimidate|boost
|-fail|p1a: Mamoswine|unboost|Attack|[from] ability: Oblivious|[of] p1a: Mamoswine
|-unboost|p1b: Torkoal|atk|1
|move|p2a: Sylveon|Protect|p2a: Sylveon
|-singleturn|p2a: Sylveon|Protect
|move|p1a: Mamoswine|Ice Shard|p2a: Sylveon
|-activate|p2a: Sylveon|move: Protect
|move|p1b: Torkoal|Weather Ball|p2a: Sylveon
|-activate|p2a: Sylveon|move: Protect
|
|-weather|SunnyDay|[upkeep]
|upkeep
|turn|6
|
|t:|1783239978
|move|p1b: Torkoal|Protect|p1b: Torkoal
|-singleturn|p1b: Torkoal|Protect
|move|p1a: Mamoswine|Protect|p1a: Mamoswine
|-singleturn|p1a: Mamoswine|Protect
|move|p2b: Incineroar|Fake Out|p1b: Torkoal
|-activate|p1b: Torkoal|move: Protect
|move|p2a: Sylveon|Hyper Voice|p1a: Mamoswine|[spread] 
|-activate|p1a: Mamoswine|move: Protect
|-activate|p1b: Torkoal|move: Protect
|
|-weather|SunnyDay|[upkeep]
|upkeep
|turn|7
|inactive|BVSelf has 30 seconds left.
|
|t:|1783240004
|move|p2a: Sylveon|Protect|p2a: Sylveon
|-singleturn|p2a: Sylveon|Protect
|move|p1b: Torkoal|Eruption|p2b: Incineroar|[spread] p2b
|-activate|p2a: Sylveon|move: Protect
|-resisted|p2b: Incineroar|1
|-damage|p2b: Incineroar|50/100y
|move|p2b: Incineroar|Parting Shot|p1a: Mamoswine
|-unboost|p1a: Mamoswine|atk|1
|-unboost|p1a: Mamoswine|spa|1
|
|t:|1783240015
|switch|p2b: Aerodactyl|Aerodactyl, L50, M|40/100|[from] Parting Shot
|-ability|p2b: Aerodactyl|Unnerve
|move|p1a: Mamoswine|High Horsepower|p2b: Aerodactyl
|-immune|p2b: Aerodactyl
|
|-weather|SunnyDay|[upkeep]
|-fieldend|move: Trick Room
|upkeep
|turn|8
|
|t:|1783240031
|move|p1a: Mamoswine|Ice Shard|p2b: Aerodactyl
|-supereffective|p2b: Aerodactyl|1
|-damage|p2b: Aerodactyl|0 fnt
|faint|p2b: Aerodactyl
|move|p2a: Sylveon|Hyper Voice|p1a: Mamoswine|[spread] p1a,p1b
|-resisted|p1b: Torkoal|1
|-damage|p1a: Mamoswine|35/100
|-damage|p1b: Torkoal|72/100
|move|p1b: Torkoal|Weather Ball|p2a: Sylveon
|-damage|p2a: Sylveon|54/100
|
|-weather|SunnyDay|[upkeep]
|upkeep
|
|t:|1783240036
|switch|p2b: Garchomp|Garchomp, L50, M|100/100
|turn|9
|
|t:|1783240048
|move|p1b: Torkoal|Helping Hand|p1a: Mamoswine
|-singleturn|p1a: Mamoswine|Helping Hand|[of] p1b: Torkoal
|move|p1a: Mamoswine|Ice Shard|p2b: Garchomp
|-supereffective|p2b: Garchomp|2
|-crit|p2b: Garchomp
|-damage|p2b: Garchomp|0 fnt
|faint|p2b: Garchomp
|move|p2a: Sylveon|Hyper Voice|p1a: Mamoswine|[spread] p1a,p1b
|-crit|p1a: Mamoswine
|-resisted|p1b: Torkoal|1
|-damage|p1a: Mamoswine|0 fnt
|-damage|p1b: Torkoal|42/100
|faint|p1a: Mamoswine
|
|-weather|SunnyDay|[upkeep]
|upkeep
|
|t:|1783240061
|switch|p2b: Incineroar|Incineroar, L50, M|50/100y
|-ability|p2b: Incineroar|Intimidate|boost
|-unboost|p1b: Torkoal|atk|1
|turn|10
|
|t:|1783240086
|move|p2b: Incineroar|Fake Out|p1b: Torkoal
|-damage|p1b: Torkoal|31/100
|move|p2a: Sylveon|Hyper Voice|p1b: Torkoal
|-resisted|p1b: Torkoal|1
|-damage|p1b: Torkoal|0 fnt
|faint|p1b: Torkoal
|
|win|carolchanning
||BVSelf is ready for game 2.
||carolchanning is ready for game 2.
|uhtml|next|Next: Game 2 of 3
