|j|☆testdigi
|j|☆NyulaDraws
|html|testdigiNyulaDraws    
|uhtml|bestof|Game 3 of a best-of-3
|t:|1784294548
|gametype|doubles
|player|p1|testdigi|1|1075
|player|p2|NyulaDraws|backpacker|1138
|gen|9
|tier|[Gen 9 Champions] VGC 2026 Reg M-B (Bo3)
|rated|
|rule|Species Clause: Limit one of each Pokémon
|rule|Item Clause: Limit 1 of each item
|clearpoke
|poke|p1|Sneasler, L50, M|
|poke|p1|Delphox, L50, F, shiny|
|poke|p1|Kingambit, L50, F, shiny|
|poke|p1|Sinistcha, L50|
|poke|p1|Incineroar, L50, M|
|poke|p1|Blastoise, L50, F|
|poke|p2|Tyranitar, L50, M|
|poke|p2|Excadrill, L50, M, shiny|
|poke|p2|Milotic, L50, M|
|poke|p2|Sinistcha, L50|
|poke|p2|Staraptor, L50, F, shiny|
|poke|p2|Gholdengo, L50|
|teampreview|4
|showteam|p1|Sneasler||FocusSash|PoisonTouch|PoisonJab,QuickGuard,CloseCombat,FakeOut|Jolly||M|||50|]Delphox||Delphoxite|Blaze|HeatWave,Psychic,NastyPlot,Protect|Timid||F|||50|]Kingambit||LifeOrb|Defiant|KowtowCleave,SuckerPunch,SwordsDance,Protect|Adamant||F|||50|]Sinistcha||ColburBerry|Hospitality|MatchaGotcha,RagePowder,TrickRoom,Protect|Bold|||||50|]Incineroar||SitrusBerry|Intimidate|FlareBlitz,HelpingHand,PartingShot,FakeOut|Impish||M|||50|]Blastoise||Blastoisinite|RainDish|WaterSpout,DarkPulse,ShellSmash,Protect|Modest||F|||50|
|showteam|p2|Tyranitar||Tyranitarite|SandStream|KnockOff,RockSlide,HighHorsepower,Protect|Jolly||M|||50|]Excadrill||FocusSash|SandRush|HighHorsepower,IronHead,RockSlide,Protect|Jolly||M|||50|]Milotic||SitrusBerry|Competitive|Scald,IcyWind,Haze,Protect|Calm||M|||50|]Sinistcha||ColburBerry|Hospitality|MatchaGotcha,ShadowBall,Protect,RagePowder|Bold|||||50|]Staraptor||Staraptite|Intimidate|CloseCombat,BraveBird,Tailwind,Protect|Jolly||F|||50|]Gholdengo||LifeOrb|GoodasGold|MakeItRain,ShadowBall,NastyPlot,Protect|Modest|||||50|
|j| adrianlucario
|l| adrianlucario
|
|t:|1784294571
|teamsize|p1|4
|teamsize|p2|4
|start
|switch|p1a: Incineroar|Incineroar, L50, M|100/100
|switch|p1b: Kingambit|Kingambit, L50, F, shiny|100/100
|switch|p2a: Staraptor|Staraptor, L50, F, shiny|100/100
|switch|p2b: Sinistcha|Sinistcha, L50|100/100
|-ability|p2a: Staraptor|Intimidate|boost
|-unboost|p1a: Incineroar|atk|1
|-unboost|p1b: Kingambit|atk|1
|-ability|p1b: Kingambit|Defiant|boost
|-boost|p1b: Kingambit|atk|2
|-ability|p1a: Incineroar|Intimidate|boost
|-unboost|p2a: Staraptor|atk|1
|-unboost|p2b: Sinistcha|atk|1
|turn|1
|
|t:|1784294594
|move|p2a: Staraptor|Protect|p2a: Staraptor
|-singleturn|p2a: Staraptor|Protect
|move|p2b: Sinistcha|Protect|p2b: Sinistcha
|-singleturn|p2b: Sinistcha|Protect
|move|p1a: Incineroar|Fake Out|p2a: Staraptor
|-activate|p2a: Staraptor|move: Protect
|move|p1b: Kingambit|Swords Dance|p1b: Kingambit
|-boost|p1b: Kingambit|atk|2
|
|upkeep
|turn|2
|inactive|Battle timer is ON: inactive players will automatically lose when time's up. (requested by testdigi)
|
|t:|1784294610
|detailschange|p2a: Staraptor|Staraptor-Mega, L50, F, shiny
|-mega|p2a: Staraptor|Staraptor|Staraptite
|move|p1b: Kingambit|Sucker Punch|p2a: Staraptor
|-resisted|p2a: Staraptor|1
|-damage|p2a: Staraptor|34/100
|-damage|p1b: Kingambit|90/100|[from] item: Life Orb
|move|p2a: Staraptor|Close Combat|p1a: Incineroar
|-supereffective|p1a: Incineroar|1
|-damage|p1a: Incineroar|43/100
|-boost|p2a: Staraptor|def|1
|-boost|p2a: Staraptor|spd|1
|-enditem|p1a: Incineroar|Sitrus Berry|[eat]
|-heal|p1a: Incineroar|68/100|[from] item: Sitrus Berry
|move|p2b: Sinistcha|Matcha Gotcha|p1b: Kingambit|[spread] p1a
|-miss|p2b: Sinistcha|p1b: Kingambit
|-resisted|p1a: Incineroar|1
|-damage|p1a: Incineroar|55/100
|move|p1a: Incineroar|Flare Blitz|p2b: Sinistcha
|-supereffective|p2b: Sinistcha|1
|-damage|p2b: Sinistcha|52/100
|-damage|p1a: Incineroar|41/100|[from] Recoil
|
|upkeep
|turn|3
|inactive|NyulaDraws has 30 seconds left.
|inactive|NyulaDraws has 20 seconds left.
|inactive|testdigi has 30 seconds left.
|inactive|NyulaDraws has 15 seconds left.
|
|t:|1784294656
|switch|p2b: Tyranitar|Tyranitar, L50, M|100/100
|-weather|Sandstorm|[from] ability: Sand Stream|[of] p2b: Tyranitar
|switch|p1a: Sinistcha|Sinistcha, L50|100/100
|-heal|p1b: Kingambit|100/100|[from] ability: Hospitality|[of] p1a: Sinistcha
|move|p2a: Staraptor|Protect|p2a: Staraptor
|-singleturn|p2a: Staraptor|Protect
|move|p1b: Kingambit|Protect||[still]
|-fail|p1b: Kingambit
|
|-weather|Sandstorm|[upkeep]
|-damage|p2a: Staraptor|29/100|[from] Sandstorm
|-damage|p1a: Sinistcha|93/100|[from] Sandstorm
|upkeep
|turn|4
|
|t:|1784294675
|move|p1b: Kingambit|Sucker Punch||[still]
|-fail|p1b: Kingambit
|move|p2a: Staraptor|Tailwind|p2a: Staraptor
|-sidestart|p2: NyulaDraws|move: Tailwind
|move|p2b: Tyranitar|Knock Off|p1a: Sinistcha
|-supereffective|p1a: Sinistcha|1
|-enditem|p1a: Sinistcha|Colbur Berry|[eat]
|-enditem|p1a: Sinistcha|Colbur Berry|[weaken]
|-damage|p1a: Sinistcha|53/100
|move|p1a: Sinistcha|Trick Room|p1a: Sinistcha
|-fieldstart|move: Trick Room|[of] p1a: Sinistcha
|
|-weather|Sandstorm|[upkeep]
|-damage|p1a: Sinistcha|47/100|[from] Sandstorm
|-damage|p2a: Staraptor|23/100|[from] Sandstorm
|upkeep
|turn|5
|
|t:|1784294697
|move|p2a: Staraptor|Protect|p2a: Staraptor
|-singleturn|p2a: Staraptor|Protect
|move|p1b: Kingambit|Kowtow Cleave|p2a: Staraptor
|-activate|p2a: Staraptor|move: Protect
|move|p1a: Sinistcha|Matcha Gotcha|p2b: Tyranitar|[spread] p2b
|-activate|p2a: Staraptor|move: Protect
|-supereffective|p2b: Tyranitar|1
|-damage|p2b: Tyranitar|70/100
|-heal|p1a: Sinistcha|62/100|[from] drain|[of] p2b: Tyranitar
|move|p2b: Tyranitar|Knock Off|p1a: Sinistcha
|-supereffective|p1a: Sinistcha|1
|-damage|p1a: Sinistcha|7/100
|
|-weather|Sandstorm|[upkeep]
|-damage|p1a: Sinistcha|1/100|[from] Sandstorm
|-damage|p2a: Staraptor|17/100|[from] Sandstorm
|upkeep
|turn|6
|
|t:|1784294718
|switch|p2b: Sinistcha|Sinistcha, L50|52/100
|-heal|p2a: Staraptor|42/100|[from] ability: Hospitality|[of] p2b: Sinistcha
|move|p1b: Kingambit|Kowtow Cleave|p2a: Staraptor
|-resisted|p2a: Staraptor|1
|-damage|p2a: Staraptor|0 fnt
|faint|p2a: Staraptor
|-damage|p1b: Kingambit|90/100|[from] item: Life Orb
|move|p1a: Sinistcha|Matcha Gotcha|p2b: Sinistcha
|-resisted|p2b: Sinistcha|1
|-damage|p2b: Sinistcha|36/100
|-heal|p1a: Sinistcha|9/100|[from] drain|[of] p2b: Sinistcha
|-status|p2b: Sinistcha|brn
|
|-weather|Sandstorm|[upkeep]
|-damage|p1a: Sinistcha|3/100|[from] Sandstorm
|-damage|p2b: Sinistcha|30/100 brn|[from] Sandstorm
|-damage|p2b: Sinistcha|25/100 brn|[from] brn
|upkeep
|
|t:|1784294730
|switch|p2a: Excadrill|Excadrill, L50, M, shiny|100/100
|turn|7
|
|t:|1784294741
|move|p1b: Kingambit|Protect|p1b: Kingambit
|-singleturn|p1b: Kingambit|Protect
|move|p2b: Sinistcha|Rage Powder|p2b: Sinistcha
|-singleturn|p2b: Sinistcha|move: Rage Powder
|move|p1a: Sinistcha|Matcha Gotcha|p2b: Sinistcha|[spread] p2a,p2b
|-resisted|p2b: Sinistcha|1
|-damage|p2a: Excadrill|69/100
|-heal|p1a: Sinistcha|19/100|[from] drain|[of] p2a: Excadrill
|-damage|p2b: Sinistcha|13/100 brn
|-heal|p1a: Sinistcha|25/100|[from] drain|[of] p2b: Sinistcha
|move|p2a: Excadrill|High Horsepower|p1b: Kingambit
|-activate|p1b: Kingambit|move: Protect
|
|-weather|none
|-damage|p2b: Sinistcha|7/100 brn|[from] brn
|-sideend|p2: NyulaDraws|move: Tailwind
|upkeep
|turn|8
|
|t:|1784294761
|switch|p1a: Incineroar|Incineroar, L50, M|41/100
|-ability|p1a: Incineroar|Intimidate|boost
|-unboost|p2a: Excadrill|atk|1
|-unboost|p2b: Sinistcha|atk|1
|move|p2b: Sinistcha|Rage Powder|p2b: Sinistcha
|-singleturn|p2b: Sinistcha|move: Rage Powder
|move|p1b: Kingambit|Kowtow Cleave|p2b: Sinistcha
|-supereffective|p2b: Sinistcha|1
|-enditem|p2b: Sinistcha|Colbur Berry|[eat]
|-enditem|p2b: Sinistcha|Colbur Berry|[weaken]
|-damage|p2b: Sinistcha|0 fnt
|faint|p2b: Sinistcha
|-damage|p1b: Kingambit|80/100|[from] item: Life Orb
|move|p2a: Excadrill|High Horsepower|p1b: Kingambit
|-supereffective|p1b: Kingambit|1
|-damage|p1b: Kingambit|33/100
|
|-fieldend|move: Trick Room
|upkeep
|
|t:|1784294775
|switch|p2b: Tyranitar|Tyranitar, L50, M|70/100
|-weather|Sandstorm|[from] ability: Sand Stream|[of] p2b: Tyranitar
|turn|9
|
|t:|1784294791
|move|p1a: Incineroar|Fake Out|p2a: Excadrill
|-resisted|p2a: Excadrill|1
|-damage|p2a: Excadrill|61/100
|move|p1b: Kingambit|Sucker Punch|p2b: Tyranitar
|-resisted|p2b: Tyranitar|1
|-damage|p2b: Tyranitar|14/100
|-damage|p1b: Kingambit|24/100|[from] item: Life Orb
|cant|p2a: Excadrill|flinch
|move|p2b: Tyranitar|Knock Off|p1b: Kingambit
|-resisted|p1b: Kingambit|1
|-damage|p1b: Kingambit|5/100
|-enditem|p1b: Kingambit|Life Orb|[from] move: Knock Off|[of] p2b: Tyranitar
|
|-weather|Sandstorm|[upkeep]
|-damage|p1a: Incineroar|35/100|[from] Sandstorm
|upkeep
|turn|10
|
|t:|1784294808
|switch|p1a: Sinistcha|Sinistcha, L50|25/100
|-heal|p1b: Kingambit|30/100|[from] ability: Hospitality|[of] p1a: Sinistcha
|move|p1b: Kingambit|Protect|p1b: Kingambit
|-singleturn|p1b: Kingambit|Protect
|move|p2a: Excadrill|Rock Slide|p1b: Kingambit|[spread] p1a
|-activate|p1b: Kingambit|move: Protect
|-damage|p1a: Sinistcha|14/100
|move|p2b: Tyranitar|High Horsepower|p1a: Sinistcha|[miss]
|-miss|p2b: Tyranitar|p1a: Sinistcha
|
|-weather|Sandstorm|[upkeep]
|-damage|p1a: Sinistcha|7/100|[from] Sandstorm
|upkeep
|turn|11
|
|t:|1784294826
|move|p1a: Sinistcha|Rage Powder|p1a: Sinistcha
|-singleturn|p1a: Sinistcha|move: Rage Powder
|move|p2a: Excadrill|High Horsepower|p1a: Sinistcha
|-resisted|p1a: Sinistcha|1
|-damage|p1a: Sinistcha|0 fnt
|faint|p1a: Sinistcha
|move|p2b: Tyranitar|Knock Off|p1b: Kingambit
|-resisted|p1b: Kingambit|1
|-damage|p1b: Kingambit|18/100
|move|p1b: Kingambit|Kowtow Cleave|p2a: Excadrill
|-damage|p2a: Excadrill|0 fnt
|faint|p2a: Excadrill
|
|-weather|Sandstorm|[upkeep]
|upkeep
|
|t:|1784294832
|switch|p1a: Sneasler|Sneasler, L50, M|100/100
|turn|12
|-message|NyulaDraws forfeited.
|raw|testdigi's rating: 1075 → 1109(+34 for winning)
|raw|NyulaDraws's rating: 1138 → 1109(-29 for losing)
|
|win|testdigi
