|j|☆toxiccroc12
|j|☆tauruster
|html|toxiccroc12tauruster    
|uhtml|bestof|Game 2 of a best-of-3
|t:|1783883501
|gametype|doubles
|player|p1|toxiccroc12|2|1134
|player|p2|tauruster|battlegirl-gen4|1218
|gen|9
|tier|[Gen 9 Champions] VGC 2026 Reg M-B (Bo3)
|rated|
|rule|Species Clause: Limit one of each Pokémon
|rule|Item Clause: Limit 1 of each item
|clearpoke
|poke|p1|Floette-Eternal, L50, F|
|poke|p1|Incineroar, L50, M|
|poke|p1|Sinistcha, L50|
|poke|p1|Delphox, L50, F|
|poke|p1|Sneasler, L50, F|
|poke|p1|Kingambit, L50, M|
|poke|p2|Blastoise, L50, F|
|poke|p2|Incineroar, L50, M|
|poke|p2|Gholdengo, L50|
|poke|p2|Floette-Eternal, L50, F|
|poke|p2|Aerodactyl, L50, F|
|poke|p2|Tsareena, L50, F|
|teampreview|4
|showteam|p1|Floette-Eternal||Floettite|FlowerVeil|DazzlingGleam,DrainingKiss,CalmMind,Protect|Modest||F|||50|]Incineroar||SitrusBerry|Intimidate|FlareBlitz,FakeOut,PartingShot,HelpingHand|Impish||M|||50|]Sinistcha||OccaBerry|Hospitality|MatchaGotcha,RagePowder,TrickRoom,Protect|Relaxed|||||50|]Delphox||Delphoxite|Blaze|HeatWave,Psyshock,NastyPlot,Protect|Timid||F|||50|]Sneasler||FocusSash|PoisonTouch|PoisonJab,CloseCombat,FakeOut,QuickGuard|Jolly||F|||50|]Kingambit||BlackGlasses|Defiant|KowtowCleave,SuckerPunch,SwordsDance,Protect|Adamant||M|||50|
|showteam|p2|Blastoise||SitrusBerry|Torrent|WaveCrash,FlipTurn,FakeOut,Yawn|Careful||F|||50|]Incineroar||PasshoBerry|Intimidate|FlareBlitz,ThroatChop,PartingShot,FakeOut|Careful||M|||50|]Gholdengo||SpellTag|GoodasGold|MakeItRain,ShadowBall,NastyPlot,Protect|Modest|||||50|]Floette-Eternal||Floettite|FlowerVeil|Moonblast,DrainingKiss,CalmMind,Protect|Modest||F|||50|]Aerodactyl||FocusSash|Unnerve|RockSlide,DualWingbeat,WideGuard,Tailwind|Jolly||F|||50|]Tsareena||WideLens|QueenlyMajesty|PowerWhip,Protect,LowKick,TripleAxel|Adamant||F|||50|
|c|☆tauruster|u 2
|
|t:|1783883529
|teamsize|p1|4
|teamsize|p2|4
|start
|switch|p1a: Floette|Floette-Eternal, L50, F|100/100
|switch|p1b: Sneasler|Sneasler, L50, F|100/100
|switch|p2a: Blastoise|Blastoise, L50, F|100/100
|switch|p2b: Gholdengo|Gholdengo, L50|100/100
|turn|1
|
|t:|1783883563
|switch|p1b: Kingambit|Kingambit, L50, M|100/100
|switch|p2a: Incineroar|Incineroar, L50, M|100/100
|-ability|p2a: Incineroar|Intimidate|boost
|-unboost|p1a: Floette|atk|1
|-unboost|p1b: Kingambit|atk|1
|-ability|p1b: Kingambit|Defiant|boost
|-boost|p1b: Kingambit|atk|2
|detailschange|p1a: Floette|Floette-Mega, L50, F
|-mega|p1a: Floette|Floette|Floettite
|-ability|p1a: Floette|Fairy Aura
|move|p1a: Floette|Calm Mind|p1a: Floette
|-boost|p1a: Floette|spa|1
|-boost|p1a: Floette|spd|1
|move|p2b: Gholdengo|Nasty Plot|p2b: Gholdengo
|-boost|p2b: Gholdengo|spa|2
|
|upkeep
|turn|2
|
|t:|1783883600
|move|p1a: Floette|Protect|p1a: Floette
|-singleturn|p1a: Floette|Protect
|move|p2b: Gholdengo|Protect|p2b: Gholdengo
|-singleturn|p2b: Gholdengo|Protect
|move|p2a: Incineroar|Parting Shot|p1a: Floette
|-activate|p1a: Floette|move: Protect
|move|p1b: Kingambit|Swords Dance|p1b: Kingambit
|-boost|p1b: Kingambit|atk|2
|
|upkeep
|turn|3
|
|t:|1783883630
|move|p1a: Floette|Dazzling Gleam|p2a: Incineroar|[spread] p2a,p2b
|-resisted|p2b: Gholdengo|1
|-damage|p2a: Incineroar|50/100g
|-damage|p2b: Gholdengo|64/100
|move|p2b: Gholdengo|Make It Rain|p1a: Floette|[spread] p1a,p1b
|-supereffective|p1a: Floette|1
|-resisted|p1b: Kingambit|1
|-damage|p1a: Floette|4/100
|-damage|p1b: Kingambit|46/100
|-unboost|p2b: Gholdengo|spa|2
|move|p2a: Incineroar|Flare Blitz|p1b: Kingambit
|-supereffective|p1b: Kingambit|1
|-damage|p1b: Kingambit|0 fnt
|faint|p1b: Kingambit
|-damage|p2a: Incineroar|34/100|[from] Recoil
|
|upkeep
|c|☆toxiccroc12|holy fuck I'm so greedy
|
|t:|1783883653
|switch|p1b: Sinistcha|Sinistcha, L50|100/100
|-heal|p1a: Floette|28/100|[from] ability: Hospitality|[of] p1b: Sinistcha
|turn|4
|c|☆toxiccroc12|lol
|c|☆tauruster|It was a fine play, I could have had tsareena in the back to block sucker punch
|c|☆toxiccroc12|true I didn't think of that lol
|
|t:|1783883760
|switch|p2a: Tsareena|Tsareena, L50, F|100/100
|move|p1a: Floette|Protect|p1a: Floette
|-singleturn|p1a: Floette|Protect
|move|p2b: Gholdengo|Shadow Ball|p1a: Floette
|-activate|p1a: Floette|move: Protect
|move|p1b: Sinistcha|Matcha Gotcha|p2a: Tsareena|[spread] p2a,p2b
|-resisted|p2a: Tsareena|1
|-resisted|p2b: Gholdengo|1
|-damage|p2a: Tsareena|87/100
|-damage|p2b: Gholdengo|52/100
|-status|p2a: Tsareena|brn
|
|-damage|p2a: Tsareena|81/100 brn|[from] brn
|upkeep
|turn|5
|
|t:|1783883819
|move|p2a: Tsareena|Protect|p2a: Tsareena
|-singleturn|p2a: Tsareena|Protect
|move|p1b: Sinistcha|Rage Powder|p1b: Sinistcha
|-singleturn|p1b: Sinistcha|move: Rage Powder
|move|p1a: Floette|Draining Kiss|p2a: Tsareena
|-activate|p2a: Tsareena|move: Protect
|move|p2b: Gholdengo|Make It Rain|p1a: Floette|[spread] p1a,p1b
|-supereffective|p1a: Floette|1
|-damage|p1a: Floette|0 fnt
|-damage|p1b: Sinistcha|52/100
|-unboost|p2b: Gholdengo|spa|2
|faint|p1a: Floette
|
|-damage|p2a: Tsareena|76/100 brn|[from] brn
|upkeep
|
|t:|1783883821
|switch|p1a: Sneasler|Sneasler, L50, F|100/100
|turn|6
|c|☆toxiccroc12|gg wp
|c|☆tauruster|u 2
|
|t:|1783883841
|switch|p2b: Incineroar|Incineroar, L50, M|34/100
|-ability|p2b: Incineroar|Intimidate|boost
|-unboost|p1a: Sneasler|atk|1
|-unboost|p1b: Sinistcha|atk|1
|move|p1a: Sneasler|Poison Jab|p2a: Tsareena
|-supereffective|p2a: Tsareena|1
|-damage|p2a: Tsareena|19/100 brn
|move|p2a: Tsareena|Triple Axel|p1b: Sinistcha
|-supereffective|p1b: Sinistcha|1
|-damage|p1b: Sinistcha|47/100
|-supereffective|p1b: Sinistcha|1
|-damage|p1b: Sinistcha|37/100
|-supereffective|p1b: Sinistcha|1
|-damage|p1b: Sinistcha|21/100
|-hitcount|p1b: Sinistcha|3
|move|p1b: Sinistcha|Matcha Gotcha|p2b: Incineroar|[spread] p2a,p2b
|-resisted|p2a: Tsareena|1
|-resisted|p2b: Incineroar|1
|-damage|p2a: Tsareena|6/100 brn
|-heal|p1b: Sinistcha|28/100|[from] drain|[of] p2a: Tsareena
|-damage|p2b: Incineroar|24/100
|-heal|p1b: Sinistcha|34/100|[from] drain|[of] p2b: Incineroar
|
|-damage|p2a: Tsareena|1/100 brn|[from] brn
|upkeep
|turn|7
|
|t:|1783883873
|move|p1a: Sneasler|Quick Guard|p1a: Sneasler
|-singleturn|p1a: Sneasler|Quick Guard
|move|p2b: Incineroar|Fake Out|p1a: Sneasler
|-activate|p1a: Sneasler|move: Quick Guard
|move|p2a: Tsareena|Triple Axel|p1b: Sinistcha
|-supereffective|p1b: Sinistcha|1
|-damage|p1b: Sinistcha|28/100
|-supereffective|p1b: Sinistcha|1
|-damage|p1b: Sinistcha|18/100
|-supereffective|p1b: Sinistcha|1
|-damage|p1b: Sinistcha|2/100
|-hitcount|p1b: Sinistcha|3
|move|p1b: Sinistcha|Matcha Gotcha|p2a: Tsareena|[spread] p2a,p2b
|-resisted|p2a: Tsareena|1
|-resisted|p2b: Incineroar|1
|-damage|p2a: Tsareena|0 fnt
|-heal|p1b: Sinistcha|2/100|[from] drain|[of] p2a: Tsareena
|-damage|p2b: Incineroar|15/100
|-heal|p1b: Sinistcha|8/100|[from] drain|[of] p2b: Incineroar
|faint|p2a: Tsareena
|
|upkeep
|
|t:|1783883885
|switch|p2a: Gholdengo|Gholdengo, L50|52/100
|turn|8
|
|t:|1783883909
|switch|p2b: Blastoise|Blastoise, L50, F|100/100
|move|p1a: Sneasler|Close Combat|p2b: Blastoise
|-damage|p2b: Blastoise|67/100
|-unboost|p1a: Sneasler|def|1
|-unboost|p1a: Sneasler|spd|1
|move|p2a: Gholdengo|Shadow Ball|p1b: Sinistcha
|-supereffective|p1b: Sinistcha|1
|-damage|p1b: Sinistcha|0 fnt
|faint|p1b: Sinistcha
|
|upkeep
|turn|9
|-message|toxiccroc12 forfeited.
|
|win|tauruster
|raw|toxiccroc12's rating: 1134 → 1115(-19 for losing)
|raw|tauruster's rating: 1218 → 1237(+19 for winning)
