|j|☆jeanryupr
|j|☆aaronballs
|html|jeanryupraaronballs    
|uhtml|bestof|Game 3 of a best-of-3
|t:|1785173339
|gametype|doubles
|player|p1|jeanryupr|265|1160
|player|p2|aaronballs|266|1088
|gen|9
|tier|[Gen 9 Champions] VGC 2026 Reg M-B (Bo3)
|rated|
|rule|Species Clause: Limit one of each Pokémon
|rule|Item Clause: Limit 1 of each item
|clearpoke
|poke|p1|Staraptor, L50, M|
|poke|p1|Glimmora, L50, F|
|poke|p1|Whimsicott, L50, F|
|poke|p1|Kingambit, L50, M|
|poke|p1|Garchomp, L50, M|
|poke|p1|Delphox, L50, M|
|poke|p2|Lopunny, L50, M|
|poke|p2|Talonflame, L50, M|
|poke|p2|Basculegion, L50, M|
|poke|p2|Gholdengo, L50|
|poke|p2|Raichu, L50, M|
|poke|p2|Whimsicott, L50, M|
|teampreview|4
|showteam|p1|Staraptor||Staraptite|Intimidate|CloseCombat,BraveBird,Roost,Protect|Jolly||M|||50|]Glimmora||FocusSash|ToxicDebris|PowerGem,SludgeBomb,EarthPower,SpikyShield|Modest||F|||50|]Whimsicott||OccaBerry|Prankster|Tailwind,Moonblast,Charm,LightScreen|Timid||F|||50|]Kingambit||ChopleBerry|Defiant|KowtowCleave,IronHead,LowKick,SuckerPunch|Adamant||M|||50|]Garchomp||ChoiceScarf|RoughSkin|Earthquake,DragonClaw,RockSlide,StompingTantrum|Adamant||M|||50|]Delphox||Delphoxite|Blaze|HeatWave,Psychic,Encore,Protect|Timid||M|||50|
|showteam|p2|Lopunny||Lopunnite|CuteCharm|FakeOut,CloseCombat,Encore,GigaImpact|Adamant||M|||50|]Talonflame||SharpBeak|GaleWings|BraveBird,Tailwind,Protect,FlareBlitz|Adamant||M|||50|]Basculegion||MysticWater|Adaptability|WaveCrash,LastRespects,AquaJet,Protect|Adamant||M|||50|]Gholdengo||LifeOrb|GoodasGold|NastyPlot,Protect,MakeItRain,ShadowBall|Modest|||||50|]Raichu||RaichuniteY|Static|ZapCannon,FocusBlast,FakeOut,Protect|Modest||M|||50|]Whimsicott||FocusSash|Prankster|Encore,Tailwind,Moonblast,Protect|Modest||M|||50|
|
|t:|1785173362
|teamsize|p1|4
|teamsize|p2|4
|start
|switch|p1a: Whimsicott|Whimsicott, L50, F|100/100
|switch|p1b: Glimmora|Glimmora, L50, F|100/100
|switch|p2a: Raichu|Raichu, L50, M|100/100
|switch|p2b: Whimsicott|Whimsicott, L50, M|100/100
|turn|1
|
|t:|1785173376
|detailschange|p2a: Raichu|Raichu-Mega-Y, L50, M
|-mega|p2a: Raichu|Raichu|Raichunite Y
|move|p2a: Raichu|Fake Out|p1b: Glimmora
|-resisted|p1b: Glimmora|1
|-damage|p1b: Glimmora|94/100
|-activate|p1b: Glimmora|ability: Toxic Debris
|-sidestart|p2: aaronballs|move: Toxic Spikes
|move|p2b: Whimsicott|Tailwind|p2b: Whimsicott
|-sidestart|p2: aaronballs|move: Tailwind
|move|p1a: Whimsicott|Tailwind|p1a: Whimsicott
|-sidestart|p1: jeanryupr|move: Tailwind
|cant|p1b: Glimmora|flinch
|
|upkeep
|turn|2
|
|t:|1785173400
|switch|p1a: Garchomp|Garchomp, L50, M|100/100
|move|p2a: Raichu|Protect|p2a: Raichu
|-singleturn|p2a: Raichu|Protect
|move|p2b: Whimsicott|Encore||[still]
|-fail|p2b: Whimsicott
|move|p1b: Glimmora|Power Gem|p2b: Whimsicott
|-damage|p2b: Whimsicott|23/100
|
|upkeep
|turn|3
|
|t:|1785173450
|switch|p2a: Basculegion|Basculegion, L50, M|100/100
|-status|p2a: Basculegion|psn
|switch|p1b: Staraptor|Staraptor, L50, M|100/100
|-ability|p1b: Staraptor|Intimidate|boost
|-unboost|p2a: Basculegion|atk|1
|-unboost|p2b: Whimsicott|atk|1
|move|p2b: Whimsicott|Protect|p2b: Whimsicott
|-singleturn|p2b: Whimsicott|Protect
|move|p1a: Garchomp|Earthquake|p2b: Whimsicott|[spread] p2a
|-activate|p2b: Whimsicott|move: Protect
|-immune|p1b: Staraptor
|-crit|p2a: Basculegion
|-damage|p2a: Basculegion|33/100 psn
|
|-damage|p2a: Basculegion|21/100 psn|[from] psn
|upkeep
|turn|4
|
|t:|1785173476
|detailschange|p1b: Staraptor|Staraptor-Mega, L50, M
|-mega|p1b: Staraptor|Staraptor|Staraptite
|move|p2b: Whimsicott|Protect||[still]
|-fail|p2b: Whimsicott
|move|p2a: Basculegion|Protect|p2a: Basculegion
|-singleturn|p2a: Basculegion|Protect
|move|p1a: Garchomp|Earthquake|p2b: Whimsicott|[spread] p2b
|-activate|p2a: Basculegion|move: Protect
|-immune|p1b: Staraptor
|-resisted|p2b: Whimsicott|1
|-damage|p2b: Whimsicott|0 fnt
|faint|p2b: Whimsicott
|move|p1b: Staraptor|Close Combat|p2a: Basculegion
|-activate|p2a: Basculegion|move: Protect
|
|-damage|p2a: Basculegion|9/100 psn|[from] psn
|-sideend|p2: aaronballs|move: Tailwind
|-sideend|p1: jeanryupr|move: Tailwind
|upkeep
|
|t:|1785173493
|switch|p2b: Gholdengo|Gholdengo, L50|100/100
|turn|5
|
|t:|1785173506
|switch|p1b: Whimsicott|Whimsicott, L50, F|100/100
|move|p1a: Garchomp|Earthquake|p2a: Basculegion|[spread] p1b,p2a,p2b
|-resisted|p1b: Whimsicott|1
|-supereffective|p2b: Gholdengo|1
|-damage|p1b: Whimsicott|80/100
|-damage|p2a: Basculegion|0 fnt
|-damage|p2b: Gholdengo|20/100r
|faint|p2a: Basculegion
|move|p2b: Gholdengo|Shadow Ball|p1a: Garchomp
|-damage|p1a: Garchomp|38/100
|-damage|p2b: Gholdengo|10/100|[from] item: Life Orb
|
|upkeep
|
|t:|1785173516
|switch|p2a: Raichu|Raichu-Mega-Y, L50, M|100/100
|-status|p2a: Raichu|psn
|turn|6
|
|t:|1785173527
|switch|p1b: Glimmora|Glimmora, L50, F|94/100
|move|p2a: Raichu|Fake Out|p1a: Garchomp
|-crit|p1a: Garchomp
|-damage|p1a: Garchomp|24/100
|-damage|p2a: Raichu|87/100 psn|[from] ability: Rough Skin|[of] p1a: Garchomp
|cant|p1a: Garchomp|flinch
|move|p2b: Gholdengo|Make It Rain|p1b: Glimmora|[spread] p1a,p1b
|-supereffective|p1b: Glimmora|1
|-damage|p1a: Garchomp|0 fnt
|-damage|p1b: Glimmora|0 fnt
|-unboost|p2b: Gholdengo|spa|2
|faint|p1a: Garchomp
|faint|p1b: Glimmora
|-damage|p2b: Gholdengo|0 fnt|[from] item: Life Orb
|faint|p2b: Gholdengo
|
|-damage|p2a: Raichu|75/100 psn|[from] psn
|upkeep
|
|t:|1785173542
|switch|p1a: Whimsicott|Whimsicott, L50, F|80/100
|switch|p1b: Staraptor|Staraptor-Mega, L50, M|100/100
|turn|7
|
|t:|1785173557
|move|p1a: Whimsicott|Tailwind|p1a: Whimsicott
|-sidestart|p1: jeanryupr|move: Tailwind
|move|p1b: Staraptor|Close Combat|p2a: Raichu
|-damage|p2a: Raichu|0 fnt
|-boost|p1b: Staraptor|def|1
|-boost|p1b: Staraptor|spd|1
|faint|p2a: Raichu
|
|win|jeanryupr
