|j|☆Infernape314
|j|☆That1Morpecko
|html|Infernape314That1Morpecko    
|uhtml|bestof|Game 2 of a best-of-3
|t:|1782677592
|gametype|doubles
|player|p1|Infernape314|thorton|1275
|player|p2|That1Morpecko|hiker-gen4|1192
|gen|9
|tier|[Gen 9 Champions] VGC 2026 Reg M-B (Bo3)
|rated|
|rule|Species Clause: Limit one of each Pokémon
|rule|Item Clause: Limit 1 of each item
|clearpoke
|poke|p1|Archaludon, L50, F|
|poke|p1|Swampert, L50, M|
|poke|p1|Pelipper, L50, M|
|poke|p1|Dragapult, L50, F|
|poke|p1|Scizor, L50, F|
|poke|p1|Heliolisk, L50, M|
|poke|p2|Sinistcha, L50|
|poke|p2|Incineroar, L50, M|
|poke|p2|Milotic, L50, M|
|poke|p2|Raichu, L50, F|
|poke|p2|Floette-Eternal, L50, F|
|poke|p2|Ceruledge, L50, M|
|teampreview|4
|showteam|p1|Archaludon||Leftovers|Stamina|DragonPulse,ElectroShot,FlashCannon,Protect|Modest||F|||50|]Swampert||Swampertite|Torrent|WaveCrash,HighHorsepower,IcePunch,Protect|Adamant||M|||50|]Pelipper||SitrusBerry|Drizzle|WeatherBall,Hurricane,WideGuard,Protect|Bold||M|||50|]Dragapult||FocusSash|ClearBody|DracoMeteor,ShadowBall,WillOWisp,Protect|Timid||F|||50|]Scizor||Scizorite|Technician|BulletPunch,CloseCombat,Protect,BugBite|Adamant||F|||50|]Heliolisk||ChoiceScarf|DrySkin|Thunderbolt,Electroweb,VoltSwitch,DarkPulse|Modest||M|||50|
|showteam|p2|Sinistcha||KasibBerry|Hospitality|MatchaGotcha,LifeDew,RagePowder,Protect|Relaxed|||||50|]Incineroar||SitrusBerry|Intimidate|FlareBlitz,ThroatChop,FakeOut,PartingShot|Impish||M|||50|]Milotic||Leftovers|Competitive|MuddyWater,Coil,Hypnosis,Protect|Calm||M|||50|]Raichu||RaichuniteY|LightningRod|ZapCannon,FocusBlast,FakeOut,Protect|Timid||F|||50|]Floette-Eternal||Floettite|FlowerVeil|DazzlingGleam,DrainingKiss,CalmMind,Protect|Timid||F|||50|]Ceruledge||ColburBerry|FlashFire|BitterBlade,ShadowSneak,BulkUp,Protect|Adamant||M|||50|
|inactive|Battle timer is ON: inactive players will automatically lose when time's up. (requested by Infernape314)
|inactive|That1Morpecko also wants the timer to be on.
|
|t:|1782677622
|teamsize|p1|4
|teamsize|p2|4
|start
|switch|p1a: Pelipper|Pelipper, L50, M|100/100
|switch|p1b: Heliolisk|Heliolisk, L50, M|100/100
|switch|p2a: Floette|Floette-Eternal, L50, F|100/100
|switch|p2b: Incineroar|Incineroar, L50, M|100/100
|-weather|RainDance|[from] ability: Drizzle|[of] p1a: Pelipper
|-ability|p2b: Incineroar|Intimidate|boost
|-unboost|p1a: Pelipper|atk|1
|-unboost|p1b: Heliolisk|atk|1
|turn|1
|
|t:|1782677634
|detailschange|p2a: Floette|Floette-Mega, L50, F
|-mega|p2a: Floette|Floette|Floettite
|-ability|p2a: Floette|Fairy Aura
|move|p2b: Incineroar|Fake Out|p1b: Heliolisk
|-damage|p1b: Heliolisk|81/100
|cant|p1b: Heliolisk|flinch
|move|p2a: Floette|Calm Mind|p2a: Floette
|-boost|p2a: Floette|spa|1
|-boost|p2a: Floette|spd|1
|move|p1a: Pelipper|Weather Ball|p2b: Incineroar
|-supereffective|p2b: Incineroar|1
|-crit|p2b: Incineroar
|-damage|p2b: Incineroar|0 fnt
|faint|p2b: Incineroar
|
|-weather|RainDance|[upkeep]
|-heal|p1b: Heliolisk|93/100|[from] ability: Dry Skin
|upkeep
|
|t:|1782677644
|switch|p2b: Milotic|Milotic, L50, M|100/100
|turn|2
|
|t:|1782677668
|move|p1b: Heliolisk|Thunderbolt|p2b: Milotic
|-supereffective|p2b: Milotic|1
|-damage|p2b: Milotic|46/100
|move|p2a: Floette|Draining Kiss|p1b: Heliolisk
|-damage|p1b: Heliolisk|31/100
|move|p2b: Milotic|Coil|p2b: Milotic
|-boost|p2b: Milotic|atk|1
|-boost|p2b: Milotic|def|1
|-boost|p2b: Milotic|accuracy|1
|move|p1a: Pelipper|Weather Ball|p2a: Floette
|-damage|p2a: Floette|64/100
|
|-weather|RainDance|[upkeep]
|-heal|p1b: Heliolisk|43/100|[from] ability: Dry Skin
|-heal|p2b: Milotic|52/100|[from] item: Leftovers
|upkeep
|turn|3
|
|t:|1782677684
|move|p1a: Pelipper|Protect|p1a: Pelipper
|-singleturn|p1a: Pelipper|Protect
|move|p1b: Heliolisk|Thunderbolt|p2b: Milotic
|-supereffective|p2b: Milotic|1
|-damage|p2b: Milotic|1/100
|-status|p2b: Milotic|par
|move|p2a: Floette|Dazzling Gleam|p1a: Pelipper|[spread] p1b
|-activate|p1a: Pelipper|move: Protect
|-damage|p1b: Heliolisk|0 fnt
|faint|p1b: Heliolisk
|move|p2b: Milotic|Hypnosis|p1a: Pelipper
|-activate|p1a: Pelipper|move: Protect
|
|-weather|RainDance|[upkeep]
|-heal|p2b: Milotic|6/100 par|[from] item: Leftovers
|upkeep
|
|t:|1782677695
|switch|p1b: Swampert|Swampert, L50, M|100/100
|turn|4
|
|t:|1782677708
|detailschange|p1b: Swampert|Swampert-Mega, L50, M
|-mega|p1b: Swampert|Swampert|Swampertite
|move|p2a: Floette|Protect|p2a: Floette
|-singleturn|p2a: Floette|Protect
|move|p1b: Swampert|Ice Punch|p2b: Milotic
|-resisted|p2b: Milotic|1
|-damage|p2b: Milotic|0 fnt
|faint|p2b: Milotic
|move|p1a: Pelipper|Hurricane|p2a: Floette
|-activate|p2a: Floette|move: Protect
|
|-weather|RainDance|[upkeep]
|upkeep
|
|t:|1782677718
|switch|p2b: Sinistcha|Sinistcha, L50|100/100
|-heal|p2a: Floette|89/100|[from] ability: Hospitality|[of] p2b: Sinistcha
|turn|5
|
|t:|1782677735
|move|p1b: Swampert|Protect|p1b: Swampert
|-singleturn|p1b: Swampert|Protect
|move|p2b: Sinistcha|Rage Powder|p2b: Sinistcha
|-singleturn|p2b: Sinistcha|move: Rage Powder
|move|p2a: Floette|Draining Kiss|p1a: Pelipper
|-damage|p1a: Pelipper|34/100
|-heal|p2a: Floette|100/100|[from] drain|[of] p1a: Pelipper
|-enditem|p1a: Pelipper|Sitrus Berry|[eat]
|-heal|p1a: Pelipper|59/100|[from] item: Sitrus Berry
|move|p1a: Pelipper|Hurricane|p2b: Sinistcha
|-supereffective|p2b: Sinistcha|1
|-crit|p2b: Sinistcha
|-damage|p2b: Sinistcha|0 fnt
|faint|p2b: Sinistcha
|
|-weather|none
|upkeep
|turn|6
|
|t:|1782677752
|switch|p1a: Scizor|Scizor, L50, F|100/100
|move|p2a: Floette|Draining Kiss|p1b: Swampert
|-damage|p1b: Swampert|59/100
|move|p1b: Swampert|Wave Crash|p2a: Floette
|-damage|p2a: Floette|25/100
|-damage|p1b: Swampert|38/100|[from] Recoil
|
|upkeep
|turn|7
|
|t:|1782677764
|move|p1a: Scizor|Bullet Punch|p2a: Floette
|-supereffective|p2a: Floette|1
|-damage|p2a: Floette|0 fnt
|faint|p2a: Floette
|
|win|Infernape314
||That1Morpecko is ready for game 3.
|inactive|Infernape314 has 30 seconds to confirm battle start!
||Infernape314 is ready for game 3.
|uhtml|next|Next: Game 3 of 3
|l|☆Infernape314
|player|p1|
