|j|☆zweeta
|j|☆adesso basta
|html|zweetaadesso basta    
|uhtml|bestof|Game 1 of a best-of-3
|t:|1756661781
|gametype|doubles
|player|p1|zweeta|pokekid|1203
|player|p2|adesso basta|steven|1239
|gen|9
|tier|[Gen 9] VGC 2025 Reg H (Bo3)
|rated|
|rule|Species Clause: Limit one of each Pokémon
|rule|Item Clause: Limit 1 of each item
|clearpoke
|poke|p1|Gholdengo, L50|
|poke|p1|Ursaluna, L50, M|
|poke|p1|Sinistcha, L50|
|poke|p1|Sneasler, L50, F|
|poke|p1|Dragonite, L50, F|
|poke|p1|Incineroar, L50, F|
|poke|p2|Kommo-o, L50, F|
|poke|p2|Electabuzz, L50, M|
|poke|p2|Talonflame, L50, F|
|poke|p2|Samurott-Hisui, L50, F|
|poke|p2|Gholdengo, L50|
|poke|p2|Rillaboom, L50, M|
|teampreview|4
|showteam|p1|Gholdengo||LifeOrb|GoodasGold|MakeItRain,ShadowBall,NastyPlot,Protect||||||50|,,,,,Water]Ursaluna||FlameOrb|Guts|Facade,HeadlongRush,Earthquake,Protect|||M|||50|,,,,,Ghost]Sinistcha||SitrusBerry|Hospitality|MatchaGotcha,LifeDew,RagePowder,TrickRoom||||||50|,,,,,Dark]Sneasler||FocusSash|PoisonTouch|DireClaw,CloseCombat,Coaching,Protect|||F|||50|,,,,,Flying]Dragonite||LoadedDice|Multiscale|ScaleShot,Haze,Tailwind,Protect|||F|||50|,,,,,Fairy]Incineroar||SafetyGoggles|Intimidate|FakeOut,FlareBlitz,KnockOff,PartingShot|||F|||50|,,,,,Ghost
|showteam|p2|Kommo-o||Leftovers|Soundproof|BodyPress,Protect,Flamethrower,IronDefense|||F|||50|,,,,,Fire]Electabuzz||Eviolite|VitalSpirit|FollowMe,Taunt,Thunderbolt,Protect|||M|||50|,,,,,Ghost]Talonflame||CovertCloak|GaleWings|BraveBird,Tailwind,WillOWisp,Taunt|||F|||50|,,,,,Flying]Samurott-Hisui||ClearAmulet|Sharpness|RazorShell,Protect,SacredSword,CeaselessEdge|||F|||50|,,,,,Grass]Gholdengo||MetalCoat|GoodasGold|MakeItRain,ShadowBall,NastyPlot,Protect||||||50|,,,,,Water]Rillaboom||AssaultVest|GrassySurge|WoodHammer,Uturn,GrassyGlide,FakeOut|||M|||50|,,,,,Fire
|inactive|Battle timer is ON: inactive players will automatically lose when time's up. (requested by zweeta)
|inactive|zweeta has 60 seconds left.
|inactive|adesso basta has 60 seconds left.
|
|t:|1756661832
|teamsize|p1|4
|teamsize|p2|4
|start
|switch|p1a: Gholdengo|Gholdengo, L50, shiny|100/100
|switch|p1b: Incineroar|Incineroar, L50, F|100/100
|switch|p2a: Kommo-o|Kommo-o, L50, F|100/100
|switch|p2b: Gholdengo|Gholdengo, L50|100/100
|-ability|p1b: Incineroar|Intimidate|boost
|-unboost|p2a: Kommo-o|atk|1
|-unboost|p2b: Gholdengo|atk|1
|turn|1
|inactive|adesso basta has 30 seconds left.
|inactive|zweeta has 30 seconds left.
|inactive|adesso basta has 20 seconds left.
|inactive|adesso basta has 15 seconds left.
|inactive|adesso basta has 10 seconds left.
|
|t:|1756661880
|-terastallize|p1a: Gholdengo|Water
|-terastallize|p2a: Kommo-o|Fire
|move|p2b: Gholdengo|Protect|p2b: Gholdengo
|-singleturn|p2b: Gholdengo|Protect
|move|p1b: Incineroar|Fake Out|p2a: Kommo-o
|-damage|p2a: Kommo-o|91/100
|move|p1a: Gholdengo|Shadow Ball|p2b: Gholdengo
|-activate|p2b: Gholdengo|move: Protect
|cant|p2a: Kommo-o|flinch
|
|-heal|p2a: Kommo-o|97/100|[from] item: Leftovers
|upkeep
|turn|2
|
|t:|1756661904
|switch|p2b: Rillaboom|Rillaboom, L50, M|100/100
|-fieldstart|move: Grassy Terrain|[from] ability: Grassy Surge|[of] p2b: Rillaboom
|move|p1a: Gholdengo|Shadow Ball|p2b: Rillaboom
|-damage|p2b: Rillaboom|61/100
|-unboost|p2b: Rillaboom|spd|1
|-damage|p1a: Gholdengo|91/100|[from] item: Life Orb
|move|p1b: Incineroar|Parting Shot|p2a: Kommo-o
|-immune|p2a: Kommo-o|[from] ability: Soundproof
|move|p2a: Kommo-o|Body Press|p1b: Incineroar
|-supereffective|p1b: Incineroar
|-damage|p1b: Incineroar|20/100
|
|-heal|p1a: Gholdengo|97/100|[from] Grassy Terrain
|-heal|p1b: Incineroar|26/100|[from] Grassy Terrain
|-heal|p2a: Kommo-o|100/100|[from] Grassy Terrain
|-heal|p2b: Rillaboom|67/100|[from] Grassy Terrain
|upkeep
|turn|3
|inactive|adesso basta has 30 seconds left.
|inactive|adesso basta has 20 seconds left.
|inactive|adesso basta has 15 seconds left.
|inactive|adesso basta has 10 seconds left.
|
|t:|1756661954
|switch|p1a: Sinistcha|Sinistcha, L50|100/100
|-heal|p1b: Incineroar|51/100|[from] ability: Hospitality|[of] p1a: Sinistcha
|move|p2b: Rillaboom|Grassy Glide|p1a: Sinistcha
|-resisted|p1a: Sinistcha
|-damage|p1a: Sinistcha|84/100
|move|p1b: Incineroar|Flare Blitz|p2b: Rillaboom
|-supereffective|p2b: Rillaboom
|-damage|p2b: Rillaboom|0 fnt
|faint|p2b: Rillaboom
|-damage|p1b: Incineroar|29/100|[from] Recoil
|move|p2a: Kommo-o|Body Press|p1b: Incineroar
|-supereffective|p1b: Incineroar
|-damage|p1b: Incineroar|0 fnt
|faint|p1b: Incineroar
|
|-heal|p1a: Sinistcha|90/100|[from] Grassy Terrain
|upkeep
|inactive|adesso basta has 30 seconds left.
|
|t:|1756661979
|switch|p1b: Gholdengo|Gholdengo, L50, shiny, tera:Water|97/100
|switch|p2b: Electabuzz|Electabuzz, L50, M|100/100
|turn|4
|inactive|adesso basta has 30 seconds left.
|
|t:|1756662007
|move|p2a: Kommo-o|Protect|p2a: Kommo-o
|-singleturn|p2a: Kommo-o|Protect
|move|p1b: Gholdengo|Shadow Ball|p2a: Kommo-o
|-activate|p2a: Kommo-o|move: Protect
|move|p2b: Electabuzz|Taunt|p1a: Sinistcha
|-start|p1a: Sinistcha|move: Taunt
|move|p1a: Sinistcha|Matcha Gotcha|p2b: Electabuzz|[spread] p2b
|-activate|p2a: Kommo-o|move: Protect
|-damage|p2b: Electabuzz|78/100
|-heal|p1a: Sinistcha|100/100|[from] drain|[of] p2b: Electabuzz
|-status|p2b: Electabuzz|brn
|
|-heal|p1b: Gholdengo|100/100|[from] Grassy Terrain
|-heal|p2b: Electabuzz|83/100 brn|[from] Grassy Terrain
|-damage|p2b: Electabuzz|78/100 brn|[from] brn
|upkeep
|turn|5
|inactive|zweeta has 30 seconds left.
|
|t:|1756662033
|move|p1b: Gholdengo|Shadow Ball|p2a: Kommo-o
|-damage|p2a: Kommo-o|59/100
|-damage|p1b: Gholdengo|91/100|[from] item: Life Orb
|move|p2b: Electabuzz|Thunderbolt|p1b: Gholdengo
|-supereffective|p1b: Gholdengo
|-damage|p1b: Gholdengo|15/100
|move|p2a: Kommo-o|Iron Defense|p2a: Kommo-o
|-boost|p2a: Kommo-o|def|2
|move|p1a: Sinistcha|Matcha Gotcha|p2a: Kommo-o|[spread] p2a,p2b
|-resisted|p2a: Kommo-o
|-damage|p2a: Kommo-o|45/100
|-damage|p2b: Electabuzz|54/100 brn
|
|-heal|p1b: Gholdengo|21/100|[from] Grassy Terrain
|-heal|p2b: Electabuzz|60/100 brn|[from] Grassy Terrain
|-heal|p2a: Kommo-o|51/100|[from] Grassy Terrain
|-heal|p2a: Kommo-o|57/100|[from] item: Leftovers
|-damage|p2b: Electabuzz|54/100 brn|[from] brn
|upkeep
|turn|6
|l|☆adesso basta
|inactive|adesso basta disconnected and has a minute to reconnect!
|player|p2|
|j|☆adesso basta
|inactive|adesso basta reconnected and has 40 seconds left.
|player|p2|adesso basta|steven|
|inactive|adesso basta has 30 seconds left.
|inactive|adesso basta has 20 seconds left.
|inactive|adesso basta has 15 seconds left.
|inactive|adesso basta has 10 seconds left.
|
|t:|1756662081
|move|p2b: Electabuzz|Follow Me|p2b: Electabuzz
|-singleturn|p2b: Electabuzz|move: Follow Me
|move|p1b: Gholdengo|Shadow Ball|p2b: Electabuzz
|-damage|p2b: Electabuzz|15/100 brn
|-damage|p1b: Gholdengo|12/100|[from] item: Life Orb
|move|p2a: Kommo-o|Flamethrower|p1a: Sinistcha
|-supereffective|p1a: Sinistcha
|-crit|p1a: Sinistcha
|-damage|p1a: Sinistcha|16/100
|-enditem|p1a: Sinistcha|Sitrus Berry|[eat]
|-heal|p1a: Sinistcha|41/100|[from] item: Sitrus Berry
|move|p1a: Sinistcha|Matcha Gotcha|p2a: Kommo-o|[spread] p2a,p2b
|-resisted|p2a: Kommo-o
|-damage|p2a: Kommo-o|43/100
|-heal|p1a: Sinistcha|48/100|[from] drain|[of] p2a: Kommo-o
|-damage|p2b: Electabuzz|0 fnt
|-heal|p1a: Sinistcha|56/100|[from] drain|[of] p2b: Electabuzz
|faint|p2b: Electabuzz
|
|-heal|p1b: Gholdengo|18/100|[from] Grassy Terrain
|-heal|p2a: Kommo-o|49/100|[from] Grassy Terrain
|-heal|p2a: Kommo-o|55/100|[from] item: Leftovers
|-heal|p1a: Sinistcha|62/100|[from] Grassy Terrain
|-end|p1a: Sinistcha|move: Taunt
|-fieldend|move: Grassy Terrain
|upkeep
|
|t:|1756662099
|switch|p2b: Gholdengo|Gholdengo, L50|100/100
|turn|7
|
|t:|1756662122
|switch|p1a: Ursaluna|Ursaluna, L50, M, shiny|100/100
|move|p2b: Gholdengo|Protect|p2b: Gholdengo
|-singleturn|p2b: Gholdengo|Protect
|move|p1b: Gholdengo|Shadow Ball|p2a: Kommo-o
|-damage|p2a: Kommo-o|8/100
|-unboost|p2a: Kommo-o|spd|1
|-damage|p1b: Gholdengo|8/100|[from] item: Life Orb
|move|p2a: Kommo-o|Flamethrower|p1a: Ursaluna
|-damage|p1a: Ursaluna|66/100
|
|-heal|p2a: Kommo-o|14/100|[from] item: Leftovers
|-status|p1a: Ursaluna|brn|[from] item: Flame Orb
|upkeep
|turn|8
|
|t:|1756662146
|move|p1a: Ursaluna|Protect|p1a: Ursaluna
|-singleturn|p1a: Ursaluna|Protect
|move|p1b: Gholdengo|Make It Rain|p2b: Gholdengo|[spread] p2a,p2b
|-resisted|p2a: Kommo-o
|-resisted|p2b: Gholdengo
|-damage|p2a: Kommo-o|0 fnt
|-damage|p2b: Gholdengo|71/100
|-unboost|p1b: Gholdengo|spa|1
|faint|p2a: Kommo-o
|-damage|p1b: Gholdengo|0 fnt|[from] item: Life Orb
|faint|p1b: Gholdengo
|move|p2b: Gholdengo|Make It Rain|p1a: Ursaluna
|-activate|p1a: Ursaluna|move: Protect
|
|-damage|p1a: Ursaluna|60/100 brn|[from] brn
|upkeep
|
|t:|1756662151
|switch|p1b: Sinistcha|Sinistcha, L50|62/100
|-heal|p1a: Ursaluna|84/100 brn|[from] ability: Hospitality|[of] p1b: Sinistcha
|turn|9
|
|t:|1756662157
|move|p2b: Gholdengo|Make It Rain|p1b: Sinistcha|[spread] p1a,p1b
|-damage|p1a: Ursaluna|26/100 brn
|-damage|p1b: Sinistcha|14/100
|-unboost|p2b: Gholdengo|spa|1
|move|p1a: Ursaluna|Headlong Rush|p2b: Gholdengo
|-supereffective|p2b: Gholdengo
|-damage|p2b: Gholdengo|0 fnt
|-unboost|p1a: Ursaluna|def|1
|-unboost|p1a: Ursaluna|spd|1
|faint|p2b: Gholdengo
|
|win|zweeta
||zweeta is ready for game 2.
||adesso basta is ready for game 2.
|uhtml|next|Next: Game 2 of 3
|l|☆adesso basta
|player|p2|
