|j|☆ToastedArt
|j|☆theonlyambipomfan
|html|ToastedArttheonlyambipomfan    
|uhtml|bestof|Game 2 of a best-of-3
|t:|1784434263
|gametype|doubles
|player|p1|ToastedArt|iris|1070
|player|p2|theonlyambipomfan|volkner|1169
|gen|9
|tier|[Gen 9 Champions] VGC 2026 Reg M-B (Bo3)
|rated|
|rule|Species Clause: Limit one of each Pokémon
|rule|Item Clause: Limit 1 of each item
|clearpoke
|poke|p1|Falinks, L50, shiny|
|poke|p1|Gholdengo, L50|
|poke|p1|Alcremie-Rainbow-Swirl, L50, F, shiny|
|poke|p1|Sinistcha, L50|
|poke|p1|Maushold, L50|
|poke|p1|Incineroar, L50, M|
|poke|p2|Glimmora, L50, F, shiny|
|poke|p2|Whimsicott, L50, F|
|poke|p2|Incineroar, L50, F, shiny|
|poke|p2|Basculegion, L50, M, shiny|
|poke|p2|Rotom-Frost, L50|
|poke|p2|Froslass, L50, F|
|teampreview|4
|showteam|p1|Falinks||Falinksite|Defiant|NoRetreat,CloseCombat,RockSlide,Protect|Adamant|||||50|]Gholdengo||LifeOrb|GoodasGold|MakeItRain,ShadowBall,NastyPlot,Protect|Modest|||||50|]Alcremie-Rainbow-Swirl||ChoiceScarf|AromaVeil|Decorate,MistyExplosion,MysticalFire,DazzlingGleam|Timid||F|||50|]Sinistcha||CobaBerry|Hospitality|MatchaGotcha,LifeDew,RagePowder,Protect|Bold|||||50|]Maushold||WideLens|FriendGuard|FollowMe,PopulationBomb,Encore,Protect|Impish|||||50|]Incineroar||PasshoBerry|Intimidate|PartingShot,FakeOut,ThroatChop,FlareBlitz|Careful||M|||50|
|showteam|p2|Glimmora||Glimmoranite|ToxicDebris|SludgeBomb,PowerGem,EarthPower,SpikyShield|Timid||F|||50|]Whimsicott||FocusSash|Prankster|Tailwind,Encore,GrassKnot,Protect|Bold||F|||50|]Incineroar||ExpertBelt|Intimidate|FakeOut,FlareBlitz,PartingShot,DarkestLariat|Adamant||F|||50|]Basculegion||ChoiceScarf|Adaptability|WaveCrash,LastRespects,ZenHeadbutt,FlipTurn|Jolly||M|||50|]Rotom-Frost||LifeOrb|Levitate|WillOWisp,VoltSwitch,Thunderbolt,Blizzard|Timid|||||50|]Froslass||Froslassite|CursedBody|Blizzard,AuroraVeil,ShadowBall,Protect|Timid||F|||50|
|inactive|Battle timer is ON: inactive players will automatically lose when time's up. (requested by ToastedArt)
|
|t:|1784434289
|teamsize|p1|4
|teamsize|p2|4
|start
|switch|p1a: Falinks|Falinks, L50, shiny|100/100
|switch|p1b: Alcremie|Alcremie-Rainbow-Swirl, L50, F, shiny|100/100
|switch|p2a: Incineroar|Incineroar, L50, F, shiny|100/100
|switch|p2b: Whimsicott|Whimsicott, L50, F|100/100
|-ability|p2a: Incineroar|Intimidate|boost
|-unboost|p1a: Falinks|atk|1
|-ability|p1a: Falinks|Defiant|boost
|-boost|p1a: Falinks|atk|2
|-unboost|p1b: Alcremie|atk|1
|turn|1
|inactive|ToastedArt has 30 seconds left.
|inactive|theonlyambipomfan has 30 seconds left.
|
|t:|1784434324
|detailschange|p1a: Falinks|Falinks-Mega, L50, shiny
|-mega|p1a: Falinks|Falinks|Falinksite
|move|p1a: Falinks|Protect|p1a: Falinks
|-singleturn|p1a: Falinks|Protect
|move|p2a: Incineroar|Fake Out|p1a: Falinks
|-activate|p1a: Falinks|move: Protect
|move|p2b: Whimsicott|Tailwind|p2b: Whimsicott
|-sidestart|p2: theonlyambipomfan|move: Tailwind
|move|p1b: Alcremie|Decorate|p1a: Falinks
|-boost|p1a: Falinks|atk|2
|-boost|p1a: Falinks|spa|2
|
|upkeep
|turn|2
|inactive|theonlyambipomfan has 30 seconds left.
|inactive|ToastedArt has 30 seconds left.
|inactive|theonlyambipomfan has 20 seconds left.
|inactive|theonlyambipomfan has 15 seconds left.
|inactive|ToastedArt has 20 seconds left.
|inactive|theonlyambipomfan has 10 seconds left.
|inactive|ToastedArt has 15 seconds left.
|inactive|theonlyambipomfan has 5 seconds left.
|
|t:|1784434379
|move|p2b: Whimsicott|Tailwind||[still]
|-fail|p2b: Whimsicott
|move|p1b: Alcremie|Decorate|p1a: Falinks
|-boost|p1a: Falinks|atk|2
|-boost|p1a: Falinks|spa|2
|move|p2a: Incineroar|Flare Blitz|p1a: Falinks
|-damage|p1a: Falinks|34/100
|-damage|p2a: Incineroar|84/100|[from] Recoil
|move|p1a: Falinks|No Retreat|p1a: Falinks
|-boost|p1a: Falinks|atk|1
|-boost|p1a: Falinks|def|1
|-boost|p1a: Falinks|spa|1
|-boost|p1a: Falinks|spd|1
|-boost|p1a: Falinks|spe|1
|-start|p1a: Falinks|move: No Retreat
|
|upkeep
|turn|3
|inactive|theonlyambipomfan has 30 seconds left.
|
|t:|1784434410
|switch|p2b: Basculegion|Basculegion, L50, M, shiny|100/100
|switch|p1b: Sinistcha|Sinistcha, L50|100/100
|-heal|p1a: Falinks|59/100|[from] ability: Hospitality|[of] p1b: Sinistcha
|move|p1a: Falinks|Protect|p1a: Falinks
|-singleturn|p1a: Falinks|Protect
|move|p2a: Incineroar|Flare Blitz|p1a: Falinks
|-activate|p1a: Falinks|move: Protect
|
|upkeep
|turn|4
|inactive|ToastedArt has 30 seconds left.
|
|t:|1784434437
|move|p1b: Sinistcha|Rage Powder|p1b: Sinistcha
|-singleturn|p1b: Sinistcha|move: Rage Powder
|move|p2b: Basculegion|Wave Crash|p1b: Sinistcha
|-resisted|p1b: Sinistcha|1
|-damage|p1b: Sinistcha|67/100
|-damage|p2b: Basculegion|90/100|[from] Recoil
|move|p1a: Falinks|Rock Slide|p2a: Incineroar|[spread] p2a,p2b
|-supereffective|p2a: Incineroar|1
|-damage|p2a: Incineroar|0 fnt
|-damage|p2b: Basculegion|0 fnt
|faint|p2a: Incineroar
|faint|p2b: Basculegion
|
|-sideend|p2: theonlyambipomfan|move: Tailwind
|upkeep
|
|t:|1784434448
|switch|p2b: Glimmora|Glimmora, L50, F, shiny|100/100
|switch|p2a: Whimsicott|Whimsicott, L50, F|100/100
|turn|5
|
|t:|1784434459
|detailschange|p2b: Glimmora|Glimmora-Mega, L50, F, shiny
|-mega|p2b: Glimmora|Glimmora|Glimmoranite
|move|p1b: Sinistcha|Rage Powder|p1b: Sinistcha
|-singleturn|p1b: Sinistcha|move: Rage Powder
|move|p2a: Whimsicott|Encore|p1a: Falinks
|-start|p1a: Falinks|Encore
|move|p1a: Falinks|Rock Slide|p2a: Whimsicott|[spread] p2a,p2b
|-damage|p2a: Whimsicott|27/100
|-damage|p2b: Glimmora|4/100
|move|p2b: Glimmora|Sludge Bomb|p1b: Sinistcha
|-damage|p1b: Sinistcha|0 fnt
|faint|p1b: Sinistcha
|
|upkeep
|
|t:|1784434467
|switch|p1b: Incineroar|Incineroar, L50, M|100/100
|-ability|p1b: Incineroar|Intimidate|boost
|-unboost|p2a: Whimsicott|atk|1
|-unboost|p2b: Glimmora|atk|1
|turn|6
|-message|theonlyambipomfan forfeited.
|
|win|ToastedArt
