|j|☆Sparkles1755
|j|☆ssooner
|html|Sparkles1755ssooner    
|uhtml|bestof|Game 1 of a best-of-3
|t:|1785891329
|gametype|doubles
|player|p1|Sparkles1755|veteran|
|player|p2|ssooner|wallace|
|gen|9
|tier|[Gen 9 Champions] VGC 2026 Reg M-B (Bo3)
|rule|Species Clause: Limit one of each Pokémon
|rule|Item Clause: Limit 1 of each item
|clearpoke
|poke|p1|Gyarados, L50, F|
|poke|p1|Lucario, L50, F|
|poke|p1|Typhlosion-Hisui, L50, M|
|poke|p1|Rotom-Mow, L50|
|poke|p1|Altaria, L50, F|
|poke|p1|Infernape, L50, M|
|poke|p2|Cofagrigus, L50, F|
|poke|p2|Scrafty, L50, M|
|poke|p2|Crabominable, L50, M|
|poke|p2|Palafin, L50, M|
|poke|p2|Roserade, L50, F|
|poke|p2|Aegislash, L50, M|
|teampreview|4
|showteam|p1|Gyarados||Gyaradosite|Intimidate|Waterfall,Crunch,DragonDance,Protect|Jolly||F|||50|]Lucario||Lucarionite|InnerFocus|CloseCombat,MeteorMash,ExtremeSpeed,Detect|Jolly||F|||50|]Typhlosion-Hisui||ChoiceScarf|Blaze|Eruption,HeatWave,Flamethrower,ShadowBall|Modest||M|||50|]Rotom-Mow||Leftovers|Levitate|LeafStorm,VoltSwitch,WillOWisp,Protect|Timid|||||50|]Altaria||MentalHerb|CloudNine|Tailwind,Roar,DracoMeteor,Protect|Bold||F|||50|]Infernape||FocusSash|Blaze|CloseCombat,HeatWave,FakeOut,Coaching|Hasty||M|||50|
|showteam|p2|Cofagrigus||MentalHerb|Mummy|TrickRoom,Protect,WillOWisp,ShadowBall|Sassy||F|||50|]Scrafty||SitrusBerry|Intimidate|Detect,KnockOff,FakeOut,Taunt|Jolly||M|||50|]Crabominable||Crabominite|IronFist|Crabhammer,IceHammer,Protect,MachPunch|Brave||M|||50|]Palafin||MysticWater|ZerotoHero|CloseCombat,WaveCrash,JetPunch,Protect|Adamant||M|||50|]Roserade||FocusSash|Technician|EnergyBall,SludgeBomb,Protect,SleepPowder|Timid||F|||50|]Aegislash||Leftovers|StanceChange|SwordsDance,KingsShield,ShadowSneak,IronHead|Brave||M|||50|
|inactive|Battle timer is ON: inactive players will automatically lose when time's up. (requested by Sparkles1755)
|inactive|ssooner also wants the timer to be on.
|c|☆Sparkles1755|Oh roserade
|c|☆Sparkles1755|Oh.... sash sleep powder LMAO
|inactive|Sparkles1755 has 60 seconds left.
|inactive|ssooner has 60 seconds left.
|c|☆ssooner|:D
|inactive|Sparkles1755 has 30 seconds left.
|inactive|ssooner has 30 seconds left.
|inactive|Sparkles1755 has 20 seconds left.
|
|t:|1785891401
|teamsize|p1|4
|teamsize|p2|4
|start
|switch|p1a: Altaria|Altaria, L50, F|100/100
|switch|p1b: Infernape|Infernape, L50, M|100/100
|switch|p2a: Cofagrigus|Cofagrigus, L50, F|100/100
|switch|p2b: Palafin|Palafin, L50, M|100/100
|-ability|p1a: Altaria|Cloud Nine
|turn|1
|c|☆ssooner|i might try pyroar on here
|
|t:|1785891418
|detailschange|p2b: Palafin|Palafin-Hero, L50, M
|switch|p2b: Scrafty|Scrafty, L50, M|100/100
|-ability|p2b: Scrafty|Intimidate|boost
|-unboost|p1a: Altaria|atk|1
|-unboost|p1b: Infernape|atk|1
|move|p1b: Infernape|Fake Out|p2b: Scrafty
|-damage|p2b: Scrafty|92/100
|move|p1a: Altaria|Roar|p2a: Cofagrigus
|drag|p2a: Crabominable|Crabominable, L50, M|100/100
|
|upkeep
|turn|2
|
|t:|1785891438
|switch|p1a: Typhlosion|Typhlosion-Hisui, L50, M|100/100
|detailschange|p2a: Crabominable|Crabominable-Mega, L50, M
|-mega|p2a: Crabominable|Crabominable|Crabominite
|move|p2b: Scrafty|Fake Out|p1b: Infernape
|-damage|p1b: Infernape|84/100
|cant|p1b: Infernape|flinch
|move|p2a: Crabominable|Ice Hammer|p1a: Typhlosion
|-resisted|p1a: Typhlosion|1
|-damage|p1a: Typhlosion|38/100
|-unboost|p2a: Crabominable|spe|1
|
|upkeep
|turn|3
|
|t:|1785891461
|move|p2a: Crabominable|Protect|p2a: Crabominable
|-singleturn|p2a: Crabominable|Protect
|move|p1a: Typhlosion|Heat Wave|p2a: Crabominable|[spread] p2b
|-activate|p2a: Crabominable|move: Protect
|-damage|p2b: Scrafty|55/100
|move|p1b: Infernape|Close Combat|p2b: Scrafty
|-supereffective|p2b: Scrafty|1
|-damage|p2b: Scrafty|0 fnt
|-unboost|p1b: Infernape|def|1
|-unboost|p1b: Infernape|spd|1
|faint|p2b: Scrafty
|
|upkeep
|
|t:|1785891473
|switch|p2b: Palafin|Palafin-Hero, L50, M|100/100
|-activate|p2b: Palafin|ability: Zero to Hero
|turn|4
|inactive|ssooner has 30 seconds left.
|inactive|ssooner has 20 seconds left.
|
|t:|1785891510
|switch|p2a: Cofagrigus|Cofagrigus, L50, F|100/100
|move|p2b: Palafin|Jet Punch|p1b: Infernape
|-supereffective|p1b: Infernape|1
|-damage|p1b: Infernape|0 fnt
|faint|p1b: Infernape
|move|p1a: Typhlosion|Heat Wave|p2b: Palafin|[spread] p2a,p2b
|-resisted|p2b: Palafin|1
|-damage|p2a: Cofagrigus|64/100
|-damage|p2b: Palafin|79/100
|
|upkeep
|
|t:|1785891520
|switch|p1b: Gyarados|Gyarados, L50, F|100/100
|-ability|p1b: Gyarados|Intimidate|boost
|-unboost|p2a: Cofagrigus|atk|1
|-unboost|p2b: Palafin|atk|1
|turn|5
|inactive|Sparkles1755 has 30 seconds left.
|
|t:|1785891549
|switch|p1a: Altaria|Altaria, L50, F|100/100
|-ability|p1a: Altaria|Cloud Nine
|move|p2b: Palafin|Jet Punch|p1a: Altaria
|-resisted|p1a: Altaria|1
|-damage|p1a: Altaria|86/100
|move|p1b: Gyarados|Crunch|p2a: Cofagrigus
|-supereffective|p2a: Cofagrigus|1
|-damage|p2a: Cofagrigus|20/100r
|-activate|p2a: Cofagrigus|ability: Mummy|p1b: Gyarados|[ability] Intimidate
|move|p2a: Cofagrigus|Will-O-Wisp|p1b: Gyarados
|-status|p1b: Gyarados|brn
|
|-damage|p1b: Gyarados|93/100 brn|[from] brn
|upkeep
|turn|6
|inactive|Sparkles1755 has 30 seconds left.
|inactive|ssooner has 30 seconds left.
|
|t:|1785891583
|detailschange|p1b: Gyarados|Gyarados-Mega, L50, F
|-mega|p1b: Gyarados|Gyarados|Gyaradosite
|-ability|p1b: Gyarados|Mold Breaker
|move|p2b: Palafin|Wave Crash|p1a: Altaria
|-resisted|p1a: Altaria|1
|-damage|p1a: Altaria|61/100
|-damage|p2b: Palafin|70/100|[from] Recoil
|move|p1b: Gyarados|Crunch|p2a: Cofagrigus
|-supereffective|p2a: Cofagrigus|1
|-damage|p2a: Cofagrigus|0 fnt
|-activate|p2a: Cofagrigus|ability: Mummy|p1b: Gyarados|[ability] Mold Breaker
|faint|p2a: Cofagrigus
|move|p1a: Altaria|Draco Meteor|p2b: Palafin
|-damage|p2b: Palafin|32/100
|-unboost|p1a: Altaria|spa|2
|
|-damage|p1b: Gyarados|87/100 brn|[from] brn
|upkeep
|
|t:|1785891596
|switch|p2a: Crabominable|Crabominable-Mega, L50, M|100/100
|turn|7
|c|☆Sparkles1755|24 LMAO
|inactive|Sparkles1755 has 30 seconds left.
|
|t:|1785891622
|switch|p1a: Typhlosion|Typhlosion-Hisui, L50, M|38/100
|move|p1b: Gyarados|Protect|p1b: Gyarados
|-singleturn|p1b: Gyarados|Protect
|move|p2b: Palafin|Close Combat|p1b: Gyarados
|-activate|p1b: Gyarados|move: Protect
|move|p2a: Crabominable|Ice Hammer|p1a: Typhlosion
|-resisted|p1a: Typhlosion|1
|-damage|p1a: Typhlosion|0 fnt
|-unboost|p2a: Crabominable|spe|1
|faint|p1a: Typhlosion
|
|-damage|p1b: Gyarados|81/100 brn|[from] brn
|upkeep
|
|t:|1785891627
|switch|p1a: Altaria|Altaria, L50, F|61/100
|-ability|p1a: Altaria|Cloud Nine
|turn|8
|c|☆Sparkles1755|what in earth am I doing
|inactive|ssooner has 30 seconds left.
|c|☆ssooner|were you trying to use perish with the slower mon?
|
|t:|1785891661
|move|p2a: Crabominable|Mach Punch|p1b: Gyarados
|-supereffective|p1b: Gyarados|1
|-damage|p1b: Gyarados|20/100y brn
|-activate|p1b: Gyarados|ability: Mummy|p2a: Crabominable|[ability] Iron Fist
|move|p2b: Palafin|Close Combat|p1b: Gyarados
|-supereffective|p1b: Gyarados|1
|-damage|p1b: Gyarados|0 fnt
|-unboost|p2b: Palafin|def|1
|-unboost|p2b: Palafin|spd|1
|faint|p1b: Gyarados
|move|p1a: Altaria|Draco Meteor|p2a: Crabominable
|-damage|p2a: Crabominable|74/100
|-unboost|p1a: Altaria|spa|2
|
|upkeep
|turn|9
|c|☆Sparkles1755|no I was trying to call out protect on palafin lmao
|-message|Sparkles1755 forfeited.
|
|win|ssooner
