|j|☆Kiryu86
|j|☆homerj71
|html|Kiryu86homerj71    
|uhtml|bestof|Game 1 of a best-of-3
|t:|1784048035
|gametype|doubles
|player|p1|Kiryu86|102|1120
|player|p2|homerj71|101|1169
|gen|9
|tier|[Gen 9 Champions] VGC 2026 Reg M-B (Bo3)
|rated|
|rule|Species Clause: Limit one of each Pokémon
|rule|Item Clause: Limit 1 of each item
|clearpoke
|poke|p1|Tyranitar, L50, F|
|poke|p1|Garchomp, L50, M|
|poke|p1|Sylveon, L50, F|
|poke|p1|Gholdengo, L50|
|poke|p1|Wyrdeer, L50, M|
|poke|p1|Corviknight, L50, M|
|poke|p2|Sneasler, L50, M|
|poke|p2|Sinistcha, L50|
|poke|p2|Incineroar, L50, F|
|poke|p2|Kingambit, L50, M|
|poke|p2|Delphox, L50, M|
|poke|p2|Blastoise, L50, F|
|teampreview|4
|showteam|p1|Tyranitar||Tyranitarite|SandStream|RockSlide,KnockOff,Protect,LowKick|Adamant||F|||50|]Garchomp||Garchompite|SandVeil|Earthquake,IronHead,ScaleShot,Protect|Adamant||M|||50|]Sylveon||FairyFeather|Pixilate|HyperBeam,HyperVoice,Moonblast,Detect|Modest||F|||50|]Gholdengo||LifeOrb|GoodasGold|MakeItRain,ShadowBall,Protect,NastyPlot|Modest|||||50|]Wyrdeer||SitrusBerry|Intimidate|PsyshieldBash,TrickRoom,Imprison,HelpingHand|Sassy||M|||50|]Corviknight||Leftovers|MirrorArmor|BraveBird,BodyPress,Tailwind,BulkUp|Careful||M|||50|
|showteam|p2|Sneasler||FocusSash|PoisonTouch|QuickGuard,FakeOut,DireClaw,CloseCombat|Jolly||M|||50|]Sinistcha||OccaBerry|Hospitality|Protect,RagePowder,MatchaGotcha,TrickRoom|Relaxed|||||50|]Incineroar||SitrusBerry|Intimidate|FakeOut,FlareBlitz,ThroatChop,PartingShot|Careful||F|||50|]Kingambit||BlackGlasses|Defiant|KowtowCleave,SwordsDance,SuckerPunch,Protect|Adamant||M|||50|]Delphox||Delphoxite|Blaze|Protect,NastyPlot,HeatWave,Psyshock|Timid||M|||50|]Blastoise||Blastoisinite|RainDish|WaterSpout,DarkPulse,ShellSmash,Protect|Modest||F|||50|
|inactive|Battle timer is ON: inactive players will automatically lose when time's up. (requested by homerj71)
|inactive|Kiryu86 has 60 seconds left.
|
|t:|1784048081
|teamsize|p1|4
|teamsize|p2|4
|start
|switch|p1a: Corviknight|Corviknight, L50, M|100/100
|switch|p1b: Gholdengo|Gholdengo, L50|100/100
|switch|p2a: Blastoise|Blastoise, L50, F|100/100
|switch|p2b: Incineroar|Incineroar, L50, F|100/100
|-ability|p2b: Incineroar|Intimidate|boost
|-ability|p1a: Corviknight|Mirror Armor
|-unboost|p2b: Incineroar|atk|1
|-unboost|p1b: Gholdengo|atk|1
|turn|1
|
|t:|1784048105
|detailschange|p2a: Blastoise|Blastoise-Mega, L50, F
|-mega|p2a: Blastoise|Blastoise|Blastoisinite
|move|p2a: Blastoise|Protect|p2a: Blastoise
|-singleturn|p2a: Blastoise|Protect
|move|p1b: Gholdengo|Shadow Ball|p2a: Blastoise
|-activate|p2a: Blastoise|move: Protect
|move|p2b: Incineroar|Flare Blitz|p1b: Gholdengo
|-supereffective|p1b: Gholdengo|1
|-damage|p1b: Gholdengo|34/100
|-damage|p2b: Incineroar|82/100|[from] Recoil
|move|p1a: Corviknight|Tailwind|p1a: Corviknight
|-sidestart|p1: Kiryu86|move: Tailwind
|
|upkeep
|turn|2
|inactive|Kiryu86 has 30 seconds left.
|
|t:|1784048136
|switch|p1b: Garchomp|Garchomp, L50, M|100/100
|switch|p2a: Sneasler|Sneasler, L50, M|100/100
|move|p1a: Corviknight|Bulk Up|p1a: Corviknight
|-boost|p1a: Corviknight|atk|1
|-boost|p1a: Corviknight|def|1
|move|p2b: Incineroar|Flare Blitz|p1a: Corviknight
|-supereffective|p1a: Corviknight|1
|-damage|p1a: Corviknight|60/100
|-damage|p2b: Incineroar|69/100|[from] Recoil
|
|-heal|p1a: Corviknight|66/100|[from] item: Leftovers
|upkeep
|turn|3
|
|t:|1784048156
|detailschange|p1b: Garchomp|Garchomp-Mega, L50, M
|-mega|p1b: Garchomp|Garchomp|Garchompite
|move|p2a: Sneasler|Fake Out|p1b: Garchomp
|-damage|p1b: Garchomp|89/100
|cant|p1b: Garchomp|flinch
|move|p1a: Corviknight|Brave Bird|p2a: Sneasler
|-supereffective|p2a: Sneasler|1
|-enditem|p2a: Sneasler|Focus Sash
|-damage|p2a: Sneasler|1/100
|-damage|p1a: Corviknight|41/100|[from] Recoil
|move|p2b: Incineroar|Flare Blitz|p1a: Corviknight
|-supereffective|p1a: Corviknight|1
|-damage|p1a: Corviknight|5/100
|-damage|p2b: Incineroar|57/100|[from] Recoil
|
|-heal|p1a: Corviknight|11/100|[from] item: Leftovers
|upkeep
|turn|4
|
|t:|1784048171
|switch|p2a: Sinistcha|Sinistcha, L50|100/100
|-heal|p2b: Incineroar|82/100|[from] ability: Hospitality|[of] p2a: Sinistcha
|move|p1b: Garchomp|Scale Shot|p2a: Sinistcha
|-damage|p2a: Sinistcha|84/100
|-damage|p2a: Sinistcha|70/100
|-hitcount|p2a: Sinistcha|2
|-unboost|p1b: Garchomp|def|1
|-boost|p1b: Garchomp|spe|1
|move|p1a: Corviknight|Body Press|p2b: Incineroar
|-supereffective|p2b: Incineroar|1
|-damage|p2b: Incineroar|27/100
|-enditem|p2b: Incineroar|Sitrus Berry|[eat]
|-heal|p2b: Incineroar|52/100|[from] item: Sitrus Berry
|move|p2b: Incineroar|Flare Blitz|p1a: Corviknight
|-supereffective|p1a: Corviknight|1
|-damage|p1a: Corviknight|0 fnt
|faint|p1a: Corviknight
|-damage|p2b: Incineroar|48/100|[from] Recoil
|
|-sideend|p1: Kiryu86|move: Tailwind
|upkeep
|
|t:|1784048181
|switch|p1a: Tyranitar|Tyranitar, L50, F|100/100
|-weather|Sandstorm|[from] ability: Sand Stream|[of] p1a: Tyranitar
|turn|5
|
|t:|1784048196
|switch|p2b: Sneasler|Sneasler, L50, M|1/100
|move|p1b: Garchomp|Scale Shot|p2b: Sneasler
|-damage|p2b: Sneasler|0 fnt
|faint|p2b: Sneasler
|-hitcount|p2: Sneasler|1
|-unboost|p1b: Garchomp|def|1
|-boost|p1b: Garchomp|spe|1
|move|p2a: Sinistcha|Matcha Gotcha|p1a: Tyranitar|[spread] p1b
|-miss|p2a: Sinistcha|p1a: Tyranitar
|-crit|p1b: Garchomp
|-damage|p1b: Garchomp|58/100
|-heal|p2a: Sinistcha|88/100|[from] drain|[of] p1b: Garchomp
|move|p1a: Tyranitar|Knock Off|p2a: Sinistcha
|-supereffective|p2a: Sinistcha|1
|-damage|p2a: Sinistcha|6/100
|-enditem|p2a: Sinistcha|Occa Berry|[from] move: Knock Off|[of] p1a: Tyranitar
|
|-weather|Sandstorm|[upkeep]
|-damage|p2a: Sinistcha|0 fnt|[from] Sandstorm
|faint|p2a: Sinistcha
|upkeep
|
|t:|1784048212
|switch|p2b: Blastoise|Blastoise-Mega, L50, F|100/100
|switch|p2a: Incineroar|Incineroar, L50, F|48/100
|-ability|p2a: Incineroar|Intimidate|boost
|-unboost|p1a: Tyranitar|atk|1
|-unboost|p1b: Garchomp|atk|1
|turn|6
|inactive|Kiryu86 has 30 seconds left.
|
|t:|1784048249
|move|p2a: Incineroar|Fake Out|p1a: Tyranitar
|-resisted|p1a: Tyranitar|1
|-damage|p1a: Tyranitar|96/100
|move|p1b: Garchomp|Earthquake|p2a: Incineroar|[spread] p1a,p2a,p2b
|-supereffective|p1a: Tyranitar|1
|-supereffective|p2a: Incineroar|1
|-damage|p1a: Tyranitar|25/100
|-damage|p2a: Incineroar|0 fnt
|-damage|p2b: Blastoise|53/100
|faint|p2a: Incineroar
|move|p2b: Blastoise|Shell Smash|p2b: Blastoise
|-unboost|p2b: Blastoise|def|1
|-unboost|p2b: Blastoise|spd|1
|-boost|p2b: Blastoise|atk|2
|-boost|p2b: Blastoise|spa|2
|-boost|p2b: Blastoise|spe|2
|cant|p1a: Tyranitar|flinch
|
|-weather|Sandstorm|[upkeep]
|-damage|p2b: Blastoise|47/100|[from] Sandstorm
|upkeep
|turn|7
|inactive|Kiryu86 has 30 seconds left.
|
|t:|1784048278
|move|p2b: Blastoise|Water Spout|p1b: Garchomp|[spread] p1a,p1b
|-supereffective|p1a: Tyranitar|1
|-damage|p1a: Tyranitar|0 fnt
|-damage|p1b: Garchomp|2/100
|faint|p1a: Tyranitar
|move|p1b: Garchomp|Earthquake|p2b: Blastoise
|-damage|p2b: Blastoise|0 fnt
|faint|p2b: Blastoise
|
|win|Kiryu86
