|j|☆sacrybeppe
|j|☆humanbacon
|html|sacrybeppehumanbacon    
|uhtml|bestof|Game 1 of a best-of-3
|t:|1783271018
|gametype|doubles
|player|p1|sacrybeppe|falkner|1333
|player|p2|humanbacon|acetrainer|1248
|gen|9
|tier|[Gen 9 Champions] VGC 2026 Reg M-B (Bo3)
|rated|
|rule|Species Clause: Limit one of each Pokémon
|rule|Item Clause: Limit 1 of each item
|clearpoke
|poke|p1|Scovillain, L50, F|
|poke|p1|Floette-Eternal, L50, F|
|poke|p1|Gholdengo, L50|
|poke|p1|Arcanine-Hisui, L50, F|
|poke|p1|Basculegion, L50, M|
|poke|p1|Whimsicott, L50, F|
|poke|p2|Raichu, L50, F|
|poke|p2|Sneasler, L50, F|
|poke|p2|Incineroar, L50, M|
|poke|p2|Venusaur, L50, M|
|poke|p2|Milotic, L50, F|
|poke|p2|Ninetales-Alola, L50, F|
|teampreview|4
|showteam|p1|Scovillain||Scovillainite|Moody|RagePowder,Overheat,GigaDrain,Protect|Bold||F|||50|]Floette-Eternal||Floettite|FlowerVeil|LightofRuin,DazzlingGleam,Moonblast,Protect|Timid||F|||50|]Gholdengo||SpellTag|GoodasGold|MakeItRain,ShadowBall,NastyPlot,Protect|Modest|||||50|]Arcanine-Hisui||FocusSash|RockHead|RockSlide,FlareBlitz,ExtremeSpeed,Protect|Jolly||F|||50|]Basculegion||LifeOrb|Adaptability|WaveCrash,LastRespects,AquaJet,Protect|Adamant||M|||50|]Whimsicott||FairyFeather|Prankster|Moonblast,Tailwind,Encore,Protect|Timid||F|||50|
|showteam|p2|Raichu||RaichuniteY|LightningRod|ZapCannon,FocusBlast,FakeOut,Protect|Timid||F|||50|]Sneasler||WhiteHerb|Unburden|CloseCombat,DireClaw,FakeOut,Feint|Jolly||F|||50|]Incineroar||SitrusBerry|Intimidate|FakeOut,ThroatChop,PartingShot,FlareBlitz|Impish||M|||50|]Venusaur||Venusaurite|Chlorophyll|EnergyBall,SludgeBomb,LeechSeed,Protect|Modest||M|||50|]Milotic||Leftovers|Competitive|Scald,IcyWind,LifeDew,Protect|Calm||F|||50|]Ninetales-Alola||FocusSash|SnowWarning|FreezeDry,IcyWind,HelpingHand,Protect|Timid||F|||50|
|inactive|Battle timer is ON: inactive players will automatically lose when time's up. (requested by sacrybeppe)
|
|t:|1783271055
|teamsize|p1|4
|teamsize|p2|4
|start
|switch|p1a: Gholdengo|Gholdengo, L50|100/100
|switch|p1b: Scovillain|Scovillain, L50, F|100/100
|switch|p2a: Milotic|Milotic, L50, F|100/100
|switch|p2b: Incineroar|Incineroar, L50, M|100/100
|-ability|p2b: Incineroar|Intimidate|boost
|-unboost|p1a: Gholdengo|atk|1
|-unboost|p1b: Scovillain|atk|1
|turn|1
|inactive|sacrybeppe has 30 seconds left.
|inactive|sacrybeppe has 20 seconds left.
|inactive|sacrybeppe has 15 seconds left.
|inactive|sacrybeppe has 10 seconds left.
|inactive|sacrybeppe has 5 seconds left.
|
|t:|1783271107
|detailschange|p1b: Scovillain|Scovillain-Mega, L50, F
|-mega|p1b: Scovillain|Scovillain|Scovillainite
|move|p1b: Scovillain|Rage Powder|p1b: Scovillain
|-singleturn|p1b: Scovillain|move: Rage Powder
|move|p1a: Gholdengo|Nasty Plot|p1a: Gholdengo
|-boost|p1a: Gholdengo|spa|2
|move|p2a: Milotic|Icy Wind|p1b: Scovillain|[spread] p1a
|-miss|p2a: Milotic|p1b: Scovillain
|-resisted|p1a: Gholdengo|1
|-damage|p1a: Gholdengo|95/100
|-unboost|p1a: Gholdengo|spe|1
|move|p2b: Incineroar|Flare Blitz|p1b: Scovillain
|-damage|p1b: Scovillain|56/100
|-immune|p2b: Incineroar
|-damage|p2b: Incineroar|87/100|[from] Recoil
|
|upkeep
|turn|2
|
|t:|1783271132
|move|p1a: Gholdengo|Protect|p1a: Gholdengo
|-singleturn|p1a: Gholdengo|Protect
|move|p2a: Milotic|Icy Wind|p1b: Scovillain|[spread] p1b
|-activate|p1a: Gholdengo|move: Protect
|-damage|p1b: Scovillain|44/100
|-unboost|p1b: Scovillain|spe|1
|-status|p2a: Milotic|brn|[from] ability: Spicy Spray|[of] p1b: Scovillain
|move|p2b: Incineroar|Flare Blitz|p1a: Gholdengo
|-activate|p1a: Gholdengo|move: Protect
|move|p1b: Scovillain|Giga Drain|p2a: Milotic
|-supereffective|p2a: Milotic|1
|-damage|p2a: Milotic|55/100 brn
|-heal|p1b: Scovillain|69/100|[from] drain|[of] p2a: Milotic
|
|-heal|p2a: Milotic|61/100 brn|[from] item: Leftovers
|-damage|p2a: Milotic|55/100 brn|[from] brn
|upkeep
|turn|3
|inactive|sacrybeppe has 30 seconds left.
|inactive|sacrybeppe has 20 seconds left.
|
|t:|1783271168
|move|p2a: Milotic|Protect|p2a: Milotic
|-singleturn|p2a: Milotic|Protect
|move|p1b: Scovillain|Rage Powder|p1b: Scovillain
|-singleturn|p1b: Scovillain|move: Rage Powder
|move|p1a: Gholdengo|Make It Rain|p2b: Incineroar|[spread] p2b
|-activate|p2a: Milotic|move: Protect
|-resisted|p2b: Incineroar|1
|-crit|p2b: Incineroar
|-damage|p2b: Incineroar|19/100
|-unboost|p1a: Gholdengo|spa|2
|-enditem|p2b: Incineroar|Sitrus Berry|[eat]
|-heal|p2b: Incineroar|44/100|[from] item: Sitrus Berry
|move|p2b: Incineroar|Flare Blitz|p1b: Scovillain
|-damage|p1b: Scovillain|27/100
|-immune|p2b: Incineroar
|-damage|p2b: Incineroar|32/100|[from] Recoil
|
|-heal|p2a: Milotic|61/100 brn|[from] item: Leftovers
|-damage|p2a: Milotic|55/100 brn|[from] brn
|upkeep
|turn|4
|
|t:|1783271185
|move|p1b: Scovillain|Rage Powder|p1b: Scovillain
|-singleturn|p1b: Scovillain|move: Rage Powder
|move|p2a: Milotic|Life Dew|p2a: Milotic|[spread] p2a,p2b
|-heal|p2a: Milotic|80/100 brn
|-heal|p2b: Incineroar|57/100
|move|p1a: Gholdengo|Nasty Plot|p1a: Gholdengo
|-boost|p1a: Gholdengo|spa|2
|move|p2b: Incineroar|Flare Blitz|p1b: Scovillain
|-damage|p1b: Scovillain|0 fnt
|-immune|p2b: Incineroar
|faint|p1b: Scovillain
|-damage|p2b: Incineroar|49/100|[from] Recoil
|
|-heal|p2a: Milotic|86/100 brn|[from] item: Leftovers
|-damage|p2a: Milotic|80/100 brn|[from] brn
|upkeep
|
|t:|1783271192
|switch|p1b: Arcanine|Arcanine-Hisui, L50, F|100/100
|turn|5
|
|t:|1783271201
|move|p2a: Milotic|Protect|p2a: Milotic
|-singleturn|p2a: Milotic|Protect
|move|p1b: Arcanine|Rock Slide|p2a: Milotic|[spread] p2b
|-activate|p2a: Milotic|move: Protect
|-supereffective|p2b: Incineroar|1
|-damage|p2b: Incineroar|10/100
|move|p1a: Gholdengo|Shadow Ball|p2a: Milotic
|-activate|p2a: Milotic|move: Protect
|move|p2b: Incineroar|Parting Shot|p1b: Arcanine
|-unboost|p1b: Arcanine|atk|1
|-unboost|p1b: Arcanine|spa|1
|
|t:|1783271213
|switch|p2b: Raichu|Raichu, L50, F|100/100|[from] Parting Shot
|
|-heal|p2a: Milotic|86/100 brn|[from] item: Leftovers
|-damage|p2a: Milotic|80/100 brn|[from] brn
|upkeep
|turn|6
|
|t:|1783271223
|switch|p1b: Whimsicott|Whimsicott, L50, F|100/100
|detailschange|p2b: Raichu|Raichu-Mega-Y, L50, F
|-mega|p2b: Raichu|Raichu|Raichunite Y
|move|p1a: Gholdengo|Protect|p1a: Gholdengo
|-singleturn|p1a: Gholdengo|Protect
|move|p2b: Raichu|Zap Cannon|p1a: Gholdengo
|-activate|p1a: Gholdengo|move: Protect
|move|p2a: Milotic|Scald|p1a: Gholdengo
|-activate|p1a: Gholdengo|move: Protect
|
|-heal|p2a: Milotic|86/100 brn|[from] item: Leftovers
|-damage|p2a: Milotic|80/100 brn|[from] brn
|upkeep
|turn|7
|inactive|sacrybeppe has 30 seconds left.
|
|t:|1783271248
|switch|p1a: Arcanine|Arcanine-Hisui, L50, F|100/100
|move|p2b: Raichu|Zap Cannon|p1a: Arcanine
|-damage|p1a: Arcanine|16/100
|-status|p1a: Arcanine|par
|move|p1b: Whimsicott|Moonblast|p2b: Raichu
|-damage|p2b: Raichu|54/100
|move|p2a: Milotic|Scald|p1a: Arcanine
|-supereffective|p1a: Arcanine|2
|-damage|p1a: Arcanine|0 fnt
|faint|p1a: Arcanine
|
|-heal|p2a: Milotic|86/100 brn|[from] item: Leftovers
|-damage|p2a: Milotic|80/100 brn|[from] brn
|upkeep
|
|t:|1783271250
|switch|p1a: Gholdengo|Gholdengo, L50|95/100
|turn|8
|
|t:|1783271263
|switch|p2b: Incineroar|Incineroar, L50, M|10/100
|-ability|p2b: Incineroar|Intimidate|boost
|-unboost|p1a: Gholdengo|atk|1
|-unboost|p1b: Whimsicott|atk|1
|move|p1b: Whimsicott|Tailwind|p1b: Whimsicott
|-sidestart|p1: sacrybeppe|move: Tailwind
|move|p1a: Gholdengo|Shadow Ball|p2b: Incineroar
|-resisted|p2b: Incineroar|1
|-damage|p2b: Incineroar|0 fnt
|faint|p2b: Incineroar
|move|p2a: Milotic|Icy Wind|p1b: Whimsicott|[spread] p1a,p1b
|-resisted|p1a: Gholdengo|1
|-supereffective|p1b: Whimsicott|1
|-damage|p1a: Gholdengo|90/100
|-damage|p1b: Whimsicott|72/100
|-unboost|p1a: Gholdengo|spe|1
|-unboost|p1b: Whimsicott|spe|1
|
|-heal|p2a: Milotic|86/100 brn|[from] item: Leftovers
|-damage|p2a: Milotic|80/100 brn|[from] brn
|upkeep
|
|t:|1783271278
|switch|p2b: Venusaur|Venusaur, L50, M|100/100
|turn|9
|
|t:|1783271287
|move|p1b: Whimsicott|Protect|p1b: Whimsicott
|-singleturn|p1b: Whimsicott|Protect
|move|p1a: Gholdengo|Nasty Plot|p1a: Gholdengo
|-boost|p1a: Gholdengo|spa|2
|move|p2a: Milotic|Scald|p1a: Gholdengo
|-damage|p1a: Gholdengo|59/100
|move|p2b: Venusaur|Sludge Bomb|p1b: Whimsicott
|-activate|p1b: Whimsicott|move: Protect
|
|-heal|p2a: Milotic|86/100 brn|[from] item: Leftovers
|-damage|p2a: Milotic|80/100 brn|[from] brn
|upkeep
|turn|10
|
|t:|1783271298
|move|p1b: Whimsicott|Moonblast|p2a: Milotic
|-damage|p2a: Milotic|58/100 brn
|move|p1a: Gholdengo|Make It Rain|p2a: Milotic|[spread] p2a,p2b
|-resisted|p2a: Milotic|1
|-damage|p2a: Milotic|31/100 brn
|-damage|p2b: Venusaur|14/100
|-unboost|p1a: Gholdengo|spa|2
|move|p2a: Milotic|Scald|p1a: Gholdengo
|-damage|p1a: Gholdengo|27/100
|move|p2b: Venusaur|Sludge Bomb|p1b: Whimsicott
|-supereffective|p1b: Whimsicott|2
|-damage|p1b: Whimsicott|0 fnt
|faint|p1b: Whimsicott
|
|-heal|p2a: Milotic|37/100 brn|[from] item: Leftovers
|-damage|p2a: Milotic|31/100 brn|[from] brn
|upkeep
|turn|11
|-message|sacrybeppe forfeited.
|
|win|humanbacon
|l|☆sacrybeppe
|player|p1|
||sacrybeppe is ready for game 2.
||humanbacon is ready for game 2.
|uhtml|next|Next: Game 2 of 3
