|j|☆Joaquu_
|j|☆lennydobleele
|html|Joaquu_lennydobleele    
|uhtml|bestof|Game 1 of a best-of-3
|t:|1785899612
|gametype|doubles
|player|p1|Joaquu_|169|
|player|p2|lennydobleele|1|
|gen|9
|tier|[Gen 9 Champions] VGC 2026 Reg M-B (Bo3)
|rule|Species Clause: Limit one of each Pokémon
|rule|Item Clause: Limit 1 of each item
|clearpoke
|poke|p1|Raichu, L50, F|
|poke|p1|Typhlosion-Hisui, L50, F|
|poke|p1|Aerodactyl, L50, M|
|poke|p1|Ninetales, L50, M|
|poke|p1|Sneasler, L50, F|
|poke|p1|Tsareena, L50, F|
|poke|p2|Sylveon, L50, F|
|poke|p2|Basculegion, L50, M|
|poke|p2|Charizard, L50, F|
|poke|p2|Kingambit, L50, F|
|poke|p2|Whimsicott, L50, M|
|poke|p2|Sinistcha-Masterpiece, L50|
|teampreview|4
|showteam|p1|Raichu||RaichuniteY|LightningRod|FakeTears,NastyPlot,ZapCannon,FocusBlast|Timid||F|||50|]Typhlosion-Hisui||ChoiceScarf|Frisk|Eruption,Flamethrower,ShadowBall,Extrasensory|Modest||F|||50|]Aerodactyl||Aerodactylite|Unnerve|RockSlide,Tailwind,IceFang,WideGuard|Jolly||M|||50|]Ninetales||LifeOrb|Drought|Flamethrower,EnergyBall,HelpingHand,Protect|Modest||M|||50|]Sneasler||FocusSash|PoisonTouch|PoisonJab,CloseCombat,Protect,FakeOut|Jolly||F|||50|]Tsareena||WideLens|QueenlyMajesty|PowerWhip,TripleAxel,HelpingHand,Protect|Careful||F|||50|
|showteam|p2|Sylveon||FairyFeather|Pixilate|Detect,HyperVoice,HyperBeam,QuickAttack|Sassy||F|||50|]Basculegion||MysticWater|Adaptability|AquaJet,LastRespects,Protect,Liquidation|Adamant||M|||50|]Charizard||CharizarditeY|SolarPower|HeatWave,SolarBeam,Protect,WeatherBall|Timid||F|||50|]Kingambit||ChopleBerry|Defiant|LowKick,IronHead,Protect,NightSlash|Adamant||F|||50|]Whimsicott||FocusSash|Prankster|Moonblast,Tailwind,Protect,Encore|Bold||M|||50|]Sinistcha-Masterpiece||Leftovers|Hospitality|MatchaGotcha,Protect,TrickRoom,PsychUp|Relaxed|||||50|
|
|t:|1785899700
|teamsize|p1|4
|teamsize|p2|4
|start
|switch|p1a: Raichu|Raichu, L50, F|100/100
|switch|p1b: Sneasler|Sneasler, L50, F|100/100
|switch|p2a: Whimsicott|Whimsicott, L50, M|100/100
|switch|p2b: Basculegion|Basculegion, L50, M|100/100
|turn|1
|
|t:|1785899737
|detailschange|p1a: Raichu|Raichu-Mega-Y, L50, F
|-mega|p1a: Raichu|Raichu|Raichunite Y
|move|p2b: Basculegion|Protect|p2b: Basculegion
|-singleturn|p2b: Basculegion|Protect
|move|p1b: Sneasler|Fake Out|p2a: Whimsicott
|-damage|p2a: Whimsicott|88/100
|cant|p2a: Whimsicott|flinch
|move|p1a: Raichu|Zap Cannon|p2b: Basculegion
|-activate|p2b: Basculegion|move: Protect
|
|upkeep
|turn|2
|
|t:|1785899767
|switch|p1a: Tsareena|Tsareena, L50, F|100/100
|switch|p2b: Sinistcha|Sinistcha-Masterpiece, L50|100/100
|-heal|p2a: Whimsicott|100/100|[from] ability: Hospitality|[of] p2b: Sinistcha
|move|p2a: Whimsicott|Tailwind|p2a: Whimsicott
|-sidestart|p2: lennydobleele|move: Tailwind
|move|p1b: Sneasler|Poison Jab|p2b: Sinistcha
|-damage|p2b: Sinistcha|67/100
|
|-heal|p2b: Sinistcha|74/100|[from] item: Leftovers
|upkeep
|turn|3
|
|t:|1785899800
|switch|p2a: Kingambit|Kingambit, L50, F|100/100
|move|p1b: Sneasler|Poison Jab|p2b: Sinistcha
|-damage|p2b: Sinistcha|45/100
|move|p1a: Tsareena|Power Whip|p2a: Kingambit
|-resisted|p2a: Kingambit|1
|-damage|p2a: Kingambit|81/100
|move|p2b: Sinistcha|Trick Room|p2b: Sinistcha
|-fieldstart|move: Trick Room|[of] p2b: Sinistcha
|
|-heal|p2b: Sinistcha|51/100|[from] item: Leftovers
|upkeep
|turn|4
|
|t:|1785899834
|move|p2a: Kingambit|Protect|p2a: Kingambit
|-singleturn|p2a: Kingambit|Protect
|move|p1a: Tsareena|Triple Axel|p2b: Sinistcha
|-supereffective|p2b: Sinistcha|1
|-damage|p2b: Sinistcha|42/100
|-supereffective|p2b: Sinistcha|1
|-damage|p2b: Sinistcha|28/100
|-supereffective|p2b: Sinistcha|1
|-damage|p2b: Sinistcha|5/100
|-hitcount|p2b: Sinistcha|3
|move|p2b: Sinistcha|Matcha Gotcha|p1a: Tsareena|[spread] p1a,p1b
|-resisted|p1a: Tsareena|1
|-resisted|p1b: Sneasler|1
|-damage|p1a: Tsareena|91/100
|-heal|p2b: Sinistcha|10/100|[from] drain|[of] p1a: Tsareena
|-damage|p1b: Sneasler|84/100
|-heal|p2b: Sinistcha|16/100|[from] drain|[of] p1b: Sneasler
|-status|p1b: Sneasler|brn
|move|p1b: Sneasler|Close Combat|p2a: Kingambit
|-activate|p2a: Kingambit|move: Protect
|
|-heal|p2b: Sinistcha|23/100|[from] item: Leftovers
|-damage|p1b: Sneasler|78/100 brn|[from] brn
|upkeep
|turn|5
|
|t:|1785899871
|switch|p2a: Basculegion|Basculegion, L50, M|100/100
|move|p2b: Sinistcha|Protect|p2b: Sinistcha
|-singleturn|p2b: Sinistcha|Protect
|move|p1a: Tsareena|Triple Axel|p2b: Sinistcha
|-activate|p2b: Sinistcha|move: Protect
|move|p1b: Sneasler|Close Combat|p2a: Basculegion
|-immune|p2a: Basculegion
|
|-heal|p2b: Sinistcha|29/100|[from] item: Leftovers
|-damage|p1b: Sneasler|73/100 brn|[from] brn
|-sideend|p2: lennydobleele|move: Tailwind
|upkeep
|turn|6
|
|t:|1785899912
|move|p1b: Sneasler|Protect|p1b: Sneasler
|-singleturn|p1b: Sneasler|Protect
|move|p2a: Basculegion|Aqua Jet||[still]
|cant|p1a: Tsareena|ability: Queenly Majesty|Aqua Jet|[of] p2a: Basculegion
|move|p2b: Sinistcha|Matcha Gotcha|p1a: Tsareena|[spread] p1a
|-activate|p1b: Sneasler|move: Protect
|-resisted|p1a: Tsareena|1
|-damage|p1a: Tsareena|82/100
|-heal|p2b: Sinistcha|33/100|[from] drain|[of] p1a: Tsareena
|move|p1a: Tsareena|Power Whip|p2a: Basculegion|[miss]
|-miss|p1a: Tsareena|p2a: Basculegion
|
|-heal|p2b: Sinistcha|39/100|[from] item: Leftovers
|-damage|p1b: Sneasler|67/100 brn|[from] brn
|upkeep
|turn|7
|
|t:|1785899969
|move|p2b: Sinistcha|Protect|p2b: Sinistcha
|-singleturn|p2b: Sinistcha|Protect
|move|p1a: Tsareena|Power Whip|p2a: Basculegion
|-supereffective|p2a: Basculegion|1
|-damage|p2a: Basculegion|0 fnt
|faint|p2a: Basculegion
|move|p1b: Sneasler|Poison Jab|p2b: Sinistcha
|-activate|p2b: Sinistcha|move: Protect
|
|-heal|p2b: Sinistcha|46/100|[from] item: Leftovers
|-damage|p1b: Sneasler|61/100 brn|[from] brn
|-fieldend|move: Trick Room
|upkeep
|
|t:|1785899985
|switch|p2a: Whimsicott|Whimsicott, L50, M|100/100
|turn|8
|
|t:|1785900005
|switch|p2b: Kingambit|Kingambit, L50, F|81/100
|move|p1b: Sneasler|Poison Jab|p2b: Kingambit
|-immune|p2b: Kingambit
|move|p2a: Whimsicott|Moonblast|p1b: Sneasler
|-damage|p1b: Sneasler|21/100 brn
|move|p1a: Tsareena|Triple Axel|p2a: Whimsicott
|-supereffective|p2a: Whimsicott|1
|-damage|p2a: Whimsicott|88/100
|-supereffective|p2a: Whimsicott|1
|-damage|p2a: Whimsicott|68/100
|-supereffective|p2a: Whimsicott|1
|-damage|p2a: Whimsicott|42/100
|-hitcount|p2a: Whimsicott|3
|
|-damage|p1b: Sneasler|15/100 brn|[from] brn
|upkeep
|turn|9
|
|t:|1785900036
|move|p1b: Sneasler|Protect|p1b: Sneasler
|-singleturn|p1b: Sneasler|Protect
|move|p2b: Kingambit|Protect|p2b: Kingambit
|-singleturn|p2b: Kingambit|Protect
|move|p2a: Whimsicott|Tailwind|p2a: Whimsicott
|-sidestart|p2: lennydobleele|move: Tailwind
|move|p1a: Tsareena|Triple Axel|p2a: Whimsicott
|-supereffective|p2a: Whimsicott|1
|-damage|p2a: Whimsicott|32/100
|-supereffective|p2a: Whimsicott|1
|-damage|p2a: Whimsicott|13/100
|-supereffective|p2a: Whimsicott|1
|-damage|p2a: Whimsicott|0 fnt
|faint|p2a: Whimsicott
|-hitcount|p2: Whimsicott|3
|
|-damage|p1b: Sneasler|10/100 brn|[from] brn
|upkeep
|
|t:|1785900053
|switch|p2a: Sinistcha|Sinistcha-Masterpiece, L50|46/100
|-heal|p2b: Kingambit|100/100|[from] ability: Hospitality|[of] p2a: Sinistcha
|turn|10
|
|t:|1785900082
|move|p2b: Kingambit|Protect|p2b: Kingambit
|-singleturn|p2b: Kingambit|Protect
|move|p1b: Sneasler|Close Combat|p2b: Kingambit
|-activate|p2b: Kingambit|move: Protect
|move|p2a: Sinistcha|Matcha Gotcha|p1b: Sneasler|[spread] p1b
|-miss|p2a: Sinistcha|p1a: Tsareena
|-resisted|p1b: Sneasler|1
|-damage|p1b: Sneasler|0 fnt
|-heal|p2a: Sinistcha|50/100g|[from] drain|[of] p1b: Sneasler
|faint|p1b: Sneasler
|move|p1a: Tsareena|Triple Axel|p2a: Sinistcha
|-supereffective|p2a: Sinistcha|1
|-damage|p2a: Sinistcha|41/100
|-supereffective|p2a: Sinistcha|1
|-damage|p2a: Sinistcha|24/100
|-supereffective|p2a: Sinistcha|1
|-damage|p2a: Sinistcha|2/100
|-hitcount|p2a: Sinistcha|3
|
|-heal|p2a: Sinistcha|8/100|[from] item: Leftovers
|upkeep
|
|t:|1785900104
|switch|p1b: Raichu|Raichu-Mega-Y, L50, F|100/100
|turn|11
|
|t:|1785900139
|move|p2a: Sinistcha|Protect|p2a: Sinistcha
|-singleturn|p2a: Sinistcha|Protect
|move|p1b: Raichu|Focus Blast|p2b: Kingambit
|-supereffective|p2b: Kingambit|2
|-enditem|p2b: Kingambit|Chople Berry|[eat]
|-enditem|p2b: Kingambit|Chople Berry|[weaken]
|-damage|p2b: Kingambit|12/100
|move|p2b: Kingambit|Iron Head|p1a: Tsareena
|-damage|p1a: Tsareena|37/100
|move|p1a: Tsareena|Triple Axel|p2a: Sinistcha
|-activate|p2a: Sinistcha|move: Protect
|
|-heal|p2a: Sinistcha|14/100|[from] item: Leftovers
|upkeep
|turn|12
|
|t:|1785900162
|move|p1b: Raichu|Focus Blast|p2b: Kingambit
|-supereffective|p2b: Kingambit|2
|-damage|p2b: Kingambit|0 fnt
|faint|p2b: Kingambit
|move|p2a: Sinistcha|Matcha Gotcha|p1b: Raichu|[spread] p1a,p1b
|-resisted|p1a: Tsareena|1
|-damage|p1a: Tsareena|28/100
|-heal|p2a: Sinistcha|19/100|[from] drain|[of] p1a: Tsareena
|-damage|p1b: Raichu|57/100
|-heal|p2a: Sinistcha|35/100|[from] drain|[of] p1b: Raichu
|move|p1a: Tsareena|Triple Axel|p2a: Sinistcha
|-supereffective|p2a: Sinistcha|1
|-damage|p2a: Sinistcha|25/100
|-supereffective|p2a: Sinistcha|1
|-damage|p2a: Sinistcha|8/100
|-supereffective|p2a: Sinistcha|1
|-damage|p2a: Sinistcha|0 fnt
|faint|p2a: Sinistcha
|-hitcount|p2: Sinistcha|3
|
|win|Joaquu_
|inactive|Joaquu_ has 30 seconds to confirm battle start!
|inactive|lennydobleele has 30 seconds to confirm battle start!
|inactive|Joaquu_ has 20 seconds to confirm battle start!
|inactive|lennydobleele has 20 seconds to confirm battle start!
||Joaquu_ is ready for game 2.
|l|☆lennydobleele
|player|p2|
|inactive|lennydobleele has 10 seconds to confirm battle start!
|uhtml|next|Next: Game 2 of 3
