|j|â˜†dambro222
|j|â˜†LemonLimeScizor
|html|dambro222LemonLimeScizor    
|uhtml|bestof|Game 1 of a best-of-3
|t:|1757064062
|gametype|doubles
|player|p1|dambro222|ethan|1217
|player|p2|LemonLimeScizor|drayden|1083
|gen|9
|tier|[Gen 9] VGC 2025 Reg H (Bo3)
|rated|
|rule|Species Clause: Limit one of each PokÃ©mon
|rule|Item Clause: Limit 1 of each item
|clearpoke
|poke|p1|Dragonite, L50, M|
|poke|p1|Volcarona, L50, F|
|poke|p1|Sneasler, L50, M|
|poke|p1|Rillaboom, L50, M|
|poke|p1|Electabuzz, L50, M|
|poke|p1|Kingambit, L50, M|
|poke|p2|Scizor, L50, M|
|poke|p2|Torkoal, L50, M|
|poke|p2|Farigiraf, L50, F|
|poke|p2|Ursaluna, L50, F|
|poke|p2|Venusaur, L50, M|
|poke|p2|Charizard, L50, M|
|teampreview|4
|showteam|p1|Dragonite||LoadedDice|Multiscale|ScaleShot,ExtremeSpeed,Haze,Protect|||M|||50|,,,,,Fairy]Volcarona||CovertCloak|FlameBody|HeatWave,TeraBlast,QuiverDance,Protect|||F|||50|,,,,,Fairy]Sneasler||FocusSash|Unburden|CloseCombat,DireClaw,RockSlide,Protect|||M|||50|,,,,,Stellar]Rillaboom||AssaultVest|GrassySurge|WoodHammer,GrassyGlide,HighHorsepower,FakeOut|||M|||50|,,,,,Water]Electabuzz||Eviolite|VitalSpirit|Electroweb,FollowMe,Taunt,Protect|||M|||50|,,,,,Ghost]Kingambit||BlackGlasses|Defiant|KowtowCleave,SuckerPunch,SwordsDance,Protect|||M|||50|,,,,,Dark
|showteam|p2|Scizor||FocusSash|Technician|BulletPunch,Protect,CloseCombat,Uturn|||M|||50|,,,,,Fire]Torkoal||EjectPack|Drought|ClearSmog,HelpingHand,WeatherBall,EarthPower|||M|||50|,,,,,Flying]Farigiraf||MentalHerb|ArmorTail|TrickRoom,HyperVoice,Protect,Psychic|||F|||50|,,,,,Grass]Ursaluna||FlameOrb|Guts|Facade,HeadlongRush,Protect,Earthquake|||F|||50|,,,,,Ghost]Venusaur||WideLens|Chlorophyll|Protect,SleepPowder,SludgeBomb,EnergyBall|||M|||50|,,,,,Water]Charizard||ChoiceSpecs|SolarPower|HeatWave,WeatherBall,DragonPulse,Overheat|||M|||50|,,,,,Dragon
|inactive|Battle timer is ON: inactive players will automatically lose when time's up. (requested by dambro222)
|inactive|dambro222 has 60 seconds left.
|inactive|LemonLimeScizor has 60 seconds left.
|inactive|dambro222 has 30 seconds left.
|inactive|dambro222 has 20 seconds left.
|inactive|dambro222 has 15 seconds left.
|
|t:|1757064140
|teamsize|p1|4
|teamsize|p2|4
|start
|switch|p1a: Sneasler|Sneasler, L50, M|100/100
|switch|p1b: Electabuzz|Electabuzz, L50, M|100/100
|switch|p2a: Farigiraf|Farigiraf, L50, F|100/100
|switch|p2b: Scizor|Scizor, L50, M|100/100
|turn|1
|inactive|dambro222 has 30 seconds left.
|inactive|dambro222 has 20 seconds left.
|
|t:|1757064178
|switch|p1a: Volcarona|Volcarona, L50, F|100/100
|move|p1b: Electabuzz|Taunt|p2a: Farigiraf
|-start|p2a: Farigiraf|move: Taunt
|-enditem|p2a: Farigiraf|Mental Herb
|-end|p2a: Farigiraf|move: Taunt
|move|p2b: Scizor|U-turn|p1a: Volcarona
|-resisted|p1a: Volcarona
|-damage|p1a: Volcarona|72/100
|
|t:|1757064186
|switch|p2b: Ursaluna|Ursaluna, L50, F|100/100|[from] U-turn
|move|p2a: Farigiraf|Trick Room|p2a: Farigiraf
|-fieldstart|move: Trick Room|[of] p2a: Farigiraf
|
|-status|p2b: Ursaluna|brn|[from] item: Flame Orb
|upkeep
|turn|2
|
|t:|1757064205
|move|p1b: Electabuzz|Protect|p1b: Electabuzz
|-singleturn|p1b: Electabuzz|Protect
|move|p1a: Volcarona|Protect|p1a: Volcarona
|-singleturn|p1a: Volcarona|Protect
|move|p2b: Ursaluna|Earthquake|p1a: Volcarona|[spread] p2a
|-activate|p1a: Volcarona|move: Protect
|-activate|p1b: Electabuzz|move: Protect
|-damage|p2a: Farigiraf|44/100
|move|p2a: Farigiraf|Hyper Voice|p1a: Volcarona|[spread] 
|-activate|p1a: Volcarona|move: Protect
|-activate|p1b: Electabuzz|move: Protect
|
|-damage|p2b: Ursaluna|95/100 brn|[from] brn
|upkeep
|turn|3
|
|t:|1757064229
|switch|p1a: Dragonite|Dragonite, L50, M|100/100
|move|p2a: Farigiraf|Protect|p2a: Farigiraf
|-singleturn|p2a: Farigiraf|Protect
|move|p2b: Ursaluna|Earthquake|p1a: Dragonite|[spread] p1b
|-activate|p2a: Farigiraf|move: Protect
|-immune|p1a: Dragonite
|-supereffective|p1b: Electabuzz
|-damage|p1b: Electabuzz|0 fnt
|faint|p1b: Electabuzz
|
|-damage|p2b: Ursaluna|89/100 brn|[from] brn
|upkeep
|inactive|dambro222 has 30 seconds left.
|
|t:|1757064261
|switch|p1b: Volcarona|Volcarona, L50, F|72/100
|turn|4
|
|t:|1757064278
|switch|p2a: Venusaur|Venusaur, L50, M|100/100
|move|p2b: Ursaluna|Protect|p2b: Ursaluna
|-singleturn|p2b: Ursaluna|Protect
|move|p1b: Volcarona|Protect|p1b: Volcarona
|-singleturn|p1b: Volcarona|Protect
|move|p1a: Dragonite|Scale Shot|p2b: Ursaluna
|-activate|p2b: Ursaluna|move: Protect
|
|-damage|p2b: Ursaluna|83/100 brn|[from] brn
|upkeep
|turn|5
|inactive|dambro222 has 30 seconds left.
|
|t:|1757064303
|switch|p1b: Sneasler|Sneasler, L50, M|100/100
|move|p2b: Ursaluna|Facade|p1a: Dragonite
|-damage|p1a: Dragonite|32/100
|move|p2a: Venusaur|Sleep Powder|p1b: Sneasler|[miss]
|-miss|p2a: Venusaur|p1b: Sneasler
|move|p1a: Dragonite|Scale Shot|p2b: Ursaluna|[miss]
|-miss|p1a: Dragonite|p2b: Ursaluna
|
|-damage|p2b: Ursaluna|77/100 brn|[from] brn
|-fieldend|move: Trick Room
|upkeep
|turn|6
|inactive|dambro222 has 30 seconds left.
|
|t:|1757064329
|switch|p2b: Scizor|Scizor, L50, M|100/100
|move|p1b: Sneasler|Dire Claw|p2a: Venusaur
|-damage|p2a: Venusaur|57/100
|move|p1a: Dragonite|Scale Shot|p2b: Scizor
|-resisted|p2b: Scizor
|-damage|p2b: Scizor|91/100
|-resisted|p2b: Scizor
|-damage|p2b: Scizor|83/100
|-resisted|p2b: Scizor
|-damage|p2b: Scizor|74/100
|-resisted|p2b: Scizor
|-damage|p2b: Scizor|64/100
|-resisted|p2b: Scizor
|-damage|p2b: Scizor|56/100
|-hitcount|p2b: Scizor|5
|-unboost|p1a: Dragonite|def|1
|-boost|p1a: Dragonite|spe|1
|move|p2a: Venusaur|Sludge Bomb|p1a: Dragonite
|-damage|p1a: Dragonite|0 fnt
|faint|p1a: Dragonite
|
|upkeep
|
|t:|1757064337
|switch|p1a: Volcarona|Volcarona, L50, F|72/100
|turn|7
|inactive|LemonLimeScizor has 30 seconds left.
|inactive|dambro222 has 30 seconds left.
|inactive|LemonLimeScizor has 20 seconds left.
|
|t:|1757064382
|move|p1b: Sneasler|Dire Claw|p2a: Venusaur
|-damage|p2a: Venusaur|17/100
|move|p1a: Volcarona|Heat Wave|p2b: Scizor|[spread] p2a,p2b
|-supereffective|p2a: Venusaur
|-supereffective|p2b: Scizor
|-damage|p2a: Venusaur|0 fnt
|-damage|p2b: Scizor|0 fnt
|faint|p2a: Venusaur
|faint|p2b: Scizor
|
|upkeep
|
|t:|1757064390
|switch|p2b: Farigiraf|Farigiraf, L50, F|44/100
|switch|p2a: Ursaluna|Ursaluna, L50, F|77/100 brn
|turn|8
|inactive|dambro222 has 30 seconds left.
|inactive|dambro222 has 20 seconds left.
|inactive|dambro222 has 15 seconds left.
|
|t:|1757064434
|-terastallize|p2a: Ursaluna|Ghost
|move|p2b: Farigiraf|Protect|p2b: Farigiraf
|-singleturn|p2b: Farigiraf|Protect
|move|p1b: Sneasler|Dire Claw|p2b: Farigiraf
|-activate|p2b: Farigiraf|move: Protect
|move|p1a: Volcarona|Heat Wave|p2b: Farigiraf|[spread] p2a
|-activate|p2b: Farigiraf|move: Protect
|-crit|p2a: Ursaluna
|-damage|p2a: Ursaluna|27/100 brn
|move|p2a: Ursaluna|Earthquake|p1b: Sneasler|[spread] p1a,p1b
|-activate|p2b: Farigiraf|move: Protect
|-supereffective|p1b: Sneasler
|-damage|p1a: Volcarona|0 fnt
|-enditem|p1b: Sneasler|Focus Sash
|-damage|p1b: Sneasler|1/100
|faint|p1a: Volcarona
|
|-damage|p2a: Ursaluna|21/100 brn|[from] brn
|upkeep
|turn|9
|
|t:|1757064456
|-terastallize|p1b: Sneasler|Stellar
|move|p1b: Sneasler|Rock Slide|p2b: Farigiraf|[spread] p2a,p2b
|-damage|p2a: Ursaluna|4/100 brn
|-damage|p2b: Farigiraf|22/100
|cant|p2b: Farigiraf|flinch
|cant|p2a: Ursaluna|flinch
|
|-damage|p2a: Ursaluna|0 fnt|[from] brn
|faint|p2a: Ursaluna
|upkeep
|turn|10
|c|â˜†LemonLimeScizor|crazy
|c|â˜†dambro222|sorry
|
|t:|1757064474
|move|p1b: Sneasler|Close Combat|p2b: Farigiraf
|-damage|p2b: Farigiraf|0 fnt
|-unboost|p1b: Sneasler|def|1
|-unboost|p1b: Sneasler|spd|1
|faint|p2b: Farigiraf
|
|win|dambro222
||dambro222 is ready for game 2.
|c|â˜†LemonLimeScizor|its okay
||LemonLimeScizor is ready for game 2.
|uhtml|next|Next: Game 2 of 3
