|j|☆joyfulwizard
|j|☆ShinyHonkrow
|html|joyfulwizardShinyHonkrow    
|uhtml|bestof|Game 1 of a best-of-3
|t:|1782239683
|gametype|doubles
|player|p1|joyfulwizard|2|1068
|player|p2|ShinyHonkrow|unknown|1041
|gen|9
|tier|[Gen 9 Champions] VGC 2026 Reg M-B (Bo3)
|rated|
|rule|Species Clause: Limit one of each Pokémon
|rule|Item Clause: Limit 1 of each item
|clearpoke
|poke|p1|Politoed, L50, M|
|poke|p1|Gengar, L50, F, shiny|
|poke|p1|Sinistcha, L50|
|poke|p1|Incineroar, L50, F|
|poke|p1|Scrafty, L50, F|
|poke|p1|Floette-Eternal, L50, F|
|poke|p2|Mawile, L50, M, shiny|
|poke|p2|Farigiraf, L50, F, shiny|
|poke|p2|Toxapex, L50, F|
|poke|p2|Torkoal, L50, M|
|poke|p2|Runerigus, L50, M|
|poke|p2|Snorlax, L50, F|
|teampreview|4
|showteam|p1|Politoed||SitrusBerry|Drizzle|Protect,WeatherBall,IcyWind,Encore|Modest||M|||50|]Gengar||Gengarite|CursedBody|PerishSong,ShadowBall,Disable,Protect|Timid||F|||50|]Sinistcha||KasibBerry|Hospitality|MatchaGotcha,TrickRoom,RagePowder,Protect|Modest|||||50|]Incineroar||PasshoBerry|Intimidate|Protect,FakeOut,PartingShot,DarkestLariat|Careful||F|||50|]Scrafty||FocusSash|Intimidate|Protect,FakeOut,KnockOff,CloseCombat|Adamant||F|||50|]Floette-Eternal||Floettite|FlowerVeil|Protect,DrainingKiss,CalmMind,DazzlingGleam|Modest||F|||50|
|showteam|p2|Mawile||Mawilite|Intimidate|PlayRough,SuckerPunch,IronHead,Protect|Brave||M|||50|]Farigiraf||FocusSash|ArmorTail|HyperBeam,TwinBeam,NastyPlot,TrickRoom|Quiet||F|||50|]Toxapex||Leftovers|Merciless|Toxic,Infestation,RainDance,BanefulBunker|Sassy||F|||50|]Torkoal||LifeOrb|Drought|SolarBeam,Eruption,EarthPower,StealthRock|Quiet||M|||50|]Runerigus||KingsRock|WanderingSpirit|DestinyBond,Earthquake,PhantomForce,TrickRoom|Brave||M|||50|]Snorlax||SitrusBerry|Gluttony|BodySlam,Earthquake,ThunderPunch,SelfDestruct|Brave||F|||50|
|inactive|Battle timer is ON: inactive players will automatically lose when time's up. (requested by joyfulwizard)
|
|t:|1782239732
|teamsize|p1|4
|teamsize|p2|4
|start
|switch|p1a: Gengar|Gengar, L50, F, shiny|100/100
|switch|p1b: Scrafty|Scrafty, L50, F|100/100
|switch|p2a: Farigiraf|Farigiraf, L50, F, shiny|100/100
|switch|p2b: Toxapex|Toxapex, L50, F|100/100
|-ability|p1b: Scrafty|Intimidate|boost
|-unboost|p2a: Farigiraf|atk|1
|-unboost|p2b: Toxapex|atk|1
|turn|1
|
|t:|1782239745
|switch|p1a: Incineroar|Incineroar, L50, F|100/100
|-ability|p1a: Incineroar|Intimidate|boost
|-unboost|p2a: Farigiraf|atk|1
|-unboost|p2b: Toxapex|atk|1
|move|p2b: Toxapex|Baneful Bunker|p2b: Toxapex
|-singleturn|p2b: Toxapex|move: Protect
|move|p1b: Scrafty|Knock Off|p2a: Farigiraf
|-supereffective|p2a: Farigiraf|1
|-damage|p2a: Farigiraf|17/100
|-enditem|p2a: Farigiraf|Focus Sash|[from] move: Knock Off|[of] p1b: Scrafty
|move|p2a: Farigiraf|Trick Room|p2a: Farigiraf
|-fieldstart|move: Trick Room|[of] p2a: Farigiraf
|
|upkeep
|turn|2
|inactive|joyfulwizard has 30 seconds left.
|inactive|ShinyHonkrow has 30 seconds left.
|
|t:|1782239775
|switch|p2a: Runerigus|Runerigus, L50, M|100/100
|move|p2b: Toxapex|Infestation|p1b: Scrafty
|-damage|p1b: Scrafty|96/100
|-activate|p1b: Scrafty|move: Infestation|[of] p2b: Toxapex
|move|p1a: Incineroar|Darkest Lariat|p2a: Runerigus
|-supereffective|p2a: Runerigus|1
|-damage|p2a: Runerigus|44/100
|-activate|p1a: Incineroar|Skill Swap|Wandering Spirit|Intimidate|[of] p2a: Runerigus
|-ability|p2a: Runerigus|Intimidate|boost
|-unboost|p1a: Incineroar|atk|1
|-unboost|p1b: Scrafty|atk|1
|move|p1b: Scrafty|Knock Off|p2b: Toxapex
|-damage|p2b: Toxapex|75/100
|-enditem|p2b: Toxapex|Leftovers|[from] move: Knock Off|[of] p1b: Scrafty
|
|-damage|p1b: Scrafty|84/100|[from] move: Infestation|[partiallytrapped]
|upkeep
|turn|3
|
|t:|1782239799
|move|p2b: Toxapex|Baneful Bunker|p2b: Toxapex
|-singleturn|p2b: Toxapex|move: Protect
|move|p1a: Incineroar|Protect|p1a: Incineroar
|-singleturn|p1a: Incineroar|Protect
|move|p1b: Scrafty|Protect|p1b: Scrafty
|-singleturn|p1b: Scrafty|Protect
|move|p2a: Runerigus|Destiny Bond|p2a: Runerigus
|-singlemove|p2a: Runerigus|Destiny Bond
|
|-damage|p1b: Scrafty|72/100|[from] move: Infestation|[partiallytrapped]
|upkeep
|turn|4
|inactive|ShinyHonkrow has 30 seconds left.
|
|t:|1782239830
|move|p2a: Runerigus|Earthquake|p1a: Incineroar|[spread] p2b,p1a,p1b
|-supereffective|p2b: Toxapex|1
|-supereffective|p1a: Incineroar|1
|-damage|p2b: Toxapex|14/100
|-damage|p1a: Incineroar|28/100
|-damage|p1b: Scrafty|33/100
|move|p2b: Toxapex|Toxic|p1b: Scrafty
|-status|p1b: Scrafty|tox
|move|p1a: Incineroar|Parting Shot|p2b: Toxapex
|-unboost|p2b: Toxapex|atk|1
|-unboost|p2b: Toxapex|spa|1
|
|t:|1782239841
|switch|p1a: Sinistcha|Sinistcha, L50|100/100|[from] Parting Shot
|-heal|p1b: Scrafty|58/100 tox|[from] ability: Hospitality|[of] p1a: Sinistcha
|move|p1b: Scrafty|Knock Off|p2a: Runerigus
|-supereffective|p2a: Runerigus|1
|-damage|p2a: Runerigus|0 fnt
|-enditem|p2a: Runerigus|King's Rock|[from] move: Knock Off|[of] p1b: Scrafty
|faint|p2a: Runerigus
|
|-damage|p1b: Scrafty|52/100 tox|[from] psn
|-damage|p1b: Scrafty|40/100 tox|[from] move: Infestation|[partiallytrapped]
|upkeep
|
|t:|1782239853
|switch|p2a: Mawile|Mawile, L50, M, shiny|100/100
|-ability|p2a: Mawile|Intimidate|boost
|-unboost|p1a: Sinistcha|atk|1
|-unboost|p1b: Scrafty|atk|1
|turn|5
|
|t:|1782239864
|detailschange|p2a: Mawile|Mawile-Mega, L50, M, shiny
|-mega|p2a: Mawile|Mawile|Mawilite
|move|p2b: Toxapex|Baneful Bunker|p2b: Toxapex
|-singleturn|p2b: Toxapex|move: Protect
|move|p1a: Sinistcha|Rage Powder|p1a: Sinistcha
|-singleturn|p1a: Sinistcha|move: Rage Powder
|move|p2a: Mawile|Sucker Punch||[still]
|-fail|p2a: Mawile
|move|p1b: Scrafty|Knock Off|p2b: Toxapex
|-activate|p2b: Toxapex|move: Protect
|
|-damage|p1b: Scrafty|29/100 tox|[from] psn
|-damage|p1b: Scrafty|17/100 tox|[from] move: Infestation|[partiallytrapped]
|-fieldend|move: Trick Room
|upkeep
|turn|6
|
|t:|1782239881
|move|p1a: Sinistcha|Rage Powder|p1a: Sinistcha
|-singleturn|p1a: Sinistcha|move: Rage Powder
|move|p2a: Mawile|Sucker Punch||[still]
|-fail|p2a: Mawile
|move|p1b: Scrafty|Knock Off|p2b: Toxapex
|-damage|p2b: Toxapex|0 fnt
|faint|p2b: Toxapex
|
|-damage|p1b: Scrafty|1/100 tox|[from] psn
|-end|p1b: Scrafty|Infestation|[partiallytrapped]
|upkeep
|
|t:|1782239889
|switch|p2b: Farigiraf|Farigiraf, L50, F, shiny|17/100
|turn|7
|
|t:|1782239898
|move|p1a: Sinistcha|Rage Powder|p1a: Sinistcha
|-singleturn|p1a: Sinistcha|move: Rage Powder
|move|p1b: Scrafty|Knock Off|p2b: Farigiraf
|-supereffective|p2b: Farigiraf|1
|-damage|p2b: Farigiraf|0 fnt
|faint|p2b: Farigiraf
|move|p2a: Mawile|Play Rough|p1a: Sinistcha
|-damage|p1a: Sinistcha|26/100
|
|-damage|p1b: Scrafty|0 fnt|[from] psn
|faint|p1b: Scrafty
|upkeep
|
|t:|1782239903
|switch|p1b: Incineroar|Incineroar, L50, F|28/100
|-ability|p1b: Incineroar|Intimidate|boost
|-unboost|p2a: Mawile|atk|1
|turn|8
|
|t:|1782239916
|switch|p1a: Gengar|Gengar, L50, F, shiny|100/100
|move|p2a: Mawile|Protect|p2a: Mawile
|-singleturn|p2a: Mawile|Protect
|move|p1b: Incineroar|Fake Out|p2a: Mawile
|-activate|p2a: Mawile|move: Protect
|
|upkeep
|turn|9
|
|t:|1782239932
|move|p1a: Gengar|Protect|p1a: Gengar
|-singleturn|p1a: Gengar|Protect
|move|p2a: Mawile|Sucker Punch||[still]
|-fail|p2a: Mawile
|move|p1b: Incineroar|Parting Shot|p2a: Mawile
|-unboost|p2a: Mawile|atk|1
|-unboost|p2a: Mawile|spa|1
|
|t:|1782239938
|switch|p1b: Sinistcha|Sinistcha, L50|26/100|[from] Parting Shot
|
|upkeep
|turn|10
|
|t:|1782239960
|switch|p1b: Incineroar|Incineroar, L50, F|28/100
|-ability|p1b: Incineroar|Intimidate|boost
|-unboost|p2a: Mawile|atk|1
|detailschange|p1a: Gengar|Gengar-Mega, L50, F, shiny
|-mega|p1a: Gengar|Gengar|Gengarite
|move|p1a: Gengar|Shadow Ball|p2a: Mawile
|-damage|p2a: Mawile|42/100
|move|p2a: Mawile|Play Rough|p1b: Incineroar
|-damage|p1b: Incineroar|0 fnt
|faint|p1b: Incineroar
|
|upkeep
|
|t:|1782239970
|switch|p1b: Sinistcha|Sinistcha, L50|26/100
|turn|11
|
|t:|1782239992
|move|p2a: Mawile|Protect|p2a: Mawile
|-singleturn|p2a: Mawile|Protect
|move|p1b: Sinistcha|Rage Powder|p1b: Sinistcha
|-singleturn|p1b: Sinistcha|move: Rage Powder
|move|p1a: Gengar|Shadow Ball|p2a: Mawile
|-activate|p2a: Mawile|move: Protect
|
|upkeep
|turn|12
|
|t:|1782240000
|move|p1b: Sinistcha|Rage Powder|p1b: Sinistcha
|-singleturn|p1b: Sinistcha|move: Rage Powder
|move|p1a: Gengar|Shadow Ball|p2a: Mawile
|-damage|p2a: Mawile|0 fnt
|faint|p2a: Mawile
|
|win|joyfulwizard
||ShinyHonkrow is ready for game 2.
||joyfulwizard is ready for game 2.
|uhtml|next|Next: Game 2 of 3
|l|☆ShinyHonkrow
|player|p2|
