|j|☆angrycanadagoose
|j|☆umbreoffxd
|html|angrycanadagooseumbreoffxd    
|uhtml|bestof|Game 3 of a best-of-3
|t:|1757021602
|gametype|doubles
|player|p1|angrycanadagoose|102|1062
|player|p2|umbreoffxd|ingo-hisui|1053
|gen|9
|tier|[Gen 9] VGC 2025 Reg H (Bo3)
|rated|
|rule|Species Clause: Limit one of each Pokémon
|rule|Item Clause: Limit 1 of each item
|clearpoke
|poke|p1|Electabuzz, L50, M|
|poke|p1|Indeedee, L50, M|
|poke|p1|Sneasler, L50, M|
|poke|p1|Ursaluna-Bloodmoon, L50, M|
|poke|p1|Talonflame, L50, F|
|poke|p1|Incineroar, L50, M|
|poke|p2|Ninetales-Alola, L50, M|
|poke|p2|Ursaluna-Bloodmoon, L50, M|
|poke|p2|Baxcalibur, L50, M|
|poke|p2|Incineroar, L50, F|
|poke|p2|Whimsicott, L50, F|
|poke|p2|Gholdengo, L50|
|teampreview|4
|showteam|p1|Electabuzz||Eviolite|VitalSpirit|Electroweb,FollowMe,Taunt,Protect|||M|||50|,,,,,Dragon]Indeedee||FocusSash|PsychicSurge|ExpandingForce,HelpingHand,Protect,TrickRoom|||M|||50|,,,,,Psychic]Sneasler||PsychicSeed|Unburden|DireClaw,CloseCombat,ThroatChop,Protect|||M|||50|,,,,,Dark]Ursaluna-Bloodmoon||LifeOrb|MindsEye|BloodMoon,HyperVoice,EarthPower,Protect|||M|||50|,,,,,Normal]Talonflame||CovertCloak|GaleWings|FlareBlitz,DualWingbeat,WillOWisp,Tailwind|||F|||50|,,,,,Steel]Incineroar||SafetyGoggles|Intimidate|FlareBlitz,KnockOff,PartingShot,FakeOut|||M|||50|,,,,,Ghost
|showteam|p2|Ninetales-Alola||FocusSash|SnowWarning|FreezeDry,Blizzard,AuroraVeil,Protect|||M|||50|,,,,,Ghost]Ursaluna-Bloodmoon||SilkScarf|MindsEye|BloodMoon,EarthPower,HyperVoice,Protect|||M|||50|,,,,,Water]Baxcalibur||LoadedDice|ThermalExchange|IcicleSpear,ScaleShot,IceShard,Protect|||M|||50|,,,,,Ghost]Incineroar||AssaultVest|Intimidate|Uturn,FakeOut,FlareBlitz,KnockOff|||F|||50|,,,,,Ghost]Whimsicott||CovertCloak|Prankster|Moonblast,Encore,Tailwind,MistyTerrain|||F|||50|,,,,,Steel]Gholdengo||LifeOrb|GoodasGold|MakeItRain,ShadowBall,NastyPlot,Protect||||||50|,,,,,Water
|inactive|Battle timer is ON: inactive players will automatically lose when time's up. (requested by angrycanadagoose)
|
|t:|1757021642
|teamsize|p1|4
|teamsize|p2|4
|start
|switch|p1a: Incineroar|Incineroar, L50, M|100/100
|switch|p1b: Ursaluna|Ursaluna-Bloodmoon, L50, M|100/100
|switch|p2a: Whimsicott|Whimsicott, L50, F, shiny|100/100
|switch|p2b: Ursaluna|Ursaluna-Bloodmoon, L50, M|100/100
|-ability|p1a: Incineroar|Intimidate|boost
|-unboost|p2a: Whimsicott|atk|1
|-unboost|p2b: Ursaluna|atk|1
|turn|1
|inactive|angrycanadagoose has 30 seconds left.
|inactive|angrycanadagoose has 20 seconds left.
|inactive|umbreoffxd has 30 seconds left.
|inactive|angrycanadagoose has 15 seconds left.
|inactive|angrycanadagoose has 10 seconds left.
|
|t:|1757021688
|move|p1b: Ursaluna|Protect|p1b: Ursaluna
|-singleturn|p1b: Ursaluna|Protect
|move|p2a: Whimsicott|Tailwind|p2a: Whimsicott
|-sidestart|p2: umbreoffxd|move: Tailwind
|move|p2b: Ursaluna|Blood Moon|p1a: Incineroar
|-damage|p1a: Incineroar|17/100
|move|p1a: Incineroar|Flare Blitz|p2a: Whimsicott
|-supereffective|p2a: Whimsicott
|-damage|p2a: Whimsicott|0 fnt
|faint|p2a: Whimsicott
|-damage|p1a: Incineroar|0 fnt|[from] Recoil
|faint|p1a: Incineroar
|
|upkeep
|
|t:|1757021706
|switch|p2a: Baxcalibur|Baxcalibur, L50, M, shiny|100/100
|switch|p1a: Sneasler|Sneasler, L50, M|100/100
|turn|2
|inactive|angrycanadagoose has 30 seconds left.
|inactive|angrycanadagoose has 20 seconds left.
|
|t:|1757021746
|-terastallize|p2a: Baxcalibur|Ghost
|-terastallize|p1b: Ursaluna|Normal
|move|p1a: Sneasler|Protect|p1a: Sneasler
|-singleturn|p1a: Sneasler|Protect
|move|p2a: Baxcalibur|Icicle Spear|p1b: Ursaluna
|-damage|p1b: Ursaluna|86/100
|-damage|p1b: Ursaluna|73/100
|-damage|p1b: Ursaluna|61/100
|-damage|p1b: Ursaluna|50/100
|-hitcount|p1b: Ursaluna|4
|move|p2b: Ursaluna|Earth Power|p1a: Sneasler
|-activate|p1a: Sneasler|move: Protect
|move|p1b: Ursaluna|Hyper Voice|p2a: Baxcalibur|[spread] p2a,p2b
|-damage|p2a: Baxcalibur|22/100
|-damage|p2b: Ursaluna|29/100
|-damage|p1b: Ursaluna|40/100|[from] item: Life Orb
|
|upkeep
|turn|3
|inactive|angrycanadagoose has 30 seconds left.
|inactive|umbreoffxd has 30 seconds left.
|inactive|angrycanadagoose has 20 seconds left.
|inactive|umbreoffxd has 20 seconds left.
|inactive|angrycanadagoose has 15 seconds left.
|inactive|umbreoffxd has 15 seconds left.
|
|t:|1757021787
|switch|p1a: Indeedee|Indeedee, L50, M|100/100
|-fieldstart|move: Psychic Terrain|[from] ability: Psychic Surge|[of] p1a: Indeedee
|move|p1b: Ursaluna|Protect|p1b: Ursaluna
|-singleturn|p1b: Ursaluna|Protect
|move|p2a: Baxcalibur|Icicle Spear|p1b: Ursaluna
|-activate|p1b: Ursaluna|move: Protect
|move|p2b: Ursaluna|Earth Power|p1a: Indeedee
|-damage|p1a: Indeedee|38/100
|
|upkeep
|turn|4
|inactive|umbreoffxd has 30 seconds left.
|
|t:|1757021816
|move|p1a: Indeedee|Protect|p1a: Indeedee
|-singleturn|p1a: Indeedee|Protect
|move|p2a: Baxcalibur|Scale Shot|p1b: Ursaluna
|-damage|p1b: Ursaluna|27/100
|-damage|p1b: Ursaluna|15/100
|-damage|p1b: Ursaluna|2/100
|-damage|p1b: Ursaluna|0 fnt
|faint|p1b: Ursaluna
|-hitcount|p1: Ursaluna|4
|-unboost|p2a: Baxcalibur|def|1
|-boost|p2a: Baxcalibur|spe|1
|move|p2b: Ursaluna|Blood Moon|p1a: Indeedee
|-activate|p1a: Indeedee|move: Protect
|
|-sideend|p2: umbreoffxd|move: Tailwind
|upkeep
|
|t:|1757021831
|switch|p1b: Sneasler|Sneasler, L50, M|100/100
|-enditem|p1b: Sneasler|Psychic Seed
|-boost|p1b: Sneasler|spd|1|[from] item: Psychic Seed
|turn|5
|
|t:|1757021839
|move|p2a: Baxcalibur|Protect|p2a: Baxcalibur
|-singleturn|p2a: Baxcalibur|Protect
|move|p2b: Ursaluna|Protect|p2b: Ursaluna
|-singleturn|p2b: Ursaluna|Protect
|move|p1b: Sneasler|Throat Chop|p2a: Baxcalibur
|-activate|p2a: Baxcalibur|move: Protect
|move|p1a: Indeedee|Expanding Force|p2a: Baxcalibur|[spread] 
|-activate|p2a: Baxcalibur|move: Protect
|-activate|p2b: Ursaluna|move: Protect
|
|upkeep
|turn|6
|inactive|umbreoffxd has 30 seconds left.
|inactive|umbreoffxd has 20 seconds left.
|inactive|umbreoffxd has 15 seconds left.
|
|t:|1757021881
|move|p2b: Ursaluna|Protect||[still]
|-fail|p2b: Ursaluna
|move|p2a: Baxcalibur|Ice Shard|p1a: Indeedee
|-activate|p1a: Indeedee|move: Psychic Terrain
|move|p1b: Sneasler|Dire Claw|p2a: Baxcalibur
|-resisted|p2a: Baxcalibur
|-damage|p2a: Baxcalibur|0 fnt
|faint|p2a: Baxcalibur
|move|p1a: Indeedee|Expanding Force|p2b: Ursaluna
|-damage|p2b: Ursaluna|0 fnt
|faint|p2b: Ursaluna
|
|upkeep
|
|t:|1757021886
|switch|p2b: Ninetales|Ninetales-Alola, L50, M, shiny|100/100
|-weather|Snowscape|[from] ability: Snow Warning|[of] p2b: Ninetales
|turn|7
|
|t:|1757021901
|move|p1b: Sneasler|Dire Claw|p2b: Ninetales
|-supereffective|p2b: Ninetales
|-damage|p2b: Ninetales|7/100
|move|p2b: Ninetales|Blizzard|p1a: Indeedee|[spread] p1a,p1b
|-crit|p1b: Sneasler
|-damage|p1a: Indeedee|0 fnt
|-damage|p1b: Sneasler|40/100
|faint|p1a: Indeedee
|
|-weather|Snowscape|[upkeep]
|-fieldend|move: Psychic Terrain
|upkeep
|turn|8
|
|t:|1757021910
|move|p1b: Sneasler|Dire Claw|p2b: Ninetales
|-supereffective|p2b: Ninetales
|-damage|p2b: Ninetales|0 fnt
|faint|p2b: Ninetales
|
|win|angrycanadagoose
|raw|angrycanadagoose's rating: 1062 → 1092(+30 for winning)
|raw|umbreoffxd's rating: 1053 → 1036(-17 for losing)
|l|☆umbreoffxd
|player|p2|
|j|☆umbreoffxd
|player|p2|umbreoffxd|ingo-hisui|
