|j|☆Piccius
|j|☆TeyOnTheRox
|html|PicciusTeyOnTheRox    
|uhtml|bestof|Game 2 of a best-of-3
|t:|1757916474
|gametype|doubles
|player|p1|Piccius|rancher|1205
|player|p2|TeyOnTheRox|benga|1327
|gen|9
|tier|[Gen 9] VGC 2025 Reg H (Bo3)
|rated|
|rule|Species Clause: Limit one of each Pokémon
|rule|Item Clause: Limit 1 of each item
|clearpoke
|poke|p1|Weezing, L50, F|
|poke|p1|Incineroar, L50, F|
|poke|p1|Dragapult, L50, F|
|poke|p1|Ursaluna-Bloodmoon, L50, M|
|poke|p1|Toedscruel, L50, F|
|poke|p1|Kilowattrel, L50, F|
|poke|p2|Tyranitar, L50, F|
|poke|p2|Excadrill, L50, M|
|poke|p2|Sneasler, L50, F|
|poke|p2|Indeedee, L50, M|
|poke|p2|Corviknight, L50, F|
|poke|p2|Annihilape, L50, M|
|teampreview|4
|showteam|p1|Weezing||SitrusBerry|NeutralizingGas|SludgeBomb,WillOWisp,Taunt,Protect|||F|||50|,,,,,Grass]Incineroar||AbilityShield|Intimidate|KnockOff,FlareBlitz,PartingShot,FakeOut|||F|||50|,,,,,Ghost]Dragapult||ChoiceBand|ClearBody|DragonDarts,PhantomForce,Outrage,Uturn|||F|||50|,,,,,Dragon]Ursaluna-Bloodmoon||AssaultVest|MindsEye|HyperVoice,EarthPower,VacuumWave,BloodMoon|||M|||50|,,,,,Water]Toedscruel||CovertCloak|MyceliumMight|EarthPower,EnergyBall,Spore,RagePowder|||F|||50|,,,,,Water]Kilowattrel||FocusSash|Competitive|Tailwind,AirSlash,Electroweb,Protect|||F|||50|,,,,,Ghost
|showteam|p2|Tyranitar||AssaultVest|SandStream|RockSlide,KnockOff,TeraBlast,LowKick|||F|||50|,,,,,Flying]Excadrill||FocusSash|SandRush|IronHead,HighHorsepower,Earthquake,Protect|||M|||50|,,,,,Stellar]Sneasler||PsychicSeed|Unburden|DireClaw,CloseCombat,ThroatChop,Protect|||F|||50|,,,,,Dark]Indeedee||ChoiceScarf|PsychicSurge|ExpandingForce,TeraBlast,Protect,Trick|||M|||50|,,,,,Psychic]Corviknight||Leftovers|MirrorArmor|BraveBird,BulkUp,Roost,Tailwind|||F|||50|,,,,,Dragon]Annihilape||SafetyGoggles|Defiant|CloseCombat,FinalGambit,RageFist,Taunt|||M|||50|,,,,,Water
|
|t:|1757916505
|teamsize|p1|4
|teamsize|p2|4
|start
|switch|p1a: Weezing|Weezing, L50, F|100/100
|switch|p1b: Dragapult|Dragapult, L50, F|100/100
|switch|p2a: Doc Hudson|Tyranitar, L50, F, shiny|100/100
|switch|p2b: Mack|Corviknight, L50, F|100/100
|-ability|p1a: Weezing|Neutralizing Gas
|turn|1
|
|t:|1757916529
|switch|p1b: Incineroar|Incineroar, L50, F|100/100
|-ability|p1b: Incineroar|Intimidate|boost
|-unboost|p2a: Doc Hudson|atk|1
|-unboost|p2b: Mack|atk|1
|move|p2a: Doc Hudson|Knock Off|p1a: Weezing
|-damage|p1a: Weezing|64/100
|-enditem|p1a: Weezing|Sitrus Berry|[from] move: Knock Off|[of] p2a: Doc Hudson
|move|p2b: Mack|Tailwind|p2b: Mack
|-sidestart|p2: TeyOnTheRox|move: Tailwind
|move|p1a: Weezing|Will-O-Wisp|p2a: Doc Hudson
|-status|p2a: Doc Hudson|brn
|
|-damage|p2a: Doc Hudson|95/100 brn|[from] brn
|upkeep
|turn|2
|
|t:|1757916558
|move|p1b: Incineroar|Fake Out|p2b: Mack
|-resisted|p2b: Mack
|-damage|p2b: Mack|96/100
|move|p2a: Doc Hudson|Rock Slide|p1a: Weezing|[spread] p1a,p1b
|-supereffective|p1b: Incineroar
|-damage|p1a: Weezing|54/100
|-damage|p1b: Incineroar|83/100
|cant|p2b: Mack|flinch
|cant|p1a: Weezing|flinch
|
|-heal|p2b: Mack|100/100|[from] item: Leftovers
|-damage|p2a: Doc Hudson|89/100 brn|[from] brn
|upkeep
|turn|3
|
|t:|1757916575
|switch|p1b: Kilowattrel|Kilowattrel, L50, F|100/100
|move|p2a: Doc Hudson|Rock Slide|p1a: Weezing|[spread] p1a,p1b
|-supereffective|p1b: Kilowattrel
|-damage|p1a: Weezing|45/100
|-damage|p1b: Kilowattrel|63/100
|move|p2b: Mack|Brave Bird|p1a: Weezing
|-damage|p1a: Weezing|18/100
|-damage|p2b: Mack|93/100|[from] Recoil
|cant|p1a: Weezing|flinch
|
|-heal|p2b: Mack|99/100|[from] item: Leftovers
|-damage|p2a: Doc Hudson|83/100 brn|[from] brn
|upkeep
|turn|4
|
|t:|1757916595
|move|p1a: Weezing|Protect|p1a: Weezing
|-singleturn|p1a: Weezing|Protect
|move|p2a: Doc Hudson|Rock Slide|p1b: Kilowattrel|[spread] p1b
|-activate|p1a: Weezing|move: Protect
|-supereffective|p1b: Kilowattrel
|-damage|p1b: Kilowattrel|23/100
|move|p1b: Kilowattrel|Electroweb|p2a: Doc Hudson|[spread] p2a,p2b
|-supereffective|p2b: Mack
|-damage|p2a: Doc Hudson|72/100 brn
|-damage|p2b: Mack|60/100
|-unboost|p2a: Doc Hudson|spe|1
|-unboost|p2b: Mack|spe|1
|move|p2b: Mack|Brave Bird|p1a: Weezing
|-activate|p1a: Weezing|move: Protect
|
|-heal|p2b: Mack|66/100|[from] item: Leftovers
|-damage|p2a: Doc Hudson|66/100 brn|[from] brn
|-sideend|p2: TeyOnTheRox|move: Tailwind
|upkeep
|turn|5
|
|t:|1757916627
|move|p1b: Kilowattrel|Air Slash|p2b: Mack
|-resisted|p2b: Mack
|-damage|p2b: Mack|50/100
|move|p1a: Weezing|Will-O-Wisp|p2b: Mack
|-status|p2b: Mack|brn
|move|p2a: Doc Hudson|Rock Slide|p1a: Weezing|[spread] p1a,p1b
|-supereffective|p1b: Kilowattrel
|-damage|p1a: Weezing|9/100
|-damage|p1b: Kilowattrel|0 fnt
|faint|p1b: Kilowattrel
|cant|p2b: Mack|flinch
|
|-heal|p2b: Mack|56/100 brn|[from] item: Leftovers
|-damage|p2a: Doc Hudson|60/100 brn|[from] brn
|-damage|p2b: Mack|50/100 brn|[from] brn
|upkeep
|
|t:|1757916633
|switch|p1b: Dragapult|Dragapult, L50, F|100/100
|turn|6
|
|t:|1757916660
|move|p1a: Weezing|Protect|p1a: Weezing
|-singleturn|p1a: Weezing|Protect
|move|p1b: Dragapult|Dragon Darts|p2b: Mack
|-resisted|p2b: Mack
|-damage|p2b: Mack|35/100 brn
|-anim|p1b: Dragapult|Dragon Darts|p2a: Doc Hudson
|-crit|p2a: Doc Hudson
|-damage|p2a: Doc Hudson|6/100 brn
|move|p2a: Doc Hudson|Knock Off|p1b: Dragapult
|-supereffective|p1b: Dragapult
|-damage|p1b: Dragapult|52/100
|-enditem|p1b: Dragapult|Choice Band|[from] move: Knock Off|[of] p2a: Doc Hudson
|move|p2b: Mack|Brave Bird|p1a: Weezing
|-activate|p1a: Weezing|move: Protect
|
|-heal|p2b: Mack|41/100 brn|[from] item: Leftovers
|-damage|p2a: Doc Hudson|0 fnt|[from] brn
|faint|p2a: Doc Hudson
|-damage|p2b: Mack|35/100 brn|[from] brn
|upkeep
|
|t:|1757916681
|switch|p2a: Tow Mater|Excadrill, L50, M|100/100
|turn|7
|
|t:|1757916699
|-end|p1a: Weezing|ability: Neutralizing Gas
|switch|p1a: Incineroar|Incineroar, L50, F|83/100
|-ability|p1a: Incineroar|Intimidate|boost
|-unboost|p2a: Tow Mater|atk|1
|-ability|p2b: Mack|Mirror Armor
|-unboost|p1a: Incineroar|atk|1
|move|p1b: Dragapult|Phantom Force||[still]
|-prepare|p1b: Dragapult|Phantom Force
|move|p2a: Tow Mater|Earthquake|p1b: Dragapult|[spread] p1a
|-miss|p2a: Tow Mater|p1b: Dragapult
|-immune|p2b: Mack
|-supereffective|p1a: Incineroar
|-damage|p1a: Incineroar|38/100
|move|p2b: Mack|Tailwind|p2b: Mack
|-sidestart|p2: TeyOnTheRox|move: Tailwind
|
|-heal|p2b: Mack|41/100 brn|[from] item: Leftovers
|-damage|p2b: Mack|35/100 brn|[from] brn
|upkeep
|turn|8
|
|t:|1757916737
|switch|p2b: Chicks Hicks|Annihilape, L50, M|100/100
|move|p2a: Tow Mater|Protect|p2a: Tow Mater
|-singleturn|p2a: Tow Mater|Protect
|move|p1a: Incineroar|Fake Out|p2b: Chicks Hicks
|-immune|p2b: Chicks Hicks
|move|p1b: Dragapult|Phantom Force|p2b: Chicks Hicks|[from] lockedmove
|-supereffective|p2b: Chicks Hicks
|-damage|p2b: Chicks Hicks|16/100
|
|upkeep
|turn|9
|
|t:|1757916764
|switch|p2b: Mack|Corviknight, L50, F|35/100 brn
|-terastallize|p2a: Tow Mater|Stellar
|move|p2a: Tow Mater|Earthquake|p1a: Incineroar|[spread] p1a,p1b
|-immune|p2b: Mack
|-supereffective|p1a: Incineroar
|-damage|p1a: Incineroar|0 fnt
|-damage|p1b: Dragapult|2/100
|faint|p1a: Incineroar
|move|p1b: Dragapult|Dragon Darts|p2b: Mack
|-resisted|p2b: Mack
|-damage|p2b: Mack|25/100 brn
|-anim|p1b: Dragapult|Dragon Darts|p2a: Tow Mater
|-resisted|p2a: Tow Mater
|-damage|p2a: Tow Mater|84/100
|
|-heal|p2b: Mack|31/100 brn|[from] item: Leftovers
|-damage|p2b: Mack|25/100 brn|[from] brn
|upkeep
|
|t:|1757916777
|switch|p1a: Weezing|Weezing, L50, F|9/100
|-ability|p1a: Weezing|Neutralizing Gas
|turn|10
|
|t:|1757916795
|-terastallize|p1b: Dragapult|Dragon
|move|p2a: Tow Mater|Earthquake|p1b: Dragapult|[spread] p1a,p1b
|-immune|p2b: Mack
|-supereffective|p1a: Weezing
|-damage|p1a: Weezing|0 fnt
|-damage|p1b: Dragapult|0 fnt
|faint|p1a: Weezing
|-end|p1a: Weezing|ability: Neutralizing Gas
|faint|p1b: Dragapult
|
|win|TeyOnTheRox
|raw|Piccius's rating: 1205 → 1188(-17 for losing)
|raw|TeyOnTheRox's rating: 1327 → 1340(+13 for winning)
