|j|☆vuelve chusooo
|j|☆kheld
|html|vuelve chusoookheld    
|uhtml|bestof|Game 1 of a best-of-3
|t:|1783357082
|gametype|doubles
|player|p1|vuelve chusooo|fisherman-gen4|1093
|player|p2|kheld|170|1203
|gen|9
|tier|[Gen 9 Champions] VGC 2026 Reg M-B (Bo3)
|rated|
|rule|Species Clause: Limit one of each Pokémon
|rule|Item Clause: Limit 1 of each item
|clearpoke
|poke|p1|Whimsicott, L50, M|
|poke|p1|Swampert, L50, F|
|poke|p1|Pelipper, L50, F|
|poke|p1|Archaludon, L50, F|
|poke|p1|Floette-Eternal, L50, F|
|poke|p1|Basculegion, L50, M|
|poke|p2|Blastoise, L50, F|
|poke|p2|Delphox, L50, M|
|poke|p2|Incineroar, L50, F|
|poke|p2|Sneasler, L50, M|
|poke|p2|Sinistcha, L50|
|poke|p2|Kingambit, L50, M|
|teampreview|4
|showteam|p1|Whimsicott||FocusSash|Prankster|Moonblast,Tailwind,Encore,Protect|Bold||M|||50|]Swampert||Swampertite|Torrent|WaveCrash,Earthquake,IcePunch,Protect|Adamant||F|||50|]Pelipper||SitrusBerry|Drizzle|WeatherBall,Hurricane,Tailwind,Protect|Modest||F|||50|]Archaludon||Leftovers|Stamina|DragonPulse,FlashCannon,ElectroShot,Protect|Modest||F|||50|]Floette-Eternal||Floettite|FlowerVeil|Moonblast,DazzlingGleam,LightofRuin,Protect|Modest||F|||50|]Basculegion||ChoiceScarf|Adaptability|WaveCrash,LastRespects,AquaJet,FlipTurn|Adamant||M|||50|
|showteam|p2|Blastoise||Blastoisinite|RainDish|DarkPulse,WaterSpout,ShellSmash,Protect|Modest||F|||50|]Delphox||Delphoxite|Blaze|HeatWave,Psychic,NastyPlot,Protect|Timid||M|||50|]Incineroar||SitrusBerry|Intimidate|FakeOut,PartingShot,FlareBlitz,HelpingHand|Impish||F|||50|]Sneasler||FocusSash|PoisonTouch|FakeOut,CloseCombat,PoisonJab,QuickGuard|Jolly||M|||50|]Sinistcha||KasibBerry|Hospitality|MatchaGotcha,TrickRoom,RagePowder,Protect|Impish|||||50|]Kingambit||LifeOrb|Defiant|KowtowCleave,SuckerPunch,SwordsDance,Protect|Adamant||M|||50|
|inactive|Battle timer is ON: inactive players will automatically lose when time's up. (requested by kheld)
|inactive|vuelve chusooo has 60 seconds left.
|
|t:|1783357214
|teamsize|p1|4
|teamsize|p2|4
|start
|switch|p1a: Basculegion|Basculegion, L50, M|100/100
|switch|p1b: Floette|Floette-Eternal, L50, F|100/100
|switch|p2a: Blastoise|Blastoise, L50, F|100/100
|switch|p2b: Sneasler|Sneasler, L50, M|100/100
|turn|1
|inactive|vuelve chusooo has 30 seconds left.
|inactive|kheld has 30 seconds left.
|inactive|vuelve chusooo has 20 seconds left.
|inactive|vuelve chusooo has 15 seconds left.
|inactive|vuelve chusooo has 10 seconds left.
|inactive|vuelve chusooo has 5 seconds left.
|
|t:|1783357267
|switch|p1b: Archaludon|Archaludon, L50, F|100/100
|detailschange|p2a: Blastoise|Blastoise-Mega, L50, F
|-mega|p2a: Blastoise|Blastoise|Blastoisinite
|move|p2b: Sneasler|Fake Out|p1b: Archaludon
|-resisted|p1b: Archaludon|1
|-damage|p1b: Archaludon|94/100
|-ability|p1b: Archaludon|Stamina|boost
|-boost|p1b: Archaludon|def|1
|move|p1a: Basculegion|Flip Turn|p2b: Sneasler
|-damage|p2b: Sneasler|32/100
|
|t:|1783357288
|switch|p1a: Floette|Floette-Eternal, L50, F|100/100|[from] Flip Turn
|move|p2a: Blastoise|Shell Smash|p2a: Blastoise
|-unboost|p2a: Blastoise|def|1
|-unboost|p2a: Blastoise|spd|1
|-boost|p2a: Blastoise|atk|2
|-boost|p2a: Blastoise|spa|2
|-boost|p2a: Blastoise|spe|2
|
|-heal|p1b: Archaludon|100/100|[from] item: Leftovers
|upkeep
|turn|2
|inactive|vuelve chusooo has 30 seconds left.
|inactive|vuelve chusooo has 20 seconds left.
|inactive|kheld has 30 seconds left.
|inactive|vuelve chusooo has 15 seconds left.
|
|t:|1783357329
|switch|p1a: Basculegion|Basculegion, L50, M|100/100
|move|p1b: Archaludon|Protect|p1b: Archaludon
|-singleturn|p1b: Archaludon|Protect
|move|p2a: Blastoise|Water Spout|p1a: Basculegion|[spread] p1a
|-activate|p1b: Archaludon|move: Protect
|-resisted|p1a: Basculegion|1
|-damage|p1a: Basculegion|17/100
|move|p2b: Sneasler|Close Combat|p1b: Archaludon
|-activate|p1b: Archaludon|move: Protect
|
|upkeep
|turn|3
|inactive|vuelve chusooo has 30 seconds left.
|inactive|kheld has 30 seconds left.
|inactive|vuelve chusooo has 20 seconds left.
|inactive|vuelve chusooo has 15 seconds left.
|inactive|vuelve chusooo has 10 seconds left.
|inactive|vuelve chusooo has 5 seconds left.
|
|t:|1783357384
|switch|p2b: Kingambit|Kingambit, L50, M|100/100
|move|p2a: Blastoise|Dark Pulse|p1b: Archaludon
|-damage|p1b: Archaludon|6/100
|-ability|p1b: Archaludon|Stamina|boost
|-boost|p1b: Archaludon|def|1
|move|p1a: Basculegion|Wave Crash|p2a: Blastoise
|-resisted|p2a: Blastoise|1
|-damage|p2a: Blastoise|37/100
|-damage|p1a: Basculegion|1/100|[from] Recoil
|move|p1b: Archaludon|Dragon Pulse|p2a: Blastoise
|-damage|p2a: Blastoise|0 fnt
|faint|p2a: Blastoise
|
|-heal|p1b: Archaludon|12/100|[from] item: Leftovers
|upkeep
|
|t:|1783357399
|switch|p2a: Sneasler|Sneasler, L50, M|32/100
|turn|4
|inactive|vuelve chusooo has 30 seconds left.
|inactive|vuelve chusooo has 20 seconds left.
|inactive|vuelve chusooo has 15 seconds left.
|inactive|vuelve chusooo has 10 seconds left.
|
|t:|1783357449
|move|p1b: Archaludon|Protect|p1b: Archaludon
|-singleturn|p1b: Archaludon|Protect
|move|p2b: Kingambit|Sucker Punch|p1a: Basculegion
|-supereffective|p1a: Basculegion|1
|-crit|p1a: Basculegion
|-damage|p1a: Basculegion|0 fnt
|faint|p1a: Basculegion
|-damage|p2b: Kingambit|90/100|[from] item: Life Orb
|move|p2a: Sneasler|Close Combat|p1b: Archaludon
|-activate|p1b: Archaludon|move: Protect
|
|-heal|p1b: Archaludon|18/100|[from] item: Leftovers
|upkeep
|
|t:|1783357459
|switch|p1a: Floette|Floette-Eternal, L50, F|100/100
|turn|5
|inactive|kheld has 30 seconds left.
|
|t:|1783357493
|detailschange|p1a: Floette|Floette-Mega, L50, F
|-mega|p1a: Floette|Floette|Floettite
|-ability|p1a: Floette|Fairy Aura
|move|p2a: Sneasler|Poison Jab|p1a: Floette
|-supereffective|p1a: Floette|1
|-damage|p1a: Floette|0 fnt
|faint|p1a: Floette
|move|p1b: Archaludon|Dragon Pulse|p2a: Sneasler
|-damage|p2a: Sneasler|0 fnt
|faint|p2a: Sneasler
|move|p2b: Kingambit|Swords Dance|p2b: Kingambit
|-boost|p2b: Kingambit|atk|2
|
|-heal|p1b: Archaludon|24/100|[from] item: Leftovers
|upkeep
|
|t:|1783357507
|switch|p2a: Sinistcha|Sinistcha, L50|100/100
|switch|p1a: Pelipper|Pelipper, L50, F|100/100
|-weather|RainDance|[from] ability: Drizzle|[of] p1a: Pelipper
|-heal|p2b: Kingambit|100/100|[from] ability: Hospitality|[of] p2a: Sinistcha
|turn|6
|
|t:|1783357526
|move|p2a: Sinistcha|Rage Powder|p2a: Sinistcha
|-singleturn|p2a: Sinistcha|move: Rage Powder
|move|p1b: Archaludon|Electro Shot||[still]
|-prepare|p1b: Archaludon|Electro Shot
|-boost|p1b: Archaludon|spa|1
|-anim|p1b: Archaludon|Electro Shot|p2a: Sinistcha
|-resisted|p2a: Sinistcha|1
|-damage|p2a: Sinistcha|71/100
|move|p1a: Pelipper|Hurricane|p2a: Sinistcha
|-supereffective|p2a: Sinistcha|1
|-damage|p2a: Sinistcha|0 fnt
|faint|p2a: Sinistcha
|move|p2b: Kingambit|Kowtow Cleave|p1b: Archaludon
|-damage|p1b: Archaludon|0 fnt
|faint|p1b: Archaludon
|-damage|p2b: Kingambit|90/100|[from] item: Life Orb
|
|-weather|RainDance|[upkeep]
|upkeep
|turn|7
|inactive|vuelve chusooo has 30 seconds left.
|
|t:|1783357552
|move|p2b: Kingambit|Sucker Punch|p1a: Pelipper
|-damage|p1a: Pelipper|0 fnt
|faint|p1a: Pelipper
|-damage|p2b: Kingambit|80/100|[from] item: Life Orb
|
|win|kheld
||kheld is ready for game 2.
||vuelve chusooo is ready for game 2.
|uhtml|next|Next: Game 2 of 3
