|j|☆palle synchro
|j|☆parmesanlugubre206
|html|palle synchroparmesanlugubre206    
|uhtml|bestof|Game 2 of a best-of-3
|t:|1783460185
|gametype|doubles
|player|p1|palle synchro|volkner|1416
|player|p2|parmesanlugubre206|ethan|1329
|gen|9
|tier|[Gen 9 Champions] VGC 2026 Reg M-B (Bo3)
|rated|
|rule|Species Clause: Limit one of each Pokémon
|rule|Item Clause: Limit 1 of each item
|clearpoke
|poke|p1|Swampert, L50, F|
|poke|p1|Pelipper, L50, F|
|poke|p1|Archaludon, L50, F, shiny|
|poke|p1|Maushold-Four, L50|
|poke|p1|Venusaur, L50, M|
|poke|p1|Charizard, L50, M, shiny|
|poke|p2|Charizard, L50, M|
|poke|p2|Venusaur, L50, M|
|poke|p2|Incineroar, L50, F|
|poke|p2|Farigiraf, L50, F|
|poke|p2|Torkoal, L50, M|
|poke|p2|Garchomp, L50, F|
|teampreview|4
|showteam|p1|Swampert||Swampertite|Torrent|WaveCrash,HighHorsepower,IcePunch,Protect|Adamant||F|||50|]Pelipper||SitrusBerry|Drizzle|WeatherBall,Hurricane,WideGuard,Tailwind|Modest||F|||50|]Archaludon||Leftovers|Stamina|DragonPulse,FlashCannon,ElectroShot,Protect|Modest||F|||50|]Maushold-Four||FocusSash|FriendGuard|SuperFang,FollowMe,RainDance,Protect|Timid|||||50|]Venusaur||LifeOrb|Chlorophyll|EnergyBall,SludgeBomb,EarthPower,Protect|Modest||M|||50|]Charizard||CharizarditeY|Blaze|WeatherBall,HeatWave,Hurricane,Protect|Modest||M|||50|
|showteam|p2|Charizard||CharizarditeY|Blaze|WeatherBall,HeatWave,SolarBeam,Protect|Modest||M|||50|]Venusaur||FocusSash|Chlorophyll|SolarBeam,SleepPowder,EarthPower,Protect|Modest||M|||50|]Incineroar||SitrusBerry|Intimidate|FlareBlitz,ThroatChop,PartingShot,FakeOut|Brave||F|||50|]Farigiraf||LifeOrb|ArmorTail|HyperVoice,Psychic,TrickRoom,Protect|Quiet||F|||50|]Torkoal||Charcoal|Drought|Eruption,SolarBeam,WeatherBall,Protect|Quiet||M|||50|]Garchomp||ChoiceScarf|RoughSkin|Earthquake,RockTomb,StompingTantrum,DragonClaw|Adamant||F|||50|
|inactive|Battle timer is ON: inactive players will automatically lose when time's up. (requested by parmesanlugubre206)
|
|t:|1783460206
|teamsize|p1|4
|teamsize|p2|4
|start
|switch|p1a: Charizard|Charizard, L50, M, shiny|100/100
|switch|p1b: Venusaur|Venusaur, L50, M|100/100
|switch|p2a: Farigiraf|Farigiraf, L50, F|100/100
|switch|p2b: Incineroar|Incineroar, L50, F|100/100
|-ability|p2b: Incineroar|Intimidate|boost
|-unboost|p1a: Charizard|atk|1
|-unboost|p1b: Venusaur|atk|1
|turn|1
|inactive|palle synchro has 30 seconds left.
|inactive|palle synchro has 20 seconds left.
|
|t:|1783460242
|switch|p1b: Archaludon|Archaludon, L50, F, shiny|100/100
|switch|p1a: Pelipper|Pelipper, L50, F|100/100
|-weather|RainDance|[from] ability: Drizzle|[of] p1a: Pelipper
|move|p2b: Incineroar|Fake Out|p1a: Pelipper
|-damage|p1a: Pelipper|85/100
|move|p2a: Farigiraf|Trick Room|p2a: Farigiraf
|-fieldstart|move: Trick Room|[of] p2a: Farigiraf
|
|-weather|RainDance|[upkeep]
|upkeep
|turn|2
|inactive|palle synchro has 30 seconds left.
|
|t:|1783460273
|switch|p1a: Charizard|Charizard, L50, M, shiny|100/100
|move|p2a: Farigiraf|Psychic|p1a: Charizard
|-damage|p1a: Charizard|33/100
|-damage|p2a: Farigiraf|90/100|[from] item: Life Orb
|move|p2b: Incineroar|Parting Shot|p1a: Charizard
|-unboost|p1a: Charizard|atk|1
|-unboost|p1a: Charizard|spa|1
|
|t:|1783460280
|switch|p2b: Torkoal|Torkoal, L50, M|100/100|[from] Parting Shot
|-weather|SunnyDay|[from] ability: Drought|[of] p2b: Torkoal
|move|p1b: Archaludon|Electro Shot||[still]
|-prepare|p1b: Archaludon|Electro Shot
|-boost|p1b: Archaludon|spa|1
|
|-weather|SunnyDay|[upkeep]
|upkeep
|turn|3
|
|t:|1783460295
|switch|p1a: Pelipper|Pelipper, L50, F|85/100
|-weather|RainDance|[from] ability: Drizzle|[of] p1a: Pelipper
|move|p2b: Torkoal|Protect|p2b: Torkoal
|-singleturn|p2b: Torkoal|Protect
|move|p2a: Farigiraf|Psychic|p1a: Pelipper
|-damage|p1a: Pelipper|13/100
|-enditem|p1a: Pelipper|Sitrus Berry|[eat]
|-heal|p1a: Pelipper|38/100|[from] item: Sitrus Berry
|-damage|p2a: Farigiraf|80/100|[from] item: Life Orb
|move|p1b: Archaludon|Electro Shot|p2b: Torkoal|[from] lockedmove
|-activate|p2b: Torkoal|move: Protect
|
|-weather|RainDance|[upkeep]
|upkeep
|turn|4
|
|t:|1783460309
|switch|p2b: Incineroar|Incineroar, L50, F|100/100
|-ability|p2b: Incineroar|Intimidate|boost
|-unboost|p1a: Pelipper|atk|1
|-unboost|p1b: Archaludon|atk|1
|switch|p1a: Charizard|Charizard, L50, M, shiny|33/100
|move|p2a: Farigiraf|Psychic|p1a: Charizard
|-damage|p1a: Charizard|0 fnt
|faint|p1a: Charizard
|-damage|p2a: Farigiraf|70/100|[from] item: Life Orb
|move|p1b: Archaludon|Electro Shot||[still]
|-prepare|p1b: Archaludon|Electro Shot
|-boost|p1b: Archaludon|spa|1
|-anim|p1b: Archaludon|Electro Shot|p2a: Farigiraf
|-damage|p2a: Farigiraf|0 fnt
|faint|p2a: Farigiraf
|
|-weather|RainDance|[upkeep]
|upkeep
|
|t:|1783460321
|switch|p2a: Charizard|Charizard, L50, M|100/100
|switch|p1a: Venusaur|Venusaur, L50, M|100/100
|turn|5
|
|t:|1783460337
|switch|p2a: Torkoal|Torkoal, L50, M|100/100
|-weather|SunnyDay|[from] ability: Drought|[of] p2a: Torkoal
|move|p2b: Incineroar|Flare Blitz|p1a: Venusaur
|-supereffective|p1a: Venusaur|1
|-damage|p1a: Venusaur|0 fnt
|faint|p1a: Venusaur
|-damage|p2b: Incineroar|74/100|[from] Recoil
|move|p1b: Archaludon|Dragon Pulse|p2b: Incineroar
|-damage|p2b: Incineroar|0 fnt
|faint|p2b: Incineroar
|
|-weather|SunnyDay|[upkeep]
|-fieldend|move: Trick Room
|upkeep
|
|t:|1783460343
|switch|p1a: Pelipper|Pelipper, L50, F|38/100
|switch|p2b: Charizard|Charizard, L50, M|100/100
|-weather|RainDance|[from] ability: Drizzle|[of] p1a: Pelipper
|turn|6
|
|t:|1783460358
|detailschange|p2b: Charizard|Charizard-Mega-Y, L50, M
|-mega|p2b: Charizard|Charizard|Charizardite Y
|-weather|SunnyDay|[from] ability: Drought|[of] p2b: Charizard
|move|p2b: Charizard|Solar Beam||[still]
|-prepare|p2b: Charizard|Solar Beam
|-anim|p2b: Charizard|Solar Beam|p1a: Pelipper
|-damage|p1a: Pelipper|0 fnt
|faint|p1a: Pelipper
|move|p1b: Archaludon|Dragon Pulse|p2a: Torkoal
|-damage|p2a: Torkoal|0 fnt
|faint|p2a: Torkoal
|
|-weather|SunnyDay|[upkeep]
|upkeep
|turn|7
|
|t:|1783460368
|move|p1b: Archaludon|Protect|p1b: Archaludon
|-singleturn|p1b: Archaludon|Protect
|move|p2b: Charizard|Weather Ball|p1b: Archaludon
|-activate|p1b: Archaludon|move: Protect
|
|-weather|SunnyDay|[upkeep]
|upkeep
|turn|8
|
|t:|1783460371
|move|p2b: Charizard|Weather Ball|p1b: Archaludon
|-crit|p1b: Archaludon
|-damage|p1b: Archaludon|0 fnt
|faint|p1b: Archaludon
|
|win|parmesanlugubre206
