|j|☆bl4ckdri
|j|☆jeanryupr
|html|bl4ckdrijeanryupr    
|uhtml|bestof|Game 1 of a best-of-3
|t:|1785166356
|gametype|doubles
|player|p1|bl4ckdri|266|1164
|player|p2|jeanryupr|265|1133
|gen|9
|tier|[Gen 9 Champions] VGC 2026 Reg M-B (Bo3)
|rated|
|rule|Species Clause: Limit one of each Pokémon
|rule|Item Clause: Limit 1 of each item
|clearpoke
|poke|p1|Corviknight, L50, M|
|poke|p1|Raichu, L50, M|
|poke|p1|Tyranitar, L50, F|
|poke|p1|Garchomp, L50, M|
|poke|p1|Sylveon, L50, M|
|poke|p1|Sinistcha, L50|
|poke|p2|Staraptor, L50, M|
|poke|p2|Glimmora, L50, F|
|poke|p2|Whimsicott, L50, F|
|poke|p2|Kingambit, L50, M|
|poke|p2|Garchomp, L50, M|
|poke|p2|Delphox, L50, M|
|teampreview|4
|showteam|p1|Corviknight||Leftovers|MirrorArmor|BraveBird,Protect,Tailwind,IronHead|Adamant||M|||50|]Raichu||RaichuniteY|Static|FakeOut,FocusBlast,ZapCannon,Protect|Timid||M|||50|]Tyranitar||FocusSash|SandStream|RockSlide,KnockOff,Superpower,Protect|Adamant||F|||50|]Garchomp||SitrusBerry|RoughSkin|DragonClaw,RockSlide,StompingTantrum,Protect|Adamant||M|||50|]Sylveon||FairyFeather|Pixilate|HyperVoice,Yawn,QuickAttack,Detect|Modest||M|||50|]Sinistcha||KasibBerry|Hospitality|MatchaGotcha,Protect,ShadowBall,RagePowder|Modest|||||50|
|showteam|p2|Staraptor||Staraptite|Intimidate|CloseCombat,BraveBird,Roost,Protect|Jolly||M|||50|]Glimmora||FocusSash|ToxicDebris|PowerGem,SludgeBomb,EarthPower,SpikyShield|Modest||F|||50|]Whimsicott||OccaBerry|Prankster|Tailwind,Moonblast,Charm,LightScreen|Timid||F|||50|]Kingambit||ChopleBerry|Defiant|KowtowCleave,IronHead,LowKick,SuckerPunch|Adamant||M|||50|]Garchomp||ChoiceScarf|RoughSkin|Earthquake,DragonClaw,RockSlide,StompingTantrum|Adamant||M|||50|]Delphox||Delphoxite|Blaze|HeatWave,Psychic,Encore,Protect|Timid||M|||50|
|
|t:|1785166406
|teamsize|p1|4
|teamsize|p2|4
|start
|switch|p1a: Corviknight|Corviknight, L50, M|100/100
|switch|p1b: Raichu|Raichu, L50, M|100/100
|switch|p2a: Glimmora|Glimmora, L50, F|100/100
|switch|p2b: Whimsicott|Whimsicott, L50, F|100/100
|turn|1
|
|t:|1785166432
|detailschange|p1b: Raichu|Raichu-Mega-Y, L50, M
|-mega|p1b: Raichu|Raichu|Raichunite Y
|move|p2b: Whimsicott|Tailwind|p2b: Whimsicott
|-sidestart|p2: jeanryupr|move: Tailwind
|move|p2a: Glimmora|Power Gem|p1a: Corviknight
|-damage|p1a: Corviknight|50/100y
|move|p1b: Raichu|Zap Cannon|p2a: Glimmora
|-damage|p2a: Glimmora|18/100
|-status|p2a: Glimmora|par
|move|p1a: Corviknight|Iron Head|p2b: Whimsicott
|-supereffective|p2b: Whimsicott|1
|-damage|p2b: Whimsicott|33/100
|
|-heal|p1a: Corviknight|56/100|[from] item: Leftovers
|upkeep
|turn|2
|
|t:|1785166458
|move|p2b: Whimsicott|Moonblast|p1b: Raichu
|-damage|p1b: Raichu|65/100
|move|p1b: Raichu|Zap Cannon|p2b: Whimsicott
|-resisted|p2b: Whimsicott|1
|-damage|p2b: Whimsicott|0 fnt
|faint|p2b: Whimsicott
|move|p2a: Glimmora|Power Gem|p1a: Corviknight
|-damage|p1a: Corviknight|4/100
|move|p1a: Corviknight|Tailwind|p1a: Corviknight
|-sidestart|p1: bl4ckdri|move: Tailwind
|
|-heal|p1a: Corviknight|10/100|[from] item: Leftovers
|upkeep
|
|t:|1785166467
|switch|p2b: Garchomp|Garchomp, L50, M|100/100
|turn|3
|
|t:|1785166476
|move|p1b: Raichu|Protect|p1b: Raichu
|-singleturn|p1b: Raichu|Protect
|move|p2b: Garchomp|Stomping Tantrum|p1b: Raichu
|-activate|p1b: Raichu|move: Protect
|move|p1a: Corviknight|Brave Bird|p2b: Garchomp
|-damage|p2b: Garchomp|54/100
|-damage|p1a: Corviknight|0 fnt|[from] ability: Rough Skin|[of] p2b: Garchomp
|faint|p1a: Corviknight
|move|p2a: Glimmora|Power Gem|p1b: Raichu
|-activate|p1b: Raichu|move: Protect
|
|upkeep
|
|t:|1785166492
|switch|p1a: Sylveon|Sylveon, L50, M|100/100
|turn|4
|
|t:|1785166541
|switch|p2b: Delphox|Delphox, L50, M|100/100
|move|p2a: Glimmora|Spiky Shield|p2a: Glimmora
|-singleturn|p2a: Glimmora|move: Protect
|move|p1a: Sylveon|Quick Attack|p2b: Delphox
|-resisted|p2b: Delphox|1
|-damage|p2b: Delphox|90/100
|move|p1b: Raichu|Focus Blast|p2b: Delphox
|-resisted|p2b: Delphox|1
|-damage|p2b: Delphox|64/100
|
|-sideend|p2: jeanryupr|move: Tailwind
|upkeep
|turn|5
|
|t:|1785166574
|detailschange|p2b: Delphox|Delphox-Mega, L50, M
|-mega|p2b: Delphox|Delphox|Delphoxite
|move|p2b: Delphox|Protect|p2b: Delphox
|-singleturn|p2b: Delphox|Protect
|move|p1b: Raichu|Zap Cannon|p2b: Delphox
|-activate|p2b: Delphox|move: Protect
|move|p1a: Sylveon|Hyper Voice|p2b: Delphox|[spread] p2a
|-activate|p2b: Delphox|move: Protect
|-resisted|p2a: Glimmora|1
|-damage|p2a: Glimmora|0 fnt
|faint|p2a: Glimmora
|
|-sideend|p1: bl4ckdri|move: Tailwind
|upkeep
|
|t:|1785166583
|switch|p2a: Garchomp|Garchomp, L50, M|54/100
|turn|6
|
|t:|1785166602
|move|p1b: Raichu|Protect|p1b: Raichu
|-singleturn|p1b: Raichu|Protect
|move|p2a: Garchomp|Earthquake|p1b: Raichu|[spread] p1a
|-activate|p1b: Raichu|move: Protect
|-immune|p2b: Delphox|[from] ability: Levitate
|-damage|p1a: Sylveon|57/100
|move|p2b: Delphox|Psychic|p1a: Sylveon
|-damage|p1a: Sylveon|20/100y
|move|p1a: Sylveon|Hyper Voice|p2a: Garchomp|[spread] p2a,p2b
|-supereffective|p2a: Garchomp|1
|-resisted|p2b: Delphox|1
|-crit|p2b: Delphox
|-damage|p2a: Garchomp|0 fnt
|-damage|p2b: Delphox|34/100
|faint|p2a: Garchomp
|
|upkeep
|turn|7
|
|t:|1785166619
|move|p2b: Delphox|Heat Wave|p1a: Sylveon|[spread] p1a,p1b
|-damage|p1a: Sylveon|0 fnt
|-damage|p1b: Raichu|11/100
|-status|p1b: Raichu|brn
|faint|p1a: Sylveon
|move|p1b: Raichu|Zap Cannon|p2b: Delphox
|-damage|p2b: Delphox|0 fnt
|faint|p2b: Delphox
|
|win|bl4ckdri
