|j|☆Staglad
|j|☆Sylviana GL
|html|StagladSylviana GL    
|uhtml|bestof|Game 1 of a best-of-3
|t:|1783981253
|gametype|doubles
|player|p1|Staglad|morty|1000
|player|p2|Sylviana GL|caitlin|1123
|gen|9
|tier|[Gen 9 Champions] VGC 2026 Reg M-B (Bo3)
|rated|
|rule|Species Clause: Limit one of each Pokémon
|rule|Item Clause: Limit 1 of each item
|clearpoke
|poke|p1|Clefable, L50, M|
|poke|p1|Ceruledge, L50, F|
|poke|p1|Glimmora, L50, F|
|poke|p1|Heliolisk, L50, M|
|poke|p1|Scizor, L50, F|
|poke|p1|Ditto, L50|
|poke|p2|Aerodactyl, L50, M, shiny|
|poke|p2|Charizard, L50, F|
|poke|p2|Sylveon, L50, M|
|poke|p2|Garchomp, L50, M|
|poke|p2|Kingambit, L50, M|
|poke|p2|Incineroar, L50, F|
|teampreview|4
|showteam|p1|Clefable||Leftovers|Unaware|HealPulse,Moonblast,Protect,Encore|Calm||M|||50|]Ceruledge||ColburBerry|FlashFire|BitterBlade,ShadowSneak,SwordsDance,Protect|Jolly||F|||50|]Glimmora||Glimmoranite|ToxicDebris|PowerGem,SludgeBomb,FlashCannon,Protect|Timid||F|||50|]Heliolisk||ChoiceScarf|DrySkin|Discharge,Bulldoze,EerieImpulse,Protect|Hasty||M|||50|]Scizor||Scizorite|Technician|BulletPunch,BugBite,Protect,KnockOff|Adamant||F|||50|]Ditto||SitrusBerry|Imposter|Transform|Bold|||||50|
|showteam|p2|Aerodactyl||Aerodactylite|Unnerve|RockSlide,IceFang,Tailwind,WideGuard|Jolly||M|||50|]Charizard||CharizarditeY|Blaze|HeatWave,WeatherBall,SolarBeam,Protect|Modest||F|||50|]Sylveon||FairyFeather|Pixilate|HyperVoice,HyperBeam,QuickAttack,Detect|Modest||M|||50|]Garchomp||LifeOrb|RoughSkin|DragonClaw,Earthquake,StompingTantrum,Protect|Jolly||M|||50|]Kingambit||FocusSash|Defiant|SuckerPunch,KowtowCleave,IronHead,Protect|Adamant||M|||50|]Incineroar||SitrusBerry|Intimidate|FlareBlitz,ThroatChop,FakeOut,PartingShot|Impish||F|||50|
|
|t:|1783981303
|teamsize|p1|4
|teamsize|p2|4
|start
|switch|p1a: Clefable|Clefable, L50, M|100/100
|switch|p1b: Ceruledge|Ceruledge, L50, F|100/100
|switch|p2a: Garchomp|Garchomp, L50, M|100/100
|switch|p2b: Incineroar|Incineroar, L50, F|100/100
|-ability|p2b: Incineroar|Intimidate|boost
|-unboost|p1a: Clefable|atk|1
|-unboost|p1b: Ceruledge|atk|1
|turn|1
|inactive|Battle timer is ON: inactive players will automatically lose when time's up. (requested by Staglad)
|
|t:|1783981320
|move|p1b: Ceruledge|Protect|p1b: Ceruledge
|-singleturn|p1b: Ceruledge|Protect
|move|p2b: Incineroar|Fake Out|p1a: Clefable
|-damage|p1a: Clefable|87/100
|move|p2a: Garchomp|Stomping Tantrum|p1b: Ceruledge
|-activate|p1b: Ceruledge|move: Protect
|cant|p1a: Clefable|flinch
|
|-heal|p1a: Clefable|93/100|[from] item: Leftovers
|upkeep
|turn|2
|inactive|Staglad has 30 seconds left.
|
|t:|1783981346
|switch|p1b: Ditto|Ditto, L50|100/100
|-transform|p1b: Ditto|p2a: Garchomp|[from] ability: Imposter
|move|p2a: Garchomp|Protect|p2a: Garchomp
|-singleturn|p2a: Garchomp|Protect
|move|p2b: Incineroar|Parting Shot|p1b: Ditto
|-unboost|p1b: Ditto|atk|1
|-unboost|p1b: Ditto|spa|1
|
|t:|1783981351
|switch|p2b: Kingambit|Kingambit, L50, M|100/100|[from] Parting Shot
|move|p1a: Clefable|Moonblast|p2a: Garchomp
|-activate|p2a: Garchomp|move: Protect
|
|-heal|p1a: Clefable|99/100|[from] item: Leftovers
|upkeep
|turn|3
|inactive|Sylviana GL has 30 seconds left.
|
|t:|1783981382
|switch|p2a: Incineroar|Incineroar, L50, F|100/100
|-ability|p2a: Incineroar|Intimidate|boost
|-unboost|p1a: Clefable|atk|1
|-unboost|p1b: Ditto|atk|1
|move|p2b: Kingambit|Protect|p2b: Kingambit
|-singleturn|p2b: Kingambit|Protect
|move|p1b: Ditto|Stomping Tantrum|p2b: Kingambit
|-activate|p2b: Kingambit|move: Protect
|move|p1a: Clefable|Moonblast|p2a: Incineroar
|-damage|p2a: Incineroar|74/100
|
|-heal|p1a: Clefable|100/100|[from] item: Leftovers
|upkeep
|turn|4
|inactive|Sylviana GL has 30 seconds left.
|
|t:|1783981410
|switch|p1a: Ceruledge|Ceruledge, L50, F|100/100
|move|p1b: Ditto|Protect|p1b: Ditto
|-singleturn|p1b: Ditto|Protect
|move|p2a: Incineroar|Fake Out|p1a: Ceruledge
|-immune|p1a: Ceruledge
|move|p2b: Kingambit|Iron Head|p1a: Ceruledge
|-resisted|p1a: Ceruledge|1
|-damage|p1a: Ceruledge|75/100
|
|upkeep
|turn|5
|
|t:|1783981430
|switch|p1b: Clefable|Clefable, L50, M|100/100
|move|p2b: Kingambit|Protect|p2b: Kingambit
|-singleturn|p2b: Kingambit|Protect
|move|p1a: Ceruledge|Swords Dance|p1a: Ceruledge
|-boost|p1a: Ceruledge|atk|2
|move|p2a: Incineroar|Parting Shot|p1a: Ceruledge
|-unboost|p1a: Ceruledge|atk|1
|-unboost|p1a: Ceruledge|spa|1
|
|t:|1783981436
|switch|p2a: Garchomp|Garchomp, L50, M|100/100|[from] Parting Shot
|
|upkeep
|turn|6
|
|t:|1783981456
|move|p2a: Garchomp|Protect|p2a: Garchomp
|-singleturn|p2a: Garchomp|Protect
|move|p1a: Ceruledge|Protect|p1a: Ceruledge
|-singleturn|p1a: Ceruledge|Protect
|move|p2b: Kingambit|Iron Head|p1b: Clefable
|-supereffective|p1b: Clefable|1
|-damage|p1b: Clefable|1/100
|move|p1b: Clefable|Moonblast|p2a: Garchomp
|-activate|p2a: Garchomp|move: Protect
|
|-heal|p1b: Clefable|7/100|[from] item: Leftovers
|upkeep
|turn|7
|
|t:|1783981472
|switch|p2b: Incineroar|Incineroar, L50, F|74/100
|-ability|p2b: Incineroar|Intimidate|boost
|-unboost|p1a: Ceruledge|atk|1
|-unboost|p1b: Clefable|atk|1
|move|p1b: Clefable|Protect|p1b: Clefable
|-singleturn|p1b: Clefable|Protect
|move|p2a: Garchomp|Earthquake|p1a: Ceruledge|[spread] p2b,p1a
|-activate|p1b: Clefable|move: Protect
|-supereffective|p2b: Incineroar|1
|-supereffective|p1a: Ceruledge|1
|-damage|p2b: Incineroar|0 fnt
|-damage|p1a: Ceruledge|0 fnt
|faint|p2b: Incineroar
|faint|p1a: Ceruledge
|-damage|p2a: Garchomp|90/100|[from] item: Life Orb
|
|-heal|p1b: Clefable|13/100|[from] item: Leftovers
|upkeep
|
|t:|1783981486
|switch|p1a: Ditto|Ditto, L50|100/100
|switch|p2b: Charizard|Charizard, L50, F|100/100
|-transform|p1a: Ditto|p2b: Charizard|[from] ability: Imposter
|turn|8
|
|t:|1783981508
|switch|p1a: Glimmora|Glimmora, L50, F|100/100
|detailschange|p2b: Charizard|Charizard-Mega-Y, L50, F
|-mega|p2b: Charizard|Charizard|Charizardite Y
|-weather|SunnyDay|[from] ability: Drought|[of] p2b: Charizard
|move|p1b: Clefable|Protect|p1b: Clefable
|-singleturn|p1b: Clefable|Protect
|move|p2a: Garchomp|Dragon Claw|p1a: Glimmora
|-damage|p1a: Glimmora|31/100
|-activate|p1a: Glimmora|ability: Toxic Debris
|-sidestart|p2: Sylviana GL|move: Toxic Spikes
|-damage|p2a: Garchomp|80/100|[from] item: Life Orb
|move|p2b: Charizard|Heat Wave|p1a: Glimmora|[spread] p1a
|-activate|p1b: Clefable|move: Protect
|-resisted|p1a: Glimmora|1
|-damage|p1a: Glimmora|0 fnt
|faint|p1a: Glimmora
|
|-weather|SunnyDay|[upkeep]
|-heal|p1b: Clefable|19/100|[from] item: Leftovers
|upkeep
|
|t:|1783981526
|switch|p1a: Ditto|Ditto, L50|100/100
|-transform|p1a: Ditto|p2b: Charizard|[from] ability: Imposter
|turn|9
|
|t:|1783981537
|move|p2a: Garchomp|Dragon Claw|p1a: Ditto
|-damage|p1a: Ditto|38/100
|-enditem|p1a: Ditto|Sitrus Berry|[eat]
|-heal|p1a: Ditto|63/100|[from] item: Sitrus Berry
|-damage|p2a: Garchomp|70/100|[from] item: Life Orb
|move|p1a: Ditto|Heat Wave|p2a: Garchomp|[spread] p2a,p2b
|-resisted|p2a: Garchomp|1
|-resisted|p2b: Charizard|1
|-damage|p2a: Garchomp|33/100
|-damage|p2b: Charizard|72/100
|move|p2b: Charizard|Heat Wave|p1b: Clefable|[spread] p1a
|-miss|p2b: Charizard|p1b: Clefable
|-resisted|p1a: Ditto|1
|-damage|p1a: Ditto|29/100
|move|p1b: Clefable|Moonblast|p2a: Garchomp
|-supereffective|p2a: Garchomp|1
|-damage|p2a: Garchomp|0 fnt
|faint|p2a: Garchomp
|
|-weather|SunnyDay|[upkeep]
|-heal|p1b: Clefable|25/100|[from] item: Leftovers
|upkeep
|
|t:|1783981550
|switch|p2a: Kingambit|Kingambit, L50, M|100/100
|turn|10
|
|t:|1783981559
|move|p2a: Kingambit|Sucker Punch|p1a: Ditto
|-damage|p1a: Ditto|0 fnt
|faint|p1a: Ditto
|move|p2b: Charizard|Weather Ball|p1b: Clefable
|-damage|p1b: Clefable|0 fnt
|faint|p1b: Clefable
|
|win|Sylviana GL
||Staglad is ready for game 2.
|inactive|Sylviana GL has 30 seconds to confirm battle start!
||Sylviana GL is ready for game 2.
|uhtml|next|Next: Game 2 of 3
|l|☆Staglad
|player|p1|
