|j|☆HelhiemFiend
|j|☆HopeAddict
|html|HelhiemFiendHopeAddict    
|uhtml|bestof|Game 2 of a best-of-3
|t:|1756928035
|gametype|doubles
|player|p1|HelhiemFiend|1|1175
|player|p2|HopeAddict|bill|1108
|gen|9
|tier|[Gen 9] VGC 2025 Reg H (Bo3)
|rated|
|rule|Species Clause: Limit one of each Pokémon
|rule|Item Clause: Limit 1 of each item
|clearpoke
|poke|p1|Sneasler, L50, F|
|poke|p1|Dragapult, L50, F|
|poke|p1|Kingambit, L50, F|
|poke|p1|Gholdengo, L50|
|poke|p1|Incineroar, L50, F|
|poke|p1|Primarina, L50, F|
|poke|p2|Corviknight, L50, M|
|poke|p2|Garchomp, L50, F|
|poke|p2|Ninetales-Alola, L50, M|
|poke|p2|Sneasler, L50, F|
|poke|p2|Volcarona, L50, M|
|poke|p2|Dragonite, L50, F|
|teampreview|4
|showteam|p1|Sneasler||FocusSash|Unburden|DireClaw,CloseCombat,FakeOut,Protect|||F|||50|,,,,,Stellar]Dragapult||ChoiceBand|ClearBody|DragonDarts,TeraBlast,PhantomForce,Uturn|||F|||50|,,,,,Ghost]Kingambit||SafetyGoggles|Defiant|KowtowCleave,SuckerPunch,SwordsDance,Protect|||F|||50|,,,,,Dark]Gholdengo||LifeOrb|GoodasGold|MakeItRain,ShadowBall,NastyPlot,Protect||||||50|,,,,,Dragon]Incineroar||AssaultVest|Intimidate|FlareBlitz,KnockOff,FakeOut,Uturn|||F|||50|,,,,,Ghost]Primarina||ThroatSpray|LiquidVoice|HyperVoice,Moonblast,Haze,Protect|||F|||50|,,,,,Poison
|showteam|p2|Corviknight||Leftovers|MirrorArmor|BraveBird,BodyPress,BulkUp,Tailwind|||M|||50|,,,,,Fire]Garchomp||ClearAmulet|RoughSkin|Earthquake,RockSlide,StompingTantrum,Protect|||F|||50|,,,,,Ground]Ninetales-Alola||LightClay|SnowWarning|Blizzard,Encore,AuroraVeil,Protect|||M|||50|,,,,,Ghost]Sneasler||FocusSash|Unburden|DireClaw,CloseCombat,Protect,Coaching|||F|||50|,,,,,Flying]Volcarona||CovertCloak|FlameBody|HeatWave,GigaDrain,QuiverDance,Protect|||M|||50|,,,,,Grass]Dragonite||LoadedDice|InnerFocus|ScaleShot,ExtremeSpeed,Haze,Protect|||F|||50|,,,,,Dragon
|inactive|Battle timer is ON: inactive players will automatically lose when time's up. (requested by HopeAddict)
|c|☆HelhiemFiend|cc killed there
|c|☆HelhiemFiend|damn
|inactive|HelhiemFiend has 60 seconds left.
|
|t:|1756928086
|teamsize|p1|4
|teamsize|p2|4
|start
|switch|p1a: Snake Eyes|Sneasler, L50, F|100/100
|switch|p1b: Gholden Boy|Gholdengo, L50|100/100
|switch|p2a: Ninetales|Ninetales-Alola, L50, M|100/100
|switch|p2b: Corviknight|Corviknight, L50, M, shiny|100/100
|-weather|Snowscape|[from] ability: Snow Warning|[of] p2a: Ninetales
|turn|1
|
|t:|1756928108
|-terastallize|p2a: Ninetales|Ghost
|move|p1a: Snake Eyes|Dire Claw|p2a: Ninetales
|-resisted|p2a: Ninetales
|-damage|p2a: Ninetales|73/100
|move|p2a: Ninetales|Aurora Veil|p2a: Ninetales
|-sidestart|p2: HopeAddict|move: Aurora Veil
|move|p1b: Gholden Boy|Nasty Plot|p1b: Gholden Boy
|-boost|p1b: Gholden Boy|spa|2
|move|p2b: Corviknight|Tailwind|p2b: Corviknight
|-sidestart|p2: HopeAddict|move: Tailwind
|
|-weather|Snowscape|[upkeep]
|upkeep
|turn|2
|
|t:|1756928126
|move|p1a: Snake Eyes|Protect|p1a: Snake Eyes
|-singleturn|p1a: Snake Eyes|Protect
|move|p2a: Ninetales|Blizzard|p1a: Snake Eyes|[spread] p1b
|-activate|p1a: Snake Eyes|move: Protect
|-resisted|p1b: Gholden Boy
|-damage|p1b: Gholden Boy|86/100
|move|p2b: Corviknight|Brave Bird|p1a: Snake Eyes
|-activate|p1a: Snake Eyes|move: Protect
|move|p1b: Gholden Boy|Nasty Plot|p1b: Gholden Boy
|-boost|p1b: Gholden Boy|spa|2
|
|-weather|Snowscape|[upkeep]
|upkeep
|turn|3
|
|t:|1756928144
|switch|p1a: Cringe|Incineroar, L50, F|100/100
|-ability|p1a: Cringe|Intimidate|boost
|-unboost|p2a: Ninetales|atk|1
|-ability|p2b: Corviknight|Mirror Armor
|-unboost|p1a: Cringe|atk|1
|move|p2a: Ninetales|Blizzard|p1b: Gholden Boy|[spread] p1a,p1b
|-resisted|p1a: Cringe
|-resisted|p1b: Gholden Boy
|-damage|p1a: Cringe|93/100
|-damage|p1b: Gholden Boy|72/100
|move|p2b: Corviknight|Brave Bird|p1a: Cringe
|-damage|p1a: Cringe|49/100
|-damage|p2b: Corviknight|87/100|[from] Recoil
|move|p1b: Gholden Boy|Shadow Ball|p2b: Corviknight
|-damage|p2b: Corviknight|0 fnt
|faint|p2b: Corviknight
|-damage|p1b: Gholden Boy|62/100|[from] item: Life Orb
|
|-weather|Snowscape|[upkeep]
|upkeep
|
|t:|1756928157
|switch|p2b: Volcarona|Volcarona, L50, M|100/100
|turn|4
|
|t:|1756928180
|move|p2a: Ninetales|Blizzard|p1a: Cringe|[spread] p1a,p1b
|-resisted|p1a: Cringe
|-resisted|p1b: Gholden Boy
|-damage|p1a: Cringe|42/100
|-damage|p1b: Gholden Boy|48/100
|move|p2b: Volcarona|Heat Wave|p1b: Gholden Boy|[spread] p1a
|-miss|p2b: Volcarona|p1b: Gholden Boy
|-resisted|p1a: Cringe
|-damage|p1a: Cringe|32/100
|move|p1b: Gholden Boy|Make It Rain|p2a: Ninetales|[spread] p2a,p2b
|-resisted|p2b: Volcarona
|-damage|p2a: Ninetales|0 fnt
|-damage|p2b: Volcarona|45/100
|-unboost|p1b: Gholden Boy|spa|1
|faint|p2a: Ninetales
|-damage|p1b: Gholden Boy|39/100|[from] item: Life Orb
|move|p1a: Cringe|Knock Off|p2b: Volcarona
|-damage|p2b: Volcarona|21/100
|-enditem|p2b: Volcarona|Covert Cloak|[from] move: Knock Off|[of] p1a: Cringe
|
|-weather|Snowscape|[upkeep]
|-sideend|p2: HopeAddict|move: Tailwind
|upkeep
|
|t:|1756928190
|switch|p2a: Garchomp|Garchomp, L50, F, shiny|100/100
|turn|5
|c|☆HopeAddict|unfort
|c|☆HopeAddict|it eez what it eez
|c|☆HelhiemFiend|this is why i dont use inaccurate moves
|inactive|HelhiemFiend has 30 seconds left.
|c|☆HelhiemFiend|too bad its like every good reg H move
|inactive|HelhiemFiend has 20 seconds left.
|c|☆HopeAddict|fr its such a dilemma
|inactive|HelhiemFiend has 15 seconds left.
|inactive|HelhiemFiend has 10 seconds left.
|
|t:|1756928238
|move|p2b: Volcarona|Protect|p2b: Volcarona
|-singleturn|p2b: Volcarona|Protect
|move|p2a: Garchomp|Earthquake|p1b: Gholden Boy|[spread] p1a,p1b
|-activate|p2b: Volcarona|move: Protect
|-supereffective|p1a: Cringe
|-supereffective|p1b: Gholden Boy
|-damage|p1a: Cringe|0 fnt
|-damage|p1b: Gholden Boy|0 fnt
|faint|p1a: Cringe
|faint|p1b: Gholden Boy
|
|-weather|none
|upkeep
|
|t:|1756928243
|switch|p1b: Snake Eyes|Sneasler, L50, F|100/100
|switch|p1a: Earhart|Dragapult, L50, F|100/100
|turn|6
|inactive|HelhiemFiend has 30 seconds left.
|
|t:|1756928270
|-terastallize|p1b: Snake Eyes|Stellar
|move|p2a: Garchomp|Protect|p2a: Garchomp
|-singleturn|p2a: Garchomp|Protect
|move|p2b: Volcarona|Protect|p2b: Volcarona
|-singleturn|p2b: Volcarona|Protect
|move|p1a: Earhart|Dragon Darts|p2b: Volcarona
|-activate|p2a: Garchomp|move: Protect
|move|p1b: Snake Eyes|Close Combat|p2a: Garchomp
|-activate|p2a: Garchomp|move: Protect
|
|upkeep
|turn|7
|
|t:|1756928285
|move|p1a: Earhart|Dragon Darts|p2b: Volcarona
|-damage|p2b: Volcarona|0 fnt
|-anim|p1a: Earhart|Dragon Darts|p2a: Garchomp
|-supereffective|p2a: Garchomp
|-damage|p2a: Garchomp|50/100
|faint|p2b: Volcarona
|move|p1b: Snake Eyes|Close Combat|p2a: Garchomp
|-damage|p2a: Garchomp|0 fnt
|-unboost|p1b: Snake Eyes|def|1
|-unboost|p1b: Snake Eyes|spd|1
|-damage|p1b: Snake Eyes|88/100|[from] ability: Rough Skin|[of] p2a: Garchomp
|faint|p2a: Garchomp
|
|win|HelhiemFiend
||HopeAddict is ready for game 3.
||HelhiemFiend is ready for game 3.
|uhtml|next|Next: Game 3 of 3
