|j|☆Retking
|j|☆Sirox185
|html|RetkingSirox185    
|uhtml|bestof|Game 1 of a best-of-3
|t:|1756687536
|gametype|doubles
|player|p1|Retking|n|1212
|player|p2|Sirox185|101|1131
|gen|9
|tier|[Gen 9] VGC 2025 Reg H (Bo3)
|rated|
|rule|Species Clause: Limit one of each Pokémon
|rule|Item Clause: Limit 1 of each item
|clearpoke
|poke|p1|Gholdengo, L50|
|poke|p1|Sneasler, L50, M|
|poke|p1|Rillaboom, L50, F|
|poke|p1|Dragonite, L50, M|
|poke|p1|Ninetales-Alola, L50, M|
|poke|p1|Arcanine-Hisui, L50, M|
|poke|p2|Annihilape, L50, F|
|poke|p2|Sinistcha, L50|
|poke|p2|Maushold-Four, L50|
|poke|p2|Klefki, L50, M|
|poke|p2|Ursaluna-Bloodmoon, L50, M|
|poke|p2|Ninetales-Alola, L50, F|
|teampreview|4
|showteam|p1|Gholdengo||GrassySeed|GoodasGold|NastyPlot,MakeItRain,ShadowBall,Protect||||||50|,,,,,Water]Sneasler||WhiteHerb|Unburden|CloseCombat,DireClaw,Coaching,Protect|||M|||50|,,,,,Ghost]Rillaboom||AssaultVest|GrassySurge|FakeOut,GrassyGlide,DrumBeating,HighHorsepower|||F|||50|,,,,,Fire]Dragonite||LoadedDice|Multiscale|ScaleShot,StompingTantrum,Tailwind,Protect|||M|||50|,,,,,Ground]Ninetales-Alola||FocusSash|SnowWarning|Blizzard,IcyWind,Encore,AuroraVeil|||M|||50|,,,,,Ghost]Arcanine-Hisui||ClearAmulet|Intimidate|RockSlide,FlareBlitz,ExtremeSpeed,Protect|||M|||50|,,,,,Water
|showteam|p2|Annihilape||Leftovers|Defiant|Protect,BulkUp,DrainPunch,RageFist|||F|||50|,,,,,Fire]Sinistcha||SitrusBerry|Hospitality|MatchaGotcha,TrickRoom,LifeDew,RagePowder||||||50|,,,,,Water]Maushold-Four||SafetyGoggles|FriendGuard|FollowMe,Taunt,BeatUp,Protect||||||50|,,,,,Ghost]Klefki||LightClay|Prankster|Reflect,LightScreen,MistyTerrain,DazzlingGleam|||M|||50|,,,,,Ghost]Ursaluna-Bloodmoon||AssaultVest|MindsEye|BloodMoon,HyperVoice,EarthPower,VacuumWave|||M|||50|,,,,,Water]Ninetales-Alola||FocusSash|SnowWarning|Protect,Encore,FreezeDry,Blizzard|||F|||50|,,,,,Ghost
|inactive|Battle timer is ON: inactive players will automatically lose when time's up. (requested by Retking)
|inactive|Retking has 60 seconds left.
|inactive|Retking has 30 seconds left.
|inactive|Retking has 20 seconds left.
|
|t:|1756687611
|teamsize|p1|4
|teamsize|p2|4
|start
|switch|p1a: Gholdengo|Gholdengo, L50|100/100
|switch|p1b: Ninetales|Ninetales-Alola, L50, M, shiny|100/100
|switch|p2a: Klefki|Klefki, L50, M|100/100
|switch|p2b: Annihilape|Annihilape, L50, F, shiny|100/100
|-weather|Snowscape|[from] ability: Snow Warning|[of] p1b: Ninetales
|turn|1
|
|t:|1756687636
|move|p2a: Klefki|Light Screen|p2a: Klefki
|-sidestart|p2: Sirox185|move: Light Screen
|move|p1b: Ninetales|Aurora Veil|p1b: Ninetales
|-sidestart|p1: Retking|move: Aurora Veil
|move|p2b: Annihilape|Bulk Up|p2b: Annihilape
|-boost|p2b: Annihilape|atk|1
|-boost|p2b: Annihilape|def|1
|move|p1a: Gholdengo|Nasty Plot|p1a: Gholdengo
|-boost|p1a: Gholdengo|spa|2
|
|-weather|Snowscape|[upkeep]
|upkeep
|turn|2
|
|t:|1756687646
|switch|p2a: Maushold|Maushold-Four, L50|100/100
|move|p2b: Annihilape|Protect|p2b: Annihilape
|-singleturn|p2b: Annihilape|Protect
|move|p1b: Ninetales|Encore|p2b: Annihilape
|-activate|p2b: Annihilape|move: Protect
|move|p1a: Gholdengo|Nasty Plot|p1a: Gholdengo
|-boost|p1a: Gholdengo|spa|2
|
|-weather|Snowscape|[upkeep]
|upkeep
|turn|3
|inactive|Retking has 30 seconds left.
|inactive|Retking has 20 seconds left.
|inactive|Retking has 15 seconds left.
|
|t:|1756687690
|-terastallize|p2b: Annihilape|Fire
|move|p2a: Maushold|Follow Me|p2a: Maushold
|-singleturn|p2a: Maushold|move: Follow Me
|move|p1b: Ninetales|Blizzard|p2b: Annihilape|[spread] p2a,p2b
|-resisted|p2b: Annihilape
|-damage|p2a: Maushold|74/100
|-damage|p2b: Annihilape|94/100
|-status|p2a: Maushold|frz
|move|p2b: Annihilape|Rage Fist|p1a: Gholdengo
|-supereffective|p1a: Gholdengo
|-damage|p1a: Gholdengo|17/100
|move|p1a: Gholdengo|Nasty Plot|p1a: Gholdengo
|-boost|p1a: Gholdengo|spa|2
|
|-weather|Snowscape|[upkeep]
|-heal|p2b: Annihilape|99/100|[from] item: Leftovers
|upkeep
|turn|4
|inactive|Sirox185 has 30 seconds left.
|inactive|Sirox185 has 20 seconds left.
|
|t:|1756687725
|cant|p2a: Maushold|frz
|move|p1b: Ninetales|Icy Wind|p2a: Maushold|[spread] p2a,p2b
|-resisted|p2b: Annihilape
|-damage|p2a: Maushold|61/100 frz
|-damage|p2b: Annihilape|96/100
|-unboost|p2a: Maushold|spe|1
|-unboost|p2b: Annihilape|spe|1
|-ability|p2b: Annihilape|Defiant|boost
|-boost|p2b: Annihilape|atk|2
|move|p1a: Gholdengo|Shadow Ball|p2b: Annihilape
|-damage|p2b: Annihilape|24/100
|move|p2b: Annihilape|Rage Fist|p1a: Gholdengo
|-supereffective|p1a: Gholdengo
|-damage|p1a: Gholdengo|0 fnt
|faint|p1a: Gholdengo
|
|-weather|Snowscape|[upkeep]
|-heal|p2b: Annihilape|30/100|[from] item: Leftovers
|upkeep
|
|t:|1756687735
|switch|p1a: Sneasler|Sneasler, L50, M|100/100
|turn|5
|
|t:|1756687753
|switch|p2a: Sinistcha|Sinistcha, L50|100/100
|-heal|p2b: Annihilape|55/100|[from] ability: Hospitality|[of] p2a: Sinistcha
|move|p1b: Ninetales|Blizzard|p2b: Annihilape|[spread] p2a,p2b
|-supereffective|p2a: Sinistcha
|-resisted|p2b: Annihilape
|-damage|p2a: Sinistcha|59/100
|-damage|p2b: Annihilape|47/100
|-status|p2b: Annihilape|frz
|move|p1a: Sneasler|Dire Claw|p2b: Annihilape
|-damage|p2b: Annihilape|19/100 frz
|cant|p2b: Annihilape|frz
|
|-weather|none
|-heal|p2b: Annihilape|25/100 frz|[from] item: Leftovers
|-sideend|p1: Retking|move: Aurora Veil
|upkeep
|turn|6
|
|t:|1756687775
|move|p2a: Sinistcha|Rage Powder|p2a: Sinistcha
|-singleturn|p2a: Sinistcha|move: Rage Powder
|move|p1b: Ninetales|Blizzard|p2a: Sinistcha|[spread] p2a,p2b
|-supereffective|p2a: Sinistcha
|-resisted|p2b: Annihilape
|-damage|p2a: Sinistcha|17/100
|-damage|p2b: Annihilape|16/100 frz
|-status|p2a: Sinistcha|frz
|-enditem|p2a: Sinistcha|Sitrus Berry|[eat]
|-heal|p2a: Sinistcha|42/100 frz|[from] item: Sitrus Berry
|move|p1a: Sneasler|Close Combat|p2a: Sinistcha
|-immune|p2a: Sinistcha
|cant|p2b: Annihilape|frz
|
|-heal|p2b: Annihilape|22/100 frz|[from] item: Leftovers
|upkeep
|turn|7
|inactive|Retking has 30 seconds left.
|inactive|Sirox185 has 30 seconds left.
|inactive|Sirox185 has 20 seconds left.
|
|t:|1756687810
|cant|p2b: Annihilape|frz
|cant|p2a: Sinistcha|frz
|move|p1b: Ninetales|Blizzard|p2a: Sinistcha|[spread] p2a,p2b
|-supereffective|p2a: Sinistcha
|-resisted|p2b: Annihilape
|-damage|p2a: Sinistcha|1/100 frz
|-damage|p2b: Annihilape|12/100 frz
|move|p1a: Sneasler|Close Combat|p2b: Annihilape
|-damage|p2b: Annihilape|0 fnt
|-unboost|p1a: Sneasler|def|1
|-unboost|p1a: Sneasler|spd|1
|faint|p2b: Annihilape
|-enditem|p1a: Sneasler|White Herb
|-clearnegativeboost|p1a: Sneasler|[silent]
|
|upkeep
|-message|Sirox185 forfeited.
|
|win|Retking
|l|☆Sirox185
|player|p2|
|raw|Retking's rating: 1212 → 1231(+19 for winning)
|raw|Sirox185's rating: 1131 → 1112(-19 for losing)
