|j|☆adaaaa
|j|☆masterhax3
|html|adaaaamasterhax3    
|uhtml|bestof|Game 2 of a best-of-3
|t:|1756749628
|gametype|doubles
|player|p1|adaaaa|steven|1106
|player|p2|masterhax3|scientist-gen4dp|1084
|gen|9
|tier|[Gen 9] VGC 2025 Reg H (Bo3)
|rated|
|rule|Species Clause: Limit one of each Pokémon
|rule|Item Clause: Limit 1 of each item
|clearpoke
|poke|p1|Archaludon, L50, F|
|poke|p1|Kingdra, L50, M|
|poke|p1|Politoed, L50, F|
|poke|p1|Incineroar, L50, M|
|poke|p1|Gothitelle, L50, F|
|poke|p1|Amoonguss, L50, M|
|poke|p2|Vivillon-Jungle, L50, F|
|poke|p2|Primarina, L50, M|
|poke|p2|Sneasler, L50, F|
|poke|p2|Garchomp, L50, M|
|poke|p2|Kingambit, L50, M|
|poke|p2|Zoroark-Hisui, L50, F|
|teampreview|4
|showteam|p1|Archaludon||PowerHerb|Sturdy|Protect,ElectroShot,FlashCannon,DragonPulse|||F|||50|,,,,,Electric]Kingdra||LifeOrb|SwiftSwim|Protect,DracoMeteor,WeatherBall,MuddyWater|||M|||50|,,,,,Stellar]Politoed||Leftovers|Drizzle|Protect,WeatherBall,PerishSong,Encore|||F|||50|,,,,,Grass]Incineroar||SafetyGoggles|Intimidate|FakeOut,KnockOff,PartingShot,Protect|||M|||50|,,,,,Ghost]Gothitelle||SitrusBerry|ShadowTag|Protect,Psychic,FakeOut,TrickRoom|||F|||50|,,,,,Dark]Amoonguss||EjectButton|Regenerator|Protect,RagePowder,Spore,PollenPuff|||M|||50|,,,,,Fairy
|showteam|p2|Vivillon-Jungle||FocusSash|CompoundEyes|Protect,Tailwind,SleepPowder,Hurricane|||F|||50|,,,,,Ghost]Primarina||Leftovers|LiquidVoice|HyperVoice,Moonblast,CalmMind,Protect|||M|||50|,,,,,Steel]Sneasler||CovertCloak|PoisonTouch|DireClaw,CloseCombat,FakeOut,Protect|||F|||50|,,,,,Stellar]Garchomp||LifeOrb|RoughSkin|DragonClaw,SwordsDance,StompingTantrum,Protect|||M|||50|,,,,,Fire]Kingambit||AssaultVest|Defiant|KowtowCleave,SuckerPunch,IronHead,LowKick|||M|||50|,,,,,Ghost]Zoroark-Hisui||ChoiceSpecs|Illusion|HyperVoice,FocusBlast,ShadowBall,HyperBeam|||F|||50|,,,,,Stellar
|inactive|Battle timer is ON: inactive players will automatically lose when time's up. (requested by adaaaa)
|
|t:|1756749670
|teamsize|p1|4
|teamsize|p2|4
|start
|switch|p1a: Kingdra|Kingdra, L50, M|100/100
|switch|p1b: Gothitelle|Gothitelle, L50, F|100/100
|switch|p2a: Vivillon|Vivillon-Jungle, L50, F|100/100
|switch|p2b: Garchomp|Garchomp, L50, M|100/100
|turn|1
|
|t:|1756749692
|switch|p1b: Politoed|Politoed, L50, F|100/100
|-weather|RainDance|[from] ability: Drizzle|[of] p1b: Politoed
|-terastallize|p2a: Vivillon|Ghost
|move|p1a: Kingdra|Muddy Water|p2a: Vivillon|[spread] p2a,p2b
|-enditem|p2a: Vivillon|Focus Sash
|-damage|p2a: Vivillon|1/100
|-damage|p2b: Garchomp|33/100
|-damage|p1a: Kingdra|91/100|[from] item: Life Orb
|move|p2b: Garchomp|Swords Dance|p2b: Garchomp
|-boost|p2b: Garchomp|atk|2
|move|p2a: Vivillon|Sleep Powder|p1a: Kingdra
|-status|p1a: Kingdra|slp|[from] move: Sleep Powder
|
|-weather|RainDance|[upkeep]
|upkeep
|turn|2
|inactive|masterhax3 has 30 seconds left.
|
|t:|1756749718
|switch|p1a: Incineroar|Incineroar, L50, M, shiny|100/100
|-ability|p1a: Incineroar|Intimidate|boost
|-unboost|p2a: Vivillon|atk|1
|-unboost|p2b: Garchomp|atk|1
|move|p2b: Garchomp|Dragon Claw|p1b: Politoed
|-damage|p1b: Politoed|17/100
|-damage|p2b: Garchomp|23/100|[from] item: Life Orb
|move|p2a: Vivillon|Tailwind|p2a: Vivillon
|-sidestart|p2: masterhax3|move: Tailwind
|move|p1b: Politoed|Weather Ball|p2b: Garchomp
|-damage|p2b: Garchomp|0 fnt
|faint|p2b: Garchomp
|
|-weather|RainDance|[upkeep]
|-heal|p1b: Politoed|23/100|[from] item: Leftovers
|upkeep
|
|t:|1756749738
|switch|p2b: Kingambit|Kingambit, L50, M|100/100
|turn|3
|inactive|adaaaa has 30 seconds left.
|
|t:|1756749767
|move|p2b: Kingambit|Hyper Voice|p1a: Incineroar|[spread] p1a,p1b
|-damage|p1a: Incineroar|65/100
|-damage|p1b: Politoed|0 fnt
|faint|p1b: Politoed
|move|p2a: Vivillon|Hurricane|p1a: Incineroar
|-damage|p1a: Incineroar|36/100
|-start|p1a: Incineroar|confusion
|-activate|p1a: Incineroar|confusion
|move|p1a: Incineroar|Knock Off|p2b: Kingambit
|-supereffective|p2b: Kingambit
|-damage|p2b: Kingambit|0 fnt
|replace|p2b: Zoroark|Zoroark-Hisui, L50, F
|-end|p2b: Zoroark|Illusion
|-enditem|p2b: Zoroark|Choice Specs|[from] move: Knock Off|[of] p1a: Incineroar
|faint|p2b: Zoroark
|
|-weather|RainDance|[upkeep]
|upkeep
|
|t:|1756749786
|switch|p2b: Kingambit|Kingambit, L50, M|100/100
|switch|p1b: Gothitelle|Gothitelle, L50, F|100/100
|turn|4
|inactive|adaaaa has 30 seconds left.
|inactive|adaaaa has 20 seconds left.
|
|t:|1756749822
|move|p1b: Gothitelle|Fake Out|p2b: Kingambit
|-resisted|p2b: Kingambit
|-damage|p2b: Kingambit|98/100
|move|p2a: Vivillon|Hurricane|p1a: Incineroar
|-damage|p1a: Incineroar|6/100
|cant|p2b: Kingambit|flinch
|-activate|p1a: Incineroar|confusion
|move|p1a: Incineroar|Parting Shot|p1b: Gothitelle
|-unboost|p1b: Gothitelle|atk|1
|-unboost|p1b: Gothitelle|spa|1
|
|t:|1756749828
|switch|p1a: Kingdra|Kingdra, L50, M|91/100 slp|[from] Parting Shot
|
|-weather|RainDance|[upkeep]
|upkeep
|turn|5
|
|t:|1756749844
|-terastallize|p1b: Gothitelle|Dark
|move|p2a: Vivillon|Hurricane|p1a: Kingdra
|-damage|p1a: Kingdra|35/100 slp
|-start|p1a: Kingdra|confusion
|cant|p1a: Kingdra|slp
|move|p2b: Kingambit|Kowtow Cleave|p1b: Gothitelle
|-resisted|p1b: Gothitelle
|-damage|p1b: Gothitelle|79/100
|move|p1b: Gothitelle|Psychic|p2a: Vivillon
|-damage|p2a: Vivillon|0 fnt
|faint|p2a: Vivillon
|
|-weather|none
|-sideend|p2: masterhax3|move: Tailwind
|upkeep
|turn|6
|inactive|adaaaa has 30 seconds left.
|
|t:|1756749873
|cant|p1a: Kingdra|slp
|move|p2b: Kingambit|Kowtow Cleave|p1a: Kingdra
|-damage|p1a: Kingdra|0 fnt
|faint|p1a: Kingdra
|move|p1b: Gothitelle|Psychic|p2b: Kingambit
|-immune|p2b: Kingambit
|
|upkeep
|
|t:|1756749878
|switch|p1a: Incineroar|Incineroar, L50, M, shiny|6/100
|-ability|p1a: Incineroar|Intimidate|boost
|-unboost|p2b: Kingambit|atk|1
|-ability|p2b: Kingambit|Defiant|boost
|-boost|p2b: Kingambit|atk|2
|turn|7
|-message|adaaaa forfeited.
|
|win|masterhax3
|raw|adaaaa's rating: 1106 → 1079(-27 for losing)
|raw|masterhax3's rating: 1084 → 1113(+29 for winning)
