|j|☆munjah 14
|j|☆Mashuno
|html|munjah 14Mashuno    
|uhtml|bestof|Game 2 of a best-of-3
|t:|1785439011
|gametype|doubles
|player|p1|munjah 14|102|1235
|player|p2|Mashuno|harlequin|1252
|gen|9
|tier|[Gen 9 Champions] VGC 2026 Reg M-B (Bo3)
|rated|
|rule|Species Clause: Limit one of each Pokémon
|rule|Item Clause: Limit 1 of each item
|clearpoke
|poke|p1|Tyranitar, L50, F, shiny|
|poke|p1|Sneasler, L50, M, shiny|
|poke|p1|Rotom-Wash, L50, shiny|
|poke|p1|Arcanine-Hisui, L50, M, shiny|
|poke|p1|Sinistcha-Masterpiece, L50, shiny|
|poke|p1|Staraptor, L50, F, shiny|
|poke|p2|Whimsicott, L50, F|
|poke|p2|Dragonite, L50, F|
|poke|p2|Gholdengo, L50|
|poke|p2|Incineroar, L50, F|
|poke|p2|Clefable, L50, M|
|poke|p2|Sneasler, L50, M|
|teampreview|4
|showteam|p1|Tyranitar||Tyranitarite|SandStream|DragonDance,RockSlide,KnockOff,Protect|Jolly||F|||50|]Sneasler||WhiteHerb|Unburden|FakeOut,CloseCombat,DireClaw,Protect|Jolly||M|||50|]Rotom-Wash||WideLens|Levitate|HydroPump,Thunderbolt,WillOWisp,VoltSwitch|Modest|||||50|]Arcanine-Hisui||FocusSash|RockHead|FlareBlitz,HeadSmash,ExtremeSpeed,Protect|Jolly||M|||50|]Sinistcha-Masterpiece||SitrusBerry|Hospitality|MatchaGotcha,TrickRoom,RagePowder,Protect|Calm|||||50|]Staraptor||Staraptite|Intimidate|CloseCombat,BraveBird,Tailwind,Protect|Jolly||F|||50|
|showteam|p2|Whimsicott||FocusSash|Prankster|Protect,Moonblast,Tailwind,Encore|Timid||F|||50|]Dragonite||Dragoninite|Multiscale|Protect,DragonPulse,Flamethrower,Thunderbolt|Modest||F|||50|]Gholdengo||LifeOrb|GoodasGold|Protect,MakeItRain,ShadowBall,NastyPlot|Timid|||||50|]Incineroar||PasshoBerry|Intimidate|FakeOut,FlareBlitz,ThroatChop,PartingShot|Impish||F|||50|]Clefable||SitrusBerry|Unaware|Moonblast,HealPulse,IcyWind,FollowMe|Calm||M|||50|]Sneasler||WhiteHerb|Unburden|FakeOut,DireClaw,CloseCombat,RockSlide|Jolly||M|||50|
|inactive|Battle timer is ON: inactive players will automatically lose when time's up. (requested by munjah 14)
|inactive|Mashuno has 60 seconds left.
|
|t:|1785439110
|teamsize|p1|4
|teamsize|p2|4
|start
|switch|p1a: Sneasler|Sneasler, L50, M, shiny|100/100
|switch|p1b: Staraptor|Staraptor, L50, F, shiny|100/100
|switch|p2a: Sneasler|Sneasler, L50, M|100/100
|switch|p2b: Gholdengo|Gholdengo, L50|100/100
|-ability|p1b: Staraptor|Intimidate|boost
|-unboost|p2a: Sneasler|atk|1
|-unboost|p2b: Gholdengo|atk|1
|-enditem|p2a: Sneasler|White Herb
|-clearnegativeboost|p2a: Sneasler|[silent]
|turn|1
|inactive|Mashuno has 30 seconds left.
|inactive|Mashuno has 20 seconds left.
|inactive|munjah 14 has 30 seconds left.
|inactive|Mashuno has 15 seconds left.
|
|t:|1785439153
|move|p2a: Sneasler|Fake Out|p1b: Staraptor
|-damage|p1b: Staraptor|82/100
|move|p1a: Sneasler|Fake Out|p2a: Sneasler
|-damage|p2a: Sneasler|73/100
|cant|p1b: Staraptor|flinch
|move|p2b: Gholdengo|Nasty Plot|p2b: Gholdengo
|-boost|p2b: Gholdengo|spa|2
|
|upkeep
|turn|2
|
|t:|1785439172
|switch|p1b: Rotom|Rotom-Wash, L50, shiny|100/100
|move|p2a: Sneasler|Rock Slide|p1b: Rotom|[spread] p1b
|-miss|p2a: Sneasler|p1a: Sneasler
|-damage|p1b: Rotom|79/100
|move|p1a: Sneasler|Close Combat|p2a: Sneasler
|-resisted|p2a: Sneasler|1
|-damage|p2a: Sneasler|19/100
|-unboost|p1a: Sneasler|def|1
|-unboost|p1a: Sneasler|spd|1
|-enditem|p1a: Sneasler|White Herb
|-clearnegativeboost|p1a: Sneasler|[silent]
|move|p2b: Gholdengo|Make It Rain|p1a: Sneasler|[spread] p1a,p1b
|-resisted|p1b: Rotom|2
|-damage|p1a: Sneasler|0 fnt
|-damage|p1b: Rotom|52/100
|-unboost|p2b: Gholdengo|spa|2
|faint|p1a: Sneasler
|-damage|p2b: Gholdengo|90/100|[from] item: Life Orb
|
|upkeep
|
|t:|1785439189
|switch|p1a: Staraptor|Staraptor, L50, F, shiny|82/100
|-ability|p1a: Staraptor|Intimidate|boost
|-unboost|p2a: Sneasler|atk|1
|-unboost|p2b: Gholdengo|atk|1
|turn|3
|inactive|Mashuno has 30 seconds left.
|inactive|Mashuno has 20 seconds left.
|inactive|Mashuno has 15 seconds left.
|inactive|Mashuno has 10 seconds left.
|
|t:|1785439237
|detailschange|p1a: Staraptor|Staraptor-Mega, L50, F, shiny
|-mega|p1a: Staraptor|Staraptor|Staraptite
|move|p2a: Sneasler|Close Combat|p1b: Rotom
|-damage|p1b: Rotom|6/100
|-unboost|p2a: Sneasler|def|1
|-unboost|p2a: Sneasler|spd|1
|move|p1a: Staraptor|Close Combat|p2a: Sneasler
|-resisted|p2a: Sneasler|1
|-damage|p2a: Sneasler|0 fnt
|-boost|p1a: Staraptor|def|1
|-boost|p1a: Staraptor|spd|1
|faint|p2a: Sneasler
|move|p2b: Gholdengo|Make It Rain|p1a: Staraptor|[spread] p1a,p1b
|-resisted|p1b: Rotom|2
|-damage|p1a: Staraptor|43/100
|-damage|p1b: Rotom|0 fnt
|-unboost|p2b: Gholdengo|spa|2
|faint|p1b: Rotom
|-damage|p2b: Gholdengo|81/100|[from] item: Life Orb
|
|upkeep
|inactive|Mashuno has 30 seconds left.
|inactive|Mashuno has 20 seconds left.
|inactive|Mashuno has 15 seconds left.
|
|t:|1785439277
|switch|p2a: Whimsicott|Whimsicott, L50, F|100/100
|switch|p1b: Arcanine|Arcanine-Hisui, L50, M, shiny|100/100
|turn|4
|
|t:|1785439290
|move|p2a: Whimsicott|Moonblast|p1a: Staraptor
|-supereffective|p1a: Staraptor|1
|-damage|p1a: Staraptor|0 fnt
|faint|p1a: Staraptor
|move|p1b: Arcanine|Flare Blitz|p2b: Gholdengo
|-supereffective|p2b: Gholdengo|1
|-damage|p2b: Gholdengo|0 fnt
|faint|p2b: Gholdengo
|
|upkeep
|
|t:|1785439299
|switch|p2b: Dragonite|Dragonite, L50, F|100/100
|turn|5
|
|t:|1785439309
|detailschange|p2b: Dragonite|Dragonite-Mega, L50, F
|-mega|p2b: Dragonite|Dragonite|Dragoninite
|move|p2a: Whimsicott|Tailwind|p2a: Whimsicott
|-sidestart|p2: Mashuno|move: Tailwind
|move|p2b: Dragonite|Dragon Pulse|p1b: Arcanine
|-damage|p1b: Arcanine|38/100
|move|p1b: Arcanine|Head Smash|p2b: Dragonite|[miss]
|-miss|p1b: Arcanine|p2b: Dragonite
|
|upkeep
|turn|6
|-message|munjah 14 forfeited.
|
|win|Mashuno
|l|☆munjah 14
|player|p1|
||munjah 14 is ready for game 3.
|inactive|Mashuno has 30 seconds to confirm battle start!
|inactive|Mashuno has 20 seconds to confirm battle start!
