|j|☆RegiSIXSEVEN
|j|☆EATSOUL
|html|RegiSIXSEVENEATSOUL    
|uhtml|bestof|Game 2 of a best-of-3
|t:|1785251563
|gametype|doubles
|player|p1|RegiSIXSEVEN|steven|1227
|player|p2|EATSOUL|1|1110
|gen|9
|tier|[Gen 9 Champions] VGC 2026 Reg M-B (Bo3)
|rated|
|rule|Species Clause: Limit one of each Pokémon
|rule|Item Clause: Limit 1 of each item
|clearpoke
|poke|p1|Farigiraf, L50, M, shiny|
|poke|p1|Camerupt, L50, M, shiny|
|poke|p1|Maushold-Four, L50, shiny|
|poke|p1|Hatterene, L50, F, shiny|
|poke|p1|Kingambit, L50, M, shiny|
|poke|p1|Blastoise, L50, F, shiny|
|poke|p2|Goodra-Hisui, L50, F|
|poke|p2|Oranguru, L50, M|
|poke|p2|Serperior, L50, M|
|poke|p2|Pelipper, L50, F|
|poke|p2|Greninja, L50, M|
|poke|p2|Grimmsnarl, L50, M|
|teampreview|4
|showteam|p1|Farigiraf||SitrusBerry|ArmorTail|TwinBeam,HyperVoice,NastyPlot,TrickRoom|Relaxed||M|||50|]Camerupt||Cameruptite|SolidRock|Eruption,EarthPower,AncientPower,Protect|Quiet||M|||50|]Maushold-Four||WideLens|FriendGuard|PopulationBomb,LowKick,FollowMe,Protect|Jolly|||||50|]Hatterene||BabiriBerry|MagicBounce|Psyshock,DazzlingGleam,HelpingHand,TrickRoom|Quiet||F|||50|]Kingambit||LifeOrb|Defiant|SuckerPunch,KowtowCleave,IronHead,Protect|Brave||M|||50|]Blastoise||Blastoisinite|RainDish|FakeOut,WaterSpout,DarkPulse,AuraSphere|Quiet||F|||50|
|showteam|p2|Goodra-Hisui||Leftovers|SapSipper|GyroBall,Curse,Protect,FirePunch|Brave||F|||50|]Oranguru||SitrusBerry|InnerFocus|TrickRoom,Instruct,FutureSight,WonderRoom|Bold||M|||50|]Serperior||FocusBand|Contrary|LeafStorm,KnockOff,DragonPulse,Protect|Modest||M|||50|]Pelipper||LifeOrb|Drizzle|WeatherBall,WideGuard,Hurricane,Protect|Modest||F|||50|]Greninja||Greninjite|Protean|Blizzard,DarkPulse,WeatherBall,Protect|Modest||M|||50|]Grimmsnarl||RoseliBerry|Prankster|PartingShot,SpiritBreak,ScaryFace,FakeTears|Impish||M|||50|
|inactive|Battle timer is ON: inactive players will automatically lose when time's up. (requested by RegiSIXSEVEN)
|
|t:|1785251587
|teamsize|p1|4
|teamsize|p2|4
|start
|switch|p1a: Farigiraf|Farigiraf, L50, M, shiny|100/100
|switch|p1b: Maushold|Maushold-Four, L50, shiny|100/100
|switch|p2a: Goodra|Goodra-Hisui, L50, F|100/100
|switch|p2b: Oranguru|Oranguru, L50, M|100/100
|turn|1
|
|t:|1785251605
|move|p1b: Maushold|Population Bomb|p2b: Oranguru
|-damage|p2b: Oranguru|93/100
|-damage|p2b: Oranguru|87/100
|-damage|p2b: Oranguru|81/100
|-damage|p2b: Oranguru|75/100
|-damage|p2b: Oranguru|70/100
|-damage|p2b: Oranguru|63/100
|-damage|p2b: Oranguru|57/100
|-damage|p2b: Oranguru|52/100
|-damage|p2b: Oranguru|45/100
|-enditem|p2b: Oranguru|Sitrus Berry|[eat]
|-heal|p2b: Oranguru|70/100|[from] item: Sitrus Berry
|-damage|p2b: Oranguru|64/100
|-hitcount|p2b: Oranguru|10
|move|p2b: Oranguru|Instruct||[still]
|-fail|p2b: Oranguru
|move|p1a: Farigiraf|Nasty Plot|p1a: Farigiraf
|-boost|p1a: Farigiraf|spa|2
|move|p2a: Goodra|Curse|p2a: Goodra
|-unboost|p2a: Goodra|spe|1
|-boost|p2a: Goodra|atk|1
|-boost|p2a: Goodra|def|1
|
|upkeep
|turn|2
|inactive|RegiSIXSEVEN has 30 seconds left.
|inactive|EATSOUL has 30 seconds left.
|
|t:|1785251640
|move|p1b: Maushold|Population Bomb|p2b: Oranguru
|-damage|p2b: Oranguru|58/100
|-damage|p2b: Oranguru|52/100
|-damage|p2b: Oranguru|46/100
|-damage|p2b: Oranguru|40/100
|-damage|p2b: Oranguru|34/100
|-damage|p2b: Oranguru|27/100
|-damage|p2b: Oranguru|22/100
|-damage|p2b: Oranguru|16/100
|-damage|p2b: Oranguru|10/100
|-damage|p2b: Oranguru|4/100
|-hitcount|p2b: Oranguru|10
|move|p2b: Oranguru|Instruct|p2a: Goodra
|-singleturn|p2a: Goodra|move: Instruct|[of] p2b: Oranguru
|move|p2a: Goodra|Curse|p2a: Goodra
|-unboost|p2a: Goodra|spe|1
|-boost|p2a: Goodra|atk|1
|-boost|p2a: Goodra|def|1
|move|p2a: Goodra|Gyro Ball|p1b: Maushold
|-damage|p1b: Maushold|0 fnt
|faint|p1b: Maushold
|move|p1a: Farigiraf|Trick Room|p1a: Farigiraf
|-fieldstart|move: Trick Room|[of] p1a: Farigiraf
|
|upkeep
|
|t:|1785251662
|switch|p1b: Camerupt|Camerupt, L50, M, shiny|100/100
|turn|3
|
|t:|1785251684
|switch|p2b: Pelipper|Pelipper, L50, F|100/100
|-weather|RainDance|[from] ability: Drizzle|[of] p2b: Pelipper
|detailschange|p1b: Camerupt|Camerupt-Mega, L50, M, shiny
|-mega|p1b: Camerupt|Camerupt|Cameruptite
|move|p1b: Camerupt|Earth Power|p2a: Goodra
|-supereffective|p2a: Goodra|1
|-damage|p2a: Goodra|5/100
|move|p2a: Goodra|Gyro Ball|p1a: Farigiraf
|-damage|p1a: Farigiraf|62/100
|move|p1a: Farigiraf|Hyper Voice|p2a: Goodra|[spread] p2a,p2b
|-resisted|p2a: Goodra|1
|-damage|p2a: Goodra|0 fnt
|-damage|p2b: Pelipper|33/100
|faint|p2a: Goodra
|
|-weather|RainDance|[upkeep]
|upkeep
|
|t:|1785251699
|switch|p2a: Grimmsnarl|Grimmsnarl, L50, M|100/100
|turn|4
|inactive|EATSOUL has 30 seconds left.
|inactive|EATSOUL has 20 seconds left.
|
|t:|1785251734
|move|p2a: Grimmsnarl|Scary Face|p2b: Pelipper
|-unboost|p2b: Pelipper|spe|2
|move|p1b: Camerupt|Earth Power|p2a: Grimmsnarl
|-damage|p2a: Grimmsnarl|14/100
|move|p2b: Pelipper|Weather Ball|p1b: Camerupt
|-supereffective|p1b: Camerupt|2
|-damage|p1b: Camerupt|0 fnt
|faint|p1b: Camerupt
|-damage|p2b: Pelipper|23/100|[from] item: Life Orb
|move|p1a: Farigiraf|Hyper Voice|p2b: Pelipper|[spread] p2a,p2b
|-damage|p2a: Grimmsnarl|0 fnt
|-damage|p2b: Pelipper|0 fnt
|faint|p2a: Grimmsnarl
|faint|p2b: Pelipper
|
|-weather|RainDance|[upkeep]
|upkeep
|
|t:|1785251748
|switch|p1b: Hatterene|Hatterene, L50, F, shiny|100/100
|switch|p2b: Oranguru|Oranguru, L50, M|4/100
|turn|5
|-message|EATSOUL forfeited.
|raw|RegiSIXSEVEN's rating: 1227 → 1244(+17 for winning)
|raw|EATSOUL's rating: 1110 → 1093(-17 for losing)
|
|win|RegiSIXSEVEN
