|j|☆VenuDaAscoInRain
|j|☆luisreey
|html|VenuDaAscoInRainluisreey    
|uhtml|bestof|Game 1 of a best-of-3
|t:|1783525206
|gametype|doubles
|player|p1|VenuDaAscoInRain|li|1318
|player|p2|luisreey|n|1239
|gen|9
|tier|[Gen 9 Champions] VGC 2026 Reg M-B (Bo3)
|rated|
|rule|Species Clause: Limit one of each Pokémon
|rule|Item Clause: Limit 1 of each item
|clearpoke
|poke|p1|Charizard, L50, M, shiny|
|poke|p1|Farigiraf, L50, M, shiny|
|poke|p1|Kingambit, L50, M, shiny|
|poke|p1|Sylveon, L50, M, shiny|
|poke|p1|Aerodactyl, L50, M, shiny|
|poke|p1|Garchomp, L50, M, shiny|
|poke|p2|Charizard, L50, F|
|poke|p2|Aerodactyl, L50, M|
|poke|p2|Garchomp, L50, M|
|poke|p2|Kingambit, L50, M|
|poke|p2|Farigiraf, L50, F|
|poke|p2|Sylveon, L50, M|
|teampreview|4
|showteam|p1|Charizard||CharizarditeY|SolarPower|Protect,WeatherBall,HeatWave,SolarBeam|Modest||M|||50|]Farigiraf||ExpertBelt|ArmorTail|SunnyDay,PsychicFangs,Thunderbolt,TrickRoom|Bold||M|||50|]Kingambit||FocusSash|Defiant|KowtowCleave,SuckerPunch,IronHead,LowKick|Adamant||M|||50|]Sylveon||FairyFeather|Pixilate|Detect,HyperVoice,HyperBeam,QuickAttack|Modest||M|||50|]Aerodactyl||Aerodactylite|Unnerve|IceFang,RockSlide,DualWingbeat,Tailwind|Jolly||M|||50|]Garchomp||LifeOrb|RoughSkin|Protect,StompingTantrum,DragonClaw,Earthquake|Adamant||M|||50|
|showteam|p2|Charizard||CharizarditeY|SolarPower|WeatherBall,HeatWave,SolarBeam,Protect|Modest||F|||50|]Aerodactyl||Aerodactylite|Unnerve|Tailwind,DualWingbeat,IceFang,RockSlide|Hasty||M|||50|]Garchomp||LifeOrb|RoughSkin|DragonClaw,Earthquake,StompingTantrum,Protect|Jolly||M|||50|]Kingambit||FocusSash|Defiant|KowtowCleave,SuckerPunch,LowKick,IronHead|Adamant||M|||50|]Farigiraf||SitrusBerry|ArmorTail|PsychicFangs,Thunderbolt,TrickRoom,Roar|Relaxed||F|||50|]Sylveon||FairyFeather|Pixilate|HyperBeam,HyperVoice,QuickAttack,Protect|Modest||M|||50|
|inactive|Battle timer is ON: inactive players will automatically lose when time's up. (requested by VenuDaAscoInRain)
|inactive|luisreey has 60 seconds left.
|inactive|luisreey has 30 seconds left.
|inactive|luisreey has 20 seconds left.
|
|t:|1783525277
|teamsize|p1|4
|teamsize|p2|4
|start
|switch|p1a: Aerodactyl|Aerodactyl, L50, M, shiny|100/100
|switch|p1b: Kingambit|Kingambit, L50, M, shiny|100/100
|switch|p2a: Aerodactyl|Aerodactyl, L50, M|100/100
|switch|p2b: Kingambit|Kingambit, L50, M|100/100
|-ability|p1a: Aerodactyl|Unnerve
|-ability|p2a: Aerodactyl|Unnerve
|turn|1
|inactive|luisreey has 30 seconds left.
|inactive|luisreey has 20 seconds left.
|
|t:|1783525317
|detailschange|p2a: Aerodactyl|Aerodactyl-Mega, L50, M
|-mega|p2a: Aerodactyl|Aerodactyl|Aerodactylite
|detailschange|p1a: Aerodactyl|Aerodactyl-Mega, L50, M, shiny
|-mega|p1a: Aerodactyl|Aerodactyl|Aerodactylite
|move|p1a: Aerodactyl|Tailwind|p1a: Aerodactyl
|-sidestart|p1: VenuDaAscoInRain|move: Tailwind
|move|p2a: Aerodactyl|Rock Slide|p1a: Aerodactyl|[spread] p1a
|-miss|p2a: Aerodactyl|p1b: Kingambit
|-supereffective|p1a: Aerodactyl|1
|-damage|p1a: Aerodactyl|34/100
|move|p1b: Kingambit|Iron Head|p2a: Aerodactyl
|-supereffective|p2a: Aerodactyl|1
|-crit|p2a: Aerodactyl
|-damage|p2a: Aerodactyl|0 fnt
|faint|p2a: Aerodactyl
|move|p2b: Kingambit|Low Kick|p1b: Kingambit
|-supereffective|p1b: Kingambit|2
|-enditem|p1b: Kingambit|Focus Sash
|-damage|p1b: Kingambit|1/100
|
|upkeep
|
|t:|1783525340
|switch|p2a: Farigiraf|Farigiraf, L50, F|100/100
|turn|2
|inactive|luisreey has 30 seconds left.
|inactive|luisreey has 20 seconds left.
|
|t:|1783525378
|switch|p1b: Garchomp|Garchomp, L50, M, shiny|100/100
|move|p2b: Kingambit|Sucker Punch||[still]
|-fail|p2b: Kingambit
|move|p1a: Aerodactyl|Rock Slide|p2b: Kingambit|[spread] p2a,p2b
|-resisted|p2b: Kingambit|1
|-damage|p2a: Farigiraf|78/100
|-damage|p2b: Kingambit|88/100
|move|p2a: Farigiraf|Trick Room|p2a: Farigiraf
|-fieldstart|move: Trick Room|[of] p2a: Farigiraf
|
|upkeep
|turn|3
|inactive|luisreey has 30 seconds left.
|inactive|VenuDaAscoInRain has 30 seconds left.
|inactive|luisreey has 20 seconds left.
|inactive|luisreey has 15 seconds left.
|inactive|luisreey has 10 seconds left.
|
|t:|1783525428
|switch|p1a: Kingambit|Kingambit, L50, M, shiny|1/100
|move|p2a: Farigiraf|Psychic Fangs|p1b: Garchomp
|-damage|p1b: Garchomp|76/100
|-damage|p2a: Farigiraf|65/100|[from] ability: Rough Skin|[of] p1b: Garchomp
|move|p2b: Kingambit|Kowtow Cleave|p1a: Kingambit
|-resisted|p1a: Kingambit|1
|-damage|p1a: Kingambit|0 fnt
|faint|p1a: Kingambit
|move|p1b: Garchomp|Earthquake|p2a: Farigiraf|[spread] p2a,p2b
|-supereffective|p2b: Kingambit|1
|-damage|p2a: Farigiraf|26/100
|-damage|p2b: Kingambit|0 fnt
|-enditem|p2a: Farigiraf|Sitrus Berry|[eat]
|-heal|p2a: Farigiraf|51/100|[from] item: Sitrus Berry
|faint|p2b: Kingambit
|-damage|p1b: Garchomp|67/100|[from] item: Life Orb
|
|upkeep
|
|t:|1783525444
|switch|p2b: Sylveon|Sylveon, L50, M|100/100
|switch|p1a: Sylveon|Sylveon, L50, M, shiny|100/100
|turn|4
|
|t:|1783525461
|move|p1a: Sylveon|Detect|p1a: Sylveon
|-singleturn|p1a: Sylveon|Protect
|move|p1b: Garchomp|Protect|p1b: Garchomp
|-singleturn|p1b: Garchomp|Protect
|move|p2a: Farigiraf|Psychic Fangs|p1a: Sylveon
|-activate|p1a: Sylveon|move: Protect
|move|p2b: Sylveon|Hyper Voice|p1a: Sylveon|[spread] 
|-activate|p1a: Sylveon|move: Protect
|-activate|p1b: Garchomp|move: Protect
|
|-sideend|p1: VenuDaAscoInRain|move: Tailwind
|upkeep
|turn|5
|
|t:|1783525472
|switch|p1b: Aerodactyl|Aerodactyl-Mega, L50, M, shiny|34/100
|move|p2a: Farigiraf|Psychic Fangs|p1a: Sylveon
|-damage|p1a: Sylveon|69/100
|move|p2b: Sylveon|Hyper Voice|p1b: Aerodactyl|[spread] p1a,p1b
|-damage|p1a: Sylveon|32/100
|-damage|p1b: Aerodactyl|0 fnt
|faint|p1b: Aerodactyl
|move|p1a: Sylveon|Hyper Voice|p2a: Farigiraf|[spread] p2a,p2b
|-damage|p2a: Farigiraf|5/100
|-damage|p2b: Sylveon|61/100
|
|upkeep
|
|t:|1783525482
|switch|p1b: Garchomp|Garchomp, L50, M, shiny|67/100
|turn|6
|inactive|luisreey has 30 seconds left.
|inactive|luisreey has 20 seconds left.
|inactive|luisreey has 15 seconds left.
|inactive|luisreey has 10 seconds left.
|inactive|luisreey has 5 seconds left.
|
|t:|1783525535
|move|p1a: Sylveon|Detect|p1a: Sylveon
|-singleturn|p1a: Sylveon|Protect
|move|p1b: Garchomp|Protect|p1b: Garchomp
|-singleturn|p1b: Garchomp|Protect
|move|p2a: Farigiraf|Psychic Fangs|p1b: Garchomp
|-activate|p1b: Garchomp|move: Protect
|move|p2b: Sylveon|Hyper Voice|p1b: Garchomp|[spread] 
|-activate|p1a: Sylveon|move: Protect
|-activate|p1b: Garchomp|move: Protect
|
|-fieldend|move: Trick Room
|upkeep
|turn|7
|inactive|luisreey has 30 seconds left.
|inactive|luisreey has 20 seconds left.
|inactive|luisreey has 15 seconds left.
|inactive|luisreey has 10 seconds left.
|
|t:|1783525581
|move|p1b: Garchomp|Stomping Tantrum|p2b: Sylveon
|-damage|p2b: Sylveon|6/100
|-damage|p1b: Garchomp|57/100|[from] item: Life Orb
|move|p1a: Sylveon|Hyper Voice|p2b: Sylveon|[spread] p2a,p2b
|-damage|p2a: Farigiraf|0 fnt
|-damage|p2b: Sylveon|0 fnt
|faint|p2a: Farigiraf
|faint|p2b: Sylveon
|
|win|VenuDaAscoInRain
