|j|☆chefbenboyrd
|j|☆Bad Game Bad
|html|chefbenboyrdBad Game Bad    
|uhtml|bestof|Game 1 of a best-of-3
|t:|1756395547
|gametype|doubles
|player|p1|chefbenboyrd|roughneck|1171
|player|p2|Bad Game Bad|pokemonranger-gen4|1207
|gen|9
|tier|[Gen 9] VGC 2025 Reg H (Bo3)
|rated|
|rule|Species Clause: Limit one of each Pokémon
|rule|Item Clause: Limit 1 of each item
|clearpoke
|poke|p1|Whimsicott, L50, F|
|poke|p1|Hydreigon, L50, M|
|poke|p1|Grimmsnarl, L50, M|
|poke|p1|Incineroar, L50, M|
|poke|p1|Gholdengo, L50|
|poke|p1|Annihilape, L50, M|
|poke|p2|Amoonguss, L50, F|
|poke|p2|Incineroar, L50, M|
|poke|p2|Porygon2, L50|
|poke|p2|Ursaluna, L50, M|
|poke|p2|Hydreigon, L50, F|
|poke|p2|Sneasler, L50, F|
|teampreview|4
|showteam|p1|Whimsicott||FocusSash|Prankster|SunnyDay,Encore,Tailwind,Moonblast|||F|||50|,,,,,Ghost]Hydreigon||ChoiceSpecs|Levitate|HeatWave,DracoMeteor,Snarl,DarkPulse|||M|||50|,,,,,Fire]Grimmsnarl||LightClay|Prankster|SpiritBreak,Reflect,LightScreen,ThunderWave|||M|||50|,,,,,Steel]Incineroar||SafetyGoggles|Intimidate|KnockOff,FakeOut,PartingShot,FlareBlitz|||M|||50|,,,,,Ghost]Gholdengo||LifeOrb|GoodasGold|Protect,MakeItRain,ShadowBall,NastyPlot||||||50|,,,,,Water]Annihilape||SitrusBerry|Defiant|Protect,Taunt,RageFist,DrainPunch|||M|||50|,,,,,Fairy
|showteam|p2|Amoonguss||SitrusBerry|Regenerator|ClearSmog,PollenPuff,Spore,RagePowder|||F|||50|,,,,,Water]Incineroar||MirrorHerb|Intimidate|FakeOut,KnockOff,FlareBlitz,PartingShot|||M|||50|,,,,,Grass]Porygon2||Eviolite|Download|TeraBlast,IceBeam,Recover,TrickRoom||||||50|,,,,,Fighting]Ursaluna||FlameOrb|Guts|Facade,HeadlongRush,Earthquake,Protect|||M|||50|,,,,,Fairy]Hydreigon||SafetyGoggles|Levitate|DracoMeteor,Snarl,Tailwind,Protect|||F|||50|,,,,,Ghost]Sneasler||FocusSash|Unburden|CloseCombat,DireClaw,ThroatChop,Coaching|||F|||50|,,,,,Stellar
|inactive|Battle timer is ON: inactive players will automatically lose when time's up. (requested by chefbenboyrd)
|
|t:|1756395579
|teamsize|p1|4
|teamsize|p2|4
|start
|switch|p1a: Annihilape|Annihilape, L50, M|100/100
|switch|p1b: Grimmsnarl|Grimmsnarl, L50, M|100/100
|switch|p2a: Bearier|Porygon2, L50|100/100
|switch|p2b: Bear Arms|Incineroar, L50, M|100/100
|-ability|p2b: Bear Arms|Intimidate|boost
|-unboost|p1a: Annihilape|atk|1
|-ability|p1a: Annihilape|Defiant|boost
|-boost|p1a: Annihilape|atk|2
|-unboost|p1b: Grimmsnarl|atk|1
|-ability|p2a: Bearier|Download|boost
|-boost|p2a: Bearier|atk|1
|-enditem|p2b: Bear Arms|Mirror Herb
|-boost|p2b: Bear Arms|atk|2|[from] item: Mirror Herb
|turn|1
|inactive|chefbenboyrd has 30 seconds left.
|
|t:|1756395605
|move|p2b: Bear Arms|Fake Out|p1b: Grimmsnarl
|-crit|p1b: Grimmsnarl
|-damage|p1b: Grimmsnarl|66/100
|cant|p1b: Grimmsnarl|flinch
|move|p1a: Annihilape|Taunt|p2a: Bearier
|-start|p2a: Bearier|move: Taunt
|cant|p2a: Bearier|move: Taunt|Trick Room
|
|upkeep
|turn|2
|
|t:|1756395621
|move|p1b: Grimmsnarl|Reflect|p1b: Grimmsnarl
|-sidestart|p1: chefbenboyrd|Reflect
|move|p1a: Annihilape|Drain Punch|p2b: Bear Arms
|-supereffective|p2b: Bear Arms
|-damage|p2b: Bear Arms|14/100
|move|p2b: Bear Arms|Knock Off|p1a: Annihilape
|-damage|p1a: Annihilape|49/100
|-enditem|p1a: Annihilape|Sitrus Berry|[from] move: Knock Off|[of] p2b: Bear Arms
|move|p2a: Bearier|Tera Blast|p1b: Grimmsnarl
|-damage|p1b: Grimmsnarl|36/100
|
|upkeep
|turn|3
|
|t:|1756395636
|switch|p2b: Bearings|Amoonguss, L50, F|100/100
|move|p1b: Grimmsnarl|Light Screen|p1b: Grimmsnarl
|-sidestart|p1: chefbenboyrd|move: Light Screen
|move|p1a: Annihilape|Drain Punch|p2b: Bearings
|-resisted|p2b: Bearings
|-damage|p2b: Bearings|83/100
|-heal|p1a: Annihilape|58/100|[from] drain|[of] p2b: Bearings
|move|p2a: Bearier|Tera Blast|p1b: Grimmsnarl
|-damage|p1b: Grimmsnarl|14/100
|
|-end|p2a: Bearier|move: Taunt
|upkeep
|turn|4
|
|t:|1756395661
|move|p2b: Bearings|Rage Powder|p2b: Bearings
|-singleturn|p2b: Bearings|move: Rage Powder
|move|p1b: Grimmsnarl|Thunder Wave|p2b: Bearings
|-status|p2b: Bearings|par
|move|p1a: Annihilape|Taunt|p2b: Bearings
|-start|p2b: Bearings|move: Taunt
|move|p2a: Bearier|Trick Room|p2a: Bearier
|-fieldstart|move: Trick Room|[of] p2a: Bearier
|
|upkeep
|turn|5
|
|t:|1756395678
|switch|p2b: Bear?|Ursaluna, L50, M|100/100
|move|p1b: Grimmsnarl|Thunder Wave|p2a: Bearier
|-status|p2a: Bearier|par
|move|p2a: Bearier|Tera Blast|p1b: Grimmsnarl
|-damage|p1b: Grimmsnarl|0 fnt
|faint|p1b: Grimmsnarl
|move|p1a: Annihilape|Drain Punch|p2a: Bearier
|-supereffective|p2a: Bearier
|-damage|p2a: Bearier|44/100 par
|-heal|p1a: Annihilape|83/100|[from] drain|[of] p2a: Bearier
|
|-status|p2b: Bear?|brn|[from] item: Flame Orb
|upkeep
|
|t:|1756395693
|switch|p1b: Incineroar|Incineroar, L50, M|100/100
|-ability|p1b: Incineroar|Intimidate|boost
|-unboost|p2a: Bearier|atk|1
|-unboost|p2b: Bear?|atk|1
|turn|6
|
|t:|1756395713
|switch|p2a: Bearings|Amoonguss, L50, F|100/100 par
|-terastallize|p2b: Bear?|Fairy
|move|p1b: Incineroar|Fake Out|p2b: Bear?
|-damage|p2b: Bear?|91/100 brn
|cant|p2b: Bear?|flinch
|move|p1a: Annihilape|Drain Punch|p2a: Bearings
|-resisted|p2a: Bearings
|-damage|p2a: Bearings|82/100 par
|-heal|p1a: Annihilape|92/100|[from] drain|[of] p2a: Bearings
|
|-damage|p2b: Bear?|85/100 brn|[from] brn
|upkeep
|turn|7
|
|t:|1756395736
|switch|p1b: Gholdengo|Gholdengo, L50|100/100
|move|p1a: Annihilape|Protect|p1a: Annihilape
|-singleturn|p1a: Annihilape|Protect
|move|p2a: Bearings|Clear Smog|p2b: Bear?
|-supereffective|p2b: Bear?
|-damage|p2b: Bear?|61/100 brn
|-clearboost|p2b: Bear?
|move|p2b: Bear?|Headlong Rush|p1b: Gholdengo
|-supereffective|p1b: Gholdengo
|-damage|p1b: Gholdengo|0 fnt
|-unboost|p2b: Bear?|def|1
|-unboost|p2b: Bear?|spd|1
|faint|p1b: Gholdengo
|
|-damage|p2b: Bear?|54/100 brn|[from] brn
|upkeep
|
|t:|1756395749
|switch|p1b: Incineroar|Incineroar, L50, M|100/100
|-ability|p1b: Incineroar|Intimidate|boost
|-unboost|p2a: Bearings|atk|1
|-unboost|p2b: Bear?|atk|1
|turn|8
|
|t:|1756395758
|move|p1b: Incineroar|Fake Out|p2a: Bearings
|-damage|p2a: Bearings|72/100 par
|cant|p2a: Bearings|flinch
|move|p2b: Bear?|Headlong Rush|p1b: Incineroar
|-supereffective|p1b: Incineroar
|-damage|p1b: Incineroar|13/100
|-unboost|p2b: Bear?|def|1
|-unboost|p2b: Bear?|spd|1
|move|p1a: Annihilape|Rage Fist|p2b: Bear?
|-damage|p2b: Bear?|0 fnt
|faint|p2b: Bear?
|
|-fieldend|move: Trick Room
|upkeep
|
|t:|1756395782
|switch|p2b: Bearier|Porygon2, L50|44/100 par
|-ability|p2b: Bearier|Download|boost
|-boost|p2b: Bearier|atk|1
|turn|9
|
|t:|1756395791
|move|p2a: Bearings|Rage Powder|p2a: Bearings
|-singleturn|p2a: Bearings|move: Rage Powder
|move|p1a: Annihilape|Drain Punch|p2a: Bearings
|-resisted|p2a: Bearings
|-damage|p2a: Bearings|54/100 par
|-heal|p1a: Annihilape|100/100|[from] drain|[of] p2a: Bearings
|move|p1b: Incineroar|Flare Blitz|p2a: Bearings
|-supereffective|p2a: Bearings
|-damage|p2a: Bearings|0 fnt
|faint|p2a: Bearings
|-damage|p1b: Incineroar|0 fnt|[from] Recoil
|faint|p1b: Incineroar
|move|p2b: Bearier|Trick Room|p2b: Bearier
|-fieldstart|move: Trick Room|[of] p2b: Bearier
|
|-sideend|p1: chefbenboyrd|Reflect
|upkeep
|
|t:|1756395803
|switch|p2a: Bear Arms|Incineroar, L50, M|14/100
|-ability|p2a: Bear Arms|Intimidate|boost
|-unboost|p1a: Annihilape|atk|1
|-ability|p1a: Annihilape|Defiant|boost
|-boost|p1a: Annihilape|atk|2
|turn|10
|
|t:|1756395814
|-terastallize|p1a: Annihilape|Fairy
|move|p2b: Bearier|Ice Beam|p1a: Annihilape
|-damage|p1a: Annihilape|84/100
|move|p2a: Bear Arms|Flare Blitz|p1a: Annihilape
|-damage|p1a: Annihilape|38/100
|-damage|p2a: Bear Arms|0 fnt|[from] Recoil
|faint|p2a: Bear Arms
|move|p1a: Annihilape|Drain Punch|p2b: Bearier
|-supereffective|p2b: Bearier
|-damage|p2b: Bearier|0 fnt
|-heal|p1a: Annihilape|58/100|[from] drain|[of] p2b: Bearier
|faint|p2b: Bearier
|
|win|chefbenboyrd
|inactive|chefbenboyrd has 30 seconds to confirm battle start!
|inactive|Bad Game Bad has 30 seconds to confirm battle start!
|l|☆Bad Game Bad
|player|p2|
