|j|☆Sakky09
|j|☆dont make me walk
|html|Sakky09dont make me walk    
|uhtml|bestof|Game 3 of a best-of-3
|t:|1757059666
|gametype|doubles
|player|p1|Sakky09|sailor|1271
|player|p2|dont make me walk|red-masters3|1417
|gen|9
|tier|[Gen 9] VGC 2025 Reg H (Bo3)
|rated|
|rule|Species Clause: Limit one of each Pokémon
|rule|Item Clause: Limit 1 of each item
|clearpoke
|poke|p1|Pelipper, L50, M|
|poke|p1|Archaludon, L50, M|
|poke|p1|Dragonite, L50, M|
|poke|p1|Gholdengo, L50|
|poke|p1|Ursaluna, L50, M|
|poke|p1|Sinistcha, L50|
|poke|p2|Ursaluna-Bloodmoon, L50, M|
|poke|p2|Indeedee, L50, M|
|poke|p2|Sneasler, L50, M|
|poke|p2|Incineroar, L50, M|
|poke|p2|Talonflame, L50, F|
|poke|p2|Garchomp, L50, M|
|teampreview|4
|showteam|p1|Pelipper||FocusSash|Drizzle|MuddyWater,Hurricane,Tailwind,Protect|||M|||50|,,,,,Ghost]Archaludon||AssaultVest|Stamina|FlashCannon,BodyPress,ElectroShot,Snarl|||M|||50|,,,,,Fighting]Dragonite||LoadedDice|Multiscale|ScaleShot,Tailwind,Haze,Protect|||M|||50|,,,,,Fairy]Gholdengo||ChoiceScarf|GoodasGold|MakeItRain,ShadowBall,Trick,Protect||||||50|,,,,,Flying]Ursaluna||FlameOrb|Guts|Facade,HeadlongRush,Earthquake,Protect|||M|||50|,,,,,Ghost]Sinistcha||SitrusBerry|Hospitality|MatchaGotcha,LifeDew,RagePowder,TrickRoom||||||50|,,,,,Dark
|showteam|p2|Ursaluna-Bloodmoon||LifeOrb|MindsEye|Protect,EarthPower,HyperVoice,BloodMoon|||M|||50|,,,,,Normal]Indeedee||FocusSash|PsychicSurge|ExpandingForce,Protect,TrickRoom,Imprison|||M|||50|,,,,,Psychic]Sneasler||PsychicSeed|Unburden|DireClaw,CloseCombat,ThroatChop,Protect|||M|||50|,,,,,Dark]Incineroar||SafetyGoggles|Intimidate|FakeOut,KnockOff,FlareBlitz,PartingShot|||M|||50|,,,,,Ghost]Talonflame||CovertCloak|GaleWings|FlareBlitz,DualWingbeat,WillOWisp,Tailwind|||F|||50|,,,,,Fairy]Garchomp||ClearAmulet|RoughSkin|Earthquake,StompingTantrum,DragonClaw,Protect|||M|||50|,,,,,Fairy
|inactive|Battle timer is ON: inactive players will automatically lose when time's up. (requested by dont make me walk)
|inactive|Sakky09 has 60 seconds left.
|
|t:|1757059725
|teamsize|p1|4
|teamsize|p2|4
|start
|switch|p1a: Gholdengo|Gholdengo, L50|100/100
|switch|p1b: Dragonite|Dragonite, L50, M|100/100
|switch|p2a: Sneasler|Sneasler, L50, M|100/100
|switch|p2b: Indeedee|Indeedee, L50, M|100/100
|-fieldstart|move: Psychic Terrain|[from] ability: Psychic Surge|[of] p2b: Indeedee
|-enditem|p2a: Sneasler|Psychic Seed
|-boost|p2a: Sneasler|spd|1|[from] item: Psychic Seed
|turn|1
|inactive|Sakky09 has 30 seconds left.
|
|t:|1757059757
|move|p2a: Sneasler|Dire Claw|p1b: Dragonite
|-damage|p1b: Dragonite|78/100
|move|p1a: Gholdengo|Make It Rain|p2b: Indeedee|[spread] p2a,p2b
|-damage|p2a: Sneasler|54/100
|-damage|p2b: Indeedee|34/100
|-unboost|p1a: Gholdengo|spa|1
|move|p2b: Indeedee|Expanding Force|p1b: Dragonite|[spread] p1a,p1b
|-resisted|p1a: Gholdengo
|-damage|p1a: Gholdengo|69/100
|-damage|p1b: Dragonite|21/100
|move|p1b: Dragonite|Scale Shot|p2b: Indeedee
|-damage|p2b: Indeedee|2/100
|-damage|p2b: Indeedee|0 fnt
|faint|p2b: Indeedee
|-hitcount|p2: Indeedee|2
|-unboost|p1b: Dragonite|def|1
|-boost|p1b: Dragonite|spe|1
|
|upkeep
|
|t:|1757059767
|switch|p2b: Talonflame|Talonflame, L50, F|100/100
|turn|2
|inactive|Sakky09 has 30 seconds left.
|
|t:|1757059793
|move|p1b: Dragonite|Protect|p1b: Dragonite
|-singleturn|p1b: Dragonite|Protect
|move|p2b: Talonflame|Tailwind|p2b: Talonflame
|-sidestart|p2: dont make me walk|move: Tailwind
|move|p2a: Sneasler|Dire Claw|p1b: Dragonite
|-activate|p1b: Dragonite|move: Protect
|move|p1a: Gholdengo|Make It Rain|p2a: Sneasler|[spread] p2a,p2b
|-resisted|p2b: Talonflame
|-damage|p2a: Sneasler|20/100
|-damage|p2b: Talonflame|76/100
|-unboost|p1a: Gholdengo|spa|1
|
|upkeep
|turn|3
|inactive|Sakky09 has 30 seconds left.
|
|t:|1757059826
|switch|p1b: Pelipper|Pelipper, L50, M|100/100
|-weather|RainDance|[from] ability: Drizzle|[of] p1b: Pelipper
|-terastallize|p1a: Gholdengo|Flying
|move|p2a: Sneasler|Dire Claw|p1b: Pelipper
|-damage|p1b: Pelipper|49/100
|move|p2b: Talonflame|Flare Blitz|p1a: Gholdengo
|-damage|p1a: Gholdengo|47/100
|-damage|p2b: Talonflame|69/100|[from] Recoil
|move|p1a: Gholdengo|Make It Rain|p2a: Sneasler|[spread] p2a,p2b
|-resisted|p2b: Talonflame
|-damage|p2a: Sneasler|0 fnt
|-damage|p2b: Talonflame|51/100
|-unboost|p1a: Gholdengo|spa|1
|faint|p2a: Sneasler
|
|-weather|RainDance|[upkeep]
|upkeep
|
|t:|1757059829
|switch|p2a: Ursaluna|Ursaluna-Bloodmoon, L50, M|100/100
|turn|4
|inactive|Sakky09 has 30 seconds left.
|inactive|Sakky09 has 20 seconds left.
|
|t:|1757059868
|switch|p1b: Dragonite|Dragonite, L50, M|21/100
|-terastallize|p2a: Ursaluna|Normal
|move|p2b: Talonflame|Dual Wingbeat|p1a: Gholdengo
|-damage|p1a: Gholdengo|32/100
|-damage|p1a: Gholdengo|18/100
|-hitcount|p1a: Gholdengo|2
|move|p1a: Gholdengo|Make It Rain|p2a: Ursaluna|[spread] p2a,p2b
|-resisted|p2b: Talonflame
|-damage|p2a: Ursaluna|77/100
|-damage|p2b: Talonflame|37/100
|-unboost|p1a: Gholdengo|spa|1
|move|p2a: Ursaluna|Hyper Voice|p1b: Dragonite|[spread] p1a,p1b
|-damage|p1a: Gholdengo|0 fnt
|-damage|p1b: Dragonite|0 fnt
|faint|p1a: Gholdengo
|faint|p1b: Dragonite
|-damage|p2a: Ursaluna|67/100|[from] item: Life Orb
|
|-weather|RainDance|[upkeep]
|upkeep
|
|t:|1757059887
|switch|p1a: Pelipper|Pelipper, L50, M|49/100
|switch|p1b: Ursaluna|Ursaluna, L50, M|100/100
|turn|5
|
|t:|1757059897
|move|p1a: Pelipper|Protect|p1a: Pelipper
|-singleturn|p1a: Pelipper|Protect
|move|p1b: Ursaluna|Protect|p1b: Ursaluna
|-singleturn|p1b: Ursaluna|Protect
|move|p2b: Talonflame|Dual Wingbeat|p1b: Ursaluna
|-activate|p1b: Ursaluna|move: Protect
|move|p2a: Ursaluna|Hyper Voice|p1a: Pelipper|[spread] 
|-activate|p1a: Pelipper|move: Protect
|-activate|p1b: Ursaluna|move: Protect
|
|-weather|RainDance|[upkeep]
|-sideend|p2: dont make me walk|move: Tailwind
|-fieldend|move: Psychic Terrain
|-status|p1b: Ursaluna|brn|[from] item: Flame Orb
|upkeep
|turn|6
|
|t:|1757059921
|move|p2b: Talonflame|Tailwind|p2b: Talonflame
|-sidestart|p2: dont make me walk|move: Tailwind
|move|p2a: Ursaluna|Blood Moon|p1b: Ursaluna
|-damage|p1b: Ursaluna|0 fnt
|faint|p1b: Ursaluna
|-damage|p2a: Ursaluna|58/100|[from] item: Life Orb
|move|p1a: Pelipper|Muddy Water|p2a: Ursaluna|[spread] p2a,p2b
|-supereffective|p2b: Talonflame
|-damage|p2a: Ursaluna|0 fnt
|-damage|p2b: Talonflame|0 fnt
|faint|p2a: Ursaluna
|faint|p2b: Talonflame
|
|win|Sakky09
|raw|Sakky09's rating: 1271 → 1306(+35 for winning)
|raw|dont make me walk's rating: 1417 → 1389(-28 for losing)
