|j|☆The Elemelons
|j|☆mew mew season 2
|html|The Elemelonsmew mew season 2    
|uhtml|bestof|Game 1 of a best-of-3
|t:|1782673041
|gametype|doubles
|player|p1|The Elemelons|169|
|player|p2|mew mew season 2|miku-psychic|
|gen|9
|tier|[Gen 9 Champions] VGC 2026 Reg M-B (Bo3)
|rule|Species Clause: Limit one of each Pokémon
|rule|Item Clause: Limit 1 of each item
|clearpoke
|poke|p1|Raichu, L50, M|
|poke|p1|Basculegion, L50, M|
|poke|p1|Grimmsnarl, L50, M|
|poke|p1|Maushold, L50|
|poke|p1|Ceruledge, L50, M|
|poke|p1|Talonflame, L50, M|
|poke|p2|Torkoal, L50, F|
|poke|p2|Vileplume, L50, M|
|poke|p2|Farigiraf, L50, F|
|poke|p2|Scrafty, L50, M|
|poke|p2|Gallade, L50, M|
|poke|p2|Mawile, L50, F|
|teampreview|4
|showteam|p1|Raichu||RaichuniteY|LightningRod|Electroweb,ZapCannon,FakeOut,Protect|Timid||M|||50|]Basculegion||ChoiceScarf|Adaptability|Soak,LastRespects,WaveCrash,IceFang|Jolly||M|||50|]Grimmsnarl||LightClay|Prankster|LightScreen,Reflect,SpiritBreak,FakeOut|Adamant||M|||50|]Maushold||WideLens|Technician|PopulationBomb,Bite,Protect,FollowMe|Jolly|||||50|]Ceruledge||FocusSash|WeakArmor|SwordsDance,ShadowSneak,BitterBlade,Protect|Jolly||M|||50|]Talonflame|||GaleWings|Tailwind,Acrobatics,TemperFlare,Protect|Jolly||M|||50|
|showteam|p2|Torkoal||Charcoal|Drought|Eruption,WeatherBall,EarthPower,Protect|Quiet||F|||50|]Vileplume||FocusSash|Chlorophyll|EnergyBall,SludgeBomb,SleepPowder,AfterYou|Timid||M|||50|]Farigiraf||SitrusBerry|ArmorTail|TrickRoom,Protect,Psychic,HelpingHand|Sassy||F|||50|]Scrafty||Scraftinite|Intimidate|CloseCombat,KnockOff,FakeOut,RockSlide|Adamant||M|||50|]Gallade||IronBall|Sharpness|SacredSword,PsychoCut,WideGuard,TrickRoom|Brave||M|||50|]Mawile||Mawilite|Intimidate|SuckerPunch,PlayRough,SwordsDance,Protect|Adamant||F|||50|
|c|☆The Elemelons|im sure you remember my samu-rai team
|c|☆mew mew season 2|i do indeed
|c|☆The Elemelons|this is the same but with mega samurott-h (aka basc)
|
|t:|1782673145
|teamsize|p1|4
|teamsize|p2|4
|start
|switch|p1a: Raichu|Raichu, L50, M|100/100
|switch|p1b: Basculegion|Basculegion, L50, M|100/100
|switch|p2a: Scrafty|Scrafty, L50, M|100/100
|switch|p2b: Farigiraf|Farigiraf, L50, F|100/100
|-ability|p2a: Scrafty|Intimidate|boost
|-unboost|p1a: Raichu|atk|1
|-unboost|p1b: Basculegion|atk|1
|turn|1
|
|t:|1782673175
|detailschange|p1a: Raichu|Raichu-Mega-Y, L50, M
|-mega|p1a: Raichu|Raichu|Raichunite Y
|detailschange|p2a: Scrafty|Scrafty-Mega, L50, M
|-mega|p2a: Scrafty|Scrafty|Scraftinite
|-ability|p2a: Scrafty|Intimidate|boost
|-unboost|p1a: Raichu|atk|1
|-unboost|p1b: Basculegion|atk|1
|move|p1a: Raichu|Protect|p1a: Raichu
|-singleturn|p1a: Raichu|Protect
|move|p2a: Scrafty|Fake Out|p1a: Raichu
|-activate|p1a: Raichu|move: Protect
|move|p1b: Basculegion|Wave Crash|p2b: Farigiraf
|-damage|p2b: Farigiraf|58/100
|-damage|p1b: Basculegion|84/100|[from] Recoil
|move|p2b: Farigiraf|Trick Room|p2b: Farigiraf
|-fieldstart|move: Trick Room|[of] p2b: Farigiraf
|
|upkeep
|turn|2
|
|t:|1782673202
|switch|p2b: Torkoal|Torkoal, L50, F|100/100
|-weather|SunnyDay|[from] ability: Drought|[of] p2b: Torkoal
|move|p2a: Scrafty|Close Combat|p1a: Raichu
|-damage|p1a: Raichu|0 fnt
|-unboost|p2a: Scrafty|def|1
|-unboost|p2a: Scrafty|spd|1
|faint|p1a: Raichu
|move|p1b: Basculegion|Wave Crash|p2a: Scrafty
|-damage|p2a: Scrafty|75/100
|-damage|p1b: Basculegion|78/100|[from] Recoil
|
|-weather|SunnyDay|[upkeep]
|upkeep
|
|t:|1782673210
|switch|p1a: Ceruledge|Ceruledge, L50, M|100/100
|turn|3
|
|t:|1782673234
|switch|p2a: Farigiraf|Farigiraf, L50, F|58/100
|move|p1a: Ceruledge|Shadow Sneak||[still]
|cant|p2a: Farigiraf|ability: Armor Tail|Shadow Sneak|[of] p1a: Ceruledge
|move|p2b: Torkoal|Earth Power|p1a: Ceruledge
|-supereffective|p1a: Ceruledge|1
|-damage|p1a: Ceruledge|36/100
|move|p1b: Basculegion|Wave Crash|p2b: Torkoal
|-supereffective|p2b: Torkoal|1
|-damage|p2b: Torkoal|72/100
|-damage|p1b: Basculegion|70/100|[from] Recoil
|
|-weather|SunnyDay|[upkeep]
|upkeep
|turn|4
|
|t:|1782673251
|move|p1a: Ceruledge|Protect|p1a: Ceruledge
|-singleturn|p1a: Ceruledge|Protect
|move|p2b: Torkoal|Earth Power|p1a: Ceruledge
|-activate|p1a: Ceruledge|move: Protect
|move|p2a: Farigiraf|Psychic|p1b: Basculegion
|-damage|p1b: Basculegion|31/100
|move|p1b: Basculegion|Wave Crash|p2b: Torkoal
|-supereffective|p2b: Torkoal|1
|-damage|p2b: Torkoal|43/100
|-damage|p1b: Basculegion|23/100|[from] Recoil
|
|-weather|SunnyDay|[upkeep]
|upkeep
|turn|5
|
|t:|1782673266
|move|p1a: Ceruledge|Protect||[still]
|-fail|p1a: Ceruledge
|move|p2b: Torkoal|Earth Power|p1a: Ceruledge
|-supereffective|p1a: Ceruledge|1
|-damage|p1a: Ceruledge|0 fnt
|faint|p1a: Ceruledge
|move|p2a: Farigiraf|Psychic|p1b: Basculegion
|-damage|p1b: Basculegion|0 fnt
|faint|p1b: Basculegion
|
|-weather|SunnyDay|[upkeep]
|-fieldend|move: Trick Room
|upkeep
|
|t:|1782673274
|switch|p1b: Maushold|Maushold, L50|100/100
|turn|6
|
|t:|1782673282
|switch|p2b: Scrafty|Scrafty-Mega, L50, M|75/100
|-ability|p2b: Scrafty|Intimidate|boost
|-unboost|p1b: Maushold|atk|1
|move|p1b: Maushold|Population Bomb|p2a: Farigiraf
|-damage|p2a: Farigiraf|50/100g
|-damage|p2a: Farigiraf|42/100
|-enditem|p2a: Farigiraf|Sitrus Berry|[eat]
|-heal|p2a: Farigiraf|67/100|[from] item: Sitrus Berry
|-damage|p2a: Farigiraf|59/100
|-damage|p2a: Farigiraf|51/100
|-damage|p2a: Farigiraf|43/100
|-damage|p2a: Farigiraf|34/100
|-damage|p2a: Farigiraf|26/100
|-hitcount|p2a: Farigiraf|7
|move|p2a: Farigiraf|Trick Room|p2a: Farigiraf
|-fieldstart|move: Trick Room|[of] p2a: Farigiraf
|
|-weather|none
|upkeep
|turn|7
|c|☆The Elemelons|when the win requires exactly one double prot and happens to get no double prot
|
|t:|1782673302
|move|p1b: Maushold|Protect|p1b: Maushold
|-singleturn|p1b: Maushold|Protect
|move|p2a: Farigiraf|Psychic|p1b: Maushold
|-activate|p1b: Maushold|move: Protect
|move|p2b: Scrafty|Close Combat|p1b: Maushold
|-activate|p1b: Maushold|move: Protect
|
|upkeep
|turn|8
|c|☆The Elemelons|anyways
|c|☆The Elemelons|!calc (1/3)*(1/9)*(1/27)
|c| The Elemelons|/raw (1/3)*(1/9)*(1/27)= 0.00137174211248285
|c|☆mew mew season 2|LOL
|c|☆The Elemelons|yeah i like those odds
|
|t:|1782673339
|move|p2a: Farigiraf|Helping Hand|p2b: Scrafty
|-singleturn|p2b: Scrafty|Helping Hand|[of] p2a: Farigiraf
|move|p1b: Maushold|Protect||[still]
|-fail|p1b: Maushold
|move|p2b: Scrafty|Close Combat|p1b: Maushold
|-supereffective|p1b: Maushold|1
|-damage|p1b: Maushold|0 fnt
|-unboost|p2b: Scrafty|def|1
|-unboost|p2b: Scrafty|spd|1
|faint|p1b: Maushold
|
|win|mew mew season 2
