|j|☆6010woodspring
|j|☆echoes630
|html|6010woodspringechoes630    
|uhtml|bestof|Game 3 of a best-of-3
|t:|1786013421
|gametype|doubles
|player|p1|6010woodspring|waitress|1329
|player|p2|echoes630|101|1303
|gen|9
|tier|[Gen 9 Champions] VGC 2026 Reg M-B (Bo3)
|rated|
|rule|Species Clause: Limit one of each Pokémon
|rule|Item Clause: Limit 1 of each item
|clearpoke
|poke|p1|Pyroar, L50, F, shiny|
|poke|p1|Whimsicott, L50, M|
|poke|p1|Zoroark-Hisui, L50, F, shiny|
|poke|p1|Basculegion, L50, M, shiny|
|poke|p1|Kingambit, L50, M|
|poke|p1|Raichu, L50, M|
|poke|p2|Farigiraf, L50, M|
|poke|p2|Torkoal, L50, M|
|poke|p2|Pyroar, L50, F|
|poke|p2|Vileplume, L50, F|
|poke|p2|Scrafty, L50, F|
|poke|p2|Basculegion, L50, M|
|teampreview|4
|showteam|p1|Pyroar||Pyroarite|Rivalry|HeatWave,Overheat,ScorchingSands,Protect|Modest||F|||50|]Whimsicott||FocusSash|Prankster|Tailwind,Moonblast,Encore,SunnyDay|Timid||M|||50|]Zoroark-Hisui||LifeOrb|Illusion|HyperVoice,ShadowBall,IcyWind,GrassKnot|Timid||F|||50|]Basculegion||MysticWater|Adaptability|WaveCrash,AquaJet,LastRespects,Protect|Adamant||M|||50|]Kingambit||BlackGlasses|Defiant|KowtowCleave,SuckerPunch,SwordsDance,Protect|Adamant||M|||50|]Raichu||RaichuniteY|LightningRod|FakeOut,ZapCannon,FocusBlast,Encore|Timid||M|||50|
|showteam|p2|Farigiraf||ColburBerry|ArmorTail|Psychic,HelpingHand,TrickRoom,Protect|Relaxed||M|||50|]Torkoal||Charcoal|Drought|Eruption,HeatWave,WeatherBall,EarthPower|Quiet||M|||50|]Pyroar||Pyroarite|Unnerve|HeatWave,Overheat,SolarBeam,Protect|Timid||F|||50|]Vileplume||FocusSash|Chlorophyll|LeafStorm,SleepPowder,AfterYou,Protect|Timid||F|||50|]Scrafty||Scraftinite|Intimidate|FakeOut,KnockOff,CloseCombat,Snarl|Adamant||F|||50|]Basculegion||ChoiceScarf|Adaptability|LastRespects,WaveCrash,FlipTurn,AquaJet|Jolly||M|||50|
|inactive|Battle timer is ON: inactive players will automatically lose when time's up. (requested by 6010woodspring)
|inactive|echoes630 has 60 seconds left.
|inactive|echoes630 has 30 seconds left.
|
|t:|1786013490
|teamsize|p1|4
|teamsize|p2|4
|start
|switch|p1a: Pyroar|Pyroar, L50, F, shiny|100/100
|switch|p1b: Whimsicott|Whimsicott, L50, M|100/100
|switch|p2a: Scrafty|Scrafty, L50, F|100/100
|switch|p2b: Farigiraf|Farigiraf, L50, M|100/100
|-ability|p2a: Scrafty|Intimidate|boost
|-unboost|p1a: Pyroar|atk|1
|-unboost|p1b: Whimsicott|atk|1
|turn|1
|
|t:|1786013511
|switch|p2a: Basculegion|Basculegion, L50, M|100/100
|detailschange|p1a: Pyroar|Pyroar-Mega, L50, F, shiny
|-mega|p1a: Pyroar|Pyroar|Pyroarite
|move|p2b: Farigiraf|Protect|p2b: Farigiraf
|-singleturn|p2b: Farigiraf|Protect
|move|p1a: Pyroar|Heat Wave|p2a: Basculegion|[spread] p2a
|-activate|p2b: Farigiraf|move: Protect
|-resisted|p2a: Basculegion|1
|-damage|p2a: Basculegion|63/100
|move|p1b: Whimsicott|Hyper Voice|p2a: Basculegion|[spread] 
|-activate|p2b: Farigiraf|move: Protect
|-immune|p2a: Basculegion
|
|upkeep
|turn|2
|
|t:|1786013534
|switch|p1a: Kingambit|Kingambit, L50, M|100/100
|switch|p2b: Scrafty|Scrafty, L50, F|100/100
|-ability|p2b: Scrafty|Intimidate|boost
|-unboost|p1a: Kingambit|atk|1
|-ability|p1a: Kingambit|Defiant|boost
|-boost|p1a: Kingambit|atk|2
|-unboost|p1b: Whimsicott|atk|1
|move|p2a: Basculegion|Wave Crash|p1a: Kingambit
|-damage|p1a: Kingambit|43/100
|-damage|p2a: Basculegion|43/100|[from] Recoil
|move|p1b: Whimsicott|Hyper Voice|p2b: Scrafty|[spread] p2b
|-immune|p2a: Basculegion
|-damage|p2b: Scrafty|56/100
|-damage|p1b: Whimsicott|90/100|[from] item: Life Orb
|
|upkeep
|turn|3
|
|t:|1786013559
|move|p1a: Kingambit|Protect|p1a: Kingambit
|-singleturn|p1a: Kingambit|Protect
|move|p2b: Scrafty|Fake Out|p1a: Kingambit
|-activate|p1a: Kingambit|move: Protect
|move|p2a: Basculegion|Wave Crash|p1b: Whimsicott
|-damage|p1b: Whimsicott|0 fnt
|replace|p1b: Zoroark|Zoroark-Hisui, L50, F, shiny
|-end|p1b: Zoroark|Illusion
|faint|p1b: Zoroark
|-damage|p2a: Basculegion|23/100|[from] Recoil
|
|upkeep
|
|t:|1786013567
|switch|p1b: Whimsicott|Whimsicott, L50, M|100/100
|turn|4
|inactive|6010woodspring has 30 seconds left.
|
|t:|1786013602
|switch|p2b: Farigiraf|Farigiraf, L50, M|100/100
|move|p1a: Kingambit|Sucker Punch||[still]
|cant|p2b: Farigiraf|ability: Armor Tail|Sucker Punch|[of] p1a: Kingambit
|move|p2a: Basculegion|Wave Crash|p1a: Kingambit
|-damage|p1a: Kingambit|0 fnt
|faint|p1a: Kingambit
|-damage|p2a: Basculegion|8/100|[from] Recoil
|move|p1b: Whimsicott|Moonblast|p2a: Basculegion
|-damage|p2a: Basculegion|0 fnt
|faint|p2a: Basculegion
|
|upkeep
|
|t:|1786013608
|switch|p2a: Scrafty|Scrafty, L50, F|56/100
|switch|p1a: Pyroar|Pyroar-Mega, L50, F, shiny|100/100
|-ability|p2a: Scrafty|Intimidate|boost
|-unboost|p1a: Pyroar|atk|1
|-unboost|p1b: Whimsicott|atk|1
|turn|5
|
|t:|1786013628
|detailschange|p2a: Scrafty|Scrafty-Mega, L50, F
|-mega|p2a: Scrafty|Scrafty|Scraftinite
|-ability|p2a: Scrafty|Intimidate|boost
|-unboost|p1a: Pyroar|atk|1
|-unboost|p1b: Whimsicott|atk|1
|move|p2a: Scrafty|Fake Out|p1b: Whimsicott
|-damage|p1b: Whimsicott|75/100
|cant|p1b: Whimsicott|flinch
|move|p1a: Pyroar|Overheat|p2b: Farigiraf
|-damage|p2b: Farigiraf|0 fnt
|-unboost|p1a: Pyroar|spa|2
|faint|p2b: Farigiraf
|
|upkeep
|
|t:|1786013638
|switch|p2b: Vileplume|Vileplume, L50, F|100/100
|turn|6
|
|t:|1786013647
|move|p1b: Whimsicott|Moonblast|p2a: Scrafty
|-supereffective|p2a: Scrafty|2
|-damage|p2a: Scrafty|0 fnt
|faint|p2a: Scrafty
|move|p1a: Pyroar|Overheat|p2b: Vileplume
|-supereffective|p2b: Vileplume|1
|-enditem|p2b: Vileplume|Focus Sash
|-damage|p2b: Vileplume|1/100
|-unboost|p1a: Pyroar|spa|2
|move|p2b: Vileplume|Sleep Powder|p1a: Pyroar
|-status|p1a: Pyroar|slp|[from] move: Sleep Powder
|
|upkeep
|turn|7
|-message|echoes630 forfeited.
|
|win|6010woodspring
|raw|6010woodspring's rating: 1329 → 1348(+19 for winning)
|raw|echoes630's rating: 1303 → 1284(-19 for losing)
|l|☆6010woodspring
|player|p1|
