|j|☆StardragonVGC
|j|☆Guiltypleasure06
|html|StardragonVGCGuiltypleasure06    
|uhtml|bestof|Game 1 of a best-of-3
|t:|1756245372
|gametype|doubles
|player|p1|StardragonVGC|burglar|1128
|player|p2|Guiltypleasure06|pokefan|1115
|gen|9
|tier|[Gen 9] VGC 2025 Reg H (Bo3)
|rated|
|rule|Species Clause: Limit one of each Pokémon
|rule|Item Clause: Limit 1 of each item
|clearpoke
|poke|p1|Ursaluna, L50, F|
|poke|p1|Porygon2, L50|
|poke|p1|Incineroar, L50, F|
|poke|p1|Zoroark-Hisui, L50, F|
|poke|p1|Amoonguss, L50, F|
|poke|p1|Volcarona, L50, F|
|poke|p2|Sneasler, L50, M|
|poke|p2|Dondozo, L50, F|
|poke|p2|Magmar, L50, F|
|poke|p2|Rillaboom, L50, M|
|poke|p2|Dragonite, L50, F|
|poke|p2|Kingambit, L50, M|
|teampreview|4
|showteam|p1|Ursaluna||FlameOrb|Guts|HeadlongRush,Facade,Protect,Earthquake|||F|||50|,,,,,Ghost]Porygon2||Eviolite|Download|TrickRoom,IceBeam,Recover,TeraBlast||||||50|,,,,,Fighting]Incineroar||SafetyGoggles|Intimidate|FakeOut,KnockOff,FlareBlitz,PartingShot|||F|||50|,,,,,Ghost]Zoroark-Hisui||FocusSash|Illusion|BitterMalice,KnockOff,Taunt,IcyWind|||F|||50|,,,,,Stellar]Amoonguss||SitrusBerry|Regenerator|Spore,RagePowder,Protect,PollenPuff|||F|||50|,,,,,Water]Volcarona||CovertCloak|FlameBody|HeatWave,StruggleBug,QuiverDance,TeraBlast|||F|||50|,,,,,Fairy
|showteam|p2|Sneasler||FocusSash|Unburden|CloseCombat,DireClaw,Coaching,Protect|||M|||50|,,,,,Stellar]Dondozo||Leftovers|Unaware|Liquidation,Yawn,Fissure,Protect|||F|||50|,,,,,Fire]Magmar||Eviolite|VitalSpirit|Overheat,WillOWisp,FollowMe,Protect|||F|||50|,,,,,Dragon]Rillaboom||AssaultVest|GrassySurge|WoodHammer,GrassyGlide,Uturn,FakeOut|||M|||50|,,,,,Fire]Dragonite||LoadedDice|Multiscale|ExtremeSpeed,ScaleShot,LowKick,Protect|||F|||50|,,,,,Fairy]Kingambit||BlackGlasses|Defiant|Protect,SwordsDance,SuckerPunch,KowtowCleave|||M|||50|,,,,,Dark
|inactive|Battle timer is ON: inactive players will automatically lose when time's up. (requested by StardragonVGC)
|inactive|Guiltypleasure06 has 60 seconds left.
|inactive|Guiltypleasure06 has 30 seconds left.
|
|t:|1756245440
|teamsize|p1|4
|teamsize|p2|4
|start
|switch|p1a: Porygon2|Porygon2, L50|100/100
|switch|p1b: Incineroar|Incineroar, L50, F|100/100
|switch|p2a: Sneasler|Sneasler, L50, M|100/100
|switch|p2b: Dondozo|Dondozo, L50, F|100/100
|-ability|p1b: Incineroar|Intimidate|boost
|-unboost|p2a: Sneasler|atk|1
|-unboost|p2b: Dondozo|atk|1
|-ability|p1a: Porygon2|Download|boost
|-boost|p1a: Porygon2|spa|1
|turn|1
|inactive|StardragonVGC has 30 seconds left.
|inactive|Guiltypleasure06 has 30 seconds left.
|inactive|StardragonVGC has 20 seconds left.
|inactive|StardragonVGC has 15 seconds left.
|inactive|StardragonVGC has 10 seconds left.
|
|t:|1756245485
|switch|p1b: Ursaluna|Ursaluna, L50, F|100/100
|switch|p2b: Kingambit|Kingambit, L50, M, shiny|100/100
|move|p2a: Sneasler|Coaching|p2b: Kingambit
|-boost|p2b: Kingambit|atk|1
|-boost|p2b: Kingambit|def|1
|move|p1a: Porygon2|Ice Beam|p2a: Sneasler
|-crit|p2a: Sneasler
|-damage|p2a: Sneasler|20/100
|
|upkeep
|turn|2
|inactive|StardragonVGC has 30 seconds left.
|inactive|Guiltypleasure06 has 30 seconds left.
|
|t:|1756245516
|move|p2b: Kingambit|Sucker Punch|p1b: Ursaluna
|-supereffective|p1b: Ursaluna
|-enditem|p1b: Ursaluna|Focus Sash
|-damage|p1b: Ursaluna|1/100
|replace|p1b: Zoroark|Zoroark-Hisui, L50, F
|-end|p1b: Zoroark|Illusion
|move|p2a: Sneasler|Close Combat|p1a: Porygon2
|-supereffective|p1a: Porygon2
|-damage|p1a: Porygon2|54/100
|-unboost|p2a: Sneasler|def|1
|-unboost|p2a: Sneasler|spd|1
|move|p1b: Zoroark|Bitter Malice|p2a: Sneasler
|-damage|p2a: Sneasler|0 fnt
|faint|p2a: Sneasler
|move|p1a: Porygon2|Trick Room|p1a: Porygon2
|-fieldstart|move: Trick Room|[of] p1a: Porygon2
|
|upkeep
|
|t:|1756245532
|switch|p2a: Dondozo|Dondozo, L50, F|100/100
|turn|3
|
|t:|1756245542
|-terastallize|p1a: Porygon2|Fighting
|move|p2a: Dondozo|Liquidation|p1b: Zoroark
|-damage|p1b: Zoroark|0 fnt
|faint|p1b: Zoroark
|move|p1a: Porygon2|Tera Blast|p2b: Kingambit|[anim] Tera Blast Fighting
|-supereffective|p2b: Kingambit
|-crit|p2b: Kingambit
|-damage|p2b: Kingambit|0 fnt
|faint|p2b: Kingambit
|
|upkeep
|
|t:|1756245551
|switch|p2b: Magmar|Magmar, L50, F|100/100
|switch|p1b: Incineroar|Incineroar, L50, F|100/100
|-ability|p1b: Incineroar|Intimidate|boost
|-unboost|p2a: Dondozo|atk|1
|-unboost|p2b: Magmar|atk|1
|turn|4
|
|t:|1756245574
|move|p2a: Dondozo|Liquidation|p1b: Incineroar
|-supereffective|p1b: Incineroar
|-damage|p1b: Incineroar|55/100
|move|p1b: Incineroar|Knock Off|p2a: Dondozo
|-damage|p2a: Dondozo|71/100
|-enditem|p2a: Dondozo|Leftovers|[from] move: Knock Off|[of] p1b: Incineroar
|move|p1a: Porygon2|Recover|p1a: Porygon2
|-heal|p1a: Porygon2|100/100
|move|p2b: Magmar|Overheat|p1a: Porygon2
|-damage|p1a: Porygon2|74/100
|-unboost|p2b: Magmar|spa|2
|
|upkeep
|turn|5
|
|t:|1756245596
|move|p2b: Magmar|Follow Me|p2b: Magmar
|-singleturn|p2b: Magmar|move: Follow Me
|move|p2a: Dondozo|Fissure|p1a: Porygon2
|-damage|p1a: Porygon2|0 fnt
|faint|p1a: Porygon2
|-ohko
|move|p1b: Incineroar|Parting Shot|p2b: Magmar
|-unboost|p2b: Magmar|atk|1
|-unboost|p2b: Magmar|spa|1
|
|t:|1756245603
|switch|p1b: Ursaluna|Ursaluna, L50, F|100/100|[from] Parting Shot
|
|-status|p1b: Ursaluna|brn|[from] item: Flame Orb
|upkeep
|
|t:|1756245607
|switch|p1a: Incineroar|Incineroar, L50, F|55/100
|-ability|p1a: Incineroar|Intimidate|boost
|-unboost|p2a: Dondozo|atk|1
|-unboost|p2b: Magmar|atk|1
|turn|6
|
|t:|1756245615
|move|p2a: Dondozo|Protect|p2a: Dondozo
|-singleturn|p2a: Dondozo|Protect
|move|p1b: Ursaluna|Protect|p1b: Ursaluna
|-singleturn|p1b: Ursaluna|Protect
|move|p2b: Magmar|Protect|p2b: Magmar
|-singleturn|p2b: Magmar|Protect
|move|p1a: Incineroar|Knock Off|p2b: Magmar
|-activate|p2b: Magmar|move: Protect
|
|-damage|p1b: Ursaluna|95/100 brn|[from] brn
|-fieldend|move: Trick Room
|upkeep
|turn|7
|
|t:|1756245633
|move|p2b: Magmar|Follow Me|p2b: Magmar
|-singleturn|p2b: Magmar|move: Follow Me
|move|p1b: Ursaluna|Facade|p2b: Magmar
|-damage|p2b: Magmar|0 fnt
|faint|p2b: Magmar
|move|p1a: Incineroar|Knock Off|p2a: Dondozo
|-damage|p2a: Dondozo|50/100
|move|p2a: Dondozo|Fissure|p1b: Ursaluna
|-damage|p1b: Ursaluna|0 fnt
|faint|p1b: Ursaluna
|-ohko
|
|upkeep
|turn|8
|c|☆StardragonVGC|noice
|
|t:|1756245647
|move|p1a: Incineroar|Knock Off|p2a: Dondozo
|-damage|p2a: Dondozo|31/100
|move|p2a: Dondozo|Liquidation|p1a: Incineroar
|-supereffective|p1a: Incineroar
|-damage|p1a: Incineroar|20/100
|-unboost|p1a: Incineroar|def|1
|
|upkeep
|turn|9
|
|t:|1756245654
|move|p1a: Incineroar|Flare Blitz|p2a: Dondozo
|-resisted|p2a: Dondozo
|-damage|p2a: Dondozo|11/100
|-damage|p1a: Incineroar|12/100|[from] Recoil
|move|p2a: Dondozo|Liquidation|p1a: Incineroar
|-supereffective|p1a: Incineroar
|-damage|p1a: Incineroar|0 fnt
|faint|p1a: Incineroar
|
|win|Guiltypleasure06
||StardragonVGC is ready for game 2.
|c|☆Guiltypleasure06|A steal
|inactive|Guiltypleasure06 has 30 seconds to confirm battle start!
||Guiltypleasure06 is ready for game 2.
|uhtml|next|Next: Game 2 of 3
|l|☆StardragonVGC
|player|p1|
