|j|☆haoyyy
|j|☆VenuDaAscoInRain
|html|haoyyyVenuDaAscoInRain    
|uhtml|bestof|Game 2 of a best-of-3
|t:|1783067706
|gametype|doubles
|player|p1|haoyyy|266|1059
|player|p2|VenuDaAscoInRain|li|1137
|gen|9
|tier|[Gen 9 Champions] VGC 2026 Reg M-B (Bo3)
|rated|
|rule|Species Clause: Limit one of each Pokémon
|rule|Item Clause: Limit 1 of each item
|clearpoke
|poke|p1|Whimsicott, L50, F, shiny|
|poke|p1|Annihilape, L50, F, shiny|
|poke|p1|Floette-Eternal, L50, F, shiny|
|poke|p1|Garchomp, L50, F, shiny|
|poke|p1|Overqwil, L50, F, shiny|
|poke|p1|Sableye, L50, F, shiny|
|poke|p2|Pelipper, L50, M, shiny|
|poke|p2|Swampert, L50, M|
|poke|p2|Archaludon, L50, M, shiny|
|poke|p2|Grimmsnarl, L50, M, shiny|
|poke|p2|Venusaur, L50, M, shiny|
|poke|p2|Sneasler, L50, M, shiny|
|teampreview|4
|showteam|p1|Whimsicott||FocusSash|Prankster|Tailwind,Encore,Moonblast,WorrySeed|Timid||F|||50|]Annihilape||SitrusBerry|Defiant|BulkUp,DrainPunch,RageFist,IcePunch|Adamant||F|||50|]Floette-Eternal||Floettite|FlowerVeil|Moonblast,DazzlingGleam,CalmMind,Protect|Timid||F|||50|]Garchomp||LifeOrb|RoughSkin|StompingTantrum,DragonClaw,RockSlide,Protect|Serious||F|||50|]Overqwil||Leftovers|Intimidate|Stockpile,Minimize,Toxic,ThroatChop|Serious||F|||50|]Sableye||RoseliBerry|Prankster|FakeOut,Encore,Disable,WillOWisp|Calm||F|||50|
|showteam|p2|Pelipper||FocusSash|Drizzle|WeatherBall,Hurricane,Tailwind,Protect|Modest||M|||50|]Swampert||Swampertite|Torrent|WaveCrash,IcePunch,HighHorsepower,Protect|Adamant||M|||50|]Archaludon||Leftovers|Stamina|ElectroShot,FlashCannon,DragonPulse,Protect|Modest||M|||50|]Grimmsnarl||RoseliBerry|Prankster|SpiritBreak,PartingShot,Reflect,LightScreen|Careful||M|||50|]Venusaur||Venusaurite|Chlorophyll|SludgeBomb,GigaDrain,EarthPower,SleepPowder|Modest||M|||50|]Sneasler||WhiteHerb|Unburden|DireClaw,CloseCombat,FakeOut,RockTomb|Jolly||M|||50|
|inactive|Battle timer is ON: inactive players will automatically lose when time's up. (requested by VenuDaAscoInRain)
|inactive|haoyyy has 60 seconds left.
|
|t:|1783067751
|teamsize|p1|4
|teamsize|p2|4
|start
|switch|p1a: Overqwil|Overqwil, L50, F, shiny|100/100
|switch|p1b: Whimsicott|Whimsicott, L50, F, shiny|100/100
|switch|p2a: Venusaur|Venusaur, L50, M, shiny|100/100
|switch|p2b: Sneasler|Sneasler, L50, M, shiny|100/100
|-ability|p1a: Overqwil|Intimidate|boost
|-unboost|p2a: Venusaur|atk|1
|-unboost|p2b: Sneasler|atk|1
|-enditem|p2b: Sneasler|White Herb
|-clearnegativeboost|p2b: Sneasler|[silent]
|turn|1
|
|t:|1783067774
|detailschange|p2a: Venusaur|Venusaur-Mega, L50, M, shiny
|-mega|p2a: Venusaur|Venusaur|Venusaurite
|move|p2b: Sneasler|Fake Out|p1a: Overqwil
|-damage|p1a: Overqwil|87/100
|move|p1b: Whimsicott|Worry Seed|p2b: Sneasler
|-ability|p2b: Sneasler|Insomnia|Unburden|[from] move: Worry Seed
|move|p2a: Venusaur|Sleep Powder|p1a: Overqwil
|-status|p1a: Overqwil|slp|[from] move: Sleep Powder
|cant|p1a: Overqwil|slp
|
|-heal|p1a: Overqwil|93/100 slp|[from] item: Leftovers
|upkeep
|turn|2
|inactive|haoyyy has 30 seconds left.
|
|t:|1783067803
|move|p1b: Whimsicott|Encore|p2b: Sneasler
|-start|p2b: Sneasler|Encore
|move|p2b: Sneasler|Fake Out||[still]
|-hint|Fake Out only works on your first turn out.
|-fail|p2b: Sneasler
|move|p2a: Venusaur|Sludge Bomb|p1b: Whimsicott
|-supereffective|p1b: Whimsicott|2
|-enditem|p1b: Whimsicott|Focus Sash
|-damage|p1b: Whimsicott|1/100
|-curestatus|p1a: Overqwil|slp|[msg]
|move|p1a: Overqwil|Minimize|p1a: Overqwil
|-boost|p1a: Overqwil|evasion|2
|
|-heal|p1a: Overqwil|100/100|[from] item: Leftovers
|upkeep
|turn|3
|
|t:|1783067819
|move|p1b: Whimsicott|Tailwind|p1b: Whimsicott
|-sidestart|p1: haoyyy|move: Tailwind
|move|p1a: Overqwil|Minimize|p1a: Overqwil
|-boost|p1a: Overqwil|evasion|2
|-activate|p2b: Sneasler|move: Struggle
|move|p2b: Sneasler|Struggle|p1b: Whimsicott
|-damage|p1b: Whimsicott|0 fnt
|faint|p1b: Whimsicott
|-damage|p2b: Sneasler|75/100|[from] recoil
|move|p2a: Venusaur|Earth Power|p1a: Overqwil
|-supereffective|p1a: Overqwil|1
|-damage|p1a: Overqwil|40/100
|
|-heal|p1a: Overqwil|46/100|[from] item: Leftovers
|upkeep
|
|t:|1783067841
|switch|p1b: Garchomp|Garchomp, L50, F, shiny|100/100
|turn|4
|
|t:|1783067852
|switch|p2b: Pelipper|Pelipper, L50, M, shiny|100/100
|-weather|RainDance|[from] ability: Drizzle|[of] p2b: Pelipper
|move|p1b: Garchomp|Dragon Claw|p2a: Venusaur
|-damage|p2a: Venusaur|54/100
|-damage|p1b: Garchomp|90/100|[from] item: Life Orb
|move|p1a: Overqwil|Minimize|p1a: Overqwil
|-boost|p1a: Overqwil|evasion|2
|move|p2a: Venusaur|Sleep Powder|p1b: Garchomp
|-status|p1b: Garchomp|slp|[from] move: Sleep Powder
|
|-weather|RainDance|[upkeep]
|-heal|p1a: Overqwil|53/100|[from] item: Leftovers
|upkeep
|turn|5
|
|t:|1783067870
|cant|p1b: Garchomp|slp
|move|p1a: Overqwil|Stockpile|p1a: Overqwil
|-start|p1a: Overqwil|stockpile1
|-boost|p1a: Overqwil|def|1
|-boost|p1a: Overqwil|spd|1
|move|p2b: Pelipper|Hurricane|p1a: Overqwil
|-damage|p1a: Overqwil|21/100
|move|p2a: Venusaur|Giga Drain|p1b: Garchomp
|-damage|p1b: Garchomp|51/100 slp
|-heal|p2a: Venusaur|73/100|[from] drain|[of] p1b: Garchomp
|
|-weather|RainDance|[upkeep]
|-heal|p1a: Overqwil|27/100|[from] item: Leftovers
|upkeep
|turn|6
|
|t:|1783067887
|cant|p1b: Garchomp|slp
|move|p1a: Overqwil|Toxic|p2b: Pelipper
|-status|p2b: Pelipper|tox
|move|p2b: Pelipper|Hurricane|p1a: Overqwil
|-damage|p1a: Overqwil|0 fnt
|faint|p1a: Overqwil
|move|p2a: Venusaur|Giga Drain|p1b: Garchomp
|-damage|p1b: Garchomp|11/100 slp
|-heal|p2a: Venusaur|93/100|[from] drain|[of] p1b: Garchomp
|
|-weather|RainDance|[upkeep]
|-damage|p2b: Pelipper|94/100 tox|[from] psn
|-sideend|p1: haoyyy|move: Tailwind
|upkeep
|
|t:|1783067896
|switch|p1a: Floette|Floette-Eternal, L50, F, shiny|100/100
|turn|7
|l|☆haoyyy
|inactive|haoyyy disconnected and has a minute to reconnect!
|player|p1|
|inactive|haoyyy has 30 seconds left.
|inactive|haoyyy has 20 seconds left.
|inactive|haoyyy has 15 seconds left.
|inactive|haoyyy has 10 seconds left.
|inactive|haoyyy has 5 seconds left.
|-message|haoyyy lost due to inactivity.
|
|win|VenuDaAscoInRain
|raw|haoyyy's rating: 1042 → 1029(-13 for losing)
|raw|VenuDaAscoInRain's rating: 1113 → 1133(+20 for winning)
