|j|☆doingVGCthings
|j|☆randomguy1114s
|html|doingVGCthingsrandomguy1114s    
|uhtml|bestof|Game 2 of a best-of-3
|t:|1756843621
|gametype|doubles
|player|p1|doingVGCthings|swimmer-gen4dp|1208
|player|p2|randomguy1114s|lillie-masters|1157
|gen|9
|tier|[Gen 9] VGC 2025 Reg H (Bo3)
|rated|
|rule|Species Clause: Limit one of each Pokémon
|rule|Item Clause: Limit 1 of each item
|clearpoke
|poke|p1|Volcarona, L50, M|
|poke|p1|Electabuzz, L50, F|
|poke|p1|Sneasler, L50, F|
|poke|p1|Rillaboom, L50, M|
|poke|p1|Dragonite, L50, F|
|poke|p1|Annihilape, L50, M|
|poke|p2|Garchomp, L50, F|
|poke|p2|Kingambit, L50, M|
|poke|p2|Sneasler, L50, F|
|poke|p2|Talonflame, L50, F|
|poke|p2|Primarina, L50, M|
|poke|p2|Sinistcha, L50|
|teampreview|4
|showteam|p1|Volcarona||CovertCloak|FlameBody|Protect,HeatWave,TeraBlast,QuiverDance|||M|||50|,,,,,Fairy]Electabuzz||Eviolite|VitalSpirit|Protect,Thunderbolt,Taunt,FollowMe|||F|||50|,,,,,Ghost]Sneasler||FocusSash|Unburden|Protect,DireClaw,CloseCombat,Coaching|||F|||50|,,,,,Stellar]Rillaboom||AssaultVest|GrassySurge|WoodHammer,GrassyGlide,HighHorsepower,FakeOut|||M|||50|,,,,,Fire]Dragonite||LoadedDice|Multiscale|Protect,ScaleShot,ExtremeSpeed,Haze|||F|||50|,,,,,Normal]Annihilape||SafetyGoggles|Defiant|Protect,RageFist,DrainPunch,BulkUp|||M|||50|,,,,,Water
|showteam|p2|Garchomp||LifeOrb|RoughSkin|Earthquake,DragonClaw,StompingTantrum,Protect|||F|||50|,,,,,Steel]Kingambit||SafetyGoggles|Defiant|SuckerPunch,SwordsDance,KowtowCleave,Protect|||M|||50|,,,,,Dark]Sneasler||FocusSash|Unburden|CloseCombat,DireClaw,FakeOut,Protect|||F|||50|,,,,,Stellar]Talonflame||ClearAmulet|GaleWings|DualWingbeat,Tailwind,Uturn,Protect|||F|||50|,,,,,Ghost]Primarina||ThroatSpray|LiquidVoice|Haze,HyperVoice,Moonblast,Protect|||M|||50|,,,,,Poison]Sinistcha||MentalHerb|Hospitality|RagePowder,TrickRoom,MatchaGotcha,Protect||||||50|,,,,,Water
|inactive|Battle timer is ON: inactive players will automatically lose when time's up. (requested by doingVGCthings)
|inactive|doingVGCthings has 60 seconds left.
|inactive|randomguy1114s has 60 seconds left.
|inactive|doingVGCthings has 30 seconds left.
|inactive|randomguy1114s has 30 seconds left.
|inactive|doingVGCthings has 20 seconds left.
|inactive|randomguy1114s has 20 seconds left.
|inactive|doingVGCthings has 15 seconds left.
|inactive|randomguy1114s has 15 seconds left.
|
|t:|1756843700
|teamsize|p1|4
|teamsize|p2|4
|start
|switch|p1a: Volcarona|Volcarona, L50, M|100/100
|switch|p1b: Electabuzz|Electabuzz, L50, F|100/100
|switch|p2a: Talonflame|Talonflame, L50, F, shiny|100/100
|switch|p2b: Garchomp|Garchomp, L50, F, shiny|100/100
|turn|1
|
|t:|1756843713
|-terastallize|p1a: Volcarona|Fairy
|move|p2a: Talonflame|Dual Wingbeat|p1a: Volcarona
|-damage|p1a: Volcarona|82/100
|-damage|p1a: Volcarona|63/100
|-hitcount|p1a: Volcarona|2
|move|p2b: Garchomp|Earthquake|p1a: Volcarona|[spread] p1a,p1b
|-immune|p2a: Talonflame
|-supereffective|p1b: Electabuzz
|-damage|p1a: Volcarona|9/100
|-damage|p1b: Electabuzz|12/100
|-damage|p2b: Garchomp|91/100|[from] item: Life Orb
|move|p1b: Electabuzz|Thunderbolt|p2a: Talonflame
|-supereffective|p2a: Talonflame
|-damage|p2a: Talonflame|1/100
|move|p1a: Volcarona|Quiver Dance|p1a: Volcarona
|-boost|p1a: Volcarona|spa|1
|-boost|p1a: Volcarona|spd|1
|-boost|p1a: Volcarona|spe|1
|
|upkeep
|turn|2
|inactive|doingVGCthings has 30 seconds left.
|
|t:|1756843741
|switch|p1b: Rillaboom|Rillaboom, L50, M|100/100
|-fieldstart|move: Grassy Terrain|[from] ability: Grassy Surge|[of] p1b: Rillaboom
|move|p1a: Volcarona|Heat Wave|p2a: Talonflame|[spread] p2a
|-miss|p1a: Volcarona|p2b: Garchomp
|-resisted|p2a: Talonflame
|-damage|p2a: Talonflame|0 fnt
|faint|p2a: Talonflame
|move|p2b: Garchomp|Earthquake|p1b: Rillaboom|[spread] p1a,p1b
|-resisted|p1b: Rillaboom
|-damage|p1a: Volcarona|0 fnt
|-damage|p1b: Rillaboom|89/100
|faint|p1a: Volcarona
|-damage|p2b: Garchomp|81/100|[from] item: Life Orb
|
|-heal|p2b: Garchomp|87/100|[from] Grassy Terrain
|-heal|p1b: Rillaboom|95/100|[from] Grassy Terrain
|upkeep
|
|t:|1756843763
|switch|p2a: Sinistcha|Sinistcha, L50, shiny|100/100
|switch|p1a: Dragonite|Dragonite, L50, F|100/100
|-heal|p2b: Garchomp|100/100|[from] ability: Hospitality|[of] p2a: Sinistcha
|turn|3
|
|t:|1756843785
|move|p2b: Garchomp|Protect|p2b: Garchomp
|-singleturn|p2b: Garchomp|Protect
|move|p1b: Rillaboom|Fake Out|p2b: Garchomp
|-activate|p2b: Garchomp|move: Protect
|move|p1a: Dragonite|Scale Shot|p2b: Garchomp
|-activate|p2b: Garchomp|move: Protect
|move|p2a: Sinistcha|Matcha Gotcha|p1a: Dragonite|[spread] p1a,p1b
|-resisted|p1a: Dragonite
|-resisted|p1b: Rillaboom
|-damage|p1a: Dragonite|96/100
|-damage|p1b: Rillaboom|84/100
|-status|p1b: Rillaboom|brn
|
|-heal|p1b: Rillaboom|90/100 brn|[from] Grassy Terrain
|-damage|p1b: Rillaboom|84/100 brn|[from] brn
|upkeep
|turn|4
|
|t:|1756843800
|move|p2a: Sinistcha|Rage Powder|p2a: Sinistcha
|-singleturn|p2a: Sinistcha|move: Rage Powder
|move|p2b: Garchomp|Dragon Claw|p1a: Dragonite
|-supereffective|p1a: Dragonite
|-damage|p1a: Dragonite|0 fnt
|faint|p1a: Dragonite
|-damage|p2b: Garchomp|91/100|[from] item: Life Orb
|move|p1b: Rillaboom|High Horsepower|p2b: Garchomp
|-damage|p2b: Garchomp|75/100
|-damage|p1b: Rillaboom|72/100 brn|[from] ability: Rough Skin|[of] p2b: Garchomp
|
|-heal|p2b: Garchomp|81/100|[from] Grassy Terrain
|-heal|p1b: Rillaboom|78/100 brn|[from] Grassy Terrain
|-damage|p1b: Rillaboom|72/100 brn|[from] brn
|upkeep
|
|t:|1756843813
|switch|p1a: Electabuzz|Electabuzz, L50, F|12/100
|turn|5
|-message|doingVGCthings forfeited.
|
|win|randomguy1114s
|raw|doingVGCthings's rating: 1208 → 1179(-29 for losing)
|raw|randomguy1114s's rating: 1157 → 1186(+29 for winning)
