|j|☆5NitesAtTrickRoom
|j|☆luijingames
|html|5NitesAtTrickRoomluijingames    
|uhtml|bestof|Game 2 of a best-of-3
|t:|1757213299
|gametype|doubles
|player|p1|5NitesAtTrickRoom|hexmaniac-gen6|1076
|player|p2|luijingames|bugcatcher-gen4dp|1075
|gen|9
|tier|[Gen 9] VGC 2025 Reg H (Bo3)
|rated|
|rule|Species Clause: Limit one of each Pokémon
|rule|Item Clause: Limit 1 of each item
|clearpoke
|poke|p1|Indeedee-F, L50, F|
|poke|p1|Armarouge, L50, F|
|poke|p1|Dragonite, L50, M|
|poke|p1|Ursaluna, L50, M|
|poke|p1|Whimsicott, L50, M|
|poke|p1|Blastoise, L50, M|
|poke|p2|Sneasler, L50, F|
|poke|p2|Primarina, L50, F|
|poke|p2|Kingambit, L50, M|
|poke|p2|Rillaboom, L50, M|
|poke|p2|Electabuzz, L50, M|
|poke|p2|Dragapult, L50, F|
|teampreview|4
|showteam|p1|Indeedee-F||SafetyGoggles|PsychicSurge|FollowMe,HelpingHand,TrickRoom,DazzlingGleam|||F|||50|,,,,,Water]Armarouge||PowerHerb|FlashFire|MeteorBeam,ExpandingForce,ArmorCannon,TrickRoom|||F|||50|,,,,,Grass]Dragonite||ChoiceBand|InnerFocus|ExtremeSpeed,Outrage,LowKick,TeraBlast|||M|||50|,,,,,Flying]Ursaluna||FlameOrb|Guts|Earthquake,HeadlongRush,Facade,Protect|||M|||50|,,,,,Ghost]Whimsicott||CovertCloak|Prankster|Moonblast,Tailwind,HelpingHand,Encore|||M|||50|,,,,,Water]Blastoise||ChoiceSpecs|Torrent|WaterSpout,HydroPump,IceBeam,DarkPulse|||M|||50|,,,,,Water
|showteam|p2|Sneasler||FocusSash|PoisonTouch|DireClaw,CloseCombat,Protect,FakeOut|||F|||50|,,,,,Stellar]Primarina||ThroatSpray|LiquidVoice|Protect,HyperVoice,Moonblast,Haze|||F|||50|,,,,,Poison]Kingambit||BlackGlasses|Defiant|KowtowCleave,SwordsDance,SuckerPunch,Protect|||M|||50|,,,,,Dark]Rillaboom||AssaultVest|GrassySurge|WoodHammer,Uturn,GrassyGlide,FakeOut|||M|||50|,,,,,Fire]Electabuzz||Eviolite|VitalSpirit|Electroweb,Taunt,Protect,FollowMe|||M|||50|,,,,,Fairy]Dragapult||ChoiceBand|ClearBody|DragonDarts,Uturn,PhantomForce,Outrage|||F|||50|,,,,,Dragon
|inactive|Battle timer is ON: inactive players will automatically lose when time's up. (requested by 5NitesAtTrickRoom)
|
|t:|1757213325
|teamsize|p1|4
|teamsize|p2|4
|start
|switch|p1a: Whimsicott|Whimsicott, L50, M, shiny|100/100
|switch|p1b: Dragonite|Dragonite, L50, M|100/100
|switch|p2a: Dragapult|Dragapult, L50, F|100/100
|switch|p2b: Rillaboom|Rillaboom, L50, M|100/100
|-fieldstart|move: Grassy Terrain|[from] ability: Grassy Surge|[of] p2b: Rillaboom
|turn|1
|inactive|luijingames has 30 seconds left.
|
|t:|1757213354
|-terastallize|p1b: Dragonite|Flying
|move|p1a: Whimsicott|Tailwind|p1a: Whimsicott
|-sidestart|p1: 5NitesAtTrickRoom|move: Tailwind
|move|p1b: Dragonite|Tera Blast|p2a: Dragapult|[anim] Tera Blast Flying
|-damage|p2a: Dragapult|0 fnt
|faint|p2a: Dragapult
|move|p2b: Rillaboom|U-turn|p1a: Whimsicott
|-crit|p1a: Whimsicott
|-damage|p1a: Whimsicott|63/100
|
|t:|1757213367
|switch|p2b: Sneasler|Sneasler, L50, F|100/100|[from] U-turn
|
|-heal|p1a: Whimsicott|69/100|[from] Grassy Terrain
|upkeep
|
|t:|1757213373
|switch|p2a: Primarina|Primarina, L50, F|100/100
|turn|2
|
|t:|1757213390
|move|p1a: Whimsicott|Moonblast|p2b: Sneasler
|-damage|p2b: Sneasler|66/100
|-unboost|p2b: Sneasler|spa|1
|move|p1b: Dragonite|Tera Blast|p2b: Sneasler|[anim] Tera Blast Flying
|-supereffective|p2b: Sneasler
|-damage|p2b: Sneasler|0 fnt
|faint|p2b: Sneasler
|move|p2a: Primarina|Hyper Voice|p1a: Whimsicott|[spread] p1a,p1b
|-resisted|p1a: Whimsicott
|-damage|p1a: Whimsicott|45/100
|-damage|p1b: Dragonite|66/100
|-enditem|p2a: Primarina|Throat Spray
|-boost|p2a: Primarina|spa|1|[from] item: Throat Spray
|
|-heal|p1a: Whimsicott|51/100|[from] Grassy Terrain
|upkeep
|
|t:|1757213404
|switch|p2b: Rillaboom|Rillaboom, L50, M|100/100
|turn|3
|
|t:|1757213415
|move|p1a: Whimsicott|Helping Hand|p1b: Dragonite
|-singleturn|p1b: Dragonite|Helping Hand|[of] p1a: Whimsicott
|move|p2a: Primarina|Protect|p2a: Primarina
|-singleturn|p2a: Primarina|Protect
|move|p1b: Dragonite|Tera Blast|p2a: Primarina|[anim] Tera Blast Flying
|-activate|p2a: Primarina|move: Protect
|move|p2b: Rillaboom|Wood Hammer|p1b: Dragonite
|-resisted|p1b: Dragonite
|-damage|p1b: Dragonite|27/100
|-damage|p2b: Rillaboom|89/100|[from] Recoil
|
|-heal|p1a: Whimsicott|58/100|[from] Grassy Terrain
|-heal|p2b: Rillaboom|95/100|[from] Grassy Terrain
|upkeep
|turn|4
|
|t:|1757213436
|move|p1a: Whimsicott|Encore|p2a: Primarina
|-start|p2a: Primarina|Encore
|move|p1b: Dragonite|Tera Blast|p2b: Rillaboom|[anim] Tera Blast Flying
|-supereffective|p2b: Rillaboom
|-damage|p2b: Rillaboom|0 fnt
|faint|p2b: Rillaboom
|move|p2a: Primarina|Protect||[still]
|-fail|p2a: Primarina
|
|-heal|p1a: Whimsicott|64/100|[from] Grassy Terrain
|-sideend|p1: 5NitesAtTrickRoom|move: Tailwind
|upkeep
|turn|5
|
|t:|1757213446
|move|p2a: Primarina|Protect|p2a: Primarina
|-singleturn|p2a: Primarina|Protect
|move|p1a: Whimsicott|Tailwind|p1a: Whimsicott
|-sidestart|p1: 5NitesAtTrickRoom|move: Tailwind
|move|p1b: Dragonite|Tera Blast|p2a: Primarina|[anim] Tera Blast Flying
|-activate|p2a: Primarina|move: Protect
|
|-heal|p1a: Whimsicott|70/100|[from] Grassy Terrain
|-fieldend|move: Grassy Terrain
|upkeep
|turn|6
|
|t:|1757213457
|move|p2a: Primarina|Protect||[still]
|-fail|p2a: Primarina
|move|p1a: Whimsicott|Moonblast|p2a: Primarina
|-damage|p2a: Primarina|76/100
|move|p1b: Dragonite|Tera Blast|p2a: Primarina|[anim] Tera Blast Flying
|-damage|p2a: Primarina|0 fnt
|faint|p2a: Primarina
|
|win|5NitesAtTrickRoom
