|j|☆mike6972
|j|☆pressinblades
|html|mike6972pressinblades    
|uhtml|bestof|Game 3 of a best-of-3
|t:|1782486860
|gametype|doubles
|player|p1|mike6972|2|1127
|player|p2|pressinblades|steven|1213
|gen|9
|tier|[Gen 9 Champions] VGC 2026 Reg M-B (Bo3)
|rated|
|rule|Species Clause: Limit one of each Pokémon
|rule|Item Clause: Limit 1 of each item
|clearpoke
|poke|p1|Delphox, L50, M|
|poke|p1|Whimsicott, L50, F|
|poke|p1|Incineroar, L50, F|
|poke|p1|Sylveon, L50, F|
|poke|p1|Basculegion, L50, M|
|poke|p1|Garchomp, L50, F|
|poke|p2|Talonflame, L50, F|
|poke|p2|Sneasler, L50, M|
|poke|p2|Garchomp, L50, F, shiny|
|poke|p2|Maushold, L50|
|poke|p2|Gardevoir, L50, M, shiny|
|poke|p2|Ninetales, L50, M|
|teampreview|4
|showteam|p1|Delphox||Delphoxite|Blaze|HeatWave,Psychic,NastyPlot,Protect|Timid||M|||50|]Whimsicott||FocusSash|Prankster|Tailwind,Protect,Encore,Moonblast|Bold||F|||50|]Incineroar||ShucaBerry|Intimidate|HelpingHand,FlareBlitz,FakeOut,PartingShot|Impish||F|||50|]Sylveon||FairyFeather|Pixilate|Protect,HyperVoice,Yawn,HyperBeam|Modest||F|||50|]Basculegion||ChoiceScarf|Adaptability|AquaJet,WaveCrash,FlipTurn,LastRespects|Adamant||M|||50|]Garchomp||LifeOrb|RoughSkin|Protect,Earthquake,DragonClaw,RockSlide|Adamant||F|||50|
|showteam|p2|Talonflame||LifeOrb|GaleWings|Protect,DualWingbeat,Tailwind,Overheat|Naive||F|||50|]Sneasler||WhiteHerb|Unburden|FakeOut,CloseCombat,DireClaw,RockTomb|Jolly||M|||50|]Garchomp||ExpertBelt|RoughSkin|Protect,RockSlide,Earthquake,DragonClaw|Adamant||F|||50|]Maushold||FocusSash|FriendGuard|Protect,SuperFang,PopulationBomb,FollowMe|Adamant|||||50|]Gardevoir||Gardevoirite|Telepathy|Protect,TrickRoom,HyperVoice,Psychic|Modest||M|||50|]Ninetales||ChoiceScarf|Drought|HeatWave,Overheat,SolarBeam,Snarl|Timid||M|||50|
|c|☆pressinblades|what a play from the kid
|c|☆pressinblades|glhf
|
|t:|1782486915
|teamsize|p1|4
|teamsize|p2|4
|start
|switch|p1a: Sylveon|Sylveon, L50, F|100/100
|switch|p1b: Incineroar|Incineroar, L50, F|100/100
|switch|p2a: Sneasler|Sneasler, L50, M|100/100
|switch|p2b: Ninetales|Ninetales, L50, M|100/100
|-weather|SunnyDay|[from] ability: Drought|[of] p2b: Ninetales
|-ability|p1b: Incineroar|Intimidate|boost
|-unboost|p2a: Sneasler|atk|1
|-unboost|p2b: Ninetales|atk|1
|-enditem|p2a: Sneasler|White Herb
|-clearnegativeboost|p2a: Sneasler|[silent]
|turn|1
|
|t:|1782486946
|move|p1b: Incineroar|Fake Out|p2b: Ninetales
|-damage|p2b: Ninetales|82/100
|move|p2a: Sneasler|Close Combat|p1b: Incineroar
|-supereffective|p1b: Incineroar|1
|-damage|p1b: Incineroar|3/100
|-unboost|p2a: Sneasler|def|1
|-unboost|p2a: Sneasler|spd|1
|cant|p2b: Ninetales|flinch
|move|p1a: Sylveon|Hyper Beam|p2a: Sneasler
|-damage|p2a: Sneasler|0 fnt
|-mustrecharge|p1a: Sylveon
|faint|p2a: Sneasler
|
|-weather|SunnyDay|[upkeep]
|upkeep
|
|t:|1782486974
|switch|p2a: Maushold|Maushold, L50|100/100
|turn|2
|
|t:|1782486985
|move|p2b: Ninetales|Heat Wave|p1b: Incineroar|[spread] p1a,p1b
|-resisted|p1b: Incineroar|1
|-damage|p1a: Sylveon|62/100
|-damage|p1b: Incineroar|0 fnt
|faint|p1b: Incineroar
|move|p2a: Maushold|Population Bomb|p1a: Sylveon
|-damage|p1a: Sylveon|53/100
|-damage|p1a: Sylveon|44/100
|-damage|p1a: Sylveon|34/100
|-damage|p1a: Sylveon|25/100
|-damage|p1a: Sylveon|15/100
|-damage|p1a: Sylveon|7/100
|-damage|p1a: Sylveon|0 fnt
|faint|p1a: Sylveon
|-hitcount|p1: Sylveon|7
|
|-weather|SunnyDay|[upkeep]
|upkeep
|
|t:|1782486991
|switch|p1a: Delphox|Delphox, L50, M|100/100
|switch|p1b: Basculegion|Basculegion, L50, M|100/100
|turn|3
|
|t:|1782487049
|detailschange|p1a: Delphox|Delphox-Mega, L50, M
|-mega|p1a: Delphox|Delphox|Delphoxite
|move|p2b: Ninetales|Heat Wave|p1a: Delphox|[spread] p1b
|-miss|p2b: Ninetales|p1a: Delphox
|-resisted|p1b: Basculegion|1
|-damage|p1b: Basculegion|75/100
|move|p1a: Delphox|Heat Wave|p2b: Ninetales|[spread] p2a,p2b
|-resisted|p2b: Ninetales|1
|-damage|p2a: Maushold|5/100
|-damage|p2b: Ninetales|55/100
|move|p1b: Basculegion|Wave Crash|p2b: Ninetales
|-supereffective|p2b: Ninetales|1
|-damage|p2b: Ninetales|0 fnt
|faint|p2b: Ninetales
|-damage|p1b: Basculegion|61/100|[from] Recoil
|move|p2a: Maushold|Super Fang|p1a: Delphox
|-damage|p1a: Delphox|50/100g
|
|-weather|SunnyDay|[upkeep]
|upkeep
|
|t:|1782487064
|switch|p2b: Gardevoir|Gardevoir, L50, M, shiny|100/100
|turn|4
|
|t:|1782487084
|move|p2a: Maushold|Protect|p2a: Maushold
|-singleturn|p2a: Maushold|Protect
|move|p2b: Gardevoir|Protect|p2b: Gardevoir
|-singleturn|p2b: Gardevoir|Protect
|move|p1a: Delphox|Heat Wave|p2a: Maushold|[spread] 
|-activate|p2a: Maushold|move: Protect
|-activate|p2b: Gardevoir|move: Protect
|move|p1b: Basculegion|Wave Crash|p2b: Gardevoir
|-activate|p2b: Gardevoir|move: Protect
|
|-weather|SunnyDay|[upkeep]
|upkeep
|turn|5
|
|t:|1782487116
|detailschange|p2b: Gardevoir|Gardevoir-Mega, L50, M, shiny
|-mega|p2b: Gardevoir|Gardevoir|Gardevoirite
|move|p2a: Maushold|Follow Me|p2a: Maushold
|-singleturn|p2a: Maushold|move: Follow Me
|move|p1a: Delphox|Heat Wave|p2b: Gardevoir|[spread] p2b
|-miss|p1a: Delphox|p2a: Maushold
|-damage|p2b: Gardevoir|63/100
|move|p1b: Basculegion|Wave Crash|p2a: Maushold
|-damage|p2a: Maushold|0 fnt
|faint|p2a: Maushold
|-damage|p1b: Basculegion|60/100|[from] Recoil
|move|p2b: Gardevoir|Psychic|p1b: Basculegion
|-damage|p1b: Basculegion|0 fnt
|faint|p1b: Basculegion
|
|-weather|none
|upkeep
|turn|6
|
|t:|1782487168
|move|p1a: Delphox|Nasty Plot|p1a: Delphox
|-boost|p1a: Delphox|spa|2
|move|p2b: Gardevoir|Hyper Voice|p1a: Delphox
|-resisted|p1a: Delphox|1
|-damage|p1a: Delphox|13/100
|
|upkeep
|turn|7
|
|t:|1782487178
|move|p2b: Gardevoir|Protect|p2b: Gardevoir
|-singleturn|p2b: Gardevoir|Protect
|move|p1a: Delphox|Heat Wave|p2b: Gardevoir
|-activate|p2b: Gardevoir|move: Protect
|
|upkeep
|turn|8
|
|t:|1782487184
|move|p1a: Delphox|Heat Wave|p2b: Gardevoir
|-damage|p2b: Gardevoir|0 fnt
|faint|p2b: Gardevoir
|
|win|mike6972
|raw|mike6972's rating: 1127 → 1158(+31 for winning)
|raw|pressinblades's rating: 1213 → 1182(-31 for losing)
|c|☆pressinblades|ggwp
