|j|☆kamisnivy
|j|☆Eggy’sDad
|html|kamisnivyEggy’sDad    
|uhtml|bestof|Game 1 of a best-of-3
|t:|1785254855
|gametype|doubles
|player|p1|kamisnivy|169|1046
|player|p2|Eggy’sDad|102|1143
|gen|9
|tier|[Gen 9 Champions] VGC 2026 Reg M-B (Bo3)
|rated|
|rule|Species Clause: Limit one of each Pokémon
|rule|Item Clause: Limit 1 of each item
|clearpoke
|poke|p1|Steelix, L50, F|
|poke|p1|Tyranitar, L50, M|
|poke|p1|Sinistcha-Masterpiece, L50|
|poke|p1|Sneasler, L50, M|
|poke|p1|Gholdengo, L50|
|poke|p1|Talonflame, L50, M|
|poke|p2|Pyroar, L50, M|
|poke|p2|Whimsicott, L50, M|
|poke|p2|Ninetales, L50, M|
|poke|p2|Farigiraf, L50, M|
|poke|p2|Basculegion, L50, M|
|poke|p2|Floette-Eternal, L50, F|
|teampreview|4
|showteam|p1|Steelix||Steelixite|Sturdy|WideGuard,HeavySlam,HighHorsepower,Protect|Impish||F|||50|]Tyranitar||ChopleBerry|SandStream|RockSlide,DragonDance,KnockOff,Protect|Adamant||M|||50|]Sinistcha-Masterpiece||KasibBerry|Hospitality|LifeDew,MatchaGotcha,TrickRoom,RagePowder|Modest|||||50|]Sneasler||WhiteHerb|Unburden|CloseCombat,DireClaw,Protect,FakeOut|Adamant||M|||50|]Gholdengo||LifeOrb|GoodasGold|MakeItRain,ShadowBall,Protect,NastyPlot|Modest|||||50|]Talonflame||SharpBeak|GaleWings|BraveBird,FlareBlitz,Protect,SwordsDance|Jolly||M|||50|
|showteam|p2|Pyroar||Pyroarite|Unnerve|HeatWave,SolarBeam,Overheat,Protect|Timid||M|||50|]Whimsicott||FocusSash|Prankster|Moonblast,Tailwind,SunnyDay,Protect|Timid||M|||50|]Ninetales||ChoiceScarf|Drought|Overheat,HeatWave,SolarBeam,FakeTears|Modest||M|||50|]Farigiraf||SitrusBerry|ArmorTail|Thunderbolt,TwinBeam,TrickRoom,HelpingHand|Bold||M|||50|]Basculegion||LifeOrb|Adaptability|WaveCrash,LastRespects,AquaJet,Protect|Adamant||M|||50|]Floette-Eternal||Floettite|FlowerVeil|Moonblast,DazzlingGleam,LightofRuin,Protect|Timid||F|||50|
|inactive|Battle timer is ON: inactive players will automatically lose when time's up. (requested by kamisnivy)
|inactive|Eggy’sDad has 60 seconds left.
|
|t:|1785254910
|teamsize|p1|4
|teamsize|p2|4
|start
|switch|p1a: Steelix|Steelix, L50, F|100/100
|switch|p1b: Tyranitar|Tyranitar, L50, M|100/100
|switch|p2a: Whimsicott|Whimsicott, L50, M|100/100
|switch|p2b: Pyroar|Pyroar, L50, M|100/100
|-ability|p2b: Pyroar|Unnerve
|-weather|Sandstorm|[from] ability: Sand Stream|[of] p1b: Tyranitar
|turn|1
|inactive|Eggy’sDad has 30 seconds left.
|inactive|Eggy’sDad has 20 seconds left.
|inactive|Eggy’sDad has 15 seconds left.
|
|t:|1785254952
|detailschange|p1a: Steelix|Steelix-Mega, L50, F
|-mega|p1a: Steelix|Steelix|Steelixite
|move|p2b: Pyroar|Protect|p2b: Pyroar
|-singleturn|p2b: Pyroar|Protect
|move|p1a: Steelix|Wide Guard|p1a: Steelix
|-singleturn|p1a: Steelix|Wide Guard
|move|p2a: Whimsicott|Tailwind|p2a: Whimsicott
|-sidestart|p2: Eggy’sDad|move: Tailwind
|move|p1b: Tyranitar|Rock Slide|p2b: Pyroar|[spread] p2a
|-activate|p2b: Pyroar|move: Protect
|-damage|p2a: Whimsicott|54/100
|
|-weather|Sandstorm|[upkeep]
|-damage|p2a: Whimsicott|48/100|[from] Sandstorm
|-damage|p2b: Pyroar|93/100|[from] Sandstorm
|upkeep
|turn|2
|inactive|Eggy’sDad has 30 seconds left.
|inactive|Eggy’sDad has 20 seconds left.
|
|t:|1785254990
|detailschange|p2b: Pyroar|Pyroar-Mega, L50, M
|-mega|p2b: Pyroar|Pyroar|Pyroarite
|move|p1a: Steelix|Protect|p1a: Steelix
|-singleturn|p1a: Steelix|Protect
|move|p2a: Whimsicott|Sunny Day|p2a: Whimsicott
|-weather|SunnyDay
|move|p2b: Pyroar|Overheat|p1a: Steelix
|-activate|p1a: Steelix|move: Protect
|move|p1b: Tyranitar|Rock Slide|p2a: Whimsicott|[spread] p2a,p2b
|-supereffective|p2b: Pyroar|1
|-damage|p2a: Whimsicott|1/100
|-damage|p2b: Pyroar|11/100
|
|-weather|SunnyDay|[upkeep]
|upkeep
|turn|3
|inactive|Eggy’sDad has 30 seconds left.
|
|t:|1785255025
|switch|p1a: Talonflame|Talonflame, L50, M|100/100
|move|p2b: Pyroar|Overheat|p1a: Talonflame
|-resisted|p1a: Talonflame|1
|-damage|p1a: Talonflame|0 fnt
|-unboost|p2b: Pyroar|spa|2
|faint|p1a: Talonflame
|move|p2a: Whimsicott|Moonblast|p1b: Tyranitar
|-supereffective|p1b: Tyranitar|1
|-damage|p1b: Tyranitar|31/100
|move|p1b: Tyranitar|Rock Slide|p2b: Pyroar|[spread] p2a,p2b
|-crit|p2a: Whimsicott
|-supereffective|p2b: Pyroar|1
|-damage|p2a: Whimsicott|0 fnt
|-damage|p2b: Pyroar|0 fnt
|faint|p2a: Whimsicott
|faint|p2b: Pyroar
|
|-weather|SunnyDay|[upkeep]
|upkeep
|
|t:|1785255043
|switch|p2b: Basculegion|Basculegion, L50, M|100/100
|switch|p1a: Steelix|Steelix-Mega, L50, F|100/100
|switch|p2a: Ninetales|Ninetales, L50, M|100/100
|turn|4
|
|t:|1785255063
|switch|p1a: Sinistcha|Sinistcha-Masterpiece, L50|100/100
|-heal|p1b: Tyranitar|55/100|[from] ability: Hospitality|[of] p1a: Sinistcha
|move|p1b: Tyranitar|Protect|p1b: Tyranitar
|-singleturn|p1b: Tyranitar|Protect
|move|p2a: Ninetales|Overheat|p1a: Sinistcha
|-supereffective|p1a: Sinistcha|1
|-damage|p1a: Sinistcha|0 fnt
|-unboost|p2a: Ninetales|spa|2
|faint|p1a: Sinistcha
|move|p2b: Basculegion|Wave Crash|p1b: Tyranitar
|-activate|p1b: Tyranitar|move: Protect
|
|-weather|SunnyDay|[upkeep]
|-sideend|p2: Eggy’sDad|move: Tailwind
|upkeep
|
|t:|1785255071
|switch|p1a: Steelix|Steelix-Mega, L50, F|100/100
|turn|5
|inactive|Eggy’sDad has 30 seconds left.
|
|t:|1785255099
|move|p1a: Steelix|Protect|p1a: Steelix
|-singleturn|p1a: Steelix|Protect
|move|p2a: Ninetales|Overheat|p1a: Steelix
|-activate|p1a: Steelix|move: Protect
|move|p2b: Basculegion|Wave Crash|p1b: Tyranitar
|-supereffective|p1b: Tyranitar|1
|-damage|p1b: Tyranitar|0 fnt
|faint|p1b: Tyranitar
|-damage|p2b: Basculegion|83/100|[from] Recoil
|-damage|p2b: Basculegion|73/100|[from] item: Life Orb
|
|-weather|SunnyDay|[upkeep]
|upkeep
|turn|6
|
|t:|1785255117
|move|p2a: Ninetales|Overheat|p1a: Steelix
|-supereffective|p1a: Steelix|1
|-damage|p1a: Steelix|10/100
|-unboost|p2a: Ninetales|spa|2
|move|p2b: Basculegion|Last Respects|p1a: Steelix
|-damage|p1a: Steelix|0 fnt
|faint|p1a: Steelix
|-damage|p2b: Basculegion|63/100|[from] item: Life Orb
|
|win|Eggy’sDad
||kamisnivy is ready for game 2.
|l|☆kamisnivy
|player|p1|
|inactive|Eggy’sDad has 30 seconds to confirm battle start!
