|j|☆higigig
|j|☆Realfrytki
|html|higigigRealfrytki    
|uhtml|bestof|Game 1 of a best-of-3
|t:|1756379815
|gametype|doubles
|player|p1|higigig|sisandbro|1107
|player|p2|Realfrytki|veteranf|1249
|gen|9
|tier|[Gen 9] VGC 2025 Reg H (Bo3)
|rated|
|rule|Species Clause: Limit one of each Pokémon
|rule|Item Clause: Limit 1 of each item
|clearpoke
|poke|p1|Sneasler, L50, F|
|poke|p1|Ursaluna-Bloodmoon, L50, M|
|poke|p1|Amoonguss, L50, M|
|poke|p1|Incineroar, L50, M|
|poke|p1|Altaria, L50, F|
|poke|p1|Gholdengo, L50|
|poke|p2|Volcarona, L50, M|
|poke|p2|Rillaboom, L50, M|
|poke|p2|Dragonite, L50, F|
|poke|p2|Kingambit, L50, F|
|poke|p2|Sneasler, L50, M|
|poke|p2|Electabuzz, L50, F|
|teampreview|4
|showteam|p1|Sneasler||ClearAmulet|PoisonTouch|FakeOut,CloseCombat,DireClaw,Protect|||F|||50|,,,,,Water]Ursaluna-Bloodmoon||AssaultVest|MindsEye|HyperVoice,EarthPower,BloodMoon,Moonblast|||M|||50|,,,,,Fairy]Amoonguss||SitrusBerry|Regenerator|SludgeBomb,PollenPuff,Spore,RagePowder|||M|||50|,,,,,Dark]Incineroar||SafetyGoggles|Intimidate|FakeOut,FlareBlitz,KnockOff,PartingShot|||M|||50|,,,,,Ghost]Altaria||CovertCloak|CloudNine|BreakingSwipe,Haze,Tailwind,Protect|||F|||50|,,,,,Fairy]Gholdengo||LifeOrb|GoodasGold|NastyPlot,MakeItRain,ShadowBall,Protect||||||50|,,,,,Water
|showteam|p2|Volcarona||Leftovers|FlameBody|HeatWave,TeraBlast,QuiverDance,Protect|||M|||50|,,,,,Fairy]Rillaboom||MiracleSeed|GrassySurge|WoodHammer,GrassyGlide,FakeOut,HighHorsepower|||M|||50|,,,,,Fire]Dragonite||LoadedDice|Multiscale|ScaleShot,ExtremeSpeed,Haze,Protect|||F|||50|,,,,,Steel]Kingambit||AssaultVest|Defiant|KowtowCleave,SuckerPunch,IronHead,TeraBlast|||F|||50|,,,,,Flying]Sneasler||FocusSash|Unburden|CloseCombat,DireClaw,Coaching,FakeOut|||M|||50|,,,,,Stellar]Electabuzz||Eviolite|VitalSpirit|Thunderbolt,FollowMe,Taunt,Protect|||F|||50|,,,,,Ghost
|inactive|Battle timer is ON: inactive players will automatically lose when time's up. (requested by higigig)
|inactive|higigig has 60 seconds left.
|inactive|higigig has 30 seconds left.
|inactive|higigig has 20 seconds left.
|inactive|higigig has 15 seconds left.
|
|t:|1756379895
|teamsize|p1|4
|teamsize|p2|4
|start
|switch|p1a: Sneasler|Sneasler, L50, F|100/100
|switch|p1b: Ursaluna|Ursaluna-Bloodmoon, L50, M|100/100
|switch|p2a: Sneasler|Sneasler, L50, M|100/100
|switch|p2b: Kingambit|Kingambit, L50, F|100/100
|turn|1
|inactive|higigig has 30 seconds left.
|inactive|higigig has 20 seconds left.
|inactive|higigig has 15 seconds left.
|inactive|higigig has 10 seconds left.
|inactive|higigig has 5 seconds left.
|
|t:|1756379947
|-terastallize|p2b: Kingambit|Flying
|move|p2a: Sneasler|Fake Out|p1b: Ursaluna
|-damage|p1b: Ursaluna|90/100
|move|p1a: Sneasler|Fake Out|p2a: Sneasler
|-damage|p2a: Sneasler|74/100
|cant|p1b: Ursaluna|flinch
|move|p2b: Kingambit|Tera Blast|p1a: Sneasler|[anim] Tera Blast Flying
|-supereffective|p1a: Sneasler
|-damage|p1a: Sneasler|0 fnt
|faint|p1a: Sneasler
|
|upkeep
|
|t:|1756379959
|switch|p1a: Gholdengo|Gholdengo, L50|100/100
|turn|2
|
|t:|1756379972
|-terastallize|p1a: Gholdengo|Water
|move|p2a: Sneasler|Coaching|p2b: Kingambit
|-boost|p2b: Kingambit|atk|1
|-boost|p2b: Kingambit|def|1
|move|p1a: Gholdengo|Make It Rain|p2b: Kingambit|[spread] p2a,p2b
|-damage|p2a: Sneasler|0 fnt
|-damage|p2b: Kingambit|62/100
|-unboost|p1a: Gholdengo|spa|1
|faint|p2a: Sneasler
|-damage|p1a: Gholdengo|91/100|[from] item: Life Orb
|move|p1b: Ursaluna|Blood Moon|p2b: Kingambit
|-damage|p2b: Kingambit|9/100
|move|p2b: Kingambit|Kowtow Cleave|p1a: Gholdengo
|-damage|p1a: Gholdengo|8/100
|
|upkeep
|
|t:|1756379992
|switch|p2a: Rillaboom|Rillaboom, L50, M|100/100
|-fieldstart|move: Grassy Terrain|[from] ability: Grassy Surge|[of] p2a: Rillaboom
|turn|3
|inactive|higigig has 30 seconds left.
|inactive|higigig has 20 seconds left.
|inactive|higigig has 15 seconds left.
|
|t:|1756380033
|switch|p1b: Incineroar|Incineroar, L50, M|100/100
|-ability|p1b: Incineroar|Intimidate|boost
|-unboost|p2a: Rillaboom|atk|1
|-unboost|p2b: Kingambit|atk|1
|-ability|p2b: Kingambit|Defiant|boost
|-boost|p2b: Kingambit|atk|2
|move|p1a: Gholdengo|Protect|p1a: Gholdengo
|-singleturn|p1a: Gholdengo|Protect
|move|p2b: Kingambit|Sucker Punch||[still]
|-fail|p2b: Kingambit
|move|p2a: Rillaboom|Wood Hammer|p1b: Incineroar
|-resisted|p1b: Incineroar
|-damage|p1b: Incineroar|71/100
|-damage|p2a: Rillaboom|91/100|[from] Recoil
|
|-heal|p1a: Gholdengo|14/100|[from] Grassy Terrain
|-heal|p2a: Rillaboom|97/100|[from] Grassy Terrain
|-heal|p1b: Incineroar|77/100|[from] Grassy Terrain
|upkeep
|turn|4
|inactive|higigig has 30 seconds left.
|
|t:|1756380061
|switch|p1a: Ursaluna|Ursaluna-Bloodmoon, L50, M|90/100
|move|p2a: Rillaboom|Grassy Glide|p1a: Ursaluna
|-supereffective|p1a: Ursaluna
|-damage|p1a: Ursaluna|40/100
|move|p2b: Kingambit|Sucker Punch||[still]
|-fail|p2b: Kingambit
|move|p1b: Incineroar|Knock Off|p2b: Kingambit
|-damage|p2b: Kingambit|0 fnt
|-enditem|p2b: Kingambit|Assault Vest|[from] move: Knock Off|[of] p1b: Incineroar
|faint|p2b: Kingambit
|
|-heal|p2a: Rillaboom|100/100|[from] Grassy Terrain
|-heal|p1a: Ursaluna|46/100|[from] Grassy Terrain
|-heal|p1b: Incineroar|83/100|[from] Grassy Terrain
|upkeep
|
|t:|1756380075
|switch|p2b: Volcarona|Volcarona, L50, M|100/100
|turn|5
|inactive|higigig has 30 seconds left.
|
|t:|1756380101
|switch|p1a: Gholdengo|Gholdengo, L50, tera:Water|14/100
|move|p2b: Volcarona|Quiver Dance|p2b: Volcarona
|-boost|p2b: Volcarona|spa|1
|-boost|p2b: Volcarona|spd|1
|-boost|p2b: Volcarona|spe|1
|move|p2a: Rillaboom|Wood Hammer|p1a: Gholdengo
|-supereffective|p1a: Gholdengo
|-damage|p1a: Gholdengo|0 fnt
|faint|p1a: Gholdengo
|-damage|p2a: Rillaboom|97/100|[from] Recoil
|move|p1b: Incineroar|Parting Shot|p2a: Rillaboom
|-unboost|p2a: Rillaboom|atk|1
|-unboost|p2a: Rillaboom|spa|1
|
|t:|1756380108
|switch|p1b: Ursaluna|Ursaluna-Bloodmoon, L50, M|46/100|[from] Parting Shot
|
|-heal|p2a: Rillaboom|100/100|[from] Grassy Terrain
|-heal|p1b: Ursaluna|52/100|[from] Grassy Terrain
|upkeep
|
|t:|1756380110
|switch|p1a: Incineroar|Incineroar, L50, M|83/100
|-ability|p1a: Incineroar|Intimidate|boost
|-unboost|p2a: Rillaboom|atk|1
|-unboost|p2b: Volcarona|atk|1
|turn|6
|
|t:|1756380128
|move|p1a: Incineroar|Fake Out|p2b: Volcarona
|-damage|p2b: Volcarona|86/100
|cant|p2b: Volcarona|flinch
|move|p2a: Rillaboom|Wood Hammer|p1b: Ursaluna
|-supereffective|p1b: Ursaluna
|-damage|p1b: Ursaluna|0 fnt
|faint|p1b: Ursaluna
|-damage|p2a: Rillaboom|83/100|[from] Recoil
|
|-heal|p2b: Volcarona|92/100|[from] Grassy Terrain
|-heal|p2b: Volcarona|98/100|[from] item: Leftovers
|-heal|p2a: Rillaboom|89/100|[from] Grassy Terrain
|-heal|p1a: Incineroar|89/100|[from] Grassy Terrain
|upkeep
|turn|7
|-message|higigig forfeited.
|
|win|Realfrytki
