|j|☆phuc_lamvgc
|j|☆newtopokemonteehee
|html|phuc_lamvgcnewtopokemonteehee    
|uhtml|bestof|Game 1 of a best-of-3
|t:|1783809970
|gametype|doubles
|player|p1|phuc_lamvgc|miku-ghost|1111
|player|p2|newtopokemonteehee|101|1072
|gen|9
|tier|[Gen 9 Champions] VGC 2026 Reg M-B (Bo3)
|rated|
|rule|Species Clause: Limit one of each Pokémon
|rule|Item Clause: Limit 1 of each item
|clearpoke
|poke|p1|Raichu, L50, M|
|poke|p1|Floette-Eternal, L50, F|
|poke|p1|Milotic, L50, F|
|poke|p1|Sinistcha, L50|
|poke|p1|Ceruledge, L50, M|
|poke|p1|Incineroar, L50, M|
|poke|p2|Basculegion, L50, M|
|poke|p2|Spiritomb, L50, F|
|poke|p2|Conkeldurr, L50, M|
|poke|p2|Mawile, L50, M|
|poke|p2|Aegislash, L50, F|
|poke|p2|Dragonite, L50, F|
|teampreview|4
|showteam|p1|Raichu||RaichuniteY|LightningRod|ZapCannon,VoltSwitch,FocusBlast,FakeOut|Timid||M|||50|]Floette-Eternal||Floettite|FlowerVeil|DazzlingGleam,DrainingKiss,CalmMind,Protect|Modest||F|||50|]Milotic||Leftovers|Competitive|MuddyWater,Hypnosis,Coil,Protect|Calm||F|||50|]Sinistcha||KasibBerry|Hospitality|MatchaGotcha,RagePowder,LifeDew,Protect|Bold|||||50|]Ceruledge||ColburBerry|FlashFire|BitterBlade,ShadowSneak,BulkUp,Protect|Adamant||M|||50|]Incineroar||SitrusBerry|Intimidate|FlareBlitz,ThroatChop,FakeOut,PartingShot|Impish||M|||50|
|showteam|p2|Basculegion||ChoiceScarf|Adaptability|LastRespects,FlipTurn,WaveCrash,IceFang|Jolly||M|||50|]Spiritomb||RoseliBerry|Infiltrator|TrickRoom,DestinyBond,WillOWisp,DarkPulse|Relaxed||F|||50|]Conkeldurr||LifeOrb|SheerForce|LowSweep,MachPunch,FirePunch,Protect|Brave||M|||50|]Mawile||Mawilite|HyperCutter|PlayRough,SuckerPunch,IronHead,Protect|Brave||M|||50|]Aegislash||Leftovers|StanceChange|WideGuard,ShadowBall,RainDance,KingsShield|Quiet||F|||50|]Dragonite||Dragoninite|InnerFocus|IceBeam,Hurricane,DracoMeteor,ThunderWave|Serious||F|||50|
|
|t:|1783810021
|teamsize|p1|4
|teamsize|p2|4
|start
|switch|p1a: Milotic|Milotic, L50, F|100/100
|switch|p1b: Raichu|Raichu, L50, M|100/100
|switch|p2a: Basculegion|Basculegion, L50, M|100/100
|switch|p2b: Spiritomb|Spiritomb, L50, F|100/100
|turn|1
|
|t:|1783810036
|detailschange|p1b: Raichu|Raichu-Mega-Y, L50, M
|-mega|p1b: Raichu|Raichu|Raichunite Y
|move|p2a: Basculegion|Wave Crash|p1b: Raichu
|-damage|p1b: Raichu|0 fnt
|faint|p1b: Raichu
|-damage|p2a: Basculegion|72/100|[from] Recoil
|move|p1a: Milotic|Coil|p1a: Milotic
|-boost|p1a: Milotic|atk|1
|-boost|p1a: Milotic|def|1
|-boost|p1a: Milotic|accuracy|1
|move|p2b: Spiritomb|Trick Room|p2b: Spiritomb
|-fieldstart|move: Trick Room|[of] p2b: Spiritomb
|
|upkeep
|
|t:|1783810041
|switch|p1b: Incineroar|Incineroar, L50, M|100/100
|-ability|p1b: Incineroar|Intimidate|boost
|-unboost|p2a: Basculegion|atk|1
|-unboost|p2b: Spiritomb|atk|1
|turn|2
|
|t:|1783810081
|move|p2b: Spiritomb|Dark Pulse|p1a: Milotic
|-damage|p1a: Milotic|81/100
|move|p1b: Incineroar|Throat Chop|p2a: Basculegion
|-supereffective|p2a: Basculegion|1
|-damage|p2a: Basculegion|0 fnt
|faint|p2a: Basculegion
|move|p1a: Milotic|Hypnosis|p2b: Spiritomb
|-status|p2b: Spiritomb|slp|[from] move: Hypnosis
|
|-heal|p1a: Milotic|87/100|[from] item: Leftovers
|upkeep
|
|t:|1783810095
|switch|p2a: Conkeldurr|Conkeldurr, L50, M|100/100
|turn|3
|
|t:|1783810106
|switch|p1b: Sinistcha|Sinistcha, L50|100/100
|-heal|p1a: Milotic|100/100|[from] ability: Hospitality|[of] p1b: Sinistcha
|cant|p2b: Spiritomb|slp
|move|p2a: Conkeldurr|Low Sweep|p1a: Milotic
|-crit|p1a: Milotic
|-damage|p1a: Milotic|11/100
|move|p1a: Milotic|Muddy Water|p2a: Conkeldurr|[spread] p2a,p2b
|-damage|p2a: Conkeldurr|74/100
|-damage|p2b: Spiritomb|77/100 slp
|
|-heal|p1a: Milotic|17/100|[from] item: Leftovers
|upkeep
|turn|4
|
|t:|1783810125
|move|p1a: Milotic|Protect|p1a: Milotic
|-singleturn|p1a: Milotic|Protect
|-curestatus|p2b: Spiritomb|slp|[msg]
|move|p2b: Spiritomb|Dark Pulse|p1b: Sinistcha
|-supereffective|p1b: Sinistcha|1
|-damage|p1b: Sinistcha|51/100
|move|p2a: Conkeldurr|Low Sweep|p1a: Milotic
|-activate|p1a: Milotic|move: Protect
|cant|p1b: Sinistcha|flinch
|
|-heal|p1a: Milotic|23/100|[from] item: Leftovers
|upkeep
|turn|5
|
|t:|1783810158
|move|p1b: Sinistcha|Rage Powder|p1b: Sinistcha
|-singleturn|p1b: Sinistcha|move: Rage Powder
|move|p2b: Spiritomb|Destiny Bond|p2b: Spiritomb
|-singlemove|p2b: Spiritomb|Destiny Bond
|move|p2a: Conkeldurr|Low Sweep|p1b: Sinistcha
|-immune|p1b: Sinistcha
|move|p1a: Milotic|Muddy Water|p2b: Spiritomb|[spread] p2a,p2b
|-damage|p2a: Conkeldurr|46/100
|-damage|p2b: Spiritomb|54/100
|-unboost|p2b: Spiritomb|accuracy|1
|
|-heal|p1a: Milotic|29/100|[from] item: Leftovers
|-fieldend|move: Trick Room
|upkeep
|turn|6
|
|t:|1783810170
|move|p2a: Conkeldurr|Protect|p2a: Conkeldurr
|-singleturn|p2a: Conkeldurr|Protect
|move|p1a: Milotic|Hypnosis|p2b: Spiritomb
|-status|p2b: Spiritomb|slp|[from] move: Hypnosis
|move|p1b: Sinistcha|Matcha Gotcha|p2b: Spiritomb|[spread] p2b
|-activate|p2a: Conkeldurr|move: Protect
|-damage|p2b: Spiritomb|32/100 slp
|-heal|p1b: Sinistcha|61/100|[from] drain|[of] p2b: Spiritomb
|cant|p2b: Spiritomb|slp
|
|-heal|p1a: Milotic|35/100|[from] item: Leftovers
|upkeep
|turn|7
|
|t:|1783810186
|move|p1a: Milotic|Hypnosis|p2a: Conkeldurr
|-status|p2a: Conkeldurr|slp|[from] move: Hypnosis
|move|p1b: Sinistcha|Life Dew|p1b: Sinistcha|[spread] p1a,p1b
|-heal|p1a: Milotic|60/100
|-heal|p1b: Sinistcha|86/100
|cant|p2a: Conkeldurr|slp
|cant|p2b: Spiritomb|slp
|
|-heal|p1a: Milotic|66/100|[from] item: Leftovers
|upkeep
|turn|8
|
|t:|1783810198
|cant|p2a: Conkeldurr|slp
|move|p1a: Milotic|Muddy Water|p2b: Spiritomb|[spread] p2a,p2b
|-damage|p2a: Conkeldurr|20/100y slp
|-damage|p2b: Spiritomb|11/100 slp
|move|p1b: Sinistcha|Matcha Gotcha|p2a: Conkeldurr|[spread] p2a,p2b
|-damage|p2a: Conkeldurr|0 fnt
|-heal|p1b: Sinistcha|98/100|[from] drain|[of] p2a: Conkeldurr
|-damage|p2b: Spiritomb|0 fnt
|-heal|p1b: Sinistcha|100/100|[from] drain|[of] p2b: Spiritomb
|faint|p2a: Conkeldurr
|faint|p2b: Spiritomb
|
|-heal|p1a: Milotic|72/100|[from] item: Leftovers
|upkeep
|
|t:|1783810212
|switch|p2b: Mawile|Mawile, L50, M|100/100
|turn|9
|
|t:|1783810219
|detailschange|p2b: Mawile|Mawile-Mega, L50, M
|-mega|p2b: Mawile|Mawile|Mawilite
|move|p1b: Sinistcha|Rage Powder|p1b: Sinistcha
|-singleturn|p1b: Sinistcha|move: Rage Powder
|move|p2b: Mawile|Sucker Punch||[still]
|-fail|p2b: Mawile
|move|p1a: Milotic|Hypnosis|p2b: Mawile
|-status|p2b: Mawile|slp|[from] move: Hypnosis
|
|-heal|p1a: Milotic|78/100|[from] item: Leftovers
|upkeep
|turn|10
|
|t:|1783810230
|move|p1a: Milotic|Muddy Water|p2b: Mawile
|-damage|p2b: Mawile|60/100 slp
|move|p1b: Sinistcha|Life Dew||[still]|[spread] p1a,p1b
|-heal|p1a: Milotic|100/100
|-fail|p1b: Sinistcha|heal
|cant|p2b: Mawile|slp
|
|upkeep
|turn|11
|
|t:|1783810239
|move|p1b: Sinistcha|Rage Powder|p1b: Sinistcha
|-singleturn|p1b: Sinistcha|move: Rage Powder
|move|p1a: Milotic|Muddy Water|p2b: Mawile
|-damage|p2b: Mawile|19/100 slp
|cant|p2b: Mawile|slp
|
|upkeep
|turn|12
|
|t:|1783810247
|switch|p1b: Incineroar|Incineroar, L50, M|100/100
|-ability|p1b: Incineroar|Intimidate|boost
|-unboost|p2b: Mawile|atk|1
|-curestatus|p2b: Mawile|slp|[msg]
|move|p2b: Mawile|Sucker Punch||[still]
|-fail|p2b: Mawile
|move|p1a: Milotic|Muddy Water|p2b: Mawile
|-damage|p2b: Mawile|0 fnt
|faint|p2b: Mawile
|
|win|phuc_lamvgc
||newtopokemonteehee is ready for game 2.
||phuc_lamvgc is ready for game 2.
|uhtml|next|Next: Game 2 of 3
|l|☆newtopokemonteehee
|player|p2|
