|j|☆lettitripppp
|j|☆sbhaga34
|html|lettitrippppsbhaga34    
|uhtml|bestof|Game 2 of a best-of-3
|t:|1784768460
|gametype|doubles
|player|p1|lettitripppp|lucas|1258
|player|p2|sbhaga34|hugh|1305
|gen|9
|tier|[Gen 9 Champions] VGC 2026 Reg M-B (Bo3)
|rated|
|rule|Species Clause: Limit one of each Pokémon
|rule|Item Clause: Limit 1 of each item
|clearpoke
|poke|p1|Charizard, L50, M, shiny|
|poke|p1|Basculegion, L50, M, shiny|
|poke|p1|Pelipper, L50, F|
|poke|p1|Venusaur, L50, F|
|poke|p1|Archaludon, L50, M|
|poke|p1|Grimmsnarl, L50, M, shiny|
|poke|p2|Excadrill, L50, F|
|poke|p2|Tyranitar, L50, F|
|poke|p2|Corviknight, L50, F|
|poke|p2|Rotom-Wash, L50|
|poke|p2|Chandelure, L50, M|
|poke|p2|Scovillain, L50, F|
|teampreview|4
|showteam|p1|Charizard||CharizarditeY|Blaze|WeatherBall,SolarBeam,HeatWave,Protect|Modest||M|||50|]Basculegion||ChoiceScarf|Adaptability|LastRespects,WaveCrash,FlipTurn,AquaJet|Jolly||M|||50|]Pelipper||SitrusBerry|Drizzle|WeatherBall,WideGuard,Hurricane,Tailwind|Modest||F|||50|]Venusaur||FocusSash|Chlorophyll|SleepPowder,SludgeBomb,EarthPower,Protect|Modest||F|||50|]Archaludon||Leftovers|Stamina|FlashCannon,DragonPulse,ElectroShot,Protect|Calm||M|||50|]Grimmsnarl||LightClay|Prankster|PartingShot,LightScreen,SpiritBreak,Reflect|Relaxed||M|||50|
|showteam|p2|Excadrill||FocusSash|SandRush|Earthquake,IronHead,SwordsDance,Protect|Adamant||F|||50|]Tyranitar||Tyranitarite|SandStream|RockSlide,KnockOff,LowKick,Protect|Adamant||F|||50|]Corviknight||SharpBeak|MirrorArmor|BraveBird,Tailwind,BulkUp,Roost|Careful||F|||50|]Rotom-Wash||ChoiceScarf|Levitate|VoltSwitch,Thunderbolt,Electroweb,HydroPump|Timid|||||50|]Chandelure||ShucaBerry|FlashFire|HeatWave,ShadowBall,TrickRoom,Protect|Modest||M|||50|]Scovillain||Scovillainite|Chlorophyll|RagePowder,Overheat,GigaDrain,Protect|Calm||F|||50|
|inactive|Battle timer is ON: inactive players will automatically lose when time's up. (requested by lettitripppp)
|
|t:|1784768485
|teamsize|p1|4
|teamsize|p2|4
|start
|switch|p1a: GHOSTWAVE|Basculegion, L50, M, shiny|100/100
|switch|p1b: GO JOHAN|Grimmsnarl, L50, M, shiny|100/100
|switch|p2a: Rotom|Rotom-Wash, L50|100/100
|switch|p2b: Chandelure|Chandelure, L50, M|100/100
|turn|1
|
|t:|1784768492
|move|p2b: Chandelure|Protect|p2b: Chandelure
|-singleturn|p2b: Chandelure|Protect
|move|p1b: GO JOHAN|Light Screen|p1b: GO JOHAN
|-sidestart|p1: lettitripppp|move: Light Screen
|move|p1a: GHOSTWAVE|Flip Turn|p2a: Rotom
|-resisted|p2a: Rotom|1
|-damage|p2a: Rotom|77/100
|
|t:|1784768498
|switch|p1a: BEYOND BRIDGE|Archaludon, L50, M|100/100|[from] Flip Turn
|move|p2a: Rotom|Thunderbolt|p1a: BEYOND BRIDGE
|-resisted|p1a: BEYOND BRIDGE|1
|-crit|p1a: BEYOND BRIDGE
|-damage|p1a: BEYOND BRIDGE|76/100
|-ability|p1a: BEYOND BRIDGE|Stamina|boost
|-boost|p1a: BEYOND BRIDGE|def|1
|
|-heal|p1a: BEYOND BRIDGE|82/100|[from] item: Leftovers
|upkeep
|turn|2
|
|t:|1784768509
|move|p1b: GO JOHAN|Parting Shot|p2b: Chandelure
|-unboost|p2b: Chandelure|atk|1
|-unboost|p2b: Chandelure|spa|1
|
|t:|1784768512
|switch|p1b: WET-BEAK|Pelipper, L50, F|100/100|[from] Parting Shot
|-weather|RainDance|[from] ability: Drizzle|[of] p1b: WET-BEAK
|move|p2a: Rotom|Thunderbolt|p1b: WET-BEAK
|-supereffective|p1b: WET-BEAK|2
|-damage|p1b: WET-BEAK|0 fnt
|faint|p1b: WET-BEAK
|move|p2b: Chandelure|Shadow Ball|p1a: BEYOND BRIDGE
|-damage|p1a: BEYOND BRIDGE|62/100
|-unboost|p1a: BEYOND BRIDGE|spd|1
|-ability|p1a: BEYOND BRIDGE|Stamina|boost
|-boost|p1a: BEYOND BRIDGE|def|1
|move|p1a: BEYOND BRIDGE|Electro Shot||[still]
|-prepare|p1a: BEYOND BRIDGE|Electro Shot
|-boost|p1a: BEYOND BRIDGE|spa|1
|-anim|p1a: BEYOND BRIDGE|Electro Shot|p2a: Rotom
|-damage|p2a: Rotom|21/100
|
|-weather|RainDance|[upkeep]
|-heal|p1a: BEYOND BRIDGE|69/100|[from] item: Leftovers
|upkeep
|
|t:|1784768526
|switch|p1b: GHOSTWAVE|Basculegion, L50, M, shiny|100/100
|turn|3
|inactive|sbhaga34 has 30 seconds left.
|inactive|sbhaga34 has 20 seconds left.
|
|t:|1784768564
|move|p1b: GHOSTWAVE|Flip Turn|p2a: Rotom
|-resisted|p2a: Rotom|1
|-damage|p2a: Rotom|0 fnt
|faint|p2a: Rotom
|
|t:|1784768568
|switch|p1b: GO JOHAN|Grimmsnarl, L50, M, shiny|100/100|[from] Flip Turn
|move|p2b: Chandelure|Shadow Ball|p1b: GO JOHAN
|-resisted|p1b: GO JOHAN|1
|-damage|p1b: GO JOHAN|90/100
|move|p1a: BEYOND BRIDGE|Dragon Pulse|p2b: Chandelure
|-damage|p2b: Chandelure|37/100
|
|-weather|RainDance|[upkeep]
|-heal|p1a: BEYOND BRIDGE|75/100|[from] item: Leftovers
|upkeep
|
|t:|1784768577
|switch|p2a: Excadrill|Excadrill, L50, F|100/100
|turn|4
|
|t:|1784768597
|switch|p2b: Tyranitar|Tyranitar, L50, F|100/100
|-weather|Sandstorm|[from] ability: Sand Stream|[of] p2b: Tyranitar
|move|p2a: Excadrill|Swords Dance|p2a: Excadrill
|-boost|p2a: Excadrill|atk|2
|move|p1a: BEYOND BRIDGE|Electro Shot||[still]
|-prepare|p1a: BEYOND BRIDGE|Electro Shot
|-boost|p1a: BEYOND BRIDGE|spa|1
|move|p1b: GO JOHAN|Spirit Break|p2a: Excadrill
|-resisted|p2a: Excadrill|1
|-damage|p2a: Excadrill|78/100
|-unboost|p2a: Excadrill|spa|1
|
|-weather|Sandstorm|[upkeep]
|-damage|p1b: GO JOHAN|84/100|[from] Sandstorm
|-heal|p1a: BEYOND BRIDGE|81/100|[from] item: Leftovers
|upkeep
|turn|5
|inactive|sbhaga34 has 30 seconds left.
|
|t:|1784768623
|move|p2b: Tyranitar|Protect|p2b: Tyranitar
|-singleturn|p2b: Tyranitar|Protect
|move|p1b: GO JOHAN|Reflect|p1b: GO JOHAN
|-sidestart|p1: lettitripppp|Reflect
|move|p2a: Excadrill|Earthquake|p1a: BEYOND BRIDGE|[spread] p1a,p1b
|-activate|p2b: Tyranitar|move: Protect
|-supereffective|p1a: BEYOND BRIDGE|1
|-damage|p1a: BEYOND BRIDGE|38/100
|-damage|p1b: GO JOHAN|29/100
|-ability|p1a: BEYOND BRIDGE|Stamina|boost
|-boost|p1a: BEYOND BRIDGE|def|1
|move|p1a: BEYOND BRIDGE|Electro Shot|p2b: Tyranitar|[from] lockedmove
|-activate|p2b: Tyranitar|move: Protect
|
|-weather|Sandstorm|[upkeep]
|-damage|p1b: GO JOHAN|23/100|[from] Sandstorm
|-heal|p1a: BEYOND BRIDGE|44/100|[from] item: Leftovers
|upkeep
|turn|6
|inactive|sbhaga34 has 30 seconds left.
|
|t:|1784768651
|move|p1a: BEYOND BRIDGE|Protect|p1a: BEYOND BRIDGE
|-singleturn|p1a: BEYOND BRIDGE|Protect
|move|p2a: Excadrill|Iron Head|p1b: GO JOHAN
|-supereffective|p1b: GO JOHAN|1
|-damage|p1b: GO JOHAN|0 fnt
|faint|p1b: GO JOHAN
|move|p2b: Tyranitar|Knock Off|p1a: BEYOND BRIDGE
|-activate|p1a: BEYOND BRIDGE|move: Protect
|
|-weather|Sandstorm|[upkeep]
|-heal|p1a: BEYOND BRIDGE|50/100g|[from] item: Leftovers
|upkeep
|
|t:|1784768657
|switch|p1b: GHOSTWAVE|Basculegion, L50, M, shiny|100/100
|turn|7
|
|t:|1784768678
|move|p2b: Tyranitar|Protect|p2b: Tyranitar
|-singleturn|p2b: Tyranitar|Protect
|move|p1b: GHOSTWAVE|Aqua Jet|p2b: Tyranitar
|-activate|p2b: Tyranitar|move: Protect
|move|p2a: Excadrill|Earthquake|p1b: GHOSTWAVE|[spread] p1a,p1b
|-activate|p2b: Tyranitar|move: Protect
|-supereffective|p1a: BEYOND BRIDGE|1
|-damage|p1a: BEYOND BRIDGE|15/100
|-damage|p1b: GHOSTWAVE|30/100
|-ability|p1a: BEYOND BRIDGE|Stamina|boost
|-boost|p1a: BEYOND BRIDGE|def|1
|move|p1a: BEYOND BRIDGE|Flash Cannon|p2b: Tyranitar
|-activate|p2b: Tyranitar|move: Protect
|
|-weather|Sandstorm|[upkeep]
|-damage|p1b: GHOSTWAVE|24/100|[from] Sandstorm
|-heal|p1a: BEYOND BRIDGE|21/100|[from] item: Leftovers
|upkeep
|turn|8
|
|t:|1784768696
|move|p2a: Excadrill|Protect|p2a: Excadrill
|-singleturn|p2a: Excadrill|Protect
|move|p1b: GHOSTWAVE|Aqua Jet|p2a: Excadrill
|-activate|p2a: Excadrill|move: Protect
|move|p2b: Tyranitar|Knock Off|p1b: GHOSTWAVE
|-supereffective|p1b: GHOSTWAVE|1
|-damage|p1b: GHOSTWAVE|0 fnt
|-enditem|p1b: GHOSTWAVE|Choice Scarf|[from] move: Knock Off|[of] p2b: Tyranitar
|faint|p1b: GHOSTWAVE
|move|p1a: BEYOND BRIDGE|Flash Cannon|p2b: Tyranitar
|-supereffective|p2b: Tyranitar|1
|-damage|p2b: Tyranitar|20/100y
|
|-weather|none
|-heal|p1a: BEYOND BRIDGE|27/100|[from] item: Leftovers
|-sideend|p1: lettitripppp|move: Light Screen
|upkeep
|turn|9
|
|t:|1784768707
|detailschange|p2b: Tyranitar|Tyranitar-Mega, L50, F
|-mega|p2b: Tyranitar|Tyranitar|Tyranitarite
|-weather|Sandstorm|[from] ability: Sand Stream|[of] p2b: Tyranitar
|move|p2b: Tyranitar|Protect|p2b: Tyranitar
|-singleturn|p2b: Tyranitar|Protect
|move|p1a: BEYOND BRIDGE|Protect|p1a: BEYOND BRIDGE
|-singleturn|p1a: BEYOND BRIDGE|Protect
|move|p2a: Excadrill|Earthquake|p1a: BEYOND BRIDGE|[spread] 
|-activate|p2b: Tyranitar|move: Protect
|-activate|p1a: BEYOND BRIDGE|move: Protect
|
|-weather|Sandstorm|[upkeep]
|-heal|p1a: BEYOND BRIDGE|33/100|[from] item: Leftovers
|upkeep
|turn|10
|
|t:|1784768720
|move|p2a: Excadrill|Earthquake|p1a: BEYOND BRIDGE|[spread] p2b,p1a
|-supereffective|p2b: Tyranitar|1
|-supereffective|p1a: BEYOND BRIDGE|1
|-damage|p2b: Tyranitar|0 fnt
|-damage|p1a: BEYOND BRIDGE|4/100
|-ability|p1a: BEYOND BRIDGE|Stamina|boost
|-boost|p1a: BEYOND BRIDGE|def|1
|faint|p2b: Tyranitar
|move|p1a: BEYOND BRIDGE|Dragon Pulse|p2a: Excadrill
|-resisted|p2a: Excadrill|1
|-crit|p2a: Excadrill
|-damage|p2a: Excadrill|9/100
|
|-weather|Sandstorm|[upkeep]
|-heal|p1a: BEYOND BRIDGE|10/100|[from] item: Leftovers
|upkeep
|
|t:|1784768723
|switch|p2b: Chandelure|Chandelure, L50, M|37/100
|turn|11
|
|t:|1784768729
|move|p2a: Excadrill|Protect|p2a: Excadrill
|-singleturn|p2a: Excadrill|Protect
|move|p2b: Chandelure|Shadow Ball|p1a: BEYOND BRIDGE
|-damage|p1a: BEYOND BRIDGE|0 fnt
|faint|p1a: BEYOND BRIDGE
|
|win|sbhaga34
||sbhaga34 is ready for game 3.
