|j|☆JayP_won
|j|☆Divine Monkey King
|html|JayP_wonDivine Monkey King    
|uhtml|bestof|Game 1 of a best-of-3
|t:|1782510131
|gametype|doubles
|player|p1|JayP_won|cynthia|1033
|player|p2|Divine Monkey King|rocketgrunt|1096
|gen|9
|tier|[Gen 9 Champions] VGC 2026 Reg M-B (Bo3)
|rated|
|rule|Species Clause: Limit one of each Pokémon
|rule|Item Clause: Limit 1 of each item
|clearpoke
|poke|p1|Gengar, L50, F|
|poke|p1|Hydreigon, L50, M|
|poke|p1|Incineroar, L50, M|
|poke|p1|Charizard, L50, F|
|poke|p1|Sinistcha-Masterpiece, L50|
|poke|p1|Venusaur, L50, M|
|poke|p2|Whimsicott, L50, F, shiny|
|poke|p2|Lucario, L50, M, shiny|
|poke|p2|Pelipper, L50, M, shiny|
|poke|p2|Beedrill, L50, M, shiny|
|poke|p2|Annihilape, L50, M, shiny|
|poke|p2|Basculegion, L50, M, shiny|
|teampreview|4
|showteam|p1|Gengar||Gengarite|CursedBody|Protect,IcyWind,ShadowBall,SunnyDay|Timid||F|||50|]Hydreigon||LifeOrb|Levitate|DracoMeteor,EarthPower,Tailwind,DarkPulse|Modest||M|||50|]Incineroar||SitrusBerry|Intimidate|DarkestLariat,FakeOut,FlareBlitz,PartingShot|Adamant||M|||50|]Charizard||CharizarditeY|SolarPower|Protect,SolarBeam,AncientPower,HeatWave|Timid||F|||50|]Sinistcha-Masterpiece||MentalHerb|Hospitality|TrickRoom,Imprison,RagePowder,MatchaGotcha|Bold|||||50|]Venusaur||WideLens|Chlorophyll|SleepPowder,EnergyBall,Protect,WeatherBall|Modest||M|||50|
|showteam|p2|Whimsicott||FocusSash|Prankster|Encore,Protect,Tailwind,BeatUp|Serious||F|||50|]Lucario||Lucarionite|Justified|Crunch,DrainPunch,PoisonJab,Protect|Jolly||M|||50|]Pelipper||SitrusBerry|Drizzle|Hurricane,IceBeam,Protect,WeatherBall|Timid||M|||50|]Beedrill||Beedrillite|Sniper|DrillRun,PoisonJab,Protect,FellStinger|Jolly||M|||50|]Annihilape||Leftovers|Defiant|BulkUp,DrainPunch,RageFist,RockSlide|Adamant||M|||50|]Basculegion||MysticWater|SwiftSwim|AquaJet,FlipTurn,LastRespects,Protect|Adamant||M|||50|
|
|t:|1782510225
|teamsize|p1|4
|teamsize|p2|4
|start
|switch|p1a: Gengar|Gengar, L50, F|100/100
|switch|p1b: Charizard|Charizard, L50, F|100/100
|switch|p2a: Whimsicott|Whimsicott, L50, F, shiny|100/100
|switch|p2b: Basculegion|Basculegion, L50, M, shiny|100/100
|turn|1
|
|t:|1782510293
|detailschange|p1a: Gengar|Gengar-Mega, L50, F
|-mega|p1a: Gengar|Gengar|Gengarite
|move|p1a: Gengar|Protect|p1a: Gengar
|-singleturn|p1a: Gengar|Protect
|move|p2b: Basculegion|Protect|p2b: Basculegion
|-singleturn|p2b: Basculegion|Protect
|move|p2a: Whimsicott|Tailwind|p2a: Whimsicott
|-sidestart|p2: Divine Monkey King|move: Tailwind
|move|p1b: Charizard|Ancient Power|p2a: Whimsicott
|-damage|p2a: Whimsicott|68/100
|
|upkeep
|turn|2
|
|t:|1782510327
|switch|p1b: Venusaur|Venusaur, L50, M|100/100
|move|p2a: Whimsicott|Encore|p1a: Gengar
|-start|p1a: Gengar|Encore
|move|p1a: Gengar|Protect||[still]
|-fail|p1a: Gengar
|move|p2b: Basculegion|Flip Turn|p1b: Venusaur
|-resisted|p1b: Venusaur|1
|-damage|p1b: Venusaur|84/100
|
|t:|1782510345
|switch|p2b: Lucario|Lucario, L50, M, shiny|100/100|[from] Flip Turn
|
|upkeep
|turn|3
|
|t:|1782510365
|move|p1a: Gengar|Protect|p1a: Gengar
|-singleturn|p1a: Gengar|Protect
|move|p2a: Whimsicott|Beat Up|p2b: Lucario
|-resisted|p2b: Lucario|1
|-damage|p2b: Lucario|98/100
|-ability|p2b: Lucario|Justified|boost
|-boost|p2b: Lucario|atk|1
|-resisted|p2b: Lucario|1
|-damage|p2b: Lucario|96/100
|-ability|p2b: Lucario|Justified|boost
|-boost|p2b: Lucario|atk|1
|-resisted|p2b: Lucario|1
|-damage|p2b: Lucario|95/100
|-ability|p2b: Lucario|Justified|boost
|-boost|p2b: Lucario|atk|1
|-resisted|p2b: Lucario|1
|-damage|p2b: Lucario|93/100
|-ability|p2b: Lucario|Justified|boost
|-boost|p2b: Lucario|atk|1
|-hitcount|p2b: Lucario|4
|move|p2b: Lucario|Poison Jab|p1b: Venusaur
|-damage|p1b: Venusaur|11/100
|move|p1b: Venusaur|Sleep Powder|p2b: Lucario
|-status|p2b: Lucario|slp|[from] move: Sleep Powder
|
|upkeep
|turn|4
|
|t:|1782510411
|switch|p1a: Charizard|Charizard, L50, F|100/100
|detailschange|p2b: Lucario|Lucario-Mega, L50, M, shiny
|-mega|p2b: Lucario|Lucario|Lucarionite
|move|p2a: Whimsicott|Encore|p1b: Venusaur
|-start|p1b: Venusaur|Encore
|cant|p2b: Lucario|slp
|move|p1b: Venusaur|Sleep Powder|p2b: Lucario|[miss]
|-miss|p1b: Venusaur|p2b: Lucario
|
|-sideend|p2: Divine Monkey King|move: Tailwind
|upkeep
|turn|5
|
|t:|1782510434
|switch|p1b: Gengar|Gengar-Mega, L50, F|100/100
|move|p2a: Whimsicott|Tailwind|p2a: Whimsicott
|-sidestart|p2: Divine Monkey King|move: Tailwind
|-curestatus|p2b: Lucario|slp|[msg]
|move|p2b: Lucario|Crunch|p1a: Charizard
|-damage|p1a: Charizard|0 fnt
|faint|p1a: Charizard
|
|upkeep
|-message|JayP_won forfeited.
|
|win|Divine Monkey King
|l|☆JayP_won
|player|p1|
|raw|JayP_won's rating: 1033 → 1021(-12 for losing)
|raw|Divine Monkey King's rating: 1096 → 1117(+21 for winning)
