|j|☆raksbach
|j|☆Chavo666
|html|raksbachChavo666    
|uhtml|bestof|Game 3 of a best-of-3
|t:|1785849965
|gametype|doubles
|player|p1|raksbach|doubleteam|1268
|player|p2|Chavo666|steven|1143
|gen|9
|tier|[Gen 9 Champions] VGC 2026 Reg M-B (Bo3)
|rated|
|rule|Species Clause: Limit one of each Pokémon
|rule|Item Clause: Limit 1 of each item
|clearpoke
|poke|p1|Charizard, L50, M|
|poke|p1|Garchomp, L50, M|
|poke|p1|Incineroar, L50, F|
|poke|p1|Venusaur, L50, F|
|poke|p1|Toxapex, L50, M|
|poke|p1|Sylveon, L50, M|
|poke|p2|Kangaskhan, L50, F|
|poke|p2|Ditto, L50|
|poke|p2|Pelipper, L50, M|
|poke|p2|Swampert, L50, M|
|poke|p2|Sylveon, L50, F|
|poke|p2|Basculegion, L50, M|
|teampreview|4
|showteam|p1|Charizard||CharizarditeY|Blaze|WeatherBall,HeatWave,AncientPower,Protect|Modest||M|||50|]Garchomp||ChoiceScarf|RoughSkin|RockSlide,DragonClaw,Earthquake,StompingTantrum|Adamant||M|||50|]Incineroar||SitrusBerry|Intimidate|FlareBlitz,FakeOut,DarkestLariat,PartingShot|Impish||F|||50|]Venusaur||LifeOrb|Chlorophyll|SludgeBomb,LeafStorm,EarthPower,Protect|Modest||F|||50|]Toxapex||Leftovers|Regenerator|Infestation,Toxic,WideGuard,BanefulBunker|Bold||M|||50|]Sylveon||FairyFeather|Pixilate|HyperVoice,QuickAttack,Yawn,Detect|Modest||M|||50|
|showteam|p2|Kangaskhan||Kangaskhanite|InnerFocus|DrainPunch,FakeOut,SuckerPunch,DoubleEdge|Adamant||F|||50|]Ditto||ChoiceScarf|Imposter|Transform|Adamant|||||50|]Pelipper||FocusSash|Drizzle|Hurricane,Tailwind,WeatherBall,WideGuard|Timid||M|||50|]Swampert||Swampertite|Damp|WaveCrash,IcePunch,Earthquake,Protect|Adamant||M|||50|]Sylveon||FairyFeather|Pixilate|HyperVoice,Protect,CalmMind,Moonblast|Modest||F|||50|]Basculegion||LifeOrb|SwiftSwim|AquaJet,WaveCrash,LastRespects,Protect|Adamant||M|||50|
|inactive|Battle timer is ON: inactive players will automatically lose when time's up. (requested by raksbach)
|inactive|raksbach has 60 seconds left.
|
|t:|1785850003
|teamsize|p1|4
|teamsize|p2|4
|start
|switch|p1a: Charizard|Charizard, L50, M|100/100
|switch|p1b: Incineroar|Incineroar, L50, F|100/100
|switch|p2a: Swampert|Swampert, L50, M|100/100
|switch|p2b: Kangaskhan|Kangaskhan, L50, F|100/100
|-ability|p1b: Incineroar|Intimidate|boost
|-unboost|p2a: Swampert|atk|1
|-fail|p2b: Kangaskhan|unboost|Attack|[from] ability: Inner Focus|[of] p2b: Kangaskhan
|turn|1
|
|t:|1785850024
|detailschange|p1a: Charizard|Charizard-Mega-Y, L50, M
|-mega|p1a: Charizard|Charizard|Charizardite Y
|-weather|SunnyDay|[from] ability: Drought|[of] p1a: Charizard
|detailschange|p2a: Swampert|Swampert-Mega, L50, M
|-mega|p2a: Swampert|Swampert|Swampertite
|move|p1a: Charizard|Protect|p1a: Charizard
|-singleturn|p1a: Charizard|Protect
|move|p2b: Kangaskhan|Fake Out|p1b: Incineroar
|-damage|p1b: Incineroar|86/100
|move|p2a: Swampert|Wave Crash|p1b: Incineroar
|-supereffective|p1b: Incineroar|1
|-damage|p1b: Incineroar|47/100
|-enditem|p1b: Incineroar|Sitrus Berry|[eat]
|-heal|p1b: Incineroar|72/100|[from] item: Sitrus Berry
|-damage|p2a: Swampert|85/100|[from] Recoil
|cant|p1b: Incineroar|flinch
|
|-weather|SunnyDay|[upkeep]
|upkeep
|turn|2
|
|t:|1785850046
|switch|p2a: Ditto|Ditto, L50|100/100
|-transform|p2a: Ditto|p1b: Incineroar|[from] ability: Imposter
|-ability|p2a: Ditto|Intimidate|boost
|-unboost|p1a: Charizard|atk|1
|-unboost|p1b: Incineroar|atk|1
|move|p1a: Charizard|Weather Ball|p2b: Kangaskhan
|-damage|p2b: Kangaskhan|11/100
|move|p2b: Kangaskhan|Double-Edge|p1a: Charizard
|-damage|p1a: Charizard|52/100
|-damage|p2b: Kangaskhan|0 fnt|[from] Recoil
|faint|p2b: Kangaskhan
|move|p1b: Incineroar|Parting Shot|p2a: Ditto
|-unboost|p2a: Ditto|atk|1
|-unboost|p2a: Ditto|spa|1
|
|t:|1785850059
|switch|p1b: Toxapex|Toxapex, L50, M|100/100|[from] Parting Shot
|
|-weather|SunnyDay|[upkeep]
|upkeep
|
|t:|1785850067
|switch|p2b: Pelipper|Pelipper, L50, M|100/100
|-weather|RainDance|[from] ability: Drizzle|[of] p2b: Pelipper
|turn|3
|
|t:|1785850079
|switch|p1a: Incineroar|Incineroar, L50, F|72/100
|-ability|p1a: Incineroar|Intimidate|boost
|-unboost|p2a: Ditto|atk|1
|-unboost|p2b: Pelipper|atk|1
|move|p2b: Pelipper|Hurricane|p1a: Incineroar
|-damage|p1a: Incineroar|30/100
|-start|p1a: Incineroar|confusion
|move|p2a: Ditto|Parting Shot|p1b: Toxapex
|-unboost|p1b: Toxapex|atk|1
|-unboost|p1b: Toxapex|spa|1
|
|t:|1785850088
|switch|p2a: Swampert|Swampert-Mega, L50, M|85/100|[from] Parting Shot
|move|p1b: Toxapex|Infestation|p2a: Swampert
|-damage|p2a: Swampert|83/100
|-activate|p2a: Swampert|move: Infestation|[of] p1b: Toxapex
|
|-weather|RainDance|[upkeep]
|-damage|p2a: Swampert|70/100|[from] move: Infestation|[partiallytrapped]
|upkeep
|turn|4
|
|t:|1785850102
|-activate|p1a: Incineroar|confusion
|-damage|p1a: Incineroar|23/100|[from] confusion
|move|p2a: Swampert|Earthquake|p1a: Incineroar|[spread] p1a,p1b
|-immune|p2b: Pelipper
|-supereffective|p1a: Incineroar|1
|-supereffective|p1b: Toxapex|1
|-damage|p1a: Incineroar|0 fnt
|-damage|p1b: Toxapex|33/100
|faint|p1a: Incineroar
|move|p2b: Pelipper|Weather Ball|p1b: Toxapex
|-resisted|p1b: Toxapex|1
|-damage|p1b: Toxapex|9/100
|move|p1b: Toxapex|Infestation|p2b: Pelipper
|-resisted|p2b: Pelipper|1
|-damage|p2b: Pelipper|98/100
|-activate|p2b: Pelipper|move: Infestation|[of] p1b: Toxapex
|
|-weather|RainDance|[upkeep]
|-heal|p1b: Toxapex|15/100|[from] item: Leftovers
|-damage|p2a: Swampert|58/100|[from] move: Infestation|[partiallytrapped]
|-damage|p2b: Pelipper|86/100|[from] move: Infestation|[partiallytrapped]
|upkeep
|
|t:|1785850119
|switch|p1a: Charizard|Charizard-Mega-Y, L50, M|52/100
|-weather|SunnyDay|[from] ability: Drought|[of] p1a: Charizard
|turn|5
|
|t:|1785850133
|switch|p1a: Venusaur|Venusaur, L50, F|100/100
|move|p1b: Toxapex|Baneful Bunker|p1b: Toxapex
|-singleturn|p1b: Toxapex|move: Protect
|move|p2b: Pelipper|Hurricane|p1b: Toxapex
|-activate|p1b: Toxapex|move: Protect
|move|p2a: Swampert|Wave Crash|p1a: Venusaur
|-resisted|p1a: Venusaur|1
|-damage|p1a: Venusaur|77/100
|-damage|p2a: Swampert|51/100|[from] Recoil
|
|-weather|SunnyDay|[upkeep]
|-heal|p1b: Toxapex|21/100|[from] item: Leftovers
|-damage|p2b: Pelipper|73/100|[from] move: Infestation|[partiallytrapped]
|-damage|p2a: Swampert|38/100|[from] move: Infestation|[partiallytrapped]
|upkeep
|turn|6
|
|t:|1785850154
|move|p1a: Venusaur|Leaf Storm|p2b: Pelipper|[miss]
|-miss|p1a: Venusaur|p2b: Pelipper
|move|p2b: Pelipper|Weather Ball|p1a: Venusaur
|-supereffective|p1a: Venusaur|1
|-damage|p1a: Venusaur|0 fnt
|faint|p1a: Venusaur
|move|p2a: Swampert|Earthquake|p1b: Toxapex|[spread] p1b
|-immune|p2b: Pelipper
|-supereffective|p1b: Toxapex|1
|-damage|p1b: Toxapex|0 fnt
|faint|p1b: Toxapex
|
|-weather|SunnyDay|[upkeep]
|-end|p2b: Pelipper|Infestation|[partiallytrapped]|[silent]
|-end|p2a: Swampert|Infestation|[partiallytrapped]|[silent]
|upkeep
|
|t:|1785850170
|switch|p1b: Charizard|Charizard-Mega-Y, L50, M|52/100
|turn|7
|-message|raksbach forfeited.
|
|win|Chavo666
|raw|raksbach's rating: 1268 → 1234(-34 for losing)
|raw|Chavo666's rating: 1143 → 1177(+34 for winning)
