|j|☆SnorlaxPikachu1
|j|☆cereales testea
|html|SnorlaxPikachu1cereales testea    
|uhtml|bestof|Game 3 of a best-of-3
|t:|1754384915
|gametype|doubles
|player|p1|SnorlaxPikachu1|palmer|1236
|player|p2|cereales testea|tate|1246
|gen|9
|tier|[Gen 9] VGC 2025 Reg H (Bo3)
|rated|
|rule|Species Clause: Limit one of each Pokémon
|rule|Item Clause: Limit 1 of each item
|clearpoke
|poke|p1|Indeedee-F, L50, F|
|poke|p1|Delphox, L50, F|
|poke|p1|Annihilape, L50, M|
|poke|p1|Weezing-Galar, L50, F|
|poke|p1|Whimsicott, L50, F|
|poke|p1|Hydreigon, L50, F|
|poke|p2|Rillaboom, L50, M|
|poke|p2|Volcarona, L50, F|
|poke|p2|Kingambit, L50, F|
|poke|p2|Dondozo, L50, F|
|poke|p2|Sneasler, L50, F|
|poke|p2|Baxcalibur, L50, F|
|teampreview|4
|showteam|p1|Indeedee-F||SitrusBerry|PsychicSurge|FollowMe,HelpingHand,Psychic,TrickRoom|||F|||50|,,,,,Fairy]Delphox||LifeOrb|Blaze|Psychic,HeatWave,ExpandingForce,Protect|||F|||50|,,,,,Psychic]Annihilape||PsychicSeed|Defiant|BulkUp,DrainPunch,RageFist,Protect|||M|||50|,,,,,Grass]Weezing-Galar||RockyHelmet|NeutralizingGas|Taunt,StrangeSteam,WillOWisp,Protect|||F|||50|,,,,,Water]Whimsicott||FocusSash|Prankster|Tailwind,BeatUp,Moonblast,LightScreen|||F|||50|,,,,,Ghost]Hydreigon||ChoiceSpecs|Levitate|DracoMeteor,DarkPulse,Snarl,EarthPower|||F|||50|,,,,,Ghost
|showteam|p2|Rillaboom||AssaultVest|GrassySurge|WoodHammer,GrassyGlide,HighHorsepower,FakeOut|||M|||50|,,,,,Fire]Volcarona||CovertCloak|FlameBody|HeatWave,TeraBlast,QuiverDance,Protect|||F|||50|,,,,,Fairy]Kingambit||SafetyGoggles|Defiant|KowtowCleave,SuckerPunch,SwordsDance,Protect|||F|||50|,,,,,Ghost]Dondozo||Leftovers|Unaware|WaveCrash,Fissure,Yawn,Protect|||F|||50|,,,,,Bug]Sneasler||FocusSash|PoisonTouch|Protect,Coaching,CloseCombat,DireClaw|||F|||50|,,,,,Ghost]Baxcalibur||LoadedDice|ThermalExchange|IcicleSpear,ScaleShot,IceShard,Protect|||F|||50|,,,,,Ghost
|
|t:|1754384960
|teamsize|p1|4
|teamsize|p2|4
|start
|switch|p1a: :D|Whimsicott, L50, F|100/100
|switch|p1b: 3v1|Hydreigon, L50, F|100/100
|switch|p2a: Sneasler|Sneasler, L50, F|100/100
|switch|p2b: Baxcalibur|Baxcalibur, L50, F|100/100
|turn|1
|inactive|Battle timer is ON: inactive players will automatically lose when time's up. (requested by cereales testea)
|
|t:|1754384981
|-terastallize|p1b: 3v1|Ghost
|move|p2a: Sneasler|Protect|p2a: Sneasler
|-singleturn|p2a: Sneasler|Protect
|move|p2b: Baxcalibur|Protect|p2b: Baxcalibur
|-singleturn|p2b: Baxcalibur|Protect
|move|p1a: :D|Tailwind|p1a: :D
|-sidestart|p1: SnorlaxPikachu1|move: Tailwind
|move|p1b: 3v1|Draco Meteor|p2b: Baxcalibur
|-activate|p2b: Baxcalibur|move: Protect
|
|upkeep
|turn|2
|inactive|cereales testea has 30 seconds left.
|
|t:|1754385007
|move|p1a: :D|Moonblast|p2a: Sneasler
|-damage|p2a: Sneasler|48/100
|move|p1b: 3v1|Draco Meteor|p2b: Baxcalibur
|-supereffective|p2b: Baxcalibur
|-damage|p2b: Baxcalibur|0 fnt
|-unboost|p1b: 3v1|spa|2
|faint|p2b: Baxcalibur
|move|p2a: Sneasler|Dire Claw|p1b: 3v1
|-resisted|p1b: 3v1
|-damage|p1b: 3v1|77/100
|-status|p1b: 3v1|psn|[from] ability: Poison Touch|[of] p2a: Sneasler
|
|-damage|p1b: 3v1|65/100 psn|[from] psn
|upkeep
|
|t:|1754385014
|switch|p2b: Rillaboom|Rillaboom, L50, M|100/100
|-fieldstart|move: Grassy Terrain|[from] ability: Grassy Surge|[of] p2b: Rillaboom
|turn|3
|
|t:|1754385021
|switch|p1b: Indeedee|Indeedee-F, L50, F|100/100
|-fieldstart|move: Psychic Terrain|[from] ability: Psychic Surge|[of] p1b: Indeedee
|move|p2a: Sneasler|Protect|p2a: Sneasler
|-singleturn|p2a: Sneasler|Protect
|move|p1a: :D|Moonblast|p2a: Sneasler
|-activate|p2a: Sneasler|move: Protect
|move|p2b: Rillaboom|Wood Hammer|p1b: Indeedee
|-damage|p1b: Indeedee|44/100
|-enditem|p1b: Indeedee|Sitrus Berry|[eat]
|-heal|p1b: Indeedee|69/100|[from] item: Sitrus Berry
|-damage|p2b: Rillaboom|85/100|[from] Recoil
|
|upkeep
|turn|4
|
|t:|1754385042
|switch|p2a: Dondozo|Dondozo, L50, F|100/100
|move|p1a: :D|Moonblast|p2b: Rillaboom
|-damage|p2b: Rillaboom|61/100
|-unboost|p2b: Rillaboom|spa|1
|move|p1b: Indeedee|Psychic|p2a: Dondozo
|-damage|p2a: Dondozo|74/100
|move|p2b: Rillaboom|Wood Hammer|p1b: Indeedee
|-damage|p1b: Indeedee|6/100
|-damage|p2b: Rillaboom|43/100|[from] Recoil
|
|-heal|p2a: Dondozo|81/100|[from] item: Leftovers
|-sideend|p1: SnorlaxPikachu1|move: Tailwind
|upkeep
|turn|5
|l|☆cereales testea
|inactive|cereales testea disconnected and has a minute to reconnect!
|player|p2|
|j|☆cereales testea
|inactive|cereales testea reconnected and has 35 seconds left.
|player|p2|cereales testea|tate|
|inactive|SnorlaxPikachu1 has 30 seconds left.
|inactive|cereales testea has 30 seconds left.
|inactive|cereales testea has 20 seconds left.
|inactive|SnorlaxPikachu1 has 20 seconds left.
|
|t:|1754385085
|move|p1a: :D|Tailwind|p1a: :D
|-sidestart|p1: SnorlaxPikachu1|move: Tailwind
|move|p1b: Indeedee|Psychic|p2a: Dondozo
|-damage|p2a: Dondozo|55/100
|move|p2b: Rillaboom|Wood Hammer|p1b: Indeedee
|-damage|p1b: Indeedee|0 fnt
|faint|p1b: Indeedee
|-damage|p2b: Rillaboom|42/100|[from] Recoil
|move|p2a: Dondozo|Yawn|p1a: :D
|-start|p1a: :D|move: Yawn|[of] p2a: Dondozo
|
|-heal|p2a: Dondozo|61/100|[from] item: Leftovers
|upkeep
|
|t:|1754385094
|switch|p1b: Megan Fox|Delphox, L50, F|100/100
|turn|6
|
|t:|1754385104
|switch|p1a: 3v1|Hydreigon, L50, F, tera:Ghost|65/100 psn
|switch|p2b: Sneasler|Sneasler, L50, F|48/100
|move|p2a: Dondozo|Protect|p2a: Dondozo
|-singleturn|p2a: Dondozo|Protect
|move|p1b: Megan Fox|Expanding Force|p2b: Sneasler|[spread] p2b
|-activate|p2a: Dondozo|move: Protect
|-supereffective|p2b: Sneasler
|-damage|p2b: Sneasler|0 fnt
|faint|p2b: Sneasler
|-damage|p1b: Megan Fox|91/100|[from] item: Life Orb
|
|-heal|p2a: Dondozo|67/100|[from] item: Leftovers
|-damage|p1a: 3v1|53/100 psn|[from] psn
|upkeep
|
|t:|1754385106
|switch|p2b: Rillaboom|Rillaboom, L50, M|42/100
|-fieldstart|move: Grassy Terrain|[from] ability: Grassy Surge|[of] p2b: Rillaboom
|turn|7
|-message|cereales testea forfeited.
|
|win|SnorlaxPikachu1
|raw|SnorlaxPikachu1's rating: 1236 → 1262(+26 for winning)
|raw|cereales testea's rating: 1246 → 1220(-26 for losing)
|l|☆cereales testea
|player|p2|
|c|☆SnorlaxPikachu1|ggwp
