|j|Ōśågeoo_4789
|j|Ōśåasher255
|html|geoo_4789asher255    
|uhtml|bestof|Game 2 of a best-of-3
|t:|1783521343
|gametype|doubles
|player|p1|geoo_4789|265|
|player|p2|asher255|dawn-masters|
|gen|9
|tier|[Gen 9 Champions] VGC 2026 Reg M-B (Bo3)
|rule|Species Clause: Limit one of each Pok├®mon
|rule|Item Clause: Limit 1 of each item
|clearpoke
|poke|p1|Sneasler, L50, M|
|poke|p1|Blastoise, L50, M|
|poke|p1|Kingambit, L50, M|
|poke|p1|Incineroar, L50, M|
|poke|p1|Delphox, L50, F|
|poke|p1|Sinistcha, L50|
|poke|p2|Torkoal, L50, M|
|poke|p2|Vileplume, L50, F|
|poke|p2|Farigiraf, L50, F|
|poke|p2|Crabominable, L50, F|
|poke|p2|Kingambit, L50, M|
|poke|p2|Primarina, L50, F|
|teampreview|4
|showteam|p1|Sneasler||FocusSash|PoisonTouch|PoisonJab,CloseCombat,FakeOut,QuickGuard|Jolly||M|||50|]Blastoise||Blastoisinite|RainDish|DarkPulse,WaterSpout,ShellSmash,Protect|Modest||M|||50|]Kingambit||BlackGlasses|Defiant|KowtowCleave,SuckerPunch,SwordsDance,Protect|Adamant||M|||50|]Incineroar||SitrusBerry|Intimidate|FlareBlitz,HelpingHand,PartingShot,FakeOut|Careful||M|||50|]Delphox||Delphoxite|Blaze|HeatWave,NastyPlot,Psyshock,Protect|Modest||F|||50|]Sinistcha||KasibBerry|Hospitality|MatchaGotcha,RagePowder,TrickRoom,Protect|Bold|||||50|
|showteam|p2|Torkoal||Charcoal|Drought|Eruption,HeatWave,WillOWisp,Protect|Quiet||M|||50|]Vileplume||FocusSash|Chlorophyll|AfterYou,SolarBeam,WeatherBall,SleepPowder|Timid||F|||50|]Farigiraf||Leftovers|ArmorTail|TrickRoom,TwinBeam,Protect,MirrorCoat|Sassy||F|||50|]Crabominable||Crabominite|IronFist|WideGuard,Protect,IceHammer,DrainPunch|Impish||F|||50|]Kingambit||BlackGlasses|Defiant|KowtowCleave,IronHead,SuckerPunch,Protect|Brave||M|||50|]Primarina||MysticWater|LiquidVoice|HyperVoice,Moonblast,Protect,Haze|Calm||F|||50|
|inactive|Battle timer is ON: inactive players will automatically lose when time's up. (requested by asher255)
|inactive|geoo_4789 has 60 seconds left.
|inactive|asher255 has 60 seconds left.
|inactive|geoo_4789 has 30 seconds left.
|
|t:|1783521406
|teamsize|p1|4
|teamsize|p2|4
|start
|switch|p1a: Kingambit|Kingambit, L50, M|100/100
|switch|p1b: Sneasler|Sneasler, L50, M|100/100
|switch|p2a: Farigiraf|Farigiraf, L50, F|100/100
|switch|p2b: Torkoal|Torkoal, L50, M|100/100
|-weather|SunnyDay|[from] ability: Drought|[of] p2b: Torkoal
|turn|1
|c|Ōśåasher255|If u/Penielle were to add/change smt in Pokemon what would it be
|inactive|asher255 has 30 seconds left.
|
|t:|1783521435
|move|p2a: Farigiraf|Protect|p2a: Farigiraf
|-singleturn|p2a: Farigiraf|Protect
|move|p1b: Sneasler|Poison Jab|p2b: Torkoal
|-damage|p2b: Torkoal|66/100
|move|p1a: Kingambit|Kowtow Cleave|p2b: Torkoal
|-damage|p2b: Torkoal|24/100
|move|p2b: Torkoal|Will-O-Wisp|p1a: Kingambit
|-status|p1a: Kingambit|brn
|
|-weather|SunnyDay|[upkeep]
|-damage|p1a: Kingambit|94/100 brn|[from] brn
|upkeep
|turn|2
|
|t:|1783521454
|move|p2b: Torkoal|Protect|p2b: Torkoal
|-singleturn|p2b: Torkoal|Protect
|move|p1b: Sneasler|Poison Jab|p2a: Farigiraf
|-damage|p2a: Farigiraf|59/100
|-status|p2a: Farigiraf|psn
|move|p1a: Kingambit|Kowtow Cleave|p2a: Farigiraf
|-supereffective|p2a: Farigiraf|1
|-damage|p2a: Farigiraf|4/100 psn
|move|p2a: Farigiraf|Trick Room|p2a: Farigiraf
|-fieldstart|move: Trick Room|[of] p2a: Farigiraf
|
|-weather|SunnyDay|[upkeep]
|-heal|p2a: Farigiraf|11/100 psn|[from] item: Leftovers
|-damage|p2a: Farigiraf|0 fnt|[from] psn
|faint|p2a: Farigiraf
|-damage|p1a: Kingambit|88/100 brn|[from] brn
|upkeep
|c|Ōśågeoo_4789|wow
|
|t:|1783521470
|switch|p2a: Crabominable|Crabominable, L50, F|100/100
|turn|3
|c|Ōśåasher255|Thx for koing
|c|Ōśåasher255|Now
|c|Ōśågeoo_4789|it wouldnt bee farigiraf if it didnt setup trickroom
|c|Ōśåasher255|the crab is in
|inactive|asher255 has 30 seconds left.
|c|Ōśågeoo_4789|i would
|
|t:|1783521495
|detailschange|p2a: Crabominable|Crabominable-Mega, L50, F
|-mega|p2a: Crabominable|Crabominable|Crabominite
|move|p1a: Kingambit|Protect|p1a: Kingambit
|-singleturn|p1a: Kingambit|Protect
|move|p2b: Torkoal|Heat Wave|p1a: Kingambit|[spread] p1b
|-activate|p1a: Kingambit|move: Protect
|-damage|p1b: Sneasler|29/100
|move|p2a: Crabominable|Ice Hammer|p1b: Sneasler
|-damage|p1b: Sneasler|0 fnt
|-unboost|p2a: Crabominable|spe|1
|faint|p1b: Sneasler
|
|-weather|SunnyDay|[upkeep]
|-damage|p1a: Kingambit|82/100 brn|[from] brn
|upkeep
|c|Ōśågeoo_4789|erase raptor from exisence
|
|t:|1783521512
|switch|p1b: Sinistcha|Sinistcha, L50|100/100
|-heal|p1a: Kingambit|100/100 brn|[from] ability: Hospitality|[of] p1b: Sinistcha
|turn|4
|c|Ōśåasher255|hm
|
|t:|1783521534
|switch|p1a: Delphox|Delphox, L50, F|100/100
|move|p1b: Sinistcha|Protect|p1b: Sinistcha
|-singleturn|p1b: Sinistcha|Protect
|move|p2a: Crabominable|Ice Hammer|p1b: Sinistcha
|-activate|p1b: Sinistcha|move: Protect
|move|p2b: Torkoal|Heat Wave|p1b: Sinistcha|[spread] p1a
|-activate|p1b: Sinistcha|move: Protect
|-resisted|p1a: Delphox|1
|-damage|p1a: Delphox|73/100
|
|-weather|SunnyDay|[upkeep]
|upkeep
|turn|5
|inactive|geoo_4789 has 30 seconds left.
|c|Ōśåasher255|I have a feeling...
|
|t:|1783521564
|switch|p2b: Primarina|Primarina, L50, F|100/100
|detailschange|p1a: Delphox|Delphox-Mega, L50, F
|-mega|p1a: Delphox|Delphox|Delphoxite
|move|p1b: Sinistcha|Protect||[still]
|-fail|p1b: Sinistcha
|move|p2a: Crabominable|Wide Guard|p2a: Crabominable
|-singleturn|p2a: Crabominable|Wide Guard
|move|p1a: Delphox|Psyshock|p2a: Crabominable
|-supereffective|p2a: Crabominable|1
|-damage|p2a: Crabominable|51/100
|
|-weather|none
|upkeep
|turn|6
|c|Ōśåasher255|Aw I thought you'd heat wave
|
|t:|1783521581
|move|p1b: Sinistcha|Protect|p1b: Sinistcha
|-singleturn|p1b: Sinistcha|Protect
|move|p1a: Delphox|Protect|p1a: Delphox
|-singleturn|p1a: Delphox|Protect
|move|p2a: Crabominable|Ice Hammer|p1b: Sinistcha
|-activate|p1b: Sinistcha|move: Protect
|move|p2b: Primarina|Hyper Voice|p1b: Sinistcha|[spread] 
|-activate|p1a: Delphox|move: Protect
|-activate|p1b: Sinistcha|move: Protect
|
|-fieldend|move: Trick Room
|upkeep
|turn|7
|c|Ōśågeoo_4789|heatwive sucks
|c|Ōśågeoo_4789|Now.
|c|Ōśågeoo_4789|Wheres the giraffe?
|c|Ōśåasher255|I don't need giraf
|inactive|geoo_4789 has 30 seconds left.
|inactive|geoo_4789 has 20 seconds left.
|inactive|geoo_4789 has 15 seconds left.
|
|t:|1783521622
|move|p1a: Delphox|Heat Wave|p2b: Primarina|[spread] p2a,p2b
|-supereffective|p2a: Crabominable|1
|-crit|p2a: Crabominable
|-resisted|p2b: Primarina|1
|-damage|p2a: Crabominable|0 fnt
|-damage|p2b: Primarina|87/100
|faint|p2a: Crabominable
|move|p1b: Sinistcha|Matcha Gotcha|p2b: Primarina
|-supereffective|p2b: Primarina|1
|-damage|p2b: Primarina|45/100
|move|p2b: Primarina|Hyper Voice|p1a: Delphox|[spread] p1a,p1b
|-supereffective|p1a: Delphox|1
|-resisted|p1b: Sinistcha|1
|-damage|p1a: Delphox|15/100
|-damage|p1b: Sinistcha|83/100
|
|upkeep
|
|t:|1783521635
|switch|p2a: Torkoal|Torkoal, L50, M|24/100
|-weather|SunnyDay|[from] ability: Drought|[of] p2a: Torkoal
|turn|8
|
|t:|1783521644
|move|p2b: Primarina|Protect|p2b: Primarina
|-singleturn|p2b: Primarina|Protect
|move|p1a: Delphox|Psyshock|p2b: Primarina
|-activate|p2b: Primarina|move: Protect
|move|p1b: Sinistcha|Matcha Gotcha|p2b: Primarina|[spread] p2a
|-activate|p2b: Primarina|move: Protect
|-resisted|p2a: Torkoal|1
|-damage|p2a: Torkoal|9/100
|-heal|p1b: Sinistcha|91/100|[from] drain|[of] p2a: Torkoal
|move|p2a: Torkoal|Heat Wave|p1a: Delphox|[spread] p1a,p1b
|-resisted|p1a: Delphox|1
|-supereffective|p1b: Sinistcha|1
|-damage|p1a: Delphox|0 fnt
|-damage|p1b: Sinistcha|0 fnt
|faint|p1a: Delphox
|faint|p1b: Sinistcha
|
|-weather|SunnyDay|[upkeep]
|upkeep
|c|Ōśågeoo_4789|holy fuck
|
|t:|1783521663
|switch|p1b: Kingambit|Kingambit, L50, M|100/100 brn
|turn|9
|
|t:|1783521675
|move|p2a: Torkoal|Protect|p2a: Torkoal
|-singleturn|p2a: Torkoal|Protect
|move|p2b: Primarina|Moonblast|p1b: Kingambit
|-damage|p1b: Kingambit|66/100 brn
|move|p1b: Kingambit|Kowtow Cleave|p2a: Torkoal
|-activate|p2a: Torkoal|move: Protect
|
|-weather|SunnyDay|[upkeep]
|-damage|p1b: Kingambit|60/100 brn|[from] brn
|upkeep
|turn|10
|
|t:|1783521687
|move|p2b: Primarina|Moonblast|p1b: Kingambit
|-damage|p1b: Kingambit|28/100 brn
|move|p1b: Kingambit|Kowtow Cleave|p2a: Torkoal
|-damage|p2a: Torkoal|0 fnt
|faint|p2a: Torkoal
|
|-weather|SunnyDay|[upkeep]
|-damage|p1b: Kingambit|22/100 brn|[from] brn
|upkeep
|turn|11
|c|Ōśåasher255|ggs
|
|t:|1783521696
|move|p1b: Kingambit|Sucker Punch|p2b: Primarina
|-resisted|p2b: Primarina|1
|-damage|p2b: Primarina|31/100
|move|p2b: Primarina|Moonblast|p1b: Kingambit
|-damage|p1b: Kingambit|0 fnt
|faint|p1b: Kingambit
|
|win|asher255
||asher255 is ready for game 3.
|inactive|geoo_4789 has 30 seconds to confirm battle start!
|c|Ōśågeoo_4789|all cause i didnt aim at the right pokemon.
||geoo_4789 is ready for game 3.
|uhtml|next|Next: Game 3 of 3
|l|Ōśågeoo_4789
|player|p1|
