|j|☆shaboogles
|j|☆Coban7
|html|shabooglesCoban7    
|uhtml|bestof|Game 2 of a best-of-3
|t:|1783535298
|gametype|doubles
|player|p1|shaboogles|furisodegirl-white|
|player|p2|Coban7|169|
|gen|9
|tier|[Gen 9 Champions] VGC 2026 Reg M-B (Bo3)
|rule|Species Clause: Limit one of each Pokémon
|rule|Item Clause: Limit 1 of each item
|clearpoke
|poke|p1|Chandelure, L50, F|
|poke|p1|Garganacl, L50, F|
|poke|p1|Greninja, L50, F|
|poke|p1|Rotom-Mow, L50|
|poke|p1|Krookodile, L50, F|
|poke|p1|Ariados, L50, M|
|poke|p2|Umbreon, L50, M, shiny|
|poke|p2|Hippowdon, L50, M|
|poke|p2|Lucario, L50, M, shiny|
|poke|p2|Ariados, L50, F|
|poke|p2|Lycanroc, L50, F, shiny|
|poke|p2|Houndstone, L50, M|
|teampreview|4
|showteam|p1|Chandelure||Chandelurite|Infiltrator|HeatWave,ShadowBall,TrickRoom,Protect|Modest||F|||50|]Garganacl||Leftovers|PurifyingSalt|WideGuard,SaltCure,Recover,Protect|Sassy||F|||50|]Greninja||Greninjite|Torrent|IcyWind,Protect,HydroPump,DarkPulse|Timid||F|||50|]Rotom-Mow||ChoiceScarf|Levitate|Thunderbolt,LeafStorm,Electroweb,Trick|Timid|||||50|]Krookodile||PasshoBerry|Intimidate|Crunch,Taunt,Protect,HighHorsepower|Adamant||F|||50|]Ariados||ScopeLens|Sniper|CrossPoison,Protect,RagePowder,KnockOff|Impish||M|||50|
|showteam|p2|Umbreon||Leftovers|InnerFocus|FoulPlay,Wish,Toxic,Protect|Bold||M|||50|]Hippowdon||SmoothRock|SandStream|StompingTantrum,SandTomb,SlackOff,Protect|Sassy||M|||50|]Lucario||Lucarionite|InnerFocus|AuraSphere,FlashCannon,VacuumWave,Protect|Timid||M|||50|]Ariados||OccaBerry|Insomnia|PoisonJab,StringShot,RagePowder,Protect|Impish||F|||50|]Lycanroc||FocusSash|SandRush|RockSlide,CloseCombat,Accelerock,Protect|Adamant||F|||50|]Houndstone||SitrusBerry|SandRush|LastRespects,WillOWisp,AllySwitch,Protect|Adamant||M|||50|
|j| dva six seven
|
|t:|1783535327
|teamsize|p1|4
|teamsize|p2|4
|start
|switch|p1a: Rotom|Rotom-Mow, L50|100/100
|switch|p1b: Krookodile|Krookodile, L50, F|100/100
|switch|p2a: Ariados|Ariados, L50, F|100/100
|switch|p2b: Lucario|Lucario, L50, M, shiny|100/100
|-ability|p1b: Krookodile|Intimidate|boost
|-unboost|p2a: Ariados|atk|1
|-fail|p2b: Lucario|unboost|Attack|[from] ability: Inner Focus|[of] p2b: Lucario
|turn|1
|
|t:|1783535352
|detailschange|p2b: Lucario|Lucario-Mega, L50, M, shiny
|-mega|p2b: Lucario|Lucario|Lucarionite
|move|p1a: Rotom|Thunderbolt|p2b: Lucario
|-damage|p2b: Lucario|36/100
|move|p2b: Lucario|Aura Sphere|p1b: Krookodile
|-supereffective|p1b: Krookodile|1
|-damage|p1b: Krookodile|0 fnt
|faint|p1b: Krookodile
|move|p2a: Ariados|Poison Jab|p1a: Rotom
|-supereffective|p1a: Rotom|1
|-damage|p1a: Rotom|52/100
|-status|p1a: Rotom|psn
|
|-damage|p1a: Rotom|40/100 psn|[from] psn
|upkeep
|
|t:|1783535362
|switch|p1b: Greninja|Greninja, L50, F|100/100
|turn|2
|
|t:|1783535372
|detailschange|p1b: Greninja|Greninja-Mega, L50, F
|-mega|p1b: Greninja|Greninja|Greninjite
|move|p2b: Lucario|Protect|p2b: Lucario
|-singleturn|p2b: Lucario|Protect
|move|p1a: Rotom|Thunderbolt|p2b: Lucario
|-activate|p2b: Lucario|move: Protect
|move|p1b: Greninja|Hydro Pump|p2a: Ariados
|-start|p1b: Greninja|typechange|Water|[from] ability: Protean
|-damage|p2a: Ariados|31/100
|move|p2a: Ariados|Poison Jab|p1a: Rotom
|-supereffective|p1a: Rotom|1
|-damage|p1a: Rotom|0 fnt
|faint|p1a: Rotom
|
|upkeep
|
|t:|1783535376
|switch|p1a: Ariados|Ariados, L50, M|100/100
|turn|3
|
|t:|1783535407
|move|p2a: Ariados|Rage Powder|p2a: Ariados
|-singleturn|p2a: Ariados|move: Rage Powder
|move|p1a: Ariados|Rage Powder|p1a: Ariados
|-singleturn|p1a: Ariados|move: Rage Powder
|move|p1b: Greninja|Dark Pulse|p2a: Ariados
|-damage|p2a: Ariados|1/100
|move|p2b: Lucario|Flash Cannon|p1a: Ariados
|-damage|p1a: Ariados|25/100
|
|upkeep
|turn|4
|
|t:|1783535426
|move|p1a: Ariados|Rage Powder|p1a: Ariados
|-singleturn|p1a: Ariados|move: Rage Powder
|move|p2a: Ariados|Rage Powder|p2a: Ariados
|-singleturn|p2a: Ariados|move: Rage Powder
|move|p1b: Greninja|Dark Pulse|p2a: Ariados
|-damage|p2a: Ariados|0 fnt
|faint|p2a: Ariados
|move|p2b: Lucario|Aura Sphere|p1a: Ariados
|-resisted|p1a: Ariados|2
|-damage|p1a: Ariados|6/100
|
|upkeep
|
|t:|1783535436
|switch|p2a: Hippowdon|Hippowdon, L50, M|100/100
|-weather|Sandstorm|[from] ability: Sand Stream|[of] p2a: Hippowdon
|turn|5
|
|t:|1783535452
|move|p2b: Lucario|Protect|p2b: Lucario
|-singleturn|p2b: Lucario|Protect
|move|p2a: Hippowdon|Protect|p2a: Hippowdon
|-singleturn|p2a: Hippowdon|Protect
|move|p1b: Greninja|Hydro Pump|p2a: Hippowdon
|-activate|p2a: Hippowdon|move: Protect
|move|p1a: Ariados|Knock Off|p2a: Hippowdon
|-activate|p2a: Hippowdon|move: Protect
|
|-weather|Sandstorm|[upkeep]
|-damage|p1b: Greninja|93/100|[from] Sandstorm
|-damage|p1a: Ariados|1/100|[from] Sandstorm
|upkeep
|turn|6
|
|t:|1783535471
|move|p1a: Ariados|Rage Powder|p1a: Ariados
|-singleturn|p1a: Ariados|move: Rage Powder
|move|p2b: Lucario|Vacuum Wave|p1a: Ariados
|-resisted|p1a: Ariados|2
|-damage|p1a: Ariados|0 fnt
|faint|p1a: Ariados
|move|p1b: Greninja|Hydro Pump|p2a: Hippowdon
|-supereffective|p2a: Hippowdon|1
|-damage|p2a: Hippowdon|20/100y
|move|p2a: Hippowdon|Sand Tomb|p1b: Greninja
|-damage|p1b: Greninja|73/100
|-activate|p1b: Greninja|move: Sand Tomb|[of] p2a: Hippowdon
|
|-weather|Sandstorm|[upkeep]
|-damage|p1b: Greninja|67/100|[from] Sandstorm
|-damage|p1b: Greninja|55/100|[from] move: Sand Tomb|[partiallytrapped]
|upkeep
|turn|7
|
|t:|1783535483
|move|p2b: Lucario|Vacuum Wave|p1b: Greninja
|-damage|p1b: Greninja|10/100
|move|p1b: Greninja|Hydro Pump|p2b: Lucario
|-damage|p2b: Lucario|0 fnt
|faint|p2b: Lucario
|move|p2a: Hippowdon|Slack Off|p2a: Hippowdon
|-heal|p2a: Hippowdon|71/100
|
|-weather|Sandstorm|[upkeep]
|-damage|p1b: Greninja|4/100|[from] Sandstorm
|-damage|p1b: Greninja|0 fnt|[from] move: Sand Tomb|[partiallytrapped]
|faint|p1b: Greninja
|
|win|Coban7
||Coban7 is ready for game 3.
||shaboogles is ready for game 3.
|uhtml|next|Next: Game 3 of 3
|l| dva six seven
|l|☆Coban7
|player|p2|
