|j|☆Test4testvgc
|j|☆arts parts
|html|Test4testvgcarts parts    
|uhtml|bestof|Game 3 of a best-of-3
|t:|1756396479
|gametype|doubles
|player|p1|Test4testvgc|102|1000
|player|p2|arts parts|marshal|1089
|gen|9
|tier|[Gen 9] VGC 2025 Reg H (Bo3)
|rated|
|rule|Species Clause: Limit one of each Pokémon
|rule|Item Clause: Limit 1 of each item
|clearpoke
|poke|p1|Weezing-Galar, L50, F|
|poke|p1|Clefable, L50, M|
|poke|p1|Archaludon, L50, F|
|poke|p1|Pelipper, L50, F|
|poke|p1|Basculegion, L50, M|
|poke|p1|Maushold-Four, L50|
|poke|p2|Corviknight, L50, M|
|poke|p2|Tyranitar, L50, F|
|poke|p2|Garchomp, L50, F|
|poke|p2|Hydreigon, L50, F|
|poke|p2|Gholdengo, L50|
|poke|p2|Sneasler, L50, M|
|teampreview|4
|showteam|p1|Weezing-Galar||LifeOrb|MistySurge|StrangeSteam,SludgeBomb,Protect,Haze|||F|||50|,,,,,Ghost]Clefable||RockyHelmet|Unaware|Moonblast,FollowMe,Protect,HelpingHand|||M|||50|,,,,,Poison]Archaludon||AssaultVest|Stamina|FlashCannon,DracoMeteor,ElectroShot,BodyPress|||F|||50|,,,,,Grass]Pelipper||FocusSash|Drizzle|Hurricane,Tailwind,WideGuard,WeatherBall|||F|||50|,,,,,Water]Basculegion||ChoiceBand|SwiftSwim|WaveCrash,LastRespects,TeraBlast,AquaJet|||M|||50|,,,,,Grass]Maushold-Four||ProtectivePads|Technician|PopulationBomb,Protect,Encore,AfterYou||||||50|,,,,,Normal
|showteam|p2|Corviknight||Leftovers|MirrorArmor|BraveBird,IronHead,Tailwind,Taunt|||M|||50|,,,,,Dragon]Tyranitar||AssaultVest|SandStream|KnockOff,RockSlide,TeraBlast,LowKick|||F|||50|,,,,,Flying]Garchomp||LifeOrb|RoughSkin|Earthquake,StompingTantrum,DragonClaw,Protect|||F|||50|,,,,,Steel]Hydreigon||SafetyGoggles|Levitate|DracoMeteor,HeatWave,NastyPlot,Protect|||F|||50|,,,,,Fire]Gholdengo||MetalCoat|GoodasGold|NastyPlot,MakeItRain,ShadowBall,Protect||||||50|,,,,,Water]Sneasler||WhiteHerb|Unburden|CloseCombat,DireClaw,ThroatChop,Protect|||M|||50|,,,,,Dark
|inactive|Battle timer is ON: inactive players will automatically lose when time's up. (requested by Test4testvgc)
|inactive|arts parts has 60 seconds left.
|
|t:|1756396537
|teamsize|p1|4
|teamsize|p2|4
|start
|switch|p1a: Basculegion|Basculegion, L50, M|100/100
|switch|p1b: Pelipper|Pelipper, L50, F|100/100
|switch|p2a: Hydreigon|Hydreigon, L50, F|100/100
|switch|p2b: Gholdengo|Gholdengo, L50|100/100
|-weather|RainDance|[from] ability: Drizzle|[of] p1b: Pelipper
|turn|1
|
|t:|1756396557
|switch|p2b: Tyranitar|Tyranitar, L50, F, shiny|100/100
|-weather|Sandstorm|[from] ability: Sand Stream|[of] p2b: Tyranitar
|switch|p1b: Weezing|Weezing-Galar, L50, F|100/100
|-fieldstart|move: Misty Terrain|[from] ability: Misty Surge|[of] p1b: Weezing
|-terastallize|p1a: Basculegion|Grass
|move|p2a: Hydreigon|Nasty Plot|p2a: Hydreigon
|-boost|p2a: Hydreigon|spa|2
|move|p1a: Basculegion|Wave Crash|p2b: Tyranitar
|-supereffective|p2b: Tyranitar
|-damage|p2b: Tyranitar|0 fnt
|faint|p2b: Tyranitar
|-damage|p1a: Basculegion|66/100|[from] Recoil
|
|-weather|Sandstorm|[upkeep]
|-damage|p1a: Basculegion|60/100|[from] Sandstorm
|-damage|p1b: Weezing|95/100|[from] Sandstorm
|upkeep
|
|t:|1756396580
|switch|p2b: Gholdengo|Gholdengo, L50|100/100
|turn|2
|
|t:|1756396590
|switch|p1a: Pelipper|Pelipper, L50, F|100/100
|-weather|RainDance|[from] ability: Drizzle|[of] p1a: Pelipper
|-terastallize|p2b: Gholdengo|Water
|move|p2a: Hydreigon|Heat Wave|p1a: Pelipper|[spread] p1b
|-miss|p2a: Hydreigon|p1a: Pelipper
|-damage|p1b: Weezing|59/100
|move|p2b: Gholdengo|Make It Rain|p1b: Weezing|[spread] p1a,p1b
|-resisted|p1a: Pelipper
|-supereffective|p1b: Weezing
|-crit|p1b: Weezing
|-damage|p1a: Pelipper|47/100
|-damage|p1b: Weezing|0 fnt
|-unboost|p2b: Gholdengo|spa|1
|faint|p1b: Weezing
|
|-weather|RainDance|[upkeep]
|upkeep
|
|t:|1756396610
|switch|p1b: Basculegion|Basculegion, L50, M, tera:Grass|60/100
|turn|3
|
|t:|1756396632
|move|p1a: Pelipper|Wide Guard|p1a: Pelipper
|-singleturn|p1a: Pelipper|Wide Guard
|move|p1b: Basculegion|Tera Blast|p2b: Gholdengo|[anim] Tera Blast Grass
|-supereffective|p2b: Gholdengo
|-damage|p2b: Gholdengo|0 fnt
|faint|p2b: Gholdengo
|move|p2a: Hydreigon|Draco Meteor|p1a: Pelipper
|-damage|p1a: Pelipper|0 fnt
|-unboost|p2a: Hydreigon|spa|2
|faint|p1a: Pelipper
|
|-weather|RainDance|[upkeep]
|upkeep
|
|t:|1756396646
|switch|p2b: Sneasler|Sneasler, L50, M|100/100
|switch|p1a: Archaludon|Archaludon, L50, F|100/100
|turn|4
|
|t:|1756396666
|move|p1b: Basculegion|Tera Blast|p2a: Hydreigon|[anim] Tera Blast Grass
|-resisted|p2a: Hydreigon
|-damage|p2a: Hydreigon|66/100
|move|p2b: Sneasler|Dire Claw|p1b: Basculegion
|-supereffective|p1b: Basculegion
|-damage|p1b: Basculegion|0 fnt
|faint|p1b: Basculegion
|move|p2a: Hydreigon|Nasty Plot|p2a: Hydreigon
|-boost|p2a: Hydreigon|spa|2
|move|p1a: Archaludon|Electro Shot||[still]
|-prepare|p1a: Archaludon|Electro Shot
|-boost|p1a: Archaludon|spa|1
|-anim|p1a: Archaludon|Electro Shot|p2b: Sneasler
|-damage|p2b: Sneasler|13/100
|
|-weather|RainDance|[upkeep]
|upkeep
|turn|5
|
|t:|1756396685
|move|p2b: Sneasler|Close Combat|p1a: Archaludon
|-supereffective|p1a: Archaludon
|-damage|p1a: Archaludon|17/100
|-unboost|p2b: Sneasler|def|1
|-unboost|p2b: Sneasler|spd|1
|-ability|p1a: Archaludon|Stamina|boost
|-boost|p1a: Archaludon|def|1
|-enditem|p2b: Sneasler|White Herb
|-clearnegativeboost|p2b: Sneasler|[silent]
|move|p2a: Hydreigon|Draco Meteor|p1a: Archaludon
|-damage|p1a: Archaludon|0 fnt
|-unboost|p2a: Hydreigon|spa|2
|faint|p1a: Archaludon
|
|win|arts parts
|raw|Test4testvgc's rating: 1000 → 1000(+0 for losing)
|raw|arts parts's rating: 1089 → 1109(+20 for winning)
