|j|☆InsanityWar22
|j|☆DragonairJordan23
|html|InsanityWar22DragonairJordan23    
|uhtml|bestof|Game 2 of a best-of-3
|t:|1783708185
|gametype|doubles
|player|p1|InsanityWar22|102|1171
|player|p2|DragonairJordan23|dancer|1104
|gen|9
|tier|[Gen 9 Champions] VGC 2026 Reg M-B (Bo3)
|rated|
|rule|Species Clause: Limit one of each Pokémon
|rule|Item Clause: Limit 1 of each item
|clearpoke
|poke|p1|Pelipper, L50, M|
|poke|p1|Archaludon, L50, F|
|poke|p1|Swampert, L50, F|
|poke|p1|Incineroar, L50, M|
|poke|p1|Floette-Eternal, L50, F|
|poke|p1|Sinistcha, L50|
|poke|p2|Kommo-o, L50, F|
|poke|p2|Glimmora, L50, F|
|poke|p2|Froslass, L50, F|
|poke|p2|Incineroar, L50, M|
|poke|p2|Vivillon, L50, F|
|poke|p2|Farigiraf, L50, M|
|teampreview|4
|showteam|p1|Pelipper||FocusSash|Drizzle|Tailwind,WeatherBall,Hurricane,WideGuard|Modest||M|||50|]Archaludon||ChopleBerry|Stamina|Protect,ElectroShot,DragonPulse,FlashCannon|Calm||F|||50|]Swampert||Swampertite|Torrent|Protect,IcePunch,WaveCrash,Earthquake|Adamant||F|||50|]Incineroar||SitrusBerry|Intimidate|FakeOut,FlareBlitz,DarkestLariat,Taunt|Relaxed||M|||50|]Floette-Eternal||Floettite|FlowerVeil|Protect,DazzlingGleam,Moonblast,LightofRuin|Modest||F|||50|]Sinistcha||Leftovers|Hospitality|TrickRoom,MatchaGotcha,LifeDew,RagePowder|Calm|||||50|
|showteam|p2|Kommo-o||Leftovers|Soundproof|IronDefense,BodyPress,DragonTail,Protect|Impish||F|||50|]Glimmora||FocusSash|ToxicDebris|PowerGem,SludgeBomb,EarthPower,SpikyShield|Timid||F|||50|]Froslass||Froslassite|SnowCloak|Blizzard,ShadowBall,AuroraVeil,Protect|Timid||F|||50|]Incineroar||SitrusBerry|Intimidate|FakeOut,FlareBlitz,ThroatChop,PartingShot|Careful||M|||50|]Vivillon||ChoiceScarf|CompoundEyes|Hurricane,RagePowder,Tailwind,SleepPowder|Timid||F|||50|]Farigiraf||ColburBerry|ArmorTail|Thunderbolt,Psychic,Protect,TrickRoom|Quiet||M|||50|
|inactive|Battle timer is ON: inactive players will automatically lose when time's up. (requested by InsanityWar22)
|
|t:|1783708205
|teamsize|p1|4
|teamsize|p2|4
|start
|switch|p1a: Floette|Floette-Eternal, L50, F|100/100
|switch|p1b: Pelipper|Pelipper, L50, M|100/100
|switch|p2a: Froslass|Froslass, L50, F|100/100
|switch|p2b: Incineroar|Incineroar, L50, M|100/100
|-weather|RainDance|[from] ability: Drizzle|[of] p1b: Pelipper
|-ability|p2b: Incineroar|Intimidate|boost
|-unboost|p1a: Floette|atk|1
|-unboost|p1b: Pelipper|atk|1
|turn|1
|
|t:|1783708219
|detailschange|p2a: Froslass|Froslass-Mega, L50, F
|-mega|p2a: Froslass|Froslass|Froslassite
|-weather|Snowscape|[from] ability: Snow Warning|[of] p2a: Froslass
|detailschange|p1a: Floette|Floette-Mega, L50, F
|-mega|p1a: Floette|Floette|Floettite
|-ability|p1a: Floette|Fairy Aura
|move|p2a: Froslass|Shadow Ball|p1b: Pelipper
|-damage|p1b: Pelipper|33/100
|move|p1a: Floette|Dazzling Gleam|p2b: Incineroar|[spread] p2a,p2b
|-damage|p2a: Froslass|39/100
|-damage|p2b: Incineroar|58/100
|move|p1b: Pelipper|Tailwind|p1b: Pelipper
|-sidestart|p1: InsanityWar22|move: Tailwind
|move|p2b: Incineroar|Flare Blitz|p1a: Floette
|-crit|p1a: Floette
|-damage|p1a: Floette|11/100
|-status|p1a: Floette|brn
|-damage|p2b: Incineroar|36/100|[from] Recoil
|-enditem|p2b: Incineroar|Sitrus Berry|[eat]
|-heal|p2b: Incineroar|61/100|[from] item: Sitrus Berry
|
|-weather|Snowscape|[upkeep]
|-damage|p1a: Floette|5/100 brn|[from] brn
|upkeep
|turn|2
|inactive|InsanityWar22 has 30 seconds left.
|inactive|DragonairJordan23 has 30 seconds left.
|
|t:|1783708249
|switch|p1b: Sinistcha|Sinistcha, L50|100/100
|-heal|p1a: Floette|30/100 brn|[from] ability: Hospitality|[of] p1b: Sinistcha
|move|p1a: Floette|Protect|p1a: Floette
|-singleturn|p1a: Floette|Protect
|move|p2a: Froslass|Protect|p2a: Froslass
|-singleturn|p2a: Froslass|Protect
|move|p2b: Incineroar|Parting Shot|p1b: Sinistcha
|-unboost|p1b: Sinistcha|atk|1
|-unboost|p1b: Sinistcha|spa|1
|
|t:|1783708259
|switch|p2b: Glimmora|Glimmora, L50, F|100/100|[from] Parting Shot
|
|-weather|Snowscape|[upkeep]
|-damage|p1a: Floette|24/100 brn|[from] brn
|upkeep
|turn|3
|
|t:|1783708270
|switch|p2a: Incineroar|Incineroar, L50, M|61/100
|-ability|p2a: Incineroar|Intimidate|boost
|-unboost|p1a: Floette|atk|1
|-unboost|p1b: Sinistcha|atk|1
|move|p1b: Sinistcha|Rage Powder|p1b: Sinistcha
|-singleturn|p1b: Sinistcha|move: Rage Powder
|move|p1a: Floette|Dazzling Gleam|p2b: Glimmora|[spread] p2a,p2b
|-resisted|p2b: Glimmora|1
|-damage|p2a: Incineroar|17/100
|-damage|p2b: Glimmora|65/100
|move|p2b: Glimmora|Sludge Bomb|p1b: Sinistcha
|-damage|p1b: Sinistcha|54/100
|-status|p1b: Sinistcha|psn
|
|-weather|Snowscape|[upkeep]
|-heal|p1b: Sinistcha|60/100 psn|[from] item: Leftovers
|-damage|p1b: Sinistcha|47/100 psn|[from] psn
|-damage|p1a: Floette|18/100 brn|[from] brn
|upkeep
|turn|4
|
|t:|1783708290
|switch|p1a: Archaludon|Archaludon, L50, F|100/100
|move|p2a: Incineroar|Fake Out|p1a: Archaludon
|-resisted|p1a: Archaludon|1
|-damage|p1a: Archaludon|95/100
|-ability|p1a: Archaludon|Stamina|boost
|-boost|p1a: Archaludon|def|1
|move|p2b: Glimmora|Sludge Bomb|p1b: Sinistcha
|-damage|p1b: Sinistcha|1/100 psn
|move|p1b: Sinistcha|Trick Room|p1b: Sinistcha
|-fieldstart|move: Trick Room|[of] p1b: Sinistcha
|
|-weather|Snowscape|[upkeep]
|-heal|p1b: Sinistcha|7/100 psn|[from] item: Leftovers
|-damage|p1b: Sinistcha|0 fnt|[from] psn
|faint|p1b: Sinistcha
|-sideend|p1: InsanityWar22|move: Tailwind
|upkeep
|
|t:|1783708305
|switch|p1b: Pelipper|Pelipper, L50, M|33/100
|-weather|RainDance|[from] ability: Drizzle|[of] p1b: Pelipper
|turn|5
|
|t:|1783708319
|switch|p2b: Froslass|Froslass-Mega, L50, F|39/100
|-weather|Snowscape|[from] ability: Snow Warning|[of] p2b: Froslass
|move|p2a: Incineroar|Throat Chop|p1b: Pelipper
|-damage|p1b: Pelipper|0 fnt
|faint|p1b: Pelipper
|move|p1a: Archaludon|Flash Cannon|p2b: Froslass
|-supereffective|p2b: Froslass|1
|-damage|p2b: Froslass|0 fnt
|faint|p2b: Froslass
|
|-weather|Snowscape|[upkeep]
|upkeep
|
|t:|1783708329
|switch|p1b: Floette|Floette-Mega, L50, F|18/100 brn
|switch|p2b: Kommo-o|Kommo-o, L50, F|100/100
|-ability|p1b: Floette|Fairy Aura
|turn|6
|
|t:|1783708341
|move|p1b: Floette|Protect|p1b: Floette
|-singleturn|p1b: Floette|Protect
|move|p2a: Incineroar|Flare Blitz|p1b: Floette
|-activate|p1b: Floette|move: Protect
|move|p1a: Archaludon|Dragon Pulse|p2a: Incineroar
|-damage|p2a: Incineroar|0 fnt
|faint|p2a: Incineroar
|move|p2b: Kommo-o|Iron Defense|p2b: Kommo-o
|-boost|p2b: Kommo-o|def|2
|
|-weather|Snowscape|[upkeep]
|-damage|p1b: Floette|12/100 brn|[from] brn
|upkeep
|
|t:|1783708343
|switch|p2a: Glimmora|Glimmora, L50, F|65/100
|turn|7
|
|t:|1783708366
|move|p1a: Archaludon|Flash Cannon|p2a: Glimmora
|-supereffective|p2a: Glimmora|1
|-damage|p2a: Glimmora|0 fnt
|faint|p2a: Glimmora
|move|p2b: Kommo-o|Body Press|p1b: Floette
|-resisted|p1b: Floette|1
|-damage|p1b: Floette|0 fnt
|faint|p1b: Floette
|
|-weather|Snowscape|[upkeep]
|upkeep
|turn|8
|
|t:|1783708373
|move|p2b: Kommo-o|Protect|p2b: Kommo-o
|-singleturn|p2b: Kommo-o|Protect
|move|p1a: Archaludon|Dragon Pulse|p2b: Kommo-o
|-activate|p2b: Kommo-o|move: Protect
|
|-weather|Snowscape|[upkeep]
|-fieldend|move: Trick Room
|upkeep
|turn|9
|
|t:|1783708378
|move|p2b: Kommo-o|Iron Defense|p2b: Kommo-o
|-boost|p2b: Kommo-o|def|2
|move|p1a: Archaludon|Dragon Pulse|p2b: Kommo-o
|-supereffective|p2b: Kommo-o|1
|-damage|p2b: Kommo-o|26/100
|
|-weather|none
|-heal|p2b: Kommo-o|32/100|[from] item: Leftovers
|upkeep
|turn|10
|
|t:|1783708384
|move|p2b: Kommo-o|Protect|p2b: Kommo-o
|-singleturn|p2b: Kommo-o|Protect
|move|p1a: Archaludon|Dragon Pulse|p2b: Kommo-o
|-activate|p2b: Kommo-o|move: Protect
|
|-heal|p2b: Kommo-o|38/100|[from] item: Leftovers
|upkeep
|turn|11
|
|t:|1783708392
|move|p2b: Kommo-o|Body Press|p1a: Archaludon
|-supereffective|p1a: Archaludon|1
|-enditem|p1a: Archaludon|Chople Berry|[eat]
|-enditem|p1a: Archaludon|Chople Berry|[weaken]
|-damage|p1a: Archaludon|30/100
|-ability|p1a: Archaludon|Stamina|boost
|-boost|p1a: Archaludon|def|1
|move|p1a: Archaludon|Dragon Pulse|p2b: Kommo-o
|-supereffective|p2b: Kommo-o|1
|-damage|p2b: Kommo-o|0 fnt
|faint|p2b: Kommo-o
|
|win|InsanityWar22
