|j|☆Lego Darth Malgus
|j|☆tastethekoalabear
|html|Lego Darth Malgustastethekoalabear    
|uhtml|bestof|Game 2 of a best-of-3
|t:|1757019255
|gametype|doubles
|player|p1|Lego Darth Malgus|2|1282
|player|p2|tastethekoalabear|cheryl|1219
|gen|9
|tier|[Gen 9] VGC 2025 Reg H (Bo3)
|rated|
|rule|Species Clause: Limit one of each Pokémon
|rule|Item Clause: Limit 1 of each item
|clearpoke
|poke|p1|Kommo-o, L50, F|
|poke|p1|Tyranitar, L50, M|
|poke|p1|Excadrill, L50, F|
|poke|p1|Samurott-Hisui, L50, M|
|poke|p1|Rillaboom, L50, F|
|poke|p1|Volcarona, L50, F|
|poke|p2|Sneasler, L50, M|
|poke|p2|Indeedee, L50, M|
|poke|p2|Tyranitar, L50, M|
|poke|p2|Excadrill, L50, F|
|poke|p2|Annihilape, L50, F|
|poke|p2|Corviknight, L50, F|
|teampreview|4
|showteam|p1|Kommo-o||GrassySeed|Overcoat|BodyPress,IronDefense,Protect,DragonPulse|||F|||50|,,,,,Fairy]Tyranitar||ChoiceScarf|SandStream|RockSlide,KnockOff,TeraBlast,LowKick|||M|||50|,,,,,Flying]Excadrill||FocusSash|SandRush|HighHorsepower,IronHead,Bulldoze,Protect|||F|||50|,,,,,Ghost]Samurott-Hisui||AssaultVest|Sharpness|NightSlash,AquaCutter,SacredSword,SuckerPunch|||M|||50|,,,,,Ghost]Rillaboom||MiracleSeed|GrassySurge|FakeOut,DrumBeating,GrassyGlide,Taunt|||F|||50|,,,,,Water]Volcarona||SitrusBerry|FlameBody|QuiverDance,HeatWave,TeraBlast,Protect|||F|||50|,,,,,Fairy
|showteam|p2|Sneasler||PsychicSeed|Unburden|Protect,CloseCombat,DireClaw,ThroatChop|||M|||50|,,,,,Dark]Indeedee||ChoiceScarf|PsychicSurge|ExpandingForce,DazzlingGleam,HelpingHand,Trick|||M|||50|,,,,,Psychic]Tyranitar||AssaultVest|SandStream|KnockOff,RockSlide,TeraBlast,LowKick|||M|||50|,,,,,Flying]Excadrill||FocusSash|SandRush|Earthquake,IronHead,HighHorsepower,Protect|||F|||50|,,,,,Stellar]Annihilape||SafetyGoggles|Defiant|BulkUp,RageFist,DrainPunch,Taunt|||F|||50|,,,,,Water]Corviknight||Leftovers|MirrorArmor|BraveBird,BulkUp,Roost,Tailwind|||F|||50|,,,,,Dragon
|inactive|Battle timer is ON: inactive players will automatically lose when time's up. (requested by Lego Darth Malgus)
|inactive|tastethekoalabear also wants the timer to be on.
|
|t:|1757019269
|teamsize|p1|4
|teamsize|p2|4
|start
|switch|p1a: Rillaboom|Rillaboom, L50, F, shiny|100/100
|switch|p1b: Kommo-o|Kommo-o, L50, F, shiny|100/100
|switch|p2a: So Shiny!|Corviknight, L50, F|100/100
|switch|p2b: Moky|Annihilape, L50, F|100/100
|-fieldstart|move: Grassy Terrain|[from] ability: Grassy Surge|[of] p1a: Rillaboom
|-enditem|p1b: Kommo-o|Grassy Seed
|-boost|p1b: Kommo-o|def|1|[from] item: Grassy Seed
|turn|1
|inactive|Lego Darth Malgus has 30 seconds left.
|inactive|Lego Darth Malgus has 20 seconds left.
|inactive|Lego Darth Malgus has 15 seconds left.
|inactive|Lego Darth Malgus has 10 seconds left.
|inactive|Lego Darth Malgus has 5 seconds left.
|
|t:|1757019324
|move|p1a: Rillaboom|Fake Out|p2a: So Shiny!
|-resisted|p2a: So Shiny!
|-damage|p2a: So Shiny!|94/100
|move|p1b: Kommo-o|Body Press|p2a: So Shiny!
|-damage|p2a: So Shiny!|39/100
|move|p2b: Moky|Bulk Up|p2b: Moky
|-boost|p2b: Moky|atk|1
|-boost|p2b: Moky|def|1
|cant|p2a: So Shiny!|flinch
|
|-heal|p2a: So Shiny!|45/100|[from] item: Leftovers
|upkeep
|turn|2
|
|t:|1757019347
|-terastallize|p1b: Kommo-o|Fairy
|move|p1a: Rillaboom|Taunt|p2b: Moky
|-start|p2b: Moky|move: Taunt
|move|p1b: Kommo-o|Iron Defense|p1b: Kommo-o
|-boost|p1b: Kommo-o|def|2
|cant|p2b: Moky|move: Taunt|Bulk Up
|move|p2a: So Shiny!|Tailwind|p2a: So Shiny!
|-sidestart|p2: tastethekoalabear|move: Tailwind
|
|-heal|p2a: So Shiny!|51/100|[from] item: Leftovers
|upkeep
|turn|3
|inactive|Lego Darth Malgus has 30 seconds left.
|
|t:|1757019373
|switch|p1a: Excadrill|Excadrill, L50, F, shiny|100/100
|move|p2b: Moky|Rage Fist|p1b: Kommo-o
|-damage|p1b: Kommo-o|91/100
|move|p2a: So Shiny!|Brave Bird|p1a: Excadrill
|-resisted|p1a: Excadrill
|-damage|p1a: Excadrill|75/100
|-damage|p2a: So Shiny!|43/100|[from] Recoil
|move|p1b: Kommo-o|Body Press|p2a: So Shiny!
|-damage|p2a: So Shiny!|0 fnt
|faint|p2a: So Shiny!
|
|-heal|p1a: Excadrill|80/100|[from] Grassy Terrain
|-heal|p1b: Kommo-o|97/100|[from] Grassy Terrain
|upkeep
|
|t:|1757019380
|switch|p2a: Geoffrey|Indeedee, L50, M|100/100
|-fieldstart|move: Psychic Terrain|[from] ability: Psychic Surge|[of] p2a: Geoffrey
|turn|4
|
|t:|1757019387
|switch|p2a: Spine Breaker|Sneasler, L50, M|100/100
|-enditem|p2a: Spine Breaker|Psychic Seed
|-boost|p2a: Spine Breaker|spd|1|[from] item: Psychic Seed
|switch|p1a: Rillaboom|Rillaboom, L50, F, shiny|100/100
|-fieldstart|move: Grassy Terrain|[from] ability: Grassy Surge|[of] p1a: Rillaboom
|move|p2b: Moky|Rage Fist|p1a: Rillaboom
|-damage|p1a: Rillaboom|62/100
|move|p1b: Kommo-o|Body Press|p2a: Spine Breaker
|-resisted|p2a: Spine Breaker
|-damage|p2a: Spine Breaker|0 fnt
|faint|p2a: Spine Breaker
|
|-heal|p1a: Rillaboom|68/100|[from] Grassy Terrain
|-heal|p1b: Kommo-o|100/100|[from] Grassy Terrain
|-end|p2b: Moky|move: Taunt
|upkeep
|
|t:|1757019395
|switch|p2a: Geoffrey|Indeedee, L50, M|100/100
|-fieldstart|move: Psychic Terrain|[from] ability: Psychic Surge|[of] p2a: Geoffrey
|turn|5
|
|t:|1757019407
|switch|p1a: Tyranitar|Tyranitar, L50, M|100/100
|-weather|Sandstorm|[from] ability: Sand Stream|[of] p1a: Tyranitar
|-terastallize|p2a: Geoffrey|Psychic
|move|p1b: Kommo-o|Protect|p1b: Kommo-o
|-singleturn|p1b: Kommo-o|Protect
|move|p2a: Geoffrey|Expanding Force|p1b: Kommo-o|[spread] 
|-activate|p1b: Kommo-o|move: Protect
|-immune|p1a: Tyranitar
|move|p2b: Moky|Bulk Up|p2b: Moky
|-boost|p2b: Moky|atk|1
|-boost|p2b: Moky|def|1
|
|-weather|Sandstorm|[upkeep]
|-damage|p2a: Geoffrey|95/100|[from] Sandstorm
|-sideend|p2: tastethekoalabear|move: Tailwind
|upkeep
|turn|6
|
|t:|1757019421
|switch|p1a: Rillaboom|Rillaboom, L50, F, shiny|68/100
|-fieldstart|move: Grassy Terrain|[from] ability: Grassy Surge|[of] p1a: Rillaboom
|move|p2a: Geoffrey|Expanding Force|p1b: Kommo-o
|-damage|p1b: Kommo-o|50/100
|move|p1b: Kommo-o|Body Press|p2a: Geoffrey
|-resisted|p2a: Geoffrey
|-crit|p2a: Geoffrey
|-damage|p2a: Geoffrey|0 fnt
|faint|p2a: Geoffrey
|move|p2b: Moky|Bulk Up|p2b: Moky
|-boost|p2b: Moky|atk|1
|-boost|p2b: Moky|def|1
|
|-weather|Sandstorm|[upkeep]
|-damage|p1a: Rillaboom|62/100|[from] Sandstorm
|-heal|p1a: Rillaboom|68/100|[from] Grassy Terrain
|-heal|p1b: Kommo-o|56/100|[from] Grassy Terrain
|upkeep
|turn|7
|
|t:|1757019433
|move|p1a: Rillaboom|Taunt|p2b: Moky
|-start|p2b: Moky|move: Taunt
|move|p1b: Kommo-o|Iron Defense|p1b: Kommo-o
|-boost|p1b: Kommo-o|def|2
|move|p2b: Moky|Drain Punch|p1a: Rillaboom
|-damage|p1a: Rillaboom|0 fnt
|faint|p1a: Rillaboom
|
|-weather|Sandstorm|[upkeep]
|-heal|p1b: Kommo-o|62/100|[from] Grassy Terrain
|upkeep
|
|t:|1757019437
|switch|p1a: Excadrill|Excadrill, L50, F, shiny|80/100
|turn|8
|
|t:|1757019448
|move|p1a: Excadrill|Protect|p1a: Excadrill
|-singleturn|p1a: Excadrill|Protect
|move|p1b: Kommo-o|Iron Defense|p1b: Kommo-o
|-boost|p1b: Kommo-o|def|1
|move|p2b: Moky|Drain Punch|p1a: Excadrill
|-activate|p1a: Excadrill|move: Protect
|
|-weather|Sandstorm|[upkeep]
|-heal|p1a: Excadrill|86/100|[from] Grassy Terrain
|-heal|p1b: Kommo-o|68/100|[from] Grassy Terrain
|upkeep
|turn|9
|
|t:|1757019473
|move|p1a: Excadrill|Protect|p1a: Excadrill
|-singleturn|p1a: Excadrill|Protect
|move|p1b: Kommo-o|Iron Defense|p1b: Kommo-o
|-boost|p1b: Kommo-o|def|0
|move|p2b: Moky|Drain Punch|p1a: Excadrill
|-activate|p1a: Excadrill|move: Protect
|
|-weather|none
|-heal|p1a: Excadrill|92/100|[from] Grassy Terrain
|-heal|p1b: Kommo-o|74/100|[from] Grassy Terrain
|-end|p2b: Moky|move: Taunt
|upkeep
|turn|10
|
|t:|1757019487
|move|p1a: Excadrill|Protect||[still]
|-fail|p1a: Excadrill
|move|p1b: Kommo-o|Dragon Pulse|p2b: Moky
|-damage|p2b: Moky|75/100
|move|p2b: Moky|Drain Punch|p1a: Excadrill
|-supereffective|p1a: Excadrill
|-damage|p1a: Excadrill|0 fnt
|-heal|p2b: Moky|100/100|[from] drain|[of] p1a: Excadrill
|faint|p1a: Excadrill
|
|-heal|p1b: Kommo-o|80/100|[from] Grassy Terrain
|-fieldend|move: Grassy Terrain
|upkeep
|
|t:|1757019494
|switch|p1a: Tyranitar|Tyranitar, L50, M|100/100
|-weather|Sandstorm|[from] ability: Sand Stream|[of] p1a: Tyranitar
|turn|11
|
|t:|1757019501
|move|p1a: Tyranitar|Knock Off|p2b: Moky
|-damage|p2b: Moky|79/100
|-enditem|p2b: Moky|Safety Goggles|[from] move: Knock Off|[of] p1a: Tyranitar
|move|p1b: Kommo-o|Iron Defense|p1b: Kommo-o
|-boost|p1b: Kommo-o|def|0
|move|p2b: Moky|Drain Punch|p1a: Tyranitar
|-supereffective|p1a: Tyranitar
|-damage|p1a: Tyranitar|0 fnt
|-heal|p2b: Moky|100/100|[from] drain|[of] p1a: Tyranitar
|faint|p1a: Tyranitar
|
|-weather|Sandstorm|[upkeep]
|-damage|p2b: Moky|95/100|[from] Sandstorm
|upkeep
|turn|12
|
|t:|1757019508
|move|p1b: Kommo-o|Dragon Pulse|p2b: Moky
|-damage|p2b: Moky|71/100
|move|p2b: Moky|Rage Fist|p1b: Kommo-o
|-damage|p1b: Kommo-o|42/100
|
|-weather|Sandstorm|[upkeep]
|-damage|p2b: Moky|65/100|[from] Sandstorm
|upkeep
|turn|13
|
|t:|1757019517
|move|p1b: Kommo-o|Dragon Pulse|p2b: Moky
|-damage|p2b: Moky|40/100
|move|p2b: Moky|Drain Punch|p1b: Kommo-o
|-resisted|p1b: Kommo-o
|-damage|p1b: Kommo-o|35/100
|-heal|p2b: Moky|43/100|[from] drain|[of] p1b: Kommo-o
|
|-weather|Sandstorm|[upkeep]
|-damage|p2b: Moky|37/100|[from] Sandstorm
|upkeep
|turn|14
|
|t:|1757019523
|move|p1b: Kommo-o|Protect|p1b: Kommo-o
|-singleturn|p1b: Kommo-o|Protect
|move|p2b: Moky|Rage Fist|p1b: Kommo-o
|-activate|p1b: Kommo-o|move: Protect
|
|-weather|Sandstorm|[upkeep]
|-damage|p2b: Moky|31/100|[from] Sandstorm
|upkeep
|turn|15
|
|t:|1757019527
|move|p1b: Kommo-o|Dragon Pulse|p2b: Moky
|-damage|p2b: Moky|8/100
|move|p2b: Moky|Rage Fist|p1b: Kommo-o
|-damage|p1b: Kommo-o|0 fnt
|faint|p1b: Kommo-o
|
|win|tastethekoalabear
|raw|Lego Darth Malgus's rating: 1282 → 1253(-29 for losing)
|raw|tastethekoalabear's rating: 1219 → 1248(+29 for winning)
|l|☆tastethekoalabear
|player|p2|
