|j|☆Oooo11
|j|☆panijc
|html|Oooo11panijc    
|uhtml|bestof|Game 2 of a best-of-3
|t:|1786152471
|gametype|doubles
|player|p1|Oooo11|170|1097
|player|p2|panijc|169|1211
|gen|9
|tier|[Gen 9 Champions] VGC 2026 Reg M-B (Bo3)
|rated|
|rule|Species Clause: Limit one of each Pokémon
|rule|Item Clause: Limit 1 of each item
|clearpoke
|poke|p1|Charizard, L50, M|
|poke|p1|Garchomp, L50, M|
|poke|p1|Whimsicott, L50, M|
|poke|p1|Gardevoir, L50, F|
|poke|p1|Farigiraf, L50, M|
|poke|p1|Venusaur, L50, F|
|poke|p2|Raichu, L50, F|
|poke|p2|Mamoswine, L50, F|
|poke|p2|Sylveon, L50, F|
|poke|p2|Incineroar, L50, F|
|poke|p2|Basculegion, L50, M|
|poke|p2|Whimsicott, L50, F|
|teampreview|4
|showteam|p1|Charizard||CharizarditeY|Blaze|SolarBeam,Protect,HeatWave,WeatherBall|Timid||M|||50|]Garchomp||LifeOrb|RoughSkin|Protect,Earthquake,DragonClaw,RockSlide|Jolly||M|||50|]Whimsicott||FocusSash|Prankster|Protect,Encore,Moonblast,Tailwind|Bold||M|||50|]Gardevoir||Gardevoirite|Trace|Protect,HyperVoice,Psyshock,AuraSphere|Modest||F|||50|]Farigiraf||SitrusBerry|ArmorTail|Protect,Psychic,Imprison,TrickRoom|Sassy||M|||50|]Venusaur||WhiteHerb|Chlorophyll|Protect,LeafStorm,SludgeBomb,SleepPowder|Modest||F|||50|
|showteam|p2|Raichu||RaichuniteY|LightningRod|ZapCannon,FocusBlast,FakeOut,Protect|Timid||F|||50|]Mamoswine||LifeOrb|Oblivious|IcicleCrash,HighHorsepower,IceShard,Protect|Adamant||F|||50|]Sylveon||FairyFeather|Pixilate|HyperVoice,HyperBeam,Detect,Yawn|Modest||F|||50|]Incineroar||SitrusBerry|Intimidate|ThroatChop,FlareBlitz,FakeOut,PartingShot|Impish||F|||50|]Basculegion||MysticWater|Adaptability|WaveCrash,LastRespects,AquaJet,Protect|Adamant||M|||50|]Whimsicott||FocusSash|Prankster|Moonblast,Tailwind,Protect,Encore|Timid||F|||50|
|inactive|Battle timer is ON: inactive players will automatically lose when time's up. (requested by Oooo11)
|
|t:|1786152496
|teamsize|p1|4
|teamsize|p2|4
|start
|switch|p1a: Venusaur|Venusaur, L50, F|100/100
|switch|p1b: Charizard|Charizard, L50, M|100/100
|switch|p2a: Incineroar|Incineroar, L50, F|100/100
|switch|p2b: Raichu|Raichu, L50, F|100/100
|-ability|p2a: Incineroar|Intimidate|boost
|-unboost|p1a: Venusaur|atk|1
|-unboost|p1b: Charizard|atk|1
|-enditem|p1a: Venusaur|White Herb
|-clearnegativeboost|p1a: Venusaur|[silent]
|turn|1
|
|t:|1786152519
|detailschange|p2b: Raichu|Raichu-Mega-Y, L50, F
|-mega|p2b: Raichu|Raichu|Raichunite Y
|move|p1b: Charizard|Protect|p1b: Charizard
|-singleturn|p1b: Charizard|Protect
|move|p1a: Venusaur|Protect|p1a: Venusaur
|-singleturn|p1a: Venusaur|Protect
|move|p2b: Raichu|Zap Cannon|p1b: Charizard
|-activate|p1b: Charizard|move: Protect
|move|p2a: Incineroar|Flare Blitz|p1a: Venusaur
|-activate|p1a: Venusaur|move: Protect
|
|upkeep
|turn|2
|
|t:|1786152537
|switch|p1b: Garchomp|Garchomp, L50, M|100/100
|move|p2b: Raichu|Protect|p2b: Raichu
|-singleturn|p2b: Raichu|Protect
|move|p1a: Venusaur|Sleep Powder|p2a: Incineroar
|-status|p2a: Incineroar|slp|[from] move: Sleep Powder
|cant|p2a: Incineroar|slp
|
|upkeep
|turn|3
|
|t:|1786152552
|switch|p2b: Basculegion|Basculegion, L50, M|100/100
|move|p1a: Venusaur|Protect|p1a: Venusaur
|-singleturn|p1a: Venusaur|Protect
|move|p1b: Garchomp|Earthquake|p2b: Basculegion|[spread] p2a,p2b
|-activate|p1a: Venusaur|move: Protect
|-supereffective|p2a: Incineroar|1
|-damage|p2a: Incineroar|24/100 slp
|-damage|p2b: Basculegion|45/100
|-enditem|p2a: Incineroar|Sitrus Berry|[eat]
|-heal|p2a: Incineroar|48/100 slp|[from] item: Sitrus Berry
|-damage|p1b: Garchomp|90/100|[from] item: Life Orb
|cant|p2a: Incineroar|slp
|
|upkeep
|turn|4
|
|t:|1786152569
|switch|p1a: Farigiraf|Farigiraf, L50, M|100/100
|move|p1b: Garchomp|Earthquake|p2a: Incineroar|[spread] p1a,p2a,p2b
|-supereffective|p2a: Incineroar|1
|-damage|p1a: Farigiraf|48/100
|-damage|p2a: Incineroar|0 fnt
|-damage|p2b: Basculegion|0 fnt
|-enditem|p1a: Farigiraf|Sitrus Berry|[eat]
|-heal|p1a: Farigiraf|73/100|[from] item: Sitrus Berry
|faint|p2a: Incineroar
|faint|p2b: Basculegion
|-damage|p1b: Garchomp|80/100|[from] item: Life Orb
|
|upkeep
|
|t:|1786152581
|switch|p2b: Raichu|Raichu-Mega-Y, L50, F|100/100
|switch|p2a: Mamoswine|Mamoswine, L50, F|100/100
|turn|5
|
|t:|1786152596
|move|p2b: Raichu|Protect|p2b: Raichu
|-singleturn|p2b: Raichu|Protect
|move|p1b: Garchomp|Protect|p1b: Garchomp
|-singleturn|p1b: Garchomp|Protect
|move|p2a: Mamoswine|Icicle Crash|p1b: Garchomp
|-activate|p1b: Garchomp|move: Protect
|move|p1a: Farigiraf|Trick Room|p1a: Farigiraf
|-fieldstart|move: Trick Room|[of] p1a: Farigiraf
|
|upkeep
|turn|6
|inactive|Oooo11 has 30 seconds left.
|inactive|Oooo11 has 20 seconds left.
|inactive|Oooo11 has 15 seconds left.
|
|t:|1786152637
|move|p2b: Raichu|Protect|p2b: Raichu
|-singleturn|p2b: Raichu|Protect
|move|p1a: Farigiraf|Psychic|p2b: Raichu
|-activate|p2b: Raichu|move: Protect
|move|p2a: Mamoswine|Icicle Crash|p1b: Garchomp
|-supereffective|p1b: Garchomp|2
|-damage|p1b: Garchomp|0 fnt
|faint|p1b: Garchomp
|-damage|p2a: Mamoswine|90/100|[from] item: Life Orb
|
|upkeep
|
|t:|1786152646
|switch|p1b: Charizard|Charizard, L50, M|100/100
|turn|7
|
|t:|1786152653
|detailschange|p1b: Charizard|Charizard-Mega-Y, L50, M
|-mega|p1b: Charizard|Charizard|Charizardite Y
|-weather|SunnyDay|[from] ability: Drought|[of] p1b: Charizard
|move|p2a: Mamoswine|Protect|p2a: Mamoswine
|-singleturn|p2a: Mamoswine|Protect
|move|p1a: Farigiraf|Psychic|p2b: Raichu
|-damage|p2b: Raichu|46/100
|-unboost|p2b: Raichu|spd|1
|move|p1b: Charizard|Heat Wave|p2a: Mamoswine|[spread] p2b
|-activate|p2a: Mamoswine|move: Protect
|-damage|p2b: Raichu|0 fnt
|faint|p2b: Raichu
|
|-weather|SunnyDay|[upkeep]
|upkeep
|turn|8
|
|t:|1786152669
|move|p1a: Farigiraf|Protect|p1a: Farigiraf
|-singleturn|p1a: Farigiraf|Protect
|move|p1b: Charizard|Protect|p1b: Charizard
|-singleturn|p1b: Charizard|Protect
|move|p2a: Mamoswine|Icicle Crash|p1a: Farigiraf
|-activate|p1a: Farigiraf|move: Protect
|
|-weather|SunnyDay|[upkeep]
|upkeep
|turn|9
|
|t:|1786152685
|move|p1a: Farigiraf|Imprison|p1a: Farigiraf
|-start|p1a: Farigiraf|move: Imprison
|move|p2a: Mamoswine|Icicle Crash|p1a: Farigiraf
|-damage|p1a: Farigiraf|2/100
|-damage|p2a: Mamoswine|80/100|[from] item: Life Orb
|move|p1b: Charizard|Weather Ball|p2a: Mamoswine
|-supereffective|p2a: Mamoswine|1
|-damage|p2a: Mamoswine|0 fnt
|faint|p2a: Mamoswine
|
|win|Oooo11
|raw|Oooo11's rating: 1097 → 1131(+34 for winning)
|raw|panijc's rating: 1211 → 1178(-33 for losing)
