|j|☆aYeal
|j|☆browe
|html|aYealbrowe    
|uhtml|bestof|Game 1 of a best-of-3
|t:|1757721364
|gametype|doubles
|player|p1|aYeal|cynthia|1196
|player|p2|browe|shadowtriad|1242
|gen|9
|tier|[Gen 9] VGC 2025 Reg H (Bo3)
|rated|
|rule|Species Clause: Limit one of each Pokémon
|rule|Item Clause: Limit 1 of each item
|clearpoke
|poke|p1|Baxcalibur, L50, F|
|poke|p1|Sneasler, L50, M|
|poke|p1|Volcarona, L50, M|
|poke|p1|Electabuzz, L50, M|
|poke|p1|Rillaboom, L50, M|
|poke|p1|Ninetales-Alola, L50, F|
|poke|p2|Sneasler, L50, M|
|poke|p2|Pelipper, L50, M|
|poke|p2|Basculegion, L50, M|
|poke|p2|Indeedee, L50, M|
|poke|p2|Amoonguss, L50, F|
|poke|p2|Archaludon, L50, M|
|teampreview|4
|showteam|p1|Baxcalibur||LoadedDice|ThermalExchange|IcicleSpear,ScaleShot,IceShard,Protect|||F|||50|,,,,,Grass]Sneasler||FocusSash|Unburden|CloseCombat,DireClaw,FakeOut,Coaching|||M|||50|,,,,,Stellar]Volcarona||Leftovers|FlameBody|HeatWave,TeraBlast,QuiverDance,Protect|||M|||50|,,,,,Ground]Electabuzz||Eviolite|VitalSpirit|HelpingHand,FollowMe,Taunt,Thunderbolt|||M|||50|,,,,,Ghost]Rillaboom||AssaultVest|GrassySurge|GrassyGlide,FakeOut,Uturn,WoodHammer|||M|||50|,,,,,Water]Ninetales-Alola||CovertCloak|SnowWarning|Moonblast,Blizzard,AuroraVeil,IcyWind|||F|||50|,,,,,Steel
|showteam|p2|Sneasler||PsychicSeed|Unburden|DireClaw,CloseCombat,ThroatChop,Protect|||M|||50|,,,,,Dark]Pelipper||FocusSash|Drizzle|Hurricane,WeatherBall,Tailwind,Protect|||M|||50|,,,,,Ghost]Basculegion||ChoiceBand|SwiftSwim|WaveCrash,LastRespects,AquaJet,FlipTurn|||M|||50|,,,,,Grass]Indeedee||ChoiceScarf|PsychicSurge|ExpandingForce,DazzlingGleam,ShadowBall,Trick|||M|||50|,,,,,Psychic]Amoonguss||SitrusBerry|Regenerator|PollenPuff,RagePowder,ClearSmog,Spore|||F|||50|,,,,,Psychic]Archaludon||AssaultVest|Stamina|DracoMeteor,FlashCannon,ElectroShot,BodyPress|||M|||50|,,,,,Bug
|inactive|Battle timer is ON: inactive players will automatically lose when time's up. (requested by aYeal)
|inactive|aYeal has 60 seconds left.
|
|t:|1757721421
|teamsize|p1|4
|teamsize|p2|4
|start
|switch|p1a: Electabuzz|Electabuzz, L50, M|100/100
|switch|p1b: Volcarona|Volcarona, L50, M|100/100
|switch|p2a: Basculegion|Basculegion, L50, M|100/100
|switch|p2b: Indeedee|Indeedee, L50, M|100/100
|-fieldstart|move: Psychic Terrain|[from] ability: Psychic Surge|[of] p2b: Indeedee
|turn|1
|inactive|browe has 30 seconds left.
|
|t:|1757721449
|switch|p1a: Rillaboom|Rillaboom, L50, M|100/100
|-fieldstart|move: Grassy Terrain|[from] ability: Grassy Surge|[of] p1a: Rillaboom
|move|p1b: Volcarona|Protect|p1b: Volcarona
|-singleturn|p1b: Volcarona|Protect
|move|p2b: Indeedee|Expanding Force|p1b: Volcarona
|-activate|p1b: Volcarona|move: Protect
|move|p2a: Basculegion|Flip Turn|p1b: Volcarona
|-activate|p1b: Volcarona|move: Protect
|
|upkeep
|turn|2
|inactive|browe has 30 seconds left.
|
|t:|1757721477
|switch|p2b: Pelipper|Pelipper, L50, M|100/100
|-weather|RainDance|[from] ability: Drizzle|[of] p2b: Pelipper
|switch|p2a: Archaludon|Archaludon, L50, M|100/100
|move|p1a: Rillaboom|Grassy Glide|p2a: Archaludon
|-resisted|p2a: Archaludon
|-damage|p2a: Archaludon|93/100
|-ability|p2a: Archaludon|Stamina|boost
|-boost|p2a: Archaludon|def|1
|move|p1b: Volcarona|Quiver Dance|p1b: Volcarona
|-boost|p1b: Volcarona|spa|1
|-boost|p1b: Volcarona|spd|1
|-boost|p1b: Volcarona|spe|1
|
|-weather|RainDance|[upkeep]
|-heal|p2a: Archaludon|99/100|[from] Grassy Terrain
|upkeep
|turn|3
|inactive|browe has 30 seconds left.
|inactive|browe has 20 seconds left.
|inactive|browe has 15 seconds left.
|inactive|browe has 10 seconds left.
|
|t:|1757721527
|switch|p1a: Ninetales|Ninetales-Alola, L50, F|100/100
|-weather|Snowscape|[from] ability: Snow Warning|[of] p1a: Ninetales
|move|p1b: Volcarona|Quiver Dance|p1b: Volcarona
|-boost|p1b: Volcarona|spa|1
|-boost|p1b: Volcarona|spd|1
|-boost|p1b: Volcarona|spe|1
|move|p2b: Pelipper|Tailwind|p2b: Pelipper
|-sidestart|p2: browe|move: Tailwind
|move|p2a: Archaludon|Electro Shot||[still]
|-prepare|p2a: Archaludon|Electro Shot
|-boost|p2a: Archaludon|spa|1
|
|-weather|Snowscape|[upkeep]
|-heal|p2a: Archaludon|100/100|[from] Grassy Terrain
|upkeep
|turn|4
|inactive|browe has 30 seconds left.
|
|t:|1757721556
|switch|p2b: Basculegion|Basculegion, L50, M|100/100
|move|p1b: Volcarona|Heat Wave|p2a: Archaludon|[spread] p2a,p2b
|-resisted|p2b: Basculegion
|-damage|p2a: Archaludon|54/100
|-damage|p2b: Basculegion|64/100
|-ability|p2a: Archaludon|Stamina|boost
|-boost|p2a: Archaludon|def|1
|move|p2a: Archaludon|Electro Shot|p1b: Volcarona|[from] lockedmove
|-damage|p1b: Volcarona|71/100
|move|p1a: Ninetales|Aurora Veil|p1a: Ninetales
|-sidestart|p1: aYeal|move: Aurora Veil
|
|-weather|Snowscape|[upkeep]
|-heal|p1b: Volcarona|78/100|[from] Grassy Terrain
|-heal|p1b: Volcarona|84/100|[from] item: Leftovers
|-heal|p2a: Archaludon|60/100|[from] Grassy Terrain
|-heal|p2b: Basculegion|70/100|[from] Grassy Terrain
|upkeep
|turn|5
|inactive|browe has 30 seconds left.
|inactive|browe has 20 seconds left.
|inactive|browe has 15 seconds left.
|inactive|browe has 10 seconds left.
|
|t:|1757721601
|switch|p1a: Rillaboom|Rillaboom, L50, M|100/100
|move|p1b: Volcarona|Protect|p1b: Volcarona
|-singleturn|p1b: Volcarona|Protect
|move|p2a: Archaludon|Flash Cannon|p1a: Rillaboom
|-damage|p1a: Rillaboom|74/100
|move|p2b: Basculegion|Flip Turn|p1b: Volcarona
|-activate|p1b: Volcarona|move: Protect
|
|-weather|Snowscape|[upkeep]
|-heal|p1b: Volcarona|90/100|[from] Grassy Terrain
|-heal|p1b: Volcarona|96/100|[from] item: Leftovers
|-heal|p2a: Archaludon|66/100|[from] Grassy Terrain
|-heal|p2b: Basculegion|76/100|[from] Grassy Terrain
|-heal|p1a: Rillaboom|80/100|[from] Grassy Terrain
|-fieldend|move: Grassy Terrain
|upkeep
|turn|6
|inactive|aYeal has 30 seconds left.
|inactive|browe has 30 seconds left.
|inactive|aYeal has 20 seconds left.
|inactive|browe has 20 seconds left.
|inactive|aYeal has 15 seconds left.
|inactive|browe has 15 seconds left.
|inactive|aYeal has 10 seconds left.
|inactive|aYeal has 5 seconds left.
|
|t:|1757721651
|switch|p2b: Pelipper|Pelipper, L50, M|100/100
|-weather|RainDance|[from] ability: Drizzle|[of] p2b: Pelipper
|switch|p1a: Ninetales|Ninetales-Alola, L50, F|100/100
|-weather|Snowscape|[from] ability: Snow Warning|[of] p1a: Ninetales
|move|p1b: Volcarona|Heat Wave|p2b: Pelipper|[spread] p2a,p2b
|-resisted|p2b: Pelipper
|-damage|p2a: Archaludon|18/100
|-damage|p2b: Pelipper|42/100
|-status|p2a: Archaludon|brn
|-ability|p2a: Archaludon|Stamina|boost
|-boost|p2a: Archaludon|def|1
|move|p2a: Archaludon|Electro Shot||[still]
|-prepare|p2a: Archaludon|Electro Shot
|-boost|p2a: Archaludon|spa|1
|
|-weather|Snowscape|[upkeep]
|-heal|p1b: Volcarona|100/100|[from] item: Leftovers
|-damage|p2a: Archaludon|12/100 brn|[from] brn
|-sideend|p2: browe|move: Tailwind
|upkeep
|turn|7
|
|t:|1757721673
|switch|p1a: Rillaboom|Rillaboom, L50, M|80/100
|-fieldstart|move: Grassy Terrain|[from] ability: Grassy Surge|[of] p1a: Rillaboom
|move|p1b: Volcarona|Heat Wave|p2a: Archaludon|[spread] p2a,p2b
|-resisted|p2b: Pelipper
|-damage|p2a: Archaludon|0 fnt
|-damage|p2b: Pelipper|0 fnt
|faint|p2a: Archaludon
|faint|p2b: Pelipper
|
|-weather|Snowscape|[upkeep]
|-heal|p1a: Rillaboom|86/100|[from] Grassy Terrain
|upkeep
|
|t:|1757721679
|switch|p2b: Indeedee|Indeedee, L50, M|100/100
|switch|p2a: Basculegion|Basculegion, L50, M|76/100
|-fieldstart|move: Psychic Terrain|[from] ability: Psychic Surge|[of] p2b: Indeedee
|turn|8
|inactive|browe has 30 seconds left.
|inactive|browe has 20 seconds left.
|
|t:|1757721717
|-terastallize|p2a: Basculegion|Grass
|move|p1b: Volcarona|Protect|p1b: Volcarona
|-singleturn|p1b: Volcarona|Protect
|move|p2b: Indeedee|Expanding Force|p1b: Volcarona|[spread] p1a
|-activate|p1b: Volcarona|move: Protect
|-damage|p1a: Rillaboom|57/100
|move|p2a: Basculegion|Last Respects|p1b: Volcarona
|-activate|p1b: Volcarona|move: Protect
|move|p1a: Rillaboom|Wood Hammer|p2a: Basculegion
|-resisted|p2a: Basculegion
|-damage|p2a: Basculegion|38/100
|-damage|p1a: Rillaboom|44/100|[from] Recoil
|
|-weather|Snowscape|[upkeep]
|-sideend|p1: aYeal|move: Aurora Veil
|upkeep
|turn|9
|
|t:|1757721734
|move|p1b: Volcarona|Heat Wave|p2b: Indeedee|[spread] p2a,p2b
|-supereffective|p2a: Basculegion
|-damage|p2a: Basculegion|0 fnt
|-damage|p2b: Indeedee|0 fnt
|faint|p2a: Basculegion
|faint|p2b: Indeedee
|
|win|aYeal
||browe is ready for game 2.
||aYeal is ready for game 2.
|uhtml|next|Next: Game 2 of 3
|l|☆aYeal
|player|p1|
