|j|ŌśåSven
|j|ŌśåEternalSnowman
|html|SvenEternalSnowman    
|uhtml|bestof|Game 1 of a best-of-3
|t:|1782578034
|gametype|doubles
|player|p1|Sven|#smogonxnpa2024winner|
|player|p2|EternalSnowman|#dwcopv|
|gen|9
|tier|[Gen 9 Champions] VGC 2026 Reg M-B (Bo3)
|rule|Species Clause: Limit one of each Pok├®mon
|rule|Item Clause: Limit 1 of each item
|clearpoke
|poke|p1|Incineroar, L50, M|
|poke|p1|Toxapex, L50, F|
|poke|p1|Metagross, L50|
|poke|p1|Charizard, L50, F|
|poke|p1|Garchomp, L50, M|
|poke|p1|Hydreigon, L50, F|
|poke|p2|Charizard, L50, F|
|poke|p2|Garchomp, L50, M|
|poke|p2|Whimsicott, L50, F|
|poke|p2|Hydreigon, L50, F|
|poke|p2|Mawile, L50, F|
|poke|p2|Slowbro, L50, M|
|teampreview|4
|showteam|p1|Incineroar||SitrusBerry|Intimidate|FlareBlitz,FakeOut,ThroatChop,PartingShot|Impish||M|||50|]Toxapex||Leftovers|Regenerator|Infestation,Toxic,WideGuard,BanefulBunker|Bold||F|||50|]Metagross||Metagrossite|ClearBody|IronHead,PsychicFangs,BodyPress,Protect|Jolly|||||50|]Charizard||CharizarditeY|Blaze|HeatWave,WeatherBall,SolarBeam,Protect|Modest||F|||50|]Garchomp||LifeOrb|RoughSkin|DragonClaw,Earthquake,RockSlide,Protect|Jolly||M|||50|]Hydreigon||ChoiceScarf|Levitate|DarkPulse,Snarl,DracoMeteor,EarthPower|Timid||F|||50|
|showteam|p2|Charizard||CharizarditeY|SolarPower|HeatWave,WeatherBall,SolarBeam,Protect|Modest||F|||50|]Garchomp||LifeOrb|RoughSkin|Earthquake,RockSlide,Protect,DragonClaw|Jolly||M|||50|]Whimsicott||FocusSash|Prankster|SunnyDay,Protect,Moonblast,Tailwind|Timid||F|||50|]Hydreigon||HabanBerry|Levitate|DarkPulse,DracoMeteor,EarthPower,Protect|Timid||F|||50|]Mawile||Mawilite|HyperCutter|RockSlide,SuckerPunch,PlayRough,Protect|Adamant||F|||50|]Slowbro||RindoBerry|Oblivious|TrickRoom,IronDefense,BodyPress,Psychic|Relaxed||M|||50|
|c|ŌśåSven|Can we play without timer? I'm on phone and it loves disconnecting me haha
|l|ŌśåSven
|player|p1|
|c|ŌśåEternalSnowman|sure nw
|j| VGCEPLT Luis
|c|ŌśåEternalSnowman|glhf
|j|ŌśåSven
|player|p1|Sven|#smogonxnpa2024winner|
|c|ŌśåSven|Gl hf
|j| q4x
|l| VGCEPLT Luis
|j| VGCEPLT Luis
|j| MyPokemonRBad12
|j| Code
|j| thebusinesspiggy2
|j| Akaru KokuyoŃüĄŃéÅ
|j| repeatt
|j| LogIce
|j| xmarsh
|j| AKhant
|j| AIRedzone
|j|+bagel
|
|t:|1782578150
|teamsize|p1|4
|teamsize|p2|4
|start
|switch|p1a: Incineroar|Incineroar, L50, M|100/100
|switch|p1b: Toxapex|Toxapex, L50, F|100/100
|switch|p2a: Whimsicott|Whimsicott, L50, F|100/100
|switch|p2b: Hydreigon|Hydreigon, L50, F|100/100
|-ability|p1a: Incineroar|Intimidate|boost
|-unboost|p2a: Whimsicott|atk|1
|-unboost|p2b: Hydreigon|atk|1
|turn|1
|l| repeatt
|j| Sambhar Dosa
|
|t:|1782578162
|move|p2a: Whimsicott|Protect|p2a: Whimsicott
|-singleturn|p2a: Whimsicott|Protect
|move|p2b: Hydreigon|Protect|p2b: Hydreigon
|-singleturn|p2b: Hydreigon|Protect
|move|p1a: Incineroar|Fake Out|p2b: Hydreigon
|-activate|p2b: Hydreigon|move: Protect
|move|p1b: Toxapex|Infestation|p2a: Whimsicott
|-activate|p2a: Whimsicott|move: Protect
|
|upkeep
|turn|2
|
|t:|1782578177
|move|p2a: Whimsicott|Moonblast|p1a: Incineroar
|-damage|p1a: Incineroar|65/100
|move|p2b: Hydreigon|Earth Power|p1a: Incineroar
|-supereffective|p1a: Incineroar|1
|-damage|p1a: Incineroar|7/100
|-enditem|p1a: Incineroar|Sitrus Berry|[eat]
|-heal|p1a: Incineroar|32/100|[from] item: Sitrus Berry
|move|p1a: Incineroar|Parting Shot|p2b: Hydreigon
|-unboost|p2b: Hydreigon|atk|1
|-unboost|p2b: Hydreigon|spa|1
|j| kunal
|
|t:|1782578186
|switch|p1a: Charizard|Charizard, L50, F|100/100|[from] Parting Shot
|move|p1b: Toxapex|Infestation|p2b: Hydreigon
|-supereffective|p2b: Hydreigon|1
|-damage|p2b: Hydreigon|92/100
|-activate|p2b: Hydreigon|move: Infestation|[of] p1b: Toxapex
|
|-damage|p2b: Hydreigon|80/100|[from] move: Infestation|[partiallytrapped]
|upkeep
|turn|3
|l| AIRedzone
|j| val16
|
|t:|1782578216
|switch|p2a: Garchomp|Garchomp, L50, M|100/100
|detailschange|p1a: Charizard|Charizard-Mega-Y, L50, F
|-mega|p1a: Charizard|Charizard|Charizardite Y
|-weather|SunnyDay|[from] ability: Drought|[of] p1a: Charizard
|move|p2b: Hydreigon|Dark Pulse|p1a: Charizard
|-damage|p1a: Charizard|71/100
|move|p1a: Charizard|Heat Wave|p2a: Garchomp|[spread] p2a,p2b
|-resisted|p2a: Garchomp|1
|-resisted|p2b: Hydreigon|1
|-damage|p2a: Garchomp|64/100
|-damage|p2b: Hydreigon|42/100
|move|p1b: Toxapex|Toxic|p2b: Hydreigon
|-status|p2b: Hydreigon|tox
|
|-weather|SunnyDay|[upkeep]
|-damage|p2b: Hydreigon|36/100 tox|[from] psn
|-damage|p2b: Hydreigon|23/100 tox|[from] move: Infestation|[partiallytrapped]
|upkeep
|turn|4
|j| IcyPenguin604
|j| AIRedzone
|j| skittycel
|j| Schister
|
|t:|1782578237
|switch|p1a: Incineroar|Incineroar, L50, M|32/100
|-ability|p1a: Incineroar|Intimidate|boost
|-unboost|p2a: Garchomp|atk|1
|-unboost|p2b: Hydreigon|atk|1
|move|p2a: Garchomp|Protect|p2a: Garchomp
|-singleturn|p2a: Garchomp|Protect
|move|p2b: Hydreigon|Earth Power|p1b: Toxapex
|-supereffective|p1b: Toxapex|1
|-damage|p1b: Toxapex|68/100
|-unboost|p1b: Toxapex|spd|1
|move|p1b: Toxapex|Infestation|p2a: Garchomp
|-activate|p2a: Garchomp|move: Protect
|
|-weather|SunnyDay|[upkeep]
|-heal|p1b: Toxapex|73/100|[from] item: Leftovers
|-damage|p2b: Hydreigon|11/100 tox|[from] psn
|-damage|p2b: Hydreigon|0 fnt|[from] move: Infestation|[partiallytrapped]
|faint|p2b: Hydreigon
|upkeep
|j| repeatt
|l| repeatt
|
|t:|1782578246
|switch|p2b: Charizard|Charizard, L50, F|100/100
|turn|5
|
|t:|1782578262
|-heal|p1b: Toxapex|100/100|[from] ability: Regenerator|[silent]
|switch|p1b: Garchomp|Garchomp, L50, M|100/100
|detailschange|p2b: Charizard|Charizard-Mega-Y, L50, F
|-mega|p2b: Charizard|Charizard|Charizardite Y
|move|p1a: Incineroar|Fake Out|p2a: Garchomp
|-damage|p2a: Garchomp|54/100
|-damage|p1a: Incineroar|20/100y|[from] ability: Rough Skin|[of] p2a: Garchomp
|cant|p2a: Garchomp|flinch
|move|p2b: Charizard|Weather Ball|p1a: Incineroar
|-resisted|p1a: Incineroar|1
|-damage|p1a: Incineroar|0 fnt
|faint|p1a: Incineroar
|
|-weather|SunnyDay|[upkeep]
|upkeep
|j| repeatt
|
|t:|1782578279
|switch|p1a: Charizard|Charizard-Mega-Y, L50, F|71/100
|turn|6
|l| repeatt
|j|+Smudge
|
|t:|1782578294
|move|p2b: Charizard|Protect|p2b: Charizard
|-singleturn|p2b: Charizard|Protect
|move|p2a: Garchomp|Rock Slide|p1b: Garchomp|[spread] p1a,p1b
|-supereffective|p1a: Charizard|2
|-resisted|p1b: Garchomp|1
|-crit|p1b: Garchomp
|-damage|p1a: Charizard|4/100
|-damage|p1b: Garchomp|82/100
|-damage|p2a: Garchomp|44/100|[from] item: Life Orb
|cant|p1b: Garchomp|flinch
|move|p1a: Charizard|Heat Wave|p2b: Charizard|[spread] p2a
|-activate|p2b: Charizard|move: Protect
|-resisted|p2a: Garchomp|1
|-damage|p2a: Garchomp|10/100
|
|-weather|SunnyDay|[upkeep]
|upkeep
|turn|7
|j| elladine
|
|t:|1782578315
|move|p1b: Garchomp|Rock Slide|p2a: Garchomp|[spread] p2a,p2b
|-resisted|p2a: Garchomp|1
|-supereffective|p2b: Charizard|2
|-damage|p2a: Garchomp|0 fnt
|-damage|p2b: Charizard|9/100
|faint|p2a: Garchomp
|-damage|p1b: Garchomp|72/100|[from] item: Life Orb
|move|p1a: Charizard|Heat Wave|p2b: Charizard
|-resisted|p2b: Charizard|1
|-damage|p2b: Charizard|0 fnt
|faint|p2b: Charizard
|
|-weather|none
|upkeep
|l| IcyPenguin604
|
|t:|1782578321
|switch|p2b: Whimsicott|Whimsicott, L50, F|100/100
|turn|8
|
|t:|1782578325
|move|p2b: Whimsicott|Moonblast|p1a: Charizard
|-resisted|p1a: Charizard|1
|-damage|p1a: Charizard|0 fnt
|faint|p1a: Charizard
|move|p1b: Garchomp|Rock Slide|p2b: Whimsicott
|-damage|p2b: Whimsicott|49/100
|-damage|p1b: Garchomp|63/100|[from] item: Life Orb
|
|upkeep
|j| repeatt
|
|t:|1782578327
|switch|p1a: Toxapex|Toxapex, L50, F|100/100
|turn|9
|
|t:|1782578329
|move|p2b: Whimsicott|Moonblast|p1b: Garchomp
|-supereffective|p1b: Garchomp|1
|-damage|p1b: Garchomp|0 fnt
|faint|p1b: Garchomp
|move|p1a: Toxapex|Infestation|p2b: Whimsicott
|-damage|p2b: Whimsicott|44/100
|-activate|p2b: Whimsicott|move: Infestation|[of] p1a: Toxapex
|
|-damage|p2b: Whimsicott|32/100|[from] move: Infestation|[partiallytrapped]
|upkeep
|turn|10
|
|t:|1782578332
|move|p2b: Whimsicott|Moonblast|p1a: Toxapex
|-resisted|p1a: Toxapex|1
|-damage|p1a: Toxapex|85/100
|move|p1a: Toxapex|Toxic|p2b: Whimsicott
|-status|p2b: Whimsicott|tox
|
|-heal|p1a: Toxapex|91/100|[from] item: Leftovers
|-damage|p2b: Whimsicott|26/100 tox|[from] psn
|-damage|p2b: Whimsicott|13/100 tox|[from] move: Infestation|[partiallytrapped]
|upkeep
|turn|11
|
|t:|1782578334
|move|p1a: Toxapex|Baneful Bunker|p1a: Toxapex
|-singleturn|p1a: Toxapex|move: Protect
|move|p2b: Whimsicott|Moonblast|p1a: Toxapex
|-activate|p1a: Toxapex|move: Protect
|
|-heal|p1a: Toxapex|97/100|[from] item: Leftovers
|-damage|p2b: Whimsicott|2/100 tox|[from] psn
|-damage|p2b: Whimsicott|0 fnt|[from] move: Infestation|[partiallytrapped]
|faint|p2b: Whimsicott
|
|win|Sven
||EternalSnowman is ready for game 2.
||Sven is ready for game 2.
|uhtml|next|Next: Game 2 of 3
|l|ŌśåSven
|player|p1|
|l| kunal
|j| ratpacker
|l| repeatt
|l| VGCEPLT Luis
|j|ŌśåSven
|player|p1|Sven|#smogonxnpa2024winner|
|l| AIRedzone
|l| elladine
|j| gephicka
|l| gephicka
|j| gephicka
|j| elladine
|l| elladine
|j|+zee
|l| gephicka
|l| AKhant
|l| val16
|l| Akaru KokuyoŃüĄŃéÅ
|l| skittycel
|l| LogIce
|l| Schister
|l|ŌśåSven
|player|p1|
|j| elladine
|l| ratpacker
|j| LogIce
