|j|☆spellbreakvgc
|j|☆SongokuVG Fr
|html|spellbreakvgcSongokuVG Fr    
|uhtml|bestof|Game 3 of a best-of-3
|t:|1756218653
|gametype|doubles
|player|p1|spellbreakvgc|lance|1217
|player|p2|SongokuVG Fr|lucian|1258
|gen|9
|tier|[Gen 9] VGC 2025 Reg H (Bo3)
|rated|
|rule|Species Clause: Limit one of each Pokémon
|rule|Item Clause: Limit 1 of each item
|clearpoke
|poke|p1|Whimsicott, L50, M|
|poke|p1|Typhlosion-Hisui, L50, M|
|poke|p1|Dragapult, L50, M|
|poke|p1|Electabuzz, L50, M|
|poke|p1|Torkoal, L50, F|
|poke|p1|Lilligant-Hisui, L50, F|
|poke|p2|Ursaluna, L50, F|
|poke|p2|Gholdengo, L50|
|poke|p2|Incineroar, L50, M|
|poke|p2|Porygon2, L50|
|poke|p2|Kilowattrel, L50, F|
|poke|p2|Amoonguss, L50, F|
|teampreview|4
|showteam|p1|Whimsicott||CovertCloak|Prankster|Tailwind,SunnyDay,Encore,Moonblast|||M|||50|,,,,,Ghost]Typhlosion-Hisui||ChoiceSpecs|Blaze|Eruption,HeatWave,ShadowBall,Overheat|||M|||50|,,,,,Fire]Dragapult||ChoiceBand|ClearBody|DragonDarts,Outrage,SuckerPunch,Uturn|||M|||50|,,,,,Dragon]Electabuzz||Eviolite|VitalSpirit|VoltSwitch,FollowMe,Feint,Protect|||M|||50|,,,,,Ghost]Torkoal||LifeOrb|Drought|Eruption,HeatWave,WeatherBall,Protect|||F|||50|,,,,,Fire]Lilligant-Hisui||FocusSash|Chlorophyll|CloseCombat,SleepPowder,AfterYou,LeafBlade|||F|||50|,,,,,Ghost
|showteam|p2|Ursaluna||FlameOrb|Guts|Earthquake,Facade,HeadlongRush,Protect|||F|||50|,,,,,Ghost]Gholdengo||MetalCoat|GoodasGold|MakeItRain,ShadowBall,NastyPlot,Protect||||||50|,,,,,Water]Incineroar||SafetyGoggles|Intimidate|FakeOut,FlareBlitz,KnockOff,PartingShot|||M|||50|,,,,,Ghost]Porygon2||Eviolite|Download|TeraBlast,TrickRoom,Recover,IceBeam||||||50|,,,,,Fighting]Kilowattrel||FocusSash|Competitive|Tailwind,Protect,Thunderbolt,AirSlash|||F|||50|,,,,,Ghost]Amoonguss||SitrusBerry|Regenerator|Spore,RagePowder,PollenPuff,Protect|||F|||50|,,,,,Water
|inactive|Battle timer is ON: inactive players will automatically lose when time's up. (requested by SongokuVG Fr)
|
|t:|1756218671
|teamsize|p1|4
|teamsize|p2|4
|start
|switch|p1a: Whimsicott|Whimsicott, L50, M|100/100
|switch|p1b: Dragapult|Dragapult, L50, M|100/100
|switch|p2a: Kilowattrel|Kilowattrel, L50, F|100/100
|switch|p2b: Incineroar|Incineroar, L50, M|100/100
|-ability|p2b: Incineroar|Intimidate|boost
|-unboost|p1a: Whimsicott|atk|1
|-fail|p1b: Dragapult|unboost|[from] ability: Clear Body|[of] p1b: Dragapult
|turn|1
|
|t:|1756218678
|-terastallize|p1b: Dragapult|Dragon
|move|p1a: Whimsicott|Tailwind|p1a: Whimsicott
|-sidestart|p1: spellbreakvgc|move: Tailwind
|move|p1b: Dragapult|Dragon Darts|p2a: Kilowattrel
|-damage|p2a: Kilowattrel|9/100
|-anim|p1b: Dragapult|Dragon Darts|p2b: Incineroar
|-damage|p2b: Incineroar|66/100
|move|p2a: Kilowattrel|Tailwind|p2a: Kilowattrel
|-sidestart|p2: SongokuVG Fr|move: Tailwind
|move|p2b: Incineroar|Knock Off|p1b: Dragapult
|-damage|p1b: Dragapult|49/100
|-enditem|p1b: Dragapult|Choice Band|[from] move: Knock Off|[of] p2b: Incineroar
|
|upkeep
|turn|2
|inactive|spellbreakvgc has 30 seconds left.
|
|t:|1756218707
|switch|p2a: Gholdengo|Gholdengo, L50|100/100
|move|p1a: Whimsicott|Encore|p2a: Gholdengo
|-immune|p2a: Gholdengo|[from] ability: Good as Gold
|move|p1b: Dragapult|Dragon Darts|p2a: Gholdengo
|-resisted|p2a: Gholdengo
|-damage|p2a: Gholdengo|81/100
|-anim|p1b: Dragapult|Dragon Darts|p2b: Incineroar
|-damage|p2b: Incineroar|40/100
|move|p2b: Incineroar|Parting Shot|p1a: Whimsicott
|-unboost|p1a: Whimsicott|atk|1
|-unboost|p1a: Whimsicott|spa|1
|
|t:|1756218715
|switch|p2b: Ursaluna|Ursaluna, L50, F|100/100|[from] Parting Shot
|
|-status|p2b: Ursaluna|brn|[from] item: Flame Orb
|upkeep
|turn|3
|
|t:|1756218739
|move|p1b: Dragapult|Dragon Darts|p2b: Ursaluna
|-damage|p2b: Ursaluna|74/100 brn
|-anim|p1b: Dragapult|Dragon Darts|p2a: Gholdengo
|-resisted|p2a: Gholdengo
|-damage|p2a: Gholdengo|62/100
|move|p1a: Whimsicott|Moonblast|p2b: Ursaluna
|-damage|p2b: Ursaluna|53/100 brn
|move|p2a: Gholdengo|Make It Rain|p1a: Whimsicott|[spread] p1a,p1b
|-supereffective|p1a: Whimsicott
|-damage|p1a: Whimsicott|0 fnt
|-damage|p1b: Dragapult|0 fnt
|-unboost|p2a: Gholdengo|spa|1
|faint|p1a: Whimsicott
|faint|p1b: Dragapult
|move|p2b: Ursaluna|Facade|p1: Whimsicott|[notarget]
|-fail|p2b: Ursaluna
|
|-damage|p2b: Ursaluna|47/100 brn|[from] brn
|upkeep
|
|t:|1756218748
|switch|p1b: Lilligant|Lilligant-Hisui, L50, F|100/100
|switch|p1a: Typhlosion|Typhlosion-Hisui, L50, M|100/100
|turn|4
|
|t:|1756218769
|switch|p2a: Incineroar|Incineroar, L50, M|40/100
|-ability|p2a: Incineroar|Intimidate|boost
|-unboost|p1a: Typhlosion|atk|1
|-unboost|p1b: Lilligant|atk|1
|move|p2b: Ursaluna|Protect|p2b: Ursaluna
|-singleturn|p2b: Ursaluna|Protect
|move|p1b: Lilligant|After You|p1a: Typhlosion
|-activate|p1a: Typhlosion|move: After You
|move|p1a: Typhlosion|Eruption|p2a: Incineroar|[spread] p2a
|-activate|p2b: Ursaluna|move: Protect
|-resisted|p2a: Incineroar
|-damage|p2a: Incineroar|2/100
|
|-damage|p2b: Ursaluna|41/100 brn|[from] brn
|-sideend|p2: SongokuVG Fr|move: Tailwind
|-sideend|p1: spellbreakvgc|move: Tailwind
|upkeep
|turn|5
|
|t:|1756218787
|move|p1b: Lilligant|Close Combat|p2b: Ursaluna
|-supereffective|p2b: Ursaluna
|-damage|p2b: Ursaluna|0 fnt
|-unboost|p1b: Lilligant|def|1
|-unboost|p1b: Lilligant|spd|1
|faint|p2b: Ursaluna
|move|p1a: Typhlosion|Eruption|p2a: Incineroar
|-resisted|p2a: Incineroar
|-damage|p2a: Incineroar|0 fnt
|faint|p2a: Incineroar
|
|upkeep
|
|t:|1756218791
|switch|p2b: Gholdengo|Gholdengo, L50|62/100
|switch|p2a: Kilowattrel|Kilowattrel, L50, F|9/100
|turn|6
|
|t:|1756218812
|move|p2a: Kilowattrel|Tailwind|p2a: Kilowattrel
|-sidestart|p2: SongokuVG Fr|move: Tailwind
|move|p2b: Gholdengo|Shadow Ball|p1a: Typhlosion
|-supereffective|p1a: Typhlosion
|-crit|p1a: Typhlosion
|-damage|p1a: Typhlosion|0 fnt
|faint|p1a: Typhlosion
|move|p1b: Lilligant|Leaf Blade|p2a: Kilowattrel
|-resisted|p2a: Kilowattrel
|-damage|p2a: Kilowattrel|0 fnt
|faint|p2a: Kilowattrel
|
|upkeep
|turn|7
|-message|spellbreakvgc forfeited.
|
|win|SongokuVG Fr
