|j|☆swerve88
|j|☆TheEvanTran
|html|swerve88TheEvanTran    
|uhtml|bestof|Game 1 of a best-of-3
|t:|1756217420
|gametype|doubles
|player|p1|swerve88|birdkeeper|
|player|p2|TheEvanTran|101|
|gen|9
|tier|[Gen 9] VGC 2025 Reg H (Bo3)
|rule|Species Clause: Limit one of each Pokémon
|rule|Item Clause: Limit 1 of each item
|clearpoke
|poke|p1|Politoed, L50, M|
|poke|p1|Basculegion, L50, M|
|poke|p1|Archaludon, L50, M|
|poke|p1|Salamence, L50, F|
|poke|p1|Mienshao, L50, M|
|poke|p1|Electrode-Hisui, L50|
|poke|p2|Indeedee-F, L50, F|
|poke|p2|Armarouge, L50, M|
|poke|p2|Klefki, L50, M|
|poke|p2|Dragonite, L50, F|
|poke|p2|Meowscarada, L50, M|
|poke|p2|Primarina, L50, M|
|teampreview|4
|showteam|p1|Politoed||SitrusBerry|Drizzle|WeatherBall,HelpingHand,MuddyWater,Protect|||M|||50|,,,,,Grass]Basculegion||ChoiceBand|SwiftSwim|LastRespects,WaveCrash,FlipTurn,Liquidation|||M|||50|,,,,,Water]Archaludon||AssaultVest|Stamina|BodyPress,ElectroShot,DragonPulse,FlashCannon|||M|||50|,,,,,Fairy]Salamence||LifeOrb|Intimidate|DracoMeteor,Tailwind,Hurricane,Protect|||F|||50|,,,,,Steel]Mienshao||FocusSash|InnerFocus|FakeOut,WideGuard,KnockOff,CloseCombat|||M|||50|,,,,,Fighting]Electrode-Hisui||LoadedDice|Aftermath|RainDance,BulletSeed,Electroweb,Taunt||||||50|,,,,,Electric
|showteam|p2|Indeedee-F||AbilityShield|PsychicSurge|TrickRoom,Trick,FollowMe,Psychic|||F|||50|,,,,,Fairy]Armarouge||TwistedSpoon|FlashFire|ExpandingForce,ArmorCannon,Protect,HeatWave|||M|||50|,,,,,Psychic]Klefki||LightClay|Prankster|Reflect,LightScreen,TrickRoom,FoulPlay|||M|||50|,,,,,Water]Dragonite||LoadedDice|Multiscale|LowKick,ScaleShot,Protect,Haze|||F|||50|,,,,,Fairy]Meowscarada||FocusSash|Overgrow|FlowerTrick,GrassPledge,KnockOff,Protect|||M|||50|,,,,,Grass]Primarina||LifeOrb|LiquidVoice|WaterPledge,HyperVoice,Moonblast,Protect|||M|||50|,,,,,Poison
|inactive|Battle timer is ON: inactive players will automatically lose when time's up. (requested by TheEvanTran)
|
|t:|1756217469
|teamsize|p1|4
|teamsize|p2|4
|start
|switch|p1a: Politoed|Politoed, L50, M, shiny|100/100
|switch|p1b: Mienshao|Mienshao, L50, M|100/100
|switch|p2a: Meowscarada|Meowscarada, L50, M|100/100
|switch|p2b: Primarina|Primarina, L50, M|100/100
|-weather|RainDance|[from] ability: Drizzle|[of] p1a: Politoed
|turn|1
|
|t:|1756217490
|move|p2a: Meowscarada|Protect|p2a: Meowscarada
|-singleturn|p2a: Meowscarada|Protect
|move|p2b: Primarina|Protect|p2b: Primarina
|-singleturn|p2b: Primarina|Protect
|move|p1a: Politoed|Protect|p1a: Politoed
|-singleturn|p1a: Politoed|Protect
|move|p1b: Mienshao|Close Combat|p2a: Meowscarada
|-activate|p2a: Meowscarada|move: Protect
|
|-weather|RainDance|[upkeep]
|upkeep
|turn|2
|
|t:|1756217513
|switch|p2a: Indeedee|Indeedee-F, L50, F|100/100
|-fieldstart|move: Psychic Terrain|[from] ability: Psychic Surge|[of] p2a: Indeedee
|switch|p1a: Archaludon|Archaludon, L50, M|100/100
|move|p1b: Mienshao|Close Combat|p2a: Indeedee
|-damage|p2a: Indeedee|13/100
|-unboost|p1b: Mienshao|def|1
|-unboost|p1b: Mienshao|spd|1
|move|p2b: Primarina|Hyper Voice|p1a: Archaludon|[spread] p1a,p1b
|-resisted|p1a: Archaludon
|-damage|p1a: Archaludon|79/100
|-enditem|p1b: Mienshao|Focus Sash
|-damage|p1b: Mienshao|1/100
|-ability|p1a: Archaludon|Stamina|boost
|-boost|p1a: Archaludon|def|1
|-damage|p2b: Primarina|91/100|[from] item: Life Orb
|
|-weather|RainDance|[upkeep]
|upkeep
|turn|3
|inactive|swerve88 has 30 seconds left.
|inactive|TheEvanTran has 30 seconds left.
|
|t:|1756217544
|switch|p1a: Politoed|Politoed, L50, M, shiny|100/100
|-terastallize|p2b: Primarina|Poison
|move|p2a: Indeedee|Follow Me|p2a: Indeedee
|-singleturn|p2a: Indeedee|move: Follow Me
|move|p1b: Mienshao|Knock Off|p2a: Indeedee
|-supereffective|p2a: Indeedee
|-damage|p2a: Indeedee|0 fnt
|-enditem|p2a: Indeedee|Ability Shield|[from] move: Knock Off|[of] p1b: Mienshao
|faint|p2a: Indeedee
|move|p2b: Primarina|Moonblast|p1a: Politoed
|-damage|p1a: Politoed|42/100
|-enditem|p1a: Politoed|Sitrus Berry|[eat]
|-heal|p1a: Politoed|67/100|[from] item: Sitrus Berry
|-damage|p2b: Primarina|82/100|[from] item: Life Orb
|
|-weather|RainDance|[upkeep]
|upkeep
|
|t:|1756217559
|switch|p2a: Meowscarada|Meowscarada, L50, M|100/100
|turn|4
|inactive|swerve88 has 30 seconds left.
|
|t:|1756217593
|move|p1a: Politoed|Protect|p1a: Politoed
|-singleturn|p1a: Politoed|Protect
|move|p2a: Meowscarada|Grass Pledge|p1b: Mienshao
|-waiting|p2a: Meowscarada|p2b: Primarina
|move|p2b: Primarina|Water Pledge|p1b: Mienshao|[from] move: Grass Pledge
|-combine
|-damage|p1b: Mienshao|0 fnt
|-sidestart|p1: swerve88|Grass Pledge
|faint|p1b: Mienshao
|-damage|p2b: Primarina|72/100|[from] item: Life Orb
|
|-weather|RainDance|[upkeep]
|upkeep
|
|t:|1756217608
|switch|p1b: Archaludon|Archaludon, L50, M|79/100
|turn|5
|inactive|swerve88 has 30 seconds left.
|inactive|swerve88 has 20 seconds left.
|
|t:|1756217644
|move|p2a: Meowscarada|Knock Off|p1b: Archaludon
|-damage|p1b: Archaludon|44/100
|-ability|p1b: Archaludon|Stamina|boost
|-boost|p1b: Archaludon|def|1
|-enditem|p1b: Archaludon|Assault Vest|[from] move: Knock Off|[of] p2a: Meowscarada
|move|p2b: Primarina|Moonblast|p1b: Archaludon
|-damage|p1b: Archaludon|0 fnt
|faint|p1b: Archaludon
|-damage|p2b: Primarina|63/100|[from] item: Life Orb
|move|p1a: Politoed|Muddy Water|p2b: Primarina|[spread] p2a,p2b
|-resisted|p2a: Meowscarada
|-damage|p2a: Meowscarada|68/100
|-damage|p2b: Primarina|31/100
|
|-weather|none
|upkeep
|
|t:|1756217656
|switch|p1b: Basculegion|Basculegion, L50, M|100/100
|turn|6
|inactive|swerve88 has 30 seconds left.
|
|t:|1756217683
|move|p2b: Primarina|Protect|p2b: Primarina
|-singleturn|p2b: Primarina|Protect
|move|p2a: Meowscarada|Flower Trick|p1b: Basculegion
|-supereffective|p1b: Basculegion
|-crit|p1b: Basculegion
|-damage|p1b: Basculegion|0 fnt
|faint|p1b: Basculegion
|move|p1a: Politoed|Muddy Water|p2a: Meowscarada|[spread] p2a
|-activate|p2b: Primarina|move: Protect
|-resisted|p2a: Meowscarada
|-crit|p2a: Meowscarada
|-damage|p2a: Meowscarada|37/100
|
|-fieldend|move: Psychic Terrain
|upkeep
|turn|7
|
|t:|1756217699
|-terastallize|p1a: Politoed|Grass
|move|p2a: Meowscarada|Flower Trick|p1a: Politoed
|-resisted|p1a: Politoed
|-crit|p1a: Politoed
|-damage|p1a: Politoed|38/100
|move|p2b: Primarina|Moonblast|p1a: Politoed
|-damage|p1a: Politoed|0 fnt
|faint|p1a: Politoed
|-damage|p2b: Primarina|21/100|[from] item: Life Orb
|
|win|TheEvanTran
||swerve88 is ready for game 2.
