|j|☆mxnihil
|j|☆PaquitoelBollito
|html|mxnihilPaquitoelBollito    
|uhtml|bestof|Game 3 of a best-of-3
|t:|1786127305
|gametype|doubles
|player|p1|mxnihil|caitlin-masters|1129
|player|p2|PaquitoelBollito|102|1140
|gen|9
|tier|[Gen 9 Champions] VGC 2026 Reg M-B (Bo3)
|rated|
|rule|Species Clause: Limit one of each Pokémon
|rule|Item Clause: Limit 1 of each item
|clearpoke
|poke|p1|Primarina, L50, F|
|poke|p1|Scovillain, L50, F|
|poke|p1|Farigiraf, L50, F|
|poke|p1|Archaludon, L50, M|
|poke|p1|Espathra, L50, F|
|poke|p1|Sableye, L50, M|
|poke|p2|Froslass, L50, F|
|poke|p2|Scovillain, L50, F|
|poke|p2|Kingambit, L50, F|
|poke|p2|Sneasler, L50, M|
|poke|p2|Basculegion, L50, M|
|poke|p2|Lycanroc-Dusk, L50, M|
|teampreview|4
|showteam|p1|Primarina||MysticWater|LiquidVoice|HyperVoice,Moonblast,Protect,CalmMind|Modest||F|||50|]Scovillain||Scovillainite|Moody|RagePowder,GigaDrain,Overheat,Protect|Bold||F|||50|]Farigiraf||SitrusBerry|ArmorTail|RainDance,TrickRoom,Thunderbolt,Protect|Sassy||F|||50|]Archaludon||Leftovers|Stamina|ElectroShot,DragonPulse,FlashCannon,Protect|Modest||M|||50|]Espathra||MentalHerb|SpeedBoost|CalmMind,LuminaCrash,Protect,BatonPass|Timid||F|||50|]Sableye||RoseliBerry|Prankster|FakeOut,Reflect,RainDance,Encore|Careful||M|||50|
|showteam|p2|Froslass||Froslassite|CursedBody|Protect,Blizzard,AuroraVeil,ShadowBall|Modest||F|||50|]Scovillain||Scovillainite|Moody|Protect,Overheat,GigaDrain,RagePowder|Modest||F|||50|]Kingambit||BlackGlasses|Defiant|Protect,KowtowCleave,SwordsDance,SuckerPunch|Adamant||F|||50|]Sneasler||WhiteHerb|Unburden|FakeOut,GunkShot,CloseCombat,Protect|Adamant||M|||50|]Basculegion||SitrusBerry|Adaptability|Protect,LastRespects,WaveCrash,AquaJet|Adamant||M|||50|]Lycanroc-Dusk||FocusSash|ToughClaws|Protect,Accelerock,RockSlide,CloseCombat|Adamant||M|||50|
|inactive|Battle timer is ON: inactive players will automatically lose when time's up. (requested by PaquitoelBollito)
|inactive|PaquitoelBollito has 60 seconds left.
|
|t:|1786127361
|teamsize|p1|4
|teamsize|p2|4
|start
|switch|p1a: Scovillain|Scovillain, L50, F|100/100
|switch|p1b: Espathra|Espathra, L50, F|100/100
|switch|p2a: Scovillain|Scovillain, L50, F|100/100
|switch|p2b: Kingambit|Kingambit, L50, F|100/100
|turn|1
|
|t:|1786127377
|detailschange|p1a: Scovillain|Scovillain-Mega, L50, F
|-mega|p1a: Scovillain|Scovillain|Scovillainite
|detailschange|p2a: Scovillain|Scovillain-Mega, L50, F
|-mega|p2a: Scovillain|Scovillain|Scovillainite
|move|p2a: Scovillain|Rage Powder|p2a: Scovillain
|-singleturn|p2a: Scovillain|move: Rage Powder
|move|p1b: Espathra|Calm Mind|p1b: Espathra
|-boost|p1b: Espathra|spa|1
|-boost|p1b: Espathra|spd|1
|move|p1a: Scovillain|Overheat|p2b: Kingambit
|-supereffective|p2b: Kingambit|1
|-damage|p2b: Kingambit|0 fnt
|-unboost|p1a: Scovillain|spa|2
|faint|p2b: Kingambit
|
|-ability|p1b: Espathra|Speed Boost|boost
|-boost|p1b: Espathra|spe|1
|upkeep
|
|t:|1786127392
|switch|p2b: Sneasler|Sneasler, L50, M|100/100
|turn|2
|inactive|mxnihil has 30 seconds left.
|
|t:|1786127419
|move|p1b: Espathra|Protect|p1b: Espathra
|-singleturn|p1b: Espathra|Protect
|move|p1a: Scovillain|Protect|p1a: Scovillain
|-singleturn|p1a: Scovillain|Protect
|move|p2b: Sneasler|Gunk Shot|p1b: Espathra
|-activate|p1b: Espathra|move: Protect
|move|p2a: Scovillain|Overheat|p1a: Scovillain
|-activate|p1a: Scovillain|move: Protect
|
|-ability|p1b: Espathra|Speed Boost|boost
|-boost|p1b: Espathra|spe|1
|upkeep
|turn|3
|
|t:|1786127432
|move|p2b: Sneasler|Protect|p2b: Sneasler
|-singleturn|p2b: Sneasler|Protect
|move|p1a: Scovillain|Rage Powder|p1a: Scovillain
|-singleturn|p1a: Scovillain|move: Rage Powder
|move|p1b: Espathra|Lumina Crash|p2b: Sneasler
|-activate|p2b: Sneasler|move: Protect
|move|p2a: Scovillain|Overheat|p1a: Scovillain
|-damage|p1a: Scovillain|34/100
|-unboost|p2a: Scovillain|spa|2
|-immune|p2a: Scovillain
|
|-ability|p1b: Espathra|Speed Boost|boost
|-boost|p1b: Espathra|spe|1
|upkeep
|turn|4
|inactive|PaquitoelBollito has 30 seconds left.
|
|t:|1786127459
|move|p1a: Scovillain|Rage Powder|p1a: Scovillain
|-singleturn|p1a: Scovillain|move: Rage Powder
|move|p2a: Scovillain|Rage Powder|p2a: Scovillain
|-singleturn|p2a: Scovillain|move: Rage Powder
|move|p1b: Espathra|Lumina Crash|p2a: Scovillain
|-damage|p2a: Scovillain|60/100
|-unboost|p2a: Scovillain|spd|2
|-status|p1b: Espathra|brn|[from] ability: Spicy Spray|[of] p2a: Scovillain
|move|p2b: Sneasler|Gunk Shot|p1a: Scovillain|[miss]
|-miss|p2b: Sneasler|p1a: Scovillain
|
|-damage|p1b: Espathra|94/100 brn|[from] brn
|-ability|p1b: Espathra|Speed Boost|boost
|-boost|p1b: Espathra|spe|1
|upkeep
|turn|5
|
|t:|1786127475
|move|p2b: Sneasler|Protect|p2b: Sneasler
|-singleturn|p2b: Sneasler|Protect
|move|p1a: Scovillain|Rage Powder|p1a: Scovillain
|-singleturn|p1a: Scovillain|move: Rage Powder
|move|p1b: Espathra|Lumina Crash|p2a: Scovillain
|-damage|p2a: Scovillain|0 fnt
|faint|p2a: Scovillain
|
|-damage|p1b: Espathra|88/100 brn|[from] brn
|-ability|p1b: Espathra|Speed Boost|boost
|-boost|p1b: Espathra|spe|1
|upkeep
|
|t:|1786127481
|switch|p2a: Basculegion|Basculegion, L50, M|100/100
|turn|6
|
|t:|1786127491
|move|p1a: Scovillain|Rage Powder|p1a: Scovillain
|-singleturn|p1a: Scovillain|move: Rage Powder
|move|p1b: Espathra|Lumina Crash|p2b: Sneasler
|-supereffective|p2b: Sneasler|2
|-damage|p2b: Sneasler|0 fnt
|faint|p2b: Sneasler
|move|p2a: Basculegion|Last Respects|p1a: Scovillain
|-damage|p1a: Scovillain|0 fnt
|-status|p2a: Basculegion|brn|[from] ability: Spicy Spray|[of] p1a: Scovillain
|faint|p1a: Scovillain
|
|-damage|p1b: Espathra|82/100 brn|[from] brn
|-damage|p2a: Basculegion|93/100 brn|[from] brn
|-ability|p1b: Espathra|Speed Boost|boost
|-boost|p1b: Espathra|spe|1
|upkeep
|
|t:|1786127502
|switch|p1a: Primarina|Primarina, L50, F|100/100
|turn|7
|
|t:|1786127508
|move|p1b: Espathra|Lumina Crash|p2a: Basculegion
|-damage|p2a: Basculegion|45/100 brn
|-unboost|p2a: Basculegion|spd|2
|-enditem|p2a: Basculegion|Sitrus Berry|[eat]
|-heal|p2a: Basculegion|70/100 brn|[from] item: Sitrus Berry
|move|p2a: Basculegion|Last Respects|p1b: Espathra
|-supereffective|p1b: Espathra|1
|-damage|p1b: Espathra|0 fnt
|faint|p1b: Espathra
|move|p1a: Primarina|Moonblast|p2a: Basculegion
|-damage|p2a: Basculegion|0 fnt
|faint|p2a: Basculegion
|
|win|mxnihil
|raw|mxnihil's rating: 1129 → 1155(+26 for winning)
|raw|PaquitoelBollito's rating: 1140 → 1114(-26 for losing)
