|j|☆emmmmmmn
|j|☆9ND-hjx-火神事务所
|html|emmmmmmn9ND-hjx-火神事务所    
|uhtml|bestof|Game 1 of a best-of-3
|t:|1757914991
|gametype|doubles
|player|p1|emmmmmmn|iris-gen5bw2|
|player|p2|9ND-hjx-火神事务所|1|
|gen|9
|tier|[Gen 9] VGC 2025 Reg H (Bo3)
|rule|Species Clause: Limit one of each Pokémon
|rule|Item Clause: Limit 1 of each item
|clearpoke
|poke|p1|Umbreon, L50, F|
|poke|p1|Jolteon, L50, F|
|poke|p1|Espeon, L50, F|
|poke|p1|Sylveon, L50, F|
|poke|p1|Flareon, L50, F|
|poke|p1|Vaporeon, L50, M|
|poke|p2|Gholdengo, L50|
|poke|p2|Incineroar, L50, M|
|poke|p2|Annihilape, L50, F|
|poke|p2|Rillaboom, L50, M|
|poke|p2|Dragonite, L50, F|
|poke|p2|Ursaluna-Bloodmoon, L50, M|
|teampreview|4
|showteam|p1|Umbreon||Leftovers|InnerFocus|Moonlight,Protect,FoulPlay,Yawn|||F|||50|,,,,,Fairy]Jolteon||ChoiceSpecs|VoltAbsorb|VoltSwitch,TeraBlast,ShadowBall,Discharge|||F|||50|,,,,,Water]Espeon||LightClay|MagicBounce|Reflect,TrickRoom,LightScreen,ShadowBall|||F|||50|,,,,,Normal]Sylveon||FairyFeather|Pixilate|ShadowBall,CalmMind,DazzlingGleam,DrainingKiss|||F|||50|,,,,,Steel]Flareon||FocusSash|FlashFire|FlareBlitz,QuickAttack,Endeavor,FlameCharge|||F|||50|,,,,,Grass]Vaporeon||SafetyGoggles|WaterAbsorb|Haze,Scald,Wish,Protect|||M|||50|,,,,,Ground
|showteam|p2|Gholdengo||LifeOrb|GoodasGold|MakeItRain,ShadowBall,NastyPlot,Protect||||||50|,,,,,Water]Incineroar||SitrusBerry|Intimidate|FakeOut,KnockOff,FlareBlitz,PartingShot|||M|||50|,,,,,Ghost]Annihilape||SafetyGoggles|Defiant|RageFist,CloseCombat,Taunt,FinalGambit|||F|||50|,,,,,Water]Rillaboom||AssaultVest|GrassySurge|FakeOut,WoodHammer,GrassyGlide,HighHorsepower|||M|||50|,,,,,Fire]Dragonite||LoadedDice|Multiscale|ScaleShot,Haze,Tailwind,Protect|||F|||50|,,,,,Steel]Ursaluna-Bloodmoon||FocusSash|MindsEye|BloodMoon,EarthPower,HyperVoice,Protect|||M|||50|,,,,,Normal
|
|t:|1757915050
|teamsize|p1|4
|teamsize|p2|4
|start
|switch|p1a: Espeon|Espeon, L50, F, shiny|100/100
|switch|p1b: Flareon|Flareon, L50, F, shiny|100/100
|switch|p2a: Dragonite|Dragonite, L50, F|100/100
|switch|p2b: Gholdengo|Gholdengo, L50|100/100
|turn|1
|
|t:|1757915079
|move|p2b: Gholdengo|Nasty Plot|p2b: Gholdengo
|-boost|p2b: Gholdengo|spa|2
|move|p2a: Dragonite|Tailwind|p2a: Dragonite
|-sidestart|p2: 9ND-hjx-火神事务所|move: Tailwind
|move|p1a: Espeon|Light Screen|p1a: Espeon
|-sidestart|p1: emmmmmmn|move: Light Screen
|move|p1b: Flareon|Flare Blitz|p2b: Gholdengo
|-supereffective|p2b: Gholdengo
|-damage|p2b: Gholdengo|0 fnt
|faint|p2b: Gholdengo
|-damage|p1b: Flareon|62/100|[from] Recoil
|
|upkeep
|
|t:|1757915086
|switch|p2b: Ursaluna|Ursaluna-Bloodmoon, L50, M|100/100
|turn|2
|
|t:|1757915104
|-terastallize|p2b: Ursaluna|Normal
|move|p2a: Dragonite|Scale Shot|p1a: Espeon
|-damage|p1a: Espeon|83/100
|-damage|p1a: Espeon|64/100
|-damage|p1a: Espeon|45/100
|-damage|p1a: Espeon|24/100
|-hitcount|p1a: Espeon|4
|-unboost|p2a: Dragonite|def|1
|-boost|p2a: Dragonite|spe|1
|move|p2b: Ursaluna|Hyper Voice|p1a: Espeon|[spread] p1a,p1b
|-damage|p1a: Espeon|0 fnt
|-damage|p1b: Flareon|23/100
|faint|p1a: Espeon
|move|p1b: Flareon|Flare Blitz|p2b: Ursaluna
|-damage|p2b: Ursaluna|45/100
|-damage|p1b: Flareon|0 fnt|[from] Recoil
|faint|p1b: Flareon
|
|upkeep
|
|t:|1757915118
|switch|p1a: Umbreon|Umbreon, L50, F, shiny|100/100
|switch|p1b: Sylveon|Sylveon, L50, F, shiny|100/100
|turn|3
|
|t:|1757915146
|-terastallize|p1a: Umbreon|Fairy
|move|p2a: Dragonite|Scale Shot|p1a: Umbreon
|-immune|p1a: Umbreon
|move|p2b: Ursaluna|Blood Moon|p1b: Sylveon
|-damage|p1b: Sylveon|51/100
|move|p1a: Umbreon|Yawn|p2a: Dragonite
|-start|p2a: Dragonite|move: Yawn|[of] p1a: Umbreon
|move|p1b: Sylveon|Dazzling Gleam|p2b: Ursaluna|[spread] p2a,p2b
|-supereffective|p2a: Dragonite
|-damage|p2a: Dragonite|66/100
|-damage|p2b: Ursaluna|0 fnt
|faint|p2b: Ursaluna
|
|upkeep
|
|t:|1757915186
|switch|p2b: Rillaboom|Rillaboom, L50, M|100/100
|-fieldstart|move: Grassy Terrain|[from] ability: Grassy Surge|[of] p2b: Rillaboom
|turn|4
|
|t:|1757915219
|move|p2a: Dragonite|Scale Shot|p1b: Sylveon
|-immune|p1b: Sylveon
|move|p2b: Rillaboom|Wood Hammer|p1a: Umbreon
|-damage|p1a: Umbreon|47/100
|-damage|p2b: Rillaboom|85/100|[from] Recoil
|move|p1a: Umbreon|Yawn|p2b: Rillaboom
|-start|p2b: Rillaboom|move: Yawn|[of] p1a: Umbreon
|move|p1b: Sylveon|Draining Kiss|p2a: Dragonite
|-supereffective|p2a: Dragonite
|-damage|p2a: Dragonite|0 fnt
|-heal|p1b: Sylveon|95/100|[from] drain|[of] p2a: Dragonite
|faint|p2a: Dragonite
|
|-heal|p2b: Rillaboom|90/100|[from] Grassy Terrain
|-heal|p1a: Umbreon|53/100|[from] Grassy Terrain
|-heal|p1a: Umbreon|59/100|[from] item: Leftovers
|-heal|p1b: Sylveon|100/100|[from] Grassy Terrain
|-sideend|p2: 9ND-hjx-火神事务所|move: Tailwind
|upkeep
|turn|5
|
|t:|1757915261
|move|p2b: Rillaboom|Wood Hammer|p1a: Umbreon
|-damage|p1a: Umbreon|3/100
|-damage|p2b: Rillaboom|74/100|[from] Recoil
|move|p1a: Umbreon|Moonlight|p1a: Umbreon
|-heal|p1a: Umbreon|53/100
|move|p1b: Sylveon|Dazzling Gleam|p2b: Rillaboom
|-damage|p2b: Rillaboom|34/100
|
|-heal|p2b: Rillaboom|40/100|[from] Grassy Terrain
|-heal|p1a: Umbreon|58/100|[from] Grassy Terrain
|-heal|p1a: Umbreon|64/100|[from] item: Leftovers
|-end|p2b: Rillaboom|move: Yawn|[silent]
|-status|p2b: Rillaboom|slp
|upkeep
|turn|6
|
|t:|1757915299
|cant|p2b: Rillaboom|slp
|move|p1a: Umbreon|Foul Play|p2b: Rillaboom
|-damage|p2b: Rillaboom|0 fnt
|faint|p2b: Rillaboom
|
|win|emmmmmmn
|l|☆emmmmmmn
|player|p1|
|j|☆emmmmmmn
|player|p1|emmmmmmn|iris-gen5bw2|
|l|☆emmmmmmn
|player|p1|
|j|☆emmmmmmn
|player|p1|emmmmmmn|iris-gen5bw2|
|l|☆emmmmmmn
|player|p1|
|j|☆emmmmmmn
|player|p1|emmmmmmn|iris-gen5bw2|
|l|☆emmmmmmn
|player|p1|
|l|☆9ND-hjx-火神事务所
|player|p2|
|j|☆emmmmmmn
|player|p1|emmmmmmn|iris-gen5bw2|
|l|☆emmmmmmn
|player|p1|
|j|☆emmmmmmn
|player|p1|emmmmmmn|iris-gen5bw2|
