|j|☆tipolucha
|j|☆raksbach
|html|tipolucharaksbach    
|uhtml|bestof|Game 3 of a best-of-3
|t:|1783417823
|gametype|doubles
|player|p1|tipolucha|101|1118
|player|p2|raksbach|265|1198
|gen|9
|tier|[Gen 9 Champions] VGC 2026 Reg M-B (Bo3)
|rated|
|rule|Species Clause: Limit one of each Pokémon
|rule|Item Clause: Limit 1 of each item
|clearpoke
|poke|p1|Whimsicott, L50, F|
|poke|p1|Froslass, L50, F|
|poke|p1|Pelipper, L50, F|
|poke|p1|Incineroar, L50, F|
|poke|p1|Milotic, L50, F|
|poke|p1|Sneasler, L50, F|
|poke|p2|Incineroar, L50, M|
|poke|p2|Maushold, L50|
|poke|p2|Sinistcha, L50|
|poke|p2|Sneasler, L50, F|
|poke|p2|Blastoise, L50, M|
|poke|p2|Delphox, L50, F|
|teampreview|4
|showteam|p1|Whimsicott||FocusSash|Prankster|Tailwind,Encore,Moonblast,FakeTears|Timid||F|||50|]Froslass||Froslassite|SnowCloak|Blizzard,AuroraVeil,ShadowBall,Protect|Timid||F|||50|]Pelipper||SitrusBerry|Drizzle|WideGuard,Protect,WeatherBall,Hurricane|Relaxed||F|||50|]Incineroar||LifeOrb|Blaze|PartingShot,FakeOut,FlareBlitz,DarkestLariat|Adamant||F|||50|]Milotic||MysticWater|Competitive|AlluringVoice,Scald,IcyWind,Protect|Modest||F|||50|]Sneasler||WhiteHerb|Unburden|RockSlide,FakeOut,CloseCombat,DireClaw|Adamant||F|||50|
|showteam|p2|Incineroar||SitrusBerry|Intimidate|FakeOut,FlareBlitz,DarkestLariat,PartingShot|Impish||M|||50|]Maushold||ChopleBerry|FriendGuard|SuperFang,FollowMe,Protect,Feint|Impish|||||50|]Sinistcha||OccaBerry|Hospitality|MatchaGotcha,LifeDew,RagePowder,Protect|Bold|||||50|]Sneasler||FocusSash|PoisonTouch|FakeOut,CloseCombat,DireClaw,QuickGuard|Jolly||F|||50|]Blastoise||Blastoisinite|Torrent|WaterSpout,DarkPulse,ShellSmash,Protect|Modest||M|||50|]Delphox||Delphoxite|Blaze|HeatWave,Psychic,NastyPlot,Protect|Timid||F|||50|
|inactive|Battle timer is ON: inactive players will automatically lose when time's up. (requested by raksbach)
|inactive|tipolucha has 60 seconds left.
|inactive|raksbach has 60 seconds left.
|
|t:|1783417884
|teamsize|p1|4
|teamsize|p2|4
|start
|switch|p1a: Froslass|Froslass, L50, F|100/100
|switch|p1b: Whimsicott|Whimsicott, L50, F|100/100
|switch|p2a: Sneasler|Sneasler, L50, F|100/100
|switch|p2b: Delphox|Delphox, L50, F|100/100
|turn|1
|inactive|raksbach has 30 seconds left.
|inactive|raksbach has 20 seconds left.
|inactive|raksbach has 15 seconds left.
|inactive|raksbach has 10 seconds left.
|inactive|raksbach has 5 seconds left.
|
|t:|1783417939
|switch|p1b: Pelipper|Pelipper, L50, F|100/100
|-weather|RainDance|[from] ability: Drizzle|[of] p1b: Pelipper
|detailschange|p2b: Delphox|Delphox-Mega, L50, F
|-mega|p2b: Delphox|Delphox|Delphoxite
|move|p2b: Delphox|Protect|p2b: Delphox
|-singleturn|p2b: Delphox|Protect
|move|p1a: Froslass|Protect|p1a: Froslass
|-singleturn|p1a: Froslass|Protect
|move|p2a: Sneasler|Dire Claw|p1b: Pelipper
|-crit|p1b: Pelipper
|-damage|p1b: Pelipper|51/100
|
|-weather|RainDance|[upkeep]
|upkeep
|turn|2
|
|t:|1783417960
|switch|p2b: Maushold|Maushold, L50|100/100
|detailschange|p1a: Froslass|Froslass-Mega, L50, F
|-mega|p1a: Froslass|Froslass|Froslassite
|-weather|Snowscape|[from] ability: Snow Warning|[of] p1a: Froslass
|move|p2a: Sneasler|Dire Claw|p1b: Pelipper
|-damage|p1b: Pelipper|17/100
|-enditem|p1b: Pelipper|Sitrus Berry|[eat]
|-heal|p1b: Pelipper|41/100|[from] item: Sitrus Berry
|move|p1a: Froslass|Shadow Ball|p2b: Maushold
|-immune|p2b: Maushold
|move|p1b: Pelipper|Hurricane|p2a: Sneasler
|-supereffective|p2a: Sneasler|1
|-damage|p2a: Sneasler|26/100
|
|-weather|Snowscape|[upkeep]
|upkeep
|turn|3
|inactive|raksbach has 30 seconds left.
|
|t:|1783417989
|move|p2b: Maushold|Protect|p2b: Maushold
|-singleturn|p2b: Maushold|Protect
|move|p1a: Froslass|Blizzard|p2a: Sneasler|[spread] p2a
|-activate|p2b: Maushold|move: Protect
|-damage|p2a: Sneasler|0 fnt
|faint|p2a: Sneasler
|move|p1b: Pelipper|Weather Ball|p2b: Maushold
|-activate|p2b: Maushold|move: Protect
|
|-weather|Snowscape|[upkeep]
|upkeep
|
|t:|1783417997
|switch|p2a: Delphox|Delphox-Mega, L50, F|100/100
|turn|4
|
|t:|1783418014
|move|p1b: Pelipper|Wide Guard|p1b: Pelipper
|-singleturn|p1b: Pelipper|Wide Guard
|move|p2b: Maushold|Follow Me|p2b: Maushold
|-singleturn|p2b: Maushold|move: Follow Me
|move|p2a: Delphox|Nasty Plot|p2a: Delphox
|-boost|p2a: Delphox|spa|2
|move|p1a: Froslass|Blizzard|p2a: Delphox|[spread] p2a,p2b
|-resisted|p2a: Delphox|1
|-damage|p2a: Delphox|84/100
|-damage|p2b: Maushold|48/100
|
|-weather|Snowscape|[upkeep]
|upkeep
|turn|5
|
|t:|1783418032
|move|p1b: Pelipper|Wide Guard|p1b: Pelipper
|-singleturn|p1b: Pelipper|Wide Guard
|move|p2b: Maushold|Follow Me|p2b: Maushold
|-singleturn|p2b: Maushold|move: Follow Me
|move|p2a: Delphox|Psychic|p1a: Froslass
|-crit|p1a: Froslass
|-damage|p1a: Froslass|0 fnt
|faint|p1a: Froslass
|
|-weather|Snowscape|[upkeep]
|upkeep
|
|t:|1783418043
|switch|p1a: Whimsicott|Whimsicott, L50, F|100/100
|turn|6
|
|t:|1783418055
|move|p2b: Maushold|Follow Me|p2b: Maushold
|-singleturn|p2b: Maushold|move: Follow Me
|move|p1a: Whimsicott|Tailwind|p1a: Whimsicott
|-sidestart|p1: tipolucha|move: Tailwind
|move|p2a: Delphox|Psychic|p1b: Pelipper
|-damage|p1b: Pelipper|0 fnt
|faint|p1b: Pelipper
|
|-weather|none
|upkeep
|
|t:|1783418060
|switch|p1b: Milotic|Milotic, L50, F|100/100
|turn|7
|
|t:|1783418073
|move|p2b: Maushold|Follow Me|p2b: Maushold
|-singleturn|p2b: Maushold|move: Follow Me
|move|p1a: Whimsicott|Fake Tears|p2b: Maushold
|-unboost|p2b: Maushold|spd|2
|move|p1b: Milotic|Icy Wind|p2b: Maushold|[spread] p2b
|-miss|p1b: Milotic|p2a: Delphox
|-damage|p2b: Maushold|18/100
|-unboost|p2b: Maushold|spe|1
|move|p2a: Delphox|Psychic|p1b: Milotic
|-damage|p1b: Milotic|22/100
|
|upkeep
|turn|8
|
|t:|1783418088
|move|p2b: Maushold|Follow Me|p2b: Maushold
|-singleturn|p2b: Maushold|move: Follow Me
|move|p1a: Whimsicott|Moonblast|p2b: Maushold
|-damage|p2b: Maushold|0 fnt
|faint|p2b: Maushold
|move|p1b: Milotic|Scald|p2a: Delphox
|-supereffective|p2a: Delphox|1
|-crit|p2a: Delphox
|-damage|p2a: Delphox|0 fnt
|faint|p2a: Delphox
|
|upkeep
|c|☆raksbach|critico seriously xd
|
|t:|1783418112
|switch|p2b: Sinistcha|Sinistcha, L50|100/100
|turn|9
|c|☆tipolucha|llevas 3 por fin me sale uno
|
|t:|1783418121
|move|p1a: Whimsicott|Fake Tears|p2b: Sinistcha
|-unboost|p2b: Sinistcha|spd|2
|move|p1b: Milotic|Icy Wind|p2b: Sinistcha
|-supereffective|p2b: Sinistcha|1
|-damage|p2b: Sinistcha|37/100
|-unboost|p2b: Sinistcha|spe|1
|move|p2b: Sinistcha|Matcha Gotcha|p1b: Milotic|[spread] p1a,p1b
|-resisted|p1a: Whimsicott|1
|-supereffective|p1b: Milotic|1
|-damage|p1a: Whimsicott|78/100
|-heal|p2b: Sinistcha|45/100|[from] drain|[of] p1a: Whimsicott
|-damage|p1b: Milotic|0 fnt
|-heal|p2b: Sinistcha|58/100|[from] drain|[of] p1b: Milotic
|faint|p1b: Milotic
|
|-sideend|p1: tipolucha|move: Tailwind
|upkeep
|turn|10
|c|☆raksbach|ninguno de los que te hice yo eran relevantes xd
|
|t:|1783418140
|move|p1a: Whimsicott|Moonblast|p2b: Sinistcha
|-crit|p2b: Sinistcha
|-damage|p2b: Sinistcha|0 fnt
|faint|p2b: Sinistcha
|
|win|tipolucha
|raw|tipolucha's rating: 1118 → 1149(+31 for winning)
|raw|raksbach's rating: 1198 → 1167(-31 for losing)
