|j|☆myki meeks
|j|☆Olciax34
|html|myki meeksOlciax34    
|uhtml|bestof|Game 1 of a best-of-3
|t:|1784748636
|gametype|doubles
|player|p1|myki meeks|liza|1312
|player|p2|Olciax34|clair|1313
|gen|9
|tier|[Gen 9 Champions] VGC 2026 Reg M-B (Bo3)
|rated|
|rule|Species Clause: Limit one of each Pokémon
|rule|Item Clause: Limit 1 of each item
|clearpoke
|poke|p1|Staraptor, L50, M|
|poke|p1|Delphox, L50, M|
|poke|p1|Sinistcha, L50|
|poke|p1|Kingambit, L50, M|
|poke|p1|Garchomp, L50, M|
|poke|p1|Sneasler, L50, F|
|poke|p2|Charizard, L50, M|
|poke|p2|Whimsicott, L50, F|
|poke|p2|Garchomp, L50, F|
|poke|p2|Basculegion, L50, M|
|poke|p2|Floette-Eternal, L50, F|
|poke|p2|Kingambit, L50, M|
|teampreview|4
|showteam|p1|Staraptor||Staraptite|Intimidate|CloseCombat,BraveBird,Roost,Whirlwind|Careful||M|||50|]Delphox||Delphoxite|Blaze|HeatWave,Psychic,NastyPlot,Protect|Timid||M|||50|]Sinistcha||SitrusBerry|Hospitality|MatchaGotcha,Protect,LifeDew,RagePowder|Bold|||||50|]Kingambit||BlackGlasses|Defiant|KowtowCleave,SuckerPunch,SwordsDance,Protect|Adamant||M|||50|]Garchomp||Leftovers|RoughSkin|Earthquake,DragonClaw,RockSlide,Protect|Jolly||M|||50|]Sneasler||FocusSash|PoisonTouch|FakeOut,PoisonJab,CloseCombat,Protect|Jolly||F|||50|
|showteam|p2|Charizard||CharizarditeY|SolarPower|HeatWave,WeatherBall,SolarBeam,Protect|Modest||M|||50|]Whimsicott||FocusSash|Prankster|Moonblast,Tailwind,Encore,Protect|Timid||F|||50|]Garchomp||LifeOrb|RoughSkin|Earthquake,DragonClaw,RockSlide,Protect|Jolly||F|||50|]Basculegion||ChoiceScarf|Adaptability|WaveCrash,FlipTurn,LastRespects,AquaJet|Jolly||M|||50|]Floette-Eternal||Floettite|FlowerVeil|DrainingKiss,Moonblast,CalmMind,Protect|Modest||F|||50|]Kingambit||ChopleBerry|Defiant|KowtowCleave,SuckerPunch,IronHead,LowKick|Adamant||M|||50|
|inactive|Battle timer is ON: inactive players will automatically lose when time's up. (requested by Olciax34)
|inactive|Olciax34 has 60 seconds left.
|
|t:|1784748670
|teamsize|p1|4
|teamsize|p2|4
|start
|switch|p1a: Staraptor|Staraptor, L50, M|100/100
|switch|p1b: Sneasler|Sneasler, L50, F|100/100
|switch|p2a: Garchomp|Garchomp, L50, F|100/100
|switch|p2b: Basculegion|Basculegion, L50, M|100/100
|-ability|p1a: Staraptor|Intimidate|boost
|-unboost|p2a: Garchomp|atk|1
|-unboost|p2b: Basculegion|atk|1
|turn|1
|inactive|myki meeks has 30 seconds left.
|inactive|Olciax34 has 30 seconds left.
|inactive|myki meeks has 20 seconds left.
|
|t:|1784748706
|detailschange|p1a: Staraptor|Staraptor-Mega, L50, M
|-mega|p1a: Staraptor|Staraptor|Staraptite
|move|p2a: Garchomp|Protect|p2a: Garchomp
|-singleturn|p2a: Garchomp|Protect
|move|p2b: Basculegion|Flip Turn|p1b: Sneasler
|-damage|p1b: Sneasler|57/100
|
|t:|1784748718
|switch|p2b: Kingambit|Kingambit, L50, M|100/100|[from] Flip Turn
|move|p1b: Sneasler|Poison Jab|p2b: Kingambit
|-immune|p2b: Kingambit
|move|p1a: Staraptor|Close Combat|p2a: Garchomp
|-activate|p2a: Garchomp|move: Protect
|
|upkeep
|turn|2
|inactive|Olciax34 has 30 seconds left.
|inactive|Olciax34 has 20 seconds left.
|inactive|Olciax34 has 15 seconds left.
|inactive|Olciax34 has 10 seconds left.
|
|t:|1784748764
|move|p2b: Kingambit|Sucker Punch|p1b: Sneasler
|-resisted|p1b: Sneasler|1
|-damage|p1b: Sneasler|21/100
|move|p1b: Sneasler|Poison Jab|p2a: Garchomp
|-resisted|p2a: Garchomp|1
|-damage|p2a: Garchomp|77/100
|-status|p2a: Garchomp|psn
|-damage|p1b: Sneasler|9/100|[from] ability: Rough Skin|[of] p2a: Garchomp
|move|p2a: Garchomp|Dragon Claw|p1b: Sneasler
|-damage|p1b: Sneasler|0 fnt
|faint|p1b: Sneasler
|-damage|p2a: Garchomp|67/100 psn|[from] item: Life Orb
|move|p1a: Staraptor|Close Combat|p2a: Garchomp
|-damage|p2a: Garchomp|7/100 psn
|-boost|p1a: Staraptor|def|1
|-boost|p1a: Staraptor|spd|1
|-damage|p1a: Staraptor|87/100|[from] ability: Rough Skin|[of] p2a: Garchomp
|
|-damage|p2a: Garchomp|0 fnt|[from] psn
|faint|p2a: Garchomp
|upkeep
|
|t:|1784748786
|switch|p1b: Garchomp|Garchomp, L50, M|100/100
|switch|p2a: Charizard|Charizard, L50, M|100/100
|turn|3
|
|t:|1784748803
|move|p2a: Charizard|Protect|p2a: Charizard
|-singleturn|p2a: Charizard|Protect
|move|p1b: Garchomp|Rock Slide|p2b: Kingambit|[spread] p2b
|-activate|p2a: Charizard|move: Protect
|-resisted|p2b: Kingambit|1
|-damage|p2b: Kingambit|93/100
|move|p1a: Staraptor|Close Combat|p2b: Kingambit
|-supereffective|p2b: Kingambit|2
|-enditem|p2b: Kingambit|Chople Berry|[eat]
|-enditem|p2b: Kingambit|Chople Berry|[weaken]
|-damage|p2b: Kingambit|11/100
|-boost|p1a: Staraptor|def|1
|-boost|p1a: Staraptor|spd|1
|move|p2b: Kingambit|Kowtow Cleave|p1b: Garchomp
|-damage|p1b: Garchomp|53/100
|-damage|p2b: Kingambit|0 fnt|[from] ability: Rough Skin|[of] p1b: Garchomp
|faint|p2b: Kingambit
|
|-heal|p1b: Garchomp|59/100|[from] item: Leftovers
|upkeep
|
|t:|1784748820
|switch|p2b: Basculegion|Basculegion, L50, M|100/100
|turn|4
|
|t:|1784748826
|detailschange|p2a: Charizard|Charizard-Mega-Y, L50, M
|-mega|p2a: Charizard|Charizard|Charizardite Y
|-weather|SunnyDay|[from] ability: Drought|[of] p2a: Charizard
|move|p2b: Basculegion|Last Respects|p1b: Garchomp
|-damage|p1b: Garchomp|0 fnt
|faint|p1b: Garchomp
|move|p1a: Staraptor|Close Combat|p2a: Charizard
|-resisted|p2a: Charizard|1
|-damage|p2a: Charizard|65/100
|-boost|p1a: Staraptor|def|1
|-boost|p1a: Staraptor|spd|1
|move|p2a: Charizard|Weather Ball|p1a: Staraptor
|-damage|p1a: Staraptor|57/100
|
|-weather|SunnyDay|[upkeep]
|upkeep
|
|t:|1784748842
|switch|p1b: Sinistcha|Sinistcha, L50|100/100
|-heal|p1a: Staraptor|82/100|[from] ability: Hospitality|[of] p1b: Sinistcha
|turn|5
|
|t:|1784748858
|move|p1b: Sinistcha|Protect|p1b: Sinistcha
|-singleturn|p1b: Sinistcha|Protect
|move|p2b: Basculegion|Last Respects|p1b: Sinistcha
|-activate|p1b: Sinistcha|move: Protect
|move|p1a: Staraptor|Close Combat|p2a: Charizard
|-resisted|p2a: Charizard|1
|-damage|p2a: Charizard|28/100
|-boost|p1a: Staraptor|def|1
|-boost|p1a: Staraptor|spd|1
|move|p2a: Charizard|Weather Ball|p1a: Staraptor
|-damage|p1a: Staraptor|57/100
|
|-weather|SunnyDay|[upkeep]
|upkeep
|turn|6
|
|t:|1784748877
|move|p2b: Basculegion|Last Respects|p1b: Sinistcha
|-supereffective|p1b: Sinistcha|1
|-damage|p1b: Sinistcha|0 fnt
|faint|p1b: Sinistcha
|move|p1a: Staraptor|Roost|p1a: Staraptor
|-heal|p1a: Staraptor|100/100
|-singleturn|p1a: Staraptor|move: Roost
|move|p2a: Charizard|Weather Ball|p1a: Staraptor
|-damage|p1a: Staraptor|76/100
|
|-weather|SunnyDay|[upkeep]
|upkeep
|turn|7
|
|t:|1784748889
|move|p2b: Basculegion|Last Respects|p1a: Staraptor
|-damage|p1a: Staraptor|44/100
|move|p1a: Staraptor|Close Combat|p2a: Charizard
|-resisted|p2a: Charizard|1
|-damage|p2a: Charizard|0 fnt
|-boost|p1a: Staraptor|def|1
|-boost|p1a: Staraptor|spd|1
|faint|p2a: Charizard
|
|-weather|SunnyDay|[upkeep]
|upkeep
|turn|8
|
|t:|1784748899
|move|p2b: Basculegion|Last Respects|p1a: Staraptor
|-damage|p1a: Staraptor|10/100
|move|p1a: Staraptor|Roost|p1a: Staraptor
|-heal|p1a: Staraptor|61/100
|-singleturn|p1a: Staraptor|move: Roost
|
|-weather|none
|upkeep
|turn|9
|
|t:|1784748906
|move|p2b: Basculegion|Last Respects|p1a: Staraptor
|-damage|p1a: Staraptor|25/100
|move|p1a: Staraptor|Roost|p1a: Staraptor
|-heal|p1a: Staraptor|75/100
|-singleturn|p1a: Staraptor|move: Roost
|
|upkeep
|turn|10
|
|t:|1784748917
|move|p2b: Basculegion|Last Respects|p1a: Staraptor
|-damage|p1a: Staraptor|37/100
|move|p1a: Staraptor|Roost|p1a: Staraptor
|-heal|p1a: Staraptor|87/100
|-singleturn|p1a: Staraptor|move: Roost
|
|upkeep
|turn|11
|
|t:|1784748925
|move|p2b: Basculegion|Last Respects|p1a: Staraptor
|-damage|p1a: Staraptor|53/100
|move|p1a: Staraptor|Roost|p1a: Staraptor
|-heal|p1a: Staraptor|100/100
|-singleturn|p1a: Staraptor|move: Roost
|
|upkeep
|turn|12
|c|☆Olciax34|yikes
|
|t:|1784748949
|move|p2b: Basculegion|Last Respects|p1a: Staraptor
|-damage|p1a: Staraptor|67/100
|move|p1a: Staraptor|Brave Bird|p2b: Basculegion
|-damage|p2b: Basculegion|29/100
|-damage|p1a: Staraptor|42/100|[from] Recoil
|
|upkeep
|turn|13
|c|☆myki meeks|what?
|
|t:|1784748962
|move|p2b: Basculegion|Last Respects|p1a: Staraptor
|-damage|p1a: Staraptor|9/100
|move|p1a: Staraptor|Brave Bird|p2b: Basculegion
|-damage|p2b: Basculegion|0 fnt
|faint|p2b: Basculegion
|-damage|p1a: Staraptor|0 fnt|[from] Recoil
|faint|p1a: Staraptor
|
|win|myki meeks
