|j|☆liamj vgc!
|j|☆LynnLynnLynn
|html|liamj vgc!LynnLynnLynn    
|uhtml|bestof|Game 1 of a best-of-3
|t:|1783711851
|gametype|doubles
|player|p1|liamj vgc!|leon-tower|1261
|player|p2|LynnLynnLynn|iris-gen5bw2|1216
|gen|9
|tier|[Gen 9 Champions] VGC 2026 Reg M-B (Bo3)
|rated|
|rule|Species Clause: Limit one of each Pokémon
|rule|Item Clause: Limit 1 of each item
|clearpoke
|poke|p1|Venusaur, L50, F|
|poke|p1|Grimmsnarl, L50, M, shiny|
|poke|p1|Rotom-Wash, L50|
|poke|p1|Ceruledge, L50, F|
|poke|p1|Blastoise, L50, M|
|poke|p1|Farigiraf, L50, M|
|poke|p2|Mawile, L50, F, shiny|
|poke|p2|Charizard, L50, F|
|poke|p2|Farigiraf, L50, M|
|poke|p2|Aerodactyl, L50, M|
|poke|p2|Garchomp, L50, F|
|poke|p2|Sylveon, L50, F|
|teampreview|4
|showteam|p1|Venusaur||Venusaurite|Overgrow|GigaDrain,SludgeBomb,EarthPower,Protect|Modest||F|||50|]Grimmsnarl||LightClay|Prankster|FakeOut,LightScreen,Reflect,PartingShot|Impish||M|||50|]Rotom-Wash||SitrusBerry|Levitate|Thunderbolt,VoltSwitch,WillOWisp,Protect|Modest|||||50|]Ceruledge||ColburBerry|FlashFire|BitterBlade,ShadowSneak,BulkUp,Protect|Jolly||F|||50|]Blastoise||Blastoisinite|Torrent|WaterSpout,DarkPulse,FakeOut,Protect|Modest||M|||50|]Farigiraf||MentalHerb|ArmorTail|TrickRoom,HelpingHand,TwinBeam,RainDance|Bold||M|||50|
|showteam|p2|Mawile||Mawilite|HyperCutter|SuckerPunch,PlayRough,IronHead,Protect|Adamant||F|||50|]Charizard||CharizarditeY|Blaze|HeatWave,SolarBeam,WeatherBall,Protect|Modest||F|||50|]Farigiraf||SitrusBerry|ArmorTail|HyperVoice,Thunderbolt,TrickRoom,Protect|Quiet||M|||50|]Aerodactyl||FocusSash|Unnerve|Tailwind,RockSlide,DualWingbeat,WideGuard|Jolly||M|||50|]Garchomp||LifeOrb|RoughSkin|RockSlide,StompingTantrum,DragonClaw,Protect|Jolly||F|||50|]Sylveon||FairyFeather|Pixilate|HyperVoice,QuickAttack,Yawn,Protect|Modest||F|||50|
|inactive|Battle timer is ON: inactive players will automatically lose when time's up. (requested by liamj vgc!)
|inactive|LynnLynnLynn has 60 seconds left.
|
|t:|1783711908
|teamsize|p1|4
|teamsize|p2|4
|start
|switch|p1a: Farigiraf|Farigiraf, L50, M|100/100
|switch|p1b: Blastoise|Blastoise, L50, M|100/100
|switch|p2a: Charizard|Charizard, L50, F|100/100
|switch|p2b: Garchomp|Garchomp, L50, F|100/100
|turn|1
|j| ssuausasj
|
|t:|1783711931
|switch|p2b: Farigiraf|Farigiraf, L50, M|100/100
|detailschange|p2a: Charizard|Charizard-Mega-Y, L50, F
|-mega|p2a: Charizard|Charizard|Charizardite Y
|-weather|SunnyDay|[from] ability: Drought|[of] p2a: Charizard
|detailschange|p1b: Blastoise|Blastoise-Mega, L50, M
|-mega|p1b: Blastoise|Blastoise|Blastoisinite
|move|p1b: Blastoise|Fake Out||[still]
|cant|p2b: Farigiraf|ability: Armor Tail|Fake Out|[of] p1b: Blastoise
|move|p2a: Charizard|Solar Beam||[still]
|-prepare|p2a: Charizard|Solar Beam
|-anim|p2a: Charizard|Solar Beam|p1b: Blastoise
|-supereffective|p1b: Blastoise|1
|-damage|p1b: Blastoise|24/100
|move|p1a: Farigiraf|Trick Room|p1a: Farigiraf
|-fieldstart|move: Trick Room|[of] p1a: Farigiraf
|
|-weather|SunnyDay|[upkeep]
|upkeep
|turn|2
|j| TheOneAndOnlyChat
|inactive|LynnLynnLynn has 30 seconds left.
|inactive|LynnLynnLynn has 20 seconds left.
|
|t:|1783711970
|move|p2a: Charizard|Protect|p2a: Charizard
|-singleturn|p2a: Charizard|Protect
|move|p2b: Farigiraf|Thunderbolt|p1b: Blastoise
|-supereffective|p1b: Blastoise|1
|-damage|p1b: Blastoise|0 fnt
|faint|p1b: Blastoise
|move|p1a: Farigiraf|Rain Dance|p1a: Farigiraf
|-weather|RainDance
|
|-weather|RainDance|[upkeep]
|upkeep
|
|t:|1783711989
|switch|p1b: Rotom|Rotom-Wash, L50|100/100
|turn|3
|
|t:|1783712001
|switch|p2a: Garchomp|Garchomp, L50, F|100/100
|move|p1a: Farigiraf|Helping Hand|p1b: Rotom
|-singleturn|p1b: Rotom|Helping Hand|[of] p1a: Farigiraf
|move|p1b: Rotom|Volt Switch|p2a: Garchomp
|-immune|p2a: Garchomp
|move|p2b: Farigiraf|Trick Room|p2b: Farigiraf
|-fieldend|move: Trick Room
|
|-weather|RainDance|[upkeep]
|upkeep
|turn|4
|inactive|liamj vgc! has 30 seconds left.
|inactive|liamj vgc! has 20 seconds left.
|inactive|liamj vgc! has 15 seconds left.
|inactive|liamj vgc! has 10 seconds left.
|
|t:|1783712047
|move|p2a: Garchomp|Rock Slide|p1b: Rotom|[spread] p1a,p1b
|-crit|p1b: Rotom
|-damage|p1a: Farigiraf|81/100
|-damage|p1b: Rotom|59/100
|-damage|p2a: Garchomp|90/100|[from] item: Life Orb
|move|p1b: Rotom|Volt Switch|p2b: Farigiraf
|-damage|p2b: Farigiraf|70/100
|
|t:|1783712050
|switch|p1b: Ceruledge|Ceruledge, L50, F|100/100|[from] Volt Switch
|cant|p1a: Farigiraf|flinch
|move|p2b: Farigiraf|Hyper Voice|p1b: Ceruledge|[spread] p1a
|-immune|p1b: Ceruledge
|-damage|p1a: Farigiraf|54/100
|
|-weather|RainDance|[upkeep]
|upkeep
|turn|5
|
|t:|1783712066
|switch|p2b: Charizard|Charizard-Mega-Y, L50, F|100/100
|-weather|SunnyDay|[from] ability: Drought|[of] p2b: Charizard
|move|p2a: Garchomp|Rock Slide|p1b: Ceruledge|[spread] p1a,p1b
|-supereffective|p1b: Ceruledge|1
|-damage|p1a: Farigiraf|36/100
|-damage|p1b: Ceruledge|29/100
|-damage|p2a: Garchomp|80/100|[from] item: Life Orb
|move|p1b: Ceruledge|Bulk Up|p1b: Ceruledge
|-boost|p1b: Ceruledge|atk|1
|-boost|p1b: Ceruledge|def|1
|move|p1a: Farigiraf|Twin Beam|p2a: Garchomp
|-damage|p2a: Garchomp|63/100
|-crit|p2a: Garchomp
|-damage|p2a: Garchomp|36/100
|-hitcount|p2a: Garchomp|2
|
|-weather|SunnyDay|[upkeep]
|upkeep
|turn|6
|inactive|LynnLynnLynn has 30 seconds left.
|
|t:|1783712093
|move|p1b: Ceruledge|Shadow Sneak|p2a: Garchomp
|-damage|p2a: Garchomp|4/100
|-damage|p1b: Ceruledge|17/100|[from] ability: Rough Skin|[of] p2a: Garchomp
|move|p2a: Garchomp|Rock Slide|p1b: Ceruledge|[spread] p1b
|-miss|p2a: Garchomp|p1a: Farigiraf
|-supereffective|p1b: Ceruledge|1
|-damage|p1b: Ceruledge|0 fnt
|faint|p1b: Ceruledge
|-damage|p2a: Garchomp|0 fnt|[from] item: Life Orb
|faint|p2a: Garchomp
|move|p2b: Charizard|Weather Ball|p1a: Farigiraf
|-damage|p1a: Farigiraf|0 fnt
|faint|p1a: Farigiraf
|
|-weather|SunnyDay|[upkeep]
|upkeep
|
|t:|1783712114
|switch|p2a: Aerodactyl|Aerodactyl, L50, M|100/100
|switch|p1b: Rotom|Rotom-Wash, L50|59/100
|-ability|p2a: Aerodactyl|Unnerve
|turn|7
|
|t:|1783712122
|move|p2a: Aerodactyl|Tailwind|p2a: Aerodactyl
|-sidestart|p2: LynnLynnLynn|move: Tailwind
|move|p2b: Charizard|Solar Beam||[still]
|-prepare|p2b: Charizard|Solar Beam
|-anim|p2b: Charizard|Solar Beam|p1b: Rotom
|-supereffective|p1b: Rotom|1
|-damage|p1b: Rotom|0 fnt
|faint|p1b: Rotom
|
|win|LynnLynnLynn
||LynnLynnLynn is ready for game 2.
||liamj vgc! is ready for game 2.
|uhtml|next|Next: Game 2 of 3
|l| ssuausasj
|l|☆LynnLynnLynn
|player|p2|
|l|☆liamj vgc!
|player|p1|
|l| TheOneAndOnlyChat
|j|☆liamj vgc!
|player|p1|liamj vgc!|leon-tower|
