|j|☆TestingB4SpendVP
|j|☆jeanryupr
|html|TestingB4SpendVPjeanryupr    
|uhtml|bestof|Game 2 of a best-of-3
|t:|1785771080
|gametype|doubles
|player|p1|TestingB4SpendVP|rainbowrocketgrunt|1236
|player|p2|jeanryupr|170|1264
|gen|9
|tier|[Gen 9 Champions] VGC 2026 Reg M-B (Bo3)
|rated|
|rule|Species Clause: Limit one of each Pokémon
|rule|Item Clause: Limit 1 of each item
|clearpoke
|poke|p1|Scolipede, L50, M|
|poke|p1|Raichu, L50, M|
|poke|p1|Sinistcha, L50|
|poke|p1|Weavile, L50, M|
|poke|p1|Ceruledge, L50, F|
|poke|p1|Milotic, L50, F|
|poke|p2|Raichu, L50, M|
|poke|p2|Aerodactyl, L50, M|
|poke|p2|Floette-Eternal, L50, F|
|poke|p2|Kingambit, L50, M|
|poke|p2|Farigiraf, L50, F|
|poke|p2|Garchomp, L50, M|
|teampreview|4
|showteam|p1|Scolipede||Scolipite|SpeedBoost|LeechLife,PoisonJab,SwordsDance,Protect|Jolly||M|||50|]Raichu||RaichuniteY|LightningRod|ZapCannon,FocusBlast,Protect,FakeOut|Timid||M|||50|]Sinistcha||KasibBerry|Hospitality|MatchaGotcha,LifeDew,Protect,RagePowder|Relaxed|||||50|]Weavile||FocusSash|Pickpocket|KnockOff,TripleAxel,LowKick,FakeOut|Jolly||M|||50|]Ceruledge||ColburBerry|FlashFire|BitterBlade,ShadowSneak,Protect,BulkUp|Adamant||F|||50|]Milotic||Leftovers|Competitive|MuddyWater,Coil,Protect,Hypnosis|Calm||F|||50|
|showteam|p2|Raichu||RaichuniteY|LightningRod|ZapCannon,FocusBlast,FakeOut,Protect|Timid||M|||50|]Aerodactyl||FocusSash|Unnerve|WideGuard,DualWingbeat,RockSlide,Tailwind|Jolly||M|||50|]Floette-Eternal||Floettite|FlowerVeil|CalmMind,DazzlingGleam,DrainingKiss,Protect|Timid||F|||50|]Kingambit||BlackGlasses|Defiant|KowtowCleave,Protect,SuckerPunch,IronHead|Adamant||M|||50|]Farigiraf||SitrusBerry|ArmorTail|TrickRoom,HelpingHand,Thunderbolt,Psychic|Bold||F|||50|]Garchomp||LifeOrb|RoughSkin|Protect,Earthquake,DragonClaw,RockSlide|Jolly||M|||50|
|inactive|Battle timer is ON: inactive players will automatically lose when time's up. (requested by TestingB4SpendVP)
|inactive|jeanryupr has 60 seconds left.
|
|t:|1785771137
|teamsize|p1|4
|teamsize|p2|4
|start
|switch|p1a: Weavile|Weavile, L50, M|100/100
|switch|p1b: Scolipede|Scolipede, L50, M|100/100
|switch|p2a: Garchomp|Garchomp, L50, M|100/100
|switch|p2b: Kingambit|Kingambit, L50, M|100/100
|turn|1
|
|t:|1785771149
|switch|p2b: Farigiraf|Farigiraf, L50, F|100/100
|move|p1a: Weavile|Triple Axel|p2a: Garchomp
|-supereffective|p2a: Garchomp|2
|-damage|p2a: Garchomp|54/100
|-damage|p1a: Weavile|87/100|[from] ability: Rough Skin|[of] p2a: Garchomp
|-supereffective|p2a: Garchomp|2
|-damage|p2a: Garchomp|0 fnt
|-damage|p1a: Weavile|75/100|[from] ability: Rough Skin|[of] p2a: Garchomp
|faint|p2a: Garchomp
|-hitcount|p2: Garchomp|2
|move|p1b: Scolipede|Swords Dance|p1b: Scolipede
|-boost|p1b: Scolipede|atk|2
|
|-ability|p1b: Scolipede|Speed Boost|boost
|-boost|p1b: Scolipede|spe|1
|upkeep
|
|t:|1785771155
|switch|p2a: Kingambit|Kingambit, L50, M|100/100
|turn|2
|
|t:|1785771170
|detailschange|p1b: Scolipede|Scolipede-Mega, L50, M
|-mega|p1b: Scolipede|Scolipede|Scolipite
|move|p2a: Kingambit|Protect|p2a: Kingambit
|-singleturn|p2a: Kingambit|Protect
|move|p1a: Weavile|Low Kick|p2a: Kingambit
|-activate|p2a: Kingambit|move: Protect
|move|p1b: Scolipede|Leech Life|p2b: Farigiraf
|-supereffective|p2b: Farigiraf|1
|-damage|p2b: Farigiraf|0 fnt
|faint|p2b: Farigiraf
|
|upkeep
|
|t:|1785771180
|switch|p2b: Raichu|Raichu, L50, M|100/100
|turn|3
|
|t:|1785771193
|detailschange|p2b: Raichu|Raichu-Mega-Y, L50, M
|-mega|p2b: Raichu|Raichu|Raichunite Y
|move|p2b: Raichu|Focus Blast|p1a: Weavile
|-supereffective|p1a: Weavile|2
|-damage|p1a: Weavile|0 fnt
|faint|p1a: Weavile
|move|p1b: Scolipede|Poison Jab|p2b: Raichu
|-damage|p2b: Raichu|0 fnt
|faint|p2b: Raichu
|move|p2a: Kingambit|Kowtow Cleave|p1b: Scolipede
|-damage|p1b: Scolipede|53/100
|
|upkeep
|
|t:|1785771204
|switch|p1a: Sinistcha|Sinistcha, L50|100/100
|-heal|p1b: Scolipede|77/100|[from] ability: Hospitality|[of] p1a: Sinistcha
|turn|4
|
|t:|1785771210
|move|p1b: Scolipede|Leech Life|p2a: Kingambit
|-damage|p2a: Kingambit|43/100
|-heal|p1b: Scolipede|100/100|[from] drain|[of] p2a: Kingambit
|move|p1a: Sinistcha|Matcha Gotcha|p2a: Kingambit
|-resisted|p2a: Kingambit|1
|-damage|p2a: Kingambit|27/100
|move|p2a: Kingambit|Kowtow Cleave|p1a: Sinistcha
|-supereffective|p1a: Sinistcha|1
|-damage|p1a: Sinistcha|5/100
|
|upkeep
|turn|5
|
|t:|1785771224
|move|p2a: Kingambit|Sucker Punch|p1b: Scolipede
|-damage|p1b: Scolipede|62/100
|move|p1b: Scolipede|Leech Life|p2a: Kingambit
|-damage|p2a: Kingambit|0 fnt
|-heal|p1b: Scolipede|79/100|[from] drain|[of] p2a: Kingambit
|faint|p2a: Kingambit
|
|win|TestingB4SpendVP
