|j|☆Quill86
|j|☆Israelkuro
|html|Quill86Israelkuro    
|uhtml|bestof|Game 1 of a best-of-3
|t:|1757639819
|gametype|doubles
|player|p1|Quill86|lucas|1193
|player|p2|Israelkuro|102|1230
|gen|9
|tier|[Gen 9] VGC 2025 Reg H (Bo3)
|rated|
|rule|Species Clause: Limit one of each Pokémon
|rule|Item Clause: Limit 1 of each item
|clearpoke
|poke|p1|Incineroar, L50, F|
|poke|p1|Gholdengo, L50|
|poke|p1|Ursaluna-Bloodmoon, L50, M|
|poke|p1|Amoonguss, L50, F|
|poke|p1|Indeedee-F, L50, F|
|poke|p1|Gallade, L50, M|
|poke|p2|Volcarona, L50, F|
|poke|p2|Rillaboom, L50, F|
|poke|p2|Clefable, L50, F|
|poke|p2|Dragonite, L50, M|
|poke|p2|Incineroar, L50, F|
|poke|p2|Annihilape, L50, F|
|teampreview|4
|showteam|p1|Incineroar||SafetyGoggles|Intimidate|FakeOut,FlareBlitz,KnockOff,PartingShot|||F|||50|,,,,,Ghost]Gholdengo||SitrusBerry|GoodasGold|MakeItRain,ShadowBall,NastyPlot,Protect||||||50|,,,,,Water]Ursaluna-Bloodmoon||LifeOrb|MindsEye|BloodMoon,HyperVoice,EarthPower,Protect|||M|||50|,,,,,Normal]Amoonguss||MentalHerb|Regenerator|Spore,RagePowder,PollenPuff,ClearSmog|||F|||50|,,,,,Dragon]Indeedee-F||PsychicSeed|PsychicSurge|FollowMe,TrickRoom,HelpingHand,DazzlingGleam|||F|||50|,,,,,Fairy]Gallade||ClearAmulet|Sharpness|SacredSword,PsychoCut,WideGuard,TrickRoom|||M|||50|,,,,,Grass
|showteam|p2|Volcarona||CovertCloak|FlameBody|HeatWave,GigaDrain,QuiverDance,Protect|||F|||50|,,,,,Grass]Rillaboom||AssaultVest|GrassySurge|WoodHammer,Uturn,GrassyGlide,FakeOut|||F|||50|,,,,,Fire]Clefable||SafetyGoggles|Unaware|Moonblast,FollowMe,SkillSwap,Protect|||F|||50|,,,,,Electric]Dragonite||LumBerry|Multiscale|TeraBlast,ExtremeSpeed,StompingTantrum,Protect|||M|||50|,,,,,Flying]Incineroar||SitrusBerry|Intimidate|FlareBlitz,FakeOut,KnockOff,PartingShot|||F|||50|,,,,,Ghost]Annihilape||FocusSash|Defiant|Taunt,CloseCombat,RageFist,Protect|||F|||50|,,,,,Fire
|inactive|Battle timer is ON: inactive players will automatically lose when time's up. (requested by Israelkuro)
|
|t:|1757639881
|teamsize|p1|4
|teamsize|p2|4
|start
|switch|p1a: Gallade|Gallade, L50, M|100/100
|switch|p1b: Indeedee|Indeedee-F, L50, F|100/100
|switch|p2a: Volcarona|Volcarona, L50, F|100/100
|switch|p2b: Incineroar|Incineroar, L50, F|100/100
|-fieldstart|move: Psychic Terrain|[from] ability: Psychic Surge|[of] p1b: Indeedee
|-enditem|p1b: Indeedee|Psychic Seed
|-boost|p1b: Indeedee|spd|1|[from] item: Psychic Seed
|-ability|p2b: Incineroar|Intimidate|boost
|-fail|p1a: Gallade|unboost|[from] item: Clear Amulet|[of] p1a: Gallade
|-unboost|p1b: Indeedee|atk|1
|turn|1
|inactive|Quill86 has 30 seconds left.
|inactive|Israelkuro has 30 seconds left.
|
|t:|1757639915
|move|p2a: Volcarona|Heat Wave|p1a: Gallade|[spread] p1a,p1b
|-damage|p1a: Gallade|67/100
|-damage|p1b: Indeedee|76/100
|move|p2b: Incineroar|Flare Blitz|p1a: Gallade
|-damage|p1a: Gallade|5/100
|-damage|p2b: Incineroar|83/100|[from] Recoil
|move|p1a: Gallade|Sacred Sword|p2b: Incineroar
|-supereffective|p2b: Incineroar
|-damage|p2b: Incineroar|0 fnt
|faint|p2b: Incineroar
|move|p1b: Indeedee|Trick Room|p1b: Indeedee
|-fieldstart|move: Trick Room|[of] p1b: Indeedee
|
|upkeep
|
|t:|1757639926
|switch|p2b: Rillaboom|Rillaboom, L50, F|100/100
|-fieldstart|move: Grassy Terrain|[from] ability: Grassy Surge|[of] p2b: Rillaboom
|turn|2
|inactive|Quill86 has 30 seconds left.
|
|t:|1757639957
|switch|p1b: Amoonguss|Amoonguss, L50, F|100/100
|move|p2b: Rillaboom|Fake Out|p1a: Gallade
|-damage|p1a: Gallade|0 fnt
|faint|p1a: Gallade
|move|p2a: Volcarona|Quiver Dance|p2a: Volcarona
|-boost|p2a: Volcarona|spa|1
|-boost|p2a: Volcarona|spd|1
|-boost|p2a: Volcarona|spe|1
|
|upkeep
|
|t:|1757639965
|switch|p1a: Ursaluna|Ursaluna-Bloodmoon, L50, M|100/100
|turn|3
|
|t:|1757639972
|-terastallize|p1a: Ursaluna|Normal
|move|p2a: Volcarona|Protect|p2a: Volcarona
|-singleturn|p2a: Volcarona|Protect
|move|p1b: Amoonguss|Clear Smog|p2a: Volcarona
|-activate|p2a: Volcarona|move: Protect
|move|p1a: Ursaluna|Hyper Voice|p2b: Rillaboom|[spread] p2b
|-activate|p2a: Volcarona|move: Protect
|-damage|p2b: Rillaboom|48/100
|-damage|p1a: Ursaluna|90/100|[from] item: Life Orb
|move|p2b: Rillaboom|U-turn|p1b: Amoonguss
|-damage|p1b: Amoonguss|81/100
|
|t:|1757639984
|switch|p2b: Clefable|Clefable, L50, F|100/100|[from] U-turn
|
|-heal|p1b: Amoonguss|87/100|[from] Grassy Terrain
|-heal|p1a: Ursaluna|96/100|[from] Grassy Terrain
|upkeep
|turn|4
|
|t:|1757639996
|move|p2b: Clefable|Follow Me|p2b: Clefable
|-singleturn|p2b: Clefable|move: Follow Me
|move|p1b: Amoonguss|Clear Smog|p2b: Clefable
|-supereffective|p2b: Clefable
|-damage|p2b: Clefable|73/100
|-clearboost|p2b: Clefable
|move|p1a: Ursaluna|Blood Moon|p2b: Clefable
|-damage|p2b: Clefable|0 fnt
|faint|p2b: Clefable
|-damage|p1a: Ursaluna|86/100|[from] item: Life Orb
|move|p2a: Volcarona|Quiver Dance|p2a: Volcarona
|-boost|p2a: Volcarona|spa|1
|-boost|p2a: Volcarona|spd|1
|-boost|p2a: Volcarona|spe|1
|
|-heal|p1b: Amoonguss|93/100|[from] Grassy Terrain
|-heal|p1a: Ursaluna|92/100|[from] Grassy Terrain
|upkeep
|
|t:|1757640008
|switch|p2b: Rillaboom|Rillaboom, L50, F|48/100
|turn|5
|
|t:|1757640017
|switch|p1b: Indeedee|Indeedee-F, L50, F|76/100
|-fieldstart|move: Psychic Terrain|[from] ability: Psychic Surge|[of] p1b: Indeedee
|move|p2a: Volcarona|Protect|p2a: Volcarona
|-singleturn|p2a: Volcarona|Protect
|move|p1a: Ursaluna|Hyper Voice|p2b: Rillaboom|[spread] p2b
|-activate|p2a: Volcarona|move: Protect
|-damage|p2b: Rillaboom|0 fnt
|faint|p2b: Rillaboom
|-damage|p1a: Ursaluna|82/100|[from] item: Life Orb
|
|-fieldend|move: Trick Room
|upkeep
|turn|6
|
|t:|1757640035
|move|p2a: Volcarona|Heat Wave|p1a: Ursaluna|[spread] p1a,p1b
|-damage|p1a: Ursaluna|7/100
|-damage|p1b: Indeedee|10/100
|move|p1a: Ursaluna|Blood Moon|p2a: Volcarona
|-damage|p2a: Volcarona|34/100
|-damage|p1a: Ursaluna|0 fnt|[from] item: Life Orb
|faint|p1a: Ursaluna
|move|p1b: Indeedee|Trick Room|p1b: Indeedee
|-fieldstart|move: Trick Room|[of] p1b: Indeedee
|
|upkeep
|
|t:|1757640044
|switch|p1a: Amoonguss|Amoonguss, L50, F|100/100
|turn|7
|
|t:|1757640049
|move|p2a: Volcarona|Protect|p2a: Volcarona
|-singleturn|p2a: Volcarona|Protect
|move|p1a: Amoonguss|Clear Smog|p2a: Volcarona
|-activate|p2a: Volcarona|move: Protect
|move|p1b: Indeedee|Dazzling Gleam|p2a: Volcarona
|-activate|p2a: Volcarona|move: Protect
|
|upkeep
|turn|8
|
|t:|1757640059
|-terastallize|p2a: Volcarona|Grass
|move|p1a: Amoonguss|Clear Smog|p2a: Volcarona
|-supereffective|p2a: Volcarona
|-damage|p2a: Volcarona|19/100
|-clearboost|p2a: Volcarona
|move|p1b: Indeedee|Dazzling Gleam|p2a: Volcarona
|-damage|p2a: Volcarona|1/100
|move|p2a: Volcarona|Heat Wave|p1a: Amoonguss|[spread] p1a,p1b
|-supereffective|p1a: Amoonguss
|-damage|p1a: Amoonguss|40/100
|-damage|p1b: Indeedee|0 fnt
|faint|p1b: Indeedee
|
|upkeep
|turn|9
|
|t:|1757640072
|move|p2a: Volcarona|Protect|p2a: Volcarona
|-singleturn|p2a: Volcarona|Protect
|move|p1a: Amoonguss|Clear Smog|p2a: Volcarona
|-activate|p2a: Volcarona|move: Protect
|
|-fieldend|move: Psychic Terrain
|upkeep
|turn|10
|
|t:|1757640076
|move|p2a: Volcarona|Protect|p2a: Volcarona
|-singleturn|p2a: Volcarona|Protect
|move|p1a: Amoonguss|Clear Smog|p2a: Volcarona
|-activate|p2a: Volcarona|move: Protect
|
|-fieldend|move: Trick Room
|upkeep
|turn|11
|
|t:|1757640084
|move|p2a: Volcarona|Heat Wave|p1a: Amoonguss
|-supereffective|p1a: Amoonguss
|-damage|p1a: Amoonguss|0 fnt
|faint|p1a: Amoonguss
|
|win|Israelkuro
