|j|☆shiroblast
|j|☆MiamiButcher
|html|shiroblastMiamiButcher    
|uhtml|bestof|Game 1 of a best-of-3
|t:|1786042562
|gametype|doubles
|player|p1|shiroblast|benga|1133
|player|p2|MiamiButcher|giovanni|1075
|gen|9
|tier|[Gen 9 Champions] VGC 2026 Reg M-B (Bo3)
|rated|
|rule|Species Clause: Limit one of each Pokémon
|rule|Item Clause: Limit 1 of each item
|clearpoke
|poke|p1|Swampert, L50, F|
|poke|p1|Archaludon, L50, M|
|poke|p1|Tyranitar, L50, F|
|poke|p1|Pelipper, L50, F|
|poke|p1|Mawile, L50, M|
|poke|p1|Sinistcha-Masterpiece, L50|
|poke|p2|Mawile, L50, M, shiny|
|poke|p2|Farigiraf, L50, F|
|poke|p2|Kingambit, L50, F|
|poke|p2|Excadrill, L50, F|
|poke|p2|Clefable, L50, F|
|poke|p2|Tyranitar, L50, M|
|teampreview|4
|showteam|p1|Swampert||Swampertite|Torrent|WaveCrash,IcePunch,Earthquake,Protect|Adamant||F|||50|]Archaludon||Leftovers|Stamina|DragonPulse,ElectroShot,FlashCannon,Protect|Calm||M|||50|]Tyranitar||LifeOrb|SandStream|KnockOff,RockSlide,StompingTantrum,Protect|Jolly||F|||50|]Pelipper||FocusSash|Drizzle|Hurricane,HelpingHand,Tailwind,WideGuard|Timid||F|||50|]Mawile||Mawilite|Intimidate|SuckerPunch,PlayRough,SwordsDance,Protect|Adamant||M|||50|]Sinistcha-Masterpiece||CobaBerry|Hospitality|RagePowder,MatchaGotcha,TrickRoom,Protect|Calm|||||50|
|showteam|p2|Mawile||Mawilite|HyperCutter|Protect,SuckerPunch,PlayRough,IronHead|Adamant||M|||50|]Farigiraf||SitrusBerry|ArmorTail|Protect,TrickRoom,Psychic,NastyPlot|Sassy||F|||50|]Kingambit||BlackGlasses|Defiant|Protect,KowtowCleave,IronHead,SuckerPunch|Adamant||F|||50|]Excadrill||ChoiceScarf|SandRush|Earthquake,RockSlide,IronHead,BrickBreak|Jolly||F|||50|]Clefable||Leftovers|Unaware|Protect,Moonblast,FollowMe,CosmicPower|Calm||F|||50|]Tyranitar||Tyranitarite|SandStream|Protect,DragonDance,RockSlide,Crunch|Adamant||M|||50|
|inactive|Battle timer is ON: inactive players will automatically lose when time's up. (requested by MiamiButcher)
|inactive|shiroblast has 60 seconds left.
|
|t:|1786042602
|teamsize|p1|4
|teamsize|p2|4
|start
|switch|p1a: Pelipper|Pelipper, L50, F|100/100
|switch|p1b: Swampert|Swampert, L50, F|100/100
|switch|p2a: Clefable|Clefable, L50, F|100/100
|switch|p2b: Farigiraf|Farigiraf, L50, F|100/100
|-weather|RainDance|[from] ability: Drizzle|[of] p1a: Pelipper
|turn|1
|
|t:|1786042616
|detailschange|p1b: Swampert|Swampert-Mega, L50, F
|-mega|p1b: Swampert|Swampert|Swampertite
|move|p1a: Pelipper|Helping Hand|p1b: Swampert
|-singleturn|p1b: Swampert|Helping Hand|[of] p1a: Pelipper
|move|p1b: Swampert|Earthquake|p2b: Farigiraf|[spread] p2a,p2b
|-immune|p1a: Pelipper
|-damage|p2a: Clefable|17/100
|-damage|p2b: Farigiraf|45/100
|-enditem|p2b: Farigiraf|Sitrus Berry|[eat]
|-heal|p2b: Farigiraf|70/100|[from] item: Sitrus Berry
|move|p2a: Clefable|Cosmic Power|p2a: Clefable
|-boost|p2a: Clefable|def|1
|-boost|p2a: Clefable|spd|1
|move|p2b: Farigiraf|Trick Room|p2b: Farigiraf
|-fieldstart|move: Trick Room|[of] p2b: Farigiraf
|
|-weather|RainDance|[upkeep]
|-heal|p2a: Clefable|23/100|[from] item: Leftovers
|upkeep
|turn|2
|
|t:|1786042641
|switch|p1b: Sinistcha|Sinistcha-Masterpiece, L50|100/100
|move|p2a: Clefable|Protect|p2a: Clefable
|-singleturn|p2a: Clefable|Protect
|move|p2b: Farigiraf|Psychic|p1a: Pelipper
|-damage|p1a: Pelipper|40/100
|move|p1a: Pelipper|Hurricane|p2a: Clefable
|-activate|p2a: Clefable|move: Protect
|
|-weather|RainDance|[upkeep]
|-heal|p2a: Clefable|29/100|[from] item: Leftovers
|upkeep
|turn|3
|
|t:|1786042659
|move|p2b: Farigiraf|Psychic|p1a: Pelipper
|-damage|p1a: Pelipper|0 fnt
|faint|p1a: Pelipper
|move|p2a: Clefable|Cosmic Power|p2a: Clefable
|-boost|p2a: Clefable|def|1
|-boost|p2a: Clefable|spd|1
|move|p1b: Sinistcha|Trick Room|p1b: Sinistcha
|-fieldend|move: Trick Room
|
|-weather|RainDance|[upkeep]
|-heal|p2a: Clefable|35/100|[from] item: Leftovers
|upkeep
|
|t:|1786042668
|switch|p1a: Swampert|Swampert-Mega, L50, F|100/100
|turn|4
|
|t:|1786042676
|move|p1b: Sinistcha|Protect|p1b: Sinistcha
|-singleturn|p1b: Sinistcha|Protect
|move|p2a: Clefable|Protect|p2a: Clefable
|-singleturn|p2a: Clefable|Protect
|move|p1a: Swampert|Earthquake|p2a: Clefable|[spread] p2b
|-activate|p1b: Sinistcha|move: Protect
|-activate|p2a: Clefable|move: Protect
|-damage|p2b: Farigiraf|34/100
|move|p2b: Farigiraf|Trick Room|p2b: Farigiraf
|-fieldstart|move: Trick Room|[of] p2b: Farigiraf
|
|-weather|RainDance|[upkeep]
|-heal|p2a: Clefable|41/100|[from] item: Leftovers
|upkeep
|turn|5
|
|t:|1786042693
|move|p1a: Swampert|Protect|p1a: Swampert
|-singleturn|p1a: Swampert|Protect
|move|p2b: Farigiraf|Psychic|p1a: Swampert
|-activate|p1a: Swampert|move: Protect
|move|p2a: Clefable|Moonblast|p1a: Swampert
|-activate|p1a: Swampert|move: Protect
|move|p1b: Sinistcha|Trick Room|p1b: Sinistcha
|-fieldend|move: Trick Room
|
|-weather|none
|-heal|p2a: Clefable|47/100|[from] item: Leftovers
|upkeep
|turn|6
|
|t:|1786042711
|move|p1b: Sinistcha|Protect|p1b: Sinistcha
|-singleturn|p1b: Sinistcha|Protect
|move|p2b: Farigiraf|Protect|p2b: Farigiraf
|-singleturn|p2b: Farigiraf|Protect
|move|p1a: Swampert|Earthquake|p2b: Farigiraf|[spread] p2a
|-activate|p1b: Sinistcha|move: Protect
|-activate|p2b: Farigiraf|move: Protect
|-damage|p2a: Clefable|20/100y
|move|p2a: Clefable|Moonblast|p1a: Swampert
|-damage|p1a: Swampert|70/100
|
|-heal|p2a: Clefable|26/100|[from] item: Leftovers
|upkeep
|turn|7
|inactive|MiamiButcher has 30 seconds left.
|inactive|shiroblast has 30 seconds left.
|inactive|MiamiButcher has 20 seconds left.
|inactive|shiroblast has 20 seconds left.
|inactive|MiamiButcher has 15 seconds left.
|inactive|shiroblast has 15 seconds left.
|
|t:|1786042760
|switch|p1b: Tyranitar|Tyranitar, L50, F|100/100
|-weather|Sandstorm|[from] ability: Sand Stream|[of] p1b: Tyranitar
|move|p1a: Swampert|Protect|p1a: Swampert
|-singleturn|p1a: Swampert|Protect
|move|p2a: Clefable|Protect|p2a: Clefable
|-singleturn|p2a: Clefable|Protect
|move|p2b: Farigiraf|Trick Room|p2b: Farigiraf
|-fieldstart|move: Trick Room|[of] p2b: Farigiraf
|
|-weather|Sandstorm|[upkeep]
|-damage|p2b: Farigiraf|28/100|[from] Sandstorm
|-damage|p2a: Clefable|20/100y|[from] Sandstorm
|-heal|p2a: Clefable|26/100|[from] item: Leftovers
|upkeep
|turn|8
|inactive|shiroblast has 30 seconds left.
|
|t:|1786042791
|move|p1b: Tyranitar|Protect|p1b: Tyranitar
|-singleturn|p1b: Tyranitar|Protect
|move|p2b: Farigiraf|Psychic|p1a: Swampert
|-damage|p1a: Swampert|37/100
|move|p2a: Clefable|Moonblast|p1b: Tyranitar
|-activate|p1b: Tyranitar|move: Protect
|move|p1a: Swampert|Earthquake|p2a: Clefable|[spread] p2a,p2b
|-activate|p1b: Tyranitar|move: Protect
|-damage|p2a: Clefable|1/100
|-damage|p2b: Farigiraf|0 fnt
|faint|p2b: Farigiraf
|
|-weather|Sandstorm|[upkeep]
|-damage|p2a: Clefable|0 fnt|[from] Sandstorm
|faint|p2a: Clefable
|upkeep
|
|t:|1786042801
|switch|p2b: Excadrill|Excadrill, L50, F|100/100
|switch|p2a: Tyranitar|Tyranitar, L50, M|100/100
|turn|9
|
|t:|1786042813
|detailschange|p2a: Tyranitar|Tyranitar-Mega, L50, M
|-mega|p2a: Tyranitar|Tyranitar|Tyranitarite
|move|p1a: Swampert|Wave Crash|p2b: Excadrill
|-supereffective|p2b: Excadrill|1
|-damage|p2b: Excadrill|0 fnt
|faint|p2b: Excadrill
|-damage|p1a: Swampert|2/100|[from] Recoil
|move|p1b: Tyranitar|Rock Slide|p2a: Tyranitar
|-damage|p2a: Tyranitar|66/100
|-damage|p1b: Tyranitar|90/100|[from] item: Life Orb
|move|p2a: Tyranitar|Crunch|p1a: Swampert
|-damage|p1a: Swampert|0 fnt
|faint|p1a: Swampert
|
|-weather|Sandstorm|[upkeep]
|upkeep
|
|t:|1786042826
|switch|p1a: Sinistcha|Sinistcha-Masterpiece, L50|100/100
|-heal|p1b: Tyranitar|100/100|[from] ability: Hospitality|[of] p1a: Sinistcha
|turn|10
|
|t:|1786042839
|move|p1a: Sinistcha|Matcha Gotcha|p2a: Tyranitar
|-supereffective|p2a: Tyranitar|1
|-damage|p2a: Tyranitar|27/100
|-status|p2a: Tyranitar|brn
|move|p1b: Tyranitar|Stomping Tantrum|p2a: Tyranitar
|-supereffective|p2a: Tyranitar|1
|-damage|p2a: Tyranitar|0 fnt
|faint|p2a: Tyranitar
|-damage|p1b: Tyranitar|90/100|[from] item: Life Orb
|
|win|shiroblast
||MiamiButcher is ready for game 2.
|l|☆MiamiButcher
|player|p2|
|inactive|shiroblast has 30 seconds to confirm battle start!
||shiroblast is ready for game 2.
|uhtml|next|Next: Game 2 of 3
