|j|☆MmoC1
|j|☆mariofl
|html|MmoC1mariofl    
|uhtml|bestof|Game 2 of a best-of-3
|t:|1783541212
|gametype|doubles
|player|p1|MmoC1|skierf|
|player|p2|mariofl|rosa-masters|
|gen|9
|tier|[Gen 9 Champions] VGC 2026 Reg M-B (Bo3)
|rule|Species Clause: Limit one of each Pokémon
|rule|Item Clause: Limit 1 of each item
|clearpoke
|poke|p1|Charizard, L50, F|
|poke|p1|Sylveon, L50, F|
|poke|p1|Aerodactyl, L50, M|
|poke|p1|Kingambit, L50, F|
|poke|p1|Garchomp, L50, M|
|poke|p1|Farigiraf, L50, M|
|poke|p2|Grimmsnarl, L50, M|
|poke|p2|Swampert, L50, F|
|poke|p2|Archaludon, L50, F|
|poke|p2|Pelipper, L50, F|
|poke|p2|Venusaur, L50, F|
|poke|p2|Hydreigon, L50, F|
|teampreview|4
|showteam|p1|Charizard||CharizarditeY|SolarPower|Protect,HeatWave,WeatherBall,SolarBeam|Modest||F|||50|]Sylveon||FairyFeather|Pixilate|Protect,HyperVoice,HyperBeam,QuickAttack|Modest||F|||50|]Aerodactyl||Aerodactylite|RockHead|RockSlide,DualWingbeat,IceFang,Tailwind|Jolly||M|||50|]Kingambit||FocusSash|Defiant|KowtowCleave,SuckerPunch,IronHead,LowKick|Jolly||F|||50|]Garchomp||LifeOrb|RoughSkin|Protect,StompingTantrum,Earthquake,DragonClaw|Jolly||M|||50|]Farigiraf||SitrusBerry|ArmorTail|Psychic,Thunderbolt,Roar,TrickRoom|Bold||M|||50|
|showteam|p2|Grimmsnarl||LightClay|Prankster|Reflect,LightScreen,PartingShot,SpiritBreak|Sassy||M|||50|]Swampert||Swampertite|Torrent|WaveCrash,Earthquake,IcePunch,Protect|Jolly||F|||50|]Archaludon||Leftovers|Stamina|ElectroShot,FlashCannon,DragonPulse,Protect|Modest||F|||50|]Pelipper||FocusSash|Drizzle|Hurricane,WeatherBall,Tailwind,Protect|Modest||F|||50|]Venusaur||Venusaurite|Chlorophyll|GigaDrain,SludgeBomb,EarthPower,Protect|Modest||F|||50|]Hydreigon||LifeOrb|Levitate|DracoMeteor,DarkPulse,EarthPower,Protect|Timid||F|||50|
|inactive|Battle timer is ON: inactive players will automatically lose when time's up. (requested by mariofl)
|
|t:|1783541270
|teamsize|p1|4
|teamsize|p2|4
|start
|switch|p1a: Charizard|Charizard, L50, F|100/100
|switch|p1b: Garchomp|Garchomp, L50, M|100/100
|switch|p2a: Grimmsnarl|Grimmsnarl, L50, M|100/100
|switch|p2b: Swampert|Swampert, L50, F|100/100
|turn|1
|inactive|MmoC1 has 30 seconds left.
|inactive|mariofl has 30 seconds left.
|inactive|mariofl has 20 seconds left.
|inactive|mariofl has 15 seconds left.
|
|t:|1783541314
|move|p2b: Swampert|Protect|p2b: Swampert
|-singleturn|p2b: Swampert|Protect
|move|p1a: Charizard|Protect|p1a: Charizard
|-singleturn|p1a: Charizard|Protect
|move|p1b: Garchomp|Earthquake|p2a: Grimmsnarl|[spread] p2a
|-activate|p1a: Charizard|move: Protect
|-activate|p2b: Swampert|move: Protect
|-damage|p2a: Grimmsnarl|47/100
|-damage|p1b: Garchomp|90/100|[from] item: Life Orb
|move|p2a: Grimmsnarl|Spirit Break|p1b: Garchomp
|-supereffective|p1b: Garchomp|1
|-damage|p1b: Garchomp|36/100
|-unboost|p1b: Garchomp|spa|1
|-damage|p2a: Grimmsnarl|34/100|[from] ability: Rough Skin|[of] p1b: Garchomp
|
|upkeep
|turn|2
|inactive|mariofl has 30 seconds left.
|inactive|mariofl has 20 seconds left.
|inactive|mariofl has 15 seconds left.
|
|t:|1783541356
|switch|p1b: Farigiraf|Farigiraf, L50, M|100/100
|switch|p2b: Archaludon|Archaludon, L50, F|100/100
|detailschange|p1a: Charizard|Charizard-Mega-Y, L50, F
|-mega|p1a: Charizard|Charizard|Charizardite Y
|-weather|SunnyDay|[from] ability: Drought|[of] p1a: Charizard
|move|p2a: Grimmsnarl|Light Screen|p2a: Grimmsnarl
|-sidestart|p2: mariofl|move: Light Screen
|move|p1a: Charizard|Heat Wave|p2a: Grimmsnarl|[spread] p2b
|-miss|p1a: Charizard|p2a: Grimmsnarl
|-damage|p2b: Archaludon|53/100
|-ability|p2b: Archaludon|Stamina|boost
|-boost|p2b: Archaludon|def|1
|
|-weather|SunnyDay|[upkeep]
|-heal|p2b: Archaludon|59/100|[from] item: Leftovers
|upkeep
|turn|3
|inactive|MmoC1 has 30 seconds left.
|inactive|mariofl has 30 seconds left.
|inactive|mariofl has 20 seconds left.
|inactive|mariofl has 15 seconds left.
|inactive|MmoC1 has 20 seconds left.
|inactive|MmoC1 has 15 seconds left.
|
|t:|1783541410
|switch|p1a: Sylveon|Sylveon, L50, F|100/100
|move|p2b: Archaludon|Dragon Pulse|p1b: Farigiraf
|-damage|p1b: Farigiraf|62/100
|move|p2a: Grimmsnarl|Spirit Break|p1b: Farigiraf
|-damage|p1b: Farigiraf|32/100
|-unboost|p1b: Farigiraf|spa|1
|-enditem|p1b: Farigiraf|Sitrus Berry|[eat]
|-heal|p1b: Farigiraf|57/100|[from] item: Sitrus Berry
|move|p1b: Farigiraf|Trick Room|p1b: Farigiraf
|-fieldstart|move: Trick Room|[of] p1b: Farigiraf
|
|-weather|SunnyDay|[upkeep]
|-heal|p2b: Archaludon|65/100|[from] item: Leftovers
|upkeep
|turn|4
|inactive|MmoC1 has 30 seconds left.
|inactive|mariofl has 30 seconds left.
|inactive|MmoC1 has 20 seconds left.
|inactive|mariofl has 20 seconds left.
|inactive|MmoC1 has 15 seconds left.
|inactive|mariofl has 15 seconds left.
|inactive|MmoC1 has 10 seconds left.
|inactive|mariofl has 10 seconds left.
|inactive|mariofl has 5 seconds left.
|
|t:|1783541463
|move|p2a: Grimmsnarl|Spirit Break|p1a: Sylveon
|-damage|p1a: Sylveon|64/100
|-unboost|p1a: Sylveon|spa|1
|move|p1b: Farigiraf|Thunderbolt|p2a: Grimmsnarl
|-damage|p2a: Grimmsnarl|26/100
|move|p1a: Sylveon|Hyper Voice|p2a: Grimmsnarl|[spread] p2a,p2b
|-supereffective|p2a: Grimmsnarl|1
|-damage|p2a: Grimmsnarl|0 fnt
|-damage|p2b: Archaludon|44/100
|-ability|p2b: Archaludon|Stamina|boost
|-boost|p2b: Archaludon|def|1
|faint|p2a: Grimmsnarl
|move|p2b: Archaludon|Flash Cannon|p1a: Sylveon
|-supereffective|p1a: Sylveon|1
|-damage|p1a: Sylveon|1/100
|
|-weather|SunnyDay|[upkeep]
|-heal|p2b: Archaludon|50/100g|[from] item: Leftovers
|upkeep
|
|t:|1783541477
|switch|p2a: Pelipper|Pelipper, L50, F|100/100
|-weather|RainDance|[from] ability: Drizzle|[of] p2a: Pelipper
|turn|5
|inactive|MmoC1 has 30 seconds left.
|inactive|mariofl has 30 seconds left.
|inactive|mariofl has 20 seconds left.
|
|t:|1783541513
|switch|p2a: Swampert|Swampert, L50, F|100/100
|move|p2b: Archaludon|Protect|p2b: Archaludon
|-singleturn|p2b: Archaludon|Protect
|move|p1b: Farigiraf|Thunderbolt|p2a: Swampert
|-immune|p2a: Swampert
|move|p1a: Sylveon|Hyper Beam|p2b: Archaludon
|-activate|p2b: Archaludon|move: Protect
|
|-weather|RainDance|[upkeep]
|-heal|p2b: Archaludon|56/100|[from] item: Leftovers
|upkeep
|turn|6
|inactive|mariofl has 30 seconds left.
|inactive|mariofl has 20 seconds left.
|inactive|mariofl has 15 seconds left.
|inactive|mariofl has 10 seconds left.
|inactive|mariofl has 5 seconds left.
|
|t:|1783541567
|switch|p2b: Pelipper|Pelipper, L50, F|100/100
|detailschange|p2a: Swampert|Swampert-Mega, L50, F
|-mega|p2a: Swampert|Swampert|Swampertite
|move|p1b: Farigiraf|Psychic|p2b: Pelipper
|-damage|p2b: Pelipper|70/100
|move|p1a: Sylveon|Hyper Beam|p2b: Pelipper
|-damage|p2b: Pelipper|0 fnt
|-mustrecharge|p1a: Sylveon
|faint|p2b: Pelipper
|move|p2a: Swampert|Earthquake|p1a: Sylveon|[spread] p1a,p1b
|-damage|p1a: Sylveon|0 fnt
|-damage|p1b: Farigiraf|17/100
|faint|p1a: Sylveon
|
|-weather|RainDance|[upkeep]
|upkeep
|
|t:|1783541585
|switch|p1a: Charizard|Charizard-Mega-Y, L50, F|100/100
|switch|p2b: Archaludon|Archaludon, L50, F|56/100
|-weather|SunnyDay|[from] ability: Drought|[of] p1a: Charizard
|turn|7
|inactive|mariofl has 30 seconds left.
|inactive|MmoC1 has 30 seconds left.
|inactive|MmoC1 has 20 seconds left.
|inactive|mariofl has 20 seconds left.
|inactive|MmoC1 has 15 seconds left.
|inactive|MmoC1 has 10 seconds left.
|inactive|MmoC1 has 5 seconds left.
|
|t:|1783541647
|move|p1a: Charizard|Protect|p1a: Charizard
|-singleturn|p1a: Charizard|Protect
|move|p2a: Swampert|Protect|p2a: Swampert
|-singleturn|p2a: Swampert|Protect
|move|p1b: Farigiraf|Psychic|p2b: Archaludon
|-resisted|p2b: Archaludon|1
|-damage|p2b: Archaludon|48/100
|-ability|p2b: Archaludon|Stamina|boost
|-boost|p2b: Archaludon|def|1
|move|p2b: Archaludon|Electro Shot||[still]
|-prepare|p2b: Archaludon|Electro Shot
|-boost|p2b: Archaludon|spa|1
|
|-weather|SunnyDay|[upkeep]
|-heal|p2b: Archaludon|54/100|[from] item: Leftovers
|-fieldend|move: Trick Room
|upkeep
|turn|8
|inactive|MmoC1 has 30 seconds left.
|
|t:|1783541679
|move|p2a: Swampert|Ice Punch|p1a: Charizard
|-damage|p1a: Charizard|71/100
|move|p1a: Charizard|Weather Ball|p2b: Archaludon
|-damage|p2b: Archaludon|0 fnt
|faint|p2b: Archaludon
|move|p1b: Farigiraf|Psychic|p2a: Swampert
|-damage|p2a: Swampert|85/100
|-unboost|p2a: Swampert|spd|1
|
|-weather|SunnyDay|[upkeep]
|upkeep
|turn|9
|
|t:|1783541697
|move|p2a: Swampert|Wave Crash|p1b: Farigiraf
|-damage|p1b: Farigiraf|0 fnt
|faint|p1b: Farigiraf
|-damage|p2a: Swampert|78/100|[from] Recoil
|move|p1a: Charizard|Solar Beam||[still]
|-prepare|p1a: Charizard|Solar Beam
|-anim|p1a: Charizard|Solar Beam|p2a: Swampert
|-supereffective|p2a: Swampert|2
|-damage|p2a: Swampert|0 fnt
|faint|p2a: Swampert
|
|win|MmoC1
|c|☆mariofl|gg
|c|☆MmoC1|gg
|c|☆mariofl|mandas las replays tu a samu?
|c|☆MmoC1|ok
|l|☆mariofl
|player|p2|
