|j|☆marcosdeltasena31
|j|☆IngeVGC
|html|marcosdeltasena31IngeVGC    
|uhtml|bestof|Game 1 of a best-of-3
|t:|1756331197
|gametype|doubles
|player|p1|marcosdeltasena31|hilbert|1305
|player|p2|IngeVGC|fisherman-gen4|1428
|gen|9
|tier|[Gen 9] VGC 2025 Reg H (Bo3)
|rated|
|rule|Species Clause: Limit one of each Pokémon
|rule|Item Clause: Limit 1 of each item
|clearpoke
|poke|p1|Dragonite, L50, F|
|poke|p1|Sneasler, L50, F|
|poke|p1|Incineroar, L50, F|
|poke|p1|Ursaluna-Bloodmoon, L50, M|
|poke|p1|Amoonguss, L50, F|
|poke|p1|Gholdengo, L50|
|poke|p2|Kingambit, L50, F|
|poke|p2|Rillaboom, L50, M|
|poke|p2|Electabuzz, L50, M|
|poke|p2|Volcarona, L50, F|
|poke|p2|Sneasler, L50, F|
|poke|p2|Dragonite, L50, F|
|teampreview|4
|showteam|p1|Dragonite||LoadedDice|Multiscale|ScaleShot,Tailwind,Haze,Protect|||F|||50|,,,,,Fairy]Sneasler||FocusSash|PoisonTouch|DireClaw,CloseCombat,Coaching,Protect|||F|||50|,,,,,Stellar]Incineroar||SafetyGoggles|Intimidate|FlareBlitz,FakeOut,PartingShot,KnockOff|||F|||50|,,,,,Ghost]Ursaluna-Bloodmoon||AssaultVest|MindsEye|HyperVoice,EarthPower,BloodMoon,VacuumWave|||M|||50|,,,,,Water]Amoonguss||SitrusBerry|Regenerator|PollenPuff,Spore,RagePowder,Protect|||F|||50|,,,,,Psychic]Gholdengo||LifeOrb|GoodasGold|MakeItRain,ShadowBall,NastyPlot,Protect||||||50|,,,,,Water
|showteam|p2|Kingambit||BlackGlasses|Defiant|Protect,KowtowCleave,SuckerPunch,SwordsDance|||F|||50|,,,,,Dark]Rillaboom||AssaultVest|GrassySurge|WoodHammer,GrassyGlide,HighHorsepower,FakeOut|||M|||50|,,,,,Fire]Electabuzz||Eviolite|VitalSpirit|Protect,Thunderbolt,HelpingHand,FollowMe|||M|||50|,,,,,Ghost]Volcarona||CovertCloak|FlameBody|Protect,HeatWave,TeraBlast,QuiverDance|||F|||50|,,,,,Fairy]Sneasler||FocusSash|Unburden|CloseCombat,DireClaw,Coaching,FakeOut|||F|||50|,,,,,Stellar]Dragonite||LoadedDice|Multiscale|ScaleShot,Haze,ExtremeSpeed,Protect|||F|||50|,,,,,Fairy
|
|t:|1756331259
|teamsize|p1|4
|teamsize|p2|4
|start
|switch|p1a: Dragonite|Dragonite, L50, F|100/100
|switch|p1b: Ursaluna|Ursaluna-Bloodmoon, L50, M|100/100
|switch|p2a: Volcarona|Volcarona, L50, F|100/100
|switch|p2b: Vanessa|Sneasler, L50, F|100/100
|turn|1
|
|t:|1756331283
|-terastallize|p1b: Ursaluna|Water
|move|p2b: Vanessa|Close Combat|p1b: Ursaluna
|-damage|p1b: Ursaluna|57/100
|-unboost|p2b: Vanessa|def|1
|-unboost|p2b: Vanessa|spd|1
|move|p2a: Volcarona|Heat Wave|p1b: Ursaluna|[spread] p1a
|-miss|p2a: Volcarona|p1b: Ursaluna
|-resisted|p1a: Dragonite
|-damage|p1a: Dragonite|92/100
|move|p1a: Dragonite|Scale Shot|p2b: Vanessa
|-damage|p2b: Vanessa|60/100
|-damage|p2b: Vanessa|20/100
|-damage|p2b: Vanessa|0 fnt
|faint|p2b: Vanessa
|-hitcount|p2: Vanessa|3
|-unboost|p1a: Dragonite|def|1
|-boost|p1a: Dragonite|spe|1
|move|p1b: Ursaluna|Blood Moon|p2a: Volcarona
|-damage|p2a: Volcarona|36/100
|
|upkeep
|
|t:|1756331289
|switch|p2b: Snarf|Electabuzz, L50, M|100/100
|turn|2
|
|t:|1756331308
|-terastallize|p2a: Volcarona|Fairy
|move|p1a: Dragonite|Tailwind|p1a: Dragonite
|-sidestart|p1: marcosdeltasena31|move: Tailwind
|move|p1b: Ursaluna|Hyper Voice|p2a: Volcarona|[spread] p2a,p2b
|-damage|p2a: Volcarona|6/100
|-damage|p2b: Snarf|70/100
|move|p2b: Snarf|Thunderbolt|p1b: Ursaluna
|-supereffective|p1b: Ursaluna
|-damage|p1b: Ursaluna|16/100
|move|p2a: Volcarona|Tera Blast|p1a: Dragonite|[anim] Tera Blast Fairy
|-supereffective|p1a: Dragonite
|-damage|p1a: Dragonite|12/100
|
|upkeep
|turn|3
|
|t:|1756331332
|move|p2a: Volcarona|Protect|p2a: Volcarona
|-singleturn|p2a: Volcarona|Protect
|move|p1a: Dragonite|Scale Shot|p2b: Snarf
|-damage|p2b: Snarf|59/100
|-damage|p2b: Snarf|48/100
|-damage|p2b: Snarf|37/100
|-crit|p2b: Snarf
|-damage|p2b: Snarf|19/100
|-damage|p2b: Snarf|6/100
|-hitcount|p2b: Snarf|5
|-unboost|p1a: Dragonite|def|1
|-boost|p1a: Dragonite|spe|1
|move|p1b: Ursaluna|Hyper Voice|p2a: Volcarona|[spread] p2b
|-activate|p2a: Volcarona|move: Protect
|-damage|p2b: Snarf|0 fnt
|faint|p2b: Snarf
|
|upkeep
|
|t:|1756331337
|switch|p2b: Kerchak|Rillaboom, L50, M|100/100
|-fieldstart|move: Grassy Terrain|[from] ability: Grassy Surge|[of] p2b: Kerchak
|turn|4
|
|t:|1756331359
|move|p2b: Kerchak|Fake Out|p1b: Ursaluna
|-damage|p1b: Ursaluna|6/100
|cant|p1b: Ursaluna|flinch
|move|p1a: Dragonite|Scale Shot|p2b: Kerchak
|-damage|p2b: Kerchak|87/100
|-damage|p2b: Kerchak|73/100
|-damage|p2b: Kerchak|60/100
|-damage|p2b: Kerchak|47/100
|-hitcount|p2b: Kerchak|4
|-unboost|p1a: Dragonite|def|1
|-boost|p1a: Dragonite|spe|1
|move|p2a: Volcarona|Tera Blast|p1a: Dragonite|[anim] Tera Blast Fairy
|-supereffective|p1a: Dragonite
|-damage|p1a: Dragonite|0 fnt
|faint|p1a: Dragonite
|
|-heal|p1b: Ursaluna|12/100|[from] Grassy Terrain
|-heal|p2a: Volcarona|12/100|[from] Grassy Terrain
|-heal|p2b: Kerchak|53/100|[from] Grassy Terrain
|upkeep
|
|t:|1756331365
|switch|p1a: Gholdengo|Gholdengo, L50|100/100
|turn|5
|
|t:|1756331373
|move|p2a: Volcarona|Protect|p2a: Volcarona
|-singleturn|p2a: Volcarona|Protect
|move|p1b: Ursaluna|Vacuum Wave|p2b: Kerchak
|-damage|p2b: Kerchak|43/100
|move|p1a: Gholdengo|Make It Rain|p2a: Volcarona|[spread] p2b
|-activate|p2a: Volcarona|move: Protect
|-damage|p2b: Kerchak|6/100
|-unboost|p1a: Gholdengo|spa|1
|-damage|p1a: Gholdengo|91/100|[from] item: Life Orb
|move|p2b: Kerchak|High Horsepower|p1a: Gholdengo
|-supereffective|p1a: Gholdengo
|-damage|p1a: Gholdengo|28/100
|
|-heal|p1a: Gholdengo|35/100|[from] Grassy Terrain
|-heal|p1b: Ursaluna|18/100|[from] Grassy Terrain
|-heal|p2a: Volcarona|18/100|[from] Grassy Terrain
|-heal|p2b: Kerchak|12/100|[from] Grassy Terrain
|-sideend|p1: marcosdeltasena31|move: Tailwind
|upkeep
|turn|6
|
|t:|1756331396
|move|p2b: Kerchak|Grassy Glide|p1b: Ursaluna
|-supereffective|p1b: Ursaluna
|-damage|p1b: Ursaluna|0 fnt
|faint|p1b: Ursaluna
|move|p1a: Gholdengo|Make It Rain|p2a: Volcarona|[spread] p2a,p2b
|-supereffective|p2a: Volcarona
|-damage|p2a: Volcarona|0 fnt
|-damage|p2b: Kerchak|0 fnt
|-unboost|p1a: Gholdengo|spa|1
|faint|p2a: Volcarona
|faint|p2b: Kerchak
|-damage|p1a: Gholdengo|25/100|[from] item: Life Orb
|
|win|marcosdeltasena31
||IngeVGC is ready for game 2.
|inactive|marcosdeltasena31 has 30 seconds to confirm battle start!
||marcosdeltasena31 is ready for game 2.
|uhtml|next|Next: Game 2 of 3
|l|☆marcosdeltasena31
|player|p1|
