|j|☆mikodex
|j|☆Govek314
|html|mikodexGovek314    
|uhtml|bestof|Game 3 of a best-of-3
|t:|1756852485
|gametype|doubles
|player|p1|mikodex|102|1112
|player|p2|Govek314|2|1122
|gen|9
|tier|[Gen 9] VGC 2025 Reg H (Bo3)
|rated|
|rule|Species Clause: Limit one of each Pokémon
|rule|Item Clause: Limit 1 of each item
|clearpoke
|poke|p1|Incineroar, L50, F|
|poke|p1|Flamigo, L50, M|
|poke|p1|Amoonguss, L50, F|
|poke|p1|Ursaluna-Bloodmoon, L50, M|
|poke|p1|Garchomp, L50, M|
|poke|p1|Gholdengo, L50|
|poke|p2|Hydreigon, L50, M|
|poke|p2|Ursaluna-Bloodmoon, L50, M|
|poke|p2|Gholdengo, L50|
|poke|p2|Weezing-Galar, L50, M|
|poke|p2|Porygon2, L50|
|poke|p2|Incineroar, L50, F|
|teampreview|4
|showteam|p1|Incineroar||SitrusBerry|Intimidate|KnockOff,PartingShot,FlareBlitz,FakeOut|||F|||50|,,,,,Grass]Flamigo||FocusSash|Scrappy|CloseCombat,BraveBird,Tailwind,Protect|||M|||50|,,,,,Stellar]Amoonguss||CovertCloak|Regenerator|ClearSmog,PollenPuff,Spore,RagePowder|||F|||50|,,,,,Dark]Ursaluna-Bloodmoon||LifeOrb|MindsEye|BloodMoon,EarthPower,HyperVoice,Protect|||M|||50|,,,,,Water]Garchomp||ClearAmulet|RoughSkin|StompingTantrum,Earthquake,DragonClaw,Protect|||M|||50|,,,,,Steel]Gholdengo||MetalCoat|GoodasGold|MakeItRain,ShadowBall,Protect,NastyPlot||||||50|,,,,,Water
|showteam|p2|Hydreigon||SafetyGoggles|Levitate|DracoMeteor,Snarl,Tailwind,Protect|||M|||50|,,,,,Ghost]Ursaluna-Bloodmoon||LifeOrb|MindsEye|BloodMoon,HyperVoice,Protect,EarthPower|||M|||50|,,,,,Normal]Gholdengo||ChoiceSpecs|GoodasGold|ShadowBall,DazzlingGleam,Thunderbolt,MakeItRain||||||50|,,,,,Fairy]Weezing-Galar||SitrusBerry|NeutralizingGas|GunkShot,PlayRough,Haze,Protect|||M|||50|,,,,,Water]Porygon2||Eviolite|Download|TeraBlast,IceBeam,Recover,TrickRoom||||||50|,,,,,Fighting]Incineroar||AbilityShield|Intimidate|FakeOut,FlareBlitz,KnockOff,PartingShot|||F|||50|,,,,,Ghost
|inactive|Battle timer is ON: inactive players will automatically lose when time's up. (requested by mikodex)
|inactive|mikodex has 60 seconds left.
|inactive|mikodex has 30 seconds left.
|
|t:|1756852586
|teamsize|p1|4
|teamsize|p2|4
|start
|switch|p1a: Flamigo|Flamigo, L50, M|100/100
|switch|p1b: rex|Garchomp, L50, M|100/100
|switch|p2a: Hydreigon|Hydreigon, L50, M|100/100
|switch|p2b: Incineroar|Incineroar, L50, F, shiny|100/100
|-ability|p2b: Incineroar|Intimidate|boost
|-fail|p1a: Flamigo|unboost|Attack|[from] ability: Scrappy|[of] p1a: Flamigo
|-fail|p1b: rex|unboost|[from] item: Clear Amulet|[of] p1b: rex
|turn|1
|
|t:|1756852605
|-terastallize|p2b: Incineroar|Ghost
|move|p1b: rex|Protect|p1b: rex
|-singleturn|p1b: rex|Protect
|move|p2a: Hydreigon|Protect|p2a: Hydreigon
|-singleturn|p2a: Hydreigon|Protect
|move|p1a: Flamigo|Protect|p1a: Flamigo
|-singleturn|p1a: Flamigo|Protect
|move|p2b: Incineroar|Flare Blitz|p1b: rex
|-activate|p1b: rex|move: Protect
|
|upkeep
|turn|2
|inactive|mikodex has 30 seconds left.
|inactive|mikodex has 20 seconds left.
|inactive|mikodex has 15 seconds left.
|
|t:|1756852650
|switch|p2a: Weezing|Weezing-Galar, L50, M, shiny|100/100
|-ability|p2a: Weezing|Neutralizing Gas
|-block|p2b: Incineroar|item: Ability Shield
|-terastallize|p1b: rex|Steel
|move|p1b: rex|Earthquake|p2b: Incineroar|[spread] p2a,p2b
|-immune|p1a: Flamigo
|-supereffective|p2a: Weezing
|-damage|p2a: Weezing|18/100
|-damage|p2b: Incineroar|60/100
|-enditem|p2a: Weezing|Sitrus Berry|[eat]
|-heal|p2a: Weezing|42/100|[from] item: Sitrus Berry
|move|p1a: Flamigo|Close Combat|p2a: Weezing
|-resisted|p2a: Weezing
|-damage|p2a: Weezing|29/100
|-unboost|p1a: Flamigo|def|1
|-unboost|p1a: Flamigo|spd|1
|move|p2b: Incineroar|Knock Off|p1b: rex
|-damage|p1b: rex|53/100
|-enditem|p1b: rex|Clear Amulet|[from] move: Knock Off|[of] p2b: Incineroar
|
|upkeep
|turn|3
|inactive|mikodex has 30 seconds left.
|
|t:|1756852684
|move|p2a: Weezing|Protect|p2a: Weezing
|-singleturn|p2a: Weezing|Protect
|move|p1b: rex|Earthquake|p2a: Weezing|[spread] p2b
|-activate|p2a: Weezing|move: Protect
|-immune|p1a: Flamigo
|-damage|p2b: Incineroar|20/100
|move|p1a: Flamigo|Brave Bird|p2b: Incineroar
|-damage|p2b: Incineroar|0 fnt
|faint|p2b: Incineroar
|-damage|p1a: Flamigo|93/100|[from] Recoil
|
|upkeep
|
|t:|1756852700
|switch|p2b: Hydreigon|Hydreigon, L50, M|100/100
|turn|4
|
|t:|1756852710
|move|p1b: rex|Earthquake|p2a: Weezing|[spread] p2a,p2b
|-immune|p1a: Flamigo
|-supereffective|p2a: Weezing
|-damage|p2a: Weezing|0 fnt
|-damage|p2b: Hydreigon|56/100
|faint|p2a: Weezing
|-end|p2a: Weezing|ability: Neutralizing Gas
|move|p2b: Hydreigon|Tailwind|p2b: Hydreigon
|-sidestart|p2: Govek314|move: Tailwind
|move|p1a: Flamigo|Close Combat|p2b: Hydreigon
|-supereffective|p2b: Hydreigon
|-damage|p2b: Hydreigon|0 fnt
|-unboost|p1a: Flamigo|def|1
|-unboost|p1a: Flamigo|spd|1
|faint|p2b: Hydreigon
|
|upkeep
|
|t:|1756852730
|switch|p2b: Ursaluna|Ursaluna-Bloodmoon, L50, M|100/100
|turn|5
|
|t:|1756852743
|move|p1b: rex|Protect|p1b: rex
|-singleturn|p1b: rex|Protect
|move|p1a: Flamigo|Protect|p1a: Flamigo
|-singleturn|p1a: Flamigo|Protect
|move|p2b: Ursaluna|Hyper Voice|p1a: Flamigo|[spread] 
|-activate|p1a: Flamigo|move: Protect
|-activate|p1b: rex|move: Protect
|
|upkeep
|turn|6
|
|t:|1756852764
|move|p2b: Ursaluna|Hyper Voice|p1a: Flamigo|[spread] p1a,p1b
|-resisted|p1b: rex
|-damage|p1a: Flamigo|0 fnt
|-damage|p1b: rex|27/100
|faint|p1a: Flamigo
|-damage|p2b: Ursaluna|91/100|[from] item: Life Orb
|move|p1b: rex|Earthquake|p2b: Ursaluna
|-damage|p2b: Ursaluna|49/100
|
|upkeep
|
|t:|1756852778
|switch|p1a: Incineroar|Incineroar, L50, F|100/100
|-ability|p1a: Incineroar|Intimidate|boost
|-unboost|p2b: Ursaluna|atk|1
|turn|7
|
|t:|1756852787
|move|p2b: Ursaluna|Protect|p2b: Ursaluna
|-singleturn|p2b: Ursaluna|Protect
|move|p1a: Incineroar|Fake Out|p2b: Ursaluna
|-activate|p2b: Ursaluna|move: Protect
|move|p1b: rex|Stomping Tantrum|p2b: Ursaluna
|-activate|p2b: Ursaluna|move: Protect
|
|-sideend|p2: Govek314|move: Tailwind
|upkeep
|turn|8
|inactive|mikodex has 30 seconds left.
|inactive|mikodex has 20 seconds left.
|inactive|mikodex has 15 seconds left.
|inactive|mikodex has 10 seconds left.
|
|t:|1756852834
|move|p1b: rex|Stomping Tantrum|p2b: Ursaluna
|-damage|p2b: Ursaluna|17/100
|move|p2b: Ursaluna|Hyper Voice|p1b: rex|[spread] p1a,p1b
|-resisted|p1b: rex
|-damage|p1a: Incineroar|55/100
|-damage|p1b: rex|2/100
|-damage|p2b: Ursaluna|8/100|[from] item: Life Orb
|move|p1a: Incineroar|Knock Off|p2b: Ursaluna
|-damage|p2b: Ursaluna|0 fnt
|-enditem|p2b: Ursaluna|Life Orb|[from] move: Knock Off|[of] p1a: Incineroar
|faint|p2b: Ursaluna
|
|win|mikodex
|raw|mikodex's rating: 1112 → 1138(+26 for winning)
|raw|Govek314's rating: 1122 → 1096(-26 for losing)
|l|☆mikodex
|player|p1|
