|j|☆Dumb5163
|j|☆Doomnik
|html|Dumb5163Doomnik    
|uhtml|bestof|Game 2 of a best-of-3
|t:|1756415187
|gametype|doubles
|player|p1|Dumb5163|266|1008
|player|p2|Doomnik|hiker-gen4|1060
|gen|9
|tier|[Gen 9] VGC 2025 Reg H (Bo3)
|rated|
|rule|Species Clause: Limit one of each Pokémon
|rule|Item Clause: Limit 1 of each item
|clearpoke
|poke|p1|Archaludon, L50, M|
|poke|p1|Maushold-Four, L50|
|poke|p1|Amoonguss, L50, F|
|poke|p1|Pelipper, L50, M|
|poke|p1|Basculegion, L50, M|
|poke|p1|Incineroar, L50, M|
|poke|p2|Ninetales-Alola, L50, F|
|poke|p2|Ursaluna-Bloodmoon, L50, M|
|poke|p2|Maushold-Four, L50|
|poke|p2|Annihilape, L50, M|
|poke|p2|Klefki, L50, F|
|poke|p2|Sinistcha-Masterpiece, L50|
|teampreview|4
|showteam|p1|Archaludon||AssaultVest|Stamina|BodyPress,DragonPulse,FlashCannon,ElectroShot|||M|||50|,,,,,Fighting]Maushold-Four||SafetyGoggles|FriendGuard|PopulationBomb,Protect,FollowMe,SuperFang||||||50|,,,,,Ghost]Amoonguss||MentalHerb|Regenerator|PollenPuff,Spore,Protect,RagePowder|||F|||50|,,,,,Water]Pelipper||Leftovers|Drizzle|WideGuard,Protect,Hurricane,WeatherBall|||M|||50|,,,,,Stellar]Basculegion||ChoiceBand|SwiftSwim|WaveCrash,FlipTurn,LastRespects,Waterfall|||M|||50|,,,,,Water]Incineroar||SitrusBerry|Intimidate|FakeOut,KnockOff,FlareBlitz,PartingShot|||M|||50|,,,,,Fire
|showteam|p2|Ninetales-Alola||FocusSash|SnowWarning|Blizzard,FreezeDry,Encore,Protect|||F|||50|,,,,,Ghost]Ursaluna-Bloodmoon||AssaultVest|MindsEye|BloodMoon,EarthPower,HyperVoice,VacuumWave|||M|||50|,,,,,Water]Maushold-Four||SafetyGoggles|FriendGuard|BeatUp,Taunt,FollowMe,Protect||||||50|,,,,,Ghost]Annihilape||Leftovers|Defiant|DrainPunch,RageFist,BulkUp,Protect|||M|||50|,,,,,Fire]Klefki||LightClay|Prankster|DazzlingGleam,Reflect,LightScreen,MistyTerrain|||F|||50|,,,,,Ghost]Sinistcha-Masterpiece||SitrusBerry|Hospitality|MatchaGotcha,RagePowder,LifeDew,TrickRoom||||||50|,,,,,Water
|inactive|Battle timer is ON: inactive players will automatically lose when time's up. (requested by Dumb5163)
|
|t:|1756415213
|teamsize|p1|4
|teamsize|p2|4
|start
|switch|p1a: Pelipper|Pelipper, L50, M|100/100
|switch|p1b: Basculegion|Basculegion, L50, M|100/100
|switch|p2a: Ursaluna|Ursaluna-Bloodmoon, L50, M|100/100
|switch|p2b: Klefki|Klefki, L50, F|100/100
|-weather|RainDance|[from] ability: Drizzle|[of] p1a: Pelipper
|turn|1
|
|t:|1756415227
|-terastallize|p2a: Ursaluna|Water
|move|p2b: Klefki|Reflect|p2b: Klefki
|-sidestart|p2: Doomnik|Reflect
|move|p1b: Basculegion|Flip Turn|p2a: Ursaluna
|-resisted|p2a: Ursaluna
|-damage|p2a: Ursaluna|83/100
|
|t:|1756415233
|switch|p1b: Maushold|Maushold-Four, L50|100/100|[from] Flip Turn
|move|p1a: Pelipper|Hurricane|p2a: Ursaluna
|-damage|p2a: Ursaluna|60/100
|move|p2a: Ursaluna|Hyper Voice|p1a: Pelipper|[spread] p1a,p1b
|-damage|p1a: Pelipper|58/100
|-damage|p1b: Maushold|55/100
|
|-weather|RainDance|[upkeep]
|-heal|p1a: Pelipper|64/100|[from] item: Leftovers
|upkeep
|turn|2
|
|t:|1756415254
|switch|p2b: Sinistcha|Sinistcha-Masterpiece, L50|100/100
|-heal|p2a: Ursaluna|85/100|[from] ability: Hospitality|[of] p2b: Sinistcha
|move|p1a: Pelipper|Wide Guard|p1a: Pelipper
|-singleturn|p1a: Pelipper|Wide Guard
|move|p1b: Maushold|Population Bomb|p2a: Ursaluna
|-damage|p2a: Ursaluna|82/100
|-damage|p2a: Ursaluna|79/100
|-damage|p2a: Ursaluna|76/100
|-damage|p2a: Ursaluna|73/100
|-damage|p2a: Ursaluna|70/100
|-damage|p2a: Ursaluna|67/100
|-damage|p2a: Ursaluna|64/100
|-damage|p2a: Ursaluna|61/100
|-damage|p2a: Ursaluna|58/100
|-crit|p2a: Ursaluna
|-damage|p2a: Ursaluna|53/100
|-hitcount|p2a: Ursaluna|10
|move|p2a: Ursaluna|Blood Moon|p1a: Pelipper
|-damage|p1a: Pelipper|0 fnt
|faint|p1a: Pelipper
|
|-weather|RainDance|[upkeep]
|upkeep
|
|t:|1756415268
|switch|p1a: Archaludon|Archaludon, L50, M|100/100
|turn|3
|
|t:|1756415281
|switch|p2a: Ninetales|Ninetales-Alola, L50, F|100/100
|-weather|Snowscape|[from] ability: Snow Warning|[of] p2a: Ninetales
|-terastallize|p1a: Archaludon|Fighting
|move|p1b: Maushold|Population Bomb|p1a: Archaludon
|-damage|p1a: Archaludon|96/100
|-ability|p1a: Archaludon|Stamina|boost
|-boost|p1a: Archaludon|def|1
|-damage|p1a: Archaludon|94/100
|-ability|p1a: Archaludon|Stamina|boost
|-boost|p1a: Archaludon|def|1
|-hitcount|p1a: Archaludon|2
|move|p1a: Archaludon|Electro Shot||[still]
|-prepare|p1a: Archaludon|Electro Shot
|-boost|p1a: Archaludon|spa|1
|move|p2b: Sinistcha|Trick Room|p2b: Sinistcha
|-fieldstart|move: Trick Room|[of] p2b: Sinistcha
|
|-weather|Snowscape|[upkeep]
|upkeep
|turn|4
|
|t:|1756415293
|move|p1b: Maushold|Follow Me|p1b: Maushold
|-singleturn|p1b: Maushold|move: Follow Me
|move|p2b: Sinistcha|Matcha Gotcha|p1b: Maushold|[spread] p1a,p1b
|-damage|p1a: Archaludon|76/100
|-damage|p1b: Maushold|25/100
|-status|p1a: Archaludon|brn
|-ability|p1a: Archaludon|Stamina|boost
|-boost|p1a: Archaludon|def|1
|move|p1a: Archaludon|Electro Shot|p2a: Ninetales|[from] lockedmove
|-damage|p2a: Ninetales|17/100
|move|p2a: Ninetales|Blizzard|p1b: Maushold|[spread] p1a,p1b
|-damage|p1a: Archaludon|53/100 brn
|-damage|p1b: Maushold|0 fnt
|-ability|p1a: Archaludon|Stamina|boost
|-boost|p1a: Archaludon|def|1
|faint|p1b: Maushold
|
|-weather|Snowscape|[upkeep]
|-damage|p1a: Archaludon|47/100 brn|[from] brn
|upkeep
|
|t:|1756415300
|switch|p1b: Basculegion|Basculegion, L50, M|100/100
|turn|5
|
|t:|1756415315
|move|p2b: Sinistcha|Matcha Gotcha|p1a: Archaludon|[spread] p1a
|-miss|p2b: Sinistcha|p1b: Basculegion
|-damage|p1a: Archaludon|22/100 brn
|-ability|p1a: Archaludon|Stamina|boost
|-boost|p1a: Archaludon|def|1
|move|p1b: Basculegion|Last Respects|p2a: Ninetales
|-damage|p2a: Ninetales|0 fnt
|faint|p2a: Ninetales
|move|p1a: Archaludon|Dragon Pulse|p2b: Sinistcha
|-crit|p2b: Sinistcha
|-damage|p2b: Sinistcha|11/100
|-enditem|p2b: Sinistcha|Sitrus Berry|[eat]
|-heal|p2b: Sinistcha|36/100|[from] item: Sitrus Berry
|
|-weather|Snowscape|[upkeep]
|-damage|p1a: Archaludon|16/100 brn|[from] brn
|upkeep
|
|t:|1756415322
|switch|p2a: Ursaluna|Ursaluna-Bloodmoon, L50, M, tera:Water|53/100
|turn|6
|
|t:|1756415332
|move|p2a: Ursaluna|Hyper Voice|p1a: Archaludon|[spread] p1a,p1b
|-damage|p1a: Archaludon|0 fnt
|-damage|p1b: Basculegion|59/100
|faint|p1a: Archaludon
|move|p2b: Sinistcha|Matcha Gotcha|p1b: Basculegion|[miss]
|-miss|p2b: Sinistcha|p1b: Basculegion
|move|p1b: Basculegion|Last Respects|p2a: Ursaluna
|-damage|p2a: Ursaluna|0 fnt
|faint|p2a: Ursaluna
|
|-weather|Snowscape|[upkeep]
|upkeep
|
|t:|1756415338
|switch|p2a: Klefki|Klefki, L50, F|100/100
|turn|7
|
|t:|1756415342
|move|p2b: Sinistcha|Matcha Gotcha|p1b: Basculegion
|-supereffective|p1b: Basculegion
|-damage|p1b: Basculegion|0 fnt
|-heal|p2b: Sinistcha|68/100|[from] drain|[of] p1b: Basculegion
|faint|p1b: Basculegion
|
|win|Doomnik
|raw|Dumb5163's rating: 1008 → 1000(-8 for losing)
|raw|Doomnik's rating: 1060 → 1086(+26 for winning)
|l|☆Dumb5163
|player|p1|
