|j|☆lockson1987
|j|☆Gancelot
|html|lockson1987Gancelot    
|uhtml|bestof|Game 2 of a best-of-3
|t:|1783393883
|gametype|doubles
|player|p1|lockson1987|emmet|1067
|player|p2|Gancelot|morty|1207
|gen|9
|tier|[Gen 9 Champions] VGC 2026 Reg M-B (Bo3)
|rated|
|rule|Species Clause: Limit one of each Pokémon
|rule|Item Clause: Limit 1 of each item
|clearpoke
|poke|p1|Scovillain, L50, F|
|poke|p1|Araquanid, L50, F, shiny|
|poke|p1|Aerodactyl, L50, F|
|poke|p1|Sinistcha, L50|
|poke|p1|Scizor, L50, M|
|poke|p1|Pelipper, L50, F, shiny|
|poke|p2|Sinistcha, L50|
|poke|p2|Incineroar, L50, M|
|poke|p2|Milotic, L50, M|
|poke|p2|Raichu, L50, F|
|poke|p2|Floette-Eternal, L50, F|
|poke|p2|Ceruledge, L50, F|
|teampreview|4
|showteam|p1|Scovillain||Scovillainite|Moody|Protect,RagePowder,GigaDrain,LeechSeed|Modest||F|||50|]Araquanid||LifeOrb|WaterBubble|PoisonJab,Liquidation,LeechLife,Protect|Adamant||F|||50|]Aerodactyl||FocusSash|Unnerve|DualWingbeat,RockSlide,WideGuard,Tailwind|Jolly||F|||50|]Sinistcha||SitrusBerry|Hospitality|MatchaGotcha,RagePowder,Protect,LifeDew|Modest|||||50|]Scizor||Scizorite|Technician|DualWingbeat,BulletPunch,BugBite,SwordsDance|Adamant||M|||50|]Pelipper||BrightPowder|Drizzle|Hurricane,WeatherBall,HydroPump,Tailwind|Bold||F|||50|
|showteam|p2|Sinistcha||KasibBerry|Hospitality|MatchaGotcha,LifeDew,RagePowder,Protect|Relaxed|||||50|]Incineroar||SitrusBerry|Intimidate|FlareBlitz,ThroatChop,FakeOut,PartingShot|Impish||M|||50|]Milotic||Leftovers|Competitive|MuddyWater,Coil,Hypnosis,Recover|Calm||M|||50|]Raichu||RaichuniteY|LightningRod|ZapCannon,FocusBlast,FakeOut,Protect|Timid||F|||50|]Floette-Eternal||Floettite|FlowerVeil|DazzlingGleam,DrainingKiss,CalmMind,Protect|Timid||F|||50|]Ceruledge||ColburBerry|FlashFire|BitterBlade,ShadowSneak,BulkUp,Protect|Adamant||F|||50|
|inactive|Battle timer is ON: inactive players will automatically lose when time's up. (requested by Gancelot)
|
|t:|1783393912
|teamsize|p1|4
|teamsize|p2|4
|start
|switch|p1a: Pelipper|Pelipper, L50, F, shiny|100/100
|switch|p1b: Araquanid|Araquanid, L50, F, shiny|100/100
|switch|p2a: Ceruledge|Ceruledge, L50, F|100/100
|switch|p2b: Raichu|Raichu, L50, F|100/100
|-weather|RainDance|[from] ability: Drizzle|[of] p1a: Pelipper
|turn|1
|
|t:|1783393931
|switch|p2a: Sinistcha|Sinistcha, L50|100/100
|detailschange|p2b: Raichu|Raichu-Mega-Y, L50, F
|-mega|p2b: Raichu|Raichu|Raichunite Y
|move|p2b: Raichu|Zap Cannon|p1a: Pelipper
|-supereffective|p1a: Pelipper|2
|-damage|p1a: Pelipper|0 fnt
|faint|p1a: Pelipper
|move|p1b: Araquanid|Liquidation|p2b: Raichu
|-damage|p2b: Raichu|0 fnt
|faint|p2b: Raichu
|-damage|p1b: Araquanid|90/100|[from] item: Life Orb
|
|-weather|RainDance|[upkeep]
|upkeep
|
|t:|1783393947
|switch|p2b: Ceruledge|Ceruledge, L50, F|100/100
|switch|p1a: Scovillain|Scovillain, L50, F|100/100
|turn|2
|
|t:|1783393969
|move|p2a: Sinistcha|Rage Powder|p2a: Sinistcha
|-singleturn|p2a: Sinistcha|move: Rage Powder
|move|p2b: Ceruledge|Bulk Up|p2b: Ceruledge
|-boost|p2b: Ceruledge|atk|1
|-boost|p2b: Ceruledge|def|1
|move|p1a: Scovillain|Leech Seed|p2b: Ceruledge
|-start|p2b: Ceruledge|move: Leech Seed
|move|p1b: Araquanid|Poison Jab|p2a: Sinistcha
|-damage|p2a: Sinistcha|79/100
|-damage|p1b: Araquanid|80/100|[from] item: Life Orb
|
|-weather|RainDance|[upkeep]
|-damage|p2b: Ceruledge|87/100|[from] Leech Seed|[of] p1a: Scovillain
|-ability|p1a: Scovillain|Moody|boost
|-boost|p1a: Scovillain|spa|2
|-unboost|p1a: Scovillain|atk|1
|upkeep
|turn|3
|
|t:|1783393993
|move|p2a: Sinistcha|Rage Powder|p2a: Sinistcha
|-singleturn|p2a: Sinistcha|move: Rage Powder
|move|p2b: Ceruledge|Bulk Up|p2b: Ceruledge
|-boost|p2b: Ceruledge|atk|1
|-boost|p2b: Ceruledge|def|1
|move|p1a: Scovillain|Giga Drain|p2b: Ceruledge
|-resisted|p2b: Ceruledge|1
|-damage|p2b: Ceruledge|56/100
|move|p1b: Araquanid|Leech Life|p2a: Sinistcha
|-damage|p2a: Sinistcha|48/100
|-heal|p1b: Araquanid|97/100|[from] drain|[of] p2a: Sinistcha
|-damage|p1b: Araquanid|87/100|[from] item: Life Orb
|
|-weather|RainDance|[upkeep]
|-damage|p2b: Ceruledge|44/100|[from] Leech Seed|[of] p1a: Scovillain
|-ability|p1a: Scovillain|Moody|boost
|-boost|p1a: Scovillain|def|2
|-unboost|p1a: Scovillain|atk|1
|upkeep
|turn|4
|inactive|lockson1987 has 30 seconds left.
|inactive|Gancelot has 30 seconds left.
|
|t:|1783394019
|move|p2a: Sinistcha|Rage Powder|p2a: Sinistcha
|-singleturn|p2a: Sinistcha|move: Rage Powder
|move|p2b: Ceruledge|Bitter Blade|p1a: Scovillain
|-damage|p1a: Scovillain|72/100
|-heal|p2b: Ceruledge|58/100|[from] drain|[of] p1a: Scovillain
|move|p1a: Scovillain|Giga Drain|p2b: Ceruledge
|-resisted|p2b: Ceruledge|1
|-damage|p2b: Ceruledge|29/100
|-heal|p1a: Scovillain|87/100|[from] drain|[of] p2b: Ceruledge
|move|p1b: Araquanid|Leech Life|p2a: Sinistcha
|-damage|p2a: Sinistcha|17/100
|-heal|p1b: Araquanid|100/100|[from] drain|[of] p2a: Sinistcha
|-damage|p1b: Araquanid|90/100|[from] item: Life Orb
|
|-weather|RainDance|[upkeep]
|-damage|p2b: Ceruledge|17/100|[from] Leech Seed|[of] p1a: Scovillain
|-heal|p1a: Scovillain|100/100|[silent]
|-ability|p1a: Scovillain|Moody|boost
|-boost|p1a: Scovillain|atk|2
|-unboost|p1a: Scovillain|spa|1
|upkeep
|turn|5
|inactive|lockson1987 has 30 seconds left.
|inactive|lockson1987 has 20 seconds left.
|
|t:|1783394055
|move|p2b: Ceruledge|Protect|p2b: Ceruledge
|-singleturn|p2b: Ceruledge|Protect
|move|p1a: Scovillain|Giga Drain|p2b: Ceruledge
|-activate|p2b: Ceruledge|move: Protect
|move|p2a: Sinistcha|Life Dew|p2a: Sinistcha|[spread] p2a,p2b
|-heal|p2a: Sinistcha|42/100
|-heal|p2b: Ceruledge|42/100
|move|p1b: Araquanid|Leech Life|p2a: Sinistcha
|-damage|p2a: Sinistcha|10/100
|-heal|p1b: Araquanid|100/100|[from] drain|[of] p2a: Sinistcha
|-damage|p1b: Araquanid|90/100|[from] item: Life Orb
|
|-weather|none
|-damage|p2b: Ceruledge|30/100|[from] Leech Seed|[of] p1a: Scovillain
|-ability|p1a: Scovillain|Moody|boost
|-boost|p1a: Scovillain|spa|2
|-unboost|p1a: Scovillain|spd|1
|upkeep
|turn|6
|inactive|lockson1987 has 30 seconds left.
|
|t:|1783394086
|detailschange|p1a: Scovillain|Scovillain-Mega, L50, F
|-mega|p1a: Scovillain|Scovillain|Scovillainite
|move|p2b: Ceruledge|Bitter Blade|p1a: Scovillain
|-damage|p1a: Scovillain|54/100
|-heal|p2b: Ceruledge|52/100|[from] drain|[of] p1a: Scovillain
|-immune|p2b: Ceruledge
|move|p1a: Scovillain|Giga Drain|p2b: Ceruledge
|-resisted|p2b: Ceruledge|1
|-damage|p2b: Ceruledge|8/100
|-heal|p1a: Scovillain|77/100|[from] drain|[of] p2b: Ceruledge
|move|p2a: Sinistcha|Life Dew|p2a: Sinistcha|[spread] p2a,p2b
|-heal|p2a: Sinistcha|35/100
|-heal|p2b: Ceruledge|33/100
|move|p1b: Araquanid|Leech Life|p2a: Sinistcha
|-damage|p2a: Sinistcha|2/100
|-heal|p1b: Araquanid|100/100|[from] drain|[of] p2a: Sinistcha
|-damage|p1b: Araquanid|90/100|[from] item: Life Orb
|
|-damage|p2b: Ceruledge|20/100y|[from] Leech Seed|[of] p1a: Scovillain
|-heal|p1a: Scovillain|90/100|[silent]
|upkeep
|turn|7
|inactive|lockson1987 has 30 seconds left.
|
|t:|1783394113
|move|p2b: Ceruledge|Bitter Blade|p1b: Araquanid
|-damage|p1b: Araquanid|35/100
|-heal|p2b: Ceruledge|45/100|[from] drain|[of] p1b: Araquanid
|move|p1a: Scovillain|Giga Drain|p2a: Sinistcha
|-resisted|p2a: Sinistcha|1
|-damage|p2a: Sinistcha|0 fnt
|-heal|p1a: Scovillain|91/100|[from] drain|[of] p2a: Sinistcha
|faint|p2a: Sinistcha
|move|p1b: Araquanid|Liquidation|p2b: Ceruledge
|-supereffective|p2b: Ceruledge|1
|-damage|p2b: Ceruledge|0 fnt
|faint|p2b: Ceruledge
|-damage|p1b: Araquanid|25/100|[from] item: Life Orb
|
|upkeep
|-message|Gancelot forfeited.
|
|win|lockson1987
