|j|☆reshiee
|j|☆Kattedragen50
|html|reshieeKattedragen50    
|uhtml|bestof|Game 1 of a best-of-3
|t:|1784496163
|gametype|doubles
|player|p1|reshiee|gwynn|1058
|player|p2|Kattedragen50|caitlin|1064
|gen|9
|tier|[Gen 9 Champions] VGC 2026 Reg M-B (Bo3)
|rated|
|rule|Species Clause: Limit one of each Pokémon
|rule|Item Clause: Limit 1 of each item
|clearpoke
|poke|p1|Charizard, L50, M|
|poke|p1|Venusaur, L50, F|
|poke|p1|Pelipper, L50, F|
|poke|p1|Grimmsnarl, L50, M|
|poke|p1|Basculegion, L50, M|
|poke|p1|Archaludon, L50, M|
|poke|p2|Malamar, L50, M, shiny|
|poke|p2|Meowstic, L50, M, shiny|
|poke|p2|Maushold-Four, L50|
|poke|p2|Froslass, L50, F|
|poke|p2|Sylveon, L50, M|
|poke|p2|Kleavor, L50, M|
|teampreview|4
|showteam|p1|Charizard||CharizarditeY|Blaze|HeatWave,WeatherBall,SolarBeam,Protect|Modest||M|||50|]Venusaur||FocusSash|Chlorophyll|SludgeBomb,EarthPower,SleepPowder,Protect|Modest||F|||50|]Pelipper||SitrusBerry|Drizzle|Hurricane,WeatherBall,Tailwind,WideGuard|Modest||F|||50|]Grimmsnarl||LightClay|Prankster|SpiritBreak,Reflect,LightScreen,PartingShot|Sassy||M|||50|]Basculegion||ChoiceScarf|Adaptability|WaveCrash,LastRespects,FlipTurn,AquaJet|Jolly||M|||50|]Archaludon||Leftovers|Stamina|DragonPulse,FlashCannon,ElectroShot,Protect|Calm||M|||50|
|showteam|p2|Malamar||Malamarite|Contrary|Superpower,KnockOff,PsychoCut,Protect|Adamant||M|||50|]Meowstic||FocusSash|Prankster|FakeOut,Gravity,Charm,FakeTears|Timid||M|||50|]Maushold-Four||KingsRock|FriendGuard|PopulationBomb,FollowMe,Taunt,Protect|Jolly|||||50|]Froslass||Froslassite|SnowCloak|Blizzard,ShadowBall,AuroraVeil,Protect|Modest||F|||50|]Sylveon||FairyFeather|Pixilate|HyperBeam,HyperVoice,Moonblast,Protect|Modest||M|||50|]Kleavor||LifeOrb|Sharpness|StoneAxe,XScissor,SwordsDance,CloseCombat|Jolly||M|||50|
|inactive|Battle timer is ON: inactive players will automatically lose when time's up. (requested by Kattedragen50)
|
|t:|1784496198
|teamsize|p1|4
|teamsize|p2|4
|start
|switch|p1a: Charizard|Charizard, L50, M|100/100
|switch|p1b: Venusaur|Venusaur, L50, F|100/100
|switch|p2a: Malamar|Malamar, L50, M, shiny|100/100
|switch|p2b: Meowstic|Meowstic, L50, M, shiny|100/100
|turn|1
|inactive|reshiee has 30 seconds left.
|
|t:|1784496231
|detailschange|p1a: Charizard|Charizard-Mega-Y, L50, M
|-mega|p1a: Charizard|Charizard|Charizardite Y
|-weather|SunnyDay|[from] ability: Drought|[of] p1a: Charizard
|detailschange|p2a: Malamar|Malamar-Mega, L50, M, shiny
|-mega|p2a: Malamar|Malamar|Malamarite
|move|p1b: Venusaur|Protect|p1b: Venusaur
|-singleturn|p1b: Venusaur|Protect
|move|p1a: Charizard|Protect|p1a: Charizard
|-singleturn|p1a: Charizard|Protect
|move|p2b: Meowstic|Fake Out|p1b: Venusaur
|-activate|p1b: Venusaur|move: Protect
|move|p2a: Malamar|Psycho Cut|p1b: Venusaur
|-activate|p1b: Venusaur|move: Protect
|
|-weather|SunnyDay|[upkeep]
|upkeep
|turn|2
|
|t:|1784496254
|move|p2b: Meowstic|Fake Tears|p2a: Malamar
|-boost|p2a: Malamar|spd|2
|move|p1b: Venusaur|Sleep Powder|p2a: Malamar
|-status|p2a: Malamar|slp|[from] move: Sleep Powder
|cant|p2a: Malamar|slp
|move|p1a: Charizard|Heat Wave|p2b: Meowstic|[spread] p2a,p2b
|-damage|p2a: Malamar|73/100 slp
|-damage|p2b: Meowstic|10/100
|
|-weather|SunnyDay|[upkeep]
|upkeep
|turn|3
|
|t:|1784496271
|move|p2b: Meowstic|Fake Tears|p2a: Malamar
|-boost|p2a: Malamar|spd|2
|move|p1b: Venusaur|Earth Power|p2a: Malamar
|-damage|p2a: Malamar|65/100 slp
|cant|p2a: Malamar|slp
|move|p1a: Charizard|Heat Wave|p2b: Meowstic|[spread] p2a,p2b
|-damage|p2a: Malamar|44/100 slp
|-damage|p2b: Meowstic|0 fnt
|faint|p2b: Meowstic
|
|-weather|SunnyDay|[upkeep]
|upkeep
|
|t:|1784496280
|switch|p2b: Sylveon|Sylveon, L50, M|100/100
|turn|4
|
|t:|1784496303
|move|p1b: Venusaur|Sleep Powder|p2b: Sylveon|[miss]
|-miss|p1b: Venusaur|p2b: Sylveon
|-curestatus|p2a: Malamar|slp|[msg]
|move|p2a: Malamar|Psycho Cut|p1b: Venusaur
|-supereffective|p1b: Venusaur|1
|-damage|p1b: Venusaur|2/100
|move|p1a: Charizard|Heat Wave|p2b: Sylveon|[spread] p2a,p2b
|-damage|p2a: Malamar|25/100
|-damage|p2b: Sylveon|45/100
|move|p2b: Sylveon|Hyper Voice|p1a: Charizard|[spread] p1a,p1b
|-resisted|p1a: Charizard|1
|-resisted|p1b: Venusaur|1
|-damage|p1a: Charizard|78/100
|-damage|p1b: Venusaur|0 fnt
|faint|p1b: Venusaur
|
|-weather|SunnyDay|[upkeep]
|upkeep
|
|t:|1784496319
|switch|p1b: Archaludon|Archaludon, L50, M|100/100
|turn|5
|
|t:|1784496339
|move|p2a: Malamar|Superpower|p1b: Archaludon
|-supereffective|p1b: Archaludon|1
|-damage|p1b: Archaludon|42/100
|-boost|p2a: Malamar|atk|1
|-boost|p2a: Malamar|def|1
|-ability|p1b: Archaludon|Stamina|boost
|-boost|p1b: Archaludon|def|1
|move|p1a: Charizard|Heat Wave|p2a: Malamar|[spread] p2a,p2b
|-damage|p2a: Malamar|4/100
|-damage|p2b: Sylveon|0 fnt
|-status|p2a: Malamar|brn
|faint|p2b: Sylveon
|move|p1b: Archaludon|Flash Cannon|p2a: Malamar
|-damage|p2a: Malamar|0 fnt
|faint|p2a: Malamar
|
|-weather|none
|-heal|p1b: Archaludon|48/100|[from] item: Leftovers
|upkeep
|
|t:|1784496349
|switch|p2b: Maushold|Maushold-Four, L50|100/100
|turn|6
|
|t:|1784496368
|switch|p1a: Pelipper|Pelipper, L50, F|100/100
|-weather|RainDance|[from] ability: Drizzle|[of] p1a: Pelipper
|move|p2b: Maushold|Population Bomb|p1a: Pelipper
|-damage|p1a: Pelipper|91/100
|-damage|p1a: Pelipper|82/100
|-damage|p1a: Pelipper|73/100
|-damage|p1a: Pelipper|64/100
|-damage|p1a: Pelipper|55/100
|-damage|p1a: Pelipper|46/100
|-enditem|p1a: Pelipper|Sitrus Berry|[eat]
|-heal|p1a: Pelipper|70/100|[from] item: Sitrus Berry
|-damage|p1a: Pelipper|61/100
|-damage|p1a: Pelipper|53/100
|-damage|p1a: Pelipper|44/100
|-crit|p1a: Pelipper
|-damage|p1a: Pelipper|33/100
|-hitcount|p1a: Pelipper|10
|move|p1b: Archaludon|Electro Shot||[still]
|-prepare|p1b: Archaludon|Electro Shot
|-boost|p1b: Archaludon|spa|1
|-anim|p1b: Archaludon|Electro Shot|p2b: Maushold
|-damage|p2b: Maushold|21/100
|
|-weather|RainDance|[upkeep]
|-heal|p1b: Archaludon|54/100|[from] item: Leftovers
|upkeep
|turn|7
|inactive|reshiee has 30 seconds left.
|inactive|Kattedragen50 has 30 seconds left.
|-message|Kattedragen50 forfeited.
|
|win|reshiee
|l|☆Kattedragen50
|player|p2|
||Kattedragen50 is ready for game 2.
