|j|☆gexulus
|j|☆parsley<3
|html|gexulusparsley<3    
|uhtml|bestof|Game 2 of a best-of-3
|t:|1755228395
|gametype|doubles
|player|p1|gexulus|2|1189
|player|p2|parsley<3|lacey|1251
|gen|9
|tier|[Gen 9] VGC 2025 Reg H (Bo3)
|rated|
|rule|Species Clause: Limit one of each Pokémon
|rule|Item Clause: Limit 1 of each item
|clearpoke
|poke|p1|Sneasler, L50, M|
|poke|p1|Rillaboom, L50, M|
|poke|p1|Volcarona, L50, M|
|poke|p1|Gholdengo, L50|
|poke|p1|Dragapult, L50, F|
|poke|p1|Incineroar, L50, M|
|poke|p2|Maushold, L50|
|poke|p2|Annihilape, L50, M|
|poke|p2|Grimmsnarl, L50, M|
|poke|p2|Gholdengo, L50|
|poke|p2|Dragonite, L50, F|
|poke|p2|Garchomp, L50, F|
|teampreview|4
|showteam|p1|Sneasler||GrassySeed|Unburden|DireClaw,CloseCombat,Protect,ThroatChop|||M|||50|,,,,,Dark]Rillaboom||AssaultVest|GrassySurge|Uturn,WoodHammer,GrassyGlide,FakeOut|||M|||50|,,,,,Grass]Volcarona||CovertCloak|FlameBody|RagePowder,Tailwind,QuiverDance,HeatWave|||M|||50|,,,,,Grass]Gholdengo||LifeOrb|GoodasGold|NastyPlot,Protect,MakeItRain,ShadowBall||||||50|,,,,,Steel]Dragapult||ChoiceBand|ClearBody|DragonDarts,PhantomForce,SuckerPunch,Uturn|||F|||50|,,,,,Dragon]Incineroar||SitrusBerry|Intimidate|WillOWisp,PartingShot,KnockOff,FakeOut|||M|||50|,,,,,Ghost
|showteam|p2|Maushold||WideLens|FriendGuard|PopulationBomb,BeatUp,Protect,FollowMe||||||50|,,,,,Ghost]Annihilape||SafetyGoggles|Defiant|RageFist,DrainPunch,Protect,BulkUp|||M|||50|,,,,,Fire]Grimmsnarl||LightClay|Prankster|ThunderWave,LightScreen,SpiritBreak,Reflect|||M|||50|,,,,,Ghost]Gholdengo||Leftovers|GoodasGold|MakeItRain,ShadowBall,Protect,NastyPlot||||||50|,,,,,Water]Dragonite||LoadedDice|Multiscale|ScaleShot,Tailwind,Protect,Haze|||F|||50|,,,,,Fairy]Garchomp||LifeOrb|RoughSkin|StompingTantrum,Earthquake,Protect,DragonClaw|||F|||50|,,,,,Ground
|j| Hockeystick7
|
|t:|1755228409
|teamsize|p1|4
|teamsize|p2|4
|start
|switch|p1a: Volcarona|Volcarona, L50, M|100/100
|switch|p1b: Rillaboom|Rillaboom, L50, M|100/100
|switch|p2a: angsty teenage son|Annihilape, L50, M|100/100
|switch|p2b: hetero couple|Maushold, L50|100/100
|-fieldstart|move: Grassy Terrain|[from] ability: Grassy Surge|[of] p1b: Rillaboom
|turn|1
|
|t:|1755228461
|move|p2b: hetero couple|Beat Up|p2a: angsty teenage son
|-damage|p2a: angsty teenage son|97/100
|-damage|p2a: angsty teenage son|95/100
|-damage|p2a: angsty teenage son|92/100
|-damage|p2a: angsty teenage son|89/100
|-hitcount|p2a: angsty teenage son|4
|move|p2a: angsty teenage son|Rage Fist|p1a: Volcarona
|-damage|p1a: Volcarona|0 fnt
|faint|p1a: Volcarona
|move|p1b: Rillaboom|Wood Hammer|p2a: angsty teenage son
|-damage|p2a: angsty teenage son|24/100
|-damage|p1b: Rillaboom|78/100|[from] Recoil
|
|-heal|p2a: angsty teenage son|30/100|[from] Grassy Terrain
|-heal|p1b: Rillaboom|84/100|[from] Grassy Terrain
|upkeep
|
|t:|1755228473
|switch|p1a: Gholdengo|Gholdengo, L50|100/100
|turn|2
|
|t:|1755228487
|-terastallize|p2a: angsty teenage son|Fire
|move|p2b: hetero couple|Follow Me|p2b: hetero couple
|-singleturn|p2b: hetero couple|move: Follow Me
|move|p2a: angsty teenage son|Rage Fist|p1b: Rillaboom
|-damage|p1b: Rillaboom|0 fnt
|faint|p1b: Rillaboom
|move|p1a: Gholdengo|Make It Rain|p2b: hetero couple|[spread] p2a,p2b
|-resisted|p2a: angsty teenage son
|-damage|p2a: angsty teenage son|8/100
|-damage|p2b: hetero couple|14/100
|-unboost|p1a: Gholdengo|spa|1
|-damage|p1a: Gholdengo|91/100|[from] item: Life Orb
|
|-heal|p2b: hetero couple|20/100|[from] Grassy Terrain
|-heal|p2a: angsty teenage son|14/100|[from] Grassy Terrain
|-heal|p1a: Gholdengo|97/100|[from] Grassy Terrain
|upkeep
|
|t:|1755228494
|switch|p1b: Dragapult|Dragapult, L50, F|100/100
|turn|3
|
|t:|1755228509
|-terastallize|p1b: Dragapult|Dragon
|move|p2b: hetero couple|Follow Me|p2b: hetero couple
|-singleturn|p2b: hetero couple|move: Follow Me
|move|p1b: Dragapult|Dragon Darts|p2b: hetero couple
|-damage|p2b: hetero couple|0 fnt
|faint|p2b: hetero couple
|move|p2a: angsty teenage son|Rage Fist|p1a: Gholdengo
|-supereffective|p1a: Gholdengo
|-damage|p1a: Gholdengo|0 fnt
|faint|p1a: Gholdengo
|
|-heal|p2a: angsty teenage son|20/100|[from] Grassy Terrain
|upkeep
|
|t:|1755228518
|switch|p2b: homosexual 2|Garchomp, L50, F|100/100
|turn|4
|
|t:|1755228528
|move|p2b: homosexual 2|Protect|p2b: homosexual 2
|-singleturn|p2b: homosexual 2|Protect
|move|p1b: Dragapult|Dragon Darts|p2a: angsty teenage son
|-damage|p2a: angsty teenage son|0 fnt
|faint|p2a: angsty teenage son
|
|upkeep
|c|☆parsley<3|i misplayed but its alr
|
|t:|1755228533
|switch|p2a: homosexual 1|Dragonite, L50, F|100/100
|turn|5
|
|t:|1755228542
|move|p2b: homosexual 2|Protect||[still]
|-fail|p2b: homosexual 2
|move|p1b: Dragapult|Dragon Darts|p2a: homosexual 1
|-supereffective|p2a: homosexual 1
|-damage|p2a: homosexual 1|38/100
|-anim|p1b: Dragapult|Dragon Darts|p2b: homosexual 2
|-supereffective|p2b: homosexual 2
|-damage|p2b: homosexual 2|0 fnt
|faint|p2b: homosexual 2
|move|p2a: homosexual 1|Scale Shot|p1b: Dragapult
|-supereffective|p1b: Dragapult
|-damage|p1b: Dragapult|63/100
|-supereffective|p1b: Dragapult
|-damage|p1b: Dragapult|27/100
|-supereffective|p1b: Dragapult
|-damage|p1b: Dragapult|0 fnt
|faint|p1b: Dragapult
|-hitcount|p1: Dragapult|3
|
|win|parsley<3
|raw|gexulus's rating: 1189 → 1168(-21 for losing)
|raw|parsley<3's rating: 1251 → 1272(+21 for winning)
