|j|☆Giraldo567
|j|☆naxlkvnfsbou
|html|Giraldo567naxlkvnfsbou    
|uhtml|bestof|Game 1 of a best-of-3
|t:|1757725310
|gametype|doubles
|player|p1|Giraldo567|1|1068
|player|p2|naxlkvnfsbou|2|1000
|gen|9
|tier|[Gen 9] VGC 2025 Reg H (Bo3)
|rated|
|rule|Species Clause: Limit one of each Pokémon
|rule|Item Clause: Limit 1 of each item
|clearpoke
|poke|p1|Grimmsnarl, L50, M|
|poke|p1|Pelipper, L50, F|
|poke|p1|Incineroar, L50, M|
|poke|p1|Gholdengo, L50|
|poke|p1|Archaludon, L50, F|
|poke|p1|Electabuzz, L50, M|
|poke|p2|Illumise, L50, F|
|poke|p2|Gholdengo, L50|
|poke|p2|Incineroar, L50, M|
|poke|p2|Primarina, L50, M|
|poke|p2|Kommo-o, L50, F|
|poke|p2|Clefairy, L50, M|
|teampreview|4
|showteam|p1|Grimmsnarl||LightClay|Prankster|LightScreen,Reflect,ThunderWave,PlayRough|||M|||50|,,,,,Dark]Pelipper||DampRock|Drizzle|Protect,Tailwind,WeatherBall,Hurricane|||F|||50|,,,,,Dragon]Incineroar||SafetyGoggles|Intimidate|FakeOut,PartingShot,KnockOff,FlareBlitz|||M|||50|,,,,,Bug]Gholdengo||LifeOrb|GoodasGold|NastyPlot,Protect,MakeItRain,ShadowBall||||||50|,,,,,Steel]Archaludon||PowerHerb|Stalwart|ElectroShot,Protect,FlashCannon,DracoMeteor|||F|||50|,,,,,Grass]Electabuzz||Eviolite|VitalSpirit|FollowMe,Electroweb,Thunderbolt,KnockOff|||M|||50|,,,,,Electric
|showteam|p2|Illumise||CovertCloak|Prankster|Protect,Infestation,Tailwind,FakeTears|||F|||50|,,,,,Dark]Gholdengo||Leftovers|GoodasGold|Protect,MakeItRain,ShadowBall,NastyPlot||||||50|,,,,,Water]Incineroar||AssaultVest|Intimidate|FlareBlitz,KnockOff,Uturn,FakeOut|||M|||50|,,,,,Dragon]Primarina||LifeOrb|LiquidVoice|Protect,HyperVoice,Moonblast,PerishSong|||M|||50|,,,,,Steel]Kommo-o||ChoiceSpecs|Overcoat|ClangingScales,DracoMeteor,AuraSphere,Flamethrower|||F|||50|,,,,,Fire]Clefairy||Eviolite|FriendGuard|FollowMe,Protect,AfterYou,HelpingHand|||M|||50|,,,,,Grass
|inactive|Battle timer is ON: inactive players will automatically lose when time's up. (requested by Giraldo567)
|
|t:|1757725376
|teamsize|p1|4
|teamsize|p2|4
|start
|switch|p1a: Gholdengo|Gholdengo, L50|100/100
|switch|p1b: Pelipper|Pelipper, L50, F|100/100
|switch|p2a: Illumise|Illumise, L50, F|100/100
|switch|p2b: Kommo-o|Kommo-o, L50, F|100/100
|-weather|RainDance|[from] ability: Drizzle|[of] p1b: Pelipper
|turn|1
|inactive|naxlkvnfsbou has 30 seconds left.
|inactive|naxlkvnfsbou has 20 seconds left.
|
|t:|1757725414
|move|p2a: Illumise|Fake Tears|p1b: Pelipper
|-unboost|p1b: Pelipper|spd|2
|move|p2b: Kommo-o|Clanging Scales|p1a: Gholdengo|[spread] p1a,p1b
|-resisted|p1a: Gholdengo
|-damage|p1a: Gholdengo|74/100
|-damage|p1b: Pelipper|0 fnt
|faint|p1b: Pelipper
|-unboost|p2b: Kommo-o|def|1
|move|p1a: Gholdengo|Nasty Plot|p1a: Gholdengo
|-boost|p1a: Gholdengo|spa|2
|
|-weather|RainDance|[upkeep]
|upkeep
|
|t:|1757725430
|switch|p1b: Incineroar|Incineroar, L50, M|100/100
|-ability|p1b: Incineroar|Intimidate|boost
|-unboost|p2a: Illumise|atk|1
|-unboost|p2b: Kommo-o|atk|1
|turn|2
|inactive|naxlkvnfsbou has 30 seconds left.
|
|t:|1757725459
|switch|p2b: Incineroar|Incineroar, L50, M|100/100
|-ability|p2b: Incineroar|Intimidate|boost
|-unboost|p1a: Gholdengo|atk|1
|-unboost|p1b: Incineroar|atk|1
|move|p2a: Illumise|Protect|p2a: Illumise
|-singleturn|p2a: Illumise|Protect
|move|p1b: Incineroar|Fake Out|p2b: Incineroar
|-damage|p2b: Incineroar|93/100
|move|p1a: Gholdengo|Make It Rain|p2a: Illumise|[spread] p2b
|-activate|p2a: Illumise|move: Protect
|-resisted|p2b: Incineroar
|-damage|p2b: Incineroar|62/100
|-unboost|p1a: Gholdengo|spa|1
|-damage|p1a: Gholdengo|64/100|[from] item: Life Orb
|
|-weather|RainDance|[upkeep]
|upkeep
|turn|3
|inactive|naxlkvnfsbou has 30 seconds left.
|inactive|naxlkvnfsbou has 20 seconds left.
|inactive|naxlkvnfsbou has 15 seconds left.
|
|t:|1757725502
|switch|p1b: Archaludon|Archaludon, L50, F|100/100
|move|p2a: Illumise|Infestation|p1b: Archaludon
|-resisted|p1b: Archaludon
|-damage|p1b: Archaludon|97/100
|-activate|p1b: Archaludon|move: Infestation|[of] p2a: Illumise
|move|p1a: Gholdengo|Make It Rain|p2b: Incineroar|[spread] p2a,p2b
|-resisted|p2b: Incineroar
|-damage|p2a: Illumise|2/100
|-damage|p2b: Incineroar|36/100
|-unboost|p1a: Gholdengo|spa|1
|-damage|p1a: Gholdengo|55/100|[from] item: Life Orb
|move|p2b: Incineroar|U-turn|p1b: Archaludon
|-resisted|p1b: Archaludon
|-damage|p1b: Archaludon|88/100
|
|t:|1757725521
|switch|p2b: Kommo-o|Kommo-o, L50, F|100/100|[from] U-turn
|
|-weather|RainDance|[upkeep]
|-damage|p1b: Archaludon|76/100|[from] move: Infestation|[partiallytrapped]
|upkeep
|turn|4
|
|t:|1757725545
|-terastallize|p2b: Kommo-o|Fire
|move|p1b: Archaludon|Protect|p1b: Archaludon
|-singleturn|p1b: Archaludon|Protect
|move|p2a: Illumise|Fake Tears|p1b: Archaludon
|-activate|p1b: Archaludon|move: Protect
|move|p2b: Kommo-o|Clanging Scales|p1a: Gholdengo|[spread] p1a
|-activate|p1b: Archaludon|move: Protect
|-resisted|p1a: Gholdengo
|-damage|p1a: Gholdengo|30/100
|-unboost|p2b: Kommo-o|def|1
|move|p1a: Gholdengo|Nasty Plot|p1a: Gholdengo
|-boost|p1a: Gholdengo|spa|2
|
|-weather|RainDance|[upkeep]
|-damage|p1b: Archaludon|63/100|[from] move: Infestation|[partiallytrapped]
|upkeep
|turn|5
|inactive|naxlkvnfsbou has 30 seconds left.
|
|t:|1757725572
|move|p2a: Illumise|Tailwind|p2a: Illumise
|-sidestart|p2: naxlkvnfsbou|move: Tailwind
|move|p2b: Kommo-o|Clanging Scales|p1b: Archaludon|[spread] p1a,p1b
|-resisted|p1a: Gholdengo
|-damage|p1a: Gholdengo|5/100
|-damage|p1b: Archaludon|0 fnt
|faint|p1b: Archaludon
|-unboost|p2b: Kommo-o|def|1
|move|p1a: Gholdengo|Make It Rain|p2b: Kommo-o|[spread] p2a,p2b
|-resisted|p2b: Kommo-o
|-damage|p2a: Illumise|0 fnt
|-damage|p2b: Kommo-o|40/100
|-unboost|p1a: Gholdengo|spa|1
|faint|p2a: Illumise
|-damage|p1a: Gholdengo|0 fnt|[from] item: Life Orb
|faint|p1a: Gholdengo
|
|-weather|RainDance|[upkeep]
|upkeep
|
|t:|1757725589
|switch|p1b: Incineroar|Incineroar, L50, M|100/100
|switch|p2a: Incineroar|Incineroar, L50, M|36/100
|-ability|p2a: Incineroar|Intimidate|boost
|-unboost|p1b: Incineroar|atk|1
|-ability|p1b: Incineroar|Intimidate|boost
|-unboost|p2a: Incineroar|atk|1
|-unboost|p2b: Kommo-o|atk|1
|turn|6
|
|t:|1757725603
|switch|p2b: Primarina|Primarina, L50, M|100/100
|-terastallize|p1b: Incineroar|Bug
|move|p2a: Incineroar|Fake Out|p1b: Incineroar
|-damage|p1b: Incineroar|93/100
|cant|p1b: Incineroar|flinch
|
|-weather|RainDance|[upkeep]
|upkeep
|turn|7
|inactive|naxlkvnfsbou has 30 seconds left.
|
|t:|1757725633
|move|p2b: Primarina|Hyper Voice|p1b: Incineroar
|-damage|p1b: Incineroar|7/100
|-damage|p2b: Primarina|91/100|[from] item: Life Orb
|move|p2a: Incineroar|Flare Blitz|p1b: Incineroar
|-supereffective|p1b: Incineroar
|-damage|p1b: Incineroar|0 fnt
|faint|p1b: Incineroar
|-damage|p2a: Incineroar|34/100|[from] Recoil
|
|win|naxlkvnfsbou
||Giraldo567 is ready for game 2.
|inactive|naxlkvnfsbou has 30 seconds to confirm battle start!
||naxlkvnfsbou is ready for game 2.
|uhtml|next|Next: Game 2 of 3
|l|☆Giraldo567
|player|p1|
