|j|☆cobalt6767
|j|☆thecouchpotato12
|html|cobalt6767thecouchpotato12    
|uhtml|bestof|Game 1 of a best-of-3
|t:|1757911814
|gametype|doubles
|player|p1|cobalt6767|265|1213
|player|p2|thecouchpotato12|veteran|1302
|gen|9
|tier|[Gen 9] VGC 2025 Reg H (Bo3)
|rated|
|rule|Species Clause: Limit one of each Pokémon
|rule|Item Clause: Limit 1 of each item
|clearpoke
|poke|p1|Sneasler, L50, F|
|poke|p1|Primarina, L50, F|
|poke|p1|Kingambit, L50, F|
|poke|p1|Rillaboom, L50, F|
|poke|p1|Electabuzz, L50, M|
|poke|p1|Dragapult, L50, F|
|poke|p2|Ursaluna-Bloodmoon, L50, M|
|poke|p2|Incineroar, L50, M|
|poke|p2|Gholdengo, L50|
|poke|p2|Sneasler, L50, M|
|poke|p2|Ninetales-Alola, L50, M|
|poke|p2|Rillaboom, L50, F|
|teampreview|4
|showteam|p1|Sneasler||FocusSash|PoisonTouch|DireClaw,CloseCombat,Protect,FakeOut|||F|||50|,,,,,Stellar]Primarina||ThroatSpray|LiquidVoice|Protect,HyperVoice,Moonblast,Haze|||F|||50|,,,,,Poison]Kingambit||BlackGlasses|Defiant|KowtowCleave,SwordsDance,SuckerPunch,Protect|||F|||50|,,,,,Dark]Rillaboom||AssaultVest|GrassySurge|WoodHammer,Uturn,GrassyGlide,FakeOut|||F|||50|,,,,,Fire]Electabuzz||Eviolite|VitalSpirit|Electroweb,Taunt,Protect,FollowMe|||M|||50|,,,,,Fairy]Dragapult||ChoiceBand|ClearBody|DragonDarts,Uturn,PhantomForce,Outrage|||F|||50|,,,,,Dragon
|showteam|p2|Ursaluna-Bloodmoon||Leftovers|MindsEye|BloodMoon,EarthPower,Protect,Yawn|||M|||50|,,,,,Electric]Incineroar||SafetyGoggles|Intimidate|FlareBlitz,FakeOut,KnockOff,PartingShot|||M|||50|,,,,,Ghost]Gholdengo||LifeOrb|GoodasGold|MakeItRain,ShadowBall,Protect,NastyPlot||||||50|,,,,,Water]Sneasler||GrassySeed|Pressure|CloseCombat,Acrobatics,Protect,SwordsDance|||M|||50|,,,,,Flying]Ninetales-Alola||FocusSash|SnowWarning|Blizzard,IcyWind,Disable,Protect|||M|||50|,,,,,Ghost]Rillaboom||AssaultVest|GrassySurge|WoodHammer,GrassyGlide,FakeOut,HighHorsepower|||F|||50|,,,,,Fire
|inactive|Battle timer is ON: inactive players will automatically lose when time's up. (requested by cobalt6767)
|inactive|thecouchpotato12 has 60 seconds left.
|inactive|thecouchpotato12 has 30 seconds left.
|inactive|thecouchpotato12 has 20 seconds left.
|inactive|thecouchpotato12 has 15 seconds left.
|
|t:|1757911929
|teamsize|p1|4
|teamsize|p2|4
|start
|switch|p1a: Sneasler|Sneasler, L50, F|100/100
|switch|p1b: Kingambit|Kingambit, L50, F|100/100
|switch|p2a: Gholdengo|Gholdengo, L50|100/100
|switch|p2b: Rillaboom|Rillaboom, L50, F|100/100
|-fieldstart|move: Grassy Terrain|[from] ability: Grassy Surge|[of] p2b: Rillaboom
|turn|1
|inactive|thecouchpotato12 has 30 seconds left.
|
|t:|1757911956
|switch|p2b: Sneasler|Sneasler, L50, M|100/100
|-ability|p2b: Sneasler|Pressure
|-enditem|p2b: Sneasler|Grassy Seed
|-boost|p2b: Sneasler|def|1|[from] item: Grassy Seed
|move|p1a: Sneasler|Fake Out|p2b: Sneasler
|-damage|p2b: Sneasler|87/100
|move|p2a: Gholdengo|Make It Rain|p1a: Sneasler|[spread] p1a,p1b
|-resisted|p1b: Kingambit
|-damage|p1a: Sneasler|27/100
|-damage|p1b: Kingambit|73/100
|-unboost|p2a: Gholdengo|spa|1
|-damage|p2a: Gholdengo|91/100|[from] item: Life Orb
|move|p1b: Kingambit|Kowtow Cleave|p2a: Gholdengo
|-supereffective|p2a: Gholdengo
|-damage|p2a: Gholdengo|0 fnt
|faint|p2a: Gholdengo
|
|-heal|p1a: Sneasler|33/100|[from] Grassy Terrain
|-heal|p2b: Sneasler|93/100|[from] Grassy Terrain
|-heal|p1b: Kingambit|79/100|[from] Grassy Terrain
|upkeep
|
|t:|1757911973
|switch|p2a: Rillaboom|Rillaboom, L50, F|100/100
|turn|2
|inactive|cobalt6767 has 30 seconds left.
|inactive|thecouchpotato12 has 30 seconds left.
|
|t:|1757912006
|move|p1a: Sneasler|Protect|p1a: Sneasler
|-singleturn|p1a: Sneasler|Protect
|move|p1b: Kingambit|Protect|p1b: Kingambit
|-singleturn|p1b: Kingambit|Protect
|move|p2a: Rillaboom|Fake Out|p1a: Sneasler
|-activate|p1a: Sneasler|move: Protect
|move|p2b: Sneasler|Swords Dance|p2b: Sneasler
|-boost|p2b: Sneasler|atk|2
|
|-heal|p1a: Sneasler|39/100|[from] Grassy Terrain
|-heal|p2b: Sneasler|99/100|[from] Grassy Terrain
|-heal|p1b: Kingambit|85/100|[from] Grassy Terrain
|upkeep
|turn|3
|
|t:|1757912023
|switch|p1b: Dragapult|Dragapult, L50, F|100/100
|-terastallize|p2a: Rillaboom|Fire
|move|p1a: Sneasler|Dire Claw|p2a: Rillaboom
|-damage|p2a: Rillaboom|58/100
|-status|p2a: Rillaboom|slp
|move|p2b: Sneasler|Close Combat|p1b: Dragapult
|-immune|p1b: Dragapult
|cant|p2a: Rillaboom|slp
|
|-heal|p1a: Sneasler|45/100|[from] Grassy Terrain
|-heal|p2b: Sneasler|100/100|[from] Grassy Terrain
|-heal|p2a: Rillaboom|64/100 slp|[from] Grassy Terrain
|upkeep
|turn|4
|
|t:|1757912045
|move|p1b: Dragapult|Dragon Darts|p2b: Sneasler
|-damage|p2b: Sneasler|67/100
|-anim|p1b: Dragapult|Dragon Darts|p2a: Rillaboom
|-damage|p2a: Rillaboom|31/100 slp
|move|p1a: Sneasler|Dire Claw|p2b: Sneasler
|-resisted|p2b: Sneasler
|-damage|p2b: Sneasler|47/100
|move|p2b: Sneasler|Acrobatics|p1b: Dragapult
|-damage|p1b: Dragapult|0 fnt
|faint|p1b: Dragapult
|cant|p2a: Rillaboom|slp
|
|-heal|p1a: Sneasler|50/100|[from] Grassy Terrain
|-heal|p2b: Sneasler|53/100|[from] Grassy Terrain
|-heal|p2a: Rillaboom|37/100 slp|[from] Grassy Terrain
|upkeep
|
|t:|1757912067
|switch|p1b: Primarina|Primarina, L50, F|100/100
|turn|5
|
|t:|1757912095
|-terastallize|p1b: Primarina|Poison
|move|p1a: Sneasler|Dire Claw|p2b: Sneasler
|-resisted|p2b: Sneasler
|-damage|p2b: Sneasler|32/100
|move|p2b: Sneasler|Acrobatics|p1b: Primarina
|-damage|p1b: Primarina|22/100
|cant|p2a: Rillaboom|slp
|move|p1b: Primarina|Hyper Voice|p2b: Sneasler|[spread] p2a,p2b
|-supereffective|p2a: Rillaboom
|-damage|p2a: Rillaboom|0 fnt
|-damage|p2b: Sneasler|0 fnt
|faint|p2a: Rillaboom
|faint|p2b: Sneasler
|-enditem|p1b: Primarina|Throat Spray
|-boost|p1b: Primarina|spa|1|[from] item: Throat Spray
|
|-heal|p1a: Sneasler|56/100|[from] Grassy Terrain
|-heal|p1b: Primarina|28/100|[from] Grassy Terrain
|-fieldend|move: Grassy Terrain
|upkeep
|-message|thecouchpotato12 forfeited.
|
|win|cobalt6767
||thecouchpotato12 is ready for game 2.
||cobalt6767 is ready for game 2.
|uhtml|next|Next: Game 2 of 3
|l|☆cobalt6767
|player|p1|
