|j|☆browe
|j|☆SabasVGC
|html|broweSabasVGC    
|uhtml|bestof|Game 2 of a best-of-3
|t:|1757728924
|gametype|doubles
|player|p1|browe|shadowtriad|1207
|player|p2|SabasVGC|bugcatcher-gen4dp|1303
|gen|9
|tier|[Gen 9] VGC 2025 Reg H (Bo3)
|rated|
|rule|Species Clause: Limit one of each Pokémon
|rule|Item Clause: Limit 1 of each item
|clearpoke
|poke|p1|Sneasler, L50, M|
|poke|p1|Pelipper, L50, F|
|poke|p1|Basculegion, L50, M|
|poke|p1|Indeedee, L50, M|
|poke|p1|Amoonguss, L50, M|
|poke|p1|Archaludon, L50, F|
|poke|p2|Dondozo, L50, F|
|poke|p2|Tatsugiri-Droopy, L50, F|
|poke|p2|Slaking, L50, F|
|poke|p2|Weezing, L50, F|
|poke|p2|Garchomp, L50, F|
|poke|p2|Kilowattrel, L50, F|
|teampreview|4
|showteam|p1|Sneasler||PsychicSeed|Unburden|DireClaw,CloseCombat,ThroatChop,Protect|||M|||50|,,,,,Dark]Pelipper||FocusSash|Drizzle|Hurricane,WeatherBall,Tailwind,Protect|||F|||50|,,,,,Ghost]Basculegion||ChoiceBand|SwiftSwim|WaveCrash,LastRespects,AquaJet,FlipTurn|||M|||50|,,,,,Grass]Indeedee||ChoiceScarf|PsychicSurge|ExpandingForce,DazzlingGleam,ShadowBall,Trick|||M|||50|,,,,,Psychic]Amoonguss||SitrusBerry|Regenerator|PollenPuff,RagePowder,ClearSmog,Spore|||M|||50|,,,,,Psychic]Archaludon||AssaultVest|Stamina|DracoMeteor,FlashCannon,ElectroShot,BodyPress|||F|||50|,,,,,Bug
|showteam|p2|Dondozo||Leftovers|Unaware|Protect,OrderUp,BodyPress,RockSlide|||F|||50|,,,,,Grass]Tatsugiri-Droopy||ChoiceScarf|Commander|HelpingHand,IcyWind,MuddyWater,DracoMeteor|||F|||50|,,,,,Steel]Slaking||SitrusBerry|Truant|PlayRough,HighHorsepower,KnockOff,Protect|||F|||50|,,,,,Fairy]Weezing||RockyHelmet|NeutralizingGas|Protect,Taunt,WillOWisp,SludgeBomb|||F|||50|,,,,,Flying]Garchomp||LifeOrb|RoughSkin|Earthquake,StompingTantrum,DragonClaw,Protect|||F|||50|,,,,,Ground]Kilowattrel||FocusSash|Competitive|Discharge,Tailwind,AirSlash,Protect|||F|||50|,,,,,Ghost
|
|t:|1757728957
|teamsize|p1|4
|teamsize|p2|4
|start
|switch|p1a: Sneasler|Sneasler, L50, M|100/100
|switch|p1b: Amoonguss|Amoonguss, L50, M|100/100
|switch|p2a: Garchomp|Garchomp, L50, F, shiny|100/100
|switch|p2b: Weezing|Weezing, L50, F, shiny|100/100
|-ability|p2b: Weezing|Neutralizing Gas
|turn|1
|
|t:|1757728991
|move|p1a: Sneasler|Protect|p1a: Sneasler
|-singleturn|p1a: Sneasler|Protect
|move|p2a: Garchomp|Stomping Tantrum|p1a: Sneasler
|-activate|p1a: Sneasler|move: Protect
|move|p2b: Weezing|Taunt|p1b: Amoonguss
|-start|p1b: Amoonguss|move: Taunt
|cant|p1b: Amoonguss|move: Taunt|Spore
|
|upkeep
|turn|2
|
|t:|1757729021
|switch|p1a: Pelipper|Pelipper, L50, F|100/100
|move|p2a: Garchomp|Earthquake|p1a: Pelipper|[spread] p2b,p1b
|-immune|p1a: Pelipper
|-supereffective|p2b: Weezing
|-damage|p2b: Weezing|2/100
|-damage|p1b: Amoonguss|60/100
|-damage|p2a: Garchomp|91/100|[from] item: Life Orb
|move|p2b: Weezing|Sludge Bomb|p1b: Amoonguss
|-damage|p1b: Amoonguss|35/100
|-enditem|p1b: Amoonguss|Sitrus Berry|[eat]
|-heal|p1b: Amoonguss|60/100|[from] item: Sitrus Berry
|move|p1b: Amoonguss|Pollen Puff|p2b: Weezing
|-resisted|p2b: Weezing
|-damage|p2b: Weezing|0 fnt
|faint|p2b: Weezing
|-end|p2b: Weezing|ability: Neutralizing Gas
|-weather|RainDance|[from] ability: Drizzle|[of] p1a: Pelipper
|
|-weather|RainDance|[upkeep]
|upkeep
|
|t:|1757729044
|switch|p2b: Kilowattrel|Kilowattrel, L50, F, shiny|100/100
|turn|3
|
|t:|1757729081
|move|p2b: Kilowattrel|Discharge|p1b: Amoonguss|[spread] p1a,p1b
|-immune|p2a: Garchomp
|-supereffective|p1a: Pelipper
|-resisted|p1b: Amoonguss
|-enditem|p1a: Pelipper|Focus Sash
|-damage|p1a: Pelipper|1/100
|-damage|p1b: Amoonguss|48/100
|move|p2a: Garchomp|Dragon Claw|p1a: Pelipper
|-damage|p1a: Pelipper|0 fnt
|faint|p1a: Pelipper
|-damage|p2a: Garchomp|81/100|[from] item: Life Orb
|move|p1b: Amoonguss|Pollen Puff|p2b: Kilowattrel
|-resisted|p2b: Kilowattrel
|-damage|p2b: Kilowattrel|84/100
|
|-weather|RainDance|[upkeep]
|-end|p1b: Amoonguss|move: Taunt
|upkeep
|
|t:|1757729097
|switch|p1a: Basculegion|Basculegion, L50, M|100/100
|turn|4
|
|t:|1757729130
|-terastallize|p1a: Basculegion|Grass
|-terastallize|p2a: Garchomp|Ground
|move|p1a: Basculegion|Wave Crash|p2a: Garchomp
|-supereffective|p2a: Garchomp
|-damage|p2a: Garchomp|0 fnt
|-damage|p1a: Basculegion|88/100|[from] ability: Rough Skin|[of] p2a: Garchomp
|faint|p2a: Garchomp
|-damage|p1a: Basculegion|65/100|[from] Recoil
|move|p2b: Kilowattrel|Tailwind|p2b: Kilowattrel
|-sidestart|p2: SabasVGC|move: Tailwind
|move|p1b: Amoonguss|Spore|p2b: Kilowattrel
|-status|p2b: Kilowattrel|slp|[from] move: Spore
|
|-weather|RainDance|[upkeep]
|upkeep
|
|t:|1757729148
|switch|p2a: Tatsugiri|Tatsugiri-Droopy, L50, F, shiny|100/100
|turn|5
|
|t:|1757729171
|move|p2a: Tatsugiri|Draco Meteor|p1a: Basculegion
|-damage|p1a: Basculegion|0 fnt
|-unboost|p2a: Tatsugiri|spa|2
|faint|p1a: Basculegion
|cant|p2b: Kilowattrel|slp
|move|p1b: Amoonguss|Spore|p2a: Tatsugiri
|-status|p2a: Tatsugiri|slp|[from] move: Spore
|
|-weather|RainDance|[upkeep]
|upkeep
|
|t:|1757729175
|switch|p1a: Sneasler|Sneasler, L50, M|100/100
|turn|6
|
|t:|1757729191
|cant|p2a: Tatsugiri|slp
|cant|p2b: Kilowattrel|slp
|move|p1a: Sneasler|Dire Claw|p2b: Kilowattrel
|-damage|p2b: Kilowattrel|10/100 slp
|move|p1b: Amoonguss|Pollen Puff|p2b: Kilowattrel
|-resisted|p2b: Kilowattrel
|-damage|p2b: Kilowattrel|0 fnt
|faint|p2b: Kilowattrel
|
|-weather|none
|upkeep
|turn|7
|
|t:|1757729202
|-curestatus|p2a: Tatsugiri|slp|[msg]
|move|p2a: Tatsugiri|Draco Meteor|p1a: Sneasler
|-damage|p1a: Sneasler|61/100
|-unboost|p2a: Tatsugiri|spa|2
|move|p1a: Sneasler|Dire Claw|p2a: Tatsugiri
|-damage|p2a: Tatsugiri|25/100
|-status|p2a: Tatsugiri|psn
|move|p1b: Amoonguss|Pollen Puff|p2a: Tatsugiri
|-damage|p2a: Tatsugiri|1/100 psn
|
|-damage|p2a: Tatsugiri|0 fnt|[from] psn
|faint|p2a: Tatsugiri
|
|win|browe
||browe is ready for game 3.
||SabasVGC is ready for game 3.
|uhtml|next|Next: Game 3 of 3
