|j|☆Bliffopilc
|j|☆naibot2814
|html|Bliffopilcnaibot2814    
|uhtml|bestof|Game 1 of a best-of-3
|t:|1784736503
|gametype|doubles
|player|p1|Bliffopilc|170|1283
|player|p2|naibot2814|colress|1365
|gen|9
|tier|[Gen 9 Champions] VGC 2026 Reg M-B (Bo3)
|rated|
|rule|Species Clause: Limit one of each Pokémon
|rule|Item Clause: Limit 1 of each item
|clearpoke
|poke|p1|Morpeko, L50, F|
|poke|p1|Staraptor, L50, M|
|poke|p1|Milotic, L50, M|
|poke|p1|Delphox, L50, F|
|poke|p1|Garchomp, L50, F|
|poke|p1|Sinistcha-Masterpiece, L50|
|poke|p2|Charizard, L50, M|
|poke|p2|Whimsicott, L50, F|
|poke|p2|Kingambit, L50, M, shiny|
|poke|p2|Basculegion, L50, M|
|poke|p2|Garchomp, L50, M, shiny|
|poke|p2|Floette-Eternal, L50, F|
|teampreview|4
|showteam|p1|Morpeko||FocusSash|HungerSwitch|AuraWheel,FakeOut,Endeavor,Protect|Adamant||F|||50|]Staraptor||Staraptite|Intimidate|CloseCombat,BraveBird,Tailwind,Protect|Jolly||M|||50|]Milotic||Leftovers|Competitive|MuddyWater,Coil,Protect,Hypnosis|Calm||M|||50|]Delphox||Delphoxite|Blaze|HeatWave,Psyshock,NastyPlot,Protect|Modest||F|||50|]Garchomp||LifeOrb|RoughSkin|Earthquake,DragonClaw,RockSlide,Protect|Jolly||F|||50|]Sinistcha-Masterpiece||ColburBerry|Hospitality|MatchaGotcha,ShadowBall,RagePowder,Protect|Calm|||||50|
|showteam|p2|Charizard||CharizarditeY|Blaze|HeatWave,WeatherBall,SolarBeam,Protect|Modest||M|||50|]Whimsicott||FocusSash|Prankster|Protect,Moonblast,Encore,Tailwind|Timid||F|||50|]Kingambit||BlackGlasses|Defiant|KowtowCleave,SuckerPunch,IronHead,Protect|Adamant||M|||50|]Basculegion||MysticWater|Adaptability|WaveCrash,LastRespects,AquaJet,Protect|Adamant||M|||50|]Garchomp||LifeOrb|RoughSkin|Earthquake,RockSlide,DragonClaw,Protect|Jolly||M|||50|]Floette-Eternal||Floettite|FlowerVeil|Moonblast,DazzlingGleam,LightofRuin,Protect|Modest||F|||50|
|inactive|Battle timer is ON: inactive players will automatically lose when time's up. (requested by Bliffopilc)
|inactive|Bliffopilc has 60 seconds left.
|inactive|naibot2814 has 60 seconds left.
|
|t:|1784736563
|teamsize|p1|4
|teamsize|p2|4
|start
|switch|p1a: Morpeko|Morpeko, L50, F|100/100
|switch|p1b: Delphox|Delphox, L50, F|100/100
|switch|p2a: Floette|Floette-Eternal, L50, F|100/100
|switch|p2b: Whimsicott|Whimsicott, L50, F|100/100
|turn|1
|
|t:|1784736578
|detailschange|p1b: Delphox|Delphox-Mega, L50, F
|-mega|p1b: Delphox|Delphox|Delphoxite
|move|p2b: Whimsicott|Protect|p2b: Whimsicott
|-singleturn|p2b: Whimsicott|Protect
|move|p2a: Floette|Protect|p2a: Floette
|-singleturn|p2a: Floette|Protect
|move|p1b: Delphox|Heat Wave|p2a: Floette|[spread] 
|-activate|p2a: Floette|move: Protect
|-activate|p2b: Whimsicott|move: Protect
|move|p1a: Morpeko|Aura Wheel|p2b: Whimsicott
|-activate|p2b: Whimsicott|move: Protect
|
|-formechange|p1a: Morpeko|Morpeko-Hangry|
|upkeep
|turn|2
|inactive|naibot2814 has 30 seconds left.
|
|t:|1784736606
|detailschange|p2a: Floette|Floette-Mega, L50, F
|-mega|p2a: Floette|Floette|Floettite
|-ability|p2a: Floette|Fairy Aura
|move|p2b: Whimsicott|Tailwind|p2b: Whimsicott
|-sidestart|p2: naibot2814|move: Tailwind
|move|p2a: Floette|Dazzling Gleam|p1b: Delphox|[spread] p1a,p1b
|-supereffective|p1a: Morpeko|1
|-resisted|p1b: Delphox|1
|-enditem|p1a: Morpeko|Focus Sash
|-damage|p1a: Morpeko|1/100
|-damage|p1b: Delphox|78/100
|move|p1b: Delphox|Psyshock|p2a: Floette
|-crit|p2a: Floette
|-damage|p2a: Floette|17/100
|move|p1a: Morpeko|Aura Wheel|p2b: Whimsicott
|-resisted|p2b: Whimsicott|1
|-damage|p2b: Whimsicott|62/100
|-boost|p1a: Morpeko|spe|1
|
|-formechange|p1a: Morpeko|Morpeko|
|upkeep
|turn|3
|
|t:|1784736624
|switch|p2a: Basculegion|Basculegion, L50, M|100/100
|switch|p1a: Sinistcha|Sinistcha-Masterpiece, L50|100/100
|-heal|p1b: Delphox|100/100|[from] ability: Hospitality|[of] p1a: Sinistcha
|move|p2b: Whimsicott|Moonblast|p1a: Sinistcha
|-damage|p1a: Sinistcha|67/100
|move|p1b: Delphox|Heat Wave|p2a: Basculegion|[spread] p2a,p2b
|-resisted|p2a: Basculegion|1
|-supereffective|p2b: Whimsicott|1
|-damage|p2a: Basculegion|74/100
|-damage|p2b: Whimsicott|0 fnt
|-status|p2a: Basculegion|brn
|faint|p2b: Whimsicott
|
|-damage|p2a: Basculegion|68/100 brn|[from] brn
|upkeep
|
|t:|1784736635
|switch|p2b: Floette|Floette-Mega, L50, F|17/100
|-ability|p2b: Floette|Fairy Aura
|turn|4
|
|t:|1784736651
|move|p1b: Delphox|Protect|p1b: Delphox
|-singleturn|p1b: Delphox|Protect
|move|p1a: Sinistcha|Protect|p1a: Sinistcha
|-singleturn|p1a: Sinistcha|Protect
|move|p2b: Floette|Moonblast|p1a: Sinistcha
|-activate|p1a: Sinistcha|move: Protect
|move|p2a: Basculegion|Last Respects|p1b: Delphox
|-activate|p1b: Delphox|move: Protect
|
|-damage|p2a: Basculegion|62/100 brn|[from] brn
|upkeep
|turn|5
|
|t:|1784736665
|move|p2b: Floette|Moonblast|p1a: Sinistcha
|-damage|p1a: Sinistcha|0 fnt
|faint|p1a: Sinistcha
|move|p2a: Basculegion|Last Respects|p1b: Delphox
|-supereffective|p1b: Delphox|1
|-damage|p1b: Delphox|17/100
|move|p1b: Delphox|Heat Wave|p2b: Floette|[spread] p2a,p2b
|-resisted|p2a: Basculegion|1
|-damage|p2a: Basculegion|38/100 brn
|-damage|p2b: Floette|0 fnt
|faint|p2b: Floette
|
|-damage|p2a: Basculegion|32/100 brn|[from] brn
|-sideend|p2: naibot2814|move: Tailwind
|upkeep
|
|t:|1784736673
|switch|p2b: Kingambit|Kingambit, L50, M, shiny|100/100
|switch|p1a: Garchomp|Garchomp, L50, F|100/100
|turn|6
|
|t:|1784736687
|move|p2a: Basculegion|Protect|p2a: Basculegion
|-singleturn|p2a: Basculegion|Protect
|move|p1b: Delphox|Heat Wave|p2a: Basculegion|[spread] p2b
|-activate|p2a: Basculegion|move: Protect
|-supereffective|p2b: Kingambit|1
|-damage|p2b: Kingambit|23/100
|move|p1a: Garchomp|Earthquake|p2b: Kingambit|[spread] p2b
|-activate|p2a: Basculegion|move: Protect
|-immune|p1b: Delphox|[from] ability: Levitate
|-supereffective|p2b: Kingambit|1
|-damage|p2b: Kingambit|0 fnt
|faint|p2b: Kingambit
|-damage|p1a: Garchomp|90/100|[from] item: Life Orb
|
|-damage|p2a: Basculegion|26/100 brn|[from] brn
|upkeep
|turn|7
|-message|naibot2814 forfeited.
|
|win|Bliffopilc
|l|☆naibot2814
|player|p2|
||naibot2814 is ready for game 2.
||Bliffopilc is ready for game 2.
|uhtml|next|Next: Game 2 of 3
|l|☆Bliffopilc
|player|p1|
|j|☆naibot2814
|player|p2|naibot2814|colress|
