|j|☆phuc_lamvgc
|j|☆Treit_3
|html|phuc_lamvgcTreit_3    
|uhtml|bestof|Game 2 of a best-of-3
|t:|1783480839
|gametype|doubles
|player|p1|phuc_lamvgc|miku-ghost|1153
|player|p2|Treit_3|marshal|1190
|gen|9
|tier|[Gen 9 Champions] VGC 2026 Reg M-B (Bo3)
|rated|
|rule|Species Clause: Limit one of each Pokémon
|rule|Item Clause: Limit 1 of each item
|clearpoke
|poke|p1|Pyroar, L50, F, shiny|
|poke|p1|Floette-Eternal, L50, F|
|poke|p1|Farigiraf, L50, M|
|poke|p1|Incineroar, L50, M|
|poke|p1|Torkoal, L50, M|
|poke|p1|Vileplume, L50, M|
|poke|p2|Scrafty, L50, F|
|poke|p2|Blaziken, L50, M|
|poke|p2|Torterra, L50, F|
|poke|p2|Milotic, L50, F|
|poke|p2|Gholdengo, L50|
|poke|p2|Farigiraf, L50, M|
|teampreview|4
|showteam|p1|Pyroar||Pyroarite|Unnerve|Overheat,SolarBeam,HeatWave,Protect|Timid||F|||50|]Floette-Eternal||Floettite|FlowerVeil|Moonblast,DrainingKiss,CalmMind,Protect|Modest||F|||50|]Farigiraf||SitrusBerry|ArmorTail|HelpingHand,TrickRoom,Psychic,Thunderbolt|Relaxed||M|||50|]Incineroar||WhiteHerb|Intimidate|FakeOut,FlareBlitz,DarkestLariat,CloseCombat|Brave||M|||50|]Torkoal||Charcoal|Drought|WeatherBall,Eruption,HelpingHand,Protect|Quiet||M|||50|]Vileplume||FocusSash|Chlorophyll|SolarBeam,SleepPowder,SludgeBomb,AfterYou|Timid||M|||50|
|showteam|p2|Scrafty||Scraftinite|Intimidate|FakeOut,Coaching,DrainPunch,ThroatChop|Adamant||F|||50|]Blaziken||Blazikenite|SpeedBoost|Detect,RockSlide,FlareBlitz,CloseCombat|Adamant||M|||50|]Torterra||Leftovers|ShellArmor|Protect,WideGuard,HeadlongRush,WoodHammer|Brave||F|||50|]Milotic||MysticWater|Competitive|Protect,Scald,MuddyWater,IceBeam|Modest||F|||50|]Gholdengo||LifeOrb|GoodasGold|Protect,NastyPlot,MakeItRain,ShadowBall|Modest|||||50|]Farigiraf||SitrusBerry|ArmorTail|Protect,TrickRoom,Thunderbolt,HyperVoice|Bold||M|||50|
|inactive|Battle timer is ON: inactive players will automatically lose when time's up. (requested by Treit_3)
|
|t:|1783480848
|teamsize|p1|4
|teamsize|p2|4
|start
|switch|p1a: Incineroar|Incineroar, L50, M|100/100
|switch|p1b: Farigiraf|Farigiraf, L50, M|100/100
|switch|p2a: Scrafty|Scrafty, L50, F|100/100
|switch|p2b: Blaziken|Blaziken, L50, M|100/100
|-ability|p2a: Scrafty|Intimidate|boost
|-unboost|p1a: Incineroar|atk|1
|-unboost|p1b: Farigiraf|atk|1
|-ability|p1a: Incineroar|Intimidate|boost
|-unboost|p2a: Scrafty|atk|1
|-unboost|p2b: Blaziken|atk|1
|-enditem|p1a: Incineroar|White Herb
|-clearnegativeboost|p1a: Incineroar|[silent]
|turn|1
|inactive|Treit_3 has 30 seconds left.
|
|t:|1783480879
|switch|p2b: Farigiraf|Farigiraf, L50, M|100/100
|detailschange|p2a: Scrafty|Scrafty-Mega, L50, F
|-mega|p2a: Scrafty|Scrafty|Scraftinite
|-ability|p2a: Scrafty|Intimidate|boost
|-unboost|p1a: Incineroar|atk|1
|-unboost|p1b: Farigiraf|atk|1
|move|p2a: Scrafty|Drain Punch|p1a: Incineroar
|-supereffective|p1a: Incineroar|1
|-damage|p1a: Incineroar|49/100
|move|p1a: Incineroar|Close Combat|p2a: Scrafty
|-supereffective|p2a: Scrafty|1
|-damage|p2a: Scrafty|53/100
|-unboost|p1a: Incineroar|def|1
|-unboost|p1a: Incineroar|spd|1
|move|p1b: Farigiraf|Trick Room|p1b: Farigiraf
|-fieldstart|move: Trick Room|[of] p1b: Farigiraf
|
|upkeep
|turn|2
|
|t:|1783480902
|switch|p1a: Torkoal|Torkoal, L50, M|100/100
|-weather|SunnyDay|[from] ability: Drought|[of] p1a: Torkoal
|switch|p2a: Blaziken|Blaziken, L50, M|100/100
|move|p1b: Farigiraf|Thunderbolt|p2a: Blaziken
|-damage|p2a: Blaziken|63/100
|move|p2b: Farigiraf|Trick Room|p2b: Farigiraf
|-fieldend|move: Trick Room
|
|-weather|SunnyDay|[upkeep]
|upkeep
|turn|3
|
|t:|1783480922
|move|p2a: Blaziken|Rock Slide|p1a: Torkoal|[spread] p1a,p1b
|-supereffective|p1a: Torkoal|1
|-damage|p1a: Torkoal|66/100
|-damage|p1b: Farigiraf|84/100
|move|p2b: Farigiraf|Hyper Voice|p1a: Torkoal|[spread] p1a,p1b
|-damage|p1a: Torkoal|29/100
|-damage|p1b: Farigiraf|60/100
|cant|p1b: Farigiraf|flinch
|cant|p1a: Torkoal|flinch
|
|-weather|SunnyDay|[upkeep]
|-ability|p2a: Blaziken|Speed Boost|boost
|-boost|p2a: Blaziken|spe|1
|upkeep
|turn|4
|
|t:|1783480942
|move|p1a: Torkoal|Protect|p1a: Torkoal
|-singleturn|p1a: Torkoal|Protect
|move|p2a: Blaziken|Rock Slide|p1b: Farigiraf|[spread] 
|-activate|p1a: Torkoal|move: Protect
|-miss|p2a: Blaziken|p1b: Farigiraf
|move|p2b: Farigiraf|Hyper Voice|p1b: Farigiraf|[spread] p1b
|-activate|p1a: Torkoal|move: Protect
|-damage|p1b: Farigiraf|33/100
|-enditem|p1b: Farigiraf|Sitrus Berry|[eat]
|-heal|p1b: Farigiraf|58/100|[from] item: Sitrus Berry
|move|p1b: Farigiraf|Trick Room|p1b: Farigiraf
|-fieldstart|move: Trick Room|[of] p1b: Farigiraf
|
|-weather|SunnyDay|[upkeep]
|-ability|p2a: Blaziken|Speed Boost|boost
|-boost|p2a: Blaziken|spe|1
|upkeep
|turn|5
|
|t:|1783480957
|move|p1b: Farigiraf|Helping Hand|p1a: Torkoal
|-singleturn|p1a: Torkoal|Helping Hand|[of] p1b: Farigiraf
|move|p1a: Torkoal|Weather Ball|p2b: Farigiraf
|-damage|p2b: Farigiraf|0 fnt
|faint|p2b: Farigiraf
|move|p2a: Blaziken|Rock Slide|p1a: Torkoal|[spread] p1a,p1b
|-supereffective|p1a: Torkoal|1
|-damage|p1a: Torkoal|0 fnt
|-damage|p1b: Farigiraf|41/100
|faint|p1a: Torkoal
|
|-weather|SunnyDay|[upkeep]
|-ability|p2a: Blaziken|Speed Boost|boost
|-boost|p2a: Blaziken|spe|1
|upkeep
|
|t:|1783480966
|switch|p1a: Pyroar|Pyroar, L50, F, shiny|100/100
|switch|p2b: Scrafty|Scrafty-Mega, L50, F|53/100
|-ability|p1a: Pyroar|Unnerve
|-ability|p2b: Scrafty|Intimidate|boost
|-unboost|p1a: Pyroar|atk|1
|-unboost|p1b: Farigiraf|atk|1
|turn|6
|
|t:|1783480984
|detailschange|p1a: Pyroar|Pyroar-Mega, L50, F, shiny
|-mega|p1a: Pyroar|Pyroar|Pyroarite
|move|p1b: Farigiraf|Psychic|p2a: Blaziken
|-supereffective|p2a: Blaziken|1
|-damage|p2a: Blaziken|0 fnt
|faint|p2a: Blaziken
|move|p2b: Scrafty|Drain Punch|p1a: Pyroar
|-supereffective|p1a: Pyroar|1
|-damage|p1a: Pyroar|0 fnt
|-heal|p2b: Scrafty|100/100|[from] drain|[of] p1a: Pyroar
|faint|p1a: Pyroar
|
|-weather|none
|upkeep
|
|t:|1783480995
|switch|p2a: Torterra|Torterra, L50, F|100/100
|switch|p1a: Incineroar|Incineroar, L50, M|49/100
|-ability|p1a: Incineroar|Intimidate|boost
|-unboost|p2a: Torterra|atk|1
|-unboost|p2b: Scrafty|atk|1
|turn|7
|
|t:|1783481010
|move|p1b: Farigiraf|Helping Hand|p1a: Incineroar
|-singleturn|p1a: Incineroar|Helping Hand|[of] p1b: Farigiraf
|move|p2a: Torterra|Headlong Rush|p1a: Incineroar
|-supereffective|p1a: Incineroar|1
|-damage|p1a: Incineroar|0 fnt
|-unboost|p2a: Torterra|def|1
|-unboost|p2a: Torterra|spd|1
|faint|p1a: Incineroar
|move|p2b: Scrafty|Drain Punch|p1b: Farigiraf
|-damage|p1b: Farigiraf|20/100y
|
|upkeep
|turn|8
|-message|phuc_lamvgc forfeited.
|
|win|Treit_3
|raw|phuc_lamvgc's rating: 1153 → 1131(-22 for losing)
|raw|Treit_3's rating: 1190 → 1212(+22 for winning)
|l|☆phuc_lamvgc
|player|p1|
|c|☆Treit_3|gg
