|j|☆moeunu
|j|☆luisecanonserna
|html|moeunuluisecanonserna    
|uhtml|bestof|Game 2 of a best-of-3
|t:|1756493696
|gametype|doubles
|player|p1|moeunu|jasmine|1075
|player|p2|luisecanonserna|266|1091
|gen|9
|tier|[Gen 9] VGC 2025 Reg H (Bo3)
|rated|
|rule|Species Clause: Limit one of each Pokémon
|rule|Item Clause: Limit 1 of each item
|clearpoke
|poke|p1|Gholdengo, L50|
|poke|p1|Incineroar, L50, M|
|poke|p1|Porygon2, L50|
|poke|p1|Ursaluna, L50, F|
|poke|p1|Dragonite, L50, F|
|poke|p1|Amoonguss, L50, F|
|poke|p2|Gholdengo, L50|
|poke|p2|Incineroar, L50, M|
|poke|p2|Amoonguss, L50, F|
|poke|p2|Dragonite, L50, M|
|poke|p2|Tyranitar, L50, F|
|poke|p2|Garchomp, L50, M|
|teampreview|4
|showteam|p1|Gholdengo||LifeOrb|GoodasGold|Protect,MakeItRain,ShadowBall,NastyPlot||||||50|,,,,,Water]Incineroar||SafetyGoggles|Intimidate|PartingShot,FakeOut,KnockOff,FlareBlitz|||M|||50|,,,,,Bug]Porygon2||Eviolite|Download|TeraBlast,Recover,IceBeam,TrickRoom||||||50|,,,,,Fighting]Ursaluna||FlameOrb|Guts|Facade,Protect,HeadlongRush,Earthquake|||F|||50|,,,,,Ghost]Dragonite||LoadedDice|Multiscale|ScaleShot,IceSpinner,Tailwind,Protect|||F|||50|,,,,,Fairy]Amoonguss||SitrusBerry|Regenerator|PollenPuff,Spore,RagePowder,Protect|||F|||50|,,,,,Water
|showteam|p2|Gholdengo||LifeOrb|GoodasGold|MakeItRain,ShadowBall,NastyPlot,Protect||||||50|,,,,,Water]Incineroar||SafetyGoggles|Intimidate|FakeOut,KnockOff,PartingShot,FlareBlitz|||M|||50|,,,,,Ghost]Amoonguss||RockyHelmet|Regenerator|PollenPuff,RagePowder,Spore,Protect|||F|||50|,,,,,Dark]Dragonite||LoadedDice|Multiscale|ScaleShot,Tailwind,Haze,Protect|||M|||50|,,,,,Fairy]Tyranitar||AssaultVest|SandStream|RockSlide,LowKick,TeraBlast,Assurance|||F|||50|,,,,,Flying]Garchomp||ClearAmulet|RoughSkin|DragonClaw,Protect,StompingTantrum,Earthquake|||M|||50|,,,,,Fire
|inactive|Battle timer is ON: inactive players will automatically lose when time's up. (requested by luisecanonserna)
|inactive|moeunu has 60 seconds left.
|
|t:|1756493752
|teamsize|p1|4
|teamsize|p2|4
|start
|switch|p1a: Dragonite|Dragonite, L50, F, shiny|100/100
|switch|p1b: Incineroar|Incineroar, L50, M, shiny|100/100
|switch|p2a: Incineroar|Incineroar, L50, M|100/100
|switch|p2b: Garchomp|Garchomp, L50, M|100/100
|-ability|p2a: Incineroar|Intimidate|boost
|-unboost|p1a: Dragonite|atk|1
|-unboost|p1b: Incineroar|atk|1
|-ability|p1b: Incineroar|Intimidate|boost
|-unboost|p2a: Incineroar|atk|1
|-fail|p2b: Garchomp|unboost|[from] item: Clear Amulet|[of] p2b: Garchomp
|turn|1
|inactive|moeunu has 30 seconds left.
|inactive|luisecanonserna has 30 seconds left.
|inactive|moeunu has 20 seconds left.
|inactive|moeunu has 15 seconds left.
|inactive|moeunu has 10 seconds left.
|
|t:|1756493798
|move|p2b: Garchomp|Protect|p2b: Garchomp
|-singleturn|p2b: Garchomp|Protect
|move|p2a: Incineroar|Fake Out|p1a: Dragonite
|-damage|p1a: Dragonite|96/100
|move|p1b: Incineroar|Fake Out|p2b: Garchomp
|-activate|p2b: Garchomp|move: Protect
|cant|p1a: Dragonite|flinch
|
|upkeep
|turn|2
|inactive|moeunu has 30 seconds left.
|inactive|luisecanonserna has 30 seconds left.
|inactive|moeunu has 20 seconds left.
|inactive|luisecanonserna has 20 seconds left.
|
|t:|1756493835
|switch|p2a: Amoonguss|Amoonguss, L50, F|100/100
|-terastallize|p2b: Garchomp|Fire
|move|p2b: Garchomp|Earthquake|p1a: Dragonite|[spread] p2a,p1b
|-immune|p1a: Dragonite
|-supereffective|p1b: Incineroar
|-damage|p2a: Amoonguss|72/100
|-damage|p1b: Incineroar|31/100
|move|p1a: Dragonite|Tailwind|p1a: Dragonite
|-sidestart|p1: moeunu|move: Tailwind
|move|p1b: Incineroar|Knock Off|p2b: Garchomp
|-damage|p2b: Garchomp|69/100
|-damage|p1b: Incineroar|19/100|[from] ability: Rough Skin|[of] p2b: Garchomp
|-enditem|p2b: Garchomp|Clear Amulet|[from] move: Knock Off|[of] p1b: Incineroar
|
|upkeep
|turn|3
|inactive|moeunu has 30 seconds left.
|inactive|luisecanonserna has 30 seconds left.
|inactive|moeunu has 20 seconds left.
|inactive|luisecanonserna has 20 seconds left.
|inactive|luisecanonserna has 15 seconds left.
|
|t:|1756493876
|switch|p2b: Incineroar|Incineroar, L50, M|100/100
|-ability|p2b: Incineroar|Intimidate|boost
|-unboost|p1a: Dragonite|atk|1
|-unboost|p1b: Incineroar|atk|1
|move|p1a: Dragonite|Scale Shot|p2b: Incineroar
|-damage|p2b: Incineroar|94/100
|-damage|p2b: Incineroar|88/100
|-damage|p2b: Incineroar|81/100
|-damage|p2b: Incineroar|75/100
|-damage|p2b: Incineroar|68/100
|-hitcount|p2b: Incineroar|5
|-unboost|p1a: Dragonite|def|1
|-boost|p1a: Dragonite|spe|1
|move|p1b: Incineroar|Flare Blitz|p2a: Amoonguss
|-supereffective|p2a: Amoonguss
|-damage|p2a: Amoonguss|31/100
|-damage|p1b: Incineroar|2/100|[from] item: Rocky Helmet|[of] p2a: Amoonguss
|-damage|p1b: Incineroar|0 fnt|[from] Recoil
|faint|p1b: Incineroar
|move|p2a: Amoonguss|Spore|p1a: Dragonite
|-status|p1a: Dragonite|slp|[from] move: Spore
|
|upkeep
|
|t:|1756493897
|switch|p1b: Porygon2|Porygon2, L50, shiny|100/100
|-ability|p1b: Porygon2|Download|boost
|-boost|p1b: Porygon2|spa|1
|turn|4
|inactive|moeunu has 30 seconds left.
|inactive|moeunu has 20 seconds left.
|inactive|moeunu has 15 seconds left.
|inactive|moeunu has 10 seconds left.
|
|t:|1756493942
|switch|p1a: Ursaluna|Ursaluna, L50, F, shiny|100/100
|-terastallize|p1b: Porygon2|Fighting
|move|p2b: Incineroar|Fake Out|p1b: Porygon2
|-damage|p1b: Porygon2|94/100
|cant|p1b: Porygon2|flinch
|move|p2a: Amoonguss|Spore|p1b: Porygon2
|-status|p1b: Porygon2|slp|[from] move: Spore
|
|-status|p1a: Ursaluna|brn|[from] item: Flame Orb
|upkeep
|turn|5
|inactive|luisecanonserna has 30 seconds left.
|inactive|luisecanonserna has 20 seconds left.
|inactive|luisecanonserna has 15 seconds left.
|inactive|luisecanonserna has 10 seconds left.
|
|t:|1756493992
|switch|p1b: Dragonite|Dragonite, L50, F, shiny|96/100 slp
|switch|p2b: Garchomp|Garchomp, L50, M, tera:Fire|69/100
|move|p2a: Amoonguss|Protect|p2a: Amoonguss
|-singleturn|p2a: Amoonguss|Protect
|move|p1a: Ursaluna|Earthquake|p2b: Garchomp|[spread] p2b
|-activate|p2a: Amoonguss|move: Protect
|-immune|p1b: Dragonite
|-supereffective|p2b: Garchomp
|-damage|p2b: Garchomp|0 fnt
|faint|p2b: Garchomp
|
|-damage|p1a: Ursaluna|94/100 brn|[from] brn
|-sideend|p1: moeunu|move: Tailwind
|upkeep
|
|t:|1756494006
|switch|p2b: Incineroar|Incineroar, L50, M|68/100
|-ability|p2b: Incineroar|Intimidate|boost
|-unboost|p1a: Ursaluna|atk|1
|-unboost|p1b: Dragonite|atk|1
|turn|6
|
|t:|1756494030
|switch|p2a: Gholdengo|Gholdengo, L50|100/100
|move|p1a: Ursaluna|Protect|p1a: Ursaluna
|-singleturn|p1a: Ursaluna|Protect
|cant|p1b: Dragonite|slp
|move|p2b: Incineroar|Knock Off|p1b: Dragonite
|-damage|p1b: Dragonite|52/100 slp
|-enditem|p1b: Dragonite|Loaded Dice|[from] move: Knock Off|[of] p2b: Incineroar
|
|-damage|p1a: Ursaluna|88/100 brn|[from] brn
|upkeep
|turn|7
|
|t:|1756494048
|move|p2a: Gholdengo|Make It Rain|p1a: Ursaluna|[spread] p1a,p1b
|-damage|p1a: Ursaluna|35/100 brn
|-damage|p1b: Dragonite|0 fnt
|-unboost|p2a: Gholdengo|spa|1
|faint|p1b: Dragonite
|-damage|p2a: Gholdengo|91/100|[from] item: Life Orb
|move|p2b: Incineroar|Knock Off|p1a: Ursaluna
|-damage|p1a: Ursaluna|8/100 brn
|-enditem|p1a: Ursaluna|Flame Orb|[from] move: Knock Off|[of] p2b: Incineroar
|move|p1a: Ursaluna|Earthquake|p2a: Gholdengo|[spread] p2a,p2b
|-supereffective|p2a: Gholdengo
|-supereffective|p2b: Incineroar
|-damage|p2a: Gholdengo|0 fnt
|-damage|p2b: Incineroar|0 fnt
|faint|p2a: Gholdengo
|faint|p2b: Incineroar
|
|-damage|p1a: Ursaluna|2/100 brn|[from] brn
|upkeep
|
|t:|1756494065
|switch|p2a: Amoonguss|Amoonguss, L50, F|64/100
|switch|p1b: Porygon2|Porygon2, L50, shiny, tera:Fighting|94/100 slp
|-ability|p1b: Porygon2|Download|boost
|-boost|p1b: Porygon2|spa|1
|turn|8
|
|t:|1756494082
|move|p2a: Amoonguss|Protect|p2a: Amoonguss
|-singleturn|p2a: Amoonguss|Protect
|cant|p1b: Porygon2|slp
|move|p1a: Ursaluna|Facade|p2a: Amoonguss
|-activate|p2a: Amoonguss|move: Protect
|
|-damage|p1a: Ursaluna|0 fnt|[from] brn
|faint|p1a: Ursaluna
|upkeep
|turn|9
|
|t:|1756494097
|cant|p1b: Porygon2|slp
|move|p2a: Amoonguss|Spore|p1b: Porygon2
|-fail|p1b: Porygon2|slp
|
|upkeep
|turn|10
|
|t:|1756494102
|cant|p1b: Porygon2|slp
|move|p2a: Amoonguss|Spore|p1b: Porygon2
|-fail|p1b: Porygon2|slp
|
|upkeep
|turn|11
|
|t:|1756494108
|-curestatus|p1b: Porygon2|slp|[msg]
|move|p1b: Porygon2|Ice Beam|p2a: Amoonguss
|-supereffective|p2a: Amoonguss
|-damage|p2a: Amoonguss|0 fnt
|faint|p2a: Amoonguss
|
|win|moeunu
|raw|moeunu's rating: 1075 → 1105(+30 for winning)
|raw|luisecanonserna's rating: 1091 → 1066(-25 for losing)
|c|☆moeunu|gg
|c|☆luisecanonserna|gg
|l|☆moeunu
|player|p1|
