|j|☆Mcn35
|j|☆RedAllay
|html|Mcn35RedAllay    
|uhtml|bestof|Game 2 of a best-of-3
|t:|1756741615
|gametype|doubles
|player|p1|Mcn35|hilda|1143
|player|p2|RedAllay|gladion|1092
|gen|9
|tier|[Gen 9] VGC 2025 Reg H (Bo3)
|rated|
|rule|Species Clause: Limit one of each Pokémon
|rule|Item Clause: Limit 1 of each item
|clearpoke
|poke|p1|Sneasler, L50, F|
|poke|p1|Corviknight, L50, M|
|poke|p1|Sylveon, L50, F|
|poke|p1|Goodra, L50, M|
|poke|p1|Electabuzz, L50, M|
|poke|p1|Ninetales, L50, F|
|poke|p2|Kilowattrel, L50, M|
|poke|p2|Farigiraf, L50, M|
|poke|p2|Ursaluna, L50, M|
|poke|p2|Whimsicott, L50, M|
|poke|p2|Mamoswine, L50, F|
|poke|p2|Volcarona, L50, M|
|teampreview|4
|showteam|p1|Sneasler||FocusSash|PoisonTouch|CloseCombat,DireClaw,Protect,ThroatChop|||F|||50|,,,,,Dark]Corviknight||RockyHelmet|MirrorArmor|Roost,BraveBird,BodyPress,Tailwind|||M|||50|,,,,,Dragon]Sylveon||Leftovers|Pixilate|TeraBlast,HyperVoice,Protect,Wish|||F|||50|,,,,,Fire]Goodra||AssaultVest|SapSipper|DragonPulse,Thunderbolt,SludgeWave,Flamethrower|||M|||50|,,,,,Ghost]Electabuzz||Eviolite|VitalSpirit|FollowMe,KnockOff,ThunderPunch,ThunderWave|||M|||50|,,,,,Water]Ninetales||SitrusBerry|Drought|EnergyBall,HeatWave,Protect,ScorchingSands|||F|||50|,,,,,Grass
|showteam|p2|Kilowattrel||ChoiceSpecs|Competitive|Thunderbolt,VoltSwitch,Discharge,Hurricane|||M|||50|,,,,,Electric]Farigiraf||SafetyGoggles|ArmorTail|PsychicNoise,TrickRoom,HelpingHand,Protect|||M|||50|,,,,,Water]Ursaluna||FlameOrb|Guts|Facade,HeadlongRush,Earthquake,Protect|||M|||50|,,,,,Poison]Whimsicott||MentalHerb|Prankster|Moonblast,Tailwind,Encore,FakeTears|||M|||50|,,,,,Ghost]Mamoswine||LifeOrb|Oblivious|IcicleCrash,Earthquake,KnockOff,Protect|||F|||50|,,,,,Water]Volcarona||Leftovers|FlameBody|FieryDance,BugBuzz,QuiverDance,Protect|||M|||50|,,,,,Grass
|inactive|Battle timer is ON: inactive players will automatically lose when time's up. (requested by RedAllay)
|inactive|Mcn35 has 60 seconds left.
|inactive|RedAllay has 60 seconds left.
|
|t:|1756741658
|teamsize|p1|4
|teamsize|p2|4
|start
|switch|p1a: Sneasler|Sneasler, L50, F|100/100
|switch|p1b: Electabuzz|Electabuzz, L50, M|100/100
|switch|p2a: Ursaluna|Ursaluna, L50, M|100/100
|switch|p2b: Farigiraf|Farigiraf, L50, M|100/100
|turn|1
|
|t:|1756741683
|switch|p1a: Corviknight|Corviknight, L50, M|100/100
|move|p2a: Ursaluna|Protect|p2a: Ursaluna
|-singleturn|p2a: Ursaluna|Protect
|move|p1b: Electabuzz|Knock Off|p2b: Farigiraf
|-supereffective|p2b: Farigiraf
|-damage|p2b: Farigiraf|70/100
|-enditem|p2b: Farigiraf|Safety Goggles|[from] move: Knock Off|[of] p1b: Electabuzz
|move|p2b: Farigiraf|Trick Room|p2b: Farigiraf
|-fieldstart|move: Trick Room|[of] p2b: Farigiraf
|
|-status|p2a: Ursaluna|brn|[from] item: Flame Orb
|upkeep
|turn|2
|inactive|Mcn35 has 30 seconds left.
|inactive|RedAllay has 30 seconds left.
|
|t:|1756741710
|move|p2b: Farigiraf|Helping Hand|p2a: Ursaluna
|-singleturn|p2a: Ursaluna|Helping Hand|[of] p2b: Farigiraf
|move|p1b: Electabuzz|Follow Me|p1b: Electabuzz
|-singleturn|p1b: Electabuzz|move: Follow Me
|move|p2a: Ursaluna|Headlong Rush|p1b: Electabuzz
|-supereffective|p1b: Electabuzz
|-damage|p1b: Electabuzz|0 fnt
|-unboost|p2a: Ursaluna|def|1
|-unboost|p2a: Ursaluna|spd|1
|faint|p1b: Electabuzz
|move|p1a: Corviknight|Body Press|p2a: Ursaluna
|-supereffective|p2a: Ursaluna
|-damage|p2a: Ursaluna|42/100 brn
|
|-damage|p2a: Ursaluna|36/100 brn|[from] brn
|upkeep
|
|t:|1756741726
|switch|p1b: Sneasler|Sneasler, L50, F|100/100
|turn|3
|
|t:|1756741740
|move|p2a: Ursaluna|Protect|p2a: Ursaluna
|-singleturn|p2a: Ursaluna|Protect
|move|p1b: Sneasler|Protect|p1b: Sneasler
|-singleturn|p1b: Sneasler|Protect
|move|p2b: Farigiraf|Psychic Noise|p1a: Corviknight
|-resisted|p1a: Corviknight
|-damage|p1a: Corviknight|87/100
|-start|p1a: Corviknight|move: Heal Block
|move|p1a: Corviknight|Body Press|p2a: Ursaluna
|-activate|p2a: Ursaluna|move: Protect
|
|-damage|p2a: Ursaluna|30/100 brn|[from] brn
|upkeep
|turn|4
|
|t:|1756741762
|move|p2b: Farigiraf|Psychic Noise|p1b: Sneasler
|-supereffective|p1b: Sneasler
|-enditem|p1b: Sneasler|Focus Sash
|-damage|p1b: Sneasler|1/100
|-start|p1b: Sneasler|move: Heal Block
|move|p2a: Ursaluna|Facade|p1b: Sneasler
|-damage|p1b: Sneasler|0 fnt
|faint|p1b: Sneasler
|move|p1a: Corviknight|Body Press|p2a: Ursaluna
|-supereffective|p2a: Ursaluna
|-damage|p2a: Ursaluna|0 fnt
|faint|p2a: Ursaluna
|
|-end|p1a: Corviknight|move: Heal Block
|upkeep
|
|t:|1756741779
|switch|p2a: Mamoswine|Mamoswine, L50, F|100/100
|switch|p1b: Goodra|Goodra, L50, M|100/100
|turn|5
|inactive|Mcn35 has 30 seconds left.
|
|t:|1756741807
|-terastallize|p1b: Goodra|Ghost
|move|p2b: Farigiraf|Helping Hand|p2a: Mamoswine
|-singleturn|p2a: Mamoswine|Helping Hand|[of] p2b: Farigiraf
|move|p1a: Corviknight|Body Press|p2a: Mamoswine
|-supereffective|p2a: Mamoswine
|-damage|p2a: Mamoswine|46/100
|move|p1b: Goodra|Sludge Wave|p2b: Farigiraf|[spread] p2a,p2b
|-immune|p1a: Corviknight
|-resisted|p2a: Mamoswine
|-damage|p2a: Mamoswine|31/100
|-damage|p2b: Farigiraf|48/100
|move|p2a: Mamoswine|Icicle Crash|p1b: Goodra
|-damage|p1b: Goodra|0 fnt
|faint|p1b: Goodra
|-damage|p2a: Mamoswine|21/100|[from] item: Life Orb
|
|-fieldend|move: Trick Room
|upkeep
|turn|6
|inactive|Mcn35 has 30 seconds left.
|inactive|Mcn35 has 20 seconds left.
|c|☆RedAllay|I was not aware mamoswine was so goated
|inactive|Mcn35 has 15 seconds left.
|inactive|Mcn35 has 10 seconds left.
|
|t:|1756741853
|move|p2b: Farigiraf|Helping Hand|p2a: Mamoswine
|-singleturn|p2a: Mamoswine|Helping Hand|[of] p2b: Farigiraf
|move|p2a: Mamoswine|Icicle Crash|p1a: Corviknight
|-damage|p1a: Corviknight|34/100
|-damage|p2a: Mamoswine|11/100|[from] item: Life Orb
|move|p1a: Corviknight|Body Press|p2b: Farigiraf
|-damage|p2b: Farigiraf|25/100
|
|upkeep
|turn|7
|
|t:|1756741865
|move|p2b: Farigiraf|Helping Hand|p2a: Mamoswine
|-singleturn|p2a: Mamoswine|Helping Hand|[of] p2b: Farigiraf
|move|p2a: Mamoswine|Icicle Crash|p1a: Corviknight
|-damage|p1a: Corviknight|0 fnt
|faint|p1a: Corviknight
|-damage|p2a: Mamoswine|1/100|[from] item: Life Orb
|
|win|RedAllay
|raw|Mcn35's rating: 1143 → 1114(-29 for losing)
|raw|RedAllay's rating: 1092 → 1122(+30 for winning)
|l|☆Mcn35
|player|p1|
