|j|☆AlboPalestratoVGC
|j|☆jowemama
|html|AlboPalestratoVGCjowemama    
|uhtml|bestof|Game 1 of a best-of-3
|t:|1756482372
|gametype|doubles
|player|p1|AlboPalestratoVGC|ethan|1127
|player|p2|jowemama|scientistf|1102
|gen|9
|tier|[Gen 9] VGC 2025 Reg H (Bo3)
|rated|
|rule|Species Clause: Limit one of each Pokémon
|rule|Item Clause: Limit 1 of each item
|clearpoke
|poke|p1|Kingambit, L50, M|
|poke|p1|Primarina, L50, F|
|poke|p1|Sneasler, L50, F|
|poke|p1|Magmar, L50, F|
|poke|p1|Rillaboom, L50, F|
|poke|p1|Dragapult, L50, M|
|poke|p2|Pelipper, L50, F|
|poke|p2|Archaludon, L50, M|
|poke|p2|Dragonite, L50, M|
|poke|p2|Incineroar, L50, F|
|poke|p2|Ursaluna, L50, F|
|poke|p2|Sinistcha, L50|
|teampreview|4
|showteam|p1|Kingambit||BlackGlasses|Defiant|KowtowCleave,SuckerPunch,SwordsDance,Protect|||M|||50|,,,,,Dark]Primarina||SitrusBerry|LiquidVoice|HyperVoice,Moonblast,Haze,Protect|||F|||50|,,,,,Poison]Sneasler||FocusSash|Unburden|CloseCombat,DireClaw,FakeOut,Protect|||F|||50|,,,,,Ghost]Magmar||Eviolite|VitalSpirit|Overheat,WillOWisp,FollowMe,Protect|||F|||50|,,,,,Ghost]Rillaboom||AssaultVest|GrassySurge|WoodHammer,GrassyGlide,HighHorsepower,FakeOut|||F|||50|,,,,,Fire]Dragapult||ChoiceBand|ClearBody|DragonDarts,PhantomForce,Outrage,Uturn|||M|||50|,,,,,Dragon
|showteam|p2|Pelipper||FocusSash|Drizzle|WeatherBall,Hurricane,Tailwind,Protect|||F|||50|,,,,,Ghost]Archaludon||AssaultVest|Stamina|FlashCannon,ElectroShot,BodyPress,Snarl|||M|||50|,,,,,Bug]Dragonite||LoadedDice|Multiscale|ScaleShot,Tailwind,Haze,Protect|||M|||50|,,,,,Fairy]Incineroar||SafetyGoggles|Intimidate|KnockOff,WillOWisp,PartingShot,FakeOut|||F|||50|,,,,,Bug]Ursaluna||FlameOrb|Guts|Facade,HeadlongRush,Earthquake,Protect|||F|||50|,,,,,Ghost]Sinistcha||SitrusBerry|Hospitality|MatchaGotcha,LifeDew,RagePowder,TrickRoom||||||50|,,,,,Dark
|inactive|Battle timer is ON: inactive players will automatically lose when time's up. (requested by jowemama)
|inactive|AlboPalestratoVGC has 60 seconds left.
|
|t:|1756482431
|teamsize|p1|4
|teamsize|p2|4
|start
|switch|p1a: Kingambit|Kingambit, L50, M|100/100
|switch|p1b: Magmar|Magmar, L50, F, shiny|100/100
|switch|p2a: Dragonite|Dragonite, L50, M|100/100
|switch|p2b: Archaludon|Archaludon, L50, M|100/100
|turn|1
|
|t:|1756482450
|switch|p2b: Ursaluna|Ursaluna, L50, F|100/100
|move|p2a: Dragonite|Tailwind|p2a: Dragonite
|-sidestart|p2: jowemama|move: Tailwind
|move|p1b: Magmar|Will-O-Wisp|p2a: Dragonite|[miss]
|-miss|p1b: Magmar|p2a: Dragonite
|move|p1a: Kingambit|Swords Dance|p1a: Kingambit
|-boost|p1a: Kingambit|atk|2
|
|-status|p2b: Ursaluna|brn|[from] item: Flame Orb
|upkeep
|turn|2
|
|t:|1756482477
|switch|p1b: Rillaboom|Rillaboom, L50, F|100/100
|-fieldstart|move: Grassy Terrain|[from] ability: Grassy Surge|[of] p1b: Rillaboom
|-terastallize|p1a: Kingambit|Dark
|move|p2b: Ursaluna|Protect|p2b: Ursaluna
|-singleturn|p2b: Ursaluna|Protect
|move|p1a: Kingambit|Sucker Punch||[still]
|-fail|p1a: Kingambit
|move|p2a: Dragonite|Haze|p2a: Dragonite
|-clearallboost
|
|-damage|p2b: Ursaluna|95/100 brn|[from] brn
|upkeep
|turn|3
|
|t:|1756482494
|switch|p2b: Archaludon|Archaludon, L50, M|100/100
|move|p1b: Rillaboom|Grassy Glide|p2b: Archaludon
|-resisted|p2b: Archaludon
|-damage|p2b: Archaludon|94/100
|-ability|p2b: Archaludon|Stamina|boost
|-boost|p2b: Archaludon|def|1
|move|p1a: Kingambit|Sucker Punch||[still]
|-fail|p1a: Kingambit
|move|p2a: Dragonite|Scale Shot|p2b: Archaludon|[miss]
|-miss|p2a: Dragonite|p2b: Archaludon
|
|-heal|p2b: Archaludon|99/100|[from] Grassy Terrain
|upkeep
|turn|4
|c|☆jowemama|rip
|
|t:|1756482517
|move|p1b: Rillaboom|Grassy Glide|p2a: Dragonite
|-resisted|p2a: Dragonite
|-damage|p2a: Dragonite|95/100
|move|p2a: Dragonite|Scale Shot|p2b: Archaludon|[miss]
|-miss|p2a: Dragonite|p2b: Archaludon
|move|p2b: Archaludon|Body Press|p1a: Kingambit
|-supereffective|p1a: Kingambit
|-damage|p1a: Kingambit|45/100
|move|p1a: Kingambit|Kowtow Cleave|p2a: Dragonite
|-damage|p2a: Dragonite|12/100
|
|-heal|p2b: Archaludon|100/100|[from] Grassy Terrain
|-heal|p1a: Kingambit|51/100|[from] Grassy Terrain
|-sideend|p2: jowemama|move: Tailwind
|upkeep
|turn|5
|c|☆jowemama|no way i missed again lol
|inactive|AlboPalestratoVGC has 30 seconds left.
|
|t:|1756482545
|switch|p1b: Magmar|Magmar, L50, F, shiny|100/100
|move|p1a: Kingambit|Sucker Punch||[still]
|-fail|p1a: Kingambit
|move|p2a: Dragonite|Tailwind|p2a: Dragonite
|-sidestart|p2: jowemama|move: Tailwind
|move|p2b: Archaludon|Body Press|p1a: Kingambit
|-supereffective|p1a: Kingambit
|-damage|p1a: Kingambit|0 fnt
|faint|p1a: Kingambit
|
|upkeep
|
|t:|1756482561
|switch|p1a: Sneasler|Sneasler, L50, F|100/100
|turn|6
|
|t:|1756482575
|-terastallize|p2b: Archaludon|Bug
|move|p1a: Sneasler|Fake Out|p2a: Dragonite
|-damage|p2a: Dragonite|0 fnt
|faint|p2a: Dragonite
|move|p2b: Archaludon|Flash Cannon|p1a: Sneasler
|-crit|p1a: Sneasler
|-damage|p1a: Sneasler|25/100
|move|p1b: Magmar|Will-O-Wisp|p2b: Archaludon
|-status|p2b: Archaludon|brn
|
|-heal|p1a: Sneasler|31/100|[from] Grassy Terrain
|-damage|p2b: Archaludon|94/100 brn|[from] brn
|-fieldend|move: Grassy Terrain
|upkeep
|
|t:|1756482584
|switch|p2a: Sinistcha|Sinistcha, L50|100/100
|-heal|p2b: Archaludon|100/100 brn|[from] ability: Hospitality|[of] p2a: Sinistcha
|turn|7
|
|t:|1756482597
|move|p1b: Magmar|Protect|p1b: Magmar
|-singleturn|p1b: Magmar|Protect
|move|p2a: Sinistcha|Rage Powder|p2a: Sinistcha
|-singleturn|p2a: Sinistcha|move: Rage Powder
|move|p2b: Archaludon|Flash Cannon|p1a: Sneasler
|-damage|p1a: Sneasler|0 fnt
|faint|p1a: Sneasler
|
|-damage|p2b: Archaludon|94/100 brn|[from] brn
|upkeep
|
|t:|1756482603
|switch|p1a: Rillaboom|Rillaboom, L50, F|100/100
|-fieldstart|move: Grassy Terrain|[from] ability: Grassy Surge|[of] p1a: Rillaboom
|turn|8
|
|t:|1756482624
|move|p1a: Rillaboom|Fake Out|p2b: Archaludon
|-crit|p2b: Archaludon
|-damage|p2b: Archaludon|81/100 brn
|-ability|p2b: Archaludon|Stamina|boost
|-boost|p2b: Archaludon|def|1
|cant|p2b: Archaludon|flinch
|move|p1b: Magmar|Overheat|p2b: Archaludon
|-supereffective|p2b: Archaludon
|-damage|p2b: Archaludon|14/100 brn
|-unboost|p1b: Magmar|spa|2
|-ability|p2b: Archaludon|Stamina|boost
|-boost|p2b: Archaludon|def|1
|move|p2a: Sinistcha|Trick Room|p2a: Sinistcha
|-fieldstart|move: Trick Room|[of] p2a: Sinistcha
|
|-heal|p2b: Archaludon|20/100 brn|[from] Grassy Terrain
|-damage|p2b: Archaludon|14/100 brn|[from] brn
|-sideend|p2: jowemama|move: Tailwind
|upkeep
|turn|9
|
|t:|1756482645
|move|p1a: Rillaboom|Grassy Glide|p2b: Archaludon
|-resisted|p2b: Archaludon
|-damage|p2b: Archaludon|8/100 brn
|-ability|p2b: Archaludon|Stamina|boost
|-boost|p2b: Archaludon|def|1
|move|p2a: Sinistcha|Life Dew||[still]|[spread] p2a,p2b
|-fail|p2a: Sinistcha|heal
|-heal|p2b: Archaludon|33/100 brn
|move|p2b: Archaludon|Body Press|p1a: Rillaboom
|-damage|p1a: Rillaboom|63/100
|move|p1b: Magmar|Overheat|p2b: Archaludon
|-supereffective|p2b: Archaludon
|-damage|p2b: Archaludon|1/100 brn
|-unboost|p1b: Magmar|spa|2
|-ability|p2b: Archaludon|Stamina|boost
|-boost|p2b: Archaludon|def|1
|
|-heal|p1a: Rillaboom|69/100|[from] Grassy Terrain
|-heal|p2b: Archaludon|7/100 brn|[from] Grassy Terrain
|-damage|p2b: Archaludon|1/100 brn|[from] brn
|upkeep
|turn|10
|
|t:|1756482668
|move|p1a: Rillaboom|Grassy Glide|p2b: Archaludon
|-resisted|p2b: Archaludon
|-damage|p2b: Archaludon|0 fnt
|faint|p2b: Archaludon
|move|p2a: Sinistcha|Life Dew||[still]
|-fail|p2a: Sinistcha|heal
|move|p1b: Magmar|Overheat|p2a: Sinistcha|[miss]
|-miss|p1b: Magmar|p2a: Sinistcha
|
|-heal|p1a: Rillaboom|75/100|[from] Grassy Terrain
|upkeep
|
|t:|1756482670
|switch|p2b: Ursaluna|Ursaluna, L50, F|95/100 brn
|turn|11
|
|t:|1756482688
|move|p1b: Magmar|Follow Me|p1b: Magmar
|-singleturn|p1b: Magmar|move: Follow Me
|move|p2a: Sinistcha|Matcha Gotcha|p1b: Magmar|[spread] p1a,p1b
|-resisted|p1a: Rillaboom
|-resisted|p1b: Magmar
|-damage|p1a: Rillaboom|63/100
|-damage|p1b: Magmar|89/100
|move|p2b: Ursaluna|Facade|p1b: Magmar
|-damage|p1b: Magmar|0 fnt
|faint|p1b: Magmar
|move|p1a: Rillaboom|Wood Hammer|p2b: Ursaluna
|-supereffective|p2b: Ursaluna
|-damage|p2b: Ursaluna|0 fnt
|faint|p2b: Ursaluna
|-damage|p1a: Rillaboom|32/100|[from] Recoil
|
|-heal|p1a: Rillaboom|38/100|[from] Grassy Terrain
|upkeep
|turn|12
|
|t:|1756482706
|move|p1a: Rillaboom|Grassy Glide|p2a: Sinistcha
|-resisted|p2a: Sinistcha
|-damage|p2a: Sinistcha|82/100
|move|p2a: Sinistcha|Matcha Gotcha|p1a: Rillaboom
|-resisted|p1a: Rillaboom
|-damage|p1a: Rillaboom|22/100
|-heal|p2a: Sinistcha|92/100|[from] drain|[of] p1a: Rillaboom
|
|-heal|p2a: Sinistcha|98/100|[from] Grassy Terrain
|-heal|p1a: Rillaboom|28/100|[from] Grassy Terrain
|-fieldend|move: Trick Room
|-fieldend|move: Grassy Terrain
|upkeep
|turn|13
|
|t:|1756482723
|move|p1a: Rillaboom|Grassy Glide|p2a: Sinistcha
|-resisted|p2a: Sinistcha
|-damage|p2a: Sinistcha|84/100
|move|p2a: Sinistcha|Matcha Gotcha|p1a: Rillaboom
|-resisted|p1a: Rillaboom
|-damage|p1a: Rillaboom|16/100
|-heal|p2a: Sinistcha|90/100|[from] drain|[of] p1a: Rillaboom
|
|upkeep
|turn|14
|
|t:|1756482732
|move|p1a: Rillaboom|Grassy Glide|p2a: Sinistcha
|-resisted|p2a: Sinistcha
|-damage|p2a: Sinistcha|76/100
|move|p2a: Sinistcha|Trick Room|p2a: Sinistcha
|-fieldstart|move: Trick Room|[of] p2a: Sinistcha
|
|upkeep
|turn|15
|
|t:|1756482738
|move|p2a: Sinistcha|Matcha Gotcha|p1a: Rillaboom
|-resisted|p1a: Rillaboom
|-damage|p1a: Rillaboom|3/100
|-heal|p2a: Sinistcha|84/100|[from] drain|[of] p1a: Rillaboom
|move|p1a: Rillaboom|Grassy Glide|p2a: Sinistcha
|-resisted|p2a: Sinistcha
|-damage|p2a: Sinistcha|70/100
|
|upkeep
|turn|16
|
|t:|1756482748
|move|p2a: Sinistcha|Matcha Gotcha|p1a: Rillaboom
|-resisted|p1a: Rillaboom
|-damage|p1a: Rillaboom|0 fnt
|-heal|p2a: Sinistcha|72/100|[from] drain|[of] p1a: Rillaboom
|faint|p1a: Rillaboom
|
|win|jowemama
||AlboPalestratoVGC is ready for game 2.
||jowemama is ready for game 2.
|uhtml|next|Next: Game 2 of 3
|l|☆AlboPalestratoVGC
|player|p1|
