|j|☆trevyah
|j|☆eevee1ynn
|html|trevyaheevee1ynn    
|uhtml|bestof|Game 3 of a best-of-3
|t:|1785959280
|gametype|doubles
|player|p1|trevyah|trevor|
|player|p2|eevee1ynn|irida-masters2|
|gen|9
|tier|[Gen 9 Champions] VGC 2026 Reg M-B (Bo3)
|rule|Species Clause: Limit one of each Pokémon
|rule|Item Clause: Limit 1 of each item
|clearpoke
|poke|p1|Blaziken, L50, F, shiny|
|poke|p1|Kingambit, L50, M, shiny|
|poke|p1|Dragonite, L50, M, shiny|
|poke|p1|Ninetales-Alola, L50, M, shiny|
|poke|p1|Gengar, L50, M, shiny|
|poke|p1|Incineroar, L50, M, shiny|
|poke|p2|Raichu, L50, F|
|poke|p2|Talonflame, L50, M|
|poke|p2|Maushold, L50|
|poke|p2|Kommo-o, L50, F|
|poke|p2|Tsareena, L50, F|
|poke|p2|Delphox, L50, M|
|teampreview|4
|showteam|p1|Blaziken||Blazikenite|SpeedBoost|CloseCombat,RockSlide,FlareBlitz,Detect|Adamant||F|||50|]Kingambit||LifeOrb|Defiant|KowtowCleave,IronHead,SuckerPunch,Protect|Adamant||M|||50|]Dragonite||LumBerry|InnerFocus|DragonClaw,LowKick,ExtremeSpeed,Protect|Adamant||M|||50|]Ninetales-Alola||FocusSash|SnowWarning|Blizzard,FreezeDry,Encore,Protect|Timid||M|||50|]Gengar||Gengarite|CursedBody|ShadowBall,SludgeBomb,PerishSong,Protect|Modest||M|||50|]Incineroar||SitrusBerry|Intimidate|FlareBlitz,PartingShot,FakeOut,Protect|Relaxed||M|||50|
|showteam|p2|Raichu||RaichuniteY|LightningRod|Protect,ZapCannon,FocusBlast,FakeOut|Timid||F|||50|]Talonflame||SharpBeak|GaleWings|QuickGuard,DualWingbeat,Feint,Tailwind|Jolly||M|||50|]Maushold||FocusSash|FriendGuard|Protect,SuperFang,Encore,FollowMe|Timid|||||50|]Kommo-o||LifeOrb|Overcoat|Protect,AuraSphere,ClangingScales,VacuumWave|Modest||F|||50|]Tsareena||WideLens|QueenlyMajesty|Protect,PowerWhip,TripleAxel,Taunt|Adamant||F|||50|]Delphox||Delphoxite|Blaze|Protect,HeatWave,Psychic,Substitute|Timid||M|||50|
|
|t:|1785959319
|teamsize|p1|4
|teamsize|p2|4
|start
|switch|p1a: Begged|Incineroar, L50, M, shiny|100/100
|switch|p1b: Expectations|Gengar, L50, M, shiny|100/100
|switch|p2a: Maushold|Maushold, L50|100/100
|switch|p2b: Delphox|Delphox, L50, M|100/100
|-ability|p1a: Begged|Intimidate|boost
|-unboost|p2a: Maushold|atk|1
|-unboost|p2b: Delphox|atk|1
|turn|1
|inactive|Battle timer is ON: inactive players will automatically lose when time's up. (requested by trevyah)
|
|t:|1785959345
|switch|p2a: Tsareena|Tsareena, L50, F|100/100
|detailschange|p2b: Delphox|Delphox-Mega, L50, M
|-mega|p2b: Delphox|Delphox|Delphoxite
|detailschange|p1b: Expectations|Gengar-Mega, L50, M, shiny
|-mega|p1b: Expectations|Gengar|Gengarite
|move|p1a: Begged|Fake Out||[still]
|cant|p2a: Tsareena|ability: Queenly Majesty|Fake Out|[of] p1a: Begged
|move|p2b: Delphox|Psychic|p1b: Expectations
|-supereffective|p1b: Expectations|1
|-damage|p1b: Expectations|0 fnt
|faint|p1b: Expectations
|
|upkeep
|
|t:|1785959352
|switch|p1b: less|Dragonite, L50, M, shiny|100/100
|turn|2
|
|t:|1785959365
|switch|p2b: Maushold|Maushold, L50|100/100
|move|p2a: Tsareena|Protect|p2a: Tsareena
|-singleturn|p2a: Tsareena|Protect
|move|p1b: less|Protect|p1b: less
|-singleturn|p1b: less|Protect
|move|p1a: Begged|Flare Blitz|p2a: Tsareena
|-activate|p2a: Tsareena|move: Protect
|
|upkeep
|turn|3
|
|t:|1785959376
|switch|p1b: The Cure|Ninetales-Alola, L50, M, shiny|100/100
|-weather|Snowscape|[from] ability: Snow Warning|[of] p1b: The Cure
|move|p2b: Maushold|Super Fang|p1a: Begged
|-damage|p1a: Begged|50/100g
|move|p2a: Tsareena|Triple Axel|p1b: The Cure
|-resisted|p1b: The Cure|1
|-damage|p1b: The Cure|96/100
|-resisted|p1b: The Cure|1
|-damage|p1b: The Cure|89/100
|-resisted|p1b: The Cure|1
|-damage|p1b: The Cure|79/100
|-hitcount|p1b: The Cure|3
|move|p1a: Begged|Flare Blitz|p2a: Tsareena
|-supereffective|p2a: Tsareena|1
|-damage|p2a: Tsareena|28/100
|-damage|p1a: Begged|29/100|[from] Recoil
|-enditem|p1a: Begged|Sitrus Berry|[eat]
|-heal|p1a: Begged|54/100|[from] item: Sitrus Berry
|
|-weather|Snowscape|[upkeep]
|upkeep
|turn|4
|
|t:|1785959399
|move|p2b: Maushold|Super Fang|p1b: The Cure
|-damage|p1b: The Cure|40/100
|move|p1b: The Cure|Blizzard|p2a: Tsareena|[spread] p2a,p2b
|-supereffective|p2a: Tsareena|1
|-damage|p2a: Tsareena|0 fnt
|-damage|p2b: Maushold|63/100
|faint|p2a: Tsareena
|move|p1a: Begged|Flare Blitz|p2b: Maushold
|-damage|p2b: Maushold|0 fnt
|faint|p2b: Maushold
|-damage|p1a: Begged|35/100|[from] Recoil
|
|-weather|Snowscape|[upkeep]
|upkeep
|
|t:|1785959404
|switch|p2b: Delphox|Delphox-Mega, L50, M|100/100
|switch|p2a: Kommo-o|Kommo-o, L50, F|100/100
|turn|5
|
|t:|1785959417
|switch|p1a: less|Dragonite, L50, M, shiny|100/100
|move|p1b: The Cure|Protect|p1b: The Cure
|-singleturn|p1b: The Cure|Protect
|move|p2b: Delphox|Psychic|p1b: The Cure
|-activate|p1b: The Cure|move: Protect
|move|p2a: Kommo-o|Aura Sphere|p1a: less
|-resisted|p1a: less|1
|-damage|p1a: less|78/100
|-damage|p2a: Kommo-o|90/100|[from] item: Life Orb
|
|-weather|Snowscape|[upkeep]
|upkeep
|turn|6
|inactive|trevyah has 30 seconds left.
|inactive|trevyah has 20 seconds left.
|
|t:|1785959455
|move|p1a: less|Protect|p1a: less
|-singleturn|p1a: less|Protect
|move|p2b: Delphox|Heat Wave|p1b: The Cure|[spread] p1b
|-activate|p1a: less|move: Protect
|-supereffective|p1b: The Cure|1
|-damage|p1b: The Cure|0 fnt
|faint|p1b: The Cure
|move|p2a: Kommo-o|Clanging Scales|p1a: less
|-activate|p1a: less|move: Protect
|
|-weather|Snowscape|[upkeep]
|upkeep
|
|t:|1785959457
|switch|p1b: Begged|Incineroar, L50, M, shiny|35/100
|-ability|p1b: Begged|Intimidate|boost
|-unboost|p2a: Kommo-o|atk|1
|-unboost|p2b: Delphox|atk|1
|turn|7
|
|t:|1785959462
|move|p2b: Delphox|Protect|p2b: Delphox
|-singleturn|p2b: Delphox|Protect
|move|p2a: Kommo-o|Protect|p2a: Kommo-o
|-singleturn|p2a: Kommo-o|Protect
|move|p1b: Begged|Fake Out|p2a: Kommo-o
|-activate|p2a: Kommo-o|move: Protect
|move|p1a: less|Dragon Claw|p2b: Delphox
|-activate|p2b: Delphox|move: Protect
|
|-weather|none
|upkeep
|turn|8
|
|t:|1785959474
|move|p1b: Begged|Protect|p1b: Begged
|-singleturn|p1b: Begged|Protect
|move|p2b: Delphox|Substitute|p2b: Delphox
|-start|p2b: Delphox|Substitute
|-damage|p2b: Delphox|75/100
|move|p2a: Kommo-o|Clanging Scales|p1b: Begged|[spread] p1a
|-activate|p1b: Begged|move: Protect
|-supereffective|p1a: less|1
|-damage|p1a: less|0 fnt
|faint|p1a: less
|-unboost|p2a: Kommo-o|def|1
|-damage|p2a: Kommo-o|80/100|[from] item: Life Orb
|
|upkeep
|turn|9
|inactive|trevyah has 30 seconds left.
|-message|trevyah forfeited.
|
|win|eevee1ynn
