|j|☆TrashTest6116
|j|☆vglabmty
|html|TrashTest6116vglabmty    
|uhtml|bestof|Game 1 of a best-of-3
|t:|1784564275
|gametype|doubles
|player|p1|TrashTest6116|colress|1211
|player|p2|vglabmty|scientist|1152
|gen|9
|tier|[Gen 9 Champions] VGC 2026 Reg M-B (Bo3)
|rated|
|rule|Species Clause: Limit one of each Pokémon
|rule|Item Clause: Limit 1 of each item
|clearpoke
|poke|p1|Garchomp, L50, F|
|poke|p1|Venusaur, L50, F|
|poke|p1|Incineroar, L50, M|
|poke|p1|Charizard, L50, M|
|poke|p1|Toxapex, L50, F|
|poke|p1|Annihilape, L50, M|
|poke|p2|Tyranitar, L50, M|
|poke|p2|Rotom-Mow, L50|
|poke|p2|Farigiraf, L50, F|
|poke|p2|Sneasler, L50, F|
|poke|p2|Houndstone, L50, F|
|poke|p2|Mamoswine, L50, M|
|teampreview|4
|showteam|p1|Garchomp||ChoiceScarf|RoughSkin|Earthquake,RockSlide,DragonClaw,StompingTantrum|Adamant||F|||50|]Venusaur||LifeOrb|Chlorophyll|SludgeBomb,SolarBeam,EarthPower,Protect|Modest||F|||50|]Incineroar||SitrusBerry|Intimidate|FakeOut,FlareBlitz,ThroatChop,PartingShot|Impish||M|||50|]Charizard||CharizarditeY|Blaze|HeatWave,WeatherBall,Protect,HelpingHand|Modest||M|||50|]Toxapex||Leftovers|Regenerator|Infestation,Toxic,WideGuard,BanefulBunker|Impish||F|||50|]Annihilape||FocusSash|Defiant|CloseCombat,PhantomForce,RockTomb,Protect|Jolly||M|||50|
|showteam|p2|Tyranitar||Tyranitarite|SandStream|Protect,DragonDance,Crunch,RockSlide|Adamant||M|||50|]Rotom-Mow||Leftovers|Levitate|WillOWisp,Electroweb,LeafStorm,Protect|Calm|||||50|]Farigiraf||SitrusBerry|ArmorTail|HelpingHand,TrickRoom,TwinBeam,Thunderbolt|Relaxed||F|||50|]Sneasler||WhiteHerb|Unburden|FakeOut,DireClaw,CloseCombat,ThroatChop|Adamant||F|||50|]Houndstone||ColburBerry|SandRush|Protect,LastRespects,ShadowSneak,BodyPress|Adamant||F|||50|]Mamoswine||LifeOrb|Oblivious|HighHorsepower,IceShard,Protect,RockSlide|Jolly||M|||50|
|inactive|Battle timer is ON: inactive players will automatically lose when time's up. (requested by vglabmty)
|inactive|TrashTest6116 has 60 seconds left.
|inactive|vglabmty has 60 seconds left.
|inactive|TrashTest6116 has 30 seconds left.
|
|t:|1784564344
|teamsize|p1|4
|teamsize|p2|4
|start
|switch|p1a: Garchomp|Garchomp, L50, F|100/100
|switch|p1b: Annihilape|Annihilape, L50, M|100/100
|switch|p2a: Farigiraf|Farigiraf, L50, F|100/100
|switch|p2b: Sneasler|Sneasler, L50, F|100/100
|turn|1
|inactive|vglabmty has 30 seconds left.
|inactive|vglabmty has 20 seconds left.
|
|t:|1784564380
|move|p1b: Annihilape|Protect|p1b: Annihilape
|-singleturn|p1b: Annihilape|Protect
|move|p2b: Sneasler|Fake Out|p1a: Garchomp
|-damage|p1a: Garchomp|84/100
|-damage|p2b: Sneasler|87/100|[from] ability: Rough Skin|[of] p1a: Garchomp
|cant|p1a: Garchomp|flinch
|move|p2a: Farigiraf|Twin Beam|p1b: Annihilape
|-activate|p1b: Annihilape|move: Protect
|
|upkeep
|turn|2
|inactive|TrashTest6116 has 30 seconds left.
|
|t:|1784564407
|switch|p2b: Houndstone|Houndstone, L50, F|100/100
|move|p1a: Garchomp|Dragon Claw|p2b: Houndstone
|-damage|p2b: Houndstone|42/100
|move|p1b: Annihilape|Phantom Force||[still]
|-prepare|p1b: Annihilape|Phantom Force
|move|p2a: Farigiraf|Twin Beam|p1b: Annihilape|[miss]
|-miss|p2a: Farigiraf|p1b: Annihilape
|
|upkeep
|turn|3
|
|t:|1784564419
|switch|p2b: Tyranitar|Tyranitar, L50, M|100/100
|-weather|Sandstorm|[from] ability: Sand Stream|[of] p2b: Tyranitar
|move|p1a: Garchomp|Dragon Claw|p2a: Farigiraf
|-damage|p2a: Farigiraf|63/100
|move|p1b: Annihilape|Phantom Force|p2b: Tyranitar|[from] lockedmove
|-resisted|p2b: Tyranitar|1
|-damage|p2b: Tyranitar|79/100
|move|p2a: Farigiraf|Trick Room|p2a: Farigiraf
|-fieldstart|move: Trick Room|[of] p2a: Farigiraf
|
|-weather|Sandstorm|[upkeep]
|-damage|p2a: Farigiraf|57/100|[from] Sandstorm
|-damage|p1b: Annihilape|94/100|[from] Sandstorm
|upkeep
|turn|4
|
|t:|1784564439
|switch|p1a: Toxapex|Toxapex, L50, F|100/100
|move|p2b: Tyranitar|Protect|p2b: Tyranitar
|-singleturn|p2b: Tyranitar|Protect
|move|p1b: Annihilape|Protect|p1b: Annihilape
|-singleturn|p1b: Annihilape|Protect
|move|p2a: Farigiraf|Twin Beam|p1b: Annihilape
|-activate|p1b: Annihilape|move: Protect
|
|-weather|Sandstorm|[upkeep]
|-damage|p1a: Toxapex|94/100|[from] Sandstorm
|-damage|p2a: Farigiraf|50/100g|[from] Sandstorm
|-damage|p1b: Annihilape|88/100|[from] Sandstorm
|-heal|p1a: Toxapex|100/100|[from] item: Leftovers
|upkeep
|turn|5
|
|t:|1784564461
|switch|p2b: Houndstone|Houndstone, L50, F|42/100
|move|p1a: Toxapex|Infestation|p2b: Houndstone
|-resisted|p2b: Houndstone|1
|-damage|p2b: Houndstone|41/100
|-activate|p2b: Houndstone|move: Infestation|[of] p1a: Toxapex
|move|p2a: Farigiraf|Twin Beam|p1b: Annihilape
|-supereffective|p1b: Annihilape|1
|-damage|p1b: Annihilape|55/100
|-supereffective|p1b: Annihilape|1
|-damage|p1b: Annihilape|25/100
|-hitcount|p1b: Annihilape|2
|move|p1b: Annihilape|Close Combat|p2a: Farigiraf
|-damage|p2a: Farigiraf|10/100
|-unboost|p1b: Annihilape|def|1
|-unboost|p1b: Annihilape|spd|1
|-enditem|p2a: Farigiraf|Sitrus Berry|[eat]
|-heal|p2a: Farigiraf|35/100|[from] item: Sitrus Berry
|
|-weather|Sandstorm|[upkeep]
|-damage|p1a: Toxapex|94/100|[from] Sandstorm
|-damage|p2a: Farigiraf|29/100|[from] Sandstorm
|-damage|p1b: Annihilape|19/100|[from] Sandstorm
|-heal|p1a: Toxapex|100/100|[from] item: Leftovers
|-damage|p2b: Houndstone|29/100|[from] move: Infestation|[partiallytrapped]
|upkeep
|turn|6
|inactive|vglabmty has 30 seconds left.
|
|t:|1784564494
|move|p1b: Annihilape|Protect|p1b: Annihilape
|-singleturn|p1b: Annihilape|Protect
|move|p2b: Houndstone|Shadow Sneak|p1b: Annihilape
|-activate|p1b: Annihilape|move: Protect
|move|p1a: Toxapex|Infestation|p2a: Farigiraf
|-supereffective|p2a: Farigiraf|1
|-damage|p2a: Farigiraf|23/100
|-activate|p2a: Farigiraf|move: Infestation|[of] p1a: Toxapex
|move|p2a: Farigiraf|Twin Beam|p1a: Toxapex
|-supereffective|p1a: Toxapex|1
|-damage|p1a: Toxapex|77/100
|-supereffective|p1a: Toxapex|1
|-damage|p1a: Toxapex|56/100
|-hitcount|p1a: Toxapex|2
|
|-weather|Sandstorm|[upkeep]
|-damage|p1a: Toxapex|50/100g|[from] Sandstorm
|-damage|p2a: Farigiraf|17/100|[from] Sandstorm
|-damage|p1b: Annihilape|13/100|[from] Sandstorm
|-heal|p1a: Toxapex|56/100|[from] item: Leftovers
|-damage|p2a: Farigiraf|4/100|[from] move: Infestation|[partiallytrapped]
|-damage|p2b: Houndstone|17/100|[from] move: Infestation|[partiallytrapped]
|upkeep
|turn|7
|
|t:|1784564507
|switch|p1b: Garchomp|Garchomp, L50, F|84/100
|move|p1a: Toxapex|Baneful Bunker|p1a: Toxapex
|-singleturn|p1a: Toxapex|move: Protect
|move|p2b: Houndstone|Shadow Sneak|p1b: Garchomp
|-damage|p1b: Garchomp|66/100
|-damage|p2b: Houndstone|5/100|[from] ability: Rough Skin|[of] p1b: Garchomp
|move|p2a: Farigiraf|Twin Beam|p1a: Toxapex
|-activate|p1a: Toxapex|move: Protect
|
|-weather|none
|-heal|p1a: Toxapex|62/100|[from] item: Leftovers
|-damage|p2a: Farigiraf|0 fnt|[from] move: Infestation|[partiallytrapped]
|faint|p2a: Farigiraf
|-damage|p2b: Houndstone|0 fnt|[from] move: Infestation|[partiallytrapped]
|faint|p2b: Houndstone
|-fieldend|move: Trick Room
|upkeep
|
|t:|1784564518
|switch|p2b: Tyranitar|Tyranitar, L50, M|79/100
|switch|p2a: Sneasler|Sneasler, L50, F|87/100
|-weather|Sandstorm|[from] ability: Sand Stream|[of] p2b: Tyranitar
|turn|8
|
|t:|1784564528
|detailschange|p2b: Tyranitar|Tyranitar-Mega, L50, M
|-mega|p2b: Tyranitar|Tyranitar|Tyranitarite
|move|p2a: Sneasler|Fake Out|p1b: Garchomp
|-damage|p1b: Garchomp|49/100
|-damage|p2a: Sneasler|75/100|[from] ability: Rough Skin|[of] p1b: Garchomp
|cant|p1b: Garchomp|flinch
|move|p2b: Tyranitar|Dragon Dance|p2b: Tyranitar
|-boost|p2b: Tyranitar|atk|1
|-boost|p2b: Tyranitar|spe|1
|move|p1a: Toxapex|Toxic|p2b: Tyranitar
|-status|p2b: Tyranitar|tox
|
|-weather|Sandstorm|[upkeep]
|-damage|p2a: Sneasler|70/100|[from] Sandstorm
|-damage|p1a: Toxapex|56/100|[from] Sandstorm
|-heal|p1a: Toxapex|62/100|[from] item: Leftovers
|-damage|p2b: Tyranitar|72/100 tox|[from] psn
|upkeep
|turn|9
|
|t:|1784564542
|move|p1b: Garchomp|Stomping Tantrum|p2a: Sneasler
|-supereffective|p2a: Sneasler|1
|-damage|p2a: Sneasler|0 fnt
|faint|p2a: Sneasler
|move|p2b: Tyranitar|Crunch|p1b: Garchomp
|-damage|p1b: Garchomp|0 fnt
|-damage|p2b: Tyranitar|60/100 tox|[from] ability: Rough Skin|[of] p1b: Garchomp
|faint|p1b: Garchomp
|move|p1a: Toxapex|Infestation|p2b: Tyranitar
|-supereffective|p2b: Tyranitar|1
|-damage|p2b: Tyranitar|57/100 tox
|-activate|p2b: Tyranitar|move: Infestation|[of] p1a: Toxapex
|
|-weather|Sandstorm|[upkeep]
|-damage|p1a: Toxapex|56/100|[from] Sandstorm
|-heal|p1a: Toxapex|62/100|[from] item: Leftovers
|-damage|p2b: Tyranitar|44/100 tox|[from] psn
|-damage|p2b: Tyranitar|32/100 tox|[from] move: Infestation|[partiallytrapped]
|upkeep
|
|t:|1784564552
|switch|p1b: Charizard|Charizard, L50, M|100/100
|turn|10
|
|t:|1784564560
|detailschange|p1b: Charizard|Charizard-Mega-Y, L50, M
|-mega|p1b: Charizard|Charizard|Charizardite Y
|-weather|SunnyDay|[from] ability: Drought|[of] p1b: Charizard
|move|p1b: Charizard|Protect|p1b: Charizard
|-singleturn|p1b: Charizard|Protect
|move|p1a: Toxapex|Baneful Bunker|p1a: Toxapex
|-singleturn|p1a: Toxapex|move: Protect
|move|p2b: Tyranitar|Crunch|p1b: Charizard
|-activate|p1b: Charizard|move: Protect
|
|-weather|SunnyDay|[upkeep]
|-heal|p1a: Toxapex|68/100|[from] item: Leftovers
|-damage|p2b: Tyranitar|13/100 tox|[from] psn
|-damage|p2b: Tyranitar|1/100 tox|[from] move: Infestation|[partiallytrapped]
|upkeep
|turn|11
|
|t:|1784564575
|move|p1a: Toxapex|Wide Guard|p1a: Toxapex
|-singleturn|p1a: Toxapex|Wide Guard
|move|p2b: Tyranitar|Rock Slide|p1b: Charizard|[spread] 
|-activate|p1a: Toxapex|move: Wide Guard
|-activate|p1b: Charizard|move: Wide Guard
|move|p1b: Charizard|Weather Ball|p2b: Tyranitar
|-resisted|p2b: Tyranitar|1
|-damage|p2b: Tyranitar|0 fnt
|faint|p2b: Tyranitar
|
|win|TrashTest6116
