|j|☆uscorp
|j|☆GS Barnabe
|html|uscorpGS Barnabe    
|uhtml|bestof|Game 1 of a best-of-3
|t:|1785873865
|gametype|doubles
|player|p1|uscorp|170|1265
|player|p2|GS Barnabe|169|1151
|gen|9
|tier|[Gen 9 Champions] VGC 2026 Reg M-B (Bo3)
|rated|
|rule|Species Clause: Limit one of each Pokémon
|rule|Item Clause: Limit 1 of each item
|clearpoke
|poke|p1|Raichu, L50, F|
|poke|p1|Staraptor, L50, F|
|poke|p1|Farigiraf, L50, M|
|poke|p1|Kingambit, L50, M|
|poke|p1|Sylveon, L50, F|
|poke|p1|Arcanine-Hisui, L50, F|
|poke|p2|Clefable, L50, M|
|poke|p2|Tyranitar, L50, F|
|poke|p2|Garchomp, L50, M|
|poke|p2|Gholdengo, L50|
|poke|p2|Rotom-Wash, L50|
|poke|p2|Aerodactyl, L50, F|
|teampreview|4
|showteam|p1|Raichu||RaichuniteY|LightningRod|FakeOut,ZapCannon,FocusBlast,Protect|Timid||F|||50|]Staraptor||Staraptite|Intimidate|Tailwind,Protect,CloseCombat,DualWingbeat|Jolly||F|||50|]Farigiraf||SitrusBerry|ArmorTail|Protect,TwinBeam,TrickRoom,HelpingHand|Calm||M|||50|]Kingambit||LifeOrb|Defiant|Protect,KowtowCleave,SwordsDance,SuckerPunch|Adamant||M|||50|]Sylveon||FairyFeather|Pixilate|HyperVoice,HyperBeam,QuickAttack,Detect|Modest||F|||50|]Arcanine-Hisui||FocusSash|RockHead|Protect,ExtremeSpeed,HeadSmash,FlareBlitz|Jolly||F|||50|
|showteam|p2|Clefable||SitrusBerry|Unaware|Moonblast,FollowMe,HealPulse,Protect|Bold||M|||50|]Tyranitar||ChoiceScarf|SandStream|RockSlide,KnockOff,IcePunch,Superpower|Jolly||F|||50|]Garchomp||Garchompite|SandVeil|DracoMeteor,EarthPower,PowerGem,Protect|Modest||M|||50|]Gholdengo||LifeOrb|GoodasGold|MakeItRain,ShadowBall,NastyPlot,Protect|Modest|||||50|]Rotom-Wash||Leftovers|Levitate|HydroPump,VoltSwitch,WillOWisp,Protect|Calm|||||50|]Aerodactyl||Aerodactylite|RockHead|RockSlide,DualWingbeat,Tailwind,Protect|Jolly||F|||50|
|
|t:|1785873907
|teamsize|p1|4
|teamsize|p2|4
|start
|switch|p1a: Pika|Raichu, L50, F|100/100
|switch|p1b: REG H|Kingambit, L50, M|100/100
|switch|p2a: Aerodactyl|Aerodactyl, L50, F|100/100
|switch|p2b: Rotom|Rotom-Wash, L50|100/100
|turn|1
|
|t:|1785873946
|detailschange|p2a: Aerodactyl|Aerodactyl-Mega, L50, F
|-mega|p2a: Aerodactyl|Aerodactyl|Aerodactylite
|move|p1a: Pika|Fake Out|p2a: Aerodactyl
|-resisted|p2a: Aerodactyl|1
|-damage|p2a: Aerodactyl|95/100
|cant|p2a: Aerodactyl|flinch
|move|p2b: Rotom|Will-O-Wisp|p1b: REG H|[miss]
|-miss|p2b: Rotom|p1b: REG H
|move|p1b: REG H|Swords Dance|p1b: REG H
|-boost|p1b: REG H|atk|2
|
|upkeep
|turn|2
|
|t:|1785873967
|detailschange|p1a: Pika|Raichu-Mega-Y, L50, F
|-mega|p1a: Pika|Raichu|Raichunite Y
|move|p1b: REG H|Sucker Punch||[still]
|-fail|p1b: REG H
|move|p2a: Aerodactyl|Tailwind|p2a: Aerodactyl
|-sidestart|p2: GS Barnabe|move: Tailwind
|move|p2b: Rotom|Will-O-Wisp|p1b: REG H
|-status|p1b: REG H|brn
|move|p1a: Pika|Zap Cannon|p2b: Rotom
|-damage|p2b: Rotom|46/100
|
|-heal|p2b: Rotom|51/100|[from] item: Leftovers
|-damage|p1b: REG H|94/100 brn|[from] brn
|upkeep
|turn|3
|
|t:|1785873998
|move|p1a: Pika|Protect|p1a: Pika
|-singleturn|p1a: Pika|Protect
|move|p2a: Aerodactyl|Rock Slide|p1b: REG H|[spread] p1b
|-activate|p1a: Pika|move: Protect
|-resisted|p1b: REG H|1
|-damage|p1b: REG H|81/100 brn
|move|p2b: Rotom|Volt Switch|p1b: REG H
|-damage|p1b: REG H|55/100 brn
|
|t:|1785874012
|switch|p2b: Tyranitar|Tyranitar, L50, F|100/100|[from] Volt Switch
|-weather|Sandstorm|[from] ability: Sand Stream|[of] p2b: Tyranitar
|move|p1b: REG H|Swords Dance|p1b: REG H
|-boost|p1b: REG H|atk|2
|
|-weather|Sandstorm|[upkeep]
|-damage|p1a: Pika|94/100|[from] Sandstorm
|-damage|p1b: REG H|49/100 brn|[from] brn
|upkeep
|turn|4
|
|t:|1785874037
|switch|p1a: Piccionazzo|Staraptor, L50, F|100/100
|-ability|p1a: Piccionazzo|Intimidate|boost
|-unboost|p2a: Aerodactyl|atk|1
|-unboost|p2b: Tyranitar|atk|1
|move|p1b: REG H|Sucker Punch|p2a: Aerodactyl
|-damage|p2a: Aerodactyl|10/100
|-damage|p1b: REG H|40/100 brn|[from] item: Life Orb
|move|p2a: Aerodactyl|Rock Slide|p1a: Piccionazzo|[spread] p1a,p1b
|-supereffective|p1a: Piccionazzo|1
|-resisted|p1b: REG H|1
|-damage|p1a: Piccionazzo|54/100
|-damage|p1b: REG H|31/100 brn
|move|p2b: Tyranitar|Superpower|p1b: REG H
|-supereffective|p1b: REG H|2
|-damage|p1b: REG H|0 fnt
|-unboost|p2b: Tyranitar|atk|1
|-unboost|p2b: Tyranitar|def|1
|faint|p1b: REG H
|
|-weather|Sandstorm|[upkeep]
|-damage|p1a: Piccionazzo|48/100|[from] Sandstorm
|upkeep
|
|t:|1785874057
|switch|p1b: Pika|Raichu-Mega-Y, L50, F|94/100
|turn|5
|
|t:|1785874075
|switch|p2b: Gholdengo|Gholdengo, L50|100/100
|move|p2a: Aerodactyl|Protect|p2a: Aerodactyl
|-singleturn|p2a: Aerodactyl|Protect
|move|p1b: Pika|Fake Out|p2b: Gholdengo
|-immune|p2b: Gholdengo
|move|p1a: Piccionazzo|Close Combat|p2b: Gholdengo
|-immune|p2b: Gholdengo
|
|-weather|Sandstorm|[upkeep]
|-damage|p1b: Pika|88/100|[from] Sandstorm
|-damage|p1a: Piccionazzo|42/100|[from] Sandstorm
|-sideend|p2: GS Barnabe|move: Tailwind
|upkeep
|turn|6
|
|t:|1785874109
|move|p1b: Pika|Protect|p1b: Pika
|-singleturn|p1b: Pika|Protect
|move|p2a: Aerodactyl|Tailwind|p2a: Aerodactyl
|-sidestart|p2: GS Barnabe|move: Tailwind
|move|p2b: Gholdengo|Nasty Plot|p2b: Gholdengo
|-boost|p2b: Gholdengo|spa|2
|move|p1a: Piccionazzo|Close Combat|p2a: Aerodactyl
|-damage|p2a: Aerodactyl|0 fnt
|-unboost|p1a: Piccionazzo|def|1
|-unboost|p1a: Piccionazzo|spd|1
|faint|p2a: Aerodactyl
|
|-weather|Sandstorm|[upkeep]
|-damage|p1b: Pika|82/100|[from] Sandstorm
|-damage|p1a: Piccionazzo|37/100|[from] Sandstorm
|upkeep
|
|t:|1785874133
|switch|p2a: Tyranitar|Tyranitar, L50, F|100/100
|turn|7
|
|t:|1785874154
|move|p2a: Tyranitar|Rock Slide|p1a: Piccionazzo|[spread] p1a,p1b
|-supereffective|p1a: Piccionazzo|1
|-damage|p1a: Piccionazzo|0 fnt
|-damage|p1b: Pika|37/100
|faint|p1a: Piccionazzo
|move|p2b: Gholdengo|Shadow Ball|p1b: Pika
|-damage|p1b: Pika|0 fnt
|faint|p1b: Pika
|-damage|p2b: Gholdengo|90/100|[from] item: Life Orb
|
|-weather|none
|upkeep
|
|t:|1785874167
|switch|p1b: Ylenia|Sylveon, L50, F|100/100
|turn|8
|
|t:|1785874171
|move|p1b: Ylenia|Detect|p1b: Ylenia
|-singleturn|p1b: Ylenia|Protect
|move|p2a: Tyranitar|Rock Slide|p1b: Ylenia
|-activate|p1b: Ylenia|move: Protect
|move|p2b: Gholdengo|Make It Rain|p1b: Ylenia
|-activate|p1b: Ylenia|move: Protect
|
|upkeep
|turn|9
|
|t:|1785874182
|move|p2a: Tyranitar|Rock Slide|p1b: Ylenia
|-damage|p1b: Ylenia|56/100
|move|p2b: Gholdengo|Make It Rain|p1b: Ylenia
|-supereffective|p1b: Ylenia|1
|-damage|p1b: Ylenia|0 fnt
|-unboost|p2b: Gholdengo|spa|2
|faint|p1b: Ylenia
|-damage|p2b: Gholdengo|80/100|[from] item: Life Orb
|
|win|GS Barnabe
||uscorp is ready for game 2.
