|j|☆jowemama
|j|☆buf80 stainlessvgc
|html|jowemamabuf80 stainlessvgc    
|uhtml|bestof|Game 2 of a best-of-3
|t:|1756481030
|gametype|doubles
|player|p1|jowemama|scientistf|1081
|player|p2|buf80 stainlessvgc|colress|1000
|gen|9
|tier|[Gen 9] VGC 2025 Reg H (Bo3)
|rated|
|rule|Species Clause: Limit one of each Pokémon
|rule|Item Clause: Limit 1 of each item
|clearpoke
|poke|p1|Pelipper, L50, F|
|poke|p1|Archaludon, L50, F|
|poke|p1|Dragonite, L50, F|
|poke|p1|Incineroar, L50, F|
|poke|p1|Ursaluna, L50, F|
|poke|p1|Sinistcha, L50|
|poke|p2|Annihilape, L50, M|
|poke|p2|Dragonite, L50, M|
|poke|p2|Gholdengo, L50|
|poke|p2|Electabuzz, L50, F|
|poke|p2|Rillaboom, L50, F|
|poke|p2|Incineroar, L50, F|
|teampreview|4
|showteam|p1|Pelipper||FocusSash|Drizzle|WeatherBall,Hurricane,Tailwind,Protect|||F|||50|,,,,,Ghost]Archaludon||AssaultVest|Stamina|FlashCannon,ElectroShot,BodyPress,Snarl|||F|||50|,,,,,Bug]Dragonite||LoadedDice|Multiscale|ScaleShot,Tailwind,Haze,Protect|||F|||50|,,,,,Fairy]Incineroar||SafetyGoggles|Intimidate|KnockOff,WillOWisp,PartingShot,FakeOut|||F|||50|,,,,,Bug]Ursaluna||FlameOrb|Guts|Facade,HeadlongRush,Earthquake,Protect|||F|||50|,,,,,Ghost]Sinistcha||SitrusBerry|Hospitality|MatchaGotcha,LifeDew,RagePowder,TrickRoom||||||50|,,,,,Dark
|showteam|p2|Annihilape||FocusSash|Defiant|Taunt,CloseCombat,RageFist,Coaching|||M|||50|,,,,,Stellar]Dragonite||LoadedDice|Multiscale|Protect,ScaleShot,Haze,ExtremeSpeed|||M|||50|,,,,,Fairy]Gholdengo||SitrusBerry|GoodasGold|MakeItRain,ShadowBall,NastyPlot,Protect||||||50|,,,,,Water]Electabuzz||Eviolite|VitalSpirit|Protect,Electroweb,Taunt,FollowMe|||F|||50|,,,,,Dragon]Rillaboom||AssaultVest|GrassySurge|FakeOut,WoodHammer,HighHorsepower,GrassyGlide|||F|||50|,,,,,Fire]Incineroar||MirrorHerb|Intimidate|FakeOut,PartingShot,FlareBlitz,KnockOff|||F|||50|,,,,,Ghost
|inactive|Battle timer is ON: inactive players will automatically lose when time's up. (requested by jowemama)
|inactive|buf80 stainlessvgc has 60 seconds left.
|
|t:|1756481074
|teamsize|p1|4
|teamsize|p2|4
|start
|switch|p1a: Dragonite|Dragonite, L50, F|100/100
|switch|p1b: Archaludon|Archaludon, L50, F|100/100
|switch|p2a: Incineroar|Incineroar, L50, F|100/100
|switch|p2b: Gholdengo|Gholdengo, L50|100/100
|-ability|p2a: Incineroar|Intimidate|boost
|-unboost|p1a: Dragonite|atk|1
|-unboost|p1b: Archaludon|atk|1
|turn|1
|inactive|buf80 stainlessvgc has 30 seconds left.
|
|t:|1756481103
|switch|p1a: Pelipper|Pelipper, L50, F|100/100
|-weather|RainDance|[from] ability: Drizzle|[of] p1a: Pelipper
|-terastallize|p2b: Gholdengo|Water
|move|p2a: Incineroar|Fake Out|p1a: Pelipper
|-damage|p1a: Pelipper|86/100
|move|p2b: Gholdengo|Nasty Plot|p2b: Gholdengo
|-boost|p2b: Gholdengo|spa|2
|move|p1b: Archaludon|Electro Shot||[still]
|-prepare|p1b: Archaludon|Electro Shot
|-boost|p1b: Archaludon|spa|1
|-anim|p1b: Archaludon|Electro Shot|p2b: Gholdengo
|-supereffective|p2b: Gholdengo
|-damage|p2b: Gholdengo|0 fnt
|faint|p2b: Gholdengo
|-enditem|p2a: Incineroar|Mirror Herb
|-boost|p2a: Incineroar|spa|1|[from] item: Mirror Herb
|
|-weather|RainDance|[upkeep]
|upkeep
|inactive|buf80 stainlessvgc has 30 seconds left.
|inactive|buf80 stainlessvgc has 20 seconds left.
|inactive|buf80 stainlessvgc has 15 seconds left.
|
|t:|1756481146
|switch|p2b: Annihilape|Annihilape, L50, M, shiny|100/100
|turn|2
|
|t:|1756481169
|-terastallize|p1b: Archaludon|Bug
|move|p2b: Annihilape|Close Combat|p1b: Archaludon
|-resisted|p1b: Archaludon
|-damage|p1b: Archaludon|80/100
|-unboost|p2b: Annihilape|def|1
|-unboost|p2b: Annihilape|spd|1
|-ability|p1b: Archaludon|Stamina|boost
|-boost|p1b: Archaludon|def|1
|move|p1a: Pelipper|Hurricane|p2b: Annihilape
|-supereffective|p2b: Annihilape
|-enditem|p2b: Annihilape|Focus Sash
|-damage|p2b: Annihilape|1/100
|-start|p2b: Annihilape|confusion
|move|p1b: Archaludon|Electro Shot||[still]
|-prepare|p1b: Archaludon|Electro Shot
|-boost|p1b: Archaludon|spa|1
|-anim|p1b: Archaludon|Electro Shot|p2b: Annihilape
|-damage|p2b: Annihilape|0 fnt
|faint|p2b: Annihilape
|move|p2a: Incineroar|Flare Blitz|p1b: Archaludon
|-supereffective|p1b: Archaludon
|-damage|p1b: Archaludon|58/100
|-ability|p1b: Archaludon|Stamina|boost
|-boost|p1b: Archaludon|def|1
|-damage|p2a: Incineroar|93/100|[from] Recoil
|
|-weather|RainDance|[upkeep]
|upkeep
|
|t:|1756481175
|switch|p2b: Dragonite|Dragonite, L50, M|100/100
|turn|3
|inactive|buf80 stainlessvgc has 30 seconds left.
|
|t:|1756481202
|move|p2b: Dragonite|Haze|p2b: Dragonite
|-clearallboost
|move|p1a: Pelipper|Weather Ball|p2a: Incineroar
|-supereffective|p2a: Incineroar
|-damage|p2a: Incineroar|0 fnt
|faint|p2a: Incineroar
|move|p1b: Archaludon|Electro Shot||[still]
|-prepare|p1b: Archaludon|Electro Shot
|-boost|p1b: Archaludon|spa|1
|-anim|p1b: Archaludon|Electro Shot|p2b: Dragonite
|-damage|p2b: Dragonite|69/100
|
|-weather|RainDance|[upkeep]
|upkeep
|turn|4
|
|t:|1756481217
|move|p2b: Dragonite|Protect|p2b: Dragonite
|-singleturn|p2b: Dragonite|Protect
|move|p1a: Pelipper|Tailwind|p1a: Pelipper
|-sidestart|p1: jowemama|move: Tailwind
|move|p1b: Archaludon|Electro Shot||[still]
|-prepare|p1b: Archaludon|Electro Shot
|-boost|p1b: Archaludon|spa|1
|-anim|p1b: Archaludon|Electro Shot|p2b: Dragonite
|-activate|p2b: Dragonite|move: Protect
|
|-weather|RainDance|[upkeep]
|upkeep
|turn|5
|
|t:|1756481222
|switch|p1a: Sinistcha|Sinistcha, L50|100/100
|-heal|p1b: Archaludon|83/100|[from] ability: Hospitality|[of] p1a: Sinistcha
|move|p1b: Archaludon|Electro Shot||[still]
|-prepare|p1b: Archaludon|Electro Shot
|-boost|p1b: Archaludon|spa|1
|-anim|p1b: Archaludon|Electro Shot|p2b: Dragonite
|-damage|p2b: Dragonite|0 fnt
|faint|p2b: Dragonite
|
|win|jowemama
|raw|jowemama's rating: 1081 → 1102(+21 for winning)
|raw|buf80 stainlessvgc's rating: 1000 → 1000(+0 for losing)
|l|☆buf80 stainlessvgc
|player|p2|
