|j|☆HeroOfHydrangea
|j|☆sdjones34
|html|HeroOfHydrangeasdjones34    
|uhtml|bestof|Game 1 of a best-of-3
|t:|1783830338
|gametype|doubles
|player|p1|HeroOfHydrangea|101|1215
|player|p2|sdjones34|1|1061
|gen|9
|tier|[Gen 9 Champions] VGC 2026 Reg M-B (Bo3)
|rated|
|rule|Species Clause: Limit one of each Pokémon
|rule|Item Clause: Limit 1 of each item
|clearpoke
|poke|p1|Blastoise, L50, F|
|poke|p1|Sneasler, L50, M|
|poke|p1|Kingambit, L50, M|
|poke|p1|Incineroar, L50, M|
|poke|p1|Delphox, L50, F|
|poke|p1|Sinistcha, L50|
|poke|p2|Gengar, L50, M, shiny|
|poke|p2|Incineroar, L50, M, shiny|
|poke|p2|Politoed, L50, F|
|poke|p2|Swampert, L50, F|
|poke|p2|Grimmsnarl, L50, M|
|poke|p2|Archaludon, L50, F|
|teampreview|4
|showteam|p1|Blastoise||Blastoisinite|Torrent|WaterSpout,DarkPulse,ShellSmash,Protect|Modest||F|||50|]Sneasler||FocusSash|PoisonTouch|CloseCombat,DireClaw,FakeOut,QuickGuard|Jolly||M|||50|]Kingambit||BlackGlasses|Defiant|KowtowCleave,SuckerPunch,SwordsDance,Protect|Adamant||M|||50|]Incineroar||SitrusBerry|Intimidate|FlareBlitz,HelpingHand,PartingShot,FakeOut|Careful||M|||50|]Delphox||Delphoxite|Blaze|HeatWave,Psyshock,NastyPlot,Protect|Modest||F|||50|]Sinistcha||KasibBerry|Hospitality|MatchaGotcha,RagePowder,TrickRoom,Protect|Bold|||||50|
|showteam|p2|Gengar||Gengarite|CursedBody|ShadowBall,PerishSong,Disable,Protect|Timid||M|||50|]Incineroar||PasshoBerry|Intimidate|DarkestLariat,FakeOut,Protect,PartingShot|Relaxed||M|||50|]Politoed||SitrusBerry|Drizzle|PerishSong,Protect,WeatherBall,Encore|Calm||F|||50|]Swampert||Swampertite|Torrent|Protect,WaveCrash,FlipTurn,HighHorsepower|Adamant||F|||50|]Grimmsnarl||RoseliBerry|Prankster|Reflect,LightScreen,FakeOut,PartingShot|Careful||M|||50|]Archaludon||Leftovers|Stamina|ElectroShot,FlashCannon,Protect,DragonPulse|Bold||F|||50|
|inactive|Battle timer is ON: inactive players will automatically lose when time's up. (requested by HeroOfHydrangea)
|inactive|HeroOfHydrangea has 60 seconds left.
|inactive|sdjones34 has 60 seconds left.
|inactive|HeroOfHydrangea has 30 seconds left.
|inactive|HeroOfHydrangea has 20 seconds left.
|inactive|HeroOfHydrangea has 15 seconds left.
|
|t:|1783830416
|teamsize|p1|4
|teamsize|p2|4
|start
|switch|p1a: Sinistcha|Sinistcha, L50|100/100
|switch|p1b: Blastoise|Blastoise, L50, F|100/100
|switch|p2a: Politoed|Politoed, L50, F|100/100
|switch|p2b: Archaludon|Archaludon, L50, F|100/100
|-weather|RainDance|[from] ability: Drizzle|[of] p2a: Politoed
|turn|1
|inactive|HeroOfHydrangea has 30 seconds left.
|inactive|sdjones34 has 30 seconds left.
|inactive|HeroOfHydrangea has 20 seconds left.
|inactive|sdjones34 has 20 seconds left.
|
|t:|1783830453
|detailschange|p1b: Blastoise|Blastoise-Mega, L50, F
|-mega|p1b: Blastoise|Blastoise|Blastoisinite
|move|p1a: Sinistcha|Rage Powder|p1a: Sinistcha
|-singleturn|p1a: Sinistcha|move: Rage Powder
|move|p2b: Archaludon|Electro Shot||[still]
|-prepare|p2b: Archaludon|Electro Shot
|-boost|p2b: Archaludon|spa|1
|-anim|p2b: Archaludon|Electro Shot|p1a: Sinistcha
|-resisted|p1a: Sinistcha|1
|-damage|p1a: Sinistcha|74/100
|move|p1b: Blastoise|Water Spout|p2a: Politoed|[spread] p2a,p2b
|-resisted|p2a: Politoed|1
|-resisted|p2b: Archaludon|1
|-damage|p2a: Politoed|70/100
|-damage|p2b: Archaludon|31/100
|-ability|p2b: Archaludon|Stamina|boost
|-boost|p2b: Archaludon|def|1
|move|p2a: Politoed|Perish Song|p2a: Politoed
|-start|p1a: Sinistcha|perish3|[silent]
|-start|p1b: Blastoise|perish3|[silent]
|-start|p2a: Politoed|perish3|[silent]
|-start|p2b: Archaludon|perish3|[silent]
|-fieldactivate|move: Perish Song
|
|-weather|RainDance|[upkeep]
|-heal|p2b: Archaludon|37/100|[from] item: Leftovers
|-start|p2b: Archaludon|perish3
|-start|p1b: Blastoise|perish3
|-start|p1a: Sinistcha|perish3
|-start|p2a: Politoed|perish3
|upkeep
|turn|2
|inactive|HeroOfHydrangea has 30 seconds left.
|inactive|sdjones34 has 30 seconds left.
|inactive|HeroOfHydrangea has 20 seconds left.
|inactive|sdjones34 has 20 seconds left.
|inactive|HeroOfHydrangea has 15 seconds left.
|inactive|HeroOfHydrangea has 10 seconds left.
|inactive|HeroOfHydrangea has 5 seconds left.
|
|t:|1783830504
|switch|p2b: Grimmsnarl|Grimmsnarl, L50, M|100/100
|move|p2a: Politoed|Protect|p2a: Politoed
|-singleturn|p2a: Politoed|Protect
|move|p1a: Sinistcha|Rage Powder|p1a: Sinistcha
|-singleturn|p1a: Sinistcha|move: Rage Powder
|move|p1b: Blastoise|Water Spout|p2a: Politoed|[spread] p2b
|-activate|p2a: Politoed|move: Protect
|-damage|p2b: Grimmsnarl|23/100
|
|-weather|RainDance|[upkeep]
|-start|p1b: Blastoise|perish2
|-start|p2a: Politoed|perish2
|-start|p1a: Sinistcha|perish2
|upkeep
|turn|3
|inactive|sdjones34 has 30 seconds left.
|inactive|sdjones34 has 20 seconds left.
|
|t:|1783830541
|switch|p2a: Swampert|Swampert, L50, F|100/100
|move|p2b: Grimmsnarl|Fake Out|p1b: Blastoise
|-damage|p1b: Blastoise|89/100
|move|p1a: Sinistcha|Rage Powder|p1a: Sinistcha
|-singleturn|p1a: Sinistcha|move: Rage Powder
|cant|p1b: Blastoise|flinch
|
|-weather|RainDance|[upkeep]
|-start|p1b: Blastoise|perish1
|-start|p1a: Sinistcha|perish1
|upkeep
|turn|4
|inactive|HeroOfHydrangea has 30 seconds left.
|inactive|sdjones34 has 30 seconds left.
|inactive|HeroOfHydrangea has 20 seconds left.
|inactive|HeroOfHydrangea has 15 seconds left.
|
|t:|1783830583
|switch|p1a: Sneasler|Sneasler, L50, M|100/100
|detailschange|p2a: Swampert|Swampert-Mega, L50, F
|-mega|p2a: Swampert|Swampert|Swampertite
|move|p2b: Grimmsnarl|Reflect|p2b: Grimmsnarl
|-sidestart|p2: sdjones34|Reflect
|move|p2a: Swampert|Wave Crash|p1b: Blastoise
|-resisted|p1b: Blastoise|1
|-damage|p1b: Blastoise|33/100
|-damage|p2a: Swampert|83/100|[from] Recoil
|move|p1b: Blastoise|Water Spout|p2b: Grimmsnarl|[spread] p2a,p2b
|-damage|p2a: Swampert|53/100
|-damage|p2b: Grimmsnarl|0 fnt
|faint|p2b: Grimmsnarl
|
|-weather|RainDance|[upkeep]
|-start|p1b: Blastoise|perish0
|faint|p1b: Blastoise
|upkeep
|
|t:|1783830605
|switch|p1b: Sinistcha|Sinistcha, L50|74/100
|switch|p2b: Politoed|Politoed, L50, F|70/100
|turn|5
|inactive|sdjones34 has 30 seconds left.
|inactive|HeroOfHydrangea has 30 seconds left.
|
|t:|1783830654
|move|p2a: Swampert|Protect|p2a: Swampert
|-singleturn|p2a: Swampert|Protect
|move|p1a: Sneasler|Fake Out|p2b: Politoed
|-damage|p2b: Politoed|59/100
|cant|p2b: Politoed|flinch
|move|p1b: Sinistcha|Matcha Gotcha|p2a: Swampert|[spread] p2b
|-activate|p2a: Swampert|move: Protect
|-supereffective|p2b: Politoed|1
|-damage|p2b: Politoed|25/100
|-heal|p1b: Sinistcha|93/100|[from] drain|[of] p2b: Politoed
|-enditem|p2b: Politoed|Sitrus Berry|[eat]
|-heal|p2b: Politoed|50/100g|[from] item: Sitrus Berry
|
|-weather|none
|upkeep
|turn|6
|-message|sdjones34 forfeited.
|raw|HeroOfHydrangea's rating: 1215 → 1230(+15 for winning)
|raw|sdjones34's rating: 1061 → 1050(-11 for losing)
|
|win|HeroOfHydrangea
