|j|☆VYNCHIO
|j|☆calciumnyl
|html|VYNCHIOcalciumnyl    
|uhtml|bestof|Game 1 of a best-of-3
|t:|1757924166
|gametype|doubles
|player|p1|VYNCHIO|zinnia-masters|
|player|p2|calciumnyl|erika-gen1rb|
|gen|9
|tier|[Gen 9] VGC 2025 Reg H (Bo3)
|rule|Species Clause: Limit one of each Pokémon
|rule|Item Clause: Limit 1 of each item
|clearpoke
|poke|p1|Muk-Alola, L50, M|
|poke|p1|Smeargle, L50, M|
|poke|p1|Annihilape, L50, M|
|poke|p1|Flamigo, L50, M|
|poke|p1|Typhlosion-Hisui, L50, M|
|poke|p1|Maushold-Four, L50|
|poke|p2|Kommo-o, L50, M|
|poke|p2|Electabuzz, L50, M|
|poke|p2|Incineroar, L50, F|
|poke|p2|Rillaboom, L50, M|
|poke|p2|Basculegion, L50, M|
|poke|p2|Sneasler, L50, M|
|teampreview|4
|showteam|p1|Muk-Alola||Leftovers|PowerofAlchemy|KnockOff,Minimize,Substitute,Protect|||M|||50|,,,,,Water]Smeargle||FocusSash|Moody|FakeOut,Spore,FollowMe,Decorate|||M|||50|,,,,,Grass]Annihilape||ChoiceScarf|Defiant|FinalGambit,CloseCombat,ShadowClaw,Coaching|||M|||50|,,,,,Stellar]Flamigo||WhiteHerb|Costar|Acrobatics,Roost,WideGuard,Protect|||M|||50|,,,,,Steel]Typhlosion-Hisui||ChoiceSpecs|Frisk|Eruption,HeatWave,ShadowBall,Overheat|||M|||50|,,,,,Fire]Maushold-Four||WideLens|Technician|PopulationBomb,FollowMe,SunnyDay,Protect||||||50|,,,,,Normal
|showteam|p2|Kommo-o||ThroatSpray|Soundproof|ClangorousSoul,ClangingScales,Flamethrower,Protect|||M|||50|,,,,,Fire]Electabuzz||Eviolite|VitalSpirit|FollowMe,Thunderbolt,Taunt,Protect|||M|||50|,,,,,Ghost]Incineroar||SafetyGoggles|Intimidate|FakeOut,PartingShot,FlareBlitz,KnockOff|||F|||50|,,,,,Ghost]Rillaboom||AssaultVest|GrassySurge|FakeOut,WoodHammer,GrassyGlide,Uturn|||M|||50|,,,,,Fire]Basculegion||ChoiceScarf|Adaptability|WaveCrash,FlipTurn,LastRespects,AquaJet|||M|||50|,,,,,Water]Sneasler||FocusSash|Unburden|DireClaw,CloseCombat,ThroatChop,Protect|||M|||50|,,,,,Stellar
|inactive|Battle timer is ON: inactive players will automatically lose when time's up. (requested by calciumnyl)
|c|☆calciumnyl|._.
|
|t:|1757924196
|teamsize|p1|4
|teamsize|p2|4
|start
|switch|p1a: ERIK|Muk-Alola, L50, M|100/100
|switch|p1b: PIPPLER|Smeargle, L50, M|100/100
|switch|p2a: 🖕|Incineroar, L50, F|100/100
|switch|p2b: AAAAAAAAAAAAAAAAAA|Basculegion, L50, M|100/100
|-ability|p2a: 🖕|Intimidate|boost
|-unboost|p1a: ERIK|atk|1
|-unboost|p1b: PIPPLER|atk|1
|turn|1
|inactive|calciumnyl has 30 seconds left.
|
|t:|1757924230
|switch|p2a: ‎|Rillaboom, L50, M|100/100
|-fieldstart|move: Grassy Terrain|[from] ability: Grassy Surge|[of] p2a: ‎
|-terastallize|p2b: AAAAAAAAAAAAAAAAAA|Water
|move|p1b: PIPPLER|Fake Out|p2a: ‎
|-damage|p2a: ‎|97/100
|move|p2b: AAAAAAAAAAAAAAAAAA|Wave Crash|p1a: ERIK
|-damage|p1a: ERIK|36/100
|-damage|p2b: AAAAAAAAAAAAAAAAAA|77/100|[from] Recoil
|move|p1a: ERIK|Minimize|p1a: ERIK
|-boost|p1a: ERIK|evasion|2
|
|-heal|p2b: AAAAAAAAAAAAAAAAAA|84/100|[from] Grassy Terrain
|-heal|p2a: ‎|100/100|[from] Grassy Terrain
|-heal|p1a: ERIK|42/100|[from] Grassy Terrain
|-heal|p1a: ERIK|48/100|[from] item: Leftovers
|-ability|p1b: PIPPLER|Moody|boost
|-boost|p1b: PIPPLER|spd|2
|-unboost|p1b: PIPPLER|def|1
|upkeep
|turn|2
|
|t:|1757924246
|move|p1a: ERIK|Protect|p1a: ERIK
|-singleturn|p1a: ERIK|Protect
|move|p2a: ‎|Fake Out|p1b: PIPPLER
|-damage|p1b: PIPPLER|65/100
|move|p2b: AAAAAAAAAAAAAAAAAA|Wave Crash|p1a: ERIK
|-activate|p1a: ERIK|move: Protect
|cant|p1b: PIPPLER|flinch
|
|-heal|p2b: AAAAAAAAAAAAAAAAAA|90/100|[from] Grassy Terrain
|-heal|p1b: PIPPLER|71/100|[from] Grassy Terrain
|-heal|p1a: ERIK|54/100|[from] Grassy Terrain
|-heal|p1a: ERIK|60/100|[from] item: Leftovers
|-ability|p1b: PIPPLER|Moody|boost
|-boost|p1b: PIPPLER|atk|2
|-unboost|p1b: PIPPLER|def|1
|upkeep
|turn|3
|
|t:|1757924258
|-terastallize|p1a: ERIK|Water
|move|p1b: PIPPLER|Follow Me|p1b: PIPPLER
|-singleturn|p1b: PIPPLER|move: Follow Me
|move|p2a: ‎|Grassy Glide|p1b: PIPPLER
|-damage|p1b: PIPPLER|0 fnt
|faint|p1b: PIPPLER
|-ability|p1a: ERIK|Moody|Power of Alchemy|[from] ability: Power of Alchemy|[of] p1b: PIPPLER
|move|p2b: AAAAAAAAAAAAAAAAAA|Wave Crash|p1a: ERIK
|-resisted|p1a: ERIK
|-damage|p1a: ERIK|27/100
|-damage|p2b: AAAAAAAAAAAAAAAAAA|78/100|[from] Recoil
|move|p1a: ERIK|Substitute|p1a: ERIK
|-start|p1a: ERIK|Substitute
|-damage|p1a: ERIK|2/100
|
|-heal|p2b: AAAAAAAAAAAAAAAAAA|84/100|[from] Grassy Terrain
|-heal|p1a: ERIK|8/100|[from] Grassy Terrain
|-heal|p1a: ERIK|14/100|[from] item: Leftovers
|-ability|p1a: ERIK|Moody|boost
|-boost|p1a: ERIK|atk|2
|-unboost|p1a: ERIK|def|1
|upkeep
|
|t:|1757924280
|switch|p1b: CYLY|Maushold-Four, L50|100/100
|turn|4
|
|t:|1757924297
|move|p1b: CYLY|Follow Me|p1b: CYLY
|-singleturn|p1b: CYLY|move: Follow Me
|move|p2b: AAAAAAAAAAAAAAAAAA|Wave Crash|p1b: CYLY
|-damage|p1b: CYLY|0 fnt
|faint|p1b: CYLY
|-damage|p2b: AAAAAAAAAAAAAAAAAA|58/100|[from] Recoil
|move|p2a: ‎|Wood Hammer|p1a: ERIK
|-supereffective|p1a: ERIK
|-end|p1a: ERIK|Substitute
|-damage|p2a: ‎|92/100|[from] Recoil|[of] p1a: ERIK
|move|p1a: ERIK|Minimize|p1a: ERIK
|-boost|p1a: ERIK|evasion|2
|
|-heal|p2b: AAAAAAAAAAAAAAAAAA|65/100|[from] Grassy Terrain
|-heal|p2a: ‎|98/100|[from] Grassy Terrain
|-heal|p1a: ERIK|20/100|[from] Grassy Terrain
|-heal|p1a: ERIK|26/100|[from] item: Leftovers
|-ability|p1a: ERIK|Moody|boost
|-boost|p1a: ERIK|atk|2
|-unboost|p1a: ERIK|spe|1
|upkeep
|
|t:|1757924308
|switch|p1b: BUWUNG PoYOH|Flamigo, L50, M, shiny|100/100
|-copyboost|p1b: BUWUNG PoYOH|p1a: ERIK|[from] ability: Costar
|-enditem|p1b: BUWUNG PoYOH|White Herb
|-clearnegativeboost|p1b: BUWUNG PoYOH|[silent]
|turn|5
|c|☆VYNCHIO|hell nah
|
|t:|1757924323
|move|p1a: ERIK|Protect|p1a: ERIK
|-singleturn|p1a: ERIK|Protect
|move|p2b: AAAAAAAAAAAAAAAAAA|Wave Crash|p1b: BUWUNG PoYOH|[miss]
|-miss|p2b: AAAAAAAAAAAAAAAAAA|p1b: BUWUNG PoYOH
|move|p2a: ‎|Wood Hammer|p1a: ERIK
|-activate|p1a: ERIK|move: Protect
|move|p1b: BUWUNG PoYOH|Acrobatics|p2a: ‎
|-supereffective|p2a: ‎
|-damage|p2a: ‎|0 fnt
|faint|p2a: ‎
|
|-heal|p2b: AAAAAAAAAAAAAAAAAA|71/100|[from] Grassy Terrain
|-heal|p1a: ERIK|33/100|[from] Grassy Terrain
|-heal|p1a: ERIK|39/100|[from] item: Leftovers
|-fieldend|move: Grassy Terrain
|-ability|p1a: ERIK|Moody|boost
|-boost|p1a: ERIK|spe|2
|-unboost|p1a: ERIK|def|1
|upkeep
|
|t:|1757924330
|switch|p2a: gn|Sneasler, L50, M|100/100
|turn|6
|c|☆calciumnyl|mished ngl
|
|t:|1757924350
|move|p2b: AAAAAAAAAAAAAAAAAA|Wave Crash|p1b: BUWUNG PoYOH|[miss]
|-miss|p2b: AAAAAAAAAAAAAAAAAA|p1b: BUWUNG PoYOH
|move|p2a: gn|Close Combat|p1a: ERIK|[miss]
|-miss|p2a: gn|p1a: ERIK
|move|p1b: BUWUNG PoYOH|Acrobatics|p2a: gn
|-supereffective|p2a: gn
|-enditem|p2a: gn|Focus Sash
|-damage|p2a: gn|1/100
|move|p1a: ERIK|Substitute|p1a: ERIK
|-start|p1a: ERIK|Substitute
|-damage|p1a: ERIK|14/100
|
|-heal|p1a: ERIK|20/100|[from] item: Leftovers
|-ability|p1a: ERIK|Moody|boost
|-boost|p1a: ERIK|spa|2
|-unboost|p1a: ERIK|spd|1
|upkeep
|turn|7
|
|t:|1757924367
|move|p1b: BUWUNG PoYOH|Protect|p1b: BUWUNG PoYOH
|-singleturn|p1b: BUWUNG PoYOH|Protect
|move|p2a: gn|Close Combat|p1a: ERIK|[miss]
|-miss|p2a: gn|p1a: ERIK
|move|p2b: AAAAAAAAAAAAAAAAAA|Wave Crash|p1b: BUWUNG PoYOH
|-activate|p1b: BUWUNG PoYOH|move: Protect
|move|p1a: ERIK|Knock Off|p2b: AAAAAAAAAAAAAAAAAA
|-damage|p2b: AAAAAAAAAAAAAAAAAA|0 fnt
|-enditem|p2b: AAAAAAAAAAAAAAAAAA|Choice Scarf|[from] move: Knock Off|[of] p1a: ERIK
|faint|p2b: AAAAAAAAAAAAAAAAAA
|
|-heal|p1a: ERIK|26/100|[from] item: Leftovers
|-ability|p1a: ERIK|Moody|boost
|-boost|p1a: ERIK|spe|2
|-unboost|p1a: ERIK|spd|1
|upkeep
|
|t:|1757924370
|switch|p2b: 🖕|Incineroar, L50, F|100/100
|-ability|p2b: 🖕|Intimidate|boost
|-immune|p1a: ERIK
|-unboost|p1b: BUWUNG PoYOH|atk|1
|turn|8
|
|t:|1757924381
|move|p2b: 🖕|Fake Out|p1b: BUWUNG PoYOH
|-damage|p1b: BUWUNG PoYOH|88/100
|move|p2a: gn|Dire Claw|p1b: BUWUNG PoYOH|[miss]
|-miss|p2a: gn|p1b: BUWUNG PoYOH
|move|p1a: ERIK|Knock Off|p2b: 🖕
|-resisted|p2b: 🖕
|-damage|p2b: 🖕|64/100
|-enditem|p2b: 🖕|Safety Goggles|[from] move: Knock Off|[of] p1a: ERIK
|cant|p1b: BUWUNG PoYOH|flinch
|
|-heal|p1a: ERIK|32/100|[from] item: Leftovers
|-ability|p1a: ERIK|Moody|boost
|-boost|p1a: ERIK|def|2
|-unboost|p1a: ERIK|spe|1
|upkeep
|turn|9
|-message|calciumnyl forfeited.
|
|win|VYNCHIO
|l|☆calciumnyl
|player|p2|
||calciumnyl is ready for game 2.
||VYNCHIO is ready for game 2.
|uhtml|next|Next: Game 2 of 3
|l|☆VYNCHIO
|player|p1|
