|j|☆Capfoo
|j|☆randomguy1114s
|html|Capfoorandomguy1114s    
|uhtml|bestof|Game 2 of a best-of-3
|t:|1756933944
|gametype|doubles
|player|p1|Capfoo|brawly|1117
|player|p2|randomguy1114s|lillie-masters|1145
|gen|9
|tier|[Gen 9] VGC 2025 Reg H (Bo3)
|rated|
|rule|Species Clause: Limit one of each Pokémon
|rule|Item Clause: Limit 1 of each item
|clearpoke
|poke|p1|Whimsicott, L50, M|
|poke|p1|Annihilape, L50, M|
|poke|p1|Archaludon, L50, M|
|poke|p1|Meowscarada, L50, F|
|poke|p1|Pelipper, L50, M|
|poke|p1|Indeedee-F, L50, F|
|poke|p2|Talonflame, L50, F|
|poke|p2|Garchomp, L50, M|
|poke|p2|Tyranitar, L50, M|
|poke|p2|Ursaluna-Bloodmoon, L50, M|
|poke|p2|Amoonguss, L50, F|
|poke|p2|Chandelure, L50, F|
|teampreview|4
|showteam|p1|Whimsicott||CovertCloak|Prankster|Tailwind,DazzlingGleam,Taunt,BeatUp|||M|||50|,,,,,Water]Annihilape||Leftovers|Defiant|DrainPunch,RageFist,BulkUp,Protect|||M|||50|,,,,,Fire]Archaludon||AssaultVest|Stamina|BodyPress,FlashCannon,DragonPulse,ElectroShot|||M|||50|,,,,,Ghost]Meowscarada||ChoiceBand|Protean|FlowerTrick,KnockOff,TripleAxel,Uturn|||F|||50|,,,,,Grass]Pelipper||FocusSash|Drizzle|Hurricane,WeatherBall,WideGuard,Protect|||M|||50|,,,,,Grass]Indeedee-F||SafetyGoggles|PsychicSurge|FollowMe,Psychic,Imprison,TrickRoom|||F|||50|,,,,,Fairy
|showteam|p2|Talonflame||SafetyGoggles|GaleWings|Tailwind,FlareBlitz,BraveBird,WillOWisp|||F|||50|,,,,,Ghost]Garchomp||ClearAmulet|SandVeil|Earthquake,DragonClaw,StompingTantrum,Protect|||M|||50|,,,,,Steel]Tyranitar||AssaultVest|SandStream|RockSlide,KnockOff,TeraBlast,LowKick|||M|||50|,,,,,Flying]Ursaluna-Bloodmoon||LifeOrb|MindsEye|BloodMoon,HyperVoice,EarthPower,Protect|||M|||50|,,,,,Normal]Amoonguss||MentalHerb|Regenerator|RagePowder,PollenPuff,Spore,Protect|||F|||50|,,,,,Water]Chandelure||SitrusBerry|FlashFire|HeatWave,ShadowBall,TrickRoom,Protect|||F|||50|,,,,,Grass
|
|t:|1756933964
|teamsize|p1|4
|teamsize|p2|4
|start
|switch|p1a: Archaludon|Archaludon, L50, M|100/100
|switch|p1b: Pelipper|Pelipper, L50, M|100/100
|switch|p2a: BIRDD|Talonflame, L50, F, shiny|100/100
|switch|p2b: BEARRRRRR|Ursaluna-Bloodmoon, L50, M|100/100
|-weather|RainDance|[from] ability: Drizzle|[of] p1b: Pelipper
|turn|1
|
|t:|1756933983
|switch|p2a: DINOOOO|Tyranitar, L50, M, shiny|100/100
|-weather|Sandstorm|[from] ability: Sand Stream|[of] p2a: DINOOOO
|move|p1a: Archaludon|Electro Shot||[still]
|-prepare|p1a: Archaludon|Electro Shot
|-boost|p1a: Archaludon|spa|1
|move|p1b: Pelipper|Weather Ball|p2b: BEARRRRRR
|-resisted|p2b: BEARRRRRR
|-damage|p2b: BEARRRRRR|80/100
|move|p2b: BEARRRRRR|Earth Power|p1a: Archaludon
|-supereffective|p1a: Archaludon
|-damage|p1a: Archaludon|0 fnt
|faint|p1a: Archaludon
|-damage|p2b: BEARRRRRR|70/100|[from] item: Life Orb
|
|-weather|Sandstorm|[upkeep]
|-damage|p1b: Pelipper|95/100|[from] Sandstorm
|upkeep
|
|t:|1756933989
|switch|p1a: Meowscarada|Meowscarada, L50, F|100/100
|turn|2
|
|t:|1756934010
|switch|p1b: Indeedee|Indeedee-F, L50, F|100/100
|-fieldstart|move: Psychic Terrain|[from] ability: Psychic Surge|[of] p1b: Indeedee
|switch|p2a: BIRDD|Talonflame, L50, F, shiny|100/100
|move|p2b: BEARRRRRR|Protect|p2b: BEARRRRRR
|-singleturn|p2b: BEARRRRRR|Protect
|move|p1a: Meowscarada|Triple Axel|p2b: BEARRRRRR
|-start|p1a: Meowscarada|typechange|Ice|[from] ability: Protean
|-activate|p2b: BEARRRRRR|move: Protect
|
|-weather|Sandstorm|[upkeep]
|-damage|p1a: Meowscarada|95/100|[from] Sandstorm
|upkeep
|turn|3
|
|t:|1756934026
|-terastallize|p2b: BEARRRRRR|Normal
|move|p2a: BIRDD|Tailwind|p2a: BIRDD
|-sidestart|p2: randomguy1114s|move: Tailwind
|move|p2b: BEARRRRRR|Hyper Voice|p1a: Meowscarada|[spread] p1a,p1b
|-damage|p1a: Meowscarada|0 fnt
|-damage|p1b: Indeedee|34/100
|faint|p1a: Meowscarada
|-damage|p2b: BEARRRRRR|61/100|[from] item: Life Orb
|move|p1b: Indeedee|Trick Room|p1b: Indeedee
|-fieldstart|move: Trick Room|[of] p1b: Indeedee
|
|-weather|Sandstorm|[upkeep]
|-damage|p2b: BEARRRRRR|55/100|[from] Sandstorm
|upkeep
|
|t:|1756934030
|switch|p1a: Pelipper|Pelipper, L50, M|95/100
|-weather|RainDance|[from] ability: Drizzle|[of] p1a: Pelipper
|turn|4
|
|t:|1756934039
|switch|p2a: DINOOOO|Tyranitar, L50, M, shiny|100/100
|-weather|Sandstorm|[from] ability: Sand Stream|[of] p2a: DINOOOO
|move|p1b: Indeedee|Psychic|p2b: BEARRRRRR
|-damage|p2b: BEARRRRRR|0 fnt
|faint|p2b: BEARRRRRR
|move|p1a: Pelipper|Weather Ball|p2a: DINOOOO
|-damage|p2a: DINOOOO|88/100
|
|-weather|Sandstorm|[upkeep]
|-damage|p1a: Pelipper|89/100|[from] Sandstorm
|upkeep
|
|t:|1756934047
|switch|p2b: SHARKKK|Garchomp, L50, M, shiny|100/100
|turn|5
|
|t:|1756934053
|move|p2b: SHARKKK|Protect|p2b: SHARKKK
|-singleturn|p2b: SHARKKK|Protect
|move|p1b: Indeedee|Psychic|p2b: SHARKKK
|-activate|p2b: SHARKKK|move: Protect
|move|p1a: Pelipper|Hurricane|p2b: SHARKKK
|-activate|p2b: SHARKKK|move: Protect
|move|p2a: DINOOOO|Rock Slide|p1b: Indeedee|[spread] p1a,p1b
|-supereffective|p1a: Pelipper
|-damage|p1a: Pelipper|0 fnt
|-damage|p1b: Indeedee|5/100
|faint|p1a: Pelipper
|
|-weather|Sandstorm|[upkeep]
|upkeep
|turn|6
|-message|Capfoo forfeited.
|
|win|randomguy1114s
|l|☆Capfoo
|player|p1|
||Capfoo is ready for game 3.
