|j|☆sturmkitten69
|j|☆saiban004
|html|sturmkitten69saiban004    
|uhtml|bestof|Game 3 of a best-of-3
|t:|1785909544
|gametype|doubles
|player|p1|sturmkitten69|fisherman-gen4|1218
|player|p2|saiban004|giovanni|1126
|gen|9
|tier|[Gen 9 Champions] VGC 2026 Reg M-B (Bo3)
|rated|
|rule|Species Clause: Limit one of each Pokémon
|rule|Item Clause: Limit 1 of each item
|clearpoke
|poke|p1|Talonflame, L50, F|
|poke|p1|Chesnaught, L50, M, shiny|
|poke|p1|Incineroar, L50, M, shiny|
|poke|p1|Blastoise, L50, M|
|poke|p1|Sylveon, L50, F|
|poke|p1|Gengar, L50, M|
|poke|p2|Gengar, L50, F, shiny|
|poke|p2|Gallade, L50, M, shiny|
|poke|p2|Aegislash, L50, M, shiny|
|poke|p2|Sneasler, L50, F|
|poke|p2|Tyranitar, L50, M|
|poke|p2|Excadrill, L50, F|
|teampreview|4
|showteam|p1|Talonflame||LifeOrb|GaleWings|BraveBird,Overheat,Tailwind,Protect|Naive||F|||50|]Chesnaught||Leftovers|Bulletproof|WideGuard,BodyPress,WoodHammer,SpikyShield|Impish||M|||50|]Incineroar||PasshoBerry|Intimidate|FakeOut,PartingShot,ThroatChop,FlareBlitz|Impish||M|||50|]Blastoise||Blastoisinite|Torrent|AuraSphere,Protect,DarkPulse,WaterSpout|Modest||M|||50|]Sylveon||FairyFeather|Pixilate|HyperVoice,HyperBeam,Protect,QuickAttack|Modest||F|||50|]Gengar||Gengarite|CursedBody|ShadowBall,PerishSong,Disable,Protect|Timid||M|||50|
|showteam|p2|Gengar||Gengarite|CursedBody|PerishSong,Protect,ShadowBall,SludgeBomb|Timid||F|||50|]Gallade||ChoiceScarf|Sharpness|LeafBlade,NightSlash,PsychoCut,SacredSword|Jolly||M|||50|]Aegislash||Leftovers|StanceChange|WideGuard,KingsShield,IronHead,Poltergeist|Impish||M|||50|]Sneasler||WhiteHerb|Unburden|CloseCombat,DireClaw,FakeOut,Coaching|Jolly||F|||50|]Tyranitar||Tyranitarite|SandStream|DragonDance,Crunch,RockSlide,Protect|Adamant||M|||50|]Excadrill||FocusSash|SandRush|IronHead,RockSlide,HighHorsepower,Protect|Adamant||F|||50|
|inactive|Battle timer is ON: inactive players will automatically lose when time's up. (requested by saiban004)
|
|t:|1785909568
|teamsize|p1|4
|teamsize|p2|4
|start
|switch|p1a: Incineroar|Incineroar, L50, M, shiny|100/100
|switch|p1b: Chesnaught|Chesnaught, L50, M, shiny|100/100
|switch|p2a: Tyranitar|Tyranitar, L50, M|100/100
|switch|p2b: Sneasler|Sneasler, L50, F|100/100
|-weather|Sandstorm|[from] ability: Sand Stream|[of] p2a: Tyranitar
|-ability|p1a: Incineroar|Intimidate|boost
|-unboost|p2a: Tyranitar|atk|1
|-unboost|p2b: Sneasler|atk|1
|-enditem|p2b: Sneasler|White Herb
|-clearnegativeboost|p2b: Sneasler|[silent]
|turn|1
|inactive|sturmkitten69 has 30 seconds left.
|inactive|sturmkitten69 has 20 seconds left.
|inactive|saiban004 has 30 seconds left.
|
|t:|1785909609
|move|p2a: Tyranitar|Protect|p2a: Tyranitar
|-singleturn|p2a: Tyranitar|Protect
|move|p1b: Chesnaught|Spiky Shield|p1b: Chesnaught
|-singleturn|p1b: Chesnaught|move: Protect
|move|p2b: Sneasler|Coaching|p2a: Tyranitar
|-boost|p2a: Tyranitar|atk|1
|-boost|p2a: Tyranitar|def|1
|move|p1a: Incineroar|Parting Shot|p2b: Sneasler
|-unboost|p2b: Sneasler|atk|1
|-unboost|p2b: Sneasler|spa|1
|
|t:|1785909620
|switch|p1a: Sylveon|Sylveon, L50, F|100/100|[from] Parting Shot
|
|-weather|Sandstorm|[upkeep]
|-damage|p2b: Sneasler|94/100|[from] Sandstorm
|-damage|p1a: Sylveon|93/100|[from] Sandstorm
|-damage|p1b: Chesnaught|93/100|[from] Sandstorm
|-heal|p1b: Chesnaught|100/100|[from] item: Leftovers
|upkeep
|turn|2
|
|t:|1785909631
|detailschange|p2a: Tyranitar|Tyranitar-Mega, L50, M
|-mega|p2a: Tyranitar|Tyranitar|Tyranitarite
|move|p1b: Chesnaught|Wide Guard|p1b: Chesnaught
|-singleturn|p1b: Chesnaught|Wide Guard
|move|p2b: Sneasler|Dire Claw|p1b: Chesnaught
|-supereffective|p1b: Chesnaught|1
|-damage|p1b: Chesnaught|67/100
|move|p2a: Tyranitar|Rock Slide|p1b: Chesnaught|[spread] 
|-activate|p1a: Sylveon|move: Wide Guard
|-activate|p1b: Chesnaught|move: Wide Guard
|move|p1a: Sylveon|Hyper Voice|p2a: Tyranitar|[spread] p2a,p2b
|-supereffective|p2a: Tyranitar|1
|-damage|p2a: Tyranitar|54/100
|-damage|p2b: Sneasler|40/100
|
|-weather|Sandstorm|[upkeep]
|-damage|p2b: Sneasler|34/100|[from] Sandstorm
|-damage|p1a: Sylveon|87/100|[from] Sandstorm
|-damage|p1b: Chesnaught|61/100|[from] Sandstorm
|-heal|p1b: Chesnaught|67/100|[from] item: Leftovers
|upkeep
|turn|3
|
|t:|1785909649
|switch|p1b: Incineroar|Incineroar, L50, M, shiny|100/100
|-ability|p1b: Incineroar|Intimidate|boost
|-unboost|p2a: Tyranitar|atk|1
|-unboost|p2b: Sneasler|atk|1
|move|p2b: Sneasler|Dire Claw|p1b: Incineroar
|-damage|p1b: Incineroar|85/100
|move|p2a: Tyranitar|Dragon Dance|p2a: Tyranitar
|-boost|p2a: Tyranitar|atk|1
|-boost|p2a: Tyranitar|spe|1
|move|p1a: Sylveon|Hyper Voice|p2a: Tyranitar|[spread] p2a,p2b
|-supereffective|p2a: Tyranitar|1
|-damage|p2a: Tyranitar|11/100
|-damage|p2b: Sneasler|0 fnt
|faint|p2b: Sneasler
|
|-weather|Sandstorm|[upkeep]
|-damage|p1b: Incineroar|79/100|[from] Sandstorm
|-damage|p1a: Sylveon|81/100|[from] Sandstorm
|upkeep
|
|t:|1785909660
|switch|p2b: Aegislash|Aegislash, L50, M, shiny|100/100
|turn|4
|
|t:|1785909673
|move|p2a: Tyranitar|Protect|p2a: Tyranitar
|-singleturn|p2a: Tyranitar|Protect
|move|p1a: Sylveon|Protect|p1a: Sylveon
|-singleturn|p1a: Sylveon|Protect
|move|p1b: Incineroar|Flare Blitz|p2b: Aegislash
|-supereffective|p2b: Aegislash|1
|-damage|p2b: Aegislash|30/100
|-damage|p1b: Incineroar|61/100|[from] Recoil
|-formechange|p2b: Aegislash|Aegislash-Blade|
|move|p2b: Aegislash|Iron Head|p1a: Sylveon
|-activate|p1a: Sylveon|move: Protect
|
|-weather|Sandstorm|[upkeep]
|-damage|p1b: Incineroar|55/100|[from] Sandstorm
|-damage|p1a: Sylveon|75/100|[from] Sandstorm
|-heal|p2b: Aegislash|36/100|[from] item: Leftovers
|upkeep
|turn|5
|
|t:|1785909696
|switch|p1a: Chesnaught|Chesnaught, L50, M, shiny|67/100
|-formechange|p2b: Aegislash|Aegislash|
|move|p2b: Aegislash|King's Shield|p2b: Aegislash
|-singleturn|p2b: Aegislash|Protect
|move|p2a: Tyranitar|Rock Slide|p1a: Chesnaught|[spread] p1a
|-miss|p2a: Tyranitar|p1b: Incineroar
|-resisted|p1a: Chesnaught|1
|-damage|p1a: Chesnaught|56/100
|move|p1b: Incineroar|Flare Blitz|p2b: Aegislash
|-activate|p2b: Aegislash|move: Protect
|-unboost|p1b: Incineroar|atk|1
|
|-weather|none
|-heal|p1a: Chesnaught|62/100|[from] item: Leftovers
|-heal|p2b: Aegislash|41/100|[from] item: Leftovers
|upkeep
|turn|6
|inactive|sturmkitten69 has 30 seconds left.
|
|t:|1785909728
|move|p2a: Tyranitar|Rock Slide|p1a: Chesnaught|[spread] p1a,p1b
|-resisted|p1a: Chesnaught|1
|-supereffective|p1b: Incineroar|1
|-damage|p1a: Chesnaught|52/100
|-damage|p1b: Incineroar|4/100
|move|p1b: Incineroar|Parting Shot|p2b: Aegislash
|-unboost|p2b: Aegislash|atk|1
|-unboost|p2b: Aegislash|spa|1
|
|t:|1785909742
|switch|p1b: Sylveon|Sylveon, L50, F|75/100|[from] Parting Shot
|move|p1a: Chesnaught|Body Press|p2a: Tyranitar
|-supereffective|p2a: Tyranitar|2
|-damage|p2a: Tyranitar|0 fnt
|faint|p2a: Tyranitar
|-formechange|p2b: Aegislash|Aegislash-Blade|
|move|p2b: Aegislash|Poltergeist|p1a: Chesnaught|[miss]
|-miss|p2b: Aegislash|p1a: Chesnaught
|
|-heal|p1a: Chesnaught|58/100|[from] item: Leftovers
|-heal|p2b: Aegislash|47/100|[from] item: Leftovers
|upkeep
|
|t:|1785909754
|switch|p2a: Gallade|Gallade, L50, M, shiny|100/100
|turn|7
|
|t:|1785909774
|move|p1a: Chesnaught|Spiky Shield|p1a: Chesnaught
|-singleturn|p1a: Chesnaught|move: Protect
|-formechange|p2b: Aegislash|Aegislash|
|move|p2b: Aegislash|King's Shield|p2b: Aegislash
|-singleturn|p2b: Aegislash|Protect
|move|p2a: Gallade|Psycho Cut|p1a: Chesnaught
|-activate|p1a: Chesnaught|move: Protect
|move|p1b: Sylveon|Hyper Beam|p2b: Aegislash
|-activate|p2b: Aegislash|move: Protect
|
|-heal|p1a: Chesnaught|64/100|[from] item: Leftovers
|-heal|p2b: Aegislash|53/100|[from] item: Leftovers
|upkeep
|turn|8
|inactive|sturmkitten69 has 30 seconds left.
|
|t:|1785909808
|move|p2a: Gallade|Psycho Cut|p1b: Sylveon
|-damage|p1b: Sylveon|17/100
|move|p1b: Sylveon|Hyper Voice|p2a: Gallade|[spread] p2a,p2b
|-supereffective|p2a: Gallade|1
|-resisted|p2b: Aegislash|1
|-damage|p2a: Gallade|14/100
|-damage|p2b: Aegislash|35/100
|move|p1a: Chesnaught|Body Press|p2a: Gallade
|-resisted|p2a: Gallade|1
|-damage|p2a: Gallade|0 fnt
|faint|p2a: Gallade
|-formechange|p2b: Aegislash|Aegislash-Blade|
|move|p2b: Aegislash|Iron Head|p1b: Sylveon
|-supereffective|p1b: Sylveon|1
|-damage|p1b: Sylveon|0 fnt
|faint|p1b: Sylveon
|
|-heal|p1a: Chesnaught|70/100|[from] item: Leftovers
|-heal|p2b: Aegislash|41/100|[from] item: Leftovers
|upkeep
|
|t:|1785909823
|switch|p1b: Talonflame|Talonflame, L50, F|100/100
|turn|9
|
|t:|1785909831
|switch|p1a: Incineroar|Incineroar, L50, M, shiny|4/100
|-ability|p1a: Incineroar|Intimidate|boost
|-unboost|p2b: Aegislash|atk|1
|-formechange|p2b: Aegislash|Aegislash|
|move|p2b: Aegislash|King's Shield|p2b: Aegislash
|-singleturn|p2b: Aegislash|Protect
|move|p1b: Talonflame|Tailwind|p1b: Talonflame
|-sidestart|p1: sturmkitten69|move: Tailwind
|
|-heal|p2b: Aegislash|47/100|[from] item: Leftovers
|upkeep
|turn|10
|
|t:|1785909846
|move|p1b: Talonflame|Protect|p1b: Talonflame
|-singleturn|p1b: Talonflame|Protect
|move|p2b: Aegislash|King's Shield||[still]
|-fail|p2b: Aegislash
|move|p1a: Incineroar|Throat Chop|p2b: Aegislash
|-supereffective|p2b: Aegislash|1
|-damage|p2b: Aegislash|4/100
|-start|p2b: Aegislash|Throat Chop|[silent]
|
|-heal|p2b: Aegislash|10/100|[from] item: Leftovers
|upkeep
|turn|11
|
|t:|1785909860
|switch|p1a: Chesnaught|Chesnaught, L50, M, shiny|70/100
|move|p2b: Aegislash|King's Shield|p2b: Aegislash
|-singleturn|p2b: Aegislash|Protect
|move|p1b: Talonflame|Overheat|p2b: Aegislash
|-activate|p2b: Aegislash|move: Protect
|
|-heal|p1a: Chesnaught|77/100|[from] item: Leftovers
|-heal|p2b: Aegislash|16/100|[from] item: Leftovers
|-end|p2b: Aegislash|Throat Chop|[silent]
|upkeep
|turn|12
|
|t:|1785909874
|move|p1a: Chesnaught|Spiky Shield|p1a: Chesnaught
|-singleturn|p1a: Chesnaught|move: Protect
|move|p1b: Talonflame|Overheat|p2b: Aegislash
|-supereffective|p2b: Aegislash|1
|-damage|p2b: Aegislash|0 fnt
|-unboost|p1b: Talonflame|spa|2
|faint|p2b: Aegislash
|-damage|p1b: Talonflame|90/100|[from] item: Life Orb
|
|win|sturmkitten69
|raw|sturmkitten69's rating: 1218 → 1237(+19 for winning)
|raw|saiban004's rating: 1126 → 1107(-19 for losing)
|c|☆sturmkitten69|partida
|l|☆saiban004
|player|p2|
|c|☆sturmkitten69|walay mega
