|j|☆ineverfinishedOR
|j|☆Mortipherus
|html|ineverfinishedORMortipherus    
|uhtml|bestof|Game 1 of a best-of-3
|t:|1756407308
|gametype|doubles
|player|p1|ineverfinishedOR|2|
|player|p2|Mortipherus|biker-gen4|
|gen|9
|tier|[Gen 9] VGC 2025 Reg H (Bo3)
|rule|Species Clause: Limit one of each Pokémon
|rule|Item Clause: Limit 1 of each item
|clearpoke
|poke|p1|Indeedee-F, L50, F|
|poke|p1|Delphox, L50, F|
|poke|p1|Sneasler, L50, F|
|poke|p1|Incineroar, L50, M|
|poke|p1|Murkrow, L50, M|
|poke|p1|Maushold, L50|
|poke|p2|Hydrapple, L50, M|
|poke|p2|Arcanine-Hisui, L50, M|
|poke|p2|Gholdengo, L50|
|poke|p2|Electabuzz, L50, F|
|poke|p2|Indeedee, L50, M|
|poke|p2|Sneasler, L50, F|
|teampreview|4
|showteam|p1|Indeedee-F||RockyHelmet|PsychicSurge|FollowMe,HelpingHand,Imprison,TrickRoom|||F|||50|,,,,,Fairy]Delphox||LifeOrb|Blaze|Protect,NastyPlot,HeatWave,ExpandingForce|||F|||50|,,,,,Psychic]Sneasler||PsychicSeed|Unburden|Protect,CloseCombat,DireClaw,ThroatChop|||F|||50|,,,,,Dark]Incineroar||SafetyGoggles|Intimidate|FakeOut,WillOWisp,KnockOff,PartingShot|||M|||50|,,,,,Ghost]Murkrow||Eviolite|Prankster|FoulPlay,SunnyDay,Haze,Tailwind|||M|||50|,,,,,Ghost]Maushold||WideLens|Technician|Protect,PopulationBomb,Encore,Taunt||||||50|,,,,,Normal
|showteam|p2|Hydrapple||AssaultVest|Regenerator|FickleBeam,EnergyBall,EarthPower,PollenPuff|||M|||50|,,,,,Bug]Arcanine-Hisui||ClearAmulet|Intimidate|Protect,ExtremeSpeed,FlareBlitz,RockSlide|||M|||50|,,,,,Grass]Gholdengo||LifeOrb|GoodasGold|Protect,NastyPlot,MakeItRain,ShadowBall||||||50|,,,,,Flying]Electabuzz||Eviolite|VitalSpirit|Protect,FollowMe,Taunt,Electroweb|||F|||50|,,,,,Dragon]Indeedee||FocusSash|PsychicSurge|Protect,TrickRoom,ExpandingForce,TeraBlast|||M|||50|,,,,,Ground]Sneasler||PsychicSeed|Unburden|Protect,ThroatChop,DireClaw,CloseCombat|||F|||50|,,,,,Dark
|c|☆ineverfinishedOR|gl hf
|c|☆ineverfinishedOR|hab auch stream aus und mute
|c|☆Mortipherus|thx u2
|
|t:|1756407369
|teamsize|p1|4
|teamsize|p2|4
|start
|switch|p1a: Indeedee|Indeedee-F, L50, F|100/100
|switch|p1b: Delphox|Delphox, L50, F|100/100
|switch|p2a: Electabuzz|Electabuzz, L50, F|100/100
|switch|p2b: Sneasler|Sneasler, L50, F|100/100
|-fieldstart|move: Psychic Terrain|[from] ability: Psychic Surge|[of] p1a: Indeedee
|-enditem|p2b: Sneasler|Psychic Seed
|-boost|p2b: Sneasler|spd|1|[from] item: Psychic Seed
|turn|1
|
|t:|1756407395
|move|p2b: Sneasler|Protect|p2b: Sneasler
|-singleturn|p2b: Sneasler|Protect
|move|p1a: Indeedee|Follow Me|p1a: Indeedee
|-singleturn|p1a: Indeedee|move: Follow Me
|move|p1b: Delphox|Heat Wave|p2a: Electabuzz|[spread] p2a
|-activate|p2b: Sneasler|move: Protect
|-crit|p2a: Electabuzz
|-damage|p2a: Electabuzz|55/100
|-damage|p1b: Delphox|90/100|[from] item: Life Orb
|move|p2a: Electabuzz|Taunt|p1a: Indeedee
|-start|p1a: Indeedee|move: Taunt
|
|upkeep
|turn|2
|
|t:|1756407420
|switch|p1a: Maushold|Maushold, L50|100/100
|-terastallize|p2b: Sneasler|Dark
|move|p1b: Delphox|Protect|p1b: Delphox
|-singleturn|p1b: Delphox|Protect
|move|p2b: Sneasler|Throat Chop|p1b: Delphox
|-activate|p1b: Delphox|move: Protect
|move|p2a: Electabuzz|Electroweb|p1a: Maushold|[spread] p1a
|-activate|p1b: Delphox|move: Protect
|-damage|p1a: Maushold|78/100
|-unboost|p1a: Maushold|spe|1
|
|upkeep
|turn|3
|
|t:|1756407450
|switch|p1b: Indeedee|Indeedee-F, L50, F|100/100
|switch|p2a: Arcanine|Arcanine-Hisui, L50, M|100/100
|-ability|p2a: Arcanine|Intimidate|boost
|-unboost|p1a: Maushold|atk|1
|-unboost|p1b: Indeedee|atk|1
|move|p2b: Sneasler|Close Combat|p1a: Maushold
|-supereffective|p1a: Maushold
|-damage|p1a: Maushold|0 fnt
|-unboost|p2b: Sneasler|def|1
|-unboost|p2b: Sneasler|spd|1
|faint|p1a: Maushold
|
|upkeep
|
|t:|1756407461
|switch|p1a: Sneasler|Sneasler, L50, F|100/100
|-enditem|p1a: Sneasler|Psychic Seed
|-boost|p1a: Sneasler|spd|1|[from] item: Psychic Seed
|turn|4
|
|t:|1756407482
|switch|p2a: Hydrapple|Hydrapple, L50, M|100/100
|move|p2b: Sneasler|Throat Chop|p1b: Indeedee
|-supereffective|p1b: Indeedee
|-damage|p1b: Indeedee|18/100
|-start|p1b: Indeedee|Throat Chop|[silent]
|-damage|p2b: Sneasler|84/100|[from] item: Rocky Helmet|[of] p1b: Indeedee
|move|p1a: Sneasler|Close Combat|p2a: Hydrapple
|-damage|p2a: Hydrapple|52/100
|-unboost|p1a: Sneasler|def|1
|-unboost|p1a: Sneasler|spd|1
|move|p1b: Indeedee|Imprison|p1b: Indeedee
|-start|p1b: Indeedee|move: Imprison
|
|upkeep
|turn|5
|
|t:|1756407505
|switch|p1b: Delphox|Delphox, L50, F|90/100
|switch|p2a: Arcanine|Arcanine-Hisui, L50, M|100/100
|-ability|p2a: Arcanine|Intimidate|boost
|-unboost|p1a: Sneasler|atk|1
|-unboost|p1b: Delphox|atk|1
|move|p1a: Sneasler|Close Combat|p2b: Sneasler
|-supereffective|p2b: Sneasler
|-damage|p2b: Sneasler|0 fnt
|-unboost|p1a: Sneasler|def|1
|-unboost|p1a: Sneasler|spd|1
|faint|p2b: Sneasler
|
|-fieldend|move: Psychic Terrain
|upkeep
|
|t:|1756407518
|switch|p2b: Hydrapple|Hydrapple, L50, M|85/100
|turn|6
|
|t:|1756407531
|switch|p1a: Indeedee|Indeedee-F, L50, F|18/100
|-fieldstart|move: Psychic Terrain|[from] ability: Psychic Surge|[of] p1a: Indeedee
|switch|p2b: Electabuzz|Electabuzz, L50, F|55/100
|-terastallize|p1b: Delphox|Psychic
|move|p1b: Delphox|Expanding Force|p2b: Electabuzz|[spread] p2a,p2b
|-damage|p2a: Arcanine|0 fnt
|-damage|p2b: Electabuzz|0 fnt
|faint|p2a: Arcanine
|faint|p2b: Electabuzz
|-damage|p1b: Delphox|80/100|[from] item: Life Orb
|
|upkeep
|
|t:|1756407544
|switch|p2a: Hydrapple|Hydrapple, L50, M|100/100
|turn|7
|
|t:|1756407548
|move|p1a: Indeedee|Helping Hand|p1b: Delphox
|-singleturn|p1b: Delphox|Helping Hand|[of] p1a: Indeedee
|move|p1b: Delphox|Expanding Force|p2a: Hydrapple
|-damage|p2a: Hydrapple|0 fnt
|faint|p2a: Hydrapple
|-damage|p1b: Delphox|70/100|[from] item: Life Orb
|
|win|ineverfinishedOR
||ineverfinishedOR is ready for game 2.
|inactive|Mortipherus has 30 seconds to confirm battle start!
||Mortipherus is ready for game 2.
|uhtml|next|Next: Game 2 of 3
