|j|☆SirNeru
|j|☆timothim chalombre
|html|SirNerutimothim chalombre    
|uhtml|bestof|Game 1 of a best-of-3
|t:|1757851849
|gametype|doubles
|player|p1|SirNeru|265|1123
|player|p2|timothim chalombre|caitlin|1071
|gen|9
|tier|[Gen 9] VGC 2025 Reg H (Bo3)
|rated|
|rule|Species Clause: Limit one of each Pokémon
|rule|Item Clause: Limit 1 of each item
|clearpoke
|poke|p1|Tyranitar, L50, M|
|poke|p1|Excadrill, L50, F|
|poke|p1|Gholdengo, L50|
|poke|p1|Salamence, L50, F|
|poke|p1|Maushold-Four, L50|
|poke|p1|Annihilape, L50, F|
|poke|p2|Klefki, L50, M|
|poke|p2|Gliscor, L50, F|
|poke|p2|Incineroar, L50, M|
|poke|p2|Sinistcha, L50|
|poke|p2|Inteleon, L50, F|
|poke|p2|Zoroark-Hisui, L50, M|
|teampreview|4
|showteam|p1|Tyranitar||AssaultVest|SandStream|RockSlide,LowKick,KnockOff,TeraBlast|||M|||50|,,,,,Flying]Excadrill||FocusSash|SandRush|Earthquake,RockSlide,Protect,SwordsDance|||F|||50|,,,,,Stellar]Gholdengo||LifeOrb|GoodasGold|MakeItRain,Protect,NastyPlot,ShadowBall||||||50|,,,,,Dragon]Salamence||CovertCloak|Intimidate|Tailwind,HeatWave,DracoMeteor,AirSlash|||F|||50|,,,,,Fire]Maushold-Four||SafetyGoggles|FriendGuard|Taunt,FollowMe,BeatUp,Encore||||||50|,,,,,Ghost]Annihilape||Leftovers|Defiant|DrainPunch,BulkUp,RageFist,Protect|||F|||50|,,,,,Water
|showteam|p2|Klefki||LightClay|Prankster|DazzlingGleam,ThunderWave,LightScreen,MistyTerrain|||M|||50|,,,,,Water]Gliscor||ToxicOrb|PoisonHeal|DualWingbeat,HighHorsepower,SwordsDance,Protect|||F|||50|,,,,,Water]Incineroar||AssaultVest|Intimidate|FakeOut,FlareBlitz,KnockOff,PartingShot|||M|||50|,,,,,Grass]Sinistcha||SitrusBerry|Hospitality|MatchaGotcha,RagePowder,LifeDew,TrickRoom||||||50|,,,,,Grass]Inteleon||FocusSash|Sniper|SnipeShot,IceBeam,IcyWind,Protect|||F|||50|,,,,,Ghost]Zoroark-Hisui||ChoiceSpecs|Illusion|HyperVoice,ShadowBall,SludgeBomb,HyperBeam|||M|||50|,,,,,Normal
|
|t:|1757851902
|teamsize|p1|4
|teamsize|p2|4
|start
|switch|p1a: Annihilape|Annihilape, L50, F|100/100
|switch|p1b: Maushold|Maushold-Four, L50|100/100
|switch|p2a: Gliscor|Gliscor, L50, F|100/100
|switch|p2b: Inteleon|Inteleon, L50, F|100/100
|turn|1
|inactive|Battle timer is ON: inactive players will automatically lose when time's up. (requested by SirNeru)
|
|t:|1757851939
|-terastallize|p1a: Annihilape|Water
|move|p2b: Inteleon|Snipe Shot|p1a: Annihilape
|-resisted|p1a: Annihilape
|-damage|p1a: Annihilape|86/100
|move|p1b: Maushold|Beat Up|p1a: Annihilape
|-damage|p1a: Annihilape|84/100
|-damage|p1a: Annihilape|82/100
|-damage|p1a: Annihilape|79/100
|-damage|p1a: Annihilape|77/100
|-hitcount|p1a: Annihilape|4
|move|p2a: Gliscor|Swords Dance|p2a: Gliscor
|-boost|p2a: Gliscor|atk|2
|move|p1a: Annihilape|Rage Fist|p2b: Inteleon
|-enditem|p2b: Inteleon|Focus Sash
|-damage|p2b: Inteleon|1/100
|
|-heal|p1a: Annihilape|83/100|[from] item: Leftovers
|-status|p2a: Gliscor|tox|[from] item: Toxic Orb
|upkeep
|turn|2
|
|t:|1757851958
|move|p1a: Annihilape|Protect|p1a: Annihilape
|-singleturn|p1a: Annihilape|Protect
|move|p2b: Inteleon|Snipe Shot|p1b: Maushold
|-damage|p1b: Maushold|51/100
|move|p1b: Maushold|Encore|p2a: Gliscor
|-start|p2a: Gliscor|Encore
|move|p2a: Gliscor|Swords Dance|p2a: Gliscor
|-boost|p2a: Gliscor|atk|2
|
|-heal|p1a: Annihilape|89/100|[from] item: Leftovers
|upkeep
|turn|3
|
|t:|1757851972
|move|p1b: Maushold|Follow Me|p1b: Maushold
|-singleturn|p1b: Maushold|move: Follow Me
|move|p2b: Inteleon|Snipe Shot|p1b: Maushold
|-damage|p1b: Maushold|0 fnt
|faint|p1b: Maushold
|move|p2a: Gliscor|Swords Dance|p2a: Gliscor
|-boost|p2a: Gliscor|atk|2
|move|p1a: Annihilape|Rage Fist|p2a: Gliscor
|-damage|p2a: Gliscor|0 fnt
|faint|p2a: Gliscor
|
|-heal|p1a: Annihilape|95/100|[from] item: Leftovers
|upkeep
|
|t:|1757851980
|switch|p1b: Salamence|Salamence, L50, F, shiny|100/100
|switch|p2a: Sinistcha|Sinistcha, L50|100/100
|-ability|p1b: Salamence|Intimidate|boost
|-unboost|p2a: Sinistcha|atk|1
|-unboost|p2b: Inteleon|atk|1
|-heal|p2b: Inteleon|26/100|[from] ability: Hospitality|[of] p2a: Sinistcha
|turn|4
|
|t:|1757851988
|-terastallize|p2a: Sinistcha|Grass
|move|p2b: Inteleon|Ice Beam|p1b: Salamence
|-supereffective|p1b: Salamence
|-damage|p1b: Salamence|0 fnt
|faint|p1b: Salamence
|move|p1a: Annihilape|Rage Fist|p2a: Sinistcha
|-damage|p2a: Sinistcha|0 fnt
|faint|p2a: Sinistcha
|
|-heal|p1a: Annihilape|100/100|[from] item: Leftovers
|upkeep
|
|t:|1757851992
|switch|p1b: Gholdengo|Gholdengo, L50|100/100
|switch|p2a: Incineroar|Incineroar, L50, M|100/100
|-ability|p2a: Incineroar|Intimidate|boost
|-unboost|p1a: Annihilape|atk|1
|-ability|p1a: Annihilape|Defiant|boost
|-boost|p1a: Annihilape|atk|2
|-unboost|p1b: Gholdengo|atk|1
|turn|5
|
|t:|1757852012
|move|p1b: Gholdengo|Protect|p1b: Gholdengo
|-singleturn|p1b: Gholdengo|Protect
|move|p1a: Annihilape|Protect|p1a: Annihilape
|-singleturn|p1a: Annihilape|Protect
|move|p2b: Inteleon|Snipe Shot|p1b: Gholdengo
|-activate|p1b: Gholdengo|move: Protect
|move|p2a: Incineroar|Knock Off|p1a: Annihilape
|-activate|p1a: Annihilape|move: Protect
|
|upkeep
|turn|6
|l|☆SirNeru
|inactive|SirNeru disconnected and has a minute to reconnect!
|player|p1|
|j|☆SirNeru
|inactive|SirNeru reconnected and has 45 seconds left.
|player|p1|SirNeru|265|
|inactive|SirNeru has 30 seconds left.
|
|t:|1757852042
|move|p2b: Inteleon|Icy Wind|p1a: Annihilape|[spread] p1a,p1b
|-resisted|p1a: Annihilape
|-resisted|p1b: Gholdengo
|-damage|p1a: Annihilape|94/100
|-damage|p1b: Gholdengo|92/100
|-unboost|p1a: Annihilape|spe|1
|-ability|p1a: Annihilape|Defiant|boost
|-boost|p1a: Annihilape|atk|2
|-unboost|p1b: Gholdengo|spe|1
|move|p1b: Gholdengo|Make It Rain|p2b: Inteleon|[spread] p2a,p2b
|-resisted|p2a: Incineroar
|-resisted|p2b: Inteleon
|-crit|p2b: Inteleon
|-damage|p2a: Incineroar|81/100
|-damage|p2b: Inteleon|0 fnt
|-unboost|p1b: Gholdengo|spa|1
|faint|p2b: Inteleon
|-damage|p1b: Gholdengo|82/100|[from] item: Life Orb
|move|p2a: Incineroar|Flare Blitz|p1b: Gholdengo
|-supereffective|p1b: Gholdengo
|-damage|p1b: Gholdengo|0 fnt
|faint|p1b: Gholdengo
|-damage|p2a: Incineroar|59/100|[from] Recoil
|move|p1a: Annihilape|Drain Punch|p2a: Incineroar
|-supereffective|p2a: Incineroar
|-damage|p2a: Incineroar|0 fnt
|-heal|p1a: Annihilape|100/100|[from] drain|[of] p2a: Incineroar
|faint|p2a: Incineroar
|
|win|SirNeru
||timothim chalombre is ready for game 2.
|inactive|SirNeru has 30 seconds to confirm battle start!
|inactive|SirNeru has 20 seconds to confirm battle start!
||SirNeru is ready for game 2.
|uhtml|next|Next: Game 2 of 3
|l|☆SirNeru
|player|p1|
