|j|☆Llama_Llord
|j|☆rainsmeller5000
|html|Llama_Llordrainsmeller5000    
|uhtml|bestof|Game 1 of a best-of-3
|t:|1756807535
|gametype|doubles
|player|p1|Llama_Llord|1|1085
|player|p2|rainsmeller5000|169|1000
|gen|9
|tier|[Gen 9] VGC 2025 Reg H (Bo3)
|rated|
|rule|Species Clause: Limit one of each Pokémon
|rule|Item Clause: Limit 1 of each item
|clearpoke
|poke|p1|Talonflame, L50, M|
|poke|p1|Garchomp, L50, F|
|poke|p1|Gholdengo, L50|
|poke|p1|Tyranitar, L50, F|
|poke|p1|Amoonguss, L50, F|
|poke|p1|Milotic, L50, M|
|poke|p2|Ursaluna-Bloodmoon, L50, M|
|poke|p2|Porygon2, L50|
|poke|p2|Amoonguss, L50, F|
|poke|p2|Incineroar, L50, F|
|poke|p2|Dragapult, L50, F|
|poke|p2|Sneasler, L50, F|
|teampreview|4
|showteam|p1|Talonflame||CovertCloak|GaleWings|Tailwind,BraveBird,WillOWisp,Taunt|||M|||50|,,,,,Grass]Garchomp||LifeOrb|RoughSkin|Earthquake,DragonClaw,StompingTantrum,Protect|||F|||50|,,,,,Fairy]Gholdengo||ChoiceSpecs|GoodasGold|MakeItRain,ShadowBall,Thunderbolt,PowerGem||||||50|,,,,,Steel]Tyranitar||AssaultVest|SandStream|RockSlide,KnockOff,TeraBlast,LowKick|||F|||50|,,,,,Flying]Amoonguss||SitrusBerry|Regenerator|PollenPuff,Spore,RagePowder,Protect|||F|||50|,,,,,Water]Milotic||SafetyGoggles|Competitive|Scald,IcyWind,Haze,Protect|||M|||50|,,,,,Dragon
|showteam|p2|Ursaluna-Bloodmoon||AssaultVest|MindsEye|BloodMoon,HyperVoice,EarthPower,VacuumWave|||M|||50|,,,,,Normal]Porygon2||Eviolite|Trace|IceBeam,Thunderbolt,Recover,TrickRoom||||||50|,,,,,Ghost]Amoonguss||CovertCloak|Regenerator|Spore,RagePowder,PollenPuff,SludgeBomb|||F|||50|,,,,,Water]Incineroar||SafetyGoggles|Intimidate|KnockOff,FakeOut,PartingShot,FlareBlitz|||F|||50|,,,,,Ghost]Dragapult||ChoiceBand|ClearBody|DragonDarts,Outrage,PhantomForce,Uturn|||F|||50|,,,,,Dragon]Sneasler||FocusSash|PoisonTouch|CloseCombat,DireClaw,ThroatChop,FakeOut|||F|||50|,,,,,Dark
|inactive|Battle timer is ON: inactive players will automatically lose when time's up. (requested by Llama_Llord)
|inactive|Llama_Llord has 60 seconds left.
|inactive|rainsmeller5000 has 60 seconds left.
|inactive|Llama_Llord has 30 seconds left.
|inactive|Llama_Llord has 20 seconds left.
|
|t:|1756807608
|teamsize|p1|4
|teamsize|p2|4
|start
|switch|p1a: Talonflame|Talonflame, L50, M|100/100
|switch|p1b: Gholdengo|Gholdengo, L50|100/100
|switch|p2a: Porygon2|Porygon2, L50|100/100
|switch|p2b: Amoonguss|Amoonguss, L50, F|100/100
|-ability|p2a: Porygon2|Good as Gold|Trace|[from] ability: Trace|[of] p1b: Gholdengo
|turn|1
|inactive|Llama_Llord has 30 seconds left.
|inactive|rainsmeller5000 has 30 seconds left.
|
|t:|1756807645
|-terastallize|p1b: Gholdengo|Steel
|-terastallize|p2b: Amoonguss|Water
|move|p1a: Talonflame|Taunt|p2a: Porygon2
|-immune|p2a: Porygon2|[from] ability: Good as Gold
|move|p1b: Gholdengo|Make It Rain|p2b: Amoonguss|[spread] p2a,p2b
|-resisted|p2b: Amoonguss
|-damage|p2a: Porygon2|47/100
|-damage|p2b: Amoonguss|58/100
|-unboost|p1b: Gholdengo|spa|1
|move|p2b: Amoonguss|Spore|p1a: Talonflame
|-status|p1a: Talonflame|slp|[from] move: Spore
|move|p2a: Porygon2|Trick Room|p2a: Porygon2
|-fieldstart|move: Trick Room|[of] p2a: Porygon2
|
|upkeep
|turn|2
|
|t:|1756807664
|switch|p2b: Ursaluna|Ursaluna-Bloodmoon, L50, M|100/100
|cant|p1a: Talonflame|slp
|move|p2a: Porygon2|Thunderbolt|p1a: Talonflame
|-supereffective|p1a: Talonflame
|-damage|p1a: Talonflame|39/100 slp
|move|p1b: Gholdengo|Make It Rain|p2a: Porygon2|[spread] p2a,p2b
|-damage|p2a: Porygon2|7/100
|-damage|p2b: Ursaluna|53/100
|-unboost|p1b: Gholdengo|spa|1
|
|upkeep
|turn|3
|
|t:|1756807687
|switch|p1a: Amoonguss|Amoonguss, L50, F|100/100
|move|p2b: Ursaluna|Earth Power|p1b: Gholdengo
|-supereffective|p1b: Gholdengo
|-damage|p1b: Gholdengo|0 fnt
|faint|p1b: Gholdengo
|move|p2a: Porygon2|Thunderbolt|p1a: Amoonguss
|-resisted|p1a: Amoonguss
|-damage|p1a: Amoonguss|92/100
|
|upkeep
|
|t:|1756807694
|switch|p1b: Tyranitar|Tyranitar, L50, F|100/100
|-weather|Sandstorm|[from] ability: Sand Stream|[of] p1b: Tyranitar
|turn|4
|inactive|rainsmeller5000 has 30 seconds left.
|
|t:|1756807722
|move|p2b: Ursaluna|Vacuum Wave|p1b: Tyranitar
|-supereffective|p1b: Tyranitar
|-damage|p1b: Tyranitar|73/100
|move|p1a: Amoonguss|Spore|p2b: Ursaluna
|-status|p2b: Ursaluna|slp|[from] move: Spore
|move|p2a: Porygon2|Recover|p2a: Porygon2
|-heal|p2a: Porygon2|57/100
|move|p1b: Tyranitar|Low Kick|p2a: Porygon2
|-supereffective|p2a: Porygon2
|-damage|p2a: Porygon2|33/100
|
|-weather|Sandstorm|[upkeep]
|-damage|p1a: Amoonguss|86/100|[from] Sandstorm
|-damage|p2a: Porygon2|27/100|[from] Sandstorm
|upkeep
|turn|5
|
|t:|1756807744
|switch|p2b: Amoonguss|Amoonguss, L50, F, tera:Water|91/100
|switch|p2a: Incineroar|Incineroar, L50, F|100/100
|-ability|p2a: Incineroar|Intimidate|boost
|-unboost|p1a: Amoonguss|atk|1
|-unboost|p1b: Tyranitar|atk|1
|move|p1a: Amoonguss|Spore|p2a: Incineroar
|-activate|p2a: Incineroar|item: Safety Goggles|Spore
|move|p1b: Tyranitar|Low Kick|p2b: Amoonguss
|-damage|p2b: Amoonguss|83/100
|
|-weather|Sandstorm|[upkeep]
|-damage|p1a: Amoonguss|80/100|[from] Sandstorm
|-damage|p2b: Amoonguss|77/100|[from] Sandstorm
|-fieldend|move: Trick Room
|upkeep
|turn|6
|
|t:|1756807764
|switch|p1b: Talonflame|Talonflame, L50, M|39/100 slp
|move|p2a: Incineroar|Fake Out|p1a: Amoonguss
|-damage|p1a: Amoonguss|70/100
|move|p2b: Amoonguss|Spore|p1b: Talonflame
|-fail|p1b: Talonflame|slp
|cant|p1a: Amoonguss|flinch
|
|-weather|Sandstorm|[upkeep]
|-damage|p1b: Talonflame|33/100 slp|[from] Sandstorm
|-damage|p2b: Amoonguss|71/100|[from] Sandstorm
|-damage|p1a: Amoonguss|64/100|[from] Sandstorm
|upkeep
|turn|7
|inactive|rainsmeller5000 has 30 seconds left.
|
|t:|1756807792
|switch|p1a: Tyranitar|Tyranitar, L50, F|73/100
|cant|p1b: Talonflame|slp
|move|p2a: Incineroar|Knock Off|p1b: Talonflame
|-damage|p1b: Talonflame|0 fnt
|-enditem|p1b: Talonflame|Covert Cloak|[from] move: Knock Off|[of] p2a: Incineroar
|faint|p1b: Talonflame
|move|p2b: Amoonguss|Spore|p1a: Tyranitar
|-status|p1a: Tyranitar|slp|[from] move: Spore
|
|-weather|Sandstorm|[upkeep]
|-damage|p2b: Amoonguss|65/100|[from] Sandstorm
|upkeep
|
|t:|1756807798
|switch|p1b: Amoonguss|Amoonguss, L50, F|97/100
|turn|8
|
|t:|1756807818
|switch|p2b: Ursaluna|Ursaluna-Bloodmoon, L50, M|53/100 slp
|cant|p1a: Tyranitar|slp
|move|p2a: Incineroar|Flare Blitz|p1b: Amoonguss
|-supereffective|p1b: Amoonguss
|-damage|p1b: Amoonguss|4/100
|-enditem|p1b: Amoonguss|Sitrus Berry|[eat]
|-heal|p1b: Amoonguss|29/100|[from] item: Sitrus Berry
|-damage|p2a: Incineroar|67/100|[from] Recoil
|move|p1b: Amoonguss|Spore|p2b: Ursaluna
|-fail|p2b: Ursaluna|slp
|
|-weather|none
|upkeep
|turn|9
|
|t:|1756807836
|-curestatus|p1a: Tyranitar|slp|[msg]
|move|p1a: Tyranitar|Rock Slide|p2a: Incineroar|[spread] p2a
|-miss|p1a: Tyranitar|p2b: Ursaluna
|-supereffective|p2a: Incineroar
|-damage|p2a: Incineroar|14/100
|cant|p2b: Ursaluna|slp
|move|p2a: Incineroar|Flare Blitz|p1b: Amoonguss
|-supereffective|p1b: Amoonguss
|-damage|p1b: Amoonguss|0 fnt
|faint|p1b: Amoonguss
|-damage|p2a: Incineroar|3/100|[from] Recoil
|
|upkeep
|turn|10
|
|t:|1756807851
|switch|p2a: Amoonguss|Amoonguss, L50, F, tera:Water|98/100
|move|p1a: Tyranitar|Low Kick|p2b: Ursaluna
|-supereffective|p2b: Ursaluna
|-damage|p2b: Ursaluna|0 fnt
|faint|p2b: Ursaluna
|
|upkeep
|
|t:|1756807859
|switch|p2b: Incineroar|Incineroar, L50, F|3/100
|-ability|p2b: Incineroar|Intimidate|boost
|-unboost|p1a: Tyranitar|atk|1
|turn|11
|
|t:|1756807868
|move|p2b: Incineroar|Fake Out|p1a: Tyranitar
|-resisted|p1a: Tyranitar
|-damage|p1a: Tyranitar|68/100
|cant|p1a: Tyranitar|flinch
|move|p2a: Amoonguss|Pollen Puff|p1a: Tyranitar
|-supereffective|p1a: Tyranitar
|-damage|p1a: Tyranitar|44/100
|
|upkeep
|turn|12
|-message|Llama_Llord forfeited.
|
|win|rainsmeller5000
||rainsmeller5000 is ready for game 2.
