|j|☆raphaelk1602
|j|☆KatKraydel
|html|raphaelk1602KatKraydel    
|uhtml|bestof|Game 1 of a best-of-3
|t:|1757848997
|gametype|doubles
|player|p1|raphaelk1602|101|1154
|player|p2|KatKraydel|caitlin-masters|1120
|gen|9
|tier|[Gen 9] VGC 2025 Reg H (Bo3)
|rated|
|rule|Species Clause: Limit one of each Pokémon
|rule|Item Clause: Limit 1 of each item
|clearpoke
|poke|p1|Sneasler, L50, M|
|poke|p1|Tyranitar, L50, M|
|poke|p1|Excadrill, L50, M|
|poke|p1|Kilowattrel, L50, F|
|poke|p1|Magmar, L50, F|
|poke|p1|Indeedee, L50, M|
|poke|p2|Primarina, L50, F|
|poke|p2|Talonflame, L50, M|
|poke|p2|Garchomp, L50, M|
|poke|p2|Ninetales-Alola, L50, M|
|poke|p2|Sinistcha, L50|
|poke|p2|Conkeldurr, L50, M|
|teampreview|4
|showteam|p1|Sneasler||WhiteHerb|Unburden|Coaching,Protect,CloseCombat,DireClaw|||M|||50|,,,,,Flying]Tyranitar||FocusSash|SandStream|KnockOff,RockSlide,Protect,DragonDance|||M|||50|,,,,,Flying]Excadrill||ChoiceBand|SandRush|Earthquake,HighHorsepower,IronHead,RockSlide|||M|||50|,,,,,Ghost]Kilowattrel||ChoiceSpecs|Competitive|Discharge,VoltSwitch,AirSlash,Thunderbolt|||F|||50|,,,,,Ghost]Magmar||Eviolite|FlameBody|HeatWave,FollowMe,HelpingHand,Protect|||F|||50|,,,,,Flying]Indeedee||ChoiceScarf|PsychicSurge|ExpandingForce,HyperVoice,Trick,DazzlingGleam|||M|||50|,,,,,Fairy
|showteam|p2|Primarina||SitrusBerry|LiquidVoice|HyperVoice,Moonblast,Haze,Protect|||F|||50|,,,,,Poison]Talonflame||SharpBeak|GaleWings|DualWingbeat,FlareBlitz,Tailwind,Taunt|||M|||50|,,,,,Ghost]Garchomp||LifeOrb|RoughSkin|StompingTantrum,Earthquake,Protect,DragonClaw|||M|||50|,,,,,Ground]Ninetales-Alola||FocusSash|SnowWarning|Blizzard,FreezeDry,Moonblast,Protect|||M|||50|,,,,,Fire]Sinistcha||RockyHelmet|Hospitality|MatchaGotcha,RagePowder,LifeDew,Protect||||||50|,,,,,Water]Conkeldurr||FlameOrb|Guts|CloseCombat,KnockOff,WideGuard,MachPunch|||M|||50|,,,,,Dark
|inactive|Battle timer is ON: inactive players will automatically lose when time's up. (requested by raphaelk1602)
|inactive|KatKraydel has 60 seconds left.
|inactive|raphaelk1602 has 60 seconds left.
|
|t:|1757849065
|teamsize|p1|4
|teamsize|p2|4
|start
|switch|p1a: Kilowattrel|Kilowattrel, L50, F|100/100
|switch|p1b: Excadrill|Excadrill, L50, M|100/100
|switch|p2a: Garchomp|Garchomp, L50, M, shiny|100/100
|switch|p2b: Talonflame|Talonflame, L50, M, shiny|100/100
|turn|1
|inactive|KatKraydel has 30 seconds left.
|
|t:|1757849094
|-terastallize|p1b: Excadrill|Ghost
|move|p2b: Talonflame|Tailwind|p2b: Talonflame
|-sidestart|p2: KatKraydel|move: Tailwind
|move|p2a: Garchomp|Earthquake|p1b: Excadrill|[spread] p1b
|-immune|p2b: Talonflame
|-immune|p1a: Kilowattrel
|-damage|p1b: Excadrill|30/100
|-damage|p2a: Garchomp|91/100|[from] item: Life Orb
|move|p1a: Kilowattrel|Volt Switch|p2b: Talonflame
|-supereffective|p2b: Talonflame
|-damage|p2b: Talonflame|0 fnt
|faint|p2b: Talonflame
|
|t:|1757849111
|switch|p1a: Indeedee|Indeedee, L50, M|100/100|[from] Volt Switch
|-fieldstart|move: Psychic Terrain|[from] ability: Psychic Surge|[of] p1a: Indeedee
|move|p1b: Excadrill|Iron Head|p2a: Garchomp
|-damage|p2a: Garchomp|14/100
|-damage|p1b: Excadrill|17/100|[from] ability: Rough Skin|[of] p2a: Garchomp
|
|upkeep
|
|t:|1757849119
|switch|p2b: Ninetales|Ninetales-Alola, L50, M, shiny|100/100
|-weather|Snowscape|[from] ability: Snow Warning|[of] p2b: Ninetales
|turn|2
|
|t:|1757849129
|-terastallize|p2a: Garchomp|Ground
|move|p2a: Garchomp|Earthquake|p1b: Excadrill|[spread] p2b,p1a,p1b
|-damage|p2b: Ninetales|43/100
|-damage|p1a: Indeedee|0 fnt
|-damage|p1b: Excadrill|0 fnt
|faint|p1a: Indeedee
|faint|p1b: Excadrill
|-damage|p2a: Garchomp|4/100|[from] item: Life Orb
|move|p2b: Ninetales|Blizzard|p1: Indeedee|[notarget]
|-fail|p2b: Ninetales
|
|-weather|Snowscape|[upkeep]
|upkeep
|
|t:|1757849140
|switch|p1a: Kilowattrel|Kilowattrel, L50, F|100/100
|switch|p1b: Sneasler|Sneasler, L50, M|100/100
|turn|3
|
|t:|1757849150
|move|p1b: Sneasler|Protect|p1b: Sneasler
|-singleturn|p1b: Sneasler|Protect
|move|p2a: Garchomp|Stomping Tantrum|p1b: Sneasler
|-activate|p1b: Sneasler|move: Protect
|move|p2b: Ninetales|Blizzard|p1b: Sneasler|[spread] p1a
|-activate|p1b: Sneasler|move: Protect
|-supereffective|p1a: Kilowattrel
|-damage|p1a: Kilowattrel|0 fnt
|faint|p1a: Kilowattrel
|
|-weather|Snowscape|[upkeep]
|upkeep
|turn|4
|
|t:|1757849158
|move|p1b: Sneasler|Protect|p1b: Sneasler
|-singleturn|p1b: Sneasler|Protect
|move|p2a: Garchomp|Stomping Tantrum|p1b: Sneasler
|-activate|p1b: Sneasler|move: Protect
|move|p2b: Ninetales|Blizzard|p1b: Sneasler
|-activate|p1b: Sneasler|move: Protect
|
|-weather|Snowscape|[upkeep]
|-sideend|p2: KatKraydel|move: Tailwind
|upkeep
|turn|5
|
|t:|1757849176
|move|p1b: Sneasler|Dire Claw|p2a: Garchomp
|-resisted|p2a: Garchomp
|-damage|p2a: Garchomp|0 fnt
|-damage|p1b: Sneasler|88/100|[from] ability: Rough Skin|[of] p2a: Garchomp
|faint|p2a: Garchomp
|move|p2b: Ninetales|Blizzard|p1b: Sneasler
|-damage|p1b: Sneasler|33/100
|
|-weather|Snowscape|[upkeep]
|-fieldend|move: Psychic Terrain
|upkeep
|
|t:|1757849179
|switch|p2a: Conkeldurr|Conkeldurr, L50, M, shiny|100/100
|turn|6
|
|t:|1757849184
|move|p1b: Sneasler|Dire Claw|p2b: Ninetales
|-supereffective|p2b: Ninetales
|-damage|p2b: Ninetales|0 fnt
|faint|p2b: Ninetales
|move|p2a: Conkeldurr|Close Combat|p1b: Sneasler
|-resisted|p1b: Sneasler
|-damage|p1b: Sneasler|0 fnt
|-unboost|p2a: Conkeldurr|def|1
|-unboost|p2a: Conkeldurr|spd|1
|faint|p1b: Sneasler
|
|win|KatKraydel
||raphaelk1602 is ready for game 2.
||KatKraydel is ready for game 2.
|uhtml|next|Next: Game 2 of 3
