|j|☆Bonetico16
|j|☆minasdevilcrobats
|html|Bonetico16minasdevilcrobats    
|uhtml|bestof|Game 1 of a best-of-3
|t:|1756239535
|gametype|doubles
|player|p1|Bonetico16|169|1000
|player|p2|minasdevilcrobats|darach-caitlin|1129
|gen|9
|tier|[Gen 9] VGC 2025 Reg H (Bo3)
|rated|
|rule|Species Clause: Limit one of each Pokémon
|rule|Item Clause: Limit 1 of each item
|clearpoke
|poke|p1|Amoonguss, L50, M|
|poke|p1|Incineroar, L50, F|
|poke|p1|Rillaboom, L50, M|
|poke|p1|Pelipper, L50, M|
|poke|p1|Archaludon, L50, M|
|poke|p1|Glimmora, L50, F|
|poke|p2|Dragapult, L50, M|
|poke|p2|Electabuzz, L50, F|
|poke|p2|Sneasler, L50, F|
|poke|p2|Primarina, L50, F|
|poke|p2|Gholdengo, L50|
|poke|p2|Whimsicott, L50, M|
|teampreview|4
|showteam|p1|Amoonguss||RockyHelmet|Regenerator|PollenPuff,Spore,RagePowder,ClearSmog|||M|||50|,,,,,Water]Incineroar||SafetyGoggles|Intimidate|FakeOut,KnockOff,FlareBlitz,PartingShot|||F|||50|,,,,,Dragon]Rillaboom||AssaultVest|GrassySurge|GrassyGlide,FakeOut,WoodHammer,HighHorsepower|||M|||50|,,,,,Fire]Pelipper||FocusSash|Drizzle|Tailwind,Hurricane,WeatherBall,Protect|||M|||50|,,,,,Grass]Archaludon||Leftovers|Stamina|BodyPress,ElectroShot,Protect,DragonPulse|||M|||50|,,,,,Electric]Glimmora||ChoiceScarf|ToxicDebris|EarthPower,PowerGem,SludgeBomb,EnergyBall|||F|||50|,,,,,Grass
|showteam|p2|Dragapult||ChoiceBand|ClearBody|DragonDarts,PhantomForce,PsychicFangs,SuckerPunch|||M|||50|,,,,,Dragon]Electabuzz||Eviolite|VitalSpirit|Electroweb,FollowMe,Taunt,Protect|||F|||50|,,,,,Ghost]Sneasler||FocusSash|Unburden|DireClaw,CloseCombat,FakeOut,Protect|||F|||50|,,,,,Stellar]Primarina||ThroatSpray|LiquidVoice|HyperVoice,Moonblast,Haze,Protect|||F|||50|,,,,,Poison]Gholdengo||LifeOrb|GoodasGold|MakeItRain,ShadowBall,NastyPlot,Protect||||||50|,,,,,Water]Whimsicott||CovertCloak|Prankster|Tailwind,Moonblast,Encore,MistyTerrain|||M|||50|,,,,,Water
|inactive|Battle timer is ON: inactive players will automatically lose when time's up. (requested by Bonetico16)
|inactive|Bonetico16 has 60 seconds left.
|inactive|minasdevilcrobats has 60 seconds left.
|
|t:|1756239584
|teamsize|p1|4
|teamsize|p2|4
|start
|switch|p1a: Incineroar|Incineroar, L50, F, shiny|100/100
|switch|p1b: Glimmora|Glimmora, L50, F, shiny|100/100
|switch|p2a: Electabuzz|Electabuzz, L50, F|100/100
|switch|p2b: Dragapult|Dragapult, L50, M|100/100
|-ability|p1a: Incineroar|Intimidate|boost
|-unboost|p2a: Electabuzz|atk|1
|-fail|p2b: Dragapult|unboost|[from] ability: Clear Body|[of] p2b: Dragapult
|turn|1
|inactive|minasdevilcrobats has 30 seconds left.
|
|t:|1756239614
|-terastallize|p2a: Electabuzz|Ghost
|move|p1b: Glimmora|Earth Power|p2a: Electabuzz
|-damage|p2a: Electabuzz|78/100
|move|p2b: Dragapult|Dragon Darts|p1b: Glimmora
|-damage|p1b: Glimmora|46/100
|-activate|p1b: Glimmora|ability: Toxic Debris
|-sidestart|p2: minasdevilcrobats|move: Toxic Spikes
|-anim|p2b: Dragapult|Dragon Darts|p1a: Incineroar
|-damage|p1a: Incineroar|57/100
|move|p2a: Electabuzz|Electroweb|p1b: Glimmora|[spread] p1a,p1b
|-damage|p1a: Incineroar|44/100
|-damage|p1b: Glimmora|28/100
|-unboost|p1a: Incineroar|spe|1
|-unboost|p1b: Glimmora|spe|1
|move|p1a: Incineroar|Knock Off|p2a: Electabuzz
|-supereffective|p2a: Electabuzz
|-damage|p2a: Electabuzz|0 fnt
|-enditem|p2a: Electabuzz|Eviolite|[from] move: Knock Off|[of] p1a: Incineroar
|faint|p2a: Electabuzz
|
|upkeep
|
|t:|1756239633
|switch|p2a: Sneasler|Sneasler, L50, F|100/100
|-sideend|p2: minasdevilcrobats|move: Toxic Spikes|[of] p2a: Sneasler
|turn|2
|
|t:|1756239657
|switch|p1a: Amoonguss|Amoonguss, L50, M, shiny|100/100
|move|p2a: Sneasler|Fake Out|p1b: Glimmora
|-resisted|p1b: Glimmora
|-damage|p1b: Glimmora|19/100
|-activate|p1b: Glimmora|ability: Toxic Debris
|-sidestart|p2: minasdevilcrobats|move: Toxic Spikes
|move|p2b: Dragapult|Dragon Darts|p1b: Glimmora
|-crit|p1b: Glimmora
|-damage|p1b: Glimmora|0 fnt
|-activate|p1b: Glimmora|ability: Toxic Debris
|-sidestart|p2: minasdevilcrobats|move: Toxic Spikes
|-anim|p2b: Dragapult|Dragon Darts|p1a: Amoonguss
|-damage|p1a: Amoonguss|62/100
|faint|p1b: Glimmora
|
|upkeep
|
|t:|1756239670
|switch|p1b: Incineroar|Incineroar, L50, F, shiny|44/100
|-ability|p1b: Incineroar|Intimidate|boost
|-unboost|p2a: Sneasler|atk|1
|-fail|p2b: Dragapult|unboost|[from] ability: Clear Body|[of] p2b: Dragapult
|turn|3
|
|t:|1756239676
|switch|p2a: Gholdengo|Gholdengo, L50|100/100
|move|p1b: Incineroar|Fake Out|p2a: Gholdengo
|-immune|p2a: Gholdengo
|move|p2b: Dragapult|Dragon Darts|p1b: Incineroar
|-crit|p1b: Incineroar
|-damage|p1b: Incineroar|0 fnt
|-anim|p2b: Dragapult|Dragon Darts|p1a: Amoonguss
|-damage|p1a: Amoonguss|30/100
|faint|p1b: Incineroar
|move|p1a: Amoonguss|Spore|p2b: Dragapult
|-status|p2b: Dragapult|slp|[from] move: Spore
|
|upkeep
|
|t:|1756239685
|switch|p1b: Archaludon|Archaludon, L50, M|100/100
|turn|4
|
|t:|1756239705
|-terastallize|p1b: Archaludon|Electric
|cant|p2b: Dragapult|slp
|move|p2a: Gholdengo|Nasty Plot|p2a: Gholdengo
|-boost|p2a: Gholdengo|spa|2
|move|p1b: Archaludon|Dragon Pulse|p2b: Dragapult
|-supereffective|p2b: Dragapult
|-damage|p2b: Dragapult|0 fnt
|faint|p2b: Dragapult
|move|p1a: Amoonguss|Pollen Puff|p1b: Archaludon
|
|upkeep
|
|t:|1756239718
|switch|p2b: Sneasler|Sneasler, L50, F|100/100
|-sideend|p2: minasdevilcrobats|move: Toxic Spikes|[of] p2b: Sneasler
|turn|5
|
|t:|1756239726
|move|p2b: Sneasler|Dire Claw|p1b: Archaludon
|-damage|p1b: Archaludon|70/100
|-status|p1b: Archaludon|slp
|-ability|p1b: Archaludon|Stamina|boost
|-boost|p1b: Archaludon|def|1
|move|p2a: Gholdengo|Shadow Ball|p1b: Archaludon
|-damage|p1b: Archaludon|0 fnt
|faint|p1b: Archaludon
|-damage|p2a: Gholdengo|91/100|[from] item: Life Orb
|move|p1a: Amoonguss|Spore|p2b: Sneasler
|-status|p2b: Sneasler|slp|[from] move: Spore
|
|upkeep
|turn|6
|
|t:|1756239741
|cant|p2b: Sneasler|slp
|move|p2a: Gholdengo|Make It Rain|p1a: Amoonguss
|-crit|p1a: Amoonguss
|-damage|p1a: Amoonguss|0 fnt
|-unboost|p2a: Gholdengo|spa|1
|faint|p1a: Amoonguss
|-damage|p2a: Gholdengo|81/100|[from] item: Life Orb
|
|win|minasdevilcrobats
||Bonetico16 is ready for game 2.
