|j|☆GabboVGC
|j|☆Schroombert
|html|GabboVGCSchroombert    
|uhtml|bestof|Game 2 of a best-of-3
|t:|1756460882
|gametype|doubles
|player|p1|GabboVGC|marnie-league|1309
|player|p2|Schroombert|rancher|1389
|gen|9
|tier|[Gen 9] VGC 2025 Reg H (Bo3)
|rated|
|rule|Species Clause: Limit one of each Pokémon
|rule|Item Clause: Limit 1 of each item
|clearpoke
|poke|p1|Archaludon, L50, M|
|poke|p1|Pelipper, L50, M|
|poke|p1|Gholdengo, L50|
|poke|p1|Basculegion, L50, M|
|poke|p1|Incineroar, L50, M|
|poke|p1|Dragonite, L50, F|
|poke|p2|Vivillon-Savanna, L50, F|
|poke|p2|Garchomp, L50, F|
|poke|p2|Gholdengo, L50|
|poke|p2|Incineroar, L50, F|
|poke|p2|Annihilape, L50, M|
|poke|p2|Dragonite, L50, F|
|teampreview|4
|showteam|p1|Archaludon||AssaultVest|Stamina|FlashCannon,BodyPress,ElectroShot,DragonPulse|||M|||50|,,,,,Grass]Pelipper||FocusSash|Drizzle|WeatherBall,Hurricane,WideGuard,Protect|||M|||50|,,,,,Ground]Gholdengo||LifeOrb|GoodasGold|MakeItRain,ShadowBall,NastyPlot,Protect||||||50|,,,,,Water]Basculegion||ChoiceBand|SwiftSwim|WaveCrash,AquaJet,LastRespects,FlipTurn|||M|||50|,,,,,Water]Incineroar||RockyHelmet|Intimidate|KnockOff,FakeOut,PartingShot,Taunt|||M|||50|,,,,,Ghost]Dragonite||LoadedDice|Multiscale|ScaleShot,Tailwind,Haze,Protect|||F|||50|,,,,,Fairy
|showteam|p2|Vivillon-Savanna||FocusSash|CompoundEyes|Hurricane,SleepPowder,Tailwind,Protect|||F|||50|,,,,,Ghost]Garchomp||LifeOrb|RoughSkin|Earthquake,DragonClaw,StompingTantrum,Protect|||F|||50|,,,,,Steel]Gholdengo||ChoiceSpecs|GoodasGold|MakeItRain,ShadowBall,Trick,Protect||||||50|,,,,,Steel]Incineroar||AssaultVest|Intimidate|FakeOut,FlareBlitz,KnockOff,Uturn|||F|||50|,,,,,Grass]Annihilape||PowerHerb|Defiant|CloseCombat,PhantomForce,Coaching,Protect|||M|||50|,,,,,Stellar]Dragonite||LoadedDice|Multiscale|ScaleShot,Tailwind,Haze,Protect|||F|||50|,,,,,Fairy
|inactive|Battle timer is ON: inactive players will automatically lose when time's up. (requested by Schroombert)
|
|t:|1756460911
|teamsize|p1|4
|teamsize|p2|4
|start
|switch|p1a: Archaludon|Archaludon, L50, M|100/100
|switch|p1b: Gholdengo|Gholdengo, L50|100/100
|switch|p2a: Vivillon|Vivillon-Savanna, L50, F, shiny|100/100
|switch|p2b: Garchomp|Garchomp, L50, F, shiny|100/100
|turn|1
|
|t:|1756460926
|switch|p1b: Pelipper|Pelipper, L50, M|100/100
|-weather|RainDance|[from] ability: Drizzle|[of] p1b: Pelipper
|-terastallize|p1a: Archaludon|Grass
|move|p2b: Garchomp|Earthquake|p1a: Archaludon|[spread] p1a
|-immune|p2a: Vivillon
|-immune|p1b: Pelipper
|-resisted|p1a: Archaludon
|-damage|p1a: Archaludon|86/100
|-ability|p1a: Archaludon|Stamina|boost
|-boost|p1a: Archaludon|def|1
|-damage|p2b: Garchomp|91/100|[from] item: Life Orb
|move|p2a: Vivillon|Hurricane|p1a: Archaludon
|-supereffective|p1a: Archaludon
|-damage|p1a: Archaludon|30/100
|-start|p1a: Archaludon|confusion
|-ability|p1a: Archaludon|Stamina|boost
|-boost|p1a: Archaludon|def|1
|-activate|p1a: Archaludon|confusion
|-damage|p1a: Archaludon|27/100|[from] confusion
|
|-weather|RainDance|[upkeep]
|upkeep
|turn|2
|inactive|GabboVGC has 30 seconds left.
|inactive|Schroombert has 30 seconds left.
|inactive|GabboVGC has 20 seconds left.
|inactive|GabboVGC has 15 seconds left.
|
|t:|1756460968
|move|p2b: Garchomp|Dragon Claw|p1b: Pelipper
|-damage|p1b: Pelipper|29/100
|-damage|p2b: Garchomp|81/100|[from] item: Life Orb
|move|p2a: Vivillon|Hurricane|p1a: Archaludon
|-supereffective|p1a: Archaludon
|-damage|p1a: Archaludon|0 fnt
|faint|p1a: Archaludon
|move|p1b: Pelipper|Weather Ball|p2a: Vivillon
|-damage|p2a: Vivillon|4/100
|
|-weather|RainDance|[upkeep]
|upkeep
|
|t:|1756460980
|switch|p1a: Basculegion|Basculegion, L50, M|100/100
|turn|3
|
|t:|1756461002
|move|p2b: Garchomp|Protect|p2b: Garchomp
|-singleturn|p2b: Garchomp|Protect
|move|p2a: Vivillon|Protect|p2a: Vivillon
|-singleturn|p2a: Vivillon|Protect
|move|p1a: Basculegion|Flip Turn|p2a: Vivillon
|-activate|p2a: Vivillon|move: Protect
|move|p1b: Pelipper|Weather Ball|p2b: Garchomp
|-activate|p2b: Garchomp|move: Protect
|
|-weather|RainDance|[upkeep]
|upkeep
|turn|4
|
|t:|1756461022
|switch|p2a: Dragonite|Dragonite, L50, F, shiny|100/100
|move|p1a: Basculegion|Flip Turn|p2b: Garchomp
|-damage|p2b: Garchomp|4/100
|-damage|p1a: Basculegion|88/100|[from] ability: Rough Skin|[of] p2b: Garchomp
|
|t:|1756461029
|switch|p1a: Gholdengo|Gholdengo, L50|100/100|[from] Flip Turn
|move|p2b: Garchomp|Stomping Tantrum|p1a: Gholdengo
|-supereffective|p1a: Gholdengo
|-damage|p1a: Gholdengo|2/100
|-damage|p2b: Garchomp|0 fnt|[from] item: Life Orb
|faint|p2b: Garchomp
|move|p1b: Pelipper|Weather Ball|p2a: Dragonite
|-resisted|p2a: Dragonite
|-damage|p2a: Dragonite|84/100
|
|-weather|RainDance|[upkeep]
|upkeep
|
|t:|1756461041
|switch|p2b: Vivillon|Vivillon-Savanna, L50, F, shiny|4/100
|turn|5
|
|t:|1756461052
|move|p2b: Vivillon|Hurricane|p1a: Gholdengo
|-resisted|p1a: Gholdengo
|-damage|p1a: Gholdengo|0 fnt
|faint|p1a: Gholdengo
|move|p2a: Dragonite|Scale Shot|p1b: Pelipper
|-damage|p1b: Pelipper|8/100
|-damage|p1b: Pelipper|0 fnt
|faint|p1b: Pelipper
|-hitcount|p1: Pelipper|2
|-unboost|p2a: Dragonite|def|1
|-boost|p2a: Dragonite|spe|1
|
|-weather|none
|upkeep
|
|t:|1756461059
|switch|p1b: Basculegion|Basculegion, L50, M|88/100
|turn|6
|
|t:|1756461067
|move|p2a: Dragonite|Scale Shot|p1b: Basculegion
|-damage|p1b: Basculegion|70/100
|-damage|p1b: Basculegion|51/100
|-damage|p1b: Basculegion|33/100
|-damage|p1b: Basculegion|13/100
|-damage|p1b: Basculegion|0 fnt
|faint|p1b: Basculegion
|-hitcount|p1: Basculegion|5
|
|win|Schroombert
|raw|GabboVGC's rating: 1309 → 1294(-15 for losing)
|raw|Schroombert's rating: 1389 → 1404(+15 for winning)
