|j|☆Tangermon
|j|☆luckycricket0326
|html|Tangermonluckycricket0326    
|uhtml|bestof|Game 2 of a best-of-3
|t:|1785162653
|gametype|doubles
|player|p1|Tangermon|hilbert-wonderlauncher|1131
|player|p2|luckycricket0326|169|1045
|gen|9
|tier|[Gen 9 Champions] VGC 2026 Reg M-B (Bo3)
|rated|
|rule|Species Clause: Limit one of each Pokémon
|rule|Item Clause: Limit 1 of each item
|clearpoke
|poke|p1|Mr. Rime, L50, M|
|poke|p1|Floette-Eternal, L50, F|
|poke|p1|Raichu, L50, F|
|poke|p1|Incineroar, L50, M|
|poke|p1|Ceruledge, L50, M|
|poke|p1|Sinistcha, L50|
|poke|p2|Vivillon-High Plains, L50, M|
|poke|p2|Raichu, L50, M|
|poke|p2|Farigiraf, L50, F|
|poke|p2|Vanilluxe, L50, M|
|poke|p2|Garchomp, L50, M|
|poke|p2|Camerupt, L50, F|
|teampreview|4
|showteam|p1|Mr. Rime||FocusSash|ScreenCleaner|FreezeDry,Protect,SheerCold,RolePlay|Timid||M|||50|]Floette-Eternal||Floettite|FlowerVeil|DrainingKiss,DazzlingGleam,CalmMind,Protect|Timid||F|||50|]Raichu||RaichuniteY|LightningRod|FakeOut,ZapCannon,FocusBlast,Protect|Jolly||F|||50|]Incineroar||SitrusBerry|Intimidate|FakeOut,FlareBlitz,PartingShot,DarkestLariat|Impish||M|||50|]Ceruledge||ColburBerry|FlashFire|BitterBlade,ShadowSneak,Protect,BulkUp|Adamant||M|||50|]Sinistcha||KasibBerry|Hospitality|MatchaGotcha,RagePowder,TrickRoom,Protect|Bold|||||50|
|showteam|p2|Vivillon-High Plains||FocusSash|CompoundEyes|SleepPowder,Hurricane,RagePowder,Protect|Timid||M|||50|]Raichu||RaichuniteY|LightningRod|ZapCannon,FocusBlast,FakeOut,Protect|Timid||M|||50|]Farigiraf||ColburBerry|ArmorTail|PsychicFangs,Thunderbolt,TrickRoom,HelpingHand|Bold||F|||50|]Vanilluxe||NeverMeltIce|SnowWarning|Blizzard,FreezeDry,Protect,IceShard|Quiet||M|||50|]Garchomp||LifeOrb|RoughSkin|DragonClaw,Earthquake,RockSlide,Protect|Jolly||M|||50|]Camerupt||Cameruptite|SolidRock|HeatWave,EarthPower,Protect,AncientPower|Quiet||F|||50|
|inactive|Battle timer is ON: inactive players will automatically lose when time's up. (requested by Tangermon)
|
|t:|1785162675
|teamsize|p1|4
|teamsize|p2|4
|start
|switch|p1a: Raichu|Raichu, L50, F|100/100
|switch|p1b: Mr. Rime|Mr. Rime, L50, M|100/100
|switch|p2a: Raichu|Raichu, L50, M|100/100
|switch|p2b: Vivillon|Vivillon-High Plains, L50, M|100/100
|turn|1
|
|t:|1785162699
|detailschange|p2a: Raichu|Raichu-Mega-Y, L50, M
|-mega|p2a: Raichu|Raichu|Raichunite Y
|detailschange|p1a: Raichu|Raichu-Mega-Y, L50, F
|-mega|p1a: Raichu|Raichu|Raichunite Y
|move|p2a: Raichu|Fake Out|p1a: Raichu
|-damage|p1a: Raichu|87/100
|cant|p1a: Raichu|flinch
|move|p2b: Vivillon|Sleep Powder|p1b: Mr. Rime
|-status|p1b: Mr. Rime|slp|[from] move: Sleep Powder
|cant|p1b: Mr. Rime|slp
|
|upkeep
|turn|2
|inactive|luckycricket0326 has 30 seconds left.
|
|t:|1785162733
|move|p2a: Raichu|Zap Cannon|p1b: Mr. Rime
|-damage|p1b: Mr. Rime|12/100 slp
|move|p1a: Raichu|Zap Cannon|p2b: Vivillon
|-supereffective|p2b: Vivillon|1
|-enditem|p2b: Vivillon|Focus Sash
|-damage|p2b: Vivillon|1/100
|-status|p2b: Vivillon|par
|cant|p1b: Mr. Rime|slp
|move|p2b: Vivillon|Sleep Powder|p1a: Raichu
|-status|p1a: Raichu|slp|[from] move: Sleep Powder
|
|upkeep
|turn|3
|
|t:|1785162754
|cant|p1a: Raichu|slp
|-curestatus|p1b: Mr. Rime|slp|[msg]
|move|p1b: Mr. Rime|Protect|p1b: Mr. Rime
|-singleturn|p1b: Mr. Rime|Protect
|move|p2a: Raichu|Focus Blast|p1a: Raichu
|-damage|p1a: Raichu|17/100 slp
|move|p2b: Vivillon|Hurricane|p1b: Mr. Rime
|-activate|p1b: Mr. Rime|move: Protect
|
|upkeep
|turn|4
|inactive|luckycricket0326 has 30 seconds left.
|inactive|Tangermon has 30 seconds left.
|
|t:|1785162790
|switch|p1b: Ceruledge|Ceruledge, L50, M|100/100
|move|p2a: Raichu|Focus Blast|p1a: Raichu
|-damage|p1a: Raichu|0 fnt
|faint|p1a: Raichu
|move|p2b: Vivillon|Hurricane|p1b: Ceruledge
|-damage|p1b: Ceruledge|62/100
|
|upkeep
|
|t:|1785162798
|switch|p1a: Sinistcha|Sinistcha, L50|100/100
|-heal|p1b: Ceruledge|87/100|[from] ability: Hospitality|[of] p1a: Sinistcha
|turn|5
|inactive|luckycricket0326 has 30 seconds left.
|
|t:|1785162828
|switch|p2a: Farigiraf|Farigiraf, L50, F|100/100
|move|p1b: Ceruledge|Bulk Up|p1b: Ceruledge
|-boost|p1b: Ceruledge|atk|1
|-boost|p1b: Ceruledge|def|1
|move|p2b: Vivillon|Sleep Powder|p1b: Ceruledge
|-status|p1b: Ceruledge|slp|[from] move: Sleep Powder
|move|p1a: Sinistcha|Trick Room|p1a: Sinistcha
|-fieldstart|move: Trick Room|[of] p1a: Sinistcha
|
|upkeep
|turn|6
|inactive|luckycricket0326 has 30 seconds left.
|
|t:|1785162857
|cant|p2b: Vivillon|par
|move|p1a: Sinistcha|Matcha Gotcha|p2a: Farigiraf|[spread] p2a
|-miss|p1a: Sinistcha|p2b: Vivillon
|-damage|p2a: Farigiraf|75/100
|cant|p1b: Ceruledge|slp
|move|p2a: Farigiraf|Trick Room|p2a: Farigiraf
|-fieldend|move: Trick Room
|
|upkeep
|turn|7
|
|t:|1785162875
|move|p2a: Farigiraf|Helping Hand|p2b: Vivillon
|-singleturn|p2b: Vivillon|Helping Hand|[of] p2a: Farigiraf
|cant|p1b: Ceruledge|slp
|move|p2b: Vivillon|Hurricane|p1a: Sinistcha
|-supereffective|p1a: Sinistcha|1
|-damage|p1a: Sinistcha|0 fnt
|faint|p1a: Sinistcha
|
|upkeep
|
|t:|1785162883
|switch|p1a: Mr. Rime|Mr. Rime, L50, M|12/100
|turn|8
|inactive|luckycricket0326 has 30 seconds left.
|
|t:|1785162910
|move|p1a: Mr. Rime|Protect|p1a: Mr. Rime
|-singleturn|p1a: Mr. Rime|Protect
|-curestatus|p1b: Ceruledge|slp|[msg]
|move|p1b: Ceruledge|Bitter Blade|p2b: Vivillon
|-supereffective|p2b: Vivillon|1
|-damage|p2b: Vivillon|0 fnt
|-heal|p1b: Ceruledge|88/100|[from] drain|[of] p2b: Vivillon
|faint|p2b: Vivillon
|move|p2a: Farigiraf|Thunderbolt|p1a: Mr. Rime
|-activate|p1a: Mr. Rime|move: Protect
|
|upkeep
|
|t:|1785162922
|switch|p2b: Raichu|Raichu-Mega-Y, L50, M|100/100
|turn|9
|
|t:|1785162936
|move|p2b: Raichu|Zap Cannon|p1b: Ceruledge
|-damage|p1b: Ceruledge|15/100
|-status|p1b: Ceruledge|par
|move|p1a: Mr. Rime|Role Play|p2b: Raichu
|-ability|p1a: Mr. Rime|No Guard|Screen Cleaner|[from] move: Role Play|[of] p2b: Raichu
|move|p2a: Farigiraf|Thunderbolt|p1a: Mr. Rime
|-damage|p1a: Mr. Rime|0 fnt
|faint|p1a: Mr. Rime
|cant|p1b: Ceruledge|par
|
|upkeep
|turn|10
|-message|Tangermon forfeited.
|
|win|luckycricket0326
|l|☆Tangermon
|player|p1|
||Tangermon is ready for game 3.
||luckycricket0326 is ready for game 3.
|uhtml|next|Next: Game 3 of 3
