|j|☆Weare17
|j|☆trompanueva
|html|Weare17trompanueva    
|uhtml|bestof|Game 3 of a best-of-3
|t:|1784203610
|gametype|doubles
|player|p1|Weare17|1|1261
|player|p2|trompanueva|tate|1328
|gen|9
|tier|[Gen 9 Champions] VGC 2026 Reg M-B (Bo3)
|rated|
|rule|Species Clause: Limit one of each Pokémon
|rule|Item Clause: Limit 1 of each item
|clearpoke
|poke|p1|Whimsicott, L50, F, shiny|
|poke|p1|Garchomp, L50, M, shiny|
|poke|p1|Charizard, L50, M, shiny|
|poke|p1|Floette-Eternal, L50, F|
|poke|p1|Basculegion, L50, M, shiny|
|poke|p1|Incineroar, L50, M, shiny|
|poke|p2|Venusaur, L50, M|
|poke|p2|Incineroar, L50, F|
|poke|p2|Garchomp, L50, F|
|poke|p2|Hydreigon, L50, M|
|poke|p2|Charizard, L50, F|
|poke|p2|Toxapex, L50, F|
|teampreview|4
|showteam|p1|Whimsicott||FocusSash|Prankster|Protect,Moonblast,Encore,Tailwind|Timid||F|||50|]Garchomp||RoseliBerry|RoughSkin|PoisonJab,Earthquake,RockTomb,DragonClaw|Jolly||M|||50|]Charizard||CharizarditeY|SolarPower|Protect,SolarBeam,WeatherBall,HeatWave|Timid||M|||50|]Floette-Eternal||Floettite|Symbiosis|Protect,DazzlingGleam,Moonblast,LightofRuin|Timid||F|||50|]Basculegion||LifeOrb|Adaptability|Protect,AquaJet,WaveCrash,LastRespects|Jolly||M|||50|]Incineroar||SitrusBerry|Intimidate|FakeOut,PartingShot,FlareBlitz,Taunt|Careful||M|||50|
|showteam|p2|Venusaur||FocusSash|Chlorophyll|SleepPowder,SludgeBomb,EarthPower,Protect|Modest||M|||50|]Incineroar||SitrusBerry|Intimidate|FakeOut,PartingShot,ThroatChop,FlareBlitz|Careful||F|||50|]Garchomp||LifeOrb|RoughSkin|DragonClaw,Earthquake,RockSlide,Protect|Jolly||F|||50|]Hydreigon||ChoiceScarf|Levitate|DracoMeteor,DarkPulse,Snarl,EarthPower|Modest||M|||50|]Charizard||CharizarditeY|Blaze|WeatherBall,HeatWave,SolarBeam,Protect|Modest||F|||50|]Toxapex||Leftovers|Regenerator|Infestation,Toxic,WideGuard,BanefulBunker|Bold||F|||50|
|inactive|Battle timer is ON: inactive players will automatically lose when time's up. (requested by trompanueva)
|
|t:|1784203642
|teamsize|p1|4
|teamsize|p2|4
|start
|switch|p1a: Garchomp|Garchomp, L50, M, shiny|100/100
|switch|p1b: Charizard|Charizard, L50, M, shiny|100/100
|switch|p2a: Hydreigon|Hydreigon, L50, M|100/100
|switch|p2b: Charizard|Charizard, L50, F|100/100
|turn|1
|
|t:|1784203655
|switch|p1a: Whimsicott|Whimsicott, L50, F, shiny|100/100
|detailschange|p1b: Charizard|Charizard-Mega-Y, L50, M, shiny
|-mega|p1b: Charizard|Charizard|Charizardite Y
|-weather|SunnyDay|[from] ability: Drought|[of] p1b: Charizard
|detailschange|p2b: Charizard|Charizard-Mega-Y, L50, F
|-mega|p2b: Charizard|Charizard|Charizardite Y
|move|p2a: Hydreigon|Draco Meteor|p1a: Whimsicott
|-immune|p1a: Whimsicott
|move|p1b: Charizard|Heat Wave|p2a: Hydreigon|[spread] p2a,p2b
|-resisted|p2a: Hydreigon|1
|-resisted|p2b: Charizard|1
|-damage|p2a: Hydreigon|66/100
|-damage|p2b: Charizard|74/100
|move|p2b: Charizard|Heat Wave|p1a: Whimsicott|[spread] p1a,p1b
|-supereffective|p1a: Whimsicott|1
|-resisted|p1b: Charizard|1
|-enditem|p1a: Whimsicott|Focus Sash
|-damage|p1a: Whimsicott|1/100
|-damage|p1b: Charizard|69/100
|
|-weather|SunnyDay|[upkeep]
|upkeep
|turn|2
|
|t:|1784203669
|switch|p2a: Toxapex|Toxapex, L50, F|100/100
|move|p1a: Whimsicott|Protect|p1a: Whimsicott
|-singleturn|p1a: Whimsicott|Protect
|move|p1b: Charizard|Heat Wave|p2b: Charizard|[spread] p2a,p2b
|-resisted|p2a: Toxapex|1
|-resisted|p2b: Charizard|1
|-damage|p2a: Toxapex|77/100
|-damage|p2b: Charizard|47/100
|move|p2b: Charizard|Weather Ball|p1b: Charizard
|-resisted|p1b: Charizard|1
|-damage|p1b: Charizard|26/100
|
|-weather|SunnyDay|[upkeep]
|-heal|p2a: Toxapex|82/100|[from] item: Leftovers
|upkeep
|turn|3
|
|t:|1784203691
|switch|p2b: Incineroar|Incineroar, L50, F|100/100
|-ability|p2b: Incineroar|Intimidate|boost
|-unboost|p1a: Whimsicott|atk|1
|-unboost|p1b: Charizard|atk|1
|move|p1b: Charizard|Protect|p1b: Charizard
|-singleturn|p1b: Charizard|Protect
|move|p1a: Whimsicott|Tailwind|p1a: Whimsicott
|-sidestart|p1: Weare17|move: Tailwind
|move|p2a: Toxapex|Infestation|p1a: Whimsicott
|-damage|p1a: Whimsicott|0 fnt
|faint|p1a: Whimsicott
|
|-weather|SunnyDay|[upkeep]
|-heal|p2a: Toxapex|88/100|[from] item: Leftovers
|upkeep
|
|t:|1784203694
|switch|p1a: Basculegion|Basculegion, L50, M, shiny|100/100
|turn|4
|
|t:|1784203706
|move|p1b: Charizard|Weather Ball|p2b: Incineroar
|-resisted|p2b: Incineroar|1
|-damage|p2b: Incineroar|67/100
|move|p1a: Basculegion|Wave Crash|p2b: Incineroar
|-supereffective|p2b: Incineroar|1
|-damage|p2b: Incineroar|0 fnt
|faint|p2b: Incineroar
|-damage|p1a: Basculegion|77/100|[from] Recoil
|-damage|p1a: Basculegion|67/100|[from] item: Life Orb
|move|p2a: Toxapex|Infestation|p1a: Basculegion
|-resisted|p1a: Basculegion|1
|-damage|p1a: Basculegion|65/100
|-activate|p1a: Basculegion|move: Infestation|[of] p2a: Toxapex
|
|-weather|SunnyDay|[upkeep]
|-heal|p2a: Toxapex|94/100|[from] item: Leftovers
|-damage|p1a: Basculegion|53/100|[from] move: Infestation|[partiallytrapped]
|upkeep
|
|t:|1784203721
|switch|p2b: Charizard|Charizard-Mega-Y, L50, F|47/100
|turn|5
|
|t:|1784203730
|move|p2b: Charizard|Protect|p2b: Charizard
|-singleturn|p2b: Charizard|Protect
|move|p1b: Charizard|Solar Beam||[still]
|-prepare|p1b: Charizard|Solar Beam
|-anim|p1b: Charizard|Solar Beam|p2a: Toxapex
|-damage|p2a: Toxapex|58/100
|move|p1a: Basculegion|Last Respects|p2a: Toxapex
|-damage|p2a: Toxapex|0 fnt
|faint|p2a: Toxapex
|-damage|p1a: Basculegion|44/100|[from] item: Life Orb
|
|-weather|none
|-end|p1a: Basculegion|Infestation|[partiallytrapped]|[silent]
|upkeep
|
|t:|1784203737
|switch|p2a: Hydreigon|Hydreigon, L50, M|66/100
|turn|6
|
|t:|1784203753
|move|p2b: Charizard|Protect|p2b: Charizard
|-singleturn|p2b: Charizard|Protect
|move|p1b: Charizard|Heat Wave|p2a: Hydreigon|[spread] p2a
|-activate|p2b: Charizard|move: Protect
|-resisted|p2a: Hydreigon|1
|-damage|p2a: Hydreigon|44/100
|move|p1a: Basculegion|Wave Crash|p2a: Hydreigon
|-resisted|p2a: Hydreigon|1
|-damage|p2a: Hydreigon|0 fnt
|faint|p2a: Hydreigon
|-damage|p1a: Basculegion|31/100|[from] Recoil
|-damage|p1a: Basculegion|21/100|[from] item: Life Orb
|
|-sideend|p1: Weare17|move: Tailwind
|upkeep
|turn|7
|-message|trompanueva forfeited.
|
|win|Weare17
|raw|Weare17's rating: 1261 → 1291(+30 for winning)
|raw|trompanueva's rating: 1328 → 1304(-24 for losing)
|l|☆trompanueva
|player|p2|
