|j|☆L9_Shrimp
|j|‽Nerrgal
|html|L9_ShrimpNerrgal    
|uhtml|bestof|Game 1 of a best-of-3
|t:|1756372939
|gametype|doubles
|player|p1|L9_Shrimp|fisherman|1123
|player|p2|Nerrgal|cynthia-masters|1214
|gen|9
|tier|[Gen 9] VGC 2025 Reg H (Bo3)
|rated|
|rule|Species Clause: Limit one of each Pokémon
|rule|Item Clause: Limit 1 of each item
|clearpoke
|poke|p1|Garchomp, L50, F|
|poke|p1|Incineroar, L50, M|
|poke|p1|Gholdengo, L50|
|poke|p1|Tyranitar, L50, M|
|poke|p1|Kilowattrel, L50, M|
|poke|p1|Amoonguss, L50, F|
|poke|p2|Ninetales-Alola, L50, M|
|poke|p2|Volcarona, L50, M|
|poke|p2|Kingambit, L50, M|
|poke|p2|Rillaboom, L50, M|
|poke|p2|Sneasler, L50, M|
|poke|p2|Dragonite, L50, M|
|teampreview|4
|showteam|p1|Garchomp||LifeOrb|RoughSkin|Earthquake,DragonClaw,StompingTantrum,Protect|||F|||50|,,,,,Fire]Incineroar||SafetyGoggles|Intimidate|Taunt,KnockOff,PartingShot,FakeOut|||M|||50|,,,,,Ghost]Gholdengo||IronPlate|GoodasGold|ShadowBall,MakeItRain,NastyPlot,Protect||||||50|,,,,,Flying]Tyranitar||AssaultVest|SandStream|RockSlide,KnockOff,LowKick,TeraBlast|||M|||50|,,,,,Flying]Kilowattrel||FocusSash|Competitive|Tailwind,Thunderbolt,AirSlash,Protect|||M|||50|,,,,,Ghost]Amoonguss||SitrusBerry|Regenerator|Spore,RagePowder,PollenPuff,Protect|||F|||50|,,,,,Water
|showteam|p2|Ninetales-Alola||NeverMeltIce|SnowWarning|FreezeDry,Blizzard,Encore,AuroraVeil|||M|||50|,,,,,Ghost]Volcarona||CovertCloak|FlameBody|QuiverDance,HeatWave,TeraBlast,RagePowder|||M|||50|,,,,,Fairy]Kingambit||SafetyGoggles|Defiant|SuckerPunch,KowtowCleave,Protect,SwordsDance|||M|||50|,,,,,Dark]Rillaboom||AssaultVest|GrassySurge|FakeOut,WoodHammer,GrassyGlide,HighHorsepower|||M|||50|,,,,,Fire]Sneasler||FocusSash|Unburden|Coaching,Protect,CloseCombat,DireClaw|||M|||50|,,,,,Stellar]Dragonite||LoadedDice|InnerFocus|Haze,ScaleShot,Protect,StompingTantrum|||M|||50|,,,,,Fairy
|
|t:|1756372991
|teamsize|p1|4
|teamsize|p2|4
|start
|switch|p1a: Kilowattrel|Kilowattrel, L50, M|100/100
|switch|p1b: Garchomp|Garchomp, L50, F|100/100
|switch|p2a: Rillaboom|Rillaboom, L50, M|100/100
|switch|p2b: Dragonite|Dragonite, L50, M|100/100
|-fieldstart|move: Grassy Terrain|[from] ability: Grassy Surge|[of] p2a: Rillaboom
|turn|1
|
|t:|1756373014
|switch|p1b: Incineroar|Incineroar, L50, M|100/100
|-ability|p1b: Incineroar|Intimidate|boost
|-unboost|p2a: Rillaboom|atk|1
|-fail|p2b: Dragonite|unboost|Attack|[from] ability: Inner Focus|[of] p2b: Dragonite
|move|p1a: Kilowattrel|Protect|p1a: Kilowattrel
|-singleturn|p1a: Kilowattrel|Protect
|move|p2a: Rillaboom|Fake Out|p1b: Incineroar
|-damage|p1b: Incineroar|91/100
|move|p2b: Dragonite|Scale Shot|p1a: Kilowattrel
|-activate|p1a: Kilowattrel|move: Protect
|
|-heal|p1b: Incineroar|97/100|[from] Grassy Terrain
|upkeep
|turn|2
|
|t:|1756373052
|switch|p2a: Ninetales|Ninetales-Alola, L50, M|100/100
|-weather|Snowscape|[from] ability: Snow Warning|[of] p2a: Ninetales
|move|p1a: Kilowattrel|Tailwind|p1a: Kilowattrel
|-sidestart|p1: L9_Shrimp|move: Tailwind
|move|p1b: Incineroar|Knock Off|p2b: Dragonite
|-damage|p2b: Dragonite|57/100
|-enditem|p2b: Dragonite|Loaded Dice|[from] move: Knock Off|[of] p1b: Incineroar
|move|p2b: Dragonite|Scale Shot|p1a: Kilowattrel
|-damage|p1a: Kilowattrel|71/100
|-damage|p1a: Kilowattrel|42/100
|-crit|p1a: Kilowattrel
|-damage|p1a: Kilowattrel|1/100
|-damage|p1a: Kilowattrel|0 fnt
|faint|p1a: Kilowattrel
|-hitcount|p1: Kilowattrel|4
|-unboost|p2b: Dragonite|def|1
|-boost|p2b: Dragonite|spe|1
|
|-weather|Snowscape|[upkeep]
|-heal|p1b: Incineroar|100/100|[from] Grassy Terrain
|upkeep
|
|t:|1756373066
|switch|p1a: Tyranitar|Tyranitar, L50, M|100/100
|-weather|Sandstorm|[from] ability: Sand Stream|[of] p1a: Tyranitar
|turn|3
|
|t:|1756373077
|switch|p2a: Rillaboom|Rillaboom, L50, M|100/100
|move|p2b: Dragonite|Protect|p2b: Dragonite
|-singleturn|p2b: Dragonite|Protect
|move|p1b: Incineroar|Parting Shot|p2a: Rillaboom
|-unboost|p2a: Rillaboom|atk|1
|-unboost|p2a: Rillaboom|spa|1
|
|t:|1756373083
|switch|p1b: Garchomp|Garchomp, L50, F|100/100|[from] Parting Shot
|move|p1a: Tyranitar|Rock Slide|p2a: Rillaboom|[spread] p2a
|-activate|p2b: Dragonite|move: Protect
|-damage|p2a: Rillaboom|72/100
|
|-weather|Sandstorm|[upkeep]
|-damage|p2b: Dragonite|50/100|[from] Sandstorm
|-damage|p2a: Rillaboom|66/100|[from] Sandstorm
|-heal|p2a: Rillaboom|72/100|[from] Grassy Terrain
|upkeep
|turn|4
|
|t:|1756373104
|switch|p1a: Incineroar|Incineroar, L50, M|100/100
|-ability|p1a: Incineroar|Intimidate|boost
|-unboost|p2a: Rillaboom|atk|1
|-fail|p2b: Dragonite|unboost|Attack|[from] ability: Inner Focus|[of] p2b: Dragonite
|-terastallize|p2b: Dragonite|Fairy
|move|p1b: Garchomp|Protect|p1b: Garchomp
|-singleturn|p1b: Garchomp|Protect
|move|p2a: Rillaboom|Fake Out|p1a: Incineroar
|-damage|p1a: Incineroar|93/100
|move|p2b: Dragonite|Scale Shot|p1b: Garchomp
|-activate|p1b: Garchomp|move: Protect
|
|-weather|Sandstorm|[upkeep]
|-damage|p2b: Dragonite|44/100|[from] Sandstorm
|-damage|p2a: Rillaboom|66/100|[from] Sandstorm
|-heal|p1a: Incineroar|99/100|[from] Grassy Terrain
|-heal|p2b: Dragonite|50/100|[from] Grassy Terrain
|-heal|p2a: Rillaboom|72/100|[from] Grassy Terrain
|upkeep
|turn|5
|
|t:|1756373130
|-terastallize|p1b: Garchomp|Fire
|move|p2b: Dragonite|Protect|p2b: Dragonite
|-singleturn|p2b: Dragonite|Protect
|move|p1b: Garchomp|Stomping Tantrum|p2b: Dragonite
|-activate|p2b: Dragonite|move: Protect
|move|p1a: Incineroar|Knock Off|p2a: Rillaboom
|-damage|p2a: Rillaboom|35/100
|-enditem|p2a: Rillaboom|Assault Vest|[from] move: Knock Off|[of] p1a: Incineroar
|move|p2a: Rillaboom|Wood Hammer|p1b: Garchomp
|-resisted|p1b: Garchomp
|-damage|p1b: Garchomp|80/100
|-damage|p2a: Rillaboom|23/100|[from] ability: Rough Skin|[of] p1b: Garchomp
|-damage|p2a: Rillaboom|17/100|[from] Recoil
|
|-weather|Sandstorm|[upkeep]
|-damage|p1b: Garchomp|74/100|[from] Sandstorm
|-damage|p2b: Dragonite|44/100|[from] Sandstorm
|-damage|p2a: Rillaboom|11/100|[from] Sandstorm
|-heal|p1b: Garchomp|80/100|[from] Grassy Terrain
|-heal|p1a: Incineroar|100/100|[from] Grassy Terrain
|-heal|p2b: Dragonite|50/100|[from] Grassy Terrain
|-heal|p2a: Rillaboom|17/100|[from] Grassy Terrain
|-sideend|p1: L9_Shrimp|move: Tailwind
|-fieldend|move: Grassy Terrain
|upkeep
|turn|6
|
|t:|1756373162
|switch|p2a: Ninetales|Ninetales-Alola, L50, M|100/100
|-weather|Snowscape|[from] ability: Snow Warning|[of] p2a: Ninetales
|move|p2b: Dragonite|Scale Shot|p1b: Garchomp
|-damage|p1b: Garchomp|64/100
|-damage|p1b: Garchomp|49/100
|-damage|p1b: Garchomp|33/100
|-damage|p1b: Garchomp|17/100
|-hitcount|p1b: Garchomp|4
|-unboost|p2b: Dragonite|def|1
|-boost|p2b: Dragonite|spe|1
|move|p1b: Garchomp|Stomping Tantrum|p2a: Ninetales
|-damage|p2a: Ninetales|59/100
|-damage|p1b: Garchomp|8/100|[from] item: Life Orb
|move|p1a: Incineroar|Knock Off|p2b: Dragonite
|-resisted|p2b: Dragonite
|-damage|p2b: Dragonite|24/100
|
|-weather|Snowscape|[upkeep]
|upkeep
|turn|7
|
|t:|1756373195
|switch|p2a: Rillaboom|Rillaboom, L50, M|17/100
|-fieldstart|move: Grassy Terrain|[from] ability: Grassy Surge|[of] p2a: Rillaboom
|switch|p1b: Tyranitar|Tyranitar, L50, M|100/100
|-weather|Sandstorm|[from] ability: Sand Stream|[of] p1b: Tyranitar
|move|p2b: Dragonite|Protect|p2b: Dragonite
|-singleturn|p2b: Dragonite|Protect
|move|p1a: Incineroar|Parting Shot|p2a: Rillaboom
|-unboost|p2a: Rillaboom|atk|1
|-unboost|p2a: Rillaboom|spa|1
|
|t:|1756373205
|switch|p1a: Garchomp|Garchomp, L50, F, tera:Fire|8/100|[from] Parting Shot
|
|-weather|Sandstorm|[upkeep]
|-damage|p2b: Dragonite|18/100|[from] Sandstorm
|-damage|p1a: Garchomp|2/100|[from] Sandstorm
|-damage|p2a: Rillaboom|11/100|[from] Sandstorm
|-heal|p2b: Dragonite|24/100|[from] Grassy Terrain
|-heal|p1a: Garchomp|8/100|[from] Grassy Terrain
|-heal|p2a: Rillaboom|17/100|[from] Grassy Terrain
|upkeep
|turn|8
|
|t:|1756373242
|switch|p2a: Kingambit|Kingambit, L50, M|100/100
|move|p2b: Dragonite|Stomping Tantrum|p1a: Garchomp
|-supereffective|p1a: Garchomp
|-damage|p1a: Garchomp|0 fnt
|-damage|p2b: Dragonite|12/100|[from] ability: Rough Skin|[of] p1a: Garchomp
|faint|p1a: Garchomp
|move|p1b: Tyranitar|Rock Slide|p2a: Kingambit|[spread] p2a,p2b
|-resisted|p2a: Kingambit
|-damage|p2a: Kingambit|90/100
|-damage|p2b: Dragonite|0 fnt
|faint|p2b: Dragonite
|
|-weather|Sandstorm|[upkeep]
|-heal|p2a: Kingambit|96/100|[from] Grassy Terrain
|upkeep
|
|t:|1756373258
|switch|p1a: Incineroar|Incineroar, L50, M|100/100
|switch|p2b: Rillaboom|Rillaboom, L50, M|17/100
|-ability|p1a: Incineroar|Intimidate|boost
|-unboost|p2a: Kingambit|atk|1
|-ability|p2a: Kingambit|Defiant|boost
|-boost|p2a: Kingambit|atk|2
|-unboost|p2b: Rillaboom|atk|1
|turn|9
|
|t:|1756373293
|move|p2b: Rillaboom|Fake Out|p1b: Tyranitar
|-resisted|p1b: Tyranitar
|-damage|p1b: Tyranitar|96/100
|move|p1a: Incineroar|Taunt|p2a: Kingambit
|-start|p2a: Kingambit|move: Taunt
|cant|p1b: Tyranitar|flinch
|move|p2a: Kingambit|Kowtow Cleave|p1b: Tyranitar
|-resisted|p1b: Tyranitar
|-damage|p1b: Tyranitar|65/100
|
|-weather|Sandstorm|[upkeep]
|-damage|p2b: Rillaboom|11/100|[from] Sandstorm
|-heal|p2b: Rillaboom|17/100|[from] Grassy Terrain
|-heal|p1b: Tyranitar|71/100|[from] Grassy Terrain
|-heal|p2a: Kingambit|100/100|[from] Grassy Terrain
|upkeep
|turn|10
|
|t:|1756373310
|move|p2b: Rillaboom|Wood Hammer|p1b: Tyranitar
|-supereffective|p1b: Tyranitar
|-damage|p1b: Tyranitar|0 fnt
|faint|p1b: Tyranitar
|-damage|p2b: Rillaboom|0 fnt|[from] Recoil
|faint|p2b: Rillaboom
|move|p1a: Incineroar|Knock Off|p2a: Kingambit
|-resisted|p2a: Kingambit
|-damage|p2a: Kingambit|87/100
|-enditem|p2a: Kingambit|Safety Goggles|[from] move: Knock Off|[of] p1a: Incineroar
|move|p2a: Kingambit|Kowtow Cleave|p1a: Incineroar
|-resisted|p1a: Incineroar
|-damage|p1a: Incineroar|67/100
|
|-weather|Sandstorm|[upkeep]
|-heal|p1a: Incineroar|73/100|[from] Grassy Terrain
|-heal|p2a: Kingambit|93/100|[from] Grassy Terrain
|upkeep
|-message|L9_Shrimp forfeited.
|
|win|Nerrgal
||L9_Shrimp is ready for game 2.
