|j|☆TheFoxGamer15
|j|☆Derpius3
|html|TheFoxGamer15Derpius3    
|uhtml|bestof|Game 1 of a best-of-3
|t:|1782668723
|gametype|doubles
|player|p1|TheFoxGamer15|ethan|
|player|p2|Derpius3|brycenman|
|gen|9
|tier|[Gen 9 Champions] VGC 2026 Reg M-B (Bo3)
|rule|Species Clause: Limit one of each Pokémon
|rule|Item Clause: Limit 1 of each item
|clearpoke
|poke|p1|Aerodactyl, L50, M|
|poke|p1|Garchomp, L50, M|
|poke|p1|Sneasler, L50, F|
|poke|p1|Kingambit, L50, M|
|poke|p1|Charizard, L50, M|
|poke|p1|Venusaur, L50, F, shiny|
|poke|p2|Basculegion, L50, M|
|poke|p2|Archaludon, L50, M|
|poke|p2|Dragonite, L50, M|
|poke|p2|Pelipper, L50, F|
|poke|p2|Incineroar, L50, M|
|poke|p2|Scizor, L50, F|
|teampreview|4
|showteam|p1|Aerodactyl||Aerodactylite|Pressure|RockSlide,Tailwind,AerialAce,Crunch|Adamant||M|||50|]Garchomp||ChoiceScarf|RoughSkin|DragonClaw,Earthquake,RockSlide,PoisonJab|Adamant||M|||50|]Sneasler||WhiteHerb|Unburden|Protect,FakeOut,DireClaw,CloseCombat|Adamant||F|||50|]Kingambit||BlackGlasses|Defiant|KowtowCleave,SuckerPunch,IronHead,LowKick|Brave||M|||50|]Charizard||CharizarditeY|SolarPower|Protect,HeatWave,SolarBeam,WeatherBall|Timid||M|||50|]Venusaur||FocusSash|Chlorophyll|SolarBeam,Protect,SludgeBomb,SleepPowder|Timid||F|||50|
|showteam|p2|Basculegion||ChoiceScarf|Adaptability|AquaJet,LastRespects,WaveCrash,FlipTurn|Jolly||M|||50|]Archaludon||ChopleBerry|Stamina|ElectroShot,FlashCannon,AuraSphere,Protect|Timid||M|||50|]Dragonite||Dragoninite|Multiscale|DracoMeteor,Hurricane,WeatherBall,Protect|Modest||M|||50|]Pelipper||SitrusBerry|Drizzle|WideGuard,WeatherBall,Hurricane,Tailwind|Modest||F|||50|]Incineroar||ShucaBerry|Intimidate|FakeOut,FlareBlitz,PartingShot,DarkestLariat|Adamant||M|||50|]Scizor||Scizorite|Technician|SwordsDance,Protect,BulletPunch,CloseCombat|Adamant||F|||50|
|c|☆Derpius3|suerte
|c|☆TheFoxGamer15|Suerte bro
|
|t:|1782668783
|teamsize|p1|4
|teamsize|p2|4
|start
|switch|p1a: Aerodactyl|Aerodactyl, L50, M|100/100
|switch|p1b: Sneasler|Sneasler, L50, F|100/100
|switch|p2a: Basculegion|Basculegion, L50, M|100/100
|switch|p2b: Dragonite|Dragonite, L50, M|100/100
|-ability|p1a: Aerodactyl|Pressure
|turn|1
|
|t:|1782668810
|detailschange|p2b: Dragonite|Dragonite-Mega, L50, M
|-mega|p2b: Dragonite|Dragonite|Dragoninite
|move|p2b: Dragonite|Protect|p2b: Dragonite
|-singleturn|p2b: Dragonite|Protect
|move|p2a: Basculegion|Wave Crash|p1a: Aerodactyl
|-supereffective|p1a: Aerodactyl|1
|-damage|p1a: Aerodactyl|0 fnt
|faint|p1a: Aerodactyl
|-damage|p2a: Basculegion|73/100|[from] Recoil
|move|p1b: Sneasler|Dire Claw|p2a: Basculegion
|-resisted|p2a: Basculegion|1
|-damage|p2a: Basculegion|43/100
|
|upkeep
|
|t:|1782668830
|switch|p1a: Kingambit|Kingambit, L50, M|100/100
|turn|2
|
|t:|1782668851
|switch|p2a: Pelipper|Pelipper, L50, F|100/100
|-weather|RainDance|[from] ability: Drizzle|[of] p2a: Pelipper
|move|p1b: Sneasler|Protect|p1b: Sneasler
|-singleturn|p1b: Sneasler|Protect
|move|p2b: Dragonite|Hurricane|p1b: Sneasler
|-activate|p1b: Sneasler|move: Protect
|move|p1a: Kingambit|Kowtow Cleave|p2b: Dragonite
|-damage|p2b: Dragonite|76/100
|
|-weather|RainDance|[upkeep]
|upkeep
|turn|3
|
|t:|1782668891
|move|p1b: Sneasler|Dire Claw|p2a: Pelipper
|-damage|p2a: Pelipper|49/100
|-enditem|p2a: Pelipper|Sitrus Berry|[eat]
|-heal|p2a: Pelipper|74/100|[from] item: Sitrus Berry
|move|p2b: Dragonite|Hurricane|p1a: Kingambit
|-resisted|p1a: Kingambit|1
|-damage|p1a: Kingambit|64/100
|-start|p1a: Kingambit|confusion
|move|p2a: Pelipper|Hurricane|p1b: Sneasler
|-supereffective|p1b: Sneasler|1
|-damage|p1b: Sneasler|0 fnt
|faint|p1b: Sneasler
|-activate|p1a: Kingambit|confusion
|move|p1a: Kingambit|Kowtow Cleave|p2b: Dragonite
|-damage|p2b: Dragonite|28/100
|
|-weather|RainDance|[upkeep]
|upkeep
|
|t:|1782668909
|switch|p1b: Charizard|Charizard, L50, M|100/100
|turn|4
|
|t:|1782668933
|switch|p2a: Basculegion|Basculegion, L50, M|43/100
|detailschange|p1b: Charizard|Charizard-Mega-Y, L50, M
|-mega|p1b: Charizard|Charizard|Charizardite Y
|-weather|SunnyDay|[from] ability: Drought|[of] p1b: Charizard
|-activate|p1a: Kingambit|confusion
|move|p1a: Kingambit|Sucker Punch|p2b: Dragonite
|-damage|p2b: Dragonite|0 fnt
|faint|p2b: Dragonite
|move|p1b: Charizard|Solar Beam||[still]
|-prepare|p1b: Charizard|Solar Beam
|-anim|p1b: Charizard|Solar Beam|p2a: Basculegion
|-supereffective|p2a: Basculegion|1
|-damage|p2a: Basculegion|0 fnt
|faint|p2a: Basculegion
|
|-weather|SunnyDay|[upkeep]
|upkeep
|
|t:|1782668941
|switch|p2a: Archaludon|Archaludon, L50, M|100/100
|switch|p2b: Pelipper|Pelipper, L50, F|74/100
|-weather|RainDance|[from] ability: Drizzle|[of] p2b: Pelipper
|turn|5
|
|t:|1782668957
|move|p1b: Charizard|Protect|p1b: Charizard
|-singleturn|p1b: Charizard|Protect
|move|p2a: Archaludon|Aura Sphere|p1a: Kingambit
|-supereffective|p1a: Kingambit|2
|-damage|p1a: Kingambit|0 fnt
|faint|p1a: Kingambit
|move|p2b: Pelipper|Tailwind|p2b: Pelipper
|-sidestart|p2: Derpius3|move: Tailwind
|
|-weather|RainDance|[upkeep]
|upkeep
|turn|6
|
|t:|1782668975
|move|p2a: Archaludon|Electro Shot||[still]
|-prepare|p2a: Archaludon|Electro Shot
|-boost|p2a: Archaludon|spa|1
|-anim|p2a: Archaludon|Electro Shot|p1b: Charizard
|-supereffective|p1b: Charizard|1
|-damage|p1b: Charizard|0 fnt
|faint|p1b: Charizard
|
|win|Derpius3
||Derpius3 is ready for game 2.
|inactive|TheFoxGamer15 has 30 seconds to confirm battle start!
