|j|☆tin19
|j|☆DilluVGC
|html|tin19DilluVGC    
|uhtml|bestof|Game 2 of a best-of-3
|t:|1784053094
|gametype|doubles
|player|p1|tin19|colress|1148
|player|p2|DilluVGC|byron|1175
|gen|9
|tier|[Gen 9 Champions] VGC 2026 Reg M-B (Bo3)
|rated|
|rule|Species Clause: Limit one of each Pokémon
|rule|Item Clause: Limit 1 of each item
|clearpoke
|poke|p1|Archaludon, L50, M, shiny|
|poke|p1|Staraptor, L50, F, shiny|
|poke|p1|Swampert, L50, F, shiny|
|poke|p1|Meowscarada, L50, M, shiny|
|poke|p1|Farigiraf, L50, F, shiny|
|poke|p1|Floette-Eternal, L50, F|
|poke|p2|Delphox, L50, M|
|poke|p2|Sneasler, L50, F|
|poke|p2|Incineroar, L50, F|
|poke|p2|Sinistcha, L50|
|poke|p2|Blastoise, L50, F|
|poke|p2|Kingambit, L50, M, shiny|
|teampreview|4
|showteam|p1|Archaludon||LifeOrb|Stalwart|DracoMeteor,FlashCannon,ElectroShot,Protect|Modest||M|||50|]Staraptor||Staraptite|Intimidate|CloseCombat,DualWingbeat,Tailwind,Protect|Jolly||F|||50|]Swampert||Swampertite|Damp|HighHorsepower,WaveCrash,IcePunch,Protect|Adamant||F|||50|]Meowscarada||ChoiceScarf|Protean|FlowerTrick,KnockOff,TripleAxel,Uturn|Adamant||M|||50|]Farigiraf||SitrusBerry|ArmorTail|PsychicNoise,HelpingHand,Roar,TrickRoom|Bold||F|||50|]Floette-Eternal||FocusSash|FlowerVeil|LightofRuin,Moonblast,PollenPuff,Protect|Serious||F|||50|
|showteam|p2|Delphox||Delphoxite|Blaze|HeatWave,Psyshock,NastyPlot,Protect|Timid||M|||50|]Sneasler||FocusSash|PoisonTouch|QuickGuard,FakeOut,PoisonJab,CloseCombat|Jolly||F|||50|]Incineroar||SitrusBerry|Intimidate|FakeOut,PartingShot,HelpingHand,FlareBlitz|Impish||F|||50|]Sinistcha||OccaBerry|Hospitality|MatchaGotcha,RagePowder,TrickRoom,Protect|Bold|||||50|]Blastoise||Blastoisinite|RainDish|WaterSpout,DarkPulse,ShellSmash,Protect|Modest||F|||50|]Kingambit||BlackGlasses|Defiant|Protect,SwordsDance,KowtowCleave,SuckerPunch|Adamant||M|||50|
|
|t:|1784053134
|teamsize|p1|4
|teamsize|p2|4
|start
|switch|p1a: Meowscarada|Meowscarada, L50, M, shiny|100/100
|switch|p1b: Farigiraf|Farigiraf, L50, F, shiny|100/100
|switch|p2a: The Hangman|Kingambit, L50, M, shiny|100/100
|switch|p2b: Maj. Warren|Sneasler, L50, F|100/100
|turn|1
|inactive|Battle timer is ON: inactive players will automatically lose when time's up. (requested by tin19)
|
|t:|1784053158
|switch|p1b: Floette|Floette-Eternal, L50, F|100/100
|move|p2a: The Hangman|Sucker Punch|p1a: Meowscarada
|-resisted|p1a: Meowscarada|1
|-damage|p1a: Meowscarada|58/100
|move|p1a: Meowscarada|Triple Axel|p2b: Maj. Warren
|-start|p1a: Meowscarada|typechange|Ice|[from] ability: Protean
|-damage|p2b: Maj. Warren|82/100
|-damage|p2b: Maj. Warren|49/100
|-damage|p2b: Maj. Warren|0 fnt
|faint|p2b: Maj. Warren
|-hitcount|p2: Maj. Warren|3
|
|upkeep
|
|t:|1784053172
|switch|p2b: Chris Mannix|Incineroar, L50, F|100/100
|-ability|p2b: Chris Mannix|Intimidate|boost
|-unboost|p1a: Meowscarada|atk|1
|-unboost|p1b: Floette|atk|1
|turn|2
|
|t:|1784053182
|switch|p1a: Farigiraf|Farigiraf, L50, F, shiny|100/100
|move|p1b: Floette|Protect|p1b: Floette
|-singleturn|p1b: Floette|Protect
|move|p2b: Chris Mannix|Flare Blitz|p1a: Farigiraf
|-damage|p1a: Farigiraf|64/100
|-damage|p2b: Chris Mannix|87/100|[from] Recoil
|move|p2a: The Hangman|Swords Dance|p2a: The Hangman
|-boost|p2a: The Hangman|atk|2
|
|upkeep
|turn|3
|
|t:|1784053204
|move|p1a: Farigiraf|Helping Hand|p1b: Floette
|-singleturn|p1b: Floette|Helping Hand|[of] p1a: Farigiraf
|move|p1b: Floette|Light of Ruin|p2a: The Hangman
|-damage|p2a: The Hangman|0 fnt
|faint|p2a: The Hangman
|-damage|p1b: Floette|31/100|[from] Recoil
|move|p2b: Chris Mannix|Parting Shot|p1a: Farigiraf
|-unboost|p1a: Farigiraf|atk|1
|-unboost|p1a: Farigiraf|spa|1
|
|t:|1784053214
|switch|p2b: Domergue|Delphox, L50, M|100/100|[from] Parting Shot
|
|upkeep
|
|t:|1784053217
|switch|p2a: Chris Mannix|Incineroar, L50, F|87/100
|-ability|p2a: Chris Mannix|Intimidate|boost
|-unboost|p1a: Farigiraf|atk|1
|-unboost|p1b: Floette|atk|1
|turn|4
|
|t:|1784053241
|detailschange|p2b: Domergue|Delphox-Mega, L50, M
|-mega|p2b: Domergue|Delphox|Delphoxite
|move|p2a: Chris Mannix|Helping Hand|p2b: Domergue
|-singleturn|p2b: Domergue|Helping Hand|[of] p2a: Chris Mannix
|move|p1b: Floette|Protect|p1b: Floette
|-singleturn|p1b: Floette|Protect
|move|p2b: Domergue|Heat Wave|p1a: Farigiraf|[spread] p1a
|-activate|p1b: Floette|move: Protect
|-damage|p1a: Farigiraf|14/100
|-enditem|p1a: Farigiraf|Sitrus Berry|[eat]
|-heal|p1a: Farigiraf|39/100|[from] item: Sitrus Berry
|move|p1a: Farigiraf|Psychic Noise|p2b: Domergue
|-resisted|p2b: Domergue|1
|-damage|p2b: Domergue|91/100
|-start|p2b: Domergue|move: Heal Block
|
|upkeep
|turn|5
|
|t:|1784053263
|move|p1a: Farigiraf|Helping Hand|p1b: Floette
|-singleturn|p1b: Floette|Helping Hand|[of] p1a: Farigiraf
|move|p2a: Chris Mannix|Helping Hand|p2b: Domergue
|-singleturn|p2b: Domergue|Helping Hand|[of] p2a: Chris Mannix
|move|p2b: Domergue|Heat Wave|p1b: Floette|[spread] p1a,p1b
|-damage|p1a: Farigiraf|0 fnt
|-damage|p1b: Floette|0 fnt
|faint|p1a: Farigiraf
|faint|p1b: Floette
|
|-end|p2b: Domergue|move: Heal Block
|upkeep
|
|t:|1784053277
|switch|p1b: Meowscarada|Meowscarada, L50, M, shiny|58/100
|switch|p1a: Staraptor|Staraptor, L50, F, shiny|100/100
|-ability|p1a: Staraptor|Intimidate|boost
|-unboost|p2a: Chris Mannix|atk|1
|-unboost|p2b: Domergue|atk|1
|turn|6
|
|t:|1784053295
|detailschange|p1a: Staraptor|Staraptor-Mega, L50, F, shiny
|-mega|p1a: Staraptor|Staraptor|Staraptite
|move|p1b: Meowscarada|Knock Off|p2b: Domergue
|-start|p1b: Meowscarada|typechange|Dark|[from] ability: Protean
|-supereffective|p2b: Domergue|1
|-damage|p2b: Domergue|5/100
|move|p2b: Domergue|Heat Wave|p1b: Meowscarada|[spread] p1a,p1b
|-damage|p1a: Staraptor|53/100
|-damage|p1b: Meowscarada|0 fnt
|faint|p1b: Meowscarada
|move|p1a: Staraptor|Close Combat|p2a: Chris Mannix
|-supereffective|p2a: Chris Mannix|1
|-damage|p2a: Chris Mannix|0 fnt
|-boost|p1a: Staraptor|def|1
|-boost|p1a: Staraptor|spd|1
|faint|p2a: Chris Mannix
|
|upkeep
|turn|7
|
|t:|1784053314
|move|p2b: Domergue|Psyshock|p1a: Staraptor
|-supereffective|p1a: Staraptor|1
|-damage|p1a: Staraptor|0 fnt
|faint|p1a: Staraptor
|
|win|DilluVGC
|raw|tin19's rating: 1148 → 1125(-23 for losing)
|raw|DilluVGC's rating: 1175 → 1198(+23 for winning)
