|j|☆skipply
|j|☆bosspark1737376
|html|skipplybosspark1737376    
|uhtml|bestof|Game 3 of a best-of-3
|t:|1756688794
|gametype|doubles
|player|p1|skipply|266|1061
|player|p2|bosspark1737376|swimmerf|1033
|gen|9
|tier|[Gen 9] VGC 2025 Reg H (Bo3)
|rated|
|rule|Species Clause: Limit one of each Pokémon
|rule|Item Clause: Limit 1 of each item
|clearpoke
|poke|p1|Typhlosion-Hisui, L50, F|
|poke|p1|Arcanine-Hisui, L50, F|
|poke|p1|Incineroar, L50, F|
|poke|p1|Volcarona, L50, F|
|poke|p1|Torkoal, L50, M|
|poke|p1|Talonflame, L50, M|
|poke|p2|Baxcalibur, L50, F|
|poke|p2|Amoonguss, L50, F|
|poke|p2|Incineroar, L50, F|
|poke|p2|Pelipper, L50, F|
|poke|p2|Basculegion, L50, M|
|teampreview|4
|showteam|p1|Typhlosion-Hisui||ChoiceSpecs|Blaze|Eruption,HeatWave,Overheat,SleepTalk|||F|||50|,,,,,Fire]Arcanine-Hisui||ChoiceBand|Intimidate|FlareBlitz,RockSlide,ExtremeSpeed,HelpingHand|||F|||50|,,,,,Water]Incineroar||SafetyGoggles|Intimidate|FlareBlitz,FakeOut,KnockOff,PartingShot|||F|||50|,,,,,Ghost]Volcarona||Leftovers|FlameBody|FieryDance,GigaDrain,QuiverDance,Protect|||F|||50|,,,,,Grass]Torkoal||EjectPack|Drought|Eruption,HeatWave,Overheat,Protect|||M|||50|,,,,,Fire]Talonflame||CovertCloak|GaleWings|BraveBird,Tailwind,FlareBlitz,Protect|||M|||50|,,,,,Ghost
|showteam|p2|Baxcalibur||ClearAmulet|ThermalExchange|GlaiveRush,IceShard,IcicleCrash,Protect|||F|||50|,,,,,Poison]Amoonguss||RockyHelmet|Regenerator|Spore,RagePowder,PollenPuff,SludgeBomb|||F|||50|,,,,,Water]Incineroar||SafetyGoggles|Intimidate|KnockOff,FlareBlitz,PartingShot,FakeOut|||F|||50|,,,,,Grass]Pelipper||FocusSash|Drizzle|Hurricane,WeatherBall,Tailwind,Protect|||F|||50|,,,,,Stellar]Basculegion||LifeOrb|SwiftSwim|LastRespects,WaveCrash,AquaJet,Protect|||M|||50|,,,,,Ghost
|inactive|Battle timer is ON: inactive players will automatically lose when time's up. (requested by bosspark1737376)
|
|t:|1756688807
|teamsize|p1|4
|teamsize|p2|4
|start
|switch|p1a: Arcanine|Arcanine-Hisui, L50, F|100/100
|switch|p1b: Incineroar|Incineroar, L50, F|100/100
|switch|p2a: Pelipper|Pelipper, L50, F|100/100
|switch|p2b: Basculegion|Basculegion, L50, M|100/100
|-ability|p1a: Arcanine|Intimidate|boost
|-unboost|p2a: Pelipper|atk|1
|-unboost|p2b: Basculegion|atk|1
|-weather|RainDance|[from] ability: Drizzle|[of] p2a: Pelipper
|-ability|p1b: Incineroar|Intimidate|boost
|-unboost|p2a: Pelipper|atk|1
|-unboost|p2b: Basculegion|atk|1
|turn|1
|
|t:|1756688824
|switch|p2b: Venter|Amoonguss, L50, F|100/100
|switch|p1b: Torkoal|Torkoal, L50, M|100/100
|-weather|SunnyDay|[from] ability: Drought|[of] p1b: Torkoal
|-terastallize|p1a: Arcanine|Water
|move|p2a: Pelipper|Protect|p2a: Pelipper
|-singleturn|p2a: Pelipper|Protect
|move|p1a: Arcanine|Rock Slide|p2b: Venter|[spread] p2b
|-activate|p2a: Pelipper|move: Protect
|-damage|p2b: Venter|68/100
|
|-weather|SunnyDay|[upkeep]
|upkeep
|turn|2
|inactive|bosspark1737376 has 30 seconds left.
|
|t:|1756688854
|switch|p2a: Heal|Incineroar, L50, F|100/100
|-ability|p2a: Heal|Intimidate|boost
|-unboost|p1a: Arcanine|atk|1
|-unboost|p1b: Torkoal|atk|1
|-enditem|p1b: Torkoal|Eject Pack
|
|t:|1756688863
|switch|p1b: Incineroar|Incineroar, L50, F|100/100
|-ability|p1b: Incineroar|Intimidate|boost
|-unboost|p2a: Heal|atk|1
|-unboost|p2b: Venter|atk|1
|move|p1a: Arcanine|Rock Slide|p2b: Venter|[spread] p2a,p2b
|-supereffective|p2a: Heal
|-damage|p2a: Heal|49/100
|-damage|p2b: Venter|42/100
|cant|p2b: Venter|flinch
|
|-weather|SunnyDay|[upkeep]
|upkeep
|turn|3
|c|☆skipply|Ruh roh
|inactive|bosspark1737376 has 30 seconds left.
|
|t:|1756688889
|-terastallize|p2b: Venter|Water
|move|p2a: Heal|Fake Out|p1a: Arcanine
|-damage|p1a: Arcanine|92/100
|move|p1b: Incineroar|Fake Out|p2b: Venter
|-damage|p2b: Venter|33/100
|-damage|p1b: Incineroar|84/100|[from] item: Rocky Helmet|[of] p2b: Venter
|cant|p1a: Arcanine|flinch
|cant|p2b: Venter|flinch
|
|-weather|SunnyDay|[upkeep]
|upkeep
|turn|4
|
|t:|1756688906
|switch|p2b: Pelipper|Pelipper, L50, F|100/100
|-weather|RainDance|[from] ability: Drizzle|[of] p2b: Pelipper
|move|p1a: Arcanine|Rock Slide|p2a: Heal|[spread] p2a,p2b
|-supereffective|p2a: Heal
|-supereffective|p2b: Pelipper
|-damage|p2a: Heal|0 fnt
|-damage|p2b: Pelipper|25/100
|faint|p2a: Heal
|move|p1b: Incineroar|Knock Off|p2b: Pelipper
|-damage|p2b: Pelipper|0 fnt
|-enditem|p2b: Pelipper|Focus Sash|[from] move: Knock Off|[of] p1b: Incineroar
|faint|p2b: Pelipper
|
|-weather|RainDance|[upkeep]
|upkeep
|
|t:|1756688919
|switch|p2b: Basculegion|Basculegion, L50, M|100/100
|switch|p2a: Venter|Amoonguss, L50, F, tera:Water|66/100
|turn|5
|c|☆skipply|gg
|
|t:|1756688927
|switch|p1b: Torkoal|Torkoal, L50, M|100/100
|-weather|SunnyDay|[from] ability: Drought|[of] p1b: Torkoal
|move|p2a: Venter|Rage Powder|p2a: Venter
|-singleturn|p2a: Venter|move: Rage Powder
|move|p1a: Arcanine|Rock Slide|p2b: Basculegion|[spread] p2a,p2b
|-damage|p2a: Venter|43/100
|-damage|p2b: Basculegion|67/100
|move|p2b: Basculegion|Last Respects|p1a: Arcanine
|-damage|p1a: Arcanine|0 fnt
|faint|p1a: Arcanine
|-damage|p2b: Basculegion|58/100|[from] item: Life Orb
|
|-weather|SunnyDay|[upkeep]
|upkeep
|
|t:|1756688939
|switch|p1a: Typhlosion|Typhlosion-Hisui, L50, F|100/100
|turn|6
|inactive|skipply has 30 seconds left.
|inactive|skipply has 20 seconds left.
|inactive|skipply has 15 seconds left.
|
|t:|1756688980
|switch|p1b: Incineroar|Incineroar, L50, F|84/100
|-ability|p1b: Incineroar|Intimidate|boost
|-unboost|p2a: Venter|atk|1
|-unboost|p2b: Basculegion|atk|1
|move|p1a: Typhlosion|Heat Wave|p2a: Venter|[spread] p2a,p2b
|-resisted|p2a: Venter
|-resisted|p2b: Basculegion
|-damage|p2a: Venter|8/100
|-damage|p2b: Basculegion|8/100
|-status|p2a: Venter|brn
|-status|p2b: Basculegion|brn
|move|p2b: Basculegion|Last Respects|p1a: Typhlosion
|-supereffective|p1a: Typhlosion
|-crit|p1a: Typhlosion
|-damage|p1a: Typhlosion|0 fnt
|faint|p1a: Typhlosion
|-damage|p2b: Basculegion|0 fnt|[from] item: Life Orb
|faint|p2b: Basculegion
|move|p2a: Venter|Pollen Puff|p2: Basculegion|[notarget]
|-fail|p2a: Venter
|
|-weather|SunnyDay|[upkeep]
|-damage|p2a: Venter|2/100 brn|[from] brn
|upkeep
|
|t:|1756688993
|switch|p1a: Torkoal|Torkoal, L50, M|100/100
|turn|7
|c|☆skipply|I’ve never laughed so hard in my life
|c|☆skipply|Well rng loved me in this game
|inactive|skipply has 30 seconds left.
|c|☆bosspark1737376|gg no ree
|
|t:|1756689026
|move|p1b: Incineroar|Parting Shot|p2a: Venter
|-unboost|p2a: Venter|atk|1
|-unboost|p2a: Venter|spa|1
|move|p2a: Venter|Sludge Bomb|p1b: Incineroar
|-damage|p1b: Incineroar|67/100
|move|p1a: Torkoal|Eruption|p2a: Venter
|-resisted|p2a: Venter
|-damage|p2a: Venter|0 fnt
|faint|p2a: Venter
|
|win|skipply
|raw|skipply's rating: 1061 → 1089(+28 for winning)
|raw|bosspark1737376's rating: 1033 → 1019(-14 for losing)
|l|☆bosspark1737376
|player|p2|
