|j|☆lindseyyy
|j|☆TenkiBD
|html|lindseyyyTenkiBD    
|uhtml|bestof|Game 3 of a best-of-3
|t:|1785008896
|gametype|doubles
|player|p1|lindseyyy|1|1177
|player|p2|TenkiBD|lucas|1130
|gen|9
|tier|[Gen 9 Champions] VGC 2026 Reg M-B (Bo3)
|rated|
|rule|Species Clause: Limit one of each Pokémon
|rule|Item Clause: Limit 1 of each item
|clearpoke
|poke|p1|Rotom-Wash, L50|
|poke|p1|Ninetales-Alola, L50, M|
|poke|p1|Kingambit, L50, M|
|poke|p1|Sneasler, L50, M|
|poke|p1|Tsareena, L50, F|
|poke|p1|Aerodactyl, L50, M|
|poke|p2|Charizard, L50, M|
|poke|p2|Floette-Eternal, L50, F|
|poke|p2|Garchomp, L50, M|
|poke|p2|Whimsicott, L50, F|
|poke|p2|Basculegion, L50, M|
|poke|p2|Kingambit, L50, M|
|teampreview|4
|showteam|p1|Rotom-Wash||Magnet|Levitate|WillOWisp,HydroPump,Thunderbolt,Protect|Modest|||||50|]Ninetales-Alola||NeverMeltIce|SnowWarning|Howl,Blizzard,IcyWind,Protect|Timid||M|||50|]Kingambit||BlackGlasses|Defiant|Protect,KowtowCleave,SuckerPunch,SwordsDance|Adamant||M|||50|]Sneasler||WhiteHerb|Unburden|CloseCombat,DireClaw,RockTomb,FakeOut|Adamant||M|||50|]Tsareena||ChoiceScarf|QueenlyMajesty|TropKick,TripleAxel,LowKick,KnockOff|Jolly||F|||50|]Aerodactyl||Aerodactylite|Unnerve|Protect,RockSlide,Tailwind,DualWingbeat|Jolly||M|||50|
|showteam|p2|Charizard||CharizarditeY|Blaze|HeatWave,SolarBeam,WeatherBall,Protect|Modest||M|||50|]Floette-Eternal||Floettite|FlowerVeil|Moonblast,DazzlingGleam,LightofRuin,Protect|Modest||F|||50|]Garchomp||LifeOrb|RoughSkin|DragonClaw,Earthquake,Protect,RockSlide|Jolly||M|||50|]Whimsicott||FocusSash|Prankster|Moonblast,Tailwind,Encore,Protect|Timid||F|||50|]Basculegion||MysticWater|Adaptability|WaveCrash,LastRespects,AquaJet,Protect|Adamant||M|||50|]Kingambit||BlackGlasses|Defiant|KowtowCleave,Protect,SuckerPunch,IronHead|Adamant||M|||50|
|inactive|Battle timer is ON: inactive players will automatically lose when time's up. (requested by lindseyyy)
|inactive|lindseyyy has 60 seconds left.
|inactive|TenkiBD has 60 seconds left.
|l|☆lindseyyy
|inactive|lindseyyy disconnected and has a minute to reconnect!
|player|p1|
|j|☆lindseyyy
|inactive|lindseyyy reconnected and has 40 seconds left.
|player|p1|lindseyyy|1|
|inactive|lindseyyy has 30 seconds left.
|inactive|lindseyyy has 20 seconds left.
|
|t:|1785008971
|teamsize|p1|4
|teamsize|p2|4
|start
|switch|p1a: Amanda|Sneasler, L50, M|100/100
|switch|p1b: STELLVRIS|Aerodactyl, L50, M|100/100
|switch|p2a: Whimsicott|Whimsicott, L50, F|100/100
|switch|p2b: Basculegion|Basculegion, L50, M|100/100
|-ability|p1b: STELLVRIS|Unnerve
|turn|1
|inactive|lindseyyy has 30 seconds left.
|inactive|TenkiBD has 30 seconds left.
|inactive|lindseyyy has 20 seconds left.
|inactive|TenkiBD has 20 seconds left.
|inactive|lindseyyy has 15 seconds left.
|inactive|lindseyyy has 10 seconds left.
|
|t:|1785009020
|detailschange|p1b: STELLVRIS|Aerodactyl-Mega, L50, M
|-mega|p1b: STELLVRIS|Aerodactyl|Aerodactylite
|move|p1a: Amanda|Fake Out|p2a: Whimsicott
|-damage|p2a: Whimsicott|76/100
|cant|p2a: Whimsicott|flinch
|move|p1b: STELLVRIS|Tailwind|p1b: STELLVRIS
|-sidestart|p1: lindseyyy|move: Tailwind
|move|p2b: Basculegion|Wave Crash|p1a: Amanda
|-damage|p1a: Amanda|0 fnt
|faint|p1a: Amanda
|-damage|p2b: Basculegion|73/100|[from] Recoil
|
|upkeep
|
|t:|1785009039
|switch|p1a: Shoganai|Kingambit, L50, M|100/100
|turn|2
|inactive|lindseyyy has 30 seconds left.
|inactive|TenkiBD has 30 seconds left.
|
|t:|1785009070
|move|p2a: Whimsicott|Protect|p2a: Whimsicott
|-singleturn|p2a: Whimsicott|Protect
|move|p1b: STELLVRIS|Dual Wingbeat|p2a: Whimsicott
|-activate|p2a: Whimsicott|move: Protect
|move|p1a: Shoganai|Swords Dance|p1a: Shoganai
|-boost|p1a: Shoganai|atk|2
|move|p2b: Basculegion|Wave Crash|p1b: STELLVRIS
|-supereffective|p1b: STELLVRIS|1
|-damage|p1b: STELLVRIS|0 fnt
|faint|p1b: STELLVRIS
|-damage|p2b: Basculegion|47/100|[from] Recoil
|
|upkeep
|
|t:|1785009094
|switch|p1b: Regeena|Tsareena, L50, F|100/100
|turn|3
|inactive|TenkiBD has 30 seconds left.
|
|t:|1785009119
|move|p2b: Basculegion|Protect|p2b: Basculegion
|-singleturn|p2b: Basculegion|Protect
|move|p2a: Whimsicott|Tailwind|p2a: Whimsicott
|-sidestart|p2: TenkiBD|move: Tailwind
|move|p1a: Shoganai|Sucker Punch||[still]
|-fail|p1a: Shoganai
|move|p1b: Regeena|Triple Axel|p2a: Whimsicott
|-supereffective|p2a: Whimsicott|1
|-damage|p2a: Whimsicott|57/100
|-supereffective|p2a: Whimsicott|1
|-damage|p2a: Whimsicott|18/100
|-supereffective|p2a: Whimsicott|1
|-damage|p2a: Whimsicott|0 fnt
|faint|p2a: Whimsicott
|-hitcount|p2: Whimsicott|3
|
|upkeep
|
|t:|1785009129
|switch|p2a: Kingambit|Kingambit, L50, M|100/100
|turn|4
|inactive|lindseyyy has 30 seconds left.
|
|t:|1785009154
|move|p1a: Shoganai|Sucker Punch|p2b: Basculegion
|-supereffective|p2b: Basculegion|1
|-damage|p2b: Basculegion|0 fnt
|faint|p2b: Basculegion
|move|p1b: Regeena|Triple Axel|p2a: Kingambit
|-resisted|p2a: Kingambit|1
|-damage|p2a: Kingambit|97/100
|-resisted|p2a: Kingambit|1
|-damage|p2a: Kingambit|92/100
|-hitcount|p2a: Kingambit|2
|move|p2a: Kingambit|Kowtow Cleave|p1b: Regeena
|-damage|p1b: Regeena|22/100
|
|-sideend|p1: lindseyyy|move: Tailwind
|upkeep
|
|t:|1785009165
|switch|p2b: Floette|Floette-Eternal, L50, F|100/100
|turn|5
|inactive|lindseyyy has 30 seconds left.
|
|t:|1785009198
|detailschange|p2b: Floette|Floette-Mega, L50, F
|-mega|p2b: Floette|Floette|Floettite
|-ability|p2b: Floette|Fairy Aura
|move|p1a: Shoganai|Sucker Punch|p2b: Floette
|-resisted|p2b: Floette|1
|-damage|p2b: Floette|46/100
|move|p2b: Floette|Dazzling Gleam|p1a: Shoganai|[spread] p1a,p1b
|-damage|p1a: Shoganai|56/100
|-damage|p1b: Regeena|0 fnt
|faint|p1b: Regeena
|move|p2a: Kingambit|Kowtow Cleave|p1a: Shoganai
|-resisted|p1a: Shoganai|1
|-damage|p1a: Shoganai|31/100
|
|upkeep
|turn|6
|
|t:|1785009214
|move|p2b: Floette|Protect|p2b: Floette
|-singleturn|p2b: Floette|Protect
|move|p2a: Kingambit|Kowtow Cleave|p1a: Shoganai
|-resisted|p1a: Shoganai|1
|-damage|p1a: Shoganai|9/100
|move|p1a: Shoganai|Kowtow Cleave|p2a: Kingambit
|-resisted|p2a: Kingambit|1
|-damage|p2a: Kingambit|50/100g
|
|-sideend|p2: TenkiBD|move: Tailwind
|upkeep
|turn|7
|-message|lindseyyy forfeited.
|raw|lindseyyy's rating: 1177 → 1149(-28 for losing)
|raw|TenkiBD's rating: 1130 → 1158(+28 for winning)
|
|win|TenkiBD
|l|☆lindseyyy
|player|p1|
