|j|☆el nino vgc 21
|j|☆lylysha
|html|el nino vgc 21lylysha    
|uhtml|bestof|Game 3 of a best-of-3
|t:|1785488949
|gametype|doubles
|player|p1|el nino vgc 21|#smogonxnpa2026draftee|
|player|p2|lylysha|parasollady|
|gen|9
|tier|[Gen 9 Champions] VGC 2026 Reg M-B (Bo3)
|rule|Species Clause: Limit one of each Pokémon
|rule|Item Clause: Limit 1 of each item
|clearpoke
|poke|p1|Floette-Eternal, L50, F|
|poke|p1|Whimsicott, L50, F, shiny|
|poke|p1|Garchomp, L50, M, shiny|
|poke|p1|Charizard, L50, M, shiny|
|poke|p1|Kingambit, L50, M, shiny|
|poke|p1|Basculegion, L50, M, shiny|
|poke|p2|Basculegion, L50, M|
|poke|p2|Garchomp, L50, F|
|poke|p2|Scizor, L50, F|
|poke|p2|Tyranitar, L50, F|
|poke|p2|Sneasler, L50, F|
|poke|p2|Corviknight, L50, F|
|teampreview|4
|showteam|p1|Floette-Eternal||Floettite|FlowerVeil|DazzlingGleam,Moonblast,LightofRuin,Protect|Timid||F|||50|]Whimsicott||FocusSash|Prankster|Moonblast,Encore,Tailwind,Protect|Timid||F|||50|]Garchomp||RoseliBerry|RoughSkin|Earthquake,RockSlide,PoisonJab,DragonClaw|Jolly||M|||50|]Charizard||CharizarditeY|Blaze|HeatWave,WeatherBall,SolarBeam,Protect|Modest||M|||50|]Kingambit||ChopleBerry|Defiant|KowtowCleave,SuckerPunch,IronHead,LowKick|Adamant||M|||50|]Basculegion||LifeOrb|Adaptability|WaveCrash,LastRespects,AquaJet,Protect|Adamant||M|||50|
|showteam|p2|Basculegion||SitrusBerry|Adaptability|WaveCrash,LastRespects,AquaJet,Protect|Jolly||M|||50|]Garchomp||Garchompite|RoughSkin|EarthPower,DracoMeteor,PowerGem,Protect|Modest||F|||50|]Scizor||LifeOrb|Technician|BulletPunch,BugBite,SwordsDance,Protect|Adamant||F|||50|]Tyranitar||ChoiceScarf|SandStream|RockSlide,KnockOff,IcePunch,Superpower|Jolly||F|||50|]Sneasler||FocusSash|PoisonTouch|PoisonJab,CloseCombat,FakeOut,Protect|Jolly||F|||50|]Corviknight||Leftovers|MirrorArmor|IronHead,BraveBird,Tailwind,Protect|Impish||F|||50|
|inactive|Battle timer is ON: inactive players will automatically lose when time's up. (requested by lylysha)
|j| SurfingJackal
|j| Klefastra
|j| TemporalDonut
|inactive|lylysha has 60 seconds left.
|inactive|lylysha has 30 seconds left.
|
|t:|1785489010
|teamsize|p1|4
|teamsize|p2|4
|start
|switch|p1a: Floette|Floette-Eternal, L50, F|100/100
|switch|p1b: Basculegion|Basculegion, L50, M, shiny|100/100
|switch|p2a: Corviknight|Corviknight, L50, F|100/100
|switch|p2b: Garchomp|Garchomp, L50, F|100/100
|turn|1
|
|t:|1785489031
|detailschange|p1a: Floette|Floette-Mega, L50, F
|-mega|p1a: Floette|Floette|Floettite
|-ability|p1a: Floette|Fairy Aura
|detailschange|p2b: Garchomp|Garchomp-Mega, L50, F
|-mega|p2b: Garchomp|Garchomp|Garchompite
|move|p1a: Floette|Moonblast|p2b: Garchomp
|-supereffective|p2b: Garchomp|1
|-damage|p2b: Garchomp|0 fnt
|faint|p2b: Garchomp
|move|p1b: Basculegion|Wave Crash|p2a: Corviknight
|-damage|p2a: Corviknight|21/100
|-damage|p1b: Basculegion|73/100|[from] Recoil
|-damage|p1b: Basculegion|63/100|[from] item: Life Orb
|move|p2a: Corviknight|Tailwind|p2a: Corviknight
|-sidestart|p2: lylysha|move: Tailwind
|
|-heal|p2a: Corviknight|27/100|[from] item: Leftovers
|upkeep
|j| Shmon
|
|t:|1785489043
|switch|p2b: Tyranitar|Tyranitar, L50, F|100/100
|-weather|Sandstorm|[from] ability: Sand Stream|[of] p2b: Tyranitar
|turn|2
|
|t:|1785489056
|move|p1a: Floette|Protect|p1a: Floette
|-singleturn|p1a: Floette|Protect
|move|p1b: Basculegion|Aqua Jet|p2b: Tyranitar
|-supereffective|p2b: Tyranitar|1
|-damage|p2b: Tyranitar|31/100
|-damage|p1b: Basculegion|54/100|[from] item: Life Orb
|move|p2b: Tyranitar|Knock Off|p1b: Basculegion
|-supereffective|p1b: Basculegion|1
|-damage|p1b: Basculegion|0 fnt
|-enditem|p1b: Basculegion|Life Orb|[from] move: Knock Off|[of] p2b: Tyranitar
|faint|p1b: Basculegion
|move|p2a: Corviknight|Iron Head|p1a: Floette
|-activate|p1a: Floette|move: Protect
|
|-weather|Sandstorm|[upkeep]
|-damage|p1a: Floette|93/100|[from] Sandstorm
|-heal|p2a: Corviknight|33/100|[from] item: Leftovers
|upkeep
|
|t:|1785489075
|switch|p1b: Whimsicott|Whimsicott, L50, F, shiny|100/100
|turn|3
|
|t:|1785489082
|move|p1b: Whimsicott|Tailwind|p1b: Whimsicott
|-sidestart|p1: el nino vgc 21|move: Tailwind
|move|p2b: Tyranitar|Knock Off|p1a: Floette
|-resisted|p1a: Floette|1
|-damage|p1a: Floette|70/100
|move|p1a: Floette|Light of Ruin|p2a: Corviknight
|-resisted|p2a: Corviknight|1
|-damage|p2a: Corviknight|0 fnt
|faint|p2a: Corviknight
|-damage|p1a: Floette|47/100|[from] Recoil
|
|-weather|Sandstorm|[upkeep]
|-damage|p1b: Whimsicott|94/100|[from] Sandstorm
|-damage|p1a: Floette|41/100|[from] Sandstorm
|upkeep
|
|t:|1785489091
|switch|p2a: Sneasler|Sneasler, L50, F|100/100
|turn|4
|
|t:|1785489103
|move|p1b: Whimsicott|Protect|p1b: Whimsicott
|-singleturn|p1b: Whimsicott|Protect
|move|p1a: Floette|Protect|p1a: Floette
|-singleturn|p1a: Floette|Protect
|move|p2a: Sneasler|Poison Jab|p1b: Whimsicott
|-activate|p1b: Whimsicott|move: Protect
|move|p2b: Tyranitar|Knock Off|p1a: Floette
|-activate|p1a: Floette|move: Protect
|
|-weather|Sandstorm|[upkeep]
|-damage|p2a: Sneasler|94/100|[from] Sandstorm
|-damage|p1b: Whimsicott|88/100|[from] Sandstorm
|-damage|p1a: Floette|35/100|[from] Sandstorm
|-sideend|p2: lylysha|move: Tailwind
|upkeep
|turn|5
|
|t:|1785489112
|move|p1b: Whimsicott|Moonblast|p2a: Sneasler
|-crit|p2a: Sneasler
|-damage|p2a: Sneasler|1/100
|move|p1a: Floette|Dazzling Gleam|p2a: Sneasler|[spread] p2a,p2b
|-supereffective|p2b: Tyranitar|1
|-damage|p2a: Sneasler|0 fnt
|-damage|p2b: Tyranitar|0 fnt
|faint|p2a: Sneasler
|faint|p2b: Tyranitar
|
|win|el nino vgc 21
|c|☆lylysha|gg
|l| SurfingJackal
|l| TemporalDonut
|l| Shmon
|l|☆lylysha
|player|p2|
|c|☆el nino vgc 21|gg
|l| Klefastra
