|j|☆dracojackson
|j|☆RelentlessRogue
|html|dracojacksonRelentlessRogue    
|uhtml|bestof|Game 1 of a best-of-3
|t:|1756342286
|gametype|doubles
|player|p1|dracojackson|hilbert|
|player|p2|RelentlessRogue|ethan|
|gen|9
|tier|[Gen 9] VGC 2025 Reg H (Bo3)
|rule|Species Clause: Limit one of each Pokémon
|rule|Item Clause: Limit 1 of each item
|clearpoke
|poke|p1|Magmar, L50, F|
|poke|p1|Kingambit, L50, F|
|poke|p1|Rillaboom, L50, F|
|poke|p1|Basculegion, L50, M|
|poke|p1|Sneasler, L50, M|
|poke|p1|Ninetales-Alola, L50, F|
|poke|p2|Archaludon, L50, M|
|poke|p2|Pelipper, L50, M|
|poke|p2|Basculegion, L50, M|
|poke|p2|Rillaboom, L50, M|
|poke|p2|Incineroar, L50, F|
|poke|p2|Amoonguss, L50, F|
|teampreview|4
|showteam|p1|Magmar||Eviolite|VitalSpirit|Protect,HeatWave,Taunt,FollowMe|||F|||50|,,,,,Ghost]Kingambit||BlackGlasses|Defiant|Protect,KowtowCleave,SuckerPunch,SwordsDance|||F|||50|,,,,,Fire]Rillaboom||AssaultVest|GrassySurge|WoodHammer,GrassyGlide,Uturn,FakeOut|||F|||50|,,,,,Grass]Basculegion||ChoiceScarf|Adaptability|WaveCrash,LastRespects,TeraBlast,FlipTurn|||M|||50|,,,,,Fairy]Sneasler||FocusSash|PoisonTouch|Protect,DireClaw,CloseCombat,FakeOut|||M|||50|,,,,,Stellar]Ninetales-Alola||LifeOrb|SnowWarning|Protect,Blizzard,FreezeDry,Encore|||F|||50|,,,,,Ghost
|showteam|p2|Archaludon||AssaultVest|Stamina|FlashCannon,DracoMeteor,ElectroShot,BodyPress|||M|||50|,,,,,Fairy]Pelipper||FocusSash|Drizzle|WeatherBall,Hurricane,Tailwind,Protect|||M|||50|,,,,,Ghost]Basculegion||ChoiceBand|SwiftSwim|WaveCrash,LastRespects,FlipTurn,AquaJet|||M|||50|,,,,,Grass]Rillaboom||LoadedDice|GrassySurge|BulletSeed,GrassyGlide,FakeOut,HighHorsepower|||M|||50|,,,,,Fire]Incineroar||SafetyGoggles|Intimidate|FlareBlitz,KnockOff,FakeOut,PartingShot|||F|||50|,,,,,Ghost]Amoonguss||SitrusBerry|Regenerator|SludgeBomb,PollenPuff,Spore,RagePowder|||F|||50|,,,,,Water
|inactive|Battle timer is ON: inactive players will automatically lose when time's up. (requested by RelentlessRogue)
|l|☆dracojackson
|inactive|dracojackson disconnected and has 300 seconds to reconnect!
|player|p1|
|inactive|RelentlessRogue has 60 seconds left.
|inactiveoff|Battle timer is now OFF.
|j|☆dracojackson
|player|p1|dracojackson|hilbert|
|c|☆RelentlessRogue|ayyy wb
|c|☆dracojackson|lol my b I thought u hadn’t accepted it yet lol
|c|☆RelentlessRogue|lol all good
|
|t:|1756342578
|teamsize|p1|4
|teamsize|p2|4
|start
|switch|p1a: Rillaboom|Rillaboom, L50, F|100/100
|switch|p1b: Kingambit|Kingambit, L50, F|100/100
|switch|p2a: Rillaboom|Rillaboom, L50, M|100/100
|switch|p2b: Archaludon|Archaludon, L50, M|100/100
|-fieldstart|move: Grassy Terrain|[from] ability: Grassy Surge|[of] p1a: Rillaboom
|turn|1
|c|☆RelentlessRogue|Call it simulating technical difficulties lol
|c|☆dracojackson|LMAOO bet
|
|t:|1756342619
|switch|p1b: Ninetales|Ninetales-Alola, L50, F, shiny|100/100
|-weather|Snowscape|[from] ability: Snow Warning|[of] p1b: Ninetales
|move|p1a: Rillaboom|Fake Out|p2a: Rillaboom
|-damage|p2a: Rillaboom|89/100
|cant|p2a: Rillaboom|flinch
|move|p2b: Archaludon|Body Press|p1a: Rillaboom
|-damage|p1a: Rillaboom|73/100
|
|-weather|Snowscape|[upkeep]
|-heal|p1a: Rillaboom|79/100|[from] Grassy Terrain
|-heal|p2a: Rillaboom|95/100|[from] Grassy Terrain
|upkeep
|turn|2
|
|t:|1756342642
|-terastallize|p1b: Ninetales|Ghost
|-terastallize|p2a: Rillaboom|Fire
|move|p1b: Ninetales|Encore|p2b: Archaludon
|-start|p2b: Archaludon|Encore
|move|p1a: Rillaboom|U-turn|p2a: Rillaboom
|-resisted|p2a: Rillaboom
|-crit|p2a: Rillaboom
|-damage|p2a: Rillaboom|78/100
|
|t:|1756342650
|switch|p1a: Basculegion|Basculegion, L50, M, shiny|100/100|[from] U-turn
|move|p2a: Rillaboom|Bullet Seed|p2b: Archaludon
|-resisted|p2b: Archaludon
|-damage|p2b: Archaludon|98/100
|-ability|p2b: Archaludon|Stamina|boost
|-boost|p2b: Archaludon|def|1
|-resisted|p2b: Archaludon
|-damage|p2b: Archaludon|96/100
|-ability|p2b: Archaludon|Stamina|boost
|-boost|p2b: Archaludon|def|1
|-resisted|p2b: Archaludon
|-damage|p2b: Archaludon|95/100
|-ability|p2b: Archaludon|Stamina|boost
|-boost|p2b: Archaludon|def|1
|-resisted|p2b: Archaludon
|-damage|p2b: Archaludon|94/100
|-ability|p2b: Archaludon|Stamina|boost
|-boost|p2b: Archaludon|def|1
|-resisted|p2b: Archaludon
|-damage|p2b: Archaludon|93/100
|-ability|p2b: Archaludon|Stamina|boost
|-boost|p2b: Archaludon|def|1
|-hitcount|p2b: Archaludon|5
|move|p2b: Archaludon|Body Press|p1b: Ninetales
|-immune|p1b: Ninetales
|
|-weather|Snowscape|[upkeep]
|-heal|p2a: Rillaboom|84/100|[from] Grassy Terrain
|-heal|p2b: Archaludon|99/100|[from] Grassy Terrain
|upkeep
|turn|3
|
|t:|1756342675
|switch|p2b: Pelipper|Pelipper, L50, M|100/100
|-weather|RainDance|[from] ability: Drizzle|[of] p2b: Pelipper
|move|p2a: Rillaboom|Grassy Glide|p1a: Basculegion
|-supereffective|p1a: Basculegion
|-damage|p1a: Basculegion|6/100
|move|p1a: Basculegion|Wave Crash|p2a: Rillaboom
|-supereffective|p2a: Rillaboom
|-damage|p2a: Rillaboom|0 fnt
|faint|p2a: Rillaboom
|-damage|p1a: Basculegion|0 fnt|[from] Recoil
|faint|p1a: Basculegion
|move|p1b: Ninetales|Blizzard|p2b: Pelipper|[miss]
|-miss|p1b: Ninetales|p2b: Pelipper
|
|-weather|RainDance|[upkeep]
|upkeep
|
|t:|1756342699
|switch|p1a: Rillaboom|Rillaboom, L50, F|79/100
|switch|p2a: Basculegion|Basculegion, L50, M|100/100
|turn|4
|
|t:|1756342717
|switch|p2a: Archaludon|Archaludon, L50, M|99/100
|move|p1a: Rillaboom|Grassy Glide|p2b: Pelipper
|-damage|p2b: Pelipper|53/100
|move|p1b: Ninetales|Freeze-Dry|p2b: Pelipper
|-supereffective|p2b: Pelipper
|-damage|p2b: Pelipper|0 fnt
|faint|p2b: Pelipper
|-damage|p1b: Ninetales|91/100|[from] item: Life Orb
|
|-weather|RainDance|[upkeep]
|-heal|p1b: Ninetales|97/100|[from] Grassy Terrain
|-heal|p1a: Rillaboom|85/100|[from] Grassy Terrain
|-heal|p2a: Archaludon|100/100|[from] Grassy Terrain
|upkeep
|
|t:|1756342725
|switch|p2b: Basculegion|Basculegion, L50, M|100/100
|turn|5
|
|t:|1756342740
|switch|p1b: Kingambit|Kingambit, L50, F|100/100
|move|p1a: Rillaboom|Grassy Glide|p2b: Basculegion
|-supereffective|p2b: Basculegion
|-damage|p2b: Basculegion|14/100
|move|p2b: Basculegion|Last Respects|p1a: Rillaboom
|-damage|p1a: Rillaboom|0 fnt
|faint|p1a: Rillaboom
|move|p2a: Archaludon|Electro Shot||[still]
|-prepare|p2a: Archaludon|Electro Shot
|-boost|p2a: Archaludon|spa|1
|-anim|p2a: Archaludon|Electro Shot|p1b: Kingambit
|-damage|p1b: Kingambit|46/100
|
|-weather|RainDance|[upkeep]
|-heal|p2b: Basculegion|20/100|[from] Grassy Terrain
|-heal|p1b: Kingambit|52/100|[from] Grassy Terrain
|-fieldend|move: Grassy Terrain
|upkeep
|
|t:|1756342749
|switch|p1a: Ninetales|Ninetales-Alola, L50, F, shiny, tera:Ghost|97/100
|-weather|Snowscape|[from] ability: Snow Warning|[of] p1a: Ninetales
|turn|6
|
|t:|1756342766
|move|p1b: Kingambit|Sucker Punch|p2b: Basculegion
|-supereffective|p2b: Basculegion
|-damage|p2b: Basculegion|0 fnt
|faint|p2b: Basculegion
|move|p1a: Ninetales|Encore|p2a: Archaludon
|-start|p2a: Archaludon|Encore
|move|p2a: Archaludon|Electro Shot||[still]
|-prepare|p2a: Archaludon|Electro Shot
|-boost|p2a: Archaludon|spa|1
|
|-weather|Snowscape|[upkeep]
|upkeep
|turn|7
|
|t:|1756342770
|move|p1a: Ninetales|Protect|p1a: Ninetales
|-singleturn|p1a: Ninetales|Protect
|move|p1b: Kingambit|Protect|p1b: Kingambit
|-singleturn|p1b: Kingambit|Protect
|move|p2a: Archaludon|Electro Shot|p1a: Ninetales|[from] lockedmove
|-activate|p1a: Ninetales|move: Protect
|
|-weather|Snowscape|[upkeep]
|upkeep
|turn|8
|
|t:|1756342780
|move|p1a: Ninetales|Blizzard|p2a: Archaludon
|-damage|p2a: Archaludon|56/100
|-ability|p2a: Archaludon|Stamina|boost
|-boost|p2a: Archaludon|def|1
|-damage|p1a: Ninetales|88/100|[from] item: Life Orb
|move|p2a: Archaludon|Electro Shot||[still]
|-prepare|p2a: Archaludon|Electro Shot
|-boost|p2a: Archaludon|spa|1
|move|p1b: Kingambit|Swords Dance|p1b: Kingambit
|-boost|p1b: Kingambit|atk|2
|
|-weather|Snowscape|[upkeep]
|-end|p2a: Archaludon|Encore
|upkeep
|turn|9
|
|t:|1756342786
|move|p1a: Ninetales|Protect|p1a: Ninetales
|-singleturn|p1a: Ninetales|Protect
|move|p1b: Kingambit|Protect|p1b: Kingambit
|-singleturn|p1b: Kingambit|Protect
|move|p2a: Archaludon|Electro Shot|p1b: Kingambit|[from] lockedmove
|-activate|p1b: Kingambit|move: Protect
|
|-weather|Snowscape|[upkeep]
|upkeep
|turn|10
|
|t:|1756342824
|move|p1b: Kingambit|Sucker Punch|p2a: Archaludon
|-damage|p2a: Archaludon|16/100
|-ability|p2a: Archaludon|Stamina|boost
|-boost|p2a: Archaludon|def|1
|move|p1a: Ninetales|Blizzard|p2a: Archaludon
|-damage|p2a: Archaludon|0 fnt
|faint|p2a: Archaludon
|-damage|p1a: Ninetales|78/100|[from] item: Life Orb
|
|win|dracojackson
||dracojackson is ready for game 2.
|inactive|RelentlessRogue has 30 seconds to confirm battle start!
|inactive|RelentlessRogue has 20 seconds to confirm battle start!
||RelentlessRogue is ready for game 2.
|uhtml|next|Next: Game 2 of 3
