|j|☆KLOEEE
|j|☆artyowls
|html|KLOEEEartyowls    
|uhtml|bestof|Game 1 of a best-of-3
|t:|1756843271
|gametype|doubles
|player|p1|KLOEEE|caitlin-masters|1101
|player|p2|artyowls|plasmagrunt|1067
|gen|9
|tier|[Gen 9] VGC 2025 Reg H (Bo3)
|rated|
|rule|Species Clause: Limit one of each Pokémon
|rule|Item Clause: Limit 1 of each item
|clearpoke
|poke|p1|Ursaluna-Bloodmoon, L50, M|
|poke|p1|Annihilape, L50, M|
|poke|p1|Maushold-Four, L50|
|poke|p1|Sneasler, L50, F|
|poke|p1|Talonflame, L50, F|
|poke|p1|Indeedee, L50, M|
|poke|p2|Dragonite, L50, M|
|poke|p2|Ursaluna-Bloodmoon, L50, M|
|poke|p2|Gholdengo, L50|
|poke|p2|Volcarona, L50, M|
|poke|p2|Amoonguss, L50, M|
|poke|p2|Incineroar, L50, M|
|teampreview|4
|showteam|p1|Ursaluna-Bloodmoon||AssaultVest|MindsEye|BloodMoon,HyperVoice,EarthPower,Protect|||M|||50|,,,,,Normal]Annihilape||SafetyGoggles|Defiant|DrainPunch,RageFist,BulkUp,Protect|||M|||50|,,,,,Water]Maushold-Four||FocusSash|FriendGuard|FollowMe,BeatUp,Taunt,Protect||||||50|,,,,,Ghost]Sneasler||PsychicSeed|Unburden|DireClaw,CloseCombat,ThroatChop,Protect|||F|||50|,,,,,Dark]Talonflame||CovertCloak|GaleWings|BraveBird,Tailwind,FlareBlitz,Taunt|||F|||50|,,,,,Ghost]Indeedee||ChoiceScarf|PsychicSurge|ExpandingForce,DazzlingGleam,Trick,Protect|||M|||50|,,,,,Psychic
|showteam|p2|Dragonite||AssaultVest|Multiscale|ExtremeSpeed,StompingTantrum,IceSpinner,ThunderPunch|||M|||50|,,,,,Electric]Ursaluna-Bloodmoon||ChopleBerry|MindsEye|Protect,VacuumWave,BloodMoon,EarthPower|||M|||50|,,,,,Steel]Gholdengo||FocusSash|GoodasGold|Protect,NastyPlot,MakeItRain,ShadowBall||||||50|,,,,,Steel]Volcarona||Charcoal|FlameBody|Tailwind,RagePowder,StruggleBug,HeatWave|||M|||50|,,,,,Fairy]Amoonguss||CobaBerry|Regenerator|Protect,RagePowder,Spore,PollenPuff|||M|||50|,,,,,Water]Incineroar||SitrusBerry|Intimidate|PartingShot,FakeOut,FlareBlitz,KnockOff|||M|||50|,,,,,Ghost
|j| aojo
|j| epom158
|l| aojo
|inactive|Battle timer is ON: inactive players will automatically lose when time's up. (requested by KLOEEE)
|c|☆KLOEEE|Glhf
|inactive|artyowls has 60 seconds left.
|
|t:|1756843372
|teamsize|p1|4
|teamsize|p2|4
|start
|switch|p1a: Indeedee|Indeedee, L50, M|100/100
|switch|p1b: Sneasler|Sneasler, L50, F|100/100
|switch|p2a: Dragonite|Dragonite, L50, M|100/100
|switch|p2b: Ursaluna|Ursaluna-Bloodmoon, L50, M|100/100
|-fieldstart|move: Psychic Terrain|[from] ability: Psychic Surge|[of] p1a: Indeedee
|-enditem|p1b: Sneasler|Psychic Seed
|-boost|p1b: Sneasler|spd|1|[from] item: Psychic Seed
|turn|1
|inactive|KLOEEE has 30 seconds left.
|inactive|artyowls has 30 seconds left.
|inactive|artyowls has 20 seconds left.
|inactive|artyowls has 15 seconds left.
|
|t:|1756843414
|-terastallize|p1a: Indeedee|Psychic
|move|p1b: Sneasler|Dire Claw|p2a: Dragonite
|-damage|p2a: Dragonite|76/100
|move|p1a: Indeedee|Expanding Force|p2a: Dragonite|[spread] p2a,p2b
|-damage|p2a: Dragonite|26/100
|-damage|p2b: Ursaluna|5/100
|move|p2a: Dragonite|Stomping Tantrum|p1b: Sneasler
|-supereffective|p1b: Sneasler
|-damage|p1b: Sneasler|0 fnt
|faint|p1b: Sneasler
|move|p2b: Ursaluna|Blood Moon|p1a: Indeedee
|-damage|p1a: Indeedee|0 fnt
|faint|p1a: Indeedee
|
|upkeep
|
|t:|1756843428
|switch|p1b: Ursaluna|Ursaluna-Bloodmoon, L50, M|100/100
|switch|p1a: Talonflame|Talonflame, L50, F, shiny|100/100
|turn|2
|inactive|artyowls has 30 seconds left.
|
|t:|1756843456
|move|p2b: Ursaluna|Protect|p2b: Ursaluna
|-singleturn|p2b: Ursaluna|Protect
|move|p1a: Talonflame|Tailwind|p1a: Talonflame
|-sidestart|p1: KLOEEE|move: Tailwind
|move|p1b: Ursaluna|Hyper Voice|p2b: Ursaluna|[spread] p2a
|-activate|p2b: Ursaluna|move: Protect
|-damage|p2a: Dragonite|0 fnt
|faint|p2a: Dragonite
|
|upkeep
|
|t:|1756843469
|switch|p2a: Volcarona|Volcarona, L50, M|100/100
|turn|3
|inactive|artyowls has 30 seconds left.
|
|t:|1756843499
|switch|p2b: Amoonguss|Amoonguss, L50, M|100/100
|-terastallize|p2a: Volcarona|Fairy
|move|p1a: Talonflame|Taunt|p2a: Volcarona
|-start|p2a: Volcarona|move: Taunt
|move|p1b: Ursaluna|Hyper Voice|p2a: Volcarona|[spread] p2a,p2b
|-damage|p2a: Volcarona|66/100
|-damage|p2b: Amoonguss|69/100
|move|p2a: Volcarona|Struggle Bug|p1b: Ursaluna|[spread] p1a,p1b
|-resisted|p1a: Talonflame
|-damage|p1a: Talonflame|94/100
|-damage|p1b: Ursaluna|86/100
|-unboost|p1b: Ursaluna|spa|1
|
|upkeep
|turn|4
|inactive|artyowls has 30 seconds left.
|inactive|KLOEEE has 30 seconds left.
|inactive|artyowls has 20 seconds left.
|inactive|artyowls has 15 seconds left.
|inactive|artyowls has 10 seconds left.
|
|t:|1756843548
|move|p1a: Talonflame|Flare Blitz|p2b: Amoonguss
|-supereffective|p2b: Amoonguss
|-damage|p2b: Amoonguss|0 fnt
|faint|p2b: Amoonguss
|-damage|p1a: Talonflame|62/100|[from] Recoil
|move|p1b: Ursaluna|Blood Moon|p2a: Volcarona
|-damage|p2a: Volcarona|14/100
|move|p2a: Volcarona|Heat Wave|p1b: Ursaluna|[spread] p1a,p1b
|-resisted|p1a: Talonflame
|-damage|p1a: Talonflame|33/100
|-damage|p1b: Ursaluna|52/100
|
|upkeep
|
|t:|1756843560
|switch|p2b: Ursaluna|Ursaluna-Bloodmoon, L50, M|5/100
|turn|5
|
|t:|1756843580
|move|p2b: Ursaluna|Protect|p2b: Ursaluna
|-singleturn|p2b: Ursaluna|Protect
|move|p1a: Talonflame|Brave Bird|p2b: Ursaluna
|-activate|p2b: Ursaluna|move: Protect
|move|p1b: Ursaluna|Hyper Voice|p2b: Ursaluna|[spread] p2a
|-activate|p2b: Ursaluna|move: Protect
|-damage|p2a: Volcarona|0 fnt
|faint|p2a: Volcarona
|
|-sideend|p1: KLOEEE|move: Tailwind
|-fieldend|move: Psychic Terrain
|upkeep
|turn|6
|
|t:|1756843601
|move|p1a: Talonflame|Brave Bird|p2b: Ursaluna
|-damage|p2b: Ursaluna|0 fnt
|faint|p2b: Ursaluna
|-damage|p1a: Talonflame|31/100|[from] Recoil
|
|win|KLOEEE
||KLOEEE is ready for game 2.
||artyowls is ready for game 2.
|uhtml|next|Next: Game 2 of 3
|l| epom158
