|j|☆Wikdchikn
|j|☆Tchoubib
|html|WikdchiknTchoubib    
|uhtml|bestof|Game 1 of a best-of-3
|t:|1757625434
|gametype|doubles
|player|p1|Wikdchikn|cameraman|1129
|player|p2|Tchoubib|265|1177
|gen|9
|tier|[Gen 9] VGC 2025 Reg H (Bo3)
|rated|
|rule|Species Clause: Limit one of each Pokémon
|rule|Item Clause: Limit 1 of each item
|clearpoke
|poke|p1|Arboliva, L50, M|
|poke|p1|Porygon2, L50|
|poke|p1|Primarina, L50, M|
|poke|p1|Ursaluna, L50, M|
|poke|p1|Amoonguss, L50, F|
|poke|p1|Armarouge, L50, F|
|poke|p2|Indeedee-F, L50, F|
|poke|p2|Hatterene, L50, F|
|poke|p2|Gallade, L50, M|
|poke|p2|Ursaluna, L50, M|
|poke|p2|Lilligant-Hisui, L50, F|
|poke|p2|Torkoal, L50, M|
|teampreview|4
|showteam|p1|Arboliva||ChoiceSpecs|SeedSower|DazzlingGleam,HyperVoice,EarthPower,GigaDrain|||M|||50|,,,,,Fairy]Porygon2||Eviolite|Trace|TeraBlast,ShadowBall,TrickRoom,Protect||||||50|,,,,,Fighting]Primarina||ThroatSpray|LiquidVoice|Moonblast,HyperVoice,Haze,Protect|||M|||50|,,,,,Water]Ursaluna||FlameOrb|Guts|Protect,Facade,HeadlongRush,Earthquake|||M|||50|,,,,,Ghost]Amoonguss||RockyHelmet|Regenerator|RagePowder,Spore,FoulPlay,Protect|||F|||50|,,,,,Dark]Armarouge||SitrusBerry|FlashFire|WideGuard,TrickRoom,HeatWave,HelpingHand|||F|||50|,,,,,Grass
|showteam|p2|Indeedee-F||PsychicSeed|PsychicSurge|TrickRoom,FollowMe,HelpingHand,DazzlingGleam|||F|||50|,,,,,Fire]Hatterene||LifeOrb|MagicBounce|ExpandingForce,TrickRoom,DazzlingGleam,Protect|||F|||50|,,,,,Psychic]Gallade||ClearAmulet|Sharpness|PsychoCut,TrickRoom,SacredSword,WideGuard|||M|||50|,,,,,Grass]Ursaluna||FlameOrb|Guts|HeadlongRush,Facade,SwordsDance,Protect|||M|||50|,,,,,Ghost]Lilligant-Hisui||FocusSash|Chlorophyll|SolarBlade,SleepPowder,CloseCombat,AfterYou|||F|||50|,,,,,Ghost]Torkoal||ChoiceSpecs|Drought|Eruption,HeatWave,WeatherBall,EarthPower|||M|||50|,,,,,Fire
|inactive|Battle timer is ON: inactive players will automatically lose when time's up. (requested by Wikdchikn)
|inactive|Wikdchikn has 60 seconds left.
|inactive|Tchoubib has 60 seconds left.
|
|t:|1757625494
|teamsize|p1|4
|teamsize|p2|4
|start
|switch|p1a: Megaman|Armarouge, L50, F|100/100
|switch|p1b: Pest|Amoonguss, L50, F|100/100
|switch|p2a: Indeedee|Indeedee-F, L50, F, shiny|100/100
|switch|p2b: Gallade|Gallade, L50, M, shiny|100/100
|-fieldstart|move: Psychic Terrain|[from] ability: Psychic Surge|[of] p2a: Indeedee
|-enditem|p2a: Indeedee|Psychic Seed
|-boost|p2a: Indeedee|spd|1|[from] item: Psychic Seed
|turn|1
|inactive|Wikdchikn has 30 seconds left.
|inactive|Tchoubib has 30 seconds left.
|inactive|Tchoubib has 20 seconds left.
|
|t:|1757625532
|-terastallize|p1b: Pest|Dark
|move|p2b: Gallade|Psycho Cut|p1b: Pest
|-immune|p1b: Pest
|move|p1a: Megaman|Heat Wave|p2a: Indeedee|[spread] p2a,p2b
|-damage|p2a: Indeedee|82/100
|-damage|p2b: Gallade|70/100
|move|p1b: Pest|Foul Play|p2b: Gallade
|-damage|p2b: Gallade|0 fnt
|faint|p2b: Gallade
|move|p2a: Indeedee|Trick Room|p2a: Indeedee
|-fieldstart|move: Trick Room|[of] p2a: Indeedee
|
|upkeep
|
|t:|1757625540
|switch|p2b: Ursaluna|Ursaluna, L50, M, shiny|100/100
|turn|2
|inactive|Tchoubib has 30 seconds left.
|
|t:|1757625570
|move|p1a: Megaman|Helping Hand|p1b: Pest
|-singleturn|p1b: Pest|Helping Hand|[of] p1a: Megaman
|move|p2b: Ursaluna|Protect|p2b: Ursaluna
|-singleturn|p2b: Ursaluna|Protect
|move|p1b: Pest|Foul Play|p2b: Ursaluna
|-activate|p2b: Ursaluna|move: Protect
|move|p2a: Indeedee|Trick Room|p2a: Indeedee
|-fieldend|move: Trick Room
|
|-status|p2b: Ursaluna|brn|[from] item: Flame Orb
|upkeep
|turn|3
|
|t:|1757625586
|move|p1b: Pest|Protect|p1b: Pest
|-singleturn|p1b: Pest|Protect
|move|p2a: Indeedee|Follow Me|p2a: Indeedee
|-singleturn|p2a: Indeedee|move: Follow Me
|move|p1a: Megaman|Heat Wave|p2a: Indeedee|[spread] p2a
|-miss|p1a: Megaman|p2b: Ursaluna
|-damage|p2a: Indeedee|62/100
|move|p2b: Ursaluna|Facade|p1a: Megaman
|-damage|p1a: Megaman|8/100
|-enditem|p1a: Megaman|Sitrus Berry|[eat]
|-heal|p1a: Megaman|32/100|[from] item: Sitrus Berry
|
|-damage|p2b: Ursaluna|95/100 brn|[from] brn
|upkeep
|turn|4
|inactive|Wikdchikn has 30 seconds left.
|inactive|Tchoubib has 30 seconds left.
|
|t:|1757625618
|move|p1a: Megaman|Heat Wave|p2a: Indeedee|[spread] p2a,p2b
|-damage|p2a: Indeedee|43/100
|-damage|p2b: Ursaluna|69/100 brn
|move|p2b: Ursaluna|Facade|p1b: Pest
|-damage|p1b: Pest|0 fnt
|-damage|p2b: Ursaluna|53/100 brn|[from] item: Rocky Helmet|[of] p1b: Pest
|faint|p1b: Pest
|move|p2a: Indeedee|Trick Room|p2a: Indeedee
|-fieldstart|move: Trick Room|[of] p2a: Indeedee
|
|-damage|p2b: Ursaluna|47/100 brn|[from] brn
|upkeep
|
|t:|1757625627
|switch|p1b: Olive You|Arboliva, L50, M|100/100
|turn|5
|
|t:|1757625655
|switch|p2a: Torkoal|Torkoal, L50, M, shiny|100/100
|-weather|SunnyDay|[from] ability: Drought|[of] p2a: Torkoal
|move|p1a: Megaman|Helping Hand|p1b: Olive You
|-singleturn|p1b: Olive You|Helping Hand|[of] p1a: Megaman
|move|p1b: Olive You|Dazzling Gleam|p2b: Ursaluna|[spread] p2a,p2b
|-resisted|p2a: Torkoal
|-damage|p2a: Torkoal|68/100
|-damage|p2b: Ursaluna|3/100 brn
|move|p2b: Ursaluna|Facade|p1b: Olive You
|-damage|p1b: Olive You|0 fnt
|-fieldstart|move: Grassy Terrain|[from] ability: Seed Sower|[of] p1b: Olive You
|faint|p1b: Olive You
|
|-weather|SunnyDay|[upkeep]
|-heal|p2a: Torkoal|74/100|[from] Grassy Terrain
|-heal|p2b: Ursaluna|9/100 brn|[from] Grassy Terrain
|-heal|p1a: Megaman|38/100|[from] Grassy Terrain
|-damage|p2b: Ursaluna|3/100 brn|[from] brn
|upkeep
|
|t:|1757625669
|switch|p1b: Bear with me|Ursaluna, L50, M|100/100
|turn|6
|
|t:|1757625684
|-terastallize|p2a: Torkoal|Fire
|move|p2a: Torkoal|Weather Ball|p1b: Bear with me
|-damage|p1b: Bear with me|0 fnt
|faint|p1b: Bear with me
|move|p2b: Ursaluna|Facade|p1a: Megaman
|-damage|p1a: Megaman|0 fnt
|faint|p1a: Megaman
|
|win|Tchoubib
||Wikdchikn is ready for game 2.
|l|☆Wikdchikn
|player|p1|
||Tchoubib is ready for game 2.
|uhtml|next|Next: Game 2 of 3
