|j|☆firedestroyrr
|j|☆tilremo
|html|firedestroyrrtilremo    
|uhtml|bestof|Game 2 of a best-of-3
|t:|1784150083
|gametype|doubles
|player|p1|firedestroyrr|proton|
|player|p2|tilremo|101|
|gen|9
|tier|[Gen 9 Champions] VGC 2026 Reg M-B (Bo3)
|rule|Species Clause: Limit one of each Pokémon
|rule|Item Clause: Limit 1 of each item
|clearpoke
|poke|p1|Snorlax, L50, F|
|poke|p1|Hawlucha, L50, M|
|poke|p1|Gengar, L50, F|
|poke|p1|Sinistcha, L50|
|poke|p1|Incineroar, L50, F|
|poke|p1|Slowbro-Galar, L50, F|
|poke|p2|Garchomp, L50, M|
|poke|p2|Eelektross, L50, F|
|poke|p2|Lopunny, L50, F|
|poke|p2|Skarmory, L50, M|
|poke|p2|Hatterene, L50, F|
|poke|p2|Trevenant, L50, M, shiny|
|teampreview|4
|showteam|p1|Snorlax||Leftovers|ThickFat|Fissure,BodyPress,Stockpile,Protect|Impish||F|||50|]Hawlucha||Hawluchanite|Limber|CrossChop,BraveBird,Entrainment,Protect|Jolly||M|||50|]Gengar||Gengarite|CursedBody|ShadowBall,Disable,PerishSong,Protect|Timid||F|||50|]Sinistcha||KasibBerry|Hospitality|MatchaGotcha,ShadowBall,RagePowder,TrickRoom|Relaxed|||||50|]Incineroar||PasshoBerry|Intimidate|ThroatChop,PartingShot,FakeOut,Protect|Jolly||F|||50|]Slowbro-Galar||QuickClaw|QuickDraw|ShellSideArm,IceBeam,Psychic,Protect|Quiet||F|||50|
|showteam|p2|Garchomp||ChoiceScarf|RoughSkin|Earthquake,StompingTantrum,AerialAce,BrickBreak|Adamant||M|||50|]Eelektross||Eelektrossite|Levitate|Discharge,VoltSwitch,MuddyWater,Protect|Timid||F|||50|]Lopunny||Lopunnite|CuteCharm|CloseCombat,Uturn,FakeOut,Encore|Jolly||F|||50|]Skarmory||Leftovers|Sturdy|DrillPeck,BodyPress,Tailwind,IronDefense|Adamant||M|||50|]Hatterene||FairyFeather|MagicBounce|DazzlingGleam,Psyshock,LifeDew,Protect|Relaxed||F|||50|]Trevenant||KasibBerry|Frisk|Poltergeist,DrainPunch,HornLeech,TrickRoom|Brave||M|||50|
|j| 282839393m
|
|t:|1784150118
|teamsize|p1|4
|teamsize|p2|4
|start
|switch|p1a: Gengar|Gengar, L50, F|100/100
|switch|p1b: Slowbro|Slowbro-Galar, L50, F|100/100
|switch|p2a: Longshanks|Garchomp, L50, M|100/100
|switch|p2b: Eeleven|Eelektross, L50, F|100/100
|turn|1
|-activate|p1b: Slowbro|ability: Quick Draw
|
|t:|1784150135
|detailschange|p1a: Gengar|Gengar-Mega, L50, F
|-mega|p1a: Gengar|Gengar|Gengarite
|detailschange|p2b: Eeleven|Eelektross-Mega, L50, F
|-mega|p2b: Eeleven|Eelektross|Eelektrossite
|move|p1a: Gengar|Protect|p1a: Gengar
|-singleturn|p1a: Gengar|Protect
|move|p1b: Slowbro|Ice Beam|p2a: Longshanks
|-supereffective|p2a: Longshanks|2
|-damage|p2a: Longshanks|0 fnt
|faint|p2a: Longshanks
|move|p2b: Eeleven|Discharge|p1b: Slowbro|[spread] p1b
|-activate|p1a: Gengar|move: Protect
|-damage|p1b: Slowbro|64/100
|
|upkeep
|
|t:|1784150155
|switch|p2a: Lola|Lopunny, L50, F|100/100
|turn|2
|
|t:|1784150181
|move|p1b: Slowbro|Protect|p1b: Slowbro
|-singleturn|p1b: Slowbro|Protect
|move|p1a: Gengar|Perish Song|p1a: Gengar
|-start|p1a: Gengar|perish3|[silent]
|-start|p1b: Slowbro|perish3|[silent]
|-start|p2a: Lola|perish3|[silent]
|-start|p2b: Eeleven|perish3|[silent]
|-fieldactivate|move: Perish Song
|move|p2a: Lola|U-turn|p1b: Slowbro
|-activate|p1b: Slowbro|move: Protect
|move|p2b: Eeleven|Discharge|p1a: Gengar|[spread] p2a,p1a
|-activate|p1b: Slowbro|move: Protect
|-damage|p2a: Lola|62/100
|-damage|p1a: Gengar|65/100
|-status|p1a: Gengar|par
|
|-start|p2a: Lola|perish3
|-start|p2b: Eeleven|perish3
|-start|p1a: Gengar|perish3
|-start|p1b: Slowbro|perish3
|upkeep
|turn|3
|
|t:|1784150203
|switch|p1b: Sinistcha|Sinistcha, L50|100/100
|-heal|p1a: Gengar|89/100 par|[from] ability: Hospitality|[of] p1b: Sinistcha
|move|p1a: Gengar|Protect|p1a: Gengar
|-singleturn|p1a: Gengar|Protect
|move|p2a: Lola|U-turn|p1b: Sinistcha
|-crit|p1b: Sinistcha
|-damage|p1b: Sinistcha|79/100
|
|t:|1784150211
|switch|p2a: Marcos|Skarmory, L50, M|100/100|[from] U-turn
|move|p2b: Eeleven|Volt Switch|p1b: Sinistcha
|-resisted|p1b: Sinistcha|1
|-damage|p1b: Sinistcha|59/100
|
|t:|1784150217
|switch|p2b: Lola|Lopunny, L50, F|62/100|[from] Volt Switch
|
|-start|p1a: Gengar|perish2
|upkeep
|turn|4
|
|t:|1784150255
|switch|p1a: Incineroar|Incineroar, L50, F|100/100
|-ability|p1a: Incineroar|Intimidate|boost
|-unboost|p2a: Marcos|atk|1
|-unboost|p2b: Lola|atk|1
|move|p2b: Lola|U-turn|p1b: Sinistcha
|-damage|p1b: Sinistcha|49/100
|
|t:|1784150262
|switch|p2b: Eeleven|Eelektross-Mega, L50, F|100/100|[from] U-turn
|move|p2a: Marcos|Tailwind|p2a: Marcos
|-sidestart|p2: tilremo|move: Tailwind
|move|p1b: Sinistcha|Matcha Gotcha|p2a: Marcos|[spread] p2a,p2b
|-resisted|p2a: Marcos|2
|-damage|p2a: Marcos|90/100
|-heal|p1b: Sinistcha|53/100|[from] drain|[of] p2a: Marcos
|-damage|p2b: Eeleven|72/100
|-heal|p1b: Sinistcha|66/100|[from] drain|[of] p2b: Eeleven
|
|-heal|p2a: Marcos|96/100|[from] item: Leftovers
|upkeep
|turn|5
|
|t:|1784150283
|move|p2b: Eeleven|Protect|p2b: Eeleven
|-singleturn|p2b: Eeleven|Protect
|move|p2a: Marcos|Drill Peck|p1b: Sinistcha
|-supereffective|p1b: Sinistcha|1
|-damage|p1b: Sinistcha|32/100
|move|p1a: Incineroar|Throat Chop|p2b: Eeleven
|-activate|p2b: Eeleven|move: Protect
|move|p1b: Sinistcha|Shadow Ball|p2b: Eeleven
|-activate|p2b: Eeleven|move: Protect
|
|-heal|p2a: Marcos|100/100|[from] item: Leftovers
|upkeep
|turn|6
|
|t:|1784150297
|move|p2b: Eeleven|Muddy Water|p1a: Incineroar|[spread] p1a,p1b
|-supereffective|p1a: Incineroar|1
|-enditem|p1a: Incineroar|Passho Berry|[eat]
|-enditem|p1a: Incineroar|Passho Berry|[weaken]
|-resisted|p1b: Sinistcha|1
|-damage|p1a: Incineroar|77/100
|-damage|p1b: Sinistcha|19/100
|move|p2a: Marcos|Drill Peck|p1b: Sinistcha
|-supereffective|p1b: Sinistcha|1
|-damage|p1b: Sinistcha|0 fnt
|faint|p1b: Sinistcha
|move|p1a: Incineroar|Throat Chop|p2b: Eeleven
|-crit|p2b: Eeleven
|-damage|p2b: Eeleven|9/100
|-start|p2b: Eeleven|Throat Chop|[silent]
|
|upkeep
|
|t:|1784150314
|switch|p1b: Slowbro|Slowbro-Galar, L50, F|64/100
|turn|7
|-activate|p1b: Slowbro|item: Quick Claw
|
|t:|1784150338
|move|p1b: Slowbro|Shell Side Arm|p2b: Eeleven|[anim] Shell Side Arm Special
|-damage|p2b: Eeleven|0 fnt
|-hint|Special Shell Side Arm
|faint|p2b: Eeleven
|move|p2a: Marcos|Body Press|p1a: Incineroar
|-supereffective|p1a: Incineroar|1
|-damage|p1a: Incineroar|30/100
|move|p1a: Incineroar|Parting Shot|p2a: Marcos
|-unboost|p2a: Marcos|atk|1
|-unboost|p2a: Marcos|spa|1
|c| 282839393m|How is slowbro helping perish trap?
|
|t:|1784150344
|switch|p1a: Gengar|Gengar-Mega, L50, F|89/100 par|[from] Parting Shot
|
|-sideend|p2: tilremo|move: Tailwind
|upkeep
|c|☆tilremo|by getting quick draw quick claw kills lol
|
|t:|1784150356
|switch|p2b: Lola|Lopunny, L50, F|62/100
|turn|8
|c|☆firedestroyrr|G-slowbro is my niche demon
|c| 282839393m|Wow
|
|t:|1784150371
|move|p2b: Lola|U-turn|p1a: Gengar
|-resisted|p1a: Gengar|2
|-damage|p1a: Gengar|85/100 par
|move|p2a: Marcos|Drill Peck|p1a: Gengar
|-damage|p1a: Gengar|66/100 par
|cant|p1a: Gengar|par
|move|p1b: Slowbro|Shell Side Arm|p2b: Lola|[anim] Shell Side Arm Special
|-damage|p2b: Lola|1/100
|-hint|Special Shell Side Arm
|
|upkeep
|turn|9
|c| 282839393m|Ok
|c| 282839393m|That's something against garchomp though
|
|t:|1784150394
|move|p2b: Lola|U-turn|p1a: Gengar
|-resisted|p1a: Gengar|2
|-damage|p1a: Gengar|61/100 par
|move|p2a: Marcos|Drill Peck|p1a: Gengar
|-damage|p1a: Gengar|42/100 par
|move|p1a: Gengar|Perish Song|p1a: Gengar
|-start|p1a: Gengar|perish3|[silent]
|-start|p1b: Slowbro|perish3|[silent]
|-start|p2a: Marcos|perish3|[silent]
|-start|p2b: Lola|perish3|[silent]
|-fieldactivate|move: Perish Song
|move|p1b: Slowbro|Shell Side Arm|p2b: Lola|[anim] Shell Side Arm Special
|-damage|p2b: Lola|0 fnt
|-hint|Special Shell Side Arm
|faint|p2b: Lola
|
|-start|p2a: Marcos|perish3
|-start|p1a: Gengar|perish3
|-start|p1b: Slowbro|perish3
|upkeep
|turn|10
|c|☆tilremo|yeah I probably would have won this game if not for that quick draw
|c|☆tilremo|an EQ turn one would have been huge
|
|t:|1784150415
|move|p2a: Marcos|Drill Peck|p1a: Gengar
|-damage|p1a: Gengar|20/100y par
|move|p1a: Gengar|Shadow Ball|p2a: Marcos
|-damage|p2a: Marcos|31/100
|move|p1b: Slowbro|Ice Beam|p2a: Marcos
|-crit|p2a: Marcos
|-damage|p2a: Marcos|0 fnt
|faint|p2a: Marcos
|
|win|firedestroyrr
|c|☆firedestroyrr|ya its 50% for me to go first
|c| 282839393m|Yeah
|c|☆firedestroyrr|thats why I picked g-slowbro
|c|☆firedestroyrr|ggs
|c| 282839393m|Oh
