|j|☆bristolcitybewears
|j|☆TheAdmiral7946
|html|bristolcitybewearsTheAdmiral7946    
|uhtml|bestof|Game 1 of a best-of-3
|t:|1783884499
|gametype|doubles
|player|p1|bristolcitybewears|1|
|player|p2|TheAdmiral7946|larry|
|gen|9
|tier|[Gen 9 Champions] VGC 2026 Reg M-B (Bo3)
|rule|Species Clause: Limit one of each Pokémon
|rule|Item Clause: Limit 1 of each item
|clearpoke
|poke|p1|Maushold-Four, L50|
|poke|p1|Tauros-Paldea-Aqua, L50, M|
|poke|p1|Talonflame, L50, M|
|poke|p1|Floette-Eternal, L50, F|
|poke|p1|Gallade, L50, M|
|poke|p1|Chandelure, L50, M|
|poke|p2|Metagross, L50|
|poke|p2|Archaludon, L50, M|
|poke|p2|Pelipper, L50, F|
|poke|p2|Swampert, L50, M|
|poke|p2|Arbok, L50, F|
|poke|p2|Raichu, L50, F|
|teampreview|4
|showteam|p1|Maushold-Four||SitrusBerry|FriendGuard|FollowMe,Protect,SuperFang,Taunt|Timid|||||50|]Tauros-Paldea-Aqua||PayapaBerry|Intimidate|Protect,RagingBull,HighHorsepower,WildCharge|Adamant||M|||50|]Talonflame||FocusSash|GaleWings|SunnyDay,Tailwind,QuickGuard,FlareBlitz|Timid||M|||50|]Floette-Eternal||Floettite|FlowerVeil|LightofRuin,Protect,Endeavor,GrassKnot|Modest||F|||50|]Gallade||LumBerry|Sharpness|SacredSword,NightSlash,LeafBlade,SwordsDance|Jolly||M|||50|]Chandelure||LifeOrb|Infiltrator|ShadowBall,EnergyBall,Protect,HeatWave|Timid||M|||50|
|showteam|p2|Metagross||Metagrossite|ClearBody|IronHead,PsychicFangs,IcePunch,Protect|Jolly|||||50|]Archaludon||Leftovers|Stamina|ElectroShot,DragonPulse,FlashCannon,Protect|Modest||M|||50|]Pelipper||SitrusBerry|Drizzle|WeatherBall,Hurricane,Tailwind,Protect|Modest||F|||50|]Swampert||Swampertite|Torrent|WaveCrash,HighHorsepower,Earthquake,Protect|Adamant||M|||50|]Arbok||PayapaBerry|Intimidate|GunkShot,Earthquake,Coil,Protect|Adamant||F|||50|]Raichu||RaichuniteX|LightningRod|Thunderbolt,FakeOut,VoltSwitch,GrassKnot|Timid||F|||50|
|c|☆bristolcitybewears|there we go
|c|☆bristolcitybewears|gl hf
|c|☆TheAdmiral7946|glhf
|
|t:|1783884577
|teamsize|p1|4
|teamsize|p2|4
|start
|switch|p1a: Saka|Talonflame, L50, M|100/100
|switch|p1b: Kane|Gallade, L50, M|100/100
|switch|p2a: Pelipper|Pelipper, L50, F|100/100
|switch|p2b: Swampert|Swampert, L50, M|100/100
|-weather|RainDance|[from] ability: Drizzle|[of] p2a: Pelipper
|turn|1
|
|t:|1783884622
|switch|p1b: Tuchel|Chandelure, L50, M|100/100
|move|p2b: Swampert|Protect|p2b: Swampert
|-singleturn|p2b: Swampert|Protect
|move|p1a: Saka|Tailwind|p1a: Saka
|-sidestart|p1: bristolcitybewears|move: Tailwind
|move|p2a: Pelipper|Tailwind|p2a: Pelipper
|-sidestart|p2: TheAdmiral7946|move: Tailwind
|
|-weather|RainDance|[upkeep]
|upkeep
|turn|2
|
|t:|1783884670
|switch|p2b: Archaludon|Archaludon, L50, M|100/100
|switch|p2a: Metagross|Metagross, L50|100/100
|move|p1a: Saka|Sunny Day|p1a: Saka
|-weather|SunnyDay
|move|p1b: Tuchel|Energy Ball|p2b: Archaludon
|-resisted|p2b: Archaludon|2
|-damage|p2b: Archaludon|90/100
|-ability|p2b: Archaludon|Stamina|boost
|-boost|p2b: Archaludon|def|1
|-damage|p1b: Tuchel|90/100|[from] item: Life Orb
|
|-weather|SunnyDay|[upkeep]
|-heal|p2b: Archaludon|96/100|[from] item: Leftovers
|upkeep
|turn|3
|
|t:|1783884722
|switch|p2a: Pelipper|Pelipper, L50, F|100/100
|-weather|RainDance|[from] ability: Drizzle|[of] p2a: Pelipper
|move|p1a: Saka|Flare Blitz|p2a: Pelipper
|-resisted|p2a: Pelipper|1
|-damage|p2a: Pelipper|92/100
|-damage|p1a: Saka|97/100|[from] Recoil
|move|p1b: Tuchel|Heat Wave|p2a: Pelipper|[spread] p2a,p2b
|-resisted|p2a: Pelipper|1
|-damage|p2a: Pelipper|77/100
|-damage|p2b: Archaludon|70/100
|-ability|p2b: Archaludon|Stamina|boost
|-boost|p2b: Archaludon|def|1
|-damage|p1b: Tuchel|80/100|[from] item: Life Orb
|move|p2b: Archaludon|Dragon Pulse|p1a: Saka
|-damage|p1a: Saka|42/100
|
|-weather|RainDance|[upkeep]
|-heal|p2b: Archaludon|76/100|[from] item: Leftovers
|upkeep
|turn|4
|
|t:|1783884757
|switch|p2a: Swampert|Swampert, L50, M|100/100
|move|p1a: Saka|Sunny Day|p1a: Saka
|-weather|SunnyDay
|move|p1b: Tuchel|Heat Wave|p2b: Archaludon|[spread] p2a,p2b
|-resisted|p2a: Swampert|1
|-damage|p2a: Swampert|55/100
|-damage|p2b: Archaludon|0 fnt
|faint|p2b: Archaludon
|-damage|p1b: Tuchel|71/100|[from] item: Life Orb
|
|-weather|SunnyDay|[upkeep]
|-sideend|p2: TheAdmiral7946|move: Tailwind
|-sideend|p1: bristolcitybewears|move: Tailwind
|upkeep
|
|t:|1783884768
|switch|p2b: Pelipper|Pelipper, L50, F|77/100
|-weather|RainDance|[from] ability: Drizzle|[of] p2b: Pelipper
|turn|5
|
|t:|1783884801
|detailschange|p2a: Swampert|Swampert-Mega, L50, M
|-mega|p2a: Swampert|Swampert|Swampertite
|move|p2a: Swampert|Wave Crash|p1a: Saka
|-supereffective|p1a: Saka|1
|-damage|p1a: Saka|0 fnt
|faint|p1a: Saka
|-damage|p2a: Swampert|41/100|[from] Recoil
|move|p1b: Tuchel|Energy Ball|p2a: Swampert
|-supereffective|p2a: Swampert|2
|-damage|p2a: Swampert|0 fnt
|faint|p2a: Swampert
|-damage|p1b: Tuchel|61/100|[from] item: Life Orb
|move|p2b: Pelipper|Weather Ball|p1b: Tuchel
|-supereffective|p1b: Tuchel|1
|-damage|p1b: Tuchel|0 fnt
|faint|p1b: Tuchel
|
|-weather|RainDance|[upkeep]
|upkeep
|
|t:|1783884818
|switch|p1a: Kane|Gallade, L50, M|100/100
|switch|p1b: Gordon|Tauros-Paldea-Aqua, L50, M|100/100
|switch|p2a: Metagross|Metagross, L50|100/100
|-ability|p1b: Gordon|Intimidate|boost
|-fail|p2a: Metagross|unboost|[from] ability: Clear Body|[of] p2a: Metagross
|-unboost|p2b: Pelipper|atk|1
|turn|6
|
|t:|1783884845
|move|p2b: Pelipper|Protect|p2b: Pelipper
|-singleturn|p2b: Pelipper|Protect
|move|p1b: Gordon|Wild Charge|p2b: Pelipper
|-activate|p2b: Pelipper|move: Protect
|move|p1a: Kane|Night Slash|p2a: Metagross
|-supereffective|p2a: Metagross|1
|-damage|p2a: Metagross|28/100
|move|p2a: Metagross|Psychic Fangs|p1b: Gordon
|-supereffective|p1b: Gordon|1
|-enditem|p1b: Gordon|Payapa Berry|[eat]
|-enditem|p1b: Gordon|Payapa Berry|[weaken]
|-damage|p1b: Gordon|56/100
|
|-weather|RainDance|[upkeep]
|upkeep
|turn|7
|
|t:|1783884885
|move|p1b: Gordon|Wild Charge|p2b: Pelipper
|-supereffective|p2b: Pelipper|2
|-damage|p2b: Pelipper|0 fnt
|faint|p2b: Pelipper
|-damage|p1b: Gordon|36/100|[from] Recoil
|move|p1a: Kane|Night Slash|p2a: Metagross
|-supereffective|p2a: Metagross|1
|-damage|p2a: Metagross|0 fnt
|faint|p2a: Metagross
|
|win|bristolcitybewears
||TheAdmiral7946 is ready for game 2.
|inactive|bristolcitybewears has 30 seconds to confirm battle start!
||bristolcitybewears is ready for game 2.
|uhtml|next|Next: Game 2 of 3
|l|☆TheAdmiral7946
|player|p2|
