|j|☆andrewcips
|j|☆MatteoMabl
|html|andrewcipsMatteoMabl    
|uhtml|bestof|Game 3 of a best-of-3
|t:|1784222905
|gametype|doubles
|player|p1|andrewcips|alder|1229
|player|p2|MatteoMabl|102|1296
|gen|9
|tier|[Gen 9 Champions] VGC 2026 Reg M-B (Bo3)
|rated|
|rule|Species Clause: Limit one of each Pokémon
|rule|Item Clause: Limit 1 of each item
|clearpoke
|poke|p1|Charizard, L50, M|
|poke|p1|Whimsicott, L50, F|
|poke|p1|Basculegion, L50, M|
|poke|p1|Kingambit, L50, M|
|poke|p1|Garchomp, L50, M|
|poke|p1|Glimmora, L50, M|
|poke|p2|Charizard, L50, M|
|poke|p2|Venusaur, L50, M|
|poke|p2|Pelipper, L50, M|
|poke|p2|Archaludon, L50, F|
|poke|p2|Basculegion, L50, M|
|poke|p2|Grimmsnarl, L50, M|
|teampreview|4
|showteam|p1|Charizard||CharizarditeY|Blaze|HeatWave,WeatherBall,SolarBeam,Protect|Modest||M|||50|]Whimsicott||FocusSash|Prankster|Moonblast,Tailwind,Encore,Protect|Timid||F|||50|]Basculegion||MysticWater|Adaptability|WaveCrash,AquaJet,LastRespects,Protect|Adamant||M|||50|]Kingambit||BlackGlasses|Defiant|Protect,LowKick,KowtowCleave,SuckerPunch|Adamant||M|||50|]Garchomp||LifeOrb|RoughSkin|StompingTantrum,RockSlide,DragonClaw,Protect|Jolly||M|||50|]Glimmora||Glimmoranite|ToxicDebris|SludgeBomb,EarthPower,PowerGem,SpikyShield|Modest||M|||50|
|showteam|p2|Charizard||CharizarditeY|Blaze|HeatWave,SolarBeam,WeatherBall,Protect|Timid||M|||50|]Venusaur||FocusSash|Chlorophyll|SludgeBomb,EarthPower,SleepPowder,Protect|Modest||M|||50|]Pelipper||SitrusBerry|Drizzle|Hurricane,WeatherBall,Tailwind,WideGuard|Modest||M|||50|]Archaludon||Leftovers|Stamina|ElectroShot,DragonPulse,FlashCannon,Protect|Calm||F|||50|]Basculegion||ChoiceScarf|Adaptability|WaveCrash,LastRespects,AquaJet,FlipTurn|Adamant||M|||50|]Grimmsnarl||LightClay|Prankster|Reflect,LightScreen,SpiritBreak,PartingShot|Careful||M|||50|
|inactive|Battle timer is ON: inactive players will automatically lose when time's up. (requested by andrewcips)
|inactive|MatteoMabl has 60 seconds left.
|
|t:|1784222944
|teamsize|p1|4
|teamsize|p2|4
|start
|switch|p1a: Glimmora|Glimmora, L50, M|100/100
|switch|p1b: Kingambit|Kingambit, L50, M|100/100
|switch|p2a: Charizard|Charizard, L50, M|100/100
|switch|p2b: Grimmsnarl|Grimmsnarl, L50, M|100/100
|turn|1
|inactive|MatteoMabl has 30 seconds left.
|inactive|andrewcips has 30 seconds left.
|inactive|MatteoMabl has 20 seconds left.
|inactive|MatteoMabl has 15 seconds left.
|
|t:|1784222988
|switch|p1b: Garchomp|Garchomp, L50, M|100/100
|detailschange|p1a: Glimmora|Glimmora-Mega, L50, M
|-mega|p1a: Glimmora|Glimmora|Glimmoranite
|move|p2a: Charizard|Protect|p2a: Charizard
|-singleturn|p2a: Charizard|Protect
|move|p2b: Grimmsnarl|Reflect|p2b: Grimmsnarl
|-sidestart|p2: MatteoMabl|Reflect
|move|p1a: Glimmora|Sludge Bomb|p2b: Grimmsnarl
|-supereffective|p2b: Grimmsnarl|1
|-damage|p2b: Grimmsnarl|0 fnt
|faint|p2b: Grimmsnarl
|
|upkeep
|
|t:|1784223006
|switch|p2b: Venusaur|Venusaur, L50, M|100/100
|turn|2
|
|t:|1784223025
|detailschange|p2a: Charizard|Charizard-Mega-Y, L50, M
|-mega|p2a: Charizard|Charizard|Charizardite Y
|-weather|SunnyDay|[from] ability: Drought|[of] p2a: Charizard
|move|p1a: Glimmora|Spiky Shield|p1a: Glimmora
|-singleturn|p1a: Glimmora|move: Protect
|move|p2b: Venusaur|Earth Power|p1a: Glimmora
|-activate|p1a: Glimmora|move: Protect
|move|p1b: Garchomp|Rock Slide|p2b: Venusaur|[spread] p2a,p2b
|-supereffective|p2a: Charizard|2
|-damage|p2a: Charizard|17/100
|-damage|p2b: Venusaur|77/100
|-damage|p1b: Garchomp|90/100|[from] item: Life Orb
|cant|p2a: Charizard|flinch
|
|-weather|SunnyDay|[upkeep]
|upkeep
|turn|3
|
|t:|1784223049
|switch|p2a: Basculegion|Basculegion, L50, M|100/100
|switch|p1a: Whimsicott|Whimsicott, L50, F|100/100
|move|p2b: Venusaur|Earth Power|p1a: Whimsicott
|-resisted|p1a: Whimsicott|1
|-damage|p1a: Whimsicott|77/100
|move|p1b: Garchomp|Dragon Claw|p2b: Venusaur
|-damage|p2b: Venusaur|31/100
|-damage|p1b: Garchomp|80/100|[from] item: Life Orb
|
|-weather|SunnyDay|[upkeep]
|upkeep
|turn|4
|inactive|andrewcips has 30 seconds left.
|inactive|MatteoMabl has 30 seconds left.
|
|t:|1784223078
|move|p2b: Venusaur|Protect|p2b: Venusaur
|-singleturn|p2b: Venusaur|Protect
|move|p1a: Whimsicott|Encore|p2b: Venusaur
|-activate|p2b: Venusaur|move: Protect
|move|p2a: Basculegion|Last Respects|p1a: Whimsicott
|-damage|p1a: Whimsicott|0 fnt
|faint|p1a: Whimsicott
|move|p1b: Garchomp|Dragon Claw|p2a: Basculegion
|-damage|p2a: Basculegion|50/100g
|-damage|p1b: Garchomp|70/100|[from] item: Life Orb
|
|-weather|SunnyDay|[upkeep]
|upkeep
|
|t:|1784223085
|switch|p1a: Kingambit|Kingambit, L50, M|100/100
|turn|5
|inactive|MatteoMabl has 30 seconds left.
|inactive|MatteoMabl has 20 seconds left.
|inactive|MatteoMabl has 15 seconds left.
|inactive|andrewcips has 30 seconds left.
|
|t:|1784223138
|move|p2b: Venusaur|Sleep Powder|p1b: Garchomp
|-status|p1b: Garchomp|slp|[from] move: Sleep Powder
|move|p2a: Basculegion|Last Respects|p1b: Garchomp
|-damage|p1b: Garchomp|1/100 slp
|cant|p1b: Garchomp|slp
|move|p1a: Kingambit|Kowtow Cleave|p2a: Basculegion
|-supereffective|p2a: Basculegion|1
|-damage|p2a: Basculegion|0 fnt
|faint|p2a: Basculegion
|
|-weather|SunnyDay|[upkeep]
|upkeep
|
|t:|1784223149
|switch|p2a: Charizard|Charizard-Mega-Y, L50, M|17/100
|turn|6
|
|t:|1784223158
|move|p2a: Charizard|Protect|p2a: Charizard
|-singleturn|p2a: Charizard|Protect
|move|p1a: Kingambit|Protect|p1a: Kingambit
|-singleturn|p1a: Kingambit|Protect
|move|p2b: Venusaur|Sleep Powder|p1a: Kingambit
|-activate|p1a: Kingambit|move: Protect
|-curestatus|p1b: Garchomp|slp|[msg]
|move|p1b: Garchomp|Rock Slide|p2b: Venusaur|[spread] p2b
|-activate|p2a: Charizard|move: Protect
|-damage|p2b: Venusaur|8/100
|-damage|p1b: Garchomp|0 fnt|[from] item: Life Orb
|faint|p1b: Garchomp
|
|-weather|none
|upkeep
|
|t:|1784223170
|switch|p1b: Glimmora|Glimmora-Mega, L50, M|100/100
|turn|7
|
|t:|1784223192
|move|p1a: Kingambit|Sucker Punch|p2a: Charizard
|-damage|p2a: Charizard|0 fnt
|faint|p2a: Charizard
|move|p1b: Glimmora|Power Gem|p2b: Venusaur
|-damage|p2b: Venusaur|0 fnt
|faint|p2b: Venusaur
|
|win|andrewcips
|raw|andrewcips's rating: 1229 → 1259(+30 for winning)
|raw|MatteoMabl's rating: 1296 → 1266(-30 for losing)
|l|☆MatteoMabl
|player|p2|
