|j|☆mocha gob
|j|☆spoolingus
|html|mocha gobspoolingus    
|uhtml|bestof|Game 2 of a best-of-3
|t:|1782180033
|gametype|doubles
|player|p1|mocha gob|hiker|1084
|player|p2|spoolingus|170|1140
|gen|9
|tier|[Gen 9 Champions] VGC 2026 Reg M-B (Bo3)
|rated|
|rule|Species Clause: Limit one of each Pokémon
|rule|Item Clause: Limit 1 of each item
|clearpoke
|poke|p1|Raichu, L50, F|
|poke|p1|Staraptor, L50, F|
|poke|p1|Whimsicott, L50, M|
|poke|p1|Weavile, L50, M|
|poke|p1|Incineroar, L50, M|
|poke|p1|Maushold, L50|
|poke|p2|Swampert, L50, F|
|poke|p2|Sinistcha, L50|
|poke|p2|Pelipper, L50, M|
|poke|p2|Sableye, L50, M|
|poke|p2|Archaludon, L50, F|
|poke|p2|Kingambit, L50, M|
|teampreview|4
|showteam|p1|Raichu||RaichuniteY|LightningRod|NastyPlot,FocusBlast,Thunder,Protect|Hasty||F|||50|]Staraptor||Staraptite|Intimidate|CloseCombat,BraveBird,Roost,Protect|Adamant||F|||50|]Whimsicott||MiracleSeed|Prankster|Tailwind,SunnyDay,EnergyBall,Charm|Bold||M|||50|]Weavile||FocusSash|Pressure|FakeOut,KnockOff,TripleAxel,IceShard|Jolly||M|||50|]Incineroar||SitrusBerry|Intimidate|FakeOut,FlareBlitz,DarkestLariat,PartingShot|Adamant||M|||50|]Maushold||SilkScarf|FriendGuard|PopulationBomb,FollowMe,Encore,SuperFang|Adamant|||||50|
|showteam|p2|Swampert||Swampertite|Torrent|WaveCrash,HighHorsepower,KnockOff,Protect|Adamant||F|||50|]Sinistcha||KasibBerry|Hospitality|MatchaGotcha,RagePowder,TrickRoom,LifeDew|Bold|||||50|]Pelipper||FocusSash|Drizzle|WeatherBall,Hurricane,Tailwind,Protect|Modest||M|||50|]Sableye||LightClay|Prankster|RainDance,Quash,LightScreen,Reflect|Calm||M|||50|]Archaludon||Leftovers|Stamina|ElectroShot,DragonPulse,FlashCannon,Protect|Calm||F|||50|]Kingambit||ChopleBerry|Defiant|KowtowCleave,SuckerPunch,IronHead,LowKick|Adamant||M|||50|
|inactive|Battle timer is ON: inactive players will automatically lose when time's up. (requested by mocha gob)
|inactive|spoolingus has 60 seconds left.
|
|t:|1782180077
|teamsize|p1|4
|teamsize|p2|4
|start
|switch|p1a: Whimsicott|Whimsicott, L50, M|100/100
|switch|p1b: Staraptor|Staraptor, L50, F|100/100
|switch|p2a: Sableye|Sableye, L50, M|100/100
|switch|p2b: Pelipper|Pelipper, L50, M|100/100
|-ability|p1b: Staraptor|Intimidate|boost
|-unboost|p2a: Sableye|atk|1
|-unboost|p2b: Pelipper|atk|1
|-weather|RainDance|[from] ability: Drizzle|[of] p2b: Pelipper
|turn|1
|
|t:|1782180089
|detailschange|p1b: Staraptor|Staraptor-Mega, L50, F
|-mega|p1b: Staraptor|Staraptor|Staraptite
|move|p1b: Staraptor|Protect|p1b: Staraptor
|-singleturn|p1b: Staraptor|Protect
|move|p1a: Whimsicott|Tailwind|p1a: Whimsicott
|-sidestart|p1: mocha gob|move: Tailwind
|move|p2a: Sableye|Rain Dance||[still]
|-fail|p2a: Sableye
|move|p2b: Pelipper|Hurricane|p1b: Staraptor
|-activate|p1b: Staraptor|move: Protect
|
|-weather|RainDance|[upkeep]
|upkeep
|turn|2
|inactive|mocha gob has 30 seconds left.
|
|t:|1782180122
|switch|p1b: Maushold|Maushold, L50|100/100
|move|p2a: Sableye|Rain Dance||[still]
|-fail|p2a: Sableye
|move|p1a: Whimsicott|Energy Ball|p2a: Sableye
|-damage|p2a: Sableye|56/100
|move|p2b: Pelipper|Hurricane|p1a: Whimsicott
|-supereffective|p1a: Whimsicott|1
|-damage|p1a: Whimsicott|0 fnt
|faint|p1a: Whimsicott
|
|-weather|RainDance|[upkeep]
|upkeep
|
|t:|1782180132
|switch|p1a: Incineroar|Incineroar, L50, M|100/100
|-ability|p1a: Incineroar|Intimidate|boost
|-unboost|p2a: Sableye|atk|1
|-unboost|p2b: Pelipper|atk|1
|turn|3
|
|t:|1782180141
|move|p2b: Pelipper|Protect|p2b: Pelipper
|-singleturn|p2b: Pelipper|Protect
|move|p1a: Incineroar|Fake Out|p2b: Pelipper
|-activate|p2b: Pelipper|move: Protect
|move|p2a: Sableye|Reflect|p2a: Sableye
|-sidestart|p2: spoolingus|Reflect
|move|p1b: Maushold|Population Bomb|p2b: Pelipper
|-activate|p2b: Pelipper|move: Protect
|
|-weather|RainDance|[upkeep]
|upkeep
|turn|4
|inactive|spoolingus has 30 seconds left.
|
|t:|1782180176
|switch|p1a: Staraptor|Staraptor-Mega, L50, F|100/100
|switch|p2b: Archaludon|Archaludon, L50, F|100/100
|move|p2a: Sableye|Quash|p1b: Maushold
|-activate|p1b: Maushold|move: Quash
|move|p1b: Maushold|Encore||[still]
|-fail|p1b: Maushold
|
|-weather|RainDance|[upkeep]
|-sideend|p1: mocha gob|move: Tailwind
|upkeep
|turn|5
|
|t:|1782180190
|move|p1b: Maushold|Follow Me|p1b: Maushold
|-singleturn|p1b: Maushold|move: Follow Me
|move|p2a: Sableye|Quash||[still]
|-fail|p2a: Sableye
|move|p1a: Staraptor|Close Combat|p2b: Archaludon
|-supereffective|p2b: Archaludon|1
|-damage|p2b: Archaludon|29/100
|-boost|p1a: Staraptor|def|1
|-boost|p1a: Staraptor|spd|1
|-ability|p2b: Archaludon|Stamina|boost
|-boost|p2b: Archaludon|def|1
|move|p2b: Archaludon|Electro Shot||[still]
|-prepare|p2b: Archaludon|Electro Shot
|-boost|p2b: Archaludon|spa|1
|-anim|p2b: Archaludon|Electro Shot|p1b: Maushold
|-damage|p1b: Maushold|21/100
|
|-weather|none
|-heal|p2b: Archaludon|35/100|[from] item: Leftovers
|upkeep
|turn|6
|inactive|spoolingus has 30 seconds left.
|
|t:|1782180225
|move|p2b: Archaludon|Protect|p2b: Archaludon
|-singleturn|p2b: Archaludon|Protect
|move|p2a: Sableye|Rain Dance|p2a: Sableye
|-weather|RainDance
|move|p1b: Maushold|Encore|p2b: Archaludon
|-activate|p2b: Archaludon|move: Protect
|move|p1a: Staraptor|Brave Bird|p2a: Sableye
|-damage|p2a: Sableye|0 fnt
|faint|p2a: Sableye
|-damage|p1a: Staraptor|84/100|[from] Recoil
|
|-weather|RainDance|[upkeep]
|-heal|p2b: Archaludon|41/100|[from] item: Leftovers
|upkeep
|
|t:|1782180235
|switch|p2a: Pelipper|Pelipper, L50, M|100/100
|turn|7
|
|t:|1782180252
|switch|p2b: Swampert|Swampert, L50, F|100/100
|move|p1b: Maushold|Encore||[still]
|-fail|p1b: Maushold
|move|p1a: Staraptor|Brave Bird|p2a: Pelipper
|-damage|p2a: Pelipper|42/100
|-damage|p1a: Staraptor|71/100|[from] Recoil
|move|p2a: Pelipper|Tailwind|p2a: Pelipper
|-sidestart|p2: spoolingus|move: Tailwind
|
|-weather|RainDance|[upkeep]
|upkeep
|turn|8
|
|t:|1782180266
|detailschange|p2b: Swampert|Swampert-Mega, L50, F
|-mega|p2b: Swampert|Swampert|Swampertite
|move|p1b: Maushold|Follow Me|p1b: Maushold
|-singleturn|p1b: Maushold|move: Follow Me
|move|p2b: Swampert|Wave Crash|p1b: Maushold
|-damage|p1b: Maushold|0 fnt
|faint|p1b: Maushold
|-damage|p2b: Swampert|93/100|[from] Recoil
|move|p2a: Pelipper|Hurricane|p1a: Staraptor
|-supereffective|p1a: Staraptor|1
|-damage|p1a: Staraptor|4/100
|move|p1a: Staraptor|Close Combat|p2b: Swampert
|-damage|p2b: Swampert|53/100
|-boost|p1a: Staraptor|def|1
|-boost|p1a: Staraptor|spd|1
|
|-weather|RainDance|[upkeep]
|upkeep
|
|t:|1782180280
|switch|p1b: Incineroar|Incineroar, L50, M|100/100
|-ability|p1b: Incineroar|Intimidate|boost
|-unboost|p2a: Pelipper|atk|1
|-unboost|p2b: Swampert|atk|1
|turn|9
|
|t:|1782180290
|move|p1b: Incineroar|Fake Out|p2b: Swampert
|-damage|p2b: Swampert|44/100
|cant|p2b: Swampert|flinch
|move|p2a: Pelipper|Hurricane|p1a: Staraptor
|-supereffective|p1a: Staraptor|1
|-damage|p1a: Staraptor|0 fnt
|faint|p1a: Staraptor
|
|-weather|RainDance|[upkeep]
|upkeep
|turn|10
|
|t:|1782180300
|move|p2b: Swampert|Wave Crash|p1b: Incineroar
|-supereffective|p1b: Incineroar|1
|-damage|p1b: Incineroar|0 fnt
|faint|p1b: Incineroar
|-damage|p2b: Swampert|6/100|[from] Recoil
|
|win|spoolingus
|raw|mocha gob's rating: 1084 → 1065(-19 for losing)
|raw|spoolingus's rating: 1140 → 1161(+21 for winning)
|l|☆mocha gob
|player|p1|
