|j|☆juaquiness
|j|☆C0ozer
|html|juaquinessC0ozer    
|uhtml|bestof|Game 2 of a best-of-3
|t:|1785161932
|gametype|doubles
|player|p1|juaquiness|1|1265
|player|p2|C0ozer|lucas|1202
|gen|9
|tier|[Gen 9 Champions] VGC 2026 Reg M-B (Bo3)
|rated|
|rule|Species Clause: Limit one of each Pokémon
|rule|Item Clause: Limit 1 of each item
|clearpoke
|poke|p1|Floette-Eternal, L50, F|
|poke|p1|Basculegion, L50, M|
|poke|p1|Garchomp, L50, F|
|poke|p1|Charizard, L50, F|
|poke|p1|Whimsicott, L50, M|
|poke|p1|Kingambit, L50, F|
|poke|p2|Charizard, L50, M|
|poke|p2|Garchomp, L50, F|
|poke|p2|Whimsicott, L50, F|
|poke|p2|Tsareena, L50, F|
|poke|p2|Incineroar, L50, M|
|poke|p2|Basculegion, L50, M|
|teampreview|4
|showteam|p1|Floette-Eternal||Floettite|FlowerVeil|Protect,LightofRuin,Moonblast,DazzlingGleam|Modest||F|||50|]Basculegion||ChoiceScarf|Adaptability|LastRespects,AquaJet,FlipTurn,WaveCrash|Jolly||M|||50|]Garchomp||LifeOrb|RoughSkin|Protect,StompingTantrum,DragonClaw,Earthquake|Jolly||F|||50|]Charizard||CharizarditeY|Blaze|Protect,WeatherBall,HeatWave,SolarBeam|Modest||F|||50|]Whimsicott||FairyFeather|Prankster|Tailwind,Encore,Moonblast,Protect|Timid||M|||50|]Kingambit||FocusSash|Defiant|SuckerPunch,KowtowCleave,LowKick,IronHead|Adamant||F|||50|
|showteam|p2|Charizard||CharizarditeY|Blaze|HeatWave,WeatherBall,SolarBeam,Protect|Modest||M|||50|]Garchomp||LifeOrb|RoughSkin|Earthquake,RockSlide,DragonClaw,Protect|Jolly||F|||50|]Whimsicott||FocusSash|Prankster|Moonblast,Tailwind,Encore,Protect|Timid||F|||50|]Tsareena||WideLens|QueenlyMajesty|TripleAxel,PowerWhip,KnockOff,Protect|Jolly||F|||50|]Incineroar||SitrusBerry|Intimidate|FakeOut,FlareBlitz,ThroatChop,PartingShot|Impish||M|||50|]Basculegion||MysticWater|Adaptability|LastRespects,AquaJet,WaveCrash,Protect|Adamant||M|||50|
|inactive|Battle timer is ON: inactive players will automatically lose when time's up. (requested by C0ozer)
|inactive|juaquiness has 60 seconds left.
|
|t:|1785161968
|teamsize|p1|4
|teamsize|p2|4
|start
|switch|p1a: Kingambit|Kingambit, L50, F|100/100
|switch|p1b: Floette|Floette-Eternal, L50, F|100/100
|switch|p2a: Floofy|Whimsicott, L50, F|100/100
|switch|p2b: Chariyard|Charizard, L50, M|100/100
|turn|1
|
|t:|1785161981
|detailschange|p1b: Floette|Floette-Mega, L50, F
|-mega|p1b: Floette|Floette|Floettite
|-ability|p1b: Floette|Fairy Aura
|detailschange|p2b: Chariyard|Charizard-Mega-Y, L50, M
|-mega|p2b: Chariyard|Charizard|Charizardite Y
|-weather|SunnyDay|[from] ability: Drought|[of] p2b: Chariyard
|move|p2a: Floofy|Tailwind|p2a: Floofy
|-sidestart|p2: C0ozer|move: Tailwind
|move|p1a: Kingambit|Sucker Punch|p2b: Chariyard
|-damage|p2b: Chariyard|53/100
|move|p2b: Chariyard|Heat Wave|p1a: Kingambit|[spread] p1a,p1b
|-supereffective|p1a: Kingambit|1
|-enditem|p1a: Kingambit|Focus Sash
|-damage|p1a: Kingambit|1/100
|-damage|p1b: Floette|42/100
|move|p1b: Floette|Light of Ruin|p2b: Chariyard
|-resisted|p2b: Chariyard|1
|-damage|p2b: Chariyard|0 fnt
|faint|p2b: Chariyard
|-damage|p1b: Floette|13/100|[from] Recoil
|
|-weather|SunnyDay|[upkeep]
|upkeep
|
|t:|1785161999
|switch|p2b: HIgh EQ|Garchomp, L50, F|100/100
|turn|2
|
|t:|1785162014
|move|p2a: Floofy|Protect|p2a: Floofy
|-singleturn|p2a: Floofy|Protect
|move|p1b: Floette|Protect|p1b: Floette
|-singleturn|p1b: Floette|Protect
|move|p1a: Kingambit|Sucker Punch||[still]
|-fail|p1a: Kingambit
|move|p2b: HIgh EQ|Earthquake|p1b: Floette|[spread] p1a
|-activate|p2a: Floofy|move: Protect
|-activate|p1b: Floette|move: Protect
|-supereffective|p1a: Kingambit|1
|-damage|p1a: Kingambit|0 fnt
|faint|p1a: Kingambit
|-damage|p2b: HIgh EQ|90/100|[from] item: Life Orb
|
|-weather|SunnyDay|[upkeep]
|upkeep
|
|t:|1785162030
|switch|p1a: Basculegion|Basculegion, L50, M|100/100
|turn|3
|
|t:|1785162039
|move|p1b: Floette|Protect|p1b: Floette
|-singleturn|p1b: Floette|Protect
|move|p2a: Floofy|Moonblast|p1a: Basculegion
|-damage|p1a: Basculegion|44/100
|move|p2b: HIgh EQ|Rock Slide|p1b: Floette|[spread] p1a
|-activate|p1b: Floette|move: Protect
|-damage|p1a: Basculegion|18/100
|-damage|p2b: HIgh EQ|80/100|[from] item: Life Orb
|move|p1a: Basculegion|Last Respects|p2b: HIgh EQ
|-damage|p2b: HIgh EQ|25/100
|
|-weather|SunnyDay|[upkeep]
|upkeep
|turn|4
|
|t:|1785162052
|switch|p1a: Garchomp|Garchomp, L50, F|100/100
|move|p2a: Floofy|Protect|p2a: Floofy
|-singleturn|p2a: Floofy|Protect
|move|p2b: HIgh EQ|Earthquake|p1a: Garchomp|[spread] p1a,p1b
|-activate|p2a: Floofy|move: Protect
|-damage|p1a: Garchomp|51/100
|-damage|p1b: Floette|0 fnt
|faint|p1b: Floette
|-damage|p2b: HIgh EQ|15/100|[from] item: Life Orb
|
|-weather|SunnyDay|[upkeep]
|-sideend|p2: C0ozer|move: Tailwind
|upkeep
|
|t:|1785162060
|switch|p1b: Basculegion|Basculegion, L50, M|18/100
|turn|5
|
|t:|1785162084
|move|p1b: Basculegion|Aqua Jet|p2b: HIgh EQ
|-damage|p2b: HIgh EQ|4/100
|-damage|p1b: Basculegion|6/100|[from] ability: Rough Skin|[of] p2b: HIgh EQ
|move|p2a: Floofy|Tailwind|p2a: Floofy
|-sidestart|p2: C0ozer|move: Tailwind
|move|p2b: HIgh EQ|Earthquake|p1b: Basculegion|[spread] p2a,p1a,p1b
|-resisted|p2a: Floofy|1
|-damage|p2a: Floofy|62/100
|-damage|p1a: Garchomp|1/100
|-damage|p1b: Basculegion|0 fnt
|faint|p1b: Basculegion
|-damage|p2b: HIgh EQ|0 fnt|[from] item: Life Orb
|faint|p2b: HIgh EQ
|move|p1a: Garchomp|Stomping Tantrum|p2a: Floofy
|-resisted|p2a: Floofy|1
|-damage|p2a: Floofy|22/100
|-damage|p1a: Garchomp|0 fnt|[from] item: Life Orb
|faint|p1a: Garchomp
|
|win|C0ozer
|raw|juaquiness's rating: 1265 → 1236(-29 for losing)
|raw|C0ozer's rating: 1202 → 1231(+29 for winning)
|c|☆juaquiness|Ggwp
|l|☆juaquiness
|player|p1|
