|j|☆Pallos
|j|☆bongus_real
|html|Pallosbongus_real    
|uhtml|bestof|Game 1 of a best-of-3
|t:|1785692353
|gametype|doubles
|player|p1|Pallos|colress|
|player|p2|bongus_real|wallace|
|gen|9
|tier|[Gen 9 Champions] VGC 2026 Reg M-B (Bo3)
|rule|Species Clause: Limit one of each Pokémon
|rule|Item Clause: Limit 1 of each item
|clearpoke
|poke|p1|Aerodactyl, L50, M|
|poke|p1|Politoed, L50, M, shiny|
|poke|p1|Basculegion, L50, M, shiny|
|poke|p1|Kangaskhan, L50, F|
|poke|p1|Scovillain, L50, F|
|poke|p1|Raichu-Alola, L50, M, shiny|
|poke|p2|Dragapult, L50, M|
|poke|p2|Kingambit, L50, M|
|poke|p2|Infernape, L50, M|
|poke|p2|Gardevoir, L50, M|
|poke|p2|Vivillon, L50, M|
|poke|p2|Chesnaught, L50, F|
|teampreview|4
|showteam|p1|Aerodactyl||FocusSash|Unnerve|RockSlide,DualWingbeat,Tailwind,WideGuard|Adamant||M|||50|]Politoed||Leftovers|Drizzle|WeatherBall,Encore,PerishSong,Protect|Bold||M|||50|]Basculegion||SitrusBerry|SwiftSwim|WaveCrash,LastRespects,FlipTurn,Protect|Adamant||M|||50|]Kangaskhan||SilkScarf|InnerFocus|FakeOut,LastResort|Adamant||F|||50|]Scovillain||Scovillainite|Moody|Overheat,EnergyBall,RagePowder,Protect|Bold||F|||50|]Raichu-Alola||ChoiceScarf|SurgeSurfer|Thunder,Psychic,Thunderbolt,VoltSwitch|Modest||M|||50|
|showteam|p2|Dragapult||LifeOrb|CursedBody|ShadowBall,DracoMeteor,WillOWisp,Protect|Timid||M|||50|]Kingambit||BlackGlasses|Defiant|SwordsDance,KowtowCleave,SuckerPunch,Protect|Adamant||M|||50|]Infernape||FocusSash|IronFist|FakeOut,CloseCombat,KnockOff,MachPunch|Adamant||M|||50|]Gardevoir||Gardevoirite|Trace|HyperVoice,Psychic,Protect,TrickRoom|Modest||M|||50|]Vivillon||ChoiceScarf|CompoundEyes|SleepPowder,Hurricane,StringShot,RagePowder|Timid||M|||50|]Chesnaught||OccaBerry|Bulletproof|SpikyShield,IronDefense,BodyPress,WoodHammer|Impish||F|||50|
|inactive|Battle timer is ON: inactive players will automatically lose when time's up. (requested by Pallos)
|inactive|bongus_real has 60 seconds left.
|inactive|bongus_real has 30 seconds left.
|inactive|bongus_real has 20 seconds left.
|
|t:|1785692440
|teamsize|p1|4
|teamsize|p2|4
|start
|switch|p1a: Basculegion|Basculegion, L50, M, shiny|100/100
|switch|p1b: Politoed|Politoed, L50, M, shiny|100/100
|switch|p2a: Gardevoir|Gardevoir, L50, M|100/100
|switch|p2b: Infernape|Infernape, L50, M|100/100
|-ability|p2a: Gardevoir|Swift Swim|Trace|[from] ability: Trace|[of] p1a: Basculegion
|-weather|RainDance|[from] ability: Drizzle|[of] p1b: Politoed
|turn|1
|inactive|bongus_real has 30 seconds left.
|inactive|bongus_real has 20 seconds left.
|inactive|bongus_real has 15 seconds left.
|
|t:|1785692481
|switch|p2a: Chesnaught|Chesnaught, L50, F|100/100
|switch|p2b: 17|Kingambit, L50, M|100/100
|move|p1b: Politoed|Protect|p1b: Politoed
|-singleturn|p1b: Politoed|Protect
|move|p1a: Basculegion|Flip Turn|p2b: 17
|-damage|p2b: 17|66/100
|
|t:|1785692493
|switch|p1a: Scovillain|Scovillain, L50, F|100/100|[from] Flip Turn
|
|-weather|RainDance|[upkeep]
|-ability|p1a: Scovillain|Moody|boost
|-boost|p1a: Scovillain|atk|2
|-unboost|p1a: Scovillain|spe|1
|upkeep
|turn|2
|inactive|Pallos has 30 seconds left.
|inactive|bongus_real has 30 seconds left.
|inactive|bongus_real has 20 seconds left.
|inactive|bongus_real has 15 seconds left.
|inactive|bongus_real has 10 seconds left.
|
|t:|1785692540
|detailschange|p1a: Scovillain|Scovillain-Mega, L50, F
|-mega|p1a: Scovillain|Scovillain|Scovillainite
|move|p1b: Politoed|Weather Ball|p2b: 17
|-damage|p2b: 17|14/100
|move|p2a: Chesnaught|Wood Hammer|p1b: Politoed
|-supereffective|p1b: Politoed|1
|-damage|p1b: Politoed|20/100y
|-damage|p2a: Chesnaught|73/100|[from] Recoil
|move|p2b: 17|Kowtow Cleave|p1a: Scovillain
|-damage|p1a: Scovillain|51/100
|-status|p2b: 17|brn|[from] ability: Spicy Spray|[of] p1a: Scovillain
|move|p1a: Scovillain|Overheat|p2b: 17
|-supereffective|p2b: 17|1
|-damage|p2b: 17|0 fnt
|-unboost|p1a: Scovillain|spa|2
|faint|p2b: 17
|
|-weather|RainDance|[upkeep]
|-heal|p1b: Politoed|26/100|[from] item: Leftovers
|upkeep
|
|t:|1785692560
|switch|p2b: Gardevoir|Gardevoir, L50, M|100/100
|-ability|p2b: Gardevoir|Drizzle|Trace|[from] ability: Trace|[of] p1b: Politoed
|turn|3
|
|t:|1785692580
|switch|p1b: Aerodactyl|Aerodactyl, L50, M|100/100
|-ability|p1b: Aerodactyl|Unnerve
|detailschange|p2b: Gardevoir|Gardevoir-Mega, L50, M
|-mega|p2b: Gardevoir|Gardevoir|Gardevoirite
|move|p1a: Scovillain|Rage Powder|p1a: Scovillain
|-singleturn|p1a: Scovillain|move: Rage Powder
|move|p2a: Chesnaught|Iron Defense|p2a: Chesnaught
|-boost|p2a: Chesnaught|def|2
|move|p2b: Gardevoir|Trick Room|p2b: Gardevoir
|-fieldstart|move: Trick Room|[of] p2b: Gardevoir
|
|-weather|RainDance|[upkeep]
|upkeep
|turn|4
|inactive|Pallos has 30 seconds left.
|
|t:|1785692612
|move|p1a: Scovillain|Rage Powder|p1a: Scovillain
|-singleturn|p1a: Scovillain|move: Rage Powder
|move|p2a: Chesnaught|Body Press|p1b: Aerodactyl
|-enditem|p1b: Aerodactyl|Focus Sash
|-damage|p1b: Aerodactyl|1/100
|move|p2b: Gardevoir|Hyper Voice|p1b: Aerodactyl|[spread] p1a,p1b
|-resisted|p1a: Scovillain|1
|-damage|p1a: Scovillain|20/100y
|-damage|p1b: Aerodactyl|0 fnt
|-status|p2b: Gardevoir|brn|[from] ability: Spicy Spray|[of] p1a: Scovillain
|faint|p1b: Aerodactyl
|
|-weather|RainDance|[upkeep]
|-damage|p2b: Gardevoir|94/100 brn|[from] brn
|upkeep
|
|t:|1785692624
|switch|p1b: Basculegion|Basculegion, L50, M, shiny|100/100
|turn|5
|inactive|Pallos has 30 seconds left.
|
|t:|1785692658
|move|p1a: Scovillain|Protect|p1a: Scovillain
|-singleturn|p1a: Scovillain|Protect
|move|p1b: Basculegion|Protect|p1b: Basculegion
|-singleturn|p1b: Basculegion|Protect
|move|p2a: Chesnaught|Wood Hammer|p1b: Basculegion
|-activate|p1b: Basculegion|move: Protect
|move|p2b: Gardevoir|Hyper Voice|p1b: Basculegion|[spread] 
|-activate|p1a: Scovillain|move: Protect
|-activate|p1b: Basculegion|move: Protect
|
|-weather|none
|-damage|p2b: Gardevoir|88/100 brn|[from] brn
|upkeep
|turn|6
|
|t:|1785692674
|move|p1a: Scovillain|Overheat|p2a: Chesnaught
|-supereffective|p2a: Chesnaught|1
|-enditem|p2a: Chesnaught|Occa Berry|[eat]
|-enditem|p2a: Chesnaught|Occa Berry|[weaken]
|-damage|p2a: Chesnaught|46/100
|-unboost|p1a: Scovillain|spa|2
|move|p2a: Chesnaught|Wood Hammer|p1b: Basculegion
|-supereffective|p1b: Basculegion|1
|-damage|p1b: Basculegion|0 fnt
|faint|p1b: Basculegion
|-damage|p2a: Chesnaught|9/100|[from] Recoil
|move|p2b: Gardevoir|Hyper Voice|p1a: Scovillain
|-resisted|p1a: Scovillain|1
|-damage|p1a: Scovillain|0 fnt
|faint|p1a: Scovillain
|
|-damage|p2b: Gardevoir|82/100 brn|[from] brn
|upkeep
|
|t:|1785692683
|switch|p1b: Politoed|Politoed, L50, M, shiny|26/100
|-weather|RainDance|[from] ability: Drizzle|[of] p1b: Politoed
|turn|7
|
|t:|1785692688
|move|p2a: Chesnaught|Body Press|p1b: Politoed
|-damage|p1b: Politoed|0 fnt
|faint|p1b: Politoed
|
|win|bongus_real
||bongus_real is ready for game 2.
||Pallos is ready for game 2.
|uhtml|next|Next: Game 2 of 3
|l|☆Pallos
|player|p1|
