|j|☆MetMattone
|j|☆lettitripppp
|html|MetMattonelettitripppp    
|uhtml|bestof|Game 2 of a best-of-3
|t:|1782767310
|gametype|doubles
|player|p1|MetMattone|iono|1218
|player|p2|lettitripppp|lucas|1196
|gen|9
|tier|[Gen 9 Champions] VGC 2026 Reg M-B (Bo3)
|rated|
|rule|Species Clause: Limit one of each Pokémon
|rule|Item Clause: Limit 1 of each item
|clearpoke
|poke|p1|Swampert, L50, M|
|poke|p1|Pelipper, L50, F|
|poke|p1|Archaludon, L50, F|
|poke|p1|Sinistcha, L50|
|poke|p1|Weavile, L50, M|
|poke|p1|Metagross, L50|
|poke|p2|Charizard, L50, M|
|poke|p2|Floette-Eternal, L50, F|
|poke|p2|Basculegion, L50, M, shiny|
|poke|p2|Garchomp, L50, M|
|poke|p2|Whimsicott, L50, F, shiny|
|poke|p2|Kingambit, L50, F|
|teampreview|4
|showteam|p1|Swampert||Swampertite|Torrent|Protect,HighHorsepower,WaveCrash,IcePunch|Adamant||M|||50|]Pelipper||SitrusBerry|Drizzle|Hurricane,WideGuard,Tailwind,WeatherBall|Modest||F|||50|]Archaludon||Leftovers|Stamina|ElectroShot,FlashCannon,DragonPulse,Protect|Modest||F|||50|]Sinistcha||KasibBerry|Hospitality|MatchaGotcha,RagePowder,LifeDew,TrickRoom|Bold|||||50|]Weavile||FocusSash|Pressure|FakeOut,RainDance,KnockOff,IcicleSpear|Jolly||M|||50|]Metagross||Metagrossite|ClearBody|IronHead,PsychicFangs,Protect,BodyPress|Jolly|||||50|
|showteam|p2|Charizard||CharizarditeY|Blaze|WeatherBall,SolarBeam,HeatWave,Protect|Modest||M|||50|]Floette-Eternal||Floettite|FlowerVeil|DazzlingGleam,LightofRuin,Moonblast,Protect|Timid||F|||50|]Basculegion||MysticWater|Adaptability|LastRespects,WaveCrash,AquaJet,Protect|Adamant||M|||50|]Garchomp||LifeOrb|RoughSkin|DragonClaw,Earthquake,RockSlide,Protect|Jolly||M|||50|]Whimsicott||FocusSash|Prankster|Moonblast,Tailwind,Encore,Protect|Timid||F|||50|]Kingambit||ChopleBerry|Defiant|KowtowCleave,SuckerPunch,IronHead,LowKick|Adamant||F|||50|
|inactive|Battle timer is ON: inactive players will automatically lose when time's up. (requested by lettitripppp)
|
|t:|1782767336
|teamsize|p1|4
|teamsize|p2|4
|start
|switch|p1a: Weavile|Weavile, L50, M|100/100
|switch|p1b: Archaludon|Archaludon, L50, F|100/100
|switch|p2a: LETS GO GO|Whimsicott, L50, F, shiny|100/100
|switch|p2b: GENERAL BLADUS|Kingambit, L50, F|100/100
|-ability|p1a: Weavile|Pressure
|turn|1
|
|t:|1782767361
|move|p2a: LETS GO GO|Protect|p2a: LETS GO GO
|-singleturn|p2a: LETS GO GO|Protect
|move|p1b: Archaludon|Protect|p1b: Archaludon
|-singleturn|p1b: Archaludon|Protect
|move|p1a: Weavile|Icicle Spear|p2a: LETS GO GO
|-activate|p2a: LETS GO GO|move: Protect
|move|p2b: GENERAL BLADUS|Iron Head|p1a: Weavile
|-supereffective|p1a: Weavile|1
|-enditem|p1a: Weavile|Focus Sash
|-damage|p1a: Weavile|1/100
|
|upkeep
|turn|2
|inactive|MetMattone has 30 seconds left.
|
|t:|1782767389
|switch|p1b: Pelipper|Pelipper, L50, F|100/100
|-weather|RainDance|[from] ability: Drizzle|[of] p1b: Pelipper
|move|p2a: LETS GO GO|Encore||[still]
|-fail|p2a: LETS GO GO
|move|p1a: Weavile|Icicle Spear|p2a: LETS GO GO
|-supereffective|p2a: LETS GO GO|1
|-damage|p2a: LETS GO GO|64/100
|-supereffective|p2a: LETS GO GO|1
|-damage|p2a: LETS GO GO|28/100
|-hitcount|p2a: LETS GO GO|2
|move|p2b: GENERAL BLADUS|Kowtow Cleave|p1a: Weavile
|-resisted|p1a: Weavile|1
|-damage|p1a: Weavile|0 fnt
|faint|p1a: Weavile
|
|-weather|RainDance|[upkeep]
|upkeep
|
|t:|1782767404
|switch|p1a: Archaludon|Archaludon, L50, F|100/100
|turn|3
|
|t:|1782767414
|move|p2a: LETS GO GO|Protect|p2a: LETS GO GO
|-singleturn|p2a: LETS GO GO|Protect
|move|p1a: Archaludon|Protect|p1a: Archaludon
|-singleturn|p1a: Archaludon|Protect
|move|p1b: Pelipper|Hurricane|p2a: LETS GO GO
|-activate|p2a: LETS GO GO|move: Protect
|move|p2b: GENERAL BLADUS|Kowtow Cleave|p1b: Pelipper
|-damage|p1b: Pelipper|52/100
|
|-weather|RainDance|[upkeep]
|upkeep
|turn|4
|
|t:|1782767425
|switch|p1a: Swampert|Swampert, L50, M|100/100
|move|p2a: LETS GO GO|Tailwind|p2a: LETS GO GO
|-sidestart|p2: lettitripppp|move: Tailwind
|move|p2b: GENERAL BLADUS|Kowtow Cleave|p1b: Pelipper
|-damage|p1b: Pelipper|6/100
|-enditem|p1b: Pelipper|Sitrus Berry|[eat]
|-heal|p1b: Pelipper|30/100|[from] item: Sitrus Berry
|move|p1b: Pelipper|Hurricane|p2a: LETS GO GO
|-supereffective|p2a: LETS GO GO|1
|-damage|p2a: LETS GO GO|0 fnt
|faint|p2a: LETS GO GO
|
|-weather|RainDance|[upkeep]
|upkeep
|
|t:|1782767435
|switch|p2a: GHOSTWAVE|Basculegion, L50, M, shiny|100/100
|turn|5
|
|t:|1782767447
|detailschange|p1a: Swampert|Swampert-Mega, L50, M
|-mega|p1a: Swampert|Swampert|Swampertite
|move|p1a: Swampert|Protect|p1a: Swampert
|-singleturn|p1a: Swampert|Protect
|move|p2a: GHOSTWAVE|Wave Crash|p1a: Swampert
|-activate|p1a: Swampert|move: Protect
|move|p2b: GENERAL BLADUS|Kowtow Cleave|p1a: Swampert
|-activate|p1a: Swampert|move: Protect
|move|p1b: Pelipper|Tailwind|p1b: Pelipper
|-sidestart|p1: MetMattone|move: Tailwind
|
|-weather|RainDance|[upkeep]
|upkeep
|turn|6
|
|t:|1782767468
|switch|p1b: Archaludon|Archaludon, L50, F|100/100
|move|p2a: GHOSTWAVE|Protect|p2a: GHOSTWAVE
|-singleturn|p2a: GHOSTWAVE|Protect
|move|p1a: Swampert|High Horsepower|p2b: GENERAL BLADUS
|-supereffective|p2b: GENERAL BLADUS|1
|-damage|p2b: GENERAL BLADUS|20/100y
|move|p2b: GENERAL BLADUS|Kowtow Cleave|p1b: Archaludon
|-damage|p1b: Archaludon|65/100
|-ability|p1b: Archaludon|Stamina|boost
|-boost|p1b: Archaludon|def|1
|
|-weather|none
|-heal|p1b: Archaludon|72/100|[from] item: Leftovers
|upkeep
|turn|7
|
|t:|1782767492
|switch|p1a: Pelipper|Pelipper, L50, F|30/100
|-weather|RainDance|[from] ability: Drizzle|[of] p1a: Pelipper
|move|p2a: GHOSTWAVE|Wave Crash|p1a: Pelipper
|-resisted|p1a: Pelipper|1
|-damage|p1a: Pelipper|0 fnt
|faint|p1a: Pelipper
|-damage|p2a: GHOSTWAVE|91/100|[from] Recoil
|move|p1b: Archaludon|Electro Shot||[still]
|-prepare|p1b: Archaludon|Electro Shot
|-boost|p1b: Archaludon|spa|1
|-anim|p1b: Archaludon|Electro Shot|p2a: GHOSTWAVE
|-supereffective|p2a: GHOSTWAVE|1
|-damage|p2a: GHOSTWAVE|0 fnt
|faint|p2a: GHOSTWAVE
|move|p2b: GENERAL BLADUS|Low Kick|p1b: Archaludon
|-supereffective|p1b: Archaludon|1
|-damage|p1b: Archaludon|40/100
|-ability|p1b: Archaludon|Stamina|boost
|-boost|p1b: Archaludon|def|1
|
|-weather|RainDance|[upkeep]
|-heal|p1b: Archaludon|46/100|[from] item: Leftovers
|-sideend|p2: lettitripppp|move: Tailwind
|upkeep
|
|t:|1782767508
|switch|p2a: AGNI|Charizard, L50, M|100/100
|switch|p1a: Swampert|Swampert-Mega, L50, M|100/100
|turn|8
|
|t:|1782767517
|detailschange|p2a: AGNI|Charizard-Mega-Y, L50, M
|-mega|p2a: AGNI|Charizard|Charizardite Y
|-weather|SunnyDay|[from] ability: Drought|[of] p2a: AGNI
|move|p2b: GENERAL BLADUS|Sucker Punch|p1a: Swampert
|-damage|p1a: Swampert|70/100
|move|p1a: Swampert|High Horsepower|p2b: GENERAL BLADUS
|-supereffective|p2b: GENERAL BLADUS|1
|-damage|p2b: GENERAL BLADUS|0 fnt
|faint|p2b: GENERAL BLADUS
|move|p1b: Archaludon|Dragon Pulse|p2a: AGNI
|-damage|p2a: AGNI|42/100
|move|p2a: AGNI|Weather Ball|p1b: Archaludon
|-damage|p1b: Archaludon|0 fnt
|faint|p1b: Archaludon
|
|-weather|SunnyDay|[upkeep]
|-sideend|p1: MetMattone|move: Tailwind
|upkeep
|turn|9
|
|t:|1782767538
|move|p2a: AGNI|Solar Beam||[still]
|-prepare|p2a: AGNI|Solar Beam
|-anim|p2a: AGNI|Solar Beam|p1a: Swampert
|-supereffective|p1a: Swampert|2
|-damage|p1a: Swampert|0 fnt
|faint|p1a: Swampert
|
|win|lettitripppp
|l|☆MetMattone
|player|p1|
