|j|☆25th_mang
|j|☆Ng010394
|html|25th_mangNg010394    
|uhtml|bestof|Game 1 of a best-of-3
|t:|1782536727
|gametype|doubles
|player|p1|25th_mang|ballguy|1119
|player|p2|Ng010394|170|1106
|gen|9
|tier|[Gen 9 Champions] VGC 2026 Reg M-B (Bo3)
|rated|
|rule|Species Clause: Limit one of each Pokémon
|rule|Item Clause: Limit 1 of each item
|clearpoke
|poke|p1|Crabominable, L50, F|
|poke|p1|Farigiraf, L50, F|
|poke|p1|Incineroar, L50, M|
|poke|p1|Archaludon, L50, F|
|poke|p1|Pelipper, L50, M|
|poke|p1|Sinistcha, L50|
|poke|p2|Corviknight, L50, F|
|poke|p2|Raichu, L50, F|
|poke|p2|Primarina, L50, M|
|poke|p2|Dragapult, L50, F|
|poke|p2|Incineroar, L50, M|
|poke|p2|Starmie, L50|
|teampreview|4
|showteam|p1|Crabominable||Crabominite|HyperCutter|IceHammer,DrainPunch,Protect,ThunderPunch|Brave||F|||50|]Farigiraf||MentalHerb|ArmorTail|TrickRoom,Psychic,HyperVoice,HelpingHand|Relaxed||F|||50|]Incineroar||Charcoal|Intimidate|FakeOut,FlareBlitz,Assurance,Snarl|Adamant||M|||50|]Archaludon||Leftovers|Stamina|ElectroShot,AuraSphere,FlashCannon,Protect|Quiet||F|||50|]Pelipper||SharpBeak|Drizzle|Hurricane,WeatherBall,WideGuard,Protect|Modest||M|||50|]Sinistcha||SitrusBerry|Hospitality|MatchaGotcha,RagePowder,LifeDew,TrickRoom|Relaxed|||||50|
|showteam|p2|Corviknight||Leftovers|MirrorArmor|Tailwind,BodyPress,IronHead,BulkUp|Impish||F|||50|]Raichu||RaichuniteY|LightningRod|ZapCannon,FocusBlast,FakeOut,Protect|Hasty||F|||50|]Primarina||MysticWater|LiquidVoice|Moonblast,Protect,HyperVoice,EnergyBall|Modest||M|||50|]Dragapult||LifeOrb|ClearBody|DragonDarts,ShadowBall,Flamethrower,Protect|Hasty||F|||50|]Incineroar||SitrusBerry|Intimidate|FakeOut,PartingShot,ThroatChop,FlareBlitz|Careful||M|||50|]Starmie||Starminite|NaturalCure|AquaJet,Waterfall,ZenHeadbutt,IceSpinner|Jolly|||||50|
|inactive|Battle timer is ON: inactive players will automatically lose when time's up. (requested by 25th_mang)
|inactive|25th_mang has 60 seconds left.
|inactive|25th_mang has 30 seconds left.
|inactive|25th_mang has 20 seconds left.
|inactive|25th_mang has 15 seconds left.
|inactive|25th_mang has 10 seconds left.
|inactive|25th_mang has 5 seconds left.
|
|t:|1782536818
|teamsize|p1|4
|teamsize|p2|4
|start
|switch|p1a: Hockey Rivalry|Crabominable, L50, F|100/100
|switch|p1b: My1stFlip|Farigiraf, L50, F|100/100
|switch|p2a: Incineroar|Incineroar, L50, M|100/100
|switch|p2b: Primarina|Primarina, L50, M|100/100
|-ability|p2a: Incineroar|Intimidate|boost
|-fail|p1a: Hockey Rivalry|unboost|Attack|[from] ability: Hyper Cutter|[of] p1a: Hockey Rivalry
|-unboost|p1b: My1stFlip|atk|1
|turn|1
|inactive|Ng010394 has 30 seconds left.
|
|t:|1782536847
|move|p2a: Incineroar|Throat Chop|p1b: My1stFlip
|-supereffective|p1b: My1stFlip|1
|-damage|p1b: My1stFlip|51/100
|-start|p1b: My1stFlip|Throat Chop|[silent]
|move|p2b: Primarina|Moonblast|p1b: My1stFlip
|-damage|p1b: My1stFlip|5/100
|move|p1a: Hockey Rivalry|Drain Punch|p2a: Incineroar
|-supereffective|p2a: Incineroar|1
|-damage|p2a: Incineroar|21/100
|-enditem|p2a: Incineroar|Sitrus Berry|[eat]
|-heal|p2a: Incineroar|46/100|[from] item: Sitrus Berry
|move|p1b: My1stFlip|Trick Room|p1b: My1stFlip
|-fieldstart|move: Trick Room|[of] p1b: My1stFlip
|
|upkeep
|turn|2
|inactive|25th_mang has 30 seconds left.
|inactive|Ng010394 has 30 seconds left.
|inactive|25th_mang has 20 seconds left.
|inactive|Ng010394 has 20 seconds left.
|inactive|25th_mang has 15 seconds left.
|inactive|25th_mang has 10 seconds left.
|
|t:|1782536897
|detailschange|p1a: Hockey Rivalry|Crabominable-Mega, L50, F
|-mega|p1a: Hockey Rivalry|Crabominable|Crabominite
|move|p1b: My1stFlip|Helping Hand|p1a: Hockey Rivalry
|-singleturn|p1a: Hockey Rivalry|Helping Hand|[of] p1b: My1stFlip
|move|p1a: Hockey Rivalry|Thunder Punch|p2b: Primarina
|-supereffective|p2b: Primarina|1
|-crit|p2b: Primarina
|-damage|p2b: Primarina|0 fnt
|faint|p2b: Primarina
|move|p2a: Incineroar|Parting Shot|p1a: Hockey Rivalry
|-unboost|p1a: Hockey Rivalry|atk|1
|-unboost|p1a: Hockey Rivalry|spa|1
|
|t:|1782536913
|switch|p2a: Corviknight|Corviknight, L50, F|100/100|[from] Parting Shot
|
|-end|p1b: My1stFlip|Throat Chop|[silent]
|upkeep
|
|t:|1782536920
|switch|p2b: Incineroar|Incineroar, L50, M|46/100
|-ability|p2b: Incineroar|Intimidate|boost
|-unboost|p1a: Hockey Rivalry|atk|1
|-unboost|p1b: My1stFlip|atk|1
|turn|3
|inactive|Ng010394 has 30 seconds left.
|
|t:|1782536952
|switch|p2a: Raichu|Raichu, L50, F|100/100
|move|p1b: My1stFlip|Helping Hand|p1a: Hockey Rivalry
|-singleturn|p1a: Hockey Rivalry|Helping Hand|[of] p1b: My1stFlip
|move|p1a: Hockey Rivalry|Drain Punch|p2b: Incineroar
|-supereffective|p2b: Incineroar|1
|-damage|p2b: Incineroar|0 fnt
|faint|p2b: Incineroar
|
|upkeep
|
|t:|1782536960
|switch|p2b: Corviknight|Corviknight, L50, F|100/100
|turn|4
|
|t:|1782536978
|move|p1b: My1stFlip|Helping Hand|p1a: Hockey Rivalry
|-singleturn|p1a: Hockey Rivalry|Helping Hand|[of] p1b: My1stFlip
|move|p2a: Raichu|Protect|p2a: Raichu
|-singleturn|p2a: Raichu|Protect
|move|p1a: Hockey Rivalry|Ice Hammer|p2a: Raichu
|-activate|p2a: Raichu|move: Protect
|move|p2b: Corviknight|Iron Head|p1b: My1stFlip
|-damage|p1b: My1stFlip|0 fnt
|faint|p1b: My1stFlip
|
|upkeep
|
|t:|1782536991
|switch|p1b: My1stRoar|Incineroar, L50, M|100/100
|-ability|p1b: My1stRoar|Intimidate|boost
|-unboost|p2a: Raichu|atk|1
|-ability|p2b: Corviknight|Mirror Armor
|-unboost|p1b: My1stRoar|atk|1
|turn|5
|
|t:|1782537002
|detailschange|p2a: Raichu|Raichu-Mega-Y, L50, F
|-mega|p2a: Raichu|Raichu|Raichunite Y
|move|p1a: Hockey Rivalry|Ice Hammer|p2a: Raichu
|-damage|p2a: Raichu|14/100
|-unboost|p1a: Hockey Rivalry|spe|1
|move|p1b: My1stRoar|Flare Blitz|p2a: Raichu
|-damage|p2a: Raichu|0 fnt
|faint|p2a: Raichu
|-damage|p1b: My1stRoar|96/100|[from] Recoil
|move|p2b: Corviknight|Bulk Up|p2b: Corviknight
|-boost|p2b: Corviknight|atk|1
|-boost|p2b: Corviknight|def|1
|
|-fieldend|move: Trick Room
|upkeep
|turn|6
|inactive|25th_mang has 30 seconds left.
|
|t:|1782537029
|move|p2b: Corviknight|Body Press|p1a: Hockey Rivalry
|-supereffective|p1a: Hockey Rivalry|1
|-damage|p1a: Hockey Rivalry|51/100
|move|p1b: My1stRoar|Flare Blitz|p2b: Corviknight
|-supereffective|p2b: Corviknight|1
|-damage|p2b: Corviknight|56/100
|-damage|p1b: My1stRoar|80/100|[from] Recoil
|move|p1a: Hockey Rivalry|Thunder Punch|p2b: Corviknight
|-supereffective|p2b: Corviknight|1
|-damage|p2b: Corviknight|38/100
|
|-heal|p2b: Corviknight|44/100|[from] item: Leftovers
|upkeep
|turn|7
|
|t:|1782537044
|switch|p1a: Doomscroll|Archaludon, L50, F|100/100
|move|p2b: Corviknight|Iron Head|p1a: Doomscroll
|-resisted|p1a: Doomscroll|1
|-damage|p1a: Doomscroll|86/100
|-ability|p1a: Doomscroll|Stamina|boost
|-boost|p1a: Doomscroll|def|1
|move|p1b: My1stRoar|Flare Blitz|p2b: Corviknight
|-supereffective|p2b: Corviknight|1
|-damage|p2b: Corviknight|0 fnt
|faint|p2b: Corviknight
|-damage|p1b: My1stRoar|63/100|[from] Recoil
|
|win|25th_mang
||Ng010394 is ready for game 2.
|inactive|25th_mang has 30 seconds to confirm battle start!
|l|☆Ng010394
|player|p2|
