|j|☆mesochob0
|j|☆washingtongargacha
|html|mesochob0washingtongargacha    
|uhtml|bestof|Game 3 of a best-of-3
|t:|1757689820
|gametype|doubles
|player|p1|mesochob0|169|1093
|player|p2|washingtongargacha|102|1151
|gen|9
|tier|[Gen 9] VGC 2025 Reg H (Bo3)
|rated|
|rule|Species Clause: Limit one of each Pokémon
|rule|Item Clause: Limit 1 of each item
|clearpoke
|poke|p1|Torkoal, L50, F|
|poke|p1|Indeedee-F, L50, F|
|poke|p1|Hatterene, L50, F|
|poke|p1|Sneasler, L50, M|
|poke|p1|Incineroar, L50, F|
|poke|p1|Annihilape, L50, F|
|poke|p2|Talonflame, L50, M|
|poke|p2|Gholdengo, L50|
|poke|p2|Dragonite, L50, M|
|poke|p2|Archaludon, L50, F|
|poke|p2|Tyranitar, L50, M|
|poke|p2|Garchomp, L50, F|
|teampreview|4
|showteam|p1|Torkoal||ChoiceSpecs|Drought|Eruption,WeatherBall,EarthPower,SolarBeam|||F|||50|,,,,,Fire]Indeedee-F||EjectButton|PsychicSurge|FollowMe,TrickRoom,Psychic,HelpingHand|||F|||50|,,,,,Steel]Hatterene||LifeOrb|MagicBounce|ExpandingForce,DazzlingGleam,Protect,TrickRoom|||F|||50|,,,,,Fire]Sneasler||PsychicSeed|Unburden|CloseCombat,DireClaw,Protect,ThroatChop|||M|||50|,,,,,Dark]Incineroar||SitrusBerry|Intimidate|FakeOut,FlareBlitz,PartingShot,KnockOff|||F|||50|,,,,,Bug]Annihilape||ChoiceScarf|Defiant|Uturn,CloseCombat,ShadowClaw,FinalGambit|||F|||50|,,,,,Normal
|showteam|p2|Talonflame||LifeOrb|GaleWings|Tailwind,DualWingbeat,Taunt,FlareBlitz|||M|||50|,,,,,Ghost]Gholdengo||ChoiceSpecs|GoodasGold|MakeItRain,SteelBeam,ShadowBall,PowerGem||||||50|,,,,,Flying]Dragonite||LoadedDice|Multiscale|ScaleShot,IceSpinner,Haze,Protect|||M|||50|,,,,,Steel]Archaludon||PowerHerb|Sturdy|FlashCannon,ElectroShot,DracoMeteor,Protect|||F|||50|,,,,,Flying]Tyranitar||AssaultVest|SandStream|KnockOff,RockSlide,TeraBlast,LowKick|||M|||50|,,,,,Flying]Garchomp||EarthPlate|RoughSkin|DragonClaw,StompingTantrum,Earthquake,Protect|||F|||50|,,,,,Steel
|inactive|Battle timer is ON: inactive players will automatically lose when time's up. (requested by mesochob0)
|inactive|washingtongargacha has 60 seconds left.
|
|t:|1757689936
|teamsize|p1|4
|teamsize|p2|4
|start
|switch|p1a: Annihilape|Annihilape, L50, F|100/100
|switch|p1b: Hatterene|Hatterene, L50, F|100/100
|switch|p2a: Gholdengo|Gholdengo, L50|100/100
|switch|p2b: Archaludon|Archaludon, L50, F|100/100
|turn|1
|inactive|mesochob0 has 30 seconds left.
|inactive|washingtongargacha has 30 seconds left.
|inactive|mesochob0 has 20 seconds left.
|
|t:|1757689974
|move|p1b: Hatterene|Protect|p1b: Hatterene
|-singleturn|p1b: Hatterene|Protect
|move|p1a: Annihilape|U-turn|p2b: Archaludon
|-resisted|p2b: Archaludon
|-damage|p2b: Archaludon|91/100
|
|t:|1757689980
|switch|p1a: Indeedee|Indeedee-F, L50, F|100/100|[from] U-turn
|-fieldstart|move: Psychic Terrain|[from] ability: Psychic Surge|[of] p1a: Indeedee
|move|p2b: Archaludon|Electro Shot||[still]
|-prepare|p2b: Archaludon|Electro Shot
|-boost|p2b: Archaludon|spa|1
|-enditem|p2b: Archaludon|Power Herb
|-anim|p2b: Archaludon|Electro Shot|p1b: Hatterene
|-activate|p1b: Hatterene|move: Protect
|move|p2a: Gholdengo|Make It Rain|p1b: Hatterene|[spread] p1a
|-activate|p1b: Hatterene|move: Protect
|-damage|p1a: Indeedee|22/100
|-unboost|p2a: Gholdengo|spa|1
|-enditem|p1a: Indeedee|Eject Button
|inactive|mesochob0 has 30 seconds left.
|
|t:|1757690007
|switch|p1a: Annihilape|Annihilape, L50, F|100/100
|
|upkeep
|turn|2
|inactive|mesochob0 has 30 seconds left.
|
|t:|1757690036
|-terastallize|p1b: Hatterene|Fire
|move|p2b: Archaludon|Protect|p2b: Archaludon
|-singleturn|p2b: Archaludon|Protect
|move|p1a: Annihilape|Close Combat|p2b: Archaludon
|-activate|p2b: Archaludon|move: Protect
|move|p2a: Gholdengo|Make It Rain|p1a: Annihilape|[spread] p1a,p1b
|-resisted|p1b: Hatterene
|-damage|p1a: Annihilape|44/100
|-damage|p1b: Hatterene|75/100
|-unboost|p2a: Gholdengo|spa|1
|move|p1b: Hatterene|Trick Room|p1b: Hatterene
|-fieldstart|move: Trick Room|[of] p1b: Hatterene
|
|upkeep
|turn|3
|inactive|mesochob0 has 30 seconds left.
|inactive|washingtongargacha has 30 seconds left.
|inactive|mesochob0 has 20 seconds left.
|inactive|washingtongargacha has 20 seconds left.
|inactive|mesochob0 has 15 seconds left.
|inactive|mesochob0 has 10 seconds left.
|
|t:|1757690084
|switch|p2a: Tyranitar|Tyranitar, L50, M|100/100
|-weather|Sandstorm|[from] ability: Sand Stream|[of] p2a: Tyranitar
|move|p1b: Hatterene|Protect|p1b: Hatterene
|-singleturn|p1b: Hatterene|Protect
|move|p2b: Archaludon|Draco Meteor|p1a: Annihilape
|-damage|p1a: Annihilape|0 fnt
|-unboost|p2b: Archaludon|spa|2
|faint|p1a: Annihilape
|
|-weather|Sandstorm|[upkeep]
|-damage|p1b: Hatterene|69/100|[from] Sandstorm
|upkeep
|
|t:|1757690100
|switch|p1a: Torkoal|Torkoal, L50, F|100/100
|-weather|SunnyDay|[from] ability: Drought|[of] p1a: Torkoal
|turn|4
|
|t:|1757690119
|switch|p2a: Garchomp|Garchomp, L50, F|100/100
|move|p2b: Archaludon|Protect|p2b: Archaludon
|-singleturn|p2b: Archaludon|Protect
|move|p1a: Torkoal|Solar Beam||[still]
|-prepare|p1a: Torkoal|Solar Beam
|-anim|p1a: Torkoal|Solar Beam|p2a: Garchomp
|-damage|p2a: Garchomp|44/100
|move|p1b: Hatterene|Dazzling Gleam|p2a: Garchomp|[spread] p2a
|-activate|p2b: Archaludon|move: Protect
|-supereffective|p2a: Garchomp
|-damage|p2a: Garchomp|0 fnt
|faint|p2a: Garchomp
|-damage|p1b: Hatterene|59/100|[from] item: Life Orb
|
|-weather|SunnyDay|[upkeep]
|upkeep
|
|t:|1757690134
|switch|p2a: Tyranitar|Tyranitar, L50, M|100/100
|-weather|Sandstorm|[from] ability: Sand Stream|[of] p2a: Tyranitar
|turn|5
|inactive|mesochob0 has 30 seconds left.
|inactive|washingtongargacha has 30 seconds left.
|
|t:|1757690163
|switch|p1a: Indeedee|Indeedee-F, L50, F|22/100
|move|p1b: Hatterene|Protect|p1b: Hatterene
|-singleturn|p1b: Hatterene|Protect
|move|p2a: Tyranitar|Rock Slide|p1a: Indeedee|[spread] p1a
|-activate|p1b: Hatterene|move: Protect
|-damage|p1a: Indeedee|0 fnt
|faint|p1a: Indeedee
|move|p2b: Archaludon|Draco Meteor|p1b: Hatterene
|-activate|p1b: Hatterene|move: Protect
|
|-weather|Sandstorm|[upkeep]
|-damage|p1b: Hatterene|53/100|[from] Sandstorm
|-fieldend|move: Psychic Terrain
|upkeep
|
|t:|1757690179
|switch|p1a: Torkoal|Torkoal, L50, F|100/100
|-weather|SunnyDay|[from] ability: Drought|[of] p1a: Torkoal
|turn|6
|inactive|mesochob0 has 30 seconds left.
|
|t:|1757690209
|switch|p2a: Gholdengo|Gholdengo, L50|100/100
|move|p2b: Archaludon|Protect|p2b: Archaludon
|-singleturn|p2b: Archaludon|Protect
|move|p1a: Torkoal|Earth Power|p2a: Gholdengo
|-supereffective|p2a: Gholdengo
|-damage|p2a: Gholdengo|10/100
|move|p1b: Hatterene|Dazzling Gleam|p2b: Archaludon|[spread] p2a
|-activate|p2b: Archaludon|move: Protect
|-resisted|p2a: Gholdengo
|-damage|p2a: Gholdengo|0 fnt
|faint|p2a: Gholdengo
|-damage|p1b: Hatterene|43/100|[from] item: Life Orb
|
|-weather|SunnyDay|[upkeep]
|-fieldend|move: Trick Room
|upkeep
|
|t:|1757690222
|switch|p2a: Tyranitar|Tyranitar, L50, M|100/100
|-weather|Sandstorm|[from] ability: Sand Stream|[of] p2a: Tyranitar
|turn|7
|-message|mesochob0 forfeited.
|raw|mesochob0's rating: 1093 → 1073(-20 for losing)
|raw|washingtongargacha's rating: 1151 → 1172(+21 for winning)
|
|win|washingtongargacha
