|j|☆yveltyy
|j|☆porygon-epilepz
|html|yveltyyporygon-epilepz    
|uhtml|bestof|Game 1 of a best-of-3
|t:|1757770046
|gametype|doubles
|player|p1|yveltyy|plasmagruntf-gen5bw|1046
|player|p2|porygon-epilepz|ghetsis-gen5bw|1128
|gen|9
|tier|[Gen 9] VGC 2025 Reg H (Bo3)
|rated|
|rule|Species Clause: Limit one of each Pokémon
|rule|Item Clause: Limit 1 of each item
|clearpoke
|poke|p1|Corviknight, L50, M|
|poke|p1|Volcarona, L50, M|
|poke|p1|Garchomp, L50, F|
|poke|p1|Dragonite, L50, F|
|poke|p1|Sneasler, L50, M|
|poke|p1|Ninetales-Alola, L50, F|
|poke|p2|Farigiraf, L50, F|
|poke|p2|Incineroar, L50, M|
|poke|p2|Sneasler, L50, F|
|poke|p2|Pelipper, L50, F|
|poke|p2|Archaludon, L50, M|
|poke|p2|Porygon-Z, L50|
|teampreview|4
|showteam|p1|Corviknight||SitrusBerry|MirrorArmor|BraveBird,BodyPress,BulkUp,Roost|||M|||50|,,,,,Fire]Volcarona||CovertCloak|FlameBody|Flamethrower,GigaDrain,QuiverDance,Protect|||M|||50|,,,,,Grass]Garchomp||ChoiceScarf|RoughSkin|Earthquake,DragonClaw,StompingTantrum,RockSlide|||F|||50|,,,,,Ground]Dragonite||LifeOrb|InnerFocus|TeraBlast,ExtremeSpeed,StompingTantrum,Protect|||F|||50|,,,,,Flying]Sneasler||FocusSash|Unburden|CloseCombat,DireClaw,FakeOut,Coaching|||M|||50|,,,,,Stellar]Ninetales-Alola||LightClay|SnowWarning|Blizzard,Encore,AuroraVeil,Protect|||F|||50|,,,,,Water
|showteam|p2|Farigiraf||ThroatSpray|ArmorTail|TrickRoom,HyperVoice,Psychic,HelpingHand|||F|||50|,,,,,Fairy]Incineroar||SafetyGoggles|Intimidate|FakeOut,KnockOff,PartingShot,Taunt|||M|||50|,,,,,Ghost]Sneasler||WhiteHerb|Unburden|DireClaw,CloseCombat,ThroatChop,FakeOut|||F|||50|,,,,,Dark]Pelipper||FocusSash|Drizzle|Hurricane,WeatherBall,Tailwind,Protect|||F|||50|,,,,,Grass]Archaludon||AssaultVest|Stamina|ElectroShot,FlashCannon,DracoMeteor,BodyPress|||M|||50|,,,,,Bug]Porygon-Z||ChoiceScarf|Adaptability|TeraBlast,HyperBeam,ShadowBall,IceBeam||||||50|,,,,,Fairy
|inactive|Battle timer is ON: inactive players will automatically lose when time's up. (requested by yveltyy)
|c|☆yveltyy|glhf
|c|☆porygon-epilepz|glhf
|inactive|porygon-epilepz has 60 seconds left.
|
|t:|1757770084
|teamsize|p1|4
|teamsize|p2|4
|start
|switch|p1a: Garchomp|Garchomp, L50, F|100/100
|switch|p1b: Dragonite|Dragonite, L50, F|100/100
|switch|p2a: Porygon-Z|Porygon-Z, L50|100/100
|switch|p2b: Incineroar|Incineroar, L50, M|100/100
|-ability|p2b: Incineroar|Intimidate|boost
|-unboost|p1a: Garchomp|atk|1
|-fail|p1b: Dragonite|unboost|Attack|[from] ability: Inner Focus|[of] p1b: Dragonite
|turn|1
|
|t:|1757770097
|move|p2b: Incineroar|Fake Out|p1a: Garchomp
|-damage|p1a: Garchomp|89/100
|-damage|p2b: Incineroar|88/100|[from] ability: Rough Skin|[of] p1a: Garchomp
|move|p2a: Porygon-Z|Ice Beam|p1a: Garchomp
|-supereffective|p1a: Garchomp
|-damage|p1a: Garchomp|0 fnt
|faint|p1a: Garchomp
|move|p1b: Dragonite|Stomping Tantrum|p2b: Incineroar
|-supereffective|p2b: Incineroar
|-damage|p2b: Incineroar|25/100
|-damage|p1b: Dragonite|91/100|[from] item: Life Orb
|
|upkeep
|
|t:|1757770105
|switch|p1a: Sneasler|Sneasler, L50, M|100/100
|turn|2
|inactive|yveltyy has 30 seconds left.
|
|t:|1757770137
|switch|p2b: Pelipper|Pelipper, L50, F|100/100
|-weather|RainDance|[from] ability: Drizzle|[of] p2b: Pelipper
|move|p1a: Sneasler|Fake Out|p2a: Porygon-Z
|-damage|p2a: Porygon-Z|81/100
|cant|p2a: Porygon-Z|flinch
|move|p1b: Dragonite|Stomping Tantrum|p2b: Pelipper
|-immune|p2b: Pelipper
|
|-weather|RainDance|[upkeep]
|upkeep
|turn|3
|inactive|yveltyy has 30 seconds left.
|
|t:|1757770168
|switch|p1b: Ninetales|Ninetales-Alola, L50, F|100/100
|-weather|Snowscape|[from] ability: Snow Warning|[of] p1b: Ninetales
|move|p2a: Porygon-Z|Ice Beam|p1b: Ninetales
|-resisted|p1b: Ninetales
|-damage|p1b: Ninetales|84/100
|move|p1a: Sneasler|Dire Claw|p2a: Porygon-Z
|-damage|p2a: Porygon-Z|19/100
|move|p2b: Pelipper|Hurricane|p1a: Sneasler|[miss]
|-miss|p2b: Pelipper|p1a: Sneasler
|
|-weather|Snowscape|[upkeep]
|upkeep
|turn|4
|inactive|porygon-epilepz has 30 seconds left.
|
|t:|1757770198
|switch|p2a: Incineroar|Incineroar, L50, M|25/100
|-ability|p2a: Incineroar|Intimidate|boost
|-unboost|p1a: Sneasler|atk|1
|-unboost|p1b: Ninetales|atk|1
|switch|p2b: Archaludon|Archaludon, L50, M|100/100
|move|p1a: Sneasler|Dire Claw|p2b: Archaludon
|-immune|p2b: Archaludon
|move|p1b: Ninetales|Aurora Veil|p1b: Ninetales
|-sidestart|p1: yveltyy|move: Aurora Veil
|
|-weather|Snowscape|[upkeep]
|upkeep
|turn|5
|inactive|yveltyy has 30 seconds left.
|
|t:|1757770230
|switch|p1b: Dragonite|Dragonite, L50, F|91/100
|move|p2a: Incineroar|Fake Out|p1a: Sneasler
|-damage|p1a: Sneasler|89/100
|cant|p1a: Sneasler|flinch
|move|p2b: Archaludon|Flash Cannon|p1b: Dragonite
|-damage|p1b: Dragonite|64/100
|
|-weather|Snowscape|[upkeep]
|upkeep
|turn|6
|inactive|porygon-epilepz has 30 seconds left.
|inactive|yveltyy has 30 seconds left.
|inactive|porygon-epilepz has 20 seconds left.
|inactive|yveltyy has 20 seconds left.
|
|t:|1757770271
|switch|p2a: Pelipper|Pelipper, L50, F|100/100
|-weather|RainDance|[from] ability: Drizzle|[of] p2a: Pelipper
|-terastallize|p1b: Dragonite|Flying
|-terastallize|p2b: Archaludon|Bug
|move|p1a: Sneasler|Coaching|p1b: Dragonite
|-boost|p1b: Dragonite|atk|1
|-boost|p1b: Dragonite|def|1
|move|p1b: Dragonite|Stomping Tantrum|p2b: Archaludon
|-resisted|p2b: Archaludon
|-damage|p2b: Archaludon|81/100
|-ability|p2b: Archaludon|Stamina|boost
|-boost|p2b: Archaludon|def|1
|-damage|p1b: Dragonite|54/100|[from] item: Life Orb
|move|p2b: Archaludon|Flash Cannon|p1b: Dragonite
|-damage|p1b: Dragonite|28/100
|
|-weather|RainDance|[upkeep]
|upkeep
|turn|7
|inactive|yveltyy has 30 seconds left.
|inactive|porygon-epilepz has 30 seconds left.
|inactive|yveltyy has 20 seconds left.
|
|t:|1757770315
|switch|p1a: Ninetales|Ninetales-Alola, L50, F|84/100
|-weather|Snowscape|[from] ability: Snow Warning|[of] p1a: Ninetales
|switch|p2a: Incineroar|Incineroar, L50, M|25/100
|-ability|p2a: Incineroar|Intimidate|boost
|-unboost|p1a: Ninetales|atk|1
|-fail|p1b: Dragonite|unboost|Attack|[from] ability: Inner Focus|[of] p1b: Dragonite
|move|p1b: Dragonite|Tera Blast|p2b: Archaludon|[anim] Tera Blast Flying
|-supereffective|p2b: Archaludon
|-damage|p2b: Archaludon|0 fnt
|faint|p2b: Archaludon
|-damage|p1b: Dragonite|18/100|[from] item: Life Orb
|
|-weather|Snowscape|[upkeep]
|upkeep
|
|t:|1757770331
|switch|p2b: Porygon-Z|Porygon-Z, L50|19/100
|turn|8
|
|t:|1757770338
|move|p1b: Dragonite|Protect|p1b: Dragonite
|-singleturn|p1b: Dragonite|Protect
|move|p2a: Incineroar|Fake Out|p1a: Ninetales
|-damage|p1a: Ninetales|79/100
|move|p2b: Porygon-Z|Ice Beam|p1b: Dragonite
|-activate|p1b: Dragonite|move: Protect
|cant|p1a: Ninetales|flinch
|
|-weather|Snowscape|[upkeep]
|upkeep
|turn|9
|
|t:|1757770352
|move|p1b: Dragonite|Extreme Speed|p2b: Porygon-Z
|-crit|p2b: Porygon-Z
|-damage|p2b: Porygon-Z|0 fnt
|faint|p2b: Porygon-Z
|-damage|p1b: Dragonite|9/100|[from] item: Life Orb
|move|p1a: Ninetales|Blizzard|p2a: Incineroar
|-resisted|p2a: Incineroar
|-damage|p2a: Incineroar|12/100
|move|p2a: Incineroar|Parting Shot|p1a: Ninetales
|-unboost|p1a: Ninetales|atk|1
|-unboost|p1a: Ninetales|spa|1
|
|t:|1757770355
|switch|p2a: Pelipper|Pelipper, L50, F|100/100|[from] Parting Shot
|-weather|RainDance|[from] ability: Drizzle|[of] p2a: Pelipper
|
|-weather|RainDance|[upkeep]
|upkeep
|
|t:|1757770357
|switch|p2b: Incineroar|Incineroar, L50, M|12/100
|-ability|p2b: Incineroar|Intimidate|boost
|-unboost|p1a: Ninetales|atk|1
|-fail|p1b: Dragonite|unboost|Attack|[from] ability: Inner Focus|[of] p1b: Dragonite
|turn|10
|
|t:|1757770372
|switch|p1a: Sneasler|Sneasler, L50, M|89/100
|move|p1b: Dragonite|Protect|p1b: Dragonite
|-singleturn|p1b: Dragonite|Protect
|move|p2b: Incineroar|Fake Out|p1b: Dragonite
|-activate|p1b: Dragonite|move: Protect
|move|p2a: Pelipper|Weather Ball|p1a: Sneasler
|-damage|p1a: Sneasler|26/100
|
|-weather|RainDance|[upkeep]
|upkeep
|turn|11
|
|t:|1757770390
|move|p1a: Sneasler|Fake Out|p2a: Pelipper
|-damage|p2a: Pelipper|82/100
|move|p1b: Dragonite|Tera Blast|p2a: Pelipper|[anim] Tera Blast Flying
|-damage|p2a: Pelipper|0 fnt
|faint|p2a: Pelipper
|-damage|p1b: Dragonite|0 fnt|[from] item: Life Orb
|faint|p1b: Dragonite
|move|p2b: Incineroar|Knock Off|p1a: Sneasler
|-resisted|p1a: Sneasler
|-damage|p1a: Sneasler|6/100
|-enditem|p1a: Sneasler|Focus Sash|[from] move: Knock Off|[of] p2b: Incineroar
|
|-weather|RainDance|[upkeep]
|-sideend|p1: yveltyy|move: Aurora Veil
|upkeep
|
|t:|1757770395
|switch|p1b: Ninetales|Ninetales-Alola, L50, F|79/100
|-weather|Snowscape|[from] ability: Snow Warning|[of] p1b: Ninetales
|turn|12
|c|☆yveltyy|gg
|
|t:|1757770402
|move|p1a: Sneasler|Close Combat|p2b: Incineroar
|-supereffective|p2b: Incineroar
|-damage|p2b: Incineroar|0 fnt
|-unboost|p1a: Sneasler|def|1
|-unboost|p1a: Sneasler|spd|1
|faint|p2b: Incineroar
|
|win|yveltyy
|l|☆porygon-epilepz
|player|p2|
||yveltyy is ready for game 2.
||porygon-epilepz is ready for game 2.
|uhtml|next|Next: Game 2 of 3
