|j|☆tiriricasuicida
|j|☆jowemama
|html|tiriricasuicidajowemama    
|uhtml|bestof|Game 2 of a best-of-3
|t:|1756563711
|gametype|doubles
|player|p1|tiriricasuicida|101|1096
|player|p2|jowemama|scientistf|1100
|gen|9
|tier|[Gen 9] VGC 2025 Reg H (Bo3)
|rated|
|rule|Species Clause: Limit one of each Pokémon
|rule|Item Clause: Limit 1 of each item
|clearpoke
|poke|p1|Armarouge, L50, F|
|poke|p1|Gengar, L50, M|
|poke|p1|Ursaluna, L50, F|
|poke|p1|Indeedee-F, L50, F|
|poke|p1|Torkoal, L50, F|
|poke|p1|Gallade, L50, M|
|poke|p2|Pelipper, L50, F|
|poke|p2|Archaludon, L50, F|
|poke|p2|Dragonite, L50, M|
|poke|p2|Incineroar, L50, F|
|poke|p2|Ursaluna, L50, F|
|poke|p2|Sinistcha, L50|
|teampreview|4
|showteam|p1|Armarouge||PsychicSeed|FlashFire|EnergyBall,TrickRoom,ExpandingForce,HeatWave|||F|||50|,,,,,Grass]Gengar||FocusSash|CursedBody|Taunt,ShadowBall,DarkPulse,SludgeBomb|||M|||50|,,,,,Dark]Ursaluna||FlameOrb|Guts|Facade,Protect,HeadlongRush,Earthquake|||F|||50|,,,,,Ghost]Indeedee-F||SafetyGoggles|PsychicSurge|FollowMe,TrickRoom,Psychic,HelpingHand|||F|||50|,,,,,Grass]Torkoal||Charcoal|Drought|Eruption,WeatherBall,EarthPower,HeatWave|||F|||50|,,,,,Fire]Gallade||ClearAmulet|Sharpness|SacredSword,WideGuard,PsychoCut,TrickRoom|||M|||50|,,,,,Grass
|showteam|p2|Pelipper||FocusSash|Drizzle|WeatherBall,Hurricane,Tailwind,Protect|||F|||50|,,,,,Ghost]Archaludon||AssaultVest|Stamina|FlashCannon,ElectroShot,BodyPress,Snarl|||F|||50|,,,,,Bug]Dragonite||LoadedDice|Multiscale|ScaleShot,Tailwind,Haze,Protect|||M|||50|,,,,,Fairy]Incineroar||SafetyGoggles|Intimidate|KnockOff,WillOWisp,PartingShot,FakeOut|||F|||50|,,,,,Bug]Ursaluna||FlameOrb|Guts|Facade,HeadlongRush,Earthquake,Protect|||F|||50|,,,,,Ghost]Sinistcha||SitrusBerry|Hospitality|MatchaGotcha,LifeDew,RagePowder,TrickRoom||||||50|,,,,,Dark
|inactive|Battle timer is ON: inactive players will automatically lose when time's up. (requested by tiriricasuicida)
|inactive|jowemama also wants the timer to be on.
|
|t:|1756563739
|teamsize|p1|4
|teamsize|p2|4
|start
|switch|p1a: Gallade|Gallade, L50, M|100/100
|switch|p1b: Indeedee|Indeedee-F, L50, F|100/100
|switch|p2a: Dragonite|Dragonite, L50, M|100/100
|switch|p2b: Archaludon|Archaludon, L50, F|100/100
|-fieldstart|move: Psychic Terrain|[from] ability: Psychic Surge|[of] p1b: Indeedee
|turn|1
|inactive|tiriricasuicida has 30 seconds left.
|inactive|tiriricasuicida has 20 seconds left.
|inactive|tiriricasuicida has 15 seconds left.
|inactive|tiriricasuicida has 10 seconds left.
|inactive|tiriricasuicida has 5 seconds left.
|
|t:|1756563789
|move|p1b: Indeedee|Follow Me|p1b: Indeedee
|-singleturn|p1b: Indeedee|move: Follow Me
|move|p2a: Dragonite|Scale Shot|p1b: Indeedee|[miss]
|-miss|p2a: Dragonite|p1b: Indeedee
|move|p2b: Archaludon|Snarl|p1b: Indeedee|[spread] p1a,p1b
|-supereffective|p1b: Indeedee
|-damage|p1a: Gallade|89/100
|-damage|p1b: Indeedee|79/100
|-unboost|p1b: Indeedee|spa|1
|move|p1a: Gallade|Trick Room|p1a: Gallade
|-fieldstart|move: Trick Room|[of] p1a: Gallade
|
|upkeep
|turn|2
|inactive|tiriricasuicida has 30 seconds left.
|
|t:|1756563816
|switch|p2b: Sinistcha|Sinistcha, L50|100/100
|move|p1b: Indeedee|Helping Hand|p1a: Gallade
|-singleturn|p1a: Gallade|Helping Hand|[of] p1b: Indeedee
|move|p1a: Gallade|Sacred Sword|p2b: Sinistcha
|-immune|p2b: Sinistcha
|move|p2a: Dragonite|Scale Shot|p1a: Gallade
|-damage|p1a: Gallade|71/100
|-damage|p1a: Gallade|54/100
|-crit|p1a: Gallade
|-damage|p1a: Gallade|27/100
|-damage|p1a: Gallade|8/100
|-hitcount|p1a: Gallade|4
|-unboost|p2a: Dragonite|def|1
|-boost|p2a: Dragonite|spe|1
|
|upkeep
|turn|3
|
|t:|1756563838
|move|p1b: Indeedee|Helping Hand|p1a: Gallade
|-singleturn|p1a: Gallade|Helping Hand|[of] p1b: Indeedee
|move|p2a: Dragonite|Protect|p2a: Dragonite
|-singleturn|p2a: Dragonite|Protect
|move|p1a: Gallade|Psycho Cut|p2a: Dragonite
|-activate|p2a: Dragonite|move: Protect
|move|p2b: Sinistcha|Matcha Gotcha|p1b: Indeedee|[spread] p1a,p1b
|-damage|p1a: Gallade|0 fnt
|-damage|p1b: Indeedee|57/100
|faint|p1a: Gallade
|
|upkeep
|
|t:|1756563844
|switch|p1a: Torkoal|Torkoal, L50, F|100/100
|-weather|SunnyDay|[from] ability: Drought|[of] p1a: Torkoal
|turn|4
|
|t:|1756563857
|switch|p1b: Armarouge|Armarouge, L50, F|100/100
|-enditem|p1b: Armarouge|Psychic Seed
|-boost|p1b: Armarouge|spd|1|[from] item: Psychic Seed
|switch|p2b: Incineroar|Incineroar, L50, F|100/100
|-ability|p2b: Incineroar|Intimidate|boost
|-unboost|p1a: Torkoal|atk|1
|-unboost|p1b: Armarouge|atk|1
|-terastallize|p1a: Torkoal|Fire
|move|p1a: Torkoal|Eruption|p2a: Dragonite|[spread] p2a,p2b
|-resisted|p2a: Dragonite
|-resisted|p2b: Incineroar
|-damage|p2a: Dragonite|70/100
|-damage|p2b: Incineroar|40/100
|move|p2a: Dragonite|Scale Shot|p1a: Torkoal
|-damage|p1a: Torkoal|89/100
|-damage|p1a: Torkoal|76/100
|-damage|p1a: Torkoal|64/100
|-damage|p1a: Torkoal|54/100
|-hitcount|p1a: Torkoal|4
|-unboost|p2a: Dragonite|def|1
|-boost|p2a: Dragonite|spe|1
|
|-weather|SunnyDay|[upkeep]
|upkeep
|turn|5
|-message|tiriricasuicida forfeited.
|
|win|jowemama
|raw|tiriricasuicida's rating: 1096 → 1072(-24 for losing)
|raw|jowemama's rating: 1100 → 1125(+25 for winning)
|l|☆tiriricasuicida
|player|p1|
