|j|☆LPTesting1
|j|☆asmodeo666
|html|LPTesting1asmodeo666    
|uhtml|bestof|Game 1 of a best-of-3
|t:|1756704358
|gametype|doubles
|player|p1|LPTesting1|266|1158
|player|p2|asmodeo666|170|1105
|gen|9
|tier|[Gen 9] VGC 2025 Reg H (Bo3)
|rated|
|rule|Species Clause: Limit one of each Pokémon
|rule|Item Clause: Limit 1 of each item
|clearpoke
|poke|p1|Maushold, L50|
|poke|p1|Annihilape, L50, M|
|poke|p1|Sinistcha, L50|
|poke|p1|Pelipper, L50, M|
|poke|p1|Archaludon, L50, M|
|poke|p1|Incineroar, L50, F|
|poke|p2|Tyranitar, L50, F|
|poke|p2|Excadrill, L50, M|
|poke|p2|Annihilape, L50, F|
|poke|p2|Primarina, L50, M|
|poke|p2|Sneasler, L50, M|
|poke|p2|Talonflame, L50, F|
|teampreview|4
|showteam|p1|Maushold||SafetyGoggles|FriendGuard|BeatUp,Taunt,FollowMe,Protect||||||50|,,,,,Ghost]Annihilape||Leftovers|Defiant|RageFist,DrainPunch,BulkUp,Protect|||M|||50|,,,,,Grass]Sinistcha||RockyHelmet|Hospitality|MatchaGotcha,LifeDew,TrickRoom,RagePowder||||||50|,,,,,Water]Pelipper||FocusSash|Drizzle|WeatherBall,Hurricane,Tailwind,WideGuard|||M|||50|,,,,,Ghost]Archaludon||AssaultVest|Stamina|ElectroShot,DragonPulse,FlashCannon,BodyPress|||M|||50|,,,,,Grass]Incineroar||SitrusBerry|Intimidate|FlareBlitz,KnockOff,Roar,FakeOut|||F|||50|,,,,,Grass
|showteam|p2|Tyranitar||LoadedDice|SandStream|RockBlast,KnockOff,LowKick,Protect|||F|||50|,,,,,Rock]Excadrill||ClearAmulet|SandRush|IronHead,HighHorsepower,Earthquake,Protect|||M|||50|,,,,,Ghost]Annihilape||ChoiceScarf|Defiant|CloseCombat,RageFist,FinalGambit,Uturn|||F|||50|,,,,,Fire]Primarina||ThroatSpray|LiquidVoice|HyperVoice,Moonblast,Haze,Protect|||M|||50|,,,,,Steel]Sneasler||FocusSash|Unburden|FakeOut,CloseCombat,DireClaw,Taunt|||M|||50|,,,,,Ghost]Talonflame||CovertCloak|GaleWings|Tailwind,BraveBird,FlareBlitz,Protect|||F|||50|,,,,,Flying
|inactive|Battle timer is ON: inactive players will automatically lose when time's up. (requested by asmodeo666)
|
|t:|1756704388
|teamsize|p1|4
|teamsize|p2|4
|start
|switch|p1a: Maushold|Maushold, L50|100/100
|switch|p1b: Archaludon|Archaludon, L50, M|100/100
|switch|p2a: Annihilape|Annihilape, L50, F|100/100
|switch|p2b: Primarina|Primarina, L50, M|100/100
|turn|1
|inactive|LPTesting1 has 30 seconds left.
|inactive|asmodeo666 has 30 seconds left.
|inactive|LPTesting1 has 20 seconds left.
|
|t:|1756704427
|-terastallize|p1b: Archaludon|Grass
|move|p2a: Annihilape|U-turn|p1a: Maushold
|-damage|p1a: Maushold|74/100
|
|t:|1756704431
|switch|p2a: Tyranitar|Tyranitar, L50, F|100/100|[from] U-turn
|-weather|Sandstorm|[from] ability: Sand Stream|[of] p2a: Tyranitar
|move|p1a: Maushold|Beat Up|p1b: Archaludon
|-damage|p1b: Archaludon|99/100
|-ability|p1b: Archaludon|Stamina|boost
|-boost|p1b: Archaludon|def|1
|-damage|p1b: Archaludon|98/100
|-ability|p1b: Archaludon|Stamina|boost
|-boost|p1b: Archaludon|def|1
|-damage|p1b: Archaludon|98/100
|-ability|p1b: Archaludon|Stamina|boost
|-boost|p1b: Archaludon|def|1
|-damage|p1b: Archaludon|97/100
|-ability|p1b: Archaludon|Stamina|boost
|-boost|p1b: Archaludon|def|1
|-hitcount|p1b: Archaludon|4
|move|p1b: Archaludon|Dragon Pulse|p2a: Tyranitar
|-damage|p2a: Tyranitar|77/100
|move|p2b: Primarina|Hyper Voice|p1a: Maushold|[spread] p1a,p1b
|-resisted|p1b: Archaludon
|-damage|p1a: Maushold|31/100
|-damage|p1b: Archaludon|87/100
|-ability|p1b: Archaludon|Stamina|boost
|-boost|p1b: Archaludon|def|1
|-enditem|p2b: Primarina|Throat Spray
|-boost|p2b: Primarina|spa|1|[from] item: Throat Spray
|
|-weather|Sandstorm|[upkeep]
|-damage|p1b: Archaludon|81/100|[from] Sandstorm
|-damage|p2b: Primarina|94/100|[from] Sandstorm
|upkeep
|turn|2
|inactive|LPTesting1 has 30 seconds left.
|inactive|asmodeo666 has 30 seconds left.
|
|t:|1756704462
|switch|p1a: Pelipper|Pelipper, L50, M|100/100
|-weather|RainDance|[from] ability: Drizzle|[of] p1a: Pelipper
|move|p2b: Primarina|Protect|p2b: Primarina
|-singleturn|p2b: Primarina|Protect
|move|p2a: Tyranitar|Protect|p2a: Tyranitar
|-singleturn|p2a: Tyranitar|Protect
|move|p1b: Archaludon|Electro Shot||[still]
|-prepare|p1b: Archaludon|Electro Shot
|-boost|p1b: Archaludon|spa|1
|-anim|p1b: Archaludon|Electro Shot|p2b: Primarina
|-activate|p2b: Primarina|move: Protect
|
|-weather|RainDance|[upkeep]
|upkeep
|turn|3
|
|t:|1756704482
|switch|p2b: Excadrill|Excadrill, L50, M|100/100
|move|p1b: Archaludon|Electro Shot||[still]
|-prepare|p1b: Archaludon|Electro Shot
|-boost|p1b: Archaludon|spa|1
|-anim|p1b: Archaludon|Electro Shot|p2b: Excadrill
|-immune|p2b: Excadrill
|move|p1a: Pelipper|Weather Ball|p2a: Tyranitar
|-supereffective|p2a: Tyranitar
|-damage|p2a: Tyranitar|0 fnt
|faint|p2a: Tyranitar
|
|-weather|RainDance|[upkeep]
|upkeep
|
|t:|1756704493
|switch|p2a: Annihilape|Annihilape, L50, F|100/100
|turn|4
|inactive|LPTesting1 has 30 seconds left.
|
|t:|1756704519
|move|p2b: Excadrill|Protect|p2b: Excadrill
|-singleturn|p2b: Excadrill|Protect
|move|p2a: Annihilape|Final Gambit|p1b: Archaludon
|-damage|p1b: Archaludon|0 fnt
|faint|p2a: Annihilape
|faint|p1b: Archaludon
|move|p1a: Pelipper|Hurricane|p2b: Excadrill
|-activate|p2b: Excadrill|move: Protect
|
|-weather|RainDance|[upkeep]
|upkeep
|
|t:|1756704530
|switch|p2a: Primarina|Primarina, L50, M|94/100
|switch|p1b: Sinistcha|Sinistcha, L50|100/100
|turn|5
|
|t:|1756704553
|-terastallize|p2b: Excadrill|Ghost
|move|p2b: Excadrill|Iron Head|p1a: Pelipper
|-resisted|p1a: Pelipper
|-damage|p1a: Pelipper|67/100
|move|p1a: Pelipper|Weather Ball|p2b: Excadrill
|-damage|p2b: Excadrill|0 fnt
|faint|p2b: Excadrill
|move|p2a: Primarina|Moonblast|p1a: Pelipper
|-damage|p1a: Pelipper|0 fnt
|faint|p1a: Pelipper
|move|p1b: Sinistcha|Matcha Gotcha|p2a: Primarina
|-supereffective|p2a: Primarina
|-damage|p2a: Primarina|38/100
|
|-weather|RainDance|[upkeep]
|upkeep
|-message|asmodeo666 forfeited.
|
|win|LPTesting1
|l|☆asmodeo666
|player|p2|
||asmodeo666 is ready for game 2.
