|j|☆Refanner
|j|☆heet12354
|html|Refannerheet12354    
|uhtml|bestof|Game 1 of a best-of-3
|t:|1782735410
|gametype|doubles
|player|p1|Refanner|102|1052
|player|p2|heet12354|170|1089
|gen|9
|tier|[Gen 9 Champions] VGC 2026 Reg M-B (Bo3)
|rated|
|rule|Species Clause: Limit one of each Pokémon
|rule|Item Clause: Limit 1 of each item
|clearpoke
|poke|p1|Staraptor, L50, F|
|poke|p1|Raichu, L50, M|
|poke|p1|Sinistcha-Masterpiece, L50|
|poke|p1|Incineroar, L50, M|
|poke|p1|Metagross, L50|
|poke|p1|Hydreigon, L50, M|
|poke|p2|Scrafty, L50, F|
|poke|p2|Vileplume, L50, M|
|poke|p2|Staraptor, L50, F|
|poke|p2|Farigiraf, L50, M|
|poke|p2|Sylveon, L50, M|
|poke|p2|Torkoal, L50, M|
|teampreview|4
|showteam|p1|Staraptor||Staraptite|Intimidate|CloseCombat,BraveBird,Roost,Protect|Adamant||F|||50|]Raichu||RaichuniteX|LightningRod|VoltTackle,VoltSwitch,PlayRough,FakeOut|Hasty||M|||50|]Sinistcha-Masterpiece||KasibBerry|Hospitality|MatchaGotcha,RagePowder,TrickRoom,Protect|Bold|||||50|]Incineroar||SitrusBerry|Intimidate|FlareBlitz,FakeOut,DarkestLariat,PartingShot|Adamant||M|||50|]Metagross||MetalCoat|ClearBody|IronHead,PsychicFangs,StompingTantrum,Protect|Adamant|||||50|]Hydreigon||ChoiceScarf|Levitate|DarkPulse,Snarl,DracoMeteor,EarthPower|Timid||M|||50|
|showteam|p2|Scrafty||Scraftinite|Intimidate|CloseCombat,KnockOff,IronHead,FakeOut|Brave||F|||50|]Vileplume||FocusSash|Chlorophyll|SludgeBomb,SleepPowder,AfterYou,LeafStorm|Timid||M|||50|]Staraptor||ChoiceScarf|Intimidate|BraveBird,CloseCombat,Uturn,FinalGambit|Jolly||F|||50|]Farigiraf||SitrusBerry|ArmorTail|Protect,TwinBeam,Thunderbolt,TrickRoom|Sassy||M|||50|]Sylveon||FairyFeather|Pixilate|HyperVoice,QuickAttack,HyperBeam,Detect|Quiet||M|||50|]Torkoal||Charcoal|Drought|Eruption,WeatherBall,HeatWave,Protect|Quiet||M|||50|
|inactive|Battle timer is ON: inactive players will automatically lose when time's up. (requested by heet12354)
|inactive|Refanner has 60 seconds left.
|inactive|Refanner has 30 seconds left.
|
|t:|1782735525
|teamsize|p1|4
|teamsize|p2|4
|start
|switch|p1a: Raichu|Raichu, L50, M|100/100
|switch|p1b: Hydreigon|Hydreigon, L50, M|100/100
|switch|p2a: Farigiraf|Farigiraf, L50, M|100/100
|switch|p2b: Scrafty|Scrafty, L50, F|100/100
|-ability|p2b: Scrafty|Intimidate|boost
|-unboost|p1a: Raichu|atk|1
|-unboost|p1b: Hydreigon|atk|1
|turn|1
|inactive|Refanner has 30 seconds left.
|
|t:|1782735552
|switch|p1a: Incineroar|Incineroar, L50, M|100/100
|-ability|p1a: Incineroar|Intimidate|boost
|-unboost|p2a: Farigiraf|atk|1
|-unboost|p2b: Scrafty|atk|1
|detailschange|p2b: Scrafty|Scrafty-Mega, L50, F
|-mega|p2b: Scrafty|Scrafty|Scraftinite
|-ability|p2b: Scrafty|Intimidate|boost
|-unboost|p1a: Incineroar|atk|1
|-unboost|p1b: Hydreigon|atk|1
|move|p2b: Scrafty|Fake Out|p1b: Hydreigon
|-damage|p1b: Hydreigon|86/100
|cant|p1b: Hydreigon|flinch
|move|p2a: Farigiraf|Trick Room|p2a: Farigiraf
|-fieldstart|move: Trick Room|[of] p2a: Farigiraf
|
|upkeep
|turn|2
|inactive|Refanner has 30 seconds left.
|
|t:|1782735586
|switch|p2a: Sylveon|Sylveon, L50, M|100/100
|move|p2b: Scrafty|Close Combat|p1a: Incineroar
|-supereffective|p1a: Incineroar|1
|-damage|p1a: Incineroar|18/100
|-unboost|p2b: Scrafty|def|1
|-unboost|p2b: Scrafty|spd|1
|-enditem|p1a: Incineroar|Sitrus Berry|[eat]
|-heal|p1a: Incineroar|43/100|[from] item: Sitrus Berry
|move|p1a: Incineroar|Parting Shot|p2b: Scrafty
|-unboost|p2b: Scrafty|atk|1
|-unboost|p2b: Scrafty|spa|1
|
|t:|1782735598
|switch|p1a: Metagross|Metagross, L50|100/100|[from] Parting Shot
|move|p1b: Hydreigon|Snarl|p2b: Scrafty|[spread] p2a,p2b
|-resisted|p2a: Sylveon|1
|-resisted|p2b: Scrafty|2
|-damage|p2a: Sylveon|91/100
|-damage|p2b: Scrafty|94/100
|-unboost|p2a: Sylveon|spa|1
|-unboost|p2b: Scrafty|spa|1
|
|upkeep
|turn|3
|inactive|Refanner has 30 seconds left.
|inactive|heet12354 has 30 seconds left.
|inactive|Refanner has 20 seconds left.
|inactive|heet12354 has 20 seconds left.
|inactive|Refanner has 15 seconds left.
|inactive|Refanner has 10 seconds left.
|
|t:|1782735644
|switch|p2b: Torkoal|Torkoal, L50, M|100/100
|-weather|SunnyDay|[from] ability: Drought|[of] p2b: Torkoal
|switch|p1b: Incineroar|Incineroar, L50, M|43/100
|-ability|p1b: Incineroar|Intimidate|boost
|-unboost|p2a: Sylveon|atk|1
|-unboost|p2b: Torkoal|atk|1
|move|p2a: Sylveon|Hyper Voice|p1a: Metagross|[spread] p1a,p1b
|-resisted|p1a: Metagross|1
|-damage|p1a: Metagross|85/100
|-damage|p1b: Incineroar|18/100
|move|p1a: Metagross|Psychic Fangs|p2b: Torkoal
|-damage|p2b: Torkoal|63/100
|
|-weather|SunnyDay|[upkeep]
|upkeep
|turn|4
|inactive|Refanner has 30 seconds left.
|
|t:|1782735672
|switch|p2a: Farigiraf|Farigiraf, L50, M|100/100
|move|p1a: Metagross|Protect|p1a: Metagross
|-singleturn|p1a: Metagross|Protect
|move|p2b: Torkoal|Heat Wave|p1a: Metagross|[spread] p1b
|-activate|p1a: Metagross|move: Protect
|-resisted|p1b: Incineroar|1
|-damage|p1b: Incineroar|0 fnt
|faint|p1b: Incineroar
|
|-weather|SunnyDay|[upkeep]
|upkeep
|
|t:|1782735685
|switch|p1b: Hydreigon|Hydreigon, L50, M|86/100
|turn|5
|
|t:|1782735708
|switch|p2a: Sylveon|Sylveon, L50, M|91/100
|switch|p1a: Raichu|Raichu, L50, M|100/100
|move|p2b: Torkoal|Heat Wave|p1a: Raichu|[spread] p1a,p1b
|-resisted|p1b: Hydreigon|1
|-damage|p1a: Raichu|22/100
|-damage|p1b: Hydreigon|52/100
|-status|p1a: Raichu|brn
|move|p1b: Hydreigon|Snarl|p2a: Sylveon|[spread] p2a,p2b
|-resisted|p2a: Sylveon|1
|-damage|p2a: Sylveon|82/100
|-damage|p2b: Torkoal|36/100
|-unboost|p2a: Sylveon|spa|1
|-unboost|p2b: Torkoal|spa|1
|
|-weather|SunnyDay|[upkeep]
|-damage|p1a: Raichu|17/100 brn|[from] brn
|-fieldend|move: Trick Room
|upkeep
|turn|6
|
|t:|1782735732
|detailschange|p1a: Raichu|Raichu-Mega-X, L50, M
|-mega|p1a: Raichu|Raichu|Raichunite X
|-fieldstart|move: Electric Terrain|[from] ability: Electric Surge|[of] p1a: Raichu
|move|p2a: Sylveon|Quick Attack|p1b: Hydreigon
|-supereffective|p1b: Hydreigon|2
|-damage|p1b: Hydreigon|0 fnt
|faint|p1b: Hydreigon
|move|p1a: Raichu|Volt Switch|p2a: Sylveon
|-damage|p2a: Sylveon|53/100
|
|t:|1782735737
|switch|p1a: Metagross|Metagross, L50|85/100|[from] Volt Switch
|move|p2b: Torkoal|Heat Wave|p1a: Metagross
|-supereffective|p1a: Metagross|1
|-damage|p1a: Metagross|0 fnt
|faint|p1a: Metagross
|
|-weather|SunnyDay|[upkeep]
|upkeep
|-message|Refanner forfeited.
|
|win|heet12354
||Refanner is ready for game 2.
|l|☆heet12354
|player|p2|
||heet12354 is ready for game 2.
|uhtml|next|Next: Game 2 of 3
