|j|☆zoarialo
|j|☆laparoscopia
|html|zoarialolaparoscopia    
|uhtml|bestof|Game 2 of a best-of-3
|t:|1784823800
|gametype|doubles
|player|p1|zoarialo|101|1016
|player|p2|laparoscopia|102|1080
|gen|9
|tier|[Gen 9 Champions] VGC 2026 Reg M-B (Bo3)
|rated|
|rule|Species Clause: Limit one of each Pokémon
|rule|Item Clause: Limit 1 of each item
|clearpoke
|poke|p1|Blastoise, L50, M, shiny|
|poke|p1|Delphox, L50, F, shiny|
|poke|p1|Incineroar, L50, F, shiny|
|poke|p1|Sneasler, L50, F|
|poke|p1|Sinistcha, L50|
|poke|p1|Maushold-Four, L50, shiny|
|poke|p2|Grimmsnarl, L50, M|
|poke|p2|Swampert, L50, M|
|poke|p2|Pelipper, L50, M|
|poke|p2|Archaludon, L50, M|
|poke|p2|Sinistcha, L50|
|poke|p2|Metagross, L50|
|teampreview|4
|showteam|p1|Blastoise||Blastoisinite|Torrent|WaterSpout,DarkPulse,ShellSmash,Protect|Modest||M|||50|]Delphox||Delphoxite|Blaze|HeatWave,Psychic,NastyPlot,Protect|Timid||F|||50|]Incineroar||SitrusBerry|Intimidate|FakeOut,FlareBlitz,ThroatChop,PartingShot|Impish||F|||50|]Sneasler||FocusSash|PoisonTouch|FakeOut,DireClaw,CloseCombat,QuickGuard|Jolly||F|||50|]Sinistcha||KasibBerry|Hospitality|MatchaGotcha,LifeDew,RagePowder,Protect|Calm|||||50|]Maushold-Four||ChopleBerry|FriendGuard|SuperFang,Feint,FollowMe,Protect|Impish|||||50|
|showteam|p2|Grimmsnarl||LightClay|Prankster|FoulPlay,PartingShot,Reflect,LightScreen|Calm||M|||50|]Swampert||Swampertite|Damp|WaveCrash,Earthquake,IcePunch,Protect|Adamant||M|||50|]Pelipper||SitrusBerry|Drizzle|Hurricane,WeatherBall,Tailwind,WideGuard|Modest||M|||50|]Archaludon||Leftovers|Stamina|ElectroShot,DragonPulse,FlashCannon,Protect|Modest||M|||50|]Sinistcha||CobaBerry|Hospitality|MatchaGotcha,RagePowder,TrickRoom,Protect|Relaxed|||||50|]Metagross||Metagrossite|ClearBody|IronHead,PsychicFangs,BodyPress,Protect|Jolly|||||50|
|inactive|Battle timer is ON: inactive players will automatically lose when time's up. (requested by zoarialo)
|
|t:|1784823822
|teamsize|p1|4
|teamsize|p2|4
|start
|switch|p1a: Blastoise|Blastoise, L50, M, shiny|100/100
|switch|p1b: Maushold|Maushold-Four, L50, shiny|100/100
|switch|p2a: Swampert|Swampert, L50, M|100/100
|switch|p2b: Pelipper|Pelipper, L50, M|100/100
|-weather|RainDance|[from] ability: Drizzle|[of] p2b: Pelipper
|turn|1
|inactive|laparoscopia has 30 seconds left.
|
|t:|1784823849
|detailschange|p1a: Blastoise|Blastoise-Mega, L50, M, shiny
|-mega|p1a: Blastoise|Blastoise|Blastoisinite
|detailschange|p2a: Swampert|Swampert-Mega, L50, M
|-mega|p2a: Swampert|Swampert|Swampertite
|move|p1b: Maushold|Follow Me|p1b: Maushold
|-singleturn|p1b: Maushold|move: Follow Me
|move|p2a: Swampert|Earthquake|p1b: Maushold|[spread] p1a,p1b
|-immune|p2b: Pelipper
|-damage|p1a: Blastoise|67/100
|-damage|p1b: Maushold|56/100
|move|p1a: Blastoise|Shell Smash|p1a: Blastoise
|-unboost|p1a: Blastoise|def|1
|-unboost|p1a: Blastoise|spd|1
|-boost|p1a: Blastoise|atk|2
|-boost|p1a: Blastoise|spa|2
|-boost|p1a: Blastoise|spe|2
|move|p2b: Pelipper|Tailwind|p2b: Pelipper
|-sidestart|p2: laparoscopia|move: Tailwind
|
|-weather|RainDance|[upkeep]
|upkeep
|turn|2
|
|t:|1784823870
|move|p1b: Maushold|Follow Me|p1b: Maushold
|-singleturn|p1b: Maushold|move: Follow Me
|move|p2a: Swampert|Earthquake|p1a: Blastoise|[spread] p1a,p1b
|-immune|p2b: Pelipper
|-damage|p1a: Blastoise|10/100
|-damage|p1b: Maushold|9/100
|move|p1a: Blastoise|Dark Pulse|p2b: Pelipper
|-damage|p2b: Pelipper|0 fnt
|faint|p2b: Pelipper
|
|-weather|RainDance|[upkeep]
|upkeep
|
|t:|1784823883
|switch|p2b: Grimmsnarl|Grimmsnarl, L50, M|100/100
|turn|3
|
|t:|1784823897
|switch|p1b: Sinistcha|Sinistcha, L50|100/100
|-heal|p1a: Blastoise|35/100|[from] ability: Hospitality|[of] p1b: Sinistcha
|move|p1a: Blastoise|Protect|p1a: Blastoise
|-singleturn|p1a: Blastoise|Protect
|move|p2b: Grimmsnarl|Reflect|p2b: Grimmsnarl
|-sidestart|p2: laparoscopia|Reflect
|move|p2a: Swampert|Earthquake|p1a: Blastoise|[spread] p2b,p1b
|-activate|p1a: Blastoise|move: Protect
|-resisted|p1b: Sinistcha|1
|-damage|p2b: Grimmsnarl|67/100
|-damage|p1b: Sinistcha|79/100
|
|-weather|RainDance|[upkeep]
|upkeep
|turn|4
|
|t:|1784823917
|move|p1a: Blastoise|Protect||[still]
|-fail|p1a: Blastoise
|move|p2b: Grimmsnarl|Parting Shot|p1a: Blastoise
|-unboost|p1a: Blastoise|atk|1
|-unboost|p1a: Blastoise|spa|1
|
|t:|1784823922
|switch|p2b: Archaludon|Archaludon, L50, M|100/100|[from] Parting Shot
|move|p2a: Swampert|Wave Crash|p1a: Blastoise
|-resisted|p1a: Blastoise|1
|-damage|p1a: Blastoise|0 fnt
|faint|p1a: Blastoise
|-damage|p2a: Swampert|90/100|[from] Recoil
|move|p1b: Sinistcha|Life Dew|p1b: Sinistcha
|-heal|p1b: Sinistcha|100/100
|
|-weather|RainDance|[upkeep]
|-sideend|p2: laparoscopia|move: Tailwind
|upkeep
|
|t:|1784823934
|switch|p1a: Sneasler|Sneasler, L50, F|100/100
|turn|5
|
|t:|1784823941
|move|p2b: Archaludon|Protect|p2b: Archaludon
|-singleturn|p2b: Archaludon|Protect
|move|p2a: Swampert|Earthquake|p1b: Sinistcha|[spread] p1a,p1b
|-activate|p2b: Archaludon|move: Protect
|-supereffective|p1a: Sneasler|1
|-resisted|p1b: Sinistcha|1
|-enditem|p1a: Sneasler|Focus Sash
|-damage|p1a: Sneasler|1/100
|-damage|p1b: Sinistcha|78/100
|move|p1a: Sneasler|Close Combat|p2b: Archaludon
|-activate|p2b: Archaludon|move: Protect
|move|p1b: Sinistcha|Matcha Gotcha|p2b: Archaludon|[spread] p2a
|-activate|p2b: Archaludon|move: Protect
|-supereffective|p2a: Swampert|2
|-damage|p2a: Swampert|1/100
|-heal|p1b: Sinistcha|100/100|[from] drain|[of] p2a: Swampert
|
|-weather|none
|upkeep
|turn|6
|
|t:|1784823964
|move|p1a: Sneasler|Close Combat|p2b: Archaludon
|-supereffective|p2b: Archaludon|1
|-damage|p2b: Archaludon|41/100
|-unboost|p1a: Sneasler|def|1
|-unboost|p1a: Sneasler|spd|1
|-ability|p2b: Archaludon|Stamina|boost
|-boost|p2b: Archaludon|def|1
|move|p2b: Archaludon|Dragon Pulse|p1a: Sneasler
|-damage|p1a: Sneasler|0 fnt
|faint|p1a: Sneasler
|move|p2a: Swampert|Ice Punch|p1b: Sinistcha
|-supereffective|p1b: Sinistcha|1
|-damage|p1b: Sinistcha|44/100
|move|p1b: Sinistcha|Matcha Gotcha|p2a: Swampert|[spread] p2a,p2b
|-supereffective|p2a: Swampert|2
|-resisted|p2b: Archaludon|2
|-damage|p2a: Swampert|0 fnt
|-heal|p1b: Sinistcha|46/100|[from] drain|[of] p2a: Swampert
|-damage|p2b: Archaludon|35/100
|-heal|p1b: Sinistcha|49/100|[from] drain|[of] p2b: Archaludon
|-status|p2b: Archaludon|brn
|-ability|p2b: Archaludon|Stamina|boost
|-boost|p2b: Archaludon|def|1
|faint|p2a: Swampert
|
|-heal|p2b: Archaludon|41/100 brn|[from] item: Leftovers
|-damage|p2b: Archaludon|35/100 brn|[from] brn
|upkeep
|inactive|zoarialo has 30 seconds left.
|inactive|laparoscopia has 30 seconds left.
|
|t:|1784823991
|switch|p1a: Maushold|Maushold-Four, L50, shiny|9/100
|switch|p2a: Grimmsnarl|Grimmsnarl, L50, M|67/100
|turn|7
|
|t:|1784824001
|move|p2b: Archaludon|Protect|p2b: Archaludon
|-singleturn|p2b: Archaludon|Protect
|move|p1b: Sinistcha|Protect|p1b: Sinistcha
|-singleturn|p1b: Sinistcha|Protect
|move|p1a: Maushold|Super Fang|p2a: Grimmsnarl
|-damage|p2a: Grimmsnarl|33/100
|move|p2a: Grimmsnarl|Foul Play|p1b: Sinistcha
|-activate|p1b: Sinistcha|move: Protect
|
|-heal|p2b: Archaludon|41/100 brn|[from] item: Leftovers
|-damage|p2b: Archaludon|35/100 brn|[from] brn
|upkeep
|turn|8
|
|t:|1784824017
|move|p1a: Maushold|Super Fang|p2b: Archaludon
|-damage|p2b: Archaludon|17/100 brn
|-ability|p2b: Archaludon|Stamina|boost
|-boost|p2b: Archaludon|def|1
|move|p2b: Archaludon|Dragon Pulse|p1a: Maushold
|-damage|p1a: Maushold|0 fnt
|faint|p1a: Maushold
|move|p1b: Sinistcha|Matcha Gotcha|p2a: Grimmsnarl|[spread] p2b
|-miss|p1b: Sinistcha|p2a: Grimmsnarl
|-resisted|p2b: Archaludon|2
|-damage|p2b: Archaludon|12/100 brn
|-heal|p1b: Sinistcha|52/100|[from] drain|[of] p2b: Archaludon
|-ability|p2b: Archaludon|Stamina|boost
|-boost|p2b: Archaludon|def|1
|move|p2a: Grimmsnarl|Foul Play|p1b: Sinistcha
|-supereffective|p1b: Sinistcha|1
|-damage|p1b: Sinistcha|21/100
|
|-heal|p2b: Archaludon|18/100 brn|[from] item: Leftovers
|-damage|p2b: Archaludon|12/100 brn|[from] brn
|upkeep
|turn|9
|
|t:|1784824041
|move|p2a: Grimmsnarl|Light Screen|p2a: Grimmsnarl
|-sidestart|p2: laparoscopia|move: Light Screen
|move|p2b: Archaludon|Dragon Pulse|p1b: Sinistcha
|-damage|p1b: Sinistcha|0 fnt
|faint|p1b: Sinistcha
|
|win|laparoscopia
||laparoscopia is ready for game 3.
|inactive|zoarialo has 30 seconds to confirm battle start!
