|j|☆theonlyambipomfan
|j|☆mavrickbfr
|html|theonlyambipomfanmavrickbfr    
|uhtml|bestof|Game 2 of a best-of-3
|t:|1785627440
|gametype|doubles
|player|p1|theonlyambipomfan|volkner|1144
|player|p2|mavrickbfr|gentleman-gen4|1022
|gen|9
|tier|[Gen 9 Champions] VGC 2026 Reg M-B (Bo3)
|rated|
|rule|Species Clause: Limit one of each Pokémon
|rule|Item Clause: Limit 1 of each item
|clearpoke
|poke|p1|Glimmora, L50, F, shiny|
|poke|p1|Whimsicott, L50, M|
|poke|p1|Incineroar, L50, M, shiny|
|poke|p1|Rotom-Frost, L50|
|poke|p1|Froslass, L50, F|
|poke|p1|Beartic, L50, M|
|poke|p2|Blaziken, L50, M, shiny|
|poke|p2|Floette-Eternal, L50, F|
|poke|p2|Sinistcha, L50|
|poke|p2|Basculegion, L50, M, shiny|
|poke|p2|Garchomp, L50, M, shiny|
|poke|p2|Sneasler, L50, M, shiny|
|teampreview|4
|showteam|p1|Glimmora||Glimmoranite|ToxicDebris|SludgeBomb,PowerGem,EarthPower,SpikyShield|Timid||F|||50|]Whimsicott||FocusSash|Prankster|Tailwind,Encore,GrassKnot,Protect|Bold||M|||50|]Incineroar||ExpertBelt|Intimidate|FakeOut,FlareBlitz,PartingShot,DarkestLariat|Adamant||M|||50|]Rotom-Frost||LifeOrb|Levitate|WillOWisp,VoltSwitch,Thunderbolt,Blizzard|Timid|||||50|]Froslass||Froslassite|CursedBody|Blizzard,AuroraVeil,ShadowBall,Protect|Timid||F|||50|]Beartic||ChoiceScarf|SlushRush|Superpower,IcicleCrash,StoneEdge,PlayRough|Adamant||M|||50|
|showteam|p2|Blaziken||Blazikenite|SpeedBoost|BlazeKick,RockSlide,CloseCombat,Protect|Adamant||M|||50|]Floette-Eternal||Floettite|FlowerVeil|DazzlingGleam,CalmMind,Protect,DrainingKiss|Modest||F|||50|]Sinistcha||SitrusBerry|Hospitality|MatchaGotcha,RagePowder,Protect,LifeDew|Bold|||||50|]Basculegion||ChoiceScarf|Adaptability|LastRespects,WaveCrash,FlipTurn,AquaJet|Adamant||M|||50|]Garchomp||RoseliBerry|RoughSkin|PoisonJab,StompingTantrum,Earthquake,RockSlide|Jolly||M|||50|]Sneasler||FocusSash|PoisonTouch|FakeOut,PoisonJab,CloseCombat,QuickGuard|Jolly||M|||50|
|
|t:|1785627471
|teamsize|p1|4
|teamsize|p2|4
|start
|switch|p1a: Incineroar|Incineroar, L50, M, shiny|100/100
|switch|p1b: Whimsicott|Whimsicott, L50, M|100/100
|switch|p2a: Basculegion|Basculegion, L50, M, shiny|100/100
|switch|p2b: Sneasler|Sneasler, L50, M, shiny|100/100
|-ability|p1a: Incineroar|Intimidate|boost
|-unboost|p2a: Basculegion|atk|1
|-unboost|p2b: Sneasler|atk|1
|turn|1
|
|t:|1785627501
|move|p2b: Sneasler|Fake Out|p1b: Whimsicott
|-damage|p1b: Whimsicott|91/100
|cant|p1b: Whimsicott|flinch
|move|p2a: Basculegion|Flip Turn|p1a: Incineroar
|-supereffective|p1a: Incineroar|1
|-damage|p1a: Incineroar|42/100
|
|t:|1785627510
|switch|p2a: Floette|Floette-Eternal, L50, F|100/100|[from] Flip Turn
|move|p1a: Incineroar|Darkest Lariat|p2a: Floette
|-resisted|p2a: Floette|1
|-damage|p2a: Floette|63/100
|
|upkeep
|turn|2
|
|t:|1785627521
|detailschange|p2a: Floette|Floette-Mega, L50, F
|-mega|p2a: Floette|Floette|Floettite
|-ability|p2a: Floette|Fairy Aura
|move|p1b: Whimsicott|Encore|p2b: Sneasler
|-start|p2b: Sneasler|Encore
|move|p2b: Sneasler|Fake Out||[still]
|-hint|Fake Out only works on your first turn out.
|-fail|p2b: Sneasler
|move|p2a: Floette|Draining Kiss|p1a: Incineroar
|-damage|p1a: Incineroar|0 fnt
|-heal|p2a: Floette|100/100|[from] drain|[of] p1a: Incineroar
|faint|p1a: Incineroar
|
|upkeep
|
|t:|1785627533
|switch|p1a: Froslass|Froslass, L50, F|100/100
|turn|3
|
|t:|1785627543
|detailschange|p1a: Froslass|Froslass-Mega, L50, F
|-mega|p1a: Froslass|Froslass|Froslassite
|-weather|Snowscape|[from] ability: Snow Warning|[of] p1a: Froslass
|move|p1b: Whimsicott|Tailwind|p1b: Whimsicott
|-sidestart|p1: theonlyambipomfan|move: Tailwind
|move|p1a: Froslass|Blizzard|p2b: Sneasler|[spread] p2a,p2b
|-damage|p2a: Floette|61/100
|-damage|p2b: Sneasler|40/100
|-activate|p2b: Sneasler|move: Struggle
|move|p2b: Sneasler|Struggle|p1b: Whimsicott
|-damage|p1b: Whimsicott|82/100
|-status|p1b: Whimsicott|psn|[from] ability: Poison Touch|[of] p2b: Sneasler
|-damage|p2b: Sneasler|15/100|[from] recoil
|move|p2a: Floette|Calm Mind|p2a: Floette
|-boost|p2a: Floette|spa|1
|-boost|p2a: Floette|spd|1
|
|-weather|Snowscape|[upkeep]
|-damage|p1b: Whimsicott|70/100 psn|[from] psn
|upkeep
|turn|4
|
|t:|1785627566
|switch|p2b: Sinistcha|Sinistcha, L50|100/100
|-heal|p2a: Floette|86/100|[from] ability: Hospitality|[of] p2b: Sinistcha
|move|p1b: Whimsicott|Encore|p2a: Floette
|-start|p2a: Floette|Encore
|move|p1a: Froslass|Blizzard|p2a: Floette|[spread] p2a,p2b
|-supereffective|p2b: Sinistcha|1
|-damage|p2a: Floette|60/100
|-damage|p2b: Sinistcha|14/100
|-enditem|p2b: Sinistcha|Sitrus Berry|[eat]
|-heal|p2b: Sinistcha|39/100|[from] item: Sitrus Berry
|move|p2a: Floette|Calm Mind|p2a: Floette
|-boost|p2a: Floette|spa|1
|-boost|p2a: Floette|spd|1
|
|-weather|Snowscape|[upkeep]
|-damage|p1b: Whimsicott|58/100 psn|[from] psn
|upkeep
|turn|5
|
|t:|1785627588
|switch|p1b: Beartic|Beartic, L50, M|100/100
|switch|p2b: Sneasler|Sneasler, L50, M, shiny|15/100
|move|p1a: Froslass|Blizzard|p2a: Floette|[spread] p2a,p2b
|-damage|p2a: Floette|41/100
|-damage|p2b: Sneasler|0 fnt
|faint|p2b: Sneasler
|move|p2a: Floette|Calm Mind|p2a: Floette
|-boost|p2a: Floette|spa|1
|-boost|p2a: Floette|spd|1
|
|-weather|Snowscape|[upkeep]
|upkeep
|
|t:|1785627599
|switch|p2b: Sinistcha|Sinistcha, L50|39/100
|-heal|p2a: Floette|66/100|[from] ability: Hospitality|[of] p2b: Sinistcha
|turn|6
|
|t:|1785627609
|move|p1b: Beartic|Play Rough|p2a: Floette|[miss]
|-miss|p1b: Beartic|p2a: Floette
|move|p1a: Froslass|Blizzard|p2b: Sinistcha|[spread] p2a,p2b
|-supereffective|p2b: Sinistcha|1
|-damage|p2a: Floette|49/100
|-damage|p2b: Sinistcha|0 fnt
|faint|p2b: Sinistcha
|move|p2a: Floette|Calm Mind|p2a: Floette
|-boost|p2a: Floette|spa|1
|-boost|p2a: Floette|spd|1
|
|-weather|Snowscape|[upkeep]
|-end|p2a: Floette|Encore
|-sideend|p1: theonlyambipomfan|move: Tailwind
|upkeep
|
|t:|1785627629
|switch|p2b: Basculegion|Basculegion, L50, M, shiny|100/100
|turn|7
|
|t:|1785627639
|switch|p1a: Whimsicott|Whimsicott, L50, M|58/100 psn
|move|p1b: Beartic|Play Rough|p2a: Floette
|-damage|p2a: Floette|0 fnt
|faint|p2a: Floette
|move|p2b: Basculegion|Last Respects|p1a: Whimsicott
|-damage|p1a: Whimsicott|0 fnt
|faint|p1a: Whimsicott
|
|-weather|none
|upkeep
|
|t:|1785627649
|switch|p1a: Froslass|Froslass-Mega, L50, F|100/100
|-weather|Snowscape|[from] ability: Snow Warning|[of] p1a: Froslass
|turn|8
|
|t:|1785627657
|move|p1a: Froslass|Protect|p1a: Froslass
|-singleturn|p1a: Froslass|Protect
|move|p1b: Beartic|Play Rough|p2b: Basculegion
|-damage|p2b: Basculegion|63/100
|move|p2b: Basculegion|Last Respects|p1a: Froslass
|-activate|p1a: Froslass|move: Protect
|
|-weather|Snowscape|[upkeep]
|upkeep
|turn|9
|
|t:|1785627672
|move|p1b: Beartic|Play Rough|p2b: Basculegion
|-damage|p2b: Basculegion|30/100
|move|p1a: Froslass|Shadow Ball|p2b: Basculegion
|-supereffective|p2b: Basculegion|1
|-damage|p2b: Basculegion|0 fnt
|faint|p2b: Basculegion
|
|win|theonlyambipomfan
||theonlyambipomfan is ready for game 3.
