|j|☆Pietplezier7
|j|☆eevee1ynn
|html|Pietplezier7eevee1ynn    
|uhtml|bestof|Game 1 of a best-of-3
|t:|1785955791
|gametype|doubles
|player|p1|Pietplezier7|zinnia|
|player|p2|eevee1ynn|irida-masters2|
|gen|9
|tier|[Gen 9 Champions] VGC 2026 Reg M-B (Bo3)
|rule|Species Clause: Limit one of each Pokémon
|rule|Item Clause: Limit 1 of each item
|clearpoke
|poke|p1|Raichu, L50, F|
|poke|p1|Staraptor, L50, F|
|poke|p1|Arcanine-Hisui, L50, M|
|poke|p1|Farigiraf, L50, M|
|poke|p1|Sylveon, L50, F|
|poke|p1|Kingambit, L50, M|
|poke|p2|Raichu, L50, F|
|poke|p2|Talonflame, L50, F|
|poke|p2|Maushold, L50|
|poke|p2|Kommo-o, L50, F|
|poke|p2|Tsareena, L50, F|
|poke|p2|Delphox, L50, F|
|teampreview|4
|showteam|p1|Raichu||RaichuniteY|LightningRod|ZapCannon,FocusBlast,FakeOut,Protect|Timid||F|||50|]Staraptor||Staraptite|Intimidate|CloseCombat,DualWingbeat,Tailwind,Protect|Jolly||F|||50|]Arcanine-Hisui||FocusSash|RockHead|FlareBlitz,HeadSmash,ExtremeSpeed,Protect|Jolly||M|||50|]Farigiraf||SitrusBerry|ArmorTail|Psychic,HelpingHand,TrickRoom,Protect|Calm||M|||50|]Sylveon||FairyFeather|Pixilate|HyperVoice,QuickAttack,HyperBeam,Detect|Modest||F|||50|]Kingambit||LifeOrb|Defiant|KowtowCleave,SuckerPunch,SwordsDance,Protect|Adamant||M|||50|
|showteam|p2|Raichu||RaichuniteY|LightningRod|Protect,ZapCannon,FocusBlast,FakeOut|Timid||F|||50|]Talonflame||SharpBeak|GaleWings|QuickGuard,DualWingbeat,Feint,Tailwind|Jolly||F|||50|]Maushold||FocusSash|FriendGuard|Protect,SuperFang,Encore,FollowMe|Timid|||||50|]Kommo-o||LifeOrb|Overcoat|Protect,AuraSphere,ClangingScales,VacuumWave|Modest||F|||50|]Tsareena||WideLens|QueenlyMajesty|Protect,PowerWhip,TripleAxel,Taunt|Adamant||F|||50|]Delphox||Delphoxite|Blaze|Protect,HeatWave,Psychic,Substitute|Timid||F|||50|
|inactive|Battle timer is ON: inactive players will automatically lose when time's up. (requested by Pietplezier7)
|c|☆eevee1ynn|glhf
|c|☆Pietplezier7|glhf!
|inactive|Pietplezier7 has 60 seconds left.
|inactive|eevee1ynn has 60 seconds left.
|inactive|Pietplezier7 has 30 seconds left.
|
|t:|1785955860
|teamsize|p1|4
|teamsize|p2|4
|start
|switch|p1a: Arcanine|Arcanine-Hisui, L50, M|100/100
|switch|p1b: Farigiraf|Farigiraf, L50, M|100/100
|switch|p2a: Raichu|Raichu, L50, F|100/100
|switch|p2b: Kommo-o|Kommo-o, L50, F|100/100
|turn|1
|inactive|Pietplezier7 has 30 seconds left.
|
|t:|1785955887
|move|p2a: Raichu|Protect|p2a: Raichu
|-singleturn|p2a: Raichu|Protect
|move|p1a: Arcanine|Flare Blitz|p2a: Raichu
|-activate|p2a: Raichu|move: Protect
|move|p2b: Kommo-o|Aura Sphere|p1a: Arcanine
|-supereffective|p1a: Arcanine|1
|-enditem|p1a: Arcanine|Focus Sash
|-damage|p1a: Arcanine|1/100
|-damage|p2b: Kommo-o|90/100|[from] item: Life Orb
|move|p1b: Farigiraf|Trick Room|p1b: Farigiraf
|-fieldstart|move: Trick Room|[of] p1b: Farigiraf
|
|upkeep
|turn|2
|inactive|Pietplezier7 has 30 seconds left.
|inactive|eevee1ynn has 30 seconds left.
|
|t:|1785955921
|switch|p2a: Tsareena|Tsareena, L50, F|100/100
|move|p1a: Arcanine|Extreme Speed||[still]
|cant|p2a: Tsareena|ability: Queenly Majesty|Extreme Speed|[of] p1a: Arcanine
|move|p1b: Farigiraf|Psychic|p2a: Tsareena
|-damage|p2a: Tsareena|66/100
|move|p2b: Kommo-o|Clanging Scales|p1a: Arcanine|[spread] p1a,p1b
|-damage|p1a: Arcanine|0 fnt
|-damage|p1b: Farigiraf|58/100
|faint|p1a: Arcanine
|-unboost|p2b: Kommo-o|def|1
|-damage|p2b: Kommo-o|80/100|[from] item: Life Orb
|
|upkeep
|
|t:|1785955929
|switch|p1a: Sylveon|Sylveon, L50, F|100/100
|turn|3
|
|t:|1785955944
|move|p1b: Farigiraf|Helping Hand|p1a: Sylveon
|-singleturn|p1a: Sylveon|Helping Hand|[of] p1b: Farigiraf
|move|p2a: Tsareena|Protect|p2a: Tsareena
|-singleturn|p2a: Tsareena|Protect
|move|p1a: Sylveon|Hyper Voice|p2a: Tsareena|[spread] p2b
|-activate|p2a: Tsareena|move: Protect
|-supereffective|p2b: Kommo-o|2
|-damage|p2b: Kommo-o|0 fnt
|faint|p2b: Kommo-o
|
|upkeep
|
|t:|1785955950
|switch|p2b: Maushold|Maushold, L50|100/100
|turn|4
|inactive|Pietplezier7 has 30 seconds left.
|inactive|Pietplezier7 has 20 seconds left.
|inactive|Pietplezier7 has 15 seconds left.
|inactive|Pietplezier7 has 10 seconds left.
|
|t:|1785955998
|move|p1b: Farigiraf|Psychic|p2b: Maushold
|-damage|p2b: Maushold|58/100
|move|p1a: Sylveon|Hyper Voice|p2a: Tsareena|[spread] p2a,p2b
|-damage|p2a: Tsareena|29/100
|-damage|p2b: Maushold|1/100
|move|p2a: Tsareena|Power Whip|p1a: Sylveon
|-damage|p1a: Sylveon|40/100
|move|p2b: Maushold|Super Fang|p1a: Sylveon
|-damage|p1a: Sylveon|20/100y
|
|upkeep
|turn|5
|inactive|Pietplezier7 has 30 seconds left.
|inactive|eevee1ynn has 30 seconds left.
|inactive|Pietplezier7 has 20 seconds left.
|inactive|Pietplezier7 has 15 seconds left.
|
|t:|1785956040
|switch|p1b: Kingambit|Kingambit, L50, M|100/100
|move|p2a: Tsareena|Protect|p2a: Tsareena
|-singleturn|p2a: Tsareena|Protect
|move|p2b: Maushold|Protect|p2b: Maushold
|-singleturn|p2b: Maushold|Protect
|move|p1a: Sylveon|Hyper Voice|p2a: Tsareena|[spread] 
|-activate|p2a: Tsareena|move: Protect
|-activate|p2b: Maushold|move: Protect
|
|-fieldend|move: Trick Room
|upkeep
|turn|6
|inactive|Pietplezier7 has 30 seconds left.
|inactive|Pietplezier7 has 20 seconds left.
|inactive|Pietplezier7 has 15 seconds left.
|
|t:|1785956085
|move|p1a: Sylveon|Detect|p1a: Sylveon
|-singleturn|p1a: Sylveon|Protect
|move|p2b: Maushold|Super Fang|p1b: Kingambit
|-damage|p1b: Kingambit|50/100g
|move|p2a: Tsareena|Power Whip|p1a: Sylveon
|-activate|p1a: Sylveon|move: Protect
|move|p1b: Kingambit|Kowtow Cleave|p2a: Tsareena
|-damage|p2a: Tsareena|0 fnt
|faint|p2a: Tsareena
|-damage|p1b: Kingambit|40/100|[from] item: Life Orb
|
|upkeep
|
|t:|1785956087
|switch|p2a: Raichu|Raichu, L50, F|100/100
|turn|7
|inactive|Pietplezier7 has 30 seconds left.
|inactive|eevee1ynn has 30 seconds left.
|inactive|Pietplezier7 has 20 seconds left.
|inactive|Pietplezier7 has 15 seconds left.
|
|t:|1785956128
|switch|p1b: Farigiraf|Farigiraf, L50, M|58/100
|detailschange|p2a: Raichu|Raichu-Mega-Y, L50, F
|-mega|p2a: Raichu|Raichu|Raichunite Y
|move|p2a: Raichu|Fake Out||[still]
|cant|p1b: Farigiraf|ability: Armor Tail|Fake Out|[of] p2a: Raichu
|move|p1a: Sylveon|Quick Attack|p2b: Maushold
|-damage|p2b: Maushold|0 fnt
|faint|p2b: Maushold
|
|upkeep
|turn|8
|
|t:|1785956143
|move|p2a: Raichu|Zap Cannon|p1b: Farigiraf
|-damage|p1b: Farigiraf|10/100
|-status|p1b: Farigiraf|par
|-enditem|p1b: Farigiraf|Sitrus Berry|[eat]
|-heal|p1b: Farigiraf|35/100 par|[from] item: Sitrus Berry
|move|p1a: Sylveon|Hyper Voice|p2a: Raichu
|-damage|p2a: Raichu|20/100r
|cant|p1b: Farigiraf|par
|
|upkeep
|turn|9
|
|t:|1785956154
|move|p2a: Raichu|Zap Cannon|p1a: Sylveon
|-damage|p1a: Sylveon|0 fnt
|faint|p1a: Sylveon
|move|p1b: Farigiraf|Psychic|p2a: Raichu
|-crit|p2a: Raichu
|-damage|p2a: Raichu|0 fnt
|faint|p2a: Raichu
|
|win|Pietplezier7
||eevee1ynn is ready for game 2.
||Pietplezier7 is ready for game 2.
|uhtml|next|Next: Game 2 of 3
