|j|☆HalcyonJon
|j|☆floorrain
|html|HalcyonJonfloorrain    
|uhtml|bestof|Game 2 of a best-of-3
|t:|1757657259
|gametype|doubles
|player|p1|HalcyonJon|pokemonbreeder|1211
|player|p2|floorrain|102|1386
|gen|9
|tier|[Gen 9] VGC 2025 Reg H (Bo3)
|rated|
|rule|Species Clause: Limit one of each Pokémon
|rule|Item Clause: Limit 1 of each item
|clearpoke
|poke|p1|Torkoal, L50, F|
|poke|p1|Indeedee-F, L50, F|
|poke|p1|Glimmora, L50, F|
|poke|p1|Gallade, L50, M|
|poke|p1|Incineroar, L50, M|
|poke|p1|Delphox, L50, M|
|poke|p2|Dragonite, L50, F|
|poke|p2|Gholdengo, L50|
|poke|p2|Ursaluna-Bloodmoon, L50, M|
|poke|p2|Annihilape, L50, F|
|poke|p2|Maushold-Four, L50|
|poke|p2|Rillaboom, L50, M|
|teampreview|4
|showteam|p1|Torkoal||AssaultVest|Drought|Eruption,WeatherBall,SolarBeam,EarthPower|||F|||50|,,,,,Grass]Indeedee-F||RockyHelmet|PsychicSurge|Psychic,FollowMe,HelpingHand,TrickRoom|||F|||50|,,,,,Fairy]Glimmora||FocusSash|ToxicDebris|SludgeBomb,PowerGem,StealthRock,SpikyShield|||F|||50|,,,,,Grass]Gallade||ClearAmulet|Sharpness|SacredSword,PsychoCut,TrickRoom,WideGuard|||M|||50|,,,,,Fire]Incineroar||SafetyGoggles|Intimidate|FlareBlitz,KnockOff,FakeOut,PartingShot|||M|||50|,,,,,Ghost]Delphox||PsychicSeed|Magician|Flamethrower,ExpandingForce,NastyPlot,Protect|||M|||50|,,,,,Dark
|showteam|p2|Dragonite||LoadedDice|Multiscale|ScaleShot,Tailwind,Haze,Protect|||F|||50|,,,,,Fairy]Gholdengo||LifeOrb|GoodasGold|MakeItRain,ShadowBall,NastyPlot,Protect||||||50|,,,,,Water]Ursaluna-Bloodmoon||AssaultVest|MindsEye|BloodMoon,EarthPower,HyperVoice,VacuumWave|||M|||50|,,,,,Water]Annihilape||SitrusBerry|Defiant|DrainPunch,RageFist,BulkUp,Protect|||F|||50|,,,,,Fire]Maushold-Four||FocusSash|FriendGuard|SuperFang,BeatUp,FollowMe,Protect||||||50|,,,,,Ghost]Rillaboom||MiracleSeed|GrassySurge|WoodHammer,GrassyGlide,HighHorsepower,FakeOut|||M|||50|,,,,,Fire
|inactive|Battle timer is ON: inactive players will automatically lose when time's up. (requested by HalcyonJon)
|
|t:|1757657303
|teamsize|p1|4
|teamsize|p2|4
|start
|switch|p1a: Delphox|Delphox, L50, M|100/100
|switch|p1b: Indeedee|Indeedee-F, L50, F|100/100
|switch|p2a: Dragonite|Dragonite, L50, F|100/100
|switch|p2b: Ursaluna|Ursaluna-Bloodmoon, L50, M|100/100
|-fieldstart|move: Psychic Terrain|[from] ability: Psychic Surge|[of] p1b: Indeedee
|-enditem|p1a: Delphox|Psychic Seed
|-boost|p1a: Delphox|spd|1|[from] item: Psychic Seed
|turn|1
|inactive|floorrain has 30 seconds left.
|inactive|floorrain has 20 seconds left.
|inactive|floorrain has 15 seconds left.
|
|t:|1757657345
|switch|p2a: Rillaboom|Rillaboom, L50, M|100/100
|-fieldstart|move: Grassy Terrain|[from] ability: Grassy Surge|[of] p2a: Rillaboom
|move|p1b: Indeedee|Follow Me|p1b: Indeedee
|-singleturn|p1b: Indeedee|move: Follow Me
|move|p1a: Delphox|Nasty Plot|p1a: Delphox
|-boost|p1a: Delphox|spa|2
|move|p2b: Ursaluna|Blood Moon|p1b: Indeedee
|-damage|p1b: Indeedee|30/100
|
|-heal|p1b: Indeedee|37/100|[from] Grassy Terrain
|upkeep
|turn|2
|inactive|floorrain has 30 seconds left.
|inactive|floorrain has 20 seconds left.
|
|t:|1757657381
|switch|p2a: Dragonite|Dragonite, L50, F|100/100
|switch|p1b: Sigh...|Incineroar, L50, M|100/100
|-ability|p1b: Sigh...|Intimidate|boost
|-unboost|p2a: Dragonite|atk|1
|-unboost|p2b: Ursaluna|atk|1
|move|p1a: Delphox|Protect|p1a: Delphox
|-singleturn|p1a: Delphox|Protect
|move|p2b: Ursaluna|Earth Power|p1a: Delphox
|-activate|p1a: Delphox|move: Protect
|
|upkeep
|turn|3
|inactive|HalcyonJon has 30 seconds left.
|inactive|HalcyonJon has 20 seconds left.
|inactive|HalcyonJon has 15 seconds left.
|
|t:|1757657423
|move|p1b: Sigh...|Fake Out|p2a: Dragonite
|-damage|p2a: Dragonite|94/100
|move|p1a: Delphox|Expanding Force|p2b: Ursaluna
|-damage|p2b: Ursaluna|49/100
|-item|p1a: Delphox|Assault Vest|[from] ability: Magician|[of] p2b: Ursaluna
|cant|p2a: Dragonite|flinch
|move|p2b: Ursaluna|Earth Power|p1b: Sigh...
|-supereffective|p1b: Sigh...
|-damage|p1b: Sigh...|31/100
|
|-heal|p1b: Sigh...|37/100|[from] Grassy Terrain
|-heal|p2b: Ursaluna|55/100|[from] Grassy Terrain
|upkeep
|turn|4
|
|t:|1757657447
|switch|p1b: Indeedee|Indeedee-F, L50, F|37/100
|-fieldstart|move: Psychic Terrain|[from] ability: Psychic Surge|[of] p1b: Indeedee
|switch|p2b: Rillaboom|Rillaboom, L50, M|100/100
|-fieldstart|move: Grassy Terrain|[from] ability: Grassy Surge|[of] p2b: Rillaboom
|move|p1a: Delphox|Expanding Force|p2b: Rillaboom
|-damage|p2b: Rillaboom|12/100
|move|p2a: Dragonite|Scale Shot|p1b: Indeedee|[miss]
|-miss|p2a: Dragonite|p1b: Indeedee
|
|-heal|p2b: Rillaboom|18/100|[from] Grassy Terrain
|-heal|p1b: Indeedee|43/100|[from] Grassy Terrain
|upkeep
|turn|5
|c|☆floorrain|f
|inactive|HalcyonJon has 30 seconds left.
|inactive|floorrain has 30 seconds left.
|
|t:|1757657481
|-terastallize|p2a: Dragonite|Fairy
|move|p2b: Rillaboom|Fake Out|p1a: Delphox
|-damage|p1a: Delphox|77/100
|move|p1b: Indeedee|Follow Me|p1b: Indeedee
|-singleturn|p1b: Indeedee|move: Follow Me
|cant|p1a: Delphox|flinch
|move|p2a: Dragonite|Haze|p2a: Dragonite
|-clearallboost
|
|-heal|p1a: Delphox|83/100|[from] Grassy Terrain
|-heal|p2a: Dragonite|99/100|[from] Grassy Terrain
|-heal|p2b: Rillaboom|24/100|[from] Grassy Terrain
|-heal|p1b: Indeedee|49/100|[from] Grassy Terrain
|upkeep
|turn|6
|inactive|HalcyonJon has 30 seconds left.
|inactive|floorrain has 30 seconds left.
|
|t:|1757657516
|switch|p1b: Sigh...|Incineroar, L50, M|37/100
|-ability|p1b: Sigh...|Intimidate|boost
|-unboost|p2a: Dragonite|atk|1
|-unboost|p2b: Rillaboom|atk|1
|move|p2b: Rillaboom|Grassy Glide|p1b: Sigh...
|-resisted|p1b: Sigh...
|-damage|p1b: Sigh...|22/100
|move|p1a: Delphox|Expanding Force|p2b: Rillaboom
|-damage|p2b: Rillaboom|0 fnt
|faint|p2b: Rillaboom
|move|p2a: Dragonite|Scale Shot|p1a: Delphox
|-damage|p1a: Delphox|67/100
|-damage|p1a: Delphox|52/100
|-damage|p1a: Delphox|36/100
|-damage|p1a: Delphox|19/100
|-hitcount|p1a: Delphox|4
|-unboost|p2a: Dragonite|def|1
|-boost|p2a: Dragonite|spe|1
|
|-heal|p2a: Dragonite|100/100|[from] Grassy Terrain
|-heal|p1a: Delphox|25/100|[from] Grassy Terrain
|-heal|p1b: Sigh...|28/100|[from] Grassy Terrain
|upkeep
|
|t:|1757657530
|switch|p2b: Maushold|Maushold-Four, L50|100/100
|turn|7
|inactive|HalcyonJon has 30 seconds left.
|
|t:|1757657565
|switch|p1a: Gallade|Gallade, L50, M|100/100
|move|p2a: Dragonite|Protect|p2a: Dragonite
|-singleturn|p2a: Dragonite|Protect
|move|p2b: Maushold|Protect|p2b: Maushold
|-singleturn|p2b: Maushold|Protect
|move|p1b: Sigh...|Fake Out|p2a: Dragonite
|-activate|p2a: Dragonite|move: Protect
|
|-heal|p1b: Sigh...|34/100|[from] Grassy Terrain
|upkeep
|turn|8
|inactive|HalcyonJon has 30 seconds left.
|
|t:|1757657596
|switch|p1b: Indeedee|Indeedee-F, L50, F|49/100
|-fieldstart|move: Psychic Terrain|[from] ability: Psychic Surge|[of] p1b: Indeedee
|move|p2a: Dragonite|Scale Shot|p1b: Indeedee
|-damage|p1b: Indeedee|37/100
|-damage|p1b: Indeedee|28/100
|-damage|p1b: Indeedee|18/100
|-damage|p1b: Indeedee|7/100
|-hitcount|p1b: Indeedee|4
|-unboost|p2a: Dragonite|def|1
|-boost|p2a: Dragonite|spe|1
|move|p2b: Maushold|Super Fang|p1a: Gallade
|-damage|p1a: Gallade|51/100
|move|p1a: Gallade|Sacred Sword|p2b: Maushold
|-supereffective|p2b: Maushold
|-enditem|p2b: Maushold|Focus Sash
|-damage|p2b: Maushold|1/100
|
|upkeep
|turn|9
|inactive|HalcyonJon has 30 seconds left.
|inactive|floorrain has 30 seconds left.
|inactive|floorrain has 20 seconds left.
|inactive|floorrain has 15 seconds left.
|
|t:|1757657639
|switch|p2a: Ursaluna|Ursaluna-Bloodmoon, L50, M|55/100
|move|p2b: Maushold|Protect|p2b: Maushold
|-singleturn|p2b: Maushold|Protect
|move|p1b: Indeedee|Follow Me|p1b: Indeedee
|-singleturn|p1b: Indeedee|move: Follow Me
|move|p1a: Gallade|Trick Room|p1a: Gallade
|-fieldstart|move: Trick Room|[of] p1a: Gallade
|
|upkeep
|turn|10
|inactive|HalcyonJon has 30 seconds left.
|
|t:|1757657670
|move|p1b: Indeedee|Follow Me|p1b: Indeedee
|-singleturn|p1b: Indeedee|move: Follow Me
|move|p2b: Maushold|Follow Me|p2b: Maushold
|-singleturn|p2b: Maushold|move: Follow Me
|move|p2a: Ursaluna|Blood Moon|p1b: Indeedee
|-damage|p1b: Indeedee|0 fnt
|faint|p1b: Indeedee
|move|p1a: Gallade|Sacred Sword|p2b: Maushold
|-supereffective|p2b: Maushold
|-crit|p2b: Maushold
|-damage|p2b: Maushold|0 fnt
|faint|p2b: Maushold
|
|upkeep
|
|t:|1757657684
|switch|p1b: Sigh...|Incineroar, L50, M|34/100
|switch|p2b: Dragonite|Dragonite, L50, F, tera:Fairy|100/100
|-ability|p1b: Sigh...|Intimidate|boost
|-unboost|p2a: Ursaluna|atk|1
|-unboost|p2b: Dragonite|atk|1
|turn|11
|
|t:|1757657707
|move|p2a: Ursaluna|Earth Power|p1b: Sigh...
|-supereffective|p1b: Sigh...
|-damage|p1b: Sigh...|0 fnt
|faint|p1b: Sigh...
|move|p1a: Gallade|Sacred Sword|p2a: Ursaluna
|-supereffective|p2a: Ursaluna
|-damage|p2a: Ursaluna|0 fnt
|faint|p2a: Ursaluna
|move|p2b: Dragonite|Scale Shot|p1a: Gallade
|-damage|p1a: Gallade|37/100
|-damage|p1a: Gallade|23/100
|-damage|p1a: Gallade|10/100
|-damage|p1a: Gallade|0 fnt
|faint|p1a: Gallade
|-hitcount|p1: Gallade|4
|-unboost|p2b: Dragonite|def|1
|-boost|p2b: Dragonite|spe|1
|
|upkeep
|
|t:|1757657725
|switch|p1b: Delphox|Delphox, L50, M|25/100
|turn|12
|
|t:|1757657732
|move|p1b: Delphox|Expanding Force|p2b: Dragonite
|-damage|p2b: Dragonite|62/100
|move|p2b: Dragonite|Scale Shot|p1b: Delphox
|-damage|p1b: Delphox|7/100
|-damage|p1b: Delphox|0 fnt
|faint|p1b: Delphox
|-hitcount|p1: Delphox|2
|
|win|floorrain
|raw|HalcyonJon's rating: 1211 → 1198(-13 for losing)
|raw|floorrain's rating: 1386 → 1397(+11 for winning)
|l|☆HalcyonJon
|player|p1|
