|j|☆lettitripppp
|j|☆Roncolaenjoyer
|html|lettitrippppRoncolaenjoyer    
|uhtml|bestof|Game 1 of a best-of-3
|t:|1783894224
|gametype|doubles
|player|p1|lettitripppp|lucas|1280
|player|p2|Roncolaenjoyer|nate|1501
|gen|9
|tier|[Gen 9 Champions] VGC 2026 Reg M-B (Bo3)
|rated|
|rule|Species Clause: Limit one of each Pokémon
|rule|Item Clause: Limit 1 of each item
|clearpoke
|poke|p1|Charizard, L50, F|
|poke|p1|Floette-Eternal, L50, F|
|poke|p1|Basculegion, L50, M|
|poke|p1|Whimsicott, L50, F, shiny|
|poke|p1|Garchomp, L50, F, shiny|
|poke|p1|Kingambit, L50, F, shiny|
|poke|p2|Charizard, L50, F|
|poke|p2|Sylveon, L50, M|
|poke|p2|Farigiraf, L50, F|
|poke|p2|Aerodactyl, L50, M|
|poke|p2|Kingambit, L50, M|
|poke|p2|Garchomp, L50, M|
|teampreview|4
|showteam|p1|Charizard||CharizarditeY|Blaze|WeatherBall,SolarBeam,HeatWave,Protect|Modest||F|||50|]Floette-Eternal||Floettite|FlowerVeil|DazzlingGleam,LightofRuin,Moonblast,Protect|Modest||F|||50|]Basculegion||MysticWater|Adaptability|LastRespects,WaveCrash,AquaJet,Protect|Adamant||M|||50|]Whimsicott||FocusSash|Prankster|Moonblast,Tailwind,Encore,Protect|Timid||F|||50|]Garchomp||LifeOrb|RoughSkin|DragonClaw,Earthquake,RockSlide,Protect|Jolly||F|||50|]Kingambit||ChopleBerry|Defiant|KowtowCleave,SuckerPunch,IronHead,LowKick|Adamant||F|||50|
|showteam|p2|Charizard||CharizarditeY|SolarPower|Protect,WeatherBall,SolarBeam,HeatWave|Modest||F|||50|]Sylveon||FairyFeather|Pixilate|Detect,HyperVoice,QuickAttack,HyperBeam|Modest||M|||50|]Farigiraf||SitrusBerry|ArmorTail|Thunderbolt,TwinBeam,Roar,TrickRoom|Bold||F|||50|]Aerodactyl||Aerodactylite|Unnerve|RockSlide,DualWingbeat,IceFang,Tailwind|Jolly||M|||50|]Kingambit||FocusSash|Defiant|KowtowCleave,SuckerPunch,IronHead,LowKick|Adamant||M|||50|]Garchomp||LifeOrb|RoughSkin|Earthquake,StompingTantrum,DragonClaw,Protect|Jolly||M|||50|
|inactive|Battle timer is ON: inactive players will automatically lose when time's up. (requested by lettitripppp)
|inactive|Roncolaenjoyer also wants the timer to be on.
|inactive|Roncolaenjoyer has 60 seconds left.
|
|t:|1783894280
|teamsize|p1|4
|teamsize|p2|4
|start
|switch|p1a: RUINOUS LIGHT|Floette-Eternal, L50, F|100/100
|switch|p1b: LETS GO GO|Whimsicott, L50, F, shiny|100/100
|switch|p2a: Aerodactyl|Aerodactyl, L50, M|100/100
|switch|p2b: Kingambit|Kingambit, L50, M|100/100
|-ability|p2a: Aerodactyl|Unnerve
|turn|1
|
|t:|1783894287
|detailschange|p2a: Aerodactyl|Aerodactyl-Mega, L50, M
|-mega|p2a: Aerodactyl|Aerodactyl|Aerodactylite
|detailschange|p1a: RUINOUS LIGHT|Floette-Mega, L50, F
|-mega|p1a: RUINOUS LIGHT|Floette|Floettite
|-ability|p1a: RUINOUS LIGHT|Fairy Aura
|move|p1b: LETS GO GO|Tailwind|p1b: LETS GO GO
|-sidestart|p1: lettitripppp|move: Tailwind
|move|p1a: RUINOUS LIGHT|Light of Ruin|p2a: Aerodactyl
|-damage|p2a: Aerodactyl|0 fnt
|faint|p2a: Aerodactyl
|-damage|p1a: RUINOUS LIGHT|44/100|[from] Recoil
|move|p2b: Kingambit|Iron Head|p1a: RUINOUS LIGHT
|-supereffective|p1a: RUINOUS LIGHT|1
|-damage|p1a: RUINOUS LIGHT|0 fnt
|faint|p1a: RUINOUS LIGHT
|
|upkeep
|inactive|lettitripppp has 30 seconds left.
|
|t:|1783894316
|switch|p2a: Farigiraf|Farigiraf, L50, F|100/100
|switch|p1a: GENERAL BLADUS|Kingambit, L50, F, shiny|100/100
|turn|2
|
|t:|1783894339
|move|p1b: LETS GO GO|Moonblast|p2a: Farigiraf
|-damage|p2a: Farigiraf|73/100
|move|p1a: GENERAL BLADUS|Kowtow Cleave|p2a: Farigiraf
|-supereffective|p2a: Farigiraf|1
|-damage|p2a: Farigiraf|0 fnt
|faint|p2a: Farigiraf
|move|p2b: Kingambit|Low Kick|p1a: GENERAL BLADUS
|-supereffective|p1a: GENERAL BLADUS|2
|-enditem|p1a: GENERAL BLADUS|Chople Berry|[eat]
|-enditem|p1a: GENERAL BLADUS|Chople Berry|[weaken]
|-damage|p1a: GENERAL BLADUS|42/100
|
|upkeep
|
|t:|1783894345
|switch|p2a: Sylveon|Sylveon, L50, M|100/100
|turn|3
|
|t:|1783894364
|move|p2b: Kingambit|Sucker Punch|p1b: LETS GO GO
|-resisted|p1b: LETS GO GO|1
|-damage|p1b: LETS GO GO|74/100
|move|p1b: LETS GO GO|Moonblast|p2b: Kingambit
|-damage|p2b: Kingambit|66/100
|move|p1a: GENERAL BLADUS|Low Kick|p2b: Kingambit
|-supereffective|p2b: Kingambit|2
|-crit|p2b: Kingambit
|-damage|p2b: Kingambit|0 fnt
|faint|p2b: Kingambit
|move|p2a: Sylveon|Hyper Voice|p1a: GENERAL BLADUS|[spread] p1a,p1b
|-crit|p1a: GENERAL BLADUS
|-damage|p1a: GENERAL BLADUS|0 fnt
|-damage|p1b: LETS GO GO|2/100
|faint|p1a: GENERAL BLADUS
|
|upkeep
|
|t:|1783894376
|switch|p1a: CRUSH SHARK|Garchomp, L50, F, shiny|100/100
|turn|4
|
|t:|1783894385
|move|p1a: CRUSH SHARK|Protect|p1a: CRUSH SHARK
|-singleturn|p1a: CRUSH SHARK|Protect
|move|p1b: LETS GO GO|Moonblast|p2a: Sylveon
|-damage|p2a: Sylveon|75/100
|move|p2a: Sylveon|Hyper Voice|p1b: LETS GO GO|[spread] p1b
|-activate|p1a: CRUSH SHARK|move: Protect
|-crit|p1b: LETS GO GO
|-damage|p1b: LETS GO GO|0 fnt
|faint|p1b: LETS GO GO
|
|-sideend|p1: lettitripppp|move: Tailwind
|upkeep
|turn|5
|
|t:|1783894393
|move|p1a: CRUSH SHARK|Earthquake|p2a: Sylveon
|-damage|p2a: Sylveon|0 fnt
|faint|p2a: Sylveon
|-damage|p1a: CRUSH SHARK|90/100|[from] item: Life Orb
|
|win|lettitripppp
||lettitripppp is ready for game 2.
|inactive|Roncolaenjoyer has 30 seconds to confirm battle start!
|inactive|Roncolaenjoyer has 20 seconds to confirm battle start!
||Roncolaenjoyer is ready for game 2.
|uhtml|next|Next: Game 2 of 3
