|j|☆tryson69
|j|☆TalonMasterJ
|html|tryson69TalonMasterJ    
|uhtml|bestof|Game 2 of a best-of-3
|t:|1783002615
|gametype|doubles
|player|p1|tryson69|crasherwake|1231
|player|p2|TalonMasterJ|steven|1264
|gen|9
|tier|[Gen 9 Champions] VGC 2026 Reg M-B (Bo3)
|rated|
|rule|Species Clause: Limit one of each Pokémon
|rule|Item Clause: Limit 1 of each item
|clearpoke
|poke|p1|Tyranitar, L50, M|
|poke|p1|Sinistcha, L50|
|poke|p1|Sneasler, L50, F|
|poke|p1|Garchomp, L50, M|
|poke|p1|Corviknight, L50, F|
|poke|p1|Gholdengo, L50|
|poke|p2|Raichu, L50, M|
|poke|p2|Mawile, L50, F|
|poke|p2|Sinistcha, L50|
|poke|p2|Ceruledge, L50, M|
|poke|p2|Milotic, L50, F|
|poke|p2|Incineroar, L50, F|
|teampreview|4
|showteam|p1|Tyranitar||Tyranitarite|SandStream|KnockOff,RockSlide,Protect,DragonDance|Adamant||M|||50|]Sinistcha||SitrusBerry|Hospitality|TrickRoom,MatchaGotcha,RagePowder,Protect|Bold|||||50|]Sneasler||WhiteHerb|Unburden|CloseCombat,DireClaw,FakeOut,Protect|Jolly||F|||50|]Garchomp||LifeOrb|RoughSkin|Earthquake,RockSlide,Protect,DragonClaw|Adamant||M|||50|]Corviknight||Leftovers|MirrorArmor|Tailwind,BulkUp,Protect,BraveBird|Careful||F|||50|]Gholdengo||SpellTag|GoodasGold|MakeItRain,NastyPlot,ShadowBall,Protect|Modest|||||50|
|showteam|p2|Raichu||RaichuniteY|LightningRod|ZapCannon,FocusBlast,FakeOut,Protect|Timid||M|||50|]Mawile||Mawilite|HyperCutter|PlayRough,SuckerPunch,SwordsDance,Protect|Adamant||F|||50|]Sinistcha||KasibBerry|Hospitality|MatchaGotcha,LifeDew,RagePowder,Protect|Relaxed|||||50|]Ceruledge||ColburBerry|FlashFire|BitterBlade,ShadowSneak,BulkUp,Protect|Adamant||M|||50|]Milotic||Leftovers|Competitive|MuddyWater,Coil,Hypnosis,Protect|Calm||F|||50|]Incineroar||SitrusBerry|Intimidate|FlareBlitz,ThroatChop,FakeOut,PartingShot|Impish||F|||50|
|
|t:|1783002647
|teamsize|p1|4
|teamsize|p2|4
|start
|switch|p1a: Gholdengo|Gholdengo, L50|100/100
|switch|p1b: Garchomp|Garchomp, L50, M|100/100
|switch|p2a: Milotic|Milotic, L50, F|100/100
|switch|p2b: Incineroar|Incineroar, L50, F|100/100
|-ability|p2b: Incineroar|Intimidate|boost
|-unboost|p1a: Gholdengo|atk|1
|-unboost|p1b: Garchomp|atk|1
|turn|1
|
|t:|1783002667
|move|p1b: Garchomp|Rock Slide|p2a: Milotic|[spread] p2a,p2b
|-supereffective|p2b: Incineroar|1
|-damage|p2a: Milotic|85/100
|-damage|p2b: Incineroar|74/100
|-damage|p1b: Garchomp|90/100|[from] item: Life Orb
|move|p1a: Gholdengo|Nasty Plot|p1a: Gholdengo
|-boost|p1a: Gholdengo|spa|2
|move|p2a: Milotic|Coil|p2a: Milotic
|-boost|p2a: Milotic|atk|1
|-boost|p2a: Milotic|def|1
|-boost|p2a: Milotic|accuracy|1
|cant|p2b: Incineroar|flinch
|
|-heal|p2a: Milotic|91/100|[from] item: Leftovers
|upkeep
|turn|2
|
|t:|1783002693
|move|p2a: Milotic|Protect|p2a: Milotic
|-singleturn|p2a: Milotic|Protect
|move|p1b: Garchomp|Rock Slide|p2b: Incineroar|[spread] p2b
|-activate|p2a: Milotic|move: Protect
|-supereffective|p2b: Incineroar|1
|-damage|p2b: Incineroar|50/100y
|-enditem|p2b: Incineroar|Sitrus Berry|[eat]
|-heal|p2b: Incineroar|74/100|[from] item: Sitrus Berry
|-damage|p1b: Garchomp|80/100|[from] item: Life Orb
|move|p1a: Gholdengo|Shadow Ball|p2a: Milotic
|-activate|p2a: Milotic|move: Protect
|move|p2b: Incineroar|Flare Blitz|p1a: Gholdengo
|-supereffective|p1a: Gholdengo|1
|-damage|p1a: Gholdengo|10/100
|-status|p1a: Gholdengo|brn
|-damage|p2b: Incineroar|46/100|[from] Recoil
|
|-heal|p2a: Milotic|97/100|[from] item: Leftovers
|-damage|p1a: Gholdengo|4/100 brn|[from] brn
|upkeep
|turn|3
|
|t:|1783002708
|switch|p1b: Sinistcha|Sinistcha, L50|100/100
|-heal|p1a: Gholdengo|28/100 brn|[from] ability: Hospitality|[of] p1b: Sinistcha
|switch|p2b: Sinistcha|Sinistcha, L50|100/100
|-heal|p2a: Milotic|100/100|[from] ability: Hospitality|[of] p2b: Sinistcha
|move|p1a: Gholdengo|Shadow Ball|p2a: Milotic
|-damage|p2a: Milotic|30/100
|move|p2a: Milotic|Coil|p2a: Milotic
|-boost|p2a: Milotic|atk|1
|-boost|p2a: Milotic|def|1
|-boost|p2a: Milotic|accuracy|1
|
|-heal|p2a: Milotic|36/100|[from] item: Leftovers
|-damage|p1a: Gholdengo|22/100 brn|[from] brn
|upkeep
|turn|4
|
|t:|1783002730
|switch|p1b: Sneasler|Sneasler, L50, F|100/100
|move|p2a: Milotic|Protect|p2a: Milotic
|-singleturn|p2a: Milotic|Protect
|move|p1a: Gholdengo|Shadow Ball|p2b: Sinistcha
|-supereffective|p2b: Sinistcha|1
|-enditem|p2b: Sinistcha|Kasib Berry|[eat]
|-enditem|p2b: Sinistcha|Kasib Berry|[weaken]
|-damage|p2b: Sinistcha|0 fnt
|faint|p2b: Sinistcha
|
|-heal|p2a: Milotic|42/100|[from] item: Leftovers
|-damage|p1a: Gholdengo|16/100 brn|[from] brn
|upkeep
|
|t:|1783002740
|switch|p2b: Ceruledge|Ceruledge, L50, M|100/100
|turn|5
|
|t:|1783002763
|switch|p1b: Sinistcha|Sinistcha, L50|100/100
|-heal|p1a: Gholdengo|41/100 brn|[from] ability: Hospitality|[of] p1b: Sinistcha
|move|p1a: Gholdengo|Protect|p1a: Gholdengo
|-singleturn|p1a: Gholdengo|Protect
|move|p2b: Ceruledge|Shadow Sneak|p1a: Gholdengo
|-activate|p1a: Gholdengo|move: Protect
|move|p2a: Milotic|Hypnosis|p1b: Sinistcha
|-status|p1b: Sinistcha|slp|[from] move: Hypnosis
|
|-heal|p2a: Milotic|48/100|[from] item: Leftovers
|-damage|p1a: Gholdengo|35/100 brn|[from] brn
|upkeep
|turn|6
|
|t:|1783002783
|move|p2b: Ceruledge|Shadow Sneak|p1a: Gholdengo
|-supereffective|p1a: Gholdengo|1
|-damage|p1a: Gholdengo|0 fnt
|faint|p1a: Gholdengo
|move|p2a: Milotic|Coil|p2a: Milotic
|-boost|p2a: Milotic|atk|1
|-boost|p2a: Milotic|def|1
|-boost|p2a: Milotic|accuracy|1
|cant|p1b: Sinistcha|slp
|
|-heal|p2a: Milotic|53/100|[from] item: Leftovers
|upkeep
|
|t:|1783002789
|switch|p1a: Sneasler|Sneasler, L50, F|100/100
|turn|7
|
|t:|1783002805
|move|p2a: Milotic|Protect|p2a: Milotic
|-singleturn|p2a: Milotic|Protect
|move|p1a: Sneasler|Fake Out|p2a: Milotic
|-activate|p2a: Milotic|move: Protect
|move|p2b: Ceruledge|Bulk Up|p2b: Ceruledge
|-boost|p2b: Ceruledge|atk|1
|-boost|p2b: Ceruledge|def|1
|cant|p1b: Sinistcha|slp
|
|-heal|p2a: Milotic|59/100|[from] item: Leftovers
|upkeep
|turn|8
|
|t:|1783002825
|move|p1a: Sneasler|Dire Claw|p2a: Milotic
|-damage|p2a: Milotic|45/100
|move|p2b: Ceruledge|Bitter Blade|p1b: Sinistcha
|-supereffective|p1b: Sinistcha|1
|-damage|p1b: Sinistcha|0 fnt
|faint|p1b: Sinistcha
|move|p2a: Milotic|Hypnosis|p1a: Sneasler
|-status|p1a: Sneasler|slp|[from] move: Hypnosis
|
|-heal|p2a: Milotic|50/100g|[from] item: Leftovers
|upkeep
|-message|tryson69 forfeited.
|
|win|TalonMasterJ
||tryson69 is ready for game 3.
||TalonMasterJ is ready for game 3.
|uhtml|next|Next: Game 3 of 3
|l|☆TalonMasterJ
|player|p2|
