|j|☆Luckstat10
|j|☆ddx9000
|html|Luckstat10ddx9000    
|uhtml|bestof|Game 3 of a best-of-3
|t:|1756793265
|gametype|doubles
|player|p1|Luckstat10|266|1147
|player|p2|ddx9000|266|1093
|gen|9
|tier|[Gen 9] VGC 2025 Reg H (Bo3)
|rated|
|rule|Species Clause: Limit one of each Pokémon
|rule|Item Clause: Limit 1 of each item
|clearpoke
|poke|p1|Rillaboom, L50, M|
|poke|p1|Gholdengo, L50|
|poke|p1|Milotic, L50, F|
|poke|p1|Garchomp, L50, M|
|poke|p1|Volcarona, L50, F|
|poke|p1|Annihilape, L50, M|
|poke|p2|Incineroar, L50, M|
|poke|p2|Porygon2, L50|
|poke|p2|Amoonguss, L50, F|
|poke|p2|Hydreigon, L50, M|
|poke|p2|Ursaluna, L50, M|
|poke|p2|Gholdengo, L50|
|teampreview|4
|showteam|p1|Rillaboom||AssaultVest|GrassySurge|FakeOut,WoodHammer,GrassyGlide,HighHorsepower|||M|||50|,,,,,Fire]Gholdengo||LifeOrb|GoodasGold|NastyPlot,MakeItRain,ShadowBall,Protect||||||50|,,,,,Water]Milotic||FlameOrb|MarvelScale|IcyWind,Scald,Haze,Recover|||F|||50|,,,,,Dragon]Garchomp||ChoiceScarf|RoughSkin|DragonClaw,StompingTantrum,Earthquake,RockSlide|||M|||50|,,,,,Fairy]Volcarona||CovertCloak|FlameBody|QuiverDance,HeatWave,GigaDrain,Protect|||F|||50|,,,,,Grass]Annihilape||Leftovers|Defiant|BulkUp,DrainPunch,RageFist,Protect|||M|||50|,,,,,Fire
|showteam|p2|Incineroar||AssaultVest|Intimidate|FakeOut,Uturn,FlareBlitz,KnockOff|||M|||50|,,,,,Ghost]Porygon2||Eviolite|Download|TeraBlast,IceBeam,Recover,TrickRoom||||||50|,,,,,Fighting]Amoonguss||RockyHelmet|Regenerator|Spore,ClearSmog,RagePowder,PollenPuff|||F|||50|,,,,,Water]Hydreigon||SafetyGoggles|Levitate|Tailwind,Snarl,Protect,DracoMeteor|||M|||50|,,,,,Ghost]Ursaluna||FlameOrb|Guts|Protect,HeadlongRush,Earthquake,Facade|||M|||50|,,,,,Ghost]Gholdengo||LifeOrb|GoodasGold|Protect,NastyPlot,MakeItRain,ShadowBall||||||50|,,,,,Water
|
|t:|1756793306
|teamsize|p1|4
|teamsize|p2|4
|start
|switch|p1a: Annihilape|Annihilape, L50, M, shiny|100/100
|switch|p1b: Koba|Rillaboom, L50, M, shiny|100/100
|switch|p2a: Gholdengo|Gholdengo, L50|100/100
|switch|p2b: Hydreigon|Hydreigon, L50, M|100/100
|-fieldstart|move: Grassy Terrain|[from] ability: Grassy Surge|[of] p1b: Koba
|turn|1
|
|t:|1756793319
|switch|p1a: Calypso|Milotic, L50, F, shiny|100/100
|move|p2b: Hydreigon|Tailwind|p2b: Hydreigon
|-sidestart|p2: ddx9000|move: Tailwind
|move|p2a: Gholdengo|Make It Rain|p1a: Calypso|[spread] p1a,p1b
|-resisted|p1a: Calypso
|-damage|p1a: Calypso|78/100
|-damage|p1b: Koba|53/100
|-unboost|p2a: Gholdengo|spa|1
|-damage|p2a: Gholdengo|91/100|[from] item: Life Orb
|move|p1b: Koba|High Horsepower|p2a: Gholdengo
|-supereffective|p2a: Gholdengo
|-damage|p2a: Gholdengo|18/100
|
|-heal|p2a: Gholdengo|24/100|[from] Grassy Terrain
|-heal|p1b: Koba|59/100|[from] Grassy Terrain
|-heal|p1a: Calypso|84/100|[from] Grassy Terrain
|-status|p1a: Calypso|brn|[from] item: Flame Orb
|upkeep
|turn|2
|
|t:|1756793354
|switch|p2a: Porygon2|Porygon2, L50|100/100
|-ability|p2a: Porygon2|Download|boost
|-boost|p2a: Porygon2|atk|1
|switch|p1b: Midas|Gholdengo, L50|100/100
|move|p2b: Hydreigon|Snarl|p1b: Midas|[spread] p1a,p1b
|-supereffective|p1b: Midas
|-damage|p1a: Calypso|69/100 brn
|-damage|p1b: Midas|61/100
|-unboost|p1a: Calypso|spa|1
|-unboost|p1b: Midas|spa|1
|move|p1a: Calypso|Icy Wind|p2b: Hydreigon|[spread] p2a,p2b
|-supereffective|p2b: Hydreigon
|-damage|p2a: Porygon2|96/100
|-damage|p2b: Hydreigon|81/100
|-unboost|p2a: Porygon2|spe|1
|-unboost|p2b: Hydreigon|spe|1
|
|-heal|p1b: Midas|67/100|[from] Grassy Terrain
|-heal|p1a: Calypso|75/100 brn|[from] Grassy Terrain
|-heal|p2a: Porygon2|100/100|[from] Grassy Terrain
|-damage|p1a: Calypso|69/100 brn|[from] brn
|upkeep
|turn|3
|
|t:|1756793380
|switch|p1b: Annihilape|Annihilape, L50, M, shiny|100/100
|move|p2b: Hydreigon|Snarl|p1b: Annihilape|[spread] p1a,p1b
|-damage|p1a: Calypso|53/100 brn
|-damage|p1b: Annihilape|81/100
|-unboost|p1a: Calypso|spa|1
|-unboost|p1b: Annihilape|spa|1
|-ability|p1b: Annihilape|Defiant|boost
|-boost|p1b: Annihilape|atk|2
|move|p1a: Calypso|Icy Wind|p2b: Hydreigon|[spread] p2a,p2b
|-supereffective|p2b: Hydreigon
|-damage|p2a: Porygon2|97/100
|-damage|p2b: Hydreigon|68/100
|-unboost|p2a: Porygon2|spe|1
|-unboost|p2b: Hydreigon|spe|1
|move|p2a: Porygon2|Tera Blast|p1a: Calypso
|-damage|p1a: Calypso|23/100 brn
|
|-heal|p1b: Annihilape|87/100|[from] Grassy Terrain
|-heal|p1b: Annihilape|93/100|[from] item: Leftovers
|-heal|p1a: Calypso|29/100 brn|[from] Grassy Terrain
|-heal|p2a: Porygon2|100/100|[from] Grassy Terrain
|-damage|p1a: Calypso|23/100 brn|[from] brn
|upkeep
|turn|4
|
|t:|1756793393
|move|p2b: Hydreigon|Draco Meteor|p1b: Annihilape
|-crit|p1b: Annihilape
|-damage|p1b: Annihilape|0 fnt
|-unboost|p2b: Hydreigon|spa|2
|faint|p1b: Annihilape
|move|p1a: Calypso|Recover|p1a: Calypso
|-heal|p1a: Calypso|73/100 brn
|move|p2a: Porygon2|Trick Room|p2a: Porygon2
|-fieldstart|move: Trick Room|[of] p2a: Porygon2
|
|-heal|p1a: Calypso|79/100 brn|[from] Grassy Terrain
|-damage|p1a: Calypso|73/100 brn|[from] brn
|-sideend|p2: ddx9000|move: Tailwind
|upkeep
|
|t:|1756793406
|switch|p1b: Midas|Gholdengo, L50|67/100
|turn|5
|
|t:|1756793417
|move|p2a: Porygon2|Tera Blast|p1a: Calypso
|-crit|p1a: Calypso
|-damage|p1a: Calypso|32/100 brn
|move|p2b: Hydreigon|Snarl|p1a: Calypso|[spread] p1a,p1b
|-supereffective|p1b: Midas
|-damage|p1a: Calypso|24/100 brn
|-damage|p1b: Midas|48/100
|-unboost|p1a: Calypso|spa|1
|-unboost|p1b: Midas|spa|1
|move|p1a: Calypso|Haze|p1a: Calypso
|-clearallboost
|move|p1b: Midas|Nasty Plot|p1b: Midas
|-boost|p1b: Midas|spa|2
|
|-heal|p1a: Calypso|30/100 brn|[from] Grassy Terrain
|-heal|p1b: Midas|54/100|[from] Grassy Terrain
|-damage|p1a: Calypso|24/100 brn|[from] brn
|-fieldend|move: Grassy Terrain
|upkeep
|turn|6
|
|t:|1756793431
|move|p1b: Midas|Protect|p1b: Midas
|-singleturn|p1b: Midas|Protect
|move|p2a: Porygon2|Tera Blast|p1a: Calypso
|-damage|p1a: Calypso|0 fnt
|faint|p1a: Calypso
|move|p2b: Hydreigon|Snarl|p1b: Midas
|-activate|p1b: Midas|move: Protect
|
|upkeep
|
|t:|1756793433
|switch|p1a: Koba|Rillaboom, L50, M, shiny|59/100
|-fieldstart|move: Grassy Terrain|[from] ability: Grassy Surge|[of] p1a: Koba
|turn|7
|
|t:|1756793443
|-terastallize|p2b: Hydreigon|Ghost
|move|p1a: Koba|Fake Out|p2b: Hydreigon
|-immune|p2b: Hydreigon
|move|p2a: Porygon2|Ice Beam|p1a: Koba
|-supereffective|p1a: Koba
|-damage|p1a: Koba|21/100
|move|p1b: Midas|Make It Rain|p2a: Porygon2|[spread] p2a,p2b
|-damage|p2a: Porygon2|29/100
|-damage|p2b: Hydreigon|0 fnt
|-unboost|p1b: Midas|spa|1
|faint|p2b: Hydreigon
|-damage|p1b: Midas|44/100|[from] item: Life Orb
|
|-heal|p2a: Porygon2|35/100|[from] Grassy Terrain
|-heal|p1a: Koba|27/100|[from] Grassy Terrain
|-heal|p1b: Midas|50/100|[from] Grassy Terrain
|upkeep
|
|t:|1756793453
|switch|p2b: Ursaluna|Ursaluna, L50, M|100/100
|turn|8
|
|t:|1756793470
|-terastallize|p1b: Midas|Water
|move|p1a: Koba|Grassy Glide|p2b: Ursaluna
|-supereffective|p2b: Ursaluna
|-damage|p2b: Ursaluna|42/100
|move|p2a: Porygon2|Ice Beam|p1a: Koba
|-supereffective|p1a: Koba
|-damage|p1a: Koba|0 fnt
|faint|p1a: Koba
|move|p2b: Ursaluna|Headlong Rush|p1b: Midas
|-damage|p1b: Midas|0 fnt
|-unboost|p2b: Ursaluna|def|1
|-unboost|p2b: Ursaluna|spd|1
|faint|p1b: Midas
|
|win|ddx9000
|raw|Luckstat10's rating: 1147 → 1118(-29 for losing)
|raw|ddx9000's rating: 1093 → 1123(+30 for winning)
|l|☆Luckstat10
|player|p1|
|l|☆ddx9000
|player|p2|
|j|☆ddx9000
|player|p2|ddx9000|266|
