|j|☆Nacos
|j|☆trchlt1
|html|Nacostrchlt1    
|uhtml|bestof|Game 2 of a best-of-3
|t:|1757713941
|gametype|doubles
|player|p1|Nacos|169|1174
|player|p2|trchlt1|265|1288
|gen|9
|tier|[Gen 9] VGC 2025 Reg H (Bo3)
|rated|
|rule|Species Clause: Limit one of each Pokémon
|rule|Item Clause: Limit 1 of each item
|clearpoke
|poke|p1|Pelipper, L50, F|
|poke|p1|Archaludon, L50, F|
|poke|p1|Basculegion, L50, M|
|poke|p1|Gholdengo, L50|
|poke|p1|Incineroar, L50, F|
|poke|p1|Rillaboom, L50, F|
|poke|p2|Whimsicott, L50, M|
|poke|p2|Gholdengo, L50|
|poke|p2|Sneasler, L50, M|
|poke|p2|Garchomp, L50, M|
|poke|p2|Dragonite, L50, M|
|poke|p2|Incineroar, L50, F|
|teampreview|4
|showteam|p1|Pelipper||FocusSash|Drizzle|Tailwind,Protect,WeatherBall,Hurricane|||F|||50|,,,,,Steel]Archaludon||AssaultVest|Stamina|ElectroShot,DracoMeteor,FlashCannon,BodyPress|||F|||50|,,,,,Grass]Basculegion||ChoiceBand|SwiftSwim|WaveCrash,LastRespects,FlipTurn,AquaJet|||M|||50|,,,,,Water]Gholdengo||LifeOrb|GoodasGold|MakeItRain,ShadowBall,NastyPlot,Protect||||||50|,,,,,Dragon]Incineroar||SafetyGoggles|Intimidate|FakeOut,KnockOff,Taunt,PartingShot|||F|||50|,,,,,Water]Rillaboom||MiracleSeed|GrassySurge|FakeOut,GrassyGlide,Uturn,WoodHammer|||F|||50|,,,,,Fire
|showteam|p2|Whimsicott||FocusSash|Prankster|Protect,Moonblast,Tailwind,Encore|||M|||50|,,,,,Ghost]Gholdengo||ChoiceSpecs|GoodasGold|MakeItRain,ShadowBall,Trick,PowerGem||||||50|,,,,,Steel]Sneasler||WhiteHerb|Unburden|Protect,DireClaw,CloseCombat,FakeOut|||M|||50|,,,,,Stellar]Garchomp||LifeOrb|RoughSkin|Protect,Earthquake,StompingTantrum,DragonClaw|||M|||50|,,,,,Ground]Dragonite||ChoiceBand|InnerFocus|ExtremeSpeed,Outrage,IceSpinner,StompingTantrum|||M|||50|,,,,,Normal]Incineroar||AssaultVest|Intimidate|FlareBlitz,KnockOff,Uturn,FakeOut|||F|||50|,,,,,Grass
|inactive|Battle timer is ON: inactive players will automatically lose when time's up. (requested by trchlt1)
|inactive|Nacos also wants the timer to be on.
|
|t:|1757713963
|teamsize|p1|4
|teamsize|p2|4
|start
|switch|p1a: Pelipper|Pelipper, L50, F|100/100
|switch|p1b: Incineroar|Incineroar, L50, F|100/100
|switch|p2a: Whimsicott|Whimsicott, L50, M|100/100
|switch|p2b: Gholdengo|Gholdengo, L50|100/100
|-weather|RainDance|[from] ability: Drizzle|[of] p1a: Pelipper
|-ability|p1b: Incineroar|Intimidate|boost
|-unboost|p2a: Whimsicott|atk|1
|-unboost|p2b: Gholdengo|atk|1
|turn|1
|
|t:|1757713976
|move|p2a: Whimsicott|Moonblast|p1b: Incineroar
|-damage|p1b: Incineroar|71/100
|move|p2b: Gholdengo|Power Gem|p1b: Incineroar
|-supereffective|p1b: Incineroar
|-damage|p1b: Incineroar|0 fnt
|faint|p1b: Incineroar
|move|p1a: Pelipper|Hurricane|p2a: Whimsicott
|-supereffective|p2a: Whimsicott
|-enditem|p2a: Whimsicott|Focus Sash
|-damage|p2a: Whimsicott|1/100
|-start|p2a: Whimsicott|confusion
|
|-weather|RainDance|[upkeep]
|upkeep
|
|t:|1757713983
|switch|p1b: Basculegion|Basculegion, L50, M|100/100
|turn|2
|
|t:|1757713996
|-activate|p2a: Whimsicott|confusion
|move|p2a: Whimsicott|Tailwind|p2a: Whimsicott
|-sidestart|p2: trchlt1|move: Tailwind
|move|p1b: Basculegion|Last Respects|p2b: Gholdengo
|-supereffective|p2b: Gholdengo
|-damage|p2b: Gholdengo|0 fnt
|faint|p2b: Gholdengo
|move|p1a: Pelipper|Tailwind|p1a: Pelipper
|-sidestart|p1: Nacos|move: Tailwind
|
|-weather|RainDance|[upkeep]
|upkeep
|
|t:|1757714004
|switch|p2b: Dragonite|Dragonite, L50, M|100/100
|turn|3
|
|t:|1757714015
|switch|p1a: Archaludon|Archaludon, L50, F|100/100
|-end|p2a: Whimsicott|confusion
|move|p2a: Whimsicott|Encore||[still]
|-fail|p2a: Whimsicott
|move|p1b: Basculegion|Last Respects|p2a: Whimsicott
|-damage|p2a: Whimsicott|0 fnt
|faint|p2a: Whimsicott
|move|p2b: Dragonite|Outrage|p1a: Archaludon
|-damage|p1a: Archaludon|22/100
|-ability|p1a: Archaludon|Stamina|boost
|-boost|p1a: Archaludon|def|1
|
|-weather|RainDance|[upkeep]
|upkeep
|
|t:|1757714027
|switch|p2a: Garchomp|Garchomp, L50, M|100/100
|turn|4
|
|t:|1757714050
|switch|p1a: Pelipper|Pelipper, L50, F|100/100
|move|p1b: Basculegion|Last Respects|p2b: Dragonite
|-damage|p2b: Dragonite|35/100
|move|p2a: Garchomp|Earthquake|p1a: Pelipper|[spread] p1b
|-immune|p2b: Dragonite
|-immune|p1a: Pelipper
|-damage|p1b: Basculegion|39/100
|-damage|p2a: Garchomp|91/100|[from] item: Life Orb
|move|p2b: Dragonite|Outrage|p1b: Basculegion|[from] lockedmove
|-damage|p1b: Basculegion|0 fnt
|faint|p1b: Basculegion
|-start|p2b: Dragonite|confusion|[fatigue]
|
|-weather|RainDance|[upkeep]
|upkeep
|
|t:|1757714052
|switch|p1b: Archaludon|Archaludon, L50, F|22/100
|turn|5
|
|t:|1757714068
|-terastallize|p1b: Archaludon|Grass
|move|p2a: Garchomp|Earthquake|p1a: Pelipper|[spread] p1b
|-immune|p2b: Dragonite
|-immune|p1a: Pelipper
|-resisted|p1b: Archaludon
|-damage|p1b: Archaludon|2/100
|-ability|p1b: Archaludon|Stamina|boost
|-boost|p1b: Archaludon|def|1
|-damage|p2a: Garchomp|81/100|[from] item: Life Orb
|move|p1a: Pelipper|Weather Ball|p2a: Garchomp
|-damage|p2a: Garchomp|10/100
|move|p1b: Archaludon|Draco Meteor|p2a: Garchomp|[miss]
|-miss|p1b: Archaludon|p2a: Garchomp
|-activate|p2b: Dragonite|confusion
|move|p2b: Dragonite|Outrage|p1b: Archaludon
|-damage|p1b: Archaludon|0 fnt
|faint|p1b: Archaludon
|
|-weather|none
|-sideend|p2: trchlt1|move: Tailwind
|-sideend|p1: Nacos|move: Tailwind
|upkeep
|turn|6
|
|t:|1757714080
|move|p2a: Garchomp|Dragon Claw|p1a: Pelipper
|-crit|p1a: Pelipper
|-damage|p1a: Pelipper|2/100
|-damage|p2a: Garchomp|0 fnt|[from] item: Life Orb
|faint|p2a: Garchomp
|move|p1a: Pelipper|Weather Ball|p2b: Dragonite
|-damage|p2b: Dragonite|23/100
|-activate|p2b: Dragonite|confusion
|move|p2b: Dragonite|Outrage|p1a: Pelipper|[from] lockedmove
|-damage|p1a: Pelipper|0 fnt
|faint|p1a: Pelipper
|
|win|trchlt1
|raw|Nacos's rating: 1174 → 1157(-17 for losing)
|raw|trchlt1's rating: 1288 → 1305(+17 for winning)
