|j|â˜†Gancelot
|j|â˜†WochienuineProphet
|html|GancelotWochienuineProphet    
|uhtml|bestof|Game 1 of a best-of-3
|t:|1783384670
|gametype|doubles
|player|p1|Gancelot|morty|1135
|player|p2|WochienuineProphet|170|1194
|gen|9
|tier|[Gen 9 Champions] VGC 2026 Reg M-B (Bo3)
|rated|
|rule|Species Clause: Limit one of each PokÃ©mon
|rule|Item Clause: Limit 1 of each item
|clearpoke
|poke|p1|Staraptor, L50, F, shiny|
|poke|p1|Incineroar, L50, M, shiny|
|poke|p1|Sinistcha, L50, shiny|
|poke|p1|Maushold, L50, shiny|
|poke|p1|Delphox, L50, F, shiny|
|poke|p1|Toxapex, L50, M, shiny|
|poke|p2|Delphox, L50, M, shiny|
|poke|p2|Incineroar, L50, F|
|poke|p2|Sinistcha-Masterpiece, L50|
|poke|p2|Sneasler, L50, F|
|poke|p2|Kingambit, L50, M|
|poke|p2|Blastoise, L50, F|
|teampreview|4
|showteam|p1|Staraptor||Staraptite|Intimidate|CloseCombat,BraveBird,Roost,Protect|Jolly||F|||50|]Incineroar||SitrusBerry|Intimidate|FlareBlitz,DarkestLariat,FakeOut,PartingShot|Impish||M|||50|]Sinistcha||KasibBerry|Hospitality|MatchaGotcha,LifeDew,RagePowder,Protect|Bold|||||50|]Maushold||FocusSash|FriendGuard|Feint,FollowMe,Charm,Protect|Jolly|||||50|]Delphox||Delphoxite|Blaze|HeatWave,Psyshock,NastyPlot,Protect|Timid||F|||50|]Toxapex||Leftovers|Regenerator|Toxic,Infestation,WideGuard,BanefulBunker|Bold||M|||50|
|showteam|p2|Delphox||Delphoxite|Blaze|HeatWave,Psyshock,NastyPlot,Protect|Timid||M|||50|]Incineroar||SitrusBerry|Intimidate|FlareBlitz,ThroatChop,PartingShot,FakeOut|Careful||F|||50|]Sinistcha-Masterpiece||OccaBerry|Hospitality|MatchaGotcha,RagePowder,TrickRoom,Protect|Bold|||||50|]Sneasler||FocusSash|PoisonTouch|CloseCombat,PoisonJab,FakeOut,QuickGuard|Jolly||F|||50|]Kingambit||BlackGlasses|Defiant|KowtowCleave,SuckerPunch,SwordsDance,Protect|Adamant||M|||50|]Blastoise||Blastoisinite|Torrent|WaterSpout,DarkPulse,ShellSmash,Protect|Modest||F|||50|
|inactive|Battle timer is ON: inactive players will automatically lose when time's up. (requested by Gancelot)
|inactive|Gancelot has 60 seconds left.
|inactive|WochienuineProphet has 60 seconds left.
|
|t:|1783384716
|teamsize|p1|4
|teamsize|p2|4
|start
|switch|p1a: Sinistcha|Sinistcha, L50, shiny|100/100
|switch|p1b: Delphox|Delphox, L50, F, shiny|100/100
|switch|p2a: Blastoise|Blastoise, L50, F|100/100
|switch|p2b: Sneasler|Sneasler, L50, F|100/100
|turn|1
|
|t:|1783384739
|detailschange|p1b: Delphox|Delphox-Mega, L50, F, shiny
|-mega|p1b: Delphox|Delphox|Delphoxite
|detailschange|p2a: Blastoise|Blastoise-Mega, L50, F
|-mega|p2a: Blastoise|Blastoise|Blastoisinite
|move|p1b: Delphox|Heat Wave|p2b: Sneasler|[spread] p2a,p2b
|-resisted|p2a: Blastoise|1
|-damage|p2a: Blastoise|78/100
|-damage|p2b: Sneasler|43/100
|-status|p2a: Blastoise|brn
|move|p2b: Sneasler|Poison Jab|p1a: Sinistcha
|-damage|p1a: Sinistcha|62/100
|-status|p1a: Sinistcha|psn
|move|p2a: Blastoise|Dark Pulse|p1a: Sinistcha
|-supereffective|p1a: Sinistcha|1
|-damage|p1a: Sinistcha|0 fnt
|faint|p1a: Sinistcha
|
|-damage|p2a: Blastoise|72/100 brn|[from] brn
|upkeep
|
|t:|1783384754
|switch|p1a: Maushold|Maushold, L50, shiny|100/100
|turn|2
|
|t:|1783384761
|switch|p2b: Sinistcha|Sinistcha-Masterpiece, L50|100/100
|-heal|p2a: Blastoise|97/100 brn|[from] ability: Hospitality|[of] p2b: Sinistcha
|move|p1a: Maushold|Feint|p2a: Blastoise
|-damage|p2a: Blastoise|89/100 brn
|move|p1b: Delphox|Heat Wave|p2a: Blastoise|[spread] p2a,p2b
|-resisted|p2a: Blastoise|1
|-supereffective|p2b: Sinistcha|1
|-enditem|p2b: Sinistcha|Occa Berry|[eat]
|-enditem|p2b: Sinistcha|Occa Berry|[weaken]
|-damage|p2a: Blastoise|69/100 brn
|-damage|p2b: Sinistcha|62/100
|move|p2a: Blastoise|Water Spout|p1b: Delphox|[spread] p1a,p1b
|-supereffective|p1b: Delphox|1
|-damage|p1a: Maushold|43/100
|-damage|p1b: Delphox|42/100
|
|-damage|p2a: Blastoise|64/100 brn|[from] brn
|upkeep
|turn|3
|
|t:|1783384782
|move|p1a: Maushold|Feint|p2a: Blastoise
|-damage|p2a: Blastoise|54/100 brn
|move|p2b: Sinistcha|Rage Powder|p2b: Sinistcha
|-singleturn|p2b: Sinistcha|move: Rage Powder
|move|p1b: Delphox|Heat Wave|p2b: Sinistcha|[spread] p2a,p2b
|-resisted|p2a: Blastoise|1
|-supereffective|p2b: Sinistcha|1
|-damage|p2a: Blastoise|35/100 brn
|-damage|p2b: Sinistcha|0 fnt
|faint|p2b: Sinistcha
|move|p2a: Blastoise|Water Spout|p1a: Maushold|[spread] p1a,p1b
|-supereffective|p1b: Delphox|1
|-damage|p1a: Maushold|16/100
|-damage|p1b: Delphox|11/100
|
|-damage|p2a: Blastoise|29/100 brn|[from] brn
|upkeep
|
|t:|1783384787
|switch|p2b: Sneasler|Sneasler, L50, F|43/100
|turn|4
|
|t:|1783384795
|move|p1b: Delphox|Protect|p1b: Delphox
|-singleturn|p1b: Delphox|Protect
|move|p1a: Maushold|Protect|p1a: Maushold
|-singleturn|p1a: Maushold|Protect
|move|p2b: Sneasler|Fake Out|p1b: Delphox
|-activate|p1b: Delphox|move: Protect
|move|p2a: Blastoise|Water Spout|p1b: Delphox|[spread] 
|-activate|p1a: Maushold|move: Protect
|-activate|p1b: Delphox|move: Protect
|
|-damage|p2a: Blastoise|23/100 brn|[from] brn
|upkeep
|turn|5
|
|t:|1783384804
|move|p2b: Sneasler|Quick Guard|p2b: Sneasler
|-singleturn|p2b: Sneasler|Quick Guard
|move|p1a: Maushold|Follow Me|p1a: Maushold
|-singleturn|p1a: Maushold|move: Follow Me
|move|p1b: Delphox|Heat Wave|p2b: Sneasler|[spread] p2a,p2b
|-resisted|p2a: Blastoise|1
|-damage|p2a: Blastoise|5/100 brn
|-damage|p2b: Sneasler|0 fnt
|faint|p2b: Sneasler
|move|p2a: Blastoise|Water Spout|p1a: Maushold|[spread] p1a,p1b
|-supereffective|p1b: Delphox|1
|-damage|p1a: Maushold|12/100
|-damage|p1b: Delphox|7/100
|
|-damage|p2a: Blastoise|0 fnt|[from] brn
|faint|p2a: Blastoise
|upkeep
|-message|WochienuineProphet forfeited.
|
|win|Gancelot
|l|â˜†WochienuineProphet
|player|p2|
||WochienuineProphet is ready for game 2.
||Gancelot is ready for game 2.
|uhtml|next|Next: Game 2 of 3
