|j|☆CalebTheBaller
|j|☆pantalonesHat
|html|CalebTheBallerpantalonesHat    
|uhtml|bestof|Game 1 of a best-of-3
|t:|1757039907
|gametype|doubles
|player|p1|CalebTheBaller|gambler|1044
|player|p2|pantalonesHat|swimmer-gen4dp|1107
|gen|9
|tier|[Gen 9] VGC 2025 Reg H (Bo3)
|rated|
|rule|Species Clause: Limit one of each Pokémon
|rule|Item Clause: Limit 1 of each item
|clearpoke
|poke|p1|Archaludon, L50, F|
|poke|p1|Basculegion, L50, M|
|poke|p1|Pelipper, L50, M|
|poke|p1|Amoonguss, L50, M|
|poke|p1|Incineroar, L50, F|
|poke|p1|Maushold, L50|
|poke|p2|Archaludon, L50, F|
|poke|p2|Gholdengo, L50|
|poke|p2|Incineroar, L50, F|
|poke|p2|Overqwil, L50, M|
|poke|p2|Pelipper, L50, F|
|poke|p2|Amoonguss, L50, M|
|teampreview|4
|showteam|p1|Archaludon||AssaultVest|Stamina|ElectroShot,DragonPulse,FlashCannon,BodyPress|||F|||50|,,,,,Grass]Basculegion||MysticWater|SwiftSwim|Protect,WaveCrash,AquaJet,LastRespects|||M|||50|,,,,,Water]Pelipper||FocusSash|Drizzle|Hurricane,WeatherBall,Tailwind,Protect|||M|||50|,,,,,Ghost]Amoonguss||SitrusBerry|Regenerator|Spore,RagePowder,PollenPuff,ClearSmog|||M|||50|,,,,,Water]Incineroar||SafetyGoggles|Intimidate|FakeOut,FlareBlitz,KnockOff,PartingShot|||F|||50|,,,,,Ghost]Maushold||WideLens|Technician|PopulationBomb,FollowMe,Taunt,Protect||||||50|,,,,,Grass
|showteam|p2|Archaludon||AssaultVest|Stamina|BodyPress,DragonPulse,ElectroShot,FlashCannon|||F|||50|,,,,,Steel]Gholdengo||LifeOrb|GoodasGold|MakeItRain,ShadowBall,NastyPlot,Protect||||||50|,,,,,Water]Incineroar||SafetyGoggles|Intimidate|KnockOff,Taunt,PartingShot,FakeOut|||F|||50|,,,,,Fire]Overqwil||ClearAmulet|SwiftSwim|GunkShot,SwordsDance,AquaTail,Protect|||M|||50|,,,,,Water]Pelipper||CovertCloak|Drizzle|WeatherBall,Hurricane,Protect,Tailwind|||F|||50|,,,,,Ground]Amoonguss||MentalHerb|Regenerator|Spore,RagePowder,Protect,ClearSmog|||M|||50|,,,,,Water
|inactive|Battle timer is ON: inactive players will automatically lose when time's up. (requested by pantalonesHat)
|
|t:|1757039980
|teamsize|p1|4
|teamsize|p2|4
|start
|switch|p1a: Archaludon|Archaludon, L50, F|100/100
|switch|p1b: Incineroar|Incineroar, L50, F|100/100
|switch|p2a: Amoonguss|Amoonguss, L50, M, shiny|100/100
|switch|p2b: Overqwil|Overqwil, L50, M, shiny|100/100
|-ability|p1b: Incineroar|Intimidate|boost
|-unboost|p2a: Amoonguss|atk|1
|-fail|p2b: Overqwil|unboost|[from] item: Clear Amulet|[of] p2b: Overqwil
|turn|1
|inactive|CalebTheBaller has 30 seconds left.
|inactive|pantalonesHat has 30 seconds left.
|inactive|CalebTheBaller has 20 seconds left.
|inactive|CalebTheBaller has 15 seconds left.
|inactive|CalebTheBaller has 10 seconds left.
|inactive|CalebTheBaller has 5 seconds left.
|
|t:|1757040031
|-terastallize|p2b: Overqwil|Water
|move|p1b: Incineroar|Fake Out|p2a: Amoonguss
|-damage|p2a: Amoonguss|88/100
|move|p1a: Archaludon|Body Press|p2b: Overqwil
|-damage|p2b: Overqwil|75/100
|move|p2b: Overqwil|Swords Dance|p2b: Overqwil
|-boost|p2b: Overqwil|atk|2
|cant|p2a: Amoonguss|flinch
|
|upkeep
|turn|2
|inactive|CalebTheBaller has 30 seconds left.
|inactive|CalebTheBaller has 20 seconds left.
|inactive|CalebTheBaller has 15 seconds left.
|inactive|CalebTheBaller has 10 seconds left.
|
|t:|1757040078
|-terastallize|p1a: Archaludon|Grass
|move|p2a: Amoonguss|Rage Powder|p2a: Amoonguss
|-singleturn|p2a: Amoonguss|move: Rage Powder
|move|p1a: Archaludon|Body Press|p2b: Overqwil
|-damage|p2b: Overqwil|53/100
|move|p2b: Overqwil|Aqua Tail|p1b: Incineroar|[miss]
|-miss|p2b: Overqwil|p1b: Incineroar
|move|p1b: Incineroar|Parting Shot|p2b: Overqwil
|-fail|p2b: Overqwil|unboost|[from] item: Clear Amulet|[of] p2b: Overqwil
|
|upkeep
|turn|3
|inactive|pantalonesHat has 30 seconds left.
|inactive|pantalonesHat has 20 seconds left.
|
|t:|1757040116
|move|p1a: Archaludon|Electro Shot||[still]
|-prepare|p1a: Archaludon|Electro Shot
|-boost|p1a: Archaludon|spa|1
|move|p2b: Overqwil|Gunk Shot|p1a: Archaludon
|-supereffective|p1a: Archaludon
|-damage|p1a: Archaludon|0 fnt
|faint|p1a: Archaludon
|move|p1b: Incineroar|Knock Off|p2a: Amoonguss
|-damage|p2a: Amoonguss|46/100
|-enditem|p2a: Amoonguss|Mental Herb|[from] move: Knock Off|[of] p1b: Incineroar
|move|p2a: Amoonguss|Clear Smog|p1b: Incineroar
|-damage|p1b: Incineroar|85/100
|-clearboost|p1b: Incineroar
|
|upkeep
|
|t:|1757040131
|switch|p1a: Maushold|Maushold, L50|100/100
|turn|4
|inactive|CalebTheBaller has 30 seconds left.
|inactive|pantalonesHat has 30 seconds left.
|
|t:|1757040163
|move|p2a: Amoonguss|Rage Powder|p2a: Amoonguss
|-singleturn|p2a: Amoonguss|move: Rage Powder
|move|p1a: Maushold|Population Bomb|p2a: Amoonguss
|-damage|p2a: Amoonguss|36/100
|-damage|p2a: Amoonguss|26/100
|-damage|p2a: Amoonguss|15/100
|-damage|p2a: Amoonguss|5/100
|-damage|p2a: Amoonguss|0 fnt
|faint|p2a: Amoonguss
|-hitcount|p2: Amoonguss|5
|move|p2b: Overqwil|Aqua Tail|p1a: Maushold
|-damage|p1a: Maushold|0 fnt
|faint|p1a: Maushold
|move|p1b: Incineroar|Flare Blitz|p2b: Overqwil
|-resisted|p2b: Overqwil
|-damage|p2b: Overqwil|23/100
|-damage|p1b: Incineroar|75/100|[from] Recoil
|
|upkeep
|
|t:|1757040180
|switch|p1a: Amoonguss|Amoonguss, L50, M|100/100
|switch|p2a: Pelipper|Pelipper, L50, F|100/100
|-weather|RainDance|[from] ability: Drizzle|[of] p2a: Pelipper
|turn|5
|
|t:|1757040195
|move|p2b: Overqwil|Aqua Tail|p1b: Incineroar
|-supereffective|p1b: Incineroar
|-damage|p1b: Incineroar|0 fnt
|faint|p1b: Incineroar
|move|p2a: Pelipper|Hurricane|p1a: Amoonguss
|-supereffective|p1a: Amoonguss
|-damage|p1a: Amoonguss|40/100
|-start|p1a: Amoonguss|confusion
|-enditem|p1a: Amoonguss|Sitrus Berry|[eat]
|-heal|p1a: Amoonguss|65/100|[from] item: Sitrus Berry
|-activate|p1a: Amoonguss|confusion
|-damage|p1a: Amoonguss|59/100|[from] confusion
|
|-weather|RainDance|[upkeep]
|upkeep
|turn|6
|-message|CalebTheBaller forfeited.
|
|win|pantalonesHat
|l|☆CalebTheBaller
|player|p1|
||CalebTheBaller is ready for game 2.
|inactive|pantalonesHat has 30 seconds to confirm battle start!
