|j|☆davirru5
|j|☆ApolloLou
|html|davirru5ApolloLou    
|uhtml|bestof|Game 1 of a best-of-3
|t:|1756749732
|gametype|doubles
|player|p1|davirru5|ghetsis|1208
|player|p2|ApolloLou|birch|1160
|gen|9
|tier|[Gen 9] VGC 2025 Reg H (Bo3)
|rated|
|rule|Species Clause: Limit one of each Pokémon
|rule|Item Clause: Limit 1 of each item
|clearpoke
|poke|p1|Sneasler, L50, F|
|poke|p1|Rillaboom, L50, M|
|poke|p1|Electabuzz, L50, F|
|poke|p1|Dragonite, L50, M|
|poke|p1|Volcarona, L50, M|
|poke|p1|Kingambit, L50, F|
|poke|p2|Sneasler, L50, F|
|poke|p2|Indeedee, L50, M|
|poke|p2|Annihilape, L50, F|
|poke|p2|Electabuzz, L50, F|
|poke|p2|Armarouge, L50, M|
|poke|p2|Ursaluna, L50, M|
|teampreview|4
|showteam|p1|Sneasler||FocusSash|PoisonTouch|CloseCombat,DireClaw,Coaching,FakeOut|||F|||50|,,,,,Ghost]Rillaboom||AssaultVest|GrassySurge|WoodHammer,GrassyGlide,HighHorsepower,FakeOut|||M|||50|,,,,,Water]Electabuzz||Eviolite|VitalSpirit|Thunderbolt,FollowMe,Taunt,Protect|||F|||50|,,,,,Ghost]Dragonite||LoadedDice|Multiscale|ScaleShot,ExtremeSpeed,Haze,Protect|||M|||50|,,,,,Fairy]Volcarona||CovertCloak|FlameBody|HeatWave,TeraBlast,QuiverDance,Protect|||M|||50|,,,,,Fairy]Kingambit||BlackGlasses|Defiant|KowtowCleave,SuckerPunch,SwordsDance,Protect|||F|||50|,,,,,Dark
|showteam|p2|Sneasler||PsychicSeed|Unburden|DireClaw,Protect,ThroatChop,CloseCombat|||F|||50|,,,,,Dark]Indeedee||FocusSash|PsychicSurge|ExpandingForce,TrickRoom,TeraBlast,Protect|||M|||50|,,,,,Ground]Annihilape||SitrusBerry|Defiant|RageFist,DrainPunch,BulkUp,Protect|||F|||50|,,,,,Steel]Electabuzz||Eviolite|VitalSpirit|FollowMe,Electroweb,Protect,Taunt|||F|||50|,,,,,Fairy]Armarouge||CovertCloak|FlashFire|ExpandingForce,WideGuard,Flamethrower,TeraBlast|||M|||50|,,,,,Grass]Ursaluna||FlameOrb|Guts|Facade,HeadlongRush,Earthquake,Protect|||M|||50|,,,,,Normal
|inactive|Battle timer is ON: inactive players will automatically lose when time's up. (requested by davirru5)
|inactive|davirru5 has 60 seconds left.
|inactive|ApolloLou has 60 seconds left.
|
|t:|1756749773
|teamsize|p1|4
|teamsize|p2|4
|start
|switch|p1a: Sneasler|Sneasler, L50, F|100/100
|switch|p1b: Volcarona|Volcarona, L50, M|100/100
|switch|p2a: Sneasler|Sneasler, L50, F|100/100
|switch|p2b: Electabuzz|Electabuzz, L50, F|100/100
|turn|1
|inactive|ApolloLou has 30 seconds left.
|
|t:|1756749801
|move|p1a: Sneasler|Fake Out|p2b: Electabuzz
|-damage|p2b: Electabuzz|87/100
|move|p2a: Sneasler|Dire Claw|p1a: Sneasler
|-resisted|p1a: Sneasler
|-damage|p1a: Sneasler|60/100
|cant|p2b: Electabuzz|flinch
|move|p1b: Volcarona|Quiver Dance|p1b: Volcarona
|-boost|p1b: Volcarona|spa|1
|-boost|p1b: Volcarona|spd|1
|-boost|p1b: Volcarona|spe|1
|
|upkeep
|turn|2
|
|t:|1756749817
|move|p1b: Volcarona|Heat Wave|p2b: Electabuzz|[spread] p2a,p2b
|-damage|p2a: Sneasler|25/100
|-damage|p2b: Electabuzz|45/100
|-status|p2a: Sneasler|brn
|-status|p2b: Electabuzz|brn
|move|p1a: Sneasler|Close Combat|p2b: Electabuzz
|-crit|p2b: Electabuzz
|-damage|p2b: Electabuzz|0 fnt
|-unboost|p1a: Sneasler|def|1
|-unboost|p1a: Sneasler|spd|1
|faint|p2b: Electabuzz
|move|p2a: Sneasler|Dire Claw|p1a: Sneasler
|-resisted|p1a: Sneasler
|-damage|p1a: Sneasler|32/100
|
|-damage|p2a: Sneasler|19/100 brn|[from] brn
|upkeep
|c|☆davirru5|xd showdown turn
|
|t:|1756749836
|switch|p2b: Armarouge|Armarouge, L50, M|100/100
|turn|3
|
|t:|1756749855
|switch|p2a: Indeedee|Indeedee, L50, M|100/100
|-fieldstart|move: Psychic Terrain|[from] ability: Psychic Surge|[of] p2a: Indeedee
|move|p1b: Volcarona|Tera Blast|p2a: Indeedee
|-damage|p2a: Indeedee|52/100
|move|p1a: Sneasler|Dire Claw|p2b: Armarouge
|-damage|p2b: Armarouge|59/100
|move|p2b: Armarouge|Expanding Force|p1b: Volcarona|[spread] p1a,p1b
|-supereffective|p1a: Sneasler
|-damage|p1a: Sneasler|0 fnt
|-damage|p1b: Volcarona|66/100
|faint|p1a: Sneasler
|
|upkeep
|
|t:|1756749870
|switch|p1a: Rillaboom|Rillaboom, L50, M|100/100
|-fieldstart|move: Grassy Terrain|[from] ability: Grassy Surge|[of] p1a: Rillaboom
|turn|4
|
|t:|1756749891
|-terastallize|p2b: Armarouge|Grass
|-terastallize|p1a: Rillaboom|Water
|move|p2a: Indeedee|Protect|p2a: Indeedee
|-singleturn|p2a: Indeedee|Protect
|move|p1b: Volcarona|Quiver Dance|p1b: Volcarona
|-boost|p1b: Volcarona|spa|1
|-boost|p1b: Volcarona|spd|1
|-boost|p1b: Volcarona|spe|1
|move|p2b: Armarouge|Expanding Force|p1b: Volcarona
|-damage|p1b: Volcarona|50/100
|move|p1a: Rillaboom|Wood Hammer|p2a: Indeedee
|-activate|p2a: Indeedee|move: Protect
|
|-heal|p1b: Volcarona|56/100|[from] Grassy Terrain
|-heal|p2a: Indeedee|57/100|[from] Grassy Terrain
|-heal|p2b: Armarouge|65/100|[from] Grassy Terrain
|upkeep
|turn|5
|
|t:|1756749911
|move|p1b: Volcarona|Tera Blast|p2b: Armarouge
|-damage|p2b: Armarouge|4/100
|move|p2a: Indeedee|Tera Blast|p1b: Volcarona
|-damage|p1b: Volcarona|41/100
|move|p2b: Armarouge|Tera Blast|p1a: Rillaboom|[anim] Tera Blast Grass
|-supereffective|p1a: Rillaboom
|-damage|p1a: Rillaboom|31/100
|move|p1a: Rillaboom|Wood Hammer|p2a: Indeedee
|-damage|p2a: Indeedee|0 fnt
|faint|p2a: Indeedee
|-damage|p1a: Rillaboom|18/100|[from] Recoil
|
|-heal|p1b: Volcarona|47/100|[from] Grassy Terrain
|-heal|p2b: Armarouge|10/100|[from] Grassy Terrain
|-heal|p1a: Rillaboom|24/100|[from] Grassy Terrain
|upkeep
|
|t:|1756749920
|switch|p2a: Sneasler|Sneasler, L50, F|19/100 brn
|turn|6
|
|t:|1756749927
|move|p1a: Rillaboom|Grassy Glide|p2b: Armarouge
|-resisted|p2b: Armarouge
|-damage|p2b: Armarouge|0 fnt
|faint|p2b: Armarouge
|move|p1b: Volcarona|Tera Blast|p2a: Sneasler
|-damage|p2a: Sneasler|0 fnt
|faint|p2a: Sneasler
|
|win|davirru5
|l|☆ApolloLou
|player|p2|
||davirru5 is ready for game 2.
|raw|davirru5's rating: 1208 → 1230(+22 for winning)
|raw|ApolloLou's rating: 1160 → 1138(-22 for losing)
