|j|☆furretusedpunch
|j|☆resourcespro
|html|furretusedpunchresourcespro    
|uhtml|bestof|Game 3 of a best-of-3
|t:|1786060124
|gametype|doubles
|player|p1|furretusedpunch|lacey|1201
|player|p2|resourcespro|266|1100
|gen|9
|tier|[Gen 9 Champions] VGC 2026 Reg M-B (Bo3)
|rated|
|rule|Species Clause: Limit one of each Pokémon
|rule|Item Clause: Limit 1 of each item
|clearpoke
|poke|p1|Staraptor, L50, M|
|poke|p1|Arcanine-Hisui, L50, M|
|poke|p1|Kingambit, L50, F|
|poke|p1|Sylveon, L50, M|
|poke|p1|Raichu, L50, M|
|poke|p1|Farigiraf, L50, F|
|poke|p2|Annihilape, L50, F|
|poke|p2|Clefable, L50, M|
|poke|p2|Excadrill, L50, F|
|poke|p2|Tyranitar, L50, M|
|poke|p2|Sinistcha-Masterpiece, L50|
|poke|p2|Aegislash, L50, M|
|teampreview|4
|showteam|p1|Staraptor||Staraptite|Intimidate|DualWingbeat,CloseCombat,Tailwind,Protect|Jolly||M|||50|]Arcanine-Hisui||FocusSash|RockHead|FlareBlitz,HeadSmash,ExtremeSpeed,Protect|Jolly||M|||50|]Kingambit||LifeOrb|Defiant|KowtowCleave,SuckerPunch,SwordsDance,Protect|Adamant||F|||50|]Sylveon||FairyFeather|Pixilate|HyperVoice,HyperBeam,QuickAttack,Detect|Modest||M|||50|]Raichu||RaichuniteY|LightningRod|ZapCannon,FocusBlast,FakeOut,Protect|Timid||M|||50|]Farigiraf||SitrusBerry|ArmorTail|Psychic,HelpingHand,TrickRoom,Protect|Calm||F|||50|
|showteam|p2|Annihilape|||InnerFocus|BulkUp,Acrobatics,DrainPunch,RageFist|Adamant||F|||50|]Clefable||Clefablite|MagicGuard|FollowMe,DazzlingGleam,LightScreen,Thunderbolt|Modest||M|||50|]Excadrill||FocusSash|SandRush|Earthquake,RockSlide,SwordsDance,BrickBreak|Adamant||F|||50|]Tyranitar||SmoothRock|SandStream|FireBlast,IceBeam,Thunderbolt,DarkPulse|Modest||M|||50|]Sinistcha-Masterpiece||Leftovers|Hospitality|LifeDew,MatchaGotcha,CalmMind,Hex|Bold|||||50|]Aegislash||ScopeLens|StanceChange|KingsShield,IronHead,Substitute,ShadowClaw|Careful||M|||50|
|j| glaurrosa
|l| glaurrosa
|
|t:|1786060153
|teamsize|p1|4
|teamsize|p2|4
|start
|switch|p1a: Staraptor|Staraptor, L50, M|100/100
|switch|p1b: Sylveon|Sylveon, L50, M|100/100
|switch|p2a: Aegislash|Aegislash, L50, M|100/100
|switch|p2b: Clefable|Clefable, L50, M|100/100
|-ability|p1a: Staraptor|Intimidate|boost
|-unboost|p2a: Aegislash|atk|1
|-unboost|p2b: Clefable|atk|1
|turn|1
|
|t:|1786060200
|switch|p1a: Kingambit|Kingambit, L50, F|100/100
|detailschange|p2b: Clefable|Clefable-Mega, L50, M
|-mega|p2b: Clefable|Clefable|Clefablite
|move|p1b: Sylveon|Detect|p1b: Sylveon
|-singleturn|p1b: Sylveon|Protect
|move|p2b: Clefable|Light Screen|p2b: Clefable
|-sidestart|p2: resourcespro|move: Light Screen
|-formechange|p2a: Aegislash|Aegislash-Blade|
|move|p2a: Aegislash|Iron Head|p1b: Sylveon
|-activate|p1b: Sylveon|move: Protect
|
|upkeep
|turn|2
|
|t:|1786060228
|switch|p1b: Staraptor|Staraptor, L50, M|100/100
|-ability|p1b: Staraptor|Intimidate|boost
|-unboost|p2a: Aegislash|atk|1
|-unboost|p2b: Clefable|atk|1
|move|p2b: Clefable|Follow Me|p2b: Clefable
|-singleturn|p2b: Clefable|move: Follow Me
|move|p2a: Aegislash|Substitute|p2a: Aegislash
|-start|p2a: Aegislash|Substitute
|-damage|p2a: Aegislash|75/100
|move|p1a: Kingambit|Swords Dance|p1a: Kingambit
|-boost|p1a: Kingambit|atk|2
|
|upkeep
|turn|3
|
|t:|1786060274
|move|p1b: Staraptor|Protect|p1b: Staraptor
|-singleturn|p1b: Staraptor|Protect
|move|p2b: Clefable|Thunderbolt|p1b: Staraptor
|-activate|p1b: Staraptor|move: Protect
|move|p2a: Aegislash|Shadow Claw|p1b: Staraptor
|-activate|p1b: Staraptor|move: Protect
|move|p1a: Kingambit|Kowtow Cleave|p2b: Clefable
|-resisted|p2b: Clefable|1
|-damage|p2b: Clefable|37/100
|-damage|p1a: Kingambit|90/100|[from] item: Life Orb
|
|upkeep
|turn|4
|
|t:|1786060311
|move|p1b: Staraptor|Tailwind|p1b: Staraptor
|-sidestart|p1: furretusedpunch|move: Tailwind
|move|p1a: Kingambit|Kowtow Cleave|p2b: Clefable
|-resisted|p2b: Clefable|1
|-damage|p2b: Clefable|0 fnt
|faint|p2b: Clefable
|-damage|p1a: Kingambit|80/100|[from] item: Life Orb
|move|p2a: Aegislash|Shadow Claw|p1b: Staraptor
|-immune|p1b: Staraptor
|
|upkeep
|
|t:|1786060329
|switch|p2b: Excadrill|Excadrill, L50, F|100/100
|turn|5
|
|t:|1786060350
|detailschange|p1b: Staraptor|Staraptor-Mega, L50, M
|-mega|p1b: Staraptor|Staraptor|Staraptite
|-formechange|p2a: Aegislash|Aegislash|
|move|p2a: Aegislash|King's Shield|p2a: Aegislash
|-singleturn|p2a: Aegislash|Protect
|move|p1b: Staraptor|Close Combat|p2b: Excadrill
|-supereffective|p2b: Excadrill|1
|-enditem|p2b: Excadrill|Focus Sash
|-damage|p2b: Excadrill|1/100
|-boost|p1b: Staraptor|def|1
|-boost|p1b: Staraptor|spd|1
|move|p1a: Kingambit|Kowtow Cleave|p2b: Excadrill
|-damage|p2b: Excadrill|0 fnt
|faint|p2b: Excadrill
|-damage|p1a: Kingambit|71/100|[from] item: Life Orb
|
|-sideend|p2: resourcespro|move: Light Screen
|upkeep
|
|t:|1786060365
|switch|p2b: Sinistcha|Sinistcha-Masterpiece, L50|100/100
|-heal|p2a: Aegislash|100/100|[from] ability: Hospitality|[of] p2b: Sinistcha
|turn|6
|
|t:|1786060395
|move|p1b: Staraptor|Protect|p1b: Staraptor
|-singleturn|p1b: Staraptor|Protect
|move|p1a: Kingambit|Kowtow Cleave|p2b: Sinistcha
|-supereffective|p2b: Sinistcha|1
|-damage|p2b: Sinistcha|0 fnt
|faint|p2b: Sinistcha
|-damage|p1a: Kingambit|61/100|[from] item: Life Orb
|-formechange|p2a: Aegislash|Aegislash-Blade|
|move|p2a: Aegislash|Shadow Claw|p1b: Staraptor
|-activate|p1b: Staraptor|move: Protect
|
|upkeep
|turn|7
|
|t:|1786060409
|move|p1b: Staraptor|Dual Wingbeat|p2a: Aegislash
|-resisted|p2a: Aegislash|1
|-activate|p2a: Aegislash|move: Substitute|[damage]
|-resisted|p2a: Aegislash|1
|-end|p2a: Aegislash|Substitute
|-hitcount|p2a: Aegislash|2
|move|p1a: Kingambit|Kowtow Cleave|p2a: Aegislash
|-supereffective|p2a: Aegislash|1
|-damage|p2a: Aegislash|0 fnt
|faint|p2a: Aegislash
|-damage|p1a: Kingambit|51/100|[from] item: Life Orb
|
|win|furretusedpunch
|raw|furretusedpunch's rating: 1201 → 1219(+18 for winning)
|raw|resourcespro's rating: 1100 → 1082(-18 for losing)
