|j|☆Harbinger Aegis
|j|☆5star_swordvgc
|html|Harbinger Aegis5star_swordvgc    
|uhtml|bestof|Game 1 of a best-of-3
|t:|1785030986
|gametype|doubles
|player|p1|Harbinger Aegis|102|1187
|player|p2|5star_swordvgc|red|1066
|gen|9
|tier|[Gen 9 Champions] VGC 2026 Reg M-B (Bo3)
|rated|
|rule|Species Clause: Limit one of each Pokémon
|rule|Item Clause: Limit 1 of each item
|clearpoke
|poke|p1|Garchomp, L50, M|
|poke|p1|Whimsicott, L50, F|
|poke|p1|Incineroar, L50, F|
|poke|p1|Basculegion, L50, M|
|poke|p1|Charizard, L50, F|
|poke|p1|Sylveon, L50, M|
|poke|p2|Dragonite, L50, F|
|poke|p2|Garchomp, L50, F|
|poke|p2|Pelipper, L50, M|
|poke|p2|Metagross, L50|
|poke|p2|Whimsicott, L50, F|
|poke|p2|Milotic, L50, F|
|teampreview|4
|showteam|p1|Garchomp||LifeOrb|RoughSkin|Earthquake,DragonClaw,RockSlide,Protect|Jolly||M|||50|]Whimsicott||FocusSash|Prankster|Moonblast,Tailwind,Encore,Protect|Timid||F|||50|]Incineroar||SitrusBerry|Intimidate|FlareBlitz,DarkestLariat,FakeOut,PartingShot|Careful||F|||50|]Basculegion||MysticWater|Adaptability|WaveCrash,LastRespects,AquaJet,Protect|Adamant||M|||50|]Charizard||CharizarditeY|Blaze|HeatWave,WeatherBall,SolarBeam,Protect|Modest||F|||50|]Sylveon||FairyFeather|Pixilate|HyperVoice,HyperBeam,QuickAttack,Detect|Modest||M|||50|
|showteam|p2|Dragonite||Dragoninite|InnerFocus|Roar,Hurricane,Roost,Substitute|Timid||F|||50|]Garchomp||LifeOrb|SandVeil|Protect,DragonClaw,Earthquake,RockSlide|Jolly||F|||50|]Pelipper||FocusSash|Drizzle|Protect,Hurricane,WeatherBall,Tailwind|Serious||M|||50|]Metagross||Metagrossite|ClearBody|Protect,MeteorMash,Earthquake,PsychicFangs|Jolly|||||50|]Whimsicott||MentalHerb|Prankster|Protect,Tailwind,Encore,Uturn|Calm||F|||50|]Milotic||Leftovers|Competitive|Protect,Coil,Hypnosis,MuddyWater|Timid||F|||50|
|
|t:|1785031032
|teamsize|p1|4
|teamsize|p2|4
|start
|switch|p1a: Basculegion|Basculegion, L50, M|100/100
|switch|p1b: Whimsicott|Whimsicott, L50, F|100/100
|switch|p2a: Milotic|Milotic, L50, F|100/100
|switch|p2b: Whimsicott|Whimsicott, L50, F|100/100
|turn|1
|inactive|Battle timer is ON: inactive players will automatically lose when time's up. (requested by 5star_swordvgc)
|
|t:|1785031046
|move|p2b: Whimsicott|Tailwind|p2b: Whimsicott
|-sidestart|p2: 5star_swordvgc|move: Tailwind
|move|p2a: Milotic|Coil|p2a: Milotic
|-boost|p2a: Milotic|atk|1
|-boost|p2a: Milotic|def|1
|-boost|p2a: Milotic|accuracy|1
|move|p1b: Whimsicott|Moonblast|p2b: Whimsicott
|-damage|p2b: Whimsicott|59/100
|move|p1a: Basculegion|Wave Crash|p2b: Whimsicott
|-resisted|p2b: Whimsicott|1
|-damage|p2b: Whimsicott|0 fnt
|faint|p2b: Whimsicott
|-damage|p1a: Basculegion|83/100|[from] Recoil
|
|upkeep
|
|t:|1785031064
|switch|p2b: Dragonite|Dragonite, L50, F|100/100
|turn|2
|
|t:|1785031078
|switch|p1a: Sylveon|Sylveon, L50, M|100/100
|detailschange|p2b: Dragonite|Dragonite-Mega, L50, F
|-mega|p2b: Dragonite|Dragonite|Dragoninite
|move|p1b: Whimsicott|Encore|p2a: Milotic
|-start|p2a: Milotic|Encore
|move|p2b: Dragonite|Hurricane|p1b: Whimsicott
|-supereffective|p1b: Whimsicott|1
|-enditem|p1b: Whimsicott|Focus Sash
|-damage|p1b: Whimsicott|1/100
|move|p2a: Milotic|Coil|p2a: Milotic
|-boost|p2a: Milotic|atk|1
|-boost|p2a: Milotic|def|1
|-boost|p2a: Milotic|accuracy|1
|
|upkeep
|turn|3
|
|t:|1785031096
|switch|p2b: Pelipper|Pelipper, L50, M|100/100
|-weather|RainDance|[from] ability: Drizzle|[of] p2b: Pelipper
|move|p1b: Whimsicott|Tailwind|p1b: Whimsicott
|-sidestart|p1: Harbinger Aegis|move: Tailwind
|move|p2a: Milotic|Coil|p2a: Milotic
|-boost|p2a: Milotic|atk|1
|-boost|p2a: Milotic|def|1
|-boost|p2a: Milotic|accuracy|1
|move|p1a: Sylveon|Hyper Voice|p2a: Milotic|[spread] p2a,p2b
|-damage|p2a: Milotic|62/100
|-damage|p2b: Pelipper|15/100
|
|-weather|RainDance|[upkeep]
|-heal|p2a: Milotic|68/100|[from] item: Leftovers
|upkeep
|turn|4
|inactive|5star_swordvgc has 30 seconds left.
|inactive|5star_swordvgc has 20 seconds left.
|inactive|5star_swordvgc has 15 seconds left.
|inactive|5star_swordvgc has 10 seconds left.
|inactive|5star_swordvgc has 5 seconds left.
|
|t:|1785031151
|move|p2b: Pelipper|Protect|p2b: Pelipper
|-singleturn|p2b: Pelipper|Protect
|move|p1b: Whimsicott|Moonblast|p2b: Pelipper
|-activate|p2b: Pelipper|move: Protect
|move|p2a: Milotic|Coil|p2a: Milotic
|-boost|p2a: Milotic|atk|1
|-boost|p2a: Milotic|def|1
|-boost|p2a: Milotic|accuracy|1
|move|p1a: Sylveon|Hyper Voice|p2a: Milotic|[spread] p2a
|-activate|p2b: Pelipper|move: Protect
|-damage|p2a: Milotic|32/100
|
|-weather|RainDance|[upkeep]
|-heal|p2a: Milotic|38/100|[from] item: Leftovers
|-end|p2a: Milotic|Encore
|-sideend|p2: 5star_swordvgc|move: Tailwind
|upkeep
|turn|5
|inactive|5star_swordvgc has 30 seconds left.
|inactive|5star_swordvgc has 20 seconds left.
|inactive|5star_swordvgc has 15 seconds left.
|inactive|5star_swordvgc has 10 seconds left.
|inactive|5star_swordvgc has 5 seconds left.
|
|t:|1785031206
|move|p2b: Pelipper|Protect|p2b: Pelipper
|-singleturn|p2b: Pelipper|Protect
|move|p2a: Milotic|Protect|p2a: Milotic
|-singleturn|p2a: Milotic|Protect
|move|p1b: Whimsicott|Moonblast|p2a: Milotic
|-activate|p2a: Milotic|move: Protect
|move|p1a: Sylveon|Hyper Voice|p2a: Milotic|[spread] 
|-activate|p2a: Milotic|move: Protect
|-activate|p2b: Pelipper|move: Protect
|
|-weather|RainDance|[upkeep]
|-heal|p2a: Milotic|44/100|[from] item: Leftovers
|upkeep
|turn|6
|inactive|5star_swordvgc has 30 seconds left.
|inactive|5star_swordvgc has 20 seconds left.
|inactive|5star_swordvgc has 15 seconds left.
|inactive|5star_swordvgc has 10 seconds left.
|inactive|5star_swordvgc has 5 seconds left.
|
|t:|1785031261
|move|p2b: Pelipper|Protect||[still]
|-fail|p2b: Pelipper
|move|p2a: Milotic|Protect||[still]
|-fail|p2a: Milotic
|move|p1b: Whimsicott|Moonblast|p2a: Milotic
|-damage|p2a: Milotic|18/100
|move|p1a: Sylveon|Hyper Voice|p2b: Pelipper|[spread] p2a,p2b
|-damage|p2a: Milotic|0 fnt
|-damage|p2b: Pelipper|0 fnt
|faint|p2a: Milotic
|faint|p2b: Pelipper
|
|-weather|RainDance|[upkeep]
|-sideend|p1: Harbinger Aegis|move: Tailwind
|upkeep
|inactive|5star_swordvgc has 30 seconds left.
|inactive|5star_swordvgc has 20 seconds left.
|inactive|5star_swordvgc has 15 seconds left.
|inactive|5star_swordvgc has 10 seconds left.
|inactive|5star_swordvgc has 5 seconds left.
|
|t:|1785031317
|switch|p2a: Dragonite|Dragonite-Mega, L50, F|100/100
|turn|7
|inactive|5star_swordvgc has 30 seconds left.
|inactive|5star_swordvgc has 20 seconds left.
|inactive|5star_swordvgc has 15 seconds left.
|inactive|5star_swordvgc has 10 seconds left.
|inactive|5star_swordvgc has 5 seconds left.
|
|t:|1785031372
|move|p1b: Whimsicott|Tailwind|p1b: Whimsicott
|-sidestart|p1: Harbinger Aegis|move: Tailwind
|move|p1a: Sylveon|Hyper Voice|p2a: Dragonite
|-supereffective|p2a: Dragonite|1
|-damage|p2a: Dragonite|48/100
|move|p2a: Dragonite|Roar|p1b: Whimsicott
|drag|p1b: Basculegion|Basculegion, L50, M|83/100
|
|-weather|none
|upkeep
|turn|8
|inactive|5star_swordvgc has 30 seconds left.
|inactive|5star_swordvgc has 20 seconds left.
|inactive|5star_swordvgc has 15 seconds left.
|inactive|5star_swordvgc has 10 seconds left.
|inactive|5star_swordvgc has 5 seconds left.
|
|t:|1785031427
|move|p1b: Basculegion|Wave Crash|p2a: Dragonite
|-resisted|p2a: Dragonite|1
|-damage|p2a: Dragonite|3/100
|-damage|p1b: Basculegion|69/100|[from] Recoil
|move|p1a: Sylveon|Hyper Voice|p2a: Dragonite
|-supereffective|p2a: Dragonite|1
|-damage|p2a: Dragonite|0 fnt
|faint|p2a: Dragonite
|
|win|Harbinger Aegis
||Harbinger Aegis is ready for game 2.
|inactive|5star_swordvgc has 30 seconds to confirm battle start!
|inactive|5star_swordvgc has 20 seconds to confirm battle start!
|inactive|5star_swordvgc has 10 seconds to confirm battle start!
|uhtml|next|Next: Game 2 of 3
|l|☆5star_swordvgc
|player|p2|
