|j|☆FatherPenguin
|j|☆mattdapokemaster2
|html|FatherPenguinmattdapokemaster2    
|uhtml|bestof|Game 1 of a best-of-3
|t:|1785444321
|gametype|doubles
|player|p1|FatherPenguin|acetrainersnow|1188
|player|p2|mattdapokemaster2|102|1110
|gen|9
|tier|[Gen 9 Champions] VGC 2026 Reg M-B (Bo3)
|rated|
|rule|Species Clause: Limit one of each Pokémon
|rule|Item Clause: Limit 1 of each item
|clearpoke
|poke|p1|Staraptor, L50, M|
|poke|p1|Glimmora, L50, M|
|poke|p1|Whimsicott, L50, M|
|poke|p1|Kingambit, L50, F|
|poke|p1|Garchomp, L50, F|
|poke|p1|Delphox, L50, M|
|poke|p2|Mudsdale, L50, F|
|poke|p2|Venusaur, L50, F|
|poke|p2|Charizard, L50, M|
|poke|p2|Blastoise, L50, F|
|poke|p2|Hatterene, L50, F|
|poke|p2|Toxapex, L50, F|
|teampreview|4
|showteam|p1|Staraptor||Staraptite|Intimidate|CloseCombat,BraveBird,Roost,Protect|Jolly||M|||50|]Glimmora||FocusSash|ToxicDebris|PowerGem,SludgeBomb,EarthPower,SpikyShield|Modest||M|||50|]Whimsicott||OccaBerry|Prankster|Tailwind,Moonblast,Charm,LightScreen|Timid||M|||50|]Kingambit||ChopleBerry|Defiant|KowtowCleave,IronHead,LowKick,SuckerPunch|Adamant||F|||50|]Garchomp||LifeOrb|RoughSkin|Earthquake,DragonClaw,RockSlide,Protect|Jolly||F|||50|]Delphox||Delphoxite|Blaze|HeatWave,Psychic,Substitute,Protect|Timid||M|||50|
|showteam|p2|Mudsdale||Leftovers|Stamina|Earthquake,BodyPress,Protect,HeavySlam|Impish||F|||50|]Venusaur||FocusSash|Chlorophyll|SludgeBomb,EarthPower,Protect,GigaDrain|Modest||F|||50|]Charizard||CharizarditeY|SolarPower|SolarBeam,DragonPulse,HeatWave,Protect|Mild||M|||50|]Blastoise||Blastoisinite|RainDish|FakeOut,WaterSpout,ShellSmash,DarkPulse|Quiet||F|||50|]Hatterene||LifeOrb|MagicBounce|TrickRoom,DazzlingGleam,MysticalFire,Protect|Quiet||F|||50|]Toxapex||SitrusBerry|Regenerator|Toxic,WideGuard,LightScreen,Infestation|Calm||F|||50|
|inactive|Battle timer is ON: inactive players will automatically lose when time's up. (requested by FatherPenguin)
|inactive|FatherPenguin has 60 seconds left.
|inactive|FatherPenguin has 30 seconds left.
|inactive|FatherPenguin has 20 seconds left.
|inactive|FatherPenguin has 15 seconds left.
|inactive|FatherPenguin has 10 seconds left.
|inactive|FatherPenguin has 5 seconds left.
|
|t:|1785444414
|teamsize|p1|4
|teamsize|p2|4
|start
|switch|p1a: Garchomp|Garchomp, L50, F|100/100
|switch|p1b: Glimmora|Glimmora, L50, M|100/100
|switch|p2a: Hatterene|Hatterene, L50, F|100/100
|switch|p2b: Blastoise|Blastoise, L50, F|100/100
|turn|1
|inactive|FatherPenguin has 30 seconds left.
|inactive|FatherPenguin has 20 seconds left.
|inactive|FatherPenguin has 15 seconds left.
|inactive|FatherPenguin has 10 seconds left.
|
|t:|1785444463
|detailschange|p2b: Blastoise|Blastoise-Mega, L50, F
|-mega|p2b: Blastoise|Blastoise|Blastoisinite
|move|p2b: Blastoise|Fake Out|p1b: Glimmora
|-resisted|p1b: Glimmora|1
|-damage|p1b: Glimmora|93/100
|-activate|p1b: Glimmora|ability: Toxic Debris
|-sidestart|p2: mattdapokemaster2|move: Toxic Spikes
|move|p1a: Garchomp|Rock Slide|p2a: Hatterene|[spread] p2a,p2b
|-damage|p2a: Hatterene|68/100
|-damage|p2b: Blastoise|80/100
|-damage|p1a: Garchomp|90/100|[from] item: Life Orb
|cant|p1b: Glimmora|flinch
|cant|p2a: Hatterene|flinch
|
|upkeep
|turn|2
|inactive|mattdapokemaster2 has 30 seconds left.
|
|t:|1785444492
|switch|p2b: Toxapex|Toxapex, L50, F|100/100
|-sideend|p2: mattdapokemaster2|move: Toxic Spikes|[of] p2b: Toxapex
|move|p1b: Glimmora|Spiky Shield|p1b: Glimmora
|-singleturn|p1b: Glimmora|move: Protect
|move|p1a: Garchomp|Earthquake|p2b: Toxapex|[spread] p2a,p2b
|-activate|p1b: Glimmora|move: Protect
|-supereffective|p2b: Toxapex|1
|-damage|p2a: Hatterene|12/100
|-damage|p2b: Toxapex|15/100
|-enditem|p2b: Toxapex|Sitrus Berry|[eat]
|-heal|p2b: Toxapex|40/100|[from] item: Sitrus Berry
|-damage|p1a: Garchomp|80/100|[from] item: Life Orb
|move|p2a: Hatterene|Trick Room|p2a: Hatterene
|-fieldstart|move: Trick Room|[of] p2a: Hatterene
|
|upkeep
|turn|3
|inactive|FatherPenguin has 30 seconds left.
|inactive|mattdapokemaster2 has 30 seconds left.
|inactive|mattdapokemaster2 has 20 seconds left.
|inactive|mattdapokemaster2 has 15 seconds left.
|inactive|mattdapokemaster2 has 10 seconds left.
|
|t:|1785444539
|switch|p2a: Mudsdale|Mudsdale, L50, F|100/100
|switch|p1a: Kingambit|Kingambit, L50, F|100/100
|move|p2b: Toxapex|Light Screen|p2b: Toxapex
|-sidestart|p2: mattdapokemaster2|move: Light Screen
|move|p1b: Glimmora|Earth Power|p2b: Toxapex
|-supereffective|p2b: Toxapex|1
|-damage|p2b: Toxapex|7/100
|
|upkeep
|turn|4
|inactive|FatherPenguin has 30 seconds left.
|
|t:|1785444569
|-heal|p2b: Toxapex|40/100|[from] ability: Regenerator|[silent]
|switch|p2b: Blastoise|Blastoise-Mega, L50, F|80/100
|move|p1b: Glimmora|Spiky Shield|p1b: Glimmora
|-singleturn|p1b: Glimmora|move: Protect
|move|p1a: Kingambit|Sucker Punch|p2a: Mudsdale
|-damage|p2a: Mudsdale|72/100
|-ability|p2a: Mudsdale|Stamina|boost
|-boost|p2a: Mudsdale|def|1
|move|p2a: Mudsdale|Body Press|p1a: Kingambit
|-supereffective|p1a: Kingambit|2
|-crit|p1a: Kingambit
|-enditem|p1a: Kingambit|Chople Berry|[eat]
|-enditem|p1a: Kingambit|Chople Berry|[weaken]
|-damage|p1a: Kingambit|14/100
|
|-heal|p2a: Mudsdale|78/100|[from] item: Leftovers
|upkeep
|turn|5
|inactive|FatherPenguin has 30 seconds left.
|inactive|mattdapokemaster2 has 30 seconds left.
|inactive|FatherPenguin has 20 seconds left.
|inactive|mattdapokemaster2 has 20 seconds left.
|inactive|FatherPenguin has 15 seconds left.
|inactive|FatherPenguin has 10 seconds left.
|inactive|FatherPenguin has 5 seconds left.
|inactive|mattdapokemaster2 has 15 seconds left.
|inactive|mattdapokemaster2 has 10 seconds left.
|
|t:|1785444632
|move|p2b: Blastoise|Fake Out|p1b: Glimmora
|-resisted|p1b: Glimmora|1
|-damage|p1b: Glimmora|88/100
|-activate|p1b: Glimmora|ability: Toxic Debris
|-sidestart|p2: mattdapokemaster2|move: Toxic Spikes
|move|p1a: Kingambit|Sucker Punch||[still]
|-fail|p1a: Kingambit
|move|p2a: Mudsdale|Body Press|p1a: Kingambit
|-supereffective|p1a: Kingambit|2
|-damage|p1a: Kingambit|0 fnt
|faint|p1a: Kingambit
|cant|p1b: Glimmora|flinch
|
|-heal|p2a: Mudsdale|84/100|[from] item: Leftovers
|upkeep
|
|t:|1785444654
|switch|p1a: Delphox|Delphox, L50, M|100/100
|turn|6
|inactive|mattdapokemaster2 has 30 seconds left.
|
|t:|1785444681
|detailschange|p1a: Delphox|Delphox-Mega, L50, M
|-mega|p1a: Delphox|Delphox|Delphoxite
|move|p1b: Glimmora|Spiky Shield|p1b: Glimmora
|-singleturn|p1b: Glimmora|move: Protect
|move|p1a: Delphox|Protect|p1a: Delphox
|-singleturn|p1a: Delphox|Protect
|move|p2a: Mudsdale|Heavy Slam|p1b: Glimmora
|-activate|p1b: Glimmora|move: Protect
|-damage|p2a: Mudsdale|71/100|[from] Spiky Shield|[of] p1b: Glimmora
|move|p2b: Blastoise|Shell Smash|p2b: Blastoise
|-unboost|p2b: Blastoise|def|1
|-unboost|p2b: Blastoise|spd|1
|-boost|p2b: Blastoise|atk|2
|-boost|p2b: Blastoise|spa|2
|-boost|p2b: Blastoise|spe|2
|
|-heal|p2a: Mudsdale|77/100|[from] item: Leftovers
|-fieldend|move: Trick Room
|upkeep
|turn|7
|inactive|FatherPenguin has 30 seconds left.
|inactive|mattdapokemaster2 has 30 seconds left.
|inactive|FatherPenguin has 20 seconds left.
|inactive|FatherPenguin has 15 seconds left.
|inactive|mattdapokemaster2 has 20 seconds left.
|
|t:|1785444725
|move|p1a: Delphox|Psychic|p2b: Blastoise
|-damage|p2b: Blastoise|38/100
|move|p2b: Blastoise|Dark Pulse|p1a: Delphox
|-supereffective|p1a: Delphox|1
|-damage|p1a: Delphox|0 fnt
|faint|p1a: Delphox
|move|p1b: Glimmora|Sludge Bomb|p2b: Blastoise
|-damage|p2b: Blastoise|1/100
|move|p2a: Mudsdale|Heavy Slam|p1b: Glimmora
|-supereffective|p1b: Glimmora|1
|-damage|p1b: Glimmora|6/100
|-activate|p1b: Glimmora|ability: Toxic Debris
|-sidestart|p2: mattdapokemaster2|move: Toxic Spikes
|
|-heal|p2a: Mudsdale|83/100|[from] item: Leftovers
|-sideend|p2: mattdapokemaster2|move: Light Screen
|upkeep
|
|t:|1785444739
|switch|p1a: Garchomp|Garchomp, L50, F|80/100
|turn|8
|
|t:|1785444748
|move|p1b: Glimmora|Spiky Shield|p1b: Glimmora
|-singleturn|p1b: Glimmora|move: Protect
|move|p2b: Blastoise|Dark Pulse|p1a: Garchomp
|-damage|p1a: Garchomp|0 fnt
|faint|p1a: Garchomp
|move|p2a: Mudsdale|Body Press|p1b: Glimmora
|-activate|p1b: Glimmora|move: Protect
|-damage|p2a: Mudsdale|71/100|[from] Spiky Shield|[of] p1b: Glimmora
|
|-heal|p2a: Mudsdale|77/100|[from] item: Leftovers
|upkeep
|turn|9
|
|t:|1785444762
|move|p2b: Blastoise|Dark Pulse|p1b: Glimmora
|-damage|p1b: Glimmora|0 fnt
|faint|p1b: Glimmora
|
|win|mattdapokemaster2
