|j|☆jagheter
|j|☆HelhiemFiend
|html|jagheterHelhiemFiend    
|uhtml|bestof|Game 3 of a best-of-3
|t:|1756923393
|gametype|doubles
|player|p1|jagheter|worker|1189
|player|p2|HelhiemFiend|1|1227
|gen|9
|tier|[Gen 9] VGC 2025 Reg H (Bo3)
|rated|
|rule|Species Clause: Limit one of each Pokémon
|rule|Item Clause: Limit 1 of each item
|clearpoke
|poke|p1|Venusaur, L50, F|
|poke|p1|Sneasler, L50, F|
|poke|p1|Dondozo, L50, M|
|poke|p1|Volcarona, L50, F|
|poke|p1|Rillaboom, L50, M|
|poke|p1|Samurott-Hisui, L50, M|
|poke|p2|Sneasler, L50, M|
|poke|p2|Dragapult, L50, F|
|poke|p2|Kingambit, L50, F|
|poke|p2|Rillaboom, L50, M|
|poke|p2|Gholdengo, L50|
|poke|p2|Whimsicott, L50, M|
|teampreview|4
|showteam|p1|Venusaur||WideLens|Chlorophyll|SleepPowder,Protect,SludgeBomb,EarthPower|||F|||50|,,,,,Ghost]Sneasler||GrassySeed|Unburden|Coaching,DireClaw,CloseCombat,Protect|||F|||50|,,,,,Stellar]Dondozo||Leftovers|Unaware|Fissure,Protect,Liquidation,Yawn|||M|||50|,,,,,Poison]Volcarona||CovertCloak|FlameBody|FieryDance,TeraBlast,QuiverDance,Protect|||F|||50|,,,,,Fairy]Rillaboom||AssaultVest|GrassySurge|FakeOut,WoodHammer,GrassyGlide,HighHorsepower|||M|||50|,,,,,Fire]Samurott-Hisui||SafetyGoggles|Sharpness|SuckerPunch,ThroatChop,Protect,RazorShell|||M|||50|,,,,,Poison
|showteam|p2|Sneasler||FocusSash|Unburden|DireClaw,CloseCombat,FakeOut,Protect|||M|||50|,,,,,Stellar]Dragapult||ChoiceBand|ClearBody|DragonDarts,TeraBlast,PhantomForce,Uturn|||F|||50|,,,,,Ghost]Kingambit||SafetyGoggles|Defiant|KowtowCleave,SuckerPunch,SwordsDance,Protect|||F|||50|,,,,,Dark]Rillaboom||AssaultVest|GrassySurge|WoodHammer,GrassyGlide,FakeOut,Uturn|||M|||50|,,,,,Fire]Gholdengo||LifeOrb|GoodasGold|MakeItRain,ShadowBall,NastyPlot,Protect||||||50|,,,,,Dragon]Whimsicott||CovertCloak|Prankster|Moonblast,Tailwind,Encore,Protect|||M|||50|,,,,,Dark
|inactive|Battle timer is ON: inactive players will automatically lose when time's up. (requested by HelhiemFiend)
|
|t:|1756923407
|teamsize|p1|4
|teamsize|p2|4
|start
|switch|p1a: Sneasler|Sneasler, L50, F|100/100
|switch|p1b: Rillaboom|Rillaboom, L50, M, shiny|100/100
|switch|p2a: Gholden Boy|Gholdengo, L50|100/100
|switch|p2b: Snake Eyes|Sneasler, L50, M|100/100
|-fieldstart|move: Grassy Terrain|[from] ability: Grassy Surge|[of] p1b: Rillaboom
|-enditem|p1a: Sneasler|Grassy Seed
|-boost|p1a: Sneasler|def|1|[from] item: Grassy Seed
|turn|1
|
|t:|1756923423
|switch|p1b: Dondozo|Dondozo, L50, M, shiny|100/100
|move|p2b: Snake Eyes|Fake Out|p1b: Dondozo
|-damage|p1b: Dondozo|92/100
|move|p1a: Sneasler|Coaching|p1b: Dondozo
|-boost|p1b: Dondozo|atk|1
|-boost|p1b: Dondozo|def|1
|move|p2a: Gholden Boy|Nasty Plot|p2a: Gholden Boy
|-boost|p2a: Gholden Boy|spa|2
|
|-heal|p1b: Dondozo|98/100|[from] Grassy Terrain
|-heal|p1b: Dondozo|100/100|[from] item: Leftovers
|upkeep
|turn|2
|
|t:|1756923437
|move|p1a: Sneasler|Coaching|p1b: Dondozo
|-boost|p1b: Dondozo|atk|1
|-boost|p1b: Dondozo|def|1
|move|p2b: Snake Eyes|Dire Claw|p1b: Dondozo
|-damage|p1b: Dondozo|88/100
|-status|p1b: Dondozo|par
|move|p2a: Gholden Boy|Make It Rain|p1a: Sneasler|[spread] p1a,p1b
|-resisted|p1b: Dondozo
|-damage|p1a: Sneasler|0 fnt
|-damage|p1b: Dondozo|61/100 par
|-unboost|p2a: Gholden Boy|spa|1
|faint|p1a: Sneasler
|-damage|p2a: Gholden Boy|91/100|[from] item: Life Orb
|move|p1b: Dondozo|Liquidation|p2a: Gholden Boy
|-damage|p2a: Gholden Boy|29/100
|-unboost|p2a: Gholden Boy|def|1
|
|-heal|p2a: Gholden Boy|35/100|[from] Grassy Terrain
|-heal|p1b: Dondozo|67/100 par|[from] Grassy Terrain
|-heal|p1b: Dondozo|74/100 par|[from] item: Leftovers
|upkeep
|
|t:|1756923457
|switch|p1a: Samurott|Samurott-Hisui, L50, M, shiny|100/100
|turn|3
|
|t:|1756923475
|switch|p2a: Donkey Kong|Rillaboom, L50, M|100/100
|move|p1a: Samurott|Sucker Punch|p2b: Snake Eyes
|-resisted|p2b: Snake Eyes
|-damage|p2b: Snake Eyes|74/100
|move|p2b: Snake Eyes|Dire Claw|p1a: Samurott
|-damage|p1a: Samurott|45/100
|move|p1b: Dondozo|Liquidation|p2b: Snake Eyes
|-damage|p2b: Snake Eyes|0 fnt
|faint|p2b: Snake Eyes
|
|-heal|p1a: Samurott|51/100|[from] Grassy Terrain
|-heal|p1b: Dondozo|80/100 par|[from] Grassy Terrain
|-heal|p1b: Dondozo|86/100 par|[from] item: Leftovers
|upkeep
|
|t:|1756923497
|switch|p2b: Shark|Whimsicott, L50, M|100/100
|turn|4
|
|t:|1756923519
|-terastallize|p1b: Dondozo|Poison
|move|p1a: Samurott|Protect|p1a: Samurott
|-singleturn|p1a: Samurott|Protect
|move|p2b: Shark|Tailwind|p2b: Shark
|-sidestart|p2: HelhiemFiend|move: Tailwind
|move|p2a: Donkey Kong|U-turn|p1a: Samurott
|-activate|p1a: Samurott|move: Protect
|move|p1b: Dondozo|Liquidation|p2b: Shark
|-resisted|p2b: Shark
|-damage|p2b: Shark|58/100
|
|-heal|p2b: Shark|64/100|[from] Grassy Terrain
|-heal|p1a: Samurott|57/100|[from] Grassy Terrain
|-heal|p1b: Dondozo|92/100 par|[from] Grassy Terrain
|-heal|p1b: Dondozo|99/100 par|[from] item: Leftovers
|upkeep
|turn|5
|
|t:|1756923542
|switch|p1a: Rillaboom|Rillaboom, L50, M, shiny|100/100
|move|p2b: Shark|Moonblast|p1b: Dondozo
|-resisted|p1b: Dondozo
|-damage|p1b: Dondozo|88/100 par
|move|p2a: Donkey Kong|U-turn|p1a: Rillaboom
|-supereffective|p1a: Rillaboom
|-damage|p1a: Rillaboom|57/100
|
|t:|1756923549
|switch|p2a: Gholden Boy|Gholdengo, L50|35/100|[from] U-turn
|move|p1b: Dondozo|Liquidation|p2b: Shark
|-resisted|p2b: Shark
|-damage|p2b: Shark|22/100
|
|-heal|p2b: Shark|28/100|[from] Grassy Terrain
|-heal|p2a: Gholden Boy|41/100|[from] Grassy Terrain
|-heal|p1a: Rillaboom|63/100|[from] Grassy Terrain
|-heal|p1b: Dondozo|94/100 par|[from] Grassy Terrain
|-heal|p1b: Dondozo|99/100 par|[from] item: Leftovers
|-fieldend|move: Grassy Terrain
|upkeep
|turn|6
|
|t:|1756923574
|move|p2a: Gholden Boy|Protect|p2a: Gholden Boy
|-singleturn|p2a: Gholden Boy|Protect
|move|p2b: Shark|Moonblast|p1a: Rillaboom
|-damage|p1a: Rillaboom|46/100
|move|p1a: Rillaboom|High Horsepower|p2a: Gholden Boy
|-activate|p2a: Gholden Boy|move: Protect
|move|p1b: Dondozo|Liquidation|p2a: Gholden Boy
|-activate|p2a: Gholden Boy|move: Protect
|
|-heal|p1b: Dondozo|100/100 par|[from] item: Leftovers
|upkeep
|turn|7
|
|t:|1756923597
|-terastallize|p2a: Gholden Boy|Dragon
|move|p2b: Shark|Moonblast|p1b: Dondozo
|-resisted|p1b: Dondozo
|-damage|p1b: Dondozo|89/100 par
|-unboost|p1b: Dondozo|spa|1
|move|p2a: Gholden Boy|Make It Rain|p1b: Dondozo|[spread] p1a,p1b
|-damage|p1a: Rillaboom|3/100
|-damage|p1b: Dondozo|38/100 par
|-unboost|p2a: Gholden Boy|spa|1
|-damage|p2a: Gholden Boy|32/100|[from] item: Life Orb
|move|p1a: Rillaboom|High Horsepower|p2a: Gholden Boy
|-damage|p2a: Gholden Boy|0 fnt
|faint|p2a: Gholden Boy
|cant|p1b: Dondozo|par
|
|-heal|p1b: Dondozo|44/100 par|[from] item: Leftovers
|-sideend|p2: HelhiemFiend|move: Tailwind
|upkeep
|
|t:|1756923613
|switch|p2a: Donkey Kong|Rillaboom, L50, M|100/100
|-fieldstart|move: Grassy Terrain|[from] ability: Grassy Surge|[of] p2a: Donkey Kong
|turn|8
|
|t:|1756923624
|move|p2a: Donkey Kong|Fake Out|p1a: Rillaboom
|-damage|p1a: Rillaboom|0 fnt
|faint|p1a: Rillaboom
|move|p2b: Shark|Tailwind|p2b: Shark
|-sidestart|p2: HelhiemFiend|move: Tailwind
|move|p1b: Dondozo|Liquidation|p2b: Shark
|-resisted|p2b: Shark
|-damage|p2b: Shark|0 fnt
|faint|p2b: Shark
|
|-heal|p1b: Dondozo|50/100 par|[from] Grassy Terrain
|-heal|p1b: Dondozo|57/100 par|[from] item: Leftovers
|upkeep
|
|t:|1756923628
|switch|p1a: Samurott|Samurott-Hisui, L50, M, shiny|57/100
|turn|9
|
|t:|1756923643
|move|p1a: Samurott|Protect|p1a: Samurott
|-singleturn|p1a: Samurott|Protect
|move|p2a: Donkey Kong|Grassy Glide|p1b: Dondozo
|-resisted|p1b: Dondozo
|-damage|p1b: Dondozo|52/100 par
|move|p1b: Dondozo|Yawn|p2a: Donkey Kong
|-start|p2a: Donkey Kong|move: Yawn|[of] p1b: Dondozo
|
|-heal|p1a: Samurott|64/100|[from] Grassy Terrain
|-heal|p1b: Dondozo|58/100 par|[from] Grassy Terrain
|-heal|p1b: Dondozo|64/100 par|[from] item: Leftovers
|upkeep
|turn|10
|
|t:|1756923651
|move|p2a: Donkey Kong|Grassy Glide|p1a: Samurott
|-supereffective|p1a: Samurott
|-damage|p1a: Samurott|0 fnt
|faint|p1a: Samurott
|cant|p1b: Dondozo|par
|
|-heal|p1b: Dondozo|70/100 par|[from] Grassy Terrain
|-heal|p1b: Dondozo|77/100 par|[from] item: Leftovers
|-end|p2a: Donkey Kong|move: Yawn|[silent]
|-status|p2a: Donkey Kong|slp
|upkeep
|turn|11
|
|t:|1756923658
|cant|p2a: Donkey Kong|slp
|move|p1b: Dondozo|Fissure|p2a: Donkey Kong|[miss]
|-miss|p1b: Dondozo|p2a: Donkey Kong
|
|-heal|p1b: Dondozo|83/100 par|[from] Grassy Terrain
|-heal|p1b: Dondozo|89/100 par|[from] item: Leftovers
|-sideend|p2: HelhiemFiend|move: Tailwind
|upkeep
|turn|12
|
|t:|1756923661
|cant|p2a: Donkey Kong|slp
|cant|p1b: Dondozo|par
|
|-heal|p1b: Dondozo|95/100 par|[from] Grassy Terrain
|-heal|p1b: Dondozo|100/100 par|[from] item: Leftovers
|-fieldend|move: Grassy Terrain
|upkeep
|turn|13
|
|t:|1756923664
|-curestatus|p2a: Donkey Kong|slp|[msg]
|move|p2a: Donkey Kong|Grassy Glide|p1b: Dondozo
|-resisted|p1b: Dondozo
|-damage|p1b: Dondozo|97/100 par
|cant|p1b: Dondozo|par
|
|-heal|p1b: Dondozo|100/100 par|[from] item: Leftovers
|upkeep
|turn|14
|
|t:|1756923672
|move|p2a: Donkey Kong|U-turn|p1b: Dondozo
|-resisted|p1b: Dondozo
|-damage|p1b: Dondozo|97/100 par
|move|p1b: Dondozo|Fissure|p2a: Donkey Kong|[miss]
|-miss|p1b: Dondozo|p2a: Donkey Kong
|
|-heal|p1b: Dondozo|100/100 par|[from] item: Leftovers
|upkeep
|turn|15
|
|t:|1756923677
|move|p2a: Donkey Kong|U-turn|p1b: Dondozo
|-resisted|p1b: Dondozo
|-damage|p1b: Dondozo|97/100 par
|move|p1b: Dondozo|Fissure|p2a: Donkey Kong|[miss]
|-miss|p1b: Dondozo|p2a: Donkey Kong
|
|-heal|p1b: Dondozo|100/100 par|[from] item: Leftovers
|upkeep
|turn|16
|
|t:|1756923681
|move|p2a: Donkey Kong|U-turn|p1b: Dondozo
|-resisted|p1b: Dondozo
|-damage|p1b: Dondozo|97/100 par
|cant|p1b: Dondozo|par
|
|-heal|p1b: Dondozo|100/100 par|[from] item: Leftovers
|upkeep
|turn|17
|
|t:|1756923685
|move|p2a: Donkey Kong|U-turn|p1b: Dondozo
|-resisted|p1b: Dondozo
|-damage|p1b: Dondozo|97/100 par
|move|p1b: Dondozo|Fissure|p2a: Donkey Kong|[miss]
|-miss|p1b: Dondozo|p2a: Donkey Kong
|
|-heal|p1b: Dondozo|100/100 par|[from] item: Leftovers
|upkeep
|turn|18
|
|t:|1756923688
|move|p2a: Donkey Kong|U-turn|p1b: Dondozo
|-resisted|p1b: Dondozo
|-damage|p1b: Dondozo|97/100 par
|move|p1b: Dondozo|Fissure|p2a: Donkey Kong
|-damage|p2a: Donkey Kong|0 fnt
|faint|p2a: Donkey Kong
|-ohko
|
|win|jagheter
|raw|jagheter's rating: 1189 → 1217(+28 for winning)
|raw|HelhiemFiend's rating: 1227 → 1199(-28 for losing)
|l|☆HelhiemFiend
|player|p2|
|c|☆jagheter|gg
