|j|☆Bruthathechosen
|j|☆davirru6
|html|Bruthathechosendavirru6    
|uhtml|bestof|Game 2 of a best-of-3
|t:|1756910923
|gametype|doubles
|player|p1|Bruthathechosen|lady-gen4|1088
|player|p2|davirru6|1|1174
|gen|9
|tier|[Gen 9] VGC 2025 Reg H (Bo3)
|rated|
|rule|Species Clause: Limit one of each Pokémon
|rule|Item Clause: Limit 1 of each item
|clearpoke
|poke|p1|Hydreigon, L50, F|
|poke|p1|Incineroar, L50, M|
|poke|p1|Sinistcha-Masterpiece, L50|
|poke|p1|Primarina, L50, M|
|poke|p1|Sneasler, L50, M|
|poke|p1|Dragapult, L50, F|
|poke|p2|Pelipper, L50, F|
|poke|p2|Archaludon, L50, M|
|poke|p2|Basculegion, L50, M|
|poke|p2|Amoonguss, L50, F|
|poke|p2|Gholdengo, L50|
|poke|p2|Incineroar, L50, F|
|teampreview|4
|showteam|p1|Hydreigon||SitrusBerry|Levitate|Snarl,DracoMeteor,Tailwind,Protect|||F|||50|,,,,,Ghost]Incineroar||AssaultVest|Intimidate|FakeOut,FlareBlitz,KnockOff,Uturn|||M|||50|,,,,,Grass]Sinistcha-Masterpiece||RockyHelmet|Hospitality|MatchaGotcha,RagePowder,StrengthSap,Protect||||||50|,,,,,Water]Primarina||ThroatSpray|LiquidVoice|HyperVoice,Moonblast,Encore,Protect|||M|||50|,,,,,Poison]Sneasler||FocusSash|PoisonTouch|DireClaw,FakeOut,CloseCombat,Protect|||M|||50|,,,,,Stellar]Dragapult||ChoiceBand|ClearBody|DragonDarts,Outrage,PhantomForce,Uturn|||F|||50|,,,,,Dragon
|showteam|p2|Pelipper||FocusSash|Drizzle|Hurricane,WeatherBall,Tailwind,Protect|||F|||50|,,,,,Stellar]Archaludon||AssaultVest|Stamina|ElectroShot,DracoMeteor,Snarl,BodyPress|||M|||50|,,,,,Grass]Basculegion||ChoiceBand|SwiftSwim|WaveCrash,FlipTurn,AquaJet,LastRespects|||M|||50|,,,,,Water]Amoonguss||SitrusBerry|Regenerator|Spore,PollenPuff,RagePowder,Protect|||F|||50|,,,,,Water]Gholdengo||LifeOrb|GoodasGold|MakeItRain,ShadowBall,NastyPlot,Protect||||||50|,,,,,Water]Incineroar||RockyHelmet|Intimidate|KnockOff,FakeOut,Taunt,PartingShot|||F|||50|,,,,,Ghost
|inactive|Battle timer is ON: inactive players will automatically lose when time's up. (requested by davirru6)
|inactive|davirru6 has 60 seconds left.
|
|t:|1756910969
|teamsize|p1|4
|teamsize|p2|4
|start
|switch|p1a: Dragapult|Dragapult, L50, F|100/100
|switch|p1b: Hydreigon|Hydreigon, L50, F|100/100
|switch|p2a: Pelipper|Pelipper, L50, F|100/100
|switch|p2b: Basculegion|Basculegion, L50, M|100/100
|-weather|RainDance|[from] ability: Drizzle|[of] p2a: Pelipper
|turn|1
|
|t:|1756910992
|move|p2b: Basculegion|Flip Turn|p1b: Hydreigon
|-resisted|p1b: Hydreigon
|-damage|p1b: Hydreigon|66/100
|
|t:|1756910995
|switch|p2b: Archaludon|Archaludon, L50, M|100/100|[from] Flip Turn
|move|p1a: Dragapult|Outrage|p2b: Archaludon
|-damage|p2b: Archaludon|33/100
|-ability|p2b: Archaludon|Stamina|boost
|-boost|p2b: Archaludon|def|1
|move|p1b: Hydreigon|Tailwind|p1b: Hydreigon
|-sidestart|p1: Bruthathechosen|move: Tailwind
|move|p2a: Pelipper|Hurricane|p1b: Hydreigon
|-damage|p1b: Hydreigon|15/100
|-enditem|p1b: Hydreigon|Sitrus Berry|[eat]
|-heal|p1b: Hydreigon|40/100|[from] item: Sitrus Berry
|
|-weather|RainDance|[upkeep]
|upkeep
|turn|2
|inactive|davirru6 has 30 seconds left.
|
|t:|1756911025
|move|p1b: Hydreigon|Protect|p1b: Hydreigon
|-singleturn|p1b: Hydreigon|Protect
|move|p1a: Dragapult|Outrage|p2a: Pelipper|[from] lockedmove
|-enditem|p2a: Pelipper|Focus Sash
|-damage|p2a: Pelipper|1/100
|-start|p1a: Dragapult|confusion|[fatigue]
|move|p2a: Pelipper|Hurricane|p1b: Hydreigon
|-activate|p1b: Hydreigon|move: Protect
|move|p2b: Archaludon|Draco Meteor|p1a: Dragapult
|-supereffective|p1a: Dragapult
|-damage|p1a: Dragapult|0 fnt
|-unboost|p2b: Archaludon|spa|2
|faint|p1a: Dragapult
|
|-weather|RainDance|[upkeep]
|upkeep
|
|t:|1756911037
|switch|p1a: Sinistcha|Sinistcha-Masterpiece, L50|100/100
|-heal|p1b: Hydreigon|65/100|[from] ability: Hospitality|[of] p1a: Sinistcha
|turn|3
|
|t:|1756911054
|-terastallize|p2b: Archaludon|Grass
|move|p1b: Hydreigon|Snarl|p2b: Archaludon|[spread] p2a,p2b
|-damage|p2a: Pelipper|0 fnt
|-damage|p2b: Archaludon|17/100
|-unboost|p2b: Archaludon|spa|1
|-ability|p2b: Archaludon|Stamina|boost
|-boost|p2b: Archaludon|def|1
|faint|p2a: Pelipper
|move|p1a: Sinistcha|Strength Sap|p2b: Archaludon
|-unboost|p2b: Archaludon|atk|1
|move|p2b: Archaludon|Body Press|p1b: Hydreigon
|-supereffective|p1b: Hydreigon
|-damage|p1b: Hydreigon|0 fnt
|faint|p1b: Hydreigon
|
|-weather|RainDance|[upkeep]
|upkeep
|
|t:|1756911066
|switch|p1b: Sneasler|Sneasler, L50, M|100/100
|switch|p2a: Amoonguss|Amoonguss, L50, F|100/100
|turn|4
|inactive|davirru6 has 30 seconds left.
|inactive|davirru6 has 20 seconds left.
|
|t:|1756911105
|move|p1b: Sneasler|Dire Claw|p2a: Amoonguss
|-damage|p2a: Amoonguss|69/100
|-status|p2a: Amoonguss|par
|move|p1a: Sinistcha|Matcha Gotcha|p2a: Amoonguss|[spread] p2a,p2b
|-resisted|p2a: Amoonguss
|-resisted|p2b: Archaludon
|-damage|p2a: Amoonguss|63/100 par
|-damage|p2b: Archaludon|8/100
|-ability|p2b: Archaludon|Stamina|boost
|-boost|p2b: Archaludon|def|1
|move|p2b: Archaludon|Body Press|p1b: Sneasler
|-resisted|p1b: Sneasler
|-damage|p1b: Sneasler|48/100
|move|p2a: Amoonguss|Spore|p1b: Sneasler
|-status|p1b: Sneasler|slp|[from] move: Spore
|
|-weather|RainDance|[upkeep]
|-sideend|p1: Bruthathechosen|move: Tailwind
|upkeep
|turn|5
|inactive|davirru6 has 30 seconds left.
|inactive|davirru6 has 20 seconds left.
|inactive|davirru6 has 15 seconds left.
|
|t:|1756911148
|switch|p2b: Basculegion|Basculegion, L50, M|100/100
|cant|p1b: Sneasler|slp
|move|p1a: Sinistcha|Strength Sap|p2a: Amoonguss
|-unboost|p2a: Amoonguss|atk|1
|move|p2a: Amoonguss|Pollen Puff|p2b: Basculegion
|
|-weather|none
|upkeep
|turn|6
|
|t:|1756911171
|cant|p1b: Sneasler|slp
|move|p2b: Basculegion|Last Respects|p1a: Sinistcha
|-supereffective|p1a: Sinistcha
|-damage|p1a: Sinistcha|0 fnt
|faint|p1a: Sinistcha
|move|p2a: Amoonguss|Pollen Puff|p1b: Sneasler
|-resisted|p1b: Sneasler
|-damage|p1b: Sneasler|42/100 slp
|
|upkeep
|turn|7
|-message|Bruthathechosen forfeited.
|
|win|davirru6
|raw|Bruthathechosen's rating: 1088 → 1070(-18 for losing)
|raw|davirru6's rating: 1174 → 1193(+19 for winning)
|l|☆Bruthathechosen
|player|p1|
