|j|☆kazu1003
|j|☆washingtongargacha
|html|kazu1003washingtongargacha    
|uhtml|bestof|Game 1 of a best-of-3
|t:|1756888169
|gametype|doubles
|player|p1|kazu1003|lucas|1207
|player|p2|washingtongargacha|102|1093
|gen|9
|tier|[Gen 9] VGC 2025 Reg H (Bo3)
|rated|
|rule|Species Clause: Limit one of each Pokémon
|rule|Item Clause: Limit 1 of each item
|clearpoke
|poke|p1|Flamigo, L50, M|
|poke|p1|Porygon2, L50|
|poke|p1|Ursaluna, L50, M|
|poke|p1|Archaludon, L50, F|
|poke|p1|Tyranitar, L50, M|
|poke|p1|Incineroar, L50, M|
|poke|p2|Talonflame, L50, M|
|poke|p2|Gholdengo, L50|
|poke|p2|Dragonite, L50, M|
|poke|p2|Archaludon, L50, M|
|poke|p2|Tyranitar, L50, F|
|poke|p2|Garchomp, L50, M|
|teampreview|4
|showteam|p1|Flamigo||ChoiceScarf|Scrappy|BraveBird,DualWingbeat,CloseCombat,Uturn|||M|||50|,,,,,Ghost]Porygon2||Eviolite|Download|Thunderbolt,TeraBlast,TrickRoom,Protect||||||50|,,,,,Flying]Ursaluna||FlameOrb|Guts|Facade,Earthquake,HeadlongRush,Protect|||M|||50|,,,,,Ghost]Archaludon||AssaultVest|Stamina|ElectroShot,DarkPulse,BodyPress,DracoMeteor|||F|||50|,,,,,Grass]Tyranitar||FocusSash|SandStream|RockSlide,LowKick,KnockOff,Protect|||M|||50|,,,,,Flying]Incineroar||PasshoBerry|Intimidate|KnockOff,FlareBlitz,FakeOut,PartingShot|||M|||50|,,,,,Ghost
|showteam|p2|Talonflame||CovertCloak|GaleWings|Tailwind,BraveBird,Taunt,WillOWisp|||M|||50|,,,,,Ghost]Gholdengo||ChoiceSpecs|GoodasGold|MakeItRain,SteelBeam,ShadowBall,PowerGem||||||50|,,,,,Steel]Dragonite||LoadedDice|Multiscale|ScaleShot,IceSpinner,Haze,Protect|||M|||50|,,,,,Steel]Archaludon||PowerHerb|Sturdy|FlashCannon,ElectroShot,DracoMeteor,Protect|||M|||50|,,,,,Flying]Tyranitar||AssaultVest|SandStream|KnockOff,RockSlide,TeraBlast,LowKick|||F|||50|,,,,,Flying]Garchomp||LifeOrb|RoughSkin|DragonClaw,StompingTantrum,Earthquake,Protect|||M|||50|,,,,,Steel
|inactive|Battle timer is ON: inactive players will automatically lose when time's up. (requested by kazu1003)
|inactive|washingtongargacha has 60 seconds left.
|inactive|washingtongargacha has 30 seconds left.
|inactive|washingtongargacha has 20 seconds left.
|inactive|washingtongargacha has 15 seconds left.
|
|t:|1756888245
|teamsize|p1|4
|teamsize|p2|4
|start
|switch|p1a: Winglade|Flamigo, L50, M|100/100
|switch|p1b: swatchling|Porygon2, L50|100/100
|switch|p2a: Gholdengo|Gholdengo, L50|100/100
|switch|p2b: Archaludon|Archaludon, L50, M|100/100
|-ability|p1b: swatchling|Download|boost
|-boost|p1b: swatchling|spa|1
|turn|1
|inactive|kazu1003 has 30 seconds left.
|inactive|washingtongargacha has 30 seconds left.
|
|t:|1756888271
|switch|p1a: Balthizard|Ursaluna, L50, M, shiny|100/100
|move|p2b: Archaludon|Protect|p2b: Archaludon
|-singleturn|p2b: Archaludon|Protect
|move|p2a: Gholdengo|Make It Rain|p1a: Balthizard|[spread] p1a,p1b
|-damage|p1a: Balthizard|38/100
|-damage|p1b: swatchling|63/100
|-unboost|p2a: Gholdengo|spa|1
|move|p1b: swatchling|Trick Room|p1b: swatchling
|-fieldstart|move: Trick Room|[of] p1b: swatchling
|
|-status|p1a: Balthizard|brn|[from] item: Flame Orb
|upkeep
|turn|2
|inactive|washingtongargacha has 30 seconds left.
|inactive|washingtongargacha has 20 seconds left.
|inactive|washingtongargacha has 15 seconds left.
|inactive|washingtongargacha has 10 seconds left.
|
|t:|1756888317
|-terastallize|p1b: swatchling|Flying
|-terastallize|p2b: Archaludon|Flying
|move|p1a: Balthizard|Earthquake|p2b: Archaludon|[spread] p2a
|-immune|p1b: swatchling
|-immune|p2b: Archaludon
|-supereffective|p2a: Gholdengo
|-crit|p2a: Gholdengo
|-damage|p2a: Gholdengo|0 fnt
|faint|p2a: Gholdengo
|move|p1b: swatchling|Tera Blast|p2b: Archaludon|[anim] Tera Blast Flying
|-crit|p2b: Archaludon
|-ability|p2b: Archaludon|Sturdy
|-damage|p2b: Archaludon|1/100
|move|p2b: Archaludon|Draco Meteor|p1a: Balthizard
|-damage|p1a: Balthizard|0 fnt
|-unboost|p2b: Archaludon|spa|2
|faint|p1a: Balthizard
|
|upkeep
|
|t:|1756888338
|switch|p1a: Jackenstein|Incineroar, L50, M, shiny|100/100
|switch|p2a: Tyranitar|Tyranitar, L50, F|100/100
|-ability|p1a: Jackenstein|Intimidate|boost
|-unboost|p2a: Tyranitar|atk|1
|-unboost|p2b: Archaludon|atk|1
|-weather|Sandstorm|[from] ability: Sand Stream|[of] p2a: Tyranitar
|turn|3
|
|t:|1756888363
|move|p1a: Jackenstein|Fake Out|p2b: Archaludon
|-damage|p2b: Archaludon|0 fnt
|faint|p2b: Archaludon
|move|p1b: swatchling|Thunderbolt|p2a: Tyranitar
|-damage|p2a: Tyranitar|87/100
|move|p2a: Tyranitar|Rock Slide|p1a: Jackenstein|[spread] p1b
|-miss|p2a: Tyranitar|p1a: Jackenstein
|-supereffective|p1b: swatchling
|-damage|p1b: swatchling|40/100
|
|-weather|Sandstorm|[upkeep]
|-damage|p1b: swatchling|34/100|[from] Sandstorm
|-damage|p1a: Jackenstein|95/100|[from] Sandstorm
|upkeep
|
|t:|1756888375
|switch|p2b: Garchomp|Garchomp, L50, M|100/100
|turn|4
|inactive|kazu1003 has 30 seconds left.
|
|t:|1756888409
|move|p1b: swatchling|Protect|p1b: swatchling
|-singleturn|p1b: swatchling|Protect
|move|p2b: Garchomp|Protect|p2b: Garchomp
|-singleturn|p2b: Garchomp|Protect
|move|p1a: Jackenstein|Knock Off|p2a: Tyranitar
|-resisted|p2a: Tyranitar
|-crit|p2a: Tyranitar
|-damage|p2a: Tyranitar|64/100
|-enditem|p2a: Tyranitar|Assault Vest|[from] move: Knock Off|[of] p1a: Jackenstein
|move|p2a: Tyranitar|Rock Slide|p1b: swatchling|[spread] p1a
|-activate|p1b: swatchling|move: Protect
|-supereffective|p1a: Jackenstein
|-damage|p1a: Jackenstein|64/100
|
|-weather|Sandstorm|[upkeep]
|-damage|p1b: swatchling|28/100|[from] Sandstorm
|-damage|p1a: Jackenstein|58/100|[from] Sandstorm
|upkeep
|turn|5
|
|t:|1756888433
|move|p1b: swatchling|Tera Blast|p2b: Garchomp|[anim] Tera Blast Flying
|-damage|p2b: Garchomp|45/100
|move|p1a: Jackenstein|Knock Off|p2b: Garchomp
|-damage|p2b: Garchomp|9/100
|-damage|p1a: Jackenstein|46/100|[from] ability: Rough Skin|[of] p2b: Garchomp
|-enditem|p2b: Garchomp|Life Orb|[from] move: Knock Off|[of] p1a: Jackenstein
|move|p2a: Tyranitar|Rock Slide|p1a: Jackenstein|[spread] p1a,p1b
|-supereffective|p1a: Jackenstein
|-supereffective|p1b: swatchling
|-damage|p1a: Jackenstein|15/100
|-damage|p1b: swatchling|2/100
|move|p2b: Garchomp|Stomping Tantrum|p1a: Jackenstein
|-supereffective|p1a: Jackenstein
|-damage|p1a: Jackenstein|0 fnt
|faint|p1a: Jackenstein
|
|-weather|Sandstorm|[upkeep]
|-damage|p1b: swatchling|0 fnt|[from] Sandstorm
|faint|p1b: swatchling
|-fieldend|move: Trick Room
|upkeep
|
|t:|1756888452
|switch|p1a: Winglade|Flamigo, L50, M|100/100
|turn|6
|
|t:|1756888476
|move|p1a: Winglade|Close Combat|p2b: Garchomp
|-crit|p2b: Garchomp
|-damage|p2b: Garchomp|0 fnt
|-unboost|p1a: Winglade|def|1
|-unboost|p1a: Winglade|spd|1
|-damage|p1a: Winglade|88/100|[from] ability: Rough Skin|[of] p2b: Garchomp
|faint|p2b: Garchomp
|move|p2a: Tyranitar|Rock Slide|p1a: Winglade
|-damage|p1a: Winglade|31/100
|
|-weather|Sandstorm|[upkeep]
|-damage|p1a: Winglade|25/100|[from] Sandstorm
|upkeep
|turn|7
|
|t:|1756888492
|move|p1a: Winglade|Close Combat|p2a: Tyranitar
|-supereffective|p2a: Tyranitar
|-damage|p2a: Tyranitar|0 fnt
|-unboost|p1a: Winglade|def|1
|-unboost|p1a: Winglade|spd|1
|faint|p2a: Tyranitar
|
|win|kazu1003
