|j|☆M0teM0te13
|j|☆sedrav
|html|M0teM0te13sedrav    
|uhtml|bestof|Game 1 of a best-of-3
|t:|1756427147
|gametype|doubles
|player|p1|M0teM0te13|170|1185
|player|p2|sedrav|hilbert|1200
|gen|9
|tier|[Gen 9] VGC 2025 Reg H (Bo3)
|rated|
|rule|Species Clause: Limit one of each Pokémon
|rule|Item Clause: Limit 1 of each item
|clearpoke
|poke|p1|Volcarona, L50, F|
|poke|p1|Rillaboom, L50, F|
|poke|p1|Kingambit, L50, M|
|poke|p1|Ninetales-Alola, L50, M|
|poke|p1|Dragapult, L50, M|
|poke|p1|Maushold, L50|
|poke|p2|Dragonite, L50, F|
|poke|p2|Rillaboom, L50, M|
|poke|p2|Arcanine-Hisui, L50, F|
|poke|p2|Sneasler, L50, M|
|poke|p2|Ninetales-Alola, L50, M|
|poke|p2|Gholdengo, L50|
|teampreview|4
|showteam|p1|Volcarona||GrassySeed|FlameBody|GigaDrain,HeatWave,QuiverDance,Protect|||F|||50|,,,,,Grass]Rillaboom||AssaultVest|GrassySurge|FakeOut,Uturn,WoodHammer,GrassyGlide|||F|||50|,,,,,Fire]Kingambit||SafetyGoggles|Defiant|SuckerPunch,KowtowCleave,SwordsDance,Protect|||M|||50|,,,,,Dark]Ninetales-Alola||LightClay|SnowWarning|AuroraVeil,Blizzard,Encore,IcyWind|||M|||50|,,,,,Ghost]Dragapult||DracoPlate|ClearBody|DragonDarts,WillOWisp,Disable,Protect|||M|||50|,,,,,Fairy]Maushold||SitrusBerry|FriendGuard|PopulationBomb,Taunt,FollowMe,Protect||||||50|,,,,,Poison
|showteam|p2|Dragonite||LoadedDice|Multiscale|ScaleShot,Tailwind,StompingTantrum,Protect|||F|||50|,,,,,Ground]Rillaboom||AssaultVest|GrassySurge|DrumBeating,GrassyGlide,HighHorsepower,FakeOut|||M|||50|,,,,,Fire]Arcanine-Hisui||ClearAmulet|Intimidate|FlareBlitz,RockSlide,ExtremeSpeed,Protect|||F|||50|,,,,,Water]Sneasler||WhiteHerb|Unburden|CloseCombat,DireClaw,Coaching,Protect|||M|||50|,,,,,Ghost]Ninetales-Alola||FocusSash|SnowWarning|Blizzard,Encore,IcyWind,AuroraVeil|||M|||50|,,,,,Ghost]Gholdengo||GrassySeed|GoodasGold|MakeItRain,ShadowBall,NastyPlot,Protect||||||50|,,,,,Water
|inactive|Battle timer is ON: inactive players will automatically lose when time's up. (requested by sedrav)
|inactive|sedrav has 60 seconds left.
|
|t:|1756427188
|teamsize|p1|4
|teamsize|p2|4
|start
|switch|p1a: Dragapult|Dragapult, L50, M|100/100
|switch|p1b: Kingambit|Kingambit, L50, M|100/100
|switch|p2a: Arcanine|Arcanine-Hisui, L50, F|100/100
|switch|p2b: Sneasler|Sneasler, L50, M|100/100
|-ability|p2a: Arcanine|Intimidate|boost
|-fail|p1a: Dragapult|unboost|[from] ability: Clear Body|[of] p1a: Dragapult
|-unboost|p1b: Kingambit|atk|1
|-ability|p1b: Kingambit|Defiant|boost
|-boost|p1b: Kingambit|atk|2
|turn|1
|inactive|M0teM0te13 has 30 seconds left.
|inactive|sedrav has 30 seconds left.
|inactive|sedrav has 20 seconds left.
|inactive|sedrav has 15 seconds left.
|
|t:|1756427232
|move|p1b: Kingambit|Protect|p1b: Kingambit
|-singleturn|p1b: Kingambit|Protect
|move|p1a: Dragapult|Dragon Darts|p2b: Sneasler
|-damage|p2b: Sneasler|63/100
|-anim|p1a: Dragapult|Dragon Darts|p2a: Arcanine
|-damage|p2a: Arcanine|61/100
|move|p2b: Sneasler|Close Combat|p1b: Kingambit
|-activate|p1b: Kingambit|move: Protect
|move|p2a: Arcanine|Flare Blitz|p1b: Kingambit
|-activate|p1b: Kingambit|move: Protect
|
|upkeep
|turn|2
|
|t:|1756427254
|switch|p2b: Ninetales|Ninetales-Alola, L50, M|100/100
|-weather|Snowscape|[from] ability: Snow Warning|[of] p2b: Ninetales
|-terastallize|p1b: Kingambit|Dark
|move|p2a: Arcanine|Protect|p2a: Arcanine
|-singleturn|p2a: Arcanine|Protect
|move|p1b: Kingambit|Sucker Punch||[still]
|-fail|p1b: Kingambit
|move|p1a: Dragapult|Disable||[still]
|-fail|p1a: Dragapult
|
|-weather|Snowscape|[upkeep]
|upkeep
|turn|3
|inactive|M0teM0te13 has 30 seconds left.
|inactive|sedrav has 30 seconds left.
|inactive|M0teM0te13 has 20 seconds left.
|inactive|sedrav has 20 seconds left.
|inactive|sedrav has 15 seconds left.
|
|t:|1756427298
|move|p1a: Dragapult|Dragon Darts|p2a: Arcanine
|-damage|p2a: Arcanine|22/100
|-anim|p1a: Dragapult|Dragon Darts|p2a: Arcanine
|-damage|p2a: Arcanine|0 fnt
|faint|p2a: Arcanine
|move|p2b: Ninetales|Encore|p1b: Kingambit
|-start|p1b: Kingambit|Encore
|move|p1b: Kingambit|Sucker Punch||[still]
|-fail|p1b: Kingambit
|
|-weather|Snowscape|[upkeep]
|upkeep
|
|t:|1756427308
|switch|p2a: Gholdengo|Gholdengo, L50|100/100
|turn|4
|inactive|M0teM0te13 has 30 seconds left.
|
|t:|1756427336
|switch|p1b: Volcarona|Volcarona, L50, F|100/100
|move|p1a: Dragapult|Dragon Darts|p2a: Gholdengo
|-resisted|p2a: Gholdengo
|-damage|p2a: Gholdengo|86/100
|-anim|p1a: Dragapult|Dragon Darts|p2a: Gholdengo
|-resisted|p2a: Gholdengo
|-damage|p2a: Gholdengo|72/100
|move|p2b: Ninetales|Blizzard|p1a: Dragapult|[spread] p1a,p1b
|-supereffective|p1a: Dragapult
|-crit|p1a: Dragapult
|-resisted|p1b: Volcarona
|-damage|p1a: Dragapult|0 fnt
|-damage|p1b: Volcarona|87/100
|faint|p1a: Dragapult
|move|p2a: Gholdengo|Nasty Plot|p2a: Gholdengo
|-boost|p2a: Gholdengo|spa|2
|
|-weather|Snowscape|[upkeep]
|upkeep
|
|t:|1756427351
|switch|p1a: Kingambit|Kingambit, L50, M, tera:Dark|100/100
|turn|5
|inactive|sedrav has 30 seconds left.
|
|t:|1756427377
|move|p1a: Kingambit|Sucker Punch||[still]
|-fail|p1a: Kingambit
|move|p2b: Ninetales|Aurora Veil|p2b: Ninetales
|-sidestart|p2: sedrav|move: Aurora Veil
|move|p1b: Volcarona|Quiver Dance|p1b: Volcarona
|-boost|p1b: Volcarona|spa|1
|-boost|p1b: Volcarona|spd|1
|-boost|p1b: Volcarona|spe|1
|move|p2a: Gholdengo|Nasty Plot|p2a: Gholdengo
|-boost|p2a: Gholdengo|spa|2
|
|-weather|Snowscape|[upkeep]
|upkeep
|turn|6
|
|t:|1756427401
|-terastallize|p2a: Gholdengo|Water
|move|p1a: Kingambit|Protect|p1a: Kingambit
|-singleturn|p1a: Kingambit|Protect
|move|p1b: Volcarona|Quiver Dance|p1b: Volcarona
|-boost|p1b: Volcarona|spa|1
|-boost|p1b: Volcarona|spd|1
|-boost|p1b: Volcarona|spe|1
|move|p2b: Ninetales|Blizzard|p1b: Volcarona|[spread] p1b
|-activate|p1a: Kingambit|move: Protect
|-resisted|p1b: Volcarona
|-damage|p1b: Volcarona|81/100
|move|p2a: Gholdengo|Make It Rain|p1b: Volcarona|[spread] p1b
|-activate|p1a: Kingambit|move: Protect
|-resisted|p1b: Volcarona
|-damage|p1b: Volcarona|51/100
|-unboost|p2a: Gholdengo|spa|1
|
|-weather|none
|upkeep
|turn|7
|inactive|M0teM0te13 has 30 seconds left.
|inactive|sedrav has 30 seconds left.
|
|t:|1756427430
|switch|p1a: Rillaboom|Rillaboom, L50, F|100/100
|-fieldstart|move: Grassy Terrain|[from] ability: Grassy Surge|[of] p1a: Rillaboom
|-enditem|p1b: Volcarona|Grassy Seed
|-boost|p1b: Volcarona|def|1|[from] item: Grassy Seed
|-enditem|p2a: Gholdengo|Grassy Seed
|-boost|p2a: Gholdengo|def|1|[from] item: Grassy Seed
|move|p1b: Volcarona|Giga Drain|p2a: Gholdengo
|-supereffective|p2a: Gholdengo
|-damage|p2a: Gholdengo|0 fnt
|-heal|p1b: Volcarona|87/100|[from] drain|[of] p2a: Gholdengo
|faint|p2a: Gholdengo
|move|p2b: Ninetales|Encore|p1b: Volcarona
|-start|p1b: Volcarona|Encore
|
|-heal|p1b: Volcarona|93/100|[from] Grassy Terrain
|upkeep
|
|t:|1756427443
|switch|p2a: Sneasler|Sneasler, L50, M|63/100
|turn|8
|inactive|M0teM0te13 has 30 seconds left.
|
|t:|1756427470
|move|p1a: Rillaboom|Fake Out|p2b: Ninetales
|-damage|p2b: Ninetales|86/100
|move|p1b: Volcarona|Giga Drain|p2a: Sneasler
|-resisted|p2a: Sneasler
|-damage|p2a: Sneasler|37/100
|-heal|p1b: Volcarona|100/100|[from] drain|[of] p2a: Sneasler
|cant|p2b: Ninetales|flinch
|move|p2a: Sneasler|Dire Claw|p1b: Volcarona
|-damage|p1b: Volcarona|64/100
|-status|p1b: Volcarona|psn
|-status|p2a: Sneasler|brn|[from] ability: Flame Body|[of] p1b: Volcarona
|
|-heal|p1b: Volcarona|70/100 psn|[from] Grassy Terrain
|-heal|p2b: Ninetales|92/100|[from] Grassy Terrain
|-heal|p2a: Sneasler|43/100 brn|[from] Grassy Terrain
|-damage|p1b: Volcarona|58/100 psn|[from] psn
|-damage|p2a: Sneasler|37/100 brn|[from] brn
|upkeep
|turn|9
|-message|sedrav forfeited.
|
|win|M0teM0te13
|l|☆sedrav
|player|p2|
||M0teM0te13 is ready for game 2.
|j|☆sedrav
|player|p2|sedrav|hilbert|
