|j|☆ushitsune
|j|☆Mumpho0
|html|ushitsuneMumpho0    
|uhtml|bestof|Game 1 of a best-of-3
|t:|1757661664
|gametype|doubles
|player|p1|ushitsune|steven|1136
|player|p2|Mumpho0|265|1081
|gen|9
|tier|[Gen 9] VGC 2025 Reg H (Bo3)
|rated|
|rule|Species Clause: Limit one of each Pokémon
|rule|Item Clause: Limit 1 of each item
|clearpoke
|poke|p1|Goodra, L50, F|
|poke|p1|Milotic, L50, M|
|poke|p1|Breloom, L50, F|
|poke|p1|Sableye, L50, M|
|poke|p1|Arcanine-Hisui, L50, F|
|poke|p1|Sylveon, L50, F|
|poke|p2|Indeedee, L50, M|
|poke|p2|Excadrill, L50, M|
|poke|p2|Corviknight, L50, F|
|poke|p2|Sneasler, L50, M|
|poke|p2|Magmar, L50, M|
|poke|p2|Tyranitar, L50, F|
|teampreview|4
|showteam|p1|Goodra||AssaultVest|SapSipper|DragonPulse,MuddyWater,FireBlast,SludgeBomb|||F|||50|,,,,,Water]Milotic||Leftovers|Competitive|Scald,IcyWind,Protect,Haze|||M|||50|,,,,,Dragon]Breloom||FocusSash|Technician|BulletSeed,MachPunch,Protect,Spore|||F|||50|,,,,,Stellar]Sableye||LightClay|Prankster|LightScreen,Reflect,WillOWisp,FoulPlay|||M|||50|,,,,,Normal]Arcanine-Hisui||ClearAmulet|Intimidate|RockSlide,FlareBlitz,ExtremeSpeed,Protect|||F|||50|,,,,,Grass]Sylveon||CovertCloak|Pixilate|HyperVoice,Protect,Yawn,Psyshock|||F|||50|,,,,,Fire
|showteam|p2|Indeedee||ChoiceScarf|PsychicSurge|ExpandingForce,TeraBlast,Trick,Protect|||M|||50|,,,,,Psychic]Excadrill||FocusSash|SandRush|Earthquake,IronHead,SwordsDance,Protect|||M|||50|,,,,,Ground]Corviknight||PsychicSeed|MirrorArmor|BraveBird,BulkUp,PowerTrip,Roost|||F|||50|,,,,,Water]Sneasler||WhiteHerb|Unburden|FakeOut,CloseCombat,DireClaw,Coaching|||M|||50|,,,,,Flying]Magmar||Eviolite|VitalSpirit|HeatWave,FollowMe,WillOWisp,Protect|||M|||50|,,,,,Flying]Tyranitar||AssaultVest|SandStream|RockSlide,KnockOff,LowKick,TeraBlast|||F|||50|,,,,,Flying
|
|t:|1757661723
|teamsize|p1|4
|teamsize|p2|4
|start
|switch|p1a: Sableye|Sableye, L50, M|100/100
|switch|p1b: Goodra|Goodra, L50, F|100/100
|switch|p2a: Magmar|Magmar, L50, M, shiny|100/100
|switch|p2b: Corviknight|Corviknight, L50, F, shiny|100/100
|turn|1
|
|t:|1757661744
|move|p2a: Magmar|Follow Me|p2a: Magmar
|-singleturn|p2a: Magmar|move: Follow Me
|move|p1a: Sableye|Light Screen|p1a: Sableye
|-sidestart|p1: ushitsune|move: Light Screen
|move|p1b: Goodra|Muddy Water|p2a: Magmar|[spread] p2a,p2b
|-supereffective|p2a: Magmar
|-damage|p2a: Magmar|72/100
|-damage|p2b: Corviknight|84/100
|move|p2b: Corviknight|Bulk Up|p2b: Corviknight
|-boost|p2b: Corviknight|atk|1
|-boost|p2b: Corviknight|def|1
|
|upkeep
|turn|2
|
|t:|1757661765
|move|p2a: Magmar|Follow Me|p2a: Magmar
|-singleturn|p2a: Magmar|move: Follow Me
|move|p1a: Sableye|Reflect|p1a: Sableye
|-sidestart|p1: ushitsune|Reflect
|move|p1b: Goodra|Muddy Water|p2b: Corviknight|[spread] p2b
|-miss|p1b: Goodra|p2a: Magmar
|-damage|p2b: Corviknight|66/100
|move|p2b: Corviknight|Bulk Up|p2b: Corviknight
|-boost|p2b: Corviknight|atk|1
|-boost|p2b: Corviknight|def|1
|
|upkeep
|turn|3
|
|t:|1757661779
|move|p2a: Magmar|Follow Me|p2a: Magmar
|-singleturn|p2a: Magmar|move: Follow Me
|move|p1b: Goodra|Muddy Water|p2b: Corviknight|[spread] p2a,p2b
|-supereffective|p2a: Magmar
|-damage|p2a: Magmar|42/100
|-damage|p2b: Corviknight|52/100
|-ability|p2b: Corviknight|Mirror Armor
|-unboost|p1b: Goodra|accuracy|1
|move|p2b: Corviknight|Roost|p2b: Corviknight
|-heal|p2b: Corviknight|100/100
|-singleturn|p2b: Corviknight|move: Roost
|move|p1a: Sableye|Foul Play|p2a: Magmar
|-damage|p2a: Magmar|20/100
|
|upkeep
|turn|4
|
|t:|1757661815
|move|p2a: Magmar|Protect|p2a: Magmar
|-singleturn|p2a: Magmar|Protect
|move|p1b: Goodra|Muddy Water|p2b: Corviknight|[spread] p2b
|-activate|p2a: Magmar|move: Protect
|-damage|p2b: Corviknight|85/100
|-ability|p2b: Corviknight|Mirror Armor
|-unboost|p1b: Goodra|accuracy|1
|move|p2b: Corviknight|Power Trip|p1a: Sableye
|-damage|p1a: Sableye|68/100
|move|p1a: Sableye|Foul Play|p2a: Magmar
|-activate|p2a: Magmar|move: Protect
|
|upkeep
|turn|5
|
|t:|1757661839
|switch|p1b: Arcanine|Arcanine-Hisui, L50, F|100/100
|-ability|p1b: Arcanine|Intimidate|boost
|-unboost|p2a: Magmar|atk|1
|-ability|p2b: Corviknight|Mirror Armor
|-fail|p1b: Arcanine|unboost|[from] item: Clear Amulet|[of] p1b: Arcanine
|move|p2a: Magmar|Follow Me|p2a: Magmar
|-singleturn|p2a: Magmar|move: Follow Me
|move|p2b: Corviknight|Bulk Up|p2b: Corviknight
|-boost|p2b: Corviknight|atk|1
|-boost|p2b: Corviknight|def|1
|move|p1a: Sableye|Foul Play|p2a: Magmar
|-damage|p2a: Magmar|6/100
|
|upkeep
|turn|6
|
|t:|1757661864
|-terastallize|p2b: Corviknight|Water
|move|p2a: Magmar|Follow Me|p2a: Magmar
|-singleturn|p2a: Magmar|move: Follow Me
|move|p1b: Arcanine|Rock Slide|p2a: Magmar|[spread] p2a,p2b
|-supereffective|p2a: Magmar
|-damage|p2a: Magmar|0 fnt
|-damage|p2b: Corviknight|78/100
|faint|p2a: Magmar
|move|p2b: Corviknight|Power Trip|p1b: Arcanine
|-crit|p1b: Arcanine
|-damage|p1b: Arcanine|0 fnt
|faint|p1b: Arcanine
|move|p1a: Sableye|Foul Play|p2b: Corviknight
|-damage|p2b: Corviknight|51/100
|
|upkeep
|
|t:|1757661882
|switch|p1b: Milotic|Milotic, L50, M, shiny|100/100
|switch|p2a: Sneasler|Sneasler, L50, M, shiny|100/100
|turn|7
|
|t:|1757661897
|move|p2a: Sneasler|Fake Out|p1b: Milotic
|-damage|p1b: Milotic|91/100
|move|p1a: Sableye|Will-O-Wisp|p2b: Corviknight
|-status|p2b: Corviknight|brn
|cant|p1b: Milotic|flinch
|move|p2b: Corviknight|Brave Bird|p1a: Sableye
|-damage|p1a: Sableye|29/100
|-damage|p2b: Corviknight|41/100 brn|[from] Recoil
|
|-heal|p1b: Milotic|97/100|[from] item: Leftovers
|-damage|p2b: Corviknight|36/100 brn|[from] brn
|upkeep
|turn|8
|
|t:|1757661926
|move|p2a: Sneasler|Dire Claw|p1b: Milotic
|-damage|p1b: Milotic|70/100
|move|p1b: Milotic|Haze|p1b: Milotic
|-clearallboost
|move|p2b: Corviknight|Power Trip|p1a: Sableye
|-damage|p1a: Sableye|27/100
|move|p1a: Sableye|Foul Play|p2a: Sneasler
|-resisted|p2a: Sneasler
|-damage|p2a: Sneasler|56/100
|
|-heal|p1b: Milotic|76/100|[from] item: Leftovers
|-damage|p2b: Corviknight|30/100 brn|[from] brn
|-sideend|p1: ushitsune|move: Light Screen
|upkeep
|turn|9
|
|t:|1757661947
|move|p1a: Sableye|Will-O-Wisp|p2a: Sneasler
|-status|p2a: Sneasler|brn
|move|p2a: Sneasler|Dire Claw|p1b: Milotic
|-damage|p1b: Milotic|62/100
|-status|p1b: Milotic|psn
|move|p1b: Milotic|Icy Wind|p2b: Corviknight|[spread] p2a,p2b
|-resisted|p2b: Corviknight
|-damage|p2a: Sneasler|42/100 brn
|-damage|p2b: Corviknight|26/100 brn
|-unboost|p2a: Sneasler|spe|1
|-ability|p2b: Corviknight|Mirror Armor
|-unboost|p1b: Milotic|spe|1
|-ability|p1b: Milotic|Competitive|boost
|-boost|p1b: Milotic|spa|2
|-enditem|p2a: Sneasler|White Herb
|-clearnegativeboost|p2a: Sneasler|[silent]
|move|p2b: Corviknight|Brave Bird|p1a: Sableye
|-damage|p1a: Sableye|11/100
|-damage|p2b: Corviknight|22/100 brn|[from] Recoil
|
|-heal|p1b: Milotic|68/100 psn|[from] item: Leftovers
|-damage|p1b: Milotic|56/100 psn|[from] psn
|-damage|p2a: Sneasler|36/100 brn|[from] brn
|-damage|p2b: Corviknight|17/100 brn|[from] brn
|-sideend|p1: ushitsune|Reflect
|upkeep
|turn|10
|
|t:|1757661976
|move|p1a: Sableye|Light Screen|p1a: Sableye
|-sidestart|p1: ushitsune|move: Light Screen
|move|p2a: Sneasler|Close Combat|p1b: Milotic
|-damage|p1b: Milotic|26/100 psn
|-unboost|p2a: Sneasler|def|1
|-unboost|p2a: Sneasler|spd|1
|move|p2b: Corviknight|Brave Bird|p1a: Sableye
|-damage|p1a: Sableye|0 fnt
|faint|p1a: Sableye
|-damage|p2b: Corviknight|14/100 brn|[from] Recoil
|move|p1b: Milotic|Scald|p2a: Sneasler
|-damage|p2a: Sneasler|0 fnt
|faint|p2a: Sneasler
|
|-heal|p1b: Milotic|32/100 psn|[from] item: Leftovers
|-damage|p1b: Milotic|20/100 psn|[from] psn
|-damage|p2b: Corviknight|8/100 brn|[from] brn
|upkeep
|
|t:|1757661993
|switch|p2a: Tyranitar|Tyranitar, L50, F, shiny|100/100
|switch|p1a: Goodra|Goodra, L50, F|100/100
|-weather|Sandstorm|[from] ability: Sand Stream|[of] p2a: Tyranitar
|turn|11
|
|t:|1757662007
|-terastallize|p1a: Goodra|Water
|move|p1a: Goodra|Muddy Water|p2b: Corviknight|[spread] p2a,p2b
|-supereffective|p2a: Tyranitar
|-resisted|p2b: Corviknight
|-damage|p2a: Tyranitar|74/100
|-damage|p2b: Corviknight|0 fnt
|faint|p2b: Corviknight
|move|p2a: Tyranitar|Rock Slide|p1a: Goodra|[spread] p1a,p1b
|-damage|p1a: Goodra|66/100
|-damage|p1b: Milotic|0 fnt
|faint|p1b: Milotic
|
|-weather|Sandstorm|[upkeep]
|-damage|p1a: Goodra|60/100|[from] Sandstorm
|upkeep
|turn|12
|
|t:|1757662036
|move|p1a: Goodra|Muddy Water|p2a: Tyranitar
|-supereffective|p2a: Tyranitar
|-damage|p2a: Tyranitar|36/100
|move|p2a: Tyranitar|Low Kick|p1a: Goodra
|-damage|p1a: Goodra|17/100
|
|-weather|Sandstorm|[upkeep]
|-damage|p1a: Goodra|11/100|[from] Sandstorm
|upkeep
|turn|13
|
|t:|1757662045
|move|p1a: Goodra|Muddy Water|p2a: Tyranitar
|-supereffective|p2a: Tyranitar
|-damage|p2a: Tyranitar|0 fnt
|faint|p2a: Tyranitar
|
|win|ushitsune
||ushitsune is ready for game 2.
||Mumpho0 is ready for game 2.
|uhtml|next|Next: Game 2 of 3
|l|☆Mumpho0
|player|p2|
|l|☆ushitsune
|player|p1|
