|j|☆rbklmao
|j|☆ToastedArt
|html|rbklmaoToastedArt    
|uhtml|bestof|Game 3 of a best-of-3
|t:|1785633867
|gametype|doubles
|player|p1|rbklmao|169|1000
|player|p2|ToastedArt|iris|1050
|gen|9
|tier|[Gen 9 Champions] VGC 2026 Reg M-B (Bo3)
|rated|
|rule|Species Clause: Limit one of each Pokémon
|rule|Item Clause: Limit 1 of each item
|clearpoke
|poke|p1|Kingambit, L50, M, shiny|
|poke|p1|Glimmora, L50, M|
|poke|p1|Whimsicott, L50, M, shiny|
|poke|p1|Delphox, L50, F|
|poke|p1|Garchomp, L50, F|
|poke|p1|Staraptor, L50, M, shiny|
|poke|p2|Sneasler, L50, F|
|poke|p2|Incineroar, L50, M|
|poke|p2|Sinistcha, L50|
|poke|p2|Floette-Eternal, L50, F|
|poke|p2|Blastoise, L50, M|
|poke|p2|Kingambit, L50, F|
|teampreview|4
|showteam|p1|Kingambit||ChopleBerry|Defiant|SuckerPunch,KowtowCleave,IronHead,LowKick|Adamant||M|||50|]Glimmora||FocusSash|ToxicDebris|SludgeBomb,PowerGem,EarthPower,SpikyShield|Jolly||M|||50|]Whimsicott||OccaBerry|Prankster|Moonblast,Tailwind,Charm,LightScreen|Timid||M|||50|]Delphox||Delphoxite|Blaze|HeatWave,Psychic,Substitute,Protect|Timid||F|||50|]Garchomp||LifeOrb|RoughSkin|DragonClaw,Earthquake,RockSlide,Protect|Jolly||F|||50|]Staraptor||Staraptite|Intimidate|CloseCombat,BraveBird,Roost,Protect|Jolly||M|||50|
|showteam|p2|Sneasler||FocusSash|PoisonTouch|CloseCombat,PoisonJab,FakeOut,QuickGuard|Jolly||F|||50|]Incineroar||SitrusBerry|Intimidate|FlareBlitz,DarkestLariat,PartingShot,FakeOut|Impish||M|||50|]Sinistcha||KasibBerry|Hospitality|MatchaGotcha,RagePowder,TrickRoom,Protect|Relaxed|||||50|]Floette-Eternal||Floettite|FlowerVeil|DazzlingGleam,DrainingKiss,CalmMind,Protect|Modest||F|||50|]Blastoise||Blastoisinite|Torrent|WaterSpout,DarkPulse,ShellSmash,Protect|Modest||M|||50|]Kingambit||BlackGlasses|Defiant|KowtowCleave,SuckerPunch,SwordsDance,Protect|Adamant||F|||50|
|inactive|Battle timer is ON: inactive players will automatically lose when time's up. (requested by ToastedArt)
|inactive|rbklmao has 60 seconds left.
|
|t:|1785633915
|teamsize|p1|4
|teamsize|p2|4
|start
|switch|p1a: Staraptor|Staraptor, L50, M, shiny|100/100
|switch|p1b: Whimsicott|Whimsicott, L50, M, shiny|100/100
|switch|p2a: Incineroar|Incineroar, L50, M|100/100
|switch|p2b: Sneasler|Sneasler, L50, F|100/100
|-ability|p1a: Staraptor|Intimidate|boost
|-unboost|p2a: Incineroar|atk|1
|-unboost|p2b: Sneasler|atk|1
|-ability|p2a: Incineroar|Intimidate|boost
|-unboost|p1a: Staraptor|atk|1
|-unboost|p1b: Whimsicott|atk|1
|turn|1
|inactive|ToastedArt has 30 seconds left.
|
|t:|1785633948
|switch|p1b: Kingambit|Kingambit, L50, M, shiny|100/100
|switch|p1a: Garchomp|Garchomp, L50, F|100/100
|move|p2a: Incineroar|Fake Out|p1a: Garchomp
|-damage|p1a: Garchomp|91/100
|-damage|p2a: Incineroar|87/100|[from] ability: Rough Skin|[of] p1a: Garchomp
|move|p2b: Sneasler|Poison Jab|p1b: Kingambit
|-immune|p1b: Kingambit
|
|upkeep
|turn|2
|
|t:|1785633962
|switch|p2a: Sinistcha|Sinistcha, L50|100/100
|switch|p1b: Staraptor|Staraptor, L50, M, shiny|100/100
|-ability|p1b: Staraptor|Intimidate|boost
|-unboost|p2a: Sinistcha|atk|1
|-unboost|p2b: Sneasler|atk|1
|move|p2b: Sneasler|Close Combat|p1b: Staraptor
|-crit|p1b: Staraptor
|-damage|p1b: Staraptor|0 fnt
|-unboost|p2b: Sneasler|def|1
|-unboost|p2b: Sneasler|spd|1
|faint|p1b: Staraptor
|move|p1a: Garchomp|Earthquake|p2b: Sneasler|[spread] p2a,p2b
|-resisted|p2a: Sinistcha|1
|-supereffective|p2b: Sneasler|1
|-damage|p2a: Sinistcha|78/100
|-enditem|p2b: Sneasler|Focus Sash
|-damage|p2b: Sneasler|1/100
|-damage|p1a: Garchomp|82/100|[from] item: Life Orb
|
|upkeep
|
|t:|1785633976
|switch|p1b: Whimsicott|Whimsicott, L50, M, shiny|100/100
|turn|3
|
|t:|1785633991
|move|p2a: Sinistcha|Rage Powder|p2a: Sinistcha
|-singleturn|p2a: Sinistcha|move: Rage Powder
|move|p1b: Whimsicott|Tailwind|p1b: Whimsicott
|-sidestart|p1: rbklmao|move: Tailwind
|move|p1a: Garchomp|Rock Slide|p2b: Sneasler|[spread] p2a,p2b
|-resisted|p2b: Sneasler|1
|-damage|p2a: Sinistcha|58/100
|-damage|p2b: Sneasler|0 fnt
|faint|p2b: Sneasler
|-damage|p1a: Garchomp|72/100|[from] item: Life Orb
|
|upkeep
|
|t:|1785633997
|switch|p2b: Blastoise|Blastoise, L50, M|100/100
|turn|4
|
|t:|1785634021
|switch|p2a: Incineroar|Incineroar, L50, M|87/100
|-ability|p2a: Incineroar|Intimidate|boost
|-unboost|p1a: Garchomp|atk|1
|-unboost|p1b: Whimsicott|atk|1
|detailschange|p2b: Blastoise|Blastoise-Mega, L50, M
|-mega|p2b: Blastoise|Blastoise|Blastoisinite
|move|p1b: Whimsicott|Light Screen|p1b: Whimsicott
|-sidestart|p1: rbklmao|move: Light Screen
|move|p1a: Garchomp|Rock Slide|p2a: Incineroar|[spread] p2b
|-miss|p1a: Garchomp|p2a: Incineroar
|-damage|p2b: Blastoise|83/100
|-damage|p1a: Garchomp|62/100|[from] item: Life Orb
|cant|p2b: Blastoise|flinch
|
|upkeep
|turn|5
|
|t:|1785634045
|move|p1a: Garchomp|Protect|p1a: Garchomp
|-singleturn|p1a: Garchomp|Protect
|move|p2a: Incineroar|Fake Out|p1a: Garchomp
|-activate|p1a: Garchomp|move: Protect
|move|p1b: Whimsicott|Moonblast|p2b: Blastoise
|-damage|p2b: Blastoise|51/100
|-unboost|p2b: Blastoise|spa|1
|move|p2b: Blastoise|Shell Smash|p2b: Blastoise
|-unboost|p2b: Blastoise|def|1
|-unboost|p2b: Blastoise|spd|1
|-boost|p2b: Blastoise|atk|2
|-boost|p2b: Blastoise|spa|2
|-boost|p2b: Blastoise|spe|2
|
|upkeep
|turn|6
|
|t:|1785634060
|switch|p2a: Sinistcha|Sinistcha, L50|58/100
|-heal|p2b: Blastoise|76/100|[from] ability: Hospitality|[of] p2a: Sinistcha
|move|p2b: Blastoise|Protect|p2b: Blastoise
|-singleturn|p2b: Blastoise|Protect
|move|p1b: Whimsicott|Charm|p2a: Sinistcha
|-unboost|p2a: Sinistcha|atk|2
|move|p1a: Garchomp|Earthquake|p2a: Sinistcha|[spread] p1b,p2a
|-activate|p2b: Blastoise|move: Protect
|-resisted|p1b: Whimsicott|1
|-resisted|p2a: Sinistcha|1
|-damage|p1b: Whimsicott|80/100
|-damage|p2a: Sinistcha|44/100
|-damage|p1a: Garchomp|52/100|[from] item: Life Orb
|
|-sideend|p1: rbklmao|move: Tailwind
|upkeep
|turn|7
|
|t:|1785634075
|move|p2a: Sinistcha|Rage Powder|p2a: Sinistcha
|-singleturn|p2a: Sinistcha|move: Rage Powder
|move|p1b: Whimsicott|Tailwind|p1b: Whimsicott
|-sidestart|p1: rbklmao|move: Tailwind
|move|p1a: Garchomp|Earthquake|p2a: Sinistcha|[spread] p1b,p2a,p2b
|-resisted|p1b: Whimsicott|1
|-resisted|p2a: Sinistcha|1
|-damage|p1b: Whimsicott|57/100
|-damage|p2a: Sinistcha|30/100
|-damage|p2b: Blastoise|25/100
|-damage|p1a: Garchomp|43/100|[from] item: Life Orb
|move|p2b: Blastoise|Water Spout|p1b: Whimsicott|[spread] p1a,p1b
|-resisted|p1b: Whimsicott|1
|-damage|p1a: Garchomp|25/100
|-damage|p1b: Whimsicott|44/100
|
|upkeep
|turn|8
|
|t:|1785634094
|switch|p2a: Incineroar|Incineroar, L50, M|87/100
|-ability|p2a: Incineroar|Intimidate|boost
|-unboost|p1a: Garchomp|atk|1
|-unboost|p1b: Whimsicott|atk|1
|move|p2b: Blastoise|Protect|p2b: Blastoise
|-singleturn|p2b: Blastoise|Protect
|move|p1b: Whimsicott|Moonblast|p2a: Incineroar
|-damage|p2a: Incineroar|60/100
|move|p1a: Garchomp|Rock Slide|p2b: Blastoise|[spread] p2a
|-activate|p2b: Blastoise|move: Protect
|-supereffective|p2a: Incineroar|1
|-crit|p2a: Incineroar
|-damage|p2a: Incineroar|6/100
|-enditem|p2a: Incineroar|Sitrus Berry|[eat]
|-heal|p2a: Incineroar|31/100|[from] item: Sitrus Berry
|-damage|p1a: Garchomp|16/100|[from] item: Life Orb
|
|-sideend|p1: rbklmao|move: Light Screen
|upkeep
|turn|9
|inactive|ToastedArt has 30 seconds left.
|
|t:|1785634120
|move|p1a: Garchomp|Protect|p1a: Garchomp
|-singleturn|p1a: Garchomp|Protect
|move|p2a: Incineroar|Fake Out|p1b: Whimsicott
|-damage|p1b: Whimsicott|31/100
|cant|p1b: Whimsicott|flinch
|move|p2b: Blastoise|Dark Pulse|p1a: Garchomp
|-activate|p1a: Garchomp|move: Protect
|
|upkeep
|turn|10
|
|t:|1785634139
|switch|p2a: Sinistcha|Sinistcha, L50|30/100
|-heal|p2b: Blastoise|50/100y|[from] ability: Hospitality|[of] p2a: Sinistcha
|move|p2b: Blastoise|Protect|p2b: Blastoise
|-singleturn|p2b: Blastoise|Protect
|move|p1b: Whimsicott|Moonblast|p2a: Sinistcha
|-damage|p2a: Sinistcha|3/100
|move|p1a: Garchomp|Earthquake|p2a: Sinistcha|[spread] p1b,p2a
|-activate|p2b: Blastoise|move: Protect
|-resisted|p1b: Whimsicott|1
|-resisted|p2a: Sinistcha|1
|-damage|p1b: Whimsicott|16/100
|-damage|p2a: Sinistcha|0 fnt
|faint|p2a: Sinistcha
|-damage|p1a: Garchomp|6/100|[from] item: Life Orb
|
|-sideend|p1: rbklmao|move: Tailwind
|upkeep
|
|t:|1785634163
|switch|p2a: Incineroar|Incineroar, L50, M|31/100
|-ability|p2a: Incineroar|Intimidate|boost
|-unboost|p1a: Garchomp|atk|1
|-unboost|p1b: Whimsicott|atk|1
|turn|11
|
|t:|1785634176
|move|p2a: Incineroar|Fake Out|p1b: Whimsicott
|-damage|p1b: Whimsicott|4/100
|cant|p1b: Whimsicott|flinch
|move|p2b: Blastoise|Shell Smash|p2b: Blastoise
|-unboost|p2b: Blastoise|def|1
|-unboost|p2b: Blastoise|spd|1
|-boost|p2b: Blastoise|atk|2
|-boost|p2b: Blastoise|spa|2
|-boost|p2b: Blastoise|spe|2
|move|p1a: Garchomp|Earthquake|p2b: Blastoise|[spread] p1b,p2a,p2b
|-resisted|p1b: Whimsicott|1
|-supereffective|p2a: Incineroar|1
|-damage|p1b: Whimsicott|0 fnt
|-damage|p2a: Incineroar|3/100
|-damage|p2b: Blastoise|11/100
|faint|p1b: Whimsicott
|-damage|p1a: Garchomp|0 fnt|[from] item: Life Orb
|faint|p1a: Garchomp
|
|upkeep
|
|t:|1785634188
|switch|p1b: Kingambit|Kingambit, L50, M, shiny|100/100
|turn|12
|
|t:|1785634200
|move|p1b: Kingambit|Sucker Punch|p2b: Blastoise
|-damage|p2b: Blastoise|0 fnt
|faint|p2b: Blastoise
|move|p2a: Incineroar|Flare Blitz|p1b: Kingambit
|-supereffective|p1b: Kingambit|1
|-damage|p1b: Kingambit|27/100
|-status|p1b: Kingambit|brn
|-damage|p2a: Incineroar|0 fnt|[from] Recoil
|faint|p2a: Incineroar
|
|win|rbklmao
|raw|rbklmao's rating: 1000 → 1046(+46 for winning)
|raw|ToastedArt's rating: 1050 → 1030(-20 for losing)
