|j|☆follacaballo
|j|☆JuanGuerrero09
|html|follacaballoJuanGuerrero09    
|uhtml|bestof|Game 2 of a best-of-3
|t:|1757003183
|gametype|doubles
|player|p1|follacaballo|2|1000
|player|p2|JuanGuerrero09|1|1040
|gen|9
|tier|[Gen 9] VGC 2025 Reg H (Bo3)
|rated|
|rule|Species Clause: Limit one of each Pokémon
|rule|Item Clause: Limit 1 of each item
|clearpoke
|poke|p1|Dragonite, L50, M|
|poke|p1|Rillaboom, L50, M|
|poke|p1|Palafin, L50, M|
|poke|p1|Talonflame, L50, M|
|poke|p1|Incineroar, L50, F|
|poke|p1|Amoonguss, L50, M|
|poke|p2|Sneasler, L50, M|
|poke|p2|Indeedee, L50, M|
|poke|p2|Tyranitar, L50, M|
|poke|p2|Excadrill, L50, M|
|poke|p2|Gholdengo, L50|
|poke|p2|Incineroar, L50, M|
|teampreview|4
|showteam|p1|Dragonite||LifeOrb|Multiscale|ExtremeSpeed,Earthquake,DragonDance,Protect|||M|||50|,,,,,Normal]Rillaboom||AssaultVest|GrassySurge|GrassyGlide,FakeOut,KnockOff,WoodHammer|||M|||50|,,,,,Fire]Palafin||MysticWater|ZerotoHero|FlipTurn,CloseCombat,WaveCrash,Protect|||M|||50|,,,,,Water]Talonflame||CovertCloak|GaleWings|Tailwind,BraveBird,FlareBlitz,Protect|||M|||50|,,,,,Ghost]Incineroar||SafetyGoggles|Intimidate|FakeOut,KnockOff,PartingShot,FlareBlitz|||F|||50|,,,,,Grass]Amoonguss||RockyHelmet|Regenerator|Spore,RagePowder,PollenPuff,Protect|||M|||50|,,,,,Water
|showteam|p2|Sneasler||WhiteHerb|Unburden|CloseCombat,DireClaw,FakeOut,Protect|||M|||50|,,,,,Dark]Indeedee||ChoiceScarf|PsychicSurge|ExpandingForce,TeraBlast,Trick,Protect|||M|||50|,,,,,Fire]Tyranitar||AssaultVest|SandStream|RockSlide,KnockOff,TeraBlast,LowKick|||M|||50|,,,,,Flying]Excadrill||FocusSash|SandRush|HighHorsepower,Earthquake,IronHead,Protect|||M|||50|,,,,,Ground]Gholdengo||MetalCoat|GoodasGold|ShadowBall,Protect,MakeItRain,NastyPlot||||||50|,,,,,Water]Incineroar||SafetyGoggles|Intimidate|FakeOut,KnockOff,FlareBlitz,PartingShot|||M|||50|,,,,,Ghost
|
|t:|1757003220
|teamsize|p1|4
|teamsize|p2|4
|start
|switch|p1a: kaiser|Rillaboom, L50, M|100/100
|switch|p1b: nine|Amoonguss, L50, M, shiny|100/100
|switch|p2a: Tyranitar|Tyranitar, L50, M|100/100
|switch|p2b: Incineroar|Incineroar, L50, M|100/100
|-fieldstart|move: Grassy Terrain|[from] ability: Grassy Surge|[of] p1a: kaiser
|-ability|p2b: Incineroar|Intimidate|boost
|-unboost|p1a: kaiser|atk|1
|-unboost|p1b: nine|atk|1
|-weather|Sandstorm|[from] ability: Sand Stream|[of] p2a: Tyranitar
|turn|1
|
|t:|1757003245
|-terastallize|p2a: Tyranitar|Flying
|move|p1a: kaiser|Fake Out|p2b: Incineroar
|-damage|p2b: Incineroar|93/100
|cant|p2b: Incineroar|flinch
|move|p2a: Tyranitar|Tera Blast|p1a: kaiser|[anim] Tera Blast Flying
|-supereffective|p1a: kaiser
|-damage|p1a: kaiser|2/100
|move|p1b: nine|Spore|p2a: Tyranitar
|-status|p2a: Tyranitar|slp|[from] move: Spore
|
|-weather|Sandstorm|[upkeep]
|-damage|p1a: kaiser|0 fnt|[from] Sandstorm
|-damage|p2a: Tyranitar|95/100 slp|[from] Sandstorm
|-damage|p1b: nine|95/100|[from] Sandstorm
|faint|p1a: kaiser
|-heal|p2b: Incineroar|99/100|[from] Grassy Terrain
|-heal|p1b: nine|100/100|[from] Grassy Terrain
|upkeep
|
|t:|1757003260
|switch|p1a: marcus|Incineroar, L50, F|100/100
|-ability|p1a: marcus|Intimidate|boost
|-unboost|p2a: Tyranitar|atk|1
|-unboost|p2b: Incineroar|atk|1
|turn|2
|
|t:|1757003303
|-terastallize|p1b: nine|Water
|move|p1a: marcus|Flare Blitz|p2a: Tyranitar
|-damage|p2a: Tyranitar|53/100 slp
|-damage|p1a: marcus|86/100|[from] Recoil
|move|p2b: Incineroar|Flare Blitz|p1b: nine
|-resisted|p1b: nine
|-damage|p1b: nine|87/100
|-damage|p2b: Incineroar|82/100|[from] item: Rocky Helmet|[of] p1b: nine
|-damage|p2b: Incineroar|77/100|[from] Recoil
|cant|p2a: Tyranitar|slp
|move|p1b: nine|Pollen Puff|p2a: Tyranitar
|-resisted|p2a: Tyranitar
|-damage|p2a: Tyranitar|47/100 slp
|
|-weather|Sandstorm|[upkeep]
|-damage|p2a: Tyranitar|41/100 slp|[from] Sandstorm
|-damage|p1b: nine|81/100|[from] Sandstorm
|-heal|p2b: Incineroar|83/100|[from] Grassy Terrain
|-heal|p1a: marcus|92/100|[from] Grassy Terrain
|-heal|p1b: nine|87/100|[from] Grassy Terrain
|upkeep
|turn|3
|
|t:|1757003338
|move|p1b: nine|Protect|p1b: nine
|-singleturn|p1b: nine|Protect
|move|p2b: Incineroar|Knock Off|p1b: nine
|-activate|p1b: nine|move: Protect
|move|p1a: marcus|Flare Blitz|p2a: Tyranitar
|-damage|p2a: Tyranitar|0 fnt
|faint|p2a: Tyranitar
|-damage|p1a: marcus|78/100|[from] Recoil
|
|-weather|Sandstorm|[upkeep]
|-damage|p1b: nine|81/100|[from] Sandstorm
|-heal|p1a: marcus|84/100|[from] Grassy Terrain
|-heal|p2b: Incineroar|89/100|[from] Grassy Terrain
|-heal|p1b: nine|87/100|[from] Grassy Terrain
|upkeep
|
|t:|1757003356
|switch|p2a: Excadrill|Excadrill, L50, M|100/100
|turn|4
|
|t:|1757003381
|move|p2a: Excadrill|High Horsepower|p1b: nine
|-damage|p1b: nine|43/100
|-damage|p2a: Excadrill|84/100|[from] item: Rocky Helmet|[of] p1b: nine
|move|p1a: marcus|Parting Shot|p2a: Excadrill
|-unboost|p2a: Excadrill|atk|1
|-unboost|p2a: Excadrill|spa|1
|
|t:|1757003388
|switch|p1a: croto|Dragonite, L50, M|100/100|[from] Parting Shot
|move|p2b: Incineroar|Parting Shot|p1a: croto
|-unboost|p1a: croto|atk|1
|-unboost|p1a: croto|spa|1
|
|t:|1757003394
|switch|p2b: Sneasler|Sneasler, L50, M|100/100|[from] Parting Shot
|move|p1b: nine|Spore|p2a: Excadrill
|-status|p2a: Excadrill|slp|[from] move: Spore
|
|-weather|Sandstorm|[upkeep]
|-damage|p2b: Sneasler|95/100|[from] Sandstorm
|-damage|p1a: croto|94/100|[from] Sandstorm
|-damage|p1b: nine|37/100|[from] Sandstorm
|-heal|p2a: Excadrill|90/100 slp|[from] Grassy Terrain
|-heal|p2b: Sneasler|100/100|[from] Grassy Terrain
|-heal|p1b: nine|43/100|[from] Grassy Terrain
|upkeep
|turn|5
|
|t:|1757003429
|switch|p2a: Incineroar|Incineroar, L50, M|89/100
|-ability|p2a: Incineroar|Intimidate|boost
|-unboost|p1a: croto|atk|1
|-unboost|p1b: nine|atk|1
|move|p2b: Sneasler|Close Combat|p1b: nine
|-damage|p1b: nine|0 fnt
|-unboost|p2b: Sneasler|def|1
|-unboost|p2b: Sneasler|spd|1
|-damage|p2b: Sneasler|84/100|[from] item: Rocky Helmet|[of] p1b: nine
|faint|p1b: nine
|-enditem|p2b: Sneasler|White Herb
|-clearnegativeboost|p2b: Sneasler|[silent]
|move|p1a: croto|Dragon Dance|p1a: croto
|-boost|p1a: croto|atk|1
|-boost|p1a: croto|spe|1
|
|-weather|none
|-heal|p2b: Sneasler|90/100|[from] Grassy Terrain
|-heal|p2a: Incineroar|95/100|[from] Grassy Terrain
|-fieldend|move: Grassy Terrain
|upkeep
|
|t:|1757003446
|switch|p1b: marcus|Incineroar, L50, F|84/100
|-ability|p1b: marcus|Intimidate|boost
|-unboost|p2a: Incineroar|atk|1
|-unboost|p2b: Sneasler|atk|1
|turn|6
|
|t:|1757003462
|move|p2b: Sneasler|Protect|p2b: Sneasler
|-singleturn|p2b: Sneasler|Protect
|move|p1b: marcus|Fake Out|p2b: Sneasler
|-activate|p2b: Sneasler|move: Protect
|move|p2a: Incineroar|Fake Out|p1a: croto
|-damage|p1a: croto|86/100
|cant|p1a: croto|flinch
|
|upkeep
|turn|7
|
|t:|1757003479
|move|p2b: Sneasler|Close Combat|p1b: marcus
|-supereffective|p1b: marcus
|-damage|p1b: marcus|0 fnt
|-unboost|p2b: Sneasler|def|1
|-unboost|p2b: Sneasler|spd|1
|faint|p1b: marcus
|move|p1a: croto|Dragon Dance|p1a: croto
|-boost|p1a: croto|atk|1
|-boost|p1a: croto|spe|1
|move|p2a: Incineroar|Knock Off|p1a: croto
|-damage|p1a: croto|57/100
|-enditem|p1a: croto|Life Orb|[from] move: Knock Off|[of] p2a: Incineroar
|
|upkeep
|turn|8
|
|t:|1757003514
|switch|p2a: Excadrill|Excadrill, L50, M|90/100 slp
|move|p2b: Sneasler|Dire Claw|p1a: croto
|-damage|p1a: croto|25/100
|move|p1a: croto|Earthquake|p2a: Excadrill|[spread] p2a,p2b
|-supereffective|p2a: Excadrill
|-supereffective|p2b: Sneasler
|-damage|p2a: Excadrill|4/100 slp
|-damage|p2b: Sneasler|0 fnt
|faint|p2b: Sneasler
|
|upkeep
|
|t:|1757003524
|switch|p2b: Incineroar|Incineroar, L50, M|95/100
|-ability|p2b: Incineroar|Intimidate|boost
|-unboost|p1a: croto|atk|1
|turn|9
|inactive|Battle timer is ON: inactive players will automatically lose when time's up. (requested by JuanGuerrero09)
|
|t:|1757003555
|move|p2b: Incineroar|Fake Out|p1a: croto
|-damage|p1a: croto|11/100
|cant|p1a: croto|flinch
|cant|p2a: Excadrill|slp
|
|upkeep
|turn|10
|
|t:|1757003567
|move|p1a: croto|Earthquake|p2b: Incineroar|[spread] p2a,p2b
|-supereffective|p2a: Excadrill
|-supereffective|p2b: Incineroar
|-damage|p2a: Excadrill|0 fnt
|-damage|p2b: Incineroar|61/100
|faint|p2a: Excadrill
|move|p2b: Incineroar|Flare Blitz|p1a: croto
|-resisted|p1a: croto
|-damage|p1a: croto|0 fnt
|faint|p1a: croto
|-damage|p2b: Incineroar|58/100|[from] Recoil
|
|win|JuanGuerrero09
|raw|follacaballo's rating: 1000 → 1000(+0 for losing)
|raw|JuanGuerrero09's rating: 1040 → 1070(+30 for winning)
