|j|☆SneakerHead44
|j|☆ZyndrickLamar
|html|SneakerHead44ZyndrickLamar    
|uhtml|bestof|Game 2 of a best-of-3
|t:|1784606056
|gametype|doubles
|player|p1|SneakerHead44|rood|
|player|p2|ZyndrickLamar|gentleman-gen4dp|
|gen|9
|tier|[Gen 9 Champions] VGC 2026 Reg M-B (Bo3)
|rule|Species Clause: Limit one of each Pokémon
|rule|Item Clause: Limit 1 of each item
|clearpoke
|poke|p1|Charizard, L50, F, shiny|
|poke|p1|Garchomp, L50, M|
|poke|p1|Incineroar, L50, M|
|poke|p1|Sylveon, L50, F, shiny|
|poke|p1|Aerodactyl, L50, M|
|poke|p1|Farigiraf, L50, F|
|poke|p2|Venusaur, L50, F|
|poke|p2|Grimmsnarl, L50, M|
|poke|p2|Altaria, L50, F|
|poke|p2|Milotic, L50, F|
|poke|p2|Ceruledge, L50, M|
|poke|p2|Raichu, L50, M|
|teampreview|4
|showteam|p1|Charizard||CharizarditeY|Blaze|HeatWave,WeatherBall,SolarBeam,Protect|Modest||F|||50|]Garchomp||LifeOrb|RoughSkin|Earthquake,StompingTantrum,DragonClaw,Protect|Jolly||M|||50|]Incineroar||SitrusBerry|Intimidate|FakeOut,FlareBlitz,ThroatChop,PartingShot|Careful||M|||50|]Sylveon||FairyFeather|Pixilate|HyperVoice,QuickAttack,Moonblast,Detect|Modest||F|||50|]Aerodactyl||FocusSash|Unnerve|RockSlide,Protect,Tailwind,WideGuard|Jolly||M|||50|]Farigiraf||ColburBerry|ArmorTail|TwinBeam,Thunderbolt,TrickRoom,HelpingHand|Relaxed||F|||50|
|showteam|p2|Venusaur||Venusaurite|Chlorophyll|GigaDrain,EarthPower,SludgeBomb,Protect|Modest||F|||50|]Grimmsnarl||LightClay|Prankster|SpiritBreak,Reflect,LightScreen,PartingShot|Bold||M|||50|]Altaria||RoseliBerry|CloudNine|BraveBird,Roost,WillOWisp,Tailwind|Calm||F|||50|]Milotic||Leftovers|Competitive|MuddyWater,Coil,Hypnosis,Recover|Calm||F|||50|]Ceruledge||ColburBerry|FlashFire|Protect,BulkUp,BitterBlade,ShadowSneak|Adamant||M|||50|]Raichu||RaichuniteY|Static|Protect,FakeOut,ZapCannon,FocusBlast|Timid||M|||50|
|l|☆ZyndrickLamar
|player|p2|
|j|☆ZyndrickLamar
|player|p2|ZyndrickLamar|gentleman-gen4dp|
|
|t:|1784606134
|teamsize|p1|4
|teamsize|p2|4
|start
|switch|p1a: Pumas|Aerodactyl, L50, M|100/100
|switch|p1b: Hokas|Sylveon, L50, F, shiny|100/100
|switch|p2a: Milotic|Milotic, L50, F|100/100
|switch|p2b: Raichu|Raichu, L50, M|100/100
|-ability|p1a: Pumas|Unnerve
|turn|1
|
|t:|1784606161
|move|p2b: Raichu|Fake Out|p1a: Pumas
|-resisted|p1a: Pumas|1
|-damage|p1a: Pumas|94/100
|cant|p1a: Pumas|flinch
|move|p2a: Milotic|Coil|p2a: Milotic
|-boost|p2a: Milotic|atk|1
|-boost|p2a: Milotic|def|1
|-boost|p2a: Milotic|accuracy|1
|move|p1b: Hokas|Hyper Voice|p2a: Milotic|[spread] p2a,p2b
|-damage|p2a: Milotic|73/100
|-damage|p2b: Raichu|41/100
|
|-heal|p2a: Milotic|79/100|[from] item: Leftovers
|upkeep
|turn|2
|
|t:|1784606188
|detailschange|p2b: Raichu|Raichu-Mega-Y, L50, M
|-mega|p2b: Raichu|Raichu|Raichunite Y
|move|p1a: Pumas|Tailwind|p1a: Pumas
|-sidestart|p1: SneakerHead44|move: Tailwind
|move|p1b: Hokas|Hyper Voice|p2a: Milotic|[spread] p2a,p2b
|-damage|p2a: Milotic|53/100
|-damage|p2b: Raichu|0 fnt
|faint|p2b: Raichu
|move|p2a: Milotic|Muddy Water|p1b: Hokas|[spread] p1a,p1b
|-supereffective|p1a: Pumas|1
|-damage|p1a: Pumas|28/100
|-damage|p1b: Hokas|79/100
|-unboost|p1b: Hokas|accuracy|1
|
|-heal|p2a: Milotic|59/100|[from] item: Leftovers
|upkeep
|
|t:|1784606196
|switch|p2b: Venusaur|Venusaur, L50, F|100/100
|turn|3
|
|t:|1784606214
|move|p1a: Pumas|Rock Slide|p2a: Milotic|[spread] p2a,p2b
|-damage|p2a: Milotic|44/100
|-damage|p2b: Venusaur|66/100
|move|p1b: Hokas|Hyper Voice|p2b: Venusaur|[spread] p2a,p2b
|-resisted|p2b: Venusaur|1
|-damage|p2a: Milotic|18/100
|-damage|p2b: Venusaur|44/100
|move|p2b: Venusaur|Sludge Bomb|p1a: Pumas
|-resisted|p1a: Pumas|1
|-damage|p1a: Pumas|0 fnt
|faint|p1a: Pumas
|move|p2a: Milotic|Recover|p2a: Milotic
|-heal|p2a: Milotic|68/100
|
|-heal|p2a: Milotic|74/100|[from] item: Leftovers
|upkeep
|
|t:|1784606221
|switch|p1a: Crocs|Farigiraf, L50, F|100/100
|turn|4
|
|t:|1784606239
|move|p2b: Venusaur|Protect|p2b: Venusaur
|-singleturn|p2b: Venusaur|Protect
|move|p1b: Hokas|Moonblast|p2a: Milotic
|-damage|p2a: Milotic|39/100
|move|p1a: Crocs|Twin Beam|p2b: Venusaur
|-activate|p2b: Venusaur|move: Protect
|move|p2a: Milotic|Recover|p2a: Milotic
|-heal|p2a: Milotic|89/100
|
|-heal|p2a: Milotic|95/100|[from] item: Leftovers
|upkeep
|turn|5
|
|t:|1784606254
|switch|p2b: Altaria|Altaria, L50, F|100/100
|-ability|p2b: Altaria|Cloud Nine
|move|p1b: Hokas|Moonblast|p2a: Milotic
|-damage|p2a: Milotic|60/100
|move|p1a: Crocs|Twin Beam|p2b: Altaria
|-damage|p2b: Altaria|87/100
|-damage|p2b: Altaria|74/100
|-hitcount|p2b: Altaria|2
|move|p2a: Milotic|Hypnosis|p1b: Hokas
|-status|p1b: Hokas|slp|[from] move: Hypnosis
|
|-heal|p2a: Milotic|66/100|[from] item: Leftovers
|-sideend|p1: SneakerHead44|move: Tailwind
|upkeep
|turn|6
|
|t:|1784606278
|move|p2b: Altaria|Will-O-Wisp|p1a: Crocs|[miss]
|-miss|p2b: Altaria|p1a: Crocs
|move|p2a: Milotic|Muddy Water|p1a: Crocs|[spread] p1a,p1b
|-damage|p1a: Crocs|80/100
|-damage|p1b: Hokas|61/100 slp
|cant|p1b: Hokas|slp
|move|p1a: Crocs|Trick Room|p1a: Crocs
|-fieldstart|move: Trick Room|[of] p1a: Crocs
|
|-heal|p2a: Milotic|72/100|[from] item: Leftovers
|upkeep
|turn|7
|
|t:|1784606301
|move|p1a: Crocs|Thunderbolt|p2a: Milotic
|-supereffective|p2a: Milotic|1
|-damage|p2a: Milotic|47/100
|cant|p1b: Hokas|slp
|move|p2b: Altaria|Brave Bird|p1a: Crocs
|-damage|p1a: Crocs|57/100
|-damage|p2b: Altaria|65/100|[from] Recoil
|move|p2a: Milotic|Muddy Water|p1b: Hokas|[spread] p1a,p1b
|-damage|p1a: Crocs|36/100
|-damage|p1b: Hokas|43/100 slp
|-unboost|p1a: Crocs|accuracy|1
|-unboost|p1b: Hokas|accuracy|1
|
|-heal|p2a: Milotic|52/100|[from] item: Leftovers
|upkeep
|turn|8
|
|t:|1784606336
|switch|p2b: Venusaur|Venusaur, L50, F|44/100
|move|p1a: Crocs|Thunderbolt|p2a: Milotic
|-supereffective|p2a: Milotic|1
|-damage|p2a: Milotic|24/100
|-curestatus|p1b: Hokas|slp|[msg]
|move|p1b: Hokas|Hyper Voice|p2b: Venusaur|[spread] p2a
|-miss|p1b: Hokas|p2b: Venusaur
|-damage|p2a: Milotic|0 fnt
|faint|p2a: Milotic
|
|upkeep
|-message|ZyndrickLamar forfeited.
|
|win|SneakerHead44
