|j|☆wesrui
|j|☆MBL25
|html|wesruiMBL25    
|uhtml|bestof|Game 1 of a best-of-3
|t:|1757107257
|gametype|doubles
|player|p1|wesrui|silver|1145
|player|p2|MBL25|2|1108
|gen|9
|tier|[Gen 9] VGC 2025 Reg H (Bo3)
|rated|
|rule|Species Clause: Limit one of each Pokémon
|rule|Item Clause: Limit 1 of each item
|clearpoke
|poke|p1|Sneasler, L50, M|
|poke|p1|Dragonite, L50, M|
|poke|p1|Rillaboom, L50, F|
|poke|p1|Basculegion, L50, M|
|poke|p1|Volcarona, L50, F|
|poke|p1|Kingambit, L50, M|
|poke|p2|Sneasler, L50, M|
|poke|p2|Amoonguss, L50, M|
|poke|p2|Gholdengo, L50|
|poke|p2|Incineroar, L50, F|
|poke|p2|Dragonite, L50, F|
|poke|p2|Ursaluna-Bloodmoon, L50, M|
|teampreview|4
|showteam|p1|Sneasler||FocusSash|Unburden|CloseCombat,DireClaw,Coaching,Protect|||M|||50|,,,,,Ghost]Dragonite||LoadedDice|Multiscale|ScaleShot,ExtremeSpeed,Haze,Protect|||M|||50|,,,,,Fairy]Rillaboom||MiracleSeed|GrassySurge|WoodHammer,GrassyGlide,Taunt,FakeOut|||F|||50|,,,,,Fire]Basculegion||ChoiceScarf|Adaptability|WaveCrash,FlipTurn,LastRespects,TeraBlast|||M|||50|,,,,,Fairy]Volcarona||CovertCloak|FlameBody|HeatWave,TeraBlast,QuiverDance,Protect|||F|||50|,,,,,Fairy]Kingambit||AssaultVest|Defiant|KowtowCleave,SuckerPunch,IronHead,LowKick|||M|||50|,,,,,Ghost
|showteam|p2|Sneasler||FocusSash|Unburden|DireClaw,CloseCombat,Protect,ThroatChop|||M|||50|,,,,,Stellar]Amoonguss||SitrusBerry|Regenerator|RagePowder,Spore,PollenPuff,Protect|||M|||50|,,,,,Water]Gholdengo||LifeOrb|GoodasGold|MakeItRain,ShadowBall,Protect,NastyPlot||||||50|,,,,,Water]Incineroar||SafetyGoggles|Intimidate|FlareBlitz,PartingShot,FakeOut,KnockOff|||F|||50|,,,,,Ghost]Dragonite||LoadedDice|Multiscale|ScaleShot,Tailwind,Protect,Haze|||F|||50|,,,,,Fairy]Ursaluna-Bloodmoon||AssaultVest|MindsEye|BloodMoon,VacuumWave,HyperVoice,EarthPower|||M|||50|,,,,,Water
|inactive|Battle timer is ON: inactive players will automatically lose when time's up. (requested by wesrui)
|inactive|wesrui has 60 seconds left.
|inactive|MBL25 has 60 seconds left.
|inactive|wesrui has 30 seconds left.
|inactive|MBL25 has 30 seconds left.
|inactive|wesrui has 20 seconds left.
|inactive|MBL25 has 20 seconds left.
|inactive|wesrui has 15 seconds left.
|
|t:|1757107350
|teamsize|p1|4
|teamsize|p2|4
|start
|switch|p1a: Rillaboom|Rillaboom, L50, F|100/100
|switch|p1b: Volcarona|Volcarona, L50, F|100/100
|switch|p2a: Dragonite|Dragonite, L50, F|100/100
|switch|p2b: Amoonguss|Amoonguss, L50, M|100/100
|-fieldstart|move: Grassy Terrain|[from] ability: Grassy Surge|[of] p1a: Rillaboom
|turn|1
|inactive|MBL25 has 30 seconds left.
|inactive|MBL25 has 20 seconds left.
|inactive|MBL25 has 15 seconds left.
|inactive|MBL25 has 10 seconds left.
|inactive|MBL25 has 5 seconds left.
|
|t:|1757107405
|move|p2b: Amoonguss|Rage Powder|p2b: Amoonguss
|-singleturn|p2b: Amoonguss|move: Rage Powder
|move|p1b: Volcarona|Quiver Dance|p1b: Volcarona
|-boost|p1b: Volcarona|spa|1
|-boost|p1b: Volcarona|spd|1
|-boost|p1b: Volcarona|spe|1
|move|p2a: Dragonite|Scale Shot|p1b: Volcarona
|-damage|p1b: Volcarona|83/100
|-damage|p1b: Volcarona|65/100
|-damage|p1b: Volcarona|47/100
|-damage|p1b: Volcarona|30/100
|-hitcount|p1b: Volcarona|4
|-unboost|p2a: Dragonite|def|1
|-boost|p2a: Dragonite|spe|1
|move|p1a: Rillaboom|Taunt|p2b: Amoonguss
|-start|p2b: Amoonguss|move: Taunt
|
|-heal|p1b: Volcarona|36/100|[from] Grassy Terrain
|upkeep
|turn|2
|l|☆MBL25
|inactive|MBL25 disconnected and has a minute to reconnect!
|player|p2|
|inactive|wesrui has 30 seconds left.
|inactive|MBL25 has 30 seconds left.
|inactive|MBL25 has 20 seconds left.
|inactive|MBL25 has 15 seconds left.
|inactive|MBL25 has 10 seconds left.
|inactive|MBL25 has 5 seconds left.
|j|☆MBL25
|inactive|MBL25 reconnected and has 5 seconds left.
|player|p2|MBL25|2|
|
|t:|1757107461
|-terastallize|p1b: Volcarona|Fairy
|move|p1a: Rillaboom|Grassy Glide|p2a: Dragonite
|-resisted|p2a: Dragonite
|-damage|p2a: Dragonite|92/100
|move|p1b: Volcarona|Tera Blast|p2a: Dragonite|[anim] Tera Blast Fairy
|-supereffective|p2a: Dragonite
|-damage|p2a: Dragonite|0 fnt
|faint|p2a: Dragonite
|move|p2b: Amoonguss|Pollen Puff|p1a: Rillaboom
|-supereffective|p1a: Rillaboom
|-damage|p1a: Rillaboom|63/100
|
|-heal|p1b: Volcarona|43/100|[from] Grassy Terrain
|-heal|p1a: Rillaboom|69/100|[from] Grassy Terrain
|upkeep
|
|t:|1757107472
|switch|p2a: Incineroar|Incineroar, L50, F|100/100
|-ability|p2a: Incineroar|Intimidate|boost
|-unboost|p1a: Rillaboom|atk|1
|-unboost|p1b: Volcarona|atk|1
|turn|3
|inactive|wesrui has 30 seconds left.
|inactive|wesrui has 20 seconds left.
|
|t:|1757107509
|switch|p1a: Dragonite|Dragonite, L50, M|100/100
|move|p1b: Volcarona|Tera Blast|p2a: Incineroar|[anim] Tera Blast Fairy
|-damage|p2a: Incineroar|39/100
|move|p2a: Incineroar|Flare Blitz|p1a: Dragonite
|-resisted|p1a: Dragonite
|-damage|p1a: Dragonite|87/100
|-damage|p2a: Incineroar|35/100|[from] Recoil
|move|p2b: Amoonguss|Pollen Puff|p2a: Incineroar
|-heal|p2a: Incineroar|84/100
|
|-heal|p1b: Volcarona|49/100|[from] Grassy Terrain
|-heal|p2a: Incineroar|90/100|[from] Grassy Terrain
|upkeep
|turn|4
|
|t:|1757107529
|move|p1b: Volcarona|Tera Blast|p2a: Incineroar|[anim] Tera Blast Fairy
|-damage|p2a: Incineroar|38/100
|move|p1a: Dragonite|Scale Shot|p2a: Incineroar
|-damage|p2a: Incineroar|24/100
|-damage|p2a: Incineroar|12/100
|-damage|p2a: Incineroar|0 fnt
|faint|p2a: Incineroar
|-hitcount|p2: Incineroar|3
|-unboost|p1a: Dragonite|def|1
|-boost|p1a: Dragonite|spe|1
|move|p2b: Amoonguss|Pollen Puff|p2: Incineroar|[notarget]
|-fail|p2b: Amoonguss
|
|-heal|p1b: Volcarona|55/100|[from] Grassy Terrain
|-end|p2b: Amoonguss|move: Taunt
|upkeep
|
|t:|1757107533
|switch|p2a: Sneasler|Sneasler, L50, M|100/100
|turn|5
|
|t:|1757107544
|move|p1a: Dragonite|Scale Shot|p2a: Sneasler|[miss]
|-miss|p1a: Dragonite|p2a: Sneasler
|move|p1b: Volcarona|Heat Wave|p2a: Sneasler|[spread] p2a,p2b
|-supereffective|p2b: Amoonguss
|-damage|p2a: Sneasler|25/100
|-damage|p2b: Amoonguss|2/100
|-status|p2b: Amoonguss|brn
|-enditem|p2b: Amoonguss|Sitrus Berry|[eat]
|-heal|p2b: Amoonguss|27/100 brn|[from] item: Sitrus Berry
|move|p2a: Sneasler|Dire Claw|p1b: Volcarona
|-supereffective|p1b: Volcarona
|-damage|p1b: Volcarona|0 fnt
|faint|p1b: Volcarona
|move|p2b: Amoonguss|Spore|p1a: Dragonite
|-status|p1a: Dragonite|slp|[from] move: Spore
|
|-heal|p2a: Sneasler|31/100|[from] Grassy Terrain
|-heal|p2b: Amoonguss|33/100 brn|[from] Grassy Terrain
|-damage|p2b: Amoonguss|27/100 brn|[from] brn
|-fieldend|move: Grassy Terrain
|upkeep
|
|t:|1757107556
|switch|p1b: Rillaboom|Rillaboom, L50, F|69/100
|-fieldstart|move: Grassy Terrain|[from] ability: Grassy Surge|[of] p1b: Rillaboom
|turn|6
|
|t:|1757107580
|cant|p1a: Dragonite|slp
|move|p2a: Sneasler|Dire Claw|p1b: Rillaboom
|-supereffective|p1b: Rillaboom
|-damage|p1b: Rillaboom|0 fnt
|faint|p1b: Rillaboom
|move|p2b: Amoonguss|Pollen Puff|p2a: Sneasler
|-heal|p2a: Sneasler|80/100
|
|-heal|p2a: Sneasler|86/100|[from] Grassy Terrain
|-heal|p2b: Amoonguss|33/100 brn|[from] Grassy Terrain
|-damage|p2b: Amoonguss|27/100 brn|[from] brn
|upkeep
|
|t:|1757107585
|switch|p1b: Sneasler|Sneasler, L50, M|100/100
|turn|7
|
|t:|1757107604
|-curestatus|p1a: Dragonite|slp|[msg]
|move|p1a: Dragonite|Scale Shot|p2a: Sneasler
|-crit|p2a: Sneasler
|-damage|p2a: Sneasler|51/100
|-damage|p2a: Sneasler|28/100
|-damage|p2a: Sneasler|7/100
|-damage|p2a: Sneasler|0 fnt
|faint|p2a: Sneasler
|-hitcount|p2: Sneasler|4
|-unboost|p1a: Dragonite|def|1
|-boost|p1a: Dragonite|spe|1
|move|p1b: Sneasler|Dire Claw|p2b: Amoonguss
|-damage|p2b: Amoonguss|0 fnt
|faint|p2b: Amoonguss
|
|win|wesrui
||wesrui is ready for game 2.
||MBL25 is ready for game 2.
|uhtml|next|Next: Game 2 of 3
