|j|☆Zephrhills
|j|☆doatzmgoatz
|html|Zephrhillsdoatzmgoatz    
|uhtml|bestof|Game 2 of a best-of-3
|t:|1783311016
|gametype|doubles
|player|p1|Zephrhills|miku-ghost|
|player|p2|doatzmgoatz|wallace|
|gen|9
|tier|[Gen 9 Champions] VGC 2026 Reg M-B (Bo3)
|rule|Species Clause: Limit one of each Pokémon
|rule|Item Clause: Limit 1 of each item
|clearpoke
|poke|p1|Dragapult, L50, F|
|poke|p1|Rotom-Wash, L50, shiny|
|poke|p1|Tyranitar, L50, M, shiny|
|poke|p1|Meowstic, L50, M|
|poke|p1|Greninja, L50, F, shiny|
|poke|p1|Scizor, L50, M|
|poke|p2|Gengar, L50, M|
|poke|p2|Incineroar, L50, F|
|poke|p2|Clefable, L50, M|
|poke|p2|Hydreigon, L50, M|
|poke|p2|Liepard, L50, M|
|poke|p2|Bastiodon, L50, F|
|teampreview|4
|showteam|p1|Dragapult||LifeOrb|Infiltrator|SuckerPunch,ShadowBall,DragonDarts,DracoMeteor|Hasty||F|||50|]Rotom-Wash||Leftovers|Levitate|Discharge,ShadowBall,LightScreen,WillOWisp|Modest|||||50|]Tyranitar||WhiteHerb|SandStream|HeavySlam,Superpower,Crunch,DragonDance|Adamant||M|||50|]Meowstic||Meowsticite|Prankster|ThunderWave,Psychic,TrickRoom,FakeOut|Modest||M|||50|]Greninja||FocusSash|Protean|Surf,GunkShot,MudShot,Blizzard|Mild||F|||50|]Scizor||OccaBerry|Technician|BugBite,BulletPunch,Tailwind,Superpower|Impish||M|||50|
|showteam|p2|Gengar||Gengarite|CursedBody|PerishSong,Protect,ShadowBall,SludgeBomb|Timid||M|||50|]Incineroar||LumBerry|Intimidate|FakeOut,PartingShot,WillOWisp,FlareBlitz|Careful||F|||50|]Clefable||Leftovers|Unaware|FollowMe,Moonlight,Protect,DazzlingGleam|Bold||M|||50|]Hydreigon||WideLens|Levitate|NastyPlot,EarthPower,Uturn,DracoMeteor|Timid||M|||50|]Liepard||FocusSash|Prankster|FakeOut,Yawn,Protect,ThunderWave|Careful||M|||50|]Bastiodon||SitrusBerry|Soundproof|BodyPress,IronDefense,Bulldoze,StoneEdge|Relaxed||F|||50|
|
|t:|1783311079
|teamsize|p1|4
|teamsize|p2|4
|start
|switch|p1a: Meowstic|Meowstic, L50, M|100/100
|switch|p1b: Tyranitar|Tyranitar, L50, M, shiny|100/100
|switch|p2a: Incineroar|Incineroar, L50, F|100/100
|switch|p2b: Liepard|Liepard, L50, M|100/100
|-weather|Sandstorm|[from] ability: Sand Stream|[of] p1b: Tyranitar
|-ability|p2a: Incineroar|Intimidate|boost
|-unboost|p1a: Meowstic|atk|1
|-unboost|p1b: Tyranitar|atk|1
|-enditem|p1b: Tyranitar|White Herb
|-clearnegativeboost|p1b: Tyranitar|[silent]
|turn|1
|
|t:|1783311146
|switch|p1b: Rotom|Rotom-Wash, L50, shiny|100/100
|move|p2b: Liepard|Protect|p2b: Liepard
|-singleturn|p2b: Liepard|Protect
|move|p1a: Meowstic|Fake Out|p2a: Incineroar
|-damage|p2a: Incineroar|97/100
|cant|p2a: Incineroar|flinch
|
|-weather|Sandstorm|[upkeep]
|-damage|p2b: Liepard|94/100|[from] Sandstorm
|-damage|p1a: Meowstic|93/100|[from] Sandstorm
|-damage|p1b: Rotom|94/100|[from] Sandstorm
|-damage|p2a: Incineroar|91/100|[from] Sandstorm
|-heal|p1b: Rotom|100/100|[from] item: Leftovers
|upkeep
|turn|2
|
|t:|1783311182
|switch|p1a: Tyranitar|Tyranitar, L50, M, shiny|100/100
|move|p2b: Liepard|Yawn|p1a: Tyranitar
|-hint|Since gen 7, Dark is immune to Prankster moves.
|-immune|p1a: Tyranitar
|move|p1b: Rotom|Light Screen|p1b: Rotom
|-sidestart|p1: Zephrhills|move: Light Screen
|move|p2a: Incineroar|Parting Shot|p1b: Rotom
|-unboost|p1b: Rotom|atk|1
|-unboost|p1b: Rotom|spa|1
|
|t:|1783311193
|switch|p2a: Hydreigon|Hydreigon, L50, M|100/100|[from] Parting Shot
|
|-weather|Sandstorm|[upkeep]
|-damage|p2a: Hydreigon|94/100|[from] Sandstorm
|-damage|p2b: Liepard|88/100|[from] Sandstorm
|-damage|p1b: Rotom|94/100|[from] Sandstorm
|-heal|p1b: Rotom|100/100|[from] item: Leftovers
|upkeep
|turn|3
|
|t:|1783311213
|move|p2b: Liepard|Protect|p2b: Liepard
|-singleturn|p2b: Liepard|Protect
|move|p2a: Hydreigon|Earth Power|p1a: Tyranitar
|-supereffective|p1a: Tyranitar|1
|-damage|p1a: Tyranitar|76/100
|move|p1b: Rotom|Will-O-Wisp|p2b: Liepard
|-activate|p2b: Liepard|move: Protect
|move|p1a: Tyranitar|Dragon Dance|p1a: Tyranitar
|-boost|p1a: Tyranitar|atk|1
|-boost|p1a: Tyranitar|spe|1
|
|-weather|Sandstorm|[upkeep]
|-damage|p2a: Hydreigon|88/100|[from] Sandstorm
|-damage|p2b: Liepard|82/100|[from] Sandstorm
|-damage|p1b: Rotom|94/100|[from] Sandstorm
|-heal|p1b: Rotom|100/100|[from] item: Leftovers
|upkeep
|turn|4
|
|t:|1783311264
|switch|p2b: Incineroar|Incineroar, L50, F|91/100
|-ability|p2b: Incineroar|Intimidate|boost
|-unboost|p1a: Tyranitar|atk|1
|-unboost|p1b: Rotom|atk|1
|move|p2a: Hydreigon|Earth Power|p1a: Tyranitar
|-supereffective|p1a: Tyranitar|1
|-damage|p1a: Tyranitar|51/100
|move|p1a: Tyranitar|Superpower|p2a: Hydreigon
|-supereffective|p2a: Hydreigon|1
|-damage|p2a: Hydreigon|0 fnt
|-unboost|p1a: Tyranitar|atk|1
|-unboost|p1a: Tyranitar|def|1
|faint|p2a: Hydreigon
|move|p1b: Rotom|Will-O-Wisp|p2b: Incineroar
|-immune|p2b: Incineroar
|
|-weather|Sandstorm|[upkeep]
|-damage|p1b: Rotom|94/100|[from] Sandstorm
|-damage|p2b: Incineroar|85/100|[from] Sandstorm
|-heal|p1b: Rotom|100/100|[from] item: Leftovers
|upkeep
|
|t:|1783311286
|switch|p2a: Liepard|Liepard, L50, M|82/100
|turn|5
|
|t:|1783311301
|move|p2a: Liepard|Fake Out|p1b: Rotom
|-damage|p1b: Rotom|89/100
|move|p1a: Tyranitar|Superpower|p2b: Incineroar
|-supereffective|p2b: Incineroar|1
|-damage|p2b: Incineroar|30/100
|-unboost|p1a: Tyranitar|atk|1
|-unboost|p1a: Tyranitar|def|1
|cant|p1b: Rotom|flinch
|move|p2b: Incineroar|Will-O-Wisp|p1a: Tyranitar
|-status|p1a: Tyranitar|brn
|
|-weather|none
|-heal|p1b: Rotom|95/100|[from] item: Leftovers
|-damage|p1a: Tyranitar|45/100 brn|[from] brn
|upkeep
|turn|6
|
|t:|1783311325
|switch|p2b: Gengar|Gengar, L50, M|100/100
|move|p2a: Liepard|Yawn|p1b: Rotom
|-start|p1b: Rotom|move: Yawn|[of] p2a: Liepard
|move|p1a: Tyranitar|Superpower|p2a: Liepard
|-supereffective|p2a: Liepard|1
|-damage|p2a: Liepard|46/100
|-unboost|p1a: Tyranitar|atk|1
|-unboost|p1a: Tyranitar|def|1
|move|p1b: Rotom|Discharge|p2b: Gengar|[spread] p1a,p2a,p2b
|-crit|p2b: Gengar
|-damage|p1a: Tyranitar|33/100 brn
|-damage|p2a: Liepard|23/100
|-damage|p2b: Gengar|23/100
|-status|p2b: Gengar|par
|
|-heal|p1b: Rotom|100/100|[from] item: Leftovers
|-damage|p1a: Tyranitar|27/100 brn|[from] brn
|-sideend|p1: Zephrhills|move: Light Screen
|upkeep
|turn|7
|
|t:|1783311364
|switch|p2b: Incineroar|Incineroar, L50, F|30/100
|-ability|p2b: Incineroar|Intimidate|boost
|-unboost|p1a: Tyranitar|atk|1
|-unboost|p1b: Rotom|atk|1
|move|p2a: Liepard|Protect|p2a: Liepard
|-singleturn|p2a: Liepard|Protect
|move|p1a: Tyranitar|Crunch|p2b: Incineroar
|-resisted|p2b: Incineroar|1
|-damage|p2b: Incineroar|27/100
|move|p1b: Rotom|Discharge|p2b: Incineroar|[spread] p1a,p2b
|-activate|p2a: Liepard|move: Protect
|-damage|p1a: Tyranitar|11/100 brn
|-damage|p2b: Incineroar|13/100
|-status|p2b: Incineroar|par
|-enditem|p2b: Incineroar|Lum Berry|[eat]
|-curestatus|p2b: Incineroar|par|[msg]
|
|-damage|p1a: Tyranitar|5/100 brn|[from] brn
|-end|p1b: Rotom|move: Yawn|[silent]
|-status|p1b: Rotom|slp
|upkeep
|turn|8
|
|t:|1783311397
|move|p2a: Liepard|Protect||[still]
|-fail|p2a: Liepard
|move|p2b: Incineroar|Fake Out|p1a: Tyranitar
|-resisted|p1a: Tyranitar|1
|-damage|p1a: Tyranitar|0 fnt
|faint|p1a: Tyranitar
|cant|p1b: Rotom|slp
|
|upkeep
|
|t:|1783311409
|switch|p1a: Dragapult|Dragapult, L50, F|100/100
|turn|9
|
|t:|1783311429
|move|p2a: Liepard|Yawn|p1a: Dragapult
|-start|p1a: Dragapult|move: Yawn|[of] p2a: Liepard
|move|p1a: Dragapult|Dragon Darts|p2b: Incineroar
|-damage|p2b: Incineroar|0 fnt
|-anim|p1a: Dragapult|Dragon Darts|p2a: Liepard
|-damage|p2a: Liepard|0 fnt
|faint|p2b: Incineroar
|faint|p2a: Liepard
|-damage|p1a: Dragapult|90/100|[from] item: Life Orb
|cant|p1b: Rotom|slp
|
|upkeep
|
|t:|1783311448
|switch|p2b: Gengar|Gengar, L50, M|23/100 par
|turn|10
|
|t:|1783311456
|detailschange|p2b: Gengar|Gengar-Mega, L50, M
|-mega|p2b: Gengar|Gengar|Gengarite
|move|p1a: Dragapult|Shadow Ball|p2b: Gengar
|-supereffective|p2b: Gengar|1
|-damage|p2b: Gengar|0 fnt
|faint|p2b: Gengar
|-damage|p1a: Dragapult|80/100|[from] item: Life Orb
|
|win|Zephrhills
||Zephrhills is ready for game 3.
|inactive|doatzmgoatz has 30 seconds to confirm battle start!
