|j|☆theboyparris
|j|☆natsukivgc
|html|theboyparrisnatsukivgc    
|uhtml|bestof|Game 1 of a best-of-3
|t:|1785420978
|gametype|doubles
|player|p1|theboyparris|policeman|1067
|player|p2|natsukivgc|265|1144
|gen|9
|tier|[Gen 9 Champions] VGC 2026 Reg M-B (Bo3)
|rated|
|rule|Species Clause: Limit one of each Pokémon
|rule|Item Clause: Limit 1 of each item
|clearpoke
|poke|p1|Metagross, L50|
|poke|p1|Ceruledge, L50, F|
|poke|p1|Kommo-o, L50, M|
|poke|p1|Milotic, L50, F|
|poke|p1|Serperior, L50, M|
|poke|p1|Weavile, L50, M|
|poke|p2|Charizard, L50, M|
|poke|p2|Sneasler, L50, F|
|poke|p2|Kingambit, L50, M|
|poke|p2|Dragonite, L50, F|
|poke|p2|Floette-Eternal, L50, F|
|poke|p2|Whimsicott, L50, M|
|teampreview|4
|showteam|p1|Metagross||Metagrossite|ClearBody|HardPress,PsychicFangs,BodyPress,Protect|Jolly|||||50|]Ceruledge||LifeOrb|FlashFire|BitterBlade,ShadowSneak,BulkUp,Protect|Adamant||F|||50|]Kommo-o||DragonFang|Bulletproof|ClangingScales,Flamethrower,ClangorousSoul,Protect|Timid||M|||50|]Milotic||ZoomLens|Competitive|MuddyWater,Hypnosis,LifeDew,Coil|Sassy||F|||50|]Serperior||WideLens|Contrary|LeafStorm,LightScreen,Reflect,Glare|Timid||M|||50|]Weavile||FocusSash|Pickpocket|KnockOff,IceSpinner,LowKick,FakeOut|Jolly||M|||50|
|showteam|p2|Charizard||CharizarditeY|Blaze|HeatWave,SolarBeam,WeatherBall,Protect|Modest||M|||50|]Sneasler||WhiteHerb|Unburden|CloseCombat,DireClaw,FakeOut,Coaching|Jolly||F|||50|]Kingambit||BlackGlasses|Defiant|KowtowCleave,SuckerPunch,SwordsDance,Protect|Adamant||M|||50|]Dragonite||LifeOrb|InnerFocus|DragonClaw,LowKick,ExtremeSpeed,Protect|Adamant||F|||50|]Floette-Eternal||Floettite|FlowerVeil|Moonblast,DazzlingGleam,LightofRuin,Protect|Modest||F|||50|]Whimsicott||FocusSash|Prankster|Moonblast,Tailwind,Encore,Protect|Timid||M|||50|
|inactive|Battle timer is ON: inactive players will automatically lose when time's up. (requested by theboyparris)
|inactive|natsukivgc has 60 seconds left.
|
|t:|1785421017
|teamsize|p1|4
|teamsize|p2|4
|start
|switch|p1a: Milotic|Milotic, L50, F|100/100
|switch|p1b: Ceruledge|Ceruledge, L50, F|100/100
|switch|p2a: Whimsicott|Whimsicott, L50, M|100/100
|switch|p2b: Charizard|Charizard, L50, M|100/100
|turn|1
|
|t:|1785421040
|detailschange|p2b: Charizard|Charizard-Mega-Y, L50, M
|-mega|p2b: Charizard|Charizard|Charizardite Y
|-weather|SunnyDay|[from] ability: Drought|[of] p2b: Charizard
|move|p2a: Whimsicott|Tailwind|p2a: Whimsicott
|-sidestart|p2: natsukivgc|move: Tailwind
|move|p2b: Charizard|Solar Beam||[still]
|-prepare|p2b: Charizard|Solar Beam
|-anim|p2b: Charizard|Solar Beam|p1a: Milotic
|-supereffective|p1a: Milotic|1
|-damage|p1a: Milotic|39/100
|move|p1b: Ceruledge|Bitter Blade|p2a: Whimsicott
|-supereffective|p2a: Whimsicott|1
|-enditem|p2a: Whimsicott|Focus Sash
|-damage|p2a: Whimsicott|1/100
|-damage|p1b: Ceruledge|90/100|[from] item: Life Orb
|move|p1a: Milotic|Muddy Water|p2a: Whimsicott|[spread] p2a,p2b
|-resisted|p2a: Whimsicott|1
|-supereffective|p2b: Charizard|1
|-damage|p2a: Whimsicott|0 fnt
|-damage|p2b: Charizard|79/100
|faint|p2a: Whimsicott
|
|-weather|SunnyDay|[upkeep]
|upkeep
|
|t:|1785421062
|switch|p2a: Sneasler|Sneasler, L50, F|100/100
|turn|2
|
|t:|1785421084
|move|p2a: Sneasler|Fake Out|p1a: Milotic
|-damage|p1a: Milotic|27/100
|move|p2b: Charizard|Solar Beam||[still]
|-prepare|p2b: Charizard|Solar Beam
|-anim|p2b: Charizard|Solar Beam|p1b: Ceruledge
|-resisted|p1b: Ceruledge|1
|-damage|p1b: Ceruledge|64/100
|move|p1b: Ceruledge|Bulk Up|p1b: Ceruledge
|-boost|p1b: Ceruledge|atk|1
|-boost|p1b: Ceruledge|def|1
|cant|p1a: Milotic|flinch
|
|-weather|SunnyDay|[upkeep]
|upkeep
|turn|3
|
|t:|1785421107
|move|p2a: Sneasler|Dire Claw|p1a: Milotic
|-damage|p1a: Milotic|0 fnt
|faint|p1a: Milotic
|move|p2b: Charizard|Solar Beam||[still]
|-prepare|p2b: Charizard|Solar Beam
|-anim|p2b: Charizard|Solar Beam|p1b: Ceruledge
|-resisted|p1b: Ceruledge|1
|-damage|p1b: Ceruledge|40/100
|move|p1b: Ceruledge|Bitter Blade|p2a: Sneasler
|-damage|p2a: Sneasler|0 fnt
|-heal|p1b: Ceruledge|83/100|[from] drain|[of] p2a: Sneasler
|faint|p2a: Sneasler
|-damage|p1b: Ceruledge|74/100|[from] item: Life Orb
|
|-weather|SunnyDay|[upkeep]
|upkeep
|
|t:|1785421121
|switch|p2a: Kingambit|Kingambit, L50, M|100/100
|switch|p1a: Kommo-o|Kommo-o, L50, M|100/100
|turn|4
|
|t:|1785421138
|move|p1a: Kommo-o|Protect|p1a: Kommo-o
|-singleturn|p1a: Kommo-o|Protect
|move|p1b: Ceruledge|Protect|p1b: Ceruledge
|-singleturn|p1b: Ceruledge|Protect
|move|p2b: Charizard|Solar Beam||[still]
|-prepare|p2b: Charizard|Solar Beam
|-anim|p2b: Charizard|Solar Beam|p1a: Kommo-o
|-activate|p1a: Kommo-o|move: Protect
|move|p2a: Kingambit|Kowtow Cleave|p1b: Ceruledge
|-activate|p1b: Ceruledge|move: Protect
|
|-weather|SunnyDay|[upkeep]
|-sideend|p2: natsukivgc|move: Tailwind
|upkeep
|turn|5
|
|t:|1785421157
|move|p1b: Ceruledge|Shadow Sneak|p2b: Charizard
|-damage|p2b: Charizard|42/100
|-damage|p1b: Ceruledge|64/100|[from] item: Life Orb
|move|p2a: Kingambit|Sucker Punch||[still]
|-fail|p2a: Kingambit
|move|p1a: Kommo-o|Clanging Scales|p2a: Kingambit|[spread] p2a,p2b
|-resisted|p2a: Kingambit|1
|-damage|p2a: Kingambit|84/100
|-damage|p2b: Charizard|6/100
|-unboost|p1a: Kommo-o|def|1
|move|p2b: Charizard|Solar Beam||[still]
|-prepare|p2b: Charizard|Solar Beam
|-anim|p2b: Charizard|Solar Beam|p1b: Ceruledge
|-resisted|p1b: Ceruledge|1
|-damage|p1b: Ceruledge|41/100
|
|-weather|none
|upkeep
|turn|6
|
|t:|1785421175
|move|p2b: Charizard|Protect|p2b: Charizard
|-singleturn|p2b: Charizard|Protect
|move|p1b: Ceruledge|Protect|p1b: Ceruledge
|-singleturn|p1b: Ceruledge|Protect
|move|p1a: Kommo-o|Clanging Scales|p2b: Charizard|[spread] p2a
|-activate|p2b: Charizard|move: Protect
|-resisted|p2a: Kingambit|1
|-damage|p2a: Kingambit|66/100
|-unboost|p1a: Kommo-o|def|1
|move|p2a: Kingambit|Kowtow Cleave|p1b: Ceruledge
|-activate|p1b: Ceruledge|move: Protect
|
|upkeep
|turn|7
|
|t:|1785421195
|move|p1b: Ceruledge|Shadow Sneak|p2b: Charizard
|-damage|p2b: Charizard|0 fnt
|faint|p2b: Charizard
|-damage|p1b: Ceruledge|32/100|[from] item: Life Orb
|move|p1a: Kommo-o|Flamethrower|p2a: Kingambit
|-supereffective|p2a: Kingambit|1
|-damage|p2a: Kingambit|23/100
|move|p2a: Kingambit|Kowtow Cleave|p1b: Ceruledge
|-supereffective|p1b: Ceruledge|1
|-damage|p1b: Ceruledge|0 fnt
|faint|p1b: Ceruledge
|
|upkeep
|
|t:|1785421197
|switch|p1b: Metagross|Metagross, L50|100/100
|turn|8
|
|t:|1785421208
|detailschange|p1b: Metagross|Metagross-Mega, L50
|-mega|p1b: Metagross|Metagross|Metagrossite
|move|p2a: Kingambit|Sucker Punch|p1a: Kommo-o
|-resisted|p1a: Kommo-o|1
|-damage|p1a: Kommo-o|57/100
|move|p1b: Metagross|Body Press|p2a: Kingambit
|-supereffective|p2a: Kingambit|2
|-damage|p2a: Kingambit|0 fnt
|faint|p2a: Kingambit
|
|win|theboyparris
