|j|☆Its Sushiii
|j|☆shinykuzan
|html|Its Sushiiishinykuzan    
|uhtml|bestof|Game 1 of a best-of-3
|t:|1786159317
|gametype|doubles
|player|p1|Its Sushiii|265|1319
|player|p2|shinykuzan|miku-ghost|1407
|gen|9
|tier|[Gen 9 Champions] VGC 2026 Reg M-B (Bo3)
|rated|
|rule|Species Clause: Limit one of each Pokémon
|rule|Item Clause: Limit 1 of each item
|clearpoke
|poke|p1|Tyranitar, L50, F|
|poke|p1|Excadrill, L50, F|
|poke|p1|Milotic, L50, F|
|poke|p1|Staraptor, L50, F|
|poke|p1|Farigiraf, L50, F|
|poke|p1|Rotom-Heat, L50|
|poke|p2|Raichu, L50, F|
|poke|p2|Milotic, L50, F|
|poke|p2|Ceruledge, L50, M|
|poke|p2|Meowscarada, L50, M|
|poke|p2|Ninetales-Alola, L50, F|
|poke|p2|Staraptor, L50, F|
|teampreview|4
|showteam|p1|Tyranitar||Tyranitarite|SandStream|RockSlide,KnockOff,IcePunch,Protect|Adamant||F|||50|]Excadrill||FocusSash|SandRush|HighHorsepower,IronHead,RockSlide,Protect|Jolly||F|||50|]Milotic||Leftovers|Competitive|Scald,IcyWind,Recover,Protect|Modest||F|||50|]Staraptor||Staraptite|Intimidate|BraveBird,CloseCombat,Tailwind,Protect|Jolly||F|||50|]Farigiraf||SitrusBerry|ArmorTail|HelpingHand,PsychicFangs,GrassKnot,TrickRoom|Relaxed||F|||50|]Rotom-Heat||LifeOrb|Levitate|Overheat,Thunderbolt,WillOWisp,Protect|Modest|||||50|
|showteam|p2|Raichu||RaichuniteY|LightningRod|ZapCannon,FocusBlast,FakeOut,Protect|Timid||F|||50|]Milotic||Leftovers|Competitive|MuddyWater,Hypnosis,Coil,Recover|Calm||F|||50|]Ceruledge||ColburBerry|FlashFire|BitterBlade,ShadowSneak,BulkUp,Protect|Adamant||M|||50|]Meowscarada||FocusSash|Overgrow|FlowerTrick,KnockOff,SuckerPunch,Protect|Jolly||M|||50|]Ninetales-Alola||LightClay|SnowWarning|Blizzard,FreezeDry,AuroraVeil,Protect|Timid||F|||50|]Staraptor||Staraptite|Intimidate|BraveBird,CloseCombat,Roost,Protect|Jolly||F|||50|
|inactive|Battle timer is ON: inactive players will automatically lose when time's up. (requested by Its Sushiii)
|inactive|Its Sushiii has 60 seconds left.
|inactive|shinykuzan has 60 seconds left.
|
|t:|1786159402
|teamsize|p1|4
|teamsize|p2|4
|start
|switch|p1a: Excadrill|Excadrill, L50, F|100/100
|switch|p1b: Milotic|Milotic, L50, F|100/100
|switch|p2a: Raichu|Raichu, L50, F|100/100
|switch|p2b: Milotic|Milotic, L50, F|100/100
|turn|1
|
|t:|1786159414
|switch|p1b: Farigiraf|Farigiraf, L50, F|100/100
|detailschange|p2a: Raichu|Raichu-Mega-Y, L50, F
|-mega|p2a: Raichu|Raichu|Raichunite Y
|move|p2a: Raichu|Fake Out||[still]
|cant|p1b: Farigiraf|ability: Armor Tail|Fake Out|[of] p2a: Raichu
|move|p1a: Excadrill|High Horsepower|p2a: Raichu
|-supereffective|p2a: Raichu|1
|-damage|p2a: Raichu|0 fnt
|faint|p2a: Raichu
|move|p2b: Milotic|Coil|p2b: Milotic
|-boost|p2b: Milotic|atk|1
|-boost|p2b: Milotic|def|1
|-boost|p2b: Milotic|accuracy|1
|
|upkeep
|
|t:|1786159424
|switch|p2a: Meowscarada|Meowscarada, L50, M|100/100
|turn|2
|inactive|Its Sushiii has 30 seconds left.
|inactive|Its Sushiii has 20 seconds left.
|inactive|shinykuzan has 30 seconds left.
|
|t:|1786159464
|move|p2a: Meowscarada|Flower Trick|p1a: Excadrill
|-crit|p1a: Excadrill
|-damage|p1a: Excadrill|32/100
|move|p1a: Excadrill|Rock Slide|p2a: Meowscarada|[spread] p2a,p2b
|-crit|p2b: Milotic
|-damage|p2a: Meowscarada|67/100
|-damage|p2b: Milotic|76/100
|move|p2b: Milotic|Coil|p2b: Milotic
|-boost|p2b: Milotic|atk|1
|-boost|p2b: Milotic|def|1
|-boost|p2b: Milotic|accuracy|1
|move|p1b: Farigiraf|Grass Knot|p2b: Milotic
|-supereffective|p2b: Milotic|1
|-damage|p2b: Milotic|43/100
|
|-heal|p2b: Milotic|49/100|[from] item: Leftovers
|upkeep
|turn|3
|inactive|Its Sushiii has 30 seconds left.
|inactive|Its Sushiii has 20 seconds left.
|
|t:|1786159500
|switch|p1a: Rotom|Rotom-Heat, L50|100/100
|move|p2a: Meowscarada|Flower Trick|p1a: Rotom
|-resisted|p1a: Rotom|1
|-crit|p1a: Rotom
|-damage|p1a: Rotom|72/100
|move|p2b: Milotic|Hypnosis|p1b: Farigiraf
|-status|p1b: Farigiraf|slp|[from] move: Hypnosis
|cant|p1b: Farigiraf|slp
|
|-heal|p2b: Milotic|55/100|[from] item: Leftovers
|upkeep
|turn|4
|inactive|shinykuzan has 30 seconds left.
|
|t:|1786159526
|move|p2a: Meowscarada|Knock Off|p1a: Rotom
|-damage|p1a: Rotom|18/100
|-enditem|p1a: Rotom|Life Orb|[from] move: Knock Off|[of] p2a: Meowscarada
|move|p1a: Rotom|Overheat|p2a: Meowscarada
|-supereffective|p2a: Meowscarada|1
|-damage|p2a: Meowscarada|0 fnt
|-unboost|p1a: Rotom|spa|2
|faint|p2a: Meowscarada
|move|p2b: Milotic|Muddy Water|p1b: Farigiraf|[spread] p1a,p1b
|-supereffective|p1a: Rotom|1
|-damage|p1a: Rotom|0 fnt
|-damage|p1b: Farigiraf|77/100 slp
|faint|p1a: Rotom
|-curestatus|p1b: Farigiraf|slp|[msg]
|move|p1b: Farigiraf|Grass Knot|p2b: Milotic
|-supereffective|p2b: Milotic|1
|-crit|p2b: Milotic
|-damage|p2b: Milotic|3/100
|
|-heal|p2b: Milotic|9/100|[from] item: Leftovers
|upkeep
|
|t:|1786159544
|switch|p2a: Ninetales|Ninetales-Alola, L50, F|100/100
|switch|p1a: Excadrill|Excadrill, L50, F|32/100
|-weather|Snowscape|[from] ability: Snow Warning|[of] p2a: Ninetales
|turn|5
|inactive|Its Sushiii has 30 seconds left.
|
|t:|1786159577
|switch|p1a: Milotic|Milotic, L50, F|100/100
|move|p2a: Ninetales|Blizzard|p1a: Milotic|[spread] p1a,p1b
|-resisted|p1a: Milotic|1
|-damage|p1a: Milotic|89/100
|-damage|p1b: Farigiraf|45/100
|-enditem|p1b: Farigiraf|Sitrus Berry|[eat]
|-heal|p1b: Farigiraf|70/100|[from] item: Sitrus Berry
|move|p2b: Milotic|Recover|p2b: Milotic
|-heal|p2b: Milotic|59/100
|move|p1b: Farigiraf|Trick Room|p1b: Farigiraf
|-fieldstart|move: Trick Room|[of] p1b: Farigiraf
|
|-weather|Snowscape|[upkeep]
|-heal|p2b: Milotic|65/100|[from] item: Leftovers
|-heal|p1a: Milotic|95/100|[from] item: Leftovers
|upkeep
|turn|6
|inactive|Its Sushiii has 30 seconds left.
|
|t:|1786159603
|move|p1b: Farigiraf|Grass Knot|p2b: Milotic
|-supereffective|p2b: Milotic|1
|-damage|p2b: Milotic|36/100
|move|p2b: Milotic|Recover|p2b: Milotic
|-heal|p2b: Milotic|86/100
|move|p1a: Milotic|Scald|p2b: Milotic
|-resisted|p2b: Milotic|1
|-damage|p2b: Milotic|76/100
|move|p2a: Ninetales|Aurora Veil|p2a: Ninetales
|-sidestart|p2: shinykuzan|move: Aurora Veil
|
|-weather|Snowscape|[upkeep]
|-heal|p2b: Milotic|82/100|[from] item: Leftovers
|-heal|p1a: Milotic|100/100|[from] item: Leftovers
|upkeep
|turn|7
|
|t:|1786159627
|move|p1b: Farigiraf|Grass Knot|p2b: Milotic
|-supereffective|p2b: Milotic|1
|-damage|p2b: Milotic|62/100
|move|p2b: Milotic|Hypnosis|p1b: Farigiraf
|-status|p1b: Farigiraf|slp|[from] move: Hypnosis
|move|p1a: Milotic|Scald|p2a: Ninetales
|-damage|p2a: Ninetales|75/100
|move|p2a: Ninetales|Blizzard|p1a: Milotic|[spread] p1a,p1b
|-resisted|p1a: Milotic|1
|-damage|p1a: Milotic|88/100
|-damage|p1b: Farigiraf|38/100 slp
|
|-weather|Snowscape|[upkeep]
|-heal|p2b: Milotic|68/100|[from] item: Leftovers
|-heal|p1a: Milotic|94/100|[from] item: Leftovers
|upkeep
|turn|8
|
|t:|1786159648
|cant|p1b: Farigiraf|slp
|move|p2b: Milotic|Hypnosis|p1a: Milotic
|-status|p1a: Milotic|slp|[from] move: Hypnosis
|cant|p1a: Milotic|slp
|move|p2a: Ninetales|Blizzard|p1b: Farigiraf|[spread] p1a,p1b
|-resisted|p1a: Milotic|1
|-damage|p1a: Milotic|85/100 slp
|-damage|p1b: Farigiraf|6/100 slp
|
|-weather|Snowscape|[upkeep]
|-heal|p2b: Milotic|74/100|[from] item: Leftovers
|-heal|p1a: Milotic|91/100 slp|[from] item: Leftovers
|upkeep
|turn|9
|
|t:|1786159666
|cant|p1b: Farigiraf|slp
|move|p2b: Milotic|Recover|p2b: Milotic
|-heal|p2b: Milotic|100/100
|cant|p1a: Milotic|slp
|move|p2a: Ninetales|Blizzard|p1b: Farigiraf|[spread] p1a,p1b
|-resisted|p1a: Milotic|1
|-damage|p1a: Milotic|80/100 slp
|-damage|p1b: Farigiraf|0 fnt
|faint|p1b: Farigiraf
|
|-weather|none
|-heal|p1a: Milotic|86/100 slp|[from] item: Leftovers
|-fieldend|move: Trick Room
|upkeep
|
|t:|1786159678
|switch|p1b: Excadrill|Excadrill, L50, F|32/100
|turn|10
|
|t:|1786159686
|move|p2a: Ninetales|Protect|p2a: Ninetales
|-singleturn|p2a: Ninetales|Protect
|move|p1b: Excadrill|Protect|p1b: Excadrill
|-singleturn|p1b: Excadrill|Protect
|-curestatus|p1a: Milotic|slp|[msg]
|move|p1a: Milotic|Icy Wind|p2a: Ninetales|[spread] p2b
|-activate|p2a: Ninetales|move: Protect
|-resisted|p2b: Milotic|1
|-damage|p2b: Milotic|97/100
|-unboost|p2b: Milotic|spe|1
|-ability|p2b: Milotic|Competitive|boost
|-boost|p2b: Milotic|spa|2
|move|p2b: Milotic|Muddy Water|p1a: Milotic|[spread] p1a
|-activate|p1b: Excadrill|move: Protect
|-resisted|p1a: Milotic|1
|-damage|p1a: Milotic|68/100
|
|-heal|p1a: Milotic|74/100|[from] item: Leftovers
|-heal|p2b: Milotic|100/100|[from] item: Leftovers
|upkeep
|turn|11
|inactive|Its Sushiii has 30 seconds left.
|inactive|shinykuzan has 30 seconds left.
|
|t:|1786159725
|move|p2a: Ninetales|Freeze-Dry|p1a: Milotic
|-supereffective|p1a: Milotic|1
|-damage|p1a: Milotic|36/100
|move|p1b: Excadrill|Iron Head|p2a: Ninetales
|-supereffective|p2a: Ninetales|2
|-damage|p2a: Ninetales|0 fnt
|faint|p2a: Ninetales
|move|p1a: Milotic|Scald|p2b: Milotic
|-resisted|p2b: Milotic|1
|-damage|p2b: Milotic|93/100
|move|p2b: Milotic|Muddy Water|p1b: Excadrill|[spread] p1a,p1b
|-resisted|p1a: Milotic|1
|-supereffective|p1b: Excadrill|1
|-damage|p1a: Milotic|20/100r
|-damage|p1b: Excadrill|0 fnt
|-unboost|p1a: Milotic|accuracy|1
|-ability|p1a: Milotic|Competitive|boost
|-boost|p1a: Milotic|spa|2
|faint|p1b: Excadrill
|
|-heal|p1a: Milotic|25/100|[from] item: Leftovers
|-heal|p2b: Milotic|99/100|[from] item: Leftovers
|upkeep
|turn|12
|-message|Its Sushiii forfeited.
|
|win|shinykuzan
||shinykuzan is ready for game 2.
||Its Sushiii is ready for game 2.
|uhtml|next|Next: Game 2 of 3
