|j|☆Ferran Tiburon
|j|☆UpstartMannekin
|html|Ferran TiburonUpstartMannekin    
|uhtml|bestof|Game 2 of a best-of-3
|t:|1784750688
|gametype|doubles
|player|p1|Ferran Tiburon|2|1241
|player|p2|UpstartMannekin|cheren|1180
|gen|9
|tier|[Gen 9 Champions] VGC 2026 Reg M-B (Bo3)
|rated|
|rule|Species Clause: Limit one of each Pokémon
|rule|Item Clause: Limit 1 of each item
|clearpoke
|poke|p1|Charizard, L50, M|
|poke|p1|Garchomp, L50, M|
|poke|p1|Incineroar, L50, F|
|poke|p1|Venusaur, L50, F|
|poke|p1|Toxapex, L50, M|
|poke|p1|Sylveon, L50, M|
|poke|p2|Sinistcha, L50|
|poke|p2|Incineroar, L50, F|
|poke|p2|Milotic, L50, M|
|poke|p2|Raichu, L50, M|
|poke|p2|Floette-Eternal, L50, F|
|poke|p2|Ceruledge, L50, F|
|teampreview|4
|showteam|p1|Charizard||CharizarditeY|SolarPower|WeatherBall,HeatWave,AncientPower,Protect|Modest||M|||50|]Garchomp||ChoiceScarf|RoughSkin|RockSlide,DragonClaw,Earthquake,StompingTantrum|Adamant||M|||50|]Incineroar||SitrusBerry|Intimidate|FlareBlitz,FakeOut,Taunt,PartingShot|Impish||F|||50|]Venusaur||LifeOrb|Chlorophyll|SludgeBomb,LeafStorm,EarthPower,Protect|Modest||F|||50|]Toxapex||Leftovers|Regenerator|Infestation,Toxic,WideGuard,BanefulBunker|Bold||M|||50|]Sylveon||FairyFeather|Pixilate|HyperVoice,QuickAttack,Yawn,Detect|Modest||M|||50|
|showteam|p2|Sinistcha||KasibBerry|Hospitality|MatchaGotcha,LifeDew,RagePowder,Protect|Relaxed|||||50|]Incineroar||SitrusBerry|Intimidate|FlareBlitz,ThroatChop,FakeOut,PartingShot|Careful||F|||50|]Milotic||Leftovers|Competitive|MuddyWater,Coil,Hypnosis,Recover|Calm||M|||50|]Raichu||RaichuniteY|LightningRod|ZapCannon,FocusBlast,FakeOut,Protect|Timid||M|||50|]Floette-Eternal||Floettite|FlowerVeil|DazzlingGleam,DrainingKiss,CalmMind,Protect|Timid||F|||50|]Ceruledge||ColburBerry|FlashFire|BitterBlade,ShadowSneak,BulkUp,Protect|Adamant||F|||50|
|inactive|Battle timer is ON: inactive players will automatically lose when time's up. (requested by Ferran Tiburon)
|
|t:|1784750713
|teamsize|p1|4
|teamsize|p2|4
|start
|switch|p1a: Garchomp|Garchomp, L50, M|100/100
|switch|p1b: Venusaur|Venusaur, L50, F|100/100
|switch|p2a: Milotic|Milotic, L50, M|100/100
|switch|p2b: Floette|Floette-Eternal, L50, F|100/100
|turn|1
|
|t:|1784750724
|switch|p2a: Incineroar|Incineroar, L50, F|100/100
|-ability|p2a: Incineroar|Intimidate|boost
|-unboost|p1a: Garchomp|atk|1
|-unboost|p1b: Venusaur|atk|1
|detailschange|p2b: Floette|Floette-Mega, L50, F
|-mega|p2b: Floette|Floette|Floettite
|-ability|p2b: Floette|Fairy Aura
|move|p1a: Garchomp|Rock Slide|p2a: Incineroar|[spread] p2a,p2b
|-supereffective|p2a: Incineroar|1
|-damage|p2a: Incineroar|68/100
|-damage|p2b: Floette|82/100
|move|p2b: Floette|Calm Mind|p2b: Floette
|-boost|p2b: Floette|spa|1
|-boost|p2b: Floette|spd|1
|move|p1b: Venusaur|Sludge Bomb|p2b: Floette
|-supereffective|p2b: Floette|1
|-damage|p2b: Floette|19/100
|-damage|p1b: Venusaur|90/100|[from] item: Life Orb
|
|upkeep
|turn|2
|
|t:|1784750749
|switch|p1a: Incineroar|Incineroar, L50, F|100/100
|-ability|p1a: Incineroar|Intimidate|boost
|-unboost|p2a: Incineroar|atk|1
|-unboost|p2b: Floette|atk|1
|move|p2a: Incineroar|Fake Out|p1a: Incineroar
|-damage|p1a: Incineroar|94/100
|move|p2b: Floette|Draining Kiss|p1b: Venusaur
|-resisted|p1b: Venusaur|1
|-damage|p1b: Venusaur|62/100
|-heal|p2b: Floette|42/100|[from] drain|[of] p1b: Venusaur
|move|p1b: Venusaur|Sludge Bomb|p2b: Floette
|-supereffective|p2b: Floette|1
|-damage|p2b: Floette|0 fnt
|faint|p2b: Floette
|-damage|p1b: Venusaur|52/100|[from] item: Life Orb
|
|upkeep
|
|t:|1784750758
|switch|p2b: Milotic|Milotic, L50, M|100/100
|turn|3
|
|t:|1784750764
|switch|p2b: Ceruledge|Ceruledge, L50, F|100/100
|move|p1a: Incineroar|Fake Out|p2a: Incineroar
|-damage|p2a: Incineroar|55/100
|move|p1b: Venusaur|Leaf Storm|p2b: Ceruledge
|-resisted|p2b: Ceruledge|1
|-damage|p2b: Ceruledge|56/100
|-unboost|p1b: Venusaur|spa|2
|-damage|p1b: Venusaur|43/100|[from] item: Life Orb
|cant|p2a: Incineroar|flinch
|
|upkeep
|turn|4
|
|t:|1784750773
|switch|p1b: Garchomp|Garchomp, L50, M|100/100
|move|p2b: Ceruledge|Bulk Up|p2b: Ceruledge
|-boost|p2b: Ceruledge|atk|1
|-boost|p2b: Ceruledge|def|1
|move|p2a: Incineroar|Parting Shot|p1a: Incineroar
|-unboost|p1a: Incineroar|atk|1
|-unboost|p1a: Incineroar|spa|1
|
|t:|1784750780
|switch|p2a: Milotic|Milotic, L50, M|100/100|[from] Parting Shot
|move|p1a: Incineroar|Parting Shot|p2a: Milotic
|-unboost|p2a: Milotic|atk|1
|-ability|p2a: Milotic|Competitive|boost
|-boost|p2a: Milotic|spa|2
|-unboost|p2a: Milotic|spa|1
|-ability|p2a: Milotic|Competitive|boost
|-boost|p2a: Milotic|spa|2
|
|t:|1784750799
|switch|p1a: Charizard|Charizard, L50, M|100/100|[from] Parting Shot
|
|upkeep
|turn|5
|
|t:|1784750809
|detailschange|p1a: Charizard|Charizard-Mega-Y, L50, M
|-mega|p1a: Charizard|Charizard|Charizardite Y
|-weather|SunnyDay|[from] ability: Drought|[of] p1a: Charizard
|move|p2b: Ceruledge|Protect|p2b: Ceruledge
|-singleturn|p2b: Ceruledge|Protect
|move|p1b: Garchomp|Earthquake|p2b: Ceruledge|[spread] p2a
|-activate|p2b: Ceruledge|move: Protect
|-immune|p1a: Charizard
|-damage|p2a: Milotic|46/100
|move|p1a: Charizard|Weather Ball|p2a: Milotic
|-resisted|p2a: Milotic|1
|-damage|p2a: Milotic|12/100
|move|p2a: Milotic|Hypnosis|p1b: Garchomp
|-status|p1b: Garchomp|slp|[from] move: Hypnosis
|
|-weather|SunnyDay|[upkeep]
|-heal|p2a: Milotic|18/100|[from] item: Leftovers
|upkeep
|turn|6
|
|t:|1784750828
|switch|p2a: Incineroar|Incineroar, L50, F|55/100
|-ability|p2a: Incineroar|Intimidate|boost
|-unboost|p1a: Charizard|atk|1
|-unboost|p1b: Garchomp|atk|1
|cant|p1b: Garchomp|slp
|move|p1a: Charizard|Ancient Power|p2b: Ceruledge
|-supereffective|p2b: Ceruledge|1
|-damage|p2b: Ceruledge|2/100
|move|p2b: Ceruledge|Bitter Blade|p1b: Garchomp
|-resisted|p1b: Garchomp|1
|-damage|p1b: Garchomp|59/100 slp
|-heal|p2b: Ceruledge|28/100|[from] drain|[of] p1b: Garchomp
|-damage|p2b: Ceruledge|16/100|[from] ability: Rough Skin|[of] p1b: Garchomp
|
|-weather|SunnyDay|[upkeep]
|upkeep
|turn|7
|
|t:|1784750846
|move|p2a: Incineroar|Fake Out|p1b: Garchomp
|-damage|p1b: Garchomp|49/100 slp
|-damage|p2a: Incineroar|42/100|[from] ability: Rough Skin|[of] p1b: Garchomp
|-enditem|p2a: Incineroar|Sitrus Berry|[eat]
|-heal|p2a: Incineroar|67/100|[from] item: Sitrus Berry
|move|p2b: Ceruledge|Shadow Sneak|p1a: Charizard
|-damage|p1a: Charizard|73/100
|cant|p1b: Garchomp|slp
|move|p1a: Charizard|Ancient Power|p2b: Ceruledge
|-supereffective|p2b: Ceruledge|1
|-damage|p2b: Ceruledge|0 fnt
|faint|p2b: Ceruledge
|
|-weather|SunnyDay|[upkeep]
|upkeep
|
|t:|1784750850
|switch|p2b: Milotic|Milotic, L50, M|18/100
|turn|8
|c|☆UpstartMannekin|Na este equipo no se me da
|c|☆UpstartMannekin|JAJAJAJAJA
|c|☆UpstartMannekin|GGs pibe
|-message|UpstartMannekin forfeited.
|
|win|Ferran Tiburon
|raw|Ferran Tiburon's rating: 1241 → 1262(+21 for winning)
|raw|UpstartMannekin's rating: 1180 → 1159(-21 for losing)
|c|☆Ferran Tiburon|nah gg igual
|c|☆UpstartMannekin|VIVA ESPAÑA
|l|☆UpstartMannekin
|player|p2|
|c|☆Ferran Tiburon|cuando puse al milotic +3 me cague
|c|☆Ferran Tiburon|viva
|c|☆Ferran Tiburon|JAJAJAJ
