|j|☆new mental
|j|☆pepethegoatscrote
|html|new mentalpepethegoatscrote    
|uhtml|bestof|Game 2 of a best-of-3
|t:|1784831938
|gametype|doubles
|player|p1|new mental|volkner|1205
|player|p2|pepethegoatscrote|266|1122
|gen|9
|tier|[Gen 9 Champions] VGC 2026 Reg M-B (Bo3)
|rated|
|rule|Species Clause: Limit one of each Pokémon
|rule|Item Clause: Limit 1 of each item
|clearpoke
|poke|p1|Charizard, L50, M|
|poke|p1|Garchomp, L50, F|
|poke|p1|Incineroar, L50, F|
|poke|p1|Venusaur, L50, F|
|poke|p1|Toxapex, L50, M|
|poke|p1|Sylveon, L50, F|
|poke|p2|Charizard, L50, M|
|poke|p2|Aerodactyl, L50, F|
|poke|p2|Garchomp, L50, F|
|poke|p2|Sylveon, L50, F|
|poke|p2|Farigiraf, L50, F|
|poke|p2|Kingambit, L50, F|
|teampreview|4
|showteam|p1|Charizard||CharizarditeY|SolarPower|WeatherBall,HeatWave,AncientPower,Protect|Modest||M|||50|]Garchomp||ChoiceScarf|RoughSkin|RockSlide,DragonClaw,Earthquake,StompingTantrum|Adamant||F|||50|]Incineroar||SitrusBerry|Intimidate|FlareBlitz,FakeOut,DarkestLariat,PartingShot|Impish||F|||50|]Venusaur||LifeOrb|Chlorophyll|SludgeBomb,LeafStorm,EarthPower,Protect|Modest||F|||50|]Toxapex||Leftovers|Regenerator|Infestation,Toxic,WideGuard,BanefulBunker|Bold||M|||50|]Sylveon||FairyFeather|Pixilate|HyperVoice,QuickAttack,Yawn,Detect|Modest||F|||50|
|showteam|p2|Charizard||CharizarditeY|Blaze|HeatWave,WeatherBall,SolarBeam,Protect|Modest||M|||50|]Aerodactyl||Aerodactylite|Unnerve|RockSlide,DualWingbeat,IceFang,Tailwind|Jolly||F|||50|]Garchomp||LifeOrb|RoughSkin|DragonClaw,Earthquake,RockSlide,Protect|Jolly||F|||50|]Sylveon||FairyFeather|Pixilate|HyperVoice,HyperBeam,QuickAttack,Detect|Modest||F|||50|]Farigiraf||SitrusBerry|ArmorTail|Psychic,Thunderbolt,TrickRoom,Protect|Bold||F|||50|]Kingambit||FocusSash|Defiant|KowtowCleave,IronHead,SuckerPunch,LowKick|Adamant||F|||50|
|c|☆pepethegoatscrote|peak rage bait double flinch lol
|c|☆new mental|cant care more
|
|t:|1784831963
|teamsize|p1|4
|teamsize|p2|4
|start
|switch|p1a: Charizard|Charizard, L50, M|100/100
|switch|p1b: Toxapex|Toxapex, L50, M|100/100
|switch|p2a: Aerodactyl|Aerodactyl, L50, F|100/100
|switch|p2b: Charizard|Charizard, L50, M|100/100
|-ability|p2a: Aerodactyl|Unnerve
|turn|1
|inactive|Battle timer is ON: inactive players will automatically lose when time's up. (requested by pepethegoatscrote)
|
|t:|1784831989
|detailschange|p1a: Charizard|Charizard-Mega-Y, L50, M
|-mega|p1a: Charizard|Charizard|Charizardite Y
|-weather|SunnyDay|[from] ability: Drought|[of] p1a: Charizard
|detailschange|p2b: Charizard|Charizard-Mega-Y, L50, M
|-mega|p2b: Charizard|Charizard|Charizardite Y
|move|p1b: Toxapex|Wide Guard|p1b: Toxapex
|-singleturn|p1b: Toxapex|Wide Guard
|move|p2a: Aerodactyl|Tailwind|p2a: Aerodactyl
|-sidestart|p2: pepethegoatscrote|move: Tailwind
|move|p2b: Charizard|Weather Ball|p1a: Charizard
|-resisted|p1a: Charizard|1
|-damage|p1a: Charizard|65/100
|move|p1a: Charizard|Ancient Power|p2a: Aerodactyl
|-supereffective|p2a: Aerodactyl|1
|-damage|p2a: Aerodactyl|29/100
|
|-weather|SunnyDay|[upkeep]
|upkeep
|turn|2
|
|t:|1784832011
|switch|p2a: Garchomp|Garchomp, L50, F|100/100
|switch|p1a: Incineroar|Incineroar, L50, F|100/100
|-ability|p1a: Incineroar|Intimidate|boost
|-unboost|p2a: Garchomp|atk|1
|-unboost|p2b: Charizard|atk|1
|move|p2b: Charizard|Heat Wave|p1a: Incineroar|[spread] 
|-miss|p2b: Charizard|p1a: Incineroar
|-miss|p2b: Charizard|p1b: Toxapex
|move|p1b: Toxapex|Toxic|p2a: Garchomp
|-status|p2a: Garchomp|tox
|
|-weather|SunnyDay|[upkeep]
|-damage|p2a: Garchomp|94/100 tox|[from] psn
|upkeep
|turn|3
|
|t:|1784832025
|switch|p2b: Farigiraf|Farigiraf, L50, F|100/100
|move|p1a: Incineroar|Fake Out||[still]
|cant|p2b: Farigiraf|ability: Armor Tail|Fake Out|[of] p1a: Incineroar
|move|p2a: Garchomp|Earthquake|p1a: Incineroar|[spread] p2b,p1a,p1b
|-supereffective|p1a: Incineroar|1
|-supereffective|p1b: Toxapex|1
|-damage|p2b: Farigiraf|73/100
|-damage|p1a: Incineroar|50/100y
|-damage|p1b: Toxapex|53/100
|-enditem|p1a: Incineroar|Sitrus Berry|[eat]
|-heal|p1a: Incineroar|74/100|[from] item: Sitrus Berry
|-damage|p2a: Garchomp|84/100 tox|[from] item: Life Orb
|move|p1b: Toxapex|Infestation|p2b: Farigiraf
|-supereffective|p2b: Farigiraf|1
|-damage|p2b: Farigiraf|67/100
|-activate|p2b: Farigiraf|move: Infestation|[of] p1b: Toxapex
|
|-weather|SunnyDay|[upkeep]
|-heal|p1b: Toxapex|59/100|[from] item: Leftovers
|-damage|p2a: Garchomp|72/100 tox|[from] psn
|-damage|p2b: Farigiraf|55/100|[from] move: Infestation|[partiallytrapped]
|upkeep
|turn|4
|
|t:|1784832048
|-heal|p1b: Toxapex|92/100|[from] ability: Regenerator|[silent]
|switch|p1b: Sylveon|Sylveon, L50, F|100/100
|move|p2a: Garchomp|Dragon Claw|p1b: Sylveon
|-immune|p1b: Sylveon
|move|p2b: Farigiraf|Psychic|p1b: Sylveon
|-damage|p1b: Sylveon|74/100
|move|p1a: Incineroar|Darkest Lariat|p2b: Farigiraf
|-supereffective|p2b: Farigiraf|1
|-damage|p2b: Farigiraf|6/100
|-enditem|p2b: Farigiraf|Sitrus Berry|[eat]
|-heal|p2b: Farigiraf|31/100|[from] item: Sitrus Berry
|
|-weather|SunnyDay|[upkeep]
|-damage|p2a: Garchomp|54/100 tox|[from] psn
|-end|p2b: Farigiraf|Infestation|[partiallytrapped]|[silent]
|-sideend|p2: pepethegoatscrote|move: Tailwind
|upkeep
|turn|5
|
|t:|1784832070
|switch|p2a: Charizard|Charizard-Mega-Y, L50, M|100/100
|move|p2b: Farigiraf|Protect|p2b: Farigiraf
|-singleturn|p2b: Farigiraf|Protect
|move|p1b: Sylveon|Hyper Voice|p2a: Charizard|[spread] p2a
|-activate|p2b: Farigiraf|move: Protect
|-resisted|p2a: Charizard|1
|-damage|p2a: Charizard|82/100
|move|p1a: Incineroar|Parting Shot|p2b: Farigiraf
|-activate|p2b: Farigiraf|move: Protect
|
|-weather|none
|upkeep
|turn|6
|
|t:|1784832091
|move|p2a: Charizard|Heat Wave|p1a: Incineroar|[spread] p1a
|-miss|p2a: Charizard|p1b: Sylveon
|-resisted|p1a: Incineroar|1
|-damage|p1a: Incineroar|56/100
|move|p1b: Sylveon|Hyper Voice|p2b: Farigiraf|[spread] p2a,p2b
|-resisted|p2a: Charizard|1
|-damage|p2a: Charizard|64/100
|-damage|p2b: Farigiraf|0 fnt
|faint|p2b: Farigiraf
|move|p1a: Incineroar|Parting Shot|p2a: Charizard
|-unboost|p2a: Charizard|atk|1
|-unboost|p2a: Charizard|spa|1
|
|t:|1784832094
|switch|p1a: Toxapex|Toxapex, L50, M|92/100|[from] Parting Shot
|
|-heal|p1a: Toxapex|98/100|[from] item: Leftovers
|upkeep
|
|t:|1784832100
|switch|p2b: Garchomp|Garchomp, L50, F|54/100 tox
|turn|7
|
|t:|1784832107
|move|p2a: Charizard|Protect|p2a: Charizard
|-singleturn|p2a: Charizard|Protect
|move|p1a: Toxapex|Wide Guard|p1a: Toxapex
|-singleturn|p1a: Toxapex|Wide Guard
|move|p2b: Garchomp|Earthquake|p1a: Toxapex|[spread] 
|-activate|p1a: Toxapex|move: Wide Guard
|-activate|p1b: Sylveon|move: Wide Guard
|-activate|p2a: Charizard|move: Protect
|move|p1b: Sylveon|Hyper Voice|p2a: Charizard|[spread] p2b
|-activate|p2a: Charizard|move: Protect
|-supereffective|p2b: Garchomp|1
|-damage|p2b: Garchomp|0 fnt
|faint|p2b: Garchomp
|
|-heal|p1a: Toxapex|100/100|[from] item: Leftovers
|upkeep
|
|t:|1784832112
|switch|p2b: Aerodactyl|Aerodactyl, L50, F|29/100
|-ability|p2b: Aerodactyl|Unnerve
|turn|8
|
|t:|1784832125
|switch|p1b: Incineroar|Incineroar, L50, F|56/100
|-ability|p1b: Incineroar|Intimidate|boost
|-unboost|p2a: Charizard|atk|1
|-unboost|p2b: Aerodactyl|atk|1
|move|p2a: Charizard|Protect||[still]
|-fail|p2a: Charizard
|move|p2b: Aerodactyl|Tailwind|p2b: Aerodactyl
|-sidestart|p2: pepethegoatscrote|move: Tailwind
|move|p1a: Toxapex|Toxic|p2a: Charizard
|-status|p2a: Charizard|tox
|
|-damage|p2a: Charizard|58/100 tox|[from] psn
|upkeep
|turn|9
|
|t:|1784832138
|move|p1b: Incineroar|Fake Out|p2a: Charizard
|-damage|p2a: Charizard|49/100 tox
|move|p2b: Aerodactyl|Rock Slide|p1a: Toxapex|[spread] p1a,p1b
|-supereffective|p1b: Incineroar|1
|-damage|p1a: Toxapex|88/100
|-damage|p1b: Incineroar|30/100
|cant|p2a: Charizard|flinch
|cant|p1a: Toxapex|flinch
|
|-heal|p1a: Toxapex|94/100|[from] item: Leftovers
|-damage|p2a: Charizard|37/100 tox|[from] psn
|upkeep
|turn|10
|
|t:|1784832151
|move|p2b: Aerodactyl|Dual Wingbeat|p1b: Incineroar
|-damage|p1b: Incineroar|20/100y
|-damage|p1b: Incineroar|11/100
|-hitcount|p1b: Incineroar|2
|move|p2a: Charizard|Weather Ball|p1b: Incineroar
|-damage|p1b: Incineroar|1/100
|move|p1b: Incineroar|Parting Shot|p2a: Charizard
|-unboost|p2a: Charizard|atk|1
|-unboost|p2a: Charizard|spa|1
|
|t:|1784832155
|switch|p1b: Sylveon|Sylveon, L50, F|74/100|[from] Parting Shot
|move|p1a: Toxapex|Toxic|p2b: Aerodactyl
|-status|p2b: Aerodactyl|tox
|
|-heal|p1a: Toxapex|100/100|[from] item: Leftovers
|-damage|p2b: Aerodactyl|24/100 tox|[from] psn
|-damage|p2a: Charizard|20/100r tox|[from] psn
|upkeep
|turn|11
|
|t:|1784832165
|switch|p1b: Incineroar|Incineroar, L50, F|1/100
|-ability|p1b: Incineroar|Intimidate|boost
|-unboost|p2a: Charizard|atk|1
|-unboost|p2b: Aerodactyl|atk|1
|move|p2b: Aerodactyl|Rock Slide|p1a: Toxapex|[spread] p1a,p1b
|-supereffective|p1b: Incineroar|1
|-damage|p1a: Toxapex|91/100
|-damage|p1b: Incineroar|0 fnt
|faint|p1b: Incineroar
|move|p2a: Charizard|Heat Wave|p1a: Toxapex
|-resisted|p1a: Toxapex|1
|-damage|p1a: Toxapex|80/100
|move|p1a: Toxapex|Infestation|p2b: Aerodactyl
|-resisted|p2b: Aerodactyl|1
|-damage|p2b: Aerodactyl|22/100 tox
|-activate|p2b: Aerodactyl|move: Infestation|[of] p1a: Toxapex
|
|-heal|p1a: Toxapex|86/100|[from] item: Leftovers
|-damage|p2b: Aerodactyl|10/100 tox|[from] psn
|-damage|p2a: Charizard|0 fnt|[from] psn
|faint|p2a: Charizard
|-damage|p2b: Aerodactyl|0 fnt|[from] move: Infestation|[partiallytrapped]
|faint|p2b: Aerodactyl
|
|win|new mental
