|j|☆darthmorton
|j|☆TerapagosdiNorcia
|html|darthmortonTerapagosdiNorcia    
|uhtml|bestof|Game 2 of a best-of-3
|t:|1754254032
|gametype|doubles
|player|p1|darthmorton|ingo|1274
|player|p2|TerapagosdiNorcia|169|1204
|gen|9
|tier|[Gen 9] VGC 2025 Reg H (Bo3)
|rated|
|rule|Species Clause: Limit one of each Pokémon
|rule|Item Clause: Limit 1 of each item
|clearpoke
|poke|p1|Kommo-o, L50, F|
|poke|p1|Rillaboom, L50, F|
|poke|p1|Clefairy, L50, M|
|poke|p1|Kingambit, L50, M|
|poke|p1|Sneasler, L50, M|
|poke|p1|Gyarados, L50, F|
|poke|p2|Dondozo, L50, F|
|poke|p2|Tatsugiri, L50, F|
|poke|p2|Indeedee, L50, M|
|poke|p2|Sneasler, L50, F|
|poke|p2|Annihilape, L50, F|
|poke|p2|Dragonite, L50, F|
|teampreview|4
|showteam|p1|Kommo-o||ThroatSpray|Overcoat|ClangingScales,Flamethrower,ClangorousSoul,Protect|||F|||50|,,,,,Fire]Rillaboom||AssaultVest|GrassySurge|FakeOut,WoodHammer,GrassyGlide,Uturn|||F|||50|,,,,,Fire]Clefairy||Eviolite|FriendGuard|FollowMe,HelpingHand,Protect,AfterYou|||M|||50|,,,,,Grass]Kingambit||BlackGlasses|Defiant|KowtowCleave,SuckerPunch,IronHead,Protect|||M|||50|,,,,,Ghost]Sneasler||GrassySeed|Unburden|FakeOut,CloseCombat,DireClaw,Coaching|||M|||50|,,,,,Ghost]Gyarados||CovertCloak|Intimidate|Waterfall,Taunt,IronHead,ThunderWave|||F|||50|,,,,,Fairy
|showteam|p2|Dondozo||SafetyGoggles|Unaware|WaveCrash,Earthquake,HeavySlam,Protect|||F|||50|,,,,,Steel]Tatsugiri||SitrusBerry|Commander|MuddyWater,DracoMeteor,DragonPulse,Protect|||F|||50|,,,,,Ghost]Indeedee||FocusSash|PsychicSurge|ExpandingForce,Imprison,TrickRoom,HelpingHand|||M|||50|,,,,,Ghost]Sneasler||PsychicSeed|Unburden|CloseCombat,DireClaw,ThroatChop,Protect|||F|||50|,,,,,Dark]Annihilape||ChoiceScarf|Defiant|CloseCombat,Coaching,FinalGambit,Uturn|||F|||50|,,,,,Grass]Dragonite||LumBerry|InnerFocus|ExtremeSpeed,TeraBlast,StompingTantrum,Protect|||F|||50|,,,,,Flying
|inactive|Battle timer is ON: inactive players will automatically lose when time's up. (requested by darthmorton)
|
|t:|1754254052
|teamsize|p1|4
|teamsize|p2|4
|start
|switch|p1a: AJ|Rillaboom, L50, F, shiny|100/100
|switch|p1b: Craig|Sneasler, L50, M, shiny|100/100
|switch|p2a: Dragonite|Dragonite, L50, F|100/100
|switch|p2b: Annihilape|Annihilape, L50, F|100/100
|-fieldstart|move: Grassy Terrain|[from] ability: Grassy Surge|[of] p1a: AJ
|-enditem|p1b: Craig|Grassy Seed
|-boost|p1b: Craig|def|1|[from] item: Grassy Seed
|turn|1
|inactive|darthmorton has 30 seconds left.
|inactive|TerapagosdiNorcia has 30 seconds left.
|inactive|darthmorton has 20 seconds left.
|inactive|darthmorton has 15 seconds left.
|inactive|darthmorton has 10 seconds left.
|
|t:|1754254102
|switch|p2a: Indeedee|Indeedee, L50, M|100/100
|-fieldstart|move: Psychic Terrain|[from] ability: Psychic Surge|[of] p2a: Indeedee
|-terastallize|p1b: Craig|Ghost
|move|p1b: Craig|Dire Claw|p2b: Annihilape
|-resisted|p2b: Annihilape
|-damage|p2b: Annihilape|79/100
|-status|p2b: Annihilape|slp
|cant|p2b: Annihilape|slp
|move|p1a: AJ|Grassy Glide|p2b: Annihilape
|-damage|p2b: Annihilape|54/100 slp
|
|upkeep
|turn|2
|
|t:|1754254121
|move|p1b: Craig|Dire Claw|p2a: Indeedee
|-damage|p2a: Indeedee|3/100
|-curestatus|p2b: Annihilape|slp|[msg]
|move|p2b: Annihilape|U-turn|p1a: AJ
|-supereffective|p1a: AJ
|-damage|p1a: AJ|64/100
|
|t:|1754254128
|switch|p2b: Sneasler|Sneasler, L50, F|100/100|[from] U-turn
|-enditem|p2b: Sneasler|Psychic Seed
|-boost|p2b: Sneasler|spd|1|[from] item: Psychic Seed
|move|p2a: Indeedee|Expanding Force|p1b: Craig|[spread] p1a,p1b
|-crit|p1b: Craig
|-damage|p1a: AJ|26/100
|-damage|p1b: Craig|0 fnt
|faint|p1b: Craig
|move|p1a: AJ|U-turn|p2a: Indeedee
|-supereffective|p2a: Indeedee
|-damage|p2a: Indeedee|0 fnt
|faint|p2a: Indeedee
|
|t:|1754254139
|switch|p1a: Blake|Kommo-o, L50, F, shiny|100/100|[from] U-turn
|
|upkeep
|
|t:|1754254150
|switch|p1b: AJ|Rillaboom, L50, F, shiny|26/100
|switch|p2a: Annihilape|Annihilape, L50, F|54/100
|-fieldstart|move: Grassy Terrain|[from] ability: Grassy Surge|[of] p1b: AJ
|turn|3
|
|t:|1754254178
|move|p1b: AJ|Fake Out|p2b: Sneasler
|-damage|p2b: Sneasler|79/100
|cant|p2b: Sneasler|flinch
|move|p2a: Annihilape|U-turn|p1b: AJ
|-supereffective|p1b: AJ
|-damage|p1b: AJ|0 fnt
|faint|p1b: AJ
|
|t:|1754254181
|switch|p2a: Dragonite|Dragonite, L50, F|100/100|[from] U-turn
|move|p1a: Blake|Clanging Scales|p2b: Sneasler|[spread] p2a,p2b
|-supereffective|p2a: Dragonite
|-damage|p2a: Dragonite|29/100
|-damage|p2b: Sneasler|51/100
|-unboost|p1a: Blake|def|1
|-enditem|p1a: Blake|Throat Spray
|-boost|p1a: Blake|spa|1|[from] item: Throat Spray
|
|-heal|p2b: Sneasler|57/100|[from] Grassy Terrain
|upkeep
|
|t:|1754254191
|switch|p1b: Gyarados|Gyarados, L50, F, shiny|100/100
|-ability|p1b: Gyarados|Intimidate|boost
|-fail|p2a: Dragonite|unboost|Attack|[from] ability: Inner Focus|[of] p2a: Dragonite
|-unboost|p2b: Sneasler|atk|1
|turn|4
|
|t:|1754254213
|move|p2b: Sneasler|Protect|p2b: Sneasler
|-singleturn|p2b: Sneasler|Protect
|move|p2a: Dragonite|Extreme Speed|p1a: Blake
|-damage|p1a: Blake|54/100
|move|p1a: Blake|Clanging Scales|p2a: Dragonite|[spread] p2a
|-activate|p2b: Sneasler|move: Protect
|-supereffective|p2a: Dragonite
|-damage|p2a: Dragonite|0 fnt
|faint|p2a: Dragonite
|-unboost|p1a: Blake|def|1
|move|p1b: Gyarados|Waterfall|p2b: Sneasler
|-activate|p2b: Sneasler|move: Protect
|
|-heal|p2b: Sneasler|63/100|[from] Grassy Terrain
|-heal|p1a: Blake|60/100|[from] Grassy Terrain
|upkeep
|
|t:|1754254220
|switch|p2a: Annihilape|Annihilape, L50, F|54/100
|turn|5
|inactive|TerapagosdiNorcia has 30 seconds left.
|
|t:|1754254246
|move|p1a: Blake|Protect|p1a: Blake
|-singleturn|p1a: Blake|Protect
|move|p2b: Sneasler|Dire Claw|p1a: Blake
|-activate|p1a: Blake|move: Protect
|move|p2a: Annihilape|Coaching|p2b: Sneasler
|-boost|p2b: Sneasler|atk|1
|-boost|p2b: Sneasler|def|1
|move|p1b: Gyarados|Waterfall|p2b: Sneasler
|-damage|p2b: Sneasler|18/100
|
|-heal|p2b: Sneasler|24/100|[from] Grassy Terrain
|-heal|p2a: Annihilape|60/100|[from] Grassy Terrain
|-heal|p1a: Blake|66/100|[from] Grassy Terrain
|upkeep
|turn|6
|
|t:|1754254265
|move|p2b: Sneasler|Dire Claw|p1a: Blake
|-damage|p1a: Blake|0 fnt
|faint|p1a: Blake
|move|p2a: Annihilape|Coaching|p2b: Sneasler
|-boost|p2b: Sneasler|atk|1
|-boost|p2b: Sneasler|def|1
|move|p1b: Gyarados|Waterfall|p2b: Sneasler
|-damage|p2b: Sneasler|0 fnt
|faint|p2b: Sneasler
|
|-heal|p2a: Annihilape|66/100|[from] Grassy Terrain
|upkeep
|turn|7
|-message|TerapagosdiNorcia forfeited.
|raw|darthmorton's rating: 1274 → 1294(+20 for winning)
|raw|TerapagosdiNorcia's rating: 1204 → 1184(-20 for losing)
|
|win|darthmorton
