|j|☆ShackWoods
|j|☆eggwich69
|html|ShackWoodseggwich69    
|uhtml|bestof|Game 3 of a best-of-3
|t:|1756323811
|gametype|doubles
|player|p1|ShackWoods|korrina|1161
|player|p2|eggwich69|266|1270
|gen|9
|tier|[Gen 9] VGC 2025 Reg H (Bo3)
|rated|
|rule|Species Clause: Limit one of each Pokémon
|rule|Item Clause: Limit 1 of each item
|clearpoke
|poke|p1|Lilligant-Hisui, L50, F|
|poke|p1|Armarouge, L50, F|
|poke|p1|Indeedee-F, L50, F|
|poke|p1|Torkoal, L50, F|
|poke|p1|Ursaluna, L50, M|
|poke|p1|Hatterene, L50, F|
|poke|p2|Kingambit, L50, M|
|poke|p2|Rillaboom, L50, F|
|poke|p2|Sneasler, L50, M|
|poke|p2|Dragonite, L50, M|
|poke|p2|Volcarona, L50, F|
|poke|p2|Electabuzz, L50, F|
|teampreview|4
|showteam|p1|Lilligant-Hisui||FocusSash|Chlorophyll|SolarBlade,CloseCombat,TripleAxel,AfterYou|||F|||50|,,,,,Ghost]Armarouge||PsychicSeed|FlashFire|ExpandingForce,ArmorCannon,WideGuard,TrickRoom|||F|||50|,,,,,Grass]Indeedee-F||RockyHelmet|PsychicSurge|AlluringVoice,HelpingHand,FollowMe,TrickRoom|||F|||50|,,,,,Grass]Torkoal||Charcoal|Drought|Eruption,WeatherBall,ClearSmog,Protect|||F|||50|,,,,,Fire]Ursaluna||FlameOrb|Guts|Facade,HeadlongRush,Substitute,Protect|||M|||50|,,,,,Ghost]Hatterene||LifeOrb|MagicBounce|ExpandingForce,DazzlingGleam,MysticalFire,TrickRoom|||F|||50|,,,,,Fire
|showteam|p2|Kingambit||BlackGlasses|Defiant|SwordsDance,KowtowCleave,SuckerPunch,Protect|||M|||50|,,,,,Dark]Rillaboom||AssaultVest|GrassySurge|FakeOut,GrassyGlide,WoodHammer,HighHorsepower|||F|||50|,,,,,Grass]Sneasler||FocusSash|Unburden|CloseCombat,DireClaw,Protect,ThroatChop|||M|||50|,,,,,Stellar]Dragonite||LoadedDice|Multiscale|ScaleShot,Tailwind,Protect,Haze|||M|||50|,,,,,Steel]Volcarona||CovertCloak|FlameBody|HeatWave,QuiverDance,Protect,StruggleBug|||F|||50|,,,,,Water]Electabuzz||Eviolite|VitalSpirit|FollowMe,Protect,Taunt,Electroweb|||F|||50|,,,,,Ghost
|inactive|Battle timer is ON: inactive players will automatically lose when time's up. (requested by ShackWoods)
|
|t:|1756323857
|teamsize|p1|4
|teamsize|p2|4
|start
|switch|p1a: Armarouge|Armarouge, L50, F|100/100
|switch|p1b: Indeedee|Indeedee-F, L50, F|100/100
|switch|p2a: Kingambit|Kingambit, L50, M|100/100
|switch|p2b: Volcarona|Volcarona, L50, F|100/100
|-fieldstart|move: Psychic Terrain|[from] ability: Psychic Surge|[of] p1b: Indeedee
|-enditem|p1a: Armarouge|Psychic Seed
|-boost|p1a: Armarouge|spd|1|[from] item: Psychic Seed
|turn|1
|inactive|ShackWoods has 30 seconds left.
|inactive|eggwich69 has 30 seconds left.
|
|t:|1756323890
|-terastallize|p1b: Indeedee|Grass
|move|p1a: Armarouge|Wide Guard|p1a: Armarouge
|-singleturn|p1a: Armarouge|Wide Guard
|move|p2b: Volcarona|Struggle Bug|p1b: Indeedee|[spread] 
|-activate|p1a: Armarouge|move: Wide Guard
|-activate|p1b: Indeedee|move: Wide Guard
|move|p2a: Kingambit|Kowtow Cleave|p1a: Armarouge
|-supereffective|p1a: Armarouge
|-damage|p1a: Armarouge|0 fnt
|faint|p1a: Armarouge
|move|p1b: Indeedee|Trick Room|p1b: Indeedee
|-fieldstart|move: Trick Room|[of] p1b: Indeedee
|
|upkeep
|
|t:|1756323901
|switch|p1a: Torkoal|Torkoal, L50, F|100/100
|-weather|SunnyDay|[from] ability: Drought|[of] p1a: Torkoal
|turn|2
|inactive|eggwich69 has 30 seconds left.
|
|t:|1756323928
|switch|p1b: Ursaluna|Ursaluna, L50, M|100/100
|-terastallize|p2b: Volcarona|Water
|move|p1a: Torkoal|Protect|p1a: Torkoal
|-singleturn|p1a: Torkoal|Protect
|move|p2a: Kingambit|Protect|p2a: Kingambit
|-singleturn|p2a: Kingambit|Protect
|move|p2b: Volcarona|Struggle Bug|p1b: Ursaluna|[spread] p1b
|-activate|p1a: Torkoal|move: Protect
|-damage|p1b: Ursaluna|85/100
|-unboost|p1b: Ursaluna|spa|1
|
|-weather|SunnyDay|[upkeep]
|-status|p1b: Ursaluna|brn|[from] item: Flame Orb
|upkeep
|turn|3
|inactive|eggwich69 has 30 seconds left.
|inactive|eggwich69 has 20 seconds left.
|
|t:|1756323964
|switch|p2b: Rillaboom|Rillaboom, L50, F|100/100
|-fieldstart|move: Grassy Terrain|[from] ability: Grassy Surge|[of] p2b: Rillaboom
|move|p2a: Kingambit|Sucker Punch|p1a: Torkoal
|-damage|p1a: Torkoal|62/100
|move|p1a: Torkoal|Weather Ball|p2a: Kingambit
|-supereffective|p2a: Kingambit
|-damage|p2a: Kingambit|0 fnt
|faint|p2a: Kingambit
|move|p1b: Ursaluna|Facade|p2b: Rillaboom
|-damage|p2b: Rillaboom|0 fnt
|faint|p2b: Rillaboom
|
|-weather|SunnyDay|[upkeep]
|-heal|p1a: Torkoal|68/100|[from] Grassy Terrain
|-heal|p1b: Ursaluna|91/100 brn|[from] Grassy Terrain
|-damage|p1b: Ursaluna|85/100 brn|[from] brn
|upkeep
|
|t:|1756323973
|switch|p2a: Volcarona|Volcarona, L50, F, tera:Water|100/100
|switch|p2b: Sneasler|Sneasler, L50, M|100/100
|turn|4
|inactive|eggwich69 has 30 seconds left.
|inactive|eggwich69 has 20 seconds left.
|
|t:|1756324013
|move|p2a: Volcarona|Protect|p2a: Volcarona
|-singleturn|p2a: Volcarona|Protect
|move|p1a: Torkoal|Weather Ball|p2b: Sneasler
|-enditem|p2b: Sneasler|Focus Sash
|-damage|p2b: Sneasler|1/100
|move|p1b: Ursaluna|Substitute|p1b: Ursaluna
|-start|p1b: Ursaluna|Substitute
|-damage|p1b: Ursaluna|61/100 brn
|move|p2b: Sneasler|Close Combat|p1b: Ursaluna
|-supereffective|p1b: Ursaluna
|-end|p1b: Ursaluna|Substitute
|-unboost|p2b: Sneasler|def|1
|-unboost|p2b: Sneasler|spd|1
|
|-weather|SunnyDay|[upkeep]
|-heal|p1a: Torkoal|74/100|[from] Grassy Terrain
|-heal|p1b: Ursaluna|66/100 brn|[from] Grassy Terrain
|-heal|p2b: Sneasler|7/100|[from] Grassy Terrain
|-damage|p1b: Ursaluna|61/100 brn|[from] brn
|upkeep
|turn|5
|
|t:|1756324031
|move|p2a: Volcarona|Protect|p2a: Volcarona
|-singleturn|p2a: Volcarona|Protect
|move|p2b: Sneasler|Protect|p2b: Sneasler
|-singleturn|p2b: Sneasler|Protect
|move|p1a: Torkoal|Weather Ball|p2b: Sneasler
|-activate|p2b: Sneasler|move: Protect
|move|p1b: Ursaluna|Facade|p2a: Volcarona
|-activate|p2a: Volcarona|move: Protect
|
|-weather|SunnyDay|[upkeep]
|-heal|p1a: Torkoal|80/100|[from] Grassy Terrain
|-heal|p1b: Ursaluna|66/100 brn|[from] Grassy Terrain
|-heal|p2b: Sneasler|13/100|[from] Grassy Terrain
|-damage|p1b: Ursaluna|61/100 brn|[from] brn
|-fieldend|move: Trick Room
|upkeep
|turn|6
|
|t:|1756324050
|move|p1b: Ursaluna|Protect|p1b: Ursaluna
|-singleturn|p1b: Ursaluna|Protect
|move|p2b: Sneasler|Close Combat|p1a: Torkoal
|-damage|p1a: Torkoal|36/100
|-unboost|p2b: Sneasler|def|1
|-unboost|p2b: Sneasler|spd|1
|move|p2a: Volcarona|Heat Wave|p1b: Ursaluna|[spread] p1a
|-activate|p1b: Ursaluna|move: Protect
|-resisted|p1a: Torkoal
|-damage|p1a: Torkoal|2/100
|move|p1a: Torkoal|Weather Ball|p2b: Sneasler
|-damage|p2b: Sneasler|0 fnt
|faint|p2b: Sneasler
|
|-weather|none
|-heal|p1b: Ursaluna|66/100 brn|[from] Grassy Terrain
|-heal|p1a: Torkoal|8/100|[from] Grassy Terrain
|-damage|p1b: Ursaluna|61/100 brn|[from] brn
|upkeep
|turn|7
|
|t:|1756324070
|move|p2a: Volcarona|Heat Wave|p1b: Ursaluna|[spread] p1a,p1b
|-resisted|p1a: Torkoal
|-damage|p1a: Torkoal|0 fnt
|-damage|p1b: Ursaluna|31/100 brn
|faint|p1a: Torkoal
|move|p1b: Ursaluna|Facade|p2a: Volcarona
|-damage|p2a: Volcarona|0 fnt
|faint|p2a: Volcarona
|
|win|ShackWoods
|raw|ShackWoods's rating: 1161 → 1194(+33 for winning)
|raw|eggwich69's rating: 1270 → 1237(-33 for losing)
|c|☆ShackWoods|gg
|l|☆eggwich69
|player|p2|
