|j|☆Thisiswhyweclash
|j|☆WhiteBookVGC
|html|ThisiswhyweclashWhiteBookVGC    
|uhtml|bestof|Game 1 of a best-of-3
|t:|1756756090
|gametype|doubles
|player|p1|Thisiswhyweclash|schoolkid-gen4dp|1026
|player|p2|WhiteBookVGC|lyra|1046
|gen|9
|tier|[Gen 9] VGC 2025 Reg H (Bo3)
|rated|
|rule|Species Clause: Limit one of each Pokémon
|rule|Item Clause: Limit 1 of each item
|clearpoke
|poke|p1|Volcarona, L50, M|
|poke|p1|Kingambit, L50, M|
|poke|p1|Dragonite, L50, F|
|poke|p1|Sneasler, L50, M|
|poke|p1|Rillaboom, L50, M|
|poke|p1|Electabuzz, L50, F|
|poke|p2|Archaludon, L50, F|
|poke|p2|Incineroar, L50, M|
|poke|p2|Pelipper, L50, F|
|poke|p2|Amoonguss, L50, M|
|poke|p2|Basculegion, L50, M|
|poke|p2|Gholdengo, L50|
|teampreview|4
|showteam|p1|Volcarona||Leftovers|FlameBody|HeatWave,TeraBlast,QuiverDance,Protect|||M|||50|,,,,,Fairy]Kingambit||BlackGlasses|Defiant|KowtowCleave,SuckerPunch,SwordsDance,Protect|||M|||50|,,,,,Dark]Dragonite||LoadedDice|Multiscale|ScaleShot,ExtremeSpeed,Haze,Protect|||F|||50|,,,,,Steel]Sneasler||FocusSash|PoisonTouch|CloseCombat,DireClaw,FakeOut,Coaching|||M|||50|,,,,,Stellar]Rillaboom||AssaultVest|GrassySurge|WoodHammer,GrassyGlide,HighHorsepower,FakeOut|||M|||50|,,,,,Fire]Electabuzz||Eviolite|VitalSpirit|Thunderbolt,Taunt,FollowMe,Protect|||F|||50|,,,,,Ghost
|showteam|p2|Archaludon||AssaultVest|Stamina|DragonPulse,FlashCannon,ElectroShot,BodyPress|||F|||50|,,,,,Fairy]Incineroar||SafetyGoggles|Intimidate|KnockOff,FlareBlitz,PartingShot,FakeOut|||M|||50|,,,,,Ghost]Pelipper||FocusSash|Drizzle|MuddyWater,Hurricane,Tailwind,Protect|||F|||50|,,,,,Grass]Amoonguss||SitrusBerry|Regenerator|Spore,RagePowder,PollenPuff,Protect|||M|||50|,,,,,Water]Basculegion||ChoiceScarf|Adaptability|AquaJet,WaveCrash,LastRespects,FlipTurn|||M|||50|,,,,,Water]Gholdengo||LifeOrb|GoodasGold|MakeItRain,ShadowBall,NastyPlot,Protect||||||50|,,,,,Dragon
|inactive|Battle timer is ON: inactive players will automatically lose when time's up. (requested by Thisiswhyweclash)
|inactive|WhiteBookVGC has 60 seconds left.
|
|t:|1756756180
|teamsize|p1|4
|teamsize|p2|4
|start
|switch|p1a: Kingambit|Kingambit, L50, M|100/100
|switch|p1b: Electabuzz|Electabuzz, L50, F|100/100
|switch|p2a: Archaludon|Archaludon, L50, F, shiny|100/100
|switch|p2b: Basculegion|Basculegion, L50, M, shiny|100/100
|turn|1
|inactive|WhiteBookVGC has 30 seconds left.
|inactive|WhiteBookVGC has 20 seconds left.
|
|t:|1756756218
|switch|p2b: Pelipper|Pelipper, L50, F, shiny|100/100
|-weather|RainDance|[from] ability: Drizzle|[of] p2b: Pelipper
|move|p1b: Electabuzz|Follow Me|p1b: Electabuzz
|-singleturn|p1b: Electabuzz|move: Follow Me
|move|p2a: Archaludon|Electro Shot||[still]
|-prepare|p2a: Archaludon|Electro Shot
|-boost|p2a: Archaludon|spa|1
|-anim|p2a: Archaludon|Electro Shot|p1b: Electabuzz
|-resisted|p1b: Electabuzz
|-damage|p1b: Electabuzz|75/100
|move|p1a: Kingambit|Swords Dance|p1a: Kingambit
|-boost|p1a: Kingambit|atk|2
|
|-weather|RainDance|[upkeep]
|upkeep
|turn|2
|
|t:|1756756241
|-terastallize|p2a: Archaludon|Fairy
|move|p1b: Electabuzz|Follow Me|p1b: Electabuzz
|-singleturn|p1b: Electabuzz|move: Follow Me
|move|p2a: Archaludon|Electro Shot||[still]
|-prepare|p2a: Archaludon|Electro Shot
|-boost|p2a: Archaludon|spa|1
|-anim|p2a: Archaludon|Electro Shot|p1b: Electabuzz
|-resisted|p1b: Electabuzz
|-damage|p1b: Electabuzz|44/100
|move|p2b: Pelipper|Tailwind|p2b: Pelipper
|-sidestart|p2: WhiteBookVGC|move: Tailwind
|move|p1a: Kingambit|Swords Dance|p1a: Kingambit
|-boost|p1a: Kingambit|atk|2
|
|-weather|RainDance|[upkeep]
|upkeep
|turn|3
|
|t:|1756756259
|move|p1a: Kingambit|Sucker Punch|p2a: Archaludon
|-resisted|p2a: Archaludon
|-damage|p2a: Archaludon|46/100
|-ability|p2a: Archaludon|Stamina|boost
|-boost|p2a: Archaludon|def|1
|move|p2a: Archaludon|Electro Shot||[still]
|-prepare|p2a: Archaludon|Electro Shot
|-boost|p2a: Archaludon|spa|1
|-anim|p2a: Archaludon|Electro Shot|p1a: Kingambit
|-damage|p1a: Kingambit|11/100
|move|p2b: Pelipper|Muddy Water|p1a: Kingambit|[spread] p1b
|-miss|p2b: Pelipper|p1a: Kingambit
|-damage|p1b: Electabuzz|5/100
|move|p1b: Electabuzz|Thunderbolt|p2b: Pelipper
|-supereffective|p2b: Pelipper
|-enditem|p2b: Pelipper|Focus Sash
|-damage|p2b: Pelipper|1/100
|
|-weather|RainDance|[upkeep]
|upkeep
|turn|4
|inactive|Thisiswhyweclash has 30 seconds left.
|inactive|WhiteBookVGC has 30 seconds left.
|
|t:|1756756290
|switch|p2b: Basculegion|Basculegion, L50, M, shiny|100/100
|move|p1a: Kingambit|Sucker Punch|p2a: Archaludon
|-resisted|p2a: Archaludon
|-damage|p2a: Archaludon|12/100
|-ability|p2a: Archaludon|Stamina|boost
|-boost|p2a: Archaludon|def|1
|move|p2a: Archaludon|Electro Shot||[still]
|-prepare|p2a: Archaludon|Electro Shot
|-boost|p2a: Archaludon|spa|1
|-anim|p2a: Archaludon|Electro Shot|p1b: Electabuzz
|-resisted|p1b: Electabuzz
|-damage|p1b: Electabuzz|0 fnt
|faint|p1b: Electabuzz
|
|-weather|RainDance|[upkeep]
|upkeep
|
|t:|1756756301
|switch|p1b: Sneasler|Sneasler, L50, M|100/100
|turn|5
|
|t:|1756756323
|move|p2b: Basculegion|Aqua Jet|p1a: Kingambit
|-damage|p1a: Kingambit|0 fnt
|faint|p1a: Kingambit
|move|p2a: Archaludon|Electro Shot||[still]
|-prepare|p2a: Archaludon|Electro Shot
|-boost|p2a: Archaludon|spa|1
|-anim|p2a: Archaludon|Electro Shot|p1b: Sneasler
|-enditem|p1b: Sneasler|Focus Sash
|-damage|p1b: Sneasler|1/100
|move|p1b: Sneasler|Dire Claw|p2a: Archaludon
|-supereffective|p2a: Archaludon
|-damage|p2a: Archaludon|0 fnt
|faint|p2a: Archaludon
|
|-weather|none
|-sideend|p2: WhiteBookVGC|move: Tailwind
|upkeep
|
|t:|1756756338
|switch|p2a: Incineroar|Incineroar, L50, M, shiny|100/100
|switch|p1a: Volcarona|Volcarona, L50, M|100/100
|-ability|p2a: Incineroar|Intimidate|boost
|-unboost|p1a: Volcarona|atk|1
|-unboost|p1b: Sneasler|atk|1
|turn|6
|-message|Thisiswhyweclash forfeited.
|
|win|WhiteBookVGC
|l|☆Thisiswhyweclash
|player|p1|
||Thisiswhyweclash is ready for game 2.
||WhiteBookVGC is ready for game 2.
|uhtml|next|Next: Game 2 of 3
