|j|☆Ossi1590
|j|☆b1kope
|html|Ossi1590b1kope    
|uhtml|bestof|Game 1 of a best-of-3
|t:|1783432826
|gametype|doubles
|player|p1|Ossi1590|colress|1308
|player|p2|b1kope|102|1226
|gen|9
|tier|[Gen 9 Champions] VGC 2026 Reg M-B (Bo3)
|rated|
|rule|Species Clause: Limit one of each Pokémon
|rule|Item Clause: Limit 1 of each item
|clearpoke
|poke|p1|Raichu, L50, M|
|poke|p1|Mawile, L50, M|
|poke|p1|Sinistcha, L50|
|poke|p1|Ceruledge, L50, F|
|poke|p1|Milotic, L50, F|
|poke|p1|Incineroar, L50, F|
|poke|p2|Sylveon, L50, M|
|poke|p2|Incineroar, L50, M|
|poke|p2|Froslass, L50, F|
|poke|p2|Sneasler, L50, M|
|poke|p2|Tyranitar, L50, F|
|poke|p2|Rotom-Wash, L50|
|teampreview|4
|showteam|p1|Raichu||RaichuniteY|LightningRod|ZapCannon,FocusBlast,FakeOut,Protect|Timid||M|||50|]Mawile||Mawilite|HyperCutter|PlayRough,SuckerPunch,SwordsDance,Protect|Adamant||M|||50|]Sinistcha||KasibBerry|Hospitality|MatchaGotcha,LifeDew,RagePowder,Protect|Relaxed|||||50|]Ceruledge||ColburBerry|FlashFire|BitterBlade,ShadowSneak,BulkUp,Protect|Adamant||F|||50|]Milotic||Leftovers|Competitive|MuddyWater,Coil,Hypnosis,Protect|Calm||F|||50|]Incineroar||SitrusBerry|Intimidate|FlareBlitz,ThroatChop,FakeOut,PartingShot|Impish||F|||50|
|showteam|p2|Sylveon||FairyFeather|Pixilate|HyperVoice,HyperBeam,QuickAttack,Protect|Modest||M|||50|]Incineroar||SitrusBerry|Intimidate|FlareBlitz,FakeOut,PartingShot,DarkestLariat|Careful||M|||50|]Froslass||Froslassite|CursedBody|Blizzard,AuroraVeil,ShadowBall,Protect|Modest||F|||50|]Sneasler||WhiteHerb|Unburden|CloseCombat,DireClaw,FakeOut,Protect|Adamant||M|||50|]Tyranitar||Tyranitarite|SandStream|RockSlide,Crunch,DragonDance,Protect|Jolly||F|||50|]Rotom-Wash||ChoiceScarf|Levitate|VoltSwitch,HydroPump,Electroweb,Thunderbolt|Timid|||||50|
|
|t:|1783432895
|teamsize|p1|4
|teamsize|p2|4
|start
|switch|p1a: Milotic|Milotic, L50, F|100/100
|switch|p1b: Raichu|Raichu, L50, M|100/100
|switch|p2a: Rotom|Rotom-Wash, L50|100/100
|switch|p2b: Tyranitar|Tyranitar, L50, F|100/100
|-weather|Sandstorm|[from] ability: Sand Stream|[of] p2b: Tyranitar
|turn|1
|
|t:|1783432938
|move|p2b: Tyranitar|Protect|p2b: Tyranitar
|-singleturn|p2b: Tyranitar|Protect
|move|p1b: Raichu|Fake Out|p2b: Tyranitar
|-activate|p2b: Tyranitar|move: Protect
|move|p2a: Rotom|Hydro Pump|p1b: Raichu|[miss]
|-miss|p2a: Rotom|p1b: Raichu
|move|p1a: Milotic|Coil|p1a: Milotic
|-boost|p1a: Milotic|atk|1
|-boost|p1a: Milotic|def|1
|-boost|p1a: Milotic|accuracy|1
|
|-weather|Sandstorm|[upkeep]
|-damage|p2a: Rotom|94/100|[from] Sandstorm
|-damage|p1b: Raichu|93/100|[from] Sandstorm
|-damage|p1a: Milotic|94/100|[from] Sandstorm
|-heal|p1a: Milotic|100/100|[from] item: Leftovers
|upkeep
|turn|2
|
|t:|1783432983
|switch|p2b: Sneasler|Sneasler, L50, M|100/100
|move|p2a: Rotom|Hydro Pump|p1b: Raichu
|-damage|p1b: Raichu|31/100
|move|p1b: Raichu|Focus Blast|p2b: Sneasler|[miss]
|-miss|p1b: Raichu|p2b: Sneasler
|move|p1a: Milotic|Muddy Water|p2b: Sneasler|[spread] p2a,p2b
|-resisted|p2a: Rotom|1
|-damage|p2a: Rotom|81/100
|-damage|p2b: Sneasler|66/100
|-unboost|p2a: Rotom|accuracy|1
|-unboost|p2b: Sneasler|accuracy|1
|-enditem|p2b: Sneasler|White Herb
|-clearnegativeboost|p2b: Sneasler|[silent]
|
|-weather|Sandstorm|[upkeep]
|-damage|p2b: Sneasler|61/100|[from] Sandstorm
|-damage|p2a: Rotom|76/100|[from] Sandstorm
|-damage|p1b: Raichu|25/100|[from] Sandstorm
|-damage|p1a: Milotic|94/100|[from] Sandstorm
|-heal|p1a: Milotic|100/100|[from] item: Leftovers
|upkeep
|turn|3
|
|t:|1783432997
|switch|p1b: Sinistcha|Sinistcha, L50|100/100
|move|p2b: Sneasler|Fake Out|p1a: Milotic
|-damage|p1a: Milotic|91/100
|move|p2a: Rotom|Hydro Pump|p1b: Sinistcha|[miss]
|-miss|p2a: Rotom|p1b: Sinistcha
|cant|p1a: Milotic|flinch
|
|-weather|Sandstorm|[upkeep]
|-damage|p2b: Sneasler|55/100|[from] Sandstorm
|-damage|p2a: Rotom|70/100|[from] Sandstorm
|-damage|p1a: Milotic|85/100|[from] Sandstorm
|-damage|p1b: Sinistcha|93/100|[from] Sandstorm
|-heal|p1a: Milotic|91/100|[from] item: Leftovers
|upkeep
|turn|4
|
|t:|1783433010
|switch|p2a: Sylveon|Sylveon, L50, M|100/100
|move|p2b: Sneasler|Dire Claw|p1b: Sinistcha
|-damage|p1b: Sinistcha|56/100
|move|p1a: Milotic|Coil|p1a: Milotic
|-boost|p1a: Milotic|atk|1
|-boost|p1a: Milotic|def|1
|-boost|p1a: Milotic|accuracy|1
|move|p1b: Sinistcha|Life Dew|p1b: Sinistcha|[spread] p1a,p1b
|-heal|p1a: Milotic|100/100
|-heal|p1b: Sinistcha|81/100
|
|-weather|Sandstorm|[upkeep]
|-damage|p2b: Sneasler|49/100|[from] Sandstorm
|-damage|p1a: Milotic|94/100|[from] Sandstorm
|-damage|p1b: Sinistcha|75/100|[from] Sandstorm
|-damage|p2a: Sylveon|94/100|[from] Sandstorm
|-heal|p1a: Milotic|100/100|[from] item: Leftovers
|upkeep
|turn|5
|
|t:|1783433025
|move|p2b: Sneasler|Dire Claw|p1b: Sinistcha
|-damage|p1b: Sinistcha|38/100
|move|p1a: Milotic|Hypnosis|p2a: Sylveon
|-status|p2a: Sylveon|slp|[from] move: Hypnosis
|move|p1b: Sinistcha|Matcha Gotcha|p2a: Sylveon|[spread] p2a,p2b
|-resisted|p2b: Sneasler|1
|-damage|p2a: Sylveon|77/100 slp
|-heal|p1b: Sinistcha|47/100|[from] drain|[of] p2a: Sylveon
|-damage|p2b: Sneasler|32/100
|-heal|p1b: Sinistcha|55/100|[from] drain|[of] p2b: Sneasler
|cant|p2a: Sylveon|slp
|
|-weather|none
|upkeep
|turn|6
|
|t:|1783433049
|switch|p1b: Incineroar|Incineroar, L50, F|100/100
|-ability|p1b: Incineroar|Intimidate|boost
|-unboost|p2a: Sylveon|atk|1
|-unboost|p2b: Sneasler|atk|1
|move|p2b: Sneasler|Dire Claw|p1b: Incineroar
|-damage|p1b: Incineroar|77/100
|-status|p1b: Incineroar|slp
|move|p1a: Milotic|Muddy Water|p2b: Sneasler|[spread] p2a,p2b
|-crit|p2b: Sneasler
|-damage|p2a: Sylveon|62/100 slp
|-damage|p2b: Sneasler|0 fnt
|faint|p2b: Sneasler
|cant|p2a: Sylveon|slp
|
|upkeep
|
|t:|1783433062
|switch|p2b: Rotom|Rotom-Wash, L50|70/100
|turn|7
|
|t:|1783433072
|move|p1a: Milotic|Protect|p1a: Milotic
|-singleturn|p1a: Milotic|Protect
|move|p2b: Rotom|Hydro Pump|p1b: Incineroar
|-supereffective|p1b: Incineroar|1
|-damage|p1b: Incineroar|0 fnt
|faint|p1b: Incineroar
|-curestatus|p2a: Sylveon|slp|[msg]
|move|p2a: Sylveon|Hyper Voice|p1a: Milotic
|-activate|p1a: Milotic|move: Protect
|
|upkeep
|
|t:|1783433081
|switch|p1b: Sinistcha|Sinistcha, L50|55/100
|turn|8
|
|t:|1783433094
|move|p2b: Rotom|Hydro Pump|p1b: Sinistcha
|-resisted|p1b: Sinistcha|1
|-damage|p1b: Sinistcha|34/100
|move|p1a: Milotic|Hypnosis|p2a: Sylveon
|-status|p2a: Sylveon|slp|[from] move: Hypnosis
|move|p1b: Sinistcha|Life Dew||[still]|[spread] p1a,p1b
|-fail|p1a: Milotic|heal
|-heal|p1b: Sinistcha|59/100
|cant|p2a: Sylveon|slp
|
|upkeep
|turn|9
|
|t:|1783433107
|move|p2b: Rotom|Hydro Pump|p1b: Sinistcha
|-resisted|p1b: Sinistcha|1
|-damage|p1b: Sinistcha|38/100
|move|p1a: Milotic|Hypnosis|p2b: Rotom
|-status|p2b: Rotom|slp|[from] move: Hypnosis
|move|p1b: Sinistcha|Matcha Gotcha|p2b: Rotom|[spread] p2b
|-miss|p1b: Sinistcha|p2a: Sylveon
|-supereffective|p2b: Rotom|1
|-damage|p2b: Rotom|14/100 slp
|-heal|p1b: Sinistcha|61/100|[from] drain|[of] p2b: Rotom
|-curestatus|p2a: Sylveon|slp|[msg]
|move|p2a: Sylveon|Hyper Voice|p1a: Milotic|[spread] p1a,p1b
|-damage|p1a: Milotic|70/100
|-damage|p1b: Sinistcha|10/100
|
|-heal|p1a: Milotic|76/100|[from] item: Leftovers
|upkeep
|turn|10
|
|t:|1783433132
|move|p2a: Sylveon|Protect|p2a: Sylveon
|-singleturn|p2a: Sylveon|Protect
|cant|p2b: Rotom|slp
|move|p1a: Milotic|Muddy Water|p2a: Sylveon|[spread] p2b
|-activate|p2a: Sylveon|move: Protect
|-resisted|p2b: Rotom|1
|-damage|p2b: Rotom|0 fnt
|faint|p2b: Rotom
|move|p1b: Sinistcha|Life Dew|p1b: Sinistcha|[spread] p1a,p1b
|-heal|p1a: Milotic|100/100
|-heal|p1b: Sinistcha|35/100
|
|upkeep
|
|t:|1783433135
|switch|p2b: Tyranitar|Tyranitar, L50, F|100/100
|-weather|Sandstorm|[from] ability: Sand Stream|[of] p2b: Tyranitar
|turn|11
|
|t:|1783433146
|detailschange|p2b: Tyranitar|Tyranitar-Mega, L50, F
|-mega|p2b: Tyranitar|Tyranitar|Tyranitarite
|move|p1b: Sinistcha|Rage Powder|p1b: Sinistcha
|-singleturn|p1b: Sinistcha|move: Rage Powder
|move|p2b: Tyranitar|Rock Slide|p1a: Milotic|[spread] p1a,p1b
|-damage|p1a: Milotic|87/100
|-damage|p1b: Sinistcha|10/100
|move|p1a: Milotic|Muddy Water|p2b: Tyranitar|[spread] p2a,p2b
|-supereffective|p2b: Tyranitar|1
|-damage|p2a: Sylveon|45/100
|-damage|p2b: Tyranitar|75/100
|-unboost|p2b: Tyranitar|accuracy|1
|move|p2a: Sylveon|Hyper Voice|p1a: Milotic|[spread] p1a,p1b
|-crit|p1b: Sinistcha
|-damage|p1a: Milotic|55/100
|-damage|p1b: Sinistcha|0 fnt
|faint|p1b: Sinistcha
|
|-weather|Sandstorm|[upkeep]
|-damage|p1a: Milotic|50/100y|[from] Sandstorm
|-damage|p2a: Sylveon|39/100|[from] Sandstorm
|-heal|p1a: Milotic|55/100|[from] item: Leftovers
|upkeep
|
|t:|1783433159
|switch|p1b: Raichu|Raichu, L50, M|25/100
|turn|12
|
|t:|1783433169
|detailschange|p1b: Raichu|Raichu-Mega-Y, L50, M
|-mega|p1b: Raichu|Raichu|Raichunite Y
|move|p1b: Raichu|Protect|p1b: Raichu
|-singleturn|p1b: Raichu|Protect
|move|p2b: Tyranitar|Protect|p2b: Tyranitar
|-singleturn|p2b: Tyranitar|Protect
|move|p2a: Sylveon|Protect|p2a: Sylveon
|-singleturn|p2a: Sylveon|Protect
|move|p1a: Milotic|Muddy Water|p2a: Sylveon|[spread] 
|-activate|p2a: Sylveon|move: Protect
|-activate|p2b: Tyranitar|move: Protect
|
|-weather|Sandstorm|[upkeep]
|-damage|p1b: Raichu|19/100|[from] Sandstorm
|-damage|p1a: Milotic|50/100y|[from] Sandstorm
|-damage|p2a: Sylveon|33/100|[from] Sandstorm
|-heal|p1a: Milotic|55/100|[from] item: Leftovers
|upkeep
|turn|13
|
|t:|1783433178
|move|p2a: Sylveon|Quick Attack|p1b: Raichu
|-damage|p1b: Raichu|7/100
|move|p1b: Raichu|Focus Blast|p2b: Tyranitar
|-supereffective|p2b: Tyranitar|2
|-damage|p2b: Tyranitar|0 fnt
|faint|p2b: Tyranitar
|move|p1a: Milotic|Hypnosis|p2a: Sylveon
|-status|p2a: Sylveon|slp|[from] move: Hypnosis
|
|-weather|Sandstorm|[upkeep]
|-damage|p1b: Raichu|1/100|[from] Sandstorm
|-damage|p1a: Milotic|50/100y|[from] Sandstorm
|-damage|p2a: Sylveon|27/100 slp|[from] Sandstorm
|-heal|p1a: Milotic|55/100|[from] item: Leftovers
|upkeep
|turn|14
|-message|b1kope forfeited.
|
|win|Ossi1590
||b1kope is ready for game 2.
