|j|☆Traindelpivgc
|j|☆Yello VGC
|html|TraindelpivgcYello VGC    
|uhtml|bestof|Game 1 of a best-of-3
|t:|1756200018
|gametype|doubles
|player|p1|Traindelpivgc|hilbert-wonderlauncher|1075
|player|p2|Yello VGC|psychicf|1000
|gen|9
|tier|[Gen 9] VGC 2025 Reg H (Bo3)
|rated|
|rule|Species Clause: Limit one of each Pokémon
|rule|Item Clause: Limit 1 of each item
|clearpoke
|poke|p1|Incineroar, L50, M|
|poke|p1|Amoonguss, L50, F|
|poke|p1|Ursaluna-Bloodmoon, L50, M|
|poke|p1|Sneasler, L50, F|
|poke|p1|Gholdengo, L50|
|poke|p1|Dragonite, L50, M|
|poke|p2|Gothitelle, L50, M|
|poke|p2|Politoed, L50, M|
|poke|p2|Amoonguss, L50, M|
|poke|p2|Incineroar, L50, M|
|poke|p2|Kingdra, L50, M|
|poke|p2|Archaludon, L50, F|
|teampreview|4
|showteam|p1|Incineroar||SafetyGoggles|Intimidate|FlareBlitz,KnockOff,PartingShot,FakeOut|||M|||50|,,,,,Ghost]Amoonguss||SitrusBerry|Regenerator|Spore,RagePowder,PollenPuff,Protect|||F|||50|,,,,,Psychic]Ursaluna-Bloodmoon||AssaultVest|MindsEye|HyperVoice,BloodMoon,EarthPower,VacuumWave|||M|||50|,,,,,Water]Sneasler||FocusSash|Unburden|CloseCombat,DireClaw,ThroatChop,Protect|||F|||50|,,,,,Stellar]Gholdengo||LifeOrb|GoodasGold|MakeItRain,ShadowBall,NastyPlot,Protect||||||50|,,,,,Water]Dragonite||LoadedDice|Multiscale|ScaleShot,Tailwind,Haze,Protect|||M|||50|,,,,,Fairy
|showteam|p2|Gothitelle||SitrusBerry|ShadowTag|FakeOut,Psychic,Protect,FoulPlay|||M|||50|,,,,,Water]Politoed||CovertCloak|Drizzle|PerishSong,Protect,MuddyWater,IcyWind|||M|||50|,,,,,Steel]Amoonguss||EjectButton|Regenerator|Spore,RagePowder,Protect,PollenPuff|||M|||50|,,,,,Water]Incineroar||SafetyGoggles|Blaze|FakeOut,KnockOff,PartingShot,FlareBlitz|||M|||50|,,,,,Ghost]Kingdra||ChoiceSpecs|SwiftSwim|DracoMeteor,Scald,FlipTurn,IcyWind|||M|||50|,,,,,Stellar]Archaludon||AssaultVest|Stamina|ElectroShot,FlashCannon,DracoMeteor,Protect|||F|||50|,,,,,Grass
|inactive|Battle timer is ON: inactive players will automatically lose when time's up. (requested by Yello VGC)
|inactive|Traindelpivgc has 60 seconds left.
|inactive|Traindelpivgc has 30 seconds left.
|inactive|Traindelpivgc has 20 seconds left.
|
|t:|1756200147
|teamsize|p1|4
|teamsize|p2|4
|start
|switch|p1a: Gholdengo|Gholdengo, L50|100/100
|switch|p1b: Incineroar|Incineroar, L50, M|100/100
|switch|p2a: Politoed|Politoed, L50, M|100/100
|switch|p2b: Kingdra|Kingdra, L50, M|100/100
|-weather|RainDance|[from] ability: Drizzle|[of] p2a: Politoed
|-ability|p1b: Incineroar|Intimidate|boost
|-unboost|p2a: Politoed|atk|1
|-unboost|p2b: Kingdra|atk|1
|turn|1
|inactive|Traindelpivgc has 30 seconds left.
|inactive|Yello VGC has 30 seconds left.
|inactive|Yello VGC has 20 seconds left.
|inactive|Yello VGC has 15 seconds left.
|
|t:|1756200189
|-terastallize|p1a: Gholdengo|Water
|move|p1b: Incineroar|Fake Out|p2b: Kingdra
|-damage|p2b: Kingdra|87/100
|cant|p2b: Kingdra|flinch
|move|p1a: Gholdengo|Nasty Plot|p1a: Gholdengo
|-boost|p1a: Gholdengo|spa|2
|move|p2a: Politoed|Icy Wind|p1b: Incineroar|[spread] p1a
|-miss|p2a: Politoed|p1b: Incineroar
|-resisted|p1a: Gholdengo
|-damage|p1a: Gholdengo|95/100
|-unboost|p1a: Gholdengo|spe|1
|
|-weather|RainDance|[upkeep]
|upkeep
|turn|2
|inactive|Traindelpivgc has 30 seconds left.
|
|t:|1756200219
|switch|p1b: Amoonguss|Amoonguss, L50, F|100/100
|move|p2a: Politoed|Protect|p2a: Politoed
|-singleturn|p2a: Politoed|Protect
|move|p1a: Gholdengo|Protect|p1a: Gholdengo
|-singleturn|p1a: Gholdengo|Protect
|move|p2b: Kingdra|Flip Turn|p1b: Amoonguss
|-resisted|p1b: Amoonguss
|-crit|p1b: Amoonguss
|-damage|p1b: Amoonguss|83/100
|
|t:|1756200230
|switch|p2b: Archaludon|Archaludon, L50, F|100/100|[from] Flip Turn
|
|-weather|RainDance|[upkeep]
|upkeep
|turn|3
|inactive|Traindelpivgc has 30 seconds left.
|inactive|Traindelpivgc has 20 seconds left.
|inactive|Traindelpivgc has 15 seconds left.
|inactive|Traindelpivgc has 10 seconds left.
|
|t:|1756200275
|switch|p1a: Incineroar|Incineroar, L50, M|100/100
|-ability|p1a: Incineroar|Intimidate|boost
|-unboost|p2a: Politoed|atk|1
|-unboost|p2b: Archaludon|atk|1
|move|p2b: Archaludon|Electro Shot||[still]
|-prepare|p2b: Archaludon|Electro Shot
|-boost|p2b: Archaludon|spa|1
|-anim|p2b: Archaludon|Electro Shot|p1a: Incineroar
|-damage|p1a: Incineroar|43/100
|move|p2a: Politoed|Perish Song|p2a: Politoed
|-start|p1a: Incineroar|perish3|[silent]
|-start|p1b: Amoonguss|perish3|[silent]
|-start|p2a: Politoed|perish3|[silent]
|-start|p2b: Archaludon|perish3|[silent]
|-fieldactivate|move: Perish Song
|move|p1b: Amoonguss|Spore|p2a: Politoed
|-status|p2a: Politoed|slp|[from] move: Spore
|
|-weather|RainDance|[upkeep]
|-start|p2b: Archaludon|perish3
|-start|p2a: Politoed|perish3
|-start|p1a: Incineroar|perish3
|-start|p1b: Amoonguss|perish3
|upkeep
|turn|4
|inactive|Traindelpivgc has 30 seconds left.
|inactive|Yello VGC has 30 seconds left.
|inactive|Traindelpivgc has 20 seconds left.
|inactive|Yello VGC has 20 seconds left.
|
|t:|1756200314
|cant|p2a: Politoed|slp
|move|p2b: Archaludon|Electro Shot||[still]
|-prepare|p2b: Archaludon|Electro Shot
|-boost|p2b: Archaludon|spa|1
|-anim|p2b: Archaludon|Electro Shot|p1a: Incineroar
|-damage|p1a: Incineroar|0 fnt
|faint|p1a: Incineroar
|move|p1b: Amoonguss|Spore|p2b: Archaludon
|-status|p2b: Archaludon|slp|[from] move: Spore
|
|-weather|RainDance|[upkeep]
|-start|p2b: Archaludon|perish2
|-start|p2a: Politoed|perish2
|-start|p1b: Amoonguss|perish2
|upkeep
|
|t:|1756200328
|switch|p1a: Gholdengo|Gholdengo, L50, tera:Water|95/100
|turn|5
|
|t:|1756200340
|switch|p2b: Amoonguss|Amoonguss, L50, M|100/100
|switch|p1b: Dragonite|Dragonite, L50, M|100/100
|move|p1a: Gholdengo|Nasty Plot|p1a: Gholdengo
|-boost|p1a: Gholdengo|spa|2
|cant|p2a: Politoed|slp
|
|-weather|none
|-start|p2a: Politoed|perish1
|upkeep
|turn|6
|inactive|Traindelpivgc has 30 seconds left.
|inactive|Yello VGC has 30 seconds left.
|inactive|Traindelpivgc has 20 seconds left.
|
|t:|1756200376
|switch|p2a: Archaludon|Archaludon, L50, F|100/100 slp
|move|p1a: Gholdengo|Make It Rain|p2a: Archaludon|[spread] p2a,p2b
|-resisted|p2a: Archaludon
|-damage|p2a: Archaludon|50/100 slp
|-damage|p2b: Amoonguss|0 fnt
|-unboost|p1a: Gholdengo|spa|1
|-ability|p2a: Archaludon|Stamina|boost
|-boost|p2a: Archaludon|def|1
|faint|p2b: Amoonguss
|-damage|p1a: Gholdengo|86/100|[from] item: Life Orb
|move|p1b: Dragonite|Scale Shot|p2a: Archaludon
|-damage|p2a: Archaludon|44/100 slp
|-ability|p2a: Archaludon|Stamina|boost
|-boost|p2a: Archaludon|def|1
|-damage|p2a: Archaludon|38/100 slp
|-ability|p2a: Archaludon|Stamina|boost
|-boost|p2a: Archaludon|def|1
|-damage|p2a: Archaludon|33/100 slp
|-ability|p2a: Archaludon|Stamina|boost
|-boost|p2a: Archaludon|def|1
|-damage|p2a: Archaludon|28/100 slp
|-ability|p2a: Archaludon|Stamina|boost
|-boost|p2a: Archaludon|def|1
|-damage|p2a: Archaludon|25/100 slp
|-ability|p2a: Archaludon|Stamina|boost
|-boost|p2a: Archaludon|def|1
|-hitcount|p2a: Archaludon|5
|-unboost|p1b: Dragonite|def|1
|-boost|p1b: Dragonite|spe|1
|
|upkeep
|
|t:|1756200390
|switch|p2b: Politoed|Politoed, L50, M|100/100 slp
|-weather|RainDance|[from] ability: Drizzle|[of] p2b: Politoed
|turn|7
|inactive|Traindelpivgc has 30 seconds left.
|inactive|Yello VGC has 30 seconds left.
|
|t:|1756200418
|move|p1b: Dragonite|Scale Shot|p2b: Politoed
|-damage|p2b: Politoed|88/100 slp
|-damage|p2b: Politoed|75/100 slp
|-damage|p2b: Politoed|62/100 slp
|-damage|p2b: Politoed|50/100 slp
|-damage|p2b: Politoed|38/100 slp
|-hitcount|p2b: Politoed|5
|-unboost|p1b: Dragonite|def|1
|-boost|p1b: Dragonite|spe|1
|move|p1a: Gholdengo|Make It Rain|p2b: Politoed|[spread] p2a,p2b
|-resisted|p2a: Archaludon
|-resisted|p2b: Politoed
|-damage|p2a: Archaludon|0 fnt
|-damage|p2b: Politoed|0 fnt
|-unboost|p1a: Gholdengo|spa|1
|faint|p2a: Archaludon
|faint|p2b: Politoed
|-damage|p1a: Gholdengo|76/100|[from] item: Life Orb
|
|-weather|RainDance|[upkeep]
|upkeep
|
|t:|1756200435
|switch|p2b: Kingdra|Kingdra, L50, M|87/100
|turn|8
|-message|Yello VGC forfeited.
|
|win|Traindelpivgc
|l|☆Yello VGC
|player|p2|
||Yello VGC is ready for game 2.
||Traindelpivgc is ready for game 2.
|uhtml|next|Next: Game 2 of 3
