|j|☆Jaybird112233
|j|☆terosath
|html|Jaybird112233terosath    
|uhtml|bestof|Game 1 of a best-of-3
|t:|1785116464
|gametype|doubles
|player|p1|Jaybird112233|naveen|
|player|p2|terosath|n|
|gen|9
|tier|[Gen 9 Champions] VGC 2026 Reg M-B (Bo3)
|rule|Species Clause: Limit one of each Pokémon
|rule|Item Clause: Limit 1 of each item
|clearpoke
|poke|p1|Altaria, L50, F, shiny|
|poke|p1|Sinistcha, L50|
|poke|p1|Tyranitar, L50, F, shiny|
|poke|p1|Rotom-Heat, L50, shiny|
|poke|p1|Slowbro, L50, M|
|poke|p1|Aggron, L50, F|
|poke|p2|Drampa, L50, F|
|poke|p2|Crabominable, L50, F|
|poke|p2|Sinistcha-Masterpiece, L50|
|poke|p2|Politoed, L50, M|
|poke|p2|Farigiraf, L50, M|
|poke|p2|Garganacl, L50, F|
|teampreview|4
|showteam|p1|Altaria||Altarianite|CloudNine|HyperVoice,DracoMeteor,HyperBeam,Protect|Quiet||F|||50|]Sinistcha||SitrusBerry|Hospitality|MatchaGotcha,LifeDew,RagePowder,TrickRoom|Calm|||||50|]Tyranitar||Tyranitarite|SandStream|KnockOff,RockSlide,LowKick,Protect|Adamant||F|||50|]Rotom-Heat||WhiteHerb|Levitate|Thunderbolt,Overheat,LightScreen,VoltSwitch|Modest|||||50|]Slowbro||Leftovers|Regenerator|HealPulse,TrickRoom,Scald,Protect|Relaxed||M|||50|]Aggron||Aggronite|Sturdy|IronDefense,BodyPress,HeavySlam,Protect|Impish||F|||50|
|showteam|p2|Drampa||Drampanite|Berserk|Protect,EarthPower,CalmMind,HyperVoice|Quiet||F|||50|]Crabominable||Crabominite|HyperCutter|DrainPunch,Protect,IceHammer,ThunderPunch|Brave||F|||50|]Sinistcha-Masterpiece||SitrusBerry|Hospitality|TrickRoom,MatchaGotcha,LifeDew,RagePowder|Modest|||||50|]Politoed||MysticWater|Drizzle|MuddyWater,Protect,Encore,HelpingHand|Calm||M|||50|]Farigiraf||MentalHerb|ArmorTail|TrickRoom,PsychicNoise,LightScreen,Reflect|Sassy||M|||50|]Garganacl||Leftovers|PurifyingSalt|WideGuard,RockSlide,Protect,BodyPress|Relaxed||F|||50|
|j| seafan13
|j| Bingus Von Bongus
|j| geminiduality2
|
|t:|1785116541
|teamsize|p1|4
|teamsize|p2|4
|start
|switch|p1a: Cuppa Tay|Sinistcha, L50|100/100
|switch|p1b: Ferrous|Aggron, L50, F|100/100
|switch|p2a: RacecaR|Farigiraf, L50, M|100/100
|switch|p2b: I've seen this b4|Garganacl, L50, F|100/100
|turn|1
|
|t:|1785116613
|switch|p2b: He sparks joy :)|Politoed, L50, M|100/100
|-weather|RainDance|[from] ability: Drizzle|[of] p2b: He sparks joy :)
|detailschange|p1b: Ferrous|Aggron-Mega, L50, F
|-mega|p1b: Ferrous|Aggron|Aggronite
|move|p2a: RacecaR|Psychic Noise|p1b: Ferrous
|-resisted|p1b: Ferrous|1
|-damage|p1b: Ferrous|85/100
|-start|p1b: Ferrous|move: Heal Block
|move|p1b: Ferrous|Iron Defense|p1b: Ferrous
|-boost|p1b: Ferrous|def|2
|move|p1a: Cuppa Tay|Trick Room|p1a: Cuppa Tay
|-fieldstart|move: Trick Room|[of] p1a: Cuppa Tay
|
|-weather|RainDance|[upkeep]
|upkeep
|turn|2
|
|t:|1785116638
|move|p1b: Ferrous|Body Press|p2b: He sparks joy :)
|-damage|p2b: He sparks joy :)|0 fnt
|faint|p2b: He sparks joy :)
|move|p2a: RacecaR|Psychic Noise|p1a: Cuppa Tay
|-damage|p1a: Cuppa Tay|74/100
|-start|p1a: Cuppa Tay|move: Heal Block
|cant|p1a: Cuppa Tay|move: Heal Block|Matcha Gotcha
|
|-weather|RainDance|[upkeep]
|-end|p1b: Ferrous|move: Heal Block
|upkeep
|
|t:|1785116648
|switch|p2b: I've seen this b4|Garganacl, L50, F|100/100
|turn|3
|
|t:|1785116660
|switch|p1a: Chomps|Tyranitar, L50, F, shiny|100/100
|-weather|Sandstorm|[from] ability: Sand Stream|[of] p1a: Chomps
|move|p2b: I've seen this b4|Rock Slide|p1b: Ferrous|[spread] p1a,p1b
|-resisted|p1b: Ferrous|1
|-damage|p1a: Chomps|83/100
|-damage|p1b: Ferrous|83/100
|move|p1b: Ferrous|Body Press|p2b: I've seen this b4
|-supereffective|p2b: I've seen this b4|1
|-damage|p2b: I've seen this b4|7/100
|move|p2a: RacecaR|Reflect|p2a: RacecaR
|-sidestart|p2: terosath|Reflect
|
|-weather|Sandstorm|[upkeep]
|-damage|p2a: RacecaR|93/100|[from] Sandstorm
|-heal|p2b: I've seen this b4|13/100|[from] item: Leftovers
|upkeep
|turn|4
|
|t:|1785116705
|move|p2b: I've seen this b4|Body Press|p1a: Chomps
|-supereffective|p1a: Chomps|2
|-damage|p1a: Chomps|0 fnt
|faint|p1a: Chomps
|move|p1b: Ferrous|Iron Defense|p1b: Ferrous
|-boost|p1b: Ferrous|def|2
|move|p2a: RacecaR|Psychic Noise|p1b: Ferrous
|-resisted|p1b: Ferrous|1
|-damage|p1b: Ferrous|69/100
|-start|p1b: Ferrous|move: Heal Block
|
|-weather|Sandstorm|[upkeep]
|-damage|p2a: RacecaR|87/100|[from] Sandstorm
|-heal|p2b: I've seen this b4|18/100|[from] item: Leftovers
|upkeep
|
|t:|1785116719
|switch|p1a: Air Fryer|Rotom-Heat, L50, shiny|100/100
|turn|5
|
|t:|1785116736
|move|p2b: I've seen this b4|Rock Slide|p1a: Air Fryer|[spread] p1a
|-miss|p2b: I've seen this b4|p1b: Ferrous
|-supereffective|p1a: Air Fryer|1
|-damage|p1a: Air Fryer|54/100
|move|p1b: Ferrous|Body Press|p2a: RacecaR
|-damage|p2a: RacecaR|0 fnt
|faint|p2a: RacecaR
|move|p1a: Air Fryer|Light Screen|p1a: Air Fryer
|-sidestart|p1: Jaybird112233|move: Light Screen
|
|-weather|Sandstorm|[upkeep]
|-damage|p1a: Air Fryer|48/100|[from] Sandstorm
|-heal|p2b: I've seen this b4|24/100|[from] item: Leftovers
|-end|p1b: Ferrous|move: Heal Block
|-fieldend|move: Trick Room
|upkeep
|
|t:|1785116749
|switch|p2a: Put up yer dukes|Crabominable, L50, F|100/100
|turn|6
|
|t:|1785116773
|detailschange|p2a: Put up yer dukes|Crabominable-Mega, L50, F
|-mega|p2a: Put up yer dukes|Crabominable|Crabominite
|move|p1a: Air Fryer|Overheat|p2a: Put up yer dukes
|-supereffective|p2a: Put up yer dukes|1
|-damage|p2a: Put up yer dukes|0 fnt
|-unboost|p1a: Air Fryer|spa|2
|faint|p2a: Put up yer dukes
|-enditem|p1a: Air Fryer|White Herb
|-clearnegativeboost|p1a: Air Fryer|[silent]
|move|p1b: Ferrous|Body Press|p2b: I've seen this b4
|-supereffective|p2b: I've seen this b4|1
|-crit|p2b: I've seen this b4
|-damage|p2b: I've seen this b4|0 fnt
|faint|p2b: I've seen this b4
|
|win|Jaybird112233
|inactive|Jaybird112233 has 30 seconds to confirm battle start!
|inactive|terosath has 30 seconds to confirm battle start!
||terosath is ready for game 2.
||Jaybird112233 is ready for game 2.
|uhtml|next|Next: Game 2 of 3
