|j|☆PokeLucho
|j|☆ariexd
|html|PokeLuchoariexd    
|uhtml|bestof|Game 2 of a best-of-3
|t:|1756216477
|gametype|doubles
|player|p1|PokeLucho|2|1086
|player|p2|ariexd|2|1169
|gen|9
|tier|[Gen 9] VGC 2025 Reg H (Bo3)
|rated|
|rule|Species Clause: Limit one of each Pokémon
|rule|Item Clause: Limit 1 of each item
|clearpoke
|poke|p1|Electabuzz, L50, F|
|poke|p1|Kingambit, L50, M|
|poke|p1|Rillaboom, L50, F|
|poke|p1|Sneasler, L50, M|
|poke|p1|Volcarona, L50, M|
|poke|p1|Dragonite, L50, F|
|poke|p2|Indeedee-F, L50, F|
|poke|p2|Gallade, L50, M|
|poke|p2|Hatterene, L50, F|
|poke|p2|Ursaluna, L50, M|
|poke|p2|Torkoal, L50, M|
|poke|p2|Lilligant-Hisui, L50, F|
|teampreview|4
|showteam|p1|Electabuzz||Eviolite|VitalSpirit|Thunderbolt,Taunt,FollowMe,Protect|||F|||50|,,,,,Ghost]Kingambit||BlackGlasses|Defiant|KowtowCleave,SuckerPunch,SwordsDance,Protect|||M|||50|,,,,,Dark]Rillaboom||AssaultVest|GrassySurge|FakeOut,HighHorsepower,WoodHammer,GrassyGlide|||F|||50|,,,,,Fire]Sneasler||FocusSash|PoisonTouch|DireClaw,CloseCombat,FakeOut,Coaching|||M|||50|,,,,,Stellar]Volcarona||Leftovers|FlameBody|HeatWave,TeraBlast,QuiverDance,Protect|||M|||50|,,,,,Fairy]Dragonite||LoadedDice|Multiscale|ExtremeSpeed,ScaleShot,Protect,Haze|||F|||50|,,,,,Steel
|showteam|p2|Indeedee-F||PsychicSeed|PsychicSurge|TrickRoom,FollowMe,HelpingHand,Psychic|||F|||50|,,,,,Water]Gallade||ClearAmulet|Sharpness|PsychoCut,TrickRoom,SacredSword,WideGuard|||M|||50|,,,,,Grass]Hatterene||LifeOrb|MagicBounce|ExpandingForce,TrickRoom,DazzlingGleam,Protect|||F|||50|,,,,,Psychic]Ursaluna||FlameOrb|Guts|HeadlongRush,Facade,Earthquake,Protect|||M|||50|,,,,,Ghost]Torkoal||ChoiceSpecs|Drought|Eruption,HeatWave,WeatherBall,EarthPower|||M|||50|,,,,,Fire]Lilligant-Hisui||FocusSash|Chlorophyll|TripleAxel,CloseCombat,SleepPowder,AfterYou|||F|||50|,,,,,Ice
|inactive|Battle timer is ON: inactive players will automatically lose when time's up. (requested by ariexd)
|
|t:|1756216509
|teamsize|p1|4
|teamsize|p2|4
|start
|switch|p1a: Volcarona|Volcarona, L50, M|100/100
|switch|p1b: Sneasler|Sneasler, L50, M|100/100
|switch|p2a: Follow me|Indeedee-F, L50, F, shiny|100/100
|switch|p2b: Gallade|Gallade, L50, M, shiny|100/100
|-fieldstart|move: Psychic Terrain|[from] ability: Psychic Surge|[of] p2a: Follow me
|-enditem|p2a: Follow me|Psychic Seed
|-boost|p2a: Follow me|spd|1|[from] item: Psychic Seed
|turn|1
|inactive|PokeLucho has 30 seconds left.
|
|t:|1756216539
|move|p2a: Follow me|Follow Me|p2a: Follow me
|-singleturn|p2a: Follow me|move: Follow Me
|move|p1b: Sneasler|Dire Claw|p2a: Follow me
|-damage|p2a: Follow me|60/100
|move|p1a: Volcarona|Quiver Dance|p1a: Volcarona
|-boost|p1a: Volcarona|spa|1
|-boost|p1a: Volcarona|spd|1
|-boost|p1a: Volcarona|spe|1
|move|p2b: Gallade|Trick Room|p2b: Gallade
|-fieldstart|move: Trick Room|[of] p2b: Gallade
|
|upkeep
|turn|2
|inactive|PokeLucho has 30 seconds left.
|
|t:|1756216565
|switch|p2a: Hatterene|Hatterene, L50, F, shiny|100/100
|switch|p1b: Rillaboom|Rillaboom, L50, F|100/100
|-fieldstart|move: Grassy Terrain|[from] ability: Grassy Surge|[of] p1b: Rillaboom
|move|p2b: Gallade|Psycho Cut|p1b: Rillaboom
|-damage|p1b: Rillaboom|48/100
|move|p1a: Volcarona|Heat Wave|p2b: Gallade|[spread] p2a,p2b
|-damage|p2a: Hatterene|43/100
|-damage|p2b: Gallade|49/100
|
|-heal|p2a: Hatterene|49/100|[from] Grassy Terrain
|-heal|p2b: Gallade|55/100|[from] Grassy Terrain
|-heal|p1b: Rillaboom|54/100|[from] Grassy Terrain
|upkeep
|turn|3
|
|t:|1756216589
|switch|p2b: Follow me|Indeedee-F, L50, F, shiny|60/100
|-fieldstart|move: Psychic Terrain|[from] ability: Psychic Surge|[of] p2b: Follow me
|switch|p1b: Kingambit|Kingambit, L50, M|100/100
|move|p2a: Hatterene|Expanding Force|p1a: Volcarona|[spread] p1a
|-immune|p1b: Kingambit
|-damage|p1a: Volcarona|51/100
|-damage|p2a: Hatterene|39/100|[from] item: Life Orb
|move|p1a: Volcarona|Heat Wave|p2a: Hatterene|[spread] p2a,p2b
|-damage|p2a: Hatterene|0 fnt
|-damage|p2b: Follow me|11/100
|faint|p2a: Hatterene
|
|-heal|p1a: Volcarona|57/100|[from] item: Leftovers
|upkeep
|
|t:|1756216600
|switch|p2a: Gallade|Gallade, L50, M, shiny|55/100
|turn|4
|
|t:|1756216624
|switch|p1b: Rillaboom|Rillaboom, L50, F|54/100
|-fieldstart|move: Grassy Terrain|[from] ability: Grassy Surge|[of] p1b: Rillaboom
|move|p2b: Follow me|Psychic|p1a: Volcarona
|-damage|p1a: Volcarona|38/100
|move|p2a: Gallade|Sacred Sword|p1b: Rillaboom
|-damage|p1b: Rillaboom|0 fnt
|faint|p1b: Rillaboom
|move|p1a: Volcarona|Heat Wave|p2b: Follow me|[spread] p2a
|-miss|p1a: Volcarona|p2b: Follow me
|-damage|p2a: Gallade|5/100
|
|-heal|p2b: Follow me|17/100|[from] Grassy Terrain
|-heal|p2a: Gallade|10/100|[from] Grassy Terrain
|-heal|p1a: Volcarona|44/100|[from] Grassy Terrain
|-heal|p1a: Volcarona|50/100|[from] item: Leftovers
|upkeep
|inactive|PokeLucho has 30 seconds left.
|
|t:|1756216655
|switch|p1b: Kingambit|Kingambit, L50, M|100/100
|turn|5
|
|t:|1756216676
|move|p1b: Kingambit|Protect|p1b: Kingambit
|-singleturn|p1b: Kingambit|Protect
|move|p1a: Volcarona|Heat Wave|p2b: Follow me|[spread] p2a,p2b
|-damage|p2a: Gallade|0 fnt
|-damage|p2b: Follow me|0 fnt
|faint|p2a: Gallade
|faint|p2b: Follow me
|
|-heal|p1a: Volcarona|57/100|[from] Grassy Terrain
|-heal|p1a: Volcarona|63/100|[from] item: Leftovers
|-fieldend|move: Trick Room
|upkeep
|-message|ariexd forfeited.
|
|win|PokeLucho
|raw|PokeLucho's rating: 1086 → 1119(+33 for winning)
|raw|ariexd's rating: 1169 → 1138(-31 for losing)
|l|☆ariexd
|player|p2|
|l|☆PokeLucho
|player|p1|
|j|☆PokeLucho
|player|p1|PokeLucho|2|
