|j|☆grendel zolga
|j|☆cookie669
|html|grendel zolgacookie669    
|uhtml|bestof|Game 2 of a best-of-3
|t:|1756819217
|gametype|doubles
|player|p1|grendel zolga|clay|1178
|player|p2|cookie669|1|1052
|gen|9
|tier|[Gen 9] VGC 2025 Reg H (Bo3)
|rated|
|rule|Species Clause: Limit one of each Pokémon
|rule|Item Clause: Limit 1 of each item
|clearpoke
|poke|p1|Gyarados, L50, M|
|poke|p1|Indeedee, L50, M|
|poke|p1|Sneasler, L50, F|
|poke|p1|Tyranitar, L50, M|
|poke|p1|Ursaluna-Bloodmoon, L50, M|
|poke|p1|Volcarona, L50, F|
|poke|p2|Sneasler, L50, F|
|poke|p2|Gholdengo, L50|
|poke|p2|Rillaboom, L50, M|
|poke|p2|Dragonite, L50, M|
|poke|p2|Ninetales-Alola, L50, F|
|poke|p2|Arcanine-Hisui, L50, M|
|teampreview|4
|showteam|p1|Gyarados||SafetyGoggles|Intimidate|Taunt,ThunderWave,Waterfall,Protect|||M|||50|,,,,,Steel]Indeedee||ChoiceScarf|PsychicSurge|ExpandingForce,TeraBlast,Trick,Protect|||M|||50|,,,,,Psychic]Sneasler||PsychicSeed|Unburden|CloseCombat,DireClaw,ThroatChop,Protect|||F|||50|,,,,,Dark]Tyranitar||AssaultVest|SandStream|LowKick,TeraBlast,KnockOff,RockSlide|||M|||50|,,,,,Flying]Ursaluna-Bloodmoon||LifeOrb|MindsEye|HyperVoice,BloodMoon,EarthPower,Protect|||M|||50|,,,,,Normal]Volcarona||SitrusBerry|FlameBody|Overheat,StruggleBug,RagePowder,Tailwind|||F|||50|,,,,,Grass
|showteam|p2|Sneasler||WhiteHerb|Unburden|CloseCombat,DireClaw,Coaching,Protect|||F|||50|,,,,,Ghost]Gholdengo||GrassySeed|GoodasGold|NastyPlot,MakeItRain,ShadowBall,Protect||||||50|,,,,,Water]Rillaboom||AssaultVest|GrassySurge|FakeOut,GrassyGlide,DrumBeating,HighHorsepower|||M|||50|,,,,,Fire]Dragonite||LoadedDice|Multiscale|ScaleShot,StompingTantrum,Tailwind,Protect|||M|||50|,,,,,Ground]Ninetales-Alola||FocusSash|SnowWarning|Blizzard,IcyWind,Encore,AuroraVeil|||F|||50|,,,,,Ghost]Arcanine-Hisui||ClearAmulet|Intimidate|RockSlide,FlareBlitz,ExtremeSpeed,Protect|||M|||50|,,,,,Water
|inactive|Battle timer is ON: inactive players will automatically lose when time's up. (requested by cookie669)
|inactive|grendel zolga has 60 seconds left.
|inactive|cookie669 has 60 seconds left.
|c|☆cookie669|are you just waiting to see what i pick
|c|☆cookie669|because you can see?
|c|☆grendel zolga|see what?
|c|☆cookie669|what i input
|inactive|grendel zolga has 30 seconds left.
|inactive|cookie669 has 30 seconds left.
|c|☆cookie669|what are you waiting for
|c|☆grendel zolga|huh?
|inactive|grendel zolga has 20 seconds left.
|inactive|cookie669 has 20 seconds left.
|inactive|grendel zolga has 15 seconds left.
|inactive|cookie669 has 15 seconds left.
|inactive|cookie669 has 10 seconds left.
|inactive|cookie669 has 5 seconds left.
|
|t:|1756819308
|teamsize|p1|4
|teamsize|p2|4
|start
|switch|p1a: Pestilence|Sneasler, L50, F|100/100
|switch|p1b: Pythia|Indeedee, L50, M|100/100
|switch|p2a: Rillaboom|Rillaboom, L50, M, shiny|100/100
|switch|p2b: Gholdengo|Gholdengo, L50, shiny|100/100
|-fieldstart|move: Psychic Terrain|[from] ability: Psychic Surge|[of] p1b: Pythia
|-enditem|p1a: Pestilence|Psychic Seed
|-boost|p1a: Pestilence|spd|1|[from] item: Psychic Seed
|-fieldstart|move: Grassy Terrain|[from] ability: Grassy Surge|[of] p2a: Rillaboom
|-enditem|p2b: Gholdengo|Grassy Seed
|-boost|p2b: Gholdengo|def|1|[from] item: Grassy Seed
|turn|1
|inactive|cookie669 has 30 seconds left.
|
|t:|1756819340
|switch|p1b: Sirocco|Tyranitar, L50, M|100/100
|-weather|Sandstorm|[from] ability: Sand Stream|[of] p1b: Sirocco
|move|p1a: Pestilence|Protect|p1a: Pestilence
|-singleturn|p1a: Pestilence|Protect
|move|p2a: Rillaboom|Fake Out|p1a: Pestilence
|-activate|p1a: Pestilence|move: Protect
|move|p2b: Gholdengo|Nasty Plot|p2b: Gholdengo
|-boost|p2b: Gholdengo|spa|2
|
|-weather|Sandstorm|[upkeep]
|-damage|p1a: Pestilence|95/100|[from] Sandstorm
|-damage|p2a: Rillaboom|95/100|[from] Sandstorm
|-heal|p1a: Pestilence|100/100|[from] Grassy Terrain
|-heal|p2a: Rillaboom|100/100|[from] Grassy Terrain
|upkeep
|turn|2
|inactive|grendel zolga has 30 seconds left.
|inactive|cookie669 has 30 seconds left.
|inactive|grendel zolga has 20 seconds left.
|inactive|cookie669 has 20 seconds left.
|inactive|grendel zolga has 15 seconds left.
|inactive|cookie669 has 15 seconds left.
|inactive|cookie669 has 10 seconds left.
|
|t:|1756819388
|-terastallize|p1b: Sirocco|Flying
|move|p2b: Gholdengo|Protect|p2b: Gholdengo
|-singleturn|p2b: Gholdengo|Protect
|move|p1a: Pestilence|Close Combat|p2b: Gholdengo
|-activate|p2b: Gholdengo|move: Protect
|move|p2a: Rillaboom|Drum Beating|p1a: Pestilence
|-resisted|p1a: Pestilence
|-damage|p1a: Pestilence|56/100
|-unboost|p1a: Pestilence|spe|1
|move|p1b: Sirocco|Knock Off|p2b: Gholdengo
|-activate|p2b: Gholdengo|move: Protect
|
|-weather|Sandstorm|[upkeep]
|-damage|p1a: Pestilence|50/100|[from] Sandstorm
|-damage|p2a: Rillaboom|95/100|[from] Sandstorm
|-damage|p1b: Sirocco|95/100|[from] Sandstorm
|-heal|p1a: Pestilence|56/100|[from] Grassy Terrain
|-heal|p2a: Rillaboom|100/100|[from] Grassy Terrain
|upkeep
|turn|3
|inactive|cookie669 has 30 seconds left.
|
|t:|1756819419
|move|p1a: Pestilence|Dire Claw|p2a: Rillaboom
|-supereffective|p2a: Rillaboom
|-damage|p2a: Rillaboom|2/100
|move|p2a: Rillaboom|Drum Beating|p1b: Sirocco
|-resisted|p1b: Sirocco
|-damage|p1b: Sirocco|75/100
|-unboost|p1b: Sirocco|spe|1
|move|p2b: Gholdengo|Shadow Ball|p1b: Sirocco
|-damage|p1b: Sirocco|29/100
|move|p1b: Sirocco|Knock Off|p2b: Gholdengo
|-supereffective|p2b: Gholdengo
|-damage|p2b: Gholdengo|49/100
|
|-weather|Sandstorm|[upkeep]
|-damage|p1a: Pestilence|50/100|[from] Sandstorm
|-damage|p2a: Rillaboom|0 fnt|[from] Sandstorm
|-damage|p1b: Sirocco|23/100|[from] Sandstorm
|faint|p2a: Rillaboom
|-heal|p1a: Pestilence|56/100|[from] Grassy Terrain
|-heal|p2b: Gholdengo|56/100|[from] Grassy Terrain
|upkeep
|
|t:|1756819438
|switch|p2a: Ninetales|Ninetales-Alola, L50, F, shiny|100/100
|-weather|Snowscape|[from] ability: Snow Warning|[of] p2a: Ninetales
|turn|4
|inactive|grendel zolga has 30 seconds left.
|
|t:|1756819467
|move|p1a: Pestilence|Throat Chop|p2b: Gholdengo
|-supereffective|p2b: Gholdengo
|-damage|p2b: Gholdengo|19/100
|-start|p2b: Gholdengo|Throat Chop|[silent]
|move|p2a: Ninetales|Icy Wind|p1b: Sirocco|[spread] p1b
|-miss|p2a: Ninetales|p1a: Pestilence
|-supereffective|p1b: Sirocco
|-damage|p1b: Sirocco|3/100
|-unboost|p1b: Sirocco|spe|1
|move|p2b: Gholdengo|Make It Rain|p1b: Sirocco|[spread] p1a,p1b
|-damage|p1a: Pestilence|0 fnt
|-damage|p1b: Sirocco|0 fnt
|-unboost|p2b: Gholdengo|spa|1
|faint|p1a: Pestilence
|faint|p1b: Sirocco
|
|-weather|Snowscape|[upkeep]
|-heal|p2b: Gholdengo|25/100|[from] Grassy Terrain
|upkeep
|
|t:|1756819478
|switch|p1a: Pythia|Indeedee, L50, M|100/100
|switch|p1b: Tsukuyomi|Ursaluna-Bloodmoon, L50, M|100/100
|-fieldstart|move: Psychic Terrain|[from] ability: Psychic Surge|[of] p1a: Pythia
|turn|5
|
|t:|1756819496
|move|p2b: Gholdengo|Protect|p2b: Gholdengo
|-singleturn|p2b: Gholdengo|Protect
|move|p1a: Pythia|Expanding Force|p2b: Gholdengo|[spread] p2a
|-activate|p2b: Gholdengo|move: Protect
|-damage|p2a: Ninetales|34/100
|move|p2a: Ninetales|Icy Wind|p1a: Pythia|[spread] p1a,p1b
|-supereffective|p1b: Tsukuyomi
|-damage|p1a: Pythia|80/100
|-damage|p1b: Tsukuyomi|59/100
|-unboost|p1a: Pythia|spe|1
|-unboost|p1b: Tsukuyomi|spe|1
|move|p1b: Tsukuyomi|Hyper Voice|p2b: Gholdengo|[spread] p2a
|-activate|p2b: Gholdengo|move: Protect
|-damage|p2a: Ninetales|0 fnt
|faint|p2a: Ninetales
|-damage|p1b: Tsukuyomi|50/100|[from] item: Life Orb
|
|-weather|Snowscape|[upkeep]
|-end|p2b: Gholdengo|Throat Chop|[silent]
|upkeep
|
|t:|1756819512
|switch|p2a: Sneasler|Sneasler, L50, F, shiny|100/100
|turn|6
|
|t:|1756819527
|move|p2a: Sneasler|Dire Claw|p1a: Pythia
|-damage|p1a: Pythia|0 fnt
|faint|p1a: Pythia
|move|p2b: Gholdengo|Make It Rain|p1b: Tsukuyomi
|-damage|p1b: Tsukuyomi|0 fnt
|-unboost|p2b: Gholdengo|spa|1
|faint|p1b: Tsukuyomi
|
|win|cookie669
||grendel zolga is ready for game 3.
||cookie669 is ready for game 3.
|uhtml|next|Next: Game 3 of 3
|l|☆cookie669
|player|p2|
