|j|‽yungleandoer96
|j|☆i still have it
|html|yungleandoer96i still have it    
|uhtml|bestof|Game 2 of a best-of-3
|t:|1757767913
|gametype|doubles
|player|p1|yungleandoer96|pokemonbreeder-gen4|1270
|player|p2|i still have it|benga|1315
|gen|9
|tier|[Gen 9] VGC 2025 Reg H (Bo3)
|rated|
|rule|Species Clause: Limit one of each Pokémon
|rule|Item Clause: Limit 1 of each item
|clearpoke
|poke|p1|Incineroar, L50, M|
|poke|p1|Amoonguss, L50, M|
|poke|p1|Ursaluna-Bloodmoon, L50, M|
|poke|p1|Sneasler, L50, F|
|poke|p1|Gholdengo, L50|
|poke|p1|Dragonite, L50, F|
|poke|p2|Rillaboom, L50, M|
|poke|p2|Dragonite, L50, F|
|poke|p2|Incineroar, L50, M|
|poke|p2|Sneasler, L50, M|
|poke|p2|Kingambit, L50, M|
|poke|p2|Volcarona, L50, F|
|teampreview|4
|showteam|p1|Incineroar||SafetyGoggles|Intimidate|FlareBlitz,KnockOff,PartingShot,FakeOut|||M|||50|,,,,,Ghost]Amoonguss||SitrusBerry|Regenerator|Spore,RagePowder,PollenPuff,Protect|||M|||50|,,,,,Psychic]Ursaluna-Bloodmoon||AssaultVest|MindsEye|HyperVoice,BloodMoon,EarthPower,VacuumWave|||M|||50|,,,,,Water]Sneasler||FocusSash|Unburden|CloseCombat,DireClaw,FakeOut,Protect|||F|||50|,,,,,Stellar]Gholdengo||LifeOrb|GoodasGold|MakeItRain,ShadowBall,NastyPlot,Protect||||||50|,,,,,Water]Dragonite||LoadedDice|Multiscale|ScaleShot,Tailwind,Haze,Protect|||F|||50|,,,,,Fairy
|showteam|p2|Rillaboom||AssaultVest|GrassySurge|WoodHammer,Uturn,FakeOut,GrassyGlide|||M|||50|,,,,,Fire]Dragonite||LoadedDice|Multiscale|ScaleShot,Tailwind,Haze,Protect|||F|||50|,,,,,Steel]Incineroar||SafetyGoggles|Intimidate|FlareBlitz,KnockOff,FakeOut,PartingShot|||M|||50|,,,,,Ghost]Sneasler||FocusSash|PoisonTouch|CloseCombat,DireClaw,Coaching,Protect|||M|||50|,,,,,Stellar]Kingambit||DreadPlate|Defiant|KowtowCleave,SwordsDance,SuckerPunch,Protect|||M|||50|,,,,,Dark]Volcarona||CovertCloak|FlameBody|QuiverDance,HeatWave,TeraBlast,Protect|||F|||50|,,,,,Fairy
|
|t:|1757767943
|teamsize|p1|4
|teamsize|p2|4
|start
|switch|p1a: Sneasler|Sneasler, L50, F|100/100
|switch|p1b: Incineroar|Incineroar, L50, M|100/100
|switch|p2a: Incineroar|Incineroar, L50, M|100/100
|switch|p2b: Volcarona|Volcarona, L50, F|100/100
|-ability|p2a: Incineroar|Intimidate|boost
|-unboost|p1a: Sneasler|atk|1
|-unboost|p1b: Incineroar|atk|1
|-ability|p1b: Incineroar|Intimidate|boost
|-unboost|p2a: Incineroar|atk|1
|-unboost|p2b: Volcarona|atk|1
|turn|1
|inactive|Battle timer is ON: inactive players will automatically lose when time's up. (requested by i still have it)
|
|t:|1757767965
|-terastallize|p2a: Incineroar|Ghost
|move|p1a: Sneasler|Fake Out|p2a: Incineroar
|-immune|p2a: Incineroar
|move|p2a: Incineroar|Fake Out|p1b: Incineroar
|-damage|p1b: Incineroar|93/100
|move|p2b: Volcarona|Quiver Dance|p2b: Volcarona
|-boost|p2b: Volcarona|spa|1
|-boost|p2b: Volcarona|spd|1
|-boost|p2b: Volcarona|spe|1
|cant|p1b: Incineroar|flinch
|
|upkeep
|turn|2
|
|t:|1757767989
|move|p2b: Volcarona|Protect|p2b: Volcarona
|-singleturn|p2b: Volcarona|Protect
|move|p1a: Sneasler|Protect|p1a: Sneasler
|-singleturn|p1a: Sneasler|Protect
|move|p2a: Incineroar|Flare Blitz|p1a: Sneasler
|-activate|p1a: Sneasler|move: Protect
|move|p1b: Incineroar|Parting Shot|p2b: Volcarona
|-activate|p2b: Volcarona|move: Protect
|
|upkeep
|turn|3
|inactive|yungleandoer96 has 30 seconds left.
|
|t:|1757768023
|move|p2b: Volcarona|Heat Wave|p1a: Sneasler|[spread] p1a,p1b
|-resisted|p1b: Incineroar
|-damage|p1a: Sneasler|29/100
|-damage|p1b: Incineroar|70/100
|move|p1a: Sneasler|Dire Claw|p2b: Volcarona
|-damage|p2b: Volcarona|67/100
|move|p2a: Incineroar|Knock Off|p1a: Sneasler
|-resisted|p1a: Sneasler
|-damage|p1a: Sneasler|6/100
|-enditem|p1a: Sneasler|Focus Sash|[from] move: Knock Off|[of] p2a: Incineroar
|move|p1b: Incineroar|Flare Blitz|p2b: Volcarona
|-damage|p2b: Volcarona|31/100
|-damage|p1b: Incineroar|59/100|[from] Recoil
|
|upkeep
|turn|4
|
|t:|1757768047
|move|p1a: Sneasler|Protect|p1a: Sneasler
|-singleturn|p1a: Sneasler|Protect
|move|p2b: Volcarona|Heat Wave|p1a: Sneasler|[spread] p1b
|-activate|p1a: Sneasler|move: Protect
|-resisted|p1b: Incineroar
|-damage|p1b: Incineroar|38/100
|move|p2a: Incineroar|Parting Shot|p1b: Incineroar
|-unboost|p1b: Incineroar|atk|1
|-unboost|p1b: Incineroar|spa|1
|
|t:|1757768058
|switch|p2a: Sneasler|Sneasler, L50, M|100/100|[from] Parting Shot
|move|p1b: Incineroar|Parting Shot|p2a: Sneasler
|-unboost|p2a: Sneasler|atk|1
|-unboost|p2a: Sneasler|spa|1
|
|t:|1757768064
|switch|p1b: Dragonite|Dragonite, L50, F|100/100|[from] Parting Shot
|
|upkeep
|turn|5
|
|t:|1757768077
|switch|p1a: Incineroar|Incineroar, L50, M|38/100
|-ability|p1a: Incineroar|Intimidate|boost
|-unboost|p2a: Sneasler|atk|1
|-unboost|p2b: Volcarona|atk|1
|move|p2b: Volcarona|Heat Wave|p1a: Incineroar|[spread] p1a,p1b
|-resisted|p1a: Incineroar
|-resisted|p1b: Dragonite
|-damage|p1a: Incineroar|17/100
|-damage|p1b: Dragonite|86/100
|move|p2a: Sneasler|Dire Claw|p1b: Dragonite
|-damage|p1b: Dragonite|62/100
|-status|p1b: Dragonite|psn|[from] ability: Poison Touch|[of] p2a: Sneasler
|move|p1b: Dragonite|Tailwind|p1b: Dragonite
|-sidestart|p1: yungleandoer96|move: Tailwind
|
|-damage|p1b: Dragonite|50/100 psn|[from] psn
|upkeep
|turn|6
|
|t:|1757768098
|switch|p2a: Incineroar|Incineroar, L50, M, tera:Ghost|100/100
|-ability|p2a: Incineroar|Intimidate|boost
|-unboost|p1a: Incineroar|atk|1
|-unboost|p1b: Dragonite|atk|1
|move|p2b: Volcarona|Protect|p2b: Volcarona
|-singleturn|p2b: Volcarona|Protect
|move|p1a: Incineroar|Fake Out|p2a: Incineroar
|-immune|p2a: Incineroar
|move|p1b: Dragonite|Scale Shot|p2b: Volcarona
|-activate|p2b: Volcarona|move: Protect
|
|-damage|p1b: Dragonite|37/100 psn|[from] psn
|upkeep
|turn|7
|inactive|i still have it has 30 seconds left.
|inactive|i still have it has 20 seconds left.
|inactive|i still have it has 15 seconds left.
|
|t:|1757768139
|switch|p2b: Rillaboom|Rillaboom, L50, M|100/100
|-fieldstart|move: Grassy Terrain|[from] ability: Grassy Surge|[of] p2b: Rillaboom
|move|p1b: Dragonite|Scale Shot|p2b: Rillaboom
|-damage|p2b: Rillaboom|90/100
|-damage|p2b: Rillaboom|80/100
|-damage|p2b: Rillaboom|70/100
|-damage|p2b: Rillaboom|60/100
|-damage|p2b: Rillaboom|50/100
|-hitcount|p2b: Rillaboom|5
|-unboost|p1b: Dragonite|def|1
|-boost|p1b: Dragonite|spe|1
|move|p1a: Incineroar|Flare Blitz|p2b: Rillaboom
|-supereffective|p2b: Rillaboom
|-damage|p2b: Rillaboom|0 fnt
|faint|p2b: Rillaboom
|-damage|p1a: Incineroar|0 fnt|[from] Recoil
|faint|p1a: Incineroar
|move|p2a: Incineroar|Knock Off|p1b: Dragonite
|-damage|p1b: Dragonite|0 fnt
|-enditem|p1b: Dragonite|Loaded Dice|[from] move: Knock Off|[of] p2a: Incineroar
|faint|p1b: Dragonite
|
|upkeep
|
|t:|1757768158
|switch|p1b: Sneasler|Sneasler, L50, F|6/100
|switch|p2b: Volcarona|Volcarona, L50, F|31/100
|switch|p1a: Ursaluna|Ursaluna-Bloodmoon, L50, M|100/100
|turn|8
|inactive|yungleandoer96 has 30 seconds left.
|inactive|i still have it has 30 seconds left.
|
|t:|1757768189
|move|p1b: Sneasler|Protect|p1b: Sneasler
|-singleturn|p1b: Sneasler|Protect
|move|p2b: Volcarona|Protect|p2b: Volcarona
|-singleturn|p2b: Volcarona|Protect
|move|p2a: Incineroar|Fake Out||[still]
|-hint|Fake Out only works on your first turn out.
|-fail|p2a: Incineroar
|move|p1a: Ursaluna|Blood Moon|p2a: Incineroar
|-damage|p2a: Incineroar|31/100
|
|-heal|p1b: Sneasler|12/100|[from] Grassy Terrain
|-heal|p2b: Volcarona|37/100|[from] Grassy Terrain
|-heal|p2a: Incineroar|37/100|[from] Grassy Terrain
|-sideend|p1: yungleandoer96|move: Tailwind
|upkeep
|turn|9
|
|t:|1757768205
|move|p1b: Sneasler|Dire Claw|p2b: Volcarona
|-crit|p2b: Volcarona
|-damage|p2b: Volcarona|0 fnt
|faint|p2b: Volcarona
|move|p2a: Incineroar|Flare Blitz|p1b: Sneasler
|-damage|p1b: Sneasler|0 fnt
|faint|p1b: Sneasler
|-damage|p2a: Incineroar|34/100|[from] Recoil
|move|p1a: Ursaluna|Hyper Voice|p2a: Incineroar
|-damage|p2a: Incineroar|0 fnt
|faint|p2a: Incineroar
|
|upkeep
|
|t:|1757768211
|switch|p2b: Sneasler|Sneasler, L50, M|100/100
|turn|10
|
|t:|1757768217
|-terastallize|p1a: Ursaluna|Water
|move|p2b: Sneasler|Close Combat|p1a: Ursaluna
|-damage|p1a: Ursaluna|56/100
|-unboost|p2b: Sneasler|def|1
|-unboost|p2b: Sneasler|spd|1
|-status|p1a: Ursaluna|psn|[from] ability: Poison Touch|[of] p2b: Sneasler
|move|p1a: Ursaluna|Earth Power|p2b: Sneasler
|-supereffective|p2b: Sneasler
|-enditem|p2b: Sneasler|Focus Sash
|-damage|p2b: Sneasler|1/100
|
|-heal|p2b: Sneasler|7/100|[from] Grassy Terrain
|-heal|p1a: Ursaluna|61/100 psn|[from] Grassy Terrain
|-damage|p1a: Ursaluna|49/100 psn|[from] psn
|upkeep
|turn|11
|
|t:|1757768223
|move|p1a: Ursaluna|Vacuum Wave|p2b: Sneasler
|-resisted|p2b: Sneasler
|-damage|p2b: Sneasler|0 fnt
|faint|p2b: Sneasler
|
|win|yungleandoer96
||yungleandoer96 is ready for game 3.
||i still have it is ready for game 3.
|uhtml|next|Next: Game 3 of 3
|l|‽yungleandoer96
|player|p1|
