|j|☆Interceptor555
|j|☆Shadow of metrunui
|html|Interceptor555Shadow of metrunui    
|uhtml|bestof|Game 2 of a best-of-3
|t:|1756683407
|gametype|doubles
|player|p1|Interceptor555|steven|
|player|p2|Shadow of metrunui|170|
|gen|9
|tier|[Gen 9] VGC 2025 Reg H (Bo3)
|rule|Species Clause: Limit one of each Pokémon
|rule|Item Clause: Limit 1 of each item
|clearpoke
|poke|p1|Dragonite, L50, F|
|poke|p1|Sceptile, L50, M|
|poke|p1|Archaludon, L50, F|
|poke|p1|Pelipper, L50, M|
|poke|p1|Beartic, L50, F|
|poke|p1|Farigiraf, L50, M|
|poke|p2|Whimsicott, L50, M|
|poke|p2|Hydreigon, L50, F|
|poke|p2|Garchomp, L50, F|
|poke|p2|Mienshao, L50, M|
|poke|p2|Incineroar, L50, M|
|poke|p2|Gholdengo, L50|
|teampreview|4
|showteam|p1|Dragonite||WeaknessPolicy|InnerFocus|ExtremeSpeed,IceSpinner,Protect,Tailwind|||F|||50|,,,,,Normal]Sceptile||FocusSash|Unburden|DragonCheer,UpperHand,Acrobatics,Protect|||M|||50|,,,,,Flying]Archaludon||AssaultVest|Stamina|BodyPress,DracoMeteor,ElectroShot,FlashCannon|||F|||50|,,,,,Stellar]Pelipper||SafetyGoggles|Drizzle|Hurricane,WeatherBall,WideGuard,Uturn|||M|||50|,,,,,Ground]Beartic||ClearAmulet|SwiftSwim|CloseCombat,Liquidation,IcicleCrash,Protect|||F|||50|,,,,,Water]Farigiraf||Leftovers|ArmorTail|PsychicNoise,Protect,TrickRoom,Imprison|||M|||50|,,,,,Dark
|showteam|p2|Whimsicott||CovertCloak|Prankster|Tailwind,Taunt,Moonblast,Encore|||M|||50|,,,,,Ghost]Hydreigon||SafetyGoggles|Levitate|DragonPulse,Snarl,Protect,HeatWave|||F|||50|,,,,,Steel]Garchomp||LifeOrb|RoughSkin|Earthquake,StompingTantrum,Protect,DragonClaw|||F|||50|,,,,,Grass]Mienshao||FocusSash|InnerFocus|CloseCombat,FakeOut,IceSpinner,Protect|||M|||50|,,,,,Grass]Incineroar||RockyHelmet|Intimidate|FakeOut,FlareBlitz,KnockOff,PartingShot|||M|||50|,,,,,Ghost]Gholdengo||MetalCoat|GoodasGold|MakeItRain,Protect,ShadowBall,NastyPlot||||||50|,,,,,Steel
|
|t:|1756683453
|teamsize|p1|4
|teamsize|p2|4
|start
|switch|p1a: Sceptile|Sceptile, L50, M|100/100
|switch|p1b: Dragonite|Dragonite, L50, F|100/100
|switch|p2a: Gholdengo|Gholdengo, L50|100/100
|switch|p2b: Incineroar|Incineroar, L50, M|100/100
|-ability|p2b: Incineroar|Intimidate|boost
|-unboost|p1a: Sceptile|atk|1
|-fail|p1b: Dragonite|unboost|Attack|[from] ability: Inner Focus|[of] p1b: Dragonite
|turn|1
|
|t:|1756683514
|-terastallize|p2b: Incineroar|Ghost
|move|p1a: Sceptile|Upper Hand||[still]
|-fail|p1a: Sceptile
|move|p2a: Gholdengo|Nasty Plot|p2a: Gholdengo
|-boost|p2a: Gholdengo|spa|2
|move|p1b: Dragonite|Tailwind|p1b: Dragonite
|-sidestart|p1: Interceptor555|move: Tailwind
|move|p2b: Incineroar|Knock Off|p1a: Sceptile
|-damage|p1a: Sceptile|11/100
|-enditem|p1a: Sceptile|Focus Sash|[from] move: Knock Off|[of] p2b: Incineroar
|
|upkeep
|turn|2
|
|t:|1756683621
|move|p1b: Dragonite|Protect|p1b: Dragonite
|-singleturn|p1b: Dragonite|Protect
|move|p1a: Sceptile|Dragon Cheer|p1b: Dragonite
|-start|p1b: Dragonite|move: Dragon Cheer
|move|p2a: Gholdengo|Make It Rain|p1b: Dragonite|[spread] p1a
|-activate|p1b: Dragonite|move: Protect
|-damage|p1a: Sceptile|0 fnt
|-unboost|p2a: Gholdengo|spa|1
|faint|p1a: Sceptile
|move|p2b: Incineroar|Parting Shot|p1b: Dragonite
|-activate|p1b: Dragonite|move: Protect
|
|upkeep
|
|t:|1756683634
|switch|p1a: Pelipper|Pelipper, L50, M|100/100
|-weather|RainDance|[from] ability: Drizzle|[of] p1a: Pelipper
|turn|3
|
|t:|1756683672
|-terastallize|p1b: Dragonite|Normal
|move|p1b: Dragonite|Extreme Speed|p2b: Incineroar
|-immune|p2b: Incineroar
|move|p1a: Pelipper|Weather Ball|p2a: Gholdengo
|-damage|p2a: Gholdengo|41/100
|move|p2a: Gholdengo|Shadow Ball|p1a: Pelipper
|-damage|p1a: Pelipper|19/100
|move|p2b: Incineroar|Knock Off|p1a: Pelipper
|-crit|p1a: Pelipper
|-damage|p1a: Pelipper|0 fnt
|-enditem|p1a: Pelipper|Safety Goggles|[from] move: Knock Off|[of] p2b: Incineroar
|faint|p1a: Pelipper
|
|-weather|RainDance|[upkeep]
|upkeep
|
|t:|1756683686
|switch|p1a: Archaludon|Archaludon, L50, F|100/100
|turn|4
|
|t:|1756683727
|move|p2a: Gholdengo|Protect|p2a: Gholdengo
|-singleturn|p2a: Gholdengo|Protect
|move|p1b: Dragonite|Ice Spinner|p2b: Incineroar
|-damage|p2b: Incineroar|68/100
|-damage|p1b: Dragonite|84/100|[from] item: Rocky Helmet|[of] p2b: Incineroar
|move|p1a: Archaludon|Electro Shot||[still]
|-prepare|p1a: Archaludon|Electro Shot
|-boost|p1a: Archaludon|spa|1
|-anim|p1a: Archaludon|Electro Shot|p2a: Gholdengo
|-activate|p2a: Gholdengo|move: Protect
|move|p2b: Incineroar|Knock Off|p1b: Dragonite
|-damage|p1b: Dragonite|41/100
|-enditem|p1b: Dragonite|Weakness Policy|[from] move: Knock Off|[of] p2b: Incineroar
|
|-weather|RainDance|[upkeep]
|-sideend|p1: Interceptor555|move: Tailwind
|upkeep
|turn|5
|
|t:|1756683790
|move|p2a: Gholdengo|Make It Rain|p1b: Dragonite|[spread] p1a,p1b
|-resisted|p1a: Archaludon
|-damage|p1a: Archaludon|76/100
|-damage|p1b: Dragonite|0 fnt
|-unboost|p2a: Gholdengo|spa|1
|-ability|p1a: Archaludon|Stamina|boost
|-boost|p1a: Archaludon|def|1
|faint|p1b: Dragonite
|move|p1a: Archaludon|Electro Shot||[still]
|-prepare|p1a: Archaludon|Electro Shot
|-boost|p1a: Archaludon|spa|1
|-anim|p1a: Archaludon|Electro Shot|p2a: Gholdengo
|-damage|p2a: Gholdengo|0 fnt
|faint|p2a: Gholdengo
|move|p2b: Incineroar|Flare Blitz|p1a: Archaludon
|-damage|p1a: Archaludon|63/100
|-ability|p1a: Archaludon|Stamina|boost
|-boost|p1a: Archaludon|def|1
|-damage|p2b: Incineroar|64/100|[from] Recoil
|
|-weather|RainDance|[upkeep]
|upkeep
|
|t:|1756683813
|switch|p2a: Hydreigon|Hydreigon, L50, F|100/100
|turn|6
|
|t:|1756683840
|switch|p2b: Mienshao|Mienshao, L50, M|100/100
|move|p2a: Hydreigon|Heat Wave|p1a: Archaludon|[miss]
|-miss|p2a: Hydreigon|p1a: Archaludon
|move|p1a: Archaludon|Body Press|p2a: Hydreigon
|-supereffective|p2a: Hydreigon
|-damage|p2a: Hydreigon|7/100
|
|-weather|RainDance|[upkeep]
|upkeep
|turn|7
|
|t:|1756683874
|move|p2b: Mienshao|Close Combat|p1a: Archaludon
|-supereffective|p1a: Archaludon
|-damage|p1a: Archaludon|17/100
|-unboost|p2b: Mienshao|def|1
|-unboost|p2b: Mienshao|spd|1
|-ability|p1a: Archaludon|Stamina|boost
|-boost|p1a: Archaludon|def|1
|move|p2a: Hydreigon|Heat Wave|p1a: Archaludon
|-damage|p1a: Archaludon|7/100
|-ability|p1a: Archaludon|Stamina|boost
|-boost|p1a: Archaludon|def|1
|move|p1a: Archaludon|Draco Meteor|p2b: Mienshao
|-enditem|p2b: Mienshao|Focus Sash
|-damage|p2b: Mienshao|1/100
|-unboost|p1a: Archaludon|spa|2
|
|-weather|none
|upkeep
|turn|8
|
|t:|1756683893
|move|p2b: Mienshao|Ice Spinner|p1a: Archaludon
|-damage|p1a: Archaludon|0 fnt
|faint|p1a: Archaludon
|
|win|Shadow of metrunui
|l|☆Interceptor555
|player|p1|
