|j|☆cocacolaindahhouse
|j|☆XB493
|html|cocacolaindahhouseXB493    
|uhtml|bestof|Game 3 of a best-of-3
|t:|1756237475
|gametype|doubles
|player|p1|cocacolaindahhouse|169|1242
|player|p2|XB493|norman|1273
|gen|9
|tier|[Gen 9] VGC 2025 Reg H (Bo3)
|rated|
|rule|Species Clause: Limit one of each Pokémon
|rule|Item Clause: Limit 1 of each item
|clearpoke
|poke|p1|Ursaluna, L50, M|
|poke|p1|Dragonite, L50, M|
|poke|p1|Archaludon, L50, M|
|poke|p1|Sinistcha, L50|
|poke|p1|Pelipper, L50, M|
|poke|p1|Gholdengo, L50|
|poke|p2|Archaludon, L50, F|
|poke|p2|Pelipper, L50, M|
|poke|p2|Amoonguss, L50, F|
|poke|p2|Kingambit, L50, M|
|poke|p2|Sneasler, L50, M|
|poke|p2|Basculegion, L50, M|
|teampreview|4
|showteam|p1|Ursaluna||FlameOrb|Guts|Facade,Protect,HeadlongRush,Earthquake|||M|||50|,,,,,Ghost]Dragonite||LoadedDice|Multiscale|ScaleShot,Protect,Haze,Tailwind|||M|||50|,,,,,Fairy]Archaludon||AssaultVest|Stamina|FlashCannon,BodyPress,ElectroShot,Snarl|||M|||50|,,,,,Fighting]Sinistcha||SitrusBerry|Hospitality|LifeDew,MatchaGotcha,TrickRoom,RagePowder||||||50|,,,,,Dark]Pelipper||FocusSash|Drizzle|Hurricane,Tailwind,MuddyWater,Protect|||M|||50|,,,,,Ghost]Gholdengo||ChoiceScarf|GoodasGold|MakeItRain,ShadowBall,Trick,TeraBlast||||||50|,,,,,Water
|showteam|p2|Archaludon||AssaultVest|Stamina|ElectroShot,DracoMeteor,FlashCannon,BodyPress|||F|||50|,,,,,Bug]Pelipper||FocusSash|Drizzle|WideGuard,WeatherBall,Hurricane,Tailwind|||M|||50|,,,,,Ghost]Amoonguss||SitrusBerry|Regenerator|ClearSmog,PollenPuff,RagePowder,Spore|||F|||50|,,,,,Water]Kingambit||BlackGlasses|Defiant|KowtowCleave,LowKick,SuckerPunch,IronHead|||M|||50|,,,,,Ghost]Sneasler||WhiteHerb|Unburden|FakeOut,CloseCombat,DireClaw,Taunt|||M|||50|,,,,,Dark]Basculegion||MysticWater|SwiftSwim|WaveCrash,LastRespects,AquaJet,Protect|||M|||50|,,,,,Water
|inactive|Battle timer is ON: inactive players will automatically lose when time's up. (requested by XB493)
|
|t:|1756237509
|teamsize|p1|4
|teamsize|p2|4
|start
|switch|p1a: Dragonite|Dragonite, L50, M|100/100
|switch|p1b: Archaludon|Archaludon, L50, M|100/100
|switch|p2a: Archaludon|Archaludon, L50, F, shiny|100/100
|switch|p2b: Amoonguss|Amoonguss, L50, F, shiny|100/100
|turn|1
|inactive|cocacolaindahhouse has 30 seconds left.
|
|t:|1756237539
|move|p2b: Amoonguss|Rage Powder|p2b: Amoonguss
|-singleturn|p2b: Amoonguss|move: Rage Powder
|move|p1a: Dragonite|Scale Shot|p2b: Amoonguss
|-damage|p2b: Amoonguss|88/100
|-damage|p2b: Amoonguss|75/100
|-damage|p2b: Amoonguss|61/100
|-damage|p2b: Amoonguss|47/100
|-enditem|p2b: Amoonguss|Sitrus Berry|[eat]
|-heal|p2b: Amoonguss|72/100|[from] item: Sitrus Berry
|-hitcount|p2b: Amoonguss|4
|-unboost|p1a: Dragonite|def|1
|-boost|p1a: Dragonite|spe|1
|move|p2a: Archaludon|Draco Meteor|p1b: Archaludon
|-damage|p1b: Archaludon|53/100
|-unboost|p2a: Archaludon|spa|2
|-ability|p1b: Archaludon|Stamina|boost
|-boost|p1b: Archaludon|def|1
|move|p1b: Archaludon|Body Press|p2b: Amoonguss
|-resisted|p2b: Amoonguss
|-damage|p2b: Amoonguss|54/100
|
|upkeep
|turn|2
|inactive|cocacolaindahhouse has 30 seconds left.
|inactive|XB493 has 30 seconds left.
|inactive|XB493 has 20 seconds left.
|inactive|XB493 has 15 seconds left.
|inactive|XB493 has 10 seconds left.
|
|t:|1756237587
|move|p2b: Amoonguss|Rage Powder|p2b: Amoonguss
|-singleturn|p2b: Amoonguss|move: Rage Powder
|move|p1a: Dragonite|Scale Shot|p2b: Amoonguss|[miss]
|-miss|p1a: Dragonite|p2b: Amoonguss
|move|p2a: Archaludon|Body Press|p1b: Archaludon
|-supereffective|p1b: Archaludon
|-damage|p1b: Archaludon|33/100
|-ability|p1b: Archaludon|Stamina|boost
|-boost|p1b: Archaludon|def|1
|move|p1b: Archaludon|Body Press|p2b: Amoonguss
|-resisted|p2b: Amoonguss
|-damage|p2b: Amoonguss|30/100
|
|upkeep
|turn|3
|
|t:|1756237604
|switch|p2a: Basculegion|Basculegion, L50, M|100/100
|move|p1a: Dragonite|Scale Shot|p2b: Amoonguss
|-damage|p2b: Amoonguss|16/100
|-damage|p2b: Amoonguss|4/100
|-damage|p2b: Amoonguss|0 fnt
|faint|p2b: Amoonguss
|-hitcount|p2: Amoonguss|3
|-unboost|p1a: Dragonite|def|1
|-boost|p1a: Dragonite|spe|1
|move|p1b: Archaludon|Body Press|p2a: Basculegion
|-immune|p2a: Basculegion
|
|upkeep
|
|t:|1756237615
|switch|p2b: Pelipper|Pelipper, L50, M, shiny|100/100
|-weather|RainDance|[from] ability: Drizzle|[of] p2b: Pelipper
|turn|4
|
|t:|1756237631
|switch|p1a: Sinistcha|Sinistcha, L50|100/100
|-heal|p1b: Archaludon|58/100|[from] ability: Hospitality|[of] p1a: Sinistcha
|move|p2a: Basculegion|Protect|p2a: Basculegion
|-singleturn|p2a: Basculegion|Protect
|move|p2b: Pelipper|Tailwind|p2b: Pelipper
|-sidestart|p2: XB493|move: Tailwind
|move|p1b: Archaludon|Electro Shot||[still]
|-prepare|p1b: Archaludon|Electro Shot
|-boost|p1b: Archaludon|spa|1
|-anim|p1b: Archaludon|Electro Shot|p2a: Basculegion
|-activate|p2a: Basculegion|move: Protect
|
|-weather|RainDance|[upkeep]
|upkeep
|turn|5
|inactive|cocacolaindahhouse has 30 seconds left.
|inactive|XB493 has 30 seconds left.
|inactive|cocacolaindahhouse has 20 seconds left.
|
|t:|1756237667
|switch|p1a: Pelipper|Pelipper, L50, M|100/100
|move|p2a: Basculegion|Last Respects|p1a: Pelipper
|-damage|p1a: Pelipper|32/100
|move|p2b: Pelipper|Hurricane|p1b: Archaludon
|-resisted|p1b: Archaludon
|-damage|p1b: Archaludon|41/100
|-start|p1b: Archaludon|confusion
|-ability|p1b: Archaludon|Stamina|boost
|-boost|p1b: Archaludon|def|1
|-activate|p1b: Archaludon|confusion
|-damage|p1b: Archaludon|39/100|[from] confusion
|
|-weather|RainDance|[upkeep]
|upkeep
|turn|6
|inactive|cocacolaindahhouse has 30 seconds left.
|
|t:|1756237697
|switch|p2a: Archaludon|Archaludon, L50, F, shiny|100/100
|switch|p1a: Sinistcha|Sinistcha, L50|100/100
|-heal|p1b: Archaludon|64/100|[from] ability: Hospitality|[of] p1a: Sinistcha
|move|p2b: Pelipper|Hurricane|p1a: Sinistcha
|-supereffective|p1a: Sinistcha
|-damage|p1a: Sinistcha|9/100
|-enditem|p1a: Sinistcha|Sitrus Berry|[eat]
|-heal|p1a: Sinistcha|34/100|[from] item: Sitrus Berry
|-activate|p1b: Archaludon|confusion
|move|p1b: Archaludon|Electro Shot||[still]
|-prepare|p1b: Archaludon|Electro Shot
|-boost|p1b: Archaludon|spa|1
|-anim|p1b: Archaludon|Electro Shot|p2a: Archaludon
|-resisted|p2a: Archaludon
|-damage|p2a: Archaludon|74/100
|-ability|p2a: Archaludon|Stamina|boost
|-boost|p2a: Archaludon|def|1
|
|-weather|RainDance|[upkeep]
|upkeep
|turn|7
|inactive|cocacolaindahhouse has 30 seconds left.
|inactive|XB493 has 30 seconds left.
|inactive|cocacolaindahhouse has 20 seconds left.
|inactive|cocacolaindahhouse has 15 seconds left.
|inactive|cocacolaindahhouse has 10 seconds left.
|inactive|cocacolaindahhouse has 5 seconds left.
|
|t:|1756237748
|move|p1a: Sinistcha|Rage Powder|p1a: Sinistcha
|-singleturn|p1a: Sinistcha|move: Rage Powder
|move|p2b: Pelipper|Hurricane|p1a: Sinistcha
|-supereffective|p1a: Sinistcha
|-damage|p1a: Sinistcha|0 fnt
|faint|p1a: Sinistcha
|move|p2a: Archaludon|Draco Meteor|p1b: Archaludon
|-damage|p1b: Archaludon|10/100
|-unboost|p2a: Archaludon|spa|2
|-ability|p1b: Archaludon|Stamina|boost
|-boost|p1b: Archaludon|def|1
|-activate|p1b: Archaludon|confusion
|move|p1b: Archaludon|Body Press|p2a: Archaludon
|-supereffective|p2a: Archaludon
|-damage|p2a: Archaludon|0 fnt
|faint|p2a: Archaludon
|
|-weather|RainDance|[upkeep]
|-sideend|p2: XB493|move: Tailwind
|upkeep
|inactive|cocacolaindahhouse has 30 seconds left.
|
|t:|1756237773
|switch|p2a: Basculegion|Basculegion, L50, M|100/100
|switch|p1a: Pelipper|Pelipper, L50, M|32/100
|turn|8
|inactive|cocacolaindahhouse has 30 seconds left.
|
|t:|1756237808
|move|p2a: Basculegion|Last Respects|p1b: Archaludon
|-damage|p1b: Archaludon|0 fnt
|faint|p1b: Archaludon
|move|p2b: Pelipper|Tailwind|p2b: Pelipper
|-sidestart|p2: XB493|move: Tailwind
|move|p1a: Pelipper|Hurricane|p2a: Basculegion
|-damage|p2a: Basculegion|50/100
|
|-weather|none
|upkeep
|
|t:|1756237820
|switch|p1b: Dragonite|Dragonite, L50, M|100/100
|turn|9
|
|t:|1756237841
|move|p2a: Basculegion|Protect|p2a: Basculegion
|-singleturn|p2a: Basculegion|Protect
|move|p1b: Dragonite|Protect|p1b: Dragonite
|-singleturn|p1b: Dragonite|Protect
|move|p1a: Pelipper|Protect|p1a: Pelipper
|-singleturn|p1a: Pelipper|Protect
|move|p2b: Pelipper|Hurricane|p1a: Pelipper
|-activate|p1a: Pelipper|move: Protect
|
|upkeep
|turn|10
|
|t:|1756237858
|move|p2b: Pelipper|Hurricane|p1b: Dragonite|[miss]
|-miss|p2b: Pelipper|p1b: Dragonite
|move|p2a: Basculegion|Last Respects|p1a: Pelipper
|-damage|p1a: Pelipper|0 fnt
|faint|p1a: Pelipper
|move|p1b: Dragonite|Scale Shot|p2a: Basculegion
|-damage|p2a: Basculegion|31/100
|-damage|p2a: Basculegion|13/100
|-damage|p2a: Basculegion|0 fnt
|faint|p2a: Basculegion
|-hitcount|p2: Basculegion|3
|-unboost|p1b: Dragonite|def|1
|-boost|p1b: Dragonite|spe|1
|
|upkeep
|turn|11
|
|t:|1756237875
|move|p1b: Dragonite|Protect|p1b: Dragonite
|-singleturn|p1b: Dragonite|Protect
|move|p2b: Pelipper|Hurricane|p1b: Dragonite
|-activate|p1b: Dragonite|move: Protect
|
|-sideend|p2: XB493|move: Tailwind
|upkeep
|turn|12
|
|t:|1756237885
|move|p1b: Dragonite|Scale Shot|p2b: Pelipper|[miss]
|-miss|p1b: Dragonite|p2b: Pelipper
|move|p2b: Pelipper|Hurricane|p1b: Dragonite
|-damage|p1b: Dragonite|75/100
|
|upkeep
|turn|13
|
|t:|1756237894
|move|p1b: Dragonite|Scale Shot|p2b: Pelipper
|-damage|p2b: Pelipper|78/100
|-damage|p2b: Pelipper|60/100
|-damage|p2b: Pelipper|40/100
|-damage|p2b: Pelipper|19/100
|-hitcount|p2b: Pelipper|4
|-unboost|p1b: Dragonite|def|1
|-boost|p1b: Dragonite|spe|1
|move|p2b: Pelipper|Hurricane|p1b: Dragonite|[miss]
|-miss|p2b: Pelipper|p1b: Dragonite
|
|upkeep
|turn|14
|c|☆XB493|gg
|
|t:|1756237908
|move|p1b: Dragonite|Scale Shot|p2b: Pelipper
|-damage|p2b: Pelipper|0 fnt
|faint|p2b: Pelipper
|-hitcount|p2: Pelipper|1
|
|win|cocacolaindahhouse
|raw|cocacolaindahhouse's rating: 1242 → 1269(+27 for winning)
|raw|XB493's rating: 1273 → 1246(-27 for losing)
|c|☆cocacolaindahhouse|gg
|l|☆XB493
|player|p2|
