|j|☆TeyVgc
|j|☆25th_mang
|html|TeyVgc25th_mang    
|uhtml|bestof|Game 1 of a best-of-3
|t:|1757175485
|gametype|doubles
|player|p1|TeyVgc|101|1241
|player|p2|25th_mang|ballguy|1145
|gen|9
|tier|[Gen 9] VGC 2025 Reg H (Bo3)
|rated|
|rule|Species Clause: Limit one of each Pokémon
|rule|Item Clause: Limit 1 of each item
|clearpoke
|poke|p1|Gholdengo, L50|
|poke|p1|Dragonite, L50, M|
|poke|p1|Sneasler, L50, M|
|poke|p1|Incineroar, L50, M|
|poke|p1|Indeedee, L50, M|
|poke|p1|Ninetales-Alola, L50, M|
|poke|p2|Pelipper, L50, F|
|poke|p2|Archaludon, L50, F|
|poke|p2|Quaquaval, L50, F|
|poke|p2|Kingambit, L50, F|
|poke|p2|Rillaboom, L50, F|
|poke|p2|Dragapult, L50, F|
|teampreview|4
|showteam|p1|Gholdengo||LifeOrb|GoodasGold|Protect,MakeItRain,ShadowBall,NastyPlot||||||50|,,,,,Water]Dragonite||LoadedDice|Multiscale|ScaleShot,Tailwind,Haze,Protect|||M|||50|,,,,,Fairy]Sneasler||PsychicSeed|Unburden|Protect,DireClaw,CloseCombat,ThroatChop|||M|||50|,,,,,Dark]Incineroar||SafetyGoggles|Intimidate|KnockOff,PartingShot,FlareBlitz,FakeOut|||M|||50|,,,,,Ghost]Indeedee||ChoiceScarf|PsychicSurge|Protect,Trick,TeraBlast,ExpandingForce|||M|||50|,,,,,Psychic]Ninetales-Alola||FocusSash|SnowWarning|Blizzard,IcyWind,Encore,AuroraVeil|||M|||50|,,,,,Ghost
|showteam|p2|Pelipper||ChoiceScarf|Drizzle|Hurricane,WeatherBall,Tailwind,Uturn|||F|||50|,,,,,Ghost]Archaludon||ChoiceSpecs|Sturdy|ElectroShot,FlashCannon,DracoMeteor,DragonPulse|||F|||50|,,,,,Electric]Quaquaval||FocusSash|Moxie|AquaStep,UpperHand,CloseCombat,Protect|||F|||50|,,,,,Water]Kingambit||BlackGlasses|Defiant|KowtowCleave,SuckerPunch,IronHead,Protect|||F|||50|,,,,,Dark]Rillaboom||AssaultVest|GrassySurge|FakeOut,WoodHammer,GrassyGlide,Uturn|||F|||50|,,,,,Fire]Dragapult||ChoiceBand|ClearBody|DragonDarts,Outrage,PhantomForce,Uturn|||F|||50|,,,,,Dragon
|inactive|Battle timer is ON: inactive players will automatically lose when time's up. (requested by 25th_mang)
|inactive|25th_mang has 60 seconds left.
|
|t:|1757175535
|teamsize|p1|4
|teamsize|p2|4
|start
|switch|p1a: Sneasler|Sneasler, L50, M|100/100
|switch|p1b: Incineroar|Incineroar, L50, M|100/100
|switch|p2a: jeongsachaeng|Dragapult, L50, F, shiny|100/100
|switch|p2b: mina|Kingambit, L50, F|100/100
|-ability|p1b: Incineroar|Intimidate|boost
|-fail|p2a: jeongsachaeng|unboost|[from] ability: Clear Body|[of] p2a: jeongsachaeng
|-unboost|p2b: mina|atk|1
|-ability|p2b: mina|Defiant|boost
|-boost|p2b: mina|atk|2
|turn|1
|inactive|TeyVgc has 30 seconds left.
|inactive|25th_mang has 30 seconds left.
|inactive|TeyVgc has 20 seconds left.
|inactive|25th_mang has 20 seconds left.
|inactive|TeyVgc has 15 seconds left.
|inactive|25th_mang has 15 seconds left.
|inactive|25th_mang has 10 seconds left.
|
|t:|1757175585
|-terastallize|p2a: jeongsachaeng|Dragon
|move|p1a: Sneasler|Protect|p1a: Sneasler
|-singleturn|p1a: Sneasler|Protect
|move|p2b: mina|Protect|p2b: mina
|-singleturn|p2b: mina|Protect
|move|p2a: jeongsachaeng|Dragon Darts|p1b: Incineroar
|-damage|p1b: Incineroar|53/100
|-anim|p2a: jeongsachaeng|Dragon Darts|p1b: Incineroar
|-damage|p1b: Incineroar|3/100
|move|p1b: Incineroar|Knock Off|p2a: jeongsachaeng
|-damage|p2a: jeongsachaeng|45/100
|-enditem|p2a: jeongsachaeng|Choice Band|[from] move: Knock Off|[of] p1b: Incineroar
|
|upkeep
|turn|2
|inactive|TeyVgc has 30 seconds left.
|inactive|25th_mang has 30 seconds left.
|inactive|TeyVgc has 20 seconds left.
|
|t:|1757175623
|switch|p1b: Indeedee|Indeedee, L50, M|100/100
|-fieldstart|move: Psychic Terrain|[from] ability: Psychic Surge|[of] p1b: Indeedee
|-enditem|p1a: Sneasler|Psychic Seed
|-boost|p1a: Sneasler|spd|1|[from] item: Psychic Seed
|move|p2b: mina|Sucker Punch|p1a: Sneasler
|-activate|p1a: Sneasler|move: Psychic Terrain
|move|p1a: Sneasler|Close Combat|p2a: jeongsachaeng
|-damage|p2a: jeongsachaeng|0 fnt
|-unboost|p1a: Sneasler|def|1
|-unboost|p1a: Sneasler|spd|1
|faint|p2a: jeongsachaeng
|
|upkeep
|
|t:|1757175638
|switch|p2a: jihyo|Rillaboom, L50, F, shiny|100/100
|-fieldstart|move: Grassy Terrain|[from] ability: Grassy Surge|[of] p2a: jihyo
|turn|3
|inactive|25th_mang has 30 seconds left.
|inactive|25th_mang has 20 seconds left.
|inactive|25th_mang has 15 seconds left.
|
|t:|1757175680
|switch|p1b: Incineroar|Incineroar, L50, M|3/100
|-ability|p1b: Incineroar|Intimidate|boost
|-unboost|p2a: jihyo|atk|1
|-unboost|p2b: mina|atk|1
|-ability|p2b: mina|Defiant|boost
|-boost|p2b: mina|atk|2
|move|p1a: Sneasler|Protect|p1a: Sneasler
|-singleturn|p1a: Sneasler|Protect
|move|p2a: jihyo|U-turn|p1b: Incineroar
|-damage|p1b: Incineroar|0 fnt
|faint|p1b: Incineroar
|
|t:|1757175687
|switch|p2a: dahyun|Pelipper, L50, F|100/100|[from] U-turn
|-weather|RainDance|[from] ability: Drizzle|[of] p2a: dahyun
|move|p2b: mina|Iron Head|p1a: Sneasler
|-activate|p1a: Sneasler|move: Protect
|
|-weather|RainDance|[upkeep]
|upkeep
|
|t:|1757175699
|switch|p1b: Ninetales|Ninetales-Alola, L50, M|100/100
|-weather|Snowscape|[from] ability: Snow Warning|[of] p1b: Ninetales
|turn|4
|inactive|25th_mang has 30 seconds left.
|
|t:|1757175731
|move|p1a: Sneasler|Close Combat|p2b: mina
|-supereffective|p2b: mina
|-damage|p2b: mina|0 fnt
|-unboost|p1a: Sneasler|def|1
|-unboost|p1a: Sneasler|spd|1
|faint|p2b: mina
|move|p2a: dahyun|Hurricane|p1a: Sneasler
|-supereffective|p1a: Sneasler
|-damage|p1a: Sneasler|0 fnt
|faint|p1a: Sneasler
|move|p1b: Ninetales|Blizzard|p2a: dahyun
|-damage|p2a: dahyun|32/100
|-status|p2a: dahyun|frz
|
|-weather|Snowscape|[upkeep]
|upkeep
|
|t:|1757175744
|switch|p1a: Indeedee|Indeedee, L50, M|100/100
|switch|p2b: jihyo|Rillaboom, L50, F, shiny|100/100
|-fieldstart|move: Psychic Terrain|[from] ability: Psychic Surge|[of] p1a: Indeedee
|-fieldstart|move: Grassy Terrain|[from] ability: Grassy Surge|[of] p2b: jihyo
|turn|5
|inactive|TeyVgc has 30 seconds left.
|
|t:|1757175770
|-terastallize|p1b: Ninetales|Ghost
|move|p1a: Indeedee|Expanding Force|p2b: jihyo
|-damage|p2b: jihyo|71/100
|cant|p2a: dahyun|frz
|move|p1b: Ninetales|Blizzard|p2b: jihyo|[spread] p2a,p2b
|-supereffective|p2b: jihyo
|-damage|p2a: dahyun|0 fnt
|-damage|p2b: jihyo|27/100
|faint|p2a: dahyun
|move|p2b: jihyo|U-turn|p1a: Indeedee
|-supereffective|p1a: Indeedee
|-damage|p1a: Indeedee|2/100
|
|-weather|Snowscape|[upkeep]
|-heal|p1a: Indeedee|8/100|[from] Grassy Terrain
|-heal|p2b: jihyo|32/100|[from] Grassy Terrain
|upkeep
|turn|6
|
|t:|1757175790
|move|p2b: jihyo|Grassy Glide|p1a: Indeedee
|-damage|p1a: Indeedee|0 fnt
|faint|p1a: Indeedee
|move|p1b: Ninetales|Blizzard|p2b: jihyo
|-supereffective|p2b: jihyo
|-damage|p2b: jihyo|0 fnt
|faint|p2b: jihyo
|
|win|TeyVgc
