|j|☆Luke693VGC
|j|☆TheLackluster7
|html|Luke693VGCTheLackluster7    
|uhtml|bestof|Game 3 of a best-of-3
|t:|1756923463
|gametype|doubles
|player|p1|Luke693VGC|cyclist-gen4|1151
|player|p2|TheLackluster7|juggler|1172
|gen|9
|tier|[Gen 9] VGC 2025 Reg H (Bo3)
|rated|
|rule|Species Clause: Limit one of each Pokémon
|rule|Item Clause: Limit 1 of each item
|clearpoke
|poke|p1|Archaludon, L50, F|
|poke|p1|Pelipper, L50, F|
|poke|p1|Basculegion, L50, M|
|poke|p1|Amoonguss, L50, M|
|poke|p1|Incineroar, L50, F|
|poke|p1|Gholdengo, L50|
|poke|p2|Pelipper, L50, M|
|poke|p2|Kingdra, L50, M|
|poke|p2|Archaludon, L50, M|
|poke|p2|Rillaboom, L50, M|
|poke|p2|Zoroark-Hisui, L50, M|
|poke|p2|Gastrodon, L50, F|
|teampreview|4
|showteam|p1|Archaludon||AssaultVest|Stamina|DragonPulse,ElectroShot,FlashCannon,BodyPress|||F|||50|,,,,,Grass]Pelipper||FocusSash|Drizzle|WeatherBall,Hurricane,Tailwind,Protect|||F|||50|,,,,,Stellar]Basculegion||ChoiceBand|SwiftSwim|WaveCrash,LastRespects,AquaJet,FlipTurn|||M|||50|,,,,,Water]Amoonguss||RockyHelmet|Regenerator|PollenPuff,RagePowder,Spore,Protect|||M|||50|,,,,,Water]Incineroar||SafetyGoggles|Intimidate|KnockOff,FakeOut,PartingShot,Taunt|||F|||50|,,,,,Ghost]Gholdengo||LifeOrb|GoodasGold|MakeItRain,ShadowBall,NastyPlot,Protect||||||50|,,,,,Water
|showteam|p2|Pelipper||CovertCloak|Drizzle|WideGuard,Tailwind,Hurricane,WeatherBall|||M|||50|,,,,,Electric]Kingdra||LifeOrb|SwiftSwim|IceBeam,WeatherBall,DragonPulse,Protect|||M|||50|,,,,,Poison]Archaludon||AssaultVest|Stamina|BodyPress,ElectroShot,DragonPulse,Snarl|||M|||50|,,,,,Grass]Rillaboom||MiracleSeed|GrassySurge|HighHorsepower,FakeOut,GrassyGlide,WoodHammer|||M|||50|,,,,,Fire]Zoroark-Hisui||FocusSash|Illusion|Protect,HyperVoice,ShadowBall,NastyPlot|||M|||50|,,,,,Stellar]Gastrodon||Leftovers|StormDrain|IceBeam,Protect,Surf,EarthPower|||F|||50|,,,,,Poison
|inactive|Battle timer is ON: inactive players will automatically lose when time's up. (requested by Luke693VGC)
|inactive|TheLackluster7 has 60 seconds left.
|inactive|TheLackluster7 has 30 seconds left.
|
|t:|1756923541
|teamsize|p1|4
|teamsize|p2|4
|start
|switch|p1a: Archaludon|Archaludon, L50, F|100/100
|switch|p1b: Amoonguss|Amoonguss, L50, M|100/100
|switch|p2a: Rillaboom|Rillaboom, L50, M|100/100
|switch|p2b: Archaludon|Archaludon, L50, M|100/100
|-fieldstart|move: Grassy Terrain|[from] ability: Grassy Surge|[of] p2a: Rillaboom
|turn|1
|inactive|Luke693VGC has 30 seconds left.
|inactive|Luke693VGC has 20 seconds left.
|inactive|Luke693VGC has 15 seconds left.
|inactive|TheLackluster7 has 30 seconds left.
|
|t:|1756923587
|move|p2a: Rillaboom|Fake Out|p1b: Amoonguss
|-damage|p1b: Amoonguss|88/100
|-damage|p2a: Rillaboom|84/100|[from] item: Rocky Helmet|[of] p1b: Amoonguss
|move|p1a: Archaludon|Electro Shot||[still]
|-prepare|p1a: Archaludon|Electro Shot
|-boost|p1a: Archaludon|spa|1
|move|p2b: Archaludon|Dragon Pulse|p1a: Archaludon
|-damage|p1a: Archaludon|70/100
|-ability|p1a: Archaludon|Stamina|boost
|-boost|p1a: Archaludon|def|1
|cant|p1b: Amoonguss|flinch
|
|-heal|p1a: Archaludon|76/100|[from] Grassy Terrain
|-heal|p2a: Rillaboom|90/100|[from] Grassy Terrain
|-heal|p1b: Amoonguss|94/100|[from] Grassy Terrain
|upkeep
|turn|2
|inactive|TheLackluster7 has 30 seconds left.
|inactive|Luke693VGC has 30 seconds left.
|
|t:|1756923619
|-terastallize|p2b: Archaludon|Grass
|move|p1a: Archaludon|Electro Shot|p2a: Rillaboom|[from] lockedmove
|-resisted|p2a: Rillaboom
|-damage|p2a: Rillaboom|51/100
|move|p2a: Rillaboom|High Horsepower|p1a: Archaludon
|-supereffective|p1a: Archaludon
|-damage|p1a: Archaludon|42/100
|-ability|p1a: Archaludon|Stamina|boost
|-boost|p1a: Archaludon|def|1
|move|p2b: Archaludon|Snarl|p1a: Archaludon|[spread] p1a,p1b
|-damage|p1a: Archaludon|33/100
|-damage|p1b: Amoonguss|83/100
|-unboost|p1a: Archaludon|spa|1
|-unboost|p1b: Amoonguss|spa|1
|-ability|p1a: Archaludon|Stamina|boost
|-boost|p1a: Archaludon|def|1
|move|p1b: Amoonguss|Spore|p2b: Archaludon
|-immune|p2b: Archaludon
|
|-heal|p1a: Archaludon|40/100|[from] Grassy Terrain
|-heal|p2a: Rillaboom|57/100|[from] Grassy Terrain
|-heal|p1b: Amoonguss|89/100|[from] Grassy Terrain
|upkeep
|turn|3
|inactive|Luke693VGC has 30 seconds left.
|inactive|TheLackluster7 has 30 seconds left.
|inactive|Luke693VGC has 20 seconds left.
|inactive|Luke693VGC has 15 seconds left.
|inactive|TheLackluster7 has 20 seconds left.
|
|t:|1756923661
|-terastallize|p1a: Archaludon|Grass
|move|p1a: Archaludon|Body Press|p2a: Rillaboom
|-damage|p2a: Rillaboom|0 fnt
|faint|p2a: Rillaboom
|move|p2b: Archaludon|Snarl|p1a: Archaludon|[spread] p1a,p1b
|-damage|p1a: Archaludon|31/100
|-damage|p1b: Amoonguss|77/100
|-unboost|p1a: Archaludon|spa|1
|-unboost|p1b: Amoonguss|spa|1
|-ability|p1a: Archaludon|Stamina|boost
|-boost|p1a: Archaludon|def|1
|move|p1b: Amoonguss|Pollen Puff|p1a: Archaludon
|-heal|p1a: Archaludon|81/100
|
|-heal|p1a: Archaludon|87/100|[from] Grassy Terrain
|-heal|p1b: Amoonguss|83/100|[from] Grassy Terrain
|upkeep
|
|t:|1756923675
|switch|p2a: Kingdra|Kingdra, L50, M|100/100
|turn|4
|
|t:|1756923690
|move|p2a: Kingdra|Nasty Plot|p2a: Kingdra
|-boost|p2a: Kingdra|spa|2
|move|p1a: Archaludon|Body Press|p2a: Kingdra
|-immune|p2a: Kingdra
|move|p2b: Archaludon|Snarl|p1b: Amoonguss|[spread] p1a,p1b
|-damage|p1a: Archaludon|78/100
|-damage|p1b: Amoonguss|72/100
|-unboost|p1a: Archaludon|spa|1
|-unboost|p1b: Amoonguss|spa|1
|-ability|p1a: Archaludon|Stamina|boost
|-boost|p1a: Archaludon|def|1
|move|p1b: Amoonguss|Pollen Puff|p1a: Archaludon
|-heal|p1a: Archaludon|100/100
|
|-heal|p1b: Amoonguss|78/100|[from] Grassy Terrain
|upkeep
|turn|5
|inactive|Luke693VGC has 30 seconds left.
|inactive|TheLackluster7 has 30 seconds left.
|inactive|Luke693VGC has 20 seconds left.
|inactive|TheLackluster7 has 20 seconds left.
|inactive|Luke693VGC has 15 seconds left.
|inactive|TheLackluster7 has 15 seconds left.
|
|t:|1756923732
|move|p2a: Kingdra|Shadow Ball|p1b: Amoonguss
|-damage|p1b: Amoonguss|12/100
|move|p1a: Archaludon|Dragon Pulse|p2a: Kingdra
|-damage|p2a: Kingdra|61/100
|replace|p2a: Zoroark|Zoroark-Hisui, L50, M
|-end|p2a: Zoroark|Illusion
|move|p2b: Archaludon|Dragon Pulse|p1b: Amoonguss
|-damage|p1b: Amoonguss|0 fnt
|faint|p1b: Amoonguss
|
|-heal|p2a: Zoroark|67/100|[from] Grassy Terrain
|-fieldend|move: Grassy Terrain
|upkeep
|
|t:|1756923748
|switch|p1b: Incineroar|Incineroar, L50, F|100/100
|-ability|p1b: Incineroar|Intimidate|boost
|-unboost|p2a: Zoroark|atk|1
|-unboost|p2b: Archaludon|atk|1
|turn|6
|
|t:|1756923767
|move|p2a: Zoroark|Protect|p2a: Zoroark
|-singleturn|p2a: Zoroark|Protect
|move|p1a: Archaludon|Body Press|p2b: Archaludon
|-damage|p2b: Archaludon|45/100
|-ability|p2b: Archaludon|Stamina|boost
|-boost|p2b: Archaludon|def|1
|move|p2b: Archaludon|Body Press|p1b: Incineroar
|-supereffective|p1b: Incineroar
|-damage|p1b: Incineroar|37/100
|move|p1b: Incineroar|Knock Off|p2a: Zoroark
|-activate|p2a: Zoroark|move: Protect
|
|upkeep
|turn|7
|inactive|Luke693VGC has 30 seconds left.
|
|t:|1756923797
|switch|p1b: Gholdengo|Gholdengo, L50|100/100
|move|p2a: Zoroark|Hyper Voice|p1b: Gholdengo|[spread] p1a
|-immune|p1b: Gholdengo
|-damage|p1a: Archaludon|58/100
|-ability|p1a: Archaludon|Stamina|boost
|-boost|p1a: Archaludon|def|1
|move|p1a: Archaludon|Dragon Pulse|p2a: Zoroark
|-damage|p2a: Zoroark|21/100
|move|p2b: Archaludon|Body Press|p1b: Gholdengo
|-immune|p1b: Gholdengo
|
|upkeep
|turn|8
|inactive|Luke693VGC has 30 seconds left.
|inactive|Luke693VGC has 20 seconds left.
|inactive|Luke693VGC has 15 seconds left.
|inactive|Luke693VGC has 10 seconds left.
|
|t:|1756923844
|move|p2a: Zoroark|Shadow Ball|p1a: Archaludon
|-damage|p1a: Archaludon|2/100
|-unboost|p1a: Archaludon|spd|1
|move|p1b: Gholdengo|Make It Rain|p2b: Archaludon|[spread] p2a,p2b
|-crit|p2a: Zoroark
|-damage|p2a: Zoroark|0 fnt
|-damage|p2b: Archaludon|5/100
|-unboost|p1b: Gholdengo|spa|1
|-ability|p2b: Archaludon|Stamina|boost
|-boost|p2b: Archaludon|def|1
|faint|p2a: Zoroark
|-damage|p1b: Gholdengo|91/100|[from] item: Life Orb
|move|p1a: Archaludon|Body Press|p2b: Archaludon
|-damage|p2b: Archaludon|0 fnt
|faint|p2b: Archaludon
|
|upkeep
|
|t:|1756923859
|switch|p2b: Kingdra|Kingdra, L50, M|100/100
|turn|9
|
|t:|1756923871
|move|p1b: Gholdengo|Protect|p1b: Gholdengo
|-singleturn|p1b: Gholdengo|Protect
|move|p2b: Kingdra|Dragon Pulse|p1a: Archaludon
|-damage|p1a: Archaludon|0 fnt
|faint|p1a: Archaludon
|-damage|p2b: Kingdra|91/100|[from] item: Life Orb
|
|upkeep
|
|t:|1756923878
|switch|p1a: Incineroar|Incineroar, L50, F|37/100
|-ability|p1a: Incineroar|Intimidate|boost
|-unboost|p2b: Kingdra|atk|1
|turn|10
|
|t:|1756923895
|move|p1a: Incineroar|Fake Out|p2b: Kingdra
|-damage|p2b: Kingdra|77/100
|cant|p2b: Kingdra|flinch
|move|p1b: Gholdengo|Nasty Plot|p1b: Gholdengo
|-boost|p1b: Gholdengo|spa|2
|
|upkeep
|turn|11
|-message|TheLackluster7 forfeited.
|
|win|Luke693VGC
|raw|Luke693VGC's rating: 1151 → 1178(+27 for winning)
|raw|TheLackluster7's rating: 1172 → 1145(-27 for losing)
